|j|☆braindeadd
|j|☆hdlshshxvqjw
|t:|1750839528
|gametype|doubles
|player|p1|braindeadd|101|1619
|player|p2|hdlshshxvqjw|169|1630
|teamsize|p1|6
|teamsize|p2|6
|gen|9
|tier|[Gen 9] VGC 2025 Reg I
|rated|
|rule|Species Clause: Limit one of each Pokémon
|rule|Item Clause: Limit 1 of each item
|clearpoke
|poke|p1|Kyogre, L50|
|poke|p1|Calyrex-Shadow, L50|
|poke|p1|Indeedee-F, L50, F|
|poke|p1|Tornadus, L50, M|
|poke|p1|Urshifu-*, L50, M|
|poke|p1|Incineroar, L50, F|
|poke|p2|Ho-Oh, L50|
|poke|p2|Calyrex-Shadow, L50|
|poke|p2|Walking Wake, L50|
|poke|p2|Incineroar, L50, F|
|poke|p2|Landorus, L50, M|
|poke|p2|Toxapex, L50, F|
|teampreview|4
|inactive|Battle timer is ON: inactive players will automatically lose when time's up. (requested by braindeadd)
|
|t:|1750839551
|start
|switch|p1a: Tornadus|Tornadus, L50, M|100/100
|switch|p1b: Urshifu|Urshifu, L50, M|100/100
|switch|p2a: Calyrex|Calyrex-Shadow, L50|100/100
|switch|p2b: Toxapex|Toxapex, L50, F|100/100
|-ability|p2a: Calyrex|As One
|-ability|p2a: Calyrex|Unnerve
|turn|1
|l|☆braindeadd
|inactive|braindeadd disconnected and has a minute to reconnect!
|player|p1|
|j|☆braindeadd
|inactive|braindeadd reconnected and has 35 seconds left.
|player|p1|braindeadd|101|
|inactive|braindeadd has 30 seconds left.
|
|t:|1750839584
|move|p1a: Tornadus|Tailwind|p1a: Tornadus
|-sidestart|p1: braindeadd|move: Tailwind
|move|p1b: Urshifu|Wicked Blow|p2a: Calyrex
|-supereffective|p2a: Calyrex
|-crit|p2a: Calyrex
|-enditem|p2a: Calyrex|Focus Sash
|-damage|p2a: Calyrex|1/100
|-damage|p1b: Urshifu|91/100|[from] item: Life Orb
|move|p2a: Calyrex|Disable|p1b: Urshifu
|-start|p1b: Urshifu|Disable|Wicked Blow
|move|p2b: Toxapex|Infestation|p1b: Urshifu
|-crit|p1b: Urshifu
|-damage|p1b: Urshifu|84/100
|-activate|p1b: Urshifu|move: Infestation|[of] p2b: Toxapex
|
|-damage|p1b: Urshifu|72/100|[from] move: Infestation|[partiallytrapped]
|upkeep
|turn|2
|j| keltr1ck
|inactive|braindeadd has 30 seconds left.
|
|t:|1750839610
|switch|p2a: Ho-Oh|Ho-Oh, L50|100/100
|move|p1a: Tornadus|Taunt|p2b: Toxapex
|-start|p2b: Toxapex|move: Taunt
|-enditem|p2b: Toxapex|Mental Herb
|-end|p2b: Toxapex|move: Taunt
|move|p1b: Urshifu|Sucker Punch||[still]
|-fail|p1b: Urshifu
|move|p2b: Toxapex|Toxic Spikes|p1b: Urshifu
|-sidestart|p1: braindeadd|move: Toxic Spikes
|
|-damage|p1b: Urshifu|60/100|[from] move: Infestation|[partiallytrapped]
|upkeep
|turn|3
|
|t:|1750839630
|move|p1a: Tornadus|Taunt|p2b: Toxapex
|-start|p2b: Toxapex|move: Taunt
|move|p1b: Urshifu|Sucker Punch|p2a: Ho-Oh
|-damage|p2a: Ho-Oh|62/100
|-damage|p1b: Urshifu|50/100|[from] item: Life Orb
|move|p2a: Ho-Oh|Sacred Fire|p1a: Tornadus
|-damage|p1a: Tornadus|54/100
|move|p2b: Toxapex|Infestation|p1a: Tornadus
|-resisted|p1a: Tornadus
|-damage|p1a: Tornadus|52/100
|-activate|p1a: Tornadus|move: Infestation|[of] p2b: Toxapex
|
|-damage|p1a: Tornadus|40/100|[from] move: Infestation|[partiallytrapped]
|-damage|p1b: Urshifu|38/100|[from] move: Infestation|[partiallytrapped]
|upkeep
|turn|4
|inactive|braindeadd has 30 seconds left.
|
|t:|1750839659
|move|p1a: Tornadus|Rain Dance|p1a: Tornadus
|-weather|RainDance
|move|p1b: Urshifu|Sucker Punch||[still]
|-fail|p1b: Urshifu
|move|p2a: Ho-Oh|Recover|p2a: Ho-Oh
|-heal|p2a: Ho-Oh|100/100
|move|p2b: Toxapex|Infestation|p1b: Urshifu
|-damage|p1b: Urshifu|34/100
|
|-weather|RainDance|[upkeep]
|-damage|p1a: Tornadus|27/100|[from] move: Infestation|[partiallytrapped]
|-damage|p1b: Urshifu|22/100|[from] move: Infestation|[partiallytrapped]
|-sideend|p1: braindeadd|move: Tailwind
|upkeep
|turn|5
|j| Prasoooon
|
|t:|1750839679
|move|p1a: Tornadus|Taunt|p2a: Ho-Oh
|-start|p2a: Ho-Oh|move: Taunt
|move|p1b: Urshifu|Sucker Punch|p2a: Ho-Oh
|-damage|p2a: Ho-Oh|58/100
|-damage|p1b: Urshifu|13/100|[from] item: Life Orb
|move|p2a: Ho-Oh|Sacred Fire|p1a: Tornadus
|-damage|p1a: Tornadus|3/100
|move|p2b: Toxapex|Infestation|p1b: Urshifu
|-damage|p1b: Urshifu|9/100
|
|-weather|RainDance|[upkeep]
|-damage|p1a: Tornadus|0 fnt|[from] move: Infestation|[partiallytrapped]
|faint|p1a: Tornadus
|-damage|p1b: Urshifu|0 fnt|[from] move: Infestation|[partiallytrapped]
|faint|p1b: Urshifu
|-end|p2b: Toxapex|move: Taunt
|upkeep
|
|t:|1750839699
|switch|p1a: Calyrex|Calyrex-Shadow, L50|100/100
|switch|p1b: Kyogre|Kyogre, L50|100/100
|-ability|p1a: Calyrex|As One
|-ability|p1a: Calyrex|Unnerve
|-status|p1b: Kyogre|psn
|-status|p1a: Calyrex|psn
|turn|6
|
|t:|1750839714
|switch|p2a: Walking Wake|Walking Wake, L50|100/100
|-enditem|p2a: Walking Wake|Booster Energy
|-activate|p2a: Walking Wake|ability: Protosynthesis|[fromitem]
|-start|p2a: Walking Wake|protosynthesisspe
|-terastallize|p1b: Kyogre|Water
|-terastallize|p2b: Toxapex|Dark
|move|p2b: Toxapex|Wide Guard|p2b: Toxapex
|-singleturn|p2b: Toxapex|Wide Guard
|move|p1b: Kyogre|Tera Blast|p2a: Walking Wake|[anim] Tera Blast Water
|-resisted|p2a: Walking Wake
|-damage|p2a: Walking Wake|75/100
|move|p1a: Calyrex|Psychic|p2b: Toxapex
|-immune|p2b: Toxapex
|
|-weather|RainDance|[upkeep]
|-damage|p1b: Kyogre|88/100 psn|[from] psn
|-damage|p1a: Calyrex|88/100 psn|[from] psn
|upkeep
|turn|7
|inactive|braindeadd has 30 seconds left.
|inactive|hdlshshxvqjw has 30 seconds left.
|
|t:|1750839741
|move|p2a: Walking Wake|Sunny Day|p2a: Walking Wake
|-weather|SunnyDay
|move|p1b: Kyogre|Tera Blast|p2b: Toxapex|[anim] Tera Blast Water
|-damage|p2b: Toxapex|79/100
|move|p1a: Calyrex|Psychic|p2a: Walking Wake
|-damage|p2a: Walking Wake|10/100
|move|p2b: Toxapex|Infestation|p1b: Kyogre
|-damage|p1b: Kyogre|85/100 psn
|-activate|p1b: Kyogre|move: Infestation|[of] p2b: Toxapex
|
|-weather|SunnyDay|[upkeep]
|-damage|p1b: Kyogre|73/100 psn|[from] psn
|-damage|p1a: Calyrex|75/100 psn|[from] psn
|-damage|p1b: Kyogre|60/100 psn|[from] move: Infestation|[partiallytrapped]
|upkeep
|turn|8
|
|t:|1750839757
|move|p2a: Walking Wake|Protect|p2a: Walking Wake
|-singleturn|p2a: Walking Wake|Protect
|move|p2b: Toxapex|Baneful Bunker|p2b: Toxapex
|-singleturn|p2b: Toxapex|move: Protect
|move|p1b: Kyogre|Tera Blast|p2b: Toxapex|[anim] Tera Blast Water
|-activate|p2b: Toxapex|move: Protect
|move|p1a: Calyrex|Astral Barrage|p2b: Toxapex|[spread] 
|-activate|p2a: Walking Wake|move: Protect
|-activate|p2b: Toxapex|move: Protect
|
|-weather|SunnyDay|[upkeep]
|-damage|p1b: Kyogre|48/100 psn|[from] psn
|-damage|p1a: Calyrex|63/100 psn|[from] psn
|-damage|p1b: Kyogre|35/100 psn|[from] move: Infestation|[partiallytrapped]
|upkeep
|turn|9
|-message|braindeadd forfeited.
|
|win|hdlshshxvqjw
|raw|braindeadd's rating: 1619 &rarr; <strong>1600</strong><br />(-19 for losing)
|raw|hdlshshxvqjw's rating: 1630 &rarr; <strong>1649</strong><br />(+19 for winning)
|l|☆braindeadd
|player|p1|
|l|☆hdlshshxvqjw
|player|p2|
|l| keltr1ck
|l| Prasoooon
