|j|☆Chris Kinson
|j|☆radiomochi
|t:|1750763918
|gametype|doubles
|player|p1|Chris Kinson|marshal|1114
|player|p2|radiomochi|fisherman-gen4|1077
|teamsize|p1|6
|teamsize|p2|6
|gen|9
|tier|[Gen 9] VGC 2025 Reg I
|rated|
|rule|Species Clause: Limit one of each Pokémon
|rule|Item Clause: Limit 1 of each item
|clearpoke
|poke|p1|Koraidon, L50|
|poke|p1|Calyrex-Shadow, L50|
|poke|p1|Weezing-Galar, L50, M|
|poke|p1|Chi-Yu, L50|
|poke|p1|Walking Wake, L50|
|poke|p1|Brute Bonnet, L50|
|poke|p2|Terapagos, L50, M|
|poke|p2|Koraidon, L50|
|poke|p2|Ogerpon-Hearthflame, L50, F|
|poke|p2|Roaring Moon, L50|
|poke|p2|Farigiraf, L50, F|
|poke|p2|Rillaboom, L50, M|
|teampreview|4
|inactive|Battle timer is ON: inactive players will automatically lose when time's up. (requested by radiomochi)
|inactive|radiomochi has 60 seconds left.
|inactive|radiomochi has 30 seconds left.
|
|t:|1750763987
|start
|switch|p1a: Koraidon|Koraidon, L50|100/100
|switch|p1b: Weezing|Weezing-Galar, L50, M, shiny|100/100
|switch|p2a: Koraidon|Koraidon, L50|100/100
|switch|p2b: Roaring Moon|Roaring Moon, L50|100/100
|-ability|p1b: Weezing|Neutralizing Gas
|-block|p1a: Koraidon|item: Ability Shield
|-weather|SunnyDay|[from] ability: Orichalcum Pulse|[of] p1a: Koraidon
|-activate|p1a: Koraidon|Orichalcum Pulse|[source]
|turn|1
|inactive|Chris Kinson has 30 seconds left.
|
|t:|1750764015
|move|p1a: Koraidon|Protect|p1a: Koraidon
|-singleturn|p1a: Koraidon|Protect
|move|p2b: Roaring Moon|Tailwind|p2b: Roaring Moon
|-sidestart|p2: radiomochi|move: Tailwind
|move|p2a: Koraidon|Close Combat|p1a: Koraidon
|-activate|p1a: Koraidon|move: Protect
|move|p1b: Weezing|Play Rough|p2a: Koraidon
|-supereffective|p2a: Koraidon
|-damage|p2a: Koraidon|0 fnt
|faint|p2a: Koraidon
|
|-weather|SunnyDay|[upkeep]
|upkeep
|
|t:|1750764026
|switch|p2a: Rillaboom|Rillaboom, L50, M|100/100
|turn|2
|inactive|radiomochi has 30 seconds left.
|
|t:|1750764054
|-terastallize|p2a: Rillaboom|Fire
|-terastallize|p1a: Koraidon|Fire
|move|p1b: Weezing|Protect|p1b: Weezing
|-singleturn|p1b: Weezing|Protect
|move|p2a: Rillaboom|Fake Out|p1a: Koraidon
|-damage|p1a: Koraidon|90/100
|move|p2b: Roaring Moon|Knock Off|p1a: Koraidon
|-damage|p1a: Koraidon|57/100
|-enditem|p1a: Koraidon|Ability Shield|[from] move: Knock Off|[of] p2b: Roaring Moon
|cant|p1a: Koraidon|flinch
|
|-weather|SunnyDay|[upkeep]
|upkeep
|turn|3
|inactive|radiomochi has 30 seconds left.
|
|t:|1750764080
|move|p2b: Roaring Moon|Dragon Claw|p1a: Koraidon
|-damage|p1a: Koraidon|29/100
|move|p2a: Rillaboom|U-turn|p1b: Weezing
|-resisted|p1b: Weezing
|-damage|p1b: Weezing|96/100
|
|t:|1750764086
|switch|p2a: Terapagos|Terapagos, L50, M|100/100|[from] U-turn
|-activate|p2a: Terapagos|ability: Tera Shift
|detailschange|p2a: Terapagos|Terapagos-Terastal, L50, M
|-heal|p2a: Terapagos|100/100|[silent]
|move|p1a: Koraidon|Flare Blitz|p2a: Terapagos
|-damage|p2a: Terapagos|16/100
|-damage|p1a: Koraidon|3/100|[from] Recoil
|move|p1b: Weezing|Play Rough|p2b: Roaring Moon
|-supereffective|p2b: Roaring Moon
|-enditem|p2b: Roaring Moon|Focus Sash
|-damage|p2b: Roaring Moon|1/100
|
|-weather|SunnyDay|[upkeep]
|-heal|p2a: Terapagos|22/100|[from] item: Leftovers
|upkeep
|turn|4
|inactive|radiomochi has 30 seconds left.
|inactive|radiomochi has 20 seconds left.
|inactive|radiomochi has 15 seconds left.
|
|t:|1750764128
|move|p2a: Terapagos|Protect|p2a: Terapagos
|-singleturn|p2a: Terapagos|Protect
|move|p1a: Koraidon|Protect|p1a: Koraidon
|-singleturn|p1a: Koraidon|Protect
|move|p1b: Weezing|Protect|p1b: Weezing
|-singleturn|p1b: Weezing|Protect
|move|p2b: Roaring Moon|Knock Off|p1b: Weezing
|-activate|p1b: Weezing|move: Protect
|
|-weather|SunnyDay|[upkeep]
|-heal|p2a: Terapagos|29/100|[from] item: Leftovers
|-sideend|p2: radiomochi|move: Tailwind
|upkeep
|turn|5
|
|t:|1750764149
|switch|p2a: Rillaboom|Rillaboom, L50, M, tera:Fire|100/100
|move|p2b: Roaring Moon|Tailwind|p2b: Roaring Moon
|-sidestart|p2: radiomochi|move: Tailwind
|move|p1a: Koraidon|Flare Blitz|p2a: Rillaboom
|-resisted|p2a: Rillaboom
|-damage|p2a: Rillaboom|53/100
|-damage|p1a: Koraidon|0 fnt|[from] Recoil
|faint|p1a: Koraidon
|move|p1b: Weezing|Poison Gas|p2a: Rillaboom|[spread] p2a,p2b
|-status|p2a: Rillaboom|psn
|-status|p2b: Roaring Moon|psn
|
|-weather|none
|-damage|p2b: Roaring Moon|0 fnt|[from] psn
|faint|p2b: Roaring Moon
|-end|p2b: Roaring Moon|Protosynthesis|[silent]
|-damage|p2a: Rillaboom|40/100 psn|[from] psn
|upkeep
|
|t:|1750764165
|switch|p2b: Terapagos|Terapagos-Terastal, L50, M|29/100
|switch|p1a: Calyrex|Calyrex-Shadow, L50|100/100
|-ability|p1a: Calyrex|As One
|-ability|p1a: Calyrex|Unnerve
|turn|6
|inactive|Chris Kinson has 30 seconds left.
|
|t:|1750764198
|move|p1a: Calyrex|Protect|p1a: Calyrex
|-singleturn|p1a: Calyrex|Protect
|move|p1b: Weezing|Protect|p1b: Weezing
|-singleturn|p1b: Weezing|Protect
|move|p2a: Rillaboom|Fake Out|p1b: Weezing
|-activate|p1b: Weezing|move: Protect
|move|p2b: Terapagos|Calm Mind|p2b: Terapagos
|-boost|p2b: Terapagos|spa|1
|-boost|p2b: Terapagos|spd|1
|
|-heal|p2b: Terapagos|35/100|[from] item: Leftovers
|-damage|p2a: Rillaboom|28/100 psn|[from] psn
|upkeep
|turn|7
|
|t:|1750764222
|move|p2b: Terapagos|Protect|p2b: Terapagos
|-singleturn|p2b: Terapagos|Protect
|move|p2a: Rillaboom|Wood Hammer|p1b: Weezing
|-resisted|p1b: Weezing
|-damage|p1b: Weezing|74/100
|-damage|p2a: Rillaboom|21/100 psn|[from] Recoil
|move|p1a: Calyrex|Psychic|p2a: Rillaboom
|-damage|p2a: Rillaboom|0 fnt
|faint|p2a: Rillaboom
|-ability|p1a: Calyrex|Grim Neigh|boost
|-boost|p1a: Calyrex|spa|1
|move|p1b: Weezing|Poison Gas|p2b: Terapagos
|-activate|p2b: Terapagos|move: Protect
|
|-heal|p2b: Terapagos|41/100|[from] item: Leftovers
|upkeep
|turn|8
|
|t:|1750764246
|move|p2b: Terapagos|Earth Power|p1a: Calyrex
|-crit|p1a: Calyrex
|-damage|p1a: Calyrex|45/100
|-unboost|p1a: Calyrex|spd|1
|move|p1a: Calyrex|Psychic|p2b: Terapagos
|-damage|p2b: Terapagos|0 fnt
|faint|p2b: Terapagos
|
|win|Chris Kinson
|raw|Chris Kinson's rating: 1114 &rarr; <strong>1136</strong><br />(+22 for winning)
|raw|radiomochi's rating: 1077 &rarr; <strong>1058</strong><br />(-19 for losing)
|c|☆radiomochi|GGs
