|j|☆bunearyboicherry
|j|☆speciall4
|t:|1750797393
|gametype|doubles
|player|p1|bunearyboicherry|preschoolerf-gen6|1218
|player|p2|speciall4|li|1291
|teamsize|p1|6
|teamsize|p2|6
|gen|9
|tier|[Gen 9] VGC 2025 Reg I
|rated|
|rule|Species Clause: Limit one of each Pokémon
|rule|Item Clause: Limit 1 of each item
|clearpoke
|poke|p1|Primarina, L50, F|
|poke|p1|Meowscarada, L50, F|
|poke|p1|Lunala, L50|
|poke|p1|Calyrex-Ice, L50|
|poke|p1|Indeedee-F, L50, F|
|poke|p1|Gastrodon-East, L50, M|
|poke|p2|Miraidon, L50|
|poke|p2|Kyogre, L50|
|poke|p2|Sinistcha-Masterpiece, L50|
|poke|p2|Iron Hands, L50|
|poke|p2|Tornadus, L50, M|
|poke|p2|Volcarona, L50, F|
|teampreview|4
|inactive|Battle timer is ON: inactive players will automatically lose when time's up. (requested by speciall4)
|inactive|speciall4 has 60 seconds left.
|
|t:|1750797445
|start
|switch|p1a: Primarina|Primarina, L50, F|100/100
|switch|p1b: Meowscarada|Meowscarada, L50, F|100/100
|switch|p2a: Tornadus|Tornadus, L50, M|100/100
|switch|p2b: Miraidon|Miraidon, L50|100/100
|-fieldstart|move: Electric Terrain|[from] ability: Hadron Engine|[of] p2b: Miraidon
|turn|1
|inactive|speciall4 has 30 seconds left.
|inactive|speciall4 has 20 seconds left.
|
|t:|1750797480
|-terastallize|p1a: Primarina|Ground
|move|p2a: Tornadus|Protect|p2a: Tornadus
|-singleturn|p2a: Tornadus|Protect
|move|p2b: Miraidon|Electro Drift|p1b: Meowscarada
|-resisted|p1b: Meowscarada
|-damage|p1b: Meowscarada|27/100
|move|p1b: Meowscarada|Grass Pledge|p2b: Miraidon
|-waiting|p1b: Meowscarada|p1a: Primarina
|move|p1a: Primarina|Water Pledge|p2b: Miraidon|[from] move: Grass Pledge
|-combine
|-resisted|p2b: Miraidon
|-damage|p2b: Miraidon|51/100
|-sidestart|p2: speciall4|Grass Pledge
|-damage|p1a: Primarina|91/100|[from] item: Life Orb
|
|upkeep
|turn|2
|
|t:|1750797502
|switch|p2b: Volcarona|Volcarona, L50, F|100/100
|move|p1b: Meowscarada|Knock Off|p2a: Tornadus
|-damage|p2a: Tornadus|28/100
|-enditem|p2a: Tornadus|Sharp Beak|[from] move: Knock Off|[of] p1b: Meowscarada
|move|p1a: Primarina|Hyper Voice|p2a: Tornadus|[spread] p2a,p2b
|-supereffective|p2b: Volcarona
|-damage|p2a: Tornadus|0 fnt
|-damage|p2b: Volcarona|26/100
|faint|p2a: Tornadus
|-damage|p1a: Primarina|81/100|[from] item: Life Orb
|
|upkeep
|
|t:|1750797512
|switch|p2a: Iron Hands|Iron Hands, L50|100/100
|-activate|p2a: Iron Hands|ability: Quark Drive
|-start|p2a: Iron Hands|quarkdriveatk
|turn|3
|
|t:|1750797537
|move|p2b: Volcarona|Protect|p2b: Volcarona
|-singleturn|p2b: Volcarona|Protect
|move|p1b: Meowscarada|Acrobatics|p2b: Volcarona
|-activate|p2b: Volcarona|move: Protect
|move|p1a: Primarina|Hyper Voice|p2a: Iron Hands|[spread] p2a
|-activate|p2b: Volcarona|move: Protect
|-damage|p2a: Iron Hands|77/100
|-damage|p1a: Primarina|72/100|[from] item: Life Orb
|move|p2a: Iron Hands|Ice Punch|p1a: Primarina
|-supereffective|p1a: Primarina
|-damage|p1a: Primarina|0 fnt
|faint|p1a: Primarina
|
|upkeep
|
|t:|1750797540
|switch|p1a: Lunala|Lunala, L50|100/100
|turn|4
|inactive|speciall4 has 30 seconds left.
|
|t:|1750797570
|switch|p2b: Miraidon|Miraidon, L50|51/100
|-activate|p2b: Miraidon|ability: Hadron Engine
|-terastallize|p2a: Iron Hands|Dark
|move|p1b: Meowscarada|Flower Trick|p2a: Iron Hands
|-crit|p2a: Iron Hands
|-damage|p2a: Iron Hands|28/100
|move|p1a: Lunala|Meteor Beam||[still]
|-prepare|p1a: Lunala|Meteor Beam
|-boost|p1a: Lunala|spa|1
|-enditem|p1a: Lunala|Power Herb
|-anim|p1a: Lunala|Meteor Beam|p2b: Miraidon
|-damage|p2b: Miraidon|0 fnt
|faint|p2b: Miraidon
|move|p2a: Iron Hands|Drain Punch|p1b: Meowscarada
|-supereffective|p1b: Meowscarada
|-damage|p1b: Meowscarada|0 fnt
|-heal|p2a: Iron Hands|36/100|[from] drain|[of] p1b: Meowscarada
|faint|p1b: Meowscarada
|
|-sideend|p2: speciall4|Grass Pledge
|upkeep
|
|t:|1750797584
|switch|p2b: Volcarona|Volcarona, L50, F|26/100
|switch|p1b: Gastrodon|Gastrodon-East, L50, M|100/100
|turn|5
|inactive|speciall4 has 30 seconds left.
|
|t:|1750797615
|move|p1a: Lunala|Dazzling Gleam|p2b: Volcarona|[spread] p2a,p2b
|-supereffective|p2a: Iron Hands
|-resisted|p2b: Volcarona
|-damage|p2a: Iron Hands|8/100
|-damage|p2b: Volcarona|12/100
|move|p2b: Volcarona|Overheat|p1a: Lunala
|-damage|p1a: Lunala|76/100
|-unboost|p2b: Volcarona|spa|2
|move|p2a: Iron Hands|Drain Punch|p1b: Gastrodon
|-damage|p1b: Gastrodon|63/100
|-heal|p2a: Iron Hands|24/100|[from] drain|[of] p1b: Gastrodon
|move|p1b: Gastrodon|Muddy Water|p2a: Iron Hands|[spread] p2a,p2b
|-supereffective|p2b: Volcarona
|-damage|p2a: Iron Hands|12/100
|-damage|p2b: Volcarona|0 fnt
|-unboost|p2a: Iron Hands|accuracy|1
|faint|p2b: Volcarona
|
|-fieldend|move: Electric Terrain
|-end|p2a: Iron Hands|Quark Drive
|upkeep
|turn|6
|-message|speciall4 forfeited.
|
|win|bunearyboicherry
|raw|bunearyboicherry's rating: 1218 &rarr; <strong>1248</strong><br />(+30 for winning)
|raw|speciall4's rating: 1291 &rarr; <strong>1261</strong><br />(-30 for losing)
|l|☆speciall4
|player|p2|
|l|☆bunearyboicherry
|player|p1|
