|j|☆ZodiacSheep
|j|☆rebirthruby
|t:|1750744982
|gametype|doubles
|player|p1|ZodiacSheep|falkner|1655
|player|p2|rebirthruby|102|1554
|teamsize|p1|6
|teamsize|p2|6
|gen|9
|tier|[Gen 9] VGC 2025 Reg I
|rated|
|rule|Species Clause: Limit one of each Pokémon
|rule|Item Clause: Limit 1 of each item
|clearpoke
|poke|p1|Calyrex-Ice, L50|
|poke|p1|Kyogre, L50|
|poke|p1|Iron Jugulis, L50|
|poke|p1|Urshifu-*, L50, M|
|poke|p1|Rhyperior, L50, F|
|poke|p1|Amoonguss, L50, F|
|poke|p2|Miraidon, L50|
|poke|p2|Zamazenta-*, L50|
|poke|p2|Grimmsnarl, L50, M|
|poke|p2|Chien-Pao, L50|
|poke|p2|Volcarona, L50, M|
|poke|p2|Iron Hands, L50|
|teampreview|4
|inactive|Battle timer is ON: inactive players will automatically lose when time's up. (requested by ZodiacSheep)
|inactive|ZodiacSheep has 60 seconds left.
|inactive|rebirthruby has 60 seconds left.
|inactive|rebirthruby has 30 seconds left.
|inactive|rebirthruby has 20 seconds left.
|inactive|rebirthruby has 15 seconds left.
|inactive|rebirthruby has 10 seconds left.
|inactive|rebirthruby has 5 seconds left.
|
|t:|1750745072
|start
|switch|p1a: Calyrex|Calyrex-Ice, L50|100/100
|switch|p1b: Amoonguss|Amoonguss, L50, F, shiny|100/100
|switch|p2a: Miraidon|Miraidon, L50|100/100
|switch|p2b: Zamazenta|Zamazenta-Crowned, L50|100/100
|-ability|p1a: Calyrex|As One
|-ability|p1a: Calyrex|Unnerve
|-fieldstart|move: Electric Terrain|[from] ability: Hadron Engine|[of] p2a: Miraidon
|-ability|p2b: Zamazenta|Dauntless Shield|boost
|-boost|p2b: Zamazenta|def|1
|turn|1
|
|t:|1750745090
|move|p1a: Calyrex|Protect|p1a: Calyrex
|-singleturn|p1a: Calyrex|Protect
|move|p1b: Amoonguss|Protect|p1b: Amoonguss
|-singleturn|p1b: Amoonguss|Protect
|move|p2a: Miraidon|Draco Meteor|p1b: Amoonguss
|-activate|p1b: Amoonguss|move: Protect
|move|p2b: Zamazenta|Body Press|p1b: Amoonguss
|-activate|p1b: Amoonguss|move: Protect
|
|upkeep
|turn|2
|
|t:|1750745107
|move|p1b: Amoonguss|Rage Powder|p1b: Amoonguss
|-singleturn|p1b: Amoonguss|move: Rage Powder
|move|p2a: Miraidon|Draco Meteor|p1b: Amoonguss
|-damage|p1b: Amoonguss|0 fnt
|-unboost|p2a: Miraidon|spa|2
|faint|p1b: Amoonguss
|move|p2b: Zamazenta|Body Press|p1a: Calyrex
|-damage|p1a: Calyrex|53/100
|move|p1a: Calyrex|Trick Room|p1a: Calyrex
|-fieldstart|move: Trick Room|[of] p1a: Calyrex
|
|upkeep
|
|t:|1750745130
|switch|p1b: Kyogre|Kyogre, L50|100/100
|-weather|RainDance|[from] ability: Drizzle|[of] p1b: Kyogre
|turn|3
|inactive|ZodiacSheep has 30 seconds left.
|
|t:|1750745164
|switch|p1a: Rhyperior|Rhyperior, L50, F|100/100
|-terastallize|p1b: Kyogre|Water
|move|p2b: Zamazenta|Wide Guard|p2b: Zamazenta
|-singleturn|p2b: Zamazenta|Wide Guard
|move|p1b: Kyogre|Hydro Pump|p2b: Zamazenta|[miss]
|-miss|p1b: Kyogre|p2b: Zamazenta
|move|p2a: Miraidon|Draco Meteor|p1b: Kyogre|[miss]
|-miss|p2a: Miraidon|p1b: Kyogre
|
|-weather|RainDance|[upkeep]
|upkeep
|turn|4
|inactive|rebirthruby has 30 seconds left.
|inactive|rebirthruby has 20 seconds left.
|
|t:|1750745200
|switch|p2a: Grimmsnarl|Grimmsnarl, L50, M|100/100
|move|p2b: Zamazenta|Wide Guard|p2b: Zamazenta
|-singleturn|p2b: Zamazenta|Wide Guard
|move|p1a: Rhyperior|High Horsepower|p2a: Grimmsnarl
|-damage|p2a: Grimmsnarl|44/100
|move|p1b: Kyogre|Hydro Pump|p2b: Zamazenta
|-damage|p2b: Zamazenta|0 fnt
|faint|p2b: Zamazenta
|
|-weather|RainDance|[upkeep]
|upkeep
|
|t:|1750745215
|switch|p2b: Miraidon|Miraidon, L50|100/100
|-activate|p2b: Miraidon|ability: Hadron Engine
|turn|5
|inactive|rebirthruby has 30 seconds left.
|inactive|rebirthruby has 20 seconds left.
|inactive|rebirthruby has 15 seconds left.
|inactive|rebirthruby has 10 seconds left.
|j| neebieplayersea
|inactive|rebirthruby has 5 seconds left.
|
|t:|1750745270
|move|p2a: Grimmsnarl|Reflect|p2a: Grimmsnarl
|-sidestart|p2: rebirthruby|Reflect
|move|p1a: Rhyperior|High Horsepower|p2b: Miraidon
|-supereffective|p2b: Miraidon
|-damage|p2b: Miraidon|23/100
|move|p1b: Kyogre|Hydro Pump|p2b: Miraidon
|-resisted|p2b: Miraidon
|-damage|p2b: Miraidon|0 fnt
|faint|p2b: Miraidon
|
|-weather|RainDance|[upkeep]
|-fieldend|move: Electric Terrain
|upkeep
|
|t:|1750745282
|switch|p2b: Chien-Pao|Chien-Pao, L50|100/100
|-ability|p2b: Chien-Pao|Sword of Ruin
|turn|6
|
|t:|1750745299
|move|p2b: Chien-Pao|Protect|p2b: Chien-Pao
|-singleturn|p2b: Chien-Pao|Protect
|move|p2a: Grimmsnarl|Light Screen|p2a: Grimmsnarl
|-sidestart|p2: rebirthruby|move: Light Screen
|move|p1a: Rhyperior|Rock Slide|p2b: Chien-Pao|[spread] p2a
|-activate|p2b: Chien-Pao|move: Protect
|-damage|p2a: Grimmsnarl|13/100
|move|p1b: Kyogre|Hydro Pump|p2b: Chien-Pao
|-activate|p2b: Chien-Pao|move: Protect
|
|-weather|RainDance|[upkeep]
|-fieldend|move: Trick Room
|upkeep
|turn|7
|
|t:|1750745321
|move|p2b: Chien-Pao|Icicle Crash|p1a: Rhyperior|[miss]
|-miss|p2b: Chien-Pao|p1a: Rhyperior
|move|p1b: Kyogre|Hydro Pump|p2b: Chien-Pao
|-enditem|p2b: Chien-Pao|Focus Sash
|-damage|p2b: Chien-Pao|1/100
|move|p2a: Grimmsnarl|Spirit Break|p1b: Kyogre
|-damage|p1b: Kyogre|60/100
|-unboost|p1b: Kyogre|spa|1
|move|p1a: Rhyperior|Rock Slide|p2b: Chien-Pao|[spread] p2a,p2b
|-supereffective|p2b: Chien-Pao
|-damage|p2a: Grimmsnarl|0 fnt
|-damage|p2b: Chien-Pao|0 fnt
|faint|p2a: Grimmsnarl
|faint|p2b: Chien-Pao
|
|win|ZodiacSheep
|raw|ZodiacSheep's rating: 1655 &rarr; <strong>1669</strong><br />(+14 for winning)
|raw|rebirthruby's rating: 1554 &rarr; <strong>1540</strong><br />(-14 for losing)
|l|☆rebirthruby
|player|p2|
|l|☆ZodiacSheep
|player|p1|
|l| neebieplayersea
