|j|☆fedebre_
|j|☆jeigan for smash
|t:|1750863734
|gametype|doubles
|player|p1|fedebre_|steven|1445
|player|p2|jeigan for smash|giovanni|1394
|teamsize|p1|6
|teamsize|p2|6
|gen|9
|tier|[Gen 9] VGC 2025 Reg I
|rated|
|rule|Species Clause: Limit one of each Pokémon
|rule|Item Clause: Limit 1 of each item
|clearpoke
|poke|p1|Kyogre, L50|
|poke|p1|Zacian-*, L50|
|poke|p1|Roaring Moon, L50|
|poke|p1|Amoonguss, L50, F|
|poke|p1|Iron Hands, L50|
|poke|p1|Urshifu-*, L50, F|
|poke|p2|Calyrex-Shadow, L50|
|poke|p2|Miraidon, L50|
|poke|p2|Incineroar, L50, M|
|poke|p2|Sneasler, L50, F|
|poke|p2|Amoonguss, L50, F|
|poke|p2|Gastrodon-East, L50, F|
|teampreview|4
fedebre_ has agreed to open team sheets.
|inactive|Battle timer is ON: inactive players will automatically lose when time's up. (requested by fedebre_)
jeigan for smash has agreed to open team sheets.
|showteam|p1|Kyogre||MysticWater|Drizzle|WaterSpout,OriginPulse,IceBeam,Protect||||||50|,,,,,Grass]Zacian-Crowned||RustedSword|IntrepidSword|PlayRough,behemothblade,SwordsDance,Protect||||||50|,,,,,Fairy]Roaring Moon||BoosterEnergy|Protosynthesis|KnockOff,Acrobatics,Tailwind,Protect||||||50|,,,,,Flying]Amoonguss||CovertCloak|Regenerator|PollenPuff,Spore,RagePowder,Protect|||F|||50|,,,,,Water]Iron Hands||AssaultVest|QuarkDrive|WildCharge,LowKick,DrainPunch,FakeOut||||||50|,,,,,Bug]Urshifu-Rapid-Strike||FocusSash|UnseenFist|SurgingStrikes,AquaJet,Taunt,Detect|||F|||50|,,,,,Water
|showteam|p2|Calyrex-Shadow||FocusSash|AsOneSpectrier|AstralBarrage,Psychic,Disable,Protect||||||50|,,,,,Ghost]Miraidon||ChoiceScarf|HadronEngine|VoltSwitch,ElectroDrift,DracoMeteor,DazzlingGleam||||||50|,,,,,Fairy]Incineroar||AssaultVest|Intimidate|FakeOut,KnockOff,FlareBlitz,Uturn|||M|||50|,,,,,Bug]Sneasler||ElectricSeed|Unburden|DireClaw,CloseCombat,AcidSpray,FakeOut|||F|||50|,,,,,Dark]Amoonguss||CovertCloak|Regenerator|PollenPuff,Spore,RagePowder,Protect|||F|||50|,,,,,Water]Gastrodon-East||Leftovers|StormDrain|MuddyWater,EarthPower,IceBeam,Protect|||F|||50|,,,,,Poison
|inactive|fedebre_ has 60 seconds left.
|
|t:|1750863795
|start
|switch|p1a: Roaring Moon|Roaring Moon, L50|100/100
|switch|p1b: Kyogre|Kyogre, L50|100/100
|switch|p2a: Miraidon|Miraidon, L50|100/100
|switch|p2b: Incineroar|Incineroar, L50, M|100/100
|-fieldstart|move: Electric Terrain|[from] ability: Hadron Engine|[of] p2a: Miraidon
|-weather|RainDance|[from] ability: Drizzle|[of] p1b: Kyogre
|-ability|p2b: Incineroar|Intimidate|boost
|-unboost|p1a: Roaring Moon|atk|1
|-unboost|p1b: Kyogre|atk|1
|-enditem|p1a: Roaring Moon|Booster Energy
|-activate|p1a: Roaring Moon|ability: Protosynthesis|[fromitem]
|-start|p1a: Roaring Moon|protosynthesisspe
|turn|1
|
|t:|1750863806
|-terastallize|p2a: Miraidon|Fairy
|move|p1a: Roaring Moon|Protect|p1a: Roaring Moon
|-singleturn|p1a: Roaring Moon|Protect
|move|p1b: Kyogre|Protect|p1b: Kyogre
|-singleturn|p1b: Kyogre|Protect
|move|p2b: Incineroar|Fake Out|p1b: Kyogre
|-activate|p1b: Kyogre|move: Protect
|move|p2a: Miraidon|Dazzling Gleam|p1b: Kyogre|[spread] 
|-activate|p1a: Roaring Moon|move: Protect
|-activate|p1b: Kyogre|move: Protect
|
|-weather|RainDance|[upkeep]
|upkeep
|turn|2
|inactive|fedebre_ has 30 seconds left.
|
|t:|1750863837
|-end|p1a: Roaring Moon|Protosynthesis|[silent]
|switch|p1a: Zacian|Zacian-Crowned, L50|100/100
|-ability|p1a: Zacian|Intrepid Sword|boost
|-boost|p1a: Zacian|atk|1
|switch|p2b: Gastrodon|Gastrodon-East, L50, F|100/100
|move|p2a: Miraidon|Dazzling Gleam|p1b: Kyogre|[spread] p1a,p1b
|-resisted|p1a: Zacian
|-damage|p1a: Zacian|82/100
|-damage|p1b: Kyogre|68/100
|move|p1b: Kyogre|Origin Pulse|p2b: Gastrodon|[spread] p2a
|-ability|p2b: Gastrodon|Storm Drain|boost
|-boost|p2b: Gastrodon|spa|1
|-damage|p2a: Miraidon|31/100
|
|-weather|RainDance|[upkeep]
|upkeep
|turn|3
|inactive|fedebre_ has 30 seconds left.
|inactive|jeigan for smash has 30 seconds left.
|
|t:|1750863869
|move|p1a: Zacian|Protect|p1a: Zacian
|-singleturn|p1a: Zacian|Protect
|move|p2a: Miraidon|Dazzling Gleam|p1a: Zacian|[spread] p1b
|-activate|p1a: Zacian|move: Protect
|-damage|p1b: Kyogre|34/100
|move|p1b: Kyogre|Origin Pulse|p2b: Gastrodon|[spread] p2a
|-ability|p2b: Gastrodon|Storm Drain|boost
|-boost|p2b: Gastrodon|spa|1
|-damage|p2a: Miraidon|0 fnt
|faint|p2a: Miraidon
|move|p2b: Gastrodon|Earth Power|p1a: Zacian
|-activate|p1a: Zacian|move: Protect
|
|-weather|RainDance|[upkeep]
|upkeep
|
|t:|1750863871
|switch|p2a: Calyrex|Calyrex-Shadow, L50|100/100
|-ability|p2a: Calyrex|As One
|-ability|p2a: Calyrex|Unnerve
|turn|4
|
|t:|1750863896
|move|p1b: Kyogre|Protect|p1b: Kyogre
|-singleturn|p1b: Kyogre|Protect
|move|p2a: Calyrex|Astral Barrage|p1a: Zacian|[spread] p1a
|-activate|p1b: Kyogre|move: Protect
|-damage|p1a: Zacian|34/100
|move|p1a: Zacian|Behemoth Blade|p2a: Calyrex
|-enditem|p2a: Calyrex|Focus Sash
|-damage|p2a: Calyrex|1/100
|move|p2b: Gastrodon|Earth Power|p1a: Zacian
|-supereffective|p1a: Zacian
|-damage|p1a: Zacian|0 fnt
|faint|p1a: Zacian
|
|-weather|RainDance|[upkeep]
|upkeep
|
|t:|1750863911
|switch|p1a: Roaring Moon|Roaring Moon, L50|100/100
|turn|5
|
|t:|1750863930
|switch|p2a: Incineroar|Incineroar, L50, M|100/100
|-ability|p2a: Incineroar|Intimidate|boost
|-unboost|p1a: Roaring Moon|atk|1
|-unboost|p1b: Kyogre|atk|1
|move|p1a: Roaring Moon|Tailwind|p1a: Roaring Moon
|-sidestart|p1: fedebre_|move: Tailwind
|move|p1b: Kyogre|Ice Beam|p2a: Incineroar
|-resisted|p2a: Incineroar
|-damage|p2a: Incineroar|91/100
|move|p2b: Gastrodon|Ice Beam|p1a: Roaring Moon
|-supereffective|p1a: Roaring Moon
|-damage|p1a: Roaring Moon|8/100
|-status|p1a: Roaring Moon|frz
|
|-weather|none
|-fieldend|move: Electric Terrain
|upkeep
|turn|6
|
|t:|1750863950
|cant|p1a: Roaring Moon|frz
|move|p1b: Kyogre|Protect|p1b: Kyogre
|-singleturn|p1b: Kyogre|Protect
|move|p2a: Incineroar|Fake Out|p1b: Kyogre
|-activate|p1b: Kyogre|move: Protect
|move|p2b: Gastrodon|Muddy Water|p1b: Kyogre|[spread] p1a
|-activate|p1b: Kyogre|move: Protect
|-resisted|p1a: Roaring Moon
|-damage|p1a: Roaring Moon|0 fnt
|faint|p1a: Roaring Moon
|-end|p1a: Roaring Moon|Protosynthesis|[silent]
|
|upkeep
|
|t:|1750863958
|switch|p1a: Urshifu|Urshifu-Rapid-Strike, L50, F|100/100
|turn|7
|
|t:|1750863980
|move|p1a: Urshifu|Detect|p1a: Urshifu
|-singleturn|p1a: Urshifu|Protect
|move|p1b: Kyogre|Ice Beam|p2b: Gastrodon
|-damage|p2b: Gastrodon|64/100
|move|p2a: Incineroar|Knock Off|p1b: Kyogre
|-damage|p1b: Kyogre|2/100
|-enditem|p1b: Kyogre|Mystic Water|[from] move: Knock Off|[of] p2a: Incineroar
|move|p2b: Gastrodon|Muddy Water|p1b: Kyogre|[spread] p1b
|-activate|p1a: Urshifu|move: Protect
|-resisted|p1b: Kyogre
|-damage|p1b: Kyogre|0 fnt
|faint|p1b: Kyogre
|
|-heal|p2b: Gastrodon|70/100|[from] item: Leftovers
|upkeep
|turn|8
|-message|fedebre_ forfeited.
|
|win|jeigan for smash
|raw|fedebre_'s rating: 1445 &rarr; <strong>1422</strong><br />(-23 for losing)
|raw|jeigan for smash's rating: 1394 &rarr; <strong>1417</strong><br />(+23 for winning)
|l|☆fedebre_
|player|p1|
|l|☆jeigan for smash
|player|p2|
