|j|☆PokemonPerson2
|j|☆NarutoUzumaki1234
|t:|1750737961
|gametype|doubles
|player|p1|PokemonPerson2|benga|1288
|player|p2|NarutoUzumaki1234|1|1206
|teamsize|p1|6
|teamsize|p2|6
|gen|9
|tier|[Gen 9] VGC 2025 Reg I
|rated|
|rule|Species Clause: Limit one of each Pokémon
|rule|Item Clause: Limit 1 of each item
|clearpoke
|poke|p1|Milotic, L50, F|
|poke|p1|Miraidon, L50|
|poke|p1|Ninetales-Alola, L50, F|
|poke|p1|Kyurem-White, L50|
|poke|p1|Ogerpon-Hearthflame, L50, F|
|poke|p1|Gallade, L50, M|
|poke|p2|Decidueye-Hisui, L50, M|
|poke|p2|Calyrex-Ice, L50|
|poke|p2|Primarina, L50, F|
|poke|p2|Skeledirge, L50, M|
|poke|p2|Rayquaza, L50|
|poke|p2|Bronzong, L50|
|teampreview|4
|inactive|Battle timer is ON: inactive players will automatically lose when time's up. (requested by PokemonPerson2)
PokemonPerson2 rejected open team sheets.
|
|t:|1750738007
|start
|switch|p1a: Kyurem|Kyurem-White, L50|100/100
|switch|p1b: Miraidon|Miraidon, L50|100/100
|switch|p2a: Calyrex|Calyrex-Ice, L50|100/100
|switch|p2b: Bronzong|Bronzong, L50|100/100
|-ability|p2a: Calyrex|As One
|-ability|p2a: Calyrex|Unnerve
|-ability|p1a: Kyurem|Turboblaze
|-fieldstart|move: Electric Terrain|[from] ability: Hadron Engine|[of] p1b: Miraidon
|turn|1
|inactive|NarutoUzumaki1234 has 30 seconds left.
|inactive|NarutoUzumaki1234 has 20 seconds left.
|
|t:|1750738046
|-terastallize|p1b: Miraidon|Electric
|move|p2a: Calyrex|Protect|p2a: Calyrex
|-singleturn|p2a: Calyrex|Protect
|move|p1a: Kyurem|Blizzard|p2a: Calyrex|[spread] p2b
|-activate|p2a: Calyrex|move: Protect
|-resisted|p2b: Bronzong
|-crit|p2b: Bronzong
|-damage|p2b: Bronzong|64/100
|move|p1b: Miraidon|Electro Drift|p2a: Calyrex
|-activate|p2a: Calyrex|move: Protect
|move|p2b: Bronzong|Gyro Ball|p1a: Kyurem
|-supereffective|p1a: Kyurem
|-damage|p1a: Kyurem|1/100
|
|upkeep
|turn|2
|inactive|NarutoUzumaki1234 has 30 seconds left.
|inactive|NarutoUzumaki1234 has 20 seconds left.
|inactive|NarutoUzumaki1234 has 15 seconds left.
|inactive|NarutoUzumaki1234 has 10 seconds left.
|inactive|NarutoUzumaki1234 has 5 seconds left.
|
|t:|1750738097
|move|p1a: Kyurem|Blizzard|p2b: Bronzong|[spread] 
|-miss|p1a: Kyurem|p2a: Calyrex
|-miss|p1a: Kyurem|p2b: Bronzong
|move|p1b: Miraidon|Electro Drift|p2a: Calyrex
|-damage|p2a: Calyrex|0 fnt
|faint|p2a: Calyrex
|move|p2b: Bronzong|Gyro Ball|p1a: Kyurem
|-supereffective|p1a: Kyurem
|-damage|p1a: Kyurem|0 fnt
|faint|p1a: Kyurem
|
|upkeep
|
|t:|1750738119
|switch|p1a: Ogerpon|Ogerpon-Hearthflame, L50, F|100/100
|switch|p2a: Skeledirge|Skeledirge, L50, M|100/100
|-ability|p1a: Ogerpon|Mold Breaker
|turn|3
|
|t:|1750738138
|-terastallize|p2b: Bronzong|Poison
|move|p2a: Skeledirge|Protect|p2a: Skeledirge
|-singleturn|p2a: Skeledirge|Protect
|move|p1a: Ogerpon|Follow Me|p1a: Ogerpon
|-singleturn|p1a: Ogerpon|move: Follow Me
|move|p1b: Miraidon|Electro Drift|p2b: Bronzong
|-damage|p2b: Bronzong|0 fnt
|faint|p2b: Bronzong
|
|upkeep
|
|t:|1750738149
|switch|p2b: Decidueye|Decidueye-Hisui, L50, M|100/100
|turn|4
|
|t:|1750738159
|move|p1a: Ogerpon|Follow Me|p1a: Ogerpon
|-singleturn|p1a: Ogerpon|move: Follow Me
|move|p1b: Miraidon|Electro Drift|p2a: Skeledirge
|-enditem|p2a: Skeledirge|Focus Sash
|-damage|p2a: Skeledirge|1/100
|move|p2a: Skeledirge|Fire Pledge|p1a: Ogerpon
|-waiting|p2a: Skeledirge|p2b: Decidueye
|move|p2b: Decidueye|Grass Pledge|p1a: Ogerpon|[from] move: Fire Pledge
|-combine
|-damage|p1a: Ogerpon|40/100
|-sidestart|p1: PokemonPerson2|Fire Pledge
|
|-damage|p1b: Miraidon|88/100|[from] Fire Pledge
|upkeep
|turn|5
|
|t:|1750738184
|move|p2a: Skeledirge|Protect|p2a: Skeledirge
|-singleturn|p2a: Skeledirge|Protect
|move|p1a: Ogerpon|Follow Me|p1a: Ogerpon
|-singleturn|p1a: Ogerpon|move: Follow Me
|move|p1b: Miraidon|Electro Drift|p2a: Skeledirge
|-activate|p2a: Skeledirge|move: Protect
|move|p2b: Decidueye|Triple Arrows|p1a: Ogerpon
|-damage|p1a: Ogerpon|0 fnt
|faint|p1a: Ogerpon
|
|-damage|p1b: Miraidon|76/100|[from] Fire Pledge
|-fieldend|move: Electric Terrain
|upkeep
|
|t:|1750738187
|switch|p1a: Ninetales|Ninetales-Alola, L50, F|100/100
|-weather|Snowscape|[from] ability: Snow Warning|[of] p1a: Ninetales
|turn|6
|inactive|NarutoUzumaki1234 has 30 seconds left.
|
|t:|1750738220
|move|p2a: Skeledirge|Protect||[still]
|-fail|p2a: Skeledirge
|move|p1b: Miraidon|Electro Drift|p2b: Decidueye
|-resisted|p2b: Decidueye
|-damage|p2b: Decidueye|66/100
|move|p1a: Ninetales|Icy Wind|p2a: Skeledirge|[spread] p2a,p2b
|-resisted|p2a: Skeledirge
|-supereffective|p2b: Decidueye
|-damage|p2a: Skeledirge|0 fnt
|-damage|p2b: Decidueye|50/100
|-unboost|p2b: Decidueye|spe|1
|faint|p2a: Skeledirge
|move|p2b: Decidueye|Triple Arrows|p1b: Miraidon
|-damage|p1b: Miraidon|28/100
|
|-weather|Snowscape|[upkeep]
|-damage|p1b: Miraidon|16/100|[from] Fire Pledge
|-damage|p1a: Ninetales|88/100|[from] Fire Pledge
|upkeep
|turn|7
|c|☆PokemonPerson2|Gg
|
|t:|1750738244
|move|p1b: Miraidon|Electro Drift|p2b: Decidueye
|-resisted|p2b: Decidueye
|-crit|p2b: Decidueye
|-damage|p2b: Decidueye|1/100
|move|p1a: Ninetales|Moonblast|p2b: Decidueye
|-supereffective|p2b: Decidueye
|-damage|p2b: Decidueye|0 fnt
|faint|p2b: Decidueye
|
|win|PokemonPerson2
|raw|PokemonPerson2's rating: 1288 &rarr; <strong>1307</strong><br />(+19 for winning)
|raw|NarutoUzumaki1234's rating: 1206 &rarr; <strong>1187</strong><br />(-19 for losing)
|l|☆NarutoUzumaki1234
|player|p2|
|l|☆PokemonPerson2
|player|p1|
