|j|☆bubert_ps
|j|☆bonobobohemio
|t:|1750748789
|gametype|doubles
|player|p1|bubert_ps|1|1326
|player|p2|bonobobohemio|drayden|1441
|teamsize|p1|6
|teamsize|p2|6
|gen|9
|tier|[Gen 9] VGC 2025 Reg I
|rated|
|rule|Species Clause: Limit one of each Pokémon
|rule|Item Clause: Limit 1 of each item
|clearpoke
|poke|p1|Miraidon, L50|
|poke|p1|Iron Bundle, L50|
|poke|p1|Incineroar, L50, M|
|poke|p1|Zamazenta-*, L50|
|poke|p1|Chien-Pao, L50|
|poke|p1|Annihilape, L50, M|
|poke|p2|Reshiram, L50|
|poke|p2|Koraidon, L50|
|poke|p2|Murkrow, L50, M|
|poke|p2|Indeedee-F, L50, F|
|poke|p2|Ogerpon-Wellspring, L50, F|
|poke|p2|Raging Bolt, L50|
|teampreview|4
|inactive|Battle timer is ON: inactive players will automatically lose when time's up. (requested by bonobobohemio)
|
|t:|1750748813
|start
|switch|p1a: Miraidon|Miraidon, L50|100/100
|switch|p1b: Incineroar|Incineroar, L50, M, shiny|100/100
|switch|p2a: Indeedee|Indeedee-F, L50, F|100/100
|switch|p2b: Koraidon|Koraidon, L50|100/100
|-weather|SunnyDay|[from] ability: Orichalcum Pulse|[of] p2b: Koraidon
|-activate|p2b: Koraidon|Orichalcum Pulse|[source]
|-fieldstart|move: Electric Terrain|[from] ability: Hadron Engine|[of] p1a: Miraidon
|-fieldstart|move: Psychic Terrain|[from] ability: Psychic Surge|[of] p2a: Indeedee
|-ability|p1b: Incineroar|Intimidate|boost
|-unboost|p2a: Indeedee|atk|1
|-unboost|p2b: Koraidon|atk|1
|turn|1
|
|t:|1750748831
|switch|p1b: Iron Bundle|Iron Bundle, L50, shiny|100/100
|-terastallize|p1a: Miraidon|Fairy
|move|p2a: Indeedee|Helping Hand|p2b: Koraidon
|-singleturn|p2b: Koraidon|Helping Hand|[of] p2a: Indeedee
|move|p2b: Koraidon|Close Combat|p1a: Miraidon
|-resisted|p1a: Miraidon
|-damage|p1a: Miraidon|43/100
|-unboost|p2b: Koraidon|def|1
|-unboost|p2b: Koraidon|spd|1
|-damage|p2b: Koraidon|91/100|[from] item: Life Orb
|move|p1a: Miraidon|Dazzling Gleam|p2a: Indeedee|[spread] p2a,p2b
|-supereffective|p2b: Koraidon
|-damage|p2a: Indeedee|51/100
|-damage|p2b: Koraidon|0 fnt
|faint|p2b: Koraidon
|
|-weather|SunnyDay|[upkeep]
|upkeep
|
|t:|1750748836
|switch|p2b: Reshiram|Reshiram, L50, shiny|100/100
|-ability|p2b: Reshiram|Turboblaze
|turn|2
|
|t:|1750748851
|-terastallize|p2b: Reshiram|Fire
|move|p1b: Iron Bundle|Icy Wind|p2b: Reshiram|[spread] p2a,p2b
|-resisted|p2b: Reshiram
|-damage|p2a: Indeedee|32/100
|-damage|p2b: Reshiram|95/100
|-unboost|p2a: Indeedee|spe|1
|-unboost|p2b: Reshiram|spe|1
|move|p1a: Miraidon|Dazzling Gleam|p2b: Reshiram|[spread] p2a,p2b
|-resisted|p2b: Reshiram
|-damage|p2a: Indeedee|0 fnt
|-damage|p2b: Reshiram|82/100
|faint|p2a: Indeedee
|move|p2b: Reshiram|Heat Wave|p1b: Iron Bundle|[spread] p1a,p1b
|-damage|p1a: Miraidon|0 fnt
|-enditem|p1b: Iron Bundle|Focus Sash
|-damage|p1b: Iron Bundle|1/100
|faint|p1a: Miraidon
|
|-weather|SunnyDay|[upkeep]
|upkeep
|
|t:|1750748858
|switch|p1a: Zamazenta|Zamazenta-Crowned, L50, shiny|100/100
|switch|p2a: Murkrow|Murkrow, L50, M|100/100
|-ability|p1a: Zamazenta|Dauntless Shield|boost
|-boost|p1a: Zamazenta|def|1
|turn|3
|
|t:|1750748876
|move|p1a: Zamazenta|Wide Guard|p1a: Zamazenta
|-singleturn|p1a: Zamazenta|Wide Guard
|move|p2a: Murkrow|Tailwind|p2a: Murkrow
|-sidestart|p2: bonobobohemio|move: Tailwind
|move|p1b: Iron Bundle|Icy Wind|p2a: Murkrow|[spread] p2a,p2b
|-supereffective|p2a: Murkrow
|-resisted|p2b: Reshiram
|-damage|p2a: Murkrow|21/100
|-damage|p2b: Reshiram|76/100
|-unboost|p2a: Murkrow|spe|1
|-unboost|p2b: Reshiram|spe|1
|move|p2b: Reshiram|Blue Flare|p1a: Zamazenta
|-supereffective|p1a: Zamazenta
|-damage|p1a: Zamazenta|0 fnt
|faint|p1a: Zamazenta
|
|-weather|SunnyDay|[upkeep]
|upkeep
|
|t:|1750748884
|switch|p1a: Incineroar|Incineroar, L50, M, shiny|100/100
|-ability|p1a: Incineroar|Intimidate|boost
|-unboost|p2a: Murkrow|atk|1
|-unboost|p2b: Reshiram|atk|1
|turn|4
|
|t:|1750748894
|move|p2a: Murkrow|Haze|p2a: Murkrow
|-clearallboost
|move|p2b: Reshiram|Heat Wave|p1b: Iron Bundle|[spread] p1a,p1b
|-resisted|p1a: Incineroar
|-damage|p1a: Incineroar|70/100
|-damage|p1b: Iron Bundle|0 fnt
|faint|p1b: Iron Bundle
|-end|p1b: Iron Bundle|Quark Drive|[silent]
|move|p1a: Incineroar|Knock Off|p2b: Reshiram
|-damage|p2b: Reshiram|42/100
|-enditem|p2b: Reshiram|Assault Vest|[from] move: Knock Off|[of] p1a: Incineroar
|
|-weather|SunnyDay|[upkeep]
|upkeep
|turn|5
|
|t:|1750748906
|move|p2a: Murkrow|Foul Play|p1a: Incineroar
|-resisted|p1a: Incineroar
|-damage|p1a: Incineroar|58/100
|move|p2b: Reshiram|Draco Meteor|p1a: Incineroar
|-damage|p1a: Incineroar|4/100
|-unboost|p2b: Reshiram|spa|2
|move|p1a: Incineroar|Flare Blitz|p2b: Reshiram
|-resisted|p2b: Reshiram
|-damage|p2b: Reshiram|11/100
|-damage|p1a: Incineroar|0 fnt|[from] Recoil
|faint|p1a: Incineroar
|
|win|bonobobohemio
|raw|bubert_ps's rating: 1326 &rarr; <strong>1312</strong><br />(-14 for losing)
|raw|bonobobohemio's rating: 1441 &rarr; <strong>1455</strong><br />(+14 for winning)
|l|☆bubert_ps
|player|p1|
|l|☆bonobobohemio
|player|p2|
