|j|☆Florus733
|j|☆myusernameisbob3
|t:|1750857631
|gametype|doubles
|player|p1|Florus733|larry|1114
|player|p2|myusernameisbob3|266|1187
|teamsize|p1|6
|teamsize|p2|6
|gen|9
|tier|[Gen 9] VGC 2025 Reg I
|rated|
|rule|Species Clause: Limit one of each Pokémon
|rule|Item Clause: Limit 1 of each item
|clearpoke
|poke|p1|Amoonguss, L50, F|
|poke|p1|Incineroar, L50, M|
|poke|p1|Koraidon, L50|
|poke|p1|Flutter Mane, L50|
|poke|p1|Calyrex-Shadow, L50|
|poke|p1|Gastrodon-East, L50, F|
|poke|p2|Miraidon, L50|
|poke|p2|Ursaluna, L50, M|
|poke|p2|Iron Crown, L50|
|poke|p2|Indeedee-F, L50, F|
|poke|p2|Calyrex-Ice, L50|
|poke|p2|Whimsicott, L50, F|
|teampreview|4
|inactive|Battle timer is ON: inactive players will automatically lose when time's up. (requested by myusernameisbob3)
|
|t:|1750857660
|start
|switch|p1a: Incineroar|Incineroar, L50, M|100/100
|switch|p1b: Koraidon|Koraidon, L50|100/100
|switch|p2a: Iron Crown|Iron Crown, L50|100/100
|switch|p2b: Whimsicott|Whimsicott, L50, F|100/100
|-weather|SunnyDay|[from] ability: Orichalcum Pulse|[of] p1b: Koraidon
|-activate|p1b: Koraidon|Orichalcum Pulse|[source]
|-ability|p1a: Incineroar|Intimidate|boost
|-unboost|p2a: Iron Crown|atk|1
|-unboost|p2b: Whimsicott|atk|1
|turn|1
|
|t:|1750857683
|move|p2a: Iron Crown|Protect|p2a: Iron Crown
|-singleturn|p2a: Iron Crown|Protect
|move|p2b: Whimsicott|Tailwind|p2b: Whimsicott
|-sidestart|p2: myusernameisbob3|move: Tailwind
|move|p1b: Koraidon|Flare Blitz|p2a: Iron Crown
|-activate|p2a: Iron Crown|move: Protect
|move|p1a: Incineroar|Flare Blitz|p2b: Whimsicott
|-supereffective|p2b: Whimsicott
|-damage|p2b: Whimsicott|0 fnt
|faint|p2b: Whimsicott
|-damage|p1a: Incineroar|73/100|[from] Recoil
|
|-weather|SunnyDay|[upkeep]
|upkeep
|
|t:|1750857697
|switch|p2b: Miraidon|Miraidon, L50|100/100
|-fieldstart|move: Electric Terrain|[from] ability: Hadron Engine|[of] p2b: Miraidon
|-activate|p2a: Iron Crown|ability: Quark Drive
|-start|p2a: Iron Crown|quarkdrivespa
|turn|2
|
|t:|1750857720
|switch|p1b: Flutter Mane|Flutter Mane, L50|100/100
|-activate|p1b: Flutter Mane|ability: Protosynthesis
|-start|p1b: Flutter Mane|protosynthesisspe
|move|p2b: Miraidon|Snarl|p1a: Incineroar|[spread] p1a,p1b
|-resisted|p1a: Incineroar
|-damage|p1a: Incineroar|64/100
|-damage|p1b: Flutter Mane|70/100
|-unboost|p1a: Incineroar|spa|1
|-unboost|p1b: Flutter Mane|spa|1
|move|p2a: Iron Crown|Expanding Force|p1b: Flutter Mane
|-damage|p1b: Flutter Mane|0 fnt
|faint|p1b: Flutter Mane
|-end|p1b: Flutter Mane|Protosynthesis|[silent]
|-damage|p2a: Iron Crown|90/100|[from] item: Life Orb
|move|p1a: Incineroar|Parting Shot|p2b: Miraidon
|-unboost|p2b: Miraidon|atk|1
|-unboost|p2b: Miraidon|spa|1
|
|t:|1750857737
|switch|p1a: Calyrex|Calyrex-Shadow, L50|100/100|[from] Parting Shot
|-ability|p1a: Calyrex|As One
|-ability|p1a: Calyrex|Unnerve
|
|-weather|SunnyDay|[upkeep]
|upkeep
|
|t:|1750857749
|switch|p1b: Incineroar|Incineroar, L50, M|64/100
|-ability|p1b: Incineroar|Intimidate|boost
|-unboost|p2a: Iron Crown|atk|1
|-unboost|p2b: Miraidon|atk|1
|turn|3
|
|t:|1750857758
|move|p1b: Incineroar|Fake Out|p2b: Miraidon
|-damage|p2b: Miraidon|92/100
|cant|p2b: Miraidon|flinch
|move|p2a: Iron Crown|Tachyon Cutter|p1a: Calyrex
|-damage|p1a: Calyrex|53/100
|-damage|p1a: Calyrex|4/100
|-hitcount|p1a: Calyrex|2
|-damage|p2a: Iron Crown|80/100|[from] item: Life Orb
|move|p1a: Calyrex|Astral Barrage|p2b: Miraidon|[spread] p2a,p2b
|-supereffective|p2a: Iron Crown
|-damage|p2a: Iron Crown|0 fnt
|-damage|p2b: Miraidon|50/100
|faint|p2a: Iron Crown
|-end|p2a: Iron Crown|Quark Drive|[silent]
|-ability|p1a: Calyrex|Grim Neigh|boost
|-boost|p1a: Calyrex|spa|1
|
|-weather|SunnyDay|[upkeep]
|upkeep
|
|t:|1750857770
|switch|p2a: Ursaluna|Ursaluna, L50, M|100/100
|turn|4
|
|t:|1750857777
|move|p1a: Calyrex|Protect|p1a: Calyrex
|-singleturn|p1a: Calyrex|Protect
|move|p1b: Incineroar|Protect|p1b: Incineroar
|-singleturn|p1b: Incineroar|Protect
|move|p2b: Miraidon|Snarl|p1b: Incineroar|[spread] 
|-activate|p1a: Calyrex|move: Protect
|-activate|p1b: Incineroar|move: Protect
|move|p2a: Ursaluna|High Horsepower|p1b: Incineroar
|-activate|p1b: Incineroar|move: Protect
|
|-weather|SunnyDay|[upkeep]
|-sideend|p2: myusernameisbob3|move: Tailwind
|-status|p2a: Ursaluna|brn|[from] item: Flame Orb
|upkeep
|turn|5
|inactive|Florus733 has 30 seconds left.
|
|t:|1750857804
|move|p1a: Calyrex|Astral Barrage|p2b: Miraidon|[spread] p2b
|-immune|p2a: Ursaluna
|-damage|p2b: Miraidon|0 fnt
|faint|p2b: Miraidon
|-ability|p1a: Calyrex|Grim Neigh|boost
|-boost|p1a: Calyrex|spa|1
|move|p1b: Incineroar|Parting Shot|p2a: Ursaluna
|-unboost|p2a: Ursaluna|atk|1
|-unboost|p2a: Ursaluna|spa|1
|
|t:|1750857813
|switch|p1b: Koraidon|Koraidon, L50|100/100|[from] Parting Shot
|-activate|p1b: Koraidon|ability: Orichalcum Pulse
|move|p2a: Ursaluna|High Horsepower|p1b: Koraidon
|-damage|p1b: Koraidon|51/100
|
|-weather|none
|-damage|p2a: Ursaluna|95/100 brn|[from] brn
|upkeep
|turn|6
|inactive|myusernameisbob3 has 30 seconds left.
|
|t:|1750857847
|-terastallize|p2a: Ursaluna|Ghost
|move|p1a: Calyrex|Psychic|p2a: Ursaluna
|-damage|p2a: Ursaluna|2/100 brn
|move|p1b: Koraidon|Close Combat|p2a: Ursaluna
|-immune|p2a: Ursaluna
|move|p2a: Ursaluna|Crunch|p1a: Calyrex
|-supereffective|p1a: Calyrex
|-damage|p1a: Calyrex|0 fnt
|faint|p1a: Calyrex
|
|-damage|p2a: Ursaluna|0 fnt|[from] brn
|faint|p2a: Ursaluna
|
|win|Florus733
|raw|Florus733's rating: 1114 &rarr; <strong>1144</strong><br />(+30 for winning)
|raw|myusernameisbob3's rating: 1187 &rarr; <strong>1157</strong><br />(-30 for losing)
|l|☆Florus733
|player|p1|
|l|☆myusernameisbob3
|player|p2|
