|j|☆AnManDn
|j|☆houndoomscroll
|t:|1750748381
|gametype|doubles
|player|p1|AnManDn|mars|1122
|player|p2|houndoomscroll|265|1103
|teamsize|p1|6
|teamsize|p2|5
|gen|9
|tier|[Gen 9] VGC 2025 Reg I
|rated|
|rule|Species Clause: Limit one of each Pokémon
|rule|Item Clause: Limit 1 of each item
|clearpoke
|poke|p1|Indeedee-F, L50, F|
|poke|p1|Urshifu-*, L50, M|
|poke|p1|Calyrex-Ice, L50|
|poke|p1|Iron Valiant, L50|
|poke|p1|Necrozma-Dawn-Wings, L50|
|poke|p1|Incineroar, L50, M|
|poke|p2|Calyrex-Ice, L50|
|poke|p2|Kyurem-White, L50|
|poke|p2|Ninetales-Alola, L50, F|
|poke|p2|Incineroar, L50, M|
|poke|p2|Blastoise, L50, F|
|teampreview|4
|inactive|Battle timer is ON: inactive players will automatically lose when time's up. (requested by houndoomscroll)
|inactive|AnManDn also wants the timer to be on.
houndoomscroll has agreed to open team sheets.
|inactive|AnManDn has 60 seconds left.
|
|t:|1750748416
|start
|switch|p1a: Urshifu|Urshifu, L50, M|100/100
|switch|p1b: Incineroar|Incineroar, L50, M|100/100
|switch|p2a: Calyrex|Calyrex-Ice, L50|100/100
|switch|p2b: Ninetales|Ninetales-Alola, L50, F|100/100
|-ability|p2a: Calyrex|As One
|-ability|p2a: Calyrex|Unnerve
|-weather|Snowscape|[from] ability: Snow Warning|[of] p2b: Ninetales
|-ability|p1b: Incineroar|Intimidate|boost
|-unboost|p2a: Calyrex|atk|1
|-unboost|p2b: Ninetales|atk|1
|-enditem|p2a: Calyrex|White Herb
|-clearnegativeboost|p2a: Calyrex|[silent]
|turn|1
|inactive|houndoomscroll has 30 seconds left.
|inactive|houndoomscroll has 20 seconds left.
|inactive|houndoomscroll has 15 seconds left.
|
|t:|1750748460
|-terastallize|p2a: Calyrex|Fire
|move|p2a: Calyrex|Protect|p2a: Calyrex
|-singleturn|p2a: Calyrex|Protect
|move|p1b: Incineroar|Fake Out|p2b: Ninetales
|-damage|p2b: Ninetales|87/100
|cant|p2b: Ninetales|flinch
|move|p1a: Urshifu|Wicked Blow|p2a: Calyrex
|-crit|p2a: Calyrex
|-damage|p2a: Calyrex|58/100
|
|-weather|Snowscape|[upkeep]
|upkeep
|turn|2
|
|t:|1750748481
|move|p1a: Urshifu|Protect|p1a: Urshifu
|-singleturn|p1a: Urshifu|Protect
|move|p2b: Ninetales|Moonblast|p1a: Urshifu
|-activate|p1a: Urshifu|move: Protect
|move|p1b: Incineroar|Flare Blitz|p2b: Ninetales
|-supereffective|p2b: Ninetales
|-damage|p2b: Ninetales|0 fnt
|faint|p2b: Ninetales
|-damage|p1b: Incineroar|79/100|[from] Recoil
|move|p2a: Calyrex|High Horsepower|p1b: Incineroar
|-supereffective|p1b: Incineroar
|-damage|p1b: Incineroar|0 fnt
|faint|p1b: Incineroar
|-ability|p2a: Calyrex|Chilling Neigh|boost
|-boost|p2a: Calyrex|atk|1
|
|-weather|Snowscape|[upkeep]
|upkeep
|
|t:|1750748496
|switch|p2b: Blastoise|Blastoise, L50, F|100/100
|switch|p1b: How Hungry?|Calyrex-Ice, L50|100/100
|-ability|p1b: How Hungry?|As One
|-ability|p1b: How Hungry?|Unnerve
|turn|3
|
|t:|1750748511
|move|p2b: Blastoise|Fake Out|p1a: Urshifu
|-damage|p1a: Urshifu|92/100
|move|p1a: Urshifu|Wicked Blow|p2a: Calyrex
|-crit|p2a: Calyrex
|-damage|p2a: Calyrex|19/100
|move|p2a: Calyrex|High Horsepower|p1b: How Hungry?
|-damage|p1b: How Hungry?|71/100
|move|p1b: How Hungry?|Glacial Lance|p2b: Blastoise|[spread] p2a,p2b
|-resisted|p2a: Calyrex
|-resisted|p2b: Blastoise
|-damage|p2a: Calyrex|0 fnt
|-damage|p2b: Blastoise|63/100
|faint|p2a: Calyrex
|-ability|p1b: How Hungry?|Chilling Neigh|boost
|-boost|p1b: How Hungry?|atk|1
|
|-weather|Snowscape|[upkeep]
|upkeep
|
|t:|1750748525
|switch|p2a: Kyurem|Kyurem-White, L50|100/100
|-ability|p2a: Kyurem|Turboblaze
|turn|4
|
|t:|1750748543
|move|p2a: Kyurem|Fusion Flare|p1b: How Hungry?
|-supereffective|p1b: How Hungry?
|-damage|p1b: How Hungry?|0 fnt
|faint|p1b: How Hungry?
|move|p2b: Blastoise|Blizzard|p1a: Urshifu
|-damage|p1a: Urshifu|54/100
|move|p1a: Urshifu|Wicked Blow|p2b: Blastoise
|-crit|p2b: Blastoise
|-damage|p2b: Blastoise|0 fnt
|faint|p2b: Blastoise
|
|-weather|Snowscape|[upkeep]
|upkeep
|
|t:|1750748546
|switch|p1b: Necrozma|Necrozma-Dawn-Wings, L50|100/100
|turn|5
|
|t:|1750748567
|move|p1a: Urshifu|Protect|p1a: Urshifu
|-singleturn|p1a: Urshifu|Protect
|move|p2a: Kyurem|Fusion Flare|p1a: Urshifu
|-activate|p1a: Urshifu|move: Protect
|move|p1b: Necrozma|Trick Room|p1b: Necrozma
|-fieldstart|move: Trick Room|[of] p1b: Necrozma
|
|-weather|Snowscape|[upkeep]
|upkeep
|turn|6
|
|t:|1750748575
|move|p1b: Necrozma|Moongeist Beam|p2a: Kyurem
|-damage|p2a: Kyurem|40/100
|-damage|p1b: Necrozma|91/100|[from] item: Life Orb
|move|p1a: Urshifu|Close Combat|p2a: Kyurem
|-supereffective|p2a: Kyurem
|-damage|p2a: Kyurem|0 fnt
|-unboost|p1a: Urshifu|def|1
|-unboost|p1a: Urshifu|spd|1
|faint|p2a: Kyurem
|
|win|AnManDn
|raw|AnManDn's rating: 1122 &rarr; <strong>1146</strong><br />(+24 for winning)
|raw|houndoomscroll's rating: 1103 &rarr; <strong>1079</strong><br />(-24 for losing)
|l|☆AnManDn
|player|p1|
|l|☆houndoomscroll
|player|p2|
