|j|☆NativeEel9
|j|☆ampersandwich
|t:|1750715832
|gametype|doubles
|player|p1|NativeEel9|101|1071
|player|p2|ampersandwich|rocketgruntf|1134
|teamsize|p1|6
|teamsize|p2|6
|gen|9
|tier|[Gen 9] VGC 2025 Reg I
|rated|
|rule|Species Clause: Limit one of each Pokémon
|rule|Item Clause: Limit 1 of each item
|clearpoke
|poke|p1|Incineroar, L50, F|
|poke|p1|Zamazenta-*, L50|
|poke|p1|Flutter Mane, L50|
|poke|p1|Koraidon, L50|
|poke|p1|Urshifu-*, L50, F|
|poke|p1|Zapdos, L50|
|poke|p2|Miraidon, L50|
|poke|p2|Lunala, L50|
|poke|p2|Incineroar, L50, F|
|poke|p2|Grimmsnarl, L50, M|
|poke|p2|Landorus, L50, M|
|poke|p2|Ogerpon-Wellspring, L50, F|
|teampreview|4
ampersandwich has agreed to open team sheets.
|
|t:|1750715875
|start
|switch|p1a: Koraidon|Koraidon, L50|100/100
|switch|p1b: Flutter Mane|Flutter Mane, L50|100/100
|switch|p2a: Miraidon|Miraidon, L50|100/100
|switch|p2b: Incineroar|Incineroar, L50, F|100/100
|-fieldstart|move: Electric Terrain|[from] ability: Hadron Engine|[of] p2a: Miraidon
|-weather|SunnyDay|[from] ability: Orichalcum Pulse|[of] p1a: Koraidon
|-activate|p1b: Flutter Mane|ability: Protosynthesis
|-start|p1b: Flutter Mane|protosynthesisspe
|-activate|p1a: Koraidon|Orichalcum Pulse|[source]
|-ability|p2b: Incineroar|Intimidate|boost
|-unboost|p1a: Koraidon|atk|1
|-unboost|p1b: Flutter Mane|atk|1
|turn|1
|
|t:|1750715912
|move|p2b: Incineroar|Fake Out|p1a: Koraidon
|-damage|p1a: Koraidon|88/100
|move|p1b: Flutter Mane|Moonblast|p2a: Miraidon
|-supereffective|p2a: Miraidon
|-damage|p2a: Miraidon|0 fnt
|faint|p2a: Miraidon
|cant|p1a: Koraidon|flinch
|
|-weather|SunnyDay|[upkeep]
|upkeep
|
|t:|1750715930
|switch|p2a: Lunala|Lunala, L50|100/100
|-enditem|p2a: Lunala|Electric Seed
|-boost|p2a: Lunala|def|1|[from] item: Electric Seed
|turn|2
|
|t:|1750715943
|-terastallize|p2a: Lunala|Fairy
|move|p1a: Koraidon|Protect|p1a: Koraidon
|-singleturn|p1a: Koraidon|Protect
|move|p1b: Flutter Mane|Moonblast|p2b: Incineroar
|-damage|p2b: Incineroar|46/100
|move|p2a: Lunala|Moonblast|p1a: Koraidon
|-activate|p1a: Koraidon|move: Protect
|move|p2b: Incineroar|Knock Off|p1b: Flutter Mane
|-damage|p1b: Flutter Mane|0 fnt
|-enditem|p1b: Flutter Mane|Choice Specs|[from] move: Knock Off|[of] p2b: Incineroar
|faint|p1b: Flutter Mane
|-end|p1b: Flutter Mane|Protosynthesis|[silent]
|
|-weather|SunnyDay|[upkeep]
|upkeep
|
|t:|1750715958
|switch|p1b: Zamazenta|Zamazenta-Crowned, L50|100/100
|-ability|p1b: Zamazenta|Dauntless Shield|boost
|-boost|p1b: Zamazenta|def|1
|turn|3
|
|t:|1750715984
|move|p1a: Koraidon|Close Combat|p2b: Incineroar
|-supereffective|p2b: Incineroar
|-damage|p2b: Incineroar|0 fnt
|-unboost|p1a: Koraidon|def|1
|-unboost|p1a: Koraidon|spd|1
|faint|p2b: Incineroar
|-damage|p1a: Koraidon|79/100|[from] item: Life Orb
|move|p1b: Zamazenta|Heavy Slam|p2a: Lunala
|-supereffective|p2a: Lunala
|-damage|p2a: Lunala|78/100
|move|p2a: Lunala|Moonblast|p1a: Koraidon
|-supereffective|p1a: Koraidon
|-damage|p1a: Koraidon|0 fnt
|faint|p1a: Koraidon
|
|-weather|SunnyDay|[upkeep]
|upkeep
|
|t:|1750715999
|switch|p1a: Incineroar|Incineroar, L50, F|100/100
|switch|p2b: Landorus|Landorus, L50, M|100/100
|-ability|p1a: Incineroar|Intimidate|boost
|-unboost|p2a: Lunala|atk|1
|-unboost|p2b: Landorus|atk|1
|turn|4
|
|t:|1750716025
|move|p2b: Landorus|Protect|p2b: Landorus
|-singleturn|p2b: Landorus|Protect
|move|p1a: Incineroar|Fake Out|p2a: Lunala
|-damage|p2a: Lunala|73/100
|move|p1b: Zamazenta|Heavy Slam|p2a: Lunala
|-supereffective|p2a: Lunala
|-damage|p2a: Lunala|30/100
|cant|p2a: Lunala|flinch
|
|-weather|SunnyDay|[upkeep]
|upkeep
|turn|5
|
|t:|1750716060
|-terastallize|p1a: Incineroar|Bug
|move|p1b: Zamazenta|Protect|p1b: Zamazenta
|-singleturn|p1b: Zamazenta|Protect
|move|p2b: Landorus|Sandsear Storm|p1a: Incineroar|[spread] 
|-activate|p1b: Zamazenta|move: Protect
|-miss|p2b: Landorus|p1a: Incineroar
|move|p2a: Lunala|Moonblast|p1a: Incineroar
|-damage|p1a: Incineroar|52/100
|move|p1a: Incineroar|Knock Off|p2a: Lunala
|-resisted|p2a: Lunala
|-damage|p2a: Lunala|24/100
|
|-weather|none
|-fieldend|move: Electric Terrain
|upkeep
|turn|6
|
|t:|1750716084
|move|p1b: Zamazenta|Wide Guard|p1b: Zamazenta
|-singleturn|p1b: Zamazenta|Wide Guard
|move|p2b: Landorus|Earth Power|p1b: Zamazenta
|-supereffective|p1b: Zamazenta
|-damage|p1b: Zamazenta|0 fnt
|faint|p1b: Zamazenta
|move|p2a: Lunala|Moongeist Beam|p1a: Incineroar
|-damage|p1a: Incineroar|0 fnt
|faint|p1a: Incineroar
|
|win|ampersandwich
|raw|NativeEel9's rating: 1071 &rarr; <strong>1054</strong><br />(-17 for losing)
|raw|ampersandwich's rating: 1134 &rarr; <strong>1155</strong><br />(+21 for winning)
|l|☆NativeEel9
|player|p1|
