|j|☆Aboeroekoe
|j|☆Rayelrizz
|t:|1750861262
|gametype|doubles
|player|p1|Aboeroekoe|1|1194
|player|p2|Rayelrizz|2|1115
|teamsize|p1|6
|teamsize|p2|6
|gen|9
|tier|[Gen 9] VGC 2025 Reg I
|rated|
|rule|Species Clause: Limit one of each Pokémon
|rule|Item Clause: Limit 1 of each item
|clearpoke
|poke|p1|Zamazenta-*, L50|
|poke|p1|Gastrodon, L50, M|
|poke|p1|Tyranitar, L50, M|
|poke|p1|Dialga-Origin, L50|
|poke|p1|Slowking-Galar, L50, F|
|poke|p1|Ursaluna-Bloodmoon, L50, M|
|poke|p2|Kyogre, L50|
|poke|p2|Zamazenta-*, L50|
|poke|p2|Incineroar, L50, M|
|poke|p2|Rillaboom, L50, M|
|poke|p2|Chien-Pao, L50|
|poke|p2|Landorus, L50, M|
|teampreview|4
|inactive|Battle timer is ON: inactive players will automatically lose when time's up. (requested by Aboeroekoe)
Aboeroekoe rejected open team sheets.
|inactive|Aboeroekoe has 60 seconds left.
|inactive|Aboeroekoe has 30 seconds left.
|
|t:|1750861324
|start
|switch|p1a: Tyranitar|Tyranitar, L50, M|100/100
|switch|p1b: Slowking|Slowking-Galar, L50, F|100/100
|switch|p2a: Kyogre|Kyogre, L50|100/100
|switch|p2b: Rillaboom|Rillaboom, L50, M|100/100
|-weather|RainDance|[from] ability: Drizzle|[of] p2a: Kyogre
|-fieldstart|move: Grassy Terrain|[from] ability: Grassy Surge|[of] p2b: Rillaboom
|-weather|Sandstorm|[from] ability: Sand Stream|[of] p1a: Tyranitar
|turn|1
|inactive|Aboeroekoe has 30 seconds left.
|
|t:|1750861361
|switch|p2a: Landorus|Landorus, L50, M|100/100
|move|p1a: Tyranitar|Protect|p1a: Tyranitar
|-singleturn|p1a: Tyranitar|Protect
|move|p2b: Rillaboom|U-turn|p1a: Tyranitar
|-activate|p1a: Tyranitar|move: Protect
|move|p1b: Slowking|Trick Room|p1b: Slowking
|-fieldstart|move: Trick Room|[of] p1b: Slowking
|
|-weather|Sandstorm|[upkeep]
|-damage|p1b: Slowking|95/100|[from] Sandstorm
|-damage|p2b: Rillaboom|94/100|[from] Sandstorm
|-heal|p1b: Slowking|100/100|[from] Grassy Terrain
|-heal|p2b: Rillaboom|100/100|[from] Grassy Terrain
|upkeep
|turn|2
|
|t:|1750861379
|switch|p2b: Kyogre|Kyogre, L50|100/100
|-weather|RainDance|[from] ability: Drizzle|[of] p2b: Kyogre
|move|p1b: Slowking|Sludge Bomb|p2b: Kyogre
|-damage|p2b: Kyogre|75/100
|-status|p2b: Kyogre|psn
|move|p1a: Tyranitar|Rock Slide|p2b: Kyogre|[spread] p2b
|-miss|p1a: Tyranitar|p2a: Landorus
|-damage|p2b: Kyogre|35/100 psn
|move|p2a: Landorus|Sandsear Storm|p1b: Slowking|[spread] p1a,p1b
|-supereffective|p1a: Tyranitar
|-supereffective|p1b: Slowking
|-damage|p1a: Tyranitar|0 fnt
|-damage|p1b: Slowking|22/100
|faint|p1a: Tyranitar
|
|-weather|RainDance|[upkeep]
|-heal|p1b: Slowking|28/100|[from] Grassy Terrain
|-heal|p1b: Slowking|34/100|[from] item: Black Sludge
|-heal|p2b: Kyogre|41/100 psn|[from] Grassy Terrain
|-damage|p2b: Kyogre|29/100 psn|[from] psn
|upkeep
|
|t:|1750861397
|switch|p1a: Gastrodon|Gastrodon, L50, M|100/100
|turn|3
|
|t:|1750861413
|switch|p2a: Rillaboom|Rillaboom, L50, M|100/100
|move|p1b: Slowking|Light Screen|p1b: Slowking
|-sidestart|p1: Aboeroekoe|move: Light Screen
|move|p1a: Gastrodon|Ice Beam|p2a: Rillaboom
|-supereffective|p2a: Rillaboom
|-damage|p2a: Rillaboom|71/100
|move|p2b: Kyogre|Origin Pulse|p1b: Slowking|[spread] 
|-ability|p1a: Gastrodon|Storm Drain|boost
|-boost|p1a: Gastrodon|spa|1
|-miss|p2b: Kyogre|p1b: Slowking
|
|-weather|RainDance|[upkeep]
|-heal|p1b: Slowking|40/100|[from] Grassy Terrain
|-heal|p1b: Slowking|46/100|[from] item: Black Sludge
|-heal|p2a: Rillaboom|77/100|[from] Grassy Terrain
|-heal|p2b: Kyogre|35/100 psn|[from] Grassy Terrain
|-damage|p2b: Kyogre|23/100 psn|[from] psn
|upkeep
|turn|4
|inactive|Rayelrizz has 30 seconds left.
|
|t:|1750861447
|switch|p2b: Landorus|Landorus, L50, M|100/100
|move|p1b: Slowking|Sludge Bomb|p2a: Rillaboom
|-supereffective|p2a: Rillaboom
|-damage|p2a: Rillaboom|29/100
|move|p1a: Gastrodon|Ice Beam|p2a: Rillaboom
|-supereffective|p2a: Rillaboom
|-crit|p2a: Rillaboom
|-damage|p2a: Rillaboom|0 fnt
|faint|p2a: Rillaboom
|
|-weather|RainDance|[upkeep]
|-heal|p1b: Slowking|51/100|[from] Grassy Terrain
|-heal|p1b: Slowking|57/100|[from] item: Black Sludge
|upkeep
|
|t:|1750861465
|switch|p2a: Chien-Pao|Chien-Pao, L50|100/100
|-ability|p2a: Chien-Pao|Sword of Ruin
|turn|5
|
|t:|1750861482
|switch|p1b: Zamazenta|Zamazenta-Crowned, L50|100/100
|-ability|p1b: Zamazenta|Dauntless Shield|boost
|-boost|p1b: Zamazenta|def|1
|move|p2b: Landorus|Protect|p2b: Landorus
|-singleturn|p2b: Landorus|Protect
|move|p2a: Chien-Pao|Protect|p2a: Chien-Pao
|-singleturn|p2a: Chien-Pao|Protect
|move|p1a: Gastrodon|Ice Beam|p2b: Landorus
|-activate|p2b: Landorus|move: Protect
|
|-weather|RainDance|[upkeep]
|-fieldend|move: Trick Room
|-fieldend|move: Grassy Terrain
|upkeep
|turn|6
|inactive|Rayelrizz has 30 seconds left.
|
|t:|1750861514
|move|p2a: Chien-Pao|Sacred Sword|p1b: Zamazenta
|-supereffective|p1b: Zamazenta
|-damage|p1b: Zamazenta|62/100
|move|p2b: Landorus|Sandsear Storm|p1a: Gastrodon|[spread] p1a,p1b
|-supereffective|p1b: Zamazenta
|-damage|p1a: Gastrodon|69/100
|-damage|p1b: Zamazenta|0 fnt
|faint|p1b: Zamazenta
|move|p1a: Gastrodon|Ice Beam|p2b: Landorus
|-supereffective|p2b: Landorus
|-damage|p2b: Landorus|0 fnt
|faint|p2b: Landorus
|
|-weather|none
|upkeep
|
|t:|1750861529
|switch|p2b: Kyogre|Kyogre, L50|23/100 psn
|switch|p1b: Slowking|Slowking-Galar, L50, F|91/100
|-weather|RainDance|[from] ability: Drizzle|[of] p2b: Kyogre
|turn|7
|inactive|Aboeroekoe has 30 seconds left.
|inactive|Rayelrizz has 30 seconds left.
|inactive|Aboeroekoe has 20 seconds left.
|inactive|Aboeroekoe has 15 seconds left.
|inactive|Aboeroekoe has 10 seconds left.
|
|t:|1750861577
|-terastallize|p2a: Chien-Pao|Dark
|move|p2a: Chien-Pao|Sucker Punch|p1a: Gastrodon
|-damage|p1a: Gastrodon|0 fnt
|faint|p1a: Gastrodon
|move|p2b: Kyogre|Thunderbolt|p1b: Slowking
|-damage|p1b: Slowking|68/100
|move|p1b: Slowking|Trick Room|p1b: Slowking
|-fieldstart|move: Trick Room|[of] p1b: Slowking
|
|-weather|RainDance|[upkeep]
|-heal|p1b: Slowking|74/100|[from] item: Black Sludge
|-damage|p2b: Kyogre|10/100 psn|[from] psn
|-sideend|p1: Aboeroekoe|move: Light Screen
|upkeep
|turn|8
|
|t:|1750861596
|move|p2a: Chien-Pao|Protect|p2a: Chien-Pao
|-singleturn|p2a: Chien-Pao|Protect
|move|p1b: Slowking|Light Screen|p1b: Slowking
|-sidestart|p1: Aboeroekoe|move: Light Screen
|move|p2b: Kyogre|Thunderbolt|p1b: Slowking
|-damage|p1b: Slowking|53/100
|
|-weather|RainDance|[upkeep]
|-heal|p1b: Slowking|59/100|[from] item: Black Sludge
|-damage|p2b: Kyogre|0 fnt|[from] psn
|faint|p2b: Kyogre
|upkeep
|turn|9
|
|t:|1750861614
|-terastallize|p1b: Slowking|Steel
|move|p2a: Chien-Pao|Ice Shard|p1b: Slowking
|-resisted|p1b: Slowking
|-damage|p1b: Slowking|45/100
|move|p1b: Slowking|Sludge Bomb|p2a: Chien-Pao
|-damage|p2a: Chien-Pao|47/100
|
|-weather|RainDance|[upkeep]
|-damage|p1b: Slowking|33/100|[from] item: Black Sludge
|upkeep
|turn|10
|
|t:|1750861626
|move|p1b: Slowking|Sludge Bomb|p2a: Chien-Pao
|-damage|p2a: Chien-Pao|0 fnt
|faint|p2a: Chien-Pao
|
|win|Aboeroekoe
|raw|Aboeroekoe's rating: 1194 &rarr; <strong>1213</strong><br />(+19 for winning)
|raw|Rayelrizz's rating: 1115 &rarr; <strong>1096</strong><br />(-19 for losing)
|l|☆Rayelrizz
|player|p2|
|c|☆Aboeroekoe|gg
|l|☆Aboeroekoe
|player|p1|
