|j|☆AsukaHikaru
|j|☆hdlshshxvqjw
|t:|1750834261
|gametype|doubles
|player|p1|AsukaHikaru|1|1620
|player|p2|hdlshshxvqjw|169|1664
|teamsize|p1|6
|teamsize|p2|6
|gen|9
|tier|[Gen 9] VGC 2025 Reg I
|rated|
|rule|Species Clause: Limit one of each Pokémon
|rule|Item Clause: Limit 1 of each item
|clearpoke
|poke|p1|Calyrex-Ice, L50|
|poke|p1|Whimsicott, L50, F|
|poke|p1|Urshifu-*, L50, M|
|poke|p1|Landorus, L50, M|
|poke|p1|Incineroar, L50, M|
|poke|p1|Miraidon, L50|
|poke|p2|Ho-Oh, L50|
|poke|p2|Calyrex-Shadow, L50|
|poke|p2|Walking Wake, L50|
|poke|p2|Incineroar, L50, M|
|poke|p2|Landorus, L50, M|
|poke|p2|Toxapex, L50, F|
|teampreview|4
|
|t:|1750834306
|start
|switch|p1a: Whimsicott|Whimsicott, L50, F|100/100
|switch|p1b: Miraidon|Miraidon, L50|100/100
|switch|p2a: Calyrex|Calyrex-Shadow, L50|100/100
|switch|p2b: Toxapex|Toxapex, L50, F|100/100
|-ability|p2a: Calyrex|As One
|-ability|p2a: Calyrex|Unnerve
|-fieldstart|move: Electric Terrain|[from] ability: Hadron Engine|[of] p1b: Miraidon
|turn|1
|j| Dvsh_1604
|
|t:|1750834329
|switch|p2b: Landorus|Landorus, L50, M|100/100
|move|p1a: Whimsicott|Light Screen|p1a: Whimsicott
|-sidestart|p1: AsukaHikaru|move: Light Screen
|move|p2a: Calyrex|Astral Barrage|p1a: Whimsicott|[spread] p1a,p1b
|-damage|p1a: Whimsicott|56/100
|-damage|p1b: Miraidon|77/100
|move|p1b: Miraidon|Volt Switch|p2a: Calyrex
|-damage|p2a: Calyrex|11/100
|
|t:|1750834341
|switch|p1b: Calyrex|Calyrex-Ice, L50|100/100|[from] Volt Switch
|-ability|p1b: Calyrex|As One
|-ability|p1b: Calyrex|Unnerve
|
|upkeep
|turn|2
|
|t:|1750834363
|switch|p2a: Toxapex|Toxapex, L50, F|100/100
|switch|p2b: Ho-Oh|Ho-Oh, L50|100/100
|-terastallize|p1b: Calyrex|Fairy
|move|p1a: Whimsicott|Tailwind|p1a: Whimsicott
|-sidestart|p1: AsukaHikaru|move: Tailwind
|move|p1b: Calyrex|Glacial Lance|p2b: Ho-Oh|[spread] p2a,p2b
|-resisted|p2a: Toxapex
|-damage|p2a: Toxapex|79/100
|-damage|p2b: Ho-Oh|61/100
|
|upkeep
|turn|3
|
|t:|1750834378
|switch|p1a: Miraidon|Miraidon, L50|77/100
|-activate|p1a: Miraidon|ability: Hadron Engine
|move|p1b: Calyrex|Leech Seed|p2a: Toxapex
|-start|p2a: Toxapex|move: Leech Seed
|move|p2b: Ho-Oh|Recover|p2b: Ho-Oh
|-heal|p2b: Ho-Oh|100/100
|move|p2a: Toxapex|Toxic Spikes|p1b: Calyrex
|-sidestart|p1: AsukaHikaru|move: Toxic Spikes
|
|-damage|p2a: Toxapex|67/100|[from] Leech Seed|[of] p1b: Calyrex
|upkeep
|turn|4
|inactive|Battle timer is ON: inactive players will automatically lose when time's up. (requested by hdlshshxvqjw)
|
|t:|1750834409
|switch|p2b: Landorus|Landorus, L50, M|100/100
|move|p2a: Toxapex|Wide Guard|p2a: Toxapex
|-singleturn|p2a: Toxapex|Wide Guard
|move|p1a: Miraidon|Volt Switch|p2a: Toxapex
|-supereffective|p2a: Toxapex
|-damage|p2a: Toxapex|0 fnt
|faint|p2a: Toxapex
|
|t:|1750834419
|switch|p1a: Landorus|Landorus, L50, M|100/100|[from] Volt Switch
|move|p1b: Calyrex|Glacial Lance|p2b: Landorus
|-activate|p2b: Landorus|move: Wide Guard
|
|upkeep
|
|t:|1750834428
|switch|p2a: Ho-Oh|Ho-Oh, L50|100/100
|turn|5
|
|t:|1750834436
|move|p2b: Landorus|Protect|p2b: Landorus
|-singleturn|p2b: Landorus|Protect
|move|p1a: Landorus|Sludge Bomb|p2a: Ho-Oh
|-damage|p2a: Ho-Oh|74/100
|move|p2a: Ho-Oh|Whirlwind|p1b: Calyrex
|drag|p1b: Miraidon|Miraidon, L50|77/100
|-status|p1b: Miraidon|psn
|-activate|p1b: Miraidon|ability: Hadron Engine
|
|-damage|p1b: Miraidon|64/100 psn|[from] psn
|-sideend|p1: AsukaHikaru|move: Light Screen
|-sideend|p1: AsukaHikaru|move: Tailwind
|-fieldend|move: Electric Terrain
|upkeep
|turn|6
|
|t:|1750834457
|move|p2a: Ho-Oh|Protect|p2a: Ho-Oh
|-singleturn|p2a: Ho-Oh|Protect
|move|p1b: Miraidon|Volt Switch|p2a: Ho-Oh
|-activate|p2a: Ho-Oh|move: Protect
|move|p2b: Landorus|Sandsear Storm|p1a: Landorus|[spread] 
|-immune|p1a: Landorus
|-miss|p2b: Landorus|p1b: Miraidon
|move|p1a: Landorus|Sludge Bomb|p2a: Ho-Oh
|-activate|p2a: Ho-Oh|move: Protect
|
|-damage|p1b: Miraidon|52/100 psn|[from] psn
|upkeep
|turn|7
|
|t:|1750834478
|switch|p2a: Calyrex|Calyrex-Shadow, L50|11/100
|-ability|p2a: Calyrex|As One
|-ability|p2a: Calyrex|Unnerve
|move|p1b: Miraidon|Volt Switch|p2a: Calyrex
|-damage|p2a: Calyrex|0 fnt
|faint|p2a: Calyrex
|
|t:|1750834487
|switch|p1b: Calyrex|Calyrex-Ice, L50, tera:Fairy|100/100|[from] Volt Switch
|-ability|p1b: Calyrex|As One
|-ability|p1b: Calyrex|Unnerve
|-status|p1b: Calyrex|psn
|move|p2b: Landorus|Substitute|p2b: Landorus
|-start|p2b: Landorus|Substitute
|-damage|p2b: Landorus|76/100
|move|p1a: Landorus|Sludge Bomb|p2b: Landorus
|-resisted|p2b: Landorus
|-end|p2b: Landorus|Substitute
|
|-heal|p2b: Landorus|82/100|[from] item: Leftovers
|-damage|p1b: Calyrex|88/100 psn|[from] psn
|upkeep
|
|t:|1750834492
|switch|p2a: Ho-Oh|Ho-Oh, L50|100/100
|turn|8
|
|t:|1750834508
|move|p2b: Landorus|Sludge Bomb|p1b: Calyrex
|-supereffective|p1b: Calyrex
|-damage|p1b: Calyrex|44/100 psn
|move|p1a: Landorus|Sludge Bomb|p2b: Landorus
|-resisted|p2b: Landorus
|-crit|p2b: Landorus
|-damage|p2b: Landorus|43/100
|move|p2a: Ho-Oh|Sacred Fire|p1b: Calyrex
|-damage|p1b: Calyrex|19/100 psn
|move|p1b: Calyrex|Leech Seed|p2a: Ho-Oh
|-start|p2a: Ho-Oh|move: Leech Seed
|
|-heal|p2b: Landorus|49/100|[from] item: Leftovers
|-heal|p1b: Calyrex|25/100 psn|[from] item: Leftovers
|-damage|p2a: Ho-Oh|88/100|[from] Leech Seed|[of] p1b: Calyrex
|-heal|p1b: Calyrex|37/100 psn|[silent]
|-damage|p1b: Calyrex|25/100 psn|[from] psn
|upkeep
|turn|9
|
|t:|1750834531
|move|p1b: Calyrex|Protect|p1b: Calyrex
|-singleturn|p1b: Calyrex|Protect
|move|p1a: Landorus|Sludge Bomb|p2b: Landorus
|-resisted|p2b: Landorus
|-crit|p2b: Landorus
|-damage|p2b: Landorus|9/100
|move|p2b: Landorus|Sludge Bomb|p1b: Calyrex
|-activate|p1b: Calyrex|move: Protect
|move|p2a: Ho-Oh|Sacred Fire|p1a: Landorus
|-crit|p1a: Landorus
|-damage|p1a: Landorus|33/100
|-status|p1a: Landorus|brn
|
|-heal|p2b: Landorus|16/100|[from] item: Leftovers
|-heal|p1b: Calyrex|31/100 psn|[from] item: Leftovers
|-damage|p2a: Ho-Oh|76/100|[from] Leech Seed|[of] p1b: Calyrex
|-heal|p1b: Calyrex|43/100 psn|[silent]
|-damage|p1b: Calyrex|31/100 psn|[from] psn
|-damage|p1a: Landorus|27/100 brn|[from] brn
|upkeep
|turn|10
|
|t:|1750834550
|move|p1a: Landorus|Sludge Bomb|p2a: Ho-Oh
|-damage|p2a: Ho-Oh|49/100
|move|p2b: Landorus|Sludge Bomb|p1b: Calyrex
|-supereffective|p1b: Calyrex
|-damage|p1b: Calyrex|0 fnt
|faint|p1b: Calyrex
|move|p2a: Ho-Oh|Sacred Fire|p1a: Landorus
|-damage|p1a: Landorus|0 fnt
|faint|p1a: Landorus
|
|-heal|p2b: Landorus|22/100|[from] item: Leftovers
|upkeep
|
|t:|1750834559
|switch|p1a: Whimsicott|Whimsicott, L50, F|56/100
|switch|p1b: Miraidon|Miraidon, L50|52/100 psn
|-fieldstart|move: Electric Terrain|[from] ability: Hadron Engine|[of] p1b: Miraidon
|-status|p1a: Whimsicott|psn
|turn|11
|
|t:|1750834572
|-terastallize|p2b: Landorus|Fairy
|move|p1a: Whimsicott|Tickle|p2a: Ho-Oh
|-unboost|p2a: Ho-Oh|atk|1
|-unboost|p2a: Ho-Oh|def|1
|move|p1b: Miraidon|Dazzling Gleam|p2a: Ho-Oh|[spread] p2a,p2b
|-resisted|p2a: Ho-Oh
|-damage|p2a: Ho-Oh|39/100
|-damage|p2b: Landorus|0 fnt
|faint|p2b: Landorus
|move|p2a: Ho-Oh|Sacred Fire|p1a: Whimsicott
|-supereffective|p1a: Whimsicott
|-crit|p1a: Whimsicott
|-damage|p1a: Whimsicott|0 fnt
|faint|p1a: Whimsicott
|
|-damage|p2a: Ho-Oh|27/100|[from] Leech Seed|[of] p1b: Miraidon
|-heal|p1b: Miraidon|65/100 psn|[silent]
|-damage|p1b: Miraidon|53/100 psn|[from] psn
|upkeep
|turn|12
|
|t:|1750834587
|move|p1b: Miraidon|Dazzling Gleam|p2a: Ho-Oh
|-resisted|p2a: Ho-Oh
|-damage|p2a: Ho-Oh|14/100
|move|p2a: Ho-Oh|Recover|p2a: Ho-Oh
|-heal|p2a: Ho-Oh|64/100
|
|-damage|p2a: Ho-Oh|52/100|[from] Leech Seed|[of] p1b: Miraidon
|-heal|p1b: Miraidon|65/100 psn|[silent]
|-damage|p1b: Miraidon|53/100 psn|[from] psn
|upkeep
|turn|13
|
|t:|1750834595
|move|p1b: Miraidon|Dazzling Gleam|p2a: Ho-Oh
|-resisted|p2a: Ho-Oh
|-damage|p2a: Ho-Oh|38/100
|move|p2a: Ho-Oh|Recover|p2a: Ho-Oh
|-heal|p2a: Ho-Oh|88/100
|
|-damage|p2a: Ho-Oh|76/100|[from] Leech Seed|[of] p1b: Miraidon
|-heal|p1b: Miraidon|66/100 psn|[silent]
|-damage|p1b: Miraidon|54/100 psn|[from] psn
|upkeep
|turn|14
|
|t:|1750834599
|move|p1b: Miraidon|Dazzling Gleam|p2a: Ho-Oh
|-resisted|p2a: Ho-Oh
|-damage|p2a: Ho-Oh|62/100
|move|p2a: Ho-Oh|Sacred Fire|p1b: Miraidon
|-resisted|p1b: Miraidon
|-damage|p1b: Miraidon|42/100 psn
|
|-damage|p2a: Ho-Oh|49/100|[from] Leech Seed|[of] p1b: Miraidon
|-heal|p1b: Miraidon|55/100 psn|[silent]
|-damage|p1b: Miraidon|42/100 psn|[from] psn
|upkeep
|turn|15
|
|t:|1750834603
|move|p1b: Miraidon|Dazzling Gleam|p2a: Ho-Oh
|-resisted|p2a: Ho-Oh
|-damage|p2a: Ho-Oh|35/100
|move|p2a: Ho-Oh|Recover|p2a: Ho-Oh
|-heal|p2a: Ho-Oh|85/100
|
|-damage|p2a: Ho-Oh|73/100|[from] Leech Seed|[of] p1b: Miraidon
|-heal|p1b: Miraidon|55/100 psn|[silent]
|-damage|p1b: Miraidon|43/100 psn|[from] psn
|-fieldend|move: Electric Terrain
|upkeep
|turn|16
|
|t:|1750834606
|move|p1b: Miraidon|Dazzling Gleam|p2a: Ho-Oh
|-resisted|p2a: Ho-Oh
|-damage|p2a: Ho-Oh|62/100
|move|p2a: Ho-Oh|Sacred Fire|p1b: Miraidon
|-resisted|p1b: Miraidon
|-damage|p1b: Miraidon|30/100 psn
|
|-damage|p2a: Ho-Oh|50/100|[from] Leech Seed|[of] p1b: Miraidon
|-heal|p1b: Miraidon|43/100 psn|[silent]
|-damage|p1b: Miraidon|31/100 psn|[from] psn
|upkeep
|turn|17
|
|t:|1750834611
|move|p1b: Miraidon|Dazzling Gleam|p2a: Ho-Oh
|-resisted|p2a: Ho-Oh
|-damage|p2a: Ho-Oh|39/100
|move|p2a: Ho-Oh|Recover|p2a: Ho-Oh
|-heal|p2a: Ho-Oh|89/100
|
|-damage|p2a: Ho-Oh|77/100|[from] Leech Seed|[of] p1b: Miraidon
|-heal|p1b: Miraidon|43/100 psn|[silent]
|-damage|p1b: Miraidon|31/100 psn|[from] psn
|upkeep
|turn|18
|
|t:|1750834614
|move|p1b: Miraidon|Dazzling Gleam|p2a: Ho-Oh
|-resisted|p2a: Ho-Oh
|-damage|p2a: Ho-Oh|68/100
|move|p2a: Ho-Oh|Sacred Fire|p1b: Miraidon
|-resisted|p1b: Miraidon
|-damage|p1b: Miraidon|18/100 psn
|
|-damage|p2a: Ho-Oh|55/100|[from] Leech Seed|[of] p1b: Miraidon
|-heal|p1b: Miraidon|31/100 psn|[silent]
|-damage|p1b: Miraidon|19/100 psn|[from] psn
|upkeep
|turn|19
|-message|AsukaHikaru forfeited.
|
|win|hdlshshxvqjw
|raw|AsukaHikaru's rating: 1620 &rarr; <strong>1603</strong><br />(-17 for losing)
|raw|hdlshshxvqjw's rating: 1664 &rarr; <strong>1681</strong><br />(+17 for winning)
|l|☆AsukaHikaru
|player|p1|
|l|☆hdlshshxvqjw
|player|p2|
|l| Dvsh_1604
