|j|☆Danielon611
|j|☆dzjkk247
|t:|1750856419
|gametype|doubles
|player|p1|Danielon611|2|1191
|player|p2|dzjkk247|unknown|1264
|teamsize|p1|6
|teamsize|p2|6
|gen|9
|tier|[Gen 9] VGC 2025 Reg I
|rated|
|rule|Species Clause: Limit one of each Pokémon
|rule|Item Clause: Limit 1 of each item
|clearpoke
|poke|p1|Calyrex-Shadow, L50|
|poke|p1|Zamazenta-*, L50|
|poke|p1|Tornadus, L50, M|
|poke|p1|Chi-Yu, L50|
|poke|p1|Chien-Pao, L50|
|poke|p1|Incineroar, L50, F|
|poke|p2|Calyrex-Ice, L50|
|poke|p2|Miraidon, L50|
|poke|p2|Incineroar, L50, M|
|poke|p2|Volcarona, L50, F|
|poke|p2|Iron Hands, L50|
|poke|p2|Tornadus, L50, M|
|teampreview|4
|inactive|Battle timer is ON: inactive players will automatically lose when time's up. (requested by Danielon611)
|inactive|Danielon611 has 60 seconds left.
|
|t:|1750856461
|start
|switch|p1a: Chien-Pao|Chien-Pao, L50|100/100
|switch|p1b: Tornadus|Tornadus, L50, M|100/100
|switch|p2a: Miraidon|Miraidon, L50|100/100
|switch|p2b: Incineroar|Incineroar, L50, M|100/100
|-fieldstart|move: Electric Terrain|[from] ability: Hadron Engine|[of] p2a: Miraidon
|-ability|p1a: Chien-Pao|Sword of Ruin
|-ability|p2b: Incineroar|Intimidate|boost
|-unboost|p1a: Chien-Pao|atk|1
|-unboost|p1b: Tornadus|atk|1
|turn|1
|
|t:|1750856484
|move|p2b: Incineroar|Fake Out|p1a: Chien-Pao
|-damage|p1a: Chien-Pao|86/100
|move|p1b: Tornadus|Tailwind|p1b: Tornadus
|-sidestart|p1: Danielon611|move: Tailwind
|cant|p1a: Chien-Pao|flinch
|move|p2a: Miraidon|Volt Switch|p1b: Tornadus
|-supereffective|p1b: Tornadus
|-damage|p1b: Tornadus|0 fnt
|faint|p1b: Tornadus
|
|t:|1750856499
|switch|p2a: Calyrex|Calyrex-Ice, L50|100/100|[from] Volt Switch
|-ability|p2a: Calyrex|As One
|-ability|p2a: Calyrex|Unnerve
|
|upkeep
|
|t:|1750856510
|switch|p1b: Zamazenta|Zamazenta-Crowned, L50|100/100
|-ability|p1b: Zamazenta|Dauntless Shield|boost
|-boost|p1b: Zamazenta|def|1
|turn|2
|
|t:|1750856530
|switch|p2a: Volcarona|Volcarona, L50, F, shiny|100/100
|move|p1a: Chien-Pao|Ice Spinner|p2a: Volcarona
|-resisted|p2a: Volcarona
|-damage|p2a: Volcarona|73/100
|-fieldend|move: Electric Terrain
|move|p1b: Zamazenta|Body Press|p2b: Incineroar
|-supereffective|p2b: Incineroar
|-damage|p2b: Incineroar|0 fnt
|faint|p2b: Incineroar
|
|-heal|p2a: Volcarona|79/100|[from] item: Leftovers
|upkeep
|
|t:|1750856545
|switch|p2b: Miraidon|Miraidon, L50|100/100
|-fieldstart|move: Electric Terrain|[from] ability: Hadron Engine|[of] p2b: Miraidon
|turn|3
|
|t:|1750856558
|move|p1b: Zamazenta|Protect|p1b: Zamazenta
|-singleturn|p1b: Zamazenta|Protect
|move|p2a: Volcarona|Rage Powder|p2a: Volcarona
|-singleturn|p2a: Volcarona|move: Rage Powder
|move|p1a: Chien-Pao|Ice Spinner|p2a: Volcarona
|-resisted|p2a: Volcarona
|-damage|p2a: Volcarona|52/100
|-fieldend|move: Electric Terrain
|move|p2b: Miraidon|Electro Drift|p1b: Zamazenta
|-activate|p1b: Zamazenta|move: Protect
|
|-heal|p2a: Volcarona|58/100|[from] item: Leftovers
|upkeep
|turn|4
|inactive|dzjkk247 has 30 seconds left.
|inactive|Danielon611 has 30 seconds left.
|inactive|dzjkk247 has 20 seconds left.
|inactive|Danielon611 has 20 seconds left.
|
|t:|1750856602
|move|p2a: Volcarona|Rage Powder|p2a: Volcarona
|-singleturn|p2a: Volcarona|move: Rage Powder
|move|p1a: Chien-Pao|Ice Spinner|p2a: Volcarona
|-resisted|p2a: Volcarona
|-damage|p2a: Volcarona|32/100
|move|p1b: Zamazenta|Body Press|p2a: Volcarona
|-resisted|p2a: Volcarona
|-damage|p2a: Volcarona|0 fnt
|faint|p2a: Volcarona
|move|p2b: Miraidon|Electro Drift|p1b: Zamazenta
|-damage|p1b: Zamazenta|50/100
|
|-sideend|p1: Danielon611|move: Tailwind
|upkeep
|
|t:|1750856614
|switch|p2a: Calyrex|Calyrex-Ice, L50|100/100
|-ability|p2a: Calyrex|As One
|-ability|p2a: Calyrex|Unnerve
|turn|5
|
|t:|1750856634
|-terastallize|p2a: Calyrex|Fire
|move|p2b: Miraidon|Electro Drift|p1a: Chien-Pao
|-damage|p1a: Chien-Pao|0 fnt
|faint|p1a: Chien-Pao
|move|p1b: Zamazenta|Body Press|p2b: Miraidon
|-damage|p2b: Miraidon|25/100
|move|p2a: Calyrex|Trick Room|p2a: Calyrex
|-fieldstart|move: Trick Room|[of] p2a: Calyrex
|
|upkeep
|
|t:|1750856645
|switch|p1a: Calyrex|Calyrex-Shadow, L50|100/100
|-ability|p1a: Calyrex|As One
|-ability|p1a: Calyrex|Unnerve
|turn|6
|
|t:|1750856657
|move|p1a: Calyrex|Protect|p1a: Calyrex
|-singleturn|p1a: Calyrex|Protect
|move|p2a: Calyrex|High Horsepower|p1b: Zamazenta
|-supereffective|p1b: Zamazenta
|-damage|p1b: Zamazenta|18/100
|move|p1b: Zamazenta|Body Press|p2b: Miraidon
|-damage|p2b: Miraidon|0 fnt
|faint|p2b: Miraidon
|
|upkeep
|turn|7
|
|t:|1750856677
|-terastallize|p1a: Calyrex|Ground
|move|p1b: Zamazenta|Wide Guard|p1b: Zamazenta
|-singleturn|p1b: Zamazenta|Wide Guard
|move|p2a: Calyrex|Glacial Lance|p1a: Calyrex|[spread] 
|-activate|p1a: Calyrex|move: Wide Guard
|-activate|p1b: Zamazenta|move: Wide Guard
|move|p1a: Calyrex|Tera Blast|p2a: Calyrex|[anim] Tera Blast Ground
|-supereffective|p2a: Calyrex
|-damage|p2a: Calyrex|17/100
|-damage|p1a: Calyrex|91/100|[from] item: Life Orb
|
|upkeep
|turn|8
|inactive|Danielon611 has 30 seconds left.
|inactive|Danielon611 has 20 seconds left.
|inactive|Danielon611 has 15 seconds left.
|
|t:|1750856721
|move|p1a: Calyrex|Protect|p1a: Calyrex
|-singleturn|p1a: Calyrex|Protect
|move|p1b: Zamazenta|Wide Guard|p1b: Zamazenta
|-singleturn|p1b: Zamazenta|Wide Guard
|move|p2a: Calyrex|High Horsepower|p1a: Calyrex
|-activate|p1a: Calyrex|move: Protect
|
|upkeep
|turn|9
|
|t:|1750856739
|move|p1b: Zamazenta|Wide Guard|p1b: Zamazenta
|-singleturn|p1b: Zamazenta|Wide Guard
|move|p2a: Calyrex|Glacial Lance|p1a: Calyrex|[spread] 
|-activate|p1a: Calyrex|move: Wide Guard
|-activate|p1b: Zamazenta|move: Wide Guard
|move|p1a: Calyrex|Tera Blast|p2a: Calyrex|[anim] Tera Blast Ground
|-supereffective|p2a: Calyrex
|-damage|p2a: Calyrex|0 fnt
|faint|p2a: Calyrex
|-damage|p1a: Calyrex|81/100|[from] item: Life Orb
|
|win|Danielon611
|raw|Danielon611's rating: 1191 &rarr; <strong>1221</strong><br />(+30 for winning)
|raw|dzjkk247's rating: 1264 &rarr; <strong>1234</strong><br />(-30 for losing)
|c|☆dzjkk247|gg
