|j|☆heero vgc
|j|☆unbecomingduck
|html|<table width="100%"><tr><td align="left">heero vgc</td><td align="right">unbecomingduck</tr><tr><td align="left"><i class="fa fa-circle"></i> <i class="fa fa-circle-o"></i> </td><td align="right"><i class="fa fa-circle-o"></i> <i class="fa fa-circle"></i> </tr></table>
|uhtml|bestof|<h2><strong>Game 3</strong> of <a href="/game-bestof3-gen9vgc2025regi-2390609278">a best-of-3</a></h2>
|t:|1750736394
|gametype|doubles
|player|p1|heero vgc|blue|
|player|p2|unbecomingduck|266|
|teamsize|p1|6
|teamsize|p2|6
|gen|9
|tier|[Gen 9] VGC 2025 Reg I
|rule|Species Clause: Limit one of each Pokémon
|rule|Item Clause: Limit 1 of each item
|raw|<div class="infobox"><details class="readmore" open><summary><strong>1 custom rule:</strong></summary> Best of = 3</details></div>
|clearpoke
|poke|p1|Koraidon, L50|
|poke|p1|Reshiram, L50|
|poke|p1|Clefable, L50, M|
|poke|p1|Dudunsparce-*, L50, M|
|poke|p1|Cresselia, L50, F|
|poke|p1|Victreebel, L50, F|
|poke|p2|Lunala, L50|
|poke|p2|Dialga, L50|
|poke|p2|Great Tusk, L50|
|poke|p2|Incineroar, L50, F|
|poke|p2|Cyclizar, L50, F|
|poke|p2|Cloyster, L50, M|
|teampreview|4
|
|t:|1750736448
|start
|switch|p1a: Reshiram|Reshiram, L50|100/100
|switch|p1b: Dudunsparce|Dudunsparce, L50, M|100/100
|switch|p2a: Dialga|Dialga, L50|100/100
|switch|p2b: Cyclizar|Cyclizar, L50, F|100/100
|-ability|p1a: Reshiram|Turboblaze
|turn|1
|
|t:|1750736476
|switch|p1b: Koraidon|Koraidon, L50|100/100
|-weather|SunnyDay|[from] ability: Orichalcum Pulse|[of] p1b: Koraidon
|-activate|p1b: Koraidon|Orichalcum Pulse|[source]
|-terastallize|p1a: Reshiram|Fire
|move|p2a: Dialga|Protect|p2a: Dialga
|-singleturn|p2a: Dialga|Protect
|move|p2b: Cyclizar|Shed Tail|p2b: Cyclizar
|-start|p2b: Cyclizar|Substitute|[from] move: Shed Tail
|-damage|p2b: Cyclizar|50/100
|
|t:|1750736487
|switch|p2b: Great Tusk|Great Tusk, L50|100/100|[from] Shed Tail
|-activate|p2b: Great Tusk|ability: Protosynthesis
|-start|p2b: Great Tusk|protosynthesisatk
|move|p1a: Reshiram|Blue Flare|p2a: Dialga
|-activate|p2a: Dialga|move: Protect
|
|-weather|SunnyDay|[upkeep]
|upkeep
|turn|2
|
|t:|1750736497
|switch|p1a: Cresselia|Cresselia, L50, F|100/100
|move|p1b: Koraidon|Flare Blitz|p2b: Great Tusk
|-end|p2b: Great Tusk|Substitute
|-damage|p1b: Koraidon|93/100|[from] Recoil|[of] p2b: Great Tusk
|move|p2a: Dialga|Draco Meteor|p1b: Koraidon
|-supereffective|p1b: Koraidon
|-damage|p1b: Koraidon|0 fnt
|-unboost|p2a: Dialga|spa|2
|faint|p1b: Koraidon
|move|p2b: Great Tusk|Headlong Rush|p1a: Cresselia
|-immune|p1a: Cresselia|[from] ability: Levitate
|
|-weather|SunnyDay|[upkeep]
|upkeep
|
|t:|1750736505
|switch|p1b: Reshiram|Reshiram, L50, tera:Fire|100/100
|-ability|p1b: Reshiram|Turboblaze
|turn|3
|
|t:|1750736514
|-end|p2b: Great Tusk|Protosynthesis|[silent]
|switch|p2b: Cyclizar|Cyclizar, L50, F|83/100
|-terastallize|p2a: Dialga|Water
|move|p1b: Reshiram|Heat Wave|p2a: Dialga|[spread] p2b
|-miss|p1b: Reshiram|p2a: Dialga
|-resisted|p2b: Cyclizar
|-damage|p2b: Cyclizar|0 fnt
|faint|p2b: Cyclizar
|move|p1a: Cresselia|Psychic|p2a: Dialga
|-damage|p2a: Dialga|85/100
|move|p2a: Dialga|Trick Room|p2a: Dialga
|-fieldstart|move: Trick Room|[of] p2a: Dialga
|
|-weather|SunnyDay|[upkeep]
|upkeep
|
|t:|1750736516
|switch|p2b: Great Tusk|Great Tusk, L50|100/100
|-activate|p2b: Great Tusk|ability: Protosynthesis
|-start|p2b: Great Tusk|protosynthesisatk
|turn|4
|
|t:|1750736564
|switch|p2a: Incineroar|Incineroar, L50, F|100/100
|-ability|p2a: Incineroar|Intimidate|boost
|-unboost|p1a: Cresselia|atk|1
|-unboost|p1b: Reshiram|atk|1
|switch|p1b: Dudunsparce|Dudunsparce, L50, M|100/100
|move|p2b: Great Tusk|Rock Slide|p1b: Dudunsparce|[spread] p1a,p1b
|-damage|p1a: Cresselia|73/100
|-damage|p1b: Dudunsparce|74/100
|move|p1a: Cresselia|Psychic|p2b: Great Tusk
|-supereffective|p2b: Great Tusk
|-damage|p2b: Great Tusk|36/100
|
|-weather|SunnyDay|[upkeep]
|-heal|p1b: Dudunsparce|80/100|[from] item: Leftovers
|upkeep
|turn|5
|
|t:|1750736582
|move|p1a: Cresselia|Protect|p1a: Cresselia
|-singleturn|p1a: Cresselia|Protect
|move|p2a: Incineroar|Flare Blitz|p1a: Cresselia
|-activate|p1a: Cresselia|move: Protect
|move|p1b: Dudunsparce|Boomburst|p2b: Great Tusk|[spread] p2a,p2b
|-activate|p1a: Cresselia|move: Protect
|-damage|p2a: Incineroar|72/100
|-damage|p2b: Great Tusk|0 fnt
|faint|p2b: Great Tusk
|-end|p2b: Great Tusk|Protosynthesis|[silent]
|
|-weather|none
|-heal|p1b: Dudunsparce|86/100|[from] item: Leftovers
|upkeep
|
|t:|1750736584
|switch|p2b: Dialga|Dialga, L50, tera:Water|85/100
|turn|6
|
|t:|1750736598
|move|p2a: Incineroar|Flare Blitz|p1a: Cresselia
|-damage|p1a: Cresselia|42/100
|-status|p1a: Cresselia|brn
|-damage|p2a: Incineroar|60/100|[from] Recoil
|move|p1b: Dudunsparce|Calm Mind|p1b: Dudunsparce
|-boost|p1b: Dudunsparce|spa|1
|-boost|p1b: Dudunsparce|spd|1
|move|p2b: Dialga|Draco Meteor|p1a: Cresselia
|-damage|p1a: Cresselia|9/100 brn
|-unboost|p2b: Dialga|spa|2
|move|p1a: Cresselia|Thunder Wave|p2b: Dialga
|-status|p2b: Dialga|par
|
|-heal|p1b: Dudunsparce|92/100|[from] item: Leftovers
|-damage|p1a: Cresselia|3/100 brn|[from] brn
|upkeep
|turn|7
|
|t:|1750736609
|move|p1a: Cresselia|Protect|p1a: Cresselia
|-singleturn|p1a: Cresselia|Protect
|cant|p2b: Dialga|par
|move|p2a: Incineroar|Knock Off|p1a: Cresselia
|-activate|p1a: Cresselia|move: Protect
|move|p1b: Dudunsparce|Boomburst|p2b: Dialga|[spread] p2a,p2b
|-activate|p1a: Cresselia|move: Protect
|-damage|p2a: Incineroar|14/100
|-damage|p2b: Dialga|51/100 par
|
|-heal|p1b: Dudunsparce|98/100|[from] item: Leftovers
|-damage|p1a: Cresselia|0 fnt|[from] brn
|faint|p1a: Cresselia
|-fieldend|move: Trick Room
|upkeep
|
|t:|1750736620
|switch|p1a: Reshiram|Reshiram, L50, tera:Fire|100/100
|-ability|p1a: Reshiram|Turboblaze
|turn|8
|
|t:|1750736649
|move|p1a: Reshiram|Draco Meteor|p2b: Dialga|[miss]
|-miss|p1a: Reshiram|p2b: Dialga
|move|p1b: Dudunsparce|Boomburst|p2b: Dialga|[spread] p1a,p2a,p2b
|-damage|p1a: Reshiram|58/100
|-damage|p2a: Incineroar|0 fnt
|-damage|p2b: Dialga|15/100 par
|faint|p2a: Incineroar
|cant|p2b: Dialga|par
|
|-heal|p1b: Dudunsparce|100/100|[from] item: Leftovers
|upkeep
|turn|9
|
|t:|1750736654
|move|p1a: Reshiram|Draco Meteor|p2b: Dialga
|-damage|p2b: Dialga|0 fnt
|-unboost|p1a: Reshiram|spa|2
|faint|p2b: Dialga
|
|win|heero vgc
|c|☆unbecomingduck|gg
|c|☆heero vgc|GG
|l|☆unbecomingduck
|player|p2|
|j|☆unbecomingduck
|player|p2|unbecomingduck|266|
