|j|‽nobody9028
|j|☆suc vat vk
|t:|1750738037
|gametype|doubles
|player|p1|nobody9028|dawn|1619
|player|p2|suc vat vk|kimonogirl|1561
|teamsize|p1|6
|teamsize|p2|6
|gen|9
|tier|[Gen 9] VGC 2025 Reg I
|rated|
|rule|Species Clause: Limit one of each Pokémon
|rule|Item Clause: Limit 1 of each item
|clearpoke
|poke|p1|Miraidon, L50|
|poke|p1|Whimsicott, L50, F|
|poke|p1|Farigiraf, L50, M|
|poke|p1|Iron Hands, L50|
|poke|p1|Calyrex-Shadow, L50|
|poke|p1|Chi-Yu, L50|
|poke|p2|Terapagos, L50, M|
|poke|p2|Koraidon, L50|
|poke|p2|Volcarona, L50, M|
|poke|p2|Incineroar, L50, F|
|poke|p2|Sableye, L50, F|
|poke|p2|Smeargle, L50, M|
|teampreview|4
|inactive|Battle timer is ON: inactive players will automatically lose when time's up. (requested by suc vat vk)
|j| MARGARETVGC
|inactive|nobody9028 has 60 seconds left.
|
|t:|1750738096
|start
|switch|p1a: Miraidon|Miraidon, L50|100/100
|switch|p1b: Whimsicott|Whimsicott, L50, F|100/100
|switch|p2a: Smeargle|Smeargle, L50, M, shiny|100/100
|switch|p2b: Terapagos|Terapagos, L50, M|100/100
|-activate|p2b: Terapagos|ability: Tera Shift
|detailschange|p2b: Terapagos|Terapagos-Terastal, L50, M
|-heal|p2b: Terapagos|100/100|[silent]
|-fieldstart|move: Electric Terrain|[from] ability: Hadron Engine|[of] p1a: Miraidon
|turn|1
|
|t:|1750738117
|-terastallize|p1a: Miraidon|Fairy
|move|p2a: Smeargle|Fake Out|p1a: Miraidon
|-damage|p1a: Miraidon|95/100
|cant|p1a: Miraidon|flinch
|move|p1b: Whimsicott|Moonblast|p2a: Smeargle
|-damage|p2a: Smeargle|50/100
|move|p2b: Terapagos|Calm Mind|p2b: Terapagos
|-boost|p2b: Terapagos|spa|1
|-boost|p2b: Terapagos|spd|1
|
|-ability|p2a: Smeargle|Moody|boost
|-boost|p2a: Smeargle|def|2
|-unboost|p2a: Smeargle|spd|1
|upkeep
|turn|2
|
|t:|1750738132
|switch|p1a: Calyrex|Calyrex-Shadow, L50|100/100
|-ability|p1a: Calyrex|As One
|-ability|p1a: Calyrex|Unnerve
|move|p1b: Whimsicott|Encore|p2b: Terapagos
|-start|p2b: Terapagos|Encore
|move|p2a: Smeargle|Decorate|p2b: Terapagos
|-boost|p2b: Terapagos|atk|2
|-boost|p2b: Terapagos|spa|2
|move|p2b: Terapagos|Calm Mind|p2b: Terapagos
|-boost|p2b: Terapagos|spa|1
|-boost|p2b: Terapagos|spd|1
|
|-ability|p2a: Smeargle|Moody|boost
|-boost|p2a: Smeargle|def|2
|-unboost|p2a: Smeargle|spa|1
|upkeep
|turn|3
|inactive|suc vat vk has 30 seconds left.
|inactive|suc vat vk has 20 seconds left.
|inactive|suc vat vk has 15 seconds left.
|inactive|suc vat vk has 10 seconds left.
|inactive|suc vat vk has 5 seconds left.
|
|t:|1750738187
|move|p1b: Whimsicott|Encore|p2a: Smeargle
|-start|p2a: Smeargle|Encore
|move|p1a: Calyrex|Disable|p2b: Terapagos
|-start|p2b: Terapagos|Disable|Calm Mind
|move|p2a: Smeargle|Decorate|p1b: Whimsicott
|-boost|p1b: Whimsicott|atk|2
|-boost|p1b: Whimsicott|spa|2
|cant|p2b: Terapagos|Disable|Calm Mind
|
|-ability|p2a: Smeargle|Moody|boost
|-boost|p2a: Smeargle|atk|2
|-unboost|p2a: Smeargle|spe|1
|upkeep
|turn|4
|inactive|suc vat vk has 30 seconds left.
|inactive|suc vat vk has 20 seconds left.
|
|t:|1750738227
|switch|p2a: Volcarona|Volcarona, L50, M, shiny|100/100
|move|p1b: Whimsicott|Fake Tears|p2b: Terapagos
|-unboost|p2b: Terapagos|spd|2
|move|p1a: Calyrex|Astral Barrage|p2a: Volcarona|[spread] p2a
|-immune|p2b: Terapagos
|-damage|p2a: Volcarona|50/100
|-activate|p2b: Terapagos|move: Struggle
|move|p2b: Terapagos|Struggle|p1b: Whimsicott
|-damage|p1b: Whimsicott|77/100
|-damage|p2b: Terapagos|75/100|[from] recoil
|
|-heal|p2b: Terapagos|82/100|[from] item: Leftovers
|-end|p2b: Terapagos|Encore
|upkeep
|turn|5
|inactive|nobody9028 has 30 seconds left.
|inactive|suc vat vk has 30 seconds left.
|inactive|nobody9028 has 20 seconds left.
|inactive|suc vat vk has 20 seconds left.
|inactive|nobody9028 has 15 seconds left.
|inactive|suc vat vk has 15 seconds left.
|inactive|nobody9028 has 10 seconds left.
|inactive|suc vat vk has 10 seconds left.
|inactive|nobody9028 has 5 seconds left.
|inactive|suc vat vk has 5 seconds left.
|
|t:|1750738282
|move|p1b: Whimsicott|Fake Tears|p2b: Terapagos
|-unboost|p2b: Terapagos|spd|2
|move|p1a: Calyrex|Astral Barrage|p2b: Terapagos|[spread] p2a
|-immune|p2b: Terapagos
|-damage|p2a: Volcarona|0 fnt
|faint|p2a: Volcarona
|-ability|p1a: Calyrex|Grim Neigh|boost
|-boost|p1a: Calyrex|spa|1
|move|p2b: Terapagos|Tera Starstorm|p1a: Calyrex
|-immune|p1a: Calyrex
|
|-heal|p2b: Terapagos|88/100|[from] item: Leftovers
|-fieldend|move: Electric Terrain
|upkeep
|inactive|suc vat vk has 30 seconds left.
|inactive|suc vat vk has 20 seconds left.
|inactive|suc vat vk has 15 seconds left.
|inactive|suc vat vk has 10 seconds left.
|inactive|suc vat vk has 5 seconds left.
|
|t:|1750738337
|switch|p2a: Koraidon|Koraidon, L50|100/100
|-weather|SunnyDay|[from] ability: Orichalcum Pulse|[of] p2a: Koraidon
|-activate|p2a: Koraidon|Orichalcum Pulse|[source]
|turn|6
|inactive|suc vat vk has 30 seconds left.
|inactive|suc vat vk has 20 seconds left.
|inactive|suc vat vk has 15 seconds left.
|inactive|suc vat vk has 10 seconds left.
|inactive|suc vat vk has 5 seconds left.
|
|t:|1750738392
|move|p1b: Whimsicott|Fake Tears|p2a: Koraidon
|-unboost|p2a: Koraidon|spd|2
|move|p1a: Calyrex|Astral Barrage|p2a: Koraidon|[spread] p2a
|-immune|p2b: Terapagos
|-damage|p2a: Koraidon|0 fnt
|faint|p2a: Koraidon
|-ability|p1a: Calyrex|Grim Neigh|boost
|-boost|p1a: Calyrex|spa|1
|move|p2b: Terapagos|Tera Starstorm|p1b: Whimsicott
|-damage|p1b: Whimsicott|0 fnt
|faint|p1b: Whimsicott
|
|-weather|SunnyDay|[upkeep]
|-heal|p2b: Terapagos|94/100|[from] item: Leftovers
|-end|p2b: Terapagos|Disable
|upkeep
|inactive|suc vat vk has 30 seconds left.
|inactive|suc vat vk has 20 seconds left.
|inactive|suc vat vk has 15 seconds left.
|inactive|suc vat vk has 10 seconds left.
|
|t:|1750738440
|switch|p2a: Smeargle|Smeargle, L50, M, shiny|50/100
|switch|p1b: Miraidon|Miraidon, L50, tera:Fairy|95/100
|-fieldstart|move: Electric Terrain|[from] ability: Hadron Engine|[of] p1b: Miraidon
|turn|7
|
|t:|1750738452
|-terastallize|p2b: Terapagos|Stellar
|detailschange|p2b: Terapagos|Terapagos-Stellar, L50, M, tera:Stellar
|-heal|p2b: Terapagos|96/100|[silent]
|-ability|p2b: Terapagos|Teraform Zero
|-weather|none
|-fieldend|move: Electric Terrain
|move|p1a: Calyrex|Protect|p1a: Calyrex
|-singleturn|p1a: Calyrex|Protect
|move|p2a: Smeargle|Fake Out|p1b: Miraidon
|-damage|p1b: Miraidon|90/100
|cant|p1b: Miraidon|flinch
|move|p2b: Terapagos|Tera Starstorm|p1b: Miraidon|[spread] p1b
|-activate|p1a: Calyrex|move: Protect
|-supereffective|p1b: Miraidon
|-damage|p1b: Miraidon|0 fnt
|faint|p1b: Miraidon
|
|-heal|p2b: Terapagos|100/100|[from] item: Leftovers
|-ability|p2a: Smeargle|Moody|boost
|-boost|p2a: Smeargle|spe|2
|-unboost|p2a: Smeargle|def|1
|upkeep
|
|t:|1750738471
|switch|p1b: Farigiraf|Farigiraf, L50, M|100/100
|turn|8
|inactive|nobody9028 has 30 seconds left.
|
|t:|1750738497
|move|p2a: Smeargle|Follow Me|p2a: Smeargle
|-singleturn|p2a: Smeargle|move: Follow Me
|move|p1a: Calyrex|Disable|p2a: Smeargle
|-start|p2a: Smeargle|Disable|Follow Me
|move|p2b: Terapagos|Tera Starstorm|p1a: Calyrex|[spread] p1a,p1b
|-enditem|p1a: Calyrex|Focus Sash
|-damage|p1a: Calyrex|1/100
|-damage|p1b: Farigiraf|21/100
|move|p1b: Farigiraf|Foul Play|p2a: Smeargle
|-damage|p2a: Smeargle|22/100
|
|-ability|p2a: Smeargle|Moody|boost
|-boost|p2a: Smeargle|spd|2
|-unboost|p2a: Smeargle|spe|1
|upkeep
|turn|9
|
|t:|1750738519
|move|p2b: Terapagos|Protect|p2b: Terapagos
|-singleturn|p2b: Terapagos|Protect
|move|p1a: Calyrex|Disable|p2b: Terapagos
|-activate|p2b: Terapagos|move: Protect
|move|p2a: Smeargle|Spore|p1a: Calyrex
|-status|p1a: Calyrex|slp|[from] move: Spore
|move|p1b: Farigiraf|Foul Play|p2a: Smeargle
|-damage|p2a: Smeargle|0 fnt
|faint|p2a: Smeargle
|
|upkeep
|turn|10
|-message|nobody9028 forfeited.
|
|win|suc vat vk
|raw|nobody9028's rating: 1619 &rarr; <strong>1594</strong><br />(-25 for losing)
|raw|suc vat vk's rating: 1537 &rarr; <strong>1562</strong><br />(+25 for winning)
|l|‽nobody9028
|player|p1|
|l|☆suc vat vk
|player|p2|
|l| MARGARETVGC
