|j|☆Lau2529
|j|☆Afroskeleton
|t:|1750779139
|gametype|doubles
|player|p1|Lau2529|hilda-wonderlauncher|1140
|player|p2|Afroskeleton|benga|1103
|teamsize|p1|6
|teamsize|p2|6
|gen|9
|tier|[Gen 9] VGC 2025 Reg I
|rated|
|rule|Species Clause: Limit one of each Pokémon
|rule|Item Clause: Limit 1 of each item
|clearpoke
|poke|p1|Zamazenta-*, L50|
|poke|p1|Comfey, L50, F|
|poke|p1|Chi-Yu, L50|
|poke|p1|Rillaboom, L50, F|
|poke|p1|Gastrodon, L50, F|
|poke|p1|Calyrex-Ice, L50|
|poke|p2|Lugia, L50|
|poke|p2|Pelipper, L50, M|
|poke|p2|Barraskewda, L50, M|
|poke|p2|Archaludon, L50, F|
|poke|p2|Gholdengo, L50|
|poke|p2|Rillaboom, L50, M|
|teampreview|4
Afroskeleton has agreed to open team sheets.
|c|☆Afroskeleton|sup
|
|t:|1750779189
|start
|switch|p1a: Chi-Yu|Chi-Yu, L50|100/100
|switch|p1b: Gastrodon|Gastrodon, L50, F|100/100
|switch|p2a: Pelipper|Pelipper, L50, M|100/100
|switch|p2b: Barraskewda|Barraskewda, L50, M|100/100
|-ability|p1a: Chi-Yu|Beads of Ruin
|-weather|RainDance|[from] ability: Drizzle|[of] p2a: Pelipper
|turn|1
|
|t:|1750779246
|move|p2a: Pelipper|Wide Guard|p2a: Pelipper
|-singleturn|p2a: Pelipper|Wide Guard
|move|p2b: Barraskewda|Close Combat|p1a: Chi-Yu
|-supereffective|p1a: Chi-Yu
|-damage|p1a: Chi-Yu|0 fnt
|-unboost|p2b: Barraskewda|def|1
|-unboost|p2b: Barraskewda|spd|1
|faint|p1a: Chi-Yu
|move|p1b: Gastrodon|Icy Wind|p2b: Barraskewda|[spread] 
|-activate|p2a: Pelipper|move: Wide Guard
|-activate|p2b: Barraskewda|move: Wide Guard
|
|-weather|RainDance|[upkeep]
|upkeep
|
|t:|1750779256
|switch|p1a: Calyrex|Calyrex-Ice, L50|100/100
|-ability|p1a: Calyrex|As One
|-ability|p1a: Calyrex|Unnerve
|turn|2
|
|t:|1750779302
|-terastallize|p1a: Calyrex|Fire
|move|p2b: Barraskewda|Close Combat|p1b: Gastrodon
|-damage|p1b: Gastrodon|51/100
|-unboost|p2b: Barraskewda|def|1
|-unboost|p2b: Barraskewda|spd|1
|move|p2a: Pelipper|Tailwind|p2a: Pelipper
|-sidestart|p2: Afroskeleton|move: Tailwind
|move|p1a: Calyrex|Crunch|p2b: Barraskewda
|-damage|p2b: Barraskewda|0 fnt
|faint|p2b: Barraskewda
|-ability|p1a: Calyrex|Chilling Neigh|boost
|-boost|p1a: Calyrex|atk|1
|move|p1b: Gastrodon|Chilling Water|p2a: Pelipper
|-resisted|p2a: Pelipper
|-damage|p2a: Pelipper|79/100
|-unboost|p2a: Pelipper|atk|1
|
|-weather|RainDance|[upkeep]
|-heal|p1b: Gastrodon|57/100|[from] item: Leftovers
|upkeep
|
|t:|1750779326
|switch|p2b: Archaludon|Archaludon, L50, F|100/100
|turn|3
|
|t:|1750779356
|switch|p2a: Gholdengo|Gholdengo, L50|100/100
|-terastallize|p2b: Archaludon|Electric
|move|p2b: Archaludon|Electro Shot||[still]
|-prepare|p2b: Archaludon|Electro Shot
|-boost|p2b: Archaludon|spa|1
|-anim|p2b: Archaludon|Electro Shot|p1a: Calyrex
|-damage|p1a: Calyrex|31/100
|move|p1a: Calyrex|High Horsepower|p2b: Archaludon
|-supereffective|p2b: Archaludon
|-damage|p2b: Archaludon|0 fnt
|faint|p2b: Archaludon
|-ability|p1a: Calyrex|Chilling Neigh|boost
|-boost|p1a: Calyrex|atk|1
|move|p1b: Gastrodon|Earth Power|p2a: Gholdengo
|-supereffective|p2a: Gholdengo
|-damage|p2a: Gholdengo|34/100
|
|-weather|RainDance|[upkeep]
|-heal|p1b: Gastrodon|63/100|[from] item: Leftovers
|upkeep
|
|t:|1750779373
|switch|p2b: Pelipper|Pelipper, L50, M|79/100
|turn|4
|
|t:|1750779393
|move|p1a: Calyrex|Protect|p1a: Calyrex
|-singleturn|p1a: Calyrex|Protect
|move|p2b: Pelipper|Wide Guard|p2b: Pelipper
|-singleturn|p2b: Pelipper|Wide Guard
|move|p2a: Gholdengo|Make It Rain|p1a: Calyrex|[spread] p1b
|-activate|p1a: Calyrex|move: Protect
|-resisted|p1b: Gastrodon
|-damage|p1b: Gastrodon|43/100
|-unboost|p2a: Gholdengo|spa|1
|move|p1b: Gastrodon|Earth Power|p2a: Gholdengo
|-supereffective|p2a: Gholdengo
|-damage|p2a: Gholdengo|0 fnt
|faint|p2a: Gholdengo
|
|-weather|RainDance|[upkeep]
|-heal|p1b: Gastrodon|49/100|[from] item: Leftovers
|upkeep
|turn|5
|c|☆Afroskeleton|gg
|-message|Afroskeleton forfeited.
|
|win|Lau2529
|raw|Lau2529's rating: 1140 &rarr; <strong>1162</strong><br />(+22 for winning)
|raw|Afroskeleton's rating: 1103 &rarr; <strong>1081</strong><br />(-22 for losing)
|l|☆Afroskeleton
|player|p2|
|l|☆Lau2529
|player|p1|
