|j|☆Mgplay69
|j|☆Cald3
|t:|1750712652
|gametype|doubles
|player|p1|Mgplay69|veteran-gen4|1150
|player|p2|Cald3|cynthia|1117
|teamsize|p1|6
|teamsize|p2|6
|gen|9
|tier|[Gen 9] VGC 2025 Reg I
|rated|
|rule|Species Clause: Limit one of each Pokémon
|rule|Item Clause: Limit 1 of each item
|clearpoke
|poke|p1|Garchomp, L50, M|
|poke|p1|Tornadus-Therian, L50, M|
|poke|p1|Iron Hands, L50|
|poke|p1|Flutter Mane, L50|
|poke|p1|Amoonguss, L50, F|
|poke|p1|Heatran, L50, M|
|poke|p2|Lunala, L50|
|poke|p2|Koraidon, L50|
|poke|p2|Flutter Mane, L50|
|poke|p2|Indeedee-F, L50, F|
|poke|p2|Ogerpon-Cornerstone, L50, F|
|poke|p2|Chi-Yu, L50|
|teampreview|4
|inactive|Battle timer is ON: inactive players will automatically lose when time's up. (requested by Mgplay69)
|
|t:|1750712714
|start
|switch|p1a: Tornadus|Tornadus-Therian, L50, M|100/100
|switch|p1b: Iron Hands|Iron Hands, L50|100/100
|switch|p2a: Ogerpon|Ogerpon-Cornerstone, L50, F|100/100
|switch|p2b: Flutter Mane|Flutter Mane, L50|100/100
|turn|1
|
|t:|1750712732
|-end|p1b: Iron Hands|Quark Drive|[silent]
|switch|p1b: Garchomp|Garchomp, L50, M|100/100
|-terastallize|p2a: Ogerpon|Rock
|detailschange|p2a: Ogerpon|Ogerpon-Cornerstone-Tera, L50, F, tera:Rock
|-ability|p2a: Ogerpon|Embody Aspect (Cornerstone)|boost
|-boost|p2a: Ogerpon|def|1
|move|p2b: Flutter Mane|Moonblast|p1b: Garchomp
|-supereffective|p1b: Garchomp
|-damage|p1b: Garchomp|0 fnt
|faint|p1b: Garchomp
|move|p2a: Ogerpon|Ivy Cudgel|p1a: Tornadus|[anim] Ivy Cudgel Rock
|-supereffective|p1a: Tornadus
|-damage|p1a: Tornadus|0 fnt
|faint|p1a: Tornadus
|
|upkeep
|
|t:|1750712747
|switch|p1b: Flutter Mane|Flutter Mane, L50|100/100
|switch|p1a: Iron Hands|Iron Hands, L50|100/100
|turn|2
|
|t:|1750712767
|move|p2a: Ogerpon|Follow Me|p2a: Ogerpon
|-singleturn|p2a: Ogerpon|move: Follow Me
|move|p1b: Flutter Mane|Shadow Ball|p2a: Ogerpon
|-damage|p2a: Ogerpon|50/100
|move|p2b: Flutter Mane|Icy Wind|p1b: Flutter Mane|[spread] p1b
|-miss|p2b: Flutter Mane|p1a: Iron Hands
|-damage|p1b: Flutter Mane|84/100
|-unboost|p1b: Flutter Mane|spe|1
|move|p1a: Iron Hands|Drain Punch|p2a: Ogerpon
|-supereffective|p2a: Ogerpon
|-damage|p2a: Ogerpon|0 fnt
|faint|p2a: Ogerpon
|detailschange|p2: Ogerpon|Ogerpon-Cornerstone, L50, F|[silent]
|
|upkeep
|
|t:|1750712781
|switch|p2a: Koraidon|Koraidon, L50|100/100
|-weather|SunnyDay|[from] ability: Orichalcum Pulse|[of] p2a: Koraidon
|-activate|p2b: Flutter Mane|ability: Protosynthesis
|-start|p2b: Flutter Mane|protosynthesisspe
|-activate|p1b: Flutter Mane|ability: Protosynthesis
|-start|p1b: Flutter Mane|protosynthesisspa
|-activate|p2a: Koraidon|Orichalcum Pulse|[source]
|turn|3
|
|t:|1750712790
|move|p1a: Iron Hands|Fake Out||[still]
|-hint|Fake Out only works on your first turn out.
|-fail|p1a: Iron Hands
|move|p2b: Flutter Mane|Shadow Ball|p1b: Flutter Mane
|-supereffective|p1b: Flutter Mane
|-damage|p1b: Flutter Mane|0 fnt
|faint|p1b: Flutter Mane
|-end|p1b: Flutter Mane|Protosynthesis|[silent]
|move|p2a: Koraidon|Flare Blitz|p1a: Iron Hands
|-damage|p1a: Iron Hands|16/100
|-damage|p2a: Koraidon|64/100|[from] Recoil
|-damage|p2a: Koraidon|54/100|[from] item: Life Orb
|
|-weather|SunnyDay|[upkeep]
|upkeep
|turn|4
|c|☆Cald3|gg
|
|t:|1750712804
|move|p2b: Flutter Mane|Protect|p2b: Flutter Mane
|-singleturn|p2b: Flutter Mane|Protect
|move|p2a: Koraidon|Protect|p2a: Koraidon
|-singleturn|p2a: Koraidon|Protect
|move|p1a: Iron Hands|Drain Punch|p2a: Koraidon
|-activate|p2a: Koraidon|move: Protect
|
|-weather|SunnyDay|[upkeep]
|upkeep
|turn|5
|c|☆Mgplay69|legal theft
|
|t:|1750712820
|move|p2b: Flutter Mane|Icy Wind|p1a: Iron Hands
|-damage|p1a: Iron Hands|5/100
|-unboost|p1a: Iron Hands|spe|1
|move|p2a: Koraidon|Flame Charge|p1a: Iron Hands
|-damage|p1a: Iron Hands|0 fnt
|-boost|p2a: Koraidon|spe|1
|faint|p1a: Iron Hands
|-end|p1a: Iron Hands|Quark Drive|[silent]
|-damage|p2a: Koraidon|45/100|[from] item: Life Orb
|
|win|Cald3
|raw|Mgplay69's rating: 1150 &rarr; <strong>1123</strong><br />(-27 for losing)
|raw|Cald3's rating: 1117 &rarr; <strong>1144</strong><br />(+27 for winning)
|l|☆Mgplay69
|player|p1|
|l|☆Cald3
|player|p2|
