|j|☆not vgc lugia
|j|☆yuy123
|t:|1750844238
|gametype|doubles
|player|p1|not vgc lugia|ethan|1496
|player|p2|yuy123|li|1495
|teamsize|p1|6
|teamsize|p2|6
|gen|9
|tier|[Gen 9] VGC 2025 Reg I
|rated|
|rule|Species Clause: Limit one of each Pokémon
|rule|Item Clause: Limit 1 of each item
|clearpoke
|poke|p1|Lugia, L50|
|poke|p1|Miraidon, L50|
|poke|p1|Chien-Pao, L50|
|poke|p1|Iron Hands, L50|
|poke|p1|Ogerpon-Wellspring, L50, F|
|poke|p1|Entei, L50|
|poke|p2|Calyrex-Ice, L50|
|poke|p2|Indeedee-F, L50, F|
|poke|p2|Hatterene, L50, F|
|poke|p2|Ursaluna, L50, F|
|poke|p2|Scraggy, L50, M|
|poke|p2|Kyogre, L50|
|teampreview|4
|inactive|Battle timer is ON: inactive players will automatically lose when time's up. (requested by not vgc lugia)
|inactive|not vgc lugia has 60 seconds left.
|j| Hikawari
|inactive|not vgc lugia has 30 seconds left.
|
|t:|1750844309
|start
|switch|p1a: Miraidon|Miraidon, L50|100/100
|switch|p1b: Entei|Entei, L50|100/100
|switch|p2a: Indeedee|Indeedee-F, L50, F|100/100
|switch|p2b: Hatterene|Hatterene, L50, F|100/100
|-fieldstart|move: Electric Terrain|[from] ability: Hadron Engine|[of] p1a: Miraidon
|-fieldstart|move: Psychic Terrain|[from] ability: Psychic Surge|[of] p2a: Indeedee
|turn|1
|
|t:|1750844333
|move|p2a: Indeedee|Follow Me|p2a: Indeedee
|-singleturn|p2a: Indeedee|move: Follow Me
|move|p1a: Miraidon|Snarl|p2a: Indeedee|[spread] p2a,p2b
|-supereffective|p2a: Indeedee
|-damage|p2a: Indeedee|70/100
|-damage|p2b: Hatterene|86/100
|-unboost|p2a: Indeedee|spa|1
|-unboost|p2b: Hatterene|spa|1
|move|p1b: Entei|Crunch|p2a: Indeedee
|-supereffective|p2a: Indeedee
|-damage|p2a: Indeedee|0 fnt
|faint|p2a: Indeedee
|move|p2b: Hatterene|Trick Room|p2b: Hatterene
|-fieldstart|move: Trick Room|[of] p2b: Hatterene
|
|upkeep
|
|t:|1750844353
|switch|p2a: Kyogre|Kyogre, L50|100/100
|-weather|RainDance|[from] ability: Drizzle|[of] p2a: Kyogre
|turn|2
|inactive|not vgc lugia has 30 seconds left.
|
|t:|1750844381
|switch|p1b: Ogerpon|Ogerpon-Wellspring, L50, F|100/100
|-terastallize|p2a: Kyogre|Water
|move|p2b: Hatterene|Dazzling Gleam|p1a: Miraidon|[spread] p1a,p1b
|-supereffective|p1a: Miraidon
|-damage|p1a: Miraidon|57/100
|-damage|p1b: Ogerpon|70/100
|-damage|p2b: Hatterene|76/100|[from] item: Life Orb
|move|p2a: Kyogre|Water Spout|p1a: Miraidon|[spread] p1a
|-heal|p1b: Ogerpon|95/100|[from] ability: Water Absorb|[of] p2a: Kyogre
|-resisted|p1a: Miraidon
|-damage|p1a: Miraidon|1/100
|move|p1a: Miraidon|Snarl|p2a: Kyogre|[spread] p2a,p2b
|-damage|p2a: Kyogre|94/100
|-damage|p2b: Hatterene|60/100
|-unboost|p2a: Kyogre|spa|1
|-unboost|p2b: Hatterene|spa|1
|
|-weather|RainDance|[upkeep]
|upkeep
|turn|3
|inactive|not vgc lugia has 30 seconds left.
|inactive|yuy123 has 30 seconds left.
|inactive|not vgc lugia has 20 seconds left.
|
|t:|1750844417
|switch|p1a: Lugia|Lugia, L50|100/100
|move|p2b: Hatterene|Dazzling Gleam|p1a: Lugia|[spread] p1a,p1b
|-damage|p1a: Lugia|93/100
|-damage|p1b: Ogerpon|71/100
|-damage|p2b: Hatterene|50/100|[from] item: Life Orb
|move|p2a: Kyogre|Thunder|p1b: Ogerpon
|-damage|p1b: Ogerpon|38/100
|move|p1b: Ogerpon|Ivy Cudgel|p2a: Kyogre|[anim] Ivy Cudgel Water
|-resisted|p2a: Kyogre
|-damage|p2a: Kyogre|60/100
|
|-weather|RainDance|[upkeep]
|upkeep
|turn|4
|inactive|yuy123 has 30 seconds left.
|
|t:|1750844444
|switch|p2a: Calyrex|Calyrex-Ice, L50|100/100
|-ability|p2a: Calyrex|As One
|-ability|p2a: Calyrex|Unnerve
|move|p1b: Ogerpon|Spiky Shield|p1b: Ogerpon
|-singleturn|p1b: Ogerpon|move: Protect
|move|p2b: Hatterene|Expanding Force|p1b: Ogerpon|[spread] p1a
|-activate|p1b: Ogerpon|move: Protect
|-resisted|p1a: Lugia
|-damage|p1a: Lugia|79/100
|-damage|p2b: Hatterene|41/100|[from] item: Life Orb
|move|p1a: Lugia|Calm Mind|p1a: Lugia
|-boost|p1a: Lugia|spa|1
|-boost|p1a: Lugia|spd|1
|
|-weather|RainDance|[upkeep]
|upkeep
|turn|5
|inactive|not vgc lugia has 30 seconds left.
|inactive|yuy123 has 30 seconds left.
|inactive|yuy123 has 20 seconds left.
|
|t:|1750844481
|switch|p2b: Kyogre|Kyogre, L50, tera:Water|60/100
|switch|p1b: Entei|Entei, L50|100/100
|move|p1a: Lugia|Protect|p1a: Lugia
|-singleturn|p1a: Lugia|Protect
|move|p2a: Calyrex|Glacial Lance|p1a: Lugia|[spread] p1b
|-activate|p1a: Lugia|move: Protect
|-resisted|p1b: Entei
|-damage|p1b: Entei|68/100
|
|-weather|RainDance|[upkeep]
|-fieldend|move: Trick Room
|-fieldend|move: Psychic Terrain
|upkeep
|turn|6
|inactive|not vgc lugia has 30 seconds left.
|inactive|yuy123 has 30 seconds left.
|
|t:|1750844512
|-terastallize|p1a: Lugia|Fairy
|move|p2a: Calyrex|Protect|p2a: Calyrex
|-singleturn|p2a: Calyrex|Protect
|move|p1a: Lugia|Aeroblast|p2a: Calyrex
|-activate|p2a: Calyrex|move: Protect
|move|p1b: Entei|Crunch|p2a: Calyrex
|-activate|p2a: Calyrex|move: Protect
|move|p2b: Kyogre|Origin Pulse|p1a: Lugia|[spread] p1a,p1b
|-supereffective|p1b: Entei
|-damage|p1a: Lugia|33/100
|-damage|p1b: Entei|0 fnt
|faint|p1b: Entei
|
|-weather|none
|upkeep
|
|t:|1750844517
|switch|p1b: Miraidon|Miraidon, L50|1/100
|-fieldstart|move: Electric Terrain|[from] ability: Hadron Engine|[of] p1b: Miraidon
|-enditem|p1a: Lugia|Electric Seed
|-boost|p1a: Lugia|def|1|[from] item: Electric Seed
|turn|7
|inactive|yuy123 has 30 seconds left.
|inactive|yuy123 has 20 seconds left.
|inactive|yuy123 has 15 seconds left.
|inactive|yuy123 has 10 seconds left.
|inactive|yuy123 has 5 seconds left.
|
|t:|1750844567
|switch|p2a: Hatterene|Hatterene, L50, F|41/100
|move|p1b: Miraidon|Electro Drift|p2a: Hatterene
|-damage|p2a: Hatterene|0 fnt
|faint|p2a: Hatterene
|move|p1a: Lugia|Recover|p1a: Lugia
|-heal|p1a: Lugia|83/100
|move|p2b: Kyogre|Origin Pulse|p1a: Lugia|[spread] p1a,p1b
|-resisted|p1b: Miraidon
|-damage|p1a: Lugia|54/100
|-damage|p1b: Miraidon|0 fnt
|faint|p1b: Miraidon
|
|upkeep
|
|t:|1750844582
|switch|p1b: Ogerpon|Ogerpon-Wellspring, L50, F|38/100
|switch|p2a: Calyrex|Calyrex-Ice, L50|100/100
|-ability|p2a: Calyrex|As One
|-ability|p2a: Calyrex|Unnerve
|turn|8
|inactive|yuy123 has 30 seconds left.
|inactive|yuy123 has 20 seconds left.
|
|t:|1750844617
|move|p1a: Lugia|Aeroblast|p2a: Calyrex
|-damage|p2a: Calyrex|60/100
|move|p1b: Ogerpon|Ivy Cudgel|p2a: Calyrex|[anim] Ivy Cudgel Water
|-damage|p2a: Calyrex|30/100
|move|p2b: Kyogre|Ice Beam|p1b: Ogerpon
|-damage|p1b: Ogerpon|0 fnt
|faint|p1b: Ogerpon
|move|p2a: Calyrex|Trick Room|p2a: Calyrex
|-fieldstart|move: Trick Room|[of] p2a: Calyrex
|
|upkeep
|turn|9
|l| Hikawari
|
|t:|1750844637
|move|p1a: Lugia|Protect|p1a: Lugia
|-singleturn|p1a: Lugia|Protect
|move|p2a: Calyrex|Glacial Lance|p1a: Lugia
|-activate|p1a: Lugia|move: Protect
|move|p2b: Kyogre|Origin Pulse|p1a: Lugia
|-activate|p1a: Lugia|move: Protect
|
|upkeep
|turn|10
|
|t:|1750844644
|move|p2a: Calyrex|Glacial Lance|p1a: Lugia
|-crit|p1a: Lugia
|-damage|p1a: Lugia|0 fnt
|faint|p1a: Lugia
|
|win|yuy123
|raw|not vgc lugia's rating: 1496 &rarr; <strong>1476</strong><br />(-20 for losing)
|raw|yuy123's rating: 1495 &rarr; <strong>1515</strong><br />(+20 for winning)
|l|☆not vgc lugia
|player|p1|
|l|☆yuy123
|player|p2|
