|j|☆bman311
|j|☆turtle100000000
|t:|1750827210
|gametype|doubles
|player|p1|bman311|elesa-masters|
|player|p2|turtle100000000|roxanne|
|teamsize|p1|6
|teamsize|p2|6
|gen|9
|tier|[Gen 9] VGC 2025 Reg I
|rated|Tournament battle
|rule|Species Clause: Limit one of each Pokémon
|rule|Item Clause: Limit 1 of each item
|clearpoke
|poke|p1|Miraidon, L50|
|poke|p1|Lunala, L50|
|poke|p1|Incineroar, L50, M|
|poke|p1|Ursaluna, L50, F|
|poke|p1|Urshifu-*, L50, M|
|poke|p1|Whimsicott, L50, F|
|poke|p2|Miraidon, L50|
|poke|p2|Lunala, L50|
|poke|p2|Incineroar, L50, M|
|poke|p2|Iron Hands, L50|
|poke|p2|Ursaluna, L50, F|
|poke|p2|Ogerpon-Hearthflame, L50, F|
|teampreview|4
|inactive|Battle timer is ON: inactive players will automatically lose when time's up. (requested by bman311)
|j| eriksp9
|inactive|turtle100000000 has 60 seconds left.
|
|t:|1750827243
|start
|switch|p1a: Miraidon|Miraidon, L50|100/100
|switch|p1b: Urshifu|Urshifu-Rapid-Strike, L50, M|100/100
|switch|p2a: Miraidon|Miraidon, L50|100/100
|switch|p2b: Lunala|Lunala, L50|100/100
|-fieldstart|move: Electric Terrain|[from] ability: Hadron Engine|[of] p2a: Miraidon
|-enditem|p2b: Lunala|Electric Seed
|-boost|p2b: Lunala|def|1|[from] item: Electric Seed
|-activate|p1a: Miraidon|ability: Hadron Engine
|turn|1
|inactive|turtle100000000 has 30 seconds left.
|
|t:|1750827272
|switch|p1b: Ursaluna|Ursaluna, L50, F|100/100
|-terastallize|p2a: Miraidon|Fairy
|-terastallize|p1a: Miraidon|Fairy
|move|p2a: Miraidon|Volt Switch|p1b: Ursaluna
|-immune|p1b: Ursaluna
|move|p1a: Miraidon|Dazzling Gleam|p2a: Miraidon|[spread] p2a,p2b
|-damage|p2a: Miraidon|32/100
|-damage|p2b: Lunala|74/100
|move|p2b: Lunala|Trick Room|p2b: Lunala
|-fieldstart|move: Trick Room|[of] p2b: Lunala
|
|-status|p1b: Ursaluna|brn|[from] item: Flame Orb
|upkeep
|turn|2
|
|t:|1750827292
|move|p1b: Ursaluna|Facade|p2a: Miraidon
|-damage|p2a: Miraidon|0 fnt
|faint|p2a: Miraidon
|move|p2b: Lunala|Moonblast|p1b: Ursaluna
|-damage|p1b: Ursaluna|68/100 brn
|-unboost|p1b: Ursaluna|spa|1
|move|p1a: Miraidon|Dazzling Gleam|p2b: Lunala
|-damage|p2b: Lunala|2/100
|
|-damage|p1b: Ursaluna|62/100 brn|[from] brn
|upkeep
|
|t:|1750827303
|switch|p2a: Ursaluna|Ursaluna, L50, F|100/100
|turn|3
|
|t:|1750827324
|switch|p1a: Urshifu|Urshifu-Rapid-Strike, L50, M|100/100
|move|p2a: Ursaluna|Protect|p2a: Ursaluna
|-singleturn|p2a: Ursaluna|Protect
|move|p1b: Ursaluna|Headlong Rush|p2b: Lunala
|-damage|p2b: Lunala|0 fnt
|-unboost|p1b: Ursaluna|def|1
|-unboost|p1b: Ursaluna|spd|1
|faint|p2b: Lunala
|
|-damage|p1b: Ursaluna|56/100 brn|[from] brn
|-status|p2a: Ursaluna|brn|[from] item: Flame Orb
|upkeep
|
|t:|1750827337
|switch|p2b: Iron Hands|Iron Hands, L50|100/100
|-activate|p2b: Iron Hands|ability: Quark Drive
|-start|p2b: Iron Hands|quarkdriveatk
|turn|4
|
|t:|1750827345
|switch|p1a: Lunala|Lunala, L50|100/100
|-enditem|p1a: Lunala|Electric Seed
|-boost|p1a: Lunala|def|1|[from] item: Electric Seed
|move|p2b: Iron Hands|Fake Out|p1a: Lunala
|-immune|p1a: Lunala
|move|p1b: Ursaluna|Headlong Rush|p2b: Iron Hands
|-supereffective|p2b: Iron Hands
|-damage|p2b: Iron Hands|0 fnt
|-unboost|p1b: Ursaluna|def|1
|-unboost|p1b: Ursaluna|spd|1
|faint|p2b: Iron Hands
|-end|p2b: Iron Hands|Quark Drive|[silent]
|move|p2a: Ursaluna|Facade|p1b: Ursaluna
|-damage|p1b: Ursaluna|0 fnt
|faint|p1b: Ursaluna
|
|-damage|p2a: Ursaluna|95/100 brn|[from] brn
|upkeep
|
|t:|1750827366
|switch|p1b: Miraidon|Miraidon, L50, tera:Fairy|100/100
|-activate|p1b: Miraidon|ability: Hadron Engine
|turn|5
|
|t:|1750827371
|move|p2a: Ursaluna|Earthquake|p1a: Lunala|[spread] p1a,p1b
|-damage|p1a: Lunala|83/100
|-damage|p1b: Miraidon|36/100
|move|p1a: Lunala|Moonblast|p2a: Ursaluna
|-damage|p2a: Ursaluna|60/100 brn
|move|p1b: Miraidon|Draco Meteor|p2a: Ursaluna
|-damage|p2a: Ursaluna|0 fnt
|-unboost|p1b: Miraidon|spa|2
|faint|p2a: Ursaluna
|
|win|bman311
|n|☆bman311|bman311
|n|☆turtle100000000|turtle100000000
|n| eriksp9|eriksp9
