|j|☆szoob busziness
|j|☆carrooooooooooot
|t:|1750836282
|gametype|doubles
|player|p1|szoob busziness|miku-ground|1182
|player|p2|carrooooooooooot|bea|1263
|teamsize|p1|6
|teamsize|p2|6
|gen|9
|tier|[Gen 9] VGC 2025 Reg I
|rated|
|rule|Species Clause: Limit one of each Pokémon
|rule|Item Clause: Limit 1 of each item
|clearpoke
|poke|p1|Regidrago, L50|
|poke|p1|Necrozma-Dawn-Wings, L50|
|poke|p1|Walking Wake, L50|
|poke|p1|Regieleki, L50|
|poke|p1|Indeedee-F, L50, F|
|poke|p1|Koraidon, L50|
|poke|p2|Groudon, L50|
|poke|p2|Koraidon, L50|
|poke|p2|Whimsicott, L50, M|
|poke|p2|Incineroar, L50, M|
|poke|p2|Walking Wake, L50|
|poke|p2|Amoonguss, L50, M|
|teampreview|4
|inactive|Battle timer is ON: inactive players will automatically lose when time's up. (requested by szoob busziness)
|
|t:|1750836318
|start
|switch|p1a: Necrozma|Necrozma-Dawn-Wings, L50|100/100
|switch|p1b: Indeedee|Indeedee-F, L50, F|100/100
|switch|p2a: Whimsicott|Whimsicott, L50, M|100/100
|switch|p2b: Walking Wake|Walking Wake, L50|100/100
|-fieldstart|move: Psychic Terrain|[from] ability: Psychic Surge|[of] p1b: Indeedee
|turn|1
|
|t:|1750836339
|move|p1a: Necrozma|Protect|p1a: Necrozma
|-singleturn|p1a: Necrozma|Protect
|move|p2a: Whimsicott|Tailwind|p2a: Whimsicott
|-sidestart|p2: carrooooooooooot|move: Tailwind
|move|p2b: Walking Wake|Dragon Pulse|p1a: Necrozma
|-activate|p1a: Necrozma|move: Protect
|move|p1b: Indeedee|Trick Room|p1b: Indeedee
|-fieldstart|move: Trick Room|[of] p1b: Indeedee
|
|upkeep
|turn|2
|
|t:|1750836358
|move|p1b: Indeedee|Helping Hand|p1a: Necrozma
|-singleturn|p1a: Necrozma|Helping Hand|[of] p1b: Indeedee
|move|p2a: Whimsicott|Light Screen|p2a: Whimsicott
|-sidestart|p2: carrooooooooooot|move: Light Screen
|move|p1a: Necrozma|Meteor Beam||[still]
|-prepare|p1a: Necrozma|Meteor Beam
|-boost|p1a: Necrozma|spa|1
|-enditem|p1a: Necrozma|Power Herb
|-anim|p1a: Necrozma|Meteor Beam|p2b: Walking Wake
|-damage|p2b: Walking Wake|13/100
|move|p2b: Walking Wake|Dragon Pulse|p1a: Necrozma
|-damage|p1a: Necrozma|57/100
|
|upkeep
|turn|3
|
|t:|1750836377
|move|p1b: Indeedee|Helping Hand|p1a: Necrozma
|-singleturn|p1a: Necrozma|Helping Hand|[of] p1b: Indeedee
|move|p1a: Necrozma|Expanding Force|p2a: Whimsicott|[spread] p2a,p2b
|-damage|p2a: Whimsicott|0 fnt
|-damage|p2b: Walking Wake|0 fnt
|faint|p2a: Whimsicott
|faint|p2b: Walking Wake
|-end|p2b: Walking Wake|Protosynthesis|[silent]
|
|upkeep
|c|☆carrooooooooooot|Is
|c|☆carrooooooooooot|Does psychic terrain stop prankster encore
|
|t:|1750836399
|switch|p2b: Koraidon|Koraidon, L50|100/100
|switch|p2a: Groudon|Groudon, L50|100/100
|-weather|SunnyDay|[from] ability: Drought|[of] p2a: Groudon
|-activate|p2b: Koraidon|ability: Orichalcum Pulse
|turn|4
|c|☆szoob busziness|yeah
|c|☆carrooooooooooot|K
|c|☆szoob busziness|dont worry i mess that up a lot
|
|t:|1750836417
|-terastallize|p2b: Koraidon|Fire
|move|p1b: Indeedee|Helping Hand|p1a: Necrozma
|-singleturn|p1a: Necrozma|Helping Hand|[of] p1b: Indeedee
|move|p1a: Necrozma|Expanding Force|p2a: Groudon|[spread] p2a,p2b
|-damage|p2a: Groudon|35/100
|-damage|p2b: Koraidon|0 fnt
|faint|p2b: Koraidon
|move|p2a: Groudon|Precipice Blades|p1b: Indeedee|[spread] p1a,p1b
|-crit|p1b: Indeedee
|-damage|p1a: Necrozma|12/100
|-damage|p1b: Indeedee|3/100
|-enditem|p1b: Indeedee|Sitrus Berry|[eat]
|-heal|p1b: Indeedee|28/100|[from] item: Sitrus Berry
|
|-weather|SunnyDay|[upkeep]
|-sideend|p2: carrooooooooooot|move: Tailwind
|upkeep
|turn|5
|c|☆carrooooooooooot|gg
|
|t:|1750836436
|move|p1b: Indeedee|Helping Hand|p1a: Necrozma
|-singleturn|p1a: Necrozma|Helping Hand|[of] p1b: Indeedee
|move|p1a: Necrozma|Expanding Force|p2a: Groudon
|-damage|p2a: Groudon|0 fnt
|faint|p2a: Groudon
|
|win|szoob busziness
|raw|szoob busziness's rating: 1182 &rarr; <strong>1213</strong><br />(+31 for winning)
|raw|carrooooooooooot's rating: 1263 &rarr; <strong>1232</strong><br />(-31 for losing)
|c|☆carrooooooooooot|Cool team
|c|☆szoob busziness|gg
|c|☆szoob busziness|thanks
|l|☆carrooooooooooot
|player|p2|
|l|☆szoob busziness
|player|p1|
