|j|☆Dillbangaaa
|j|☆zekstr
|t:|1750826499
|gametype|doubles
|player|p1|Dillbangaaa|swimmerf-gen4dp|1194
|player|p2|zekstr|roxie|1165
|teamsize|p1|6
|teamsize|p2|6
|gen|9
|tier|[Gen 9] VGC 2025 Reg I
|rated|
|rule|Species Clause: Limit one of each Pokémon
|rule|Item Clause: Limit 1 of each item
|clearpoke
|poke|p1|Koraidon, L50|
|poke|p1|Lunala, L50|
|poke|p1|Flutter Mane, L50|
|poke|p1|Chi-Yu, L50|
|poke|p1|Brute Bonnet, L50|
|poke|p1|Ursaluna, L50, F|
|poke|p2|Ho-Oh, L50|
|poke|p2|Chien-Pao, L50|
|poke|p2|Whimsicott, L50, F|
|poke|p2|Koraidon, L50|
|poke|p2|Farigiraf, L50, F|
|poke|p2|Brute Bonnet, L50|
|teampreview|4
|j| quaddle
|l| quaddle
|inactive|Battle timer is ON: inactive players will automatically lose when time's up. (requested by Dillbangaaa)
|
|t:|1750826553
|start
|switch|p1a: Koraidon|Koraidon, L50|100/100
|switch|p1b: Chi-Yu|Chi-Yu, L50|100/100
|switch|p2a: Koraidon|Koraidon, L50|100/100
|switch|p2b: Chien-Pao|Chien-Pao, L50|100/100
|-ability|p1b: Chi-Yu|Beads of Ruin
|-weather|SunnyDay|[from] ability: Orichalcum Pulse|[of] p1a: Koraidon
|-activate|p1a: Koraidon|Orichalcum Pulse|[source]
|-ability|p2b: Chien-Pao|Sword of Ruin
|-activate|p2a: Koraidon|ability: Orichalcum Pulse
|turn|1
|inactive|Dillbangaaa has 30 seconds left.
|
|t:|1750826586
|move|p2b: Chien-Pao|Protect|p2b: Chien-Pao
|-singleturn|p2b: Chien-Pao|Protect
|move|p1b: Chi-Yu|Heat Wave|p2b: Chien-Pao|[spread] p2a
|-activate|p2b: Chien-Pao|move: Protect
|-resisted|p2a: Koraidon
|-damage|p2a: Koraidon|57/100
|-status|p2a: Koraidon|brn
|move|p2a: Koraidon|Collision Course|p1b: Chi-Yu
|-supereffective|p1b: Chi-Yu
|-damage|p1b: Chi-Yu|0 fnt
|faint|p1b: Chi-Yu
|move|p1a: Koraidon|Close Combat|p2b: Chien-Pao
|-activate|p2b: Chien-Pao|move: Protect
|
|-weather|SunnyDay|[upkeep]
|-damage|p2a: Koraidon|50/100 brn|[from] brn
|upkeep
|
|t:|1750826604
|switch|p1b: Lunala|Lunala, L50|100/100
|turn|2
|inactive|Dillbangaaa has 30 seconds left.
|
|t:|1750826630
|move|p2b: Chien-Pao|Ice Spinner|p1a: Koraidon
|-supereffective|p1a: Koraidon
|-damage|p1a: Koraidon|12/100
|move|p2a: Koraidon|U-turn|p1b: Lunala
|-damage|p1b: Lunala|91/100
|
|t:|1750826637
|switch|p2a: Farigiraf|Farigiraf, L50, F|100/100|[from] U-turn
|move|p1a: Koraidon|Close Combat|p2b: Chien-Pao
|-supereffective|p2b: Chien-Pao
|-enditem|p2b: Chien-Pao|Focus Sash
|-damage|p2b: Chien-Pao|1/100
|-unboost|p1a: Koraidon|def|1
|-unboost|p1a: Koraidon|spd|1
|-damage|p1a: Koraidon|2/100|[from] item: Life Orb
|move|p1b: Lunala|Meteor Beam||[still]
|-prepare|p1b: Lunala|Meteor Beam
|-boost|p1b: Lunala|spa|1
|-enditem|p1b: Lunala|Power Herb
|-anim|p1b: Lunala|Meteor Beam|p2a: Farigiraf
|-damage|p2a: Farigiraf|57/100
|
|-weather|SunnyDay|[upkeep]
|upkeep
|turn|3
|inactive|Dillbangaaa has 30 seconds left.
|inactive|Dillbangaaa has 20 seconds left.
|
|t:|1750826672
|move|p1a: Koraidon|Protect|p1a: Koraidon
|-singleturn|p1a: Koraidon|Protect
|move|p2b: Chien-Pao|Sucker Punch||[still]
|-fail|p2b: Chien-Pao
|move|p2a: Farigiraf|Hyper Voice|p1b: Lunala|[spread] 
|-activate|p1a: Koraidon|move: Protect
|-immune|p1b: Lunala
|move|p1b: Lunala|Trick Room|p1b: Lunala
|-fieldstart|move: Trick Room|[of] p1b: Lunala
|
|-weather|SunnyDay|[upkeep]
|upkeep
|turn|4
|inactive|Dillbangaaa has 30 seconds left.
|inactive|zekstr has 30 seconds left.
|inactive|zekstr has 20 seconds left.
|
|t:|1750826708
|switch|p1a: Ursaluna|Ursaluna, L50, F, shiny|100/100
|move|p2b: Chien-Pao|Sucker Punch|p1b: Lunala
|-supereffective|p1b: Lunala
|-damage|p1b: Lunala|0 fnt
|faint|p1b: Lunala
|move|p2a: Farigiraf|Hyper Voice|p1a: Ursaluna
|-damage|p1a: Ursaluna|71/100
|
|-weather|SunnyDay|[upkeep]
|-status|p1a: Ursaluna|brn|[from] item: Flame Orb
|upkeep
|
|t:|1750826719
|switch|p1b: Koraidon|Koraidon, L50|2/100
|-activate|p1b: Koraidon|ability: Orichalcum Pulse
|turn|5
|
|t:|1750826740
|move|p1b: Koraidon|Protect|p1b: Koraidon
|-singleturn|p1b: Koraidon|Protect
|move|p2b: Chien-Pao|Sucker Punch|p1a: Ursaluna
|-damage|p1a: Ursaluna|37/100 brn
|move|p2a: Farigiraf|Hyper Voice|p1b: Koraidon|[spread] p1a
|-activate|p1b: Koraidon|move: Protect
|-damage|p1a: Ursaluna|17/100 brn
|move|p1a: Ursaluna|Facade|p2b: Chien-Pao
|-damage|p2b: Chien-Pao|0 fnt
|faint|p2b: Chien-Pao
|
|-weather|none
|-damage|p1a: Ursaluna|11/100 brn|[from] brn
|upkeep
|
|t:|1750826760
|switch|p2b: Ho-Oh|Ho-Oh, L50, shiny|100/100
|turn|6
|
|t:|1750826780
|-terastallize|p1a: Ursaluna|Ghost
|move|p2b: Ho-Oh|Protect|p2b: Ho-Oh
|-singleturn|p2b: Ho-Oh|Protect
|move|p2a: Farigiraf|Hyper Voice|p1a: Ursaluna|[spread] p1b
|-immune|p1a: Ursaluna
|-damage|p1b: Koraidon|0 fnt
|faint|p1b: Koraidon
|move|p1a: Ursaluna|Facade|p2b: Ho-Oh
|-activate|p2b: Ho-Oh|move: Protect
|
|-damage|p1a: Ursaluna|5/100 brn|[from] brn
|upkeep
|turn|7
|inactive|zekstr has 30 seconds left.
|inactive|zekstr has 20 seconds left.
|
|t:|1750826817
|move|p2a: Farigiraf|Helping Hand|p2b: Ho-Oh
|-singleturn|p2b: Ho-Oh|Helping Hand|[of] p2a: Farigiraf
|move|p1a: Ursaluna|Facade|p2b: Ho-Oh
|-crit|p2b: Ho-Oh
|-damage|p2b: Ho-Oh|0 fnt
|faint|p2b: Ho-Oh
|
|-damage|p1a: Ursaluna|0 fnt|[from] brn
|faint|p1a: Ursaluna
|
|win|zekstr
|raw|Dillbangaaa's rating: 1194 &rarr; <strong>1167</strong><br />(-27 for losing)
|raw|zekstr's rating: 1165 &rarr; <strong>1192</strong><br />(+27 for winning)
|l|☆Dillbangaaa
|player|p1|
|l|☆zekstr
|player|p2|
