|j|☆totma
|j|☆Scaramouche_UwU6
|t:|1750798424
|gametype|doubles
|player|p1|totma|unknown|1252
|player|p2|Scaramouche_UwU6|169|1250
|teamsize|p1|6
|teamsize|p2|6
|gen|9
|tier|[Gen 9] VGC 2025 Reg I
|rated|
|rule|Species Clause: Limit one of each Pokémon
|rule|Item Clause: Limit 1 of each item
|clearpoke
|poke|p1|Rayquaza, L50|
|poke|p1|Annihilape, L50, M|
|poke|p1|Chien-Pao, L50|
|poke|p1|Zacian-*, L50|
|poke|p1|Farigiraf, L50, M|
|poke|p1|Volcarona, L50, M|
|poke|p2|Gengar, L50, M|
|poke|p2|Grimmsnarl, L50, M|
|poke|p2|Calyrex-Ice, L50|
|poke|p2|Miraidon, L50|
|poke|p2|Volcarona, L50, F|
|poke|p2|Ogerpon-Wellspring, L50, F|
|teampreview|4
|inactive|Battle timer is ON: inactive players will automatically lose when time's up. (requested by Scaramouche_UwU6)
|inactive|totma has 60 seconds left.
|inactive|totma has 30 seconds left.
|inactive|totma has 20 seconds left.
|
|t:|1750798531
|start
|switch|p1a: Zacian|Zacian-Crowned, L50|100/100
|switch|p1b: Chien-Pao|Chien-Pao, L50|100/100
|switch|p2a: Akane *;)|Ogerpon-Wellspring, L50, F|100/100
|switch|p2b: Changli|Volcarona, L50, F, shiny|100/100
|-ability|p1a: Zacian|Intrepid Sword|boost
|-boost|p1a: Zacian|atk|1
|-ability|p1b: Chien-Pao|Sword of Ruin
|turn|1
|
|t:|1750798539
|move|p1a: Zacian|Protect|p1a: Zacian
|-singleturn|p1a: Zacian|Protect
|move|p1b: Chien-Pao|Protect|p1b: Chien-Pao
|-singleturn|p1b: Chien-Pao|Protect
|move|p2a: Akane *;)|Follow Me|p2a: Akane *;)
|-singleturn|p2a: Akane *;)|move: Follow Me
|move|p2b: Changli|Quiver Dance|p2b: Changli
|-boost|p2b: Changli|spa|1
|-boost|p2b: Changli|spd|1
|-boost|p2b: Changli|spe|1
|
|upkeep
|turn|2
|
|t:|1750798552
|move|p2b: Changli|Protect|p2b: Changli
|-singleturn|p2b: Changli|Protect
|move|p1a: Zacian|Sacred Sword|p2a: Akane *;)
|-damage|p2a: Akane *;)|37/100
|move|p1b: Chien-Pao|Ice Spinner|p2a: Akane *;)
|-damage|p2a: Akane *;)|0 fnt
|faint|p2a: Akane *;)
|
|upkeep
|
|t:|1750798559
|switch|p2a: AcheronIX|Miraidon, L50|100/100
|-fieldstart|move: Electric Terrain|[from] ability: Hadron Engine|[of] p2a: AcheronIX
|-enditem|p2b: Changli|Electric Seed
|-boost|p2b: Changli|def|1|[from] item: Electric Seed
|turn|3
|inactive|totma has 30 seconds left.
|inactive|totma has 20 seconds left.
|
|t:|1750798594
|-terastallize|p2a: AcheronIX|Steel
|move|p2b: Changli|Struggle Bug|p1b: Chien-Pao|[spread] p1a,p1b
|-resisted|p1a: Zacian
|-supereffective|p1b: Chien-Pao
|-damage|p1a: Zacian|95/100
|-damage|p1b: Chien-Pao|23/100
|-unboost|p1a: Zacian|spa|1
|-unboost|p1b: Chien-Pao|spa|1
|move|p1a: Zacian|Behemoth Blade|p2a: AcheronIX
|-resisted|p2a: AcheronIX
|-damage|p2a: AcheronIX|49/100
|move|p1b: Chien-Pao|Ice Spinner|p2a: AcheronIX
|-resisted|p2a: AcheronIX
|-damage|p2a: AcheronIX|20/100
|-fieldend|move: Electric Terrain
|move|p2a: AcheronIX|Volt Switch|p1b: Chien-Pao
|-damage|p1b: Chien-Pao|0 fnt
|faint|p1b: Chien-Pao
|
|t:|1750798605
|switch|p2a: Grin Shady|Gengar, L50, M|100/100|[from] Volt Switch
|
|upkeep
|
|t:|1750798612
|switch|p1b: Volcarona|Volcarona, L50, M|100/100
|turn|4
|
|t:|1750798634
|move|p1b: Volcarona|Rage Powder|p1b: Volcarona
|-singleturn|p1b: Volcarona|move: Rage Powder
|move|p2b: Changli|Fiery Dance|p1b: Volcarona
|-damage|p1b: Volcarona|53/100
|-boost|p2b: Changli|spa|1
|move|p1a: Zacian|Sacred Sword|p2b: Changli
|-resisted|p2b: Changli
|-damage|p2b: Changli|72/100
|move|p2a: Grin Shady|Sludge Bomb|p1b: Volcarona
|-damage|p1b: Volcarona|7/100
|
|upkeep
|turn|5
|
|t:|1750798648
|move|p1b: Volcarona|Rage Powder|p1b: Volcarona
|-singleturn|p1b: Volcarona|move: Rage Powder
|move|p2b: Changli|Struggle Bug|p1b: Volcarona|[spread] p1a,p1b
|-resisted|p1a: Zacian
|-resisted|p1b: Volcarona
|-damage|p1a: Zacian|89/100
|-damage|p1b: Volcarona|0 fnt
|-unboost|p1a: Zacian|spa|1
|faint|p1b: Volcarona
|move|p1a: Zacian|Sacred Sword|p2b: Changli
|-resisted|p2b: Changli
|-damage|p2b: Changli|47/100
|move|p2a: Grin Shady|Will-O-Wisp|p1a: Zacian
|-status|p1a: Zacian|brn
|
|-damage|p1a: Zacian|83/100 brn|[from] brn
|upkeep
|
|t:|1750798661
|switch|p1b: Rayquaza|Rayquaza, L50|100/100
|-ability|p1b: Rayquaza|Air Lock
|turn|6
|
|t:|1750798671
|move|p2b: Changli|Protect|p2b: Changli
|-singleturn|p2b: Changli|Protect
|move|p1b: Rayquaza|Protect|p1b: Rayquaza
|-singleturn|p1b: Rayquaza|Protect
|move|p1a: Zacian|Sacred Sword|p2b: Changli
|-activate|p2b: Changli|move: Protect
|move|p2a: Grin Shady|Trick Room|p2a: Grin Shady
|-fieldstart|move: Trick Room|[of] p2a: Grin Shady
|
|-damage|p1a: Zacian|77/100 brn|[from] brn
|upkeep
|turn|7
|
|t:|1750798690
|switch|p2b: AcheronIX|Miraidon, L50, tera:Steel|20/100
|-fieldstart|move: Electric Terrain|[from] ability: Hadron Engine|[of] p2b: AcheronIX
|move|p1b: Rayquaza|Dragon Ascent|p2b: AcheronIX
|-resisted|p2b: AcheronIX
|-damage|p2b: AcheronIX|0 fnt
|-unboost|p1b: Rayquaza|def|1
|-unboost|p1b: Rayquaza|spd|1
|faint|p2b: AcheronIX
|-damage|p1b: Rayquaza|91/100|[from] item: Life Orb
|move|p2a: Grin Shady|Will-O-Wisp|p1b: Rayquaza
|-status|p1b: Rayquaza|brn
|move|p1a: Zacian|Behemoth Blade|p2a: Grin Shady
|-damage|p2a: Grin Shady|14/100
|
|-damage|p1b: Rayquaza|85/100 brn|[from] brn
|-damage|p1a: Zacian|71/100 brn|[from] brn
|upkeep
|
|t:|1750798705
|switch|p2b: Changli|Volcarona, L50, F, shiny|47/100
|turn|8
|
|t:|1750798722
|-terastallize|p1b: Rayquaza|Normal
|move|p1b: Rayquaza|Extreme Speed|p2b: Changli
|-damage|p2b: Changli|10/100
|-damage|p1b: Rayquaza|76/100 brn|[from] item: Life Orb
|move|p2b: Changli|Fiery Dance|p1a: Zacian
|-supereffective|p1a: Zacian
|-damage|p1a: Zacian|12/100 brn
|-boost|p2b: Changli|spa|1
|move|p2a: Grin Shady|Shadow Ball|p1a: Zacian
|-damage|p1a: Zacian|0 fnt
|faint|p1a: Zacian
|
|-damage|p1b: Rayquaza|70/100 brn|[from] brn
|upkeep
|turn|9
|
|t:|1750798741
|move|p1b: Rayquaza|Dragon Ascent|p2a: Grin Shady
|-damage|p2a: Grin Shady|0 fnt
|-unboost|p1b: Rayquaza|def|1
|-unboost|p1b: Rayquaza|spd|1
|faint|p2a: Grin Shady
|-damage|p1b: Rayquaza|60/100 brn|[from] item: Life Orb
|move|p2b: Changli|Fiery Dance|p1b: Rayquaza
|-damage|p1b: Rayquaza|0 fnt
|faint|p1b: Rayquaza
|
|win|Scaramouche_UwU6
|raw|totma's rating: 1252 &rarr; <strong>1227</strong><br />(-25 for losing)
|raw|Scaramouche_UwU6's rating: 1250 &rarr; <strong>1275</strong><br />(+25 for winning)
|l|☆totma
|player|p1|
|l|☆Scaramouche_UwU6
|player|p2|
