|j|☆BlahBah
|j|☆Jozato cx
|t:|1750748922
|gametype|doubles
|player|p1|BlahBah|2|1213
|player|p2|Jozato cx|ingo|1199
|teamsize|p1|6
|teamsize|p2|5
|gen|9
|tier|[Gen 9] VGC 2025 Reg I
|rated|
|rule|Species Clause: Limit one of each Pokémon
|rule|Item Clause: Limit 1 of each item
|clearpoke
|poke|p1|Ho-Oh, L50|
|poke|p1|Eternatus, L50|
|poke|p1|Quagsire, L50, F|
|poke|p1|Grimmsnarl, L50, M|
|poke|p1|Ting-Lu, L50|
|poke|p1|Rhydon, L50, F|
|poke|p2|Miraidon, L50|
|poke|p2|Iron Treads, L50|
|poke|p2|Zamazenta-*, L50|
|poke|p2|Whimsicott, L50, F|
|poke|p2|Talonflame, L50, M|
|teampreview|4
|inactive|Battle timer is ON: inactive players will automatically lose when time's up. (requested by BlahBah)
|inactive|Jozato cx has 60 seconds left.
|inactive|BlahBah has 60 seconds left.
|
|t:|1750748967
|start
|switch|p1a: Ho-Oh|Ho-Oh, L50|100/100
|switch|p1b: Eternatus|Eternatus, L50|100/100
|switch|p2a: Zamazenta|Zamazenta-Crowned, L50|100/100
|switch|p2b: Talonflame|Talonflame, L50, M|100/100
|-ability|p2a: Zamazenta|Dauntless Shield|boost
|-boost|p2a: Zamazenta|def|1
|-ability|p1b: Eternatus|Pressure
|turn|1
|l|☆BlahBah
|inactive|BlahBah disconnected and has a minute to reconnect!
|player|p1|
|inactive|BlahBah has 30 seconds left.
|inactive|Jozato cx has 30 seconds left.
|inactive|BlahBah has 20 seconds left.
|inactive|Jozato cx has 20 seconds left.
|j|☆BlahBah
|inactive|BlahBah reconnected and has 20 seconds left.
|player|p1|BlahBah|2|
|inactive|BlahBah has 15 seconds left.
|inactive|Jozato cx has 15 seconds left.
|inactive|BlahBah has 10 seconds left.
|inactive|Jozato cx has 10 seconds left.
|inactive|BlahBah has 5 seconds left.
|inactive|Jozato cx has 5 seconds left.
|
|t:|1750749019
|move|p2a: Zamazenta|Protect|p2a: Zamazenta
|-singleturn|p2a: Zamazenta|Protect
|move|p2b: Talonflame|Tailwind|p2b: Talonflame
|-sidestart|p2: Jozato cx|move: Tailwind
|move|p1b: Eternatus|Recover||[still]
|-fail|p1b: Eternatus|heal
|move|p1a: Ho-Oh|Whirlwind|p2a: Zamazenta
|drag|p2a: Iron Treads|Iron Treads, L50|100/100
|
|upkeep
|turn|2
|inactive|Jozato cx has 30 seconds left.
|
|t:|1750749052
|move|p2b: Talonflame|Brave Bird|p1a: Ho-Oh
|-damage|p1a: Ho-Oh|53/100
|-damage|p2b: Talonflame|84/100|[from] item: Rocky Helmet|[of] p1a: Ho-Oh
|-damage|p2b: Talonflame|63/100|[from] Recoil
|-damage|p2b: Talonflame|53/100|[from] item: Life Orb
|move|p2a: Iron Treads|High Horsepower|p1b: Eternatus
|-supereffective|p1b: Eternatus
|-damage|p1b: Eternatus|42/100
|move|p1b: Eternatus|Cosmic Power|p1b: Eternatus
|-boost|p1b: Eternatus|def|1
|-boost|p1b: Eternatus|spd|1
|move|p1a: Ho-Oh|Sacred Fire|p2a: Iron Treads
|-supereffective|p2a: Iron Treads
|-damage|p2a: Iron Treads|20/100
|-status|p2a: Iron Treads|brn
|
|-damage|p2a: Iron Treads|14/100 brn|[from] brn
|upkeep
|turn|3
|inactive|BlahBah has 30 seconds left.
|inactive|Jozato cx has 30 seconds left.
|inactive|BlahBah has 20 seconds left.
|inactive|Jozato cx has 20 seconds left.
|inactive|BlahBah has 15 seconds left.
|
|t:|1750749096
|move|p2b: Talonflame|Brave Bird|p1b: Eternatus
|-crit|p1b: Eternatus
|-damage|p1b: Eternatus|0 fnt
|faint|p1b: Eternatus
|-damage|p2b: Talonflame|31/100|[from] Recoil
|-damage|p2b: Talonflame|21/100|[from] item: Life Orb
|move|p2a: Iron Treads|High Horsepower|p1a: Ho-Oh
|-immune|p1a: Ho-Oh
|move|p1a: Ho-Oh|Life Dew|p1a: Ho-Oh
|-heal|p1a: Ho-Oh|78/100
|
|-damage|p2a: Iron Treads|8/100 brn|[from] brn
|upkeep
|
|t:|1750749111
|switch|p1b: Quagsire|Quagsire, L50, F|100/100
|turn|4
|inactive|BlahBah has 30 seconds left.
|
|t:|1750749137
|move|p1a: Ho-Oh|Protect|p1a: Ho-Oh
|-singleturn|p1a: Ho-Oh|Protect
|move|p1b: Quagsire|Protect|p1b: Quagsire
|-singleturn|p1b: Quagsire|Protect
|move|p2b: Talonflame|Brave Bird|p1a: Ho-Oh
|-activate|p1a: Ho-Oh|move: Protect
|move|p2a: Iron Treads|Metal Sound|p1b: Quagsire
|-activate|p1b: Quagsire|move: Protect
|
|-damage|p2a: Iron Treads|2/100 brn|[from] brn
|-sideend|p2: Jozato cx|move: Tailwind
|upkeep
|turn|5
|inactive|Jozato cx has 30 seconds left.
|inactive|Jozato cx has 20 seconds left.
|inactive|Jozato cx has 15 seconds left.
|
|t:|1750749182
|switch|p2b: Zamazenta|Zamazenta-Crowned, L50|100/100
|move|p2a: Iron Treads|Metal Sound|p1a: Ho-Oh
|-unboost|p1a: Ho-Oh|spd|2
|move|p1a: Ho-Oh|Sacred Fire|p2b: Zamazenta
|-supereffective|p2b: Zamazenta
|-damage|p2b: Zamazenta|49/100
|-status|p2b: Zamazenta|brn
|move|p1b: Quagsire|Earth Power|p2a: Iron Treads
|-supereffective|p2a: Iron Treads
|-damage|p2a: Iron Treads|0 fnt
|faint|p2a: Iron Treads
|-end|p2a: Iron Treads|Quark Drive|[silent]
|
|-damage|p2b: Zamazenta|43/100 brn|[from] brn
|upkeep
|
|t:|1750749196
|switch|p2a: Miraidon|Miraidon, L50|100/100
|-fieldstart|move: Electric Terrain|[from] ability: Hadron Engine|[of] p2a: Miraidon
|turn|6
|
|t:|1750749208
|switch|p1a: Rhydon|Rhydon, L50, F|100/100
|move|p2b: Zamazenta|Protect|p2b: Zamazenta
|-singleturn|p2b: Zamazenta|Protect
|move|p2a: Miraidon|Draco Meteor|p1b: Quagsire
|-damage|p1b: Quagsire|0 fnt
|-unboost|p2a: Miraidon|spa|2
|faint|p1b: Quagsire
|
|-damage|p2b: Zamazenta|37/100 brn|[from] brn
|upkeep
|
|t:|1750749216
|switch|p1b: Ho-Oh|Ho-Oh, L50|100/100
|turn|7
|
|t:|1750749228
|switch|p2a: Talonflame|Talonflame, L50, M|21/100
|-terastallize|p1a: Rhydon|Fairy
|move|p1b: Ho-Oh|Protect|p1b: Ho-Oh
|-singleturn|p1b: Ho-Oh|Protect
|move|p2b: Zamazenta|Body Press|p1a: Rhydon
|-resisted|p1a: Rhydon
|-damage|p1a: Rhydon|94/100
|move|p1a: Rhydon|High Horsepower|p2a: Talonflame
|-immune|p2a: Talonflame
|
|-damage|p2b: Zamazenta|31/100 brn|[from] brn
|upkeep
|turn|8
|inactive|Jozato cx has 30 seconds left.
|inactive|Jozato cx has 20 seconds left.
|
|t:|1750749266
|move|p2a: Talonflame|Flare Blitz|p1a: Rhydon
|-damage|p1a: Rhydon|65/100
|-damage|p2a: Talonflame|8/100|[from] Recoil
|-damage|p2a: Talonflame|0 fnt|[from] item: Life Orb
|faint|p2a: Talonflame
|move|p2b: Zamazenta|Behemoth Bash|p1a: Rhydon
|-supereffective|p1a: Rhydon
|-crit|p1a: Rhydon
|-damage|p1a: Rhydon|37/100
|move|p1b: Ho-Oh|Life Dew||[still]|[spread] p1a,p1b
|-heal|p1a: Rhydon|62/100
|-fail|p1b: Ho-Oh|heal
|move|p1a: Rhydon|High Horsepower|p2b: Zamazenta
|-supereffective|p2b: Zamazenta
|-damage|p2b: Zamazenta|0 fnt
|faint|p2b: Zamazenta
|
|upkeep
|
|t:|1750749282
|switch|p2b: Miraidon|Miraidon, L50|100/100
|-activate|p2b: Miraidon|ability: Hadron Engine
|turn|9
|c|☆Jozato cx|gg
|-message|Jozato cx forfeited.
|
|win|BlahBah
|raw|BlahBah's rating: 1213 &rarr; <strong>1237</strong><br />(+24 for winning)
|raw|Jozato cx's rating: 1199 &rarr; <strong>1175</strong><br />(-24 for losing)
|l|☆Jozato cx
|player|p2|
|c|☆BlahBah|gg
|l|☆BlahBah
|player|p1|
