|j|☆Scaramouche_UwU6
|j|☆Dizy88775
|t:|1750799171
|gametype|doubles
|player|p1|Scaramouche_UwU6|169|1306
|player|p2|Dizy88775|hiker-gen4|1231
|teamsize|p1|6
|teamsize|p2|6
|gen|9
|tier|[Gen 9] VGC 2025 Reg I
|rated|
|rule|Species Clause: Limit one of each Pokémon
|rule|Item Clause: Limit 1 of each item
|clearpoke
|poke|p1|Gengar, L50, M|
|poke|p1|Calyrex-Ice, L50|
|poke|p1|Miraidon, L50|
|poke|p1|Grimmsnarl, L50, M|
|poke|p1|Volcarona, L50, F|
|poke|p1|Ogerpon-Wellspring, L50, F|
|poke|p2|Rampardos, L50, F|
|poke|p2|Lunala, L50|
|poke|p2|Indeedee-F, L50, F|
|poke|p2|Torkoal, L50, F|
|poke|p2|Ursaluna-Bloodmoon, L50, M|
|poke|p2|Groudon, L50|
|teampreview|4
|inactive|Battle timer is ON: inactive players will automatically lose when time's up. (requested by Dizy88775)
|
|t:|1750799214
|start
|switch|p1a: Grin Shady|Gengar, L50, M|100/100
|switch|p1b: Jotunn|Calyrex-Ice, L50|100/100
|switch|p2a: Indeedee|Indeedee-F, L50, F|100/100
|switch|p2b: Lunala|Lunala, L50, shiny|100/100
|-ability|p1b: Jotunn|As One
|-ability|p1b: Jotunn|Unnerve
|-fieldstart|move: Psychic Terrain|[from] ability: Psychic Surge|[of] p2a: Indeedee
|turn|1
|
|t:|1750799237
|move|p2b: Lunala|Moongeist Beam|p1a: Grin Shady
|-supereffective|p1a: Grin Shady
|-enditem|p1a: Grin Shady|Focus Sash
|-damage|p1a: Grin Shady|1/100
|move|p1b: Jotunn|Crunch|p2a: Indeedee
|-supereffective|p2a: Indeedee
|-damage|p2a: Indeedee|41/100
|move|p1a: Grin Shady|Trick Room|p1a: Grin Shady
|-fieldstart|move: Trick Room|[of] p1a: Grin Shady
|move|p2a: Indeedee|Trick Room|p2a: Indeedee
|-fieldend|move: Trick Room
|
|upkeep
|turn|2
|
|t:|1750799256
|move|p2a: Indeedee|Helping Hand|p2b: Lunala
|-singleturn|p2b: Lunala|Helping Hand|[of] p2a: Indeedee
|move|p1a: Grin Shady|Sludge Bomb|p2a: Indeedee
|-damage|p2a: Indeedee|0 fnt
|faint|p2a: Indeedee
|move|p2b: Lunala|Expanding Force|p1b: Jotunn|[spread] p1a,p1b
|-supereffective|p1a: Grin Shady
|-resisted|p1b: Jotunn
|-damage|p1a: Grin Shady|0 fnt
|-damage|p1b: Jotunn|78/100
|faint|p1a: Grin Shady
|move|p1b: Jotunn|Glacial Lance|p2b: Lunala
|-damage|p2b: Lunala|67/100
|
|-heal|p2b: Lunala|73/100|[from] item: Leftovers
|upkeep
|
|t:|1750799270
|switch|p1a: Pastellence|Grimmsnarl, L50, M, shiny|100/100
|switch|p2a: Rampardos|Rampardos, L50, F|100/100
|turn|3
|inactive|Scaramouche_UwU6 has 30 seconds left.
|
|t:|1750799299
|-terastallize|p1b: Jotunn|Fire
|-terastallize|p2a: Rampardos|Stellar
|move|p2b: Lunala|Wide Guard|p2b: Lunala
|-singleturn|p2b: Lunala|Wide Guard
|move|p1a: Pastellence|Reflect|p1a: Pastellence
|-sidestart|p1: Scaramouche_UwU6|Reflect
|move|p1b: Jotunn|Icicle Crash|p2a: Rampardos
|-crit|p2a: Rampardos
|-damage|p2a: Rampardos|7/100
|move|p2a: Rampardos|Rock Slide|p1b: Jotunn|[spread] p1a,p1b
|-supereffective|p1b: Jotunn
|-damage|p1a: Pastellence|48/100
|-damage|p1b: Jotunn|9/100
|
|-heal|p2b: Lunala|80/100|[from] item: Leftovers
|upkeep
|turn|4
|
|t:|1750799317
|move|p2b: Lunala|Expanding Force|p1a: Pastellence|[spread] p1b
|-immune|p1a: Pastellence
|-damage|p1b: Jotunn|0 fnt
|faint|p1b: Jotunn
|move|p1a: Pastellence|Spirit Break|p2b: Lunala
|-damage|p2b: Lunala|51/100
|-unboost|p2b: Lunala|spa|1
|move|p2a: Rampardos|Rock Slide|p1a: Pastellence
|-damage|p1a: Pastellence|0 fnt
|faint|p1a: Pastellence
|
|-heal|p2b: Lunala|57/100|[from] item: Leftovers
|upkeep
|
|t:|1750799321
|switch|p1b: Changli|Volcarona, L50, F, shiny|100/100
|turn|5
|
|t:|1750799336
|move|p2a: Rampardos|Protect|p2a: Rampardos
|-singleturn|p2a: Rampardos|Protect
|move|p1b: Changli|Struggle Bug|p2a: Rampardos|[spread] p2b
|-activate|p2a: Rampardos|move: Protect
|-damage|p2b: Lunala|46/100
|-unboost|p2b: Lunala|spa|1
|move|p2b: Lunala|Trick Room|p2b: Lunala
|-fieldstart|move: Trick Room|[of] p2b: Lunala
|
|-heal|p2b: Lunala|52/100|[from] item: Leftovers
|-fieldend|move: Psychic Terrain
|upkeep
|turn|6
|-message|Scaramouche_UwU6 forfeited.
|
|win|Dizy88775
|raw|Scaramouche_UwU6's rating: 1286 &rarr; <strong>1257</strong><br />(-29 for losing)
|raw|Dizy88775's rating: 1231 &rarr; <strong>1260</strong><br />(+29 for winning)
|l|☆Scaramouche_UwU6
|player|p1|
|l|☆Dizy88775
|player|p2|
