|j|☆Terapapi chulo
|j|☆Cecyyyyy
|t:|1750773255
|gametype|doubles
|player|p1|Terapapi chulo|backersf|1176
|player|p2|Cecyyyyy|parasollady|1131
|teamsize|p1|6
|teamsize|p2|6
|gen|9
|tier|[Gen 9] VGC 2025 Reg I
|rated|
|rule|Species Clause: Limit one of each Pokémon
|rule|Item Clause: Limit 1 of each item
|clearpoke
|poke|p1|Terapagos, L50, M|
|poke|p1|Calyrex-Ice, L50|
|poke|p1|Roaring Moon, L50|
|poke|p1|Ogerpon-Hearthflame, L50, F|
|poke|p1|Urshifu-*, L50, F|
|poke|p1|Landorus, L50, M|
|poke|p2|Calyrex-Shadow, L50|
|poke|p2|Koraidon, L50|
|poke|p2|Weezing-Galar, L50, M|
|poke|p2|Dondozo, L50, F|
|poke|p2|Tatsugiri, L50, F|
|poke|p2|Tinkaton, L50, F|
|teampreview|4
|inactive|Battle timer is ON: inactive players will automatically lose when time's up. (requested by Terapapi chulo)
|inactive|Terapapi chulo has 60 seconds left.
|
|t:|1750773288
|start
|switch|p1a: Landorus|Landorus, L50, M|100/100
|switch|p1b: Calyrex|Calyrex-Ice, L50|100/100
|switch|p2a: Koraidon|Koraidon, L50|100/100
|switch|p2b: Weezing|Weezing-Galar, L50, M|100/100
|-ability|p2b: Weezing|Neutralizing Gas
|-block|p2a: Koraidon|item: Ability Shield
|-ability|p1b: Calyrex|As One
|-ability|p1b: Calyrex|Unnerve
|-weather|SunnyDay|[from] ability: Orichalcum Pulse|[of] p2a: Koraidon
|-activate|p2a: Koraidon|Orichalcum Pulse|[source]
|turn|1
|inactive|Cecyyyyy has 30 seconds left.
|inactive|Terapapi chulo has 30 seconds left.
|
|t:|1750773325
|-terastallize|p1a: Landorus|Water
|move|p1b: Calyrex|Protect|p1b: Calyrex
|-singleturn|p1b: Calyrex|Protect
|move|p2a: Koraidon|Flare Blitz|p1a: Landorus
|-resisted|p1a: Landorus
|-damage|p1a: Landorus|59/100
|-damage|p2a: Koraidon|86/100|[from] Recoil
|move|p1a: Landorus|Earth Power|p2b: Weezing
|-supereffective|p2b: Weezing
|-damage|p2b: Weezing|0 fnt
|faint|p2b: Weezing
|-end|p2b: Weezing|ability: Neutralizing Gas
|-damage|p1a: Landorus|49/100|[from] item: Life Orb
|
|-weather|SunnyDay|[upkeep]
|upkeep
|
|t:|1750773337
|switch|p2b: Dondozo|Dondozo, L50, F|100/100
|turn|2
|
|t:|1750773352
|switch|p2a: Tatsugiri|Tatsugiri, L50, F|100/100
|-activate|p2a: Tatsugiri|ability: Commander|[of] p2b: Dondozo
|-boost|p2b: Dondozo|atk|2
|-boost|p2b: Dondozo|spa|2
|-boost|p2b: Dondozo|spe|2
|-boost|p2b: Dondozo|def|2
|-boost|p2b: Dondozo|spd|2
|move|p2b: Dondozo|Earthquake|p1a: Landorus|[spread] p1a,p1b
|-miss|p2b: Dondozo|p2a: Tatsugiri
|-crit|p1a: Landorus
|-damage|p1a: Landorus|0 fnt
|-damage|p1b: Calyrex|73/100
|faint|p1a: Landorus
|move|p1b: Calyrex|Glacial Lance|p2b: Dondozo|[spread] p2b
|-miss|p1b: Calyrex|p2a: Tatsugiri
|-resisted|p2b: Dondozo
|-damage|p2b: Dondozo|91/100
|
|-weather|SunnyDay|[upkeep]
|-heal|p2b: Dondozo|97/100|[from] item: Leftovers
|upkeep
|
|t:|1750773363
|switch|p1a: Terapagos|Terapagos, L50, M|100/100
|-activate|p1a: Terapagos|ability: Tera Shift
|detailschange|p1a: Terapagos|Terapagos-Terastal, L50, M
|-heal|p1a: Terapagos|100/100|[silent]
|turn|3
|
|t:|1750773385
|move|p2b: Dondozo|Earthquake|p1b: Calyrex|[spread] p1a,p1b
|-miss|p2b: Dondozo|p2a: Tatsugiri
|-activate|p1a: Terapagos|ability: Tera Shell
|-resisted|p1a: Terapagos
|-damage|p1a: Terapagos|82/100
|-damage|p1b: Calyrex|51/100
|move|p1a: Terapagos|Tera Starstorm|p2b: Dondozo
|-damage|p2b: Dondozo|46/100
|move|p1b: Calyrex|Trick Room|p1b: Calyrex
|-fieldstart|move: Trick Room|[of] p1b: Calyrex
|
|-weather|SunnyDay|[upkeep]
|-heal|p2b: Dondozo|52/100|[from] item: Leftovers
|upkeep
|turn|4
|
|t:|1750773400
|move|p2b: Dondozo|Protect|p2b: Dondozo
|-singleturn|p2b: Dondozo|Protect
|move|p1b: Calyrex|High Horsepower|p2b: Dondozo
|-activate|p2b: Dondozo|move: Protect
|move|p1a: Terapagos|Tera Starstorm|p2b: Dondozo
|-activate|p2b: Dondozo|move: Protect
|
|-weather|SunnyDay|[upkeep]
|-heal|p2b: Dondozo|58/100|[from] item: Leftovers
|upkeep
|turn|5
|
|t:|1750773417
|move|p1b: Calyrex|High Horsepower|p2b: Dondozo
|-damage|p2b: Dondozo|43/100
|move|p1a: Terapagos|Tera Starstorm|p2b: Dondozo
|-damage|p2b: Dondozo|0 fnt
|faint|p2b: Dondozo
|
|-weather|none
|upkeep
|
|t:|1750773423
|switch|p2b: Koraidon|Koraidon, L50|86/100
|-weather|SunnyDay|[from] ability: Orichalcum Pulse|[of] p2b: Koraidon
|-activate|p2b: Koraidon|Orichalcum Pulse|[source]
|turn|6
|inactive|Terapapi chulo has 30 seconds left.
|
|t:|1750773456
|move|p2a: Tatsugiri|Protect|p2a: Tatsugiri
|-singleturn|p2a: Tatsugiri|Protect
|move|p2b: Koraidon|Protect|p2b: Koraidon
|-singleturn|p2b: Koraidon|Protect
|move|p1b: Calyrex|Glacial Lance|p2a: Tatsugiri|[spread] 
|-activate|p2a: Tatsugiri|move: Protect
|-activate|p2b: Koraidon|move: Protect
|move|p1a: Terapagos|Tera Starstorm|p2b: Koraidon
|-activate|p2b: Koraidon|move: Protect
|
|-weather|SunnyDay|[upkeep]
|upkeep
|turn|7
|inactive|Cecyyyyy has 30 seconds left.
|
|t:|1750773481
|move|p2b: Koraidon|Protect||[still]
|-fail|p2b: Koraidon
|move|p1b: Calyrex|High Horsepower|p2b: Koraidon
|-damage|p2b: Koraidon|51/100
|move|p1a: Terapagos|Tera Starstorm|p2b: Koraidon
|-damage|p2b: Koraidon|0 fnt
|faint|p2b: Koraidon
|move|p2a: Tatsugiri|Counter||[still]
|-fail|p2a: Tatsugiri
|
|-weather|SunnyDay|[upkeep]
|-fieldend|move: Trick Room
|upkeep
|turn|8
|-message|Cecyyyyy forfeited.
|
|win|Terapapi chulo
|raw|Terapapi chulo's rating: 1176 &rarr; <strong>1198</strong><br />(+22 for winning)
|raw|Cecyyyyy's rating: 1131 &rarr; <strong>1109</strong><br />(-22 for losing)
|l|☆Cecyyyyy
|player|p2|
