|j|☆johnkharkiv
|j|☆CrumbleCrater
|t:|1750765383
|gametype|doubles
|player|p1|johnkharkiv|swimmerf-gen4dp|1126
|player|p2|CrumbleCrater|266|1015
|teamsize|p1|6
|teamsize|p2|6
|gen|9
|tier|[Gen 9] VGC 2025 Reg I
|rated|
|rule|Species Clause: Limit one of each Pokémon
|rule|Item Clause: Limit 1 of each item
|clearpoke
|poke|p1|Ho-Oh, L50|
|poke|p1|Annihilape, L50, M|
|poke|p1|Electivire, L50, M|
|poke|p1|Whimsicott, L50, F|
|poke|p1|Indeedee-F, L50, F|
|poke|p1|Miraidon, L50|
|poke|p2|Rayquaza, L50|
|poke|p2|Miraidon, L50|
|poke|p2|Iron Crown, L50|
|poke|p2|Iron Treads, L50|
|poke|p2|Iron Moth, L50|
|poke|p2|Iron Valiant, L50|
|teampreview|4
|
|t:|1750765416
|start
|switch|p1a: Miraidon|Miraidon, L50|100/100
|switch|p1b: Electivire|Electivire, L50, M, shiny|100/100
|switch|p2a: Miraidon|Miraidon, L50|100/100
|switch|p2b: Iron Crown|Iron Crown, L50|100/100
|-fieldstart|move: Electric Terrain|[from] ability: Hadron Engine|[of] p1a: Miraidon
|-activate|p2b: Iron Crown|ability: Quark Drive
|-start|p2b: Iron Crown|quarkdrivespa
|-activate|p2a: Miraidon|ability: Hadron Engine
|turn|1
|inactive|Battle timer is ON: inactive players will automatically lose when time's up. (requested by johnkharkiv)
|
|t:|1750765459
|-terastallize|p2a: Miraidon|Fairy
|-terastallize|p1a: Miraidon|Electric
|move|p2a: Miraidon|Draco Meteor|p1a: Miraidon
|-damage|p1a: Miraidon|15/100
|-unboost|p2a: Miraidon|spa|2
|move|p1a: Miraidon|Discharge|p2a: Miraidon|[spread] p2a,p2b
|-ability|p1b: Electivire|Motor Drive|boost
|-boost|p1b: Electivire|spe|1
|-damage|p2a: Miraidon|14/100
|-damage|p2b: Iron Crown|9/100
|-damage|p1a: Miraidon|6/100|[from] item: Life Orb
|move|p1b: Electivire|Knock Off|p2a: Miraidon
|-resisted|p2a: Miraidon
|-damage|p2a: Miraidon|0 fnt
|-enditem|p2a: Miraidon|Weakness Policy|[from] move: Knock Off|[of] p1b: Electivire
|faint|p2a: Miraidon
|move|p2b: Iron Crown|Calm Mind|p2b: Iron Crown
|-boost|p2b: Iron Crown|spa|1
|-boost|p2b: Iron Crown|spd|1
|
|-heal|p2b: Iron Crown|15/100|[from] item: Leftovers
|upkeep
|
|t:|1750765481
|switch|p2a: Iron Treads|Iron Treads, L50|100/100
|-activate|p2a: Iron Treads|ability: Quark Drive
|-start|p2a: Iron Treads|quarkdrivespe
|turn|2
|
|t:|1750765491
|move|p1a: Miraidon|Protect|p1a: Miraidon
|-singleturn|p1a: Miraidon|Protect
|move|p2b: Iron Crown|Protect|p2b: Iron Crown
|-singleturn|p2b: Iron Crown|Protect
|move|p2a: Iron Treads|Earthquake|p1b: Electivire|[spread] p1b
|-activate|p2b: Iron Crown|move: Protect
|-activate|p1a: Miraidon|move: Protect
|-supereffective|p1b: Electivire
|-damage|p1b: Electivire|20/100
|-enditem|p1b: Electivire|Sitrus Berry|[eat]
|-heal|p1b: Electivire|45/100|[from] item: Sitrus Berry
|move|p1b: Electivire|Earthquake|p2a: Iron Treads|[spread] p2a
|-activate|p1a: Miraidon|move: Protect
|-activate|p2b: Iron Crown|move: Protect
|-supereffective|p2a: Iron Treads
|-damage|p2a: Iron Treads|56/100
|
|-heal|p2b: Iron Crown|21/100|[from] item: Leftovers
|upkeep
|turn|3
|inactive|CrumbleCrater has 30 seconds left.
|
|t:|1750765516
|switch|p1a: Indeedee|Indeedee-F, L50, F, shiny|100/100
|-fieldstart|move: Psychic Terrain|[from] ability: Psychic Surge|[of] p1a: Indeedee
|-end|p2a: Iron Treads|Quark Drive
|-end|p2b: Iron Crown|Quark Drive
|-end|p2b: Iron Crown|Quark Drive|[silent]
|switch|p2b: Rayquaza|Rayquaza, L50, shiny|100/100
|-ability|p2b: Rayquaza|Air Lock
|move|p2a: Iron Treads|Earthquake|p1a: Indeedee|[spread] p1a,p1b
|-immune|p2b: Rayquaza
|-supereffective|p1b: Electivire
|-damage|p1a: Indeedee|65/100
|-damage|p1b: Electivire|0 fnt
|faint|p1b: Electivire
|
|upkeep
|
|t:|1750765525
|switch|p1b: Ho-Oh|Ho-Oh, L50, shiny|100/100
|turn|4
|
|t:|1750765547
|move|p1a: Indeedee|Follow Me|p1a: Indeedee
|-singleturn|p1a: Indeedee|move: Follow Me
|move|p2a: Iron Treads|Steel Roller|p1a: Indeedee
|-damage|p1a: Indeedee|5/100
|-fieldend|move: Psychic Terrain
|-damage|p2a: Iron Treads|39/100|[from] item: Rocky Helmet|[of] p1a: Indeedee
|move|p2b: Rayquaza|Scale Shot|p1a: Indeedee
|-damage|p1a: Indeedee|0 fnt
|faint|p1a: Indeedee
|-hitcount|p1: Indeedee|1
|-unboost|p2b: Rayquaza|def|1
|-boost|p2b: Rayquaza|spe|1
|move|p1b: Ho-Oh|Sacred Fire|p2a: Iron Treads
|-supereffective|p2a: Iron Treads
|-damage|p2a: Iron Treads|0 fnt
|faint|p2a: Iron Treads
|-end|p2a: Iron Treads|Quark Drive|[silent]
|
|upkeep
|
|t:|1750765562
|switch|p2a: Iron Crown|Iron Crown, L50|21/100
|switch|p1a: Miraidon|Miraidon, L50, tera:Electric|6/100
|-fieldstart|move: Electric Terrain|[from] ability: Hadron Engine|[of] p1a: Miraidon
|-activate|p2a: Iron Crown|ability: Quark Drive
|-start|p2a: Iron Crown|quarkdrivespa
|turn|5
|
|t:|1750765578
|move|p2b: Rayquaza|Protect|p2b: Rayquaza
|-singleturn|p2b: Rayquaza|Protect
|move|p1a: Miraidon|Protect|p1a: Miraidon
|-singleturn|p1a: Miraidon|Protect
|move|p2a: Iron Crown|Protect|p2a: Iron Crown
|-singleturn|p2a: Iron Crown|Protect
|move|p1b: Ho-Oh|Flame Charge|p2a: Iron Crown
|-activate|p2a: Iron Crown|move: Protect
|
|-heal|p2a: Iron Crown|27/100|[from] item: Leftovers
|upkeep
|turn|6
|
|t:|1750765603
|move|p2b: Rayquaza|Scale Shot|p1a: Miraidon
|-crit|p1a: Miraidon
|-damage|p1a: Miraidon|0 fnt
|faint|p1a: Miraidon
|-hitcount|p1: Miraidon|1
|-unboost|p2b: Rayquaza|def|1
|-boost|p2b: Rayquaza|spe|1
|move|p1b: Ho-Oh|Flame Charge|p2a: Iron Crown
|-supereffective|p2a: Iron Crown
|-damage|p2a: Iron Crown|0 fnt
|-boost|p1b: Ho-Oh|spe|1
|faint|p2a: Iron Crown
|-end|p2a: Iron Crown|Quark Drive|[silent]
|
|upkeep
|turn|7
|
|t:|1750765617
|move|p2b: Rayquaza|Scale Shot|p1b: Ho-Oh
|-crit|p1b: Ho-Oh
|-damage|p1b: Ho-Oh|80/100
|-damage|p1b: Ho-Oh|69/100
|-damage|p1b: Ho-Oh|56/100
|-damage|p1b: Ho-Oh|44/100
|-hitcount|p1b: Ho-Oh|4
|-unboost|p2b: Rayquaza|def|1
|-boost|p2b: Rayquaza|spe|1
|move|p1b: Ho-Oh|Brave Bird|p2b: Rayquaza
|-damage|p2b: Rayquaza|0 fnt
|faint|p2b: Rayquaza
|-damage|p1b: Ho-Oh|11/100|[from] Recoil
|
|win|johnkharkiv
|raw|johnkharkiv's rating: 1126 &rarr; <strong>1143</strong><br />(+17 for winning)
|raw|CrumbleCrater's rating: 1015 &rarr; <strong>1007</strong><br />(-8 for losing)
|l|☆CrumbleCrater
|player|p2|
