|j|‽yamede蛇如
|j|☆Diegopf21
|t:|1750853207
|gametype|doubles
|player|p1|yamede蛇如|elesa|1247
|player|p2|Diegopf21|dawn-gen4pt|1220
|teamsize|p1|6
|teamsize|p2|6
|gen|9
|tier|[Gen 9] VGC 2025 Reg I
|rated|
|rule|Species Clause: Limit one of each Pokémon
|rule|Item Clause: Limit 1 of each item
|clearpoke
|poke|p1|Miraidon, L50|
|poke|p1|Farigiraf, L50, F|
|poke|p1|Koraidon, L50|
|poke|p1|Raging Bolt, L50|
|poke|p1|Ogerpon-Wellspring, L50, F|
|poke|p1|Chi-Yu, L50|
|poke|p2|Miraidon, L50|
|poke|p2|Farigiraf, L50, F|
|poke|p2|Sneasler, L50, F|
|poke|p2|Sinistcha-Masterpiece, L50|
|poke|p2|Swampert, L50, M|
|poke|p2|Calyrex-Ice, L50|
|teampreview|4
|
|t:|1750853243
|start
|switch|p1a: Koraidon|Koraidon, L50|100/100
|switch|p1b: Miraidon|Miraidon, L50|100/100
|switch|p2a: Miraidon|Miraidon, L50|100/100
|switch|p2b: Calyrex|Calyrex-Ice, L50|100/100
|-ability|p2b: Calyrex|As One
|-ability|p2b: Calyrex|Unnerve
|-fieldstart|move: Electric Terrain|[from] ability: Hadron Engine|[of] p1b: Miraidon
|-activate|p2a: Miraidon|ability: Hadron Engine
|-weather|SunnyDay|[from] ability: Orichalcum Pulse|[of] p1a: Koraidon
|-activate|p1a: Koraidon|Orichalcum Pulse|[source]
|turn|1
|
|t:|1750853322
|-terastallize|p1a: Koraidon|Fire
|-terastallize|p2b: Calyrex|Ground
|move|p1b: Miraidon|Volt Switch|p2a: Miraidon
|-resisted|p2a: Miraidon
|-damage|p2a: Miraidon|83/100
|
|t:|1750853335
|switch|p1b: Farigiraf|Farigiraf, L50, F|100/100|[from] Volt Switch
|-enditem|p1b: Farigiraf|Electric Seed
|-boost|p1b: Farigiraf|def|1|[from] item: Electric Seed
|move|p2a: Miraidon|Dazzling Gleam|p1b: Farigiraf|[spread] p1a,p1b
|-resisted|p1a: Koraidon
|-damage|p1a: Koraidon|89/100
|-damage|p1b: Farigiraf|65/100
|move|p1a: Koraidon|Flame Charge|p2a: Miraidon
|-resisted|p2a: Miraidon
|-damage|p2a: Miraidon|46/100
|-boost|p1a: Koraidon|spe|1
|move|p2b: Calyrex|High Horsepower|p1b: Farigiraf
|-damage|p1b: Farigiraf|28/100
|
|-weather|SunnyDay|[upkeep]
|upkeep
|turn|2
|
|t:|1750853370
|switch|p2a: Swampert|Swampert, L50, M|100/100
|move|p1b: Farigiraf|Helping Hand|p1a: Koraidon
|-singleturn|p1a: Koraidon|Helping Hand|[of] p1b: Farigiraf
|move|p1a: Koraidon|Flare Blitz|p2b: Calyrex
|-damage|p2b: Calyrex|0 fnt
|faint|p2b: Calyrex
|-damage|p1a: Koraidon|53/100|[from] Recoil
|
|-weather|SunnyDay|[upkeep]
|upkeep
|
|t:|1750853380
|switch|p2b: Miraidon|Miraidon, L50|46/100
|-activate|p2b: Miraidon|ability: Hadron Engine
|turn|3
|
|t:|1750853432
|switch|p2a: Sinistcha|Sinistcha-Masterpiece, L50, shiny|100/100
|-heal|p2b: Miraidon|70/100|[from] ability: Hospitality|[of] p2a: Sinistcha
|move|p1b: Farigiraf|Helping Hand|p1a: Koraidon
|-singleturn|p1a: Koraidon|Helping Hand|[of] p1b: Farigiraf
|move|p1a: Koraidon|Flare Blitz|p2b: Miraidon
|-resisted|p2b: Miraidon
|-damage|p2b: Miraidon|0 fnt
|faint|p2b: Miraidon
|-damage|p1a: Koraidon|33/100|[from] Recoil
|
|-weather|SunnyDay|[upkeep]
|upkeep
|
|t:|1750853443
|switch|p2b: Swampert|Swampert, L50, M|100/100
|turn|4
|
|t:|1750853466
|move|p1b: Farigiraf|Helping Hand|p1a: Koraidon
|-singleturn|p1a: Koraidon|Helping Hand|[of] p1b: Farigiraf
|move|p1a: Koraidon|Collision Course|p2b: Swampert
|-damage|p2b: Swampert|0 fnt
|-damage|p1a: Koraidon|16/100|[from] item: Rocky Helmet|[of] p2b: Swampert
|faint|p2b: Swampert
|move|p2a: Sinistcha|Giga Drain|p1b: Farigiraf
|-damage|p1b: Farigiraf|2/100
|
|-weather|SunnyDay|[upkeep]
|upkeep
|turn|5
|
|t:|1750853479
|move|p1b: Farigiraf|Helping Hand|p1a: Koraidon
|-singleturn|p1a: Koraidon|Helping Hand|[of] p1b: Farigiraf
|move|p1a: Koraidon|Flare Blitz|p2a: Sinistcha
|-supereffective|p2a: Sinistcha
|-damage|p2a: Sinistcha|0 fnt
|faint|p2a: Sinistcha
|-damage|p1a: Koraidon|0 fnt|[from] Recoil
|faint|p1a: Koraidon
|
|win|yamede蛇如
|raw|yamede蛇如's rating: 1247 &rarr; <strong>1270</strong><br />(+23 for winning)
|raw|Diegopf21's rating: 1220 &rarr; <strong>1197</strong><br />(-23 for losing)
|l|☆Diegopf21
|player|p2|
|l|‽yamede蛇如
|player|p1|
