|j|☆Lemon989
|j|☆VeryGayContentVGC
|t:|1750799975
|gametype|doubles
|player|p1|Lemon989|n|1187
|player|p2|VeryGayContentVGC|marley|1242
|teamsize|p1|6
|teamsize|p2|6
|gen|9
|tier|[Gen 9] VGC 2025 Reg I
|rated|
|rule|Species Clause: Limit one of each Pokémon
|rule|Item Clause: Limit 1 of each item
|clearpoke
|poke|p1|Kleavor, L50, F|
|poke|p1|Ho-Oh, L50|
|poke|p1|Annihilape, L50, M|
|poke|p1|Miraidon, L50|
|poke|p1|Farigiraf, L50, M|
|poke|p1|Ursaluna, L50, M|
|poke|p2|Kyogre, L50|
|poke|p2|Miraidon, L50|
|poke|p2|Frosmoth, L50, F|
|poke|p2|Flutter Mane, L50|
|poke|p2|Tornadus, L50, M|
|poke|p2|Incineroar, L50, F|
|teampreview|4
|inactive|Battle timer is ON: inactive players will automatically lose when time's up. (requested by VeryGayContentVGC)
|inactive|VeryGayContentVGC has 60 seconds left.
|
|t:|1750800018
|start
|switch|p1a: Annihilape|Annihilape, L50, M|100/100
|switch|p1b: Kleavor|Kleavor, L50, F|100/100
|switch|p2a: Kyogre|Kyogre, L50, shiny|100/100
|switch|p2b: Flutter Mane|Flutter Mane, L50, shiny|100/100
|-weather|RainDance|[from] ability: Drizzle|[of] p2a: Kyogre
|-enditem|p2b: Flutter Mane|Booster Energy
|-activate|p2b: Flutter Mane|ability: Protosynthesis|[fromitem]
|-start|p2b: Flutter Mane|protosynthesisspe
|turn|1
|inactive|VeryGayContentVGC has 30 seconds left.
|inactive|Lemon989 has 30 seconds left.
|
|t:|1750800055
|-terastallize|p2a: Kyogre|Water
|-terastallize|p1b: Kleavor|Water
|move|p2b: Flutter Mane|Dazzling Gleam|p1b: Kleavor|[spread] p1a,p1b
|-supereffective|p1a: Annihilape
|-damage|p1a: Annihilape|44/100
|-damage|p1b: Kleavor|68/100
|move|p1a: Annihilape|Coaching|p1b: Kleavor
|-boost|p1b: Kleavor|atk|1
|-boost|p1b: Kleavor|def|1
|move|p2a: Kyogre|Water Spout|p1b: Kleavor|[spread] p1a,p1b
|-resisted|p1b: Kleavor
|-damage|p1a: Annihilape|0 fnt
|-damage|p1b: Kleavor|5/100
|faint|p1a: Annihilape
|move|p1b: Kleavor|X-Scissor|p2a: Kyogre
|-damage|p2a: Kyogre|0 fnt
|faint|p2a: Kyogre
|
|-weather|RainDance|[upkeep]
|upkeep
|
|t:|1750800074
|switch|p2a: Frosmoth|Frosmoth, L50, F, shiny|100/100
|switch|p1a: Ursaluna|Ursaluna, L50, M|100/100
|turn|2
|
|t:|1750800079
|move|p1a: Ursaluna|Protect|p1a: Ursaluna
|-singleturn|p1a: Ursaluna|Protect
|move|p2b: Flutter Mane|Dazzling Gleam|p1a: Ursaluna|[spread] p1b
|-activate|p1a: Ursaluna|move: Protect
|-crit|p1b: Kleavor
|-damage|p1b: Kleavor|0 fnt
|faint|p1b: Kleavor
|move|p2a: Frosmoth|Icy Wind|p1a: Ursaluna
|-activate|p1a: Ursaluna|move: Protect
|
|-weather|RainDance|[upkeep]
|-status|p1a: Ursaluna|brn|[from] item: Flame Orb
|upkeep
|
|t:|1750800084
|switch|p1b: Miraidon|Miraidon, L50|100/100
|-fieldstart|move: Electric Terrain|[from] ability: Hadron Engine|[of] p1b: Miraidon
|turn|3
|
|t:|1750800100
|move|p2b: Flutter Mane|Moonblast|p1a: Ursaluna
|-damage|p1a: Ursaluna|49/100 brn
|-unboost|p1a: Ursaluna|spa|1
|move|p1b: Miraidon|Electro Drift|p2b: Flutter Mane
|-damage|p2b: Flutter Mane|0 fnt
|faint|p2b: Flutter Mane
|-end|p2b: Flutter Mane|Protosynthesis|[silent]
|move|p1a: Ursaluna|Facade|p2a: Frosmoth
|-damage|p2a: Frosmoth|0 fnt
|faint|p2a: Frosmoth
|
|-weather|RainDance|[upkeep]
|-damage|p1a: Ursaluna|43/100 brn|[from] brn
|upkeep
|
|t:|1750800113
|switch|p2b: Miraidon|Miraidon, L50|100/100
|-activate|p2b: Miraidon|ability: Hadron Engine
|turn|4
|
|t:|1750800122
|move|p2b: Miraidon|Dazzling Gleam|p1b: Miraidon|[spread] p1a,p1b
|-supereffective|p1b: Miraidon
|-damage|p1a: Ursaluna|0 fnt
|-damage|p1b: Miraidon|29/100
|faint|p1a: Ursaluna
|move|p1b: Miraidon|Electro Drift|p2b: Miraidon
|-resisted|p2b: Miraidon
|-damage|p2b: Miraidon|68/100
|
|-weather|RainDance|[upkeep]
|upkeep
|turn|5
|
|t:|1750800127
|move|p2b: Miraidon|Dazzling Gleam|p1b: Miraidon
|-supereffective|p1b: Miraidon
|-damage|p1b: Miraidon|0 fnt
|faint|p1b: Miraidon
|
|win|VeryGayContentVGC
|raw|Lemon989's rating: 1187 &rarr; <strong>1166</strong><br />(-21 for losing)
|raw|VeryGayContentVGC's rating: 1242 &rarr; <strong>1263</strong><br />(+21 for winning)
|l|☆Lemon989
|player|p1|
|l|☆VeryGayContentVGC
|player|p2|
