|j|☆Marcel113
|j|☆Test-on-calls
|t:|1750869146
|gametype|doubles
|player|p1|Marcel113|266|1415
|player|p2|Test-on-calls|266|1404
|teamsize|p1|6
|teamsize|p2|6
|gen|9
|tier|[Gen 9] VGC 2025 Reg I
|rated|
|rule|Species Clause: Limit one of each Pokémon
|rule|Item Clause: Limit 1 of each item
|clearpoke
|poke|p1|Miraidon, L50|
|poke|p1|Incineroar, L50, F|
|poke|p1|Primarina, L50, M|
|poke|p1|Gothitelle, L50, F|
|poke|p1|Landorus, L50, M|
|poke|p1|Calyrex-Ice, L50|
|poke|p2|Grimmsnarl, L50, M|
|poke|p2|Giratina-Origin, L50|
|poke|p2|Zamazenta-*, L50|
|poke|p2|Chien-Pao, L50|
|poke|p2|Kingambit, L50, F|
|poke|p2|Iron Valiant, L50|
|teampreview|4
Marcel113 has agreed to open team sheets.
|inactive|Battle timer is ON: inactive players will automatically lose when time's up. (requested by Marcel113)
|
|t:|1750869179
|start
|switch|p1a: Incineroar|Incineroar, L50, F|100/100
|switch|p1b: Calyrex|Calyrex-Ice, L50|100/100
|switch|p2a: Kingambit|Kingambit, L50, F, shiny|100/100
|switch|p2b: Chien-Pao|Chien-Pao, L50|100/100
|-ability|p1b: Calyrex|As One
|-ability|p1b: Calyrex|Unnerve
|-ability|p2b: Chien-Pao|Sword of Ruin
|-ability|p1a: Incineroar|Intimidate|boost
|-unboost|p2a: Kingambit|atk|1
|-ability|p2a: Kingambit|Defiant|boost
|-boost|p2a: Kingambit|atk|2
|-unboost|p2b: Chien-Pao|atk|1
|turn|1
|
|t:|1750869200
|switch|p2b: Zamazenta|Zamazenta-Crowned, L50, shiny|100/100
|-ability|p2b: Zamazenta|Dauntless Shield|boost
|-boost|p2b: Zamazenta|def|1
|-terastallize|p1b: Calyrex|Water
|move|p1a: Incineroar|Fake Out|p2a: Kingambit
|-resisted|p2a: Kingambit
|-damage|p2a: Kingambit|96/100
|cant|p2a: Kingambit|flinch
|move|p1b: Calyrex|High Horsepower|p2a: Kingambit
|-supereffective|p2a: Kingambit
|-damage|p2a: Kingambit|0 fnt
|faint|p2a: Kingambit
|-ability|p1b: Calyrex|Chilling Neigh|boost
|-boost|p1b: Calyrex|atk|1
|
|upkeep
|
|t:|1750869211
|switch|p2a: Chien-Pao|Chien-Pao, L50|100/100
|-ability|p2a: Chien-Pao|Sword of Ruin
|turn|2
|
|t:|1750869223
|move|p2a: Chien-Pao|Sacred Sword|p1b: Calyrex
|-crit|p1b: Calyrex
|-damage|p1b: Calyrex|63/100
|move|p2b: Zamazenta|Body Press|p1b: Calyrex
|-damage|p1b: Calyrex|0 fnt
|faint|p1b: Calyrex
|move|p1a: Incineroar|Flare Blitz|p2a: Chien-Pao
|-supereffective|p2a: Chien-Pao
|-enditem|p2a: Chien-Pao|Focus Sash
|-damage|p2a: Chien-Pao|1/100
|-damage|p1a: Incineroar|74/100|[from] Recoil
|
|upkeep
|
|t:|1750869248
|switch|p1b: Miraidon|Miraidon, L50|100/100
|-fieldstart|move: Electric Terrain|[from] ability: Hadron Engine|[of] p1b: Miraidon
|turn|3
|
|t:|1750869268
|switch|p1a: Landorus|Landorus, L50, M|100/100
|-terastallize|p2b: Zamazenta|Dragon
|move|p2a: Chien-Pao|Sucker Punch|p1b: Miraidon
|-damage|p1b: Miraidon|61/100
|move|p2b: Zamazenta|Body Press|p1b: Miraidon
|-damage|p1b: Miraidon|0 fnt
|faint|p1b: Miraidon
|
|upkeep
|
|t:|1750869277
|switch|p1b: Incineroar|Incineroar, L50, F|74/100
|-ability|p1b: Incineroar|Intimidate|boost
|-unboost|p2a: Chien-Pao|atk|1
|-unboost|p2b: Zamazenta|atk|1
|turn|4
|
|t:|1750869289
|move|p2a: Chien-Pao|Protect|p2a: Chien-Pao
|-singleturn|p2a: Chien-Pao|Protect
|move|p2b: Zamazenta|Protect|p2b: Zamazenta
|-singleturn|p2b: Zamazenta|Protect
|move|p1b: Incineroar|Fake Out|p2a: Chien-Pao
|-activate|p2a: Chien-Pao|move: Protect
|move|p1a: Landorus|Earth Power|p2b: Zamazenta
|-activate|p2b: Zamazenta|move: Protect
|
|upkeep
|turn|5
|l|☆Test-on-calls
|inactive|Test-on-calls disconnected and has a minute to reconnect!
|player|p2|
|inactive|Marcel113 has 30 seconds left.
|
|t:|1750869314
|move|p2a: Chien-Pao|Icicle Crash|p1a: Landorus|[miss]
|-miss|p2a: Chien-Pao|p1a: Landorus
|move|p2b: Zamazenta|Body Press|p1b: Incineroar
|-supereffective|p1b: Incineroar
|-damage|p1b: Incineroar|0 fnt
|faint|p1b: Incineroar
|move|p1a: Landorus|Earth Power|p2b: Zamazenta
|-damage|p2b: Zamazenta|50/100
|
|upkeep
|turn|6
|j|☆Test-on-calls
|inactive|Test-on-calls reconnected and has 55 seconds left.
|player|p2|Test-on-calls|266|
|
|t:|1750869325
|move|p2a: Chien-Pao|Icicle Crash|p1a: Landorus
|-supereffective|p1a: Landorus
|-damage|p1a: Landorus|0 fnt
|faint|p1a: Landorus
|
|win|Test-on-calls
|raw|Marcel113's rating: 1415 &rarr; <strong>1394</strong><br />(-21 for losing)
|raw|Test-on-calls's rating: 1404 &rarr; <strong>1425</strong><br />(+21 for winning)
|l|☆Marcel113
|player|p1|
|l|☆Test-on-calls
|player|p2|
