|j|☆93w
|j|☆rongyin2
|t:|1750747557
|gametype|doubles
|player|p1|93w|lacey|1499
|player|p2|rongyin2|dawn|1459
|teamsize|p1|6
|teamsize|p2|6
|gen|9
|tier|[Gen 9] VGC 2025 Reg I
|rated|
|rule|Species Clause: Limit one of each Pokémon
|rule|Item Clause: Limit 1 of each item
|clearpoke
|poke|p1|Miraidon, L50|
|poke|p1|Calyrex-Ice, L50|
|poke|p1|Farigiraf, L50, M|
|poke|p1|Volcarona, L50, M|
|poke|p1|Urshifu-*, L50, M|
|poke|p1|Landorus, L50, M|
|poke|p2|Calyrex-Shadow, L50|
|poke|p2|Weezing-Galar, L50, M|
|poke|p2|Regigigas, L50|
|poke|p2|Eternatus, L50|
|poke|p2|Incineroar, L50, F|
|poke|p2|Klefki, L50, F|
|teampreview|4
|inactive|Battle timer is ON: inactive players will automatically lose when time's up. (requested by rongyin2)
|
|t:|1750747595
|start
|switch|p1a: Calyrex|Calyrex-Ice, L50|100/100
|switch|p1b: Urshifu|Urshifu-Rapid-Strike, L50, M|100/100
|switch|p2a: Regigigas|Regigigas, L50|100/100
|switch|p2b: Weezing|Weezing-Galar, L50, M|100/100
|-ability|p2b: Weezing|Neutralizing Gas
|-ability|p1a: Calyrex|As One
|-ability|p1a: Calyrex|Unnerve
|turn|1
|
|t:|1750747611
|move|p1b: Urshifu|Close Combat|p2a: Regigigas
|-supereffective|p2a: Regigigas
|-damage|p2a: Regigigas|0 fnt
|-unboost|p1b: Urshifu|def|1
|-unboost|p1b: Urshifu|spd|1
|faint|p2a: Regigigas
|-end|p2a: Regigigas|Slow Start|[silent]
|move|p2b: Weezing|Will-O-Wisp|p1a: Calyrex
|-status|p1a: Calyrex|brn
|move|p1a: Calyrex|Glacial Lance|p2b: Weezing
|-damage|p2b: Weezing|67/100
|
|-heal|p2b: Weezing|73/100|[from] item: Leftovers
|-damage|p1a: Calyrex|95/100 brn|[from] brn
|upkeep
|
|t:|1750747625
|switch|p2a: Calyrex|Calyrex-Shadow, L50|100/100
|-ability|p2a: Calyrex|As One
|-ability|p2a: Calyrex|Unnerve
|turn|2
|
|t:|1750747636
|-terastallize|p1b: Urshifu|Water
|move|p2a: Calyrex|Astral Barrage|p1b: Urshifu|[spread] p1a,p1b
|-supereffective|p1a: Calyrex
|-crit|p1b: Urshifu
|-damage|p1a: Calyrex|21/100 brn
|-enditem|p1b: Urshifu|Focus Sash
|-damage|p1b: Urshifu|1/100
|move|p1b: Urshifu|Surging Strikes|p2a: Calyrex
|-crit|p2a: Calyrex
|-damage|p2a: Calyrex|66/100
|-crit|p2a: Calyrex
|-damage|p2a: Calyrex|36/100
|-crit|p2a: Calyrex
|-damage|p2a: Calyrex|4/100
|-hitcount|p2a: Calyrex|3
|move|p2b: Weezing|Taunt|p1a: Calyrex
|-start|p1a: Calyrex|move: Taunt
|move|p1a: Calyrex|Glacial Lance|p2b: Weezing|[spread] p2a,p2b
|-damage|p2a: Calyrex|0 fnt
|-damage|p2b: Weezing|46/100
|faint|p2a: Calyrex
|-ability|p1a: Calyrex|Chilling Neigh|boost
|-boost|p1a: Calyrex|atk|1
|
|-heal|p2b: Weezing|52/100|[from] item: Leftovers
|-damage|p1a: Calyrex|15/100 brn|[from] brn
|upkeep
|
|t:|1750747659
|switch|p2a: Eternatus|Eternatus, L50|100/100
|turn|3
|
|t:|1750747670
|move|p2b: Weezing|Protect|p2b: Weezing
|-singleturn|p2b: Weezing|Protect
|move|p2a: Eternatus|Sludge Wave|p1a: Calyrex|[spread] p1a,p1b
|-activate|p2b: Weezing|move: Protect
|-damage|p1a: Calyrex|0 fnt
|-damage|p1b: Urshifu|0 fnt
|faint|p1a: Calyrex
|faint|p1b: Urshifu
|
|-heal|p2b: Weezing|58/100|[from] item: Leftovers
|upkeep
|
|t:|1750747676
|switch|p1b: Landorus|Landorus, L50, M|100/100
|switch|p1a: Miraidon|Miraidon, L50|100/100
|turn|4
|inactive|rongyin2 has 30 seconds left.
|
|t:|1750747709
|-terastallize|p2a: Eternatus|Grass
|move|p1b: Landorus|Protect|p1b: Landorus
|-singleturn|p1b: Landorus|Protect
|move|p2b: Weezing|Protect|p2b: Weezing
|-singleturn|p2b: Weezing|Protect
|move|p1a: Miraidon|Draco Meteor|p2a: Eternatus
|-damage|p2a: Eternatus|46/100
|-unboost|p1a: Miraidon|spa|2
|move|p2a: Eternatus|Sludge Wave|p1b: Landorus|[spread] p1a
|-activate|p2b: Weezing|move: Protect
|-activate|p1b: Landorus|move: Protect
|-damage|p1a: Miraidon|70/100
|
|-heal|p2b: Weezing|64/100|[from] item: Leftovers
|upkeep
|turn|5
|
|t:|1750747729
|move|p1a: Miraidon|Draco Meteor|p2a: Eternatus
|-damage|p2a: Eternatus|17/100
|-unboost|p1a: Miraidon|spa|2
|move|p2a: Eternatus|Dynamax Cannon|p1b: Landorus
|-damage|p1b: Landorus|40/100
|move|p1b: Landorus|Earth Power|p2b: Weezing
|-supereffective|p2b: Weezing
|-damage|p2b: Weezing|0 fnt
|faint|p2b: Weezing
|-end|p2b: Weezing|ability: Neutralizing Gas
|-fieldstart|move: Electric Terrain|[from] ability: Hadron Engine|[of] p1a: Miraidon
|-ability|p2a: Eternatus|Pressure
|-damage|p1b: Landorus|30/100|[from] item: Life Orb
|
|upkeep
|turn|6
|-message|rongyin2 forfeited.
|
|win|93w
|raw|93w's rating: 1499 &rarr; <strong>1517</strong><br />(+18 for winning)
|raw|rongyin2's rating: 1459 &rarr; <strong>1441</strong><br />(-18 for losing)
|l|☆rongyin2
|player|p2|
|l|☆93w
|player|p1|
