|j|☆25th_mang
|j|☆kravman
|t:|1750834214
|gametype|doubles
|player|p1|25th_mang|ballguy|1441
|player|p2|kravman|1|1334
|teamsize|p1|6
|teamsize|p2|6
|gen|9
|tier|[Gen 9] VGC 2025 Reg I
|rated|
|rule|Species Clause: Limit one of each Pokémon
|rule|Item Clause: Limit 1 of each item
|clearpoke
|poke|p1|Tornadus, L50, M|
|poke|p1|Kyogre, L50|
|poke|p1|Urshifu-*, L50, M|
|poke|p1|Zacian-*, L50|
|poke|p1|Landorus, L50, M|
|poke|p1|Tsareena, L50, F|
|poke|p2|Koraidon, L50|
|poke|p2|Scovillain, L50, M|
|poke|p2|Miraidon, L50|
|poke|p2|Chesnaught, L50, M|
|poke|p2|Clefairy, L50, M|
|poke|p2|Indeedee-F, L50, F|
|teampreview|4
|inactive|Battle timer is ON: inactive players will automatically lose when time's up. (requested by kravman)
|inactive|25th_mang also wants the timer to be on.
|inactive|25th_mang has 60 seconds left.
|
|t:|1750834245
|start
|switch|p1a: CAUTION WET FLOOR|Zacian-Crowned, L50|100/100
|switch|p1b: HER MAJESTY|Tsareena, L50, F, shiny|100/100
|switch|p2a: Miraidon|Miraidon, L50|100/100
|switch|p2b: Chesnaught|Chesnaught, L50, M|100/100
|-fieldstart|move: Electric Terrain|[from] ability: Hadron Engine|[of] p2a: Miraidon
|-enditem|p2b: Chesnaught|Electric Seed
|-boost|p2b: Chesnaught|def|1|[from] item: Electric Seed
|-ability|p1a: CAUTION WET FLOOR|Intrepid Sword|boost
|-boost|p1a: CAUTION WET FLOOR|atk|1
|turn|1
|
|t:|1750834265
|move|p2a: Miraidon|Electro Drift|p1a: CAUTION WET FLOOR
|-damage|p1a: CAUTION WET FLOOR|25/100
|move|p1a: CAUTION WET FLOOR|Play Rough|p2b: Chesnaught
|-supereffective|p2b: Chesnaught
|-damage|p2b: Chesnaught|47/100
|move|p1b: HER MAJESTY|Taunt|p2b: Chesnaught
|-start|p2b: Chesnaught|move: Taunt
|cant|p2b: Chesnaught|move: Taunt|Leech Seed
|
|upkeep
|turn|2
|inactive|25th_mang has 30 seconds left.
|inactive|25th_mang has 20 seconds left.
|
|t:|1750834305
|-terastallize|p1b: HER MAJESTY|Ice
|move|p1a: CAUTION WET FLOOR|Protect|p1a: CAUTION WET FLOOR
|-singleturn|p1a: CAUTION WET FLOOR|Protect
|move|p2a: Miraidon|Electro Drift|p1a: CAUTION WET FLOOR
|-activate|p1a: CAUTION WET FLOOR|move: Protect
|move|p1b: HER MAJESTY|Triple Axel|p2a: Miraidon
|-supereffective|p2a: Miraidon
|-damage|p2a: Miraidon|79/100
|-supereffective|p2a: Miraidon
|-damage|p2a: Miraidon|34/100
|-supereffective|p2a: Miraidon
|-damage|p2a: Miraidon|0 fnt
|faint|p2a: Miraidon
|-hitcount|p2: Miraidon|3
|move|p2b: Chesnaught|Body Press|p1b: HER MAJESTY
|-supereffective|p1b: HER MAJESTY
|-damage|p1b: HER MAJESTY|0 fnt
|faint|p1b: HER MAJESTY
|
|upkeep
|inactive|25th_mang has 30 seconds left.
|
|t:|1750834338
|switch|p2a: Scovillain|Scovillain, L50, M|100/100
|switch|p1b: WET|Tornadus, L50, M|100/100
|turn|3
|inactive|25th_mang has 30 seconds left.
|inactive|25th_mang has 20 seconds left.
|
|t:|1750834378
|switch|p2b: Koraidon|Koraidon, L50|100/100
|-weather|SunnyDay|[from] ability: Orichalcum Pulse|[of] p2b: Koraidon
|-activate|p2b: Koraidon|Orichalcum Pulse|[source]
|move|p2a: Scovillain|Spicy Extract|p2b: Koraidon
|-fail|p2b: Koraidon|unboost|[from] item: Clear Amulet|[of] p2b: Koraidon
|-boost|p2b: Koraidon|atk|2
|move|p1a: CAUTION WET FLOOR|Play Rough|p2b: Koraidon|[miss]
|-miss|p1a: CAUTION WET FLOOR|p2b: Koraidon
|move|p1b: WET|Bleakwind Storm|p2a: Scovillain|[spread] p2a
|-miss|p1b: WET|p2b: Koraidon
|-supereffective|p2a: Scovillain
|-enditem|p2a: Scovillain|Focus Sash
|-damage|p2a: Scovillain|1/100
|
|-weather|SunnyDay|[upkeep]
|upkeep
|turn|4
|inactive|25th_mang has 30 seconds left.
|inactive|kravman has 30 seconds left.
|inactive|kravman has 20 seconds left.
|inactive|kravman has 15 seconds left.
|inactive|kravman has 10 seconds left.
|
|t:|1750834427
|-terastallize|p2b: Koraidon|Fire
|move|p2a: Scovillain|Spicy Extract|p2b: Koraidon
|-fail|p2b: Koraidon|unboost|[from] item: Clear Amulet|[of] p2b: Koraidon
|-boost|p2b: Koraidon|atk|2
|move|p1a: CAUTION WET FLOOR|Play Rough|p2b: Koraidon|[miss]
|-miss|p1a: CAUTION WET FLOOR|p2b: Koraidon
|move|p2b: Koraidon|Flame Charge|p1b: WET
|-damage|p1b: WET|0 fnt
|-boost|p2b: Koraidon|spe|1
|faint|p1b: WET
|
|-weather|SunnyDay|[upkeep]
|upkeep
|
|t:|1750834443
|switch|p1b: BORN TO WET|Kyogre, L50, shiny|100/100
|-weather|RainDance|[from] ability: Drizzle|[of] p1b: BORN TO WET
|turn|5
|
|t:|1750834450
|move|p1a: CAUTION WET FLOOR|Protect|p1a: CAUTION WET FLOOR
|-singleturn|p1a: CAUTION WET FLOOR|Protect
|move|p2a: Scovillain|Rage Powder|p2a: Scovillain
|-singleturn|p2a: Scovillain|move: Rage Powder
|move|p2b: Koraidon|Collision Course|p1b: BORN TO WET
|-damage|p1b: BORN TO WET|0 fnt
|faint|p1b: BORN TO WET
|
|-weather|RainDance|[upkeep]
|-fieldend|move: Electric Terrain
|upkeep
|turn|6
|c|☆25th_mang|Gg
|c|☆kravman|gg
|
|t:|1750834471
|move|p2b: Koraidon|Collision Course|p1a: CAUTION WET FLOOR
|-damage|p1a: CAUTION WET FLOOR|0 fnt
|faint|p1a: CAUTION WET FLOOR
|
|win|kravman
|raw|25th_mang's rating: 1441 &rarr; <strong>1414</strong><br />(-27 for losing)
|raw|kravman's rating: 1314 &rarr; <strong>1341</strong><br />(+27 for winning)
|l|☆kravman
|player|p2|
|c|☆25th_mang|You think I had a chance if the play roughs landed
|l|☆25th_mang
|player|p1|
