|j|☆reptar1995
|j|☆trashbros
|t:|1750831716
|gametype|doubles
|player|p1|reptar1995|2|1343
|player|p2|trashbros|rood|1341
|teamsize|p1|6
|teamsize|p2|6
|gen|9
|tier|[Gen 9] VGC 2025 Reg I
|rated|
|rule|Species Clause: Limit one of each Pokémon
|rule|Item Clause: Limit 1 of each item
|clearpoke
|poke|p1|Whimsicott, L50, M|
|poke|p1|Zamazenta-*, L50|
|poke|p1|Calyrex-Shadow, L50|
|poke|p1|Rillaboom, L50, F|
|poke|p1|Raging Bolt, L50|
|poke|p1|Ninetales-Alola, L50, M|
|poke|p2|Miraidon, L50|
|poke|p2|Calyrex-Ice, L50|
|poke|p2|Grimmsnarl, L50, M|
|poke|p2|Incineroar, L50, M|
|poke|p2|Pelipper, L50, M|
|poke|p2|Urshifu-*, L50, M|
|teampreview|4
|inactive|Battle timer is ON: inactive players will automatically lose when time's up. (requested by reptar1995)
|
|t:|1750831744
|start
|switch|p1a: Zamazenta|Zamazenta-Crowned, L50|100/100
|switch|p1b: Rillaboom|Rillaboom, L50, F|100/100
|switch|p2a: Bill Gacks|Miraidon, L50|100/100
|switch|p2b: Mr Pibb|Incineroar, L50, M, shiny|100/100
|-fieldstart|move: Electric Terrain|[from] ability: Hadron Engine|[of] p2a: Bill Gacks
|-ability|p1a: Zamazenta|Dauntless Shield|boost
|-boost|p1a: Zamazenta|def|1
|-fieldstart|move: Grassy Terrain|[from] ability: Grassy Surge|[of] p1b: Rillaboom
|-ability|p2b: Mr Pibb|Intimidate|boost
|-unboost|p1a: Zamazenta|atk|1
|-unboost|p1b: Rillaboom|atk|1
|turn|1
|
|t:|1750831762
|-terastallize|p1a: Zamazenta|Ground
|move|p1b: Rillaboom|Fake Out|p2b: Mr Pibb
|-damage|p2b: Mr Pibb|90/100
|cant|p2b: Mr Pibb|flinch
|move|p2a: Bill Gacks|Volt Switch|p1b: Rillaboom
|-resisted|p1b: Rillaboom
|-damage|p1b: Rillaboom|81/100
|
|t:|1750831771
|switch|p2a: The Frozen One|Calyrex-Ice, L50|100/100|[from] Volt Switch
|-ability|p2a: The Frozen One|As One
|-ability|p2a: The Frozen One|Unnerve
|move|p1a: Zamazenta|Body Press|p2b: Mr Pibb
|-supereffective|p2b: Mr Pibb
|-damage|p2b: Mr Pibb|0 fnt
|faint|p2b: Mr Pibb
|
|-heal|p1b: Rillaboom|87/100|[from] Grassy Terrain
|upkeep
|
|t:|1750831780
|switch|p2b: Larry|Pelipper, L50, M|100/100
|-weather|RainDance|[from] ability: Drizzle|[of] p2b: Larry
|turn|2
|inactive|reptar1995 has 30 seconds left.
|
|t:|1750831805
|move|p1a: Zamazenta|Wide Guard|p1a: Zamazenta
|-singleturn|p1a: Zamazenta|Wide Guard
|move|p1b: Rillaboom|U-turn|p2a: The Frozen One
|-supereffective|p2a: The Frozen One
|-damage|p2a: The Frozen One|80/100
|
|t:|1750831810
|switch|p1b: Ninetales|Ninetales-Alola, L50, M|100/100|[from] U-turn
|-weather|Snowscape|[from] ability: Snow Warning|[of] p1b: Ninetales
|move|p2b: Larry|Weather Ball|p1a: Zamazenta
|-supereffective|p1a: Zamazenta
|-damage|p1a: Zamazenta|61/100
|move|p2a: The Frozen One|Trick Room|p2a: The Frozen One
|-fieldstart|move: Trick Room|[of] p2a: The Frozen One
|
|-weather|Snowscape|[upkeep]
|-heal|p2a: The Frozen One|86/100|[from] Grassy Terrain
|-heal|p2a: The Frozen One|92/100|[from] item: Leftovers
|-heal|p1a: Zamazenta|67/100|[from] Grassy Terrain
|upkeep
|turn|3
|
|t:|1750831825
|move|p1a: Zamazenta|Wide Guard|p1a: Zamazenta
|-singleturn|p1a: Zamazenta|Wide Guard
|move|p2a: The Frozen One|Leech Seed|p1b: Ninetales
|-start|p1b: Ninetales|move: Leech Seed
|move|p2b: Larry|Weather Ball|p1a: Zamazenta
|-supereffective|p1a: Zamazenta
|-damage|p1a: Zamazenta|29/100
|move|p1b: Ninetales|Aurora Veil|p1b: Ninetales
|-sidestart|p1: reptar1995|move: Aurora Veil
|
|-weather|Snowscape|[upkeep]
|-heal|p2a: The Frozen One|98/100|[from] Grassy Terrain
|-heal|p2a: The Frozen One|100/100|[from] item: Leftovers
|-heal|p1a: Zamazenta|35/100|[from] Grassy Terrain
|-damage|p1b: Ninetales|88/100|[from] Leech Seed|[of] p2a: The Frozen One
|upkeep
|turn|4
|
|t:|1750831846
|move|p2b: Larry|Protect|p2b: Larry
|-singleturn|p2b: Larry|Protect
|move|p2a: The Frozen One|Leech Seed|p1a: Zamazenta
|-start|p1a: Zamazenta|move: Leech Seed
|move|p1a: Zamazenta|Body Press|p2a: The Frozen One
|-damage|p2a: The Frozen One|70/100
|move|p1b: Ninetales|Moonblast|p2b: Larry
|-activate|p2b: Larry|move: Protect
|
|-weather|Snowscape|[upkeep]
|-heal|p2a: The Frozen One|76/100|[from] Grassy Terrain
|-heal|p2a: The Frozen One|82/100|[from] item: Leftovers
|-heal|p1a: Zamazenta|41/100|[from] Grassy Terrain
|-heal|p1b: Ninetales|94/100|[from] Grassy Terrain
|-damage|p1a: Zamazenta|29/100|[from] Leech Seed|[of] p2a: The Frozen One
|-heal|p2a: The Frozen One|94/100|[silent]
|-damage|p1b: Ninetales|82/100|[from] Leech Seed|[of] p2a: The Frozen One
|-heal|p2a: The Frozen One|100/100|[silent]
|upkeep
|turn|5
|inactive|trashbros has 30 seconds left.
|
|t:|1750831872
|move|p2a: The Frozen One|Glacial Lance|p1a: Zamazenta|[spread] p1a,p1b
|-supereffective|p1a: Zamazenta
|-resisted|p1b: Ninetales
|-damage|p1a: Zamazenta|0 fnt
|-damage|p1b: Ninetales|66/100
|faint|p1a: Zamazenta
|-ability|p2a: The Frozen One|Chilling Neigh|boost
|-boost|p2a: The Frozen One|atk|1
|move|p2b: Larry|Weather Ball|p1b: Ninetales
|-resisted|p1b: Ninetales
|-damage|p1b: Ninetales|54/100
|move|p1b: Ninetales|Blizzard|p2b: Larry|[spread] p2a,p2b
|-resisted|p2a: The Frozen One
|-damage|p2a: The Frozen One|91/100
|-damage|p2b: Larry|55/100
|
|-weather|Snowscape|[upkeep]
|-heal|p2a: The Frozen One|97/100|[from] Grassy Terrain
|-heal|p2a: The Frozen One|100/100|[from] item: Leftovers
|-heal|p1b: Ninetales|60/100|[from] Grassy Terrain
|-damage|p1b: Ninetales|48/100|[from] Leech Seed|[of] p2a: The Frozen One
|-fieldend|move: Grassy Terrain
|upkeep
|
|t:|1750831896
|switch|p1a: Calyrex|Calyrex-Shadow, L50|100/100
|-ability|p1a: Calyrex|As One
|-ability|p1a: Calyrex|Unnerve
|turn|6
|
|t:|1750831907
|move|p1a: Calyrex|Protect|p1a: Calyrex
|-singleturn|p1a: Calyrex|Protect
|move|p2b: Larry|Wide Guard|p2b: Larry
|-singleturn|p2b: Larry|Wide Guard
|move|p2a: The Frozen One|Glacial Lance|p1a: Calyrex|[spread] p1b
|-activate|p1a: Calyrex|move: Protect
|-resisted|p1b: Ninetales
|-damage|p1b: Ninetales|19/100
|move|p1b: Ninetales|Moonblast|p1a: Calyrex
|-activate|p1a: Calyrex|move: Protect
|
|-weather|none
|-damage|p1b: Ninetales|7/100|[from] Leech Seed|[of] p2a: The Frozen One
|-fieldend|move: Trick Room
|upkeep
|turn|7
|inactive|reptar1995 has 30 seconds left.
|
|t:|1750831934
|move|p2b: Larry|Wide Guard|p2b: Larry
|-singleturn|p2b: Larry|Wide Guard
|move|p1a: Calyrex|Encore|p2b: Larry
|-start|p2b: Larry|Encore
|move|p1b: Ninetales|Moonblast|p2a: The Frozen One
|-damage|p2a: The Frozen One|80/100
|move|p2a: The Frozen One|Glacial Lance|p1a: Calyrex|[spread] p1a,p1b
|-resisted|p1b: Ninetales
|-damage|p1a: Calyrex|39/100
|-damage|p1b: Ninetales|0 fnt
|faint|p1b: Ninetales
|-ability|p2a: The Frozen One|Chilling Neigh|boost
|-boost|p2a: The Frozen One|atk|1
|
|-heal|p2a: The Frozen One|86/100|[from] item: Leftovers
|-sideend|p1: reptar1995|move: Aurora Veil
|upkeep
|
|t:|1750831943
|switch|p1b: Rillaboom|Rillaboom, L50, F|87/100
|-fieldstart|move: Grassy Terrain|[from] ability: Grassy Surge|[of] p1b: Rillaboom
|turn|8
|
|t:|1750831952
|move|p1b: Rillaboom|Fake Out|p2a: The Frozen One
|-damage|p2a: The Frozen One|77/100
|move|p2b: Larry|Wide Guard|p2b: Larry
|-singleturn|p2b: Larry|Wide Guard
|move|p1a: Calyrex|Psychic|p2b: Larry
|-damage|p2b: Larry|0 fnt
|faint|p2b: Larry
|-ability|p1a: Calyrex|Grim Neigh|boost
|-boost|p1a: Calyrex|spa|1
|-damage|p1a: Calyrex|29/100|[from] item: Life Orb
|cant|p2a: The Frozen One|flinch
|
|-heal|p1a: Calyrex|35/100|[from] Grassy Terrain
|-heal|p1b: Rillaboom|92/100|[from] Grassy Terrain
|-heal|p2a: The Frozen One|83/100|[from] Grassy Terrain
|-heal|p2a: The Frozen One|89/100|[from] item: Leftovers
|upkeep
|
|t:|1750831955
|switch|p2b: Bill Gacks|Miraidon, L50|100/100
|-fieldstart|move: Electric Terrain|[from] ability: Hadron Engine|[of] p2b: Bill Gacks
|turn|9
|
|t:|1750831968
|move|p2b: Bill Gacks|Electro Drift|p1a: Calyrex
|-damage|p1a: Calyrex|0 fnt
|faint|p1a: Calyrex
|move|p1b: Rillaboom|Grassy Glide|p2a: The Frozen One
|-damage|p2a: The Frozen One|69/100
|move|p2a: The Frozen One|Glacial Lance|p1b: Rillaboom
|-supereffective|p1b: Rillaboom
|-damage|p1b: Rillaboom|0 fnt
|faint|p1b: Rillaboom
|
|win|trashbros
|raw|reptar1995's rating: 1343 &rarr; <strong>1323</strong><br />(-20 for losing)
|raw|trashbros's rating: 1341 &rarr; <strong>1361</strong><br />(+20 for winning)
|l|☆reptar1995
|player|p1|
|l|☆trashbros
|player|p2|
