|j|☆soggymuffins
|j|☆Exzlu
|t:|1750804746
|gametype|doubles
|player|p1|soggymuffins|pokemaniac|1195
|player|p2|Exzlu|265|1207
|teamsize|p1|6
|teamsize|p2|6
|gen|9
|tier|[Gen 9] VGC 2025 Reg I
|rated|
|rule|Species Clause: Limit one of each Pokémon
|rule|Item Clause: Limit 1 of each item
|clearpoke
|poke|p1|Koraidon, L50|
|poke|p1|Lunala, L50|
|poke|p1|Walking Wake, L50|
|poke|p1|Chi-Yu, L50|
|poke|p1|Rillaboom, L50, M|
|poke|p1|Flutter Mane, L50|
|poke|p2|Zamazenta-*, L50|
|poke|p2|Lucario, L50, M|
|poke|p2|Milotic, L50, M|
|poke|p2|Miraidon, L50|
|poke|p2|Tsareena, L50, F|
|poke|p2|Incineroar, L50, F|
|teampreview|4
|inactive|Battle timer is ON: inactive players will automatically lose when time's up. (requested by soggymuffins)
|c|☆Exzlu|gl hf
|c|☆soggymuffins|glhf
|c|☆soggymuffins|nice to see a lucario
|c|☆soggymuffins|i like the team
|inactive|soggymuffins has 60 seconds left.
|
|t:|1750804794
|start
|switch|p1a: Chi-Yu|Chi-Yu, L50|100/100
|switch|p1b: Walking Wake|Walking Wake, L50|100/100
|switch|p2a: Milotic|Milotic, L50, M, shiny|100/100
|switch|p2b: Incineroar|Incineroar, L50, F, shiny|100/100
|-ability|p1a: Chi-Yu|Beads of Ruin
|-ability|p2b: Incineroar|Intimidate|boost
|-unboost|p1a: Chi-Yu|atk|1
|-unboost|p1b: Walking Wake|atk|1
|-enditem|p1b: Walking Wake|Booster Energy
|-activate|p1b: Walking Wake|ability: Protosynthesis|[fromitem]
|-start|p1b: Walking Wake|protosynthesisspe
|turn|1
|c|☆Exzlu|im just messing around to try be braver oon team build than usual (kneeckoh/jeans plays my teams a lot)
|inactive|soggymuffins has 30 seconds left.
|inactive|soggymuffins has 20 seconds left.
|inactive|soggymuffins has 15 seconds left.
|inactive|soggymuffins has 10 seconds left.
|
|t:|1750804844
|-terastallize|p1a: Chi-Yu|Ghost
|move|p2b: Incineroar|Fake Out|p1b: Walking Wake
|-damage|p1b: Walking Wake|88/100
|cant|p1b: Walking Wake|flinch
|move|p1a: Chi-Yu|Snarl|p2b: Incineroar|[spread] p2a,p2b
|-resisted|p2b: Incineroar
|-damage|p2a: Milotic|75/100
|-damage|p2b: Incineroar|87/100
|-unboost|p2a: Milotic|spa|1
|-ability|p2a: Milotic|Competitive|boost
|-boost|p2a: Milotic|spa|2
|-unboost|p2b: Incineroar|spa|1
|move|p2a: Milotic|Coil|p2a: Milotic
|-boost|p2a: Milotic|atk|1
|-boost|p2a: Milotic|def|1
|-boost|p2a: Milotic|accuracy|1
|
|-heal|p2a: Milotic|81/100|[from] item: Leftovers
|upkeep
|turn|2
|inactive|soggymuffins has 30 seconds left.
|inactive|Exzlu has 30 seconds left.
|inactive|soggymuffins has 20 seconds left.
|inactive|soggymuffins has 15 seconds left.
|inactive|soggymuffins has 10 seconds left.
|
|t:|1750804893
|switch|p1a: Rillaboom|Rillaboom, L50, M|100/100
|-fieldstart|move: Grassy Terrain|[from] ability: Grassy Surge|[of] p1a: Rillaboom
|move|p1b: Walking Wake|Draco Meteor|p2a: Milotic
|-damage|p2a: Milotic|32/100
|-unboost|p1b: Walking Wake|spa|2
|move|p2a: Milotic|Coil|p2a: Milotic
|-boost|p2a: Milotic|atk|1
|-boost|p2a: Milotic|def|1
|-boost|p2a: Milotic|accuracy|1
|move|p2b: Incineroar|Parting Shot|p1b: Walking Wake
|-unboost|p1b: Walking Wake|atk|1
|-unboost|p1b: Walking Wake|spa|1
|
|t:|1750804907
|switch|p2b: Zamazenta|Zamazenta-Crowned, L50, shiny|100/100|[from] Parting Shot
|-ability|p2b: Zamazenta|Dauntless Shield|boost
|-boost|p2b: Zamazenta|def|1
|
|-heal|p1b: Walking Wake|94/100|[from] Grassy Terrain
|-heal|p2a: Milotic|38/100|[from] Grassy Terrain
|-heal|p2a: Milotic|44/100|[from] item: Leftovers
|upkeep
|turn|3
|
|t:|1750804925
|-end|p1b: Walking Wake|Protosynthesis|[silent]
|switch|p1b: Chi-Yu|Chi-Yu, L50, tera:Ghost|100/100
|-ability|p1b: Chi-Yu|Beads of Ruin
|move|p1a: Rillaboom|Grassy Glide|p2a: Milotic
|-supereffective|p2a: Milotic
|-damage|p2a: Milotic|16/100
|move|p2b: Zamazenta|Body Press|p1b: Chi-Yu
|-immune|p1b: Chi-Yu
|move|p2a: Milotic|Hypnosis|p1b: Chi-Yu
|-status|p1b: Chi-Yu|slp|[from] move: Hypnosis
|
|-heal|p2a: Milotic|22/100|[from] Grassy Terrain
|-heal|p2a: Milotic|28/100|[from] item: Leftovers
|upkeep
|turn|4
|inactive|soggymuffins has 30 seconds left.
|inactive|Exzlu has 30 seconds left.
|inactive|Exzlu has 20 seconds left.
|
|t:|1750804965
|-terastallize|p2a: Milotic|Fairy
|move|p1a: Rillaboom|Grassy Glide|p2a: Milotic
|-damage|p2a: Milotic|15/100
|cant|p1b: Chi-Yu|slp
|move|p2b: Zamazenta|Heavy Slam|p1b: Chi-Yu
|-damage|p1b: Chi-Yu|22/100 slp
|move|p2a: Milotic|Hypnosis|p1a: Rillaboom
|-status|p1a: Rillaboom|slp|[from] move: Hypnosis
|
|-heal|p1b: Chi-Yu|28/100 slp|[from] Grassy Terrain
|-heal|p2a: Milotic|21/100|[from] Grassy Terrain
|-heal|p2a: Milotic|27/100|[from] item: Leftovers
|upkeep
|turn|5
|
|t:|1750804982
|cant|p1b: Chi-Yu|slp
|move|p2b: Zamazenta|Heavy Slam|p1b: Chi-Yu
|-damage|p1b: Chi-Yu|0 fnt
|faint|p1b: Chi-Yu
|move|p2a: Milotic|Draining Kiss|p1a: Rillaboom
|-damage|p1a: Rillaboom|83/100 slp
|-heal|p2a: Milotic|41/100|[from] drain|[of] p1a: Rillaboom
|cant|p1a: Rillaboom|slp
|
|-heal|p2a: Milotic|47/100|[from] Grassy Terrain
|-heal|p2a: Milotic|52/100|[from] item: Leftovers
|-heal|p1a: Rillaboom|88/100 slp|[from] Grassy Terrain
|upkeep
|
|t:|1750804988
|switch|p1b: Walking Wake|Walking Wake, L50|94/100
|turn|6
|inactive|soggymuffins has 30 seconds left.
|
|t:|1750805016
|switch|p1a: Koraidon|Koraidon, L50|100/100
|-weather|SunnyDay|[from] ability: Orichalcum Pulse|[of] p1a: Koraidon
|-activate|p1b: Walking Wake|ability: Protosynthesis
|-start|p1b: Walking Wake|protosynthesisspe
|-activate|p1a: Koraidon|Orichalcum Pulse|[source]
|move|p2b: Zamazenta|Protect|p2b: Zamazenta
|-singleturn|p2b: Zamazenta|Protect
|move|p1b: Walking Wake|Hydro Steam|p2a: Milotic
|-damage|p2a: Milotic|9/100
|move|p2a: Milotic|Hypnosis|p1b: Walking Wake
|-status|p1b: Walking Wake|slp|[from] move: Hypnosis
|
|-weather|SunnyDay|[upkeep]
|-heal|p1b: Walking Wake|99/100 slp|[from] Grassy Terrain
|-heal|p2a: Milotic|15/100|[from] Grassy Terrain
|-heal|p2a: Milotic|21/100|[from] item: Leftovers
|-fieldend|move: Grassy Terrain
|upkeep
|turn|7
|c|☆soggymuffins|damnnn
|c|☆soggymuffins|so tanky lol
|inactive|soggymuffins has 30 seconds left.
|
|t:|1750805046
|cant|p1b: Walking Wake|slp
|move|p1a: Koraidon|Flame Charge|p2a: Milotic
|-damage|p2a: Milotic|0 fnt
|-boost|p1a: Koraidon|spe|1
|faint|p2a: Milotic
|-damage|p1a: Koraidon|91/100|[from] item: Life Orb
|move|p2b: Zamazenta|Body Press|p1b: Walking Wake
|-damage|p1b: Walking Wake|27/100 slp
|
|-weather|SunnyDay|[upkeep]
|upkeep
|
|t:|1750805052
|switch|p2a: Incineroar|Incineroar, L50, F, shiny|87/100
|-ability|p2a: Incineroar|Intimidate|boost
|-unboost|p1a: Koraidon|atk|1
|-unboost|p1b: Walking Wake|atk|1
|turn|8
|
|t:|1750805063
|move|p1a: Koraidon|Protect|p1a: Koraidon
|-singleturn|p1a: Koraidon|Protect
|cant|p1b: Walking Wake|slp
|move|p2b: Zamazenta|Protect|p2b: Zamazenta
|-singleturn|p2b: Zamazenta|Protect
|move|p2a: Incineroar|Will-O-Wisp|p1a: Koraidon
|-activate|p1a: Koraidon|move: Protect
|
|-weather|SunnyDay|[upkeep]
|upkeep
|turn|9
|
|t:|1750805080
|move|p1a: Koraidon|Flare Blitz|p2b: Zamazenta
|-supereffective|p2b: Zamazenta
|-damage|p2b: Zamazenta|40/100
|-damage|p1a: Koraidon|70/100|[from] Recoil
|-damage|p1a: Koraidon|61/100|[from] item: Life Orb
|cant|p1b: Walking Wake|slp
|move|p2b: Zamazenta|Body Press|p1a: Koraidon
|-damage|p1a: Koraidon|1/100
|move|p2a: Incineroar|Knock Off|p1b: Walking Wake
|-damage|p1b: Walking Wake|0 fnt
|faint|p1b: Walking Wake
|-end|p1b: Walking Wake|Protosynthesis|[silent]
|
|-weather|SunnyDay|[upkeep]
|upkeep
|
|t:|1750805090
|switch|p1b: Rillaboom|Rillaboom, L50, M|88/100 slp
|-fieldstart|move: Grassy Terrain|[from] ability: Grassy Surge|[of] p1b: Rillaboom
|turn|10
|
|t:|1750805100
|switch|p2a: Miraidon|Miraidon, L50|100/100
|-fieldstart|move: Electric Terrain|[from] ability: Hadron Engine|[of] p2a: Miraidon
|move|p2b: Zamazenta|Protect|p2b: Zamazenta
|-singleturn|p2b: Zamazenta|Protect
|cant|p1b: Rillaboom|slp
|move|p1a: Koraidon|Flame Charge|p2b: Zamazenta
|-activate|p2b: Zamazenta|move: Protect
|
|-weather|none
|upkeep
|turn|11
|
|t:|1750805117
|move|p1a: Koraidon|Close Combat|p2a: Miraidon
|-damage|p2a: Miraidon|55/100
|-unboost|p1a: Koraidon|def|1
|-unboost|p1a: Koraidon|spd|1
|-damage|p1a: Koraidon|0 fnt|[from] item: Life Orb
|faint|p1a: Koraidon
|move|p2a: Miraidon|Dazzling Gleam|p1b: Rillaboom
|-damage|p1b: Rillaboom|57/100 slp
|move|p2b: Zamazenta|Body Press|p1b: Rillaboom
|-damage|p1b: Rillaboom|0 fnt
|faint|p1b: Rillaboom
|
|win|Exzlu
|raw|soggymuffins's rating: 1195 &rarr; <strong>1171</strong><br />(-24 for losing)
|raw|Exzlu's rating: 1207 &rarr; <strong>1231</strong><br />(+24 for winning)
|l|☆soggymuffins
|player|p1|
|c|☆Exzlu|gg
