|j|☆Dryxz
|j|☆koper456
|t:|1750795488
|gametype|doubles
|player|p1|Dryxz|riley|1120
|player|p2|koper456|265|1076
|teamsize|p1|6
|teamsize|p2|6
|gen|9
|tier|[Gen 9] VGC 2025 Reg I
|rated|
|rule|Species Clause: Limit one of each Pokémon
|rule|Item Clause: Limit 1 of each item
|clearpoke
|poke|p1|Miraidon, L50|
|poke|p1|Hawlucha, L50, M|
|poke|p1|Iron Hands, L50|
|poke|p1|Kyogre, L50|
|poke|p1|Sableye, L50, M|
|poke|p1|Rotom-Wash, L50|
|poke|p2|Farigiraf, L50, F|
|poke|p2|Tornadus, L50, M|
|poke|p2|Koraidon, L50|
|poke|p2|Urshifu-*, L50, M|
|poke|p2|Chi-Yu, L50|
|poke|p2|Flutter Mane, L50|
|teampreview|4
|
|t:|1750795527
|start
|switch|p1a: Sableye|Sableye, L50, M|100/100
|switch|p1b: Kyogre|Kyogre, L50|100/100
|switch|p2a: Tornadus|Tornadus, L50, M|100/100
|switch|p2b: Flutter Mane|Flutter Mane, L50|100/100
|-weather|RainDance|[from] ability: Drizzle|[of] p1b: Kyogre
|-enditem|p2b: Flutter Mane|Booster Energy
|-activate|p2b: Flutter Mane|ability: Protosynthesis|[fromitem]
|-start|p2b: Flutter Mane|protosynthesisspe
|turn|1
|
|t:|1750795555
|move|p1a: Sableye|Gravity|p1a: Sableye
|-fieldstart|move: Gravity
|move|p2b: Flutter Mane|Shadow Ball|p1b: Kyogre
|-damage|p1b: Kyogre|67/100
|move|p1b: Kyogre|Blizzard|p2b: Flutter Mane|[spread] p2a,p2b
|-supereffective|p2a: Tornadus
|-damage|p2a: Tornadus|35/100
|-damage|p2b: Flutter Mane|54/100
|-damage|p1b: Kyogre|58/100|[from] item: Life Orb
|move|p2a: Tornadus|Bleakwind Storm|p1b: Kyogre|[spread] p1a,p1b
|-damage|p1a: Sableye|54/100
|-damage|p1b: Kyogre|35/100
|-unboost|p1a: Sableye|spe|1
|
|-weather|RainDance|[upkeep]
|upkeep
|turn|2
|
|t:|1750795586
|move|p1b: Kyogre|Protect|p1b: Kyogre
|-singleturn|p1b: Kyogre|Protect
|move|p2b: Flutter Mane|Dazzling Gleam|p1a: Sableye|[spread] p1a
|-activate|p1b: Kyogre|move: Protect
|-supereffective|p1a: Sableye
|-crit|p1a: Sableye
|-damage|p1a: Sableye|0 fnt
|faint|p1a: Sableye
|move|p2a: Tornadus|Bleakwind Storm|p1b: Kyogre
|-activate|p1b: Kyogre|move: Protect
|
|-weather|RainDance|[upkeep]
|upkeep
|
|t:|1750795607
|switch|p1a: Rotom|Rotom-Wash, L50|100/100
|turn|3
|
|t:|1750795617
|move|p2a: Tornadus|Protect|p2a: Tornadus
|-singleturn|p2a: Tornadus|Protect
|move|p2b: Flutter Mane|Shadow Ball|p1b: Kyogre
|-damage|p1b: Kyogre|2/100
|move|p1b: Kyogre|Origin Pulse|p2a: Tornadus|[spread] p2b
|-activate|p2a: Tornadus|move: Protect
|-damage|p2b: Flutter Mane|0 fnt
|faint|p2b: Flutter Mane
|-end|p2b: Flutter Mane|Protosynthesis|[silent]
|-damage|p1b: Kyogre|0 fnt|[from] item: Life Orb
|faint|p1b: Kyogre
|move|p1a: Rotom|Electroweb|p2a: Tornadus
|-activate|p2a: Tornadus|move: Protect
|
|-weather|RainDance|[upkeep]
|upkeep
|
|t:|1750795631
|switch|p2b: Chi-Yu|Chi-Yu, L50|100/100
|switch|p1b: Miraidon|Miraidon, L50|100/100
|-fieldstart|move: Electric Terrain|[from] ability: Hadron Engine|[of] p1b: Miraidon
|-ability|p2b: Chi-Yu|Beads of Ruin
|turn|4
|
|t:|1750795667
|move|p2a: Tornadus|Scary Face|p1b: Miraidon
|-unboost|p1b: Miraidon|spe|2
|move|p2b: Chi-Yu|Dark Pulse|p1a: Rotom
|-damage|p1a: Rotom|0 fnt
|faint|p1a: Rotom
|move|p1b: Miraidon|Electro Drift|p2a: Tornadus
|-supereffective|p2a: Tornadus
|-damage|p2a: Tornadus|0 fnt
|faint|p2a: Tornadus
|
|-weather|RainDance|[upkeep]
|upkeep
|
|t:|1750795681
|switch|p2a: Koraidon|Koraidon, L50|100/100
|-weather|SunnyDay|[from] ability: Orichalcum Pulse|[of] p2a: Koraidon
|-activate|p2a: Koraidon|Orichalcum Pulse|[source]
|turn|5
|
|t:|1750795688
|-terastallize|p1b: Miraidon|Fairy
|move|p2a: Koraidon|Scale Shot|p1b: Miraidon
|-immune|p1b: Miraidon
|move|p2b: Chi-Yu|Dark Pulse|p1b: Miraidon
|-resisted|p1b: Miraidon
|-damage|p1b: Miraidon|59/100
|move|p1b: Miraidon|Dazzling Gleam|p2a: Koraidon|[spread] p2a,p2b
|-supereffective|p2a: Koraidon
|-damage|p2a: Koraidon|0 fnt
|-damage|p2b: Chi-Yu|45/100
|faint|p2a: Koraidon
|
|-weather|SunnyDay|[upkeep]
|-fieldend|move: Gravity
|upkeep
|turn|6
|
|t:|1750795707
|move|p2b: Chi-Yu|Dark Pulse|p1b: Miraidon
|-resisted|p1b: Miraidon
|-damage|p1b: Miraidon|23/100
|move|p1b: Miraidon|Electro Drift|p2b: Chi-Yu
|-damage|p2b: Chi-Yu|0 fnt
|faint|p2b: Chi-Yu
|
|win|Dryxz
|raw|Dryxz's rating: 1120 &rarr; <strong>1142</strong><br />(+22 for winning)
|raw|koper456's rating: 1076 &rarr; <strong>1057</strong><br />(-19 for losing)
|l|☆koper456
|player|p2|
|l|☆Dryxz
|player|p1|
