|j|☆xdenoniox
|j|☆GreenMisfire
|t:|1750790966
|gametype|doubles
|player|p1|xdenoniox|lance|1469
|player|p2|GreenMisfire|acetrainer-gen4dp|1394
|teamsize|p1|6
|teamsize|p2|6
|gen|9
|tier|[Gen 9] VGC 2025 Reg I
|rated|
|rule|Species Clause: Limit one of each Pokémon
|rule|Item Clause: Limit 1 of each item
|clearpoke
|poke|p1|Miraidon, L50|
|poke|p1|Zamazenta-*, L50|
|poke|p1|Volcarona, L50, F|
|poke|p1|Chien-Pao, L50|
|poke|p1|Rillaboom, L50, F|
|poke|p1|Ogerpon, L50, F|
|poke|p2|Calyrex-Shadow, L50|
|poke|p2|Incineroar, L50, M|
|poke|p2|Urshifu-*, L50, M|
|poke|p2|Rillaboom, L50, M|
|poke|p2|Ogerpon-Cornerstone, L50, F|
|poke|p2|Terapagos, L50, M|
|teampreview|4
|inactive|Battle timer is ON: inactive players will automatically lose when time's up. (requested by GreenMisfire)
|
|t:|1750790988
|start
|switch|p1a: Miraidon|Miraidon, L50|100/100
|switch|p1b: Ogerpon|Ogerpon, L50, F|100/100
|switch|p2a: Incinerate|Incineroar, L50, M|100/100
|switch|p2b: Drummer|Rillaboom, L50, M|100/100
|-fieldstart|move: Electric Terrain|[from] ability: Hadron Engine|[of] p1a: Miraidon
|-fieldstart|move: Grassy Terrain|[from] ability: Grassy Surge|[of] p2b: Drummer
|-ability|p2a: Incinerate|Intimidate|boost
|-unboost|p1a: Miraidon|atk|1
|-unboost|p1b: Ogerpon|atk|1
|-ability|p1b: Ogerpon|Defiant|boost
|-boost|p1b: Ogerpon|atk|2
|turn|1
|inactive|xdenoniox has 30 seconds left.
|inactive|GreenMisfire has 30 seconds left.
|inactive|xdenoniox has 20 seconds left.
|inactive|GreenMisfire has 20 seconds left.
|inactive|xdenoniox has 15 seconds left.
|inactive|GreenMisfire has 15 seconds left.
|inactive|xdenoniox has 10 seconds left.
|inactive|GreenMisfire has 10 seconds left.
|
|t:|1750791036
|move|p1b: Ogerpon|Spiky Shield|p1b: Ogerpon
|-singleturn|p1b: Ogerpon|move: Protect
|move|p2a: Incinerate|Fake Out|p1a: Miraidon
|-damage|p1a: Miraidon|88/100
|cant|p1a: Miraidon|flinch
|move|p2b: Drummer|U-turn|p1a: Miraidon
|-damage|p1a: Miraidon|64/100
|
|t:|1750791046
|switch|p2b: Knight|Calyrex-Shadow, L50|100/100|[from] U-turn
|-ability|p2b: Knight|As One
|-ability|p2b: Knight|Unnerve
|
|-heal|p1a: Miraidon|70/100|[from] Grassy Terrain
|upkeep
|turn|2
|inactive|xdenoniox has 30 seconds left.
|
|t:|1750791071
|move|p1b: Ogerpon|Spiky Shield||[still]
|-fail|p1b: Ogerpon
|move|p1a: Miraidon|Volt Switch|p2a: Incinerate
|-damage|p2a: Incinerate|60/100
|
|t:|1750791076
|switch|p1a: Zamazenta|Zamazenta-Crowned, L50, shiny|100/100|[from] Volt Switch
|-ability|p1a: Zamazenta|Dauntless Shield|boost
|-boost|p1a: Zamazenta|def|1
|move|p2b: Knight|Astral Barrage|p1b: Ogerpon|[spread] p1a,p1b
|-damage|p1a: Zamazenta|58/100
|-damage|p1b: Ogerpon|44/100
|move|p2a: Incinerate|Parting Shot|p1b: Ogerpon
|-unboost|p1b: Ogerpon|atk|1
|-ability|p1b: Ogerpon|Defiant|boost
|-boost|p1b: Ogerpon|atk|2
|-unboost|p1b: Ogerpon|spa|1
|-ability|p1b: Ogerpon|Defiant|boost
|-boost|p1b: Ogerpon|atk|2
|
|t:|1750791095
|switch|p2a: Drummer|Rillaboom, L50, M|100/100|[from] Parting Shot
|
|-heal|p1a: Zamazenta|64/100|[from] Grassy Terrain
|-heal|p1b: Ogerpon|50/100|[from] Grassy Terrain
|upkeep
|turn|3
|
|t:|1750791104
|move|p2a: Drummer|Fake Out|p1b: Ogerpon
|-damage|p1b: Ogerpon|34/100
|move|p2b: Knight|Psychic|p1a: Zamazenta
|-damage|p1a: Zamazenta|24/100
|move|p1a: Zamazenta|Behemoth Bash|p2b: Knight
|-damage|p2b: Knight|52/100
|move|p1b: Ogerpon|Ivy Cudgel|p2b: Knight
|-crit|p2b: Knight
|-damage|p2b: Knight|0 fnt
|faint|p2b: Knight
|
|-heal|p1a: Zamazenta|30/100|[from] Grassy Terrain
|-heal|p1b: Ogerpon|40/100|[from] Grassy Terrain
|upkeep
|
|t:|1750791116
|switch|p2b: Kiwi|Terapagos, L50, M|100/100
|-activate|p2b: Kiwi|ability: Tera Shift
|detailschange|p2b: Kiwi|Terapagos-Terastal, L50, M
|-heal|p2b: Kiwi|100/100|[silent]
|turn|4
|
|t:|1750791132
|move|p1a: Zamazenta|Protect|p1a: Zamazenta
|-singleturn|p1a: Zamazenta|Protect
|move|p1b: Ogerpon|Ivy Cudgel|p2b: Kiwi
|-activate|p2b: Kiwi|ability: Tera Shell
|-resisted|p2b: Kiwi
|-damage|p2b: Kiwi|20/100
|move|p2a: Drummer|U-turn|p1b: Ogerpon
|-supereffective|p1b: Ogerpon
|-damage|p1b: Ogerpon|0 fnt
|faint|p1b: Ogerpon
|
|t:|1750791156
|switch|p2a: Incinerate|Incineroar, L50, M|60/100|[from] U-turn
|-ability|p2a: Incinerate|Intimidate|boost
|-unboost|p1a: Zamazenta|atk|1
|move|p2b: Kiwi|Earth Power|p1a: Zamazenta
|-activate|p1a: Zamazenta|move: Protect
|
|-heal|p1a: Zamazenta|36/100|[from] Grassy Terrain
|-heal|p2b: Kiwi|26/100|[from] Grassy Terrain
|-heal|p2b: Kiwi|32/100|[from] item: Leftovers
|-heal|p2a: Incinerate|66/100|[from] Grassy Terrain
|upkeep
|
|t:|1750791171
|switch|p1b: Miraidon|Miraidon, L50|70/100
|-fieldstart|move: Electric Terrain|[from] ability: Hadron Engine|[of] p1b: Miraidon
|turn|5
|
|t:|1750791186
|move|p2a: Incinerate|Fake Out|p1a: Zamazenta
|-resisted|p1a: Zamazenta
|-damage|p1a: Zamazenta|33/100
|move|p1b: Miraidon|Volt Switch|p2b: Kiwi
|-damage|p2b: Kiwi|0 fnt
|faint|p2b: Kiwi
|
|t:|1750791194
|switch|p1b: Volcarona|Volcarona, L50, F, shiny|100/100|[from] Volt Switch
|-enditem|p1b: Volcarona|Electric Seed
|-boost|p1b: Volcarona|def|1|[from] item: Electric Seed
|cant|p1a: Zamazenta|flinch
|
|upkeep
|inactive|GreenMisfire has 30 seconds left.
|inactive|GreenMisfire has 20 seconds left.
|inactive|GreenMisfire has 15 seconds left.
|
|t:|1750791238
|switch|p2b: Drummer|Rillaboom, L50, M|100/100
|-fieldstart|move: Grassy Terrain|[from] ability: Grassy Surge|[of] p2b: Drummer
|turn|6
|
|t:|1750791251
|move|p1a: Zamazenta|Protect|p1a: Zamazenta
|-singleturn|p1a: Zamazenta|Protect
|move|p1b: Volcarona|Protect|p1b: Volcarona
|-singleturn|p1b: Volcarona|Protect
|move|p2b: Drummer|Fake Out|p1b: Volcarona
|-activate|p1b: Volcarona|move: Protect
|move|p2a: Incinerate|Flare Blitz|p1a: Zamazenta
|-activate|p1a: Zamazenta|move: Protect
|
|-heal|p1a: Zamazenta|40/100|[from] Grassy Terrain
|-heal|p2a: Incinerate|72/100|[from] Grassy Terrain
|upkeep
|turn|7
|inactive|xdenoniox has 30 seconds left.
|inactive|GreenMisfire has 30 seconds left.
|
|t:|1750791287
|-terastallize|p2a: Incinerate|Grass
|move|p2b: Drummer|Grassy Glide|p1b: Volcarona
|-resisted|p1b: Volcarona
|-damage|p1b: Volcarona|94/100
|move|p1a: Zamazenta|Body Press|p2a: Incinerate
|-damage|p2a: Incinerate|4/100
|-enditem|p2a: Incinerate|Sitrus Berry|[eat]
|-heal|p2a: Incinerate|29/100|[from] item: Sitrus Berry
|move|p1b: Volcarona|Quiver Dance|p1b: Volcarona
|-boost|p1b: Volcarona|spa|1
|-boost|p1b: Volcarona|spd|1
|-boost|p1b: Volcarona|spe|1
|move|p2a: Incinerate|Flare Blitz|p1a: Zamazenta
|-supereffective|p1a: Zamazenta
|-damage|p1a: Zamazenta|0 fnt
|faint|p1a: Zamazenta
|-damage|p2a: Incinerate|18/100|[from] Recoil
|
|-heal|p1b: Volcarona|99/100|[from] Grassy Terrain
|-heal|p2a: Incinerate|24/100|[from] Grassy Terrain
|upkeep
|-message|GreenMisfire forfeited.
|
|win|xdenoniox
|raw|xdenoniox's rating: 1469 &rarr; <strong>1483</strong><br />(+14 for winning)
|raw|GreenMisfire's rating: 1355 &rarr; <strong>1341</strong><br />(-14 for losing)
|l|☆GreenMisfire
|player|p2|
