|j|☆SpyTH
|j|☆eliott.pawsey
|t:|1750709540
|gametype|doubles
|player|p1|SpyTH|veteran|1215
|player|p2|eliott.pawsey|fisherman-gen4|1112
|teamsize|p1|6
|teamsize|p2|6
|gen|9
|tier|[Gen 9] VGC 2025 Reg I
|rated|
|rule|Species Clause: Limit one of each Pokémon
|rule|Item Clause: Limit 1 of each item
|clearpoke
|poke|p1|Calyrex-Shadow, L50|
|poke|p1|Incineroar, L50, M|
|poke|p1|Rillaboom, L50, M|
|poke|p1|Chi-Yu, L50|
|poke|p1|Koraidon, L50|
|poke|p1|Venusaur, L50, M|
|poke|p2|Clawitzer, L50, M|
|poke|p2|Baxcalibur, L50, F|
|poke|p2|Lunala, L50|
|poke|p2|Magmar, L50, M|
|poke|p2|Gardevoir, L50, M|
|poke|p2|Zacian-*, L50|
|teampreview|4
|inactive|Battle timer is ON: inactive players will automatically lose when time's up. (requested by eliott.pawsey)
|inactive|eliott.pawsey has 60 seconds left.
|
|t:|1750709573
|start
|switch|p1a: Calyrex|Calyrex-Shadow, L50|100/100
|switch|p1b: Chi-Yu|Chi-Yu, L50|100/100
|switch|p2a: Lunala|Lunala, L50|100/100
|switch|p2b: Magmar|Magmar, L50, M|100/100
|-ability|p1a: Calyrex|As One
|-ability|p1a: Calyrex|Unnerve
|-ability|p1b: Chi-Yu|Beads of Ruin
|turn|1
|
|t:|1750709590
|move|p2a: Lunala|Wide Guard|p2a: Lunala
|-singleturn|p2a: Lunala|Wide Guard
|move|p1b: Chi-Yu|Snarl|p2b: Magmar|[spread] 
|-activate|p2a: Lunala|move: Wide Guard
|-activate|p2b: Magmar|move: Wide Guard
|move|p1a: Calyrex|Astral Barrage|p2b: Magmar|[spread] 
|-activate|p2a: Lunala|move: Wide Guard
|-activate|p2b: Magmar|move: Wide Guard
|move|p2b: Magmar|Knock Off|p1a: Calyrex
|-supereffective|p1a: Calyrex
|-damage|p1a: Calyrex|7/100
|-enditem|p1a: Calyrex|Focus Sash|[from] move: Knock Off|[of] p2b: Magmar
|
|upkeep
|turn|2
|
|t:|1750709608
|move|p2a: Lunala|Wide Guard|p2a: Lunala
|-singleturn|p2a: Lunala|Wide Guard
|move|p1b: Chi-Yu|Snarl|p2a: Lunala|[spread] 
|-activate|p2a: Lunala|move: Wide Guard
|-activate|p2b: Magmar|move: Wide Guard
|move|p1a: Calyrex|Astral Barrage|p2b: Magmar|[spread] 
|-activate|p2a: Lunala|move: Wide Guard
|-activate|p2b: Magmar|move: Wide Guard
|move|p2b: Magmar|Knock Off|p1a: Calyrex
|-supereffective|p1a: Calyrex
|-damage|p1a: Calyrex|0 fnt
|faint|p1a: Calyrex
|
|upkeep
|
|t:|1750709614
|switch|p1a: Koraidon|Koraidon, L50|100/100
|-weather|SunnyDay|[from] ability: Orichalcum Pulse|[of] p1a: Koraidon
|-activate|p1a: Koraidon|Orichalcum Pulse|[source]
|turn|3
|
|t:|1750709626
|switch|p1b: Venusaur|Venusaur, L50, M|100/100
|move|p1a: Koraidon|Flame Charge|p2a: Lunala
|-damage|p2a: Lunala|86/100
|-boost|p1a: Koraidon|spe|1
|move|p2a: Lunala|Tailwind|p2a: Lunala
|-sidestart|p2: eliott.pawsey|move: Tailwind
|move|p2b: Magmar|Knock Off|p1a: Koraidon
|-resisted|p1a: Koraidon
|-crit|p1a: Koraidon
|-damage|p1a: Koraidon|86/100
|-enditem|p1a: Koraidon|Clear Amulet|[from] move: Knock Off|[of] p2b: Magmar
|
|-weather|SunnyDay|[upkeep]
|-heal|p2a: Lunala|92/100|[from] item: Leftovers
|upkeep
|turn|4
|inactive|SpyTH has 30 seconds left.
|
|t:|1750709656
|move|p1a: Koraidon|Close Combat|p2b: Magmar
|-damage|p2b: Magmar|21/100
|-unboost|p1a: Koraidon|def|1
|-unboost|p1a: Koraidon|spd|1
|move|p1b: Venusaur|Weather Ball|p2a: Lunala
|-damage|p2a: Lunala|48/100
|-damage|p1b: Venusaur|91/100|[from] item: Life Orb
|move|p2a: Lunala|Expanding Force|p1a: Koraidon
|-supereffective|p1a: Koraidon
|-damage|p1a: Koraidon|0 fnt
|faint|p1a: Koraidon
|move|p2b: Magmar|Lava Plume|p1b: Venusaur|[spread] p2a,p1b
|-supereffective|p1b: Venusaur
|-damage|p2a: Lunala|23/100
|-damage|p1b: Venusaur|24/100
|
|-weather|SunnyDay|[upkeep]
|-heal|p2a: Lunala|29/100|[from] item: Leftovers
|upkeep
|
|t:|1750709659
|switch|p1a: Chi-Yu|Chi-Yu, L50|100/100
|-ability|p1a: Chi-Yu|Beads of Ruin
|turn|5
|
|t:|1750709673
|move|p2a: Lunala|Wide Guard|p2a: Lunala
|-singleturn|p2a: Lunala|Wide Guard
|move|p1b: Venusaur|Sludge Bomb|p2b: Magmar
|-damage|p2b: Magmar|0 fnt
|faint|p2b: Magmar
|-damage|p1b: Venusaur|14/100|[from] item: Life Orb
|move|p1a: Chi-Yu|Dark Pulse|p2a: Lunala
|-supereffective|p2a: Lunala
|-damage|p2a: Lunala|0 fnt
|faint|p2a: Lunala
|
|-weather|SunnyDay|[upkeep]
|upkeep
|
|t:|1750709681
|switch|p2a: Zacian|Zacian-Crowned, L50|100/100
|switch|p2b: Gardevoir|Gardevoir, L50, M, shiny|100/100
|-ability|p2a: Zacian|Intrepid Sword|boost
|-boost|p2a: Zacian|atk|1
|turn|6
|
|t:|1750709705
|-terastallize|p2a: Zacian|Stellar
|move|p2a: Zacian|Sacred Sword|p1a: Chi-Yu
|-supereffective|p1a: Chi-Yu
|-damage|p1a: Chi-Yu|0 fnt
|faint|p1a: Chi-Yu
|move|p2b: Gardevoir|Icy Wind|p1b: Venusaur
|-supereffective|p1b: Venusaur
|-damage|p1b: Venusaur|0 fnt
|faint|p1b: Venusaur
|
|win|eliott.pawsey
|raw|SpyTH's rating: 1215 &rarr; <strong>1183</strong><br />(-32 for losing)
|raw|eliott.pawsey's rating: 1112 &rarr; <strong>1144</strong><br />(+32 for winning)
|l|☆SpyTH
|player|p1|
|l|☆eliott.pawsey
|player|p2|
