|j|☆chardoub
|j|☆KogaAF1219
|t:|1750854652
|gametype|doubles
|player|p1|chardoub|265|1326
|player|p2|KogaAF1219|koga|1334
|teamsize|p1|6
|teamsize|p2|6
|gen|9
|tier|[Gen 9] VGC 2025 Reg I
|rated|
|rule|Species Clause: Limit one of each Pokémon
|rule|Item Clause: Limit 1 of each item
|clearpoke
|poke|p1|Calyrex-Shadow, L50|
|poke|p1|Koraidon, L50|
|poke|p1|Whimsicott, L50, M|
|poke|p1|Urshifu-*, L50, F|
|poke|p1|Iron Treads, L50|
|poke|p1|Raging Bolt, L50|
|poke|p2|Indeedee, L50, M|
|poke|p2|Illumise, L50, F|
|poke|p2|Kyogre, L50|
|poke|p2|Gastrodon, L50, M|
|poke|p2|Urshifu-*, L50, M|
|poke|p2|Calyrex-Shadow, L50|
|teampreview|4
|inactive|Battle timer is ON: inactive players will automatically lose when time's up. (requested by chardoub)
|
|t:|1750854669
|start
|switch|p1a: Whimsicott|Whimsicott, L50, M|100/100
|switch|p1b: Calyrex|Calyrex-Shadow, L50|100/100
|switch|p2a: Illumise|Illumise, L50, F|100/100
|switch|p2b: Urshifu|Urshifu, L50, M|100/100
|-ability|p1b: Calyrex|As One
|-ability|p1b: Calyrex|Unnerve
|turn|1
|
|t:|1750854683
|-terastallize|p2b: Urshifu|Poison
|move|p2a: Illumise|Light Screen|p2a: Illumise
|-sidestart|p2: KogaAF1219|move: Light Screen
|move|p1b: Calyrex|Astral Barrage|p2a: Illumise|[spread] p2a,p2b
|-damage|p2a: Illumise|68/100
|-damage|p2b: Urshifu|70/100
|move|p1a: Whimsicott|Moonblast|p2b: Urshifu
|-resisted|p2b: Urshifu
|-damage|p2b: Urshifu|62/100
|move|p2b: Urshifu|Poison Jab|p1a: Whimsicott
|-supereffective|p1a: Whimsicott
|-damage|p1a: Whimsicott|0 fnt
|faint|p1a: Whimsicott
|
|upkeep
|
|t:|1750854704
|switch|p1a: Raging Bolt|Raging Bolt, L50|100/100
|turn|2
|
|t:|1750854721
|move|p1a: Raging Bolt|Thunderclap|p2b: Urshifu
|-damage|p2b: Urshifu|36/100
|move|p2a: Illumise|Tailwind|p2a: Illumise
|-sidestart|p2: KogaAF1219|move: Tailwind
|move|p2b: Urshifu|Wicked Blow|p1b: Calyrex
|-supereffective|p1b: Calyrex
|-crit|p1b: Calyrex
|-enditem|p1b: Calyrex|Focus Sash
|-damage|p1b: Calyrex|1/100
|move|p1b: Calyrex|Astral Barrage|p2b: Urshifu|[spread] p2a,p2b
|-damage|p2a: Illumise|38/100
|-damage|p2b: Urshifu|6/100
|
|upkeep
|turn|3
|
|t:|1750854737
|move|p2b: Urshifu|Sucker Punch|p1a: Raging Bolt
|-damage|p1a: Raging Bolt|67/100
|move|p1a: Raging Bolt|Thunderclap||[still]
|-fail|p1a: Raging Bolt
|move|p1b: Calyrex|Nasty Plot|p1b: Calyrex
|-boost|p1b: Calyrex|spa|2
|move|p2a: Illumise|Infestation|p1b: Calyrex
|-crit|p1b: Calyrex
|-damage|p1b: Calyrex|0 fnt
|faint|p1b: Calyrex
|
|upkeep
|
|t:|1750854749
|switch|p1b: Koraidon|Koraidon, L50|100/100
|-weather|SunnyDay|[from] ability: Orichalcum Pulse|[of] p1b: Koraidon
|-activate|p1a: Raging Bolt|ability: Protosynthesis
|-start|p1a: Raging Bolt|protosynthesisspa
|-activate|p1b: Koraidon|Orichalcum Pulse|[source]
|turn|4
|
|t:|1750854764
|move|p2b: Urshifu|Sucker Punch|p1a: Raging Bolt
|-damage|p1a: Raging Bolt|32/100
|move|p2a: Illumise|Rain Dance|p2a: Illumise
|-weather|RainDance
|-end|p1a: Raging Bolt|Protosynthesis
|move|p1a: Raging Bolt|Thunderclap||[still]
|-fail|p1a: Raging Bolt
|move|p1b: Koraidon|Flare Blitz|p2a: Illumise
|-supereffective|p2a: Illumise
|-damage|p2a: Illumise|0 fnt
|faint|p2a: Illumise
|-damage|p1b: Koraidon|88/100|[from] Recoil
|-damage|p1b: Koraidon|79/100|[from] item: Life Orb
|
|-weather|RainDance|[upkeep]
|upkeep
|
|t:|1750854768
|switch|p2a: Calyrex|Calyrex-Shadow, L50|100/100
|-ability|p2a: Calyrex|As One
|-ability|p2a: Calyrex|Unnerve
|turn|5
|
|t:|1750854789
|switch|p2b: Kyogre|Kyogre, L50|100/100
|move|p1a: Raging Bolt|Thunderclap|p2a: Calyrex
|-damage|p2a: Calyrex|74/100
|move|p2a: Calyrex|Astral Barrage|p1a: Raging Bolt|[spread] p1a,p1b
|-damage|p1a: Raging Bolt|0 fnt
|-damage|p1b: Koraidon|10/100
|faint|p1a: Raging Bolt
|-end|p1a: Raging Bolt|Protosynthesis|[silent]
|-ability|p2a: Calyrex|Grim Neigh|boost
|-boost|p2a: Calyrex|spa|1
|-damage|p2a: Calyrex|64/100|[from] item: Life Orb
|move|p1b: Koraidon|Flare Blitz|p2b: Kyogre
|-resisted|p2b: Kyogre
|-damage|p2b: Kyogre|86/100
|-damage|p1b: Koraidon|5/100|[from] Recoil
|-damage|p1b: Koraidon|0 fnt|[from] item: Life Orb
|faint|p1b: Koraidon
|
|win|KogaAF1219
|raw|chardoub's rating: 1326 &rarr; <strong>1306</strong><br />(-20 for losing)
|raw|KogaAF1219's rating: 1334 &rarr; <strong>1354</strong><br />(+20 for winning)
|l|☆KogaAF1219
|player|p2|
|l|☆chardoub
|player|p1|
