|j|☆Kirbyisaguy2
|j|☆Kuschki
|t:|1750768461
|gametype|doubles
|player|p1|Kirbyisaguy2|hilda-wonderlauncher|1389
|player|p2|Kuschki|170|1390
|teamsize|p1|6
|teamsize|p2|6
|gen|9
|tier|[Gen 9] VGC 2025 Reg I
|rated|
|rule|Species Clause: Limit one of each Pokémon
|rule|Item Clause: Limit 1 of each item
|clearpoke
|poke|p1|Zacian-*, L50|
|poke|p1|Zamazenta-*, L50|
|poke|p1|Chien-Pao, L50|
|poke|p1|Urshifu-*, L50, M|
|poke|p1|Amoonguss, L50, F|
|poke|p1|Incineroar, L50, M|
|poke|p2|Zacian-*, L50|
|poke|p2|Kyogre, L50|
|poke|p2|Kingambit, L50, M|
|poke|p2|Flamigo, L50, F|
|poke|p2|Hydrapple, L50, M|
|poke|p2|Illumise, L50, F|
|teampreview|4
|
|t:|1750768492
|start
|switch|p1a: Zacian|Zacian-Crowned, L50|100/100
|switch|p1b: Urshifu|Urshifu-Rapid-Strike, L50, M|100/100
|switch|p2a: Illumise|Illumise, L50, F|100/100
|switch|p2b: Kyogre|Kyogre, L50|100/100
|-ability|p1a: Zacian|Intrepid Sword|boost
|-boost|p1a: Zacian|atk|1
|-weather|RainDance|[from] ability: Drizzle|[of] p2b: Kyogre
|turn|1
|
|t:|1750768510
|move|p1a: Zacian|Protect|p1a: Zacian
|-singleturn|p1a: Zacian|Protect
|move|p2a: Illumise|Tailwind|p2a: Illumise
|-sidestart|p2: Kuschki|move: Tailwind
|move|p2b: Kyogre|Water Spout|p1b: Urshifu|[spread] p1b
|-activate|p1a: Zacian|move: Protect
|-resisted|p1b: Urshifu
|-damage|p1b: Urshifu|18/100
|move|p1b: Urshifu|Surging Strikes|p2a: Illumise
|-crit|p2a: Illumise
|-damage|p2a: Illumise|56/100
|-crit|p2a: Illumise
|-damage|p2a: Illumise|13/100
|-enditem|p2a: Illumise|Sitrus Berry|[eat]
|-heal|p2a: Illumise|38/100|[from] item: Sitrus Berry
|-crit|p2a: Illumise
|-damage|p2a: Illumise|0 fnt
|faint|p2a: Illumise
|-hitcount|p2: Illumise|3
|
|-weather|RainDance|[upkeep]
|upkeep
|
|t:|1750768529
|switch|p2a: Zacian|Zacian-Crowned, L50|100/100
|-ability|p2a: Zacian|Intrepid Sword|boost
|-boost|p2a: Zacian|atk|1
|turn|2
|
|t:|1750768544
|switch|p1a: Zamazenta|Zamazenta-Crowned, L50|100/100
|-ability|p1a: Zamazenta|Dauntless Shield|boost
|-boost|p1a: Zamazenta|def|1
|move|p2a: Zacian|Behemoth Blade|p1a: Zamazenta
|-resisted|p1a: Zamazenta
|-damage|p1a: Zamazenta|83/100
|move|p2b: Kyogre|Water Spout|p1a: Zamazenta|[spread] p1a,p1b
|-resisted|p1b: Urshifu
|-damage|p1a: Zamazenta|9/100
|-damage|p1b: Urshifu|0 fnt
|faint|p1b: Urshifu
|
|-weather|RainDance|[upkeep]
|upkeep
|
|t:|1750768557
|switch|p1b: Chien-Pao|Chien-Pao, L50|100/100
|-ability|p1b: Chien-Pao|Sword of Ruin
|turn|3
|
|t:|1750768570
|move|p1a: Zamazenta|Wide Guard|p1a: Zamazenta
|-singleturn|p1a: Zamazenta|Wide Guard
|move|p1b: Chien-Pao|Sucker Punch|p2b: Kyogre
|-damage|p2b: Kyogre|53/100
|move|p2a: Zacian|Sacred Sword|p1b: Chien-Pao
|-supereffective|p1b: Chien-Pao
|-crit|p1b: Chien-Pao
|-enditem|p1b: Chien-Pao|Focus Sash
|-damage|p1b: Chien-Pao|1/100
|move|p2b: Kyogre|Thunder|p1a: Zamazenta
|-damage|p1a: Zamazenta|0 fnt
|faint|p1a: Zamazenta
|
|-weather|RainDance|[upkeep]
|-heal|p2b: Kyogre|59/100|[from] item: Leftovers
|upkeep
|
|t:|1750768586
|switch|p1a: Zacian|Zacian-Crowned, L50|100/100
|turn|4
|
|t:|1750768590
|move|p1a: Zacian|Protect|p1a: Zacian
|-singleturn|p1a: Zacian|Protect
|move|p1b: Chien-Pao|Protect|p1b: Chien-Pao
|-singleturn|p1b: Chien-Pao|Protect
|move|p2a: Zacian|Behemoth Blade|p1a: Zacian
|-activate|p1a: Zacian|move: Protect
|move|p2b: Kyogre|Water Spout|p1a: Zacian|[spread] 
|-activate|p1a: Zacian|move: Protect
|-activate|p1b: Chien-Pao|move: Protect
|
|-weather|RainDance|[upkeep]
|-heal|p2b: Kyogre|65/100|[from] item: Leftovers
|-sideend|p2: Kuschki|move: Tailwind
|upkeep
|turn|5
|
|t:|1750768612
|-terastallize|p1a: Zacian|Ground
|move|p1a: Zacian|Tera Blast|p2a: Zacian|[anim] Tera Blast Ground
|-supereffective|p2a: Zacian
|-damage|p2a: Zacian|0 fnt
|faint|p2a: Zacian
|move|p1b: Chien-Pao|Throat Chop|p2b: Kyogre
|-damage|p2b: Kyogre|11/100
|-start|p2b: Kyogre|Throat Chop|[silent]
|move|p2b: Kyogre|Water Spout|p1b: Chien-Pao|[spread] p1a,p1b
|-supereffective|p1a: Zacian
|-damage|p1a: Zacian|81/100
|-damage|p1b: Chien-Pao|0 fnt
|faint|p1b: Chien-Pao
|
|-weather|none
|-heal|p2b: Kyogre|17/100|[from] item: Leftovers
|upkeep
|
|t:|1750768627
|switch|p2a: Flamigo|Flamigo, L50, F|100/100
|-copyboost|p2a: Flamigo|p2b: Kyogre|[from] ability: Costar
|turn|6
|
|t:|1750768675
|move|p2b: Kyogre|Protect|p2b: Kyogre
|-singleturn|p2b: Kyogre|Protect
|move|p1a: Zacian|Tera Blast|p2b: Kyogre|[anim] Tera Blast Ground
|-activate|p2b: Kyogre|move: Protect
|move|p2a: Flamigo|Tailwind|p2a: Flamigo
|-sidestart|p2: Kuschki|move: Tailwind
|
|-heal|p2b: Kyogre|22/100|[from] item: Leftovers
|-end|p2b: Kyogre|Throat Chop|[silent]
|upkeep
|turn|7
|
|t:|1750768690
|move|p2a: Flamigo|Close Combat|p1a: Zacian
|-damage|p1a: Zacian|17/100
|-unboost|p2a: Flamigo|def|1
|-unboost|p2a: Flamigo|spd|1
|move|p2b: Kyogre|Origin Pulse|p1a: Zacian
|-supereffective|p1a: Zacian
|-damage|p1a: Zacian|0 fnt
|faint|p1a: Zacian
|
|win|Kuschki
|raw|Kirbyisaguy2's rating: 1389 &rarr; <strong>1369</strong><br />(-20 for losing)
|raw|Kuschki's rating: 1390 &rarr; <strong>1410</strong><br />(+20 for winning)
|l|☆Kirbyisaguy2
|player|p1|
|l|☆Kuschki
|player|p2|
