|j|☆kealk
|j|☆flemmardo
|t:|1750752709
|gametype|doubles
|player|p1|kealk|101|1311
|player|p2|flemmardo|ghetsis-gen5bw|1217
|teamsize|p1|6
|teamsize|p2|6
|gen|9
|tier|[Gen 9] VGC 2025 Reg I
|rated|
|rule|Species Clause: Limit one of each Pokémon
|rule|Item Clause: Limit 1 of each item
|clearpoke
|poke|p1|Great Tusk, L50|
|poke|p1|Koraidon, L50|
|poke|p1|Zamazenta-*, L50|
|poke|p1|Slither Wing, L50|
|poke|p1|Urshifu-*, L50, F|
|poke|p1|Iron Valiant, L50|
|poke|p2|Urshifu-*, L50, F|
|poke|p2|Incineroar, L50, F|
|poke|p2|Raging Bolt, L50|
|poke|p2|Zamazenta-*, L50|
|poke|p2|Chien-Pao, L50|
|poke|p2|Calyrex-Shadow, L50|
|teampreview|4
|
|t:|1750752743
|start
|switch|p1a: Great Tusk|Great Tusk, L50|100/100
|switch|p1b: Koraidon|Koraidon, L50|100/100
|switch|p2a: Urshifu|Urshifu-Rapid-Strike, L50, F|100/100
|switch|p2b: Chien-Pao|Chien-Pao, L50|100/100
|-ability|p2b: Chien-Pao|Sword of Ruin
|-weather|SunnyDay|[from] ability: Orichalcum Pulse|[of] p1b: Koraidon
|-activate|p1a: Great Tusk|ability: Protosynthesis
|-start|p1a: Great Tusk|protosynthesisspe
|-activate|p1b: Koraidon|Orichalcum Pulse|[source]
|turn|1
|
|t:|1750752766
|move|p1a: Great Tusk|Bulldoze|p2a: Urshifu|[spread] p1b,p2a,p2b
|-damage|p1b: Koraidon|76/100
|-damage|p2a: Urshifu|74/100
|-damage|p2b: Chien-Pao|71/100
|-unboost|p2a: Urshifu|spe|1
|-unboost|p2b: Chien-Pao|spe|1
|move|p1b: Koraidon|Collision Course|p2a: Urshifu
|-damage|p2a: Urshifu|0 fnt
|faint|p2a: Urshifu
|move|p2b: Chien-Pao|Ice Spinner|p1b: Koraidon
|-supereffective|p1b: Koraidon
|-damage|p1b: Koraidon|0 fnt
|faint|p1b: Koraidon
|
|-weather|SunnyDay|[upkeep]
|upkeep
|
|t:|1750752783
|switch|p1b: Iron Valiant|Iron Valiant, L50|100/100
|switch|p2a: Calyrex|Calyrex-Shadow, L50|100/100
|-ability|p2a: Calyrex|As One
|-ability|p2a: Calyrex|Unnerve
|-enditem|p1b: Iron Valiant|Booster Energy
|-activate|p1b: Iron Valiant|ability: Quark Drive|[fromitem]
|-start|p1b: Iron Valiant|quarkdrivespe
|turn|2
|
|t:|1750752807
|-terastallize|p2a: Calyrex|Dark
|move|p1b: Iron Valiant|Dazzling Gleam|p2a: Calyrex|[spread] p2a,p2b
|-supereffective|p2a: Calyrex
|-supereffective|p2b: Chien-Pao
|-damage|p2a: Calyrex|40/100
|-damage|p2b: Chien-Pao|0 fnt
|faint|p2b: Chien-Pao
|move|p1a: Great Tusk|Knock Off|p2a: Calyrex
|-resisted|p2a: Calyrex
|-damage|p2a: Calyrex|24/100
|-enditem|p2a: Calyrex|Spell Tag|[from] move: Knock Off|[of] p1a: Great Tusk
|move|p2a: Calyrex|Astral Barrage|p1b: Iron Valiant|[spread] p1a,p1b
|-damage|p1a: Great Tusk|30/100
|-damage|p1b: Iron Valiant|23/100
|
|-weather|SunnyDay|[upkeep]
|-heal|p1a: Great Tusk|36/100|[from] item: Leftovers
|upkeep
|
|t:|1750752821
|switch|p2b: Zamazenta|Zamazenta-Crowned, L50|100/100
|-ability|p2b: Zamazenta|Dauntless Shield|boost
|-boost|p2b: Zamazenta|def|1
|turn|3
|
|t:|1750752836
|move|p2a: Calyrex|Protect|p2a: Calyrex
|-singleturn|p2a: Calyrex|Protect
|move|p1b: Iron Valiant|Dazzling Gleam|p2b: Zamazenta|[spread] p2b
|-activate|p2a: Calyrex|move: Protect
|-damage|p2b: Zamazenta|80/100
|move|p1a: Great Tusk|Substitute|p1a: Great Tusk
|-start|p1a: Great Tusk|Substitute
|-damage|p1a: Great Tusk|11/100
|move|p2b: Zamazenta|Heavy Slam|p1b: Iron Valiant
|-supereffective|p1b: Iron Valiant
|-damage|p1b: Iron Valiant|0 fnt
|faint|p1b: Iron Valiant
|-end|p1b: Iron Valiant|Quark Drive|[silent]
|
|-weather|SunnyDay|[upkeep]
|-heal|p1a: Great Tusk|17/100|[from] item: Leftovers
|upkeep
|
|t:|1750752852
|switch|p1b: Slither Wing|Slither Wing, L50|100/100
|-activate|p1b: Slither Wing|ability: Protosynthesis
|-start|p1b: Slither Wing|protosynthesisatk
|turn|4
|
|t:|1750752868
|move|p1b: Slither Wing|First Impression|p2a: Calyrex
|-supereffective|p2a: Calyrex
|-damage|p2a: Calyrex|0 fnt
|faint|p2a: Calyrex
|-damage|p1b: Slither Wing|91/100|[from] item: Life Orb
|move|p1a: Great Tusk|Headlong Rush|p2b: Zamazenta
|-supereffective|p2b: Zamazenta
|-damage|p2b: Zamazenta|40/100
|-unboost|p1a: Great Tusk|def|1
|-unboost|p1a: Great Tusk|spd|1
|move|p2b: Zamazenta|Body Press|p1a: Great Tusk
|-end|p1a: Great Tusk|Substitute
|
|-weather|SunnyDay|[upkeep]
|-heal|p1a: Great Tusk|23/100|[from] item: Leftovers
|upkeep
|turn|5
|
|t:|1750752888
|move|p1a: Great Tusk|Headlong Rush|p2b: Zamazenta
|-supereffective|p2b: Zamazenta
|-damage|p2b: Zamazenta|0 fnt
|-unboost|p1a: Great Tusk|def|1
|-unboost|p1a: Great Tusk|spd|1
|faint|p2b: Zamazenta
|
|win|kealk
|raw|kealk's rating: 1311 &rarr; <strong>1326</strong><br />(+15 for winning)
|raw|flemmardo's rating: 1217 &rarr; <strong>1199</strong><br />(-18 for losing)
|l|☆flemmardo
|player|p2|
|l|☆kealk
|player|p1|
