|j|☆Megaman087
|j|☆spookie69
|t:|1750879464
|gametype|doubles
|player|p1|Megaman087|lucas|1433
|player|p2|spookie69|1|1362
|teamsize|p1|6
|teamsize|p2|6
|gen|9
|tier|[Gen 9] VGC 2025 Reg I
|rated|
|rule|Species Clause: Limit one of each Pokémon
|rule|Item Clause: Limit 1 of each item
|clearpoke
|poke|p1|Eternatus, L50|
|poke|p1|Grimmsnarl, L50, M|
|poke|p1|Wo-Chien, L50|
|poke|p1|Qwilfish-Hisui, L50, M|
|poke|p1|Calyrex-Ice, L50|
|poke|p1|Farigiraf, L50, M|
|poke|p2|Calyrex-Shadow, L50|
|poke|p2|Miraidon, L50|
|poke|p2|Incineroar, L50, M|
|poke|p2|Rillaboom, L50, M|
|poke|p2|Whimsicott, L50, M|
|poke|p2|Farigiraf, L50, M|
|teampreview|4
|inactive|Battle timer is ON: inactive players will automatically lose when time's up. (requested by Megaman087)
|
|t:|1750879511
|start
|switch|p1a: Grimmsnarl|Grimmsnarl, L50, M|100/100
|switch|p1b: Qwilfish|Qwilfish-Hisui, L50, M, shiny|100/100
|switch|p2a: Miraidon|Miraidon, L50|100/100
|switch|p2b: Whimsicott|Whimsicott, L50, M|100/100
|-fieldstart|move: Electric Terrain|[from] ability: Hadron Engine|[of] p2a: Miraidon
|-ability|p1b: Qwilfish|Intimidate|boost
|-unboost|p2a: Miraidon|atk|1
|-unboost|p2b: Whimsicott|atk|1
|turn|1
|inactive|spookie69 has 30 seconds left.
|inactive|spookie69 has 20 seconds left.
|inactive|spookie69 has 15 seconds left.
|inactive|spookie69 has 10 seconds left.
|
|t:|1750879558
|-terastallize|p2a: Miraidon|Electric
|move|p2b: Whimsicott|Helping Hand|p2a: Miraidon
|-singleturn|p2a: Miraidon|Helping Hand|[of] p2b: Whimsicott
|move|p1a: Grimmsnarl|Light Screen|p1a: Grimmsnarl
|-sidestart|p1: Megaman087|move: Light Screen
|move|p2a: Miraidon|Volt Switch|p1a: Grimmsnarl
|-damage|p1a: Grimmsnarl|0 fnt
|faint|p1a: Grimmsnarl
|
|t:|1750879577
|switch|p2a: Incineroar|Incineroar, L50, M|100/100|[from] Volt Switch
|-ability|p2a: Incineroar|Intimidate|boost
|-unboost|p1b: Qwilfish|atk|1
|move|p1b: Qwilfish|Toxic Spikes|p2a: Incineroar
|-sidestart|p2: spookie69|move: Toxic Spikes
|
|upkeep
|
|t:|1750879584
|switch|p1a: Eternatus|Eternatus, L50|100/100
|-ability|p1a: Eternatus|Pressure
|turn|2
|inactive|spookie69 has 30 seconds left.
|inactive|spookie69 has 20 seconds left.
|inactive|spookie69 has 15 seconds left.
|inactive|spookie69 has 10 seconds left.
|
|t:|1750879633
|move|p2b: Whimsicott|Tailwind|p2b: Whimsicott
|-sidestart|p2: spookie69|move: Tailwind
|move|p2a: Incineroar|Knock Off|p1a: Eternatus
|-damage|p1a: Eternatus|73/100
|-enditem|p1a: Eternatus|Covert Cloak|[from] move: Knock Off|[of] p2a: Incineroar
|move|p1a: Eternatus|Cosmic Power|p1a: Eternatus
|-boost|p1a: Eternatus|def|1
|-boost|p1a: Eternatus|spd|1
|move|p1b: Qwilfish|Toxic Spikes|p2a: Incineroar
|-sidestart|p2: spookie69|move: Toxic Spikes
|
|upkeep
|turn|3
|
|t:|1750879655
|move|p2b: Whimsicott|Encore|p1a: Eternatus
|-start|p1a: Eternatus|Encore
|move|p2a: Incineroar|Flare Blitz|p1b: Qwilfish
|-damage|p1b: Qwilfish|63/100
|-damage|p2a: Incineroar|90/100|[from] Recoil
|move|p1a: Eternatus|Cosmic Power|p1a: Eternatus
|-boost|p1a: Eternatus|def|1
|-boost|p1a: Eternatus|spd|1
|move|p1b: Qwilfish|Barb Barrage|p2b: Whimsicott
|-supereffective|p2b: Whimsicott
|-damage|p2b: Whimsicott|36/100
|
|upkeep
|turn|4
|inactive|spookie69 has 30 seconds left.
|inactive|spookie69 has 20 seconds left.
|
|t:|1750879691
|move|p2b: Whimsicott|Taunt|p1a: Eternatus
|-start|p1a: Eternatus|move: Taunt
|move|p2a: Incineroar|U-turn|p1b: Qwilfish
|-damage|p1b: Qwilfish|50/100
|
|t:|1750879699
|switch|p2a: Miraidon|Miraidon, L50, tera:Electric|100/100|[from] U-turn
|-status|p2a: Miraidon|tox
|-activate|p2a: Miraidon|ability: Hadron Engine
|cant|p1a: Eternatus|move: Taunt|Cosmic Power
|move|p1b: Qwilfish|Barb Barrage|p2b: Whimsicott
|-supereffective|p2b: Whimsicott
|-damage|p2b: Whimsicott|0 fnt
|faint|p2b: Whimsicott
|
|-damage|p2a: Miraidon|95/100 tox|[from] psn
|upkeep
|
|t:|1750879721
|switch|p2b: Calyrex|Calyrex-Shadow, L50|100/100
|-ability|p2b: Calyrex|As One
|-ability|p2b: Calyrex|Unnerve
|-status|p2b: Calyrex|tox
|turn|5
|
|t:|1750879743
|move|p2b: Calyrex|Astral Barrage|p1b: Qwilfish|[spread] p1a,p1b
|-resisted|p1b: Qwilfish
|-damage|p1a: Eternatus|58/100
|-damage|p1b: Qwilfish|31/100
|-damage|p2b: Calyrex|91/100 tox|[from] item: Life Orb
|move|p2a: Miraidon|Electro Drift|p1a: Eternatus
|-resisted|p1a: Eternatus
|-damage|p1a: Eternatus|36/100
|-activate|p1a: Eternatus|move: Struggle
|move|p1a: Eternatus|Struggle|p2a: Miraidon
|-crit|p2a: Miraidon
|-damage|p2a: Miraidon|84/100 tox
|-damage|p1a: Eternatus|11/100|[from] recoil
|move|p1b: Qwilfish|Barb Barrage|p2b: Calyrex
|-resisted|p2b: Calyrex
|-damage|p2b: Calyrex|73/100 tox
|
|-damage|p2b: Calyrex|67/100 tox|[from] psn
|-damage|p2a: Miraidon|72/100 tox|[from] psn
|-end|p1a: Eternatus|Encore
|-sideend|p2: spookie69|move: Tailwind
|-fieldend|move: Electric Terrain
|upkeep
|turn|6
|inactive|Megaman087 has 30 seconds left.
|inactive|spookie69 has 30 seconds left.
|
|t:|1750879776
|move|p1b: Qwilfish|Protect|p1b: Qwilfish
|-singleturn|p1b: Qwilfish|Protect
|move|p2b: Calyrex|Astral Barrage|p1a: Eternatus|[spread] p1a
|-activate|p1b: Qwilfish|move: Protect
|-damage|p1a: Eternatus|0 fnt
|faint|p1a: Eternatus
|-ability|p2b: Calyrex|Grim Neigh|boost
|-boost|p2b: Calyrex|spa|1
|-damage|p2b: Calyrex|57/100 tox|[from] item: Life Orb
|move|p2a: Miraidon|Electro Drift|p1b: Qwilfish
|-activate|p1b: Qwilfish|move: Protect
|
|-damage|p2b: Calyrex|45/100 tox|[from] psn
|-damage|p2a: Miraidon|55/100 tox|[from] psn
|upkeep
|
|t:|1750879782
|switch|p1a: Calyrex|Calyrex-Ice, L50|100/100
|-ability|p1a: Calyrex|As One
|-ability|p1a: Calyrex|Unnerve
|turn|7
|
|t:|1750879798
|move|p1a: Calyrex|Protect|p1a: Calyrex
|-singleturn|p1a: Calyrex|Protect
|move|p2b: Calyrex|Astral Barrage|p1b: Qwilfish|[spread] p1b
|-activate|p1a: Calyrex|move: Protect
|-resisted|p1b: Qwilfish
|-damage|p1b: Qwilfish|2/100
|-damage|p2b: Calyrex|35/100 tox|[from] item: Life Orb
|move|p2a: Miraidon|Electro Drift|p1a: Calyrex
|-activate|p1a: Calyrex|move: Protect
|move|p1b: Qwilfish|Throat Chop|p2b: Calyrex
|-supereffective|p2b: Calyrex
|-damage|p2b: Calyrex|0 fnt
|faint|p2b: Calyrex
|
|-damage|p2a: Miraidon|31/100 tox|[from] psn
|upkeep
|
|t:|1750879815
|switch|p2b: Incineroar|Incineroar, L50, M|90/100
|-status|p2b: Incineroar|tox
|-ability|p2b: Incineroar|Intimidate|boost
|-fail|p1a: Calyrex|unboost|[from] item: Clear Amulet|[of] p1a: Calyrex
|-unboost|p1b: Qwilfish|atk|1
|turn|8
|
|t:|1750879829
|move|p1b: Qwilfish|Protect|p1b: Qwilfish
|-singleturn|p1b: Qwilfish|Protect
|move|p2b: Incineroar|Fake Out|p1b: Qwilfish
|-activate|p1b: Qwilfish|move: Protect
|move|p2a: Miraidon|Electro Drift|p1a: Calyrex
|-damage|p1a: Calyrex|47/100
|move|p1a: Calyrex|Glacial Lance|p2b: Incineroar|[spread] p2a,p2b
|-resisted|p2b: Incineroar
|-damage|p2a: Miraidon|0 fnt
|-damage|p2b: Incineroar|67/100 tox
|faint|p2a: Miraidon
|-ability|p1a: Calyrex|Chilling Neigh|boost
|-boost|p1a: Calyrex|atk|1
|
|-damage|p2b: Incineroar|61/100 tox|[from] psn
|-sideend|p1: Megaman087|move: Light Screen
|upkeep
|turn|9
|inactive|Megaman087 has 30 seconds left.
|inactive|spookie69 has 30 seconds left.
|inactive|spookie69 has 20 seconds left.
|inactive|spookie69 has 15 seconds left.
|
|t:|1750879869
|-terastallize|p1a: Calyrex|Water
|move|p1b: Qwilfish|Barb Barrage|p2b: Incineroar
|-damage|p2b: Incineroar|46/100 tox
|move|p2b: Incineroar|Flare Blitz|p1a: Calyrex
|-resisted|p1a: Calyrex
|-damage|p1a: Calyrex|33/100
|-damage|p2b: Incineroar|42/100 tox|[from] Recoil
|move|p1a: Calyrex|Leech Seed|p2b: Incineroar
|-start|p2b: Incineroar|move: Leech Seed
|
|-damage|p2b: Incineroar|29/100 tox|[from] Leech Seed|[of] p1a: Calyrex
|-heal|p1a: Calyrex|46/100|[silent]
|-damage|p2b: Incineroar|17/100 tox|[from] psn
|upkeep
|turn|10
|-message|spookie69 forfeited.
|
|win|Megaman087
|raw|Megaman087's rating: 1433 &rarr; <strong>1449</strong><br />(+16 for winning)
|raw|spookie69's rating: 1362 &rarr; <strong>1346</strong><br />(-16 for losing)
|l|☆spookie69
|player|p2|
|l|☆Megaman087
|player|p1|
