|j|☆lespaghettiboi
|j|☆johnkharkiv
|t:|1750746615
|gametype|doubles
|player|p1|lespaghettiboi|n|1369
|player|p2|johnkharkiv|swimmerf-gen4dp|1437
|teamsize|p1|6
|teamsize|p2|6
|gen|9
|tier|[Gen 9] VGC 2025 Reg I
|rated|
|rule|Species Clause: Limit one of each Pokémon
|rule|Item Clause: Limit 1 of each item
|clearpoke
|poke|p1|Whimsicott, L50, F|
|poke|p1|Calyrex-Shadow, L50|
|poke|p1|Koraidon, L50|
|poke|p1|Brute Bonnet, L50|
|poke|p1|Raging Bolt, L50|
|poke|p1|Indeedee-F, L50, F|
|poke|p2|Ho-Oh, L50|
|poke|p2|Annihilape, L50, F|
|poke|p2|Electivire, L50, F|
|poke|p2|Whimsicott, L50, F|
|poke|p2|Indeedee-F, L50, F|
|poke|p2|Miraidon, L50|
|teampreview|4
|inactive|Battle timer is ON: inactive players will automatically lose when time's up. (requested by johnkharkiv)
|inactive|lespaghettiboi has 60 seconds left.
|inactive|lespaghettiboi has 30 seconds left.
|inactive|lespaghettiboi has 20 seconds left.
|inactive|lespaghettiboi has 15 seconds left.
|inactive|lespaghettiboi has 10 seconds left.
|
|t:|1750746719
|start
|switch|p1a: Indeedee|Indeedee-F, L50, F|100/100
|switch|p1b: Calyrex|Calyrex-Shadow, L50|100/100
|switch|p2a: Electivire|Electivire, L50, F, shiny|100/100
|switch|p2b: Miraidon|Miraidon, L50|100/100
|-ability|p1b: Calyrex|As One
|-ability|p1b: Calyrex|Unnerve
|-fieldstart|move: Electric Terrain|[from] ability: Hadron Engine|[of] p2b: Miraidon
|-fieldstart|move: Psychic Terrain|[from] ability: Psychic Surge|[of] p1a: Indeedee
|-enditem|p1a: Indeedee|Psychic Seed
|-boost|p1a: Indeedee|spd|1|[from] item: Psychic Seed
|turn|1
|
|t:|1750746742
|move|p1a: Indeedee|Follow Me|p1a: Indeedee
|-singleturn|p1a: Indeedee|move: Follow Me
|move|p1b: Calyrex|Astral Barrage|p2a: Electivire|[spread] p2a,p2b
|-damage|p2a: Electivire|8/100
|-damage|p2b: Miraidon|41/100
|-damage|p1b: Calyrex|91/100|[from] item: Life Orb
|move|p2b: Miraidon|Discharge|p1b: Calyrex|[spread] p1a,p1b
|-ability|p2a: Electivire|Motor Drive|boost
|-boost|p2a: Electivire|spe|1
|-damage|p1a: Indeedee|73/100
|-damage|p1b: Calyrex|51/100
|-status|p1b: Calyrex|par
|-damage|p2b: Miraidon|31/100|[from] item: Life Orb
|move|p2a: Electivire|Electroweb|p1a: Indeedee|[spread] p1b
|-miss|p2a: Electivire|p1a: Indeedee
|-damage|p1b: Calyrex|39/100 par
|-unboost|p1b: Calyrex|spe|1
|
|upkeep
|turn|2
|inactive|lespaghettiboi has 30 seconds left.
|inactive|johnkharkiv has 30 seconds left.
|inactive|johnkharkiv has 20 seconds left.
|inactive|johnkharkiv has 15 seconds left.
|
|t:|1750746791
|move|p1b: Calyrex|Protect|p1b: Calyrex
|-singleturn|p1b: Calyrex|Protect
|move|p2a: Electivire|Knock Off|p1a: Indeedee
|-supereffective|p1a: Indeedee
|-damage|p1a: Indeedee|37/100
|move|p2b: Miraidon|Volt Switch|p1a: Indeedee
|-damage|p1a: Indeedee|6/100
|-damage|p2b: Miraidon|22/100|[from] item: Life Orb
|
|t:|1750746797
|switch|p2b: Ho-Oh|Ho-Oh, L50, shiny|100/100|[from] Volt Switch
|move|p1a: Indeedee|Trick Room|p1a: Indeedee
|-fieldstart|move: Trick Room|[of] p1a: Indeedee
|
|upkeep
|turn|3
|inactive|lespaghettiboi has 30 seconds left.
|inactive|johnkharkiv has 30 seconds left.
|inactive|lespaghettiboi has 20 seconds left.
|inactive|johnkharkiv has 20 seconds left.
|
|t:|1750746833
|move|p1a: Indeedee|Helping Hand|p1b: Calyrex
|-singleturn|p1b: Calyrex|Helping Hand|[of] p1a: Indeedee
|move|p1b: Calyrex|Astral Barrage|p2a: Electivire|[spread] p2a,p2b
|-damage|p2a: Electivire|0 fnt
|-damage|p2b: Ho-Oh|53/100
|faint|p2a: Electivire
|-ability|p1b: Calyrex|Grim Neigh|boost
|-boost|p1b: Calyrex|spa|1
|-damage|p1b: Calyrex|29/100 par|[from] item: Life Orb
|move|p2b: Ho-Oh|Earthquake|p1a: Indeedee|[spread] p1a,p1b
|-damage|p1a: Indeedee|0 fnt
|-damage|p1b: Calyrex|0 fnt
|faint|p1a: Indeedee
|faint|p1b: Calyrex
|
|upkeep
|inactive|lespaghettiboi has 30 seconds left.
|
|t:|1750746865
|switch|p1a: Koraidon|Koraidon, L50|100/100
|switch|p2a: Indeedee|Indeedee-F, L50, F, shiny|100/100
|switch|p1b: Brute Bonnet|Brute Bonnet, L50|100/100
|-weather|SunnyDay|[from] ability: Orichalcum Pulse|[of] p1a: Koraidon
|-activate|p1b: Brute Bonnet|ability: Protosynthesis
|-start|p1b: Brute Bonnet|protosynthesisdef
|-activate|p1a: Koraidon|Orichalcum Pulse|[source]
|turn|4
|inactive|lespaghettiboi has 30 seconds left.
|inactive|johnkharkiv has 30 seconds left.
|inactive|lespaghettiboi has 20 seconds left.
|inactive|johnkharkiv has 20 seconds left.
|inactive|johnkharkiv has 15 seconds left.
|
|t:|1750746905
|-terastallize|p2a: Indeedee|Fire
|move|p2a: Indeedee|Follow Me|p2a: Indeedee
|-singleturn|p2a: Indeedee|move: Follow Me
|move|p1b: Brute Bonnet|Spore|p2a: Indeedee
|-status|p2a: Indeedee|slp|[from] move: Spore
|move|p2b: Ho-Oh|Brave Bird|p1a: Koraidon
|-supereffective|p1a: Koraidon
|-damage|p1a: Koraidon|0 fnt
|faint|p1a: Koraidon
|-damage|p2b: Ho-Oh|21/100|[from] Recoil
|
|-weather|SunnyDay|[upkeep]
|upkeep
|turn|5
|
|t:|1750746922
|-terastallize|p1b: Brute Bonnet|Water
|cant|p2a: Indeedee|slp
|move|p1b: Brute Bonnet|Seed Bomb|p2b: Ho-Oh
|-resisted|p2b: Ho-Oh
|-damage|p2b: Ho-Oh|13/100
|move|p2b: Ho-Oh|Flame Charge|p1b: Brute Bonnet
|-resisted|p1b: Brute Bonnet
|-damage|p1b: Brute Bonnet|90/100
|-boost|p2b: Ho-Oh|spe|1
|-damage|p2b: Ho-Oh|0 fnt|[from] item: Rocky Helmet|[of] p1b: Brute Bonnet
|faint|p2b: Ho-Oh
|
|-weather|SunnyDay|[upkeep]
|-fieldend|move: Psychic Terrain
|upkeep
|
|t:|1750746925
|switch|p2b: Miraidon|Miraidon, L50|22/100
|-fieldstart|move: Electric Terrain|[from] ability: Hadron Engine|[of] p2b: Miraidon
|turn|6
|
|t:|1750746933
|move|p2b: Miraidon|Protect|p2b: Miraidon
|-singleturn|p2b: Miraidon|Protect
|move|p1b: Brute Bonnet|Sucker Punch||[still]
|-fail|p1b: Brute Bonnet
|cant|p2a: Indeedee|slp
|
|-weather|SunnyDay|[upkeep]
|-fieldend|move: Trick Room
|upkeep
|turn|7
|
|t:|1750746939
|-curestatus|p2a: Indeedee|slp|[msg]
|move|p2a: Indeedee|Follow Me|p2a: Indeedee
|-singleturn|p2a: Indeedee|move: Follow Me
|move|p1b: Brute Bonnet|Sucker Punch||[still]
|-fail|p1b: Brute Bonnet
|move|p2b: Miraidon|Volt Switch|p1b: Brute Bonnet
|-supereffective|p1b: Brute Bonnet
|-damage|p1b: Brute Bonnet|0 fnt
|faint|p1b: Brute Bonnet
|-end|p1b: Brute Bonnet|Protosynthesis|[silent]
|-damage|p2b: Miraidon|12/100|[from] item: Life Orb
|
|win|johnkharkiv
|raw|lespaghettiboi's rating: 1369 &rarr; <strong>1351</strong><br />(-18 for losing)
|raw|johnkharkiv's rating: 1412 &rarr; <strong>1430</strong><br />(+18 for winning)
|l|☆lespaghettiboi
|player|p1|
