|j|☆robbie_valentino
|j|☆burials
|t:|1750880777
|gametype|doubles
|player|p1|robbie_valentino|265|1083
|player|p2|burials|2|1095
|teamsize|p1|6
|teamsize|p2|6
|gen|9
|tier|[Gen 9] VGC 2025 Reg I
|rated|
|rule|Species Clause: Limit one of each Pokémon
|rule|Item Clause: Limit 1 of each item
|clearpoke
|poke|p1|Serperior, L50, M|
|poke|p1|Chi-Yu, L50|
|poke|p1|Grimmsnarl, L50, M|
|poke|p1|Incineroar, L50, M|
|poke|p1|Urshifu-*, L50, M|
|poke|p1|Miraidon, L50|
|poke|p2|Sneasler, L50, M|
|poke|p2|Calyrex-Shadow, L50|
|poke|p2|Miraidon, L50|
|poke|p2|Chi-Yu, L50|
|poke|p2|Dondozo, L50, F|
|poke|p2|Tatsugiri, L50, F|
|teampreview|4
|inactive|Battle timer is ON: inactive players will automatically lose when time's up. (requested by burials)
|
|t:|1750880792
|start
|switch|p1a: Incineroar|Incineroar, L50, M|100/100
|switch|p1b: Grimmsnarl|Grimmsnarl, L50, M|100/100
|switch|p2a: Sneasler|Sneasler, L50, M|100/100
|switch|p2b: Calyrex|Calyrex-Shadow, L50|100/100
|-ability|p2b: Calyrex|As One
|-ability|p2b: Calyrex|Unnerve
|-ability|p2a: Sneasler|Pressure
|-ability|p1a: Incineroar|Intimidate|boost
|-unboost|p2a: Sneasler|atk|1
|-unboost|p2b: Calyrex|atk|1
|turn|1
|inactive|robbie_valentino has 30 seconds left.
|
|t:|1750880820
|-terastallize|p1a: Incineroar|Grass
|move|p2b: Calyrex|Protect|p2b: Calyrex
|-singleturn|p2b: Calyrex|Protect
|move|p2a: Sneasler|Fake Out|p1b: Grimmsnarl
|-damage|p1b: Grimmsnarl|91/100
|move|p1a: Incineroar|Knock Off|p2b: Calyrex
|-activate|p2b: Calyrex|move: Protect
|cant|p1b: Grimmsnarl|flinch
|
|upkeep
|turn|2
|inactive|burials has 30 seconds left.
|
|t:|1750880846
|switch|p2b: Dondozo|Dondozo, L50, F|100/100
|move|p2a: Sneasler|Dire Claw|p1a: Incineroar
|-supereffective|p1a: Incineroar
|-crit|p1a: Incineroar
|-damage|p1a: Incineroar|0 fnt
|faint|p1a: Incineroar
|move|p1b: Grimmsnarl|Spirit Break|p2a: Sneasler
|-damage|p2a: Sneasler|51/100
|-unboost|p2a: Sneasler|spa|1
|
|upkeep
|
|t:|1750880858
|switch|p1a: Miraidon|Miraidon, L50|100/100
|-fieldstart|move: Electric Terrain|[from] ability: Hadron Engine|[of] p1a: Miraidon
|-enditem|p2a: Sneasler|Electric Seed
|-boost|p2a: Sneasler|def|1|[from] item: Electric Seed
|turn|3
|
|t:|1750880878
|move|p2b: Dondozo|Protect|p2b: Dondozo
|-singleturn|p2b: Dondozo|Protect
|move|p1b: Grimmsnarl|Thunder Wave|p2a: Sneasler
|-status|p2a: Sneasler|par
|move|p1a: Miraidon|Volt Switch|p2b: Dondozo
|-activate|p2b: Dondozo|move: Protect
|cant|p2a: Sneasler|par
|
|upkeep
|turn|4
|inactive|robbie_valentino has 30 seconds left.
|inactive|burials has 30 seconds left.
|
|t:|1750880912
|-terastallize|p2b: Dondozo|Grass
|move|p1b: Grimmsnarl|Reflect|p1b: Grimmsnarl
|-sidestart|p1: robbie_valentino|Reflect
|move|p1a: Miraidon|Volt Switch|p2b: Dondozo
|-resisted|p2b: Dondozo
|-damage|p2b: Dondozo|56/100
|
|t:|1750880917
|switch|p1a: Serperior|Serperior, L50, M|100/100|[from] Volt Switch
|move|p2a: Sneasler|Toxic Spikes|p1a: Serperior
|-sidestart|p1: robbie_valentino|move: Toxic Spikes
|move|p2b: Dondozo|Order Up|p1a: Serperior
|-damage|p1a: Serperior|88/100
|
|-heal|p1a: Serperior|94/100|[from] item: Leftovers
|-heal|p2b: Dondozo|62/100|[from] item: Leftovers
|upkeep
|turn|5
|inactive|robbie_valentino has 30 seconds left.
|inactive|robbie_valentino has 20 seconds left.
|inactive|robbie_valentino has 15 seconds left.
|
|t:|1750880958
|move|p2b: Dondozo|Protect|p2b: Dondozo
|-singleturn|p2b: Dondozo|Protect
|move|p1a: Serperior|Leaf Storm|p2b: Dondozo
|-activate|p2b: Dondozo|move: Protect
|move|p2a: Sneasler|Dire Claw|p1b: Grimmsnarl
|-supereffective|p1b: Grimmsnarl
|-damage|p1b: Grimmsnarl|54/100
|move|p1b: Grimmsnarl|Spirit Break|p2b: Dondozo
|-activate|p2b: Dondozo|move: Protect
|
|-heal|p1a: Serperior|100/100|[from] item: Leftovers
|-heal|p2b: Dondozo|68/100|[from] item: Leftovers
|upkeep
|turn|6
|inactive|robbie_valentino has 30 seconds left.
|
|t:|1750880986
|switch|p1b: Miraidon|Miraidon, L50|100/100
|-status|p1b: Miraidon|psn
|-activate|p1b: Miraidon|ability: Hadron Engine
|switch|p2b: Calyrex|Calyrex-Shadow, L50|100/100
|-ability|p2b: Calyrex|As One
|-ability|p2b: Calyrex|Unnerve
|move|p1a: Serperior|Leaf Storm|p2b: Calyrex
|-damage|p2b: Calyrex|60/100
|-boost|p1a: Serperior|spa|2
|move|p2a: Sneasler|Dire Claw|p1a: Serperior
|-supereffective|p1a: Serperior
|-damage|p1a: Serperior|57/100
|-status|p1a: Serperior|psn
|
|-heal|p1a: Serperior|63/100 psn|[from] item: Leftovers
|-damage|p1a: Serperior|50/100 psn|[from] psn
|-damage|p1b: Miraidon|88/100 psn|[from] psn
|upkeep
|turn|7
|
|t:|1750881011
|switch|p2a: Dondozo|Dondozo, L50, F, tera:Grass|68/100
|move|p2b: Calyrex|Astral Barrage|p1b: Miraidon|[spread] p1a,p1b
|-damage|p1a: Serperior|0 fnt
|-damage|p1b: Miraidon|42/100 psn
|faint|p1a: Serperior
|-ability|p2b: Calyrex|Grim Neigh|boost
|-boost|p2b: Calyrex|spa|1
|-damage|p2b: Calyrex|51/100|[from] item: Life Orb
|move|p1b: Miraidon|Electro Drift|p2b: Calyrex
|-damage|p2b: Calyrex|0 fnt
|faint|p2b: Calyrex
|
|-heal|p2a: Dondozo|74/100|[from] item: Leftovers
|-damage|p1b: Miraidon|30/100 psn|[from] psn
|-fieldend|move: Electric Terrain
|upkeep
|
|t:|1750881028
|switch|p2b: Sneasler|Sneasler, L50, M|51/100 par
|switch|p1a: Grimmsnarl|Grimmsnarl, L50, M|54/100
|-ability|p2b: Sneasler|Pressure
|-status|p1a: Grimmsnarl|psn
|turn|8
|
|t:|1750881051
|move|p2b: Sneasler|Fake Out|p1a: Grimmsnarl
|-damage|p1a: Grimmsnarl|44/100 psn
|move|p1b: Miraidon|Electro Drift|p2b: Sneasler
|-damage|p2b: Sneasler|0 fnt
|faint|p2b: Sneasler
|cant|p1a: Grimmsnarl|flinch
|move|p2a: Dondozo|Order Up|p1b: Miraidon
|-supereffective|p1b: Miraidon
|-damage|p1b: Miraidon|11/100 psn
|
|-heal|p2a: Dondozo|81/100|[from] item: Leftovers
|-damage|p1b: Miraidon|0 fnt|[from] psn
|faint|p1b: Miraidon
|-damage|p1a: Grimmsnarl|32/100 psn|[from] psn
|upkeep
|
|t:|1750881066
|switch|p2b: Chi-Yu|Chi-Yu, L50|100/100
|-ability|p2b: Chi-Yu|Beads of Ruin
|turn|9
|
|t:|1750881082
|move|p2b: Chi-Yu|Heat Wave|p1a: Grimmsnarl
|-damage|p1a: Grimmsnarl|0 fnt
|faint|p1a: Grimmsnarl
|
|win|burials
|raw|robbie_valentino's rating: 1083 &rarr; <strong>1061</strong><br />(-22 for losing)
|raw|burials's rating: 1095 &rarr; <strong>1120</strong><br />(+25 for winning)
|l|☆robbie_valentino
|player|p1|
