|j|☆ron97201
|j|‽R3N92
|t:|1750827063
|gametype|doubles
|player|p1|ron97201|266|1202
|player|p2|R3N92|170|1303
|teamsize|p1|6
|teamsize|p2|6
|gen|9
|tier|[Gen 9] VGC 2025 Reg I
|rated|
|rule|Species Clause: Limit one of each Pokémon
|rule|Item Clause: Limit 1 of each item
|clearpoke
|poke|p1|Rhydon, L50, M|
|poke|p1|Sinistcha, L50|
|poke|p1|Kyogre, L50|
|poke|p1|Bronzong, L50|
|poke|p1|Archaludon, L50, M|
|poke|p1|Miraidon, L50|
|poke|p2|Zamazenta-*, L50|
|poke|p2|Calyrex-Shadow, L50|
|poke|p2|Rillaboom, L50, M|
|poke|p2|Incineroar, L50, F|
|poke|p2|Raging Bolt, L50|
|poke|p2|Ting-Lu, L50|
|teampreview|4
|inactive|Battle timer is ON: inactive players will automatically lose when time's up. (requested by R3N92)
|inactive|ron97201 has 60 seconds left.
|inactive|R3N92 has 60 seconds left.
|
|t:|1750827110
|start
|switch|p1a: Kyogre|Kyogre, L50|100/100
|switch|p1b: Rhydon|Rhydon, L50, M|100/100
|switch|p2a: Ting-Lu|Ting-Lu, L50|100/100
|switch|p2b: Rillaboom|Rillaboom, L50, M|100/100
|-weather|RainDance|[from] ability: Drizzle|[of] p1a: Kyogre
|-fieldstart|move: Grassy Terrain|[from] ability: Grassy Surge|[of] p2b: Rillaboom
|-ability|p2a: Ting-Lu|Vessel of Ruin
|turn|1
|inactive|ron97201 has 30 seconds left.
|
|t:|1750827142
|switch|p1a: Archaludon|Archaludon, L50, M|100/100
|move|p1b: Rhydon|Protect|p1b: Rhydon
|-singleturn|p1b: Rhydon|Protect
|move|p2b: Rillaboom|Fake Out|p1a: Archaludon
|-resisted|p1a: Archaludon
|-damage|p1a: Archaludon|95/100
|-ability|p1a: Archaludon|Stamina|boost
|-boost|p1a: Archaludon|def|1
|move|p2a: Ting-Lu|Sand Tomb|p1b: Rhydon
|-activate|p1b: Rhydon|move: Protect
|
|-weather|RainDance|[upkeep]
|-heal|p1a: Archaludon|100/100|[from] Grassy Terrain
|upkeep
|turn|2
|inactive|ron97201 has 30 seconds left.
|
|t:|1750827175
|switch|p1b: Sinistcha|Sinistcha, L50|100/100
|move|p2b: Rillaboom|U-turn|p1b: Sinistcha
|-damage|p1b: Sinistcha|79/100
|
|t:|1750827181
|switch|p2b: Zamazenta|Zamazenta-Crowned, L50|100/100|[from] U-turn
|-ability|p2b: Zamazenta|Dauntless Shield|boost
|-boost|p2b: Zamazenta|def|1
|move|p1a: Archaludon|Electro Shot||[still]
|-prepare|p1a: Archaludon|Electro Shot
|-boost|p1a: Archaludon|spa|1
|-anim|p1a: Archaludon|Electro Shot|p2b: Zamazenta
|-damage|p2b: Zamazenta|75/100
|move|p2a: Ting-Lu|Ruination|p1a: Archaludon
|-damage|p1a: Archaludon|51/100
|-ability|p1a: Archaludon|Stamina|boost
|-boost|p1a: Archaludon|def|1
|
|-weather|RainDance|[upkeep]
|-heal|p2b: Zamazenta|81/100|[from] Grassy Terrain
|-heal|p1a: Archaludon|57/100|[from] Grassy Terrain
|-heal|p1b: Sinistcha|85/100|[from] Grassy Terrain
|upkeep
|turn|3
|inactive|ron97201 has 30 seconds left.
|inactive|R3N92 has 30 seconds left.
|inactive|ron97201 has 20 seconds left.
|inactive|R3N92 has 20 seconds left.
|inactive|ron97201 has 15 seconds left.
|inactive|R3N92 has 15 seconds left.
|inactive|R3N92 has 10 seconds left.
|
|t:|1750827230
|move|p2b: Zamazenta|Protect|p2b: Zamazenta
|-singleturn|p2b: Zamazenta|Protect
|move|p1b: Sinistcha|Rage Powder|p1b: Sinistcha
|-singleturn|p1b: Sinistcha|move: Rage Powder
|move|p1a: Archaludon|Electro Shot||[still]
|-prepare|p1a: Archaludon|Electro Shot
|-boost|p1a: Archaludon|spa|1
|-anim|p1a: Archaludon|Electro Shot|p2b: Zamazenta
|-activate|p2b: Zamazenta|move: Protect
|move|p2a: Ting-Lu|Sand Tomb|p1b: Sinistcha
|-resisted|p1b: Sinistcha
|-damage|p1b: Sinistcha|80/100
|-activate|p1b: Sinistcha|move: Sand Tomb|[of] p2a: Ting-Lu
|
|-weather|RainDance|[upkeep]
|-heal|p2b: Zamazenta|88/100|[from] Grassy Terrain
|-heal|p1a: Archaludon|63/100|[from] Grassy Terrain
|-heal|p1b: Sinistcha|86/100|[from] Grassy Terrain
|-damage|p1b: Sinistcha|74/100|[from] move: Sand Tomb|[partiallytrapped]
|upkeep
|turn|4
|
|t:|1750827254
|switch|p2b: Rillaboom|Rillaboom, L50, M|100/100
|move|p1a: Archaludon|Electro Shot||[still]
|-prepare|p1a: Archaludon|Electro Shot
|-boost|p1a: Archaludon|spa|1
|-anim|p1a: Archaludon|Electro Shot|p2b: Rillaboom
|-resisted|p2b: Rillaboom
|-damage|p2b: Rillaboom|76/100
|move|p1b: Sinistcha|Matcha Gotcha|p2b: Rillaboom|[spread] p2a
|-miss|p1b: Sinistcha|p2b: Rillaboom
|-supereffective|p2a: Ting-Lu
|-damage|p2a: Ting-Lu|62/100
|-heal|p1b: Sinistcha|100/100|[from] drain|[of] p2a: Ting-Lu
|-status|p2a: Ting-Lu|brn
|move|p2a: Ting-Lu|Snarl|p1a: Archaludon|[spread] p1a,p1b
|-supereffective|p1b: Sinistcha
|-damage|p1a: Archaludon|58/100
|-damage|p1b: Sinistcha|80/100
|-unboost|p1a: Archaludon|spa|1
|-unboost|p1b: Sinistcha|spa|1
|-ability|p1a: Archaludon|Stamina|boost
|-boost|p1a: Archaludon|def|1
|
|-weather|RainDance|[upkeep]
|-heal|p2b: Rillaboom|82/100|[from] Grassy Terrain
|-heal|p1a: Archaludon|64/100|[from] Grassy Terrain
|-heal|p1b: Sinistcha|86/100|[from] Grassy Terrain
|-heal|p2a: Ting-Lu|69/100 brn|[from] Grassy Terrain
|-heal|p2a: Ting-Lu|75/100 brn|[from] item: Leftovers
|-damage|p2a: Ting-Lu|69/100 brn|[from] brn
|-damage|p1b: Sinistcha|74/100|[from] move: Sand Tomb|[partiallytrapped]
|upkeep
|turn|5
|inactive|ron97201 has 30 seconds left.
|inactive|R3N92 has 30 seconds left.
|inactive|ron97201 has 20 seconds left.
|inactive|ron97201 has 15 seconds left.
|inactive|R3N92 has 20 seconds left.
|inactive|ron97201 has 10 seconds left.
|inactive|R3N92 has 15 seconds left.
|
|t:|1750827301
|switch|p1b: Kyogre|Kyogre, L50|100/100
|-terastallize|p2a: Ting-Lu|Grass
|move|p2b: Rillaboom|U-turn|p1b: Kyogre
|-damage|p1b: Kyogre|79/100
|
|t:|1750827312
|switch|p2b: Calyrex|Calyrex-Shadow, L50|100/100|[from] U-turn
|-ability|p2b: Calyrex|As One
|-ability|p2b: Calyrex|Unnerve
|move|p1a: Archaludon|Electro Shot||[still]
|-prepare|p1a: Archaludon|Electro Shot
|-boost|p1a: Archaludon|spa|1
|-anim|p1a: Archaludon|Electro Shot|p2b: Calyrex
|-damage|p2b: Calyrex|37/100
|move|p2a: Ting-Lu|Sand Tomb|p1a: Archaludon|[miss]
|-miss|p2a: Ting-Lu|p1a: Archaludon
|
|-weather|none
|-heal|p2b: Calyrex|43/100|[from] Grassy Terrain
|-heal|p1b: Kyogre|85/100|[from] Grassy Terrain
|-heal|p1a: Archaludon|70/100|[from] Grassy Terrain
|-heal|p2a: Ting-Lu|75/100 brn|[from] Grassy Terrain
|-heal|p2a: Ting-Lu|81/100 brn|[from] item: Leftovers
|-damage|p2a: Ting-Lu|75/100 brn|[from] brn
|-fieldend|move: Grassy Terrain
|upkeep
|turn|6
|inactive|ron97201 has 30 seconds left.
|inactive|R3N92 has 30 seconds left.
|
|t:|1750827347
|switch|p1b: Sinistcha|Sinistcha, L50|74/100
|-heal|p1a: Archaludon|95/100|[from] ability: Hospitality|[of] p1b: Sinistcha
|move|p2b: Calyrex|Protect|p2b: Calyrex
|-singleturn|p2b: Calyrex|Protect
|move|p1a: Archaludon|Draco Meteor|p2b: Calyrex
|-activate|p2b: Calyrex|move: Protect
|move|p2a: Ting-Lu|Snarl|p1b: Sinistcha|[spread] p1a,p1b
|-supereffective|p1b: Sinistcha
|-crit|p1b: Sinistcha
|-damage|p1a: Archaludon|90/100
|-damage|p1b: Sinistcha|40/100
|-unboost|p1a: Archaludon|spa|1
|-unboost|p1b: Sinistcha|spa|1
|-ability|p1a: Archaludon|Stamina|boost
|-boost|p1a: Archaludon|def|1
|
|-heal|p2a: Ting-Lu|81/100 brn|[from] item: Leftovers
|-damage|p2a: Ting-Lu|75/100 brn|[from] brn
|upkeep
|turn|7
|
|t:|1750827368
|-terastallize|p1b: Sinistcha|Dark
|move|p2b: Calyrex|Astral Barrage|p1a: Archaludon|[spread] p1a,p1b
|-resisted|p1b: Sinistcha
|-damage|p1a: Archaludon|69/100
|-damage|p1b: Sinistcha|16/100
|-ability|p1a: Archaludon|Stamina|boost
|-boost|p1a: Archaludon|def|1
|move|p1a: Archaludon|Draco Meteor|p2b: Calyrex
|-damage|p2b: Calyrex|0 fnt
|-unboost|p1a: Archaludon|spa|2
|faint|p2b: Calyrex
|move|p1b: Sinistcha|Matcha Gotcha|p2a: Ting-Lu
|-resisted|p2a: Ting-Lu
|-damage|p2a: Ting-Lu|68/100 brn
|-heal|p1b: Sinistcha|21/100|[from] drain|[of] p2a: Ting-Lu
|move|p2a: Ting-Lu|Sand Tomb|p1a: Archaludon
|-supereffective|p1a: Archaludon
|-damage|p1a: Archaludon|65/100
|-activate|p1a: Archaludon|move: Sand Tomb|[of] p2a: Ting-Lu
|-ability|p1a: Archaludon|Stamina|boost
|-boost|p1a: Archaludon|def|1
|
|-heal|p2a: Ting-Lu|74/100 brn|[from] item: Leftovers
|-damage|p2a: Ting-Lu|68/100 brn|[from] brn
|-damage|p1a: Archaludon|53/100|[from] move: Sand Tomb|[partiallytrapped]
|upkeep
|inactive|R3N92 has 30 seconds left.
|
|t:|1750827395
|switch|p2b: Zamazenta|Zamazenta-Crowned, L50|88/100
|turn|8
|
|t:|1750827415
|move|p2b: Zamazenta|Protect|p2b: Zamazenta
|-singleturn|p2b: Zamazenta|Protect
|move|p1a: Archaludon|Body Press|p2b: Zamazenta
|-activate|p2b: Zamazenta|move: Protect
|move|p1b: Sinistcha|Matcha Gotcha|p2b: Zamazenta|[spread] p2a
|-activate|p2b: Zamazenta|move: Protect
|-resisted|p2a: Ting-Lu
|-damage|p2a: Ting-Lu|63/100 brn
|-heal|p1b: Sinistcha|25/100|[from] drain|[of] p2a: Ting-Lu
|move|p2a: Ting-Lu|Sand Tomb|p1b: Sinistcha
|-damage|p1b: Sinistcha|18/100
|-activate|p1b: Sinistcha|move: Sand Tomb|[of] p2a: Ting-Lu
|
|-heal|p2a: Ting-Lu|69/100 brn|[from] item: Leftovers
|-damage|p2a: Ting-Lu|63/100 brn|[from] brn
|-damage|p1a: Archaludon|41/100|[from] move: Sand Tomb|[partiallytrapped]
|-damage|p1b: Sinistcha|6/100|[from] move: Sand Tomb|[partiallytrapped]
|upkeep
|turn|9
|inactive|ron97201 has 30 seconds left.
|inactive|R3N92 has 30 seconds left.
|
|t:|1750827444
|move|p2b: Zamazenta|Body Press|p1a: Archaludon
|-supereffective|p1a: Archaludon
|-damage|p1a: Archaludon|23/100
|move|p1a: Archaludon|Body Press|p2b: Zamazenta
|-supereffective|p2b: Zamazenta
|-damage|p2b: Zamazenta|0 fnt
|faint|p2b: Zamazenta
|move|p1b: Sinistcha|Matcha Gotcha|p2a: Ting-Lu|[miss]
|-miss|p1b: Sinistcha|p2a: Ting-Lu
|move|p2a: Ting-Lu|Snarl|p1a: Archaludon|[spread] p1a
|-miss|p2a: Ting-Lu|p1b: Sinistcha
|-damage|p1a: Archaludon|18/100
|-unboost|p1a: Archaludon|spa|1
|
|-heal|p2a: Ting-Lu|69/100 brn|[from] item: Leftovers
|-damage|p2a: Ting-Lu|63/100 brn|[from] brn
|-damage|p1a: Archaludon|6/100|[from] move: Sand Tomb|[partiallytrapped]
|-damage|p1b: Sinistcha|0 fnt|[from] move: Sand Tomb|[partiallytrapped]
|faint|p1b: Sinistcha
|upkeep
|
|t:|1750827465
|switch|p2b: Rillaboom|Rillaboom, L50, M|82/100
|switch|p1b: Kyogre|Kyogre, L50|85/100
|-weather|RainDance|[from] ability: Drizzle|[of] p1b: Kyogre
|-fieldstart|move: Grassy Terrain|[from] ability: Grassy Surge|[of] p2b: Rillaboom
|turn|10
|
|t:|1750827488
|move|p2b: Rillaboom|Fake Out|p1a: Archaludon
|-resisted|p1a: Archaludon
|-damage|p1a: Archaludon|5/100
|move|p1b: Kyogre|Water Spout|p2a: Ting-Lu|[spread] p2a,p2b
|-resisted|p2a: Ting-Lu
|-resisted|p2b: Rillaboom
|-damage|p2a: Ting-Lu|34/100 brn
|-damage|p2b: Rillaboom|46/100
|cant|p1a: Archaludon|flinch
|move|p2a: Ting-Lu|Sand Tomb|p1b: Kyogre
|-damage|p1b: Kyogre|79/100
|-activate|p1b: Kyogre|move: Sand Tomb|[of] p2a: Ting-Lu
|
|-weather|RainDance|[upkeep]
|-heal|p1b: Kyogre|85/100|[from] Grassy Terrain
|-heal|p2b: Rillaboom|52/100|[from] Grassy Terrain
|-heal|p1a: Archaludon|11/100|[from] Grassy Terrain
|-heal|p2a: Ting-Lu|40/100 brn|[from] Grassy Terrain
|-heal|p2a: Ting-Lu|46/100 brn|[from] item: Leftovers
|-damage|p2a: Ting-Lu|40/100 brn|[from] brn
|-damage|p1b: Kyogre|73/100|[from] move: Sand Tomb|[partiallytrapped]
|-damage|p1a: Archaludon|0 fnt|[from] move: Sand Tomb|[partiallytrapped]
|faint|p1a: Archaludon
|upkeep
|
|t:|1750827501
|switch|p1a: Rhydon|Rhydon, L50, M|100/100
|turn|11
|
|t:|1750827524
|move|p1b: Kyogre|Water Spout|p2a: Ting-Lu|[spread] p2a,p2b
|-resisted|p2a: Ting-Lu
|-resisted|p2b: Rillaboom
|-damage|p2a: Ting-Lu|11/100 brn
|-damage|p2b: Rillaboom|21/100
|move|p2b: Rillaboom|Wood Hammer|p1b: Kyogre
|-supereffective|p1b: Kyogre
|-damage|p1b: Kyogre|0 fnt
|faint|p1b: Kyogre
|-damage|p2b: Rillaboom|0 fnt|[from] Recoil
|faint|p2b: Rillaboom
|move|p1a: Rhydon|Rock Slide|p2a: Ting-Lu|[miss]
|-miss|p1a: Rhydon|p2a: Ting-Lu
|move|p2a: Ting-Lu|Sand Tomb|p1a: Rhydon
|-supereffective|p1a: Rhydon
|-damage|p1a: Rhydon|93/100
|-activate|p1a: Rhydon|move: Sand Tomb|[of] p2a: Ting-Lu
|
|-weather|RainDance|[upkeep]
|-heal|p1a: Rhydon|99/100|[from] Grassy Terrain
|-heal|p2a: Ting-Lu|17/100 brn|[from] Grassy Terrain
|-heal|p2a: Ting-Lu|23/100 brn|[from] item: Leftovers
|-damage|p2a: Ting-Lu|17/100 brn|[from] brn
|-damage|p1a: Rhydon|87/100|[from] move: Sand Tomb|[partiallytrapped]
|upkeep
|turn|12
|inactive|R3N92 has 30 seconds left.
|
|t:|1750827550
|move|p2a: Ting-Lu|Protect|p2a: Ting-Lu
|-singleturn|p2a: Ting-Lu|Protect
|move|p1a: Rhydon|Rock Slide|p2a: Ting-Lu
|-activate|p2a: Ting-Lu|move: Protect
|
|-weather|RainDance|[upkeep]
|-heal|p1a: Rhydon|93/100|[from] Grassy Terrain
|-heal|p2a: Ting-Lu|23/100 brn|[from] Grassy Terrain
|-heal|p2a: Ting-Lu|29/100 brn|[from] item: Leftovers
|-damage|p2a: Ting-Lu|23/100 brn|[from] brn
|-damage|p1a: Rhydon|81/100|[from] move: Sand Tomb|[partiallytrapped]
|upkeep
|turn|13
|
|t:|1750827563
|move|p1a: Rhydon|Rock Slide|p2a: Ting-Lu
|-damage|p2a: Ting-Lu|6/100 brn
|cant|p2a: Ting-Lu|flinch
|
|-weather|RainDance|[upkeep]
|-heal|p1a: Rhydon|87/100|[from] Grassy Terrain
|-heal|p2a: Ting-Lu|12/100 brn|[from] Grassy Terrain
|-heal|p2a: Ting-Lu|18/100 brn|[from] item: Leftovers
|-damage|p2a: Ting-Lu|12/100 brn|[from] brn
|-damage|p1a: Rhydon|75/100|[from] move: Sand Tomb|[partiallytrapped]
|upkeep
|turn|14
|-message|R3N92 forfeited.
|
|win|ron97201
|raw|ron97201's rating: 1202 &rarr; <strong>1234</strong><br />(+32 for winning)
|raw|R3N92's rating: 1303 &rarr; <strong>1277</strong><br />(-26 for losing)
|l|‽R3N92
|player|p2|
|l|☆ron97201
|player|p1|
