|j|‽alvaroberna12
|j|☆Blu94
|t:|1750858890
|gametype|doubles
|player|p1|alvaroberna12|266|1376
|player|p2|Blu94|266|1334
|teamsize|p1|6
|teamsize|p2|6
|gen|9
|tier|[Gen 9] VGC 2025 Reg I
|rated|
|rule|Species Clause: Limit one of each Pokémon
|rule|Item Clause: Limit 1 of each item
|clearpoke
|poke|p1|Kyogre, L50|
|poke|p1|Indeedee-F, L50, F|
|poke|p1|Calyrex-Shadow, L50|
|poke|p1|Tornadus, L50, M|
|poke|p1|Iron Bundle, L50|
|poke|p1|Mienshao, L50, M|
|poke|p2|Zacian-*, L50|
|poke|p2|Miraidon, L50|
|poke|p2|Pelipper, L50, M|
|poke|p2|Whimsicott, L50, M|
|poke|p2|Urshifu-*, L50, F|
|poke|p2|Okidogi, L50, M|
|teampreview|4
Blu94 rejected open team sheets.
|inactive|Battle timer is ON: inactive players will automatically lose when time's up. (requested by alvaroberna12)
|inactive|Blu94 has 60 seconds left.
|
|t:|1750858944
|start
|switch|p1a: Calyrex|Calyrex-Shadow, L50|100/100
|switch|p1b: Indeedee|Indeedee-F, L50, F, shiny|100/100
|switch|p2a: Okidogi|Okidogi, L50, M|100/100
|switch|p2b: Whimsicott|Whimsicott, L50, M|100/100
|-ability|p1a: Calyrex|As One
|-ability|p1a: Calyrex|Unnerve
|-fieldstart|move: Psychic Terrain|[from] ability: Psychic Surge|[of] p1b: Indeedee
|-enditem|p1b: Indeedee|Psychic Seed
|-boost|p1b: Indeedee|spd|1|[from] item: Psychic Seed
|turn|1
|
|t:|1750858965
|-terastallize|p2a: Okidogi|Dark
|move|p1b: Indeedee|Follow Me|p1b: Indeedee
|-singleturn|p1b: Indeedee|move: Follow Me
|move|p2b: Whimsicott|Light Screen|p2b: Whimsicott
|-sidestart|p2: Blu94|move: Light Screen
|move|p1a: Calyrex|Expanding Force|p2a: Okidogi|[spread] p2b
|-immune|p2a: Okidogi
|-damage|p2b: Whimsicott|3/100
|move|p2a: Okidogi|Knock Off|p1b: Indeedee
|-supereffective|p1b: Indeedee
|-damage|p1b: Indeedee|6/100
|
|upkeep
|turn|2
|inactive|Blu94 has 30 seconds left.
|
|t:|1750858994
|switch|p1a: Tornadus|Tornadus, L50, M, shiny|100/100
|move|p2b: Whimsicott|Tailwind|p2b: Whimsicott
|-sidestart|p2: Blu94|move: Tailwind
|move|p2a: Okidogi|Knock Off|p1a: Tornadus
|-damage|p1a: Tornadus|59/100
|-enditem|p1a: Tornadus|Covert Cloak|[from] move: Knock Off|[of] p2a: Okidogi
|move|p1b: Indeedee|Alluring Voice|p2b: Whimsicott
|-damage|p2b: Whimsicott|0 fnt
|faint|p2b: Whimsicott
|
|upkeep
|inactive|Blu94 has 30 seconds left.
|
|t:|1750859020
|switch|p2b: Miraidon|Miraidon, L50|100/100
|-fieldstart|move: Electric Terrain|[from] ability: Hadron Engine|[of] p2b: Miraidon
|turn|3
|inactive|Blu94 has 30 seconds left.
|inactive|Blu94 has 20 seconds left.
|inactive|Blu94 has 15 seconds left.
|
|t:|1750859062
|move|p1b: Indeedee|Follow Me|p1b: Indeedee
|-singleturn|p1b: Indeedee|move: Follow Me
|move|p1a: Tornadus|Tailwind|p1a: Tornadus
|-sidestart|p1: alvaroberna12|move: Tailwind
|move|p2b: Miraidon|Volt Switch|p1b: Indeedee
|-damage|p1b: Indeedee|0 fnt
|faint|p1b: Indeedee
|
|t:|1750859070
|switch|p2b: Zacian|Zacian-Crowned, L50|100/100|[from] Volt Switch
|-ability|p2b: Zacian|Intrepid Sword|boost
|-boost|p2b: Zacian|atk|1
|move|p2a: Okidogi|Poison Jab|p1a: Tornadus
|-damage|p1a: Tornadus|23/100
|
|upkeep
|
|t:|1750859077
|switch|p1b: Kyogre|Kyogre, L50, shiny|100/100
|-weather|RainDance|[from] ability: Drizzle|[of] p1b: Kyogre
|turn|4
|
|t:|1750859099
|move|p1b: Kyogre|Water Spout|p2b: Zacian|[spread] p2a,p2b
|-damage|p2a: Okidogi|58/100
|-damage|p2b: Zacian|50/100
|move|p2b: Zacian|Behemoth Blade|p1a: Tornadus
|-damage|p1a: Tornadus|0 fnt
|faint|p1a: Tornadus
|move|p2a: Okidogi|Knock Off|p1b: Kyogre
|-damage|p1b: Kyogre|52/100
|-enditem|p1b: Kyogre|Choice Scarf|[from] move: Knock Off|[of] p2a: Okidogi
|
|-weather|RainDance|[upkeep]
|upkeep
|
|t:|1750859104
|switch|p1a: Calyrex|Calyrex-Shadow, L50|100/100
|-ability|p1a: Calyrex|As One
|-ability|p1a: Calyrex|Unnerve
|turn|5
|inactive|Blu94 has 30 seconds left.
|
|t:|1750859139
|move|p1a: Calyrex|Astral Barrage|p2a: Okidogi|[spread] p2a,p2b
|-resisted|p2a: Okidogi
|-damage|p2a: Okidogi|41/100
|-damage|p2b: Zacian|6/100
|move|p2b: Zacian|Sacred Sword|p1b: Kyogre
|-damage|p1b: Kyogre|0 fnt
|faint|p1b: Kyogre
|move|p2a: Okidogi|Knock Off|p1a: Calyrex
|-supereffective|p1a: Calyrex
|-damage|p1a: Calyrex|0 fnt
|-enditem|p1a: Calyrex|Choice Specs|[from] move: Knock Off|[of] p2a: Okidogi
|faint|p1a: Calyrex
|
|win|Blu94
|raw|alvaroberna12's rating: 1376 &rarr; <strong>1354</strong><br />(-22 for losing)
|raw|Blu94's rating: 1334 &rarr; <strong>1356</strong><br />(+22 for winning)
|l|‽alvaroberna12
|player|p1|
|l|☆Blu94
|player|p2|
