|j|☆nolemonnomelon
|j|☆TheHeroOfMeow
|t:|1750709368
|gametype|doubles
|player|p1|nolemonnomelon|hilda|1487
|player|p2|TheHeroOfMeow|will|1380
|teamsize|p1|6
|teamsize|p2|6
|gen|9
|tier|[Gen 9] VGC 2025 Reg I
|rated|
|rule|Species Clause: Limit one of each Pokémon
|rule|Item Clause: Limit 1 of each item
|clearpoke
|poke|p1|Kyogre, L50|
|poke|p1|Tornadus, L50, M|
|poke|p1|Incineroar, L50, M|
|poke|p1|Farigiraf, L50, F|
|poke|p1|Tinkaton, L50, F|
|poke|p1|Calyrex-Ice, L50|
|poke|p2|Koraidon, L50|
|poke|p2|Reshiram, L50|
|poke|p2|Incineroar, L50, F|
|poke|p2|Kingambit, L50, F|
|poke|p2|Whimsicott, L50, M|
|poke|p2|Breloom, L50, M|
|teampreview|4
|inactive|Battle timer is ON: inactive players will automatically lose when time's up. (requested by nolemonnomelon)
TheHeroOfMeow has agreed to open team sheets.
|inactive|nolemonnomelon has 60 seconds left.
|
|t:|1750709411
|start
|switch|p1a: Tornadus|Tornadus, L50, M|100/100
|switch|p1b: Kyogre|Kyogre, L50|100/100
|switch|p2a: Koraidon|Koraidon, L50|100/100
|switch|p2b: Breloom|Breloom, L50, M|100/100
|-weather|SunnyDay|[from] ability: Orichalcum Pulse|[of] p2a: Koraidon
|-activate|p2a: Koraidon|Orichalcum Pulse|[source]
|-weather|RainDance|[from] ability: Drizzle|[of] p1b: Kyogre
|turn|1
|
|t:|1750709423
|move|p2a: Koraidon|Protect|p2a: Koraidon
|-singleturn|p2a: Koraidon|Protect
|move|p2b: Breloom|Spore|p1b: Kyogre
|-status|p1b: Kyogre|slp|[from] move: Spore
|move|p1a: Tornadus|Bleakwind Storm|p2a: Koraidon|[spread] p2b
|-activate|p2a: Koraidon|move: Protect
|-supereffective|p2b: Breloom
|-damage|p2b: Breloom|0 fnt
|faint|p2b: Breloom
|cant|p1b: Kyogre|slp
|
|-weather|RainDance|[upkeep]
|upkeep
|
|t:|1750709435
|switch|p2b: Incineroar|Incineroar, L50, F|100/100
|-ability|p2b: Incineroar|Intimidate|boost
|-unboost|p1a: Tornadus|atk|1
|-unboost|p1b: Kyogre|atk|1
|turn|2
|
|t:|1750709451
|switch|p2a: Reshiram|Reshiram, L50|100/100
|-ability|p2a: Reshiram|Turboblaze
|switch|p1b: Incineroar|Incineroar, L50, M|100/100
|-ability|p1b: Incineroar|Intimidate|boost
|-unboost|p2a: Reshiram|atk|1
|-unboost|p2b: Incineroar|atk|1
|move|p1a: Tornadus|Bleakwind Storm|p2b: Incineroar|[spread] p2a,p2b
|-damage|p2a: Reshiram|80/100
|-damage|p2b: Incineroar|54/100
|move|p2b: Incineroar|Knock Off|p1b: Incineroar
|-resisted|p1b: Incineroar
|-damage|p1b: Incineroar|89/100
|-enditem|p1b: Incineroar|Sitrus Berry|[from] move: Knock Off|[of] p2b: Incineroar
|
|-weather|RainDance|[upkeep]
|upkeep
|turn|3
|
|t:|1750709475
|-terastallize|p1a: Tornadus|Flying
|move|p1b: Incineroar|Fake Out|p2a: Reshiram
|-damage|p2a: Reshiram|68/100
|move|p1a: Tornadus|Bleakwind Storm|p2b: Incineroar|[spread] p2a,p2b
|-damage|p2a: Reshiram|43/100
|-damage|p2b: Incineroar|0 fnt
|faint|p2b: Incineroar
|cant|p2a: Reshiram|flinch
|
|-weather|RainDance|[upkeep]
|upkeep
|
|t:|1750709484
|switch|p2b: Koraidon|Koraidon, L50|100/100
|-weather|SunnyDay|[from] ability: Orichalcum Pulse|[of] p2b: Koraidon
|-activate|p2b: Koraidon|Orichalcum Pulse|[source]
|turn|4
|
|t:|1750709508
|-terastallize|p2a: Reshiram|Fire
|move|p1a: Tornadus|Tailwind|p1a: Tornadus
|-sidestart|p1: nolemonnomelon|move: Tailwind
|move|p2b: Koraidon|Close Combat|p1b: Incineroar
|-supereffective|p1b: Incineroar
|-damage|p1b: Incineroar|0 fnt
|-unboost|p2b: Koraidon|def|1
|-unboost|p2b: Koraidon|spd|1
|faint|p1b: Incineroar
|-damage|p2b: Koraidon|91/100|[from] item: Life Orb
|move|p2a: Reshiram|Blue Flare|p1a: Tornadus|[miss]
|-miss|p2a: Reshiram|p1a: Tornadus
|
|-weather|SunnyDay|[upkeep]
|upkeep
|
|t:|1750709516
|switch|p1b: Kyogre|Kyogre, L50|100/100 slp
|-weather|RainDance|[from] ability: Drizzle|[of] p1b: Kyogre
|turn|5
|
|t:|1750709523
|move|p1a: Tornadus|Bleakwind Storm|p2b: Koraidon|[spread] p2a,p2b
|-supereffective|p2b: Koraidon
|-crit|p2b: Koraidon
|-damage|p2a: Reshiram|18/100
|-damage|p2b: Koraidon|0 fnt
|-unboost|p2a: Reshiram|spe|1
|faint|p2b: Koraidon
|cant|p1b: Kyogre|slp
|move|p2a: Reshiram|Heat Wave|p1a: Tornadus|[spread] p1a,p1b
|-resisted|p1b: Kyogre
|-damage|p1a: Tornadus|57/100
|-damage|p1b: Kyogre|91/100 slp
|
|-weather|RainDance|[upkeep]
|upkeep
|turn|6
|-message|TheHeroOfMeow forfeited.
|
|win|nolemonnomelon
|raw|nolemonnomelon's rating: 1487 &rarr; <strong>1501</strong><br />(+14 for winning)
|raw|TheHeroOfMeow's rating: 1380 &rarr; <strong>1366</strong><br />(-14 for losing)
|l|☆TheHeroOfMeow
|player|p2|
|l|☆nolemonnomelon
|player|p1|
