|j|☆gundi8
|j|☆ALVARITOKINGG
|t:|1750861005
|gametype|doubles
|player|p1|gundi8|ethan-gen2|1549
|player|p2|ALVARITOKINGG|flint|1431
|teamsize|p1|6
|teamsize|p2|6
|gen|9
|tier|[Gen 9] VGC 2025 Reg I
|rated|
|rule|Species Clause: Limit one of each Pokémon
|rule|Item Clause: Limit 1 of each item
|clearpoke
|poke|p1|Miraidon, L50|
|poke|p1|Zamazenta-*, L50|
|poke|p1|Volcarona, L50, M|
|poke|p1|Chien-Pao, L50|
|poke|p1|Rillaboom, L50, M|
|poke|p1|Ogerpon, L50, F|
|poke|p2|Volcarona, L50, F|
|poke|p2|Iron Hands, L50|
|poke|p2|Miraidon, L50|
|poke|p2|Grimmsnarl, L50, M|
|poke|p2|Calyrex-Ice, L50|
|poke|p2|Farigiraf, L50, M|
|teampreview|4
|inactive|Battle timer is ON: inactive players will automatically lose when time's up. (requested by gundi8)
|j| lephuclam
|l| lephuclam
|l|☆ALVARITOKINGG
|inactive|ALVARITOKINGG disconnected and has a minute to reconnect!
|player|p2|
|inactive|gundi8 has 60 seconds left.
|j|☆ALVARITOKINGG
|inactive|ALVARITOKINGG reconnected and has 60 seconds left.
|player|p2|ALVARITOKINGG|flint|
|
|t:|1750861060
|start
|switch|p1a: Miraidon|Miraidon, L50|100/100
|switch|p1b: Ogerpon|Ogerpon, L50, F|100/100
|switch|p2a: Wonder Cooki|Grimmsnarl, L50, M, shiny|100/100
|switch|p2b: Volcarona|Volcarona, L50, F|100/100
|-fieldstart|move: Electric Terrain|[from] ability: Hadron Engine|[of] p1a: Miraidon
|turn|1
|
|t:|1750861075
|-terastallize|p1a: Miraidon|Electric
|move|p2a: Wonder Cooki|Light Screen|p2a: Wonder Cooki
|-sidestart|p2: ALVARITOKINGG|move: Light Screen
|move|p1a: Miraidon|Electro Drift|p2a: Wonder Cooki
|-damage|p2a: Wonder Cooki|22/100
|move|p1b: Ogerpon|Taunt|p2b: Volcarona
|-start|p2b: Volcarona|move: Taunt
|cant|p2b: Volcarona|move: Taunt|Quiver Dance
|
|upkeep
|turn|2
|inactive|ALVARITOKINGG has 30 seconds left.
|inactive|gundi8 has 30 seconds left.
|inactive|ALVARITOKINGG has 20 seconds left.
|inactive|ALVARITOKINGG has 15 seconds left.
|
|t:|1750861118
|move|p2a: Wonder Cooki|Thunder Wave|p1b: Ogerpon
|-status|p1b: Ogerpon|par
|move|p1a: Miraidon|Electro Drift|p2a: Wonder Cooki
|-crit|p2a: Wonder Cooki
|-damage|p2a: Wonder Cooki|0 fnt
|faint|p2a: Wonder Cooki
|move|p2b: Volcarona|Fiery Dance|p1a: Miraidon
|-damage|p1a: Miraidon|71/100
|-boost|p2b: Volcarona|spa|1
|move|p1b: Ogerpon|Encore|p2b: Volcarona
|-start|p2b: Volcarona|Encore
|
|upkeep
|
|t:|1750861134
|switch|p2a: Iron Hands|Iron Hands, L50|100/100
|-activate|p2a: Iron Hands|ability: Quark Drive
|-start|p2a: Iron Hands|quarkdriveatk
|turn|3
|
|t:|1750861149
|switch|p1a: Volcarona|Volcarona, L50, M, shiny|100/100
|-enditem|p1a: Volcarona|Electric Seed
|-boost|p1a: Volcarona|def|1|[from] item: Electric Seed
|move|p2a: Iron Hands|Fake Out|p1a: Volcarona
|-damage|p1a: Volcarona|85/100
|move|p2b: Volcarona|Fiery Dance|p1b: Ogerpon
|-supereffective|p1b: Ogerpon
|-damage|p1b: Ogerpon|0 fnt
|-boost|p2b: Volcarona|spa|1
|faint|p1b: Ogerpon
|
|-end|p2b: Volcarona|move: Taunt
|upkeep
|
|t:|1750861155
|switch|p1b: Rillaboom|Rillaboom, L50, M|100/100
|-fieldstart|move: Grassy Terrain|[from] ability: Grassy Surge|[of] p1b: Rillaboom
|-end|p2a: Iron Hands|Quark Drive
|turn|4
|
|t:|1750861179
|move|p1b: Rillaboom|Fake Out|p2b: Volcarona
|-damage|p2b: Volcarona|86/100
|-status|p1b: Rillaboom|brn|[from] ability: Flame Body|[of] p2b: Volcarona
|move|p1a: Volcarona|Quiver Dance|p1a: Volcarona
|-boost|p1a: Volcarona|spa|1
|-boost|p1a: Volcarona|spd|1
|-boost|p1a: Volcarona|spe|1
|cant|p2b: Volcarona|flinch
|move|p2a: Iron Hands|Drain Punch|p1b: Rillaboom
|-damage|p1b: Rillaboom|58/100 brn
|
|-heal|p1a: Volcarona|91/100|[from] Grassy Terrain
|-heal|p2b: Volcarona|92/100|[from] Grassy Terrain
|-heal|p2b: Volcarona|98/100|[from] item: Leftovers
|-heal|p1b: Rillaboom|64/100 brn|[from] Grassy Terrain
|-damage|p1b: Rillaboom|58/100 brn|[from] brn
|upkeep
|turn|5
|inactive|ALVARITOKINGG has 30 seconds left.
|inactive|gundi8 has 30 seconds left.
|inactive|ALVARITOKINGG has 20 seconds left.
|inactive|ALVARITOKINGG has 15 seconds left.
|inactive|ALVARITOKINGG has 10 seconds left.
|inactive|ALVARITOKINGG has 5 seconds left.
|
|t:|1750861230
|move|p1a: Volcarona|Fiery Dance|p2b: Volcarona
|-damage|p2b: Volcarona|62/100
|-boost|p1a: Volcarona|spa|1
|move|p2b: Volcarona|Fiery Dance|p1a: Volcarona
|-damage|p1a: Volcarona|51/100
|-boost|p2b: Volcarona|spa|1
|move|p1b: Rillaboom|U-turn|p2b: Volcarona
|-resisted|p2b: Volcarona
|-crit|p2b: Volcarona
|-damage|p2b: Volcarona|53/100
|
|t:|1750861235
|switch|p1b: Miraidon|Miraidon, L50, tera:Electric|71/100|[from] U-turn
|-fieldstart|move: Electric Terrain|[from] ability: Hadron Engine|[of] p1b: Miraidon
|-activate|p2a: Iron Hands|ability: Quark Drive
|-start|p2a: Iron Hands|quarkdriveatk
|move|p2a: Iron Hands|Drain Punch|p1b: Miraidon
|-damage|p1b: Miraidon|23/100
|
|-heal|p2b: Volcarona|60/100|[from] item: Leftovers
|-end|p2b: Volcarona|Encore
|upkeep
|turn|6
|inactive|ALVARITOKINGG has 30 seconds left.
|inactive|ALVARITOKINGG has 20 seconds left.
|inactive|ALVARITOKINGG has 15 seconds left.
|inactive|ALVARITOKINGG has 10 seconds left.
|
|t:|1750861284
|move|p1b: Miraidon|Volt Switch|p2a: Iron Hands
|-resisted|p2a: Iron Hands
|-damage|p2a: Iron Hands|86/100
|
|t:|1750861287
|switch|p1b: Rillaboom|Rillaboom, L50, M|58/100 brn|[from] Volt Switch
|-fieldstart|move: Grassy Terrain|[from] ability: Grassy Surge|[of] p1b: Rillaboom
|-end|p2a: Iron Hands|Quark Drive
|move|p1a: Volcarona|Fiery Dance|p2a: Iron Hands
|-damage|p2a: Iron Hands|63/100
|move|p2b: Volcarona|Struggle Bug|p1a: Volcarona|[spread] p1a,p1b
|-resisted|p1a: Volcarona
|-supereffective|p1b: Rillaboom
|-damage|p1a: Volcarona|40/100
|-damage|p1b: Rillaboom|2/100 brn
|-unboost|p1a: Volcarona|spa|1
|-unboost|p1b: Rillaboom|spa|1
|move|p2a: Iron Hands|Drain Punch|p1b: Rillaboom
|-damage|p1b: Rillaboom|0 fnt
|-heal|p2a: Iron Hands|64/100|[from] drain|[of] p1b: Rillaboom
|faint|p1b: Rillaboom
|
|-heal|p1a: Volcarona|46/100|[from] Grassy Terrain
|-heal|p2b: Volcarona|66/100|[from] Grassy Terrain
|-heal|p2b: Volcarona|72/100|[from] item: Leftovers
|-heal|p2a: Iron Hands|70/100|[from] Grassy Terrain
|upkeep
|
|t:|1750861292
|switch|p1b: Miraidon|Miraidon, L50, tera:Electric|23/100
|-fieldstart|move: Electric Terrain|[from] ability: Hadron Engine|[of] p1b: Miraidon
|-activate|p2a: Iron Hands|ability: Quark Drive
|-start|p2a: Iron Hands|quarkdriveatk
|turn|7
|
|t:|1750861315
|move|p1b: Miraidon|Draco Meteor|p2a: Iron Hands
|-damage|p2a: Iron Hands|37/100
|-unboost|p1b: Miraidon|spa|2
|move|p1a: Volcarona|Fiery Dance|p2a: Iron Hands
|-damage|p2a: Iron Hands|19/100
|-boost|p1a: Volcarona|spa|1
|move|p2b: Volcarona|Struggle Bug|p1a: Volcarona|[spread] p1a,p1b
|-resisted|p1a: Volcarona
|-damage|p1a: Volcarona|32/100
|-damage|p1b: Miraidon|0 fnt
|-unboost|p1a: Volcarona|spa|1
|faint|p1b: Miraidon
|move|p2a: Iron Hands|Drain Punch|p1a: Volcarona
|-resisted|p1a: Volcarona
|-damage|p1a: Volcarona|11/100
|-heal|p2a: Iron Hands|27/100|[from] drain|[of] p1a: Volcarona
|-status|p2a: Iron Hands|brn|[from] ability: Flame Body|[of] p1a: Volcarona
|
|-heal|p2b: Volcarona|78/100|[from] item: Leftovers
|-damage|p2a: Iron Hands|21/100 brn|[from] brn
|upkeep
|turn|8
|-message|gundi8 forfeited.
|
|win|ALVARITOKINGG
|raw|gundi8's rating: 1549 &rarr; <strong>1522</strong><br />(-27 for losing)
|raw|ALVARITOKINGG's rating: 1431 &rarr; <strong>1458</strong><br />(+27 for winning)
