|j|☆WrestlingDemon
|j|☆cream 670
|t:|1750816685
|gametype|doubles
|player|p1|WrestlingDemon|hiker-gen4|1507
|player|p2|cream 670|kimonogirl|1426
|teamsize|p1|6
|teamsize|p2|6
|gen|9
|tier|[Gen 9] VGC 2025 Reg I
|rated|
|rule|Species Clause: Limit one of each Pokémon
|rule|Item Clause: Limit 1 of each item
|clearpoke
|poke|p1|Calyrex-Ice, L50|
|poke|p1|Kyogre, L50|
|poke|p1|Grimmsnarl, L50, M|
|poke|p1|Landorus, L50, M|
|poke|p1|Talonflame, L50, M|
|poke|p1|Rillaboom, L50, M|
|poke|p2|Rillaboom, L50, M|
|poke|p2|Koraidon, L50|
|poke|p2|Incineroar, L50, M|
|poke|p2|Calyrex-Ice, L50|
|poke|p2|Volcarona, L50, F|
|poke|p2|Sandy Shocks, L50|
|teampreview|4
|inactive|Battle timer is ON: inactive players will automatically lose when time's up. (requested by WrestlingDemon)
|inactive|WrestlingDemon has 60 seconds left.
|inactive|cream 670 has 60 seconds left.
WrestlingDemon rejected open team sheets.
|
|t:|1750816738
|start
|switch|p1a: Talonflame|Talonflame, L50, M|100/100
|switch|p1b: Landorus|Landorus, L50, M|100/100
|switch|p2a: Calyrex|Calyrex-Ice, L50|100/100
|switch|p2b: Sandy Shocks|Sandy Shocks, L50|100/100
|-ability|p2a: Calyrex|As One
|-ability|p2a: Calyrex|Unnerve
|turn|1
|inactive|cream 670 has 30 seconds left.
|
|t:|1750816764
|switch|p1a: Calyrex|Calyrex-Ice, L50|100/100
|-ability|p1a: Calyrex|As One
|-ability|p1a: Calyrex|Unnerve
|move|p1b: Landorus|Earth Power|p2b: Sandy Shocks
|-supereffective|p2b: Sandy Shocks
|-enditem|p2b: Sandy Shocks|Focus Sash
|-damage|p2b: Sandy Shocks|1/100
|move|p2b: Sandy Shocks|Thunderbolt|p1b: Landorus
|-immune|p1b: Landorus
|move|p2a: Calyrex|Glacial Lance|p1b: Landorus|[spread] p1a,p1b
|-resisted|p1a: Calyrex
|-supereffective|p1b: Landorus
|-damage|p1a: Calyrex|83/100
|-damage|p1b: Landorus|0 fnt
|faint|p1b: Landorus
|-ability|p2a: Calyrex|Chilling Neigh|boost
|-boost|p2a: Calyrex|atk|1
|
|-heal|p1a: Calyrex|89/100|[from] item: Leftovers
|upkeep
|
|t:|1750816788
|switch|p1b: Kyogre|Kyogre, L50|100/100
|-weather|RainDance|[from] ability: Drizzle|[of] p1b: Kyogre
|turn|2
|
|t:|1750816805
|move|p2a: Calyrex|Protect|p2a: Calyrex
|-singleturn|p2a: Calyrex|Protect
|move|p1b: Kyogre|Water Spout|p2a: Calyrex|[spread] p2b
|-activate|p2a: Calyrex|move: Protect
|-supereffective|p2b: Sandy Shocks
|-damage|p2b: Sandy Shocks|0 fnt
|faint|p2b: Sandy Shocks
|-end|p2b: Sandy Shocks|Protosynthesis|[silent]
|move|p1a: Calyrex|Leech Seed|p2a: Calyrex
|-activate|p2a: Calyrex|move: Protect
|
|-weather|RainDance|[upkeep]
|-heal|p1a: Calyrex|95/100|[from] item: Leftovers
|upkeep
|
|t:|1750816814
|switch|p2b: コライドンv|Koraidon, L50|100/100
|-weather|SunnyDay|[from] ability: Orichalcum Pulse|[of] p2b: コライドンv
|-activate|p2b: コライドンv|Orichalcum Pulse|[source]
|turn|3
|
|t:|1750816822
|switch|p1b: Talonflame|Talonflame, L50, M|100/100
|-terastallize|p1a: Calyrex|Water
|move|p2b: コライドンv|Close Combat|p1a: Calyrex
|-damage|p1a: Calyrex|20/100
|-unboost|p2b: コライドンv|def|1
|-unboost|p2b: コライドンv|spd|1
|-damage|p2b: コライドンv|91/100|[from] item: Life Orb
|move|p2a: Calyrex|Glacial Lance|p1b: Talonflame|[spread] p1a,p1b
|-resisted|p1a: Calyrex
|-damage|p1a: Calyrex|0 fnt
|-enditem|p1b: Talonflame|Focus Sash
|-damage|p1b: Talonflame|1/100
|faint|p1a: Calyrex
|-ability|p2a: Calyrex|Chilling Neigh|boost
|-boost|p2a: Calyrex|atk|1
|
|-weather|SunnyDay|[upkeep]
|upkeep
|
|t:|1750816827
|switch|p1a: Kyogre|Kyogre, L50|100/100
|-weather|RainDance|[from] ability: Drizzle|[of] p1a: Kyogre
|turn|4
|
|t:|1750816837
|switch|p2b: Volcarona|Volcarona, L50, F|100/100
|move|p2a: Calyrex|Protect|p2a: Calyrex
|-singleturn|p2a: Calyrex|Protect
|move|p1b: Talonflame|Feint|p2a: Calyrex
|-activate|p2a: Calyrex|move: Feint
|-damage|p2a: Calyrex|95/100
|move|p1a: Kyogre|Water Spout|p2b: Volcarona|[spread] p2a,p2b
|-supereffective|p2b: Volcarona
|-damage|p2a: Calyrex|27/100
|-damage|p2b: Volcarona|0 fnt
|faint|p2b: Volcarona
|
|-weather|RainDance|[upkeep]
|upkeep
|
|t:|1750816845
|switch|p2b: コライドンv|Koraidon, L50|91/100
|-weather|SunnyDay|[from] ability: Orichalcum Pulse|[of] p2b: コライドンv
|-activate|p2b: コライドンv|Orichalcum Pulse|[source]
|turn|5
|
|t:|1750816866
|move|p1a: Kyogre|Water Spout|p2a: Calyrex|[spread] p2a,p2b
|-resisted|p2b: コライドンv
|-damage|p2a: Calyrex|6/100
|-damage|p2b: コライドンv|75/100
|move|p2b: コライドンv|Flame Charge|p1b: Talonflame
|-resisted|p1b: Talonflame
|-damage|p1b: Talonflame|0 fnt
|-boost|p2b: コライドンv|spe|1
|faint|p1b: Talonflame
|-damage|p2b: コライドンv|65/100|[from] item: Life Orb
|move|p2a: Calyrex|Glacial Lance|p1a: Kyogre
|-resisted|p1a: Kyogre
|-damage|p1a: Kyogre|22/100
|
|-weather|SunnyDay|[upkeep]
|upkeep
|turn|6
|-message|WrestlingDemon forfeited.
|
|win|cream 670
|raw|WrestlingDemon's rating: 1507 &rarr; <strong>1482</strong><br />(-25 for losing)
|raw|cream 670's rating: 1426 &rarr; <strong>1451</strong><br />(+25 for winning)
|l|☆WrestlingDemon
|player|p1|
