|j|☆Rammburglar
|j|☆rensolari
|t:|1750774575
|gametype|doubles
|player|p1|Rammburglar|2|1137
|player|p2|rensolari|102|1055
|teamsize|p1|6
|teamsize|p2|6
|gen|9
|tier|[Gen 9] VGC 2025 Reg I
|rated|
|rule|Species Clause: Limit one of each Pokémon
|rule|Item Clause: Limit 1 of each item
|clearpoke
|poke|p1|Miraidon, L50|
|poke|p1|Ariados, L50, F|
|poke|p1|Incineroar, L50, M|
|poke|p1|Primarina, L50, F|
|poke|p1|Ursaluna, L50, M|
|poke|p1|Necrozma-Dusk-Mane, L50|
|poke|p2|Calyrex-Ice, L50|
|poke|p2|Miraidon, L50|
|poke|p2|Grimmsnarl, L50, M|
|poke|p2|Urshifu-*, L50, F|
|poke|p2|Incineroar, L50, F|
|poke|p2|Landorus, L50, M|
|teampreview|4
|inactive|Battle timer is ON: inactive players will automatically lose when time's up. (requested by Rammburglar)
rensolari has agreed to open team sheets.
|inactive|rensolari has 60 seconds left.
|
|t:|1750774630
|start
|switch|p1a: Ariados|Ariados, L50, F, shiny|100/100
|switch|p1b: Incineroar|Incineroar, L50, M|100/100
|switch|p2a: Miraidon|Miraidon, L50|100/100
|switch|p2b: Urshifu|Urshifu-Rapid-Strike, L50, F|100/100
|-fieldstart|move: Electric Terrain|[from] ability: Hadron Engine|[of] p2a: Miraidon
|-ability|p1b: Incineroar|Intimidate|boost
|-unboost|p2a: Miraidon|atk|1
|-unboost|p2b: Urshifu|atk|1
|turn|1
|inactive|Rammburglar has 30 seconds left.
|inactive|rensolari has 30 seconds left.
|inactive|rensolari has 20 seconds left.
|inactive|rensolari has 15 seconds left.
|inactive|rensolari has 10 seconds left.
|
|t:|1750774677
|switch|p2a: Incineroar|Incineroar, L50, F|100/100
|-ability|p2a: Incineroar|Intimidate|boost
|-unboost|p1a: Ariados|atk|1
|-unboost|p1b: Incineroar|atk|1
|-terastallize|p2b: Urshifu|Ghost
|move|p1b: Incineroar|Fake Out|p2b: Urshifu
|-immune|p2b: Urshifu
|move|p2b: Urshifu|Surging Strikes|p1b: Incineroar
|-supereffective|p1b: Incineroar
|-crit|p1b: Incineroar
|-damage|p1b: Incineroar|53/100
|-supereffective|p1b: Incineroar
|-crit|p1b: Incineroar
|-damage|p1b: Incineroar|2/100
|-supereffective|p1b: Incineroar
|-crit|p1b: Incineroar
|-damage|p1b: Incineroar|0 fnt
|faint|p1b: Incineroar
|-hitcount|p1: Incineroar|3
|move|p1a: Ariados|Megahorn|p2a: Incineroar
|-damage|p2a: Incineroar|64/100
|
|upkeep
|
|t:|1750774700
|switch|p1b: Primarina|Primarina, L50, F|100/100
|turn|2
|
|t:|1750774718
|move|p2a: Incineroar|Fake Out|p1b: Primarina
|-damage|p1b: Primarina|90/100
|move|p1a: Ariados|Sucker Punch|p2b: Urshifu
|-supereffective|p2b: Urshifu
|-damage|p2b: Urshifu|76/100
|move|p2b: Urshifu|Surging Strikes|p1a: Ariados
|-crit|p1a: Ariados
|-damage|p1a: Ariados|60/100
|-crit|p1a: Ariados
|-damage|p1a: Ariados|15/100
|-crit|p1a: Ariados
|-damage|p1a: Ariados|0 fnt
|faint|p1a: Ariados
|-hitcount|p1: Ariados|3
|cant|p1b: Primarina|flinch
|
|upkeep
|
|t:|1750774733
|switch|p1a: Ursaluna|Ursaluna, L50, M|100/100
|turn|3
|inactive|rensolari has 30 seconds left.
|
|t:|1750774759
|move|p2a: Incineroar|Knock Off|p1a: Ursaluna
|-damage|p1a: Ursaluna|70/100
|-enditem|p1a: Ursaluna|Flame Orb|[from] move: Knock Off|[of] p2a: Incineroar
|move|p2b: Urshifu|Surging Strikes|p1a: Ursaluna
|-supereffective|p1a: Ursaluna
|-crit|p1a: Ursaluna
|-damage|p1a: Ursaluna|25/100
|-supereffective|p1a: Ursaluna
|-crit|p1a: Ursaluna
|-damage|p1a: Ursaluna|0 fnt
|faint|p1a: Ursaluna
|-hitcount|p1: Ursaluna|2
|move|p1b: Primarina|Moonblast|p2b: Urshifu
|-damage|p2b: Urshifu|19/100
|-unboost|p2b: Urshifu|spa|1
|
|upkeep
|turn|4
|inactive|rensolari has 30 seconds left.
|
|t:|1750774792
|switch|p2b: Calyrex|Calyrex-Ice, L50|100/100
|-ability|p2b: Calyrex|As One
|-ability|p2b: Calyrex|Unnerve
|move|p2a: Incineroar|U-turn|p1b: Primarina
|-resisted|p1b: Primarina
|-damage|p1b: Primarina|79/100
|
|t:|1750774802
|switch|p2a: Urshifu|Urshifu-Rapid-Strike, L50, F, tera:Ghost|19/100|[from] U-turn
|move|p1b: Primarina|Water Pledge|p2a: Urshifu
|-damage|p2a: Urshifu|0 fnt
|faint|p2a: Urshifu
|
|upkeep
|
|t:|1750774816
|switch|p2a: Incineroar|Incineroar, L50, F|64/100
|-ability|p2a: Incineroar|Intimidate|boost
|-unboost|p1b: Primarina|atk|1
|turn|5
|
|t:|1750774834
|move|p1b: Primarina|Protect|p1b: Primarina
|-singleturn|p1b: Primarina|Protect
|move|p2a: Incineroar|Fake Out|p1b: Primarina
|-activate|p1b: Primarina|move: Protect
|move|p2b: Calyrex|Glacial Lance|p1b: Primarina
|-activate|p1b: Primarina|move: Protect
|
|-fieldend|move: Electric Terrain
|upkeep
|turn|6
|
|t:|1750774850
|move|p2b: Calyrex|Protect|p2b: Calyrex
|-singleturn|p2b: Calyrex|Protect
|move|p2a: Incineroar|U-turn|p1b: Primarina
|-resisted|p1b: Primarina
|-damage|p1b: Primarina|68/100
|
|t:|1750774855
|switch|p2a: Miraidon|Miraidon, L50|100/100|[from] U-turn
|-fieldstart|move: Electric Terrain|[from] ability: Hadron Engine|[of] p2a: Miraidon
|move|p1b: Primarina|Water Pledge|p2b: Calyrex
|-activate|p2b: Calyrex|move: Protect
|
|upkeep
|turn|7
|
|t:|1750774873
|move|p2a: Miraidon|Electro Drift|p1b: Primarina
|-supereffective|p1b: Primarina
|-damage|p1b: Primarina|0 fnt
|faint|p1b: Primarina
|
|win|rensolari
|raw|Rammburglar's rating: 1137 &rarr; <strong>1106</strong><br />(-31 for losing)
|raw|rensolari's rating: 1055 &rarr; <strong>1094</strong><br />(+39 for winning)
|l|☆Rammburglar
|player|p1|
|c|☆rensolari|gg!
