|j|☆CallMeLexi
|j|☆naibot2814
|t:|1750797239
|gametype|doubles
|player|p1|CallMeLexi|266|1510
|player|p2|naibot2814|ghetsis|1655
|teamsize|p1|6
|teamsize|p2|6
|gen|9
|tier|[Gen 9] VGC 2025 Reg I
|rated|
|rule|Species Clause: Limit one of each Pokémon
|rule|Item Clause: Limit 1 of each item
|clearpoke
|poke|p1|Koraidon, L50|
|poke|p1|Lilligant-Hisui, L50, F|
|poke|p1|Calyrex-Ice, L50|
|poke|p1|Incineroar, L50, F|
|poke|p1|Indeedee-F, L50, F|
|poke|p1|Walking Wake, L50|
|poke|p2|Zamazenta-*, L50|
|poke|p2|Ogerpon-Hearthflame, L50, F|
|poke|p2|Calyrex-Shadow, L50|
|poke|p2|Incineroar, L50, M|
|poke|p2|Rillaboom, L50, M|
|poke|p2|Raging Bolt, L50|
|teampreview|4
|inactive|Battle timer is ON: inactive players will automatically lose when time's up. (requested by CallMeLexi)
|inactive|CallMeLexi has 60 seconds left.
|
|t:|1750797280
|start
|switch|p1a: Walking Wake|Walking Wake, L50|100/100
|switch|p1b: Koraidon|Koraidon, L50|100/100
|switch|p2a: Calyrex|Calyrex-Shadow, L50|100/100
|switch|p2b: Incineroar|Incineroar, L50, M|100/100
|-ability|p2a: Calyrex|As One
|-ability|p2a: Calyrex|Unnerve
|-weather|SunnyDay|[from] ability: Orichalcum Pulse|[of] p1b: Koraidon
|-activate|p1a: Walking Wake|ability: Protosynthesis
|-start|p1a: Walking Wake|protosynthesisspe
|-activate|p1b: Koraidon|Orichalcum Pulse|[source]
|-ability|p2b: Incineroar|Intimidate|boost
|-unboost|p1a: Walking Wake|atk|1
|-fail|p1b: Koraidon|unboost|[from] item: Clear Amulet|[of] p1b: Koraidon
|turn|1
|inactive|naibot2814 has 30 seconds left.
|
|t:|1750797313
|switch|p1b: Incineroar|Incineroar, L50, F|100/100
|-ability|p1b: Incineroar|Intimidate|boost
|-unboost|p2a: Calyrex|atk|1
|-unboost|p2b: Incineroar|atk|1
|move|p2b: Incineroar|Fake Out|p1a: Walking Wake
|-damage|p1a: Walking Wake|93/100
|cant|p1a: Walking Wake|flinch
|move|p2a: Calyrex|Astral Barrage|p1b: Incineroar|[spread] p1a,p1b
|-resisted|p1b: Incineroar
|-damage|p1a: Walking Wake|48/100
|-damage|p1b: Incineroar|68/100
|-damage|p2a: Calyrex|91/100|[from] item: Life Orb
|
|-weather|SunnyDay|[upkeep]
|upkeep
|turn|2
|
|t:|1750797332
|switch|p2b: Zamazenta|Zamazenta-Crowned, L50|100/100
|-ability|p2b: Zamazenta|Dauntless Shield|boost
|-boost|p2b: Zamazenta|def|1
|move|p2a: Calyrex|Protect|p2a: Calyrex
|-singleturn|p2a: Calyrex|Protect
|move|p1b: Incineroar|Fake Out|p2b: Zamazenta
|-resisted|p2b: Zamazenta
|-damage|p2b: Zamazenta|98/100
|move|p1a: Walking Wake|Snarl|p2a: Calyrex|[spread] p2b
|-activate|p2a: Calyrex|move: Protect
|-resisted|p2b: Zamazenta
|-damage|p2b: Zamazenta|94/100
|-unboost|p2b: Zamazenta|spa|1
|
|-weather|SunnyDay|[upkeep]
|upkeep
|turn|3
|
|t:|1750797352
|switch|p2a: Incineroar|Incineroar, L50, M|100/100
|-ability|p2a: Incineroar|Intimidate|boost
|-unboost|p1a: Walking Wake|atk|1
|-unboost|p1b: Incineroar|atk|1
|move|p1a: Walking Wake|Flamethrower|p2b: Zamazenta
|-supereffective|p2b: Zamazenta
|-damage|p2b: Zamazenta|33/100
|move|p2b: Zamazenta|Body Press|p1b: Incineroar
|-supereffective|p1b: Incineroar
|-crit|p1b: Incineroar
|-damage|p1b: Incineroar|0 fnt
|-damage|p2b: Zamazenta|16/100|[from] item: Rocky Helmet|[of] p1b: Incineroar
|faint|p1b: Incineroar
|
|-weather|SunnyDay|[upkeep]
|upkeep
|inactive|CallMeLexi has 30 seconds left.
|
|t:|1750797378
|switch|p1b: Koraidon|Koraidon, L50|100/100
|-activate|p1b: Koraidon|ability: Orichalcum Pulse
|turn|4
|
|t:|1750797387
|-end|p1a: Walking Wake|Protosynthesis|[silent]
|switch|p1a: Calyrex|Calyrex-Ice, L50|100/100
|-ability|p1a: Calyrex|As One
|-ability|p1a: Calyrex|Unnerve
|move|p2a: Incineroar|Fake Out|p1a: Calyrex
|-damage|p1a: Calyrex|94/100
|move|p1b: Koraidon|Collision Course|p2a: Incineroar
|-supereffective|p2a: Incineroar
|-damage|p2a: Incineroar|0 fnt
|-damage|p1b: Koraidon|84/100|[from] item: Rocky Helmet|[of] p2a: Incineroar
|faint|p2a: Incineroar
|move|p2b: Zamazenta|Body Press|p1a: Calyrex
|-damage|p1a: Calyrex|53/100
|
|-weather|SunnyDay|[upkeep]
|-heal|p1a: Calyrex|59/100|[from] item: Leftovers
|upkeep
|
|t:|1750797404
|switch|p2a: Calyrex|Calyrex-Shadow, L50|91/100
|-ability|p2a: Calyrex|As One
|-ability|p2a: Calyrex|Unnerve
|turn|5
|
|t:|1750797422
|switch|p1b: Walking Wake|Walking Wake, L50|48/100
|-activate|p1b: Walking Wake|ability: Protosynthesis
|-start|p1b: Walking Wake|protosynthesisspe
|move|p1a: Calyrex|Protect|p1a: Calyrex
|-singleturn|p1a: Calyrex|Protect
|move|p2a: Calyrex|Astral Barrage|p1b: Walking Wake|[spread] p1b
|-activate|p1a: Calyrex|move: Protect
|-damage|p1b: Walking Wake|0 fnt
|faint|p1b: Walking Wake
|-end|p1b: Walking Wake|Protosynthesis|[silent]
|-ability|p2a: Calyrex|Grim Neigh|boost
|-boost|p2a: Calyrex|spa|1
|-damage|p2a: Calyrex|81/100|[from] item: Life Orb
|move|p2b: Zamazenta|Body Press|p1a: Calyrex
|-activate|p1a: Calyrex|move: Protect
|
|-weather|none
|-heal|p1a: Calyrex|65/100|[from] item: Leftovers
|upkeep
|-message|CallMeLexi forfeited.
|
|win|naibot2814
|raw|CallMeLexi's rating: 1510 &rarr; <strong>1498</strong><br />(-12 for losing)
|raw|naibot2814's rating: 1655 &rarr; <strong>1667</strong><br />(+12 for winning)
|l|☆CallMeLexi
|player|p1|
