|j|☆catsue
|j|☆Salsbug
|t:|1750824338
|gametype|doubles
|player|p1|catsue|roxie|1196
|player|p2|Salsbug|cynthia-gen4|1140
|teamsize|p1|6
|teamsize|p2|6
|gen|9
|tier|[Gen 9] VGC 2025 Reg I
|rated|
|rule|Species Clause: Limit one of each Pokémon
|rule|Item Clause: Limit 1 of each item
|clearpoke
|poke|p1|Miraidon, L50|
|poke|p1|Iron Leaves, L50|
|poke|p1|Orthworm, L50, M|
|poke|p1|Ho-Oh, L50|
|poke|p1|Sinistcha, L50|
|poke|p1|Incineroar, L50, M|
|poke|p2|Lunala, L50|
|poke|p2|Groudon, L50|
|poke|p2|Venusaur, L50, F|
|poke|p2|Ogerpon-Wellspring, L50, F|
|poke|p2|Flutter Mane, L50|
|poke|p2|Incineroar, L50, F|
|teampreview|4
|
|t:|1750824361
|start
|switch|p1a: Ho-Oh|Ho-Oh, L50|100/100
|switch|p1b: Incineroar|Incineroar, L50, M|100/100
|switch|p2a: Incineroar|Incineroar, L50, F|100/100
|switch|p2b: Groudon|Groudon, L50|100/100
|-weather|SunnyDay|[from] ability: Drought|[of] p2b: Groudon
|-ability|p2a: Incineroar|Intimidate|boost
|-unboost|p1a: Ho-Oh|atk|1
|-unboost|p1b: Incineroar|atk|1
|-ability|p1b: Incineroar|Intimidate|boost
|-unboost|p2a: Incineroar|atk|1
|-unboost|p2b: Groudon|atk|1
|turn|1
|inactive|Battle timer is ON: inactive players will automatically lose when time's up. (requested by Salsbug)
|
|t:|1750824380
|move|p2a: Incineroar|Fake Out|p1b: Incineroar
|-damage|p1b: Incineroar|94/100
|cant|p1b: Incineroar|flinch
|move|p2b: Groudon|Rock Slide|p1b: Incineroar|[spread] p1a,p1b
|-supereffective|p1a: Ho-Oh
|-supereffective|p1b: Incineroar
|-damage|p1a: Ho-Oh|46/100
|-damage|p1b: Incineroar|70/100
|move|p1a: Ho-Oh|Tailwind|p1a: Ho-Oh
|-sidestart|p1: catsue|move: Tailwind
|
|-weather|SunnyDay|[upkeep]
|upkeep
|turn|2
|
|t:|1750824395
|switch|p1a: Miraidon|Miraidon, L50|100/100
|-fieldstart|move: Electric Terrain|[from] ability: Hadron Engine|[of] p1a: Miraidon
|move|p2b: Groudon|Rock Slide|p1b: Incineroar|[spread] p1a,p1b
|-supereffective|p1b: Incineroar
|-damage|p1a: Miraidon|87/100
|-damage|p1b: Incineroar|47/100
|move|p1b: Incineroar|U-turn|p2b: Groudon
|-damage|p2b: Groudon|91/100
|
|t:|1750824408
|switch|p1b: Iron Leaves|Iron Leaves, L50|100/100|[from] U-turn
|-activate|p1b: Iron Leaves|ability: Quark Drive
|-start|p1b: Iron Leaves|quarkdriveatk
|move|p2a: Incineroar|Close Combat|p1b: Iron Leaves
|-resisted|p1b: Iron Leaves
|-damage|p1b: Iron Leaves|88/100
|-unboost|p2a: Incineroar|def|1
|-unboost|p2a: Incineroar|spd|1
|
|-weather|SunnyDay|[upkeep]
|upkeep
|turn|3
|
|t:|1750824423
|move|p1a: Miraidon|Volt Switch|p2a: Incineroar
|-damage|p2a: Incineroar|34/100
|
|t:|1750824427
|switch|p1a: Incineroar|Incineroar, L50, M|47/100|[from] Volt Switch
|-ability|p1a: Incineroar|Intimidate|boost
|-unboost|p2a: Incineroar|atk|1
|-unboost|p2b: Groudon|atk|1
|move|p1b: Iron Leaves|Leaf Blade|p2b: Groudon
|-supereffective|p2b: Groudon
|-damage|p2b: Groudon|0 fnt
|faint|p2b: Groudon
|-damage|p1b: Iron Leaves|79/100|[from] item: Life Orb
|move|p2a: Incineroar|Flare Blitz|p1b: Iron Leaves
|-supereffective|p1b: Iron Leaves
|-damage|p1b: Iron Leaves|0 fnt
|faint|p1b: Iron Leaves
|-end|p1b: Iron Leaves|Quark Drive|[silent]
|-damage|p2a: Incineroar|10/100|[from] Recoil
|
|-weather|SunnyDay|[upkeep]
|upkeep
|
|t:|1750824447
|switch|p1b: Ho-Oh|Ho-Oh, L50|79/100
|switch|p2b: Venusaur|Venusaur, L50, F|100/100
|turn|4
|
|t:|1750824456
|switch|p2a: Flutter Mane|Flutter Mane, L50|100/100
|-activate|p2a: Flutter Mane|ability: Protosynthesis
|-start|p2a: Flutter Mane|protosynthesisspe
|move|p2b: Venusaur|Protect|p2b: Venusaur
|-singleturn|p2b: Venusaur|Protect
|move|p1a: Incineroar|Fake Out|p2b: Venusaur
|-activate|p2b: Venusaur|move: Protect
|move|p1b: Ho-Oh|Tailwind||[still]
|-fail|p1b: Ho-Oh
|
|-weather|SunnyDay|[upkeep]
|-sideend|p1: catsue|move: Tailwind
|upkeep
|turn|5
|
|t:|1750824480
|move|p2a: Flutter Mane|Moonblast|p1a: Incineroar
|-damage|p1a: Incineroar|9/100
|move|p2b: Venusaur|Growth|p2b: Venusaur
|-boost|p2b: Venusaur|atk|2
|-boost|p2b: Venusaur|spa|2
|move|p1b: Ho-Oh|Tailwind|p1b: Ho-Oh
|-sidestart|p1: catsue|move: Tailwind
|move|p1a: Incineroar|U-turn|p2b: Venusaur
|-damage|p2b: Venusaur|74/100
|
|t:|1750824492
|switch|p1a: Miraidon|Miraidon, L50|87/100|[from] U-turn
|-activate|p1a: Miraidon|ability: Hadron Engine
|
|-weather|SunnyDay|[upkeep]
|upkeep
|turn|6
|
|t:|1750824503
|move|p2b: Venusaur|Protect|p2b: Venusaur
|-singleturn|p2b: Venusaur|Protect
|move|p1a: Miraidon|Volt Switch|p2a: Flutter Mane
|-damage|p2a: Flutter Mane|21/100
|
|t:|1750824506
|switch|p1a: Incineroar|Incineroar, L50, M|9/100|[from] Volt Switch
|-ability|p1a: Incineroar|Intimidate|boost
|-unboost|p2a: Flutter Mane|atk|1
|-unboost|p2b: Venusaur|atk|1
|move|p2a: Flutter Mane|Moonblast|p1a: Incineroar
|-damage|p1a: Incineroar|0 fnt
|faint|p1a: Incineroar
|move|p1b: Ho-Oh|Brave Bird|p2b: Venusaur
|-activate|p2b: Venusaur|move: Protect
|
|-weather|SunnyDay|[upkeep]
|-fieldend|move: Electric Terrain
|upkeep
|
|t:|1750824508
|switch|p1a: Miraidon|Miraidon, L50|87/100
|-fieldstart|move: Electric Terrain|[from] ability: Hadron Engine|[of] p1a: Miraidon
|turn|7
|
|t:|1750824518
|-terastallize|p1a: Miraidon|Fairy
|move|p1a: Miraidon|Dazzling Gleam|p2a: Flutter Mane|[spread] p2a,p2b
|-resisted|p2b: Venusaur
|-damage|p2a: Flutter Mane|0 fnt
|-damage|p2b: Venusaur|48/100
|faint|p2a: Flutter Mane
|-end|p2a: Flutter Mane|Protosynthesis|[silent]
|move|p2b: Venusaur|Weather Ball|p1a: Miraidon
|-damage|p1a: Miraidon|0 fnt
|faint|p1a: Miraidon
|-damage|p2b: Venusaur|38/100|[from] item: Life Orb
|move|p1b: Ho-Oh|Brave Bird|p2b: Venusaur
|-supereffective|p2b: Venusaur
|-damage|p2b: Venusaur|0 fnt
|faint|p2b: Venusaur
|-damage|p1b: Ho-Oh|70/100|[from] Recoil
|
|-weather|SunnyDay|[upkeep]
|upkeep
|
|t:|1750824520
|switch|p2b: Incineroar|Incineroar, L50, F|10/100
|-ability|p2b: Incineroar|Intimidate|boost
|-unboost|p1b: Ho-Oh|atk|1
|turn|8
|
|t:|1750824526
|move|p2b: Incineroar|Fake Out|p1b: Ho-Oh
|-damage|p1b: Ho-Oh|60/100
|move|p1b: Ho-Oh|Brave Bird|p2b: Incineroar
|-damage|p2b: Incineroar|0 fnt
|faint|p2b: Incineroar
|-damage|p1b: Ho-Oh|57/100|[from] Recoil
|
|win|catsue
|raw|catsue's rating: 1196 &rarr; <strong>1217</strong><br />(+21 for winning)
|raw|Salsbug's rating: 1140 &rarr; <strong>1119</strong><br />(-21 for losing)
|l|☆Salsbug
|player|p2|
|l|☆catsue
|player|p1|
