|j|☆Borislax
|j|☆mnarvz
|t:|1750724350
|gametype|doubles
|player|p1|Borislax|elesa|1521
|player|p2|mnarvz|1|1489
|teamsize|p1|6
|teamsize|p2|6
|gen|9
|tier|[Gen 9] VGC 2025 Reg I
|rated|
|rule|Species Clause: Limit one of each Pokémon
|rule|Item Clause: Limit 1 of each item
|clearpoke
|poke|p1|Rayquaza, L50|
|poke|p1|Chien-Pao, L50|
|poke|p1|Dondozo, L50, F|
|poke|p1|Tatsugiri, L50, M|
|poke|p1|Calyrex-Shadow, L50|
|poke|p1|Chi-Yu, L50|
|poke|p2|Groudon, L50|
|poke|p2|Indeedee-F, L50, F|
|poke|p2|Tornadus, L50, M|
|poke|p2|Lunala, L50|
|poke|p2|Flutter Mane, L50|
|poke|p2|Chi-Yu, L50|
|teampreview|4
Borislax has agreed to open team sheets.
mnarvz rejected open team sheets.
|inactive|Battle timer is ON: inactive players will automatically lose when time's up. (requested by mnarvz)
|
|t:|1750724389
|start
|switch|p1a: Oogie|Rayquaza, L50|100/100
|switch|p1b: Boogie|Chien-Pao, L50|100/100
|switch|p2a: Flutter Mane|Flutter Mane, L50|100/100
|switch|p2b: Chi-Yu|Chi-Yu, L50|100/100
|-ability|p1b: Boogie|Sword of Ruin
|-ability|p2b: Chi-Yu|Beads of Ruin
|-ability|p1a: Oogie|Air Lock
|turn|1
|j| LogoVGC
|
|t:|1750724411
|-terastallize|p1a: Oogie|Normal
|move|p1a: Oogie|Extreme Speed|p2b: Chi-Yu
|-damage|p2b: Chi-Yu|0 fnt
|faint|p2b: Chi-Yu
|move|p1b: Boogie|Sucker Punch|p2a: Flutter Mane
|-enditem|p2a: Flutter Mane|Focus Sash
|-damage|p2a: Flutter Mane|1/100
|move|p2a: Flutter Mane|Moonblast|p1b: Boogie
|-supereffective|p1b: Boogie
|-enditem|p1b: Boogie|Focus Sash
|-damage|p1b: Boogie|1/100
|
|upkeep
|
|t:|1750724422
|switch|p2b: Lunala|Lunala, L50|100/100
|turn|2
|inactive|Borislax has 30 seconds left.
|
|t:|1750724458
|switch|p1a: Gex|Chi-Yu, L50|100/100
|-ability|p1a: Gex|Beads of Ruin
|-terastallize|p2b: Lunala|Fairy
|move|p1b: Boogie|Sucker Punch|p2b: Lunala
|-resisted|p2b: Lunala
|-damage|p2b: Lunala|89/100
|move|p2a: Flutter Mane|Taunt|p1a: Gex
|-start|p1a: Gex|move: Taunt
|move|p2b: Lunala|Meteor Beam||[still]
|-prepare|p2b: Lunala|Meteor Beam
|-boost|p2b: Lunala|spa|1
|-enditem|p2b: Lunala|Power Herb
|-anim|p2b: Lunala|Meteor Beam|p1b: Boogie
|-supereffective|p1b: Boogie
|-damage|p1b: Boogie|0 fnt
|faint|p1b: Boogie
|
|upkeep
|
|t:|1750724470
|switch|p1b: Say Gex|Calyrex-Shadow, L50|100/100
|-ability|p1b: Say Gex|As One
|-ability|p1b: Say Gex|Unnerve
|turn|3
|inactive|Borislax has 30 seconds left.
|
|t:|1750724495
|move|p2a: Flutter Mane|Protect|p2a: Flutter Mane
|-singleturn|p2a: Flutter Mane|Protect
|move|p1a: Gex|Heat Wave|p2b: Lunala|[spread] p2b
|-activate|p2a: Flutter Mane|move: Protect
|-damage|p2b: Lunala|43/100
|move|p1b: Say Gex|Astral Barrage|p2a: Flutter Mane|[spread] p2b
|-activate|p2a: Flutter Mane|move: Protect
|-damage|p2b: Lunala|0 fnt
|faint|p2b: Lunala
|-ability|p1b: Say Gex|Grim Neigh|boost
|-boost|p1b: Say Gex|spa|1
|
|upkeep
|
|t:|1750724505
|switch|p2b: Groudon|Groudon, L50|100/100
|-weather|SunnyDay|[from] ability: Drought|[of] p2b: Groudon
|-activate|p2a: Flutter Mane|ability: Protosynthesis
|-start|p2a: Flutter Mane|protosynthesisspe
|turn|4
|
|t:|1750724513
|move|p2a: Flutter Mane|Moonblast|p1b: Say Gex
|-damage|p1b: Say Gex|32/100
|-unboost|p1b: Say Gex|spa|1
|move|p1a: Gex|Heat Wave|p2a: Flutter Mane|[spread] p2a,p2b
|-damage|p2a: Flutter Mane|0 fnt
|-damage|p2b: Groudon|9/100
|faint|p2a: Flutter Mane
|-end|p2a: Flutter Mane|Protosynthesis|[silent]
|move|p2b: Groudon|Precipice Blades|p1a: Gex|[spread] p1a,p1b
|-supereffective|p1a: Gex
|-damage|p1a: Gex|0 fnt
|-damage|p1b: Say Gex|0 fnt
|faint|p1a: Gex
|faint|p1b: Say Gex
|
|-weather|SunnyDay|[upkeep]
|upkeep
|
|t:|1750724523
|switch|p1b: Oogie|Rayquaza, L50, tera:Normal|100/100
|-ability|p1b: Oogie|Air Lock
|turn|5
|
|t:|1750724526
|move|p1b: Oogie|Extreme Speed|p2b: Groudon
|-damage|p2b: Groudon|0 fnt
|faint|p2b: Groudon
|
|win|Borislax
|raw|Borislax's rating: 1521 &rarr; <strong>1539</strong><br />(+18 for winning)
|raw|mnarvz's rating: 1489 &rarr; <strong>1471</strong><br />(-18 for losing)
|l|☆mnarvz
|player|p2|
