|j|☆herfandmerf
|j|☆Jack Adamstim
|t:|1750849895
|gametype|doubles
|player|p1|herfandmerf|1|1534
|player|p2|Jack Adamstim|wallace|1645
|teamsize|p1|6
|teamsize|p2|6
|gen|9
|tier|[Gen 9] VGC 2025 Reg I
|rated|
|rule|Species Clause: Limit one of each Pokémon
|rule|Item Clause: Limit 1 of each item
|clearpoke
|poke|p1|Kyogre, L50|
|poke|p1|Calyrex-Ice, L50|
|poke|p1|Regieleki, L50|
|poke|p1|Landorus, L50, M|
|poke|p1|Indeedee-F, L50, F|
|poke|p1|Gallade, L50, M|
|poke|p2|Calyrex-Shadow, L50|
|poke|p2|Zamazenta-*, L50|
|poke|p2|Incineroar, L50, M|
|poke|p2|Whimsicott, L50, F|
|poke|p2|Raging Bolt, L50|
|poke|p2|Rillaboom, L50, M|
|teampreview|4
|
|t:|1750849940
|start
|switch|p1a: Kyogre|Kyogre, L50|100/100
|switch|p1b: Indeedee|Indeedee-F, L50, F|100/100
|switch|p2a: Whimsicott|Whimsicott, L50, F|100/100
|switch|p2b: Calyrex|Calyrex-Shadow, L50|100/100
|-ability|p2b: Calyrex|As One
|-ability|p2b: Calyrex|Unnerve
|-weather|RainDance|[from] ability: Drizzle|[of] p1a: Kyogre
|-fieldstart|move: Psychic Terrain|[from] ability: Psychic Surge|[of] p1b: Indeedee
|turn|1
|
|t:|1750849973
|switch|p2a: Rillaboom|Rillaboom, L50, M, shiny|100/100
|-fieldstart|move: Grassy Terrain|[from] ability: Grassy Surge|[of] p2a: Rillaboom
|move|p2b: Calyrex|Astral Barrage|p1b: Indeedee|[spread] p1a
|-immune|p1b: Indeedee
|-damage|p1a: Kyogre|63/100
|move|p1a: Kyogre|Water Spout|p2a: Rillaboom|[spread] p2a,p2b
|-resisted|p2a: Rillaboom
|-damage|p2a: Rillaboom|74/100
|-damage|p2b: Calyrex|27/100
|move|p1b: Indeedee|Trick Room|p1b: Indeedee
|-fieldstart|move: Trick Room|[of] p1b: Indeedee
|
|-weather|RainDance|[upkeep]
|-heal|p2a: Rillaboom|80/100|[from] Grassy Terrain
|-heal|p1a: Kyogre|69/100|[from] Grassy Terrain
|-heal|p2b: Calyrex|33/100|[from] Grassy Terrain
|upkeep
|turn|2
|
|t:|1750850017
|switch|p1a: Calyrex|Calyrex-Ice, L50|100/100
|-ability|p1a: Calyrex|As One
|-ability|p1a: Calyrex|Unnerve
|move|p2b: Calyrex|Protect|p2b: Calyrex
|-singleturn|p2b: Calyrex|Protect
|move|p1b: Indeedee|Alluring Voice|p2b: Calyrex
|-activate|p2b: Calyrex|move: Protect
|move|p2a: Rillaboom|Wood Hammer|p1b: Indeedee
|-damage|p1b: Indeedee|28/100
|-damage|p2a: Rillaboom|63/100|[from] item: Rocky Helmet|[of] p1b: Indeedee
|-damage|p2a: Rillaboom|42/100|[from] Recoil
|
|-weather|RainDance|[upkeep]
|-heal|p1b: Indeedee|34/100|[from] Grassy Terrain
|-heal|p2a: Rillaboom|48/100|[from] Grassy Terrain
|-heal|p2b: Calyrex|39/100|[from] Grassy Terrain
|upkeep
|turn|3
|
|t:|1750850054
|switch|p1b: Landorus|Landorus, L50, M|100/100
|-terastallize|p2a: Rillaboom|Fire
|move|p2b: Calyrex|Protect|p2b: Calyrex
|-singleturn|p2b: Calyrex|Protect
|move|p1a: Calyrex|Glacial Lance|p2b: Calyrex|[spread] p2a
|-activate|p2b: Calyrex|move: Protect
|-resisted|p2a: Rillaboom
|-damage|p2a: Rillaboom|21/100
|move|p2a: Rillaboom|U-turn|p1b: Landorus
|-resisted|p1b: Landorus
|-damage|p1b: Landorus|88/100
|
|t:|1750850074
|switch|p2a: Zamazenta|Zamazenta-Crowned, L50|100/100|[from] U-turn
|-ability|p2a: Zamazenta|Dauntless Shield|boost
|-boost|p2a: Zamazenta|def|1
|
|-weather|RainDance|[upkeep]
|-heal|p2b: Calyrex|45/100|[from] Grassy Terrain
|upkeep
|turn|4
|
|t:|1750850128
|switch|p2b: Whimsicott|Whimsicott, L50, F|100/100
|move|p2a: Zamazenta|Protect|p2a: Zamazenta
|-singleturn|p2a: Zamazenta|Protect
|move|p1a: Calyrex|Seed Bomb|p2b: Whimsicott
|-resisted|p2b: Whimsicott
|-damage|p2b: Whimsicott|74/100
|move|p1b: Landorus|Earth Power|p2a: Zamazenta
|-activate|p2a: Zamazenta|move: Protect
|
|-weather|RainDance|[upkeep]
|-heal|p2b: Whimsicott|80/100|[from] Grassy Terrain
|upkeep
|turn|5
|
|t:|1750850179
|switch|p2a: Rillaboom|Rillaboom, L50, M, shiny, tera:Fire|21/100
|move|p2b: Whimsicott|Fake Tears|p1a: Calyrex
|-fail|p1a: Calyrex|unboost|[from] item: Clear Amulet|[of] p1a: Calyrex
|move|p1a: Calyrex|Glacial Lance|p2b: Whimsicott|[spread] p2a,p2b
|-resisted|p2a: Rillaboom
|-supereffective|p2b: Whimsicott
|-damage|p2a: Rillaboom|0 fnt
|-damage|p2b: Whimsicott|0 fnt
|faint|p2a: Rillaboom
|faint|p2b: Whimsicott
|-ability|p1a: Calyrex|Chilling Neigh|boost
|-boost|p1a: Calyrex|atk|2
|move|p1b: Landorus|Earth Power|p2: Rillaboom|[notarget]
|-fail|p1b: Landorus
|
|-weather|none
|-fieldend|move: Trick Room
|-fieldend|move: Grassy Terrain
|upkeep
|
|t:|1750850194
|switch|p2b: Zamazenta|Zamazenta-Crowned, L50|100/100
|switch|p2a: Calyrex|Calyrex-Shadow, L50|45/100
|-ability|p2a: Calyrex|As One
|-ability|p2a: Calyrex|Unnerve
|turn|6
|
|t:|1750850218
|-terastallize|p1a: Calyrex|Grass
|move|p2a: Calyrex|Astral Barrage|p1a: Calyrex|[spread] p1a,p1b
|-damage|p1a: Calyrex|65/100
|-damage|p1b: Landorus|26/100
|move|p2b: Zamazenta|Heavy Slam|p1b: Landorus
|-crit|p1b: Landorus
|-damage|p1b: Landorus|0 fnt
|faint|p1b: Landorus
|move|p1a: Calyrex|Trick Room|p1a: Calyrex
|-fieldstart|move: Trick Room|[of] p1a: Calyrex
|
|upkeep
|
|t:|1750850237
|switch|p1b: Kyogre|Kyogre, L50|69/100
|-weather|RainDance|[from] ability: Drizzle|[of] p1b: Kyogre
|turn|7
|
|t:|1750850249
|move|p1a: Calyrex|Protect|p1a: Calyrex
|-singleturn|p1a: Calyrex|Protect
|move|p1b: Kyogre|Protect|p1b: Kyogre
|-singleturn|p1b: Kyogre|Protect
|move|p2b: Zamazenta|Wide Guard|p2b: Zamazenta
|-singleturn|p2b: Zamazenta|Wide Guard
|move|p2a: Calyrex|Astral Barrage|p1b: Kyogre|[spread] 
|-activate|p1a: Calyrex|move: Protect
|-activate|p1b: Kyogre|move: Protect
|
|-weather|RainDance|[upkeep]
|upkeep
|turn|8
|
|t:|1750850280
|move|p2a: Calyrex|Protect|p2a: Calyrex
|-singleturn|p2a: Calyrex|Protect
|move|p1a: Calyrex|Seed Bomb|p2a: Calyrex
|-activate|p2a: Calyrex|move: Protect
|move|p1b: Kyogre|Hydro Pump|p2b: Zamazenta
|-damage|p2b: Zamazenta|8/100
|move|p2b: Zamazenta|Body Press|p1b: Kyogre
|-damage|p1b: Kyogre|16/100
|
|-weather|RainDance|[upkeep]
|upkeep
|turn|9
|
|t:|1750850306
|move|p1a: Calyrex|Seed Bomb|p2a: Calyrex
|-damage|p2a: Calyrex|0 fnt
|faint|p2a: Calyrex
|-ability|p1a: Calyrex|Chilling Neigh|boost
|-boost|p1a: Calyrex|atk|1
|move|p1b: Kyogre|Origin Pulse|p2b: Zamazenta
|-damage|p2b: Zamazenta|0 fnt
|faint|p2b: Zamazenta
|
|win|herfandmerf
|raw|herfandmerf's rating: 1534 &rarr; <strong>1560</strong><br />(+26 for winning)
|raw|Jack Adamstim's rating: 1645 &rarr; <strong>1619</strong><br />(-26 for losing)
|l|☆Jack Adamstim
|player|p2|
