|j|☆nsbnsb
|j|☆Anubis7vgc
|t:|1750802404
|gametype|doubles
|player|p1|nsbnsb|ghetsis|1405
|player|p2|Anubis7vgc|linebacker|1391
|teamsize|p1|6
|teamsize|p2|6
|gen|9
|tier|[Gen 9] VGC 2025 Reg I
|rated|
|rule|Species Clause: Limit one of each Pokémon
|rule|Item Clause: Limit 1 of each item
|clearpoke
|poke|p1|Calyrex-Shadow, L50|
|poke|p1|Zamazenta-*, L50|
|poke|p1|Rillaboom, L50, M|
|poke|p1|Raging Bolt, L50|
|poke|p1|Smeargle, L50, F|
|poke|p1|Tornadus, L50, M|
|poke|p2|Miraidon, L50|
|poke|p2|Groudon, L50|
|poke|p2|Volcarona, L50, M|
|poke|p2|Incineroar, L50, M|
|poke|p2|Ogerpon, L50, F|
|poke|p2|Flutter Mane, L50|
|teampreview|4
|inactive|Battle timer is ON: inactive players will automatically lose when time's up. (requested by Anubis7vgc)
|inactive|nsbnsb also wants the timer to be on.
nsbnsb has agreed to open team sheets.
|inactive|Anubis7vgc has 60 seconds left.
|inactive|Anubis7vgc has 30 seconds left.
|
|t:|1750802466
|start
|switch|p1a: Calyrex|Calyrex-Shadow, L50|100/100
|switch|p1b: Smeargle|Smeargle, L50, F|100/100
|switch|p2a: Miraidon|Miraidon, L50|100/100
|switch|p2b: Volcarona|Volcarona, L50, M|100/100
|-ability|p1a: Calyrex|As One
|-ability|p1a: Calyrex|Unnerve
|-fieldstart|move: Electric Terrain|[from] ability: Hadron Engine|[of] p2a: Miraidon
|-enditem|p2b: Volcarona|Electric Seed
|-boost|p2b: Volcarona|def|1|[from] item: Electric Seed
|turn|1
|inactive|Anubis7vgc has 30 seconds left.
|
|t:|1750802494
|move|p1b: Smeargle|Fake Out|p2a: Miraidon
|-damage|p2a: Miraidon|96/100
|move|p1a: Calyrex|Nasty Plot|p1a: Calyrex
|-boost|p1a: Calyrex|spa|2
|cant|p2a: Miraidon|flinch
|move|p2b: Volcarona|Struggle Bug|p1a: Calyrex|[spread] p1a,p1b
|-damage|p1a: Calyrex|81/100
|-damage|p1b: Smeargle|65/100
|-unboost|p1a: Calyrex|spa|1
|-unboost|p1b: Smeargle|spa|1
|
|-ability|p1b: Smeargle|Moody|boost
|-boost|p1b: Smeargle|spa|2
|-unboost|p1b: Smeargle|atk|1
|upkeep
|turn|2
|inactive|Anubis7vgc has 30 seconds left.
|
|t:|1750802524
|move|p1b: Smeargle|Follow Me|p1b: Smeargle
|-singleturn|p1b: Smeargle|move: Follow Me
|move|p1a: Calyrex|Astral Barrage|p2a: Miraidon|[spread] p2a,p2b
|-crit|p2b: Volcarona
|-damage|p2a: Miraidon|38/100
|-damage|p2b: Volcarona|0 fnt
|faint|p2b: Volcarona
|-ability|p1a: Calyrex|Grim Neigh|boost
|-boost|p1a: Calyrex|spa|1
|-damage|p1a: Calyrex|71/100|[from] item: Life Orb
|move|p2a: Miraidon|Volt Switch|p1b: Smeargle
|-damage|p1b: Smeargle|0 fnt
|faint|p1b: Smeargle
|
|t:|1750802538
|switch|p2a: Ogerpon|Ogerpon, L50, F|100/100|[from] Volt Switch
|
|upkeep
|
|t:|1750802544
|switch|p1b: Zamazenta|Zamazenta-Crowned, L50|100/100
|switch|p2b: Groudon|Groudon, L50|100/100
|-ability|p1b: Zamazenta|Dauntless Shield|boost
|-boost|p1b: Zamazenta|def|1
|-weather|SunnyDay|[from] ability: Drought|[of] p2b: Groudon
|turn|3
|
|t:|1750802557
|-terastallize|p2a: Ogerpon|Grass
|detailschange|p2a: Ogerpon|Ogerpon-Teal-Tera, L50, F, tera:Grass
|-ability|p2a: Ogerpon|Embody Aspect (Teal)|boost
|-boost|p2a: Ogerpon|spe|1
|move|p2a: Ogerpon|Ivy Cudgel|p1a: Calyrex
|-damage|p1a: Calyrex|0 fnt
|faint|p1a: Calyrex
|move|p1b: Zamazenta|Body Press|p2b: Groudon
|-crit|p2b: Groudon
|-damage|p2b: Groudon|27/100
|move|p2b: Groudon|Will-O-Wisp|p1b: Zamazenta
|-status|p1b: Zamazenta|brn
|
|-weather|SunnyDay|[upkeep]
|-damage|p1b: Zamazenta|94/100 brn|[from] brn
|upkeep
|
|t:|1750802563
|switch|p1a: Rillaboom|Rillaboom, L50, M|100/100
|-fieldstart|move: Grassy Terrain|[from] ability: Grassy Surge|[of] p1a: Rillaboom
|turn|4
|
|t:|1750802584
|move|p2a: Ogerpon|Spiky Shield|p2a: Ogerpon
|-singleturn|p2a: Ogerpon|move: Protect
|move|p1b: Zamazenta|Body Press|p2b: Groudon
|-damage|p2b: Groudon|4/100
|move|p2b: Groudon|Heat Crash|p1a: Rillaboom
|-supereffective|p1a: Rillaboom
|-damage|p1a: Rillaboom|0 fnt
|faint|p1a: Rillaboom
|
|-weather|SunnyDay|[upkeep]
|-heal|p1b: Zamazenta|100/100 brn|[from] Grassy Terrain
|-heal|p2b: Groudon|10/100|[from] Grassy Terrain
|-damage|p1b: Zamazenta|94/100 brn|[from] brn
|upkeep
|turn|5
|-message|nsbnsb forfeited.
|
|win|Anubis7vgc
|raw|nsbnsb's rating: 1419 &rarr; <strong>1397</strong><br />(-22 for losing)
|raw|Anubis7vgc's rating: 1391 &rarr; <strong>1413</strong><br />(+22 for winning)
|l|☆nsbnsb
|player|p1|
|l|☆Anubis7vgc
|player|p2|
