|j|☆NegaiFreak
|j|☆Saltsizzle
|t:|1750793321
|gametype|doubles
|player|p1|NegaiFreak|169|1424
|player|p2|Saltsizzle|266|1474
|teamsize|p1|6
|teamsize|p2|6
|gen|9
|tier|[Gen 9] VGC 2025 Reg I
|rated|
|rule|Species Clause: Limit one of each Pokémon
|rule|Item Clause: Limit 1 of each item
|clearpoke
|poke|p1|Lunala, L50|
|poke|p1|Koraidon, L50|
|poke|p1|Flutter Mane, L50|
|poke|p1|Farigiraf, L50, F|
|poke|p1|Incineroar, L50, M|
|poke|p1|Rillaboom, L50, M|
|poke|p2|Smeargle, L50, M|
|poke|p2|Calyrex-Ice, L50|
|poke|p2|Eternatus, L50|
|poke|p2|Mimikyu, L50, F|
|poke|p2|Grimmsnarl, L50, M|
|poke|p2|Incineroar, L50, F|
|teampreview|4
|inactive|Battle timer is ON: inactive players will automatically lose when time's up. (requested by Saltsizzle)
NegaiFreak has agreed to open team sheets.
|c|☆NegaiFreak|GLHF
|inactive|Saltsizzle has 60 seconds left.
|
|t:|1750793370
|start
|switch|p1a: Incineroar|Incineroar, L50, M|100/100
|switch|p1b: Lunala|Lunala, L50|100/100
|switch|p2a: Incineroar|Incineroar, L50, F, shiny|100/100
|switch|p2b: Eternatus|Eternatus, L50|100/100
|-ability|p2b: Eternatus|Pressure
|-ability|p1a: Incineroar|Intimidate|boost
|-unboost|p2a: Incineroar|atk|1
|-unboost|p2b: Eternatus|atk|1
|-ability|p2a: Incineroar|Intimidate|boost
|-unboost|p1a: Incineroar|atk|1
|-unboost|p1b: Lunala|atk|1
|turn|1
|
|t:|1750793387
|-terastallize|p1b: Lunala|Water
|move|p1a: Incineroar|Fake Out|p2b: Eternatus
|-damage|p2b: Eternatus|96/100
|cant|p2b: Eternatus|flinch
|move|p1b: Lunala|Calm Mind|p1b: Lunala
|-boost|p1b: Lunala|spa|1
|-boost|p1b: Lunala|spd|1
|move|p2a: Incineroar|Snarl|p1b: Lunala|[spread] p1a,p1b
|-resisted|p1a: Incineroar
|-crit|p1b: Lunala
|-damage|p1a: Incineroar|96/100
|-damage|p1b: Lunala|94/100
|-unboost|p1a: Incineroar|spa|1
|-unboost|p1b: Lunala|spa|1
|
|-heal|p2b: Eternatus|100/100|[from] item: Black Sludge
|-heal|p1b: Lunala|99/100|[from] item: Leftovers
|upkeep
|turn|2
|
|t:|1750793411
|move|p2b: Eternatus|Toxic|p1b: Lunala
|-status|p1b: Lunala|tox
|move|p1b: Lunala|Calm Mind|p1b: Lunala
|-boost|p1b: Lunala|spa|1
|-boost|p1b: Lunala|spd|1
|move|p1a: Incineroar|Parting Shot|p2b: Eternatus
|-unboost|p2b: Eternatus|atk|1
|-unboost|p2b: Eternatus|spa|1
|
|t:|1750793420
|switch|p1a: Koraidon|Koraidon, L50|100/100|[from] Parting Shot
|-weather|SunnyDay|[from] ability: Orichalcum Pulse|[of] p1a: Koraidon
|-activate|p1a: Koraidon|Orichalcum Pulse|[source]
|move|p2a: Incineroar|Snarl|p1b: Lunala|[spread] p1a,p1b
|-resisted|p1a: Koraidon
|-damage|p1a: Koraidon|94/100
|-damage|p1b: Lunala|96/100 tox
|-unboost|p1a: Koraidon|spa|1
|-unboost|p1b: Lunala|spa|1
|
|-weather|SunnyDay|[upkeep]
|-heal|p1b: Lunala|100/100 tox|[from] item: Leftovers
|-damage|p1b: Lunala|94/100 tox|[from] psn
|upkeep
|turn|3
|inactive|NegaiFreak has 30 seconds left.
|inactive|Saltsizzle has 30 seconds left.
|inactive|Saltsizzle has 20 seconds left.
|
|t:|1750793459
|switch|p2a: Grimmsnarl|Grimmsnarl, L50, M, shiny|100/100
|move|p2b: Eternatus|Protect|p2b: Eternatus
|-singleturn|p2b: Eternatus|Protect
|move|p1a: Koraidon|Close Combat|p2a: Grimmsnarl
|-damage|p2a: Grimmsnarl|0 fnt
|-unboost|p1a: Koraidon|def|1
|-unboost|p1a: Koraidon|spd|1
|faint|p2a: Grimmsnarl
|-damage|p1a: Koraidon|84/100|[from] item: Life Orb
|move|p1b: Lunala|Calm Mind|p1b: Lunala
|-boost|p1b: Lunala|spa|1
|-boost|p1b: Lunala|spd|1
|
|-weather|SunnyDay|[upkeep]
|-heal|p1b: Lunala|100/100 tox|[from] item: Leftovers
|-damage|p1b: Lunala|88/100 tox|[from] psn
|upkeep
|
|t:|1750793476
|switch|p2a: Incineroar|Incineroar, L50, F, shiny|100/100
|-ability|p2a: Incineroar|Intimidate|boost
|-unboost|p1a: Koraidon|atk|1
|-unboost|p1b: Lunala|atk|1
|turn|4
|
|t:|1750793490
|switch|p1a: Farigiraf|Farigiraf, L50, F|100/100
|move|p2a: Incineroar|Fake Out||[still]
|cant|p1a: Farigiraf|ability: Armor Tail|Fake Out|[of] p2a: Incineroar
|move|p2b: Eternatus|Toxic|p1a: Farigiraf
|-status|p1a: Farigiraf|tox
|move|p1b: Lunala|Moongeist Beam|p2b: Eternatus
|-damage|p2b: Eternatus|47/100
|
|-weather|SunnyDay|[upkeep]
|-heal|p2b: Eternatus|53/100|[from] item: Black Sludge
|-heal|p1b: Lunala|94/100 tox|[from] item: Leftovers
|-damage|p1b: Lunala|76/100 tox|[from] psn
|-damage|p1a: Farigiraf|94/100 tox|[from] psn
|upkeep
|turn|5
|inactive|NegaiFreak has 30 seconds left.
|
|t:|1750793520
|move|p2b: Eternatus|Recover|p2b: Eternatus
|-heal|p2b: Eternatus|100/100
|move|p1b: Lunala|Moongeist Beam|p2b: Eternatus
|-damage|p2b: Eternatus|48/100
|move|p1a: Farigiraf|Hyper Voice|p2a: Incineroar|[spread] p2a,p2b
|-damage|p2a: Incineroar|82/100
|-damage|p2b: Eternatus|32/100
|-enditem|p1a: Farigiraf|Throat Spray
|-boost|p1a: Farigiraf|spa|1|[from] item: Throat Spray
|move|p2a: Incineroar|Snarl|p1b: Lunala|[spread] p1a,p1b
|-supereffective|p1a: Farigiraf
|-damage|p1a: Farigiraf|71/100 tox
|-damage|p1b: Lunala|72/100 tox
|-unboost|p1a: Farigiraf|spa|1
|-unboost|p1b: Lunala|spa|1
|
|-weather|SunnyDay|[upkeep]
|-heal|p2b: Eternatus|38/100|[from] item: Black Sludge
|-heal|p1b: Lunala|78/100 tox|[from] item: Leftovers
|-damage|p1b: Lunala|54/100 tox|[from] psn
|-damage|p1a: Farigiraf|58/100 tox|[from] psn
|upkeep
|turn|6
|inactive|NegaiFreak has 30 seconds left.
|
|t:|1750793546
|move|p2b: Eternatus|Protect|p2b: Eternatus
|-singleturn|p2b: Eternatus|Protect
|move|p1b: Lunala|Moonblast|p2a: Incineroar
|-damage|p2a: Incineroar|59/100
|move|p1a: Farigiraf|Hyper Voice|p2b: Eternatus|[spread] p2a
|-activate|p2b: Eternatus|move: Protect
|-damage|p2a: Incineroar|42/100
|move|p2a: Incineroar|Snarl|p1b: Lunala|[spread] p1a,p1b
|-supereffective|p1a: Farigiraf
|-damage|p1a: Farigiraf|34/100 tox
|-damage|p1b: Lunala|50/100 tox
|-unboost|p1a: Farigiraf|spa|1
|-unboost|p1b: Lunala|spa|1
|
|-weather|none
|-heal|p2b: Eternatus|44/100|[from] item: Black Sludge
|-heal|p1b: Lunala|56/100 tox|[from] item: Leftovers
|-damage|p1b: Lunala|25/100 tox|[from] psn
|-damage|p1a: Farigiraf|16/100 tox|[from] psn
|upkeep
|turn|7
|inactive|Saltsizzle has 30 seconds left.
|
|t:|1750793571
|move|p2b: Eternatus|Recover|p2b: Eternatus
|-heal|p2b: Eternatus|94/100
|move|p1b: Lunala|Moongeist Beam|p2b: Eternatus
|-damage|p2b: Eternatus|69/100
|move|p1a: Farigiraf|Psychic|p2b: Eternatus
|-supereffective|p2b: Eternatus
|-damage|p2b: Eternatus|39/100
|move|p2a: Incineroar|U-turn|p1b: Lunala
|-damage|p1b: Lunala|11/100 tox
|
|t:|1750793583
|switch|p2a: Calyrex|Calyrex-Ice, L50|100/100|[from] U-turn
|-ability|p2a: Calyrex|As One
|-ability|p2a: Calyrex|Unnerve
|
|-heal|p2b: Eternatus|45/100|[from] item: Black Sludge
|-heal|p1b: Lunala|18/100 tox|[from] item: Leftovers
|-damage|p1b: Lunala|0 fnt|[from] psn
|faint|p1b: Lunala
|-damage|p1a: Farigiraf|0 fnt|[from] psn
|faint|p1a: Farigiraf
|upkeep
|
|t:|1750793597
|switch|p1b: Koraidon|Koraidon, L50|84/100
|switch|p1a: Incineroar|Incineroar, L50, M|96/100
|-weather|SunnyDay|[from] ability: Orichalcum Pulse|[of] p1b: Koraidon
|-activate|p1b: Koraidon|Orichalcum Pulse|[source]
|-ability|p1a: Incineroar|Intimidate|boost
|-fail|p2a: Calyrex|unboost|[from] item: Clear Amulet|[of] p2a: Calyrex
|-unboost|p2b: Eternatus|atk|1
|turn|8
|
|t:|1750793619
|switch|p2b: Incineroar|Incineroar, L50, F, shiny|42/100
|-ability|p2b: Incineroar|Intimidate|boost
|-unboost|p1a: Incineroar|atk|1
|-unboost|p1b: Koraidon|atk|1
|move|p2a: Calyrex|Protect|p2a: Calyrex
|-singleturn|p2a: Calyrex|Protect
|move|p1a: Incineroar|Fake Out|p2a: Calyrex
|-activate|p2a: Calyrex|move: Protect
|move|p1b: Koraidon|Close Combat|p2b: Incineroar
|-supereffective|p2b: Incineroar
|-damage|p2b: Incineroar|0 fnt
|-unboost|p1b: Koraidon|def|1
|-unboost|p1b: Koraidon|spd|1
|faint|p2b: Incineroar
|-damage|p1b: Koraidon|74/100|[from] item: Life Orb
|
|-weather|SunnyDay|[upkeep]
|upkeep
|
|t:|1750793631
|switch|p2b: Eternatus|Eternatus, L50|45/100
|-ability|p2b: Eternatus|Pressure
|turn|9
|
|t:|1750793657
|-terastallize|p2a: Calyrex|Fire
|move|p1b: Koraidon|Close Combat|p2a: Calyrex
|-damage|p2a: Calyrex|54/100
|-unboost|p1b: Koraidon|def|1
|-unboost|p1b: Koraidon|spd|1
|-damage|p1b: Koraidon|64/100|[from] item: Life Orb
|move|p2b: Eternatus|Recover|p2b: Eternatus
|-heal|p2b: Eternatus|96/100
|move|p1a: Incineroar|Knock Off|p2a: Calyrex
|-damage|p2a: Calyrex|39/100
|-enditem|p2a: Calyrex|Clear Amulet|[from] move: Knock Off|[of] p1a: Incineroar
|move|p2a: Calyrex|Trick Room|p2a: Calyrex
|-fieldstart|move: Trick Room|[of] p2a: Calyrex
|
|-weather|SunnyDay|[upkeep]
|-heal|p2b: Eternatus|100/100|[from] item: Black Sludge
|upkeep
|turn|10
|
|t:|1750793680
|move|p1b: Koraidon|Protect|p1b: Koraidon
|-singleturn|p1b: Koraidon|Protect
|move|p2a: Calyrex|Glacial Lance|p1b: Koraidon|[spread] p1a
|-activate|p1b: Koraidon|move: Protect
|-resisted|p1a: Incineroar
|-damage|p1a: Incineroar|75/100
|move|p1a: Incineroar|Knock Off|p2b: Eternatus
|-crit|p2b: Eternatus
|-damage|p2b: Eternatus|63/100
|-enditem|p2b: Eternatus|Black Sludge|[from] move: Knock Off|[of] p1a: Incineroar
|move|p2b: Eternatus|Toxic|p1a: Incineroar
|-status|p1a: Incineroar|tox
|
|-weather|SunnyDay|[upkeep]
|-damage|p1a: Incineroar|69/100 tox|[from] psn
|upkeep
|turn|11
|c|☆NegaiFreak|GG, WP
|inactive|NegaiFreak has 30 seconds left.
|inactive|Saltsizzle has 30 seconds left.
|
|t:|1750793714
|move|p2a: Calyrex|Glacial Lance|p1a: Incineroar|[spread] p1a,p1b
|-resisted|p1a: Incineroar
|-supereffective|p1b: Koraidon
|-damage|p1a: Incineroar|48/100 tox
|-damage|p1b: Koraidon|0 fnt
|faint|p1b: Koraidon
|-ability|p2a: Calyrex|Chilling Neigh|boost
|-boost|p2a: Calyrex|atk|1
|move|p1a: Incineroar|Knock Off|p2a: Calyrex
|-damage|p2a: Calyrex|29/100
|move|p2b: Eternatus|Recover|p2b: Eternatus
|-heal|p2b: Eternatus|100/100
|
|-weather|SunnyDay|[upkeep]
|-damage|p1a: Incineroar|36/100 tox|[from] psn
|upkeep
|turn|12
|
|t:|1750793730
|move|p2a: Calyrex|High Horsepower|p1a: Incineroar
|-supereffective|p1a: Incineroar
|-damage|p1a: Incineroar|0 fnt
|faint|p1a: Incineroar
|
|win|Saltsizzle
|raw|NegaiFreak's rating: 1424 &rarr; <strong>1407</strong><br />(-17 for losing)
|raw|Saltsizzle's rating: 1474 &rarr; <strong>1491</strong><br />(+17 for winning)
|c|☆Saltsizzle|Gg
