|j|☆ArosConPollo85
|j|☆QuinlanBuilds
|t:|1750745373
|gametype|doubles
|player|p1|ArosConPollo85|2|1415
|player|p2|QuinlanBuilds|170|1497
|teamsize|p1|6
|teamsize|p2|6
|gen|9
|tier|[Gen 9] VGC 2025 Reg I
|rated|
|rule|Species Clause: Limit one of each Pokémon
|rule|Item Clause: Limit 1 of each item
|clearpoke
|poke|p1|Araquanid, L50, M|
|poke|p1|Miraidon, L50|
|poke|p1|Incineroar, L50, F|
|poke|p1|Iron Leaves, L50|
|poke|p1|Calyrex-Ice, L50|
|poke|p1|Farigiraf, L50, F|
|poke|p2|Lunala, L50|
|poke|p2|Ursaluna, L50, M|
|poke|p2|Urshifu-*, L50, F|
|poke|p2|Miraidon, L50|
|poke|p2|Grimmsnarl, L50, M|
|poke|p2|Incineroar, L50, F|
|teampreview|4
|inactive|Battle timer is ON: inactive players will automatically lose when time's up. (requested by ArosConPollo85)
|inactive|ArosConPollo85 has 60 seconds left.
|
|t:|1750745413
|start
|switch|p1a: Calyrex|Calyrex-Ice, L50|100/100
|switch|p1b: Iron Leaves|Iron Leaves, L50|100/100
|switch|p2a: Incineroar|Incineroar, L50, F|100/100
|switch|p2b: Lunala|Lunala, L50|100/100
|-ability|p1a: Calyrex|As One
|-ability|p1a: Calyrex|Unnerve
|-ability|p2a: Incineroar|Intimidate|boost
|-unboost|p1a: Calyrex|atk|1
|-unboost|p1b: Iron Leaves|atk|1
|turn|1
|
|t:|1750745428
|switch|p1a: Miraidon|Miraidon, L50|100/100
|-fieldstart|move: Electric Terrain|[from] ability: Hadron Engine|[of] p1a: Miraidon
|-activate|p1b: Iron Leaves|ability: Quark Drive
|-start|p1b: Iron Leaves|quarkdrivespe
|-enditem|p2b: Lunala|Electric Seed
|-boost|p2b: Lunala|def|1|[from] item: Electric Seed
|move|p1b: Iron Leaves|Sacred Sword|p2a: Incineroar
|-supereffective|p2a: Incineroar
|-damage|p2a: Incineroar|64/100
|-damage|p1b: Iron Leaves|84/100|[from] item: Rocky Helmet|[of] p2a: Incineroar
|-damage|p1b: Iron Leaves|74/100|[from] item: Life Orb
|move|p2b: Lunala|Moongeist Beam|p1b: Iron Leaves
|-supereffective|p1b: Iron Leaves
|-damage|p1b: Iron Leaves|0 fnt
|faint|p1b: Iron Leaves
|-end|p1b: Iron Leaves|Quark Drive|[silent]
|move|p2a: Incineroar|Will-O-Wisp|p1a: Miraidon
|-status|p1a: Miraidon|brn
|
|-damage|p1a: Miraidon|95/100 brn|[from] brn
|upkeep
|
|t:|1750745447
|switch|p1b: Calyrex|Calyrex-Ice, L50|100/100
|-ability|p1b: Calyrex|As One
|-ability|p1b: Calyrex|Unnerve
|turn|2
|
|t:|1750745461
|-terastallize|p1a: Miraidon|Fairy
|-terastallize|p2a: Incineroar|Bug
|move|p1a: Miraidon|Dazzling Gleam|p2a: Incineroar|[spread] p2a,p2b
|-damage|p2a: Incineroar|0 fnt
|-damage|p2b: Lunala|76/100
|faint|p2a: Incineroar
|move|p1b: Calyrex|Crunch|p2b: Lunala
|-supereffective|p2b: Lunala
|-damage|p2b: Lunala|3/100
|move|p2b: Lunala|Trick Room|p2b: Lunala
|-fieldstart|move: Trick Room|[of] p2b: Lunala
|
|-damage|p1a: Miraidon|89/100 brn|[from] brn
|upkeep
|
|t:|1750745474
|switch|p2a: Ursaluna|Ursaluna, L50, M|100/100
|turn|3
|
|t:|1750745484
|switch|p1a: Incineroar|Incineroar, L50, F|100/100
|-ability|p1a: Incineroar|Intimidate|boost
|-unboost|p2a: Ursaluna|atk|1
|-unboost|p2b: Lunala|atk|1
|move|p2b: Lunala|Wide Guard|p2b: Lunala
|-singleturn|p2b: Lunala|Wide Guard
|move|p2a: Ursaluna|Facade|p1b: Calyrex
|-damage|p1b: Calyrex|84/100
|move|p1b: Calyrex|Crunch|p2b: Lunala
|-supereffective|p2b: Lunala
|-damage|p2b: Lunala|0 fnt
|faint|p2b: Lunala
|-ability|p1b: Calyrex|Chilling Neigh|boost
|-boost|p1b: Calyrex|atk|1
|
|-status|p2a: Ursaluna|brn|[from] item: Flame Orb
|upkeep
|
|t:|1750745496
|switch|p2b: Miraidon|Miraidon, L50|100/100
|-activate|p2b: Miraidon|ability: Hadron Engine
|turn|4
|
|t:|1750745508
|move|p2a: Ursaluna|Protect|p2a: Ursaluna
|-singleturn|p2a: Ursaluna|Protect
|move|p1a: Incineroar|Fake Out|p2a: Ursaluna
|-activate|p2a: Ursaluna|move: Protect
|move|p1b: Calyrex|Glacial Lance|p2a: Ursaluna|[spread] p2b
|-activate|p2a: Ursaluna|move: Protect
|-supereffective|p2b: Miraidon
|-damage|p2b: Miraidon|0 fnt
|faint|p2b: Miraidon
|-ability|p1b: Calyrex|Chilling Neigh|boost
|-boost|p1b: Calyrex|atk|1
|
|-damage|p2a: Ursaluna|95/100 brn|[from] brn
|upkeep
|turn|5
|-message|QuinlanBuilds forfeited.
|
|win|ArosConPollo85
|raw|ArosConPollo85's rating: 1415 &rarr; <strong>1440</strong><br />(+25 for winning)
|raw|QuinlanBuilds's rating: 1497 &rarr; <strong>1472</strong><br />(-25 for losing)
|l|☆QuinlanBuilds
|player|p2|
|c|☆ArosConPollo85|Gg
|l|☆ArosConPollo85
|player|p1|
