|j|☆superinsaiyan18
|j|☆stepintheshadow
|t:|1750830049
|gametype|doubles
|player|p1|superinsaiyan18|guitarist|1155
|player|p2|stepintheshadow|veteran|1109
|teamsize|p1|6
|teamsize|p2|6
|gen|9
|tier|[Gen 9] VGC 2025 Reg I
|rated|
|rule|Species Clause: Limit one of each Pokémon
|rule|Item Clause: Limit 1 of each item
|clearpoke
|poke|p1|Koraidon, L50|
|poke|p1|Scovillain, L50, M|
|poke|p1|Miraidon, L50|
|poke|p1|Chesnaught, L50, M|
|poke|p1|Clefairy, L50, M|
|poke|p1|Indeedee-F, L50, F|
|poke|p2|Calyrex-Shadow, L50|
|poke|p2|Indeedee-F, L50, F|
|poke|p2|Armarouge, L50, M|
|poke|p2|Koraidon, L50|
|poke|p2|Incineroar, L50, M|
|poke|p2|Tornadus, L50, M|
|teampreview|4
|inactive|Battle timer is ON: inactive players will automatically lose when time's up. (requested by superinsaiyan18)
|
|t:|1750830077
|start
|switch|p1a: Scovillain|Scovillain, L50, M|100/100
|switch|p1b: Koraidon|Koraidon, L50|100/100
|switch|p2a: Indeedee|Indeedee-F, L50, F|100/100
|switch|p2b: Tornadus|Tornadus, L50, M|100/100
|-weather|SunnyDay|[from] ability: Orichalcum Pulse|[of] p1b: Koraidon
|-activate|p1b: Koraidon|Orichalcum Pulse|[source]
|-fieldstart|move: Psychic Terrain|[from] ability: Psychic Surge|[of] p2a: Indeedee
|-enditem|p2a: Indeedee|Psychic Seed
|-boost|p2a: Indeedee|spd|1|[from] item: Psychic Seed
|turn|1
|l|☆stepintheshadow
|inactive|stepintheshadow disconnected and has a minute to reconnect!
|player|p2|
|inactive|stepintheshadow has 30 seconds left.
|inactive|stepintheshadow has 20 seconds left.
|j|☆stepintheshadow
|inactive|stepintheshadow reconnected and has 20 seconds left.
|player|p2|stepintheshadow|veteran|
|inactive|stepintheshadow has 15 seconds left.
|inactive|stepintheshadow has 10 seconds left.
|
|t:|1750830126
|move|p2a: Indeedee|Helping Hand|p2b: Tornadus
|-singleturn|p2b: Tornadus|Helping Hand|[of] p2a: Indeedee
|move|p1a: Scovillain|Spicy Extract|p1b: Koraidon
|-fail|p1b: Koraidon|unboost|[from] item: Clear Amulet|[of] p1b: Koraidon
|-boost|p1b: Koraidon|atk|2
|move|p1b: Koraidon|Collision Course|p2a: Indeedee
|-damage|p2a: Indeedee|0 fnt
|faint|p2a: Indeedee
|move|p2b: Tornadus|Bleakwind Storm|p1a: Scovillain|[spread] p1b
|-miss|p2b: Tornadus|p1a: Scovillain
|-supereffective|p1b: Koraidon
|-damage|p1b: Koraidon|0 fnt
|faint|p1b: Koraidon
|
|-weather|SunnyDay|[upkeep]
|upkeep
|
|t:|1750830140
|switch|p1b: Chesnaught|Chesnaught, L50, M|100/100
|switch|p2a: Calyrex|Calyrex-Shadow, L50|100/100
|-ability|p2a: Calyrex|As One
|-ability|p2a: Calyrex|Unnerve
|turn|2
|
|t:|1750830147
|move|p1b: Chesnaught|Wide Guard|p1b: Chesnaught
|-singleturn|p1b: Chesnaught|Wide Guard
|move|p2b: Tornadus|Taunt|p1b: Chesnaught
|-activate|p1b: Chesnaught|move: Psychic Terrain
|move|p1a: Scovillain|Overheat|p2a: Calyrex|[miss]
|-miss|p1a: Scovillain|p2a: Calyrex
|move|p2a: Calyrex|Expanding Force|p1a: Scovillain|[spread] 
|-activate|p1a: Scovillain|move: Wide Guard
|-activate|p1b: Chesnaught|move: Wide Guard
|
|-weather|SunnyDay|[upkeep]
|upkeep
|turn|3
|
|t:|1750830169
|-terastallize|p1b: Chesnaught|Steel
|move|p2b: Tornadus|Tailwind|p2b: Tornadus
|-sidestart|p2: stepintheshadow|move: Tailwind
|move|p2a: Calyrex|Expanding Force|p1b: Chesnaught|[spread] p1a,p1b
|-resisted|p1b: Chesnaught
|-enditem|p1a: Scovillain|Focus Sash
|-damage|p1a: Scovillain|1/100
|-damage|p1b: Chesnaught|61/100
|move|p1a: Scovillain|Overheat|p2a: Calyrex
|-damage|p2a: Calyrex|4/100
|-unboost|p1a: Scovillain|spa|2
|move|p1b: Chesnaught|Leech Seed|p2b: Tornadus
|-start|p2b: Tornadus|move: Leech Seed
|
|-weather|SunnyDay|[upkeep]
|-damage|p2b: Tornadus|88/100|[from] Leech Seed|[of] p1b: Chesnaught
|-heal|p1b: Chesnaught|72/100|[silent]
|upkeep
|turn|4
|inactive|superinsaiyan18 has 30 seconds left.
|
|t:|1750830197
|move|p2a: Calyrex|Protect|p2a: Calyrex
|-singleturn|p2a: Calyrex|Protect
|move|p1a: Scovillain|Protect|p1a: Scovillain
|-singleturn|p1a: Scovillain|Protect
|move|p2b: Tornadus|Taunt|p1b: Chesnaught
|-activate|p1b: Chesnaught|move: Psychic Terrain
|move|p1b: Chesnaught|Leech Seed|p2a: Calyrex
|-activate|p2a: Calyrex|move: Protect
|
|-weather|SunnyDay|[upkeep]
|-damage|p2b: Tornadus|76/100|[from] Leech Seed|[of] p1b: Chesnaught
|-heal|p1b: Chesnaught|84/100|[silent]
|upkeep
|turn|5
|
|t:|1750830212
|move|p2a: Calyrex|Astral Barrage|p1a: Scovillain|[spread] p1a,p1b
|-damage|p1a: Scovillain|0 fnt
|-damage|p1b: Chesnaught|18/100
|faint|p1a: Scovillain
|-ability|p2a: Calyrex|Grim Neigh|boost
|-boost|p2a: Calyrex|spa|1
|move|p2b: Tornadus|Bleakwind Storm|p1b: Chesnaught
|-resisted|p1b: Chesnaught
|-damage|p1b: Chesnaught|0 fnt
|faint|p1b: Chesnaught
|
|-weather|none
|-fieldend|move: Psychic Terrain
|upkeep
|-message|superinsaiyan18 forfeited.
|
|win|stepintheshadow
|raw|superinsaiyan18's rating: 1155 &rarr; <strong>1127</strong><br />(-28 for losing)
|raw|stepintheshadow's rating: 1109 &rarr; <strong>1137</strong><br />(+28 for winning)
|l|☆superinsaiyan18
|player|p1|
|l|☆stepintheshadow
|player|p2|
