|j|☆ihopeafairmatch
|j|☆buzbee2000
|t:|1750840015
|gametype|doubles
|player|p1|ihopeafairmatch|ghetsis|1435
|player|p2|buzbee2000|rood|1358
|teamsize|p1|6
|teamsize|p2|6
|gen|9
|tier|[Gen 9] VGC 2025 Reg I
|rated|
|rule|Species Clause: Limit one of each Pokémon
|rule|Item Clause: Limit 1 of each item
|clearpoke
|poke|p1|Kyogre, L50|
|poke|p1|Necrozma-Dusk-Mane, L50|
|poke|p1|Indeedee-F, L50, F|
|poke|p1|Tornadus, L50, M|
|poke|p1|Basculegion, L50, M|
|poke|p1|Chesnaught, L50, F|
|poke|p2|Miraidon, L50|
|poke|p2|Calyrex-Ice, L50|
|poke|p2|Grimmsnarl, L50, M|
|poke|p2|Volcarona, L50, F|
|poke|p2|Urshifu-*, L50, M|
|poke|p2|Ursaluna-Bloodmoon, L50, M|
|teampreview|4
|inactive|Battle timer is ON: inactive players will automatically lose when time's up. (requested by ihopeafairmatch)
|c|☆buzbee2000|glhf
|inactive|buzbee2000 has 60 seconds left.
|
|t:|1750840058
|start
|switch|p1a: Kyogre|Kyogre, L50|100/100
|switch|p1b: Basculegion|Basculegion, L50, M|100/100
|switch|p2a: Miraidon|Miraidon, L50|100/100
|switch|p2b: Grimmsnarl|Grimmsnarl, L50, M|100/100
|-fieldstart|move: Electric Terrain|[from] ability: Hadron Engine|[of] p2a: Miraidon
|-weather|RainDance|[from] ability: Drizzle|[of] p1a: Kyogre
|turn|1
|inactive|buzbee2000 has 30 seconds left.
|
|t:|1750840083
|switch|p1a: Indeedee|Indeedee-F, L50, F|100/100
|-fieldstart|move: Psychic Terrain|[from] ability: Psychic Surge|[of] p1a: Indeedee
|move|p2b: Grimmsnarl|Light Screen|p2b: Grimmsnarl
|-sidestart|p2: buzbee2000|move: Light Screen
|move|p1b: Basculegion|Wave Crash|p2b: Grimmsnarl
|-damage|p2b: Grimmsnarl|0 fnt
|faint|p2b: Grimmsnarl
|-damage|p1b: Basculegion|69/100|[from] Recoil
|move|p2a: Miraidon|Volt Switch|p1a: Indeedee
|-damage|p1a: Indeedee|63/100
|
|t:|1750840100
|switch|p2a: Urshifu|Urshifu-Rapid-Strike, L50, M|100/100|[from] Volt Switch
|
|-weather|RainDance|[upkeep]
|upkeep
|
|t:|1750840102
|switch|p2b: Miraidon|Miraidon, L50|100/100
|-fieldstart|move: Electric Terrain|[from] ability: Hadron Engine|[of] p2b: Miraidon
|turn|2
|inactive|ihopeafairmatch has 30 seconds left.
|inactive|ihopeafairmatch has 20 seconds left.
|
|t:|1750840139
|-terastallize|p1a: Indeedee|Grass
|move|p1b: Basculegion|Wave Crash|p2b: Miraidon
|-resisted|p2b: Miraidon
|-damage|p2b: Miraidon|40/100
|-damage|p1b: Basculegion|50/100|[from] Recoil
|move|p2a: Urshifu|Surging Strikes|p1a: Indeedee
|-resisted|p1a: Indeedee
|-crit|p1a: Indeedee
|-damage|p1a: Indeedee|47/100
|-resisted|p1a: Indeedee
|-crit|p1a: Indeedee
|-damage|p1a: Indeedee|32/100
|-resisted|p1a: Indeedee
|-crit|p1a: Indeedee
|-damage|p1a: Indeedee|17/100
|-hitcount|p1a: Indeedee|3
|move|p2b: Miraidon|Electro Drift|p1b: Basculegion
|-supereffective|p1b: Basculegion
|-damage|p1b: Basculegion|0 fnt
|faint|p1b: Basculegion
|move|p1a: Indeedee|Trick Room|p1a: Indeedee
|-fieldstart|move: Trick Room|[of] p1a: Indeedee
|
|-weather|RainDance|[upkeep]
|upkeep
|
|t:|1750840158
|switch|p1b: Necrozma|Necrozma-Dusk-Mane, L50|100/100
|turn|3
|
|t:|1750840172
|move|p1a: Indeedee|Skill Swap|p1b: Necrozma
|-activate|p1a: Indeedee|move: Skill Swap|||[of] p1b: Necrozma
|-fieldstart|move: Psychic Terrain|[from] ability: Psychic Surge|[of] p1b: Necrozma
|move|p1b: Necrozma|Photon Geyser|p2a: Urshifu
|-supereffective|p2a: Urshifu
|-crit|p2a: Urshifu
|-enditem|p2a: Urshifu|Focus Sash
|-damage|p2a: Urshifu|1/100
|-damage|p1b: Necrozma|91/100|[from] item: Life Orb
|move|p2b: Miraidon|Electro Drift|p1b: Necrozma
|-damage|p1b: Necrozma|43/100
|move|p2a: Urshifu|Surging Strikes|p1b: Necrozma
|-crit|p1b: Necrozma
|-damage|p1b: Necrozma|21/100
|-crit|p1b: Necrozma
|-damage|p1b: Necrozma|0 fnt
|faint|p1b: Necrozma
|-hitcount|p1: Necrozma|2
|
|-weather|RainDance|[upkeep]
|upkeep
|
|t:|1750840179
|switch|p1b: Kyogre|Kyogre, L50|100/100
|turn|4
|
|t:|1750840196
|move|p2a: Urshifu|Detect|p2a: Urshifu
|-singleturn|p2a: Urshifu|Protect
|move|p1a: Indeedee|Psychic|p2b: Miraidon
|-damage|p2b: Miraidon|26/100
|move|p1b: Kyogre|Water Spout|p2a: Urshifu|[spread] p2b
|-activate|p2a: Urshifu|move: Protect
|-resisted|p2b: Miraidon
|-damage|p2b: Miraidon|8/100
|move|p2b: Miraidon|Volt Switch|p1b: Kyogre
|-supereffective|p1b: Kyogre
|-damage|p1b: Kyogre|50/100
|
|t:|1750840209
|switch|p2b: Calyrex|Calyrex-Ice, L50|100/100|[from] Volt Switch
|-ability|p2b: Calyrex|As One
|-ability|p2b: Calyrex|Unnerve
|
|-weather|RainDance|[upkeep]
|upkeep
|turn|5
|
|t:|1750840216
|move|p2b: Calyrex|Glacial Lance|p1a: Indeedee|[spread] p1a,p1b
|-supereffective|p1a: Indeedee
|-resisted|p1b: Kyogre
|-damage|p1a: Indeedee|0 fnt
|-damage|p1b: Kyogre|24/100
|faint|p1a: Indeedee
|-ability|p2b: Calyrex|Chilling Neigh|boost
|-boost|p2b: Calyrex|atk|1
|move|p1b: Kyogre|Hydro Pump|p2b: Calyrex|[miss]
|-miss|p1b: Kyogre|p2b: Calyrex
|move|p2a: Urshifu|Close Combat|p1b: Kyogre
|-damage|p1b: Kyogre|0 fnt
|-unboost|p2a: Urshifu|def|1
|-unboost|p2a: Urshifu|spd|1
|faint|p1b: Kyogre
|
|win|buzbee2000
|raw|ihopeafairmatch's rating: 1435 &rarr; <strong>1411</strong><br />(-24 for losing)
|raw|buzbee2000's rating: 1358 &rarr; <strong>1382</strong><br />(+24 for winning)
|l|☆ihopeafairmatch
|player|p1|
|l|☆buzbee2000
|player|p2|
|j|☆buzbee2000
|player|p2|buzbee2000|rood|
|l|☆buzbee2000
|player|p2|
