|j|☆han br0lo
|j|☆Chespin0808
|t:|1750738965
|gametype|doubles
|player|p1|han br0lo|veteran|1254
|player|p2|Chespin0808|preschoolerf|1300
|teamsize|p1|6
|teamsize|p2|6
|gen|9
|tier|[Gen 9] VGC 2025 Reg I
|rated|
|rule|Species Clause: Limit one of each Pokémon
|rule|Item Clause: Limit 1 of each item
|clearpoke
|poke|p1|Groudon, L50|
|poke|p1|Miraidon, L50|
|poke|p1|Incineroar, L50, M|
|poke|p1|Flutter Mane, L50|
|poke|p1|Iron Valiant, L50|
|poke|p1|Talonflame, L50, M|
|poke|p2|Calyrex-Shadow, L50|
|poke|p2|Zamazenta-*, L50|
|poke|p2|Grimmsnarl, L50, M|
|poke|p2|Landorus, L50, M|
|poke|p2|Rillaboom, L50, F|
|poke|p2|Ogerpon-Cornerstone, L50, F|
|teampreview|4
|inactive|Battle timer is ON: inactive players will automatically lose when time's up. (requested by han br0lo)
han br0lo rejected open team sheets.
|inactive|Chespin0808 has 60 seconds left.
|
|t:|1750739032
|start
|switch|p1a: Iron Valiant|Iron Valiant, L50|100/100
|switch|p1b: Groudon|Groudon, L50|100/100
|switch|p2a: Grimmsnarl|Grimmsnarl, L50, M, shiny|100/100
|switch|p2b: Landorus|Landorus, L50, M|100/100
|-weather|SunnyDay|[from] ability: Drought|[of] p1b: Groudon
|turn|1
|inactive|han br0lo has 30 seconds left.
|inactive|Chespin0808 has 30 seconds left.
|inactive|han br0lo has 20 seconds left.
|inactive|Chespin0808 has 20 seconds left.
|inactive|han br0lo has 15 seconds left.
|
|t:|1750739075
|-terastallize|p2b: Landorus|Water
|move|p2a: Grimmsnarl|Fake Out|p1a: Iron Valiant
|-damage|p1a: Iron Valiant|86/100
|cant|p1a: Iron Valiant|flinch
|move|p2b: Landorus|Earth Power|p1b: Groudon
|-damage|p1b: Groudon|55/100
|move|p1b: Groudon|Crunch|p2b: Landorus
|-damage|p2b: Landorus|63/100
|
|-weather|SunnyDay|[upkeep]
|upkeep
|turn|2
|inactive|han br0lo has 30 seconds left.
|inactive|Chespin0808 has 30 seconds left.
|inactive|han br0lo has 20 seconds left.
|inactive|han br0lo has 15 seconds left.
|
|t:|1750739120
|move|p2a: Grimmsnarl|Thunder Wave|p1a: Iron Valiant
|-status|p1a: Iron Valiant|par
|move|p2b: Landorus|Sludge Bomb|p1a: Iron Valiant
|-supereffective|p1a: Iron Valiant
|-damage|p1a: Iron Valiant|0 fnt
|faint|p1a: Iron Valiant
|-end|p1a: Iron Valiant|Quark Drive|[silent]
|move|p1b: Groudon|Thunder Punch|p2b: Landorus
|-supereffective|p2b: Landorus
|-damage|p2b: Landorus|0 fnt
|faint|p2b: Landorus
|
|-weather|SunnyDay|[upkeep]
|upkeep
|
|t:|1750739140
|switch|p1a: Flutter Mane|Flutter Mane, L50|100/100
|switch|p2b: Rillaboom|Rillaboom, L50, F|100/100
|-fieldstart|move: Grassy Terrain|[from] ability: Grassy Surge|[of] p2b: Rillaboom
|-activate|p1a: Flutter Mane|ability: Protosynthesis
|-start|p1a: Flutter Mane|protosynthesisspe
|turn|3
|inactive|han br0lo has 30 seconds left.
|
|t:|1750739168
|switch|p1b: Incineroar|Incineroar, L50, M|100/100
|-ability|p1b: Incineroar|Intimidate|boost
|-unboost|p2a: Grimmsnarl|atk|1
|-unboost|p2b: Rillaboom|atk|1
|move|p2b: Rillaboom|Fake Out|p1b: Incineroar
|-damage|p1b: Incineroar|91/100
|move|p2a: Grimmsnarl|Thunder Wave|p1a: Flutter Mane
|-status|p1a: Flutter Mane|par
|move|p1a: Flutter Mane|Icy Wind|p2b: Rillaboom|[spread] p2a,p2b
|-supereffective|p2b: Rillaboom
|-damage|p2a: Grimmsnarl|80/100
|-damage|p2b: Rillaboom|70/100
|-unboost|p2b: Rillaboom|spe|1
|-damage|p1a: Flutter Mane|90/100 par|[from] item: Life Orb
|
|-weather|SunnyDay|[upkeep]
|-heal|p1a: Flutter Mane|97/100 par|[from] Grassy Terrain
|-heal|p1b: Incineroar|97/100|[from] Grassy Terrain
|-heal|p2a: Grimmsnarl|86/100|[from] Grassy Terrain
|-heal|p2b: Rillaboom|76/100|[from] Grassy Terrain
|upkeep
|turn|4
|inactive|han br0lo has 30 seconds left.
|inactive|han br0lo has 20 seconds left.
|inactive|han br0lo has 15 seconds left.
|
|t:|1750739209
|move|p1b: Incineroar|Fake Out|p2b: Rillaboom
|-damage|p2b: Rillaboom|62/100
|move|p2a: Grimmsnarl|Sucker Punch|p1a: Flutter Mane
|-damage|p1a: Flutter Mane|52/100 par
|cant|p2b: Rillaboom|flinch
|cant|p1a: Flutter Mane|par
|
|-weather|SunnyDay|[upkeep]
|-heal|p1a: Flutter Mane|58/100 par|[from] Grassy Terrain
|-heal|p1b: Incineroar|100/100|[from] Grassy Terrain
|-heal|p2a: Grimmsnarl|92/100|[from] Grassy Terrain
|-heal|p2b: Rillaboom|68/100|[from] Grassy Terrain
|upkeep
|turn|5
|inactive|han br0lo has 30 seconds left.
|inactive|Chespin0808 has 30 seconds left.
|inactive|han br0lo has 20 seconds left.
|inactive|han br0lo has 15 seconds left.
|
|t:|1750739251
|switch|p2a: Calyrex|Calyrex-Shadow, L50|100/100
|-ability|p2a: Calyrex|As One
|-ability|p2a: Calyrex|Unnerve
|move|p2b: Rillaboom|Grassy Glide|p1a: Flutter Mane
|-damage|p1a: Flutter Mane|0 fnt
|faint|p1a: Flutter Mane
|-end|p1a: Flutter Mane|Protosynthesis|[silent]
|move|p1b: Incineroar|Knock Off|p2b: Rillaboom
|-damage|p2b: Rillaboom|22/100
|-enditem|p2b: Rillaboom|Assault Vest|[from] move: Knock Off|[of] p1b: Incineroar
|
|-weather|none
|-heal|p2b: Rillaboom|28/100|[from] Grassy Terrain
|upkeep
|inactive|han br0lo has 30 seconds left.
|inactive|han br0lo has 20 seconds left.
|
|t:|1750739289
|switch|p1a: Groudon|Groudon, L50|55/100
|-weather|SunnyDay|[from] ability: Drought|[of] p1a: Groudon
|turn|6
|inactive|Chespin0808 has 30 seconds left.
|inactive|Chespin0808 has 20 seconds left.
|inactive|Chespin0808 has 15 seconds left.
|
|t:|1750739330
|move|p2b: Rillaboom|Grassy Glide|p1a: Groudon
|-supereffective|p1a: Groudon
|-damage|p1a: Groudon|19/100
|move|p2a: Calyrex|Astral Barrage|p1a: Groudon|[spread] p1a,p1b
|-resisted|p1b: Incineroar
|-damage|p1a: Groudon|0 fnt
|-damage|p1b: Incineroar|75/100
|faint|p1a: Groudon
|-ability|p2a: Calyrex|Grim Neigh|boost
|-boost|p2a: Calyrex|spa|1
|move|p1b: Incineroar|Flare Blitz|p2b: Rillaboom
|-supereffective|p2b: Rillaboom
|-damage|p2b: Rillaboom|0 fnt
|faint|p2b: Rillaboom
|-damage|p1b: Incineroar|66/100|[from] Recoil
|
|-weather|SunnyDay|[upkeep]
|-heal|p1b: Incineroar|72/100|[from] Grassy Terrain
|upkeep
|-message|han br0lo forfeited.
|
|win|Chespin0808
|raw|han br0lo's rating: 1254 &rarr; <strong>1232</strong><br />(-22 for losing)
|raw|Chespin0808's rating: 1300 &rarr; <strong>1322</strong><br />(+22 for winning)
|l|☆han br0lo
|player|p1|
|l|☆Chespin0808
|player|p2|
