|j|☆ltsdoit
|j|☆blu3cr33p3r
|t:|1750776315
|gametype|doubles
|player|p1|ltsdoit|1|1112
|player|p2|blu3cr33p3r|bruno|1164
|teamsize|p1|6
|teamsize|p2|6
|gen|9
|tier|[Gen 9] VGC 2025 Reg I
|rated|
|rule|Species Clause: Limit one of each Pokémon
|rule|Item Clause: Limit 1 of each item
|clearpoke
|poke|p1|Lunala, L50|
|poke|p1|Miraidon, L50|
|poke|p1|Iron Hands, L50|
|poke|p1|Indeedee-F, L50, F|
|poke|p1|Tornadus, L50, M|
|poke|p1|Urshifu-*, L50, F|
|poke|p2|Lunala, L50|
|poke|p2|Ursaluna, L50, F|
|poke|p2|Urshifu-*, L50, M|
|poke|p2|Miraidon, L50|
|poke|p2|Grimmsnarl, L50, M|
|poke|p2|Incineroar, L50, M|
|teampreview|4
|inactive|Battle timer is ON: inactive players will automatically lose when time's up. (requested by blu3cr33p3r)
blu3cr33p3r rejected open team sheets.
|
|t:|1750776348
|start
|switch|p1a: Lunala|Lunala, L50|100/100
|switch|p1b: Miraidon|Miraidon, L50|100/100
|switch|p2a: Grimmsnarl|Grimmsnarl, L50, M|100/100
|switch|p2b: Miraidon|Miraidon, L50|100/100
|-fieldstart|move: Electric Terrain|[from] ability: Hadron Engine|[of] p1b: Miraidon
|-activate|p2b: Miraidon|ability: Hadron Engine
|turn|1
|inactive|blu3cr33p3r has 30 seconds left.
|
|t:|1750776380
|-terastallize|p1b: Miraidon|Ghost
|move|p2a: Grimmsnarl|Light Screen|p2a: Grimmsnarl
|-sidestart|p2: blu3cr33p3r|move: Light Screen
|move|p1b: Miraidon|Electro Drift|p2a: Grimmsnarl
|-damage|p2a: Grimmsnarl|11/100
|move|p2b: Miraidon|Snarl|p1b: Miraidon|[spread] p1a,p1b
|-supereffective|p1a: Lunala
|-supereffective|p1b: Miraidon
|-damage|p1a: Lunala|69/100
|-damage|p1b: Miraidon|62/100
|-unboost|p1a: Lunala|spa|1
|-unboost|p1b: Miraidon|spa|1
|move|p1a: Lunala|Meteor Beam||[still]
|-prepare|p1a: Lunala|Meteor Beam
|-boost|p1a: Lunala|spa|1
|-enditem|p1a: Lunala|Power Herb
|-anim|p1a: Lunala|Meteor Beam|p2a: Grimmsnarl
|-damage|p2a: Grimmsnarl|0 fnt
|faint|p2a: Grimmsnarl
|
|upkeep
|
|t:|1750776403
|switch|p2a: Lunala|Lunala, L50|100/100
|-enditem|p2a: Lunala|Electric Seed
|-boost|p2a: Lunala|def|1|[from] item: Electric Seed
|turn|2
|inactive|blu3cr33p3r has 30 seconds left.
|
|t:|1750776434
|switch|p1b: Indeedee|Indeedee-F, L50, F|100/100
|-fieldstart|move: Psychic Terrain|[from] ability: Psychic Surge|[of] p1b: Indeedee
|-terastallize|p2a: Lunala|Fairy
|move|p1a: Lunala|Wide Guard|p1a: Lunala
|-singleturn|p1a: Lunala|Wide Guard
|move|p2b: Miraidon|Snarl|p1a: Lunala|[spread] 
|-activate|p1a: Lunala|move: Wide Guard
|-activate|p1b: Indeedee|move: Wide Guard
|move|p2a: Lunala|Moongeist Beam|p1b: Indeedee
|-immune|p1b: Indeedee
|
|upkeep
|turn|3
|inactive|ltsdoit has 30 seconds left.
|inactive|blu3cr33p3r has 30 seconds left.
|
|t:|1750776467
|move|p1b: Indeedee|Follow Me|p1b: Indeedee
|-singleturn|p1b: Indeedee|move: Follow Me
|move|p2b: Miraidon|Electro Drift|p1b: Indeedee
|-damage|p1b: Indeedee|47/100
|-damage|p2b: Miraidon|84/100|[from] item: Rocky Helmet|[of] p1b: Indeedee
|move|p2a: Lunala|Moonblast|p1b: Indeedee
|-damage|p1b: Indeedee|0 fnt
|faint|p1b: Indeedee
|move|p1a: Lunala|Moongeist Beam|p2a: Lunala
|-damage|p2a: Lunala|87/100
|
|upkeep
|
|t:|1750776491
|switch|p1b: Urshifu|Urshifu-Rapid-Strike, L50, F|100/100
|turn|4
|
|t:|1750776514
|move|p1b: Urshifu|Surging Strikes|p2a: Lunala
|-crit|p2a: Lunala
|-damage|p2a: Lunala|71/100
|-crit|p2a: Lunala
|-damage|p2a: Lunala|56/100
|-crit|p2a: Lunala
|-damage|p2a: Lunala|42/100
|-hitcount|p2a: Lunala|3
|move|p2b: Miraidon|Electro Drift|p1b: Urshifu
|-supereffective|p1b: Urshifu
|-enditem|p1b: Urshifu|Focus Sash
|-damage|p1b: Urshifu|1/100
|move|p2a: Lunala|Moongeist Beam|p1a: Lunala
|-supereffective|p1a: Lunala
|-damage|p1a: Lunala|0 fnt
|faint|p1a: Lunala
|
|upkeep
|
|t:|1750776532
|switch|p1a: Miraidon|Miraidon, L50, tera:Ghost|62/100
|-fieldstart|move: Electric Terrain|[from] ability: Hadron Engine|[of] p1a: Miraidon
|turn|5
|inactive|blu3cr33p3r has 30 seconds left.
|inactive|blu3cr33p3r has 20 seconds left.
|inactive|blu3cr33p3r has 15 seconds left.
|inactive|blu3cr33p3r has 10 seconds left.
|inactive|blu3cr33p3r has 5 seconds left.
|
|t:|1750776585
|move|p1a: Miraidon|Electro Drift|p2a: Lunala
|-damage|p2a: Lunala|0 fnt
|faint|p2a: Lunala
|move|p1b: Urshifu|Close Combat|p2b: Miraidon
|-damage|p2b: Miraidon|29/100
|-unboost|p1b: Urshifu|def|1
|-unboost|p1b: Urshifu|spd|1
|move|p2b: Miraidon|Electro Drift|p1a: Miraidon
|-damage|p1a: Miraidon|0 fnt
|faint|p1a: Miraidon
|
|upkeep
|
|t:|1750776600
|switch|p2a: Ursaluna|Ursaluna, L50, F|100/100
|turn|6
|
|t:|1750776617
|move|p1b: Urshifu|Close Combat|p2b: Miraidon
|-damage|p2b: Miraidon|0 fnt
|-unboost|p1b: Urshifu|def|1
|-unboost|p1b: Urshifu|spd|1
|faint|p2b: Miraidon
|move|p2a: Ursaluna|Facade|p1b: Urshifu
|-damage|p1b: Urshifu|0 fnt
|faint|p1b: Urshifu
|
|win|blu3cr33p3r
|raw|ltsdoit's rating: 1112 &rarr; <strong>1091</strong><br />(-21 for losing)
|raw|blu3cr33p3r's rating: 1164 &rarr; <strong>1185</strong><br />(+21 for winning)
