|j|☆ClumbsyLilBeach
|j|☆nwoidn
|t:|1750827934
|gametype|doubles
|player|p1|ClumbsyLilBeach|jasmine|1316
|player|p2|nwoidn|cynthia-gen4|1236
|teamsize|p1|6
|teamsize|p2|6
|gen|9
|tier|[Gen 9] VGC 2025 Reg I
|rated|
|rule|Species Clause: Limit one of each Pokémon
|rule|Item Clause: Limit 1 of each item
|clearpoke
|poke|p1|Chien-Pao, L50|
|poke|p1|Dragonite, L50, M|
|poke|p1|Bronzong, L50|
|poke|p1|Miraidon, L50|
|poke|p1|Kingambit, L50, F|
|poke|p1|Kyogre, L50|
|poke|p2|Kyurem-Black, L50|
|poke|p2|Koraidon, L50|
|poke|p2|Sinistcha-Masterpiece, L50|
|poke|p2|Flutter Mane, L50|
|poke|p2|Incineroar, L50, M|
|poke|p2|Farigiraf, L50, M|
|teampreview|4
|inactive|Battle timer is ON: inactive players will automatically lose when time's up. (requested by ClumbsyLilBeach)
|inactive|ClumbsyLilBeach has 60 seconds left.
|inactive|nwoidn has 60 seconds left.
|
|t:|1750827986
|start
|switch|p1a: Kyogre|Kyogre, L50|100/100
|switch|p1b: Miraidon|Miraidon, L50|100/100
|switch|p2a: Kyurem|Kyurem-Black, L50|100/100
|switch|p2b: Farigiraf|Farigiraf, L50, M|100/100
|-fieldstart|move: Electric Terrain|[from] ability: Hadron Engine|[of] p1b: Miraidon
|-ability|p2a: Kyurem|Teravolt
|-weather|RainDance|[from] ability: Drizzle|[of] p1a: Kyogre
|turn|1
|inactive|nwoidn has 30 seconds left.
|
|t:|1750828017
|-terastallize|p1a: Kyogre|Electric
|move|p2a: Kyurem|Protect|p2a: Kyurem
|-singleturn|p2a: Kyurem|Protect
|move|p1b: Miraidon|Draco Meteor|p2a: Kyurem
|-activate|p2a: Kyurem|move: Protect
|move|p1a: Kyogre|Thunder|p2b: Farigiraf
|-damage|p2b: Farigiraf|12/100
|move|p2b: Farigiraf|Thunderbolt|p1a: Kyogre
|-resisted|p1a: Kyogre
|-damage|p1a: Kyogre|93/100
|
|-weather|RainDance|[upkeep]
|upkeep
|turn|2
|inactive|nwoidn has 30 seconds left.
|
|t:|1750828046
|switch|p2b: Koraidon|Koraidon, L50|100/100
|-weather|SunnyDay|[from] ability: Orichalcum Pulse|[of] p2b: Koraidon
|-activate|p2b: Koraidon|Orichalcum Pulse|[source]
|-terastallize|p2a: Kyurem|Fairy
|move|p1b: Miraidon|Draco Meteor|p2a: Kyurem
|-immune|p2a: Kyurem
|move|p2a: Kyurem|Freeze Shock||[still]
|-prepare|p2a: Kyurem|Freeze Shock
|-enditem|p2a: Kyurem|Power Herb
|-anim|p2a: Kyurem|Freeze Shock|p1b: Miraidon
|-supereffective|p1b: Miraidon
|-damage|p1b: Miraidon|0 fnt
|faint|p1b: Miraidon
|move|p1a: Kyogre|Water Spout|p2b: Koraidon|[spread] p2a,p2b
|-resisted|p2b: Koraidon
|-damage|p2a: Kyurem|75/100
|-damage|p2b: Koraidon|84/100
|
|-weather|SunnyDay|[upkeep]
|upkeep
|
|t:|1750828071
|switch|p1b: Dragonite|Dragonite, L50, M|100/100
|turn|3
|
|t:|1750828089
|switch|p1a: Kingambit|Kingambit, L50, F|100/100
|move|p1b: Dragonite|Extreme Speed|p2b: Koraidon
|-crit|p2b: Koraidon
|-damage|p2b: Koraidon|17/100
|move|p2b: Koraidon|Close Combat|p1a: Kingambit
|-supereffective|p1a: Kingambit
|-damage|p1a: Kingambit|0 fnt
|-unboost|p2b: Koraidon|def|1
|-unboost|p2b: Koraidon|spd|1
|faint|p1a: Kingambit
|move|p2a: Kyurem|Dragon Claw|p1b: Dragonite
|-supereffective|p1b: Dragonite
|-damage|p1b: Dragonite|0 fnt
|faint|p1b: Dragonite
|
|-weather|SunnyDay|[upkeep]
|upkeep
|
|t:|1750828107
|switch|p1b: Kyogre|Kyogre, L50, tera:Electric|93/100
|-weather|RainDance|[from] ability: Drizzle|[of] p1b: Kyogre
|turn|4
|
|t:|1750828122
|switch|p2b: Farigiraf|Farigiraf, L50, M|12/100
|move|p2a: Kyurem|Protect|p2a: Kyurem
|-singleturn|p2a: Kyurem|Protect
|move|p1b: Kyogre|Origin Pulse|p2b: Farigiraf|[spread] 
|-activate|p2a: Kyurem|move: Protect
|-miss|p1b: Kyogre|p2b: Farigiraf
|
|-weather|RainDance|[upkeep]
|upkeep
|turn|5
|
|t:|1750828139
|move|p2a: Kyurem|Dragon Claw|p1b: Kyogre
|-damage|p1b: Kyogre|36/100
|move|p1b: Kyogre|Water Spout|p2b: Farigiraf|[spread] p2a,p2b
|-damage|p2a: Kyurem|44/100
|-damage|p2b: Farigiraf|0 fnt
|faint|p2b: Farigiraf
|
|-weather|RainDance|[upkeep]
|-fieldend|move: Electric Terrain
|upkeep
|
|t:|1750828147
|switch|p2b: Koraidon|Koraidon, L50|17/100
|-weather|SunnyDay|[from] ability: Orichalcum Pulse|[of] p2b: Koraidon
|-activate|p2b: Koraidon|Orichalcum Pulse|[source]
|turn|6
|-message|ClumbsyLilBeach forfeited.
|
|win|nwoidn
|raw|ClumbsyLilBeach's rating: 1316 &rarr; <strong>1291</strong><br />(-25 for losing)
|raw|nwoidn's rating: 1236 &rarr; <strong>1267</strong><br />(+31 for winning)
|l|☆ClumbsyLilBeach
|player|p1|
|l|☆nwoidn
|player|p2|
