|j|☆SpicySpicy1374
|j|☆brilldotbait
|t:|1750739514
|gametype|doubles
|player|p1|SpicySpicy1374|266|1191
|player|p2|brilldotbait|sabrina|1183
|teamsize|p1|6
|teamsize|p2|6
|gen|9
|tier|[Gen 9] VGC 2025 Reg I
|rated|
|rule|Species Clause: Limit one of each Pokémon
|rule|Item Clause: Limit 1 of each item
|clearpoke
|poke|p1|Meowstic, L50, M|
|poke|p1|Groudon, L50|
|poke|p1|Miraidon, L50|
|poke|p1|Iron Valiant, L50|
|poke|p1|Porygon2, L50|
|poke|p1|Incineroar, L50, M|
|poke|p2|Incineroar, L50, M|
|poke|p2|Ursaluna, L50, F|
|poke|p2|Jumpluff, L50, M|
|poke|p2|Urshifu-*, L50, F|
|poke|p2|Miraidon, L50|
|poke|p2|Lunala, L50|
|teampreview|4
brilldotbait rejected open team sheets.
|
|t:|1750739559
|start
|switch|p1a: Iron Valiant|Iron Valiant, L50|100/100
|switch|p1b: Meowstic|Meowstic, L50, M, shiny|100/100
|switch|p2a: John Cena|Incineroar, L50, M, shiny|100/100
|switch|p2b: Mike Tyson|Urshifu-Rapid-Strike, L50, F|100/100
|-ability|p2a: John Cena|Intimidate|boost
|-unboost|p1a: Iron Valiant|atk|1
|-unboost|p1b: Meowstic|atk|1
|turn|1
|
|t:|1750739605
|-end|p1a: Iron Valiant|Quark Drive|[silent]
|switch|p1a: Incineroar|Incineroar, L50, M|100/100
|-ability|p1a: Incineroar|Intimidate|boost
|-unboost|p2a: John Cena|atk|1
|-unboost|p2b: Mike Tyson|atk|1
|-terastallize|p2b: Mike Tyson|Water
|move|p2a: John Cena|Fake Out|p1a: Incineroar
|-damage|p1a: Incineroar|92/100
|-damage|p2a: John Cena|84/100|[from] item: Rocky Helmet|[of] p1a: Incineroar
|move|p1b: Meowstic|Reflect|p1b: Meowstic
|-sidestart|p1: SpicySpicy1374|Reflect
|move|p2b: Mike Tyson|Surging Strikes|p1a: Incineroar
|-supereffective|p1a: Incineroar
|-crit|p1a: Incineroar
|-damage|p1a: Incineroar|15/100
|-damage|p2b: Mike Tyson|84/100|[from] item: Rocky Helmet|[of] p1a: Incineroar
|-supereffective|p1a: Incineroar
|-crit|p1a: Incineroar
|-damage|p1a: Incineroar|0 fnt
|-damage|p2b: Mike Tyson|68/100|[from] item: Rocky Helmet|[of] p1a: Incineroar
|faint|p1a: Incineroar
|-hitcount|p1: Incineroar|2
|
|upkeep
|
|t:|1750739624
|switch|p1a: Iron Valiant|Iron Valiant, L50|100/100
|turn|2
|
|t:|1750739633
|move|p1b: Meowstic|Gravity|p1b: Meowstic
|-fieldstart|move: Gravity
|move|p1a: Iron Valiant|Hypnosis|p2b: Mike Tyson
|-status|p2b: Mike Tyson|slp|[from] move: Hypnosis
|cant|p2b: Mike Tyson|slp
|move|p2a: John Cena|Parting Shot|p1a: Iron Valiant
|-unboost|p1a: Iron Valiant|atk|1
|-unboost|p1a: Iron Valiant|spa|1
|
|t:|1750739643
|switch|p2a: Mommy|Lunala, L50|100/100|[from] Parting Shot
|
|upkeep
|turn|3
|
|t:|1750739650
|-end|p1a: Iron Valiant|Quark Drive|[silent]
|switch|p1a: Groudon|Groudon, L50|100/100
|-weather|SunnyDay|[from] ability: Drought|[of] p1a: Groudon
|move|p1b: Meowstic|Light Screen|p1b: Meowstic
|-sidestart|p1: SpicySpicy1374|move: Light Screen
|cant|p2b: Mike Tyson|slp
|move|p2a: Mommy|Trick Room|p2a: Mommy
|-fieldstart|move: Trick Room|[of] p2a: Mommy
|
|-weather|SunnyDay|[upkeep]
|upkeep
|turn|4
|
|t:|1750739678
|move|p1a: Groudon|Protect|p1a: Groudon
|-singleturn|p1a: Groudon|Protect
|move|p2a: Mommy|Wide Guard|p2a: Mommy
|-singleturn|p2a: Mommy|Wide Guard
|move|p1b: Meowstic|Psychic|p2a: Mommy
|-resisted|p2a: Mommy
|-damage|p2a: Mommy|94/100
|cant|p2b: Mike Tyson|slp
|
|-weather|SunnyDay|[upkeep]
|upkeep
|turn|5
|
|t:|1750739710
|switch|p2b: Drew|Ursaluna, L50, F|100/100
|move|p2a: Mommy|Wide Guard|p2a: Mommy
|-singleturn|p2a: Mommy|Wide Guard
|move|p1a: Groudon|Heat Crash|p2a: Mommy
|-damage|p2a: Mommy|50/100
|move|p1b: Meowstic|Psychic|p2b: Drew
|-damage|p2b: Drew|69/100
|
|-weather|SunnyDay|[upkeep]
|-status|p2b: Drew|brn|[from] item: Flame Orb
|upkeep
|turn|6
|
|t:|1750739752
|move|p2a: Mommy|Wide Guard|p2a: Mommy
|-singleturn|p2a: Mommy|Wide Guard
|move|p2b: Drew|Earthquake|p1b: Meowstic|[spread] p1a,p1b
|-activate|p2a: Mommy|move: Wide Guard
|-damage|p1a: Groudon|70/100
|-damage|p1b: Meowstic|39/100
|move|p1a: Groudon|Heat Crash|p2a: Mommy
|-damage|p2a: Mommy|5/100
|move|p1b: Meowstic|Psychic|p2a: Mommy
|-resisted|p2a: Mommy
|-damage|p2a: Mommy|0 fnt
|faint|p2a: Mommy
|
|-weather|SunnyDay|[upkeep]
|-damage|p2b: Drew|63/100 brn|[from] brn
|-fieldend|move: Gravity
|upkeep
|
|t:|1750739766
|switch|p2a: John Cena|Incineroar, L50, M, shiny|84/100
|-ability|p2a: John Cena|Intimidate|boost
|-fail|p1a: Groudon|unboost|[from] item: Clear Amulet|[of] p1a: Groudon
|-unboost|p1b: Meowstic|atk|1
|turn|7
|
|t:|1750739783
|move|p1a: Groudon|Protect|p1a: Groudon
|-singleturn|p1a: Groudon|Protect
|move|p2a: John Cena|Fake Out|p1a: Groudon
|-activate|p1a: Groudon|move: Protect
|move|p1b: Meowstic|Gravity|p1b: Meowstic
|-fieldstart|move: Gravity
|move|p2b: Drew|Facade|p1a: Groudon
|-activate|p1a: Groudon|move: Protect
|
|-weather|none
|-damage|p2b: Drew|57/100 brn|[from] brn
|-fieldend|move: Trick Room
|upkeep
|turn|8
|
|t:|1750739832
|switch|p2a: Mike Tyson|Urshifu-Rapid-Strike, L50, F, tera:Water|68/100 slp
|move|p1b: Meowstic|Psychic|p2b: Drew
|-damage|p2b: Drew|30/100 brn
|move|p1a: Groudon|Precipice Blades|p2b: Drew|[spread] p2a,p2b
|-damage|p2a: Mike Tyson|23/100 slp
|-damage|p2b: Drew|0 fnt
|faint|p2b: Drew
|
|-sideend|p1: SpicySpicy1374|Reflect
|upkeep
|
|t:|1750739842
|switch|p2b: John Cena|Incineroar, L50, M, shiny|84/100
|-ability|p2b: John Cena|Intimidate|boost
|-fail|p1a: Groudon|unboost|[from] item: Clear Amulet|[of] p1a: Groudon
|-unboost|p1b: Meowstic|atk|1
|turn|9
|
|t:|1750739856
|move|p1a: Groudon|Protect|p1a: Groudon
|-singleturn|p1a: Groudon|Protect
|move|p2b: John Cena|Fake Out|p1b: Meowstic
|-damage|p1b: Meowstic|26/100
|cant|p1b: Meowstic|flinch
|-curestatus|p2a: Mike Tyson|slp|[msg]
|move|p2a: Mike Tyson|Surging Strikes|p1a: Groudon
|-supereffective|p1a: Groudon
|-crit|p1a: Groudon
|-damage|p1a: Groudon|19/100
|-supereffective|p1a: Groudon
|-crit|p1a: Groudon
|-damage|p1a: Groudon|0 fnt
|faint|p1a: Groudon
|-hitcount|p1: Groudon|2
|
|upkeep
|
|t:|1750739863
|switch|p1a: Iron Valiant|Iron Valiant, L50|100/100
|turn|10
|
|t:|1750739894
|move|p1b: Meowstic|Reflect|p1b: Meowstic
|-sidestart|p1: SpicySpicy1374|Reflect
|move|p1a: Iron Valiant|Hypnosis|p2a: Mike Tyson
|-status|p2a: Mike Tyson|slp|[from] move: Hypnosis
|cant|p2a: Mike Tyson|slp
|move|p2b: John Cena|Flare Blitz|p1a: Iron Valiant
|-damage|p1a: Iron Valiant|60/100
|-damage|p2b: John Cena|74/100|[from] Recoil
|
|-sideend|p1: SpicySpicy1374|move: Light Screen
|upkeep
|turn|11
|
|t:|1750739912
|-terastallize|p1a: Iron Valiant|Stellar
|move|p1a: Iron Valiant|Close Combat|p2b: John Cena
|-supereffective|p2b: John Cena
|-damage|p2b: John Cena|0 fnt
|-unboost|p1a: Iron Valiant|def|1
|-unboost|p1a: Iron Valiant|spd|1
|faint|p2b: John Cena
|-curestatus|p2a: Mike Tyson|slp|[msg]
|move|p2a: Mike Tyson|Surging Strikes|p1a: Iron Valiant
|-crit|p1a: Iron Valiant
|-damage|p1a: Iron Valiant|0 fnt
|faint|p1a: Iron Valiant
|-end|p1a: Iron Valiant|Quark Drive|[silent]
|-hitcount|p1: Iron Valiant|1
|move|p1b: Meowstic|Psychic|p2a: Mike Tyson
|-damage|p2a: Mike Tyson|0 fnt
|faint|p2a: Mike Tyson
|
|win|SpicySpicy1374
|raw|SpicySpicy1374's rating: 1191 &rarr; <strong>1215</strong><br />(+24 for winning)
|raw|brilldotbait's rating: 1183 &rarr; <strong>1159</strong><br />(-24 for losing)
|l|☆brilldotbait
|player|p2|
|l|☆SpicySpicy1374
|player|p1|
