|j|☆MalteseShark
|j|☆fac new worm god
|t:|1750861652
|gametype|doubles
|player|p1|MalteseShark|acetrainer-gen4dp|1406
|player|p2|fac new worm god|miku-ice|1378
|teamsize|p1|6
|teamsize|p2|6
|gen|9
|tier|[Gen 9] VGC 2025 Reg I
|rated|
|rule|Species Clause: Limit one of each Pokémon
|rule|Item Clause: Limit 1 of each item
|clearpoke
|poke|p1|Miraidon, L50|
|poke|p1|Calyrex-Ice, L50|
|poke|p1|Amoonguss, L50, F|
|poke|p1|Flutter Mane, L50|
|poke|p1|Garchomp, L50, M|
|poke|p1|Ogerpon-Wellspring, L50, F|
|poke|p2|Calyrex-Shadow, L50|
|poke|p2|Zamazenta-*, L50|
|poke|p2|Chien-Pao, L50|
|poke|p2|Raging Bolt, L50|
|poke|p2|Incineroar, L50, M|
|poke|p2|Amoonguss, L50, M|
|teampreview|4
|inactive|Battle timer is ON: inactive players will automatically lose when time's up. (requested by fac new worm god)
|
|t:|1750861678
|start
|switch|p1a: Calyrex|Calyrex-Ice, L50|100/100
|switch|p1b: Amoonguss|Amoonguss, L50, F|100/100
|switch|p2a: Calyrex|Calyrex-Shadow, L50|100/100
|switch|p2b: Chien-Pao|Chien-Pao, L50|100/100
|-ability|p2a: Calyrex|As One
|-ability|p2a: Calyrex|Unnerve
|-ability|p1a: Calyrex|As One
|-ability|p1a: Calyrex|Unnerve
|-ability|p2b: Chien-Pao|Sword of Ruin
|turn|1
|
|t:|1750861697
|move|p1a: Calyrex|Protect|p1a: Calyrex
|-singleturn|p1a: Calyrex|Protect
|move|p1b: Amoonguss|Protect|p1b: Amoonguss
|-singleturn|p1b: Amoonguss|Protect
|move|p2a: Calyrex|Psychic|p1b: Amoonguss
|-activate|p1b: Amoonguss|move: Protect
|move|p2b: Chien-Pao|Taunt|p1b: Amoonguss
|-activate|p1b: Amoonguss|move: Protect
|
|upkeep
|turn|2
|
|t:|1750861720
|-terastallize|p1a: Calyrex|Fire
|move|p2a: Calyrex|Psychic|p1b: Amoonguss
|-supereffective|p1b: Amoonguss
|-damage|p1b: Amoonguss|0 fnt
|faint|p1b: Amoonguss
|-ability|p2a: Calyrex|Grim Neigh|boost
|-boost|p2a: Calyrex|spa|1
|-damage|p2a: Calyrex|91/100|[from] item: Life Orb
|move|p2b: Chien-Pao|Taunt|p1a: Calyrex
|-start|p1a: Calyrex|move: Taunt
|move|p1a: Calyrex|Glacial Lance|p2a: Calyrex|[spread] p2a,p2b
|-resisted|p2b: Chien-Pao
|-damage|p2a: Calyrex|0 fnt
|-damage|p2b: Chien-Pao|62/100
|faint|p2a: Calyrex
|-ability|p1a: Calyrex|Chilling Neigh|boost
|-boost|p1a: Calyrex|atk|1
|
|upkeep
|
|t:|1750861745
|switch|p2a: Incineroar|Incineroar, L50, M|100/100
|switch|p1b: Garchomp|Garchomp, L50, M|100/100
|-ability|p2a: Incineroar|Intimidate|boost
|-fail|p1a: Calyrex|unboost|[from] item: Clear Amulet|[of] p1a: Calyrex
|-unboost|p1b: Garchomp|atk|1
|turn|3
|inactive|fac new worm god has 30 seconds left.
|
|t:|1750861772
|move|p2b: Chien-Pao|Protect|p2b: Chien-Pao
|-singleturn|p2b: Chien-Pao|Protect
|move|p1b: Garchomp|Rock Slide|p2b: Chien-Pao|[spread] p2a
|-activate|p2b: Chien-Pao|move: Protect
|-supereffective|p2a: Incineroar
|-damage|p2a: Incineroar|79/100
|move|p2a: Incineroar|Knock Off|p1a: Calyrex
|-damage|p1a: Calyrex|68/100
|-enditem|p1a: Calyrex|Clear Amulet|[from] move: Knock Off|[of] p2a: Incineroar
|move|p1a: Calyrex|Glacial Lance|p2b: Chien-Pao|[spread] p2a
|-activate|p2b: Chien-Pao|move: Protect
|-resisted|p2a: Incineroar
|-damage|p2a: Incineroar|35/100
|
|upkeep
|turn|4
|
|t:|1750861797
|move|p1b: Garchomp|Rock Slide|p2b: Chien-Pao|[spread] p2a
|-miss|p1b: Garchomp|p2b: Chien-Pao
|-supereffective|p2a: Incineroar
|-damage|p2a: Incineroar|13/100
|move|p2b: Chien-Pao|Ice Spinner|p1b: Garchomp
|-supereffective|p1b: Garchomp
|-damage|p1b: Garchomp|0 fnt
|-damage|p2b: Chien-Pao|50/100|[from] ability: Rough Skin|[of] p1b: Garchomp
|faint|p1b: Garchomp
|move|p2a: Incineroar|U-turn|p1a: Calyrex
|-resisted|p1a: Calyrex
|-damage|p1a: Calyrex|61/100
|
|t:|1750861807
|switch|p2a: Zamazenta|Zamazenta-Crowned, L50|100/100|[from] U-turn
|-ability|p2a: Zamazenta|Dauntless Shield|boost
|-boost|p2a: Zamazenta|def|1
|move|p1a: Calyrex|Glacial Lance|p2a: Zamazenta|[spread] p2a,p2b
|-resisted|p2a: Zamazenta
|-resisted|p2b: Chien-Pao
|-damage|p2a: Zamazenta|77/100
|-damage|p2b: Chien-Pao|0 fnt
|faint|p2b: Chien-Pao
|-ability|p1a: Calyrex|Chilling Neigh|boost
|-boost|p1a: Calyrex|atk|1
|
|-end|p1a: Calyrex|move: Taunt
|upkeep
|
|t:|1750861821
|switch|p2b: Incineroar|Incineroar, L50, M|13/100
|switch|p1b: Miraidon|Miraidon, L50|100/100
|-fieldstart|move: Electric Terrain|[from] ability: Hadron Engine|[of] p1b: Miraidon
|-enditem|p1b: Miraidon|Electric Seed
|-boost|p1b: Miraidon|def|1|[from] item: Electric Seed
|-ability|p2b: Incineroar|Intimidate|boost
|-unboost|p1a: Calyrex|atk|1
|-unboost|p1b: Miraidon|atk|1
|turn|5
|inactive|fac new worm god has 30 seconds left.
|inactive|fac new worm god has 20 seconds left.
|
|t:|1750861861
|move|p1b: Miraidon|Protect|p1b: Miraidon
|-singleturn|p1b: Miraidon|Protect
|move|p1a: Calyrex|Protect|p1a: Calyrex
|-singleturn|p1a: Calyrex|Protect
|move|p2a: Zamazenta|Body Press|p1a: Calyrex
|-activate|p1a: Calyrex|move: Protect
|move|p2b: Incineroar|Flare Blitz|p1a: Calyrex
|-activate|p1a: Calyrex|move: Protect
|
|upkeep
|turn|6
|inactive|MalteseShark has 30 seconds left.
|inactive|fac new worm god has 30 seconds left.
|
|t:|1750861889
|move|p1b: Miraidon|Electro Drift|p2a: Zamazenta
|-damage|p2a: Zamazenta|15/100
|move|p2a: Zamazenta|Body Press|p1a: Calyrex
|-damage|p1a: Calyrex|17/100
|move|p2b: Incineroar|Flare Blitz|p1a: Calyrex
|-resisted|p1a: Calyrex
|-damage|p1a: Calyrex|3/100
|-damage|p2b: Incineroar|8/100|[from] Recoil
|move|p1a: Calyrex|High Horsepower|p2a: Zamazenta
|-supereffective|p2a: Zamazenta
|-damage|p2a: Zamazenta|0 fnt
|faint|p2a: Zamazenta
|-ability|p1a: Calyrex|Chilling Neigh|boost
|-boost|p1a: Calyrex|atk|1
|
|upkeep
|turn|7
|-message|fac new worm god forfeited.
|
|win|MalteseShark
|raw|MalteseShark's rating: 1406 &rarr; <strong>1424</strong><br />(+18 for winning)
|raw|fac new worm god's rating: 1378 &rarr; <strong>1360</strong><br />(-18 for losing)
|l|☆fac new worm god
|player|p2|
|l|☆MalteseShark
|player|p1|
