|j|☆cjjsir
|j|☆fredrvneto
|t:|1750776751
|gametype|doubles
|player|p1|cjjsir|102|1509
|player|p2|fredrvneto|265|1389
|teamsize|p1|6
|teamsize|p2|6
|gen|9
|tier|[Gen 9] VGC 2025 Reg I
|rated|
|rule|Species Clause: Limit one of each Pokémon
|rule|Item Clause: Limit 1 of each item
|clearpoke
|poke|p1|Grimmsnarl, L50, M|
|poke|p1|Gallade, L50, M|
|poke|p1|Metagross, L50|
|poke|p1|Lunala, L50|
|poke|p1|Amoonguss, L50, M|
|poke|p1|Calyrex-Ice, L50|
|poke|p2|Calyrex-Ice, L50|
|poke|p2|Torkoal, L50, F|
|poke|p2|Indeedee-F, L50, F|
|poke|p2|Lunala, L50|
|poke|p2|Incineroar, L50, F|
|poke|p2|Annihilape, L50, M|
|teampreview|4
|inactive|Battle timer is ON: inactive players will automatically lose when time's up. (requested by fredrvneto)
|
|t:|1750776775
|start
|switch|p1a: Grimmsnarl|Grimmsnarl, L50, M|100/100
|switch|p1b: Lunala|Lunala, L50|100/100
|switch|p2a: Indeedee|Indeedee-F, L50, F|100/100
|switch|p2b: Annihilape|Annihilape, L50, M|100/100
|-fieldstart|move: Psychic Terrain|[from] ability: Psychic Surge|[of] p2a: Indeedee
|turn|1
|
|t:|1750776797
|move|p1a: Grimmsnarl|Reflect|p1a: Grimmsnarl
|-sidestart|p1: cjjsir|Reflect
|move|p2b: Annihilape|Rage Fist|p1b: Lunala
|-supereffective|p1b: Lunala
|-damage|p1b: Lunala|80/100
|move|p1b: Lunala|Meteor Beam||[still]
|-prepare|p1b: Lunala|Meteor Beam
|-boost|p1b: Lunala|spa|1
|-enditem|p1b: Lunala|Power Herb
|-anim|p1b: Lunala|Meteor Beam|p2a: Indeedee
|-damage|p2a: Indeedee|46/100
|move|p2a: Indeedee|Trick Room|p2a: Indeedee
|-fieldstart|move: Trick Room|[of] p2a: Indeedee
|
|upkeep
|turn|2
|
|t:|1750776820
|move|p2a: Indeedee|Follow Me|p2a: Indeedee
|-singleturn|p2a: Indeedee|move: Follow Me
|move|p1a: Grimmsnarl|Spirit Break|p2a: Indeedee
|-damage|p2a: Indeedee|3/100
|-unboost|p2a: Indeedee|spa|1
|move|p1b: Lunala|Moonblast|p2a: Indeedee
|-damage|p2a: Indeedee|0 fnt
|faint|p2a: Indeedee
|move|p2b: Annihilape|Rage Fist|p1b: Lunala
|-supereffective|p1b: Lunala
|-damage|p1b: Lunala|35/100
|
|upkeep
|inactive|fredrvneto has 30 seconds left.
|
|t:|1750776847
|switch|p2a: Torkoal|Torkoal, L50, F|100/100
|-weather|SunnyDay|[from] ability: Drought|[of] p2a: Torkoal
|turn|3
|
|t:|1750776862
|move|p1a: Grimmsnarl|Light Screen|p1a: Grimmsnarl
|-sidestart|p1: cjjsir|move: Light Screen
|move|p2a: Torkoal|Eruption|p1b: Lunala|[spread] p1a,p1b
|-damage|p1a: Grimmsnarl|47/100
|-damage|p1b: Lunala|0 fnt
|faint|p1b: Lunala
|move|p2b: Annihilape|Rage Fist|p1a: Grimmsnarl
|-resisted|p1a: Grimmsnarl
|-damage|p1a: Grimmsnarl|39/100
|
|-weather|SunnyDay|[upkeep]
|upkeep
|
|t:|1750776872
|switch|p1b: Calyrex|Calyrex-Ice, L50|100/100
|-ability|p1b: Calyrex|As One
|-ability|p1b: Calyrex|Unnerve
|turn|4
|
|t:|1750776890
|-terastallize|p1b: Calyrex|Water
|move|p2a: Torkoal|Eruption|p1b: Calyrex|[spread] p1a,p1b
|-resisted|p1b: Calyrex
|-damage|p1a: Grimmsnarl|0 fnt
|-damage|p1b: Calyrex|75/100
|faint|p1a: Grimmsnarl
|move|p1b: Calyrex|Leech Seed|p2a: Torkoal
|-start|p2a: Torkoal|move: Leech Seed
|move|p2b: Annihilape|Rage Fist|p1b: Calyrex
|-damage|p1b: Calyrex|66/100
|
|-weather|SunnyDay|[upkeep]
|-damage|p2a: Torkoal|88/100|[from] Leech Seed|[of] p1b: Calyrex
|-heal|p1b: Calyrex|77/100|[silent]
|upkeep
|
|t:|1750776903
|switch|p1a: Gallade|Gallade, L50, M|100/100
|turn|5
|
|t:|1750776913
|switch|p2a: Lunala|Lunala, L50|100/100
|move|p1a: Gallade|Wide Guard|p1a: Gallade
|-singleturn|p1a: Gallade|Wide Guard
|move|p1b: Calyrex|Leech Seed|p2b: Annihilape
|-start|p2b: Annihilape|move: Leech Seed
|move|p2b: Annihilape|Rage Fist|p1a: Gallade
|-supereffective|p1a: Gallade
|-damage|p1a: Gallade|53/100
|
|-weather|SunnyDay|[upkeep]
|-damage|p2b: Annihilape|88/100|[from] Leech Seed|[of] p1b: Calyrex
|-heal|p1b: Calyrex|90/100|[silent]
|-sideend|p1: cjjsir|Reflect
|-fieldend|move: Trick Room
|-fieldend|move: Psychic Terrain
|upkeep
|turn|6
|
|t:|1750776934
|move|p2b: Annihilape|Rage Fist|p1a: Gallade
|-supereffective|p1a: Gallade
|-damage|p1a: Gallade|0 fnt
|faint|p1a: Gallade
|move|p2a: Lunala|Meteor Beam||[still]
|-prepare|p2a: Lunala|Meteor Beam
|-boost|p2a: Lunala|spa|1
|-enditem|p2a: Lunala|Power Herb
|-anim|p2a: Lunala|Meteor Beam|p1b: Calyrex|[miss]
|-miss|p2a: Lunala|p1b: Calyrex
|move|p1b: Calyrex|Glacial Lance|p2b: Annihilape|[spread] p2a,p2b
|-damage|p2a: Lunala|77/100
|-damage|p2b: Annihilape|32/100
|
|-weather|SunnyDay|[upkeep]
|-damage|p2b: Annihilape|20/100|[from] Leech Seed|[of] p1b: Calyrex
|-heal|p1b: Calyrex|100/100|[silent]
|upkeep
|turn|7
|
|t:|1750776951
|move|p2b: Annihilape|Rage Fist|p1b: Calyrex
|-damage|p1b: Calyrex|77/100
|move|p2a: Lunala|Moongeist Beam|p1b: Calyrex
|-damage|p1b: Calyrex|39/100
|move|p1b: Calyrex|Glacial Lance|p2a: Lunala|[spread] p2a,p2b
|-damage|p2a: Lunala|25/100
|-damage|p2b: Annihilape|0 fnt
|faint|p2b: Annihilape
|-ability|p1b: Calyrex|Chilling Neigh|boost
|-boost|p1b: Calyrex|atk|1
|
|-weather|none
|-sideend|p1: cjjsir|move: Light Screen
|upkeep
|
|t:|1750776961
|switch|p2b: Torkoal|Torkoal, L50, F|88/100
|-weather|SunnyDay|[from] ability: Drought|[of] p2b: Torkoal
|turn|8
|
|t:|1750776970
|move|p2a: Lunala|Moongeist Beam|p1b: Calyrex
|-damage|p1b: Calyrex|0 fnt
|faint|p1b: Calyrex
|
|win|fredrvneto
|raw|cjjsir's rating: 1509 &rarr; <strong>1482</strong><br />(-27 for losing)
|raw|fredrvneto's rating: 1389 &rarr; <strong>1416</strong><br />(+27 for winning)
|l|☆fredrvneto
|player|p2|
|l|☆cjjsir
|player|p1|
