|j|☆ImEnigmaa_
|j|☆Furl0w
|t:|1750882557
|gametype|doubles
|player|p1|ImEnigmaa_|n|1497
|player|p2|Furl0w|volkner|1460
|teamsize|p1|6
|teamsize|p2|6
|gen|9
|tier|[Gen 9] VGC 2025 Reg I
|rated|
|rule|Species Clause: Limit one of each Pokémon
|rule|Item Clause: Limit 1 of each item
|clearpoke
|poke|p1|Calyrex-Ice, L50|
|poke|p1|Groudon, L50|
|poke|p1|Flutter Mane, L50|
|poke|p1|Raging Bolt, L50|
|poke|p1|Brute Bonnet, L50|
|poke|p1|Incineroar, L50, M|
|poke|p2|Incineroar, L50, F|
|poke|p2|Eternatus, L50|
|poke|p2|Lunala, L50|
|poke|p2|Whimsicott, L50, F|
|poke|p2|Rillaboom, L50, F|
|poke|p2|Volcarona, L50, M|
|teampreview|4
|inactive|Battle timer is ON: inactive players will automatically lose when time's up. (requested by ImEnigmaa_)
|inactive|ImEnigmaa_ has 60 seconds left.
|inactive|Furl0w has 60 seconds left.
|
|t:|1750882601
|start
|switch|p1a: Groudon|Groudon, L50, shiny|100/100
|switch|p1b: Flutter Mane|Flutter Mane, L50, shiny|100/100
|switch|p2a: Incineroar|Incineroar, L50, F|100/100
|switch|p2b: Lunala|Lunala, L50|100/100
|-weather|SunnyDay|[from] ability: Drought|[of] p1a: Groudon
|-activate|p1b: Flutter Mane|ability: Protosynthesis
|-start|p1b: Flutter Mane|protosynthesisspe
|-ability|p2a: Incineroar|Intimidate|boost
|-unboost|p1a: Groudon|atk|1
|-unboost|p1b: Flutter Mane|atk|1
|turn|1
|inactive|Furl0w has 30 seconds left.
|
|t:|1750882636
|switch|p1a: Incineroar|Incineroar, L50, M, shiny|100/100
|-ability|p1a: Incineroar|Intimidate|boost
|-unboost|p2a: Incineroar|atk|1
|-unboost|p2b: Lunala|atk|1
|-terastallize|p2b: Lunala|Fairy
|move|p2a: Incineroar|Fake Out|p1a: Incineroar
|-damage|p1a: Incineroar|94/100
|-damage|p2a: Incineroar|84/100|[from] item: Rocky Helmet|[of] p1a: Incineroar
|move|p1b: Flutter Mane|Shadow Ball|p2b: Lunala
|-damage|p2b: Lunala|85/100
|move|p2b: Lunala|Moongeist Beam|p1b: Flutter Mane
|-supereffective|p1b: Flutter Mane
|-enditem|p1b: Flutter Mane|Focus Sash
|-damage|p1b: Flutter Mane|1/100
|
|-weather|SunnyDay|[upkeep]
|-heal|p2b: Lunala|91/100|[from] item: Leftovers
|upkeep
|turn|2
|inactive|ImEnigmaa_ has 30 seconds left.
|inactive|Furl0w has 30 seconds left.
|inactive|ImEnigmaa_ has 20 seconds left.
|inactive|ImEnigmaa_ has 15 seconds left.
|
|t:|1750882678
|-end|p1b: Flutter Mane|Protosynthesis|[silent]
|switch|p1b: Groudon|Groudon, L50, shiny|100/100
|move|p2b: Lunala|Moonblast|p1b: Groudon
|-damage|p1b: Groudon|45/100
|-unboost|p1b: Groudon|spa|1
|move|p1a: Incineroar|Parting Shot|p2b: Lunala
|-unboost|p2b: Lunala|atk|1
|-unboost|p2b: Lunala|spa|1
|
|t:|1750882688
|switch|p1a: Flutter Mane|Flutter Mane, L50, shiny|1/100|[from] Parting Shot
|-activate|p1a: Flutter Mane|ability: Protosynthesis
|-start|p1a: Flutter Mane|protosynthesisspe
|move|p2a: Incineroar|Knock Off|p1b: Groudon
|-damage|p1b: Groudon|28/100
|-enditem|p1b: Groudon|Wide Lens|[from] move: Knock Off|[of] p2a: Incineroar
|
|-weather|SunnyDay|[upkeep]
|-heal|p2b: Lunala|97/100|[from] item: Leftovers
|upkeep
|turn|3
|inactive|Furl0w has 30 seconds left.
|inactive|Furl0w has 20 seconds left.
|
|t:|1750882729
|switch|p2a: Rillaboom|Rillaboom, L50, F|100/100
|-fieldstart|move: Grassy Terrain|[from] ability: Grassy Surge|[of] p2a: Rillaboom
|move|p1b: Groudon|Protect|p1b: Groudon
|-singleturn|p1b: Groudon|Protect
|move|p1a: Flutter Mane|Moonblast|p2b: Lunala
|-damage|p2b: Lunala|62/100
|move|p2b: Lunala|Moonblast|p1b: Groudon
|-activate|p1b: Groudon|move: Protect
|
|-weather|SunnyDay|[upkeep]
|-heal|p1a: Flutter Mane|7/100|[from] Grassy Terrain
|-heal|p1b: Groudon|34/100|[from] Grassy Terrain
|-heal|p2b: Lunala|68/100|[from] Grassy Terrain
|-heal|p2b: Lunala|74/100|[from] item: Leftovers
|upkeep
|turn|4
|inactive|ImEnigmaa_ has 30 seconds left.
|inactive|ImEnigmaa_ has 20 seconds left.
|
|t:|1750882764
|switch|p1b: Incineroar|Incineroar, L50, M, shiny|94/100
|-ability|p1b: Incineroar|Intimidate|boost
|-unboost|p2a: Rillaboom|atk|1
|-unboost|p2b: Lunala|atk|1
|move|p2a: Rillaboom|Grassy Glide|p1a: Flutter Mane
|-damage|p1a: Flutter Mane|0 fnt
|faint|p1a: Flutter Mane
|-end|p1a: Flutter Mane|Protosynthesis|[silent]
|move|p2b: Lunala|Moonblast|p1b: Incineroar
|-damage|p1b: Incineroar|61/100
|
|-weather|SunnyDay|[upkeep]
|-heal|p2b: Lunala|80/100|[from] Grassy Terrain
|-heal|p2b: Lunala|86/100|[from] item: Leftovers
|-heal|p1b: Incineroar|67/100|[from] Grassy Terrain
|upkeep
|
|t:|1750882779
|switch|p1a: Calyrex|Calyrex-Ice, L50|100/100
|-ability|p1a: Calyrex|As One
|-ability|p1a: Calyrex|Unnerve
|turn|5
|
|t:|1750882793
|switch|p2a: Incineroar|Incineroar, L50, F|84/100
|-ability|p2a: Incineroar|Intimidate|boost
|-fail|p1a: Calyrex|unboost|[from] item: Clear Amulet|[of] p1a: Calyrex
|-unboost|p1b: Incineroar|atk|1
|move|p1b: Incineroar|Fake Out|p2b: Lunala
|-damage|p2b: Lunala|80/100
|cant|p2b: Lunala|flinch
|move|p1a: Calyrex|Glacial Lance|p2a: Incineroar|[spread] p2a,p2b
|-resisted|p2a: Incineroar
|-damage|p2a: Incineroar|60/100
|-damage|p2b: Lunala|37/100
|
|-weather|none
|-heal|p2b: Lunala|44/100|[from] Grassy Terrain
|-heal|p2b: Lunala|50/100|[from] item: Leftovers
|-heal|p1b: Incineroar|73/100|[from] Grassy Terrain
|-heal|p2a: Incineroar|66/100|[from] Grassy Terrain
|upkeep
|turn|6
|inactive|ImEnigmaa_ has 30 seconds left.
|inactive|Furl0w has 30 seconds left.
|
|t:|1750882825
|move|p1a: Calyrex|Protect|p1a: Calyrex
|-singleturn|p1a: Calyrex|Protect
|move|p2a: Incineroar|Fake Out|p1a: Calyrex
|-activate|p1a: Calyrex|move: Protect
|move|p2b: Lunala|Moonblast|p1b: Incineroar
|-damage|p1b: Incineroar|40/100
|move|p1b: Incineroar|Parting Shot|p2a: Incineroar
|-unboost|p2a: Incineroar|atk|1
|-unboost|p2a: Incineroar|spa|1
|
|t:|1750882835
|switch|p1b: Groudon|Groudon, L50, shiny|34/100|[from] Parting Shot
|-weather|SunnyDay|[from] ability: Drought|[of] p1b: Groudon
|
|-weather|SunnyDay|[upkeep]
|-heal|p1b: Groudon|40/100|[from] Grassy Terrain
|-heal|p2b: Lunala|56/100|[from] Grassy Terrain
|-heal|p2b: Lunala|62/100|[from] item: Leftovers
|-heal|p2a: Incineroar|72/100|[from] Grassy Terrain
|upkeep
|turn|7
|
|t:|1750882859
|switch|p2a: Eternatus|Eternatus, L50|100/100
|-ability|p2a: Eternatus|Pressure
|-terastallize|p1a: Calyrex|Water
|move|p2b: Lunala|Wide Guard|p2b: Lunala
|-singleturn|p2b: Lunala|Wide Guard
|move|p1b: Groudon|Stone Edge|p2a: Eternatus|[miss]
|-miss|p1b: Groudon|p2a: Eternatus
|move|p1a: Calyrex|Glacial Lance|p2b: Lunala|[spread] 
|-activate|p2a: Eternatus|move: Wide Guard
|-activate|p2b: Lunala|move: Wide Guard
|
|-weather|SunnyDay|[upkeep]
|-heal|p1b: Groudon|46/100|[from] Grassy Terrain
|-heal|p2b: Lunala|68/100|[from] Grassy Terrain
|-heal|p2b: Lunala|74/100|[from] item: Leftovers
|-fieldend|move: Grassy Terrain
|upkeep
|turn|8
|
|t:|1750882882
|move|p2b: Lunala|Wide Guard|p2b: Lunala
|-singleturn|p2b: Lunala|Wide Guard
|move|p2a: Eternatus|Sludge Wave|p1b: Groudon|[spread] p1a,p1b
|-activate|p2b: Lunala|move: Wide Guard
|-resisted|p1b: Groudon
|-damage|p1a: Calyrex|61/100
|-damage|p1b: Groudon|20/100
|-damage|p2a: Eternatus|91/100|[from] item: Life Orb
|move|p1b: Groudon|Stone Edge|p2a: Eternatus
|-damage|p2a: Eternatus|60/100
|move|p1a: Calyrex|Glacial Lance|p2a: Eternatus|[spread] 
|-activate|p2a: Eternatus|move: Wide Guard
|-activate|p2b: Lunala|move: Wide Guard
|
|-weather|SunnyDay|[upkeep]
|-heal|p2b: Lunala|80/100|[from] item: Leftovers
|upkeep
|turn|9
|inactive|ImEnigmaa_ has 30 seconds left.
|inactive|ImEnigmaa_ has 20 seconds left.
|
|t:|1750882918
|move|p1a: Calyrex|Protect|p1a: Calyrex
|-singleturn|p1a: Calyrex|Protect
|move|p2b: Lunala|Wide Guard|p2b: Lunala
|-singleturn|p2b: Lunala|Wide Guard
|move|p2a: Eternatus|Sludge Wave|p1a: Calyrex|[spread] p1b
|-activate|p2b: Lunala|move: Wide Guard
|-activate|p1a: Calyrex|move: Protect
|-resisted|p1b: Groudon
|-crit|p1b: Groudon
|-damage|p1b: Groudon|0 fnt
|faint|p1b: Groudon
|-damage|p2a: Eternatus|50/100|[from] item: Life Orb
|
|-weather|SunnyDay|[upkeep]
|-heal|p2b: Lunala|87/100|[from] item: Leftovers
|upkeep
|
|t:|1750882927
|switch|p1b: Incineroar|Incineroar, L50, M, shiny|40/100
|-ability|p1b: Incineroar|Intimidate|boost
|-unboost|p2a: Eternatus|atk|1
|-unboost|p2b: Lunala|atk|1
|turn|10
|
|t:|1750882944
|move|p2a: Eternatus|Protect|p2a: Eternatus
|-singleturn|p2a: Eternatus|Protect
|move|p2b: Lunala|Wide Guard|p2b: Lunala
|-singleturn|p2b: Lunala|Wide Guard
|move|p1a: Calyrex|Glacial Lance|p2b: Lunala|[spread] 
|-activate|p2a: Eternatus|move: Wide Guard
|-activate|p2b: Lunala|move: Wide Guard
|move|p1b: Incineroar|Flare Blitz|p2b: Lunala
|-damage|p2b: Lunala|26/100
|-damage|p1b: Incineroar|15/100|[from] Recoil
|
|-weather|none
|-heal|p2b: Lunala|32/100|[from] item: Leftovers
|upkeep
|turn|11
|
|t:|1750882964
|move|p2b: Lunala|Wide Guard|p2b: Lunala
|-singleturn|p2b: Lunala|Wide Guard
|move|p2a: Eternatus|Sludge Wave|p1a: Calyrex|[spread] p1a,p1b
|-activate|p2b: Lunala|move: Wide Guard
|-damage|p1a: Calyrex|25/100
|-damage|p1b: Incineroar|0 fnt
|faint|p1b: Incineroar
|-damage|p2a: Eternatus|40/100|[from] item: Life Orb
|move|p1a: Calyrex|Trick Room|p1a: Calyrex
|-fieldstart|move: Trick Room|[of] p1a: Calyrex
|
|-heal|p2b: Lunala|39/100|[from] item: Leftovers
|upkeep
|turn|12
|
|t:|1750882979
|move|p2b: Lunala|Wide Guard|p2b: Lunala
|-singleturn|p2b: Lunala|Wide Guard
|move|p1a: Calyrex|Glacial Lance|p2a: Eternatus|[spread] 
|-activate|p2a: Eternatus|move: Wide Guard
|-activate|p2b: Lunala|move: Wide Guard
|move|p2a: Eternatus|Dynamax Cannon|p1a: Calyrex
|-crit|p1a: Calyrex
|-damage|p1a: Calyrex|0 fnt
|faint|p1a: Calyrex
|-damage|p2a: Eternatus|30/100|[from] item: Life Orb
|
|win|Furl0w
|raw|ImEnigmaa_'s rating: 1497 &rarr; <strong>1475</strong><br />(-22 for losing)
|raw|Furl0w's rating: 1460 &rarr; <strong>1482</strong><br />(+22 for winning)
|l|☆ImEnigmaa_
|player|p1|
|c|☆Furl0w|ggs
