|j|☆UnluckyTogekissZ
|j|☆Megaman087
|t:|1750719816
|gametype|doubles
|player|p1|UnluckyTogekissZ|169|1321
|player|p2|Megaman087|lucas|1345
|teamsize|p1|6
|teamsize|p2|6
|gen|9
|tier|[Gen 9] VGC 2025 Reg I
|rated|
|rule|Species Clause: Limit one of each Pokémon
|rule|Item Clause: Limit 1 of each item
|clearpoke
|poke|p1|Ho-Oh, L50|
|poke|p1|Overqwil, L50, M|
|poke|p1|Ting-Lu, L50|
|poke|p1|Calyrex-Ice, L50|
|poke|p1|Rillaboom, L50, M|
|poke|p1|Ogerpon-Wellspring, L50, F|
|poke|p2|Eternatus, L50|
|poke|p2|Grimmsnarl, L50, M|
|poke|p2|Wo-Chien, L50|
|poke|p2|Qwilfish-Hisui, L50, M|
|poke|p2|Cresselia, L50, F|
|poke|p2|Lugia, L50|
|teampreview|4
|inactive|Battle timer is ON: inactive players will automatically lose when time's up. (requested by Megaman087)
|
|t:|1750719847
|start
|switch|p1a: Overqwil|Overqwil, L50, M|100/100
|switch|p1b: Calyrex|Calyrex-Ice, L50|100/100
|switch|p2a: Grimmsnarl|Grimmsnarl, L50, M|100/100
|switch|p2b: Eternatus|Eternatus, L50|100/100
|-ability|p1b: Calyrex|As One
|-ability|p1b: Calyrex|Unnerve
|-ability|p2b: Eternatus|Pressure
|-ability|p1a: Overqwil|Intimidate|boost
|-unboost|p2a: Grimmsnarl|atk|1
|-unboost|p2b: Eternatus|atk|1
|turn|1
|
|t:|1750719858
|switch|p1a: Ho-Oh|Ho-Oh, L50|100/100
|move|p2a: Grimmsnarl|Reflect|p2a: Grimmsnarl
|-sidestart|p2: Megaman087|Reflect
|move|p2b: Eternatus|Cosmic Power|p2b: Eternatus
|-boost|p2b: Eternatus|def|1
|-boost|p2b: Eternatus|spd|1
|move|p1b: Calyrex|Glacial Lance|p2b: Eternatus|[spread] p2a,p2b
|-supereffective|p2b: Eternatus
|-damage|p2a: Grimmsnarl|75/100
|-damage|p2b: Eternatus|72/100
|
|upkeep
|turn|2
|
|t:|1750719877
|move|p2b: Eternatus|Cosmic Power|p2b: Eternatus
|-boost|p2b: Eternatus|def|1
|-boost|p2b: Eternatus|spd|1
|move|p2a: Grimmsnarl|Foul Play|p1b: Calyrex
|-supereffective|p1b: Calyrex
|-damage|p1b: Calyrex|44/100
|move|p1b: Calyrex|Glacial Lance|p2a: Grimmsnarl|[spread] p2a,p2b
|-supereffective|p2b: Eternatus
|-crit|p2b: Eternatus
|-damage|p2a: Grimmsnarl|48/100
|-damage|p2b: Eternatus|0 fnt
|faint|p2b: Eternatus
|-ability|p1b: Calyrex|Chilling Neigh|boost
|-boost|p1b: Calyrex|atk|1
|move|p1a: Ho-Oh|Whirlwind|p2a: Grimmsnarl
|drag|p2a: Wo-Chien|Wo-Chien, L50|100/100
|-ability|p2a: Wo-Chien|Tablets of Ruin
|
|-heal|p1b: Calyrex|50/100|[from] item: Leftovers
|upkeep
|
|t:|1750719893
|switch|p2b: Qwilfish|Qwilfish-Hisui, L50, M, shiny|100/100
|-ability|p2b: Qwilfish|Intimidate|boost
|-unboost|p1a: Ho-Oh|atk|1
|-unboost|p1b: Calyrex|atk|1
|turn|3
|
|t:|1750719907
|-terastallize|p2a: Wo-Chien|Poison
|move|p1b: Calyrex|Protect|p1b: Calyrex
|-singleturn|p1b: Calyrex|Protect
|move|p1a: Ho-Oh|Life Dew||[still]|[spread] p1a,p1b
|-fail|p1a: Ho-Oh|heal
|-heal|p1b: Calyrex|75/100
|move|p2b: Qwilfish|Toxic Spikes|p1a: Ho-Oh
|-sidestart|p1: UnluckyTogekissZ|move: Toxic Spikes
|move|p2a: Wo-Chien|Ingrain|p2a: Wo-Chien
|-start|p2a: Wo-Chien|move: Ingrain
|
|-heal|p1b: Calyrex|81/100|[from] item: Leftovers
|upkeep
|turn|4
|
|t:|1750719928
|move|p1a: Ho-Oh|Sacred Fire|p2a: Wo-Chien
|-damage|p2a: Wo-Chien|91/100
|move|p2b: Qwilfish|Throat Chop|p1b: Calyrex
|-supereffective|p1b: Calyrex
|-damage|p1b: Calyrex|60/100
|-start|p1b: Calyrex|Throat Chop|[silent]
|move|p2a: Wo-Chien|Leech Seed|p1b: Calyrex
|-start|p1b: Calyrex|move: Leech Seed
|move|p1b: Calyrex|Leech Seed|p2a: Wo-Chien
|-start|p2a: Wo-Chien|move: Leech Seed
|
|-heal|p2a: Wo-Chien|97/100|[from] item: Leftovers
|-heal|p1b: Calyrex|66/100|[from] item: Leftovers
|-heal|p2a: Wo-Chien|100/100|[from] Ingrain
|-damage|p2a: Wo-Chien|88/100|[from] Leech Seed|[of] p1b: Calyrex
|-heal|p1b: Calyrex|77/100|[silent]
|-damage|p1b: Calyrex|65/100|[from] Leech Seed|[of] p2a: Wo-Chien
|-heal|p2a: Wo-Chien|100/100|[silent]
|upkeep
|turn|5
|
|t:|1750719947
|switch|p2b: Grimmsnarl|Grimmsnarl, L50, M|48/100
|switch|p1b: Overqwil|Overqwil, L50, M|100/100
|-sideend|p1: UnluckyTogekissZ|move: Toxic Spikes|[of] p1b: Overqwil
|-ability|p1b: Overqwil|Intimidate|boost
|-unboost|p2a: Wo-Chien|atk|1
|-unboost|p2b: Grimmsnarl|atk|1
|move|p1a: Ho-Oh|Sacred Fire|p2b: Grimmsnarl
|-damage|p2b: Grimmsnarl|35/100
|move|p2a: Wo-Chien|Leech Seed|p1a: Ho-Oh
|-start|p1a: Ho-Oh|move: Leech Seed
|
|-damage|p1a: Ho-Oh|88/100|[from] Leech Seed|[of] p2a: Wo-Chien
|-damage|p2a: Wo-Chien|88/100|[from] Leech Seed|[of] p1b: Overqwil
|upkeep
|turn|6
|
|t:|1750719967
|switch|p1a: Ting-Lu|Ting-Lu, L50|100/100
|-ability|p1a: Ting-Lu|Vessel of Ruin
|move|p2b: Grimmsnarl|Thunder Wave|p1a: Ting-Lu
|-immune|p1a: Ting-Lu
|move|p1b: Overqwil|Barb Barrage|p2b: Grimmsnarl
|-supereffective|p2b: Grimmsnarl
|-damage|p2b: Grimmsnarl|15/100
|move|p2a: Wo-Chien|Leech Seed|p1b: Overqwil|[miss]
|-miss|p2a: Wo-Chien|p1b: Overqwil
|
|-heal|p2a: Wo-Chien|94/100|[from] item: Leftovers
|-heal|p2a: Wo-Chien|100/100|[from] Ingrain
|-damage|p2a: Wo-Chien|88/100|[from] Leech Seed|[of] p1b: Overqwil
|upkeep
|turn|7
|
|t:|1750719986
|switch|p2b: Qwilfish|Qwilfish-Hisui, L50, M, shiny|100/100
|-ability|p2b: Qwilfish|Intimidate|boost
|-unboost|p1a: Ting-Lu|atk|1
|-unboost|p1b: Overqwil|atk|1
|move|p1b: Overqwil|Protect|p1b: Overqwil
|-singleturn|p1b: Overqwil|Protect
|move|p2a: Wo-Chien|Leech Seed|p1a: Ting-Lu
|-start|p1a: Ting-Lu|move: Leech Seed
|move|p1a: Ting-Lu|Earthquake|p2a: Wo-Chien|[spread] p2a,p2b
|-activate|p1b: Overqwil|move: Protect
|-supereffective|p2a: Wo-Chien
|-supereffective|p2b: Qwilfish
|-damage|p2a: Wo-Chien|63/100
|-damage|p2b: Qwilfish|73/100
|
|-heal|p2a: Wo-Chien|69/100|[from] item: Leftovers
|-heal|p2a: Wo-Chien|75/100|[from] Ingrain
|-damage|p2a: Wo-Chien|63/100|[from] Leech Seed|[of] p1b: Overqwil
|-damage|p1a: Ting-Lu|88/100|[from] Leech Seed|[of] p2a: Wo-Chien
|-heal|p2a: Wo-Chien|78/100|[silent]
|upkeep
|turn|8
|
|t:|1750720001
|switch|p1a: Ho-Oh|Ho-Oh, L50|100/100
|move|p2b: Qwilfish|Toxic Spikes|p1a: Ho-Oh
|-sidestart|p1: UnluckyTogekissZ|move: Toxic Spikes
|move|p1b: Overqwil|Throat Chop|p2a: Wo-Chien
|-damage|p2a: Wo-Chien|70/100
|-start|p2a: Wo-Chien|Throat Chop|[silent]
|move|p2a: Wo-Chien|Leech Seed|p1b: Overqwil
|-start|p1b: Overqwil|move: Leech Seed
|
|-heal|p2a: Wo-Chien|77/100|[from] item: Leftovers
|-heal|p2a: Wo-Chien|83/100|[from] Ingrain
|-damage|p1b: Overqwil|88/100|[from] Leech Seed|[of] p2a: Wo-Chien
|-heal|p2a: Wo-Chien|95/100|[silent]
|-damage|p2a: Wo-Chien|83/100|[from] Leech Seed|[of] p1b: Overqwil
|-heal|p1b: Overqwil|100/100|[silent]
|-sideend|p2: Megaman087|Reflect
|upkeep
|turn|9
|inactive|UnluckyTogekissZ has 30 seconds left.
|
|t:|1750720026
|switch|p1b: Calyrex|Calyrex-Ice, L50|65/100
|-ability|p1b: Calyrex|As One
|-ability|p1b: Calyrex|Unnerve
|-status|p1b: Calyrex|psn
|move|p1a: Ho-Oh|Sacred Fire|p2a: Wo-Chien
|-damage|p2a: Wo-Chien|61/100
|move|p2b: Qwilfish|Toxic Spikes|p1a: Ho-Oh
|-sidestart|p1: UnluckyTogekissZ|move: Toxic Spikes
|move|p2a: Wo-Chien|Leech Seed|p1a: Ho-Oh|[miss]
|-miss|p2a: Wo-Chien|p1a: Ho-Oh
|
|-heal|p2a: Wo-Chien|67/100|[from] item: Leftovers
|-heal|p1b: Calyrex|71/100 psn|[from] item: Leftovers
|-heal|p2a: Wo-Chien|73/100|[from] Ingrain
|-damage|p2a: Wo-Chien|61/100|[from] Leech Seed|[of] p1b: Calyrex
|-heal|p1b: Calyrex|83/100 psn|[silent]
|-damage|p1b: Calyrex|71/100 psn|[from] psn
|-end|p2a: Wo-Chien|Throat Chop|[silent]
|upkeep
|turn|10
|
|t:|1750720045
|move|p1a: Ho-Oh|Sacred Fire|p2a: Wo-Chien
|-damage|p2a: Wo-Chien|39/100
|move|p2b: Qwilfish|Barb Barrage|p1a: Ho-Oh
|-damage|p1a: Ho-Oh|91/100
|-status|p1a: Ho-Oh|psn
|move|p2a: Wo-Chien|Leech Seed|p1b: Calyrex
|-start|p1b: Calyrex|move: Leech Seed
|move|p1b: Calyrex|Glacial Lance|p2a: Wo-Chien|[spread] p2a,p2b
|-damage|p2a: Wo-Chien|16/100
|-damage|p2b: Qwilfish|48/100
|
|-heal|p2a: Wo-Chien|22/100|[from] item: Leftovers
|-heal|p1b: Calyrex|76/100 psn|[from] item: Leftovers
|-heal|p2a: Wo-Chien|28/100|[from] Ingrain
|-damage|p2a: Wo-Chien|16/100|[from] Leech Seed|[of] p1b: Calyrex
|-heal|p1b: Calyrex|88/100 psn|[silent]
|-damage|p1b: Calyrex|76/100 psn|[from] Leech Seed|[of] p2a: Wo-Chien
|-heal|p2a: Wo-Chien|29/100|[silent]
|-damage|p1a: Ho-Oh|78/100 psn|[from] psn
|-damage|p1b: Calyrex|64/100 psn|[from] psn
|upkeep
|turn|11
|inactive|Megaman087 has 30 seconds left.
|
|t:|1750720072
|switch|p2b: Grimmsnarl|Grimmsnarl, L50, M|15/100
|switch|p1b: Overqwil|Overqwil, L50, M|100/100
|-sideend|p1: UnluckyTogekissZ|move: Toxic Spikes|[of] p1b: Overqwil
|-ability|p1b: Overqwil|Intimidate|boost
|-unboost|p2a: Wo-Chien|atk|1
|-unboost|p2b: Grimmsnarl|atk|1
|move|p2a: Wo-Chien|Protect|p2a: Wo-Chien
|-singleturn|p2a: Wo-Chien|Protect
|move|p1a: Ho-Oh|Sacred Fire|p2a: Wo-Chien
|-activate|p2a: Wo-Chien|move: Protect
|
|-heal|p2a: Wo-Chien|35/100|[from] item: Leftovers
|-heal|p2a: Wo-Chien|41/100|[from] Ingrain
|-damage|p2a: Wo-Chien|29/100|[from] Leech Seed|[of] p1b: Overqwil
|-damage|p1a: Ho-Oh|66/100 psn|[from] psn
|upkeep
|turn|12
|
|t:|1750720091
|move|p2b: Grimmsnarl|Reflect|p2b: Grimmsnarl
|-sidestart|p2: Megaman087|Reflect
|move|p1a: Ho-Oh|Sacred Fire|p2a: Wo-Chien
|-damage|p2a: Wo-Chien|14/100
|-status|p2a: Wo-Chien|brn
|move|p1b: Overqwil|Barb Barrage|p2b: Grimmsnarl
|-supereffective|p2b: Grimmsnarl
|-damage|p2b: Grimmsnarl|0 fnt
|faint|p2b: Grimmsnarl
|move|p2a: Wo-Chien|Pollen Puff|p2: Grimmsnarl|[notarget]
|-fail|p2a: Wo-Chien
|
|-heal|p2a: Wo-Chien|20/100 brn|[from] item: Leftovers
|-heal|p2a: Wo-Chien|27/100 brn|[from] Ingrain
|-damage|p2a: Wo-Chien|14/100 brn|[from] Leech Seed|[of] p1b: Overqwil
|-damage|p1a: Ho-Oh|54/100 psn|[from] psn
|-damage|p2a: Wo-Chien|8/100 brn|[from] brn
|upkeep
|
|t:|1750720099
|switch|p2b: Qwilfish|Qwilfish-Hisui, L50, M, shiny|48/100
|-ability|p2b: Qwilfish|Intimidate|boost
|-unboost|p1a: Ho-Oh|atk|1
|-unboost|p1b: Overqwil|atk|1
|turn|13
|-message|Megaman087 forfeited.
|
|win|UnluckyTogekissZ
|raw|UnluckyTogekissZ's rating: 1321 &rarr; <strong>1342</strong><br />(+21 for winning)
|raw|Megaman087's rating: 1345 &rarr; <strong>1324</strong><br />(-21 for losing)
|l|☆Megaman087
|player|p2|
