|j|☆Lolfeever
|j|☆Samurai701
|t:|1750741964
|gametype|doubles
|player|p1|Lolfeever|lucas|1272
|player|p2|Samurai701|janitor|1309
|teamsize|p1|6
|teamsize|p2|6
|gen|9
|tier|[Gen 9] VGC 2025 Reg I
|rated|
|rule|Species Clause: Limit one of each Pokémon
|rule|Item Clause: Limit 1 of each item
|clearpoke
|poke|p1|Calyrex-Ice, L50|
|poke|p1|Indeedee-F, L50, F|
|poke|p1|Lunala, L50|
|poke|p1|Incineroar, L50, M|
|poke|p1|Ursaluna-Bloodmoon, L50, M|
|poke|p1|Clefairy, L50, F|
|poke|p2|Calyrex-Ice, L50|
|poke|p2|Miraidon, L50|
|poke|p2|Grimmsnarl, L50, M|
|poke|p2|Urshifu-*, L50, M|
|poke|p2|Incineroar, L50, F|
|poke|p2|Landorus, L50, M|
|teampreview|4
|inactive|Battle timer is ON: inactive players will automatically lose when time's up. (requested by Lolfeever)
Lolfeever has agreed to open team sheets.
Samurai701 has agreed to open team sheets.
|showteam|p1|Calyrex-Ice||ClearAmulet|AsOneGlastrier|GlacialLance,Protect,TrickRoom,HighHorsepower||||||50|,,,,,Fire]Indeedee-F||PsychicSeed|PsychicSurge|HelpingHand,FollowMe,TrickRoom,DazzlingGleam|||F|||50|,,,,,Steel]Lunala||PowerHerb|ShadowShield|TrickRoom,Protect,MoongeistBeam,MeteorBeam||||||50|,,,,,Water]Incineroar||SafetyGoggles|Intimidate|FakeOut,PartingShot,KnockOff,FlareBlitz|||M|||50|,,,,,Ghost]Ursaluna-Bloodmoon||LifeOrb|MindsEye|BloodMoon,HyperVoice,Protect,EarthPower|||M|||50|,,,,,Normal]Clefairy||Eviolite|FriendGuard|FollowMe,Protect,Reflect,LightScreen|||F|||50|,,,,,Normal
|showteam|p2|Calyrex-Ice||Leftovers|AsOneGlastrier|GlacialLance,LeechSeed,TrickRoom,Protect||||||50|,,,,,Water]Miraidon||ChoiceSpecs|HadronEngine|ElectroDrift,VoltSwitch,DracoMeteor,DazzlingGleam||||||50|,,,,,Fairy]Grimmsnarl||LightClay|Prankster|SpiritBreak,ThunderWave,Reflect,LightScreen|||M|||50|,,,,,Ghost]Urshifu-Rapid-Strike||ChoiceBand|UnseenFist|SurgingStrikes,CloseCombat,Uturn,AquaJet|||M|||50|,,,,,Ghost]Incineroar||AssaultVest|Intimidate|FlareBlitz,KnockOff,Uturn,FakeOut|||F|||50|,,,,,Grass]Landorus||LifeOrb|SheerForce|EarthPower,SludgeBomb,Taunt,Protect|||M|||50|,,,,,Poison
|inactive|Samurai701 has 60 seconds left.
|inactive|Samurai701 has 30 seconds left.
|inactive|Samurai701 has 20 seconds left.
|inactive|Samurai701 has 15 seconds left.
|inactive|Samurai701 has 10 seconds left.
|inactive|Samurai701 has 5 seconds left.
|
|t:|1750742051
|start
|switch|p1a: Calyrex|Calyrex-Ice, L50|100/100
|switch|p1b: Indeedee|Indeedee-F, L50, F|100/100
|switch|p2a: Incineroar|Incineroar, L50, F|100/100
|switch|p2b: Calyrex|Calyrex-Ice, L50|100/100
|-ability|p2b: Calyrex|As One
|-ability|p2b: Calyrex|Unnerve
|-ability|p1a: Calyrex|As One
|-ability|p1a: Calyrex|Unnerve
|-ability|p2a: Incineroar|Intimidate|boost
|-fail|p1a: Calyrex|unboost|[from] item: Clear Amulet|[of] p1a: Calyrex
|-unboost|p1b: Indeedee|atk|1
|-fieldstart|move: Psychic Terrain|[from] ability: Psychic Surge|[of] p1b: Indeedee
|-enditem|p1b: Indeedee|Psychic Seed
|-boost|p1b: Indeedee|spd|1|[from] item: Psychic Seed
|turn|1
|inactive|Samurai701 has 30 seconds left.
|inactive|Samurai701 has 20 seconds left.
|inactive|Samurai701 has 15 seconds left.
|inactive|Samurai701 has 10 seconds left.
|
|t:|1750742100
|move|p2a: Incineroar|Fake Out|p1b: Indeedee
|-activate|p1b: Indeedee|move: Psychic Terrain
|move|p1b: Indeedee|Follow Me|p1b: Indeedee
|-singleturn|p1b: Indeedee|move: Follow Me
|move|p2b: Calyrex|Leech Seed|p1b: Indeedee
|-start|p1b: Indeedee|move: Leech Seed
|move|p1a: Calyrex|High Horsepower|p2a: Incineroar
|-supereffective|p2a: Incineroar
|-damage|p2a: Incineroar|12/100
|
|-damage|p1b: Indeedee|88/100|[from] Leech Seed|[of] p2b: Calyrex
|upkeep
|turn|2
|
|t:|1750742122
|move|p1b: Indeedee|Follow Me|p1b: Indeedee
|-singleturn|p1b: Indeedee|move: Follow Me
|move|p2a: Incineroar|U-turn|p1b: Indeedee
|-supereffective|p1b: Indeedee
|-damage|p1b: Indeedee|52/100
|
|t:|1750742134
|switch|p2a: Urshifu|Urshifu-Rapid-Strike, L50, M|100/100|[from] U-turn
|move|p2b: Calyrex|Glacial Lance|p1a: Calyrex|[spread] p1a,p1b
|-resisted|p1a: Calyrex
|-damage|p1a: Calyrex|84/100
|-damage|p1b: Indeedee|0 fnt
|faint|p1b: Indeedee
|-ability|p2b: Calyrex|Chilling Neigh|boost
|-boost|p2b: Calyrex|atk|1
|move|p1a: Calyrex|Glacial Lance|p2a: Urshifu|[spread] p2a,p2b
|-resisted|p2a: Urshifu
|-resisted|p2b: Calyrex
|-crit|p2b: Calyrex
|-damage|p2a: Urshifu|72/100
|-damage|p2b: Calyrex|71/100
|
|-heal|p2b: Calyrex|76/100|[from] item: Leftovers
|upkeep
|
|t:|1750742148
|switch|p1b: Ursaluna|Ursaluna-Bloodmoon, L50, M|100/100
|turn|3
|
|t:|1750742164
|-terastallize|p1b: Ursaluna|Normal
|move|p2a: Urshifu|Surging Strikes|p1b: Ursaluna
|-crit|p1b: Ursaluna
|-damage|p1b: Ursaluna|80/100
|-crit|p1b: Ursaluna
|-damage|p1b: Ursaluna|58/100
|-crit|p1b: Ursaluna
|-damage|p1b: Ursaluna|37/100
|-hitcount|p1b: Ursaluna|3
|move|p2b: Calyrex|Leech Seed|p1a: Calyrex
|-start|p1a: Calyrex|move: Leech Seed
|move|p1b: Ursaluna|Hyper Voice|p2b: Calyrex|[spread] p2a,p2b
|-damage|p2a: Urshifu|0 fnt
|-damage|p2b: Calyrex|32/100
|faint|p2a: Urshifu
|-damage|p1b: Ursaluna|27/100|[from] item: Life Orb
|move|p1a: Calyrex|Glacial Lance|p2b: Calyrex
|-resisted|p2b: Calyrex
|-damage|p2b: Calyrex|7/100
|
|-heal|p2b: Calyrex|13/100|[from] item: Leftovers
|-damage|p1a: Calyrex|72/100|[from] Leech Seed|[of] p2b: Calyrex
|-heal|p2b: Calyrex|25/100|[silent]
|upkeep
|
|t:|1750742184
|switch|p2a: Incineroar|Incineroar, L50, F|12/100
|-ability|p2a: Incineroar|Intimidate|boost
|-fail|p1a: Calyrex|unboost|[from] item: Clear Amulet|[of] p1a: Calyrex
|-unboost|p1b: Ursaluna|atk|1
|turn|4
|inactive|Samurai701 has 30 seconds left.
|
|t:|1750742214
|switch|p1a: Lunala|Lunala, L50|100/100
|move|p2a: Incineroar|Fake Out|p1b: Ursaluna
|-activate|p1b: Ursaluna|move: Psychic Terrain
|move|p2b: Calyrex|Glacial Lance|p1a: Lunala|[spread] p1a,p1b
|-damage|p1a: Lunala|70/100
|-damage|p1b: Ursaluna|0 fnt
|faint|p1b: Ursaluna
|-ability|p2b: Calyrex|Chilling Neigh|boost
|-boost|p2b: Calyrex|atk|1
|
|-heal|p2b: Calyrex|30/100|[from] item: Leftovers
|upkeep
|
|t:|1750742222
|switch|p1b: Calyrex|Calyrex-Ice, L50|72/100
|-ability|p1b: Calyrex|As One
|-ability|p1b: Calyrex|Unnerve
|turn|5
|inactive|Samurai701 has 30 seconds left.
|inactive|Samurai701 has 20 seconds left.
|
|t:|1750742257
|move|p1b: Calyrex|Protect|p1b: Calyrex
|-singleturn|p1b: Calyrex|Protect
|move|p2a: Incineroar|Knock Off|p1b: Calyrex
|-activate|p1b: Calyrex|move: Protect
|move|p1a: Lunala|Moongeist Beam|p2b: Calyrex
|-supereffective|p2b: Calyrex
|-damage|p2b: Calyrex|0 fnt
|faint|p2b: Calyrex
|
|-fieldend|move: Psychic Terrain
|upkeep
|
|t:|1750742267
|switch|p2b: Miraidon|Miraidon, L50|100/100
|-fieldstart|move: Electric Terrain|[from] ability: Hadron Engine|[of] p2b: Miraidon
|turn|6
|
|t:|1750742282
|-terastallize|p2b: Miraidon|Fairy
|move|p2b: Miraidon|Electro Drift|p1b: Calyrex
|-damage|p1b: Calyrex|0 fnt
|faint|p1b: Calyrex
|move|p2a: Incineroar|Knock Off|p1a: Lunala
|-supereffective|p1a: Lunala
|-damage|p1a: Lunala|0 fnt
|-enditem|p1a: Lunala|Power Herb|[from] move: Knock Off|[of] p2a: Incineroar
|faint|p1a: Lunala
|
|win|Samurai701
|raw|Lolfeever's rating: 1272 &rarr; <strong>1250</strong><br />(-22 for losing)
|raw|Samurai701's rating: 1309 &rarr; <strong>1327</strong><br />(+18 for winning)
|l|☆Lolfeever
|player|p1|
