|j|☆cloudyday1222
|j|☆Mech57
|t:|1750720564
|gametype|doubles
|player|p1|cloudyday1222|266|1090
|player|p2|Mech57|lady-gen4|1000
|teamsize|p1|6
|teamsize|p2|6
|gen|9
|tier|[Gen 9] VGC 2025 Reg I
|rated|
|rule|Species Clause: Limit one of each Pokémon
|rule|Item Clause: Limit 1 of each item
|clearpoke
|poke|p1|Smeargle, L50, M|
|poke|p1|Lunala, L50|
|poke|p1|Ursaluna, L50, F|
|poke|p1|Miraidon, L50|
|poke|p1|Incineroar, L50, F|
|poke|p1|Rillaboom, L50, F|
|poke|p2|Kyogre, L50|
|poke|p2|Basculegion, L50, M|
|poke|p2|Amoonguss, L50, F|
|poke|p2|Flutter Mane, L50|
|poke|p2|Calyrex-Ice, L50|
|poke|p2|Iron Jugulis, L50|
|teampreview|4
|inactive|Battle timer is ON: inactive players will automatically lose when time's up. (requested by cloudyday1222)
|
|t:|1750720602
|start
|switch|p1a: Smeargle|Smeargle, L50, M|100/100
|switch|p1b: Lunala|Lunala, L50|100/100
|switch|p2a: Amoonguss|Amoonguss, L50, F|100/100
|switch|p2b: Calyrex|Calyrex-Ice, L50|100/100
|-ability|p2b: Calyrex|As One
|-ability|p2b: Calyrex|Unnerve
|turn|1
|inactive|cloudyday1222 has 30 seconds left.
|
|t:|1750720631
|switch|p1b: Ursaluna|Ursaluna, L50, F|100/100
|move|p2a: Amoonguss|Rage Powder|p2a: Amoonguss
|-singleturn|p2a: Amoonguss|move: Rage Powder
|move|p1a: Smeargle|Spore|p2a: Amoonguss
|-immune|p2a: Amoonguss
|move|p2b: Calyrex|Trick Room|p2b: Calyrex
|-fieldstart|move: Trick Room|[of] p2b: Calyrex
|
|-status|p1b: Ursaluna|brn|[from] item: Flame Orb
|upkeep
|turn|2
|inactive|Mech57 has 30 seconds left.
|
|t:|1750720662
|move|p2a: Amoonguss|Spore|p1a: Smeargle
|-status|p1a: Smeargle|slp|[from] move: Spore
|move|p1b: Ursaluna|Facade|p2b: Calyrex
|-damage|p2b: Calyrex|19/100
|move|p2b: Calyrex|Glacial Lance|p1b: Ursaluna|[spread] p1a,p1b
|-supereffective|p1b: Ursaluna
|-damage|p1a: Smeargle|0 fnt
|-damage|p1b: Ursaluna|13/100 brn
|faint|p1a: Smeargle
|-ability|p2b: Calyrex|Chilling Neigh|boost
|-boost|p2b: Calyrex|atk|1
|
|-damage|p1b: Ursaluna|7/100 brn|[from] brn
|upkeep
|
|t:|1750720673
|switch|p1a: Lunala|Lunala, L50|100/100
|turn|3
|inactive|Mech57 has 30 seconds left.
|
|t:|1750720707
|move|p2b: Calyrex|Protect|p2b: Calyrex
|-singleturn|p2b: Calyrex|Protect
|move|p1a: Lunala|Wide Guard|p1a: Lunala
|-singleturn|p1a: Lunala|Wide Guard
|move|p2a: Amoonguss|Spore|p1a: Lunala
|-status|p1a: Lunala|slp|[from] move: Spore
|move|p1b: Ursaluna|Facade|p2b: Calyrex
|-activate|p2b: Calyrex|move: Protect
|
|-damage|p1b: Ursaluna|1/100 brn|[from] brn
|upkeep
|turn|4
|inactive|Mech57 has 30 seconds left.
|
|t:|1750720732
|move|p1b: Ursaluna|Protect|p1b: Ursaluna
|-singleturn|p1b: Ursaluna|Protect
|move|p2a: Amoonguss|Rage Powder|p2a: Amoonguss
|-singleturn|p2a: Amoonguss|move: Rage Powder
|move|p2b: Calyrex|Glacial Lance|p1b: Ursaluna|[spread] p1a
|-activate|p1b: Ursaluna|move: Protect
|-damage|p1a: Lunala|67/100 slp
|cant|p1a: Lunala|slp
|
|-damage|p1b: Ursaluna|0 fnt|[from] brn
|faint|p1b: Ursaluna
|upkeep
|
|t:|1750720745
|switch|p1b: Miraidon|Miraidon, L50|100/100
|-fieldstart|move: Electric Terrain|[from] ability: Hadron Engine|[of] p1b: Miraidon
|-enditem|p1a: Lunala|Electric Seed
|-boost|p1a: Lunala|def|1|[from] item: Electric Seed
|turn|5
|inactive|Mech57 has 30 seconds left.
|inactive|Mech57 has 20 seconds left.
|inactive|Mech57 has 15 seconds left.
|inactive|Mech57 has 10 seconds left.
|inactive|Mech57 has 5 seconds left.
|
|t:|1750720796
|move|p2a: Amoonguss|Rage Powder|p2a: Amoonguss
|-singleturn|p2a: Amoonguss|move: Rage Powder
|move|p2b: Calyrex|High Horsepower|p1b: Miraidon
|-supereffective|p1b: Miraidon
|-crit|p1b: Miraidon
|-damage|p1b: Miraidon|0 fnt
|faint|p1b: Miraidon
|-ability|p2b: Calyrex|Chilling Neigh|boost
|-boost|p2b: Calyrex|atk|1
|cant|p1a: Lunala|slp
|
|-fieldend|move: Trick Room
|upkeep
|turn|6
|inactive|cloudyday1222 has 30 seconds left.
|inactive|cloudyday1222 has 20 seconds left.
|-message|cloudyday1222 forfeited.
|
|win|Mech57
|raw|cloudyday1222's rating: 1090 &rarr; <strong>1061</strong><br />(-29 for losing)
|raw|Mech57's rating: 1000 &rarr; <strong>1050</strong><br />(+50 for winning)
|l|☆cloudyday1222
|player|p1|
|c|☆Mech57|good g
