|j|☆MadRoids
|j|☆Bratwurst565
|t:|1750769046
|gametype|doubles
|player|p1|MadRoids|tuber|1168
|player|p2|Bratwurst565|101|1286
|teamsize|p1|6
|teamsize|p2|6
|gen|9
|tier|[Gen 9] VGC 2025 Reg I
|rated|
|rule|Species Clause: Limit one of each Pokémon
|rule|Item Clause: Limit 1 of each item
|clearpoke
|poke|p1|Calyrex-Shadow, L50|
|poke|p1|Tornadus, L50, M|
|poke|p1|Gastrodon-East, L50, F|
|poke|p1|Incineroar, L50, F|
|poke|p1|Miraidon, L50|
|poke|p1|Zapdos-Galar, L50|
|poke|p2|Kyogre, L50|
|poke|p2|Tornadus, L50, M|
|poke|p2|Urshifu-*, L50, F|
|poke|p2|Zamazenta-*, L50|
|poke|p2|Tsareena, L50, F|
|poke|p2|Landorus, L50, M|
|teampreview|4
|inactive|Battle timer is ON: inactive players will automatically lose when time's up. (requested by MadRoids)
|
|t:|1750769075
|start
|switch|p1a: Tornadus|Tornadus, L50, M|100/100
|switch|p1b: Calyrex|Calyrex-Shadow, L50|100/100
|switch|p2a: Tornadus|Tornadus, L50, M|100/100
|switch|p2b: Landorus|Landorus, L50, M|100/100
|-ability|p1b: Calyrex|As One
|-ability|p1b: Calyrex|Unnerve
|turn|1
|inactive|Bratwurst565 has 30 seconds left.
|
|t:|1750769105
|move|p1b: Calyrex|Protect|p1b: Calyrex
|-singleturn|p1b: Calyrex|Protect
|move|p2b: Landorus|Protect|p2b: Landorus
|-singleturn|p2b: Landorus|Protect
|move|p1a: Tornadus|Taunt|p2a: Tornadus
|-start|p2a: Tornadus|move: Taunt
|cant|p2a: Tornadus|move: Taunt|Tailwind
|
|upkeep
|turn|2
|
|t:|1750769124
|-terastallize|p2a: Tornadus|Dark
|move|p1a: Tornadus|Tailwind|p1a: Tornadus
|-sidestart|p1: MadRoids|move: Tailwind
|move|p1b: Calyrex|Astral Barrage|p2a: Tornadus|[spread] p2a,p2b
|-resisted|p2a: Tornadus
|-damage|p2a: Tornadus|70/100
|-damage|p2b: Landorus|31/100
|move|p2a: Tornadus|Bleakwind Storm|p1b: Calyrex|[spread] p1a,p1b
|-damage|p1a: Tornadus|62/100
|-damage|p1b: Calyrex|66/100
|-unboost|p1b: Calyrex|spe|1
|move|p2b: Landorus|Earth Power|p1b: Calyrex
|-damage|p1b: Calyrex|1/100
|
|upkeep
|turn|3
|inactive|MadRoids has 30 seconds left.
|
|t:|1750769159
|switch|p1b: Miraidon|Miraidon, L50|100/100
|-fieldstart|move: Electric Terrain|[from] ability: Hadron Engine|[of] p1b: Miraidon
|move|p2b: Landorus|Protect|p2b: Landorus
|-singleturn|p2b: Landorus|Protect
|move|p1a: Tornadus|Bleakwind Storm|p2a: Tornadus|[spread] p2a
|-activate|p2b: Landorus|move: Protect
|-crit|p2a: Tornadus
|-damage|p2a: Tornadus|20/100
|move|p2a: Tornadus|Bleakwind Storm|p1a: Tornadus|[spread] p1b
|-miss|p2a: Tornadus|p1a: Tornadus
|-resisted|p1b: Miraidon
|-damage|p1b: Miraidon|86/100
|
|-end|p2a: Tornadus|move: Taunt
|upkeep
|turn|4
|inactive|MadRoids has 30 seconds left.
|inactive|Bratwurst565 has 30 seconds left.
|
|t:|1750769188
|-terastallize|p1b: Miraidon|Fairy
|move|p1a: Tornadus|Protect|p1a: Tornadus
|-singleturn|p1a: Tornadus|Protect
|move|p2a: Tornadus|Tailwind|p2a: Tornadus
|-sidestart|p2: Bratwurst565|move: Tailwind
|move|p1b: Miraidon|Dazzling Gleam|p2b: Landorus|[spread] p2a,p2b
|-supereffective|p2a: Tornadus
|-damage|p2a: Tornadus|0 fnt
|-damage|p2b: Landorus|0 fnt
|faint|p2a: Tornadus
|faint|p2b: Landorus
|
|upkeep
|
|t:|1750769202
|switch|p2a: Tsareena|Tsareena, L50, F|100/100
|switch|p2b: Zamazenta|Zamazenta-Crowned, L50|100/100
|-ability|p2b: Zamazenta|Dauntless Shield|boost
|-boost|p2b: Zamazenta|def|1
|turn|5
|
|t:|1750769221
|switch|p1b: Gastrodon|Gastrodon-East, L50, F|100/100
|move|p2b: Zamazenta|Wide Guard|p2b: Zamazenta
|-singleturn|p2b: Zamazenta|Wide Guard
|move|p1a: Tornadus|Bleakwind Storm|p2b: Zamazenta|[spread] 
|-activate|p2a: Tsareena|move: Wide Guard
|-activate|p2b: Zamazenta|move: Wide Guard
|move|p2a: Tsareena|Triple Axel|p1a: Tornadus
|-supereffective|p1a: Tornadus
|-damage|p1a: Tornadus|45/100
|-supereffective|p1a: Tornadus
|-damage|p1a: Tornadus|13/100
|-supereffective|p1a: Tornadus
|-damage|p1a: Tornadus|0 fnt
|faint|p1a: Tornadus
|-hitcount|p1: Tornadus|3
|
|-sideend|p1: MadRoids|move: Tailwind
|upkeep
|
|t:|1750769244
|switch|p1a: Calyrex|Calyrex-Shadow, L50|1/100
|-ability|p1a: Calyrex|As One
|-ability|p1a: Calyrex|Unnerve
|turn|6
|
|t:|1750769261
|move|p2a: Tsareena|Protect|p2a: Tsareena
|-singleturn|p2a: Tsareena|Protect
|move|p1a: Calyrex|Protect|p1a: Calyrex
|-singleturn|p1a: Calyrex|Protect
|move|p2b: Zamazenta|Iron Defense|p2b: Zamazenta
|-boost|p2b: Zamazenta|def|2
|move|p1b: Gastrodon|Ice Beam|p2a: Tsareena
|-activate|p2a: Tsareena|move: Protect
|
|upkeep
|turn|7
|
|t:|1750769280
|move|p1a: Calyrex|Protect||[still]
|-fail|p1a: Calyrex
|move|p1b: Gastrodon|Protect|p1b: Gastrodon
|-singleturn|p1b: Gastrodon|Protect
|move|p2b: Zamazenta|Wide Guard|p2b: Zamazenta
|-singleturn|p2b: Zamazenta|Wide Guard
|move|p2a: Tsareena|Power Whip|p1b: Gastrodon
|-activate|p1b: Gastrodon|move: Protect
|
|-sideend|p2: Bratwurst565|move: Tailwind
|-fieldend|move: Electric Terrain
|upkeep
|turn|8
|inactive|MadRoids has 30 seconds left.
|
|t:|1750769305
|move|p2a: Tsareena|Protect|p2a: Tsareena
|-singleturn|p2a: Tsareena|Protect
|move|p1a: Calyrex|Psychic|p2b: Zamazenta
|-damage|p2b: Zamazenta|61/100
|move|p2b: Zamazenta|Body Press|p1b: Gastrodon
|-damage|p1b: Gastrodon|10/100
|move|p1b: Gastrodon|Earth Power|p2b: Zamazenta
|-supereffective|p2b: Zamazenta
|-damage|p2b: Zamazenta|22/100
|
|-heal|p1b: Gastrodon|16/100|[from] item: Leftovers
|upkeep
|turn|9
|
|t:|1750769330
|move|p1a: Calyrex|Psychic|p2b: Zamazenta
|-damage|p2b: Zamazenta|0 fnt
|faint|p2b: Zamazenta
|-ability|p1a: Calyrex|Grim Neigh|boost
|-boost|p1a: Calyrex|spa|1
|move|p2a: Tsareena|Power Whip|p1a: Calyrex|[miss]
|-miss|p2a: Tsareena|p1a: Calyrex
|move|p1b: Gastrodon|Ice Beam|p2a: Tsareena
|-supereffective|p2a: Tsareena
|-damage|p2a: Tsareena|50/100
|-status|p2a: Tsareena|frz
|
|-heal|p1b: Gastrodon|22/100|[from] item: Leftovers
|upkeep
|turn|10
|l|☆Bratwurst565
|inactive|Bratwurst565 disconnected and has a minute to reconnect!
|player|p2|
|inactive|Bratwurst565 has 30 seconds left.
|inactive|Bratwurst565 has 20 seconds left.
|inactive|Bratwurst565 has 15 seconds left.
|inactive|Bratwurst565 has 10 seconds left.
|inactive|Bratwurst565 has 5 seconds left.
|-message|Bratwurst565 lost due to inactivity.
|
|win|MadRoids
|raw|MadRoids's rating: 1168 &rarr; <strong>1201</strong><br />(+33 for winning)
|raw|Bratwurst565's rating: 1286 &rarr; <strong>1253</strong><br />(-33 for losing)
|l|☆MadRoids
|player|p1|
|j|☆Bratwurst565
|player|p2|Bratwurst565|101|
|l|☆Bratwurst565
|player|p2|
