|j|☆Yuans Reive
|j|☆antisocialwalrus
|t:|1750712613
|gametype|doubles
|player|p1|Yuans Reive|2|1517
|player|p2|antisocialwalrus|dawn|1681
|teamsize|p1|6
|teamsize|p2|6
|gen|9
|tier|[Gen 9] VGC 2025 Reg I
|rated|
|rule|Species Clause: Limit one of each Pokémon
|rule|Item Clause: Limit 1 of each item
|clearpoke
|poke|p1|Koraidon, L50|
|poke|p1|Lunala, L50|
|poke|p1|Incineroar, L50, M|
|poke|p1|Rillaboom, L50, F|
|poke|p1|Scream Tail, L50|
|poke|p1|Raging Bolt, L50|
|poke|p2|Groudon, L50|
|poke|p2|Calyrex-Ice, L50|
|poke|p2|Jumpluff, L50, F|
|poke|p2|Chi-Yu, L50|
|poke|p2|Raging Bolt, L50|
|poke|p2|Flutter Mane, L50|
|teampreview|4
|j| im slaking it rn
Yuans Reive has agreed to open team sheets.
|l| im slaking it rn
|
|t:|1750712642
|start
|switch|p1a: Rillaboom|Rillaboom, L50, F|100/100
|switch|p1b: Incineroar|Incineroar, L50, M|100/100
|switch|p2a: Flutter Mane|Flutter Mane, L50|100/100
|switch|p2b: Calyrex|Calyrex-Ice, L50|100/100
|-ability|p2b: Calyrex|As One
|-ability|p2b: Calyrex|Unnerve
|-fieldstart|move: Grassy Terrain|[from] ability: Grassy Surge|[of] p1a: Rillaboom
|-ability|p1b: Incineroar|Intimidate|boost
|-unboost|p2a: Flutter Mane|atk|1
|-unboost|p2b: Calyrex|atk|1
|turn|1
|
|t:|1750712659
|move|p1b: Incineroar|Fake Out|p2b: Calyrex
|-damage|p2b: Calyrex|93/100
|move|p2a: Flutter Mane|Moonblast|p1b: Incineroar
|-damage|p1b: Incineroar|55/100
|move|p1a: Rillaboom|Drum Beating|p2a: Flutter Mane
|-damage|p2a: Flutter Mane|2/100
|-unboost|p2a: Flutter Mane|spe|1
|cant|p2b: Calyrex|flinch
|
|-heal|p2a: Flutter Mane|8/100|[from] Grassy Terrain
|-heal|p1b: Incineroar|61/100|[from] Grassy Terrain
|-heal|p2b: Calyrex|99/100|[from] Grassy Terrain
|upkeep
|turn|2
|
|t:|1750712666
|move|p2a: Flutter Mane|Protect|p2a: Flutter Mane
|-singleturn|p2a: Flutter Mane|Protect
|move|p1a: Rillaboom|U-turn|p2b: Calyrex
|-supereffective|p2b: Calyrex
|-crit|p2b: Calyrex
|-damage|p2b: Calyrex|60/100
|
|t:|1750712671
|switch|p1a: Raging Bolt|Raging Bolt, L50|100/100|[from] U-turn
|move|p1b: Incineroar|Will-O-Wisp|p2b: Calyrex
|-status|p2b: Calyrex|brn
|move|p2b: Calyrex|Glacial Lance|p1b: Incineroar|[spread] p1a,p1b
|-supereffective|p1a: Raging Bolt
|-resisted|p1b: Incineroar
|-damage|p1a: Raging Bolt|69/100
|-damage|p1b: Incineroar|55/100
|
|-heal|p2a: Flutter Mane|14/100|[from] Grassy Terrain
|-heal|p1a: Raging Bolt|74/100|[from] Grassy Terrain
|-heal|p1b: Incineroar|61/100|[from] Grassy Terrain
|-heal|p2b: Calyrex|66/100 brn|[from] Grassy Terrain
|-damage|p2b: Calyrex|60/100 brn|[from] brn
|upkeep
|turn|3
|
|t:|1750712681
|move|p1a: Raging Bolt|Thunderclap|p2a: Flutter Mane
|-damage|p2a: Flutter Mane|0 fnt
|faint|p2a: Flutter Mane
|-end|p2a: Flutter Mane|Protosynthesis|[silent]
|move|p1b: Incineroar|Knock Off|p2b: Calyrex
|-supereffective|p2b: Calyrex
|-damage|p2b: Calyrex|11/100 brn
|-enditem|p2b: Calyrex|Sitrus Berry|[from] move: Knock Off|[of] p1b: Incineroar
|move|p2b: Calyrex|Leech Seed|p1a: Raging Bolt
|-start|p1a: Raging Bolt|move: Leech Seed
|
|-heal|p1a: Raging Bolt|80/100|[from] Grassy Terrain
|-heal|p1b: Incineroar|67/100|[from] Grassy Terrain
|-heal|p2b: Calyrex|17/100 brn|[from] Grassy Terrain
|-damage|p1a: Raging Bolt|68/100|[from] Leech Seed|[of] p2b: Calyrex
|-heal|p2b: Calyrex|30/100 brn|[silent]
|-damage|p2b: Calyrex|24/100 brn|[from] brn
|upkeep
|j| ThatHorseTho
|
|t:|1750712686
|switch|p2a: Groudon|Groudon, L50|100/100
|-weather|SunnyDay|[from] ability: Drought|[of] p2a: Groudon
|-activate|p1a: Raging Bolt|ability: Protosynthesis
|-start|p1a: Raging Bolt|protosynthesisspa
|turn|4
|
|t:|1750712700
|switch|p1b: Rillaboom|Rillaboom, L50, F|100/100
|move|p1a: Raging Bolt|Thunderclap||[still]
|-fail|p1a: Raging Bolt
|move|p2a: Groudon|Precipice Blades|p1a: Raging Bolt|[spread] p1a,p1b
|-supereffective|p1a: Raging Bolt
|-resisted|p1b: Rillaboom
|-damage|p1a: Raging Bolt|0 fnt
|-damage|p1b: Rillaboom|78/100
|faint|p1a: Raging Bolt
|-end|p1a: Raging Bolt|Protosynthesis|[silent]
|move|p2b: Calyrex|Trick Room|p2b: Calyrex
|-fieldstart|move: Trick Room|[of] p2b: Calyrex
|
|-weather|SunnyDay|[upkeep]
|-heal|p2b: Calyrex|30/100 brn|[from] Grassy Terrain
|-heal|p1b: Rillaboom|84/100|[from] Grassy Terrain
|-damage|p2b: Calyrex|24/100 brn|[from] brn
|upkeep
|l| ThatHorseTho
|
|t:|1750712705
|switch|p1a: Incineroar|Incineroar, L50, M|67/100
|-ability|p1a: Incineroar|Intimidate|boost
|-unboost|p2a: Groudon|atk|1
|-unboost|p2b: Calyrex|atk|1
|turn|5
|
|t:|1750712716
|-terastallize|p2a: Groudon|Fire
|move|p1b: Rillaboom|Grassy Glide|p2b: Calyrex
|-damage|p2b: Calyrex|5/100 brn
|move|p2b: Calyrex|Glacial Lance|p1b: Rillaboom|[spread] p1a,p1b
|-resisted|p1a: Incineroar
|-supereffective|p1b: Rillaboom
|-damage|p1a: Incineroar|61/100
|-damage|p1b: Rillaboom|58/100
|move|p1a: Incineroar|Will-O-Wisp|p2a: Groudon
|-immune|p2a: Groudon
|move|p2a: Groudon|Heat Crash|p1b: Rillaboom
|-supereffective|p1b: Rillaboom
|-damage|p1b: Rillaboom|0 fnt
|faint|p1b: Rillaboom
|
|-weather|SunnyDay|[upkeep]
|-heal|p2b: Calyrex|11/100 brn|[from] Grassy Terrain
|-heal|p1a: Incineroar|67/100|[from] Grassy Terrain
|-damage|p2b: Calyrex|5/100 brn|[from] brn
|-fieldend|move: Grassy Terrain
|upkeep
|
|t:|1750712719
|switch|p1b: Koraidon|Koraidon, L50|100/100
|-activate|p1b: Koraidon|ability: Orichalcum Pulse
|turn|6
|
|t:|1750712725
|move|p2b: Calyrex|Glacial Lance|p1b: Koraidon|[spread] p1a,p1b
|-resisted|p1a: Incineroar
|-supereffective|p1b: Koraidon
|-damage|p1a: Incineroar|62/100
|-damage|p1b: Koraidon|76/100
|move|p1a: Incineroar|Knock Off|p2a: Groudon
|-damage|p2a: Groudon|77/100
|-enditem|p2a: Groudon|Assault Vest|[from] move: Knock Off|[of] p1a: Incineroar
|move|p2a: Groudon|Precipice Blades|p1b: Koraidon|[spread] p1a,p1b
|-supereffective|p1a: Incineroar
|-damage|p1a: Incineroar|9/100
|-damage|p1b: Koraidon|45/100
|move|p1b: Koraidon|Close Combat|p2a: Groudon
|-damage|p2a: Groudon|6/100
|-unboost|p1b: Koraidon|def|1
|-unboost|p1b: Koraidon|spd|1
|-damage|p1b: Koraidon|35/100|[from] item: Life Orb
|
|-weather|SunnyDay|[upkeep]
|-damage|p2b: Calyrex|0 fnt|[from] brn
|faint|p2b: Calyrex
|upkeep
|
|t:|1750712729
|switch|p2b: Chi-Yu|Chi-Yu, L50|100/100
|-ability|p2b: Chi-Yu|Beads of Ruin
|turn|7
|
|t:|1750712738
|move|p1a: Incineroar|Knock Off|p2a: Groudon
|-damage|p2a: Groudon|0 fnt
|faint|p2a: Groudon
|move|p1b: Koraidon|Close Combat|p2b: Chi-Yu
|-supereffective|p2b: Chi-Yu
|-damage|p2b: Chi-Yu|0 fnt
|-unboost|p1b: Koraidon|def|1
|-unboost|p1b: Koraidon|spd|1
|faint|p2b: Chi-Yu
|-damage|p1b: Koraidon|25/100|[from] item: Life Orb
|
|win|Yuans Reive
|raw|Yuans Reive's rating: 1517 &rarr; <strong>1546</strong><br />(+29 for winning)
|raw|antisocialwalrus's rating: 1681 &rarr; <strong>1652</strong><br />(-29 for losing)
|l|☆antisocialwalrus
|player|p2|
|c|☆Yuans Reive|gg
|l|☆Yuans Reive
|player|p1|
