|j|☆eggs are very cool
|j|☆L3o_Just
|t:|1750714809
|gametype|doubles
|player|p1|eggs are very cool|drayden|1121
|player|p2|L3o_Just|169|1196
|teamsize|p1|6
|teamsize|p2|6
|gen|9
|tier|[Gen 9] VGC 2025 Reg I
|rated|
|rule|Species Clause: Limit one of each Pokémon
|rule|Item Clause: Limit 1 of each item
|clearpoke
|poke|p1|Terapagos, L50, M|
|poke|p1|Charjabug, L50, F|
|poke|p1|Bronzong, L50|
|poke|p1|Zamazenta-*, L50|
|poke|p1|Gothitelle, L50, M|
|poke|p1|Incineroar, L50, F|
|poke|p2|Terapagos, L50, M|
|poke|p2|Miraidon, L50|
|poke|p2|Incineroar, L50, M|
|poke|p2|Iron Treads, L50|
|poke|p2|Sinistcha, L50|
|poke|p2|Urshifu-*, L50, F|
|teampreview|4
|
|t:|1750714828
|start
|switch|p1a: Charjabug|Charjabug, L50, F|100/100
|switch|p1b: Terapagos|Terapagos, L50, M|100/100
|switch|p2a: Terapagos|Terapagos, L50, M|100/100
|switch|p2b: Incineroar|Incineroar, L50, M|100/100
|-activate|p1b: Terapagos|ability: Tera Shift
|detailschange|p1b: Terapagos|Terapagos-Terastal, L50, M
|-heal|p1b: Terapagos|100/100|[silent]
|-activate|p2a: Terapagos|ability: Tera Shift
|detailschange|p2a: Terapagos|Terapagos-Terastal, L50, M
|-heal|p2a: Terapagos|100/100|[silent]
|-ability|p2b: Incineroar|Intimidate|boost
|-unboost|p1a: Charjabug|atk|1
|-unboost|p1b: Terapagos|atk|1
|turn|1
|
|t:|1750714849
|move|p2b: Incineroar|Fake Out|p1a: Charjabug
|-damage|p1a: Charjabug|91/100
|move|p1b: Terapagos|Toxic|p2a: Terapagos
|-status|p2a: Terapagos|tox
|move|p2a: Terapagos|Calm Mind|p2a: Terapagos
|-boost|p2a: Terapagos|spa|1
|-boost|p2a: Terapagos|spd|1
|cant|p1a: Charjabug|flinch
|
|-damage|p2a: Terapagos|95/100 tox|[from] psn
|upkeep
|turn|2
|
|t:|1750714879
|move|p2b: Incineroar|Knock Off|p1b: Terapagos
|-activate|p1b: Terapagos|ability: Tera Shell
|-resisted|p1b: Terapagos
|-damage|p1b: Terapagos|83/100
|-enditem|p1b: Terapagos|Leftovers|[from] move: Knock Off|[of] p2b: Incineroar
|move|p1b: Terapagos|Calm Mind|p1b: Terapagos
|-boost|p1b: Terapagos|spa|1
|-boost|p1b: Terapagos|spd|1
|move|p2a: Terapagos|Earth Power|p1a: Charjabug
|-damage|p1a: Charjabug|58/100
|-unboost|p1a: Charjabug|spd|1
|move|p1a: Charjabug|Iron Defense|p1a: Charjabug
|-boost|p1a: Charjabug|def|2
|
|-damage|p2a: Terapagos|83/100 tox|[from] psn
|upkeep
|turn|3
|
|t:|1750714912
|move|p2b: Incineroar|Parting Shot|p1b: Terapagos
|-unboost|p1b: Terapagos|atk|1
|-unboost|p1b: Terapagos|spa|1
|
|t:|1750714920
|switch|p2b: Miraidon|Miraidon, L50|100/100|[from] Parting Shot
|-fieldstart|move: Electric Terrain|[from] ability: Hadron Engine|[of] p2b: Miraidon
|-enditem|p2a: Terapagos|Electric Seed
|-boost|p2a: Terapagos|def|1|[from] item: Electric Seed
|move|p1b: Terapagos|Calm Mind|p1b: Terapagos
|-boost|p1b: Terapagos|spa|1
|-boost|p1b: Terapagos|spd|1
|move|p2a: Terapagos|Calm Mind|p2a: Terapagos
|-boost|p2a: Terapagos|spa|1
|-boost|p2a: Terapagos|spd|1
|move|p1a: Charjabug|Baton Pass|p1a: Charjabug
|
|t:|1750714933
|switch|p1a: Zamazenta|Zamazenta-Crowned, L50|100/100|[from] Baton Pass
|-ability|p1a: Zamazenta|Dauntless Shield|boost
|-boost|p1a: Zamazenta|def|1
|
|-damage|p2a: Terapagos|65/100 tox|[from] psn
|upkeep
|turn|4
|
|t:|1750714953
|-terastallize|p1b: Terapagos|Stellar
|detailschange|p1b: Terapagos|Terapagos-Stellar, L50, M, tera:Stellar
|-heal|p1b: Terapagos|87/100|[silent]
|-ability|p1b: Terapagos|Teraform Zero
|-fieldend|move: Electric Terrain
|-terastallize|p2a: Terapagos|Stellar
|detailschange|p2a: Terapagos|Terapagos-Stellar, L50, M, tera:Stellar
|-heal|p2a: Terapagos|74/100 tox|[silent]
|move|p2b: Miraidon|Snarl|p1b: Terapagos|[spread] p1a,p1b
|-resisted|p1a: Zamazenta
|-damage|p1a: Zamazenta|92/100
|-damage|p1b: Terapagos|82/100
|-unboost|p1a: Zamazenta|spa|1
|-unboost|p1b: Terapagos|spa|1
|move|p1a: Zamazenta|Body Press|p2a: Terapagos
|-supereffective|p2a: Terapagos
|-crit|p2a: Terapagos
|-damage|p2a: Terapagos|0 fnt
|faint|p2a: Terapagos
|detailschange|p2: Terapagos|Terapagos, L50, M|[silent]
|move|p1b: Terapagos|Tera Starstorm|p2b: Miraidon
|-damage|p2b: Miraidon|74/100
|
|upkeep
|
|t:|1750714975
|switch|p2a: Incineroar|Incineroar, L50, M|100/100
|-ability|p2a: Incineroar|Intimidate|boost
|-unboost|p1a: Zamazenta|atk|1
|-unboost|p1b: Terapagos|atk|1
|turn|5
|
|t:|1750714993
|move|p2a: Incineroar|Fake Out|p1b: Terapagos
|-damage|p1b: Terapagos|74/100
|move|p2b: Miraidon|Volt Switch|p1b: Terapagos
|-damage|p1b: Terapagos|61/100
|
|t:|1750715001
|switch|p2b: Iron Treads|Iron Treads, L50|100/100|[from] Volt Switch
|move|p1a: Zamazenta|Body Press|p2b: Iron Treads
|-supereffective|p2b: Iron Treads
|-damage|p2b: Iron Treads|0 fnt
|faint|p2b: Iron Treads
|-end|p2b: Iron Treads|Quark Drive|[silent]
|cant|p1b: Terapagos|flinch
|
|upkeep
|
|t:|1750715009
|switch|p2b: Miraidon|Miraidon, L50|74/100
|-fieldstart|move: Electric Terrain|[from] ability: Hadron Engine|[of] p2b: Miraidon
|turn|6
|
|t:|1750715028
|move|p2b: Miraidon|Snarl|p1a: Zamazenta|[spread] p1b
|-miss|p2b: Miraidon|p1a: Zamazenta
|-damage|p1b: Terapagos|54/100
|-unboost|p1b: Terapagos|spa|1
|move|p1a: Zamazenta|Body Press|p2a: Incineroar
|-supereffective|p2a: Incineroar
|-damage|p2a: Incineroar|0 fnt
|-damage|p1a: Zamazenta|75/100|[from] item: Rocky Helmet|[of] p2a: Incineroar
|faint|p2a: Incineroar
|move|p1b: Terapagos|Toxic|p2b: Miraidon
|-status|p2b: Miraidon|tox
|
|-damage|p2b: Miraidon|68/100 tox|[from] psn
|upkeep
|turn|7
|
|t:|1750715045
|move|p2b: Miraidon|Electro Drift|p1a: Zamazenta
|-damage|p1a: Zamazenta|0 fnt
|faint|p1a: Zamazenta
|move|p1b: Terapagos|Tera Starstorm|p2b: Miraidon
|-damage|p2b: Miraidon|49/100 tox
|
|-damage|p2b: Miraidon|37/100 tox|[from] psn
|upkeep
|
|t:|1750715056
|switch|p1a: Charjabug|Charjabug, L50, F|58/100
|turn|8
|
|t:|1750715062
|move|p2b: Miraidon|Electro Drift|p1b: Terapagos
|-damage|p1b: Terapagos|23/100
|move|p1b: Terapagos|Tera Starstorm|p2b: Miraidon
|-damage|p2b: Miraidon|14/100 tox
|move|p1a: Charjabug|Volt Switch|p2b: Miraidon
|-resisted|p2b: Miraidon
|-damage|p2b: Miraidon|11/100 tox
|
|t:|1750715072
|switch|p1a: Bronzong|Bronzong, L50|100/100|[from] Volt Switch
|
|-damage|p2b: Miraidon|0 fnt|[from] psn
|faint|p2b: Miraidon
|
|win|eggs are very cool
|raw|eggs are very cool's rating: 1121 &rarr; <strong>1151</strong><br />(+30 for winning)
|raw|L3o_Just's rating: 1196 &rarr; <strong>1166</strong><br />(-30 for losing)
|l|☆L3o_Just
|player|p2|
|c|☆eggs are very cool|Gg
|l|☆eggs are very cool
|player|p1|
