|j|☆Nerd159
|j|☆Aki Hoshino
|t:|1750753274
|gametype|doubles
|player|p1|Nerd159|102|1610
|player|p2|Aki Hoshino|aromalady|1628
|teamsize|p1|6
|teamsize|p2|6
|gen|9
|tier|[Gen 9] VGC 2025 Reg I
|rated|
|rule|Species Clause: Limit one of each Pokémon
|rule|Item Clause: Limit 1 of each item
|clearpoke
|poke|p1|Zamazenta-*, L50|
|poke|p1|Calyrex-Shadow, L50|
|poke|p1|Excadrill, L50, M|
|poke|p1|Tyranitar, L50, M|
|poke|p1|Ogerpon-Wellspring, L50, F|
|poke|p1|Farigiraf, L50, F|
|poke|p2|Whimsicott, L50, M|
|poke|p2|Urshifu-*, L50, F|
|poke|p2|Iron Moth, L50|
|poke|p2|Landorus, L50, M|
|poke|p2|Calyrex-Ice, L50|
|poke|p2|Miraidon, L50|
|teampreview|4
|inactive|Battle timer is ON: inactive players will automatically lose when time's up. (requested by Nerd159)
|
|t:|1750753300
|start
|switch|p1a: Tyranitar|Tyranitar, L50, M|100/100
|switch|p1b: Zamazenta|Zamazenta-Crowned, L50|100/100
|switch|p2a: Whimsicott|Whimsicott, L50, M|100/100
|switch|p2b: Calyrex|Calyrex-Ice, L50|100/100
|-ability|p2b: Calyrex|As One
|-ability|p2b: Calyrex|Unnerve
|-ability|p1b: Zamazenta|Dauntless Shield|boost
|-boost|p1b: Zamazenta|def|1
|-weather|Sandstorm|[from] ability: Sand Stream|[of] p1a: Tyranitar
|turn|1
|inactive|Aki Hoshino has 30 seconds left.
|inactive|Aki Hoshino has 20 seconds left.
|inactive|Aki Hoshino has 15 seconds left.
|
|t:|1750753345
|move|p2a: Whimsicott|Tailwind|p2a: Whimsicott
|-sidestart|p2: Aki Hoshino|move: Tailwind
|move|p2b: Calyrex|Glacial Lance|p1b: Zamazenta|[spread] p1a,p1b
|-resisted|p1b: Zamazenta
|-damage|p1a: Tyranitar|55/100
|-damage|p1b: Zamazenta|90/100
|move|p1b: Zamazenta|Body Press|p2b: Calyrex
|-damage|p2b: Calyrex|56/100
|move|p1a: Tyranitar|Knock Off|p2b: Calyrex
|-supereffective|p2b: Calyrex
|-damage|p2b: Calyrex|0 fnt
|-enditem|p2b: Calyrex|Clear Amulet|[from] move: Knock Off|[of] p1a: Tyranitar
|faint|p2b: Calyrex
|
|-weather|Sandstorm|[upkeep]
|-damage|p2a: Whimsicott|95/100|[from] Sandstorm
|upkeep
|
|t:|1750753367
|switch|p2b: Landorus|Landorus, L50, M|100/100
|turn|2
|inactive|Aki Hoshino has 30 seconds left.
|
|t:|1750753396
|-terastallize|p1a: Tyranitar|Grass
|move|p1b: Zamazenta|Protect|p1b: Zamazenta
|-singleturn|p1b: Zamazenta|Protect
|move|p2a: Whimsicott|Endeavor|p1b: Zamazenta
|-activate|p1b: Zamazenta|move: Protect
|move|p2b: Landorus|Earth Power|p1b: Zamazenta
|-activate|p1b: Zamazenta|move: Protect
|move|p1a: Tyranitar|Icy Wind|p2a: Whimsicott|[spread] p2a,p2b
|-supereffective|p2a: Whimsicott
|-supereffective|p2b: Landorus
|-damage|p2a: Whimsicott|63/100
|-damage|p2b: Landorus|59/100
|-unboost|p2a: Whimsicott|spe|1
|-unboost|p2b: Landorus|spe|1
|
|-weather|Sandstorm|[upkeep]
|-damage|p2a: Whimsicott|57/100|[from] Sandstorm
|-damage|p1a: Tyranitar|49/100|[from] Sandstorm
|upkeep
|turn|3
|inactive|Aki Hoshino has 30 seconds left.
|
|t:|1750753428
|move|p2a: Whimsicott|Endeavor|p1b: Zamazenta
|-damage|p1b: Zamazenta|35/100
|move|p2b: Landorus|Earth Power|p1b: Zamazenta
|-supereffective|p1b: Zamazenta
|-damage|p1b: Zamazenta|0 fnt
|faint|p1b: Zamazenta
|move|p1a: Tyranitar|Icy Wind|p2a: Whimsicott|[spread] p2a,p2b
|-supereffective|p2a: Whimsicott
|-supereffective|p2b: Landorus
|-damage|p2a: Whimsicott|27/100
|-damage|p2b: Landorus|23/100
|-unboost|p2a: Whimsicott|spe|1
|-unboost|p2b: Landorus|spe|1
|
|-weather|Sandstorm|[upkeep]
|-damage|p2a: Whimsicott|21/100|[from] Sandstorm
|-damage|p1a: Tyranitar|42/100|[from] Sandstorm
|upkeep
|
|t:|1750753435
|switch|p1b: Calyrex|Calyrex-Shadow, L50|100/100
|-ability|p1b: Calyrex|As One
|-ability|p1b: Calyrex|Unnerve
|turn|4
|inactive|Aki Hoshino has 30 seconds left.
|inactive|Aki Hoshino has 20 seconds left.
|
|t:|1750753473
|switch|p2a: Miraidon|Miraidon, L50|100/100
|-fieldstart|move: Electric Terrain|[from] ability: Hadron Engine|[of] p2a: Miraidon
|switch|p1a: Excadrill|Excadrill, L50, M|100/100
|move|p1b: Calyrex|Astral Barrage|p2b: Landorus|[spread] p2a,p2b
|-crit|p2a: Miraidon
|-crit|p2b: Landorus
|-damage|p2a: Miraidon|41/100
|-damage|p2b: Landorus|0 fnt
|faint|p2b: Landorus
|-ability|p1b: Calyrex|Grim Neigh|boost
|-boost|p1b: Calyrex|spa|1
|
|-weather|Sandstorm|[upkeep]
|-damage|p2a: Miraidon|35/100|[from] Sandstorm
|-damage|p1b: Calyrex|95/100|[from] Sandstorm
|-sideend|p2: Aki Hoshino|move: Tailwind
|upkeep
|
|t:|1750753482
|switch|p2b: Whimsicott|Whimsicott, L50, M|21/100
|turn|5
|
|t:|1750753501
|move|p2b: Whimsicott|Tailwind|p2b: Whimsicott
|-sidestart|p2: Aki Hoshino|move: Tailwind
|move|p2a: Miraidon|Snarl|p1b: Calyrex|[spread] p1a,p1b
|-supereffective|p1b: Calyrex
|-damage|p1a: Excadrill|69/100
|-damage|p1b: Calyrex|1/100
|-unboost|p1a: Excadrill|spa|1
|-unboost|p1b: Calyrex|spa|1
|move|p1a: Excadrill|Iron Head|p2b: Whimsicott
|-supereffective|p2b: Whimsicott
|-damage|p2b: Whimsicott|0 fnt
|faint|p2b: Whimsicott
|move|p1b: Calyrex|Astral Barrage|p2a: Miraidon
|-damage|p2a: Miraidon|0 fnt
|faint|p2a: Miraidon
|
|win|Nerd159
|raw|Nerd159's rating: 1610 &rarr; <strong>1631</strong><br />(+21 for winning)
|raw|Aki Hoshino's rating: 1628 &rarr; <strong>1607</strong><br />(-21 for losing)
|l|☆Aki Hoshino
|player|p2|
|l|☆Nerd159
|player|p1|
