|j|☆Kweish
|j|☆JSNJS
|t:|1750731674
|gametype|doubles
|player|p1|Kweish|gentleman-gen4|1206
|player|p2|JSNJS|102|1132
|teamsize|p1|6
|teamsize|p2|6
|gen|9
|tier|[Gen 9] VGC 2025 Reg I
|rated|
|rule|Species Clause: Limit one of each Pokémon
|rule|Item Clause: Limit 1 of each item
|clearpoke
|poke|p1|Calyrex-Ice, L50|
|poke|p1|Miraidon, L50|
|poke|p1|Urshifu-*, L50, F|
|poke|p1|Incineroar, L50, F|
|poke|p1|Landorus, L50, M|
|poke|p1|Amoonguss, L50, F|
|poke|p2|Zebstrika, L50, F|
|poke|p2|Mudsdale, L50, M|
|poke|p2|Spectrier, L50|
|poke|p2|Glastrier, L50|
|poke|p2|Calyrex-Shadow, L50|
|poke|p2|Farigiraf, L50, F|
|teampreview|4
|c|☆Kweish|Horses huh
|
|t:|1750731714
|start
|switch|p1a: Miraidon|Miraidon, L50|100/100
|switch|p1b: Incineroar|Incineroar, L50, F|100/100
|switch|p2a: Calyrex|Calyrex-Shadow, L50|100/100
|switch|p2b: Spectrier|Spectrier, L50|100/100
|-ability|p2a: Calyrex|As One
|-ability|p2a: Calyrex|Unnerve
|-fieldstart|move: Electric Terrain|[from] ability: Hadron Engine|[of] p1a: Miraidon
|-ability|p1b: Incineroar|Intimidate|boost
|-unboost|p2a: Calyrex|atk|1
|-unboost|p2b: Spectrier|atk|1
|turn|1
|inactive|Battle timer is ON: inactive players will automatically lose when time's up. (requested by Kweish)
|c|☆JSNJS|Yes horses
|inactive|Kweish has 60 seconds left.
|
|t:|1750731748
|-terastallize|p2a: Calyrex|Fairy
|move|p2b: Spectrier|Psychic|p1a: Miraidon
|-damage|p1a: Miraidon|77/100
|move|p2a: Calyrex|Astral Barrage|p1b: Incineroar|[spread] p1a,p1b
|-resisted|p1b: Incineroar
|-damage|p1a: Miraidon|41/100
|-damage|p1b: Incineroar|82/100
|move|p1a: Miraidon|Electro Drift|p2a: Calyrex
|-enditem|p2a: Calyrex|Focus Sash
|-damage|p2a: Calyrex|1/100
|move|p1b: Incineroar|Knock Off|p2a: Calyrex
|-resisted|p2a: Calyrex
|-damage|p2a: Calyrex|0 fnt
|faint|p2a: Calyrex
|
|upkeep
|
|t:|1750731757
|switch|p2a: Mudsdale|Mudsdale, L50, M|100/100
|turn|2
|
|t:|1750731779
|switch|p2b: Glastrier|Glastrier, L50|100/100
|switch|p1b: Urshifu|Urshifu-Rapid-Strike, L50, F|100/100
|move|p1a: Miraidon|Electro Drift|p2b: Glastrier
|-damage|p2b: Glastrier|12/100
|-damage|p1a: Miraidon|24/100|[from] item: Rocky Helmet|[of] p2b: Glastrier
|move|p2a: Mudsdale|High Horsepower|p1a: Miraidon
|-supereffective|p1a: Miraidon
|-damage|p1a: Miraidon|0 fnt
|faint|p1a: Miraidon
|
|upkeep
|
|t:|1750731791
|switch|p1a: Incineroar|Incineroar, L50, F|82/100
|-ability|p1a: Incineroar|Intimidate|boost
|-fail|p2a: Mudsdale|unboost|Attack|[from] ability: Inner Focus|[of] p2a: Mudsdale
|-unboost|p2b: Glastrier|atk|1
|turn|3
|
|t:|1750731803
|switch|p2b: Spectrier|Spectrier, L50|100/100
|move|p1a: Incineroar|Fake Out|p2b: Spectrier
|-immune|p2b: Spectrier
|move|p1b: Urshifu|Close Combat|p2a: Mudsdale
|-damage|p2a: Mudsdale|22/100
|-unboost|p1b: Urshifu|def|1
|-unboost|p1b: Urshifu|spd|1
|move|p2a: Mudsdale|High Horsepower|p1a: Incineroar
|-supereffective|p1a: Incineroar
|-crit|p1a: Incineroar
|-damage|p1a: Incineroar|0 fnt
|faint|p1a: Incineroar
|
|upkeep
|
|t:|1750731810
|switch|p1a: Landorus|Landorus, L50, M|100/100
|turn|4
|
|t:|1750731826
|move|p1a: Landorus|Protect|p1a: Landorus
|-singleturn|p1a: Landorus|Protect
|move|p2b: Spectrier|Psychic|p1b: Urshifu
|-supereffective|p1b: Urshifu
|-damage|p1b: Urshifu|0 fnt
|faint|p1b: Urshifu
|-ability|p2b: Spectrier|Grim Neigh|boost
|-boost|p2b: Spectrier|spa|1
|move|p2a: Mudsdale|Iron Head|p1a: Landorus
|-activate|p1a: Landorus|move: Protect
|
|upkeep
|turn|5
|-message|Kweish forfeited.
|
|win|JSNJS
|raw|Kweish's rating: 1206 &rarr; <strong>1176</strong><br />(-30 for losing)
|raw|JSNJS's rating: 1132 &rarr; <strong>1162</strong><br />(+30 for winning)
|l|☆Kweish
|player|p1|
|l|☆JSNJS
|player|p2|
