|j|☆mnmnmnmnm6
|j|☆peasantbread
|t:|1750727356
|gametype|doubles
|player|p1|mnmnmnmnm6|265|1547
|player|p2|peasantbread|169|1599
|teamsize|p1|6
|teamsize|p2|6
|gen|9
|tier|[Gen 9] VGC 2025 Reg I
|rated|
|rule|Species Clause: Limit one of each Pokémon
|rule|Item Clause: Limit 1 of each item
|clearpoke
|poke|p1|Kyogre, L50|
|poke|p1|Urshifu-*, L50, M|
|poke|p1|Miraidon, L50|
|poke|p1|Overqwil, L50, M|
|poke|p1|Iron Bundle, L50|
|poke|p1|Farigiraf, L50, M|
|poke|p2|Calyrex-Ice, L50|
|poke|p2|Kyogre, L50|
|poke|p2|Grimmsnarl, L50, M|
|poke|p2|Amoonguss, L50, M|
|poke|p2|Rillaboom, L50, M|
|poke|p2|Annihilape, L50, M|
|teampreview|4
|
|t:|1750727411
|start
|switch|p1a: Kyogre|Kyogre, L50|100/100
|switch|p1b: Overqwil|Overqwil, L50, M|100/100
|switch|p2a: Calyrex|Calyrex-Ice, L50|100/100
|switch|p2b: Rillaboom|Rillaboom, L50, M|100/100
|-ability|p2a: Calyrex|As One
|-ability|p2a: Calyrex|Unnerve
|-weather|RainDance|[from] ability: Drizzle|[of] p1a: Kyogre
|-fieldstart|move: Grassy Terrain|[from] ability: Grassy Surge|[of] p2b: Rillaboom
|turn|1
|inactive|Battle timer is ON: inactive players will automatically lose when time's up. (requested by mnmnmnmnm6)
|
|t:|1750727463
|switch|p1a: Farigiraf|Farigiraf, L50, M|100/100
|move|p1b: Overqwil|Barb Barrage|p2b: Rillaboom
|-supereffective|p2b: Rillaboom
|-damage|p2b: Rillaboom|29/100
|-status|p2b: Rillaboom|psn
|-damage|p1b: Overqwil|91/100|[from] item: Life Orb
|move|p2b: Rillaboom|Wood Hammer|p1a: Farigiraf
|-damage|p1a: Farigiraf|29/100
|-damage|p2b: Rillaboom|3/100 psn|[from] Recoil
|move|p2a: Calyrex|Glacial Lance|p1a: Farigiraf|[spread] p1a,p1b
|-damage|p1a: Farigiraf|0 fnt
|-damage|p1b: Overqwil|38/100
|faint|p1a: Farigiraf
|-ability|p2a: Calyrex|Chilling Neigh|boost
|-boost|p2a: Calyrex|atk|1
|
|-weather|RainDance|[upkeep]
|-heal|p1b: Overqwil|44/100|[from] Grassy Terrain
|-heal|p2b: Rillaboom|9/100 psn|[from] Grassy Terrain
|-damage|p2b: Rillaboom|0 fnt|[from] psn
|faint|p2b: Rillaboom
|upkeep
|
|t:|1750727486
|switch|p2b: Grimmsnarl|Grimmsnarl, L50, M|100/100
|switch|p1a: Miraidon|Miraidon, L50|100/100
|-fieldstart|move: Electric Terrain|[from] ability: Hadron Engine|[of] p1a: Miraidon
|turn|2
|inactive|mnmnmnmnm6 has 30 seconds left.
|inactive|mnmnmnmnm6 has 20 seconds left.
|inactive|mnmnmnmnm6 has 15 seconds left.
|inactive|mnmnmnmnm6 has 10 seconds left.
|
|t:|1750727532
|-terastallize|p1a: Miraidon|Fairy
|move|p2a: Calyrex|Protect|p2a: Calyrex
|-singleturn|p2a: Calyrex|Protect
|move|p2b: Grimmsnarl|Light Screen|p2b: Grimmsnarl
|-sidestart|p2: peasantbread|move: Light Screen
|move|p1b: Overqwil|Barb Barrage|p2a: Calyrex
|-activate|p2a: Calyrex|move: Protect
|move|p1a: Miraidon|Electro Drift|p2b: Grimmsnarl
|-damage|p2b: Grimmsnarl|18/100
|
|-weather|RainDance|[upkeep]
|upkeep
|turn|3
|j| mistball2
|
|t:|1750727552
|move|p2b: Grimmsnarl|Reflect|p2b: Grimmsnarl
|-sidestart|p2: peasantbread|Reflect
|move|p1b: Overqwil|Barb Barrage|p2a: Calyrex
|-damage|p2a: Calyrex|84/100
|-damage|p1b: Overqwil|34/100|[from] item: Life Orb
|move|p1a: Miraidon|Electro Drift|p2a: Calyrex
|-damage|p2a: Calyrex|20/100
|move|p2a: Calyrex|Trick Room|p2a: Calyrex
|-fieldstart|move: Trick Room|[of] p2a: Calyrex
|
|-weather|RainDance|[upkeep]
|-heal|p2a: Calyrex|26/100|[from] item: Leftovers
|upkeep
|turn|4
|
|t:|1750727571
|move|p1b: Overqwil|Protect|p1b: Overqwil
|-singleturn|p1b: Overqwil|Protect
|move|p2b: Grimmsnarl|Parting Shot|p1a: Miraidon
|-unboost|p1a: Miraidon|atk|1
|-unboost|p1a: Miraidon|spa|1
|
|t:|1750727578
|switch|p2b: Kyogre|Kyogre, L50|100/100|[from] Parting Shot
|move|p2a: Calyrex|Glacial Lance|p1a: Miraidon|[spread] p1a
|-activate|p1b: Overqwil|move: Protect
|-damage|p1a: Miraidon|29/100
|move|p1a: Miraidon|Electro Drift|p2b: Kyogre
|-supereffective|p2b: Kyogre
|-damage|p2b: Kyogre|0 fnt
|faint|p2b: Kyogre
|
|-weather|RainDance|[upkeep]
|-heal|p2a: Calyrex|31/100|[from] item: Leftovers
|upkeep
|
|t:|1750727588
|switch|p2b: Grimmsnarl|Grimmsnarl, L50, M|18/100
|turn|5
|
|t:|1750727601
|switch|p1a: Kyogre|Kyogre, L50|100/100
|move|p2b: Grimmsnarl|Parting Shot|p1a: Kyogre
|-unboost|p1a: Kyogre|atk|1
|-unboost|p1a: Kyogre|spa|1
|move|p1b: Overqwil|Aqua Jet|p2b: Grimmsnarl
|-damage|p2b: Grimmsnarl|0 fnt
|faint|p2b: Grimmsnarl
|-damage|p1b: Overqwil|24/100|[from] item: Life Orb
|move|p2a: Calyrex|Glacial Lance|p1a: Kyogre|[spread] p1a,p1b
|-resisted|p1a: Kyogre
|-damage|p1a: Kyogre|67/100
|-damage|p1b: Overqwil|0 fnt
|faint|p1b: Overqwil
|-ability|p2a: Calyrex|Chilling Neigh|boost
|-boost|p2a: Calyrex|atk|1
|
|-weather|none
|-heal|p2a: Calyrex|37/100|[from] item: Leftovers
|upkeep
|
|t:|1750727617
|switch|p1b: Miraidon|Miraidon, L50, tera:Fairy|29/100
|-activate|p1b: Miraidon|ability: Hadron Engine
|turn|6
|
|t:|1750727625
|move|p2a: Calyrex|Glacial Lance|p1a: Kyogre|[spread] p1a,p1b
|-resisted|p1a: Kyogre
|-damage|p1a: Kyogre|19/100
|-damage|p1b: Miraidon|0 fnt
|faint|p1b: Miraidon
|-ability|p2a: Calyrex|Chilling Neigh|boost
|-boost|p2a: Calyrex|atk|1
|move|p1a: Kyogre|Origin Pulse|p2a: Calyrex
|-damage|p2a: Calyrex|20/100
|
|-heal|p2a: Calyrex|26/100|[from] item: Leftovers
|-fieldend|move: Electric Terrain
|upkeep
|turn|7
|-message|mnmnmnmnm6 forfeited.
|
|win|peasantbread
|raw|mnmnmnmnm6's rating: 1547 &rarr; <strong>1530</strong><br />(-17 for losing)
|raw|peasantbread's rating: 1599 &rarr; <strong>1616</strong><br />(+17 for winning)
|l|☆mnmnmnmnm6
|player|p1|
|l|☆peasantbread
|player|p2|
