|j|☆gupflup
|j|☆IncineroarH8ter
|t:|1750750875
|gametype|doubles
|player|p1|gupflup|102|1411
|player|p2|IncineroarH8ter|unknown|1400
|teamsize|p1|6
|teamsize|p2|6
|gen|9
|tier|[Gen 9] VGC 2025 Reg I
|rated|
|rule|Species Clause: Limit one of each Pokémon
|rule|Item Clause: Limit 1 of each item
|clearpoke
|poke|p1|Groudon, L50|
|poke|p1|Lunala, L50|
|poke|p1|Persian-Alola, L50, F|
|poke|p1|Sableye, L50, M|
|poke|p1|Lilligant-Hisui, L50, F|
|poke|p1|Rillaboom, L50, M|
|poke|p2|Lunala, L50|
|poke|p2|Annihilape, L50, M|
|poke|p2|Calyrex-Ice, L50|
|poke|p2|Grimmsnarl, L50, M|
|poke|p2|Indeedee-F, L50, F|
|poke|p2|Iron Leaves, L50|
|teampreview|4
|l|☆IncineroarH8ter
|player|p2|
|j|☆IncineroarH8ter
|player|p2|IncineroarH8ter|unknown|
|inactive|Battle timer is ON: inactive players will automatically lose when time's up. (requested by IncineroarH8ter)
|
|t:|1750750960
|start
|switch|p1a: Sableye|Sableye, L50, M|100/100
|switch|p1b: Lunala|Lunala, L50|100/100
|switch|p2a: Lunala|Lunala, L50|100/100
|switch|p2b: Grimmsnarl|Grimmsnarl, L50, M|100/100
|turn|1
|inactive|gupflup has 30 seconds left.
|
|t:|1750750988
|-terastallize|p1b: Lunala|Fairy
|move|p1a: Sableye|Gravity|p1a: Sableye
|-fieldstart|move: Gravity
|move|p1b: Lunala|Hypnosis|p2a: Lunala
|-status|p2a: Lunala|slp|[from] move: Hypnosis
|cant|p2a: Lunala|slp
|move|p2b: Grimmsnarl|Crunch|p1b: Lunala
|-resisted|p1b: Lunala
|-damage|p1b: Lunala|92/100
|-unboost|p1b: Lunala|def|1
|
|upkeep
|turn|2
|inactive|IncineroarH8ter has 30 seconds left.
|
|t:|1750751015
|switch|p1a: Groudon|Groudon, L50|100/100
|-weather|SunnyDay|[from] ability: Drought|[of] p1a: Groudon
|move|p2b: Grimmsnarl|Light Screen|p2b: Grimmsnarl
|-sidestart|p2: IncineroarH8ter|move: Light Screen
|move|p1b: Lunala|Hypnosis|p2b: Grimmsnarl
|-status|p2b: Grimmsnarl|slp|[from] move: Hypnosis
|cant|p2a: Lunala|slp
|
|-weather|SunnyDay|[upkeep]
|upkeep
|turn|3
|inactive|IncineroarH8ter has 30 seconds left.
|inactive|gupflup has 30 seconds left.
|inactive|gupflup has 20 seconds left.
|
|t:|1750751057
|switch|p1b: Sableye|Sableye, L50, M|100/100
|cant|p2b: Grimmsnarl|slp
|move|p1a: Groudon|Bulk Up|p1a: Groudon
|-boost|p1a: Groudon|atk|1
|-boost|p1a: Groudon|def|1
|cant|p2a: Lunala|slp
|
|-weather|SunnyDay|[upkeep]
|upkeep
|turn|4
|inactive|gupflup has 30 seconds left.
|
|t:|1750751084
|move|p1b: Sableye|Detect|p1b: Sableye
|-singleturn|p1b: Sableye|Protect
|cant|p2b: Grimmsnarl|slp
|move|p1a: Groudon|Bulk Up|p1a: Groudon
|-boost|p1a: Groudon|atk|1
|-boost|p1a: Groudon|def|1
|-curestatus|p2a: Lunala|slp|[msg]
|move|p2a: Lunala|Trick Room|p2a: Lunala
|-fieldstart|move: Trick Room|[of] p2a: Lunala
|
|-weather|SunnyDay|[upkeep]
|upkeep
|turn|5
|
|t:|1750751103
|move|p1b: Sableye|Encore|p2a: Lunala
|-start|p2a: Lunala|Encore
|-curestatus|p2b: Grimmsnarl|slp|[msg]
|move|p2b: Grimmsnarl|Reflect|p2b: Grimmsnarl
|-sidestart|p2: IncineroarH8ter|Reflect
|move|p2a: Lunala|Trick Room|p2a: Lunala
|-fieldend|move: Trick Room
|move|p1a: Groudon|Bulk Up|p1a: Groudon
|-boost|p1a: Groudon|atk|1
|-boost|p1a: Groudon|def|1
|
|-weather|SunnyDay|[upkeep]
|-fieldend|move: Gravity
|upkeep
|turn|6
|
|t:|1750751119
|move|p1b: Sableye|Disable|p2a: Lunala
|-start|p2a: Lunala|Disable|Trick Room
|move|p1a: Groudon|Precipice Blades|p2b: Grimmsnarl|[spread] p2a,p2b
|-damage|p2a: Lunala|68/100
|-damage|p2b: Grimmsnarl|0 fnt
|faint|p2b: Grimmsnarl
|cant|p2a: Lunala|Disable|Trick Room
|
|-weather|none
|upkeep
|
|t:|1750751127
|switch|p2b: Calyrex|Calyrex-Ice, L50|100/100
|-ability|p2b: Calyrex|As One
|-ability|p2b: Calyrex|Unnerve
|turn|7
|
|t:|1750751140
|switch|p2a: Indeedee|Indeedee-F, L50, F|100/100
|-fieldstart|move: Psychic Terrain|[from] ability: Psychic Surge|[of] p2a: Indeedee
|-enditem|p2a: Indeedee|Psychic Seed
|-boost|p2a: Indeedee|spd|1|[from] item: Psychic Seed
|move|p1b: Sableye|Gravity|p1b: Sableye
|-fieldstart|move: Gravity
|move|p1a: Groudon|Precipice Blades|p2b: Calyrex|[spread] p2a,p2b
|-damage|p2a: Indeedee|10/100
|-damage|p2b: Calyrex|51/100
|move|p2b: Calyrex|Glacial Lance|p1b: Sableye|[spread] p1a,p1b
|-supereffective|p1a: Groudon
|-damage|p1a: Groudon|69/100
|-damage|p1b: Sableye|24/100
|
|-heal|p1a: Groudon|74/100|[from] item: Leftovers
|upkeep
|turn|8
|inactive|gupflup has 30 seconds left.
|inactive|IncineroarH8ter has 30 seconds left.
|
|t:|1750751173
|move|p1b: Sableye|Detect|p1b: Sableye
|-singleturn|p1b: Sableye|Protect
|move|p1a: Groudon|Precipice Blades|p2b: Calyrex|[spread] p2a,p2b
|-damage|p2a: Indeedee|0 fnt
|-damage|p2b: Calyrex|0 fnt
|faint|p2a: Indeedee
|faint|p2b: Calyrex
|
|-heal|p1a: Groudon|80/100|[from] item: Leftovers
|upkeep
|-message|IncineroarH8ter forfeited.
|
|win|gupflup
|raw|gupflup's rating: 1411 &rarr; <strong>1430</strong><br />(+19 for winning)
|raw|IncineroarH8ter's rating: 1400 &rarr; <strong>1381</strong><br />(-19 for losing)
|l|☆IncineroarH8ter
|player|p2|
