|j|☆mejonat
|j|☆Astra15
|t:|1750872540
|gametype|doubles
|player|p1|mejonat|1|1160
|player|p2|Astra15|hugh|1201
|teamsize|p1|6
|teamsize|p2|6
|gen|9
|tier|[Gen 9] VGC 2025 Reg I
|rated|
|rule|Species Clause: Limit one of each Pokémon
|rule|Item Clause: Limit 1 of each item
|clearpoke
|poke|p1|Samurott-Hisui, L50, F|
|poke|p1|Moltres-Galar, L50|
|poke|p1|Miraidon, L50|
|poke|p1|Rhydon, L50, F|
|poke|p1|Kyogre, L50|
|poke|p1|Amoonguss, L50, M|
|poke|p2|Groudon, L50|
|poke|p2|Necrozma-Dusk-Mane, L50|
|poke|p2|Gouging Fire, L50|
|poke|p2|Whimsicott, L50, M|
|poke|p2|Urshifu-*, L50, F|
|poke|p2|Raging Bolt, L50|
|teampreview|4
|
|t:|1750872576
|start
|switch|p1a: Samurott|Samurott-Hisui, L50, F|100/100
|switch|p1b: Moltres|Moltres-Galar, L50|100/100
|switch|p2a: Whimsicott|Whimsicott, L50, M|100/100
|switch|p2b: Urshifu|Urshifu, L50, F|100/100
|turn|1
|inactive|Battle timer is ON: inactive players will automatically lose when time's up. (requested by Astra15)
|inactive|Astra15 has 60 seconds left.
|
|t:|1750872609
|-terastallize|p1a: Samurott|Flying
|move|p2a: Whimsicott|Tailwind|p2a: Whimsicott
|-sidestart|p2: Astra15|move: Tailwind
|move|p2b: Urshifu|U-turn|p1b: Moltres
|-damage|p1b: Moltres|58/100
|
|t:|1750872617
|switch|p2b: Groudon|Groudon, L50|100/100|[from] U-turn
|-weather|SunnyDay|[from] ability: Drought|[of] p2b: Groudon
|move|p1a: Samurott|Focus Energy|p1a: Samurott
|-start|p1a: Samurott|move: Focus Energy
|move|p1b: Moltres|Tailwind|p1b: Moltres
|-sidestart|p1: mejonat|move: Tailwind
|
|-weather|SunnyDay|[upkeep]
|-heal|p1b: Moltres|64/100|[from] item: Leftovers
|upkeep
|turn|2
|inactive|mejonat has 30 seconds left.
|
|t:|1750872644
|move|p2a: Whimsicott|Encore|p1a: Samurott
|-start|p1a: Samurott|Encore
|move|p1a: Samurott|Focus Energy||[still]
|-fail|p1a: Samurott
|move|p2b: Groudon|Heat Crash|p1b: Moltres
|-damage|p1b: Moltres|0 fnt
|faint|p1b: Moltres
|
|-weather|SunnyDay|[upkeep]
|upkeep
|
|t:|1750872655
|switch|p1b: Kyogre|Kyogre, L50|100/100
|-weather|RainDance|[from] ability: Drizzle|[of] p1b: Kyogre
|turn|3
|
|t:|1750872675
|switch|p1a: Amoonguss|Amoonguss, L50, M|100/100
|move|p2a: Whimsicott|Sunny Day|p2a: Whimsicott
|-weather|SunnyDay
|move|p1b: Kyogre|Water Spout|p2b: Groudon|[spread] p2a,p2b
|-resisted|p2a: Whimsicott
|-supereffective|p2b: Groudon
|-damage|p2a: Whimsicott|80/100
|-damage|p2b: Groudon|65/100
|move|p2b: Groudon|Precipice Blades|p1a: Amoonguss|[spread] p1b
|-miss|p2b: Groudon|p1a: Amoonguss
|-damage|p1b: Kyogre|44/100
|
|-weather|SunnyDay|[upkeep]
|upkeep
|turn|4
|
|t:|1750872700
|move|p2a: Whimsicott|Moonblast|p1b: Kyogre
|-damage|p1b: Kyogre|30/100
|move|p1b: Kyogre|Icy Wind|p2b: Groudon|[spread] p2a,p2b
|-supereffective|p2a: Whimsicott
|-supereffective|p2b: Groudon
|-damage|p2a: Whimsicott|44/100
|-damage|p2b: Groudon|44/100
|-unboost|p2b: Groudon|spe|1
|move|p2b: Groudon|Precipice Blades|p1a: Amoonguss|[spread] p1a,p1b
|-damage|p1a: Amoonguss|62/100
|-damage|p1b: Kyogre|0 fnt
|faint|p1b: Kyogre
|move|p1a: Amoonguss|Pollen Puff|p1: Kyogre|[notarget]
|-fail|p1a: Amoonguss
|
|-weather|SunnyDay|[upkeep]
|-heal|p1a: Amoonguss|68/100|[from] item: Black Sludge
|-sideend|p1: mejonat|move: Tailwind
|-sideend|p2: Astra15|move: Tailwind
|upkeep
|
|t:|1750872714
|switch|p1b: Samurott|Samurott-Hisui, L50, F, tera:Flying|100/100
|turn|5
|
|t:|1750872724
|move|p2a: Whimsicott|Tailwind|p2a: Whimsicott
|-sidestart|p2: Astra15|move: Tailwind
|move|p2b: Groudon|Rock Slide|p1a: Amoonguss|[spread] p1a,p1b
|-supereffective|p1b: Samurott
|-damage|p1a: Amoonguss|53/100
|-damage|p1b: Samurott|46/100
|move|p1b: Samurott|Air Slash|p2a: Whimsicott
|-supereffective|p2a: Whimsicott
|-damage|p2a: Whimsicott|0 fnt
|faint|p2a: Whimsicott
|move|p1a: Amoonguss|Spore|p2b: Groudon
|-status|p2b: Groudon|slp|[from] move: Spore
|
|-weather|SunnyDay|[upkeep]
|-heal|p1a: Amoonguss|58/100|[from] item: Black Sludge
|upkeep
|
|t:|1750872741
|switch|p2a: Necrozma|Necrozma-Dusk-Mane, L50|100/100
|turn|6
|
|t:|1750872752
|-terastallize|p2a: Necrozma|Dragon
|move|p2a: Necrozma|Photon Geyser|p1a: Amoonguss
|-supereffective|p1a: Amoonguss
|-damage|p1a: Amoonguss|0 fnt
|faint|p1a: Amoonguss
|cant|p2b: Groudon|slp
|move|p1b: Samurott|Night Slash|p2a: Necrozma
|-damage|p2a: Necrozma|62/100
|
|-weather|SunnyDay|[upkeep]
|upkeep
|turn|7
|-message|mejonat forfeited.
|
|win|Astra15
|raw|mejonat's rating: 1160 &rarr; <strong>1138</strong><br />(-22 for losing)
|raw|Astra15's rating: 1201 &rarr; <strong>1223</strong><br />(+22 for winning)
|l|☆mejonat
|player|p1|
|l|☆Astra15
|player|p2|
