|j|☆004B
|j|☆RaidenVGC7
|t:|1750770205
|gametype|doubles
|player|p1|004B|ghetsis|1523
|player|p2|RaidenVGC7|1|1642
|teamsize|p1|6
|teamsize|p2|6
|gen|9
|tier|[Gen 9] VGC 2025 Reg I
|rated|
|rule|Species Clause: Limit one of each Pokémon
|rule|Item Clause: Limit 1 of each item
|clearpoke
|poke|p1|Miraidon, L50|
|poke|p1|Landorus, L50, M|
|poke|p1|Tornadus, L50, M|
|poke|p1|Farigiraf, L50, M|
|poke|p1|Conkeldurr, L50, F|
|poke|p1|Calyrex-Ice, L50|
|poke|p2|Calyrex-Ice, L50|
|poke|p2|Miraidon, L50|
|poke|p2|Drowzee, L50, F|
|poke|p2|Iron Hands, L50|
|poke|p2|Urshifu-*, L50, M|
|poke|p2|Incineroar, L50, M|
|teampreview|4
|inactive|Battle timer is ON: inactive players will automatically lose when time's up. (requested by RaidenVGC7)
|inactive|RaidenVGC7 has 60 seconds left.
|
|t:|1750770246
|start
|switch|p1a: Zekrom-|Miraidon, L50|100/100
|switch|p1b: Calyrex|Calyrex-Ice, L50|100/100
|switch|p2a: Calyrex|Calyrex-Ice, L50|100/100
|switch|p2b: Drowzee|Drowzee, L50, F|100/100
|-ability|p2a: Calyrex|As One
|-ability|p2a: Calyrex|Unnerve
|-ability|p1b: Calyrex|As One
|-ability|p1b: Calyrex|Unnerve
|-fieldstart|move: Electric Terrain|[from] ability: Hadron Engine|[of] p1a: Zekrom-
|turn|1
|inactive|RaidenVGC7 has 30 seconds left.
|
|t:|1750770273
|switch|p1b: Deerling-|Farigiraf, L50, M|100/100
|-enditem|p1b: Deerling-|Electric Seed
|-boost|p1b: Deerling-|def|1|[from] item: Electric Seed
|move|p2a: Calyrex|Protect|p2a: Calyrex
|-singleturn|p2a: Calyrex|Protect
|move|p1a: Zekrom-|Volt Switch|p2b: Drowzee
|-damage|p2b: Drowzee|47/100
|
|t:|1750770281
|switch|p1a: Calyrex|Calyrex-Ice, L50|100/100|[from] Volt Switch
|-ability|p1a: Calyrex|As One
|-ability|p1a: Calyrex|Unnerve
|move|p2b: Drowzee|Foul Play|p1b: Deerling-
|-supereffective|p1b: Deerling-
|-damage|p1b: Deerling-|79/100
|
|upkeep
|turn|2
|inactive|004B has 30 seconds left.
|inactive|RaidenVGC7 has 30 seconds left.
|inactive|004B has 20 seconds left.
|inactive|RaidenVGC7 has 20 seconds left.
|inactive|004B has 15 seconds left.
|inactive|RaidenVGC7 has 15 seconds left.
|inactive|RaidenVGC7 has 10 seconds left.
|inactive|RaidenVGC7 has 5 seconds left.
|
|t:|1750770335
|move|p1b: Deerling-|Foul Play|p2a: Calyrex
|-supereffective|p2a: Calyrex
|-damage|p2a: Calyrex|53/100
|move|p2a: Calyrex|Glacial Lance|p1b: Deerling-|[spread] p1a,p1b
|-resisted|p1a: Calyrex
|-damage|p1a: Calyrex|82/100
|-damage|p1b: Deerling-|46/100
|move|p1a: Calyrex|Glacial Lance|p2b: Drowzee|[spread] p2a,p2b
|-resisted|p2a: Calyrex
|-damage|p2a: Calyrex|33/100
|-damage|p2b: Drowzee|0 fnt
|faint|p2b: Drowzee
|-ability|p1a: Calyrex|Chilling Neigh|boost
|-boost|p1a: Calyrex|atk|1
|
|upkeep
|
|t:|1750770351
|switch|p2b: Miraidon|Miraidon, L50|100/100
|-activate|p2b: Miraidon|ability: Hadron Engine
|turn|3
|inactive|RaidenVGC7 has 30 seconds left.
|
|t:|1750770377
|switch|p2a: Iron Hands|Iron Hands, L50|100/100
|-activate|p2a: Iron Hands|ability: Quark Drive
|-start|p2a: Iron Hands|quarkdriveatk
|move|p1a: Calyrex|Protect|p1a: Calyrex
|-singleturn|p1a: Calyrex|Protect
|move|p2b: Miraidon|Draco Meteor|p1a: Calyrex
|-activate|p1a: Calyrex|move: Protect
|move|p1b: Deerling-|Foul Play|p2a: Iron Hands
|-resisted|p2a: Iron Hands
|-damage|p2a: Iron Hands|88/100
|
|upkeep
|turn|4
|inactive|004B has 30 seconds left.
|inactive|RaidenVGC7 has 30 seconds left.
|inactive|004B has 20 seconds left.
|inactive|RaidenVGC7 has 20 seconds left.
|inactive|004B has 15 seconds left.
|inactive|RaidenVGC7 has 15 seconds left.
|
|t:|1750770422
|move|p1a: Calyrex|Protect|p1a: Calyrex
|-singleturn|p1a: Calyrex|Protect
|move|p2b: Miraidon|Draco Meteor|p1a: Calyrex
|-activate|p1a: Calyrex|move: Protect
|move|p2a: Iron Hands|Drain Punch|p1b: Deerling-
|-damage|p1b: Deerling-|13/100
|-heal|p2a: Iron Hands|100/100|[from] drain|[of] p1b: Deerling-
|move|p1b: Deerling-|Trick Room|p1b: Deerling-
|-fieldstart|move: Trick Room|[of] p1b: Deerling-
|
|upkeep
|turn|5
|inactive|RaidenVGC7 has 30 seconds left.
|inactive|RaidenVGC7 has 20 seconds left.
|inactive|RaidenVGC7 has 15 seconds left.
|inactive|RaidenVGC7 has 10 seconds left.
|
|t:|1750770472
|-terastallize|p2b: Miraidon|Fairy
|move|p1a: Calyrex|Glacial Lance|p2b: Miraidon|[spread] p2a,p2b
|-damage|p2a: Iron Hands|40/100
|-damage|p2b: Miraidon|26/100
|move|p2a: Iron Hands|Low Kick|p1a: Calyrex
|-damage|p1a: Calyrex|28/100
|move|p1b: Deerling-|Foul Play|p2b: Miraidon
|-resisted|p2b: Miraidon
|-damage|p2b: Miraidon|19/100
|move|p2b: Miraidon|Draco Meteor|p1a: Calyrex
|-damage|p1a: Calyrex|0 fnt
|-unboost|p2b: Miraidon|spa|2
|faint|p1a: Calyrex
|
|-fieldend|move: Electric Terrain
|-end|p2a: Iron Hands|Quark Drive
|upkeep
|
|t:|1750770483
|switch|p1a: Young Man|Landorus, L50, M|100/100
|turn|6
|inactive|004B has 30 seconds left.
|inactive|RaidenVGC7 has 30 seconds left.
|inactive|004B has 20 seconds left.
|inactive|RaidenVGC7 has 20 seconds left.
|inactive|RaidenVGC7 has 15 seconds left.
|
|t:|1750770523
|switch|p2b: Calyrex|Calyrex-Ice, L50|33/100
|-ability|p2b: Calyrex|As One
|-ability|p2b: Calyrex|Unnerve
|move|p1a: Young Man|Protect|p1a: Young Man
|-singleturn|p1a: Young Man|Protect
|move|p2a: Iron Hands|Drain Punch|p1b: Deerling-
|-damage|p1b: Deerling-|0 fnt
|-heal|p2a: Iron Hands|46/100|[from] drain|[of] p1b: Deerling-
|faint|p1b: Deerling-
|
|upkeep
|
|t:|1750770536
|switch|p1b: Zekrom-|Miraidon, L50|100/100
|-fieldstart|move: Electric Terrain|[from] ability: Hadron Engine|[of] p1b: Zekrom-
|-activate|p2a: Iron Hands|ability: Quark Drive
|-start|p2a: Iron Hands|quarkdriveatk
|turn|7
|inactive|RaidenVGC7 has 30 seconds left.
|
|t:|1750770567
|-terastallize|p1a: Young Man|Poison
|move|p2a: Iron Hands|Wild Charge|p1b: Zekrom-
|-resisted|p1b: Zekrom-
|-damage|p1b: Zekrom-|81/100
|-damage|p2a: Iron Hands|42/100|[from] Recoil
|move|p2b: Calyrex|Glacial Lance|p1b: Zekrom-|[spread] p1a,p1b
|-supereffective|p1b: Zekrom-
|-damage|p1a: Young Man|42/100
|-damage|p1b: Zekrom-|0 fnt
|faint|p1b: Zekrom-
|-ability|p2b: Calyrex|Chilling Neigh|boost
|-boost|p2b: Calyrex|atk|1
|move|p1a: Young Man|Sandsear Storm|p2a: Iron Hands|[spread] p2a,p2b
|-supereffective|p2a: Iron Hands
|-crit|p2a: Iron Hands
|-damage|p2a: Iron Hands|0 fnt
|-damage|p2b: Calyrex|0 fnt
|faint|p2a: Iron Hands
|-end|p2a: Iron Hands|Quark Drive|[silent]
|faint|p2b: Calyrex
|
|upkeep
|
|t:|1750770588
|switch|p2a: Miraidon|Miraidon, L50, tera:Fairy|19/100
|-activate|p2a: Miraidon|ability: Hadron Engine
|turn|8
|
|t:|1750770596
|move|p1a: Young Man|Sludge Bomb|p2a: Miraidon
|-supereffective|p2a: Miraidon
|-damage|p2a: Miraidon|0 fnt
|faint|p2a: Miraidon
|
|win|004B
|raw|004B's rating: 1523 &rarr; <strong>1550</strong><br />(+27 for winning)
|raw|RaidenVGC7's rating: 1642 &rarr; <strong>1615</strong><br />(-27 for losing)
|l|☆004B
|player|p1|
|l|☆RaidenVGC7
|player|p2|
