|j|☆Humongousaur
|j|☆TheDecommissioner
|t:|1750740170
|gametype|doubles
|player|p1|Humongousaur|pokemaniac|1374
|player|p2|TheDecommissioner|preschooler|1376
|teamsize|p1|6
|teamsize|p2|6
|gen|9
|tier|[Gen 9] VGC 2025 Reg I
|rated|
|rule|Species Clause: Limit one of each Pokémon
|rule|Item Clause: Limit 1 of each item
|clearpoke
|poke|p1|Calyrex-Shadow, L50|
|poke|p1|Rayquaza, L50|
|poke|p1|Volcarona, L50, M|
|poke|p1|Urshifu-*, L50, F|
|poke|p1|Chien-Pao, L50|
|poke|p1|Weezing-Galar, L50, M|
|poke|p2|Walking Wake, L50|
|poke|p2|Torkoal, L50, M|
|poke|p2|Indeedee-F, L50, F|
|poke|p2|Koraidon, L50|
|poke|p2|Lilligant-Hisui, L50, F|
|poke|p2|Archaludon, L50, F|
|teampreview|4
|inactive|Battle timer is ON: inactive players will automatically lose when time's up. (requested by TheDecommissioner)
|inactive|Humongousaur has 60 seconds left.
|inactive|Humongousaur has 30 seconds left.
|inactive|Humongousaur has 20 seconds left.
|inactive|Humongousaur has 15 seconds left.
|
|t:|1750740247
|start
|switch|p1a: Rayquaza|Rayquaza, L50|100/100
|switch|p1b: Weezing|Weezing-Galar, L50, M|100/100
|switch|p2a: Koraidon|Koraidon, L50|100/100
|switch|p2b: Scotland|Walking Wake, L50|100/100
|-ability|p1b: Weezing|Neutralizing Gas
|turn|1
|inactive|Humongousaur has 30 seconds left.
|inactive|TheDecommissioner has 30 seconds left.
|inactive|Humongousaur has 20 seconds left.
|
|t:|1750740282
|-terastallize|p2a: Koraidon|Fire
|-terastallize|p1a: Rayquaza|Normal
|move|p2a: Koraidon|Flare Blitz|p1b: Weezing
|-damage|p1b: Weezing|41/100
|-damage|p2a: Koraidon|84/100|[from] Recoil
|move|p2b: Scotland|Draco Meteor|p1a: Rayquaza
|-damage|p1a: Rayquaza|33/100
|-unboost|p2b: Scotland|spa|2
|move|p1a: Rayquaza|Swords Dance|p1a: Rayquaza
|-boost|p1a: Rayquaza|atk|2
|move|p1b: Weezing|Dazzling Gleam|p2b: Scotland|[spread] p2a,p2b
|-resisted|p2a: Koraidon
|-supereffective|p2b: Scotland
|-damage|p2a: Koraidon|75/100
|-damage|p2b: Scotland|59/100
|
|upkeep
|turn|2
|inactive|Humongousaur has 30 seconds left.
|inactive|Humongousaur has 20 seconds left.
|inactive|Humongousaur has 15 seconds left.
|
|t:|1750740324
|move|p1a: Rayquaza|Protect|p1a: Rayquaza
|-singleturn|p1a: Rayquaza|Protect
|move|p2a: Koraidon|Flare Blitz|p1b: Weezing
|-damage|p1b: Weezing|0 fnt
|faint|p1b: Weezing
|-end|p1b: Weezing|ability: Neutralizing Gas
|-weather|SunnyDay|[from] ability: Orichalcum Pulse|[of] p2a: Koraidon
|-activate|p2a: Koraidon|Orichalcum Pulse|[source]
|-damage|p2a: Koraidon|64/100|[from] Recoil
|-enditem|p2b: Scotland|Booster Energy
|-activate|p2b: Scotland|ability: Protosynthesis|[fromitem]
|-start|p2b: Scotland|protosynthesisspe
|move|p2b: Scotland|Draco Meteor|p1a: Rayquaza
|-activate|p1a: Rayquaza|move: Protect
|
|-weather|SunnyDay|[upkeep]
|upkeep
|
|t:|1750740346
|switch|p1b: Urshifu|Urshifu-Rapid-Strike, L50, F|100/100
|turn|3
|inactive|TheDecommissioner has 30 seconds left.
|
|t:|1750740371
|switch|p2a: Indeedee|Indeedee-F, L50, F|100/100
|-fieldstart|move: Psychic Terrain|[from] ability: Psychic Surge|[of] p2a: Indeedee
|move|p1a: Rayquaza|Extreme Speed|p2b: Scotland
|-activate|p2b: Scotland|move: Psychic Terrain
|move|p2b: Scotland|Draco Meteor|p1a: Rayquaza|[miss]
|-miss|p2b: Scotland|p1a: Rayquaza
|move|p1b: Urshifu|Surging Strikes|p2a: Indeedee
|-crit|p2a: Indeedee
|-damage|p2a: Indeedee|77/100
|-crit|p2a: Indeedee
|-damage|p2a: Indeedee|56/100
|-crit|p2a: Indeedee
|-damage|p2a: Indeedee|36/100
|-hitcount|p2a: Indeedee|3
|
|-weather|SunnyDay|[upkeep]
|upkeep
|turn|4
|inactive|Humongousaur has 30 seconds left.
|
|t:|1750740404
|move|p1a: Rayquaza|Protect|p1a: Rayquaza
|-singleturn|p1a: Rayquaza|Protect
|move|p2b: Scotland|Draco Meteor|p1a: Rayquaza
|-activate|p1a: Rayquaza|move: Protect
|move|p1b: Urshifu|Surging Strikes|p2a: Indeedee
|-crit|p2a: Indeedee
|-damage|p2a: Indeedee|16/100
|-crit|p2a: Indeedee
|-damage|p2a: Indeedee|0 fnt
|faint|p2a: Indeedee
|-hitcount|p2: Indeedee|2
|
|-weather|SunnyDay|[upkeep]
|upkeep
|
|t:|1750740412
|switch|p2a: Koraidon|Koraidon, L50, tera:Fire|64/100
|turn|5
|
|t:|1750740433
|switch|p1a: Chien-Pao|Chien-Pao, L50|100/100
|-ability|p1a: Chien-Pao|Sword of Ruin
|move|p2b: Scotland|Draco Meteor|p1a: Chien-Pao
|-crit|p1a: Chien-Pao
|-enditem|p1a: Chien-Pao|Focus Sash
|-damage|p1a: Chien-Pao|1/100
|-unboost|p2b: Scotland|spa|2
|move|p2a: Koraidon|Dragon Claw|p1b: Urshifu
|-damage|p1b: Urshifu|22/100
|move|p1b: Urshifu|Surging Strikes|p2a: Koraidon
|-supereffective|p2a: Koraidon
|-crit|p2a: Koraidon
|-damage|p2a: Koraidon|44/100
|-supereffective|p2a: Koraidon
|-crit|p2a: Koraidon
|-damage|p2a: Koraidon|23/100
|-supereffective|p2a: Koraidon
|-crit|p2a: Koraidon
|-damage|p2a: Koraidon|0 fnt
|faint|p2a: Koraidon
|-hitcount|p2: Koraidon|3
|
|-weather|SunnyDay|[upkeep]
|upkeep
|
|t:|1750740435
|switch|p2a: FOREVERR|Torkoal, L50, M, shiny|100/100
|turn|6
|inactive|Humongousaur has 30 seconds left.
|
|t:|1750740463
|switch|p1a: Rayquaza|Rayquaza, L50, tera:Normal|33/100
|-ability|p1a: Rayquaza|Air Lock
|move|p2b: Scotland|Snarl|p1a: Rayquaza|[spread] p1a,p1b
|-resisted|p1b: Urshifu
|-damage|p1a: Rayquaza|29/100
|-damage|p1b: Urshifu|18/100
|-unboost|p1a: Rayquaza|spa|1
|-unboost|p1b: Urshifu|spa|1
|move|p1b: Urshifu|Surging Strikes|p2a: FOREVERR
|-supereffective|p2a: FOREVERR
|-crit|p2a: FOREVERR
|-damage|p2a: FOREVERR|67/100
|-supereffective|p2a: FOREVERR
|-crit|p2a: FOREVERR
|-damage|p2a: FOREVERR|33/100
|-supereffective|p2a: FOREVERR
|-crit|p2a: FOREVERR
|-damage|p2a: FOREVERR|0 fnt
|faint|p2a: FOREVERR
|-hitcount|p2: FOREVERR|3
|
|-weather|none
|upkeep
|turn|7
|-message|TheDecommissioner forfeited.
|
|win|Humongousaur
|raw|Humongousaur's rating: 1374 &rarr; <strong>1394</strong><br />(+20 for winning)
|raw|TheDecommissioner's rating: 1376 &rarr; <strong>1356</strong><br />(-20 for losing)
|l|☆TheDecommissioner
|player|p2|
|l|☆Humongousaur
|player|p1|
