|j|☆Esh009
|j|☆morganzola868
|t:|1750840430
|gametype|doubles
|player|p1|Esh009|bruno|1256
|player|p2|morganzola868|psychicf-gen4|1260
|teamsize|p1|6
|teamsize|p2|6
|gen|9
|tier|[Gen 9] VGC 2025 Reg I
|rated|
|rule|Species Clause: Limit one of each Pokémon
|rule|Item Clause: Limit 1 of each item
|clearpoke
|poke|p1|Calyrex-Shadow, L50|
|poke|p1|Terapagos, L50, M|
|poke|p1|Rillaboom, L50, M|
|poke|p1|Incineroar, L50, M|
|poke|p1|Urshifu-*, L50, M|
|poke|p1|Ogerpon-Cornerstone, L50, F|
|poke|p2|Whimsicott, L50, F|
|poke|p2|Miraidon, L50|
|poke|p2|Incineroar, L50, F|
|poke|p2|Ogerpon-Cornerstone, L50, F|
|poke|p2|Calyrex-Shadow, L50|
|poke|p2|Sneasler, L50, M|
|teampreview|4
|
|t:|1750840451
|start
|switch|p1a: Incineroar|Incineroar, L50, M|100/100
|switch|p1b: Terapagos|Terapagos, L50, M|100/100
|switch|p2a: Whimsicott|Whimsicott, L50, F|100/100
|switch|p2b: Calyrex|Calyrex-Shadow, L50|100/100
|-activate|p1b: Terapagos|ability: Tera Shift
|detailschange|p1b: Terapagos|Terapagos-Terastal, L50, M
|-heal|p1b: Terapagos|100/100|[silent]
|-ability|p2b: Calyrex|As One
|-ability|p2b: Calyrex|Unnerve
|-ability|p1a: Incineroar|Intimidate|boost
|-unboost|p2a: Whimsicott|atk|1
|-unboost|p2b: Calyrex|atk|1
|turn|1
|inactive|Battle timer is ON: inactive players will automatically lose when time's up. (requested by Esh009)
|
|t:|1750840475
|switch|p2b: Sneasler|Sneasler, L50, M|100/100
|move|p2a: Whimsicott|Tailwind|p2a: Whimsicott
|-sidestart|p2: morganzola868|move: Tailwind
|move|p1b: Terapagos|Calm Mind|p1b: Terapagos
|-boost|p1b: Terapagos|spa|1
|-boost|p1b: Terapagos|spd|1
|move|p1a: Incineroar|Flare Blitz|p2a: Whimsicott
|-supereffective|p2a: Whimsicott
|-damage|p2a: Whimsicott|20/100
|-damage|p1a: Incineroar|78/100|[from] Recoil
|
|upkeep
|turn|2
|
|t:|1750840500
|-terastallize|p2b: Sneasler|Fighting
|-terastallize|p1a: Incineroar|Ghost
|move|p2a: Whimsicott|Encore|p1b: Terapagos
|-start|p1b: Terapagos|Encore
|move|p2b: Sneasler|Close Combat|p1b: Terapagos
|-activate|p1b: Terapagos|ability: Tera Shell
|-resisted|p1b: Terapagos
|-damage|p1b: Terapagos|63/100
|-unboost|p2b: Sneasler|def|1
|-unboost|p2b: Sneasler|spd|1
|-enditem|p2b: Sneasler|White Herb
|-clearnegativeboost|p2b: Sneasler|[silent]
|move|p1b: Terapagos|Calm Mind|p1b: Terapagos
|-boost|p1b: Terapagos|spa|1
|-boost|p1b: Terapagos|spd|1
|move|p1a: Incineroar|Flare Blitz|p2a: Whimsicott
|-supereffective|p2a: Whimsicott
|-damage|p2a: Whimsicott|0 fnt
|faint|p2a: Whimsicott
|-damage|p1a: Incineroar|72/100|[from] Recoil
|
|-heal|p1b: Terapagos|69/100|[from] item: Leftovers
|upkeep
|
|t:|1750840524
|switch|p2a: Miraidon|Miraidon, L50|100/100
|-fieldstart|move: Electric Terrain|[from] ability: Hadron Engine|[of] p2a: Miraidon
|turn|3
|inactive|Esh009 has 30 seconds left.
|
|t:|1750840557
|switch|p1b: Rillaboom|Rillaboom, L50, M|100/100
|-fieldstart|move: Grassy Terrain|[from] ability: Grassy Surge|[of] p1b: Rillaboom
|move|p2b: Sneasler|Close Combat|p1b: Rillaboom
|-damage|p1b: Rillaboom|1/100
|-unboost|p2b: Sneasler|def|1
|-unboost|p2b: Sneasler|spd|1
|move|p2a: Miraidon|Electro Drift|p1a: Incineroar
|-damage|p1a: Incineroar|9/100
|-damage|p2a: Miraidon|84/100|[from] item: Rocky Helmet|[of] p1a: Incineroar
|move|p1a: Incineroar|Parting Shot|p2a: Miraidon
|-unboost|p2a: Miraidon|atk|1
|-unboost|p2a: Miraidon|spa|1
|
|t:|1750840579
|switch|p1a: Calyrex|Calyrex-Shadow, L50|100/100|[from] Parting Shot
|-ability|p1a: Calyrex|As One
|-ability|p1a: Calyrex|Unnerve
|
|-heal|p2a: Miraidon|90/100|[from] Grassy Terrain
|-heal|p1b: Rillaboom|7/100|[from] Grassy Terrain
|upkeep
|turn|4
|
|t:|1750840596
|move|p1b: Rillaboom|Fake Out|p2b: Sneasler
|-damage|p2b: Sneasler|65/100
|cant|p2b: Sneasler|flinch
|move|p2a: Miraidon|Electro Drift|p1b: Rillaboom
|-resisted|p1b: Rillaboom
|-damage|p1b: Rillaboom|0 fnt
|faint|p1b: Rillaboom
|move|p1a: Calyrex|Psychic|p2b: Sneasler
|-supereffective|p2b: Sneasler
|-crit|p2b: Sneasler
|-damage|p2b: Sneasler|0 fnt
|faint|p2b: Sneasler
|-ability|p1a: Calyrex|Grim Neigh|boost
|-boost|p1a: Calyrex|spa|1
|-damage|p1a: Calyrex|91/100|[from] item: Life Orb
|
|-heal|p2a: Miraidon|95/100|[from] Grassy Terrain
|-heal|p1a: Calyrex|96/100|[from] Grassy Terrain
|-sideend|p2: morganzola868|move: Tailwind
|upkeep
|
|t:|1750840616
|switch|p2b: Calyrex|Calyrex-Shadow, L50|100/100
|switch|p1b: Incineroar|Incineroar, L50, M, tera:Ghost|9/100
|-ability|p2b: Calyrex|As One
|-ability|p2b: Calyrex|Unnerve
|-ability|p1b: Incineroar|Intimidate|boost
|-unboost|p2a: Miraidon|atk|1
|-unboost|p2b: Calyrex|atk|1
|turn|5
|
|t:|1750840630
|move|p1b: Incineroar|Fake Out|p2a: Miraidon
|-damage|p2a: Miraidon|83/100
|move|p2b: Calyrex|Astral Barrage|p1a: Calyrex|[spread] p1a,p1b
|-supereffective|p1a: Calyrex
|-supereffective|p1b: Incineroar
|-damage|p1a: Calyrex|0 fnt
|-damage|p1b: Incineroar|0 fnt
|faint|p1a: Calyrex
|faint|p1b: Incineroar
|-ability|p2b: Calyrex|Grim Neigh|boost
|-boost|p2b: Calyrex|spa|2
|cant|p2a: Miraidon|flinch
|
|-heal|p2a: Miraidon|88/100|[from] Grassy Terrain
|upkeep
|
|t:|1750840644
|switch|p1b: Terapagos|Terapagos-Terastal, L50, M|69/100
|turn|6
|
|t:|1750840653
|move|p2b: Calyrex|Psychic|p1b: Terapagos
|-damage|p1b: Terapagos|0 fnt
|faint|p1b: Terapagos
|
|win|morganzola868
|raw|Esh009's rating: 1256 &rarr; <strong>1231</strong><br />(-25 for losing)
|raw|morganzola868's rating: 1260 &rarr; <strong>1285</strong><br />(+25 for winning)
|l|☆Esh009
|player|p1|
|l|☆morganzola868
|player|p2|
