|j|☆Hfjdkdjffj
|j|☆lost oblitus
|t:|1750720418
|gametype|doubles
|player|p1|Hfjdkdjffj|101|1079
|player|p2|lost oblitus|supernerd|1142
|teamsize|p1|6
|teamsize|p2|6
|gen|9
|tier|[Gen 9] VGC 2025 Reg I
|rated|
|rule|Species Clause: Limit one of each Pokémon
|rule|Item Clause: Limit 1 of each item
|clearpoke
|poke|p1|Calyrex-Shadow, L50|
|poke|p1|Clefairy, L50, F|
|poke|p1|Miraidon, L50|
|poke|p1|Iron Hands, L50|
|poke|p1|Urshifu-*, L50, F|
|poke|p1|Farigiraf, L50, F|
|poke|p2|Tentacruel, L50, F|
|poke|p2|Pelipper, L50, F|
|poke|p2|Rillaboom, L50, M|
|poke|p2|Palkia-Origin, L50|
|poke|p2|Dipplin, L50, F|
|poke|p2|Giratina, L50|
|teampreview|4
|
|t:|1750720458
|start
|switch|p1a: Calyrex|Calyrex-Shadow, L50|100/100
|switch|p1b: Miraidon|Miraidon, L50|100/100
|switch|p2a: Giratina|Giratina, L50|100/100
|switch|p2b: Tentacruel|Tentacruel, L50, F, shiny|100/100
|-ability|p1a: Calyrex|As One
|-ability|p1a: Calyrex|Unnerve
|-fieldstart|move: Electric Terrain|[from] ability: Hadron Engine|[of] p1b: Miraidon
|-enditem|p1a: Calyrex|Electric Seed
|-boost|p1a: Calyrex|def|1|[from] item: Electric Seed
|-ability|p2a: Giratina|Pressure
|turn|1
|
|t:|1750720480
|switch|p1b: Farigiraf|Farigiraf, L50, F|100/100
|switch|p2b: Rillaboom|Rillaboom, L50, M|100/100
|-fieldstart|move: Grassy Terrain|[from] ability: Grassy Surge|[of] p2b: Rillaboom
|-terastallize|p1a: Calyrex|Fairy
|move|p1a: Calyrex|Calm Mind|p1a: Calyrex
|-boost|p1a: Calyrex|spa|1
|-boost|p1a: Calyrex|spd|1
|move|p2a: Giratina|Shadow Force||[still]
|-prepare|p2a: Giratina|Shadow Force
|
|upkeep
|turn|2
|
|t:|1750720501
|move|p1b: Farigiraf|Helping Hand|p1a: Calyrex
|-singleturn|p1a: Calyrex|Helping Hand|[of] p1b: Farigiraf
|move|p1a: Calyrex|Astral Barrage|p2a: Giratina|[spread] p2b
|-miss|p1a: Calyrex|p2a: Giratina
|-damage|p2b: Rillaboom|8/100
|move|p2b: Rillaboom|Wood Hammer|p1a: Calyrex
|-damage|p1a: Calyrex|53/100
|-damage|p2b: Rillaboom|0 fnt|[from] Recoil
|faint|p2b: Rillaboom
|move|p2a: Giratina|Shadow Force|p1a: Calyrex|[from] lockedmove
|-damage|p1a: Calyrex|14/100
|
|-heal|p1a: Calyrex|19/100|[from] Grassy Terrain
|upkeep
|
|t:|1750720518
|switch|p2b: Tentacruel|Tentacruel, L50, F, shiny|100/100
|turn|3
|
|t:|1750720526
|move|p2a: Giratina|Protect|p2a: Giratina
|-singleturn|p2a: Giratina|Protect
|move|p1a: Calyrex|Draining Kiss|p2a: Giratina
|-activate|p2a: Giratina|move: Protect
|move|p2b: Tentacruel|Acid Spray|p1a: Calyrex
|-supereffective|p1a: Calyrex
|-crit|p1a: Calyrex
|-damage|p1a: Calyrex|0 fnt
|faint|p1a: Calyrex
|move|p1b: Farigiraf|Foul Play|p2a: Giratina
|-activate|p2a: Giratina|move: Protect
|
|upkeep
|
|t:|1750720540
|switch|p1a: Miraidon|Miraidon, L50|100/100
|-fieldstart|move: Electric Terrain|[from] ability: Hadron Engine|[of] p1a: Miraidon
|turn|4
|
|t:|1750720550
|switch|p2b: Dipplin|Dipplin, L50, F|100/100
|-ability|p2b: Dipplin|Supersweet Syrup
|-unboost|p1a: Miraidon|evasion|1
|-unboost|p1b: Farigiraf|evasion|1
|move|p1a: Miraidon|Volt Switch|p2b: Dipplin
|-resisted|p2b: Dipplin
|-damage|p2b: Dipplin|87/100
|
|t:|1750720559
|switch|p1a: Clefairy|Clefairy, L50, F|100/100|[from] Volt Switch
|move|p2a: Giratina|Shadow Force||[still]
|-prepare|p2a: Giratina|Shadow Force
|move|p1b: Farigiraf|Foul Play|p2a: Giratina|[miss]
|-miss|p1b: Farigiraf|p2a: Giratina
|
|upkeep
|turn|5
|
|t:|1750720575
|move|p1a: Clefairy|Helping Hand|p1b: Farigiraf
|-singleturn|p1b: Farigiraf|Helping Hand|[of] p1a: Clefairy
|move|p2a: Giratina|Shadow Force|p1a: Clefairy|[from] lockedmove
|-damage|p1a: Clefairy|61/100
|move|p1b: Farigiraf|Foul Play|p2a: Giratina
|-supereffective|p2a: Giratina
|-damage|p2a: Giratina|46/100
|move|p2b: Dipplin|Dragon Cheer|p2a: Giratina
|-start|p2a: Giratina|move: Dragon Cheer
|
|-heal|p2a: Giratina|52/100|[from] item: Leftovers
|upkeep
|turn|6
|
|t:|1750720601
|-terastallize|p2a: Giratina|Fairy
|move|p2a: Giratina|Curse|p2a: Giratina
|-unboost|p2a: Giratina|spe|1
|-boost|p2a: Giratina|atk|1
|-boost|p2a: Giratina|def|1
|move|p1b: Farigiraf|Psychic Noise|p2b: Dipplin
|-damage|p2b: Dipplin|71/100
|-start|p2b: Dipplin|move: Heal Block
|move|p2b: Dipplin|Pollen Puff||[still]
|cant|p2b: Dipplin|move: Heal Block|Pollen Puff
|move|p1a: Clefairy|Life Dew||[still]|[spread] p1a,p1b
|-heal|p1a: Clefairy|86/100
|-fail|p1b: Farigiraf|heal
|
|-heal|p2a: Giratina|58/100|[from] item: Leftovers
|upkeep
|turn|7
|
|t:|1750720628
|switch|p2b: Tentacruel|Tentacruel, L50, F, shiny|100/100
|move|p1a: Clefairy|Helping Hand|p1b: Farigiraf
|-singleturn|p1b: Farigiraf|Helping Hand|[of] p1a: Clefairy
|move|p1b: Farigiraf|Psychic Noise|p2a: Giratina
|-damage|p2a: Giratina|34/100
|-start|p2a: Giratina|move: Heal Block
|move|p2a: Giratina|Shadow Force||[still]
|-prepare|p2a: Giratina|Shadow Force
|
|upkeep
|turn|8
|
|t:|1750720651
|move|p2b: Tentacruel|Toxic|p1b: Farigiraf
|-status|p1b: Farigiraf|tox
|move|p1b: Farigiraf|Psychic Noise|p2b: Tentacruel
|-supereffective|p2b: Tentacruel
|-damage|p2b: Tentacruel|50/100
|-start|p2b: Tentacruel|move: Heal Block
|move|p2a: Giratina|Shadow Force|p1a: Clefairy|[from] lockedmove
|-crit|p1a: Clefairy
|-damage|p1a: Clefairy|0 fnt
|faint|p1a: Clefairy
|
|-damage|p1b: Farigiraf|95/100 tox|[from] psn
|-end|p2a: Giratina|move: Heal Block
|-fieldend|move: Electric Terrain
|upkeep
|
|t:|1750720668
|switch|p1a: Miraidon|Miraidon, L50|100/100
|-fieldstart|move: Electric Terrain|[from] ability: Hadron Engine|[of] p1a: Miraidon
|turn|9
|
|t:|1750720680
|move|p2a: Giratina|Protect|p2a: Giratina
|-singleturn|p2a: Giratina|Protect
|move|p1a: Miraidon|Electro Drift|p2a: Giratina
|-activate|p2a: Giratina|move: Protect
|move|p2b: Tentacruel|Acid Spray|p1b: Farigiraf
|-damage|p1b: Farigiraf|83/100 tox
|-unboost|p1b: Farigiraf|spd|2
|move|p1b: Farigiraf|Psychic Noise|p2b: Tentacruel
|-supereffective|p2b: Tentacruel
|-damage|p2b: Tentacruel|2/100
|
|-heal|p2a: Giratina|40/100|[from] item: Leftovers
|-damage|p1b: Farigiraf|71/100 tox|[from] psn
|-end|p2b: Tentacruel|move: Heal Block
|upkeep
|turn|10
|
|t:|1750720705
|switch|p2a: Dipplin|Dipplin, L50, F|71/100
|move|p1a: Miraidon|Electro Drift|p2a: Dipplin
|-resisted|p2a: Dipplin
|-damage|p2a: Dipplin|50/100
|move|p2b: Tentacruel|Toxic|p1a: Miraidon
|-status|p1a: Miraidon|tox
|move|p1b: Farigiraf|Psychic Noise|p2b: Tentacruel
|-supereffective|p2b: Tentacruel
|-damage|p2b: Tentacruel|0 fnt
|faint|p2b: Tentacruel
|
|-damage|p1a: Miraidon|95/100 tox|[from] psn
|-damage|p1b: Farigiraf|54/100 tox|[from] psn
|upkeep
|
|t:|1750720719
|switch|p2b: Giratina|Giratina, L50, tera:Fairy|40/100
|-ability|p2b: Giratina|Pressure
|turn|11
|
|t:|1750720728
|move|p2b: Giratina|Protect|p2b: Giratina
|-singleturn|p2b: Giratina|Protect
|move|p1a: Miraidon|Electro Drift|p2b: Giratina
|-activate|p2b: Giratina|move: Protect
|move|p1b: Farigiraf|Psychic Noise|p2a: Dipplin
|-damage|p2a: Dipplin|34/100
|-start|p2a: Dipplin|move: Heal Block
|move|p2a: Dipplin|Syrup Bomb|p1a: Miraidon
|-resisted|p1a: Miraidon
|-damage|p1a: Miraidon|85/100 tox
|-start|p1a: Miraidon|Syrup Bomb
|
|-heal|p2b: Giratina|46/100|[from] item: Leftovers
|-damage|p1a: Miraidon|74/100 tox|[from] psn
|-damage|p1b: Farigiraf|30/100 tox|[from] psn
|-unboost|p1a: Miraidon|spe|1
|upkeep
|-enditem|p1b: Farigiraf|Sitrus Berry|[eat]
|-heal|p1b: Farigiraf|55/100 tox|[from] item: Sitrus Berry
|turn|12
|
|t:|1750720755
|move|p1a: Miraidon|Electro Drift|p2b: Giratina
|-damage|p2b: Giratina|0 fnt
|faint|p2b: Giratina
|move|p1b: Farigiraf|Psychic Noise|p2a: Dipplin
|-damage|p2a: Dipplin|15/100
|move|p2a: Dipplin|Pollen Puff|p1b: Farigiraf
|-supereffective|p1b: Farigiraf
|-damage|p1b: Farigiraf|0 fnt
|faint|p1b: Farigiraf
|
|-damage|p1a: Miraidon|57/100 tox|[from] psn
|-unboost|p1a: Miraidon|spe|1
|-end|p2a: Dipplin|move: Heal Block
|upkeep
|turn|13
|
|t:|1750720773
|move|p1a: Miraidon|Electro Drift|p2a: Dipplin
|-resisted|p2a: Dipplin
|-damage|p2a: Dipplin|0 fnt
|faint|p2a: Dipplin
|-end|p1a: Miraidon|Syrup Bomb|[silent]
|
|win|Hfjdkdjffj
|raw|Hfjdkdjffj's rating: 1079 &rarr; <strong>1112</strong><br />(+33 for winning)
|raw|lost oblitus's rating: 1142 &rarr; <strong>1113</strong><br />(-29 for losing)
|l|☆lost oblitus
|player|p2|
