|j|‽heelkey
|j|☆Okbri
|t:|1750748109
|gametype|doubles
|player|p1|heelkey|red|1324
|player|p2|Okbri|102|1354
|teamsize|p1|6
|teamsize|p2|6
|gen|9
|tier|[Gen 9] VGC 2025 Reg I
|rated|
|rule|Species Clause: Limit one of each Pokémon
|rule|Item Clause: Limit 1 of each item
|clearpoke
|poke|p1|Koraidon, L50|
|poke|p1|Flutter Mane, L50|
|poke|p1|Scream Tail, L50|
|poke|p1|Incineroar, L50, F|
|poke|p1|Gothitelle, L50, M|
|poke|p1|Miraidon, L50|
|poke|p2|Chi-Yu, L50|
|poke|p2|Koraidon, L50|
|poke|p2|Rillaboom, L50, M|
|poke|p2|Incineroar, L50, M|
|poke|p2|Tornadus, L50, M|
|poke|p2|Calyrex-Ice, L50|
|teampreview|4
|
|t:|1750748134
|start
|switch|p1a: Gothitelle|Gothitelle, L50, M|100/100
|switch|p1b: Scream Tail|Scream Tail, L50|100/100
|switch|p2a: Calyrex|Calyrex-Ice, L50|100/100
|switch|p2b: Tornadus|Tornadus, L50, M|100/100
|-ability|p2a: Calyrex|As One
|-ability|p2a: Calyrex|Unnerve
|-enditem|p1b: Scream Tail|Booster Energy
|-activate|p1b: Scream Tail|ability: Protosynthesis|[fromitem]
|-start|p1b: Scream Tail|protosynthesisspe
|turn|1
|
|t:|1750748161
|move|p2b: Tornadus|Taunt|p1b: Scream Tail
|-start|p1b: Scream Tail|move: Taunt
|cant|p1b: Scream Tail|move: Taunt|Perish Song
|move|p2a: Calyrex|Imprison|p2a: Calyrex
|-start|p2a: Calyrex|move: Imprison
|move|p1a: Gothitelle|Taunt|p2a: Calyrex
|-start|p2a: Calyrex|move: Taunt
|
|upkeep
|turn|2
|
|t:|1750748185
|-end|p1b: Scream Tail|Protosynthesis|[silent]
|switch|p1b: Koraidon|Koraidon, L50|100/100
|-weather|SunnyDay|[from] ability: Orichalcum Pulse|[of] p1b: Koraidon
|-activate|p1b: Koraidon|Orichalcum Pulse|[source]
|move|p2b: Tornadus|Bleakwind Storm|p1a: Gothitelle|[spread] p1a,p1b
|-supereffective|p1b: Koraidon
|-damage|p1a: Gothitelle|78/100
|-damage|p1b: Koraidon|39/100
|move|p2a: Calyrex|Glacial Lance|p1a: Gothitelle|[spread] p1a,p1b
|-supereffective|p1b: Koraidon
|-damage|p1a: Gothitelle|15/100
|-damage|p1b: Koraidon|0 fnt
|faint|p1b: Koraidon
|-ability|p2a: Calyrex|Chilling Neigh|boost
|-boost|p2a: Calyrex|atk|1
|move|p1a: Gothitelle|Taunt|p2b: Tornadus
|-start|p2b: Tornadus|move: Taunt
|
|-weather|SunnyDay|[upkeep]
|-heal|p1a: Gothitelle|21/100|[from] item: Leftovers
|upkeep
|
|t:|1750748209
|switch|p1b: Miraidon|Miraidon, L50|100/100
|-fieldstart|move: Electric Terrain|[from] ability: Hadron Engine|[of] p1b: Miraidon
|turn|3
|
|t:|1750748235
|switch|p1a: Scream Tail|Scream Tail, L50|100/100
|-activate|p1a: Scream Tail|ability: Protosynthesis
|-start|p1a: Scream Tail|protosynthesisspe
|move|p1b: Miraidon|Electro Drift|p2b: Tornadus
|-supereffective|p2b: Tornadus
|-damage|p2b: Tornadus|0 fnt
|faint|p2b: Tornadus
|move|p2a: Calyrex|Glacial Lance|p1b: Miraidon|[spread] p1a,p1b
|-supereffective|p1b: Miraidon
|-damage|p1a: Scream Tail|22/100
|-damage|p1b: Miraidon|0 fnt
|faint|p1b: Miraidon
|-ability|p2a: Calyrex|Chilling Neigh|boost
|-boost|p2a: Calyrex|atk|1
|
|-weather|SunnyDay|[upkeep]
|upkeep
|
|t:|1750748252
|switch|p1b: Gothitelle|Gothitelle, L50, M|21/100
|switch|p2b: Chi-Yu|Chi-Yu, L50|100/100
|-ability|p2b: Chi-Yu|Beads of Ruin
|turn|4
|
|t:|1750748263
|move|p1b: Gothitelle|Fake Out|p2b: Chi-Yu
|-damage|p2b: Chi-Yu|91/100
|move|p1a: Scream Tail|Disable|p2a: Calyrex
|-start|p2a: Calyrex|Disable|Glacial Lance
|cant|p2b: Chi-Yu|flinch
|cant|p2a: Calyrex|Disable|Glacial Lance
|
|-weather|SunnyDay|[upkeep]
|-heal|p1b: Gothitelle|27/100|[from] item: Leftovers
|-end|p2a: Calyrex|move: Taunt
|upkeep
|turn|5
|
|t:|1750748302
|move|p2a: Calyrex|Protect|p2a: Calyrex
|-singleturn|p2a: Calyrex|Protect
|move|p1a: Scream Tail|Encore|p2a: Calyrex
|-activate|p2a: Calyrex|move: Protect
|move|p2b: Chi-Yu|Heat Wave|p1a: Scream Tail|[spread] p1a,p1b
|-damage|p1a: Scream Tail|0 fnt
|-damage|p1b: Gothitelle|0 fnt
|faint|p1a: Scream Tail
|-end|p1a: Scream Tail|Protosynthesis|[silent]
|faint|p1b: Gothitelle
|
|win|Okbri
|raw|heelkey's rating: 1324 &rarr; <strong>1306</strong><br />(-18 for losing)
|raw|Okbri's rating: 1354 &rarr; <strong>1372</strong><br />(+18 for winning)
|l|‽heelkey
|player|p1|
|l|☆Okbri
|player|p2|
