|j|☆Adam2E
|j|☆ihatetauros09
|t:|1750713747
|gametype|doubles
|player|p1|Adam2E|266|1291
|player|p2|ihatetauros09|cynthia|1329
|teamsize|p1|6
|teamsize|p2|6
|gen|9
|tier|[Gen 9] VGC 2025 Reg I
|rated|
|rule|Species Clause: Limit one of each Pokémon
|rule|Item Clause: Limit 1 of each item
|clearpoke
|poke|p1|Garganacl, L50, F|
|poke|p1|Calyrex-Shadow, L50|
|poke|p1|Rillaboom, L50, F|
|poke|p1|Urshifu-*, L50, F|
|poke|p1|Incineroar, L50, M|
|poke|p1|Koraidon, L50|
|poke|p2|Whimsicott, L50, F|
|poke|p2|Calyrex-Shadow, L50|
|poke|p2|Miraidon, L50|
|poke|p2|Incineroar, L50, M|
|poke|p2|Iron Hands, L50|
|poke|p2|Chi-Yu, L50|
|teampreview|4
|inactive|Battle timer is ON: inactive players will automatically lose when time's up. (requested by ihatetauros09)
|
|t:|1750713766
|start
|switch|p1a: Calyrex|Calyrex-Shadow, L50|100/100
|switch|p1b: Incineroar|Incineroar, L50, M|100/100
|switch|p2a: Whimsicott|Whimsicott, L50, F|100/100
|switch|p2b: Calyrex|Calyrex-Shadow, L50|100/100
|-ability|p1a: Calyrex|As One
|-ability|p1a: Calyrex|Unnerve
|-ability|p2b: Calyrex|As One
|-ability|p2b: Calyrex|Unnerve
|-ability|p1b: Incineroar|Intimidate|boost
|-unboost|p2a: Whimsicott|atk|1
|-unboost|p2b: Calyrex|atk|1
|turn|1
|inactive|ihatetauros09 has 30 seconds left.
|inactive|ihatetauros09 has 20 seconds left.
|
|t:|1750713805
|move|p2a: Whimsicott|Tailwind|p2a: Whimsicott
|-sidestart|p2: ihatetauros09|move: Tailwind
|move|p2b: Calyrex|Astral Barrage|p1b: Incineroar|[spread] p1a,p1b
|-supereffective|p1a: Calyrex
|-resisted|p1b: Incineroar
|-enditem|p1a: Calyrex|Focus Sash
|-damage|p1a: Calyrex|1/100
|-damage|p1b: Incineroar|80/100
|move|p1a: Calyrex|Astral Barrage|p2a: Whimsicott|[spread] p2a,p2b
|-supereffective|p2b: Calyrex
|-damage|p2a: Whimsicott|32/100
|-enditem|p2b: Calyrex|Focus Sash
|-damage|p2b: Calyrex|1/100
|move|p1b: Incineroar|Knock Off|p2b: Calyrex
|-supereffective|p2b: Calyrex
|-damage|p2b: Calyrex|0 fnt
|faint|p2b: Calyrex
|
|upkeep
|
|t:|1750713819
|switch|p2b: Miraidon|Miraidon, L50|100/100
|-fieldstart|move: Electric Terrain|[from] ability: Hadron Engine|[of] p2b: Miraidon
|turn|2
|
|t:|1750713842
|move|p2b: Miraidon|Dazzling Gleam|p1b: Incineroar|[spread] p1a,p1b
|-damage|p1a: Calyrex|0 fnt
|-damage|p1b: Incineroar|47/100
|faint|p1a: Calyrex
|move|p2a: Whimsicott|Moonblast|p1b: Incineroar
|-damage|p1b: Incineroar|24/100
|move|p1b: Incineroar|Parting Shot|p2b: Miraidon
|-unboost|p2b: Miraidon|atk|1
|-unboost|p2b: Miraidon|spa|1
|
|t:|1750713850
|switch|p1b: Rillaboom|Rillaboom, L50, F|100/100|[from] Parting Shot
|-fieldstart|move: Grassy Terrain|[from] ability: Grassy Surge|[of] p1b: Rillaboom
|
|-heal|p2a: Whimsicott|38/100|[from] Grassy Terrain
|upkeep
|
|t:|1750713852
|switch|p1a: Koraidon|Koraidon, L50|100/100
|-weather|SunnyDay|[from] ability: Orichalcum Pulse|[of] p1a: Koraidon
|-activate|p1a: Koraidon|Orichalcum Pulse|[source]
|turn|3
|inactive|Adam2E has 30 seconds left.
|inactive|Adam2E has 20 seconds left.
|inactive|Adam2E has 15 seconds left.
|inactive|Adam2E has 10 seconds left.
|inactive|Adam2E has 5 seconds left.
|
|t:|1750713903
|switch|p2b: Incineroar|Incineroar, L50, M|100/100
|-ability|p2b: Incineroar|Intimidate|boost
|-unboost|p1a: Koraidon|atk|1
|-unboost|p1b: Rillaboom|atk|1
|-terastallize|p1a: Koraidon|Fighting
|move|p1b: Rillaboom|Fake Out|p2b: Incineroar
|-damage|p2b: Incineroar|92/100
|-damage|p1b: Rillaboom|84/100|[from] item: Rocky Helmet|[of] p2b: Incineroar
|move|p2a: Whimsicott|Moonblast|p1a: Koraidon
|-supereffective|p1a: Koraidon
|-damage|p1a: Koraidon|48/100
|-unboost|p1a: Koraidon|spa|1
|move|p1a: Koraidon|Close Combat|p2b: Incineroar
|-supereffective|p2b: Incineroar
|-damage|p2b: Incineroar|0 fnt
|-unboost|p1a: Koraidon|def|1
|-unboost|p1a: Koraidon|spd|1
|-damage|p1a: Koraidon|31/100|[from] item: Rocky Helmet|[of] p2b: Incineroar
|faint|p2b: Incineroar
|-damage|p1a: Koraidon|22/100|[from] item: Life Orb
|
|-weather|SunnyDay|[upkeep]
|-heal|p2a: Whimsicott|44/100|[from] Grassy Terrain
|-heal|p1a: Koraidon|27/100|[from] Grassy Terrain
|-heal|p1b: Rillaboom|90/100|[from] Grassy Terrain
|upkeep
|
|t:|1750713925
|switch|p2b: Miraidon|Miraidon, L50|100/100
|-fieldstart|move: Electric Terrain|[from] ability: Hadron Engine|[of] p2b: Miraidon
|turn|4
|inactive|Adam2E has 30 seconds left.
|
|t:|1750713962
|-terastallize|p2b: Miraidon|Fairy
|move|p1a: Koraidon|Protect|p1a: Koraidon
|-singleturn|p1a: Koraidon|Protect
|move|p2a: Whimsicott|Fake Tears|p1b: Rillaboom
|-unboost|p1b: Rillaboom|spd|2
|move|p2b: Miraidon|Dazzling Gleam|p1b: Rillaboom|[spread] p1b
|-activate|p1a: Koraidon|move: Protect
|-damage|p1b: Rillaboom|2/100
|move|p1b: Rillaboom|U-turn|p2a: Whimsicott
|-damage|p2a: Whimsicott|22/100
|
|t:|1750713969
|switch|p1b: Incineroar|Incineroar, L50, M|24/100|[from] U-turn
|-ability|p1b: Incineroar|Intimidate|boost
|-unboost|p2a: Whimsicott|atk|1
|-unboost|p2b: Miraidon|atk|1
|
|-weather|SunnyDay|[upkeep]
|-sideend|p2: ihatetauros09|move: Tailwind
|upkeep
|turn|5
|
|t:|1750713987
|move|p1b: Incineroar|Fake Out|p2b: Miraidon
|-damage|p2b: Miraidon|91/100
|move|p2a: Whimsicott|Tailwind|p2a: Whimsicott
|-sidestart|p2: ihatetauros09|move: Tailwind
|cant|p2b: Miraidon|flinch
|move|p1a: Koraidon|Flare Blitz|p2b: Miraidon
|-crit|p2b: Miraidon
|-damage|p2b: Miraidon|0 fnt
|faint|p2b: Miraidon
|-damage|p1a: Koraidon|0 fnt|[from] Recoil
|faint|p1a: Koraidon
|
|-weather|SunnyDay|[upkeep]
|upkeep
|
|t:|1750713996
|switch|p1a: Rillaboom|Rillaboom, L50, F|2/100
|-fieldstart|move: Grassy Terrain|[from] ability: Grassy Surge|[of] p1a: Rillaboom
|turn|6
|
|t:|1750714005
|move|p1a: Rillaboom|Fake Out|p2a: Whimsicott
|-damage|p2a: Whimsicott|6/100
|move|p2a: Whimsicott|Moonblast|p1b: Incineroar
|-damage|p1b: Incineroar|4/100
|move|p1b: Incineroar|Flare Blitz|p2a: Whimsicott
|-supereffective|p2a: Whimsicott
|-damage|p2a: Whimsicott|0 fnt
|faint|p2a: Whimsicott
|-damage|p1b: Incineroar|3/100|[from] Recoil
|
|win|Adam2E
|raw|Adam2E's rating: 1291 &rarr; <strong>1319</strong><br />(+28 for winning)
|raw|ihatetauros09's rating: 1329 &rarr; <strong>1307</strong><br />(-22 for losing)
