|j|‽jomle
|j|☆Aylawayla
|t:|1750875444
|gametype|doubles
|player|p1|jomle|170|1347
|player|p2|Aylawayla|dawn|1443
|teamsize|p1|6
|teamsize|p2|6
|gen|9
|tier|[Gen 9] VGC 2025 Reg I
|rated|
|rule|Species Clause: Limit one of each Pokémon
|rule|Item Clause: Limit 1 of each item
|clearpoke
|poke|p1|Kyogre, L50|
|poke|p1|Zacian-*, L50|
|poke|p1|Tornadus, L50, M|
|poke|p1|Urshifu-*, L50, M|
|poke|p1|Rillaboom, L50, F|
|poke|p1|Incineroar, L50, F|
|poke|p2|Calyrex-Ice, L50|
|poke|p2|Terapagos, L50, M|
|poke|p2|Rillaboom, L50, M|
|poke|p2|Smeargle, L50, F|
|poke|p2|Farigiraf, L50, F|
|poke|p2|Annihilape, L50, F|
|teampreview|4
|inactive|Battle timer is ON: inactive players will automatically lose when time's up. (requested by jomle)
|
|t:|1750875510
|start
|switch|p1a: Incineroar|Incineroar, L50, F|100/100
|switch|p1b: Kyogre|Kyogre, L50|100/100
|switch|p2a: Annihilape|Annihilape, L50, F|100/100
|switch|p2b: Calyrex|Calyrex-Ice, L50|100/100
|-ability|p2b: Calyrex|As One
|-ability|p2b: Calyrex|Unnerve
|-weather|RainDance|[from] ability: Drizzle|[of] p1b: Kyogre
|-ability|p1a: Incineroar|Intimidate|boost
|-unboost|p2a: Annihilape|atk|1
|-ability|p2a: Annihilape|Defiant|boost
|-boost|p2a: Annihilape|atk|2
|-fail|p2b: Calyrex|unboost|[from] item: Clear Amulet|[of] p2b: Calyrex
|turn|1
|inactive|Aylawayla has 30 seconds left.
|inactive|jomle has 30 seconds left.
|inactive|Aylawayla has 20 seconds left.
|
|t:|1750875547
|switch|p1b: Rillaboom|Rillaboom, L50, F|100/100
|-fieldstart|move: Grassy Terrain|[from] ability: Grassy Surge|[of] p1b: Rillaboom
|-terastallize|p2b: Calyrex|Grass
|move|p2a: Annihilape|Close Combat|p1a: Incineroar
|-supereffective|p1a: Incineroar
|-crit|p1a: Incineroar
|-damage|p1a: Incineroar|0 fnt
|-unboost|p2a: Annihilape|def|1
|-unboost|p2a: Annihilape|spd|1
|-damage|p2a: Annihilape|84/100|[from] item: Rocky Helmet|[of] p1a: Incineroar
|faint|p1a: Incineroar
|move|p2b: Calyrex|Trick Room|p2b: Calyrex
|-fieldstart|move: Trick Room|[of] p2b: Calyrex
|
|-weather|RainDance|[upkeep]
|-heal|p2a: Annihilape|90/100|[from] Grassy Terrain
|upkeep
|
|t:|1750875566
|switch|p1a: Kyogre|Kyogre, L50|100/100
|turn|2
|
|t:|1750875575
|switch|p2a: Farigiraf|Farigiraf, L50, F|100/100
|move|p1b: Rillaboom|Fake Out||[still]
|cant|p2a: Farigiraf|ability: Armor Tail|Fake Out|[of] p1b: Rillaboom
|move|p2b: Calyrex|Glacial Lance|p1b: Rillaboom|[spread] p1a,p1b
|-resisted|p1a: Kyogre
|-supereffective|p1b: Rillaboom
|-damage|p1a: Kyogre|67/100
|-damage|p1b: Rillaboom|0 fnt
|faint|p1b: Rillaboom
|-ability|p2b: Calyrex|Chilling Neigh|boost
|-boost|p2b: Calyrex|atk|1
|move|p1a: Kyogre|Origin Pulse|p2a: Farigiraf|[spread] p2a,p2b
|-resisted|p2b: Calyrex
|-damage|p2a: Farigiraf|18/100
|-damage|p2b: Calyrex|72/100
|
|-weather|RainDance|[upkeep]
|-heal|p2b: Calyrex|77/100|[from] Grassy Terrain
|-heal|p2a: Farigiraf|24/100|[from] Grassy Terrain
|-heal|p1a: Kyogre|73/100|[from] Grassy Terrain
|upkeep
|inactive|jomle has 30 seconds left.
|inactive|jomle has 20 seconds left.
|inactive|jomle has 15 seconds left.
|inactive|jomle has 10 seconds left.
|inactive|jomle has 5 seconds left.
|
|t:|1750875630
|switch|p1b: Zacian|Zacian-Crowned, L50|100/100
|-ability|p1b: Zacian|Intrepid Sword|boost
|-boost|p1b: Zacian|atk|1
|turn|3
|
|t:|1750875649
|move|p2b: Calyrex|Glacial Lance|p1b: Zacian|[spread] p1a,p1b
|-resisted|p1a: Kyogre
|-resisted|p1b: Zacian
|-damage|p1a: Kyogre|22/100
|-damage|p1b: Zacian|56/100
|move|p2a: Farigiraf|Psychic|p1a: Kyogre
|-damage|p1a: Kyogre|0 fnt
|faint|p1a: Kyogre
|move|p1b: Zacian|Substitute|p1b: Zacian
|-start|p1b: Zacian|Substitute
|-damage|p1b: Zacian|31/100
|
|-weather|RainDance|[upkeep]
|-heal|p2b: Calyrex|83/100|[from] Grassy Terrain
|-heal|p2a: Farigiraf|30/100|[from] Grassy Terrain
|-heal|p1b: Zacian|37/100|[from] Grassy Terrain
|upkeep
|turn|4
|
|t:|1750875666
|move|p2b: Calyrex|Glacial Lance|p1b: Zacian
|-resisted|p1b: Zacian
|-end|p1b: Zacian|Substitute
|move|p2a: Farigiraf|Psychic|p1b: Zacian
|-resisted|p1b: Zacian
|-damage|p1b: Zacian|21/100
|move|p1b: Zacian|Play Rough|p2b: Calyrex
|-damage|p2b: Calyrex|39/100
|
|-weather|RainDance|[upkeep]
|-heal|p2b: Calyrex|45/100|[from] Grassy Terrain
|-heal|p2a: Farigiraf|37/100|[from] Grassy Terrain
|-heal|p1b: Zacian|27/100|[from] Grassy Terrain
|upkeep
|turn|5
|inactive|jomle has 30 seconds left.
|inactive|jomle has 20 seconds left.
|
|t:|1750875702
|move|p2b: Calyrex|Glacial Lance|p1b: Zacian
|-resisted|p1b: Zacian
|-damage|p1b: Zacian|0 fnt
|faint|p1b: Zacian
|
|win|Aylawayla
|raw|jomle's rating: 1347 &rarr; <strong>1332</strong><br />(-15 for losing)
|raw|Aylawayla's rating: 1443 &rarr; <strong>1458</strong><br />(+15 for winning)
|l|‽jomle
|player|p1|
