|j|☆MJ_VGC_0
|j|☆AAAdriver LI
|t:|1750744174
|gametype|doubles
|player|p1|MJ_VGC_0|silver|1428
|player|p2|AAAdriver LI|caitlin|1331
|teamsize|p1|6
|teamsize|p2|6
|gen|9
|tier|[Gen 9] VGC 2025 Reg I
|rated|
|rule|Species Clause: Limit one of each Pokémon
|rule|Item Clause: Limit 1 of each item
|clearpoke
|poke|p1|Kyogre, L50|
|poke|p1|Zamazenta-*, L50|
|poke|p1|Tornadus, L50, M|
|poke|p1|Landorus, L50, M|
|poke|p1|Electabuzz, L50, M|
|poke|p1|Rillaboom, L50, F|
|poke|p2|Calyrex-Shadow, L50|
|poke|p2|Zamazenta-*, L50|
|poke|p2|Amoonguss, L50, F|
|poke|p2|Rillaboom, L50, F|
|poke|p2|Incineroar, L50, M|
|poke|p2|Chien-Pao, L50|
|teampreview|4
|inactive|Battle timer is ON: inactive players will automatically lose when time's up. (requested by AAAdriver LI)
|
|t:|1750744205
|start
|switch|p1a: Electabuzz|Electabuzz, L50, M|100/100
|switch|p1b: Kyogre|Kyogre, L50|100/100
|switch|p2a: Amoonguss|Amoonguss, L50, F|100/100
|switch|p2b: Rillaboom|Rillaboom, L50, F|100/100
|-weather|RainDance|[from] ability: Drizzle|[of] p1b: Kyogre
|-fieldstart|move: Grassy Terrain|[from] ability: Grassy Surge|[of] p2b: Rillaboom
|turn|1
|inactive|MJ_VGC_0 has 30 seconds left.
|inactive|AAAdriver LI has 30 seconds left.
|inactive|AAAdriver LI has 20 seconds left.
|inactive|MJ_VGC_0 has 20 seconds left.
|inactive|AAAdriver LI has 15 seconds left.
|
|t:|1750744248
|-terastallize|p1a: Electabuzz|Grass
|move|p1b: Kyogre|Protect|p1b: Kyogre
|-singleturn|p1b: Kyogre|Protect
|move|p2b: Rillaboom|Fake Out|p1b: Kyogre
|-activate|p1b: Kyogre|move: Protect
|move|p1a: Electabuzz|Electroweb|p2a: Amoonguss|[spread] p2a,p2b
|-resisted|p2a: Amoonguss
|-resisted|p2b: Rillaboom
|-damage|p2a: Amoonguss|96/100
|-damage|p2b: Rillaboom|96/100
|-unboost|p2b: Rillaboom|spe|1
|move|p2a: Amoonguss|Pollen Puff|p2b: Rillaboom
|-heal|p2b: Rillaboom|100/100
|
|-weather|RainDance|[upkeep]
|-heal|p2a: Amoonguss|100/100|[from] Grassy Terrain
|upkeep
|turn|2
|
|t:|1750744271
|move|p1a: Electabuzz|Follow Me|p1a: Electabuzz
|-singleturn|p1a: Electabuzz|move: Follow Me
|move|p1b: Kyogre|Water Spout|p2b: Rillaboom|[spread] p2a,p2b
|-resisted|p2a: Amoonguss
|-resisted|p2b: Rillaboom
|-damage|p2a: Amoonguss|56/100
|-damage|p2b: Rillaboom|54/100
|move|p2b: Rillaboom|U-turn|p1a: Electabuzz
|-supereffective|p1a: Electabuzz
|-damage|p1a: Electabuzz|50/100
|
|t:|1750744274
|switch|p2b: Calyrex|Calyrex-Shadow, L50|100/100|[from] U-turn
|-ability|p2b: Calyrex|As One
|-ability|p2b: Calyrex|Unnerve
|move|p2a: Amoonguss|Spore|p1a: Electabuzz
|-immune|p1a: Electabuzz
|
|-weather|RainDance|[upkeep]
|-heal|p1a: Electabuzz|56/100|[from] Grassy Terrain
|-heal|p2a: Amoonguss|62/100|[from] Grassy Terrain
|upkeep
|turn|3
|
|t:|1750744292
|switch|p2a: Rillaboom|Rillaboom, L50, F|54/100
|-terastallize|p2b: Calyrex|Ghost
|move|p1b: Kyogre|Protect|p1b: Kyogre
|-singleturn|p1b: Kyogre|Protect
|move|p2b: Calyrex|Astral Barrage|p1a: Electabuzz|[spread] p1a
|-activate|p1b: Kyogre|move: Protect
|-damage|p1a: Electabuzz|10/100
|move|p1a: Electabuzz|Electroweb|p2b: Calyrex|[spread] p2a,p2b
|-resisted|p2a: Rillaboom
|-damage|p2a: Rillaboom|49/100
|-damage|p2b: Calyrex|86/100
|-unboost|p2a: Rillaboom|spe|1
|-unboost|p2b: Calyrex|spe|1
|
|-weather|RainDance|[upkeep]
|-heal|p2b: Calyrex|93/100|[from] Grassy Terrain
|-heal|p1a: Electabuzz|16/100|[from] Grassy Terrain
|-heal|p2a: Rillaboom|55/100|[from] Grassy Terrain
|upkeep
|turn|4
|
|t:|1750744316
|move|p2a: Rillaboom|Fake Out|p1b: Kyogre
|-damage|p1b: Kyogre|86/100
|move|p1a: Electabuzz|Follow Me|p1a: Electabuzz
|-singleturn|p1a: Electabuzz|move: Follow Me
|move|p2b: Calyrex|Astral Barrage|p1a: Electabuzz|[spread] p1a,p1b
|-damage|p1a: Electabuzz|0 fnt
|-damage|p1b: Kyogre|19/100
|faint|p1a: Electabuzz
|-ability|p2b: Calyrex|Grim Neigh|boost
|-boost|p2b: Calyrex|spa|1
|cant|p1b: Kyogre|flinch
|
|-weather|RainDance|[upkeep]
|-heal|p2b: Calyrex|99/100|[from] Grassy Terrain
|-heal|p1b: Kyogre|25/100|[from] Grassy Terrain
|-heal|p2a: Rillaboom|60/100|[from] Grassy Terrain
|upkeep
|
|t:|1750744333
|switch|p1a: Zamazenta|Zamazenta-Crowned, L50|100/100
|-ability|p1a: Zamazenta|Dauntless Shield|boost
|-boost|p1a: Zamazenta|def|1
|turn|5
|
|t:|1750744339
|move|p1a: Zamazenta|Wide Guard|p1a: Zamazenta
|-singleturn|p1a: Zamazenta|Wide Guard
|move|p2a: Rillaboom|Grassy Glide|p1b: Kyogre
|-supereffective|p1b: Kyogre
|-damage|p1b: Kyogre|0 fnt
|faint|p1b: Kyogre
|move|p2b: Calyrex|Psychic|p1a: Zamazenta
|-damage|p1a: Zamazenta|46/100
|
|-weather|none
|-heal|p1a: Zamazenta|52/100|[from] Grassy Terrain
|-heal|p2b: Calyrex|100/100|[from] Grassy Terrain
|-heal|p2a: Rillaboom|66/100|[from] Grassy Terrain
|-fieldend|move: Grassy Terrain
|upkeep
|-message|MJ_VGC_0 forfeited.
|
|win|AAAdriver LI
|raw|MJ_VGC_0's rating: 1428 &rarr; <strong>1403</strong><br />(-25 for losing)
|raw|AAAdriver LI's rating: 1331 &rarr; <strong>1356</strong><br />(+25 for winning)
|l|☆MJ_VGC_0
|player|p1|
|l|☆AAAdriver LI
|player|p2|
