|j|☆QuaBao
|j|☆Eyfri
|t:|1750828753
|gametype|doubles
|player|p1|QuaBao|caitlin|1295
|player|p2|Eyfri|pokemaniac|1346
|teamsize|p1|6
|teamsize|p2|6
|gen|9
|tier|[Gen 9] VGC 2025 Reg I
|rated|
|rule|Species Clause: Limit one of each Pokémon
|rule|Item Clause: Limit 1 of each item
|clearpoke
|poke|p1|Miraidon, L50|
|poke|p1|Palkia-Origin, L50|
|poke|p1|Azelf, L50|
|poke|p1|Iron Boulder, L50|
|poke|p1|Walking Wake, L50|
|poke|p1|Chi-Yu, L50|
|poke|p2|Dondozo, L50, M|
|poke|p2|Tatsugiri, L50, F|
|poke|p2|Latios, L50, M|
|poke|p2|Ogerpon-Hearthflame, L50, F|
|poke|p2|Zacian-*, L50|
|poke|p2|Calyrex-Shadow, L50|
|teampreview|4
|inactive|Battle timer is ON: inactive players will automatically lose when time's up. (requested by QuaBao)
|
|t:|1750828774
|start
|switch|p1a: Palkia|Palkia-Origin, L50|100/100
|switch|p1b: Azelf|Azelf, L50|100/100
|switch|p2a: Dondozo|Dondozo, L50, M|100/100
|switch|p2b: Latios|Latios, L50, M|100/100
|turn|1
|
|t:|1750828789
|-terastallize|p2b: Latios|Ghost
|move|p1b: Azelf|Explosion|p2a: Dondozo|[spread] p2a
|-activate|p1a: Palkia|ability: Telepathy
|-immune|p2b: Latios
|-damage|p2a: Dondozo|55/100
|faint|p1b: Azelf
|move|p2b: Latios|Simple Beam|p1a: Palkia
|-endability|p1a: Palkia|Telepathy|[from] move: Simple Beam
|-ability|p1a: Palkia|Simple|[from] move: Simple Beam
|move|p1a: Palkia|Spacial Rend|p2a: Dondozo
|-damage|p2a: Dondozo|0 fnt
|faint|p2a: Dondozo
|
|upkeep
|
|t:|1750828804
|switch|p1b: Miraidon|Miraidon, L50|100/100
|switch|p2a: Zacian|Zacian-Crowned, L50|100/100
|-ability|p2a: Zacian|Intrepid Sword|boost
|-boost|p2a: Zacian|atk|1
|-fieldstart|move: Electric Terrain|[from] ability: Hadron Engine|[of] p1b: Miraidon
|turn|2
|
|t:|1750828822
|move|p2a: Zacian|Protect|p2a: Zacian
|-singleturn|p2a: Zacian|Protect
|move|p2b: Latios|Simple Beam|p1b: Miraidon
|-endability|p1b: Miraidon|Hadron Engine|[from] move: Simple Beam
|-ability|p1b: Miraidon|Simple|[from] move: Simple Beam
|move|p1b: Miraidon|Discharge|p2a: Zacian|[spread] p1a,p2b
|-activate|p2a: Zacian|move: Protect
|-damage|p1a: Palkia|44/100
|-damage|p2b: Latios|45/100
|-status|p2b: Latios|par
|move|p1a: Palkia|Earth Power|p2a: Zacian
|-activate|p2a: Zacian|move: Protect
|
|upkeep
|turn|3
|
|t:|1750828843
|switch|p2b: Tatsugiri|Tatsugiri, L50, F|100/100
|-terastallize|p1a: Palkia|Ground
|move|p2a: Zacian|Play Rough|p1b: Miraidon
|-supereffective|p1b: Miraidon
|-damage|p1b: Miraidon|0 fnt
|faint|p1b: Miraidon
|move|p1a: Palkia|Earth Power|p2a: Zacian
|-supereffective|p2a: Zacian
|-damage|p2a: Zacian|3/100
|
|upkeep
|
|t:|1750828849
|switch|p1b: Iron Boulder|Iron Boulder, L50|100/100
|-activate|p1b: Iron Boulder|ability: Quark Drive
|-start|p1b: Iron Boulder|quarkdrivespe
|turn|4
|
|t:|1750828857
|move|p2a: Zacian|Protect|p2a: Zacian
|-singleturn|p2a: Zacian|Protect
|move|p1b: Iron Boulder|Mighty Cleave|p2a: Zacian
|-resisted|p2a: Zacian
|-damage|p2a: Zacian|0 fnt
|faint|p2a: Zacian
|move|p1a: Palkia|Spacial Rend|p2b: Tatsugiri
|-supereffective|p2b: Tatsugiri
|-crit|p2b: Tatsugiri
|-enditem|p2b: Tatsugiri|Focus Sash
|-damage|p2b: Tatsugiri|1/100
|move|p2b: Tatsugiri|Icy Wind|p1b: Iron Boulder|[spread] p1a
|-miss|p2b: Tatsugiri|p1b: Iron Boulder
|-supereffective|p1a: Palkia
|-damage|p1a: Palkia|17/100
|-unboost|p1a: Palkia|spe|2
|
|upkeep
|
|t:|1750828864
|switch|p2a: Latios|Latios, L50, M, tera:Ghost|45/100 par
|turn|5
|-message|Eyfri forfeited.
|
|win|QuaBao
|raw|QuaBao's rating: 1295 &rarr; <strong>1324</strong><br />(+29 for winning)
|raw|Eyfri's rating: 1346 &rarr; <strong>1323</strong><br />(-23 for losing)
|l|☆Eyfri
|player|p2|
|l|☆QuaBao
|player|p1|
