|j|☆konkonmatcha
|j|☆justin cheddar
|t:|1750806252
|gametype|doubles
|player|p1|konkonmatcha|170|1374
|player|p2|justin cheddar|265|1242
|teamsize|p1|6
|teamsize|p2|6
|gen|9
|tier|[Gen 9] VGC 2025 Reg I
|rated|
|rule|Species Clause: Limit one of each Pokémon
|rule|Item Clause: Limit 1 of each item
|clearpoke
|poke|p1|Dialga, L50|
|poke|p1|Calyrex-Shadow, L50|
|poke|p1|Ursaluna, L50, F|
|poke|p1|Regieleki, L50|
|poke|p1|Grimmsnarl, L50, M|
|poke|p1|Gholdengo, L50|
|poke|p2|Miraidon, L50|
|poke|p2|Regieleki, L50|
|poke|p2|Oranguru, L50, F|
|poke|p2|Calyrex-Ice, L50|
|poke|p2|Hawlucha, L50, F|
|poke|p2|Roaring Moon, L50|
|teampreview|4
|inactive|Battle timer is ON: inactive players will automatically lose when time's up. (requested by justin cheddar)
|
|t:|1750806319
|start
|switch|p1a: Regieleki|Regieleki, L50|100/100
|switch|p1b: Grimmsnarl|Grimmsnarl, L50, M|100/100
|switch|p2a: Miraidon|Miraidon, L50|100/100
|switch|p2b: Regieleki|Regieleki, L50|100/100
|-item|p1a: Regieleki|Air Balloon
|-fieldstart|move: Electric Terrain|[from] ability: Hadron Engine|[of] p2a: Miraidon
|turn|1
|inactive|justin cheddar has 30 seconds left.
|
|t:|1750806354
|-terastallize|p2a: Miraidon|Stellar
|move|p1a: Regieleki|Protect|p1a: Regieleki
|-singleturn|p1a: Regieleki|Protect
|move|p1b: Grimmsnarl|Light Screen|p1b: Grimmsnarl
|-sidestart|p1: konkonmatcha|move: Light Screen
|move|p2b: Regieleki|Electroweb|p1b: Grimmsnarl|[spread] p1b
|-activate|p1a: Regieleki|move: Protect
|-damage|p1b: Grimmsnarl|76/100
|-unboost|p1b: Grimmsnarl|spe|1
|move|p2a: Miraidon|Dazzling Gleam|p1b: Grimmsnarl|[spread] p1b
|-activate|p1a: Regieleki|move: Protect
|-supereffective|p1b: Grimmsnarl
|-damage|p1b: Grimmsnarl|29/100
|
|upkeep
|turn|2
|
|t:|1750806373
|move|p1b: Grimmsnarl|Reflect|p1b: Grimmsnarl
|-sidestart|p1: konkonmatcha|Reflect
|move|p2b: Regieleki|Light Screen|p2b: Regieleki
|-sidestart|p2: justin cheddar|move: Light Screen
|move|p1a: Regieleki|Electroweb|p2b: Regieleki|[spread] p2a,p2b
|-resisted|p2a: Miraidon
|-crit|p2a: Miraidon
|-resisted|p2b: Regieleki
|-damage|p2a: Miraidon|93/100
|-damage|p2b: Regieleki|85/100
|-unboost|p2a: Miraidon|spe|1
|-unboost|p2b: Regieleki|spe|1
|move|p2a: Miraidon|Dazzling Gleam|p1b: Grimmsnarl|[spread] p1a,p1b
|-supereffective|p1b: Grimmsnarl
|-damage|p1a: Regieleki|60/100
|-damage|p1b: Grimmsnarl|0 fnt
|-enditem|p1a: Regieleki|Air Balloon
|faint|p1b: Grimmsnarl
|
|upkeep
|
|t:|1750806388
|switch|p1b: Calyrex|Calyrex-Shadow, L50|100/100
|-ability|p1b: Calyrex|As One
|-ability|p1b: Calyrex|Unnerve
|turn|3
|
|t:|1750806397
|-terastallize|p1b: Calyrex|Ghost
|move|p1a: Regieleki|Volt Switch|p2a: Miraidon
|-resisted|p2a: Miraidon
|-damage|p2a: Miraidon|85/100
|
|t:|1750806403
|switch|p1a: Dialga|Dialga, L50|100/100|[from] Volt Switch
|move|p1b: Calyrex|Astral Barrage|p2a: Miraidon|[spread] p2a,p2b
|-crit|p2a: Miraidon
|-damage|p2a: Miraidon|0 fnt
|-damage|p2b: Regieleki|0 fnt
|faint|p2a: Miraidon
|faint|p2b: Regieleki
|-ability|p1b: Calyrex|Grim Neigh|boost
|-boost|p1b: Calyrex|spa|2
|
|upkeep
|
|t:|1750806410
|switch|p2b: Oranguru|Oranguru, L50, F|100/100
|switch|p2a: Calyrex|Calyrex-Ice, L50|100/100
|-ability|p2a: Calyrex|As One
|-ability|p2a: Calyrex|Unnerve
|turn|4
|
|t:|1750806429
|move|p2a: Calyrex|Protect|p2a: Calyrex
|-singleturn|p2a: Calyrex|Protect
|move|p1b: Calyrex|Astral Barrage|p2a: Calyrex|[spread] 
|-activate|p2a: Calyrex|move: Protect
|-immune|p2b: Oranguru
|move|p1a: Dialga|Dragon Pulse|p2b: Oranguru
|-damage|p2b: Oranguru|76/100
|move|p2b: Oranguru|Trick Room|p2b: Oranguru
|-fieldstart|move: Trick Room|[of] p2b: Oranguru
|
|upkeep
|turn|5
|inactive|konkonmatcha has 30 seconds left.
|
|t:|1750806455
|switch|p1b: Regieleki|Regieleki, L50|60/100
|move|p2a: Calyrex|Glacial Lance|p1a: Dialga|[spread] p1a,p1b
|-damage|p1a: Dialga|69/100
|-damage|p1b: Regieleki|0 fnt
|faint|p1b: Regieleki
|-ability|p2a: Calyrex|Chilling Neigh|boost
|-boost|p2a: Calyrex|atk|1
|move|p2b: Oranguru|Instruct|p2a: Calyrex
|-singleturn|p2a: Calyrex|move: Instruct|[of] p2b: Oranguru
|move|p2a: Calyrex|Glacial Lance|p1a: Dialga
|-damage|p1a: Dialga|4/100
|move|p1a: Dialga|Trick Room|p1a: Dialga
|-fieldend|move: Trick Room
|
|-sideend|p1: konkonmatcha|move: Light Screen
|-fieldend|move: Electric Terrain
|upkeep
|
|t:|1750806468
|switch|p1b: Calyrex|Calyrex-Shadow, L50, tera:Ghost|100/100
|-ability|p1b: Calyrex|As One
|-ability|p1b: Calyrex|Unnerve
|turn|6
|inactive|konkonmatcha has 30 seconds left.
|inactive|konkonmatcha has 20 seconds left.
|inactive|konkonmatcha has 15 seconds left.
|
|t:|1750806510
|move|p2a: Calyrex|Protect|p2a: Calyrex
|-singleturn|p2a: Calyrex|Protect
|move|p1b: Calyrex|Shadow Ball|p2a: Calyrex
|-activate|p2a: Calyrex|move: Protect
|move|p1a: Dialga|Flash Cannon|p2a: Calyrex
|-activate|p2a: Calyrex|move: Protect
|move|p2b: Oranguru|Trick Room|p2b: Oranguru
|-fieldstart|move: Trick Room|[of] p2b: Oranguru
|
|-sideend|p1: konkonmatcha|Reflect
|-sideend|p2: justin cheddar|move: Light Screen
|upkeep
|turn|7
|
|t:|1750806523
|move|p2a: Calyrex|Glacial Lance|p1a: Dialga|[spread] p1a,p1b
|-damage|p1a: Dialga|0 fnt
|-damage|p1b: Calyrex|0 fnt
|faint|p1a: Dialga
|faint|p1b: Calyrex
|
|win|justin cheddar
|raw|konkonmatcha's rating: 1374 &rarr; <strong>1347</strong><br />(-27 for losing)
|raw|justin cheddar's rating: 1242 &rarr; <strong>1276</strong><br />(+34 for winning)
|l|☆konkonmatcha
|player|p1|
