|j|☆pplplp
|j|☆Megaman087
|t:|1750717322
|gametype|doubles
|player|p1|pplplp|zinnia|1274
|player|p2|Megaman087|lucas|1296
|teamsize|p1|6
|teamsize|p2|6
|gen|9
|tier|[Gen 9] VGC 2025 Reg I
|rated|
|rule|Species Clause: Limit one of each Pokémon
|rule|Item Clause: Limit 1 of each item
|clearpoke
|poke|p1|Volcarona, L50, F|
|poke|p1|Rillaboom, L50, F|
|poke|p1|Zamazenta-*, L50|
|poke|p1|Calyrex-Shadow, L50|
|poke|p1|Raging Bolt, L50|
|poke|p1|Urshifu-*, L50, M|
|poke|p2|Eternatus, L50|
|poke|p2|Grimmsnarl, L50, M|
|poke|p2|Wo-Chien, L50|
|poke|p2|Qwilfish-Hisui, L50, M|
|poke|p2|Cresselia, L50, F|
|poke|p2|Lugia, L50|
|teampreview|4
|inactive|Battle timer is ON: inactive players will automatically lose when time's up. (requested by Megaman087)
pplplp has agreed to open team sheets.
|inactive|pplplp has 60 seconds left.
|
|t:|1750717375
|start
|switch|p1a: Rillaboom|Rillaboom, L50, F|100/100
|switch|p1b: Raging Bolt|Raging Bolt, L50|100/100
|switch|p2a: Grimmsnarl|Grimmsnarl, L50, M|100/100
|switch|p2b: Qwilfish|Qwilfish-Hisui, L50, M, shiny|100/100
|-fieldstart|move: Grassy Terrain|[from] ability: Grassy Surge|[of] p1a: Rillaboom
|-ability|p2b: Qwilfish|Intimidate|boost
|-unboost|p1a: Rillaboom|atk|1
|-unboost|p1b: Raging Bolt|atk|1
|turn|1
|
|t:|1750717398
|move|p1a: Rillaboom|Fake Out|p2b: Qwilfish
|-damage|p2b: Qwilfish|94/100
|move|p2a: Grimmsnarl|Reflect|p2a: Grimmsnarl
|-sidestart|p2: Megaman087|Reflect
|cant|p2b: Qwilfish|flinch
|move|p1b: Raging Bolt|Draco Meteor|p2b: Qwilfish
|-damage|p2b: Qwilfish|21/100
|-unboost|p1b: Raging Bolt|spa|2
|-damage|p1b: Raging Bolt|91/100|[from] item: Life Orb
|
|-heal|p2b: Qwilfish|27/100|[from] Grassy Terrain
|-heal|p1b: Raging Bolt|97/100|[from] Grassy Terrain
|upkeep
|turn|2
|
|t:|1750717414
|switch|p1a: Calyrex|Calyrex-Shadow, L50|100/100
|-ability|p1a: Calyrex|As One
|-ability|p1a: Calyrex|Unnerve
|move|p2a: Grimmsnarl|Light Screen|p2a: Grimmsnarl
|-sidestart|p2: Megaman087|move: Light Screen
|move|p2b: Qwilfish|Toxic Spikes|p1a: Calyrex
|-sidestart|p1: pplplp|move: Toxic Spikes
|move|p1b: Raging Bolt|Volt Switch|p2b: Qwilfish
|-damage|p2b: Qwilfish|13/100
|-damage|p1b: Raging Bolt|87/100|[from] item: Life Orb
|
|t:|1750717424
|-end|p1b: Raging Bolt|Protosynthesis|[silent]
|switch|p1b: Urshifu|Urshifu-Rapid-Strike, L50, M|100/100|[from] Volt Switch
|-status|p1b: Urshifu|psn
|
|-heal|p2b: Qwilfish|19/100|[from] Grassy Terrain
|-damage|p1b: Urshifu|88/100 psn|[from] psn
|upkeep
|turn|3
|
|t:|1750717430
|move|p2a: Grimmsnarl|Thunder Wave|p1a: Calyrex
|-status|p1a: Calyrex|par
|move|p1b: Urshifu|Surging Strikes|p2b: Qwilfish
|-crit|p2b: Qwilfish
|-damage|p2b: Qwilfish|3/100
|-crit|p2b: Qwilfish
|-damage|p2b: Qwilfish|0 fnt
|faint|p2b: Qwilfish
|-hitcount|p2: Qwilfish|2
|cant|p1a: Calyrex|par
|
|-heal|p1b: Urshifu|94/100 psn|[from] Grassy Terrain
|-damage|p1b: Urshifu|82/100 psn|[from] psn
|upkeep
|
|t:|1750717436
|switch|p2b: Eternatus|Eternatus, L50|100/100
|-ability|p2b: Eternatus|Pressure
|turn|4
|inactive|pplplp has 30 seconds left.
|
|t:|1750717462
|move|p1b: Urshifu|Surging Strikes|p2a: Grimmsnarl
|-crit|p2a: Grimmsnarl
|-damage|p2a: Grimmsnarl|83/100
|-crit|p2a: Grimmsnarl
|-damage|p2a: Grimmsnarl|63/100
|-crit|p2a: Grimmsnarl
|-damage|p2a: Grimmsnarl|44/100
|-hitcount|p2a: Grimmsnarl|3
|move|p2b: Eternatus|Cosmic Power|p2b: Eternatus
|-boost|p2b: Eternatus|def|1
|-boost|p2b: Eternatus|spd|1
|move|p1a: Calyrex|Encore|p2b: Eternatus
|-start|p2b: Eternatus|Encore
|move|p2a: Grimmsnarl|Foul Play|p1a: Calyrex
|-supereffective|p1a: Calyrex
|-enditem|p1a: Calyrex|Focus Sash
|-damage|p1a: Calyrex|1/100 par
|
|-heal|p1b: Urshifu|88/100 psn|[from] Grassy Terrain
|-heal|p1a: Calyrex|7/100 par|[from] Grassy Terrain
|-heal|p2a: Grimmsnarl|50/100|[from] Grassy Terrain
|-damage|p1b: Urshifu|75/100 psn|[from] psn
|upkeep
|turn|5
|
|t:|1750717482
|move|p1b: Urshifu|Surging Strikes|p2a: Grimmsnarl
|-crit|p2a: Grimmsnarl
|-damage|p2a: Grimmsnarl|32/100
|-crit|p2a: Grimmsnarl
|-damage|p2a: Grimmsnarl|13/100
|-crit|p2a: Grimmsnarl
|-damage|p2a: Grimmsnarl|0 fnt
|faint|p2a: Grimmsnarl
|-hitcount|p2: Grimmsnarl|3
|move|p2b: Eternatus|Cosmic Power|p2b: Eternatus
|-boost|p2b: Eternatus|def|1
|-boost|p2b: Eternatus|spd|1
|move|p1a: Calyrex|Psychic|p2b: Eternatus
|-supereffective|p2b: Eternatus
|-damage|p2b: Eternatus|79/100
|
|-heal|p1b: Urshifu|81/100 psn|[from] Grassy Terrain
|-heal|p2b: Eternatus|85/100|[from] Grassy Terrain
|-heal|p1a: Calyrex|12/100 par|[from] Grassy Terrain
|-damage|p1b: Urshifu|69/100 psn|[from] psn
|-fieldend|move: Grassy Terrain
|upkeep
|
|t:|1750717485
|switch|p2a: Lugia|Lugia, L50|100/100
|turn|6
|
|t:|1750717495
|move|p1b: Urshifu|Surging Strikes|p2a: Lugia
|-crit|p2a: Lugia
|-damage|p2a: Lugia|94/100
|-crit|p2a: Lugia
|-damage|p2a: Lugia|82/100
|-crit|p2a: Lugia
|-damage|p2a: Lugia|67/100
|-hitcount|p2a: Lugia|3
|move|p2b: Eternatus|Cosmic Power|p2b: Eternatus
|-boost|p2b: Eternatus|def|1
|-boost|p2b: Eternatus|spd|1
|move|p2a: Lugia|Psych Up|p2b: Eternatus
|-copyboost|p2a: Lugia|p2b: Eternatus|[from] move: Psych Up
|cant|p1a: Calyrex|par
|
|-damage|p1b: Urshifu|56/100 psn|[from] psn
|upkeep
|turn|7
|
|t:|1750717513
|move|p1b: Urshifu|Surging Strikes|p2a: Lugia
|-crit|p2a: Lugia
|-damage|p2a: Lugia|53/100
|-crit|p2a: Lugia
|-damage|p2a: Lugia|39/100
|-crit|p2a: Lugia
|-damage|p2a: Lugia|24/100
|-hitcount|p2a: Lugia|3
|move|p2b: Eternatus|Cosmic Power|p2b: Eternatus
|-boost|p2b: Eternatus|def|1
|-boost|p2b: Eternatus|spd|1
|move|p2a: Lugia|Aeroblast|p1b: Urshifu
|-supereffective|p1b: Urshifu
|-damage|p1b: Urshifu|0 fnt
|faint|p1b: Urshifu
|move|p1a: Calyrex|Astral Barrage|p2a: Lugia|[spread] p2a,p2b
|-supereffective|p2a: Lugia
|-damage|p2a: Lugia|7/100
|-damage|p2b: Eternatus|78/100
|-enditem|p2a: Lugia|Weakness Policy
|-boost|p2a: Lugia|atk|2|[from] item: Weakness Policy
|-boost|p2a: Lugia|spa|2|[from] item: Weakness Policy
|
|-end|p2b: Eternatus|Encore
|upkeep
|
|t:|1750717525
|switch|p1b: Raging Bolt|Raging Bolt, L50|87/100
|-status|p1b: Raging Bolt|psn
|turn|8
|
|t:|1750717543
|-terastallize|p1b: Raging Bolt|Steel
|move|p2a: Lugia|Protect|p2a: Lugia
|-singleturn|p2a: Lugia|Protect
|move|p2b: Eternatus|Fire Spin|p1a: Calyrex
|-damage|p1a: Calyrex|0 fnt
|faint|p1a: Calyrex
|move|p1b: Raging Bolt|Draco Meteor|p2b: Eternatus
|-supereffective|p2b: Eternatus
|-damage|p2b: Eternatus|55/100
|-unboost|p1b: Raging Bolt|spa|2
|-damage|p1b: Raging Bolt|77/100 psn|[from] item: Life Orb
|
|-damage|p1b: Raging Bolt|65/100 psn|[from] psn
|-sideend|p2: Megaman087|Reflect
|upkeep
|inactive|pplplp has 30 seconds left.
|inactive|pplplp has 20 seconds left.
|inactive|pplplp has 15 seconds left.
|inactive|pplplp has 10 seconds left.
|
|t:|1750717591
|switch|p1a: Rillaboom|Rillaboom, L50, F|100/100
|-status|p1a: Rillaboom|psn
|-fieldstart|move: Grassy Terrain|[from] ability: Grassy Surge|[of] p1a: Rillaboom
|turn|9
|-message|pplplp forfeited.
|
|win|Megaman087
|raw|pplplp's rating: 1274 &rarr; <strong>1251</strong><br />(-23 for losing)
|raw|Megaman087's rating: 1296 &rarr; <strong>1319</strong><br />(+23 for winning)
|l|☆pplplp
|player|p1|
|l|☆Megaman087
|player|p2|
