|j|☆SuperDruper
|j|☆Yoohohohobrook
|t:|1750766822
|gametype|doubles
|player|p1|SuperDruper|hooligans|1509
|player|p2|Yoohohohobrook|red|1447
|teamsize|p1|6
|teamsize|p2|6
|gen|9
|tier|[Gen 9] VGC 2025 Reg I
|rated|
|rule|Species Clause: Limit one of each Pokémon
|rule|Item Clause: Limit 1 of each item
|clearpoke
|poke|p1|Calyrex-Shadow, L50|
|poke|p1|Koraidon, L50|
|poke|p1|Indeedee-F, L50, F|
|poke|p1|Tornadus, L50, M|
|poke|p1|Flutter Mane, L50|
|poke|p1|Chi-Yu, L50|
|poke|p2|Calyrex-Shadow, L50|
|poke|p2|Zamazenta-*, L50|
|poke|p2|Rillaboom, L50, M|
|poke|p2|Incineroar, L50, F|
|poke|p2|Regieleki, L50|
|poke|p2|Landorus, L50, M|
|teampreview|4
|inactive|Battle timer is ON: inactive players will automatically lose when time's up. (requested by Yoohohohobrook)
SuperDruper has agreed to open team sheets.
|inactive|SuperDruper has 60 seconds left.
|
|t:|1750766856
|start
|switch|p1a: Koraidon|Koraidon, L50|100/100
|switch|p1b: Flutter Mane|Flutter Mane, L50|100/100
|switch|p2a: Regieleki|Regieleki, L50|100/100
|switch|p2b: Zamazenta|Zamazenta-Crowned, L50|100/100
|-weather|SunnyDay|[from] ability: Orichalcum Pulse|[of] p1a: Koraidon
|-activate|p1b: Flutter Mane|ability: Protosynthesis
|-start|p1b: Flutter Mane|protosynthesisspe
|-activate|p1a: Koraidon|Orichalcum Pulse|[source]
|-ability|p2b: Zamazenta|Dauntless Shield|boost
|-boost|p2b: Zamazenta|def|1
|turn|1
|j| Mink101a
|
|t:|1750766879
|-terastallize|p2a: Regieleki|Normal
|move|p2b: Zamazenta|Protect|p2b: Zamazenta
|-singleturn|p2b: Zamazenta|Protect
|move|p1b: Flutter Mane|Moonblast|p2a: Regieleki
|-damage|p2a: Regieleki|12/100
|-unboost|p2a: Regieleki|spa|1
|move|p2a: Regieleki|Explosion|p1a: Koraidon|[spread] p1a
|-activate|p2b: Zamazenta|move: Protect
|-immune|p1b: Flutter Mane
|-damage|p1a: Koraidon|0 fnt
|faint|p2a: Regieleki
|faint|p1a: Koraidon
|
|-weather|SunnyDay|[upkeep]
|upkeep
|
|t:|1750766902
|switch|p2a: Calyrex|Calyrex-Shadow, L50|100/100
|switch|p1a: Calyrex|Calyrex-Shadow, L50|100/100
|-ability|p2a: Calyrex|As One
|-ability|p2a: Calyrex|Unnerve
|-ability|p1a: Calyrex|As One
|-ability|p1a: Calyrex|Unnerve
|turn|2
|
|t:|1750766915
|-terastallize|p1a: Calyrex|Normal
|move|p1b: Flutter Mane|Moonblast|p2a: Calyrex
|-damage|p2a: Calyrex|46/100
|move|p1a: Calyrex|Encore|p2b: Zamazenta
|-start|p2b: Zamazenta|Encore
|move|p2a: Calyrex|Astral Barrage|p1b: Flutter Mane|[spread] p1b
|-immune|p1a: Calyrex
|-supereffective|p1b: Flutter Mane
|-enditem|p1b: Flutter Mane|Focus Sash
|-damage|p1b: Flutter Mane|1/100
|move|p2b: Zamazenta|Protect||[still]
|-fail|p2b: Zamazenta
|
|-weather|SunnyDay|[upkeep]
|upkeep
|turn|3
|
|t:|1750766934
|switch|p2b: Incineroar|Incineroar, L50, F|100/100
|-ability|p2b: Incineroar|Intimidate|boost
|-unboost|p1a: Calyrex|atk|1
|-unboost|p1b: Flutter Mane|atk|1
|move|p1b: Flutter Mane|Moonblast|p2a: Calyrex
|-damage|p2a: Calyrex|0 fnt
|faint|p2a: Calyrex
|move|p1a: Calyrex|Astral Barrage|p2b: Incineroar
|-resisted|p2b: Incineroar
|-damage|p2b: Incineroar|64/100
|-damage|p1a: Calyrex|91/100|[from] item: Life Orb
|
|-weather|SunnyDay|[upkeep]
|upkeep
|
|t:|1750766941
|switch|p2a: Zamazenta|Zamazenta-Crowned, L50|100/100
|turn|4
|
|t:|1750766952
|move|p1a: Calyrex|Protect|p1a: Calyrex
|-singleturn|p1a: Calyrex|Protect
|move|p2b: Incineroar|Fake Out|p1a: Calyrex
|-activate|p1a: Calyrex|move: Protect
|move|p1b: Flutter Mane|Fake Tears|p2b: Incineroar
|-unboost|p2b: Incineroar|spd|2
|move|p2a: Zamazenta|Heavy Slam|p1b: Flutter Mane
|-supereffective|p1b: Flutter Mane
|-damage|p1b: Flutter Mane|0 fnt
|faint|p1b: Flutter Mane
|-end|p1b: Flutter Mane|Protosynthesis|[silent]
|
|-weather|SunnyDay|[upkeep]
|upkeep
|
|t:|1750766963
|switch|p1b: Chi-Yu|Chi-Yu, L50|100/100
|-ability|p1b: Chi-Yu|Beads of Ruin
|turn|5
|
|t:|1750766981
|move|p2a: Zamazenta|Wide Guard|p2a: Zamazenta
|-singleturn|p2a: Zamazenta|Wide Guard
|move|p1b: Chi-Yu|Flamethrower|p2a: Zamazenta
|-supereffective|p2a: Zamazenta
|-damage|p2a: Zamazenta|0 fnt
|faint|p2a: Zamazenta
|move|p1a: Calyrex|Astral Barrage|p2b: Incineroar
|-activate|p2b: Incineroar|move: Wide Guard
|move|p2b: Incineroar|Knock Off|p1a: Calyrex
|-damage|p1a: Calyrex|42/100
|-enditem|p1a: Calyrex|Life Orb|[from] move: Knock Off|[of] p2b: Incineroar
|
|-weather|none
|upkeep
|turn|6
|-message|Yoohohohobrook forfeited.
|
|win|SuperDruper
|raw|SuperDruper's rating: 1509 &rarr; <strong>1525</strong><br />(+16 for winning)
|raw|Yoohohohobrook's rating: 1447 &rarr; <strong>1431</strong><br />(-16 for losing)
|l|☆Yoohohohobrook
|player|p2|
|l|☆SuperDruper
|player|p1|
|l| Mink101a
