|j|☆Tonybaca
|j|☆marklemoine
|html|<table width="100%"><tr><td align="left">Tonybaca</td><td align="right">marklemoine</tr><tr><td align="left"><i class="fa fa-circle-o"></i> <i class="fa fa-circle-o"></i> </td><td align="right"><i class="fa fa-circle-o"></i> <i class="fa fa-circle"></i> </tr></table>
|uhtml|bestof|<h2><strong>Game 2</strong> of <a href="/game-bestof3-gen9vgc2025regi-2391101960">a best-of-3</a></h2>
|t:|1750802986
|gametype|doubles
|player|p1|Tonybaca|266|
|player|p2|marklemoine|hoopster|
|teamsize|p1|6
|teamsize|p2|6
|gen|9
|tier|[Gen 9] VGC 2025 Reg I
|rule|Species Clause: Limit one of each Pokémon
|rule|Item Clause: Limit 1 of each item
|raw|<div class="infobox"><details class="readmore" open><summary><strong>1 custom rule:</strong></summary> Best of = 3</details></div>
|clearpoke
|poke|p1|Indeedee-F, L50, F|
|poke|p1|Ursaluna-Bloodmoon, L50, M|
|poke|p1|Hatterene, L50, F|
|poke|p1|Armarouge, L50, M|
|poke|p1|Exeggutor-Alola, L50, M|
|poke|p1|Porygon2, L50|
|poke|p2|Amoonguss, L50, F|
|poke|p2|Farigiraf, L50, F|
|poke|p2|Basculegion-F, L50, F|
|poke|p2|Coalossal, L50, M|
|poke|p2|Oranguru, L50, F|
|poke|p2|Snorlax, L50, M|
|teampreview|4
|j| maxy027
|
|t:|1750803021
|start
|switch|p1a: Adam?|Indeedee-F, L50, F|100/100
|switch|p1b: Fuck|Armarouge, L50, M|100/100
|switch|p2a: Farigiraf|Farigiraf, L50, F|100/100
|switch|p2b: Oranguru|Oranguru, L50, F|100/100
|-fieldstart|move: Psychic Terrain|[from] ability: Psychic Surge|[of] p1a: Adam?
|-enditem|p1a: Adam?|Psychic Seed
|-boost|p1a: Adam?|spd|1|[from] item: Psychic Seed
|-enditem|p2a: Farigiraf|Psychic Seed
|-boost|p2a: Farigiraf|spd|1|[from] item: Psychic Seed
|-activate|p2b: Oranguru|ability: Symbiosis|Leftovers|[of] p2a: Farigiraf
|turn|1
|
|t:|1750803051
|-terastallize|p1b: Fuck|Fighting
|move|p1a: Adam?|Follow Me|p1a: Adam?
|-singleturn|p1a: Adam?|move: Follow Me
|move|p1b: Fuck|Aura Sphere|p2a: Farigiraf
|-damage|p2a: Farigiraf|82/100
|move|p2a: Farigiraf|Expanding Force|p1b: Fuck|[spread] p1a,p1b
|-resisted|p1a: Adam?
|-supereffective|p1b: Fuck
|-damage|p1a: Adam?|90/100
|-damage|p1b: Fuck|0 fnt
|faint|p1b: Fuck
|move|p2b: Oranguru|Light Screen|p2b: Oranguru
|-sidestart|p2: marklemoine|move: Light Screen
|
|-heal|p2a: Farigiraf|88/100|[from] item: Leftovers
|upkeep
|
|t:|1750803063
|switch|p1b: Neutralizing|Exeggutor-Alola, L50, M|100/100
|-item|p2a: Farigiraf|Leftovers|[from] ability: Frisk|[of] p1b: Neutralizing
|turn|2
|
|t:|1750803081
|move|p1a: Adam?|Helping Hand|p1b: Neutralizing
|-singleturn|p1b: Neutralizing|Helping Hand|[of] p1a: Adam?
|move|p2a: Farigiraf|Expanding Force|p1b: Neutralizing|[spread] p1a,p1b
|-resisted|p1a: Adam?
|-damage|p1a: Adam?|80/100
|-damage|p1b: Neutralizing|70/100
|move|p2b: Oranguru|Expanding Force|p1a: Adam?|[spread] p1a,p1b
|-resisted|p1a: Adam?
|-damage|p1a: Adam?|71/100
|-damage|p1b: Neutralizing|47/100
|move|p1b: Neutralizing|Dragon Pulse|p2a: Farigiraf
|-damage|p2a: Farigiraf|65/100
|
|-heal|p2a: Farigiraf|71/100|[from] item: Leftovers
|upkeep
|turn|3
|j| alphaomnomer
|
|t:|1750803121
|move|p1a: Adam?|Helping Hand|p1b: Neutralizing
|-singleturn|p1b: Neutralizing|Helping Hand|[of] p1a: Adam?
|move|p2b: Oranguru|Expanding Force|p1a: Adam?|[spread] p1a,p1b
|-resisted|p1a: Adam?
|-damage|p1a: Adam?|62/100
|-damage|p1b: Neutralizing|22/100
|move|p2a: Farigiraf|Expanding Force|p1a: Adam?|[spread] p1a,p1b
|-resisted|p1a: Adam?
|-damage|p1a: Adam?|51/100
|-damage|p1b: Neutralizing|0 fnt
|faint|p1b: Neutralizing
|
|-heal|p2a: Farigiraf|77/100|[from] item: Leftovers
|upkeep
|
|t:|1750803139
|switch|p1b: like|Hatterene, L50, F|100/100
|turn|4
|
|t:|1750803155
|switch|p2b: Snorlax|Snorlax, L50, M|100/100
|move|p1a: Adam?|Follow Me|p1a: Adam?
|-singleturn|p1a: Adam?|move: Follow Me
|move|p2a: Farigiraf|Expanding Force|p1b: like|[spread] p1a,p1b
|-resisted|p1a: Adam?
|-resisted|p1b: like
|-damage|p1a: Adam?|41/100
|-damage|p1b: like|77/100
|move|p1b: like|Expanding Force|p2b: Snorlax|[spread] p2a,p2b
|-resisted|p2a: Farigiraf
|-damage|p2a: Farigiraf|62/100
|-damage|p2b: Snorlax|78/100
|-damage|p1b: like|67/100|[from] item: Life Orb
|
|-heal|p2a: Farigiraf|68/100|[from] item: Leftovers
|upkeep
|turn|5
|j| TiltedTeapot
|
|t:|1750803176
|move|p1a: Adam?|Follow Me|p1a: Adam?
|-singleturn|p1a: Adam?|move: Follow Me
|move|p2a: Farigiraf|Hyper Voice|p1b: like|[spread] p1a,p1b
|-damage|p1a: Adam?|29/100
|-damage|p1b: like|43/100
|move|p2b: Snorlax|Body Slam|p1a: Adam?
|-damage|p1a: Adam?|0 fnt
|faint|p1a: Adam?
|move|p1b: like|Expanding Force|p2a: Farigiraf|[spread] p2a,p2b
|-resisted|p2a: Farigiraf
|-damage|p2a: Farigiraf|55/100
|-damage|p2b: Snorlax|51/100
|-damage|p1b: like|33/100|[from] item: Life Orb
|
|-heal|p2a: Farigiraf|61/100|[from] item: Leftovers
|-sideend|p2: marklemoine|move: Light Screen
|-fieldend|move: Psychic Terrain
|upkeep
|turn|6
|
|t:|1750803191
|move|p2a: Farigiraf|Hyper Voice|p1b: like
|-damage|p1b: like|0 fnt
|faint|p1b: like
|
|win|marklemoine
|l|☆Tonybaca
|player|p1|
|l| maxy027
|l| TiltedTeapot
