|j|☆Melmetalica
|j|☆VGC Pops
|t:|1750805071
|gametype|doubles
|player|p1|Melmetalica|170|1064
|player|p2|VGC Pops|1|1067
|teamsize|p1|6
|teamsize|p2|6
|gen|9
|tier|[Gen 9] VGC 2025 Reg I
|rated|
|rule|Species Clause: Limit one of each Pokémon
|rule|Item Clause: Limit 1 of each item
|clearpoke
|poke|p1|Riolu, L50, F|
|poke|p1|Iron Hands, L50|
|poke|p1|Cresselia, L50, F|
|poke|p1|Calyrex-Ice, L50|
|poke|p1|Sinistcha-Masterpiece, L50|
|poke|p1|Zamazenta-*, L50|
|poke|p2|Bruxish, L50, F|
|poke|p2|Miraidon, L50|
|poke|p2|Koraidon, L50|
|poke|p2|Incineroar, L50, F|
|poke|p2|Coalossal, L50, F|
|poke|p2|Ursaluna, L50, F|
|teampreview|4
|inactive|Battle timer is ON: inactive players will automatically lose when time's up. (requested by Melmetalica)
|
|t:|1750805096
|start
|switch|p1a: Riolu|Riolu, L50, F|100/100
|switch|p1b: Iron Hands|Iron Hands, L50|100/100
|switch|p2a: Bruxish|Bruxish, L50, F|100/100
|switch|p2b: Coalossal|Coalossal, L50, F|100/100
|turn|1
|inactive|Melmetalica has 30 seconds left.
|
|t:|1750805129
|-terastallize|p1b: Iron Hands|Flying
|move|p2b: Coalossal|Protect|p2b: Coalossal
|-singleturn|p2b: Coalossal|Protect
|move|p1a: Riolu|Coaching|p1b: Iron Hands
|-boost|p1b: Iron Hands|atk|1
|-boost|p1b: Iron Hands|def|1
|move|p2a: Bruxish|Psychic Fangs|p1a: Riolu
|-supereffective|p1a: Riolu
|-enditem|p1a: Riolu|Focus Sash
|-damage|p1a: Riolu|1/100
|move|p1b: Iron Hands|Belly Drum|p1b: Iron Hands
|-damage|p1b: Iron Hands|50/100
|-setboost|p1b: Iron Hands|atk|6|[from] move: Belly Drum
|-enditem|p1b: Iron Hands|Sitrus Berry|[eat]
|-heal|p1b: Iron Hands|75/100|[from] item: Sitrus Berry
|
|upkeep
|turn|2
|
|t:|1750805151
|-terastallize|p2b: Coalossal|Rock
|move|p2a: Bruxish|Aqua Jet|p2b: Coalossal
|-supereffective|p2b: Coalossal
|-damage|p2b: Coalossal|71/100
|-ability|p2b: Coalossal|Steam Engine|boost
|-boost|p2b: Coalossal|spe|6
|-enditem|p2b: Coalossal|Weakness Policy
|-boost|p2b: Coalossal|atk|2|[from] item: Weakness Policy
|-boost|p2b: Coalossal|spa|2|[from] item: Weakness Policy
|move|p1a: Riolu|Coaching|p1b: Iron Hands
|-boost|p1b: Iron Hands|atk|0
|-boost|p1b: Iron Hands|def|1
|move|p2b: Coalossal|Rock Slide|p1a: Riolu|[spread] p1a,p1b
|-resisted|p1a: Riolu
|-supereffective|p1b: Iron Hands
|-damage|p1a: Riolu|0 fnt
|-damage|p1b: Iron Hands|37/100
|faint|p1a: Riolu
|move|p1b: Iron Hands|Drain Punch|p2b: Coalossal
|-supereffective|p2b: Coalossal
|-damage|p2b: Coalossal|0 fnt
|-heal|p1b: Iron Hands|63/100|[from] drain|[of] p2b: Coalossal
|faint|p2b: Coalossal
|
|upkeep
|
|t:|1750805171
|switch|p1a: Sinistcha|Sinistcha-Masterpiece, L50|100/100
|switch|p2b: Miraidon|Miraidon, L50|100/100
|-fieldstart|move: Electric Terrain|[from] ability: Hadron Engine|[of] p2b: Miraidon
|-activate|p1b: Iron Hands|ability: Quark Drive
|-start|p1b: Iron Hands|quarkdriveatk
|-heal|p1b: Iron Hands|88/100|[from] ability: Hospitality|[of] p1a: Sinistcha
|turn|3
|
|t:|1750805184
|move|p1a: Sinistcha|Rage Powder|p1a: Sinistcha
|-singleturn|p1a: Sinistcha|move: Rage Powder
|move|p2b: Miraidon|Discharge|p1a: Sinistcha|[spread] p2a,p1a,p1b
|-supereffective|p2a: Bruxish
|-resisted|p1a: Sinistcha
|-supereffective|p1b: Iron Hands
|-enditem|p2a: Bruxish|Focus Sash
|-damage|p2a: Bruxish|1/100
|-damage|p1a: Sinistcha|64/100
|-damage|p1b: Iron Hands|0 fnt
|faint|p1b: Iron Hands
|-end|p1b: Iron Hands|Quark Drive|[silent]
|move|p2a: Bruxish|Psychic Fangs|p1a: Sinistcha
|-damage|p1a: Sinistcha|22/100
|
|upkeep
|
|t:|1750805193
|switch|p1b: Calyrex|Calyrex-Ice, L50|100/100
|-ability|p1b: Calyrex|As One
|-ability|p1b: Calyrex|Unnerve
|turn|4
|inactive|VGC Pops has 30 seconds left.
|
|t:|1750805221
|move|p1a: Sinistcha|Rage Powder|p1a: Sinistcha
|-singleturn|p1a: Sinistcha|move: Rage Powder
|move|p2a: Bruxish|Aqua Jet|p1a: Sinistcha
|-resisted|p1a: Sinistcha
|-damage|p1a: Sinistcha|12/100
|move|p2b: Miraidon|Discharge|p1b: Calyrex|[spread] p2a,p1a,p1b
|-supereffective|p2a: Bruxish
|-resisted|p1a: Sinistcha
|-damage|p2a: Bruxish|0 fnt
|-damage|p1a: Sinistcha|0 fnt
|-damage|p1b: Calyrex|47/100
|faint|p2a: Bruxish
|faint|p1a: Sinistcha
|move|p1b: Calyrex|Glacial Lance|p2b: Miraidon
|-supereffective|p2b: Miraidon
|-damage|p2b: Miraidon|0 fnt
|faint|p2b: Miraidon
|-ability|p1b: Calyrex|Chilling Neigh|boost
|-boost|p1b: Calyrex|atk|1
|
|upkeep
|
|t:|1750805233
|switch|p2b: Koraidon|Koraidon, L50|100/100
|-weather|SunnyDay|[from] ability: Orichalcum Pulse|[of] p2b: Koraidon
|-activate|p2b: Koraidon|Orichalcum Pulse|[source]
|turn|5
|
|t:|1750805246
|move|p2b: Koraidon|Flare Blitz|p1b: Calyrex
|-supereffective|p1b: Calyrex
|-damage|p1b: Calyrex|0 fnt
|faint|p1b: Calyrex
|-damage|p2b: Koraidon|82/100|[from] Recoil
|
|win|VGC Pops
|raw|Melmetalica's rating: 1064 &rarr; <strong>1045</strong><br />(-19 for losing)
|raw|VGC Pops's rating: 1067 &rarr; <strong>1097</strong><br />(+30 for winning)
|l|☆Melmetalica
|player|p1|
