|j|☆danuwu
|j|☆Lewissquire
|t:|1750737448
|gametype|doubles
|player|p1|danuwu|liko|1276
|player|p2|Lewissquire|2|1345
|teamsize|p1|6
|teamsize|p2|6
|gen|9
|tier|[Gen 9] VGC 2025 Reg I
|rated|
|rule|Species Clause: Limit one of each Pokémon
|rule|Item Clause: Limit 1 of each item
|clearpoke
|poke|p1|Whimsicott, L50, M|
|poke|p1|Urshifu-*, L50, M|
|poke|p1|Kyogre, L50|
|poke|p1|Miraidon, L50|
|poke|p1|Incineroar, L50, M|
|poke|p1|Garganacl, L50, M|
|poke|p2|Zamazenta-*, L50|
|poke|p2|Raging Bolt, L50|
|poke|p2|Incineroar, L50, F|
|poke|p2|Rillaboom, L50, M|
|poke|p2|Ogerpon-Hearthflame, L50, F|
|poke|p2|Calyrex-Shadow, L50|
|teampreview|4
|inactive|Battle timer is ON: inactive players will automatically lose when time's up. (requested by danuwu)
|j| empm
|inactive|danuwu has 60 seconds left.
|inactive|Lewissquire has 60 seconds left.
|
|t:|1750737494
|start
|switch|p1a: Incineroar|Incineroar, L50, M|100/100
|switch|p1b: Urshifu|Urshifu-Rapid-Strike, L50, M|100/100
|switch|p2a: Rillaboom|Rillaboom, L50, M|100/100
|switch|p2b: Raging Bolt|Raging Bolt, L50|100/100
|-fieldstart|move: Grassy Terrain|[from] ability: Grassy Surge|[of] p2a: Rillaboom
|-ability|p1a: Incineroar|Intimidate|boost
|-unboost|p2a: Rillaboom|atk|1
|-unboost|p2b: Raging Bolt|atk|1
|-enditem|p2b: Raging Bolt|Booster Energy
|-activate|p2b: Raging Bolt|ability: Protosynthesis|[fromitem]
|-start|p2b: Raging Bolt|protosynthesisspa
|turn|1
|inactive|danuwu has 30 seconds left.
|inactive|Lewissquire has 30 seconds left.
|
|t:|1750737522
|switch|p1b: Miraidon|Miraidon, L50|100/100
|-fieldstart|move: Electric Terrain|[from] ability: Hadron Engine|[of] p1b: Miraidon
|move|p2a: Rillaboom|Fake Out|p1a: Incineroar
|-damage|p1a: Incineroar|91/100
|cant|p1a: Incineroar|flinch
|move|p2b: Raging Bolt|Dragon Pulse|p1b: Miraidon
|-supereffective|p1b: Miraidon
|-damage|p1b: Miraidon|0 fnt
|faint|p1b: Miraidon
|
|upkeep
|
|t:|1750737534
|switch|p1b: Urshifu|Urshifu-Rapid-Strike, L50, M|100/100
|turn|2
|c| empm|what a read
|
|t:|1750737555
|move|p1b: Urshifu|Close Combat|p2b: Raging Bolt
|-damage|p2b: Raging Bolt|46/100
|-unboost|p1b: Urshifu|def|1
|-unboost|p1b: Urshifu|spd|1
|move|p2a: Rillaboom|Wood Hammer|p1b: Urshifu
|-supereffective|p1b: Urshifu
|-damage|p1b: Urshifu|0 fnt
|faint|p1b: Urshifu
|-damage|p2a: Rillaboom|72/100|[from] Recoil
|move|p2b: Raging Bolt|Thunderbolt|p1a: Incineroar
|-damage|p1a: Incineroar|31/100
|-enditem|p1a: Incineroar|Sitrus Berry|[eat]
|-heal|p1a: Incineroar|56/100|[from] item: Sitrus Berry
|move|p1a: Incineroar|Knock Off|p2b: Raging Bolt
|-damage|p2b: Raging Bolt|25/100
|
|upkeep
|
|t:|1750737558
|switch|p1b: Kyogre|Kyogre, L50|100/100
|-weather|RainDance|[from] ability: Drizzle|[of] p1b: Kyogre
|turn|3
|
|t:|1750737579
|move|p1b: Kyogre|Protect|p1b: Kyogre
|-singleturn|p1b: Kyogre|Protect
|move|p2b: Raging Bolt|Protect|p2b: Raging Bolt
|-singleturn|p2b: Raging Bolt|Protect
|move|p2a: Rillaboom|U-turn|p1b: Kyogre
|-activate|p1b: Kyogre|move: Protect
|move|p1a: Incineroar|Will-O-Wisp|p2a: Rillaboom
|-status|p2a: Rillaboom|brn
|
|-weather|RainDance|[upkeep]
|-damage|p2a: Rillaboom|66/100 brn|[from] brn
|upkeep
|turn|4
|l| empm
|inactive|danuwu has 30 seconds left.
|
|t:|1750737606
|-terastallize|p1b: Kyogre|Grass
|move|p2b: Raging Bolt|Thunderclap|p1b: Kyogre
|-resisted|p1b: Kyogre
|-damage|p1b: Kyogre|79/100
|move|p2a: Rillaboom|U-turn|p1b: Kyogre
|-supereffective|p1b: Kyogre
|-damage|p1b: Kyogre|62/100
|
|t:|1750737624
|switch|p2a: Zamazenta|Zamazenta-Crowned, L50|100/100|[from] U-turn
|-ability|p2a: Zamazenta|Dauntless Shield|boost
|-boost|p2a: Zamazenta|def|1
|move|p1b: Kyogre|Water Spout|p2a: Zamazenta|[spread] p2a,p2b
|-resisted|p2b: Raging Bolt
|-damage|p2a: Zamazenta|59/100
|-damage|p2b: Raging Bolt|0 fnt
|faint|p2b: Raging Bolt
|-end|p2b: Raging Bolt|Protosynthesis|[silent]
|move|p1a: Incineroar|Knock Off|p2a: Zamazenta
|-resisted|p2a: Zamazenta
|-crit|p2a: Zamazenta
|-damage|p2a: Zamazenta|50/100
|
|-weather|RainDance|[upkeep]
|-heal|p1b: Kyogre|68/100|[from] item: Leftovers
|upkeep
|
|t:|1750737642
|switch|p2b: Rillaboom|Rillaboom, L50, M|66/100 brn
|-fieldstart|move: Grassy Terrain|[from] ability: Grassy Surge|[of] p2b: Rillaboom
|turn|5
|
|t:|1750737648
|move|p1b: Kyogre|Protect|p1b: Kyogre
|-singleturn|p1b: Kyogre|Protect
|move|p2b: Rillaboom|Fake Out|p1b: Kyogre
|-activate|p1b: Kyogre|move: Protect
|move|p2a: Zamazenta|Body Press|p1a: Incineroar
|-supereffective|p1a: Incineroar
|-damage|p1a: Incineroar|0 fnt
|faint|p1a: Incineroar
|
|-weather|RainDance|[upkeep]
|-heal|p2a: Zamazenta|56/100|[from] Grassy Terrain
|-heal|p2b: Rillaboom|72/100 brn|[from] Grassy Terrain
|-heal|p1b: Kyogre|74/100|[from] Grassy Terrain
|-heal|p1b: Kyogre|80/100|[from] item: Leftovers
|-damage|p2b: Rillaboom|66/100 brn|[from] brn
|upkeep
|turn|6
|
|t:|1750737660
|move|p2a: Zamazenta|Protect|p2a: Zamazenta
|-singleturn|p2a: Zamazenta|Protect
|move|p2b: Rillaboom|U-turn|p1b: Kyogre
|-supereffective|p1b: Kyogre
|-damage|p1b: Kyogre|55/100
|
|t:|1750737682
|switch|p2b: Calyrex|Calyrex-Shadow, L50|100/100|[from] U-turn
|-ability|p2b: Calyrex|As One
|-ability|p2b: Calyrex|Unnerve
|move|p1b: Kyogre|Origin Pulse|p2a: Zamazenta|[spread] p2b
|-activate|p2a: Zamazenta|move: Protect
|-damage|p2b: Calyrex|21/100
|
|-weather|RainDance|[upkeep]
|-heal|p2b: Calyrex|27/100|[from] Grassy Terrain
|-heal|p2a: Zamazenta|62/100|[from] Grassy Terrain
|-heal|p1b: Kyogre|60/100|[from] Grassy Terrain
|-heal|p1b: Kyogre|66/100|[from] item: Leftovers
|upkeep
|turn|7
|
|t:|1750737704
|move|p2a: Zamazenta|Wide Guard|p2a: Zamazenta
|-singleturn|p2a: Zamazenta|Wide Guard
|move|p2b: Calyrex|Astral Barrage|p1b: Kyogre
|-damage|p1b: Kyogre|14/100
|-damage|p2b: Calyrex|17/100|[from] item: Life Orb
|move|p1b: Kyogre|Origin Pulse|p2a: Zamazenta|[spread] 
|-activate|p2a: Zamazenta|move: Wide Guard
|-activate|p2b: Calyrex|move: Wide Guard
|
|-weather|none
|-heal|p2b: Calyrex|23/100|[from] Grassy Terrain
|-heal|p2a: Zamazenta|69/100|[from] Grassy Terrain
|-heal|p1b: Kyogre|20/100|[from] Grassy Terrain
|-heal|p1b: Kyogre|26/100|[from] item: Leftovers
|upkeep
|turn|8
|
|t:|1750737715
|move|p1b: Kyogre|Protect|p1b: Kyogre
|-singleturn|p1b: Kyogre|Protect
|move|p2a: Zamazenta|Wide Guard|p2a: Zamazenta
|-singleturn|p2a: Zamazenta|Wide Guard
|move|p2b: Calyrex|Astral Barrage|p1b: Kyogre
|-activate|p1b: Kyogre|move: Protect
|
|-heal|p2b: Calyrex|29/100|[from] Grassy Terrain
|-heal|p2a: Zamazenta|75/100|[from] Grassy Terrain
|-heal|p1b: Kyogre|32/100|[from] Grassy Terrain
|-heal|p1b: Kyogre|38/100|[from] item: Leftovers
|upkeep
|turn|9
|
|t:|1750737726
|move|p2a: Zamazenta|Wide Guard|p2a: Zamazenta
|-singleturn|p2a: Zamazenta|Wide Guard
|move|p2b: Calyrex|Astral Barrage|p1b: Kyogre
|-damage|p1b: Kyogre|0 fnt
|faint|p1b: Kyogre
|-damage|p2b: Calyrex|20/100|[from] item: Life Orb
|
|win|Lewissquire
|raw|danuwu's rating: 1276 &rarr; <strong>1256</strong><br />(-20 for losing)
|raw|Lewissquire's rating: 1345 &rarr; <strong>1361</strong><br />(+16 for winning)
|l|☆danuwu
|player|p1|
