|j|‽xGSx3ntr0py
|j|☆antisocialwalrus
|t:|1750712976
|gametype|doubles
|player|p1|xGSx3ntr0py|169|1511
|player|p2|antisocialwalrus|dawn|1652
|teamsize|p1|6
|teamsize|p2|6
|gen|9
|tier|[Gen 9] VGC 2025 Reg I
|rated|
|rule|Species Clause: Limit one of each Pokémon
|rule|Item Clause: Limit 1 of each item
|clearpoke
|poke|p1|Calyrex-Ice, L50|
|poke|p1|Smeargle, L50, F|
|poke|p1|Incineroar, L50, M|
|poke|p1|Rillaboom, L50, F|
|poke|p1|Lunala, L50|
|poke|p1|Muk-Alola, L50, F|
|poke|p2|Groudon, L50|
|poke|p2|Calyrex-Ice, L50|
|poke|p2|Jumpluff, L50, M|
|poke|p2|Chi-Yu, L50|
|poke|p2|Raging Bolt, L50|
|poke|p2|Flutter Mane, L50|
|teampreview|4
|inactive|Battle timer is ON: inactive players will automatically lose when time's up. (requested by antisocialwalrus)
|
|t:|1750713081
|start
|switch|p1a: Lunala|Lunala, L50|100/100
|switch|p1b: Incineroar|Incineroar, L50, M|100/100
|switch|p2a: Flutter Mane|Flutter Mane, L50|100/100
|switch|p2b: Calyrex|Calyrex-Ice, L50|100/100
|-ability|p2b: Calyrex|As One
|-ability|p2b: Calyrex|Unnerve
|-ability|p1b: Incineroar|Intimidate|boost
|-unboost|p2a: Flutter Mane|atk|1
|-unboost|p2b: Calyrex|atk|1
|turn|1
|
|t:|1750713098
|-terastallize|p2b: Calyrex|Water
|move|p2a: Flutter Mane|Protect|p2a: Flutter Mane
|-singleturn|p2a: Flutter Mane|Protect
|move|p1a: Lunala|Moonblast|p2a: Flutter Mane
|-activate|p2a: Flutter Mane|move: Protect
|move|p1b: Incineroar|Knock Off|p2a: Flutter Mane
|-activate|p2a: Flutter Mane|move: Protect
|move|p2b: Calyrex|Leech Seed|p1a: Lunala
|-start|p1a: Lunala|move: Leech Seed
|
|-damage|p1a: Lunala|88/100|[from] Leech Seed|[of] p2b: Calyrex
|upkeep
|turn|2
|
|t:|1750713110
|switch|p1a: Calyrex|Calyrex-Ice, L50|100/100
|-ability|p1a: Calyrex|As One
|-ability|p1a: Calyrex|Unnerve
|move|p2a: Flutter Mane|Shadow Ball|p1a: Calyrex
|-supereffective|p1a: Calyrex
|-damage|p1a: Calyrex|48/100
|move|p1b: Incineroar|Parting Shot|p2a: Flutter Mane
|-unboost|p2a: Flutter Mane|atk|1
|-unboost|p2a: Flutter Mane|spa|1
|
|t:|1750713122
|switch|p1b: Lunala|Lunala, L50|88/100|[from] Parting Shot
|move|p2b: Calyrex|Leech Seed|p1b: Lunala
|-start|p1b: Lunala|move: Leech Seed
|
|-heal|p1b: Lunala|94/100|[from] item: Leftovers
|-damage|p1b: Lunala|82/100|[from] Leech Seed|[of] p2b: Calyrex
|upkeep
|turn|3
|inactive|xGSx3ntr0py has 30 seconds left.
|
|t:|1750713150
|switch|p1b: Smeargle|Smeargle, L50, F|100/100
|-terastallize|p1a: Calyrex|Water
|move|p2a: Flutter Mane|Protect|p2a: Flutter Mane
|-singleturn|p2a: Flutter Mane|Protect
|move|p2b: Calyrex|Imprison|p2b: Calyrex
|-start|p2b: Calyrex|move: Imprison
|move|p1a: Calyrex|Crunch|p2a: Flutter Mane
|-activate|p2a: Flutter Mane|move: Protect
|
|-ability|p1b: Smeargle|Moody|boost
|-boost|p1b: Smeargle|def|2
|-unboost|p1b: Smeargle|atk|1
|upkeep
|turn|4
|
|t:|1750713164
|move|p2a: Flutter Mane|Moonblast|p1b: Smeargle
|-damage|p1b: Smeargle|45/100
|move|p1a: Calyrex|Crunch|p2a: Flutter Mane
|-damage|p2a: Flutter Mane|29/100
|-unboost|p2a: Flutter Mane|def|1
|move|p2b: Calyrex|Glacial Lance|p1b: Smeargle|[spread] p1a,p1b
|-resisted|p1a: Calyrex
|-damage|p1a: Calyrex|38/100
|-damage|p1b: Smeargle|17/100
|move|p1b: Smeargle|Spore|p2b: Calyrex
|-status|p2b: Calyrex|slp|[from] move: Spore
|
|-ability|p1b: Smeargle|Moody|boost
|-boost|p1b: Smeargle|spa|2
|-unboost|p1b: Smeargle|spd|1
|upkeep
|turn|5
|
|t:|1750713180
|switch|p1b: Incineroar|Incineroar, L50, M|100/100
|-ability|p1b: Incineroar|Intimidate|boost
|-unboost|p2a: Flutter Mane|atk|1
|-unboost|p2b: Calyrex|atk|1
|move|p2a: Flutter Mane|Protect|p2a: Flutter Mane
|-singleturn|p2a: Flutter Mane|Protect
|cant|p2b: Calyrex|slp
|move|p1a: Calyrex|Crunch|p2a: Flutter Mane
|-activate|p2a: Flutter Mane|move: Protect
|
|upkeep
|turn|6
|
|t:|1750713193
|move|p1a: Calyrex|Protect|p1a: Calyrex
|-singleturn|p1a: Calyrex|Protect
|move|p2a: Flutter Mane|Moonblast|p1b: Incineroar
|-damage|p1b: Incineroar|77/100
|move|p1b: Incineroar|Parting Shot|p2a: Flutter Mane
|-unboost|p2a: Flutter Mane|atk|1
|-unboost|p2a: Flutter Mane|spa|1
|
|t:|1750713202
|switch|p1b: Smeargle|Smeargle, L50, F|17/100|[from] Parting Shot
|cant|p2b: Calyrex|slp
|
|-ability|p1b: Smeargle|Moody|boost
|-boost|p1b: Smeargle|atk|2
|-unboost|p1b: Smeargle|spd|1
|upkeep
|turn|7
|
|t:|1750713213
|move|p1b: Smeargle|Spiky Shield|p1b: Smeargle
|-singleturn|p1b: Smeargle|move: Protect
|move|p2a: Flutter Mane|Moonblast|p1b: Smeargle
|-activate|p1b: Smeargle|move: Protect
|-curestatus|p2b: Calyrex|slp|[msg]
|move|p2b: Calyrex|Leech Seed|p1a: Calyrex
|-start|p1a: Calyrex|move: Leech Seed
|move|p1a: Calyrex|Crunch|p2a: Flutter Mane
|-damage|p2a: Flutter Mane|0 fnt
|faint|p2a: Flutter Mane
|-end|p2a: Flutter Mane|Protosynthesis|[silent]
|-ability|p1a: Calyrex|Chilling Neigh|boost
|-boost|p1a: Calyrex|atk|1
|
|-damage|p1a: Calyrex|26/100|[from] Leech Seed|[of] p2b: Calyrex
|-ability|p1b: Smeargle|Moody|boost
|-boost|p1b: Smeargle|spd|2
|-unboost|p1b: Smeargle|atk|1
|upkeep
|
|t:|1750713226
|switch|p2a: Chi-Yu|Chi-Yu, L50|100/100
|-ability|p2a: Chi-Yu|Beads of Ruin
|turn|8
|
|t:|1750713233
|move|p1b: Smeargle|Wide Guard|p1b: Smeargle
|-singleturn|p1b: Smeargle|Wide Guard
|move|p2a: Chi-Yu|Heat Wave|p1b: Smeargle|[spread] 
|-activate|p1a: Calyrex|move: Wide Guard
|-activate|p1b: Smeargle|move: Wide Guard
|move|p1a: Calyrex|Crunch|p2b: Calyrex
|-damage|p2b: Calyrex|72/100
|-unboost|p2b: Calyrex|def|1
|move|p2b: Calyrex|Glacial Lance|p1a: Calyrex|[spread] 
|-activate|p1a: Calyrex|move: Wide Guard
|-activate|p1b: Smeargle|move: Wide Guard
|
|-damage|p1a: Calyrex|14/100|[from] Leech Seed|[of] p2b: Calyrex
|-heal|p2b: Calyrex|84/100|[silent]
|-ability|p1b: Smeargle|Moody|boost
|-boost|p1b: Smeargle|spa|2
|-unboost|p1b: Smeargle|def|1
|upkeep
|turn|9
|
|t:|1750713251
|switch|p2a: Groudon|Groudon, L50|100/100
|-weather|SunnyDay|[from] ability: Drought|[of] p2a: Groudon
|switch|p1a: Incineroar|Incineroar, L50, M|77/100
|-ability|p1a: Incineroar|Intimidate|boost
|-unboost|p2a: Groudon|atk|1
|-unboost|p2b: Calyrex|atk|1
|move|p1b: Smeargle|Wide Guard|p1b: Smeargle
|-singleturn|p1b: Smeargle|Wide Guard
|move|p2b: Calyrex|Leech Seed|p1b: Smeargle
|-start|p1b: Smeargle|move: Leech Seed
|
|-weather|SunnyDay|[upkeep]
|-damage|p1b: Smeargle|4/100|[from] Leech Seed|[of] p2b: Calyrex
|-heal|p2b: Calyrex|93/100|[silent]
|-ability|p1b: Smeargle|Moody|boost
|-boost|p1b: Smeargle|def|2
|-unboost|p1b: Smeargle|spd|1
|upkeep
|turn|10
|
|t:|1750713270
|switch|p2b: Chi-Yu|Chi-Yu, L50|100/100
|-ability|p2b: Chi-Yu|Beads of Ruin
|switch|p1b: Lunala|Lunala, L50|82/100
|move|p1a: Incineroar|Fake Out|p2a: Groudon
|-crit|p2a: Groudon
|-damage|p2a: Groudon|91/100
|cant|p2a: Groudon|flinch
|
|-weather|SunnyDay|[upkeep]
|-heal|p1b: Lunala|88/100|[from] item: Leftovers
|upkeep
|turn|11
|
|t:|1750713284
|switch|p1a: Calyrex|Calyrex-Ice, L50, tera:Water|14/100
|-ability|p1a: Calyrex|As One
|-ability|p1a: Calyrex|Unnerve
|move|p1b: Lunala|Protect|p1b: Lunala
|-singleturn|p1b: Lunala|Protect
|move|p2b: Chi-Yu|Dark Pulse|p1b: Lunala
|-activate|p1b: Lunala|move: Protect
|move|p2a: Groudon|Precipice Blades|p1a: Calyrex|[spread] p1a
|-activate|p1b: Lunala|move: Protect
|-damage|p1a: Calyrex|0 fnt
|faint|p1a: Calyrex
|
|-weather|SunnyDay|[upkeep]
|-heal|p1b: Lunala|94/100|[from] item: Leftovers
|upkeep
|
|t:|1750713298
|switch|p1a: Incineroar|Incineroar, L50, M|77/100
|-ability|p1a: Incineroar|Intimidate|boost
|-unboost|p2a: Groudon|atk|1
|-unboost|p2b: Chi-Yu|atk|1
|turn|12
|
|t:|1750713308
|switch|p2b: Calyrex|Calyrex-Ice, L50, tera:Water|93/100
|-ability|p2b: Calyrex|As One
|-ability|p2b: Calyrex|Unnerve
|move|p1a: Incineroar|Fake Out|p2b: Calyrex
|-damage|p2b: Calyrex|87/100
|move|p2a: Groudon|Heat Crash|p1b: Lunala
|-damage|p1b: Lunala|64/100
|move|p1b: Lunala|Trick Room|p1b: Lunala
|-fieldstart|move: Trick Room|[of] p1b: Lunala
|
|-weather|SunnyDay|[upkeep]
|-heal|p1b: Lunala|70/100|[from] item: Leftovers
|upkeep
|turn|13
|
|t:|1750713322
|move|p2b: Calyrex|Glacial Lance|p1a: Incineroar|[spread] p1a,p1b
|-resisted|p1a: Incineroar
|-damage|p1a: Incineroar|50/100
|-damage|p1b: Lunala|30/100
|move|p1a: Incineroar|Will-O-Wisp|p2a: Groudon
|-status|p2a: Groudon|brn
|move|p2a: Groudon|Precipice Blades|p1a: Incineroar|[spread] p1b
|-miss|p2a: Groudon|p1a: Incineroar
|-damage|p1b: Lunala|19/100
|move|p1b: Lunala|Moonblast|p2b: Calyrex
|-damage|p2b: Calyrex|66/100
|
|-weather|none
|-heal|p1b: Lunala|25/100|[from] item: Leftovers
|-damage|p2a: Groudon|85/100 brn|[from] brn
|upkeep
|turn|14
|
|t:|1750713339
|move|p1b: Lunala|Protect|p1b: Lunala
|-singleturn|p1b: Lunala|Protect
|move|p2b: Calyrex|Leech Seed|p1a: Incineroar
|-start|p1a: Incineroar|move: Leech Seed
|move|p1a: Incineroar|Parting Shot|p2b: Calyrex
|-unboost|p2b: Calyrex|atk|1
|-unboost|p2b: Calyrex|spa|1
|
|t:|1750713346
|switch|p1a: Smeargle|Smeargle, L50, F|4/100|[from] Parting Shot
|move|p2a: Groudon|Heat Crash|p1b: Lunala
|-activate|p1b: Lunala|move: Protect
|
|-heal|p1b: Lunala|31/100|[from] item: Leftovers
|-damage|p2a: Groudon|79/100 brn|[from] brn
|-ability|p1a: Smeargle|Moody|boost
|-boost|p1a: Smeargle|atk|2
|-unboost|p1a: Smeargle|spe|1
|upkeep
|turn|15
|
|t:|1750713361
|switch|p1a: Incineroar|Incineroar, L50, M|50/100
|-ability|p1a: Incineroar|Intimidate|boost
|-unboost|p2a: Groudon|atk|1
|-unboost|p2b: Calyrex|atk|1
|move|p2b: Calyrex|Leech Seed|p1b: Lunala
|-start|p1b: Lunala|move: Leech Seed
|move|p2a: Groudon|Heat Crash|p1a: Incineroar
|-resisted|p1a: Incineroar
|-damage|p1a: Incineroar|45/100
|move|p1b: Lunala|Moonblast|p2b: Calyrex
|-damage|p2b: Calyrex|43/100
|-enditem|p2b: Calyrex|Sitrus Berry|[eat]
|-heal|p2b: Calyrex|68/100|[from] item: Sitrus Berry
|
|-heal|p1b: Lunala|37/100|[from] item: Leftovers
|-damage|p1b: Lunala|25/100|[from] Leech Seed|[of] p2b: Calyrex
|-heal|p2b: Calyrex|83/100|[silent]
|-damage|p2a: Groudon|73/100 brn|[from] brn
|upkeep
|turn|16
|
|t:|1750713382
|switch|p1b: Smeargle|Smeargle, L50, F|4/100
|move|p2b: Calyrex|Glacial Lance|p1b: Smeargle|[spread] p1a,p1b
|-resisted|p1a: Incineroar
|-damage|p1a: Incineroar|31/100
|-damage|p1b: Smeargle|0 fnt
|faint|p1b: Smeargle
|-ability|p2b: Calyrex|Chilling Neigh|boost
|-boost|p2b: Calyrex|atk|1
|move|p1a: Incineroar|Parting Shot|p2b: Calyrex
|-unboost|p2b: Calyrex|atk|1
|-unboost|p2b: Calyrex|spa|1
|
|t:|1750713394
|switch|p1a: Lunala|Lunala, L50|25/100|[from] Parting Shot
|move|p2a: Groudon|Precipice Blades|p1a: Lunala|[miss]
|-miss|p2a: Groudon|p1a: Lunala
|
|-heal|p1a: Lunala|31/100|[from] item: Leftovers
|-damage|p2a: Groudon|68/100 brn|[from] brn
|-fieldend|move: Trick Room
|upkeep
|
|t:|1750713399
|switch|p1b: Incineroar|Incineroar, L50, M|31/100
|-ability|p1b: Incineroar|Intimidate|boost
|-unboost|p2a: Groudon|atk|1
|-unboost|p2b: Calyrex|atk|1
|turn|17
|
|t:|1750713410
|switch|p2a: Chi-Yu|Chi-Yu, L50|100/100
|-ability|p2a: Chi-Yu|Beads of Ruin
|move|p1b: Incineroar|Fake Out|p2b: Calyrex
|-crit|p2b: Calyrex
|-damage|p2b: Calyrex|72/100
|cant|p2b: Calyrex|flinch
|move|p1a: Lunala|Trick Room|p1a: Lunala
|-fieldstart|move: Trick Room|[of] p1a: Lunala
|
|-heal|p1a: Lunala|37/100|[from] item: Leftovers
|upkeep
|turn|18
|
|t:|1750713423
|move|p2b: Calyrex|Glacial Lance|p1b: Incineroar|[spread] p1a,p1b
|-resisted|p1b: Incineroar
|-damage|p1a: Lunala|20/100
|-damage|p1b: Incineroar|21/100
|move|p1b: Incineroar|Knock Off|p2a: Chi-Yu
|-resisted|p2a: Chi-Yu
|-damage|p2a: Chi-Yu|70/100
|-enditem|p2a: Chi-Yu|Choice Scarf|[from] move: Knock Off|[of] p1b: Incineroar
|move|p1a: Lunala|Moonblast|p2a: Chi-Yu
|-crit|p2a: Chi-Yu
|-damage|p2a: Chi-Yu|5/100
|-unboost|p2a: Chi-Yu|spa|1
|move|p2a: Chi-Yu|Dark Pulse|p1a: Lunala
|-supereffective|p1a: Lunala
|-damage|p1a: Lunala|0 fnt
|faint|p1a: Lunala
|
|upkeep
|turn|19
|-message|xGSx3ntr0py forfeited.
|
|win|antisocialwalrus
|raw|xGSx3ntr0py's rating: 1511 &rarr; <strong>1499</strong><br />(-12 for losing)
|raw|antisocialwalrus's rating: 1652 &rarr; <strong>1664</strong><br />(+12 for winning)
|l|‽xGSx3ntr0py
|player|p1|
