|j|☆lance2083
|j|☆Highlow07
|t:|1750812132
|gametype|doubles
|player|p1|lance2083|1|1096
|player|p2|Highlow07|dawn|1013
|teamsize|p1|6
|teamsize|p2|6
|gen|9
|tier|[Gen 9] VGC 2025 Reg I
|rated|
|rule|Species Clause: Limit one of each Pokémon
|rule|Item Clause: Limit 1 of each item
|clearpoke
|poke|p1|Miraidon, L50|
|poke|p1|Calyrex-Shadow, L50|
|poke|p1|Politoed, L50, M|
|poke|p1|Archaludon, L50, M|
|poke|p1|Gothitelle, L50, F|
|poke|p1|Tornadus, L50, M|
|poke|p2|Terapagos, L50, M|
|poke|p2|Spiritomb, L50, M|
|poke|p2|Incineroar, L50, M|
|poke|p2|Ogerpon-Wellspring, L50, F|
|poke|p2|Zamazenta-*, L50|
|poke|p2|Ting-Lu, L50|
|teampreview|4
|inactive|Battle timer is ON: inactive players will automatically lose when time's up. (requested by Highlow07)
Highlow07 rejected open team sheets.
|inactive|lance2083 has 60 seconds left.
|
|t:|1750812195
|start
|switch|p1a: bridge|Archaludon, L50, M, shiny|100/100
|switch|p1b: bird thing?|Tornadus, L50, M|100/100
|switch|p2a: Spiritomb|Spiritomb, L50, M|100/100
|switch|p2b: Terapagos|Terapagos, L50, M|100/100
|-activate|p2b: Terapagos|ability: Tera Shift
|detailschange|p2b: Terapagos|Terapagos-Terastal, L50, M
|-heal|p2b: Terapagos|100/100|[silent]
|-ability|p2a: Spiritomb|Pressure
|turn|1
|
|t:|1750812211
|move|p1b: bird thing?|Taunt|p2b: Terapagos
|-start|p2b: Terapagos|move: Taunt
|cant|p2b: Terapagos|move: Taunt|Calm Mind
|move|p1a: bridge|Flash Cannon|p2b: Terapagos
|-activate|p2b: Terapagos|ability: Tera Shell
|-resisted|p2b: Terapagos
|-damage|p2b: Terapagos|82/100
|move|p2a: Spiritomb|Will-O-Wisp|p1a: bridge
|-status|p1a: bridge|brn
|
|-damage|p1a: bridge|94/100 brn|[from] brn
|upkeep
|turn|2
|c|☆lance2083|glhf
|c|☆lance2083|its a special attacker...
|
|t:|1750812236
|switch|p2b: Incineroar|Incineroar, L50, M|100/100
|-ability|p2b: Incineroar|Intimidate|boost
|-unboost|p1a: bridge|atk|1
|-unboost|p1b: bird thing?|atk|1
|move|p1b: bird thing?|Rain Dance|p1b: bird thing?
|-weather|RainDance
|move|p1a: bridge|Electro Shot||[still]
|-prepare|p1a: bridge|Electro Shot
|-boost|p1a: bridge|spa|1
|-anim|p1a: bridge|Electro Shot|p2b: Incineroar
|-damage|p2b: Incineroar|34/100
|move|p2a: Spiritomb|Trick Room|p2a: Spiritomb
|-fieldstart|move: Trick Room|[of] p2a: Spiritomb
|
|-weather|RainDance|[upkeep]
|-damage|p1a: bridge|88/100 brn|[from] brn
|upkeep
|turn|3
|
|t:|1750812252
|move|p2b: Incineroar|Fake Out|p1a: bridge
|-resisted|p1a: bridge
|-damage|p1a: bridge|83/100 brn
|move|p2a: Spiritomb|Snarl|p1a: bridge|[spread] p1a,p1b
|-damage|p1a: bridge|68/100 brn
|-damage|p1b: bird thing?|88/100
|-unboost|p1a: bridge|spa|1
|-unboost|p1b: bird thing?|spa|1
|cant|p1a: bridge|flinch
|move|p1b: bird thing?|Bleakwind Storm|p2b: Incineroar|[spread] p2a,p2b
|-crit|p2a: Spiritomb
|-damage|p2a: Spiritomb|57/100
|-damage|p2b: Incineroar|16/100
|-unboost|p2a: Spiritomb|spe|1
|-enditem|p2b: Incineroar|Iapapa Berry|[eat]
|-heal|p2b: Incineroar|49/100|[from] item: Iapapa Berry
|
|-weather|RainDance|[upkeep]
|-damage|p1a: bridge|62/100 brn|[from] brn
|upkeep
|turn|4
|
|t:|1750812267
|move|p2a: Spiritomb|Snarl|p1b: bird thing?|[spread] p1a,p1b
|-damage|p1a: bridge|47/100 brn
|-damage|p1b: bird thing?|74/100
|-unboost|p1a: bridge|spa|1
|-unboost|p1b: bird thing?|spa|1
|move|p2b: Incineroar|Parting Shot|p1a: bridge
|-unboost|p1a: bridge|atk|1
|-unboost|p1a: bridge|spa|1
|
|t:|1750812275
|switch|p2b: Terapagos|Terapagos-Terastal, L50, M|82/100|[from] Parting Shot
|move|p1a: bridge|Electro Shot||[still]
|-prepare|p1a: bridge|Electro Shot
|-boost|p1a: bridge|spa|1
|-anim|p1a: bridge|Electro Shot|p2a: Spiritomb
|-damage|p2a: Spiritomb|27/100
|-enditem|p2a: Spiritomb|Sitrus Berry|[eat]
|-heal|p2a: Spiritomb|52/100|[from] item: Sitrus Berry
|move|p1b: bird thing?|Bleakwind Storm|p2a: Spiritomb|[spread] p2a,p2b
|-damage|p2a: Spiritomb|37/100
|-damage|p2b: Terapagos|68/100
|
|-weather|RainDance|[upkeep]
|-damage|p1a: bridge|41/100 brn|[from] brn
|upkeep
|turn|5
|c|☆lance2083|what did he do for you to double him
|
|t:|1750812292
|switch|p2a: Incineroar|Incineroar, L50, M|49/100
|-ability|p2a: Incineroar|Intimidate|boost
|-unboost|p1a: bridge|atk|1
|-unboost|p1b: bird thing?|atk|1
|move|p2b: Terapagos|Protect|p2b: Terapagos
|-singleturn|p2b: Terapagos|Protect
|move|p1a: bridge|Protect|p1a: bridge
|-singleturn|p1a: bridge|Protect
|move|p1b: bird thing?|Taunt|p2b: Terapagos
|-activate|p2b: Terapagos|move: Protect
|
|-weather|RainDance|[upkeep]
|-damage|p1a: bridge|35/100 brn|[from] brn
|upkeep
|turn|6
|
|t:|1750812309
|switch|p2b: Spiritomb|Spiritomb, L50, M|37/100
|-ability|p2b: Spiritomb|Pressure
|move|p1b: bird thing?|Taunt|p2b: Spiritomb
|-hint|Since gen 7, Dark is immune to Prankster moves.
|-immune|p2b: Spiritomb
|move|p2a: Incineroar|Flare Blitz|p1a: bridge
|-damage|p1a: bridge|9/100 brn
|-damage|p2a: Incineroar|42/100|[from] Recoil
|move|p1a: bridge|Electro Shot||[still]
|-prepare|p1a: bridge|Electro Shot
|-boost|p1a: bridge|spa|1
|-anim|p1a: bridge|Electro Shot|p2b: Spiritomb
|-damage|p2b: Spiritomb|0 fnt
|faint|p2b: Spiritomb
|
|-weather|RainDance|[upkeep]
|-damage|p1a: bridge|3/100 brn|[from] brn
|-fieldend|move: Trick Room
|upkeep
|c|☆lance2083|no more tr for you
|
|t:|1750812328
|switch|p2b: Terapagos|Terapagos-Terastal, L50, M|68/100
|turn|7
|
|t:|1750812342
|move|p2b: Terapagos|Protect|p2b: Terapagos
|-singleturn|p2b: Terapagos|Protect
|move|p1b: bird thing?|Tailwind|p1b: bird thing?
|-sidestart|p1: lance2083|move: Tailwind
|move|p1a: bridge|Draco Meteor|p2b: Terapagos
|-activate|p2b: Terapagos|move: Protect
|move|p2a: Incineroar|Knock Off|p1b: bird thing?
|-damage|p1b: bird thing?|14/100
|-enditem|p1b: bird thing?|Damp Rock|[from] move: Knock Off|[of] p2a: Incineroar
|
|-weather|RainDance|[upkeep]
|-damage|p1a: bridge|0 fnt|[from] brn
|faint|p1a: bridge
|upkeep
|
|t:|1750812345
|switch|p1a: Miraidon|Miraidon, L50|100/100
|-fieldstart|move: Electric Terrain|[from] ability: Hadron Engine|[of] p1a: Miraidon
|turn|8
|inactive|Highlow07 has 30 seconds left.
|inactive|Highlow07 has 20 seconds left.
|
|t:|1750812383
|switch|p1b: pog frog|Politoed, L50, M, shiny|100/100
|switch|p2b: Ogerpon|Ogerpon-Wellspring, L50, F|100/100
|move|p1a: Miraidon|Electro Drift|p2b: Ogerpon
|-damage|p2b: Ogerpon|0 fnt
|faint|p2b: Ogerpon
|move|p2a: Incineroar|Knock Off|p1a: Miraidon
|-damage|p1a: Miraidon|54/100
|-enditem|p1a: Miraidon|Choice Specs|[from] move: Knock Off|[of] p2a: Incineroar
|
|-weather|RainDance|[upkeep]
|upkeep
|
|t:|1750812393
|switch|p2b: Terapagos|Terapagos-Terastal, L50, M|68/100
|turn|9
|c|☆lance2083|thx bro
|inactive|lance2083 has 30 seconds left.
|
|t:|1750812420
|-terastallize|p2b: Terapagos|Stellar
|detailschange|p2b: Terapagos|Terapagos-Stellar, L50, M, tera:Stellar
|-heal|p2b: Terapagos|76/100|[silent]
|-ability|p2b: Terapagos|Teraform Zero
|-weather|none
|-fieldend|move: Electric Terrain
|move|p1a: Miraidon|Volt Switch|p2b: Terapagos
|-damage|p2b: Terapagos|52/100
|
|t:|1750812423
|switch|p1a: bird thing?|Tornadus, L50, M|14/100|[from] Volt Switch
|move|p1b: pog frog|Weather Ball|p2a: Incineroar
|-damage|p2a: Incineroar|32/100
|move|p2b: Terapagos|Tera Starstorm|p1b: pog frog|[spread] p1a,p1b
|-damage|p1a: bird thing?|0 fnt
|-damage|p1b: pog frog|77/100
|faint|p1a: bird thing?
|move|p2a: Incineroar|Knock Off|p1b: pog frog
|-damage|p1b: pog frog|19/100
|-enditem|p1b: pog frog|Sitrus Berry|[from] move: Knock Off|[of] p2a: Incineroar
|
|upkeep
|
|t:|1750812424
|switch|p1a: Miraidon|Miraidon, L50|54/100
|-fieldstart|move: Electric Terrain|[from] ability: Hadron Engine|[of] p1a: Miraidon
|turn|10
|inactive|Highlow07 has 30 seconds left.
|
|t:|1750812456
|-terastallize|p1a: Miraidon|Electric
|move|p1b: pog frog|Helping Hand|p1a: Miraidon
|-singleturn|p1a: Miraidon|Helping Hand|[of] p1b: pog frog
|move|p2b: Terapagos|Protect|p2b: Terapagos
|-singleturn|p2b: Terapagos|Protect
|move|p1a: Miraidon|Electro Drift|p2b: Terapagos
|-activate|p2b: Terapagos|move: Protect
|move|p2a: Incineroar|Knock Off|p1b: pog frog
|-damage|p1b: pog frog|0 fnt
|faint|p1b: pog frog
|
|-sideend|p1: lance2083|move: Tailwind
|upkeep
|turn|11
|c|☆lance2083|bro just play
|
|t:|1750812472
|move|p1a: Miraidon|Electro Drift|p2b: Terapagos
|-damage|p2b: Terapagos|0 fnt
|faint|p2b: Terapagos
|detailschange|p2: Terapagos|Terapagos, L50, M|[silent]
|move|p2a: Incineroar|Flare Blitz|p1a: Miraidon
|-damage|p1a: Miraidon|0 fnt
|faint|p1a: Miraidon
|-damage|p2a: Incineroar|17/100|[from] Recoil
|
|win|Highlow07
|raw|lance2083's rating: 1065 &rarr; <strong>1042</strong><br />(-23 for losing)
|raw|Highlow07's rating: 1013 &rarr; <strong>1057</strong><br />(+44 for winning)
|c|☆lance2083|it aint that deep
|c|☆lance2083|GGWP
|c|☆Highlow07|GG
|l|☆lance2083
|player|p1|
