|j|☆joshimitsu
|j|☆Poppledinger
|t:|1750773675
|gametype|doubles
|player|p1|joshimitsu|dragontamer|1275
|player|p2|Poppledinger|hiker-gen4|1342
|teamsize|p1|6
|teamsize|p2|6
|gen|9
|tier|[Gen 9] VGC 2025 Reg I
|rated|
|rule|Species Clause: Limit one of each Pokémon
|rule|Item Clause: Limit 1 of each item
|clearpoke
|poke|p1|Ho-Oh, L50|
|poke|p1|Koraidon, L50|
|poke|p1|Scream Tail, L50|
|poke|p1|Kingambit, L50, F|
|poke|p1|Raging Bolt, L50|
|poke|p1|Flutter Mane, L50|
|poke|p2|Calyrex-Shadow, L50|
|poke|p2|Zamazenta-*, L50|
|poke|p2|Amoonguss, L50, F|
|poke|p2|Urshifu-*, L50, M|
|poke|p2|Rillaboom, L50, F|
|poke|p2|Incineroar, L50, F|
|teampreview|4
|
|t:|1750773714
|start
|switch|p1a: Kingambit|Kingambit, L50, F|100/100
|switch|p1b: Ho-Oh|Ho-Oh, L50|100/100
|switch|p2a: Calyrex|Calyrex-Shadow, L50|100/100
|switch|p2b: Incineroar|Incineroar, L50, F|100/100
|-ability|p2a: Calyrex|As One
|-ability|p2a: Calyrex|Unnerve
|-ability|p2b: Incineroar|Intimidate|boost
|-unboost|p1a: Kingambit|atk|1
|-ability|p1a: Kingambit|Defiant|boost
|-boost|p1a: Kingambit|atk|2
|-fail|p1b: Ho-Oh|unboost|[from] item: Clear Amulet|[of] p1b: Ho-Oh
|turn|1
|
|t:|1750773747
|move|p2b: Incineroar|Fake Out|p1a: Kingambit
|-resisted|p1a: Kingambit
|-damage|p1a: Kingambit|96/100
|move|p2a: Calyrex|Astral Barrage|p1b: Ho-Oh|[spread] p1a,p1b
|-resisted|p1a: Kingambit
|-damage|p1a: Kingambit|66/100
|-damage|p1b: Ho-Oh|58/100
|-damage|p2a: Calyrex|91/100|[from] item: Life Orb
|move|p1b: Ho-Oh|Tailwind|p1b: Ho-Oh
|-sidestart|p1: joshimitsu|move: Tailwind
|cant|p1a: Kingambit|flinch
|
|upkeep
|turn|2
|
|t:|1750773797
|move|p2a: Calyrex|Protect|p2a: Calyrex
|-singleturn|p2a: Calyrex|Protect
|move|p1b: Ho-Oh|Sacred Fire|p2a: Calyrex
|-activate|p2a: Calyrex|move: Protect
|move|p1a: Kingambit|Kowtow Cleave|p2a: Calyrex
|-activate|p2a: Calyrex|move: Protect
|move|p2b: Incineroar|Will-O-Wisp|p1a: Kingambit
|-status|p1a: Kingambit|brn
|
|-damage|p1a: Kingambit|60/100 brn|[from] brn
|upkeep
|turn|3
|
|t:|1750773818
|move|p1b: Ho-Oh|Sacred Fire|p2a: Calyrex
|-damage|p2a: Calyrex|33/100
|-status|p2a: Calyrex|brn
|move|p2a: Calyrex|Astral Barrage|p1b: Ho-Oh|[spread] p1a,p1b
|-resisted|p1a: Kingambit
|-damage|p1a: Kingambit|29/100 brn
|-damage|p1b: Ho-Oh|17/100
|-damage|p2a: Calyrex|24/100 brn|[from] item: Life Orb
|move|p1a: Kingambit|Kowtow Cleave|p2a: Calyrex
|-supereffective|p2a: Calyrex
|-damage|p2a: Calyrex|0 fnt
|faint|p2a: Calyrex
|move|p2b: Incineroar|Knock Off|p1b: Ho-Oh
|-damage|p1b: Ho-Oh|0 fnt
|-enditem|p1b: Ho-Oh|Clear Amulet|[from] move: Knock Off|[of] p2b: Incineroar
|faint|p1b: Ho-Oh
|
|-damage|p1a: Kingambit|24/100 brn|[from] brn
|upkeep
|
|t:|1750773845
|switch|p2a: Amoonguss|Amoonguss, L50, F|100/100
|switch|p1b: Scream Tail|Scream Tail, L50|100/100
|-enditem|p1b: Scream Tail|Booster Energy
|-activate|p1b: Scream Tail|ability: Protosynthesis|[fromitem]
|-start|p1b: Scream Tail|protosynthesisspe
|turn|4
|
|t:|1750773857
|move|p1b: Scream Tail|Protect|p1b: Scream Tail
|-singleturn|p1b: Scream Tail|Protect
|move|p1a: Kingambit|Kowtow Cleave|p2a: Amoonguss
|-damage|p2a: Amoonguss|68/100
|-damage|p1a: Kingambit|7/100 brn|[from] item: Rocky Helmet|[of] p2a: Amoonguss
|move|p2b: Incineroar|Parting Shot|p1b: Scream Tail
|-activate|p1b: Scream Tail|move: Protect
|move|p2a: Amoonguss|Spore|p1b: Scream Tail
|-activate|p1b: Scream Tail|move: Protect
|
|-damage|p1a: Kingambit|1/100 brn|[from] brn
|-sideend|p1: joshimitsu|move: Tailwind
|upkeep
|turn|5
|
|t:|1750773883
|move|p1b: Scream Tail|Disable|p2a: Amoonguss
|-start|p2a: Amoonguss|Disable|Spore
|move|p2b: Incineroar|Parting Shot|p1b: Scream Tail
|-unboost|p1b: Scream Tail|atk|1
|-unboost|p1b: Scream Tail|spa|1
|
|t:|1750773889
|switch|p2b: Urshifu|Urshifu-Rapid-Strike, L50, M|100/100|[from] Parting Shot
|move|p1a: Kingambit|Kowtow Cleave|p2a: Amoonguss
|-damage|p2a: Amoonguss|34/100
|-damage|p1a: Kingambit|0 fnt|[from] item: Rocky Helmet|[of] p2a: Amoonguss
|faint|p1a: Kingambit
|cant|p2a: Amoonguss|Disable|Spore
|
|upkeep
|
|t:|1750773899
|switch|p1a: Koraidon|Koraidon, L50|100/100
|-weather|SunnyDay|[from] ability: Orichalcum Pulse|[of] p1a: Koraidon
|-activate|p1a: Koraidon|Orichalcum Pulse|[source]
|turn|6
|
|t:|1750773920
|-terastallize|p2b: Urshifu|Water
|move|p2a: Amoonguss|Rage Powder|p2a: Amoonguss
|-singleturn|p2a: Amoonguss|move: Rage Powder
|move|p2b: Urshifu|Surging Strikes|p1a: Koraidon
|-resisted|p1a: Koraidon
|-crit|p1a: Koraidon
|-damage|p1a: Koraidon|94/100
|-resisted|p1a: Koraidon
|-crit|p1a: Koraidon
|-damage|p1a: Koraidon|87/100
|-resisted|p1a: Koraidon
|-crit|p1a: Koraidon
|-damage|p1a: Koraidon|80/100
|-hitcount|p1a: Koraidon|3
|move|p1b: Scream Tail|Dazzling Gleam|p2a: Amoonguss|[spread] p2a,p2b
|-resisted|p2a: Amoonguss
|-crit|p2a: Amoonguss
|-damage|p2a: Amoonguss|24/100
|-damage|p2b: Urshifu|85/100
|move|p1a: Koraidon|Dragon Claw|p2a: Amoonguss
|-damage|p2a: Amoonguss|0 fnt
|-damage|p1a: Koraidon|64/100|[from] item: Rocky Helmet|[of] p2a: Amoonguss
|faint|p2a: Amoonguss
|-damage|p1a: Koraidon|54/100|[from] item: Life Orb
|
|-weather|SunnyDay|[upkeep]
|upkeep
|
|t:|1750773923
|switch|p2a: Incineroar|Incineroar, L50, F|100/100
|-ability|p2a: Incineroar|Intimidate|boost
|-unboost|p1a: Koraidon|atk|1
|-unboost|p1b: Scream Tail|atk|1
|turn|7
|
|t:|1750773958
|move|p1a: Koraidon|Protect|p1a: Koraidon
|-singleturn|p1a: Koraidon|Protect
|move|p2a: Incineroar|Fake Out|p1a: Koraidon
|-activate|p1a: Koraidon|move: Protect
|move|p1b: Scream Tail|Encore|p2a: Incineroar
|-start|p2a: Incineroar|Encore
|move|p2b: Urshifu|Surging Strikes|p1a: Koraidon
|-resisted|p1a: Koraidon
|-crit|p1a: Koraidon
|-damage|p1a: Koraidon|48/100
|-resisted|p1a: Koraidon
|-crit|p1a: Koraidon
|-damage|p1a: Koraidon|41/100
|-resisted|p1a: Koraidon
|-crit|p1a: Koraidon
|-damage|p1a: Koraidon|34/100
|-hitcount|p1a: Koraidon|3
|
|-weather|SunnyDay|[upkeep]
|upkeep
|turn|8
|
|t:|1750773981
|move|p2a: Incineroar|Fake Out||[still]
|-hint|Fake Out only works on your first turn out.
|-fail|p2a: Incineroar
|move|p2b: Urshifu|Surging Strikes|p1a: Koraidon
|-resisted|p1a: Koraidon
|-crit|p1a: Koraidon
|-damage|p1a: Koraidon|28/100
|-resisted|p1a: Koraidon
|-crit|p1a: Koraidon
|-damage|p1a: Koraidon|21/100
|-resisted|p1a: Koraidon
|-crit|p1a: Koraidon
|-damage|p1a: Koraidon|14/100
|-hitcount|p1a: Koraidon|3
|move|p1b: Scream Tail|Disable|p2b: Urshifu
|-start|p2b: Urshifu|Disable|Surging Strikes
|move|p1a: Koraidon|Close Combat|p2a: Incineroar
|-supereffective|p2a: Incineroar
|-damage|p2a: Incineroar|0 fnt
|-unboost|p1a: Koraidon|def|1
|-unboost|p1a: Koraidon|spd|1
|faint|p2a: Incineroar
|-damage|p1a: Koraidon|4/100|[from] item: Life Orb
|
|-weather|SunnyDay|[upkeep]
|upkeep
|turn|9
|inactive|Battle timer is ON: inactive players will automatically lose when time's up. (requested by Poppledinger)
|
|t:|1750774008
|-activate|p2b: Urshifu|move: Struggle
|move|p2b: Urshifu|Struggle|p1b: Scream Tail
|-damage|p1b: Scream Tail|86/100
|-damage|p2b: Urshifu|60/100|[from] recoil
|move|p1b: Scream Tail|Dazzling Gleam|p2b: Urshifu
|-damage|p2b: Urshifu|41/100
|move|p1a: Koraidon|Close Combat|p2b: Urshifu
|-damage|p2b: Urshifu|0 fnt
|-unboost|p1a: Koraidon|def|1
|-unboost|p1a: Koraidon|spd|1
|faint|p2b: Urshifu
|-damage|p1a: Koraidon|0 fnt|[from] item: Life Orb
|faint|p1a: Koraidon
|
|win|joshimitsu
|raw|joshimitsu's rating: 1275 &rarr; <strong>1305</strong><br />(+30 for winning)
|raw|Poppledinger's rating: 1342 &rarr; <strong>1318</strong><br />(-24 for losing)
|l|☆Poppledinger
|player|p2|
