|j|☆poop909090
|j|☆klkir
|t:|1750830708
|gametype|doubles
|player|p1|poop909090|rocketgrunt|1107
|player|p2|klkir|unknown|1200
|teamsize|p1|6
|teamsize|p2|6
|gen|9
|tier|[Gen 9] VGC 2025 Reg I
|rated|
|rule|Species Clause: Limit one of each Pokémon
|rule|Item Clause: Limit 1 of each item
|clearpoke
|poke|p1|Rillaboom, L50, M|
|poke|p1|Incineroar, L50, F|
|poke|p1|Calyrex-Shadow, L50|
|poke|p1|Koraidon, L50|
|poke|p1|Brute Bonnet, L50|
|poke|p1|Araquanid, L50, F|
|poke|p2|Calyrex-Shadow, L50|
|poke|p2|Terapagos, L50, M|
|poke|p2|Incineroar, L50, M|
|poke|p2|Ogerpon-Cornerstone, L50, F|
|poke|p2|Rillaboom, L50, M|
|poke|p2|Amoonguss, L50, F|
|teampreview|4
|inactive|Battle timer is ON: inactive players will automatically lose when time's up. (requested by klkir)
|inactive|poop909090 has 60 seconds left.
klkir rejected open team sheets.
|
|t:|1750830753
|start
|switch|p1a: Araquanid|Araquanid, L50, F|100/100
|switch|p1b: Koraidon|Koraidon, L50|100/100
|switch|p2a: Amoonguss|Amoonguss, L50, F|100/100
|switch|p2b: Incineroar|Incineroar, L50, M, shiny|100/100
|-weather|SunnyDay|[from] ability: Orichalcum Pulse|[of] p1b: Koraidon
|-activate|p1b: Koraidon|Orichalcum Pulse|[source]
|-ability|p2b: Incineroar|Intimidate|boost
|-unboost|p1a: Araquanid|atk|1
|-unboost|p1b: Koraidon|atk|1
|turn|1
|
|t:|1750830777
|switch|p1b: Incineroar|Incineroar, L50, F, shiny|100/100
|-ability|p1b: Incineroar|Intimidate|boost
|-unboost|p2a: Amoonguss|atk|1
|-unboost|p2b: Incineroar|atk|1
|move|p2b: Incineroar|Fake Out|p1b: Incineroar
|-damage|p1b: Incineroar|95/100
|-enditem|p1b: Incineroar|Eject Button
|
|t:|1750830790
|switch|p1b: Koraidon|Koraidon, L50|100/100
|-activate|p1b: Koraidon|ability: Orichalcum Pulse
|move|p1a: Araquanid|Infestation|p2a: Amoonguss
|-damage|p2a: Amoonguss|96/100
|-activate|p2a: Amoonguss|move: Infestation|[of] p1a: Araquanid
|-damage|p1a: Araquanid|84/100|[from] item: Rocky Helmet|[of] p2a: Amoonguss
|move|p2a: Amoonguss|Spore|p1b: Koraidon
|-status|p1b: Koraidon|slp|[from] move: Spore
|
|-weather|SunnyDay|[upkeep]
|-heal|p1a: Araquanid|90/100|[from] item: Leftovers
|-damage|p2a: Amoonguss|84/100|[from] move: Infestation|[partiallytrapped]
|upkeep
|turn|2
|inactive|klkir has 30 seconds left.
|
|t:|1750830818
|switch|p1b: Incineroar|Incineroar, L50, F, shiny|95/100
|-ability|p1b: Incineroar|Intimidate|boost
|-unboost|p2a: Amoonguss|atk|1
|-unboost|p2b: Incineroar|atk|1
|switch|p2b: Calyrex|Calyrex-Shadow, L50|100/100
|-ability|p2b: Calyrex|As One
|-ability|p2b: Calyrex|Unnerve
|move|p1a: Araquanid|Protect|p1a: Araquanid
|-singleturn|p1a: Araquanid|Protect
|move|p2a: Amoonguss|Spore|p1a: Araquanid
|-activate|p1a: Araquanid|move: Protect
|
|-weather|SunnyDay|[upkeep]
|-heal|p1a: Araquanid|95/100|[from] item: Leftovers
|-damage|p2a: Amoonguss|72/100|[from] move: Infestation|[partiallytrapped]
|upkeep
|turn|3
|inactive|poop909090 has 30 seconds left.
|inactive|klkir has 30 seconds left.
|
|t:|1750830851
|move|p2b: Calyrex|Protect|p2b: Calyrex
|-singleturn|p2b: Calyrex|Protect
|move|p2a: Amoonguss|Protect|p2a: Amoonguss
|-singleturn|p2a: Amoonguss|Protect
|move|p1b: Incineroar|Fake Out|p2a: Amoonguss
|-activate|p2a: Amoonguss|move: Protect
|move|p1a: Araquanid|Icy Wind|p2a: Amoonguss|[spread] 
|-activate|p2a: Amoonguss|move: Protect
|-activate|p2b: Calyrex|move: Protect
|
|-weather|SunnyDay|[upkeep]
|-heal|p1a: Araquanid|100/100|[from] item: Leftovers
|-damage|p2a: Amoonguss|59/100|[from] move: Infestation|[partiallytrapped]
|upkeep
|turn|4
|
|t:|1750830871
|move|p2b: Calyrex|Encore|p1b: Incineroar
|-start|p1b: Incineroar|Encore
|move|p1b: Incineroar|Fake Out||[still]
|-hint|Fake Out only works on your first turn out.
|-fail|p1b: Incineroar
|move|p1a: Araquanid|Icy Wind|p2b: Calyrex|[spread] p2a,p2b
|-supereffective|p2a: Amoonguss
|-damage|p2a: Amoonguss|50/100
|-damage|p2b: Calyrex|95/100
|-unboost|p2a: Amoonguss|spe|1
|-unboost|p2b: Calyrex|spe|1
|move|p2a: Amoonguss|Spore|p1a: Araquanid
|-status|p1a: Araquanid|slp|[from] move: Spore
|
|-weather|SunnyDay|[upkeep]
|-damage|p2a: Amoonguss|38/100|[from] move: Infestation|[partiallytrapped]
|upkeep
|turn|5
|inactive|poop909090 has 30 seconds left.
|
|t:|1750830906
|move|p2a: Amoonguss|Protect|p2a: Amoonguss
|-singleturn|p2a: Amoonguss|Protect
|move|p1b: Incineroar|Fake Out||[still]
|-hint|Fake Out only works on your first turn out.
|-fail|p1b: Incineroar
|move|p2b: Calyrex|Astral Barrage|p1a: Araquanid|[spread] p1a,p1b
|-resisted|p1b: Incineroar
|-damage|p1a: Araquanid|59/100 slp
|-damage|p1b: Incineroar|74/100
|cant|p1a: Araquanid|slp
|
|-weather|none
|-heal|p1a: Araquanid|65/100 slp|[from] item: Leftovers
|-damage|p2a: Amoonguss|26/100|[from] move: Infestation|[partiallytrapped]
|upkeep
|turn|6
|inactive|klkir has 30 seconds left.
|inactive|poop909090 has 30 seconds left.
|
|t:|1750830936
|move|p1b: Incineroar|Fake Out||[still]
|-hint|Fake Out only works on your first turn out.
|-fail|p1b: Incineroar
|move|p2b: Calyrex|Astral Barrage|p1a: Araquanid|[spread] p1a,p1b
|-resisted|p1b: Incineroar
|-damage|p1a: Araquanid|27/100 slp
|-damage|p1b: Incineroar|52/100
|cant|p1a: Araquanid|slp
|move|p2a: Amoonguss|Spore|p1b: Incineroar
|-status|p1b: Incineroar|slp|[from] move: Spore
|
|-heal|p1a: Araquanid|33/100 slp|[from] item: Leftovers
|-end|p2a: Amoonguss|Infestation|[partiallytrapped]
|-end|p1b: Incineroar|Encore
|upkeep
|turn|7
|inactive|poop909090 has 30 seconds left.
|
|t:|1750830963
|switch|p1b: Calyrex|Calyrex-Shadow, L50|100/100
|-ability|p1b: Calyrex|As One
|-ability|p1b: Calyrex|Unnerve
|switch|p2a: Incineroar|Incineroar, L50, M, shiny|100/100
|-ability|p2a: Incineroar|Intimidate|boost
|-unboost|p1a: Araquanid|atk|1
|-unboost|p1b: Calyrex|atk|1
|-curestatus|p1a: Araquanid|slp|[msg]
|move|p1a: Araquanid|Protect|p1a: Araquanid
|-singleturn|p1a: Araquanid|Protect
|move|p2b: Calyrex|Astral Barrage|p1a: Araquanid|[spread] p1b
|-activate|p1a: Araquanid|move: Protect
|-supereffective|p1b: Calyrex
|-enditem|p1b: Calyrex|Focus Sash
|-damage|p1b: Calyrex|1/100
|
|-heal|p1a: Araquanid|39/100|[from] item: Leftovers
|upkeep
|turn|8
|inactive|klkir has 30 seconds left.
|inactive|klkir has 20 seconds left.
|
|t:|1750831001
|move|p2a: Incineroar|Fake Out|p1a: Araquanid
|-damage|p1a: Araquanid|30/100
|cant|p1a: Araquanid|flinch
|move|p1b: Calyrex|Astral Barrage|p2a: Incineroar|[spread] p2a,p2b
|-resisted|p2a: Incineroar
|-supereffective|p2b: Calyrex
|-damage|p2a: Incineroar|75/100
|-damage|p2b: Calyrex|0 fnt
|faint|p2b: Calyrex
|-ability|p1b: Calyrex|Grim Neigh|boost
|-boost|p1b: Calyrex|spa|1
|
|-heal|p1a: Araquanid|35/100|[from] item: Leftovers
|upkeep
|
|t:|1750831017
|switch|p2b: Terapagos|Terapagos, L50, M|100/100
|-activate|p2b: Terapagos|ability: Tera Shift
|detailschange|p2b: Terapagos|Terapagos-Terastal, L50, M
|-heal|p2b: Terapagos|100/100|[silent]
|turn|9
|inactive|poop909090 has 30 seconds left.
|
|t:|1750831047
|-terastallize|p1b: Calyrex|Fairy
|move|p1a: Araquanid|Protect|p1a: Araquanid
|-singleturn|p1a: Araquanid|Protect
|move|p1b: Calyrex|Draining Kiss|p2a: Incineroar
|-damage|p2a: Incineroar|27/100
|-heal|p1b: Calyrex|43/100|[from] drain|[of] p2a: Incineroar
|move|p2b: Terapagos|Calm Mind|p2b: Terapagos
|-boost|p2b: Terapagos|spa|1
|-boost|p2b: Terapagos|spd|1
|move|p2a: Incineroar|Knock Off|p1b: Calyrex
|-resisted|p1b: Calyrex
|-damage|p1b: Calyrex|27/100
|
|-heal|p1a: Araquanid|41/100|[from] item: Leftovers
|upkeep
|turn|10
|inactive|poop909090 has 30 seconds left.
|inactive|klkir has 30 seconds left.
|
|t:|1750831080
|switch|p2a: Amoonguss|Amoonguss, L50, F|59/100
|-terastallize|p2b: Terapagos|Stellar
|detailschange|p2b: Terapagos|Terapagos-Stellar, L50, M, tera:Stellar
|-heal|p2b: Terapagos|100/100|[silent]
|move|p1b: Calyrex|Draining Kiss|p2a: Amoonguss
|-resisted|p2a: Amoonguss
|-damage|p2a: Amoonguss|36/100
|-heal|p1b: Calyrex|49/100|[from] drain|[of] p2a: Amoonguss
|-damage|p1b: Calyrex|32/100|[from] item: Rocky Helmet|[of] p2a: Amoonguss
|move|p2b: Terapagos|Tera Starstorm|p1b: Calyrex|[spread] p1a,p1b
|-supereffective|p1b: Calyrex
|-damage|p1a: Araquanid|6/100
|-damage|p1b: Calyrex|0 fnt
|faint|p1b: Calyrex
|move|p1a: Araquanid|Infestation|p2b: Terapagos
|-damage|p2b: Terapagos|98/100
|-activate|p2b: Terapagos|move: Infestation|[of] p1a: Araquanid
|
|-heal|p2b: Terapagos|100/100|[from] item: Leftovers
|-heal|p1a: Araquanid|11/100|[from] item: Leftovers
|-damage|p2b: Terapagos|88/100|[from] move: Infestation|[partiallytrapped]
|upkeep
|
|t:|1750831100
|switch|p1b: Incineroar|Incineroar, L50, F, shiny|52/100 slp
|-ability|p1b: Incineroar|Intimidate|boost
|-unboost|p2a: Amoonguss|atk|1
|-unboost|p2b: Terapagos|atk|1
|turn|11
|
|t:|1750831114
|switch|p1b: Koraidon|Koraidon, L50|100/100 slp
|-weather|SunnyDay|[from] ability: Orichalcum Pulse|[of] p1b: Koraidon
|-activate|p1b: Koraidon|Orichalcum Pulse|[source]
|move|p1a: Araquanid|Protect|p1a: Araquanid
|-singleturn|p1a: Araquanid|Protect
|move|p2a: Amoonguss|Protect|p2a: Amoonguss
|-singleturn|p2a: Amoonguss|Protect
|move|p2b: Terapagos|Tera Starstorm|p1a: Araquanid|[spread] p1b
|-activate|p1a: Araquanid|move: Protect
|-damage|p1b: Koraidon|43/100 slp
|
|-weather|SunnyDay|[upkeep]
|-heal|p2b: Terapagos|94/100|[from] item: Leftovers
|-heal|p1a: Araquanid|17/100|[from] item: Leftovers
|-damage|p2b: Terapagos|82/100|[from] move: Infestation|[partiallytrapped]
|upkeep
|turn|12
|inactive|klkir has 30 seconds left.
|
|t:|1750831147
|move|p1a: Araquanid|Wide Guard|p1a: Araquanid
|-singleturn|p1a: Araquanid|Wide Guard
|cant|p1b: Koraidon|slp
|move|p2b: Terapagos|Tera Starstorm|p1a: Araquanid|[spread] 
|-activate|p1a: Araquanid|move: Wide Guard
|-activate|p1b: Koraidon|move: Wide Guard
|move|p2a: Amoonguss|Spore|p1b: Koraidon
|-fail|p1b: Koraidon|slp
|
|-weather|SunnyDay|[upkeep]
|-heal|p2b: Terapagos|88/100|[from] item: Leftovers
|-heal|p1a: Araquanid|23/100|[from] item: Leftovers
|-damage|p2b: Terapagos|76/100|[from] move: Infestation|[partiallytrapped]
|upkeep
|turn|13
|
|t:|1750831172
|switch|p1b: Incineroar|Incineroar, L50, F, shiny|52/100 slp
|-ability|p1b: Incineroar|Intimidate|boost
|-unboost|p2a: Amoonguss|atk|1
|-unboost|p2b: Terapagos|atk|1
|move|p1a: Araquanid|Protect||[still]
|-fail|p1a: Araquanid
|move|p2a: Amoonguss|Protect|p2a: Amoonguss
|-singleturn|p2a: Amoonguss|Protect
|move|p2b: Terapagos|Earth Power|p1b: Incineroar
|-supereffective|p1b: Incineroar
|-damage|p1b: Incineroar|0 fnt
|faint|p1b: Incineroar
|
|-weather|SunnyDay|[upkeep]
|-heal|p2b: Terapagos|82/100|[from] item: Leftovers
|-heal|p1a: Araquanid|29/100|[from] item: Leftovers
|-damage|p2b: Terapagos|69/100|[from] move: Infestation|[partiallytrapped]
|upkeep
|
|t:|1750831186
|switch|p1b: Koraidon|Koraidon, L50|43/100 slp
|-activate|p1b: Koraidon|ability: Orichalcum Pulse
|turn|14
|
|t:|1750831197
|-curestatus|p1b: Koraidon|slp|[msg]
|move|p1b: Koraidon|Close Combat|p2b: Terapagos
|-supereffective|p2b: Terapagos
|-damage|p2b: Terapagos|0 fnt
|-unboost|p1b: Koraidon|def|1
|-unboost|p1b: Koraidon|spd|1
|faint|p2b: Terapagos
|detailschange|p2: Terapagos|Terapagos, L50, M|[silent]
|-damage|p1b: Koraidon|33/100|[from] item: Life Orb
|move|p1a: Araquanid|Icy Wind|p2a: Amoonguss
|-supereffective|p2a: Amoonguss
|-damage|p2a: Amoonguss|22/100
|-unboost|p2a: Amoonguss|spe|1
|move|p2a: Amoonguss|Spore|p1b: Koraidon
|-status|p1b: Koraidon|slp|[from] move: Spore
|
|-weather|SunnyDay|[upkeep]
|-heal|p1a: Araquanid|34/100|[from] item: Leftovers
|upkeep
|
|t:|1750831213
|switch|p2b: Incineroar|Incineroar, L50, M, shiny|27/100
|-ability|p2b: Incineroar|Intimidate|boost
|-unboost|p1a: Araquanid|atk|1
|-unboost|p1b: Koraidon|atk|1
|turn|15
|
|t:|1750831235
|move|p1a: Araquanid|Protect|p1a: Araquanid
|-singleturn|p1a: Araquanid|Protect
|cant|p1b: Koraidon|slp
|move|p2b: Incineroar|Flare Blitz|p1b: Koraidon
|-resisted|p1b: Koraidon
|-damage|p1b: Koraidon|0 fnt
|faint|p1b: Koraidon
|-damage|p2b: Incineroar|17/100|[from] Recoil
|move|p2a: Amoonguss|Pollen Puff|p2b: Incineroar
|-heal|p2b: Incineroar|67/100
|
|-weather|none
|-heal|p1a: Araquanid|40/100|[from] item: Leftovers
|upkeep
|turn|16
|inactive|klkir has 30 seconds left.
|
|t:|1750831263
|move|p2b: Incineroar|Flare Blitz|p1a: Araquanid
|-damage|p1a: Araquanid|19/100
|-damage|p2b: Incineroar|61/100|[from] Recoil
|move|p1a: Araquanid|Infestation|p2b: Incineroar
|-damage|p2b: Incineroar|57/100
|-activate|p2b: Incineroar|move: Infestation|[of] p1a: Araquanid
|move|p2a: Amoonguss|Spore|p1a: Araquanid
|-status|p1a: Araquanid|slp|[from] move: Spore
|
|-heal|p1a: Araquanid|24/100 slp|[from] item: Leftovers
|-damage|p2b: Incineroar|45/100|[from] move: Infestation|[partiallytrapped]
|upkeep
|turn|17
|
|t:|1750831282
|cant|p1a: Araquanid|slp
|move|p2b: Incineroar|Flare Blitz|p1a: Araquanid
|-damage|p1a: Araquanid|2/100 slp
|-damage|p2b: Incineroar|38/100|[from] Recoil
|move|p2a: Amoonguss|Pollen Puff|p2b: Incineroar
|-heal|p2b: Incineroar|88/100
|
|-heal|p1a: Araquanid|7/100 slp|[from] item: Leftovers
|-damage|p2b: Incineroar|76/100|[from] move: Infestation|[partiallytrapped]
|upkeep
|turn|18
|-message|poop909090 forfeited.
|
|win|klkir
|raw|poop909090's rating: 1107 &rarr; <strong>1089</strong><br />(-18 for losing)
|raw|klkir's rating: 1200 &rarr; <strong>1218</strong><br />(+18 for winning)
|l|☆poop909090
|player|p1|
|l|☆klkir
|player|p2|
