|j|☆Daddicursa
|j|☆duoduoa
|t:|1750741272
|gametype|doubles
|player|p1|Daddicursa|riley|1380
|player|p2|duoduoa|266|1350
|teamsize|p1|6
|teamsize|p2|6
|gen|9
|tier|[Gen 9] VGC 2025 Reg I
|rated|
|rule|Species Clause: Limit one of each Pokémon
|rule|Item Clause: Limit 1 of each item
|clearpoke
|poke|p1|Groudon, L50|
|poke|p1|Baxcalibur, L50, M|
|poke|p1|Chien-Pao, L50|
|poke|p1|Rillaboom, L50, M|
|poke|p1|Zamazenta-*, L50|
|poke|p1|Whimsicott, L50, F|
|poke|p2|Calyrex-Shadow, L50|
|poke|p2|Zamazenta-*, L50|
|poke|p2|Rillaboom, L50, M|
|poke|p2|Ogerpon-Hearthflame, L50, F|
|poke|p2|Tornadus, L50, M|
|poke|p2|Raging Bolt, L50|
|teampreview|4
|inactive|Battle timer is ON: inactive players will automatically lose when time's up. (requested by duoduoa)
|inactive|Daddicursa has 60 seconds left.
|
|t:|1750741310
|start
|switch|p1a: Whimsicott|Whimsicott, L50, F, shiny|100/100
|switch|p1b: Groudon|Groudon, L50, shiny|100/100
|switch|p2a: Ogerpon|Ogerpon-Hearthflame, L50, F|100/100
|switch|p2b: Calyrex|Calyrex-Shadow, L50|100/100
|-ability|p2b: Calyrex|As One
|-ability|p2b: Calyrex|Unnerve
|-ability|p2a: Ogerpon|Mold Breaker
|-weather|SunnyDay|[from] ability: Drought|[of] p1b: Groudon
|turn|1
|inactive|Daddicursa has 30 seconds left.
|inactive|duoduoa has 30 seconds left.
|inactive|duoduoa has 20 seconds left.
|inactive|duoduoa has 15 seconds left.
|
|t:|1750741353
|-terastallize|p2a: Ogerpon|Fire
|detailschange|p2a: Ogerpon|Ogerpon-Hearthflame-Tera, L50, F, tera:Fire
|-ability|p2a: Ogerpon|Embody Aspect (Hearthflame)|boost
|-boost|p2a: Ogerpon|atk|1
|move|p2b: Calyrex|Protect|p2b: Calyrex
|-singleturn|p2b: Calyrex|Protect
|move|p1b: Groudon|Protect|p1b: Groudon
|-singleturn|p1b: Groudon|Protect
|move|p1a: Whimsicott|Light Screen|p1a: Whimsicott
|-sidestart|p1: Daddicursa|move: Light Screen
|move|p2a: Ogerpon|Ivy Cudgel|p1b: Groudon|[anim] Ivy Cudgel Fire
|-activate|p1b: Groudon|move: Protect
|
|-weather|SunnyDay|[upkeep]
|upkeep
|turn|2
|inactive|Daddicursa has 30 seconds left.
|
|t:|1750741382
|-terastallize|p1b: Groudon|Fire
|move|p1a: Whimsicott|Encore|p2b: Calyrex
|-start|p2b: Calyrex|Encore
|move|p2b: Calyrex|Protect||[still]
|-fail|p2b: Calyrex
|move|p2a: Ogerpon|Ivy Cudgel|p1b: Groudon|[anim] Ivy Cudgel Fire
|-resisted|p1b: Groudon
|-damage|p1b: Groudon|37/100
|move|p1b: Groudon|Precipice Blades|p2a: Ogerpon|[spread] p2a
|-miss|p1b: Groudon|p2b: Calyrex
|-supereffective|p2a: Ogerpon
|-damage|p2a: Ogerpon|3/100
|
|-weather|SunnyDay|[upkeep]
|upkeep
|turn|3
|inactive|Daddicursa has 30 seconds left.
|inactive|duoduoa has 30 seconds left.
|
|t:|1750741413
|switch|p2b: Zamazenta|Zamazenta-Crowned, L50|100/100
|-ability|p2b: Zamazenta|Dauntless Shield|boost
|-boost|p2b: Zamazenta|def|1
|move|p2a: Ogerpon|Spiky Shield|p2a: Ogerpon
|-singleturn|p2a: Ogerpon|move: Protect
|move|p1a: Whimsicott|Tailwind|p1a: Whimsicott
|-sidestart|p1: Daddicursa|move: Tailwind
|move|p1b: Groudon|Precipice Blades|p2b: Zamazenta|[spread] p2b
|-activate|p2a: Ogerpon|move: Protect
|-supereffective|p2b: Zamazenta
|-damage|p2b: Zamazenta|63/100
|
|-weather|SunnyDay|[upkeep]
|upkeep
|turn|4
|inactive|Daddicursa has 30 seconds left.
|
|t:|1750741440
|switch|p2a: Calyrex|Calyrex-Shadow, L50|100/100
|-ability|p2a: Calyrex|As One
|-ability|p2a: Calyrex|Unnerve
|move|p2b: Zamazenta|Wide Guard|p2b: Zamazenta
|-singleturn|p2b: Zamazenta|Wide Guard
|move|p1a: Whimsicott|Encore||[still]
|-fail|p1a: Whimsicott
|move|p1b: Groudon|Will-O-Wisp|p2b: Zamazenta|[miss]
|-miss|p1b: Groudon|p2b: Zamazenta
|
|-weather|SunnyDay|[upkeep]
|upkeep
|turn|5
|inactive|Daddicursa has 30 seconds left.
|
|t:|1750741467
|switch|p2b: Ogerpon|Ogerpon-Hearthflame-Tera, L50, F, tera:Fire|3/100
|-ability|p2b: Ogerpon|Embody Aspect (Hearthflame)|boost
|-boost|p2b: Ogerpon|atk|1
|move|p1a: Whimsicott|Taunt|p2b: Ogerpon
|-start|p2b: Ogerpon|move: Taunt
|move|p1b: Groudon|Precipice Blades|p2a: Calyrex|[spread] p2a,p2b
|-supereffective|p2b: Ogerpon
|-damage|p2a: Calyrex|33/100
|-damage|p2b: Ogerpon|0 fnt
|faint|p2b: Ogerpon
|detailschange|p2: Ogerpon|Ogerpon-Hearthflame, L50, F|[silent]
|move|p2a: Calyrex|Astral Barrage|p1b: Groudon|[spread] p1a,p1b
|-damage|p1a: Whimsicott|54/100
|-damage|p1b: Groudon|6/100
|
|-weather|none
|upkeep
|
|t:|1750741486
|switch|p2b: Raging Bolt|Raging Bolt, L50|100/100
|-enditem|p2b: Raging Bolt|Booster Energy
|-activate|p2b: Raging Bolt|ability: Protosynthesis|[fromitem]
|-start|p2b: Raging Bolt|protosynthesisspa
|turn|6
|
|t:|1750741510
|move|p1a: Whimsicott|Taunt|p2b: Raging Bolt
|-start|p2b: Raging Bolt|move: Taunt
|move|p1b: Groudon|Precipice Blades|p2a: Calyrex|[spread] p2a
|-miss|p1b: Groudon|p2b: Raging Bolt
|-damage|p2a: Calyrex|0 fnt
|faint|p2a: Calyrex
|move|p2b: Raging Bolt|Electroweb|p1b: Groudon|[spread] p1a,p1b
|-resisted|p1a: Whimsicott
|-damage|p1a: Whimsicott|42/100
|-damage|p1b: Groudon|0 fnt
|-unboost|p1a: Whimsicott|spe|1
|faint|p1b: Groudon
|
|-sideend|p1: Daddicursa|move: Tailwind
|upkeep
|inactive|Daddicursa has 30 seconds left.
|inactive|Daddicursa has 20 seconds left.
|
|t:|1750741548
|switch|p2a: Zamazenta|Zamazenta-Crowned, L50|63/100
|switch|p1b: Baxcalibur|Baxcalibur, L50, M, shiny|100/100
|turn|7
|
|t:|1750741561
|move|p1a: Whimsicott|Tailwind|p1a: Whimsicott
|-sidestart|p1: Daddicursa|move: Tailwind
|move|p1b: Baxcalibur|Stomping Tantrum|p2a: Zamazenta
|-supereffective|p2a: Zamazenta
|-damage|p2a: Zamazenta|36/100
|move|p2a: Zamazenta|Body Press|p1b: Baxcalibur
|-supereffective|p1b: Baxcalibur
|-damage|p1b: Baxcalibur|27/100
|move|p2b: Raging Bolt|Electroweb|p1b: Baxcalibur|[spread] p1a,p1b
|-resisted|p1a: Whimsicott
|-resisted|p1b: Baxcalibur
|-damage|p1a: Whimsicott|30/100
|-damage|p1b: Baxcalibur|21/100
|-unboost|p1a: Whimsicott|spe|1
|-unboost|p1b: Baxcalibur|spe|1
|
|upkeep
|turn|8
|inactive|Daddicursa has 30 seconds left.
|inactive|Daddicursa has 20 seconds left.
|inactive|Daddicursa has 15 seconds left.
|
|t:|1750741603
|move|p1a: Whimsicott|Taunt|p2a: Zamazenta
|-start|p2a: Zamazenta|move: Taunt
|move|p1b: Baxcalibur|Ice Shard|p2b: Raging Bolt
|-supereffective|p2b: Raging Bolt
|-damage|p2b: Raging Bolt|61/100
|move|p2b: Raging Bolt|Thunderclap||[still]
|-fail|p2b: Raging Bolt
|move|p2a: Zamazenta|Heavy Slam|p1a: Whimsicott
|-supereffective|p1a: Whimsicott
|-damage|p1a: Whimsicott|0 fnt
|faint|p1a: Whimsicott
|
|-end|p2b: Raging Bolt|move: Taunt
|-sideend|p1: Daddicursa|move: Light Screen
|upkeep
|
|t:|1750741619
|switch|p1a: Chien-Pao|Chien-Pao, L50|100/100
|-ability|p1a: Chien-Pao|Sword of Ruin
|turn|9
|
|t:|1750741640
|move|p1b: Baxcalibur|Ice Shard|p2b: Raging Bolt
|-supereffective|p2b: Raging Bolt
|-damage|p2b: Raging Bolt|8/100
|move|p2b: Raging Bolt|Thunderclap||[still]
|-fail|p2b: Raging Bolt
|move|p1a: Chien-Pao|Ice Spinner|p2a: Zamazenta
|-resisted|p2a: Zamazenta
|-damage|p2a: Zamazenta|22/100
|move|p2a: Zamazenta|Body Press|p1b: Baxcalibur
|-supereffective|p1b: Baxcalibur
|-damage|p1b: Baxcalibur|0 fnt
|faint|p1b: Baxcalibur
|
|upkeep
|turn|10
|
|t:|1750741663
|move|p1a: Chien-Pao|Sucker Punch|p2b: Raging Bolt
|-damage|p2b: Raging Bolt|0 fnt
|faint|p2b: Raging Bolt
|-end|p2b: Raging Bolt|Protosynthesis|[silent]
|move|p2a: Zamazenta|Body Press|p1a: Chien-Pao
|-supereffective|p1a: Chien-Pao
|-enditem|p1a: Chien-Pao|Focus Sash
|-damage|p1a: Chien-Pao|1/100
|
|-end|p2a: Zamazenta|move: Taunt
|-sideend|p1: Daddicursa|move: Tailwind
|upkeep
|turn|11
|inactive|Daddicursa has 30 seconds left.
|
|t:|1750741689
|move|p1a: Chien-Pao|Ice Spinner|p2a: Zamazenta
|-resisted|p2a: Zamazenta
|-damage|p2a: Zamazenta|6/100
|move|p2a: Zamazenta|Body Press|p1a: Chien-Pao
|-supereffective|p1a: Chien-Pao
|-damage|p1a: Chien-Pao|0 fnt
|faint|p1a: Chien-Pao
|
|win|duoduoa
|raw|Daddicursa's rating: 1380 &rarr; <strong>1358</strong><br />(-22 for losing)
|raw|duoduoa's rating: 1350 &rarr; <strong>1372</strong><br />(+22 for winning)
|l|☆duoduoa
|player|p2|
|l|☆Daddicursa
|player|p1|
