|j|☆udilson
|j|☆brandamn2
|t:|1750720342
|gametype|doubles
|player|p1|udilson|nate|1122
|player|p2|brandamn2|265|1073
|teamsize|p1|6
|teamsize|p2|6
|gen|9
|tier|[Gen 9] VGC 2025 Reg I
|rated|
|rule|Species Clause: Limit one of each Pokémon
|rule|Item Clause: Limit 1 of each item
|clearpoke
|poke|p1|Swampert, L50, M|
|poke|p1|Torkoal, L50, M|
|poke|p1|Cacturne, L50, M|
|poke|p1|Hariyama, L50, M|
|poke|p1|Salamence, L50, F|
|poke|p1|Dusclops, L50, F|
|poke|p2|Kyogre, L50|
|poke|p2|Miraidon, L50|
|poke|p2|Incineroar, L50, F|
|poke|p2|Landorus-Therian, L50, M|
|poke|p2|Amoonguss, L50, M|
|poke|p2|Corviknight, L50, F|
|teampreview|4
|inactive|Battle timer is ON: inactive players will automatically lose when time's up. (requested by brandamn2)
brandamn2 rejected open team sheets.
|
|t:|1750720365
|start
|switch|p1a: Salamence|Salamence, L50, F|100/100
|switch|p1b: Cacturne|Cacturne, L50, M|100/100
|switch|p2a: Incineroar|Incineroar, L50, F|100/100
|switch|p2b: Landorus|Landorus-Therian, L50, M|100/100
|-ability|p2b: Landorus|Intimidate|boost
|-unboost|p1a: Salamence|atk|1
|-unboost|p1b: Cacturne|atk|1
|-ability|p1a: Salamence|Intimidate|boost
|-fail|p2a: Incineroar|unboost|[from] item: Clear Amulet|[of] p2a: Incineroar
|-unboost|p2b: Landorus|atk|1
|-ability|p2a: Incineroar|Intimidate|boost
|-unboost|p1a: Salamence|atk|1
|-unboost|p1b: Cacturne|atk|1
|turn|1
|inactive|udilson has 30 seconds left.
|inactive|udilson has 20 seconds left.
|inactive|udilson has 15 seconds left.
|
|t:|1750720408
|-terastallize|p1a: Salamence|Fairy
|move|p1b: Cacturne|Spiky Shield|p1b: Cacturne
|-singleturn|p1b: Cacturne|move: Protect
|move|p2a: Incineroar|Fake Out|p1a: Salamence
|-damage|p1a: Salamence|85/100
|move|p2b: Landorus|U-turn|p1b: Cacturne
|-activate|p1b: Cacturne|move: Protect
|-damage|p2b: Landorus|88/100|[from] Spiky Shield|[of] p1b: Cacturne
|cant|p1a: Salamence|flinch
|
|upkeep
|turn|2
|
|t:|1750720432
|switch|p1b: Dusclops|Dusclops, L50, F|100/100
|-item|p2a: Incineroar|Clear Amulet|[from] ability: Frisk|[of] p1b: Dusclops
|-item|p2b: Landorus|Focus Sash|[from] ability: Frisk|[of] p1b: Dusclops
|move|p2a: Incineroar|Protect|p2a: Incineroar
|-singleturn|p2a: Incineroar|Protect
|move|p2b: Landorus|U-turn|p1b: Dusclops
|-resisted|p1b: Dusclops
|-damage|p1b: Dusclops|96/100
|
|t:|1750720442
|switch|p2b: Miraidon|Miraidon, L50|100/100|[from] U-turn
|-fieldstart|move: Electric Terrain|[from] ability: Hadron Engine|[of] p2b: Miraidon
|move|p1a: Salamence|Tera Blast|p2a: Incineroar|[anim] Tera Blast Fairy
|-activate|p2a: Incineroar|move: Protect
|
|upkeep
|turn|3
|
|t:|1750720462
|-terastallize|p2b: Miraidon|Electric
|move|p2b: Miraidon|Electro Drift|p1a: Salamence
|-damage|p1a: Salamence|0 fnt
|faint|p1a: Salamence
|-damage|p2b: Miraidon|91/100|[from] item: Life Orb
|move|p2a: Incineroar|Flare Blitz|p1b: Dusclops
|-damage|p1b: Dusclops|60/100
|-damage|p2a: Incineroar|92/100|[from] Recoil
|move|p1b: Dusclops|Trick Room|p1b: Dusclops
|-fieldstart|move: Trick Room|[of] p1b: Dusclops
|
|upkeep
|
|t:|1750720477
|switch|p1a: Swampert|Swampert, L50, M|100/100
|turn|4
|
|t:|1750720502
|switch|p2b: Landorus|Landorus-Therian, L50, M|88/100
|-ability|p2b: Landorus|Intimidate|boost
|-unboost|p1a: Swampert|atk|1
|-unboost|p1b: Dusclops|atk|1
|move|p1b: Dusclops|Helping Hand|p1a: Swampert
|-singleturn|p1a: Swampert|Helping Hand|[of] p1b: Dusclops
|move|p2a: Incineroar|Protect|p2a: Incineroar
|-singleturn|p2a: Incineroar|Protect
|move|p1a: Swampert|Earthquake|p2b: Landorus|[spread] p1b
|-activate|p2a: Incineroar|move: Protect
|-immune|p2b: Landorus
|-damage|p1b: Dusclops|42/100
|
|upkeep
|turn|5
|inactive|udilson has 30 seconds left.
|
|t:|1750720528
|move|p2b: Landorus|Protect|p2b: Landorus
|-singleturn|p2b: Landorus|Protect
|move|p1b: Dusclops|Pain Split|p2a: Incineroar
|-sethp|p2a: Incineroar|61/100|[from] move: Pain Split|[silent]
|-sethp|p1b: Dusclops|84/100|[from] move: Pain Split
|move|p2a: Incineroar|Close Combat|p1a: Swampert
|-damage|p1a: Swampert|63/100
|-unboost|p2a: Incineroar|def|1
|-unboost|p2a: Incineroar|spd|1
|move|p1a: Swampert|Liquidation|p2b: Landorus
|-activate|p2b: Landorus|move: Protect
|
|upkeep
|turn|6
|
|t:|1750720551
|move|p1b: Dusclops|Night Shade|p2a: Incineroar
|-damage|p2a: Incineroar|37/100
|move|p2a: Incineroar|Flare Blitz|p1b: Dusclops
|-damage|p1b: Dusclops|52/100
|-damage|p2a: Incineroar|29/100|[from] Recoil
|move|p1a: Swampert|Liquidation|p2b: Landorus
|-supereffective|p2b: Landorus
|-damage|p2b: Landorus|14/100
|move|p2b: Landorus|Rock Slide|p1b: Dusclops|[spread] p1a,p1b
|-resisted|p1a: Swampert
|-crit|p1a: Swampert
|-damage|p1a: Swampert|48/100
|-damage|p1b: Dusclops|40/100
|-enditem|p1a: Swampert|Sitrus Berry|[eat]
|-heal|p1a: Swampert|72/100|[from] item: Sitrus Berry
|
|-fieldend|move: Electric Terrain
|upkeep
|turn|7
|inactive|udilson has 30 seconds left.
|inactive|brandamn2 has 30 seconds left.
|
|t:|1750720583
|move|p1b: Dusclops|Night Shade|p2a: Incineroar
|-damage|p2a: Incineroar|4/100
|move|p2a: Incineroar|Flare Blitz|p1b: Dusclops
|-crit|p1b: Dusclops
|-damage|p1b: Dusclops|0 fnt
|faint|p1b: Dusclops
|-damage|p2a: Incineroar|0 fnt|[from] Recoil
|faint|p2a: Incineroar
|move|p1a: Swampert|Rock Slide|p2b: Landorus
|-crit|p2b: Landorus
|-damage|p2b: Landorus|0 fnt
|faint|p2b: Landorus
|
|-fieldend|move: Trick Room
|upkeep
|
|t:|1750720599
|switch|p2b: Miraidon|Miraidon, L50, tera:Electric|91/100
|switch|p2a: Kyogre|Kyogre, L50|100/100
|switch|p1b: Cacturne|Cacturne, L50, M|100/100
|-weather|RainDance|[from] ability: Drizzle|[of] p2a: Kyogre
|-fieldstart|move: Electric Terrain|[from] ability: Hadron Engine|[of] p2b: Miraidon
|turn|8
|
|t:|1750720618
|move|p2a: Kyogre|Water Spout|p1a: Swampert|[spread] p1a
|-immune|p1b: Cacturne|[from] ability: Water Absorb
|-damage|p1a: Swampert|0 fnt
|faint|p1a: Swampert
|move|p2b: Miraidon|Draco Meteor|p1b: Cacturne
|-enditem|p1b: Cacturne|Focus Sash
|-damage|p1b: Cacturne|1/100
|-unboost|p2b: Miraidon|spa|2
|-damage|p2b: Miraidon|81/100|[from] item: Life Orb
|move|p1b: Cacturne|Seed Bomb|p2a: Kyogre
|-supereffective|p2a: Kyogre
|-damage|p2a: Kyogre|1/100
|
|-weather|RainDance|[upkeep]
|upkeep
|turn|9
|
|t:|1750720639
|move|p1b: Cacturne|Sucker Punch|p2a: Kyogre
|-damage|p2a: Kyogre|0 fnt
|faint|p2a: Kyogre
|move|p2b: Miraidon|Draco Meteor|p1b: Cacturne
|-damage|p1b: Cacturne|0 fnt
|-unboost|p2b: Miraidon|spa|2
|faint|p1b: Cacturne
|-damage|p2b: Miraidon|71/100|[from] item: Life Orb
|
|win|brandamn2
|raw|udilson's rating: 1122 &rarr; <strong>1093</strong><br />(-29 for losing)
|raw|brandamn2's rating: 1073 &rarr; <strong>1106</strong><br />(+33 for winning)
|l|☆brandamn2
|player|p2|
|l|☆udilson
|player|p1|
