|j|☆3771m
|j|☆nautika04
|t:|1750851707
|gametype|doubles
|player|p1|3771m|lucas|1209
|player|p2|nautika04|dancer|1225
|teamsize|p1|6
|teamsize|p2|6
|gen|9
|tier|[Gen 9] VGC 2025 Reg I
|rated|
|rule|Species Clause: Limit one of each Pokémon
|rule|Item Clause: Limit 1 of each item
|clearpoke
|poke|p1|Calyrex-Ice, L50|
|poke|p1|Miraidon, L50|
|poke|p1|Incineroar, L50, M|
|poke|p1|Iron Hands, L50|
|poke|p1|Pelipper, L50, M|
|poke|p1|Farigiraf, L50, F|
|poke|p2|Terapagos, L50, M|
|poke|p2|Lunala, L50|
|poke|p2|Incineroar, L50, F|
|poke|p2|Rillaboom, L50, F|
|poke|p2|Urshifu-*, L50, M|
|poke|p2|Smeargle, L50, F|
|teampreview|4
|inactive|Battle timer is ON: inactive players will automatically lose when time's up. (requested by nautika04)
|inactive|nautika04 has 60 seconds left.
|
|t:|1750851752
|start
|switch|p1a: Farigiraf|Farigiraf, L50, F|100/100
|switch|p1b: Calyrex|Calyrex-Ice, L50|100/100
|switch|p2a: Smeargle|Smeargle, L50, F|100/100
|switch|p2b: Terapagos|Terapagos, L50, M|100/100
|-activate|p2b: Terapagos|ability: Tera Shift
|detailschange|p2b: Terapagos|Terapagos-Terastal, L50, M
|-heal|p2b: Terapagos|100/100|[silent]
|-ability|p1b: Calyrex|As One
|-ability|p1b: Calyrex|Unnerve
|turn|1
|inactive|nautika04 has 30 seconds left.
|
|t:|1750851781
|move|p2a: Smeargle|Decorate|p2b: Terapagos
|-boost|p2b: Terapagos|atk|2
|-boost|p2b: Terapagos|spa|2
|move|p2b: Terapagos|Calm Mind|p2b: Terapagos
|-boost|p2b: Terapagos|spa|1
|-boost|p2b: Terapagos|spd|1
|move|p1b: Calyrex|Glacial Lance|p2b: Terapagos|[spread] p2a,p2b
|-crit|p2a: Smeargle
|-activate|p2b: Terapagos|ability: Tera Shell
|-resisted|p2b: Terapagos
|-enditem|p2a: Smeargle|Focus Sash
|-damage|p2a: Smeargle|1/100
|-damage|p2b: Terapagos|80/100
|move|p1a: Farigiraf|Trick Room|p1a: Farigiraf
|-fieldstart|move: Trick Room|[of] p1a: Farigiraf
|
|-heal|p2b: Terapagos|86/100|[from] item: Leftovers
|upkeep
|turn|2
|inactive|nautika04 has 30 seconds left.
|inactive|nautika04 has 20 seconds left.
|inactive|nautika04 has 15 seconds left.
|
|t:|1750851824
|switch|p1a: Pelipper|Pelipper, L50, M|100/100
|-weather|RainDance|[from] ability: Drizzle|[of] p1a: Pelipper
|move|p1b: Calyrex|Protect|p1b: Calyrex
|-singleturn|p1b: Calyrex|Protect
|move|p2b: Terapagos|Protect|p2b: Terapagos
|-singleturn|p2b: Terapagos|Protect
|move|p2a: Smeargle|Follow Me|p2a: Smeargle
|-singleturn|p2a: Smeargle|move: Follow Me
|
|-weather|RainDance|[upkeep]
|-heal|p2b: Terapagos|92/100|[from] item: Leftovers
|upkeep
|turn|3
|inactive|nautika04 has 30 seconds left.
|inactive|nautika04 has 20 seconds left.
|inactive|nautika04 has 15 seconds left.
|inactive|nautika04 has 10 seconds left.
|
|t:|1750851873
|-terastallize|p2b: Terapagos|Stellar
|detailschange|p2b: Terapagos|Terapagos-Stellar, L50, M, tera:Stellar
|-heal|p2b: Terapagos|94/100|[silent]
|-ability|p2b: Terapagos|Teraform Zero
|-weather|none
|move|p1a: Pelipper|Wide Guard|p1a: Pelipper
|-singleturn|p1a: Pelipper|Wide Guard
|move|p1b: Calyrex|Glacial Lance|p2a: Smeargle|[spread] p2a,p2b
|-damage|p2a: Smeargle|0 fnt
|-damage|p2b: Terapagos|66/100
|faint|p2a: Smeargle
|-ability|p1b: Calyrex|Chilling Neigh|boost
|-boost|p1b: Calyrex|atk|1
|move|p2b: Terapagos|Tera Starstorm|p1b: Calyrex|[spread] 
|-activate|p1a: Pelipper|move: Wide Guard
|-activate|p1b: Calyrex|move: Wide Guard
|
|-heal|p2b: Terapagos|72/100|[from] item: Leftovers
|upkeep
|
|t:|1750851889
|switch|p2a: Lunala|Lunala, L50|100/100
|turn|4
|
|t:|1750851897
|-terastallize|p1b: Calyrex|Fire
|move|p2b: Terapagos|Protect|p2b: Terapagos
|-singleturn|p2b: Terapagos|Protect
|move|p1a: Pelipper|Wide Guard|p1a: Pelipper
|-singleturn|p1a: Pelipper|Wide Guard
|move|p1b: Calyrex|Glacial Lance|p2a: Lunala|[spread] p2a
|-activate|p2b: Terapagos|move: Protect
|-damage|p2a: Lunala|73/100
|move|p2a: Lunala|Meteor Beam||[still]
|-prepare|p2a: Lunala|Meteor Beam
|-boost|p2a: Lunala|spa|1
|-enditem|p2a: Lunala|Power Herb
|-anim|p2a: Lunala|Meteor Beam|p1b: Calyrex|[miss]
|-miss|p2a: Lunala|p1b: Calyrex
|
|-heal|p2b: Terapagos|78/100|[from] item: Leftovers
|upkeep
|turn|5
|inactive|3771m has 30 seconds left.
|
|t:|1750851925
|move|p2a: Lunala|Wide Guard|p2a: Lunala
|-singleturn|p2a: Lunala|Wide Guard
|move|p1a: Pelipper|Wide Guard|p1a: Pelipper
|-singleturn|p1a: Pelipper|Wide Guard
|move|p1b: Calyrex|Glacial Lance|p2b: Terapagos|[spread] 
|-activate|p2a: Lunala|move: Wide Guard
|-activate|p2b: Terapagos|move: Wide Guard
|move|p2b: Terapagos|Earth Power|p1b: Calyrex
|-supereffective|p1b: Calyrex
|-damage|p1b: Calyrex|0 fnt
|faint|p1b: Calyrex
|
|-heal|p2b: Terapagos|84/100|[from] item: Leftovers
|-fieldend|move: Trick Room
|upkeep
|
|t:|1750851937
|switch|p1b: Miraidon|Miraidon, L50|100/100
|-fieldstart|move: Electric Terrain|[from] ability: Hadron Engine|[of] p1b: Miraidon
|turn|6
|
|t:|1750851955
|switch|p2a: Rillaboom|Rillaboom, L50, F|100/100
|-fieldstart|move: Grassy Terrain|[from] ability: Grassy Surge|[of] p2a: Rillaboom
|move|p1b: Miraidon|Electro Drift|p2b: Terapagos
|-damage|p2b: Terapagos|53/100
|move|p1a: Pelipper|Tailwind|p1a: Pelipper
|-sidestart|p1: 3771m|move: Tailwind
|move|p2b: Terapagos|Earth Power|p1b: Miraidon
|-supereffective|p1b: Miraidon
|-damage|p1b: Miraidon|0 fnt
|faint|p1b: Miraidon
|
|-heal|p2b: Terapagos|59/100|[from] Grassy Terrain
|-heal|p2b: Terapagos|65/100|[from] item: Leftovers
|upkeep
|-message|3771m forfeited.
|
|win|nautika04
|raw|3771m's rating: 1209 &rarr; <strong>1185</strong><br />(-24 for losing)
|raw|nautika04's rating: 1225 &rarr; <strong>1249</strong><br />(+24 for winning)
