|j|☆DivinesilaPatrick
|j|☆lpelpe
|t:|1750775629
|gametype|doubles
|player|p1|DivinesilaPatrick|266|1250
|player|p2|lpelpe|265|1334
|teamsize|p1|6
|teamsize|p2|6
|gen|9
|tier|[Gen 9] VGC 2025 Reg I
|rated|
|rule|Species Clause: Limit one of each Pokémon
|rule|Item Clause: Limit 1 of each item
|clearpoke
|poke|p1|Miraidon, L50|
|poke|p1|Iron Hands, L50|
|poke|p1|Farigiraf, L50, M|
|poke|p1|Calyrex-Ice, L50|
|poke|p1|Heatran, L50, M|
|poke|p1|Brute Bonnet, L50|
|poke|p2|Indeedee-F, L50, F|
|poke|p2|Urshifu-*, L50, M|
|poke|p2|Calyrex-Ice, L50|
|poke|p2|Reshiram, L50|
|poke|p2|Araquanid, L50, F|
|poke|p2|Ursaluna-Bloodmoon, L50, M|
|teampreview|4
|inactive|Battle timer is ON: inactive players will automatically lose when time's up. (requested by lpelpe)
|inactive|DivinesilaPatrick has 60 seconds left.
|
|t:|1750775671
|start
|switch|p1a: Gojo|Miraidon, L50|100/100
|switch|p1b: Nanami|Farigiraf, L50, M, shiny|100/100
|switch|p2a: Indeedee|Indeedee-F, L50, F|100/100
|switch|p2b: Calyrex|Calyrex-Ice, L50|100/100
|-ability|p2b: Calyrex|As One
|-ability|p2b: Calyrex|Unnerve
|-fieldstart|move: Electric Terrain|[from] ability: Hadron Engine|[of] p1a: Gojo
|-enditem|p1b: Nanami|Electric Seed
|-boost|p1b: Nanami|def|1|[from] item: Electric Seed
|-fieldstart|move: Psychic Terrain|[from] ability: Psychic Surge|[of] p2a: Indeedee
|turn|1
|inactive|DivinesilaPatrick has 30 seconds left.
|inactive|DivinesilaPatrick has 20 seconds left.
|inactive|DivinesilaPatrick has 15 seconds left.
|
|t:|1750775714
|move|p1b: Nanami|Helping Hand|p1a: Gojo
|-singleturn|p1a: Gojo|Helping Hand|[of] p1b: Nanami
|move|p2a: Indeedee|Follow Me|p2a: Indeedee
|-singleturn|p2a: Indeedee|move: Follow Me
|move|p1a: Gojo|Volt Switch|p2a: Indeedee
|-damage|p2a: Indeedee|6/100
|
|t:|1750775722
|switch|p1a: Sukana|Calyrex-Ice, L50|100/100|[from] Volt Switch
|-ability|p1a: Sukana|As One
|-ability|p1a: Sukana|Unnerve
|move|p2b: Calyrex|Leech Seed|p1a: Sukana
|-start|p1a: Sukana|move: Leech Seed
|
|-damage|p1a: Sukana|88/100|[from] Leech Seed|[of] p2b: Calyrex
|upkeep
|turn|2
|inactive|DivinesilaPatrick has 30 seconds left.
|inactive|lpelpe has 30 seconds left.
|
|t:|1750775753
|move|p2a: Indeedee|Follow Me|p2a: Indeedee
|-singleturn|p2a: Indeedee|move: Follow Me
|move|p1a: Sukana|Imprison|p1a: Sukana
|-start|p1a: Sukana|move: Imprison
|move|p2b: Calyrex|Leech Seed|p1b: Nanami|[miss]
|-miss|p2b: Calyrex|p1b: Nanami
|move|p1b: Nanami|Trick Room|p1b: Nanami
|-fieldstart|move: Trick Room|[of] p1b: Nanami
|
|-damage|p1a: Sukana|76/100|[from] Leech Seed|[of] p2b: Calyrex
|upkeep
|turn|3
|
|t:|1750775769
|move|p2a: Indeedee|Follow Me|p2a: Indeedee
|-singleturn|p2a: Indeedee|move: Follow Me
|move|p1b: Nanami|Psychic Noise|p2a: Indeedee
|-resisted|p2a: Indeedee
|-damage|p2a: Indeedee|0 fnt
|faint|p2a: Indeedee
|move|p2b: Calyrex|Leech Seed|p1b: Nanami
|-start|p1b: Nanami|move: Leech Seed
|move|p1a: Sukana|Glacial Lance|p2b: Calyrex
|-resisted|p2b: Calyrex
|-damage|p2b: Calyrex|76/100
|
|-damage|p1b: Nanami|88/100|[from] Leech Seed|[of] p2b: Calyrex
|-heal|p2b: Calyrex|90/100|[silent]
|-damage|p1a: Sukana|64/100|[from] Leech Seed|[of] p2b: Calyrex
|-heal|p2b: Calyrex|100/100|[silent]
|upkeep
|
|t:|1750775781
|switch|p2a: Ursaluna|Ursaluna-Bloodmoon, L50, M|100/100
|turn|4
|
|t:|1750775799
|switch|p2b: Araquanid|Araquanid, L50, F|100/100
|-terastallize|p2a: Ursaluna|Normal
|move|p2a: Ursaluna|Blood Moon|p1a: Sukana
|-damage|p1a: Sukana|4/100
|move|p1b: Nanami|Psychic Noise|p2b: Araquanid
|-damage|p2b: Araquanid|75/100
|-start|p2b: Araquanid|move: Heal Block
|move|p1a: Sukana|Glacial Lance|p2b: Araquanid|[spread] p2a,p2b
|-resisted|p2b: Araquanid
|-damage|p2a: Ursaluna|65/100
|-damage|p2b: Araquanid|50/100
|
|-damage|p1b: Nanami|76/100|[from] Leech Seed|[of] p2b: Araquanid
|-damage|p1a: Sukana|0 fnt|[from] Leech Seed|[of] p2b: Araquanid
|faint|p1a: Sukana
|upkeep
|
|t:|1750775819
|switch|p1a: Hugo|Heatran, L50, M, shiny|100/100
|turn|5
|
|t:|1750775840
|move|p1a: Hugo|Protect|p1a: Hugo
|-singleturn|p1a: Hugo|Protect
|move|p2b: Araquanid|Infestation|p1a: Hugo
|-activate|p1a: Hugo|move: Protect
|move|p2a: Ursaluna|Hyper Voice|p1b: Nanami|[spread] p1b
|-activate|p1a: Hugo|move: Protect
|-damage|p1b: Nanami|36/100
|move|p1b: Nanami|Trick Room|p1b: Nanami
|-fieldend|move: Trick Room
|
|-damage|p1b: Nanami|24/100|[from] Leech Seed|[of] p2b: Araquanid
|-end|p2b: Araquanid|move: Heal Block
|-fieldend|move: Psychic Terrain
|upkeep
|turn|6
|inactive|DivinesilaPatrick has 30 seconds left.
|
|t:|1750775872
|-terastallize|p1a: Hugo|Grass
|move|p1b: Nanami|Helping Hand|p1a: Hugo
|-singleturn|p1a: Hugo|Helping Hand|[of] p1b: Nanami
|move|p2a: Ursaluna|Protect|p2a: Ursaluna
|-singleturn|p2a: Ursaluna|Protect
|move|p1a: Hugo|Magma Storm|p2a: Ursaluna
|-activate|p2a: Ursaluna|move: Protect
|move|p2b: Araquanid|Infestation|p1b: Nanami
|-supereffective|p1b: Nanami
|-damage|p1b: Nanami|16/100
|-activate|p1b: Nanami|move: Infestation|[of] p2b: Araquanid
|
|-heal|p2b: Araquanid|55/100|[from] item: Leftovers
|-damage|p1b: Nanami|4/100|[from] Leech Seed|[of] p2b: Araquanid
|-heal|p2b: Araquanid|71/100|[silent]
|-damage|p1b: Nanami|0 fnt|[from] move: Infestation|[partiallytrapped]
|faint|p1b: Nanami
|upkeep
|
|t:|1750775879
|switch|p1b: Gojo|Miraidon, L50|100/100
|-fieldstart|move: Electric Terrain|[from] ability: Hadron Engine|[of] p1b: Gojo
|turn|7
|inactive|lpelpe has 30 seconds left.
|
|t:|1750775909
|move|p1b: Gojo|Electro Drift|p2a: Ursaluna
|-damage|p2a: Ursaluna|0 fnt
|faint|p2a: Ursaluna
|move|p1a: Hugo|Magma Storm|p2b: Araquanid
|-damage|p2b: Araquanid|53/100
|-activate|p2b: Araquanid|move: Magma Storm|[of] p1a: Hugo
|move|p2b: Araquanid|Infestation|p1b: Gojo
|-damage|p1b: Gojo|97/100
|-activate|p1b: Gojo|move: Infestation|[of] p2b: Araquanid
|
|-heal|p2b: Araquanid|59/100|[from] item: Leftovers
|-damage|p1b: Gojo|84/100|[from] move: Infestation|[partiallytrapped]
|-damage|p2b: Araquanid|47/100|[from] move: Magma Storm|[partiallytrapped]
|upkeep
|
|t:|1750775913
|switch|p2a: Calyrex|Calyrex-Ice, L50|100/100
|-ability|p2a: Calyrex|As One
|-ability|p2a: Calyrex|Unnerve
|turn|8
|inactive|DivinesilaPatrick has 30 seconds left.
|
|t:|1750775946
|move|p2a: Calyrex|Protect|p2a: Calyrex
|-singleturn|p2a: Calyrex|Protect
|move|p1b: Gojo|Electro Drift|p2a: Calyrex
|-activate|p2a: Calyrex|move: Protect
|move|p1a: Hugo|Magma Storm|p2a: Calyrex
|-activate|p2a: Calyrex|move: Protect
|move|p2b: Araquanid|Infestation|p1a: Hugo
|-supereffective|p1a: Hugo
|-damage|p1a: Hugo|93/100
|-activate|p1a: Hugo|move: Infestation|[of] p2b: Araquanid
|
|-heal|p2b: Araquanid|52/100|[from] item: Leftovers
|-damage|p1b: Gojo|72/100|[from] move: Infestation|[partiallytrapped]
|-damage|p1a: Hugo|81/100|[from] move: Infestation|[partiallytrapped]
|-damage|p2b: Araquanid|40/100|[from] move: Magma Storm|[partiallytrapped]
|upkeep
|turn|9
|inactive|lpelpe has 30 seconds left.
|inactive|lpelpe has 20 seconds left.
|inactive|lpelpe has 15 seconds left.
|inactive|lpelpe has 10 seconds left.
|
|t:|1750775992
|move|p1b: Gojo|Electro Drift|p2a: Calyrex
|-damage|p2a: Calyrex|12/100
|move|p1a: Hugo|Magma Storm|p2a: Calyrex
|-supereffective|p2a: Calyrex
|-damage|p2a: Calyrex|0 fnt
|faint|p2a: Calyrex
|move|p2b: Araquanid|Liquidation|p1b: Gojo
|-resisted|p1b: Gojo
|-damage|p1b: Gojo|51/100
|-unboost|p1b: Gojo|def|1
|
|-heal|p2b: Araquanid|46/100|[from] item: Leftovers
|-damage|p1b: Gojo|39/100|[from] move: Infestation|[partiallytrapped]
|-damage|p1a: Hugo|68/100|[from] move: Infestation|[partiallytrapped]
|-damage|p2b: Araquanid|34/100|[from] move: Magma Storm|[partiallytrapped]
|upkeep
|turn|10
|
|t:|1750776013
|move|p2b: Araquanid|Protect|p2b: Araquanid
|-singleturn|p2b: Araquanid|Protect
|move|p1b: Gojo|Electro Drift|p2b: Araquanid
|-activate|p2b: Araquanid|move: Protect
|move|p1a: Hugo|Tera Blast|p2b: Araquanid|[anim] Tera Blast Grass
|-activate|p2b: Araquanid|move: Protect
|
|-heal|p2b: Araquanid|40/100|[from] item: Leftovers
|-damage|p1b: Gojo|27/100|[from] move: Infestation|[partiallytrapped]
|-damage|p1a: Hugo|56/100|[from] move: Infestation|[partiallytrapped]
|-damage|p2b: Araquanid|28/100|[from] move: Magma Storm|[partiallytrapped]
|upkeep
|turn|11
|
|t:|1750776034
|move|p2b: Araquanid|Protect|p2b: Araquanid
|-singleturn|p2b: Araquanid|Protect
|move|p1b: Gojo|Electro Drift|p2b: Araquanid
|-activate|p2b: Araquanid|move: Protect
|move|p1a: Hugo|Tera Blast|p2b: Araquanid|[anim] Tera Blast Grass
|-activate|p2b: Araquanid|move: Protect
|
|-heal|p2b: Araquanid|34/100|[from] item: Leftovers
|-damage|p1b: Gojo|14/100|[from] move: Infestation|[partiallytrapped]
|-damage|p1a: Hugo|43/100|[from] move: Infestation|[partiallytrapped]
|-end|p2b: Araquanid|Magma Storm|[partiallytrapped]
|-fieldend|move: Electric Terrain
|upkeep
|turn|12
|
|t:|1750776046
|move|p2b: Araquanid|Protect||[still]
|-fail|p2b: Araquanid
|move|p1b: Gojo|Electro Drift|p2b: Araquanid
|-supereffective|p2b: Araquanid
|-damage|p2b: Araquanid|0 fnt
|faint|p2b: Araquanid
|
|win|DivinesilaPatrick
|raw|DivinesilaPatrick's rating: 1250 &rarr; <strong>1281</strong><br />(+31 for winning)
|raw|lpelpe's rating: 1334 &rarr; <strong>1309</strong><br />(-25 for losing)
|l|☆lpelpe
|player|p2|
|l|☆DivinesilaPatrick
|player|p1|
