|j|☆kutaka kfc
|j|☆RonChan24
|t:|1750747722
|gametype|doubles
|player|p1|kutaka kfc|169|1336
|player|p2|RonChan24|serena|1327
|teamsize|p1|6
|teamsize|p2|6
|gen|9
|tier|[Gen 9] VGC 2025 Reg I
|rated|
|rule|Species Clause: Limit one of each Pokémon
|rule|Item Clause: Limit 1 of each item
|clearpoke
|poke|p1|Eternatus, L50|
|poke|p1|Calyrex-Shadow, L50|
|poke|p1|Bronzong, L50|
|poke|p1|Urshifu-*, L50, F|
|poke|p1|Roaring Moon, L50|
|poke|p1|Incineroar, L50, M|
|poke|p2|Kyogre, L50|
|poke|p2|Kingdra, L50, M|
|poke|p2|Archaludon, L50, F|
|poke|p2|Zacian-*, L50|
|poke|p2|Grimmsnarl, L50, M|
|poke|p2|Landorus, L50, M|
|teampreview|4
|
|t:|1750747764
|start
|switch|p1a: Roaring Moon|Roaring Moon, L50|100/100
|switch|p1b: Calyrex|Calyrex-Shadow, L50|100/100
|switch|p2a: Kyogre|Kyogre, L50|100/100
|switch|p2b: Grimmsnarl|Grimmsnarl, L50, M|100/100
|-ability|p1b: Calyrex|As One
|-ability|p1b: Calyrex|Unnerve
|-weather|RainDance|[from] ability: Drizzle|[of] p2a: Kyogre
|-enditem|p1a: Roaring Moon|Booster Energy
|-activate|p1a: Roaring Moon|ability: Protosynthesis|[fromitem]
|-start|p1a: Roaring Moon|protosynthesisspe
|turn|1
|
|t:|1750747794
|move|p2b: Grimmsnarl|Light Screen|p2b: Grimmsnarl
|-sidestart|p2: RonChan24|move: Light Screen
|move|p1a: Roaring Moon|Acrobatics|p2a: Kyogre
|-damage|p2a: Kyogre|66/100
|move|p1b: Calyrex|Astral Barrage|p2b: Grimmsnarl|[spread] p2a,p2b
|-resisted|p2b: Grimmsnarl
|-damage|p2a: Kyogre|40/100
|-damage|p2b: Grimmsnarl|85/100
|move|p2a: Kyogre|Ice Beam|p1a: Roaring Moon
|-supereffective|p1a: Roaring Moon
|-damage|p1a: Roaring Moon|24/100
|
|-weather|RainDance|[upkeep]
|-heal|p2a: Kyogre|46/100|[from] item: Leftovers
|upkeep
|turn|2
|
|t:|1750747837
|-terastallize|p1b: Calyrex|Fairy
|move|p2a: Kyogre|Protect|p2a: Kyogre
|-singleturn|p2a: Kyogre|Protect
|move|p2b: Grimmsnarl|Thunder Wave|p1b: Calyrex
|-status|p1b: Calyrex|par
|move|p1a: Roaring Moon|Knock Off|p2a: Kyogre
|-activate|p2a: Kyogre|move: Protect
|move|p1b: Calyrex|Draining Kiss|p2b: Grimmsnarl
|-supereffective|p2b: Grimmsnarl
|-damage|p2b: Grimmsnarl|45/100
|
|-weather|RainDance|[upkeep]
|-heal|p2a: Kyogre|52/100|[from] item: Leftovers
|upkeep
|turn|3
|
|t:|1750747865
|move|p2b: Grimmsnarl|Thunder Wave|p1a: Roaring Moon
|-hint|Since gen 7, Dark is immune to Prankster moves.
|-immune|p1a: Roaring Moon
|move|p1a: Roaring Moon|Tailwind|p1a: Roaring Moon
|-sidestart|p1: kutaka kfc|move: Tailwind
|move|p1b: Calyrex|Draining Kiss|p2b: Grimmsnarl
|-supereffective|p2b: Grimmsnarl
|-damage|p2b: Grimmsnarl|5/100
|move|p2a: Kyogre|Origin Pulse|p1a: Roaring Moon|[spread] p1a,p1b
|-resisted|p1a: Roaring Moon
|-damage|p1a: Roaring Moon|0 fnt
|-damage|p1b: Calyrex|23/100 par
|faint|p1a: Roaring Moon
|-end|p1a: Roaring Moon|Protosynthesis|[silent]
|
|-weather|RainDance|[upkeep]
|-heal|p2a: Kyogre|58/100|[from] item: Leftovers
|upkeep
|
|t:|1750747875
|switch|p1a: Incineroar|Incineroar, L50, M|100/100
|-ability|p1a: Incineroar|Intimidate|boost
|-unboost|p2a: Kyogre|atk|1
|-unboost|p2b: Grimmsnarl|atk|1
|turn|4
|
|t:|1750747898
|move|p2a: Kyogre|Protect|p2a: Kyogre
|-singleturn|p2a: Kyogre|Protect
|move|p1a: Incineroar|Fake Out|p2a: Kyogre
|-activate|p2a: Kyogre|move: Protect
|move|p2b: Grimmsnarl|Reflect|p2b: Grimmsnarl
|-sidestart|p2: RonChan24|Reflect
|cant|p1b: Calyrex|par
|
|-weather|RainDance|[upkeep]
|-heal|p2a: Kyogre|64/100|[from] item: Leftovers
|upkeep
|turn|5
|
|t:|1750747916
|cant|p1b: Calyrex|par
|move|p1a: Incineroar|Knock Off|p2a: Kyogre
|-damage|p2a: Kyogre|39/100
|-enditem|p2a: Kyogre|Leftovers|[from] move: Knock Off|[of] p1a: Incineroar
|move|p2a: Kyogre|Origin Pulse|p1a: Incineroar|[spread] p1a,p1b
|-supereffective|p1a: Incineroar
|-crit|p1a: Incineroar
|-damage|p1a: Incineroar|0 fnt
|-damage|p1b: Calyrex|0 fnt
|faint|p1a: Incineroar
|faint|p1b: Calyrex
|move|p2b: Grimmsnarl|Spirit Break|p1: Incineroar|[notarget]
|-fail|p2b: Grimmsnarl
|
|-weather|none
|upkeep
|
|t:|1750747923
|switch|p1b: Eternatus|Eternatus, L50|100/100
|-ability|p1b: Eternatus|Pressure
|turn|6
|
|t:|1750747940
|move|p1b: Eternatus|Flamethrower|p2b: Grimmsnarl
|-damage|p2b: Grimmsnarl|0 fnt
|faint|p2b: Grimmsnarl
|move|p2a: Kyogre|Ice Beam|p1b: Eternatus
|-supereffective|p1b: Eternatus
|-damage|p1b: Eternatus|36/100
|
|-sideend|p1: kutaka kfc|move: Tailwind
|upkeep
|
|t:|1750747954
|switch|p2b: Kingdra|Kingdra, L50, M|100/100
|turn|7
|-message|kutaka kfc forfeited.
|
|win|RonChan24
|raw|kutaka kfc's rating: 1336 &rarr; <strong>1315</strong><br />(-21 for losing)
|raw|RonChan24's rating: 1327 &rarr; <strong>1348</strong><br />(+21 for winning)
|l|☆kutaka kfc
|player|p1|
