|j|☆21Kieran
|j|☆gackajink
|t:|1750727804
|gametype|doubles
|player|p1|21Kieran|hau-masters|
|player|p2|gackajink|miku-flying|
|teamsize|p1|6
|teamsize|p2|6
|gen|9
|tier|[Gen 9] VGC 2025 Reg I
|rated|Tournament battle
|rule|Species Clause: Limit one of each Pokémon
|rule|Item Clause: Limit 1 of each item
|raw|<div class="infobox"><details class="readmore" open><summary><strong>2 custom rules:</strong></summary> Force Open Team Sheets, !Open Team Sheets</details></div>
|clearpoke
|poke|p1|Miraidon, L50|
|poke|p1|Terapagos, L50, M|
|poke|p1|Urshifu-*, L50, F|
|poke|p1|Incineroar, L50, M|
|poke|p1|Sinistcha, L50|
|poke|p1|Landorus, L50, M|
|poke|p2|Koraidon, L50|
|poke|p2|Calyrex-Shadow, L50|
|poke|p2|Scream Tail, L50|
|poke|p2|Gothitelle, L50, F|
|poke|p2|Incineroar, L50, F|
|poke|p2|Jumpluff, L50, F|
|teampreview|4
|showteam|p1|Miraidon||AssaultVest|HadronEngine|ElectroDrift,VoltSwitch,DracoMeteor,Snarl||||||50|,,,,,Electric]Terapagos||ElectricSeed|TeraShift|TeraStarstorm,EarthPower,CalmMind,Protect|||M|||50|,,,,,Stellar]Urshifu-Rapid-Strike||ChoiceScarf|UnseenFist|SurgingStrikes,CloseCombat,RainDance,Uturn|||F|||50|,,,,,Water]Incineroar||RockyHelmet|Intimidate|FakeOut,PartingShot,KnockOff,FlareBlitz|||M|||50|,,,,,Ghost]Sinistcha||FocusSash|Hospitality|ShadowBall,RagePowder,LifeDew,Protect||||||50|,,,,,Fire]Landorus||LifeOrb|SheerForce|EarthPower,SludgeBomb,Protect,SandsearStorm|||M|||50|,,,,,Poison
|showteam|p2|Koraidon||LifeOrb|OrichalcumPulse|FlareBlitz,CloseCombat,Protect,FlameCharge||||||50|,,,,,Fire]Calyrex-Shadow||FocusSash|AsOneSpectrier|AstralBarrage,Psychic,NastyPlot,Protect||||||50|,,,,,Ghost]Scream Tail||BoosterEnergy|Protosynthesis|Encore,Disable,PerishSong,Protect||||||50|,,,,,Dark]Gothitelle||SitrusBerry|ShadowTag|FakeOut,HelpingHand,Protect,Psychic|||F|||50|,,,,,Normal]Incineroar||RockyHelmet|Intimidate|FakeOut,PartingShot,FlareBlitz,Protect|||F|||50|,,,,,Bug]Jumpluff||WideLens|Chlorophyll|SleepPowder,Tailwind,RagePowder,Protect|||F|||50|,,,,,Ghost
|c|☆21Kieran|finally
|c|☆gackajink|omg i didnt miss it
|c|☆gackajink|sorry
|j| Infernape314
|c|☆21Kieran|anyways glhf
|c|☆gackajink|had to go between classes middle of ur last match
|c|☆gackajink|u2
|c|☆gackajink|wait
|c|☆gackajink|NO
|c|☆gackajink|this si the wrong team
|c|☆21Kieran|smh
|c|☆gackajink|it auto switched :(
|j| pumpkinflame
|c|☆21Kieran|shouldve checked
|c|☆21Kieran|u should let me get the win frfr
|c|☆gackajink|i thought i didnt have time
|c|☆21Kieran|( i wanna face thacrow in finals )
|c|☆gackajink|i was gonna prove snow is good again
|c|☆21Kieran|anyways hurry up
|c|☆gackajink|im thinking >:(
|inactive|Battle timer is ON: inactive players will automatically lose when time's up. (requested by 21Kieran)
|j| TheRealSaffy
|c|☆21Kieran|hows that buddy
|c| TheRealSaffy|did someone go offline
|inactive|gackajink has 60 seconds left.
|
|t:|1750727924
|start
|switch|p1a: Miraidon|Miraidon, L50|100/100
|switch|p1b: Urshifu|Urshifu-Rapid-Strike, L50, F|100/100
|switch|p2a: Calyrex|Calyrex-Shadow, L50|100/100
|switch|p2b: Koraidon|Koraidon, L50|100/100
|-ability|p2a: Calyrex|As One
|-ability|p2a: Calyrex|Unnerve
|-weather|SunnyDay|[from] ability: Orichalcum Pulse|[of] p2b: Koraidon
|-activate|p2b: Koraidon|Orichalcum Pulse|[source]
|-fieldstart|move: Electric Terrain|[from] ability: Hadron Engine|[of] p1a: Miraidon
|turn|1
|j| imgoldshark07
|inactive|gackajink has 30 seconds left.
|
|t:|1750727957
|move|p2b: Koraidon|Protect|p2b: Koraidon
|-singleturn|p2b: Koraidon|Protect
|move|p1b: Urshifu|Rain Dance|p1b: Urshifu
|-weather|RainDance
|move|p2a: Calyrex|Psychic|p1b: Urshifu
|-supereffective|p1b: Urshifu
|-damage|p1b: Urshifu|0 fnt
|faint|p1b: Urshifu
|-ability|p2a: Calyrex|Grim Neigh|boost
|-boost|p2a: Calyrex|spa|1
|move|p1a: Miraidon|Draco Meteor|p2b: Koraidon
|-activate|p2b: Koraidon|move: Protect
|
|-weather|RainDance|[upkeep]
|upkeep
|
|t:|1750727968
|switch|p1b: Incineroar|Incineroar, L50, M, shiny|100/100
|-ability|p1b: Incineroar|Intimidate|boost
|-unboost|p2a: Calyrex|atk|1
|-unboost|p2b: Koraidon|atk|1
|turn|2
|c|☆gackajink|rain dance is bs
|l| Infernape314
|c|☆21Kieran|its so funny
|inactive|gackajink has 30 seconds left.
|c| imgoldshark07|Switch out bro
|inactive|21Kieran has 30 seconds left.
|c| imgoldshark07|Like it's that easy
|inactive|gackajink has 20 seconds left.
|inactive|gackajink has 15 seconds left.
|
|t:|1750728009
|switch|p2b: Gothitelle|Gothitelle, L50, F|100/100
|move|p2a: Calyrex|Protect|p2a: Calyrex
|-singleturn|p2a: Calyrex|Protect
|move|p1a: Miraidon|Electro Drift|p2a: Calyrex
|-activate|p2a: Calyrex|move: Protect
|move|p1b: Incineroar|Knock Off|p2a: Calyrex
|-activate|p2a: Calyrex|move: Protect
|
|-weather|RainDance|[upkeep]
|upkeep
|turn|3
|
|t:|1750728033
|move|p2b: Gothitelle|Helping Hand|p2a: Calyrex
|-singleturn|p2a: Calyrex|Helping Hand|[of] p2b: Gothitelle
|move|p2a: Calyrex|Astral Barrage|p1b: Incineroar|[spread] p1a,p1b
|-resisted|p1b: Incineroar
|-damage|p1a: Miraidon|33/100
|-damage|p1b: Incineroar|47/100
|move|p1a: Miraidon|Volt Switch|p2b: Gothitelle
|-damage|p2b: Gothitelle|34/100
|-enditem|p2b: Gothitelle|Sitrus Berry|[eat]
|-heal|p2b: Gothitelle|59/100|[from] item: Sitrus Berry
|
|t:|1750728043
|switch|p1a: Terapagos|Terapagos, L50, M|100/100|[from] Volt Switch
|-activate|p1a: Terapagos|ability: Tera Shift
|detailschange|p1a: Terapagos|Terapagos-Terastal, L50, M
|-heal|p1a: Terapagos|100/100|[silent]
|-enditem|p1a: Terapagos|Electric Seed
|-boost|p1a: Terapagos|def|1|[from] item: Electric Seed
|move|p1b: Incineroar|Knock Off|p2a: Calyrex
|-supereffective|p2a: Calyrex
|-crit|p2a: Calyrex
|-enditem|p2a: Calyrex|Focus Sash
|-damage|p2a: Calyrex|1/100
|
|-weather|RainDance|[upkeep]
|upkeep
|turn|4
|c|☆21Kieran|crit mattered
|c|☆gackajink|totally
|c| imgoldshark07|So real
|inactive|gackajink has 30 seconds left.
|
|t:|1750728071
|move|p2b: Gothitelle|Helping Hand|p2a: Calyrex
|-singleturn|p2a: Calyrex|Helping Hand|[of] p2b: Gothitelle
|move|p2a: Calyrex|Astral Barrage|p1b: Incineroar|[spread] p1b
|-immune|p1a: Terapagos
|-resisted|p1b: Incineroar
|-damage|p1b: Incineroar|0 fnt
|faint|p1b: Incineroar
|-ability|p2a: Calyrex|Grim Neigh|boost
|-boost|p2a: Calyrex|spa|1
|move|p1a: Terapagos|Calm Mind|p1a: Terapagos
|-boost|p1a: Terapagos|spa|1
|-boost|p1a: Terapagos|spd|1
|
|-weather|RainDance|[upkeep]
|upkeep
|
|t:|1750728076
|switch|p1b: Miraidon|Miraidon, L50|33/100
|-activate|p1b: Miraidon|ability: Hadron Engine
|turn|5
|
|t:|1750728090
|move|p2a: Calyrex|Astral Barrage|p1a: Terapagos|[spread] p1b
|-immune|p1a: Terapagos
|-damage|p1b: Miraidon|0 fnt
|faint|p1b: Miraidon
|-ability|p2a: Calyrex|Grim Neigh|boost
|-boost|p2a: Calyrex|spa|1
|move|p1a: Terapagos|Calm Mind|p1a: Terapagos
|-boost|p1a: Terapagos|spa|1
|-boost|p1a: Terapagos|spd|1
|move|p2b: Gothitelle|Psychic|p1a: Terapagos
|-activate|p1a: Terapagos|ability: Tera Shell
|-resisted|p1a: Terapagos
|-damage|p1a: Terapagos|94/100
|
|-weather|none
|-fieldend|move: Electric Terrain
|upkeep
|turn|6
|c|☆21Kieran|pagos sweep trust
|c|☆gackajink|totally
|l| TheRealSaffy
|
|t:|1750728110
|-terastallize|p1a: Terapagos|Stellar
|detailschange|p1a: Terapagos|Terapagos-Stellar, L50, M, tera:Stellar
|-heal|p1a: Terapagos|95/100|[silent]
|move|p2b: Gothitelle|Helping Hand|p2a: Calyrex
|-singleturn|p2a: Calyrex|Helping Hand|[of] p2b: Gothitelle
|move|p2a: Calyrex|Psychic|p1a: Terapagos
|-damage|p1a: Terapagos|29/100
|move|p1a: Terapagos|Tera Starstorm|p2b: Gothitelle|[spread] p2a,p2b
|-damage|p2a: Calyrex|0 fnt
|-damage|p2b: Gothitelle|0 fnt
|faint|p2a: Calyrex
|faint|p2b: Gothitelle
|
|upkeep
|c| imgoldshark07|Hh psychic gonna go crazy
|j| Infernape314
|c|☆21Kieran|that did more then i thought lol
|
|t:|1750728124
|switch|p2a: Koraidon|Koraidon, L50|100/100
|switch|p2b: Scream Tail|Scream Tail, L50, shiny|100/100
|-weather|SunnyDay|[from] ability: Orichalcum Pulse|[of] p2a: Koraidon
|-activate|p2b: Scream Tail|ability: Protosynthesis
|-start|p2b: Scream Tail|protosynthesisspe
|-activate|p2a: Koraidon|Orichalcum Pulse|[source]
|turn|7
|c|☆21Kieran|anyways i lose to koraidon just basically like this lol
|c|☆gackajink|2x special defense is a lie
|c| imgoldshark07|Scream tail was there
|c|☆21Kieran|ggs was scared of perish
|c|☆gackajink|what if i struggle you to death
|c| imgoldshark07|It was always over
|
|t:|1750728150
|move|p2a: Koraidon|Protect|p2a: Koraidon
|-singleturn|p2a: Koraidon|Protect
|move|p2b: Scream Tail|Encore|p1a: Terapagos
|-start|p1a: Terapagos|Encore
|move|p1a: Terapagos|Tera Starstorm|p2a: Koraidon|[spread] p2b
|-activate|p2a: Koraidon|move: Protect
|-damage|p2b: Scream Tail|51/100
|
|-weather|SunnyDay|[upkeep]
|upkeep
|turn|8
|
|t:|1750728162
|move|p2a: Koraidon|Protect||[still]
|-fail|p2a: Koraidon
|move|p2b: Scream Tail|Disable|p1a: Terapagos
|-start|p1a: Terapagos|Disable|Tera Starstorm
|cant|p1a: Terapagos|Disable|Tera Starstorm
|
|-weather|SunnyDay|[upkeep]
|upkeep
|turn|9
|c| Infernape314|nah thats cruel xD
|
|t:|1750728171
|move|p2b: Scream Tail|Protect|p2b: Scream Tail
|-singleturn|p2b: Scream Tail|Protect
|move|p2a: Koraidon|Protect|p2a: Koraidon
|-singleturn|p2a: Koraidon|Protect
|-activate|p1a: Terapagos|move: Struggle
|move|p1a: Terapagos|Struggle|p2a: Koraidon
|-activate|p2a: Koraidon|move: Protect
|
|-weather|SunnyDay|[upkeep]
|-end|p1a: Terapagos|Encore
|upkeep
|turn|10
|c|☆21Kieran|lmao bro thought
|
|t:|1750728188
|move|p2b: Scream Tail|Encore||[still]
|-fail|p2b: Scream Tail
|move|p2a: Koraidon|Flame Charge|p1a: Terapagos
|-damage|p1a: Terapagos|12/100
|-boost|p2a: Koraidon|spe|1
|-damage|p2a: Koraidon|91/100|[from] item: Life Orb
|move|p1a: Terapagos|Earth Power|p2a: Koraidon
|-damage|p2a: Koraidon|30/100
|
|-weather|SunnyDay|[upkeep]
|upkeep
|turn|11
|c|☆gackajink|anyway gg
|c|☆21Kieran|gg
|
|t:|1750728206
|move|p1a: Terapagos|Protect|p1a: Terapagos
|-singleturn|p1a: Terapagos|Protect
|move|p2a: Koraidon|Close Combat|p1a: Terapagos
|-activate|p1a: Terapagos|move: Protect
|move|p2b: Scream Tail|Disable|p1a: Terapagos
|-activate|p1a: Terapagos|move: Protect
|
|-weather|none
|-end|p2b: Scream Tail|Protosynthesis
|-end|p1a: Terapagos|Disable
|upkeep
|-enditem|p2b: Scream Tail|Booster Energy
|-activate|p2b: Scream Tail|ability: Protosynthesis|[fromitem]
|-start|p2b: Scream Tail|protosynthesisspe
|turn|12
|c|☆gackajink|>:(
|
|t:|1750728216
|move|p2a: Koraidon|Protect|p2a: Koraidon
|-singleturn|p2a: Koraidon|Protect
|move|p2b: Scream Tail|Perish Song|p2b: Scream Tail
|-start|p1a: Terapagos|perish3|[silent]
|-start|p2a: Koraidon|perish3|[silent]
|-start|p2b: Scream Tail|perish3|[silent]
|-fieldactivate|move: Perish Song
|move|p1a: Terapagos|Tera Starstorm|p2a: Koraidon|[spread] p2b
|-activate|p2a: Koraidon|move: Protect
|-damage|p2b: Scream Tail|7/100
|
|-start|p2a: Koraidon|perish3
|-start|p2b: Scream Tail|perish3
|-start|p1a: Terapagos|perish3
|upkeep
|turn|13
|c|☆gackajink|im giving myself a lose con
|c|☆21Kieran|gacka
|c|☆21Kieran|u should give me the win
|c|☆21Kieran|i wanna face thacrow!!
|inactive|21Kieran has 30 seconds left.
|l| imgoldshark07
|c|☆21Kieran|and we can battle afterwards with snow
|c|☆gackajink|ill beat him with snow
|j| imgoldshark07
|c|☆21Kieran|truzz
|j| Clodsireenjoyer999
|
|t:|1750728265
|move|p1a: Terapagos|Protect|p1a: Terapagos
|-singleturn|p1a: Terapagos|Protect
|move|p2a: Koraidon|Close Combat|p1a: Terapagos
|-activate|p1a: Terapagos|move: Protect
|move|p2b: Scream Tail|Encore|p1a: Terapagos
|-activate|p1a: Terapagos|move: Protect
|
|-start|p2a: Koraidon|perish2
|-start|p2b: Scream Tail|perish2
|-start|p1a: Terapagos|perish2
|upkeep
|turn|14
|c|☆gackajink|ill win the tour with snow
|c|☆21Kieran|now all i gotta do
|c|☆21Kieran|is do this
|j| Hockeystick7
|
|t:|1750728284
|move|p1a: Terapagos|Protect||[still]
|-fail|p1a: Terapagos
|move|p2a: Koraidon|Close Combat|p1a: Terapagos
|-supereffective|p1a: Terapagos
|-damage|p1a: Terapagos|0 fnt
|-unboost|p2a: Koraidon|def|1
|-unboost|p2a: Koraidon|spd|1
|faint|p1a: Terapagos
|detailschange|p1: Terapagos|Terapagos, L50, M|[silent]
|-damage|p2a: Koraidon|21/100|[from] item: Life Orb
|
|win|gackajink
|n|☆21Kieran|21kieran
|n|☆gackajink|gackajink
|n| pumpkinflame|pumpkinflame
|n| Infernape314|infernape314
|n| imgoldshark07|imgoldshark07
|n| Clodsireenjoyer999|clodsireenjoyer999
|n| Hockeystick7|hockeystick7
