|j|☆LogoVGC
|j|☆CranidosKing147
|t:|1750739895
|gametype|doubles
|player|p1|LogoVGC|clown|1264
|player|p2|CranidosKing147|101|1252
|teamsize|p1|6
|teamsize|p2|6
|gen|9
|tier|[Gen 9] VGC 2025 Reg I
|rated|
|rule|Species Clause: Limit one of each Pokémon
|rule|Item Clause: Limit 1 of each item
|clearpoke
|poke|p1|Calyrex-Ice, L50|
|poke|p1|Miraidon, L50|
|poke|p1|Grimmsnarl, L50, M|
|poke|p1|Urshifu-*, L50, F|
|poke|p1|Incineroar, L50, F|
|poke|p1|Landorus, L50, M|
|poke|p2|Groudon, L50|
|poke|p2|Miraidon, L50|
|poke|p2|Jumpluff, L50, F|
|poke|p2|Raging Bolt, L50|
|poke|p2|Urshifu-*, L50, M|
|poke|p2|Incineroar, L50, M|
|teampreview|4
LogoVGC has agreed to open team sheets.
CranidosKing147 has agreed to open team sheets.
|showteam|p1|Calyrex-Ice||Leftovers|AsOneGlastrier|GlacialLance,LeechSeed,TrickRoom,Protect||||||50|,,,,,Water]Miraidon||ChoiceSpecs|HadronEngine|ElectroDrift,VoltSwitch,DracoMeteor,DazzlingGleam||||||50|,,,,,Fairy]Grimmsnarl||LightClay|Prankster|SpiritBreak,ThunderWave,Reflect,LightScreen|||M|||50|,,,,,Ghost]Urshifu-Rapid-Strike||ChoiceBand|UnseenFist|SurgingStrikes,CloseCombat,Uturn,AquaJet|||F|||50|,,,,,Ghost]Incineroar||AssaultVest|Intimidate|FlareBlitz,KnockOff,Uturn,FakeOut|||F|||50|,,,,,Grass]Landorus||LifeOrb|SheerForce|EarthPower,SludgeBomb,Taunt,Protect|||M|||50|,,,,,Poison
|showteam|p2|Groudon||ClearAmulet|Drought|Protect,PrecipiceBlades,HeatCrash,HighHorsepower||||||50|,,,,,Grass]Miraidon||ChoiceSpecs|HadronEngine|DazzlingGleam,DracoMeteor,ElectroDrift,VoltSwitch||||||50|,,,,,Fairy]Jumpluff||CovertCloak|Chlorophyll|Tailwind,Encore,HelpingHand,PollenPuff|||F|||50|,,,,,Ghost]Raging Bolt||AssaultVest|Protosynthesis|Thunderclap,DracoMeteor,Thunderbolt,WeatherBall||||||50|,,,,,Electric]Urshifu||FocusSash|UnseenFist|Detect,WickedBlow,CloseCombat,BrickBreak|||M|||50|,,,,,Dark]Incineroar||SafetyGoggles|Intimidate|FakeOut,PartingShot,KnockOff,FlareBlitz|||M|||50|,,,,,Dragon
|inactive|Battle timer is ON: inactive players will automatically lose when time's up. (requested by LogoVGC)
|inactive|CranidosKing147 has 60 seconds left.
|
|t:|1750739980
|start
|switch|p1a: Calyrex|Calyrex-Ice, L50|100/100
|switch|p1b: Incineroar|Incineroar, L50, F|100/100
|switch|p2a: Groudon|Groudon, L50, shiny|100/100
|switch|p2b: Incineroar|Incineroar, L50, M|100/100
|-ability|p1a: Calyrex|As One
|-ability|p1a: Calyrex|Unnerve
|-weather|SunnyDay|[from] ability: Drought|[of] p2a: Groudon
|-ability|p1b: Incineroar|Intimidate|boost
|-fail|p2a: Groudon|unboost|[from] item: Clear Amulet|[of] p2a: Groudon
|-unboost|p2b: Incineroar|atk|1
|-ability|p2b: Incineroar|Intimidate|boost
|-unboost|p1a: Calyrex|atk|1
|-unboost|p1b: Incineroar|atk|1
|turn|1
|inactive|LogoVGC has 30 seconds left.
|inactive|CranidosKing147 has 30 seconds left.
|inactive|LogoVGC has 20 seconds left.
|
|t:|1750740019
|switch|p1a: Landorus|Landorus, L50, M|100/100
|move|p2a: Groudon|Protect|p2a: Groudon
|-singleturn|p2a: Groudon|Protect
|move|p1b: Incineroar|Fake Out|p2b: Incineroar
|-damage|p2b: Incineroar|94/100
|cant|p2b: Incineroar|flinch
|
|-weather|SunnyDay|[upkeep]
|upkeep
|turn|2
|
|t:|1750740042
|switch|p1b: Calyrex|Calyrex-Ice, L50|100/100
|-ability|p1b: Calyrex|As One
|-ability|p1b: Calyrex|Unnerve
|move|p2a: Groudon|Precipice Blades|p1b: Calyrex|[spread] p1b
|-immune|p1a: Landorus
|-crit|p1b: Calyrex
|-damage|p1b: Calyrex|58/100
|move|p1a: Landorus|Earth Power|p2a: Groudon
|-damage|p2a: Groudon|31/100
|move|p2b: Incineroar|Parting Shot|p1a: Landorus
|-unboost|p1a: Landorus|atk|1
|-unboost|p1a: Landorus|spa|1
|
|t:|1750740060
|switch|p2b: Miraidon|Miraidon, L50|100/100|[from] Parting Shot
|-fieldstart|move: Electric Terrain|[from] ability: Hadron Engine|[of] p2b: Miraidon
|
|-weather|SunnyDay|[upkeep]
|-heal|p1b: Calyrex|64/100|[from] item: Leftovers
|upkeep
|turn|3
|
|t:|1750740084
|switch|p2a: Incineroar|Incineroar, L50, M|94/100
|-ability|p2a: Incineroar|Intimidate|boost
|-unboost|p1a: Landorus|atk|1
|-unboost|p1b: Calyrex|atk|1
|move|p2b: Miraidon|Draco Meteor|p1b: Calyrex
|-damage|p1b: Calyrex|0 fnt
|-unboost|p2b: Miraidon|spa|2
|faint|p1b: Calyrex
|move|p1a: Landorus|Earth Power|p2b: Miraidon
|-supereffective|p2b: Miraidon
|-damage|p2b: Miraidon|25/100
|
|-weather|SunnyDay|[upkeep]
|upkeep
|
|t:|1750740096
|switch|p1b: Incineroar|Incineroar, L50, F|100/100
|-ability|p1b: Incineroar|Intimidate|boost
|-unboost|p2a: Incineroar|atk|1
|-unboost|p2b: Miraidon|atk|1
|turn|4
|
|t:|1750740111
|switch|p2b: Groudon|Groudon, L50, shiny|31/100
|move|p1b: Incineroar|Fake Out|p2a: Incineroar
|-damage|p2a: Incineroar|84/100
|cant|p2a: Incineroar|flinch
|move|p1a: Landorus|Earth Power|p2a: Incineroar
|-supereffective|p2a: Incineroar
|-damage|p2a: Incineroar|6/100
|
|-weather|SunnyDay|[upkeep]
|upkeep
|turn|5
|inactive|LogoVGC has 30 seconds left.
|
|t:|1750740138
|-terastallize|p1b: Incineroar|Grass
|move|p2b: Groudon|Precipice Blades|p1b: Incineroar|[spread] p1b
|-immune|p1a: Landorus
|-resisted|p1b: Incineroar
|-damage|p1b: Incineroar|77/100
|move|p1b: Incineroar|U-turn|p2a: Incineroar
|-damage|p2a: Incineroar|0 fnt
|faint|p2a: Incineroar
|
|t:|1750740146
|switch|p1b: Miraidon|Miraidon, L50|100/100|[from] U-turn
|-activate|p1b: Miraidon|ability: Hadron Engine
|move|p1a: Landorus|Earth Power|p2b: Groudon
|-damage|p2b: Groudon|0 fnt
|faint|p2b: Groudon
|
|-weather|none
|upkeep
|
|t:|1750740155
|switch|p2b: Urshifu|Urshifu, L50, M|100/100
|switch|p2a: Miraidon|Miraidon, L50|25/100
|-activate|p2a: Miraidon|ability: Hadron Engine
|turn|6
|
|t:|1750740175
|switch|p1a: Incineroar|Incineroar, L50, F, tera:Grass|77/100
|-ability|p1a: Incineroar|Intimidate|boost
|-unboost|p2a: Miraidon|atk|1
|-unboost|p2b: Urshifu|atk|1
|-terastallize|p2b: Urshifu|Dark
|move|p2a: Miraidon|Electro Drift|p1b: Miraidon
|-resisted|p1b: Miraidon
|-damage|p1b: Miraidon|78/100
|move|p1b: Miraidon|Dazzling Gleam|p2b: Urshifu|[spread] p2a,p2b
|-supereffective|p2a: Miraidon
|-supereffective|p2b: Urshifu
|-damage|p2a: Miraidon|0 fnt
|-enditem|p2b: Urshifu|Focus Sash
|-damage|p2b: Urshifu|1/100
|faint|p2a: Miraidon
|move|p2b: Urshifu|Wicked Blow|p1a: Incineroar
|-crit|p1a: Incineroar
|-damage|p1a: Incineroar|0 fnt
|faint|p1a: Incineroar
|
|-fieldend|move: Electric Terrain
|upkeep
|
|t:|1750740188
|switch|p1a: Landorus|Landorus, L50, M|100/100
|turn|7
|
|t:|1750740198
|move|p1b: Miraidon|Dazzling Gleam|p2b: Urshifu
|-supereffective|p2b: Urshifu
|-damage|p2b: Urshifu|0 fnt
|faint|p2b: Urshifu
|
|win|LogoVGC
|raw|LogoVGC's rating: 1264 &rarr; <strong>1288</strong><br />(+24 for winning)
|raw|CranidosKing147's rating: 1252 &rarr; <strong>1228</strong><br />(-24 for losing)
|l|☆CranidosKing147
|player|p2|
|l|☆LogoVGC
|player|p1|
