|j|☆pankeki5
|j|☆SeerSebastian
|t:|1750727048
|gametype|doubles
|player|p1|pankeki5|rocketgruntf|1256
|player|p2|SeerSebastian|1|1241
|teamsize|p1|6
|teamsize|p2|6
|gen|9
|tier|[Gen 9] VGC 2025 Reg I
|rated|
|rule|Species Clause: Limit one of each Pokémon
|rule|Item Clause: Limit 1 of each item
|clearpoke
|poke|p1|Calyrex-Shadow, L50|
|poke|p1|Rayquaza, L50|
|poke|p1|Flutter Mane, L50|
|poke|p1|Incineroar, L50, M|
|poke|p1|Rillaboom, L50, M|
|poke|p1|Chien-Pao, L50|
|poke|p2|Zoroark-Hisui, L50, F|
|poke|p2|Dialga-Origin, L50|
|poke|p2|Calyrex-Ice, L50|
|poke|p2|Incineroar, L50, M|
|poke|p2|Ursaluna, L50, F|
|poke|p2|Ogerpon-Wellspring, L50, F|
|teampreview|4
|inactive|Battle timer is ON: inactive players will automatically lose when time's up. (requested by SeerSebastian)
|inactive|pankeki5 has 60 seconds left.
|inactive|SeerSebastian has 60 seconds left.
|inactive|pankeki5 has 30 seconds left.
|inactive|pankeki5 has 20 seconds left.
|inactive|pankeki5 has 15 seconds left.
|inactive|pankeki5 has 10 seconds left.
|
|t:|1750727131
|start
|switch|p1a: Chien-Pao|Chien-Pao, L50|100/100
|switch|p1b: Calyrex|Calyrex-Shadow, L50|100/100
|switch|p2a: Dialga|Dialga-Origin, L50|100/100
|switch|p2b: Incineroar|Incineroar, L50, M|100/100
|-ability|p1b: Calyrex|As One
|-ability|p1b: Calyrex|Unnerve
|-ability|p1a: Chien-Pao|Sword of Ruin
|turn|1
|inactive|pankeki5 has 30 seconds left.
|inactive|pankeki5 has 20 seconds left.
|inactive|pankeki5 has 15 seconds left.
|inactive|pankeki5 has 10 seconds left.
|inactive|pankeki5 has 5 seconds left.
|
|t:|1750727183
|-terastallize|p1b: Calyrex|Fairy
|move|p1b: Calyrex|Snarl|p2b: Incineroar|[spread] p2a,p2b
|-supereffective|p2a: Dialga
|-resisted|p2b: Incineroar
|-enditem|p2a: Dialga|Focus Sash
|-damage|p2a: Dialga|1/100
|-damage|p2b: Incineroar|93/100
|-unboost|p2a: Dialga|spa|1
|-unboost|p2b: Incineroar|spa|1
|replace|p2a: Zoroark|Zoroark-Hisui, L50, F
|-end|p2a: Zoroark|Illusion
|move|p1a: Chien-Pao|Throat Chop|p2b: Incineroar
|-resisted|p2b: Incineroar
|-damage|p2b: Incineroar|70/100
|-start|p2b: Incineroar|Throat Chop|[silent]
|move|p2a: Zoroark|Bitter Malice|p1b: Calyrex
|-damage|p1b: Calyrex|75/100
|-unboost|p1b: Calyrex|atk|1
|move|p2b: Incineroar|U-turn|p1a: Chien-Pao
|-supereffective|p1a: Chien-Pao
|-damage|p1a: Chien-Pao|32/100
|inactive|SeerSebastian has 30 seconds left.
|
|t:|1750727211
|switch|p2b: Calyrex|Calyrex-Ice, L50|100/100|[from] U-turn
|-ability|p2b: Calyrex|As One
|-ability|p2b: Calyrex|Unnerve
|
|upkeep
|turn|2
|
|t:|1750727229
|switch|p1b: Incineroar|Incineroar, L50, M|100/100
|-ability|p1b: Incineroar|Intimidate|boost
|-unboost|p2a: Zoroark|atk|1
|-fail|p2b: Calyrex|unboost|[from] item: Clear Amulet|[of] p2b: Calyrex
|move|p2b: Calyrex|Protect|p2b: Calyrex
|-singleturn|p2b: Calyrex|Protect
|move|p1a: Chien-Pao|Throat Chop|p2b: Calyrex
|-activate|p2b: Calyrex|move: Protect
|move|p2a: Zoroark|Hyper Voice|p1b: Incineroar|[spread] p1a,p1b
|-damage|p1a: Chien-Pao|0 fnt
|-damage|p1b: Incineroar|76/100
|faint|p1a: Chien-Pao
|
|upkeep
|
|t:|1750727253
|switch|p1a: Rayquaza|Rayquaza, L50, shiny|100/100
|-ability|p1a: Rayquaza|Air Lock
|turn|3
|inactive|pankeki5 has 30 seconds left.
|inactive|SeerSebastian has 30 seconds left.
|inactive|pankeki5 has 20 seconds left.
|
|t:|1750727292
|-terastallize|p2b: Calyrex|Dragon
|move|p2a: Zoroark|Bitter Malice|p1a: Rayquaza
|-damage|p1a: Rayquaza|81/100
|move|p1a: Rayquaza|Dragon Ascent|p2b: Calyrex
|-damage|p2b: Calyrex|58/100
|-unboost|p1a: Rayquaza|def|1
|-unboost|p1a: Rayquaza|spd|1
|move|p1b: Incineroar|Will-O-Wisp|p2b: Calyrex
|-status|p2b: Calyrex|brn
|move|p2b: Calyrex|Trick Room|p2b: Calyrex
|-fieldstart|move: Trick Room|[of] p2b: Calyrex
|
|-damage|p2b: Calyrex|52/100 brn|[from] brn
|upkeep
|turn|4
|inactive|pankeki5 has 30 seconds left.
|
|t:|1750727320
|switch|p2a: Incineroar|Incineroar, L50, M|70/100
|move|p1a: Rayquaza|Protect|p1a: Rayquaza
|-singleturn|p1a: Rayquaza|Protect
|move|p2b: Calyrex|Glacial Lance|p1a: Rayquaza|[spread] p1b
|-activate|p1a: Rayquaza|move: Protect
|-resisted|p1b: Incineroar
|-damage|p1b: Incineroar|66/100
|move|p1b: Incineroar|Knock Off|p2b: Calyrex
|-damage|p2b: Calyrex|30/100 brn
|-enditem|p2b: Calyrex|Clear Amulet|[from] move: Knock Off|[of] p1b: Incineroar
|
|-damage|p2b: Calyrex|24/100 brn|[from] brn
|upkeep
|turn|5
|inactive|pankeki5 has 30 seconds left.
|inactive|pankeki5 has 20 seconds left.
|inactive|pankeki5 has 15 seconds left.
|inactive|pankeki5 has 10 seconds left.
|
|t:|1750727369
|switch|p1a: Calyrex|Calyrex-Shadow, L50, tera:Fairy|75/100
|-ability|p1a: Calyrex|As One
|-ability|p1a: Calyrex|Unnerve
|move|p2a: Incineroar|Fake Out|p1a: Calyrex
|-damage|p1a: Calyrex|59/100
|move|p2b: Calyrex|Glacial Lance|p1b: Incineroar|[spread] p1a,p1b
|-resisted|p1b: Incineroar
|-damage|p1a: Calyrex|25/100
|-damage|p1b: Incineroar|55/100
|move|p1b: Incineroar|Parting Shot|p2b: Calyrex
|-unboost|p2b: Calyrex|atk|1
|-unboost|p2b: Calyrex|spa|1
|
|t:|1750727382
|switch|p1b: Rayquaza|Rayquaza, L50, shiny|81/100|[from] Parting Shot
|-ability|p1b: Rayquaza|Air Lock
|
|-damage|p2b: Calyrex|18/100 brn|[from] brn
|upkeep
|turn|6
|
|t:|1750727414
|switch|p2b: Dialga|Dialga-Origin, L50|100/100
|switch|p1a: Incineroar|Incineroar, L50, M|55/100
|-ability|p1a: Incineroar|Intimidate|boost
|-unboost|p2a: Incineroar|atk|1
|-unboost|p2b: Dialga|atk|1
|move|p1b: Rayquaza|Extreme Speed|p2b: Dialga
|-resisted|p2b: Dialga
|-damage|p2b: Dialga|89/100
|move|p2a: Incineroar|U-turn|p1b: Rayquaza
|-resisted|p1b: Rayquaza
|-damage|p1b: Rayquaza|73/100
|
|t:|1750727429
|switch|p2a: Calyrex|Calyrex-Ice, L50, tera:Dragon|18/100 brn|[from] U-turn
|-ability|p2a: Calyrex|As One
|-ability|p2a: Calyrex|Unnerve
|
|-damage|p2a: Calyrex|13/100 brn|[from] brn
|upkeep
|turn|7
|inactive|SeerSebastian has 30 seconds left.
|inactive|SeerSebastian has 20 seconds left.
|inactive|SeerSebastian has 15 seconds left.
|
|t:|1750727477
|switch|p2a: Incineroar|Incineroar, L50, M|1/100
|move|p1b: Rayquaza|Extreme Speed|p2a: Incineroar
|-immune|p2a: Incineroar
|move|p1a: Incineroar|Parting Shot|p2b: Dialga
|-unboost|p2b: Dialga|atk|1
|-unboost|p2b: Dialga|spa|1
|
|t:|1750727484
|switch|p1a: Calyrex|Calyrex-Shadow, L50, tera:Fairy|25/100|[from] Parting Shot
|-ability|p1a: Calyrex|As One
|-ability|p1a: Calyrex|Unnerve
|move|p2b: Dialga|Trick Room|p2b: Dialga
|-fieldend|move: Trick Room
|
|upkeep
|turn|8
|inactive|pankeki5 has 30 seconds left.
|inactive|SeerSebastian has 30 seconds left.
|inactive|pankeki5 has 20 seconds left.
|inactive|SeerSebastian has 20 seconds left.
|inactive|pankeki5 has 15 seconds left.
|inactive|pankeki5 has 10 seconds left.
|
|t:|1750727533
|switch|p2b: Incineroar|Incineroar, L50, M|70/100
|move|p2a: Incineroar|Protect|p2a: Incineroar
|-singleturn|p2a: Incineroar|Protect
|move|p1a: Calyrex|Astral Barrage|p2a: Incineroar|[spread] p2b
|-activate|p2a: Incineroar|move: Protect
|-resisted|p2b: Incineroar
|-damage|p2b: Incineroar|47/100
|move|p1b: Rayquaza|Swords Dance|p1b: Rayquaza
|-boost|p1b: Rayquaza|atk|2
|
|upkeep
|turn|9
|inactive|SeerSebastian has 30 seconds left.
|inactive|SeerSebastian has 20 seconds left.
|inactive|SeerSebastian has 15 seconds left.
|
|t:|1750727577
|switch|p1a: Incineroar|Incineroar, L50, M|55/100
|-ability|p1a: Incineroar|Intimidate|boost
|-unboost|p2a: Incineroar|atk|1
|-unboost|p2b: Incineroar|atk|1
|move|p2b: Incineroar|Fake Out|p1b: Rayquaza
|-damage|p1b: Rayquaza|63/100
|cant|p1b: Rayquaza|flinch
|move|p2a: Incineroar|Hyper Voice|p1a: Incineroar|[spread] p1a,p1b
|-damage|p1a: Incineroar|20/100
|-damage|p1b: Rayquaza|36/100
|
|upkeep
|turn|10
|
|t:|1750727600
|switch|p2b: Dialga|Dialga-Origin, L50|89/100
|move|p2a: Incineroar|Protect|p2a: Incineroar
|-singleturn|p2a: Incineroar|Protect
|move|p1a: Incineroar|Fake Out|p2b: Dialga
|-resisted|p2b: Dialga
|-damage|p2b: Dialga|86/100
|move|p1b: Rayquaza|Dragon Ascent|p2a: Incineroar
|-activate|p2a: Incineroar|move: Protect
|
|upkeep
|turn|11
|
|t:|1750727619
|move|p1b: Rayquaza|Protect|p1b: Rayquaza
|-singleturn|p1b: Rayquaza|Protect
|move|p2a: Incineroar|Hyper Voice|p1b: Rayquaza|[spread] p1a
|-activate|p1b: Rayquaza|move: Protect
|-damage|p1a: Incineroar|0 fnt
|faint|p1a: Incineroar
|move|p2b: Dialga|Draco Meteor|p1b: Rayquaza
|-activate|p1b: Rayquaza|move: Protect
|
|upkeep
|
|t:|1750727628
|switch|p1a: Calyrex|Calyrex-Shadow, L50, tera:Fairy|25/100
|-ability|p1a: Calyrex|As One
|-ability|p1a: Calyrex|Unnerve
|turn|12
|inactive|pankeki5 has 30 seconds left.
|
|t:|1750727657
|move|p2a: Incineroar|Protect|p2a: Incineroar
|-singleturn|p2a: Incineroar|Protect
|move|p1a: Calyrex|Snarl|p2b: Dialga|[spread] p2b
|-activate|p2a: Incineroar|move: Protect
|-damage|p2b: Dialga|70/100
|-unboost|p2b: Dialga|spa|1
|move|p1b: Rayquaza|Dragon Ascent|p2b: Dialga
|-resisted|p2b: Dialga
|-damage|p2b: Dialga|19/100
|-unboost|p1b: Rayquaza|def|1
|-unboost|p1b: Rayquaza|spd|1
|move|p2b: Dialga|Flash Cannon|p1a: Calyrex
|-supereffective|p1a: Calyrex
|-damage|p1a: Calyrex|0 fnt
|faint|p1a: Calyrex
|
|upkeep
|turn|13
|inactive|pankeki5 has 30 seconds left.
|inactive|pankeki5 has 20 seconds left.
|
|t:|1750727682
|move|p2a: Incineroar|Hyper Voice|p1b: Rayquaza
|-damage|p1b: Rayquaza|0 fnt
|faint|p1b: Rayquaza
|
|win|SeerSebastian
|raw|pankeki5's rating: 1256 &rarr; <strong>1230</strong><br />(-26 for losing)
|raw|SeerSebastian's rating: 1241 &rarr; <strong>1267</strong><br />(+26 for winning)
|l|☆SeerSebastian
|player|p2|
|l|☆pankeki5
|player|p1|
|j|☆SeerSebastian
|player|p2|SeerSebastian|1|
