|j|☆Fifty rttyyy
|j|☆GG=Groudon Gaming
|t:|1750833449
|gametype|doubles
|player|p1|Fifty rttyyy|102|1106
|player|p2|GG=Groudon Gaming|acerola-masters2|1040
|teamsize|p1|6
|teamsize|p2|6
|gen|9
|tier|[Gen 9] VGC 2025 Reg I
|rated|
|rule|Species Clause: Limit one of each Pokémon
|rule|Item Clause: Limit 1 of each item
|clearpoke
|poke|p1|Calyrex-Shadow, L50|
|poke|p1|Koraidon, L50|
|poke|p1|Chi-Yu, L50|
|poke|p1|Tornadus, L50, M|
|poke|p1|Raging Bolt, L50|
|poke|p1|Rillaboom, L50, F|
|poke|p2|Groudon, L50|
|poke|p2|Miraidon, L50|
|poke|p2|Entei, L50|
|poke|p2|Whimsicott, L50, M|
|poke|p2|Flutter Mane, L50|
|poke|p2|Volcarona, L50, M|
|teampreview|4
|inactive|Battle timer is ON: inactive players will automatically lose when time's up. (requested by GG=Groudon Gaming)
|inactive|GG=Groudon Gaming has 60 seconds left.
|
|t:|1750833485
|start
|switch|p1a: Koraidon|Koraidon, L50|100/100
|switch|p1b: Chi-Yu|Chi-Yu, L50|100/100
|switch|p2a: Miraidon|Miraidon, L50|100/100
|switch|p2b: Whimsicott|Whimsicott, L50, M|100/100
|-weather|SunnyDay|[from] ability: Orichalcum Pulse|[of] p1a: Koraidon
|-activate|p1a: Koraidon|Orichalcum Pulse|[source]
|-fieldstart|move: Electric Terrain|[from] ability: Hadron Engine|[of] p2a: Miraidon
|-ability|p1b: Chi-Yu|Beads of Ruin
|turn|1
|
|t:|1750833502
|move|p2b: Whimsicott|Tailwind|p2b: Whimsicott
|-sidestart|p2: GG=Groudon Gaming|move: Tailwind
|move|p2a: Miraidon|Electro Drift|p1b: Chi-Yu
|-enditem|p1b: Chi-Yu|Focus Sash
|-damage|p1b: Chi-Yu|1/100
|move|p1a: Koraidon|Flame Charge|p2b: Whimsicott
|-supereffective|p2b: Whimsicott
|-damage|p2b: Whimsicott|12/100
|-boost|p1a: Koraidon|spe|1
|move|p1b: Chi-Yu|Heat Wave|p2b: Whimsicott|[spread] p2a,p2b
|-resisted|p2a: Miraidon
|-supereffective|p2b: Whimsicott
|-damage|p2a: Miraidon|71/100
|-damage|p2b: Whimsicott|0 fnt
|faint|p2b: Whimsicott
|
|-weather|SunnyDay|[upkeep]
|upkeep
|
|t:|1750833519
|switch|p2b: Groudon|Groudon, L50|100/100
|turn|2
|
|t:|1750833533
|move|p1a: Koraidon|Protect|p1a: Koraidon
|-singleturn|p1a: Koraidon|Protect
|move|p1b: Chi-Yu|Protect|p1b: Chi-Yu
|-singleturn|p1b: Chi-Yu|Protect
|move|p2a: Miraidon|Electro Drift|p1a: Koraidon
|-activate|p1a: Koraidon|move: Protect
|move|p2b: Groudon|Precipice Blades|p1b: Chi-Yu|[spread] 
|-activate|p1a: Koraidon|move: Protect
|-activate|p1b: Chi-Yu|move: Protect
|
|-weather|SunnyDay|[upkeep]
|upkeep
|turn|3
|inactive|Fifty rttyyy has 30 seconds left.
|
|t:|1750833564
|move|p2a: Miraidon|Electro Drift|p1a: Koraidon
|-resisted|p1a: Koraidon
|-damage|p1a: Koraidon|10/100
|move|p1a: Koraidon|Flare Blitz|p2a: Miraidon
|-resisted|p2a: Miraidon
|-damage|p2a: Miraidon|36/100
|-damage|p1a: Koraidon|0 fnt|[from] Recoil
|faint|p1a: Koraidon
|move|p2b: Groudon|Precipice Blades|p1b: Chi-Yu|[miss]
|-miss|p2b: Groudon|p1b: Chi-Yu
|move|p1b: Chi-Yu|Dark Pulse|p2b: Groudon
|-damage|p2b: Groudon|48/100
|
|-weather|SunnyDay|[upkeep]
|upkeep
|
|t:|1750833581
|switch|p1a: Rillaboom|Rillaboom, L50, F|100/100
|-fieldstart|move: Grassy Terrain|[from] ability: Grassy Surge|[of] p1a: Rillaboom
|turn|4
|
|t:|1750833596
|move|p1a: Rillaboom|Fake Out|p2b: Groudon
|-crit|p2b: Groudon
|-damage|p2b: Groudon|33/100
|move|p2a: Miraidon|Electro Drift|p1b: Chi-Yu
|-damage|p1b: Chi-Yu|0 fnt
|faint|p1b: Chi-Yu
|cant|p2b: Groudon|flinch
|
|-weather|SunnyDay|[upkeep]
|-heal|p2a: Miraidon|42/100|[from] Grassy Terrain
|-heal|p2b: Groudon|39/100|[from] Grassy Terrain
|-sideend|p2: GG=Groudon Gaming|move: Tailwind
|upkeep
|
|t:|1750833609
|switch|p1b: Raging Bolt|Raging Bolt, L50|100/100
|-activate|p1b: Raging Bolt|ability: Protosynthesis
|-start|p1b: Raging Bolt|protosynthesisspa
|turn|5
|
|t:|1750833632
|switch|p2a: Flutter Mane|Flutter Mane, L50|100/100
|-activate|p2a: Flutter Mane|ability: Protosynthesis
|-start|p2a: Flutter Mane|protosynthesisspe
|-terastallize|p1b: Raging Bolt|Electric
|move|p2b: Groudon|Protect|p2b: Groudon
|-singleturn|p2b: Groudon|Protect
|move|p1a: Rillaboom|Grassy Glide|p2b: Groudon
|-activate|p2b: Groudon|move: Protect
|move|p1b: Raging Bolt|Dragon Pulse|p2a: Flutter Mane
|-immune|p2a: Flutter Mane
|
|-weather|none
|-end|p2a: Flutter Mane|Protosynthesis
|-end|p1b: Raging Bolt|Protosynthesis
|-heal|p2b: Groudon|45/100|[from] Grassy Terrain
|upkeep
|turn|6
|
|t:|1750833656
|-terastallize|p2b: Groudon|Fire
|move|p1b: Raging Bolt|Protect|p1b: Raging Bolt
|-singleturn|p1b: Raging Bolt|Protect
|move|p1a: Rillaboom|Grassy Glide|p2b: Groudon
|-resisted|p2b: Groudon
|-damage|p2b: Groudon|32/100
|move|p2a: Flutter Mane|Moonblast|p1b: Raging Bolt
|-activate|p1b: Raging Bolt|move: Protect
|move|p2b: Groudon|Heat Crash|p1a: Rillaboom
|-supereffective|p1a: Rillaboom
|-damage|p1a: Rillaboom|0 fnt
|faint|p1a: Rillaboom
|
|-heal|p2b: Groudon|37/100|[from] Grassy Terrain
|upkeep
|turn|7
|
|t:|1750833677
|move|p1b: Raging Bolt|Thunderclap|p2b: Groudon
|-damage|p2b: Groudon|0 fnt
|faint|p2b: Groudon
|move|p2a: Flutter Mane|Moonblast|p1b: Raging Bolt
|-damage|p1b: Raging Bolt|60/100
|
|-heal|p1b: Raging Bolt|67/100|[from] Grassy Terrain
|upkeep
|
|t:|1750833679
|switch|p2b: Miraidon|Miraidon, L50|42/100
|-fieldstart|move: Electric Terrain|[from] ability: Hadron Engine|[of] p2b: Miraidon
|turn|8
|
|t:|1750833691
|move|p1b: Raging Bolt|Protect|p1b: Raging Bolt
|-singleturn|p1b: Raging Bolt|Protect
|move|p2a: Flutter Mane|Moonblast|p1b: Raging Bolt
|-activate|p1b: Raging Bolt|move: Protect
|move|p2b: Miraidon|Dazzling Gleam|p1b: Raging Bolt
|-activate|p1b: Raging Bolt|move: Protect
|
|upkeep
|turn|9
|
|t:|1750833705
|move|p2a: Flutter Mane|Moonblast|p1b: Raging Bolt
|-damage|p1b: Raging Bolt|19/100
|move|p2b: Miraidon|Dazzling Gleam|p1b: Raging Bolt
|-damage|p1b: Raging Bolt|0 fnt
|faint|p1b: Raging Bolt
|-end|p1b: Raging Bolt|Protosynthesis|[silent]
|
|win|GG=Groudon Gaming
|raw|Fifty rttyyy's rating: 1106 &rarr; <strong>1076</strong><br />(-30 for losing)
|raw|GG=Groudon Gaming's rating: 1040 &rarr; <strong>1080</strong><br />(+40 for winning)
