|j|☆Agent VGD
|j|☆randonik
|t:|1750839036
|gametype|doubles
|player|p1|Agent VGD|camper|1285
|player|p2|randonik|101|1329
|teamsize|p1|6
|teamsize|p2|6
|gen|9
|tier|[Gen 9] VGC 2025 Reg I
|rated|
|rule|Species Clause: Limit one of each Pokémon
|rule|Item Clause: Limit 1 of each item
|clearpoke
|poke|p1|Tyranitar, L50, M|
|poke|p1|Excadrill, L50, M|
|poke|p1|Zamazenta-*, L50|
|poke|p1|Iron Bundle, L50|
|poke|p1|Raging Bolt, L50|
|poke|p1|Reshiram, L50|
|poke|p2|Kyurem-White, L50|
|poke|p2|Tornadus, L50, M|
|poke|p2|Calyrex-Shadow, L50|
|poke|p2|Indeedee-F, L50, F|
|poke|p2|Dondozo, L50, M|
|poke|p2|Tatsugiri, L50, F|
|teampreview|4
|inactive|Battle timer is ON: inactive players will automatically lose when time's up. (requested by randonik)
|inactive|Agent VGD has 60 seconds left.
|
|t:|1750839081
|start
|switch|p1a: Raging Bolt|Raging Bolt, L50|100/100
|switch|p1b: Excadrill|Excadrill, L50, M|100/100
|switch|p2a: Indeedee|Indeedee-F, L50, F|100/100
|switch|p2b: Calyrex|Calyrex-Shadow, L50|100/100
|-ability|p2b: Calyrex|As One
|-ability|p2b: Calyrex|Unnerve
|-fieldstart|move: Psychic Terrain|[from] ability: Psychic Surge|[of] p2a: Indeedee
|turn|1
|
|t:|1750839104
|-end|p1a: Raging Bolt|Protosynthesis|[silent]
|switch|p1a: Tyranitar|Tyranitar, L50, M|100/100
|-weather|Sandstorm|[from] ability: Sand Stream|[of] p1a: Tyranitar
|move|p2a: Indeedee|Helping Hand|p2b: Calyrex
|-singleturn|p2b: Calyrex|Helping Hand|[of] p2a: Indeedee
|move|p1b: Excadrill|Rock Slide|p2a: Indeedee|[spread] p2a,p2b
|-damage|p2a: Indeedee|69/100
|-damage|p2b: Calyrex|66/100
|-damage|p1b: Excadrill|91/100|[from] item: Life Orb
|cant|p2b: Calyrex|flinch
|
|-weather|Sandstorm|[upkeep]
|-damage|p2b: Calyrex|60/100|[from] Sandstorm
|-damage|p2a: Indeedee|63/100|[from] Sandstorm
|upkeep
|turn|2
|
|t:|1750839123
|move|p1a: Tyranitar|Protect|p1a: Tyranitar
|-singleturn|p1a: Tyranitar|Protect
|move|p2a: Indeedee|Follow Me|p2a: Indeedee
|-singleturn|p2a: Indeedee|move: Follow Me
|move|p1b: Excadrill|High Horsepower|p2a: Indeedee
|-damage|p2a: Indeedee|0 fnt
|-damage|p1b: Excadrill|75/100|[from] item: Rocky Helmet|[of] p2a: Indeedee
|faint|p2a: Indeedee
|-damage|p1b: Excadrill|65/100|[from] item: Life Orb
|move|p2b: Calyrex|Astral Barrage|p1a: Tyranitar|[spread] p1b
|-activate|p1a: Tyranitar|move: Protect
|-damage|p1b: Excadrill|0 fnt
|faint|p1b: Excadrill
|-ability|p2b: Calyrex|Grim Neigh|boost
|-boost|p2b: Calyrex|spa|1
|
|-weather|Sandstorm|[upkeep]
|-damage|p2b: Calyrex|55/100|[from] Sandstorm
|upkeep
|
|t:|1750839140
|switch|p1b: Zamazenta|Zamazenta-Crowned, L50|100/100
|switch|p2a: Tornadus|Tornadus, L50, M|100/100
|-ability|p1b: Zamazenta|Dauntless Shield|boost
|-boost|p1b: Zamazenta|def|1
|turn|3
|
|t:|1750839149
|move|p1b: Zamazenta|Wide Guard|p1b: Zamazenta
|-singleturn|p1b: Zamazenta|Wide Guard
|move|p2a: Tornadus|Taunt|p1b: Zamazenta
|-activate|p1b: Zamazenta|move: Psychic Terrain
|move|p2b: Calyrex|Pollen Puff|p1a: Tyranitar
|-supereffective|p1a: Tyranitar
|-damage|p1a: Tyranitar|53/100
|move|p1a: Tyranitar|Knock Off|p2b: Calyrex
|-supereffective|p2b: Calyrex
|-damage|p2b: Calyrex|0 fnt
|-enditem|p2b: Calyrex|Focus Sash|[from] move: Knock Off|[of] p1a: Tyranitar
|faint|p2b: Calyrex
|
|-weather|Sandstorm|[upkeep]
|-damage|p2a: Tornadus|95/100|[from] Sandstorm
|upkeep
|
|t:|1750839161
|switch|p2b: Kyurem|Kyurem-White, L50|100/100
|-ability|p2b: Kyurem|Turboblaze
|turn|4
|
|t:|1750839169
|-terastallize|p2b: Kyurem|Ground
|move|p2a: Tornadus|Tailwind|p2a: Tornadus
|-sidestart|p2: randonik|move: Tailwind
|move|p2b: Kyurem|Earth Power|p1b: Zamazenta
|-supereffective|p1b: Zamazenta
|-damage|p1b: Zamazenta|15/100
|move|p1b: Zamazenta|Body Press|p2b: Kyurem
|-damage|p2b: Kyurem|55/100
|move|p1a: Tyranitar|Rock Slide|p2a: Tornadus|[spread] p2a,p2b
|-supereffective|p2a: Tornadus
|-resisted|p2b: Kyurem
|-damage|p2a: Tornadus|25/100
|-damage|p2b: Kyurem|46/100
|
|-weather|Sandstorm|[upkeep]
|-damage|p2a: Tornadus|19/100|[from] Sandstorm
|upkeep
|turn|5
|
|t:|1750839192
|move|p1b: Zamazenta|Wide Guard|p1b: Zamazenta
|-singleturn|p1b: Zamazenta|Wide Guard
|move|p2a: Tornadus|Snowscape|p2a: Tornadus
|-weather|Snowscape
|move|p2b: Kyurem|Blizzard|p1b: Zamazenta|[spread] 
|-activate|p1a: Tyranitar|move: Wide Guard
|-activate|p1b: Zamazenta|move: Wide Guard
|move|p1a: Tyranitar|Knock Off|p2b: Kyurem
|-damage|p2b: Kyurem|9/100
|-enditem|p2b: Kyurem|Assault Vest|[from] move: Knock Off|[of] p1a: Tyranitar
|
|-weather|Snowscape|[upkeep]
|-fieldend|move: Psychic Terrain
|upkeep
|turn|6
|
|t:|1750839214
|move|p2a: Tornadus|Bleakwind Storm|p1a: Tyranitar|[spread] p1a,p1b
|-resisted|p1a: Tyranitar
|-damage|p1a: Tyranitar|42/100
|-damage|p1b: Zamazenta|0 fnt
|faint|p1b: Zamazenta
|move|p2b: Kyurem|Earth Power|p1a: Tyranitar
|-supereffective|p1a: Tyranitar
|-damage|p1a: Tyranitar|0 fnt
|faint|p1a: Tyranitar
|
|-weather|Snowscape|[upkeep]
|upkeep
|
|t:|1750839222
|switch|p1b: Raging Bolt|Raging Bolt, L50|100/100
|turn|7
|
|t:|1750839230
|-terastallize|p1b: Raging Bolt|Fairy
|move|p2a: Tornadus|Bleakwind Storm|p1b: Raging Bolt
|-crit|p1b: Raging Bolt
|-damage|p1b: Raging Bolt|59/100
|-unboost|p1b: Raging Bolt|spe|1
|move|p2b: Kyurem|Earth Power|p1b: Raging Bolt
|-damage|p1b: Raging Bolt|20/100
|move|p1b: Raging Bolt|Weather Ball|p2b: Kyurem
|-supereffective|p2b: Kyurem
|-damage|p2b: Kyurem|0 fnt
|faint|p2b: Kyurem
|
|-weather|Snowscape|[upkeep]
|-sideend|p2: randonik|move: Tailwind
|upkeep
|turn|8
|
|t:|1750839241
|move|p2a: Tornadus|Tailwind|p2a: Tornadus
|-sidestart|p2: randonik|move: Tailwind
|move|p1b: Raging Bolt|Thunderclap||[still]
|-fail|p1b: Raging Bolt
|
|-weather|Snowscape|[upkeep]
|upkeep
|turn|9
|
|t:|1750839252
|move|p2a: Tornadus|Taunt|p1b: Raging Bolt
|-start|p1b: Raging Bolt|move: Taunt
|move|p1b: Raging Bolt|Thunderclap||[still]
|-fail|p1b: Raging Bolt
|
|-weather|none
|upkeep
|turn|10
|
|t:|1750839256
|move|p2a: Tornadus|Snowscape|p2a: Tornadus
|-weather|Snowscape
|move|p1b: Raging Bolt|Thunderclap||[still]
|-fail|p1b: Raging Bolt
|
|-weather|Snowscape|[upkeep]
|upkeep
|turn|11
|
|t:|1750839259
|move|p1b: Raging Bolt|Thunderclap|p2a: Tornadus
|-supereffective|p2a: Tornadus
|-damage|p2a: Tornadus|0 fnt
|faint|p2a: Tornadus
|
|win|Agent VGD
|raw|Agent VGD's rating: 1285 &rarr; <strong>1313</strong><br />(+28 for winning)
|raw|randonik's rating: 1329 &rarr; <strong>1306</strong><br />(-23 for losing)
|c|☆Agent VGD|Gg
|c|☆randonik|Gg
|l|☆randonik
|player|p2|
|l|☆Agent VGD
|player|p1|
