|j|☆Calango1828
|j|☆dalespartan119
|t:|1750734473
|gametype|doubles
|player|p1|Calango1828|lass-gen4dp|1104
|player|p2|dalespartan119|ethan|1116
|teamsize|p1|6
|teamsize|p2|6
|gen|9
|tier|[Gen 9] VGC 2025 Reg I
|rated|
|rule|Species Clause: Limit one of each Pokémon
|rule|Item Clause: Limit 1 of each item
|clearpoke
|poke|p1|Calyrex-Ice, L50|
|poke|p1|Kyogre, L50|
|poke|p1|Dusclops, L50, M|
|poke|p1|Decidueye-Hisui, L50, M|
|poke|p1|Ursaluna, L50, F|
|poke|p1|Amoonguss, L50, M|
|poke|p2|Koraidon, L50|
|poke|p2|Incineroar, L50, M|
|poke|p2|Flutter Mane, L50|
|poke|p2|Rillaboom, L50, M|
|poke|p2|Amoonguss, L50, F|
|poke|p2|Zamazenta-*, L50|
|teampreview|4
|
|t:|1750734523
|start
|switch|p1a: Dusclops|Dusclops, L50, M|100/100
|switch|p1b: Cavalo do Djabo|Calyrex-Ice, L50|100/100
|switch|p2a: Incineroar|Incineroar, L50, M|100/100
|switch|p2b: Flutter Mane|Flutter Mane, L50|100/100
|-ability|p1b: Cavalo do Djabo|As One
|-ability|p1b: Cavalo do Djabo|Unnerve
|-ability|p2a: Incineroar|Intimidate|boost
|-unboost|p1a: Dusclops|atk|1
|-unboost|p1b: Cavalo do Djabo|atk|1
|-ability|p1a: Dusclops|Pressure
|turn|1
|
|t:|1750734555
|-terastallize|p1b: Cavalo do Djabo|Fairy
|move|p2a: Incineroar|Fake Out|p1b: Cavalo do Djabo
|-damage|p1b: Cavalo do Djabo|94/100
|move|p2b: Flutter Mane|Shadow Ball|p1a: Dusclops
|-supereffective|p1a: Dusclops
|-damage|p1a: Dusclops|50/100
|cant|p1b: Cavalo do Djabo|flinch
|move|p1a: Dusclops|Trick Room|p1a: Dusclops
|-fieldstart|move: Trick Room|[of] p1a: Dusclops
|
|-heal|p1b: Cavalo do Djabo|99/100|[from] item: Leftovers
|upkeep
|turn|2
|
|t:|1750734580
|move|p2b: Flutter Mane|Protect|p2b: Flutter Mane
|-singleturn|p2b: Flutter Mane|Protect
|move|p1a: Dusclops|Pain Split|p2a: Incineroar
|-sethp|p2a: Incineroar|68/100|[from] move: Pain Split|[silent]
|-sethp|p1a: Dusclops|94/100|[from] move: Pain Split
|move|p1b: Cavalo do Djabo|Leech Seed|p2b: Flutter Mane
|-activate|p2b: Flutter Mane|move: Protect
|move|p2a: Incineroar|Knock Off|p1a: Dusclops
|-supereffective|p1a: Dusclops
|-damage|p1a: Dusclops|49/100
|-enditem|p1a: Dusclops|Eviolite|[from] move: Knock Off|[of] p2a: Incineroar
|
|-heal|p1b: Cavalo do Djabo|100/100|[from] item: Leftovers
|upkeep
|turn|3
|
|t:|1750734615
|-end|p2b: Flutter Mane|Protosynthesis|[silent]
|switch|p2b: Rillaboom|Rillaboom, L50, M|100/100
|-fieldstart|move: Grassy Terrain|[from] ability: Grassy Surge|[of] p2b: Rillaboom
|move|p1a: Dusclops|Will-O-Wisp|p2b: Rillaboom|[miss]
|-miss|p1a: Dusclops|p2b: Rillaboom
|move|p1b: Cavalo do Djabo|High Horsepower|p2a: Incineroar
|-supereffective|p2a: Incineroar
|-damage|p2a: Incineroar|34/100
|move|p2a: Incineroar|Knock Off|p1a: Dusclops
|-supereffective|p1a: Dusclops
|-damage|p1a: Dusclops|7/100
|
|-heal|p1a: Dusclops|13/100|[from] Grassy Terrain
|-heal|p2a: Incineroar|40/100|[from] Grassy Terrain
|upkeep
|turn|4
|
|t:|1750734637
|move|p2b: Rillaboom|Fake Out|p1b: Cavalo do Djabo
|-damage|p1b: Cavalo do Djabo|93/100
|move|p1a: Dusclops|Pain Split|p2b: Rillaboom
|-sethp|p2b: Rillaboom|55/100|[from] move: Pain Split|[silent]
|-sethp|p1a: Dusclops|73/100|[from] move: Pain Split
|cant|p1b: Cavalo do Djabo|flinch
|move|p2a: Incineroar|Knock Off|p1a: Dusclops
|-supereffective|p1a: Dusclops
|-damage|p1a: Dusclops|24/100
|
|-heal|p1a: Dusclops|30/100|[from] Grassy Terrain
|-heal|p1b: Cavalo do Djabo|99/100|[from] Grassy Terrain
|-heal|p1b: Cavalo do Djabo|100/100|[from] item: Leftovers
|-heal|p2a: Incineroar|46/100|[from] Grassy Terrain
|-heal|p2b: Rillaboom|61/100|[from] Grassy Terrain
|upkeep
|turn|5
|
|t:|1750734659
|move|p2b: Rillaboom|Grassy Glide|p1a: Dusclops
|-damage|p1a: Dusclops|0 fnt
|faint|p1a: Dusclops
|move|p1b: Cavalo do Djabo|Glacial Lance|p2a: Incineroar|[spread] p2a,p2b
|-resisted|p2a: Incineroar
|-supereffective|p2b: Rillaboom
|-crit|p2b: Rillaboom
|-damage|p2a: Incineroar|33/100
|-damage|p2b: Rillaboom|0 fnt
|faint|p2b: Rillaboom
|-ability|p1b: Cavalo do Djabo|Chilling Neigh|boost
|-boost|p1b: Cavalo do Djabo|atk|1
|move|p2a: Incineroar|Parting Shot|p1b: Cavalo do Djabo
|-unboost|p1b: Cavalo do Djabo|atk|1
|-unboost|p1b: Cavalo do Djabo|spa|1
|
|t:|1750734673
|switch|p2a: Koraidon|Koraidon, L50|100/100|[from] Parting Shot
|-weather|SunnyDay|[from] ability: Orichalcum Pulse|[of] p2a: Koraidon
|-activate|p2a: Koraidon|Orichalcum Pulse|[source]
|
|-weather|SunnyDay|[upkeep]
|-fieldend|move: Trick Room
|upkeep
|
|t:|1750734681
|switch|p2b: Incineroar|Incineroar, L50, M|33/100
|switch|p1a: Kyogre|Kyogre, L50|100/100
|-weather|RainDance|[from] ability: Drizzle|[of] p1a: Kyogre
|-ability|p2b: Incineroar|Intimidate|boost
|-unboost|p1a: Kyogre|atk|1
|-unboost|p1b: Cavalo do Djabo|atk|1
|turn|6
|
|t:|1750734716
|switch|p2a: Flutter Mane|Flutter Mane, L50|100/100
|move|p2b: Incineroar|Fake Out|p1a: Kyogre
|-damage|p1a: Kyogre|88/100
|cant|p1a: Kyogre|flinch
|move|p1b: Cavalo do Djabo|Trick Room|p1b: Cavalo do Djabo
|-fieldstart|move: Trick Room|[of] p1b: Cavalo do Djabo
|
|-weather|RainDance|[upkeep]
|-heal|p2b: Incineroar|39/100|[from] Grassy Terrain
|-heal|p1a: Kyogre|94/100|[from] Grassy Terrain
|upkeep
|turn|7
|
|t:|1750734743
|switch|p2b: Koraidon|Koraidon, L50|100/100
|-weather|SunnyDay|[from] ability: Orichalcum Pulse|[of] p2b: Koraidon
|-activate|p2a: Flutter Mane|ability: Protosynthesis
|-start|p2a: Flutter Mane|protosynthesisspe
|-activate|p2b: Koraidon|Orichalcum Pulse|[source]
|-terastallize|p2a: Flutter Mane|Fairy
|move|p1a: Kyogre|Protect|p1a: Kyogre
|-singleturn|p1a: Kyogre|Protect
|move|p1b: Cavalo do Djabo|Glacial Lance|p2a: Flutter Mane|[spread] p2a,p2b
|-supereffective|p2b: Koraidon
|-damage|p2a: Flutter Mane|41/100
|-damage|p2b: Koraidon|55/100
|move|p2a: Flutter Mane|Moonblast|p1a: Kyogre
|-activate|p1a: Kyogre|move: Protect
|
|-weather|SunnyDay|[upkeep]
|-heal|p1a: Kyogre|99/100|[from] Grassy Terrain
|-heal|p2b: Koraidon|61/100|[from] Grassy Terrain
|-heal|p2a: Flutter Mane|47/100|[from] Grassy Terrain
|-fieldend|move: Grassy Terrain
|upkeep
|turn|8
|
|t:|1750734778
|move|p2a: Flutter Mane|Protect|p2a: Flutter Mane
|-singleturn|p2a: Flutter Mane|Protect
|move|p1b: Cavalo do Djabo|Leech Seed|p2b: Koraidon
|-start|p2b: Koraidon|move: Leech Seed
|move|p1a: Kyogre|Origin Pulse|p2b: Koraidon|[spread] p2b
|-activate|p2a: Flutter Mane|move: Protect
|-resisted|p2b: Koraidon
|-damage|p2b: Koraidon|47/100
|move|p2b: Koraidon|Flare Blitz|p1b: Cavalo do Djabo
|-damage|p1b: Cavalo do Djabo|43/100
|-damage|p2b: Koraidon|24/100|[from] Recoil
|-damage|p2b: Koraidon|15/100|[from] item: Life Orb
|
|-weather|SunnyDay|[upkeep]
|-heal|p1b: Cavalo do Djabo|48/100|[from] item: Leftovers
|-damage|p2b: Koraidon|2/100|[from] Leech Seed|[of] p1b: Cavalo do Djabo
|-heal|p1b: Cavalo do Djabo|59/100|[silent]
|upkeep
|turn|9
|
|t:|1750734810
|move|p1a: Kyogre|Protect|p1a: Kyogre
|-singleturn|p1a: Kyogre|Protect
|move|p1b: Cavalo do Djabo|Glacial Lance|p2a: Flutter Mane|[spread] p2a,p2b
|-supereffective|p2b: Koraidon
|-damage|p2a: Flutter Mane|0 fnt
|-damage|p2b: Koraidon|0 fnt
|faint|p2a: Flutter Mane
|-end|p2a: Flutter Mane|Protosynthesis|[silent]
|faint|p2b: Koraidon
|-ability|p1b: Cavalo do Djabo|Chilling Neigh|boost
|-boost|p1b: Cavalo do Djabo|atk|2
|
|-weather|SunnyDay|[upkeep]
|-heal|p1b: Cavalo do Djabo|65/100|[from] item: Leftovers
|upkeep
|
|t:|1750734821
|switch|p2b: Incineroar|Incineroar, L50, M|39/100
|-ability|p2b: Incineroar|Intimidate|boost
|-unboost|p1a: Kyogre|atk|1
|-unboost|p1b: Cavalo do Djabo|atk|1
|turn|10
|
|t:|1750734830
|move|p1b: Cavalo do Djabo|High Horsepower|p2b: Incineroar
|-supereffective|p2b: Incineroar
|-damage|p2b: Incineroar|1/100
|move|p2b: Incineroar|Flare Blitz|p1b: Cavalo do Djabo
|-damage|p1b: Cavalo do Djabo|29/100
|-damage|p2b: Incineroar|0 fnt|[from] Recoil
|faint|p2b: Incineroar
|
|win|Calango1828
|raw|Calango1828's rating: 1104 &rarr; <strong>1130</strong><br />(+26 for winning)
|raw|dalespartan119's rating: 1116 &rarr; <strong>1090</strong><br />(-26 for losing)
|l|☆dalespartan119
|player|p2|
