|j|☆vinicio499
|j|☆SiXTRiX VGC
|t:|1750874143
|gametype|doubles
|player|p1|vinicio499|dawn|1406
|player|p2|SiXTRiX VGC|102|1327
|teamsize|p1|6
|teamsize|p2|6
|gen|9
|tier|[Gen 9] VGC 2025 Reg I
|rated|
|rule|Species Clause: Limit one of each Pokémon
|rule|Item Clause: Limit 1 of each item
|clearpoke
|poke|p1|Miraidon, L50|
|poke|p1|Calyrex-Ice, L50|
|poke|p1|Stonjourner, L50, M|
|poke|p1|Farigiraf, L50, F|
|poke|p1|Incineroar, L50, F|
|poke|p1|Enamorus-Therian, L50, F|
|poke|p2|Lunala, L50|
|poke|p2|Miraidon, L50|
|poke|p2|Incineroar, L50, M|
|poke|p2|Ursaluna, L50, F|
|poke|p2|Whimsicott, L50, M|
|poke|p2|Urshifu-*, L50, F|
|teampreview|4
|inactive|Battle timer is ON: inactive players will automatically lose when time's up. (requested by vinicio499)
|inactive|vinicio499 has 60 seconds left.
|inactive|SiXTRiX VGC has 60 seconds left.
|inactive|SiXTRiX VGC has 30 seconds left.
|
|t:|1750874208
|start
|switch|p1a: Miraidon|Miraidon, L50|100/100
|switch|p1b: Incineroar|Incineroar, L50, F|100/100
|switch|p2a: Miraidon|Miraidon, L50|100/100
|switch|p2b: Lunala|Lunala, L50|100/100
|-fieldstart|move: Electric Terrain|[from] ability: Hadron Engine|[of] p2a: Miraidon
|-enditem|p2b: Lunala|Electric Seed
|-boost|p2b: Lunala|def|1|[from] item: Electric Seed
|-activate|p1a: Miraidon|ability: Hadron Engine
|-ability|p1b: Incineroar|Intimidate|boost
|-unboost|p2a: Miraidon|atk|1
|-unboost|p2b: Lunala|atk|1
|turn|1
|inactive|SiXTRiX VGC has 30 seconds left.
|
|t:|1750874246
|switch|p2a: Incineroar|Incineroar, L50, M|100/100
|-ability|p2a: Incineroar|Intimidate|boost
|-unboost|p1a: Miraidon|atk|1
|-unboost|p1b: Incineroar|atk|1
|move|p1b: Incineroar|Fake Out|p2a: Incineroar
|-damage|p2a: Incineroar|94/100
|move|p1a: Miraidon|Draco Meteor|p2a: Incineroar|[miss]
|-miss|p1a: Miraidon|p2a: Incineroar
|move|p2b: Lunala|Moonblast|p1a: Miraidon
|-supereffective|p1a: Miraidon
|-damage|p1a: Miraidon|70/100
|-unboost|p1a: Miraidon|spa|1
|
|upkeep
|turn|2
|inactive|SiXTRiX VGC has 30 seconds left.
|inactive|SiXTRiX VGC has 20 seconds left.
|inactive|SiXTRiX VGC has 15 seconds left.
|inactive|SiXTRiX VGC has 10 seconds left.
|
|t:|1750874294
|-terastallize|p2b: Lunala|Fairy
|move|p1a: Miraidon|Snarl|p2b: Lunala|[spread] p2a,p2b
|-resisted|p2a: Incineroar
|-resisted|p2b: Lunala
|-damage|p2a: Incineroar|91/100
|-damage|p2b: Lunala|98/100
|-unboost|p2a: Incineroar|spa|1
|-unboost|p2b: Lunala|spa|1
|move|p2b: Lunala|Moonblast|p1a: Miraidon
|-supereffective|p1a: Miraidon
|-damage|p1a: Miraidon|38/100
|-unboost|p1a: Miraidon|spa|1
|move|p2a: Incineroar|Knock Off|p1a: Miraidon
|-damage|p1a: Miraidon|8/100
|-enditem|p1a: Miraidon|Assault Vest|[from] move: Knock Off|[of] p2a: Incineroar
|move|p1b: Incineroar|Parting Shot|p2b: Lunala
|-unboost|p2b: Lunala|atk|1
|-unboost|p2b: Lunala|spa|1
|
|t:|1750874312
|switch|p1b: Calyrex|Calyrex-Ice, L50|100/100|[from] Parting Shot
|-ability|p1b: Calyrex|As One
|-ability|p1b: Calyrex|Unnerve
|
|upkeep
|turn|3
|inactive|SiXTRiX VGC has 30 seconds left.
|
|t:|1750874339
|-terastallize|p1b: Calyrex|Fire
|move|p1a: Miraidon|Volt Switch|p2b: Lunala
|-damage|p2b: Lunala|75/100
|
|t:|1750874347
|switch|p1a: Enamorus|Enamorus-Therian, L50, F|100/100|[from] Volt Switch
|move|p2b: Lunala|Moonblast|p1a: Enamorus
|-damage|p1a: Enamorus|79/100
|move|p2a: Incineroar|U-turn|p1b: Calyrex
|-resisted|p1b: Calyrex
|-damage|p1b: Calyrex|95/100
|
|t:|1750874357
|switch|p2a: Urshifu|Urshifu-Rapid-Strike, L50, F|100/100|[from] U-turn
|move|p1b: Calyrex|Trick Room|p1b: Calyrex
|-fieldstart|move: Trick Room|[of] p1b: Calyrex
|
|upkeep
|turn|4
|inactive|SiXTRiX VGC has 30 seconds left.
|
|t:|1750874383
|move|p2b: Lunala|Wide Guard|p2b: Lunala
|-singleturn|p2b: Lunala|Wide Guard
|move|p1a: Enamorus|Moonblast|p2a: Urshifu
|-supereffective|p2a: Urshifu
|-crit|p2a: Urshifu
|-damage|p2a: Urshifu|0 fnt
|faint|p2a: Urshifu
|-damage|p1a: Enamorus|69/100|[from] item: Life Orb
|move|p1b: Calyrex|High Horsepower|p2b: Lunala
|-damage|p2b: Lunala|56/100
|
|upkeep
|
|t:|1750874392
|switch|p2a: Incineroar|Incineroar, L50, M|91/100
|-ability|p2a: Incineroar|Intimidate|boost
|-unboost|p1a: Enamorus|atk|1
|-fail|p1b: Calyrex|unboost|[from] item: Clear Amulet|[of] p1b: Calyrex
|turn|5
|
|t:|1750874403
|move|p1a: Enamorus|Protect|p1a: Enamorus
|-singleturn|p1a: Enamorus|Protect
|move|p1b: Calyrex|High Horsepower|p2a: Incineroar
|-supereffective|p2a: Incineroar
|-damage|p2a: Incineroar|15/100
|move|p2a: Incineroar|U-turn|p1b: Calyrex
|-resisted|p1b: Calyrex
|-damage|p1b: Calyrex|89/100
|
|t:|1750874410
|switch|p2a: Miraidon|Miraidon, L50|100/100|[from] U-turn
|-activate|p2a: Miraidon|ability: Hadron Engine
|move|p2b: Lunala|Trick Room|p2b: Lunala
|-fieldend|move: Trick Room
|
|-fieldend|move: Electric Terrain
|upkeep
|turn|6
|
|t:|1750874428
|move|p2a: Miraidon|Volt Switch|p1a: Enamorus
|-supereffective|p1a: Enamorus
|-damage|p1a: Enamorus|0 fnt
|faint|p1a: Enamorus
|
|t:|1750874433
|switch|p2a: Incineroar|Incineroar, L50, M|15/100|[from] Volt Switch
|-ability|p2a: Incineroar|Intimidate|boost
|-fail|p1b: Calyrex|unboost|[from] item: Clear Amulet|[of] p1b: Calyrex
|move|p2b: Lunala|Moongeist Beam|p1b: Calyrex
|-damage|p1b: Calyrex|76/100
|move|p1b: Calyrex|Trick Room|p1b: Calyrex
|-fieldstart|move: Trick Room|[of] p1b: Calyrex
|
|upkeep
|
|t:|1750874434
|switch|p1a: Incineroar|Incineroar, L50, F|100/100
|-ability|p1a: Incineroar|Intimidate|boost
|-unboost|p2a: Incineroar|atk|1
|-unboost|p2b: Lunala|atk|1
|turn|7
|
|t:|1750874453
|move|p1a: Incineroar|Fake Out|p2b: Lunala
|-damage|p2b: Lunala|52/100
|move|p2a: Incineroar|Fake Out|p1b: Calyrex
|-damage|p1b: Calyrex|71/100
|cant|p1b: Calyrex|flinch
|cant|p2b: Lunala|flinch
|
|upkeep
|turn|8
|inactive|SiXTRiX VGC has 30 seconds left.
|
|t:|1750874480
|move|p2b: Lunala|Wide Guard|p2b: Lunala
|-singleturn|p2b: Lunala|Wide Guard
|move|p1b: Calyrex|High Horsepower|p2a: Incineroar
|-supereffective|p2a: Incineroar
|-damage|p2a: Incineroar|0 fnt
|faint|p2a: Incineroar
|-ability|p1b: Calyrex|Chilling Neigh|boost
|-boost|p1b: Calyrex|atk|1
|move|p1a: Incineroar|Parting Shot|p2b: Lunala
|-unboost|p2b: Lunala|atk|1
|-unboost|p2b: Lunala|spa|1
|
|t:|1750874485
|switch|p1a: Miraidon|Miraidon, L50|8/100|[from] Parting Shot
|-fieldstart|move: Electric Terrain|[from] ability: Hadron Engine|[of] p1a: Miraidon
|
|upkeep
|
|t:|1750874496
|switch|p2a: Miraidon|Miraidon, L50|100/100
|-activate|p2a: Miraidon|ability: Hadron Engine
|turn|9
|-message|SiXTRiX VGC forfeited.
|
|win|vinicio499
|raw|vinicio499's rating: 1406 &rarr; <strong>1422</strong><br />(+16 for winning)
|raw|SiXTRiX VGC's rating: 1327 &rarr; <strong>1311</strong><br />(-16 for losing)
|l|☆SiXTRiX VGC
|player|p2|
|l|☆vinicio499
|player|p1|
|j|☆SiXTRiX VGC
|player|p2|SiXTRiX VGC|102|
