|j|☆LXT0509
|j|☆DrakyPana
|t:|1750816969
|gametype|doubles
|player|p1|LXT0509|266|1458
|player|p2|DrakyPana|psychicf-gen4|1346
|teamsize|p1|6
|teamsize|p2|6
|gen|9
|tier|[Gen 9] VGC 2025 Reg I
|rated|
|rule|Species Clause: Limit one of each Pokémon
|rule|Item Clause: Limit 1 of each item
|clearpoke
|poke|p1|Miraidon, L50|
|poke|p1|Zamazenta-*, L50|
|poke|p1|Chien-Pao, L50|
|poke|p1|Grimmsnarl, L50, M|
|poke|p1|Volcarona, L50, F|
|poke|p1|Iron Hands, L50|
|poke|p2|Ursaluna, L50, F|
|poke|p2|Urshifu-*, L50, F|
|poke|p2|Miraidon, L50|
|poke|p2|Incineroar, L50, F|
|poke|p2|Lunala, L50|
|poke|p2|Whimsicott, L50, F|
|teampreview|4
DrakyPana has agreed to open team sheets.
|
|t:|1750817064
|start
|switch|p1a: Grimmsnarl|Grimmsnarl, L50, M|100/100
|switch|p1b: Zamazenta|Zamazenta-Crowned, L50|100/100
|switch|p2a: Miraidon|Miraidon, L50|100/100
|switch|p2b: Whimsicott|Whimsicott, L50, F|100/100
|-fieldstart|move: Electric Terrain|[from] ability: Hadron Engine|[of] p2a: Miraidon
|-ability|p1b: Zamazenta|Dauntless Shield|boost
|-boost|p1b: Zamazenta|def|1
|turn|1
|
|t:|1750817124
|move|p2b: Whimsicott|Tailwind|p2b: Whimsicott
|-sidestart|p2: DrakyPana|move: Tailwind
|move|p1a: Grimmsnarl|Light Screen|p1a: Grimmsnarl
|-sidestart|p1: LXT0509|move: Light Screen
|move|p2a: Miraidon|Volt Switch|p1b: Zamazenta
|-damage|p1b: Zamazenta|48/100
|
|t:|1750817150
|switch|p2a: Lunala|Lunala, L50|100/100|[from] Volt Switch
|-enditem|p2a: Lunala|Electric Seed
|-boost|p2a: Lunala|def|1|[from] item: Electric Seed
|move|p1b: Zamazenta|Body Press|p2a: Lunala
|-immune|p2a: Lunala
|
|upkeep
|turn|2
|
|t:|1750817191
|move|p2b: Whimsicott|Encore|p1b: Zamazenta
|-start|p1b: Zamazenta|Encore
|move|p2a: Lunala|Moonblast|p1a: Grimmsnarl
|-supereffective|p1a: Grimmsnarl
|-damage|p1a: Grimmsnarl|53/100
|move|p1b: Zamazenta|Body Press|p2b: Whimsicott
|-resisted|p2b: Whimsicott
|-damage|p2b: Whimsicott|54/100
|move|p1a: Grimmsnarl|Foul Play|p2a: Lunala
|-supereffective|p2a: Lunala
|-damage|p2a: Lunala|71/100
|
|upkeep
|turn|3
|
|t:|1750817215
|switch|p1b: Miraidon|Miraidon, L50|100/100
|-activate|p1b: Miraidon|ability: Hadron Engine
|move|p2b: Whimsicott|Moonblast|p1a: Grimmsnarl
|-supereffective|p1a: Grimmsnarl
|-damage|p1a: Grimmsnarl|20/100
|-unboost|p1a: Grimmsnarl|spa|1
|move|p2a: Lunala|Moonblast|p1a: Grimmsnarl
|-supereffective|p1a: Grimmsnarl
|-damage|p1a: Grimmsnarl|0 fnt
|faint|p1a: Grimmsnarl
|
|upkeep
|
|t:|1750817227
|switch|p1a: Zamazenta|Zamazenta-Crowned, L50|48/100
|turn|4
|
|t:|1750817236
|-terastallize|p1b: Miraidon|Fairy
|move|p2b: Whimsicott|Light Screen|p2b: Whimsicott
|-sidestart|p2: DrakyPana|move: Light Screen
|move|p2a: Lunala|Moonblast|p1b: Miraidon
|-damage|p1b: Miraidon|82/100
|move|p1a: Zamazenta|Behemoth Bash|p2b: Whimsicott
|-supereffective|p2b: Whimsicott
|-damage|p2b: Whimsicott|0 fnt
|faint|p2b: Whimsicott
|move|p1b: Miraidon|Electro Drift|p2a: Lunala
|-damage|p2a: Lunala|13/100
|
|-sideend|p2: DrakyPana|move: Tailwind
|upkeep
|
|t:|1750817250
|switch|p2b: Miraidon|Miraidon, L50|100/100
|-activate|p2b: Miraidon|ability: Hadron Engine
|turn|5
|
|t:|1750817279
|move|p2b: Miraidon|Electro Drift|p1a: Zamazenta
|-damage|p1a: Zamazenta|0 fnt
|faint|p1a: Zamazenta
|move|p1b: Miraidon|Electro Drift|p2a: Lunala
|-damage|p2a: Lunala|0 fnt
|faint|p2a: Lunala
|
|-fieldend|move: Electric Terrain
|upkeep
|
|t:|1750817287
|switch|p1a: Iron Hands|Iron Hands, L50|100/100
|switch|p2a: Urshifu|Urshifu-Rapid-Strike, L50, F|100/100
|turn|6
|
|t:|1750817324
|move|p1a: Iron Hands|Fake Out|p2b: Miraidon
|-damage|p2b: Miraidon|86/100
|move|p2a: Urshifu|Aqua Jet|p1b: Miraidon
|-damage|p1b: Miraidon|53/100
|cant|p2b: Miraidon|flinch
|move|p1b: Miraidon|Electro Drift|p2a: Urshifu
|-supereffective|p2a: Urshifu
|-damage|p2a: Urshifu|0 fnt
|faint|p2a: Urshifu
|
|upkeep
|turn|7
|
|t:|1750817338
|move|p2b: Miraidon|Electro Drift|p1b: Miraidon
|-damage|p1b: Miraidon|15/100
|move|p1b: Miraidon|Electro Drift|p2b: Miraidon
|-resisted|p2b: Miraidon
|-damage|p2b: Miraidon|74/100
|move|p1a: Iron Hands|Low Kick|p2b: Miraidon
|-damage|p2b: Miraidon|8/100
|
|upkeep
|turn|8
|
|t:|1750817349
|-terastallize|p2b: Miraidon|Fairy
|move|p2b: Miraidon|Electro Drift|p1b: Miraidon
|-crit|p1b: Miraidon
|-damage|p1b: Miraidon|0 fnt
|faint|p1b: Miraidon
|move|p1a: Iron Hands|Low Kick|p2b: Miraidon
|-resisted|p2b: Miraidon
|-damage|p2b: Miraidon|0 fnt
|faint|p2b: Miraidon
|
|win|LXT0509
|raw|LXT0509's rating: 1458 &rarr; <strong>1472</strong><br />(+14 for winning)
|raw|DrakyPana's rating: 1346 &rarr; <strong>1332</strong><br />(-14 for losing)
|l|☆LXT0509
|player|p1|
