|j|☆MrTigerPlayz1
|j|☆Adriannihaje
|t:|1750830011
|gametype|doubles
|player|p1|MrTigerPlayz1|266|1060
|player|p2|Adriannihaje|ghetsis-gen5bw|1069
|teamsize|p1|6
|teamsize|p2|6
|gen|9
|tier|[Gen 9] VGC 2025 Reg I
|rated|
|rule|Species Clause: Limit one of each Pokémon
|rule|Item Clause: Limit 1 of each item
|clearpoke
|poke|p1|Terapagos, L50, M|
|poke|p1|Calyrex-Shadow, L50|
|poke|p1|Incineroar, L50, M|
|poke|p1|Amoonguss, L50, M|
|poke|p1|Roaring Moon, L50|
|poke|p1|Chi-Yu, L50|
|poke|p2|Umbreon, L50, M|
|poke|p2|Calyrex-Ice, L50|
|poke|p2|Amoonguss, L50, M|
|poke|p2|Cresselia, L50, F|
|poke|p2|Primarina, L50, F|
|poke|p2|Sneasler, L50, F|
|teampreview|4
|
|t:|1750830034
|start
|switch|p1a: Incineroar|Incineroar, L50, M|100/100
|switch|p1b: Chi-Yu|Chi-Yu, L50|100/100
|switch|p2a: Cresselia|Cresselia, L50, F, shiny|100/100
|switch|p2b: Primarina|Primarina, L50, F|100/100
|-ability|p1b: Chi-Yu|Beads of Ruin
|-ability|p1a: Incineroar|Intimidate|boost
|-unboost|p2a: Cresselia|atk|1
|-unboost|p2b: Primarina|atk|1
|turn|1
|
|t:|1750830055
|move|p2b: Primarina|Protect|p2b: Primarina
|-singleturn|p2b: Primarina|Protect
|move|p1b: Chi-Yu|Dark Pulse|p2a: Cresselia
|-supereffective|p2a: Cresselia
|-damage|p2a: Cresselia|28/100
|move|p1a: Incineroar|Snarl|p2b: Primarina|[spread] p2a
|-activate|p2b: Primarina|move: Protect
|-supereffective|p2a: Cresselia
|-damage|p2a: Cresselia|10/100
|-unboost|p2a: Cresselia|spa|1
|move|p2a: Cresselia|Trick Room|p2a: Cresselia
|-fieldstart|move: Trick Room|[of] p2a: Cresselia
|
|upkeep
|turn|2
|
|t:|1750830076
|move|p1a: Incineroar|Parting Shot|p2b: Primarina
|-unboost|p2b: Primarina|atk|1
|-unboost|p2b: Primarina|spa|1
|
|t:|1750830080
|switch|p1a: Calyrex|Calyrex-Shadow, L50|100/100|[from] Parting Shot
|-ability|p1a: Calyrex|As One
|-ability|p1a: Calyrex|Unnerve
|move|p2b: Primarina|Water Pulse|p1b: Chi-Yu
|-supereffective|p1b: Chi-Yu
|-damage|p1b: Chi-Yu|62/100
|move|p2a: Cresselia|Lunar Blessing|p2a: Cresselia|[spread] p2a,p2b
|-heal|p2a: Cresselia|35/100
|move|p1b: Chi-Yu|Heat Wave|p2a: Cresselia|[spread] p2a,p2b
|-resisted|p2b: Primarina
|-damage|p2a: Cresselia|0 fnt
|-damage|p2b: Primarina|81/100
|faint|p2a: Cresselia
|
|upkeep
|
|t:|1750830101
|switch|p2a: Calyrex|Calyrex-Ice, L50|100/100
|-ability|p2a: Calyrex|As One
|-ability|p2a: Calyrex|Unnerve
|turn|3
|
|t:|1750830116
|move|p1a: Calyrex|Protect|p1a: Calyrex
|-singleturn|p1a: Calyrex|Protect
|move|p2a: Calyrex|High Horsepower|p1b: Chi-Yu
|-supereffective|p1b: Chi-Yu
|-damage|p1b: Chi-Yu|0 fnt
|faint|p1b: Chi-Yu
|-ability|p2a: Calyrex|Chilling Neigh|boost
|-boost|p2a: Calyrex|atk|1
|move|p2b: Primarina|Moonblast|p1a: Calyrex
|-activate|p1a: Calyrex|move: Protect
|
|upkeep
|
|t:|1750830129
|switch|p1b: Incineroar|Incineroar, L50, M|100/100
|-ability|p1b: Incineroar|Intimidate|boost
|-fail|p2a: Calyrex|unboost|[from] item: Clear Amulet|[of] p2a: Calyrex
|-unboost|p2b: Primarina|atk|1
|turn|4
|
|t:|1750830144
|switch|p1a: Terapagos|Terapagos, L50, M|100/100
|-activate|p1a: Terapagos|ability: Tera Shift
|detailschange|p1a: Terapagos|Terapagos-Terastal, L50, M
|-heal|p1a: Terapagos|100/100|[silent]
|move|p2a: Calyrex|Protect|p2a: Calyrex
|-singleturn|p2a: Calyrex|Protect
|move|p2b: Primarina|Protect|p2b: Primarina
|-singleturn|p2b: Primarina|Protect
|move|p1b: Incineroar|Flare Blitz|p2a: Calyrex
|-activate|p2a: Calyrex|move: Protect
|
|upkeep
|turn|5
|
|t:|1750830172
|-terastallize|p1a: Terapagos|Stellar
|detailschange|p1a: Terapagos|Terapagos-Stellar, L50, M, tera:Stellar
|-heal|p1a: Terapagos|100/100|[silent]
|move|p2a: Calyrex|High Horsepower|p1b: Incineroar
|-supereffective|p1b: Incineroar
|-damage|p1b: Incineroar|0 fnt
|faint|p1b: Incineroar
|-ability|p2a: Calyrex|Chilling Neigh|boost
|-boost|p2a: Calyrex|atk|1
|move|p2b: Primarina|Moonblast|p1a: Terapagos
|-damage|p1a: Terapagos|83/100
|-unboost|p1a: Terapagos|spa|1
|move|p1a: Terapagos|Earth Power|p2a: Calyrex
|-damage|p2a: Calyrex|83/100
|
|-heal|p1a: Terapagos|89/100|[from] item: Leftovers
|-fieldend|move: Trick Room
|upkeep
|inactive|Battle timer is ON: inactive players will automatically lose when time's up. (requested by MrTigerPlayz1)
|
|t:|1750830191
|switch|p1b: Calyrex|Calyrex-Shadow, L50|100/100
|-ability|p1b: Calyrex|As One
|-ability|p1b: Calyrex|Unnerve
|turn|6
|
|t:|1750830206
|-terastallize|p2a: Calyrex|Fairy
|move|p1b: Calyrex|Protect|p1b: Calyrex
|-singleturn|p1b: Calyrex|Protect
|move|p1a: Terapagos|Tera Starstorm|p2a: Calyrex|[spread] p2a,p2b
|-supereffective|p2a: Calyrex
|-damage|p2a: Calyrex|46/100
|-damage|p2b: Primarina|65/100
|move|p2b: Primarina|Water Pulse|p1a: Terapagos
|-damage|p1a: Terapagos|78/100
|move|p2a: Calyrex|Glacial Lance|p1b: Calyrex|[spread] p1a
|-activate|p1b: Calyrex|move: Protect
|-damage|p1a: Terapagos|6/100
|
|-heal|p1a: Terapagos|12/100|[from] item: Leftovers
|upkeep
|turn|7
|inactive|MrTigerPlayz1 has 30 seconds left.
|inactive|Adriannihaje has 30 seconds left.
|
|t:|1750830232
|move|p2a: Calyrex|Protect|p2a: Calyrex
|-singleturn|p2a: Calyrex|Protect
|move|p1b: Calyrex|Psyshock|p2b: Primarina
|-damage|p2b: Primarina|3/100
|move|p1a: Terapagos|Tera Starstorm|p2b: Primarina|[spread] p2b
|-activate|p2a: Calyrex|move: Protect
|-damage|p2b: Primarina|0 fnt
|faint|p2b: Primarina
|
|-heal|p1a: Terapagos|18/100|[from] item: Leftovers
|upkeep
|
|t:|1750830246
|switch|p2b: Umbreon|Umbreon, L50, M, shiny|100/100
|turn|8
|
|t:|1750830260
|move|p1b: Calyrex|Nasty Plot|p1b: Calyrex
|-boost|p1b: Calyrex|spa|2
|move|p1a: Terapagos|Tera Starstorm|p2b: Umbreon|[spread] p2a,p2b
|-supereffective|p2a: Calyrex
|-crit|p2b: Umbreon
|-damage|p2a: Calyrex|12/100
|-damage|p2b: Umbreon|68/100
|move|p2b: Umbreon|Snarl|p1a: Terapagos|[spread] p1a,p1b
|-crit|p1a: Terapagos
|-supereffective|p1b: Calyrex
|-damage|p1a: Terapagos|9/100
|-damage|p1b: Calyrex|60/100
|-unboost|p1a: Terapagos|spa|1
|-unboost|p1b: Calyrex|spa|1
|move|p2a: Calyrex|Glacial Lance|p1a: Terapagos|[spread] p1a,p1b
|-damage|p1a: Terapagos|0 fnt
|-damage|p1b: Calyrex|0 fnt
|faint|p1a: Terapagos
|detailschange|p1: Terapagos|Terapagos, L50, M|[silent]
|faint|p1b: Calyrex
|
|win|Adriannihaje
|raw|MrTigerPlayz1's rating: 1060 &rarr; <strong>1041</strong><br />(-19 for losing)
|raw|Adriannihaje's rating: 1069 &rarr; <strong>1098</strong><br />(+29 for winning)
|l|☆MrTigerPlayz1
|player|p1|
|l|☆Adriannihaje
|player|p2|
