|j|☆eldrixx007
|j|☆durmino
|t:|1750714287
|gametype|doubles
|player|p1|eldrixx007|blue|1274
|player|p2|durmino|veteran|1347
|teamsize|p1|6
|teamsize|p2|6
|gen|9
|tier|[Gen 9] VGC 2025 Reg I
|rated|
|rule|Species Clause: Limit one of each Pokémon
|rule|Item Clause: Limit 1 of each item
|clearpoke
|poke|p1|Incineroar, L50, M|
|poke|p1|Raging Bolt, L50|
|poke|p1|Koraidon, L50|
|poke|p1|Calyrex-Shadow, L50|
|poke|p1|Gastrodon, L50, F|
|poke|p1|Azelf, L50|
|poke|p2|Calyrex-Ice, L50|
|poke|p2|Miraidon, L50|
|poke|p2|Grimmsnarl, L50, M|
|poke|p2|Urshifu-*, L50, M|
|poke|p2|Incineroar, L50, F|
|poke|p2|Landorus, L50, M|
|teampreview|4
|inactive|Battle timer is ON: inactive players will automatically lose when time's up. (requested by durmino)
|inactive|eldrixx007 has 60 seconds left.
|inactive|durmino has 60 seconds left.
|
|t:|1750714330
|start
|switch|p1a: Calyrex|Calyrex-Shadow, L50|100/100
|switch|p1b: Azelf|Azelf, L50|100/100
|switch|p2a: Grimmsnarl|Grimmsnarl, L50, M|100/100
|switch|p2b: Calyrex|Calyrex-Ice, L50|100/100
|-ability|p1a: Calyrex|As One
|-ability|p1a: Calyrex|Unnerve
|-ability|p2b: Calyrex|As One
|-ability|p2b: Calyrex|Unnerve
|turn|1
|
|t:|1750714340
|-terastallize|p1b: Azelf|Normal
|move|p2b: Calyrex|Protect|p2b: Calyrex
|-singleturn|p2b: Calyrex|Protect
|move|p2a: Grimmsnarl|Light Screen|p2a: Grimmsnarl
|-sidestart|p2: durmino|move: Light Screen
|move|p1b: Azelf|Explosion|p2b: Calyrex|[spread] p2a
|-activate|p2b: Calyrex|move: Protect
|-immune|p1a: Calyrex
|-damage|p2a: Grimmsnarl|0 fnt
|faint|p1b: Azelf
|faint|p2a: Grimmsnarl
|move|p1a: Calyrex|Astral Barrage|p2b: Calyrex
|-activate|p2b: Calyrex|move: Protect
|
|upkeep
|
|t:|1750714354
|switch|p1b: Koraidon|Koraidon, L50|100/100
|switch|p2a: Incineroar|Incineroar, L50, F|100/100
|-weather|SunnyDay|[from] ability: Orichalcum Pulse|[of] p1b: Koraidon
|-activate|p1b: Koraidon|Orichalcum Pulse|[source]
|-ability|p2a: Incineroar|Intimidate|boost
|-unboost|p1a: Calyrex|atk|1
|-unboost|p1b: Koraidon|atk|1
|turn|2
|
|t:|1750714369
|-terastallize|p2b: Calyrex|Water
|move|p2a: Incineroar|Fake Out|p1b: Koraidon
|-damage|p1b: Koraidon|91/100
|move|p1a: Calyrex|Astral Barrage|p2b: Calyrex|[spread] p2a,p2b
|-resisted|p2a: Incineroar
|-damage|p2a: Incineroar|88/100
|-damage|p2b: Calyrex|79/100
|cant|p1b: Koraidon|flinch
|move|p2b: Calyrex|Trick Room|p2b: Calyrex
|-fieldstart|move: Trick Room|[of] p2b: Calyrex
|
|-weather|SunnyDay|[upkeep]
|-heal|p2b: Calyrex|85/100|[from] item: Leftovers
|upkeep
|turn|3
|
|t:|1750714385
|switch|p1a: Incineroar|Incineroar, L50, M, shiny|100/100
|-ability|p1a: Incineroar|Intimidate|boost
|-unboost|p2a: Incineroar|atk|1
|-unboost|p2b: Calyrex|atk|1
|move|p1b: Koraidon|Protect|p1b: Koraidon
|-singleturn|p1b: Koraidon|Protect
|move|p2b: Calyrex|Leech Seed|p1b: Koraidon
|-activate|p1b: Koraidon|move: Protect
|move|p2a: Incineroar|Knock Off|p1a: Incineroar
|-resisted|p1a: Incineroar
|-damage|p1a: Incineroar|88/100
|-enditem|p1a: Incineroar|Sitrus Berry|[from] move: Knock Off|[of] p2a: Incineroar
|
|-weather|SunnyDay|[upkeep]
|-heal|p2b: Calyrex|91/100|[from] item: Leftovers
|upkeep
|turn|4
|
|t:|1750714404
|switch|p1b: Calyrex|Calyrex-Shadow, L50|100/100
|-ability|p1b: Calyrex|As One
|-ability|p1b: Calyrex|Unnerve
|move|p2b: Calyrex|Protect|p2b: Calyrex
|-singleturn|p2b: Calyrex|Protect
|move|p1a: Incineroar|Parting Shot|p2b: Calyrex
|-activate|p2b: Calyrex|move: Protect
|move|p2a: Incineroar|Knock Off|p1b: Calyrex
|-supereffective|p1b: Calyrex
|-enditem|p1b: Calyrex|Focus Sash
|-damage|p1b: Calyrex|1/100
|
|-weather|SunnyDay|[upkeep]
|-heal|p2b: Calyrex|97/100|[from] item: Leftovers
|upkeep
|turn|5
|
|t:|1750714423
|move|p1b: Calyrex|Protect|p1b: Calyrex
|-singleturn|p1b: Calyrex|Protect
|move|p2b: Calyrex|Glacial Lance|p1a: Incineroar|[spread] p1a
|-activate|p1b: Calyrex|move: Protect
|-resisted|p1a: Incineroar
|-damage|p1a: Incineroar|71/100
|move|p1a: Incineroar|Parting Shot|p2b: Calyrex
|-unboost|p2b: Calyrex|atk|1
|-unboost|p2b: Calyrex|spa|1
|
|t:|1750714433
|switch|p1a: Koraidon|Koraidon, L50|91/100|[from] Parting Shot
|-activate|p1a: Koraidon|ability: Orichalcum Pulse
|move|p2a: Incineroar|Knock Off|p1a: Koraidon
|-resisted|p1a: Koraidon
|-damage|p1a: Koraidon|79/100
|-enditem|p1a: Koraidon|Life Orb|[from] move: Knock Off|[of] p2a: Incineroar
|
|-weather|SunnyDay|[upkeep]
|-heal|p2b: Calyrex|100/100|[from] item: Leftovers
|upkeep
|turn|6
|
|t:|1750714443
|switch|p1b: Incineroar|Incineroar, L50, M, shiny|71/100
|-ability|p1b: Incineroar|Intimidate|boost
|-unboost|p2a: Incineroar|atk|1
|-unboost|p2b: Calyrex|atk|1
|move|p1a: Koraidon|Protect|p1a: Koraidon
|-singleturn|p1a: Koraidon|Protect
|move|p2b: Calyrex|Leech Seed|p1a: Koraidon
|-activate|p1a: Koraidon|move: Protect
|move|p2a: Incineroar|Knock Off|p1b: Incineroar
|-resisted|p1b: Incineroar
|-damage|p1b: Incineroar|65/100
|
|-weather|none
|-fieldend|move: Trick Room
|upkeep
|turn|7
|inactive|eldrixx007 has 30 seconds left.
|
|t:|1750714471
|switch|p2b: Landorus|Landorus, L50, M|100/100
|move|p1a: Koraidon|Close Combat|p2a: Incineroar
|-supereffective|p2a: Incineroar
|-damage|p2a: Incineroar|0 fnt
|-unboost|p1a: Koraidon|def|1
|-unboost|p1a: Koraidon|spd|1
|faint|p2a: Incineroar
|move|p1b: Incineroar|Knock Off|p2b: Landorus
|-damage|p2b: Landorus|56/100
|-enditem|p2b: Landorus|Life Orb|[from] move: Knock Off|[of] p1b: Incineroar
|
|upkeep
|
|t:|1750714481
|switch|p2a: Calyrex|Calyrex-Ice, L50, tera:Water|100/100
|-ability|p2a: Calyrex|As One
|-ability|p2a: Calyrex|Unnerve
|turn|8
|
|t:|1750714494
|move|p1a: Koraidon|Flare Blitz|p2b: Landorus
|-crit|p2b: Landorus
|-damage|p2b: Landorus|0 fnt
|faint|p2b: Landorus
|-damage|p1a: Koraidon|58/100|[from] Recoil
|move|p1b: Incineroar|Parting Shot|p2a: Calyrex
|-unboost|p2a: Calyrex|atk|1
|-unboost|p2a: Calyrex|spa|1
|
|t:|1750714502
|switch|p1b: Calyrex|Calyrex-Shadow, L50|1/100|[from] Parting Shot
|-ability|p1b: Calyrex|As One
|-ability|p1b: Calyrex|Unnerve
|move|p2a: Calyrex|Trick Room|p2a: Calyrex
|-fieldstart|move: Trick Room|[of] p2a: Calyrex
|
|-sideend|p2: durmino|move: Light Screen
|upkeep
|turn|9
|
|t:|1750714513
|switch|p1a: Incineroar|Incineroar, L50, M, shiny|65/100
|-ability|p1a: Incineroar|Intimidate|boost
|-unboost|p2a: Calyrex|atk|1
|move|p1b: Calyrex|Protect|p1b: Calyrex
|-singleturn|p1b: Calyrex|Protect
|move|p2a: Calyrex|Leech Seed|p1a: Incineroar
|-start|p1a: Incineroar|move: Leech Seed
|
|-damage|p1a: Incineroar|53/100|[from] Leech Seed|[of] p2a: Calyrex
|upkeep
|turn|10
|
|t:|1750714524
|move|p1a: Incineroar|Fake Out|p2a: Calyrex
|-damage|p2a: Calyrex|93/100
|cant|p2a: Calyrex|flinch
|move|p1b: Calyrex|Grass Knot|p2a: Calyrex
|-supereffective|p2a: Calyrex
|-damage|p2a: Calyrex|33/100
|
|-heal|p2a: Calyrex|39/100|[from] item: Leftovers
|-damage|p1a: Incineroar|41/100|[from] Leech Seed|[of] p2a: Calyrex
|-heal|p2a: Calyrex|50/100|[silent]
|upkeep
|turn|11
|
|t:|1750714534
|move|p1b: Calyrex|Protect|p1b: Calyrex
|-singleturn|p1b: Calyrex|Protect
|move|p2a: Calyrex|Glacial Lance|p1a: Incineroar|[spread] p1a
|-activate|p1b: Calyrex|move: Protect
|-resisted|p1a: Incineroar
|-damage|p1a: Incineroar|28/100
|move|p1a: Incineroar|Parting Shot|p2a: Calyrex
|-unboost|p2a: Calyrex|atk|1
|-unboost|p2a: Calyrex|spa|1
|
|t:|1750714543
|switch|p1a: Koraidon|Koraidon, L50|58/100|[from] Parting Shot
|-weather|SunnyDay|[from] ability: Orichalcum Pulse|[of] p1a: Koraidon
|-activate|p1a: Koraidon|Orichalcum Pulse|[source]
|
|-weather|SunnyDay|[upkeep]
|-heal|p2a: Calyrex|56/100|[from] item: Leftovers
|upkeep
|turn|12
|
|t:|1750714551
|switch|p1b: Incineroar|Incineroar, L50, M, shiny|28/100
|-ability|p1b: Incineroar|Intimidate|boost
|-unboost|p2a: Calyrex|atk|1
|move|p1a: Koraidon|Protect|p1a: Koraidon
|-singleturn|p1a: Koraidon|Protect
|move|p2a: Calyrex|Leech Seed|p1b: Incineroar
|-start|p1b: Incineroar|move: Leech Seed
|
|-weather|SunnyDay|[upkeep]
|-heal|p2a: Calyrex|62/100|[from] item: Leftovers
|-damage|p1b: Incineroar|16/100|[from] Leech Seed|[of] p2a: Calyrex
|-heal|p2a: Calyrex|73/100|[silent]
|-fieldend|move: Trick Room
|upkeep
|turn|13
|
|t:|1750714565
|move|p1b: Incineroar|Fake Out|p2a: Calyrex
|-damage|p2a: Calyrex|67/100
|move|p1a: Koraidon|Close Combat|p2a: Calyrex
|-damage|p2a: Calyrex|18/100
|-unboost|p1a: Koraidon|def|1
|-unboost|p1a: Koraidon|spd|1
|cant|p2a: Calyrex|flinch
|
|-weather|SunnyDay|[upkeep]
|-heal|p2a: Calyrex|24/100|[from] item: Leftovers
|-damage|p1b: Incineroar|4/100|[from] Leech Seed|[of] p2a: Calyrex
|-heal|p2a: Calyrex|36/100|[silent]
|upkeep
|turn|14
|
|t:|1750714577
|move|p2a: Calyrex|Protect|p2a: Calyrex
|-singleturn|p2a: Calyrex|Protect
|move|p1a: Koraidon|Close Combat|p2a: Calyrex
|-activate|p2a: Calyrex|move: Protect
|move|p1b: Incineroar|Flare Blitz|p2a: Calyrex
|-activate|p2a: Calyrex|move: Protect
|
|-weather|SunnyDay|[upkeep]
|-heal|p2a: Calyrex|42/100|[from] item: Leftovers
|-damage|p1b: Incineroar|0 fnt|[from] Leech Seed|[of] p2a: Calyrex
|-heal|p2a: Calyrex|44/100|[silent]
|faint|p1b: Incineroar
|upkeep
|
|t:|1750714580
|switch|p1b: Calyrex|Calyrex-Shadow, L50|1/100
|-ability|p1b: Calyrex|As One
|-ability|p1b: Calyrex|Unnerve
|turn|15
|c|☆eldrixx007|Gg
|
|t:|1750714589
|move|p1b: Calyrex|Grass Knot|p2a: Calyrex
|-supereffective|p2a: Calyrex
|-damage|p2a: Calyrex|0 fnt
|faint|p2a: Calyrex
|
|win|eldrixx007
|raw|eldrixx007's rating: 1274 &rarr; <strong>1304</strong><br />(+30 for winning)
|raw|durmino's rating: 1347 &rarr; <strong>1323</strong><br />(-24 for losing)
|l|☆durmino
|player|p2|
|l|☆eldrixx007
|player|p1|
