|j|☆duragon312
|j|☆time20220709
|t:|1750843791
|gametype|doubles
|player|p1|duragon312|101|1351
|player|p2|time20220709|dawn|1357
|teamsize|p1|6
|teamsize|p2|6
|gen|9
|tier|[Gen 9] VGC 2025 Reg I
|rated|
|rule|Species Clause: Limit one of each Pokémon
|rule|Item Clause: Limit 1 of each item
|clearpoke
|poke|p1|Groudon, L50|
|poke|p1|Ho-Oh, L50|
|poke|p1|Flutter Mane, L50|
|poke|p1|Iron Hands, L50|
|poke|p1|Sableye, L50, F|
|poke|p1|Infernape, L50, M|
|poke|p2|Eternatus, L50|
|poke|p2|Ting-Lu, L50|
|poke|p2|Rillaboom, L50, M|
|poke|p2|Ho-Oh, L50|
|poke|p2|Grimmsnarl, L50, M|
|poke|p2|Scream Tail, L50|
|teampreview|4
|
|t:|1750843824
|start
|switch|p1a: Groudon|Groudon, L50|100/100
|switch|p1b: Infernape|Infernape, L50, M|100/100
|switch|p2a: Ho-Oh|Ho-Oh, L50|100/100
|switch|p2b: Grimmsnarl|Grimmsnarl, L50, M|100/100
|-weather|SunnyDay|[from] ability: Drought|[of] p1a: Groudon
|turn|1
|
|t:|1750843841
|move|p1b: Infernape|Fake Out|p2b: Grimmsnarl
|-damage|p2b: Grimmsnarl|91/100
|cant|p2b: Grimmsnarl|flinch
|move|p1a: Groudon|Heat Crash|p2b: Grimmsnarl
|-damage|p2b: Grimmsnarl|31/100
|move|p2a: Ho-Oh|Sacred Fire|p1a: Groudon
|-damage|p1a: Groudon|54/100
|
|-weather|SunnyDay|[upkeep]
|upkeep
|turn|2
|
|t:|1750843858
|switch|p1b: Ho-Oh|Ho-Oh, L50|100/100
|move|p2b: Grimmsnarl|Reflect|p2b: Grimmsnarl
|-sidestart|p2: time20220709|Reflect
|move|p1a: Groudon|Heat Crash|p2b: Grimmsnarl
|-damage|p2b: Grimmsnarl|0 fnt
|faint|p2b: Grimmsnarl
|move|p2a: Ho-Oh|Sacred Fire|p1a: Groudon
|-damage|p1a: Groudon|6/100
|-status|p1a: Groudon|brn
|
|-weather|SunnyDay|[upkeep]
|-damage|p1a: Groudon|0 fnt|[from] brn
|faint|p1a: Groudon
|upkeep
|
|t:|1750843876
|switch|p1a: Infernape|Infernape, L50, M|100/100
|switch|p2b: Eternatus|Eternatus, L50|100/100
|-ability|p2b: Eternatus|Pressure
|turn|3
|
|t:|1750843887
|move|p2b: Eternatus|Protect|p2b: Eternatus
|-singleturn|p2b: Eternatus|Protect
|move|p2a: Ho-Oh|Protect|p2a: Ho-Oh
|-singleturn|p2a: Ho-Oh|Protect
|move|p1a: Infernape|Fake Out|p2a: Ho-Oh
|-activate|p2a: Ho-Oh|move: Protect
|move|p1b: Ho-Oh|Tailwind|p1b: Ho-Oh
|-sidestart|p1: duragon312|move: Tailwind
|
|-weather|SunnyDay|[upkeep]
|upkeep
|turn|4
|l|☆time20220709
|player|p2|
|j|☆time20220709
|player|p2|time20220709|dawn|
|
|t:|1750843946
|move|p1a: Infernape|Heat Wave|p2b: Eternatus|[spread] p2a
|-miss|p1a: Infernape|p2b: Eternatus
|-resisted|p2a: Ho-Oh
|-damage|p2a: Ho-Oh|88/100
|move|p1b: Ho-Oh|Brave Bird|p2b: Eternatus
|-damage|p2b: Eternatus|73/100
|-damage|p1b: Ho-Oh|90/100|[from] Recoil
|move|p2b: Eternatus|Cosmic Power|p2b: Eternatus
|-boost|p2b: Eternatus|def|1
|-boost|p2b: Eternatus|spd|1
|move|p2a: Ho-Oh|Sacred Fire|p1a: Infernape
|-resisted|p1a: Infernape
|-crit|p1a: Infernape
|-damage|p1a: Infernape|24/100
|
|-weather|SunnyDay|[upkeep]
|-heal|p2b: Eternatus|80/100|[from] item: Leftovers
|upkeep
|turn|5
|
|t:|1750843969
|move|p1a: Infernape|Endeavor|p2b: Eternatus
|-damage|p2b: Eternatus|15/100
|move|p1b: Ho-Oh|Brave Bird|p2b: Eternatus
|-damage|p2b: Eternatus|0 fnt
|faint|p2b: Eternatus
|-damage|p1b: Ho-Oh|84/100|[from] Recoil
|move|p2a: Ho-Oh|Life Dew|p2a: Ho-Oh
|-heal|p2a: Ho-Oh|100/100
|
|-weather|none
|upkeep
|
|t:|1750843976
|switch|p2b: Rillaboom|Rillaboom, L50, M|100/100
|-fieldstart|move: Grassy Terrain|[from] ability: Grassy Surge|[of] p2b: Rillaboom
|turn|6
|
|t:|1750844003
|switch|p1a: Flutter Mane|Flutter Mane, L50|100/100
|-terastallize|p2b: Rillaboom|Fire
|move|p2a: Ho-Oh|Protect|p2a: Ho-Oh
|-singleturn|p2a: Ho-Oh|Protect
|move|p1b: Ho-Oh|Sacred Fire|p2b: Rillaboom
|-resisted|p2b: Rillaboom
|-damage|p2b: Rillaboom|86/100
|move|p2b: Rillaboom|Wood Hammer|p1a: Flutter Mane
|-damage|p1a: Flutter Mane|0 fnt
|faint|p1a: Flutter Mane
|-end|p1a: Flutter Mane|Protosynthesis|[silent]
|-damage|p2b: Rillaboom|65/100|[from] Recoil
|
|-heal|p2b: Rillaboom|71/100|[from] Grassy Terrain
|-sideend|p1: duragon312|move: Tailwind
|upkeep
|
|t:|1750844019
|switch|p1a: Infernape|Infernape, L50, M|24/100
|turn|7
|
|t:|1750844045
|move|p2b: Rillaboom|Grassy Glide|p1a: Infernape
|-resisted|p1a: Infernape
|-damage|p1a: Infernape|0 fnt
|faint|p1a: Infernape
|move|p1b: Ho-Oh|Brave Bird|p2a: Ho-Oh
|-damage|p2a: Ho-Oh|73/100
|-damage|p1b: Ho-Oh|75/100|[from] Recoil
|move|p2a: Ho-Oh|Sacred Fire|p1b: Ho-Oh
|-resisted|p1b: Ho-Oh
|-damage|p1b: Ho-Oh|54/100
|
|-heal|p2b: Rillaboom|77/100|[from] Grassy Terrain
|upkeep
|turn|8
|-message|duragon312 forfeited.
|
|win|time20220709
|raw|duragon312's rating: 1351 &rarr; <strong>1331</strong><br />(-20 for losing)
|raw|time20220709's rating: 1357 &rarr; <strong>1377</strong><br />(+20 for winning)
|l|☆duragon312
|player|p1|
|l|☆time20220709
|player|p2|
