|j|☆Leacenh
|j|☆LINOLOLFPC
|t:|1750854540
|gametype|doubles
|player|p1|Leacenh|2|1386
|player|p2|LINOLOLFPC|266|1353
|teamsize|p1|6
|teamsize|p2|6
|gen|9
|tier|[Gen 9] VGC 2025 Reg I
|rated|
|rule|Species Clause: Limit one of each Pokémon
|rule|Item Clause: Limit 1 of each item
|clearpoke
|poke|p1|Calyrex-Shadow, L50|
|poke|p1|Zamazenta-*, L50|
|poke|p1|Incineroar, L50, M|
|poke|p1|Rillaboom, L50, M|
|poke|p1|Raging Bolt, L50|
|poke|p1|Whimsicott, L50, M|
|poke|p2|Scream Tail, L50|
|poke|p2|Gothitelle, L50, F|
|poke|p2|Koraidon, L50|
|poke|p2|Incineroar, L50, F|
|poke|p2|Brute Bonnet, L50|
|poke|p2|Calyrex-Shadow, L50|
|teampreview|4
|inactive|Battle timer is ON: inactive players will automatically lose when time's up. (requested by Leacenh)
|
|t:|1750854610
|start
|switch|p1a: Zamazenta|Zamazenta-Crowned, L50|100/100
|switch|p1b: Whimsicott|Whimsicott, L50, M|100/100
|switch|p2a: Koraidon|Koraidon, L50|100/100
|switch|p2b: Calyrex|Calyrex-Shadow, L50|100/100
|-ability|p2b: Calyrex|As One
|-ability|p2b: Calyrex|Unnerve
|-weather|SunnyDay|[from] ability: Orichalcum Pulse|[of] p2a: Koraidon
|-activate|p2a: Koraidon|Orichalcum Pulse|[source]
|-ability|p1a: Zamazenta|Dauntless Shield|boost
|-boost|p1a: Zamazenta|def|1
|turn|1
|inactive|Leacenh has 30 seconds left.
|inactive|LINOLOLFPC has 30 seconds left.
|
|t:|1750854638
|move|p1b: Whimsicott|Tailwind|p1b: Whimsicott
|-sidestart|p1: Leacenh|move: Tailwind
|move|p1a: Zamazenta|Heavy Slam|p2b: Calyrex
|-damage|p2b: Calyrex|40/100
|move|p2b: Calyrex|Encore|p1b: Whimsicott
|-start|p1b: Whimsicott|Encore
|move|p2a: Koraidon|Close Combat|p1a: Zamazenta
|-supereffective|p1a: Zamazenta
|-damage|p1a: Zamazenta|18/100
|-unboost|p2a: Koraidon|def|1
|-unboost|p2a: Koraidon|spd|1
|-damage|p2a: Koraidon|91/100|[from] item: Life Orb
|
|-weather|SunnyDay|[upkeep]
|upkeep
|turn|2
|inactive|Leacenh has 30 seconds left.
|inactive|LINOLOLFPC has 30 seconds left.
|inactive|Leacenh has 20 seconds left.
|
|t:|1750854676
|switch|p1b: Calyrex|Calyrex-Shadow, L50|100/100
|-ability|p1b: Calyrex|As One
|-ability|p1b: Calyrex|Unnerve
|move|p2b: Calyrex|Protect|p2b: Calyrex
|-singleturn|p2b: Calyrex|Protect
|move|p1a: Zamazenta|Body Press|p2a: Koraidon
|-damage|p2a: Koraidon|0 fnt
|faint|p2a: Koraidon
|
|-weather|SunnyDay|[upkeep]
|upkeep
|
|t:|1750854692
|switch|p2a: Incineroar|Incineroar, L50, F|100/100
|-ability|p2a: Incineroar|Intimidate|boost
|-unboost|p1a: Zamazenta|atk|1
|-unboost|p1b: Calyrex|atk|1
|turn|3
|
|t:|1750854716
|-terastallize|p2b: Calyrex|Normal
|move|p1b: Calyrex|Astral Barrage|p2a: Incineroar|[spread] p2a
|-immune|p2b: Calyrex
|-resisted|p2a: Incineroar
|-damage|p2a: Incineroar|74/100
|move|p1a: Zamazenta|Body Press|p2a: Incineroar
|-supereffective|p2a: Incineroar
|-damage|p2a: Incineroar|0 fnt
|faint|p2a: Incineroar
|move|p2b: Calyrex|Astral Barrage|p1a: Zamazenta|[spread] p1a,p1b
|-supereffective|p1b: Calyrex
|-damage|p1a: Zamazenta|0 fnt
|-enditem|p1b: Calyrex|Focus Sash
|-damage|p1b: Calyrex|1/100
|faint|p1a: Zamazenta
|-ability|p2b: Calyrex|Grim Neigh|boost
|-boost|p2b: Calyrex|spa|1
|
|-weather|SunnyDay|[upkeep]
|upkeep
|
|t:|1750854739
|switch|p1a: Raging Bolt|Raging Bolt, L50|100/100
|switch|p2a: Scream Tail|Scream Tail, L50|100/100
|-activate|p1a: Raging Bolt|ability: Protosynthesis
|-start|p1a: Raging Bolt|protosynthesisspa
|-activate|p2a: Scream Tail|ability: Protosynthesis
|-start|p2a: Scream Tail|protosynthesisspe
|turn|4
|
|t:|1750854761
|-terastallize|p1a: Raging Bolt|Electric
|move|p2b: Calyrex|Protect|p2b: Calyrex
|-singleturn|p2b: Calyrex|Protect
|move|p1b: Calyrex|Astral Barrage|p2a: Scream Tail|[spread] p2a
|-activate|p2b: Calyrex|move: Protect
|-supereffective|p2a: Scream Tail
|-damage|p2a: Scream Tail|32/100
|move|p2a: Scream Tail|Encore|p1b: Calyrex
|-start|p1b: Calyrex|Encore
|move|p1a: Raging Bolt|Thunderbolt|p2a: Scream Tail
|-damage|p2a: Scream Tail|0 fnt
|faint|p2a: Scream Tail
|-end|p2a: Scream Tail|Protosynthesis|[silent]
|
|-weather|SunnyDay|[upkeep]
|-sideend|p1: Leacenh|move: Tailwind
|upkeep
|turn|5
|
|t:|1750854777
|move|p1a: Raging Bolt|Thunderclap|p2b: Calyrex
|-damage|p2b: Calyrex|0 fnt
|faint|p2b: Calyrex
|
|win|Leacenh
|raw|Leacenh's rating: 1386 &rarr; <strong>1404</strong><br />(+18 for winning)
|raw|LINOLOLFPC's rating: 1353 &rarr; <strong>1335</strong><br />(-18 for losing)
|l|☆LINOLOLFPC
|player|p2|
|l|☆Leacenh
|player|p1|
