|j|☆Teamtest09
|j|☆Jack Adamstim
|t:|1750737771
|gametype|doubles
|player|p1|Teamtest09|unknown|1592
|player|p2|Jack Adamstim|wallace|1584
|teamsize|p1|6
|teamsize|p2|6
|gen|9
|tier|[Gen 9] VGC 2025 Reg I
|rated|
|rule|Species Clause: Limit one of each Pokémon
|rule|Item Clause: Limit 1 of each item
|clearpoke
|poke|p1|Koraidon, L50|
|poke|p1|Calyrex-Shadow, L50|
|poke|p1|Weezing-Galar, L50, M|
|poke|p1|Chi-Yu, L50|
|poke|p1|Walking Wake, L50|
|poke|p1|Brute Bonnet, L50|
|poke|p2|Calyrex-Shadow, L50|
|poke|p2|Zamazenta-*, L50|
|poke|p2|Incineroar, L50, M|
|poke|p2|Whimsicott, L50, F|
|poke|p2|Raging Bolt, L50|
|poke|p2|Rillaboom, L50, M|
|teampreview|4
|j| MARGARETVGC
|
|t:|1750737843
|start
|switch|p1a: Weezing|Weezing-Galar, L50, M, shiny|100/100
|switch|p1b: Koraidon|Koraidon, L50|100/100
|switch|p2a: Calyrex|Calyrex-Shadow, L50|100/100
|switch|p2b: Incineroar|Incineroar, L50, M|100/100
|-ability|p1a: Weezing|Neutralizing Gas
|-block|p1b: Koraidon|item: Ability Shield
|-ability|p2a: Calyrex|As One
|-ability|p2a: Calyrex|Unnerve
|-weather|SunnyDay|[from] ability: Orichalcum Pulse|[of] p1b: Koraidon
|-activate|p1b: Koraidon|Orichalcum Pulse|[source]
|turn|1
|
|t:|1750737885
|move|p2a: Calyrex|Astral Barrage|p1b: Koraidon|[spread] p1a,p1b
|-damage|p1a: Weezing|36/100
|-damage|p1b: Koraidon|57/100
|move|p1b: Koraidon|Flame Charge|p2a: Calyrex
|-damage|p2a: Calyrex|59/100
|-boost|p1b: Koraidon|spe|1
|move|p2b: Incineroar|Flare Blitz|p1a: Weezing
|-damage|p1a: Weezing|0 fnt
|faint|p1a: Weezing
|-end|p1a: Weezing|ability: Neutralizing Gas
|-ability|p2b: Incineroar|Intimidate|boost
|-unboost|p1b: Koraidon|atk|1
|-damage|p2b: Incineroar|90/100|[from] Recoil
|
|-weather|SunnyDay|[upkeep]
|upkeep
|
|t:|1750737899
|switch|p1a: Calyrex|Calyrex-Shadow, L50|100/100
|-ability|p1a: Calyrex|As One
|-ability|p1a: Calyrex|Unnerve
|turn|2
|
|t:|1750737910
|-terastallize|p1a: Calyrex|Dark
|move|p2a: Calyrex|Protect|p2a: Calyrex
|-singleturn|p2a: Calyrex|Protect
|move|p1b: Koraidon|Collision Course|p2b: Incineroar
|-supereffective|p2b: Incineroar
|-damage|p2b: Incineroar|0 fnt
|-damage|p1b: Koraidon|40/100|[from] item: Rocky Helmet|[of] p2b: Incineroar
|faint|p2b: Incineroar
|move|p1a: Calyrex|Astral Barrage|p2a: Calyrex
|-activate|p2a: Calyrex|move: Protect
|
|-weather|SunnyDay|[upkeep]
|upkeep
|
|t:|1750737922
|switch|p2b: Whimsicott|Whimsicott, L50, F|100/100
|turn|3
|
|t:|1750737933
|-terastallize|p2a: Calyrex|Dark
|move|p2b: Whimsicott|Tailwind|p2b: Whimsicott
|-sidestart|p2: Jack Adamstim|move: Tailwind
|move|p2a: Calyrex|Psychic|p1b: Koraidon
|-supereffective|p1b: Koraidon
|-damage|p1b: Koraidon|0 fnt
|faint|p1b: Koraidon
|-ability|p2a: Calyrex|Grim Neigh|boost
|-boost|p2a: Calyrex|spa|1
|move|p1a: Calyrex|Astral Barrage|p2a: Calyrex|[spread] p2a,p2b
|-resisted|p2a: Calyrex
|-damage|p2a: Calyrex|26/100
|-damage|p2b: Whimsicott|39/100
|
|-weather|SunnyDay|[upkeep]
|upkeep
|
|t:|1750737945
|switch|p1b: Chi-Yu|Chi-Yu, L50|100/100
|-ability|p1b: Chi-Yu|Beads of Ruin
|turn|4
|
|t:|1750737971
|move|p2a: Calyrex|Protect|p2a: Calyrex
|-singleturn|p2a: Calyrex|Protect
|move|p1a: Calyrex|Protect|p1a: Calyrex
|-singleturn|p1a: Calyrex|Protect
|move|p2b: Whimsicott|Moonblast|p1a: Calyrex
|-activate|p1a: Calyrex|move: Protect
|move|p1b: Chi-Yu|Flamethrower|p2b: Whimsicott
|-supereffective|p2b: Whimsicott
|-damage|p2b: Whimsicott|0 fnt
|faint|p2b: Whimsicott
|
|-weather|SunnyDay|[upkeep]
|upkeep
|
|t:|1750737975
|switch|p2b: Zamazenta|Zamazenta-Crowned, L50|100/100
|-ability|p2b: Zamazenta|Dauntless Shield|boost
|-boost|p2b: Zamazenta|def|1
|turn|5
|
|t:|1750737991
|move|p2a: Calyrex|Encore|p1a: Calyrex
|-start|p1a: Calyrex|Encore
|move|p2b: Zamazenta|Body Press|p1b: Chi-Yu
|-supereffective|p1b: Chi-Yu
|-damage|p1b: Chi-Yu|0 fnt
|faint|p1b: Chi-Yu
|move|p1a: Calyrex|Protect||[still]
|-fail|p1a: Calyrex
|
|-weather|none
|upkeep
|turn|6
|
|t:|1750738003
|move|p1a: Calyrex|Protect|p1a: Calyrex
|-singleturn|p1a: Calyrex|Protect
|move|p2a: Calyrex|Astral Barrage|p1a: Calyrex
|-activate|p1a: Calyrex|move: Protect
|move|p2b: Zamazenta|Body Press|p1a: Calyrex
|-activate|p1a: Calyrex|move: Protect
|
|-sideend|p2: Jack Adamstim|move: Tailwind
|upkeep
|turn|7
|
|t:|1750738008
|move|p1a: Calyrex|Protect||[still]
|-fail|p1a: Calyrex
|move|p2a: Calyrex|Astral Barrage|p1a: Calyrex
|-resisted|p1a: Calyrex
|-damage|p1a: Calyrex|50/100
|move|p2b: Zamazenta|Body Press|p1a: Calyrex
|-supereffective|p1a: Calyrex
|-damage|p1a: Calyrex|0 fnt
|faint|p1a: Calyrex
|
|win|Jack Adamstim
|raw|Teamtest09's rating: 1592 &rarr; <strong>1572</strong><br />(-20 for losing)
|raw|Jack Adamstim's rating: 1584 &rarr; <strong>1604</strong><br />(+20 for winning)
|l|☆Teamtest09
|player|p1|
|l| MARGARETVGC
