|j|☆ShadowShun
|j|☆TheDecommissioner
|t:|1750868822
|gametype|doubles
|player|p1|ShadowShun|maylene|1373
|player|p2|TheDecommissioner|preschooler|1317
|teamsize|p1|6
|teamsize|p2|6
|gen|9
|tier|[Gen 9] VGC 2025 Reg I
|rated|
|rule|Species Clause: Limit one of each Pokémon
|rule|Item Clause: Limit 1 of each item
|clearpoke
|poke|p1|Raichu, L50, F|
|poke|p1|Ogerpon, L50, F|
|poke|p1|Kyogre, L50|
|poke|p1|Zamazenta-*, L50|
|poke|p1|Chien-Pao, L50|
|poke|p1|Tornadus, L50, M|
|poke|p2|Walking Wake, L50|
|poke|p2|Torkoal, L50, M|
|poke|p2|Indeedee-F, L50, F|
|poke|p2|Koraidon, L50|
|poke|p2|Lilligant-Hisui, L50, F|
|poke|p2|Archaludon, L50, F|
|teampreview|4
|inactive|Battle timer is ON: inactive players will automatically lose when time's up. (requested by TheDecommissioner)
|inactive|ShadowShun has 60 seconds left.
|inactive|TheDecommissioner has 60 seconds left.
ShadowShun has agreed to open team sheets.
|
|t:|1750868869
|start
|switch|p1a: Zamazenta|Zamazenta-Crowned, L50|100/100
|switch|p1b: Chien-Pao|Chien-Pao, L50|100/100
|switch|p2a: Talking|Lilligant-Hisui, L50, F|100/100
|switch|p2b: FOREVERR|Torkoal, L50, M, shiny|100/100
|-ability|p1b: Chien-Pao|Sword of Ruin
|-ability|p1a: Zamazenta|Dauntless Shield|boost
|-boost|p1a: Zamazenta|def|1
|-weather|SunnyDay|[from] ability: Drought|[of] p2b: FOREVERR
|turn|1
|
|t:|1750868888
|switch|p2b: Is|Archaludon, L50, F|100/100
|move|p1a: Zamazenta|Wide Guard|p1a: Zamazenta
|-singleturn|p1a: Zamazenta|Wide Guard
|move|p2a: Talking|Bullet Seed|p2b: Is
|-resisted|p2b: Is
|-damage|p2b: Is|98/100
|-ability|p2b: Is|Stamina|boost
|-boost|p2b: Is|def|1
|-resisted|p2b: Is
|-damage|p2b: Is|96/100
|-ability|p2b: Is|Stamina|boost
|-boost|p2b: Is|def|1
|-resisted|p2b: Is
|-damage|p2b: Is|95/100
|-ability|p2b: Is|Stamina|boost
|-boost|p2b: Is|def|1
|-resisted|p2b: Is
|-damage|p2b: Is|94/100
|-ability|p2b: Is|Stamina|boost
|-boost|p2b: Is|def|1
|-resisted|p2b: Is
|-damage|p2b: Is|93/100
|-ability|p2b: Is|Stamina|boost
|-boost|p2b: Is|def|1
|-hitcount|p2b: Is|5
|move|p1b: Chien-Pao|Ice Spinner|p2a: Talking
|-supereffective|p2a: Talking
|-damage|p2a: Talking|0 fnt
|faint|p2a: Talking
|
|-weather|SunnyDay|[upkeep]
|upkeep
|
|t:|1750868900
|switch|p2a: FOREVERR|Torkoal, L50, M, shiny|100/100
|turn|2
|inactive|ShadowShun has 30 seconds left.
|inactive|TheDecommissioner has 30 seconds left.
|
|t:|1750868931
|move|p2a: FOREVERR|Protect|p2a: FOREVERR
|-singleturn|p2a: FOREVERR|Protect
|move|p1b: Chien-Pao|Throat Chop|p2a: FOREVERR
|-activate|p2a: FOREVERR|move: Protect
|move|p1a: Zamazenta|Body Press|p2a: FOREVERR
|-activate|p2a: FOREVERR|move: Protect
|move|p2b: Is|Body Press|p1a: Zamazenta
|-supereffective|p1a: Zamazenta
|-damage|p1a: Zamazenta|14/100
|
|-weather|SunnyDay|[upkeep]
|upkeep
|turn|3
|
|t:|1750868944
|move|p1b: Chien-Pao|Throat Chop|p2a: FOREVERR
|-damage|p2a: FOREVERR|63/100
|-start|p2a: FOREVERR|Throat Chop|[silent]
|move|p1a: Zamazenta|Body Press|p2a: FOREVERR
|-damage|p2a: FOREVERR|0 fnt
|faint|p2a: FOREVERR
|move|p2b: Is|Body Press|p1b: Chien-Pao
|-supereffective|p1b: Chien-Pao
|-crit|p1b: Chien-Pao
|-enditem|p1b: Chien-Pao|Focus Sash
|-damage|p1b: Chien-Pao|1/100
|
|-weather|SunnyDay|[upkeep]
|upkeep
|
|t:|1750868948
|switch|p2a: Indeedee|Indeedee-F, L50, F|100/100
|-fieldstart|move: Psychic Terrain|[from] ability: Psychic Surge|[of] p2a: Indeedee
|turn|4
|
|t:|1750868958
|-terastallize|p2a: Indeedee|Grass
|move|p1b: Chien-Pao|Protect|p1b: Chien-Pao
|-singleturn|p1b: Chien-Pao|Protect
|move|p1a: Zamazenta|Protect|p1a: Zamazenta
|-singleturn|p1a: Zamazenta|Protect
|move|p2b: Is|Body Press|p1a: Zamazenta
|-activate|p1a: Zamazenta|move: Protect
|move|p2a: Indeedee|Trick Room|p2a: Indeedee
|-fieldstart|move: Trick Room|[of] p2a: Indeedee
|
|-weather|SunnyDay|[upkeep]
|upkeep
|turn|5
|
|t:|1750868978
|-terastallize|p1b: Chien-Pao|Ghost
|move|p1a: Zamazenta|Wide Guard|p1a: Zamazenta
|-singleturn|p1a: Zamazenta|Wide Guard
|move|p2b: Is|Body Press|p1b: Chien-Pao
|-immune|p1b: Chien-Pao
|move|p2a: Indeedee|Psychic|p1a: Zamazenta
|-damage|p1a: Zamazenta|0 fnt
|faint|p1a: Zamazenta
|move|p1b: Chien-Pao|Throat Chop|p2a: Indeedee
|-damage|p2a: Indeedee|54/100
|-start|p2a: Indeedee|Throat Chop|[silent]
|
|-weather|none
|upkeep
|
|t:|1750868999
|switch|p1a: Ogerpon|Ogerpon, L50, F|100/100
|turn|6
|
|t:|1750869004
|move|p1a: Ogerpon|Spiky Shield|p1a: Ogerpon
|-singleturn|p1a: Ogerpon|move: Protect
|move|p1b: Chien-Pao|Protect|p1b: Chien-Pao
|-singleturn|p1b: Chien-Pao|Protect
|move|p2b: Is|Body Press|p1a: Ogerpon
|-activate|p1a: Ogerpon|move: Protect
|-damage|p2b: Is|81/100|[from] Spiky Shield|[of] p1a: Ogerpon
|move|p2a: Indeedee|Dazzling Gleam|p1a: Ogerpon|[spread] 
|-activate|p1a: Ogerpon|move: Protect
|-activate|p1b: Chien-Pao|move: Protect
|
|-end|p2a: Indeedee|Throat Chop|[silent]
|upkeep
|turn|7
|
|t:|1750869029
|move|p1a: Ogerpon|Follow Me|p1a: Ogerpon
|-singleturn|p1a: Ogerpon|move: Follow Me
|move|p2b: Is|Body Press|p1a: Ogerpon
|-damage|p1a: Ogerpon|0 fnt
|faint|p1a: Ogerpon
|move|p2a: Indeedee|Dazzling Gleam|p1b: Chien-Pao
|-damage|p1b: Chien-Pao|0 fnt
|faint|p1b: Chien-Pao
|
|upkeep
|-message|ShadowShun forfeited.
|
|win|TheDecommissioner
|raw|ShadowShun's rating: 1373 &rarr; <strong>1350</strong><br />(-23 for losing)
|raw|TheDecommissioner's rating: 1317 &rarr; <strong>1340</strong><br />(+23 for winning)
|l|☆ShadowShun
|player|p1|
|l|☆TheDecommissioner
|player|p2|
