|j|☆MalteseShark
|j|☆skill issue vgc
|t:|1750862355
|gametype|doubles
|player|p1|MalteseShark|acetrainer-gen4dp|1415
|player|p2|skill issue vgc|unknown|1452
|teamsize|p1|6
|teamsize|p2|6
|gen|9
|tier|[Gen 9] VGC 2025 Reg I
|rated|
|rule|Species Clause: Limit one of each Pokémon
|rule|Item Clause: Limit 1 of each item
|clearpoke
|poke|p1|Miraidon, L50|
|poke|p1|Calyrex-Ice, L50|
|poke|p1|Amoonguss, L50, M|
|poke|p1|Flutter Mane, L50|
|poke|p1|Garchomp, L50, M|
|poke|p1|Ogerpon-Wellspring, L50, F|
|poke|p2|Calyrex-Ice, L50|
|poke|p2|Miraidon, L50|
|poke|p2|Ogerpon-Cornerstone, L50, F|
|poke|p2|Urshifu-*, L50, M|
|poke|p2|Volcarona, L50, F|
|poke|p2|Incineroar, L50, M|
|teampreview|4
|inactive|Battle timer is ON: inactive players will automatically lose when time's up. (requested by MalteseShark)
|inactive|MalteseShark has 60 seconds left.
|
|t:|1750862402
|start
|switch|p1a: Calyrex|Calyrex-Ice, L50|100/100
|switch|p1b: Amoonguss|Amoonguss, L50, M|100/100
|switch|p2a: Calyrex|Calyrex-Ice, L50|100/100
|switch|p2b: Incineroar|Incineroar, L50, M|100/100
|-ability|p1a: Calyrex|As One
|-ability|p1a: Calyrex|Unnerve
|-ability|p2a: Calyrex|As One
|-ability|p2a: Calyrex|Unnerve
|-ability|p2b: Incineroar|Intimidate|boost
|-fail|p1a: Calyrex|unboost|[from] item: Clear Amulet|[of] p1a: Calyrex
|-unboost|p1b: Amoonguss|atk|1
|turn|1
|inactive|MalteseShark has 30 seconds left.
|inactive|skill issue vgc has 30 seconds left.
|inactive|skill issue vgc has 20 seconds left.
|
|t:|1750862443
|-terastallize|p1b: Amoonguss|Water
|move|p2b: Incineroar|Knock Off|p1a: Calyrex
|-supereffective|p1a: Calyrex
|-damage|p1a: Calyrex|59/100
|-enditem|p1a: Calyrex|Clear Amulet|[from] move: Knock Off|[of] p2b: Incineroar
|move|p1a: Calyrex|Swords Dance|p1a: Calyrex
|-boost|p1a: Calyrex|atk|2
|move|p2a: Calyrex|Glacial Lance|p1b: Amoonguss|[spread] p1a,p1b
|-resisted|p1a: Calyrex
|-resisted|p1b: Amoonguss
|-damage|p1a: Calyrex|42/100
|-damage|p1b: Amoonguss|77/100
|move|p1b: Amoonguss|Spore|p2a: Calyrex
|-status|p2a: Calyrex|slp|[from] move: Spore
|
|upkeep
|turn|2
|inactive|skill issue vgc has 30 seconds left.
|inactive|skill issue vgc has 20 seconds left.
|
|t:|1750862478
|-terastallize|p2b: Incineroar|Grass
|move|p1b: Amoonguss|Rage Powder|p1b: Amoonguss
|-singleturn|p1b: Amoonguss|move: Rage Powder
|move|p2b: Incineroar|Parting Shot|p1a: Calyrex
|-unboost|p1a: Calyrex|atk|1
|-unboost|p1a: Calyrex|spa|1
|
|t:|1750862483
|switch|p2b: Volcarona|Volcarona, L50, F|100/100|[from] Parting Shot
|move|p1a: Calyrex|Glacial Lance|p2a: Calyrex|[spread] p2a,p2b
|-resisted|p2a: Calyrex
|-resisted|p2b: Volcarona
|-damage|p2a: Calyrex|73/100 slp
|-damage|p2b: Volcarona|59/100
|cant|p2a: Calyrex|slp
|
|upkeep
|turn|3
|
|t:|1750862507
|move|p1b: Amoonguss|Rage Powder|p1b: Amoonguss
|-singleturn|p1b: Amoonguss|move: Rage Powder
|move|p2b: Volcarona|Fiery Dance|p1b: Amoonguss
|-resisted|p1b: Amoonguss
|-damage|p1b: Amoonguss|62/100
|move|p1a: Calyrex|High Horsepower|p2b: Volcarona
|-damage|p2b: Volcarona|5/100
|-damage|p1a: Calyrex|26/100|[from] item: Rocky Helmet|[of] p2b: Volcarona
|-status|p1a: Calyrex|brn|[from] ability: Flame Body|[of] p2b: Volcarona
|cant|p2a: Calyrex|slp
|
|-damage|p1a: Calyrex|20/100 brn|[from] brn
|upkeep
|turn|4
|
|t:|1750862529
|move|p1b: Amoonguss|Rage Powder|p1b: Amoonguss
|-singleturn|p1b: Amoonguss|move: Rage Powder
|move|p2b: Volcarona|Fiery Dance|p1b: Amoonguss
|-resisted|p1b: Amoonguss
|-damage|p1b: Amoonguss|48/100
|-boost|p2b: Volcarona|spa|1
|move|p1a: Calyrex|Glacial Lance|p2b: Volcarona|[spread] p2a,p2b
|-resisted|p2a: Calyrex
|-resisted|p2b: Volcarona
|-damage|p2a: Calyrex|60/100 slp
|-damage|p2b: Volcarona|0 fnt
|faint|p2b: Volcarona
|-ability|p1a: Calyrex|Chilling Neigh|boost
|-boost|p1a: Calyrex|atk|1
|cant|p2a: Calyrex|slp
|
|-damage|p1a: Calyrex|14/100 brn|[from] brn
|upkeep
|
|t:|1750862546
|switch|p2b: Miraidon|Miraidon, L50|100/100
|-fieldstart|move: Electric Terrain|[from] ability: Hadron Engine|[of] p2b: Miraidon
|turn|5
|
|t:|1750862557
|move|p1b: Amoonguss|Rage Powder|p1b: Amoonguss
|-singleturn|p1b: Amoonguss|move: Rage Powder
|move|p2b: Miraidon|Volt Switch|p1b: Amoonguss
|-supereffective|p1b: Amoonguss
|-damage|p1b: Amoonguss|0 fnt
|faint|p1b: Amoonguss
|
|t:|1750862563
|switch|p2b: Incineroar|Incineroar, L50, M, tera:Grass|100/100|[from] Volt Switch
|-ability|p2b: Incineroar|Intimidate|boost
|-unboost|p1a: Calyrex|atk|1
|move|p1a: Calyrex|Glacial Lance|p2b: Incineroar|[spread] p2a,p2b
|-resisted|p2a: Calyrex
|-supereffective|p2b: Incineroar
|-damage|p2a: Calyrex|46/100 slp
|-damage|p2b: Incineroar|32/100
|-curestatus|p2a: Calyrex|slp|[msg]
|move|p2a: Calyrex|Trick Room|p2a: Calyrex
|-fieldstart|move: Trick Room|[of] p2a: Calyrex
|
|-damage|p1a: Calyrex|8/100 brn|[from] brn
|upkeep
|
|t:|1750862577
|switch|p1b: Ogerpon|Ogerpon-Wellspring, L50, F|100/100
|turn|6
|
|t:|1750862585
|move|p1a: Calyrex|Protect|p1a: Calyrex
|-singleturn|p1a: Calyrex|Protect
|move|p2b: Incineroar|Fake Out|p1a: Calyrex
|-activate|p1a: Calyrex|move: Protect
|move|p2a: Calyrex|Glacial Lance|p1a: Calyrex|[spread] p1b
|-activate|p1a: Calyrex|move: Protect
|-damage|p1b: Ogerpon|52/100
|move|p1b: Ogerpon|Leech Seed|p2a: Calyrex
|-start|p2a: Calyrex|move: Leech Seed
|
|-damage|p2a: Calyrex|34/100|[from] Leech Seed|[of] p1b: Ogerpon
|-heal|p1b: Ogerpon|65/100|[silent]
|-damage|p1a: Calyrex|2/100 brn|[from] brn
|upkeep
|turn|7
|
|t:|1750862607
|move|p1b: Ogerpon|Spiky Shield|p1b: Ogerpon
|-singleturn|p1b: Ogerpon|move: Protect
|move|p2a: Calyrex|Glacial Lance|p1b: Ogerpon|[spread] p1a
|-activate|p1b: Ogerpon|move: Protect
|-resisted|p1a: Calyrex
|-damage|p1a: Calyrex|0 fnt
|faint|p1a: Calyrex
|-ability|p2a: Calyrex|Chilling Neigh|boost
|-boost|p2a: Calyrex|atk|1
|move|p2b: Incineroar|Parting Shot|p1b: Ogerpon
|-activate|p1b: Ogerpon|move: Protect
|
|-damage|p2a: Calyrex|22/100|[from] Leech Seed|[of] p1b: Ogerpon
|-heal|p1b: Ogerpon|79/100|[silent]
|upkeep
|
|t:|1750862620
|switch|p1a: Flutter Mane|Flutter Mane, L50|100/100
|-enditem|p1a: Flutter Mane|Booster Energy
|-activate|p1a: Flutter Mane|ability: Protosynthesis|[fromitem]
|-start|p1a: Flutter Mane|protosynthesisspe
|turn|8
|
|t:|1750862635
|move|p1b: Ogerpon|Spiky Shield||[still]
|-fail|p1b: Ogerpon
|move|p1a: Flutter Mane|Protect|p1a: Flutter Mane
|-singleturn|p1a: Flutter Mane|Protect
|move|p2a: Calyrex|Glacial Lance|p1a: Flutter Mane|[spread] p1b
|-activate|p1a: Flutter Mane|move: Protect
|-damage|p1b: Ogerpon|6/100
|move|p2b: Incineroar|Parting Shot|p1b: Ogerpon
|-unboost|p1b: Ogerpon|atk|1
|-unboost|p1b: Ogerpon|spa|1
|
|t:|1750862644
|switch|p2b: Miraidon|Miraidon, L50|100/100|[from] Parting Shot
|-activate|p2b: Miraidon|ability: Hadron Engine
|
|-damage|p2a: Calyrex|10/100|[from] Leech Seed|[of] p1b: Ogerpon
|-heal|p1b: Ogerpon|19/100|[silent]
|upkeep
|turn|9
|
|t:|1750862655
|move|p1b: Ogerpon|Spiky Shield|p1b: Ogerpon
|-singleturn|p1b: Ogerpon|move: Protect
|move|p1a: Flutter Mane|Protect|p1a: Flutter Mane
|-singleturn|p1a: Flutter Mane|Protect
|move|p2a: Calyrex|Glacial Lance|p1a: Flutter Mane|[spread] 
|-activate|p1a: Flutter Mane|move: Protect
|-activate|p1b: Ogerpon|move: Protect
|move|p2b: Miraidon|Volt Switch|p1a: Flutter Mane
|-activate|p1a: Flutter Mane|move: Protect
|
|-damage|p2a: Calyrex|0 fnt|[from] Leech Seed|[of] p1b: Ogerpon
|-heal|p1b: Ogerpon|29/100|[silent]
|faint|p2a: Calyrex
|-fieldend|move: Trick Room
|-fieldend|move: Electric Terrain
|upkeep
|
|t:|1750862659
|switch|p2a: Incineroar|Incineroar, L50, M, tera:Grass|32/100
|-ability|p2a: Incineroar|Intimidate|boost
|-unboost|p1a: Flutter Mane|atk|1
|-unboost|p1b: Ogerpon|atk|1
|turn|10
|inactive|MalteseShark has 30 seconds left.
|
|t:|1750862685
|move|p2a: Incineroar|Fake Out|p1b: Ogerpon
|-damage|p1b: Ogerpon|20/100
|move|p1a: Flutter Mane|Moonblast|p2b: Miraidon
|-supereffective|p2b: Miraidon
|-damage|p2b: Miraidon|28/100
|-unboost|p2b: Miraidon|spa|1
|move|p2b: Miraidon|Volt Switch|p1a: Flutter Mane
|-damage|p1a: Flutter Mane|59/100
|cant|p1b: Ogerpon|flinch
|
|upkeep
|turn|11
|c|☆skill issue vgc|dude...gtfo
|c|☆skill issue vgc|you are so lucky
|inactive|skill issue vgc has 30 seconds left.
|c|☆skill issue vgc|you get the double protect on flutter and then get the spatk drop
|c|☆MalteseShark|skill brother
|inactive|skill issue vgc has 20 seconds left.
|c|☆skill issue vgc|oh stfu
|inactive|skill issue vgc has 15 seconds left.
|inactive|skill issue vgc has 10 seconds left.
|c|☆skill issue vgc|lying through your teeth
|inactive|skill issue vgc has 5 seconds left.
|-message|skill issue vgc forfeited.
|
|win|MalteseShark
|raw|MalteseShark's rating: 1415 &rarr; <strong>1437</strong><br />(+22 for winning)
|raw|skill issue vgc's rating: 1452 &rarr; <strong>1430</strong><br />(-22 for losing)
|c|☆MalteseShark|double protect you have 1/3
|c|☆skill issue vgc|yes..thats called luck
|c|☆skill issue vgc|are you dumb?
|c|☆MalteseShark|i tried 3 dp but only 1 worked you shithole
|c|☆skill issue vgc|the 1 you needed...
|c|☆skill issue vgc|holy hell you're dumb
|c|☆skill issue vgc|you dont get that double protect and you lose
|c|☆MalteseShark|yes keep moving kid. i dont care about your rants
|l|☆MalteseShark
|player|p1|
|c|☆skill issue vgc|you're delusional lmao
|l|☆skill issue vgc
|player|p2|
