|j|☆he0
|j|☆yaasuto
|t:|1750778619
|gametype|doubles
|player|p1|he0|cynthia-masters|1550
|player|p2|yaasuto|hilbert|1522
|teamsize|p1|6
|teamsize|p2|6
|gen|9
|tier|[Gen 9] VGC 2025 Reg I
|rated|
|rule|Species Clause: Limit one of each Pokémon
|rule|Item Clause: Limit 1 of each item
|clearpoke
|poke|p1|Lunala, L50|
|poke|p1|Koraidon, L50|
|poke|p1|Chi-Yu, L50|
|poke|p1|Iron Moth, L50|
|poke|p1|Whimsicott, L50, M|
|poke|p1|Ursaluna, L50, F|
|poke|p2|Ho-Oh, L50|
|poke|p2|Eternatus, L50|
|poke|p2|Wo-Chien, L50|
|poke|p2|Incineroar, L50, M|
|poke|p2|Rillaboom, L50, M|
|poke|p2|Ting-Lu, L50|
|teampreview|4
|inactive|Battle timer is ON: inactive players will automatically lose when time's up. (requested by yaasuto)
|inactive|yaasuto has 60 seconds left.
|
|t:|1750778674
|start
|switch|p1a: 月神怕鬼|Lunala, L50|100/100
|switch|p1b: Iron Moth|Iron Moth, L50|100/100
|switch|p2a: Eternatus|Eternatus, L50|100/100
|switch|p2b: Incineroar|Incineroar, L50, M|100/100
|-ability|p2a: Eternatus|Pressure
|-ability|p2b: Incineroar|Intimidate|boost
|-unboost|p1a: 月神怕鬼|atk|1
|-unboost|p1b: Iron Moth|atk|1
|-enditem|p1b: Iron Moth|Booster Energy
|-activate|p1b: Iron Moth|ability: Quark Drive|[fromitem]
|-start|p1b: Iron Moth|quarkdrivespe
|turn|1
|
|t:|1750778691
|switch|p2b: Ting-Lu|Ting-Lu, L50|100/100
|-ability|p2b: Ting-Lu|Vessel of Ruin
|move|p1b: Iron Moth|Struggle Bug|p2a: Eternatus|[spread] p2a,p2b
|-resisted|p2a: Eternatus
|-supereffective|p2b: Ting-Lu
|-damage|p2a: Eternatus|98/100
|-damage|p2b: Ting-Lu|90/100
|-unboost|p2a: Eternatus|spa|1
|-unboost|p2b: Ting-Lu|spa|1
|move|p2a: Eternatus|Substitute|p2a: Eternatus
|-start|p2a: Eternatus|Substitute
|-damage|p2a: Eternatus|73/100
|move|p1a: 月神怕鬼|Meteor Beam||[still]
|-prepare|p1a: 月神怕鬼|Meteor Beam
|-boost|p1a: 月神怕鬼|spa|1
|-enditem|p1a: 月神怕鬼|Power Herb
|-anim|p1a: 月神怕鬼|Meteor Beam|p2b: Ting-Lu
|-resisted|p2b: Ting-Lu
|-damage|p2b: Ting-Lu|76/100
|
|-heal|p2a: Eternatus|79/100|[from] item: Black Sludge
|-heal|p2b: Ting-Lu|82/100|[from] item: Leftovers
|upkeep
|turn|2
|inactive|he0 has 30 seconds left.
|
|t:|1750778717
|-terastallize|p1a: 月神怕鬼|Dark
|move|p1b: Iron Moth|Acid Spray|p2b: Ting-Lu
|-resisted|p2b: Ting-Lu
|-damage|p2b: Ting-Lu|78/100
|-unboost|p2b: Ting-Lu|spd|2
|move|p2a: Eternatus|Toxic|p1a: 月神怕鬼
|-status|p1a: 月神怕鬼|tox
|move|p1a: 月神怕鬼|Moongeist Beam|p2b: Ting-Lu
|-resisted|p2b: Ting-Lu
|-damage|p2b: Ting-Lu|41/100
|move|p2b: Ting-Lu|Snarl|p1a: 月神怕鬼|[spread] p1a,p1b
|-resisted|p1a: 月神怕鬼
|-damage|p1a: 月神怕鬼|99/100 tox
|-damage|p1b: Iron Moth|95/100
|-unboost|p1a: 月神怕鬼|spa|1
|-unboost|p1b: Iron Moth|spa|1
|
|-heal|p2a: Eternatus|85/100|[from] item: Black Sludge
|-heal|p2b: Ting-Lu|47/100|[from] item: Leftovers
|-damage|p1a: 月神怕鬼|94/100 tox|[from] psn
|upkeep
|turn|3
|inactive|yaasuto has 30 seconds left.
|inactive|yaasuto has 20 seconds left.
|inactive|yaasuto has 15 seconds left.
|
|t:|1750778759
|switch|p2b: Ho-Oh|Ho-Oh, L50|100/100
|move|p1b: Iron Moth|Acid Spray|p2b: Ho-Oh
|-damage|p2b: Ho-Oh|93/100
|-unboost|p2b: Ho-Oh|spd|2
|move|p2a: Eternatus|Dynamax Cannon|p1b: Iron Moth
|-damage|p1b: Iron Moth|63/100
|move|p1a: 月神怕鬼|Moongeist Beam|p2a: Eternatus
|-end|p2a: Eternatus|Substitute
|
|-heal|p2a: Eternatus|91/100|[from] item: Black Sludge
|-damage|p1a: 月神怕鬼|81/100 tox|[from] psn
|upkeep
|turn|4
|inactive|yaasuto has 30 seconds left.
|
|t:|1750778791
|switch|p2b: Incineroar|Incineroar, L50, M|100/100
|-ability|p2b: Incineroar|Intimidate|boost
|-unboost|p1a: 月神怕鬼|atk|1
|-unboost|p1b: Iron Moth|atk|1
|move|p1b: Iron Moth|Acid Spray|p2a: Eternatus
|-resisted|p2a: Eternatus
|-damage|p2a: Eternatus|87/100
|-unboost|p2a: Eternatus|spd|2
|move|p2a: Eternatus|Substitute|p2a: Eternatus
|-start|p2a: Eternatus|Substitute
|-damage|p2a: Eternatus|62/100
|move|p1a: 月神怕鬼|Moongeist Beam|p2b: Incineroar
|-resisted|p2b: Incineroar
|-damage|p2b: Incineroar|79/100
|
|-heal|p2a: Eternatus|68/100|[from] item: Black Sludge
|-damage|p1a: 月神怕鬼|63/100 tox|[from] psn
|upkeep
|turn|5
|inactive|he0 has 30 seconds left.
|
|t:|1750778821
|switch|p1a: 怕水的鱼|Chi-Yu, L50|100/100
|-ability|p1a: 怕水的鱼|Beads of Ruin
|move|p2a: Eternatus|Protect|p2a: Eternatus
|-singleturn|p2a: Eternatus|Protect
|move|p1b: Iron Moth|Acid Spray|p2b: Incineroar
|-damage|p2b: Incineroar|65/100
|-unboost|p2b: Incineroar|spd|2
|move|p2b: Incineroar|Parting Shot|p1a: 怕水的鱼
|-unboost|p1a: 怕水的鱼|atk|1
|-unboost|p1a: 怕水的鱼|spa|1
|
|t:|1750778831
|switch|p2b: Ho-Oh|Ho-Oh, L50|100/100|[from] Parting Shot
|
|-heal|p2a: Eternatus|74/100|[from] item: Black Sludge
|upkeep
|turn|6
|
|t:|1750778849
|move|p1b: Iron Moth|Acid Spray|p2b: Ho-Oh
|-damage|p2b: Ho-Oh|90/100
|-unboost|p2b: Ho-Oh|spd|2
|move|p1a: 怕水的鱼|Dark Pulse|p2a: Eternatus
|-end|p2a: Eternatus|Substitute
|move|p2a: Eternatus|Toxic|p1a: 怕水的鱼
|-status|p1a: 怕水的鱼|tox
|move|p2b: Ho-Oh|Life Dew|p2b: Ho-Oh|[spread] p2a,p2b
|-heal|p2a: Eternatus|99/100
|-heal|p2b: Ho-Oh|100/100
|
|-heal|p2a: Eternatus|100/100|[from] item: Black Sludge
|-damage|p1a: 怕水的鱼|94/100 tox|[from] psn
|upkeep
|turn|7
|inactive|yaasuto has 30 seconds left.
|
|t:|1750778876
|switch|p2b: Ting-Lu|Ting-Lu, L50|47/100
|-ability|p2b: Ting-Lu|Vessel of Ruin
|move|p2a: Eternatus|Protect|p2a: Eternatus
|-singleturn|p2a: Eternatus|Protect
|move|p1b: Iron Moth|Acid Spray|p2b: Ting-Lu
|-resisted|p2b: Ting-Lu
|-damage|p2b: Ting-Lu|44/100
|-unboost|p2b: Ting-Lu|spd|2
|move|p1a: 怕水的鱼|Dark Pulse|p2b: Ting-Lu
|-resisted|p2b: Ting-Lu
|-damage|p2b: Ting-Lu|26/100
|
|-heal|p2b: Ting-Lu|33/100|[from] item: Leftovers
|-damage|p1a: 怕水的鱼|82/100 tox|[from] psn
|upkeep
|turn|8
|
|t:|1750778887
|switch|p2a: Incineroar|Incineroar, L50, M|65/100
|-ability|p2a: Incineroar|Intimidate|boost
|-unboost|p1a: 怕水的鱼|atk|1
|-unboost|p1b: Iron Moth|atk|1
|move|p2b: Ting-Lu|Protect|p2b: Ting-Lu
|-singleturn|p2b: Ting-Lu|Protect
|move|p1b: Iron Moth|Acid Spray|p2a: Incineroar
|-damage|p2a: Incineroar|56/100
|-unboost|p2a: Incineroar|spd|2
|move|p1a: 怕水的鱼|Dark Pulse|p2a: Incineroar
|-resisted|p2a: Incineroar
|-damage|p2a: Incineroar|34/100
|-enditem|p2a: Incineroar|Sitrus Berry|[eat]
|-heal|p2a: Incineroar|59/100|[from] item: Sitrus Berry
|
|-heal|p2b: Ting-Lu|39/100|[from] item: Leftovers
|-damage|p1a: 怕水的鱼|64/100 tox|[from] psn
|upkeep
|turn|9
|inactive|yaasuto has 30 seconds left.
|
|t:|1750778914
|switch|p2b: Eternatus|Eternatus, L50|100/100
|-ability|p2b: Eternatus|Pressure
|move|p2a: Incineroar|Fake Out|p1a: 怕水的鱼
|-damage|p1a: 怕水的鱼|46/100 tox
|move|p1b: Iron Moth|Acid Spray|p2b: Eternatus
|-resisted|p2b: Eternatus
|-damage|p2b: Eternatus|95/100
|-unboost|p2b: Eternatus|spd|2
|cant|p1a: 怕水的鱼|flinch
|
|-heal|p2b: Eternatus|100/100|[from] item: Black Sludge
|-damage|p1a: 怕水的鱼|22/100 tox|[from] psn
|upkeep
|turn|10
|inactive|he0 has 30 seconds left.
|
|t:|1750778939
|switch|p1a: 月神怕鬼|Lunala, L50, tera:Dark|63/100 tox
|switch|p2a: Ho-Oh|Ho-Oh, L50|100/100
|move|p1b: Iron Moth|Protect|p1b: Iron Moth
|-singleturn|p1b: Iron Moth|Protect
|move|p2b: Eternatus|Protect||[still]
|-fail|p2b: Eternatus
|
|-damage|p1a: 月神怕鬼|57/100 tox|[from] psn
|upkeep
|turn|11
|
|t:|1750778953
|move|p1b: Iron Moth|Acid Spray|p2a: Ho-Oh
|-damage|p2a: Ho-Oh|93/100
|-unboost|p2a: Ho-Oh|spd|2
|move|p2b: Eternatus|Substitute|p2b: Eternatus
|-start|p2b: Eternatus|Substitute
|-damage|p2b: Eternatus|76/100
|move|p1a: 月神怕鬼|Moongeist Beam|p2a: Ho-Oh
|-crit|p2a: Ho-Oh
|-damage|p2a: Ho-Oh|0 fnt
|faint|p2a: Ho-Oh
|
|-heal|p2b: Eternatus|82/100|[from] item: Black Sludge
|-damage|p1a: 月神怕鬼|44/100 tox|[from] psn
|upkeep
|
|t:|1750778971
|switch|p2a: Incineroar|Incineroar, L50, M|59/100
|-ability|p2a: Incineroar|Intimidate|boost
|-unboost|p1a: 月神怕鬼|atk|1
|-unboost|p1b: Iron Moth|atk|1
|turn|12
|
|t:|1750778990
|move|p2a: Incineroar|Fake Out|p1b: Iron Moth
|-damage|p1b: Iron Moth|46/100
|cant|p1b: Iron Moth|flinch
|move|p2b: Eternatus|Dynamax Cannon|p1b: Iron Moth
|-damage|p1b: Iron Moth|0 fnt
|faint|p1b: Iron Moth
|-end|p1b: Iron Moth|Quark Drive|[silent]
|move|p1a: 月神怕鬼|Moongeist Beam|p2b: Eternatus
|-end|p2b: Eternatus|Substitute
|
|-heal|p2b: Eternatus|88/100|[from] item: Black Sludge
|-damage|p1a: 月神怕鬼|26/100 tox|[from] psn
|upkeep
|
|t:|1750778996
|switch|p1b: 五指拳心剑|Koraidon, L50|100/100
|-weather|SunnyDay|[from] ability: Orichalcum Pulse|[of] p1b: 五指拳心剑
|-activate|p1b: 五指拳心剑|Orichalcum Pulse|[source]
|turn|13
|
|t:|1750779014
|-terastallize|p2a: Incineroar|Ghost
|move|p1b: 五指拳心剑|Flare Blitz|p2a: Incineroar
|-damage|p2a: Incineroar|0 fnt
|faint|p2a: Incineroar
|-damage|p1b: 五指拳心剑|79/100|[from] Recoil
|-damage|p1b: 五指拳心剑|69/100|[from] item: Life Orb
|move|p2b: Eternatus|Substitute|p2b: Eternatus
|-start|p2b: Eternatus|Substitute
|-damage|p2b: Eternatus|63/100
|move|p1a: 月神怕鬼|Moongeist Beam|p2b: Eternatus
|-end|p2b: Eternatus|Substitute
|
|-weather|SunnyDay|[upkeep]
|-heal|p2b: Eternatus|69/100|[from] item: Black Sludge
|-damage|p1a: 月神怕鬼|1/100 tox|[from] psn
|upkeep
|
|t:|1750779021
|switch|p2a: Ting-Lu|Ting-Lu, L50|39/100
|-ability|p2a: Ting-Lu|Vessel of Ruin
|turn|14
|
|t:|1750779041
|move|p1b: 五指拳心剑|Protect|p1b: 五指拳心剑
|-singleturn|p1b: 五指拳心剑|Protect
|move|p2b: Eternatus|Protect|p2b: Eternatus
|-singleturn|p2b: Eternatus|Protect
|move|p2a: Ting-Lu|Protect|p2a: Ting-Lu
|-singleturn|p2a: Ting-Lu|Protect
|move|p1a: 月神怕鬼|Meteor Beam||[still]
|-prepare|p1a: 月神怕鬼|Meteor Beam
|-boost|p1a: 月神怕鬼|spa|1
|
|-weather|SunnyDay|[upkeep]
|-heal|p2b: Eternatus|75/100|[from] item: Black Sludge
|-heal|p2a: Ting-Lu|45/100|[from] item: Leftovers
|-damage|p1a: 月神怕鬼|0 fnt|[from] psn
|faint|p1a: 月神怕鬼
|upkeep
|
|t:|1750779047
|switch|p1a: 怕水的鱼|Chi-Yu, L50|22/100 tox
|-ability|p1a: 怕水的鱼|Beads of Ruin
|turn|15
|
|t:|1750779053
|move|p1a: 怕水的鱼|Dark Pulse|p2b: Eternatus
|-damage|p2b: Eternatus|19/100
|move|p1b: 五指拳心剑|Close Combat|p2a: Ting-Lu
|-supereffective|p2a: Ting-Lu
|-damage|p2a: Ting-Lu|0 fnt
|-unboost|p1b: 五指拳心剑|def|1
|-unboost|p1b: 五指拳心剑|spd|1
|faint|p2a: Ting-Lu
|-damage|p1b: 五指拳心剑|59/100|[from] item: Life Orb
|move|p2b: Eternatus|Dynamax Cannon|p1a: 怕水的鱼
|-damage|p1a: 怕水的鱼|0 fnt
|faint|p1a: 怕水的鱼
|
|-weather|SunnyDay|[upkeep]
|-heal|p2b: Eternatus|25/100|[from] item: Black Sludge
|upkeep
|turn|16
|
|t:|1750779065
|move|p2b: Eternatus|Protect|p2b: Eternatus
|-singleturn|p2b: Eternatus|Protect
|move|p1b: 五指拳心剑|Close Combat|p2b: Eternatus
|-activate|p2b: Eternatus|move: Protect
|
|-weather|SunnyDay|[upkeep]
|-heal|p2b: Eternatus|31/100|[from] item: Black Sludge
|upkeep
|turn|17
|
|t:|1750779080
|move|p1b: 五指拳心剑|Close Combat|p2b: Eternatus
|-resisted|p2b: Eternatus
|-damage|p2b: Eternatus|1/100
|-unboost|p1b: 五指拳心剑|def|1
|-unboost|p1b: 五指拳心剑|spd|1
|-damage|p1b: 五指拳心剑|49/100|[from] item: Life Orb
|move|p2b: Eternatus|Dynamax Cannon|p1b: 五指拳心剑
|-supereffective|p1b: 五指拳心剑
|-damage|p1b: 五指拳心剑|0 fnt
|faint|p1b: 五指拳心剑
|
|win|yaasuto
|raw|he0's rating: 1550 &rarr; <strong>1528</strong><br />(-22 for losing)
|raw|yaasuto's rating: 1522 &rarr; <strong>1544</strong><br />(+22 for winning)
