|j|☆Somie
|j|☆Adam2E
|t:|1750783991
|gametype|doubles
|player|p1|Somie|marnie|1459
|player|p2|Adam2E|170|1377
|teamsize|p1|6
|teamsize|p2|6
|gen|9
|tier|[Gen 9] VGC 2025 Reg I
|rated|
|rule|Species Clause: Limit one of each Pokémon
|rule|Item Clause: Limit 1 of each item
|clearpoke
|poke|p1|Whimsicott, L50, F|
|poke|p1|Miraidon, L50|
|poke|p1|Farigiraf, L50, M|
|poke|p1|Iron Crown, L50|
|poke|p1|Ho-Oh, L50|
|poke|p1|Sneasler, L50, F|
|poke|p2|Calyrex-Shadow, L50|
|poke|p2|Koraidon, L50|
|poke|p2|Garganacl, L50, F|
|poke|p2|Rillaboom, L50, M|
|poke|p2|Incineroar, L50, M|
|poke|p2|Urshifu-*, L50, M|
|teampreview|4
|inactive|Battle timer is ON: inactive players will automatically lose when time's up. (requested by Somie)
|inactive|Somie has 60 seconds left.
|inactive|Adam2E has 60 seconds left.
|inactive|Somie has 30 seconds left.
|inactive|Somie has 20 seconds left.
|inactive|Somie has 15 seconds left.
|inactive|Somie has 10 seconds left.
|
|t:|1750784073
|start
|switch|p1a: Ho-Oh|Ho-Oh, L50, shiny|100/100
|switch|p1b: Sneasler|Sneasler, L50, F|100/100
|switch|p2a: Calyrex|Calyrex-Shadow, L50|100/100
|switch|p2b: Incineroar|Incineroar, L50, M|100/100
|-ability|p2a: Calyrex|As One
|-ability|p2a: Calyrex|Unnerve
|-ability|p2b: Incineroar|Intimidate|boost
|-fail|p1a: Ho-Oh|unboost|[from] item: Clear Amulet|[of] p1a: Ho-Oh
|-unboost|p1b: Sneasler|atk|1
|turn|1
|inactive|Adam2E has 30 seconds left.
|inactive|Adam2E has 20 seconds left.
|inactive|Adam2E has 15 seconds left.
|
|t:|1750784114
|move|p1b: Sneasler|Fake Out|p2b: Incineroar
|-damage|p2b: Incineroar|92/100
|cant|p2b: Incineroar|flinch
|move|p2a: Calyrex|Astral Barrage|p1a: Ho-Oh|[spread] p1a,p1b
|-crit|p1a: Ho-Oh
|-damage|p1a: Ho-Oh|44/100
|-damage|p1b: Sneasler|20/100
|move|p1a: Ho-Oh|Tailwind|p1a: Ho-Oh
|-sidestart|p1: Somie|move: Tailwind
|
|upkeep
|turn|2
|l|☆Adam2E
|inactive|Adam2E disconnected and has a minute to reconnect!
|player|p2|
|j|☆Adam2E
|inactive|Adam2E reconnected and has 40 seconds left.
|player|p2|Adam2E|170|
|inactive|Adam2E has 30 seconds left.
|
|t:|1750784142
|move|p1a: Ho-Oh|Protect|p1a: Ho-Oh
|-singleturn|p1a: Ho-Oh|Protect
|move|p1b: Sneasler|Coaching|p1a: Ho-Oh
|-boost|p1a: Ho-Oh|atk|1
|-boost|p1a: Ho-Oh|def|1
|move|p2a: Calyrex|Astral Barrage|p1a: Ho-Oh|[spread] p1b
|-activate|p1a: Ho-Oh|move: Protect
|-damage|p1b: Sneasler|0 fnt
|faint|p1b: Sneasler
|-ability|p2a: Calyrex|Grim Neigh|boost
|-boost|p2a: Calyrex|spa|1
|move|p2b: Incineroar|Knock Off|p1a: Ho-Oh
|-activate|p1a: Ho-Oh|move: Protect
|
|upkeep
|
|t:|1750784155
|switch|p1b: Miraidon|Miraidon, L50|100/100
|-fieldstart|move: Electric Terrain|[from] ability: Hadron Engine|[of] p1b: Miraidon
|turn|3
|inactive|Somie has 30 seconds left.
|
|t:|1750784183
|move|p1b: Miraidon|Dazzling Gleam|p2a: Calyrex|[spread] p2a,p2b
|-damage|p2a: Calyrex|69/100
|-damage|p2b: Incineroar|70/100
|move|p1a: Ho-Oh|Brave Bird|p2a: Calyrex
|-damage|p2a: Calyrex|0 fnt
|faint|p2a: Calyrex
|-damage|p1a: Ho-Oh|24/100|[from] Recoil
|move|p2b: Incineroar|Knock Off|p1a: Ho-Oh
|-crit|p1a: Ho-Oh
|-damage|p1a: Ho-Oh|0 fnt
|-enditem|p1a: Ho-Oh|Clear Amulet|[from] move: Knock Off|[of] p2b: Incineroar
|faint|p1a: Ho-Oh
|
|upkeep
|
|t:|1750784193
|switch|p2a: Garganacl|Garganacl, L50, F|100/100
|switch|p1a: Iron Crown|Iron Crown, L50|100/100
|-activate|p1a: Iron Crown|ability: Quark Drive
|-start|p1a: Iron Crown|quarkdrivespe
|turn|4
|inactive|Adam2E has 30 seconds left.
|inactive|Adam2E has 20 seconds left.
|
|t:|1750784229
|-terastallize|p1a: Iron Crown|Ground
|move|p1a: Iron Crown|Tera Blast|p2a: Garganacl|[anim] Tera Blast Ground
|-supereffective|p2a: Garganacl
|-damage|p2a: Garganacl|39/100
|-damage|p1a: Iron Crown|91/100|[from] item: Life Orb
|move|p1b: Miraidon|Electro Drift|p2a: Garganacl
|-damage|p2a: Garganacl|0 fnt
|faint|p2a: Garganacl
|move|p2b: Incineroar|Flare Blitz|p1a: Iron Crown
|-damage|p1a: Iron Crown|39/100
|-damage|p2b: Incineroar|55/100|[from] Recoil
|
|-sideend|p1: Somie|move: Tailwind
|upkeep
|
|t:|1750784240
|switch|p2a: Koraidon|Koraidon, L50|100/100
|-weather|SunnyDay|[from] ability: Orichalcum Pulse|[of] p2a: Koraidon
|-activate|p2a: Koraidon|Orichalcum Pulse|[source]
|turn|5
|
|t:|1750784261
|move|p1a: Iron Crown|Protect|p1a: Iron Crown
|-singleturn|p1a: Iron Crown|Protect
|move|p2a: Koraidon|Dragon Claw|p1b: Miraidon
|-supereffective|p1b: Miraidon
|-damage|p1b: Miraidon|0 fnt
|faint|p1b: Miraidon
|-damage|p2a: Koraidon|91/100|[from] item: Life Orb
|move|p2b: Incineroar|Knock Off|p1a: Iron Crown
|-activate|p1a: Iron Crown|move: Protect
|
|-weather|SunnyDay|[upkeep]
|upkeep
|turn|6
|
|t:|1750784268
|move|p1a: Iron Crown|Psychic|p2a: Koraidon
|-supereffective|p2a: Koraidon
|-damage|p2a: Koraidon|0 fnt
|faint|p2a: Koraidon
|-damage|p1a: Iron Crown|30/100|[from] item: Life Orb
|move|p2b: Incineroar|Knock Off|p1a: Iron Crown
|-damage|p1a: Iron Crown|0 fnt
|-enditem|p1a: Iron Crown|Life Orb|[from] move: Knock Off|[of] p2b: Incineroar
|faint|p1a: Iron Crown
|-end|p1a: Iron Crown|Quark Drive|[silent]
|
|win|Adam2E
|raw|Somie's rating: 1459 &rarr; <strong>1434</strong><br />(-25 for losing)
|raw|Adam2E's rating: 1377 &rarr; <strong>1402</strong><br />(+25 for winning)
