|j|☆emochi
|j|☆ArosConPollo85
|t:|1750737823
|gametype|doubles
|player|p1|emochi|170|1381
|player|p2|ArosConPollo85|2|1499
|teamsize|p1|6
|teamsize|p2|6
|gen|9
|tier|[Gen 9] VGC 2025 Reg I
|rated|
|rule|Species Clause: Limit one of each Pokémon
|rule|Item Clause: Limit 1 of each item
|clearpoke
|poke|p1|Grimmsnarl, L50, M|
|poke|p1|Zamazenta-*, L50|
|poke|p1|Miraidon, L50|
|poke|p1|Iron Hands, L50|
|poke|p1|Chien-Pao, L50|
|poke|p1|Volcarona, L50, M|
|poke|p2|Araquanid, L50, M|
|poke|p2|Miraidon, L50|
|poke|p2|Incineroar, L50, M|
|poke|p2|Iron Leaves, L50|
|poke|p2|Calyrex-Ice, L50|
|poke|p2|Farigiraf, L50, F|
|teampreview|4
|inactive|Battle timer is ON: inactive players will automatically lose when time's up. (requested by ArosConPollo85)
|inactive|emochi also wants the timer to be on.
|inactive|ArosConPollo85 has 60 seconds left.
|
|t:|1750737868
|start
|switch|p1a: Zamazenta|Zamazenta-Crowned, L50|100/100
|switch|p1b: Miraidon|Miraidon, L50|100/100
|switch|p2a: Miraidon|Miraidon, L50|100/100
|switch|p2b: Iron Leaves|Iron Leaves, L50|100/100
|-fieldstart|move: Electric Terrain|[from] ability: Hadron Engine|[of] p2a: Miraidon
|-activate|p2b: Iron Leaves|ability: Quark Drive
|-start|p2b: Iron Leaves|quarkdrivespe
|-activate|p1b: Miraidon|ability: Hadron Engine
|-ability|p1a: Zamazenta|Dauntless Shield|boost
|-boost|p1a: Zamazenta|def|1
|turn|1
|
|t:|1750737891
|move|p1a: Zamazenta|Protect|p1a: Zamazenta
|-singleturn|p1a: Zamazenta|Protect
|move|p2b: Iron Leaves|Psyblade|p1b: Miraidon
|-damage|p1b: Miraidon|26/100
|-damage|p2b: Iron Leaves|91/100|[from] item: Life Orb
|move|p2a: Miraidon|Electro Drift|p1a: Zamazenta
|-activate|p1a: Zamazenta|move: Protect
|move|p1b: Miraidon|Draco Meteor|p2a: Miraidon
|-supereffective|p2a: Miraidon
|-damage|p2a: Miraidon|0 fnt
|-unboost|p1b: Miraidon|spa|2
|faint|p2a: Miraidon
|
|upkeep
|
|t:|1750737897
|switch|p2a: Calyrex|Calyrex-Ice, L50|100/100
|-ability|p2a: Calyrex|As One
|-ability|p2a: Calyrex|Unnerve
|turn|2
|
|t:|1750737918
|switch|p1b: Iron Hands|Iron Hands, L50|100/100
|-activate|p1b: Iron Hands|ability: Quark Drive
|-start|p1b: Iron Hands|quarkdriveatk
|-terastallize|p2a: Calyrex|Fairy
|move|p2b: Iron Leaves|Sacred Sword|p1a: Zamazenta
|-supereffective|p1a: Zamazenta
|-damage|p1a: Zamazenta|58/100
|-damage|p2b: Iron Leaves|81/100|[from] item: Life Orb
|move|p1a: Zamazenta|Heavy Slam|p2a: Calyrex
|-supereffective|p2a: Calyrex
|-damage|p2a: Calyrex|79/100
|move|p2a: Calyrex|Glacial Lance|p1b: Iron Hands|[spread] p1a,p1b
|-resisted|p1a: Zamazenta
|-damage|p1a: Zamazenta|48/100
|-damage|p1b: Iron Hands|66/100
|
|upkeep
|turn|3
|inactive|emochi has 30 seconds left.
|
|t:|1750737945
|switch|p2a: Farigiraf|Farigiraf, L50, F|100/100
|-terastallize|p1b: Iron Hands|Water
|move|p1a: Zamazenta|Wide Guard|p1a: Zamazenta
|-singleturn|p1a: Zamazenta|Wide Guard
|move|p2b: Iron Leaves|Psyblade|p1b: Iron Hands
|-damage|p1b: Iron Hands|15/100
|-damage|p2b: Iron Leaves|71/100|[from] item: Life Orb
|move|p1b: Iron Hands|Wild Charge|p2a: Farigiraf
|-damage|p2a: Farigiraf|33/100
|-damage|p1b: Iron Hands|0 fnt|[from] Recoil
|faint|p1b: Iron Hands
|-end|p1b: Iron Hands|Quark Drive|[silent]
|
|upkeep
|
|t:|1750737955
|switch|p1b: Chien-Pao|Chien-Pao, L50|100/100
|-ability|p1b: Chien-Pao|Sword of Ruin
|turn|4
|
|t:|1750737963
|move|p2b: Iron Leaves|Sacred Sword|p1b: Chien-Pao
|-supereffective|p1b: Chien-Pao
|-enditem|p1b: Chien-Pao|Focus Sash
|-damage|p1b: Chien-Pao|1/100
|-damage|p2b: Iron Leaves|62/100|[from] item: Life Orb
|move|p1b: Chien-Pao|Throat Chop|p2b: Iron Leaves
|-supereffective|p2b: Iron Leaves
|-damage|p2b: Iron Leaves|0 fnt
|faint|p2b: Iron Leaves
|-end|p2b: Iron Leaves|Quark Drive|[silent]
|move|p1a: Zamazenta|Body Press|p2a: Farigiraf
|-damage|p2a: Farigiraf|0 fnt
|faint|p2a: Farigiraf
|
|upkeep
|
|t:|1750737967
|switch|p2b: Calyrex|Calyrex-Ice, L50, tera:Fairy|79/100
|-ability|p2b: Calyrex|As One
|-ability|p2b: Calyrex|Unnerve
|turn|5
|
|t:|1750737980
|move|p1b: Chien-Pao|Icicle Crash|p2b: Calyrex
|-damage|p2b: Calyrex|48/100
|move|p1a: Zamazenta|Body Press|p2b: Calyrex
|-resisted|p2b: Calyrex
|-damage|p2b: Calyrex|19/100
|move|p2b: Calyrex|Glacial Lance|p1b: Chien-Pao|[spread] p1a,p1b
|-resisted|p1a: Zamazenta
|-resisted|p1b: Chien-Pao
|-damage|p1a: Zamazenta|36/100
|-damage|p1b: Chien-Pao|0 fnt
|faint|p1b: Chien-Pao
|-ability|p2b: Calyrex|Chilling Neigh|boost
|-boost|p2b: Calyrex|atk|1
|
|-fieldend|move: Electric Terrain
|upkeep
|
|t:|1750737986
|switch|p1b: Miraidon|Miraidon, L50|26/100
|-fieldstart|move: Electric Terrain|[from] ability: Hadron Engine|[of] p1b: Miraidon
|turn|6
|
|t:|1750737994
|move|p1a: Zamazenta|Wide Guard|p1a: Zamazenta
|-singleturn|p1a: Zamazenta|Wide Guard
|move|p1b: Miraidon|Electro Drift|p2b: Calyrex
|-damage|p2b: Calyrex|0 fnt
|faint|p2b: Calyrex
|
|win|emochi
|raw|emochi's rating: 1381 &rarr; <strong>1408</strong><br />(+27 for winning)
|raw|ArosConPollo85's rating: 1499 &rarr; <strong>1472</strong><br />(-27 for losing)
|l|☆ArosConPollo85
|player|p2|
