|j|☆bonobobohemio
|j|☆Blu94
|t:|1750838825
|gametype|doubles
|player|p1|bonobobohemio|drayden|1399
|player|p2|Blu94|266|1426
|teamsize|p1|6
|teamsize|p2|6
|gen|9
|tier|[Gen 9] VGC 2025 Reg I
|rated|
|rule|Species Clause: Limit one of each Pokémon
|rule|Item Clause: Limit 1 of each item
|clearpoke
|poke|p1|Reshiram, L50|
|poke|p1|Miraidon, L50|
|poke|p1|Murkrow, L50, F|
|poke|p1|Farigiraf, L50, F|
|poke|p1|Urshifu-*, L50, F|
|poke|p1|Volcarona, L50, M|
|poke|p2|Zacian-*, L50|
|poke|p2|Miraidon, L50|
|poke|p2|Pelipper, L50, F|
|poke|p2|Sneasler, L50, M|
|poke|p2|Thundurus, L50, M|
|poke|p2|Urshifu-*, L50, F|
|teampreview|4
|inactive|Battle timer is ON: inactive players will automatically lose when time's up. (requested by bonobobohemio)
Blu94 rejected open team sheets.
|inactive|Blu94 has 60 seconds left.
|
|t:|1750838862
|start
|switch|p1a: Miraidon|Miraidon, L50|100/100
|switch|p1b: Murkrow|Murkrow, L50, F|100/100
|switch|p2a: Thundurus|Thundurus, L50, M|100/100
|switch|p2b: Miraidon|Miraidon, L50|100/100
|-fieldstart|move: Electric Terrain|[from] ability: Hadron Engine|[of] p2b: Miraidon
|-activate|p1a: Miraidon|ability: Hadron Engine
|turn|1
|
|t:|1750838881
|-terastallize|p2b: Miraidon|Fairy
|move|p1b: Murkrow|Tailwind|p1b: Murkrow
|-sidestart|p1: bonobobohemio|move: Tailwind
|move|p2a: Thundurus|Eerie Impulse|p1a: Miraidon
|-unboost|p1a: Miraidon|spa|2
|move|p1a: Miraidon|Snarl|p2a: Thundurus|[spread] p2a
|-miss|p1a: Miraidon|p2b: Miraidon
|-damage|p2a: Thundurus|92/100
|move|p2b: Miraidon|Dazzling Gleam|p1a: Miraidon|[spread] p1a,p1b
|-supereffective|p1a: Miraidon
|-supereffective|p1b: Murkrow
|-damage|p1a: Miraidon|25/100
|-enditem|p1b: Murkrow|Focus Sash
|-damage|p1b: Murkrow|1/100
|
|upkeep
|turn|2
|
|t:|1750838901
|-terastallize|p1a: Miraidon|Electric
|move|p1b: Murkrow|Haze|p1b: Murkrow
|-clearallboost
|move|p1a: Miraidon|Electro Drift|p2b: Miraidon
|-damage|p2b: Miraidon|0 fnt
|faint|p2b: Miraidon
|move|p2a: Thundurus|Electroweb|p1a: Miraidon|[spread] p1a,p1b
|-resisted|p1a: Miraidon
|-supereffective|p1b: Murkrow
|-damage|p1a: Miraidon|20/100
|-damage|p1b: Murkrow|0 fnt
|-unboost|p1a: Miraidon|spe|1
|faint|p1b: Murkrow
|
|upkeep
|
|t:|1750838925
|switch|p2b: Zacian|Zacian-Crowned, L50|100/100
|switch|p1b: Volcarona|Volcarona, L50, M|100/100
|-ability|p2b: Zacian|Intrepid Sword|boost
|-boost|p2b: Zacian|atk|1
|-enditem|p1b: Volcarona|Electric Seed
|-boost|p1b: Volcarona|def|1|[from] item: Electric Seed
|turn|3
|inactive|Blu94 has 30 seconds left.
|inactive|Blu94 has 20 seconds left.
|
|t:|1750838963
|move|p2b: Zacian|Protect|p2b: Zacian
|-singleturn|p2b: Zacian|Protect
|move|p2a: Thundurus|Taunt|p1b: Volcarona
|-start|p1b: Volcarona|move: Taunt
|cant|p1b: Volcarona|move: Taunt|Quiver Dance
|move|p1a: Miraidon|Electro Drift|p2a: Thundurus
|-damage|p2a: Thundurus|0 fnt
|faint|p2a: Thundurus
|
|upkeep
|
|t:|1750838973
|switch|p2a: Pelipper|Pelipper, L50, F|100/100
|-weather|RainDance|[from] ability: Drizzle|[of] p2a: Pelipper
|turn|4
|
|t:|1750838993
|move|p1b: Volcarona|Fiery Dance|p2b: Zacian
|-supereffective|p2b: Zacian
|-damage|p2b: Zacian|69/100
|move|p1a: Miraidon|Electro Drift|p2b: Zacian
|-damage|p2b: Zacian|0 fnt
|faint|p2b: Zacian
|move|p2a: Pelipper|Hurricane|p1b: Volcarona
|-supereffective|p1b: Volcarona
|-damage|p1b: Volcarona|9/100
|-start|p1b: Volcarona|confusion
|
|-weather|RainDance|[upkeep]
|-sideend|p1: bonobobohemio|move: Tailwind
|upkeep
|turn|5
|
|t:|1750839009
|switch|p1a: Reshiram|Reshiram, L50, shiny|100/100
|-ability|p1a: Reshiram|Turboblaze
|-activate|p1b: Volcarona|confusion
|-damage|p1b: Volcarona|6/100|[from] confusion
|move|p2a: Pelipper|Hurricane|p1a: Reshiram
|-damage|p1a: Reshiram|61/100
|
|-weather|RainDance|[upkeep]
|-end|p1b: Volcarona|move: Taunt
|-fieldend|move: Electric Terrain
|upkeep
|turn|6
|
|t:|1750839025
|move|p1a: Reshiram|Draco Meteor|p2a: Pelipper|[miss]
|-miss|p1a: Reshiram|p2a: Pelipper
|-end|p1b: Volcarona|confusion
|move|p1b: Volcarona|Struggle Bug|p2a: Pelipper
|-resisted|p2a: Pelipper
|-damage|p2a: Pelipper|76/100
|-unboost|p2a: Pelipper|spa|1
|move|p2a: Pelipper|Tailwind|p2a: Pelipper
|-sidestart|p2: Blu94|move: Tailwind
|
|-weather|RainDance|[upkeep]
|upkeep
|turn|7
|
|t:|1750839036
|move|p2a: Pelipper|Weather Ball|p1a: Reshiram
|-crit|p1a: Reshiram
|-damage|p1a: Reshiram|0 fnt
|faint|p1a: Reshiram
|move|p1b: Volcarona|Struggle Bug|p2a: Pelipper
|-resisted|p2a: Pelipper
|-damage|p2a: Pelipper|53/100
|-unboost|p2a: Pelipper|spa|1
|
|-weather|RainDance|[upkeep]
|upkeep
|
|t:|1750839040
|switch|p1a: Miraidon|Miraidon, L50, tera:Electric|20/100
|-fieldstart|move: Electric Terrain|[from] ability: Hadron Engine|[of] p1a: Miraidon
|turn|8
|
|t:|1750839049
|move|p2a: Pelipper|Hurricane|p1a: Miraidon
|-resisted|p1a: Miraidon
|-damage|p1a: Miraidon|13/100
|-start|p1a: Miraidon|confusion
|-activate|p1a: Miraidon|confusion
|-damage|p1a: Miraidon|5/100|[from] confusion
|move|p1b: Volcarona|Struggle Bug|p2a: Pelipper
|-resisted|p2a: Pelipper
|-damage|p2a: Pelipper|31/100
|-unboost|p2a: Pelipper|spa|1
|
|-weather|none
|upkeep
|turn|9
|c|☆bonobobohemio|what a fucking secuence
|c|☆bonobobohemio|no wahy
|c|☆Blu94|ahahhahaha
|c|☆bonobobohemio|i refuse to lose like this
|
|t:|1750839070
|move|p2a: Pelipper|Weather Ball|p1b: Volcarona
|-damage|p1b: Volcarona|0 fnt
|faint|p1b: Volcarona
|-activate|p1a: Miraidon|confusion
|move|p1a: Miraidon|Electro Drift|p2a: Pelipper
|-supereffective|p2a: Pelipper
|-damage|p2a: Pelipper|0 fnt
|faint|p2a: Pelipper
|
|win|bonobobohemio
|raw|bonobobohemio's rating: 1399 &rarr; <strong>1421</strong><br />(+22 for winning)
|raw|Blu94's rating: 1426 &rarr; <strong>1404</strong><br />(-22 for losing)
|c|☆bonobobohemio|okat thank god
|l|☆bonobobohemio
|player|p1|
|l|☆Blu94
|player|p2|
