|j|☆Scaramouche_UwU6
|j|☆VoidlessGamer26
|t:|1750796076
|gametype|doubles
|player|p1|Scaramouche_UwU6|169|1228
|player|p2|VoidlessGamer26|bugcatcher-gen4dp|1269
|teamsize|p1|6
|teamsize|p2|6
|gen|9
|tier|[Gen 9] VGC 2025 Reg I
|rated|
|rule|Species Clause: Limit one of each Pokémon
|rule|Item Clause: Limit 1 of each item
|clearpoke
|poke|p1|Gengar, L50, M|
|poke|p1|Grimmsnarl, L50, M|
|poke|p1|Calyrex-Ice, L50|
|poke|p1|Miraidon, L50|
|poke|p1|Volcarona, L50, F|
|poke|p1|Ogerpon-Wellspring, L50, F|
|poke|p2|Calyrex-Shadow, L50|
|poke|p2|Koraidon, L50|
|poke|p2|Walking Wake, L50|
|poke|p2|Brute Bonnet, L50|
|poke|p2|Chi-Yu, L50|
|poke|p2|Weezing-Galar, L50, M|
|teampreview|4
|inactive|Battle timer is ON: inactive players will automatically lose when time's up. (requested by Scaramouche_UwU6)
|inactive|VoidlessGamer26 has 60 seconds left.
|
|t:|1750796142
|start
|switch|p1a: Akane *;)|Ogerpon-Wellspring, L50, F|100/100
|switch|p1b: Grin Shady|Gengar, L50, M|100/100
|switch|p2a: Korairai|Koraidon, L50|100/100
|switch|p2b: Mr. Gleaming|Weezing-Galar, L50, M, shiny|100/100
|-ability|p2b: Mr. Gleaming|Neutralizing Gas
|-block|p2a: Korairai|item: Ability Shield
|-weather|SunnyDay|[from] ability: Orichalcum Pulse|[of] p2a: Korairai
|-activate|p2a: Korairai|Orichalcum Pulse|[source]
|turn|1
|inactive|VoidlessGamer26 has 30 seconds left.
|inactive|VoidlessGamer26 has 20 seconds left.
|
|t:|1750796178
|move|p1a: Akane *;)|Follow Me|p1a: Akane *;)
|-singleturn|p1a: Akane *;)|move: Follow Me
|move|p2a: Korairai|Flare Blitz|p1a: Akane *;)
|-damage|p1a: Akane *;)|19/100
|-damage|p2a: Korairai|72/100|[from] Recoil
|move|p2b: Mr. Gleaming|Will-O-Wisp|p1a: Akane *;)
|-status|p1a: Akane *;)|brn
|move|p1b: Grin Shady|Trick Room|p1b: Grin Shady
|-fieldstart|move: Trick Room|[of] p1b: Grin Shady
|
|-weather|SunnyDay|[upkeep]
|-damage|p1a: Akane *;)|13/100 brn|[from] brn
|upkeep
|turn|2
|
|t:|1750796193
|move|p1a: Akane *;)|Follow Me|p1a: Akane *;)
|-singleturn|p1a: Akane *;)|move: Follow Me
|move|p2b: Mr. Gleaming|Strange Steam|p1a: Akane *;)
|-damage|p1a: Akane *;)|0 fnt
|faint|p1a: Akane *;)
|move|p1b: Grin Shady|Shadow Ball|p2b: Mr. Gleaming
|-damage|p2b: Mr. Gleaming|53/100
|-unboost|p2b: Mr. Gleaming|spd|1
|move|p2a: Korairai|Flame Charge|p1b: Grin Shady
|-damage|p1b: Grin Shady|33/100
|-boost|p2a: Korairai|spe|1
|
|-weather|SunnyDay|[upkeep]
|upkeep
|
|t:|1750796203
|switch|p1a: Jotunn|Calyrex-Ice, L50|100/100
|-ability|p1a: Jotunn|As One
|-ability|p1a: Jotunn|Unnerve
|turn|3
|
|t:|1750796217
|-terastallize|p1a: Jotunn|Fire
|move|p2a: Korairai|Protect|p2a: Korairai
|-singleturn|p2a: Korairai|Protect
|move|p1a: Jotunn|Glacial Lance|p2b: Mr. Gleaming|[spread] p2b
|-activate|p2a: Korairai|move: Protect
|-damage|p2b: Mr. Gleaming|9/100
|move|p2b: Mr. Gleaming|Will-O-Wisp|p1a: Jotunn
|-immune|p1a: Jotunn
|move|p1b: Grin Shady|Sludge Bomb|p2a: Korairai
|-activate|p2a: Korairai|move: Protect
|
|-weather|SunnyDay|[upkeep]
|upkeep
|turn|4
|inactive|VoidlessGamer26 has 30 seconds left.
|
|t:|1750796244
|-terastallize|p2a: Korairai|Fire
|move|p1a: Jotunn|Glacial Lance|p2b: Mr. Gleaming|[spread] p2a,p2b
|-resisted|p2a: Korairai
|-damage|p2a: Korairai|47/100
|-damage|p2b: Mr. Gleaming|0 fnt
|faint|p2b: Mr. Gleaming
|-end|p2b: Mr. Gleaming|ability: Neutralizing Gas
|-ability|p1a: Jotunn|Chilling Neigh|boost
|-boost|p1a: Jotunn|atk|1
|move|p1b: Grin Shady|Sludge Bomb|p2a: Korairai
|-damage|p2a: Korairai|0 fnt
|faint|p2a: Korairai
|
|-weather|SunnyDay|[upkeep]
|upkeep
|
|t:|1750796252
|switch|p2b: Bruce Bonnet|Brute Bonnet, L50, shiny|100/100
|switch|p2a: Chi-Yu|Chi-Yu, L50|100/100
|-ability|p2a: Chi-Yu|Beads of Ruin
|-activate|p2b: Bruce Bonnet|ability: Protosynthesis
|-start|p2b: Bruce Bonnet|protosynthesisdef
|turn|5
|
|t:|1750796266
|move|p2b: Bruce Bonnet|Spore|p1a: Jotunn
|-status|p1a: Jotunn|slp|[from] move: Spore
|cant|p1a: Jotunn|slp
|move|p1b: Grin Shady|Sludge Bomb|p2b: Bruce Bonnet
|-supereffective|p2b: Bruce Bonnet
|-damage|p2b: Bruce Bonnet|9/100
|move|p2a: Chi-Yu|Dark Pulse|p1b: Grin Shady
|-supereffective|p1b: Grin Shady
|-damage|p1b: Grin Shady|0 fnt
|faint|p1b: Grin Shady
|
|-weather|none
|-end|p2b: Bruce Bonnet|Protosynthesis
|-fieldend|move: Trick Room
|upkeep
|
|t:|1750796273
|switch|p1b: Pastellence|Grimmsnarl, L50, M, shiny|100/100
|turn|6
|
|t:|1750796280
|move|p2a: Chi-Yu|Dark Pulse|p1a: Jotunn
|-damage|p1a: Jotunn|74/100 slp
|move|p1b: Pastellence|Spirit Break|p2b: Bruce Bonnet
|-supereffective|p2b: Bruce Bonnet
|-damage|p2b: Bruce Bonnet|0 fnt
|-damage|p1b: Pastellence|84/100|[from] item: Rocky Helmet|[of] p2b: Bruce Bonnet
|faint|p2b: Bruce Bonnet
|-end|p2b: Bruce Bonnet|Protosynthesis|[silent]
|cant|p1a: Jotunn|slp
|
|upkeep
|turn|7
|
|t:|1750796289
|move|p2a: Chi-Yu|Dark Pulse|p1a: Jotunn
|-damage|p1a: Jotunn|48/100 slp
|move|p1b: Pastellence|Spirit Break|p2a: Chi-Yu
|-damage|p2a: Chi-Yu|46/100
|-unboost|p2a: Chi-Yu|spa|1
|cant|p1a: Jotunn|slp
|
|upkeep
|turn|8
|-message|VoidlessGamer26 forfeited.
|
|win|Scaramouche_UwU6
|raw|Scaramouche_UwU6's rating: 1228 &rarr; <strong>1256</strong><br />(+28 for winning)
|raw|VoidlessGamer26's rating: 1269 &rarr; <strong>1241</strong><br />(-28 for losing)
|l|☆VoidlessGamer26
|player|p2|
|l|☆Scaramouche_UwU6
|player|p1|
