|j|☆SGK_KHOA
|j|☆JSNJS
|t:|1750828235
|gametype|doubles
|player|p1|SGK_KHOA|lucas|1152
|player|p2|JSNJS|1|1193
|teamsize|p1|6
|teamsize|p2|6
|gen|9
|tier|[Gen 9] VGC 2025 Reg I
|rated|
|rule|Species Clause: Limit one of each Pokémon
|rule|Item Clause: Limit 1 of each item
|clearpoke
|poke|p1|Calyrex-Ice, L50|
|poke|p1|Miraidon, L50|
|poke|p1|Grimmsnarl, L50, M|
|poke|p1|Urshifu-*, L50, F|
|poke|p1|Incineroar, L50, F|
|poke|p1|Landorus, L50, M|
|poke|p2|Zebstrika, L50, F|
|poke|p2|Mudsdale, L50, F|
|poke|p2|Spectrier, L50|
|poke|p2|Glastrier, L50|
|poke|p2|Calyrex-Shadow, L50|
|poke|p2|Farigiraf, L50, F|
|teampreview|4
|
|t:|1750828257
|start
|switch|p1a: Calyrex|Calyrex-Ice, L50|100/100
|switch|p1b: Incineroar|Incineroar, L50, F|100/100
|switch|p2a: Calyrex|Calyrex-Shadow, L50|100/100
|switch|p2b: Spectrier|Spectrier, L50|100/100
|-ability|p2a: Calyrex|As One
|-ability|p2a: Calyrex|Unnerve
|-ability|p1a: Calyrex|As One
|-ability|p1a: Calyrex|Unnerve
|-ability|p1b: Incineroar|Intimidate|boost
|-unboost|p2a: Calyrex|atk|1
|-unboost|p2b: Spectrier|atk|1
|turn|1
|inactive|Battle timer is ON: inactive players will automatically lose when time's up. (requested by SGK_KHOA)
|
|t:|1750828293
|move|p2b: Spectrier|Shadow Ball|p1a: Calyrex
|-supereffective|p1a: Calyrex
|-damage|p1a: Calyrex|43/100
|move|p2a: Calyrex|Astral Barrage|p1a: Calyrex|[spread] p1a,p1b
|-supereffective|p1a: Calyrex
|-resisted|p1b: Incineroar
|-damage|p1a: Calyrex|0 fnt
|-damage|p1b: Incineroar|82/100
|faint|p1a: Calyrex
|-ability|p2a: Calyrex|Grim Neigh|boost
|-boost|p2a: Calyrex|spa|1
|move|p1b: Incineroar|Knock Off|p2a: Calyrex
|-supereffective|p2a: Calyrex
|-enditem|p2a: Calyrex|Focus Sash
|-damage|p2a: Calyrex|1/100
|
|upkeep
|
|t:|1750828304
|switch|p1a: Miraidon|Miraidon, L50|100/100
|-fieldstart|move: Electric Terrain|[from] ability: Hadron Engine|[of] p1a: Miraidon
|turn|2
|
|t:|1750828321
|move|p2b: Spectrier|Shadow Ball|p1a: Miraidon
|-damage|p1a: Miraidon|67/100
|move|p2a: Calyrex|Astral Barrage|p1a: Miraidon|[spread] p1a,p1b
|-resisted|p1b: Incineroar
|-damage|p1a: Miraidon|14/100
|-damage|p1b: Incineroar|54/100
|move|p1a: Miraidon|Dazzling Gleam|p2a: Calyrex|[spread] p2a,p2b
|-damage|p2a: Calyrex|0 fnt
|-damage|p2b: Spectrier|50/100
|faint|p2a: Calyrex
|move|p1b: Incineroar|Knock Off|p2b: Spectrier
|-supereffective|p2b: Spectrier
|-damage|p2b: Spectrier|0 fnt
|-enditem|p2b: Spectrier|Choice Scarf|[from] move: Knock Off|[of] p1b: Incineroar
|faint|p2b: Spectrier
|
|upkeep
|
|t:|1750828328
|switch|p2a: Zebstrika|Zebstrika, L50, F|100/100
|switch|p2b: Farigiraf|Farigiraf, L50, F|100/100
|turn|3
|
|t:|1750828338
|move|p2a: Zebstrika|Low Kick|p1b: Incineroar
|-supereffective|p1b: Incineroar
|-damage|p1b: Incineroar|0 fnt
|faint|p1b: Incineroar
|-damage|p2a: Zebstrika|91/100|[from] item: Life Orb
|move|p1a: Miraidon|Dazzling Gleam|p2b: Farigiraf|[spread] p2a,p2b
|-damage|p2a: Zebstrika|24/100
|-damage|p2b: Farigiraf|67/100
|move|p2b: Farigiraf|Hyper Voice|p1a: Miraidon
|-damage|p1a: Miraidon|0 fnt
|faint|p1a: Miraidon
|
|upkeep
|
|t:|1750828348
|switch|p1b: Landorus|Landorus, L50, M|100/100
|turn|4
|
|t:|1750828360
|-terastallize|p1b: Landorus|Poison
|move|p2a: Zebstrika|Light Screen|p2a: Zebstrika
|-sidestart|p2: JSNJS|move: Light Screen
|move|p1b: Landorus|Earth Power|p2b: Farigiraf
|-damage|p2b: Farigiraf|30/100
|move|p2b: Farigiraf|Trick Room|p2b: Farigiraf
|-fieldstart|move: Trick Room|[of] p2b: Farigiraf
|
|upkeep
|turn|5
|
|t:|1750828371
|move|p1b: Landorus|Protect|p1b: Landorus
|-singleturn|p1b: Landorus|Protect
|move|p2b: Farigiraf|Hyper Voice|p1b: Landorus
|-activate|p1b: Landorus|move: Protect
|move|p2a: Zebstrika|Supercell Slam|p1b: Landorus
|-activate|p1b: Landorus|move: Protect
|-damage|p2a: Zebstrika|0 fnt|[from] supercellslam
|faint|p2a: Zebstrika
|
|upkeep
|turn|6
|
|t:|1750828384
|move|p2b: Farigiraf|Hyper Voice|p1b: Landorus
|-damage|p1b: Landorus|71/100
|move|p1b: Landorus|Earth Power|p2b: Farigiraf
|-damage|p2b: Farigiraf|0 fnt
|faint|p2b: Farigiraf
|
|win|SGK_KHOA
|raw|SGK_KHOA's rating: 1152 &rarr; <strong>1180</strong><br />(+28 for winning)
|raw|JSNJS's rating: 1193 &rarr; <strong>1165</strong><br />(-28 for losing)
|l|☆JSNJS
|player|p2|
|l|☆SGK_KHOA
|player|p1|
