|j|☆Pantherpunch
|j|☆Buddhatrainer1587
|t:|1750869585
|gametype|doubles
|player|p1|Pantherpunch|roxie|1264
|player|p2|Buddhatrainer1587|102|1368
|teamsize|p1|6
|teamsize|p2|6
|gen|9
|tier|[Gen 9] VGC 2025 Reg I
|rated|
|rule|Species Clause: Limit one of each Pokémon
|rule|Item Clause: Limit 1 of each item
|clearpoke
|poke|p1|Urshifu-*, L50, F|
|poke|p1|Miraidon, L50|
|poke|p1|Calyrex-Shadow, L50|
|poke|p1|Iron Hands, L50|
|poke|p1|Farigiraf, L50, M|
|poke|p1|Grafaiai, L50, M|
|poke|p2|Miraidon, L50|
|poke|p2|Whimsicott, L50, M|
|poke|p2|Hitmontop, L50, M|
|poke|p2|Zacian-*, L50|
|poke|p2|Incineroar, L50, F|
|poke|p2|Flutter Mane, L50|
|teampreview|4
|inactive|Battle timer is ON: inactive players will automatically lose when time's up. (requested by Pantherpunch)
|inactive|Pantherpunch has 60 seconds left.
|inactive|Pantherpunch has 30 seconds left.
|
|t:|1750869652
|start
|switch|p1a: Henry|Calyrex-Shadow, L50|100/100
|switch|p1b: Gizmo|Grafaiai, L50, M|100/100
|switch|p2a: Incineroar|Incineroar, L50, F|100/100
|switch|p2b: Miraidon|Miraidon, L50|100/100
|-ability|p1a: Henry|As One
|-ability|p1a: Henry|Unnerve
|-fieldstart|move: Electric Terrain|[from] ability: Hadron Engine|[of] p2b: Miraidon
|-ability|p2a: Incineroar|Intimidate|boost
|-unboost|p1a: Henry|atk|1
|-unboost|p1b: Gizmo|atk|1
|turn|1
|
|t:|1750869669
|move|p1a: Henry|Protect|p1a: Henry
|-singleturn|p1a: Henry|Protect
|move|p2a: Incineroar|Fake Out|p1b: Gizmo
|-damage|p1b: Gizmo|83/100
|move|p1b: Gizmo|Scary Face|p2b: Miraidon
|-unboost|p2b: Miraidon|spe|2
|move|p2b: Miraidon|Volt Switch|p1a: Henry
|-activate|p1a: Henry|move: Protect
|
|upkeep
|turn|2
|inactive|Pantherpunch has 30 seconds left.
|
|t:|1750869700
|switch|p1a: Brian Hands|Iron Hands, L50|100/100
|-activate|p1a: Brian Hands|ability: Quark Drive
|-start|p1a: Brian Hands|quarkdriveatk
|move|p1b: Gizmo|Parting Shot|p2b: Miraidon
|-unboost|p2b: Miraidon|atk|1
|-unboost|p2b: Miraidon|spa|1
|
|t:|1750869708
|switch|p1b: Iono|Miraidon, L50|100/100|[from] Parting Shot
|-activate|p1b: Iono|ability: Hadron Engine
|move|p2b: Miraidon|Volt Switch|p1a: Brian Hands
|-resisted|p1a: Brian Hands
|-damage|p1a: Brian Hands|88/100
|
|t:|1750869717
|switch|p2b: Zacian|Zacian-Crowned, L50|100/100|[from] Volt Switch
|-ability|p2b: Zacian|Intrepid Sword|boost
|-boost|p2b: Zacian|atk|1
|move|p2a: Incineroar|Knock Off|p1a: Brian Hands
|-resisted|p1a: Brian Hands
|-damage|p1a: Brian Hands|75/100
|-enditem|p1a: Brian Hands|Assault Vest|[from] move: Knock Off|[of] p2a: Incineroar
|
|upkeep
|turn|3
|inactive|Pantherpunch has 30 seconds left.
|
|t:|1750869744
|switch|p2a: Hitmontop|Hitmontop, L50, M|100/100
|-ability|p2a: Hitmontop|Intimidate|boost
|-unboost|p1a: Brian Hands|atk|1
|-unboost|p1b: Iono|atk|1
|move|p1a: Brian Hands|Fake Out|p2b: Zacian
|-resisted|p2b: Zacian
|-damage|p2b: Zacian|95/100
|cant|p2b: Zacian|flinch
|move|p1b: Iono|Electro Drift|p2b: Zacian
|-crit|p2b: Zacian
|-damage|p2b: Zacian|0 fnt
|faint|p2b: Zacian
|
|upkeep
|
|t:|1750869756
|switch|p2b: Miraidon|Miraidon, L50|100/100
|-activate|p2b: Miraidon|ability: Hadron Engine
|turn|4
|inactive|Pantherpunch has 30 seconds left.
|inactive|Pantherpunch has 20 seconds left.
|inactive|Pantherpunch has 15 seconds left.
|
|t:|1750869801
|move|p2a: Hitmontop|Fake Out|p1b: Iono
|-damage|p1b: Iono|90/100
|cant|p1b: Iono|flinch
|move|p2b: Miraidon|Draco Meteor|p1b: Iono|[miss]
|-miss|p2b: Miraidon|p1b: Iono
|move|p1a: Brian Hands|Wild Charge|p2a: Hitmontop
|-damage|p2a: Hitmontop|32/100
|-damage|p1a: Brian Hands|67/100|[from] Recoil
|
|upkeep
|turn|5
|
|t:|1750869818
|switch|p2a: Incineroar|Incineroar, L50, F|100/100
|-ability|p2a: Incineroar|Intimidate|boost
|-unboost|p1a: Brian Hands|atk|1
|-unboost|p1b: Iono|atk|1
|-terastallize|p1b: Iono|Fairy
|-terastallize|p2b: Miraidon|Fairy
|move|p1b: Iono|Electro Drift|p2a: Incineroar
|-damage|p2a: Incineroar|5/100
|-enditem|p2a: Incineroar|Sitrus Berry|[eat]
|-heal|p2a: Incineroar|30/100|[from] item: Sitrus Berry
|move|p2b: Miraidon|Dazzling Gleam|p1b: Iono|[spread] p1a,p1b
|-supereffective|p1a: Brian Hands
|-damage|p1a: Brian Hands|0 fnt
|-damage|p1b: Iono|48/100
|faint|p1a: Brian Hands
|-end|p1a: Brian Hands|Quark Drive|[silent]
|
|-fieldend|move: Electric Terrain
|upkeep
|inactive|Pantherpunch has 30 seconds left.
|
|t:|1750869846
|switch|p1a: Gizmo|Grafaiai, L50, M|83/100
|turn|6
|
|t:|1750869854
|move|p2a: Incineroar|Fake Out|p1b: Iono
|-damage|p1b: Iono|37/100
|move|p1a: Gizmo|Scary Face|p2b: Miraidon
|-unboost|p2b: Miraidon|spe|2
|cant|p1b: Iono|flinch
|move|p2b: Miraidon|Volt Switch|p1b: Iono
|-crit|p1b: Iono
|-damage|p1b: Iono|0 fnt
|faint|p1b: Iono
|
|t:|1750869865
|switch|p2b: Hitmontop|Hitmontop, L50, M|32/100|[from] Volt Switch
|-ability|p2b: Hitmontop|Intimidate|boost
|-unboost|p1a: Gizmo|atk|1
|
|upkeep
|
|t:|1750869873
|switch|p1b: Henry|Calyrex-Shadow, L50|100/100
|-ability|p1b: Henry|As One
|-ability|p1b: Henry|Unnerve
|turn|7
|
|t:|1750869891
|move|p2b: Hitmontop|Wide Guard|p2b: Hitmontop
|-singleturn|p2b: Hitmontop|Wide Guard
|move|p1b: Henry|Astral Barrage|p2a: Incineroar|[spread] 
|-activate|p2a: Incineroar|move: Wide Guard
|-activate|p2b: Hitmontop|move: Wide Guard
|move|p1a: Gizmo|Poison Jab|p2a: Incineroar
|-damage|p2a: Incineroar|5/100
|move|p2a: Incineroar|Knock Off|p1b: Henry
|-supereffective|p1b: Henry
|-damage|p1b: Henry|0 fnt
|-enditem|p1b: Henry|Life Orb|[from] move: Knock Off|[of] p2a: Incineroar
|faint|p1b: Henry
|
|upkeep
|turn|8
|-message|Pantherpunch forfeited.
|
|win|Buddhatrainer1587
|raw|Pantherpunch's rating: 1264 &rarr; <strong>1246</strong><br />(-18 for losing)
|raw|Buddhatrainer1587's rating: 1368 &rarr; <strong>1382</strong><br />(+14 for winning)
|l|☆Pantherpunch
|player|p1|
|l|☆Buddhatrainer1587
|player|p2|
