|j|☆Jakemcgarry420
|j|☆jzbnaruto
|t:|1750857052
|gametype|doubles
|player|p1|Jakemcgarry420|palmer|1131
|player|p2|jzbnaruto|170|1121
|teamsize|p1|6
|teamsize|p2|6
|gen|9
|tier|[Gen 9] VGC 2025 Reg I
|rated|
|rule|Species Clause: Limit one of each Pokémon
|rule|Item Clause: Limit 1 of each item
|clearpoke
|poke|p1|Zamazenta-*, L50|
|poke|p1|Rayquaza, L50|
|poke|p1|Tornadus, L50, M|
|poke|p1|Toxtricity, L50, F|
|poke|p1|Blaziken, L50, M|
|poke|p1|Urshifu-*, L50, M|
|poke|p2|Scrafty, L50, M|
|poke|p2|Koraidon, L50|
|poke|p2|Walking Wake, L50|
|poke|p2|Kingambit, L50, F|
|poke|p2|Lilligant-Hisui, L50, F|
|poke|p2|Cresselia, L50, F|
|teampreview|4
|inactive|Battle timer is ON: inactive players will automatically lose when time's up. (requested by Jakemcgarry420)
jzbnaruto rejected open team sheets.
|inactive|Jakemcgarry420 has 60 seconds left.
|
|t:|1750857099
|start
|switch|p1a: Tornadus|Tornadus, L50, M|100/100
|switch|p1b: Rayquaza|Rayquaza, L50|100/100
|switch|p2a: Scrafty|Scrafty, L50, M|100/100
|switch|p2b: Koraidon|Koraidon, L50|100/100
|-weather|SunnyDay|[from] ability: Orichalcum Pulse|[of] p2b: Koraidon
|-activate|p2b: Koraidon|Orichalcum Pulse|[source]
|-ability|p1b: Rayquaza|Air Lock
|-ability|p2a: Scrafty|Intimidate|boost
|-unboost|p1a: Tornadus|atk|1
|-unboost|p1b: Rayquaza|atk|1
|turn|1
|inactive|jzbnaruto has 30 seconds left.
|inactive|jzbnaruto has 20 seconds left.
|inactive|jzbnaruto has 15 seconds left.
|
|t:|1750857141
|-terastallize|p2b: Koraidon|Fire
|move|p2a: Scrafty|Fake Out|p1b: Rayquaza
|-damage|p1b: Rayquaza|92/100
|move|p1a: Tornadus|Tailwind|p1a: Tornadus
|-sidestart|p1: Jakemcgarry420|move: Tailwind
|cant|p1b: Rayquaza|flinch
|move|p2b: Koraidon|Flare Blitz|p1a: Tornadus
|-crit|p1a: Tornadus
|-damage|p1a: Tornadus|0 fnt
|faint|p1a: Tornadus
|-damage|p2b: Koraidon|71/100|[from] Recoil
|
|-weather|SunnyDay|[upkeep]
|upkeep
|
|t:|1750857157
|switch|p1a: Blaziken|Blaziken, L50, M|100/100
|turn|2
|
|t:|1750857166
|move|p2b: Koraidon|Protect|p2b: Koraidon
|-singleturn|p2b: Koraidon|Protect
|move|p1b: Rayquaza|Dragon Pulse|p2b: Koraidon
|-activate|p2b: Koraidon|move: Protect
|move|p1a: Blaziken|Earthquake|p2a: Scrafty|[spread] p2a
|-activate|p2b: Koraidon|move: Protect
|-immune|p1b: Rayquaza
|-damage|p2a: Scrafty|62/100
|move|p2a: Scrafty|Coaching|p2b: Koraidon
|-boost|p2b: Koraidon|atk|1
|-boost|p2b: Koraidon|def|1
|
|-weather|SunnyDay|[upkeep]
|-heal|p2a: Scrafty|67/100|[from] item: Leftovers
|-ability|p1a: Blaziken|Speed Boost|boost
|-boost|p1a: Blaziken|spe|1
|upkeep
|turn|3
|inactive|Jakemcgarry420 has 30 seconds left.
|
|t:|1750857195
|switch|p2a: Cresselia|Cresselia, L50, F|100/100
|-terastallize|p1a: Blaziken|Ground
|move|p1a: Blaziken|Earthquake|p2a: Cresselia|[spread] p2b
|-immune|p1b: Rayquaza
|-immune|p2a: Cresselia|[from] ability: Levitate
|-supereffective|p2b: Koraidon
|-damage|p2b: Koraidon|3/100
|move|p1b: Rayquaza|Dragon Pulse|p2b: Koraidon
|-damage|p2b: Koraidon|0 fnt
|faint|p2b: Koraidon
|
|-weather|SunnyDay|[upkeep]
|-ability|p1a: Blaziken|Speed Boost|boost
|-boost|p1a: Blaziken|spe|1
|upkeep
|
|t:|1750857207
|switch|p2b: Walking Wake|Walking Wake, L50|100/100
|turn|4
|
|t:|1750857217
|move|p2b: Walking Wake|Protect|p2b: Walking Wake
|-singleturn|p2b: Walking Wake|Protect
|move|p1a: Blaziken|Earthquake|p2b: Walking Wake|[spread] 
|-activate|p2b: Walking Wake|move: Protect
|-immune|p1b: Rayquaza
|-immune|p2a: Cresselia|[from] ability: Levitate
|move|p1b: Rayquaza|Dragon Pulse|p2b: Walking Wake
|-activate|p2b: Walking Wake|move: Protect
|move|p2a: Cresselia|Moonblast|p1b: Rayquaza
|-supereffective|p1b: Rayquaza
|-damage|p1b: Rayquaza|66/100
|
|-weather|SunnyDay|[upkeep]
|-sideend|p1: Jakemcgarry420|move: Tailwind
|-ability|p1a: Blaziken|Speed Boost|boost
|-boost|p1a: Blaziken|spe|1
|upkeep
|turn|5
|
|t:|1750857240
|move|p2a: Cresselia|Helping Hand|p2b: Walking Wake
|-singleturn|p2b: Walking Wake|Helping Hand|[of] p2a: Cresselia
|move|p1a: Blaziken|Earthquake|p2a: Cresselia|[spread] p2b
|-immune|p1b: Rayquaza
|-immune|p2a: Cresselia|[from] ability: Levitate
|-damage|p2b: Walking Wake|33/100
|move|p2b: Walking Wake|Hydro Steam|p1a: Blaziken
|-supereffective|p1a: Blaziken
|-damage|p1a: Blaziken|0 fnt
|faint|p1a: Blaziken
|move|p1b: Rayquaza|Dragon Pulse|p2b: Walking Wake
|-supereffective|p2b: Walking Wake
|-damage|p2b: Walking Wake|0 fnt
|faint|p2b: Walking Wake
|-end|p2b: Walking Wake|Protosynthesis|[silent]
|
|-weather|none
|upkeep
|
|t:|1750857255
|switch|p2b: Scrafty|Scrafty, L50, M|67/100
|switch|p1a: Zamazenta|Zamazenta-Crowned, L50|100/100
|-ability|p1a: Zamazenta|Dauntless Shield|boost
|-boost|p1a: Zamazenta|def|1
|-ability|p2b: Scrafty|Intimidate|boost
|-unboost|p1a: Zamazenta|atk|1
|-unboost|p1b: Rayquaza|atk|1
|turn|6
|inactive|Jakemcgarry420 has 30 seconds left.
|
|t:|1750857282
|move|p2b: Scrafty|Fake Out|p1a: Zamazenta
|-resisted|p1a: Zamazenta
|-damage|p1a: Zamazenta|99/100
|cant|p1a: Zamazenta|flinch
|move|p1b: Rayquaza|Ice Beam|p2b: Scrafty
|-damage|p2b: Scrafty|44/100
|move|p2a: Cresselia|Lunar Blessing|p2a: Cresselia|[spread] p2a,p2b
|-heal|p2b: Scrafty|69/100
|
|-heal|p2b: Scrafty|74/100|[from] item: Leftovers
|upkeep
|turn|7
|
|t:|1750857302
|move|p1a: Zamazenta|Crunch|p2a: Cresselia
|-supereffective|p2a: Cresselia
|-damage|p2a: Cresselia|79/100
|move|p1b: Rayquaza|Ice Beam|p2a: Cresselia
|-damage|p2a: Cresselia|60/100
|move|p2a: Cresselia|Moonblast|p1a: Zamazenta
|-damage|p1a: Zamazenta|86/100
|-unboost|p1a: Zamazenta|spa|1
|move|p2b: Scrafty|Knock Off|p1a: Zamazenta
|-resisted|p1a: Zamazenta
|-damage|p1a: Zamazenta|81/100
|
|-heal|p2b: Scrafty|80/100|[from] item: Leftovers
|upkeep
|turn|8
|
|t:|1750857316
|move|p1a: Zamazenta|Iron Defense|p1a: Zamazenta
|-boost|p1a: Zamazenta|def|2
|move|p1b: Rayquaza|Dragon Pulse|p2a: Cresselia
|-damage|p2a: Cresselia|31/100
|move|p2a: Cresselia|Moonblast|p1a: Zamazenta
|-damage|p1a: Zamazenta|67/100
|-unboost|p1a: Zamazenta|spa|1
|move|p2b: Scrafty|Snarl|p1a: Zamazenta|[spread] p1a,p1b
|-resisted|p1a: Zamazenta
|-damage|p1a: Zamazenta|64/100
|-damage|p1b: Rayquaza|61/100
|-unboost|p1a: Zamazenta|spa|1
|-unboost|p1b: Rayquaza|spa|1
|
|-heal|p2b: Scrafty|86/100|[from] item: Leftovers
|upkeep
|turn|9
|
|t:|1750857337
|move|p1a: Zamazenta|Body Press|p2a: Cresselia
|-resisted|p2a: Cresselia
|-damage|p2a: Cresselia|0 fnt
|faint|p2a: Cresselia
|move|p1b: Rayquaza|Dragon Pulse|p2b: Scrafty
|-damage|p2b: Scrafty|64/100
|move|p2b: Scrafty|Snarl|p1b: Rayquaza|[spread] p1a,p1b
|-resisted|p1a: Zamazenta
|-damage|p1a: Zamazenta|61/100
|-damage|p1b: Rayquaza|55/100
|-unboost|p1a: Zamazenta|spa|1
|-unboost|p1b: Rayquaza|spa|1
|
|-heal|p2b: Scrafty|70/100|[from] item: Leftovers
|upkeep
|turn|10
|-message|jzbnaruto forfeited.
|
|win|Jakemcgarry420
|raw|Jakemcgarry420's rating: 1131 &rarr; <strong>1155</strong><br />(+24 for winning)
|raw|jzbnaruto's rating: 1121 &rarr; <strong>1097</strong><br />(-24 for losing)
|l|☆jzbnaruto
|player|p2|
|l|☆Jakemcgarry420
|player|p1|
