|j|☆TheArcaneAce
|j|☆Luckybadday
|t:|1750881889
|gametype|doubles
|player|p1|TheArcaneAce|266|1224
|player|p2|Luckybadday|266|1139
|teamsize|p1|6
|teamsize|p2|6
|gen|9
|tier|[Gen 9] VGC 2025 Reg I
|rated|
|rule|Species Clause: Limit one of each Pokémon
|rule|Item Clause: Limit 1 of each item
|clearpoke
|poke|p1|Incineroar, L50, F|
|poke|p1|Koraidon, L50|
|poke|p1|Flutter Mane, L50|
|poke|p1|Gastrodon, L50, M|
|poke|p1|Farigiraf, L50, F|
|poke|p1|Ho-Oh, L50|
|poke|p2|Magmar, L50, M|
|poke|p2|Farigiraf, L50, M|
|poke|p2|Miraidon, L50|
|poke|p2|Koraidon, L50|
|poke|p2|Whimsicott, L50, F|
|poke|p2|Raging Bolt, L50|
|teampreview|4
|inactive|Battle timer is ON: inactive players will automatically lose when time's up. (requested by Luckybadday)
|inactive|TheArcaneAce has 60 seconds left.
|
|t:|1750881920
|start
|switch|p1a: Ho-Oh|Ho-Oh, L50|100/100
|switch|p1b: Flutter Mane|Flutter Mane, L50|100/100
|switch|p2a: Miraidon|Miraidon, L50|100/100
|switch|p2b: Whimsicott|Whimsicott, L50, F|100/100
|-fieldstart|move: Electric Terrain|[from] ability: Hadron Engine|[of] p2a: Miraidon
|-ability|p1a: Ho-Oh|Pressure
|turn|1
|
|t:|1750881938
|-terastallize|p1a: Ho-Oh|Grass
|move|p1b: Flutter Mane|Protect|p1b: Flutter Mane
|-singleturn|p1b: Flutter Mane|Protect
|move|p2b: Whimsicott|Tailwind|p2b: Whimsicott
|-sidestart|p2: Luckybadday|move: Tailwind
|move|p2a: Miraidon|Volt Switch|p1b: Flutter Mane
|-activate|p1b: Flutter Mane|move: Protect
|move|p1a: Ho-Oh|Tailwind|p1a: Ho-Oh
|-sidestart|p1: TheArcaneAce|move: Tailwind
|
|upkeep
|turn|2
|
|t:|1750881956
|-terastallize|p2a: Miraidon|Fairy
|move|p1a: Ho-Oh|Helping Hand|p1b: Flutter Mane
|-singleturn|p1b: Flutter Mane|Helping Hand|[of] p1a: Ho-Oh
|move|p2b: Whimsicott|Tickle|p1a: Ho-Oh
|-unboost|p1a: Ho-Oh|atk|1
|-unboost|p1a: Ho-Oh|def|1
|-enditem|p1a: Ho-Oh|Eject Pack
|
|t:|1750881964
|switch|p1a: Gastrodon|Gastrodon, L50, M|100/100
|move|p1b: Flutter Mane|Dazzling Gleam|p2b: Whimsicott|[spread] p2a,p2b
|-damage|p2a: Miraidon|74/100
|-damage|p2b: Whimsicott|46/100
|move|p2a: Miraidon|Volt Switch|p1b: Flutter Mane
|-damage|p1b: Flutter Mane|22/100
|
|t:|1750881975
|switch|p2a: Raging Bolt|Raging Bolt, L50|100/100|[from] Volt Switch
|
|upkeep
|turn|3
|
|t:|1750881984
|switch|p2b: Magmar|Magmar, L50, M|100/100
|move|p1b: Flutter Mane|Protect|p1b: Flutter Mane
|-singleturn|p1b: Flutter Mane|Protect
|move|p2a: Raging Bolt|Thunderclap||[still]
|-fail|p2a: Raging Bolt
|move|p1a: Gastrodon|Earth Power|p2a: Raging Bolt
|-supereffective|p2a: Raging Bolt
|-damage|p2a: Raging Bolt|53/100
|
|upkeep
|turn|4
|
|t:|1750882002
|-end|p1b: Flutter Mane|Protosynthesis|[silent]
|switch|p1b: Ho-Oh|Ho-Oh, L50, tera:Grass|100/100
|-ability|p1b: Ho-Oh|Pressure
|move|p2b: Magmar|Follow Me|p2b: Magmar
|-singleturn|p2b: Magmar|move: Follow Me
|move|p2a: Raging Bolt|Volt Switch|p1b: Ho-Oh
|-resisted|p1b: Ho-Oh
|-damage|p1b: Ho-Oh|79/100
|-damage|p2a: Raging Bolt|43/100|[from] item: Life Orb
|
|t:|1750882012
|-end|p2a: Raging Bolt|Protosynthesis|[silent]
|switch|p2a: Whimsicott|Whimsicott, L50, F|46/100|[from] Volt Switch
|move|p1a: Gastrodon|Earth Power|p2b: Magmar
|-supereffective|p2b: Magmar
|-damage|p2b: Magmar|62/100
|
|-sideend|p2: Luckybadday|move: Tailwind
|-sideend|p1: TheArcaneAce|move: Tailwind
|upkeep
|turn|5
|
|t:|1750882037
|move|p2a: Whimsicott|Tailwind|p2a: Whimsicott
|-sidestart|p2: Luckybadday|move: Tailwind
|move|p2b: Magmar|Overheat|p1b: Ho-Oh
|-supereffective|p1b: Ho-Oh
|-damage|p1b: Ho-Oh|31/100
|-unboost|p2b: Magmar|spa|2
|move|p1b: Ho-Oh|Tailwind|p1b: Ho-Oh
|-sidestart|p1: TheArcaneAce|move: Tailwind
|move|p1a: Gastrodon|Earth Power|p2a: Whimsicott
|-resisted|p2a: Whimsicott
|-damage|p2a: Whimsicott|29/100
|
|-fieldend|move: Electric Terrain
|upkeep
|turn|6
|
|t:|1750882054
|move|p2b: Magmar|Follow Me|p2b: Magmar
|-singleturn|p2b: Magmar|move: Follow Me
|move|p2a: Whimsicott|Tickle|p1b: Ho-Oh
|-unboost|p1b: Ho-Oh|atk|1
|-unboost|p1b: Ho-Oh|def|1
|move|p1b: Ho-Oh|Overheat|p2b: Magmar
|-resisted|p2b: Magmar
|-damage|p2b: Magmar|41/100
|-unboost|p1b: Ho-Oh|spa|2
|move|p1a: Gastrodon|Chilling Water|p2b: Magmar
|-supereffective|p2b: Magmar
|-damage|p2b: Magmar|20/100
|-unboost|p2b: Magmar|atk|1
|
|upkeep
|turn|7
|
|t:|1750882071
|move|p2b: Magmar|Follow Me|p2b: Magmar
|-singleturn|p2b: Magmar|move: Follow Me
|move|p2a: Whimsicott|Moonblast|p1b: Ho-Oh
|-damage|p1b: Ho-Oh|16/100
|move|p1b: Ho-Oh|Overheat|p2b: Magmar
|-resisted|p2b: Magmar
|-damage|p2b: Magmar|10/100
|-unboost|p1b: Ho-Oh|spa|2
|move|p1a: Gastrodon|Chilling Water|p2b: Magmar
|-supereffective|p2b: Magmar
|-damage|p2b: Magmar|0 fnt
|faint|p2b: Magmar
|
|upkeep
|
|t:|1750882093
|switch|p2b: Raging Bolt|Raging Bolt, L50|43/100
|turn|8
|
|t:|1750882101
|move|p1b: Ho-Oh|Helping Hand|p1a: Gastrodon
|-singleturn|p1a: Gastrodon|Helping Hand|[of] p1b: Ho-Oh
|move|p2a: Whimsicott|Moonblast|p1a: Gastrodon
|-damage|p1a: Gastrodon|78/100
|-unboost|p1a: Gastrodon|spa|1
|move|p2b: Raging Bolt|Draco Meteor|p1a: Gastrodon
|-damage|p1a: Gastrodon|0 fnt
|-unboost|p2b: Raging Bolt|spa|2
|faint|p1a: Gastrodon
|-damage|p2b: Raging Bolt|33/100|[from] item: Life Orb
|
|-sideend|p2: Luckybadday|move: Tailwind
|-sideend|p1: TheArcaneAce|move: Tailwind
|upkeep
|
|t:|1750882116
|switch|p1a: Flutter Mane|Flutter Mane, L50|22/100
|turn|9
|
|t:|1750882128
|move|p1a: Flutter Mane|Protect|p1a: Flutter Mane
|-singleturn|p1a: Flutter Mane|Protect
|move|p2a: Whimsicott|Tailwind|p2a: Whimsicott
|-sidestart|p2: Luckybadday|move: Tailwind
|move|p2b: Raging Bolt|Volt Switch|p1a: Flutter Mane
|-activate|p1a: Flutter Mane|move: Protect
|move|p1b: Ho-Oh|Overheat|p2a: Whimsicott
|-supereffective|p2a: Whimsicott
|-damage|p2a: Whimsicott|0 fnt
|-unboost|p1b: Ho-Oh|spa|2
|faint|p2a: Whimsicott
|
|upkeep
|
|t:|1750882130
|switch|p2a: Miraidon|Miraidon, L50, tera:Fairy|74/100
|-fieldstart|move: Electric Terrain|[from] ability: Hadron Engine|[of] p2a: Miraidon
|turn|10
|
|t:|1750882148
|move|p2b: Raging Bolt|Thunderclap|p1a: Flutter Mane
|-damage|p1a: Flutter Mane|0 fnt
|faint|p1a: Flutter Mane
|-end|p1a: Flutter Mane|Protosynthesis|[silent]
|-damage|p2b: Raging Bolt|23/100|[from] item: Life Orb
|move|p2a: Miraidon|Dazzling Gleam|p1b: Ho-Oh
|-damage|p1b: Ho-Oh|0 fnt
|faint|p1b: Ho-Oh
|
|upkeep
|
|t:|1750882155
|switch|p1a: Koraidon|Koraidon, L50|100/100
|-weather|SunnyDay|[from] ability: Orichalcum Pulse|[of] p1a: Koraidon
|-activate|p2b: Raging Bolt|ability: Protosynthesis
|-start|p2b: Raging Bolt|protosynthesisspd
|-activate|p1a: Koraidon|Orichalcum Pulse|[source]
|turn|11
|
|t:|1750882163
|move|p1a: Koraidon|Protect|p1a: Koraidon
|-singleturn|p1a: Koraidon|Protect
|move|p2b: Raging Bolt|Thunderclap||[still]
|-fail|p2b: Raging Bolt
|move|p2a: Miraidon|Dazzling Gleam|p1a: Koraidon
|-activate|p1a: Koraidon|move: Protect
|
|-weather|SunnyDay|[upkeep]
|upkeep
|turn|12
|
|t:|1750882172
|move|p2b: Raging Bolt|Thunderclap|p1a: Koraidon
|-resisted|p1a: Koraidon
|-damage|p1a: Koraidon|83/100
|-damage|p2b: Raging Bolt|13/100|[from] item: Life Orb
|move|p2a: Miraidon|Dazzling Gleam|p1a: Koraidon
|-supereffective|p1a: Koraidon
|-damage|p1a: Koraidon|0 fnt
|faint|p1a: Koraidon
|
|win|Luckybadday
|raw|TheArcaneAce's rating: 1224 &rarr; <strong>1193</strong><br />(-31 for losing)
|raw|Luckybadday's rating: 1139 &rarr; <strong>1170</strong><br />(+31 for winning)
|l|☆TheArcaneAce
|player|p1|
|l|☆Luckybadday
|player|p2|
