|j|☆uri30410
|j|☆Assassino300590
|t:|1750800108
|gametype|doubles
|player|p1|uri30410|101|1179
|player|p2|Assassino300590|265|1173
|teamsize|p1|6
|teamsize|p2|6
|gen|9
|tier|[Gen 9] VGC 2025 Reg I
|rated|
|rule|Species Clause: Limit one of each Pokémon
|rule|Item Clause: Limit 1 of each item
|clearpoke
|poke|p1|Calyrex-Ice, L50|
|poke|p1|Zamazenta-*, L50|
|poke|p1|Ogerpon-Cornerstone, L50, F|
|poke|p1|Rillaboom, L50, M|
|poke|p1|Urshifu-*, L50, M|
|poke|p1|Incineroar, L50, F|
|poke|p2|Bisharp, L50, F|
|poke|p2|Kyogre, L50|
|poke|p2|Lunala, L50|
|poke|p2|Grimmsnarl, L50, M|
|poke|p2|Incineroar, L50, F|
|poke|p2|Whimsicott, L50, F|
|teampreview|4
|inactive|Battle timer is ON: inactive players will automatically lose when time's up. (requested by uri30410)
|
|t:|1750800138
|start
|switch|p1a: Incineroar|Incineroar, L50, F|100/100
|switch|p1b: Zamazenta|Zamazenta-Crowned, L50|100/100
|switch|p2a: Kyogre|Kyogre, L50|100/100
|switch|p2b: Whimsicott|Whimsicott, L50, F|100/100
|-weather|RainDance|[from] ability: Drizzle|[of] p2a: Kyogre
|-ability|p1b: Zamazenta|Dauntless Shield|boost
|-boost|p1b: Zamazenta|def|1
|-ability|p1a: Incineroar|Intimidate|boost
|-unboost|p2a: Kyogre|atk|1
|-unboost|p2b: Whimsicott|atk|1
|turn|1
|
|t:|1750800154
|switch|p2a: Lunala|Lunala, L50|100/100
|move|p1b: Zamazenta|Wide Guard|p1b: Zamazenta
|-singleturn|p1b: Zamazenta|Wide Guard
|move|p1a: Incineroar|Fake Out|p2b: Whimsicott
|-damage|p2b: Whimsicott|84/100
|move|p2b: Whimsicott|Tailwind|p2b: Whimsicott
|-sidestart|p2: Assassino300590|move: Tailwind
|
|-weather|RainDance|[upkeep]
|upkeep
|turn|2
|inactive|Assassino300590 has 30 seconds left.
|
|t:|1750800182
|move|p2b: Whimsicott|Taunt|p1b: Zamazenta
|-start|p1b: Zamazenta|move: Taunt
|move|p2a: Lunala|Will-O-Wisp|p1b: Zamazenta
|-status|p1b: Zamazenta|brn
|cant|p1b: Zamazenta|move: Taunt|Iron Defense
|move|p1a: Incineroar|Knock Off|p2a: Lunala
|-supereffective|p2a: Lunala
|-damage|p2a: Lunala|24/100
|-enditem|p2a: Lunala|Mental Herb|[from] move: Knock Off|[of] p1a: Incineroar
|
|-weather|RainDance|[upkeep]
|-damage|p1b: Zamazenta|94/100 brn|[from] brn
|upkeep
|turn|3
|inactive|Assassino300590 has 30 seconds left.
|
|t:|1750800209
|switch|p2b: Bisharp|Bisharp, L50, F|100/100
|switch|p2a: Kyogre|Kyogre, L50|100/100
|move|p1b: Zamazenta|Body Press|p2b: Bisharp
|-supereffective|p2b: Bisharp
|-damage|p2b: Bisharp|0 fnt
|faint|p2b: Bisharp
|move|p1a: Incineroar|Knock Off|p2a: Kyogre
|-damage|p2a: Kyogre|56/100
|-enditem|p2a: Kyogre|Choice Scarf|[from] move: Knock Off|[of] p1a: Incineroar
|
|-weather|RainDance|[upkeep]
|-damage|p1b: Zamazenta|88/100 brn|[from] brn
|upkeep
|
|t:|1750800225
|switch|p2b: Lunala|Lunala, L50|24/100
|turn|4
|
|t:|1750800242
|-terastallize|p2b: Lunala|Fairy
|move|p2a: Kyogre|Origin Pulse|p1a: Incineroar|[spread] p1a,p1b
|-supereffective|p1a: Incineroar
|-damage|p1a: Incineroar|0 fnt
|-damage|p1b: Zamazenta|43/100 brn
|faint|p1a: Incineroar
|move|p2b: Lunala|Dazzling Gleam|p1b: Zamazenta
|-damage|p1b: Zamazenta|9/100 brn
|move|p1b: Zamazenta|Body Press|p2a: Kyogre
|-damage|p2a: Kyogre|19/100
|
|-weather|RainDance|[upkeep]
|-damage|p1b: Zamazenta|3/100 brn|[from] brn
|-end|p1b: Zamazenta|move: Taunt
|-sideend|p2: Assassino300590|move: Tailwind
|upkeep
|
|t:|1750800260
|switch|p1a: Calyrex|Calyrex-Ice, L50|100/100
|-ability|p1a: Calyrex|As One
|-ability|p1a: Calyrex|Unnerve
|turn|5
|inactive|Assassino300590 has 30 seconds left.
|
|t:|1750800289
|switch|p2a: Whimsicott|Whimsicott, L50, F|84/100
|move|p1b: Zamazenta|Wide Guard|p1b: Zamazenta
|-singleturn|p1b: Zamazenta|Wide Guard
|move|p2b: Lunala|Will-O-Wisp|p1a: Calyrex
|-status|p1a: Calyrex|brn
|move|p1a: Calyrex|Trick Room|p1a: Calyrex
|-fieldstart|move: Trick Room|[of] p1a: Calyrex
|
|-weather|none
|-damage|p1a: Calyrex|95/100 brn|[from] brn
|-damage|p1b: Zamazenta|0 fnt|[from] brn
|faint|p1b: Zamazenta
|upkeep
|
|t:|1750800302
|switch|p1b: Rillaboom|Rillaboom, L50, M|100/100
|-fieldstart|move: Grassy Terrain|[from] ability: Grassy Surge|[of] p1b: Rillaboom
|turn|6
|inactive|Assassino300590 has 30 seconds left.
|
|t:|1750800331
|switch|p2b: Kyogre|Kyogre, L50|19/100
|-weather|RainDance|[from] ability: Drizzle|[of] p2b: Kyogre
|move|p1b: Rillaboom|Fake Out|p2b: Kyogre
|-damage|p2b: Kyogre|4/100
|move|p1a: Calyrex|Glacial Lance|p2a: Whimsicott|[spread] p2a,p2b
|-supereffective|p2a: Whimsicott
|-crit|p2a: Whimsicott
|-resisted|p2b: Kyogre
|-damage|p2a: Whimsicott|0 fnt
|-damage|p2b: Kyogre|0 fnt
|faint|p2a: Whimsicott
|faint|p2b: Kyogre
|-ability|p1a: Calyrex|Chilling Neigh|boost
|-boost|p1a: Calyrex|atk|2
|
|-weather|RainDance|[upkeep]
|-heal|p1a: Calyrex|100/100 brn|[from] Grassy Terrain
|-damage|p1a: Calyrex|95/100 brn|[from] brn
|upkeep
|
|t:|1750800342
|switch|p2b: Lunala|Lunala, L50, tera:Fairy|24/100
|turn|7
|
|t:|1750800354
|move|p1a: Calyrex|Protect|p1a: Calyrex
|-singleturn|p1a: Calyrex|Protect
|move|p1b: Rillaboom|Grassy Glide|p2b: Lunala
|-damage|p2b: Lunala|0 fnt
|faint|p2b: Lunala
|
|win|uri30410
|raw|uri30410's rating: 1179 &rarr; <strong>1204</strong><br />(+25 for winning)
|raw|Assassino300590's rating: 1173 &rarr; <strong>1148</strong><br />(-25 for losing)
|l|☆uri30410
|player|p1|
|l|☆Assassino300590
|player|p2|
