|j|☆Gurrasnurra5
|j|☆bimbo mafioso
|t:|1750797758
|gametype|doubles
|player|p1|Gurrasnurra5|wattson|
|player|p2|bimbo mafioso|swimmerf|
|teamsize|p1|6
|teamsize|p2|6
|gen|9
|tier|[Gen 9] VGC 2025 Reg I
|rated|Tournament battle
|rule|Species Clause: Limit one of each Pokémon
|rule|Item Clause: Limit 1 of each item
|raw|<div class="infobox"><details class="readmore" open><summary><strong>2 custom rules:</strong></summary> Force Open Team Sheets, !Open Team Sheets</details></div>
|clearpoke
|poke|p1|Koraidon, L50|
|poke|p1|Whimsicott, L50, M|
|poke|p1|Chi-Yu, L50|
|poke|p1|Calyrex-Shadow, L50|
|poke|p1|Smeargle, L50, M|
|poke|p1|Rillaboom, L50, M|
|poke|p2|Urshifu-*, L50, F|
|poke|p2|Rillaboom, L50, F|
|poke|p2|Incineroar, L50, M|
|poke|p2|Zamazenta-*, L50|
|poke|p2|Ogerpon-Cornerstone, L50, F|
|poke|p2|Calyrex-Shadow, L50|
|teampreview|4
|showteam|p1|Koraidon||LifeOrb|OrichalcumPulse|Protect,FlameCharge,FlareBlitz,CloseCombat||||||50|,,,,,Fire]Whimsicott||CovertCloak|Prankster|LightScreen,Tailwind,Encore,Moonblast|||M|||50|,,,,,Dark]Chi-Yu||ChoiceScarf|BeadsofRuin|Overheat,HeatWave,DarkPulse,Snarl||||||50|,,,,,Ghost]Calyrex-Shadow||SpookyPlate|AsOneSpectrier|Protect,AstralBarrage,Psychic,NastyPlot||||||50|,,,,,Dark]Smeargle||FocusSash|Moody|Spore,FollowMe,Decorate,FakeOut|||M|||50|,,,,,Grass]Rillaboom||AssaultVest|GrassySurge|WoodHammer,GrassyGlide,Uturn,FakeOut|||M|||50|,,,,,Fire
|showteam|p2|Urshifu-Rapid-Strike||ChoiceScarf|UnseenFist|SurgingStrikes,CloseCombat,AquaJet,Uturn|||F|||50|,,,,,Water]Rillaboom||AssaultVest|GrassySurge|FakeOut,GrassyGlide,WoodHammer,Uturn|||F|||50|,,,,,Water]Incineroar||RockyHelmet|Intimidate|FakeOut,KnockOff,HelpingHand,PartingShot|||M|||50|,,,,,Bug]Zamazenta-Crowned||RustedShield|DauntlessShield|BodyPress,HeavySlam,WideGuard,Protect||||||50|,,,,,Dragon]Ogerpon-Cornerstone||CornerstoneMask|Sturdy|IvyCudgel,PowerWhip,FollowMe,SpikyShield|||F|||50|,,,,,Rock]Calyrex-Shadow||LifeOrb|AsOneSpectrier|AstralBarrage,Psychic,NastyPlot,Protect||||||50|,,,,,Dark
|inactive|Battle timer is ON: inactive players will automatically lose when time's up. (requested by bimbo mafioso)
|c|☆bimbo mafioso|glhf!
|j| X2Muz
|c|☆Gurrasnurra5|you too!
|j| Red Fang X
|l| X2Muz
|l| Red Fang X
|inactive|bimbo mafioso has 60 seconds left.
|inactive|bimbo mafioso has 30 seconds left.
|
|t:|1750797826
|start
|switch|p1a: Smeargle|Smeargle, L50, M|100/100
|switch|p1b: Koraidon|Koraidon, L50|100/100
|switch|p2a: Rillaboom|Rillaboom, L50, F|100/100
|switch|p2b: Calyrex|Calyrex-Shadow, L50|100/100
|-ability|p2b: Calyrex|As One
|-ability|p2b: Calyrex|Unnerve
|-weather|SunnyDay|[from] ability: Orichalcum Pulse|[of] p1b: Koraidon
|-activate|p1b: Koraidon|Orichalcum Pulse|[source]
|-fieldstart|move: Grassy Terrain|[from] ability: Grassy Surge|[of] p2a: Rillaboom
|turn|1
|
|t:|1750797849
|-terastallize|p1b: Koraidon|Fire
|move|p1a: Smeargle|Fake Out|p2a: Rillaboom
|-damage|p2a: Rillaboom|95/100
|cant|p2a: Rillaboom|flinch
|move|p2b: Calyrex|Psychic|p1b: Koraidon
|-damage|p1b: Koraidon|41/100
|-damage|p2b: Calyrex|91/100|[from] item: Life Orb
|move|p1b: Koraidon|Flame Charge|p2b: Calyrex
|-damage|p2b: Calyrex|0 fnt
|-boost|p1b: Koraidon|spe|1
|faint|p2b: Calyrex
|-damage|p1b: Koraidon|31/100|[from] item: Life Orb
|
|-weather|SunnyDay|[upkeep]
|-heal|p1b: Koraidon|37/100|[from] Grassy Terrain
|-heal|p2a: Rillaboom|100/100|[from] Grassy Terrain
|-ability|p1a: Smeargle|Moody|boost
|-boost|p1a: Smeargle|atk|2
|-unboost|p1a: Smeargle|spa|1
|upkeep
|
|t:|1750797862
|switch|p2b: Zamazenta|Zamazenta-Crowned, L50|100/100
|-ability|p2b: Zamazenta|Dauntless Shield|boost
|-boost|p2b: Zamazenta|def|1
|turn|2
|j| St. Jude tour prep
|inactive|Gurrasnurra5 has 30 seconds left.
|l| St. Jude tour prep
|
|t:|1750797893
|move|p2b: Zamazenta|Protect|p2b: Zamazenta
|-singleturn|p2b: Zamazenta|Protect
|move|p1a: Smeargle|Follow Me|p1a: Smeargle
|-singleturn|p1a: Smeargle|move: Follow Me
|move|p1b: Koraidon|Close Combat|p2a: Rillaboom
|-damage|p2a: Rillaboom|0 fnt
|-unboost|p1b: Koraidon|def|1
|-unboost|p1b: Koraidon|spd|1
|faint|p2a: Rillaboom
|-damage|p1b: Koraidon|28/100|[from] item: Life Orb
|
|-weather|SunnyDay|[upkeep]
|-heal|p1b: Koraidon|34/100|[from] Grassy Terrain
|-ability|p1a: Smeargle|Moody|boost
|-boost|p1a: Smeargle|atk|2
|-unboost|p1a: Smeargle|spa|1
|upkeep
|
|t:|1750797900
|switch|p2a: Ogerpon|Ogerpon-Cornerstone, L50, F|100/100
|turn|3
|j| erik311
|
|t:|1750797909
|-terastallize|p2b: Zamazenta|Dragon
|move|p1a: Smeargle|Follow Me|p1a: Smeargle
|-singleturn|p1a: Smeargle|move: Follow Me
|move|p1b: Koraidon|Close Combat|p2b: Zamazenta
|-damage|p2b: Zamazenta|57/100
|-unboost|p1b: Koraidon|def|1
|-unboost|p1b: Koraidon|spd|1
|-damage|p1b: Koraidon|25/100|[from] item: Life Orb
|move|p2a: Ogerpon|Ivy Cudgel|p1a: Smeargle|[anim] Ivy Cudgel Rock
|-enditem|p1a: Smeargle|Focus Sash
|-damage|p1a: Smeargle|1/100
|move|p2b: Zamazenta|Body Press|p1a: Smeargle
|-supereffective|p1a: Smeargle
|-damage|p1a: Smeargle|0 fnt
|faint|p1a: Smeargle
|
|-weather|SunnyDay|[upkeep]
|-heal|p1b: Koraidon|31/100|[from] Grassy Terrain
|-heal|p2b: Zamazenta|63/100|[from] Grassy Terrain
|upkeep
|
|t:|1750797918
|switch|p1a: Calyrex|Calyrex-Shadow, L50|100/100
|-ability|p1a: Calyrex|As One
|-ability|p1a: Calyrex|Unnerve
|turn|4
|
|t:|1750797925
|move|p2b: Zamazenta|Wide Guard|p2b: Zamazenta
|-singleturn|p2b: Zamazenta|Wide Guard
|move|p1b: Koraidon|Flame Charge|p2a: Ogerpon
|-ability|p2a: Ogerpon|Sturdy
|-damage|p2a: Ogerpon|1/100
|-boost|p1b: Koraidon|spe|1
|-damage|p1b: Koraidon|21/100|[from] item: Life Orb
|move|p1a: Calyrex|Psychic|p2a: Ogerpon
|-damage|p2a: Ogerpon|0 fnt
|faint|p2a: Ogerpon
|-ability|p1a: Calyrex|Grim Neigh|boost
|-boost|p1a: Calyrex|spa|1
|
|-weather|SunnyDay|[upkeep]
|-heal|p1b: Koraidon|27/100|[from] Grassy Terrain
|-heal|p2b: Zamazenta|68/100|[from] Grassy Terrain
|upkeep
|turn|5
|
|t:|1750797936
|move|p2b: Zamazenta|Wide Guard|p2b: Zamazenta
|-singleturn|p2b: Zamazenta|Wide Guard
|move|p1b: Koraidon|Close Combat|p2b: Zamazenta
|-damage|p2b: Zamazenta|22/100
|-unboost|p1b: Koraidon|def|1
|-unboost|p1b: Koraidon|spd|1
|-damage|p1b: Koraidon|18/100|[from] item: Life Orb
|move|p1a: Calyrex|Astral Barrage|p2b: Zamazenta
|-activate|p2b: Zamazenta|move: Wide Guard
|
|-weather|none
|-heal|p1b: Koraidon|24/100|[from] Grassy Terrain
|-heal|p2b: Zamazenta|28/100|[from] Grassy Terrain
|-fieldend|move: Grassy Terrain
|upkeep
|turn|6
|
|t:|1750797946
|move|p2b: Zamazenta|Wide Guard|p2b: Zamazenta
|-singleturn|p2b: Zamazenta|Wide Guard
|move|p1b: Koraidon|Close Combat|p2b: Zamazenta
|-damage|p2b: Zamazenta|0 fnt
|-unboost|p1b: Koraidon|def|1
|-unboost|p1b: Koraidon|spd|1
|faint|p2b: Zamazenta
|-damage|p1b: Koraidon|14/100|[from] item: Life Orb
|
|win|Gurrasnurra5
|n|☆Gurrasnurra5|gurrasnurra5
|n|☆bimbo mafioso|bimbomafioso
|n| erik311|erik311
|c|☆Gurrasnurra5|ggwp!
|c|☆bimbo mafioso|crazy how i have autoloss to smeargle
|l|☆Gurrasnurra5
|player|p1|
|c|☆bimbo mafioso|i didnt play well tho
|l| erik311
