|j|☆babybowserz
|j|☆Bruno Emerson
|t:|1750864485
|gametype|doubles
|player|p1|babybowserz|102|1147
|player|p2|Bruno Emerson|169|1077
|teamsize|p1|6
|teamsize|p2|6
|gen|9
|tier|[Gen 9] VGC 2025 Reg I
|rated|
|rule|Species Clause: Limit one of each Pokémon
|rule|Item Clause: Limit 1 of each item
|clearpoke
|poke|p1|Sinistcha-Masterpiece, L50|
|poke|p1|Kyurem-White, L50|
|poke|p1|Zacian-*, L50|
|poke|p1|Tornadus, L50, M|
|poke|p1|Incineroar, L50, F|
|poke|p1|Ting-Lu, L50|
|poke|p2|Dragonite, L50, M|
|poke|p2|Arcanine, L50, F|
|poke|p2|Gyarados, L50, M|
|poke|p2|Snorlax, L50, F|
|poke|p2|Exeggutor, L50, M|
|poke|p2|Raichu, L50, F|
|teampreview|4
|inactive|Battle timer is ON: inactive players will automatically lose when time's up. (requested by Bruno Emerson)
|inactive|babybowserz has 60 seconds left.
|
|t:|1750864546
|start
|switch|p1a: Kyurem|Kyurem-White, L50, shiny|100/100
|switch|p1b: Tornadus|Tornadus, L50, M, shiny|100/100
|switch|p2a: Arcanine|Arcanine, L50, F|100/100
|switch|p2b: Dragonite|Dragonite, L50, M|100/100
|-ability|p1a: Kyurem|Turboblaze
|-ability|p2a: Arcanine|Intimidate|boost
|-unboost|p1a: Kyurem|atk|1
|-unboost|p1b: Tornadus|atk|1
|turn|1
|inactive|babybowserz has 30 seconds left.
|inactive|babybowserz has 20 seconds left.
|inactive|babybowserz has 15 seconds left.
|
|t:|1750864590
|move|p2b: Dragonite|Protect|p2b: Dragonite
|-singleturn|p2b: Dragonite|Protect
|move|p1b: Tornadus|Tailwind|p1b: Tornadus
|-sidestart|p1: babybowserz|move: Tailwind
|move|p1a: Kyurem|Freeze-Dry|p2b: Dragonite
|-activate|p2b: Dragonite|move: Protect
|move|p2a: Arcanine|Snarl|p1b: Tornadus|[spread] p1b
|-miss|p2a: Arcanine|p1a: Kyurem
|-damage|p1b: Tornadus|86/100
|-unboost|p1b: Tornadus|spa|1
|
|upkeep
|turn|2
|
|t:|1750864610
|switch|p2b: Gyarados|Gyarados, L50, M|100/100
|move|p1b: Tornadus|Nasty Plot|p1b: Tornadus
|-boost|p1b: Tornadus|spa|2
|move|p1a: Kyurem|Freeze-Dry|p2b: Gyarados
|-supereffective|p2b: Gyarados
|-enditem|p2b: Gyarados|Focus Sash
|-damage|p2b: Gyarados|1/100
|-damage|p1a: Kyurem|91/100|[from] item: Life Orb
|move|p2a: Arcanine|Snarl|p1b: Tornadus|[spread] p1a,p1b
|-damage|p1a: Kyurem|82/100
|-damage|p1b: Tornadus|73/100
|-unboost|p1a: Kyurem|spa|1
|-unboost|p1b: Tornadus|spa|1
|
|upkeep
|turn|3
|inactive|babybowserz has 30 seconds left.
|inactive|babybowserz has 20 seconds left.
|
|t:|1750864645
|move|p1b: Tornadus|Nasty Plot|p1b: Tornadus
|-boost|p1b: Tornadus|spa|2
|move|p1a: Kyurem|Dragon Pulse|p2b: Gyarados
|-damage|p2b: Gyarados|0 fnt
|faint|p2b: Gyarados
|-damage|p1a: Kyurem|72/100|[from] item: Life Orb
|move|p2a: Arcanine|Snarl|p1b: Tornadus|[spread] p1a,p1b
|-damage|p1a: Kyurem|64/100
|-damage|p1b: Tornadus|60/100
|-unboost|p1a: Kyurem|spa|1
|-unboost|p1b: Tornadus|spa|1
|
|upkeep
|
|t:|1750864657
|switch|p2b: Dragonite|Dragonite, L50, M|100/100
|turn|4
|inactive|babybowserz has 30 seconds left.
|inactive|babybowserz has 20 seconds left.
|inactive|babybowserz has 15 seconds left.
|inactive|babybowserz has 10 seconds left.
|inactive|babybowserz has 5 seconds left.
|
|t:|1750864712
|move|p2b: Dragonite|Protect|p2b: Dragonite
|-singleturn|p2b: Dragonite|Protect
|move|p1b: Tornadus|Tailwind||[still]
|-fail|p1b: Tornadus
|move|p1a: Kyurem|Fusion Flare|p2a: Arcanine
|-resisted|p2a: Arcanine
|-damage|p2a: Arcanine|90/100
|-damage|p1a: Kyurem|54/100|[from] item: Life Orb
|move|p2a: Arcanine|Snarl|p1a: Kyurem|[spread] p1a,p1b
|-damage|p1a: Kyurem|46/100
|-damage|p1b: Tornadus|46/100
|-unboost|p1a: Kyurem|spa|1
|-unboost|p1b: Tornadus|spa|1
|
|-sideend|p1: babybowserz|move: Tailwind
|upkeep
|turn|5
|
|t:|1750864732
|move|p2b: Dragonite|Extreme Speed|p1b: Tornadus
|-damage|p1b: Tornadus|1/100
|move|p1b: Tornadus|Bleakwind Storm|p2a: Arcanine|[spread] p2a,p2b
|-damage|p2a: Arcanine|56/100
|-damage|p2b: Dragonite|84/100
|move|p1a: Kyurem|Freeze-Dry|p2b: Dragonite
|-supereffective|p2b: Dragonite
|-damage|p2b: Dragonite|0 fnt
|faint|p2b: Dragonite
|-damage|p1a: Kyurem|36/100|[from] item: Life Orb
|move|p2a: Arcanine|Snarl|p1b: Tornadus|[spread] p1a,p1b
|-damage|p1a: Kyurem|28/100
|-damage|p1b: Tornadus|0 fnt
|-unboost|p1a: Kyurem|spa|1
|faint|p1b: Tornadus
|
|upkeep
|
|t:|1750864738
|switch|p1b: Zacian|Zacian, L50|100/100
|switch|p2b: Exeggutor|Exeggutor, L50, M|100/100
|-ability|p1b: Zacian|Intrepid Sword|boost
|-boost|p1b: Zacian|atk|1
|turn|6
|
|t:|1750864748
|switch|p1a: Incineroar|Incineroar, L50, F|100/100
|-ability|p1a: Incineroar|Intimidate|boost
|-unboost|p2a: Arcanine|atk|1
|-unboost|p2b: Exeggutor|atk|1
|move|p1b: Zacian|Play Rough|p2b: Exeggutor
|-damage|p2b: Exeggutor|33/100
|-unboost|p2b: Exeggutor|atk|1
|-enditem|p2b: Exeggutor|Sitrus Berry|[eat]
|-heal|p2b: Exeggutor|58/100|[from] item: Sitrus Berry
|move|p2a: Arcanine|Will-O-Wisp|p1b: Zacian
|-status|p1b: Zacian|brn
|move|p2b: Exeggutor|Leech Seed|p1b: Zacian
|-start|p1b: Zacian|move: Leech Seed
|
|-damage|p1b: Zacian|88/100 brn|[from] Leech Seed|[of] p2b: Exeggutor
|-heal|p2b: Exeggutor|70/100|[silent]
|-damage|p1b: Zacian|82/100 brn|[from] brn
|-item|p2b: Exeggutor|Sitrus Berry|[from] ability: Harvest
|upkeep
|turn|7
|inactive|babybowserz has 30 seconds left.
|inactive|babybowserz has 20 seconds left.
|
|t:|1750864787
|-terastallize|p2b: Exeggutor|Water
|move|p1b: Zacian|Play Rough|p2b: Exeggutor
|-damage|p2b: Exeggutor|38/100
|-enditem|p2b: Exeggutor|Sitrus Berry|[eat]
|-heal|p2b: Exeggutor|63/100|[from] item: Sitrus Berry
|move|p2a: Arcanine|Morning Sun|p2a: Arcanine
|-heal|p2a: Arcanine|100/100
|move|p1a: Incineroar|Flare Blitz|p2b: Exeggutor
|-resisted|p2b: Exeggutor
|-crit|p2b: Exeggutor
|-damage|p2b: Exeggutor|17/100
|-damage|p1a: Incineroar|85/100|[from] Recoil
|move|p2b: Exeggutor|Leech Seed|p1a: Incineroar
|-start|p1a: Incineroar|move: Leech Seed
|
|-damage|p1b: Zacian|70/100 brn|[from] Leech Seed|[of] p2b: Exeggutor
|-heal|p2b: Exeggutor|29/100|[silent]
|-damage|p1a: Incineroar|73/100|[from] Leech Seed|[of] p2b: Exeggutor
|-heal|p2b: Exeggutor|41/100|[silent]
|-damage|p1b: Zacian|64/100 brn|[from] brn
|-item|p2b: Exeggutor|Sitrus Berry|[from] ability: Harvest
|upkeep
|-enditem|p2b: Exeggutor|Sitrus Berry|[eat]
|-heal|p2b: Exeggutor|66/100|[from] item: Sitrus Berry
|turn|8
|inactive|Bruno Emerson has 30 seconds left.
|inactive|babybowserz has 30 seconds left.
|
|t:|1750864823
|move|p1b: Zacian|Play Rough|p2b: Exeggutor
|-damage|p2b: Exeggutor|30/100
|move|p2a: Arcanine|Flamethrower|p1a: Incineroar
|-resisted|p1a: Incineroar
|-damage|p1a: Incineroar|59/100
|move|p1a: Incineroar|Parting Shot|p2a: Arcanine
|-unboost|p2a: Arcanine|atk|1
|-unboost|p2a: Arcanine|spa|1
|
|t:|1750864829
|switch|p1a: Kyurem|Kyurem-White, L50, shiny|28/100|[from] Parting Shot
|-ability|p1a: Kyurem|Turboblaze
|move|p2b: Exeggutor|Sunny Day|p2b: Exeggutor
|-weather|SunnyDay
|
|-weather|SunnyDay|[upkeep]
|-damage|p1b: Zacian|52/100 brn|[from] Leech Seed|[of] p2b: Exeggutor
|-heal|p2b: Exeggutor|42/100|[silent]
|-damage|p1b: Zacian|46/100 brn|[from] brn
|-item|p2b: Exeggutor|Sitrus Berry|[from] ability: Harvest
|upkeep
|-enditem|p2b: Exeggutor|Sitrus Berry|[eat]
|-heal|p2b: Exeggutor|67/100|[from] item: Sitrus Berry
|turn|9
|
|t:|1750864835
|switch|p1b: Incineroar|Incineroar, L50, F|59/100
|-ability|p1b: Incineroar|Intimidate|boost
|-unboost|p2a: Arcanine|atk|1
|-unboost|p2b: Exeggutor|atk|1
|move|p2b: Exeggutor|Protect|p2b: Exeggutor
|-singleturn|p2b: Exeggutor|Protect
|move|p1a: Kyurem|Freeze-Dry|p2b: Exeggutor
|-activate|p2b: Exeggutor|move: Protect
|move|p2a: Arcanine|Snarl|p1b: Incineroar|[spread] p1a,p1b
|-resisted|p1b: Incineroar
|-damage|p1a: Kyurem|23/100
|-damage|p1b: Incineroar|56/100
|-unboost|p1a: Kyurem|spa|1
|-unboost|p1b: Incineroar|spa|1
|
|-weather|SunnyDay|[upkeep]
|-item|p2b: Exeggutor|Sitrus Berry|[from] ability: Harvest
|upkeep
|turn|10
|
|t:|1750864851
|move|p1b: Incineroar|Fake Out|p2b: Exeggutor
|-damage|p2b: Exeggutor|54/100
|move|p1a: Kyurem|Freeze-Dry|p2b: Exeggutor
|-supereffective|p2b: Exeggutor
|-damage|p2b: Exeggutor|0 fnt
|faint|p2b: Exeggutor
|-damage|p1a: Kyurem|13/100|[from] item: Life Orb
|move|p2a: Arcanine|Snarl|p1a: Kyurem|[spread] p1a
|-miss|p2a: Arcanine|p1b: Incineroar
|-damage|p1a: Kyurem|8/100
|-unboost|p1a: Kyurem|spa|1
|
|-weather|SunnyDay|[upkeep]
|upkeep
|turn|11
|
|t:|1750864859
|move|p1a: Kyurem|Dragon Pulse|p2a: Arcanine
|-damage|p2a: Arcanine|73/100
|-damage|p1a: Kyurem|0 fnt|[from] item: Life Orb
|faint|p1a: Kyurem
|move|p2a: Arcanine|Snarl|p1b: Incineroar
|-resisted|p1b: Incineroar
|-damage|p1b: Incineroar|53/100
|-unboost|p1b: Incineroar|spa|1
|move|p1b: Incineroar|Parting Shot|p2a: Arcanine
|-unboost|p2a: Arcanine|atk|1
|-unboost|p2a: Arcanine|spa|1
|
|t:|1750864864
|switch|p1b: Zacian|Zacian, L50|46/100 brn|[from] Parting Shot
|
|-weather|SunnyDay|[upkeep]
|-damage|p1b: Zacian|40/100 brn|[from] brn
|upkeep
|
|t:|1750864866
|switch|p1a: Incineroar|Incineroar, L50, F|53/100
|-ability|p1a: Incineroar|Intimidate|boost
|-unboost|p2a: Arcanine|atk|1
|turn|12
|
|t:|1750864875
|-terastallize|p1b: Zacian|Fire
|move|p1a: Incineroar|Fake Out|p2a: Arcanine
|-damage|p2a: Arcanine|58/100
|move|p1b: Zacian|Play Rough|p2a: Arcanine
|-resisted|p2a: Arcanine
|-damage|p2a: Arcanine|47/100
|cant|p2a: Arcanine|flinch
|
|-weather|none
|-damage|p1b: Zacian|34/100 brn|[from] brn
|upkeep
|turn|13
|
|t:|1750864885
|move|p1b: Zacian|Play Rough|p2a: Arcanine
|-resisted|p2a: Arcanine
|-damage|p2a: Arcanine|35/100
|move|p2a: Arcanine|Morning Sun|p2a: Arcanine
|-heal|p2a: Arcanine|84/100
|move|p1a: Incineroar|Flare Blitz|p2a: Arcanine
|-resisted|p2a: Arcanine
|-damage|p2a: Arcanine|53/100
|-damage|p1a: Incineroar|43/100|[from] Recoil
|-enditem|p1a: Incineroar|Sitrus Berry|[eat]
|-heal|p1a: Incineroar|68/100|[from] item: Sitrus Berry
|
|-damage|p1b: Zacian|28/100 brn|[from] brn
|upkeep
|turn|14
|inactive|babybowserz has 30 seconds left.
|inactive|babybowserz has 20 seconds left.
|inactive|babybowserz has 15 seconds left.
|inactive|babybowserz has 10 seconds left.
|inactive|babybowserz has 5 seconds left.
|
|t:|1750864940
|move|p1a: Incineroar|Fake Out||[still]
|-hint|Fake Out only works on your first turn out.
|-fail|p1a: Incineroar
|move|p1b: Zacian|Sacred Sword|p2a: Arcanine
|-damage|p2a: Arcanine|38/100
|move|p2a: Arcanine|Morning Sun|p2a: Arcanine
|-heal|p2a: Arcanine|87/100
|
|-damage|p1b: Zacian|22/100 brn|[from] brn
|upkeep
|turn|15
|inactive|babybowserz has 30 seconds left.
|inactive|babybowserz has 20 seconds left.
|inactive|babybowserz has 15 seconds left.
|inactive|babybowserz has 10 seconds left.
|inactive|babybowserz has 5 seconds left.
|
|t:|1750864995
|move|p1a: Incineroar|Fake Out||[still]
|-hint|Fake Out only works on your first turn out.
|-fail|p1a: Incineroar
|move|p1b: Zacian|Sacred Sword|p2a: Arcanine
|-damage|p2a: Arcanine|72/100
|move|p2a: Arcanine|Flamethrower|p1a: Incineroar
|-resisted|p1a: Incineroar
|-damage|p1a: Incineroar|60/100
|
|-damage|p1b: Zacian|16/100 brn|[from] brn
|upkeep
|turn|16
|inactive|babybowserz has 30 seconds left.
|inactive|babybowserz has 20 seconds left.
|inactive|babybowserz has 15 seconds left.
|inactive|babybowserz has 10 seconds left.
|inactive|babybowserz has 5 seconds left.
|
|t:|1750865050
|move|p1a: Incineroar|Fake Out||[still]
|-hint|Fake Out only works on your first turn out.
|-fail|p1a: Incineroar
|move|p1b: Zacian|Sacred Sword|p2a: Arcanine
|-damage|p2a: Arcanine|56/100
|move|p2a: Arcanine|Flamethrower|p1a: Incineroar
|-resisted|p1a: Incineroar
|-damage|p1a: Incineroar|54/100
|
|-damage|p1b: Zacian|10/100 brn|[from] brn
|upkeep
|turn|17
|inactive|babybowserz has 5 seconds left this turn.
|-message|babybowserz lost due to inactivity.
|
|win|Bruno Emerson
|raw|babybowserz's rating: 1115 &rarr; <strong>1087</strong><br />(-28 for losing)
|raw|Bruno Emerson's rating: 1077 &rarr; <strong>1109</strong><br />(+32 for winning)
|l|☆Bruno Emerson
|player|p2|
|j|☆Bruno Emerson
|player|p2|Bruno Emerson|169|
|l|☆Bruno Emerson
|player|p2|
