|j|☆Chapignon286
|j|☆Drazen88
|t:|1750720876
|gametype|doubles
|player|p1|Chapignon286|170|1340
|player|p2|Drazen88|170|1247
|teamsize|p1|6
|teamsize|p2|6
|gen|9
|tier|[Gen 9] VGC 2025 Reg I
|rated|
|rule|Species Clause: Limit one of each Pokémon
|rule|Item Clause: Limit 1 of each item
|clearpoke
|poke|p1|Smeargle, L50, M|
|poke|p1|Calyrex-Shadow, L50|
|poke|p1|Miraidon, L50|
|poke|p1|Iron Hands, L50|
|poke|p1|Iron Bundle, L50|
|poke|p1|Ogerpon-Cornerstone, L50, F|
|poke|p2|Kyogre, L50|
|poke|p2|Miraidon, L50|
|poke|p2|Snorlax, L50, M|
|poke|p2|Basculegion-F, L50, F|
|poke|p2|Gholdengo, L50|
|poke|p2|Whimsicott, L50, F|
|teampreview|4
|
|t:|1750720920
|start
|switch|p1a: Iron Hands|Iron Hands, L50|100/100
|switch|p1b: Miraidon|Miraidon, L50|100/100
|switch|p2a: Whimsicott|Whimsicott, L50, F|100/100
|switch|p2b: Miraidon|Miraidon, L50|100/100
|-fieldstart|move: Electric Terrain|[from] ability: Hadron Engine|[of] p2b: Miraidon
|-activate|p1a: Iron Hands|ability: Quark Drive
|-start|p1a: Iron Hands|quarkdriveatk
|-activate|p1b: Miraidon|ability: Hadron Engine
|turn|1
|
|t:|1750720956
|-terastallize|p2b: Miraidon|Fairy
|move|p1b: Miraidon|Protect|p1b: Miraidon
|-singleturn|p1b: Miraidon|Protect
|move|p2a: Whimsicott|Tailwind|p2a: Whimsicott
|-sidestart|p2: Drazen88|move: Tailwind
|move|p2b: Miraidon|Dazzling Gleam|p1a: Iron Hands|[spread] p1a
|-activate|p1b: Miraidon|move: Protect
|-supereffective|p1a: Iron Hands
|-damage|p1a: Iron Hands|40/100
|move|p1a: Iron Hands|Drain Punch|p2b: Miraidon
|-resisted|p2b: Miraidon
|-damage|p2b: Miraidon|71/100
|-heal|p1a: Iron Hands|51/100|[from] drain|[of] p2b: Miraidon
|
|upkeep
|turn|2
|
|t:|1750720990
|switch|p1b: Ogerpon|Ogerpon-Cornerstone, L50, F|100/100
|-terastallize|p1a: Iron Hands|Fire
|move|p2b: Miraidon|Dazzling Gleam|p1a: Iron Hands|[spread] p1a,p1b
|-resisted|p1a: Iron Hands
|-damage|p1a: Iron Hands|34/100
|-damage|p1b: Ogerpon|27/100
|move|p2a: Whimsicott|Moonblast|p1a: Iron Hands
|-resisted|p1a: Iron Hands
|-damage|p1a: Iron Hands|25/100
|move|p1a: Iron Hands|Wild Charge|p2b: Miraidon
|-damage|p2b: Miraidon|0 fnt
|faint|p2b: Miraidon
|-damage|p1a: Iron Hands|12/100|[from] Recoil
|
|upkeep
|
|t:|1750721007
|switch|p2b: Kyogre|Kyogre, L50|100/100
|-weather|RainDance|[from] ability: Drizzle|[of] p2b: Kyogre
|turn|3
|
|t:|1750721022
|-end|p1a: Iron Hands|Quark Drive|[silent]
|switch|p1a: Calyrex|Calyrex-Shadow, L50|100/100
|-ability|p1a: Calyrex|As One
|-ability|p1a: Calyrex|Unnerve
|move|p1b: Ogerpon|Spiky Shield|p1b: Ogerpon
|-singleturn|p1b: Ogerpon|move: Protect
|move|p2a: Whimsicott|Moonblast|p1b: Ogerpon
|-activate|p1b: Ogerpon|move: Protect
|move|p2b: Kyogre|Origin Pulse|p1a: Calyrex|[spread] 
|-activate|p1b: Ogerpon|move: Protect
|-miss|p2b: Kyogre|p1a: Calyrex
|
|-weather|RainDance|[upkeep]
|upkeep
|turn|4
|
|t:|1750721048
|move|p2a: Whimsicott|Moonblast|p1a: Calyrex
|-damage|p1a: Calyrex|67/100
|move|p2b: Kyogre|Water Spout|p1b: Ogerpon|[spread] p1a,p1b
|-damage|p1a: Calyrex|0 fnt
|-damage|p1b: Ogerpon|0 fnt
|faint|p1a: Calyrex
|faint|p1b: Ogerpon
|
|-weather|RainDance|[upkeep]
|-sideend|p2: Drazen88|move: Tailwind
|upkeep
|
|t:|1750721052
|switch|p1a: Iron Hands|Iron Hands, L50, tera:Fire|12/100
|switch|p1b: Miraidon|Miraidon, L50|100/100
|-activate|p1b: Miraidon|ability: Hadron Engine
|-activate|p1a: Iron Hands|ability: Quark Drive
|-start|p1a: Iron Hands|quarkdriveatk
|turn|5
|
|t:|1750721070
|move|p1a: Iron Hands|Fake Out|p2a: Whimsicott
|-damage|p2a: Whimsicott|70/100
|cant|p2a: Whimsicott|flinch
|move|p1b: Miraidon|Electro Drift|p2a: Whimsicott
|-resisted|p2a: Whimsicott
|-damage|p2a: Whimsicott|0 fnt
|faint|p2a: Whimsicott
|-damage|p1b: Miraidon|91/100|[from] item: Life Orb
|move|p2b: Kyogre|Water Spout|p1b: Miraidon|[spread] p1a,p1b
|-supereffective|p1a: Iron Hands
|-resisted|p1b: Miraidon
|-damage|p1a: Iron Hands|0 fnt
|-damage|p1b: Miraidon|36/100
|faint|p1a: Iron Hands
|-end|p1a: Iron Hands|Quark Drive|[silent]
|
|-weather|RainDance|[upkeep]
|-fieldend|move: Electric Terrain
|upkeep
|
|t:|1750721085
|switch|p2a: Basculegion|Basculegion-F, L50, F|100/100
|turn|6
|
|t:|1750721097
|move|p1b: Miraidon|Protect|p1b: Miraidon
|-singleturn|p1b: Miraidon|Protect
|move|p2b: Kyogre|Ice Beam|p1b: Miraidon
|-activate|p1b: Miraidon|move: Protect
|move|p2a: Basculegion|Ice Beam|p1b: Miraidon
|-activate|p1b: Miraidon|move: Protect
|
|-weather|RainDance|[upkeep]
|upkeep
|turn|7
|
|t:|1750721108
|move|p1b: Miraidon|Electro Drift|p2b: Kyogre
|-supereffective|p2b: Kyogre
|-damage|p2b: Kyogre|0 fnt
|faint|p2b: Kyogre
|-damage|p1b: Miraidon|27/100|[from] item: Life Orb
|move|p2a: Basculegion|Ice Beam|p1b: Miraidon
|-supereffective|p1b: Miraidon
|-damage|p1b: Miraidon|0 fnt
|faint|p1b: Miraidon
|
|win|Drazen88
|raw|Chapignon286's rating: 1340 &rarr; <strong>1315</strong><br />(-25 for losing)
|raw|Drazen88's rating: 1247 &rarr; <strong>1279</strong><br />(+32 for winning)
|c|☆Chapignon286|gg
|c|☆Drazen88|gg
|l|☆Drazen88
|player|p2|
|l|☆Chapignon286
|player|p1|
