|j|☆Edbbbb
|j|☆not vgc lugia
|t:|1750842481
|gametype|doubles
|player|p1|Edbbbb|swimmerf-gen4dp|1477
|player|p2|not vgc lugia|ethan|1492
|teamsize|p1|6
|teamsize|p2|6
|gen|9
|tier|[Gen 9] VGC 2025 Reg I
|rated|
|rule|Species Clause: Limit one of each Pokémon
|rule|Item Clause: Limit 1 of each item
|clearpoke
|poke|p1|Lunala, L50|
|poke|p1|Ursaluna, L50, M|
|poke|p1|Urshifu-*, L50, M|
|poke|p1|Miraidon, L50|
|poke|p1|Grimmsnarl, L50, M|
|poke|p1|Incineroar, L50, M|
|poke|p2|Lugia, L50|
|poke|p2|Miraidon, L50|
|poke|p2|Chien-Pao, L50|
|poke|p2|Iron Hands, L50|
|poke|p2|Ogerpon-Wellspring, L50, F|
|poke|p2|Entei, L50|
|teampreview|4
|inactive|Battle timer is ON: inactive players will automatically lose when time's up. (requested by not vgc lugia)
|inactive|Edbbbb has 60 seconds left.
|inactive|not vgc lugia has 60 seconds left.
|inactive|not vgc lugia has 30 seconds left.
|inactive|not vgc lugia has 20 seconds left.
|inactive|not vgc lugia has 15 seconds left.
|inactive|not vgc lugia has 10 seconds left.
|
|t:|1750842563
|start
|switch|p1a: Lunala|Lunala, L50, shiny|100/100
|switch|p1b: Miraidon|Miraidon, L50|100/100
|switch|p2a: Miraidon|Miraidon, L50|100/100
|switch|p2b: Iron Hands|Iron Hands, L50|100/100
|-fieldstart|move: Electric Terrain|[from] ability: Hadron Engine|[of] p2a: Miraidon
|-enditem|p1a: Lunala|Electric Seed
|-boost|p1a: Lunala|def|1|[from] item: Electric Seed
|-activate|p2b: Iron Hands|ability: Quark Drive
|-start|p2b: Iron Hands|quarkdriveatk
|-activate|p1b: Miraidon|ability: Hadron Engine
|turn|1
|inactive|Edbbbb has 30 seconds left.
|inactive|not vgc lugia has 30 seconds left.
|inactive|Edbbbb has 20 seconds left.
|inactive|not vgc lugia has 20 seconds left.
|
|t:|1750842601
|switch|p1b: Incineroar|Incineroar, L50, M, shiny|100/100
|-ability|p1b: Incineroar|Intimidate|boost
|-unboost|p2a: Miraidon|atk|1
|-unboost|p2b: Iron Hands|atk|1
|-terastallize|p2a: Miraidon|Fairy
|move|p2b: Iron Hands|Fake Out|p1b: Incineroar
|-damage|p1b: Incineroar|92/100
|-damage|p2b: Iron Hands|84/100|[from] item: Rocky Helmet|[of] p1b: Incineroar
|move|p2a: Miraidon|Snarl|p1b: Incineroar|[spread] p1a,p1b
|-supereffective|p1a: Lunala
|-resisted|p1b: Incineroar
|-damage|p1a: Lunala|72/100
|-damage|p1b: Incineroar|83/100
|-unboost|p1a: Lunala|spa|1
|-unboost|p1b: Incineroar|spa|1
|move|p1a: Lunala|Moongeist Beam|p2b: Iron Hands
|-damage|p2b: Iron Hands|64/100
|
|upkeep
|turn|2
|
|t:|1750842624
|move|p1a: Lunala|Wide Guard|p1a: Lunala
|-singleturn|p1a: Lunala|Wide Guard
|move|p2a: Miraidon|Snarl|p1b: Incineroar|[spread] 
|-activate|p1a: Lunala|move: Wide Guard
|-activate|p1b: Incineroar|move: Wide Guard
|move|p1b: Incineroar|Will-O-Wisp|p2b: Iron Hands|[miss]
|-miss|p1b: Incineroar|p2b: Iron Hands
|move|p2b: Iron Hands|Drain Punch|p1b: Incineroar
|-supereffective|p1b: Incineroar
|-damage|p1b: Incineroar|32/100
|-heal|p2b: Iron Hands|85/100|[from] drain|[of] p1b: Incineroar
|-damage|p2b: Iron Hands|69/100|[from] item: Rocky Helmet|[of] p1b: Incineroar
|
|upkeep
|turn|3
|inactive|not vgc lugia has 30 seconds left.
|inactive|Edbbbb has 30 seconds left.
|inactive|not vgc lugia has 20 seconds left.
|
|t:|1750842662
|switch|p2a: Ogerpon|Ogerpon-Wellspring, L50, F|100/100
|-terastallize|p1a: Lunala|Fairy
|move|p1b: Incineroar|Parting Shot|p2a: Ogerpon
|-unboost|p2a: Ogerpon|atk|1
|-unboost|p2a: Ogerpon|spa|1
|
|t:|1750842669
|switch|p1b: Ursaluna|Ursaluna, L50, M, shiny|100/100|[from] Parting Shot
|move|p2b: Iron Hands|Wild Charge|p1a: Lunala
|-damage|p1a: Lunala|41/100
|-damage|p2b: Iron Hands|62/100|[from] Recoil
|move|p1a: Lunala|Trick Room|p1a: Lunala
|-fieldstart|move: Trick Room|[of] p1a: Lunala
|
|-status|p1b: Ursaluna|brn|[from] item: Flame Orb
|upkeep
|turn|4
|
|t:|1750842690
|move|p1b: Ursaluna|Facade|p2b: Iron Hands
|-damage|p2b: Iron Hands|0 fnt
|faint|p2b: Iron Hands
|-end|p2b: Iron Hands|Quark Drive|[silent]
|move|p1a: Lunala|Moongeist Beam|p2a: Ogerpon
|-damage|p2a: Ogerpon|56/100
|move|p2a: Ogerpon|Ivy Cudgel|p1b: Ursaluna|[anim] Ivy Cudgel Water
|-supereffective|p1b: Ursaluna
|-crit|p1b: Ursaluna
|-damage|p1b: Ursaluna|0 fnt
|faint|p1b: Ursaluna
|
|upkeep
|
|t:|1750842698
|switch|p1b: Incineroar|Incineroar, L50, M, shiny|32/100
|switch|p2b: Miraidon|Miraidon, L50, tera:Fairy|100/100
|-ability|p1b: Incineroar|Intimidate|boost
|-unboost|p2a: Ogerpon|atk|1
|-unboost|p2b: Miraidon|atk|1
|-activate|p2b: Miraidon|ability: Hadron Engine
|turn|5
|
|t:|1750842713
|move|p1b: Incineroar|Parting Shot|p2a: Ogerpon
|-unboost|p2a: Ogerpon|atk|1
|-unboost|p2a: Ogerpon|spa|1
|
|t:|1750842716
|switch|p1b: Miraidon|Miraidon, L50|100/100|[from] Parting Shot
|-activate|p1b: Miraidon|ability: Hadron Engine
|move|p1a: Lunala|Moongeist Beam|p2b: Miraidon
|-damage|p2b: Miraidon|69/100
|move|p2a: Ogerpon|Ivy Cudgel|p1b: Miraidon|[anim] Ivy Cudgel Water
|-resisted|p1b: Miraidon
|-damage|p1b: Miraidon|93/100
|move|p2b: Miraidon|Volt Switch|p1a: Lunala
|-damage|p1a: Lunala|0 fnt
|faint|p1a: Lunala
|
|t:|1750842730
|switch|p2b: Chien-Pao|Chien-Pao, L50|100/100|[from] Volt Switch
|-ability|p2b: Chien-Pao|Sword of Ruin
|
|-fieldend|move: Electric Terrain
|upkeep
|
|t:|1750842733
|switch|p1a: Incineroar|Incineroar, L50, M, shiny|32/100
|-ability|p1a: Incineroar|Intimidate|boost
|-unboost|p2a: Ogerpon|atk|1
|-unboost|p2b: Chien-Pao|atk|1
|turn|6
|
|t:|1750842746
|move|p2a: Ogerpon|Spiky Shield|p2a: Ogerpon
|-singleturn|p2a: Ogerpon|move: Protect
|move|p2b: Chien-Pao|Protect|p2b: Chien-Pao
|-singleturn|p2b: Chien-Pao|Protect
|move|p1a: Incineroar|Fake Out|p2b: Chien-Pao
|-activate|p2b: Chien-Pao|move: Protect
|move|p1b: Miraidon|Electro Drift|p2a: Ogerpon
|-activate|p2a: Ogerpon|move: Protect
|-damage|p1b: Miraidon|81/100|[from] Spiky Shield|[of] p2a: Ogerpon
|
|upkeep
|turn|7
|
|t:|1750842769
|switch|p2b: Miraidon|Miraidon, L50, tera:Fairy|69/100
|-fieldstart|move: Electric Terrain|[from] ability: Hadron Engine|[of] p2b: Miraidon
|move|p1a: Incineroar|Knock Off|p2b: Miraidon
|-resisted|p2b: Miraidon
|-damage|p2b: Miraidon|54/100
|-enditem|p2b: Miraidon|Choice Scarf|[from] move: Knock Off|[of] p1a: Incineroar
|move|p2a: Ogerpon|Ivy Cudgel|p1a: Incineroar|[anim] Ivy Cudgel Water
|-supereffective|p1a: Incineroar
|-damage|p1a: Incineroar|10/100
|move|p1b: Miraidon|Electro Drift|p2b: Miraidon
|-damage|p2b: Miraidon|0 fnt
|faint|p2b: Miraidon
|
|-fieldend|move: Trick Room
|upkeep
|
|t:|1750842782
|switch|p2b: Chien-Pao|Chien-Pao, L50|100/100
|-ability|p2b: Chien-Pao|Sword of Ruin
|turn|8
|
|t:|1750842796
|move|p2b: Chien-Pao|Icicle Crash|p1b: Miraidon
|-supereffective|p1b: Miraidon
|-damage|p1b: Miraidon|0 fnt
|faint|p1b: Miraidon
|move|p2a: Ogerpon|Ivy Cudgel|p1a: Incineroar|[anim] Ivy Cudgel Water
|-supereffective|p1a: Incineroar
|-damage|p1a: Incineroar|0 fnt
|faint|p1a: Incineroar
|
|win|not vgc lugia
|raw|Edbbbb's rating: 1477 &rarr; <strong>1458</strong><br />(-19 for losing)
|raw|not vgc lugia's rating: 1492 &rarr; <strong>1511</strong><br />(+19 for winning)
|l|☆Edbbbb
|player|p1|
|l|☆not vgc lugia
|player|p2|
