|j|☆khoa idk
|j|☆Veejee165
|t:|1750747138
|gametype|doubles
|player|p1|khoa idk|benga|1207
|player|p2|Veejee165|1|1164
|teamsize|p1|6
|teamsize|p2|6
|gen|9
|tier|[Gen 9] VGC 2025 Reg I
|rated|
|rule|Species Clause: Limit one of each Pokémon
|rule|Item Clause: Limit 1 of each item
|clearpoke
|poke|p1|Pelipper, L50, M|
|poke|p1|Zamazenta-*, L50|
|poke|p1|Iron Hands, L50|
|poke|p1|Clefairy, L50, F|
|poke|p1|Calyrex-Shadow, L50|
|poke|p1|Urshifu-*, L50, M|
|poke|p2|Calyrex-Ice, L50|
|poke|p2|Scraggy, L50, F|
|poke|p2|Miraidon, L50|
|poke|p2|Iron Hands, L50|
|poke|p2|Iron Treads, L50|
|poke|p2|Iron Valiant, L50|
|teampreview|4
|inactive|Battle timer is ON: inactive players will automatically lose when time's up. (requested by Veejee165)
|
|t:|1750747165
|start
|switch|p1a: Zamazenta|Zamazenta-Crowned, L50|100/100
|switch|p1b: Iron Hands|Iron Hands, L50|100/100
|switch|p2a: Scraggy|Scraggy, L50, F|100/100
|switch|p2b: Calyrex|Calyrex-Ice, L50|100/100
|-ability|p2b: Calyrex|As One
|-ability|p2b: Calyrex|Unnerve
|-ability|p1a: Zamazenta|Dauntless Shield|boost
|-boost|p1a: Zamazenta|def|1
|-ability|p2a: Scraggy|Intimidate|boost
|-unboost|p1a: Zamazenta|atk|1
|-unboost|p1b: Iron Hands|atk|1
|turn|1
|inactive|Veejee165 has 30 seconds left.
|inactive|Veejee165 has 20 seconds left.
|inactive|Veejee165 has 15 seconds left.
|
|t:|1750747205
|-terastallize|p2b: Calyrex|Fire
|move|p1b: Iron Hands|Fake Out|p2b: Calyrex
|-damage|p2b: Calyrex|94/100
|move|p2a: Scraggy|Fake Out|p1a: Zamazenta
|-resisted|p1a: Zamazenta
|-damage|p1a: Zamazenta|99/100
|cant|p1a: Zamazenta|flinch
|cant|p2b: Calyrex|flinch
|
|upkeep
|turn|2
|
|t:|1750747228
|move|p1a: Zamazenta|Iron Defense|p1a: Zamazenta
|-boost|p1a: Zamazenta|def|2
|move|p1b: Iron Hands|Close Combat|p2a: Scraggy
|-supereffective|p2a: Scraggy
|-damage|p2a: Scraggy|20/100
|-unboost|p1b: Iron Hands|def|1
|-unboost|p1b: Iron Hands|spd|1
|move|p2b: Calyrex|High Horsepower|p1a: Zamazenta
|-supereffective|p1a: Zamazenta
|-damage|p1a: Zamazenta|78/100
|move|p2a: Scraggy|Coaching|p2b: Calyrex
|-boost|p2b: Calyrex|atk|1
|-boost|p2b: Calyrex|def|1
|
|upkeep
|turn|3
|inactive|Veejee165 has 30 seconds left.
|
|t:|1750747261
|switch|p2a: Miraidon|Miraidon, L50|100/100
|-fieldstart|move: Electric Terrain|[from] ability: Hadron Engine|[of] p2a: Miraidon
|-activate|p1b: Iron Hands|ability: Quark Drive
|-start|p1b: Iron Hands|quarkdriveatk
|-terastallize|p1a: Zamazenta|Water
|move|p1a: Zamazenta|Body Press|p2b: Calyrex
|-damage|p2b: Calyrex|48/100
|move|p1b: Iron Hands|Drain Punch|p2a: Miraidon
|-damage|p2a: Miraidon|67/100
|move|p2b: Calyrex|High Horsepower|p1a: Zamazenta
|-damage|p1a: Zamazenta|65/100
|
|upkeep
|turn|4
|inactive|Veejee165 has 30 seconds left.
|
|t:|1750747288
|-end|p1b: Iron Hands|Quark Drive|[silent]
|switch|p1b: Clefairy|Clefairy, L50, F|100/100
|move|p2b: Calyrex|Protect|p2b: Calyrex
|-singleturn|p2b: Calyrex|Protect
|move|p2a: Miraidon|Volt Switch|p1a: Zamazenta
|-supereffective|p1a: Zamazenta
|-damage|p1a: Zamazenta|0 fnt
|faint|p1a: Zamazenta
|
|t:|1750747296
|switch|p2a: Scraggy|Scraggy, L50, F|20/100|[from] Volt Switch
|-ability|p2a: Scraggy|Intimidate|boost
|-unboost|p1b: Clefairy|atk|1
|
|upkeep
|
|t:|1750747301
|switch|p1a: Iron Hands|Iron Hands, L50|100/100
|-activate|p1a: Iron Hands|ability: Quark Drive
|-start|p1a: Iron Hands|quarkdriveatk
|turn|5
|
|t:|1750747313
|switch|p2b: Miraidon|Miraidon, L50|67/100
|-activate|p2b: Miraidon|ability: Hadron Engine
|move|p1b: Clefairy|Helping Hand|p1a: Iron Hands
|-singleturn|p1a: Iron Hands|Helping Hand|[of] p1b: Clefairy
|move|p1a: Iron Hands|Fake Out|p2b: Miraidon
|-damage|p2b: Miraidon|41/100
|move|p2a: Scraggy|Foul Play|p1a: Iron Hands
|-resisted|p1a: Iron Hands
|-damage|p1a: Iron Hands|89/100
|
|upkeep
|turn|6
|
|t:|1750747338
|move|p2b: Miraidon|Volt Switch|p1b: Clefairy
|-damage|p1b: Clefairy|26/100
|
|t:|1750747342
|switch|p2b: Calyrex|Calyrex-Ice, L50, tera:Fire|48/100|[from] Volt Switch
|-ability|p2b: Calyrex|As One
|-ability|p2b: Calyrex|Unnerve
|move|p1a: Iron Hands|Drain Punch|p2a: Scraggy
|-supereffective|p2a: Scraggy
|-damage|p2a: Scraggy|0 fnt
|-heal|p1a: Iron Hands|93/100|[from] drain|[of] p2a: Scraggy
|faint|p2a: Scraggy
|move|p1b: Clefairy|Heal Pulse|p1a: Iron Hands
|-heal|p1a: Iron Hands|100/100
|
|upkeep
|
|t:|1750747357
|switch|p2a: Iron Valiant|Iron Valiant, L50|100/100
|-activate|p2a: Iron Valiant|ability: Quark Drive
|-start|p2a: Iron Valiant|quarkdrivespe
|turn|7
|inactive|Veejee165 has 30 seconds left.
|inactive|khoa idk has 30 seconds left.
|inactive|Veejee165 has 20 seconds left.
|
|t:|1750747394
|move|p1b: Clefairy|Follow Me|p1b: Clefairy
|-singleturn|p1b: Clefairy|move: Follow Me
|move|p2a: Iron Valiant|Moonblast|p1b: Clefairy
|-damage|p1b: Clefairy|0 fnt
|faint|p1b: Clefairy
|move|p1a: Iron Hands|Drain Punch|p2b: Calyrex
|-damage|p2b: Calyrex|12/100
|move|p2b: Calyrex|High Horsepower|p1a: Iron Hands
|-supereffective|p1a: Iron Hands
|-damage|p1a: Iron Hands|51/100
|
|-fieldend|move: Electric Terrain
|-end|p2a: Iron Valiant|Quark Drive
|-end|p1a: Iron Hands|Quark Drive
|upkeep
|
|t:|1750747403
|switch|p1b: Urshifu|Urshifu-Rapid-Strike, L50, M|100/100
|turn|8
|
|t:|1750747411
|switch|p2b: Miraidon|Miraidon, L50|41/100
|-fieldstart|move: Electric Terrain|[from] ability: Hadron Engine|[of] p2b: Miraidon
|-activate|p2a: Iron Valiant|ability: Quark Drive
|-start|p2a: Iron Valiant|quarkdrivespe
|-activate|p1a: Iron Hands|ability: Quark Drive
|-start|p1a: Iron Hands|quarkdriveatk
|move|p1b: Urshifu|Aqua Jet|p2b: Miraidon
|-resisted|p2b: Miraidon
|-damage|p2b: Miraidon|31/100
|move|p2a: Iron Valiant|Moonblast|p1b: Urshifu
|-supereffective|p1b: Urshifu
|-damage|p1b: Urshifu|0 fnt
|faint|p1b: Urshifu
|move|p1a: Iron Hands|Close Combat|p2a: Iron Valiant
|-resisted|p2a: Iron Valiant
|-damage|p2a: Iron Valiant|41/100
|-unboost|p1a: Iron Hands|def|1
|-unboost|p1a: Iron Hands|spd|1
|
|upkeep
|turn|9
|-message|khoa idk forfeited.
|
|win|Veejee165
|raw|khoa idk's rating: 1207 &rarr; <strong>1179</strong><br />(-28 for losing)
|raw|Veejee165's rating: 1164 &rarr; <strong>1192</strong><br />(+28 for winning)
|l|☆khoa idk
|player|p1|
|l|☆Veejee165
|player|p2|
