|j|☆Torrmentor20
|j|☆klanes1209
|t:|1750829944
|gametype|doubles
|player|p1|Torrmentor20|benga|1099
|player|p2|klanes1209|266|1194
|teamsize|p1|6
|teamsize|p2|6
|gen|9
|tier|[Gen 9] VGC 2025 Reg I
|rated|
|rule|Species Clause: Limit one of each Pokémon
|rule|Item Clause: Limit 1 of each item
|clearpoke
|poke|p1|Corviknight, L50, F|
|poke|p1|Indeedee-F, L50, F|
|poke|p1|Dragonite, L50, M|
|poke|p1|Slowking-Galar, L50, F|
|poke|p1|Calyrex-Ice, L50|
|poke|p1|Giratina, L50|
|poke|p2|Calyrex-Shadow, L50|
|poke|p2|Zamazenta-*, L50|
|poke|p2|Rillaboom, L50, F|
|poke|p2|Smeargle, L50, M|
|poke|p2|Whimsicott, L50, M|
|poke|p2|Chi-Yu, L50|
|teampreview|4
|inactive|Battle timer is ON: inactive players will automatically lose when time's up. (requested by Torrmentor20)
|inactive|Torrmentor20 has 60 seconds left.
|inactive|klanes1209 has 60 seconds left.
|
|t:|1750829989
|start
|switch|p1a: Indeedee|Indeedee-F, L50, F, shiny|100/100
|switch|p1b: Giratina|Giratina, L50, shiny|100/100
|switch|p2a: Chi-Yu|Chi-Yu, L50|100/100
|switch|p2b: Smeargle|Smeargle, L50, M|100/100
|-ability|p2a: Chi-Yu|Beads of Ruin
|-fieldstart|move: Psychic Terrain|[from] ability: Psychic Surge|[of] p1a: Indeedee
|-enditem|p1a: Indeedee|Psychic Seed
|-boost|p1a: Indeedee|spd|1|[from] item: Psychic Seed
|-ability|p1b: Giratina|Pressure
|turn|1
|inactive|Torrmentor20 has 30 seconds left.
|inactive|klanes1209 has 30 seconds left.
|inactive|klanes1209 has 20 seconds left.
|inactive|Torrmentor20 has 20 seconds left.
|inactive|klanes1209 has 15 seconds left.
|inactive|Torrmentor20 has 15 seconds left.
|
|t:|1750830034
|switch|p1b: Calyrex|Calyrex-Ice, L50|100/100
|-ability|p1b: Calyrex|As One
|-ability|p1b: Calyrex|Unnerve
|move|p2a: Chi-Yu|Dark Pulse|p1a: Indeedee
|-supereffective|p1a: Indeedee
|-damage|p1a: Indeedee|21/100
|move|p2b: Smeargle|Spore|p1b: Calyrex
|-status|p1b: Calyrex|slp|[from] move: Spore
|move|p1a: Indeedee|Trick Room|p1a: Indeedee
|-fieldstart|move: Trick Room|[of] p1a: Indeedee
|
|-ability|p2b: Smeargle|Moody|boost
|-boost|p2b: Smeargle|spd|2
|-unboost|p2b: Smeargle|atk|1
|upkeep
|turn|2
|inactive|klanes1209 has 30 seconds left.
|inactive|klanes1209 has 20 seconds left.
|
|t:|1750830070
|switch|p2b: Zamazenta|Zamazenta-Crowned, L50|100/100
|-ability|p2b: Zamazenta|Dauntless Shield|boost
|-boost|p2b: Zamazenta|def|1
|cant|p1b: Calyrex|slp
|move|p1a: Indeedee|Psychic|p2b: Zamazenta
|-damage|p2b: Zamazenta|52/100
|move|p2a: Chi-Yu|Dark Pulse|p1b: Calyrex
|-supereffective|p1b: Calyrex
|-damage|p1b: Calyrex|36/100 slp
|
|upkeep
|turn|3
|
|t:|1750830095
|-terastallize|p1b: Calyrex|Water
|move|p2b: Zamazenta|Protect|p2b: Zamazenta
|-singleturn|p2b: Zamazenta|Protect
|-curestatus|p1b: Calyrex|slp|[msg]
|move|p1b: Calyrex|High Horsepower|p2a: Chi-Yu
|-supereffective|p2a: Chi-Yu
|-damage|p2a: Chi-Yu|0 fnt
|faint|p2a: Chi-Yu
|-ability|p1b: Calyrex|Chilling Neigh|boost
|-boost|p1b: Calyrex|atk|1
|move|p1a: Indeedee|Psychic|p2b: Zamazenta
|-activate|p2b: Zamazenta|move: Protect
|
|upkeep
|
|t:|1750830112
|switch|p2a: Smeargle|Smeargle, L50, M|100/100
|turn|4
|
|t:|1750830131
|switch|p2b: Calyrex|Calyrex-Shadow, L50|100/100
|-ability|p2b: Calyrex|As One
|-ability|p2b: Calyrex|Unnerve
|move|p1b: Calyrex|High Horsepower|p2b: Calyrex
|-crit|p2b: Calyrex
|-damage|p2b: Calyrex|1/100
|move|p1a: Indeedee|Psychic|p2a: Smeargle
|-enditem|p2a: Smeargle|Focus Sash
|-damage|p2a: Smeargle|1/100
|-unboost|p2a: Smeargle|spd|1
|move|p2a: Smeargle|Decorate|p2b: Calyrex
|-boost|p2b: Calyrex|atk|2
|-boost|p2b: Calyrex|spa|2
|
|-ability|p2a: Smeargle|Moody|boost
|-boost|p2a: Smeargle|spd|2
|-unboost|p2a: Smeargle|def|1
|upkeep
|turn|5
|inactive|Torrmentor20 has 30 seconds left.
|inactive|klanes1209 has 30 seconds left.
|
|t:|1750830162
|move|p2b: Calyrex|Protect|p2b: Calyrex
|-singleturn|p2b: Calyrex|Protect
|move|p1b: Calyrex|Glacial Lance|p2b: Calyrex|[spread] p2a
|-activate|p2b: Calyrex|move: Protect
|-damage|p2a: Smeargle|0 fnt
|faint|p2a: Smeargle
|-ability|p1b: Calyrex|Chilling Neigh|boost
|-boost|p1b: Calyrex|atk|1
|move|p1a: Indeedee|Psychic|p2b: Calyrex
|-activate|p2b: Calyrex|move: Protect
|
|-fieldend|move: Trick Room
|-fieldend|move: Psychic Terrain
|upkeep
|
|t:|1750830176
|switch|p2a: Zamazenta|Zamazenta-Crowned, L50|52/100
|turn|6
|
|t:|1750830190
|move|p2b: Calyrex|Astral Barrage|p1a: Indeedee|[spread] p1b
|-immune|p1a: Indeedee
|-damage|p1b: Calyrex|0 fnt
|faint|p1b: Calyrex
|-ability|p2b: Calyrex|Grim Neigh|boost
|-boost|p2b: Calyrex|spa|1
|move|p2a: Zamazenta|Body Press|p1a: Indeedee
|-damage|p1a: Indeedee|0 fnt
|faint|p1a: Indeedee
|
|upkeep
|
|t:|1750830204
|switch|p1a: Dragonite|Dragonite, L50, M, shiny|100/100
|switch|p1b: Giratina|Giratina, L50, shiny|100/100
|-ability|p1b: Giratina|Pressure
|turn|7
|inactive|Torrmentor20 has 30 seconds left.
|
|t:|1750830232
|move|p2b: Calyrex|Protect|p2b: Calyrex
|-singleturn|p2b: Calyrex|Protect
|move|p1b: Giratina|Protect|p1b: Giratina
|-singleturn|p1b: Giratina|Protect
|move|p2a: Zamazenta|Heavy Slam|p1b: Giratina
|-activate|p1b: Giratina|move: Protect
|move|p1a: Dragonite|Outrage|p2b: Calyrex
|-activate|p2b: Calyrex|move: Protect
|
|upkeep
|turn|8
|
|t:|1750830256
|move|p2b: Calyrex|Psychic|p1a: Dragonite
|-damage|p1a: Dragonite|0 fnt
|faint|p1a: Dragonite
|-ability|p2b: Calyrex|Grim Neigh|boost
|-boost|p2b: Calyrex|spa|1
|move|p2a: Zamazenta|Heavy Slam|p1b: Giratina
|-damage|p1b: Giratina|90/100
|move|p1b: Giratina|Breaking Swipe|p2a: Zamazenta|[spread] p2a,p2b
|-resisted|p2a: Zamazenta
|-damage|p2a: Zamazenta|45/100
|-damage|p2b: Calyrex|0 fnt
|-unboost|p2a: Zamazenta|atk|1
|faint|p2b: Calyrex
|
|upkeep
|turn|9
|-message|klanes1209 forfeited.
|
|win|Torrmentor20
|raw|Torrmentor20's rating: 1099 &rarr; <strong>1131</strong><br />(+32 for winning)
|raw|klanes1209's rating: 1194 &rarr; <strong>1162</strong><br />(-32 for losing)
|l|☆klanes1209
|player|p2|
|l|☆Torrmentor20
|player|p1|
