|j|☆xxcaptainarchiexx
|j|☆LaserRL
|t:|1750835622
|gametype|doubles
|player|p1|xxcaptainarchiexx|2|1452
|player|p2|LaserRL|n-masters3|1442
|teamsize|p1|6
|teamsize|p2|6
|gen|9
|tier|[Gen 9] VGC 2025 Reg I
|rated|
|rule|Species Clause: Limit one of each Pokémon
|rule|Item Clause: Limit 1 of each item
|clearpoke
|poke|p1|Calyrex-Ice, L50|
|poke|p1|Miraidon, L50|
|poke|p1|Grimmsnarl, L50, M|
|poke|p1|Urshifu-*, L50, M|
|poke|p1|Incineroar, L50, M|
|poke|p1|Landorus, L50, M|
|poke|p2|Calyrex-Ice, L50|
|poke|p2|Kyogre, L50|
|poke|p2|Smeargle, L50, F|
|poke|p2|Torkoal, L50, M|
|poke|p2|Landorus, L50, M|
|poke|p2|Volbeat, L50, M|
|teampreview|4
|inactive|Battle timer is ON: inactive players will automatically lose when time's up. (requested by LaserRL)
|inactive|xxcaptainarchiexx also wants the timer to be on.
|inactive|xxcaptainarchiexx has 60 seconds left.
|inactive|xxcaptainarchiexx has 30 seconds left.
|inactive|xxcaptainarchiexx has 20 seconds left.
|
|t:|1750835696
|start
|switch|p1a: Miraidon|Miraidon, L50|100/100
|switch|p1b: Urshifu|Urshifu-Rapid-Strike, L50, M|100/100
|switch|p2a: honse|Calyrex-Ice, L50|100/100
|switch|p2b: dog|Smeargle, L50, F|100/100
|-ability|p2a: honse|As One
|-ability|p2a: honse|Unnerve
|-fieldstart|move: Electric Terrain|[from] ability: Hadron Engine|[of] p1a: Miraidon
|turn|1
|inactive|xxcaptainarchiexx has 30 seconds left.
|inactive|LaserRL has 30 seconds left.
|inactive|LaserRL has 20 seconds left.
|inactive|LaserRL has 15 seconds left.
|
|t:|1750835741
|-terastallize|p1a: Miraidon|Fairy
|-terastallize|p2b: dog|Ground
|move|p2b: dog|Follow Me|p2b: dog
|-singleturn|p2b: dog|move: Follow Me
|move|p1a: Miraidon|Electro Drift|p2b: dog
|-immune|p2b: dog
|move|p1b: Urshifu|Surging Strikes|p2b: dog
|-supereffective|p2b: dog
|-crit|p2b: dog
|-enditem|p2b: dog|Focus Sash
|-damage|p2b: dog|1/100
|-supereffective|p2b: dog
|-crit|p2b: dog
|-damage|p2b: dog|0 fnt
|faint|p2b: dog
|-hitcount|p2: dog|2
|move|p2a: honse|Glacial Lance|p1a: Miraidon|[spread] p1a,p1b
|-resisted|p1b: Urshifu
|-damage|p1a: Miraidon|43/100
|-damage|p1b: Urshifu|71/100
|
|upkeep
|
|t:|1750835748
|switch|p2b: bug|Volbeat, L50, M, shiny|100/100
|turn|2
|
|t:|1750835761
|move|p2b: bug|Tailwind|p2b: bug
|-sidestart|p2: LaserRL|move: Tailwind
|move|p2a: honse|Glacial Lance|p1a: Miraidon|[spread] p1a,p1b
|-resisted|p1b: Urshifu
|-damage|p1a: Miraidon|0 fnt
|-damage|p1b: Urshifu|40/100
|faint|p1a: Miraidon
|-ability|p2a: honse|Chilling Neigh|boost
|-boost|p2a: honse|atk|1
|move|p1b: Urshifu|Surging Strikes|p2a: honse
|-crit|p2a: honse
|-damage|p2a: honse|77/100
|-crit|p2a: honse
|-damage|p2a: honse|52/100
|-crit|p2a: honse
|-damage|p2a: honse|29/100
|-hitcount|p2a: honse|3
|
|upkeep
|
|t:|1750835764
|switch|p1a: Incineroar|Incineroar, L50, M|100/100
|-ability|p1a: Incineroar|Intimidate|boost
|-unboost|p2a: honse|atk|1
|-unboost|p2b: bug|atk|1
|turn|3
|inactive|LaserRL has 30 seconds left.
|
|t:|1750835792
|move|p2b: bug|Helping Hand|p2a: honse
|-singleturn|p2a: honse|Helping Hand|[of] p2b: bug
|move|p1a: Incineroar|Fake Out|p2a: honse
|-damage|p2a: honse|21/100
|cant|p2a: honse|flinch
|move|p1b: Urshifu|Surging Strikes|p2a: honse
|-crit|p2a: honse
|-damage|p2a: honse|0 fnt
|faint|p2a: honse
|-hitcount|p2: honse|1
|
|upkeep
|
|t:|1750835793
|switch|p2a: fish|Kyogre, L50, shiny|100/100
|-weather|RainDance|[from] ability: Drizzle|[of] p2a: fish
|turn|4
|
|t:|1750835815
|move|p2b: bug|Helping Hand|p2a: fish
|-singleturn|p2a: fish|Helping Hand|[of] p2b: bug
|move|p2a: fish|Water Spout|p1a: Incineroar|[spread] p1a,p1b
|-supereffective|p1a: Incineroar
|-resisted|p1b: Urshifu
|-damage|p1a: Incineroar|0 fnt
|-damage|p1b: Urshifu|0 fnt
|faint|p1a: Incineroar
|faint|p1b: Urshifu
|
|-weather|RainDance|[upkeep]
|upkeep
|
|t:|1750835818
|switch|p1b: Calyrex|Calyrex-Ice, L50|100/100
|-ability|p1b: Calyrex|As One
|-ability|p1b: Calyrex|Unnerve
|turn|5
|
|t:|1750835823
|move|p2b: bug|Helping Hand|p2a: fish
|-singleturn|p2a: fish|Helping Hand|[of] p2b: bug
|move|p2a: fish|Water Spout|p1b: Calyrex
|-damage|p1b: Calyrex|0 fnt
|faint|p1b: Calyrex
|
|win|LaserRL
|raw|xxcaptainarchiexx's rating: 1452 &rarr; <strong>1431</strong><br />(-21 for losing)
|raw|LaserRL's rating: 1442 &rarr; <strong>1463</strong><br />(+21 for winning)
|l|☆xxcaptainarchiexx
|player|p1|
|l|☆LaserRL
|player|p2|
