|j|☆Lio_Lyre
|j|☆adomell
|t:|1750826055
|gametype|doubles
|player|p1|Lio_Lyre|rood|1067
|player|p2|adomell|fisherman-gen4|1057
|teamsize|p1|6
|teamsize|p2|6
|gen|9
|tier|[Gen 9] VGC 2025 Reg I
|rated|
|rule|Species Clause: Limit one of each Pokémon
|rule|Item Clause: Limit 1 of each item
|clearpoke
|poke|p1|Koraidon, L50|
|poke|p1|Whimsicott, L50, F|
|poke|p1|Kyogre, L50|
|poke|p1|Walking Wake, L50|
|poke|p1|Incineroar, L50, F|
|poke|p1|Archaludon, L50, M|
|poke|p2|Sceptile, L50, F|
|poke|p2|Glalie, L50, M|
|poke|p2|Indeedee-F, L50, F|
|poke|p2|Raichu, L50, F|
|poke|p2|Typhlosion, L50, M|
|poke|p2|Dragonite, L50, F|
|teampreview|4
|inactive|Battle timer is ON: inactive players will automatically lose when time's up. (requested by adomell)
|inactive|Lio_Lyre also wants the timer to be on.
|inactive|Lio_Lyre has 60 seconds left.
|inactive|Lio_Lyre has 30 seconds left.
|
|t:|1750826121
|start
|switch|p1a: Whimsicott|Whimsicott, L50, F, shiny|100/100
|switch|p1b: Walking Wake|Walking Wake, L50|100/100
|switch|p2a: Indeedee|Indeedee-F, L50, F|100/100
|switch|p2b: Dragonite|Dragonite, L50, F|100/100
|-enditem|p1b: Walking Wake|Booster Energy
|-activate|p1b: Walking Wake|ability: Protosynthesis|[fromitem]
|-start|p1b: Walking Wake|protosynthesisspa
|turn|1
|inactive|Lio_Lyre has 30 seconds left.
|inactive|adomell has 30 seconds left.
|inactive|adomell has 20 seconds left.
|inactive|adomell has 15 seconds left.
|inactive|adomell has 10 seconds left.
|inactive|adomell has 5 seconds left.
|
|t:|1750826176
|-terastallize|p1b: Walking Wake|Water
|move|p2a: Indeedee|Follow Me|p2a: Indeedee
|-singleturn|p2a: Indeedee|move: Follow Me
|move|p1b: Walking Wake|Dragon Pulse|p2a: Indeedee
|-damage|p2a: Indeedee|44/100
|move|p1a: Whimsicott|Moonblast|p2a: Indeedee
|-damage|p2a: Indeedee|17/100
|move|p2b: Dragonite|Waterfall|p1a: Whimsicott
|-resisted|p1a: Whimsicott
|-damage|p1a: Whimsicott|81/100
|
|upkeep
|turn|2
|
|t:|1750826193
|move|p2a: Indeedee|Follow Me|p2a: Indeedee
|-singleturn|p2a: Indeedee|move: Follow Me
|move|p1b: Walking Wake|Dragon Pulse|p2a: Indeedee
|-damage|p2a: Indeedee|0 fnt
|faint|p2a: Indeedee
|move|p1a: Whimsicott|Moonblast|p2b: Dragonite
|-supereffective|p2b: Dragonite
|-damage|p2b: Dragonite|42/100
|move|p2b: Dragonite|Tailwind|p2b: Dragonite
|-sidestart|p2: adomell|move: Tailwind
|
|upkeep
|
|t:|1750826216
|switch|p2a: Sceptile|Sceptile, L50, F|100/100
|turn|3
|
|t:|1750826225
|-terastallize|p2b: Dragonite|Normal
|move|p2b: Dragonite|Extreme Speed|p1a: Whimsicott
|-damage|p1a: Whimsicott|28/100
|move|p1a: Whimsicott|Tailwind|p1a: Whimsicott
|-sidestart|p1: Lio_Lyre|move: Tailwind
|move|p2a: Sceptile|Swords Dance|p2a: Sceptile
|-boost|p2a: Sceptile|atk|2
|move|p1b: Walking Wake|Flamethrower|p2a: Sceptile
|-supereffective|p2a: Sceptile
|-crit|p2a: Sceptile
|-damage|p2a: Sceptile|0 fnt
|faint|p2a: Sceptile
|
|upkeep
|
|t:|1750826243
|switch|p2a: Typhlosion|Typhlosion, L50, M|100/100
|turn|4
|
|t:|1750826264
|move|p2b: Dragonite|Extreme Speed|p1b: Walking Wake
|-damage|p1b: Walking Wake|43/100
|move|p1a: Whimsicott|Light Screen|p1a: Whimsicott
|-sidestart|p1: Lio_Lyre|move: Light Screen
|move|p2a: Typhlosion|Eruption|p1a: Whimsicott|[spread] p1a,p1b
|-supereffective|p1a: Whimsicott
|-resisted|p1b: Walking Wake
|-damage|p1a: Whimsicott|0 fnt
|-damage|p1b: Walking Wake|23/100
|faint|p1a: Whimsicott
|move|p1b: Walking Wake|Hydro Steam|p2a: Typhlosion
|-supereffective|p2a: Typhlosion
|-damage|p2a: Typhlosion|0 fnt
|faint|p2a: Typhlosion
|
|upkeep
|
|t:|1750826279
|switch|p1a: Koraidon|Koraidon, L50|100/100
|-weather|SunnyDay|[from] ability: Orichalcum Pulse|[of] p1a: Koraidon
|-activate|p1a: Koraidon|Orichalcum Pulse|[source]
|turn|5
|
|t:|1750826296
|move|p2b: Dragonite|Extreme Speed|p1b: Walking Wake
|-damage|p1b: Walking Wake|0 fnt
|faint|p1b: Walking Wake
|-end|p1b: Walking Wake|Protosynthesis|[silent]
|move|p1a: Koraidon|Close Combat|p2b: Dragonite
|-supereffective|p2b: Dragonite
|-damage|p2b: Dragonite|0 fnt
|-unboost|p1a: Koraidon|def|1
|-unboost|p1a: Koraidon|spd|1
|faint|p2b: Dragonite
|-damage|p1a: Koraidon|91/100|[from] item: Life Orb
|
|win|Lio_Lyre
|raw|Lio_Lyre's rating: 1067 &rarr; <strong>1096</strong><br />(+29 for winning)
|raw|adomell's rating: 1057 &rarr; <strong>1039</strong><br />(-18 for losing)
|l|☆Lio_Lyre
|player|p1|
|l|☆adomell
|player|p2|
