|j|☆21Kieran
|j|☆Scytherium
|html|<table width="100%"><tr><td align="left">21Kieran</td><td align="right">Scytherium</tr><tr><td align="left"><i class="fa fa-circle-o"></i> <i class="fa fa-circle-o"></i> </td><td align="right"><i class="fa fa-circle-o"></i> <i class="fa fa-circle"></i> </tr></table>
|uhtml|bestof|<h2><strong>Game 2</strong> of <a href="/game-bestof3-gen9vgc2025regi-2390577062">a best-of-3</a></h2>
|t:|1750731626
|gametype|doubles
|player|p1|21Kieran|hau-masters|
|player|p2|Scytherium|aaron|
|teamsize|p1|6
|teamsize|p2|6
|gen|9
|tier|[Gen 9] VGC 2025 Reg I
|rated|Tournament battle
|rule|Species Clause: Limit one of each Pokémon
|rule|Item Clause: Limit 1 of each item
|raw|<div class="infobox"><details class="readmore" open><summary><strong>3 custom rules:</strong></summary> Force Open Team Sheets, !Open Team Sheets, Best of = 3</details></div>
|clearpoke
|poke|p1|Miraidon, L50|
|poke|p1|Terapagos, L50, M|
|poke|p1|Urshifu-*, L50, M|
|poke|p1|Incineroar, L50, F|
|poke|p1|Sinistcha, L50|
|poke|p1|Landorus, L50, M|
|poke|p2|Calyrex-Shadow, L50|
|poke|p2|Zamazenta-*, L50|
|poke|p2|Tatsugiri, L50, F|
|poke|p2|Dondozo, L50, F|
|poke|p2|Weezing, L50, M|
|poke|p2|Ogerpon-Cornerstone, L50, F|
|teampreview|4
|showteam|p1|Miraidon||AssaultVest|HadronEngine|ElectroDrift,VoltSwitch,DracoMeteor,Snarl||||||50|,,,,,Electric]Terapagos||ElectricSeed|TeraShift|TeraStarstorm,EarthPower,CalmMind,Protect|||M|||50|,,,,,Stellar]Urshifu-Rapid-Strike||ChoiceScarf|UnseenFist|SurgingStrikes,CloseCombat,RainDance,Uturn|||M|||50|,,,,,Water]Incineroar||RockyHelmet|Intimidate|FakeOut,PartingShot,KnockOff,FlareBlitz|||F|||50|,,,,,Ghost]Sinistcha||FocusSash|Hospitality|ShadowBall,RagePowder,LifeDew,Protect||||||50|,,,,,Fire]Landorus||LifeOrb|SheerForce|EarthPower,SludgeBomb,Protect,SandsearStorm|||M|||50|,,,,,Poison
|showteam|p2|Calyrex-Shadow||SpellTag|AsOneSpectrier|Protect,AstralBarrage,TeraBlast,ExpandingForce||||||50|,,,,,Fighting]Zamazenta-Crowned||RustedShield|DauntlessShield|Protect,WideGuard,behemothbash,BodyPress||||||50|,,,,,Fighting]Tatsugiri||ChoiceScarf|Commander|DracoMeteor,MuddyWater,TeraBlast,IcyWind|||F|||50|,,,,,Steel]Dondozo||Leftovers|Unaware|Protect,WaveCrash,Earthquake,Yawn|||F|||50|,,,,,Grass]Weezing||FocusSash|NeutralizingGas|Protect,DarkPulse,ToxicSpikes,WillOWisp|||M|||50|,,,,,Dark]Ogerpon-Cornerstone||CornerstoneMask|Sturdy|SpikyShield,IvyCudgel,KnockOff,WoodHammer|||F|||50|,,,,,Rock
|j| gackajink
|j| camala64
|c| gackajink|meow
|j|+Iamsliverfish
|j| Rainpelt103
|c| camala64|weezing outspeeding lando feels wrong
|raw|<div class="broadcast-red"><strong>Moderated chat was set to +!</strong><br />Only users of rank + and higher can talk.</div>
|
|t:|1750731690
|start
|switch|p1a: Urshifu|Urshifu-Rapid-Strike, L50, M|100/100
|switch|p1b: Landorus|Landorus, L50, M|100/100
|switch|p2a: Weezing|Weezing, L50, M|100/100
|switch|p2b: Calyrex|Calyrex-Shadow, L50|100/100
|-ability|p2a: Weezing|Neutralizing Gas
|-ability|p2b: Calyrex|As One
|-ability|p2b: Calyrex|Unnerve
|turn|1
|c|+Iamsliverfish|funni
|
|t:|1750731714
|switch|p2b: Dondozo|Dondozo, L50, F|100/100
|move|p1a: Urshifu|U-turn|p2b: Dondozo
|-damage|p2b: Dondozo|83/100
|
|t:|1750731718
|switch|p1a: Miraidon|Miraidon, L50|100/100|[from] U-turn
|move|p2a: Weezing|Toxic Spikes|p1a: Miraidon
|-sidestart|p1: 21Kieran|move: Toxic Spikes
|move|p1b: Landorus|Earth Power|p2b: Dondozo
|-damage|p2b: Dondozo|48/100
|-damage|p1b: Landorus|91/100|[from] item: Life Orb
|
|-heal|p2b: Dondozo|54/100|[from] item: Leftovers
|upkeep
|turn|2
|
|t:|1750731732
|move|p2b: Dondozo|Protect|p2b: Dondozo
|-singleturn|p2b: Dondozo|Protect
|move|p1a: Miraidon|Volt Switch|p2b: Dondozo
|-activate|p2b: Dondozo|move: Protect
|move|p2a: Weezing|Toxic Spikes|p1b: Landorus
|-sidestart|p1: 21Kieran|move: Toxic Spikes
|move|p1b: Landorus|Sludge Bomb|p2b: Dondozo
|-activate|p2b: Dondozo|move: Protect
|
|-heal|p2b: Dondozo|60/100|[from] item: Leftovers
|upkeep
|turn|3
|c|+Iamsliverfish|tips=you can protect csr while weez is there
|
|t:|1750731752
|switch|p2b: Calyrex|Calyrex-Shadow, L50|100/100
|-ability|p2b: Calyrex|As One
|-ability|p2b: Calyrex|Unnerve
|move|p1a: Miraidon|Electro Drift|p2b: Calyrex
|-damage|p2b: Calyrex|39/100
|move|p2a: Weezing|Will-O-Wisp|p1b: Landorus
|-status|p1b: Landorus|brn
|move|p1b: Landorus|Sandsear Storm|p2a: Weezing|[spread] p2b
|-miss|p1b: Landorus|p2a: Weezing
|-damage|p2b: Calyrex|0 fnt
|faint|p2b: Calyrex
|-damage|p1b: Landorus|81/100 brn|[from] item: Life Orb
|
|-damage|p1b: Landorus|75/100 brn|[from] brn
|upkeep
|c|☆21Kieran|._.
|c|+Iamsliverfish|can someone tell me why he burns lando
|c|☆21Kieran|why do u keep will o my lando
|c|☆21Kieran|yeah
|
|t:|1750731773
|switch|p2b: Dondozo|Dondozo, L50, F|60/100
|turn|4
|c|☆21Kieran|its special attacking
|c|+Iamsliverfish|this weez cant do anything from here lol
|j|%Radio Free C-Side
|
|t:|1750731793
|-end|p2a: Weezing|ability: Neutralizing Gas
|-fieldstart|move: Electric Terrain|[from] ability: Hadron Engine|[of] p1a: Miraidon
|switch|p2a: Tatsugiri|Tatsugiri, L50, F|100/100
|-activate|p2a: Tatsugiri|ability: Commander|[of] p2b: Dondozo
|-boost|p2b: Dondozo|atk|2
|-boost|p2b: Dondozo|spa|2
|-boost|p2b: Dondozo|spe|2
|-boost|p2b: Dondozo|def|2
|-boost|p2b: Dondozo|spd|2
|-terastallize|p2b: Dondozo|Grass
|move|p1a: Miraidon|Volt Switch|p2b: Dondozo
|-resisted|p2b: Dondozo
|-damage|p2b: Dondozo|49/100
|c|+Iamsliverfish|dark pulse ahh moment
|
|t:|1750731806
|switch|p1a: Sinistcha|Sinistcha, L50|100/100|[from] Volt Switch
|-status|p1a: Sinistcha|tox
|-heal|p1b: Landorus|99/100 brn|[from] ability: Hospitality|[of] p1a: Sinistcha
|move|p1b: Landorus|Sandsear Storm|p2a: Tatsugiri|[spread] p2b
|-miss|p1b: Landorus|p2a: Tatsugiri
|-resisted|p2b: Dondozo
|-damage|p2b: Dondozo|39/100
|move|p2b: Dondozo|Wave Crash|p1b: Landorus
|-supereffective|p1b: Landorus
|-damage|p1b: Landorus|0 fnt
|faint|p1b: Landorus
|-damage|p2b: Dondozo|14/100|[from] Recoil
|
|-heal|p2b: Dondozo|20/100|[from] item: Leftovers
|-damage|p1a: Sinistcha|94/100 tox|[from] psn
|upkeep
|
|t:|1750731810
|switch|p1b: Urshifu|Urshifu-Rapid-Strike, L50, M|100/100
|-status|p1b: Urshifu|tox
|turn|5
|c|☆21Kieran|haha goodbye dondozo
|c|+Iamsliverfish|bad bye
|
|t:|1750731829
|move|p1b: Urshifu|Close Combat|p2b: Dondozo
|-damage|p2b: Dondozo|0 fnt
|-unboost|p1b: Urshifu|def|1
|-unboost|p1b: Urshifu|spd|1
|faint|p2b: Dondozo
|move|p1a: Sinistcha|Life Dew||[still]|[spread] p1a,p1b
|-heal|p1a: Sinistcha|100/100 tox
|-fail|p1b: Urshifu|heal
|
|-damage|p1b: Urshifu|94/100 tox|[from] psn
|-damage|p1a: Sinistcha|88/100 tox|[from] psn
|upkeep
|c|+Iamsliverfish|I dont like bozo
|
|t:|1750731834
|switch|p2b: Weezing|Weezing, L50, M|100/100
|-ability|p2b: Weezing|Neutralizing Gas
|turn|6
|
|t:|1750731846
|switch|p1b: Miraidon|Miraidon, L50|100/100
|-status|p1b: Miraidon|tox
|move|p1a: Sinistcha|Rage Powder|p1a: Sinistcha
|-singleturn|p1a: Sinistcha|move: Rage Powder
|move|p2a: Tatsugiri|Draco Meteor|p1a: Sinistcha
|-damage|p1a: Sinistcha|30/100 tox
|-unboost|p2a: Tatsugiri|spa|2
|move|p2b: Weezing|Dark Pulse|p1a: Sinistcha
|-supereffective|p1a: Sinistcha
|-damage|p1a: Sinistcha|2/100 tox
|
|-damage|p1b: Miraidon|95/100 tox|[from] psn
|-damage|p1a: Sinistcha|0 fnt|[from] psn
|faint|p1a: Sinistcha
|upkeep
|
|t:|1750731849
|switch|p1a: Urshifu|Urshifu-Rapid-Strike, L50, M|94/100 tox
|turn|7
|c|+Iamsliverfish|imagine dmeteor crit here
|
|t:|1750731867
|-terastallize|p1b: Miraidon|Electric
|move|p1a: Urshifu|Surging Strikes|p2b: Weezing
|-crit|p2b: Weezing
|-damage|p2b: Weezing|81/100
|-crit|p2b: Weezing
|-damage|p2b: Weezing|60/100
|-crit|p2b: Weezing
|-damage|p2b: Weezing|41/100
|-hitcount|p2b: Weezing|3
|move|p2a: Tatsugiri|Draco Meteor|p1b: Miraidon
|-damage|p1b: Miraidon|77/100 tox
|-unboost|p2a: Tatsugiri|spa|2
|move|p1b: Miraidon|Electro Drift|p2a: Tatsugiri
|-damage|p2a: Tatsugiri|0 fnt
|faint|p2a: Tatsugiri
|move|p2b: Weezing|Dark Pulse|p1b: Miraidon
|-damage|p1b: Miraidon|68/100 tox
|
|-damage|p1a: Urshifu|88/100 tox|[from] psn
|-damage|p1b: Miraidon|57/100 tox|[from] psn
|upkeep
|turn|8
|
|t:|1750731890
|move|p2b: Weezing|Protect|p2b: Weezing
|-singleturn|p2b: Weezing|Protect
|move|p1a: Urshifu|Surging Strikes|p2b: Weezing
|-activate|p2b: Weezing|move: Protect
|move|p1b: Miraidon|Electro Drift|p2b: Weezing
|-activate|p2b: Weezing|move: Protect
|
|-damage|p1a: Urshifu|75/100 tox|[from] psn
|-damage|p1b: Miraidon|39/100 tox|[from] psn
|-fieldend|move: Electric Terrain
|upkeep
|turn|9
|
|t:|1750731900
|move|p1a: Urshifu|Surging Strikes|p2b: Weezing
|-crit|p2b: Weezing
|-damage|p2b: Weezing|20/100
|-crit|p2b: Weezing
|-damage|p2b: Weezing|2/100
|-crit|p2b: Weezing
|-damage|p2b: Weezing|0 fnt
|faint|p2b: Weezing
|-end|p2b: Weezing|ability: Neutralizing Gas
|-fieldstart|move: Electric Terrain|[from] ability: Hadron Engine|[of] p1b: Miraidon
|-hitcount|p2: Weezing|3
|
|win|21Kieran
