|j|☆Slowpoke Well YT
|j|☆CaltonD
|t:|1750797757
|gametype|doubles
|player|p1|Slowpoke Well YT|ethan|1390
|player|p2|CaltonD|2|1379
|teamsize|p1|6
|teamsize|p2|6
|gen|9
|tier|[Gen 9] VGC 2025 Reg I
|rated|
|rule|Species Clause: Limit one of each Pokémon
|rule|Item Clause: Limit 1 of each item
|clearpoke
|poke|p1|Necrozma-Dawn-Wings, L50|
|poke|p1|Calyrex-Ice, L50|
|poke|p1|Indeedee-F, L50, F|
|poke|p1|Ursaluna, L50, F|
|poke|p1|Torkoal, L50, M|
|poke|p1|Smeargle, L50, M|
|poke|p2|Fezandipiti, L50, M|
|poke|p2|Miraidon, L50|
|poke|p2|Calyrex-Ice, L50|
|poke|p2|Ursaluna-Bloodmoon, L50, M|
|poke|p2|Toxapex, L50, F|
|poke|p2|Sinistcha, L50|
|teampreview|4
|inactive|Battle timer is ON: inactive players will automatically lose when time's up. (requested by Slowpoke Well YT)
CaltonD rejected open team sheets.
|inactive|Slowpoke Well YT has 60 seconds left.
|inactive|CaltonD has 60 seconds left.
|inactive|Slowpoke Well YT has 30 seconds left.
|
|t:|1750797827
|start
|switch|p1a: Necrozma|Necrozma-Dawn-Wings, L50, shiny|100/100
|switch|p1b: Indeedee|Indeedee-F, L50, F|100/100
|switch|p2a: Miraidon|Miraidon, L50|100/100
|switch|p2b: Toxapex|Toxapex, L50, F|100/100
|-fieldstart|move: Electric Terrain|[from] ability: Hadron Engine|[of] p2a: Miraidon
|-fieldstart|move: Psychic Terrain|[from] ability: Psychic Surge|[of] p1b: Indeedee
|turn|1
|c|☆CaltonD|that shiny looks really cool
|
|t:|1750797851
|move|p1b: Indeedee|Follow Me|p1b: Indeedee
|-singleturn|p1b: Indeedee|move: Follow Me
|move|p2a: Miraidon|Volt Switch|p1b: Indeedee
|-damage|p1b: Indeedee|63/100
|
|t:|1750797856
|switch|p2a: Calyrex|Calyrex-Ice, L50|100/100|[from] Volt Switch
|-ability|p2a: Calyrex|As One
|-ability|p2a: Calyrex|Unnerve
|move|p2b: Toxapex|Toxic Spikes|p1b: Indeedee
|-sidestart|p1: Slowpoke Well YT|move: Toxic Spikes
|move|p1a: Necrozma|Trick Room|p1a: Necrozma
|-fieldstart|move: Trick Room|[of] p1a: Necrozma
|
|upkeep
|turn|2
|inactive|Slowpoke Well YT has 30 seconds left.
|
|t:|1750797886
|move|p1b: Indeedee|Helping Hand|p1a: Necrozma
|-singleturn|p1a: Necrozma|Helping Hand|[of] p1b: Indeedee
|move|p2b: Toxapex|Wide Guard|p2b: Toxapex
|-singleturn|p2b: Toxapex|Wide Guard
|move|p2a: Calyrex|Leech Seed|p1a: Necrozma
|-start|p1a: Necrozma|move: Leech Seed
|move|p1a: Necrozma|Meteor Beam||[still]
|-prepare|p1a: Necrozma|Meteor Beam
|-boost|p1a: Necrozma|spa|1
|-enditem|p1a: Necrozma|Power Herb
|-anim|p1a: Necrozma|Meteor Beam|p2a: Calyrex
|-supereffective|p2a: Calyrex
|-damage|p2a: Calyrex|0 fnt
|faint|p2a: Calyrex
|
|upkeep
|
|t:|1750797899
|switch|p2a: Fezandipiti|Fezandipiti, L50, M|100/100
|turn|3
|
|t:|1750797920
|switch|p1b: Ursaluna|Ursaluna, L50, F|100/100
|-status|p1b: Ursaluna|psn
|move|p2b: Toxapex|Infestation|p1a: Necrozma
|-damage|p1a: Necrozma|98/100
|-activate|p1a: Necrozma|move: Infestation|[of] p2b: Toxapex
|move|p1a: Necrozma|Moongeist Beam|p2a: Fezandipiti
|-damage|p2a: Fezandipiti|63/100
|move|p2a: Fezandipiti|Dazzling Gleam|p1b: Ursaluna|[spread] p1a,p1b
|-damage|p1a: Necrozma|88/100
|-damage|p1b: Ursaluna|87/100 psn
|
|-damage|p1a: Necrozma|75/100|[from] Leech Seed|[of] p2a: Fezandipiti
|-heal|p2a: Fezandipiti|76/100|[silent]
|-damage|p1b: Ursaluna|74/100 psn|[from] psn
|-damage|p1a: Necrozma|63/100|[from] move: Infestation|[partiallytrapped]
|upkeep
|turn|4
|j| naibot2814
|inactive|Slowpoke Well YT has 30 seconds left.
|inactive|CaltonD has 30 seconds left.
|inactive|Slowpoke Well YT has 20 seconds left.
|
|t:|1750797956
|switch|p1a: Indeedee|Indeedee-F, L50, F|63/100
|-status|p1a: Indeedee|psn
|move|p1b: Ursaluna|Earthquake|p2b: Toxapex|[spread] p1a,p2a,p2b
|-supereffective|p2a: Fezandipiti
|-supereffective|p2b: Toxapex
|-damage|p1a: Indeedee|0 fnt
|-damage|p2a: Fezandipiti|0 fnt
|-damage|p2b: Toxapex|0 fnt
|faint|p1a: Indeedee
|faint|p2a: Fezandipiti
|faint|p2b: Toxapex
|
|-damage|p1b: Ursaluna|62/100 psn|[from] psn
|upkeep
|
|t:|1750797971
|switch|p2b: Miraidon|Miraidon, L50|100/100
|switch|p1a: Calyrex|Calyrex-Ice, L50|100/100
|-ability|p1a: Calyrex|As One
|-ability|p1a: Calyrex|Unnerve
|-status|p1a: Calyrex|psn
|-fieldstart|move: Electric Terrain|[from] ability: Hadron Engine|[of] p2b: Miraidon
|turn|5
|
|t:|1750797982
|-terastallize|p2b: Miraidon|Fairy
|move|p1a: Calyrex|Glacial Lance|p2b: Miraidon
|-damage|p2b: Miraidon|22/100
|move|p1b: Ursaluna|Headlong Rush|p2b: Miraidon
|-crit|p2b: Miraidon
|-damage|p2b: Miraidon|0 fnt
|-unboost|p1b: Ursaluna|def|1
|-unboost|p1b: Ursaluna|spd|1
|faint|p2b: Miraidon
|
|win|Slowpoke Well YT
|raw|Slowpoke Well YT's rating: 1390 &rarr; <strong>1409</strong><br />(+19 for winning)
|raw|CaltonD's rating: 1379 &rarr; <strong>1360</strong><br />(-19 for losing)
|l|☆CaltonD
|player|p2|
|l|☆Slowpoke Well YT
|player|p1|
|l| naibot2814
