|j|☆Regilover2015
|j|☆pokebean03
|t:|1750715775
|gametype|doubles
|player|p1|Regilover2015|hilbert|1472
|player|p2|pokebean03|waiter-gen4dp|1413
|teamsize|p1|6
|teamsize|p2|6
|gen|9
|tier|[Gen 9] VGC 2025 Reg I
|rated|
|rule|Species Clause: Limit one of each Pokémon
|rule|Item Clause: Limit 1 of each item
|clearpoke
|poke|p1|Clefairy, L50, M|
|poke|p1|Calyrex-Shadow, L50|
|poke|p1|Kyogre, L50|
|poke|p1|Rillaboom, L50, F|
|poke|p1|Roaring Moon, L50|
|poke|p1|Landorus, L50, M|
|poke|p2|Lunala, L50|
|poke|p2|Incineroar, L50, M|
|poke|p2|Miraidon, L50|
|poke|p2|Iron Hands, L50|
|poke|p2|Garganacl, L50, F|
|poke|p2|Urshifu-*, L50, F|
|teampreview|4
|inactive|Battle timer is ON: inactive players will automatically lose when time's up. (requested by Regilover2015)
|
|t:|1750715838
|start
|switch|p1a: Calyrex|Calyrex-Shadow, L50|100/100
|switch|p1b: Landorus|Landorus, L50, M|100/100
|switch|p2a: Lunala|Lunala, L50|100/100
|switch|p2b: rawr|Incineroar, L50, M|100/100
|-ability|p1a: Calyrex|As One
|-ability|p1a: Calyrex|Unnerve
|-ability|p2b: rawr|Intimidate|boost
|-unboost|p1a: Calyrex|atk|1
|-unboost|p1b: Landorus|atk|1
|turn|1
|inactive|pokebean03 has 30 seconds left.
|
|t:|1750715867
|-terastallize|p1b: Landorus|Ghost
|-terastallize|p2a: Lunala|Fairy
|move|p1b: Landorus|Earth Power|p2b: rawr
|-supereffective|p2b: rawr
|-damage|p2b: rawr|0 fnt
|faint|p2b: rawr
|move|p1a: Calyrex|Astral Barrage|p2a: Lunala
|-damage|p2a: Lunala|71/100
|-damage|p1a: Calyrex|91/100|[from] item: Life Orb
|move|p2a: Lunala|Trick Room|p2a: Lunala
|-fieldstart|move: Trick Room|[of] p2a: Lunala
|
|-heal|p2a: Lunala|77/100|[from] item: Leftovers
|upkeep
|
|t:|1750715881
|switch|p2b: home|Garganacl, L50, F|100/100
|turn|2
|inactive|Regilover2015 has 30 seconds left.
|inactive|pokebean03 has 30 seconds left.
|
|t:|1750715914
|move|p1a: Calyrex|Protect|p1a: Calyrex
|-singleturn|p1a: Calyrex|Protect
|move|p2b: home|Salt Cure|p1a: Calyrex
|-activate|p1a: Calyrex|move: Protect
|move|p2a: Lunala|Moongeist Beam|p1b: Landorus
|-supereffective|p1b: Landorus
|-damage|p1b: Landorus|0 fnt
|faint|p1b: Landorus
|
|-heal|p2a: Lunala|83/100|[from] item: Leftovers
|upkeep
|
|t:|1750715929
|switch|p1b: Kyogre|Kyogre, L50, shiny|100/100
|-weather|RainDance|[from] ability: Drizzle|[of] p1b: Kyogre
|turn|3
|inactive|pokebean03 has 30 seconds left.
|inactive|pokebean03 has 20 seconds left.
|inactive|pokebean03 has 15 seconds left.
|
|t:|1750715970
|switch|p1a: Rillaboom|Rillaboom, L50, F, shiny|100/100
|-fieldstart|move: Grassy Terrain|[from] ability: Grassy Surge|[of] p1a: Rillaboom
|move|p2b: home|Salt Cure|p1b: Kyogre
|-damage|p1b: Kyogre|87/100
|-start|p1b: Kyogre|Salt Cure
|move|p1b: Kyogre|Origin Pulse|p2a: Lunala|[spread] p2a,p2b
|-supereffective|p2b: home
|-damage|p2a: Lunala|21/100
|-damage|p2b: home|0 fnt
|faint|p2b: home
|move|p2a: Lunala|Moonblast|p1a: Rillaboom
|-damage|p1a: Rillaboom|62/100
|-unboost|p1a: Rillaboom|spa|1
|
|-weather|RainDance|[upkeep]
|-heal|p1b: Kyogre|93/100|[from] Grassy Terrain
|-heal|p2a: Lunala|27/100|[from] Grassy Terrain
|-heal|p2a: Lunala|33/100|[from] item: Leftovers
|-heal|p1a: Rillaboom|68/100|[from] Grassy Terrain
|-damage|p1b: Kyogre|69/100|[from] Salt Cure
|upkeep
|
|t:|1750715990
|switch|p2b: L1Z4-RD|Miraidon, L50|100/100
|-fieldstart|move: Electric Terrain|[from] ability: Hadron Engine|[of] p2b: L1Z4-RD
|turn|4
|
|t:|1750716005
|move|p1a: Rillaboom|Fake Out|p2b: L1Z4-RD
|-damage|p2b: L1Z4-RD|90/100
|move|p1b: Kyogre|Hydro Pump|p2a: Lunala
|-damage|p2a: Lunala|0 fnt
|faint|p2a: Lunala
|cant|p2b: L1Z4-RD|flinch
|
|-weather|RainDance|[upkeep]
|-damage|p1b: Kyogre|44/100|[from] Salt Cure
|upkeep
|turn|5
|
|t:|1750716025
|move|p1b: Kyogre|Protect|p1b: Kyogre
|-singleturn|p1b: Kyogre|Protect
|move|p1a: Rillaboom|Drum Beating|p2b: L1Z4-RD
|-resisted|p2b: L1Z4-RD
|-damage|p2b: L1Z4-RD|74/100
|-unboost|p2b: L1Z4-RD|spe|1
|move|p2b: L1Z4-RD|Electro Drift|p1a: Rillaboom
|-resisted|p1a: Rillaboom
|-damage|p1a: Rillaboom|12/100
|
|-weather|RainDance|[upkeep]
|-damage|p1b: Kyogre|19/100|[from] Salt Cure
|-fieldend|move: Trick Room
|upkeep
|turn|6
|
|t:|1750716040
|move|p1a: Rillaboom|Drum Beating|p2b: L1Z4-RD
|-resisted|p2b: L1Z4-RD
|-damage|p2b: L1Z4-RD|59/100
|-unboost|p2b: L1Z4-RD|spe|1
|move|p1b: Kyogre|Origin Pulse|p2b: L1Z4-RD
|-resisted|p2b: L1Z4-RD
|-damage|p2b: L1Z4-RD|19/100
|move|p2b: L1Z4-RD|Electro Drift|p1a: Rillaboom
|-resisted|p1a: Rillaboom
|-damage|p1a: Rillaboom|0 fnt
|faint|p1a: Rillaboom
|
|-weather|RainDance|[upkeep]
|-damage|p1b: Kyogre|0 fnt|[from] Salt Cure
|faint|p1b: Kyogre
|upkeep
|
|t:|1750716046
|switch|p1b: Calyrex|Calyrex-Shadow, L50|91/100
|-ability|p1b: Calyrex|As One
|-ability|p1b: Calyrex|Unnerve
|turn|7
|c|☆Regilover2015|ggwp
|
|t:|1750716059
|move|p1b: Calyrex|Astral Barrage|p2b: L1Z4-RD
|-damage|p2b: L1Z4-RD|0 fnt
|faint|p2b: L1Z4-RD
|-damage|p1b: Calyrex|81/100|[from] item: Life Orb
|
|win|Regilover2015
|raw|Regilover2015's rating: 1472 &rarr; <strong>1489</strong><br />(+17 for winning)
|raw|pokebean03's rating: 1413 &rarr; <strong>1396</strong><br />(-17 for losing)
|c|☆pokebean03|u2
