|j|☆cauzinxd
|j|☆mincarretta
|t:|1750770663
|gametype|doubles
|player|p1|cauzinxd|101|1216
|player|p2|mincarretta|266|1266
|teamsize|p1|6
|teamsize|p2|6
|gen|9
|tier|[Gen 9] VGC 2025 Reg I
|rated|
|rule|Species Clause: Limit one of each Pokémon
|rule|Item Clause: Limit 1 of each item
|clearpoke
|poke|p1|Miraidon, L50|
|poke|p1|Lunala, L50|
|poke|p1|Ursaluna, L50, M|
|poke|p1|Urshifu-*, L50, F|
|poke|p1|Whimsicott, L50, M|
|poke|p1|Incineroar, L50, F|
|poke|p2|Kyurem-White, L50|
|poke|p2|Calyrex-Ice, L50|
|poke|p2|Sandslash-Alola, L50, M|
|poke|p2|Chien-Pao, L50|
|poke|p2|Ninetales-Alola, L50, F|
|poke|p2|Avalugg-Hisui, L50, F|
|teampreview|4
|inactive|Battle timer is ON: inactive players will automatically lose when time's up. (requested by mincarretta)
|inactive|cauzinxd has 60 seconds left.
|inactive|mincarretta has 60 seconds left.
|
|t:|1750770716
|start
|switch|p1a: Incineroar|Incineroar, L50, F|100/100
|switch|p1b: Miraidon|Miraidon, L50|100/100
|switch|p2a: Ninetales|Ninetales-Alola, L50, F|100/100
|switch|p2b: Sandslash|Sandslash-Alola, L50, M|100/100
|-fieldstart|move: Electric Terrain|[from] ability: Hadron Engine|[of] p1b: Miraidon
|-weather|Snowscape|[from] ability: Snow Warning|[of] p2a: Ninetales
|-ability|p1a: Incineroar|Intimidate|boost
|-unboost|p2a: Ninetales|atk|1
|-unboost|p2b: Sandslash|atk|1
|turn|1
|inactive|cauzinxd has 30 seconds left.
|inactive|mincarretta has 30 seconds left.
|
|t:|1750770744
|switch|p2b: Kyurem|Kyurem-White, L50|100/100
|-ability|p2b: Kyurem|Turboblaze
|move|p1a: Incineroar|Fake Out|p2b: Kyurem
|-damage|p2b: Kyurem|92/100
|move|p1b: Miraidon|Volt Switch|p2a: Ninetales
|-damage|p2a: Ninetales|5/100
|
|t:|1750770757
|switch|p1b: Lunala|Lunala, L50|100/100|[from] Volt Switch
|-enditem|p1b: Lunala|Electric Seed
|-boost|p1b: Lunala|def|1|[from] item: Electric Seed
|move|p2a: Ninetales|Aurora Veil|p2a: Ninetales
|-sidestart|p2: mincarretta|move: Aurora Veil
|
|-weather|Snowscape|[upkeep]
|upkeep
|turn|2
|inactive|cauzinxd has 30 seconds left.
|
|t:|1750770790
|move|p2a: Ninetales|Freeze-Dry|p1b: Lunala
|-crit|p1b: Lunala
|-damage|p1b: Lunala|89/100
|move|p2b: Kyurem|Freeze-Dry|p1b: Lunala
|-crit|p1b: Lunala
|-damage|p1b: Lunala|37/100
|move|p1b: Lunala|Moonblast|p2b: Kyurem
|-supereffective|p2b: Kyurem
|-damage|p2b: Kyurem|68/100
|move|p1a: Incineroar|U-turn|p2a: Ninetales
|-resisted|p2a: Ninetales
|-crit|p2a: Ninetales
|-damage|p2a: Ninetales|0 fnt
|faint|p2a: Ninetales
|
|t:|1750770805
|switch|p1a: Miraidon|Miraidon, L50|100/100|[from] U-turn
|-activate|p1a: Miraidon|ability: Hadron Engine
|
|-weather|Snowscape|[upkeep]
|upkeep
|
|t:|1750770814
|switch|p2a: Sandslash|Sandslash-Alola, L50, M|100/100
|turn|3
|
|t:|1750770829
|switch|p1b: Incineroar|Incineroar, L50, F|100/100
|-ability|p1b: Incineroar|Intimidate|boost
|-unboost|p2a: Sandslash|atk|1
|-unboost|p2b: Kyurem|atk|1
|-terastallize|p1a: Miraidon|Electric
|-terastallize|p2b: Kyurem|Ground
|move|p2a: Sandslash|Hone Claws|p2a: Sandslash
|-boost|p2a: Sandslash|atk|1
|-boost|p2a: Sandslash|accuracy|1
|move|p1a: Miraidon|Volt Switch|p2b: Kyurem
|-immune|p2b: Kyurem
|move|p2b: Kyurem|Earth Power|p1a: Miraidon
|-supereffective|p1a: Miraidon
|-damage|p1a: Miraidon|0 fnt
|faint|p1a: Miraidon
|
|-weather|Snowscape|[upkeep]
|upkeep
|inactive|cauzinxd has 30 seconds left.
|
|t:|1750770854
|switch|p1a: Lunala|Lunala, L50|37/100
|turn|4
|
|t:|1750770864
|move|p2a: Sandslash|Rock Slide|p1a: Lunala|[spread] p1a,p1b
|-supereffective|p1b: Incineroar
|-damage|p1a: Lunala|19/100
|-damage|p1b: Incineroar|55/100
|-damage|p2a: Sandslash|90/100|[from] item: Life Orb
|move|p2b: Kyurem|Blizzard|p1a: Lunala|[spread] p1a,p1b
|-resisted|p1b: Incineroar
|-damage|p1a: Lunala|0 fnt
|-damage|p1b: Incineroar|37/100
|faint|p1a: Lunala
|move|p1b: Incineroar|Flare Blitz|p2a: Sandslash
|-supereffective|p2a: Sandslash
|-damage|p2a: Sandslash|0 fnt
|faint|p2a: Sandslash
|-damage|p1b: Incineroar|14/100|[from] Recoil
|
|-weather|Snowscape|[upkeep]
|upkeep
|
|t:|1750770882
|switch|p2a: Calyrex|Calyrex-Ice, L50|100/100
|switch|p1a: Ursaluna|Ursaluna, L50, M|100/100
|-ability|p2a: Calyrex|As One
|-ability|p2a: Calyrex|Unnerve
|turn|5
|
|t:|1750770896
|move|p2b: Kyurem|Blizzard|p1b: Incineroar|[spread] p1a,p1b
|-supereffective|p1a: Ursaluna
|-resisted|p1b: Incineroar
|-damage|p1a: Ursaluna|0 fnt
|-damage|p1b: Incineroar|0 fnt
|faint|p1a: Ursaluna
|faint|p1b: Incineroar
|
|win|mincarretta
|raw|cauzinxd's rating: 1216 &rarr; <strong>1195</strong><br />(-21 for losing)
|raw|mincarretta's rating: 1266 &rarr; <strong>1287</strong><br />(+21 for winning)
|l|☆mincarretta
|player|p2|
|l|☆cauzinxd
|player|p1|
