|j|☆Hal8
|j|☆kutaka kfc
|t:|1750746426
|gametype|doubles
|player|p1|Hal8|170|1226
|player|p2|kutaka kfc|169|1330
|teamsize|p1|6
|teamsize|p2|6
|gen|9
|tier|[Gen 9] VGC 2025 Reg I
|rated|
|rule|Species Clause: Limit one of each Pokémon
|rule|Item Clause: Limit 1 of each item
|clearpoke
|poke|p1|Sableye, L50, M|
|poke|p1|Lunala, L50|
|poke|p1|Incineroar, L50, M|
|poke|p1|Groudon, L50|
|poke|p1|Lilligant-Hisui, L50, F|
|poke|p1|Salamence, L50, M|
|poke|p2|Eternatus, L50|
|poke|p2|Calyrex-Shadow, L50|
|poke|p2|Bronzong, L50|
|poke|p2|Urshifu-*, L50, F|
|poke|p2|Roaring Moon, L50|
|poke|p2|Incineroar, L50, M|
|teampreview|4
Hal8 has agreed to open team sheets.
|inactive|Battle timer is ON: inactive players will automatically lose when time's up. (requested by Hal8)
|
|t:|1750746459
|start
|switch|p1a: Salamence|Salamence, L50, M, shiny|100/100
|switch|p1b: Groudon|Groudon, L50|100/100
|switch|p2a: Calyrex|Calyrex-Shadow, L50|100/100
|switch|p2b: Incineroar|Incineroar, L50, M|100/100
|-ability|p2a: Calyrex|As One
|-ability|p2a: Calyrex|Unnerve
|-ability|p1a: Salamence|Intimidate|boost
|-unboost|p2a: Calyrex|atk|1
|-unboost|p2b: Incineroar|atk|1
|-weather|SunnyDay|[from] ability: Drought|[of] p1b: Groudon
|-ability|p2b: Incineroar|Intimidate|boost
|-unboost|p1a: Salamence|atk|1
|-fail|p1b: Groudon|unboost|[from] item: Clear Amulet|[of] p1b: Groudon
|turn|1
|inactive|Hal8 has 30 seconds left.
|inactive|Hal8 has 20 seconds left.
|inactive|Hal8 has 15 seconds left.
|inactive|Hal8 has 10 seconds left.
|inactive|Hal8 has 5 seconds left.
|
|t:|1750746510
|move|p2b: Incineroar|Fake Out|p1b: Groudon
|-damage|p1b: Groudon|96/100
|move|p2a: Calyrex|Astral Barrage|p1b: Groudon|[spread] p1a,p1b
|-crit|p1b: Groudon
|-damage|p1a: Salamence|30/100
|-damage|p1b: Groudon|11/100
|move|p1a: Salamence|Tailwind|p1a: Salamence
|-sidestart|p1: Hal8|move: Tailwind
|cant|p1b: Groudon|flinch
|
|-weather|SunnyDay|[upkeep]
|upkeep
|turn|2
|inactive|Hal8 has 30 seconds left.
|inactive|Hal8 has 20 seconds left.
|inactive|Hal8 has 15 seconds left.
|inactive|Hal8 has 10 seconds left.
|inactive|Hal8 has 5 seconds left.
|
|t:|1750746564
|-terastallize|p2b: Incineroar|Ghost
|move|p2a: Calyrex|Protect|p2a: Calyrex
|-singleturn|p2a: Calyrex|Protect
|move|p1a: Salamence|Heat Wave|p2a: Calyrex|[spread] p2b
|-activate|p2a: Calyrex|move: Protect
|-damage|p2b: Incineroar|67/100
|-damage|p1a: Salamence|20/100|[from] item: Life Orb
|move|p1b: Groudon|Precipice Blades|p2b: Incineroar|[spread] p2b
|-activate|p2a: Calyrex|move: Protect
|-damage|p2b: Incineroar|22/100
|-enditem|p2b: Incineroar|Sitrus Berry|[eat]
|-heal|p2b: Incineroar|47/100|[from] item: Sitrus Berry
|move|p2b: Incineroar|Knock Off|p1b: Groudon
|-damage|p1b: Groudon|0 fnt
|-enditem|p1b: Groudon|Clear Amulet|[from] move: Knock Off|[of] p2b: Incineroar
|faint|p1b: Groudon
|
|-weather|SunnyDay|[upkeep]
|upkeep
|inactive|Hal8 has 30 seconds left.
|
|t:|1750746592
|switch|p1b: Lunala|Lunala, L50|100/100
|turn|3
|
|t:|1750746608
|switch|p2a: Urshifu|Urshifu-Rapid-Strike, L50, F|100/100
|move|p1a: Salamence|Heat Wave|p2b: Incineroar|[spread] p2a,p2b
|-resisted|p2a: Urshifu
|-damage|p2a: Urshifu|69/100
|-damage|p2b: Incineroar|17/100
|-damage|p1a: Salamence|10/100|[from] item: Life Orb
|move|p1b: Lunala|Moongeist Beam|p2a: Urshifu
|-damage|p2a: Urshifu|0 fnt
|faint|p2a: Urshifu
|move|p2b: Incineroar|Knock Off|p1b: Lunala
|-supereffective|p1b: Lunala
|-damage|p1b: Lunala|58/100
|-enditem|p1b: Lunala|Power Herb|[from] move: Knock Off|[of] p2b: Incineroar
|
|-weather|SunnyDay|[upkeep]
|upkeep
|
|t:|1750746622
|switch|p2a: Eternatus|Eternatus, L50|100/100
|-ability|p2a: Eternatus|Pressure
|turn|4
|
|t:|1750746644
|move|p1a: Salamence|Draco Meteor|p2a: Eternatus
|-supereffective|p2a: Eternatus
|-damage|p2a: Eternatus|0 fnt
|-unboost|p1a: Salamence|spa|2
|faint|p2a: Eternatus
|-damage|p1a: Salamence|0 fnt|[from] item: Life Orb
|faint|p1a: Salamence
|move|p1b: Lunala|Moongeist Beam|p2b: Incineroar
|-supereffective|p2b: Incineroar
|-damage|p2b: Incineroar|0 fnt
|faint|p2b: Incineroar
|
|-weather|SunnyDay|[upkeep]
|-sideend|p1: Hal8|move: Tailwind
|upkeep
|
|t:|1750746652
|switch|p1a: Sableye|Sableye, L50, M, shiny|100/100
|switch|p2b: Calyrex|Calyrex-Shadow, L50|100/100
|-ability|p2b: Calyrex|As One
|-ability|p2b: Calyrex|Unnerve
|turn|5
|inactive|Hal8 has 30 seconds left.
|inactive|Hal8 has 20 seconds left.
|inactive|Hal8 has 15 seconds left.
|inactive|Hal8 has 10 seconds left.
|inactive|Hal8 has 5 seconds left.
|
|t:|1750746707
|move|p2b: Calyrex|Astral Barrage|p1b: Lunala|[spread] p1a,p1b
|-supereffective|p1b: Lunala
|-damage|p1a: Sableye|46/100
|-damage|p1b: Lunala|0 fnt
|faint|p1b: Lunala
|-ability|p2b: Calyrex|Grim Neigh|boost
|-boost|p2b: Calyrex|spa|1
|move|p1a: Sableye|Foul Play|p2b: Calyrex
|-supereffective|p2b: Calyrex
|-enditem|p2b: Calyrex|Focus Sash
|-damage|p2b: Calyrex|1/100
|
|-weather|none
|upkeep
|turn|6
|inactive|Hal8 has 30 seconds left.
|inactive|Hal8 has 20 seconds left.
|inactive|Hal8 has 15 seconds left.
|inactive|Hal8 has 10 seconds left.
|inactive|Hal8 has 5 seconds left.
|
|t:|1750746762
|move|p2b: Calyrex|Draining Kiss|p1a: Sableye
|-supereffective|p1a: Sableye
|-damage|p1a: Sableye|0 fnt
|-heal|p2b: Calyrex|29/100|[from] drain|[of] p1a: Sableye
|faint|p1a: Sableye
|
|win|kutaka kfc
|raw|Hal8's rating: 1226 &rarr; <strong>1208</strong><br />(-18 for losing)
|raw|kutaka kfc's rating: 1330 &rarr; <strong>1344</strong><br />(+14 for winning)
|l|☆kutaka kfc
|player|p2|
|l|☆Hal8
|player|p1|
