|j|☆nrld
|j|☆Pupsbaerchen
|t:|1750741645
|gametype|doubles
|player|p1|nrld|1|1244
|player|p2|Pupsbaerchen|beauty-gen4dp|1248
|teamsize|p1|6
|teamsize|p2|6
|gen|9
|tier|[Gen 9] VGC 2025 Reg I
|rated|
|rule|Species Clause: Limit one of each Pokémon
|rule|Item Clause: Limit 1 of each item
|clearpoke
|poke|p1|Koraidon, L50|
|poke|p1|Farigiraf, L50, M|
|poke|p1|Iron Hands, L50|
|poke|p1|Reuniclus, L50, M|
|poke|p1|Kyogre, L50|
|poke|p1|Oranguru, L50, M|
|poke|p2|Eternatus, L50|
|poke|p2|Entei, L50|
|poke|p2|Suicune, L50|
|poke|p2|Landorus-Therian, L50, M|
|poke|p2|Regieleki, L50|
|poke|p2|Amoonguss, L50, M|
|teampreview|4
|inactive|Battle timer is ON: inactive players will automatically lose when time's up. (requested by Pupsbaerchen)
|
|t:|1750741669
|start
|switch|p1a: Reuniclus|Reuniclus, L50, M|100/100
|switch|p1b: Koraidon|Koraidon, L50|100/100
|switch|p2a: Entei|Entei, L50|100/100
|switch|p2b: Amoonguss|Amoonguss, L50, M|100/100
|-weather|SunnyDay|[from] ability: Orichalcum Pulse|[of] p1b: Koraidon
|-activate|p1b: Koraidon|Orichalcum Pulse|[source]
|turn|1
|
|t:|1750741684
|-terastallize|p1b: Koraidon|Fire
|move|p2b: Amoonguss|Protect|p2b: Amoonguss
|-singleturn|p2b: Amoonguss|Protect
|move|p1b: Koraidon|Flare Blitz|p2b: Amoonguss
|-activate|p2b: Amoonguss|move: Protect
|move|p2a: Entei|Sacred Fire|p1a: Reuniclus
|-damage|p1a: Reuniclus|34/100
|-status|p1a: Reuniclus|brn
|move|p1a: Reuniclus|Psychic|p2a: Entei
|-damage|p2a: Entei|53/100
|
|-weather|SunnyDay|[upkeep]
|-damage|p1a: Reuniclus|28/100 brn|[from] brn
|upkeep
|turn|2
|
|t:|1750741709
|move|p2b: Amoonguss|Rage Powder|p2b: Amoonguss
|-singleturn|p2b: Amoonguss|move: Rage Powder
|move|p1b: Koraidon|Collision Course|p2b: Amoonguss
|-resisted|p2b: Amoonguss
|-damage|p2b: Amoonguss|68/100
|move|p2a: Entei|Sacred Fire|p1a: Reuniclus
|-damage|p1a: Reuniclus|0 fnt
|faint|p1a: Reuniclus
|
|-weather|SunnyDay|[upkeep]
|upkeep
|
|t:|1750741718
|switch|p1a: Wisdom scarlet|Oranguru, L50, M, shiny|100/100
|turn|3
|inactive|Pupsbaerchen has 30 seconds left.
|
|t:|1750741744
|move|p2b: Amoonguss|Rage Powder|p2b: Amoonguss
|-singleturn|p2b: Amoonguss|move: Rage Powder
|move|p1b: Koraidon|Flare Blitz|p2b: Amoonguss
|-supereffective|p2b: Amoonguss
|-damage|p2b: Amoonguss|0 fnt
|faint|p2b: Amoonguss
|-damage|p1b: Koraidon|76/100|[from] Recoil
|move|p2a: Entei|Sacred Fire|p1a: Wisdom scarlet
|-damage|p1a: Wisdom scarlet|38/100
|-status|p1a: Wisdom scarlet|brn
|move|p1a: Wisdom scarlet|Instruct|p1b: Koraidon
|-singleturn|p1b: Koraidon|move: Instruct|[of] p1a: Wisdom scarlet
|move|p1b: Koraidon|Flare Blitz|p2a: Entei
|-resisted|p2a: Entei
|-damage|p2a: Entei|0 fnt
|faint|p2a: Entei
|-damage|p1b: Koraidon|58/100|[from] Recoil
|
|-weather|SunnyDay|[upkeep]
|-damage|p1a: Wisdom scarlet|31/100 brn|[from] brn
|upkeep
|
|t:|1750741762
|switch|p2a: Suicune|Suicune, L50|100/100
|switch|p2b: Eternatus|Eternatus, L50|100/100
|-ability|p2b: Eternatus|Pressure
|turn|4
|
|t:|1750741771
|move|p2b: Eternatus|Protect|p2b: Eternatus
|-singleturn|p2b: Eternatus|Protect
|move|p1b: Koraidon|Dragon Claw|p2b: Eternatus
|-activate|p2b: Eternatus|move: Protect
|move|p2a: Suicune|Tailwind|p2a: Suicune
|-sidestart|p2: Pupsbaerchen|move: Tailwind
|move|p1a: Wisdom scarlet|Trick Room|p1a: Wisdom scarlet
|-fieldstart|move: Trick Room|[of] p1a: Wisdom scarlet
|
|-weather|SunnyDay|[upkeep]
|-damage|p1a: Wisdom scarlet|25/100 brn|[from] brn
|upkeep
|turn|5
|
|t:|1750741794
|-terastallize|p2b: Eternatus|Poison
|move|p1a: Wisdom scarlet|Instruct|p1b: Koraidon
|-singleturn|p1b: Koraidon|move: Instruct|[of] p1a: Wisdom scarlet
|move|p1b: Koraidon|Dragon Claw|p2b: Eternatus
|-damage|p2b: Eternatus|52/100
|move|p1b: Koraidon|Collision Course|p2a: Suicune
|-damage|p2a: Suicune|42/100
|-enditem|p2a: Suicune|Sitrus Berry|[eat]
|-heal|p2a: Suicune|67/100|[from] item: Sitrus Berry
|move|p2a: Suicune|Scald|p1a: Wisdom scarlet
|-damage|p1a: Wisdom scarlet|16/100 brn
|move|p2b: Eternatus|Sludge Bomb|p1b: Koraidon
|-damage|p1b: Koraidon|0 fnt
|faint|p1b: Koraidon
|-damage|p2b: Eternatus|42/100|[from] item: Life Orb
|
|-weather|none
|-damage|p1a: Wisdom scarlet|10/100 brn|[from] brn
|upkeep
|
|t:|1750741809
|switch|p1b: Kyogre|Kyogre, L50|100/100
|-weather|RainDance|[from] ability: Drizzle|[of] p1b: Kyogre
|turn|6
|
|t:|1750741828
|move|p2b: Eternatus|Protect|p2b: Eternatus
|-singleturn|p2b: Eternatus|Protect
|move|p1b: Kyogre|Water Spout|p2b: Eternatus|[spread] p2a
|-activate|p2b: Eternatus|move: Protect
|-resisted|p2a: Suicune
|-damage|p2a: Suicune|29/100
|move|p1a: Wisdom scarlet|Instruct|p1b: Kyogre
|-singleturn|p1b: Kyogre|move: Instruct|[of] p1a: Wisdom scarlet
|move|p1b: Kyogre|Water Spout|p2a: Suicune|[spread] p2a
|-activate|p2b: Eternatus|move: Protect
|-resisted|p2a: Suicune
|-damage|p2a: Suicune|0 fnt
|faint|p2a: Suicune
|
|-weather|RainDance|[upkeep]
|-damage|p1a: Wisdom scarlet|4/100 brn|[from] brn
|upkeep
|turn|7
|
|t:|1750741844
|move|p2b: Eternatus|Protect||[still]
|-fail|p2b: Eternatus
|move|p1b: Kyogre|Water Spout|p2b: Eternatus
|-damage|p2b: Eternatus|0 fnt
|faint|p2b: Eternatus
|
|win|nrld
|raw|nrld's rating: 1244 &rarr; <strong>1269</strong><br />(+25 for winning)
|raw|Pupsbaerchen's rating: 1248 &rarr; <strong>1223</strong><br />(-25 for losing)
|l|☆Pupsbaerchen
|player|p2|
|l|☆nrld
|player|p1|
