|j|☆imgoldshark07
|j|☆pokestervgc5
|t:|1750808890
|gametype|doubles
|player|p1|imgoldshark07|170|
|player|p2|pokestervgc5|170|
|teamsize|p1|6
|teamsize|p2|6
|gen|9
|tier|[Gen 9] VGC 2025 Reg I
|rated|Tournament battle
|rule|Species Clause: Limit one of each Pokémon
|rule|Item Clause: Limit 1 of each item
|raw|<div class="infobox"><details class="readmore" open><summary><strong>2 custom rules:</strong></summary> Force Open Team Sheets, !Open Team Sheets</details></div>
|clearpoke
|poke|p1|Koraidon, L50|
|poke|p1|Calyrex-Shadow, L50|
|poke|p1|Raging Bolt, L50|
|poke|p1|Incineroar, L50, M|
|poke|p1|Amoonguss, L50, F|
|poke|p1|Volcarona, L50, M|
|poke|p2|Kyogre, L50|
|poke|p2|Smeargle, L50, M|
|poke|p2|Farigiraf, L50, F|
|poke|p2|Urshifu-*, L50, F|
|poke|p2|Landorus, L50, M|
|poke|p2|Calyrex-Ice, L50|
|teampreview|4
|showteam|p1|Koraidon||ClearAmulet|OrichalcumPulse|CollisionCourse,FlameCharge,FlareBlitz,Protect||||||50|,,,,,Fire]Calyrex-Shadow||FocusSash|AsOneSpectrier|AstralBarrage,Psychic,NastyPlot,Protect||||||50|,,,,,Ghost]Raging Bolt||LifeOrb|Protosynthesis|Thunderbolt,Thunderclap,DragonPulse,Protect||||||50|,,,,,Electric]Incineroar||AssaultVest|Intimidate|FakeOut,FlareBlitz,Uturn,KnockOff|||M|||50|,,,,,Bug]Amoonguss||CovertCloak|Regenerator|Protect,Spore,RagePowder,SludgeBomb|||F|||50|,,,,,Dark]Volcarona||RockyHelmet|FlameBody|FieryDance,StruggleBug,RagePowder,Tailwind|||M|||50|,,,,,Water
|showteam|p2|Kyogre||ChoiceSpecs|Drizzle|WaterSpout,OriginPulse,IceBeam,TeraBlast||||||50|,,,,,Water]Smeargle||EjectPack|Moody|FakeOut,FollowMe,Spore,WideGuard|||M|||50|,,,,,Ghost]Farigiraf||SafetyGoggles|ArmorTail|TrickRoom,HelpingHand,AllySwitch,FoulPlay|||F|||50|,,,,,Water]Urshifu||ChoiceBand|UnseenFist|WickedBlow,CloseCombat,SuckerPunch,Uturn|||F|||50|,,,,,Grass]Landorus||LifeOrb|SheerForce|Protect,EarthPower,SludgeBomb,SandsearStorm|||M|||50|,,,,,Poison]Calyrex-Ice||ClearAmulet|AsOneGlastrier|GlacialLance,TrickRoom,HighHorsepower,Imprison||||||50|,,,,,Grass
|
|t:|1750808932
|start
|switch|p1a: Amoonguss|Amoonguss, L50, F|100/100
|switch|p1b: Incineroar|Incineroar, L50, M|100/100
|switch|p2a: Smeargle|Smeargle, L50, M, shiny|100/100
|switch|p2b: Farigiraf|Farigiraf, L50, F|100/100
|-ability|p1b: Incineroar|Intimidate|boost
|-unboost|p2a: Smeargle|atk|1
|-unboost|p2b: Farigiraf|atk|1
|-enditem|p2a: Smeargle|Eject Pack
|
|t:|1750808962
|switch|p2a: Kyogre|Kyogre, L50|100/100
|-weather|RainDance|[from] ability: Drizzle|[of] p2a: Kyogre
|turn|1
|
|t:|1750808977
|-terastallize|p2a: Kyogre|Water
|move|p2b: Farigiraf|Helping Hand|p2a: Kyogre
|-singleturn|p2a: Kyogre|Helping Hand|[of] p2b: Farigiraf
|move|p1b: Incineroar|U-turn|p2a: Kyogre
|-damage|p2a: Kyogre|84/100
|
|t:|1750808981
|switch|p1b: Koraidon|Koraidon, L50|100/100|[from] U-turn
|-weather|SunnyDay|[from] ability: Orichalcum Pulse|[of] p1b: Koraidon
|-activate|p1b: Koraidon|Orichalcum Pulse|[source]
|move|p2a: Kyogre|Water Spout|p1a: Amoonguss|[spread] p1a,p1b
|-resisted|p1a: Amoonguss
|-resisted|p1b: Koraidon
|-damage|p1a: Amoonguss|64/100
|-damage|p1b: Koraidon|60/100
|move|p1a: Amoonguss|Spore|p2b: Farigiraf
|-activate|p2b: Farigiraf|item: Safety Goggles|Spore
|
|-weather|SunnyDay|[upkeep]
|upkeep
|turn|2
|inactive|Battle timer is ON: inactive players will automatically lose when time's up. (requested by imgoldshark07)
|inactive|pokestervgc5 has 60 seconds left.
|
|t:|1750809070
|switch|p2a: Smeargle|Smeargle, L50, M, shiny|100/100
|move|p1b: Koraidon|Collision Course|p2b: Farigiraf
|-damage|p2b: Farigiraf|44/100
|move|p1a: Amoonguss|Spore|p2a: Smeargle
|-status|p2a: Smeargle|slp|[from] move: Spore
|move|p2b: Farigiraf|Trick Room|p2b: Farigiraf
|-fieldstart|move: Trick Room|[of] p2b: Farigiraf
|
|-weather|SunnyDay|[upkeep]
|-ability|p2a: Smeargle|Moody|boost
|-boost|p2a: Smeargle|spe|2
|-unboost|p2a: Smeargle|spa|1
|upkeep
|turn|3
|inactive|pokestervgc5 has 30 seconds left.
|inactive|imgoldshark07 has 30 seconds left.
|inactive|pokestervgc5 has 20 seconds left.
|inactive|pokestervgc5 has 15 seconds left.
|inactive|pokestervgc5 has 10 seconds left.
|inactive|pokestervgc5 has 5 seconds left.
|
|t:|1750809122
|switch|p2a: Kyogre|Kyogre, L50, tera:Water|84/100
|-weather|RainDance|[from] ability: Drizzle|[of] p2a: Kyogre
|move|p2b: Farigiraf|Ally Switch|p2b: Farigiraf
|swap|p2b: Farigiraf|0|[from] move: Ally Switch
|move|p1a: Amoonguss|Spore|p2a: Farigiraf
|-activate|p2a: Farigiraf|item: Safety Goggles|Spore
|move|p1b: Koraidon|Collision Course|p2a: Farigiraf
|-damage|p2a: Farigiraf|0 fnt
|faint|p2a: Farigiraf
|
|-weather|RainDance|[upkeep]
|upkeep
|
|t:|1750809133
|switch|p2a: Landorus|Landorus, L50, M|100/100
|turn|4
|
|t:|1750809147
|switch|p1b: Incineroar|Incineroar, L50, M|100/100
|-ability|p1b: Incineroar|Intimidate|boost
|-unboost|p2a: Landorus|atk|1
|-unboost|p2b: Kyogre|atk|1
|move|p1a: Amoonguss|Protect|p1a: Amoonguss
|-singleturn|p1a: Amoonguss|Protect
|move|p2b: Kyogre|Water Spout|p1b: Incineroar|[spread] p1b
|-activate|p1a: Amoonguss|move: Protect
|-supereffective|p1b: Incineroar
|-damage|p1b: Incineroar|0 fnt
|faint|p1b: Incineroar
|move|p2a: Landorus|Earth Power|p1a: Amoonguss
|-activate|p1a: Amoonguss|move: Protect
|
|-weather|RainDance|[upkeep]
|upkeep
|
|t:|1750809161
|switch|p1b: Koraidon|Koraidon, L50|60/100
|-weather|SunnyDay|[from] ability: Orichalcum Pulse|[of] p1b: Koraidon
|-activate|p1b: Koraidon|Orichalcum Pulse|[source]
|turn|5
|
|t:|1750809179
|switch|p2b: Smeargle|Smeargle, L50, M, shiny|100/100 slp
|move|p2a: Landorus|Protect|p2a: Landorus
|-singleturn|p2a: Landorus|Protect
|move|p1a: Amoonguss|Spore|p2a: Landorus
|-activate|p2a: Landorus|move: Protect
|move|p1b: Koraidon|Collision Course|p2b: Smeargle
|-supereffective|p2b: Smeargle
|-damage|p2b: Smeargle|0 fnt
|faint|p2b: Smeargle
|
|-weather|SunnyDay|[upkeep]
|upkeep
|
|t:|1750809188
|switch|p2b: Kyogre|Kyogre, L50, tera:Water|84/100
|-weather|RainDance|[from] ability: Drizzle|[of] p2b: Kyogre
|turn|6
|inactive|imgoldshark07 has 30 seconds left.
|inactive|pokestervgc5 has 30 seconds left.
|inactive|pokestervgc5 has 20 seconds left.
|
|t:|1750809226
|move|p1a: Amoonguss|Spore|p2b: Kyogre
|-status|p2b: Kyogre|slp|[from] move: Spore
|cant|p2b: Kyogre|slp
|move|p2a: Landorus|Sandsear Storm|p1a: Amoonguss|[spread] p1a,p1b
|-damage|p1a: Amoonguss|12/100
|-damage|p1b: Koraidon|0 fnt
|faint|p1b: Koraidon
|
|-weather|RainDance|[upkeep]
|-fieldend|move: Trick Room
|upkeep
|
|t:|1750809229
|switch|p1b: Raging Bolt|Raging Bolt, L50|100/100
|turn|7
|inactive|imgoldshark07 has 30 seconds left.
|
|t:|1750809262
|move|p1a: Amoonguss|Protect|p1a: Amoonguss
|-singleturn|p1a: Amoonguss|Protect
|move|p2a: Landorus|Sandsear Storm|p1a: Amoonguss|[spread] p1b
|-activate|p1a: Amoonguss|move: Protect
|-supereffective|p1b: Raging Bolt
|-damage|p1b: Raging Bolt|0 fnt
|faint|p1b: Raging Bolt
|-end|p1b: Raging Bolt|Protosynthesis|[silent]
|cant|p2b: Kyogre|slp
|
|-weather|RainDance|[upkeep]
|upkeep
|turn|8
|
|t:|1750809269
|move|p2a: Landorus|Sandsear Storm|p1a: Amoonguss
|-damage|p1a: Amoonguss|0 fnt
|faint|p1a: Amoonguss
|
|win|pokestervgc5
|n|☆imgoldshark07|imgoldshark07
|n|☆pokestervgc5|pokestervgc5
