|j|☆DashingSceptile
|j|☆THEGOOSE12
|t:|1750820760
|gametype|doubles
|player|p1|DashingSceptile|102|1214
|player|p2|THEGOOSE12|unknown|1332
|teamsize|p1|6
|teamsize|p2|6
|gen|9
|tier|[Gen 9] VGC 2025 Reg I
|rated|
|rule|Species Clause: Limit one of each Pokémon
|rule|Item Clause: Limit 1 of each item
|clearpoke
|poke|p1|Dialga, L50|
|poke|p1|Ho-Oh, L50|
|poke|p1|Ursaluna, L50, M|
|poke|p1|Iron Hands, L50|
|poke|p1|Enamorus-Therian, L50, F|
|poke|p1|Cresselia, L50, F|
|poke|p2|Groudon, L50|
|poke|p2|Miraidon, L50|
|poke|p2|Farigiraf, L50, F|
|poke|p2|Iron Hands, L50|
|poke|p2|Iron Moth, L50|
|poke|p2|Whimsicott, L50, M|
|teampreview|4
|inactive|Battle timer is ON: inactive players will automatically lose when time's up. (requested by THEGOOSE12)
|inactive|THEGOOSE12 has 60 seconds left.
|
|t:|1750820794
|start
|switch|p1a: Cresselia|Cresselia, L50, F|100/100
|switch|p1b: Ursaluna|Ursaluna, L50, M|100/100
|switch|p2a: HELPIMBEINGEATEN|Farigiraf, L50, F|100/100
|switch|p2b: Eyesore|Groudon, L50, shiny|100/100
|-weather|SunnyDay|[from] ability: Drought|[of] p2b: Eyesore
|turn|1
|inactive|THEGOOSE12 has 30 seconds left.
|
|t:|1750820825
|move|p2b: Eyesore|Swords Dance|p2b: Eyesore
|-boost|p2b: Eyesore|atk|2
|move|p2a: HELPIMBEINGEATEN|Gravity|p2a: HELPIMBEINGEATEN
|-fieldstart|move: Gravity
|move|p1b: Ursaluna|Swords Dance|p1b: Ursaluna
|-boost|p1b: Ursaluna|atk|2
|move|p1a: Cresselia|Trick Room|p1a: Cresselia
|-fieldstart|move: Trick Room|[of] p1a: Cresselia
|
|-weather|SunnyDay|[upkeep]
|-status|p1b: Ursaluna|brn|[from] item: Flame Orb
|upkeep
|turn|2
|
|t:|1750820843
|move|p2b: Eyesore|Protect|p2b: Eyesore
|-singleturn|p2b: Eyesore|Protect
|move|p1a: Cresselia|Ally Switch|p1a: Cresselia
|swap|p1a: Cresselia|1|[from] move: Ally Switch
|move|p1a: Ursaluna|Facade|p2b: Eyesore
|-activate|p2b: Eyesore|move: Protect
|move|p2a: HELPIMBEINGEATEN|Trick Room|p2a: HELPIMBEINGEATEN
|-fieldend|move: Trick Room
|
|-weather|SunnyDay|[upkeep]
|-damage|p1a: Ursaluna|94/100 brn|[from] brn
|upkeep
|turn|3
|
|t:|1750820854
|move|p2a: HELPIMBEINGEATEN|Helping Hand|p2b: Eyesore
|-singleturn|p2b: Eyesore|Helping Hand|[of] p2a: HELPIMBEINGEATEN
|move|p1a: Ursaluna|Protect|p1a: Ursaluna
|-singleturn|p1a: Ursaluna|Protect
|move|p2b: Eyesore|Precipice Blades|p1a: Ursaluna|[spread] p1b
|-activate|p1a: Ursaluna|move: Protect
|-damage|p1b: Cresselia|0 fnt
|faint|p1b: Cresselia
|
|-weather|SunnyDay|[upkeep]
|-damage|p1a: Ursaluna|88/100 brn|[from] brn
|upkeep
|
|t:|1750820857
|switch|p1b: Ho-Oh|Ho-Oh, L50|100/100
|turn|4
|
|t:|1750820869
|move|p2a: HELPIMBEINGEATEN|Helping Hand|p2b: Eyesore
|-singleturn|p2b: Eyesore|Helping Hand|[of] p2a: HELPIMBEINGEATEN
|move|p2b: Eyesore|Precipice Blades|p1a: Ursaluna|[spread] p1a,p1b
|-supereffective|p1b: Ho-Oh
|-damage|p1a: Ursaluna|0 fnt
|-damage|p1b: Ho-Oh|0 fnt
|faint|p1a: Ursaluna
|faint|p1b: Ho-Oh
|
|-weather|SunnyDay|[upkeep]
|upkeep
|
|t:|1750820875
|switch|p1b: Dialga|Dialga, L50|100/100
|turn|5
|-message|DashingSceptile forfeited.
|
|win|THEGOOSE12
|raw|DashingSceptile's rating: 1214 &rarr; <strong>1197</strong><br />(-17 for losing)
|raw|THEGOOSE12's rating: 1332 &rarr; <strong>1345</strong><br />(+13 for winning)
|l|☆DashingSceptile
|player|p1|
