|j|☆AmaneB
|j|☆odin25dlg
|t:|1750713443
|gametype|doubles
|player|p1|AmaneB|brock|1417
|player|p2|odin25dlg|2|1500
|teamsize|p1|5
|teamsize|p2|6
|gen|9
|tier|[Gen 9] VGC 2025 Reg I
|rated|
|rule|Species Clause: Limit one of each Pokémon
|rule|Item Clause: Limit 1 of each item
|clearpoke
|poke|p1|Rayquaza, L50|
|poke|p1|Chien-Pao, L50|
|poke|p1|Tinkaton, L50, F|
|poke|p1|Eternatus, L50|
|poke|p1|Rhydon, L50, M|
|poke|p2|Calyrex-Shadow, L50|
|poke|p2|Miraidon, L50|
|poke|p2|Incineroar, L50, M|
|poke|p2|Whimsicott, L50, M|
|poke|p2|Urshifu-*, L50, M|
|poke|p2|Ogerpon-Hearthflame, L50, F|
|teampreview|4
|inactive|Battle timer is ON: inactive players will automatically lose when time's up. (requested by odin25dlg)
|inactive|AmaneB has 60 seconds left.
|inactive|odin25dlg has 60 seconds left.
|
|t:|1750713500
|start
|switch|p1a: Rayquaza|Rayquaza, L50, shiny|100/100
|switch|p1b: Tinkaton|Tinkaton, L50, F|100/100
|switch|p2a: Whimsicott|Whimsicott, L50, M|100/100
|switch|p2b: Calyrex|Calyrex-Shadow, L50|100/100
|-ability|p2b: Calyrex|As One
|-ability|p2b: Calyrex|Unnerve
|-ability|p1a: Rayquaza|Air Lock
|-ability|p1b: Tinkaton|Mold Breaker
|turn|1
|
|t:|1750713520
|move|p2a: Whimsicott|Tailwind|p2a: Whimsicott
|-sidestart|p2: odin25dlg|move: Tailwind
|move|p2b: Calyrex|Psychic|p1a: Rayquaza
|-damage|p1a: Rayquaza|41/100
|move|p1a: Rayquaza|Swords Dance|p1a: Rayquaza
|-boost|p1a: Rayquaza|atk|2
|move|p1b: Tinkaton|Knock Off|p2b: Calyrex
|-supereffective|p2b: Calyrex
|-enditem|p2b: Calyrex|Focus Sash
|-damage|p2b: Calyrex|1/100
|
|upkeep
|turn|2
|
|t:|1750713538
|move|p2b: Calyrex|Protect|p2b: Calyrex
|-singleturn|p2b: Calyrex|Protect
|move|p1a: Rayquaza|Protect|p1a: Rayquaza
|-singleturn|p1a: Rayquaza|Protect
|move|p2a: Whimsicott|Encore|p1a: Rayquaza
|-activate|p1a: Rayquaza|move: Protect
|move|p1b: Tinkaton|Knock Off|p2b: Calyrex
|-activate|p2b: Calyrex|move: Protect
|
|upkeep
|turn|3
|
|t:|1750713551
|move|p1a: Rayquaza|Extreme Speed|p2a: Whimsicott
|-damage|p2a: Whimsicott|40/100
|move|p2a: Whimsicott|Encore|p1a: Rayquaza
|-start|p1a: Rayquaza|Encore
|move|p2b: Calyrex|Psychic|p1a: Rayquaza
|-crit|p1a: Rayquaza
|-damage|p1a: Rayquaza|0 fnt
|faint|p1a: Rayquaza
|-ability|p2b: Calyrex|Grim Neigh|boost
|-boost|p2b: Calyrex|spa|1
|move|p1b: Tinkaton|Knock Off|p2b: Calyrex
|-supereffective|p2b: Calyrex
|-damage|p2b: Calyrex|0 fnt
|faint|p2b: Calyrex
|
|upkeep
|
|t:|1750713565
|switch|p2b: Incineroar|Incineroar, L50, M|100/100
|switch|p1a: Eternatus|Eternatus, L50|100/100
|-ability|p1a: Eternatus|Pressure
|-ability|p2b: Incineroar|Intimidate|boost
|-unboost|p1a: Eternatus|atk|1
|-unboost|p1b: Tinkaton|atk|1
|turn|4
|
|t:|1750713586
|move|p2a: Whimsicott|Encore|p1b: Tinkaton
|-start|p1b: Tinkaton|Encore
|move|p1a: Eternatus|Sludge Wave|p2a: Whimsicott|[spread] p2a,p2b
|-immune|p1b: Tinkaton
|-supereffective|p2a: Whimsicott
|-damage|p2a: Whimsicott|0 fnt
|-damage|p2b: Incineroar|63/100
|faint|p2a: Whimsicott
|move|p2b: Incineroar|Knock Off|p1a: Eternatus
|-damage|p1a: Eternatus|68/100
|-enditem|p1a: Eternatus|Power Herb|[from] move: Knock Off|[of] p2b: Incineroar
|move|p1b: Tinkaton|Knock Off|p2b: Incineroar
|-resisted|p2b: Incineroar
|-damage|p2b: Incineroar|58/100
|-enditem|p2b: Incineroar|Sitrus Berry|[from] move: Knock Off|[of] p1b: Tinkaton
|
|-sideend|p2: odin25dlg|move: Tailwind
|upkeep
|
|t:|1750713602
|switch|p2a: Ogerpon|Ogerpon-Hearthflame, L50, F|100/100
|-ability|p2a: Ogerpon|Mold Breaker
|turn|5
|
|t:|1750713623
|move|p1a: Eternatus|Protect|p1a: Eternatus
|-singleturn|p1a: Eternatus|Protect
|move|p2a: Ogerpon|Spiky Shield|p2a: Ogerpon
|-singleturn|p2a: Ogerpon|move: Protect
|move|p1b: Tinkaton|Knock Off|p2a: Ogerpon
|-activate|p2a: Ogerpon|move: Protect
|-damage|p1b: Tinkaton|88/100|[from] Spiky Shield|[of] p2a: Ogerpon
|move|p2b: Incineroar|Parting Shot|p1a: Eternatus
|-activate|p1a: Eternatus|move: Protect
|
|upkeep
|turn|6
|
|t:|1750713639
|-terastallize|p1a: Eternatus|Poison
|-terastallize|p2a: Ogerpon|Fire
|detailschange|p2a: Ogerpon|Ogerpon-Hearthflame-Tera, L50, F, tera:Fire
|-ability|p2a: Ogerpon|Embody Aspect (Hearthflame)|boost
|-boost|p2a: Ogerpon|atk|1
|move|p1a: Eternatus|Sludge Wave|p2b: Incineroar|[spread] p2a,p2b
|-immune|p1b: Tinkaton
|-damage|p2a: Ogerpon|27/100
|-damage|p2b: Incineroar|4/100
|move|p2a: Ogerpon|Ivy Cudgel|p1a: Eternatus|[anim] Ivy Cudgel Fire
|-damage|p1a: Eternatus|0 fnt
|faint|p1a: Eternatus
|move|p1b: Tinkaton|Knock Off|p2a: Ogerpon
|-damage|p2a: Ogerpon|14/100
|move|p2b: Incineroar|Knock Off|p1b: Tinkaton
|-resisted|p1b: Tinkaton
|-damage|p1b: Tinkaton|70/100
|-enditem|p1b: Tinkaton|Metal Coat|[from] move: Knock Off|[of] p2b: Incineroar
|
|-end|p1b: Tinkaton|Encore
|upkeep
|
|t:|1750713657
|switch|p1a: Chien-Pao|Chien-Pao, L50|100/100
|-ability|p1a: Chien-Pao|Sword of Ruin
|turn|7
|-message|odin25dlg forfeited.
|
|win|AmaneB
|raw|AmaneB's rating: 1417 &rarr; <strong>1442</strong><br />(+25 for winning)
|raw|odin25dlg's rating: 1500 &rarr; <strong>1475</strong><br />(-25 for losing)
|l|☆odin25dlg
|player|p2|
