|j|☆vguekdk
|j|☆Luislegend0712
|t:|1750882379
|gametype|doubles
|player|p1|vguekdk|2|1532
|player|p2|Luislegend0712|1|1479
|teamsize|p1|6
|teamsize|p2|6
|gen|9
|tier|[Gen 9] VGC 2025 Reg I
|rated|
|rule|Species Clause: Limit one of each Pokémon
|rule|Item Clause: Limit 1 of each item
|clearpoke
|poke|p1|Eternatus, L50|
|poke|p1|Rillaboom, L50, F|
|poke|p1|Incineroar, L50, F|
|poke|p1|Lugia, L50|
|poke|p1|Farigiraf, L50, M|
|poke|p1|Ogerpon-Cornerstone, L50, F|
|poke|p2|Kyogre, L50|
|poke|p2|Grimmsnarl, L50, M|
|poke|p2|Miraidon, L50|
|poke|p2|Wo-Chien, L50|
|poke|p2|Incineroar, L50, M|
|poke|p2|Gothitelle, L50, F|
|teampreview|4
|inactive|Battle timer is ON: inactive players will automatically lose when time's up. (requested by vguekdk)
|
|t:|1750882401
|start
|switch|p1a: Rillaboom|Rillaboom, L50, F|100/100
|switch|p1b: Eternatus|Eternatus, L50|100/100
|switch|p2a: Kyogre|Kyogre, L50|100/100
|switch|p2b: Grimmsnarl|Grimmsnarl, L50, M|100/100
|-ability|p1b: Eternatus|Pressure
|-fieldstart|move: Grassy Terrain|[from] ability: Grassy Surge|[of] p1a: Rillaboom
|-weather|RainDance|[from] ability: Drizzle|[of] p2a: Kyogre
|turn|1
|inactive|Luislegend0712 has 30 seconds left.
|
|t:|1750882428
|move|p1a: Rillaboom|Fake Out|p2a: Kyogre
|-damage|p2a: Kyogre|87/100
|move|p2b: Grimmsnarl|Reflect|p2b: Grimmsnarl
|-sidestart|p2: Luislegend0712|Reflect
|move|p1b: Eternatus|Toxic|p2a: Kyogre
|-status|p2a: Kyogre|tox
|cant|p2a: Kyogre|flinch
|
|-weather|RainDance|[upkeep]
|-heal|p2a: Kyogre|93/100 tox|[from] Grassy Terrain
|-damage|p2a: Kyogre|87/100 tox|[from] psn
|upkeep
|turn|2
|
|t:|1750882443
|move|p1a: Rillaboom|Grassy Glide|p2a: Kyogre
|-supereffective|p2a: Kyogre
|-damage|p2a: Kyogre|44/100 tox
|move|p2b: Grimmsnarl|Thunder Wave|p1b: Eternatus
|-status|p1b: Eternatus|par
|move|p2a: Kyogre|Ice Beam|p1b: Eternatus
|-supereffective|p1b: Eternatus
|-damage|p1b: Eternatus|50/100 par
|move|p1b: Eternatus|Cosmic Power|p1b: Eternatus
|-boost|p1b: Eternatus|def|1
|-boost|p1b: Eternatus|spd|1
|
|-weather|RainDance|[upkeep]
|-heal|p2a: Kyogre|50/100 tox|[from] Grassy Terrain
|-heal|p1b: Eternatus|56/100 par|[from] Grassy Terrain
|-heal|p1b: Eternatus|62/100 par|[from] item: Black Sludge
|-damage|p2a: Kyogre|39/100 tox|[from] psn
|upkeep
|turn|3
|inactive|vguekdk has 30 seconds left.
|
|t:|1750882473
|switch|p2a: Miraidon|Miraidon, L50|100/100
|-fieldstart|move: Electric Terrain|[from] ability: Hadron Engine|[of] p2a: Miraidon
|move|p1a: Rillaboom|U-turn|p2a: Miraidon
|-damage|p2a: Miraidon|85/100
|
|t:|1750882481
|switch|p1a: Ogerpon|Ogerpon-Cornerstone, L50, F|100/100|[from] U-turn
|move|p2b: Grimmsnarl|Spirit Break|p1b: Eternatus
|-damage|p1b: Eternatus|50/100 par
|-unboost|p1b: Eternatus|spa|1
|move|p1b: Eternatus|Cosmic Power|p1b: Eternatus
|-boost|p1b: Eternatus|def|1
|-boost|p1b: Eternatus|spd|1
|
|-weather|RainDance|[upkeep]
|-heal|p1b: Eternatus|56/100 par|[from] item: Black Sludge
|upkeep
|turn|4
|
|t:|1750882499
|switch|p1a: Rillaboom|Rillaboom, L50, F|100/100
|-fieldstart|move: Grassy Terrain|[from] ability: Grassy Surge|[of] p1a: Rillaboom
|move|p1b: Eternatus|Protect|p1b: Eternatus
|-singleturn|p1b: Eternatus|Protect
|move|p2a: Miraidon|Volt Switch|p1b: Eternatus
|-activate|p1b: Eternatus|move: Protect
|move|p2b: Grimmsnarl|Spirit Break|p1b: Eternatus
|-activate|p1b: Eternatus|move: Protect
|
|-weather|RainDance|[upkeep]
|-heal|p2a: Miraidon|92/100|[from] Grassy Terrain
|-heal|p1b: Eternatus|62/100 par|[from] Grassy Terrain
|-heal|p1b: Eternatus|68/100 par|[from] item: Black Sludge
|upkeep
|turn|5
|
|t:|1750882517
|switch|p2a: Wo-Chien|Wo-Chien, L50|100/100
|-ability|p2a: Wo-Chien|Tablets of Ruin
|move|p1a: Rillaboom|Fake Out|p2a: Wo-Chien
|-damage|p2a: Wo-Chien|95/100
|move|p2b: Grimmsnarl|Light Screen|p2b: Grimmsnarl
|-sidestart|p2: Luislegend0712|move: Light Screen
|move|p1b: Eternatus|Toxic|p2a: Wo-Chien
|-status|p2a: Wo-Chien|tox
|
|-weather|none
|-heal|p2a: Wo-Chien|100/100 tox|[from] Grassy Terrain
|-heal|p1b: Eternatus|75/100 par|[from] Grassy Terrain
|-heal|p1b: Eternatus|81/100 par|[from] item: Black Sludge
|-damage|p2a: Wo-Chien|94/100 tox|[from] psn
|upkeep
|turn|6
|-message|Luislegend0712 forfeited.
|
|win|vguekdk
|raw|vguekdk's rating: 1532 &rarr; <strong>1549</strong><br />(+17 for winning)
|raw|Luislegend0712's rating: 1479 &rarr; <strong>1462</strong><br />(-17 for losing)
|l|☆Luislegend0712
|player|p2|
