|j|☆Angelo Neres
|j|☆Mars002
|t:|1750863212
|gametype|doubles
|player|p1|Angelo Neres|102|1526
|player|p2|Mars002|169|1588
|teamsize|p1|6
|teamsize|p2|6
|gen|9
|tier|[Gen 9] VGC 2025 Reg I
|rated|
|rule|Species Clause: Limit one of each Pokémon
|rule|Item Clause: Limit 1 of each item
|clearpoke
|poke|p1|Groudon, L50|
|poke|p1|Moltres-Galar, L50|
|poke|p1|Scream Tail, L50|
|poke|p1|Grimmsnarl, L50, M|
|poke|p1|Zamazenta-*, L50|
|poke|p1|Tsareena, L50, F|
|poke|p2|Groudon, L50|
|poke|p2|Calyrex-Ice, L50|
|poke|p2|Rillaboom, L50, M|
|poke|p2|Annihilape, L50, F|
|poke|p2|Walking Wake, L50|
|poke|p2|Comfey, L50, M|
|teampreview|4
|inactive|Battle timer is ON: inactive players will automatically lose when time's up. (requested by Mars002)
|inactive|Angelo Neres has 60 seconds left.
|
|t:|1750863254
|start
|switch|p1a: Tsareena|Tsareena, L50, F, shiny|100/100
|switch|p1b: Zamazenta|Zamazenta-Crowned, L50|100/100
|switch|p2a: Annihilape|Annihilape, L50, F|100/100
|switch|p2b: Walking Wake|Walking Wake, L50|100/100
|-ability|p1b: Zamazenta|Dauntless Shield|boost
|-boost|p1b: Zamazenta|def|1
|turn|1
|inactive|Angelo Neres has 30 seconds left.
|inactive|Mars002 has 30 seconds left.
|inactive|Angelo Neres has 20 seconds left.
|
|t:|1750863291
|move|p1b: Zamazenta|Protect|p1b: Zamazenta
|-singleturn|p1b: Zamazenta|Protect
|move|p2a: Annihilape|Final Gambit|p1b: Zamazenta
|-activate|p1b: Zamazenta|move: Protect
|move|p2b: Walking Wake|Hydro Steam|p1a: Tsareena
|-resisted|p1a: Tsareena
|-damage|p1a: Tsareena|64/100
|move|p1a: Tsareena|Knock Off|p2a: Annihilape
|-damage|p2a: Annihilape|68/100
|-enditem|p2a: Annihilape|Choice Scarf|[from] move: Knock Off|[of] p1a: Tsareena
|
|upkeep
|turn|2
|inactive|Mars002 has 30 seconds left.
|
|t:|1750863317
|switch|p2a: Groudon|Groudon, L50|100/100
|-weather|SunnyDay|[from] ability: Drought|[of] p2a: Groudon
|-activate|p2b: Walking Wake|ability: Protosynthesis
|-start|p2b: Walking Wake|protosynthesisspe
|move|p2b: Walking Wake|Hydro Steam|p1b: Zamazenta
|-damage|p1b: Zamazenta|39/100
|move|p1b: Zamazenta|Behemoth Bash|p2a: Groudon
|-damage|p2a: Groudon|76/100
|move|p1a: Tsareena|Trailblaze|p2b: Walking Wake
|-damage|p2b: Walking Wake|73/100
|-boost|p1a: Tsareena|spe|1
|
|-weather|SunnyDay|[upkeep]
|upkeep
|turn|3
|inactive|Mars002 has 30 seconds left.
|
|t:|1750863345
|switch|p2a: Calyrex|Calyrex-Ice, L50|100/100
|-ability|p2a: Calyrex|As One
|-ability|p2a: Calyrex|Unnerve
|-terastallize|p2b: Walking Wake|Water
|-terastallize|p1a: Tsareena|Fire
|move|p1b: Zamazenta|Protect|p1b: Zamazenta
|-singleturn|p1b: Zamazenta|Protect
|move|p2b: Walking Wake|Hydro Steam|p1a: Tsareena
|-supereffective|p1a: Tsareena
|-damage|p1a: Tsareena|0 fnt
|faint|p1a: Tsareena
|
|-weather|SunnyDay|[upkeep]
|upkeep
|
|t:|1750863359
|switch|p1a: Scream Tail|Scream Tail, L50, shiny|100/100
|-activate|p1a: Scream Tail|ability: Protosynthesis
|-start|p1a: Scream Tail|protosynthesisspe
|turn|4
|
|t:|1750863382
|move|p1a: Scream Tail|Disable|p2b: Walking Wake
|-start|p2b: Walking Wake|Disable|Hydro Steam
|cant|p2b: Walking Wake|Disable|Hydro Steam
|move|p1b: Zamazenta|Body Press|p2a: Calyrex
|-damage|p2a: Calyrex|64/100
|move|p2a: Calyrex|Trick Room|p2a: Calyrex
|-fieldstart|move: Trick Room|[of] p2a: Calyrex
|
|-weather|SunnyDay|[upkeep]
|upkeep
|turn|5
|inactive|Angelo Neres has 30 seconds left.
|inactive|Angelo Neres has 20 seconds left.
|inactive|Angelo Neres has 15 seconds left.
|
|t:|1750863424
|-end|p2b: Walking Wake|Protosynthesis|[silent]
|switch|p2b: Groudon|Groudon, L50|76/100
|move|p2a: Calyrex|Protect|p2a: Calyrex
|-singleturn|p2a: Calyrex|Protect
|move|p1b: Zamazenta|Wide Guard|p1b: Zamazenta
|-singleturn|p1b: Zamazenta|Wide Guard
|move|p1a: Scream Tail|Disable|p2a: Calyrex
|-activate|p2a: Calyrex|move: Protect
|
|-weather|SunnyDay|[upkeep]
|upkeep
|turn|6
|
|t:|1750863440
|-end|p1a: Scream Tail|Protosynthesis|[silent]
|switch|p1a: Moltres|Moltres-Galar, L50, shiny|100/100
|move|p1b: Zamazenta|Wide Guard|p1b: Zamazenta
|-singleturn|p1b: Zamazenta|Wide Guard
|move|p2a: Calyrex|Seed Bomb|p1a: Moltres
|-resisted|p1a: Moltres
|-damage|p1a: Moltres|84/100
|move|p2b: Groudon|Shadow Claw|p1a: Moltres
|-resisted|p1a: Moltres
|-damage|p1a: Moltres|71/100
|
|-weather|none
|upkeep
|turn|7
|inactive|Angelo Neres has 30 seconds left.
|
|t:|1750863466
|move|p1b: Zamazenta|Wide Guard|p1b: Zamazenta
|-singleturn|p1b: Zamazenta|Wide Guard
|move|p2a: Calyrex|Glacial Lance|p1b: Zamazenta|[spread] 
|-activate|p1a: Moltres|move: Wide Guard
|-activate|p1b: Zamazenta|move: Wide Guard
|move|p2b: Groudon|Precipice Blades|p1a: Moltres|[spread] 
|-activate|p1a: Moltres|move: Wide Guard
|-activate|p1b: Zamazenta|move: Wide Guard
|move|p1a: Moltres|Fiery Wrath|p2a: Calyrex|[spread] p2a,p2b
|-supereffective|p2a: Calyrex
|-damage|p2a: Calyrex|23/100
|-damage|p2b: Groudon|59/100
|
|upkeep
|turn|8
|inactive|Mars002 has 30 seconds left.
|
|t:|1750863498
|switch|p2b: Walking Wake|Walking Wake, L50, tera:Water|73/100
|move|p2a: Calyrex|Protect|p2a: Calyrex
|-singleturn|p2a: Calyrex|Protect
|move|p1b: Zamazenta|Wide Guard|p1b: Zamazenta
|-singleturn|p1b: Zamazenta|Wide Guard
|move|p1a: Moltres|Fiery Wrath|p2b: Walking Wake|[spread] p2b
|-activate|p2a: Calyrex|move: Protect
|-damage|p2b: Walking Wake|38/100
|
|-fieldend|move: Trick Room
|upkeep
|turn|9
|inactive|Angelo Neres has 30 seconds left.
|
|t:|1750863529
|switch|p2a: Groudon|Groudon, L50|59/100
|-weather|SunnyDay|[from] ability: Drought|[of] p2a: Groudon
|-activate|p2b: Walking Wake|ability: Protosynthesis
|-start|p2b: Walking Wake|protosynthesisspe
|move|p2b: Walking Wake|Hydro Steam|p1a: Moltres
|-damage|p1a: Moltres|0 fnt
|faint|p1a: Moltres
|move|p1b: Zamazenta|Body Press|p2b: Walking Wake
|-damage|p2b: Walking Wake|0 fnt
|faint|p2b: Walking Wake
|-end|p2b: Walking Wake|Protosynthesis|[silent]
|
|-weather|SunnyDay|[upkeep]
|upkeep
|
|t:|1750863547
|switch|p2b: Annihilape|Annihilape, L50, F|68/100
|switch|p1a: Scream Tail|Scream Tail, L50, shiny|100/100
|-activate|p1a: Scream Tail|ability: Protosynthesis
|-start|p1a: Scream Tail|protosynthesisspe
|turn|10
|inactive|Angelo Neres has 30 seconds left.
|inactive|Angelo Neres has 20 seconds left.
|inactive|Angelo Neres has 15 seconds left.
|
|t:|1750863587
|move|p1b: Zamazenta|Protect|p1b: Zamazenta
|-singleturn|p1b: Zamazenta|Protect
|move|p1a: Scream Tail|Thunder Wave|p2b: Annihilape
|-status|p2b: Annihilape|par
|move|p2a: Groudon|Shadow Claw|p1a: Scream Tail
|-supereffective|p1a: Scream Tail
|-damage|p1a: Scream Tail|60/100
|move|p2b: Annihilape|Final Gambit|p1b: Zamazenta
|-activate|p1b: Zamazenta|move: Protect
|
|-weather|SunnyDay|[upkeep]
|upkeep
|turn|11
|inactive|Angelo Neres has 30 seconds left.
|inactive|Mars002 has 30 seconds left.
|inactive|Mars002 has 20 seconds left.
|
|t:|1750863627
|move|p1a: Scream Tail|Encore|p2a: Groudon
|-start|p2a: Groudon|Encore
|move|p1b: Zamazenta|Body Press|p2a: Groudon
|-damage|p2a: Groudon|21/100
|move|p2a: Groudon|Shadow Claw|p1a: Scream Tail
|-supereffective|p1a: Scream Tail
|-damage|p1a: Scream Tail|16/100
|move|p2b: Annihilape|Shadow Claw|p1a: Scream Tail
|-supereffective|p1a: Scream Tail
|-damage|p1a: Scream Tail|0 fnt
|faint|p1a: Scream Tail
|-end|p1a: Scream Tail|Protosynthesis|[silent]
|
|-weather|SunnyDay|[upkeep]
|upkeep
|turn|12
|inactive|Angelo Neres has 30 seconds left.
|
|t:|1750863659
|move|p1b: Zamazenta|Behemoth Bash|p2b: Annihilape
|-damage|p2b: Annihilape|25/100 par
|move|p2a: Groudon|Shadow Claw|p1b: Zamazenta
|-crit|p1b: Zamazenta
|-damage|p1b: Zamazenta|13/100
|cant|p2b: Annihilape|par
|
|-weather|SunnyDay|[upkeep]
|upkeep
|turn|13
|
|t:|1750863671
|move|p1b: Zamazenta|Body Press|p2a: Groudon
|-damage|p2a: Groudon|0 fnt
|faint|p2a: Groudon
|move|p2b: Annihilape|Final Gambit|p1b: Zamazenta
|-damage|p1b: Zamazenta|0 fnt
|faint|p2b: Annihilape
|faint|p1b: Zamazenta
|
|win|Mars002
|raw|Angelo Neres's rating: 1526 &rarr; <strong>1510</strong><br />(-16 for losing)
|raw|Mars002's rating: 1588 &rarr; <strong>1604</strong><br />(+16 for winning)
|l|☆Angelo Neres
|player|p1|
|l|☆Mars002
|player|p2|
