|j|☆weege_thegod
|j|☆playtimedfg
|t:|1750799725
|gametype|doubles
|player|p1|weege_thegod|ghetsis|1071
|player|p2|playtimedfg|gambler|1047
|teamsize|p1|6
|teamsize|p2|6
|gen|9
|tier|[Gen 9] VGC 2025 Reg I
|rated|
|rule|Species Clause: Limit one of each Pokémon
|rule|Item Clause: Limit 1 of each item
|clearpoke
|poke|p1|Armarouge, L50, F|
|poke|p1|Indeedee-F, L50, F|
|poke|p1|Kingambit, L50, M|
|poke|p1|Amoonguss, L50, F|
|poke|p1|Terapagos, L50, M|
|poke|p1|Calyrex-Ice, L50|
|poke|p2|Koraidon, L50|
|poke|p2|Charizard, L50, M|
|poke|p2|Flutter Mane, L50|
|poke|p2|Incineroar, L50, F|
|poke|p2|Tornadus, L50, M|
|poke|p2|Amoonguss, L50, F|
|teampreview|4
|inactive|Battle timer is ON: inactive players will automatically lose when time's up. (requested by weege_thegod)
|inactive|playtimedfg also wants the timer to be on.
playtimedfg has agreed to open team sheets.
weege_thegod has agreed to open team sheets.
|showteam|p1|Armarouge||LifeOrb|FlashFire|ExpandingForce,HeatWave,TrickRoom,Protect|||F|||50|,,,,,Grass]Indeedee-F||PsychicSeed|PsychicSurge|FollowMe,HelpingHand,Protect,Psychic|||F|||50|,,,,,Fairy]Kingambit||BlackGlasses|Defiant|KowtowCleave,SuckerPunch,IronHead,Protect|||M|||50|,,,,,Flying]Amoonguss||RockyHelmet|Regenerator|RagePowder,Spore,PollenPuff,Protect|||F|||50|,,,,,Water]Terapagos||Leftovers|TeraShift|TeraStarstorm,EarthPower,CalmMind,Protect|||M|||50|,,,,,Stellar]Calyrex-Ice||ClearAmulet|AsOneGlastrier|GlacialLance,HighHorsepower,TrickRoom,Protect||||||50|,,,,,Psychic
|showteam|p2|Koraidon||HeatRock|OrichalcumPulse|CollisionCourse,SwordsDance,Protect,DragonClaw||||||50|,,,,,Fire]Charizard||ChoiceSpecs|SolarPower|BlastBurn,AirSlash,AncientPower,SolarBeam|||M|||50|,,,,,Fire]Flutter Mane||WeaknessPolicy|Protosynthesis|ShadowBall,Moonblast,MysticalFire,Protect||||||50|,,,,,Fire]Incineroar||AbilityShield|Intimidate|FakeOut,KnockOff,PartingShot,TemperFlare|||F|||50|,,,,,Ghost]Tornadus||SitrusBerry|Prankster|Tailwind,BleakwindStorm,Protect,Uturn|||M|||50|,,,,,Flying]Amoonguss||BlackSludge|Regenerator|PollenPuff,Spore,Protect,RagePowder|||F|||50|,,,,,Water
|inactive|weege_thegod has 60 seconds left.
|inactive|playtimedfg has 60 seconds left.
|
|t:|1750799761
|start
|switch|p1a: Indeedee|Indeedee-F, L50, F|100/100
|switch|p1b: Armarouge|Armarouge, L50, F, shiny|100/100
|switch|p2a: Flutter Mane|Flutter Mane, L50|100/100
|switch|p2b: Incineroar|Incineroar, L50, F|100/100
|-fieldstart|move: Psychic Terrain|[from] ability: Psychic Surge|[of] p1a: Indeedee
|-enditem|p1a: Indeedee|Psychic Seed
|-boost|p1a: Indeedee|spd|1|[from] item: Psychic Seed
|-ability|p2b: Incineroar|Intimidate|boost
|-unboost|p1a: Indeedee|atk|1
|-unboost|p1b: Armarouge|atk|1
|turn|1
|inactive|weege_thegod has 30 seconds left.
|inactive|playtimedfg has 30 seconds left.
|inactive|weege_thegod has 20 seconds left.
|inactive|playtimedfg has 20 seconds left.
|inactive|playtimedfg has 15 seconds left.
|inactive|playtimedfg has 10 seconds left.
|inactive|playtimedfg has 5 seconds left.
|
|t:|1750799816
|move|p2b: Incineroar|Fake Out|p1b: Armarouge
|-activate|p1b: Armarouge|move: Psychic Terrain
|move|p1a: Indeedee|Follow Me|p1a: Indeedee
|-singleturn|p1a: Indeedee|move: Follow Me
|move|p2a: Flutter Mane|Shadow Ball|p1a: Indeedee
|-immune|p1a: Indeedee
|move|p1b: Armarouge|Trick Room|p1b: Armarouge
|-fieldstart|move: Trick Room|[of] p1b: Armarouge
|
|upkeep
|turn|2
|inactive|playtimedfg no longer wants the timer on, but the timer is staying on because weegethegod still does.
|inactive|playtimedfg has 30 seconds left.
|inactive|playtimedfg has 20 seconds left.
|
|t:|1750799854
|move|p2b: Incineroar|Parting Shot|p1b: Armarouge
|-unboost|p1b: Armarouge|atk|1
|-unboost|p1b: Armarouge|spa|1
|
|t:|1750799859
|switch|p2b: Amoonguss|Amoonguss, L50, F, shiny|100/100|[from] Parting Shot
|move|p1b: Armarouge|Heat Wave|p2a: Flutter Mane|[spread] p2a,p2b
|-supereffective|p2b: Amoonguss
|-damage|p2a: Flutter Mane|64/100
|-damage|p2b: Amoonguss|55/100
|-damage|p1b: Armarouge|91/100|[from] item: Life Orb
|move|p1a: Indeedee|Psychic|p2a: Flutter Mane
|-damage|p2a: Flutter Mane|20/100
|-unboost|p2a: Flutter Mane|spd|1
|move|p2a: Flutter Mane|Mystical Fire|p1a: Indeedee
|-damage|p1a: Indeedee|85/100
|-unboost|p1a: Indeedee|spa|1
|
|-heal|p2b: Amoonguss|61/100|[from] item: Black Sludge
|upkeep
|turn|3
|inactive|weege_thegod has 30 seconds left.
|inactive|playtimedfg has 30 seconds left.
|
|t:|1750799888
|switch|p1a: Kingambit|Kingambit, L50, M, shiny|100/100
|move|p2a: Flutter Mane|Protect|p2a: Flutter Mane
|-singleturn|p2a: Flutter Mane|Protect
|move|p2b: Amoonguss|Spore|p1b: Armarouge
|-status|p1b: Armarouge|slp|[from] move: Spore
|cant|p1b: Armarouge|slp
|
|-heal|p2b: Amoonguss|67/100|[from] item: Black Sludge
|upkeep
|turn|4
|
|t:|1750799915
|switch|p1b: Terapagos|Terapagos, L50, M|100/100
|-activate|p1b: Terapagos|ability: Tera Shift
|detailschange|p1b: Terapagos|Terapagos-Terastal, L50, M
|-heal|p1b: Terapagos|100/100|[silent]
|-terastallize|p2a: Flutter Mane|Fire
|move|p2b: Amoonguss|Rage Powder|p2b: Amoonguss
|-singleturn|p2b: Amoonguss|move: Rage Powder
|move|p1a: Kingambit|Kowtow Cleave|p2b: Amoonguss
|-damage|p2b: Amoonguss|0 fnt
|faint|p2b: Amoonguss
|move|p2a: Flutter Mane|Mystical Fire|p1a: Kingambit
|-supereffective|p1a: Kingambit
|-damage|p1a: Kingambit|27/100
|-unboost|p1a: Kingambit|spa|1
|-ability|p1a: Kingambit|Defiant|boost
|-boost|p1a: Kingambit|atk|2
|
|upkeep
|
|t:|1750799936
|switch|p2b: Incineroar|Incineroar, L50, F|100/100
|-ability|p2b: Incineroar|Intimidate|boost
|-unboost|p1a: Kingambit|atk|1
|-ability|p1a: Kingambit|Defiant|boost
|-boost|p1a: Kingambit|atk|2
|-unboost|p1b: Terapagos|atk|1
|turn|5
|inactive|playtimedfg has 30 seconds left.
|
|t:|1750799968
|move|p2a: Flutter Mane|Protect|p2a: Flutter Mane
|-singleturn|p2a: Flutter Mane|Protect
|move|p2b: Incineroar|Fake Out|p1b: Terapagos
|-activate|p1b: Terapagos|move: Psychic Terrain
|move|p1a: Kingambit|Iron Head|p2b: Incineroar
|-resisted|p2b: Incineroar
|-damage|p2b: Incineroar|43/100
|move|p1b: Terapagos|Earth Power|p2a: Flutter Mane
|-activate|p2a: Flutter Mane|move: Protect
|
|-fieldend|move: Trick Room
|-fieldend|move: Psychic Terrain
|upkeep
|turn|6
|
|t:|1750799988
|switch|p1b: Indeedee|Indeedee-F, L50, F|85/100
|-fieldstart|move: Psychic Terrain|[from] ability: Psychic Surge|[of] p1b: Indeedee
|move|p1a: Kingambit|Sucker Punch|p2a: Flutter Mane
|-activate|p2a: Flutter Mane|move: Psychic Terrain
|move|p2a: Flutter Mane|Mystical Fire|p1a: Kingambit
|-supereffective|p1a: Kingambit
|-damage|p1a: Kingambit|0 fnt
|faint|p1a: Kingambit
|move|p2b: Incineroar|Knock Off|p1b: Indeedee
|-supereffective|p1b: Indeedee
|-damage|p1b: Indeedee|7/100
|
|upkeep
|
|t:|1750800000
|switch|p1a: Terapagos|Terapagos-Terastal, L50, M|100/100
|turn|7
|inactive|playtimedfg has 30 seconds left.
|inactive|playtimedfg has 20 seconds left.
|inactive|playtimedfg has 15 seconds left.
|inactive|playtimedfg has 10 seconds left.
|
|t:|1750800049
|-terastallize|p1a: Terapagos|Stellar
|detailschange|p1a: Terapagos|Terapagos-Stellar, L50, M, tera:Stellar
|-heal|p1a: Terapagos|100/100|[silent]
|-ability|p1a: Terapagos|Teraform Zero
|-fieldend|move: Psychic Terrain
|move|p1b: Indeedee|Follow Me|p1b: Indeedee
|-singleturn|p1b: Indeedee|move: Follow Me
|move|p2a: Flutter Mane|Moonblast|p1b: Indeedee
|-damage|p1b: Indeedee|0 fnt
|faint|p1b: Indeedee
|move|p1a: Terapagos|Calm Mind|p1a: Terapagos
|-boost|p1a: Terapagos|spa|1
|-boost|p1a: Terapagos|spd|1
|move|p2b: Incineroar|Knock Off|p1a: Terapagos
|-damage|p1a: Terapagos|67/100
|-enditem|p1a: Terapagos|Leftovers|[from] move: Knock Off|[of] p2b: Incineroar
|
|upkeep
|
|t:|1750800064
|switch|p1b: Armarouge|Armarouge, L50, F, shiny|91/100 slp
|turn|8
|l|☆playtimedfg
|inactive|playtimedfg disconnected and has a minute to reconnect!
|player|p2|
|inactive|playtimedfg has 30 seconds left.
|j|☆playtimedfg
|inactive|playtimedfg reconnected and has 30 seconds left.
|player|p2|playtimedfg|gambler|
|inactive|playtimedfg has 20 seconds left.
|inactive|playtimedfg also wants the timer to be on.
|inactive|playtimedfg has 15 seconds left.
|inactive|playtimedfg no longer wants the timer on, but the timer is staying on because weegethegod still does.
|inactive|playtimedfg has 10 seconds left.
|inactive|playtimedfg has 5 seconds left.
|
|t:|1750800119
|move|p2b: Incineroar|Fake Out||[still]
|-hint|Fake Out only works on your first turn out.
|-fail|p2b: Incineroar
|move|p2a: Flutter Mane|Shadow Ball|p1b: Armarouge
|-supereffective|p1b: Armarouge
|-damage|p1b: Armarouge|0 fnt
|faint|p1b: Armarouge
|move|p1a: Terapagos|Tera Starstorm|p2a: Flutter Mane|[spread] p2a,p2b
|-supereffective|p2a: Flutter Mane
|-damage|p2a: Flutter Mane|0 fnt
|-damage|p2b: Incineroar|0 fnt
|faint|p2a: Flutter Mane
|-end|p2a: Flutter Mane|Protosynthesis|[silent]
|faint|p2b: Incineroar
|
|upkeep
|
|t:|1750800136
|switch|p2a: Koraidon|Koraidon, L50|100/100
|-weather|SunnyDay|[from] ability: Orichalcum Pulse|[of] p2a: Koraidon
|-activate|p2a: Koraidon|Orichalcum Pulse|[source]
|turn|9
|
|t:|1750800151
|move|p2a: Koraidon|Collision Course|p1a: Terapagos
|-supereffective|p1a: Terapagos
|-damage|p1a: Terapagos|0 fnt
|faint|p1a: Terapagos
|detailschange|p1: Terapagos|Terapagos, L50, M|[silent]
|
|win|playtimedfg
|raw|weege_thegod's rating: 1071 &rarr; <strong>1049</strong><br />(-22 for losing)
|raw|playtimedfg's rating: 1047 &rarr; <strong>1082</strong><br />(+35 for winning)
|l|☆weege_thegod
|player|p1|
|c|☆playtimedfg|GG
|l|☆playtimedfg
|player|p2|
|j|☆playtimedfg
|player|p2|playtimedfg|gambler|
