|j|☆Scaramouche_UwU6
|j|☆yupggwp
|t:|1750799758
|gametype|doubles
|player|p1|Scaramouche_UwU6|169|1302
|player|p2|yupggwp|170|1265
|teamsize|p1|6
|teamsize|p2|6
|gen|9
|tier|[Gen 9] VGC 2025 Reg I
|rated|
|rule|Species Clause: Limit one of each Pokémon
|rule|Item Clause: Limit 1 of each item
|clearpoke
|poke|p1|Gengar, L50, M|
|poke|p1|Calyrex-Ice, L50|
|poke|p1|Miraidon, L50|
|poke|p1|Grimmsnarl, L50, M|
|poke|p1|Volcarona, L50, F|
|poke|p1|Ogerpon-Wellspring, L50, F|
|poke|p2|Miraidon, L50|
|poke|p2|Iron Moth, L50|
|poke|p2|Excadrill, L50, F|
|poke|p2|Whimsicott, L50, M|
|poke|p2|Incineroar, L50, F|
|poke|p2|Dialga-Origin, L50|
|teampreview|4
|inactive|Battle timer is ON: inactive players will automatically lose when time's up. (requested by yupggwp)
|inactive|yupggwp has 60 seconds left.
|inactive|yupggwp has 30 seconds left.
|inactive|yupggwp has 20 seconds left.
|
|t:|1750799838
|start
|switch|p1a: Changli|Volcarona, L50, F, shiny|100/100
|switch|p1b: Pastellence|Grimmsnarl, L50, M, shiny|100/100
|switch|p2a: Iron Moth|Iron Moth, L50|100/100
|switch|p2b: Whimsicott|Whimsicott, L50, M|100/100
|turn|1
|inactive|yupggwp has 30 seconds left.
|
|t:|1750799866
|-terastallize|p1b: Pastellence|Ghost
|move|p2b: Whimsicott|Tailwind|p2b: Whimsicott
|-sidestart|p2: yupggwp|move: Tailwind
|move|p1b: Pastellence|Light Screen|p1b: Pastellence
|-sidestart|p1: Scaramouche_UwU6|move: Light Screen
|move|p2a: Iron Moth|Fiery Dance|p1a: Changli
|-damage|p1a: Changli|60/100
|-boost|p2a: Iron Moth|spa|1
|-damage|p2a: Iron Moth|91/100|[from] item: Life Orb
|move|p1a: Changli|Struggle Bug|p2a: Iron Moth|[spread] p2a,p2b
|-resisted|p2a: Iron Moth
|-damage|p2a: Iron Moth|87/100
|-damage|p2b: Whimsicott|80/100
|-unboost|p2a: Iron Moth|spa|1
|-unboost|p2b: Whimsicott|spa|1
|
|upkeep
|turn|2
|inactive|yupggwp has 30 seconds left.
|inactive|yupggwp has 20 seconds left.
|inactive|yupggwp has 15 seconds left.
|inactive|yupggwp has 10 seconds left.
|inactive|yupggwp has 5 seconds left.
|
|t:|1750799919
|move|p2b: Whimsicott|Taunt|p1a: Changli
|-start|p1a: Changli|move: Taunt
|move|p1b: Pastellence|Scary Face|p2a: Iron Moth
|-unboost|p2a: Iron Moth|spe|2
|cant|p1a: Changli|move: Taunt|Quiver Dance
|move|p2a: Iron Moth|Fiery Dance|p1a: Changli
|-damage|p1a: Changli|20/100
|-damage|p2a: Iron Moth|77/100|[from] item: Life Orb
|
|upkeep
|turn|3
|inactive|yupggwp has 30 seconds left.
|inactive|yupggwp has 20 seconds left.
|inactive|yupggwp has 15 seconds left.
|inactive|yupggwp has 10 seconds left.
|
|t:|1750799965
|move|p2b: Whimsicott|Encore|p1a: Changli
|-start|p1a: Changli|Encore
|move|p1a: Changli|Struggle Bug|p2a: Iron Moth|[spread] p2a,p2b
|-resisted|p2a: Iron Moth
|-damage|p2a: Iron Moth|73/100
|-damage|p2b: Whimsicott|60/100
|-unboost|p2a: Iron Moth|spa|1
|-unboost|p2b: Whimsicott|spa|1
|move|p2a: Iron Moth|Fiery Dance|p1b: Pastellence
|-damage|p1b: Pastellence|70/100
|-damage|p2a: Iron Moth|63/100|[from] item: Life Orb
|move|p1b: Pastellence|Spirit Break|p2b: Whimsicott
|-damage|p2b: Whimsicott|24/100
|-unboost|p2b: Whimsicott|spa|1
|
|upkeep
|turn|4
|inactive|yupggwp has 30 seconds left.
|inactive|yupggwp has 20 seconds left.
|
|t:|1750800002
|switch|p2b: Dialga|Dialga-Origin, L50|100/100
|move|p1b: Pastellence|Scary Face|p2a: Iron Moth
|-unboost|p2a: Iron Moth|spe|2
|move|p1a: Changli|Struggle Bug|p2a: Iron Moth|[spread] p2a,p2b
|-resisted|p2a: Iron Moth
|-resisted|p2b: Dialga
|-damage|p2a: Iron Moth|59/100
|-damage|p2b: Dialga|95/100
|-unboost|p2a: Iron Moth|spa|1
|-unboost|p2b: Dialga|spa|1
|move|p2a: Iron Moth|Sludge Wave|p1b: Pastellence|[spread] p1a,p1b
|-activate|p2b: Dialga|ability: Telepathy
|-resisted|p1b: Pastellence
|-damage|p1a: Changli|4/100
|-damage|p1b: Pastellence|60/100
|-damage|p2a: Iron Moth|49/100|[from] item: Life Orb
|
|-end|p1a: Changli|move: Taunt
|-sideend|p2: yupggwp|move: Tailwind
|upkeep
|turn|5
|inactive|yupggwp has 30 seconds left.
|
|t:|1750800032
|switch|p1a: Jotunn|Calyrex-Ice, L50|100/100
|-ability|p1a: Jotunn|As One
|-ability|p1a: Jotunn|Unnerve
|move|p1b: Pastellence|Scary Face|p1a: Jotunn
|-unboost|p1a: Jotunn|spe|2
|move|p2b: Dialga|Dragon Pulse|p1b: Pastellence
|-damage|p1b: Pastellence|33/100
|move|p2a: Iron Moth|Sludge Wave|p1a: Jotunn|[spread] p1a,p1b
|-activate|p2b: Dialga|ability: Telepathy
|-resisted|p1b: Pastellence
|-damage|p1a: Jotunn|93/100
|-damage|p1b: Pastellence|24/100
|-damage|p2a: Iron Moth|40/100|[from] item: Life Orb
|
|upkeep
|turn|6
|inactive|yupggwp has 30 seconds left.
|
|t:|1750800060
|switch|p1b: Changli|Volcarona, L50, F, shiny|4/100
|-end|p2a: Iron Moth|Quark Drive|[silent]
|switch|p2a: Whimsicott|Whimsicott, L50, M|24/100
|move|p2b: Dialga|Dragon Pulse|p1b: Changli
|-damage|p1b: Changli|0 fnt
|faint|p1b: Changli
|move|p1a: Jotunn|Stomping Tantrum|p2a: Whimsicott
|-resisted|p2a: Whimsicott
|-crit|p2a: Whimsicott
|-damage|p2a: Whimsicott|0 fnt
|faint|p2a: Whimsicott
|-ability|p1a: Jotunn|Chilling Neigh|boost
|-boost|p1a: Jotunn|atk|1
|
|upkeep
|inactive|yupggwp has 30 seconds left.
|
|t:|1750800093
|switch|p1b: Grin Shady|Gengar, L50, M|100/100
|switch|p2a: Iron Moth|Iron Moth, L50|40/100
|turn|7
|inactive|yupggwp has 30 seconds left.
|
|t:|1750800121
|move|p2a: Iron Moth|Protect|p2a: Iron Moth
|-singleturn|p2a: Iron Moth|Protect
|move|p2b: Dialga|Dragon Pulse|p1b: Grin Shady
|-damage|p1b: Grin Shady|52/100
|move|p1a: Jotunn|Stomping Tantrum|p2a: Iron Moth
|-activate|p2a: Iron Moth|move: Protect
|move|p1b: Grin Shady|Trick Room|p1b: Grin Shady
|-fieldstart|move: Trick Room|[of] p1b: Grin Shady
|
|upkeep
|turn|8
|inactive|yupggwp has 30 seconds left.
|inactive|yupggwp has 20 seconds left.
|inactive|yupggwp has 15 seconds left.
|inactive|yupggwp has 10 seconds left.
|inactive|yupggwp has 5 seconds left.
|
|t:|1750800172
|move|p1a: Jotunn|Stomping Tantrum|p2b: Dialga
|-supereffective|p2b: Dialga
|-damage|p2b: Dialga|25/100
|move|p2a: Iron Moth|Fiery Dance|p1a: Jotunn
|-supereffective|p1a: Jotunn
|-damage|p1a: Jotunn|58/100
|-damage|p2a: Iron Moth|30/100|[from] item: Life Orb
|move|p1b: Grin Shady|Shadow Ball|p2b: Dialga
|-damage|p2b: Dialga|0 fnt
|faint|p2b: Dialga
|
|-sideend|p1: Scaramouche_UwU6|move: Light Screen
|upkeep
|
|t:|1750800189
|switch|p2b: Miraidon|Miraidon, L50|100/100
|-fieldstart|move: Electric Terrain|[from] ability: Hadron Engine|[of] p2b: Miraidon
|-activate|p2a: Iron Moth|ability: Quark Drive
|-start|p2a: Iron Moth|quarkdrivespa
|turn|9
|
|t:|1750800205
|-terastallize|p2b: Miraidon|Electric
|move|p2a: Iron Moth|Protect|p2a: Iron Moth
|-singleturn|p2a: Iron Moth|Protect
|move|p1a: Jotunn|Glacial Lance|p2b: Miraidon|[spread] p2b
|-activate|p2a: Iron Moth|move: Protect
|-damage|p2b: Miraidon|20/100
|move|p1b: Grin Shady|Sludge Bomb|p2b: Miraidon
|-damage|p2b: Miraidon|0 fnt
|faint|p2b: Miraidon
|
|upkeep
|turn|10
|-message|yupggwp forfeited.
|
|win|Scaramouche_UwU6
|raw|Scaramouche_UwU6's rating: 1302 &rarr; <strong>1320</strong><br />(+18 for winning)
|raw|yupggwp's rating: 1265 &rarr; <strong>1243</strong><br />(-22 for losing)
|l|☆yupggwp
|player|p2|
|l|☆Scaramouche_UwU6
|player|p1|
