|j|☆TheDecommissioner
|j|☆Kingbingboi
|t:|1750739109
|gametype|doubles
|player|p1|TheDecommissioner|preschooler|1356
|player|p2|Kingbingboi|steven|1259
|teamsize|p1|6
|teamsize|p2|6
|gen|9
|tier|[Gen 9] VGC 2025 Reg I
|rated|
|rule|Species Clause: Limit one of each Pokémon
|rule|Item Clause: Limit 1 of each item
|clearpoke
|poke|p1|Walking Wake, L50|
|poke|p1|Torkoal, L50, M|
|poke|p1|Indeedee-F, L50, F|
|poke|p1|Koraidon, L50|
|poke|p1|Lilligant-Hisui, L50, F|
|poke|p1|Archaludon, L50, F|
|poke|p2|Oricorio-Sensu, L50, M|
|poke|p2|Tyranitar, L50, M|
|poke|p2|Volcarona, L50, M|
|poke|p2|Garchomp, L50, M|
|poke|p2|Calyrex-Shadow, L50|
|poke|p2|Zamazenta-*, L50|
|teampreview|4
|inactive|Battle timer is ON: inactive players will automatically lose when time's up. (requested by TheDecommissioner)
|inactive|TheDecommissioner has 60 seconds left.
|
|t:|1750739166
|start
|switch|p1a: Koraidon|Koraidon, L50|100/100
|switch|p1b: Scotland|Walking Wake, L50|100/100
|switch|p2a: Garchomp|Garchomp, L50, M|100/100
|switch|p2b: Tyranitar|Tyranitar, L50, M|100/100
|-weather|SunnyDay|[from] ability: Orichalcum Pulse|[of] p1a: Koraidon
|-activate|p1b: Scotland|ability: Protosynthesis
|-start|p1b: Scotland|protosynthesisspe
|-activate|p1a: Koraidon|Orichalcum Pulse|[source]
|-weather|Sandstorm|[from] ability: Sand Stream|[of] p2b: Tyranitar
|-end|p1b: Scotland|Protosynthesis
|-enditem|p1b: Scotland|Booster Energy
|-activate|p1b: Scotland|ability: Protosynthesis|[fromitem]
|-start|p1b: Scotland|protosynthesisspe
|turn|1
|inactive|Kingbingboi has 30 seconds left.
|
|t:|1750739198
|switch|p2b: Calyrex|Calyrex-Shadow, L50|100/100
|-ability|p2b: Calyrex|As One
|-ability|p2b: Calyrex|Unnerve
|move|p2a: Garchomp|Protect|p2a: Garchomp
|-singleturn|p2a: Garchomp|Protect
|move|p1b: Scotland|Hydro Steam|p2b: Calyrex
|-damage|p2b: Calyrex|59/100
|move|p1a: Koraidon|Dragon Claw|p2a: Garchomp
|-activate|p2a: Garchomp|move: Protect
|
|-weather|Sandstorm|[upkeep]
|-damage|p1b: Scotland|95/100|[from] Sandstorm
|-damage|p1a: Koraidon|95/100|[from] Sandstorm
|-damage|p2b: Calyrex|53/100|[from] Sandstorm
|upkeep
|turn|2
|
|t:|1750739223
|-terastallize|p2b: Calyrex|Fairy
|move|p1b: Scotland|Snarl|p2a: Garchomp|[spread] p2b
|-miss|p1b: Scotland|p2a: Garchomp
|-resisted|p2b: Calyrex
|-damage|p2b: Calyrex|46/100
|-unboost|p2b: Calyrex|spa|1
|move|p1a: Koraidon|Dragon Claw|p2a: Garchomp
|-supereffective|p2a: Garchomp
|-damage|p2a: Garchomp|9/100
|move|p2b: Calyrex|Astral Barrage|p1a: Koraidon|[spread] p1a,p1b
|-damage|p1a: Koraidon|42/100
|-damage|p1b: Scotland|31/100
|move|p2a: Garchomp|Dragon Claw|p1a: Koraidon
|-supereffective|p1a: Koraidon
|-damage|p1a: Koraidon|0 fnt
|faint|p1a: Koraidon
|
|-weather|Sandstorm|[upkeep]
|-damage|p1b: Scotland|25/100|[from] Sandstorm
|-damage|p2b: Calyrex|40/100|[from] Sandstorm
|upkeep
|
|t:|1750739231
|switch|p1a: Is|Archaludon, L50, F|100/100
|turn|3
|inactive|TheDecommissioner has 30 seconds left.
|inactive|TheDecommissioner has 20 seconds left.
|
|t:|1750739271
|-terastallize|p1a: Is|Grass
|move|p1b: Scotland|Hydro Steam|p2b: Calyrex
|-damage|p2b: Calyrex|2/100
|move|p2b: Calyrex|Astral Barrage|p1a: Is|[spread] p1a,p1b
|-damage|p1a: Is|66/100
|-damage|p1b: Scotland|0 fnt
|-ability|p1a: Is|Stamina|boost
|-boost|p1a: Is|def|1
|faint|p1b: Scotland
|-end|p1b: Scotland|Protosynthesis|[silent]
|-ability|p2b: Calyrex|Grim Neigh|boost
|-boost|p2b: Calyrex|spa|1
|move|p2a: Garchomp|Earthquake|p1a: Is|[spread] p2b,p1a
|-resisted|p1a: Is
|-damage|p2b: Calyrex|0 fnt
|-damage|p1a: Is|57/100
|-ability|p1a: Is|Stamina|boost
|-boost|p1a: Is|def|1
|faint|p2b: Calyrex
|move|p1a: Is|Dragon Pulse|p2a: Garchomp
|-supereffective|p2a: Garchomp
|-damage|p2a: Garchomp|0 fnt
|faint|p2a: Garchomp
|
|-weather|Sandstorm|[upkeep]
|-damage|p1a: Is|51/100|[from] Sandstorm
|upkeep
|
|t:|1750739293
|switch|p2b: Zamazenta|Zamazenta-Crowned, L50|100/100
|switch|p1b: Talking|Lilligant-Hisui, L50, F|100/100
|switch|p2a: Tyranitar|Tyranitar, L50, M|100/100
|-ability|p2b: Zamazenta|Dauntless Shield|boost
|-boost|p2b: Zamazenta|def|1
|turn|4
|
|t:|1750739308
|move|p2b: Zamazenta|Protect|p2b: Zamazenta
|-singleturn|p2b: Zamazenta|Protect
|move|p1b: Talking|Bullet Seed|p1a: Is
|-resisted|p1a: Is
|-damage|p1a: Is|49/100
|-ability|p1a: Is|Stamina|boost
|-boost|p1a: Is|def|1
|-resisted|p1a: Is
|-damage|p1a: Is|47/100
|-ability|p1a: Is|Stamina|boost
|-boost|p1a: Is|def|1
|-resisted|p1a: Is
|-damage|p1a: Is|46/100
|-ability|p1a: Is|Stamina|boost
|-boost|p1a: Is|def|1
|-resisted|p1a: Is
|-damage|p1a: Is|44/100
|-ability|p1a: Is|Stamina|boost
|-boost|p1a: Is|def|1
|-resisted|p1a: Is
|-damage|p1a: Is|43/100
|-hitcount|p1a: Is|5
|move|p1a: Is|Body Press|p2b: Zamazenta
|-activate|p2b: Zamazenta|move: Protect
|move|p2a: Tyranitar|Rock Slide|p1b: Talking|[spread] p1a,p1b
|-resisted|p1b: Talking
|-damage|p1a: Is|37/100
|-damage|p1b: Talking|77/100
|-damage|p2a: Tyranitar|91/100|[from] item: Life Orb
|
|-weather|Sandstorm|[upkeep]
|-damage|p1b: Talking|71/100|[from] Sandstorm
|-damage|p1a: Is|31/100|[from] Sandstorm
|upkeep
|turn|5
|inactive|Kingbingboi has 30 seconds left.
|
|t:|1750739341
|move|p1b: Talking|Sleep Powder|p2b: Zamazenta
|-status|p2b: Zamazenta|slp|[from] move: Sleep Powder
|cant|p2b: Zamazenta|slp
|move|p2a: Tyranitar|Dragon Dance|p2a: Tyranitar
|-boost|p2a: Tyranitar|atk|1
|-boost|p2a: Tyranitar|spe|1
|move|p1a: Is|Body Press|p2a: Tyranitar
|-supereffective|p2a: Tyranitar
|-damage|p2a: Tyranitar|0 fnt
|faint|p2a: Tyranitar
|
|-weather|none
|upkeep
|turn|6
|-message|Kingbingboi forfeited.
|
|win|TheDecommissioner
|raw|TheDecommissioner's rating: 1356 &rarr; <strong>1371</strong><br />(+15 for winning)
|raw|Kingbingboi's rating: 1259 &rarr; <strong>1241</strong><br />(-18 for losing)
|l|☆Kingbingboi
|player|p2|
|l|☆TheDecommissioner
|player|p1|
