|j|☆DNN0071297
|j|☆rainbowboojay
|t:|1750882856
|gametype|doubles
|player|p1|DNN0071297|cynthia-gen4|1328
|player|p2|rainbowboojay|1|1323
|teamsize|p1|6
|teamsize|p2|6
|gen|9
|tier|[Gen 9] VGC 2025 Reg I
|rated|
|rule|Species Clause: Limit one of each Pokémon
|rule|Item Clause: Limit 1 of each item
|clearpoke
|poke|p1|Smeargle, L50, F|
|poke|p1|Calyrex-Shadow, L50|
|poke|p1|Muk-Alola, L50, M|
|poke|p1|Indeedee-F, L50, F|
|poke|p1|Koraidon, L50|
|poke|p1|Flamigo, L50, M|
|poke|p2|Okidogi, L50, M|
|poke|p2|Chandelure, L50, M|
|poke|p2|Calyrex-Ice, L50|
|poke|p2|Urshifu-*, L50, M|
|poke|p2|Terapagos, L50, M|
|poke|p2|Meowscarada, L50, F|
|teampreview|4
|
|t:|1750882876
|start
|switch|p1a: Muk|Muk-Alola, L50, M|100/100
|switch|p1b: Smeargle|Smeargle, L50, F|100/100
|switch|p2a: Urshifu|Urshifu-Rapid-Strike, L50, M|100/100
|switch|p2b: Meowscarada|Meowscarada, L50, F|100/100
|turn|1
|
|t:|1750882896
|-terastallize|p2a: Urshifu|Water
|move|p1b: Smeargle|Fake Out|p2a: Urshifu
|-damage|p2a: Urshifu|91/100
|cant|p2a: Urshifu|flinch
|move|p2b: Meowscarada|Triple Axel|p1a: Muk
|-start|p2b: Meowscarada|typechange|Ice|[from] ability: Protean
|-damage|p1a: Muk|89/100
|-damage|p1a: Muk|67/100
|-damage|p1a: Muk|32/100
|-hitcount|p1a: Muk|3
|move|p1a: Muk|Minimize|p1a: Muk
|-boost|p1a: Muk|evasion|2
|
|-heal|p1a: Muk|38/100|[from] item: Leftovers
|-ability|p1b: Smeargle|Moody|boost
|-boost|p1b: Smeargle|atk|2
|-unboost|p1b: Smeargle|spd|1
|upkeep
|turn|2
|
|t:|1750882914
|move|p1b: Smeargle|Follow Me|p1b: Smeargle
|-singleturn|p1b: Smeargle|move: Follow Me
|move|p2a: Urshifu|Surging Strikes|p1b: Smeargle
|-crit|p1b: Smeargle
|-damage|p1b: Smeargle|10/100
|-crit|p1b: Smeargle
|-damage|p1b: Smeargle|0 fnt
|faint|p1b: Smeargle
|-ability|p1a: Muk|Moody|[from] ability: Power of Alchemy|[of] p1b: Smeargle
|-hitcount|p1: Smeargle|2
|move|p2b: Meowscarada|Triple Axel|p1a: Muk
|-damage|p1a: Muk|26/100
|-hitcount|p1a: Muk|1
|move|p1a: Muk|Minimize|p1a: Muk
|-boost|p1a: Muk|evasion|2
|
|-heal|p1a: Muk|33/100|[from] item: Leftovers
|-ability|p1a: Muk|Moody|boost
|-boost|p1a: Muk|spe|2
|-unboost|p1a: Muk|spd|1
|upkeep
|
|t:|1750882919
|switch|p1b: Indeedee|Indeedee-F, L50, F|100/100
|-fieldstart|move: Psychic Terrain|[from] ability: Psychic Surge|[of] p1b: Indeedee
|-enditem|p1b: Indeedee|Psychic Seed
|-boost|p1b: Indeedee|spd|1|[from] item: Psychic Seed
|turn|3
|
|t:|1750882931
|move|p2a: Urshifu|Surging Strikes|p1b: Indeedee
|-crit|p1b: Indeedee
|-damage|p1b: Indeedee|71/100
|-crit|p1b: Indeedee
|-damage|p1b: Indeedee|44/100
|-crit|p1b: Indeedee
|-damage|p1b: Indeedee|17/100
|-hitcount|p1b: Indeedee|3
|move|p2b: Meowscarada|Triple Axel|p1a: Muk|[miss]
|-miss|p2b: Meowscarada|p1a: Muk
|move|p1a: Muk|Minimize|p1a: Muk
|-boost|p1a: Muk|evasion|2
|move|p1b: Indeedee|Reflect|p1b: Indeedee
|-sidestart|p1: DNN0071297|Reflect
|
|-heal|p1a: Muk|39/100|[from] item: Leftovers
|-ability|p1a: Muk|Moody|boost
|-boost|p1a: Muk|spe|2
|-unboost|p1a: Muk|spd|1
|upkeep
|turn|4
|
|t:|1750882943
|move|p2a: Urshifu|Surging Strikes|p1a: Muk|[miss]
|-miss|p2a: Urshifu|p1a: Muk
|move|p1a: Muk|Toxic|p2a: Urshifu
|-status|p2a: Urshifu|tox
|move|p2b: Meowscarada|Triple Axel|p1b: Indeedee
|-damage|p1b: Indeedee|6/100
|-damage|p1b: Indeedee|0 fnt
|faint|p1b: Indeedee
|-hitcount|p1: Indeedee|2
|
|-heal|p1a: Muk|45/100|[from] item: Leftovers
|-damage|p2a: Urshifu|86/100 tox|[from] psn
|-ability|p1a: Muk|Moody|boost
|-boost|p1a: Muk|spa|2
|-unboost|p1a: Muk|def|1
|upkeep
|
|t:|1750882952
|switch|p1b: Calyrex|Calyrex-Shadow, L50|100/100
|-ability|p1b: Calyrex|As One
|-ability|p1b: Calyrex|Unnerve
|turn|5
|
|t:|1750882966
|-terastallize|p1b: Calyrex|Fairy
|move|p2a: Urshifu|Surging Strikes|p1b: Calyrex
|-crit|p1b: Calyrex
|-damage|p1b: Calyrex|72/100
|-crit|p1b: Calyrex
|-damage|p1b: Calyrex|39/100
|-crit|p1b: Calyrex
|-damage|p1b: Calyrex|11/100
|-hitcount|p1b: Calyrex|3
|move|p1b: Calyrex|Psych Up|p1a: Muk
|-copyboost|p1b: Calyrex|p1a: Muk|[from] move: Psych Up
|move|p1a: Muk|Toxic|p2b: Meowscarada
|-status|p2b: Meowscarada|tox
|move|p2b: Meowscarada|Triple Axel|p1b: Calyrex
|-damage|p1b: Calyrex|0 fnt
|faint|p1b: Calyrex
|-hitcount|p1: Calyrex|1
|
|-heal|p1a: Muk|51/100|[from] item: Leftovers
|-damage|p2a: Urshifu|74/100 tox|[from] psn
|-damage|p2b: Meowscarada|95/100 tox|[from] psn
|-ability|p1a: Muk|Moody|boost
|-boost|p1a: Muk|spd|2
|-unboost|p1a: Muk|spe|1
|upkeep
|turn|6
|
|t:|1750882998
|switch|p2b: Terapagos|Terapagos, L50, M|100/100
|-activate|p2b: Terapagos|ability: Tera Shift
|detailschange|p2b: Terapagos|Terapagos-Terastal, L50, M
|-heal|p2b: Terapagos|100/100|[silent]
|move|p2a: Urshifu|Surging Strikes|p1a: Muk|[miss]
|-miss|p2a: Urshifu|p1a: Muk
|move|p1a: Muk|Knock Off|p2a: Urshifu
|-damage|p2a: Urshifu|41/100 tox
|-enditem|p2a: Urshifu|Choice Scarf|[from] move: Knock Off|[of] p1a: Muk
|
|-heal|p1a: Muk|57/100|[from] item: Leftovers
|-damage|p2a: Urshifu|24/100 tox|[from] psn
|-ability|p1a: Muk|Moody|boost
|-boost|p1a: Muk|def|2
|-unboost|p1a: Muk|spd|1
|upkeep
|turn|7
|
|t:|1750883010
|move|p1a: Muk|Toxic|p2b: Terapagos
|-status|p2b: Terapagos|tox
|move|p2a: Urshifu|Surging Strikes|p1a: Muk
|-crit|p1a: Muk
|-damage|p1a: Muk|34/100
|-crit|p1a: Muk
|-damage|p1a: Muk|13/100
|-crit|p1a: Muk
|-damage|p1a: Muk|0 fnt
|faint|p1a: Muk
|-hitcount|p1: Muk|3
|
|win|rainbowboojay
|raw|DNN0071297's rating: 1328 &rarr; <strong>1308</strong><br />(-20 for losing)
|raw|rainbowboojay's rating: 1323 &rarr; <strong>1343</strong><br />(+20 for winning)
|l|☆DNN0071297
|player|p1|
|l|☆rainbowboojay
|player|p2|
