|j|☆vguekdk
|j|☆VVVincenTTT
|t:|1750777742
|gametype|doubles
|player|p1|vguekdk|1|1467
|player|p2|VVVincenTTT|cyrus|1490
|teamsize|p1|6
|teamsize|p2|6
|gen|9
|tier|[Gen 9] VGC 2025 Reg I
|rated|
|rule|Species Clause: Limit one of each Pokémon
|rule|Item Clause: Limit 1 of each item
|clearpoke
|poke|p1|Eternatus, L50|
|poke|p1|Rillaboom, L50, F|
|poke|p1|Incineroar, L50, F|
|poke|p1|Lugia, L50|
|poke|p1|Farigiraf, L50, M|
|poke|p1|Ogerpon-Cornerstone, L50, F|
|poke|p2|Miraidon, L50|
|poke|p2|Lunala, L50|
|poke|p2|Whimsicott, L50, M|
|poke|p2|Urshifu-*, L50, F|
|poke|p2|Incineroar, L50, M|
|poke|p2|Ursaluna, L50, M|
|teampreview|4
|inactive|Battle timer is ON: inactive players will automatically lose when time's up. (requested by vguekdk)
|inactive|VVVincenTTT has 60 seconds left.
|
|t:|1750777775
|start
|switch|p1a: Rillaboom|Rillaboom, L50, F|100/100
|switch|p1b: Eternatus|Eternatus, L50|100/100
|switch|p2a: Urshifu|Urshifu-Rapid-Strike, L50, F|100/100
|switch|p2b: Lunala|Lunala, L50|100/100
|-ability|p1b: Eternatus|Pressure
|-fieldstart|move: Grassy Terrain|[from] ability: Grassy Surge|[of] p1a: Rillaboom
|turn|1
|
|t:|1750777797
|move|p1a: Rillaboom|Fake Out|p2a: Urshifu
|-damage|p2a: Urshifu|87/100
|move|p1b: Eternatus|Toxic|p2b: Lunala
|-status|p2b: Lunala|tox
|cant|p2a: Urshifu|flinch
|move|p2b: Lunala|Trick Room|p2b: Lunala
|-fieldstart|move: Trick Room|[of] p2b: Lunala
|
|-heal|p2a: Urshifu|93/100|[from] Grassy Terrain
|-damage|p2b: Lunala|94/100 tox|[from] psn
|upkeep
|turn|2
|
|t:|1750777819
|move|p2b: Lunala|Moonblast|p1b: Eternatus
|-damage|p1b: Eternatus|78/100
|-unboost|p1b: Eternatus|spa|1
|move|p1a: Rillaboom|U-turn|p2a: Urshifu
|-resisted|p2a: Urshifu
|-damage|p2a: Urshifu|82/100
|
|t:|1750777827
|switch|p1a: Incineroar|Incineroar, L50, F|100/100|[from] U-turn
|-ability|p1a: Incineroar|Intimidate|boost
|-unboost|p2a: Urshifu|atk|1
|-unboost|p2b: Lunala|atk|1
|move|p2a: Urshifu|U-turn|p1a: Incineroar
|-damage|p1a: Incineroar|74/100
|-damage|p2a: Urshifu|66/100|[from] item: Rocky Helmet|[of] p1a: Incineroar
|
|t:|1750777835
|switch|p2a: Ursaluna|Ursaluna, L50, M|100/100|[from] U-turn
|move|p1b: Eternatus|Cosmic Power|p1b: Eternatus
|-boost|p1b: Eternatus|def|1
|-boost|p1b: Eternatus|spd|1
|
|-heal|p1a: Incineroar|80/100|[from] Grassy Terrain
|-heal|p2b: Lunala|100/100 tox|[from] Grassy Terrain
|-heal|p1b: Eternatus|85/100|[from] Grassy Terrain
|-heal|p1b: Eternatus|91/100|[from] item: Black Sludge
|-damage|p2b: Lunala|88/100 tox|[from] psn
|-status|p2a: Ursaluna|brn|[from] item: Flame Orb
|upkeep
|turn|3
|
|t:|1750777853
|-terastallize|p2a: Ursaluna|Ghost
|move|p1a: Incineroar|Fake Out|p2a: Ursaluna
|-immune|p2a: Ursaluna
|move|p2b: Lunala|Wide Guard|p2b: Lunala
|-singleturn|p2b: Lunala|Wide Guard
|move|p2a: Ursaluna|Earthquake|p1b: Eternatus|[spread] p1a,p1b
|-activate|p2b: Lunala|move: Wide Guard
|-supereffective|p1a: Incineroar
|-supereffective|p1b: Eternatus
|-damage|p1a: Incineroar|11/100
|-damage|p1b: Eternatus|60/100
|move|p1b: Eternatus|Cosmic Power|p1b: Eternatus
|-boost|p1b: Eternatus|def|1
|-boost|p1b: Eternatus|spd|1
|
|-heal|p1a: Incineroar|18/100|[from] Grassy Terrain
|-heal|p2b: Lunala|94/100 tox|[from] Grassy Terrain
|-heal|p1b: Eternatus|66/100|[from] Grassy Terrain
|-heal|p1b: Eternatus|73/100|[from] item: Black Sludge
|-damage|p2b: Lunala|76/100 tox|[from] psn
|-damage|p2a: Ursaluna|95/100 brn|[from] brn
|upkeep
|turn|4
|inactive|vguekdk has 30 seconds left.
|inactive|VVVincenTTT has 30 seconds left.
|
|t:|1750777886
|switch|p1a: Lugia|Lugia, L50|100/100
|move|p1b: Eternatus|Protect|p1b: Eternatus
|-singleturn|p1b: Eternatus|Protect
|move|p2b: Lunala|Wide Guard|p2b: Lunala
|-singleturn|p2b: Lunala|Wide Guard
|move|p2a: Ursaluna|Earthquake|p1a: Lugia|[spread] 
|-activate|p2b: Lunala|move: Wide Guard
|-activate|p1b: Eternatus|move: Protect
|-immune|p1a: Lugia
|
|-heal|p2a: Ursaluna|100/100 brn|[from] Grassy Terrain
|-heal|p2b: Lunala|82/100 tox|[from] Grassy Terrain
|-heal|p1b: Eternatus|79/100|[from] Grassy Terrain
|-heal|p1b: Eternatus|85/100|[from] item: Black Sludge
|-damage|p2b: Lunala|57/100 tox|[from] psn
|-damage|p2a: Ursaluna|95/100 brn|[from] brn
|upkeep
|turn|5
|inactive|vguekdk has 30 seconds left.
|
|t:|1750777912
|switch|p2b: Miraidon|Miraidon, L50|100/100
|-fieldstart|move: Electric Terrain|[from] ability: Hadron Engine|[of] p2b: Miraidon
|move|p2a: Ursaluna|Facade|p1a: Lugia
|-damage|p1a: Lugia|62/100
|move|p1a: Lugia|Psych Up|p1b: Eternatus
|-copyboost|p1a: Lugia|p1b: Eternatus|[from] move: Psych Up
|move|p1b: Eternatus|Recover|p1b: Eternatus
|-heal|p1b: Eternatus|100/100
|
|-heal|p1a: Lugia|68/100|[from] item: Leftovers
|-damage|p2a: Ursaluna|89/100 brn|[from] brn
|-fieldend|move: Trick Room
|upkeep
|turn|6
|
|t:|1750777931
|switch|p1a: Rillaboom|Rillaboom, L50, F|100/100
|-fieldstart|move: Grassy Terrain|[from] ability: Grassy Surge|[of] p1a: Rillaboom
|move|p2b: Miraidon|Electro Drift|p1a: Rillaboom
|-resisted|p1a: Rillaboom
|-damage|p1a: Rillaboom|69/100
|move|p1b: Eternatus|Toxic|p2b: Miraidon
|-status|p2b: Miraidon|tox
|move|p2a: Ursaluna|Facade|p1b: Eternatus
|-damage|p1b: Eternatus|56/100
|
|-heal|p1b: Eternatus|63/100|[from] Grassy Terrain
|-heal|p1b: Eternatus|69/100|[from] item: Black Sludge
|-heal|p1a: Rillaboom|75/100|[from] Grassy Terrain
|-heal|p2a: Ursaluna|95/100 brn|[from] Grassy Terrain
|-damage|p2b: Miraidon|95/100 tox|[from] psn
|-damage|p2a: Ursaluna|89/100 brn|[from] brn
|upkeep
|turn|7
|-message|VVVincenTTT forfeited.
|
|win|vguekdk
|raw|vguekdk's rating: 1467 &rarr; <strong>1488</strong><br />(+21 for winning)
|raw|VVVincenTTT's rating: 1490 &rarr; <strong>1469</strong><br />(-21 for losing)
|l|☆VVVincenTTT
|player|p2|
