|j|☆InekoAki
|j|☆dinglustan
|t:|1750781588
|gametype|doubles
|player|p1|InekoAki|lady|1620
|player|p2|dinglustan|102|1688
|teamsize|p1|6
|teamsize|p2|6
|gen|9
|tier|[Gen 9] VGC 2025 Reg I
|rated|
|rule|Species Clause: Limit one of each Pokémon
|rule|Item Clause: Limit 1 of each item
|clearpoke
|poke|p1|Calyrex-Shadow, L50|
|poke|p1|Zamazenta-*, L50|
|poke|p1|Chien-Pao, L50|
|poke|p1|Raging Bolt, L50|
|poke|p1|Rillaboom, L50, F|
|poke|p1|Entei, L50|
|poke|p2|Miraidon, L50|
|poke|p2|Calyrex-Ice, L50|
|poke|p2|Grimmsnarl, L50, M|
|poke|p2|Incineroar, L50, M|
|poke|p2|Urshifu-*, L50, M|
|poke|p2|Sinistcha, L50|
|teampreview|4
|inactive|Battle timer is ON: inactive players will automatically lose when time's up. (requested by dinglustan)
|inactive|InekoAki has 60 seconds left.
|
|t:|1750781624
|start
|switch|p1a: Calyrex|Calyrex-Shadow, L50|100/100
|switch|p1b: Zamazenta|Zamazenta-Crowned, L50|100/100
|switch|p2a: Miraidon|Miraidon, L50|100/100
|switch|p2b: Grimmsnarl|Grimmsnarl, L50, M|100/100
|-ability|p1a: Calyrex|As One
|-ability|p1a: Calyrex|Unnerve
|-fieldstart|move: Electric Terrain|[from] ability: Hadron Engine|[of] p2a: Miraidon
|-ability|p1b: Zamazenta|Dauntless Shield|boost
|-boost|p1b: Zamazenta|def|1
|turn|1
|
|t:|1750781642
|switch|p1a: Rillaboom|Rillaboom, L50, F|100/100
|-fieldstart|move: Grassy Terrain|[from] ability: Grassy Surge|[of] p1a: Rillaboom
|move|p2b: Grimmsnarl|Reflect|p2b: Grimmsnarl
|-sidestart|p2: dinglustan|Reflect
|move|p2a: Miraidon|Volt Switch|p1b: Zamazenta
|-damage|p1b: Zamazenta|56/100
|
|t:|1750781647
|switch|p2a: Calyrex|Calyrex-Ice, L50|100/100|[from] Volt Switch
|-ability|p2a: Calyrex|As One
|-ability|p2a: Calyrex|Unnerve
|move|p1b: Zamazenta|Body Press|p2a: Calyrex
|-damage|p2a: Calyrex|76/100
|
|-heal|p1b: Zamazenta|62/100|[from] Grassy Terrain
|-heal|p2a: Calyrex|82/100|[from] Grassy Terrain
|-heal|p2a: Calyrex|88/100|[from] item: Leftovers
|upkeep
|turn|2
|inactive|InekoAki has 30 seconds left.
|inactive|InekoAki has 20 seconds left.
|inactive|InekoAki has 15 seconds left.
|inactive|InekoAki has 10 seconds left.
|
|t:|1750781697
|move|p2a: Calyrex|Protect|p2a: Calyrex
|-singleturn|p2a: Calyrex|Protect
|move|p2b: Grimmsnarl|Reflect||[still]
|-fail|p2b: Grimmsnarl
|move|p1b: Zamazenta|Behemoth Bash|p2b: Grimmsnarl
|-supereffective|p2b: Grimmsnarl
|-damage|p2b: Grimmsnarl|49/100
|move|p1a: Rillaboom|U-turn|p2a: Calyrex
|-activate|p2a: Calyrex|move: Protect
|
|-heal|p1b: Zamazenta|69/100|[from] Grassy Terrain
|-heal|p2b: Grimmsnarl|54/100|[from] Grassy Terrain
|-heal|p2a: Calyrex|94/100|[from] Grassy Terrain
|-heal|p2a: Calyrex|99/100|[from] item: Leftovers
|upkeep
|turn|3
|
|t:|1750781719
|move|p1b: Zamazenta|Wide Guard|p1b: Zamazenta
|-singleturn|p1b: Zamazenta|Wide Guard
|move|p2b: Grimmsnarl|Light Screen|p2b: Grimmsnarl
|-sidestart|p2: dinglustan|move: Light Screen
|move|p1a: Rillaboom|Wood Hammer|p2a: Calyrex
|-damage|p2a: Calyrex|72/100
|-damage|p1a: Rillaboom|92/100|[from] Recoil
|move|p2a: Calyrex|Trick Room|p2a: Calyrex
|-fieldstart|move: Trick Room|[of] p2a: Calyrex
|
|-heal|p2a: Calyrex|78/100|[from] Grassy Terrain
|-heal|p2a: Calyrex|84/100|[from] item: Leftovers
|-heal|p2b: Grimmsnarl|60/100|[from] Grassy Terrain
|-heal|p1a: Rillaboom|98/100|[from] Grassy Terrain
|-heal|p1b: Zamazenta|75/100|[from] Grassy Terrain
|upkeep
|turn|4
|
|t:|1750781743
|move|p1b: Zamazenta|Wide Guard|p1b: Zamazenta
|-singleturn|p1b: Zamazenta|Wide Guard
|move|p2a: Calyrex|Leech Seed|p1b: Zamazenta
|-start|p1b: Zamazenta|move: Leech Seed
|move|p2b: Grimmsnarl|Spirit Break|p1b: Zamazenta
|-crit|p1b: Zamazenta
|-damage|p1b: Zamazenta|45/100
|-unboost|p1b: Zamazenta|spa|1
|move|p1a: Rillaboom|Wood Hammer|p2b: Grimmsnarl
|-damage|p2b: Grimmsnarl|14/100
|-damage|p1a: Rillaboom|83/100|[from] Recoil
|
|-heal|p2a: Calyrex|90/100|[from] Grassy Terrain
|-heal|p2a: Calyrex|96/100|[from] item: Leftovers
|-heal|p2b: Grimmsnarl|20/100|[from] Grassy Terrain
|-heal|p1a: Rillaboom|88/100|[from] Grassy Terrain
|-heal|p1b: Zamazenta|52/100|[from] Grassy Terrain
|-damage|p1b: Zamazenta|39/100|[from] Leech Seed|[of] p2a: Calyrex
|-heal|p2a: Calyrex|100/100|[silent]
|upkeep
|turn|5
|inactive|InekoAki has 30 seconds left.
|
|t:|1750781775
|move|p1b: Zamazenta|Wide Guard|p1b: Zamazenta
|-singleturn|p1b: Zamazenta|Wide Guard
|move|p2b: Grimmsnarl|Thunder Wave|p1b: Zamazenta
|-status|p1b: Zamazenta|par
|move|p2a: Calyrex|Glacial Lance|p1a: Rillaboom|[spread] 
|-activate|p1a: Rillaboom|move: Wide Guard
|-activate|p1b: Zamazenta|move: Wide Guard
|move|p1a: Rillaboom|Wood Hammer|p2b: Grimmsnarl
|-damage|p2b: Grimmsnarl|0 fnt
|faint|p2b: Grimmsnarl
|-damage|p1a: Rillaboom|82/100|[from] Recoil
|
|-heal|p1b: Zamazenta|45/100 par|[from] Grassy Terrain
|-heal|p1a: Rillaboom|88/100|[from] Grassy Terrain
|-damage|p1b: Zamazenta|33/100 par|[from] Leech Seed|[of] p2a: Calyrex
|-fieldend|move: Grassy Terrain
|upkeep
|
|t:|1750781787
|switch|p2b: Miraidon|Miraidon, L50|100/100
|-fieldstart|move: Electric Terrain|[from] ability: Hadron Engine|[of] p2b: Miraidon
|turn|6
|inactive|InekoAki has 30 seconds left.
|
|t:|1750781817
|move|p1b: Zamazenta|Wide Guard|p1b: Zamazenta
|-singleturn|p1b: Zamazenta|Wide Guard
|move|p2a: Calyrex|Glacial Lance|p1b: Zamazenta|[spread] 
|-activate|p1a: Rillaboom|move: Wide Guard
|-activate|p1b: Zamazenta|move: Wide Guard
|move|p1a: Rillaboom|U-turn|p2a: Calyrex
|-supereffective|p2a: Calyrex
|-damage|p2a: Calyrex|81/100
|
|t:|1750781827
|switch|p1a: Calyrex|Calyrex-Shadow, L50|100/100|[from] U-turn
|-ability|p1a: Calyrex|As One
|-ability|p1a: Calyrex|Unnerve
|move|p2b: Miraidon|Volt Switch|p1b: Zamazenta
|-damage|p1b: Zamazenta|0 fnt
|faint|p1b: Zamazenta
|
|t:|1750781830
|switch|p2b: Urshifu|Urshifu-Rapid-Strike, L50, M|100/100|[from] Volt Switch
|
|-heal|p2a: Calyrex|87/100|[from] item: Leftovers
|upkeep
|inactive|InekoAki has 30 seconds left.
|
|t:|1750781856
|switch|p1b: Chien-Pao|Chien-Pao, L50|100/100
|-ability|p1b: Chien-Pao|Sword of Ruin
|turn|7
|inactive|InekoAki has 30 seconds left.
|
|t:|1750781891
|-terastallize|p2a: Calyrex|Fire
|-terastallize|p1b: Chien-Pao|Stellar
|move|p1b: Chien-Pao|Sucker Punch|p2b: Urshifu
|-resisted|p2b: Urshifu
|-crit|p2b: Urshifu
|-damage|p2b: Urshifu|38/100
|-damage|p1b: Chien-Pao|91/100|[from] item: Life Orb
|move|p2a: Calyrex|Glacial Lance|p1b: Chien-Pao|[spread] p1a,p1b
|-resisted|p1b: Chien-Pao
|-damage|p1a: Calyrex|14/100
|-damage|p1b: Chien-Pao|57/100
|move|p1a: Calyrex|Astral Barrage|p2b: Urshifu|[spread] p2a,p2b
|-damage|p2a: Calyrex|66/100
|-damage|p2b: Urshifu|0 fnt
|faint|p2b: Urshifu
|-ability|p1a: Calyrex|Grim Neigh|boost
|-boost|p1a: Calyrex|spa|1
|
|-heal|p2a: Calyrex|72/100|[from] item: Leftovers
|-fieldend|move: Trick Room
|upkeep
|
|t:|1750781903
|switch|p2b: Miraidon|Miraidon, L50|100/100
|-activate|p2b: Miraidon|ability: Hadron Engine
|turn|8
|inactive|InekoAki has 30 seconds left.
|
|t:|1750781938
|move|p1a: Calyrex|Astral Barrage|p2b: Miraidon|[spread] p2a,p2b
|-damage|p2a: Calyrex|37/100
|-damage|p2b: Miraidon|52/100
|move|p2b: Miraidon|Dazzling Gleam|p1b: Chien-Pao|[spread] p1a,p1b
|-supereffective|p1b: Chien-Pao
|-crit|p1b: Chien-Pao
|-damage|p1a: Calyrex|0 fnt
|-damage|p1b: Chien-Pao|0 fnt
|faint|p1a: Calyrex
|faint|p1b: Chien-Pao
|move|p2a: Calyrex|Trick Room|p2a: Calyrex
|-fieldstart|move: Trick Room|[of] p2a: Calyrex
|
|-heal|p2a: Calyrex|43/100|[from] item: Leftovers
|-sideend|p2: dinglustan|Reflect
|upkeep
|
|t:|1750781952
|switch|p1a: Rillaboom|Rillaboom, L50, F|88/100
|-fieldstart|move: Grassy Terrain|[from] ability: Grassy Surge|[of] p1a: Rillaboom
|turn|9
|
|t:|1750781959
|move|p2a: Calyrex|Glacial Lance|p1a: Rillaboom
|-supereffective|p1a: Rillaboom
|-damage|p1a: Rillaboom|0 fnt
|faint|p1a: Rillaboom
|
|win|dinglustan
|raw|InekoAki's rating: 1620 &rarr; <strong>1604</strong><br />(-16 for losing)
|raw|dinglustan's rating: 1688 &rarr; <strong>1704</strong><br />(+16 for winning)
|l|☆dinglustan
|player|p2|
