|j|☆Tepig_nNz_498
|j|☆Vuhong2008
|t:|1750867921
|gametype|doubles
|player|p1|Tepig_nNz_498|266|1491
|player|p2|Vuhong2008|101|1593
|teamsize|p1|6
|teamsize|p2|6
|gen|9
|tier|[Gen 9] VGC 2025 Reg I
|rated|
|rule|Species Clause: Limit one of each Pokémon
|rule|Item Clause: Limit 1 of each item
|clearpoke
|poke|p1|Ludicolo, L50, M|
|poke|p1|Kyogre, L50|
|poke|p1|Tornadus, L50, M|
|poke|p1|Primarina, L50, F|
|poke|p1|Zacian-*, L50|
|poke|p1|Urshifu-*, L50, M|
|poke|p2|Zacian-*, L50|
|poke|p2|Kyogre, L50|
|poke|p2|Urshifu-*, L50, F|
|poke|p2|Incineroar, L50, M|
|poke|p2|Tornadus, L50, M|
|poke|p2|Rillaboom, L50, M|
|teampreview|4
|inactive|Battle timer is ON: inactive players will automatically lose when time's up. (requested by Vuhong2008)
|
|t:|1750867950
|start
|switch|p1a: Tornadus|Tornadus, L50, M|100/100
|switch|p1b: Ludicolo|Ludicolo, L50, M|100/100
|switch|p2a: Rillaboom|Rillaboom, L50, M, shiny|100/100
|switch|p2b: Incineroar|Incineroar, L50, M, shiny|100/100
|-fieldstart|move: Grassy Terrain|[from] ability: Grassy Surge|[of] p2a: Rillaboom
|-ability|p2b: Incineroar|Intimidate|boost
|-unboost|p1a: Tornadus|atk|1
|-unboost|p1b: Ludicolo|atk|1
|turn|1
|
|t:|1750867969
|move|p2a: Rillaboom|Fake Out|p1b: Ludicolo
|-damage|p1b: Ludicolo|80/100
|move|p1a: Tornadus|Bleakwind Storm|p2a: Rillaboom|[spread] p2a,p2b
|-supereffective|p2a: Rillaboom
|-damage|p2a: Rillaboom|56/100
|-damage|p2b: Incineroar|68/100
|cant|p1b: Ludicolo|flinch
|move|p2b: Incineroar|Parting Shot|p1b: Ludicolo
|-unboost|p1b: Ludicolo|atk|1
|-unboost|p1b: Ludicolo|spa|1
|
|t:|1750867980
|switch|p2b: Tornadus|Tornadus, L50, M|100/100|[from] Parting Shot
|
|-heal|p1b: Ludicolo|85/100|[from] Grassy Terrain
|-heal|p2a: Rillaboom|62/100|[from] Grassy Terrain
|upkeep
|turn|2
|
|t:|1750867998
|move|p2a: Rillaboom|Grassy Glide|p1b: Ludicolo
|-damage|p1b: Ludicolo|28/100
|move|p1a: Tornadus|Bleakwind Storm|p2a: Rillaboom|[spread] p2a,p2b
|-supereffective|p2a: Rillaboom
|-damage|p2a: Rillaboom|12/100
|-damage|p2b: Tornadus|44/100
|-unboost|p2a: Rillaboom|spe|1
|move|p2b: Tornadus|Bleakwind Storm|p1a: Tornadus|[spread] p1a,p1b
|-supereffective|p1b: Ludicolo
|-damage|p1a: Tornadus|44/100
|-damage|p1b: Ludicolo|0 fnt
|faint|p1b: Ludicolo
|
|-heal|p2a: Rillaboom|17/100|[from] Grassy Terrain
|upkeep
|
|t:|1750868010
|switch|p1b: Kyogre|Kyogre, L50|100/100
|-weather|RainDance|[from] ability: Drizzle|[of] p1b: Kyogre
|turn|3
|
|t:|1750868020
|switch|p2a: Incineroar|Incineroar, L50, M, shiny|68/100
|-ability|p2a: Incineroar|Intimidate|boost
|-unboost|p1a: Tornadus|atk|1
|-unboost|p1b: Kyogre|atk|1
|-terastallize|p1b: Kyogre|Grass
|move|p1a: Tornadus|Taunt|p2b: Tornadus
|-start|p2b: Tornadus|move: Taunt
|cant|p2b: Tornadus|move: Taunt|Tailwind
|move|p1b: Kyogre|Water Spout|p2a: Incineroar|[spread] p2a,p2b
|-supereffective|p2a: Incineroar
|-damage|p2a: Incineroar|0 fnt
|-damage|p2b: Tornadus|0 fnt
|faint|p2a: Incineroar
|faint|p2b: Tornadus
|-damage|p1b: Kyogre|91/100|[from] item: Life Orb
|
|-weather|RainDance|[upkeep]
|-heal|p1b: Kyogre|97/100|[from] Grassy Terrain
|upkeep
|
|t:|1750868033
|switch|p2b: Rillaboom|Rillaboom, L50, M, shiny|17/100
|switch|p2a: Zacian|Zacian-Crowned, L50, shiny|100/100
|-ability|p2a: Zacian|Intrepid Sword|boost
|-boost|p2a: Zacian|atk|1
|turn|4
|
|t:|1750868058
|move|p2b: Rillaboom|Fake Out|p1b: Kyogre
|-damage|p1b: Kyogre|81/100
|move|p1a: Tornadus|Tailwind|p1a: Tornadus
|-sidestart|p1: Tepig_nNz_498|move: Tailwind
|cant|p1b: Kyogre|flinch
|move|p2a: Zacian|Behemoth Blade|p1a: Tornadus
|-damage|p1a: Tornadus|0 fnt
|faint|p1a: Tornadus
|
|-weather|RainDance|[upkeep]
|-heal|p1b: Kyogre|87/100|[from] Grassy Terrain
|-heal|p2b: Rillaboom|23/100|[from] Grassy Terrain
|upkeep
|
|t:|1750868062
|switch|p1a: Zacian|Zacian-Crowned, L50, shiny|100/100
|-ability|p1a: Zacian|Intrepid Sword|boost
|-boost|p1a: Zacian|atk|1
|turn|5
|
|t:|1750868072
|-terastallize|p2a: Zacian|Ground
|move|p2b: Rillaboom|Grassy Glide|p1b: Kyogre
|-resisted|p1b: Kyogre
|-damage|p1b: Kyogre|67/100
|move|p1a: Zacian|Play Rough|p2b: Rillaboom
|-damage|p2b: Rillaboom|0 fnt
|faint|p2b: Rillaboom
|move|p1b: Kyogre|Water Spout|p2a: Zacian
|-supereffective|p2a: Zacian
|-damage|p2a: Zacian|0 fnt
|faint|p2a: Zacian
|-damage|p1b: Kyogre|57/100|[from] item: Life Orb
|
|win|Tepig_nNz_498
|raw|Tepig_nNz_498's rating: 1476 &rarr; <strong>1502</strong><br />(+26 for winning)
|raw|Vuhong2008's rating: 1593 &rarr; <strong>1567</strong><br />(-26 for losing)
|l|☆Tepig_nNz_498
|player|p1|
|l|☆Vuhong2008
|player|p2|
