|j|☆Professor_J93
|j|☆napless
|t:|1750802295
|gametype|doubles
|player|p1|Professor_J93|265|1438
|player|p2|napless|1|1443
|teamsize|p1|6
|teamsize|p2|6
|gen|9
|tier|[Gen 9] VGC 2025 Reg I
|rated|
|rule|Species Clause: Limit one of each Pokémon
|rule|Item Clause: Limit 1 of each item
|clearpoke
|poke|p1|Zacian-*, L50|
|poke|p1|Palkia-Origin, L50|
|poke|p1|Chandelure, L50, M|
|poke|p1|Landorus-Therian, L50, M|
|poke|p1|Grimmsnarl, L50, M|
|poke|p1|Rillaboom, L50, M|
|poke|p2|Calyrex-Shadow, L50|
|poke|p2|Smeargle, L50, F|
|poke|p2|Tornadus, L50, M|
|poke|p2|Zamazenta-*, L50|
|poke|p2|Rillaboom, L50, M|
|poke|p2|Yanmega, L50, M|
|teampreview|4
|inactive|Battle timer is ON: inactive players will automatically lose when time's up. (requested by Professor_J93)
napless has agreed to open team sheets.
Professor_J93 has agreed to open team sheets.
|showteam|p1|Zacian-Crowned||RustedSword|IntrepidSword|behemothblade,SacredSword,PlayRough,Protect||||||50|,,,,,Stellar]Palkia-Origin||LustrousGlobe|Pressure|HydroPump,SpacialRend,Gravity,Protect||||||50|,,,,,Water]Chandelure||LifeOrb|FlashFire|Protect,HeatWave,TrickRoom,ShadowBall|||M|||50|,,,,,Grass]Landorus-Therian||ChoiceScarf|Intimidate|StompingTantrum,RockSlide,BrickBreak,Uturn|||M|||50|,,,,,Ghost]Grimmsnarl||LightClay|Prankster|Reflect,SpiritBreak,LightScreen,SuckerPunch|||M|||50|,,,,,Ghost]Rillaboom||AssaultVest|GrassySurge|GrassyGlide,Uturn,FakeOut,DrumBeating|||M|||50|,,,,,Grass
|showteam|p2|Calyrex-Shadow||LifeOrb|AsOneSpectrier|Protect,NastyPlot,Psychic,AstralBarrage||||||50|,,,,,Normal]Smeargle||FocusSash|Moody|Decorate,Spore,FakeOut,FollowMe|||F|||50|,,,,,Normal]Tornadus||CovertCloak|Prankster|BleakwindStorm,Tailwind,Taunt,Protect|||M|||50|,,,,,Ghost]Zamazenta-Crowned||RustedShield|DauntlessShield|Protect,WideGuard,HeavySlam,BodyPress||||||50|,,,,,Dragon]Rillaboom||AssaultVest|GrassySurge|Uturn,GrassyGlide,FakeOut,WoodHammer|||M|||50|,,,,,Fire]Yanmega||ScopeLens|SpeedBoost|Protect,BugBuzz,AirCutter,GigaDrain|||M|||50|,,,,,Water
|inactive|Professor_J93 has 60 seconds left.
|inactive|napless has 60 seconds left.
|inactive|napless has 30 seconds left.
|inactive|napless has 20 seconds left.
|inactive|napless has 15 seconds left.
|inactive|napless has 10 seconds left.
|inactive|napless has 5 seconds left.
|
|t:|1750802382
|start
|switch|p1a: Rillaboom|Rillaboom, L50, M|100/100
|switch|p1b: Fuwawa|Zacian-Crowned, L50, shiny|100/100
|switch|p2a: Calyrex|Calyrex-Shadow, L50|100/100
|switch|p2b: Smeargle|Smeargle, L50, F|100/100
|-ability|p2a: Calyrex|As One
|-ability|p2a: Calyrex|Unnerve
|-ability|p1b: Fuwawa|Intrepid Sword|boost
|-boost|p1b: Fuwawa|atk|1
|-fieldstart|move: Grassy Terrain|[from] ability: Grassy Surge|[of] p1a: Rillaboom
|turn|1
|
|t:|1750802405
|move|p2a: Calyrex|Protect|p2a: Calyrex
|-singleturn|p2a: Calyrex|Protect
|move|p1a: Rillaboom|Fake Out|p2b: Smeargle
|-damage|p2b: Smeargle|73/100
|move|p1b: Fuwawa|Behemoth Blade|p2a: Calyrex
|-activate|p2a: Calyrex|move: Protect
|cant|p2b: Smeargle|flinch
|
|-heal|p2b: Smeargle|79/100|[from] Grassy Terrain
|-ability|p2b: Smeargle|Moody|boost
|-boost|p2b: Smeargle|spd|2
|-unboost|p2b: Smeargle|spa|1
|upkeep
|turn|2
|
|t:|1750802423
|switch|p1a: Grimmsnarl|Grimmsnarl, L50, M|100/100
|move|p1b: Fuwawa|Protect|p1b: Fuwawa
|-singleturn|p1b: Fuwawa|Protect
|move|p2a: Calyrex|Nasty Plot|p2a: Calyrex
|-boost|p2a: Calyrex|spa|2
|move|p2b: Smeargle|Spore|p1b: Fuwawa
|-activate|p1b: Fuwawa|move: Protect
|
|-heal|p2b: Smeargle|85/100|[from] Grassy Terrain
|-ability|p2b: Smeargle|Moody|boost
|-boost|p2b: Smeargle|spa|2
|-unboost|p2b: Smeargle|atk|1
|upkeep
|turn|3
|
|t:|1750802434
|move|p1a: Grimmsnarl|Light Screen|p1a: Grimmsnarl
|-sidestart|p1: Professor_J93|move: Light Screen
|move|p2a: Calyrex|Nasty Plot|p2a: Calyrex
|-boost|p2a: Calyrex|spa|2
|move|p1b: Fuwawa|Behemoth Blade|p2a: Calyrex
|-damage|p2a: Calyrex|0 fnt
|faint|p2a: Calyrex
|move|p2b: Smeargle|Spore|p1b: Fuwawa
|-status|p1b: Fuwawa|slp|[from] move: Spore
|
|-heal|p2b: Smeargle|91/100|[from] Grassy Terrain
|-ability|p2b: Smeargle|Moody|boost
|-boost|p2b: Smeargle|spd|2
|-unboost|p2b: Smeargle|def|1
|upkeep
|c|☆napless|fuck i forgot to protect
|
|t:|1750802458
|switch|p2a: Zamazenta|Zamazenta-Crowned, L50|100/100
|-ability|p2a: Zamazenta|Dauntless Shield|boost
|-boost|p2a: Zamazenta|def|1
|turn|4
|
|t:|1750802470
|move|p1a: Grimmsnarl|Reflect|p1a: Grimmsnarl
|-sidestart|p1: Professor_J93|Reflect
|cant|p1b: Fuwawa|slp
|move|p2a: Zamazenta|Body Press|p1b: Fuwawa
|-damage|p1b: Fuwawa|68/100 slp
|move|p2b: Smeargle|Decorate|p2a: Zamazenta
|-boost|p2a: Zamazenta|atk|2
|-boost|p2a: Zamazenta|spa|2
|
|-heal|p1b: Fuwawa|74/100 slp|[from] Grassy Terrain
|-heal|p2b: Smeargle|97/100|[from] Grassy Terrain
|-ability|p2b: Smeargle|Moody|boost
|-boost|p2b: Smeargle|spd|2
|-unboost|p2b: Smeargle|def|1
|upkeep
|turn|5
|inactive|napless has 30 seconds left.
|
|t:|1750802503
|-terastallize|p1a: Grimmsnarl|Ghost
|cant|p1b: Fuwawa|slp
|move|p2a: Zamazenta|Heavy Slam|p1a: Grimmsnarl
|-damage|p1a: Grimmsnarl|33/100
|move|p2b: Smeargle|Spore|p1a: Grimmsnarl
|-status|p1a: Grimmsnarl|slp|[from] move: Spore
|cant|p1a: Grimmsnarl|slp
|
|-heal|p1b: Fuwawa|81/100 slp|[from] Grassy Terrain
|-heal|p2b: Smeargle|100/100|[from] Grassy Terrain
|-heal|p1a: Grimmsnarl|39/100 slp|[from] Grassy Terrain
|-fieldend|move: Grassy Terrain
|-ability|p2b: Smeargle|Moody|boost
|-boost|p2b: Smeargle|def|2
|-unboost|p2b: Smeargle|spe|1
|upkeep
|turn|6
|
|t:|1750802520
|-curestatus|p1b: Fuwawa|slp|[msg]
|move|p1b: Fuwawa|Protect|p1b: Fuwawa
|-singleturn|p1b: Fuwawa|Protect
|move|p2b: Smeargle|Follow Me|p2b: Smeargle
|-singleturn|p2b: Smeargle|move: Follow Me
|move|p2a: Zamazenta|Body Press|p1b: Fuwawa
|-activate|p1b: Fuwawa|move: Protect
|cant|p1a: Grimmsnarl|slp
|
|-ability|p2b: Smeargle|Moody|boost
|-boost|p2b: Smeargle|spa|2
|-unboost|p2b: Smeargle|spe|1
|upkeep
|turn|7
|
|t:|1750802538
|move|p2a: Zamazenta|Protect|p2a: Zamazenta
|-singleturn|p2a: Zamazenta|Protect
|move|p1b: Fuwawa|Sacred Sword|p2a: Zamazenta
|-activate|p2a: Zamazenta|move: Protect
|cant|p1a: Grimmsnarl|slp
|move|p2b: Smeargle|Spore|p1b: Fuwawa
|-status|p1b: Fuwawa|slp|[from] move: Spore
|
|-ability|p2b: Smeargle|Moody|boost
|-boost|p2b: Smeargle|spe|2
|-unboost|p2b: Smeargle|spd|1
|upkeep
|turn|8
|
|t:|1750802550
|switch|p1a: Rillaboom|Rillaboom, L50, M|100/100
|-fieldstart|move: Grassy Terrain|[from] ability: Grassy Surge|[of] p1a: Rillaboom
|cant|p1b: Fuwawa|slp
|move|p2a: Zamazenta|Body Press|p1b: Fuwawa
|-damage|p1b: Fuwawa|48/100 slp
|move|p2b: Smeargle|Spore|p1a: Rillaboom
|-immune|p1a: Rillaboom
|
|-heal|p1b: Fuwawa|54/100 slp|[from] Grassy Terrain
|-ability|p2b: Smeargle|Moody|boost
|-boost|p2b: Smeargle|spa|2
|-unboost|p2b: Smeargle|def|1
|upkeep
|turn|9
|
|t:|1750802564
|switch|p2b: Yanmega|Yanmega, L50, M|100/100
|move|p2a: Zamazenta|Protect|p2a: Zamazenta
|-singleturn|p2a: Zamazenta|Protect
|move|p1a: Rillaboom|Fake Out|p2b: Yanmega
|-crit|p2b: Yanmega
|-damage|p2b: Yanmega|80/100
|-curestatus|p1b: Fuwawa|slp|[msg]
|move|p1b: Fuwawa|Sacred Sword|p2b: Yanmega
|-resisted|p2b: Yanmega
|-damage|p2b: Yanmega|64/100
|
|-heal|p1b: Fuwawa|60/100|[from] Grassy Terrain
|upkeep
|turn|10
|inactive|napless has 30 seconds left.
|inactive|napless has 20 seconds left.
|inactive|napless has 15 seconds left.
|
|t:|1750802606
|switch|p1a: Grimmsnarl|Grimmsnarl, L50, M, tera:Ghost|39/100 slp
|move|p1b: Fuwawa|Sacred Sword|p2a: Zamazenta
|-supereffective|p2a: Zamazenta
|-damage|p2a: Zamazenta|25/100
|move|p2a: Zamazenta|Body Press|p1b: Fuwawa
|-damage|p1b: Fuwawa|27/100
|move|p2b: Yanmega|Bug Buzz|p1a: Grimmsnarl
|-resisted|p1a: Grimmsnarl
|-crit|p1a: Grimmsnarl
|-damage|p1a: Grimmsnarl|6/100 slp
|
|-heal|p1b: Fuwawa|33/100|[from] Grassy Terrain
|-heal|p2a: Zamazenta|31/100|[from] Grassy Terrain
|-heal|p1a: Grimmsnarl|12/100 slp|[from] Grassy Terrain
|-sideend|p1: Professor_J93|move: Light Screen
|-ability|p2b: Yanmega|Speed Boost|boost
|-boost|p2b: Yanmega|spe|1
|upkeep
|turn|11
|
|t:|1750802620
|move|p1b: Fuwawa|Protect|p1b: Fuwawa
|-singleturn|p1b: Fuwawa|Protect
|move|p2a: Zamazenta|Protect|p2a: Zamazenta
|-singleturn|p2a: Zamazenta|Protect
|-curestatus|p1a: Grimmsnarl|slp|[msg]
|move|p1a: Grimmsnarl|Sucker Punch|p2b: Yanmega
|-damage|p2b: Yanmega|32/100
|move|p2b: Yanmega|Air Cutter|p1a: Grimmsnarl|[spread] p1a
|-activate|p1b: Fuwawa|move: Protect
|-damage|p1a: Grimmsnarl|0 fnt
|faint|p1a: Grimmsnarl
|
|-heal|p1b: Fuwawa|39/100|[from] Grassy Terrain
|-heal|p2a: Zamazenta|37/100|[from] Grassy Terrain
|-sideend|p1: Professor_J93|Reflect
|-ability|p2b: Yanmega|Speed Boost|boost
|-boost|p2b: Yanmega|spe|1
|upkeep
|
|t:|1750802634
|switch|p1a: Chandelure|Chandelure, L50, M|100/100
|turn|12
|
|t:|1750802646
|move|p2b: Yanmega|Air Cutter|p1a: Chandelure|[spread] p1a,p1b
|-crit|p1a: Chandelure
|-resisted|p1b: Fuwawa
|-damage|p1a: Chandelure|62/100
|-damage|p1b: Fuwawa|28/100
|move|p1b: Fuwawa|Sacred Sword|p2a: Zamazenta
|-supereffective|p2a: Zamazenta
|-damage|p2a: Zamazenta|0 fnt
|faint|p2a: Zamazenta
|move|p1a: Chandelure|Heat Wave|p2b: Yanmega
|-supereffective|p2b: Yanmega
|-damage|p2b: Yanmega|0 fnt
|faint|p2b: Yanmega
|-damage|p1a: Chandelure|53/100|[from] item: Life Orb
|
|-heal|p1b: Fuwawa|34/100|[from] Grassy Terrain
|-heal|p1a: Chandelure|58/100|[from] Grassy Terrain
|-fieldend|move: Grassy Terrain
|upkeep
|
|t:|1750802654
|switch|p2a: Smeargle|Smeargle, L50, F|100/100
|turn|13
|-message|napless forfeited.
|
|win|Professor_J93
|raw|Professor_J93's rating: 1438 &rarr; <strong>1458</strong><br />(+20 for winning)
|raw|napless's rating: 1443 &rarr; <strong>1423</strong><br />(-20 for losing)
|l|☆napless
|player|p2|
|l|☆Professor_J93
|player|p1|
