|j|☆vjojn
|j|☆Pantoskywalker
|t:|1750847040
|gametype|doubles
|player|p1|vjojn|lady-gen4|1178
|player|p2|Pantoskywalker|101|1290
|teamsize|p1|6
|teamsize|p2|6
|gen|9
|tier|[Gen 9] VGC 2025 Reg I
|rated|
|rule|Species Clause: Limit one of each Pokémon
|rule|Item Clause: Limit 1 of each item
|clearpoke
|poke|p1|Koraidon, L50|
|poke|p1|Lunala, L50|
|poke|p1|Flutter Mane, L50|
|poke|p1|Indeedee-F, L50, F|
|poke|p1|Ursaluna, L50, F|
|poke|p1|Ogerpon-Cornerstone, L50, F|
|poke|p2|Koraidon, L50|
|poke|p2|Terapagos, L50, M|
|poke|p2|Flutter Mane, L50|
|poke|p2|Rillaboom, L50, M|
|poke|p2|Incineroar, L50, F|
|poke|p2|Volcarona, L50, M|
|teampreview|4
Pantoskywalker has agreed to open team sheets.
|c|☆Pantoskywalker|glhf
|
|t:|1750847082
|start
|switch|p1a: Lunala|Lunala, L50, shiny|100/100
|switch|p1b: Flutter Mane|Flutter Mane, L50|100/100
|switch|p2a: Incineroar|Incineroar, L50, F|100/100
|switch|p2b: Terapagos|Terapagos, L50, M|100/100
|-activate|p2b: Terapagos|ability: Tera Shift
|detailschange|p2b: Terapagos|Terapagos-Terastal, L50, M
|-heal|p2b: Terapagos|100/100|[silent]
|-ability|p2a: Incineroar|Intimidate|boost
|-unboost|p1a: Lunala|atk|1
|-unboost|p1b: Flutter Mane|atk|1
|turn|1
|
|t:|1750847145
|-end|p1b: Flutter Mane|Protosynthesis|[silent]
|switch|p1b: Koraidon|Koraidon, L50|100/100
|-weather|SunnyDay|[from] ability: Orichalcum Pulse|[of] p1b: Koraidon
|-activate|p1b: Koraidon|Orichalcum Pulse|[source]
|-terastallize|p1a: Lunala|Fairy
|move|p1a: Lunala|Wide Guard|p1a: Lunala
|-singleturn|p1a: Lunala|Wide Guard
|move|p2b: Terapagos|Calm Mind|p2b: Terapagos
|-boost|p2b: Terapagos|spa|1
|-boost|p2b: Terapagos|spd|1
|move|p2a: Incineroar|Knock Off|p1a: Lunala
|-resisted|p1a: Lunala
|-damage|p1a: Lunala|93/100
|-enditem|p1a: Lunala|Twisted Spoon|[from] move: Knock Off|[of] p2a: Incineroar
|
|-weather|SunnyDay|[upkeep]
|upkeep
|turn|2
|
|t:|1750847186
|switch|p2b: Flutter Mane|Flutter Mane, L50|100/100
|-activate|p2b: Flutter Mane|ability: Protosynthesis
|-start|p2b: Flutter Mane|protosynthesisspe
|move|p1a: Lunala|Wide Guard|p1a: Lunala
|-singleturn|p1a: Lunala|Wide Guard
|move|p1b: Koraidon|Flare Blitz|p2b: Flutter Mane
|-crit|p2b: Flutter Mane
|-enditem|p2b: Flutter Mane|Focus Sash
|-damage|p2b: Flutter Mane|1/100
|-damage|p1b: Koraidon|76/100|[from] Recoil
|-damage|p1b: Koraidon|67/100|[from] item: Life Orb
|move|p2a: Incineroar|U-turn|p1a: Lunala
|-resisted|p1a: Lunala
|-damage|p1a: Lunala|85/100
|
|t:|1750847204
|switch|p2a: Koraidon|Koraidon, L50|100/100|[from] U-turn
|-activate|p2a: Koraidon|ability: Orichalcum Pulse
|
|-weather|SunnyDay|[upkeep]
|upkeep
|turn|3
|
|t:|1750847224
|move|p2b: Flutter Mane|Moonblast|p1b: Koraidon
|-supereffective|p1b: Koraidon
|-damage|p1b: Koraidon|0 fnt
|faint|p1b: Koraidon
|move|p2a: Koraidon|Flare Blitz|p1a: Lunala
|-damage|p1a: Lunala|0 fnt
|faint|p1a: Lunala
|-damage|p2a: Koraidon|64/100|[from] Recoil
|-damage|p2a: Koraidon|55/100|[from] item: Life Orb
|
|-weather|SunnyDay|[upkeep]
|upkeep
|
|t:|1750847240
|switch|p1b: Ogerpon|Ogerpon-Cornerstone, L50, F|100/100
|switch|p1a: Flutter Mane|Flutter Mane, L50|100/100
|-activate|p1a: Flutter Mane|ability: Protosynthesis
|-start|p1a: Flutter Mane|protosynthesisspe
|turn|4
|
|t:|1750847274
|-end|p2b: Flutter Mane|Protosynthesis|[silent]
|switch|p2b: Incineroar|Incineroar, L50, F|100/100
|-ability|p2b: Incineroar|Intimidate|boost
|-unboost|p1a: Flutter Mane|atk|1
|-unboost|p1b: Ogerpon|atk|1
|-terastallize|p2a: Koraidon|Fire
|move|p1a: Flutter Mane|Icy Wind|p2b: Incineroar|[spread] p2a,p2b
|-resisted|p2a: Koraidon
|-resisted|p2b: Incineroar
|-damage|p2a: Koraidon|47/100
|-damage|p2b: Incineroar|93/100
|-unboost|p2a: Koraidon|spe|1
|-unboost|p2b: Incineroar|spe|1
|move|p1b: Ogerpon|Ivy Cudgel|p2a: Koraidon|[anim] Ivy Cudgel Rock
|-supereffective|p2a: Koraidon
|-damage|p2a: Koraidon|0 fnt
|faint|p2a: Koraidon
|
|-weather|SunnyDay|[upkeep]
|upkeep
|
|t:|1750847290
|switch|p2a: Terapagos|Terapagos-Terastal, L50, M|100/100
|turn|5
|
|t:|1750847296
|move|p1a: Flutter Mane|Protect|p1a: Flutter Mane
|-singleturn|p1a: Flutter Mane|Protect
|move|p1b: Ogerpon|Spiky Shield|p1b: Ogerpon
|-singleturn|p1b: Ogerpon|move: Protect
|move|p2b: Incineroar|Fake Out|p1b: Ogerpon
|-activate|p1b: Ogerpon|move: Protect
|-damage|p2b: Incineroar|81/100|[from] Spiky Shield|[of] p1b: Ogerpon
|move|p2a: Terapagos|Calm Mind|p2a: Terapagos
|-boost|p2a: Terapagos|spa|1
|-boost|p2a: Terapagos|spd|1
|
|-weather|none
|-end|p1a: Flutter Mane|Protosynthesis
|upkeep
|turn|6
|
|t:|1750847325
|move|p1a: Flutter Mane|Moonblast|p2b: Incineroar
|-damage|p2b: Incineroar|33/100
|move|p1b: Ogerpon|Ivy Cudgel|p2b: Incineroar|[anim] Ivy Cudgel Rock
|-supereffective|p2b: Incineroar
|-damage|p2b: Incineroar|0 fnt
|faint|p2b: Incineroar
|move|p2a: Terapagos|Calm Mind|p2a: Terapagos
|-boost|p2a: Terapagos|spa|1
|-boost|p2a: Terapagos|spd|1
|
|upkeep
|
|t:|1750847332
|switch|p2b: Flutter Mane|Flutter Mane, L50|1/100
|turn|7
|
|t:|1750847353
|move|p1a: Flutter Mane|Icy Wind|p2b: Flutter Mane|[spread] p2a,p2b
|-activate|p2a: Terapagos|ability: Tera Shell
|-resisted|p2a: Terapagos
|-damage|p2a: Terapagos|97/100
|-damage|p2b: Flutter Mane|0 fnt
|-unboost|p2a: Terapagos|spe|1
|faint|p2b: Flutter Mane
|-end|p2b: Flutter Mane|Protosynthesis|[silent]
|move|p1b: Ogerpon|Ivy Cudgel|p2a: Terapagos|[anim] Ivy Cudgel Rock
|-damage|p2a: Terapagos|70/100
|move|p2a: Terapagos|Tera Starstorm|p1b: Ogerpon
|-resisted|p1b: Ogerpon
|-damage|p1b: Ogerpon|43/100
|
|-heal|p2a: Terapagos|77/100|[from] item: Leftovers
|upkeep
|turn|8
|
|t:|1750847375
|move|p1a: Flutter Mane|Moonblast|p2a: Terapagos
|-damage|p2a: Terapagos|54/100
|move|p1b: Ogerpon|Ivy Cudgel|p2a: Terapagos|[anim] Ivy Cudgel Rock
|-damage|p2a: Terapagos|27/100
|move|p2a: Terapagos|Tera Starstorm|p1b: Ogerpon
|-resisted|p1b: Ogerpon
|-damage|p1b: Ogerpon|0 fnt
|faint|p1b: Ogerpon
|
|-heal|p2a: Terapagos|33/100|[from] item: Leftovers
|upkeep
|turn|9
|
|t:|1750847389
|move|p2a: Terapagos|Protect|p2a: Terapagos
|-singleturn|p2a: Terapagos|Protect
|move|p1a: Flutter Mane|Moonblast|p2a: Terapagos
|-activate|p2a: Terapagos|move: Protect
|
|-heal|p2a: Terapagos|40/100|[from] item: Leftovers
|upkeep
|turn|10
|
|t:|1750847398
|move|p1a: Flutter Mane|Moonblast|p2a: Terapagos
|-damage|p2a: Terapagos|17/100
|move|p2a: Terapagos|Earth Power|p1a: Flutter Mane
|-damage|p1a: Flutter Mane|52/100
|
|-heal|p2a: Terapagos|23/100|[from] item: Leftovers
|upkeep
|turn|11
|
|t:|1750847407
|move|p2a: Terapagos|Protect|p2a: Terapagos
|-singleturn|p2a: Terapagos|Protect
|move|p1a: Flutter Mane|Moonblast|p2a: Terapagos
|-activate|p2a: Terapagos|move: Protect
|
|-heal|p2a: Terapagos|30/100|[from] item: Leftovers
|upkeep
|turn|12
|
|t:|1750847417
|move|p1a: Flutter Mane|Moonblast|p2a: Terapagos
|-damage|p2a: Terapagos|9/100
|-unboost|p2a: Terapagos|spa|1
|move|p2a: Terapagos|Earth Power|p1a: Flutter Mane
|-damage|p1a: Flutter Mane|11/100
|
|-heal|p2a: Terapagos|16/100|[from] item: Leftovers
|upkeep
|turn|13
|
|t:|1750847428
|move|p2a: Terapagos|Protect|p2a: Terapagos
|-singleturn|p2a: Terapagos|Protect
|move|p1a: Flutter Mane|Moonblast|p2a: Terapagos
|-activate|p2a: Terapagos|move: Protect
|
|-heal|p2a: Terapagos|22/100|[from] item: Leftovers
|upkeep
|turn|14
|
|t:|1750847436
|move|p1a: Flutter Mane|Moonblast|p2a: Terapagos
|-damage|p2a: Terapagos|0 fnt
|faint|p2a: Terapagos
|
|win|vjojn
|raw|vjojn's rating: 1178 &rarr; <strong>1211</strong><br />(+33 for winning)
|raw|Pantoskywalker's rating: 1290 &rarr; <strong>1257</strong><br />(-33 for losing)
