|j|☆er1cf0rman
|j|☆TotallyNotAutistic
|t:|1750830657
|gametype|doubles
|player|p1|er1cf0rman|265|1200
|player|p2|TotallyNotAutistic|n|1209
|teamsize|p1|6
|teamsize|p2|6
|gen|9
|tier|[Gen 9] VGC 2025 Reg I
|rated|
|rule|Species Clause: Limit one of each Pokémon
|rule|Item Clause: Limit 1 of each item
|clearpoke
|poke|p1|Koraidon, L50|
|poke|p1|Scovillain, L50, M|
|poke|p1|Indeedee-F, L50, F|
|poke|p1|Walking Wake, L50|
|poke|p1|Solgaleo, L50|
|poke|p1|Garganacl, L50, M|
|poke|p2|Reshiram, L50|
|poke|p2|Palkia-Origin, L50|
|poke|p2|Malamar, L50, F|
|poke|p2|Farigiraf, L50, F|
|poke|p2|Iron Hands, L50|
|poke|p2|Gastrodon, L50, M|
|teampreview|4
|inactive|Battle timer is ON: inactive players will automatically lose when time's up. (requested by er1cf0rman)
|
|t:|1750830687
|start
|switch|p1a: Scovillain|Scovillain, L50, M, shiny|100/100
|switch|p1b: Koraidon|Koraidon, L50|100/100
|switch|p2a: Reshiram|Reshiram, L50|100/100
|switch|p2b: Malamar|Malamar, L50, F|100/100
|-weather|SunnyDay|[from] ability: Orichalcum Pulse|[of] p1b: Koraidon
|-activate|p1b: Koraidon|Orichalcum Pulse|[source]
|-ability|p2a: Reshiram|Turboblaze
|turn|1
|
|t:|1750830703
|-terastallize|p1b: Koraidon|Fire
|move|p2a: Reshiram|Protect|p2a: Reshiram
|-singleturn|p2a: Reshiram|Protect
|move|p1a: Scovillain|Spicy Extract|p1b: Koraidon
|-fail|p1b: Koraidon|unboost|[from] item: Clear Amulet|[of] p1b: Koraidon
|-boost|p1b: Koraidon|atk|2
|move|p1b: Koraidon|Collision Course|p2b: Malamar
|-damage|p2b: Malamar|0 fnt
|faint|p2b: Malamar
|
|-weather|SunnyDay|[upkeep]
|upkeep
|c|☆TotallyNotAutistic|lmao ive never seen scovillains shiny till now
|c|☆TotallyNotAutistic|mf got jeans
|inactive|TotallyNotAutistic has 30 seconds left.
|
|t:|1750830733
|switch|p2b: Gastrodon|Gastrodon, L50, M|100/100
|turn|2
|c|☆TotallyNotAutistic|he got that shit on tho
|inactive|TotallyNotAutistic has 30 seconds left.
|
|t:|1750830758
|-terastallize|p2b: Gastrodon|Fire
|move|p1a: Scovillain|Spicy Extract|p1b: Koraidon
|-fail|p1b: Koraidon|unboost|[from] item: Clear Amulet|[of] p1b: Koraidon
|-boost|p1b: Koraidon|atk|2
|move|p1b: Koraidon|Breaking Swipe|p2b: Gastrodon|[spread] p2a,p2b
|-supereffective|p2a: Reshiram
|-damage|p2a: Reshiram|0 fnt
|-damage|p2b: Gastrodon|19/100
|-unboost|p2b: Gastrodon|atk|1
|faint|p2a: Reshiram
|move|p2b: Gastrodon|Rain Dance|p2b: Gastrodon
|-weather|RainDance
|
|-weather|RainDance|[upkeep]
|-heal|p2b: Gastrodon|25/100|[from] item: Leftovers
|upkeep
|
|t:|1750830767
|switch|p2a: Palkia|Palkia-Origin, L50|100/100
|-ability|p2a: Palkia|Pressure
|turn|3
|c|☆er1cf0rman|ya gg
|c|☆TotallyNotAutistic|ggs wp
|
|t:|1750830778
|move|p2b: Gastrodon|Protect|p2b: Gastrodon
|-singleturn|p2b: Gastrodon|Protect
|move|p1a: Scovillain|Rage Powder|p1a: Scovillain
|-singleturn|p1a: Scovillain|move: Rage Powder
|move|p1b: Koraidon|Breaking Swipe|p2a: Palkia|[spread] p2a
|-activate|p2b: Gastrodon|move: Protect
|-supereffective|p2a: Palkia
|-damage|p2a: Palkia|0 fnt
|faint|p2a: Palkia
|
|-weather|RainDance|[upkeep]
|-heal|p2b: Gastrodon|31/100|[from] item: Leftovers
|upkeep
|turn|4
|
|t:|1750830788
|move|p1b: Koraidon|Protect|p1b: Koraidon
|-singleturn|p1b: Koraidon|Protect
|move|p1a: Scovillain|Overheat|p2b: Gastrodon
|-resisted|p2b: Gastrodon
|-damage|p2b: Gastrodon|20/100
|-unboost|p1a: Scovillain|spa|2
|move|p2b: Gastrodon|Muddy Water|p1b: Koraidon|[spread] p1a
|-activate|p1b: Koraidon|move: Protect
|-damage|p1a: Scovillain|53/100
|
|-weather|RainDance|[upkeep]
|-heal|p2b: Gastrodon|26/100|[from] item: Leftovers
|upkeep
|turn|5
|
|t:|1750830802
|move|p1b: Koraidon|Collision Course|p2b: Gastrodon
|-damage|p2b: Gastrodon|0 fnt
|faint|p2b: Gastrodon
|
|win|er1cf0rman
|raw|er1cf0rman's rating: 1200 &rarr; <strong>1226</strong><br />(+26 for winning)
|raw|TotallyNotAutistic's rating: 1209 &rarr; <strong>1183</strong><br />(-26 for losing)
|l|☆er1cf0rman
|player|p1|
|l|☆TotallyNotAutistic
|player|p2|
