|j|☆jhyjhyt
|j|☆dinglustan
|t:|1750874132
|gametype|doubles
|player|p1|jhyjhyt|101|1528
|player|p2|dinglustan|169|1571
|teamsize|p1|6
|teamsize|p2|6
|gen|9
|tier|[Gen 9] VGC 2025 Reg I
|rated|
|rule|Species Clause: Limit one of each Pokémon
|rule|Item Clause: Limit 1 of each item
|clearpoke
|poke|p1|Calyrex-Shadow, L50|
|poke|p1|Dondozo, L50, F|
|poke|p1|Tatsugiri, L50, F|
|poke|p1|Kyogre, L50|
|poke|p1|Rillaboom, L50, M|
|poke|p1|Raichu, L50, F|
|poke|p2|Miraidon, L50|
|poke|p2|Calyrex-Ice, L50|
|poke|p2|Grimmsnarl, L50, M|
|poke|p2|Incineroar, L50, M|
|poke|p2|Urshifu-*, L50, M|
|poke|p2|Sinistcha, L50|
|teampreview|4
|inactive|Battle timer is ON: inactive players will automatically lose when time's up. (requested by dinglustan)
|
|t:|1750874150
|start
|switch|p1a: Calyrex|Calyrex-Shadow, L50|100/100
|switch|p1b: Kyogre|Kyogre, L50|100/100
|switch|p2a: Miraidon|Miraidon, L50|100/100
|switch|p2b: Grimmsnarl|Grimmsnarl, L50, M|100/100
|-ability|p1a: Calyrex|As One
|-ability|p1a: Calyrex|Unnerve
|-weather|RainDance|[from] ability: Drizzle|[of] p1b: Kyogre
|-fieldstart|move: Electric Terrain|[from] ability: Hadron Engine|[of] p2a: Miraidon
|turn|1
|
|t:|1750874175
|switch|p1b: Raichu|Raichu, L50, F|100/100
|-item|p1b: Raichu|Air Balloon
|move|p2b: Grimmsnarl|Light Screen|p2b: Grimmsnarl
|-sidestart|p2: dinglustan|move: Light Screen
|move|p1a: Calyrex|Encore|p2b: Grimmsnarl
|-start|p2b: Grimmsnarl|Encore
|move|p2a: Miraidon|Parabolic Charge|p1a: Calyrex|[spread] p2b,p1a
|-ability|p1b: Raichu|Lightning Rod|boost
|-boost|p1b: Raichu|spa|1
|-damage|p2b: Grimmsnarl|51/100
|-damage|p1a: Calyrex|18/100
|
|-weather|RainDance|[upkeep]
|upkeep
|turn|2
|
|t:|1750874194
|switch|p2b: Sinistcha|Sinistcha, L50|100/100
|move|p1b: Raichu|Fake Out|p2a: Miraidon
|-damage|p2a: Miraidon|92/100
|move|p1a: Calyrex|Astral Barrage|p2b: Sinistcha|[spread] p2a,p2b
|-supereffective|p2b: Sinistcha
|-damage|p2a: Miraidon|63/100
|-damage|p2b: Sinistcha|30/100
|cant|p2a: Miraidon|flinch
|
|-weather|RainDance|[upkeep]
|upkeep
|turn|3
|
|t:|1750874212
|switch|p2b: Grimmsnarl|Grimmsnarl, L50, M|51/100
|-terastallize|p1a: Calyrex|Ghost
|move|p1a: Calyrex|Astral Barrage|p2a: Miraidon|[spread] p2a,p2b
|-resisted|p2b: Grimmsnarl
|-damage|p2a: Miraidon|21/100
|-damage|p2b: Grimmsnarl|26/100
|move|p1b: Raichu|Thunderbolt|p2b: Grimmsnarl
|-damage|p2b: Grimmsnarl|1/100
|move|p2a: Miraidon|Parabolic Charge|p1b: Raichu|[spread] p2b,p1a
|-ability|p1b: Raichu|Lightning Rod|boost
|-boost|p1b: Raichu|spa|1
|-damage|p2b: Grimmsnarl|0 fnt
|-heal|p2a: Miraidon|22/100|[from] drain|[of] p2b: Grimmsnarl
|-damage|p1a: Calyrex|0 fnt
|-heal|p2a: Miraidon|30/100|[from] drain|[of] p1a: Calyrex
|faint|p2b: Grimmsnarl
|faint|p1a: Calyrex
|
|-weather|RainDance|[upkeep]
|upkeep
|
|t:|1750874233
|switch|p1a: Rillaboom|Rillaboom, L50, M|100/100
|switch|p2b: Sinistcha|Sinistcha, L50|30/100
|-fieldstart|move: Grassy Terrain|[from] ability: Grassy Surge|[of] p1a: Rillaboom
|-heal|p2a: Miraidon|55/100|[from] ability: Hospitality|[of] p2b: Sinistcha
|turn|4
|
|t:|1750874249
|switch|p2a: Calyrex|Calyrex-Ice, L50|100/100
|-ability|p2a: Calyrex|As One
|-ability|p2a: Calyrex|Unnerve
|move|p1b: Raichu|Thunderbolt|p2b: Sinistcha
|-resisted|p2b: Sinistcha
|-damage|p2b: Sinistcha|14/100
|move|p1a: Rillaboom|Wood Hammer|p2b: Sinistcha
|-resisted|p2b: Sinistcha
|-damage|p2b: Sinistcha|0 fnt
|faint|p2b: Sinistcha
|-damage|p1a: Rillaboom|97/100|[from] Recoil
|
|-weather|RainDance|[upkeep]
|-heal|p1a: Rillaboom|100/100|[from] Grassy Terrain
|upkeep
|
|t:|1750874260
|switch|p2b: Miraidon|Miraidon, L50|55/100
|-fieldstart|move: Electric Terrain|[from] ability: Hadron Engine|[of] p2b: Miraidon
|turn|5
|
|t:|1750874274
|move|p2a: Calyrex|Protect|p2a: Calyrex
|-singleturn|p2a: Calyrex|Protect
|move|p1b: Raichu|Nuzzle|p2a: Calyrex
|-activate|p2a: Calyrex|move: Protect
|move|p2b: Miraidon|Dazzling Gleam|p1b: Raichu|[spread] p1a,p1b
|-damage|p1a: Rillaboom|44/100
|-damage|p1b: Raichu|39/100
|-enditem|p1b: Raichu|Air Balloon
|move|p1a: Rillaboom|High Horsepower|p2b: Miraidon
|-supereffective|p2b: Miraidon
|-damage|p2b: Miraidon|0 fnt
|faint|p2b: Miraidon
|
|-weather|none
|upkeep
|turn|6
|
|t:|1750874293
|move|p1b: Raichu|Encore|p2a: Calyrex
|-start|p2a: Calyrex|Encore
|move|p1a: Rillaboom|Wood Hammer|p2a: Calyrex
|-damage|p2a: Calyrex|50/100
|-damage|p1a: Rillaboom|27/100|[from] Recoil
|move|p2a: Calyrex|Protect||[still]
|-fail|p2a: Calyrex
|
|-heal|p2a: Calyrex|55/100|[from] item: Leftovers
|upkeep
|turn|7
|-message|dinglustan forfeited.
|
|win|jhyjhyt
|raw|jhyjhyt's rating: 1528 &rarr; <strong>1550</strong><br />(+22 for winning)
|raw|dinglustan's rating: 1571 &rarr; <strong>1549</strong><br />(-22 for losing)
|l|☆dinglustan
|player|p2|
|l|☆jhyjhyt
|player|p1|
