|j|☆reptar1995
|j|☆jackoftrade08
|t:|1750831528
|gametype|doubles
|player|p1|reptar1995|2|1321
|player|p2|jackoftrade08|170|1352
|teamsize|p1|6
|teamsize|p2|6
|gen|9
|tier|[Gen 9] VGC 2025 Reg I
|rated|
|rule|Species Clause: Limit one of each Pokémon
|rule|Item Clause: Limit 1 of each item
|clearpoke
|poke|p1|Whimsicott, L50, M|
|poke|p1|Zamazenta-*, L50|
|poke|p1|Calyrex-Shadow, L50|
|poke|p1|Rillaboom, L50, M|
|poke|p1|Raging Bolt, L50|
|poke|p1|Ninetales-Alola, L50, M|
|poke|p2|Tyranitar, L50, F|
|poke|p2|Excadrill, L50, F|
|poke|p2|Incineroar, L50, M|
|poke|p2|Miraidon, L50|
|poke|p2|Flutter Mane, L50|
|poke|p2|Zamazenta-*, L50|
|teampreview|4
|inactive|Battle timer is ON: inactive players will automatically lose when time's up. (requested by reptar1995)
|
|t:|1750831551
|start
|switch|p1a: Rillaboom|Rillaboom, L50, M|100/100
|switch|p1b: Zamazenta|Zamazenta-Crowned, L50|100/100
|switch|p2a: Tyranitar|Tyranitar, L50, F|100/100
|switch|p2b: Incineroar|Incineroar, L50, M|100/100
|-ability|p1b: Zamazenta|Dauntless Shield|boost
|-boost|p1b: Zamazenta|def|1
|-fieldstart|move: Grassy Terrain|[from] ability: Grassy Surge|[of] p1a: Rillaboom
|-ability|p2b: Incineroar|Intimidate|boost
|-unboost|p1a: Rillaboom|atk|1
|-unboost|p1b: Zamazenta|atk|1
|-weather|Sandstorm|[from] ability: Sand Stream|[of] p2a: Tyranitar
|turn|1
|inactive|jackoftrade08 has 30 seconds left.
|
|t:|1750831576
|move|p1a: Rillaboom|Fake Out|p2b: Incineroar
|-damage|p2b: Incineroar|91/100
|move|p1b: Zamazenta|Body Press|p2a: Tyranitar
|-supereffective|p2a: Tyranitar
|-damage|p2a: Tyranitar|0 fnt
|faint|p2a: Tyranitar
|cant|p2b: Incineroar|flinch
|
|-weather|Sandstorm|[upkeep]
|-damage|p1a: Rillaboom|95/100|[from] Sandstorm
|-heal|p1a: Rillaboom|100/100|[from] Grassy Terrain
|-heal|p2b: Incineroar|97/100|[from] Grassy Terrain
|upkeep
|
|t:|1750831583
|switch|p2a: Excadrill|Excadrill, L50, F|100/100
|turn|2
|
|t:|1750831607
|switch|p1a: Ninetales|Ninetales-Alola, L50, M|100/100
|-weather|Snowscape|[from] ability: Snow Warning|[of] p1a: Ninetales
|move|p1b: Zamazenta|Body Press|p2a: Excadrill
|-supereffective|p2a: Excadrill
|-damage|p2a: Excadrill|0 fnt
|faint|p2a: Excadrill
|move|p2b: Incineroar|Flare Blitz|p1b: Zamazenta
|-supereffective|p1b: Zamazenta
|-damage|p1b: Zamazenta|60/100
|-status|p1b: Zamazenta|brn
|-damage|p2b: Incineroar|84/100|[from] Recoil
|
|-weather|Snowscape|[upkeep]
|-heal|p1b: Zamazenta|66/100 brn|[from] Grassy Terrain
|-heal|p2b: Incineroar|90/100|[from] Grassy Terrain
|-damage|p1b: Zamazenta|60/100 brn|[from] brn
|upkeep
|
|t:|1750831624
|switch|p2a: Flutter Mane|Flutter Mane, L50|100/100
|-enditem|p2a: Flutter Mane|Booster Energy
|-activate|p2a: Flutter Mane|ability: Protosynthesis|[fromitem]
|-start|p2a: Flutter Mane|protosynthesisspe
|turn|3
|
|t:|1750831640
|move|p2a: Flutter Mane|Shadow Ball|p1b: Zamazenta
|-damage|p1b: Zamazenta|37/100 brn
|move|p1a: Ninetales|Aurora Veil|p1a: Ninetales
|-sidestart|p1: reptar1995|move: Aurora Veil
|move|p1b: Zamazenta|Body Press|p2b: Incineroar
|-supereffective|p2b: Incineroar
|-damage|p2b: Incineroar|31/100
|move|p2b: Incineroar|Flare Blitz|p1b: Zamazenta
|-supereffective|p1b: Zamazenta
|-damage|p1b: Zamazenta|9/100 brn
|-damage|p2b: Incineroar|22/100|[from] Recoil
|
|-weather|Snowscape|[upkeep]
|-heal|p1b: Zamazenta|15/100 brn|[from] Grassy Terrain
|-heal|p2b: Incineroar|28/100|[from] Grassy Terrain
|-damage|p1b: Zamazenta|9/100 brn|[from] brn
|upkeep
|turn|4
|
|t:|1750831659
|move|p2a: Flutter Mane|Dazzling Gleam|p1a: Ninetales|[spread] p1a,p1b
|-damage|p1a: Ninetales|76/100
|-damage|p1b: Zamazenta|0 fnt
|faint|p1b: Zamazenta
|move|p1a: Ninetales|Blizzard|p2b: Incineroar|[spread] p2a,p2b
|-resisted|p2b: Incineroar
|-damage|p2a: Flutter Mane|74/100
|-damage|p2b: Incineroar|14/100
|move|p2b: Incineroar|Flare Blitz|p1a: Ninetales
|-supereffective|p1a: Ninetales
|-damage|p1a: Ninetales|7/100
|-damage|p2b: Incineroar|0 fnt|[from] Recoil
|faint|p2b: Incineroar
|
|-weather|Snowscape|[upkeep]
|-heal|p2a: Flutter Mane|80/100|[from] Grassy Terrain
|-heal|p1a: Ninetales|13/100|[from] Grassy Terrain
|upkeep
|
|t:|1750831672
|switch|p1b: Rillaboom|Rillaboom, L50, M|100/100
|turn|5
|
|t:|1750831682
|move|p2a: Flutter Mane|Protect|p2a: Flutter Mane
|-singleturn|p2a: Flutter Mane|Protect
|move|p1a: Ninetales|Blizzard|p2a: Flutter Mane
|-activate|p2a: Flutter Mane|move: Protect
|move|p1b: Rillaboom|Wood Hammer|p2a: Flutter Mane
|-activate|p2a: Flutter Mane|move: Protect
|
|-weather|Snowscape|[upkeep]
|-heal|p2a: Flutter Mane|86/100|[from] Grassy Terrain
|-heal|p1a: Ninetales|19/100|[from] Grassy Terrain
|-fieldend|move: Grassy Terrain
|upkeep
|turn|6
|
|t:|1750831697
|-terastallize|p2a: Flutter Mane|Fairy
|move|p2a: Flutter Mane|Dazzling Gleam|p1a: Ninetales|[spread] p1a,p1b
|-damage|p1a: Ninetales|0 fnt
|-damage|p1b: Rillaboom|74/100
|faint|p1a: Ninetales
|move|p1b: Rillaboom|Wood Hammer|p2a: Flutter Mane
|-damage|p2a: Flutter Mane|0 fnt
|faint|p2a: Flutter Mane
|-end|p2a: Flutter Mane|Protosynthesis|[silent]
|-damage|p1b: Rillaboom|47/100|[from] Recoil
|
|win|reptar1995
|raw|reptar1995's rating: 1321 &rarr; <strong>1343</strong><br />(+22 for winning)
|raw|jackoftrade08's rating: 1352 &rarr; <strong>1330</strong><br />(-22 for losing)
|l|☆jackoftrade08
|player|p2|
|l|☆reptar1995
|player|p1|
