|j|☆KenjiPT
|j|☆burkette
|t:|1750800336
|gametype|doubles
|player|p1|KenjiPT|blackbelt-gen4dp|1301
|player|p2|burkette|acetrainerf|1242
|teamsize|p1|6
|teamsize|p2|6
|gen|9
|tier|[Gen 9] VGC 2025 Reg I
|rated|
|rule|Species Clause: Limit one of each Pokémon
|rule|Item Clause: Limit 1 of each item
|clearpoke
|poke|p1|Indeedee-F, L50, F|
|poke|p1|Drifblim, L50, F|
|poke|p1|Eternatus, L50|
|poke|p1|Tatsugiri, L50, M|
|poke|p1|Dondozo, L50, M|
|poke|p1|Lugia, L50|
|poke|p2|Indeedee-F, L50, F|
|poke|p2|Miraidon, L50|
|poke|p2|Iron Crown, L50|
|poke|p2|Urshifu-*, L50, F|
|poke|p2|Incineroar, L50, M|
|poke|p2|Ho-Oh, L50|
|teampreview|4
|inactive|Battle timer is ON: inactive players will automatically lose when time's up. (requested by KenjiPT)
KenjiPT rejected open team sheets.
|inactive|burkette has 60 seconds left.
|
|t:|1750800368
|start
|switch|p1a: Indeedee|Indeedee-F, L50, F, shiny|100/100
|switch|p1b: Drifblim|Drifblim, L50, F, shiny|100/100
|switch|p2a: Indeedee|Indeedee-F, L50, F|100/100
|switch|p2b: Iron Crown|Iron Crown, L50|100/100
|-fieldstart|move: Psychic Terrain|[from] ability: Psychic Surge|[of] p1a: Indeedee
|-enditem|p1b: Drifblim|Psychic Seed
|-boost|p1b: Drifblim|spd|1|[from] item: Psychic Seed
|turn|1
|
|t:|1750800390
|-terastallize|p1b: Drifblim|Dark
|move|p2a: Indeedee|Helping Hand|p2b: Iron Crown
|-singleturn|p2b: Iron Crown|Helping Hand|[of] p2a: Indeedee
|move|p1b: Drifblim|Minimize|p1b: Drifblim
|-boost|p1b: Drifblim|evasion|2
|move|p2b: Iron Crown|Expanding Force|p1a: Indeedee|[spread] p1a
|-immune|p1b: Drifblim
|-resisted|p1a: Indeedee
|-damage|p1a: Indeedee|43/100
|-damage|p2b: Iron Crown|91/100|[from] item: Life Orb
|move|p1a: Indeedee|Light Screen|p1a: Indeedee
|-sidestart|p1: KenjiPT|move: Light Screen
|
|upkeep
|turn|2
|
|t:|1750800405
|move|p2a: Indeedee|Helping Hand|p2b: Iron Crown
|-singleturn|p2b: Iron Crown|Helping Hand|[of] p2a: Indeedee
|move|p1a: Indeedee|Follow Me|p1a: Indeedee
|-singleturn|p1a: Indeedee|move: Follow Me
|move|p1b: Drifblim|Minimize|p1b: Drifblim
|-boost|p1b: Drifblim|evasion|2
|move|p2b: Iron Crown|Tachyon Cutter|p1a: Indeedee
|-damage|p1a: Indeedee|14/100
|-damage|p1a: Indeedee|0 fnt
|faint|p1a: Indeedee
|-hitcount|p1: Indeedee|2
|-damage|p2b: Iron Crown|81/100|[from] item: Life Orb
|
|upkeep
|
|t:|1750800416
|switch|p1a: Tatsugiri|Tatsugiri, L50, M, shiny|100/100
|turn|3
|
|t:|1750800427
|move|p2a: Indeedee|Helping Hand|p2b: Iron Crown
|-singleturn|p2b: Iron Crown|Helping Hand|[of] p2a: Indeedee
|move|p1a: Tatsugiri|Protect|p1a: Tatsugiri
|-singleturn|p1a: Tatsugiri|Protect
|move|p1b: Drifblim|Minimize|p1b: Drifblim
|-boost|p1b: Drifblim|evasion|2
|move|p2b: Iron Crown|Tachyon Cutter|p1b: Drifblim
|-damage|p1b: Drifblim|76/100
|-crit|p1b: Drifblim
|-damage|p1b: Drifblim|0 fnt
|faint|p1b: Drifblim
|-hitcount|p1: Drifblim|2
|-damage|p2b: Iron Crown|71/100|[from] item: Life Orb
|
|upkeep
|
|t:|1750800444
|switch|p1b: Dondozo|Dondozo, L50, M, shiny|100/100
|-activate|p1a: Tatsugiri|ability: Commander|[of] p1b: Dondozo
|-boost|p1b: Dondozo|atk|2
|-boost|p1b: Dondozo|spa|2
|-boost|p1b: Dondozo|spe|2
|-boost|p1b: Dondozo|def|2
|-boost|p1b: Dondozo|spd|2
|turn|4
|
|t:|1750800462
|move|p2a: Indeedee|Helping Hand|p2b: Iron Crown
|-singleturn|p2b: Iron Crown|Helping Hand|[of] p2a: Indeedee
|move|p1b: Dondozo|Earthquake|p2b: Iron Crown|[spread] p2a,p2b
|-miss|p1b: Dondozo|p1a: Tatsugiri
|-supereffective|p2b: Iron Crown
|-damage|p2a: Indeedee|52/100
|-damage|p2b: Iron Crown|0 fnt
|faint|p2b: Iron Crown
|-end|p2b: Iron Crown|Quark Drive|[silent]
|
|upkeep
|
|t:|1750800472
|switch|p2b: Miraidon|Miraidon, L50|100/100
|-fieldstart|move: Electric Terrain|[from] ability: Hadron Engine|[of] p2b: Miraidon
|turn|5
|
|t:|1750800482
|move|p2a: Indeedee|Helping Hand|p2b: Miraidon
|-singleturn|p2b: Miraidon|Helping Hand|[of] p2a: Indeedee
|move|p2b: Miraidon|Electro Drift|p1b: Dondozo
|-supereffective|p1b: Dondozo
|-damage|p1b: Dondozo|0 fnt
|faint|p1b: Dondozo
|
|-sideend|p1: KenjiPT|move: Light Screen
|upkeep
|turn|6
|
|t:|1750800494
|move|p2a: Indeedee|Follow Me|p2a: Indeedee
|-singleturn|p2a: Indeedee|move: Follow Me
|move|p2b: Miraidon|Electro Drift|p1a: Tatsugiri
|-enditem|p1a: Tatsugiri|Focus Sash
|-damage|p1a: Tatsugiri|1/100
|move|p1a: Tatsugiri|Draco Meteor|p2a: Indeedee
|-damage|p2a: Indeedee|0 fnt
|-unboost|p1a: Tatsugiri|spa|2
|faint|p2a: Indeedee
|
|upkeep
|
|t:|1750800505
|switch|p2a: Ho-Oh|Ho-Oh, L50|100/100
|turn|7
|
|t:|1750800511
|move|p2b: Miraidon|Electro Drift|p1a: Tatsugiri
|-damage|p1a: Tatsugiri|0 fnt
|faint|p1a: Tatsugiri
|
|win|burkette
|raw|KenjiPT's rating: 1301 &rarr; <strong>1278</strong><br />(-23 for losing)
|raw|burkette's rating: 1242 &rarr; <strong>1271</strong><br />(+29 for winning)
|c|☆burkette|ggs
|l|☆KenjiPT
|player|p1|
|l|☆burkette
|player|p2|
