|j|☆pokupokepoku
|j|☆LostCityofAtlanta
|t:|1750861088
|gametype|doubles
|player|p1|pokupokepoku|burglar|1035
|player|p2|LostCityofAtlanta|169|1121
|teamsize|p1|6
|teamsize|p2|6
|gen|9
|tier|[Gen 9] VGC 2025 Reg I
|rated|
|rule|Species Clause: Limit one of each Pokémon
|rule|Item Clause: Limit 1 of each item
|clearpoke
|poke|p1|Calyrex-Shadow, L50|
|poke|p1|Zamazenta-*, L50|
|poke|p1|Incineroar, L50, F|
|poke|p1|Chien-Pao, L50|
|poke|p1|Amoonguss, L50, M|
|poke|p1|Raging Bolt, L50|
|poke|p2|Mewtwo, L50|
|poke|p2|Smeargle, L50, M|
|poke|p2|Calyrex-Shadow, L50|
|poke|p2|Rillaboom, L50, M|
|poke|p2|Incineroar, L50, M|
|poke|p2|Grimmsnarl, L50, M|
|teampreview|4
|inactive|Battle timer is ON: inactive players will automatically lose when time's up. (requested by pokupokepoku)
|inactive|LostCityofAtlanta has 60 seconds left.
|
|t:|1750861122
|start
|switch|p1a: Calyrex|Calyrex-Shadow, L50|100/100
|switch|p1b: Incineroar|Incineroar, L50, F|100/100
|switch|p2a: Smeargle|Smeargle, L50, M|100/100
|switch|p2b: Grimmsnarl|Grimmsnarl, L50, M|100/100
|-ability|p1a: Calyrex|As One
|-ability|p1a: Calyrex|Unnerve
|-ability|p1b: Incineroar|Intimidate|boost
|-unboost|p2a: Smeargle|atk|1
|-unboost|p2b: Grimmsnarl|atk|1
|turn|1
|
|t:|1750861146
|move|p2a: Smeargle|Fake Out|p1b: Incineroar
|-damage|p1b: Incineroar|98/100
|cant|p1b: Incineroar|flinch
|move|p2b: Grimmsnarl|Light Screen|p2b: Grimmsnarl
|-sidestart|p2: LostCityofAtlanta|move: Light Screen
|move|p1a: Calyrex|Nasty Plot|p1a: Calyrex
|-boost|p1a: Calyrex|spa|2
|
|-ability|p2a: Smeargle|Moody|boost
|-boost|p2a: Smeargle|atk|2
|-unboost|p2a: Smeargle|spd|1
|upkeep
|turn|2
|inactive|pokupokepoku has 30 seconds left.
|inactive|LostCityofAtlanta has 30 seconds left.
|
|t:|1750861175
|move|p2b: Grimmsnarl|Reflect|p2b: Grimmsnarl
|-sidestart|p2: LostCityofAtlanta|Reflect
|move|p1a: Calyrex|Psychic|p2a: Smeargle
|-enditem|p2a: Smeargle|Focus Sash
|-damage|p2a: Smeargle|1/100
|-damage|p1a: Calyrex|91/100|[from] item: Life Orb
|move|p2a: Smeargle|Spore|p1a: Calyrex
|-status|p1a: Calyrex|slp|[from] move: Spore
|move|p1b: Incineroar|U-turn|p2b: Grimmsnarl
|-damage|p2b: Grimmsnarl|86/100
|
|t:|1750861188
|switch|p1b: Zamazenta|Zamazenta-Crowned, L50|100/100|[from] U-turn
|-ability|p1b: Zamazenta|Dauntless Shield|boost
|-boost|p1b: Zamazenta|def|1
|
|-ability|p2a: Smeargle|Moody|boost
|-boost|p2a: Smeargle|spe|2
|-unboost|p2a: Smeargle|def|1
|upkeep
|turn|3
|
|t:|1750861198
|switch|p2b: Mewtwo|Mewtwo, L50|100/100
|-ability|p2b: Mewtwo|Pressure
|cant|p1a: Calyrex|slp
|move|p2a: Smeargle|Entrainment|p2b: Mewtwo
|-endability|p2b: Mewtwo|Pressure|[from] move: Entrainment
|-ability|p2b: Mewtwo|Moody|[from] move: Entrainment
|move|p1b: Zamazenta|Heavy Slam|p2b: Mewtwo
|-damage|p2b: Mewtwo|75/100
|
|-heal|p2b: Mewtwo|82/100|[from] item: Leftovers
|-ability|p2a: Smeargle|Moody|boost
|-boost|p2a: Smeargle|spa|2
|-unboost|p2a: Smeargle|spe|1
|-ability|p2b: Mewtwo|Moody|boost
|-boost|p2b: Mewtwo|atk|2
|-unboost|p2b: Mewtwo|spe|1
|upkeep
|turn|4
|inactive|pokupokepoku has 30 seconds left.
|
|t:|1750861226
|-terastallize|p1a: Calyrex|Fairy
|-terastallize|p2b: Mewtwo|Dark
|cant|p1a: Calyrex|slp
|move|p2a: Smeargle|Decorate|p2b: Mewtwo
|-boost|p2b: Mewtwo|atk|2
|-boost|p2b: Mewtwo|spa|2
|move|p1b: Zamazenta|Body Press|p2a: Smeargle
|-supereffective|p2a: Smeargle
|-damage|p2a: Smeargle|0 fnt
|faint|p2a: Smeargle
|move|p2b: Mewtwo|Aura Sphere|p1b: Zamazenta
|-supereffective|p1b: Zamazenta
|-damage|p1b: Zamazenta|31/100
|
|-heal|p2b: Mewtwo|88/100|[from] item: Leftovers
|-ability|p2b: Mewtwo|Moody|boost
|-boost|p2b: Mewtwo|def|2
|-unboost|p2b: Mewtwo|spd|1
|upkeep
|
|t:|1750861240
|switch|p2a: Grimmsnarl|Grimmsnarl, L50, M|86/100
|turn|5
|
|t:|1750861244
|move|p2b: Mewtwo|Protect|p2b: Mewtwo
|-singleturn|p2b: Mewtwo|Protect
|move|p2a: Grimmsnarl|Thunder Wave|p1b: Zamazenta
|-status|p1b: Zamazenta|par
|cant|p1a: Calyrex|slp
|move|p1b: Zamazenta|Body Press|p2b: Mewtwo
|-activate|p2b: Mewtwo|move: Protect
|
|-heal|p2b: Mewtwo|94/100|[from] item: Leftovers
|-ability|p2b: Mewtwo|Moody|boost
|-boost|p2b: Mewtwo|spd|2
|-unboost|p2b: Mewtwo|def|1
|upkeep
|turn|6
|inactive|LostCityofAtlanta has 30 seconds left.
|inactive|LostCityofAtlanta has 20 seconds left.
|
|t:|1750861280
|-curestatus|p1a: Calyrex|slp|[msg]
|move|p1a: Calyrex|Astral Barrage|p2a: Grimmsnarl|[spread] p2a,p2b
|-resisted|p2a: Grimmsnarl
|-crit|p2a: Grimmsnarl
|-resisted|p2b: Mewtwo
|-damage|p2a: Grimmsnarl|4/100
|-damage|p2b: Mewtwo|68/100
|-damage|p1a: Calyrex|81/100|[from] item: Life Orb
|move|p2b: Mewtwo|Aura Sphere|p1b: Zamazenta
|-supereffective|p1b: Zamazenta
|-damage|p1b: Zamazenta|0 fnt
|faint|p1b: Zamazenta
|move|p2a: Grimmsnarl|Spirit Break|p1a: Calyrex
|-damage|p1a: Calyrex|40/100
|-unboost|p1a: Calyrex|spa|1
|
|-heal|p2b: Mewtwo|75/100|[from] item: Leftovers
|-ability|p2b: Mewtwo|Moody|boost
|-boost|p2b: Mewtwo|spa|2
|-unboost|p2b: Mewtwo|atk|1
|upkeep
|
|t:|1750861293
|switch|p1b: Incineroar|Incineroar, L50, F|98/100
|-ability|p1b: Incineroar|Intimidate|boost
|-unboost|p2a: Grimmsnarl|atk|1
|-unboost|p2b: Mewtwo|atk|1
|turn|7
|
|t:|1750861302
|switch|p2a: Incineroar|Incineroar, L50, M|100/100
|-ability|p2a: Incineroar|Intimidate|boost
|-unboost|p1a: Calyrex|atk|1
|-unboost|p1b: Incineroar|atk|1
|move|p2b: Mewtwo|Protect|p2b: Mewtwo
|-singleturn|p2b: Mewtwo|Protect
|move|p1b: Incineroar|Fake Out|p2a: Incineroar
|-damage|p2a: Incineroar|96/100
|move|p1a: Calyrex|Astral Barrage|p2a: Incineroar|[spread] p2a
|-activate|p2b: Mewtwo|move: Protect
|-resisted|p2a: Incineroar
|-damage|p2a: Incineroar|69/100
|-damage|p1a: Calyrex|31/100|[from] item: Life Orb
|
|-heal|p2b: Mewtwo|81/100|[from] item: Leftovers
|-ability|p2b: Mewtwo|Moody|boost
|-boost|p2b: Mewtwo|atk|2
|-unboost|p2b: Mewtwo|spa|1
|upkeep
|turn|8
|
|t:|1750861319
|move|p1a: Calyrex|Protect|p1a: Calyrex
|-singleturn|p1a: Calyrex|Protect
|move|p2a: Incineroar|Fake Out|p1b: Incineroar
|-damage|p1b: Incineroar|88/100
|move|p2b: Mewtwo|Aura Sphere|p1b: Incineroar
|-supereffective|p1b: Incineroar
|-damage|p1b: Incineroar|20/100
|cant|p1b: Incineroar|flinch
|
|-heal|p2b: Mewtwo|87/100|[from] item: Leftovers
|-sideend|p2: LostCityofAtlanta|move: Light Screen
|-ability|p2b: Mewtwo|Moody|boost
|-boost|p2b: Mewtwo|atk|2
|-unboost|p2b: Mewtwo|spd|1
|upkeep
|turn|9
|
|t:|1750861334
|move|p1a: Calyrex|Astral Barrage|p2a: Incineroar|[spread] p2a,p2b
|-resisted|p2a: Incineroar
|-resisted|p2b: Mewtwo
|-damage|p2a: Incineroar|33/100
|-damage|p2b: Mewtwo|44/100
|-damage|p1a: Calyrex|21/100|[from] item: Life Orb
|move|p2b: Mewtwo|Aura Sphere|p1b: Incineroar
|-supereffective|p1b: Incineroar
|-damage|p1b: Incineroar|0 fnt
|faint|p1b: Incineroar
|move|p2a: Incineroar|Flare Blitz|p1a: Calyrex
|-damage|p1a: Calyrex|0 fnt
|faint|p1a: Calyrex
|-damage|p2a: Incineroar|27/100|[from] Recoil
|
|-heal|p2b: Mewtwo|50/100|[from] item: Leftovers
|-sideend|p2: LostCityofAtlanta|Reflect
|-ability|p2b: Mewtwo|Moody|boost
|-boost|p2b: Mewtwo|spa|2
|-unboost|p2b: Mewtwo|atk|1
|upkeep
|
|t:|1750861345
|switch|p1b: Chien-Pao|Chien-Pao, L50|100/100
|-ability|p1b: Chien-Pao|Sword of Ruin
|turn|10
|
|t:|1750861357
|move|p2b: Mewtwo|Protect|p2b: Mewtwo
|-singleturn|p2b: Mewtwo|Protect
|move|p1b: Chien-Pao|Ice Spinner|p2b: Mewtwo
|-activate|p2b: Mewtwo|move: Protect
|move|p2a: Incineroar|Parting Shot|p1b: Chien-Pao
|-unboost|p1b: Chien-Pao|atk|1
|-unboost|p1b: Chien-Pao|spa|1
|
|t:|1750861360
|switch|p2a: Grimmsnarl|Grimmsnarl, L50, M|4/100|[from] Parting Shot
|
|-heal|p2b: Mewtwo|56/100|[from] item: Leftovers
|-ability|p2b: Mewtwo|Moody|boost
|-boost|p2b: Mewtwo|spd|2
|-unboost|p2b: Mewtwo|def|1
|upkeep
|turn|11
|
|t:|1750861371
|move|p1b: Chien-Pao|Sucker Punch||[still]
|-fail|p1b: Chien-Pao
|move|p2a: Grimmsnarl|Reflect|p2a: Grimmsnarl
|-sidestart|p2: LostCityofAtlanta|Reflect
|move|p2b: Mewtwo|Aura Sphere|p1b: Chien-Pao
|-supereffective|p1b: Chien-Pao
|-enditem|p1b: Chien-Pao|Focus Sash
|-damage|p1b: Chien-Pao|1/100
|
|-heal|p2b: Mewtwo|63/100|[from] item: Leftovers
|-ability|p2b: Mewtwo|Moody|boost
|-boost|p2b: Mewtwo|atk|1
|-unboost|p2b: Mewtwo|spe|1
|upkeep
|turn|12
|-message|pokupokepoku forfeited.
|
|win|LostCityofAtlanta
|raw|pokupokepoku's rating: 1035 &rarr; <strong>1023</strong><br />(-12 for losing)
|raw|LostCityofAtlanta's rating: 1121 &rarr; <strong>1140</strong><br />(+19 for winning)
|l|☆pokupokepoku
|player|p1|
