|j|☆Akatumbel
|j|☆willycoult
|t:|1750868190
|gametype|doubles
|player|p1|Akatumbel|102|1116
|player|p2|willycoult|crasherwake|1084
|teamsize|p1|6
|teamsize|p2|6
|gen|9
|tier|[Gen 9] VGC 2025 Reg I
|rated|
|rule|Species Clause: Limit one of each Pokémon
|rule|Item Clause: Limit 1 of each item
|clearpoke
|poke|p1|Miraidon, L50|
|poke|p1|Iron Hands, L50|
|poke|p1|Farigiraf, L50, M|
|poke|p1|Calyrex-Ice, L50|
|poke|p1|Whimsicott, L50, M|
|poke|p1|Ogerpon-Hearthflame, L50, F|
|poke|p2|Conkeldurr, L50, F|
|poke|p2|Lucario, L50, F|
|poke|p2|Ho-Oh, L50|
|poke|p2|Sableye, L50, M|
|poke|p2|Mewtwo, L50|
|poke|p2|Ariados, L50, M|
|teampreview|4
|inactive|Battle timer is ON: inactive players will automatically lose when time's up. (requested by Akatumbel)
|
|t:|1750868213
|start
|switch|p1a: Miraidon|Miraidon, L50|100/100
|switch|p1b: Farigiraf|Farigiraf, L50, M, shiny|100/100
|switch|p2a: Ho-Oh|Ho-Oh, L50|100/100
|switch|p2b: Lucario|Lucario, L50, F|100/100
|-fieldstart|move: Electric Terrain|[from] ability: Hadron Engine|[of] p1a: Miraidon
|-enditem|p1b: Farigiraf|Electric Seed
|-boost|p1b: Farigiraf|def|1|[from] item: Electric Seed
|-enditem|p2a: Ho-Oh|Mirror Herb
|-boost|p2a: Ho-Oh|def|1|[from] item: Mirror Herb
|turn|1
|inactive|Akatumbel has 30 seconds left.
|
|t:|1750868239
|-terastallize|p2a: Ho-Oh|Ground
|move|p2b: Lucario|Extreme Speed||[still]
|cant|p1b: Farigiraf|ability: Armor Tail|Extreme Speed|[of] p2b: Lucario
|move|p1a: Miraidon|Volt Switch|p2a: Ho-Oh
|-immune|p2a: Ho-Oh
|move|p2a: Ho-Oh|Earthquake|p1b: Farigiraf|[spread] p2b,p1a,p1b
|-supereffective|p2b: Lucario
|-supereffective|p1a: Miraidon
|-enditem|p2b: Lucario|Focus Sash
|-damage|p2b: Lucario|1/100
|-damage|p1a: Miraidon|28/100
|-damage|p1b: Farigiraf|81/100
|move|p1b: Farigiraf|Trick Room|p1b: Farigiraf
|-fieldstart|move: Trick Room|[of] p1b: Farigiraf
|
|upkeep
|turn|2
|inactive|willycoult has 30 seconds left.
|
|t:|1750868269
|switch|p1a: Ogerpon|Ogerpon-Hearthflame, L50, F|100/100
|-ability|p1a: Ogerpon|Mold Breaker
|move|p2b: Lucario|Feint||[still]
|cant|p1b: Farigiraf|ability: Armor Tail|Feint|[of] p2b: Lucario
|move|p1b: Farigiraf|Psychic Noise|p2a: Ho-Oh
|-damage|p2a: Ho-Oh|79/100
|-start|p2a: Ho-Oh|move: Heal Block
|move|p2a: Ho-Oh|Sacred Fire|p1b: Farigiraf|[miss]
|-miss|p2a: Ho-Oh|p1b: Farigiraf
|
|upkeep
|turn|3
|
|t:|1750868293
|move|p1b: Farigiraf|Helping Hand|p1a: Ogerpon
|-singleturn|p1a: Ogerpon|Helping Hand|[of] p1b: Farigiraf
|move|p2b: Lucario|Feint|p2a: Ho-Oh
|-damage|p2a: Ho-Oh|72/100
|move|p2a: Ho-Oh|Earthquake|p1b: Farigiraf|[spread] p2b,p1a,p1b
|-supereffective|p2b: Lucario
|-damage|p2b: Lucario|0 fnt
|-damage|p1a: Ogerpon|63/100
|-damage|p1b: Farigiraf|61/100
|faint|p2b: Lucario
|move|p1a: Ogerpon|Wood Hammer|p2a: Ho-Oh
|-supereffective|p2a: Ho-Oh
|-damage|p2a: Ho-Oh|0 fnt
|faint|p2a: Ho-Oh
|-damage|p1a: Ogerpon|39/100|[from] Recoil
|
|upkeep
|inactive|willycoult has 30 seconds left.
|inactive|willycoult has 20 seconds left.
|inactive|willycoult has 15 seconds left.
|inactive|willycoult has 10 seconds left.
|inactive|willycoult has 5 seconds left.
|
|t:|1750868349
|switch|p2b: Sableye|Sableye, L50, M|100/100
|switch|p2a: Ariados|Ariados, L50, M|100/100
|turn|4
|inactive|willycoult has 30 seconds left.
|inactive|willycoult has 20 seconds left.
|inactive|willycoult has 15 seconds left.
|inactive|willycoult has 10 seconds left.
|inactive|willycoult has 5 seconds left.
|
|t:|1750868404
|move|p1a: Ogerpon|Spiky Shield|p1a: Ogerpon
|-singleturn|p1a: Ogerpon|move: Protect
|move|p2a: Ariados|Rage Powder|p2a: Ariados
|-singleturn|p2a: Ariados|move: Rage Powder
|move|p2b: Sableye|Encore||[still]
|cant|p1b: Farigiraf|ability: Armor Tail|Encore|[of] p2b: Sableye
|move|p1b: Farigiraf|Trick Room|p1b: Farigiraf
|-fieldend|move: Trick Room
|
|upkeep
|turn|5
|inactive|willycoult has 30 seconds left.
|inactive|willycoult has 20 seconds left.
|inactive|willycoult has 15 seconds left.
|inactive|willycoult has 10 seconds left.
|inactive|willycoult has 5 seconds left.
|
|t:|1750868459
|move|p1b: Farigiraf|Helping Hand|p1a: Ogerpon
|-singleturn|p1a: Ogerpon|Helping Hand|[of] p1b: Farigiraf
|move|p2a: Ariados|Rage Powder|p2a: Ariados
|-singleturn|p2a: Ariados|move: Rage Powder
|move|p2b: Sableye|Encore||[still]
|cant|p1b: Farigiraf|ability: Armor Tail|Encore|[of] p2b: Sableye
|move|p1a: Ogerpon|Ivy Cudgel|p2a: Ariados|[anim] Ivy Cudgel Fire
|-supereffective|p2a: Ariados
|-damage|p2a: Ariados|0 fnt
|faint|p2a: Ariados
|
|-fieldend|move: Electric Terrain
|upkeep
|turn|6
|inactive|willycoult has 30 seconds left.
|inactive|willycoult has 20 seconds left.
|inactive|willycoult has 15 seconds left.
|inactive|willycoult has 10 seconds left.
|inactive|willycoult has 5 seconds left.
|
|t:|1750868514
|-terastallize|p1a: Ogerpon|Fire
|detailschange|p1a: Ogerpon|Ogerpon-Hearthflame-Tera, L50, F, tera:Fire
|-ability|p1a: Ogerpon|Embody Aspect (Hearthflame)|boost
|-boost|p1a: Ogerpon|atk|1
|move|p1b: Farigiraf|Helping Hand|p1a: Ogerpon
|-singleturn|p1a: Ogerpon|Helping Hand|[of] p1b: Farigiraf
|move|p2b: Sableye|Encore||[still]
|cant|p1b: Farigiraf|ability: Armor Tail|Encore|[of] p2b: Sableye
|move|p1a: Ogerpon|Ivy Cudgel|p2b: Sableye|[anim] Ivy Cudgel Fire
|-damage|p2b: Sableye|0 fnt
|faint|p2b: Sableye
|
|win|Akatumbel
|raw|Akatumbel's rating: 1116 &rarr; <strong>1139</strong><br />(+23 for winning)
|raw|willycoult's rating: 1084 &rarr; <strong>1063</strong><br />(-21 for losing)
|l|☆Akatumbel
|player|p1|
|l|☆willycoult
|player|p2|
