|j|☆Slowpoke Well YT
|j|☆joegrip
|t:|1750861360
|gametype|doubles
|player|p1|Slowpoke Well YT|ethan|1497
|player|p2|joegrip|lucas|1400
|teamsize|p1|6
|teamsize|p2|6
|gen|9
|tier|[Gen 9] VGC 2025 Reg I
|rated|
|rule|Species Clause: Limit one of each Pokémon
|rule|Item Clause: Limit 1 of each item
|clearpoke
|poke|p1|Gothitelle, L50, F|
|poke|p1|Eternatus, L50|
|poke|p1|Calyrex-Shadow, L50|
|poke|p1|Incineroar, L50, F|
|poke|p1|Rillaboom, L50, F|
|poke|p1|Urshifu-*, L50, F|
|poke|p2|Calyrex-Ice, L50|
|poke|p2|Miraidon, L50|
|poke|p2|Ursaluna, L50, F|
|poke|p2|Farigiraf, L50, F|
|poke|p2|Incineroar, L50, F|
|poke|p2|Raging Bolt, L50|
|teampreview|4
|inactive|Battle timer is ON: inactive players will automatically lose when time's up. (requested by Slowpoke Well YT)
|
|t:|1750861378
|start
|switch|p1a: Incineroar|Incineroar, L50, F|100/100
|switch|p1b: Rillaboom|Rillaboom, L50, F|100/100
|switch|p2a: Farigiraf|Farigiraf, L50, F|100/100
|switch|p2b: Miraidon|Miraidon, L50|100/100
|-fieldstart|move: Electric Terrain|[from] ability: Hadron Engine|[of] p2b: Miraidon
|-fieldstart|move: Grassy Terrain|[from] ability: Grassy Surge|[of] p1b: Rillaboom
|-ability|p1a: Incineroar|Intimidate|boost
|-unboost|p2a: Farigiraf|atk|1
|-unboost|p2b: Miraidon|atk|1
|turn|1
|
|t:|1750861396
|move|p2b: Miraidon|Volt Switch|p1a: Incineroar
|-damage|p1a: Incineroar|72/100
|
|t:|1750861400
|switch|p2b: Calyrex|Calyrex-Ice, L50|100/100|[from] Volt Switch
|-ability|p2b: Calyrex|As One
|-ability|p2b: Calyrex|Unnerve
|move|p1b: Rillaboom|U-turn|p2b: Calyrex
|-supereffective|p2b: Calyrex
|-damage|p2b: Calyrex|62/100
|
|t:|1750861414
|switch|p1b: Gothitelle|Gothitelle, L50, F, shiny|100/100|[from] U-turn
|move|p1a: Incineroar|Will-O-Wisp|p2b: Calyrex
|-status|p2b: Calyrex|brn
|move|p2a: Farigiraf|Trick Room|p2a: Farigiraf
|-fieldstart|move: Trick Room|[of] p2a: Farigiraf
|
|-heal|p2b: Calyrex|68/100 brn|[from] Grassy Terrain
|-heal|p1a: Incineroar|78/100|[from] Grassy Terrain
|-damage|p2b: Calyrex|62/100 brn|[from] brn
|upkeep
|turn|2
|inactive|joegrip has 30 seconds left.
|
|t:|1750861441
|move|p2a: Farigiraf|Helping Hand|p2b: Calyrex
|-singleturn|p2b: Calyrex|Helping Hand|[of] p2a: Farigiraf
|move|p1b: Gothitelle|Protect|p1b: Gothitelle
|-singleturn|p1b: Gothitelle|Protect
|move|p2b: Calyrex|High Horsepower|p1a: Incineroar
|-supereffective|p1a: Incineroar
|-damage|p1a: Incineroar|18/100
|move|p1a: Incineroar|Parting Shot|p2a: Farigiraf
|-unboost|p2a: Farigiraf|atk|1
|-unboost|p2a: Farigiraf|spa|1
|
|t:|1750861450
|switch|p1a: Eternatus|Eternatus, L50|100/100|[from] Parting Shot
|-ability|p1a: Eternatus|Pressure
|
|-heal|p2b: Calyrex|68/100 brn|[from] Grassy Terrain
|-damage|p2b: Calyrex|62/100 brn|[from] brn
|upkeep
|turn|3
|
|t:|1750861470
|-terastallize|p1a: Eternatus|Fairy
|move|p2a: Farigiraf|Helping Hand|p2b: Calyrex
|-singleturn|p2b: Calyrex|Helping Hand|[of] p2a: Farigiraf
|move|p2b: Calyrex|Glacial Lance|p1a: Eternatus|[spread] p1a,p1b
|-crit|p1a: Eternatus
|-damage|p1a: Eternatus|52/100
|-damage|p1b: Gothitelle|54/100
|move|p1b: Gothitelle|Psychic|p2a: Farigiraf
|-resisted|p2a: Farigiraf
|-damage|p2a: Farigiraf|89/100
|move|p1a: Eternatus|Cosmic Power|p1a: Eternatus
|-boost|p1a: Eternatus|def|1
|-boost|p1a: Eternatus|spd|1
|
|-heal|p2b: Calyrex|68/100 brn|[from] Grassy Terrain
|-heal|p2a: Farigiraf|95/100|[from] Grassy Terrain
|-heal|p1b: Gothitelle|60/100|[from] Grassy Terrain
|-heal|p1a: Eternatus|58/100|[from] Grassy Terrain
|-heal|p1a: Eternatus|64/100|[from] item: Leftovers
|-damage|p2b: Calyrex|62/100 brn|[from] brn
|upkeep
|turn|4
|
|t:|1750861488
|move|p2a: Farigiraf|Helping Hand|p2b: Calyrex
|-singleturn|p2b: Calyrex|Helping Hand|[of] p2a: Farigiraf
|move|p2b: Calyrex|Glacial Lance|p1b: Gothitelle|[spread] p1a,p1b
|-damage|p1a: Eternatus|42/100
|-damage|p1b: Gothitelle|15/100
|move|p1b: Gothitelle|Heal Pulse|p1a: Eternatus
|-heal|p1a: Eternatus|92/100
|move|p1a: Eternatus|Cosmic Power|p1a: Eternatus
|-boost|p1a: Eternatus|def|1
|-boost|p1a: Eternatus|spd|1
|
|-heal|p2b: Calyrex|68/100 brn|[from] Grassy Terrain
|-heal|p2a: Farigiraf|100/100|[from] Grassy Terrain
|-heal|p1b: Gothitelle|21/100|[from] Grassy Terrain
|-heal|p1a: Eternatus|98/100|[from] Grassy Terrain
|-heal|p1a: Eternatus|100/100|[from] item: Leftovers
|-damage|p2b: Calyrex|62/100 brn|[from] brn
|upkeep
|turn|5
|
|t:|1750861504
|move|p2a: Farigiraf|Helping Hand|p2b: Calyrex
|-singleturn|p2b: Calyrex|Helping Hand|[of] p2a: Farigiraf
|move|p1b: Gothitelle|Protect|p1b: Gothitelle
|-singleturn|p1b: Gothitelle|Protect
|move|p2b: Calyrex|Glacial Lance|p1b: Gothitelle|[spread] p1a
|-activate|p1b: Gothitelle|move: Protect
|-damage|p1a: Eternatus|83/100
|move|p1a: Eternatus|Cosmic Power|p1a: Eternatus
|-boost|p1a: Eternatus|def|1
|-boost|p1a: Eternatus|spd|1
|
|-heal|p2b: Calyrex|68/100 brn|[from] Grassy Terrain
|-heal|p1b: Gothitelle|27/100|[from] Grassy Terrain
|-heal|p1a: Eternatus|89/100|[from] Grassy Terrain
|-heal|p1a: Eternatus|96/100|[from] item: Leftovers
|-damage|p2b: Calyrex|62/100 brn|[from] brn
|-fieldend|move: Trick Room
|-fieldend|move: Grassy Terrain
|upkeep
|turn|6
|
|t:|1750861520
|switch|p1b: Incineroar|Incineroar, L50, F|18/100
|-ability|p1b: Incineroar|Intimidate|boost
|-unboost|p2a: Farigiraf|atk|1
|-fail|p2b: Calyrex|unboost|[from] item: Clear Amulet|[of] p2b: Calyrex
|move|p1a: Eternatus|Cosmic Power|p1a: Eternatus
|-boost|p1a: Eternatus|def|1
|-boost|p1a: Eternatus|spd|1
|move|p2b: Calyrex|Glacial Lance|p1b: Incineroar|[spread] p1a,p1b
|-resisted|p1b: Incineroar
|-damage|p1a: Eternatus|88/100
|-damage|p1b: Incineroar|6/100
|move|p2a: Farigiraf|Trick Room|p2a: Farigiraf
|-fieldstart|move: Trick Room|[of] p2a: Farigiraf
|
|-heal|p1a: Eternatus|94/100|[from] item: Leftovers
|-damage|p2b: Calyrex|56/100 brn|[from] brn
|upkeep
|turn|7
|inactive|joegrip has 30 seconds left.
|
|t:|1750861551
|move|p2b: Calyrex|High Horsepower|p1b: Incineroar
|-supereffective|p1b: Incineroar
|-damage|p1b: Incineroar|0 fnt
|faint|p1b: Incineroar
|-ability|p2b: Calyrex|Chilling Neigh|boost
|-boost|p2b: Calyrex|atk|1
|move|p2a: Farigiraf|Psychic|p1a: Eternatus
|-damage|p1a: Eternatus|89/100
|move|p1a: Eternatus|Sludge Bomb|p2b: Calyrex
|-damage|p2b: Calyrex|29/100 brn
|
|-heal|p1a: Eternatus|96/100|[from] item: Leftovers
|-damage|p2b: Calyrex|23/100 brn|[from] brn
|upkeep
|
|t:|1750861563
|switch|p1b: Gothitelle|Gothitelle, L50, F, shiny|27/100
|turn|8
|
|t:|1750861577
|move|p1b: Gothitelle|Protect|p1b: Gothitelle
|-singleturn|p1b: Gothitelle|Protect
|move|p2b: Calyrex|High Horsepower|p1a: Eternatus
|-damage|p1a: Eternatus|88/100
|move|p2a: Farigiraf|Imprison|p2a: Farigiraf
|-start|p2a: Farigiraf|move: Imprison
|move|p1a: Eternatus|Sludge Bomb|p2b: Calyrex
|-damage|p2b: Calyrex|0 fnt
|-enditem|p1b: Gothitelle|Sitrus Berry|[eat]
|-heal|p1b: Gothitelle|52/100|[from] item: Sitrus Berry
|faint|p2b: Calyrex
|
|-heal|p1a: Eternatus|94/100|[from] item: Leftovers
|upkeep
|
|t:|1750861590
|switch|p2b: Ursaluna|Ursaluna, L50, F|100/100
|turn|9
|
|t:|1750861601
|switch|p1b: Rillaboom|Rillaboom, L50, F|100/100
|-fieldstart|move: Grassy Terrain|[from] ability: Grassy Surge|[of] p1b: Rillaboom
|move|p2b: Ursaluna|Protect|p2b: Ursaluna
|-singleturn|p2b: Ursaluna|Protect
|move|p2a: Farigiraf|Psychic|p1a: Eternatus
|-damage|p1a: Eternatus|89/100
|move|p1a: Eternatus|Cosmic Power|p1a: Eternatus
|-boost|p1a: Eternatus|def|1
|-boost|p1a: Eternatus|spd|1
|
|-heal|p1a: Eternatus|95/100|[from] Grassy Terrain
|-heal|p1a: Eternatus|100/100|[from] item: Leftovers
|-status|p2b: Ursaluna|brn|[from] item: Flame Orb
|upkeep
|turn|10
|
|t:|1750861624
|switch|p2a: Miraidon|Miraidon, L50|100/100
|-fieldstart|move: Electric Terrain|[from] ability: Hadron Engine|[of] p2a: Miraidon
|move|p2b: Ursaluna|Facade|p1b: Rillaboom
|-damage|p1b: Rillaboom|0 fnt
|faint|p1b: Rillaboom
|move|p1a: Eternatus|Cosmic Power|p1a: Eternatus
|-boost|p1a: Eternatus|def|1
|-boost|p1a: Eternatus|spd|1
|
|-damage|p2b: Ursaluna|95/100 brn|[from] brn
|-fieldend|move: Trick Room
|upkeep
|
|t:|1750861635
|switch|p1b: Gothitelle|Gothitelle, L50, F, shiny|52/100
|turn|11
|
|t:|1750861651
|move|p1b: Gothitelle|Fake Out|p2a: Miraidon
|-damage|p2a: Miraidon|95/100
|cant|p2a: Miraidon|flinch
|move|p1a: Eternatus|Sludge Bomb|p2a: Miraidon
|-damage|p2a: Miraidon|76/100
|move|p2b: Ursaluna|Facade|p1b: Gothitelle
|-damage|p1b: Gothitelle|0 fnt
|faint|p1b: Gothitelle
|
|-damage|p2b: Ursaluna|89/100 brn|[from] brn
|upkeep
|turn|12
|
|t:|1750861662
|move|p2a: Miraidon|Snarl|p1a: Eternatus
|-resisted|p1a: Eternatus
|-damage|p1a: Eternatus|99/100
|-unboost|p1a: Eternatus|spa|1
|move|p1a: Eternatus|Sludge Bomb|p2a: Miraidon
|-damage|p2a: Miraidon|62/100
|move|p2b: Ursaluna|Facade|p1a: Eternatus
|-damage|p1a: Eternatus|76/100
|
|-heal|p1a: Eternatus|83/100|[from] item: Leftovers
|-damage|p2b: Ursaluna|83/100 brn|[from] brn
|upkeep
|turn|13
|
|t:|1750861676
|move|p2a: Miraidon|Snarl|p1a: Eternatus
|-resisted|p1a: Eternatus
|-damage|p1a: Eternatus|81/100
|-unboost|p1a: Eternatus|spa|1
|move|p1a: Eternatus|Sludge Bomb|p2a: Miraidon
|-damage|p2a: Miraidon|52/100
|move|p2b: Ursaluna|Facade|p1a: Eternatus
|-damage|p1a: Eternatus|57/100
|
|-heal|p1a: Eternatus|63/100|[from] item: Leftovers
|-damage|p2b: Ursaluna|77/100 brn|[from] brn
|upkeep
|turn|14
|
|t:|1750861691
|move|p2a: Miraidon|Snarl|p1a: Eternatus
|-resisted|p1a: Eternatus
|-damage|p1a: Eternatus|61/100
|-unboost|p1a: Eternatus|spa|1
|move|p1a: Eternatus|Sludge Bomb|p2a: Miraidon
|-damage|p2a: Miraidon|44/100
|move|p2b: Ursaluna|Facade|p1a: Eternatus
|-damage|p1a: Eternatus|40/100
|
|-heal|p1a: Eternatus|46/100|[from] item: Leftovers
|-damage|p2b: Ursaluna|71/100 brn|[from] brn
|-fieldend|move: Electric Terrain
|upkeep
|turn|15
|
|t:|1750861707
|move|p2a: Miraidon|Volt Switch|p1a: Eternatus
|-damage|p1a: Eternatus|41/100
|
|t:|1750861709
|switch|p2a: Farigiraf|Farigiraf, L50, F|100/100|[from] Volt Switch
|move|p1a: Eternatus|Recover|p1a: Eternatus
|-heal|p1a: Eternatus|91/100
|move|p2b: Ursaluna|Facade|p1a: Eternatus
|-damage|p1a: Eternatus|68/100
|
|-heal|p1a: Eternatus|74/100|[from] item: Leftovers
|-damage|p2b: Ursaluna|66/100 brn|[from] brn
|upkeep
|turn|16
|
|t:|1750861723
|move|p2a: Farigiraf|Helping Hand|p2b: Ursaluna
|-singleturn|p2b: Ursaluna|Helping Hand|[of] p2a: Farigiraf
|move|p1a: Eternatus|Sludge Bomb|p2a: Farigiraf
|-damage|p2a: Farigiraf|85/100
|-status|p2a: Farigiraf|psn
|move|p2b: Ursaluna|Facade|p1a: Eternatus
|-damage|p1a: Eternatus|37/100
|
|-heal|p1a: Eternatus|43/100|[from] item: Leftovers
|-damage|p2a: Farigiraf|73/100 psn|[from] psn
|-damage|p2b: Ursaluna|60/100 brn|[from] brn
|upkeep
|turn|17
|
|t:|1750861735
|move|p2a: Farigiraf|Helping Hand|p2b: Ursaluna
|-singleturn|p2b: Ursaluna|Helping Hand|[of] p2a: Farigiraf
|move|p1a: Eternatus|Recover|p1a: Eternatus
|-heal|p1a: Eternatus|93/100
|move|p2b: Ursaluna|Facade|p1a: Eternatus
|-damage|p1a: Eternatus|56/100
|
|-heal|p1a: Eternatus|62/100|[from] item: Leftovers
|-damage|p2a: Farigiraf|61/100 psn|[from] psn
|-damage|p2b: Ursaluna|54/100 brn|[from] brn
|upkeep
|turn|18
|
|t:|1750861751
|move|p2a: Farigiraf|Helping Hand|p2b: Ursaluna
|-singleturn|p2b: Ursaluna|Helping Hand|[of] p2a: Farigiraf
|move|p1a: Eternatus|Recover|p1a: Eternatus
|-heal|p1a: Eternatus|100/100
|move|p2b: Ursaluna|Facade|p1a: Eternatus
|-damage|p1a: Eternatus|63/100
|
|-heal|p1a: Eternatus|69/100|[from] item: Leftovers
|-damage|p2a: Farigiraf|49/100 psn|[from] psn
|-damage|p2b: Ursaluna|48/100 brn|[from] brn
|upkeep
|turn|19
|
|t:|1750861762
|move|p2a: Farigiraf|Helping Hand|p2b: Ursaluna
|-singleturn|p2b: Ursaluna|Helping Hand|[of] p2a: Farigiraf
|move|p1a: Eternatus|Sludge Bomb|p2b: Ursaluna
|-resisted|p2b: Ursaluna
|-damage|p2b: Ursaluna|40/100 brn
|move|p2b: Ursaluna|Facade|p1a: Eternatus
|-damage|p1a: Eternatus|32/100
|
|-heal|p1a: Eternatus|39/100|[from] item: Leftovers
|-damage|p2a: Farigiraf|36/100 psn|[from] psn
|-damage|p2b: Ursaluna|35/100 brn|[from] brn
|upkeep
|turn|20
|
|t:|1750861775
|move|p2a: Farigiraf|Helping Hand|p2b: Ursaluna
|-singleturn|p2b: Ursaluna|Helping Hand|[of] p2a: Farigiraf
|move|p1a: Eternatus|Recover|p1a: Eternatus
|-heal|p1a: Eternatus|89/100
|move|p2b: Ursaluna|Facade|p1a: Eternatus
|-damage|p1a: Eternatus|55/100
|
|-heal|p1a: Eternatus|61/100|[from] item: Leftovers
|-damage|p2a: Farigiraf|24/100 psn|[from] psn
|-damage|p2b: Ursaluna|29/100 brn|[from] brn
|upkeep
|turn|21
|
|t:|1750861786
|move|p2a: Farigiraf|Helping Hand|p2b: Ursaluna
|-singleturn|p2b: Ursaluna|Helping Hand|[of] p2a: Farigiraf
|move|p1a: Eternatus|Sludge Bomb|p2b: Ursaluna
|-resisted|p2b: Ursaluna
|-damage|p2b: Ursaluna|22/100 brn
|move|p2b: Ursaluna|Facade|p1a: Eternatus
|-damage|p1a: Eternatus|27/100
|
|-heal|p1a: Eternatus|33/100|[from] item: Leftovers
|-damage|p2a: Farigiraf|12/100 psn|[from] psn
|-damage|p2b: Ursaluna|16/100 brn|[from] brn
|upkeep
|turn|22
|
|t:|1750861797
|move|p2a: Farigiraf|Helping Hand|p2b: Ursaluna
|-singleturn|p2b: Ursaluna|Helping Hand|[of] p2a: Farigiraf
|move|p1a: Eternatus|Recover|p1a: Eternatus
|-heal|p1a: Eternatus|83/100
|move|p2b: Ursaluna|Facade|p1a: Eternatus
|-crit|p1a: Eternatus
|-damage|p1a: Eternatus|0 fnt
|faint|p1a: Eternatus
|
|win|joegrip
|raw|Slowpoke Well YT's rating: 1497 &rarr; <strong>1472</strong><br />(-25 for losing)
|raw|joegrip's rating: 1400 &rarr; <strong>1425</strong><br />(+25 for winning)
|c|☆joegrip|yay stall defeated
|l|☆Slowpoke Well YT
|player|p1|
|l|☆joegrip
|player|p2|
