|j|☆ilicorB
|j|☆otter_707
|t:|1750778088
|gametype|doubles
|player|p1|ilicorB|169|1082
|player|p2|otter_707|palmer|1114
|teamsize|p1|6
|teamsize|p2|6
|gen|9
|tier|[Gen 9] VGC 2025 Reg I
|rated|
|rule|Species Clause: Limit one of each Pokémon
|rule|Item Clause: Limit 1 of each item
|clearpoke
|poke|p1|Whimsicott, L50, M|
|poke|p1|Pelipper, L50, M|
|poke|p1|Incineroar, L50, F|
|poke|p1|Calyrex-Ice, L50|
|poke|p1|Miraidon, L50|
|poke|p1|Urshifu-*, L50, F|
|poke|p2|Slowbro-Galar, L50, F|
|poke|p2|Florges-Orange, L50, F|
|poke|p2|Ogerpon-Wellspring, L50, F|
|poke|p2|Zamazenta-*, L50|
|poke|p2|Incineroar, L50, M|
|poke|p2|Rillaboom, L50, F|
|teampreview|4
|inactive|Battle timer is ON: inactive players will automatically lose when time's up. (requested by otter_707)
otter_707 has agreed to open team sheets.
|
|t:|1750778112
|start
|switch|p1a: Pelipper|Pelipper, L50, M, shiny|100/100
|switch|p1b: Miraidon|Miraidon, L50|100/100
|switch|p2a: speed man|Slowbro-Galar, L50, F, shiny|100/100
|switch|p2b: florabelle|Florges-Orange, L50, F, shiny|100/100
|-fieldstart|move: Electric Terrain|[from] ability: Hadron Engine|[of] p1b: Miraidon
|-weather|RainDance|[from] ability: Drizzle|[of] p1a: Pelipper
|turn|1
|inactive|otter_707 has 30 seconds left.
|
|t:|1750778138
|switch|p2a: Highkey Kong|Rillaboom, L50, F|100/100
|-fieldstart|move: Grassy Terrain|[from] ability: Grassy Surge|[of] p2a: Highkey Kong
|move|p1b: Miraidon|Protect|p1b: Miraidon
|-singleturn|p1b: Miraidon|Protect
|move|p2b: florabelle|Light Screen|p2b: florabelle
|-sidestart|p2: otter_707|move: Light Screen
|move|p1a: Pelipper|Hurricane|p2b: florabelle
|-damage|p2b: florabelle|81/100
|
|-weather|RainDance|[upkeep]
|-heal|p2b: florabelle|87/100|[from] Grassy Terrain
|-heal|p2b: florabelle|93/100|[from] item: Leftovers
|upkeep
|turn|2
|
|t:|1750778162
|-terastallize|p1b: Miraidon|Ground
|move|p2a: Highkey Kong|Fake Out|p1b: Miraidon
|-damage|p1b: Miraidon|88/100
|cant|p1b: Miraidon|flinch
|move|p2b: florabelle|Dazzling Gleam|p1a: Pelipper|[spread] p1a,p1b
|-damage|p1a: Pelipper|66/100
|-damage|p1b: Miraidon|70/100
|move|p1a: Pelipper|Hurricane|p2a: Highkey Kong
|-supereffective|p2a: Highkey Kong
|-damage|p2a: Highkey Kong|57/100
|
|-weather|RainDance|[upkeep]
|-heal|p1b: Miraidon|75/100|[from] Grassy Terrain
|-heal|p2a: Highkey Kong|62/100|[from] Grassy Terrain
|-heal|p2b: florabelle|99/100|[from] Grassy Terrain
|-heal|p2b: florabelle|100/100|[from] item: Leftovers
|upkeep
|turn|3
|
|t:|1750778183
|move|p2a: Highkey Kong|Grassy Glide|p1b: Miraidon
|-supereffective|p1b: Miraidon
|-damage|p1b: Miraidon|4/100
|move|p1b: Miraidon|Snarl|p2b: florabelle|[spread] p2a,p2b
|-resisted|p2b: florabelle
|-damage|p2a: Highkey Kong|52/100
|-damage|p2b: florabelle|96/100
|-unboost|p2b: florabelle|spa|1
|move|p2b: florabelle|Pollen Puff|p2a: Highkey Kong
|-heal|p2a: Highkey Kong|100/100
|move|p1a: Pelipper|Hurricane|p2a: Highkey Kong
|-supereffective|p2a: Highkey Kong
|-damage|p2a: Highkey Kong|52/100
|
|-weather|RainDance|[upkeep]
|-heal|p1b: Miraidon|10/100|[from] Grassy Terrain
|-heal|p2a: Highkey Kong|58/100|[from] Grassy Terrain
|-heal|p2b: florabelle|100/100|[from] Grassy Terrain
|upkeep
|turn|4
|
|t:|1750778206
|move|p1b: Miraidon|Protect|p1b: Miraidon
|-singleturn|p1b: Miraidon|Protect
|move|p2a: Highkey Kong|Wood Hammer|p1a: Pelipper
|-damage|p1a: Pelipper|5/100
|-damage|p2a: Highkey Kong|38/100|[from] Recoil
|move|p2b: florabelle|Dazzling Gleam|p1b: Miraidon|[spread] p1a
|-activate|p1b: Miraidon|move: Protect
|-damage|p1a: Pelipper|0 fnt
|faint|p1a: Pelipper
|
|-weather|RainDance|[upkeep]
|-heal|p1b: Miraidon|16/100|[from] Grassy Terrain
|-heal|p2a: Highkey Kong|44/100|[from] Grassy Terrain
|upkeep
|
|t:|1750778221
|switch|p1a: Calyrex|Calyrex-Ice, L50|100/100
|-ability|p1a: Calyrex|As One
|-ability|p1a: Calyrex|Unnerve
|turn|5
|
|t:|1750778243
|move|p2b: florabelle|Helping Hand|p2a: Highkey Kong
|-singleturn|p2a: Highkey Kong|Helping Hand|[of] p2b: florabelle
|move|p1b: Miraidon|Snarl|p2a: Highkey Kong|[spread] p2a,p2b
|-resisted|p2b: florabelle
|-damage|p2a: Highkey Kong|35/100
|-damage|p2b: florabelle|97/100
|-unboost|p2b: florabelle|spa|1
|move|p2a: Highkey Kong|Wood Hammer|p1a: Calyrex
|-damage|p1a: Calyrex|19/100
|-damage|p2a: Highkey Kong|8/100|[from] Recoil
|move|p1a: Calyrex|Trick Room|p1a: Calyrex
|-fieldstart|move: Trick Room|[of] p1a: Calyrex
|
|-weather|none
|-heal|p1a: Calyrex|25/100|[from] Grassy Terrain
|-heal|p2b: florabelle|100/100|[from] Grassy Terrain
|-heal|p2a: Highkey Kong|14/100|[from] Grassy Terrain
|-heal|p1b: Miraidon|22/100|[from] Grassy Terrain
|-sideend|p2: otter_707|move: Light Screen
|-fieldend|move: Grassy Terrain
|upkeep
|turn|6
|
|t:|1750778267
|switch|p1b: Incineroar|Incineroar, L50, F, shiny|100/100
|-ability|p1b: Incineroar|Intimidate|boost
|-block|p2a: Highkey Kong|ability: Flower Veil|[of] p2b: florabelle
|-unboost|p2b: florabelle|atk|1
|move|p1a: Calyrex|Glacial Lance|p2a: Highkey Kong|[spread] p2a,p2b
|-supereffective|p2a: Highkey Kong
|-damage|p2a: Highkey Kong|0 fnt
|-damage|p2b: florabelle|26/100
|faint|p2a: Highkey Kong
|-ability|p1a: Calyrex|Chilling Neigh|boost
|-boost|p1a: Calyrex|atk|1
|move|p2b: florabelle|Pollen Puff|p2: Highkey Kong|[notarget]
|-fail|p2b: florabelle
|
|-heal|p2b: florabelle|32/100|[from] item: Leftovers
|upkeep
|
|t:|1750778276
|switch|p2a: speed man|Slowbro-Galar, L50, F, shiny|100/100
|turn|7
|
|t:|1750778292
|-terastallize|p2a: speed man|Poison
|move|p1b: Incineroar|Fake Out|p2a: speed man
|-damage|p2a: speed man|89/100
|cant|p2a: speed man|flinch
|move|p1a: Calyrex|Glacial Lance|p2a: speed man|[spread] p2a,p2b
|-damage|p2a: speed man|12/100
|-damage|p2b: florabelle|0 fnt
|faint|p2b: florabelle
|-ability|p1a: Calyrex|Chilling Neigh|boost
|-boost|p1a: Calyrex|atk|1
|
|upkeep
|
|t:|1750778301
|switch|p2b: shrak|Ogerpon-Wellspring, L50, F|100/100
|turn|8
|-activate|p2a: speed man|ability: Quick Draw
|
|t:|1750778311
|move|p2a: speed man|Shell Side Arm|p1a: Calyrex|[anim] Shell Side Arm Physical
|-damage|p1a: Calyrex|0 fnt
|-hint|Physical Shell Side Arm
|faint|p1a: Calyrex
|move|p1b: Incineroar|Parting Shot|p2b: shrak
|-unboost|p2b: shrak|atk|1
|-unboost|p2b: shrak|spa|1
|
|t:|1750778320
|switch|p1b: Miraidon|Miraidon, L50, tera:Ground|22/100|[from] Parting Shot
|-fieldstart|move: Electric Terrain|[from] ability: Hadron Engine|[of] p1b: Miraidon
|move|p2b: shrak|Ivy Cudgel|p1b: Miraidon|[anim] Ivy Cudgel Water
|-supereffective|p1b: Miraidon
|-damage|p1b: Miraidon|0 fnt
|faint|p1b: Miraidon
|
|upkeep
|
|t:|1750778334
|switch|p1a: Incineroar|Incineroar, L50, F, shiny|100/100
|-ability|p1a: Incineroar|Intimidate|boost
|-unboost|p2a: speed man|atk|1
|-unboost|p2b: shrak|atk|1
|turn|9
|
|t:|1750778347
|move|p1a: Incineroar|Fake Out|p2a: speed man
|-damage|p2a: speed man|2/100
|cant|p2a: speed man|flinch
|move|p2b: shrak|Ivy Cudgel|p1a: Incineroar|[anim] Ivy Cudgel Water
|-supereffective|p1a: Incineroar
|-damage|p1a: Incineroar|48/100
|
|-fieldend|move: Trick Room
|upkeep
|turn|10
|-activate|p2a: speed man|item: Quick Claw
|
|t:|1750778362
|move|p2a: speed man|Shell Side Arm|p1a: Incineroar|[anim] Shell Side Arm Special
|-damage|p1a: Incineroar|16/100
|-hint|Special Shell Side Arm
|move|p2b: shrak|Ivy Cudgel|p1a: Incineroar|[anim] Ivy Cudgel Water
|-supereffective|p1a: Incineroar
|-damage|p1a: Incineroar|0 fnt
|faint|p1a: Incineroar
|
|win|otter_707
|raw|ilicorB's rating: 1082 &rarr; <strong>1062</strong><br />(-20 for losing)
|raw|otter_707's rating: 1114 &rarr; <strong>1137</strong><br />(+23 for winning)
|l|☆ilicorB
|player|p1|
|l|☆otter_707
|player|p2|
