|j|☆kattikaaa
|j|☆ghi345
|t:|1750843529
|gametype|doubles
|player|p1|kattikaaa|169|1326
|player|p2|ghi345|101|1309
|teamsize|p1|6
|teamsize|p2|6
|gen|9
|tier|[Gen 9] VGC 2025 Reg I
|rated|
|rule|Species Clause: Limit one of each Pokémon
|rule|Item Clause: Limit 1 of each item
|clearpoke
|poke|p1|Zacian-*, L50|
|poke|p1|Kyogre, L50|
|poke|p1|Iron Jugulis, L50|
|poke|p1|Dragapult, L50, F|
|poke|p1|Amoonguss, L50, M|
|poke|p1|Chien-Pao, L50|
|poke|p2|Clefairy, L50, F|
|poke|p2|Koraidon, L50|
|poke|p2|Miraidon, L50|
|poke|p2|Scovillain, L50, F|
|poke|p2|Farigiraf, L50, M|
|poke|p2|Raging Bolt, L50|
|teampreview|4
|inactive|Battle timer is ON: inactive players will automatically lose when time's up. (requested by kattikaaa)
|inactive|kattikaaa has 60 seconds left.
|
|t:|1750843573
|start
|switch|p1a: Zacian|Zacian-Crowned, L50|100/100
|switch|p1b: Chien-Pao|Chien-Pao, L50|100/100
|switch|p2a: Miraidon|Miraidon, L50|100/100
|switch|p2b: Scovillain|Scovillain, L50, F|100/100
|-fieldstart|move: Electric Terrain|[from] ability: Hadron Engine|[of] p2a: Miraidon
|-ability|p1a: Zacian|Intrepid Sword|boost
|-boost|p1a: Zacian|atk|1
|-ability|p1b: Chien-Pao|Sword of Ruin
|turn|1
|inactive|ghi345 has 30 seconds left.
|
|t:|1750843607
|-terastallize|p1a: Zacian|Fairy
|move|p2a: Miraidon|Volt Switch|p1a: Zacian
|-damage|p1a: Zacian|41/100
|
|t:|1750843612
|switch|p2a: Koraidon|Koraidon, L50|100/100|[from] Volt Switch
|-weather|SunnyDay|[from] ability: Orichalcum Pulse|[of] p2a: Koraidon
|-activate|p2a: Koraidon|Orichalcum Pulse|[source]
|move|p2b: Scovillain|Spicy Extract|p2a: Koraidon
|-fail|p2a: Koraidon|unboost|[from] item: Clear Amulet|[of] p2a: Koraidon
|-boost|p2a: Koraidon|atk|2
|move|p1a: Zacian|Play Rough|p2a: Koraidon
|-supereffective|p2a: Koraidon
|-damage|p2a: Koraidon|0 fnt
|faint|p2a: Koraidon
|move|p1b: Chien-Pao|Ice Spinner|p2b: Scovillain
|-enditem|p2b: Scovillain|Focus Sash
|-damage|p2b: Scovillain|1/100
|-fieldend|move: Electric Terrain
|-damage|p1b: Chien-Pao|91/100|[from] item: Life Orb
|
|-weather|SunnyDay|[upkeep]
|upkeep
|
|t:|1750843631
|switch|p2a: Miraidon|Miraidon, L50|100/100
|-fieldstart|move: Electric Terrain|[from] ability: Hadron Engine|[of] p2a: Miraidon
|turn|2
|inactive|ghi345 has 30 seconds left.
|
|t:|1750843657
|move|p1a: Zacian|Protect|p1a: Zacian
|-singleturn|p1a: Zacian|Protect
|move|p1b: Chien-Pao|Sucker Punch|p2b: Scovillain
|-damage|p2b: Scovillain|0 fnt
|faint|p2b: Scovillain
|-damage|p1b: Chien-Pao|81/100|[from] item: Life Orb
|move|p2a: Miraidon|Volt Switch|p1b: Chien-Pao
|-damage|p1b: Chien-Pao|0 fnt
|faint|p1b: Chien-Pao
|
|t:|1750843669
|switch|p2a: Raging Bolt|Raging Bolt, L50|100/100|[from] Volt Switch
|-activate|p2a: Raging Bolt|ability: Protosynthesis
|-start|p2a: Raging Bolt|protosynthesisspa
|
|-weather|SunnyDay|[upkeep]
|upkeep
|
|t:|1750843678
|switch|p1b: Kyogre|Kyogre, L50|100/100
|switch|p2b: Miraidon|Miraidon, L50|100/100
|-activate|p2b: Miraidon|ability: Hadron Engine
|-weather|RainDance|[from] ability: Drizzle|[of] p1b: Kyogre
|-end|p2a: Raging Bolt|Protosynthesis
|turn|3
|inactive|kattikaaa has 30 seconds left.
|inactive|ghi345 has 30 seconds left.
|inactive|ghi345 has 20 seconds left.
|inactive|ghi345 has 15 seconds left.
|inactive|ghi345 has 10 seconds left.
|
|t:|1750843724
|switch|p1a: Dragapult|Dragapult, L50, F|100/100
|move|p2a: Raging Bolt|Thunderclap||[still]
|-fail|p2a: Raging Bolt
|move|p2b: Miraidon|Snarl|p1b: Kyogre|[spread] p1a,p1b
|-supereffective|p1a: Dragapult
|-damage|p1a: Dragapult|43/100
|-damage|p1b: Kyogre|87/100
|-unboost|p1a: Dragapult|spa|1
|-unboost|p1b: Kyogre|spa|1
|move|p1b: Kyogre|Ice Beam|p2b: Miraidon
|-supereffective|p2b: Miraidon
|-damage|p2b: Miraidon|43/100
|
|-weather|RainDance|[upkeep]
|upkeep
|turn|4
|inactive|ghi345 has 30 seconds left.
|
|t:|1750843751
|-terastallize|p2a: Raging Bolt|Electric
|move|p2a: Raging Bolt|Thunderclap|p1b: Kyogre
|-supereffective|p1b: Kyogre
|-damage|p1b: Kyogre|0 fnt
|faint|p1b: Kyogre
|move|p2b: Miraidon|Snarl|p1a: Dragapult
|-supereffective|p1a: Dragapult
|-damage|p1a: Dragapult|0 fnt
|faint|p1a: Dragapult
|
|-weather|RainDance|[upkeep]
|upkeep
|
|t:|1750843760
|switch|p1b: Zacian|Zacian-Crowned, L50, tera:Fairy|41/100
|turn|5
|
|t:|1750843769
|move|p2b: Miraidon|Snarl|p1b: Zacian|[miss]
|-miss|p2b: Miraidon|p1b: Zacian
|move|p1b: Zacian|Play Rough|p2b: Miraidon
|-supereffective|p2b: Miraidon
|-damage|p2b: Miraidon|0 fnt
|faint|p2b: Miraidon
|move|p2a: Raging Bolt|Weather Ball|p1b: Zacian
|-damage|p1b: Zacian|0 fnt
|faint|p1b: Zacian
|
|win|ghi345
|raw|kattikaaa's rating: 1326 &rarr; <strong>1305</strong><br />(-21 for losing)
|raw|ghi345's rating: 1309 &rarr; <strong>1330</strong><br />(+21 for winning)
|l|☆ghi345
|player|p2|
|l|☆kattikaaa
|player|p1|
