|j|☆DaSandwich01
|j|☆KibaZz
|t:|1750828012
|gametype|doubles
|player|p1|DaSandwich01|170|1141
|player|p2|KibaZz|266|1132
|teamsize|p1|6
|teamsize|p2|6
|gen|9
|tier|[Gen 9] VGC 2025 Reg I
|rated|
|rule|Species Clause: Limit one of each Pokémon
|rule|Item Clause: Limit 1 of each item
|clearpoke
|poke|p1|Grimmsnarl, L50, M|
|poke|p1|Ting-Lu, L50|
|poke|p1|Calyrex-Ice, L50|
|poke|p1|Ho-Oh, L50|
|poke|p1|Toxapex, L50, F|
|poke|p1|Hitmontop, L50, M|
|poke|p2|Lunala, L50|
|poke|p2|Koraidon, L50|
|poke|p2|Ursaluna, L50, M|
|poke|p2|Brute Bonnet, L50|
|poke|p2|Rillaboom, L50, M|
|poke|p2|Roaring Moon, L50|
|teampreview|4
|inactive|Battle timer is ON: inactive players will automatically lose when time's up. (requested by DaSandwich01)
|
|t:|1750828065
|start
|switch|p1a: Calyrex|Calyrex-Ice, L50|100/100
|switch|p1b: Grimmsnarl|Grimmsnarl, L50, M, shiny|100/100
|switch|p2a: Brute Bonnet|Brute Bonnet, L50|100/100
|switch|p2b: Koraidon|Koraidon, L50|100/100
|-ability|p1a: Calyrex|As One
|-ability|p1a: Calyrex|Unnerve
|-weather|SunnyDay|[from] ability: Orichalcum Pulse|[of] p2b: Koraidon
|-activate|p2a: Brute Bonnet|ability: Protosynthesis
|-start|p2a: Brute Bonnet|protosynthesisspd
|-activate|p2b: Koraidon|Orichalcum Pulse|[source]
|turn|1
|inactive|DaSandwich01 has 30 seconds left.
|inactive|KibaZz has 30 seconds left.
|inactive|DaSandwich01 has 20 seconds left.
|inactive|KibaZz has 20 seconds left.
|inactive|DaSandwich01 has 15 seconds left.
|inactive|KibaZz has 15 seconds left.
|inactive|DaSandwich01 has 10 seconds left.
|inactive|KibaZz has 10 seconds left.
|
|t:|1750828115
|-terastallize|p2a: Brute Bonnet|Water
|-terastallize|p1a: Calyrex|Water
|move|p1b: Grimmsnarl|Reflect|p1b: Grimmsnarl
|-sidestart|p1: DaSandwich01|Reflect
|move|p2b: Koraidon|Collision Course|p1b: Grimmsnarl
|-damage|p1b: Grimmsnarl|23/100
|-damage|p2b: Koraidon|91/100|[from] item: Life Orb
|move|p2a: Brute Bonnet|Spore|p1a: Calyrex
|-status|p1a: Calyrex|slp|[from] move: Spore
|cant|p1a: Calyrex|slp
|
|-weather|SunnyDay|[upkeep]
|upkeep
|turn|2
|inactive|DaSandwich01 has 30 seconds left.
|inactive|KibaZz has 30 seconds left.
|inactive|DaSandwich01 has 20 seconds left.
|inactive|KibaZz has 20 seconds left.
|inactive|KibaZz has 15 seconds left.
|
|t:|1750828159
|-end|p2a: Brute Bonnet|Protosynthesis|[silent]
|switch|p2a: Ursaluna|Ursaluna, L50, M|100/100
|move|p1b: Grimmsnarl|Parting Shot|p2b: Koraidon
|-unboost|p2b: Koraidon|atk|1
|-unboost|p2b: Koraidon|spa|1
|
|t:|1750828168
|switch|p1b: Hitmontop|Hitmontop, L50, M|100/100|[from] Parting Shot
|-ability|p1b: Hitmontop|Intimidate|boost
|-unboost|p2a: Ursaluna|atk|1
|-unboost|p2b: Koraidon|atk|1
|move|p2b: Koraidon|Collision Course|p1b: Hitmontop
|-damage|p1b: Hitmontop|64/100
|-damage|p2b: Koraidon|82/100|[from] item: Life Orb
|cant|p1a: Calyrex|slp
|
|-weather|SunnyDay|[upkeep]
|-status|p2a: Ursaluna|brn|[from] item: Flame Orb
|upkeep
|turn|3
|inactive|DaSandwich01 has 30 seconds left.
|inactive|KibaZz has 30 seconds left.
|inactive|KibaZz has 20 seconds left.
|
|t:|1750828204
|switch|p2a: Lunala|Lunala, L50|100/100
|move|p2b: Koraidon|Collision Course|p1b: Hitmontop
|-damage|p1b: Hitmontop|25/100
|-damage|p2b: Koraidon|72/100|[from] item: Life Orb
|move|p1b: Hitmontop|Close Combat|p2a: Lunala
|-immune|p2a: Lunala
|cant|p1a: Calyrex|slp
|
|-weather|SunnyDay|[upkeep]
|upkeep
|turn|4
|inactive|KibaZz has 30 seconds left.
|inactive|KibaZz has 20 seconds left.
|inactive|KibaZz has 15 seconds left.
|inactive|KibaZz has 10 seconds left.
|inactive|KibaZz has 5 seconds left.
|
|t:|1750828256
|move|p1b: Hitmontop|Protect|p1b: Hitmontop
|-singleturn|p1b: Hitmontop|Protect
|move|p2b: Koraidon|Collision Course|p1a: Calyrex
|-damage|p1a: Calyrex|84/100 slp
|-damage|p2b: Koraidon|63/100|[from] item: Life Orb
|move|p2a: Lunala|Moonblast|p1b: Hitmontop
|-activate|p1b: Hitmontop|move: Protect
|-curestatus|p1a: Calyrex|slp|[msg]
|move|p1a: Calyrex|Trick Room|p1a: Calyrex
|-fieldstart|move: Trick Room|[of] p1a: Calyrex
|
|-weather|SunnyDay|[upkeep]
|-heal|p1a: Calyrex|90/100|[from] item: Leftovers
|upkeep
|turn|5
|
|t:|1750828280
|move|p2a: Lunala|Wide Guard|p2a: Lunala
|-singleturn|p2a: Lunala|Wide Guard
|move|p1a: Calyrex|Leech Seed|p2a: Lunala
|-start|p2a: Lunala|move: Leech Seed
|move|p1b: Hitmontop|Endeavor|p2b: Koraidon
|-damage|p2b: Koraidon|22/100
|move|p2b: Koraidon|Collision Course|p1b: Hitmontop
|-damage|p1b: Hitmontop|0 fnt
|faint|p1b: Hitmontop
|-damage|p2b: Koraidon|12/100|[from] item: Life Orb
|
|-weather|none
|-heal|p1a: Calyrex|96/100|[from] item: Leftovers
|-damage|p2a: Lunala|88/100|[from] Leech Seed|[of] p1a: Calyrex
|-heal|p1a: Calyrex|100/100|[silent]
|upkeep
|inactive|DaSandwich01 has 30 seconds left.
|
|t:|1750828305
|switch|p1b: Ho-Oh|Ho-Oh, L50, shiny|100/100
|turn|6
|inactive|KibaZz has 30 seconds left.
|inactive|KibaZz has 20 seconds left.
|
|t:|1750828344
|switch|p2b: Brute Bonnet|Brute Bonnet, L50, tera:Water|100/100
|move|p2a: Lunala|Wide Guard|p2a: Lunala
|-singleturn|p2a: Lunala|Wide Guard
|move|p1a: Calyrex|Glacial Lance|p2a: Lunala|[spread] 
|-activate|p2a: Lunala|move: Wide Guard
|-activate|p2b: Brute Bonnet|move: Wide Guard
|move|p1b: Ho-Oh|Will-O-Wisp|p2a: Lunala|[miss]
|-miss|p1b: Ho-Oh|p2a: Lunala
|
|-heal|p2a: Lunala|94/100|[from] item: Leftovers
|-damage|p2a: Lunala|82/100|[from] Leech Seed|[of] p1a: Calyrex
|upkeep
|turn|7
|inactive|DaSandwich01 has 30 seconds left.
|inactive|KibaZz has 30 seconds left.
|inactive|KibaZz has 20 seconds left.
|
|t:|1750828381
|move|p1a: Calyrex|Leech Seed|p2b: Brute Bonnet
|-start|p2b: Brute Bonnet|move: Leech Seed
|move|p2b: Brute Bonnet|Spore|p1a: Calyrex
|-status|p1a: Calyrex|slp|[from] move: Spore
|move|p1b: Ho-Oh|Will-O-Wisp|p2a: Lunala
|-status|p2a: Lunala|brn
|move|p2a: Lunala|Moongeist Beam|p1b: Ho-Oh
|-crit|p1b: Ho-Oh
|-damage|p1b: Ho-Oh|50/100
|
|-heal|p2a: Lunala|88/100 brn|[from] item: Leftovers
|-damage|p2b: Brute Bonnet|88/100|[from] Leech Seed|[of] p1a: Calyrex
|-damage|p2a: Lunala|76/100 brn|[from] Leech Seed|[of] p1a: Calyrex
|-damage|p2a: Lunala|70/100 brn|[from] brn
|upkeep
|turn|8
|inactive|DaSandwich01 has 30 seconds left.
|
|t:|1750828410
|move|p1b: Ho-Oh|Protect|p1b: Ho-Oh
|-singleturn|p1b: Ho-Oh|Protect
|cant|p1a: Calyrex|slp
|move|p2b: Brute Bonnet|Pollen Puff|p2a: Lunala
|-heal|p2a: Lunala|100/100 brn
|move|p2a: Lunala|Moongeist Beam|p1b: Ho-Oh
|-activate|p1b: Ho-Oh|move: Protect
|
|-damage|p2b: Brute Bonnet|76/100|[from] Leech Seed|[of] p1a: Calyrex
|-damage|p2a: Lunala|88/100 brn|[from] Leech Seed|[of] p1a: Calyrex
|-damage|p2a: Lunala|82/100 brn|[from] brn
|-sideend|p1: DaSandwich01|Reflect
|-fieldend|move: Trick Room
|upkeep
|turn|9
|
|t:|1750828432
|switch|p1b: Grimmsnarl|Grimmsnarl, L50, M, shiny|23/100
|move|p2a: Lunala|Moongeist Beam|p1b: Grimmsnarl
|-resisted|p1b: Grimmsnarl
|-damage|p1b: Grimmsnarl|2/100
|move|p2b: Brute Bonnet|Pollen Puff|p1b: Grimmsnarl
|-damage|p1b: Grimmsnarl|0 fnt
|faint|p1b: Grimmsnarl
|cant|p1a: Calyrex|slp
|
|-heal|p2a: Lunala|88/100 brn|[from] item: Leftovers
|-damage|p2a: Lunala|76/100 brn|[from] Leech Seed|[of] p1a: Calyrex
|-damage|p2b: Brute Bonnet|63/100|[from] Leech Seed|[of] p1a: Calyrex
|-damage|p2a: Lunala|70/100 brn|[from] brn
|upkeep
|
|t:|1750828442
|switch|p1b: Ho-Oh|Ho-Oh, L50, shiny|83/100
|turn|10
|
|t:|1750828456
|move|p2a: Lunala|Wide Guard|p2a: Lunala
|-singleturn|p2a: Lunala|Wide Guard
|move|p1b: Ho-Oh|Will-O-Wisp|p2b: Brute Bonnet
|-status|p2b: Brute Bonnet|brn
|move|p2b: Brute Bonnet|Pollen Puff|p1b: Ho-Oh
|-resisted|p1b: Ho-Oh
|-damage|p1b: Ho-Oh|81/100
|cant|p1a: Calyrex|slp
|
|-heal|p2a: Lunala|76/100 brn|[from] item: Leftovers
|-damage|p2a: Lunala|64/100 brn|[from] Leech Seed|[of] p1a: Calyrex
|-damage|p2b: Brute Bonnet|51/100 brn|[from] Leech Seed|[of] p1a: Calyrex
|-damage|p2a: Lunala|58/100 brn|[from] brn
|-damage|p2b: Brute Bonnet|45/100 brn|[from] brn
|upkeep
|turn|11
|inactive|KibaZz has 30 seconds left.
|inactive|KibaZz has 20 seconds left.
|inactive|KibaZz has 15 seconds left.
|inactive|KibaZz has 10 seconds left.
|
|t:|1750828506
|move|p1b: Ho-Oh|Life Dew||[still]|[spread] p1a,p1b
|-fail|p1a: Calyrex|heal
|-heal|p1b: Ho-Oh|100/100
|move|p2b: Brute Bonnet|Pollen Puff|p2a: Lunala
|-heal|p2a: Lunala|100/100 brn
|-curestatus|p1a: Calyrex|slp|[msg]
|move|p1a: Calyrex|Glacial Lance|p2a: Lunala|[spread] p2a,p2b
|-resisted|p2b: Brute Bonnet
|-damage|p2a: Lunala|83/100 brn
|-damage|p2b: Brute Bonnet|27/100 brn
|move|p2a: Lunala|Trick Room|p2a: Lunala
|-fieldstart|move: Trick Room|[of] p2a: Lunala
|
|-heal|p2a: Lunala|90/100 brn|[from] item: Leftovers
|-damage|p2b: Brute Bonnet|15/100 brn|[from] Leech Seed|[of] p1a: Calyrex
|-damage|p2a: Lunala|77/100 brn|[from] Leech Seed|[of] p1a: Calyrex
|-damage|p2b: Brute Bonnet|9/100 brn|[from] brn
|-damage|p2a: Lunala|71/100 brn|[from] brn
|upkeep
|turn|12
|inactive|DaSandwich01 has 30 seconds left.
|inactive|KibaZz has 30 seconds left.
|
|t:|1750828540
|-end|p2b: Brute Bonnet|Protosynthesis|[silent]
|switch|p2b: Ursaluna|Ursaluna, L50, M|100/100 brn
|move|p2a: Lunala|Wide Guard|p2a: Lunala
|-singleturn|p2a: Lunala|Wide Guard
|move|p1a: Calyrex|Glacial Lance|p2b: Ursaluna|[spread] 
|-activate|p2a: Lunala|move: Wide Guard
|-activate|p2b: Ursaluna|move: Wide Guard
|move|p1b: Ho-Oh|Sacred Fire|p2a: Lunala
|-damage|p2a: Lunala|40/100 brn
|
|-heal|p2a: Lunala|46/100 brn|[from] item: Leftovers
|-damage|p2a: Lunala|34/100 brn|[from] Leech Seed|[of] p1a: Calyrex
|-damage|p2b: Ursaluna|95/100 brn|[from] brn
|-damage|p2a: Lunala|28/100 brn|[from] brn
|upkeep
|turn|13
|inactive|KibaZz has 30 seconds left.
|inactive|KibaZz has 20 seconds left.
|inactive|KibaZz has 15 seconds left.
|inactive|KibaZz has 10 seconds left.
|inactive|DaSandwich01 has 30 seconds left.
|inactive|KibaZz has 5 seconds left.
|-message|KibaZz lost due to inactivity.
|
|win|DaSandwich01
|raw|DaSandwich01's rating: 1141 &rarr; <strong>1165</strong><br />(+24 for winning)
|raw|KibaZz's rating: 1132 &rarr; <strong>1108</strong><br />(-24 for losing)
|l|☆KibaZz
|player|p2|
|l|☆DaSandwich01
|player|p1|
