|j|☆Jaker0125
|j|☆TCBro89
|t:|1750872788
|gametype|doubles
|player|p1|Jaker0125|red|1353
|player|p2|TCBro89|red|1409
|teamsize|p1|6
|teamsize|p2|6
|gen|9
|tier|[Gen 9] VGC 2025 Reg I
|rated|
|rule|Species Clause: Limit one of each Pokémon
|rule|Item Clause: Limit 1 of each item
|clearpoke
|poke|p1|Calyrex-Ice, L50|
|poke|p1|Kyogre, L50|
|poke|p1|Blastoise, L50, F|
|poke|p1|Amoonguss, L50, M|
|poke|p1|Flutter Mane, L50|
|poke|p1|Urshifu-*, L50, M|
|poke|p2|Miraidon, L50|
|poke|p2|Iron Bundle, L50|
|poke|p2|Groudon, L50|
|poke|p2|Whimsicott, L50, F|
|poke|p2|Raging Bolt, L50|
|poke|p2|Farigiraf, L50, M|
|teampreview|4
|inactive|Battle timer is ON: inactive players will automatically lose when time's up. (requested by TCBro89)
|inactive|Jaker0125 also wants the timer to be on.
|inactive|Jaker0125 has 60 seconds left.
|
|t:|1750872826
|start
|switch|p1a: Kyogre|Kyogre, L50|100/100
|switch|p1b: Blastoise|Blastoise, L50, F|100/100
|switch|p2a: Miraidon|Miraidon, L50|100/100
|switch|p2b: Farigiraf|Farigiraf, L50, M|100/100
|-fieldstart|move: Electric Terrain|[from] ability: Hadron Engine|[of] p2a: Miraidon
|-weather|RainDance|[from] ability: Drizzle|[of] p1a: Kyogre
|turn|1
|inactive|Jaker0125 has 30 seconds left.
|inactive|TCBro89 has 30 seconds left.
|inactive|Jaker0125 has 20 seconds left.
|
|t:|1750872864
|switch|p1b: Amoonguss|Amoonguss, L50, M|100/100
|-terastallize|p2a: Miraidon|Fairy
|move|p2b: Farigiraf|Helping Hand|p2a: Miraidon
|-singleturn|p2a: Miraidon|Helping Hand|[of] p2b: Farigiraf
|move|p1a: Kyogre|Protect|p1a: Kyogre
|-singleturn|p1a: Kyogre|Protect
|move|p2a: Miraidon|Draco Meteor|p1a: Kyogre
|-activate|p1a: Kyogre|move: Protect
|
|-weather|RainDance|[upkeep]
|upkeep
|turn|2
|
|t:|1750872887
|switch|p2b: Groudon|Groudon, L50|100/100
|-weather|SunnyDay|[from] ability: Drought|[of] p2b: Groudon
|move|p1b: Amoonguss|Rage Powder|p1b: Amoonguss
|-singleturn|p1b: Amoonguss|move: Rage Powder
|move|p2a: Miraidon|Draco Meteor|p1b: Amoonguss
|-damage|p1b: Amoonguss|0 fnt
|-unboost|p2a: Miraidon|spa|2
|faint|p1b: Amoonguss
|move|p1a: Kyogre|Water Spout|p2a: Miraidon|[spread] p2a,p2b
|-supereffective|p2b: Groudon
|-damage|p2a: Miraidon|62/100
|-damage|p2b: Groudon|30/100
|
|-weather|SunnyDay|[upkeep]
|upkeep
|
|t:|1750872905
|switch|p1b: Blastoise|Blastoise, L50, F|100/100
|turn|3
|j| SunneBolt
|
|t:|1750872927
|switch|p2a: Raging Bolt|Raging Bolt, L50|100/100
|-activate|p2a: Raging Bolt|ability: Protosynthesis
|-start|p2a: Raging Bolt|protosynthesisspa
|move|p1a: Kyogre|Water Spout|p2a: Raging Bolt|[spread] p2a,p2b
|-resisted|p2a: Raging Bolt
|-supereffective|p2b: Groudon
|-damage|p2a: Raging Bolt|83/100
|-damage|p2b: Groudon|0 fnt
|faint|p2b: Groudon
|move|p1b: Blastoise|Flip Turn|p2a: Raging Bolt
|-resisted|p2a: Raging Bolt
|-damage|p2a: Raging Bolt|80/100
|
|t:|1750872938
|switch|p1b: Calyrex|Calyrex-Ice, L50|100/100|[from] Flip Turn
|-ability|p1b: Calyrex|As One
|-ability|p1b: Calyrex|Unnerve
|
|-weather|SunnyDay|[upkeep]
|upkeep
|
|t:|1750872945
|switch|p2b: Miraidon|Miraidon, L50, tera:Fairy|62/100
|-activate|p2b: Miraidon|ability: Hadron Engine
|turn|4
|inactive|Jaker0125 has 30 seconds left.
|inactive|TCBro89 has 30 seconds left.
|inactive|Jaker0125 has 20 seconds left.
|
|t:|1750872980
|move|p1a: Kyogre|Protect|p1a: Kyogre
|-singleturn|p1a: Kyogre|Protect
|move|p1b: Calyrex|Protect|p1b: Calyrex
|-singleturn|p1b: Calyrex|Protect
|move|p2a: Raging Bolt|Thunderclap||[still]
|-fail|p2a: Raging Bolt
|move|p2b: Miraidon|Electro Drift|p1b: Calyrex
|-activate|p1b: Calyrex|move: Protect
|
|-weather|SunnyDay|[upkeep]
|upkeep
|turn|5
|inactive|Jaker0125 has 30 seconds left.
|inactive|Jaker0125 has 20 seconds left.
|inactive|Jaker0125 has 15 seconds left.
|inactive|Jaker0125 has 10 seconds left.
|
|t:|1750873029
|-terastallize|p1a: Kyogre|Grass
|move|p2a: Raging Bolt|Thunderclap||[still]
|-fail|p2a: Raging Bolt
|move|p2b: Miraidon|Electro Drift|p1a: Kyogre
|-resisted|p1a: Kyogre
|-damage|p1a: Kyogre|49/100
|move|p1a: Kyogre|Origin Pulse|p2a: Raging Bolt|[spread] p2a
|-miss|p1a: Kyogre|p2b: Miraidon
|-resisted|p2a: Raging Bolt
|-damage|p2a: Raging Bolt|68/100
|move|p1b: Calyrex|Trick Room|p1b: Calyrex
|-fieldstart|move: Trick Room|[of] p1b: Calyrex
|
|-weather|SunnyDay|[upkeep]
|-fieldend|move: Electric Terrain
|upkeep
|turn|6
|inactive|Jaker0125 has 30 seconds left.
|inactive|TCBro89 has 30 seconds left.
|inactive|Jaker0125 has 20 seconds left.
|inactive|Jaker0125 has 15 seconds left.
|inactive|Jaker0125 has 10 seconds left.
|
|t:|1750873077
|switch|p2b: Farigiraf|Farigiraf, L50, M|100/100
|-enditem|p2b: Farigiraf|Room Service
|-unboost|p2b: Farigiraf|spe|1|[from] item: Room Service
|move|p1b: Calyrex|Protect|p1b: Calyrex
|-singleturn|p1b: Calyrex|Protect
|move|p1a: Kyogre|Protect|p1a: Kyogre
|-singleturn|p1a: Kyogre|Protect
|move|p2a: Raging Bolt|Draco Meteor|p1a: Kyogre
|-activate|p1a: Kyogre|move: Protect
|
|-weather|none
|-end|p2a: Raging Bolt|Protosynthesis
|upkeep
|turn|7
|inactive|Jaker0125 has 30 seconds left.
|
|t:|1750873103
|switch|p2b: Miraidon|Miraidon, L50, tera:Fairy|62/100
|-fieldstart|move: Electric Terrain|[from] ability: Hadron Engine|[of] p2b: Miraidon
|move|p2a: Raging Bolt|Rising Voltage|p1b: Calyrex
|-hint|Rising Voltage's BP doubled on grounded target.
|-damage|p1b: Calyrex|41/100
|move|p1b: Calyrex|Glacial Lance|p2a: Raging Bolt|[spread] p2a,p2b
|-supereffective|p2a: Raging Bolt
|-damage|p2a: Raging Bolt|0 fnt
|-damage|p2b: Miraidon|16/100
|faint|p2a: Raging Bolt
|-end|p2a: Raging Bolt|Protosynthesis|[silent]
|-ability|p1b: Calyrex|Chilling Neigh|boost
|-boost|p1b: Calyrex|atk|1
|move|p1a: Kyogre|Hydro Pump|p2b: Miraidon
|-damage|p2b: Miraidon|0 fnt
|faint|p2b: Miraidon
|
|-heal|p1b: Calyrex|47/100|[from] item: Leftovers
|upkeep
|
|t:|1750873123
|switch|p2b: Farigiraf|Farigiraf, L50, M|100/100
|turn|8
|
|t:|1750873143
|move|p2b: Farigiraf|Foul Play|p1b: Calyrex
|-supereffective|p1b: Calyrex
|-damage|p1b: Calyrex|0 fnt
|faint|p1b: Calyrex
|move|p1a: Kyogre|Origin Pulse|p2b: Farigiraf
|-damage|p2b: Farigiraf|22/100
|
|upkeep
|
|t:|1750873150
|switch|p1b: Blastoise|Blastoise, L50, F|100/100
|turn|9
|
|t:|1750873155
|move|p1a: Kyogre|Protect|p1a: Kyogre
|-singleturn|p1a: Kyogre|Protect
|move|p2b: Farigiraf|Foul Play|p1a: Kyogre
|-activate|p1a: Kyogre|move: Protect
|move|p1b: Blastoise|Life Dew||[still]|[spread] p1a,p1b
|-heal|p1a: Kyogre|74/100
|-fail|p1b: Blastoise|heal
|
|-fieldend|move: Trick Room
|upkeep
|turn|10
|-message|TCBro89 forfeited.
|
|win|Jaker0125
|raw|Jaker0125's rating: 1353 &rarr; <strong>1376</strong><br />(+23 for winning)
|raw|TCBro89's rating: 1409 &rarr; <strong>1386</strong><br />(-23 for losing)
|l|☆Jaker0125
|player|p1|
|l|☆TCBro89
|player|p2|
