|j|☆Asey03
|j|☆Hydracrew
|t:|1750767872
|gametype|doubles
|player|p1|Asey03|waitress-gen4|1059
|player|p2|Hydracrew|li|1163
|teamsize|p1|6
|teamsize|p2|6
|gen|9
|tier|[Gen 9] VGC 2025 Reg I
|rated|
|rule|Species Clause: Limit one of each Pokémon
|rule|Item Clause: Limit 1 of each item
|clearpoke
|poke|p1|Giratina, L50|
|poke|p1|Iron Jugulis, L50|
|poke|p1|Wigglytuff, L50, M|
|poke|p1|Wyrdeer, L50, F|
|poke|p1|Torterra, L50, F|
|poke|p1|Miraidon, L50|
|poke|p2|Rillaboom, L50, F|
|poke|p2|Koraidon, L50|
|poke|p2|Calyrex-Shadow, L50|
|poke|p2|Raging Bolt, L50|
|poke|p2|Snorlax, L50, M|
|poke|p2|Brute Bonnet, L50|
|teampreview|4
|inactive|Battle timer is ON: inactive players will automatically lose when time's up. (requested by Hydracrew)
|
|t:|1750767893
|start
|switch|p1a: Miraidon|Miraidon, L50|100/100
|switch|p1b: Iron Jugulis|Iron Jugulis, L50|100/100
|switch|p2a: Calyrex|Calyrex-Shadow, L50|100/100
|switch|p2b: Rillaboom|Rillaboom, L50, F|100/100
|-ability|p2a: Calyrex|As One
|-ability|p2a: Calyrex|Unnerve
|-fieldstart|move: Electric Terrain|[from] ability: Hadron Engine|[of] p1a: Miraidon
|-activate|p1b: Iron Jugulis|ability: Quark Drive
|-start|p1b: Iron Jugulis|quarkdrivespe
|-fieldstart|move: Grassy Terrain|[from] ability: Grassy Surge|[of] p2b: Rillaboom
|-end|p1b: Iron Jugulis|Quark Drive
|turn|1
|
|t:|1750767916
|move|p2b: Rillaboom|Fake Out|p1b: Iron Jugulis
|-damage|p1b: Iron Jugulis|86/100
|move|p2a: Calyrex|Astral Barrage|p1b: Iron Jugulis|[spread] p1a,p1b
|-resisted|p1b: Iron Jugulis
|-crit|p1b: Iron Jugulis
|-damage|p1a: Miraidon|48/100
|-damage|p1b: Iron Jugulis|48/100
|move|p1a: Miraidon|Light Screen|p1a: Miraidon
|-sidestart|p1: Asey03|move: Light Screen
|move|p1b: Iron Jugulis|Tailwind|p1b: Iron Jugulis
|-sidestart|p1: Asey03|move: Tailwind
|
|-heal|p1a: Miraidon|54/100|[from] Grassy Terrain
|upkeep
|turn|2
|
|t:|1750767940
|switch|p2a: Brute Bonnet|Brute Bonnet, L50|100/100
|move|p1a: Miraidon|Volt Switch|p2a: Brute Bonnet
|-resisted|p2a: Brute Bonnet
|-damage|p2a: Brute Bonnet|86/100
|
|t:|1750767947
|switch|p1a: Giratina|Giratina, L50|100/100|[from] Volt Switch
|-ability|p1a: Giratina|Pressure
|move|p1b: Iron Jugulis|Dragon Cheer|p1a: Giratina
|-start|p1a: Giratina|move: Dragon Cheer
|move|p2b: Rillaboom|U-turn|p1b: Iron Jugulis
|-damage|p1b: Iron Jugulis|25/100
|
|t:|1750767958
|switch|p2b: Snorlax|Snorlax, L50, M|100/100|[from] U-turn
|
|-heal|p2a: Brute Bonnet|92/100|[from] Grassy Terrain
|upkeep
|turn|3
|
|t:|1750767979
|-terastallize|p1b: Iron Jugulis|Steel
|move|p1b: Iron Jugulis|Flash Cannon|p2a: Brute Bonnet
|-damage|p2a: Brute Bonnet|70/100
|move|p1a: Giratina|Calm Mind|p1a: Giratina
|-boost|p1a: Giratina|spa|1
|-boost|p1a: Giratina|spd|1
|move|p2a: Brute Bonnet|Spore|p1a: Giratina
|-status|p1a: Giratina|slp|[from] move: Spore
|move|p2b: Snorlax|Facade|p1b: Iron Jugulis
|-resisted|p1b: Iron Jugulis
|-damage|p1b: Iron Jugulis|12/100
|
|-heal|p1b: Iron Jugulis|18/100|[from] Grassy Terrain
|-heal|p2a: Brute Bonnet|76/100|[from] Grassy Terrain
|upkeep
|turn|4
|inactive|Asey03 has 30 seconds left.
|
|t:|1750768013
|move|p2a: Brute Bonnet|Sucker Punch|p1b: Iron Jugulis
|-damage|p1b: Iron Jugulis|0 fnt
|faint|p1b: Iron Jugulis
|-end|p1b: Iron Jugulis|Quark Drive|[silent]
|cant|p1a: Giratina|slp
|move|p2b: Snorlax|Crunch|p1a: Giratina
|-supereffective|p1a: Giratina
|-damage|p1a: Giratina|77/100 slp
|
|-heal|p1a: Giratina|83/100 slp|[from] Grassy Terrain
|-heal|p2a: Brute Bonnet|82/100|[from] Grassy Terrain
|-sideend|p1: Asey03|move: Tailwind
|upkeep
|
|t:|1750768026
|switch|p1b: Torterra|Torterra, L50, F|100/100
|turn|5
|
|t:|1750768049
|switch|p2b: Calyrex|Calyrex-Shadow, L50|100/100
|-ability|p2b: Calyrex|As One
|-ability|p2b: Calyrex|Unnerve
|move|p2a: Brute Bonnet|Sucker Punch|p1a: Giratina
|-supereffective|p1a: Giratina
|-damage|p1a: Giratina|46/100 slp
|cant|p1a: Giratina|slp
|move|p1b: Torterra|Body Press|p2a: Brute Bonnet
|-supereffective|p2a: Brute Bonnet
|-damage|p2a: Brute Bonnet|55/100
|-damage|p1b: Torterra|84/100|[from] item: Rocky Helmet|[of] p2a: Brute Bonnet
|
|-heal|p1a: Giratina|52/100 slp|[from] Grassy Terrain
|-heal|p1b: Torterra|90/100|[from] Grassy Terrain
|-heal|p2a: Brute Bonnet|61/100|[from] Grassy Terrain
|-sideend|p1: Asey03|move: Light Screen
|-fieldend|move: Grassy Terrain
|upkeep
|turn|6
|
|t:|1750768072
|move|p1b: Torterra|Wide Guard|p1b: Torterra
|-singleturn|p1b: Torterra|Wide Guard
|move|p2a: Brute Bonnet|Rage Powder|p2a: Brute Bonnet
|-singleturn|p2a: Brute Bonnet|move: Rage Powder
|move|p2b: Calyrex|Astral Barrage|p1a: Giratina|[spread] 
|-activate|p1a: Giratina|move: Wide Guard
|-activate|p1b: Torterra|move: Wide Guard
|-curestatus|p1a: Giratina|slp|[msg]
|move|p1a: Giratina|Shadow Ball|p2a: Brute Bonnet
|-resisted|p2a: Brute Bonnet
|-crit|p2a: Brute Bonnet
|-damage|p2a: Brute Bonnet|31/100
|
|upkeep
|turn|7
|inactive|Asey03 has 30 seconds left.
|inactive|Asey03 has 20 seconds left.
|inactive|Asey03 has 15 seconds left.
|inactive|Asey03 has 10 seconds left.
|inactive|Asey03 has 5 seconds left.
|
|t:|1750768123
|move|p1b: Torterra|Wide Guard|p1b: Torterra
|-singleturn|p1b: Torterra|Wide Guard
|move|p2b: Calyrex|Disable|p1b: Torterra
|-start|p1b: Torterra|Disable|Wide Guard
|move|p1a: Giratina|Shadow Ball|p2b: Calyrex
|-supereffective|p2b: Calyrex
|-crit|p2b: Calyrex
|-enditem|p2b: Calyrex|Focus Sash
|-damage|p2b: Calyrex|1/100
|move|p2a: Brute Bonnet|Spore|p1a: Giratina
|-status|p1a: Giratina|slp|[from] move: Spore
|
|upkeep
|turn|8
|
|t:|1750768142
|cant|p1a: Giratina|slp
|move|p2a: Brute Bonnet|Sucker Punch|p1b: Torterra
|-damage|p1b: Torterra|65/100
|move|p2b: Calyrex|Astral Barrage|p1a: Giratina|[spread] p1a,p1b
|-supereffective|p1a: Giratina
|-damage|p1a: Giratina|11/100 slp
|-damage|p1b: Torterra|4/100
|move|p1b: Torterra|Earthquake|p2b: Calyrex|[spread] p1a,p2a,p2b
|-resisted|p2a: Brute Bonnet
|-damage|p1a: Giratina|0 fnt
|-damage|p2a: Brute Bonnet|18/100
|-damage|p2b: Calyrex|0 fnt
|faint|p1a: Giratina
|faint|p2b: Calyrex
|
|upkeep
|
|t:|1750768159
|switch|p2b: Snorlax|Snorlax, L50, M|100/100
|switch|p1a: Miraidon|Miraidon, L50|54/100
|-fieldstart|move: Electric Terrain|[from] ability: Hadron Engine|[of] p1a: Miraidon
|-enditem|p1b: Torterra|Electric Seed
|-boost|p1b: Torterra|def|1|[from] item: Electric Seed
|turn|9
|
|t:|1750768180
|move|p2a: Brute Bonnet|Rage Powder|p2a: Brute Bonnet
|-singleturn|p2a: Brute Bonnet|move: Rage Powder
|move|p1a: Miraidon|Discharge|p2a: Brute Bonnet|[spread] p2a,p2b
|-immune|p1b: Torterra
|-resisted|p2a: Brute Bonnet
|-damage|p2a: Brute Bonnet|0 fnt
|-damage|p2b: Snorlax|69/100
|faint|p2a: Brute Bonnet
|-end|p2a: Brute Bonnet|Protosynthesis|[silent]
|move|p1b: Torterra|Body Press|p2b: Snorlax
|-supereffective|p2b: Snorlax
|-damage|p2b: Snorlax|27/100
|move|p2b: Snorlax|Facade|p1b: Torterra
|-damage|p1b: Torterra|0 fnt
|faint|p1b: Torterra
|
|upkeep
|
|t:|1750768194
|switch|p2a: Rillaboom|Rillaboom, L50, F|100/100
|-fieldstart|move: Grassy Terrain|[from] ability: Grassy Surge|[of] p2a: Rillaboom
|turn|10
|inactive|Asey03 has 30 seconds left.
|inactive|Asey03 has 20 seconds left.
|inactive|Asey03 has 15 seconds left.
|l|☆Hydracrew
|inactive|Hydracrew disconnected and has a minute to reconnect!
|player|p2|
|inactive|Asey03 has 10 seconds left.
|inactive|Asey03 has 5 seconds left.
|j|☆Hydracrew
|inactive|Hydracrew reconnected.
|player|p2|Hydracrew|li|
|
|t:|1750768249
|move|p2a: Rillaboom|Fake Out|p1a: Miraidon
|-damage|p1a: Miraidon|42/100
|cant|p1a: Miraidon|flinch
|move|p2b: Snorlax|Yawn|p1a: Miraidon
|-start|p1a: Miraidon|move: Yawn|[of] p2b: Snorlax
|
|-heal|p1a: Miraidon|47/100|[from] Grassy Terrain
|-heal|p2b: Snorlax|34/100|[from] Grassy Terrain
|upkeep
|turn|11
|inactive|Asey03 has 30 seconds left.
|inactive|Asey03 has 20 seconds left.
|inactive|Asey03 has 15 seconds left.
|inactive|Asey03 has 10 seconds left.
|inactive|Asey03 has 5 seconds left.
|
|t:|1750768304
|move|p1a: Miraidon|Volt Switch|p2b: Snorlax
|-damage|p2b: Snorlax|13/100
|move|p2a: Rillaboom|Wood Hammer|p1a: Miraidon
|-resisted|p1a: Miraidon
|-damage|p1a: Miraidon|11/100
|-damage|p2a: Rillaboom|90/100|[from] Recoil
|move|p2b: Snorlax|Facade|p1a: Miraidon
|-damage|p1a: Miraidon|0 fnt
|faint|p1a: Miraidon
|
|win|Hydracrew
|raw|Asey03's rating: 1059 &rarr; <strong>1046</strong><br />(-13 for losing)
|raw|Hydracrew's rating: 1163 &rarr; <strong>1181</strong><br />(+18 for winning)
|l|☆Hydracrew
|player|p2|
|l|☆Asey03
|player|p1|
