|j|☆nomiser
|j|☆Mameon
|t:|1750834397
|gametype|doubles
|player|p1|nomiser|lucian|1146
|player|p2|Mameon|red|1194
|teamsize|p1|6
|teamsize|p2|6
|gen|9
|tier|[Gen 9] VGC 2025 Reg I
|rated|
|rule|Species Clause: Limit one of each Pokémon
|rule|Item Clause: Limit 1 of each item
|clearpoke
|poke|p1|Miraidon, L50|
|poke|p1|Calyrex-Ice, L50|
|poke|p1|Iron Hands, L50|
|poke|p1|Incineroar, L50, F|
|poke|p1|Glimmora, L50, F|
|poke|p1|Sinistcha, L50|
|poke|p2|Calyrex-Ice, L50|
|poke|p2|Scraggy, L50, M|
|poke|p2|Miraidon, L50|
|poke|p2|Farigiraf, L50, F|
|poke|p2|Iron Treads, L50|
|poke|p2|Iron Hands, L50|
|teampreview|4
|
|t:|1750834418
|start
|switch|p1a: Incineroar|Incineroar, L50, F|100/100
|switch|p1b: Glimmora|Glimmora, L50, F|100/100
|switch|p2a: Calyrex|Calyrex-Ice, L50|100/100
|switch|p2b: Scraggy|Scraggy, L50, M|100/100
|-ability|p2a: Calyrex|As One
|-ability|p2a: Calyrex|Unnerve
|-ability|p1a: Incineroar|Intimidate|boost
|-fail|p2a: Calyrex|unboost|[from] item: Clear Amulet|[of] p2a: Calyrex
|-unboost|p2b: Scraggy|atk|1
|-ability|p2b: Scraggy|Intimidate|boost
|-unboost|p1a: Incineroar|atk|1
|-unboost|p1b: Glimmora|atk|1
|turn|1
|
|t:|1750834446
|move|p2b: Scraggy|Fake Out|p1a: Incineroar
|-damage|p1a: Incineroar|95/100
|move|p1b: Glimmora|Mortal Spin|p2a: Calyrex|[spread] p2a,p2b
|-damage|p2a: Calyrex|99/100
|-damage|p2b: Scraggy|97/100
|-status|p2a: Calyrex|psn
|-status|p2b: Scraggy|psn
|cant|p1a: Incineroar|flinch
|move|p2a: Calyrex|Trick Room|p2a: Calyrex
|-fieldstart|move: Trick Room|[of] p2a: Calyrex
|
|-damage|p2b: Scraggy|85/100 psn|[from] psn
|-damage|p2a: Calyrex|86/100 psn|[from] psn
|upkeep
|turn|2
|
|t:|1750834471
|-terastallize|p2a: Calyrex|Fire
|move|p2b: Scraggy|Coaching|p2a: Calyrex
|-boost|p2a: Calyrex|atk|1
|-boost|p2a: Calyrex|def|1
|move|p2a: Calyrex|High Horsepower|p1a: Incineroar
|-supereffective|p1a: Incineroar
|-damage|p1a: Incineroar|0 fnt
|faint|p1a: Incineroar
|-ability|p2a: Calyrex|Chilling Neigh|boost
|-boost|p2a: Calyrex|atk|1
|move|p1b: Glimmora|Power Gem|p2a: Calyrex
|-supereffective|p2a: Calyrex
|-damage|p2a: Calyrex|30/100 psn
|
|-damage|p2b: Scraggy|74/100 psn|[from] psn
|-damage|p2a: Calyrex|18/100 psn|[from] psn
|upkeep
|
|t:|1750834488
|switch|p1a: Calyrex|Calyrex-Ice, L50|100/100
|-ability|p1a: Calyrex|As One
|-ability|p1a: Calyrex|Unnerve
|turn|3
|
|t:|1750834538
|move|p2b: Scraggy|Foul Play|p1a: Calyrex
|-supereffective|p1a: Calyrex
|-damage|p1a: Calyrex|33/100
|move|p1a: Calyrex|Glacial Lance|p2a: Calyrex|[spread] p2a,p2b
|-resisted|p2a: Calyrex
|-damage|p2a: Calyrex|7/100 psn
|-damage|p2b: Scraggy|20/100 psn
|move|p2a: Calyrex|Glacial Lance|p1b: Glimmora|[spread] p1a,p1b
|-resisted|p1a: Calyrex
|-damage|p1a: Calyrex|0 fnt
|-enditem|p1b: Glimmora|Focus Sash
|-damage|p1b: Glimmora|1/100
|-activate|p1b: Glimmora|ability: Toxic Debris
|-sidestart|p2: Mameon|move: Toxic Spikes
|faint|p1a: Calyrex
|-ability|p2a: Calyrex|Chilling Neigh|boost
|-boost|p2a: Calyrex|atk|1
|move|p1b: Glimmora|Sludge Bomb|p2a: Calyrex
|-damage|p2a: Calyrex|0 fnt
|faint|p2a: Calyrex
|
|-damage|p2b: Scraggy|8/100 psn|[from] psn
|upkeep
|
|t:|1750834563
|switch|p1a: Miraidon|Miraidon, L50|100/100
|switch|p2a: Miraidon|Miraidon, L50|100/100
|-status|p2a: Miraidon|psn
|-fieldstart|move: Electric Terrain|[from] ability: Hadron Engine|[of] p2a: Miraidon
|-activate|p1a: Miraidon|ability: Hadron Engine
|turn|4
|
|t:|1750834591
|-terastallize|p1a: Miraidon|Fairy
|move|p1b: Glimmora|Spiky Shield|p1b: Glimmora
|-singleturn|p1b: Glimmora|move: Protect
|move|p2b: Scraggy|Endeavor|p1a: Miraidon
|-damage|p1a: Miraidon|6/100
|move|p2a: Miraidon|Dazzling Gleam|p1a: Miraidon|[spread] p1a
|-activate|p1b: Glimmora|move: Protect
|-damage|p1a: Miraidon|0 fnt
|faint|p1a: Miraidon
|
|-damage|p2b: Scraggy|0 fnt|[from] psn
|faint|p2b: Scraggy
|-damage|p2a: Miraidon|88/100 psn|[from] psn
|upkeep
|
|t:|1750834608
|switch|p2b: Iron Treads|Iron Treads, L50|100/100
|-activate|p2b: Iron Treads|ability: Quark Drive
|-start|p2b: Iron Treads|quarkdrivespe
|turn|5
|c|☆nomiser|scraggy op
|
|t:|1750834620
|move|p2b: Iron Treads|Protect|p2b: Iron Treads
|-singleturn|p2b: Iron Treads|Protect
|move|p1b: Glimmora|Sludge Bomb|p2a: Miraidon
|-damage|p2a: Miraidon|50/100 psn
|move|p2a: Miraidon|Dazzling Gleam|p1b: Glimmora
|-resisted|p1b: Glimmora
|-damage|p1b: Glimmora|0 fnt
|faint|p1b: Glimmora
|
|win|Mameon
|raw|nomiser's rating: 1146 &rarr; <strong>1124</strong><br />(-22 for losing)
|raw|Mameon's rating: 1194 &rarr; <strong>1216</strong><br />(+22 for winning)
|l|☆nomiser
|player|p1|
