|j|☆a2
|j|☆Mitch-BOT
|t:|1750871252
|gametype|doubles
|player|p1|a2|dawn-masters|1691
|player|p2|Mitch-BOT|nate|1627
|teamsize|p1|6
|teamsize|p2|6
|gen|9
|tier|[Gen 9] VGC 2025 Reg I
|rated|
|rule|Species Clause: Limit one of each Pokémon
|rule|Item Clause: Limit 1 of each item
|clearpoke
|poke|p1|Ogerpon-Hearthflame, L50, F|
|poke|p1|Grimmsnarl, L50, M|
|poke|p1|Incineroar, L50, M|
|poke|p1|Miraidon, L50|
|poke|p1|Ursaluna, L50, F|
|poke|p1|Lunala, L50|
|poke|p2|Whimsicott, L50, M|
|poke|p2|Calyrex-Ice, L50|
|poke|p2|Zamazenta-*, L50|
|poke|p2|Great Tusk, L50|
|poke|p2|Flutter Mane, L50|
|poke|p2|Urshifu-*, L50, F|
|teampreview|4
|inactive|Battle timer is ON: inactive players will automatically lose when time's up. (requested by a2)
|j| CilantroPrincess
|inactive|a2 has 60 seconds left.
|inactive|Mitch-BOT has 60 seconds left.
|inactive|a2 has 30 seconds left.
|
|t:|1750871321
|start
|switch|p1a: Miraidon|Miraidon, L50|100/100
|switch|p1b: Incineroar|Incineroar, L50, M|100/100
|switch|p2a: Great Tusk|Great Tusk, L50|100/100
|switch|p2b: Urshifu|Urshifu-Rapid-Strike, L50, F|100/100
|-fieldstart|move: Electric Terrain|[from] ability: Hadron Engine|[of] p1a: Miraidon
|-ability|p1b: Incineroar|Intimidate|boost
|-unboost|p2a: Great Tusk|atk|1
|-unboost|p2b: Urshifu|atk|1
|turn|1
|inactive|a2 has 30 seconds left.
|
|t:|1750871352
|move|p1b: Incineroar|Fake Out|p2a: Great Tusk
|-damage|p2a: Great Tusk|93/100
|move|p2b: Urshifu|Surging Strikes|p1b: Incineroar
|-supereffective|p1b: Incineroar
|-crit|p1b: Incineroar
|-damage|p1b: Incineroar|67/100
|-damage|p2b: Urshifu|84/100|[from] item: Rocky Helmet|[of] p1b: Incineroar
|-supereffective|p1b: Incineroar
|-crit|p1b: Incineroar
|-damage|p1b: Incineroar|36/100
|-damage|p2b: Urshifu|68/100|[from] item: Rocky Helmet|[of] p1b: Incineroar
|-supereffective|p1b: Incineroar
|-crit|p1b: Incineroar
|-damage|p1b: Incineroar|6/100
|-damage|p2b: Urshifu|51/100|[from] item: Rocky Helmet|[of] p1b: Incineroar
|-hitcount|p1b: Incineroar|3
|move|p1a: Miraidon|Calm Mind|p1a: Miraidon
|-boost|p1a: Miraidon|spa|1
|-boost|p1a: Miraidon|spd|1
|cant|p2a: Great Tusk|flinch
|
|upkeep
|turn|2
|inactive|a2 has 30 seconds left.
|inactive|Mitch-BOT has 30 seconds left.
|inactive|a2 has 20 seconds left.
|inactive|Mitch-BOT has 20 seconds left.
|inactive|a2 has 15 seconds left.
|inactive|a2 has 10 seconds left.
|
|t:|1750871402
|move|p2b: Urshifu|Surging Strikes|p1a: Miraidon
|-resisted|p1a: Miraidon
|-crit|p1a: Miraidon
|-damage|p1a: Miraidon|91/100
|-resisted|p1a: Miraidon
|-crit|p1a: Miraidon
|-damage|p1a: Miraidon|83/100
|-resisted|p1a: Miraidon
|-crit|p1a: Miraidon
|-damage|p1a: Miraidon|74/100
|-hitcount|p1a: Miraidon|3
|move|p1a: Miraidon|Dragon Pulse|p2a: Great Tusk
|-crit|p2a: Great Tusk
|-damage|p2a: Great Tusk|0 fnt
|faint|p2a: Great Tusk
|-end|p2a: Great Tusk|Protosynthesis|[silent]
|move|p1b: Incineroar|Will-O-Wisp|p2b: Urshifu
|-status|p2b: Urshifu|brn
|
|-damage|p2b: Urshifu|45/100 brn|[from] brn
|upkeep
|
|t:|1750871414
|switch|p2a: Zamazenta|Zamazenta-Crowned, L50|100/100
|-ability|p2a: Zamazenta|Dauntless Shield|boost
|-boost|p2a: Zamazenta|def|1
|turn|3
|inactive|Mitch-BOT has 30 seconds left.
|
|t:|1750871448
|-terastallize|p2a: Zamazenta|Ground
|move|p2b: Urshifu|Surging Strikes|p1b: Incineroar
|-supereffective|p1b: Incineroar
|-crit|p1b: Incineroar
|-damage|p1b: Incineroar|0 fnt
|-damage|p2b: Urshifu|28/100 brn|[from] item: Rocky Helmet|[of] p1b: Incineroar
|faint|p1b: Incineroar
|-hitcount|p1: Incineroar|1
|move|p1a: Miraidon|Parabolic Charge|p2b: Urshifu|[spread] p2b
|-immune|p2a: Zamazenta
|-supereffective|p2b: Urshifu
|-damage|p2b: Urshifu|0 fnt
|-heal|p1a: Miraidon|86/100|[from] drain|[of] p2b: Urshifu
|faint|p2b: Urshifu
|move|p2a: Zamazenta|Body Press|p1a: Miraidon
|-crit|p1a: Miraidon
|-damage|p1a: Miraidon|8/100
|
|upkeep
|
|t:|1750871467
|switch|p2b: Calyrex|Calyrex-Ice, L50|100/100
|switch|p1b: Grimmsnarl|Grimmsnarl, L50, M|100/100
|-ability|p2b: Calyrex|As One
|-ability|p2b: Calyrex|Unnerve
|turn|4
|inactive|Mitch-BOT has 30 seconds left.
|inactive|Mitch-BOT has 20 seconds left.
|inactive|Mitch-BOT has 15 seconds left.
|inactive|Mitch-BOT has 10 seconds left.
|inactive|Mitch-BOT has 5 seconds left.
|
|t:|1750871522
|-terastallize|p1a: Miraidon|Electric
|move|p2a: Zamazenta|Protect|p2a: Zamazenta
|-singleturn|p2a: Zamazenta|Protect
|move|p1b: Grimmsnarl|Reflect|p1b: Grimmsnarl
|-sidestart|p1: a2|Reflect
|move|p1a: Miraidon|Parabolic Charge|p2b: Calyrex|[spread] p1b,p2b
|-activate|p2a: Zamazenta|move: Protect
|-damage|p1b: Grimmsnarl|9/100
|-heal|p1a: Miraidon|52/100|[from] drain|[of] p1b: Grimmsnarl
|-damage|p2b: Calyrex|43/100
|-heal|p1a: Miraidon|81/100|[from] drain|[of] p2b: Calyrex
|move|p2b: Calyrex|Trick Room|p2b: Calyrex
|-fieldstart|move: Trick Room|[of] p2b: Calyrex
|
|upkeep
|turn|5
|inactive|a2 has 30 seconds left.
|inactive|Mitch-BOT has 30 seconds left.
|-message|Mitch-BOT forfeited.
|
|win|a2
|raw|a2's rating: 1691 &rarr; <strong>1707</strong><br />(+16 for winning)
|raw|Mitch-BOT's rating: 1627 &rarr; <strong>1611</strong><br />(-16 for losing)
|l|☆Mitch-BOT
|player|p2|
|l|☆a2
|player|p1|
|l| CilantroPrincess
