|j|☆122Kangaroo
|j|☆sandslash666
|t:|1750720721
|gametype|doubles
|player|p1|122Kangaroo|2|1224
|player|p2|sandslash666|ghetsis|1182
|teamsize|p1|6
|teamsize|p2|6
|gen|9
|tier|[Gen 9] VGC 2025 Reg I
|rated|
|rule|Species Clause: Limit one of each Pokémon
|rule|Item Clause: Limit 1 of each item
|clearpoke
|poke|p1|Calyrex-Ice, L50|
|poke|p1|Kyogre, L50|
|poke|p1|Urshifu-*, L50, F|
|poke|p1|Incineroar, L50, M|
|poke|p1|Amoonguss, L50, M|
|poke|p1|Rillaboom, L50, F|
|poke|p2|Hydreigon, L50, M|
|poke|p2|Calyrex-Ice, L50|
|poke|p2|Urshifu-*, L50, M|
|poke|p2|Chi-Yu, L50|
|poke|p2|Lunala, L50|
|poke|p2|Amoonguss, L50, M|
|teampreview|4
|
|t:|1750720756
|start
|switch|p1a: Incineroar|Incineroar, L50, M|100/100
|switch|p1b: Calyrex|Calyrex-Ice, L50|100/100
|switch|p2a: Lunala|Lunala, L50, shiny|100/100
|switch|p2b: Hydreigon|Hydreigon, L50, M, shiny|100/100
|-ability|p1b: Calyrex|As One
|-ability|p1b: Calyrex|Unnerve
|-ability|p1a: Incineroar|Intimidate|boost
|-unboost|p2a: Lunala|atk|1
|-unboost|p2b: Hydreigon|atk|1
|turn|1
|
|t:|1750720782
|-terastallize|p2b: Hydreigon|Steel
|-terastallize|p1b: Calyrex|Ground
|move|p2a: Lunala|Wide Guard|p2a: Lunala
|-singleturn|p2a: Lunala|Wide Guard
|move|p1a: Incineroar|Fake Out|p2b: Hydreigon
|-resisted|p2b: Hydreigon
|-damage|p2b: Hydreigon|96/100
|cant|p2b: Hydreigon|flinch
|move|p1b: Calyrex|Glacial Lance|p2a: Lunala|[spread] 
|-activate|p2a: Lunala|move: Wide Guard
|-activate|p2b: Hydreigon|move: Wide Guard
|
|upkeep
|turn|2
|
|t:|1750720813
|switch|p2b: Urshifu|Urshifu-Rapid-Strike, L50, M|100/100
|move|p2a: Lunala|Wide Guard|p2a: Lunala
|-singleturn|p2a: Lunala|Wide Guard
|move|p1a: Incineroar|Parting Shot|p2b: Urshifu
|-unboost|p2b: Urshifu|atk|1
|-unboost|p2b: Urshifu|spa|1
|
|t:|1750720826
|switch|p1a: Urshifu|Urshifu-Rapid-Strike, L50, F|100/100|[from] Parting Shot
|move|p1b: Calyrex|Leech Seed|p2a: Lunala
|-start|p2a: Lunala|move: Leech Seed
|
|-damage|p2a: Lunala|88/100|[from] Leech Seed|[of] p1b: Calyrex
|upkeep
|turn|3
|
|t:|1750720850
|switch|p2a: Hydreigon|Hydreigon, L50, M, shiny, tera:Steel|96/100
|move|p1b: Calyrex|Protect|p1b: Calyrex
|-singleturn|p1b: Calyrex|Protect
|move|p1a: Urshifu|Surging Strikes|p2a: Hydreigon
|-crit|p2a: Hydreigon
|-damage|p2a: Hydreigon|66/100
|-crit|p2a: Hydreigon
|-damage|p2a: Hydreigon|31/100
|-crit|p2a: Hydreigon
|-damage|p2a: Hydreigon|2/100
|-hitcount|p2a: Hydreigon|3
|move|p2b: Urshifu|Surging Strikes|p1b: Calyrex
|-supereffective|p1b: Calyrex
|-crit|p1b: Calyrex
|-damage|p1b: Calyrex|71/100
|-supereffective|p1b: Calyrex
|-crit|p1b: Calyrex
|-damage|p1b: Calyrex|38/100
|-supereffective|p1b: Calyrex
|-crit|p1b: Calyrex
|-damage|p1b: Calyrex|5/100
|-hitcount|p1b: Calyrex|3
|
|upkeep
|turn|4
|
|t:|1750720881
|switch|p1b: Amoonguss|Amoonguss, L50, M|100/100
|move|p1a: Urshifu|Surging Strikes|p2b: Urshifu
|-resisted|p2b: Urshifu
|-crit|p2b: Urshifu
|-damage|p2b: Urshifu|84/100
|-resisted|p2b: Urshifu
|-crit|p2b: Urshifu
|-damage|p2b: Urshifu|70/100
|-resisted|p2b: Urshifu
|-crit|p2b: Urshifu
|-damage|p2b: Urshifu|56/100
|-hitcount|p2b: Urshifu|3
|move|p2b: Urshifu|Surging Strikes|p1b: Amoonguss
|-resisted|p1b: Amoonguss
|-crit|p1b: Amoonguss
|-damage|p1b: Amoonguss|91/100
|-damage|p2b: Urshifu|39/100|[from] item: Rocky Helmet|[of] p1b: Amoonguss
|-resisted|p1b: Amoonguss
|-crit|p1b: Amoonguss
|-damage|p1b: Amoonguss|81/100
|-damage|p2b: Urshifu|23/100|[from] item: Rocky Helmet|[of] p1b: Amoonguss
|-resisted|p1b: Amoonguss
|-crit|p1b: Amoonguss
|-damage|p1b: Amoonguss|71/100
|-damage|p2b: Urshifu|6/100|[from] item: Rocky Helmet|[of] p1b: Amoonguss
|-hitcount|p1b: Amoonguss|3
|move|p2a: Hydreigon|Draco Meteor|p1a: Urshifu
|-damage|p1a: Urshifu|0 fnt
|-unboost|p2a: Hydreigon|spa|2
|faint|p1a: Urshifu
|
|upkeep
|
|t:|1750720910
|switch|p1a: Incineroar|Incineroar, L50, M|100/100
|-ability|p1a: Incineroar|Intimidate|boost
|-unboost|p2a: Hydreigon|atk|1
|-unboost|p2b: Urshifu|atk|1
|turn|5
|
|t:|1750720943
|switch|p2b: Lunala|Lunala, L50, shiny|88/100
|switch|p2a: Chi-Yu|Chi-Yu, L50|100/100
|-ability|p2a: Chi-Yu|Beads of Ruin
|move|p1a: Incineroar|Fake Out|p2b: Lunala
|-immune|p2b: Lunala
|move|p1b: Amoonguss|Pollen Puff|p2a: Chi-Yu
|-damage|p2a: Chi-Yu|80/100
|
|-heal|p2b: Lunala|94/100|[from] item: Leftovers
|upkeep
|turn|6
|
|t:|1750720970
|move|p1b: Amoonguss|Protect|p1b: Amoonguss
|-singleturn|p1b: Amoonguss|Protect
|move|p2a: Chi-Yu|Overheat|p1b: Amoonguss
|-activate|p1b: Amoonguss|move: Protect
|move|p2b: Lunala|Calm Mind|p2b: Lunala
|-boost|p2b: Lunala|spa|1
|-boost|p2b: Lunala|spd|1
|move|p1a: Incineroar|Knock Off|p2b: Lunala
|-supereffective|p2b: Lunala
|-damage|p2b: Lunala|0 fnt
|-enditem|p2b: Lunala|Leftovers|[from] move: Knock Off|[of] p1a: Incineroar
|faint|p2b: Lunala
|
|upkeep
|
|t:|1750720985
|switch|p2b: Urshifu|Urshifu-Rapid-Strike, L50, M|6/100
|turn|7
|
|t:|1750721011
|move|p2b: Urshifu|Protect|p2b: Urshifu
|-singleturn|p2b: Urshifu|Protect
|move|p2a: Chi-Yu|Overheat|p1b: Amoonguss
|-supereffective|p1b: Amoonguss
|-damage|p1b: Amoonguss|0 fnt
|-unboost|p2a: Chi-Yu|spa|2
|faint|p1b: Amoonguss
|move|p1a: Incineroar|Knock Off|p2b: Urshifu
|-activate|p2b: Urshifu|move: Protect
|
|upkeep
|
|t:|1750721021
|switch|p1b: Calyrex|Calyrex-Ice, L50, tera:Ground|5/100
|-ability|p1b: Calyrex|As One
|-ability|p1b: Calyrex|Unnerve
|turn|8
|l|☆sandslash666
|player|p2|
|j|☆sandslash666
|player|p2|sandslash666|ghetsis|
|
|t:|1750721101
|switch|p2a: Hydreigon|Hydreigon, L50, M, shiny, tera:Steel|2/100
|move|p2b: Urshifu|Aqua Jet|p1b: Calyrex
|-supereffective|p1b: Calyrex
|-damage|p1b: Calyrex|0 fnt
|faint|p1b: Calyrex
|move|p1a: Incineroar|Will-O-Wisp|p2b: Urshifu|[miss]
|-miss|p1a: Incineroar|p2b: Urshifu
|
|upkeep
|turn|9
|inactive|Battle timer is ON: inactive players will automatically lose when time's up. (requested by 122Kangaroo)
|
|t:|1750721119
|move|p2b: Urshifu|Surging Strikes|p1a: Incineroar
|-supereffective|p1a: Incineroar
|-crit|p1a: Incineroar
|-damage|p1a: Incineroar|62/100
|-supereffective|p1a: Incineroar
|-crit|p1a: Incineroar
|-damage|p1a: Incineroar|26/100
|-supereffective|p1a: Incineroar
|-crit|p1a: Incineroar
|-damage|p1a: Incineroar|0 fnt
|faint|p1a: Incineroar
|-hitcount|p1: Incineroar|3
|
|win|sandslash666
|raw|122Kangaroo's rating: 1224 &rarr; <strong>1196</strong><br />(-28 for losing)
|raw|sandslash666's rating: 1182 &rarr; <strong>1210</strong><br />(+28 for winning)
