|j|☆Zordor
|j|☆pantsuit
|t:|1750795844
|gametype|doubles
|player|p1|Zordor|pilot|1565
|player|p2|pantsuit|1|1551
|teamsize|p1|6
|teamsize|p2|6
|gen|9
|tier|[Gen 9] VGC 2025 Reg I
|rated|
|rule|Species Clause: Limit one of each Pokémon
|rule|Item Clause: Limit 1 of each item
|clearpoke
|poke|p1|Entei, L50|
|poke|p1|Walking Wake, L50|
|poke|p1|Groudon, L50|
|poke|p1|Zacian-*, L50|
|poke|p1|Thundurus-Therian, L50, M|
|poke|p1|Primarina, L50, F|
|poke|p2|Cresselia, L50, F|
|poke|p2|Iron Hands, L50|
|poke|p2|Calyrex-Shadow, L50|
|poke|p2|Miraidon, L50|
|poke|p2|Ursaluna, L50, M|
|poke|p2|Sneasler, L50, M|
|teampreview|4
|
|t:|1750795876
|start
|switch|p1a: Thundurus|Thundurus-Therian, L50, M|100/100
|switch|p1b: Groudon|Groudon, L50|100/100
|switch|p2a: Ducktile's bike|Miraidon, L50|100/100
|switch|p2b: Ducktile's sheep|Cresselia, L50, F|100/100
|-fieldstart|move: Electric Terrain|[from] ability: Hadron Engine|[of] p2a: Ducktile's bike
|-enditem|p2b: Ducktile's sheep|Electric Seed
|-boost|p2b: Ducktile's sheep|def|1|[from] item: Electric Seed
|-weather|SunnyDay|[from] ability: Drought|[of] p1b: Groudon
|turn|1
|
|t:|1750795891
|move|p2a: Ducktile's bike|Volt Switch|p1a: Thundurus
|-immune|p1a: Thundurus|[from] ability: Volt Absorb
|move|p1a: Thundurus|Taunt|p2b: Ducktile's sheep
|-start|p2b: Ducktile's sheep|move: Taunt
|move|p1b: Groudon|High Horsepower|p2a: Ducktile's bike
|-supereffective|p2a: Ducktile's bike
|-damage|p2a: Ducktile's bike|0 fnt
|faint|p2a: Ducktile's bike
|cant|p2b: Ducktile's sheep|move: Taunt|Trick Room
|
|-weather|SunnyDay|[upkeep]
|upkeep
|
|t:|1750795897
|switch|p2a: Ducktile|Ursaluna, L50, M|100/100
|turn|2
|
|t:|1750795910
|move|p1a: Thundurus|Thunder Wave|p2b: Ducktile's sheep
|-status|p2b: Ducktile's sheep|par
|move|p1b: Groudon|Heat Crash|p2b: Ducktile's sheep
|-damage|p2b: Ducktile's sheep|69/100 par
|move|p2b: Ducktile's sheep|Psychic|p1a: Thundurus
|-damage|p1a: Thundurus|65/100
|move|p2a: Ducktile|Facade|p1a: Thundurus
|-damage|p1a: Thundurus|13/100
|
|-weather|SunnyDay|[upkeep]
|-status|p2a: Ducktile|brn|[from] item: Flame Orb
|upkeep
|turn|3
|
|t:|1750795940
|move|p1a: Thundurus|Thunderbolt|p2b: Ducktile's sheep
|-damage|p2b: Ducktile's sheep|43/100 par
|move|p1b: Groudon|Heat Crash|p2b: Ducktile's sheep
|-damage|p2b: Ducktile's sheep|14/100 par
|move|p2b: Ducktile's sheep|Psychic|p1b: Groudon
|-damage|p1b: Groudon|77/100
|move|p2a: Ducktile|Facade|p1b: Groudon
|-damage|p1b: Groudon|0 fnt
|faint|p1b: Groudon
|
|-weather|SunnyDay|[upkeep]
|-damage|p2a: Ducktile|94/100 brn|[from] brn
|-end|p2b: Ducktile's sheep|move: Taunt
|upkeep
|
|t:|1750795950
|switch|p1b: Walking Wake|Walking Wake, L50|100/100
|-activate|p1b: Walking Wake|ability: Protosynthesis
|-start|p1b: Walking Wake|protosynthesisspe
|turn|4
|
|t:|1750795969
|-terastallize|p2a: Ducktile|Ghost
|move|p1b: Walking Wake|Protect|p1b: Walking Wake
|-singleturn|p1b: Walking Wake|Protect
|move|p1a: Thundurus|Thunderbolt|p2b: Ducktile's sheep
|-damage|p2b: Ducktile's sheep|0 fnt
|faint|p2b: Ducktile's sheep
|move|p2a: Ducktile|Facade|p1b: Walking Wake
|-activate|p1b: Walking Wake|move: Protect
|
|-weather|SunnyDay|[upkeep]
|-damage|p2a: Ducktile|88/100 brn|[from] brn
|upkeep
|
|t:|1750795980
|switch|p2b: Ducktile's horse|Calyrex-Shadow, L50|100/100
|-ability|p2b: Ducktile's horse|As One
|-ability|p2b: Ducktile's horse|Unnerve
|turn|5
|
|t:|1750796004
|move|p2b: Ducktile's horse|Protect|p2b: Ducktile's horse
|-singleturn|p2b: Ducktile's horse|Protect
|move|p1b: Walking Wake|Snarl|p2b: Ducktile's horse|[spread] p2a
|-activate|p2b: Ducktile's horse|move: Protect
|-supereffective|p2a: Ducktile
|-crit|p2a: Ducktile
|-damage|p2a: Ducktile|57/100 brn
|-unboost|p2a: Ducktile|spa|1
|move|p1a: Thundurus|Thunderbolt|p2b: Ducktile's horse
|-activate|p2b: Ducktile's horse|move: Protect
|move|p2a: Ducktile|Facade|p1a: Thundurus
|-damage|p1a: Thundurus|0 fnt
|faint|p1a: Thundurus
|
|-weather|none
|-end|p1b: Walking Wake|Protosynthesis
|-damage|p2a: Ducktile|51/100 brn|[from] brn
|-fieldend|move: Electric Terrain
|upkeep
|-enditem|p1b: Walking Wake|Booster Energy
|-activate|p1b: Walking Wake|ability: Protosynthesis|[fromitem]
|-start|p1b: Walking Wake|protosynthesisspe
|
|t:|1750796007
|switch|p1a: Zacian|Zacian-Crowned, L50|100/100
|-ability|p1a: Zacian|Intrepid Sword|boost
|-boost|p1a: Zacian|atk|1
|turn|6
|
|t:|1750796024
|-terastallize|p1a: Zacian|Dark
|move|p1b: Walking Wake|Snarl|p2b: Ducktile's horse|[spread] p2a,p2b
|-supereffective|p2a: Ducktile
|-supereffective|p2b: Ducktile's horse
|-damage|p2a: Ducktile|29/100 brn
|-damage|p2b: Ducktile's horse|48/100
|-unboost|p2a: Ducktile|spa|1
|-unboost|p2b: Ducktile's horse|spa|1
|move|p2b: Ducktile's horse|Astral Barrage|p1a: Zacian|[spread] p1a,p1b
|-resisted|p1a: Zacian
|-damage|p1a: Zacian|80/100
|-damage|p1b: Walking Wake|47/100
|-damage|p2b: Ducktile's horse|38/100|[from] item: Life Orb
|move|p1a: Zacian|Behemoth Blade|p2a: Ducktile
|-damage|p2a: Ducktile|0 fnt
|faint|p2a: Ducktile
|
|upkeep
|turn|7
|
|t:|1750796031
|move|p1b: Walking Wake|Snarl|p2b: Ducktile's horse
|-supereffective|p2b: Ducktile's horse
|-damage|p2b: Ducktile's horse|0 fnt
|faint|p2b: Ducktile's horse
|
|win|Zordor
|raw|Zordor's rating: 1565 &rarr; <strong>1584</strong><br />(+19 for winning)
|raw|pantsuit's rating: 1551 &rarr; <strong>1532</strong><br />(-19 for losing)
|l|☆Zordor
|player|p1|
|l|☆pantsuit
|player|p2|
