|j|☆htfg2024
|j|☆gaelstromm
|t:|1750839447
|gametype|doubles
|player|p1|htfg2024|266|1372
|player|p2|gaelstromm|pokemaniac|1319
|teamsize|p1|6
|teamsize|p2|6
|gen|9
|tier|[Gen 9] VGC 2025 Reg I
|rated|
|rule|Species Clause: Limit one of each Pokémon
|rule|Item Clause: Limit 1 of each item
|clearpoke
|poke|p1|Calyrex-Shadow, L50|
|poke|p1|Zamazenta-*, L50|
|poke|p1|Muk-Alola, L50, F|
|poke|p1|Smeargle, L50, F|
|poke|p1|Rillaboom, L50, F|
|poke|p1|Flamigo, L50, F|
|poke|p2|Koraidon, L50|
|poke|p2|Lunala, L50|
|poke|p2|Flutter Mane, L50|
|poke|p2|Ursaluna, L50, M|
|poke|p2|Incineroar, L50, M|
|poke|p2|Amoonguss, L50, F|
|teampreview|4
htfg2024 rejected open team sheets.
|inactive|Battle timer is ON: inactive players will automatically lose when time's up. (requested by htfg2024)
|
|t:|1750839479
|start
|switch|p1a: Smeargle|Smeargle, L50, F|100/100
|switch|p1b: Muk|Muk-Alola, L50, F|100/100
|switch|p2a: Ursaluna|Ursaluna, L50, M|100/100
|switch|p2b: Incineroar|Incineroar, L50, M|100/100
|-ability|p2b: Incineroar|Intimidate|boost
|-unboost|p1a: Smeargle|atk|1
|-unboost|p1b: Muk|atk|1
|turn|1
|
|t:|1750839498
|move|p1a: Smeargle|Fake Out|p2b: Incineroar
|-damage|p2b: Incineroar|99/100
|cant|p2b: Incineroar|flinch
|move|p1b: Muk|Minimize|p1b: Muk
|-boost|p1b: Muk|evasion|2
|move|p2a: Ursaluna|Headlong Rush|p1b: Muk|[miss]
|-miss|p2a: Ursaluna|p1b: Muk
|
|-ability|p1a: Smeargle|Moody|boost
|-boost|p1a: Smeargle|spe|2
|-unboost|p1a: Smeargle|def|1
|-status|p2a: Ursaluna|brn|[from] item: Flame Orb
|upkeep
|turn|2
|
|t:|1750839520
|move|p1a: Smeargle|Minimize|p1a: Smeargle
|-boost|p1a: Smeargle|evasion|2
|move|p2b: Incineroar|Knock Off|p1b: Muk
|-resisted|p1b: Muk
|-damage|p1b: Muk|86/100
|-enditem|p1b: Muk|Bright Powder|[from] move: Knock Off|[of] p2b: Incineroar
|move|p1b: Muk|Minimize|p1b: Muk
|-boost|p1b: Muk|evasion|2
|move|p2a: Ursaluna|Headlong Rush|p1b: Muk|[miss]
|-miss|p2a: Ursaluna|p1b: Muk
|
|-damage|p2a: Ursaluna|95/100 brn|[from] brn
|-ability|p1a: Smeargle|Moody|boost
|-boost|p1a: Smeargle|spa|2
|-unboost|p1a: Smeargle|def|1
|upkeep
|turn|3
|
|t:|1750839537
|move|p1a: Smeargle|Minimize|p1a: Smeargle
|-boost|p1a: Smeargle|evasion|2
|move|p2b: Incineroar|Knock Off|p1a: Smeargle|[miss]
|-miss|p2b: Incineroar|p1a: Smeargle
|move|p1b: Muk|Minimize|p1b: Muk
|-boost|p1b: Muk|evasion|2
|move|p2a: Ursaluna|Headlong Rush|p1b: Muk|[miss]
|-miss|p2a: Ursaluna|p1b: Muk
|
|-damage|p2a: Ursaluna|89/100 brn|[from] brn
|-ability|p1a: Smeargle|Moody|boost
|-boost|p1a: Smeargle|atk|2
|-unboost|p1a: Smeargle|spa|1
|upkeep
|turn|4
|
|t:|1750839554
|move|p1a: Smeargle|Minimize|p1a: Smeargle
|-boost|p1a: Smeargle|evasion|2
|move|p2b: Incineroar|Knock Off|p1a: Smeargle|[miss]
|-miss|p2b: Incineroar|p1a: Smeargle
|move|p1b: Muk|Substitute|p1b: Muk
|-start|p1b: Muk|Substitute
|-damage|p1b: Muk|62/100
|move|p2a: Ursaluna|Headlong Rush|p1b: Muk|[miss]
|-miss|p2a: Ursaluna|p1b: Muk
|
|-damage|p2a: Ursaluna|83/100 brn|[from] brn
|-ability|p1a: Smeargle|Moody|boost
|-boost|p1a: Smeargle|spa|2
|-unboost|p1a: Smeargle|spe|1
|upkeep
|turn|5
|
|t:|1750839574
|move|p1a: Smeargle|Baneful Bunker|p1a: Smeargle
|-singleturn|p1a: Smeargle|move: Protect
|move|p2b: Incineroar|Knock Off|p1a: Smeargle
|-activate|p1a: Smeargle|move: Protect
|-status|p2b: Incineroar|psn
|move|p1b: Muk|Knock Off|p2b: Incineroar
|-resisted|p2b: Incineroar
|-damage|p2b: Incineroar|90/100 psn
|-enditem|p2b: Incineroar|Safety Goggles|[from] move: Knock Off|[of] p1b: Muk
|move|p2a: Ursaluna|Headlong Rush|p1b: Muk|[miss]
|-miss|p2a: Ursaluna|p1b: Muk
|
|-damage|p2b: Incineroar|78/100 psn|[from] psn
|-damage|p2a: Ursaluna|77/100 brn|[from] brn
|-ability|p1a: Smeargle|Moody|boost
|-boost|p1a: Smeargle|spe|2
|-unboost|p1a: Smeargle|spa|1
|upkeep
|turn|6
|inactive|htfg2024 has 30 seconds left.
|
|t:|1750839604
|move|p1a: Smeargle|Baneful Bunker||[still]
|-fail|p1a: Smeargle
|move|p2b: Incineroar|Knock Off|p1a: Smeargle
|-enditem|p1a: Smeargle|Focus Sash
|-damage|p1a: Smeargle|1/100
|move|p1b: Muk|Knock Off|p2a: Ursaluna
|-damage|p2a: Ursaluna|59/100 brn
|-enditem|p2a: Ursaluna|Flame Orb|[from] move: Knock Off|[of] p1b: Muk
|move|p2a: Ursaluna|Headlong Rush|p1b: Muk|[miss]
|-miss|p2a: Ursaluna|p1b: Muk
|
|-damage|p2b: Incineroar|65/100 psn|[from] psn
|-damage|p2a: Ursaluna|53/100 brn|[from] brn
|-ability|p1a: Smeargle|Moody|boost
|-boost|p1a: Smeargle|def|2
|-unboost|p1a: Smeargle|spe|1
|upkeep
|turn|7
|inactive|gaelstromm has 30 seconds left.
|
|t:|1750839633
|move|p1a: Smeargle|Baneful Bunker|p1a: Smeargle
|-singleturn|p1a: Smeargle|move: Protect
|move|p2b: Incineroar|Flare Blitz|p1b: Muk|[miss]
|-miss|p2b: Incineroar|p1b: Muk
|move|p1b: Muk|Poison Fang|p2a: Ursaluna
|-resisted|p2a: Ursaluna
|-crit|p2a: Ursaluna
|-damage|p2a: Ursaluna|43/100 brn
|move|p2a: Ursaluna|Headlong Rush|p1b: Muk
|-supereffective|p1b: Muk
|-end|p1b: Muk|Substitute
|-unboost|p2a: Ursaluna|def|1
|-unboost|p2a: Ursaluna|spd|1
|
|-damage|p2b: Incineroar|53/100 psn|[from] psn
|-damage|p2a: Ursaluna|37/100 brn|[from] brn
|-ability|p1a: Smeargle|Moody|boost
|-boost|p1a: Smeargle|spe|2
|-unboost|p1a: Smeargle|def|1
|upkeep
|turn|8
|
|t:|1750839656
|move|p1a: Smeargle|Baneful Bunker||[still]
|-fail|p1a: Smeargle
|move|p2b: Incineroar|Flare Blitz|p1b: Muk|[miss]
|-miss|p2b: Incineroar|p1b: Muk
|move|p1b: Muk|Substitute|p1b: Muk
|-start|p1b: Muk|Substitute
|-damage|p1b: Muk|37/100
|move|p2a: Ursaluna|Headlong Rush|p1b: Muk|[miss]
|-miss|p2a: Ursaluna|p1b: Muk
|
|-damage|p2b: Incineroar|40/100 psn|[from] psn
|-damage|p2a: Ursaluna|31/100 brn|[from] brn
|-ability|p1a: Smeargle|Moody|boost
|-boost|p1a: Smeargle|def|2
|-unboost|p1a: Smeargle|atk|1
|upkeep
|turn|9
|inactive|gaelstromm has 30 seconds left.
|
|t:|1750839684
|switch|p1b: Flamigo|Flamigo, L50, F|100/100
|-copyboost|p1b: Flamigo|p1a: Smeargle|[from] ability: Costar
|move|p1a: Smeargle|Baneful Bunker|p1a: Smeargle
|-singleturn|p1a: Smeargle|move: Protect
|move|p2b: Incineroar|Flare Blitz|p1b: Flamigo
|-damage|p1b: Flamigo|65/100
|-damage|p2b: Incineroar|29/100 psn|[from] Recoil
|move|p2a: Ursaluna|Facade|p1b: Flamigo
|-damage|p1b: Flamigo|0 fnt
|faint|p1b: Flamigo
|
|-damage|p2b: Incineroar|17/100 psn|[from] psn
|-damage|p2a: Ursaluna|25/100 brn|[from] brn
|-ability|p1a: Smeargle|Moody|boost
|-boost|p1a: Smeargle|spd|2
|-unboost|p1a: Smeargle|def|1
|upkeep
|
|t:|1750839701
|switch|p1b: Calyrex|Calyrex-Shadow, L50|100/100
|-ability|p1b: Calyrex|As One
|-ability|p1b: Calyrex|Unnerve
|turn|10
|
|t:|1750839716
|-terastallize|p1b: Calyrex|Fairy
|move|p1a: Smeargle|Baneful Bunker|p1a: Smeargle
|-singleturn|p1a: Smeargle|move: Protect
|move|p1b: Calyrex|Psych Up|p1a: Smeargle
|-copyboost|p1b: Calyrex|p1a: Smeargle|[from] move: Psych Up
|move|p2b: Incineroar|Knock Off|p1b: Calyrex
|-resisted|p1b: Calyrex
|-damage|p1b: Calyrex|81/100
|-enditem|p1b: Calyrex|Life Orb|[from] move: Knock Off|[of] p2b: Incineroar
|move|p2a: Ursaluna|Close Combat|p1a: Smeargle
|-activate|p1a: Smeargle|move: Protect
|
|-damage|p2b: Incineroar|4/100 psn|[from] psn
|-damage|p2a: Ursaluna|19/100 brn|[from] brn
|-ability|p1a: Smeargle|Moody|boost
|-boost|p1a: Smeargle|spa|2
|-unboost|p1a: Smeargle|spe|1
|upkeep
|turn|11
|
|t:|1750839739
|move|p1a: Smeargle|Baneful Bunker||[still]
|-fail|p1a: Smeargle
|move|p1b: Calyrex|Substitute|p1b: Calyrex
|-start|p1b: Calyrex|Substitute
|-damage|p1b: Calyrex|57/100
|move|p2b: Incineroar|Flare Blitz|p1b: Calyrex|[miss]
|-miss|p2b: Incineroar|p1b: Calyrex
|move|p2a: Ursaluna|Facade|p1b: Calyrex|[miss]
|-miss|p2a: Ursaluna|p1b: Calyrex
|
|-damage|p2b: Incineroar|0 fnt|[from] psn
|faint|p2b: Incineroar
|-damage|p2a: Ursaluna|14/100 brn|[from] brn
|-ability|p1a: Smeargle|Moody|boost
|-boost|p1a: Smeargle|spe|2
|-unboost|p1a: Smeargle|atk|1
|upkeep
|
|t:|1750839748
|switch|p2b: Lunala|Lunala, L50|100/100
|turn|12
|
|t:|1750839765
|switch|p2a: Koraidon|Koraidon, L50|100/100
|-weather|SunnyDay|[from] ability: Orichalcum Pulse|[of] p2a: Koraidon
|-activate|p2a: Koraidon|Orichalcum Pulse|[source]
|move|p2b: Lunala|Wide Guard|p2b: Lunala
|-singleturn|p2b: Lunala|Wide Guard
|move|p1b: Calyrex|Psych Up|p1a: Smeargle
|-copyboost|p1b: Calyrex|p1a: Smeargle|[from] move: Psych Up
|move|p1a: Smeargle|Spore|p2b: Lunala
|-status|p2b: Lunala|slp|[from] move: Spore
|
|-weather|SunnyDay|[upkeep]
|-ability|p1a: Smeargle|Moody|boost
|-boost|p1a: Smeargle|spa|2
|-unboost|p1a: Smeargle|spd|1
|upkeep
|turn|13
|
|t:|1750839784
|switch|p2b: Ursaluna|Ursaluna, L50, M|14/100 brn
|-terastallize|p2a: Koraidon|Fire
|move|p1b: Calyrex|Draining Kiss|p2a: Koraidon
|-resisted|p2a: Koraidon
|-damage|p2a: Koraidon|51/100
|-heal|p1b: Calyrex|88/100|[from] drain|[of] p2a: Koraidon
|move|p1a: Smeargle|Spore|p2a: Koraidon
|-status|p2a: Koraidon|slp|[from] move: Spore
|cant|p2a: Koraidon|slp
|
|-weather|SunnyDay|[upkeep]
|-damage|p2b: Ursaluna|8/100 brn|[from] brn
|-ability|p1a: Smeargle|Moody|boost
|-boost|p1a: Smeargle|spe|1
|-unboost|p1a: Smeargle|atk|1
|upkeep
|turn|14
|-message|gaelstromm forfeited.
|
|win|htfg2024
|raw|htfg2024's rating: 1372 &rarr; <strong>1389</strong><br />(+17 for winning)
|raw|gaelstromm's rating: 1319 &rarr; <strong>1302</strong><br />(-17 for losing)
|l|☆gaelstromm
|player|p2|
|l|☆htfg2024
|player|p1|
