|j|☆Jameson Murray
|j|☆dinglustan
|t:|1750745455
|gametype|doubles
|player|p1|Jameson Murray|elesa|1544
|player|p2|dinglustan|265|1625
|teamsize|p1|6
|teamsize|p2|6
|gen|9
|tier|[Gen 9] VGC 2025 Reg I
|rated|
|rule|Species Clause: Limit one of each Pokémon
|rule|Item Clause: Limit 1 of each item
|clearpoke
|poke|p1|Groudon, L50|
|poke|p1|Jumpluff, L50, F|
|poke|p1|Raging Bolt, L50|
|poke|p1|Flutter Mane, L50|
|poke|p1|Chi-Yu, L50|
|poke|p1|Calyrex-Ice, L50|
|poke|p2|Miraidon, L50|
|poke|p2|Calyrex-Ice, L50|
|poke|p2|Grimmsnarl, L50, M|
|poke|p2|Incineroar, L50, M|
|poke|p2|Urshifu-*, L50, F|
|poke|p2|Sinistcha, L50|
|teampreview|4
|inactive|Battle timer is ON: inactive players will automatically lose when time's up. (requested by dinglustan)
|j| kakkarotxvj
|
|t:|1750745471
|start
|switch|p1a: Calyrex|Calyrex-Ice, L50|100/100
|switch|p1b: Flutter Mane|Flutter Mane, L50, shiny|100/100
|switch|p2a: Miraidon|Miraidon, L50|100/100
|switch|p2b: Grimmsnarl|Grimmsnarl, L50, M|100/100
|-ability|p1a: Calyrex|As One
|-ability|p1a: Calyrex|Unnerve
|-fieldstart|move: Electric Terrain|[from] ability: Hadron Engine|[of] p2a: Miraidon
|turn|1
|
|t:|1750745493
|move|p1b: Flutter Mane|Protect|p1b: Flutter Mane
|-singleturn|p1b: Flutter Mane|Protect
|move|p2b: Grimmsnarl|Light Screen|p2b: Grimmsnarl
|-sidestart|p2: dinglustan|move: Light Screen
|move|p2a: Miraidon|Volt Switch|p1a: Calyrex
|-damage|p1a: Calyrex|38/100
|-enditem|p1a: Calyrex|Sitrus Berry|[eat]
|-heal|p1a: Calyrex|63/100|[from] item: Sitrus Berry
|
|t:|1750745516
|switch|p2a: Incineroar|Incineroar, L50, M|100/100|[from] Volt Switch
|-ability|p2a: Incineroar|Intimidate|boost
|-unboost|p1a: Calyrex|atk|1
|-unboost|p1b: Flutter Mane|atk|1
|move|p1a: Calyrex|Leech Seed|p2b: Grimmsnarl
|-start|p2b: Grimmsnarl|move: Leech Seed
|
|-damage|p2b: Grimmsnarl|88/100|[from] Leech Seed|[of] p1a: Calyrex
|-heal|p1a: Calyrex|76/100|[silent]
|upkeep
|turn|2
|
|t:|1750745533
|move|p2b: Grimmsnarl|Reflect|p2b: Grimmsnarl
|-sidestart|p2: dinglustan|Reflect
|move|p1b: Flutter Mane|Moonblast|p2b: Grimmsnarl
|-supereffective|p2b: Grimmsnarl
|-damage|p2b: Grimmsnarl|26/100
|move|p2a: Incineroar|U-turn|p1a: Calyrex
|-supereffective|p1a: Calyrex
|-damage|p1a: Calyrex|52/100
|
|t:|1750745547
|switch|p2a: Calyrex|Calyrex-Ice, L50|100/100|[from] U-turn
|-ability|p2a: Calyrex|As One
|-ability|p2a: Calyrex|Unnerve
|move|p1a: Calyrex|Leech Seed|p2a: Calyrex
|-start|p2a: Calyrex|move: Leech Seed
|
|-damage|p2b: Grimmsnarl|14/100|[from] Leech Seed|[of] p1a: Calyrex
|-heal|p1a: Calyrex|64/100|[silent]
|-damage|p2a: Calyrex|88/100|[from] Leech Seed|[of] p1a: Calyrex
|-heal|p1a: Calyrex|77/100|[silent]
|upkeep
|turn|3
|
|t:|1750745555
|switch|p2a: Incineroar|Incineroar, L50, M|100/100
|-ability|p2a: Incineroar|Intimidate|boost
|-unboost|p1a: Calyrex|atk|1
|-unboost|p1b: Flutter Mane|atk|1
|move|p1b: Flutter Mane|Protect|p1b: Flutter Mane
|-singleturn|p1b: Flutter Mane|Protect
|move|p2b: Grimmsnarl|Thunder Wave|p1b: Flutter Mane
|-activate|p1b: Flutter Mane|move: Protect
|move|p1a: Calyrex|Imprison|p1a: Calyrex
|-start|p1a: Calyrex|move: Imprison
|
|-damage|p2b: Grimmsnarl|1/100|[from] Leech Seed|[of] p1a: Calyrex
|-heal|p1a: Calyrex|89/100|[silent]
|upkeep
|turn|4
|
|t:|1750745580
|-end|p1b: Flutter Mane|Protosynthesis|[silent]
|switch|p1b: Groudon|Groudon, L50, shiny|100/100
|-weather|SunnyDay|[from] ability: Drought|[of] p1b: Groudon
|move|p2b: Grimmsnarl|Thunder Wave|p1b: Groudon
|-immune|p1b: Groudon
|move|p2a: Incineroar|Flare Blitz|p1a: Calyrex
|-supereffective|p1a: Calyrex
|-damage|p1a: Calyrex|2/100
|-damage|p2a: Incineroar|72/100|[from] Recoil
|move|p1a: Calyrex|Glacial Lance|p2a: Incineroar|[spread] p2a,p2b
|-resisted|p2a: Incineroar
|-damage|p2a: Incineroar|65/100
|-damage|p2b: Grimmsnarl|0 fnt
|faint|p2b: Grimmsnarl
|-ability|p1a: Calyrex|Chilling Neigh|boost
|-boost|p1a: Calyrex|atk|1
|
|-weather|SunnyDay|[upkeep]
|upkeep
|inactive|dinglustan has 30 seconds left.
|inactive|dinglustan has 20 seconds left.
|inactive|dinglustan has 15 seconds left.
|
|t:|1750745621
|switch|p2b: Calyrex|Calyrex-Ice, L50|88/100
|-ability|p2b: Calyrex|As One
|-ability|p2b: Calyrex|Unnerve
|turn|5
|
|t:|1750745641
|switch|p1a: Flutter Mane|Flutter Mane, L50, shiny|100/100
|-activate|p1a: Flutter Mane|ability: Protosynthesis
|-start|p1a: Flutter Mane|protosynthesisspe
|-terastallize|p1b: Groudon|Fire
|move|p2b: Calyrex|Protect|p2b: Calyrex
|-singleturn|p2b: Calyrex|Protect
|move|p1b: Groudon|Precipice Blades|p2a: Incineroar|[spread] p2a
|-activate|p2b: Calyrex|move: Protect
|-supereffective|p2a: Incineroar
|-damage|p2a: Incineroar|9/100
|move|p2a: Incineroar|U-turn|p1a: Flutter Mane
|-resisted|p1a: Flutter Mane
|-damage|p1a: Flutter Mane|90/100
|
|t:|1750745644
|switch|p2a: Miraidon|Miraidon, L50|100/100|[from] U-turn
|-activate|p2a: Miraidon|ability: Hadron Engine
|
|-weather|SunnyDay|[upkeep]
|-heal|p2b: Calyrex|94/100|[from] item: Leftovers
|-fieldend|move: Electric Terrain
|upkeep
|turn|6
|
|t:|1750745664
|-terastallize|p2a: Miraidon|Fairy
|move|p1a: Flutter Mane|Icy Wind|p2b: Calyrex|[spread] p2a,p2b
|-resisted|p2b: Calyrex
|-crit|p2b: Calyrex
|-damage|p2a: Miraidon|91/100
|-damage|p2b: Calyrex|87/100
|-unboost|p2a: Miraidon|spe|1
|-unboost|p2b: Calyrex|spe|1
|move|p2a: Miraidon|Volt Switch|p1b: Groudon
|-damage|p1b: Groudon|62/100
|
|t:|1750745674
|switch|p2a: Incineroar|Incineroar, L50, M|9/100|[from] Volt Switch
|-ability|p2a: Incineroar|Intimidate|boost
|-unboost|p1a: Flutter Mane|atk|1
|-unboost|p1b: Groudon|atk|1
|move|p1b: Groudon|Precipice Blades|p2a: Incineroar|[spread] p2a,p2b
|-supereffective|p2a: Incineroar
|-damage|p2a: Incineroar|0 fnt
|-damage|p2b: Calyrex|72/100
|faint|p2a: Incineroar
|move|p2b: Calyrex|Trick Room|p2b: Calyrex
|-fieldstart|move: Trick Room|[of] p2b: Calyrex
|
|-weather|SunnyDay|[upkeep]
|-heal|p2b: Calyrex|77/100|[from] item: Leftovers
|upkeep
|
|t:|1750745681
|switch|p2a: Miraidon|Miraidon, L50, tera:Fairy|91/100
|-fieldstart|move: Electric Terrain|[from] ability: Hadron Engine|[of] p2a: Miraidon
|turn|7
|
|t:|1750745700
|move|p1a: Flutter Mane|Protect|p1a: Flutter Mane
|-singleturn|p1a: Flutter Mane|Protect
|move|p2b: Calyrex|Glacial Lance|p1b: Groudon|[spread] p1b
|-activate|p1a: Flutter Mane|move: Protect
|-resisted|p1b: Groudon
|-damage|p1b: Groudon|44/100
|move|p1b: Groudon|Heat Crash|p2a: Miraidon
|-damage|p2a: Miraidon|57/100
|move|p2a: Miraidon|Dazzling Gleam|p1b: Groudon|[spread] p1b
|-activate|p1a: Flutter Mane|move: Protect
|-resisted|p1b: Groudon
|-damage|p1b: Groudon|23/100
|
|-weather|SunnyDay|[upkeep]
|-heal|p2b: Calyrex|83/100|[from] item: Leftovers
|upkeep
|turn|8
|inactive|Jameson Murray has 30 seconds left.
|
|t:|1750745727
|switch|p1b: Calyrex|Calyrex-Ice, L50|2/100
|-ability|p1b: Calyrex|As One
|-ability|p1b: Calyrex|Unnerve
|move|p2b: Calyrex|Glacial Lance|p1b: Calyrex|[spread] p1a,p1b
|-crit|p1a: Flutter Mane
|-resisted|p1b: Calyrex
|-damage|p1a: Flutter Mane|0 fnt
|-damage|p1b: Calyrex|0 fnt
|faint|p1a: Flutter Mane
|-end|p1a: Flutter Mane|Protosynthesis|[silent]
|faint|p1b: Calyrex
|-ability|p2b: Calyrex|Chilling Neigh|boost
|-boost|p2b: Calyrex|atk|2
|move|p2a: Miraidon|Dazzling Gleam|p1: Flutter Mane|[notarget]
|-fail|p2a: Miraidon
|
|-weather|none
|-heal|p2b: Calyrex|89/100|[from] item: Leftovers
|-sideend|p2: dinglustan|move: Light Screen
|upkeep
|
|t:|1750745743
|switch|p1b: Raging Bolt|Raging Bolt, L50|100/100
|switch|p1a: Groudon|Groudon, L50, shiny, tera:Fire|23/100
|-weather|SunnyDay|[from] ability: Drought|[of] p1a: Groudon
|-activate|p1b: Raging Bolt|ability: Protosynthesis
|-start|p1b: Raging Bolt|protosynthesisspa
|turn|9
|
|t:|1750745757
|move|p1b: Raging Bolt|Thunderclap|p2b: Calyrex
|-damage|p2b: Calyrex|34/100
|-damage|p1b: Raging Bolt|91/100|[from] item: Life Orb
|move|p2b: Calyrex|Glacial Lance|p1a: Groudon|[spread] p1a,p1b
|-resisted|p1a: Groudon
|-supereffective|p1b: Raging Bolt
|-damage|p1a: Groudon|0 fnt
|-damage|p1b: Raging Bolt|0 fnt
|faint|p1a: Groudon
|faint|p1b: Raging Bolt
|-end|p1b: Raging Bolt|Protosynthesis|[silent]
|
|win|dinglustan
|raw|Jameson Murray's rating: 1544 &rarr; <strong>1528</strong><br />(-16 for losing)
|raw|dinglustan's rating: 1610 &rarr; <strong>1626</strong><br />(+16 for winning)
|l| kakkarotxvj
|l|☆dinglustan
|player|p2|
