|j|☆khakis69
|j|☆Troutlegs
|t:|1750874258
|gametype|doubles
|player|p1|khakis69|byron|1419
|player|p2|Troutlegs|workerice|1395
|teamsize|p1|6
|teamsize|p2|6
|gen|9
|tier|[Gen 9] VGC 2025 Reg I
|rated|
|rule|Species Clause: Limit one of each Pokémon
|rule|Item Clause: Limit 1 of each item
|clearpoke
|poke|p1|Miraidon, L50|
|poke|p1|Incineroar, L50, M|
|poke|p1|Whimsicott, L50, M|
|poke|p1|Calyrex-Shadow, L50|
|poke|p1|Chien-Pao, L50|
|poke|p1|Chesnaught, L50, F|
|poke|p2|Raging Bolt, L50|
|poke|p2|Koraidon, L50|
|poke|p2|Sandy Shocks, L50|
|poke|p2|Calyrex-Shadow, L50|
|poke|p2|Ogerpon-Hearthflame, L50, F|
|poke|p2|Whimsicott, L50, F|
|teampreview|4
|inactive|Battle timer is ON: inactive players will automatically lose when time's up. (requested by Troutlegs)
|
|t:|1750874284
|start
|switch|p1a: Chien-Pao|Chien-Pao, L50|100/100
|switch|p1b: Miraidon|Miraidon, L50|100/100
|switch|p2a: Koraidon|Koraidon, L50|100/100
|switch|p2b: Sandy Shocks|Sandy Shocks, L50|100/100
|-fieldstart|move: Electric Terrain|[from] ability: Hadron Engine|[of] p1b: Miraidon
|-ability|p1a: Chien-Pao|Sword of Ruin
|-weather|SunnyDay|[from] ability: Orichalcum Pulse|[of] p2a: Koraidon
|-activate|p2b: Sandy Shocks|ability: Protosynthesis
|-start|p2b: Sandy Shocks|protosynthesisspe
|-activate|p2a: Koraidon|Orichalcum Pulse|[source]
|turn|1
|
|t:|1750874307
|move|p2a: Koraidon|Protect|p2a: Koraidon
|-singleturn|p2a: Koraidon|Protect
|move|p1b: Miraidon|Volt Switch|p2a: Koraidon
|-activate|p2a: Koraidon|move: Protect
|move|p2b: Sandy Shocks|Electroweb|p1a: Chien-Pao|[spread] p1b
|-miss|p2b: Sandy Shocks|p1a: Chien-Pao
|-resisted|p1b: Miraidon
|-damage|p1b: Miraidon|95/100
|-unboost|p1b: Miraidon|spe|1
|move|p1a: Chien-Pao|Ice Spinner|p2b: Sandy Shocks
|-supereffective|p2b: Sandy Shocks
|-damage|p2b: Sandy Shocks|0 fnt
|-fieldend|move: Electric Terrain
|faint|p2b: Sandy Shocks
|-end|p2b: Sandy Shocks|Protosynthesis|[silent]
|
|-weather|SunnyDay|[upkeep]
|upkeep
|
|t:|1750874322
|switch|p2b: Calyrex|Calyrex-Shadow, L50|100/100
|-ability|p2b: Calyrex|As One
|-ability|p2b: Calyrex|Unnerve
|turn|2
|
|t:|1750874345
|move|p1a: Chien-Pao|Sucker Punch|p2b: Calyrex
|-supereffective|p2b: Calyrex
|-enditem|p2b: Calyrex|Focus Sash
|-damage|p2b: Calyrex|1/100
|move|p2b: Calyrex|Astral Barrage|p1a: Chien-Pao|[spread] p1a,p1b
|-resisted|p1a: Chien-Pao
|-crit|p1a: Chien-Pao
|-damage|p1a: Chien-Pao|31/100
|-damage|p1b: Miraidon|49/100
|move|p2a: Koraidon|Close Combat|p1b: Miraidon
|-damage|p1b: Miraidon|0 fnt
|-unboost|p2a: Koraidon|def|1
|-unboost|p2a: Koraidon|spd|1
|faint|p1b: Miraidon
|
|-weather|SunnyDay|[upkeep]
|upkeep
|
|t:|1750874362
|switch|p1b: Calyrex|Calyrex-Shadow, L50|100/100
|-ability|p1b: Calyrex|As One
|-ability|p1b: Calyrex|Unnerve
|turn|3
|
|t:|1750874382
|move|p2a: Koraidon|Protect|p2a: Koraidon
|-singleturn|p2a: Koraidon|Protect
|move|p1a: Chien-Pao|Sucker Punch|p2b: Calyrex
|-supereffective|p2b: Calyrex
|-damage|p2b: Calyrex|0 fnt
|faint|p2b: Calyrex
|move|p1b: Calyrex|Psyshock|p2a: Koraidon
|-activate|p2a: Koraidon|move: Protect
|
|-weather|SunnyDay|[upkeep]
|upkeep
|
|t:|1750874388
|switch|p2b: Ogerpon|Ogerpon-Hearthflame, L50, F|100/100
|-ability|p2b: Ogerpon|Mold Breaker
|turn|4
|
|t:|1750874410
|-terastallize|p2b: Ogerpon|Fire
|detailschange|p2b: Ogerpon|Ogerpon-Hearthflame-Tera, L50, F, tera:Fire
|-ability|p2b: Ogerpon|Embody Aspect (Hearthflame)|boost
|-boost|p2b: Ogerpon|atk|1
|move|p2a: Koraidon|Protect|p2a: Koraidon
|-singleturn|p2a: Koraidon|Protect
|move|p1b: Calyrex|Astral Barrage|p2b: Ogerpon|[spread] p2b
|-activate|p2a: Koraidon|move: Protect
|-damage|p2b: Ogerpon|8/100
|-damage|p1b: Calyrex|91/100|[from] item: Life Orb
|move|p1a: Chien-Pao|Ice Spinner|p2a: Koraidon
|-activate|p2a: Koraidon|move: Protect
|move|p2b: Ogerpon|Ivy Cudgel|p1b: Calyrex|[anim] Ivy Cudgel Fire
|-damage|p1b: Calyrex|0 fnt
|faint|p1b: Calyrex
|
|-weather|SunnyDay|[upkeep]
|upkeep
|
|t:|1750874428
|switch|p1b: Incineroar|Incineroar, L50, M|100/100
|-ability|p1b: Incineroar|Intimidate|boost
|-fail|p2a: Koraidon|unboost|[from] item: Clear Amulet|[of] p2a: Koraidon
|-unboost|p2b: Ogerpon|atk|1
|turn|5
|
|t:|1750874450
|move|p2a: Koraidon|Protect||[still]
|-fail|p2a: Koraidon
|move|p2b: Ogerpon|Spiky Shield|p2b: Ogerpon
|-singleturn|p2b: Ogerpon|move: Protect
|move|p1b: Incineroar|Fake Out|p2b: Ogerpon
|-activate|p2b: Ogerpon|move: Protect
|-damage|p1b: Incineroar|88/100|[from] Spiky Shield|[of] p2b: Ogerpon
|move|p1a: Chien-Pao|Ice Spinner|p2a: Koraidon
|-supereffective|p2a: Koraidon
|-damage|p2a: Koraidon|0 fnt
|faint|p2a: Koraidon
|
|-weather|none
|upkeep
|turn|6
|-message|Troutlegs forfeited.
|
|win|khakis69
|raw|khakis69's rating: 1419 &rarr; <strong>1438</strong><br />(+19 for winning)
|raw|Troutlegs's rating: 1395 &rarr; <strong>1376</strong><br />(-19 for losing)
|l|☆Troutlegs
|player|p2|
|l|☆khakis69
|player|p1|
