|j|☆Shagrathisbeast
|j|☆sbld
|t:|1750731088
|gametype|doubles
|player|p1|Shagrathisbeast|steven|1546
|player|p2|sbld|265|1593
|teamsize|p1|6
|teamsize|p2|6
|gen|9
|tier|[Gen 9] VGC 2025 Reg I
|rated|
|rule|Species Clause: Limit one of each Pokémon
|rule|Item Clause: Limit 1 of each item
|clearpoke
|poke|p1|Groudon, L50|
|poke|p1|Farigiraf, L50, F|
|poke|p1|Miraidon, L50|
|poke|p1|Volcarona, L50, F|
|poke|p1|Iron Valiant, L50|
|poke|p1|Flutter Mane, L50|
|poke|p2|Calyrex-Ice, L50|
|poke|p2|Miraidon, L50|
|poke|p2|Grimmsnarl, L50, M|
|poke|p2|Urshifu-*, L50, M|
|poke|p2|Incineroar, L50, M|
|poke|p2|Landorus, L50, M|
|teampreview|4
|inactive|Battle timer is ON: inactive players will automatically lose when time's up. (requested by sbld)
|inactive|sbld has 60 seconds left.
|inactive|sbld has 30 seconds left.
|inactive|sbld has 20 seconds left.
|
|t:|1750731190
|start
|switch|p1a: Flutter Mane|Flutter Mane, L50, shiny|100/100
|switch|p1b: Groudon|Groudon, L50, shiny|100/100
|switch|p2a: Calyrex|Calyrex-Ice, L50|100/100
|switch|p2b: Grimmsnarl|Grimmsnarl, L50, M|100/100
|-ability|p2a: Calyrex|As One
|-ability|p2a: Calyrex|Unnerve
|-weather|SunnyDay|[from] ability: Drought|[of] p1b: Groudon
|-activate|p1a: Flutter Mane|ability: Protosynthesis
|-start|p1a: Flutter Mane|protosynthesisspe
|turn|1
|inactive|Shagrathisbeast has 30 seconds left.
|inactive|sbld has 30 seconds left.
|inactive|Shagrathisbeast has 20 seconds left.
|inactive|sbld has 20 seconds left.
|inactive|Shagrathisbeast has 15 seconds left.
|inactive|sbld has 15 seconds left.
|inactive|sbld has 10 seconds left.
|inactive|sbld has 5 seconds left.
|
|t:|1750731243
|-terastallize|p1b: Groudon|Water
|-terastallize|p2a: Calyrex|Water
|move|p2b: Grimmsnarl|Reflect|p2b: Grimmsnarl
|-sidestart|p2: sbld|Reflect
|move|p1a: Flutter Mane|Shadow Ball|p2a: Calyrex
|-damage|p2a: Calyrex|74/100
|move|p1b: Groudon|Precipice Blades|p2a: Calyrex|[spread] p2a,p2b
|-damage|p2a: Calyrex|53/100
|-damage|p2b: Grimmsnarl|67/100
|move|p2a: Calyrex|Glacial Lance|p1a: Flutter Mane|[spread] p1a,p1b
|-resisted|p1b: Groudon
|-enditem|p1a: Flutter Mane|Focus Sash
|-damage|p1a: Flutter Mane|1/100
|-damage|p1b: Groudon|82/100
|
|-weather|SunnyDay|[upkeep]
|-heal|p2a: Calyrex|59/100|[from] item: Leftovers
|upkeep
|turn|2
|inactive|Shagrathisbeast has 30 seconds left.
|inactive|sbld has 30 seconds left.
|inactive|Shagrathisbeast has 20 seconds left.
|inactive|Shagrathisbeast has 15 seconds left.
|inactive|Shagrathisbeast has 10 seconds left.
|inactive|sbld has 20 seconds left.
|
|t:|1750731293
|move|p2b: Grimmsnarl|Light Screen|p2b: Grimmsnarl
|-sidestart|p2: sbld|move: Light Screen
|move|p1a: Flutter Mane|Moonblast|p2a: Calyrex
|-damage|p2a: Calyrex|37/100
|move|p1b: Groudon|Precipice Blades|p2b: Grimmsnarl|[spread] p2a,p2b
|-crit|p2a: Calyrex
|-damage|p2a: Calyrex|0 fnt
|-damage|p2b: Grimmsnarl|33/100
|faint|p2a: Calyrex
|
|-weather|SunnyDay|[upkeep]
|upkeep
|
|t:|1750731315
|switch|p2a: Landorus|Landorus, L50, M|100/100
|turn|3
|
|t:|1750731329
|move|p1a: Flutter Mane|Protect|p1a: Flutter Mane
|-singleturn|p1a: Flutter Mane|Protect
|move|p2a: Landorus|Protect|p2a: Landorus
|-singleturn|p2a: Landorus|Protect
|move|p1b: Groudon|Heat Crash|p2b: Grimmsnarl
|-damage|p2b: Grimmsnarl|0 fnt
|faint|p2b: Grimmsnarl
|
|-weather|SunnyDay|[upkeep]
|upkeep
|
|t:|1750731335
|switch|p2b: Miraidon|Miraidon, L50|100/100
|-fieldstart|move: Electric Terrain|[from] ability: Hadron Engine|[of] p2b: Miraidon
|turn|4
|
|t:|1750731348
|move|p1a: Flutter Mane|Icy Wind|p2a: Landorus|[spread] p2a,p2b
|-supereffective|p2a: Landorus
|-supereffective|p2b: Miraidon
|-damage|p2a: Landorus|65/100
|-damage|p2b: Miraidon|87/100
|-unboost|p2a: Landorus|spe|1
|-unboost|p2b: Miraidon|spe|1
|move|p1b: Groudon|Heat Crash|p2a: Landorus
|-damage|p2a: Landorus|18/100
|move|p2b: Miraidon|Electro Drift|p1b: Groudon
|-supereffective|p1b: Groudon
|-damage|p1b: Groudon|0 fnt
|faint|p1b: Groudon
|move|p2a: Landorus|Earth Power|p1a: Flutter Mane
|-damage|p1a: Flutter Mane|0 fnt
|faint|p1a: Flutter Mane
|-end|p1a: Flutter Mane|Protosynthesis|[silent]
|
|-weather|SunnyDay|[upkeep]
|upkeep
|
|t:|1750731361
|switch|p1a: Iron Valiant|Iron Valiant, L50, shiny|100/100
|switch|p1b: Miraidon|Miraidon, L50|100/100
|-activate|p1b: Miraidon|ability: Hadron Engine
|-activate|p1a: Iron Valiant|ability: Quark Drive
|-start|p1a: Iron Valiant|quarkdrivespe
|turn|5
|
|t:|1750731368
|move|p1a: Iron Valiant|Spirit Break|p2b: Miraidon
|-supereffective|p2b: Miraidon
|-damage|p2b: Miraidon|54/100
|-unboost|p2b: Miraidon|spa|1
|move|p1b: Miraidon|Dazzling Gleam|p2b: Miraidon|[spread] p2a,p2b
|-supereffective|p2b: Miraidon
|-damage|p2a: Landorus|0 fnt
|-damage|p2b: Miraidon|11/100
|faint|p2a: Landorus
|move|p2b: Miraidon|Electro Drift|p1a: Iron Valiant
|-damage|p1a: Iron Valiant|0 fnt
|faint|p1a: Iron Valiant
|-end|p1a: Iron Valiant|Quark Drive|[silent]
|
|-weather|none
|upkeep
|turn|6
|
|t:|1750731377
|move|p1b: Miraidon|Dazzling Gleam|p2b: Miraidon
|-supereffective|p2b: Miraidon
|-damage|p2b: Miraidon|0 fnt
|faint|p2b: Miraidon
|
|win|Shagrathisbeast
|raw|Shagrathisbeast's rating: 1546 &rarr; <strong>1569</strong><br />(+23 for winning)
|raw|sbld's rating: 1593 &rarr; <strong>1570</strong><br />(-23 for losing)
|l|☆sbld
|player|p2|
|l|☆Shagrathisbeast
|player|p1|
