|j|☆Il Falco
|j|☆leolucks
|t:|1750849691
|gametype|doubles
|player|p1|Il Falco|cheren-masters|1413
|player|p2|leolucks|1|1366
|teamsize|p1|6
|teamsize|p2|6
|gen|9
|tier|[Gen 9] VGC 2025 Reg I
|rated|
|rule|Species Clause: Limit one of each Pokémon
|rule|Item Clause: Limit 1 of each item
|clearpoke
|poke|p1|Calyrex-Shadow, L50|
|poke|p1|Indeedee-F, L50, F|
|poke|p1|Zamazenta-*, L50|
|poke|p1|Ogerpon, L50, F|
|poke|p1|Rhydon, L50, M|
|poke|p1|Moltres-Galar, L50|
|poke|p2|Koraidon, L50|
|poke|p2|Scovillain, L50, F|
|poke|p2|Miraidon, L50|
|poke|p2|Chesnaught, L50, F|
|poke|p2|Clefairy, L50, F|
|poke|p2|Indeedee-F, L50, F|
|teampreview|4
|inactive|Battle timer is ON: inactive players will automatically lose when time's up. (requested by leolucks)
|
|t:|1750849746
|start
|switch|p1a: Calyrex|Calyrex-Shadow, L50|100/100
|switch|p1b: Moltres-Kanto|Moltres-Galar, L50, shiny|100/100
|switch|p2a: Koraidon|Koraidon, L50|100/100
|switch|p2b: Scovillain|Scovillain, L50, F|100/100
|-ability|p1a: Calyrex|As One
|-ability|p1a: Calyrex|Unnerve
|-weather|SunnyDay|[from] ability: Orichalcum Pulse|[of] p2a: Koraidon
|-activate|p2a: Koraidon|Orichalcum Pulse|[source]
|turn|1
|inactive|leolucks has 30 seconds left.
|inactive|leolucks has 20 seconds left.
|inactive|leolucks has 15 seconds left.
|inactive|leolucks has 10 seconds left.
|inactive|leolucks has 5 seconds left.
|
|t:|1750849798
|-terastallize|p2a: Koraidon|Fire
|move|p1a: Calyrex|Protect|p1a: Calyrex
|-singleturn|p1a: Calyrex|Protect
|move|p2b: Scovillain|Spicy Extract|p2a: Koraidon
|-fail|p2a: Koraidon|unboost|[from] item: Clear Amulet|[of] p2a: Koraidon
|-boost|p2a: Koraidon|atk|2
|move|p2a: Koraidon|Flame Charge|p1a: Calyrex
|-activate|p1a: Calyrex|move: Protect
|move|p1b: Moltres-Kanto|Tailwind|p1b: Moltres-Kanto
|-sidestart|p1: Il Falco|move: Tailwind
|
|-weather|SunnyDay|[upkeep]
|upkeep
|turn|2
|inactive|leolucks has 30 seconds left.
|
|t:|1750849823
|switch|p2b: Clefairy|Clefairy, L50, F|100/100
|move|p1a: Calyrex|Astral Barrage|p2a: Koraidon|[spread] p2a,p2b
|-damage|p2a: Koraidon|60/100
|-damage|p2b: Clefairy|53/100
|move|p1b: Moltres-Kanto|Fiery Wrath|p2b: Clefairy|[spread] p2a,p2b
|-resisted|p2b: Clefairy
|-damage|p2a: Koraidon|38/100
|-damage|p2b: Clefairy|38/100
|move|p2a: Koraidon|Flame Charge|p1a: Calyrex
|-enditem|p1a: Calyrex|Focus Sash
|-damage|p1a: Calyrex|1/100
|-boost|p2a: Koraidon|spe|1
|
|-weather|SunnyDay|[upkeep]
|upkeep
|turn|3
|inactive|Il Falco has 30 seconds left.
|
|t:|1750849850
|move|p2a: Koraidon|Protect|p2a: Koraidon
|-singleturn|p2a: Koraidon|Protect
|move|p1a: Calyrex|Astral Barrage|p2b: Clefairy|[spread] p2b
|-activate|p2a: Koraidon|move: Protect
|-damage|p2b: Clefairy|0 fnt
|faint|p2b: Clefairy
|-ability|p1a: Calyrex|Grim Neigh|boost
|-boost|p1a: Calyrex|spa|1
|move|p1b: Moltres-Kanto|Fiery Wrath|p2a: Koraidon
|-activate|p2a: Koraidon|move: Protect
|
|-weather|SunnyDay|[upkeep]
|upkeep
|
|t:|1750849869
|switch|p2b: Chesnaught|Chesnaught, L50, F|100/100
|turn|4
|
|t:|1750849886
|move|p2b: Chesnaught|Wide Guard|p2b: Chesnaught
|-singleturn|p2b: Chesnaught|Wide Guard
|move|p1a: Calyrex|Psychic|p2a: Koraidon
|-damage|p2a: Koraidon|0 fnt
|faint|p2a: Koraidon
|-ability|p1a: Calyrex|Grim Neigh|boost
|-boost|p1a: Calyrex|spa|1
|move|p1b: Moltres-Kanto|Air Slash|p2b: Chesnaught
|-supereffective|p2b: Chesnaught
|-damage|p2b: Chesnaught|0 fnt
|faint|p2b: Chesnaught
|
|-weather|SunnyDay|[upkeep]
|-sideend|p1: Il Falco|move: Tailwind
|upkeep
|
|t:|1750849895
|switch|p2a: Scovillain|Scovillain, L50, F|100/100
|turn|5
|-message|leolucks forfeited.
|
|win|Il Falco
|raw|Il Falco's rating: 1413 &rarr; <strong>1430</strong><br />(+17 for winning)
|raw|leolucks's rating: 1366 &rarr; <strong>1349</strong><br />(-17 for losing)
|l|☆leolucks
|player|p2|
|l|☆Il Falco
|player|p1|
