|j|☆Cdogp
|j|☆yaasuto
|t:|1750795452
|gametype|doubles
|player|p1|Cdogp|wattson|1674
|player|p2|yaasuto|hilbert|1602
|teamsize|p1|6
|teamsize|p2|6
|gen|9
|tier|[Gen 9] VGC 2025 Reg I
|rated|
|rule|Species Clause: Limit one of each Pokémon
|rule|Item Clause: Limit 1 of each item
|clearpoke
|poke|p1|Koraidon, L50|
|poke|p1|Calyrex-Ice, L50|
|poke|p1|Gothitelle, L50, F|
|poke|p1|Flutter Mane, L50|
|poke|p1|Incineroar, L50, F|
|poke|p1|Amoonguss, L50, F|
|poke|p2|Ho-Oh, L50|
|poke|p2|Eternatus, L50|
|poke|p2|Incineroar, L50, F|
|poke|p2|Rillaboom, L50, M|
|poke|p2|Toxapex, L50, M|
|poke|p2|Ting-Lu, L50|
|teampreview|4
|inactive|Battle timer is ON: inactive players will automatically lose when time's up. (requested by yaasuto)
|inactive|yaasuto has 60 seconds left.
|inactive|yaasuto has 30 seconds left.
|inactive|yaasuto has 20 seconds left.
|l|☆Cdogp
|inactive|Cdogp disconnected and has a minute to reconnect!
|player|p1|
|inactive|yaasuto has 15 seconds left.
|
|t:|1750795529
|start
|switch|p1a: Flutter Mane|Flutter Mane, L50|100/100
|switch|p1b: Incineroar|Incineroar, L50, F|100/100
|switch|p2a: Eternatus|Eternatus, L50|100/100
|switch|p2b: Incineroar|Incineroar, L50, F|100/100
|-ability|p2a: Eternatus|Pressure
|-ability|p2b: Incineroar|Intimidate|boost
|-unboost|p1a: Flutter Mane|atk|1
|-unboost|p1b: Incineroar|atk|1
|-ability|p1b: Incineroar|Intimidate|boost
|-unboost|p2a: Eternatus|atk|1
|-unboost|p2b: Incineroar|atk|1
|turn|1
|j|☆Cdogp
|inactive|Cdogp reconnected and has 50 seconds left.
|player|p1|Cdogp|wattson|
|
|t:|1750795542
|move|p1a: Flutter Mane|Protect|p1a: Flutter Mane
|-singleturn|p1a: Flutter Mane|Protect
|move|p2a: Eternatus|Protect|p2a: Eternatus
|-singleturn|p2a: Eternatus|Protect
|move|p2b: Incineroar|Parting Shot|p1a: Flutter Mane
|-activate|p1a: Flutter Mane|move: Protect
|move|p1b: Incineroar|Parting Shot|p2b: Incineroar
|-unboost|p2b: Incineroar|atk|1
|-unboost|p2b: Incineroar|spa|1
|
|t:|1750795548
|switch|p1b: Gothitelle|Gothitelle, L50, F|100/100|[from] Parting Shot
|
|upkeep
|turn|2
|inactive|yaasuto has 30 seconds left.
|inactive|yaasuto has 20 seconds left.
|
|t:|1750795586
|move|p1b: Gothitelle|Fake Out|p2b: Incineroar
|-damage|p2b: Incineroar|97/100
|move|p1a: Flutter Mane|Perish Song|p1a: Flutter Mane
|-start|p1a: Flutter Mane|perish3|[silent]
|-start|p1b: Gothitelle|perish3|[silent]
|-start|p2a: Eternatus|perish3|[silent]
|-start|p2b: Incineroar|perish3|[silent]
|-fieldactivate|move: Perish Song
|move|p2a: Eternatus|Toxic|p1b: Gothitelle
|-status|p1b: Gothitelle|tox
|cant|p2b: Incineroar|flinch
|
|-damage|p1b: Gothitelle|94/100 tox|[from] psn
|-start|p1a: Flutter Mane|perish3
|-start|p2a: Eternatus|perish3
|-start|p2b: Incineroar|perish3
|-start|p1b: Gothitelle|perish3
|upkeep
|turn|3
|
|t:|1750795601
|-end|p1a: Flutter Mane|Protosynthesis|[silent]
|switch|p1a: Incineroar|Incineroar, L50, F|100/100
|-ability|p1a: Incineroar|Intimidate|boost
|-unboost|p2a: Eternatus|atk|1
|-unboost|p2b: Incineroar|atk|1
|move|p1b: Gothitelle|Protect|p1b: Gothitelle
|-singleturn|p1b: Gothitelle|Protect
|move|p2a: Eternatus|Toxic|p1a: Incineroar
|-status|p1a: Incineroar|tox
|move|p2b: Incineroar|Roar|p2a: Eternatus
|drag|p2a: Ho-Oh|Ho-Oh, L50|100/100
|
|-heal|p1b: Gothitelle|100/100 tox|[from] item: Leftovers
|-damage|p1b: Gothitelle|88/100 tox|[from] psn
|-damage|p1a: Incineroar|95/100 tox|[from] psn
|-start|p2b: Incineroar|perish2
|-start|p1b: Gothitelle|perish2
|upkeep
|turn|4
|
|t:|1750795624
|move|p1a: Incineroar|Fake Out|p2b: Incineroar
|-damage|p2b: Incineroar|87/100
|move|p2a: Ho-Oh|Brave Bird|p1b: Gothitelle
|-damage|p1b: Gothitelle|44/100 tox
|-damage|p2a: Ho-Oh|88/100|[from] Recoil
|cant|p2b: Incineroar|flinch
|move|p1b: Gothitelle|Taunt|p2b: Incineroar
|-start|p2b: Incineroar|move: Taunt
|
|-heal|p1b: Gothitelle|50/100 tox|[from] item: Leftovers
|-damage|p1b: Gothitelle|32/100 tox|[from] psn
|-damage|p1a: Incineroar|83/100 tox|[from] psn
|-start|p2b: Incineroar|perish1
|-start|p1b: Gothitelle|perish1
|upkeep
|turn|5
|
|t:|1750795643
|switch|p1b: Amoonguss|Amoonguss, L50, F|100/100
|move|p2a: Ho-Oh|Brave Bird|p1b: Amoonguss
|-supereffective|p1b: Amoonguss
|-damage|p1b: Amoonguss|12/100
|-damage|p2a: Ho-Oh|58/100|[from] Recoil
|-enditem|p1b: Amoonguss|Eject Button
|
|t:|1750795649
|switch|p1b: Flutter Mane|Flutter Mane, L50|100/100
|move|p2b: Incineroar|Knock Off|p1a: Incineroar
|-resisted|p1a: Incineroar
|-damage|p1a: Incineroar|77/100 tox
|-enditem|p1a: Incineroar|Safety Goggles|[from] move: Knock Off|[of] p2b: Incineroar
|move|p1a: Incineroar|Parting Shot|p2a: Ho-Oh
|-unboost|p2a: Ho-Oh|atk|1
|-unboost|p2a: Ho-Oh|spa|1
|
|t:|1750795654
|switch|p1a: Amoonguss|Amoonguss, L50, F|45/100|[from] Parting Shot
|
|-start|p2b: Incineroar|perish0
|upkeep
|faint|p2b: Incineroar
|
|t:|1750795664
|switch|p2b: Eternatus|Eternatus, L50|100/100
|-ability|p2b: Eternatus|Pressure
|turn|6
|
|t:|1750795677
|move|p1a: Amoonguss|Rage Powder|p1a: Amoonguss
|-singleturn|p1a: Amoonguss|move: Rage Powder
|move|p1b: Flutter Mane|Perish Song|p1b: Flutter Mane
|-start|p1a: Amoonguss|perish3|[silent]
|-start|p1b: Flutter Mane|perish3|[silent]
|-start|p2a: Ho-Oh|perish3|[silent]
|-start|p2b: Eternatus|perish3|[silent]
|-fieldactivate|move: Perish Song
|move|p2b: Eternatus|Dynamax Cannon|p1a: Amoonguss
|-damage|p1a: Amoonguss|4/100
|move|p2a: Ho-Oh|Sacred Fire|p1a: Amoonguss
|-supereffective|p1a: Amoonguss
|-damage|p1a: Amoonguss|0 fnt
|faint|p1a: Amoonguss
|
|-start|p1b: Flutter Mane|perish3
|-start|p2b: Eternatus|perish3
|-start|p2a: Ho-Oh|perish3
|upkeep
|
|t:|1750795685
|switch|p1a: Gothitelle|Gothitelle, L50, F|32/100 tox
|turn|7
|
|t:|1750795699
|-end|p1b: Flutter Mane|Protosynthesis|[silent]
|switch|p1b: Incineroar|Incineroar, L50, F|77/100 tox
|-ability|p1b: Incineroar|Intimidate|boost
|-unboost|p2a: Ho-Oh|atk|1
|-unboost|p2b: Eternatus|atk|1
|move|p1a: Gothitelle|Protect|p1a: Gothitelle
|-singleturn|p1a: Gothitelle|Protect
|move|p2b: Eternatus|Dynamax Cannon|p1a: Gothitelle
|-activate|p1a: Gothitelle|move: Protect
|move|p2a: Ho-Oh|Brave Bird|p1a: Gothitelle
|-activate|p1a: Gothitelle|move: Protect
|
|-heal|p1a: Gothitelle|38/100 tox|[from] item: Leftovers
|-damage|p1a: Gothitelle|32/100 tox|[from] psn
|-damage|p1b: Incineroar|71/100 tox|[from] psn
|-start|p2b: Eternatus|perish2
|-start|p2a: Ho-Oh|perish2
|upkeep
|turn|8
|
|t:|1750795711
|switch|p1a: Flutter Mane|Flutter Mane, L50|100/100
|move|p2b: Eternatus|Dynamax Cannon|p1a: Flutter Mane
|-immune|p1a: Flutter Mane
|move|p2a: Ho-Oh|Brave Bird|p1a: Flutter Mane
|-crit|p1a: Flutter Mane
|-enditem|p1a: Flutter Mane|Focus Sash
|-damage|p1a: Flutter Mane|1/100
|-damage|p2a: Ho-Oh|38/100|[from] Recoil
|move|p1b: Incineroar|Parting Shot|p1a: Flutter Mane
|-unboost|p1a: Flutter Mane|atk|1
|-unboost|p1a: Flutter Mane|spa|1
|
|t:|1750795714
|switch|p1b: Gothitelle|Gothitelle, L50, F|32/100 tox|[from] Parting Shot
|
|-heal|p1b: Gothitelle|38/100 tox|[from] item: Leftovers
|-damage|p1b: Gothitelle|32/100 tox|[from] psn
|-start|p2b: Eternatus|perish1
|-start|p2a: Ho-Oh|perish1
|upkeep
|turn|9
|inactive|yaasuto has 30 seconds left.
|
|t:|1750795740
|switch|p1b: Incineroar|Incineroar, L50, F|71/100 tox
|-ability|p1b: Incineroar|Intimidate|boost
|-unboost|p2a: Ho-Oh|atk|1
|-unboost|p2b: Eternatus|atk|1
|move|p1a: Flutter Mane|Protect|p1a: Flutter Mane
|-singleturn|p1a: Flutter Mane|Protect
|move|p2b: Eternatus|Toxic|p1a: Flutter Mane
|-activate|p1a: Flutter Mane|move: Protect
|move|p2a: Ho-Oh|Brave Bird|p1b: Incineroar
|-crit|p1b: Incineroar
|-damage|p1b: Incineroar|5/100 tox
|-damage|p2a: Ho-Oh|17/100|[from] Recoil
|
|-damage|p1b: Incineroar|0 fnt|[from] psn
|faint|p1b: Incineroar
|-start|p2b: Eternatus|perish0
|-start|p2a: Ho-Oh|perish0
|faint|p2b: Eternatus
|faint|p2a: Ho-Oh
|upkeep
|
|t:|1750795757
|switch|p2b: Toxapex|Toxapex, L50, M|100/100
|switch|p1b: Gothitelle|Gothitelle, L50, F|32/100 tox
|turn|10
|
|t:|1750795762
|move|p1a: Flutter Mane|Shadow Ball|p2b: Toxapex
|-damage|p2b: Toxapex|76/100
|move|p1b: Gothitelle|Psychic|p2b: Toxapex
|-supereffective|p2b: Toxapex
|-damage|p2b: Toxapex|22/100
|move|p2b: Toxapex|Toxic|p1a: Flutter Mane
|-status|p1a: Flutter Mane|tox
|
|-heal|p1b: Gothitelle|38/100 tox|[from] item: Leftovers
|-damage|p1a: Flutter Mane|0 fnt|[from] psn
|faint|p1a: Flutter Mane
|-end|p1a: Flutter Mane|Protosynthesis|[silent]
|-damage|p1b: Gothitelle|32/100 tox|[from] psn
|upkeep
|turn|11
|
|t:|1750795777
|move|p2b: Toxapex|Baneful Bunker|p2b: Toxapex
|-singleturn|p2b: Toxapex|move: Protect
|move|p1b: Gothitelle|Psychic|p2b: Toxapex
|-activate|p2b: Toxapex|move: Protect
|
|-heal|p1b: Gothitelle|38/100 tox|[from] item: Leftovers
|-damage|p1b: Gothitelle|25/100 tox|[from] psn
|upkeep
|turn|12
|
|t:|1750795785
|-terastallize|p2b: Toxapex|Grass
|move|p1b: Gothitelle|Psychic|p2b: Toxapex
|-damage|p2b: Toxapex|0 fnt
|faint|p2b: Toxapex
|
|win|Cdogp
|raw|Cdogp's rating: 1674 &rarr; <strong>1690</strong><br />(+16 for winning)
|raw|yaasuto's rating: 1602 &rarr; <strong>1586</strong><br />(-16 for losing)
|l|☆yaasuto
|player|p2|
|l|☆Cdogp
|player|p1|
