|j|☆sturbyy
|j|☆Dyh123
|t:|1750858377
|gametype|doubles
|player|p1|sturbyy|2|1627
|player|p2|Dyh123|rosa|1756
|teamsize|p1|6
|teamsize|p2|6
|gen|9
|tier|[Gen 9] VGC 2025 Reg I
|rated|
|rule|Species Clause: Limit one of each Pokémon
|rule|Item Clause: Limit 1 of each item
|clearpoke
|poke|p1|Miraidon, L50|
|poke|p1|Calyrex-Ice, L50|
|poke|p1|Incineroar, L50, M|
|poke|p1|Landorus, L50, M|
|poke|p1|Urshifu-*, L50, F|
|poke|p1|Farigiraf, L50, F|
|poke|p2|Lunala, L50|
|poke|p2|Miraidon, L50|
|poke|p2|Incineroar, L50, M|
|poke|p2|Ursaluna, L50, M|
|poke|p2|Grimmsnarl, L50, M|
|poke|p2|Urshifu-*, L50, M|
|teampreview|4
|inactive|Battle timer is ON: inactive players will automatically lose when time's up. (requested by Dyh123)
|
|t:|1750858402
|start
|switch|p1a: Calyrex|Calyrex-Ice, L50|100/100
|switch|p1b: Miraidon|Miraidon, L50|100/100
|switch|p2a: Lunala|Lunala, L50, shiny|100/100
|switch|p2b: Miraidon|Miraidon, L50|100/100
|-ability|p1a: Calyrex|As One
|-ability|p1a: Calyrex|Unnerve
|-fieldstart|move: Electric Terrain|[from] ability: Hadron Engine|[of] p1b: Miraidon
|-activate|p2b: Miraidon|ability: Hadron Engine
|turn|1
|inactive|Dyh123 has 30 seconds left.
|
|t:|1750858427
|move|p1a: Calyrex|Protect|p1a: Calyrex
|-singleturn|p1a: Calyrex|Protect
|move|p1b: Miraidon|Volt Switch|p2a: Lunala
|-damage|p2a: Lunala|68/100
|j| p1gger
|
|t:|1750858433
|switch|p1b: Incineroar|Incineroar, L50, M|100/100|[from] Volt Switch
|-ability|p1b: Incineroar|Intimidate|boost
|-unboost|p2a: Lunala|atk|1
|-unboost|p2b: Miraidon|atk|1
|move|p2b: Miraidon|Electro Drift|p1a: Calyrex
|-activate|p1a: Calyrex|move: Protect
|move|p2a: Lunala|Moongeist Beam|p1a: Calyrex
|-activate|p1a: Calyrex|move: Protect
|
|-heal|p2a: Lunala|74/100|[from] item: Leftovers
|upkeep
|turn|2
|
|t:|1750858456
|move|p2a: Lunala|Wide Guard|p2a: Lunala
|-singleturn|p2a: Lunala|Wide Guard
|move|p1b: Incineroar|Fake Out|p2b: Miraidon
|-damage|p2b: Miraidon|90/100
|cant|p2b: Miraidon|flinch
|move|p1a: Calyrex|Leech Seed|p2b: Miraidon
|-start|p2b: Miraidon|move: Leech Seed
|
|-heal|p2a: Lunala|80/100|[from] item: Leftovers
|-damage|p2b: Miraidon|77/100|[from] Leech Seed|[of] p1a: Calyrex
|upkeep
|turn|3
|inactive|Dyh123 has 30 seconds left.
|
|t:|1750858485
|move|p1a: Calyrex|Protect|p1a: Calyrex
|-singleturn|p1a: Calyrex|Protect
|move|p2a: Lunala|Wide Guard|p2a: Lunala
|-singleturn|p2a: Lunala|Wide Guard
|move|p2b: Miraidon|Electro Drift|p1b: Incineroar
|-damage|p1b: Incineroar|14/100
|move|p1b: Incineroar|U-turn|p2a: Lunala
|-damage|p2a: Lunala|62/100
|l| p1gger
|
|t:|1750858501
|switch|p1b: Miraidon|Miraidon, L50|100/100|[from] U-turn
|-activate|p1b: Miraidon|ability: Hadron Engine
|
|-heal|p2a: Lunala|68/100|[from] item: Leftovers
|-damage|p2b: Miraidon|65/100|[from] Leech Seed|[of] p1a: Calyrex
|upkeep
|turn|4
|
|t:|1750858512
|switch|p2a: Ursaluna|Ursaluna, L50, M, shiny|100/100
|-terastallize|p2b: Miraidon|Electric
|move|p1b: Miraidon|Electro Drift|p2a: Ursaluna
|-immune|p2a: Ursaluna
|move|p2b: Miraidon|Electro Drift|p1a: Calyrex
|-damage|p1a: Calyrex|0 fnt
|faint|p1a: Calyrex
|
|-status|p2a: Ursaluna|brn|[from] item: Flame Orb
|upkeep
|
|t:|1750858517
|switch|p1a: Urshifu|Urshifu-Rapid-Strike, L50, F|100/100
|turn|5
|inactive|Dyh123 has 30 seconds left.
|
|t:|1750858545
|switch|p1b: Incineroar|Incineroar, L50, M|14/100
|-ability|p1b: Incineroar|Intimidate|boost
|-unboost|p2a: Ursaluna|atk|1
|-unboost|p2b: Miraidon|atk|1
|-terastallize|p1a: Urshifu|Water
|move|p1a: Urshifu|Surging Strikes|p2b: Miraidon
|-crit|p2b: Miraidon
|-damage|p2b: Miraidon|39/100
|-crit|p2b: Miraidon
|-damage|p2b: Miraidon|17/100
|-crit|p2b: Miraidon
|-damage|p2b: Miraidon|0 fnt
|faint|p2b: Miraidon
|-hitcount|p2: Miraidon|3
|move|p2a: Ursaluna|Facade|p1b: Incineroar
|-crit|p1b: Incineroar
|-damage|p1b: Incineroar|0 fnt
|faint|p1b: Incineroar
|
|-damage|p2a: Ursaluna|95/100 brn|[from] brn
|-fieldend|move: Electric Terrain
|upkeep
|
|t:|1750858564
|switch|p2b: Incineroar|Incineroar, L50, M, shiny|100/100
|switch|p1b: Miraidon|Miraidon, L50|100/100
|-fieldstart|move: Electric Terrain|[from] ability: Hadron Engine|[of] p1b: Miraidon
|-ability|p2b: Incineroar|Intimidate|boost
|-unboost|p1a: Urshifu|atk|1
|-unboost|p1b: Miraidon|atk|1
|turn|6
|inactive|Dyh123 has 30 seconds left.
|
|t:|1750858590
|move|p2b: Incineroar|Fake Out|p1b: Miraidon
|-damage|p1b: Miraidon|90/100
|move|p1a: Urshifu|Surging Strikes|p2a: Ursaluna
|-supereffective|p2a: Ursaluna
|-crit|p2a: Ursaluna
|-damage|p2a: Ursaluna|49/100 brn
|-supereffective|p2a: Ursaluna
|-crit|p2a: Ursaluna
|-damage|p2a: Ursaluna|7/100 brn
|-supereffective|p2a: Ursaluna
|-crit|p2a: Ursaluna
|-damage|p2a: Ursaluna|0 fnt
|faint|p2a: Ursaluna
|-hitcount|p2: Ursaluna|3
|cant|p1b: Miraidon|flinch
|
|upkeep
|-message|Dyh123 forfeited.
|
|win|sturbyy
|raw|sturbyy's rating: 1627 &rarr; <strong>1654</strong><br />(+27 for winning)
|raw|Dyh123's rating: 1756 &rarr; <strong>1729</strong><br />(-27 for losing)
|l|☆Dyh123
|player|p2|
|c|☆sturbyy|Gg
