|j|☆ness#1glazer
|j|☆lazysmokingdino
|t:|1750795541
|gametype|doubles
|player|p1|ness#1glazer|n|1167
|player|p2|lazysmokingdino|blackbelt-gen4dp|1113
|teamsize|p1|6
|teamsize|p2|6
|gen|9
|tier|[Gen 9] VGC 2025 Reg I
|rated|
|rule|Species Clause: Limit one of each Pokémon
|rule|Item Clause: Limit 1 of each item
|clearpoke
|poke|p1|Rillaboom, L50, F|
|poke|p1|Calyrex-Shadow, L50|
|poke|p1|Zamazenta-*, L50|
|poke|p1|Incineroar, L50, M|
|poke|p1|Raging Bolt, L50|
|poke|p1|Indeedee-F, L50, F|
|poke|p2|Tornadus, L50, M|
|poke|p2|Urshifu-*, L50, M|
|poke|p2|Incineroar, L50, M|
|poke|p2|Miraidon, L50|
|poke|p2|Amoonguss, L50, M|
|poke|p2|Kyogre, L50|
|teampreview|4
ness#1glazer rejected open team sheets.
|inactive|Battle timer is ON: inactive players will automatically lose when time's up. (requested by ness#1glazer)
|
|t:|1750795583
|start
|switch|p1a: Calyrex|Calyrex-Shadow, L50|100/100
|switch|p1b: Zamazenta|Zamazenta-Crowned, L50|100/100
|switch|p2a: Tornadus|Tornadus, L50, M|100/100
|switch|p2b: Incineroar|Incineroar, L50, M|100/100
|-ability|p1a: Calyrex|As One
|-ability|p1a: Calyrex|Unnerve
|-ability|p1b: Zamazenta|Dauntless Shield|boost
|-boost|p1b: Zamazenta|def|1
|-ability|p2b: Incineroar|Intimidate|boost
|-unboost|p1a: Calyrex|atk|1
|-unboost|p1b: Zamazenta|atk|1
|turn|1
|inactive|ness#1glazer has 30 seconds left.
|inactive|lazysmokingdino has 30 seconds left.
|
|t:|1750795610
|move|p2a: Tornadus|Tailwind|p2a: Tornadus
|-sidestart|p2: lazysmokingdino|move: Tailwind
|move|p1a: Calyrex|Astral Barrage|p2a: Tornadus|[spread] p2a,p2b
|-resisted|p2b: Incineroar
|-damage|p2a: Tornadus|47/100
|-damage|p2b: Incineroar|71/100
|move|p2b: Incineroar|Knock Off|p1a: Calyrex
|-supereffective|p1a: Calyrex
|-enditem|p1a: Calyrex|Focus Sash
|-damage|p1a: Calyrex|1/100
|move|p1b: Zamazenta|Iron Defense|p1b: Zamazenta
|-boost|p1b: Zamazenta|def|2
|
|upkeep
|turn|2
|inactive|ness#1glazer has 30 seconds left.
|
|t:|1750795640
|move|p1a: Calyrex|Protect|p1a: Calyrex
|-singleturn|p1a: Calyrex|Protect
|move|p2a: Tornadus|Bleakwind Storm|p1b: Zamazenta|[spread] p1b
|-activate|p1a: Calyrex|move: Protect
|-damage|p1b: Zamazenta|79/100
|move|p2b: Incineroar|Will-O-Wisp|p1b: Zamazenta
|-status|p1b: Zamazenta|brn
|move|p1b: Zamazenta|Body Press|p2b: Incineroar
|-supereffective|p2b: Incineroar
|-damage|p2b: Incineroar|0 fnt
|faint|p2b: Incineroar
|
|-damage|p1b: Zamazenta|73/100 brn|[from] brn
|upkeep
|
|t:|1750795655
|switch|p2b: Miraidon|Miraidon, L50|100/100
|-fieldstart|move: Electric Terrain|[from] ability: Hadron Engine|[of] p2b: Miraidon
|-enditem|p2b: Miraidon|Electric Seed
|-boost|p2b: Miraidon|def|1|[from] item: Electric Seed
|turn|3
|
|t:|1750795671
|move|p2b: Miraidon|Electro Drift|p1b: Zamazenta
|-damage|p1b: Zamazenta|6/100 brn
|move|p2a: Tornadus|Bleakwind Storm|p1b: Zamazenta|[spread] p1a
|-miss|p2a: Tornadus|p1b: Zamazenta
|-damage|p1a: Calyrex|0 fnt
|faint|p1a: Calyrex
|move|p1b: Zamazenta|Body Press|p2b: Miraidon
|-damage|p2b: Miraidon|62/100
|
|-damage|p1b: Zamazenta|0 fnt|[from] brn
|faint|p1b: Zamazenta
|upkeep
|
|t:|1750795682
|switch|p1a: Raging Bolt|Raging Bolt, L50|100/100
|switch|p1b: Indeedee|Indeedee-F, L50, F|100/100
|-fieldstart|move: Psychic Terrain|[from] ability: Psychic Surge|[of] p1b: Indeedee
|-enditem|p1a: Raging Bolt|Booster Energy
|-activate|p1a: Raging Bolt|ability: Protosynthesis|[fromitem]
|-start|p1a: Raging Bolt|protosynthesisspa
|turn|4
|
|t:|1750795707
|move|p2a: Tornadus|Protect|p2a: Tornadus
|-singleturn|p2a: Tornadus|Protect
|move|p2b: Miraidon|Dazzling Gleam|p1b: Indeedee|[spread] p1a,p1b
|-supereffective|p1a: Raging Bolt
|-damage|p1a: Raging Bolt|67/100
|-damage|p1b: Indeedee|83/100
|move|p1a: Raging Bolt|Thunderbolt|p2a: Tornadus
|-activate|p2a: Tornadus|move: Protect
|move|p1b: Indeedee|Trick Room|p1b: Indeedee
|-fieldstart|move: Trick Room|[of] p1b: Indeedee
|
|-sideend|p2: lazysmokingdino|move: Tailwind
|upkeep
|turn|5
|inactive|lazysmokingdino has 30 seconds left.
|inactive|lazysmokingdino has 20 seconds left.
|
|t:|1750795744
|-terastallize|p1a: Raging Bolt|Electric
|move|p1b: Indeedee|Helping Hand|p1a: Raging Bolt
|-singleturn|p1a: Raging Bolt|Helping Hand|[of] p1b: Indeedee
|move|p2a: Tornadus|Rain Dance|p2a: Tornadus
|-weather|RainDance
|move|p1a: Raging Bolt|Dragon Pulse|p2b: Miraidon
|-supereffective|p2b: Miraidon
|-damage|p2b: Miraidon|0 fnt
|faint|p2b: Miraidon
|
|-weather|RainDance|[upkeep]
|upkeep
|
|t:|1750795753
|switch|p2b: Urshifu|Urshifu-Rapid-Strike, L50, M|100/100
|turn|6
|
|t:|1750795772
|-terastallize|p2b: Urshifu|Water
|move|p1b: Indeedee|Helping Hand|p1a: Raging Bolt
|-singleturn|p1a: Raging Bolt|Helping Hand|[of] p1b: Indeedee
|move|p2b: Urshifu|Aqua Jet|p1a: Raging Bolt
|-activate|p1a: Raging Bolt|move: Psychic Terrain
|move|p1a: Raging Bolt|Thunderbolt|p2b: Urshifu
|-supereffective|p2b: Urshifu
|-damage|p2b: Urshifu|0 fnt
|faint|p2b: Urshifu
|move|p2a: Tornadus|Bleakwind Storm|p1b: Indeedee|[spread] p1a,p1b
|-resisted|p1a: Raging Bolt
|-damage|p1a: Raging Bolt|55/100
|-damage|p1b: Indeedee|61/100
|
|-weather|RainDance|[upkeep]
|upkeep
|turn|7
|-message|lazysmokingdino forfeited.
|
|win|ness#1glazer
|raw|ness#1glazer's rating: 1167 &rarr; <strong>1188</strong><br />(+21 for winning)
|raw|lazysmokingdino's rating: 1113 &rarr; <strong>1092</strong><br />(-21 for losing)
|l|☆lazysmokingdino
|player|p2|
