|j|☆Blueyamadafr
|j|☆sceptileROCK
|t:|1750830424
|gametype|doubles
|player|p1|Blueyamadafr|will|1292
|player|p2|sceptileROCK|pokemonbreeder-gen4|1202
|teamsize|p1|6
|teamsize|p2|6
|gen|9
|tier|[Gen 9] VGC 2025 Reg I
|rated|
|rule|Species Clause: Limit one of each Pokémon
|rule|Item Clause: Limit 1 of each item
|clearpoke
|poke|p1|Incineroar, L50, M|
|poke|p1|Tornadus, L50, M|
|poke|p1|Rillaboom, L50, F|
|poke|p1|Zacian-*, L50|
|poke|p1|Kyogre, L50|
|poke|p1|Ogerpon-Cornerstone, L50, F|
|poke|p2|Koraidon, L50|
|poke|p2|Calyrex-Shadow, L50|
|poke|p2|Rillaboom, L50, M|
|poke|p2|Chi-Yu, L50|
|poke|p2|Amoonguss, L50, M|
|poke|p2|Hariyama, L50, M|
|teampreview|4
|inactive|Battle timer is ON: inactive players will automatically lose when time's up. (requested by Blueyamadafr)
|inactive|sceptileROCK has 60 seconds left.
|
|t:|1750830459
|start
|switch|p1a: Tornadus|Tornadus, L50, M|100/100
|switch|p1b: Zacian|Zacian-Crowned, L50|100/100
|switch|p2a: Calyrex|Calyrex-Shadow, L50|100/100
|switch|p2b: Hariyama|Hariyama, L50, M, shiny|100/100
|-ability|p2a: Calyrex|As One
|-ability|p2a: Calyrex|Unnerve
|-ability|p1b: Zacian|Intrepid Sword|boost
|-boost|p1b: Zacian|atk|1
|turn|1
|inactive|sceptileROCK has 30 seconds left.
|
|t:|1750830485
|move|p1b: Zacian|Protect|p1b: Zacian
|-singleturn|p1b: Zacian|Protect
|move|p2b: Hariyama|Fake Out|p1a: Tornadus
|-damage|p1a: Tornadus|82/100
|move|p1a: Tornadus|Tailwind|p1a: Tornadus
|-sidestart|p1: Blueyamadafr|move: Tailwind
|move|p2a: Calyrex|Nasty Plot|p2a: Calyrex
|-boost|p2a: Calyrex|spa|2
|
|upkeep
|turn|2
|
|t:|1750830503
|-terastallize|p2a: Calyrex|Ghost
|move|p2b: Hariyama|Wide Guard|p2b: Hariyama
|-singleturn|p2b: Hariyama|Wide Guard
|move|p1b: Zacian|Behemoth Blade|p2a: Calyrex
|-enditem|p2a: Calyrex|Focus Sash
|-damage|p2a: Calyrex|1/100
|move|p1a: Tornadus|Bleakwind Storm|p2a: Calyrex|[spread] 
|-activate|p2a: Calyrex|move: Wide Guard
|-activate|p2b: Hariyama|move: Wide Guard
|move|p2a: Calyrex|Astral Barrage|p1a: Tornadus|[spread] p1a,p1b
|-damage|p1a: Tornadus|0 fnt
|-damage|p1b: Zacian|0 fnt
|faint|p1a: Tornadus
|faint|p1b: Zacian
|-ability|p2a: Calyrex|Grim Neigh|boost
|-boost|p2a: Calyrex|spa|2
|
|upkeep
|
|t:|1750830520
|switch|p1b: Kyogre|Kyogre, L50|100/100
|switch|p1a: Incineroar|Incineroar, L50, M|100/100
|-weather|RainDance|[from] ability: Drizzle|[of] p1b: Kyogre
|-ability|p1a: Incineroar|Intimidate|boost
|-unboost|p2a: Calyrex|atk|1
|-unboost|p2b: Hariyama|atk|1
|turn|3
|inactive|sceptileROCK has 30 seconds left.
|
|t:|1750830552
|switch|p2b: Koraidon|Koraidon, L50|100/100
|-weather|SunnyDay|[from] ability: Orichalcum Pulse|[of] p2b: Koraidon
|-activate|p2b: Koraidon|Orichalcum Pulse|[source]
|move|p2a: Calyrex|Protect|p2a: Calyrex
|-singleturn|p2a: Calyrex|Protect
|move|p1a: Incineroar|Fake Out|p2b: Koraidon
|-damage|p2b: Koraidon|92/100
|move|p1b: Kyogre|Ice Beam|p2a: Calyrex
|-activate|p2a: Calyrex|move: Protect
|
|-weather|SunnyDay|[upkeep]
|upkeep
|turn|4
|inactive|sceptileROCK has 30 seconds left.
|inactive|sceptileROCK has 20 seconds left.
|
|t:|1750830592
|-terastallize|p1a: Incineroar|Ghost
|move|p1b: Kyogre|Ice Beam|p2a: Calyrex
|-damage|p2a: Calyrex|0 fnt
|faint|p2a: Calyrex
|move|p2b: Koraidon|Collision Course|p1a: Incineroar
|-immune|p1a: Incineroar
|move|p1a: Incineroar|Will-O-Wisp|p2b: Koraidon
|-status|p2b: Koraidon|brn
|
|-weather|SunnyDay|[upkeep]
|-damage|p2b: Koraidon|86/100 brn|[from] brn
|-sideend|p1: Blueyamadafr|move: Tailwind
|upkeep
|
|t:|1750830606
|switch|p2a: Rillaboom|Rillaboom, L50, M, shiny|100/100
|-fieldstart|move: Grassy Terrain|[from] ability: Grassy Surge|[of] p2a: Rillaboom
|turn|5
|
|t:|1750830623
|move|p1b: Kyogre|Protect|p1b: Kyogre
|-singleturn|p1b: Kyogre|Protect
|move|p2a: Rillaboom|Grassy Glide|p1b: Kyogre
|-activate|p1b: Kyogre|move: Protect
|move|p2b: Koraidon|Flare Blitz|p1a: Incineroar
|-damage|p1a: Incineroar|57/100
|-damage|p2b: Koraidon|71/100 brn|[from] Recoil
|move|p1a: Incineroar|Knock Off|p2a: Rillaboom
|-damage|p2a: Rillaboom|67/100
|-enditem|p2a: Rillaboom|Assault Vest|[from] move: Knock Off|[of] p1a: Incineroar
|
|-weather|SunnyDay|[upkeep]
|-heal|p2b: Koraidon|77/100 brn|[from] Grassy Terrain
|-heal|p2a: Rillaboom|73/100|[from] Grassy Terrain
|-heal|p1a: Incineroar|63/100|[from] Grassy Terrain
|-damage|p2b: Koraidon|71/100 brn|[from] brn
|upkeep
|turn|6
|
|t:|1750830644
|move|p2a: Rillaboom|Grassy Glide|p1b: Kyogre
|-supereffective|p1b: Kyogre
|-damage|p1b: Kyogre|40/100
|move|p2b: Koraidon|Collision Course|p1b: Kyogre
|-damage|p1b: Kyogre|4/100
|move|p1b: Kyogre|Ice Beam|p2a: Rillaboom
|-supereffective|p2a: Rillaboom
|-damage|p2a: Rillaboom|3/100
|move|p1a: Incineroar|Knock Off|p2b: Koraidon
|-resisted|p2b: Koraidon
|-damage|p2b: Koraidon|55/100 brn
|-enditem|p2b: Koraidon|Clear Amulet|[from] move: Knock Off|[of] p1a: Incineroar
|
|-weather|SunnyDay|[upkeep]
|-heal|p2b: Koraidon|62/100 brn|[from] Grassy Terrain
|-heal|p1b: Kyogre|10/100|[from] Grassy Terrain
|-heal|p1b: Kyogre|16/100|[from] item: Leftovers
|-heal|p2a: Rillaboom|9/100|[from] Grassy Terrain
|-heal|p1a: Incineroar|69/100|[from] Grassy Terrain
|-damage|p2b: Koraidon|55/100 brn|[from] brn
|upkeep
|turn|7
|inactive|sceptileROCK has 30 seconds left.
|
|t:|1750830674
|switch|p2a: Hariyama|Hariyama, L50, M, shiny|100/100
|move|p1b: Kyogre|Protect|p1b: Kyogre
|-singleturn|p1b: Kyogre|Protect
|move|p2b: Koraidon|Flare Blitz|p1a: Incineroar
|-damage|p1a: Incineroar|29/100
|-damage|p2b: Koraidon|42/100 brn|[from] Recoil
|move|p1a: Incineroar|Knock Off|p2a: Hariyama
|-resisted|p2a: Hariyama
|-damage|p2a: Hariyama|79/100
|-enditem|p2a: Hariyama|Leftovers|[from] move: Knock Off|[of] p1a: Incineroar
|
|-weather|none
|-heal|p2b: Koraidon|48/100 brn|[from] Grassy Terrain
|-heal|p1b: Kyogre|22/100|[from] Grassy Terrain
|-heal|p1b: Kyogre|28/100|[from] item: Leftovers
|-heal|p2a: Hariyama|85/100|[from] Grassy Terrain
|-heal|p1a: Incineroar|35/100|[from] Grassy Terrain
|-damage|p2b: Koraidon|42/100 brn|[from] brn
|upkeep
|turn|8
|
|t:|1750830698
|move|p2a: Hariyama|Fake Out|p1b: Kyogre
|-damage|p1b: Kyogre|15/100
|move|p2b: Koraidon|Flare Blitz|p1a: Incineroar
|-damage|p1a: Incineroar|13/100
|-damage|p2b: Koraidon|34/100 brn|[from] Recoil
|cant|p1b: Kyogre|flinch
|move|p1a: Incineroar|Parting Shot|p2b: Koraidon
|-unboost|p2b: Koraidon|atk|1
|-unboost|p2b: Koraidon|spa|1
|
|-heal|p2b: Koraidon|40/100 brn|[from] Grassy Terrain
|-heal|p1b: Kyogre|21/100|[from] Grassy Terrain
|-heal|p1b: Kyogre|27/100|[from] item: Leftovers
|-heal|p2a: Hariyama|91/100|[from] Grassy Terrain
|-heal|p1a: Incineroar|19/100|[from] Grassy Terrain
|-damage|p2b: Koraidon|34/100 brn|[from] brn
|upkeep
|turn|9
|-message|Blueyamadafr forfeited.
|
|win|sceptileROCK
|raw|Blueyamadafr's rating: 1292 &rarr; <strong>1261</strong><br />(-31 for losing)
|raw|sceptileROCK's rating: 1202 &rarr; <strong>1233</strong><br />(+31 for winning)
|l|☆Blueyamadafr
|player|p1|
|l|☆sceptileROCK
|player|p2|
