|j|☆Banthejuggalo
|j|☆yuu44
|t:|1750718730
|gametype|doubles
|player|p1|Banthejuggalo|265|1567
|player|p2|yuu44|youngster-gen4dp|1606
|teamsize|p1|6
|teamsize|p2|6
|gen|9
|tier|[Gen 9] VGC 2025 Reg I
|rated|
|rule|Species Clause: Limit one of each Pokémon
|rule|Item Clause: Limit 1 of each item
|clearpoke
|poke|p1|Ho-Oh, L50|
|poke|p1|Suicune, L50|
|poke|p1|Ting-Lu, L50|
|poke|p1|Calyrex-Ice, L50|
|poke|p1|Rillaboom, L50, F|
|poke|p1|Grimmsnarl, L50, M|
|poke|p2|Calyrex-Shadow, L50|
|poke|p2|Kyogre, L50|
|poke|p2|Urshifu-*, L50, M|
|poke|p2|Incineroar, L50, M|
|poke|p2|Rillaboom, L50, F|
|poke|p2|Raging Bolt, L50|
|teampreview|4
|inactive|Battle timer is ON: inactive players will automatically lose when time's up. (requested by yuu44)
|inactive|yuu44 has 60 seconds left.
|inactive|yuu44 has 30 seconds left.
|
|t:|1750718804
|start
|switch|p1a: Grimmsnarl|Grimmsnarl, L50, M|100/100
|switch|p1b: Suicune|Suicune, L50|100/100
|switch|p2a: Incineroar|Incineroar, L50, M|100/100
|switch|p2b: Kyogre|Kyogre, L50|100/100
|-weather|RainDance|[from] ability: Drizzle|[of] p2b: Kyogre
|-ability|p1b: Suicune|Pressure
|-ability|p2a: Incineroar|Intimidate|boost
|-unboost|p1a: Grimmsnarl|atk|1
|-unboost|p1b: Suicune|atk|1
|turn|1
|
|t:|1750718821
|switch|p2a: Urshifu|Urshifu-Rapid-Strike, L50, M|100/100
|switch|p1a: Rillaboom|Rillaboom, L50, F|100/100
|-fieldstart|move: Grassy Terrain|[from] ability: Grassy Surge|[of] p1a: Rillaboom
|move|p2b: Kyogre|Origin Pulse|p1a: Rillaboom|[spread] p1a,p1b
|-resisted|p1a: Rillaboom
|-resisted|p1b: Suicune
|-damage|p1a: Rillaboom|81/100
|-damage|p1b: Suicune|80/100
|move|p1b: Suicune|Calm Mind|p1b: Suicune
|-boost|p1b: Suicune|spa|1
|-boost|p1b: Suicune|spd|1
|
|-weather|RainDance|[upkeep]
|-heal|p1a: Rillaboom|87/100|[from] Grassy Terrain
|-heal|p1b: Suicune|86/100|[from] Grassy Terrain
|upkeep
|turn|2
|inactive|yuu44 has 30 seconds left.
|
|t:|1750718849
|switch|p2a: Calyrex|Calyrex-Shadow, L50|100/100
|-ability|p2a: Calyrex|As One
|-ability|p2a: Calyrex|Unnerve
|move|p1a: Rillaboom|Fake Out|p2a: Calyrex
|-immune|p2a: Calyrex
|move|p2b: Kyogre|Thunder Wave|p1b: Suicune
|-status|p1b: Suicune|par
|cant|p1b: Suicune|par
|
|-weather|RainDance|[upkeep]
|-heal|p1a: Rillaboom|93/100|[from] Grassy Terrain
|-heal|p1b: Suicune|91/100 par|[from] Grassy Terrain
|upkeep
|turn|3
|
|t:|1750718862
|switch|p2b: Incineroar|Incineroar, L50, M|100/100
|-ability|p2b: Incineroar|Intimidate|boost
|-unboost|p1a: Rillaboom|atk|1
|-unboost|p1b: Suicune|atk|1
|move|p2a: Calyrex|Calm Mind|p2a: Calyrex
|-boost|p2a: Calyrex|spa|1
|-boost|p2a: Calyrex|spd|1
|move|p1a: Rillaboom|Wood Hammer|p2a: Calyrex
|-damage|p2a: Calyrex|44/100
|-damage|p1a: Rillaboom|75/100|[from] Recoil
|move|p1b: Suicune|Scald|p2a: Calyrex
|-damage|p2a: Calyrex|5/100
|
|-weather|RainDance|[upkeep]
|-heal|p2a: Calyrex|10/100|[from] Grassy Terrain
|-heal|p1a: Rillaboom|81/100|[from] Grassy Terrain
|-heal|p1b: Suicune|97/100 par|[from] Grassy Terrain
|upkeep
|turn|4
|inactive|yuu44 has 30 seconds left.
|
|t:|1750718892
|switch|p1a: Grimmsnarl|Grimmsnarl, L50, M|100/100
|-terastallize|p2a: Calyrex|Fairy
|move|p2b: Incineroar|Fake Out|p1a: Grimmsnarl
|-damage|p1a: Grimmsnarl|89/100
|move|p2a: Calyrex|Draining Kiss|p1a: Grimmsnarl
|-supereffective|p1a: Grimmsnarl
|-damage|p1a: Grimmsnarl|0 fnt
|-heal|p2a: Calyrex|81/100|[from] drain|[of] p1a: Grimmsnarl
|faint|p1a: Grimmsnarl
|-ability|p2a: Calyrex|Grim Neigh|boost
|-boost|p2a: Calyrex|spa|1
|move|p1b: Suicune|Calm Mind|p1b: Suicune
|-boost|p1b: Suicune|spa|1
|-boost|p1b: Suicune|spd|1
|
|-weather|RainDance|[upkeep]
|-heal|p2a: Calyrex|86/100|[from] Grassy Terrain
|-heal|p1b: Suicune|100/100 par|[from] Grassy Terrain
|upkeep
|
|t:|1750718906
|switch|p1a: Rillaboom|Rillaboom, L50, F|81/100
|turn|5
|
|t:|1750718913
|switch|p2b: Urshifu|Urshifu-Rapid-Strike, L50, M|100/100
|move|p2a: Calyrex|Protect|p2a: Calyrex
|-singleturn|p2a: Calyrex|Protect
|move|p1a: Rillaboom|Fake Out|p2b: Urshifu
|-damage|p2b: Urshifu|86/100
|cant|p1b: Suicune|par
|
|-weather|none
|-heal|p2b: Urshifu|92/100|[from] Grassy Terrain
|-heal|p2a: Calyrex|92/100|[from] Grassy Terrain
|-heal|p1a: Rillaboom|87/100|[from] Grassy Terrain
|-fieldend|move: Grassy Terrain
|upkeep
|turn|6
|
|t:|1750718931
|move|p2b: Urshifu|U-turn|p1a: Rillaboom
|-supereffective|p1a: Rillaboom
|-damage|p1a: Rillaboom|33/100
|
|t:|1750718936
|switch|p2b: Incineroar|Incineroar, L50, M|100/100|[from] U-turn
|-ability|p2b: Incineroar|Intimidate|boost
|-unboost|p1a: Rillaboom|atk|1
|-unboost|p1b: Suicune|atk|1
|move|p2a: Calyrex|Astral Barrage|p1b: Suicune|[spread] p1a,p1b
|-damage|p1a: Rillaboom|0 fnt
|-damage|p1b: Suicune|66/100 par
|faint|p1a: Rillaboom
|-ability|p2a: Calyrex|Grim Neigh|boost
|-boost|p2a: Calyrex|spa|1
|move|p1b: Suicune|Calm Mind|p1b: Suicune
|-boost|p1b: Suicune|spa|1
|-boost|p1b: Suicune|spd|1
|
|upkeep
|
|t:|1750718939
|switch|p1a: Calyrex|Calyrex-Ice, L50|100/100
|-ability|p1a: Calyrex|As One
|-ability|p1a: Calyrex|Unnerve
|turn|7
|
|t:|1750718955
|move|p1a: Calyrex|Protect|p1a: Calyrex
|-singleturn|p1a: Calyrex|Protect
|move|p2a: Calyrex|Calm Mind|p2a: Calyrex
|-boost|p2a: Calyrex|spa|1
|-boost|p2a: Calyrex|spd|1
|move|p2b: Incineroar|Will-O-Wisp|p1a: Calyrex
|-activate|p1a: Calyrex|move: Protect
|move|p1b: Suicune|Sheer Cold|p2a: Calyrex|[miss]
|-miss|p1b: Suicune|p2a: Calyrex
|
|upkeep
|turn|8
|
|t:|1750718973
|-terastallize|p1a: Calyrex|Water
|move|p2a: Calyrex|Astral Barrage|p1a: Calyrex|[spread] p1a,p1b
|-damage|p1a: Calyrex|14/100
|-damage|p1b: Suicune|29/100 par
|move|p2b: Incineroar|Will-O-Wisp|p1a: Calyrex
|-status|p1a: Calyrex|brn
|move|p1a: Calyrex|Leech Seed|p2a: Calyrex
|-start|p2a: Calyrex|move: Leech Seed
|move|p1b: Suicune|Sheer Cold|p2a: Calyrex|[miss]
|-miss|p1b: Suicune|p2a: Calyrex
|
|-heal|p1a: Calyrex|19/100 brn|[from] item: Leftovers
|-damage|p2a: Calyrex|80/100|[from] Leech Seed|[of] p1a: Calyrex
|-heal|p1a: Calyrex|30/100 brn|[silent]
|-damage|p1a: Calyrex|25/100 brn|[from] brn
|upkeep
|turn|9
|inactive|Banthejuggalo has 30 seconds left.
|inactive|Banthejuggalo has 20 seconds left.
|inactive|Banthejuggalo has 15 seconds left.
|inactive|Banthejuggalo has 10 seconds left.
|inactive|Banthejuggalo has 5 seconds left.
|
|t:|1750719028
|switch|p2b: Urshifu|Urshifu-Rapid-Strike, L50, M|92/100
|move|p2a: Calyrex|Astral Barrage|p1a: Calyrex|[spread] p1a,p1b
|-damage|p1a: Calyrex|0 fnt
|-damage|p1b: Suicune|0 fnt
|faint|p1a: Calyrex
|faint|p1b: Suicune
|
|win|yuu44
|raw|Banthejuggalo's rating: 1567 &rarr; <strong>1549</strong><br />(-18 for losing)
|raw|yuu44's rating: 1606 &rarr; <strong>1624</strong><br />(+18 for winning)
|l|☆yuu44
|player|p2|
|l|☆Banthejuggalo
|player|p1|
