|j|☆Snog2273
|j|☆Taroda
|t:|1750788868
|gametype|doubles
|player|p1|Snog2273|scientist-gen4|1318
|player|p2|Taroda|2|1284
|teamsize|p1|6
|teamsize|p2|6
|gen|9
|tier|[Gen 9] VGC 2025 Reg I
|rated|
|rule|Species Clause: Limit one of each Pokémon
|rule|Item Clause: Limit 1 of each item
|clearpoke
|poke|p1|Dragonite, L50, F|
|poke|p1|Raichu, L50, M|
|poke|p1|Calyrex-Ice, L50|
|poke|p1|Miraidon, L50|
|poke|p1|Tornadus, L50, M|
|poke|p1|Urshifu-*, L50, M|
|poke|p2|Ursaluna, L50, F|
|poke|p2|Miraidon, L50|
|poke|p2|Lunala, L50|
|poke|p2|Incineroar, L50, F|
|poke|p2|Urshifu-*, L50, M|
|poke|p2|Whimsicott, L50, F|
|teampreview|4
|inactive|Battle timer is ON: inactive players will automatically lose when time's up. (requested by Snog2273)
Snog2273 has agreed to open team sheets.
|inactive|Taroda has 60 seconds left.
|inactive|Snog2273 has 60 seconds left.
|c|☆Snog2273|m
|inactive|Taroda has 30 seconds left.
|
|t:|1750788935
|start
|switch|p1a: Tornadus|Tornadus, L50, M|100/100
|switch|p1b: Calyrex|Calyrex-Ice, L50|100/100
|switch|p2a: Incineroar|Incineroar, L50, F|100/100
|switch|p2b: Miraidon|Miraidon, L50|100/100
|-ability|p1b: Calyrex|As One
|-ability|p1b: Calyrex|Unnerve
|-fieldstart|move: Electric Terrain|[from] ability: Hadron Engine|[of] p2b: Miraidon
|-ability|p2a: Incineroar|Intimidate|boost
|-unboost|p1a: Tornadus|atk|1
|-fail|p1b: Calyrex|unboost|[from] item: Clear Amulet|[of] p1b: Calyrex
|turn|1
|inactive|Snog2273 has 30 seconds left.
|inactive|Taroda has 30 seconds left.
|inactive|Snog2273 has 20 seconds left.
|
|t:|1750788973
|move|p2a: Incineroar|Fake Out|p1b: Calyrex
|-damage|p1b: Calyrex|92/100
|move|p1a: Tornadus|Tailwind|p1a: Tornadus
|-sidestart|p1: Snog2273|move: Tailwind
|cant|p1b: Calyrex|flinch
|move|p2b: Miraidon|Volt Switch|p1a: Tornadus
|-supereffective|p1a: Tornadus
|-damage|p1a: Tornadus|0 fnt
|faint|p1a: Tornadus
|
|t:|1750788982
|switch|p2b: Ursaluna|Ursaluna, L50, F|100/100|[from] Volt Switch
|
|-status|p2b: Ursaluna|brn|[from] item: Flame Orb
|upkeep
|
|t:|1750788987
|switch|p1a: Raichu|Raichu, L50, M|100/100
|-enditem|p1a: Raichu|Electric Seed
|-boost|p1a: Raichu|def|1|[from] item: Electric Seed
|turn|2
|inactive|Taroda has 30 seconds left.
|inactive|Taroda has 20 seconds left.
|
|t:|1750789023
|-terastallize|p2b: Ursaluna|Ghost
|move|p1a: Raichu|Fake Out|p2a: Incineroar
|-damage|p2a: Incineroar|93/100
|move|p1b: Calyrex|High Horsepower|p2a: Incineroar
|-supereffective|p2a: Incineroar
|-damage|p2a: Incineroar|30/100
|cant|p2a: Incineroar|flinch
|move|p2b: Ursaluna|Facade|p1b: Calyrex
|-damage|p1b: Calyrex|11/100
|
|-damage|p2b: Ursaluna|94/100 brn|[from] brn
|upkeep
|turn|3
|inactive|Taroda has 30 seconds left.
|
|t:|1750789049
|move|p1a: Raichu|Helping Hand|p1b: Calyrex
|-singleturn|p1b: Calyrex|Helping Hand|[of] p1a: Raichu
|move|p2b: Ursaluna|Protect|p2b: Ursaluna
|-singleturn|p2b: Ursaluna|Protect
|move|p1b: Calyrex|Glacial Lance|p2a: Incineroar|[spread] p2a
|-activate|p2b: Ursaluna|move: Protect
|-resisted|p2a: Incineroar
|-damage|p2a: Incineroar|0 fnt
|faint|p2a: Incineroar
|-ability|p1b: Calyrex|Chilling Neigh|boost
|-boost|p1b: Calyrex|atk|1
|
|-damage|p2b: Ursaluna|88/100 brn|[from] brn
|upkeep
|
|t:|1750789063
|switch|p2a: Lunala|Lunala, L50|100/100
|-enditem|p2a: Lunala|Electric Seed
|-boost|p2a: Lunala|def|1|[from] item: Electric Seed
|turn|4
|
|t:|1750789086
|move|p1a: Raichu|Helping Hand|p1b: Calyrex
|-singleturn|p1b: Calyrex|Helping Hand|[of] p1a: Raichu
|move|p2a: Lunala|Wide Guard|p2a: Lunala
|-singleturn|p2a: Lunala|Wide Guard
|move|p1b: Calyrex|High Horsepower|p2b: Ursaluna
|-damage|p2b: Ursaluna|39/100 brn
|move|p2b: Ursaluna|Earthquake|p1a: Raichu|[spread] p1a,p1b
|-activate|p2a: Lunala|move: Wide Guard
|-supereffective|p1a: Raichu
|-crit|p1b: Calyrex
|-damage|p1a: Raichu|0 fnt
|-damage|p1b: Calyrex|0 fnt
|faint|p1a: Raichu
|faint|p1b: Calyrex
|
|-damage|p2b: Ursaluna|33/100 brn|[from] brn
|-sideend|p1: Snog2273|move: Tailwind
|upkeep
|
|t:|1750789097
|switch|p1b: Miraidon|Miraidon, L50|100/100
|-activate|p1b: Miraidon|ability: Hadron Engine
|turn|5
|-message|Snog2273 forfeited.
|
|win|Taroda
|raw|Snog2273's rating: 1318 &rarr; <strong>1296</strong><br />(-22 for losing)
|raw|Taroda's rating: 1284 &rarr; <strong>1311</strong><br />(+27 for winning)
|l|☆Snog2273
|player|p1|
