|j|☆jovanny123010
|j|☆Quicksilver082
|t:|1750853526
|gametype|doubles
|player|p1|jovanny123010|ethan|1205
|player|p2|Quicksilver082|pokemaniac|1178
|teamsize|p1|6
|teamsize|p2|6
|gen|9
|tier|[Gen 9] VGC 2025 Reg I
|rated|
|rule|Species Clause: Limit one of each Pokémon
|rule|Item Clause: Limit 1 of each item
|clearpoke
|poke|p1|Mimikyu, L50, M|
|poke|p1|Cyclizar, L50, M|
|poke|p1|Necrozma-Dawn-Wings, L50|
|poke|p1|Indeedee-F, L50, F|
|poke|p1|Groudon, L50|
|poke|p1|Incineroar, L50, F|
|poke|p2|Koraidon, L50|
|poke|p2|Urshifu-*, L50, F|
|poke|p2|Calyrex-Shadow, L50|
|poke|p2|Flutter Mane, L50|
|poke|p2|Incineroar, L50, M|
|poke|p2|Whimsicott, L50, M|
|teampreview|4
|inactive|Battle timer is ON: inactive players will automatically lose when time's up. (requested by Quicksilver082)
Quicksilver082 has agreed to open team sheets.
|c|☆Quicksilver082|Glhf
|c|☆jovanny123010|glhf too
jovanny123010 has agreed to open team sheets.
|showteam|p1|Mimikyu||Leftovers|Disguise|PlayRough,PhantomForce,ShadowSneak,TrickRoom|||M|||50|,,,,,Fairy]Cyclizar||ChoiceScarf|Regenerator|ShedTail,BreakingSwipe,Uturn,KnockOff|||M|||50|,,,,,Ghost]Necrozma-Dawn-Wings||WeaknessPolicy|PrismArmor|ExpandingForce,MoongeistBeam,TrickRoom,Protect||||||50|,,,,,Grass]Indeedee-F||RockyHelmet|PsychicSurge|AlluringVoice,HelpingHand,TrickRoom,FollowMe|||F|||50|,,,,,Fairy]Groudon||ClearAmulet|Drought|PrecipiceBlades,FirePunch,RockSlide,Protect||||||50|,,,,,Fire]Incineroar||SafetyGoggles|Intimidate|FakeOut,WillOWisp,PartingShot,FlareBlitz|||F|||50|,,,,,Ghost
|showteam|p2|Koraidon||LifeOrb|OrichalcumPulse|CloseCombat,FlareBlitz,Protect,FlameCharge||||||50|,,,,,Fire]Urshifu||ChoiceScarf|UnseenFist|CloseCombat,IcePunch,Uturn,WickedBlow|||F|||50|,,,,,Dark]Calyrex-Shadow||FocusSash|AsOneSpectrier|NastyPlot,AstralBarrage,Protect,DarkPulse||||||50|,,,,,Ghost]Flutter Mane||BoosterEnergy|Protosynthesis|CalmMind,ShadowBall,Moonblast,Protect||||||50|,,,,,Grass]Incineroar||SafetyGoggles|Intimidate|FakeOut,PartingShot,FlareBlitz,KnockOff|||M|||50|,,,,,Water]Whimsicott||CovertCloak|Prankster|Tailwind,HelpingHand,Encore,Moonblast|||M|||50|,,,,,Dark
|inactive|Quicksilver082 has 60 seconds left.
|
|t:|1750853561
|start
|switch|p1a: Cyclizar|Cyclizar, L50, M|100/100
|switch|p1b: Groudon|Groudon, L50|100/100
|switch|p2a: Urshifu|Urshifu, L50, F|100/100
|switch|p2b: Calyrex|Calyrex-Shadow, L50|100/100
|-ability|p2b: Calyrex|As One
|-ability|p2b: Calyrex|Unnerve
|-weather|SunnyDay|[from] ability: Drought|[of] p1b: Groudon
|turn|1
|inactive|Quicksilver082 has 30 seconds left.
|
|t:|1750853588
|move|p1a: Cyclizar|Shed Tail|p1a: Cyclizar
|-start|p1a: Cyclizar|Substitute|[from] move: Shed Tail
|-damage|p1a: Cyclizar|50/100
|
|t:|1750853593
|switch|p1a: Mimikyu|Mimikyu, L50, M|100/100|[from] Shed Tail
|move|p2b: Calyrex|Astral Barrage|p1b: Groudon|[spread] p1a,p1b
|-supereffective|p1a: Mimikyu
|-end|p1a: Mimikyu|Substitute
|-damage|p1b: Groudon|48/100
|move|p2a: Urshifu|Close Combat|p1a: Mimikyu
|-immune|p1a: Mimikyu
|move|p1b: Groudon|Precipice Blades|p2a: Urshifu|[spread] p2a,p2b
|-damage|p2a: Urshifu|47/100
|-damage|p2b: Calyrex|29/100
|
|-weather|SunnyDay|[upkeep]
|upkeep
|turn|2
|
|t:|1750853616
|switch|p2a: Whimsicott|Whimsicott, L50, M|100/100
|move|p1a: Mimikyu|Shadow Sneak|p2b: Calyrex
|-supereffective|p2b: Calyrex
|-crit|p2b: Calyrex
|-damage|p2b: Calyrex|0 fnt
|faint|p2b: Calyrex
|move|p1b: Groudon|Precipice Blades|p2a: Whimsicott
|-resisted|p2a: Whimsicott
|-damage|p2a: Whimsicott|61/100
|
|-weather|SunnyDay|[upkeep]
|upkeep
|
|t:|1750853628
|switch|p2b: Urshifu|Urshifu, L50, F|47/100
|turn|3
|
|t:|1750853644
|switch|p1a: Cyclizar|Cyclizar, L50, M|83/100
|move|p2b: Urshifu|Close Combat|p1b: Groudon
|-damage|p1b: Groudon|4/100
|-unboost|p2b: Urshifu|def|1
|-unboost|p2b: Urshifu|spd|1
|move|p2a: Whimsicott|Moonblast|p1a: Cyclizar
|-supereffective|p1a: Cyclizar
|-damage|p1a: Cyclizar|0 fnt
|faint|p1a: Cyclizar
|move|p1b: Groudon|Precipice Blades|p2a: Whimsicott|[spread] p2a,p2b
|-resisted|p2a: Whimsicott
|-damage|p2a: Whimsicott|27/100
|-damage|p2b: Urshifu|0 fnt
|faint|p2b: Urshifu
|
|-weather|SunnyDay|[upkeep]
|upkeep
|
|t:|1750853662
|switch|p1a: Mimikyu|Mimikyu, L50, M|100/100
|switch|p2b: Koraidon|Koraidon, L50|100/100
|-activate|p2b: Koraidon|ability: Orichalcum Pulse
|turn|4
|
|t:|1750853685
|-terastallize|p2b: Koraidon|Fire
|move|p2b: Koraidon|Flame Charge|p1b: Groudon
|-damage|p1b: Groudon|0 fnt
|-boost|p2b: Koraidon|spe|1
|faint|p1b: Groudon
|-damage|p2b: Koraidon|91/100|[from] item: Life Orb
|move|p2a: Whimsicott|Moonblast|p1a: Mimikyu
|-activate|p1a: Mimikyu|ability: Disguise
|-damage|p1a: Mimikyu|100/100
|detailschange|p1a: Mimikyu|Mimikyu-Busted, L50, M
|-damage|p1a: Mimikyu|88/100|[from] pokemon: Mimikyu-Busted
|move|p1a: Mimikyu|Play Rough|p2b: Koraidon
|-resisted|p2b: Koraidon
|-damage|p2b: Koraidon|75/100
|
|-weather|SunnyDay|[upkeep]
|-heal|p1a: Mimikyu|94/100|[from] item: Leftovers
|upkeep
|
|t:|1750853701
|switch|p1b: Necrozma|Necrozma-Dawn-Wings, L50|100/100
|turn|5
|
|t:|1750853725
|move|p1b: Necrozma|Protect|p1b: Necrozma
|-singleturn|p1b: Necrozma|Protect
|move|p2a: Whimsicott|Encore|p1a: Mimikyu
|-start|p1a: Mimikyu|Encore
|move|p2b: Koraidon|Flame Charge|p1b: Necrozma
|-activate|p1b: Necrozma|move: Protect
|move|p1a: Mimikyu|Play Rough|p2b: Koraidon
|-resisted|p2b: Koraidon
|-damage|p2b: Koraidon|59/100
|
|-weather|none
|-heal|p1a: Mimikyu|100/100|[from] item: Leftovers
|upkeep
|turn|6
|
|t:|1750853745
|move|p2a: Whimsicott|Encore|p1b: Necrozma
|-start|p1b: Necrozma|Encore
|move|p2b: Koraidon|Flare Blitz|p1a: Mimikyu
|-damage|p1a: Mimikyu|0 fnt
|faint|p1a: Mimikyu
|-damage|p2b: Koraidon|30/100|[from] Recoil
|-damage|p2b: Koraidon|20/100|[from] item: Life Orb
|move|p1b: Necrozma|Protect||[still]
|-fail|p1b: Necrozma
|
|upkeep
|turn|7
|
|t:|1750853764
|move|p2b: Koraidon|Protect|p2b: Koraidon
|-singleturn|p2b: Koraidon|Protect
|move|p1b: Necrozma|Protect|p1b: Necrozma
|-singleturn|p1b: Necrozma|Protect
|move|p2a: Whimsicott|Moonblast|p1b: Necrozma
|-activate|p1b: Necrozma|move: Protect
|
|upkeep
|turn|8
|
|t:|1750853775
|move|p2a: Whimsicott|Helping Hand|p2b: Koraidon
|-singleturn|p2b: Koraidon|Helping Hand|[of] p2a: Whimsicott
|move|p1b: Necrozma|Protect||[still]
|-fail|p1b: Necrozma
|move|p2b: Koraidon|Flare Blitz|p1b: Necrozma
|-damage|p1b: Necrozma|9/100
|-damage|p2b: Koraidon|0 fnt|[from] Recoil
|faint|p2b: Koraidon
|
|-end|p1b: Necrozma|Encore
|upkeep
|turn|9
|
|t:|1750853790
|move|p2a: Whimsicott|Encore|p1b: Necrozma
|-start|p1b: Necrozma|Encore
|move|p1b: Necrozma|Protect||[still]
|-fail|p1b: Necrozma
|
|upkeep
|turn|10
|-message|jovanny123010 forfeited.
|
|win|Quicksilver082
|raw|jovanny123010's rating: 1205 &rarr; <strong>1178</strong><br />(-27 for losing)
|raw|Quicksilver082's rating: 1178 &rarr; <strong>1205</strong><br />(+27 for winning)
|l|☆jovanny123010
|player|p1|
|l|☆Quicksilver082
|player|p2|
