|j|☆Ya what?
|j|☆Ellvey96
|t:|1750844191
|gametype|doubles
|player|p1|Ya what?|2|1239
|player|p2|Ellvey96|guitarist|1309
|teamsize|p1|6
|teamsize|p2|6
|gen|9
|tier|[Gen 9] VGC 2025 Reg I
|rated|
|rule|Species Clause: Limit one of each Pokémon
|rule|Item Clause: Limit 1 of each item
|clearpoke
|poke|p1|Groudon, L50|
|poke|p1|Rillaboom, L50, F|
|poke|p1|Espathra, L50, M|
|poke|p1|Sableye, L50, F|
|poke|p1|Raging Bolt, L50|
|poke|p1|Terapagos, L50, M|
|poke|p2|Ho-Oh, L50|
|poke|p2|Eternatus, L50|
|poke|p2|Landorus, L50, M|
|poke|p2|Rillaboom, L50, M|
|poke|p2|Toxapex, L50, F|
|poke|p2|Grimmsnarl, L50, M|
|teampreview|4
|inactive|Battle timer is ON: inactive players will automatically lose when time's up. (requested by Ellvey96)
|
|t:|1750844226
|start
|switch|p1a: Sableye|Sableye, L50, F|100/100
|switch|p1b: Espathra|Espathra, L50, M|100/100
|switch|p2a: Toxapex|Toxapex, L50, F|100/100
|switch|p2b: Grimmsnarl|Grimmsnarl, L50, M|100/100
|turn|1
|inactive|Ellvey96 has 30 seconds left.
|inactive|Ellvey96 has 20 seconds left.
|
|t:|1750844266
|move|p2b: Grimmsnarl|Light Screen|p2b: Grimmsnarl
|-sidestart|p2: Ellvey96|move: Light Screen
|move|p1a: Sableye|Gravity|p1a: Sableye
|-fieldstart|move: Gravity
|move|p1b: Espathra|Hypnosis|p2a: Toxapex
|-status|p2a: Toxapex|slp|[from] move: Hypnosis
|cant|p2a: Toxapex|slp
|
|-ability|p1b: Espathra|Speed Boost|boost
|-boost|p1b: Espathra|spe|1
|upkeep
|turn|2
|
|t:|1750844282
|switch|p1a: Groudon|Groudon, L50|100/100
|-weather|SunnyDay|[from] ability: Drought|[of] p1a: Groudon
|move|p2b: Grimmsnarl|Reflect|p2b: Grimmsnarl
|-sidestart|p2: Ellvey96|Reflect
|move|p1b: Espathra|Lumina Crash|p2a: Toxapex
|-supereffective|p2a: Toxapex
|-damage|p2a: Toxapex|59/100 slp
|-unboost|p2a: Toxapex|spd|2
|cant|p2a: Toxapex|slp
|
|-weather|SunnyDay|[upkeep]
|-ability|p1b: Espathra|Speed Boost|boost
|-boost|p1b: Espathra|spe|1
|upkeep
|turn|3
|
|t:|1750844300
|switch|p2a: Ho-Oh|Ho-Oh, L50|100/100
|move|p2b: Grimmsnarl|Parting Shot|p1b: Espathra
|-unboost|p1b: Espathra|atk|1
|-unboost|p1b: Espathra|spa|1
|
|t:|1750844308
|switch|p2b: Toxapex|Toxapex, L50, F|92/100 slp|[from] Parting Shot
|move|p1b: Espathra|Lumina Crash|p2a: Ho-Oh
|-damage|p2a: Ho-Oh|91/100
|-unboost|p2a: Ho-Oh|spd|2
|move|p1a: Groudon|Swords Dance|p1a: Groudon
|-boost|p1a: Groudon|atk|2
|
|-weather|SunnyDay|[upkeep]
|-ability|p1b: Espathra|Speed Boost|boost
|-boost|p1b: Espathra|spe|1
|upkeep
|turn|4
|
|t:|1750844334
|switch|p2b: Grimmsnarl|Grimmsnarl, L50, M|100/100
|move|p1a: Groudon|Protect|p1a: Groudon
|-singleturn|p1a: Groudon|Protect
|move|p1b: Espathra|Lumina Crash|p2b: Grimmsnarl
|-immune|p2b: Grimmsnarl
|move|p2a: Ho-Oh|Whirlwind|p1a: Groudon
|drag|p1a: Sableye|Sableye, L50, F|100/100
|
|-weather|SunnyDay|[upkeep]
|-ability|p1b: Espathra|Speed Boost|boost
|-boost|p1b: Espathra|spe|1
|upkeep
|turn|5
|inactive|Ya what? has 30 seconds left.
|
|t:|1750844359
|move|p2a: Ho-Oh|Protect|p2a: Ho-Oh
|-singleturn|p2a: Ho-Oh|Protect
|move|p1a: Sableye|Encore|p2a: Ho-Oh
|-activate|p2a: Ho-Oh|move: Protect
|move|p1b: Espathra|Hypnosis|p2b: Grimmsnarl
|-status|p2b: Grimmsnarl|slp|[from] move: Hypnosis
|cant|p2b: Grimmsnarl|slp
|
|-weather|SunnyDay|[upkeep]
|-fieldend|move: Gravity
|-ability|p1b: Espathra|Speed Boost|boost
|-boost|p1b: Espathra|spe|1
|upkeep
|turn|6
|
|t:|1750844379
|switch|p2a: Toxapex|Toxapex, L50, F|100/100 slp
|switch|p2b: Eternatus|Eternatus, L50|100/100
|-ability|p2b: Eternatus|Pressure
|switch|p1a: Groudon|Groudon, L50|100/100
|move|p1b: Espathra|Lumina Crash|p2a: Toxapex
|-supereffective|p2a: Toxapex
|-damage|p2a: Toxapex|74/100 slp
|-unboost|p2a: Toxapex|spd|2
|
|-weather|none
|-ability|p1b: Espathra|Speed Boost|boost
|-boost|p1b: Espathra|spe|1
|upkeep
|turn|7
|inactive|Ya what? has 30 seconds left.
|
|t:|1750844408
|switch|p1a: Sableye|Sableye, L50, F|100/100
|switch|p2a: Ho-Oh|Ho-Oh, L50|100/100
|-terastallize|p2b: Eternatus|Fairy
|move|p1b: Espathra|Lumina Crash|p2a: Ho-Oh
|-damage|p2a: Ho-Oh|91/100
|-unboost|p2a: Ho-Oh|spd|2
|move|p2b: Eternatus|Cosmic Power|p2b: Eternatus
|-boost|p2b: Eternatus|def|1
|-boost|p2b: Eternatus|spd|1
|
|upkeep
|turn|8
|
|t:|1750844426
|switch|p2b: Grimmsnarl|Grimmsnarl, L50, M|100/100 slp
|move|p1a: Sableye|Disable|p2b: Grimmsnarl
|-hint|Since gen 7, Dark is immune to Prankster moves.
|-immune|p2b: Grimmsnarl
|move|p1b: Espathra|Lumina Crash|p2a: Ho-Oh
|-damage|p2a: Ho-Oh|73/100
|-unboost|p2a: Ho-Oh|spd|2
|move|p2a: Ho-Oh|Sacred Fire|p1a: Sableye
|-damage|p1a: Sableye|35/100
|-status|p1a: Sableye|brn
|
|-damage|p1a: Sableye|29/100 brn|[from] brn
|-sideend|p2: Ellvey96|move: Light Screen
|upkeep
|turn|9
|
|t:|1750844447
|move|p2a: Ho-Oh|Protect|p2a: Ho-Oh
|-singleturn|p2a: Ho-Oh|Protect
|move|p1a: Sableye|Gravity|p1a: Sableye
|-fieldstart|move: Gravity
|move|p1b: Espathra|Hypnosis|p2a: Ho-Oh
|-activate|p2a: Ho-Oh|move: Protect
|cant|p2b: Grimmsnarl|slp
|
|-damage|p1a: Sableye|23/100 brn|[from] brn
|-sideend|p2: Ellvey96|Reflect
|upkeep
|turn|10
|
|t:|1750844460
|switch|p2a: Toxapex|Toxapex, L50, F|100/100 slp
|switch|p1a: Groudon|Groudon, L50|100/100
|-weather|SunnyDay|[from] ability: Drought|[of] p1a: Groudon
|move|p1b: Espathra|Hypnosis|p2a: Toxapex
|-fail|p2a: Toxapex|slp
|cant|p2b: Grimmsnarl|slp
|
|-weather|SunnyDay|[upkeep]
|upkeep
|turn|11
|
|t:|1750844480
|-curestatus|p2a: Toxapex|slp|[msg]
|move|p2a: Toxapex|Wide Guard|p2a: Toxapex
|-singleturn|p2a: Toxapex|Wide Guard
|-curestatus|p2b: Grimmsnarl|slp|[msg]
|move|p2b: Grimmsnarl|Reflect|p2b: Grimmsnarl
|-sidestart|p2: Ellvey96|Reflect
|move|p1b: Espathra|Lumina Crash|p2a: Toxapex
|-supereffective|p2a: Toxapex
|-damage|p2a: Toxapex|61/100
|-unboost|p2a: Toxapex|spd|2
|move|p1a: Groudon|Precipice Blades|p2b: Grimmsnarl|[spread] 
|-activate|p2a: Toxapex|move: Wide Guard
|-activate|p2b: Grimmsnarl|move: Wide Guard
|
|-weather|SunnyDay|[upkeep]
|upkeep
|turn|12
|inactive|Ellvey96 has 30 seconds left.
|
|t:|1750844507
|switch|p2a: Ho-Oh|Ho-Oh, L50|100/100
|move|p2b: Grimmsnarl|Parting Shot|p1b: Espathra
|-unboost|p1b: Espathra|atk|1
|-unboost|p1b: Espathra|spa|1
|
|t:|1750844518
|switch|p2b: Eternatus|Eternatus, L50, tera:Fairy|100/100|[from] Parting Shot
|-ability|p2b: Eternatus|Pressure
|move|p1b: Espathra|Lumina Crash|p2a: Ho-Oh
|-damage|p2a: Ho-Oh|91/100
|-unboost|p2a: Ho-Oh|spd|2
|move|p1a: Groudon|Precipice Blades|p2a: Ho-Oh|[spread] p2a,p2b
|-supereffective|p2a: Ho-Oh
|-damage|p2a: Ho-Oh|38/100
|-damage|p2b: Eternatus|76/100
|-enditem|p2a: Ho-Oh|Sitrus Berry|[eat]
|-heal|p2a: Ho-Oh|63/100|[from] item: Sitrus Berry
|
|-weather|SunnyDay|[upkeep]
|-heal|p2b: Eternatus|82/100|[from] item: Leftovers
|upkeep
|turn|13
|
|t:|1750844542
|switch|p2a: Grimmsnarl|Grimmsnarl, L50, M|100/100
|move|p1b: Espathra|Hypnosis|p2b: Eternatus
|-status|p2b: Eternatus|slp|[from] move: Hypnosis
|cant|p2b: Eternatus|slp
|move|p1a: Groudon|Precipice Blades|p2b: Eternatus|[spread] p2a,p2b
|-damage|p2a: Grimmsnarl|67/100
|-damage|p2b: Eternatus|57/100 slp
|
|-weather|SunnyDay|[upkeep]
|-heal|p2b: Eternatus|63/100 slp|[from] item: Leftovers
|-fieldend|move: Gravity
|upkeep
|turn|14
|
|t:|1750844567
|switch|p2b: Ho-Oh|Ho-Oh, L50|96/100
|move|p1b: Espathra|Skill Swap|p1a: Groudon
|-activate|p1b: Espathra|move: Skill Swap|||[of] p1a: Groudon
|move|p1a: Groudon|Swords Dance|p1a: Groudon
|-boost|p1a: Groudon|atk|2
|move|p2a: Grimmsnarl|Spirit Break|p1a: Groudon
|-damage|p1a: Groudon|79/100
|
|-weather|none
|-ability|p1a: Groudon|Speed Boost|boost
|-boost|p1a: Groudon|spe|1
|upkeep
|turn|15
|
|t:|1750844591
|switch|p1b: Raging Bolt|Raging Bolt, L50|100/100
|move|p1a: Groudon|Protect|p1a: Groudon
|-singleturn|p1a: Groudon|Protect
|move|p2a: Grimmsnarl|Light Screen|p2a: Grimmsnarl
|-sidestart|p2: Ellvey96|move: Light Screen
|move|p2b: Ho-Oh|Whirlwind|p1a: Groudon
|drag|p1a: Sableye|Sableye, L50, F|23/100 brn
|
|-damage|p1a: Sableye|18/100 brn|[from] brn
|upkeep
|turn|16
|
|t:|1750844609
|switch|p2b: Eternatus|Eternatus, L50, tera:Fairy|63/100 slp
|-ability|p2b: Eternatus|Pressure
|move|p1a: Sableye|Gravity|p1a: Sableye
|-fieldstart|move: Gravity
|move|p1b: Raging Bolt|Thunderbolt|p2b: Eternatus
|-damage|p2b: Eternatus|33/100 slp
|-damage|p1b: Raging Bolt|91/100|[from] item: Life Orb
|move|p2a: Grimmsnarl|Spirit Break|p1a: Sableye
|-supereffective|p1a: Sableye
|-damage|p1a: Sableye|0 fnt
|faint|p1a: Sableye
|
|-heal|p2b: Eternatus|39/100 slp|[from] item: Leftovers
|upkeep
|
|t:|1750844620
|switch|p1a: Espathra|Espathra, L50, M|100/100
|turn|17
|
|t:|1750844636
|-terastallize|p1b: Raging Bolt|Electric
|move|p1a: Espathra|Hypnosis|p2a: Grimmsnarl
|-status|p2a: Grimmsnarl|slp|[from] move: Hypnosis
|cant|p2b: Eternatus|slp
|move|p1b: Raging Bolt|Thunderbolt|p2b: Eternatus
|-damage|p2b: Eternatus|1/100 slp
|-damage|p1b: Raging Bolt|81/100|[from] item: Life Orb
|cant|p2a: Grimmsnarl|slp
|
|-heal|p2b: Eternatus|7/100 slp|[from] item: Leftovers
|-ability|p1a: Espathra|Speed Boost|boost
|-boost|p1a: Espathra|spe|1
|upkeep
|turn|18
|
|t:|1750844655
|move|p1a: Espathra|Lumina Crash|p2b: Eternatus
|-damage|p2b: Eternatus|0 fnt
|faint|p2b: Eternatus
|move|p1b: Raging Bolt|Thunderbolt|p2a: Grimmsnarl
|-damage|p2a: Grimmsnarl|6/100 slp
|-damage|p1b: Raging Bolt|71/100|[from] item: Life Orb
|-curestatus|p2a: Grimmsnarl|slp|[msg]
|move|p2a: Grimmsnarl|Spirit Break|p1b: Raging Bolt
|-damage|p1b: Raging Bolt|44/100
|-unboost|p1b: Raging Bolt|spa|1
|
|-sideend|p2: Ellvey96|Reflect
|-ability|p1a: Espathra|Speed Boost|boost
|-boost|p1a: Espathra|spe|1
|upkeep
|
|t:|1750844672
|switch|p2b: Ho-Oh|Ho-Oh, L50|100/100
|turn|19
|
|t:|1750844691
|-end|p1b: Raging Bolt|Protosynthesis|[silent]
|switch|p1b: Groudon|Groudon, L50|79/100
|-weather|SunnyDay|[from] ability: Drought|[of] p1b: Groudon
|move|p2b: Ho-Oh|Protect|p2b: Ho-Oh
|-singleturn|p2b: Ho-Oh|Protect
|move|p2a: Grimmsnarl|Reflect|p2a: Grimmsnarl
|-sidestart|p2: Ellvey96|Reflect
|move|p1a: Espathra|Hypnosis|p2b: Ho-Oh
|-activate|p2b: Ho-Oh|move: Protect
|
|-weather|SunnyDay|[upkeep]
|-ability|p1a: Espathra|Speed Boost|boost
|-boost|p1a: Espathra|spe|1
|upkeep
|turn|20
|inactive|Ellvey96 has 30 seconds left.
|
|t:|1750844719
|move|p2b: Ho-Oh|Protect||[still]
|-fail|p2b: Ho-Oh
|move|p2a: Grimmsnarl|Parting Shot|p1a: Espathra
|-unboost|p1a: Espathra|atk|1
|-unboost|p1a: Espathra|spa|1
|
|t:|1750844724
|switch|p2a: Toxapex|Toxapex, L50, F|94/100|[from] Parting Shot
|move|p1a: Espathra|Hypnosis|p2b: Ho-Oh
|-status|p2b: Ho-Oh|slp|[from] move: Hypnosis
|move|p1b: Groudon|Precipice Blades|p2b: Ho-Oh|[spread] p2a,p2b
|-supereffective|p2a: Toxapex
|-supereffective|p2b: Ho-Oh
|-damage|p2a: Toxapex|48/100
|-damage|p2b: Ho-Oh|49/100 slp
|
|-weather|SunnyDay|[upkeep]
|-fieldend|move: Gravity
|-ability|p1a: Espathra|Speed Boost|boost
|-boost|p1a: Espathra|spe|1
|upkeep
|turn|21
|inactive|Ellvey96 has 30 seconds left.
|inactive|Ellvey96 has 20 seconds left.
|inactive|Ya what? has 30 seconds left.
|inactive|Ellvey96 has 15 seconds left.
|
|t:|1750844751
|move|p2a: Toxapex|Wide Guard|p2a: Toxapex
|-singleturn|p2a: Toxapex|Wide Guard
|move|p1a: Espathra|Lumina Crash|p2a: Toxapex
|-supereffective|p2a: Toxapex
|-damage|p2a: Toxapex|22/100
|-unboost|p2a: Toxapex|spd|2
|cant|p2b: Ho-Oh|slp
|move|p1b: Groudon|Precipice Blades|p2b: Ho-Oh|[spread] 
|-activate|p2a: Toxapex|move: Wide Guard
|-activate|p2b: Ho-Oh|move: Wide Guard
|
|-weather|SunnyDay|[upkeep]
|-ability|p1a: Espathra|Speed Boost|boost
|-boost|p1a: Espathra|spe|1
|upkeep
|turn|22
|inactive|Ellvey96 has 15 seconds left this turn.
|inactive|Ellvey96 has 10 seconds left.
|inactive|Ellvey96 has 5 seconds left.
|-message|Ellvey96 lost due to inactivity.
|
|win|Ya what?
|raw|Ya what?'s rating: 1239 &rarr; <strong>1269</strong><br />(+30 for winning)
|raw|Ellvey96's rating: 1309 &rarr; <strong>1285</strong><br />(-24 for losing)
|l|☆Ellvey96
|player|p2|
|l|☆Ya what?
|player|p1|
