|j|☆Master Xaihclons
|j|☆TotallyNotAutistic
|t:|1750830162
|gametype|doubles
|player|p1|Master Xaihclons|169|1192
|player|p2|TotallyNotAutistic|n|1182
|teamsize|p1|6
|teamsize|p2|6
|gen|9
|tier|[Gen 9] VGC 2025 Reg I
|rated|
|rule|Species Clause: Limit one of each Pokémon
|rule|Item Clause: Limit 1 of each item
|clearpoke
|poke|p1|Groudon, L50|
|poke|p1|Koraidon, L50|
|poke|p1|Chi-Yu, L50|
|poke|p1|Zapdos-Galar, L50|
|poke|p1|Walking Wake, L50|
|poke|p1|Rillaboom, L50, F|
|poke|p2|Reshiram, L50|
|poke|p2|Palkia-Origin, L50|
|poke|p2|Malamar, L50, M|
|poke|p2|Farigiraf, L50, M|
|poke|p2|Iron Hands, L50|
|poke|p2|Gastrodon, L50, M|
|teampreview|4
|j| tutenkhamun078
|c| tutenkhamun078|yayayay
|inactive|Battle timer is ON: inactive players will automatically lose when time's up. (requested by Master Xaihclons)
|l| tutenkhamun078
|
|t:|1750830209
|start
|switch|p1a: Koraidon|Koraidon, L50|100/100
|switch|p1b: Walking Wake|Walking Wake, L50|100/100
|switch|p2a: Reshiram|Reshiram, L50|100/100
|switch|p2b: Malamar|Malamar, L50, M|100/100
|-weather|SunnyDay|[from] ability: Orichalcum Pulse|[of] p1a: Koraidon
|-activate|p1b: Walking Wake|ability: Protosynthesis
|-start|p1b: Walking Wake|protosynthesisspe
|-activate|p1a: Koraidon|Orichalcum Pulse|[source]
|-ability|p2a: Reshiram|Turboblaze
|turn|1
|
|t:|1750830238
|-terastallize|p2b: Malamar|Grass
|move|p2a: Reshiram|Protect|p2a: Reshiram
|-singleturn|p2a: Reshiram|Protect
|move|p1b: Walking Wake|Hydro Steam|p2b: Malamar
|-resisted|p2b: Malamar
|-damage|p2b: Malamar|62/100
|-damage|p1b: Walking Wake|91/100|[from] item: Life Orb
|move|p1a: Koraidon|Scale Shot|p2a: Reshiram
|-activate|p2a: Reshiram|move: Protect
|move|p2b: Malamar|Trick Room|p2b: Malamar
|-fieldstart|move: Trick Room|[of] p2b: Malamar
|
|-weather|SunnyDay|[upkeep]
|upkeep
|turn|2
|
|t:|1750830261
|switch|p1a: Groudon|Groudon, L50|100/100
|move|p1b: Walking Wake|Protect|p1b: Walking Wake
|-singleturn|p1b: Walking Wake|Protect
|move|p2b: Malamar|Foul Play|p1b: Walking Wake
|-activate|p1b: Walking Wake|move: Protect
|move|p2a: Reshiram|Draco Meteor|p1a: Groudon
|-damage|p1a: Groudon|16/100
|-unboost|p2a: Reshiram|spa|2
|-damage|p2a: Reshiram|91/100|[from] item: Life Orb
|
|-weather|SunnyDay|[upkeep]
|upkeep
|turn|3
|
|t:|1750830283
|-end|p1b: Walking Wake|Protosynthesis|[silent]
|switch|p1b: Koraidon|Koraidon, L50|100/100
|-activate|p1b: Koraidon|ability: Orichalcum Pulse
|move|p1a: Groudon|Protect|p1a: Groudon
|-singleturn|p1a: Groudon|Protect
|move|p2b: Malamar|Topsy-Turvy|p2a: Reshiram
|-invertboost|p2a: Reshiram|[from] move: Topsy-Turvy
|move|p2a: Reshiram|Heat Wave|p1b: Koraidon|[spread] 
|-activate|p1a: Groudon|move: Protect
|-miss|p2a: Reshiram|p1b: Koraidon
|
|-weather|SunnyDay|[upkeep]
|upkeep
|turn|4
|
|t:|1750830303
|switch|p1a: Walking Wake|Walking Wake, L50|91/100
|-activate|p1a: Walking Wake|ability: Protosynthesis
|-start|p1a: Walking Wake|protosynthesisspe
|move|p2b: Malamar|Foul Play|p1a: Walking Wake
|-damage|p1a: Walking Wake|67/100
|move|p2a: Reshiram|Overheat|p1b: Koraidon
|-resisted|p1b: Koraidon
|-damage|p1b: Koraidon|0 fnt
|-unboost|p2a: Reshiram|spa|2
|faint|p1b: Koraidon
|-damage|p2a: Reshiram|81/100|[from] item: Life Orb
|
|-weather|SunnyDay|[upkeep]
|upkeep
|inactive|Master Xaihclons has 30 seconds left.
|inactive|Master Xaihclons has 20 seconds left.
|inactive|Master Xaihclons has 15 seconds left.
|inactive|Master Xaihclons has 10 seconds left.
|inactive|Master Xaihclons has 5 seconds left.
|
|t:|1750830358
|switch|p1b: Groudon|Groudon, L50|16/100
|turn|5
|inactive|Master Xaihclons has 30 seconds left.
|inactive|TotallyNotAutistic has 30 seconds left.
|inactive|Master Xaihclons has 20 seconds left.
|inactive|Master Xaihclons has 15 seconds left.
|inactive|Master Xaihclons has 10 seconds left.
|inactive|TotallyNotAutistic has 20 seconds left.
|inactive|Master Xaihclons has 5 seconds left.
|
|t:|1750830413
|switch|p2b: Farigiraf|Farigiraf, L50, M|100/100
|switch|p2a: Palkia|Palkia-Origin, L50|100/100
|-ability|p2a: Palkia|Pressure
|move|p1b: Groudon|Protect|p1b: Groudon
|-singleturn|p1b: Groudon|Protect
|move|p1a: Walking Wake|Protect||[still]
|-fail|p1a: Walking Wake
|
|-weather|none
|-end|p1a: Walking Wake|Protosynthesis
|-fieldend|move: Trick Room
|upkeep
|turn|6
|inactive|Master Xaihclons has 30 seconds left.
|inactive|Master Xaihclons has 20 seconds left.
|inactive|Master Xaihclons has 15 seconds left.
|inactive|Master Xaihclons has 10 seconds left.
|inactive|Master Xaihclons has 5 seconds left.
|
|t:|1750830468
|move|p1a: Walking Wake|Protect|p1a: Walking Wake
|-singleturn|p1a: Walking Wake|Protect
|move|p1b: Groudon|Protect|p1b: Groudon
|-singleturn|p1b: Groudon|Protect
|move|p2a: Palkia|Draco Meteor|p1a: Walking Wake
|-activate|p1a: Walking Wake|move: Protect
|move|p2b: Farigiraf|Trick Room|p2b: Farigiraf
|-fieldstart|move: Trick Room|[of] p2b: Farigiraf
|
|upkeep
|turn|7
|inactive|Master Xaihclons has 30 seconds left.
|inactive|Master Xaihclons has 20 seconds left.
|inactive|Master Xaihclons has 15 seconds left.
|inactive|Master Xaihclons has 10 seconds left.
|inactive|Master Xaihclons has 5 seconds left.
|
|t:|1750830523
|switch|p2b: Malamar|Malamar, L50, M, tera:Grass|62/100
|move|p1b: Groudon|Protect||[still]
|-fail|p1b: Groudon
|move|p1a: Walking Wake|Protect||[still]
|-fail|p1a: Walking Wake
|move|p2a: Palkia|Draco Meteor|p1a: Walking Wake
|-supereffective|p1a: Walking Wake
|-damage|p1a: Walking Wake|0 fnt
|-unboost|p2a: Palkia|spa|2
|faint|p1a: Walking Wake
|-end|p1a: Walking Wake|Protosynthesis|[silent]
|
|upkeep
|inactive|Master Xaihclons has 30 seconds left.
|inactive|Master Xaihclons has 20 seconds left.
|inactive|Master Xaihclons has 15 seconds left.
|inactive|Master Xaihclons has 10 seconds left.
|inactive|Master Xaihclons has 5 seconds left.
|
|t:|1750830579
|switch|p1a: Chi-Yu|Chi-Yu, L50|100/100
|-ability|p1a: Chi-Yu|Beads of Ruin
|turn|8
|inactive|Master Xaihclons has 30 seconds left.
|inactive|Master Xaihclons has 20 seconds left.
|inactive|Master Xaihclons has 15 seconds left.
|inactive|Master Xaihclons has 10 seconds left.
|inactive|Master Xaihclons has 5 seconds left.
|l|☆Master Xaihclons
|inactive|Master Xaihclons disconnected and has a minute to reconnect!
|player|p1|
|-message|Master Xaihclons lost due to inactivity.
|
|win|TotallyNotAutistic
|raw|Master Xaihclons's rating: 1212 &rarr; <strong>1185</strong><br />(-27 for losing)
|raw|TotallyNotAutistic's rating: 1182 &rarr; <strong>1209</strong><br />(+27 for winning)
|c|☆TotallyNotAutistic|ggs wp
