|j|☆RSA9
|j|☆Diegopf21
|t:|1750803980
|gametype|doubles
|player|p1|RSA9|265|1193
|player|p2|Diegopf21|dawn-gen4pt|1104
|teamsize|p1|6
|teamsize|p2|6
|gen|9
|tier|[Gen 9] VGC 2025 Reg I
|rated|
|rule|Species Clause: Limit one of each Pokémon
|rule|Item Clause: Limit 1 of each item
|clearpoke
|poke|p1|Ho-Oh, L50|
|poke|p1|Eternatus, L50|
|poke|p1|Quagsire, L50, M|
|poke|p1|Grimmsnarl, L50, M|
|poke|p1|Ting-Lu, L50|
|poke|p1|Brionne, L50, M|
|poke|p2|Miraidon, L50|
|poke|p2|Farigiraf, L50, M|
|poke|p2|Sneasler, L50, F|
|poke|p2|Sinistcha-Masterpiece, L50|
|poke|p2|Swampert, L50, M|
|poke|p2|Calyrex-Ice, L50|
|teampreview|4
|inactive|Battle timer is ON: inactive players will automatically lose when time's up. (requested by RSA9)
|
|t:|1750804003
|start
|switch|p1a: Ting-Lu|Ting-Lu, L50|100/100
|switch|p1b: Eternatus|Eternatus, L50|100/100
|switch|p2a: Miraidon|Miraidon, L50|100/100
|switch|p2b: Sneasler|Sneasler, L50, F|100/100
|-fieldstart|move: Electric Terrain|[from] ability: Hadron Engine|[of] p2a: Miraidon
|-enditem|p2b: Sneasler|Electric Seed
|-boost|p2b: Sneasler|def|1|[from] item: Electric Seed
|-ability|p1b: Eternatus|Pressure
|-ability|p1a: Ting-Lu|Vessel of Ruin
|turn|1
|inactive|RSA9 has 30 seconds left.
|inactive|Diegopf21 has 30 seconds left.
|inactive|RSA9 has 20 seconds left.
|inactive|Diegopf21 has 20 seconds left.
|inactive|RSA9 has 15 seconds left.
|
|t:|1750804044
|-terastallize|p2a: Miraidon|Fire
|move|p2b: Sneasler|Fake Out|p1a: Ting-Lu
|-damage|p1a: Ting-Lu|91/100
|move|p2a: Miraidon|Dazzling Gleam|p1b: Eternatus|[spread] p1a,p1b
|-supereffective|p1a: Ting-Lu
|-damage|p1a: Ting-Lu|68/100
|-damage|p1b: Eternatus|82/100
|move|p1b: Eternatus|Cosmic Power|p1b: Eternatus
|-boost|p1b: Eternatus|def|1
|-boost|p1b: Eternatus|spd|1
|cant|p1a: Ting-Lu|flinch
|
|upkeep
|turn|2
|
|t:|1750804065
|switch|p2a: Farigiraf|Farigiraf, L50, M|100/100
|move|p2b: Sneasler|Close Combat|p1a: Ting-Lu
|-supereffective|p1a: Ting-Lu
|-damage|p1a: Ting-Lu|0 fnt
|-unboost|p2b: Sneasler|def|1
|-unboost|p2b: Sneasler|spd|1
|faint|p1a: Ting-Lu
|move|p1b: Eternatus|Fire Spin|p2a: Farigiraf
|-damage|p2a: Farigiraf|93/100
|-activate|p2a: Farigiraf|move: Fire Spin|[of] p1b: Eternatus
|
|-damage|p2a: Farigiraf|81/100|[from] move: Fire Spin|[partiallytrapped]
|upkeep
|
|t:|1750804082
|switch|p1a: Ho-Oh|Ho-Oh, L50|100/100
|turn|3
|
|t:|1750804099
|move|p2b: Sneasler|Dire Claw|p1a: Ho-Oh
|-damage|p1a: Ho-Oh|72/100
|-damage|p2b: Sneasler|84/100|[from] item: Rocky Helmet|[of] p1a: Ho-Oh
|move|p1b: Eternatus|Cosmic Power|p1b: Eternatus
|-boost|p1b: Eternatus|def|1
|-boost|p1b: Eternatus|spd|1
|move|p1a: Ho-Oh|Sacred Fire|p2a: Farigiraf
|-damage|p2a: Farigiraf|31/100
|move|p2a: Farigiraf|Psychic|p1b: Eternatus
|-supereffective|p1b: Eternatus
|-damage|p1b: Eternatus|61/100
|
|-damage|p2a: Farigiraf|19/100|[from] move: Fire Spin|[partiallytrapped]
|upkeep
|turn|4
|
|t:|1750804120
|move|p2b: Sneasler|Dire Claw|p1a: Ho-Oh
|-damage|p1a: Ho-Oh|44/100
|-status|p1a: Ho-Oh|psn
|-damage|p2b: Sneasler|68/100|[from] item: Rocky Helmet|[of] p1a: Ho-Oh
|move|p1b: Eternatus|Cosmic Power|p1b: Eternatus
|-boost|p1b: Eternatus|def|1
|-boost|p1b: Eternatus|spd|1
|move|p1a: Ho-Oh|Life Dew|p1a: Ho-Oh|[spread] p1a,p1b
|-heal|p1a: Ho-Oh|69/100 psn
|-heal|p1b: Eternatus|86/100
|move|p2a: Farigiraf|Psychic|p1b: Eternatus
|-supereffective|p1b: Eternatus
|-damage|p1b: Eternatus|68/100
|
|-damage|p1a: Ho-Oh|57/100 psn|[from] psn
|-damage|p2a: Farigiraf|7/100|[from] move: Fire Spin|[partiallytrapped]
|upkeep
|turn|5
|
|t:|1750804142
|move|p2b: Sneasler|Dire Claw|p1b: Eternatus
|-resisted|p1b: Eternatus
|-damage|p1b: Eternatus|62/100
|move|p1b: Eternatus|Fire Spin|p2b: Sneasler
|-damage|p2b: Sneasler|45/100
|-activate|p2b: Sneasler|move: Fire Spin|[of] p1b: Eternatus
|move|p1a: Ho-Oh|Life Dew|p1a: Ho-Oh|[spread] p1a,p1b
|-heal|p1a: Ho-Oh|82/100 psn
|-heal|p1b: Eternatus|87/100
|move|p2a: Farigiraf|Psychic|p1b: Eternatus
|-supereffective|p1b: Eternatus
|-damage|p1b: Eternatus|71/100
|
|-damage|p1a: Ho-Oh|70/100 psn|[from] psn
|-damage|p2b: Sneasler|33/100|[from] move: Fire Spin|[partiallytrapped]
|-damage|p2a: Farigiraf|0 fnt|[from] move: Fire Spin|[partiallytrapped]
|faint|p2a: Farigiraf
|-fieldend|move: Electric Terrain
|upkeep
|
|t:|1750804161
|switch|p2a: Sinistcha|Sinistcha-Masterpiece, L50, shiny|100/100
|-heal|p2b: Sneasler|57/100|[from] ability: Hospitality|[of] p2a: Sinistcha
|turn|6
|
|t:|1750804174
|move|p1b: Eternatus|Protect|p1b: Eternatus
|-singleturn|p1b: Eternatus|Protect
|move|p2b: Sneasler|Dire Claw|p1b: Eternatus
|-activate|p1b: Eternatus|move: Protect
|move|p1a: Ho-Oh|Sacred Fire|p2b: Sneasler
|-damage|p2b: Sneasler|0 fnt
|faint|p2b: Sneasler
|move|p2a: Sinistcha|Shadow Ball|p1a: Ho-Oh
|-damage|p1a: Ho-Oh|51/100 psn
|-unboost|p1a: Ho-Oh|spd|1
|
|-damage|p1a: Ho-Oh|39/100 psn|[from] psn
|upkeep
|
|t:|1750804187
|switch|p2b: Miraidon|Miraidon, L50, tera:Fire|100/100
|-fieldstart|move: Electric Terrain|[from] ability: Hadron Engine|[of] p2b: Miraidon
|turn|7
|
|t:|1750804201
|move|p2b: Miraidon|Electro Drift|p1b: Eternatus
|-resisted|p1b: Eternatus
|-damage|p1b: Eternatus|54/100
|move|p1b: Eternatus|Fire Spin|p2b: Miraidon
|-resisted|p2b: Miraidon
|-damage|p2b: Miraidon|96/100
|-activate|p2b: Miraidon|move: Fire Spin|[of] p1b: Eternatus
|move|p1a: Ho-Oh|Life Dew|p1a: Ho-Oh|[spread] p1a,p1b
|-heal|p1a: Ho-Oh|63/100 psn
|-heal|p1b: Eternatus|79/100
|move|p2a: Sinistcha|Shadow Ball|p1a: Ho-Oh
|-crit|p1a: Ho-Oh
|-damage|p1a: Ho-Oh|22/100 psn
|
|-damage|p1a: Ho-Oh|10/100 psn|[from] psn
|-damage|p2b: Miraidon|84/100|[from] move: Fire Spin|[partiallytrapped]
|upkeep
|turn|8
|inactive|RSA9 has 30 seconds left.
|
|t:|1750804226
|switch|p1a: Brionne|Brionne, L50, M|100/100
|move|p2b: Miraidon|Electro Drift|p1a: Brionne
|-supereffective|p1a: Brionne
|-damage|p1a: Brionne|0 fnt
|faint|p1a: Brionne
|move|p1b: Eternatus|Fire Spin|p2a: Sinistcha
|-supereffective|p2a: Sinistcha
|-damage|p2a: Sinistcha|74/100
|-activate|p2a: Sinistcha|move: Fire Spin|[of] p1b: Eternatus
|move|p2a: Sinistcha|Life Dew|p2a: Sinistcha|[spread] p2a,p2b
|-heal|p2a: Sinistcha|99/100
|-heal|p2b: Miraidon|100/100
|
|-heal|p2a: Sinistcha|100/100|[from] item: Leftovers
|-damage|p2b: Miraidon|88/100|[from] move: Fire Spin|[partiallytrapped]
|-damage|p2a: Sinistcha|88/100|[from] move: Fire Spin|[partiallytrapped]
|upkeep
|
|t:|1750804245
|switch|p1a: Ho-Oh|Ho-Oh, L50|43/100 psn
|turn|9
|
|t:|1750804255
|move|p1b: Eternatus|Protect|p1b: Eternatus
|-singleturn|p1b: Eternatus|Protect
|move|p2b: Miraidon|Electro Drift|p1a: Ho-Oh
|-supereffective|p1a: Ho-Oh
|-damage|p1a: Ho-Oh|0 fnt
|-damage|p2b: Miraidon|72/100|[from] item: Rocky Helmet|[of] p1a: Ho-Oh
|faint|p1a: Ho-Oh
|move|p2a: Sinistcha|Life Dew|p2a: Sinistcha|[spread] p2a,p2b
|-heal|p2a: Sinistcha|100/100
|-heal|p2b: Miraidon|97/100
|
|-damage|p2b: Miraidon|85/100|[from] move: Fire Spin|[partiallytrapped]
|-damage|p2a: Sinistcha|88/100|[from] move: Fire Spin|[partiallytrapped]
|upkeep
|turn|10
|-message|RSA9 forfeited.
|
|win|Diegopf21
|raw|RSA9's rating: 1193 &rarr; <strong>1162</strong><br />(-31 for losing)
|raw|Diegopf21's rating: 1104 &rarr; <strong>1135</strong><br />(+31 for winning)
|l|☆RSA9
|player|p1|
|l|☆Diegopf21
|player|p2|
