|j|☆kingbananahammock
|j|☆svenblack
|t:|1750720705
|gametype|doubles
|player|p1|kingbananahammock|266|1113
|player|p2|svenblack|ltsurge|1094
|teamsize|p1|6
|teamsize|p2|6
|gen|9
|tier|[Gen 9] VGC 2025 Reg I
|rated|
|rule|Species Clause: Limit one of each Pokémon
|rule|Item Clause: Limit 1 of each item
|clearpoke
|poke|p1|Kyogre, L50|
|poke|p1|Venomoth, L50, M|
|poke|p1|Rillaboom, L50, M|
|poke|p1|Zamazenta-*, L50|
|poke|p1|Rhydon, L50, M|
|poke|p1|Tornadus, L50, M|
|poke|p2|Sylveon, L50, F|
|poke|p2|Sableye, L50, M|
|poke|p2|Koraidon, L50|
|poke|p2|Groudon, L50|
|poke|p2|Hitmontop, L50, M|
|poke|p2|Regieleki, L50|
|teampreview|4
|inactive|Battle timer is ON: inactive players will automatically lose when time's up. (requested by svenblack)
|
|t:|1750720748
|start
|switch|p1a: Tornadus|Tornadus, L50, M|100/100
|switch|p1b: Rillaboom|Rillaboom, L50, M|100/100
|switch|p2a: Sylveon|Sylveon, L50, F, shiny|100/100
|switch|p2b: Hitmontop|Hitmontop, L50, M|100/100
|-fieldstart|move: Grassy Terrain|[from] ability: Grassy Surge|[of] p1b: Rillaboom
|-ability|p2b: Hitmontop|Intimidate|boost
|-unboost|p1a: Tornadus|atk|1
|-unboost|p1b: Rillaboom|atk|1
|turn|1
|
|t:|1750720760
|move|p1b: Rillaboom|Fake Out|p2a: Sylveon
|-damage|p2a: Sylveon|90/100
|move|p2b: Hitmontop|Fake Out|p1a: Tornadus
|-damage|p1a: Tornadus|85/100
|move|p1a: Tornadus|Bleakwind Storm|p2a: Sylveon|[spread] p2a,p2b
|-supereffective|p2b: Hitmontop
|-damage|p2a: Sylveon|66/100
|-damage|p2b: Hitmontop|39/100
|cant|p2a: Sylveon|flinch
|
|-heal|p2b: Hitmontop|45/100|[from] Grassy Terrain
|-heal|p2b: Hitmontop|51/100|[from] item: Leftovers
|-heal|p2a: Sylveon|72/100|[from] Grassy Terrain
|upkeep
|turn|2
|
|t:|1750720781
|move|p2b: Hitmontop|Wide Guard|p2b: Hitmontop
|-singleturn|p2b: Hitmontop|Wide Guard
|move|p1b: Rillaboom|Wood Hammer|p2a: Sylveon
|-damage|p2a: Sylveon|5/100
|-damage|p1b: Rillaboom|75/100|[from] Recoil
|move|p1a: Tornadus|Bleakwind Storm|p2b: Hitmontop|[spread] 
|-activate|p2a: Sylveon|move: Wide Guard
|-activate|p2b: Hitmontop|move: Wide Guard
|move|p2a: Sylveon|Hyper Voice|p1b: Rillaboom|[spread] p1a,p1b
|-damage|p1a: Tornadus|45/100
|-damage|p1b: Rillaboom|28/100
|-damage|p2a: Sylveon|0 fnt|[from] item: Life Orb
|faint|p2a: Sylveon
|
|-heal|p1b: Rillaboom|34/100|[from] Grassy Terrain
|-heal|p2b: Hitmontop|57/100|[from] Grassy Terrain
|-heal|p2b: Hitmontop|62/100|[from] item: Leftovers
|upkeep
|
|t:|1750720798
|switch|p2a: Koraidon|Koraidon, L50|100/100
|-weather|SunnyDay|[from] ability: Orichalcum Pulse|[of] p2a: Koraidon
|-activate|p2a: Koraidon|Orichalcum Pulse|[source]
|turn|3
|
|t:|1750720820
|-terastallize|p2a: Koraidon|Fire
|move|p2b: Hitmontop|Wide Guard|p2b: Hitmontop
|-singleturn|p2b: Hitmontop|Wide Guard
|move|p1a: Tornadus|Rain Dance|p1a: Tornadus
|-weather|RainDance
|move|p2a: Koraidon|Flame Charge|p1a: Tornadus
|-damage|p1a: Tornadus|23/100
|-boost|p2a: Koraidon|spe|1
|move|p1b: Rillaboom|U-turn|p2b: Hitmontop
|-resisted|p2b: Hitmontop
|-damage|p2b: Hitmontop|53/100
|
|t:|1750720838
|switch|p1b: Zamazenta|Zamazenta-Crowned, L50|100/100|[from] U-turn
|-ability|p1b: Zamazenta|Dauntless Shield|boost
|-boost|p1b: Zamazenta|def|1
|
|-weather|RainDance|[upkeep]
|-heal|p2b: Hitmontop|59/100|[from] Grassy Terrain
|-heal|p2b: Hitmontop|65/100|[from] item: Leftovers
|upkeep
|turn|4
|inactive|kingbananahammock has 30 seconds left.
|
|t:|1750720870
|switch|p2b: Groudon|Groudon, L50|100/100
|-weather|SunnyDay|[from] ability: Drought|[of] p2b: Groudon
|move|p1a: Tornadus|Rain Dance|p1a: Tornadus
|-weather|RainDance
|move|p2a: Koraidon|Flare Blitz|p1b: Zamazenta
|-supereffective|p1b: Zamazenta
|-damage|p1b: Zamazenta|70/100
|-damage|p2a: Koraidon|89/100|[from] Recoil
|move|p1b: Zamazenta|Body Press|p2a: Koraidon
|-crit|p2a: Koraidon
|-damage|p2a: Koraidon|14/100
|
|-weather|RainDance|[upkeep]
|-heal|p2a: Koraidon|19/100|[from] Grassy Terrain
|-heal|p1b: Zamazenta|76/100|[from] Grassy Terrain
|upkeep
|turn|5
|
|t:|1750720888
|-terastallize|p1b: Zamazenta|Grass
|move|p2a: Koraidon|Protect|p2a: Koraidon
|-singleturn|p2a: Koraidon|Protect
|move|p1a: Tornadus|Tailwind|p1a: Tornadus
|-sidestart|p1: kingbananahammock|move: Tailwind
|move|p1b: Zamazenta|Body Press|p2a: Koraidon
|-activate|p2a: Koraidon|move: Protect
|move|p2b: Groudon|Precipice Blades|p1b: Zamazenta|[spread] p1b
|-immune|p1a: Tornadus
|-resisted|p1b: Zamazenta
|-damage|p1b: Zamazenta|63/100
|
|-weather|RainDance|[upkeep]
|-heal|p1b: Zamazenta|69/100|[from] Grassy Terrain
|-heal|p2a: Koraidon|25/100|[from] Grassy Terrain
|-fieldend|move: Grassy Terrain
|upkeep
|turn|6
|
|t:|1750720910
|switch|p2a: Hitmontop|Hitmontop, L50, M|65/100
|-ability|p2a: Hitmontop|Intimidate|boost
|-unboost|p1a: Tornadus|atk|1
|-unboost|p1b: Zamazenta|atk|1
|move|p1b: Zamazenta|Body Press|p2a: Hitmontop
|-damage|p2a: Hitmontop|5/100
|move|p1a: Tornadus|Bleakwind Storm|p2b: Groudon|[spread] p2a,p2b
|-supereffective|p2a: Hitmontop
|-damage|p2a: Hitmontop|0 fnt
|-damage|p2b: Groudon|82/100
|faint|p2a: Hitmontop
|move|p2b: Groudon|Rock Slide|p1b: Zamazenta|[spread] p1a,p1b
|-supereffective|p1a: Tornadus
|-damage|p1a: Tornadus|0 fnt
|-damage|p1b: Zamazenta|59/100
|faint|p1a: Tornadus
|
|-weather|RainDance|[upkeep]
|upkeep
|
|t:|1750720923
|switch|p1a: Rillaboom|Rillaboom, L50, M|34/100
|switch|p2a: Koraidon|Koraidon, L50, tera:Fire|25/100
|-fieldstart|move: Grassy Terrain|[from] ability: Grassy Surge|[of] p1a: Rillaboom
|-weather|SunnyDay|[from] ability: Orichalcum Pulse|[of] p2a: Koraidon
|-activate|p2a: Koraidon|Orichalcum Pulse|[source]
|turn|7
|
|t:|1750720943
|switch|p1a: Kyogre|Kyogre, L50|100/100
|-weather|RainDance|[from] ability: Drizzle|[of] p1a: Kyogre
|move|p2a: Koraidon|Protect|p2a: Koraidon
|-singleturn|p2a: Koraidon|Protect
|move|p1b: Zamazenta|Body Press|p2a: Koraidon
|-activate|p2a: Koraidon|move: Protect
|move|p2b: Groudon|Heat Crash|p1a: Kyogre
|-resisted|p1a: Kyogre
|-damage|p1a: Kyogre|93/100
|
|-weather|RainDance|[upkeep]
|-heal|p1b: Zamazenta|65/100|[from] Grassy Terrain
|-heal|p1a: Kyogre|99/100|[from] Grassy Terrain
|-heal|p2a: Koraidon|31/100|[from] Grassy Terrain
|-heal|p2b: Groudon|87/100|[from] Grassy Terrain
|upkeep
|turn|8
|-message|svenblack forfeited.
|
|win|kingbananahammock
|raw|kingbananahammock's rating: 1113 &rarr; <strong>1137</strong><br />(+24 for winning)
|raw|svenblack's rating: 1094 &rarr; <strong>1071</strong><br />(-23 for losing)
|l|☆svenblack
|player|p2|
