|j|☆Titans34
|j|☆Alexfind
|t:|1750767904
|gametype|doubles
|player|p1|Titans34|266|1322
|player|p2|Alexfind|265|1376
|teamsize|p1|6
|teamsize|p2|6
|gen|9
|tier|[Gen 9] VGC 2025 Reg I
|rated|
|rule|Species Clause: Limit one of each Pokémon
|rule|Item Clause: Limit 1 of each item
|clearpoke
|poke|p1|Koraidon, L50|
|poke|p1|Scovillain, L50, M|
|poke|p1|Walking Wake, L50|
|poke|p1|Calyrex-Ice, L50|
|poke|p1|Torkoal, L50, M|
|poke|p1|Metagross, L50|
|poke|p2|Stonjourner, L50, M|
|poke|p2|Rayquaza, L50|
|poke|p2|Zamazenta-*, L50|
|poke|p2|Ting-Lu, L50|
|poke|p2|Raichu, L50, F|
|poke|p2|Ogerpon-Hearthflame, L50, F|
|teampreview|4
|inactive|Battle timer is ON: inactive players will automatically lose when time's up. (requested by Alexfind)
|
|t:|1750767935
|start
|switch|p1a: Koraidon|Koraidon, L50|100/100
|switch|p1b: Scovillain|Scovillain, L50, M|100/100
|switch|p2a: Rayquaza|Rayquaza, L50|100/100
|switch|p2b: Stonjourner|Stonjourner, L50, M|100/100
|-weather|SunnyDay|[from] ability: Orichalcum Pulse|[of] p1a: Koraidon
|-activate|p1a: Koraidon|Orichalcum Pulse|[source]
|-ability|p2a: Rayquaza|Air Lock
|turn|1
|
|t:|1750767955
|move|p1a: Koraidon|Breaking Swipe|p2a: Rayquaza|[spread] p2a,p2b
|-supereffective|p2a: Rayquaza
|-damage|p2a: Rayquaza|47/100
|-damage|p2b: Stonjourner|85/100
|-unboost|p2b: Stonjourner|atk|1
|move|p2a: Rayquaza|Dragon Ascent|p1b: Scovillain
|-supereffective|p1b: Scovillain
|-enditem|p1b: Scovillain|Focus Sash
|-damage|p1b: Scovillain|1/100
|-unboost|p2a: Rayquaza|def|1
|-unboost|p2a: Rayquaza|spd|1
|move|p1b: Scovillain|Spicy Extract|p1a: Koraidon
|-fail|p1a: Koraidon|unboost|[from] item: Clear Amulet|[of] p1a: Koraidon
|-boost|p1a: Koraidon|atk|2
|move|p2b: Stonjourner|Bulldoze|p1a: Koraidon|[spread] p1a,p1b
|-immune|p2a: Rayquaza
|-damage|p1a: Koraidon|92/100
|-damage|p1b: Scovillain|0 fnt
|faint|p1b: Scovillain
|
|-weather|SunnyDay|[upkeep]
|upkeep
|
|t:|1750767977
|switch|p1b: Walking Wake|Walking Wake, L50|100/100
|turn|2
|
|t:|1750767992
|move|p2a: Rayquaza|Protect|p2a: Rayquaza
|-singleturn|p2a: Rayquaza|Protect
|move|p1a: Koraidon|Breaking Swipe|p2b: Stonjourner|[spread] p2b
|-activate|p2a: Rayquaza|move: Protect
|-damage|p2b: Stonjourner|52/100
|-unboost|p2b: Stonjourner|atk|1
|move|p1b: Walking Wake|Hydro Steam|p2b: Stonjourner
|-supereffective|p2b: Stonjourner
|-damage|p2b: Stonjourner|0 fnt
|faint|p2b: Stonjourner
|-damage|p1b: Walking Wake|91/100|[from] item: Life Orb
|
|-weather|SunnyDay|[upkeep]
|upkeep
|
|t:|1750768000
|switch|p2b: Zamazenta|Zamazenta-Crowned, L50|100/100
|-ability|p2b: Zamazenta|Dauntless Shield|boost
|-boost|p2b: Zamazenta|def|1
|turn|3
|
|t:|1750768018
|-terastallize|p2b: Zamazenta|Water
|move|p2a: Rayquaza|Extreme Speed|p1a: Koraidon
|-damage|p1a: Koraidon|65/100
|move|p1a: Koraidon|Breaking Swipe|p2b: Zamazenta|[spread] p2a,p2b
|-supereffective|p2a: Rayquaza
|-damage|p2a: Rayquaza|0 fnt
|-damage|p2b: Zamazenta|81/100
|-unboost|p2b: Zamazenta|atk|1
|faint|p2a: Rayquaza
|-activate|p1b: Walking Wake|ability: Protosynthesis
|-start|p1b: Walking Wake|protosynthesisspa
|move|p1b: Walking Wake|Weather Ball|p2b: Zamazenta
|-resisted|p2b: Zamazenta
|-damage|p2b: Zamazenta|54/100
|-damage|p1b: Walking Wake|81/100|[from] item: Life Orb
|move|p2b: Zamazenta|Body Press|p1a: Koraidon
|-damage|p1a: Koraidon|5/100
|
|-weather|SunnyDay|[upkeep]
|upkeep
|
|t:|1750768027
|switch|p2a: Ogerpon|Ogerpon-Hearthflame, L50, F|100/100
|-ability|p2a: Ogerpon|Mold Breaker
|turn|4
|
|t:|1750768045
|move|p2a: Ogerpon|Spiky Shield|p2a: Ogerpon
|-singleturn|p2a: Ogerpon|move: Protect
|move|p1a: Koraidon|Collision Course|p2b: Zamazenta
|-damage|p2b: Zamazenta|0 fnt
|faint|p2b: Zamazenta
|move|p1b: Walking Wake|Hydro Steam|p2a: Ogerpon
|-activate|p2a: Ogerpon|move: Protect
|
|-weather|SunnyDay|[upkeep]
|upkeep
|turn|5
|-message|Alexfind forfeited.
|
|win|Titans34
|raw|Titans34's rating: 1322 &rarr; <strong>1345</strong><br />(+23 for winning)
|raw|Alexfind's rating: 1376 &rarr; <strong>1353</strong><br />(-23 for losing)
|l|☆Alexfind
|player|p2|
|l|☆Titans34
|player|p1|
