|j|☆TryingsumNeww
|j|☆Slowpoke Well YT
|t:|1750790172
|gametype|doubles
|player|p1|TryingsumNeww|hilda|1327
|player|p2|Slowpoke Well YT|ethan|1384
|teamsize|p1|6
|teamsize|p2|6
|gen|9
|tier|[Gen 9] VGC 2025 Reg I
|rated|
|rule|Species Clause: Limit one of each Pokémon
|rule|Item Clause: Limit 1 of each item
|clearpoke
|poke|p1|Kyogre, L50|
|poke|p1|Mimikyu, L50, M|
|poke|p1|Calyrex-Ice, L50|
|poke|p1|Rhydon, L50, F|
|poke|p1|Urshifu-*, L50, F|
|poke|p1|Armarouge, L50, M|
|poke|p2|Koraidon, L50|
|poke|p2|Flutter Mane, L50|
|poke|p2|Chi-Yu, L50|
|poke|p2|Calyrex-Shadow, L50|
|poke|p2|Raging Bolt, L50|
|poke|p2|Ogerpon-Hearthflame, L50, F|
|teampreview|4
|inactive|Battle timer is ON: inactive players will automatically lose when time's up. (requested by Slowpoke Well YT)
|inactive|TryingsumNeww has 60 seconds left.
|inactive|Slowpoke Well YT has 60 seconds left.
|inactive|Slowpoke Well YT has 30 seconds left.
|inactive|Slowpoke Well YT has 20 seconds left.
|inactive|Slowpoke Well YT has 15 seconds left.
|inactive|Slowpoke Well YT has 10 seconds left.
|
|t:|1750790256
|start
|switch|p1a: Urshifu|Urshifu, L50, F|100/100
|switch|p1b: Mimikyu|Mimikyu, L50, M|100/100
|switch|p2a: Chi-Yu|Chi-Yu, L50|100/100
|switch|p2b: Calyrex|Calyrex-Shadow, L50|100/100
|-ability|p2b: Calyrex|As One
|-ability|p2b: Calyrex|Unnerve
|-ability|p2a: Chi-Yu|Beads of Ruin
|turn|1
|inactive|TryingsumNeww has 30 seconds left.
|inactive|TryingsumNeww has 20 seconds left.
|
|t:|1750790292
|switch|p2b: Koraidon|Koraidon, L50|100/100
|-weather|SunnyDay|[from] ability: Orichalcum Pulse|[of] p2b: Koraidon
|-activate|p2b: Koraidon|Orichalcum Pulse|[source]
|move|p1a: Urshifu|Sucker Punch||[still]
|-fail|p1a: Urshifu
|move|p1b: Mimikyu|Shadow Sneak|p2b: Koraidon
|-damage|p2b: Koraidon|83/100
|move|p2a: Chi-Yu|Heat Wave|p1b: Mimikyu|[spread] p1a,p1b
|-enditem|p1a: Urshifu|Focus Sash
|-damage|p1a: Urshifu|1/100
|-activate|p1b: Mimikyu|ability: Disguise
|-damage|p1b: Mimikyu|100/100
|-status|p1b: Mimikyu|brn
|detailschange|p1b: Mimikyu|Mimikyu-Busted, L50, M
|-damage|p1b: Mimikyu|88/100 brn|[from] pokemon: Mimikyu-Busted
|
|-weather|SunnyDay|[upkeep]
|-damage|p1b: Mimikyu|82/100 brn|[from] brn
|upkeep
|turn|2
|inactive|TryingsumNeww has 30 seconds left.
|inactive|Slowpoke Well YT has 30 seconds left.
|inactive|TryingsumNeww has 20 seconds left.
|
|t:|1750790328
|-terastallize|p2b: Koraidon|Fire
|-terastallize|p1b: Mimikyu|Water
|move|p1a: Urshifu|Sucker Punch|p2a: Chi-Yu
|-resisted|p2a: Chi-Yu
|-damage|p2a: Chi-Yu|68/100
|move|p2a: Chi-Yu|Heat Wave|p1b: Mimikyu|[spread] p1b
|-miss|p2a: Chi-Yu|p1a: Urshifu
|-resisted|p1b: Mimikyu
|-damage|p1b: Mimikyu|34/100 brn
|move|p2b: Koraidon|Flame Charge|p1b: Mimikyu
|-resisted|p1b: Mimikyu
|-damage|p1b: Mimikyu|0 fnt
|-boost|p2b: Koraidon|spe|1
|faint|p1b: Mimikyu
|-damage|p2b: Koraidon|73/100|[from] item: Life Orb
|
|-weather|SunnyDay|[upkeep]
|upkeep
|inactive|TryingsumNeww has 30 seconds left.
|
|t:|1750790355
|switch|p1b: Kyogre|Kyogre, L50|100/100
|-weather|RainDance|[from] ability: Drizzle|[of] p1b: Kyogre
|turn|3
|
|t:|1750790367
|move|p1a: Urshifu|Protect|p1a: Urshifu
|-singleturn|p1a: Urshifu|Protect
|move|p2b: Koraidon|Close Combat|p1b: Kyogre
|-damage|p1b: Kyogre|8/100
|-unboost|p2b: Koraidon|def|1
|-unboost|p2b: Koraidon|spd|1
|-damage|p2b: Koraidon|63/100|[from] item: Life Orb
|move|p2a: Chi-Yu|Heat Wave|p1b: Kyogre|[spread] p1b
|-activate|p1a: Urshifu|move: Protect
|-resisted|p1b: Kyogre
|-damage|p1b: Kyogre|2/100
|move|p1b: Kyogre|Origin Pulse|p2a: Chi-Yu|[spread] p2a,p2b
|-supereffective|p2a: Chi-Yu
|-supereffective|p2b: Koraidon
|-damage|p2a: Chi-Yu|0 fnt
|-damage|p2b: Koraidon|0 fnt
|faint|p2a: Chi-Yu
|faint|p2b: Koraidon
|
|-weather|RainDance|[upkeep]
|upkeep
|inactive|Slowpoke Well YT has 30 seconds left.
|inactive|Slowpoke Well YT has 20 seconds left.
|c|☆TryingsumNeww|A Vest
|c|☆TryingsumNeww|goated
|inactive|Slowpoke Well YT has 15 seconds left.
|
|t:|1750790409
|switch|p2b: Flutter Mane|Flutter Mane, L50|100/100
|switch|p2a: Calyrex|Calyrex-Shadow, L50|100/100
|-ability|p2a: Calyrex|As One
|-ability|p2a: Calyrex|Unnerve
|turn|4
|c|☆Slowpoke Well YT|can't argue with that
|c|☆TryingsumNeww|I’m so cooked
|inactive|Slowpoke Well YT has 30 seconds left.
|inactive|Slowpoke Well YT has 20 seconds left.
|inactive|Slowpoke Well YT has 15 seconds left.
|
|t:|1750790450
|move|p1a: Urshifu|Sucker Punch|p2a: Calyrex
|-supereffective|p2a: Calyrex
|-damage|p2a: Calyrex|0 fnt
|faint|p2a: Calyrex
|move|p2b: Flutter Mane|Icy Wind|p1a: Urshifu|[spread] p1a,p1b
|-resisted|p1b: Kyogre
|-damage|p1a: Urshifu|0 fnt
|-damage|p1b: Kyogre|0 fnt
|faint|p1a: Urshifu
|faint|p1b: Kyogre
|
|-weather|RainDance|[upkeep]
|upkeep
|
|t:|1750790462
|switch|p1b: Calyrex|Calyrex-Ice, L50|100/100
|-ability|p1b: Calyrex|As One
|-ability|p1b: Calyrex|Unnerve
|turn|5
|c|☆TryingsumNeww|Hmmmmmmmm
|
|t:|1750790481
|move|p2b: Flutter Mane|Shadow Ball|p1b: Calyrex
|-supereffective|p1b: Calyrex
|-damage|p1b: Calyrex|40/100
|move|p1b: Calyrex|Glacial Lance|p2b: Flutter Mane
|-enditem|p2b: Flutter Mane|Focus Sash
|-damage|p2b: Flutter Mane|1/100
|
|-weather|RainDance|[upkeep]
|upkeep
|turn|6
|
|t:|1750790497
|move|p1b: Calyrex|Protect|p1b: Calyrex
|-singleturn|p1b: Calyrex|Protect
|move|p2b: Flutter Mane|Shadow Ball|p1b: Calyrex
|-activate|p1b: Calyrex|move: Protect
|
|-weather|RainDance|[upkeep]
|upkeep
|turn|7
|
|t:|1750790504
|move|p2b: Flutter Mane|Shadow Ball|p1b: Calyrex
|-supereffective|p1b: Calyrex
|-damage|p1b: Calyrex|0 fnt
|faint|p1b: Calyrex
|
|win|Slowpoke Well YT
|raw|TryingsumNeww's rating: 1327 &rarr; <strong>1310</strong><br />(-17 for losing)
|raw|Slowpoke Well YT's rating: 1384 &rarr; <strong>1401</strong><br />(+17 for winning)
|c|☆TryingsumNeww|Gg
|c|☆Slowpoke Well YT|gg
|l|☆Slowpoke Well YT
|player|p2|
|c|☆TryingsumNeww|Wish I got trickroom up
