|j|☆VioletsandViolence
|j|☆Tannacious
|t:|1750864105
|gametype|doubles
|player|p1|VioletsandViolence|darach-caitlin|1236
|player|p2|Tannacious|101|1243
|teamsize|p1|6
|teamsize|p2|6
|gen|9
|tier|[Gen 9] VGC 2025 Reg I
|rated|
|rule|Species Clause: Limit one of each Pokémon
|rule|Item Clause: Limit 1 of each item
|clearpoke
|poke|p1|Miraidon, L50|
|poke|p1|Kyogre, L50|
|poke|p1|Incineroar, L50, F|
|poke|p1|Whimsicott, L50, M|
|poke|p1|Landorus, L50, M|
|poke|p1|Kingambit, L50, F|
|poke|p2|Lunala, L50|
|poke|p2|Ursaluna, L50, F|
|poke|p2|Urshifu-*, L50, F|
|poke|p2|Miraidon, L50|
|poke|p2|Grimmsnarl, L50, M|
|poke|p2|Incineroar, L50, F|
|teampreview|4
|inactive|Battle timer is ON: inactive players will automatically lose when time's up. (requested by Tannacious)
|inactive|Tannacious has 60 seconds left.
|
|t:|1750864142
|start
|switch|p1a: Kingambit|Kingambit, L50, F|100/100
|switch|p1b: Kyogre|Kyogre, L50|100/100
|switch|p2a: Grimmsnarl|Grimmsnarl, L50, M|100/100
|switch|p2b: Miraidon|Miraidon, L50|100/100
|-fieldstart|move: Electric Terrain|[from] ability: Hadron Engine|[of] p2b: Miraidon
|-weather|RainDance|[from] ability: Drizzle|[of] p1b: Kyogre
|turn|1
|
|t:|1750864165
|switch|p1b: Landorus|Landorus, L50, M|100/100
|move|p2a: Grimmsnarl|Thunder Wave|p1b: Landorus
|-immune|p1b: Landorus
|move|p1a: Kingambit|Sucker Punch|p2b: Miraidon
|-damage|p2b: Miraidon|60/100
|move|p2b: Miraidon|Electro Drift|p1a: Kingambit
|-damage|p1a: Kingambit|3/100
|
|-weather|RainDance|[upkeep]
|upkeep
|turn|2
|inactive|Tannacious has 30 seconds left.
|
|t:|1750864195
|switch|p1a: Incineroar|Incineroar, L50, F|100/100
|-ability|p1a: Incineroar|Intimidate|boost
|-unboost|p2a: Grimmsnarl|atk|1
|-unboost|p2b: Miraidon|atk|1
|move|p2a: Grimmsnarl|Reflect|p2a: Grimmsnarl
|-sidestart|p2: Tannacious|Reflect
|move|p1b: Landorus|Sandsear Storm|p2a: Grimmsnarl|[spread] p2a,p2b
|-supereffective|p2b: Miraidon
|-damage|p2a: Grimmsnarl|51/100
|-damage|p2b: Miraidon|0 fnt
|faint|p2b: Miraidon
|
|-weather|RainDance|[upkeep]
|upkeep
|
|t:|1750864204
|switch|p2b: Lunala|Lunala, L50|100/100
|-enditem|p2b: Lunala|Electric Seed
|-boost|p2b: Lunala|def|1|[from] item: Electric Seed
|turn|3
|inactive|Tannacious has 30 seconds left.
|inactive|Tannacious has 20 seconds left.
|
|t:|1750864239
|-terastallize|p2a: Grimmsnarl|Ghost
|move|p1b: Landorus|Sludge Bomb|p2a: Grimmsnarl
|-resisted|p2a: Grimmsnarl
|-damage|p2a: Grimmsnarl|29/100
|move|p2a: Grimmsnarl|Spirit Break|p1a: Incineroar
|-damage|p1a: Incineroar|84/100
|move|p1a: Incineroar|Knock Off|p2b: Lunala
|-supereffective|p2b: Lunala
|-damage|p2b: Lunala|84/100
|move|p2b: Lunala|Trick Room|p2b: Lunala
|-fieldstart|move: Trick Room|[of] p2b: Lunala
|
|-weather|RainDance|[upkeep]
|upkeep
|turn|4
|
|t:|1750864261
|move|p1b: Landorus|Protect|p1b: Landorus
|-singleturn|p1b: Landorus|Protect
|move|p1a: Incineroar|Knock Off|p2a: Grimmsnarl
|-supereffective|p2a: Grimmsnarl
|-damage|p2a: Grimmsnarl|0 fnt
|-enditem|p2a: Grimmsnarl|Light Clay|[from] move: Knock Off|[of] p1a: Incineroar
|faint|p2a: Grimmsnarl
|move|p2b: Lunala|Moongeist Beam|p1b: Landorus
|-activate|p1b: Landorus|move: Protect
|
|-weather|RainDance|[upkeep]
|upkeep
|
|t:|1750864265
|switch|p2a: Ursaluna|Ursaluna, L50, F|100/100
|turn|5
|inactive|VioletsandViolence has 30 seconds left.
|inactive|VioletsandViolence has 20 seconds left.
|
|t:|1750864303
|switch|p1a: Kingambit|Kingambit, L50, F|3/100
|move|p2b: Lunala|Wide Guard|p2b: Lunala
|-singleturn|p2b: Lunala|Wide Guard
|move|p2a: Ursaluna|Earthquake|p1a: Kingambit|[spread] p1a
|-activate|p2b: Lunala|move: Wide Guard
|-immune|p1b: Landorus
|-supereffective|p1a: Kingambit
|-damage|p1a: Kingambit|0 fnt
|faint|p1a: Kingambit
|move|p1b: Landorus|Sandsear Storm|p2a: Ursaluna|[spread] 
|-activate|p2a: Ursaluna|move: Wide Guard
|-activate|p2b: Lunala|move: Wide Guard
|
|-weather|none
|-fieldend|move: Electric Terrain
|-status|p2a: Ursaluna|brn|[from] item: Flame Orb
|upkeep
|
|t:|1750864319
|switch|p1a: Incineroar|Incineroar, L50, F|84/100
|-ability|p1a: Incineroar|Intimidate|boost
|-unboost|p2a: Ursaluna|atk|1
|-unboost|p2b: Lunala|atk|1
|turn|6
|
|t:|1750864338
|move|p1a: Incineroar|Fake Out|p2a: Ursaluna
|-damage|p2a: Ursaluna|95/100 brn
|cant|p2a: Ursaluna|flinch
|move|p2b: Lunala|Moongeist Beam|p1b: Landorus
|-damage|p1b: Landorus|25/100
|move|p1b: Landorus|Earth Power|p2b: Lunala
|-damage|p2b: Lunala|33/100
|
|-damage|p2a: Ursaluna|89/100 brn|[from] brn
|upkeep
|turn|7
|inactive|VioletsandViolence has 30 seconds left.
|inactive|Tannacious has 30 seconds left.
|inactive|Tannacious has 20 seconds left.
|inactive|VioletsandViolence has 20 seconds left.
|inactive|VioletsandViolence has 15 seconds left.
|inactive|VioletsandViolence has 10 seconds left.
|
|t:|1750864394
|-terastallize|p1a: Incineroar|Bug
|move|p1b: Landorus|Protect|p1b: Landorus
|-singleturn|p1b: Landorus|Protect
|move|p2a: Ursaluna|Facade|p1a: Incineroar
|-damage|p1a: Incineroar|23/100
|move|p1a: Incineroar|Parting Shot|p2a: Ursaluna
|-unboost|p2a: Ursaluna|atk|1
|-unboost|p2a: Ursaluna|spa|1
|
|t:|1750864403
|switch|p1a: Kyogre|Kyogre, L50|100/100|[from] Parting Shot
|-weather|RainDance|[from] ability: Drizzle|[of] p1a: Kyogre
|move|p2b: Lunala|Moonblast|p1a: Kyogre
|-damage|p1a: Kyogre|85/100
|-unboost|p1a: Kyogre|spa|1
|
|-weather|RainDance|[upkeep]
|-damage|p2a: Ursaluna|83/100 brn|[from] brn
|-fieldend|move: Trick Room
|upkeep
|turn|8
|
|t:|1750864427
|switch|p1a: Incineroar|Incineroar, L50, F, tera:Bug|23/100
|-ability|p1a: Incineroar|Intimidate|boost
|-unboost|p2a: Ursaluna|atk|1
|-unboost|p2b: Lunala|atk|1
|move|p2b: Lunala|Wide Guard|p2b: Lunala
|-singleturn|p2b: Lunala|Wide Guard
|move|p1b: Landorus|Earth Power|p2b: Lunala
|-damage|p2b: Lunala|0 fnt
|faint|p2b: Lunala
|move|p2a: Ursaluna|Facade|p1a: Incineroar
|-damage|p1a: Incineroar|0 fnt
|faint|p1a: Incineroar
|
|-weather|RainDance|[upkeep]
|-damage|p2a: Ursaluna|77/100 brn|[from] brn
|upkeep
|c|☆Tannacious|ggwp
|
|t:|1750864441
|switch|p1a: Kyogre|Kyogre, L50|85/100
|turn|9
|c|☆Tannacious|i wonder where I lost
|c|☆VioletsandViolence|gg
|-message|Tannacious forfeited.
|
|win|VioletsandViolence
|raw|VioletsandViolence's rating: 1236 &rarr; <strong>1262</strong><br />(+26 for winning)
|raw|Tannacious's rating: 1243 &rarr; <strong>1217</strong><br />(-26 for losing)
|l|☆Tannacious
|player|p2|
