|j|☆leshoegg
|j|☆Gibsteroni
|t:|1750799664
|gametype|doubles
|player|p1|leshoegg|101|1338
|player|p2|Gibsteroni|170|1409
|teamsize|p1|6
|teamsize|p2|6
|gen|9
|tier|[Gen 9] VGC 2025 Reg I
|rated|
|rule|Species Clause: Limit one of each Pokémon
|rule|Item Clause: Limit 1 of each item
|clearpoke
|poke|p1|Miraidon, L50|
|poke|p1|Calyrex-Ice, L50|
|poke|p1|Ogerpon-Wellspring, L50, F|
|poke|p1|Altaria, L50, F|
|poke|p1|Farigiraf, L50, F|
|poke|p1|Incineroar, L50, F|
|poke|p2|Giratina-Origin, L50|
|poke|p2|Amoonguss, L50, F|
|poke|p2|Terapagos, L50, M|
|poke|p2|Incineroar, L50, M|
|poke|p2|Arcanine, L50, M|
|poke|p2|Chien-Pao, L50|
|teampreview|4
|inactive|Battle timer is ON: inactive players will automatically lose when time's up. (requested by leshoegg)
Gibsteroni has agreed to open team sheets.
leshoegg has agreed to open team sheets.
|showteam|p1|Miraidon||LifeOrb|HadronEngine|ElectroDrift,ParabolicCharge,DazzlingGleam,Protect||||||50|,,,,,Fairy]Calyrex-Ice||Leftovers|AsOneGlastrier|GlacialLance,TrickRoom,Protect,HighHorsepower||||||50|,,,,,Water]Ogerpon-Wellspring||WellspringMask|WaterAbsorb|IvyCudgel,HornLeech,FollowMe,SpikyShield|||F|||50|,,,,,Water]Altaria||FocusSash|CloudNine|HelpingHand,Moonblast,DragonPulse,Protect|||F|||50|,,,,,Steel]Farigiraf||ElectricSeed|ArmorTail|FoulPlay,Psychic,TrickRoom,HelpingHand|||F|||50|,,,,,Water]Incineroar||SafetyGoggles|Intimidate|FakeOut,PartingShot,KnockOff,FlareBlitz|||F|||50|,,,,,Fire
|showteam|p2|Giratina-Origin||GriseousCore|Levitate|BreakingSwipe,WillOWisp,IronHead,Protect||||||50|,,,,,Steel]Amoonguss||SitrusBerry|Regenerator|Spore,RagePowder,PollenPuff,Protect|||F|||50|,,,,,Dark]Terapagos||CovertCloak|TeraShift|TeraStarstorm,EarthPower,CalmMind,Protect|||M|||50|,,,,,Stellar]Incineroar||ChopleBerry|Intimidate|FakeOut,PartingShot,FlareBlitz,KnockOff|||M|||50|,,,,,Ghost]Arcanine||SilkScarf|Intimidate|ExtremeSpeed,FlareBlitz,Howl,Protect|||M|||50|,,,,,Normal]Chien-Pao||FocusSash|SwordofRuin|IceSpinner,SuckerPunch,SacredSword,Protect||||||50|,,,,,Stellar
|inactive|leshoegg has 60 seconds left.
|inactive|Gibsteroni has 60 seconds left.
|
|t:|1750799705
|start
|switch|p1a: Calyrex|Calyrex-Ice, L50|100/100
|switch|p1b: Farigiraf|Farigiraf, L50, F|100/100
|switch|p2a: Giratina|Giratina-Origin, L50|100/100
|switch|p2b: Incineroar|Incineroar, L50, M|100/100
|-ability|p1a: Calyrex|As One
|-ability|p1a: Calyrex|Unnerve
|-ability|p2b: Incineroar|Intimidate|boost
|-unboost|p1a: Calyrex|atk|1
|-unboost|p1b: Farigiraf|atk|1
|turn|1
|inactive|Gibsteroni has 30 seconds left.
|inactive|Gibsteroni has 20 seconds left.
|inactive|Gibsteroni has 15 seconds left.
|inactive|Gibsteroni has 10 seconds left.
|
|t:|1750799752
|move|p2a: Giratina|Will-O-Wisp|p1a: Calyrex
|-status|p1a: Calyrex|brn
|move|p2b: Incineroar|Parting Shot|p1b: Farigiraf
|-unboost|p1b: Farigiraf|atk|1
|-unboost|p1b: Farigiraf|spa|1
|
|t:|1750799761
|switch|p2b: Arcanine|Arcanine, L50, M|100/100|[from] Parting Shot
|-ability|p2b: Arcanine|Intimidate|boost
|-unboost|p1a: Calyrex|atk|1
|-unboost|p1b: Farigiraf|atk|1
|move|p1a: Calyrex|Glacial Lance|p2b: Arcanine|[spread] p2a,p2b
|-supereffective|p2a: Giratina
|-resisted|p2b: Arcanine
|-damage|p2a: Giratina|83/100
|-damage|p2b: Arcanine|93/100
|move|p1b: Farigiraf|Trick Room|p1b: Farigiraf
|-fieldstart|move: Trick Room|[of] p1b: Farigiraf
|
|-damage|p1a: Calyrex|95/100 brn|[from] brn
|upkeep
|turn|2
|
|t:|1750799784
|switch|p1a: Incineroar|Incineroar, L50, F|100/100
|-ability|p1a: Incineroar|Intimidate|boost
|-unboost|p2a: Giratina|atk|1
|-unboost|p2b: Arcanine|atk|1
|move|p1b: Farigiraf|Foul Play|p2a: Giratina
|-supereffective|p2a: Giratina
|-damage|p2a: Giratina|54/100
|move|p2a: Giratina|Breaking Swipe|p1b: Farigiraf|[spread] p1a,p1b
|-crit|p1b: Farigiraf
|-damage|p1a: Incineroar|86/100
|-damage|p1b: Farigiraf|69/100
|-unboost|p1a: Incineroar|atk|1
|-unboost|p1b: Farigiraf|atk|1
|move|p2b: Arcanine|Howl|p2b: Arcanine|[spread] p2a,p2b
|-boost|p2a: Giratina|atk|1
|-boost|p2b: Arcanine|atk|1
|
|upkeep
|turn|3
|inactive|leshoegg has 30 seconds left.
|inactive|Gibsteroni has 30 seconds left.
|
|t:|1750799818
|move|p2a: Giratina|Protect|p2a: Giratina
|-singleturn|p2a: Giratina|Protect
|move|p1b: Farigiraf|Foul Play|p2a: Giratina
|-activate|p2a: Giratina|move: Protect
|move|p1a: Incineroar|Knock Off|p2b: Arcanine
|-damage|p2b: Arcanine|59/100
|-enditem|p2b: Arcanine|Silk Scarf|[from] move: Knock Off|[of] p1a: Incineroar
|move|p2b: Arcanine|Howl|p2b: Arcanine|[spread] p2a,p2b
|-boost|p2a: Giratina|atk|1
|-boost|p2b: Arcanine|atk|1
|
|upkeep
|turn|4
|
|t:|1750799837
|move|p1b: Farigiraf|Foul Play|p2a: Giratina
|-supereffective|p2a: Giratina
|-damage|p2a: Giratina|0 fnt
|faint|p2a: Giratina
|move|p1a: Incineroar|Knock Off|p2b: Arcanine
|-damage|p2b: Arcanine|35/100
|move|p2b: Arcanine|Howl|p2b: Arcanine
|-boost|p2b: Arcanine|atk|1
|
|upkeep
|
|t:|1750799848
|switch|p2a: Incineroar|Incineroar, L50, M|100/100
|-ability|p2a: Incineroar|Intimidate|boost
|-unboost|p1a: Incineroar|atk|1
|-unboost|p1b: Farigiraf|atk|1
|turn|5
|
|t:|1750799858
|switch|p1a: Miraidon|Miraidon, L50|100/100
|-fieldstart|move: Electric Terrain|[from] ability: Hadron Engine|[of] p1a: Miraidon
|-enditem|p1b: Farigiraf|Electric Seed
|-boost|p1b: Farigiraf|def|1|[from] item: Electric Seed
|move|p2b: Arcanine|Protect|p2b: Arcanine
|-singleturn|p2b: Arcanine|Protect
|move|p1b: Farigiraf|Psychic|p2b: Arcanine
|-activate|p2b: Arcanine|move: Protect
|move|p2a: Incineroar|Knock Off|p1b: Farigiraf
|-supereffective|p1b: Farigiraf
|-damage|p1b: Farigiraf|40/100
|
|-fieldend|move: Trick Room
|upkeep
|turn|6
|inactive|Gibsteroni has 30 seconds left.
|
|t:|1750799892
|move|p1b: Farigiraf|Helping Hand|p1a: Miraidon
|-singleturn|p1a: Miraidon|Helping Hand|[of] p1b: Farigiraf
|move|p1a: Miraidon|Parabolic Charge|p2b: Arcanine|[spread] p1b,p2a,p2b
|-crit|p2b: Arcanine
|-damage|p1b: Farigiraf|0 fnt
|-damage|p2a: Incineroar|27/100
|-damage|p2b: Arcanine|0 fnt
|faint|p1b: Farigiraf
|faint|p2b: Arcanine
|-damage|p1a: Miraidon|91/100|[from] item: Life Orb
|move|p2a: Incineroar|Parting Shot|p1a: Miraidon
|-unboost|p1a: Miraidon|atk|1
|-unboost|p1a: Miraidon|spa|1
|
|t:|1750799903
|switch|p2a: Chien-Pao|Chien-Pao, L50|100/100|[from] Parting Shot
|-ability|p2a: Chien-Pao|Sword of Ruin
|
|upkeep
|
|t:|1750799908
|switch|p2b: Incineroar|Incineroar, L50, M|27/100
|switch|p1b: Incineroar|Incineroar, L50, F|86/100
|-ability|p2b: Incineroar|Intimidate|boost
|-unboost|p1a: Miraidon|atk|1
|-unboost|p1b: Incineroar|atk|1
|-ability|p1b: Incineroar|Intimidate|boost
|-unboost|p2a: Chien-Pao|atk|1
|-unboost|p2b: Incineroar|atk|1
|turn|7
|inactive|Gibsteroni has 30 seconds left.
|
|t:|1750799934
|move|p1a: Miraidon|Protect|p1a: Miraidon
|-singleturn|p1a: Miraidon|Protect
|move|p2b: Incineroar|Fake Out|p1a: Miraidon
|-activate|p1a: Miraidon|move: Protect
|move|p2a: Chien-Pao|Sacred Sword|p1b: Incineroar
|-supereffective|p1b: Incineroar
|-damage|p1b: Incineroar|29/100
|move|p1b: Incineroar|Flare Blitz|p2a: Chien-Pao
|-supereffective|p2a: Chien-Pao
|-crit|p2a: Chien-Pao
|-enditem|p2a: Chien-Pao|Focus Sash
|-damage|p2a: Chien-Pao|1/100
|-status|p2a: Chien-Pao|brn
|-damage|p1b: Incineroar|4/100|[from] Recoil
|
|-damage|p2a: Chien-Pao|0 fnt|[from] brn
|faint|p2a: Chien-Pao
|upkeep
|turn|8
|
|t:|1750799955
|move|p1a: Miraidon|Electro Drift|p2b: Incineroar
|-damage|p2b: Incineroar|0 fnt
|faint|p2b: Incineroar
|-damage|p1a: Miraidon|81/100|[from] item: Life Orb
|
|win|leshoegg
|raw|leshoegg's rating: 1338 &rarr; <strong>1362</strong><br />(+24 for winning)
|raw|Gibsteroni's rating: 1409 &rarr; <strong>1385</strong><br />(-24 for losing)
|l|☆leshoegg
|player|p1|
|l|☆Gibsteroni
|player|p2|
