|j|☆cftgvhbj
|j|☆Capsubaru
|t:|1750724779
|gametype|doubles
|player|p1|cftgvhbj|1|1093
|player|p2|Capsubaru|colress|1171
|teamsize|p1|6
|teamsize|p2|6
|gen|9
|tier|[Gen 9] VGC 2025 Reg I
|rated|
|rule|Species Clause: Limit one of each Pokémon
|rule|Item Clause: Limit 1 of each item
|clearpoke
|poke|p1|Dialga-Origin, L50|
|poke|p1|Miraidon, L50|
|poke|p1|Iron Hands, L50|
|poke|p1|Whimsicott, L50, F|
|poke|p1|Incineroar, L50, F|
|poke|p1|Farigiraf, L50, M|
|poke|p2|Koraidon, L50|
|poke|p2|Scovillain, L50, M|
|poke|p2|Flutter Mane, L50|
|poke|p2|Miraidon, L50|
|poke|p2|Grimmsnarl, L50, M|
|poke|p2|Clefairy, L50, M|
|teampreview|4
|inactive|Battle timer is ON: inactive players will automatically lose when time's up. (requested by Capsubaru)
|
|t:|1750724798
|start
|switch|p1a: Incineroar|Incineroar, L50, F, shiny|100/100
|switch|p1b: Farigiraf|Farigiraf, L50, M|100/100
|switch|p2a: Koraidon|Koraidon, L50|100/100
|switch|p2b: Grimmsnarl|Grimmsnarl, L50, M|100/100
|-weather|SunnyDay|[from] ability: Orichalcum Pulse|[of] p2a: Koraidon
|-activate|p2a: Koraidon|Orichalcum Pulse|[source]
|-ability|p1a: Incineroar|Intimidate|boost
|-fail|p2a: Koraidon|unboost|[from] item: Clear Amulet|[of] p2a: Koraidon
|-unboost|p2b: Grimmsnarl|atk|1
|turn|1
|c|☆Capsubaru|Glhf
|inactive|Capsubaru has 30 seconds left.
|
|t:|1750724830
|switch|p1a: Dialga|Dialga-Origin, L50|100/100
|-ability|p1a: Dialga|Pressure
|-terastallize|p2a: Koraidon|Fire
|move|p2b: Grimmsnarl|Light Screen|p2b: Grimmsnarl
|-sidestart|p2: Capsubaru|move: Light Screen
|move|p2a: Koraidon|Flare Blitz|p1b: Farigiraf
|-damage|p1b: Farigiraf|0 fnt
|faint|p1b: Farigiraf
|-damage|p2a: Koraidon|60/100|[from] Recoil
|
|-weather|SunnyDay|[upkeep]
|upkeep
|
|t:|1750724845
|switch|p1b: Incineroar|Incineroar, L50, F, shiny|100/100
|-ability|p1b: Incineroar|Intimidate|boost
|-fail|p2a: Koraidon|unboost|[from] item: Clear Amulet|[of] p2a: Koraidon
|-unboost|p2b: Grimmsnarl|atk|1
|turn|2
|
|t:|1750724858
|switch|p2a: Clefairy|Clefairy, L50, M|100/100
|-terastallize|p1a: Dialga|Ground
|move|p1b: Incineroar|Fake Out|p2a: Clefairy
|-damage|p2a: Clefairy|91/100
|move|p2b: Grimmsnarl|Thunder Wave|p1a: Dialga
|-immune|p1a: Dialga
|move|p1a: Dialga|Flash Cannon|p2b: Grimmsnarl
|-supereffective|p2b: Grimmsnarl
|-damage|p2b: Grimmsnarl|44/100
|-unboost|p2b: Grimmsnarl|spd|1
|
|-weather|SunnyDay|[upkeep]
|upkeep
|turn|3
|j| chillymilez
|
|t:|1750724882
|move|p1a: Dialga|Flash Cannon|p2b: Grimmsnarl
|-supereffective|p2b: Grimmsnarl
|-crit|p2b: Grimmsnarl
|-damage|p2b: Grimmsnarl|0 fnt
|faint|p2b: Grimmsnarl
|move|p1b: Incineroar|Knock Off|p2a: Clefairy
|-resisted|p2a: Clefairy
|-damage|p2a: Clefairy|75/100
|-enditem|p2a: Clefairy|Eviolite|[from] move: Knock Off|[of] p1b: Incineroar
|move|p2a: Clefairy|Knock Off|p1b: Incineroar
|-resisted|p1b: Incineroar
|-damage|p1b: Incineroar|95/100
|-enditem|p1b: Incineroar|Safety Goggles|[from] move: Knock Off|[of] p2a: Clefairy
|
|-weather|SunnyDay|[upkeep]
|upkeep
|
|t:|1750724897
|switch|p2b: Koraidon|Koraidon, L50, tera:Fire|60/100
|-activate|p2b: Koraidon|ability: Orichalcum Pulse
|turn|4
|
|t:|1750724908
|move|p2b: Koraidon|Flare Blitz|p1a: Dialga
|-damage|p1a: Dialga|0 fnt
|faint|p1a: Dialga
|-damage|p2b: Koraidon|22/100|[from] Recoil
|move|p1b: Incineroar|Parting Shot|p2b: Koraidon
|-fail|p2b: Koraidon|unboost|[from] item: Clear Amulet|[of] p2b: Koraidon
|move|p2a: Clefairy|Life Dew|p2a: Clefairy|[spread] p2a,p2b
|-heal|p2a: Clefairy|99/100
|-heal|p2b: Koraidon|47/100
|
|-weather|SunnyDay|[upkeep]
|upkeep
|
|t:|1750724919
|switch|p1a: Miraidon|Miraidon, L50|100/100
|-fieldstart|move: Electric Terrain|[from] ability: Hadron Engine|[of] p1a: Miraidon
|turn|5
|
|t:|1750724935
|move|p1a: Miraidon|Dazzling Gleam|p2a: Clefairy|[spread] p2a,p2b
|-resisted|p2b: Koraidon
|-damage|p2a: Clefairy|67/100
|-damage|p2b: Koraidon|36/100
|move|p2b: Koraidon|Close Combat|p1a: Miraidon
|-damage|p1a: Miraidon|14/100
|-unboost|p2b: Koraidon|def|1
|-unboost|p2b: Koraidon|spd|1
|move|p1b: Incineroar|Flare Blitz|p2a: Clefairy
|-damage|p2a: Clefairy|0 fnt
|faint|p2a: Clefairy
|-damage|p1b: Incineroar|75/100|[from] Recoil
|
|-weather|none
|upkeep
|
|t:|1750724950
|switch|p2a: Miraidon|Miraidon, L50|100/100
|-activate|p2a: Miraidon|ability: Hadron Engine
|turn|6
|
|t:|1750724961
|move|p2b: Koraidon|Close Combat|p1a: Miraidon
|-damage|p1a: Miraidon|0 fnt
|-unboost|p2b: Koraidon|def|1
|-unboost|p2b: Koraidon|spd|1
|faint|p1a: Miraidon
|move|p2a: Miraidon|Electro Drift|p1b: Incineroar
|-damage|p1b: Incineroar|0 fnt
|faint|p1b: Incineroar
|
|win|Capsubaru
|raw|cftgvhbj's rating: 1093 &rarr; <strong>1074</strong><br />(-19 for losing)
|raw|Capsubaru's rating: 1171 &rarr; <strong>1190</strong><br />(+19 for winning)
|c|☆Capsubaru|Ggwp
|l|☆cftgvhbj
|player|p1|
