|j|☆Dragoonlong1
|j|☆tyranitar7979
|t:|1750860379
|gametype|doubles
|player|p1|Dragoonlong1|cynthia|1319
|player|p2|tyranitar7979|red|1305
|teamsize|p1|6
|teamsize|p2|6
|gen|9
|tier|[Gen 9] VGC 2025 Reg I
|rated|
|rule|Species Clause: Limit one of each Pokémon
|rule|Item Clause: Limit 1 of each item
|clearpoke
|poke|p1|Grimmsnarl, L50, M|
|poke|p1|Miraidon, L50|
|poke|p1|Incineroar, L50, M|
|poke|p1|Ditto, L50|
|poke|p1|Pawmot, L50, F|
|poke|p1|Ho-Oh, L50|
|poke|p2|Kyogre, L50|
|poke|p2|Zamazenta-*, L50|
|poke|p2|Rillaboom, L50, F|
|poke|p2|Regieleki, L50|
|poke|p2|Urshifu-*, L50, F|
|poke|p2|Incineroar, L50, F|
|teampreview|4
|
|t:|1750860409
|start
|switch|p1a: Miraidon|Miraidon, L50|100/100
|switch|p1b: Ho-Oh|Ho-Oh, L50|100/100
|switch|p2a: Regieleki|Regieleki, L50|100/100
|switch|p2b: Rillaboom|Rillaboom, L50, F|100/100
|-fieldstart|move: Electric Terrain|[from] ability: Hadron Engine|[of] p1a: Miraidon
|-fieldstart|move: Grassy Terrain|[from] ability: Grassy Surge|[of] p2b: Rillaboom
|turn|1
|inactive|Battle timer is ON: inactive players will automatically lose when time's up. (requested by tyranitar7979)
|
|t:|1750860437
|switch|p1b: Pawmot|Pawmot, L50, F|100/100
|move|p2b: Rillaboom|Fake Out|p1a: Miraidon
|-damage|p1a: Miraidon|88/100
|move|p2a: Regieleki|Thunderbolt|p1b: Pawmot
|-immune|p1b: Pawmot|[from] ability: Volt Absorb
|cant|p1a: Miraidon|flinch
|
|-heal|p1a: Miraidon|94/100|[from] Grassy Terrain
|upkeep
|turn|2
|
|t:|1750860455
|switch|p2a: Zamazenta|Zamazenta-Crowned, L50|100/100
|-ability|p2a: Zamazenta|Dauntless Shield|boost
|-boost|p2a: Zamazenta|def|1
|switch|p1a: Ho-Oh|Ho-Oh, L50|100/100
|move|p1b: Pawmot|Fake Out|p2a: Zamazenta
|-resisted|p2a: Zamazenta
|-damage|p2a: Zamazenta|97/100
|move|p2b: Rillaboom|Wood Hammer|p1b: Pawmot
|-enditem|p1b: Pawmot|Focus Sash
|-damage|p1b: Pawmot|1/100
|-damage|p2b: Rillaboom|70/100|[from] Recoil
|
|-heal|p2a: Zamazenta|100/100|[from] Grassy Terrain
|-heal|p1b: Pawmot|7/100|[from] Grassy Terrain
|-heal|p2b: Rillaboom|77/100|[from] Grassy Terrain
|upkeep
|turn|3
|
|t:|1750860478
|switch|p1b: Miraidon|Miraidon, L50|94/100
|-fieldstart|move: Electric Terrain|[from] ability: Hadron Engine|[of] p1b: Miraidon
|move|p2a: Zamazenta|Protect|p2a: Zamazenta
|-singleturn|p2a: Zamazenta|Protect
|move|p2b: Rillaboom|U-turn|p1b: Miraidon
|-damage|p1b: Miraidon|73/100
|
|t:|1750860487
|switch|p2b: Regieleki|Regieleki, L50|100/100|[from] U-turn
|move|p1a: Ho-Oh|Sacred Fire|p2a: Zamazenta
|-activate|p2a: Zamazenta|move: Protect
|
|upkeep
|turn|4
|
|t:|1750860503
|switch|p2a: Kyogre|Kyogre, L50|100/100
|-weather|RainDance|[from] ability: Drizzle|[of] p2a: Kyogre
|switch|p1a: Pawmot|Pawmot, L50, F|7/100
|-terastallize|p1b: Miraidon|Electric
|move|p2b: Regieleki|Thunderbolt|p1a: Pawmot
|-heal|p1a: Pawmot|32/100|[from] ability: Volt Absorb|[of] p2b: Regieleki
|move|p1b: Miraidon|Parabolic Charge|p2b: Regieleki|[spread] p2a,p2b
|-heal|p1a: Pawmot|57/100|[from] ability: Volt Absorb|[of] p1b: Miraidon
|-supereffective|p2a: Kyogre
|-resisted|p2b: Regieleki
|-damage|p2a: Kyogre|9/100
|-heal|p1b: Miraidon|100/100|[from] drain|[of] p2a: Kyogre
|-damage|p2b: Regieleki|32/100
|
|-weather|RainDance|[upkeep]
|upkeep
|turn|5
|inactive|Dragoonlong1 has 30 seconds left.
|inactive|Dragoonlong1 has 20 seconds left.
|inactive|Dragoonlong1 has 15 seconds left.
|
|t:|1750860546
|switch|p2b: Rillaboom|Rillaboom, L50, F|77/100
|-fieldstart|move: Grassy Terrain|[from] ability: Grassy Surge|[of] p2b: Rillaboom
|move|p2a: Kyogre|Protect|p2a: Kyogre
|-singleturn|p2a: Kyogre|Protect
|move|p1a: Pawmot|Fake Out|p2b: Rillaboom
|-damage|p2b: Rillaboom|64/100
|move|p1b: Miraidon|Parabolic Charge|p2a: Kyogre|[spread] p2b
|-activate|p2a: Kyogre|move: Protect
|-heal|p1a: Pawmot|82/100|[from] ability: Volt Absorb|[of] p1b: Miraidon
|-resisted|p2b: Rillaboom
|-damage|p2b: Rillaboom|49/100
|
|-weather|RainDance|[upkeep]
|-heal|p1a: Pawmot|88/100|[from] Grassy Terrain
|-heal|p2b: Rillaboom|56/100|[from] Grassy Terrain
|-heal|p2a: Kyogre|15/100|[from] Grassy Terrain
|upkeep
|turn|6
|
|t:|1750860565
|switch|p2a: Zamazenta|Zamazenta-Crowned, L50|100/100
|move|p1b: Miraidon|Volt Switch|p2a: Zamazenta
|-damage|p2a: Zamazenta|68/100
|
|t:|1750860571
|switch|p1b: Ho-Oh|Ho-Oh, L50|100/100|[from] Volt Switch
|move|p1a: Pawmot|Double Shock|p2a: Zamazenta
|-damage|p2a: Zamazenta|29/100
|-start|p1a: Pawmot|typechange|???/Fighting|[from] move: Double Shock
|move|p2b: Rillaboom|Wood Hammer|p1a: Pawmot
|-damage|p1a: Pawmot|0 fnt
|faint|p1a: Pawmot
|-damage|p2b: Rillaboom|29/100|[from] Recoil
|
|-weather|RainDance|[upkeep]
|-heal|p2a: Zamazenta|35/100|[from] Grassy Terrain
|-heal|p2b: Rillaboom|35/100|[from] Grassy Terrain
|upkeep
|
|t:|1750860584
|switch|p1a: Miraidon|Miraidon, L50, tera:Electric|100/100
|-fieldstart|move: Electric Terrain|[from] ability: Hadron Engine|[of] p1a: Miraidon
|turn|7
|inactive|tyranitar7979 has 30 seconds left.
|
|t:|1750860616
|move|p2a: Zamazenta|Wide Guard|p2a: Zamazenta
|-singleturn|p2a: Zamazenta|Wide Guard
|move|p1a: Miraidon|Electro Drift|p2a: Zamazenta
|-damage|p2a: Zamazenta|0 fnt
|faint|p2a: Zamazenta
|move|p2b: Rillaboom|U-turn|p1b: Ho-Oh
|-resisted|p1b: Ho-Oh
|-damage|p1b: Ho-Oh|96/100
|-damage|p2b: Rillaboom|19/100|[from] item: Rocky Helmet|[of] p1b: Ho-Oh
|
|t:|1750860638
|switch|p2b: Regieleki|Regieleki, L50|32/100|[from] U-turn
|move|p1b: Ho-Oh|Brave Bird|p2b: Regieleki
|-resisted|p2b: Regieleki
|-damage|p2b: Regieleki|0 fnt
|faint|p2b: Regieleki
|-damage|p1b: Ho-Oh|88/100|[from] Recoil
|
|-weather|RainDance|[upkeep]
|upkeep
|
|t:|1750860640
|switch|p2b: Rillaboom|Rillaboom, L50, F|19/100
|switch|p2a: Kyogre|Kyogre, L50|15/100
|-fieldstart|move: Grassy Terrain|[from] ability: Grassy Surge|[of] p2b: Rillaboom
|turn|8
|
|t:|1750860652
|switch|p1a: Grimmsnarl|Grimmsnarl, L50, M|100/100
|move|p1b: Ho-Oh|Protect|p1b: Ho-Oh
|-singleturn|p1b: Ho-Oh|Protect
|move|p2b: Rillaboom|Fake Out|p1a: Grimmsnarl
|-damage|p1a: Grimmsnarl|86/100
|move|p2a: Kyogre|Origin Pulse|p1a: Grimmsnarl|[spread] p1a
|-activate|p1b: Ho-Oh|move: Protect
|-damage|p1a: Grimmsnarl|13/100
|
|-weather|none
|-heal|p2b: Rillaboom|25/100|[from] Grassy Terrain
|-heal|p2a: Kyogre|21/100|[from] Grassy Terrain
|-heal|p1a: Grimmsnarl|19/100|[from] Grassy Terrain
|upkeep
|turn|9
|
|t:|1750860667
|move|p2a: Kyogre|Protect|p2a: Kyogre
|-singleturn|p2a: Kyogre|Protect
|move|p1a: Grimmsnarl|Fake Out|p2a: Kyogre
|-activate|p2a: Kyogre|move: Protect
|move|p2b: Rillaboom|Grassy Glide|p1a: Grimmsnarl
|-damage|p1a: Grimmsnarl|0 fnt
|faint|p1a: Grimmsnarl
|move|p1b: Ho-Oh|Sacred Fire|p2b: Rillaboom
|-supereffective|p2b: Rillaboom
|-damage|p2b: Rillaboom|0 fnt
|faint|p2b: Rillaboom
|
|-heal|p2a: Kyogre|27/100|[from] Grassy Terrain
|upkeep
|-message|tyranitar7979 forfeited.
|
|win|Dragoonlong1
|raw|Dragoonlong1's rating: 1319 &rarr; <strong>1338</strong><br />(+19 for winning)
|raw|tyranitar7979's rating: 1305 &rarr; <strong>1286</strong><br />(-19 for losing)
|l|☆tyranitar7979
|player|p2|
|l|☆Dragoonlong1
|player|p1|
