|j|☆thegreatestgalar
|j|☆Polipoliwr
|t:|1750804640
|gametype|doubles
|player|p1|thegreatestgalar|pokemonrangerf|1496
|player|p2|Polipoliwr|169|1510
|teamsize|p1|6
|teamsize|p2|6
|gen|9
|tier|[Gen 9] VGC 2025 Reg I
|rated|
|rule|Species Clause: Limit one of each Pokémon
|rule|Item Clause: Limit 1 of each item
|clearpoke
|poke|p1|Calyrex-Shadow, L50|
|poke|p1|Zamazenta-*, L50|
|poke|p1|Incineroar, L50, F|
|poke|p1|Raichu, L50, F|
|poke|p1|Gastrodon, L50, F|
|poke|p1|Stonjourner, L50, M|
|poke|p2|Rillaboom, L50, M|
|poke|p2|Zamazenta-*, L50|
|poke|p2|Smeargle, L50, F|
|poke|p2|Magmar, L50, F|
|poke|p2|Calyrex-Shadow, L50|
|poke|p2|Flutter Mane, L50|
|teampreview|4
thegreatestgalar rejected open team sheets.
|inactive|Battle timer is ON: inactive players will automatically lose when time's up. (requested by thegreatestgalar)
|
|t:|1750804672
|start
|switch|p1a: Da Horse|Calyrex-Shadow, L50|100/100
|switch|p1b: Stonjourner|Stonjourner, L50, M|100/100
|switch|p2a: Calyrex|Calyrex-Shadow, L50|100/100
|switch|p2b: Smeargle|Smeargle, L50, F|100/100
|-ability|p1a: Da Horse|As One
|-ability|p1a: Da Horse|Unnerve
|-ability|p2a: Calyrex|As One
|-ability|p2a: Calyrex|Unnerve
|turn|1
|inactive|thegreatestgalar has 30 seconds left.
|inactive|Polipoliwr has 30 seconds left.
|inactive|thegreatestgalar has 20 seconds left.
|
|t:|1750804712
|-terastallize|p2a: Calyrex|Dark
|move|p1b: Stonjourner|Wide Guard|p1b: Stonjourner
|-singleturn|p1b: Stonjourner|Wide Guard
|move|p2a: Calyrex|Nasty Plot|p2a: Calyrex
|-boost|p2a: Calyrex|spa|2
|move|p1a: Da Horse|Psychic|p2b: Smeargle
|-enditem|p2b: Smeargle|Focus Sash
|-damage|p2b: Smeargle|1/100
|move|p2b: Smeargle|Spore|p1b: Stonjourner
|-status|p1b: Stonjourner|slp|[from] move: Spore
|
|-ability|p2b: Smeargle|Moody|boost
|-boost|p2b: Smeargle|spd|2
|-unboost|p2b: Smeargle|atk|1
|upkeep
|turn|2
|inactive|thegreatestgalar has 30 seconds left.
|inactive|Polipoliwr has 30 seconds left.
|
|t:|1750804746
|-terastallize|p1a: Da Horse|Dark
|cant|p1b: Stonjourner|slp
|move|p2a: Calyrex|Astral Barrage|p1a: Da Horse|[spread] p1a,p1b
|-resisted|p1a: Da Horse
|-damage|p1a: Da Horse|24/100
|-damage|p1b: Stonjourner|0 fnt
|faint|p1b: Stonjourner
|-ability|p2a: Calyrex|Grim Neigh|boost
|-boost|p2a: Calyrex|spa|1
|-damage|p2a: Calyrex|91/100|[from] item: Life Orb
|move|p1a: Da Horse|Psychic|p2b: Smeargle
|-damage|p2b: Smeargle|0 fnt
|faint|p2b: Smeargle
|-ability|p1a: Da Horse|Grim Neigh|boost
|-boost|p1a: Da Horse|spa|1
|
|upkeep
|inactive|Polipoliwr has 30 seconds left.
|
|t:|1750804776
|switch|p2b: Magmar|Magmar, L50, F|100/100
|switch|p1b: Glick|Incineroar, L50, F|100/100
|-ability|p1b: Glick|Intimidate|boost
|-unboost|p2a: Calyrex|atk|1
|-unboost|p2b: Magmar|atk|1
|turn|3
|
|t:|1750804796
|move|p2a: Calyrex|Protect|p2a: Calyrex
|-singleturn|p2a: Calyrex|Protect
|move|p1b: Glick|Fake Out|p2a: Calyrex
|-activate|p2a: Calyrex|move: Protect
|move|p1a: Da Horse|Astral Barrage|p2a: Calyrex|[spread] p2b
|-activate|p2a: Calyrex|move: Protect
|-damage|p2b: Magmar|56/100
|move|p2b: Magmar|Knock Off|p1b: Glick
|-resisted|p1b: Glick
|-damage|p1b: Glick|96/100
|-enditem|p1b: Glick|Sitrus Berry|[from] move: Knock Off|[of] p2b: Magmar
|
|upkeep
|turn|4
|
|t:|1750804817
|move|p1a: Da Horse|Protect|p1a: Da Horse
|-singleturn|p1a: Da Horse|Protect
|move|p2b: Magmar|Follow Me|p2b: Magmar
|-singleturn|p2b: Magmar|move: Follow Me
|move|p2a: Calyrex|Astral Barrage|p1b: Glick|[spread] p1b
|-activate|p1a: Da Horse|move: Protect
|-resisted|p1b: Glick
|-crit|p1b: Glick
|-damage|p1b: Glick|0 fnt
|faint|p1b: Glick
|-ability|p2a: Calyrex|Grim Neigh|boost
|-boost|p2a: Calyrex|spa|1
|-damage|p2a: Calyrex|81/100|[from] item: Life Orb
|
|upkeep
|
|t:|1750804832
|switch|p1b: Mr. Body Press|Zamazenta-Crowned, L50|100/100
|-ability|p1b: Mr. Body Press|Dauntless Shield|boost
|-boost|p1b: Mr. Body Press|def|1
|turn|5
|
|t:|1750804844
|move|p1b: Mr. Body Press|Wide Guard|p1b: Mr. Body Press
|-singleturn|p1b: Mr. Body Press|Wide Guard
|move|p2a: Calyrex|Psychic|p1b: Mr. Body Press
|-damage|p1b: Mr. Body Press|0 fnt
|faint|p1b: Mr. Body Press
|-ability|p2a: Calyrex|Grim Neigh|boost
|-boost|p2a: Calyrex|spa|1
|-damage|p2a: Calyrex|71/100|[from] item: Life Orb
|move|p1a: Da Horse|Astral Barrage|p2a: Calyrex|[spread] p2a,p2b
|-resisted|p2a: Calyrex
|-crit|p2a: Calyrex
|-damage|p2a: Calyrex|3/100
|-damage|p2b: Magmar|7/100
|move|p2b: Magmar|Knock Off|p1a: Da Horse
|-resisted|p1a: Da Horse
|-damage|p1a: Da Horse|16/100
|-enditem|p1a: Da Horse|Focus Sash|[from] move: Knock Off|[of] p2b: Magmar
|
|upkeep
|turn|6
|inactive|Polipoliwr has 30 seconds left.
|
|t:|1750804871
|move|p2a: Calyrex|Protect|p2a: Calyrex
|-singleturn|p2a: Calyrex|Protect
|move|p1a: Da Horse|Astral Barrage|p2b: Magmar|[spread] p2b
|-activate|p2a: Calyrex|move: Protect
|-damage|p2b: Magmar|0 fnt
|faint|p2b: Magmar
|-ability|p1a: Da Horse|Grim Neigh|boost
|-boost|p1a: Da Horse|spa|1
|
|upkeep
|
|t:|1750804876
|switch|p2b: Zamazenta|Zamazenta-Crowned, L50|100/100
|-ability|p2b: Zamazenta|Dauntless Shield|boost
|-boost|p2b: Zamazenta|def|1
|turn|7
|-message|thegreatestgalar forfeited.
|
|win|Polipoliwr
|raw|thegreatestgalar's rating: 1496 &rarr; <strong>1477</strong><br />(-19 for losing)
|raw|Polipoliwr's rating: 1510 &rarr; <strong>1529</strong><br />(+19 for winning)
|l|☆thegreatestgalar
|player|p1|
|l|☆Polipoliwr
|player|p2|
