|j|☆DrPraykuh
|j|☆CadaverLuke
|t:|1750743432
|gametype|doubles
|player|p1|DrPraykuh|266|1156
|player|p2|CadaverLuke|101|1242
|teamsize|p1|6
|teamsize|p2|6
|gen|9
|tier|[Gen 9] VGC 2025 Reg I
|rated|
|rule|Species Clause: Limit one of each Pokémon
|rule|Item Clause: Limit 1 of each item
|clearpoke
|poke|p1|Kyogre, L50|
|poke|p1|Tornadus, L50, M|
|poke|p1|Zacian-*, L50|
|poke|p1|Hitmontop, L50, M|
|poke|p1|Fezandipiti, L50, M|
|poke|p1|Urshifu-*, L50, M|
|poke|p2|Whimsicott, L50, F|
|poke|p2|Metagross, L50|
|poke|p2|Kyogre, L50|
|poke|p2|Indeedee-F, L50, F|
|poke|p2|Urshifu-*, L50, M|
|poke|p2|Grimmsnarl, L50, M|
|teampreview|4
|inactive|Battle timer is ON: inactive players will automatically lose when time's up. (requested by DrPraykuh)
|inactive|DrPraykuh has 60 seconds left.
|inactive|DrPraykuh has 30 seconds left.
|
|t:|1750743493
|start
|switch|p1a: Urshifu|Urshifu, L50, M|100/100
|switch|p1b: Fezandipiti|Fezandipiti, L50, M|100/100
|switch|p2a: Whimsicott|Whimsicott, L50, F|100/100
|switch|p2b: Metagross|Metagross, L50|100/100
|turn|1
|inactive|DrPraykuh has 30 seconds left.
|inactive|DrPraykuh has 20 seconds left.
|inactive|DrPraykuh has 15 seconds left.
|inactive|DrPraykuh has 10 seconds left.
|
|t:|1750743540
|-terastallize|p2b: Metagross|Normal
|move|p2a: Whimsicott|Tailwind|p2a: Whimsicott
|-sidestart|p2: CadaverLuke|move: Tailwind
|move|p2b: Metagross|Explosion|p1b: Fezandipiti|[spread] p2a,p1a,p1b
|-crit|p1b: Fezandipiti
|-damage|p2a: Whimsicott|0 fnt
|-damage|p1a: Urshifu|0 fnt
|-damage|p1b: Fezandipiti|0 fnt
|faint|p2b: Metagross
|faint|p2a: Whimsicott
|faint|p1a: Urshifu
|faint|p1b: Fezandipiti
|
|upkeep
|
|t:|1750743551
|switch|p2a: Kyogre|Kyogre, L50|100/100
|switch|p2b: Indeedee|Indeedee-F, L50, F|100/100
|switch|p1b: Zacian|Zacian-Crowned, L50|100/100
|switch|p1a: Hitmontop|Hitmontop, L50, M|100/100
|-weather|RainDance|[from] ability: Drizzle|[of] p2a: Kyogre
|-fieldstart|move: Psychic Terrain|[from] ability: Psychic Surge|[of] p2b: Indeedee
|-ability|p1b: Zacian|Intrepid Sword|boost
|-boost|p1b: Zacian|atk|1
|-ability|p1a: Hitmontop|Intimidate|boost
|-unboost|p2a: Kyogre|atk|1
|-unboost|p2b: Indeedee|atk|1
|turn|2
|inactive|DrPraykuh has 30 seconds left.
|
|t:|1750743579
|move|p2b: Indeedee|Helping Hand|p2a: Kyogre
|-singleturn|p2a: Kyogre|Helping Hand|[of] p2b: Indeedee
|move|p1b: Zacian|Protect|p1b: Zacian
|-singleturn|p1b: Zacian|Protect
|move|p1a: Hitmontop|Protect|p1a: Hitmontop
|-singleturn|p1a: Hitmontop|Protect
|move|p2a: Kyogre|Water Spout|p1b: Zacian|[spread] 
|-activate|p1a: Hitmontop|move: Protect
|-activate|p1b: Zacian|move: Protect
|
|-weather|RainDance|[upkeep]
|upkeep
|turn|3
|
|t:|1750743599
|move|p2b: Indeedee|Helping Hand|p2a: Kyogre
|-singleturn|p2a: Kyogre|Helping Hand|[of] p2b: Indeedee
|move|p1b: Zacian|Protect|p1b: Zacian
|-singleturn|p1b: Zacian|Protect
|move|p2a: Kyogre|Water Spout|p1a: Hitmontop|[spread] p1a
|-activate|p1b: Zacian|move: Protect
|-enditem|p1a: Hitmontop|Focus Sash
|-damage|p1a: Hitmontop|1/100
|move|p1a: Hitmontop|Close Combat|p2a: Kyogre
|-damage|p2a: Kyogre|35/100
|-unboost|p1a: Hitmontop|def|1
|-unboost|p1a: Hitmontop|spd|1
|
|-weather|RainDance|[upkeep]
|upkeep
|turn|4
|inactive|DrPraykuh has 30 seconds left.
|
|t:|1750743625
|move|p1a: Hitmontop|Protect|p1a: Hitmontop
|-singleturn|p1a: Hitmontop|Protect
|move|p2b: Indeedee|Follow Me|p2b: Indeedee
|-singleturn|p2b: Indeedee|move: Follow Me
|move|p2a: Kyogre|Water Spout|p1a: Hitmontop|[spread] p1b
|-activate|p1a: Hitmontop|move: Protect
|-damage|p1b: Zacian|61/100
|move|p1b: Zacian|Play Rough|p2b: Indeedee
|-enditem|p2b: Indeedee|Focus Sash
|-damage|p2b: Indeedee|1/100
|-unboost|p2b: Indeedee|atk|1
|
|-weather|RainDance|[upkeep]
|-sideend|p2: CadaverLuke|move: Tailwind
|upkeep
|turn|5
|inactive|DrPraykuh has 30 seconds left.
|inactive|CadaverLuke has 30 seconds left.
|inactive|DrPraykuh has 20 seconds left.
|inactive|DrPraykuh has 15 seconds left.
|
|t:|1750743667
|move|p2b: Indeedee|Helping Hand|p2a: Kyogre
|-singleturn|p2a: Kyogre|Helping Hand|[of] p2b: Indeedee
|move|p1b: Zacian|Tera Blast|p2b: Indeedee
|-damage|p2b: Indeedee|0 fnt
|faint|p2b: Indeedee
|move|p2a: Kyogre|Water Spout|p1b: Zacian|[spread] p1a,p1b
|-damage|p1a: Hitmontop|0 fnt
|-damage|p1b: Zacian|3/100
|faint|p1a: Hitmontop
|
|-weather|RainDance|[upkeep]
|upkeep
|turn|6
|
|t:|1750743679
|move|p1b: Zacian|Play Rough|p2a: Kyogre
|-damage|p2a: Kyogre|0 fnt
|faint|p2a: Kyogre
|
|win|DrPraykuh
|raw|DrPraykuh's rating: 1156 &rarr; <strong>1187</strong><br />(+31 for winning)
|raw|CadaverLuke's rating: 1242 &rarr; <strong>1211</strong><br />(-31 for losing)
|l|☆DrPraykuh
|player|p1|
|c|☆CadaverLuke|gg lol
|l|☆CadaverLuke
|player|p2|
