|j|☆silver750250
|j|☆habeebomarali123
|t:|1750874955
|gametype|doubles
|player|p1|silver750250|leon-tower|1227
|player|p2|habeebomarali123|veteran|1254
|teamsize|p1|6
|teamsize|p2|6
|gen|9
|tier|[Gen 9] VGC 2025 Reg I
|rated|
|rule|Species Clause: Limit one of each Pokémon
|rule|Item Clause: Limit 1 of each item
|clearpoke
|poke|p1|Miraidon, L50|
|poke|p1|Zamazenta-*, L50|
|poke|p1|Incineroar, L50, M|
|poke|p1|Chien-Pao, L50|
|poke|p1|Talonflame, L50, M|
|poke|p1|Iron Bundle, L50|
|poke|p2|Zekrom, L50|
|poke|p2|Incineroar, L50, F|
|poke|p2|Kyogre, L50|
|poke|p2|Farigiraf, L50, M|
|poke|p2|Tornadus, L50, M|
|poke|p2|Flutter Mane, L50|
|teampreview|4
|c|☆silver750250|glhf!!
silver750250 has agreed to open team sheets.
habeebomarali123 rejected open team sheets.
|c|☆habeebomarali123|ghlf
|c|☆habeebomarali123|glhf mb
|
|t:|1750874990
|start
|switch|p1a: Incineroar|Incineroar, L50, M|100/100
|switch|p1b: Zamazenta|Zamazenta-Crowned, L50|100/100
|switch|p2a: Farigiraf|Farigiraf, L50, M|100/100
|switch|p2b: Kyogre|Kyogre, L50|100/100
|-ability|p1b: Zamazenta|Dauntless Shield|boost
|-boost|p1b: Zamazenta|def|1
|-weather|RainDance|[from] ability: Drizzle|[of] p2b: Kyogre
|-ability|p1a: Incineroar|Intimidate|boost
|-unboost|p2a: Farigiraf|atk|1
|-unboost|p2b: Kyogre|atk|1
|turn|1
|
|t:|1750875006
|-terastallize|p2a: Farigiraf|Fairy
|move|p1b: Zamazenta|Body Press|p2b: Kyogre
|-damage|p2b: Kyogre|45/100
|move|p2b: Kyogre|Calm Mind|p2b: Kyogre
|-boost|p2b: Kyogre|spa|1
|-boost|p2b: Kyogre|spd|1
|move|p1a: Incineroar|Knock Off|p2a: Farigiraf
|-resisted|p2a: Farigiraf
|-damage|p2a: Farigiraf|83/100
|-enditem|p2a: Farigiraf|Sitrus Berry|[from] move: Knock Off|[of] p1a: Incineroar
|move|p2a: Farigiraf|Trick Room|p2a: Farigiraf
|-fieldstart|move: Trick Room|[of] p2a: Farigiraf
|
|-weather|RainDance|[upkeep]
|-heal|p2b: Kyogre|51/100|[from] item: Leftovers
|upkeep
|turn|2
|
|t:|1750875026
|switch|p2a: Flutter Mane|Flutter Mane, L50|100/100
|move|p2b: Kyogre|Protect|p2b: Kyogre
|-singleturn|p2b: Kyogre|Protect
|move|p1a: Incineroar|Knock Off|p2b: Kyogre
|-activate|p2b: Kyogre|move: Protect
|move|p1b: Zamazenta|Heavy Slam|p2a: Flutter Mane
|-supereffective|p2a: Flutter Mane
|-enditem|p2a: Flutter Mane|Focus Sash
|-damage|p2a: Flutter Mane|1/100
|
|-weather|RainDance|[upkeep]
|-heal|p2b: Kyogre|57/100|[from] item: Leftovers
|upkeep
|turn|3
|
|t:|1750875042
|-end|p2a: Flutter Mane|Protosynthesis|[silent]
|switch|p2a: Farigiraf|Farigiraf, L50, M, tera:Fairy|83/100
|move|p1b: Zamazenta|Protect|p1b: Zamazenta
|-singleturn|p1b: Zamazenta|Protect
|move|p1a: Incineroar|Knock Off|p2b: Kyogre
|-crit|p2b: Kyogre
|-damage|p2b: Kyogre|0 fnt
|-enditem|p2b: Kyogre|Leftovers|[from] move: Knock Off|[of] p1a: Incineroar
|faint|p2b: Kyogre
|
|-weather|RainDance|[upkeep]
|upkeep
|
|t:|1750875048
|switch|p2b: Flutter Mane|Flutter Mane, L50|1/100
|turn|4
|
|t:|1750875056
|move|p2b: Flutter Mane|Protect|p2b: Flutter Mane
|-singleturn|p2b: Flutter Mane|Protect
|move|p1a: Incineroar|Knock Off|p2b: Flutter Mane
|-activate|p2b: Flutter Mane|move: Protect
|move|p1b: Zamazenta|Heavy Slam|p2a: Farigiraf
|-supereffective|p2a: Farigiraf
|-damage|p2a: Farigiraf|7/100
|move|p2a: Farigiraf|Trick Room|p2a: Farigiraf
|-fieldend|move: Trick Room
|
|-weather|RainDance|[upkeep]
|upkeep
|turn|5
|
|t:|1750875062
|move|p2a: Farigiraf|Protect|p2a: Farigiraf
|-singleturn|p2a: Farigiraf|Protect
|move|p2b: Flutter Mane|Perish Song|p2b: Flutter Mane
|-start|p1a: Incineroar|perish3|[silent]
|-start|p1b: Zamazenta|perish3|[silent]
|-start|p2a: Farigiraf|perish3|[silent]
|-start|p2b: Flutter Mane|perish3|[silent]
|-fieldactivate|move: Perish Song
|move|p1b: Zamazenta|Heavy Slam|p2a: Farigiraf
|-activate|p2a: Farigiraf|move: Protect
|move|p1a: Incineroar|Knock Off|p2b: Flutter Mane
|-damage|p2b: Flutter Mane|0 fnt
|faint|p2b: Flutter Mane
|-end|p2b: Flutter Mane|Protosynthesis|[silent]
|
|-weather|none
|-start|p1b: Zamazenta|perish3
|-start|p1a: Incineroar|perish3
|-start|p2a: Farigiraf|perish3
|upkeep
|
|t:|1750875064
|switch|p2b: Zekrom|Zekrom, L50|100/100
|-ability|p2b: Zekrom|Teravolt
|turn|6
|
|t:|1750875078
|move|p1b: Zamazenta|Heavy Slam|p2a: Farigiraf
|-supereffective|p2a: Farigiraf
|-damage|p2a: Farigiraf|0 fnt
|faint|p2a: Farigiraf
|move|p2b: Zekrom|Dragon Dance|p2b: Zekrom
|-boost|p2b: Zekrom|atk|1
|-boost|p2b: Zekrom|spe|1
|move|p1a: Incineroar|Parting Shot|p2b: Zekrom
|-fail|p2b: Zekrom|unboost|[from] item: Clear Amulet|[of] p2b: Zekrom
|
|-start|p1b: Zamazenta|perish2
|-start|p1a: Incineroar|perish2
|upkeep
|turn|7
|
|t:|1750875098
|move|p2b: Zekrom|Protect|p2b: Zekrom
|-singleturn|p2b: Zekrom|Protect
|move|p1b: Zamazenta|Body Press|p2b: Zekrom
|-activate|p2b: Zekrom|move: Protect
|move|p1a: Incineroar|Knock Off|p2b: Zekrom
|-activate|p2b: Zekrom|move: Protect
|
|-start|p1b: Zamazenta|perish1
|-start|p1a: Incineroar|perish1
|upkeep
|turn|8
|
|t:|1750875107
|switch|p1b: Iron Bundle|Iron Bundle, L50|100/100
|switch|p1a: Miraidon|Miraidon, L50|100/100
|-fieldstart|move: Electric Terrain|[from] ability: Hadron Engine|[of] p1a: Miraidon
|-activate|p1b: Iron Bundle|ability: Quark Drive
|-start|p1b: Iron Bundle|quarkdrivespe
|move|p2b: Zekrom|Protect||[still]
|-fail|p2b: Zekrom
|
|upkeep
|turn|9
|
|t:|1750875118
|move|p1b: Iron Bundle|Icy Wind|p2b: Zekrom
|-supereffective|p2b: Zekrom
|-damage|p2b: Zekrom|30/100
|-damage|p1b: Iron Bundle|91/100|[from] item: Life Orb
|move|p2b: Zekrom|Outrage|p1b: Iron Bundle
|-damage|p1b: Iron Bundle|0 fnt
|faint|p1b: Iron Bundle
|-end|p1b: Iron Bundle|Quark Drive|[silent]
|move|p1a: Miraidon|Draco Meteor|p2b: Zekrom
|-supereffective|p2b: Zekrom
|-damage|p2b: Zekrom|0 fnt
|-unboost|p1a: Miraidon|spa|2
|faint|p2b: Zekrom
|
|win|silver750250
|raw|silver750250's rating: 1227 &rarr; <strong>1254</strong><br />(+27 for winning)
|raw|habeebomarali123's rating: 1254 &rarr; <strong>1227</strong><br />(-27 for losing)
|c|☆habeebomarali123|gg
|l|☆silver750250
|player|p1|
|l|☆habeebomarali123
|player|p2|
