|j|☆TCBro89
|j|☆Brucs
|t:|1750768812
|gametype|doubles
|player|p1|TCBro89|red|1654
|player|p2|Brucs|steven|1613
|teamsize|p1|6
|teamsize|p2|6
|gen|9
|tier|[Gen 9] VGC 2025 Reg I
|rated|
|rule|Species Clause: Limit one of each Pokémon
|rule|Item Clause: Limit 1 of each item
|clearpoke
|poke|p1|Miraidon, L50|
|poke|p1|Iron Bundle, L50|
|poke|p1|Groudon, L50|
|poke|p1|Whimsicott, L50, M|
|poke|p1|Raging Bolt, L50|
|poke|p1|Farigiraf, L50, F|
|poke|p2|Dragonite, L50, F|
|poke|p2|Chien-Pao, L50|
|poke|p2|Incineroar, L50, F|
|poke|p2|Zamazenta-*, L50|
|poke|p2|Calyrex-Shadow, L50|
|poke|p2|Indeedee-F, L50, F|
|teampreview|4
|inactive|Battle timer is ON: inactive players will automatically lose when time's up. (requested by Brucs)
|inactive|Brucs has 60 seconds left.
|
|t:|1750768859
|start
|switch|p1a: Groudon|Groudon, L50|100/100
|switch|p1b: Whimsicott|Whimsicott, L50, M|100/100
|switch|p2a: Calyrex|Calyrex-Shadow, L50|100/100
|switch|p2b: Chien-Pao|Chien-Pao, L50|100/100
|-ability|p2a: Calyrex|As One
|-ability|p2a: Calyrex|Unnerve
|-ability|p2b: Chien-Pao|Sword of Ruin
|-weather|SunnyDay|[from] ability: Drought|[of] p1a: Groudon
|turn|1
|
|t:|1750768876
|switch|p2a: Dragonite|Dragonite, L50, F|100/100
|move|p1b: Whimsicott|Tailwind|p1b: Whimsicott
|-sidestart|p1: TCBro89|move: Tailwind
|move|p1a: Groudon|Precipice Blades|p2b: Chien-Pao|[spread] p2b
|-immune|p2a: Dragonite
|-damage|p2b: Chien-Pao|27/100
|move|p2b: Chien-Pao|Ice Spinner|p1a: Groudon
|-supereffective|p1a: Groudon
|-damage|p1a: Groudon|18/100
|
|-weather|SunnyDay|[upkeep]
|upkeep
|turn|2
|
|t:|1750768898
|move|p1a: Groudon|Protect|p1a: Groudon
|-singleturn|p1a: Groudon|Protect
|move|p2b: Chien-Pao|Protect|p2b: Chien-Pao
|-singleturn|p2b: Chien-Pao|Protect
|move|p2a: Dragonite|Extreme Speed|p1a: Groudon
|-activate|p1a: Groudon|move: Protect
|move|p1b: Whimsicott|Moonblast|p2b: Chien-Pao
|-activate|p2b: Chien-Pao|move: Protect
|
|-weather|SunnyDay|[upkeep]
|upkeep
|turn|3
|
|t:|1750768915
|switch|p1a: Iron Bundle|Iron Bundle, L50|100/100
|-terastallize|p2a: Dragonite|Normal
|move|p2a: Dragonite|Extreme Speed|p1b: Whimsicott
|-damage|p1b: Whimsicott|1/100
|move|p2b: Chien-Pao|Sucker Punch||[still]
|-fail|p2b: Chien-Pao
|move|p1b: Whimsicott|Moonblast|p2b: Chien-Pao
|-supereffective|p2b: Chien-Pao
|-damage|p2b: Chien-Pao|0 fnt
|faint|p2b: Chien-Pao
|
|-weather|SunnyDay|[upkeep]
|upkeep
|
|t:|1750768930
|switch|p2b: Calyrex|Calyrex-Shadow, L50|100/100
|-ability|p2b: Calyrex|As One
|-ability|p2b: Calyrex|Unnerve
|turn|4
|
|t:|1750768942
|move|p1b: Whimsicott|Protect|p1b: Whimsicott
|-singleturn|p1b: Whimsicott|Protect
|move|p2a: Dragonite|Extreme Speed|p1b: Whimsicott
|-activate|p1b: Whimsicott|move: Protect
|move|p1a: Iron Bundle|Icy Wind|p2a: Dragonite|[spread] p2a,p2b
|-damage|p2a: Dragonite|79/100
|-damage|p2b: Calyrex|80/100
|-unboost|p2a: Dragonite|spe|1
|-unboost|p2b: Calyrex|spe|1
|move|p2b: Calyrex|Astral Barrage|p1b: Whimsicott|[spread] p1a
|-activate|p1b: Whimsicott|move: Protect
|-enditem|p1a: Iron Bundle|Focus Sash
|-damage|p1a: Iron Bundle|1/100
|-damage|p2b: Calyrex|70/100|[from] item: Life Orb
|
|-weather|SunnyDay|[upkeep]
|-sideend|p1: TCBro89|move: Tailwind
|upkeep
|turn|5
|inactive|TCBro89 has 30 seconds left.
|inactive|TCBro89 has 20 seconds left.
|inactive|TCBro89 has 15 seconds left.
|inactive|TCBro89 has 10 seconds left.
|
|t:|1750768989
|move|p2a: Dragonite|Extreme Speed|p1b: Whimsicott
|-damage|p1b: Whimsicott|0 fnt
|faint|p1b: Whimsicott
|move|p1a: Iron Bundle|Icy Wind|p2a: Dragonite|[spread] p2a,p2b
|-damage|p2a: Dragonite|58/100
|-damage|p2b: Calyrex|49/100
|-unboost|p2a: Dragonite|spe|1
|-unboost|p2b: Calyrex|spe|1
|move|p2b: Calyrex|Astral Barrage|p1a: Iron Bundle
|-damage|p1a: Iron Bundle|0 fnt
|faint|p1a: Iron Bundle
|-end|p1a: Iron Bundle|Quark Drive|[silent]
|-ability|p2b: Calyrex|Grim Neigh|boost
|-boost|p2b: Calyrex|spa|1
|-damage|p2b: Calyrex|39/100|[from] item: Life Orb
|
|-weather|none
|upkeep
|
|t:|1750769004
|switch|p1a: Miraidon|Miraidon, L50|100/100
|switch|p1b: Groudon|Groudon, L50|18/100
|-fieldstart|move: Electric Terrain|[from] ability: Hadron Engine|[of] p1a: Miraidon
|-weather|SunnyDay|[from] ability: Drought|[of] p1b: Groudon
|turn|6
|inactive|Brucs has 30 seconds left.
|inactive|Brucs has 20 seconds left.
|inactive|Brucs has 15 seconds left.
|
|t:|1750769044
|-terastallize|p1a: Miraidon|Fairy
|move|p1b: Groudon|Protect|p1b: Groudon
|-singleturn|p1b: Groudon|Protect
|move|p2b: Calyrex|Protect|p2b: Calyrex
|-singleturn|p2b: Calyrex|Protect
|move|p2a: Dragonite|Extreme Speed|p1a: Miraidon
|-damage|p1a: Miraidon|33/100
|move|p1a: Miraidon|Dazzling Gleam|p2b: Calyrex|[spread] p2a
|-activate|p2b: Calyrex|move: Protect
|-damage|p2a: Dragonite|0 fnt
|faint|p2a: Dragonite
|
|-weather|SunnyDay|[upkeep]
|upkeep
|
|t:|1750769048
|switch|p2a: Indeedee|Indeedee-F, L50, F|100/100
|-fieldstart|move: Psychic Terrain|[from] ability: Psychic Surge|[of] p2a: Indeedee
|turn|7
|
|t:|1750769069
|move|p2b: Calyrex|Protect|p2b: Calyrex
|-singleturn|p2b: Calyrex|Protect
|move|p1a: Miraidon|Dazzling Gleam|p2a: Indeedee|[spread] p2a
|-activate|p2b: Calyrex|move: Protect
|-damage|p2a: Indeedee|58/100
|move|p1b: Groudon|Precipice Blades|p2b: Calyrex|[spread] 
|-activate|p2b: Calyrex|move: Protect
|-miss|p1b: Groudon|p2a: Indeedee
|move|p2a: Indeedee|Trick Room|p2a: Indeedee
|-fieldstart|move: Trick Room|[of] p2a: Indeedee
|
|-weather|SunnyDay|[upkeep]
|upkeep
|turn|8
|
|t:|1750769087
|move|p2a: Indeedee|Psychic|p1b: Groudon
|-damage|p1b: Groudon|0 fnt
|faint|p1b: Groudon
|move|p2b: Calyrex|Astral Barrage|p1a: Miraidon
|-damage|p1a: Miraidon|0 fnt
|faint|p1a: Miraidon
|-damage|p2b: Calyrex|30/100|[from] item: Life Orb
|
|win|Brucs
|raw|TCBro89's rating: 1654 &rarr; <strong>1632</strong><br />(-22 for losing)
|raw|Brucs's rating: 1613 &rarr; <strong>1635</strong><br />(+22 for winning)
|l|☆Brucs
|player|p2|
|l|☆TCBro89
|player|p1|
