|j|☆Marcothagoatt
|j|☆nazzty21
|t:|1750882264
|gametype|doubles
|player|p1|Marcothagoatt|red|1079
|player|p2|nazzty21|101|1086
|teamsize|p1|6
|teamsize|p2|6
|gen|9
|tier|[Gen 9] VGC 2025 Reg I
|rated|
|rule|Species Clause: Limit one of each Pokémon
|rule|Item Clause: Limit 1 of each item
|clearpoke
|poke|p1|Miraidon, L50|
|poke|p1|Kyogre, L50|
|poke|p1|Archaludon, L50, M|
|poke|p1|Serperior, L50, F|
|poke|p1|Incineroar, L50, M|
|poke|p1|Whimsicott, L50, M|
|poke|p2|Raichu, L50, M|
|poke|p2|Kyogre, L50|
|poke|p2|Zamazenta-*, L50|
|poke|p2|Incineroar, L50, F|
|poke|p2|Farigiraf, L50, M|
|poke|p2|Archaludon, L50, M|
|teampreview|4
|
|t:|1750882312
|start
|switch|p1a: Serperior|Serperior, L50, F, shiny|100/100
|switch|p1b: Whimsicott|Whimsicott, L50, M, shiny|100/100
|switch|p2a: Farigiraf|Farigiraf, L50, M|100/100
|switch|p2b: Zamazenta|Zamazenta-Crowned, L50|100/100
|-ability|p2b: Zamazenta|Dauntless Shield|boost
|-boost|p2b: Zamazenta|def|1
|turn|1
|
|t:|1750882346
|-terastallize|p2b: Zamazenta|Grass
|move|p1b: Whimsicott|Fake Tears|p1a: Serperior
|-boost|p1a: Serperior|spd|2
|move|p2b: Zamazenta|Iron Defense|p2b: Zamazenta
|-boost|p2b: Zamazenta|def|2
|move|p1a: Serperior|Leaf Storm|p2a: Farigiraf
|-damage|p2a: Farigiraf|67/100
|-boost|p1a: Serperior|spa|2
|move|p2a: Farigiraf|Trick Room|p2a: Farigiraf
|-fieldstart|move: Trick Room|[of] p2a: Farigiraf
|
|upkeep
|turn|2
|
|t:|1750882379
|-terastallize|p1a: Serperior|Stellar
|move|p1b: Whimsicott|Fake Tears|p1a: Serperior
|-boost|p1a: Serperior|spd|2
|move|p2a: Farigiraf|Nasty Plot|p2a: Farigiraf
|-boost|p2a: Farigiraf|spa|2
|move|p1a: Serperior|Tera Blast|p2b: Zamazenta|[anim] Tera Blast Stellar
|-supereffective|p2b: Zamazenta
|-damage|p2b: Zamazenta|41/100
|-boost|p1a: Serperior|atk|1
|-boost|p1a: Serperior|spa|1
|move|p2b: Zamazenta|Heavy Slam|p1a: Serperior
|-damage|p1a: Serperior|56/100
|
|upkeep
|turn|3
|
|t:|1750882408
|move|p1b: Whimsicott|Fake Tears|p1a: Serperior
|-boost|p1a: Serperior|spd|2
|move|p2a: Farigiraf|Dazzling Gleam|p1a: Serperior|[spread] p1a,p1b
|-damage|p1a: Serperior|52/100
|-damage|p1b: Whimsicott|63/100
|move|p1a: Serperior|Tera Blast|p2b: Zamazenta|[anim] Tera Blast Stellar
|-supereffective|p2b: Zamazenta
|-damage|p2b: Zamazenta|0 fnt
|-boost|p1a: Serperior|atk|1
|-boost|p1a: Serperior|spa|1
|faint|p2b: Zamazenta
|
|upkeep
|
|t:|1750882424
|switch|p2b: Raichu|Raichu, L50, M|100/100
|turn|4
|
|t:|1750882456
|switch|p1b: Archaludon|Archaludon, L50, M, shiny|100/100
|move|p2b: Raichu|Fake Out|p1a: Serperior
|-damage|p1a: Serperior|44/100
|move|p2a: Farigiraf|Dazzling Gleam|p1b: Archaludon|[spread] p1a,p1b
|-crit|p1a: Serperior
|-damage|p1a: Serperior|14/100
|-damage|p1b: Archaludon|74/100
|-ability|p1b: Archaludon|Stamina|boost
|-boost|p1b: Archaludon|def|1
|cant|p1a: Serperior|flinch
|
|-heal|p1b: Archaludon|80/100|[from] item: Leftovers
|upkeep
|turn|5
|
|t:|1750882476
|move|p2a: Farigiraf|Dazzling Gleam|p1b: Archaludon|[spread] p1a,p1b
|-damage|p1a: Serperior|9/100
|-damage|p1b: Archaludon|53/100
|-ability|p1b: Archaludon|Stamina|boost
|-boost|p1b: Archaludon|def|1
|move|p1b: Archaludon|Snarl|p2a: Farigiraf|[spread] p2a,p2b
|-supereffective|p2a: Farigiraf
|-damage|p2a: Farigiraf|47/100
|-damage|p2b: Raichu|89/100
|-unboost|p2a: Farigiraf|spa|1
|-unboost|p2b: Raichu|spa|1
|-enditem|p2a: Farigiraf|Sitrus Berry|[eat]
|-heal|p2a: Farigiraf|72/100|[from] item: Sitrus Berry
|move|p1a: Serperior|Giga Drain|p2a: Farigiraf
|-crit|p2a: Farigiraf
|-damage|p2a: Farigiraf|0 fnt
|-heal|p1a: Serperior|52/100|[from] drain|[of] p2a: Farigiraf
|faint|p2a: Farigiraf
|move|p2b: Raichu|Nuzzle|p1b: Archaludon
|-resisted|p1b: Archaludon
|-damage|p1b: Archaludon|52/100
|-status|p1b: Archaludon|par
|-ability|p1b: Archaludon|Stamina|boost
|-boost|p1b: Archaludon|def|1
|
|-heal|p1b: Archaludon|58/100 par|[from] item: Leftovers
|-fieldend|move: Trick Room
|upkeep
|
|t:|1750882499
|switch|p2a: Kyogre|Kyogre, L50|100/100
|-weather|RainDance|[from] ability: Drizzle|[of] p2a: Kyogre
|turn|6
|
|t:|1750882512
|move|p2b: Raichu|Volt Switch|p1a: Serperior
|-resisted|p1a: Serperior
|-damage|p1a: Serperior|50/100
|move|p1a: Serperior|Giga Drain|p2a: Kyogre
|-supereffective|p2a: Kyogre
|-damage|p2a: Kyogre|5/100
|-heal|p1a: Serperior|99/100|[from] drain|[of] p2a: Kyogre
|move|p2a: Kyogre|Water Spout|p1a: Serperior|[spread] p1a,p1b
|-resisted|p1a: Serperior
|-resisted|p1b: Archaludon
|-damage|p1a: Serperior|98/100
|-damage|p1b: Archaludon|56/100 par
|-ability|p1b: Archaludon|Stamina|boost
|-boost|p1b: Archaludon|def|1
|cant|p1b: Archaludon|par
|
|-weather|RainDance|[upkeep]
|-heal|p2a: Kyogre|11/100|[from] item: Leftovers
|-heal|p1b: Archaludon|62/100 par|[from] item: Leftovers
|upkeep
|turn|7
|
|t:|1750882532
|move|p2a: Kyogre|Protect|p2a: Kyogre
|-singleturn|p2a: Kyogre|Protect
|move|p2b: Raichu|Nuzzle|p1a: Serperior
|-resisted|p1a: Serperior
|-damage|p1a: Serperior|96/100
|-status|p1a: Serperior|par
|move|p1a: Serperior|Giga Drain|p2b: Raichu
|-damage|p2b: Raichu|14/100
|-heal|p1a: Serperior|100/100 par|[from] drain|[of] p2b: Raichu
|move|p1b: Archaludon|Body Press|p2b: Raichu
|-damage|p2b: Raichu|0 fnt
|-damage|p1b: Archaludon|46/100 par|[from] item: Rocky Helmet|[of] p2b: Raichu
|faint|p2b: Raichu
|
|-weather|RainDance|[upkeep]
|-heal|p2a: Kyogre|17/100|[from] item: Leftovers
|-heal|p1b: Archaludon|52/100 par|[from] item: Leftovers
|upkeep
|turn|8
|
|t:|1750882553
|switch|p1b: Whimsicott|Whimsicott, L50, M, shiny|63/100
|move|p2a: Kyogre|Thunder|p1a: Serperior
|-resisted|p1a: Serperior
|-damage|p1a: Serperior|97/100 par
|cant|p1a: Serperior|par
|
|-weather|RainDance|[upkeep]
|-heal|p2a: Kyogre|23/100|[from] item: Leftovers
|upkeep
|turn|9
|
|t:|1750882566
|move|p1b: Whimsicott|Tailwind|p1b: Whimsicott
|-sidestart|p1: Marcothagoatt|move: Tailwind
|move|p1a: Serperior|Scale Shot|p2a: Kyogre
|-damage|p2a: Kyogre|12/100
|-crit|p2a: Kyogre
|-damage|p2a: Kyogre|0 fnt
|faint|p2a: Kyogre
|-hitcount|p2: Kyogre|2
|
|win|Marcothagoatt
|raw|Marcothagoatt's rating: 1079 &rarr; <strong>1108</strong><br />(+29 for winning)
|raw|nazzty21's rating: 1086 &rarr; <strong>1063</strong><br />(-23 for losing)
