|j|☆lolnezan78
|j|☆MalteseShark
|t:|1750771800
|gametype|doubles
|player|p1|lolnezan78|swimmer-gen4|1544
|player|p2|MalteseShark|169|1489
|teamsize|p1|6
|teamsize|p2|6
|gen|9
|tier|[Gen 9] VGC 2025 Reg I
|rated|
|rule|Species Clause: Limit one of each Pokémon
|rule|Item Clause: Limit 1 of each item
|clearpoke
|poke|p1|Calyrex-Shadow, L50|
|poke|p1|Zamazenta-*, L50|
|poke|p1|Raging Bolt, L50|
|poke|p1|Rillaboom, L50, M|
|poke|p1|Tornadus, L50, M|
|poke|p1|Smeargle, L50, F|
|poke|p2|Miraidon, L50|
|poke|p2|Calyrex-Ice, L50|
|poke|p2|Amoonguss, L50, F|
|poke|p2|Flutter Mane, L50|
|poke|p2|Garchomp, L50, M|
|poke|p2|Ogerpon-Wellspring, L50, F|
|teampreview|4
|inactive|Battle timer is ON: inactive players will automatically lose when time's up. (requested by lolnezan78)
|inactive|MalteseShark has 60 seconds left.
|inactive|MalteseShark has 30 seconds left.
|
|t:|1750771889
|start
|switch|p1a: Vinicius|Calyrex-Shadow, L50|100/100
|switch|p1b: Vitinha|Smeargle, L50, F|100/100
|switch|p2a: Calyrex|Calyrex-Ice, L50|100/100
|switch|p2b: Garchomp|Garchomp, L50, M|100/100
|-ability|p1a: Vinicius|As One
|-ability|p1a: Vinicius|Unnerve
|-ability|p2a: Calyrex|As One
|-ability|p2a: Calyrex|Unnerve
|turn|1
|inactive|lolnezan78 has 30 seconds left.
|
|t:|1750771924
|-terastallize|p2a: Calyrex|Fire
|move|p1b: Vitinha|Fake Out|p2b: Garchomp
|-damage|p2b: Garchomp|95/100
|-damage|p1b: Vitinha|88/100|[from] ability: Rough Skin|[of] p2b: Garchomp
|cant|p2b: Garchomp|flinch
|move|p1a: Vinicius|Astral Barrage|p2b: Garchomp|[spread] p2a,p2b
|-damage|p2a: Calyrex|51/100
|-damage|p2b: Garchomp|31/100
|-damage|p1a: Vinicius|91/100|[from] item: Life Orb
|move|p2a: Calyrex|Glacial Lance|p1a: Vinicius|[spread] p1a,p1b
|-damage|p1a: Vinicius|20/100
|-damage|p1b: Vitinha|0 fnt
|faint|p1b: Vitinha
|-ability|p2a: Calyrex|Chilling Neigh|boost
|-boost|p2a: Calyrex|atk|1
|
|upkeep
|
|t:|1750771946
|switch|p1b: Trent|Zamazenta-Crowned, L50, shiny|100/100
|-ability|p1b: Trent|Dauntless Shield|boost
|-boost|p1b: Trent|def|1
|turn|2
|
|t:|1750771954
|move|p2a: Calyrex|Protect|p2a: Calyrex
|-singleturn|p2a: Calyrex|Protect
|move|p2b: Garchomp|Crunch|p1a: Vinicius
|-supereffective|p1a: Vinicius
|-damage|p1a: Vinicius|0 fnt
|faint|p1a: Vinicius
|move|p1b: Trent|Body Press|p2a: Calyrex
|-activate|p2a: Calyrex|move: Protect
|
|upkeep
|
|t:|1750771960
|switch|p1a: Makelélé|Rillaboom, L50, M, shiny|100/100
|-fieldstart|move: Grassy Terrain|[from] ability: Grassy Surge|[of] p1a: Makelélé
|turn|3
|
|t:|1750771971
|switch|p2b: Miraidon|Miraidon, L50|100/100
|-fieldstart|move: Electric Terrain|[from] ability: Hadron Engine|[of] p2b: Miraidon
|switch|p2a: Flutter Mane|Flutter Mane, L50|100/100
|move|p1a: Makelélé|Fake Out|p2b: Miraidon
|-damage|p2b: Miraidon|89/100
|move|p1b: Trent|Body Press|p2a: Flutter Mane
|-immune|p2a: Flutter Mane
|
|upkeep
|turn|4
|
|t:|1750771994
|-terastallize|p1b: Trent|Grass
|move|p2a: Flutter Mane|Moonblast|p1b: Trent
|-crit|p1b: Trent
|-damage|p1b: Trent|29/100
|move|p2b: Miraidon|Electro Drift|p1b: Trent
|-resisted|p1b: Trent
|-damage|p1b: Trent|0 fnt
|faint|p1b: Trent
|move|p1a: Makelélé|Wood Hammer|p2b: Miraidon
|-resisted|p2b: Miraidon
|-damage|p2b: Miraidon|67/100
|-damage|p1a: Makelélé|93/100|[from] Recoil
|
|upkeep
|turn|5
|-message|lolnezan78 forfeited.
|
|win|MalteseShark
|raw|lolnezan78's rating: 1544 &rarr; <strong>1521</strong><br />(-23 for losing)
|raw|MalteseShark's rating: 1489 &rarr; <strong>1512</strong><br />(+23 for winning)
|l|☆lolnezan78
|player|p1|
|l|☆MalteseShark
|player|p2|
