|j|☆SeanDeMol
|j|☆kutaka kfc
|t:|1750746190
|gametype|doubles
|player|p1|SeanDeMol|steven|1388
|player|p2|kutaka kfc|169|1305
|teamsize|p1|6
|teamsize|p2|6
|gen|9
|tier|[Gen 9] VGC 2025 Reg I
|rated|
|rule|Species Clause: Limit one of each Pokémon
|rule|Item Clause: Limit 1 of each item
|clearpoke
|poke|p1|Incineroar, L50, F|
|poke|p1|Urshifu-*, L50, M|
|poke|p1|Miraidon, L50|
|poke|p1|Calyrex-Ice, L50|
|poke|p1|Landorus, L50, M|
|poke|p1|Farigiraf, L50, M|
|poke|p2|Eternatus, L50|
|poke|p2|Calyrex-Shadow, L50|
|poke|p2|Bronzong, L50|
|poke|p2|Urshifu-*, L50, F|
|poke|p2|Roaring Moon, L50|
|poke|p2|Incineroar, L50, M|
|teampreview|4
|inactive|Battle timer is ON: inactive players will automatically lose when time's up. (requested by SeanDeMol)
|inactive|SeanDeMol has 60 seconds left.
|
|t:|1750746225
|start
|switch|p1a: Calyrex|Calyrex-Ice, L50|100/100
|switch|p1b: Farigiraf|Farigiraf, L50, M|100/100
|switch|p2a: Incineroar|Incineroar, L50, M|100/100
|switch|p2b: Calyrex|Calyrex-Shadow, L50|100/100
|-ability|p2b: Calyrex|As One
|-ability|p2b: Calyrex|Unnerve
|-ability|p1a: Calyrex|As One
|-ability|p1a: Calyrex|Unnerve
|-ability|p2a: Incineroar|Intimidate|boost
|-unboost|p1a: Calyrex|atk|1
|-unboost|p1b: Farigiraf|atk|1
|turn|1
|inactive|SeanDeMol has 30 seconds left.
|inactive|kutaka kfc has 30 seconds left.
|
|t:|1750746253
|switch|p1b: Miraidon|Miraidon, L50|100/100
|-fieldstart|move: Electric Terrain|[from] ability: Hadron Engine|[of] p1b: Miraidon
|-terastallize|p1a: Calyrex|Water
|move|p2b: Calyrex|Astral Barrage|p1b: Miraidon|[spread] p1a,p1b
|-damage|p1a: Calyrex|67/100
|-damage|p1b: Miraidon|56/100
|move|p2a: Incineroar|Knock Off|p1b: Miraidon
|-damage|p1b: Miraidon|20/100
|-enditem|p1b: Miraidon|Choice Specs|[from] move: Knock Off|[of] p2a: Incineroar
|move|p1a: Calyrex|Trick Room|p1a: Calyrex
|-fieldstart|move: Trick Room|[of] p1a: Calyrex
|
|-heal|p1a: Calyrex|72/100|[from] item: Leftovers
|upkeep
|turn|2
|inactive|SeanDeMol has 30 seconds left.
|inactive|kutaka kfc has 30 seconds left.
|
|t:|1750746286
|move|p2b: Calyrex|Protect|p2b: Calyrex
|-singleturn|p2b: Calyrex|Protect
|move|p1a: Calyrex|Glacial Lance|p2a: Incineroar|[spread] p2a
|-activate|p2b: Calyrex|move: Protect
|-resisted|p2a: Incineroar
|-damage|p2a: Incineroar|84/100
|move|p2a: Incineroar|Knock Off|p1a: Calyrex
|-damage|p1a: Calyrex|50/100
|-enditem|p1a: Calyrex|Leftovers|[from] move: Knock Off|[of] p2a: Incineroar
|move|p1b: Miraidon|Electro Drift|p2b: Calyrex
|-activate|p2b: Calyrex|move: Protect
|
|upkeep
|turn|3
|inactive|kutaka kfc has 30 seconds left.
|inactive|SeanDeMol has 30 seconds left.
|
|t:|1750746326
|switch|p2b: Bronzong|Bronzong, L50|100/100
|move|p1a: Calyrex|Glacial Lance|p2a: Incineroar|[spread] p2a,p2b
|-resisted|p2a: Incineroar
|-crit|p2a: Incineroar
|-resisted|p2b: Bronzong
|-damage|p2a: Incineroar|47/100
|-damage|p2b: Bronzong|87/100
|move|p2a: Incineroar|Parting Shot|p1a: Calyrex
|-unboost|p1a: Calyrex|atk|1
|-unboost|p1a: Calyrex|spa|1
|
|t:|1750746335
|switch|p2a: Eternatus|Eternatus, L50|100/100|[from] Parting Shot
|-ability|p2a: Eternatus|Pressure
|move|p1b: Miraidon|Volt Switch|p2b: Bronzong
|-damage|p2b: Bronzong|37/100
|
|t:|1750746342
|switch|p1b: Farigiraf|Farigiraf, L50, M|100/100|[from] Volt Switch
|-enditem|p1b: Farigiraf|Electric Seed
|-boost|p1b: Farigiraf|def|1|[from] item: Electric Seed
|
|-heal|p2b: Bronzong|42/100|[from] item: Leftovers
|upkeep
|turn|4
|
|t:|1750746360
|switch|p2b: Incineroar|Incineroar, L50, M|47/100
|-ability|p2b: Incineroar|Intimidate|boost
|-unboost|p1a: Calyrex|atk|1
|-unboost|p1b: Farigiraf|atk|1
|move|p1b: Farigiraf|Helping Hand|p1a: Calyrex
|-singleturn|p1a: Calyrex|Helping Hand|[of] p1b: Farigiraf
|move|p1a: Calyrex|Glacial Lance|p2b: Incineroar|[spread] p2a,p2b
|-supereffective|p2a: Eternatus
|-resisted|p2b: Incineroar
|-damage|p2a: Eternatus|49/100
|-damage|p2b: Incineroar|32/100
|move|p2a: Eternatus|Dynamax Cannon|p1a: Calyrex
|-damage|p1a: Calyrex|15/100
|
|upkeep
|turn|5
|inactive|kutaka kfc has 30 seconds left.
|
|t:|1750746391
|-terastallize|p2a: Eternatus|Dark
|move|p2b: Incineroar|Parting Shot|p1b: Farigiraf
|-unboost|p1b: Farigiraf|atk|1
|-unboost|p1b: Farigiraf|spa|1
|
|t:|1750746395
|switch|p2b: Bronzong|Bronzong, L50|42/100|[from] Parting Shot
|move|p2a: Eternatus|Dynamax Cannon|p1a: Calyrex
|-damage|p1a: Calyrex|0 fnt
|faint|p1a: Calyrex
|move|p1b: Farigiraf|Trick Room|p1b: Farigiraf
|-fieldend|move: Trick Room
|
|-heal|p2b: Bronzong|48/100|[from] item: Leftovers
|-fieldend|move: Electric Terrain
|upkeep
|-message|SeanDeMol forfeited.
|
|win|kutaka kfc
|raw|SeanDeMol's rating: 1388 &rarr; <strong>1363</strong><br />(-25 for losing)
|raw|kutaka kfc's rating: 1305 &rarr; <strong>1330</strong><br />(+25 for winning)
|l|☆SeanDeMol
|player|p1|
|l|☆kutaka kfc
|player|p2|
