|j|☆Soro7
|j|☆knucklee
|t:|1750849627
|gametype|doubles
|player|p1|Soro7|n|1302
|player|p2|knucklee|266|1265
|teamsize|p1|6
|teamsize|p2|6
|gen|9
|tier|[Gen 9] VGC 2025 Reg I
|rated|
|rule|Species Clause: Limit one of each Pokémon
|rule|Item Clause: Limit 1 of each item
|clearpoke
|poke|p1|Calyrex-Ice, L50|
|poke|p1|Kyogre, L50|
|poke|p1|Indeedee-F, L50, F|
|poke|p1|Urshifu-*, L50, M|
|poke|p1|Incineroar, L50, M|
|poke|p1|Amoonguss, L50, F|
|poke|p2|Koraidon, L50|
|poke|p2|Flutter Mane, L50|
|poke|p2|Gothitelle, L50, F|
|poke|p2|Incineroar, L50, M|
|poke|p2|Amoonguss, L50, M|
|poke|p2|Calyrex-Shadow, L50|
|teampreview|4
|inactive|Battle timer is ON: inactive players will automatically lose when time's up. (requested by Soro7)
|
|t:|1750849668
|start
|switch|p1a: Boreas|Calyrex-Ice, L50|100/100
|switch|p1b: Incineroar|Incineroar, L50, M|100/100
|switch|p2a: Gothitelle|Gothitelle, L50, F|100/100
|switch|p2b: Flutter Mane|Flutter Mane, L50|100/100
|-ability|p1a: Boreas|As One
|-ability|p1a: Boreas|Unnerve
|-ability|p1b: Incineroar|Intimidate|boost
|-unboost|p2a: Gothitelle|atk|1
|-unboost|p2b: Flutter Mane|atk|1
|turn|1
|inactive|Soro7 has 30 seconds left.
|inactive|Soro7 has 20 seconds left.
|
|t:|1750849704
|-terastallize|p2a: Gothitelle|Water
|move|p2a: Gothitelle|Fake Out|p1a: Boreas
|-damage|p1a: Boreas|98/100
|move|p2b: Flutter Mane|Perish Song|p2b: Flutter Mane
|-start|p1a: Boreas|perish3|[silent]
|-start|p1b: Incineroar|perish3|[silent]
|-start|p2a: Gothitelle|perish3|[silent]
|-start|p2b: Flutter Mane|perish3|[silent]
|-fieldactivate|move: Perish Song
|move|p1b: Incineroar|Knock Off|p2b: Flutter Mane
|-damage|p2b: Flutter Mane|5/100
|-enditem|p2b: Flutter Mane|Focus Sash|[from] move: Knock Off|[of] p1b: Incineroar
|cant|p1a: Boreas|flinch
|
|-heal|p1a: Boreas|100/100|[from] item: Leftovers
|-start|p2b: Flutter Mane|perish3
|-start|p1b: Incineroar|perish3
|-start|p2a: Gothitelle|perish3
|-start|p1a: Boreas|perish3
|upkeep
|turn|2
|inactive|Soro7 has 30 seconds left.
|
|t:|1750849734
|-end|p2b: Flutter Mane|Protosynthesis|[silent]
|switch|p2b: Incineroar|Incineroar, L50, M|100/100
|-ability|p2b: Incineroar|Intimidate|boost
|-unboost|p1a: Boreas|atk|1
|-unboost|p1b: Incineroar|atk|1
|move|p2a: Gothitelle|Protect|p2a: Gothitelle
|-singleturn|p2a: Gothitelle|Protect
|move|p1b: Incineroar|U-turn|p2b: Incineroar
|-damage|p2b: Incineroar|90/100
|
|t:|1750849745
|switch|p1b: Akhult|Kyogre, L50|100/100|[from] U-turn
|-weather|RainDance|[from] ability: Drizzle|[of] p1b: Akhult
|move|p1a: Boreas|Trick Room|p1a: Boreas
|-fieldstart|move: Trick Room|[of] p1a: Boreas
|
|-weather|RainDance|[upkeep]
|-start|p1a: Boreas|perish2
|-start|p2a: Gothitelle|perish2
|upkeep
|turn|3
|inactive|knucklee has 30 seconds left.
|
|t:|1750849775
|move|p2b: Incineroar|Fake Out|p1b: Akhult
|-damage|p1b: Akhult|90/100
|move|p1a: Boreas|Leech Seed|p2a: Gothitelle
|-start|p2a: Gothitelle|move: Leech Seed
|move|p2a: Gothitelle|Psychic|p1b: Akhult
|-damage|p1b: Akhult|69/100
|cant|p1b: Akhult|flinch
|
|-weather|RainDance|[upkeep]
|-damage|p2a: Gothitelle|88/100|[from] Leech Seed|[of] p1a: Boreas
|-start|p1a: Boreas|perish1
|-start|p2a: Gothitelle|perish1
|upkeep
|turn|4
|inactive|Soro7 has 30 seconds left.
|inactive|Soro7 has 20 seconds left.
|inactive|knucklee has 30 seconds left.
|
|t:|1750849812
|switch|p2b: Koraidon|Koraidon, L50|100/100
|-weather|SunnyDay|[from] ability: Orichalcum Pulse|[of] p2b: Koraidon
|-activate|p2b: Koraidon|Orichalcum Pulse|[source]
|move|p1a: Boreas|Glacial Lance|p2b: Koraidon|[spread] p2a,p2b
|-resisted|p2a: Gothitelle
|-supereffective|p2b: Koraidon
|-damage|p2a: Gothitelle|74/100
|-damage|p2b: Koraidon|29/100
|move|p1b: Akhult|Water Spout|p2b: Koraidon|[spread] p2a,p2b
|-resisted|p2a: Gothitelle
|-resisted|p2b: Koraidon
|-damage|p2a: Gothitelle|62/100
|-damage|p2b: Koraidon|15/100
|move|p2a: Gothitelle|Trick Room|p2a: Gothitelle
|-fieldend|move: Trick Room
|
|-weather|SunnyDay|[upkeep]
|-heal|p2a: Gothitelle|68/100|[from] item: Leftovers
|-damage|p2a: Gothitelle|56/100|[from] Leech Seed|[of] p1a: Boreas
|-start|p2a: Gothitelle|perish0
|-start|p1a: Boreas|perish0
|upkeep
|faint|p2a: Gothitelle
|faint|p1a: Boreas
|inactive|knucklee has 30 seconds left.
|
|t:|1750849838
|switch|p2a: Flutter Mane|Flutter Mane, L50|5/100
|switch|p1a: Incineroar|Incineroar, L50, M|100/100
|-ability|p1a: Incineroar|Intimidate|boost
|-unboost|p2a: Flutter Mane|atk|1
|-unboost|p2b: Koraidon|atk|1
|-activate|p2a: Flutter Mane|ability: Protosynthesis
|-start|p2a: Flutter Mane|protosynthesisspe
|turn|5
|
|t:|1750849863
|switch|p2b: Incineroar|Incineroar, L50, M|90/100
|-ability|p2b: Incineroar|Intimidate|boost
|-unboost|p1a: Incineroar|atk|1
|-unboost|p1b: Akhult|atk|1
|switch|p1b: Nergal|Amoonguss, L50, F|100/100
|move|p1a: Incineroar|Fake Out|p2b: Incineroar
|-damage|p2b: Incineroar|84/100
|move|p2a: Flutter Mane|Moonblast|p1b: Nergal
|-resisted|p1b: Nergal
|-damage|p1b: Nergal|80/100
|
|-weather|SunnyDay|[upkeep]
|upkeep
|turn|6
|inactive|Soro7 has 30 seconds left.
|
|t:|1750849897
|move|p2a: Flutter Mane|Perish Song|p2a: Flutter Mane
|-start|p1a: Incineroar|perish3|[silent]
|-start|p1b: Nergal|perish3|[silent]
|-start|p2a: Flutter Mane|perish3|[silent]
|-start|p2b: Incineroar|perish3|[silent]
|-fieldactivate|move: Perish Song
|move|p1a: Incineroar|U-turn|p2a: Flutter Mane
|-resisted|p2a: Flutter Mane
|-damage|p2a: Flutter Mane|0 fnt
|faint|p2a: Flutter Mane
|-end|p2a: Flutter Mane|Protosynthesis|[silent]
|
|t:|1750849902
|switch|p1a: Akhult|Kyogre, L50|69/100|[from] U-turn
|-weather|RainDance|[from] ability: Drizzle|[of] p1a: Akhult
|move|p2b: Incineroar|Flare Blitz|p1b: Nergal
|-supereffective|p1b: Nergal
|-damage|p1b: Nergal|41/100
|-enditem|p1b: Nergal|Sitrus Berry|[eat]
|-heal|p1b: Nergal|66/100|[from] item: Sitrus Berry
|-damage|p2b: Incineroar|70/100|[from] Recoil
|move|p1b: Nergal|Pollen Puff|p1a: Akhult
|-heal|p1a: Akhult|100/100
|
|-weather|RainDance|[upkeep]
|-start|p2b: Incineroar|perish3
|-start|p1b: Nergal|perish3
|upkeep
|
|t:|1750849917
|switch|p2a: Koraidon|Koraidon, L50|15/100
|-weather|SunnyDay|[from] ability: Orichalcum Pulse|[of] p2a: Koraidon
|-activate|p2a: Koraidon|Orichalcum Pulse|[source]
|turn|7
|
|t:|1750849932
|switch|p1a: Incineroar|Incineroar, L50, M|100/100
|-ability|p1a: Incineroar|Intimidate|boost
|-unboost|p2a: Koraidon|atk|1
|-unboost|p2b: Incineroar|atk|1
|move|p1b: Nergal|Protect|p1b: Nergal
|-singleturn|p1b: Nergal|Protect
|move|p2a: Koraidon|Close Combat|p1b: Nergal
|-activate|p1b: Nergal|move: Protect
|move|p2b: Incineroar|Flare Blitz|p1a: Incineroar
|-resisted|p1a: Incineroar
|-damage|p1a: Incineroar|80/100
|-damage|p2b: Incineroar|63/100|[from] Recoil
|
|-weather|SunnyDay|[upkeep]
|-start|p2b: Incineroar|perish2
|-start|p1b: Nergal|perish2
|upkeep
|turn|8
|-message|knucklee forfeited.
|
|win|Soro7
|raw|Soro7's rating: 1302 &rarr; <strong>1320</strong><br />(+18 for winning)
|raw|knucklee's rating: 1265 &rarr; <strong>1243</strong><br />(-22 for losing)
|l|☆knucklee
|player|p2|
