|j|☆Light_Sky.L
|j|☆Ayyofred
|t:|1750740811
|gametype|doubles
|player|p1|Light_Sky.L|266|1460
|player|p2|Ayyofred|juggler|1460
|teamsize|p1|6
|teamsize|p2|6
|gen|9
|tier|[Gen 9] VGC 2025 Reg I
|rated|
|rule|Species Clause: Limit one of each Pokémon
|rule|Item Clause: Limit 1 of each item
|clearpoke
|poke|p1|Miraidon, L50|
|poke|p1|Zacian-*, L50|
|poke|p1|Grimmsnarl, L50, M|
|poke|p1|Incineroar, L50, M|
|poke|p1|Wo-Chien, L50|
|poke|p1|Annihilape, L50, F|
|poke|p2|Kyogre, L50|
|poke|p2|Pelipper, L50, F|
|poke|p2|Zacian-*, L50|
|poke|p2|Raging Bolt, L50|
|poke|p2|Amoonguss, L50, M|
|poke|p2|Farigiraf, L50, F|
|teampreview|4
|inactive|Battle timer is ON: inactive players will automatically lose when time's up. (requested by Light_Sky.L)
|inactive|Ayyofred has 60 seconds left.
|inactive|Ayyofred has 30 seconds left.
|
|t:|1750740882
|start
|switch|p1a: Grimmsnarl|Grimmsnarl, L50, M|100/100
|switch|p1b: Incineroar|Incineroar, L50, M|100/100
|switch|p2a: Zacian|Zacian-Crowned, L50|100/100
|switch|p2b: Amoonguss|Amoonguss, L50, M|100/100
|-ability|p2a: Zacian|Intrepid Sword|boost
|-boost|p2a: Zacian|atk|1
|-ability|p1b: Incineroar|Intimidate|boost
|-unboost|p2a: Zacian|atk|1
|-unboost|p2b: Amoonguss|atk|1
|turn|1
|
|t:|1750740906
|move|p2a: Zacian|Protect|p2a: Zacian
|-singleturn|p2a: Zacian|Protect
|move|p1b: Incineroar|Fake Out|p2a: Zacian
|-activate|p2a: Zacian|move: Protect
|move|p1a: Grimmsnarl|Reflect|p1a: Grimmsnarl
|-sidestart|p1: Light_Sky.L|Reflect
|move|p2b: Amoonguss|Sludge Bomb|p1a: Grimmsnarl
|-supereffective|p1a: Grimmsnarl
|-damage|p1a: Grimmsnarl|44/100
|-status|p1a: Grimmsnarl|psn
|
|-damage|p1a: Grimmsnarl|32/100 psn|[from] psn
|upkeep
|turn|2
|inactive|Ayyofred has 30 seconds left.
|inactive|Light_Sky.L has 30 seconds left.
|inactive|Ayyofred has 20 seconds left.
|
|t:|1750740943
|switch|p2a: Kyogre|Kyogre, L50|100/100
|-weather|RainDance|[from] ability: Drizzle|[of] p2a: Kyogre
|move|p1a: Grimmsnarl|Thunder Wave|p2a: Kyogre
|-status|p2a: Kyogre|par
|move|p1b: Incineroar|Knock Off|p2a: Kyogre
|-damage|p2a: Kyogre|56/100 par
|-enditem|p2a: Kyogre|Choice Scarf|[from] move: Knock Off|[of] p1b: Incineroar
|move|p2b: Amoonguss|Sludge Bomb|p1a: Grimmsnarl
|-supereffective|p1a: Grimmsnarl
|-damage|p1a: Grimmsnarl|0 fnt
|faint|p1a: Grimmsnarl
|
|-weather|RainDance|[upkeep]
|upkeep
|
|t:|1750740957
|switch|p1a: Miraidon|Miraidon, L50|100/100
|-fieldstart|move: Electric Terrain|[from] ability: Hadron Engine|[of] p1a: Miraidon
|turn|3
|inactive|Ayyofred has 30 seconds left.
|
|t:|1750740983
|move|p2b: Amoonguss|Rage Powder|p2b: Amoonguss
|-singleturn|p2b: Amoonguss|move: Rage Powder
|move|p1a: Miraidon|Calm Mind|p1a: Miraidon
|-boost|p1a: Miraidon|spa|1
|-boost|p1a: Miraidon|spd|1
|move|p1b: Incineroar|Parting Shot|p2b: Amoonguss
|-unboost|p2b: Amoonguss|atk|1
|-unboost|p2b: Amoonguss|spa|1
|
|t:|1750740990
|switch|p1b: Wo-Chien|Wo-Chien, L50|100/100|[from] Parting Shot
|-ability|p1b: Wo-Chien|Tablets of Ruin
|move|p2a: Kyogre|Ice Beam|p1a: Miraidon
|-supereffective|p1a: Miraidon
|-damage|p1a: Miraidon|62/100
|
|-weather|RainDance|[upkeep]
|upkeep
|turn|4
|inactive|Ayyofred has 30 seconds left.
|inactive|Ayyofred has 20 seconds left.
|
|t:|1750741027
|-terastallize|p1a: Miraidon|Electric
|-terastallize|p2a: Kyogre|Grass
|move|p1a: Miraidon|Calm Mind|p1a: Miraidon
|-boost|p1a: Miraidon|spa|1
|-boost|p1a: Miraidon|spd|1
|move|p1b: Wo-Chien|Pollen Puff|p1a: Miraidon
|-heal|p1a: Miraidon|100/100
|move|p2a: Kyogre|Ice Beam|p1b: Wo-Chien
|-supereffective|p1b: Wo-Chien
|-damage|p1b: Wo-Chien|58/100
|move|p2b: Amoonguss|Spore|p1a: Miraidon
|-activate|p1a: Miraidon|move: Electric Terrain
|
|-weather|RainDance|[upkeep]
|-heal|p1b: Wo-Chien|64/100|[from] item: Leftovers
|upkeep
|turn|5
|inactive|Light_Sky.L has 30 seconds left.
|
|t:|1750741057
|move|p1a: Miraidon|Dragon Pulse|p2a: Kyogre
|-damage|p2a: Kyogre|0 fnt
|faint|p2a: Kyogre
|move|p1b: Wo-Chien|Pollen Puff|p2b: Amoonguss
|-damage|p2b: Amoonguss|83/100
|move|p2b: Amoonguss|Sludge Bomb|p1b: Wo-Chien
|-supereffective|p1b: Wo-Chien
|-damage|p1b: Wo-Chien|36/100
|-status|p1b: Wo-Chien|psn
|
|-weather|RainDance|[upkeep]
|-heal|p1b: Wo-Chien|42/100 psn|[from] item: Leftovers
|-damage|p1b: Wo-Chien|30/100 psn|[from] psn
|upkeep
|inactive|Ayyofred has 30 seconds left.
|
|t:|1750741086
|switch|p2a: Zacian|Zacian-Crowned, L50|100/100
|turn|6
|
|t:|1750741097
|move|p2b: Amoonguss|Rage Powder|p2b: Amoonguss
|-singleturn|p2b: Amoonguss|move: Rage Powder
|move|p2a: Zacian|Play Rough|p1a: Miraidon
|-damage|p1a: Miraidon|75/100
|move|p1a: Miraidon|Parabolic Charge|p2b: Amoonguss|[spread] p1b,p2a,p2b
|-resisted|p1b: Wo-Chien
|-resisted|p2b: Amoonguss
|-damage|p1b: Wo-Chien|0 fnt
|-heal|p1a: Miraidon|91/100|[from] drain|[of] p1b: Wo-Chien
|-damage|p2a: Zacian|0 fnt
|-heal|p1a: Miraidon|100/100|[from] drain|[of] p2a: Zacian
|-damage|p2b: Amoonguss|39/100
|-enditem|p2b: Amoonguss|Sitrus Berry|[eat]
|-heal|p2b: Amoonguss|64/100|[from] item: Sitrus Berry
|faint|p1b: Wo-Chien
|faint|p2a: Zacian
|
|-weather|none
|upkeep
|
|t:|1750741114
|switch|p2a: Farigiraf|Farigiraf, L50, F|100/100
|switch|p1b: Incineroar|Incineroar, L50, M|100/100
|-ability|p1b: Incineroar|Intimidate|boost
|-unboost|p2a: Farigiraf|atk|1
|-unboost|p2b: Amoonguss|atk|1
|turn|7
|inactive|Ayyofred has 30 seconds left.
|inactive|Ayyofred has 20 seconds left.
|
|t:|1750741150
|move|p1a: Miraidon|Protect|p1a: Miraidon
|-singleturn|p1a: Miraidon|Protect
|move|p1b: Incineroar|Knock Off|p2b: Amoonguss
|-damage|p2b: Amoonguss|38/100
|move|p2a: Farigiraf|Shadow Ball|p1a: Miraidon
|-activate|p1a: Miraidon|move: Protect
|move|p2b: Amoonguss|Sludge Bomb|p1a: Miraidon
|-activate|p1a: Miraidon|move: Protect
|
|-fieldend|move: Electric Terrain
|upkeep
|turn|8
|
|t:|1750741170
|move|p1a: Miraidon|Parabolic Charge|p2a: Farigiraf|[spread] p1b,p2a,p2b
|-resisted|p2b: Amoonguss
|-damage|p1b: Incineroar|28/100
|-damage|p2a: Farigiraf|39/100
|-damage|p2b: Amoonguss|11/100
|move|p1b: Incineroar|Knock Off|p2a: Farigiraf
|-supereffective|p2a: Farigiraf
|-damage|p2a: Farigiraf|0 fnt
|-damage|p1b: Incineroar|12/100|[from] item: Rocky Helmet|[of] p2a: Farigiraf
|-enditem|p2a: Farigiraf|Rocky Helmet|[from] move: Knock Off|[of] p1b: Incineroar
|faint|p2a: Farigiraf
|move|p2b: Amoonguss|Spore|p1a: Miraidon
|-status|p1a: Miraidon|slp|[from] move: Spore
|
|-sideend|p1: Light_Sky.L|Reflect
|upkeep
|turn|9
|
|t:|1750741191
|cant|p1a: Miraidon|slp
|move|p1b: Incineroar|Knock Off|p2b: Amoonguss
|-damage|p2b: Amoonguss|0 fnt
|faint|p2b: Amoonguss
|
|win|Light_Sky.L
|raw|Light_Sky.L's rating: 1460 &rarr; <strong>1480</strong><br />(+20 for winning)
|raw|Ayyofred's rating: 1460 &rarr; <strong>1440</strong><br />(-20 for losing)
|l|☆Light_Sky.L
|player|p1|
|l|☆Ayyofred
|player|p2|
