|j|☆rei_arthur_rei
|j|☆TCBro89
|t:|1750769110
|gametype|doubles
|player|p1|rei_arthur_rei|102|1563
|player|p2|TCBro89|red|1632
|teamsize|p1|6
|teamsize|p2|6
|gen|9
|tier|[Gen 9] VGC 2025 Reg I
|rated|
|rule|Species Clause: Limit one of each Pokémon
|rule|Item Clause: Limit 1 of each item
|clearpoke
|poke|p1|Ho-Oh, L50|
|poke|p1|Groudon, L50|
|poke|p1|Okidogi, L50, M|
|poke|p1|Ogerpon-Cornerstone, L50, F|
|poke|p1|Flutter Mane, L50|
|poke|p1|Grimmsnarl, L50, M|
|poke|p2|Miraidon, L50|
|poke|p2|Iron Bundle, L50|
|poke|p2|Groudon, L50|
|poke|p2|Whimsicott, L50, F|
|poke|p2|Raging Bolt, L50|
|poke|p2|Farigiraf, L50, F|
|teampreview|4
|l|☆rei_arthur_rei
|player|p1|
|j|☆rei_arthur_rei
|player|p1|rei_arthur_rei|102|
|
|t:|1750769167
|start
|switch|p1a: Fénix|Ho-Oh, L50|100/100
|switch|p1b: Godzilla|Groudon, L50|100/100
|switch|p2a: Miraidon|Miraidon, L50|100/100
|switch|p2b: Iron Bundle|Iron Bundle, L50|100/100
|-fieldstart|move: Electric Terrain|[from] ability: Hadron Engine|[of] p2a: Miraidon
|-activate|p2b: Iron Bundle|ability: Quark Drive
|-start|p2b: Iron Bundle|quarkdrivespe
|-weather|SunnyDay|[from] ability: Drought|[of] p1b: Godzilla
|turn|1
|l|☆rei_arthur_rei
|player|p1|
|j|☆rei_arthur_rei
|player|p1|rei_arthur_rei|102|
|n|☆rei_arthur_rei|reiarthurrei
|l|☆rei_arthur_rei
|player|p1|
|j|☆rei_arthur_rei
|player|p1|rei_arthur_rei|102|
|inactive|Battle timer is ON: inactive players will automatically lose when time's up. (requested by TCBro89)
|
|t:|1750769303
|-terastallize|p1a: Fénix|Grass
|move|p2b: Iron Bundle|Icy Wind|p1b: Godzilla|[spread] p1a,p1b
|-supereffective|p1a: Fénix
|-supereffective|p1b: Godzilla
|-damage|p1a: Fénix|73/100
|-damage|p1b: Godzilla|66/100
|-unboost|p1b: Godzilla|spe|1
|move|p2a: Miraidon|Volt Switch|p1a: Fénix
|-resisted|p1a: Fénix
|-damage|p1a: Fénix|46/100
|
|t:|1750769316
|switch|p2a: Groudon|Groudon, L50|100/100|[from] Volt Switch
|move|p1a: Fénix|Tailwind|p1a: Fénix
|-sidestart|p1: rei_arthur_rei|move: Tailwind
|move|p1b: Godzilla|Precipice Blades|p2b: Iron Bundle|[spread] p2a,p2b
|-damage|p2a: Groudon|46/100
|-enditem|p2b: Iron Bundle|Focus Sash
|-damage|p2b: Iron Bundle|1/100
|
|-weather|SunnyDay|[upkeep]
|upkeep
|turn|2
|inactive|TCBro89 has 30 seconds left.
|l|☆rei_arthur_rei
|inactive|rei_arthur_rei disconnected and has a minute to reconnect!
|player|p1|
|inactive|rei_arthur_rei has 30 seconds left.
|inactive|TCBro89 has 20 seconds left.
|inactive|rei_arthur_rei has 20 seconds left.
|inactive|TCBro89 has 15 seconds left.
|j|☆rei_arthur_rei
|inactive|rei_arthur_rei reconnected and has 20 seconds left.
|player|p1|rei_arthur_rei|102|
|inactive|rei_arthur_rei has 15 seconds left.
|inactive|TCBro89 has 10 seconds left.
|inactive|rei_arthur_rei has 10 seconds left.
|
|t:|1750769367
|move|p2b: Iron Bundle|Icy Wind|p1a: Fénix|[spread] p1a,p1b
|-supereffective|p1a: Fénix
|-supereffective|p1b: Godzilla
|-damage|p1a: Fénix|22/100
|-damage|p1b: Godzilla|31/100
|-unboost|p1b: Godzilla|spe|1
|move|p1a: Fénix|Sacred Fire|p2a: Groudon
|-damage|p2a: Groudon|0 fnt
|faint|p2a: Groudon
|move|p1b: Godzilla|Precipice Blades|p2b: Iron Bundle
|-damage|p2b: Iron Bundle|0 fnt
|faint|p2b: Iron Bundle
|-end|p2b: Iron Bundle|Quark Drive|[silent]
|
|-weather|SunnyDay|[upkeep]
|upkeep
|
|t:|1750769379
|switch|p2b: Whimsicott|Whimsicott, L50, F|100/100
|switch|p2a: Miraidon|Miraidon, L50|100/100
|-activate|p2a: Miraidon|ability: Hadron Engine
|turn|3
|
|t:|1750769389
|-terastallize|p2a: Miraidon|Fairy
|move|p2b: Whimsicott|Tailwind|p2b: Whimsicott
|-sidestart|p2: TCBro89|move: Tailwind
|move|p2a: Miraidon|Dazzling Gleam|p1a: Fénix|[spread] p1a,p1b
|-damage|p1a: Fénix|0 fnt
|-damage|p1b: Godzilla|0 fnt
|faint|p1a: Fénix
|faint|p1b: Godzilla
|
|-weather|SunnyDay|[upkeep]
|upkeep
|
|t:|1750769400
|switch|p1a: Tinhoso de Pedra|Ogerpon-Cornerstone, L50, F|100/100
|switch|p1b: Gasparzinho|Flutter Mane, L50|100/100
|-activate|p1b: Gasparzinho|ability: Protosynthesis
|-start|p1b: Gasparzinho|protosynthesisspe
|turn|4
|
|t:|1750769415
|move|p1b: Gasparzinho|Dazzling Gleam|p2b: Whimsicott|[spread] p2a,p2b
|-damage|p2a: Miraidon|61/100
|-damage|p2b: Whimsicott|54/100
|move|p2a: Miraidon|Dazzling Gleam|p1a: Tinhoso de Pedra|[spread] p1a,p1b
|-damage|p1a: Tinhoso de Pedra|23/100
|-damage|p1b: Gasparzinho|44/100
|move|p1a: Tinhoso de Pedra|Ivy Cudgel|p2a: Miraidon|[anim] Ivy Cudgel Rock
|-damage|p2a: Miraidon|2/100
|move|p2b: Whimsicott|Moonblast|p1b: Gasparzinho
|-damage|p1b: Gasparzinho|22/100
|-unboost|p1b: Gasparzinho|spa|1
|
|-weather|SunnyDay|[upkeep]
|-sideend|p1: rei_arthur_rei|move: Tailwind
|upkeep
|turn|5
|inactive|rei_arthur_rei has 30 seconds left.
|
|t:|1750769444
|move|p1a: Tinhoso de Pedra|Spiky Shield|p1a: Tinhoso de Pedra
|-singleturn|p1a: Tinhoso de Pedra|move: Protect
|move|p2a: Miraidon|Dazzling Gleam|p1a: Tinhoso de Pedra|[spread] p1b
|-activate|p1a: Tinhoso de Pedra|move: Protect
|-damage|p1b: Gasparzinho|0 fnt
|faint|p1b: Gasparzinho
|-end|p1b: Gasparzinho|Protosynthesis|[silent]
|move|p2b: Whimsicott|Moonblast|p1a: Tinhoso de Pedra
|-activate|p1a: Tinhoso de Pedra|move: Protect
|
|-weather|none
|-fieldend|move: Electric Terrain
|upkeep
|turn|6
|
|t:|1750769459
|move|p1a: Tinhoso de Pedra|Spiky Shield||[still]
|-fail|p1a: Tinhoso de Pedra
|move|p2a: Miraidon|Dazzling Gleam|p1a: Tinhoso de Pedra
|-damage|p1a: Tinhoso de Pedra|0 fnt
|faint|p1a: Tinhoso de Pedra
|
|win|TCBro89
|raw|rei_arthur_rei's rating: 1563 &rarr; <strong>1547</strong><br />(-16 for losing)
|raw|TCBro89's rating: 1632 &rarr; <strong>1648</strong><br />(+16 for winning)
|l|☆TCBro89
|player|p2|
|l|☆rei_arthur_rei
|player|p1|
