|j|☆Aninesperc
|j|☆paperclip007
|t:|1750744566
|gametype|doubles
|player|p1|Aninesperc|2|1050
|player|p2|paperclip007|interviewers|1137
|teamsize|p1|6
|teamsize|p2|6
|gen|9
|tier|[Gen 9] VGC 2025 Reg I
|rated|
|rule|Species Clause: Limit one of each Pokémon
|rule|Item Clause: Limit 1 of each item
|clearpoke
|poke|p1|Koraidon, L50|
|poke|p1|Amoonguss, L50, F|
|poke|p1|Incineroar, L50, M|
|poke|p1|Calyrex-Shadow, L50|
|poke|p1|Urshifu-*, L50, M|
|poke|p1|Rillaboom, L50, M|
|poke|p2|Miraidon, L50|
|poke|p2|Iron Hands, L50|
|poke|p2|Iron Bundle, L50|
|poke|p2|Iron Jugulis, L50|
|poke|p2|Koraidon, L50|
|poke|p2|Iron Crown, L50|
|teampreview|4
paperclip007 rejected open team sheets.
|inactive|Battle timer is ON: inactive players will automatically lose when time's up. (requested by Aninesperc)
|
|t:|1750744603
|start
|switch|p1a: Calyrex|Calyrex-Shadow, L50|100/100
|switch|p1b: Incineroar|Incineroar, L50, M|100/100
|switch|p2a: Iron Jugulis|Iron Jugulis, L50|100/100
|switch|p2b: Miraidon|Miraidon, L50|100/100
|-ability|p1a: Calyrex|As One
|-ability|p1a: Calyrex|Unnerve
|-fieldstart|move: Electric Terrain|[from] ability: Hadron Engine|[of] p2b: Miraidon
|-activate|p2a: Iron Jugulis|ability: Quark Drive
|-start|p2a: Iron Jugulis|quarkdrivespe
|-ability|p1b: Incineroar|Intimidate|boost
|-unboost|p2a: Iron Jugulis|atk|1
|-unboost|p2b: Miraidon|atk|1
|turn|1
|inactive|Aninesperc has 30 seconds left.
|
|t:|1750744633
|move|p2b: Miraidon|Protect|p2b: Miraidon
|-singleturn|p2b: Miraidon|Protect
|move|p1b: Incineroar|Fake Out|p2a: Iron Jugulis
|-damage|p2a: Iron Jugulis|90/100
|cant|p2a: Iron Jugulis|flinch
|move|p1a: Calyrex|Astral Barrage|p2a: Iron Jugulis|[spread] p2a
|-activate|p2b: Miraidon|move: Protect
|-resisted|p2a: Iron Jugulis
|-damage|p2a: Iron Jugulis|60/100
|
|upkeep
|turn|2
|inactive|Aninesperc has 30 seconds left.
|inactive|paperclip007 has 30 seconds left.
|inactive|Aninesperc has 20 seconds left.
|inactive|paperclip007 has 20 seconds left.
|inactive|Aninesperc has 15 seconds left.
|
|t:|1750744674
|move|p1a: Calyrex|Protect|p1a: Calyrex
|-singleturn|p1a: Calyrex|Protect
|move|p2a: Iron Jugulis|Tailwind|p2a: Iron Jugulis
|-sidestart|p2: paperclip007|move: Tailwind
|move|p2b: Miraidon|Electro Drift|p1a: Calyrex
|-activate|p1a: Calyrex|move: Protect
|move|p1b: Incineroar|Parting Shot|p2b: Miraidon
|-unboost|p2b: Miraidon|atk|1
|-unboost|p2b: Miraidon|spa|1
|
|t:|1750744684
|switch|p1b: Amoonguss|Amoonguss, L50, F|100/100|[from] Parting Shot
|
|upkeep
|turn|3
|
|t:|1750744699
|switch|p1a: Koraidon|Koraidon, L50|100/100
|-weather|SunnyDay|[from] ability: Orichalcum Pulse|[of] p1a: Koraidon
|-activate|p1a: Koraidon|Orichalcum Pulse|[source]
|move|p1b: Amoonguss|Rage Powder|p1b: Amoonguss
|-singleturn|p1b: Amoonguss|move: Rage Powder
|move|p2a: Iron Jugulis|Knock Off|p1b: Amoonguss
|-damage|p1b: Amoonguss|84/100
|-enditem|p1b: Amoonguss|Mental Herb|[from] move: Knock Off|[of] p2a: Iron Jugulis
|move|p2b: Miraidon|Volt Switch|p1b: Amoonguss
|-resisted|p1b: Amoonguss
|-damage|p1b: Amoonguss|68/100
|
|t:|1750744721
|switch|p2b: Iron Crown|Iron Crown, L50|100/100|[from] Volt Switch
|-activate|p2b: Iron Crown|ability: Quark Drive
|-start|p2b: Iron Crown|quarkdrivespa
|
|-weather|SunnyDay|[upkeep]
|upkeep
|turn|4
|
|t:|1750744737
|move|p2a: Iron Jugulis|Air Slash|p1a: Koraidon
|-supereffective|p1a: Koraidon
|-damage|p1a: Koraidon|41/100
|move|p2b: Iron Crown|Psychic|p1a: Koraidon
|-supereffective|p1a: Koraidon
|-damage|p1a: Koraidon|0 fnt
|faint|p1a: Koraidon
|move|p1b: Amoonguss|Spore|p2a: Iron Jugulis
|-status|p2a: Iron Jugulis|slp|[from] move: Spore
|
|-weather|SunnyDay|[upkeep]
|upkeep
|
|t:|1750744748
|switch|p1a: Calyrex|Calyrex-Shadow, L50|100/100
|-ability|p1a: Calyrex|As One
|-ability|p1a: Calyrex|Unnerve
|turn|5
|
|t:|1750744770
|-terastallize|p2b: Iron Crown|Dark
|cant|p2a: Iron Jugulis|slp
|move|p2b: Iron Crown|Psychic|p1a: Calyrex
|-resisted|p1a: Calyrex
|-damage|p1a: Calyrex|68/100
|move|p1a: Calyrex|Astral Barrage|p2a: Iron Jugulis|[spread] p2a,p2b
|-resisted|p2a: Iron Jugulis
|-resisted|p2b: Iron Crown
|-damage|p2a: Iron Jugulis|32/100 slp
|-damage|p2b: Iron Crown|70/100
|move|p1b: Amoonguss|Spore|p2b: Iron Crown
|-activate|p2b: Iron Crown|move: Electric Terrain
|
|-weather|SunnyDay|[upkeep]
|-sideend|p2: paperclip007|move: Tailwind
|-fieldend|move: Electric Terrain
|-end|p2a: Iron Jugulis|Quark Drive
|-end|p2b: Iron Crown|Quark Drive
|upkeep
|-enditem|p2a: Iron Jugulis|Booster Energy
|-activate|p2a: Iron Jugulis|ability: Quark Drive|[fromitem]
|-start|p2a: Iron Jugulis|quarkdrivespe
|turn|6
|inactive|paperclip007 has 30 seconds left.
|inactive|Aninesperc has 30 seconds left.
|inactive|paperclip007 has 20 seconds left.
|
|t:|1750744809
|move|p1b: Amoonguss|Rage Powder|p1b: Amoonguss
|-singleturn|p1b: Amoonguss|move: Rage Powder
|cant|p2a: Iron Jugulis|slp
|move|p2b: Iron Crown|Psychic|p1b: Amoonguss
|-supereffective|p1b: Amoonguss
|-damage|p1b: Amoonguss|3/100
|move|p1a: Calyrex|Astral Barrage|p2b: Iron Crown|[spread] p2a,p2b
|-resisted|p2a: Iron Jugulis
|-resisted|p2b: Iron Crown
|-damage|p2a: Iron Jugulis|3/100 slp
|-damage|p2b: Iron Crown|40/100
|
|-weather|SunnyDay|[upkeep]
|upkeep
|turn|7
|inactive|paperclip007 has 30 seconds left.
|inactive|paperclip007 has 20 seconds left.
|
|t:|1750744844
|move|p1b: Amoonguss|Rage Powder|p1b: Amoonguss
|-singleturn|p1b: Amoonguss|move: Rage Powder
|cant|p2a: Iron Jugulis|slp
|move|p2b: Iron Crown|Psychic|p1b: Amoonguss
|-supereffective|p1b: Amoonguss
|-damage|p1b: Amoonguss|0 fnt
|faint|p1b: Amoonguss
|move|p1a: Calyrex|Astral Barrage|p2a: Iron Jugulis|[spread] p2a,p2b
|-resisted|p2a: Iron Jugulis
|-resisted|p2b: Iron Crown
|-damage|p2a: Iron Jugulis|0 fnt
|-damage|p2b: Iron Crown|11/100
|faint|p2a: Iron Jugulis
|-end|p2a: Iron Jugulis|Quark Drive|[silent]
|-ability|p1a: Calyrex|Grim Neigh|boost
|-boost|p1a: Calyrex|spa|1
|
|-weather|none
|upkeep
|
|t:|1750744859
|switch|p2a: Miraidon|Miraidon, L50|100/100
|switch|p1b: Incineroar|Incineroar, L50, M|100/100
|-fieldstart|move: Electric Terrain|[from] ability: Hadron Engine|[of] p2a: Miraidon
|-activate|p2b: Iron Crown|ability: Quark Drive
|-start|p2b: Iron Crown|quarkdrivespa
|-ability|p1b: Incineroar|Intimidate|boost
|-unboost|p2a: Miraidon|atk|1
|-unboost|p2b: Iron Crown|atk|1
|turn|8
|
|t:|1750744877
|-end|p2b: Iron Crown|Quark Drive|[silent]
|switch|p2b: Koraidon|Koraidon, L50|100/100
|-weather|SunnyDay|[from] ability: Orichalcum Pulse|[of] p2b: Koraidon
|-activate|p2b: Koraidon|Orichalcum Pulse|[source]
|move|p2a: Miraidon|Protect|p2a: Miraidon
|-singleturn|p2a: Miraidon|Protect
|move|p1b: Incineroar|Fake Out|p2a: Miraidon
|-activate|p2a: Miraidon|move: Protect
|move|p1a: Calyrex|Astral Barrage|p2b: Koraidon|[spread] p2b
|-activate|p2a: Miraidon|move: Protect
|-damage|p2b: Koraidon|15/100
|
|-weather|SunnyDay|[upkeep]
|upkeep
|turn|9
|inactive|Aninesperc has 30 seconds left.
|inactive|paperclip007 has 30 seconds left.
|
|t:|1750744905
|move|p1b: Incineroar|Helping Hand|p1a: Calyrex
|-singleturn|p1a: Calyrex|Helping Hand|[of] p1b: Incineroar
|move|p2b: Koraidon|Protect|p2b: Koraidon
|-singleturn|p2b: Koraidon|Protect
|move|p1a: Calyrex|Astral Barrage|p2b: Koraidon|[spread] p2a
|-activate|p2b: Koraidon|move: Protect
|-damage|p2a: Miraidon|0 fnt
|faint|p2a: Miraidon
|-ability|p1a: Calyrex|Grim Neigh|boost
|-boost|p1a: Calyrex|spa|1
|
|-weather|SunnyDay|[upkeep]
|upkeep
|
|t:|1750744916
|switch|p2a: Iron Crown|Iron Crown, L50, tera:Dark|11/100
|-activate|p2a: Iron Crown|ability: Quark Drive
|-start|p2a: Iron Crown|quarkdrivespa
|turn|10
|
|t:|1750744932
|move|p1b: Incineroar|Helping Hand|p1a: Calyrex
|-singleturn|p1a: Calyrex|Helping Hand|[of] p1b: Incineroar
|move|p2a: Iron Crown|Tachyon Cutter|p1a: Calyrex
|-damage|p1a: Calyrex|35/100
|-crit|p1a: Calyrex
|-damage|p1a: Calyrex|0 fnt
|faint|p1a: Calyrex
|-hitcount|p1: Calyrex|2
|move|p2b: Koraidon|Collision Course|p1b: Incineroar
|-supereffective|p1b: Incineroar
|-damage|p1b: Incineroar|0 fnt
|faint|p1b: Incineroar
|-damage|p2b: Koraidon|5/100|[from] item: Life Orb
|
|win|paperclip007
|raw|Aninesperc's rating: 1050 &rarr; <strong>1037</strong><br />(-13 for losing)
|raw|paperclip007's rating: 1137 &rarr; <strong>1156</strong><br />(+19 for winning)
|l|☆paperclip007
|player|p2|
|l|☆Aninesperc
|player|p1|
