|j|☆Toxirino
|j|☆ocho808
|t:|1750745531
|gametype|doubles
|player|p1|Toxirino|proton|1173
|player|p2|ocho808|102|1153
|teamsize|p1|6
|teamsize|p2|6
|gen|9
|tier|[Gen 9] VGC 2025 Reg I
|rated|
|rule|Species Clause: Limit one of each Pokémon
|rule|Item Clause: Limit 1 of each item
|clearpoke
|poke|p1|Regieleki, L50|
|poke|p1|Iron Jugulis, L50|
|poke|p1|Iron Boulder, L50|
|poke|p1|Miraidon, L50|
|poke|p1|Solgaleo, L50|
|poke|p1|Iron Hands, L50|
|poke|p2|Groudon, L50|
|poke|p2|Brute Bonnet, L50|
|poke|p2|Walking Wake, L50|
|poke|p2|Whimsicott, L50, M|
|poke|p2|Ho-Oh, L50|
|poke|p2|Urshifu-*, L50, M|
|teampreview|4
|inactive|Battle timer is ON: inactive players will automatically lose when time's up. (requested by Toxirino)
ocho808 rejected open team sheets.
|
|t:|1750745551
|start
|switch|p1a: Miraidon|Miraidon, L50|100/100
|switch|p1b: Solgaleo|Solgaleo, L50|100/100
|switch|p2a: Walking Wake|Walking Wake, L50|100/100
|switch|p2b: Whimsicott|Whimsicott, L50, M|100/100
|-fieldstart|move: Electric Terrain|[from] ability: Hadron Engine|[of] p1a: Miraidon
|turn|1
|
|t:|1750745566
|move|p2b: Whimsicott|Sunny Day|p2b: Whimsicott
|-weather|SunnyDay
|-activate|p2a: Walking Wake|ability: Protosynthesis
|-start|p2a: Walking Wake|protosynthesisspe
|move|p2a: Walking Wake|Draco Meteor|p1a: Miraidon
|-supereffective|p1a: Miraidon
|-damage|p1a: Miraidon|0 fnt
|-unboost|p2a: Walking Wake|spa|2
|faint|p1a: Miraidon
|-damage|p2a: Walking Wake|91/100|[from] item: Life Orb
|move|p1b: Solgaleo|Flame Charge|p2b: Whimsicott
|-supereffective|p2b: Whimsicott
|-damage|p2b: Whimsicott|50/100
|-boost|p1b: Solgaleo|spe|1
|
|-weather|SunnyDay|[upkeep]
|upkeep
|
|t:|1750745573
|switch|p1a: Iron Jugulis|Iron Jugulis, L50|100/100
|-activate|p1a: Iron Jugulis|ability: Quark Drive
|-start|p1a: Iron Jugulis|quarkdrivespe
|turn|2
|inactive|ocho808 has 30 seconds left.
|
|t:|1750745601
|-end|p2a: Walking Wake|Protosynthesis|[silent]
|switch|p2a: Ho-Oh|Ho-Oh, L50|100/100
|move|p2b: Whimsicott|Stun Spore|p1b: Solgaleo
|-status|p1b: Solgaleo|par
|move|p1a: Iron Jugulis|Air Slash|p2a: Ho-Oh
|-damage|p2a: Ho-Oh|67/100
|move|p1b: Solgaleo|Flame Charge|p2b: Whimsicott
|-supereffective|p2b: Whimsicott
|-damage|p2b: Whimsicott|3/100
|-boost|p1b: Solgaleo|spe|1
|
|-weather|SunnyDay|[upkeep]
|upkeep
|turn|3
|
|t:|1750745622
|-terastallize|p1b: Solgaleo|Fire
|move|p2b: Whimsicott|Stun Spore|p1a: Iron Jugulis
|-hint|Since gen 7, Dark is immune to Prankster moves.
|-immune|p1a: Iron Jugulis
|move|p1a: Iron Jugulis|Air Slash|p2a: Ho-Oh
|-damage|p2a: Ho-Oh|33/100
|move|p2a: Ho-Oh|Sacred Fire|p1a: Iron Jugulis
|-damage|p1a: Iron Jugulis|8/100
|-status|p1a: Iron Jugulis|brn
|move|p1b: Solgaleo|Flame Charge|p2b: Whimsicott
|-supereffective|p2b: Whimsicott
|-damage|p2b: Whimsicott|0 fnt
|-boost|p1b: Solgaleo|spe|1
|faint|p2b: Whimsicott
|
|-weather|SunnyDay|[upkeep]
|-damage|p1a: Iron Jugulis|2/100 brn|[from] brn
|upkeep
|
|t:|1750745637
|switch|p2b: Walking Wake|Walking Wake, L50|91/100
|-activate|p2b: Walking Wake|ability: Protosynthesis
|-start|p2b: Walking Wake|protosynthesisspe
|turn|4
|inactive|Toxirino has 30 seconds left.
|
|t:|1750745667
|move|p2b: Walking Wake|Hydro Steam|p1b: Solgaleo
|-supereffective|p1b: Solgaleo
|-damage|p1b: Solgaleo|0 fnt
|faint|p1b: Solgaleo
|-damage|p2b: Walking Wake|81/100|[from] item: Life Orb
|move|p1a: Iron Jugulis|Air Slash|p2b: Walking Wake
|-damage|p2b: Walking Wake|17/100
|move|p2a: Ho-Oh|Life Dew|p2a: Ho-Oh|[spread] p2a,p2b
|-heal|p2a: Ho-Oh|58/100
|-heal|p2b: Walking Wake|42/100
|
|-weather|SunnyDay|[upkeep]
|-damage|p1a: Iron Jugulis|0 fnt|[from] brn
|faint|p1a: Iron Jugulis
|-end|p1a: Iron Jugulis|Quark Drive|[silent]
|upkeep
|
|t:|1750745669
|switch|p1b: Iron Boulder|Iron Boulder, L50|100/100
|-activate|p1b: Iron Boulder|ability: Quark Drive
|-start|p1b: Iron Boulder|quarkdrivespe
|turn|5
|
|t:|1750745688
|-terastallize|p2a: Ho-Oh|Water
|move|p1b: Iron Boulder|Mighty Cleave|p2b: Walking Wake
|-damage|p2b: Walking Wake|0 fnt
|faint|p2b: Walking Wake
|-end|p2b: Walking Wake|Protosynthesis|[silent]
|move|p2a: Ho-Oh|Sacred Fire|p1b: Iron Boulder
|-resisted|p1b: Iron Boulder
|-damage|p1b: Iron Boulder|45/100
|
|-weather|none
|-fieldend|move: Electric Terrain
|-end|p1b: Iron Boulder|Quark Drive
|upkeep
|
|t:|1750745697
|switch|p2b: Groudon|Groudon, L50|100/100
|-weather|SunnyDay|[from] ability: Drought|[of] p2b: Groudon
|turn|6
|
|t:|1750745704
|move|p1b: Iron Boulder|Mighty Cleave|p2a: Ho-Oh
|-crit|p2a: Ho-Oh
|-damage|p2a: Ho-Oh|0 fnt
|faint|p2a: Ho-Oh
|move|p2b: Groudon|Precipice Blades|p1b: Iron Boulder
|-supereffective|p1b: Iron Boulder
|-damage|p1b: Iron Boulder|0 fnt
|faint|p1b: Iron Boulder
|-end|p1b: Iron Boulder|Quark Drive|[silent]
|
|win|ocho808
|raw|Toxirino's rating: 1173 &rarr; <strong>1147</strong><br />(-26 for losing)
|raw|ocho808's rating: 1153 &rarr; <strong>1179</strong><br />(+26 for winning)
|l|☆Toxirino
|player|p1|
|l|☆ocho808
|player|p2|
