|j|☆vernon1059
|j|☆mikufan232323
|t:|1750723932
|gametype|doubles
|player|p1|vernon1059|pryce|1097
|player|p2|mikufan232323|miku-fire|1075
|teamsize|p1|6
|teamsize|p2|6
|gen|9
|tier|[Gen 9] VGC 2025 Reg I
|rated|
|rule|Species Clause: Limit one of each Pokémon
|rule|Item Clause: Limit 1 of each item
|clearpoke
|poke|p1|Slowking, L50, M|
|poke|p1|Kyogre, L50|
|poke|p1|Palkia, L50|
|poke|p1|Lapras, L50, F|
|poke|p1|Quagsire, L50, M|
|poke|p1|Veluza, L50, M|
|poke|p2|Calyrex-Shadow, L50|
|poke|p2|Indeedee-F, L50, F|
|poke|p2|Flutter Mane, L50|
|poke|p2|Amoonguss, L50, F|
|poke|p2|Whimsicott, L50, F|
|poke|p2|Kyogre, L50|
|teampreview|4
|inactive|Battle timer is ON: inactive players will automatically lose when time's up. (requested by vernon1059)
vernon1059 rejected open team sheets.
|
|t:|1750723959
|start
|switch|p1a: Macbeth|Slowking, L50, M, shiny|100/100
|switch|p1b: Toto|Kyogre, L50, shiny|100/100
|switch|p2a: Calyrex|Calyrex-Shadow, L50|100/100
|switch|p2b: Whimsicott|Whimsicott, L50, F|100/100
|-ability|p2a: Calyrex|As One
|-ability|p2a: Calyrex|Unnerve
|-weather|RainDance|[from] ability: Drizzle|[of] p1b: Toto
|turn|1
|inactive|mikufan232323 has 30 seconds left.
|
|t:|1750723986
|-terastallize|p2a: Calyrex|Ghost
|move|p1b: Toto|Protect|p1b: Toto
|-singleturn|p1b: Toto|Protect
|move|p2b: Whimsicott|Fake Tears|p1b: Toto
|-activate|p1b: Toto|move: Protect
|move|p2a: Calyrex|Astral Barrage|p1b: Toto|[spread] p1a
|-activate|p1b: Toto|move: Protect
|-supereffective|p1a: Macbeth
|-enditem|p1a: Macbeth|Focus Sash
|-damage|p1a: Macbeth|1/100
|move|p1a: Macbeth|Trick Room|p1a: Macbeth
|-fieldstart|move: Trick Room|[of] p1a: Macbeth
|
|-weather|RainDance|[upkeep]
|upkeep
|turn|2
|
|t:|1750724006
|move|p2a: Calyrex|Protect|p2a: Calyrex
|-singleturn|p2a: Calyrex|Protect
|move|p2b: Whimsicott|Fake Tears|p1b: Toto
|-unboost|p1b: Toto|spd|2
|move|p1a: Macbeth|Surf|p2b: Whimsicott|[spread] p1b,p2b
|-activate|p2a: Calyrex|move: Protect
|-resisted|p1b: Toto
|-resisted|p2b: Whimsicott
|-damage|p1b: Toto|67/100
|-damage|p2b: Whimsicott|69/100
|move|p1b: Toto|Water Spout|p2a: Calyrex|[spread] p2b
|-activate|p2a: Calyrex|move: Protect
|-resisted|p2b: Whimsicott
|-damage|p2b: Whimsicott|21/100
|
|-weather|RainDance|[upkeep]
|upkeep
|turn|3
|inactive|mikufan232323 has 30 seconds left.
|
|t:|1750724031
|switch|p2a: Amoonguss|Amoonguss, L50, F|100/100
|move|p2b: Whimsicott|Tailwind|p2b: Whimsicott
|-sidestart|p2: mikufan232323|move: Tailwind
|move|p1a: Macbeth|Ice Beam|p2b: Whimsicott
|-supereffective|p2b: Whimsicott
|-damage|p2b: Whimsicott|0 fnt
|faint|p2b: Whimsicott
|move|p1b: Toto|Water Spout|p2a: Amoonguss
|-resisted|p2a: Amoonguss
|-damage|p2a: Amoonguss|67/100
|
|-weather|RainDance|[upkeep]
|-heal|p2a: Amoonguss|73/100|[from] item: Leftovers
|upkeep
|
|t:|1750724044
|switch|p2b: Calyrex|Calyrex-Shadow, L50, tera:Ghost|100/100
|-ability|p2b: Calyrex|As One
|-ability|p2b: Calyrex|Unnerve
|turn|4
|
|t:|1750724061
|-terastallize|p1a: Macbeth|Ice
|move|p2b: Calyrex|Protect|p2b: Calyrex
|-singleturn|p2b: Calyrex|Protect
|move|p1a: Macbeth|Ice Beam|p2a: Amoonguss
|-supereffective|p2a: Amoonguss
|-damage|p2a: Amoonguss|11/100
|move|p1b: Toto|Water Spout|p2b: Calyrex|[spread] p2a
|-activate|p2b: Calyrex|move: Protect
|-resisted|p2a: Amoonguss
|-damage|p2a: Amoonguss|0 fnt
|faint|p2a: Amoonguss
|
|-weather|RainDance|[upkeep]
|upkeep
|
|t:|1750724071
|switch|p2a: Kyogre|Kyogre, L50|100/100
|turn|5
|
|t:|1750724082
|move|p1a: Macbeth|Ice Beam|p2b: Calyrex
|-damage|p2b: Calyrex|57/100
|move|p1b: Toto|Thunder|p2a: Kyogre
|-supereffective|p2a: Kyogre
|-damage|p2a: Kyogre|33/100
|-status|p2a: Kyogre|par
|move|p2a: Kyogre|Thunder|p1b: Toto
|-supereffective|p1b: Toto
|-damage|p1b: Toto|0 fnt
|faint|p1b: Toto
|move|p2b: Calyrex|Astral Barrage|p1a: Macbeth
|-damage|p1a: Macbeth|0 fnt
|faint|p1a: Macbeth
|-ability|p2b: Calyrex|Grim Neigh|boost
|-boost|p2b: Calyrex|spa|1
|
|-weather|RainDance|[upkeep]
|-fieldend|move: Trick Room
|upkeep
|
|t:|1750724098
|switch|p1b: Neyo|Veluza, L50, M|100/100
|switch|p1a: Bowie|Palkia, L50, shiny|100/100
|turn|6
|
|t:|1750724111
|move|p2b: Calyrex|Astral Barrage|p1a: Bowie|[spread] p1a,p1b
|-supereffective|p1b: Neyo
|-damage|p1a: Bowie|14/100
|-damage|p1b: Neyo|0 fnt
|faint|p1b: Neyo
|-ability|p2b: Calyrex|Grim Neigh|boost
|-boost|p2b: Calyrex|spa|1
|move|p2a: Kyogre|Thunder|p1a: Bowie
|-damage|p1a: Bowie|0 fnt
|faint|p1a: Bowie
|
|win|mikufan232323
|raw|vernon1059's rating: 1097 &rarr; <strong>1071</strong><br />(-26 for losing)
|raw|mikufan232323's rating: 1075 &rarr; <strong>1106</strong><br />(+31 for winning)
|c|☆vernon1059|gg
|l|☆mikufan232323
|player|p2|
|l|☆vernon1059
|player|p1|
