|j|☆a_lazytiger
|j|☆PokeMacYT
|t:|1750829759
|gametype|doubles
|player|p1|a_lazytiger|266|1236
|player|p2|PokeMacYT|2|1283
|teamsize|p1|6
|teamsize|p2|6
|gen|9
|tier|[Gen 9] VGC 2025 Reg I
|rated|
|rule|Species Clause: Limit one of each Pokémon
|rule|Item Clause: Limit 1 of each item
|clearpoke
|poke|p1|Miraidon, L50|
|poke|p1|Groudon, L50|
|poke|p1|Golem-Alola, L50, F|
|poke|p1|Raging Bolt, L50|
|poke|p1|Iron Bundle, L50|
|poke|p1|Lilligant-Hisui, L50, F|
|poke|p2|Calyrex-Ice, L50|
|poke|p2|Indeedee-F, L50, F|
|poke|p2|Hatterene, L50, F|
|poke|p2|Ursaluna, L50, M|
|poke|p2|Scraggy, L50, F|
|poke|p2|Flutter Mane, L50|
|teampreview|4
|inactive|Battle timer is ON: inactive players will automatically lose when time's up. (requested by PokeMacYT)
|inactive|a_lazytiger has 60 seconds left.
|
|t:|1750829801
|start
|switch|p1a: Groudon|Groudon, L50|100/100
|switch|p1b: Raging Bolt|Raging Bolt, L50|100/100
|switch|p2a: Indeedee|Indeedee-F, L50, F|100/100
|switch|p2b: Hatterene|Hatterene, L50, F|100/100
|-weather|SunnyDay|[from] ability: Drought|[of] p1a: Groudon
|-activate|p1b: Raging Bolt|ability: Protosynthesis
|-start|p1b: Raging Bolt|protosynthesisspa
|-fieldstart|move: Psychic Terrain|[from] ability: Psychic Surge|[of] p2a: Indeedee
|-enditem|p2a: Indeedee|Psychic Seed
|-boost|p2a: Indeedee|spd|1|[from] item: Psychic Seed
|turn|1
|inactive|a_lazytiger has 30 seconds left.
|inactive|PokeMacYT has 30 seconds left.
|
|t:|1750829831
|move|p2a: Indeedee|Follow Me|p2a: Indeedee
|-singleturn|p2a: Indeedee|move: Follow Me
|move|p1a: Groudon|Precipice Blades|p2b: Hatterene|[spread] p2a
|-miss|p1a: Groudon|p2b: Hatterene
|-damage|p2a: Indeedee|20/100
|move|p1b: Raging Bolt|Draco Meteor|p2a: Indeedee|[miss]
|-miss|p1b: Raging Bolt|p2a: Indeedee
|move|p2b: Hatterene|Trick Room|p2b: Hatterene
|-fieldstart|move: Trick Room|[of] p2b: Hatterene
|
|-weather|SunnyDay|[upkeep]
|upkeep
|turn|2
|
|t:|1750829850
|-terastallize|p2b: Hatterene|Psychic
|move|p2a: Indeedee|Helping Hand|p2b: Hatterene
|-singleturn|p2b: Hatterene|Helping Hand|[of] p2a: Indeedee
|move|p1b: Raging Bolt|Protect|p1b: Raging Bolt
|-singleturn|p1b: Raging Bolt|Protect
|move|p2b: Hatterene|Expanding Force|p1b: Raging Bolt|[spread] p1a
|-activate|p1b: Raging Bolt|move: Protect
|-damage|p1a: Groudon|0 fnt
|faint|p1a: Groudon
|-damage|p2b: Hatterene|91/100|[from] item: Life Orb
|
|-weather|SunnyDay|[upkeep]
|upkeep
|
|t:|1750829862
|switch|p1a: Miraidon|Miraidon, L50|100/100
|-fieldstart|move: Electric Terrain|[from] ability: Hadron Engine|[of] p1a: Miraidon
|turn|3
|
|t:|1750829885
|move|p2a: Indeedee|Follow Me|p2a: Indeedee
|-singleturn|p2a: Indeedee|move: Follow Me
|move|p2b: Hatterene|Expanding Force|p1a: Miraidon
|-damage|p1a: Miraidon|59/100
|-damage|p2b: Hatterene|81/100|[from] item: Life Orb
|move|p1b: Raging Bolt|Rising Voltage|p2a: Indeedee
|-hint|Rising Voltage's BP doubled on grounded target.
|-damage|p2a: Indeedee|0 fnt
|faint|p2a: Indeedee
|-damage|p1b: Raging Bolt|91/100|[from] item: Life Orb
|move|p1a: Miraidon|Volt Switch|p2b: Hatterene
|-damage|p2b: Hatterene|0 fnt
|faint|p2b: Hatterene
|
|t:|1750829898
|switch|p1a: Golem|Golem-Alola, L50, F, shiny|100/100|[from] Volt Switch
|
|-weather|SunnyDay|[upkeep]
|upkeep
|
|t:|1750829901
|switch|p2b: Flutter Mane|Flutter Mane, L50|100/100
|switch|p2a: Ursaluna|Ursaluna, L50, M|100/100
|-activate|p2b: Flutter Mane|ability: Protosynthesis
|-start|p2b: Flutter Mane|protosynthesisspe
|turn|4
|
|t:|1750829917
|move|p1b: Raging Bolt|Protect|p1b: Raging Bolt
|-singleturn|p1b: Raging Bolt|Protect
|move|p2a: Ursaluna|Headlong Rush|p1a: Golem
|-supereffective|p1a: Golem
|-enditem|p1a: Golem|Focus Sash
|-damage|p1a: Golem|1/100
|-unboost|p2a: Ursaluna|def|1
|-unboost|p2a: Ursaluna|spd|1
|move|p1a: Golem|Explosion|p2a: Ursaluna|[spread] p2b
|-activate|p1b: Raging Bolt|move: Protect
|-immune|p2a: Ursaluna
|-enditem|p2b: Flutter Mane|Focus Sash
|-damage|p2b: Flutter Mane|1/100
|faint|p1a: Golem
|move|p2b: Flutter Mane|Moonblast|p1b: Raging Bolt
|-activate|p1b: Raging Bolt|move: Protect
|
|-weather|SunnyDay|[upkeep]
|-status|p2a: Ursaluna|brn|[from] item: Flame Orb
|upkeep
|
|t:|1750829936
|switch|p1a: Miraidon|Miraidon, L50|59/100
|-activate|p1a: Miraidon|ability: Hadron Engine
|turn|5
|inactive|a_lazytiger has 30 seconds left.
|inactive|PokeMacYT has 30 seconds left.
|inactive|a_lazytiger has 20 seconds left.
|inactive|PokeMacYT has 20 seconds left.
|inactive|a_lazytiger has 15 seconds left.
|inactive|a_lazytiger has 10 seconds left.
|inactive|a_lazytiger has 5 seconds left.
|
|t:|1750829991
|move|p1b: Raging Bolt|Thunderclap|p2a: Ursaluna
|-immune|p2a: Ursaluna
|move|p2a: Ursaluna|Headlong Rush|p1a: Miraidon
|-supereffective|p1a: Miraidon
|-damage|p1a: Miraidon|0 fnt
|-unboost|p2a: Ursaluna|def|1
|-unboost|p2a: Ursaluna|spd|1
|faint|p1a: Miraidon
|move|p2b: Flutter Mane|Moonblast|p1b: Raging Bolt
|-supereffective|p1b: Raging Bolt
|-damage|p1b: Raging Bolt|0 fnt
|faint|p1b: Raging Bolt
|-end|p1b: Raging Bolt|Protosynthesis|[silent]
|
|win|PokeMacYT
|raw|a_lazytiger's rating: 1236 &rarr; <strong>1214</strong><br />(-22 for losing)
|raw|PokeMacYT's rating: 1283 &rarr; <strong>1305</strong><br />(+22 for winning)
|l|☆a_lazytiger
|player|p1|
|l|☆PokeMacYT
|player|p2|
