|j|☆Crying for Rain
|j|☆yaasuto
|t:|1750854902
|gametype|doubles
|player|p1|Crying for Rain|rocketgruntf|1676
|player|p2|yaasuto|hilbert|1661
|teamsize|p1|6
|teamsize|p2|6
|gen|9
|tier|[Gen 9] VGC 2025 Reg I
|rated|
|rule|Species Clause: Limit one of each Pokémon
|rule|Item Clause: Limit 1 of each item
|clearpoke
|poke|p1|Calyrex-Ice, L50|
|poke|p1|Kyogre, L50|
|poke|p1|Smeargle, L50, M|
|poke|p1|Maushold, L50|
|poke|p1|Farigiraf, L50, M|
|poke|p1|Volcarona, L50, F|
|poke|p2|Ho-Oh, L50|
|poke|p2|Eternatus, L50|
|poke|p2|Incineroar, L50, M|
|poke|p2|Rillaboom, L50, M|
|poke|p2|Toxapex, L50, F|
|poke|p2|Ting-Lu, L50|
|teampreview|4
|inactive|Battle timer is ON: inactive players will automatically lose when time's up. (requested by yaasuto)
|inactive|Crying for Rain has 60 seconds left.
|
|t:|1750854938
|start
|switch|p1a: Kyogre|Kyogre, L50, shiny|100/100
|switch|p1b: Farigiraf|Farigiraf, L50, M, shiny|100/100
|switch|p2a: Eternatus|Eternatus, L50|100/100
|switch|p2b: Ting-Lu|Ting-Lu, L50|100/100
|-weather|RainDance|[from] ability: Drizzle|[of] p1a: Kyogre
|-ability|p2a: Eternatus|Pressure
|-ability|p2b: Ting-Lu|Vessel of Ruin
|turn|1
|
|t:|1750854960
|-terastallize|p1a: Kyogre|Water
|-terastallize|p2b: Ting-Lu|Water
|move|p1b: Farigiraf|Helping Hand|p1a: Kyogre
|-singleturn|p1a: Kyogre|Helping Hand|[of] p1b: Farigiraf
|move|p1a: Kyogre|Water Spout|p2b: Ting-Lu|[spread] p2a,p2b
|-resisted|p2a: Eternatus
|-resisted|p2b: Ting-Lu
|-damage|p2a: Eternatus|55/100
|-damage|p2b: Ting-Lu|61/100
|move|p2a: Eternatus|Substitute|p2a: Eternatus
|-start|p2a: Eternatus|Substitute
|-damage|p2a: Eternatus|31/100
|move|p2b: Ting-Lu|Snarl|p1b: Farigiraf|[spread] p1a,p1b
|-supereffective|p1b: Farigiraf
|-damage|p1a: Kyogre|93/100
|-damage|p1b: Farigiraf|84/100
|-unboost|p1a: Kyogre|spa|1
|-unboost|p1b: Farigiraf|spa|1
|
|-weather|RainDance|[upkeep]
|-heal|p2a: Eternatus|37/100|[from] item: Black Sludge
|-heal|p2b: Ting-Lu|67/100|[from] item: Leftovers
|upkeep
|turn|2
|inactive|Crying for Rain has 30 seconds left.
|
|t:|1750854988
|switch|p1a: Calyrex|Calyrex-Ice, L50|100/100
|-ability|p1a: Calyrex|As One
|-ability|p1a: Calyrex|Unnerve
|move|p2a: Eternatus|Dynamax Cannon|p1a: Calyrex
|-damage|p1a: Calyrex|82/100
|move|p1b: Farigiraf|Psychic Noise|p2a: Eternatus
|-supereffective|p2a: Eternatus
|-damage|p2a: Eternatus|16/100
|-start|p2a: Eternatus|move: Heal Block
|move|p2b: Ting-Lu|Sand Tomb|p1a: Calyrex
|-damage|p1a: Calyrex|74/100
|-activate|p1a: Calyrex|move: Sand Tomb|[of] p2b: Ting-Lu
|
|-weather|RainDance|[upkeep]
|-heal|p2b: Ting-Lu|73/100|[from] item: Leftovers
|-damage|p1a: Calyrex|62/100|[from] move: Sand Tomb|[partiallytrapped]
|upkeep
|turn|3
|
|t:|1750855012
|move|p2a: Eternatus|Protect|p2a: Eternatus
|-singleturn|p2a: Eternatus|Protect
|move|p1a: Calyrex|Seed Bomb|p2b: Ting-Lu
|-supereffective|p2b: Ting-Lu
|-damage|p2b: Ting-Lu|35/100
|move|p1b: Farigiraf|Psychic Noise|p2a: Eternatus
|-activate|p2a: Eternatus|move: Protect
|move|p2b: Ting-Lu|Sand Tomb|p1b: Farigiraf
|-damage|p1b: Farigiraf|74/100
|-activate|p1b: Farigiraf|move: Sand Tomb|[of] p2b: Ting-Lu
|
|-weather|RainDance|[upkeep]
|-heal|p2b: Ting-Lu|41/100|[from] item: Leftovers
|-damage|p1a: Calyrex|50/100|[from] move: Sand Tomb|[partiallytrapped]
|-damage|p1b: Farigiraf|61/100|[from] move: Sand Tomb|[partiallytrapped]
|-end|p2a: Eternatus|move: Heal Block
|upkeep
|turn|4
|
|t:|1750855036
|switch|p2a: Ho-Oh|Ho-Oh, L50|100/100
|move|p2b: Ting-Lu|Protect|p2b: Ting-Lu
|-singleturn|p2b: Ting-Lu|Protect
|move|p1a: Calyrex|Glacial Lance|p2b: Ting-Lu|[spread] p2a
|-activate|p2b: Ting-Lu|move: Protect
|-damage|p2a: Ho-Oh|59/100
|move|p1b: Farigiraf|Foul Play|p2b: Ting-Lu
|-activate|p2b: Ting-Lu|move: Protect
|
|-weather|RainDance|[upkeep]
|-heal|p2b: Ting-Lu|47/100|[from] item: Leftovers
|-damage|p1a: Calyrex|37/100|[from] move: Sand Tomb|[partiallytrapped]
|-damage|p1b: Farigiraf|49/100|[from] move: Sand Tomb|[partiallytrapped]
|upkeep
|-enditem|p1b: Farigiraf|Sitrus Berry|[eat]
|-heal|p1b: Farigiraf|74/100|[from] item: Sitrus Berry
|turn|5
|
|t:|1750855057
|move|p1b: Farigiraf|Helping Hand|p1a: Calyrex
|-singleturn|p1a: Calyrex|Helping Hand|[of] p1b: Farigiraf
|move|p2a: Ho-Oh|Life Dew|p2a: Ho-Oh|[spread] p2a,p2b
|-heal|p2a: Ho-Oh|84/100
|-heal|p2b: Ting-Lu|73/100
|move|p1a: Calyrex|Glacial Lance|p2b: Ting-Lu|[spread] p2a,p2b
|-resisted|p2b: Ting-Lu
|-damage|p2a: Ho-Oh|22/100
|-damage|p2b: Ting-Lu|50/100
|move|p2b: Ting-Lu|Taunt|p1b: Farigiraf
|-start|p1b: Farigiraf|move: Taunt
|
|-weather|none
|-heal|p2b: Ting-Lu|56/100|[from] item: Leftovers
|-damage|p1a: Calyrex|25/100|[from] move: Sand Tomb|[partiallytrapped]
|-damage|p1b: Farigiraf|61/100|[from] move: Sand Tomb|[partiallytrapped]
|upkeep
|turn|6
|inactive|yaasuto has 30 seconds left.
|inactive|yaasuto has 20 seconds left.
|
|t:|1750855094
|switch|p2a: Toxapex|Toxapex, L50, F|100/100
|move|p1a: Calyrex|Glacial Lance|p2a: Toxapex|[spread] p2a,p2b
|-resisted|p2a: Toxapex
|-resisted|p2b: Ting-Lu
|-damage|p2a: Toxapex|83/100
|-damage|p2b: Ting-Lu|39/100
|move|p1b: Farigiraf|Foul Play|p2a: Toxapex
|-damage|p2a: Toxapex|76/100
|move|p2b: Ting-Lu|Snarl|p1b: Farigiraf|[spread] p1a,p1b
|-supereffective|p1a: Calyrex
|-supereffective|p1b: Farigiraf
|-damage|p1a: Calyrex|15/100
|-damage|p1b: Farigiraf|45/100
|-unboost|p1a: Calyrex|spa|1
|-unboost|p1b: Farigiraf|spa|1
|
|-heal|p2b: Ting-Lu|45/100|[from] item: Leftovers
|-damage|p1a: Calyrex|3/100|[from] move: Sand Tomb|[partiallytrapped]
|-damage|p1b: Farigiraf|33/100|[from] move: Sand Tomb|[partiallytrapped]
|upkeep
|turn|7
|
|t:|1750855119
|move|p2b: Ting-Lu|Protect|p2b: Ting-Lu
|-singleturn|p2b: Ting-Lu|Protect
|move|p1a: Calyrex|Glacial Lance|p2a: Toxapex|[spread] p2a
|-activate|p2b: Ting-Lu|move: Protect
|-resisted|p2a: Toxapex
|-damage|p2a: Toxapex|57/100
|move|p1b: Farigiraf|Psychic Noise|p2a: Toxapex
|-supereffective|p2a: Toxapex
|-damage|p2a: Toxapex|41/100
|-start|p2a: Toxapex|move: Heal Block
|-enditem|p2a: Toxapex|Mental Herb
|-end|p2a: Toxapex|move: Heal Block
|move|p2a: Toxapex|Toxic|p1a: Calyrex
|-status|p1a: Calyrex|tox
|
|-heal|p2b: Ting-Lu|51/100|[from] item: Leftovers
|-damage|p1a: Calyrex|0 fnt|[from] psn
|faint|p1a: Calyrex
|-damage|p1b: Farigiraf|20/100|[from] move: Sand Tomb|[partiallytrapped]
|upkeep
|
|t:|1750855140
|switch|p1a: Kyogre|Kyogre, L50, shiny, tera:Water|93/100
|-weather|RainDance|[from] ability: Drizzle|[of] p1a: Kyogre
|turn|8
|
|t:|1750855156
|switch|p2a: Eternatus|Eternatus, L50|16/100
|-ability|p2a: Eternatus|Pressure
|move|p1a: Kyogre|Origin Pulse|p2b: Ting-Lu|[spread] p2a,p2b
|-resisted|p2a: Eternatus
|-resisted|p2b: Ting-Lu
|-damage|p2a: Eternatus|0 fnt
|-damage|p2b: Ting-Lu|33/100
|faint|p2a: Eternatus
|move|p1b: Farigiraf|Psychic Noise|p2b: Ting-Lu
|-damage|p2b: Ting-Lu|26/100
|-start|p2b: Ting-Lu|move: Heal Block
|move|p2b: Ting-Lu|Snarl|p1b: Farigiraf|[spread] p1a,p1b
|-supereffective|p1b: Farigiraf
|-damage|p1a: Kyogre|86/100
|-damage|p1b: Farigiraf|4/100
|-unboost|p1a: Kyogre|spa|1
|-unboost|p1b: Farigiraf|spa|1
|
|-weather|RainDance|[upkeep]
|-end|p1b: Farigiraf|Sand Tomb|[partiallytrapped]
|-end|p1b: Farigiraf|move: Taunt
|upkeep
|
|t:|1750855161
|switch|p2a: Toxapex|Toxapex, L50, F|74/100
|turn|9
|j| JanniB
|
|t:|1750855183
|move|p2b: Ting-Lu|Protect|p2b: Ting-Lu
|-singleturn|p2b: Ting-Lu|Protect
|move|p1a: Kyogre|Origin Pulse|p2a: Toxapex|[spread] p2a
|-activate|p2b: Ting-Lu|move: Protect
|-resisted|p2a: Toxapex
|-damage|p2a: Toxapex|55/100
|move|p1b: Farigiraf|Psychic Noise|p2a: Toxapex
|-supereffective|p2a: Toxapex
|-damage|p2a: Toxapex|42/100
|-start|p2a: Toxapex|move: Heal Block
|move|p2a: Toxapex|Toxic|p1a: Kyogre
|-status|p1a: Kyogre|tox
|
|-weather|RainDance|[upkeep]
|-damage|p1a: Kyogre|80/100 tox|[from] psn
|-end|p2b: Ting-Lu|move: Heal Block
|upkeep
|turn|10
|
|t:|1750855204
|move|p1b: Farigiraf|Helping Hand|p1a: Kyogre
|-singleturn|p1a: Kyogre|Helping Hand|[of] p1b: Farigiraf
|move|p2a: Toxapex|Baneful Bunker|p2a: Toxapex
|-singleturn|p2a: Toxapex|move: Protect
|move|p1a: Kyogre|Origin Pulse|p2a: Toxapex|[spread] 
|-activate|p2a: Toxapex|move: Protect
|-miss|p1a: Kyogre|p2b: Ting-Lu
|move|p2b: Ting-Lu|Sand Tomb|p1a: Kyogre
|-damage|p1a: Kyogre|64/100 tox
|-activate|p1a: Kyogre|move: Sand Tomb|[of] p2b: Ting-Lu
|
|-weather|RainDance|[upkeep]
|-heal|p2b: Ting-Lu|33/100|[from] item: Leftovers
|-damage|p1a: Kyogre|53/100 tox|[from] psn
|-damage|p1a: Kyogre|41/100 tox|[from] move: Sand Tomb|[partiallytrapped]
|-end|p2a: Toxapex|move: Heal Block
|upkeep
|turn|11
|
|t:|1750855225
|switch|p2a: Ho-Oh|Ho-Oh, L50|55/100
|move|p1b: Farigiraf|Helping Hand|p1a: Kyogre
|-singleturn|p1a: Kyogre|Helping Hand|[of] p1b: Farigiraf
|move|p2b: Ting-Lu|Protect|p2b: Ting-Lu
|-singleturn|p2b: Ting-Lu|Protect
|move|p1a: Kyogre|Origin Pulse|p2a: Ho-Oh|[spread] p2a
|-activate|p2b: Ting-Lu|move: Protect
|-supereffective|p2a: Ho-Oh
|-damage|p2a: Ho-Oh|0 fnt
|faint|p2a: Ho-Oh
|
|-weather|RainDance|[upkeep]
|-heal|p2b: Ting-Lu|39/100|[from] item: Leftovers
|-damage|p1a: Kyogre|24/100 tox|[from] psn
|-damage|p1a: Kyogre|12/100 tox|[from] move: Sand Tomb|[partiallytrapped]
|upkeep
|
|t:|1750855227
|switch|p2a: Toxapex|Toxapex, L50, F|75/100
|turn|12
|
|t:|1750855252
|move|p2a: Toxapex|Baneful Bunker|p2a: Toxapex
|-singleturn|p2a: Toxapex|move: Protect
|move|p1a: Kyogre|Origin Pulse|p2b: Ting-Lu|[spread] p2b
|-activate|p2a: Toxapex|move: Protect
|-resisted|p2b: Ting-Lu
|-damage|p2b: Ting-Lu|26/100
|move|p1b: Farigiraf|Foul Play|p2b: Ting-Lu
|-damage|p2b: Ting-Lu|13/100
|move|p2b: Ting-Lu|Snarl|p1a: Kyogre|[spread] p1a,p1b
|-supereffective|p1b: Farigiraf
|-damage|p1a: Kyogre|4/100 tox
|-damage|p1b: Farigiraf|0 fnt
|-unboost|p1a: Kyogre|spa|1
|faint|p1b: Farigiraf
|
|-weather|none
|-heal|p2b: Ting-Lu|20/100|[from] item: Leftovers
|-damage|p1a: Kyogre|0 fnt|[from] psn
|faint|p1a: Kyogre
|upkeep
|
|t:|1750855273
|switch|p1b: Maushold|Maushold, L50, shiny|100/100
|turn|13
|
|t:|1750855278
|move|p1b: Maushold|Population Bomb|p2a: Toxapex
|-damage|p2a: Toxapex|67/100
|-damage|p2a: Toxapex|60/100
|-damage|p2a: Toxapex|52/100
|-damage|p2a: Toxapex|44/100
|-damage|p2a: Toxapex|36/100
|-damage|p2a: Toxapex|28/100
|-damage|p2a: Toxapex|20/100
|-damage|p2a: Toxapex|13/100
|-damage|p2a: Toxapex|6/100
|-damage|p2a: Toxapex|0 fnt
|faint|p2a: Toxapex
|-hitcount|p2: Toxapex|10
|move|p2b: Ting-Lu|Sand Tomb|p1b: Maushold|[miss]
|-miss|p2b: Ting-Lu|p1b: Maushold
|
|-heal|p2b: Ting-Lu|26/100|[from] item: Leftovers
|upkeep
|turn|14
|-message|yaasuto forfeited.
|
|win|Crying for Rain
|raw|Crying for Rain's rating: 1676 &rarr; <strong>1695</strong><br />(+19 for winning)
|raw|yaasuto's rating: 1661 &rarr; <strong>1642</strong><br />(-19 for losing)
|l|☆yaasuto
|player|p2|
|l| JanniB
|l|☆Crying for Rain
|player|p1|
