|j|☆magyomi
|j|☆Sakuraa2004
|t:|1750847499
|gametype|doubles
|player|p1|magyomi|102|1673
|player|p2|Sakuraa2004|pokemonbreederf-gen4|1608
|teamsize|p1|6
|teamsize|p2|6
|gen|9
|tier|[Gen 9] VGC 2025 Reg I
|rated|
|rule|Species Clause: Limit one of each Pokémon
|rule|Item Clause: Limit 1 of each item
|clearpoke
|poke|p1|Miraidon, L50|
|poke|p1|Calyrex-Ice, L50|
|poke|p1|Farigiraf, L50, F|
|poke|p1|Urshifu-*, L50, F|
|poke|p1|Volcarona, L50, F|
|poke|p1|Grimmsnarl, L50, M|
|poke|p2|Miraidon, L50|
|poke|p2|Lunala, L50|
|poke|p2|Incineroar, L50, M|
|poke|p2|Iron Treads, L50|
|poke|p2|Chesnaught, L50, M|
|poke|p2|Whimsicott, L50, F|
|teampreview|4
|inactive|Battle timer is ON: inactive players will automatically lose when time's up. (requested by Sakuraa2004)
|
|t:|1750847535
|start
|switch|p1a: Miraidon|Miraidon, L50|100/100
|switch|p1b: Grimmsnarl|Grimmsnarl, L50, M|100/100
|switch|p2a: Lunala|Lunala, L50|100/100
|switch|p2b: Miraidon|Miraidon, L50|100/100
|-fieldstart|move: Electric Terrain|[from] ability: Hadron Engine|[of] p1a: Miraidon
|-activate|p2b: Miraidon|ability: Hadron Engine
|turn|1
|
|t:|1750847557
|move|p1a: Miraidon|Snarl|p2a: Lunala|[spread] p2a,p2b
|-supereffective|p2a: Lunala
|-damage|p2a: Lunala|73/100
|-damage|p2b: Miraidon|90/100
|-unboost|p2a: Lunala|spa|1
|-unboost|p2b: Miraidon|spa|1
|move|p2b: Miraidon|Volt Switch|p1b: Grimmsnarl
|-damage|p1b: Grimmsnarl|36/100
|
|t:|1750847567
|switch|p2b: Chesnaught|Chesnaught, L50, M|100/100|[from] Volt Switch
|-enditem|p2b: Chesnaught|Electric Seed
|-boost|p2b: Chesnaught|def|1|[from] item: Electric Seed
|move|p1b: Grimmsnarl|Foul Play|p2a: Lunala
|-supereffective|p2a: Lunala
|-damage|p2a: Lunala|0 fnt
|faint|p2a: Lunala
|
|upkeep
|
|t:|1750847578
|switch|p2a: Miraidon|Miraidon, L50|90/100
|-activate|p2a: Miraidon|ability: Hadron Engine
|turn|2
|
|t:|1750847588
|switch|p1a: Volcarona|Volcarona, L50, F|100/100
|move|p1b: Grimmsnarl|Light Screen|p1b: Grimmsnarl
|-sidestart|p1: magyomi|move: Light Screen
|move|p2a: Miraidon|Draco Meteor|p1a: Volcarona
|-damage|p1a: Volcarona|42/100
|-unboost|p2a: Miraidon|spa|2
|move|p2b: Chesnaught|Body Press|p1b: Grimmsnarl
|-damage|p1b: Grimmsnarl|0 fnt
|faint|p1b: Grimmsnarl
|
|upkeep
|
|t:|1750847603
|switch|p1b: Calyrex|Calyrex-Ice, L50|100/100
|-ability|p1b: Calyrex|As One
|-ability|p1b: Calyrex|Unnerve
|turn|3
|
|t:|1750847617
|-terastallize|p2b: Chesnaught|Fire
|move|p2a: Miraidon|Volt Switch|p1a: Volcarona
|-damage|p1a: Volcarona|21/100
|
|t:|1750847622
|switch|p2a: Incineroar|Incineroar, L50, M|100/100|[from] Volt Switch
|-ability|p2a: Incineroar|Intimidate|boost
|-unboost|p1a: Volcarona|atk|1
|-fail|p1b: Calyrex|unboost|[from] item: Clear Amulet|[of] p1b: Calyrex
|move|p1a: Volcarona|Flamethrower|p2b: Chesnaught
|-resisted|p2b: Chesnaught
|-damage|p2b: Chesnaught|82/100
|move|p1b: Calyrex|Glacial Lance|p2b: Chesnaught|[spread] p2a,p2b
|-resisted|p2a: Incineroar
|-resisted|p2b: Chesnaught
|-damage|p2a: Incineroar|78/100
|-damage|p2b: Chesnaught|70/100
|move|p2b: Chesnaught|Leech Seed|p1b: Calyrex
|-start|p1b: Calyrex|move: Leech Seed
|
|-damage|p1b: Calyrex|88/100|[from] Leech Seed|[of] p2b: Chesnaught
|-heal|p2b: Chesnaught|82/100|[silent]
|upkeep
|turn|4
|inactive|Sakuraa2004 has 30 seconds left.
|inactive|Sakuraa2004 has 20 seconds left.
|
|t:|1750847659
|switch|p1a: Miraidon|Miraidon, L50|100/100
|-activate|p1a: Miraidon|ability: Hadron Engine
|move|p1b: Calyrex|High Horsepower|p2a: Incineroar
|-supereffective|p2a: Incineroar
|-damage|p2a: Incineroar|18/100
|-damage|p1b: Calyrex|72/100|[from] item: Rocky Helmet|[of] p2a: Incineroar
|move|p2a: Incineroar|Knock Off|p1b: Calyrex
|-supereffective|p1b: Calyrex
|-damage|p1b: Calyrex|27/100
|-enditem|p1b: Calyrex|Clear Amulet|[from] move: Knock Off|[of] p2a: Incineroar
|move|p2b: Chesnaught|Leech Seed|p1a: Miraidon
|-start|p1a: Miraidon|move: Leech Seed
|
|-damage|p1a: Miraidon|88/100|[from] Leech Seed|[of] p2b: Chesnaught
|-heal|p2b: Chesnaught|93/100|[silent]
|-damage|p1b: Calyrex|15/100|[from] Leech Seed|[of] p2b: Chesnaught
|-heal|p2b: Chesnaught|100/100|[silent]
|upkeep
|turn|5
|inactive|magyomi has 30 seconds left.
|
|t:|1750847688
|switch|p1b: Volcarona|Volcarona, L50, F|21/100
|move|p2b: Chesnaught|Spiky Shield|p2b: Chesnaught
|-singleturn|p2b: Chesnaught|move: Protect
|move|p1a: Miraidon|Volt Switch|p2a: Incineroar
|-damage|p2a: Incineroar|0 fnt
|faint|p2a: Incineroar
|
|t:|1750847697
|switch|p1a: Calyrex|Calyrex-Ice, L50|15/100|[from] Volt Switch
|-ability|p1a: Calyrex|As One
|-ability|p1a: Calyrex|Unnerve
|
|-fieldend|move: Electric Terrain
|upkeep
|
|t:|1750847700
|switch|p2a: Miraidon|Miraidon, L50|90/100
|-fieldstart|move: Electric Terrain|[from] ability: Hadron Engine|[of] p2a: Miraidon
|turn|6
|
|t:|1750847714
|move|p1a: Calyrex|Protect|p1a: Calyrex
|-singleturn|p1a: Calyrex|Protect
|move|p2a: Miraidon|Electro Drift|p1b: Volcarona
|-damage|p1b: Volcarona|0 fnt
|-damage|p2a: Miraidon|74/100|[from] item: Rocky Helmet|[of] p1b: Volcarona
|faint|p1b: Volcarona
|move|p2b: Chesnaught|Body Press|p1a: Calyrex
|-activate|p1a: Calyrex|move: Protect
|
|-sideend|p1: magyomi|move: Light Screen
|upkeep
|
|t:|1750847726
|switch|p1b: Miraidon|Miraidon, L50|88/100
|-activate|p1b: Miraidon|ability: Hadron Engine
|turn|7
|
|t:|1750847746
|-terastallize|p1b: Miraidon|Electric
|move|p1a: Calyrex|Protect||[still]
|-fail|p1a: Calyrex
|move|p2b: Chesnaught|Spiky Shield|p2b: Chesnaught
|-singleturn|p2b: Chesnaught|move: Protect
|move|p1b: Miraidon|Electro Drift|p2b: Chesnaught
|-activate|p2b: Chesnaught|move: Protect
|-damage|p1b: Miraidon|76/100|[from] Spiky Shield|[of] p2b: Chesnaught
|move|p2a: Miraidon|Electro Drift|p1a: Calyrex
|-damage|p1a: Calyrex|0 fnt
|faint|p1a: Calyrex
|
|upkeep
|turn|8
|-message|magyomi forfeited.
|
|win|Sakuraa2004
|raw|magyomi's rating: 1673 &rarr; <strong>1649</strong><br />(-24 for losing)
|raw|Sakuraa2004's rating: 1608 &rarr; <strong>1632</strong><br />(+24 for winning)
|l|☆magyomi
|player|p1|
|l|☆Sakuraa2004
|player|p2|
