|j|☆DivinesilaPatrick
|j|☆chazmin
|t:|1750786954
|gametype|doubles
|player|p1|DivinesilaPatrick|1|1282
|player|p2|chazmin|102|1357
|teamsize|p1|6
|teamsize|p2|6
|gen|9
|tier|[Gen 9] VGC 2025 Reg I
|rated|
|rule|Species Clause: Limit one of each Pokémon
|rule|Item Clause: Limit 1 of each item
|clearpoke
|poke|p1|Miraidon, L50|
|poke|p1|Iron Hands, L50|
|poke|p1|Farigiraf, L50, M|
|poke|p1|Calyrex-Ice, L50|
|poke|p1|Heatran, L50, M|
|poke|p1|Gastrodon-East, L50, M|
|poke|p2|Koraidon, L50|
|poke|p2|Flutter Mane, L50|
|poke|p2|Chi-Yu, L50|
|poke|p2|Lunala, L50|
|poke|p2|Indeedee-F, L50, F|
|poke|p2|Brute Bonnet, L50|
|teampreview|4
|inactive|Battle timer is ON: inactive players will automatically lose when time's up. (requested by chazmin)
|
|t:|1750787028
|start
|switch|p1a: Gojo|Miraidon, L50|100/100
|switch|p1b: Hugo|Heatran, L50, M, shiny|100/100
|switch|p2a: Lunala|Lunala, L50|100/100
|switch|p2b: Indeedee|Indeedee-F, L50, F|100/100
|-fieldstart|move: Electric Terrain|[from] ability: Hadron Engine|[of] p1a: Gojo
|-fieldstart|move: Psychic Terrain|[from] ability: Psychic Surge|[of] p2b: Indeedee
|-enditem|p2b: Indeedee|Psychic Seed
|-boost|p2b: Indeedee|spd|1|[from] item: Psychic Seed
|turn|1
|
|t:|1750787051
|move|p2b: Indeedee|Helping Hand|p2a: Lunala
|-singleturn|p2a: Lunala|Helping Hand|[of] p2b: Indeedee
|move|p1a: Gojo|Volt Switch|p2a: Lunala
|-damage|p2a: Lunala|80/100
|
|t:|1750787057
|switch|p1a: Sukana|Calyrex-Ice, L50|100/100|[from] Volt Switch
|-ability|p1a: Sukana|As One
|-ability|p1a: Sukana|Unnerve
|move|p2a: Lunala|Meteor Beam||[still]
|-prepare|p2a: Lunala|Meteor Beam
|-boost|p2a: Lunala|spa|1
|-enditem|p2a: Lunala|Power Herb
|-anim|p2a: Lunala|Meteor Beam|p1a: Sukana
|-supereffective|p1a: Sukana
|-damage|p1a: Sukana|0 fnt
|faint|p1a: Sukana
|move|p1b: Hugo|Magma Storm|p2a: Lunala|[miss]
|-miss|p1b: Hugo|p2a: Lunala
|-enditem|p1b: Hugo|Blunder Policy
|-boost|p1b: Hugo|spe|2
|
|upkeep
|
|t:|1750787066
|switch|p1a: Gojo|Miraidon, L50|100/100
|-fieldstart|move: Electric Terrain|[from] ability: Hadron Engine|[of] p1a: Gojo
|turn|2
|inactive|DivinesilaPatrick has 30 seconds left.
|inactive|chazmin has 30 seconds left.
|inactive|chazmin has 20 seconds left.
|
|t:|1750787101
|switch|p2b: Chi-Yu|Chi-Yu, L50|100/100
|-ability|p2b: Chi-Yu|Beads of Ruin
|-terastallize|p1a: Gojo|Electric
|move|p1b: Hugo|Magma Storm|p2a: Lunala|[miss]
|-miss|p1b: Hugo|p2a: Lunala
|move|p1a: Gojo|Volt Switch|p2a: Lunala
|-damage|p2a: Lunala|0 fnt
|faint|p2a: Lunala
|
|t:|1750787114
|switch|p1a: Todo|Iron Hands, L50, shiny|100/100|[from] Volt Switch
|-activate|p1a: Todo|ability: Quark Drive
|-start|p1a: Todo|quarkdriveatk
|
|upkeep
|
|t:|1750787124
|switch|p2a: Indeedee|Indeedee-F, L50, F|100/100
|-fieldstart|move: Psychic Terrain|[from] ability: Psychic Surge|[of] p2a: Indeedee
|-end|p1a: Todo|Quark Drive
|turn|3
|inactive|DivinesilaPatrick has 30 seconds left.
|inactive|chazmin has 30 seconds left.
|
|t:|1750787150
|move|p2b: Chi-Yu|Dark Pulse|p1b: Hugo
|-crit|p1b: Hugo
|-damage|p1b: Hugo|19/100
|move|p1b: Hugo|Magma Storm|p2a: Indeedee
|-damage|p2a: Indeedee|30/100
|-activate|p2a: Indeedee|move: Magma Storm|[of] p1b: Hugo
|move|p2a: Indeedee|Psychic|p1a: Todo
|-supereffective|p1a: Todo
|-damage|p1a: Todo|40/100
|-unboost|p1a: Todo|spd|1
|move|p1a: Todo|Drain Punch|p2b: Chi-Yu
|-supereffective|p2b: Chi-Yu
|-damage|p2b: Chi-Yu|0 fnt
|-heal|p1a: Todo|65/100|[from] drain|[of] p2b: Chi-Yu
|faint|p2b: Chi-Yu
|
|-damage|p2a: Indeedee|18/100|[from] move: Magma Storm|[partiallytrapped]
|upkeep
|
|t:|1750787162
|switch|p2b: Koraidon|Koraidon, L50|100/100
|-weather|SunnyDay|[from] ability: Orichalcum Pulse|[of] p2b: Koraidon
|-activate|p2b: Koraidon|Orichalcum Pulse|[source]
|turn|4
|inactive|DivinesilaPatrick has 30 seconds left.
|inactive|DivinesilaPatrick has 20 seconds left.
|inactive|DivinesilaPatrick has 15 seconds left.
|
|t:|1750787206
|-end|p1a: Todo|Quark Drive|[silent]
|switch|p1a: Gojo|Miraidon, L50, tera:Electric|100/100
|-fieldstart|move: Electric Terrain|[from] ability: Hadron Engine|[of] p1a: Gojo
|-terastallize|p2b: Koraidon|Fire
|move|p1b: Hugo|Protect|p1b: Hugo
|-singleturn|p1b: Hugo|Protect
|move|p2b: Koraidon|Flame Charge|p1a: Gojo
|-damage|p1a: Gojo|14/100
|-boost|p2b: Koraidon|spe|1
|-damage|p2b: Koraidon|91/100|[from] item: Life Orb
|move|p2a: Indeedee|Psychic|p1b: Hugo
|-activate|p1b: Hugo|move: Protect
|
|-weather|SunnyDay|[upkeep]
|-damage|p2a: Indeedee|6/100|[from] move: Magma Storm|[partiallytrapped]
|upkeep
|turn|5
|inactive|DivinesilaPatrick has 30 seconds left.
|inactive|chazmin has 30 seconds left.
|inactive|DivinesilaPatrick has 20 seconds left.
|
|t:|1750787245
|switch|p1a: Todo|Iron Hands, L50, shiny|65/100
|-activate|p1a: Todo|ability: Quark Drive
|-start|p1a: Todo|quarkdriveatk
|move|p2a: Indeedee|Follow Me|p2a: Indeedee
|-singleturn|p2a: Indeedee|move: Follow Me
|move|p2b: Koraidon|Flame Charge|p1a: Todo
|-damage|p1a: Todo|6/100
|-boost|p2b: Koraidon|spe|1
|-damage|p2b: Koraidon|81/100|[from] item: Life Orb
|move|p1b: Hugo|Magma Storm|p2a: Indeedee
|-damage|p2a: Indeedee|0 fnt
|faint|p2a: Indeedee
|
|-weather|SunnyDay|[upkeep]
|upkeep
|turn|6
|inactive|DivinesilaPatrick has 30 seconds left.
|inactive|DivinesilaPatrick has 20 seconds left.
|inactive|DivinesilaPatrick has 15 seconds left.
|inactive|DivinesilaPatrick has 10 seconds left.
|
|t:|1750787294
|-end|p1a: Todo|Quark Drive|[silent]
|switch|p1a: Gojo|Miraidon, L50, tera:Electric|14/100
|-activate|p1a: Gojo|ability: Hadron Engine
|move|p2b: Koraidon|Protect|p2b: Koraidon
|-singleturn|p2b: Koraidon|Protect
|move|p1b: Hugo|Magma Storm|p2b: Koraidon
|-activate|p2b: Koraidon|move: Protect
|
|-weather|SunnyDay|[upkeep]
|upkeep
|turn|7
|
|t:|1750787318
|switch|p1a: Todo|Iron Hands, L50, shiny|6/100
|-activate|p1a: Todo|ability: Quark Drive
|-start|p1a: Todo|quarkdriveatk
|move|p2b: Koraidon|Flame Charge|p1a: Todo
|-damage|p1a: Todo|0 fnt
|-boost|p2b: Koraidon|spe|1
|faint|p1a: Todo
|-end|p1a: Todo|Quark Drive|[silent]
|-damage|p2b: Koraidon|72/100|[from] item: Life Orb
|move|p1b: Hugo|Magma Storm|p2b: Koraidon
|-resisted|p2b: Koraidon
|-damage|p2b: Koraidon|29/100
|-activate|p2b: Koraidon|move: Magma Storm|[of] p1b: Hugo
|
|-weather|SunnyDay|[upkeep]
|-damage|p2b: Koraidon|16/100|[from] move: Magma Storm|[partiallytrapped]
|upkeep
|
|t:|1750787335
|switch|p1a: Gojo|Miraidon, L50, tera:Electric|14/100
|-activate|p1a: Gojo|ability: Hadron Engine
|turn|8
|-message|chazmin forfeited.
|
|win|DivinesilaPatrick
|raw|DivinesilaPatrick's rating: 1282 &rarr; <strong>1312</strong><br />(+30 for winning)
|raw|chazmin's rating: 1357 &rarr; <strong>1333</strong><br />(-24 for losing)
|l|☆chazmin
|player|p2|
