|j|☆martykutrarty
|j|☆plsdontspeaktome
|t:|1750827679
|gametype|doubles
|player|p1|martykutrarty|jupiter|1252
|player|p2|plsdontspeaktome|265|1246
|teamsize|p1|6
|teamsize|p2|6
|gen|9
|tier|[Gen 9] VGC 2025 Reg I
|rated|
|rule|Species Clause: Limit one of each Pokémon
|rule|Item Clause: Limit 1 of each item
|clearpoke
|poke|p1|Lunala, L50|
|poke|p1|Miraidon, L50|
|poke|p1|Iron Hands, L50|
|poke|p1|Urshifu-*, L50, M|
|poke|p1|Whimsicott, L50, M|
|poke|p1|Chi-Yu, L50|
|poke|p2|Calyrex-Shadow, L50|
|poke|p2|Gouging Fire, L50|
|poke|p2|Whimsicott, L50, F|
|poke|p2|Rillaboom, L50, F|
|poke|p2|Rayquaza, L50|
|poke|p2|Sneasler, L50, F|
|teampreview|4
|inactive|Battle timer is ON: inactive players will automatically lose when time's up. (requested by martykutrarty)
|
|t:|1750827699
|start
|switch|p1a: Chi-Yu|Chi-Yu, L50|100/100
|switch|p1b: Whimsicott|Whimsicott, L50, M|100/100
|switch|p2a: Rayquaza|Rayquaza, L50|100/100
|switch|p2b: Sneasler|Sneasler, L50, F|100/100
|-ability|p1a: Chi-Yu|Beads of Ruin
|-ability|p2b: Sneasler|Pressure
|-ability|p2a: Rayquaza|Air Lock
|turn|1
|inactive|martykutrarty has 30 seconds left.
|inactive|martykutrarty has 20 seconds left.
|inactive|martykutrarty has 15 seconds left.
|inactive|martykutrarty has 10 seconds left.
|inactive|martykutrarty has 5 seconds left.
|
|t:|1750827754
|move|p2b: Sneasler|Fake Out|p1a: Chi-Yu
|-damage|p1a: Chi-Yu|78/100
|cant|p1a: Chi-Yu|flinch
|move|p1b: Whimsicott|Moonblast|p2a: Rayquaza
|-supereffective|p2a: Rayquaza
|-crit|p2a: Rayquaza
|-damage|p2a: Rayquaza|0 fnt
|faint|p2a: Rayquaza
|
|upkeep
|
|t:|1750827767
|switch|p2a: Calyrex|Calyrex-Shadow, L50|100/100
|-ability|p2a: Calyrex|As One
|-ability|p2a: Calyrex|Unnerve
|turn|2
|
|t:|1750827776
|-terastallize|p2a: Calyrex|Dark
|move|p1b: Whimsicott|Tailwind|p1b: Whimsicott
|-sidestart|p1: martykutrarty|move: Tailwind
|move|p1a: Chi-Yu|Dark Pulse|p2a: Calyrex
|-resisted|p2a: Calyrex
|-damage|p2a: Calyrex|68/100
|move|p2a: Calyrex|Astral Barrage|p1b: Whimsicott|[spread] p1a,p1b
|-resisted|p1a: Chi-Yu
|-damage|p1a: Chi-Yu|30/100
|-damage|p1b: Whimsicott|0 fnt
|faint|p1b: Whimsicott
|-ability|p2a: Calyrex|Grim Neigh|boost
|-boost|p2a: Calyrex|spa|1
|move|p2b: Sneasler|Dire Claw|p1a: Chi-Yu
|-damage|p1a: Chi-Yu|0 fnt
|faint|p1a: Chi-Yu
|
|upkeep
|
|t:|1750827784
|switch|p1b: Miraidon|Miraidon, L50|100/100
|switch|p1a: Lunala|Lunala, L50|100/100
|-fieldstart|move: Electric Terrain|[from] ability: Hadron Engine|[of] p1b: Miraidon
|turn|3
|inactive|plsdontspeaktome has 30 seconds left.
|
|t:|1750827811
|switch|p2a: Rillaboom|Rillaboom, L50, F|100/100
|-fieldstart|move: Grassy Terrain|[from] ability: Grassy Surge|[of] p2a: Rillaboom
|move|p1a: Lunala|Wide Guard|p1a: Lunala
|-singleturn|p1a: Lunala|Wide Guard
|move|p1b: Miraidon|Discharge|p2b: Sneasler|[spread] p2a,p2b
|-activate|p1a: Lunala|move: Wide Guard
|-resisted|p2a: Rillaboom
|-damage|p2a: Rillaboom|84/100
|-damage|p2b: Sneasler|45/100
|-damage|p1b: Miraidon|91/100|[from] item: Life Orb
|move|p2b: Sneasler|Dire Claw|p1a: Lunala
|-resisted|p1a: Lunala
|-damage|p1a: Lunala|93/100
|
|-heal|p1b: Miraidon|96/100|[from] Grassy Terrain
|-heal|p1a: Lunala|99/100|[from] Grassy Terrain
|-heal|p2b: Sneasler|51/100|[from] Grassy Terrain
|-heal|p2a: Rillaboom|91/100|[from] Grassy Terrain
|upkeep
|turn|4
|inactive|plsdontspeaktome has 30 seconds left.
|
|t:|1750827842
|move|p1b: Miraidon|Protect|p1b: Miraidon
|-singleturn|p1b: Miraidon|Protect
|move|p2a: Rillaboom|Fake Out|p1b: Miraidon
|-activate|p1b: Miraidon|move: Protect
|move|p1a: Lunala|Meteor Beam||[still]
|-prepare|p1a: Lunala|Meteor Beam
|-boost|p1a: Lunala|spa|1
|-enditem|p1a: Lunala|Power Herb
|-anim|p1a: Lunala|Meteor Beam|p2b: Sneasler
|-resisted|p2b: Sneasler
|-damage|p2b: Sneasler|2/100
|move|p2b: Sneasler|Dire Claw|p1a: Lunala
|-resisted|p1a: Lunala
|-damage|p1a: Lunala|84/100
|
|-heal|p1b: Miraidon|100/100|[from] Grassy Terrain
|-heal|p1a: Lunala|91/100|[from] Grassy Terrain
|-heal|p2b: Sneasler|8/100|[from] Grassy Terrain
|-heal|p2a: Rillaboom|97/100|[from] Grassy Terrain
|upkeep
|turn|5
|inactive|martykutrarty has 30 seconds left.
|inactive|plsdontspeaktome has 30 seconds left.
|
|t:|1750827872
|-terastallize|p1b: Miraidon|Fairy
|move|p2a: Rillaboom|Grassy Glide|p1a: Lunala
|-damage|p1a: Lunala|65/100
|move|p1b: Miraidon|Dazzling Gleam|p2a: Rillaboom|[spread] p2a,p2b
|-crit|p2b: Sneasler
|-damage|p2a: Rillaboom|60/100
|-damage|p2b: Sneasler|0 fnt
|faint|p2b: Sneasler
|-damage|p1b: Miraidon|91/100|[from] item: Life Orb
|move|p1a: Lunala|Moongeist Beam|p2a: Rillaboom
|-damage|p2a: Rillaboom|0 fnt
|faint|p2a: Rillaboom
|
|-heal|p1b: Miraidon|96/100|[from] Grassy Terrain
|-heal|p1a: Lunala|71/100|[from] Grassy Terrain
|-sideend|p1: martykutrarty|move: Tailwind
|upkeep
|
|t:|1750827881
|switch|p2b: Calyrex|Calyrex-Shadow, L50, tera:Dark|68/100
|-ability|p2b: Calyrex|As One
|-ability|p2b: Calyrex|Unnerve
|turn|6
|
|t:|1750827888
|move|p1a: Lunala|Wide Guard|p1a: Lunala
|-singleturn|p1a: Lunala|Wide Guard
|move|p2b: Calyrex|Astral Barrage|p1b: Miraidon|[spread] 
|-activate|p1a: Lunala|move: Wide Guard
|-activate|p1b: Miraidon|move: Wide Guard
|move|p1b: Miraidon|Dazzling Gleam|p2b: Calyrex
|-supereffective|p2b: Calyrex
|-damage|p2b: Calyrex|0 fnt
|faint|p2b: Calyrex
|-damage|p1b: Miraidon|87/100|[from] item: Life Orb
|
|win|martykutrarty
|raw|martykutrarty's rating: 1252 &rarr; <strong>1277</strong><br />(+25 for winning)
|raw|plsdontspeaktome's rating: 1246 &rarr; <strong>1221</strong><br />(-25 for losing)
|l|☆plsdontspeaktome
|player|p2|
|l|☆martykutrarty
|player|p1|
