|j|☆ZiranRen
|j|☆ZEATHS
|t:|1750765962
|gametype|doubles
|player|p1|ZiranRen|sage|1135
|player|p2|ZEATHS|pokemaniac|1010
|teamsize|p1|6
|teamsize|p2|6
|gen|9
|tier|[Gen 9] VGC 2025 Reg I
|rated|
|rule|Species Clause: Limit one of each Pokémon
|rule|Item Clause: Limit 1 of each item
|clearpoke
|poke|p1|Charizard, L50, M|
|poke|p1|Arcanine, L50, M|
|poke|p1|Rayquaza, L50|
|poke|p1|Koraidon, L50|
|poke|p1|Kingambit, L50, M|
|poke|p1|Chien-Pao, L50|
|poke|p2|Kyurem-White, L50|
|poke|p2|Zamazenta-*, L50|
|poke|p2|Amoonguss, L50, M|
|poke|p2|Incineroar, L50, M|
|poke|p2|Tornadus, L50, M|
|poke|p2|Urshifu-*, L50, F|
|teampreview|4
ZiranRen rejected open team sheets.
|
|t:|1750766019
|start
|switch|p1a: Chien-Pao|Chien-Pao, L50|100/100
|switch|p1b: Rayquaza|Rayquaza, L50|100/100
|switch|p2a: Kyurem|Kyurem-White, L50, shiny|100/100
|switch|p2b: Tornadus|Tornadus, L50, M, shiny|100/100
|-ability|p1a: Chien-Pao|Sword of Ruin
|-ability|p2a: Kyurem|Turboblaze
|-ability|p1b: Rayquaza|Air Lock
|turn|1
|
|t:|1750766059
|-terastallize|p1b: Rayquaza|Normal
|move|p1b: Rayquaza|Extreme Speed|p2a: Kyurem
|-damage|p2a: Kyurem|19/100
|move|p2b: Tornadus|Snowscape|p2b: Tornadus
|-weather|Snowscape
|move|p1a: Chien-Pao|Ice Spinner|p2a: Kyurem
|-damage|p2a: Kyurem|0 fnt
|faint|p2a: Kyurem
|
|-weather|Snowscape|[upkeep]
|upkeep
|
|t:|1750766077
|switch|p2a: Zamazenta|Zamazenta-Crowned, L50|100/100
|-ability|p2a: Zamazenta|Dauntless Shield|boost
|-boost|p2a: Zamazenta|def|1
|turn|2
|
|t:|1750766094
|-terastallize|p2a: Zamazenta|Ghost
|move|p1b: Rayquaza|Extreme Speed|p2b: Tornadus
|-damage|p2b: Tornadus|0 fnt
|faint|p2b: Tornadus
|move|p1a: Chien-Pao|Ice Spinner|p2a: Zamazenta
|-damage|p2a: Zamazenta|78/100
|move|p2a: Zamazenta|Iron Defense|p2a: Zamazenta
|-boost|p2a: Zamazenta|def|2
|
|-weather|Snowscape|[upkeep]
|upkeep
|
|t:|1750766101
|switch|p2b: Urshifu|Urshifu-Rapid-Strike, L50, F|100/100
|turn|3
|
|t:|1750766112
|move|p2b: Urshifu|Protect|p2b: Urshifu
|-singleturn|p2b: Urshifu|Protect
|move|p1b: Rayquaza|Extreme Speed|p2b: Urshifu
|-activate|p2b: Urshifu|move: Protect
|move|p1a: Chien-Pao|Sucker Punch|p2a: Zamazenta
|-supereffective|p2a: Zamazenta
|-damage|p2a: Zamazenta|54/100
|move|p2a: Zamazenta|Body Press|p1b: Rayquaza
|-supereffective|p1b: Rayquaza
|-damage|p1b: Rayquaza|0 fnt
|faint|p1b: Rayquaza
|
|-weather|Snowscape|[upkeep]
|upkeep
|
|t:|1750766124
|switch|p1b: Koraidon|Koraidon, L50|100/100
|-weather|SunnyDay|[from] ability: Orichalcum Pulse|[of] p1b: Koraidon
|-activate|p1b: Koraidon|Orichalcum Pulse|[source]
|turn|4
|
|t:|1750766147
|move|p1a: Chien-Pao|Sucker Punch||[still]
|-fail|p1a: Chien-Pao
|move|p1b: Koraidon|Flame Charge|p2a: Zamazenta
|-damage|p2a: Zamazenta|39/100
|-boost|p1b: Koraidon|spe|1
|-damage|p1b: Koraidon|91/100|[from] item: Life Orb
|move|p2a: Zamazenta|Iron Defense|p2a: Zamazenta
|-boost|p2a: Zamazenta|def|2
|move|p2b: Urshifu|Close Combat|p1a: Chien-Pao
|-supereffective|p1a: Chien-Pao
|-enditem|p1a: Chien-Pao|Focus Sash
|-damage|p1a: Chien-Pao|1/100
|-unboost|p2b: Urshifu|def|1
|-unboost|p2b: Urshifu|spd|1
|-damage|p2b: Urshifu|91/100|[from] item: Life Orb
|
|-weather|SunnyDay|[upkeep]
|upkeep
|turn|5
|
|t:|1750766168
|move|p2b: Urshifu|Protect|p2b: Urshifu
|-singleturn|p2b: Urshifu|Protect
|move|p1a: Chien-Pao|Sucker Punch|p2a: Zamazenta
|-supereffective|p2a: Zamazenta
|-damage|p2a: Zamazenta|21/100
|move|p1b: Koraidon|Flare Blitz|p2a: Zamazenta
|-damage|p2a: Zamazenta|0 fnt
|faint|p2a: Zamazenta
|-damage|p1b: Koraidon|84/100|[from] Recoil
|-damage|p1b: Koraidon|75/100|[from] item: Life Orb
|
|-weather|SunnyDay|[upkeep]
|upkeep
|turn|6
|
|t:|1750766194
|move|p1a: Chien-Pao|Sucker Punch|p2b: Urshifu
|-resisted|p2b: Urshifu
|-damage|p2b: Urshifu|51/100
|move|p1b: Koraidon|Collision Course|p2b: Urshifu
|-damage|p2b: Urshifu|0 fnt
|faint|p2b: Urshifu
|-damage|p1b: Koraidon|65/100|[from] item: Life Orb
|
|win|ZiranRen
|raw|ZiranRen's rating: 1135 &rarr; <strong>1151</strong><br />(+16 for winning)
|raw|ZEATHS's rating: 1010 &rarr; <strong>1002</strong><br />(-8 for losing)
|c|☆ZEATHS|gg
