|j|☆shockeim1
|j|☆Spalding944
|t:|1750767364
|gametype|doubles
|player|p1|shockeim1|palmer|1349
|player|p2|Spalding944|170|1301
|teamsize|p1|6
|teamsize|p2|6
|gen|9
|tier|[Gen 9] VGC 2025 Reg I
|rated|
|rule|Species Clause: Limit one of each Pokémon
|rule|Item Clause: Limit 1 of each item
|clearpoke
|poke|p1|Miraidon, L50|
|poke|p1|Calyrex-Shadow, L50|
|poke|p1|Ogerpon-Cornerstone, L50, F|
|poke|p1|Whimsicott, L50, F|
|poke|p1|Iron Hands, L50|
|poke|p1|Urshifu-*, L50, M|
|poke|p2|Mewtwo, L50|
|poke|p2|Indeedee-F, L50, F|
|poke|p2|Drifblim, L50, M|
|poke|p2|Tatsugiri, L50, M|
|poke|p2|Dondozo, L50, F|
|poke|p2|Terapagos, L50, M|
|teampreview|4
|inactive|Battle timer is ON: inactive players will automatically lose when time's up. (requested by Spalding944)
|inactive|shockeim1 has 60 seconds left.
|
|t:|1750767428
|start
|switch|p1a: Calyrex|Calyrex-Shadow, L50|100/100
|switch|p1b: Miraidon|Miraidon, L50|100/100
|switch|p2a: Indeedee|Indeedee-F, L50, F|100/100
|switch|p2b: Drifblim|Drifblim, L50, M|100/100
|-ability|p1a: Calyrex|As One
|-ability|p1a: Calyrex|Unnerve
|-fieldstart|move: Electric Terrain|[from] ability: Hadron Engine|[of] p1b: Miraidon
|-fieldstart|move: Psychic Terrain|[from] ability: Psychic Surge|[of] p2a: Indeedee
|-enditem|p2b: Drifblim|Psychic Seed
|-boost|p2b: Drifblim|spd|1|[from] item: Psychic Seed
|turn|1
|inactive|Spalding944 has 30 seconds left.
|
|t:|1750767455
|-terastallize|p2b: Drifblim|Dark
|move|p2a: Indeedee|Follow Me|p2a: Indeedee
|-singleturn|p2a: Indeedee|move: Follow Me
|move|p2b: Drifblim|Minimize|p2b: Drifblim
|-boost|p2b: Drifblim|evasion|2
|move|p1a: Calyrex|Astral Barrage|p2a: Indeedee|[spread] p2b
|-immune|p2a: Indeedee
|-resisted|p2b: Drifblim
|-damage|p2b: Drifblim|81/100
|-damage|p1a: Calyrex|91/100|[from] item: Life Orb
|move|p1b: Miraidon|Draco Meteor|p2a: Indeedee
|-damage|p2a: Indeedee|0 fnt
|-unboost|p1b: Miraidon|spa|2
|faint|p2a: Indeedee
|
|upkeep
|
|t:|1750767471
|switch|p2a: Tatsugiri|Tatsugiri, L50, M|100/100
|turn|2
|
|t:|1750767491
|switch|p1b: Iron Hands|Iron Hands, L50|100/100
|move|p2b: Drifblim|Minimize|p2b: Drifblim
|-boost|p2b: Drifblim|evasion|2
|move|p1a: Calyrex|Astral Barrage|p2a: Tatsugiri|[spread] p2a
|-miss|p1a: Calyrex|p2b: Drifblim
|-damage|p2a: Tatsugiri|33/100
|-damage|p1a: Calyrex|81/100|[from] item: Life Orb
|move|p2a: Tatsugiri|Draco Meteor|p1b: Iron Hands
|-damage|p1b: Iron Hands|70/100
|-unboost|p2a: Tatsugiri|spa|2
|
|upkeep
|turn|3
|
|t:|1750767508
|move|p2a: Tatsugiri|Protect|p2a: Tatsugiri
|-singleturn|p2a: Tatsugiri|Protect
|move|p1b: Iron Hands|Fake Out|p2b: Drifblim
|-activate|p2b: Drifblim|move: Psychic Terrain
|move|p2b: Drifblim|Minimize|p2b: Drifblim
|-boost|p2b: Drifblim|evasion|2
|move|p1a: Calyrex|Astral Barrage|p2b: Drifblim|[spread] 
|-activate|p2a: Tatsugiri|move: Protect
|-miss|p1a: Calyrex|p2b: Drifblim
|
|upkeep
|turn|4
|
|t:|1750767525
|move|p2b: Drifblim|Baton Pass|p2b: Drifblim
|
|t:|1750767527
|switch|p2b: Dondozo|Dondozo, L50, F|100/100|[from] Baton Pass
|-activate|p2a: Tatsugiri|ability: Commander|[of] p2b: Dondozo
|-boost|p2b: Dondozo|atk|2
|-boost|p2b: Dondozo|spa|2
|-boost|p2b: Dondozo|spe|2
|-boost|p2b: Dondozo|def|2
|-boost|p2b: Dondozo|spd|2
|move|p1a: Calyrex|Astral Barrage|p2a: Tatsugiri|[spread] 
|-miss|p1a: Calyrex|p2a: Tatsugiri
|-miss|p1a: Calyrex|p2b: Dondozo
|move|p1b: Iron Hands|Wild Charge|p2b: Dondozo|[miss]
|-miss|p1b: Iron Hands|p2b: Dondozo
|
|upkeep
|turn|5
|
|t:|1750767542
|move|p1a: Calyrex|Astral Barrage|p2b: Dondozo|[spread] p2b
|-miss|p1a: Calyrex|p2a: Tatsugiri
|-damage|p2b: Dondozo|77/100
|-damage|p1a: Calyrex|72/100|[from] item: Life Orb
|move|p2b: Dondozo|Substitute|p2b: Dondozo
|-start|p2b: Dondozo|Substitute
|-damage|p2b: Dondozo|52/100
|move|p1b: Iron Hands|Wild Charge|p2b: Dondozo|[miss]
|-miss|p1b: Iron Hands|p2b: Dondozo
|
|-heal|p2b: Dondozo|58/100|[from] item: Leftovers
|-fieldend|move: Psychic Terrain
|upkeep
|turn|6
|
|t:|1750767558
|move|p2b: Dondozo|Protect|p2b: Dondozo
|-singleturn|p2b: Dondozo|Protect
|move|p1a: Calyrex|Astral Barrage|p2a: Tatsugiri|[spread] 
|-miss|p1a: Calyrex|p2a: Tatsugiri
|-activate|p2b: Dondozo|move: Protect
|move|p1b: Iron Hands|Wild Charge|p2b: Dondozo
|-activate|p2b: Dondozo|move: Protect
|
|-heal|p2b: Dondozo|65/100|[from] item: Leftovers
|upkeep
|turn|7
|j| chlokalok
|
|t:|1750767570
|move|p1a: Calyrex|Astral Barrage|p2b: Dondozo|[spread] p2b
|-miss|p1a: Calyrex|p2a: Tatsugiri
|-activate|p2b: Dondozo|move: Substitute|[damage]
|-damage|p1a: Calyrex|62/100|[from] item: Life Orb
|move|p2b: Dondozo|Order Up|p1b: Iron Hands
|-damage|p1b: Iron Hands|44/100
|-boost|p2b: Dondozo|atk|1
|move|p1b: Iron Hands|Wild Charge|p2b: Dondozo|[miss]
|-miss|p1b: Iron Hands|p2b: Dondozo
|
|-heal|p2b: Dondozo|71/100|[from] item: Leftovers
|upkeep
|turn|8
|l| chlokalok
|
|t:|1750767588
|move|p2b: Dondozo|Protect|p2b: Dondozo
|-singleturn|p2b: Dondozo|Protect
|move|p1a: Calyrex|Psychic|p2b: Dondozo
|-activate|p2b: Dondozo|move: Protect
|move|p1b: Iron Hands|Wild Charge|p2b: Dondozo
|-activate|p2b: Dondozo|move: Protect
|
|-heal|p2b: Dondozo|77/100|[from] item: Leftovers
|upkeep
|turn|9
|
|t:|1750767598
|move|p1a: Calyrex|Psychic|p2b: Dondozo
|-end|p2b: Dondozo|Substitute
|-damage|p1a: Calyrex|52/100|[from] item: Life Orb
|move|p2b: Dondozo|Order Up|p1b: Iron Hands
|-damage|p1b: Iron Hands|11/100
|-boost|p2b: Dondozo|atk|1
|move|p1b: Iron Hands|Wild Charge|p2b: Dondozo
|-supereffective|p2b: Dondozo
|-damage|p2b: Dondozo|50/100
|-damage|p1b: Iron Hands|4/100|[from] Recoil
|
|-heal|p2b: Dondozo|56/100|[from] item: Leftovers
|upkeep
|turn|10
|
|t:|1750767610
|move|p2b: Dondozo|Protect|p2b: Dondozo
|-singleturn|p2b: Dondozo|Protect
|move|p1a: Calyrex|Psychic|p2b: Dondozo
|-activate|p2b: Dondozo|move: Protect
|move|p1b: Iron Hands|Wild Charge|p2b: Dondozo
|-activate|p2b: Dondozo|move: Protect
|
|-heal|p2b: Dondozo|62/100|[from] item: Leftovers
|upkeep
|turn|11
|
|t:|1750767619
|switch|p1a: Miraidon|Miraidon, L50|100/100
|-fieldstart|move: Electric Terrain|[from] ability: Hadron Engine|[of] p1a: Miraidon
|-activate|p1b: Iron Hands|ability: Quark Drive
|-start|p1b: Iron Hands|quarkdriveatk
|move|p2b: Dondozo|Substitute|p2b: Dondozo
|-start|p2b: Dondozo|Substitute
|-damage|p2b: Dondozo|37/100
|move|p1b: Iron Hands|Wild Charge|p2b: Dondozo|[miss]
|-miss|p1b: Iron Hands|p2b: Dondozo
|
|-heal|p2b: Dondozo|43/100|[from] item: Leftovers
|upkeep
|turn|12
|
|t:|1750767631
|move|p1a: Miraidon|Electro Drift|p2b: Dondozo|[miss]
|-miss|p1a: Miraidon|p2b: Dondozo
|move|p2b: Dondozo|Earthquake|p1b: Iron Hands|[spread] p1a,p1b
|-miss|p2b: Dondozo|p2a: Tatsugiri
|-supereffective|p1a: Miraidon
|-supereffective|p1b: Iron Hands
|-damage|p1a: Miraidon|2/100
|-damage|p1b: Iron Hands|0 fnt
|faint|p1b: Iron Hands
|-end|p1b: Iron Hands|Quark Drive|[silent]
|
|-heal|p2b: Dondozo|50/100|[from] item: Leftovers
|upkeep
|
|t:|1750767640
|switch|p1b: Calyrex|Calyrex-Shadow, L50|52/100
|-ability|p1b: Calyrex|As One
|-ability|p1b: Calyrex|Unnerve
|turn|13
|
|t:|1750767646
|move|p2b: Dondozo|Protect|p2b: Dondozo
|-singleturn|p2b: Dondozo|Protect
|move|p1b: Calyrex|Psychic|p2b: Dondozo
|-activate|p2b: Dondozo|move: Protect
|move|p1a: Miraidon|Electro Drift|p2b: Dondozo
|-activate|p2b: Dondozo|move: Protect
|
|-heal|p2b: Dondozo|56/100|[from] item: Leftovers
|upkeep
|turn|14
|
|t:|1750767656
|move|p1b: Calyrex|Psychic|p2b: Dondozo
|-activate|p2b: Dondozo|move: Substitute|[damage]
|-damage|p1b: Calyrex|43/100|[from] item: Life Orb
|move|p1a: Miraidon|Electro Drift|p2b: Dondozo
|-supereffective|p2b: Dondozo
|-end|p2b: Dondozo|Substitute
|move|p2b: Dondozo|Earthquake|p1b: Calyrex|[spread] p1a,p1b
|-miss|p2b: Dondozo|p2a: Tatsugiri
|-supereffective|p1a: Miraidon
|-damage|p1a: Miraidon|0 fnt
|-damage|p1b: Calyrex|0 fnt
|faint|p1a: Miraidon
|faint|p1b: Calyrex
|
|-heal|p2b: Dondozo|62/100|[from] item: Leftovers
|upkeep
|j| maestro zoroli
|
|t:|1750767668
|switch|p1a: Ogerpon|Ogerpon-Cornerstone, L50, F|100/100
|turn|15
|
|t:|1750767672
|move|p2b: Dondozo|Protect|p2b: Dondozo
|-singleturn|p2b: Dondozo|Protect
|move|p1a: Ogerpon|Power Whip|p2b: Dondozo
|-activate|p2b: Dondozo|move: Protect
|
|-heal|p2b: Dondozo|68/100|[from] item: Leftovers
|-fieldend|move: Electric Terrain
|upkeep
|turn|16
|l| maestro zoroli
|
|t:|1750767681
|move|p1a: Ogerpon|Power Whip|p2b: Dondozo|[miss]
|-miss|p1a: Ogerpon|p2b: Dondozo
|move|p2b: Dondozo|Substitute|p2b: Dondozo
|-start|p2b: Dondozo|Substitute
|-damage|p2b: Dondozo|43/100
|
|-heal|p2b: Dondozo|50/100|[from] item: Leftovers
|upkeep
|turn|17
|
|t:|1750767689
|move|p2b: Dondozo|Protect|p2b: Dondozo
|-singleturn|p2b: Dondozo|Protect
|move|p1a: Ogerpon|Power Whip|p2b: Dondozo
|-activate|p2b: Dondozo|move: Protect
|
|-heal|p2b: Dondozo|56/100|[from] item: Leftovers
|upkeep
|turn|18
|j| Tilzy
|
|t:|1750767697
|move|p1a: Ogerpon|Power Whip|p2b: Dondozo|[miss]
|-miss|p1a: Ogerpon|p2b: Dondozo
|move|p2b: Dondozo|Earthquake|p1a: Ogerpon|[spread] p1a
|-miss|p2b: Dondozo|p2a: Tatsugiri
|-damage|p1a: Ogerpon|28/100
|
|-heal|p2b: Dondozo|62/100|[from] item: Leftovers
|upkeep
|turn|19
|
|t:|1750767706
|move|p2b: Dondozo|Protect|p2b: Dondozo
|-singleturn|p2b: Dondozo|Protect
|move|p1a: Ogerpon|Power Whip|p2b: Dondozo
|-activate|p2b: Dondozo|move: Protect
|
|-heal|p2b: Dondozo|68/100|[from] item: Leftovers
|upkeep
|turn|20
|-message|shockeim1 forfeited.
|
|win|Spalding944
|raw|shockeim1's rating: 1349 &rarr; <strong>1326</strong><br />(-23 for losing)
|raw|Spalding944's rating: 1301 &rarr; <strong>1324</strong><br />(+23 for winning)
|l|☆shockeim1
|player|p1|
|j| yuirs gsb
|j| Autistic Person28
|l| Tilzy
|j| ray_on_1248_
|l|☆Spalding944
|player|p2|
|j| TheNoMination
|l| Autistic Person28
|l| ray_on_1248_
