|j|☆Aboeroekoe
|j|☆Lupothewulf
|t:|1750845207
|gametype|doubles
|player|p1|Aboeroekoe|170|1166
|player|p2|Lupothewulf|volkner|1197
|teamsize|p1|6
|teamsize|p2|6
|gen|9
|tier|[Gen 9] VGC 2025 Reg I
|rated|
|rule|Species Clause: Limit one of each Pokémon
|rule|Item Clause: Limit 1 of each item
|clearpoke
|poke|p1|Zamazenta-*, L50|
|poke|p1|Gastrodon, L50, F|
|poke|p1|Tyranitar, L50, M|
|poke|p1|Dialga-Origin, L50|
|poke|p1|Slowking-Galar, L50, M|
|poke|p1|Ursaluna-Bloodmoon, L50, M|
|poke|p2|Iron Hands, L50|
|poke|p2|Incineroar, L50, M|
|poke|p2|Zamazenta-*, L50|
|poke|p2|Calyrex-Shadow, L50|
|poke|p2|Amoonguss, L50, F|
|poke|p2|Indeedee-F, L50, F|
|teampreview|4
|inactive|Battle timer is ON: inactive players will automatically lose when time's up. (requested by Aboeroekoe)
Aboeroekoe rejected open team sheets.
|inactive|Aboeroekoe has 60 seconds left.
|
|t:|1750845254
|start
|switch|p1a: Tyranitar|Tyranitar, L50, M|100/100
|switch|p1b: Slowking|Slowking-Galar, L50, M|100/100
|switch|p2a: Calyrex|Calyrex-Shadow, L50|100/100
|switch|p2b: Zamazenta|Zamazenta-Crowned, L50|100/100
|-ability|p2a: Calyrex|As One
|-ability|p2a: Calyrex|Unnerve
|-ability|p2b: Zamazenta|Dauntless Shield|boost
|-boost|p2b: Zamazenta|def|1
|-weather|Sandstorm|[from] ability: Sand Stream|[of] p1a: Tyranitar
|turn|1
|
|t:|1750845276
|move|p1a: Tyranitar|Protect|p1a: Tyranitar
|-singleturn|p1a: Tyranitar|Protect
|move|p2a: Calyrex|Expanding Force|p1b: Slowking
|-damage|p1b: Slowking|53/100
|move|p2b: Zamazenta|Body Press|p1a: Tyranitar
|-activate|p1a: Tyranitar|move: Protect
|move|p1b: Slowking|Trick Room|p1b: Slowking
|-fieldstart|move: Trick Room|[of] p1b: Slowking
|
|-weather|Sandstorm|[upkeep]
|-damage|p1b: Slowking|47/100|[from] Sandstorm
|-damage|p2a: Calyrex|95/100|[from] Sandstorm
|-heal|p1b: Slowking|53/100|[from] item: Black Sludge
|upkeep
|turn|2
|inactive|Aboeroekoe has 30 seconds left.
|
|t:|1750845309
|switch|p1b: Ursaluna|Ursaluna-Bloodmoon, L50, M|100/100
|switch|p2a: Incineroar|Incineroar, L50, M|100/100
|-ability|p2a: Incineroar|Intimidate|boost
|-fail|p1a: Tyranitar|unboost|[from] item: Clear Amulet|[of] p1a: Tyranitar
|-unboost|p1b: Ursaluna|atk|1
|-terastallize|p1a: Tyranitar|Ghost
|move|p1a: Tyranitar|Knock Off|p2a: Incineroar
|-resisted|p2a: Incineroar
|-damage|p2a: Incineroar|72/100
|-enditem|p2a: Incineroar|Safety Goggles|[from] move: Knock Off|[of] p1a: Tyranitar
|move|p2b: Zamazenta|Body Press|p1a: Tyranitar
|-immune|p1a: Tyranitar
|
|-weather|Sandstorm|[upkeep]
|-damage|p1a: Tyranitar|94/100|[from] Sandstorm
|-damage|p2a: Incineroar|66/100|[from] Sandstorm
|upkeep
|turn|3
|inactive|Aboeroekoe has 30 seconds left.
|inactive|Lupothewulf has 30 seconds left.
|
|t:|1750845339
|move|p2a: Incineroar|Fake Out|p1b: Ursaluna
|-damage|p1b: Ursaluna|92/100
|cant|p1b: Ursaluna|flinch
|move|p1a: Tyranitar|Earthquake|p2b: Zamazenta|[spread] p1b,p2a,p2b
|-supereffective|p2a: Incineroar
|-supereffective|p2b: Zamazenta
|-damage|p1b: Ursaluna|72/100
|-damage|p2a: Incineroar|5/100
|-damage|p2b: Zamazenta|74/100
|move|p2b: Zamazenta|Behemoth Bash|p1a: Tyranitar
|-damage|p1a: Tyranitar|53/100
|
|-weather|Sandstorm|[upkeep]
|-damage|p1a: Tyranitar|47/100|[from] Sandstorm
|-damage|p2a: Incineroar|0 fnt|[from] Sandstorm
|faint|p2a: Incineroar
|-heal|p1b: Ursaluna|78/100|[from] item: Leftovers
|upkeep
|
|t:|1750845357
|switch|p2a: Calyrex|Calyrex-Shadow, L50|95/100
|-ability|p2a: Calyrex|As One
|-ability|p2a: Calyrex|Unnerve
|turn|4
|
|t:|1750845374
|move|p1b: Ursaluna|Earth Power|p2b: Zamazenta
|-supereffective|p2b: Zamazenta
|-damage|p2b: Zamazenta|7/100
|move|p1a: Tyranitar|Knock Off|p2a: Calyrex
|-supereffective|p2a: Calyrex
|-damage|p2a: Calyrex|0 fnt
|-enditem|p2a: Calyrex|Choice Specs|[from] move: Knock Off|[of] p1a: Tyranitar
|faint|p2a: Calyrex
|move|p2b: Zamazenta|Body Press|p1b: Ursaluna
|-supereffective|p1b: Ursaluna
|-damage|p1b: Ursaluna|3/100
|
|-weather|Sandstorm|[upkeep]
|-damage|p1a: Tyranitar|41/100|[from] Sandstorm
|-heal|p1b: Ursaluna|9/100|[from] item: Leftovers
|upkeep
|
|t:|1750845389
|switch|p2a: Indeedee|Indeedee-F, L50, F|100/100
|-fieldstart|move: Psychic Terrain|[from] ability: Psychic Surge|[of] p2a: Indeedee
|turn|5
|
|t:|1750845403
|move|p2a: Indeedee|Follow Me|p2a: Indeedee
|-singleturn|p2a: Indeedee|move: Follow Me
|move|p1b: Ursaluna|Earth Power|p2a: Indeedee
|-damage|p2a: Indeedee|66/100
|move|p1a: Tyranitar|Knock Off|p2a: Indeedee
|-supereffective|p2a: Indeedee
|-damage|p2a: Indeedee|0 fnt
|-enditem|p2a: Indeedee|Leftovers|[from] move: Knock Off|[of] p1a: Tyranitar
|faint|p2a: Indeedee
|move|p2b: Zamazenta|Body Press|p1b: Ursaluna
|-supereffective|p1b: Ursaluna
|-damage|p1b: Ursaluna|0 fnt
|faint|p1b: Ursaluna
|
|-weather|none
|-fieldend|move: Trick Room
|upkeep
|
|t:|1750845414
|switch|p1b: Dialga|Dialga-Origin, L50|100/100
|turn|6
|
|t:|1750845424
|move|p2b: Zamazenta|Behemoth Bash|p1a: Tyranitar
|-damage|p1a: Tyranitar|4/100
|move|p1b: Dialga|Aura Sphere|p2b: Zamazenta
|-supereffective|p2b: Zamazenta
|-damage|p2b: Zamazenta|0 fnt
|faint|p2b: Zamazenta
|
|win|Aboeroekoe
|raw|Aboeroekoe's rating: 1166 &rarr; <strong>1193</strong><br />(+27 for winning)
|raw|Lupothewulf's rating: 1197 &rarr; <strong>1170</strong><br />(-27 for losing)
|l|☆Lupothewulf
|player|p2|
|l|☆Aboeroekoe
|player|p1|
