|j|☆Fredzhangg
|j|☆Solrissian
|t:|1750778923
|gametype|doubles
|player|p1|Fredzhangg|170|1177
|player|p2|Solrissian|giovanni|1203
|teamsize|p1|6
|teamsize|p2|6
|gen|9
|tier|[Gen 9] VGC 2025 Reg I
|rated|
|rule|Species Clause: Limit one of each Pokémon
|rule|Item Clause: Limit 1 of each item
|clearpoke
|poke|p1|Incineroar, L50, M|
|poke|p1|Miraidon, L50|
|poke|p1|Lunala, L50|
|poke|p1|Whimsicott, L50, F|
|poke|p1|Ursaluna, L50, F|
|poke|p1|Urshifu-*, L50, F|
|poke|p2|Lunala, L50|
|poke|p2|Ursaluna, L50, F|
|poke|p2|Urshifu-*, L50, F|
|poke|p2|Miraidon, L50|
|poke|p2|Incineroar, L50, F|
|poke|p2|Chi-Yu, L50|
|teampreview|4
|inactive|Battle timer is ON: inactive players will automatically lose when time's up. (requested by Solrissian)
Solrissian has agreed to open team sheets.
|inactive|Fredzhangg has 60 seconds left.
|inactive|Solrissian has 60 seconds left.
|
|t:|1750778977
|start
|switch|p1a: Lunala|Lunala, L50|100/100
|switch|p1b: Miraidon|Miraidon, L50|100/100
|switch|p2a: Incineroar|Incineroar, L50, F|100/100
|switch|p2b: Miraidon|Miraidon, L50|100/100
|-fieldstart|move: Electric Terrain|[from] ability: Hadron Engine|[of] p1b: Miraidon
|-activate|p2b: Miraidon|ability: Hadron Engine
|-ability|p2a: Incineroar|Intimidate|boost
|-unboost|p1a: Lunala|atk|1
|-unboost|p1b: Miraidon|atk|1
|turn|1
|
|t:|1750779003
|switch|p1b: Ursaluna|Ursaluna, L50, F|100/100
|-terastallize|p2b: Miraidon|Electric
|-terastallize|p1a: Lunala|Fairy
|move|p2a: Incineroar|Fake Out|p1b: Ursaluna
|-damage|p1b: Ursaluna|92/100
|move|p2b: Miraidon|Electro Drift|p1a: Lunala
|-crit|p1a: Lunala
|-damage|p1a: Lunala|30/100
|move|p1a: Lunala|Moonblast|p2b: Miraidon
|-damage|p2b: Miraidon|73/100
|-unboost|p2b: Miraidon|spa|1
|
|-heal|p1a: Lunala|36/100|[from] item: Leftovers
|-status|p1b: Ursaluna|brn|[from] item: Flame Orb
|upkeep
|turn|2
|
|t:|1750779026
|move|p1a: Lunala|Wide Guard|p1a: Lunala
|-singleturn|p1a: Lunala|Wide Guard
|move|p2b: Miraidon|Volt Switch|p1a: Lunala
|-damage|p1a: Lunala|0 fnt
|faint|p1a: Lunala
|
|t:|1750779035
|switch|p2b: Lunala|Lunala, L50|100/100|[from] Volt Switch
|-enditem|p2b: Lunala|Electric Seed
|-boost|p2b: Lunala|def|1|[from] item: Electric Seed
|move|p2a: Incineroar|Parting Shot|p1b: Ursaluna
|-unboost|p1b: Ursaluna|atk|1
|-unboost|p1b: Ursaluna|spa|1
|
|t:|1750779047
|switch|p2a: Chi-Yu|Chi-Yu, L50|100/100|[from] Parting Shot
|-ability|p2a: Chi-Yu|Beads of Ruin
|move|p1b: Ursaluna|Earthquake|p2a: Chi-Yu|[spread] p2a,p2b
|-supereffective|p2a: Chi-Yu
|-damage|p2a: Chi-Yu|0 fnt
|-damage|p2b: Lunala|90/100
|faint|p2a: Chi-Yu
|
|-damage|p1b: Ursaluna|86/100 brn|[from] brn
|upkeep
|
|t:|1750779058
|switch|p2a: Incineroar|Incineroar, L50, F|100/100
|switch|p1a: Miraidon|Miraidon, L50|100/100
|-activate|p1a: Miraidon|ability: Hadron Engine
|-ability|p2a: Incineroar|Intimidate|boost
|-unboost|p1a: Miraidon|atk|1
|-unboost|p1b: Ursaluna|atk|1
|turn|3
|
|t:|1750779078
|switch|p1b: Incineroar|Incineroar, L50, M|100/100
|-ability|p1b: Incineroar|Intimidate|boost
|-unboost|p2a: Incineroar|atk|1
|-unboost|p2b: Lunala|atk|1
|move|p2a: Incineroar|Fake Out|p1a: Miraidon
|-damage|p1a: Miraidon|94/100
|cant|p1a: Miraidon|flinch
|move|p2b: Lunala|Moonblast|p1a: Miraidon
|-supereffective|p1a: Miraidon
|-damage|p1a: Miraidon|28/100
|
|upkeep
|turn|4
|
|t:|1750779097
|move|p1b: Incineroar|Fake Out|p2a: Incineroar
|-damage|p2a: Incineroar|94/100
|-damage|p1b: Incineroar|84/100|[from] item: Rocky Helmet|[of] p2a: Incineroar
|move|p1a: Miraidon|Electro Drift|p2b: Lunala
|-damage|p2b: Lunala|0 fnt
|faint|p2b: Lunala
|cant|p2a: Incineroar|flinch
|
|upkeep
|
|t:|1750779105
|switch|p2b: Miraidon|Miraidon, L50, tera:Electric|73/100
|-activate|p2b: Miraidon|ability: Hadron Engine
|turn|5
|
|t:|1750779125
|move|p1a: Miraidon|Electro Drift|p2a: Incineroar
|-crit|p2a: Incineroar
|-damage|p2a: Incineroar|0 fnt
|-damage|p1a: Miraidon|11/100|[from] item: Rocky Helmet|[of] p2a: Incineroar
|faint|p2a: Incineroar
|move|p2b: Miraidon|Dazzling Gleam|p1a: Miraidon|[spread] p1a,p1b
|-supereffective|p1a: Miraidon
|-damage|p1a: Miraidon|0 fnt
|-damage|p1b: Incineroar|63/100
|faint|p1a: Miraidon
|move|p1b: Incineroar|U-turn|p2b: Miraidon
|-damage|p2b: Miraidon|57/100
|
|t:|1750779137
|switch|p1b: Ursaluna|Ursaluna, L50, F|86/100 brn|[from] U-turn
|
|-damage|p1b: Ursaluna|80/100 brn|[from] brn
|-fieldend|move: Electric Terrain
|upkeep
|
|t:|1750779142
|switch|p1a: Incineroar|Incineroar, L50, M|63/100
|-ability|p1a: Incineroar|Intimidate|boost
|-unboost|p2b: Miraidon|atk|1
|turn|6
|
|t:|1750779153
|move|p1a: Incineroar|Fake Out|p2b: Miraidon
|-damage|p2b: Miraidon|48/100
|cant|p2b: Miraidon|flinch
|move|p1b: Ursaluna|Facade|p2b: Miraidon
|-damage|p2b: Miraidon|0 fnt
|faint|p2b: Miraidon
|
|win|Fredzhangg
|raw|Fredzhangg's rating: 1177 &rarr; <strong>1204</strong><br />(+27 for winning)
|raw|Solrissian's rating: 1203 &rarr; <strong>1176</strong><br />(-27 for losing)
|l|☆Solrissian
|player|p2|
