|j|☆ketchup_with_toast
|j|☆gundi8
|t:|1750851653
|gametype|doubles
|player|p1|ketchup_with_toast|1|1452
|player|p2|gundi8|ethan-gen2|1481
|teamsize|p1|6
|teamsize|p2|6
|gen|9
|tier|[Gen 9] VGC 2025 Reg I
|rated|
|rule|Species Clause: Limit one of each Pokémon
|rule|Item Clause: Limit 1 of each item
|clearpoke
|poke|p1|Miraidon, L50|
|poke|p1|Chi-Yu, L50|
|poke|p1|Groudon, L50|
|poke|p1|Sableye, L50, F|
|poke|p1|Roaring Moon, L50|
|poke|p1|Frosmoth, L50, F|
|poke|p2|Miraidon, L50|
|poke|p2|Zamazenta-*, L50|
|poke|p2|Volcarona, L50, F|
|poke|p2|Chien-Pao, L50|
|poke|p2|Rillaboom, L50, F|
|poke|p2|Ogerpon, L50, F|
|teampreview|4
|inactive|Battle timer is ON: inactive players will automatically lose when time's up. (requested by gundi8)
|inactive|ketchup_with_toast has 60 seconds left.
|inactive|gundi8 has 60 seconds left.
|
|t:|1750851697
|start
|switch|p1a: Sableye|Sableye, L50, F|100/100
|switch|p1b: Groudon|Groudon, L50|100/100
|switch|p2a: Miraidon|Miraidon, L50|100/100
|switch|p2b: Zamazenta|Zamazenta-Crowned, L50|100/100
|-fieldstart|move: Electric Terrain|[from] ability: Hadron Engine|[of] p2a: Miraidon
|-ability|p2b: Zamazenta|Dauntless Shield|boost
|-boost|p2b: Zamazenta|def|1
|-weather|SunnyDay|[from] ability: Drought|[of] p1b: Groudon
|turn|1
|
|t:|1750851717
|move|p2b: Zamazenta|Wide Guard|p2b: Zamazenta
|-singleturn|p2b: Zamazenta|Wide Guard
|move|p1a: Sableye|Fake Out|p2b: Zamazenta
|-resisted|p2b: Zamazenta
|-damage|p2b: Zamazenta|99/100
|move|p2a: Miraidon|Draco Meteor|p1b: Groudon
|-damage|p1b: Groudon|12/100
|-unboost|p2a: Miraidon|spa|2
|move|p1b: Groudon|Precipice Blades|p2a: Miraidon|[spread] 
|-activate|p2a: Miraidon|move: Wide Guard
|-activate|p2b: Zamazenta|move: Wide Guard
|
|-weather|SunnyDay|[upkeep]
|upkeep
|turn|2
|inactive|ketchup_with_toast has 30 seconds left.
|inactive|gundi8 has 30 seconds left.
|inactive|gundi8 has 20 seconds left.
|
|t:|1750851752
|move|p1b: Groudon|Protect|p1b: Groudon
|-singleturn|p1b: Groudon|Protect
|move|p1a: Sableye|Thunder Wave|p2b: Zamazenta
|-status|p2b: Zamazenta|par
|move|p2a: Miraidon|Draco Meteor|p1a: Sableye
|-damage|p1a: Sableye|31/100
|-unboost|p2a: Miraidon|spa|2
|move|p2b: Zamazenta|Body Press|p1b: Groudon
|-activate|p1b: Groudon|move: Protect
|
|-weather|SunnyDay|[upkeep]
|upkeep
|turn|3
|
|t:|1750851774
|move|p2a: Miraidon|Draco Meteor|p1b: Groudon
|-damage|p1b: Groudon|0 fnt
|-unboost|p2a: Miraidon|spa|2
|faint|p1b: Groudon
|move|p2b: Zamazenta|Body Press|p1a: Sableye
|-immune|p1a: Sableye
|move|p1a: Sableye|Foul Play|p2a: Miraidon
|-damage|p2a: Miraidon|75/100
|
|-weather|SunnyDay|[upkeep]
|upkeep
|
|t:|1750851787
|switch|p1b: Miraidon|Miraidon, L50|100/100
|-activate|p1b: Miraidon|ability: Hadron Engine
|turn|4
|l|☆ketchup_with_toast
|inactive|ketchup_with_toast disconnected and has a minute to reconnect!
|player|p1|
|j|☆ketchup_with_toast
|inactive|ketchup_with_toast reconnected and has 35 seconds left.
|player|p1|ketchup_with_toast|1|
|inactive|ketchup_with_toast has 30 seconds left.
|
|t:|1750851819
|switch|p2a: Volcarona|Volcarona, L50, F, shiny|100/100
|-enditem|p2a: Volcarona|Electric Seed
|-boost|p2a: Volcarona|def|1|[from] item: Electric Seed
|-terastallize|p1b: Miraidon|Fairy
|move|p1b: Miraidon|Electro Drift|p2b: Zamazenta
|-damage|p2b: Zamazenta|13/100 par
|-damage|p1b: Miraidon|91/100|[from] item: Life Orb
|move|p1a: Sableye|Foul Play|p2a: Volcarona
|-damage|p2a: Volcarona|88/100
|move|p2b: Zamazenta|Behemoth Bash|p1a: Sableye
|-damage|p1a: Sableye|0 fnt
|faint|p1a: Sableye
|
|-weather|SunnyDay|[upkeep]
|upkeep
|
|t:|1750851840
|switch|p1a: Chi-Yu|Chi-Yu, L50|100/100
|-ability|p1a: Chi-Yu|Beads of Ruin
|turn|5
|
|t:|1750851868
|move|p1b: Miraidon|Protect|p1b: Miraidon
|-singleturn|p1b: Miraidon|Protect
|move|p2a: Volcarona|Protect|p2a: Volcarona
|-singleturn|p2a: Volcarona|Protect
|move|p1a: Chi-Yu|Heat Wave|p2a: Volcarona|[spread] p2b
|-activate|p2a: Volcarona|move: Protect
|-supereffective|p2b: Zamazenta
|-damage|p2b: Zamazenta|0 fnt
|faint|p2b: Zamazenta
|
|-weather|none
|-fieldend|move: Electric Terrain
|upkeep
|
|t:|1750851875
|switch|p2b: Miraidon|Miraidon, L50|75/100
|-fieldstart|move: Electric Terrain|[from] ability: Hadron Engine|[of] p2b: Miraidon
|turn|6
|
|t:|1750851893
|-terastallize|p2b: Miraidon|Electric
|move|p2b: Miraidon|Electro Drift|p1a: Chi-Yu
|-damage|p1a: Chi-Yu|0 fnt
|faint|p1a: Chi-Yu
|move|p1b: Miraidon|Dazzling Gleam|p2a: Volcarona|[spread] p2a,p2b
|-resisted|p2a: Volcarona
|-damage|p2a: Volcarona|65/100
|-damage|p2b: Miraidon|26/100
|-damage|p1b: Miraidon|81/100|[from] item: Life Orb
|move|p2a: Volcarona|Quiver Dance|p2a: Volcarona
|-boost|p2a: Volcarona|spa|1
|-boost|p2a: Volcarona|spd|1
|-boost|p2a: Volcarona|spe|1
|
|upkeep
|turn|7
|-message|ketchup_with_toast forfeited.
|
|win|gundi8
|raw|ketchup_with_toast's rating: 1452 &rarr; <strong>1434</strong><br />(-18 for losing)
|raw|gundi8's rating: 1481 &rarr; <strong>1499</strong><br />(+18 for winning)
