|j|☆ShoRii
|j|☆Lumber One
|t:|1750769427
|gametype|doubles
|player|p1|ShoRii|drayden|1303
|player|p2|Lumber One|skier|1352
|teamsize|p1|6
|teamsize|p2|6
|gen|9
|tier|[Gen 9] VGC 2025 Reg I
|rated|
|rule|Species Clause: Limit one of each Pokémon
|rule|Item Clause: Limit 1 of each item
|clearpoke
|poke|p1|Sandy Shocks, L50|
|poke|p1|Incineroar, L50, F|
|poke|p1|Iron Hands, L50|
|poke|p1|Lilligant-Hisui, L50, F|
|poke|p1|Lunala, L50|
|poke|p1|Groudon, L50|
|poke|p2|Groudon, L50|
|poke|p2|Indeedee-F, L50, F|
|poke|p2|Amoonguss, L50, F|
|poke|p2|Lunala, L50|
|poke|p2|Flutter Mane, L50|
|poke|p2|Chi-Yu, L50|
|teampreview|4
|inactive|Battle timer is ON: inactive players will automatically lose when time's up. (requested by ShoRii)
|inactive|Lumber One has 60 seconds left.
|
|t:|1750769461
|start
|switch|p1a: Lilligant|Lilligant-Hisui, L50, F|100/100
|switch|p1b: Sandy Shocks|Sandy Shocks, L50|100/100
|switch|p2a: G-Unit|Groudon, L50, shiny|100/100
|switch|p2b: Better Gengar|Flutter Mane, L50, shiny|100/100
|-weather|SunnyDay|[from] ability: Drought|[of] p2a: G-Unit
|-activate|p2b: Better Gengar|ability: Protosynthesis
|-start|p2b: Better Gengar|protosynthesisspe
|-activate|p1b: Sandy Shocks|ability: Protosynthesis
|-start|p1b: Sandy Shocks|protosynthesisspe
|turn|1
|inactive|Lumber One has 30 seconds left.
|
|t:|1750769492
|move|p1a: Lilligant|Sleep Powder|p2b: Better Gengar|[miss]
|-miss|p1a: Lilligant|p2b: Better Gengar
|move|p2b: Better Gengar|Taunt|p1a: Lilligant
|-start|p1a: Lilligant|move: Taunt
|move|p1b: Sandy Shocks|Gravity|p1b: Sandy Shocks
|-fieldstart|move: Gravity
|move|p2a: G-Unit|Precipice Blades|p1b: Sandy Shocks|[spread] p1a,p1b
|-resisted|p1a: Lilligant
|-supereffective|p1b: Sandy Shocks
|-damage|p1a: Lilligant|63/100
|-damage|p1b: Sandy Shocks|0 fnt
|faint|p1b: Sandy Shocks
|-end|p1b: Sandy Shocks|Protosynthesis|[silent]
|
|-weather|SunnyDay|[upkeep]
|upkeep
|
|t:|1750769504
|switch|p1b: Groudon|Groudon, L50|100/100
|turn|2
|
|t:|1750769510
|move|p1a: Lilligant|Leaf Blade|p2a: G-Unit
|-supereffective|p2a: G-Unit
|-damage|p2a: G-Unit|31/100
|move|p2b: Better Gengar|Icy Wind|p1b: Groudon|[spread] p1a,p1b
|-supereffective|p1a: Lilligant
|-supereffective|p1b: Groudon
|-damage|p1a: Lilligant|18/100
|-damage|p1b: Groudon|71/100
|-unboost|p1a: Lilligant|spe|1
|move|p2a: G-Unit|Precipice Blades|p1a: Lilligant|[spread] p1a,p1b
|-resisted|p1a: Lilligant
|-crit|p1b: Groudon
|-damage|p1a: Lilligant|0 fnt
|-damage|p1b: Groudon|7/100
|faint|p1a: Lilligant
|move|p1b: Groudon|Precipice Blades|p2b: Better Gengar|[spread] p2a,p2b
|-damage|p2a: G-Unit|0 fnt
|-enditem|p2b: Better Gengar|Focus Sash
|-damage|p2b: Better Gengar|1/100
|faint|p2a: G-Unit
|
|-weather|SunnyDay|[upkeep]
|upkeep
|
|t:|1750769532
|switch|p1a: Lunala|Lunala, L50|100/100
|switch|p2a: Batgirl|Lunala, L50, shiny|100/100
|turn|3
|
|t:|1750769553
|-terastallize|p1a: Lunala|Fairy
|move|p1b: Groudon|Protect|p1b: Groudon
|-singleturn|p1b: Groudon|Protect
|move|p2a: Batgirl|Protect|p2a: Batgirl
|-singleturn|p2a: Batgirl|Protect
|move|p2b: Better Gengar|Icy Wind|p1b: Groudon|[spread] p1a
|-activate|p1b: Groudon|move: Protect
|-damage|p1a: Lunala|95/100
|-unboost|p1a: Lunala|spe|1
|move|p1a: Lunala|Meteor Beam||[still]
|-prepare|p1a: Lunala|Meteor Beam
|-boost|p1a: Lunala|spa|1
|-enditem|p1a: Lunala|Power Herb
|-anim|p1a: Lunala|Meteor Beam|p2b: Better Gengar
|-damage|p2b: Better Gengar|0 fnt
|faint|p2b: Better Gengar
|-end|p2b: Better Gengar|Protosynthesis|[silent]
|
|-weather|SunnyDay|[upkeep]
|upkeep
|
|t:|1750769573
|switch|p2b: Fluffy|Indeedee-F, L50, F|100/100
|-fieldstart|move: Psychic Terrain|[from] ability: Psychic Surge|[of] p2b: Fluffy
|turn|4
|
|t:|1750769592
|-terastallize|p2a: Batgirl|Psychic
|move|p1b: Groudon|Precipice Blades|p2b: Fluffy|[spread] p2a,p2b
|-damage|p2a: Batgirl|77/100
|-damage|p2b: Fluffy|50/100
|move|p2a: Batgirl|Expanding Force|p1b: Groudon|[spread] p1a,p1b
|-damage|p1a: Lunala|18/100
|-damage|p1b: Groudon|0 fnt
|faint|p1b: Groudon
|move|p1a: Lunala|Moonblast|p2b: Fluffy
|-damage|p2b: Fluffy|0 fnt
|faint|p2b: Fluffy
|
|-weather|SunnyDay|[upkeep]
|upkeep
|turn|5
|inactive|ShoRii has 30 seconds left.
|inactive|ShoRii has 20 seconds left.
|
|t:|1750769630
|move|p2a: Batgirl|Moongeist Beam|p1a: Lunala
|-damage|p1a: Lunala|0 fnt
|faint|p1a: Lunala
|
|win|Lumber One
|raw|ShoRii's rating: 1303 &rarr; <strong>1286</strong><br />(-17 for losing)
|raw|Lumber One's rating: 1352 &rarr; <strong>1369</strong><br />(+17 for winning)
|l|☆Lumber One
|player|p2|
|l|☆ShoRii
|player|p1|
