|j|☆navinsachump
|j|☆Snowball_seer
|t:|1750767243
|gametype|doubles
|player|p1|navinsachump|2|1480
|player|p2|Snowball_seer|allister-masters|1507
|teamsize|p1|6
|teamsize|p2|6
|gen|9
|tier|[Gen 9] VGC 2025 Reg I
|rated|
|rule|Species Clause: Limit one of each Pokémon
|rule|Item Clause: Limit 1 of each item
|clearpoke
|poke|p1|Miraidon, L50|
|poke|p1|Lunala, L50|
|poke|p1|Whimsicott, L50, F|
|poke|p1|Chi-Yu, L50|
|poke|p1|Urshifu-*, L50, M|
|poke|p1|Iron Hands, L50|
|poke|p2|Calyrex-Shadow, L50|
|poke|p2|Zamazenta-*, L50|
|poke|p2|Chien-Pao, L50|
|poke|p2|Raging Bolt, L50|
|poke|p2|Ogerpon-Hearthflame, L50, F|
|poke|p2|Amoonguss, L50, F|
|teampreview|4
Snowball_seer has agreed to open team sheets.
|j| lost_fighter
navinsachump has agreed to open team sheets.
|showteam|p1|Miraidon||ChoiceSpecs|HadronEngine|VoltSwitch,ElectroDrift,DracoMeteor,DazzlingGleam||||||50|,,,,,Fairy]Lunala||ElectricSeed|ShadowShield|MoongeistBeam,Psychic,TrickRoom,WideGuard||||||50|,,,,,Water]Whimsicott||CovertCloak|Prankster|Moonblast,Encore,Tailwind,LightScreen|||F|||50|,,,,,Dark]Chi-Yu||ChoiceScarf|BeadsofRuin|HeatWave,Snarl,DarkPulse,Overheat||||||50|,,,,,Ghost]Urshifu-Rapid-Strike||FocusSash|UnseenFist|SurgingStrikes,AquaJet,CloseCombat,Detect|||M|||50|,,,,,Stellar]Iron Hands||AssaultVest|QuarkDrive|FakeOut,DrainPunch,LowKick,HeavySlam||||||50|,,,,,Water
|showteam|p2|Calyrex-Shadow||FocusSash|AsOneSpectrier|Protect,AstralBarrage,Psychic,Taunt||||||50|,,,,,Ghost]Zamazenta-Crowned||RustedShield|DauntlessShield|Protect,BodyPress,behemothbash,WideGuard||||||50|,,,,,Water]Chien-Pao||LifeOrb|SwordofRuin|Protect,IceSpinner,SacredSword,SuckerPunch||||||50|,,,,,Stellar]Raging Bolt||BoosterEnergy|Protosynthesis|Protect,Thunderbolt,DragonPulse,Thunderclap||||||50|,,,,,Fairy]Ogerpon-Hearthflame||HearthflameMask|MoldBreaker|SpikyShield,IvyCudgel,WoodHammer,FollowMe|||F|||50|,,,,,Fire]Amoonguss||SitrusBerry|Regenerator|Protect,Spore,SludgeBomb,RagePowder|||F|||50|,,,,,Water
|l| lost_fighter
|
|t:|1750767293
|start
|switch|p1a: Chi-Yu|Chi-Yu, L50|100/100
|switch|p1b: Lunala|Lunala, L50|100/100
|switch|p2a: Mugen|Calyrex-Shadow, L50|100/100
|switch|p2b: Olberic|Zamazenta-Crowned, L50|100/100
|-ability|p2a: Mugen|As One
|-ability|p2a: Mugen|Unnerve
|-ability|p1a: Chi-Yu|Beads of Ruin
|-ability|p2b: Olberic|Dauntless Shield|boost
|-boost|p2b: Olberic|def|1
|turn|1
|inactive|Battle timer is ON: inactive players will automatically lose when time's up. (requested by navinsachump)
|
|t:|1750767322
|-terastallize|p1b: Lunala|Water
|move|p2a: Mugen|Protect|p2a: Mugen
|-singleturn|p2a: Mugen|Protect
|move|p2b: Olberic|Protect|p2b: Olberic
|-singleturn|p2b: Olberic|Protect
|move|p1a: Chi-Yu|Dark Pulse|p2a: Mugen
|-activate|p2a: Mugen|move: Protect
|move|p1b: Lunala|Trick Room|p1b: Lunala
|-fieldstart|move: Trick Room|[of] p1b: Lunala
|
|upkeep
|turn|2
|inactive|navinsachump has 30 seconds left.
|inactive|Snowball_seer has 30 seconds left.
|
|t:|1750767356
|switch|p2a: Linde|Chien-Pao, L50|100/100
|-ability|p2a: Linde|Sword of Ruin
|switch|p1a: Iron Hands|Iron Hands, L50|100/100
|move|p1b: Lunala|Moongeist Beam|p2a: Linde
|-resisted|p2a: Linde
|-damage|p2a: Linde|56/100
|move|p2b: Olberic|Body Press|p1a: Iron Hands
|-damage|p1a: Iron Hands|42/100
|
|upkeep
|turn|3
|
|t:|1750767378
|move|p2b: Olberic|Protect|p2b: Olberic
|-singleturn|p2b: Olberic|Protect
|move|p2a: Linde|Protect|p2a: Linde
|-singleturn|p2a: Linde|Protect
|move|p1a: Iron Hands|Drain Punch|p2b: Olberic
|-activate|p2b: Olberic|move: Protect
|move|p1b: Lunala|Moongeist Beam|p2b: Olberic
|-activate|p2b: Olberic|move: Protect
|
|upkeep
|turn|4
|inactive|Snowball_seer has 30 seconds left.
|inactive|Snowball_seer has 20 seconds left.
|inactive|Snowball_seer has 15 seconds left.
|
|t:|1750767419
|switch|p2a: Laxus|Raging Bolt, L50|100/100
|-enditem|p2a: Laxus|Booster Energy
|-activate|p2a: Laxus|ability: Protosynthesis|[fromitem]
|-start|p2a: Laxus|protosynthesisspa
|move|p1a: Iron Hands|Drain Punch|p2a: Laxus
|-damage|p2a: Laxus|67/100
|-heal|p1a: Iron Hands|56/100|[from] drain|[of] p2a: Laxus
|move|p1b: Lunala|Moongeist Beam|p2a: Laxus
|-damage|p2a: Laxus|12/100
|move|p2b: Olberic|Body Press|p1a: Iron Hands
|-damage|p1a: Iron Hands|11/100
|
|upkeep
|turn|5
|inactive|navinsachump has 30 seconds left.
|inactive|navinsachump has 20 seconds left.
|
|t:|1750767459
|-end|p1a: Iron Hands|Quark Drive|[silent]
|switch|p1a: Chi-Yu|Chi-Yu, L50|100/100
|-ability|p1a: Chi-Yu|Beads of Ruin
|move|p2a: Laxus|Protect|p2a: Laxus
|-singleturn|p2a: Laxus|Protect
|move|p1b: Lunala|Moongeist Beam|p2a: Laxus
|-activate|p2a: Laxus|move: Protect
|move|p2b: Olberic|Body Press|p1a: Chi-Yu
|-supereffective|p1a: Chi-Yu
|-crit|p1a: Chi-Yu
|-damage|p1a: Chi-Yu|0 fnt
|faint|p1a: Chi-Yu
|
|-fieldend|move: Trick Room
|upkeep
|
|t:|1750767476
|switch|p1a: Miraidon|Miraidon, L50|100/100
|-fieldstart|move: Electric Terrain|[from] ability: Hadron Engine|[of] p1a: Miraidon
|-enditem|p1b: Lunala|Electric Seed
|-boost|p1b: Lunala|def|1|[from] item: Electric Seed
|turn|6
|
|t:|1750767491
|move|p1a: Miraidon|Volt Switch|p2a: Laxus
|-resisted|p2a: Laxus
|-damage|p2a: Laxus|0 fnt
|faint|p2a: Laxus
|-end|p2a: Laxus|Protosynthesis|[silent]
|
|t:|1750767494
|switch|p1a: Iron Hands|Iron Hands, L50|11/100|[from] Volt Switch
|-activate|p1a: Iron Hands|ability: Quark Drive
|-start|p1a: Iron Hands|quarkdriveatk
|move|p2b: Olberic|Body Press|p1a: Iron Hands
|-damage|p1a: Iron Hands|0 fnt
|faint|p1a: Iron Hands
|-end|p1a: Iron Hands|Quark Drive|[silent]
|move|p1b: Lunala|Trick Room|p1b: Lunala
|-fieldstart|move: Trick Room|[of] p1b: Lunala
|
|upkeep
|
|t:|1750767505
|switch|p1a: Miraidon|Miraidon, L50|100/100
|switch|p2a: Linde|Chien-Pao, L50|56/100
|-activate|p1a: Miraidon|ability: Hadron Engine
|-ability|p2a: Linde|Sword of Ruin
|turn|7
|inactive|Snowball_seer has 30 seconds left.
|
|t:|1750767538
|move|p2b: Olberic|Protect|p2b: Olberic
|-singleturn|p2b: Olberic|Protect
|move|p2a: Linde|Sucker Punch|p1a: Miraidon
|-damage|p1a: Miraidon|38/100
|-damage|p2a: Linde|46/100|[from] item: Life Orb
|move|p1b: Lunala|Moongeist Beam|p2b: Olberic
|-activate|p2b: Olberic|move: Protect
|move|p1a: Miraidon|Electro Drift|p2a: Linde
|-damage|p2a: Linde|0 fnt
|faint|p2a: Linde
|
|upkeep
|
|t:|1750767551
|switch|p2a: Mugen|Calyrex-Shadow, L50|100/100
|-ability|p2a: Mugen|As One
|-ability|p2a: Mugen|Unnerve
|turn|8
|
|t:|1750767559
|-terastallize|p2a: Mugen|Ghost
|move|p1b: Lunala|Moongeist Beam|p2a: Mugen
|-supereffective|p2a: Mugen
|-enditem|p2a: Mugen|Focus Sash
|-damage|p2a: Mugen|1/100
|move|p2b: Olberic|Body Press|p1a: Miraidon
|-damage|p1a: Miraidon|0 fnt
|faint|p1a: Miraidon
|move|p2a: Mugen|Astral Barrage|p1b: Lunala
|-damage|p1b: Lunala|66/100
|
|upkeep
|turn|9
|
|t:|1750767578
|move|p1b: Lunala|Moongeist Beam|p2b: Olberic
|-damage|p2b: Olberic|66/100
|move|p2b: Olberic|Body Press|p1b: Lunala
|-damage|p1b: Lunala|28/100
|move|p2a: Mugen|Astral Barrage|p1b: Lunala
|-damage|p1b: Lunala|0 fnt
|faint|p1b: Lunala
|
|win|Snowball_seer
|raw|navinsachump's rating: 1480 &rarr; <strong>1462</strong><br />(-18 for losing)
|raw|Snowball_seer's rating: 1507 &rarr; <strong>1525</strong><br />(+18 for winning)
|l|☆navinsachump
|player|p1|
|l|☆Snowball_seer
|player|p2|
