|j|☆Vinegar_it_is
|j|☆reptar1995
|t:|1750740777
|gametype|doubles
|player|p1|Vinegar_it_is|169|1426
|player|p2|reptar1995|1|1396
|teamsize|p1|6
|teamsize|p2|6
|gen|9
|tier|[Gen 9] VGC 2025 Reg I
|rated|
|rule|Species Clause: Limit one of each Pokémon
|rule|Item Clause: Limit 1 of each item
|clearpoke
|poke|p1|Lunala, L50|
|poke|p1|Zamazenta-*, L50|
|poke|p1|Zoroark-Hisui, L50, F|
|poke|p1|Ogerpon-Wellspring, L50, F|
|poke|p1|Ursaluna, L50, F|
|poke|p1|Whimsicott, L50, F|
|poke|p2|Whimsicott, L50, M|
|poke|p2|Zamazenta-*, L50|
|poke|p2|Calyrex-Shadow, L50|
|poke|p2|Rillaboom, L50, F|
|poke|p2|Raging Bolt, L50|
|poke|p2|Ninetales-Alola, L50, F|
|teampreview|4
|inactive|Battle timer is ON: inactive players will automatically lose when time's up. (requested by reptar1995)
|inactive|Vinegar_it_is has 60 seconds left.
|inactive|reptar1995 has 60 seconds left.
|inactive|Vinegar_it_is has 30 seconds left.
|
|t:|1750740841
|start
|switch|p1a: Whimsicott|Whimsicott, L50, F|100/100
|switch|p1b: Zamazenta|Zamazenta-Crowned, L50|100/100
|switch|p2a: Rillaboom|Rillaboom, L50, F|100/100
|switch|p2b: Ninetales|Ninetales-Alola, L50, F|100/100
|-weather|Snowscape|[from] ability: Snow Warning|[of] p2b: Ninetales
|-ability|p1b: Zamazenta|Dauntless Shield|boost
|-boost|p1b: Zamazenta|def|1
|-fieldstart|move: Grassy Terrain|[from] ability: Grassy Surge|[of] p2a: Rillaboom
|turn|1
|inactive|Vinegar_it_is has 30 seconds left.
|
|t:|1750740872
|move|p2a: Rillaboom|Fake Out|p1b: Zamazenta
|-resisted|p1b: Zamazenta
|-damage|p1b: Zamazenta|97/100
|move|p1a: Whimsicott|Flamethrower|p2a: Rillaboom
|-supereffective|p2a: Rillaboom
|-damage|p2a: Rillaboom|24/100
|move|p2b: Ninetales|Blizzard|p1b: Zamazenta|[spread] p1a,p1b
|-resisted|p1b: Zamazenta
|-damage|p1a: Whimsicott|37/100
|-damage|p1b: Zamazenta|87/100
|replace|p1a: Zoroark|Zoroark-Hisui, L50, F
|-end|p1a: Zoroark|Illusion
|cant|p1b: Zamazenta|flinch
|
|-weather|Snowscape|[upkeep]
|-heal|p1a: Zoroark|44/100|[from] Grassy Terrain
|-heal|p1b: Zamazenta|93/100|[from] Grassy Terrain
|-heal|p2a: Rillaboom|30/100|[from] Grassy Terrain
|upkeep
|turn|2
|
|t:|1750740892
|move|p2a: Rillaboom|Grassy Glide|p1a: Zoroark
|-crit|p1a: Zoroark
|-damage|p1a: Zoroark|0 fnt
|faint|p1a: Zoroark
|move|p2b: Ninetales|Aurora Veil|p2b: Ninetales
|-sidestart|p2: reptar1995|move: Aurora Veil
|move|p1b: Zamazenta|Heavy Slam|p2b: Ninetales
|-supereffective|p2b: Ninetales
|-enditem|p2b: Ninetales|Focus Sash
|-damage|p2b: Ninetales|1/100
|
|-weather|Snowscape|[upkeep]
|-heal|p2b: Ninetales|7/100|[from] Grassy Terrain
|-heal|p1b: Zamazenta|99/100|[from] Grassy Terrain
|-heal|p2a: Rillaboom|35/100|[from] Grassy Terrain
|upkeep
|
|t:|1750740915
|switch|p1a: Whimsicott|Whimsicott, L50, F|100/100
|turn|3
|
|t:|1750740924
|move|p1a: Whimsicott|Encore|p2b: Ninetales
|-start|p2b: Ninetales|Encore
|move|p2b: Ninetales|Aurora Veil||[still]
|-fail|p2b: Ninetales
|move|p1b: Zamazenta|Body Press|p2a: Rillaboom
|-damage|p2a: Rillaboom|0 fnt
|faint|p2a: Rillaboom
|
|-weather|Snowscape|[upkeep]
|-heal|p2b: Ninetales|13/100|[from] Grassy Terrain
|-heal|p1b: Zamazenta|100/100|[from] Grassy Terrain
|upkeep
|
|t:|1750740935
|switch|p2a: Calyrex|Calyrex-Shadow, L50|100/100
|-ability|p2a: Calyrex|As One
|-ability|p2a: Calyrex|Unnerve
|turn|4
|
|t:|1750740958
|switch|p2b: Zamazenta|Zamazenta-Crowned, L50|100/100
|-ability|p2b: Zamazenta|Dauntless Shield|boost
|-boost|p2b: Zamazenta|def|1
|move|p1a: Whimsicott|Tailwind|p1a: Whimsicott
|-sidestart|p1: Vinegar_it_is|move: Tailwind
|move|p1b: Zamazenta|Heavy Slam|p2a: Calyrex
|-damage|p2a: Calyrex|60/100
|move|p2a: Calyrex|Psychic|p1b: Zamazenta
|-damage|p1b: Zamazenta|51/100
|-damage|p2a: Calyrex|50/100|[from] item: Life Orb
|
|-weather|Snowscape|[upkeep]
|-heal|p1b: Zamazenta|57/100|[from] Grassy Terrain
|-heal|p2a: Calyrex|56/100|[from] Grassy Terrain
|upkeep
|turn|5
|inactive|Vinegar_it_is has 30 seconds left.
|inactive|reptar1995 has 30 seconds left.
|inactive|Vinegar_it_is has 20 seconds left.
|inactive|Vinegar_it_is has 15 seconds left.
|
|t:|1750741001
|move|p2a: Calyrex|Protect|p2a: Calyrex
|-singleturn|p2a: Calyrex|Protect
|move|p1b: Zamazenta|Heavy Slam|p2a: Calyrex
|-activate|p2a: Calyrex|move: Protect
|move|p1a: Whimsicott|Moonblast|p2a: Calyrex
|-activate|p2a: Calyrex|move: Protect
|move|p2b: Zamazenta|Heavy Slam|p1a: Whimsicott
|-supereffective|p1a: Whimsicott
|-enditem|p1a: Whimsicott|Focus Sash
|-damage|p1a: Whimsicott|1/100
|
|-weather|none
|-heal|p1b: Zamazenta|63/100|[from] Grassy Terrain
|-heal|p1a: Whimsicott|7/100|[from] Grassy Terrain
|-heal|p2a: Calyrex|62/100|[from] Grassy Terrain
|-fieldend|move: Grassy Terrain
|upkeep
|turn|6
|inactive|Vinegar_it_is has 30 seconds left.
|inactive|reptar1995 has 30 seconds left.
|
|t:|1750741029
|switch|p2a: Ninetales|Ninetales-Alola, L50, F|13/100
|-weather|Snowscape|[from] ability: Snow Warning|[of] p2a: Ninetales
|move|p1b: Zamazenta|Body Press|p2b: Zamazenta
|-supereffective|p2b: Zamazenta
|-damage|p2b: Zamazenta|68/100
|move|p1a: Whimsicott|Moonblast|p2a: Ninetales
|-damage|p2a: Ninetales|0 fnt
|faint|p2a: Ninetales
|move|p2b: Zamazenta|Body Press|p1b: Zamazenta
|-supereffective|p1b: Zamazenta
|-damage|p1b: Zamazenta|11/100
|
|-weather|Snowscape|[upkeep]
|-sideend|p2: reptar1995|move: Aurora Veil
|upkeep
|
|t:|1750741043
|switch|p2a: Calyrex|Calyrex-Shadow, L50|62/100
|-ability|p2a: Calyrex|As One
|-ability|p2a: Calyrex|Unnerve
|turn|7
|
|t:|1750741062
|move|p1b: Zamazenta|Protect|p1b: Zamazenta
|-singleturn|p1b: Zamazenta|Protect
|move|p2a: Calyrex|Protect|p2a: Calyrex
|-singleturn|p2a: Calyrex|Protect
|move|p1a: Whimsicott|Moonblast|p2a: Calyrex
|-activate|p2a: Calyrex|move: Protect
|move|p2b: Zamazenta|Body Press|p1b: Zamazenta
|-activate|p1b: Zamazenta|move: Protect
|
|-weather|Snowscape|[upkeep]
|-sideend|p1: Vinegar_it_is|move: Tailwind
|upkeep
|turn|8
|inactive|Vinegar_it_is has 30 seconds left.
|inactive|reptar1995 has 30 seconds left.
|inactive|Vinegar_it_is has 20 seconds left.
|inactive|Vinegar_it_is has 15 seconds left.
|inactive|Vinegar_it_is has 10 seconds left.
|
|t:|1750741109
|-terastallize|p2a: Calyrex|Dark
|move|p1a: Whimsicott|Tailwind|p1a: Whimsicott
|-sidestart|p1: Vinegar_it_is|move: Tailwind
|move|p1b: Zamazenta|Body Press|p2b: Zamazenta
|-supereffective|p2b: Zamazenta
|-damage|p2b: Zamazenta|20/100
|move|p2a: Calyrex|Astral Barrage|p1b: Zamazenta|[spread] p1a,p1b
|-damage|p1a: Whimsicott|0 fnt
|-damage|p1b: Zamazenta|0 fnt
|faint|p1a: Whimsicott
|faint|p1b: Zamazenta
|-ability|p2a: Calyrex|Grim Neigh|boost
|-boost|p2a: Calyrex|spa|2
|-damage|p2a: Calyrex|52/100|[from] item: Life Orb
|move|p2b: Zamazenta|Heavy Slam|p1: Whimsicott|[notarget]
|-fail|p2b: Zamazenta
|
|-weather|Snowscape|[upkeep]
|upkeep
|inactive|Vinegar_it_is has 30 seconds left.
|inactive|Vinegar_it_is has 20 seconds left.
|
|t:|1750741144
|switch|p1b: Lunala|Lunala, L50|100/100
|turn|9
|
|t:|1750741161
|-terastallize|p1b: Lunala|Fairy
|move|p2a: Calyrex|Protect|p2a: Calyrex
|-singleturn|p2a: Calyrex|Protect
|move|p1b: Lunala|Dazzling Gleam|p2b: Zamazenta|[spread] p2b
|-activate|p2a: Calyrex|move: Protect
|-damage|p2b: Zamazenta|0 fnt
|faint|p2b: Zamazenta
|
|-weather|Snowscape|[upkeep]
|upkeep
|turn|10
|
|t:|1750741176
|move|p2a: Calyrex|Astral Barrage|p1b: Lunala
|-damage|p1b: Lunala|35/100
|-damage|p2a: Calyrex|42/100|[from] item: Life Orb
|move|p1b: Lunala|Dazzling Gleam|p2a: Calyrex
|-supereffective|p2a: Calyrex
|-damage|p2a: Calyrex|0 fnt
|faint|p2a: Calyrex
|
|win|Vinegar_it_is
|raw|Vinegar_it_is's rating: 1426 &rarr; <strong>1444</strong><br />(+18 for winning)
|raw|reptar1995's rating: 1396 &rarr; <strong>1378</strong><br />(-18 for losing)
|l|☆reptar1995
|player|p2|
|l|☆Vinegar_it_is
|player|p1|
