|j|☆Dtb33
|j|☆damuBOSS
|t:|1750826344
|gametype|doubles
|player|p1|Dtb33|2|1199
|player|p2|damuBOSS|steven|1210
|teamsize|p1|6
|teamsize|p2|6
|gen|9
|tier|[Gen 9] VGC 2025 Reg I
|rated|
|rule|Species Clause: Limit one of each Pokémon
|rule|Item Clause: Limit 1 of each item
|clearpoke
|poke|p1|Smeargle, L50, F|
|poke|p1|Calyrex-Ice, L50|
|poke|p1|Miraidon, L50|
|poke|p1|Sinistcha-Masterpiece, L50|
|poke|p1|Urshifu-*, L50, M|
|poke|p1|Regigigas, L50|
|poke|p2|Zamazenta-*, L50|
|poke|p2|Calyrex-Shadow, L50|
|poke|p2|Raging Bolt, L50|
|poke|p2|Rillaboom, L50, F|
|poke|p2|Chien-Pao, L50|
|poke|p2|Amoonguss, L50, F|
|teampreview|4
|inactive|Battle timer is ON: inactive players will automatically lose when time's up. (requested by Dtb33)
|inactive|damuBOSS has 60 seconds left.
|
|t:|1750826388
|start
|switch|p1a: Smeargle|Smeargle, L50, F|100/100
|switch|p1b: Regigigas|Regigigas, L50|100/100
|switch|p2a: Zamazenta|Zamazenta-Crowned, L50, shiny|100/100
|switch|p2b: Calyrex|Calyrex-Shadow, L50|100/100
|-ability|p2b: Calyrex|As One
|-ability|p2b: Calyrex|Unnerve
|-ability|p2a: Zamazenta|Dauntless Shield|boost
|-boost|p2a: Zamazenta|def|1
|-start|p1b: Regigigas|ability: Slow Start
|turn|1
|inactive|Dtb33 has 30 seconds left.
|inactive|damuBOSS has 30 seconds left.
|
|t:|1750826418
|-terastallize|p2b: Calyrex|Normal
|-terastallize|p1a: Smeargle|Ghost
|move|p2b: Calyrex|Astral Barrage|p1a: Smeargle|[spread] p1a
|-immune|p1b: Regigigas
|-supereffective|p1a: Smeargle
|-enditem|p1a: Smeargle|Focus Sash
|-damage|p1a: Smeargle|1/100
|move|p2a: Zamazenta|Body Press|p1a: Smeargle
|-immune|p1a: Smeargle
|move|p1a: Smeargle|Skill Swap|p1b: Regigigas
|-activate|p1a: Smeargle|move: Skill Swap|||[of] p1b: Regigigas
|-end|p1b: Regigigas|Slow Start|[silent]
|-start|p1a: Smeargle|ability: Slow Start
|move|p1b: Regigigas|High Horsepower|p2a: Zamazenta
|-supereffective|p2a: Zamazenta
|-damage|p2a: Zamazenta|69/100
|
|-ability|p1b: Regigigas|Moody|boost
|-boost|p1b: Regigigas|def|2
|-unboost|p1b: Regigigas|atk|1
|upkeep
|turn|2
|inactive|Dtb33 has 30 seconds left.
|inactive|damuBOSS has 30 seconds left.
|inactive|Dtb33 has 20 seconds left.
|inactive|damuBOSS has 20 seconds left.
|inactive|damuBOSS has 15 seconds left.
|
|t:|1750826459
|move|p1b: Regigigas|Protect|p1b: Regigigas
|-singleturn|p1b: Regigigas|Protect
|move|p2b: Calyrex|Astral Barrage|p1b: Regigigas|[spread] p1a
|-activate|p1b: Regigigas|move: Protect
|-supereffective|p1a: Smeargle
|-damage|p1a: Smeargle|0 fnt
|faint|p1a: Smeargle
|-end|p1a: Smeargle|Slow Start|[silent]
|-ability|p2b: Calyrex|Grim Neigh|boost
|-boost|p2b: Calyrex|spa|1
|move|p2a: Zamazenta|Body Press|p1b: Regigigas
|-activate|p1b: Regigigas|move: Protect
|
|-ability|p1b: Regigigas|Moody|boost
|-boost|p1b: Regigigas|spd|2
|-unboost|p1b: Regigigas|def|1
|upkeep
|
|t:|1750826478
|switch|p1a: Miraidon|Miraidon, L50|100/100
|-fieldstart|move: Electric Terrain|[from] ability: Hadron Engine|[of] p1a: Miraidon
|turn|3
|
|t:|1750826494
|move|p2b: Calyrex|Astral Barrage|p1b: Regigigas|[spread] p1a
|-immune|p1b: Regigigas
|-damage|p1a: Miraidon|60/100
|move|p2a: Zamazenta|Body Press|p1a: Miraidon
|-damage|p1a: Miraidon|0 fnt
|faint|p1a: Miraidon
|move|p1b: Regigigas|High Horsepower|p2a: Zamazenta
|-supereffective|p2a: Zamazenta
|-damage|p2a: Zamazenta|47/100
|
|-ability|p1b: Regigigas|Moody|boost
|-boost|p1b: Regigigas|spa|2
|-unboost|p1b: Regigigas|spd|1
|upkeep
|
|t:|1750826511
|switch|p1a: Calyrex|Calyrex-Ice, L50|100/100
|-ability|p1a: Calyrex|As One
|-ability|p1a: Calyrex|Unnerve
|turn|4
|
|t:|1750826530
|move|p2a: Zamazenta|Protect|p2a: Zamazenta
|-singleturn|p2a: Zamazenta|Protect
|move|p2b: Calyrex|Astral Barrage|p1a: Calyrex|[spread] p1a
|-immune|p1b: Regigigas
|-supereffective|p1a: Calyrex
|-damage|p1a: Calyrex|0 fnt
|faint|p1a: Calyrex
|-ability|p2b: Calyrex|Grim Neigh|boost
|-boost|p2b: Calyrex|spa|1
|move|p1b: Regigigas|Body Slam|p2b: Calyrex
|-damage|p2b: Calyrex|52/100
|
|-ability|p1b: Regigigas|Moody|boost
|-boost|p1b: Regigigas|def|2
|-unboost|p1b: Regigigas|atk|1
|upkeep
|turn|5
|
|t:|1750826552
|move|p2b: Calyrex|Psychic|p1b: Regigigas
|-crit|p1b: Regigigas
|-damage|p1b: Regigigas|0 fnt
|faint|p1b: Regigigas
|
|win|damuBOSS
|raw|Dtb33's rating: 1199 &rarr; <strong>1175</strong><br />(-24 for losing)
|raw|damuBOSS's rating: 1210 &rarr; <strong>1234</strong><br />(+24 for winning)
|l|☆Dtb33
|player|p1|
|l|☆damuBOSS
|player|p2|
