|j|☆tra glitch
|j|‽Shrekers13
|t:|1750711947
|gametype|doubles
|player|p1|tra glitch|266|1268
|player|p2|Shrekers13|265|1333
|teamsize|p1|6
|teamsize|p2|6
|gen|9
|tier|[Gen 9] VGC 2025 Reg I
|rated|
|rule|Species Clause: Limit one of each Pokémon
|rule|Item Clause: Limit 1 of each item
|clearpoke
|poke|p1|Koraidon, L50|
|poke|p1|Walking Wake, L50|
|poke|p1|Whimsicott, L50, M|
|poke|p1|Rhydon, L50, M|
|poke|p1|Toxapex, L50, F|
|poke|p1|Calyrex-Shadow, L50|
|poke|p2|Calyrex-Ice, L50|
|poke|p2|Miraidon, L50|
|poke|p2|Iron Hands, L50|
|poke|p2|Iron Bundle, L50|
|poke|p2|Ogerpon-Hearthflame, L50, F|
|poke|p2|Farigiraf, L50, F|
|teampreview|4
|inactive|Battle timer is ON: inactive players will automatically lose when time's up. (requested by tra glitch)
|
|t:|1750711974
|start
|switch|p1a: Koraidon|Koraidon, L50|100/100
|switch|p1b: Toxapex|Toxapex, L50, F|100/100
|switch|p2a: Miraidon|Miraidon, L50|100/100
|switch|p2b: Ogerpon|Ogerpon-Hearthflame, L50, F|100/100
|-fieldstart|move: Electric Terrain|[from] ability: Hadron Engine|[of] p2a: Miraidon
|-weather|SunnyDay|[from] ability: Orichalcum Pulse|[of] p1a: Koraidon
|-activate|p1a: Koraidon|Orichalcum Pulse|[source]
|-ability|p2b: Ogerpon|Mold Breaker
|turn|1
|
|t:|1750711998
|switch|p1b: Rhydon|Rhydon, L50, M|100/100
|-terastallize|p1a: Koraidon|Fire
|-terastallize|p2b: Ogerpon|Fire
|detailschange|p2b: Ogerpon|Ogerpon-Hearthflame-Tera, L50, F, tera:Fire
|-ability|p2b: Ogerpon|Embody Aspect (Hearthflame)|boost
|-boost|p2b: Ogerpon|atk|1
|move|p1a: Koraidon|Close Combat|p2a: Miraidon
|-damage|p2a: Miraidon|0 fnt
|-unboost|p1a: Koraidon|def|1
|-unboost|p1a: Koraidon|spd|1
|faint|p2a: Miraidon
|-damage|p1a: Koraidon|91/100|[from] item: Life Orb
|move|p2b: Ogerpon|Horn Leech|p1b: Rhydon
|-supereffective|p1b: Rhydon
|-damage|p1b: Rhydon|0 fnt
|faint|p1b: Rhydon
|
|-weather|SunnyDay|[upkeep]
|upkeep
|
|t:|1750712021
|switch|p2a: Farigiraf|Farigiraf, L50, F, shiny|100/100
|switch|p1b: Calyrex|Calyrex-Shadow, L50|100/100
|-ability|p1b: Calyrex|As One
|-ability|p1b: Calyrex|Unnerve
|-enditem|p2a: Farigiraf|Electric Seed
|-boost|p2a: Farigiraf|def|1|[from] item: Electric Seed
|turn|2
|
|t:|1750712036
|move|p2b: Ogerpon|Spiky Shield|p2b: Ogerpon
|-singleturn|p2b: Ogerpon|move: Protect
|move|p1b: Calyrex|Astral Barrage|p2b: Ogerpon|[spread] 
|-activate|p2b: Ogerpon|move: Protect
|-immune|p2a: Farigiraf
|move|p1a: Koraidon|Close Combat|p2a: Farigiraf
|-damage|p2a: Farigiraf|35/100
|-unboost|p1a: Koraidon|def|1
|-unboost|p1a: Koraidon|spd|1
|-damage|p1a: Koraidon|81/100|[from] item: Life Orb
|move|p2a: Farigiraf|Trick Room|p2a: Farigiraf
|-fieldstart|move: Trick Room|[of] p2a: Farigiraf
|
|-weather|SunnyDay|[upkeep]
|upkeep
|turn|3
|inactive|Shrekers13 has 30 seconds left.
|
|t:|1750712062
|switch|p1a: Toxapex|Toxapex, L50, F|100/100
|move|p2a: Farigiraf|Psychic Noise|p1a: Toxapex
|-supereffective|p1a: Toxapex
|-damage|p1a: Toxapex|55/100
|-start|p1a: Toxapex|move: Heal Block
|-enditem|p1a: Toxapex|Mental Herb
|-end|p1a: Toxapex|move: Heal Block
|move|p2b: Ogerpon|Ivy Cudgel|p1b: Calyrex|[anim] Ivy Cudgel Fire
|-enditem|p1b: Calyrex|Focus Sash
|-damage|p1b: Calyrex|1/100
|move|p1b: Calyrex|Astral Barrage|p2a: Farigiraf|[spread] p2b
|-immune|p2a: Farigiraf
|-damage|p2b: Ogerpon|38/100
|
|-weather|SunnyDay|[upkeep]
|upkeep
|turn|4
|inactive|tra glitch has 30 seconds left.
|inactive|Shrekers13 has 30 seconds left.
|inactive|tra glitch has 20 seconds left.
|
|t:|1750712099
|move|p2b: Ogerpon|Spiky Shield|p2b: Ogerpon
|-singleturn|p2b: Ogerpon|move: Protect
|move|p1b: Calyrex|Protect|p1b: Calyrex
|-singleturn|p1b: Calyrex|Protect
|move|p1a: Toxapex|Liquidation|p2b: Ogerpon
|-activate|p2b: Ogerpon|move: Protect
|-damage|p1a: Toxapex|43/100|[from] Spiky Shield|[of] p2b: Ogerpon
|move|p2a: Farigiraf|Psychic Noise|p1b: Calyrex
|-activate|p1b: Calyrex|move: Protect
|
|-weather|SunnyDay|[upkeep]
|upkeep
|turn|5
|
|t:|1750712118
|move|p1b: Calyrex|Protect||[still]
|-fail|p1b: Calyrex
|move|p1a: Toxapex|Haze|p1a: Toxapex
|-clearallboost
|move|p2a: Farigiraf|Psychic Noise|p1a: Toxapex
|-supereffective|p1a: Toxapex
|-damage|p1a: Toxapex|0 fnt
|faint|p1a: Toxapex
|move|p2b: Ogerpon|Ivy Cudgel|p1b: Calyrex|[anim] Ivy Cudgel Fire
|-damage|p1b: Calyrex|0 fnt
|faint|p1b: Calyrex
|
|-weather|none
|-fieldend|move: Electric Terrain
|upkeep
|
|t:|1750712129
|switch|p1b: Koraidon|Koraidon, L50, tera:Fire|81/100
|-weather|SunnyDay|[from] ability: Orichalcum Pulse|[of] p1b: Koraidon
|-activate|p1b: Koraidon|Orichalcum Pulse|[source]
|turn|6
|
|t:|1750712140
|move|p1b: Koraidon|Protect|p1b: Koraidon
|-singleturn|p1b: Koraidon|Protect
|move|p2a: Farigiraf|Psychic Noise|p1b: Koraidon
|-activate|p1b: Koraidon|move: Protect
|move|p2b: Ogerpon|Ivy Cudgel|p1b: Koraidon|[anim] Ivy Cudgel Fire
|-activate|p1b: Koraidon|move: Protect
|
|-weather|SunnyDay|[upkeep]
|-fieldend|move: Trick Room
|upkeep
|turn|7
|
|t:|1750712162
|move|p2b: Ogerpon|Follow Me|p2b: Ogerpon
|-singleturn|p2b: Ogerpon|move: Follow Me
|move|p1b: Koraidon|Flame Charge|p2b: Ogerpon
|-resisted|p2b: Ogerpon
|-damage|p2b: Ogerpon|0 fnt
|-boost|p1b: Koraidon|spe|1
|faint|p2b: Ogerpon
|detailschange|p2: Ogerpon|Ogerpon-Hearthflame, L50, F|[silent]
|-damage|p1b: Koraidon|71/100|[from] item: Life Orb
|move|p2a: Farigiraf|Trick Room|p2a: Farigiraf
|-fieldstart|move: Trick Room|[of] p2a: Farigiraf
|
|-weather|SunnyDay|[upkeep]
|upkeep
|
|t:|1750712171
|switch|p2b: Calyrex|Calyrex-Ice, L50|100/100
|-ability|p2b: Calyrex|As One
|-ability|p2b: Calyrex|Unnerve
|turn|8
|
|t:|1750712178
|move|p2b: Calyrex|High Horsepower|p1b: Koraidon
|-supereffective|p1b: Koraidon
|-damage|p1b: Koraidon|0 fnt
|faint|p1b: Koraidon
|
|win|Shrekers13
|raw|tra glitch's rating: 1268 &rarr; <strong>1248</strong><br />(-20 for losing)
|raw|Shrekers13's rating: 1333 &rarr; <strong>1349</strong><br />(+16 for winning)
|c|☆tra glitch|gg
|l|☆tra glitch
|player|p1|
