|j|☆shimthal61
|j|☆Ponytuils
|t:|1750768951
|gametype|doubles
|player|p1|shimthal61|scientist|1202
|player|p2|Ponytuils|1|1207
|teamsize|p1|6
|teamsize|p2|6
|gen|9
|tier|[Gen 9] VGC 2025 Reg I
|rated|
|rule|Species Clause: Limit one of each Pokémon
|rule|Item Clause: Limit 1 of each item
|clearpoke
|poke|p1|Koraidon, L50|
|poke|p1|Gothitelle, L50, M|
|poke|p1|Scream Tail, L50|
|poke|p1|Amoonguss, L50, F|
|poke|p1|Incineroar, L50, F|
|poke|p1|Calyrex-Shadow, L50|
|poke|p2|Miraidon, L50|
|poke|p2|Calyrex-Ice, L50|
|poke|p2|Farigiraf, L50, F|
|poke|p2|Incineroar, L50, M|
|poke|p2|Urshifu-*, L50, F|
|poke|p2|Landorus, L50, M|
|teampreview|4
|
|t:|1750768988
|start
|switch|p1a: Koraidon|Koraidon, L50|100/100
|switch|p1b: Scream Tail|Scream Tail, L50|100/100
|switch|p2a: Farigiraf|Farigiraf, L50, F, shiny|100/100
|switch|p2b: Urshifu|Urshifu-Rapid-Strike, L50, F|100/100
|-weather|SunnyDay|[from] ability: Orichalcum Pulse|[of] p1a: Koraidon
|-activate|p1b: Scream Tail|ability: Protosynthesis
|-start|p1b: Scream Tail|protosynthesisspe
|-activate|p1a: Koraidon|Orichalcum Pulse|[source]
|turn|1
|inactive|Battle timer is ON: inactive players will automatically lose when time's up. (requested by Ponytuils)
|inactive|shimthal61 has 60 seconds left.
|inactive|Ponytuils has 60 seconds left.
|
|t:|1750769034
|switch|p1a: Gothitelle|Gothitelle, L50, M|100/100
|move|p1b: Scream Tail|Perish Song|p1b: Scream Tail
|-start|p1a: Gothitelle|perish3|[silent]
|-start|p1b: Scream Tail|perish3|[silent]
|-start|p2a: Farigiraf|perish3|[silent]
|-start|p2b: Urshifu|perish3|[silent]
|-fieldactivate|move: Perish Song
|move|p2b: Urshifu|Close Combat|p1a: Gothitelle
|-resisted|p1a: Gothitelle
|-damage|p1a: Gothitelle|58/100
|-unboost|p2b: Urshifu|def|1
|-unboost|p2b: Urshifu|spd|1
|move|p2a: Farigiraf|Trick Room|p2a: Farigiraf
|-fieldstart|move: Trick Room|[of] p2a: Farigiraf
|
|-weather|SunnyDay|[upkeep]
|-start|p2a: Farigiraf|perish3
|-start|p1a: Gothitelle|perish3
|-start|p2b: Urshifu|perish3
|-start|p1b: Scream Tail|perish3
|upkeep
|turn|2
|inactive|Ponytuils has 30 seconds left.
|inactive|shimthal61 has 30 seconds left.
|inactive|Ponytuils has 20 seconds left.
|inactive|Ponytuils has 15 seconds left.
|inactive|Ponytuils has 10 seconds left.
|inactive|shimthal61 has 20 seconds left.
|inactive|Ponytuils has 5 seconds left.
|inactive|shimthal61 has 15 seconds left.
|
|t:|1750769090
|move|p2a: Farigiraf|Foul Play|p1a: Gothitelle
|-supereffective|p1a: Gothitelle
|-damage|p1a: Gothitelle|38/100
|-enditem|p1a: Gothitelle|Sitrus Berry|[eat]
|-heal|p1a: Gothitelle|63/100|[from] item: Sitrus Berry
|move|p1a: Gothitelle|Psychic|p2b: Urshifu
|-supereffective|p2b: Urshifu
|-damage|p2b: Urshifu|0 fnt
|faint|p2b: Urshifu
|move|p1b: Scream Tail|Disable|p2a: Farigiraf
|-start|p2a: Farigiraf|Disable|Foul Play
|
|-weather|SunnyDay|[upkeep]
|-start|p2a: Farigiraf|perish2
|-start|p1a: Gothitelle|perish2
|-start|p1b: Scream Tail|perish2
|upkeep
|inactive|Ponytuils has 30 seconds left.
|inactive|Ponytuils has 20 seconds left.
|inactive|Ponytuils has 15 seconds left.
|
|t:|1750769133
|switch|p2b: Calyrex|Calyrex-Ice, L50|100/100
|-ability|p2b: Calyrex|As One
|-ability|p2b: Calyrex|Unnerve
|turn|3
|
|t:|1750769154
|move|p2a: Farigiraf|Helping Hand|p2b: Calyrex
|-singleturn|p2b: Calyrex|Helping Hand|[of] p2a: Farigiraf
|move|p1a: Gothitelle|Protect|p1a: Gothitelle
|-singleturn|p1a: Gothitelle|Protect
|move|p2b: Calyrex|Glacial Lance|p1a: Gothitelle|[spread] p1b
|-activate|p1a: Gothitelle|move: Protect
|-damage|p1b: Scream Tail|30/100
|move|p1b: Scream Tail|Disable|p2b: Calyrex
|-start|p2b: Calyrex|Disable|Glacial Lance
|
|-weather|SunnyDay|[upkeep]
|-start|p2a: Farigiraf|perish1
|-start|p1a: Gothitelle|perish1
|-start|p1b: Scream Tail|perish1
|upkeep
|turn|4
|
|t:|1750769175
|move|p2a: Farigiraf|Helping Hand|p2b: Calyrex
|-singleturn|p2b: Calyrex|Helping Hand|[of] p2a: Farigiraf
|move|p2b: Calyrex|High Horsepower|p1a: Gothitelle
|-damage|p1a: Gothitelle|16/100
|move|p1a: Gothitelle|Psychic|p2a: Farigiraf
|-resisted|p2a: Farigiraf
|-damage|p2a: Farigiraf|90/100
|-unboost|p2a: Farigiraf|spd|1
|move|p1b: Scream Tail|Perish Song|p1b: Scream Tail
|-start|p2b: Calyrex|perish3|[silent]
|-fieldactivate|move: Perish Song
|
|-weather|SunnyDay|[upkeep]
|-start|p2a: Farigiraf|perish0
|-start|p2b: Calyrex|perish3
|faint|p2a: Farigiraf
|-start|p1a: Gothitelle|perish0
|-start|p1b: Scream Tail|perish0
|faint|p1a: Gothitelle
|faint|p1b: Scream Tail
|-end|p1b: Scream Tail|Protosynthesis|[silent]
|upkeep
|
|t:|1750769191
|switch|p2a: Miraidon|Miraidon, L50|100/100
|switch|p1a: Koraidon|Koraidon, L50|100/100
|switch|p1b: Calyrex|Calyrex-Shadow, L50|100/100
|-ability|p1b: Calyrex|As One
|-ability|p1b: Calyrex|Unnerve
|-activate|p1a: Koraidon|ability: Orichalcum Pulse
|-fieldstart|move: Electric Terrain|[from] ability: Hadron Engine|[of] p2a: Miraidon
|turn|5
|inactive|Ponytuils has 30 seconds left.
|inactive|Ponytuils has 20 seconds left.
|inactive|Ponytuils has 15 seconds left.
|inactive|Ponytuils has 10 seconds left.
|
|t:|1750769241
|move|p1a: Koraidon|Protect|p1a: Koraidon
|-singleturn|p1a: Koraidon|Protect
|move|p1b: Calyrex|Protect|p1b: Calyrex
|-singleturn|p1b: Calyrex|Protect
|move|p2b: Calyrex|High Horsepower|p1a: Koraidon
|-activate|p1a: Koraidon|move: Protect
|move|p2a: Miraidon|Electro Drift|p1b: Calyrex
|-activate|p1b: Calyrex|move: Protect
|
|-weather|none
|-start|p2b: Calyrex|perish2
|-fieldend|move: Trick Room
|upkeep
|turn|6
|
|t:|1750769260
|-terastallize|p1a: Koraidon|Fire
|-terastallize|p2b: Calyrex|Fire
|move|p1b: Calyrex|Astral Barrage|p2b: Calyrex|[spread] p2a,p2b
|-damage|p2a: Miraidon|51/100
|-damage|p2b: Calyrex|67/100
|move|p2a: Miraidon|Electro Drift|p1a: Koraidon
|-damage|p1a: Koraidon|0 fnt
|faint|p1a: Koraidon
|move|p2b: Calyrex|High Horsepower|p1b: Calyrex
|-damage|p1b: Calyrex|46/100
|
|-start|p2b: Calyrex|perish1
|upkeep
|turn|7
|
|t:|1750769278
|move|p1b: Calyrex|Protect|p1b: Calyrex
|-singleturn|p1b: Calyrex|Protect
|move|p2a: Miraidon|Electro Drift|p1b: Calyrex
|-activate|p1b: Calyrex|move: Protect
|move|p2b: Calyrex|Trick Room|p2b: Calyrex
|-fieldstart|move: Trick Room|[of] p2b: Calyrex
|
|-end|p2b: Calyrex|Disable
|-start|p2b: Calyrex|perish0
|faint|p2b: Calyrex
|upkeep
|turn|8
|
|t:|1750769285
|move|p2a: Miraidon|Electro Drift|p1b: Calyrex
|-damage|p1b: Calyrex|0 fnt
|faint|p1b: Calyrex
|
|win|Ponytuils
|raw|shimthal61's rating: 1202 &rarr; <strong>1177</strong><br />(-25 for losing)
|raw|Ponytuils's rating: 1207 &rarr; <strong>1232</strong><br />(+25 for winning)
|c|☆Ponytuils|free
|l|☆shimthal61
|player|p1|
