|j|☆Gfsc
|j|☆SemhMTS
|t:|1750803515
|gametype|doubles
|player|p1|Gfsc|medium|1320
|player|p2|SemhMTS|acetrainer-gen4dp|1352
|teamsize|p1|6
|teamsize|p2|6
|gen|9
|tier|[Gen 9] VGC 2025 Reg I
|rated|
|rule|Species Clause: Limit one of each Pokémon
|rule|Item Clause: Limit 1 of each item
|clearpoke
|poke|p1|Lunala, L50|
|poke|p1|Groudon, L50|
|poke|p1|Whimsicott, L50, M|
|poke|p1|Raging Bolt, L50|
|poke|p1|Entei, L50|
|poke|p1|Kingambit, L50, F|
|poke|p2|Reshiram, L50|
|poke|p2|Lunala, L50|
|poke|p2|Rillaboom, L50, M|
|poke|p2|Gastrodon-East, L50, F|
|poke|p2|Ting-Lu, L50|
|poke|p2|Amoonguss, L50, M|
|teampreview|4
|l|☆Gfsc
|player|p1|
|j|☆Gfsc
|player|p1|Gfsc|medium|
|
|t:|1750803588
|start
|switch|p1a: Groudon|Groudon, L50|100/100
|switch|p1b: Whimsicott|Whimsicott, L50, M|100/100
|switch|p2a: Ting-Lu|Ting-Lu, L50|100/100
|switch|p2b: Rillaboom|Rillaboom, L50, M|100/100
|-fieldstart|move: Grassy Terrain|[from] ability: Grassy Surge|[of] p2b: Rillaboom
|-weather|SunnyDay|[from] ability: Drought|[of] p1a: Groudon
|-ability|p2a: Ting-Lu|Vessel of Ruin
|turn|1
|
|t:|1750803612
|move|p2b: Rillaboom|Fake Out|p1a: Groudon
|-damage|p1a: Groudon|92/100
|move|p1b: Whimsicott|Tailwind|p1b: Whimsicott
|-sidestart|p1: Gfsc|move: Tailwind
|move|p1a: Groudon|Heat Crash|p2b: Rillaboom
|-supereffective|p2b: Rillaboom
|-damage|p2b: Rillaboom|0 fnt
|faint|p2b: Rillaboom
|move|p2a: Ting-Lu|Ruination|p1a: Groudon
|-damage|p1a: Groudon|46/100
|
|-weather|SunnyDay|[upkeep]
|-heal|p1a: Groudon|52/100|[from] Grassy Terrain
|upkeep
|
|t:|1750803628
|switch|p2b: Lunala|Lunala, L50|100/100
|turn|2
|
|t:|1750803640
|move|p2a: Ting-Lu|Protect|p2a: Ting-Lu
|-singleturn|p2a: Ting-Lu|Protect
|move|p1b: Whimsicott|Moonblast|p2a: Ting-Lu
|-activate|p2a: Ting-Lu|move: Protect
|move|p1a: Groudon|Precipice Blades|p2b: Lunala|[spread] p2b
|-activate|p2a: Ting-Lu|move: Protect
|-damage|p2b: Lunala|78/100
|move|p2b: Lunala|Moongeist Beam|p1a: Groudon
|-damage|p1a: Groudon|16/100
|
|-weather|SunnyDay|[upkeep]
|-heal|p1a: Groudon|21/100|[from] Grassy Terrain
|-heal|p2b: Lunala|85/100|[from] Grassy Terrain
|upkeep
|turn|3
|
|t:|1750803680
|-terastallize|p2a: Ting-Lu|Poison
|move|p1b: Whimsicott|Moonblast|p2a: Ting-Lu
|-resisted|p2a: Ting-Lu
|-damage|p2a: Ting-Lu|92/100
|-unboost|p2a: Ting-Lu|spa|1
|move|p1a: Groudon|Heat Crash|p2b: Lunala
|-damage|p2b: Lunala|23/100
|move|p2b: Lunala|Moonblast|p1a: Groudon
|-damage|p1a: Groudon|0 fnt
|faint|p1a: Groudon
|move|p2a: Ting-Lu|Snarl|p1b: Whimsicott
|-resisted|p1b: Whimsicott
|-damage|p1b: Whimsicott|94/100
|-unboost|p1b: Whimsicott|spa|1
|
|-weather|SunnyDay|[upkeep]
|-heal|p1b: Whimsicott|99/100|[from] Grassy Terrain
|-heal|p2b: Lunala|29/100|[from] Grassy Terrain
|-heal|p2a: Ting-Lu|99/100|[from] Grassy Terrain
|-heal|p2a: Ting-Lu|100/100|[from] item: Leftovers
|upkeep
|
|t:|1750803699
|switch|p1a: Entei|Entei, L50, shiny|100/100
|turn|4
|
|t:|1750803716
|move|p2b: Lunala|Protect|p2b: Lunala
|-singleturn|p2b: Lunala|Protect
|move|p1a: Entei|Eruption|p2b: Lunala|[spread] p2a
|-activate|p2b: Lunala|move: Protect
|-damage|p2a: Ting-Lu|66/100
|move|p1b: Whimsicott|Moonblast|p2a: Ting-Lu
|-resisted|p2a: Ting-Lu
|-damage|p2a: Ting-Lu|60/100
|move|p2a: Ting-Lu|Ruination|p1a: Entei
|-damage|p1a: Entei|51/100
|
|-weather|SunnyDay|[upkeep]
|-heal|p1a: Entei|57/100|[from] Grassy Terrain
|-heal|p1b: Whimsicott|100/100|[from] Grassy Terrain
|-heal|p2b: Lunala|35/100|[from] Grassy Terrain
|-heal|p2a: Ting-Lu|67/100|[from] Grassy Terrain
|-heal|p2a: Ting-Lu|73/100|[from] item: Leftovers
|-sideend|p1: Gfsc|move: Tailwind
|upkeep
|turn|5
|
|t:|1750803736
|switch|p1a: Lunala|Lunala, L50, shiny|100/100
|move|p2b: Lunala|Wide Guard|p2b: Lunala
|-singleturn|p2b: Lunala|Wide Guard
|move|p1b: Whimsicott|Encore|p2b: Lunala
|-start|p2b: Lunala|Encore
|move|p2a: Ting-Lu|Stomping Tantrum|p1a: Lunala
|-damage|p1a: Lunala|86/100
|
|-weather|none
|-heal|p1a: Lunala|93/100|[from] Grassy Terrain
|-heal|p2b: Lunala|41/100|[from] Grassy Terrain
|-heal|p2a: Ting-Lu|79/100|[from] Grassy Terrain
|-heal|p2a: Ting-Lu|85/100|[from] item: Leftovers
|-fieldend|move: Grassy Terrain
|upkeep
|turn|6
|
|t:|1750803759
|switch|p2b: Gastrodon|Gastrodon-East, L50, F|100/100
|move|p1b: Whimsicott|Tailwind|p1b: Whimsicott
|-sidestart|p1: Gfsc|move: Tailwind
|move|p1a: Lunala|Meteor Beam||[still]
|-prepare|p1a: Lunala|Meteor Beam
|-boost|p1a: Lunala|spa|1
|-enditem|p1a: Lunala|Power Herb
|-anim|p1a: Lunala|Meteor Beam|p2b: Gastrodon
|-resisted|p2b: Gastrodon
|-damage|p2b: Gastrodon|79/100
|move|p2a: Ting-Lu|Snarl|p1a: Lunala|[spread] p1a,p1b
|-supereffective|p1a: Lunala
|-resisted|p1b: Whimsicott
|-damage|p1a: Lunala|79/100
|-damage|p1b: Whimsicott|95/100
|-unboost|p1a: Lunala|spa|1
|-unboost|p1b: Whimsicott|spa|1
|
|-heal|p2a: Ting-Lu|91/100|[from] item: Leftovers
|upkeep
|turn|7
|
|t:|1750803790
|move|p1b: Whimsicott|Moonblast|p2b: Gastrodon
|-damage|p2b: Gastrodon|67/100
|move|p1a: Lunala|Moongeist Beam|p2a: Ting-Lu
|-damage|p2a: Ting-Lu|63/100
|move|p2a: Ting-Lu|Ruination|p1a: Lunala
|-damage|p1a: Lunala|40/100
|move|p2b: Gastrodon|Yawn|p1a: Lunala
|-start|p1a: Lunala|move: Yawn|[of] p2b: Gastrodon
|
|-heal|p2a: Ting-Lu|69/100|[from] item: Leftovers
|upkeep
|turn|8
|-message|Gfsc forfeited.
|
|win|SemhMTS
|raw|Gfsc's rating: 1320 &rarr; <strong>1302</strong><br />(-18 for losing)
|raw|SemhMTS's rating: 1352 &rarr; <strong>1370</strong><br />(+18 for winning)
|l|☆Gfsc
|player|p1|
|l|☆SemhMTS
|player|p2|
