|j|☆Marcel113
|j|☆Axxketexume
|t:|1750872039
|gametype|doubles
|player|p1|Marcel113|266|1487
|player|p2|Axxketexume|iris-gen5bw2|1423
|teamsize|p1|6
|teamsize|p2|6
|gen|9
|tier|[Gen 9] VGC 2025 Reg I
|rated|
|rule|Species Clause: Limit one of each Pokémon
|rule|Item Clause: Limit 1 of each item
|clearpoke
|poke|p1|Miraidon, L50|
|poke|p1|Incineroar, L50, F|
|poke|p1|Primarina, L50, M|
|poke|p1|Gothitelle, L50, F|
|poke|p1|Landorus, L50, M|
|poke|p1|Calyrex-Ice, L50|
|poke|p2|Kyogre, L50|
|poke|p2|Miraidon, L50|
|poke|p2|Whimsicott, L50, F|
|poke|p2|Okidogi, L50, M|
|poke|p2|Urshifu-*, L50, F|
|poke|p2|Grimmsnarl, L50, M|
|teampreview|4
|inactive|Battle timer is ON: inactive players will automatically lose when time's up. (requested by Axxketexume)
Axxketexume rejected open team sheets.
|
|t:|1750872071
|start
|switch|p1a: Gothitelle|Gothitelle, L50, F|100/100
|switch|p1b: Miraidon|Miraidon, L50|100/100
|switch|p2a: Okidogi|Okidogi, L50, M|100/100
|switch|p2b: Grimmsnarl|Grimmsnarl, L50, M|100/100
|-fieldstart|move: Electric Terrain|[from] ability: Hadron Engine|[of] p1b: Miraidon
|turn|1
|inactive|Marcel113 has 30 seconds left.
|
|t:|1750872096
|-terastallize|p1b: Miraidon|Fairy
|move|p1a: Gothitelle|Protect|p1a: Gothitelle
|-singleturn|p1a: Gothitelle|Protect
|move|p2b: Grimmsnarl|Light Screen|p2b: Grimmsnarl
|-sidestart|p2: Axxketexume|move: Light Screen
|move|p1b: Miraidon|Dazzling Gleam|p2a: Okidogi|[spread] p2a,p2b
|-supereffective|p2b: Grimmsnarl
|-damage|p2a: Okidogi|73/100
|-damage|p2b: Grimmsnarl|29/100
|move|p2a: Okidogi|Knock Off|p1a: Gothitelle
|-activate|p1a: Gothitelle|move: Protect
|
|upkeep
|turn|2
|inactive|Axxketexume has 30 seconds left.
|
|t:|1750872121
|switch|p1a: Primarina|Primarina, L50, M|100/100
|move|p2b: Grimmsnarl|Parting Shot|p1b: Miraidon
|-unboost|p1b: Miraidon|atk|1
|-unboost|p1b: Miraidon|spa|1
|
|t:|1750872130
|switch|p2b: Kyogre|Kyogre, L50|100/100|[from] Parting Shot
|-weather|RainDance|[from] ability: Drizzle|[of] p2b: Kyogre
|move|p1b: Miraidon|Dazzling Gleam|p2a: Okidogi|[spread] p2a,p2b
|-damage|p2a: Okidogi|54/100
|-damage|p2b: Kyogre|81/100
|move|p2a: Okidogi|Gunk Shot|p1b: Miraidon
|-supereffective|p1b: Miraidon
|-damage|p1b: Miraidon|4/100
|
|-weather|RainDance|[upkeep]
|upkeep
|turn|3
|inactive|Axxketexume has 30 seconds left.
|inactive|Axxketexume has 20 seconds left.
|
|t:|1750872167
|switch|p1b: Gothitelle|Gothitelle, L50, F|100/100
|move|p2a: Okidogi|Knock Off|p1b: Gothitelle
|-supereffective|p1b: Gothitelle
|-damage|p1b: Gothitelle|47/100
|-enditem|p1b: Gothitelle|Safety Goggles|[from] move: Knock Off|[of] p2a: Okidogi
|move|p2b: Kyogre|Thunder|p1a: Primarina
|-supereffective|p1a: Primarina
|-damage|p1a: Primarina|23/100
|-status|p1a: Primarina|par
|cant|p1a: Primarina|par
|
|-weather|RainDance|[upkeep]
|upkeep
|turn|4
|c|☆Marcel113|xd
|inactive|Marcel113 has 30 seconds left.
|
|t:|1750872199
|move|p1a: Primarina|Protect|p1a: Primarina
|-singleturn|p1a: Primarina|Protect
|move|p2a: Okidogi|Knock Off|p1a: Primarina
|-activate|p1a: Primarina|move: Protect
|move|p2b: Kyogre|Water Spout|p1a: Primarina|[spread] p1b
|-activate|p1a: Primarina|move: Protect
|-damage|p1b: Gothitelle|0 fnt
|faint|p1b: Gothitelle
|
|-weather|RainDance|[upkeep]
|upkeep
|
|t:|1750872214
|switch|p1b: Calyrex|Calyrex-Ice, L50|100/100
|-ability|p1b: Calyrex|As One
|-ability|p1b: Calyrex|Unnerve
|turn|5
|
|t:|1750872230
|move|p2a: Okidogi|Knock Off|p1b: Calyrex
|-supereffective|p1b: Calyrex
|-damage|p1b: Calyrex|63/100
|-enditem|p1b: Calyrex|Choice Band|[from] move: Knock Off|[of] p2a: Okidogi
|move|p2b: Kyogre|Water Spout|p1b: Calyrex|[spread] p1a,p1b
|-resisted|p1a: Primarina
|-damage|p1a: Primarina|0 fnt
|-damage|p1b: Calyrex|0 fnt
|faint|p1a: Primarina
|faint|p1b: Calyrex
|
|-weather|RainDance|[upkeep]
|-fieldend|move: Electric Terrain
|upkeep
|
|t:|1750872243
|switch|p1a: Miraidon|Miraidon, L50, tera:Fairy|4/100
|-fieldstart|move: Electric Terrain|[from] ability: Hadron Engine|[of] p1a: Miraidon
|turn|6
|
|t:|1750872252
|-terastallize|p2b: Kyogre|Grass
|move|p1a: Miraidon|Electro Drift|p2b: Kyogre
|-resisted|p2b: Kyogre
|-damage|p2b: Kyogre|52/100
|move|p2a: Okidogi|Knock Off|p1a: Miraidon
|-resisted|p1a: Miraidon
|-damage|p1a: Miraidon|0 fnt
|-enditem|p1a: Miraidon|Choice Specs|[from] move: Knock Off|[of] p2a: Okidogi
|faint|p1a: Miraidon
|
|win|Axxketexume
|raw|Marcel113's rating: 1487 &rarr; <strong>1463</strong><br />(-24 for losing)
|raw|Axxketexume's rating: 1423 &rarr; <strong>1447</strong><br />(+24 for winning)
|l|☆Axxketexume
|player|p2|
|l|☆Marcel113
|player|p1|
