|j|☆Limokok
|j|☆berg0123
|t:|1750861178
|gametype|doubles
|player|p1|Limokok|miku-ghost|1471
|player|p2|berg0123|102|1522
|teamsize|p1|6
|teamsize|p2|6
|gen|9
|tier|[Gen 9] VGC 2025 Reg I
|rated|
|rule|Species Clause: Limit one of each Pokémon
|rule|Item Clause: Limit 1 of each item
|clearpoke
|poke|p1|Calyrex-Ice, L50|
|poke|p1|Miraidon, L50|
|poke|p1|Clefairy, L50, F|
|poke|p1|Grimmsnarl, L50, M|
|poke|p1|Urshifu-*, L50, M|
|poke|p1|Ursaluna, L50, M|
|poke|p2|Lunala, L50|
|poke|p2|Miraidon, L50|
|poke|p2|Chi-Yu, L50|
|poke|p2|Urshifu-*, L50, F|
|poke|p2|Ursaluna, L50, M|
|poke|p2|Grimmsnarl, L50, M|
|teampreview|4
|
|t:|1750861208
|start
|switch|p1a: Miraidon|Miraidon, L50|100/100
|switch|p1b: Grimmsnarl|Grimmsnarl, L50, M|100/100
|switch|p2a: Ursaluna|Ursaluna, L50, M|100/100
|switch|p2b: Lunala|Lunala, L50|100/100
|-fieldstart|move: Electric Terrain|[from] ability: Hadron Engine|[of] p1a: Miraidon
|-enditem|p2b: Lunala|Electric Seed
|-boost|p2b: Lunala|def|1|[from] item: Electric Seed
|turn|1
|inactive|Battle timer is ON: inactive players will automatically lose when time's up. (requested by berg0123)
|inactive|Limokok has 60 seconds left.
|
|t:|1750861241
|move|p2a: Ursaluna|Protect|p2a: Ursaluna
|-singleturn|p2a: Ursaluna|Protect
|move|p1b: Grimmsnarl|Light Screen|p1b: Grimmsnarl
|-sidestart|p1: Limokok|move: Light Screen
|move|p1a: Miraidon|Volt Switch|p2b: Lunala
|-damage|p2b: Lunala|79/100
|
|t:|1750861245
|switch|p1a: Ursaluna|Ursaluna, L50, M|100/100|[from] Volt Switch
|move|p2b: Lunala|Trick Room|p2b: Lunala
|-fieldstart|move: Trick Room|[of] p2b: Lunala
|
|-status|p1a: Ursaluna|brn|[from] item: Flame Orb
|-status|p2a: Ursaluna|brn|[from] item: Flame Orb
|upkeep
|turn|2
|inactive|berg0123 has 30 seconds left.
|inactive|berg0123 has 20 seconds left.
|inactive|berg0123 has 15 seconds left.
|
|t:|1750861290
|switch|p2b: Grimmsnarl|Grimmsnarl, L50, M|100/100
|move|p1a: Ursaluna|Protect|p1a: Ursaluna
|-singleturn|p1a: Ursaluna|Protect
|move|p1b: Grimmsnarl|Reflect|p1b: Grimmsnarl
|-sidestart|p1: Limokok|Reflect
|move|p2a: Ursaluna|Facade|p1b: Grimmsnarl
|-damage|p1b: Grimmsnarl|25/100
|
|-damage|p1a: Ursaluna|95/100 brn|[from] brn
|-damage|p2a: Ursaluna|95/100 brn|[from] brn
|upkeep
|turn|3
|
|t:|1750861312
|move|p2b: Grimmsnarl|Reflect|p2b: Grimmsnarl
|-sidestart|p2: berg0123|Reflect
|move|p1a: Ursaluna|Facade|p2b: Grimmsnarl
|-damage|p2b: Grimmsnarl|20/100
|move|p2a: Ursaluna|Facade|p1b: Grimmsnarl
|-damage|p1b: Grimmsnarl|0 fnt
|faint|p1b: Grimmsnarl
|
|-damage|p1a: Ursaluna|89/100 brn|[from] brn
|-damage|p2a: Ursaluna|89/100 brn|[from] brn
|upkeep
|
|t:|1750861320
|switch|p1b: Clefairy|Clefairy, L50, F|100/100
|turn|4
|
|t:|1750861334
|switch|p2b: Lunala|Lunala, L50|79/100
|move|p1b: Clefairy|Protect|p1b: Clefairy
|-singleturn|p1b: Clefairy|Protect
|move|p1a: Ursaluna|Facade|p2b: Lunala
|-immune|p2b: Lunala
|move|p2a: Ursaluna|Earthquake|p1b: Clefairy|[spread] p2b,p1a
|-activate|p1b: Clefairy|move: Protect
|-damage|p2b: Lunala|50/100
|-damage|p1a: Ursaluna|69/100 brn
|
|-damage|p1a: Ursaluna|63/100 brn|[from] brn
|-damage|p2a: Ursaluna|83/100 brn|[from] brn
|upkeep
|turn|5
|
|t:|1750861356
|move|p2b: Lunala|Wide Guard|p2b: Lunala
|-singleturn|p2b: Lunala|Wide Guard
|move|p1a: Ursaluna|Headlong Rush|p2b: Lunala
|-damage|p2b: Lunala|2/100
|-unboost|p1a: Ursaluna|def|1
|-unboost|p1a: Ursaluna|spd|1
|move|p1b: Clefairy|Heal Pulse|p1a: Ursaluna
|-heal|p1a: Ursaluna|100/100 brn
|move|p2a: Ursaluna|Earthquake|p1a: Ursaluna|[spread] p1a,p1b
|-activate|p2b: Lunala|move: Wide Guard
|-damage|p1a: Ursaluna|69/100 brn
|-damage|p1b: Clefairy|70/100
|
|-damage|p1a: Ursaluna|63/100 brn|[from] brn
|-damage|p2a: Ursaluna|77/100 brn|[from] brn
|-fieldend|move: Trick Room
|-fieldend|move: Electric Terrain
|upkeep
|turn|6
|
|t:|1750861377
|move|p1b: Clefairy|Follow Me|p1b: Clefairy
|-singleturn|p1b: Clefairy|move: Follow Me
|move|p2b: Lunala|Moongeist Beam|p1b: Clefairy
|-damage|p1b: Clefairy|43/100
|move|p2a: Ursaluna|Facade|p1b: Clefairy
|-damage|p1b: Clefairy|0 fnt
|faint|p1b: Clefairy
|move|p1a: Ursaluna|Rock Slide|p2b: Lunala|[spread] p2a,p2b
|-resisted|p2a: Ursaluna
|-damage|p2a: Ursaluna|70/100 brn
|-damage|p2b: Lunala|0 fnt
|faint|p2b: Lunala
|
|-damage|p2a: Ursaluna|64/100 brn|[from] brn
|-damage|p1a: Ursaluna|57/100 brn|[from] brn
|upkeep
|
|t:|1750861402
|switch|p2b: Urshifu|Urshifu-Rapid-Strike, L50, F|100/100
|switch|p1b: Miraidon|Miraidon, L50|100/100
|-fieldstart|move: Electric Terrain|[from] ability: Hadron Engine|[of] p1b: Miraidon
|turn|7
|inactive|Limokok has 30 seconds left.
|inactive|Limokok has 20 seconds left.
|inactive|Limokok has 15 seconds left.
|
|t:|1750861443
|move|p2b: Urshifu|Protect|p2b: Urshifu
|-singleturn|p2b: Urshifu|Protect
|move|p1b: Miraidon|Draco Meteor|p2a: Ursaluna
|-damage|p2a: Ursaluna|0 fnt
|-unboost|p1b: Miraidon|spa|2
|faint|p2a: Ursaluna
|move|p1a: Ursaluna|Facade|p2b: Urshifu
|-activate|p2b: Urshifu|move: Protect
|
|-damage|p1a: Ursaluna|52/100 brn|[from] brn
|upkeep
|
|t:|1750861449
|switch|p2a: Grimmsnarl|Grimmsnarl, L50, M|20/100
|turn|8
|
|t:|1750861465
|-terastallize|p2b: Urshifu|Water
|-terastallize|p1a: Ursaluna|Ghost
|move|p1b: Miraidon|Draco Meteor|p2b: Urshifu|[miss]
|-miss|p1b: Miraidon|p2b: Urshifu
|move|p2b: Urshifu|Surging Strikes|p1a: Ursaluna
|-crit|p1a: Ursaluna
|-damage|p1a: Ursaluna|19/100 brn
|-crit|p1a: Ursaluna
|-damage|p1a: Ursaluna|0 fnt
|faint|p1a: Ursaluna
|-hitcount|p1: Ursaluna|2
|move|p2a: Grimmsnarl|Spirit Break|p1b: Miraidon
|-supereffective|p1b: Miraidon
|-damage|p1b: Miraidon|65/100
|-unboost|p1b: Miraidon|spa|1
|
|-sideend|p1: Limokok|move: Light Screen
|upkeep
|turn|9
|
|t:|1750861472
|move|p1b: Miraidon|Draco Meteor|p2b: Urshifu
|-damage|p2b: Urshifu|44/100
|-unboost|p1b: Miraidon|spa|2
|move|p2b: Urshifu|Close Combat|p1b: Miraidon
|-damage|p1b: Miraidon|21/100
|-unboost|p2b: Urshifu|def|1
|-unboost|p2b: Urshifu|spd|1
|move|p2a: Grimmsnarl|Spirit Break|p1b: Miraidon
|-supereffective|p1b: Miraidon
|-damage|p1b: Miraidon|0 fnt
|faint|p1b: Miraidon
|
|win|berg0123
|raw|Limokok's rating: 1471 &rarr; <strong>1454</strong><br />(-17 for losing)
|raw|berg0123's rating: 1522 &rarr; <strong>1539</strong><br />(+17 for winning)
|l|☆Limokok
|player|p1|
|l|☆berg0123
|player|p2|
