|j|☆farfromperfect
|j|☆ilikegreenbanana
|t:|1750873502
|gametype|doubles
|player|p1|farfromperfect|wattson|1479
|player|p2|ilikegreenbanana|169|1425
|teamsize|p1|6
|teamsize|p2|6
|gen|9
|tier|[Gen 9] VGC 2025 Reg I
|rated|
|rule|Species Clause: Limit one of each Pokémon
|rule|Item Clause: Limit 1 of each item
|clearpoke
|poke|p1|Calyrex-Shadow, L50|
|poke|p1|Koraidon, L50|
|poke|p1|Typhlosion-Hisui, L50, M|
|poke|p1|Weezing-Galar, L50, M|
|poke|p1|Ogerpon-Hearthflame, L50, F|
|poke|p1|Walking Wake, L50|
|poke|p2|Calyrex-Shadow, L50|
|poke|p2|Ting-Lu, L50|
|poke|p2|Rillaboom, L50, F|
|poke|p2|Indeedee-F, L50, F|
|poke|p2|Zamazenta-*, L50|
|poke|p2|Comfey, L50, F|
|teampreview|4
|j| coolio2001
|l| coolio2001
|inactive|Battle timer is ON: inactive players will automatically lose when time's up. (requested by ilikegreenbanana)
|
|t:|1750873626
|start
|switch|p1a: Koraidon|Koraidon, L50|100/100
|switch|p1b: Calyrex|Calyrex-Shadow, L50|100/100
|switch|p2a: Calyrex|Calyrex-Shadow, L50|100/100
|switch|p2b: Rillaboom|Rillaboom, L50, F|100/100
|-ability|p2a: Calyrex|As One
|-ability|p2a: Calyrex|Unnerve
|-ability|p1b: Calyrex|As One
|-ability|p1b: Calyrex|Unnerve
|-weather|SunnyDay|[from] ability: Orichalcum Pulse|[of] p1a: Koraidon
|-activate|p1a: Koraidon|Orichalcum Pulse|[source]
|-fieldstart|move: Grassy Terrain|[from] ability: Grassy Surge|[of] p2b: Rillaboom
|turn|1
|
|t:|1750873636
|-terastallize|p2a: Calyrex|Normal
|move|p1a: Koraidon|Protect|p1a: Koraidon
|-singleturn|p1a: Koraidon|Protect
|move|p2a: Calyrex|Astral Barrage|p1a: Koraidon|[spread] p1b
|-activate|p1a: Koraidon|move: Protect
|-supereffective|p1b: Calyrex
|-enditem|p1b: Calyrex|Focus Sash
|-damage|p1b: Calyrex|1/100
|move|p1b: Calyrex|Astral Barrage|p2b: Rillaboom|[spread] p2b
|-immune|p2a: Calyrex
|-damage|p2b: Rillaboom|58/100
|move|p2b: Rillaboom|Wood Hammer|p1b: Calyrex
|-damage|p1b: Calyrex|0 fnt
|faint|p1b: Calyrex
|-damage|p2b: Rillaboom|57/100|[from] Recoil
|
|-weather|SunnyDay|[upkeep]
|-heal|p2b: Rillaboom|63/100|[from] Grassy Terrain
|upkeep
|
|t:|1750873642
|switch|p1b: Typhlosion|Typhlosion-Hisui, L50, M, shiny|100/100
|-item|p2a: Calyrex|Choice Scarf|[from] ability: Frisk|[of] p1b: Typhlosion
|-item|p2b: Rillaboom|Assault Vest|[from] ability: Frisk|[of] p1b: Typhlosion
|turn|2
|
|t:|1750873652
|-terastallize|p1b: Typhlosion|Fire
|move|p2a: Calyrex|Astral Barrage|p1a: Koraidon|[spread] p1a,p1b
|-damage|p1a: Koraidon|39/100
|-damage|p1b: Typhlosion|27/100
|move|p1b: Typhlosion|Eruption|p2b: Rillaboom|[spread] p2a,p2b
|-supereffective|p2b: Rillaboom
|-damage|p2a: Calyrex|69/100
|-damage|p2b: Rillaboom|16/100
|move|p1a: Koraidon|Dragon Claw|p2a: Calyrex
|-damage|p2a: Calyrex|0 fnt
|faint|p2a: Calyrex
|move|p2b: Rillaboom|Wood Hammer|p1a: Koraidon
|-resisted|p1a: Koraidon
|-damage|p1a: Koraidon|5/100
|-damage|p2b: Rillaboom|7/100|[from] Recoil
|
|-weather|SunnyDay|[upkeep]
|-heal|p1b: Typhlosion|33/100|[from] Grassy Terrain
|-heal|p1a: Koraidon|11/100|[from] Grassy Terrain
|-heal|p2b: Rillaboom|13/100|[from] Grassy Terrain
|upkeep
|
|t:|1750873667
|switch|p2a: Zamazenta|Zamazenta-Crowned, L50|100/100
|-ability|p2a: Zamazenta|Dauntless Shield|boost
|-boost|p2a: Zamazenta|def|1
|turn|3
|
|t:|1750873682
|switch|p1b: Walking Wake|Walking Wake, L50|100/100
|-activate|p1b: Walking Wake|ability: Protosynthesis
|-start|p1b: Walking Wake|protosynthesisspe
|switch|p2b: Indeedee|Indeedee-F, L50, F|100/100
|-fieldstart|move: Psychic Terrain|[from] ability: Psychic Surge|[of] p2b: Indeedee
|move|p1a: Koraidon|Flare Blitz|p2b: Indeedee
|-damage|p2b: Indeedee|13/100
|-damage|p1a: Koraidon|0 fnt|[from] Recoil
|faint|p1a: Koraidon
|move|p2a: Zamazenta|Body Press|p1b: Walking Wake
|-damage|p1b: Walking Wake|26/100
|
|-weather|SunnyDay|[upkeep]
|upkeep
|
|t:|1750873693
|switch|p1a: Typhlosion|Typhlosion-Hisui, L50, M, shiny, tera:Fire|33/100
|-item|p2a: Zamazenta|Rusted Shield|[from] ability: Frisk|[of] p1a: Typhlosion
|-item|p2b: Indeedee|Ability Shield|[from] ability: Frisk|[of] p1a: Typhlosion
|turn|4
|
|t:|1750873707
|move|p2a: Zamazenta|Protect|p2a: Zamazenta
|-singleturn|p2a: Zamazenta|Protect
|move|p1b: Walking Wake|Snarl|p2b: Indeedee|[spread] p2b
|-activate|p2a: Zamazenta|move: Protect
|-supereffective|p2b: Indeedee
|-damage|p2b: Indeedee|0 fnt
|faint|p2b: Indeedee
|move|p1a: Typhlosion|Flamethrower|p2a: Zamazenta
|-activate|p2a: Zamazenta|move: Protect
|
|-weather|SunnyDay|[upkeep]
|upkeep
|
|t:|1750873717
|switch|p2b: Rillaboom|Rillaboom, L50, F|13/100
|-fieldstart|move: Grassy Terrain|[from] ability: Grassy Surge|[of] p2b: Rillaboom
|turn|5
|
|t:|1750873726
|move|p2b: Rillaboom|Fake Out|p1a: Typhlosion
|-damage|p1a: Typhlosion|13/100
|move|p1b: Walking Wake|Flamethrower|p2a: Zamazenta
|-supereffective|p2a: Zamazenta
|-damage|p2a: Zamazenta|41/100
|cant|p1a: Typhlosion|flinch
|move|p2a: Zamazenta|Body Press|p1b: Walking Wake
|-damage|p1b: Walking Wake|0 fnt
|faint|p1b: Walking Wake
|-end|p1b: Walking Wake|Protosynthesis|[silent]
|
|-weather|none
|-heal|p1a: Typhlosion|19/100|[from] Grassy Terrain
|-heal|p2a: Zamazenta|47/100|[from] Grassy Terrain
|-heal|p2b: Rillaboom|19/100|[from] Grassy Terrain
|upkeep
|turn|6
|
|t:|1750873740
|move|p1a: Typhlosion|Flamethrower|p2a: Zamazenta
|-supereffective|p2a: Zamazenta
|-damage|p2a: Zamazenta|0 fnt
|faint|p2a: Zamazenta
|move|p2b: Rillaboom|Wood Hammer|p1a: Typhlosion
|-resisted|p1a: Typhlosion
|-damage|p1a: Typhlosion|0 fnt
|faint|p1a: Typhlosion
|-damage|p2b: Rillaboom|14/100|[from] Recoil
|
|win|ilikegreenbanana
|raw|farfromperfect's rating: 1479 &rarr; <strong>1456</strong><br />(-23 for losing)
|raw|ilikegreenbanana's rating: 1425 &rarr; <strong>1448</strong><br />(+23 for winning)
|l|☆farfromperfect
|player|p1|
|l|☆ilikegreenbanana
|player|p2|
