|j|☆BicoSamurai
|j|☆i winz u looze
|t:|1750877317
|gametype|doubles
|player|p1|BicoSamurai|wallace|1192
|player|p2|i winz u looze|linebacker|1276
|teamsize|p1|6
|teamsize|p2|6
|gen|9
|tier|[Gen 9] VGC 2025 Reg I
|rated|
|rule|Species Clause: Limit one of each Pokémon
|rule|Item Clause: Limit 1 of each item
|clearpoke
|poke|p1|Volcarona, L50, M|
|poke|p1|Calyrex-Shadow, L50|
|poke|p1|Indeedee-F, L50, F|
|poke|p1|Koraidon, L50|
|poke|p1|Arcanine, L50, M|
|poke|p1|Clefairy, L50, M|
|poke|p2|Calyrex-Ice, L50|
|poke|p2|Miraidon, L50|
|poke|p2|Landorus, L50, M|
|poke|p2|Urshifu-*, L50, M|
|poke|p2|Whimsicott, L50, M|
|poke|p2|Incineroar, L50, M|
|teampreview|4
|inactive|Battle timer is ON: inactive players will automatically lose when time's up. (requested by i winz u looze)
|
|t:|1750877346
|start
|switch|p1a: Arcanine|Arcanine, L50, M|100/100
|switch|p1b: RED|Volcarona, L50, M|100/100
|switch|p2a: Whimsicott|Whimsicott, L50, M|100/100
|switch|p2b: Incineroar|Incineroar, L50, M|100/100
|-ability|p1a: Arcanine|Intimidate|boost
|-unboost|p2a: Whimsicott|atk|1
|-unboost|p2b: Incineroar|atk|1
|-ability|p2b: Incineroar|Intimidate|boost
|-unboost|p1a: Arcanine|atk|1
|-unboost|p1b: RED|atk|1
|turn|1
|inactive|BicoSamurai has 30 seconds left.
|
|t:|1750877379
|move|p2b: Incineroar|Fake Out|p1a: Arcanine
|-damage|p1a: Arcanine|91/100
|move|p2a: Whimsicott|Tailwind|p2a: Whimsicott
|-sidestart|p2: i winz u looze|move: Tailwind
|move|p1b: RED|Fiery Dance|p2a: Whimsicott
|-supereffective|p2a: Whimsicott
|-damage|p2a: Whimsicott|0 fnt
|faint|p2a: Whimsicott
|cant|p1a: Arcanine|flinch
|
|upkeep
|
|t:|1750877385
|switch|p2a: Miraidon|Miraidon, L50|100/100
|-fieldstart|move: Electric Terrain|[from] ability: Hadron Engine|[of] p2a: Miraidon
|turn|2
|
|t:|1750877408
|move|p1b: RED|Protect|p1b: RED
|-singleturn|p1b: RED|Protect
|move|p2a: Miraidon|Draco Meteor|p1a: Arcanine
|-damage|p1a: Arcanine|15/100
|-unboost|p2a: Miraidon|spa|2
|move|p2b: Incineroar|Knock Off|p1b: RED
|-activate|p1b: RED|move: Protect
|move|p1a: Arcanine|Snarl|p2a: Miraidon|[spread] p2a
|-miss|p1a: Arcanine|p2b: Incineroar
|-crit|p2a: Miraidon
|-damage|p2a: Miraidon|94/100
|-unboost|p2a: Miraidon|spa|1
|
|upkeep
|turn|3
|inactive|BicoSamurai has 30 seconds left.
|inactive|i winz u looze has 30 seconds left.
|inactive|BicoSamurai has 20 seconds left.
|inactive|BicoSamurai has 15 seconds left.
|inactive|BicoSamurai has 10 seconds left.
|
|t:|1750877455
|move|p2a: Miraidon|Volt Switch|p1a: Arcanine
|-damage|p1a: Arcanine|0 fnt
|faint|p1a: Arcanine
|
|t:|1750877460
|switch|p2a: Calyrex|Calyrex-Ice, L50|100/100|[from] Volt Switch
|-ability|p2a: Calyrex|As One
|-ability|p2a: Calyrex|Unnerve
|move|p2b: Incineroar|Knock Off|p1b: RED
|-damage|p1b: RED|70/100
|-damage|p2b: Incineroar|84/100|[from] item: Rocky Helmet|[of] p1b: RED
|-enditem|p1b: RED|Rocky Helmet|[from] move: Knock Off|[of] p2b: Incineroar
|move|p1b: RED|Overheat|p2a: Calyrex|[miss]
|-miss|p1b: RED|p2a: Calyrex
|
|upkeep
|
|t:|1750877476
|switch|p1a: Koraidon|Koraidon, L50|100/100
|-weather|SunnyDay|[from] ability: Orichalcum Pulse|[of] p1a: Koraidon
|-activate|p1a: Koraidon|Orichalcum Pulse|[source]
|turn|4
|
|t:|1750877493
|switch|p2b: Miraidon|Miraidon, L50|94/100
|-activate|p2b: Miraidon|ability: Hadron Engine
|-terastallize|p1a: Koraidon|Fire
|-terastallize|p2a: Calyrex|Water
|move|p1a: Koraidon|Close Combat|p2b: Miraidon
|-damage|p2b: Miraidon|0 fnt
|-unboost|p1a: Koraidon|def|1
|-unboost|p1a: Koraidon|spd|1
|faint|p2b: Miraidon
|-damage|p1a: Koraidon|91/100|[from] item: Life Orb
|move|p2a: Calyrex|High Horsepower|p1a: Koraidon
|-supereffective|p1a: Koraidon
|-damage|p1a: Koraidon|0 fnt
|faint|p1a: Koraidon
|-ability|p2a: Calyrex|Chilling Neigh|boost
|-boost|p2a: Calyrex|atk|1
|move|p1b: RED|Overheat|p2a: Calyrex
|-resisted|p2a: Calyrex
|-damage|p2a: Calyrex|69/100
|-unboost|p1b: RED|spa|2
|
|-weather|SunnyDay|[upkeep]
|-heal|p2a: Calyrex|74/100|[from] item: Leftovers
|-sideend|p2: i winz u looze|move: Tailwind
|upkeep
|
|t:|1750877514
|switch|p1a: Calyrex|Calyrex-Shadow, L50|100/100
|switch|p2b: Incineroar|Incineroar, L50, M|84/100
|-ability|p1a: Calyrex|As One
|-ability|p1a: Calyrex|Unnerve
|-ability|p2b: Incineroar|Intimidate|boost
|-unboost|p1a: Calyrex|atk|1
|-unboost|p1b: RED|atk|1
|turn|5
|
|t:|1750877528
|move|p1b: RED|Rage Powder|p1b: RED
|-singleturn|p1b: RED|move: Rage Powder
|move|p1a: Calyrex|Astral Barrage|p2a: Calyrex|[spread] p2a,p2b
|-resisted|p2b: Incineroar
|-damage|p2a: Calyrex|38/100
|-damage|p2b: Incineroar|60/100
|move|p2b: Incineroar|Knock Off|p1b: RED
|-damage|p1b: RED|35/100
|move|p2a: Calyrex|Glacial Lance|p1b: RED|[spread] p1a,p1b
|-resisted|p1b: RED
|-damage|p1a: Calyrex|6/100
|-damage|p1b: RED|0 fnt
|faint|p1b: RED
|-ability|p2a: Calyrex|Chilling Neigh|boost
|-boost|p2a: Calyrex|atk|1
|
|-weather|SunnyDay|[upkeep]
|-heal|p2a: Calyrex|43/100|[from] item: Leftovers
|upkeep
|turn|6
|
|t:|1750877540
|move|p2a: Calyrex|Protect|p2a: Calyrex
|-singleturn|p2a: Calyrex|Protect
|move|p1a: Calyrex|Astral Barrage|p2a: Calyrex|[spread] p2b
|-activate|p2a: Calyrex|move: Protect
|-resisted|p2b: Incineroar
|-damage|p2b: Incineroar|34/100
|move|p2b: Incineroar|Knock Off|p1a: Calyrex
|-supereffective|p1a: Calyrex
|-damage|p1a: Calyrex|0 fnt
|-enditem|p1a: Calyrex|Focus Sash|[from] move: Knock Off|[of] p2b: Incineroar
|faint|p1a: Calyrex
|
|win|i winz u looze
|raw|BicoSamurai's rating: 1192 &rarr; <strong>1173</strong><br />(-19 for losing)
|raw|i winz u looze's rating: 1276 &rarr; <strong>1295</strong><br />(+19 for winning)
|l|☆BicoSamurai
|player|p1|
