|j|☆lostvgc
|j|☆hdlshshxvqjw
|t:|1750746576
|gametype|doubles
|player|p1|lostvgc|benga|1262
|player|p2|hdlshshxvqjw|102|1387
|teamsize|p1|6
|teamsize|p2|6
|gen|9
|tier|[Gen 9] VGC 2025 Reg I
|rated|
|rule|Species Clause: Limit one of each Pokémon
|rule|Item Clause: Limit 1 of each item
|clearpoke
|poke|p1|Calyrex-Shadow, L50|
|poke|p1|Bruxish, L50, F|
|poke|p1|Indeedee-F, L50, F|
|poke|p1|Urshifu-*, L50, F|
|poke|p1|Kyogre, L50|
|poke|p1|Raging Bolt, L50|
|poke|p2|Ho-Oh, L50|
|poke|p2|Calyrex-Shadow, L50|
|poke|p2|Walking Wake, L50|
|poke|p2|Incineroar, L50, M|
|poke|p2|Landorus, L50, M|
|poke|p2|Toxapex, L50, M|
|teampreview|4
|inactive|Battle timer is ON: inactive players will automatically lose when time's up. (requested by hdlshshxvqjw)
|
|t:|1750746601
|start
|switch|p1a: Urshifu|Urshifu-Rapid-Strike, L50, F|100/100
|switch|p1b: Kyogre|Kyogre, L50|100/100
|switch|p2a: Ho-Oh|Ho-Oh, L50|100/100
|switch|p2b: Toxapex|Toxapex, L50, M|100/100
|-weather|RainDance|[from] ability: Drizzle|[of] p1b: Kyogre
|turn|1
|
|t:|1750746621
|-terastallize|p2a: Ho-Oh|Grass
|move|p1a: Urshifu|Close Combat|p2b: Toxapex
|-resisted|p2b: Toxapex
|-damage|p2b: Toxapex|78/100
|-unboost|p1a: Urshifu|def|1
|-unboost|p1a: Urshifu|spd|1
|move|p1b: Kyogre|Water Spout|p2a: Ho-Oh|[spread] p2a,p2b
|-resisted|p2a: Ho-Oh
|-resisted|p2b: Toxapex
|-damage|p2a: Ho-Oh|68/100
|-damage|p2b: Toxapex|32/100
|move|p2b: Toxapex|Toxic Spikes|p1a: Urshifu
|-sidestart|p1: lostvgc|move: Toxic Spikes
|move|p2a: Ho-Oh|Whirlwind|p1a: Urshifu
|drag|p1a: Bruxish|Bruxish, L50, F|100/100
|-status|p1a: Bruxish|psn
|
|-weather|RainDance|[upkeep]
|-damage|p1a: Bruxish|89/100 psn|[from] psn
|upkeep
|turn|2
|inactive|lostvgc has 30 seconds left.
|inactive|lostvgc has 20 seconds left.
|inactive|lostvgc has 15 seconds left.
|
|t:|1750746662
|switch|p2a: Walking Wake|Walking Wake, L50|100/100
|-enditem|p2a: Walking Wake|Booster Energy
|-activate|p2a: Walking Wake|ability: Protosynthesis|[fromitem]
|-start|p2a: Walking Wake|protosynthesisspe
|move|p2b: Toxapex|Baneful Bunker|p2b: Toxapex
|-singleturn|p2b: Toxapex|move: Protect
|move|p1a: Bruxish|Expanding Force|p2a: Walking Wake
|-damage|p2a: Walking Wake|70/100
|move|p1b: Kyogre|Water Spout|p2b: Toxapex|[spread] p2a
|-activate|p2b: Toxapex|move: Protect
|-resisted|p2a: Walking Wake
|-damage|p2a: Walking Wake|38/100
|
|-weather|RainDance|[upkeep]
|-damage|p1a: Bruxish|77/100 psn|[from] psn
|upkeep
|turn|3
|inactive|lostvgc has 30 seconds left.
|inactive|lostvgc has 20 seconds left.
|
|t:|1750746700
|move|p2b: Toxapex|Wide Guard|p2b: Toxapex
|-singleturn|p2b: Toxapex|Wide Guard
|move|p2a: Walking Wake|Draco Meteor|p1a: Bruxish
|-damage|p1a: Bruxish|0 fnt
|-unboost|p2a: Walking Wake|spa|2
|faint|p1a: Bruxish
|move|p1b: Kyogre|Thunder|p2a: Walking Wake
|-damage|p2a: Walking Wake|0 fnt
|faint|p2a: Walking Wake
|-end|p2a: Walking Wake|Protosynthesis|[silent]
|
|-weather|RainDance|[upkeep]
|upkeep
|
|t:|1750746716
|switch|p2a: Calyrex|Calyrex-Shadow, L50|100/100
|switch|p1a: Urshifu|Urshifu-Rapid-Strike, L50, F|100/100
|-ability|p2a: Calyrex|As One
|-ability|p2a: Calyrex|Unnerve
|-status|p1a: Urshifu|psn
|turn|4
|inactive|lostvgc has 30 seconds left.
|
|t:|1750746745
|switch|p2b: Ho-Oh|Ho-Oh, L50, tera:Grass|100/100
|-terastallize|p1b: Kyogre|Grass
|move|p2a: Calyrex|Astral Barrage|p1a: Urshifu|[spread] p1a,p1b
|-damage|p1a: Urshifu|21/100 psn
|-damage|p1b: Kyogre|64/100
|move|p1a: Urshifu|Surging Strikes|p2a: Calyrex
|-crit|p2a: Calyrex
|-damage|p2a: Calyrex|67/100
|-crit|p2a: Calyrex
|-damage|p2a: Calyrex|32/100
|-crit|p2a: Calyrex
|-damage|p2a: Calyrex|0 fnt
|faint|p2a: Calyrex
|-hitcount|p2: Calyrex|3
|move|p1b: Kyogre|Thunder|p2b: Ho-Oh
|-resisted|p2b: Ho-Oh
|-damage|p2b: Ho-Oh|90/100
|
|-weather|RainDance|[upkeep]
|-damage|p1a: Urshifu|9/100 psn|[from] psn
|upkeep
|
|t:|1750746760
|switch|p2a: Toxapex|Toxapex, L50, M|65/100
|turn|5
|
|t:|1750746773
|move|p2a: Toxapex|Baneful Bunker|p2a: Toxapex
|-singleturn|p2a: Toxapex|move: Protect
|move|p1a: Urshifu|Close Combat|p2b: Ho-Oh
|-damage|p2b: Ho-Oh|34/100
|-unboost|p1a: Urshifu|def|1
|-unboost|p1a: Urshifu|spd|1
|move|p1b: Kyogre|Thunder|p2a: Toxapex
|-activate|p2a: Toxapex|move: Protect
|move|p2b: Ho-Oh|Recover|p2b: Ho-Oh
|-heal|p2b: Ho-Oh|85/100
|
|-weather|none
|-damage|p1a: Urshifu|0 fnt|[from] psn
|faint|p1a: Urshifu
|upkeep
|
|t:|1750746785
|switch|p1a: Calyrex|Calyrex-Shadow, L50|100/100
|-ability|p1a: Calyrex|As One
|-ability|p1a: Calyrex|Unnerve
|-status|p1a: Calyrex|psn
|turn|6
|
|t:|1750746795
|move|p1a: Calyrex|Protect|p1a: Calyrex
|-singleturn|p1a: Calyrex|Protect
|move|p2a: Toxapex|Wide Guard|p2a: Toxapex
|-singleturn|p2a: Toxapex|Wide Guard
|move|p1b: Kyogre|Thunder|p2a: Toxapex
|-supereffective|p2a: Toxapex
|-damage|p2a: Toxapex|0 fnt
|faint|p2a: Toxapex
|move|p2b: Ho-Oh|Sacred Fire|p1a: Calyrex
|-activate|p1a: Calyrex|move: Protect
|
|-damage|p1a: Calyrex|88/100 psn|[from] psn
|upkeep
|turn|7
|
|t:|1750746813
|move|p1a: Calyrex|Astral Barrage|p2b: Ho-Oh
|-damage|p2b: Ho-Oh|45/100
|move|p1b: Kyogre|Origin Pulse|p2b: Ho-Oh
|-resisted|p2b: Ho-Oh
|-damage|p2b: Ho-Oh|24/100
|move|p2b: Ho-Oh|Sacred Fire|p1a: Calyrex
|-damage|p1a: Calyrex|38/100 psn
|
|-damage|p1a: Calyrex|26/100 psn|[from] psn
|upkeep
|turn|8
|-message|hdlshshxvqjw forfeited.
|
|win|lostvgc
|raw|lostvgc's rating: 1262 &rarr; <strong>1296</strong><br />(+34 for winning)
|raw|hdlshshxvqjw's rating: 1387 &rarr; <strong>1360</strong><br />(-27 for losing)
|l|☆hdlshshxvqjw
|player|p2|
|c|☆lostvgc|gg
|l|☆lostvgc
|player|p1|
