|j|☆Gibsteroni
|j|☆azzazzl
|t:|1750746721
|gametype|doubles
|player|p1|Gibsteroni|101|1448
|player|p2|azzazzl|dawn|1499
|teamsize|p1|6
|teamsize|p2|6
|gen|9
|tier|[Gen 9] VGC 2025 Reg I
|rated|
|rule|Species Clause: Limit one of each Pokémon
|rule|Item Clause: Limit 1 of each item
|clearpoke
|poke|p1|Dialga-Origin, L50|
|poke|p1|Miraidon, L50|
|poke|p1|Incineroar, L50, M|
|poke|p1|Ursaluna, L50, F|
|poke|p1|Pelipper, L50, F|
|poke|p1|Sinistcha, L50|
|poke|p2|Calyrex-Ice, L50|
|poke|p2|Lunala, L50|
|poke|p2|Urshifu-*, L50, F|
|poke|p2|Indeedee-F, L50, F|
|poke|p2|Torkoal, L50, M|
|poke|p2|Ursaluna, L50, F|
|teampreview|4
|
|t:|1750746746
|start
|switch|p1a: Pelipper|Pelipper, L50, F|100/100
|switch|p1b: Miraidon|Miraidon, L50|100/100
|switch|p2a: Calyrex|Calyrex-Ice, L50|100/100
|switch|p2b: Indeedee|Indeedee-F, L50, F|100/100
|-ability|p2a: Calyrex|As One
|-ability|p2a: Calyrex|Unnerve
|-fieldstart|move: Electric Terrain|[from] ability: Hadron Engine|[of] p1b: Miraidon
|-weather|RainDance|[from] ability: Drizzle|[of] p1a: Pelipper
|-fieldstart|move: Psychic Terrain|[from] ability: Psychic Surge|[of] p2b: Indeedee
|turn|1
|
|t:|1750746778
|move|p1a: Pelipper|Wide Guard|p1a: Pelipper
|-singleturn|p1a: Pelipper|Wide Guard
|move|p2b: Indeedee|Follow Me|p2b: Indeedee
|-singleturn|p2b: Indeedee|move: Follow Me
|move|p1b: Miraidon|Calm Mind|p1b: Miraidon
|-boost|p1b: Miraidon|spa|1
|-boost|p1b: Miraidon|spd|1
|move|p2a: Calyrex|Trick Room|p2a: Calyrex
|-fieldstart|move: Trick Room|[of] p2a: Calyrex
|
|-weather|RainDance|[upkeep]
|upkeep
|turn|2
|
|t:|1750746799
|move|p2b: Indeedee|Helping Hand|p2a: Calyrex
|-singleturn|p2a: Calyrex|Helping Hand|[of] p2b: Indeedee
|move|p1a: Pelipper|Wide Guard|p1a: Pelipper
|-singleturn|p1a: Pelipper|Wide Guard
|move|p2a: Calyrex|High Horsepower|p1b: Miraidon
|-supereffective|p1b: Miraidon
|-damage|p1b: Miraidon|9/100
|move|p1b: Miraidon|Parabolic Charge|p2b: Indeedee|[spread] p2a,p2b
|-activate|p1a: Pelipper|move: Wide Guard
|-damage|p2a: Calyrex|73/100
|-heal|p1b: Miraidon|23/100|[from] drain|[of] p2a: Calyrex
|-damage|p2b: Indeedee|67/100
|-heal|p1b: Miraidon|37/100|[from] drain|[of] p2b: Indeedee
|
|-weather|RainDance|[upkeep]
|upkeep
|turn|3
|
|t:|1750746831
|switch|p2b: Lunala|Lunala, L50|100/100
|move|p1b: Miraidon|Protect|p1b: Miraidon
|-singleturn|p1b: Miraidon|Protect
|move|p2a: Calyrex|High Horsepower|p1b: Miraidon
|-activate|p1b: Miraidon|move: Protect
|move|p1a: Pelipper|Weather Ball|p2a: Calyrex
|-damage|p2a: Calyrex|39/100
|
|-weather|RainDance|[upkeep]
|upkeep
|turn|4
|
|t:|1750746873
|switch|p1a: Sinistcha|Sinistcha, L50|100/100
|-heal|p1b: Miraidon|62/100|[from] ability: Hospitality|[of] p1a: Sinistcha
|-terastallize|p1b: Miraidon|Fairy
|move|p2a: Calyrex|High Horsepower|p1b: Miraidon
|-damage|p1b: Miraidon|30/100
|move|p2b: Lunala|Meteor Beam||[still]
|-prepare|p2b: Lunala|Meteor Beam
|-boost|p2b: Lunala|spa|1
|-enditem|p2b: Lunala|Power Herb
|-anim|p2b: Lunala|Meteor Beam|p1a: Sinistcha
|-damage|p1a: Sinistcha|21/100
|move|p1b: Miraidon|Parabolic Charge|p2a: Calyrex|[spread] p1a,p2a,p2b
|-resisted|p1a: Sinistcha
|-damage|p1a: Sinistcha|0 fnt
|-heal|p1b: Miraidon|39/100|[from] drain|[of] p1a: Sinistcha
|-damage|p2a: Calyrex|13/100
|-heal|p1b: Miraidon|53/100|[from] drain|[of] p2a: Calyrex
|-damage|p2b: Lunala|87/100
|-heal|p1b: Miraidon|60/100|[from] drain|[of] p2b: Lunala
|faint|p1a: Sinistcha
|
|-weather|RainDance|[upkeep]
|upkeep
|
|t:|1750746902
|switch|p1a: Dialga|Dialga-Origin, L50|100/100
|turn|5
|
|t:|1750746917
|move|p1b: Miraidon|Protect|p1b: Miraidon
|-singleturn|p1b: Miraidon|Protect
|move|p1a: Dialga|Dragon Pulse|p2a: Calyrex
|-damage|p2a: Calyrex|0 fnt
|faint|p2a: Calyrex
|move|p2b: Lunala|Trick Room|p2b: Lunala
|-fieldend|move: Trick Room
|
|-weather|none
|-fieldend|move: Psychic Terrain
|upkeep
|
|t:|1750746925
|switch|p2a: Indeedee|Indeedee-F, L50, F|67/100
|-fieldstart|move: Psychic Terrain|[from] ability: Psychic Surge|[of] p2a: Indeedee
|turn|6
|
|t:|1750746944
|move|p2a: Indeedee|Follow Me|p2a: Indeedee
|-singleturn|p2a: Indeedee|move: Follow Me
|move|p1b: Miraidon|Parabolic Charge|p2a: Indeedee|[spread] p2a,p2b
|-activate|p1a: Dialga|ability: Telepathy
|-damage|p2a: Indeedee|31/100
|-heal|p1b: Miraidon|76/100|[from] drain|[of] p2a: Indeedee
|-damage|p2b: Lunala|59/100
|-heal|p1b: Miraidon|92/100|[from] drain|[of] p2b: Lunala
|move|p1a: Dialga|Flash Cannon|p2a: Indeedee
|-crit|p2a: Indeedee
|-damage|p2a: Indeedee|0 fnt
|faint|p2a: Indeedee
|move|p2b: Lunala|Trick Room|p2b: Lunala
|-fieldstart|move: Trick Room|[of] p2b: Lunala
|
|upkeep
|
|t:|1750746957
|switch|p2a: Ursaluna|Ursaluna, L50, F|100/100
|turn|7
|
|t:|1750746994
|move|p2a: Ursaluna|Protect|p2a: Ursaluna
|-singleturn|p2a: Ursaluna|Protect
|move|p2b: Lunala|Expanding Force|p1a: Dialga|[spread] p1a,p1b
|-resisted|p1a: Dialga
|-damage|p1a: Dialga|66/100
|-damage|p1b: Miraidon|41/100
|-enditem|p1b: Miraidon|Sitrus Berry|[eat]
|-heal|p1b: Miraidon|66/100|[from] item: Sitrus Berry
|move|p1a: Dialga|Flash Cannon|p2b: Lunala
|-damage|p2b: Lunala|20/100
|move|p1b: Miraidon|Tera Blast|p2b: Lunala|[anim] Tera Blast Fairy
|-damage|p2b: Lunala|0 fnt
|faint|p2b: Lunala
|
|-status|p2a: Ursaluna|brn|[from] item: Flame Orb
|upkeep
|turn|8
|
|t:|1750747016
|switch|p1a: Pelipper|Pelipper, L50, F|100/100
|-weather|RainDance|[from] ability: Drizzle|[of] p1a: Pelipper
|move|p1b: Miraidon|Protect|p1b: Miraidon
|-singleturn|p1b: Miraidon|Protect
|move|p2a: Ursaluna|Earthquake|p1a: Pelipper|[spread] 
|-activate|p1b: Miraidon|move: Protect
|-immune|p1a: Pelipper
|
|-weather|RainDance|[upkeep]
|-damage|p2a: Ursaluna|94/100 brn|[from] brn
|upkeep
|turn|9
|-message|azzazzl forfeited.
|
|win|Gibsteroni
|raw|Gibsteroni's rating: 1448 &rarr; <strong>1471</strong><br />(+23 for winning)
|raw|azzazzl's rating: 1499 &rarr; <strong>1476</strong><br />(-23 for losing)
|l|☆azzazzl
|player|p2|
|l|☆Gibsteroni
|player|p1|
