|j|☆thatoneguy1337
|j|☆pom123123123
|t:|1750745431
|gametype|doubles
|player|p1|thatoneguy1337|caitlin|1585
|player|p2|pom123123123|wattson|1757
|teamsize|p1|6
|teamsize|p2|6
|gen|9
|tier|[Gen 9] VGC 2025 Reg I
|rated|
|rule|Species Clause: Limit one of each Pokémon
|rule|Item Clause: Limit 1 of each item
|clearpoke
|poke|p1|Lunala, L50|
|poke|p1|Ursaluna, L50, M|
|poke|p1|Urshifu-*, L50, M|
|poke|p1|Miraidon, L50|
|poke|p1|Grimmsnarl, L50, M|
|poke|p1|Incineroar, L50, F|
|poke|p2|Calyrex-Ice, L50|
|poke|p2|Kyogre, L50|
|poke|p2|Farigiraf, L50, F|
|poke|p2|Rillaboom, L50, F|
|poke|p2|Urshifu-*, L50, F|
|poke|p2|Smeargle, L50, M|
|teampreview|4
|inactive|Battle timer is ON: inactive players will automatically lose when time's up. (requested by pom123123123)
|inactive|thatoneguy1337 has 60 seconds left.
|
|t:|1750745467
|start
|switch|p1a: Miraidon|Miraidon, L50|100/100
|switch|p1b: Urshifu|Urshifu-Rapid-Strike, L50, M|100/100
|switch|p2a: Kanne|Calyrex-Ice, L50|100/100
|switch|p2b: Wu Kong|Rillaboom, L50, F|100/100
|-ability|p2a: Kanne|As One
|-ability|p2a: Kanne|Unnerve
|-fieldstart|move: Electric Terrain|[from] ability: Hadron Engine|[of] p1a: Miraidon
|-fieldstart|move: Grassy Terrain|[from] ability: Grassy Surge|[of] p2b: Wu Kong
|-enditem|p2b: Wu Kong|Grassy Seed
|-boost|p2b: Wu Kong|def|1|[from] item: Grassy Seed
|turn|1
|inactive|pom123123123 has 30 seconds left.
|inactive|pom123123123 has 20 seconds left.
|inactive|pom123123123 has 15 seconds left.
|inactive|pom123123123 has 10 seconds left.
|
|t:|1750745512
|switch|p1a: Incineroar|Incineroar, L50, F|100/100
|-ability|p1a: Incineroar|Intimidate|boost
|-fail|p2a: Kanne|unboost|[from] item: Clear Amulet|[of] p2a: Kanne
|-unboost|p2b: Wu Kong|atk|1
|move|p2b: Wu Kong|Fake Out|p1b: Urshifu
|-crit|p1b: Urshifu
|-damage|p1b: Urshifu|80/100
|cant|p1b: Urshifu|flinch
|move|p2a: Kanne|Trick Room|p2a: Kanne
|-fieldstart|move: Trick Room|[of] p2a: Kanne
|
|-heal|p1b: Urshifu|86/100|[from] Grassy Terrain
|upkeep
|turn|2
|inactive|thatoneguy1337 has 30 seconds left.
|
|t:|1750745537
|switch|p2b: Lawine|Kyogre, L50|100/100
|-weather|RainDance|[from] ability: Drizzle|[of] p2b: Lawine
|-terastallize|p2a: Kanne|Fire
|move|p2a: Kanne|High Horsepower|p1b: Urshifu
|-damage|p1b: Urshifu|42/100
|move|p1a: Incineroar|Will-O-Wisp|p2a: Kanne
|-immune|p2a: Kanne
|move|p1b: Urshifu|Close Combat|p2b: Lawine
|-damage|p2b: Lawine|4/100
|-unboost|p1b: Urshifu|def|1
|-unboost|p1b: Urshifu|spd|1
|
|-weather|RainDance|[upkeep]
|-heal|p2b: Lawine|10/100|[from] Grassy Terrain
|-heal|p1b: Urshifu|48/100|[from] Grassy Terrain
|upkeep
|turn|3
|
|t:|1750745562
|switch|p1b: Lunala|Lunala, L50|100/100
|move|p2b: Lawine|Hydro Pump|p1a: Incineroar
|-supereffective|p1a: Incineroar
|-damage|p1a: Incineroar|0 fnt
|faint|p1a: Incineroar
|move|p2a: Kanne|High Horsepower|p1b: Lunala|[miss]
|-miss|p2a: Kanne|p1b: Lunala
|
|-weather|RainDance|[upkeep]
|-heal|p2b: Lawine|16/100|[from] Grassy Terrain
|upkeep
|
|t:|1750745569
|switch|p1a: Urshifu|Urshifu-Rapid-Strike, L50, M|48/100
|turn|4
|
|t:|1750745578
|switch|p2b: Wu Kong|Rillaboom, L50, F|100/100
|move|p1a: Urshifu|Aqua Jet|p2b: Wu Kong
|-resisted|p2b: Wu Kong
|-damage|p2b: Wu Kong|74/100
|move|p2a: Kanne|High Horsepower|p1a: Urshifu
|-damage|p1a: Urshifu|11/100
|move|p1b: Lunala|Trick Room|p1b: Lunala
|-fieldend|move: Trick Room
|
|-weather|RainDance|[upkeep]
|-heal|p1a: Urshifu|17/100|[from] Grassy Terrain
|-heal|p2b: Wu Kong|80/100|[from] Grassy Terrain
|upkeep
|turn|5
|inactive|pom123123123 has 30 seconds left.
|
|t:|1750745605
|switch|p1a: Miraidon|Miraidon, L50|100/100
|-fieldstart|move: Electric Terrain|[from] ability: Hadron Engine|[of] p1a: Miraidon
|-enditem|p1b: Lunala|Electric Seed
|-boost|p1b: Lunala|def|1|[from] item: Electric Seed
|move|p2b: Wu Kong|Taunt|p1b: Lunala
|-start|p1b: Lunala|move: Taunt
|cant|p1b: Lunala|move: Taunt|Trick Room
|move|p2a: Kanne|Trick Room|p2a: Kanne
|-fieldstart|move: Trick Room|[of] p2a: Kanne
|
|-weather|RainDance|[upkeep]
|upkeep
|turn|6
|inactive|pom123123123 has 30 seconds left.
|
|t:|1750745631
|-terastallize|p1a: Miraidon|Electric
|move|p2a: Kanne|Glacial Lance|p1b: Lunala|[spread] p1a,p1b
|-damage|p1a: Miraidon|50/100
|-damage|p1b: Lunala|86/100
|move|p2b: Wu Kong|Wood Hammer|p1a: Miraidon
|-damage|p1a: Miraidon|0 fnt
|faint|p1a: Miraidon
|-damage|p2b: Wu Kong|63/100|[from] Recoil
|move|p1b: Lunala|Moongeist Beam|p2a: Kanne
|-damage|p2a: Kanne|65/100
|
|-weather|none
|upkeep
|-message|thatoneguy1337 forfeited.
|
|win|pom123123123
|raw|thatoneguy1337's rating: 1585 &rarr; <strong>1574</strong><br />(-11 for losing)
|raw|pom123123123's rating: 1757 &rarr; <strong>1768</strong><br />(+11 for winning)
|l|☆thatoneguy1337
|player|p1|
|l|☆pom123123123
|player|p2|
