|j|☆BtheMan
|j|☆Theproswagonist
|t:|1750877629
|gametype|doubles
|player|p1|BtheMan|fisherman-gen4|1432
|player|p2|Theproswagonist|101|1485
|teamsize|p1|6
|teamsize|p2|6
|gen|9
|tier|[Gen 9] VGC 2025 Reg I
|rated|
|rule|Species Clause: Limit one of each Pokémon
|rule|Item Clause: Limit 1 of each item
|clearpoke
|poke|p1|Weezing-Galar, L50, F|
|poke|p1|Calyrex-Shadow, L50|
|poke|p1|Chi-Yu, L50|
|poke|p1|Koraidon, L50|
|poke|p1|Brute Bonnet, L50|
|poke|p1|Raging Bolt, L50|
|poke|p2|Tinkaton, L50, F|
|poke|p2|Kyurem-Black, L50|
|poke|p2|Landorus, L50, M|
|poke|p2|Whimsicott, L50, M|
|poke|p2|Kyogre, L50|
|poke|p2|Urshifu-*, L50, F|
|teampreview|4
|inactive|Battle timer is ON: inactive players will automatically lose when time's up. (requested by Theproswagonist)
|inactive|BtheMan also wants the timer to be on.
BtheMan has agreed to open team sheets.
Theproswagonist has agreed to open team sheets.
|showteam|p1|Weezing-Galar||SafetyGoggles|NeutralizingGas|Protect,DazzlingGleam,PoisonGas,Taunt|||F|||50|,,,,,Water]Calyrex-Shadow||FocusSash|AsOneSpectrier|AstralBarrage,Encore,Psychic,Protect||||||50|,,,,,Ghost]Chi-Yu||ChoiceScarf|BeadsofRuin|Overheat,Ruination,DarkPulse,HeatWave||||||50|,,,,,Ghost]Koraidon||AbilityShield|OrichalcumPulse|FlareBlitz,CollisionCourse,FlameCharge,Protect||||||50|,,,,,Fire]Brute Bonnet||CovertCloak|Protosynthesis|SuckerPunch,RagePowder,Spore,SeedBomb||||||50|,,,,,Water]Raging Bolt||AssaultVest|Protosynthesis|Thunderbolt,DragonPulse,Thunderclap,Electroweb||||||50|,,,,,Fairy
|showteam|p2|Tinkaton||AssaultVest|MoldBreaker|PlayRough,GigatonHammer,FakeOut,Feint|||F|||50|,,,,,Dragon]Kyurem-Black||LoadedDice|Teravolt|IcicleSpear,ScaleShot,FusionBolt,Protect||||||50|,,,,,Electric]Landorus||LifeOrb|SheerForce|EarthPower,SludgeBomb,SandsearStorm,Protect|||M|||50|,,,,,Poison]Whimsicott||CovertCloak|Prankster|Moonblast,Encore,Tailwind,LightScreen|||M|||50|,,,,,Dark]Kyogre||MysticWater|Drizzle|WaterSpout,OriginPulse,Thunder,Protect||||||50|,,,,,Water]Urshifu||FocusSash|UnseenFist|WickedBlow,SuckerPunch,CloseCombat,Protect|||F|||50|,,,,,Dark
|inactive|BtheMan has 60 seconds left.
|inactive|Theproswagonist has 60 seconds left.
|
|t:|1750877665
|start
|switch|p1a: Weezing|Weezing-Galar, L50, F|100/100
|switch|p1b: Koraidon|Koraidon, L50|100/100
|switch|p2a: Whimsicott|Whimsicott, L50, M|100/100
|switch|p2b: Urshifu|Urshifu, L50, F|100/100
|-ability|p1a: Weezing|Neutralizing Gas
|-block|p1b: Koraidon|item: Ability Shield
|-weather|SunnyDay|[from] ability: Orichalcum Pulse|[of] p1b: Koraidon
|-activate|p1b: Koraidon|Orichalcum Pulse|[source]
|turn|1
|inactive|Theproswagonist has 30 seconds left.
|
|t:|1750877694
|-terastallize|p1b: Koraidon|Fire
|-terastallize|p2a: Whimsicott|Dark
|move|p1b: Koraidon|Flare Blitz|p2a: Whimsicott
|-damage|p2a: Whimsicott|0 fnt
|faint|p2a: Whimsicott
|-damage|p1b: Koraidon|74/100|[from] Recoil
|move|p2b: Urshifu|Wicked Blow|p1b: Koraidon
|-crit|p1b: Koraidon
|-damage|p1b: Koraidon|20/100
|move|p1a: Weezing|Dazzling Gleam|p2b: Urshifu
|-supereffective|p2b: Urshifu
|-enditem|p2b: Urshifu|Focus Sash
|-damage|p2b: Urshifu|1/100
|
|-weather|SunnyDay|[upkeep]
|upkeep
|
|t:|1750877712
|switch|p2a: Kyurem|Kyurem-Black, L50|100/100
|turn|2
|
|t:|1750877720
|move|p2b: Urshifu|Sucker Punch|p1b: Koraidon
|-crit|p1b: Koraidon
|-damage|p1b: Koraidon|0 fnt
|faint|p1b: Koraidon
|move|p2a: Kyurem|Icicle Spear|p1a: Weezing
|-damage|p1a: Weezing|88/100
|-damage|p1a: Weezing|74/100
|-damage|p1a: Weezing|60/100
|-damage|p1a: Weezing|48/100
|-damage|p1a: Weezing|35/100
|-hitcount|p1a: Weezing|5
|move|p1a: Weezing|Dazzling Gleam|p2a: Kyurem|[spread] p2a,p2b
|-supereffective|p2a: Kyurem
|-supereffective|p2b: Urshifu
|-damage|p2a: Kyurem|65/100
|-damage|p2b: Urshifu|0 fnt
|faint|p2b: Urshifu
|
|-weather|SunnyDay|[upkeep]
|upkeep
|
|t:|1750877735
|switch|p1b: Chi-Yu|Chi-Yu, L50|100/100
|switch|p2b: Kyogre|Kyogre, L50|100/100
|turn|3
|
|t:|1750877754
|move|p2b: Kyogre|Protect|p2b: Kyogre
|-singleturn|p2b: Kyogre|Protect
|move|p1a: Weezing|Protect|p1a: Weezing
|-singleturn|p1a: Weezing|Protect
|move|p1b: Chi-Yu|Heat Wave|p2a: Kyurem|[spread] p2a
|-activate|p2b: Kyogre|move: Protect
|-damage|p2a: Kyurem|19/100
|move|p2a: Kyurem|Scale Shot|p1b: Chi-Yu
|-damage|p1b: Chi-Yu|80/100
|-damage|p1b: Chi-Yu|58/100
|-damage|p1b: Chi-Yu|37/100
|-damage|p1b: Chi-Yu|14/100
|-damage|p1b: Chi-Yu|0 fnt
|faint|p1b: Chi-Yu
|-hitcount|p1: Chi-Yu|5
|-unboost|p2a: Kyurem|def|1
|-boost|p2a: Kyurem|spe|1
|
|-weather|SunnyDay|[upkeep]
|upkeep
|
|t:|1750877767
|switch|p1b: Calyrex|Calyrex-Shadow, L50|100/100
|-ability|p1b: Calyrex|As One
|-ability|p1b: Calyrex|Unnerve
|turn|4
|
|t:|1750877780
|move|p2a: Kyurem|Icicle Spear|p1b: Calyrex
|-damage|p1b: Calyrex|81/100
|-damage|p1b: Calyrex|62/100
|-damage|p1b: Calyrex|42/100
|-damage|p1b: Calyrex|23/100
|-damage|p1b: Calyrex|4/100
|-hitcount|p1b: Calyrex|5
|move|p1b: Calyrex|Astral Barrage|p2a: Kyurem|[spread] p2a,p2b
|-damage|p2a: Kyurem|0 fnt
|-damage|p2b: Kyogre|64/100
|faint|p2a: Kyurem
|-ability|p1b: Calyrex|Grim Neigh|boost
|-boost|p1b: Calyrex|spa|1
|move|p2b: Kyogre|Water Spout|p1b: Calyrex|[spread] p1a,p1b
|-damage|p1a: Weezing|10/100
|-damage|p1b: Calyrex|0 fnt
|faint|p1b: Calyrex
|move|p1a: Weezing|Dazzling Gleam|p2b: Kyogre
|-damage|p2b: Kyogre|49/100
|
|-weather|SunnyDay|[upkeep]
|upkeep
|turn|5
|-message|BtheMan forfeited.
|
|win|Theproswagonist
|raw|BtheMan's rating: 1432 &rarr; <strong>1415</strong><br />(-17 for losing)
|raw|Theproswagonist's rating: 1485 &rarr; <strong>1502</strong><br />(+17 for winning)
|l|☆BtheMan
|player|p1|
