|j|☆Redhoundoom
|j|☆Murkrow17
|t:|1750711972
|gametype|doubles
|player|p1|Redhoundoom|1|1355
|player|p2|Murkrow17|grimsley|1423
|teamsize|p1|6
|teamsize|p2|6
|gen|9
|tier|[Gen 9] VGC 2025 Reg I
|rated|
|rule|Species Clause: Limit one of each Pokémon
|rule|Item Clause: Limit 1 of each item
|clearpoke
|poke|p1|Garganacl, L50, M|
|poke|p1|Rillaboom, L50, M|
|poke|p1|Zamazenta-*, L50|
|poke|p1|Calyrex-Shadow, L50|
|poke|p1|Baxcalibur, L50, M|
|poke|p1|Tauros-Paldea-Aqua, L50, M|
|poke|p2|Calyrex-Ice, L50|
|poke|p2|Miraidon, L50|
|poke|p2|Ursaluna, L50, M|
|poke|p2|Volcarona, L50, F|
|poke|p2|Grimmsnarl, L50, M|
|poke|p2|Iron Hands, L50|
|teampreview|4
|inactive|Battle timer is ON: inactive players will automatically lose when time's up. (requested by Redhoundoom)
|inactive|Redhoundoom has 60 seconds left.
|inactive|Murkrow17 has 60 seconds left.
|
|t:|1750712012
|start
|switch|p1a: Calyrex|Calyrex-Shadow, L50|100/100
|switch|p1b: Zamazenta|Zamazenta-Crowned, L50|100/100
|switch|p2a: Grimmsnarl|Grimmsnarl, L50, M|100/100
|switch|p2b: Miraidon|Miraidon, L50|100/100
|-ability|p1a: Calyrex|As One
|-ability|p1a: Calyrex|Unnerve
|-fieldstart|move: Electric Terrain|[from] ability: Hadron Engine|[of] p2b: Miraidon
|-ability|p1b: Zamazenta|Dauntless Shield|boost
|-boost|p1b: Zamazenta|def|1
|turn|1
|inactive|Redhoundoom has 30 seconds left.
|
|t:|1750712040
|move|p2a: Grimmsnarl|Thunder Wave|p1a: Calyrex
|-status|p1a: Calyrex|par
|move|p2b: Miraidon|Electro Drift|p1b: Zamazenta
|-damage|p1b: Zamazenta|10/100
|move|p1b: Zamazenta|Body Press|p2b: Miraidon
|-damage|p2b: Miraidon|47/100
|move|p1a: Calyrex|Astral Barrage|p2a: Grimmsnarl|[spread] p2a,p2b
|-resisted|p2a: Grimmsnarl
|-damage|p2a: Grimmsnarl|72/100
|-damage|p2b: Miraidon|0 fnt
|faint|p2b: Miraidon
|-ability|p1a: Calyrex|Grim Neigh|boost
|-boost|p1a: Calyrex|spa|1
|
|upkeep
|
|t:|1750712059
|switch|p2b: Calyrex|Calyrex-Ice, L50|100/100
|-ability|p2b: Calyrex|As One
|-ability|p2b: Calyrex|Unnerve
|turn|2
|inactive|Redhoundoom has 30 seconds left.
|inactive|Murkrow17 has 30 seconds left.
|inactive|Murkrow17 has 20 seconds left.
|
|t:|1750712094
|switch|p1b: Tauros|Tauros-Paldea-Aqua, L50, M|100/100
|-ability|p1b: Tauros|Intimidate|boost
|-unboost|p2a: Grimmsnarl|atk|1
|-unboost|p2b: Calyrex|atk|1
|-terastallize|p1a: Calyrex|Ghost
|-terastallize|p2b: Calyrex|Water
|cant|p1a: Calyrex|par
|move|p2a: Grimmsnarl|Spirit Break|p1a: Calyrex
|-damage|p1a: Calyrex|75/100 par
|-unboost|p1a: Calyrex|spa|1
|move|p2b: Calyrex|Trick Room|p2b: Calyrex
|-fieldstart|move: Trick Room|[of] p2b: Calyrex
|
|upkeep
|turn|3
|
|t:|1750712119
|move|p1a: Calyrex|Protect|p1a: Calyrex
|-singleturn|p1a: Calyrex|Protect
|move|p1b: Tauros|Protect|p1b: Tauros
|-singleturn|p1b: Tauros|Protect
|move|p2a: Grimmsnarl|Light Screen|p2a: Grimmsnarl
|-sidestart|p2: Murkrow17|move: Light Screen
|move|p2b: Calyrex|Leech Seed|p1b: Tauros
|-activate|p1b: Tauros|move: Protect
|
|upkeep
|turn|4
|
|t:|1750712142
|switch|p1a: Zamazenta|Zamazenta-Crowned, L50|10/100
|move|p2b: Calyrex|Glacial Lance|p1a: Zamazenta|[spread] p1a,p1b
|-resisted|p1a: Zamazenta
|-resisted|p1b: Tauros
|-damage|p1a: Zamazenta|0 fnt
|-damage|p1b: Tauros|87/100
|faint|p1a: Zamazenta
|-ability|p2b: Calyrex|Chilling Neigh|boost
|-boost|p2b: Calyrex|atk|1
|move|p2a: Grimmsnarl|Spirit Break|p1b: Tauros
|-supereffective|p1b: Tauros
|-damage|p1b: Tauros|53/100
|-unboost|p1b: Tauros|spa|1
|move|p1b: Tauros|Close Combat|p2b: Calyrex
|-damage|p2b: Calyrex|72/100
|-unboost|p1b: Tauros|def|1
|-unboost|p1b: Tauros|spd|1
|
|-heal|p2b: Calyrex|78/100|[from] item: Leftovers
|upkeep
|inactive|Redhoundoom has 30 seconds left.
|
|t:|1750712167
|switch|p1a: Rillaboom|Rillaboom, L50, M|100/100
|-fieldstart|move: Grassy Terrain|[from] ability: Grassy Surge|[of] p1a: Rillaboom
|turn|5
|
|t:|1750712173
|switch|p1b: Calyrex|Calyrex-Shadow, L50, tera:Ghost|75/100 par
|-ability|p1b: Calyrex|As One
|-ability|p1b: Calyrex|Unnerve
|move|p1a: Rillaboom|Fake Out|p2b: Calyrex
|-damage|p2b: Calyrex|69/100
|move|p2a: Grimmsnarl|Reflect|p2a: Grimmsnarl
|-sidestart|p2: Murkrow17|Reflect
|cant|p2b: Calyrex|flinch
|
|-heal|p2b: Calyrex|75/100|[from] Grassy Terrain
|-heal|p2b: Calyrex|81/100|[from] item: Leftovers
|-heal|p2a: Grimmsnarl|78/100|[from] Grassy Terrain
|-heal|p1b: Calyrex|81/100 par|[from] Grassy Terrain
|upkeep
|turn|6
|inactive|Redhoundoom has 30 seconds left.
|
|t:|1750712207
|switch|p1b: Tauros|Tauros-Paldea-Aqua, L50, M|53/100
|-ability|p1b: Tauros|Intimidate|boost
|-unboost|p2a: Grimmsnarl|atk|1
|-unboost|p2b: Calyrex|atk|1
|move|p2b: Calyrex|Glacial Lance|p1b: Tauros|[spread] p1a,p1b
|-supereffective|p1a: Rillaboom
|-resisted|p1b: Tauros
|-damage|p1a: Rillaboom|37/100
|-damage|p1b: Tauros|39/100
|move|p2a: Grimmsnarl|Spirit Break|p1a: Rillaboom
|-damage|p1a: Rillaboom|23/100
|-unboost|p1a: Rillaboom|spa|1
|move|p1a: Rillaboom|Wood Hammer|p2b: Calyrex
|-supereffective|p2b: Calyrex
|-damage|p2b: Calyrex|0 fnt
|faint|p2b: Calyrex
|-damage|p1a: Rillaboom|0 fnt|[from] Recoil
|faint|p1a: Rillaboom
|
|-heal|p2a: Grimmsnarl|84/100|[from] Grassy Terrain
|-heal|p1b: Tauros|45/100|[from] Grassy Terrain
|-fieldend|move: Trick Room
|upkeep
|
|t:|1750712225
|switch|p1a: Calyrex|Calyrex-Shadow, L50, tera:Ghost|81/100 par
|switch|p2b: Ursaluna|Ursaluna, L50, M|100/100
|-ability|p1a: Calyrex|As One
|-ability|p1a: Calyrex|Unnerve
|turn|7
|inactive|Redhoundoom has 30 seconds left.
|inactive|Redhoundoom has 20 seconds left.
|inactive|Redhoundoom has 15 seconds left.
|
|t:|1750712269
|move|p2a: Grimmsnarl|Thunder Wave|p1b: Tauros
|-status|p1b: Tauros|par
|cant|p1a: Calyrex|par
|move|p2b: Ursaluna|Headlong Rush|p1b: Tauros
|-damage|p1b: Tauros|0 fnt
|-unboost|p2b: Ursaluna|def|1
|-unboost|p2b: Ursaluna|spd|1
|faint|p1b: Tauros
|
|-heal|p1a: Calyrex|87/100 par|[from] Grassy Terrain
|-heal|p2a: Grimmsnarl|90/100|[from] Grassy Terrain
|-status|p2b: Ursaluna|brn|[from] item: Flame Orb
|upkeep
|turn|8
|-message|Redhoundoom forfeited.
|
|win|Murkrow17
|raw|Redhoundoom's rating: 1355 &rarr; <strong>1339</strong><br />(-16 for losing)
|raw|Murkrow17's rating: 1423 &rarr; <strong>1439</strong><br />(+16 for winning)
|l|☆Redhoundoom
|player|p1|
|l|☆Murkrow17
|player|p2|
