|j|☆Kana_Hendrix
|j|☆Bigkm8
|t:|1750801855
|gametype|doubles
|player|p1|Kana_Hendrix|2|1173
|player|p2|Bigkm8|266|1099
|teamsize|p1|6
|teamsize|p2|6
|gen|9
|tier|[Gen 9] VGC 2025 Reg I
|rated|
|rule|Species Clause: Limit one of each Pokémon
|rule|Item Clause: Limit 1 of each item
|clearpoke
|poke|p1|Koraidon, L50|
|poke|p1|Flutter Mane, L50|
|poke|p1|Incineroar, L50, M|
|poke|p1|Calyrex-Shadow, L50|
|poke|p1|Gothitelle, L50, M|
|poke|p1|Scream Tail, L50|
|poke|p2|Honchkrow, L50, F|
|poke|p2|Iron Leaves, L50|
|poke|p2|Zebstrika, L50, M|
|poke|p2|Miraidon, L50|
|poke|p2|Orthworm, L50, M|
|poke|p2|Ho-Oh, L50|
|teampreview|4
|
|t:|1750801881
|start
|switch|p1a: Incineroar|Incineroar, L50, M, shiny|100/100
|switch|p1b: Flutter Mane|Flutter Mane, L50|100/100
|switch|p2a: Miraidon|Miraidon, L50|100/100
|switch|p2b: Ho-Oh|Ho-Oh, L50|100/100
|-fieldstart|move: Electric Terrain|[from] ability: Hadron Engine|[of] p2a: Miraidon
|-ability|p1a: Incineroar|Intimidate|boost
|-unboost|p2a: Miraidon|atk|1
|-unboost|p2b: Ho-Oh|atk|1
|turn|1
|
|t:|1750801926
|-terastallize|p2a: Miraidon|Normal
|move|p1b: Flutter Mane|Protect|p1b: Flutter Mane
|-singleturn|p1b: Flutter Mane|Protect
|move|p2a: Miraidon|Snarl|p1b: Flutter Mane|[spread] p1a
|-activate|p1b: Flutter Mane|move: Protect
|-resisted|p1a: Incineroar
|-damage|p1a: Incineroar|88/100
|-unboost|p1a: Incineroar|spa|1
|-damage|p2a: Miraidon|91/100|[from] item: Life Orb
|move|p2b: Ho-Oh|Tailwind|p2b: Ho-Oh
|-sidestart|p2: Bigkm8|move: Tailwind
|move|p1a: Incineroar|Knock Off|p2a: Miraidon
|-crit|p2a: Miraidon
|-damage|p2a: Miraidon|29/100
|-enditem|p2a: Miraidon|Life Orb|[from] move: Knock Off|[of] p1a: Incineroar
|
|upkeep
|turn|2
|
|t:|1750801968
|move|p2a: Miraidon|Snarl|p1b: Flutter Mane|[spread] p1a,p1b
|-resisted|p1a: Incineroar
|-damage|p1a: Incineroar|79/100
|-damage|p1b: Flutter Mane|79/100
|-unboost|p1a: Incineroar|spa|1
|-unboost|p1b: Flutter Mane|spa|1
|move|p2b: Ho-Oh|Fly||[still]
|-prepare|p2b: Ho-Oh|Fly
|move|p1b: Flutter Mane|Dazzling Gleam|p2a: Miraidon|[spread] p2a
|-miss|p1b: Flutter Mane|p2b: Ho-Oh
|-damage|p2a: Miraidon|10/100
|move|p1a: Incineroar|Parting Shot|p2b: Ho-Oh|[miss]
|-miss|p1a: Incineroar|p2b: Ho-Oh
|
|upkeep
|turn|3
|
|t:|1750801994
|move|p1b: Flutter Mane|Protect|p1b: Flutter Mane
|-singleturn|p1b: Flutter Mane|Protect
|move|p1a: Incineroar|Protect|p1a: Incineroar
|-singleturn|p1a: Incineroar|Protect
|move|p2a: Miraidon|Dazzling Gleam|p1a: Incineroar|[spread] 
|-activate|p1a: Incineroar|move: Protect
|-activate|p1b: Flutter Mane|move: Protect
|move|p2b: Ho-Oh|Fly|p1b: Flutter Mane|[from] lockedmove
|-activate|p1b: Flutter Mane|move: Protect
|
|upkeep
|turn|4
|
|t:|1750802010
|switch|p2b: Iron Leaves|Iron Leaves, L50|100/100
|-activate|p2b: Iron Leaves|ability: Quark Drive
|-start|p2b: Iron Leaves|quarkdrivespe
|move|p2a: Miraidon|Dazzling Gleam|p1b: Flutter Mane|[spread] p1a,p1b
|-damage|p1a: Incineroar|55/100
|-damage|p1b: Flutter Mane|49/100
|move|p1b: Flutter Mane|Dazzling Gleam|p2a: Miraidon|[spread] p2a,p2b
|-damage|p2a: Miraidon|0 fnt
|-damage|p2b: Iron Leaves|79/100
|faint|p2a: Miraidon
|move|p1a: Incineroar|Knock Off|p2b: Iron Leaves
|-supereffective|p2b: Iron Leaves
|-damage|p2b: Iron Leaves|21/100
|
|-sideend|p2: Bigkm8|move: Tailwind
|upkeep
|
|t:|1750802025
|switch|p2a: Honchkrow|Honchkrow, L50, F|100/100
|turn|5
|
|t:|1750802049
|-end|p1b: Flutter Mane|Protosynthesis|[silent]
|switch|p1b: Koraidon|Koraidon, L50|100/100
|-weather|SunnyDay|[from] ability: Orichalcum Pulse|[of] p1b: Koraidon
|-activate|p1b: Koraidon|Orichalcum Pulse|[source]
|move|p2b: Iron Leaves|Ally Switch|p2b: Iron Leaves
|swap|p2b: Iron Leaves|0|[from] move: Ally Switch
|move|p2b: Honchkrow|Air Cutter|p1b: Koraidon|[spread] p1a,p1b
|-crit|p1a: Incineroar
|-supereffective|p1b: Koraidon
|-crit|p1b: Koraidon
|-damage|p1a: Incineroar|31/100
|-damage|p1b: Koraidon|39/100
|move|p1a: Incineroar|Knock Off|p2a: Iron Leaves
|-supereffective|p2a: Iron Leaves
|-damage|p2a: Iron Leaves|0 fnt
|faint|p2a: Iron Leaves
|-end|p2a: Iron Leaves|Quark Drive|[silent]
|
|-weather|SunnyDay|[upkeep]
|-fieldend|move: Electric Terrain
|upkeep
|
|t:|1750802062
|switch|p2a: Ho-Oh|Ho-Oh, L50|100/100
|turn|6
|
|t:|1750802090
|move|p1b: Koraidon|Flare Blitz|p2b: Honchkrow
|-damage|p2b: Honchkrow|0 fnt
|faint|p2b: Honchkrow
|-damage|p1b: Koraidon|0 fnt|[from] Recoil
|faint|p1b: Koraidon
|move|p2a: Ho-Oh|Tailwind|p2a: Ho-Oh
|-sidestart|p2: Bigkm8|move: Tailwind
|move|p1a: Incineroar|Knock Off|p2a: Ho-Oh
|-damage|p2a: Ho-Oh|62/100
|-enditem|p2a: Ho-Oh|Leftovers|[from] move: Knock Off|[of] p1a: Incineroar
|
|-weather|SunnyDay|[upkeep]
|upkeep
|
|t:|1750802106
|switch|p1b: Flutter Mane|Flutter Mane, L50|49/100
|-activate|p1b: Flutter Mane|ability: Protosynthesis
|-start|p1b: Flutter Mane|protosynthesisspe
|turn|7
|
|t:|1750802115
|move|p1b: Flutter Mane|Protect|p1b: Flutter Mane
|-singleturn|p1b: Flutter Mane|Protect
|move|p2a: Ho-Oh|Earthquake|p1b: Flutter Mane|[spread] p1a
|-activate|p1b: Flutter Mane|move: Protect
|-supereffective|p1a: Incineroar
|-damage|p1a: Incineroar|0 fnt
|faint|p1a: Incineroar
|
|-weather|SunnyDay|[upkeep]
|upkeep
|
|t:|1750802125
|switch|p1a: Calyrex|Calyrex-Shadow, L50|100/100
|-ability|p1a: Calyrex|As One
|-ability|p1a: Calyrex|Unnerve
|turn|8
|
|t:|1750802138
|move|p1a: Calyrex|Protect|p1a: Calyrex
|-singleturn|p1a: Calyrex|Protect
|move|p1b: Flutter Mane|Dazzling Gleam|p2a: Ho-Oh
|-resisted|p2a: Ho-Oh
|-damage|p2a: Ho-Oh|49/100
|move|p2a: Ho-Oh|Earthquake|p1a: Calyrex|[spread] p1b
|-activate|p1a: Calyrex|move: Protect
|-damage|p1b: Flutter Mane|0 fnt
|faint|p1b: Flutter Mane
|-end|p1b: Flutter Mane|Protosynthesis|[silent]
|
|-weather|SunnyDay|[upkeep]
|upkeep
|turn|9
|
|t:|1750802154
|move|p2a: Ho-Oh|Earthquake|p1a: Calyrex
|-damage|p1a: Calyrex|56/100
|move|p1a: Calyrex|Calm Mind|p1a: Calyrex
|-boost|p1a: Calyrex|spa|1
|-boost|p1a: Calyrex|spd|1
|
|-weather|none
|-sideend|p2: Bigkm8|move: Tailwind
|upkeep
|turn|10
|
|t:|1750802174
|-terastallize|p1a: Calyrex|Fairy
|move|p1a: Calyrex|Draining Kiss|p2a: Ho-Oh
|-resisted|p2a: Ho-Oh
|-damage|p2a: Ho-Oh|31/100
|-heal|p1a: Calyrex|72/100|[from] drain|[of] p2a: Ho-Oh
|move|p2a: Ho-Oh|Tailwind|p2a: Ho-Oh
|-sidestart|p2: Bigkm8|move: Tailwind
|
|upkeep
|turn|11
|
|t:|1750802185
|move|p2a: Ho-Oh|Earthquake|p1a: Calyrex
|-damage|p1a: Calyrex|24/100
|move|p1a: Calyrex|Astral Barrage|p2a: Ho-Oh
|-damage|p2a: Ho-Oh|0 fnt
|faint|p2a: Ho-Oh
|
|win|Kana_Hendrix
|raw|Kana_Hendrix's rating: 1173 &rarr; <strong>1193</strong><br />(+20 for winning)
|raw|Bigkm8's rating: 1099 &rarr; <strong>1079</strong><br />(-20 for losing)
|l|☆Kana_Hendrix
|player|p1|
|l|☆Bigkm8
|player|p2|
