|j|☆burngold
|j|☆daming20009
|t:|1750707139
|gametype|doubles
|player|p1|burngold|102|1444
|player|p2|daming20009|170|1404
|teamsize|p1|6
|teamsize|p2|6
|gen|9
|tier|[Gen 9] VGC 2025 Reg I
|rated|
|rule|Species Clause: Limit one of each Pokémon
|rule|Item Clause: Limit 1 of each item
|clearpoke
|poke|p1|Toedscruel, L50, M|
|poke|p1|Lunala, L50|
|poke|p1|Kyogre, L50|
|poke|p1|Whimsicott, L50, M|
|poke|p1|Incineroar, L50, M|
|poke|p1|Ursaluna, L50, M|
|poke|p2|Kyogre, L50|
|poke|p2|Landorus, L50, M|
|poke|p2|Tornadus, L50, M|
|poke|p2|Calyrex-Ice, L50|
|poke|p2|Incineroar, L50, F|
|poke|p2|Rillaboom, L50, F|
|teampreview|4
|inactive|Battle timer is ON: inactive players will automatically lose when time's up. (requested by burngold)
|inactive|daming20009 has 60 seconds left.
|
|t:|1750707188
|start
|switch|p1a: Toedscruel|Toedscruel, L50, M|100/100
|switch|p1b: Whimsicott|Whimsicott, L50, M|100/100
|switch|p2a: Tornadus|Tornadus, L50, M, shiny|100/100
|switch|p2b: Kyogre|Kyogre, L50, shiny|100/100
|-weather|RainDance|[from] ability: Drizzle|[of] p2b: Kyogre
|turn|1
|
|t:|1750707205
|-terastallize|p1a: Toedscruel|Water
|move|p1b: Whimsicott|Worry Seed|p1a: Toedscruel
|-endability|p1a: Toedscruel|Mycelium Might|[from] move: Worry Seed
|-ability|p1a: Toedscruel|Insomnia|[from] move: Worry Seed
|move|p2a: Tornadus|Tailwind|p2a: Tornadus
|-sidestart|p2: daming20009|move: Tailwind
|move|p2b: Kyogre|Water Spout|p1b: Whimsicott|[spread] p1a,p1b
|-resisted|p1a: Toedscruel
|-resisted|p1b: Whimsicott
|-damage|p1a: Toedscruel|36/100
|-damage|p1b: Whimsicott|0 fnt
|faint|p1b: Whimsicott
|move|p1a: Toedscruel|Spore|p2b: Kyogre
|-status|p2b: Kyogre|slp|[from] move: Spore
|
|-weather|RainDance|[upkeep]
|upkeep
|
|t:|1750707222
|switch|p1b: Kyogre|Kyogre, L50|100/100
|turn|2
|inactive|daming20009 has 30 seconds left.
|
|t:|1750707253
|-terastallize|p2b: Kyogre|Grass
|cant|p2b: Kyogre|slp
|move|p2a: Tornadus|Bleakwind Storm|p1a: Toedscruel|[spread] p1a,p1b
|-damage|p1a: Toedscruel|12/100
|-damage|p1b: Kyogre|78/100
|move|p1a: Toedscruel|Acid Spray|p2b: Kyogre
|-supereffective|p2b: Kyogre
|-damage|p2b: Kyogre|87/100 slp
|-unboost|p2b: Kyogre|spd|2
|move|p1b: Kyogre|Water Spout|p2b: Kyogre|[spread] p2a,p2b
|-resisted|p2b: Kyogre
|-crit|p2b: Kyogre
|-damage|p2a: Tornadus|7/100
|-damage|p2b: Kyogre|0 fnt
|faint|p2b: Kyogre
|
|-weather|RainDance|[upkeep]
|upkeep
|
|t:|1750707273
|switch|p2b: Incineroar|Incineroar, L50, F|100/100
|-ability|p2b: Incineroar|Intimidate|boost
|-unboost|p1a: Toedscruel|atk|1
|-unboost|p1b: Kyogre|atk|1
|turn|3
|
|t:|1750707285
|move|p2b: Incineroar|Fake Out|p1b: Kyogre
|-damage|p1b: Kyogre|67/100
|move|p1a: Toedscruel|Rage Powder|p1a: Toedscruel
|-singleturn|p1a: Toedscruel|move: Rage Powder
|move|p2a: Tornadus|Bleakwind Storm|p1b: Kyogre|[spread] p1a,p1b
|-damage|p1a: Toedscruel|0 fnt
|-damage|p1b: Kyogre|44/100
|faint|p1a: Toedscruel
|cant|p1b: Kyogre|flinch
|
|-weather|RainDance|[upkeep]
|upkeep
|
|t:|1750707294
|switch|p1a: Lunala|Lunala, L50|100/100
|turn|4
|inactive|daming20009 has 30 seconds left.
|
|t:|1750707320
|switch|p2a: Calyrex|Calyrex-Ice, L50|100/100
|-ability|p2a: Calyrex|As One
|-ability|p2a: Calyrex|Unnerve
|move|p2b: Incineroar|Knock Off|p1a: Lunala
|-supereffective|p1a: Lunala
|-damage|p1a: Lunala|43/100
|-enditem|p1a: Lunala|Leftovers|[from] move: Knock Off|[of] p2b: Incineroar
|move|p1b: Kyogre|Water Spout|p2a: Calyrex|[spread] p2a,p2b
|-supereffective|p2b: Incineroar
|-damage|p2a: Calyrex|60/100
|-damage|p2b: Incineroar|16/100
|move|p1a: Lunala|Moonblast|p2b: Incineroar
|-damage|p2b: Incineroar|0 fnt
|faint|p2b: Incineroar
|
|-weather|RainDance|[upkeep]
|-sideend|p2: daming20009|move: Tailwind
|upkeep
|
|t:|1750707339
|switch|p2b: Tornadus|Tornadus, L50, M, shiny|7/100
|turn|5
|
|t:|1750707348
|move|p2b: Tornadus|Tailwind|p2b: Tornadus
|-sidestart|p2: daming20009|move: Tailwind
|move|p2a: Calyrex|Glacial Lance|p1a: Lunala|[spread] p1a,p1b
|-resisted|p1b: Kyogre
|-damage|p1a: Lunala|7/100
|-damage|p1b: Kyogre|16/100
|move|p1b: Kyogre|Water Spout|p2a: Calyrex|[spread] p2a,p2b
|-damage|p2a: Calyrex|45/100
|-damage|p2b: Tornadus|0 fnt
|faint|p2b: Tornadus
|move|p1a: Lunala|Moongeist Beam|p2a: Calyrex
|-supereffective|p2a: Calyrex
|-damage|p2a: Calyrex|0 fnt
|faint|p2a: Calyrex
|
|win|burngold
|raw|burngold's rating: 1444 &rarr; <strong>1462</strong><br />(+18 for winning)
|raw|daming20009's rating: 1404 &rarr; <strong>1386</strong><br />(-18 for losing)
|l|☆daming20009
|player|p2|
