|j|☆mullankolli
|j|☆fatal1ty131313
|t:|1750834911
|gametype|doubles
|player|p1|mullankolli|2|1148
|player|p2|fatal1ty131313|dragontamer|1153
|teamsize|p1|6
|teamsize|p2|6
|gen|9
|tier|[Gen 9] VGC 2025 Reg I
|rated|
|rule|Species Clause: Limit one of each Pokémon
|rule|Item Clause: Limit 1 of each item
|clearpoke
|poke|p1|Meowstic, L50, M|
|poke|p1|Indeedee, L50, M|
|poke|p1|Calyrex-Shadow, L50|
|poke|p1|Lunala, L50|
|poke|p1|Smeargle, L50, M|
|poke|p1|Flutter Mane, L50|
|poke|p2|Calyrex-Shadow, L50|
|poke|p2|Brute Bonnet, L50|
|poke|p2|Tornadus, L50, M|
|poke|p2|Zamazenta-*, L50|
|poke|p2|Chien-Pao, L50|
|poke|p2|Urshifu-*, L50, F|
|teampreview|4
|
|t:|1750834934
|start
|switch|p1a: Meowstic|Meowstic, L50, M|100/100
|switch|p1b: Indeedee|Indeedee, L50, M|100/100
|switch|p2a: Calyrex|Calyrex-Shadow, L50|100/100
|switch|p2b: Tornadus|Tornadus, L50, M, shiny|100/100
|-ability|p2a: Calyrex|As One
|-ability|p2a: Calyrex|Unnerve
|-fieldstart|move: Psychic Terrain|[from] ability: Psychic Surge|[of] p1b: Indeedee
|turn|1
|inactive|Battle timer is ON: inactive players will automatically lose when time's up. (requested by mullankolli)
|
|t:|1750834951
|-terastallize|p2a: Calyrex|Ghost
|move|p2b: Tornadus|Taunt|p1b: Indeedee
|-activate|p1b: Indeedee|move: Psychic Terrain
|move|p1a: Meowstic|Light Screen|p1a: Meowstic
|-sidestart|p1: mullankolli|move: Light Screen
|move|p2a: Calyrex|Astral Barrage|p1a: Meowstic|[spread] p1a
|-immune|p1b: Indeedee
|-supereffective|p1a: Meowstic
|-damage|p1a: Meowstic|19/100
|move|p1b: Indeedee|Skill Swap||[still]
|-fail|p1b: Indeedee
|
|upkeep
|turn|2
|inactive|mullankolli has 30 seconds left.
|inactive|fatal1ty131313 has 30 seconds left.
|
|t:|1750834981
|move|p2a: Calyrex|Astral Barrage|p1b: Indeedee|[spread] p1a
|-immune|p1b: Indeedee
|-supereffective|p1a: Meowstic
|-damage|p1a: Meowstic|0 fnt
|faint|p1a: Meowstic
|-ability|p2a: Calyrex|Grim Neigh|boost
|-boost|p2a: Calyrex|spa|1
|move|p2b: Tornadus|Bleakwind Storm|p1b: Indeedee
|-damage|p1b: Indeedee|72/100
|move|p1b: Indeedee|Hyper Voice|p2a: Calyrex|[spread] p2b
|-immune|p2a: Calyrex
|-damage|p2b: Tornadus|65/100
|-enditem|p1b: Indeedee|Throat Spray
|-boost|p1b: Indeedee|spa|1|[from] item: Throat Spray
|
|upkeep
|
|t:|1750834984
|switch|p1a: Lunala|Lunala, L50|100/100
|turn|3
|
|t:|1750835004
|move|p1a: Lunala|Wide Guard|p1a: Lunala
|-singleturn|p1a: Lunala|Wide Guard
|move|p2b: Tornadus|Tailwind|p2b: Tornadus
|-sidestart|p2: fatal1ty131313|move: Tailwind
|move|p2a: Calyrex|Astral Barrage|p1a: Lunala|[spread] 
|-activate|p1a: Lunala|move: Wide Guard
|-activate|p1b: Indeedee|move: Wide Guard
|move|p1b: Indeedee|Expanding Force|p2b: Tornadus|[spread] p2a,p2b
|-damage|p2a: Calyrex|15/100
|-damage|p2b: Tornadus|0 fnt
|faint|p2b: Tornadus
|
|upkeep
|
|t:|1750835019
|switch|p2b: Zamazenta|Zamazenta-Crowned, L50|100/100
|-ability|p2b: Zamazenta|Dauntless Shield|boost
|-boost|p2b: Zamazenta|def|1
|turn|4
|
|t:|1750835030
|move|p1a: Lunala|Wide Guard|p1a: Lunala
|-singleturn|p1a: Lunala|Wide Guard
|move|p2a: Calyrex|Draining Kiss|p1a: Lunala
|-damage|p1a: Lunala|93/100
|-heal|p2a: Calyrex|22/100|[from] drain|[of] p1a: Lunala
|move|p2b: Zamazenta|Body Press|p1b: Indeedee
|-damage|p1b: Indeedee|0 fnt
|faint|p1b: Indeedee
|
|upkeep
|
|t:|1750835033
|switch|p1b: Calyrex|Calyrex-Shadow, L50|100/100
|-ability|p1b: Calyrex|As One
|-ability|p1b: Calyrex|Unnerve
|turn|5
|
|t:|1750835049
|-terastallize|p1b: Calyrex|Fairy
|move|p2b: Zamazenta|Wide Guard|p2b: Zamazenta
|-singleturn|p2b: Zamazenta|Wide Guard
|move|p1a: Lunala|Wide Guard|p1a: Lunala
|-singleturn|p1a: Lunala|Wide Guard
|move|p2a: Calyrex|Astral Barrage|p1a: Lunala|[spread] 
|-activate|p1a: Lunala|move: Wide Guard
|-activate|p1b: Calyrex|move: Wide Guard
|move|p1b: Calyrex|Expanding Force|p2a: Calyrex|[spread] 
|-activate|p2a: Calyrex|move: Wide Guard
|-activate|p2b: Zamazenta|move: Wide Guard
|
|-fieldend|move: Psychic Terrain
|upkeep
|turn|6
|inactive|fatal1ty131313 has 30 seconds left.
|
|t:|1750835076
|move|p2b: Zamazenta|Wide Guard|p2b: Zamazenta
|-singleturn|p2b: Zamazenta|Wide Guard
|move|p1a: Lunala|Wide Guard|p1a: Lunala
|-singleturn|p1a: Lunala|Wide Guard
|move|p2a: Calyrex|Draining Kiss|p1b: Calyrex
|-damage|p1b: Calyrex|78/100
|-heal|p2a: Calyrex|39/100|[from] drain|[of] p1b: Calyrex
|move|p1b: Calyrex|Astral Barrage|p2b: Zamazenta|[spread] 
|-activate|p2a: Calyrex|move: Wide Guard
|-activate|p2b: Zamazenta|move: Wide Guard
|
|-sideend|p2: fatal1ty131313|move: Tailwind
|upkeep
|turn|7
|
|t:|1750835098
|move|p2b: Zamazenta|Wide Guard|p2b: Zamazenta
|-singleturn|p2b: Zamazenta|Wide Guard
|move|p1a: Lunala|Wide Guard|p1a: Lunala
|-singleturn|p1a: Lunala|Wide Guard
|move|p1b: Calyrex|Astral Barrage|p2a: Calyrex|[spread] 
|-activate|p2a: Calyrex|move: Wide Guard
|-activate|p2b: Zamazenta|move: Wide Guard
|move|p2a: Calyrex|Draining Kiss|p1b: Calyrex
|-damage|p1b: Calyrex|57/100
|-heal|p2a: Calyrex|55/100|[from] drain|[of] p1b: Calyrex
|
|upkeep
|turn|8
|
|t:|1750835115
|move|p2b: Zamazenta|Wide Guard|p2b: Zamazenta
|-singleturn|p2b: Zamazenta|Wide Guard
|move|p1b: Calyrex|Draining Kiss|p2a: Calyrex
|-damage|p2a: Calyrex|19/100
|-heal|p1b: Calyrex|83/100|[from] drain|[of] p2a: Calyrex
|move|p2a: Calyrex|Draining Kiss|p1b: Calyrex
|-damage|p1b: Calyrex|63/100
|-heal|p2a: Calyrex|35/100|[from] drain|[of] p1b: Calyrex
|move|p1a: Lunala|Meteor Beam||[still]
|-prepare|p1a: Lunala|Meteor Beam
|-boost|p1a: Lunala|spa|1
|-enditem|p1a: Lunala|Power Herb
|-anim|p1a: Lunala|Meteor Beam|p2a: Calyrex
|-damage|p2a: Calyrex|0 fnt
|faint|p2a: Calyrex
|
|-sideend|p1: mullankolli|move: Light Screen
|upkeep
|
|t:|1750835134
|switch|p2a: Chien-Pao|Chien-Pao, L50|100/100
|-ability|p2a: Chien-Pao|Sword of Ruin
|turn|9
|
|t:|1750835146
|move|p2a: Chien-Pao|Sucker Punch|p1b: Calyrex
|-resisted|p1b: Calyrex
|-damage|p1b: Calyrex|23/100
|-damage|p2a: Chien-Pao|91/100|[from] item: Life Orb
|move|p1b: Calyrex|Astral Barrage|p2b: Zamazenta|[spread] p2a,p2b
|-resisted|p2a: Chien-Pao
|-damage|p2a: Chien-Pao|43/100
|-damage|p2b: Zamazenta|55/100
|move|p2b: Zamazenta|Heavy Slam|p1a: Lunala
|-damage|p1a: Lunala|39/100
|move|p1a: Lunala|Moongeist Beam|p2b: Zamazenta
|-damage|p2b: Zamazenta|0 fnt
|faint|p2b: Zamazenta
|
|upkeep
|turn|10
|
|t:|1750835168
|move|p2a: Chien-Pao|Ice Shard|p1b: Calyrex
|-damage|p1b: Calyrex|0 fnt
|faint|p1b: Calyrex
|-damage|p2a: Chien-Pao|33/100|[from] item: Life Orb
|move|p1a: Lunala|Moongeist Beam|p2a: Chien-Pao
|-resisted|p2a: Chien-Pao
|-damage|p2a: Chien-Pao|0 fnt
|faint|p2a: Chien-Pao
|
|win|mullankolli
|raw|mullankolli's rating: 1148 &rarr; <strong>1173</strong><br />(+25 for winning)
|raw|fatal1ty131313's rating: 1153 &rarr; <strong>1128</strong><br />(-25 for losing)
|l|☆fatal1ty131313
|player|p2|
|l|☆mullankolli
|player|p1|
