|j|☆BellUno
|j|☆Just4Dreemurr
|html|<table width="100%"><tr><td align="left">BellUno</td><td align="right">Just4Dreemurr</tr><tr><td align="left"><i class="fa fa-circle-o"></i> <i class="fa fa-circle-o"></i> </td><td align="right"><i class="fa fa-circle-o"></i> <i class="fa fa-circle-o"></i> </tr></table>
|uhtml|bestof|<h2><strong>Game 1</strong> of <a href="/game-bestof3-gen9vgc2025regi-2391675801">a best-of-3</a></h2>
|t:|1750882585
|gametype|doubles
|player|p1|BellUno|maid|
|player|p2|Just4Dreemurr|miku-ghost|
|teamsize|p1|6
|teamsize|p2|6
|gen|9
|tier|[Gen 9] VGC 2025 Reg I
|rule|Species Clause: Limit one of each Pokémon
|rule|Item Clause: Limit 1 of each item
|rule|Terastal Clause: You cannot Terastallize
|raw|<div class="infobox"><details class="readmore"><summary><strong>51 custom rules:</strong></summary> Terastal Clause, -All Pokemon, +Unobtainable, +Past, !!Min Source Gen = 1, bestof=3, -ND Uber, -ND AG, -ND OU, -ND UUBL, -ND UU, -ND RUBL, -ND RU, -ND NFE, -ND LC, +Tyranitar-Base, +Masquerain, +Electrode-Base, +Arctozolt, +Honchkrow, +Mienshao, +Simisage, +Luvdisc, +Quaquaval, +Toedscruel, +Grapploct, +Slowking-Base, +Smeargle, +Tangrowth, +Furfrou, +Rabsca, +Drakloak, +Mimikyu-Base, +Uxie, +Primeape, +Purugly, +Orbeetle, +Glimmora, +Klawf, +Archeops, +Espeon, +Arbok, +Dugtrio-Alola, +Slowking-Galar, +Ditto, +Bruxish, +Escavalier, +Simipour, +Calyrex-Base, +Lunatone, -Tyranitarite</details></div>
|clearpoke
|poke|p1|Mimikyu, L50, F|
|poke|p1|Escavalier, L50, F|
|poke|p1|Archeops, L50, M|
|poke|p1|Toedscruel, L50, F|
|poke|p1|Grapploct, L50, F|
|poke|p1|Tangrowth, L50, F|
|poke|p2|Mienshao, L50, F|
|poke|p2|Orbeetle, L50, F|
|poke|p2|Mimikyu, L50, M|
|poke|p2|Escavalier, L50, F|
|poke|p2|Tyranitar, L50, M|
|poke|p2|Quaquaval, L50, M|
|teampreview|4
|c|☆BellUno|glhf
|c|☆BellUno|also nice avatar
BellUno has agreed to open team sheets.
|c|☆Just4Dreemurr|Thanks
Just4Dreemurr has agreed to open team sheets.
|showteam|p1|Mimikyu||MentalHerb|Disguise|TrickRoom,AfterYou,Protect,ShadowClaw|||F|||50|]Escavalier||AguavBerry|Overcoat|XScissor,IronHead,SwordsDance,Protect|||F|||50|]Archeops||LoadedDice|Defeatist|RockBlast,DualWingbeat,Protect,Taunt|||M|||50|]Toedscruel||LifeOrb|MyceliumMight|Spore,EarthPower,LeafStorm,Protect|||F|||50|]Grapploct||SitrusBerry|Technician|Octolock,BulkUp,DrainPunch,BrutalSwing|||F|||50|]Tangrowth||Leftovers|Regenerator|RagePowder,SeedBomb,WakeUpSlap,SleepPowder|||F|||50|
|showteam|p2|Mienshao||AssaultVest|InnerFocus|FakeOut,CloseCombat,KnockOff,RockSlide|||F|||50|]Orbeetle||LightClay|Frisk|GigaDrain,Infestation,Reflect,LightScreen|||F|||50|]Mimikyu||LifeOrb|Disguise|ShadowClaw,PlayRough,TrickRoom,Protect|||M|||50|]Escavalier||SitrusBerry|Overcoat|XScissor,IronHead,SwordsDance,Protect|||F|||50|]Tyranitar||FocusSash|SandStream|RockSlide,Crunch,Curse,Protect|||M|||50|]Quaquaval||ChoiceBand|Moxie|AquaStep,CloseCombat,KnockOff,AquaJet|||M|||50|
|j| RetroDude42YT
|c|☆Just4Dreemurr|glhf
|
|t:|1750882703
|start
|switch|p1a: Archeops|Archeops, L50, M|100/100
|switch|p1b: Escavalier|Escavalier, L50, F|100/100
|switch|p2a: Mimikyu|Mimikyu, L50, M, shiny|100/100
|switch|p2b: Orbeetle|Orbeetle, L50, F, shiny|100/100
|-item|p1a: Archeops|Loaded Dice|[from] ability: Frisk|[of] p2b: Orbeetle
|-item|p1b: Escavalier|Aguav Berry|[from] ability: Frisk|[of] p2b: Orbeetle
|turn|1
|
|t:|1750882726
|move|p1a: Archeops|Rock Blast|p2a: Mimikyu
|-activate|p2a: Mimikyu|ability: Disguise
|-damage|p2a: Mimikyu|100/100
|detailschange|p2a: Mimikyu|Mimikyu-Busted, L50, M, shiny
|-damage|p2a: Mimikyu|88/100|[from] pokemon: Mimikyu-Busted
|-damage|p2a: Mimikyu|69/100
|-damage|p2a: Mimikyu|50/100
|-damage|p2a: Mimikyu|31/100
|-hitcount|p2a: Mimikyu|4
|move|p2b: Orbeetle|Reflect|p2b: Orbeetle
|-sidestart|p2: Just4Dreemurr|Reflect
|move|p2a: Mimikyu|Shadow Claw|p1a: Archeops
|-damage|p1a: Archeops|37/100
|-damage|p2a: Mimikyu|21/100|[from] item: Life Orb
|move|p1b: Escavalier|X-Scissor|p2b: Orbeetle
|-supereffective|p2b: Orbeetle
|-damage|p2b: Orbeetle|41/100
|
|upkeep
|turn|2
|
|t:|1750882775
|move|p2a: Mimikyu|Protect|p2a: Mimikyu
|-singleturn|p2a: Mimikyu|Protect
|move|p1a: Archeops|Rock Blast|p2a: Mimikyu
|-activate|p2a: Mimikyu|move: Protect
|move|p2b: Orbeetle|Giga Drain|p1a: Archeops
|-damage|p1a: Archeops|11/100
|-heal|p2b: Orbeetle|53/100|[from] drain|[of] p1a: Archeops
|move|p1b: Escavalier|Swords Dance|p1b: Escavalier
|-boost|p1b: Escavalier|atk|2
|
|upkeep
|turn|3
|
|t:|1750882797
|switch|p2a: Escavalier|Escavalier, L50, F, shiny|100/100
|move|p1a: Archeops|Rock Blast|p2a: Escavalier|[miss]
|-miss|p1a: Archeops|p2a: Escavalier
|move|p2b: Orbeetle|Infestation|p1b: Escavalier
|-resisted|p1b: Escavalier
|-damage|p1b: Escavalier|97/100
|-activate|p1b: Escavalier|move: Infestation|[of] p2b: Orbeetle
|move|p1b: Escavalier|X-Scissor|p2b: Orbeetle
|-supereffective|p2b: Orbeetle
|-damage|p2b: Orbeetle|0 fnt
|faint|p2b: Orbeetle
|
|-end|p1b: Escavalier|Infestation|[partiallytrapped]|[silent]
|upkeep
|
|t:|1750882814
|switch|p2b: Quaquaval|Quaquaval, L50, M|100/100
|turn|4
|
|t:|1750882854
|move|p1b: Escavalier|Protect|p1b: Escavalier
|-singleturn|p1b: Escavalier|Protect
|move|p1a: Archeops|Taunt|p2a: Escavalier
|-start|p2a: Escavalier|move: Taunt
|move|p2b: Quaquaval|Aqua Step|p1b: Escavalier
|-activate|p1b: Escavalier|move: Protect
|cant|p2a: Escavalier|move: Taunt|Swords Dance
|
|upkeep
|turn|5
|
|t:|1750882867
|move|p1a: Archeops|Dual Wingbeat|p2b: Quaquaval
|-supereffective|p2b: Quaquaval
|-damage|p2b: Quaquaval|82/100
|-supereffective|p2b: Quaquaval
|-damage|p2b: Quaquaval|62/100
|-hitcount|p2b: Quaquaval|2
|move|p2b: Quaquaval|Aqua Step|p1b: Escavalier
|-damage|p1b: Escavalier|37/100
|-boost|p2b: Quaquaval|spe|1
|move|p2a: Escavalier|Iron Head|p1a: Archeops
|-supereffective|p1a: Archeops
|-crit|p1a: Archeops
|-damage|p1a: Archeops|0 fnt
|faint|p1a: Archeops
|move|p1b: Escavalier|X-Scissor|p2b: Quaquaval
|-resisted|p2b: Quaquaval
|-damage|p2b: Quaquaval|22/100
|
|upkeep
|
|t:|1750882879
|switch|p1a: Toedscruel|Toedscruel, L50, F|100/100
|turn|6
|
|t:|1750882933
|move|p1b: Escavalier|Protect|p1b: Escavalier
|-singleturn|p1b: Escavalier|Protect
|move|p2b: Quaquaval|Aqua Step|p1a: Toedscruel
|-damage|p1a: Toedscruel|3/100
|-boost|p2b: Quaquaval|spe|1
|move|p1a: Toedscruel|Earth Power|p2b: Quaquaval
|-damage|p2b: Quaquaval|0 fnt
|faint|p2b: Quaquaval
|-damage|p1a: Toedscruel|0 fnt|[from] item: Life Orb
|faint|p1a: Toedscruel
|move|p2a: Escavalier|X-Scissor|p1b: Escavalier
|-activate|p1b: Escavalier|move: Protect
|
|-end|p2a: Escavalier|move: Taunt
|upkeep
|
|t:|1750882962
|switch|p1a: Grapploct|Grapploct, L50, F|100/100
|switch|p2b: Mimikyu|Mimikyu-Busted, L50, M, shiny|21/100
|turn|7
|
|t:|1750882984
|move|p2b: Mimikyu|Shadow Claw|p1b: Escavalier
|-damage|p1b: Escavalier|0 fnt
|faint|p1b: Escavalier
|-damage|p2b: Mimikyu|12/100|[from] item: Life Orb
|move|p1a: Grapploct|Bulk Up|p1a: Grapploct
|-boost|p1a: Grapploct|atk|1
|-boost|p1a: Grapploct|def|1
|move|p2a: Escavalier|Iron Head|p1a: Grapploct
|-crit|p1a: Grapploct
|-damage|p1a: Grapploct|33/100
|-enditem|p1a: Grapploct|Sitrus Berry|[eat]
|-heal|p1a: Grapploct|57/100|[from] item: Sitrus Berry
|
|upkeep
|turn|8
|
|t:|1750882999
|move|p2b: Mimikyu|Play Rough|p1a: Grapploct
|-supereffective|p1a: Grapploct
|-damage|p1a: Grapploct|0 fnt
|faint|p1a: Grapploct
|-damage|p2b: Mimikyu|2/100|[from] item: Life Orb
|
|win|Just4Dreemurr
|c|☆BellUno|gg
||BellUno is ready for game 2.
|c|☆Just4Dreemurr|gg
|inactive|Just4Dreemurr has 30 seconds to confirm battle start!
||Just4Dreemurr is ready for game 2.
|uhtml|next|Next: <a href="/battle-gen9vgc2025regi-2391679641"><strong>Game 2 of 3</strong></a>
|l|☆BellUno
|player|p1|
|j| Typhon1175
