|j|☆lazyp
|j|☆vuolod
|t:|1750842996
|gametype|doubles
|player|p1|lazyp|caitlin|1124
|player|p2|vuolod|veteran|1079
|teamsize|p1|6
|teamsize|p2|6
|gen|9
|tier|[Gen 9] VGC 2025 Reg I
|rated|
|rule|Species Clause: Limit one of each Pokémon
|rule|Item Clause: Limit 1 of each item
|clearpoke
|poke|p1|Shiftry, L50, F|
|poke|p1|Lunala, L50|
|poke|p1|Necrozma-Dawn-Wings, L50|
|poke|p1|Garchomp, L50, F|
|poke|p1|Iron Valiant, L50|
|poke|p1|Breloom, L50, M|
|poke|p2|Lycanroc, L50, F|
|poke|p2|Tyranitar, L50, M|
|poke|p2|Arbok, L50, F|
|poke|p2|Sawsbuck, L50, F|
|poke|p2|Raichu-Alola, L50, M|
|poke|p2|Indeedee-F, L50, F|
|teampreview|4
|inactive|Battle timer is ON: inactive players will automatically lose when time's up. (requested by vuolod)
vuolod has agreed to open team sheets.
|
|t:|1750843026
|start
|switch|p1a: Breloom|Breloom, L50, M|100/100
|switch|p1b: Lunala|Lunala, L50|100/100
|switch|p2a: Indeedee|Indeedee-F, L50, F|100/100
|switch|p2b: Raichu|Raichu-Alola, L50, M|100/100
|-fieldstart|move: Psychic Terrain|[from] ability: Psychic Surge|[of] p2a: Indeedee
|turn|1
|inactive|vuolod has 30 seconds left.
|
|t:|1750843057
|move|p2a: Indeedee|Protect|p2a: Indeedee
|-singleturn|p2a: Indeedee|Protect
|move|p2b: Raichu|Nuzzle|p1b: Lunala
|-damage|p1b: Lunala|98/100
|-status|p1b: Lunala|par
|move|p1a: Breloom|Spore|p2a: Indeedee
|-activate|p2a: Indeedee|move: Protect
|move|p1b: Lunala|Tailwind|p1b: Lunala
|-sidestart|p1: lazyp|move: Tailwind
|
|upkeep
|turn|2
|
|t:|1750843080
|move|p1a: Breloom|Spore|p2b: Raichu
|-status|p2b: Raichu|slp|[from] move: Spore
|cant|p2b: Raichu|slp
|move|p2a: Indeedee|Dazzling Gleam|p1b: Lunala|[spread] p1a,p1b
|-supereffective|p1a: Breloom
|-damage|p1a: Breloom|36/100
|-damage|p1b: Lunala|85/100 par
|move|p1b: Lunala|Moonblast|p2a: Indeedee
|-damage|p2a: Indeedee|59/100
|
|upkeep
|turn|3
|
|t:|1750843096
|move|p1a: Breloom|Spore|p2a: Indeedee
|-status|p2a: Indeedee|slp|[from] move: Spore
|cant|p2b: Raichu|slp
|cant|p2a: Indeedee|slp
|move|p1b: Lunala|Moongeist Beam|p2b: Raichu
|-supereffective|p2b: Raichu
|-damage|p2b: Raichu|0 fnt
|faint|p2b: Raichu
|
|upkeep
|inactive|vuolod has 30 seconds left.
|
|t:|1750843121
|switch|p2b: Tyranitar|Tyranitar, L50, M|100/100
|-weather|Sandstorm|[from] ability: Sand Stream|[of] p2b: Tyranitar
|turn|4
|
|t:|1750843133
|switch|p1b: Garchomp|Garchomp, L50, F|100/100
|move|p2b: Tyranitar|Protect|p2b: Tyranitar
|-singleturn|p2b: Tyranitar|Protect
|move|p1a: Breloom|Bullet Seed|p2a: Indeedee
|-damage|p2a: Indeedee|16/100 slp
|-damage|p2a: Indeedee|0 fnt
|faint|p2a: Indeedee
|-hitcount|p2: Indeedee|2
|
|-weather|Sandstorm|[upkeep]
|-damage|p1a: Breloom|30/100|[from] Sandstorm
|-sideend|p1: lazyp|move: Tailwind
|upkeep
|
|t:|1750843145
|switch|p2a: Lycanroc|Lycanroc, L50, F|100/100
|turn|5
|
|t:|1750843159
|-terastallize|p2a: Lycanroc|Rock
|move|p1a: Breloom|Protect|p1a: Breloom
|-singleturn|p1a: Breloom|Protect
|move|p2a: Lycanroc|Rock Slide|p1b: Garchomp|[spread] p1b
|-activate|p1a: Breloom|move: Protect
|-resisted|p1b: Garchomp
|-damage|p1b: Garchomp|75/100
|-damage|p2a: Lycanroc|90/100|[from] item: Life Orb
|move|p1b: Garchomp|Sunny Day|p1b: Garchomp
|-weather|SunnyDay
|move|p2b: Tyranitar|Knock Off|p1b: Garchomp
|-damage|p1b: Garchomp|24/100
|-damage|p2b: Tyranitar|88/100|[from] ability: Rough Skin|[of] p1b: Garchomp
|-enditem|p1b: Garchomp|Yache Berry|[from] move: Knock Off|[of] p2b: Tyranitar
|
|-weather|SunnyDay|[upkeep]
|-fieldend|move: Psychic Terrain
|upkeep
|turn|6
|
|t:|1750843183
|switch|p1b: Necrozma|Necrozma-Dawn-Wings, L50|100/100
|move|p1a: Breloom|Mach Punch|p2b: Tyranitar
|-supereffective|p2b: Tyranitar
|-damage|p2b: Tyranitar|0 fnt
|faint|p2b: Tyranitar
|move|p2a: Lycanroc|Rock Slide|p1a: Breloom|[spread] p1a,p1b
|-resisted|p1a: Breloom
|-damage|p1a: Breloom|0 fnt
|-damage|p1b: Necrozma|58/100
|faint|p1a: Breloom
|-damage|p2a: Lycanroc|80/100|[from] item: Life Orb
|
|-weather|SunnyDay|[upkeep]
|upkeep
|
|t:|1750843194
|switch|p1a: Garchomp|Garchomp, L50, F|24/100
|turn|7
|
|t:|1750843198
|move|p1a: Garchomp|Breaking Swipe|p2a: Lycanroc
|-damage|p2a: Lycanroc|40/100
|-unboost|p2a: Lycanroc|atk|1
|move|p2a: Lycanroc|Rock Slide|p1b: Necrozma|[spread] p1a,p1b
|-resisted|p1a: Garchomp
|-damage|p1a: Garchomp|8/100
|-damage|p1b: Necrozma|30/100
|-damage|p2a: Lycanroc|30/100|[from] item: Life Orb
|cant|p1b: Necrozma|flinch
|
|-weather|SunnyDay|[upkeep]
|upkeep
|turn|8
|
|t:|1750843213
|move|p2a: Lycanroc|Protect|p2a: Lycanroc
|-singleturn|p2a: Lycanroc|Protect
|move|p1a: Garchomp|Breaking Swipe|p2a: Lycanroc
|-activate|p2a: Lycanroc|move: Protect
|move|p1b: Necrozma|Earth Power|p2a: Lycanroc
|-activate|p2a: Lycanroc|move: Protect
|
|-weather|SunnyDay|[upkeep]
|upkeep
|turn|9
|
|t:|1750843223
|move|p1a: Garchomp|Breaking Swipe|p2a: Lycanroc
|-damage|p2a: Lycanroc|0 fnt
|faint|p2a: Lycanroc
|
|win|lazyp
|raw|lazyp's rating: 1124 &rarr; <strong>1146</strong><br />(+22 for winning)
|raw|vuolod's rating: 1079 &rarr; <strong>1060</strong><br />(-19 for losing)
|l|☆vuolod
|player|p2|
|c|☆lazyp|Gg
|l|☆lazyp
|player|p1|
