|j|☆SpicySpicy1374
|j|☆herkleon
|t:|1750741065
|gametype|doubles
|player|p1|SpicySpicy1374|266|1233
|player|p2|herkleon|worker-gen4|1144
|teamsize|p1|6
|teamsize|p2|4
|gen|9
|tier|[Gen 9] VGC 2025 Reg I
|rated|
|rule|Species Clause: Limit one of each Pokémon
|rule|Item Clause: Limit 1 of each item
|clearpoke
|poke|p1|Landorus, L50, M|
|poke|p1|Kyogre, L50|
|poke|p1|Farigiraf, L50, F|
|poke|p1|Incineroar, L50, F|
|poke|p1|Calyrex-Ice, L50|
|poke|p1|Regieleki, L50|
|poke|p2|Miraidon, L50|
|poke|p2|Feraligatr, L50, M|
|poke|p2|Iron Hands, L50|
|poke|p2|Kyogre, L50|
|teampreview|4
|inactive|Battle timer is ON: inactive players will automatically lose when time's up. (requested by herkleon)
|
|t:|1750741092
|start
|switch|p1a: Regieleki|Regieleki, L50|100/100
|switch|p1b: Landorus|Landorus, L50, M, shiny|100/100
|switch|p2a: Feraligatr|Feraligatr, L50, M|100/100
|switch|p2b: Miraidon|Miraidon, L50|100/100
|-fieldstart|move: Electric Terrain|[from] ability: Hadron Engine|[of] p2b: Miraidon
|turn|1
|inactive|herkleon has 30 seconds left.
|
|t:|1750741125
|-terastallize|p2a: Feraligatr|Dark
|move|p1b: Landorus|Protect|p1b: Landorus
|-singleturn|p1b: Landorus|Protect
|move|p1a: Regieleki|Light Screen|p1a: Regieleki
|-sidestart|p1: SpicySpicy1374|move: Light Screen
|move|p2b: Miraidon|Dazzling Gleam|p1a: Regieleki|[spread] p1a
|-activate|p1b: Landorus|move: Protect
|-damage|p1a: Regieleki|40/100
|move|p2a: Feraligatr|Swords Dance|p2a: Feraligatr
|-boost|p2a: Feraligatr|atk|2
|
|upkeep
|turn|2
|
|t:|1750741139
|move|p2a: Feraligatr|Aqua Jet|p1b: Landorus
|-supereffective|p1b: Landorus
|-damage|p1b: Landorus|0 fnt
|faint|p1b: Landorus
|-damage|p2a: Feraligatr|90/100|[from] item: Life Orb
|move|p1a: Regieleki|Thunder|p2a: Feraligatr
|-damage|p2a: Feraligatr|0 fnt
|faint|p2a: Feraligatr
|move|p2b: Miraidon|Dazzling Gleam|p1a: Regieleki
|-damage|p1a: Regieleki|0 fnt
|faint|p1a: Regieleki
|
|upkeep
|
|t:|1750741154
|switch|p1a: Kyogre|Kyogre, L50|100/100
|switch|p1b: Farigiraf|Farigiraf, L50, F|100/100
|switch|p2a: Iron Hands|Iron Hands, L50|100/100
|-weather|RainDance|[from] ability: Drizzle|[of] p1a: Kyogre
|-activate|p2a: Iron Hands|ability: Quark Drive
|-start|p2a: Iron Hands|quarkdriveatk
|turn|3
|inactive|SpicySpicy1374 has 30 seconds left.
|inactive|SpicySpicy1374 has 20 seconds left.
|inactive|SpicySpicy1374 has 15 seconds left.
|
|t:|1750741197
|-terastallize|p1a: Kyogre|Grass
|move|p1b: Farigiraf|Helping Hand|p1a: Kyogre
|-singleturn|p1a: Kyogre|Helping Hand|[of] p1b: Farigiraf
|move|p2a: Iron Hands|Fake Out||[still]
|cant|p1b: Farigiraf|ability: Armor Tail|Fake Out|[of] p2a: Iron Hands
|move|p2b: Miraidon|Dazzling Gleam|p1b: Farigiraf|[spread] p1a,p1b
|-damage|p1a: Kyogre|79/100
|-damage|p1b: Farigiraf|77/100
|move|p1a: Kyogre|Ice Beam|p2b: Miraidon
|-supereffective|p2b: Miraidon
|-damage|p2b: Miraidon|0 fnt
|faint|p2b: Miraidon
|
|-weather|RainDance|[upkeep]
|upkeep
|
|t:|1750741207
|switch|p2b: Kyogre|Kyogre, L50|100/100
|turn|4
|
|t:|1750741215
|move|p1b: Farigiraf|Helping Hand|p1a: Kyogre
|-singleturn|p1a: Kyogre|Helping Hand|[of] p1b: Farigiraf
|move|p2b: Kyogre|Water Spout|p1a: Kyogre|[spread] p1a,p1b
|-resisted|p1a: Kyogre
|-damage|p1a: Kyogre|52/100
|-damage|p1b: Farigiraf|16/100
|move|p1a: Kyogre|Water Spout|p2b: Kyogre|[spread] p2a,p2b
|-resisted|p2b: Kyogre
|-damage|p2a: Iron Hands|55/100
|-damage|p2b: Kyogre|70/100
|move|p2a: Iron Hands|Drain Punch|p1b: Farigiraf
|-damage|p1b: Farigiraf|0 fnt
|-heal|p2a: Iron Hands|62/100|[from] drain|[of] p1b: Farigiraf
|faint|p1b: Farigiraf
|
|-weather|RainDance|[upkeep]
|upkeep
|turn|5
|
|t:|1750741231
|move|p2b: Kyogre|Ice Beam|p1a: Kyogre
|-supereffective|p1a: Kyogre
|-damage|p1a: Kyogre|19/100
|move|p1a: Kyogre|Origin Pulse|p2a: Iron Hands|[spread] p2a,p2b
|-resisted|p2b: Kyogre
|-damage|p2a: Iron Hands|21/100
|-damage|p2b: Kyogre|44/100
|move|p2a: Iron Hands|Drain Punch|p1a: Kyogre
|-crit|p1a: Kyogre
|-damage|p1a: Kyogre|0 fnt
|-heal|p2a: Iron Hands|29/100|[from] drain|[of] p1a: Kyogre
|faint|p1a: Kyogre
|
|win|herkleon
|raw|SpicySpicy1374's rating: 1233 &rarr; <strong>1202</strong><br />(-31 for losing)
|raw|herkleon's rating: 1144 &rarr; <strong>1175</strong><br />(+31 for winning)
|l|☆SpicySpicy1374
|player|p1|
|l|☆herkleon
|player|p2|
