|j|☆Cancallkirby
|j|☆Alyxandar
|t:|1750844117
|gametype|doubles
|player|p1|Cancallkirby|veteran|1189
|player|p2|Alyxandar|pokemonranger-gen4|1156
|teamsize|p1|6
|teamsize|p2|6
|gen|9
|tier|[Gen 9] VGC 2025 Reg I
|rated|
|rule|Species Clause: Limit one of each Pokémon
|rule|Item Clause: Limit 1 of each item
|clearpoke
|poke|p1|Raging Bolt, L50|
|poke|p1|Koraidon, L50|
|poke|p1|Pelipper, L50, F|
|poke|p1|Flutter Mane, L50|
|poke|p1|Zacian-*, L50|
|poke|p1|Slither Wing, L50|
|poke|p2|Kyogre, L50|
|poke|p2|Chi-Yu, L50|
|poke|p2|Amoonguss, L50, F|
|poke|p2|Ursaluna, L50, M|
|poke|p2|Calyrex-Ice, L50|
|poke|p2|Whimsicott, L50, F|
|teampreview|4
|inactive|Battle timer is ON: inactive players will automatically lose when time's up. (requested by Alyxandar)
|inactive|Cancallkirby also wants the timer to be on.
Cancallkirby rejected open team sheets.
|inactive|Alyxandar has 60 seconds left.
|
|t:|1750844152
|start
|switch|p1a: Raging Bolt|Raging Bolt, L50|100/100
|switch|p1b: Slither Wing|Slither Wing, L50|100/100
|switch|p2a: Calyrex|Calyrex-Ice, L50|100/100
|switch|p2b: Amoonguss|Amoonguss, L50, F|100/100
|-ability|p2a: Calyrex|As One
|-ability|p2a: Calyrex|Unnerve
|turn|1
|
|t:|1750844174
|-end|p1b: Slither Wing|Protosynthesis|[silent]
|switch|p1b: Koraidon|Koraidon, L50|100/100
|-weather|SunnyDay|[from] ability: Orichalcum Pulse|[of] p1b: Koraidon
|-activate|p1a: Raging Bolt|ability: Protosynthesis
|-start|p1a: Raging Bolt|protosynthesisspa
|-activate|p1b: Koraidon|Orichalcum Pulse|[source]
|-terastallize|p1a: Raging Bolt|Fire
|move|p1a: Raging Bolt|Weather Ball|p2a: Calyrex
|-supereffective|p2a: Calyrex
|-damage|p2a: Calyrex|0 fnt
|faint|p2a: Calyrex
|move|p2b: Amoonguss|Spore|p1a: Raging Bolt
|-status|p1a: Raging Bolt|slp|[from] move: Spore
|
|-weather|SunnyDay|[upkeep]
|upkeep
|
|t:|1750844188
|switch|p2a: Kyogre|Kyogre, L50|100/100
|-weather|RainDance|[from] ability: Drizzle|[of] p2a: Kyogre
|-end|p1a: Raging Bolt|Protosynthesis
|turn|2
|
|t:|1750844204
|-end|p1a: Raging Bolt|Protosynthesis|[silent]
|switch|p1a: Zacian|Zacian-Crowned, L50|100/100
|-ability|p1a: Zacian|Intrepid Sword|boost
|-boost|p1a: Zacian|atk|1
|move|p1b: Koraidon|U-turn|p2b: Amoonguss
|-damage|p2b: Amoonguss|76/100
|-damage|p1b: Koraidon|84/100|[from] item: Rocky Helmet|[of] p2b: Amoonguss
|
|t:|1750844212
|switch|p1b: Slither Wing|Slither Wing, L50|100/100|[from] U-turn
|move|p2a: Kyogre|Water Spout|p1a: Zacian|[spread] p1a,p1b
|-crit|p1b: Slither Wing
|-damage|p1a: Zacian|0 fnt
|-damage|p1b: Slither Wing|0 fnt
|faint|p1a: Zacian
|faint|p1b: Slither Wing
|-end|p1b: Slither Wing|Protosynthesis|[silent]
|move|p2b: Amoonguss|Spore|p1: Zacian|[notarget]
|-fail|p2b: Amoonguss
|
|-weather|RainDance|[upkeep]
|upkeep
|
|t:|1750844225
|switch|p1a: Raging Bolt|Raging Bolt, L50, tera:Fire|100/100 slp
|switch|p1b: Koraidon|Koraidon, L50|84/100
|-weather|SunnyDay|[from] ability: Orichalcum Pulse|[of] p1b: Koraidon
|-activate|p1a: Raging Bolt|ability: Protosynthesis
|-start|p1a: Raging Bolt|protosynthesisspa
|-activate|p1b: Koraidon|Orichalcum Pulse|[source]
|turn|3
|
|t:|1750844239
|switch|p2a: Chi-Yu|Chi-Yu, L50|100/100
|-ability|p2a: Chi-Yu|Beads of Ruin
|move|p2b: Amoonguss|Protect|p2b: Amoonguss
|-singleturn|p2b: Amoonguss|Protect
|move|p1b: Koraidon|Flare Blitz|p2b: Amoonguss
|-activate|p2b: Amoonguss|move: Protect
|cant|p1a: Raging Bolt|slp
|
|-weather|SunnyDay|[upkeep]
|upkeep
|turn|4
|
|t:|1750844255
|switch|p2a: Kyogre|Kyogre, L50|100/100
|-weather|RainDance|[from] ability: Drizzle|[of] p2a: Kyogre
|-end|p1a: Raging Bolt|Protosynthesis
|-terastallize|p2b: Amoonguss|Water
|move|p1b: Koraidon|Flare Blitz|p2b: Amoonguss
|-resisted|p2b: Amoonguss
|-damage|p2b: Amoonguss|66/100
|-damage|p1b: Koraidon|67/100|[from] item: Rocky Helmet|[of] p2b: Amoonguss
|-damage|p1b: Koraidon|63/100|[from] Recoil
|-curestatus|p1a: Raging Bolt|slp|[msg]
|move|p1a: Raging Bolt|Solar Beam||[still]
|-prepare|p1a: Raging Bolt|Solar Beam
|move|p2b: Amoonguss|Spore|p1b: Koraidon
|-status|p1b: Koraidon|slp|[from] move: Spore
|
|-weather|RainDance|[upkeep]
|upkeep
|turn|5
|inactive|Cancallkirby has 30 seconds left.
|
|t:|1750844280
|move|p2a: Kyogre|Protect|p2a: Kyogre
|-singleturn|p2a: Kyogre|Protect
|move|p2b: Amoonguss|Protect|p2b: Amoonguss
|-singleturn|p2b: Amoonguss|Protect
|cant|p1b: Koraidon|slp
|move|p1a: Raging Bolt|Solar Beam|p2a: Kyogre|[from] lockedmove
|-activate|p2a: Kyogre|move: Protect
|
|-weather|RainDance|[upkeep]
|upkeep
|turn|6
|c|☆Cancallkirby|God I hate that mushroom
|
|t:|1750844299
|cant|p1b: Koraidon|slp
|move|p2a: Kyogre|Water Spout|p1a: Raging Bolt|[spread] p1a,p1b
|-supereffective|p1a: Raging Bolt
|-resisted|p1b: Koraidon
|-damage|p1a: Raging Bolt|0 fnt
|-damage|p1b: Koraidon|10/100 slp
|faint|p1a: Raging Bolt
|-end|p1a: Raging Bolt|Protosynthesis|[silent]
|move|p2b: Amoonguss|Pollen Puff|p2a: Kyogre
|
|-weather|RainDance|[upkeep]
|upkeep
|turn|7
|-message|Cancallkirby forfeited.
|
|win|Alyxandar
|raw|Cancallkirby's rating: 1189 &rarr; <strong>1162</strong><br />(-27 for losing)
|raw|Alyxandar's rating: 1156 &rarr; <strong>1183</strong><br />(+27 for winning)
|l|☆Cancallkirby
|player|p1|
|l|☆Alyxandar
|player|p2|
