|j|☆chikiwiwi
|j|☆fntzz
|t:|1750864800
|gametype|doubles
|player|p1|chikiwiwi|red|1138
|player|p2|fntzz|clown|1218
|teamsize|p1|6
|teamsize|p2|6
|gen|9
|tier|[Gen 9] VGC 2025 Reg I
|rated|
|rule|Species Clause: Limit one of each Pokémon
|rule|Item Clause: Limit 1 of each item
|clearpoke
|poke|p1|Cresselia, L50, F|
|poke|p1|Terapagos, L50, M|
|poke|p1|Calyrex-Ice, L50|
|poke|p1|Ursaluna-Bloodmoon, L50, M|
|poke|p1|Iron Hands, L50|
|poke|p1|Amoonguss, L50, F|
|poke|p2|Koraidon, L50|
|poke|p2|Zamazenta-*, L50|
|poke|p2|Chi-Yu, L50|
|poke|p2|Whimsicott, L50, F|
|poke|p2|Raging Bolt, L50|
|poke|p2|Weezing-Galar, L50, F|
|teampreview|4
|inactive|Battle timer is ON: inactive players will automatically lose when time's up. (requested by chikiwiwi)
|
|t:|1750864833
|start
|switch|p1a: Kintaro|Iron Hands, L50|100/100
|switch|p1b: Calyrex|Calyrex-Ice, L50|100/100
|switch|p2a: Koraidon|Koraidon, L50|100/100
|switch|p2b: Whimsicott|Whimsicott, L50, F|100/100
|-ability|p1b: Calyrex|As One
|-ability|p1b: Calyrex|Unnerve
|-weather|SunnyDay|[from] ability: Orichalcum Pulse|[of] p2a: Koraidon
|-activate|p2a: Koraidon|Orichalcum Pulse|[source]
|-enditem|p1a: Kintaro|Booster Energy
|-activate|p1a: Kintaro|ability: Quark Drive|[fromitem]
|-start|p1a: Kintaro|quarkdriveatk
|turn|1
|inactive|fntzz has 30 seconds left.
|inactive|fntzz has 20 seconds left.
|
|t:|1750864869
|move|p2a: Koraidon|Protect|p2a: Koraidon
|-singleturn|p2a: Koraidon|Protect
|move|p1a: Kintaro|Fake Out|p2a: Koraidon
|-activate|p2a: Koraidon|move: Protect
|move|p2b: Whimsicott|Moonblast|p1b: Calyrex
|-damage|p1b: Calyrex|75/100
|move|p1b: Calyrex|Glacial Lance|p2b: Whimsicott|[spread] p2b
|-activate|p2a: Koraidon|move: Protect
|-supereffective|p2b: Whimsicott
|-damage|p2b: Whimsicott|0 fnt
|faint|p2b: Whimsicott
|-ability|p1b: Calyrex|Chilling Neigh|boost
|-boost|p1b: Calyrex|atk|1
|-damage|p1b: Calyrex|65/100|[from] item: Life Orb
|
|-weather|SunnyDay|[upkeep]
|upkeep
|
|t:|1750864884
|switch|p2b: Zamazenta|Zamazenta-Crowned, L50|100/100
|-ability|p2b: Zamazenta|Dauntless Shield|boost
|-boost|p2b: Zamazenta|def|1
|turn|2
|inactive|chikiwiwi has 30 seconds left.
|
|t:|1750864915
|-terastallize|p2a: Koraidon|Fire
|move|p2b: Zamazenta|Wide Guard|p2b: Zamazenta
|-singleturn|p2b: Zamazenta|Wide Guard
|move|p2a: Koraidon|Flame Charge|p1b: Calyrex
|-supereffective|p1b: Calyrex
|-damage|p1b: Calyrex|0 fnt
|-boost|p2a: Koraidon|spe|1
|faint|p1b: Calyrex
|move|p1a: Kintaro|Drain Punch|p2b: Zamazenta
|-supereffective|p2b: Zamazenta
|-damage|p2b: Zamazenta|59/100
|
|-weather|SunnyDay|[upkeep]
|upkeep
|
|t:|1750864930
|switch|p1b: Ursaluna|Ursaluna-Bloodmoon, L50, M|100/100
|turn|3
|
|t:|1750864957
|move|p2a: Koraidon|Collision Course|p1b: Ursaluna
|-supereffective|p1b: Ursaluna
|-damage|p1b: Ursaluna|0 fnt
|faint|p1b: Ursaluna
|move|p2b: Zamazenta|Body Press|p1a: Kintaro
|-damage|p1a: Kintaro|59/100
|move|p1a: Kintaro|Supercell Slam|p2a: Koraidon
|-damage|p2a: Koraidon|35/100
|
|-weather|SunnyDay|[upkeep]
|upkeep
|
|t:|1750864969
|switch|p1b: Terapagos|Terapagos, L50, M|100/100
|-activate|p1b: Terapagos|ability: Tera Shift
|detailschange|p1b: Terapagos|Terapagos-Terastal, L50, M
|-heal|p1b: Terapagos|100/100|[silent]
|turn|4
|
|t:|1750864980
|-terastallize|p1b: Terapagos|Stellar
|detailschange|p1b: Terapagos|Terapagos-Stellar, L50, M, tera:Stellar
|-heal|p1b: Terapagos|100/100|[silent]
|-ability|p1b: Terapagos|Teraform Zero
|-weather|none
|move|p2a: Koraidon|Collision Course|p1b: Terapagos
|-supereffective|p1b: Terapagos
|-damage|p1b: Terapagos|12/100
|move|p2b: Zamazenta|Body Press|p1b: Terapagos
|-supereffective|p1b: Terapagos
|-damage|p1b: Terapagos|0 fnt
|faint|p1b: Terapagos
|detailschange|p1: Terapagos|Terapagos, L50, M|[silent]
|move|p1a: Kintaro|Drain Punch|p2b: Zamazenta
|-supereffective|p2b: Zamazenta
|-damage|p2b: Zamazenta|23/100
|-heal|p1a: Kintaro|73/100|[from] drain|[of] p2b: Zamazenta
|
|upkeep
|turn|5
|-message|chikiwiwi forfeited.
|
|win|fntzz
|raw|chikiwiwi's rating: 1138 &rarr; <strong>1119</strong><br />(-19 for losing)
|raw|fntzz's rating: 1218 &rarr; <strong>1237</strong><br />(+19 for winning)
|l|☆chikiwiwi
|player|p1|
