|j|☆ToxtricityCrunch
|j|☆Murkrow17
|t:|1750796919
|gametype|doubles
|player|p1|ToxtricityCrunch|wallace|1380
|player|p2|Murkrow17|grimsley|1485
|teamsize|p1|6
|teamsize|p2|6
|gen|9
|tier|[Gen 9] VGC 2025 Reg I
|rated|
|rule|Species Clause: Limit one of each Pokémon
|rule|Item Clause: Limit 1 of each item
|clearpoke
|poke|p1|Kyogre, L50|
|poke|p1|Zacian-*, L50|
|poke|p1|Tornadus, L50, M|
|poke|p1|Weavile, L50, F|
|poke|p1|Urshifu-*, L50, M|
|poke|p1|Clefairy, L50, F|
|poke|p2|Koraidon, L50|
|poke|p2|Scovillain, L50, M|
|poke|p2|Incineroar, L50, M|
|poke|p2|Landorus, L50, M|
|poke|p2|Solgaleo, L50|
|poke|p2|Whimsicott, L50, F|
|teampreview|4
|inactive|Battle timer is ON: inactive players will automatically lose when time's up. (requested by Murkrow17)
|inactive|ToxtricityCrunch has 60 seconds left.
|inactive|Murkrow17 has 60 seconds left.
|
|t:|1750796964
|start
|switch|p1a: Tornadus|Tornadus, L50, M|100/100
|switch|p1b: Weavile|Weavile, L50, F, shiny|100/100
|switch|p2a: Landorus|Landorus, L50, M|100/100
|switch|p2b: Whimsicott|Whimsicott, L50, F|100/100
|turn|1
|inactive|Murkrow17 has 30 seconds left.
|
|t:|1750796990
|-terastallize|p2a: Landorus|Poison
|move|p2b: Whimsicott|Tailwind|p2b: Whimsicott
|-sidestart|p2: Murkrow17|move: Tailwind
|move|p1a: Tornadus|Tailwind|p1a: Tornadus
|-sidestart|p1: ToxtricityCrunch|move: Tailwind
|move|p2a: Landorus|Sludge Bomb|p1a: Tornadus
|-damage|p1a: Tornadus|59/100
|move|p1b: Weavile|Icicle Crash|p2a: Landorus
|-damage|p2a: Landorus|47/100
|
|upkeep
|turn|2
|inactive|ToxtricityCrunch has 30 seconds left.
|
|t:|1750797016
|move|p2a: Landorus|Sludge Bomb|p1a: Tornadus
|-damage|p1a: Tornadus|14/100
|move|p1b: Weavile|Knock Off|p2a: Landorus
|-damage|p2a: Landorus|0 fnt
|-enditem|p2a: Landorus|Choice Scarf|[from] move: Knock Off|[of] p1b: Weavile
|faint|p2a: Landorus
|move|p2b: Whimsicott|Moonblast|p1a: Tornadus
|-damage|p1a: Tornadus|0 fnt
|faint|p1a: Tornadus
|
|upkeep
|
|t:|1750797028
|switch|p2a: Solgaleo|Solgaleo, L50|100/100
|switch|p1a: Urshifu|Urshifu, L50, M|100/100
|turn|3
|
|t:|1750797046
|switch|p2a: Koraidon|Koraidon, L50|100/100
|-weather|SunnyDay|[from] ability: Orichalcum Pulse|[of] p2a: Koraidon
|-activate|p2a: Koraidon|Orichalcum Pulse|[source]
|-terastallize|p1a: Urshifu|Dark
|move|p1b: Weavile|Feint|p2a: Koraidon
|-damage|p2a: Koraidon|92/100
|move|p1a: Urshifu|Wicked Blow|p2a: Koraidon
|-resisted|p2a: Koraidon
|-crit|p2a: Koraidon
|-damage|p2a: Koraidon|39/100
|move|p2b: Whimsicott|Moonblast|p1a: Urshifu
|-supereffective|p1a: Urshifu
|-damage|p1a: Urshifu|25/100
|
|-weather|SunnyDay|[upkeep]
|upkeep
|turn|4
|
|t:|1750797067
|move|p1b: Weavile|Feint|p2a: Koraidon
|-damage|p2a: Koraidon|31/100
|move|p2a: Koraidon|Flame Charge|p1b: Weavile
|-supereffective|p1b: Weavile
|-enditem|p1b: Weavile|Focus Sash
|-damage|p1b: Weavile|1/100
|-boost|p2a: Koraidon|spe|1
|-enditem|p2a: Koraidon|Clear Amulet|[silent]|[from] ability: Pickpocket|[of] p2a: Koraidon
|-item|p1b: Weavile|Clear Amulet|[from] ability: Pickpocket|[of] p2a: Koraidon
|move|p1a: Urshifu|Wicked Blow|p2a: Koraidon
|-resisted|p2a: Koraidon
|-crit|p2a: Koraidon
|-damage|p2a: Koraidon|0 fnt
|faint|p2a: Koraidon
|move|p2b: Whimsicott|Moonblast|p1a: Urshifu
|-supereffective|p1a: Urshifu
|-damage|p1a: Urshifu|0 fnt
|faint|p1a: Urshifu
|
|-weather|SunnyDay|[upkeep]
|-sideend|p1: ToxtricityCrunch|move: Tailwind
|-sideend|p2: Murkrow17|move: Tailwind
|upkeep
|
|t:|1750797079
|switch|p2a: Solgaleo|Solgaleo, L50|100/100
|switch|p1a: Kyogre|Kyogre, L50, shiny|100/100
|-weather|RainDance|[from] ability: Drizzle|[of] p1a: Kyogre
|turn|5
|
|t:|1750797090
|move|p2b: Whimsicott|Light Screen|p2b: Whimsicott
|-sidestart|p2: Murkrow17|move: Light Screen
|move|p1a: Kyogre|Water Spout|p2a: Solgaleo|[spread] p2a,p2b
|-resisted|p2b: Whimsicott
|-damage|p2a: Solgaleo|46/100
|-damage|p2b: Whimsicott|68/100
|move|p1b: Weavile|Knock Off|p2a: Solgaleo
|-supereffective|p2a: Solgaleo
|-damage|p2a: Solgaleo|0 fnt
|-enditem|p2a: Solgaleo|Life Orb|[from] move: Knock Off|[of] p1b: Weavile
|faint|p2a: Solgaleo
|
|-weather|RainDance|[upkeep]
|upkeep
|turn|6
|-message|Murkrow17 forfeited.
|
|win|ToxtricityCrunch
|raw|ToxtricityCrunch's rating: 1380 &rarr; <strong>1406</strong><br />(+26 for winning)
|raw|Murkrow17's rating: 1485 &rarr; <strong>1459</strong><br />(-26 for losing)
|l|☆Murkrow17
|player|p2|
|l|☆ToxtricityCrunch
|player|p1|
