|j|☆Redhoundoom
|j|☆dimplewiskers
|t:|1750795583
|gametype|doubles
|player|p1|Redhoundoom|102|1425
|player|p2|dimplewiskers|2|1417
|teamsize|p1|6
|teamsize|p2|6
|gen|9
|tier|[Gen 9] VGC 2025 Reg I
|rated|
|rule|Species Clause: Limit one of each Pokémon
|rule|Item Clause: Limit 1 of each item
|clearpoke
|poke|p1|Rillaboom, L50, F|
|poke|p1|Zamazenta-*, L50|
|poke|p1|Urshifu-*, L50, F|
|poke|p1|Ho-Oh, L50|
|poke|p1|Flutter Mane, L50|
|poke|p1|Raging Bolt, L50|
|poke|p2|Calyrex-Ice, L50|
|poke|p2|Necrozma-Dawn-Wings, L50|
|poke|p2|Smeargle, L50, M|
|poke|p2|Indeedee-F, L50, F|
|poke|p2|Torkoal, L50, F|
|poke|p2|Urshifu-*, L50, M|
|teampreview|4
|inactive|Battle timer is ON: inactive players will automatically lose when time's up. (requested by dimplewiskers)
|inactive|Redhoundoom has 60 seconds left.
|
|t:|1750795657
|start
|switch|p1a: Urshifu|Urshifu-Rapid-Strike, L50, F|100/100
|switch|p1b: Ho-Oh|Ho-Oh, L50|100/100
|switch|p2a: Henry VIII|Calyrex-Ice, L50|100/100
|switch|p2b: Bob Ross|Smeargle, L50, M, shiny|100/100
|-ability|p2a: Henry VIII|As One
|-ability|p2a: Henry VIII|Unnerve
|turn|1
|inactive|Redhoundoom has 30 seconds left.
|inactive|dimplewiskers has 30 seconds left.
|
|t:|1750795692
|move|p2b: Bob Ross|Fake Out|p1b: Ho-Oh
|-damage|p1b: Ho-Oh|96/100
|move|p1a: Urshifu|Surging Strikes|p2b: Bob Ross
|-crit|p2b: Bob Ross
|-damage|p2b: Bob Ross|61/100
|-crit|p2b: Bob Ross
|-damage|p2b: Bob Ross|18/100
|-crit|p2b: Bob Ross
|-damage|p2b: Bob Ross|0 fnt
|faint|p2b: Bob Ross
|-hitcount|p2: Bob Ross|3
|cant|p1b: Ho-Oh|flinch
|move|p2a: Henry VIII|Trick Room|p2a: Henry VIII
|-fieldstart|move: Trick Room|[of] p2a: Henry VIII
|
|upkeep
|
|t:|1750795707
|switch|p2b: Strahd|Necrozma-Dawn-Wings, L50|100/100
|turn|2
|
|t:|1750795725
|move|p1b: Ho-Oh|Protect|p1b: Ho-Oh
|-singleturn|p1b: Ho-Oh|Protect
|move|p1a: Urshifu|Protect|p1a: Urshifu
|-singleturn|p1a: Urshifu|Protect
|move|p2a: Henry VIII|Glacial Lance|p1b: Ho-Oh|[spread] 
|-activate|p1a: Urshifu|move: Protect
|-activate|p1b: Ho-Oh|move: Protect
|move|p2b: Strahd|Meteor Beam||[still]
|-prepare|p2b: Strahd|Meteor Beam
|-boost|p2b: Strahd|spa|1
|-enditem|p2b: Strahd|Power Herb
|-anim|p2b: Strahd|Meteor Beam|p1b: Ho-Oh
|-activate|p1b: Ho-Oh|move: Protect
|
|upkeep
|turn|3
|inactive|Redhoundoom has 30 seconds left.
|inactive|dimplewiskers has 30 seconds left.
|
|t:|1750795760
|switch|p2a: Coach|Indeedee-F, L50, F, shiny|100/100
|-fieldstart|move: Psychic Terrain|[from] ability: Psychic Surge|[of] p2a: Coach
|switch|p1b: Zamazenta|Zamazenta-Crowned, L50|100/100
|-ability|p1b: Zamazenta|Dauntless Shield|boost
|-boost|p1b: Zamazenta|def|1
|-terastallize|p1a: Urshifu|Water
|move|p2b: Strahd|Expanding Force|p1b: Zamazenta|[spread] p1a,p1b
|-enditem|p1a: Urshifu|Focus Sash
|-damage|p1a: Urshifu|1/100
|-damage|p1b: Zamazenta|30/100
|move|p1a: Urshifu|Surging Strikes|p2b: Strahd
|-crit|p2b: Strahd
|-damage|p2b: Strahd|82/100
|-crit|p2b: Strahd
|-damage|p2b: Strahd|61/100
|-crit|p2b: Strahd
|-damage|p2b: Strahd|43/100
|-hitcount|p2b: Strahd|3
|
|upkeep
|turn|4
|inactive|Redhoundoom has 30 seconds left.
|inactive|dimplewiskers has 30 seconds left.
|inactive|Redhoundoom has 20 seconds left.
|inactive|dimplewiskers has 20 seconds left.
|inactive|Redhoundoom has 15 seconds left.
|inactive|dimplewiskers has 15 seconds left.
|inactive|dimplewiskers has 10 seconds left.
|inactive|dimplewiskers has 5 seconds left.
|
|t:|1750795814
|switch|p2a: Henry VIII|Calyrex-Ice, L50|100/100
|-ability|p2a: Henry VIII|As One
|-ability|p2a: Henry VIII|Unnerve
|move|p1b: Zamazenta|Wide Guard|p1b: Zamazenta
|-singleturn|p1b: Zamazenta|Wide Guard
|move|p2b: Strahd|Moongeist Beam|p1a: Urshifu
|-damage|p1a: Urshifu|0 fnt
|faint|p1a: Urshifu
|
|upkeep
|
|t:|1750795827
|switch|p1a: Ho-Oh|Ho-Oh, L50|100/100
|turn|5
|
|t:|1750795850
|switch|p1b: Rillaboom|Rillaboom, L50, F|100/100
|-fieldstart|move: Grassy Terrain|[from] ability: Grassy Surge|[of] p1b: Rillaboom
|move|p1a: Ho-Oh|Sacred Fire|p2a: Henry VIII
|-supereffective|p2a: Henry VIII
|-damage|p2a: Henry VIII|34/100
|-status|p2a: Henry VIII|brn
|move|p2a: Henry VIII|Trick Room|p2a: Henry VIII
|-fieldend|move: Trick Room
|move|p2b: Strahd|Trick Room|p2b: Strahd
|-fieldstart|move: Trick Room|[of] p2b: Strahd
|
|-heal|p2a: Henry VIII|40/100 brn|[from] Grassy Terrain
|-heal|p2b: Strahd|49/100|[from] Grassy Terrain
|-damage|p2a: Henry VIII|34/100 brn|[from] brn
|upkeep
|turn|6
|inactive|Redhoundoom has 30 seconds left.
|inactive|Redhoundoom has 20 seconds left.
|inactive|Redhoundoom has 15 seconds left.
|inactive|Redhoundoom has 10 seconds left.
|
|t:|1750795899
|switch|p2a: Coach|Indeedee-F, L50, F, shiny|100/100
|-fieldstart|move: Psychic Terrain|[from] ability: Psychic Surge|[of] p2a: Coach
|move|p2b: Strahd|Expanding Force|p1b: Rillaboom|[spread] p1a,p1b
|-damage|p1a: Ho-Oh|34/100
|-damage|p1b: Rillaboom|22/100
|move|p1b: Rillaboom|Wood Hammer|p2b: Strahd
|-damage|p2b: Strahd|0 fnt
|faint|p2b: Strahd
|-damage|p1b: Rillaboom|6/100|[from] Recoil
|move|p1a: Ho-Oh|Brave Bird|p2a: Coach
|-damage|p2a: Coach|36/100
|-damage|p1a: Ho-Oh|16/100|[from] Recoil
|
|upkeep
|
|t:|1750795916
|switch|p2b: Henry VIII|Calyrex-Ice, L50|34/100 brn
|-ability|p2b: Henry VIII|As One
|-ability|p2b: Henry VIII|Unnerve
|turn|7
|inactive|Redhoundoom has 30 seconds left.
|inactive|Redhoundoom has 20 seconds left.
|inactive|Redhoundoom has 15 seconds left.
|inactive|Redhoundoom has 10 seconds left.
|
|t:|1750795966
|move|p2a: Coach|Helping Hand|p2b: Henry VIII
|-singleturn|p2b: Henry VIII|Helping Hand|[of] p2a: Coach
|move|p1a: Ho-Oh|Protect|p1a: Ho-Oh
|-singleturn|p1a: Ho-Oh|Protect
|move|p2b: Henry VIII|Glacial Lance|p1a: Ho-Oh|[spread] p1b
|-activate|p1a: Ho-Oh|move: Protect
|-supereffective|p1b: Rillaboom
|-damage|p1b: Rillaboom|0 fnt
|faint|p1b: Rillaboom
|-ability|p2b: Henry VIII|Chilling Neigh|boost
|-boost|p2b: Henry VIII|atk|1
|
|-damage|p2b: Henry VIII|28/100 brn|[from] brn
|upkeep
|
|t:|1750795970
|switch|p1b: Zamazenta|Zamazenta-Crowned, L50|30/100
|turn|8
|inactive|Redhoundoom has 30 seconds left.
|inactive|dimplewiskers has 30 seconds left.
|
|t:|1750796002
|move|p1b: Zamazenta|Protect|p1b: Zamazenta
|-singleturn|p1b: Zamazenta|Protect
|move|p2a: Coach|Follow Me|p2a: Coach
|-singleturn|p2a: Coach|move: Follow Me
|move|p2b: Henry VIII|Crunch|p1a: Ho-Oh
|-damage|p1a: Ho-Oh|0 fnt
|faint|p1a: Ho-Oh
|-ability|p2b: Henry VIII|Chilling Neigh|boost
|-boost|p2b: Henry VIII|atk|1
|
|-damage|p2b: Henry VIII|22/100 brn|[from] brn
|upkeep
|turn|9
|inactive|dimplewiskers has 30 seconds left.
|
|t:|1750796031
|move|p1b: Zamazenta|Protect||[still]
|-fail|p1b: Zamazenta
|move|p2a: Coach|Follow Me|p2a: Coach
|-singleturn|p2a: Coach|move: Follow Me
|move|p2b: Henry VIII|Glacial Lance|p1b: Zamazenta
|-resisted|p1b: Zamazenta
|-damage|p1b: Zamazenta|10/100
|
|-damage|p2b: Henry VIII|16/100 brn|[from] brn
|-fieldend|move: Trick Room
|upkeep
|turn|10
|
|t:|1750796051
|move|p2b: Henry VIII|Protect|p2b: Henry VIII
|-singleturn|p2b: Henry VIII|Protect
|move|p1b: Zamazenta|Body Press|p2a: Coach
|-damage|p2a: Coach|0 fnt
|faint|p2a: Coach
|
|-damage|p2b: Henry VIII|11/100 brn|[from] brn
|-fieldend|move: Psychic Terrain
|upkeep
|turn|11
|-message|dimplewiskers forfeited.
|
|win|Redhoundoom
|raw|Redhoundoom's rating: 1425 &rarr; <strong>1445</strong><br />(+20 for winning)
|raw|dimplewiskers's rating: 1417 &rarr; <strong>1397</strong><br />(-20 for losing)
|l|☆dimplewiskers
|player|p2|
