|j|☆phatyoloswag
|j|☆pkeyko
|t:|1750843972
|gametype|doubles
|player|p1|phatyoloswag|102|1198
|player|p2|pkeyko|rosa|1185
|teamsize|p1|6
|teamsize|p2|6
|gen|9
|tier|[Gen 9] VGC 2025 Reg I
|rated|
|rule|Species Clause: Limit one of each Pokémon
|rule|Item Clause: Limit 1 of each item
|clearpoke
|poke|p1|Koraidon, L50|
|poke|p1|Miraidon, L50|
|poke|p1|Volcarona, L50, F|
|poke|p1|Sceptile, L50, M|
|poke|p1|Iron Treads, L50|
|poke|p1|Rabsca, L50, F|
|poke|p2|Kyogre, L50|
|poke|p2|Smeargle, L50, F|
|poke|p2|Calyrex-Ice, L50|
|poke|p2|Indeedee, L50, M|
|poke|p2|Gallade, L50, M|
|poke|p2|Kingambit, L50, F|
|teampreview|4
|inactive|Battle timer is ON: inactive players will automatically lose when time's up. (requested by phatyoloswag)
|
|t:|1750843992
|start
|switch|p1a: Rabsca|Rabsca, L50, F|100/100
|switch|p1b: Miraidon|Miraidon, L50|100/100
|switch|p2a: Kyogre|Kyogre, L50|100/100
|switch|p2b: Indeedee|Indeedee, L50, M|100/100
|-fieldstart|move: Psychic Terrain|[from] ability: Psychic Surge|[of] p2b: Indeedee
|-fieldstart|move: Electric Terrain|[from] ability: Hadron Engine|[of] p1b: Miraidon
|-weather|RainDance|[from] ability: Drizzle|[of] p2a: Kyogre
|turn|1
|inactive|phatyoloswag has 30 seconds left.
|
|t:|1750844025
|-terastallize|p2a: Kyogre|Water
|move|p2b: Indeedee|After You|p2a: Kyogre
|-activate|p2a: Kyogre|move: After You
|move|p2a: Kyogre|Water Spout|p1a: Rabsca|[spread] p1a,p1b
|-resisted|p1b: Miraidon
|-crit|p1b: Miraidon
|-damage|p1a: Rabsca|0 fnt
|-damage|p1b: Miraidon|0 fnt
|faint|p1a: Rabsca
|faint|p1b: Miraidon
|
|-weather|RainDance|[upkeep]
|upkeep
|
|t:|1750844040
|switch|p1b: Volcarona|Volcarona, L50, F|100/100
|switch|p1a: Sceptile|Sceptile, L50, M|100/100
|-enditem|p1a: Sceptile|Electric Seed
|-boost|p1a: Sceptile|def|1|[from] item: Electric Seed
|turn|2
|
|t:|1750844058
|switch|p2b: Calyrex|Calyrex-Ice, L50|100/100
|-ability|p2b: Calyrex|As One
|-ability|p2b: Calyrex|Unnerve
|switch|p2a: Kingambit|Kingambit, L50, F|100/100
|-terastallize|p1b: Volcarona|Water
|move|p1a: Sceptile|Leech Seed|p2a: Kingambit
|-start|p2a: Kingambit|move: Leech Seed
|move|p1b: Volcarona|Giga Drain|p2a: Kingambit
|-resisted|p2a: Kingambit
|-damage|p2a: Kingambit|94/100
|
|-weather|RainDance|[upkeep]
|-damage|p2a: Kingambit|82/100|[from] Leech Seed|[of] p1a: Sceptile
|upkeep
|turn|3
|inactive|phatyoloswag has 30 seconds left.
|inactive|pkeyko has 30 seconds left.
|inactive|pkeyko has 20 seconds left.
|inactive|pkeyko has 15 seconds left.
|
|t:|1750844101
|switch|p2b: Indeedee|Indeedee, L50, M|100/100
|-fieldstart|move: Psychic Terrain|[from] ability: Psychic Surge|[of] p2b: Indeedee
|switch|p2a: Kyogre|Kyogre, L50, tera:Water|100/100
|move|p1a: Sceptile|Dragon Cheer|p1b: Volcarona
|-start|p1b: Volcarona|move: Dragon Cheer
|move|p1b: Volcarona|Quiver Dance|p1b: Volcarona
|-boost|p1b: Volcarona|spa|1
|-boost|p1b: Volcarona|spd|1
|-boost|p1b: Volcarona|spe|1
|
|-weather|RainDance|[upkeep]
|upkeep
|turn|4
|inactive|phatyoloswag has 30 seconds left.
|
|t:|1750844130
|move|p1a: Sceptile|Leech Seed|p2a: Kyogre
|-start|p2a: Kyogre|move: Leech Seed
|move|p2b: Indeedee|After You|p2a: Kyogre
|-activate|p2a: Kyogre|move: After You
|move|p2a: Kyogre|Water Spout|p1a: Sceptile|[spread] p1a,p1b
|-resisted|p1a: Sceptile
|-resisted|p1b: Volcarona
|-damage|p1a: Sceptile|0 fnt
|-damage|p1b: Volcarona|42/100
|faint|p1a: Sceptile
|move|p1b: Volcarona|Giga Drain|p2a: Kyogre
|-supereffective|p2a: Kyogre
|-damage|p2a: Kyogre|53/100
|-heal|p1b: Volcarona|68/100|[from] drain|[of] p2a: Kyogre
|
|-weather|RainDance|[upkeep]
|upkeep
|turn|5
|
|t:|1750844150
|switch|p2b: Calyrex|Calyrex-Ice, L50|100/100
|-ability|p2b: Calyrex|As One
|-ability|p2b: Calyrex|Unnerve
|switch|p2a: Kingambit|Kingambit, L50, F|82/100
|move|p1b: Volcarona|Giga Drain|p2a: Kingambit
|-resisted|p2a: Kingambit
|-damage|p2a: Kingambit|72/100
|-heal|p1b: Volcarona|73/100|[from] drain|[of] p2a: Kingambit
|
|-weather|none
|upkeep
|turn|6
|
|t:|1750844165
|switch|p2b: Indeedee|Indeedee, L50, M|100/100
|move|p1b: Volcarona|Heat Wave|p2a: Kingambit|[spread] p2a,p2b
|-supereffective|p2a: Kingambit
|-damage|p2a: Kingambit|14/100
|-damage|p2b: Indeedee|35/100
|move|p2a: Kingambit|Kowtow Cleave|p1b: Volcarona
|-damage|p1b: Volcarona|17/100
|
|upkeep
|turn|7
|
|t:|1750844182
|switch|p2a: Kyogre|Kyogre, L50, tera:Water|53/100
|-weather|RainDance|[from] ability: Drizzle|[of] p2a: Kyogre
|move|p2b: Indeedee|Trick|p1b: Volcarona
|-activate|p2b: Indeedee|move: Trick|[of] p1b: Volcarona
|-item|p1b: Volcarona|Choice Scarf|[from] move: Trick
|-item|p2b: Indeedee|Covert Cloak|[from] move: Trick
|move|p1b: Volcarona|Heat Wave|p2b: Indeedee|[spread] p2a
|-miss|p1b: Volcarona|p2b: Indeedee
|-resisted|p2a: Kyogre
|-damage|p2a: Kyogre|45/100
|
|-weather|RainDance|[upkeep]
|-fieldend|move: Psychic Terrain
|upkeep
|turn|8
|-message|phatyoloswag forfeited.
|
|win|pkeyko
|raw|phatyoloswag's rating: 1198 &rarr; <strong>1172</strong><br />(-26 for losing)
|raw|pkeyko's rating: 1185 &rarr; <strong>1211</strong><br />(+26 for winning)
