|j|☆bman311
|j|☆AthenaStrive9
|t:|1750826233
|gametype|doubles
|player|p1|bman311|elesa-masters|
|player|p2|AthenaStrive9|nancy|
|teamsize|p1|6
|teamsize|p2|6
|gen|9
|tier|[Gen 9] VGC 2025 Reg I
|rated|Tournament battle
|rule|Species Clause: Limit one of each Pokémon
|rule|Item Clause: Limit 1 of each item
|clearpoke
|poke|p1|Miraidon, L50|
|poke|p1|Lunala, L50|
|poke|p1|Incineroar, L50, F|
|poke|p1|Ursaluna, L50, F|
|poke|p1|Urshifu-*, L50, M|
|poke|p1|Whimsicott, L50, M|
|poke|p2|Miraidon, L50|
|poke|p2|Zamazenta-*, L50|
|poke|p2|Volcarona, L50, F|
|poke|p2|Farigiraf, L50, M|
|poke|p2|Rillaboom, L50, F|
|poke|p2|Grimmsnarl, L50, M|
|teampreview|4
|inactive|Battle timer is ON: inactive players will automatically lose when time's up. (requested by bman311)
AthenaStrive9 has agreed to open team sheets.
bman311 has agreed to open team sheets.
|showteam|p1|Miraidon||ChoiceSpecs|HadronEngine|ElectroDrift,DracoMeteor,DazzlingGleam,VoltSwitch||||||50|,,,,,Fairy]Lunala||ElectricSeed|ShadowShield|MoongeistBeam,Moonblast,WideGuard,TrickRoom||||||50|,,,,,Fairy]Incineroar||AssaultVest|Intimidate|FakeOut,FlareBlitz,KnockOff,Uturn|||F|||50|,,,,,Bug]Ursaluna||FlameOrb|Guts|Facade,HeadlongRush,Earthquake,Protect|||F|||50|,,,,,Ghost]Urshifu-Rapid-Strike||ChoiceBand|UnseenFist|SurgingStrikes,CloseCombat,AquaJet,Uturn|||M|||50|,,,,,Ghost]Whimsicott||CovertCloak|Prankster|Tailwind,Moonblast,LightScreen,Encore|||M|||50|,,,,,Water
|showteam|p2|Miraidon||ChoiceSpecs|HadronEngine|ElectroDrift,DracoMeteor,DazzlingGleam,VoltSwitch||||||50|,,,,,Fairy]Zamazenta-Crowned||RustedShield|DauntlessShield|Protect,BodyPress,behemothbash,WideGuard||||||50|,,,,,Dragon]Volcarona||Leftovers|FlameBody|Protect,FieryDance,StruggleBug,QuiverDance|||F|||50|,,,,,Grass]Farigiraf||ElectricSeed|ArmorTail|Psychic,FoulPlay,HelpingHand,TrickRoom|||M|||50|,,,,,Water]Rillaboom||AssaultVest|GrassySurge|GrassyGlide,WoodHammer,FakeOut,Uturn|||F|||50|,,,,,Water]Grimmsnarl||LightClay|Prankster|SpiritBreak,ScaryFace,Reflect,LightScreen|||M|||50|,,,,,Ghost
|c|☆AthenaStrive9|glhf :3
|c|☆bman311|glhf
|j| D1 Sinnoy Glazer
|j| eriksp9
|c| eriksp9|bman save some finals for the rest of us dude
|inactive|bman311 has 60 seconds left.
|inactive|AthenaStrive9 has 60 seconds left.
|c| eriksp9|come on
|c|☆bman311|mb
|l| D1 Sinnoy Glazer
|inactive|bman311 has 30 seconds left.
|inactive|AthenaStrive9 has 30 seconds left.
|inactive|bman311 has 20 seconds left.
|
|t:|1750826304
|start
|switch|p1a: Incineroar|Incineroar, L50, F|100/100
|switch|p1b: Miraidon|Miraidon, L50|100/100
|switch|p2a: Miraidon|Miraidon, L50|100/100
|switch|p2b: Grimmsnarl|Grimmsnarl, L50, M, shiny|100/100
|-fieldstart|move: Electric Terrain|[from] ability: Hadron Engine|[of] p2a: Miraidon
|-activate|p1b: Miraidon|ability: Hadron Engine
|-ability|p1a: Incineroar|Intimidate|boost
|-unboost|p2a: Miraidon|atk|1
|-unboost|p2b: Grimmsnarl|atk|1
|turn|1
|
|t:|1750826311
|switch|p2a: Farigiraf|Farigiraf, L50, M|100/100
|-enditem|p2a: Farigiraf|Electric Seed
|-boost|p2a: Farigiraf|def|1|[from] item: Electric Seed
|-terastallize|p1b: Miraidon|Fairy
|move|p1a: Incineroar|Fake Out||[still]
|cant|p2a: Farigiraf|ability: Armor Tail|Fake Out|[of] p1a: Incineroar
|move|p2b: Grimmsnarl|Light Screen|p2b: Grimmsnarl
|-sidestart|p2: AthenaStrive9|move: Light Screen
|move|p1b: Miraidon|Dazzling Gleam|p2a: Farigiraf|[spread] p2a,p2b
|-supereffective|p2b: Grimmsnarl
|-damage|p2a: Farigiraf|59/100
|-damage|p2b: Grimmsnarl|18/100
|
|upkeep
|turn|2
|inactive|AthenaStrive9 has 30 seconds left.
|
|t:|1750826338
|move|p2b: Grimmsnarl|Scary Face|p1b: Miraidon
|-unboost|p1b: Miraidon|spe|2
|move|p1b: Miraidon|Dazzling Gleam|p2a: Farigiraf|[spread] p2a,p2b
|-crit|p2a: Farigiraf
|-supereffective|p2b: Grimmsnarl
|-damage|p2a: Farigiraf|0 fnt
|-damage|p2b: Grimmsnarl|0 fnt
|faint|p2a: Farigiraf
|faint|p2b: Grimmsnarl
|move|p1a: Incineroar|U-turn|p2: Farigiraf|[notarget]
|-fail|p1a: Incineroar
|
|upkeep
|
|t:|1750826340
|switch|p2b: Zamazenta|Zamazenta-Crowned, L50, shiny|100/100
|switch|p2a: Miraidon|Miraidon, L50|100/100
|-activate|p2a: Miraidon|ability: Hadron Engine
|-ability|p2b: Zamazenta|Dauntless Shield|boost
|-boost|p2b: Zamazenta|def|1
|turn|3
|j| imgoldshark07
|j| X2Muz
|
|t:|1750826355
|switch|p1a: Lunala|Lunala, L50|100/100
|-enditem|p1a: Lunala|Electric Seed
|-boost|p1a: Lunala|def|1|[from] item: Electric Seed
|move|p2a: Miraidon|Electro Drift|p1b: Miraidon
|-damage|p1b: Miraidon|0 fnt
|faint|p1b: Miraidon
|move|p2b: Zamazenta|Body Press|p1a: Lunala
|-immune|p1a: Lunala
|
|upkeep
|j| Rainpelt103
|l| Rainpelt103
|l| X2Muz
|
|t:|1750826366
|switch|p1b: Incineroar|Incineroar, L50, F|100/100
|-ability|p1b: Incineroar|Intimidate|boost
|-unboost|p2a: Miraidon|atk|1
|-unboost|p2b: Zamazenta|atk|1
|turn|4
|
|t:|1750826374
|move|p1b: Incineroar|Fake Out|p2a: Miraidon
|-damage|p2a: Miraidon|87/100
|cant|p2a: Miraidon|flinch
|move|p2b: Zamazenta|Behemoth Bash|p1a: Lunala
|-damage|p1a: Lunala|94/100
|move|p1a: Lunala|Trick Room|p1a: Lunala
|-fieldstart|move: Trick Room|[of] p1a: Lunala
|
|upkeep
|turn|5
|
|t:|1750826389
|move|p1b: Incineroar|Knock Off|p2a: Miraidon
|-damage|p2a: Miraidon|43/100
|-enditem|p2a: Miraidon|Choice Specs|[from] move: Knock Off|[of] p1b: Incineroar
|move|p1a: Lunala|Moonblast|p2a: Miraidon
|-supereffective|p2a: Miraidon
|-damage|p2a: Miraidon|0 fnt
|faint|p2a: Miraidon
|move|p2b: Zamazenta|Body Press|p1b: Incineroar
|-supereffective|p1b: Incineroar
|-damage|p1b: Incineroar|0 fnt
|faint|p1b: Incineroar
|
|-fieldend|move: Electric Terrain
|upkeep
|
|t:|1750826395
|switch|p1b: Ursaluna|Ursaluna, L50, F|100/100
|turn|6
|
|t:|1750826404
|move|p1b: Ursaluna|Protect|p1b: Ursaluna
|-singleturn|p1b: Ursaluna|Protect
|move|p1a: Lunala|Moongeist Beam|p2b: Zamazenta
|-damage|p2b: Zamazenta|69/100
|move|p2b: Zamazenta|Behemoth Bash|p1a: Lunala
|-damage|p1a: Lunala|81/100
|
|-status|p1b: Ursaluna|brn|[from] item: Flame Orb
|upkeep
|turn|7
|
|t:|1750826426
|-terastallize|p2b: Zamazenta|Dragon
|move|p1b: Ursaluna|Headlong Rush|p2b: Zamazenta
|-damage|p2b: Zamazenta|25/100
|-unboost|p1b: Ursaluna|def|1
|-unboost|p1b: Ursaluna|spd|1
|move|p1a: Lunala|Moongeist Beam|p2b: Zamazenta
|-damage|p2b: Zamazenta|0 fnt
|faint|p2b: Zamazenta
|
|win|bman311
|n|☆bman311|bman311
|n|☆AthenaStrive9|athenastrive9
|n| eriksp9|eriksp9
|n| imgoldshark07|imgoldshark07
