|j|☆TommyGuapo
|j|☆senhoritalo_test2
|t:|1750853912
|gametype|doubles
|player|p1|TommyGuapo|102|1403
|player|p2|senhoritalo_test2|265|1377
|teamsize|p1|5
|teamsize|p2|6
|gen|9
|tier|[Gen 9] VGC 2025 Reg I
|rated|
|rule|Species Clause: Limit one of each Pokémon
|rule|Item Clause: Limit 1 of each item
|clearpoke
|poke|p1|Zacian-*, L50|
|poke|p1|Giratina-Origin, L50|
|poke|p1|Urshifu-*, L50, M|
|poke|p1|Chien-Pao, L50|
|poke|p1|Tornadus, L50, M|
|poke|p2|Miraidon, L50|
|poke|p2|Zamazenta-*, L50|
|poke|p2|Farigiraf, L50, F|
|poke|p2|Ogerpon-Cornerstone, L50, F|
|poke|p2|Iron Valiant, L50|
|poke|p2|Chien-Pao, L50|
|teampreview|4
|inactive|Battle timer is ON: inactive players will automatically lose when time's up. (requested by TommyGuapo)
TommyGuapo has agreed to open team sheets.
senhoritalo_test2 rejected open team sheets.
|inactive|TommyGuapo has 60 seconds left.
|inactive|senhoritalo_test2 has 60 seconds left.
|inactive|senhoritalo_test2 has 30 seconds left.
|inactive|senhoritalo_test2 has 20 seconds left.
|
|t:|1750853987
|start
|switch|p1a: Chien-Pao|Chien-Pao, L50|100/100
|switch|p1b: Zacian|Zacian-Crowned, L50|100/100
|switch|p2a: Ogerpon|Ogerpon-Cornerstone, L50, F|100/100
|switch|p2b: Miraidon|Miraidon, L50|100/100
|-ability|p1b: Zacian|Intrepid Sword|boost
|-boost|p1b: Zacian|atk|1
|-ability|p1a: Chien-Pao|Sword of Ruin
|-fieldstart|move: Electric Terrain|[from] ability: Hadron Engine|[of] p2b: Miraidon
|turn|1
|inactive|TommyGuapo has 30 seconds left.
|inactive|senhoritalo_test2 has 30 seconds left.
|inactive|senhoritalo_test2 has 20 seconds left.
|inactive|senhoritalo_test2 has 15 seconds left.
|inactive|senhoritalo_test2 has 10 seconds left.
|
|t:|1750854033
|-terastallize|p2a: Ogerpon|Rock
|detailschange|p2a: Ogerpon|Ogerpon-Cornerstone-Tera, L50, F, tera:Rock
|-ability|p2a: Ogerpon|Embody Aspect (Cornerstone)|boost
|-boost|p2a: Ogerpon|def|1
|move|p1b: Zacian|Protect|p1b: Zacian
|-singleturn|p1b: Zacian|Protect
|move|p1a: Chien-Pao|Protect|p1a: Chien-Pao
|-singleturn|p1a: Chien-Pao|Protect
|move|p2a: Ogerpon|Follow Me|p2a: Ogerpon
|-singleturn|p2a: Ogerpon|move: Follow Me
|move|p2b: Miraidon|Volt Switch|p1a: Chien-Pao
|-activate|p1a: Chien-Pao|move: Protect
|
|upkeep
|turn|2
|inactive|TommyGuapo has 30 seconds left.
|inactive|senhoritalo_test2 has 30 seconds left.
|inactive|senhoritalo_test2 has 20 seconds left.
|
|t:|1750854073
|switch|p2b: Farigiraf|Farigiraf, L50, F|100/100
|-enditem|p2b: Farigiraf|Electric Seed
|-boost|p2b: Farigiraf|def|1|[from] item: Electric Seed
|move|p1b: Zacian|Behemoth Blade|p2b: Farigiraf
|-damage|p2b: Farigiraf|40/100
|move|p1a: Chien-Pao|Ice Spinner|p2b: Farigiraf
|-damage|p2b: Farigiraf|12/100
|-fieldend|move: Electric Terrain
|move|p2a: Ogerpon|Ivy Cudgel|p1a: Chien-Pao|[anim] Ivy Cudgel Rock
|-supereffective|p1a: Chien-Pao
|-enditem|p1a: Chien-Pao|Focus Sash
|-damage|p1a: Chien-Pao|1/100
|
|upkeep
|turn|3
|inactive|TommyGuapo has 30 seconds left.
|inactive|senhoritalo_test2 has 30 seconds left.
|inactive|senhoritalo_test2 has 20 seconds left.
|inactive|senhoritalo_test2 has 15 seconds left.
|
|t:|1750854116
|move|p2a: Ogerpon|Follow Me|p2a: Ogerpon
|-singleturn|p2a: Ogerpon|move: Follow Me
|move|p1b: Zacian|Substitute|p1b: Zacian
|-start|p1b: Zacian|Substitute
|-damage|p1b: Zacian|76/100
|move|p1a: Chien-Pao|Taunt|p2a: Ogerpon
|-start|p2a: Ogerpon|move: Taunt
|move|p2b: Farigiraf|Trick Room|p2b: Farigiraf
|-fieldstart|move: Trick Room|[of] p2b: Farigiraf
|
|upkeep
|turn|4
|inactive|senhoritalo_test2 has 30 seconds left.
|
|t:|1750854141
|move|p1a: Chien-Pao|Protect|p1a: Chien-Pao
|-singleturn|p1a: Chien-Pao|Protect
|move|p1b: Zacian|Protect|p1b: Zacian
|-singleturn|p1b: Zacian|Protect
|move|p2b: Farigiraf|Psychic|p1b: Zacian
|-activate|p1b: Zacian|move: Protect
|move|p2a: Ogerpon|Horn Leech|p1b: Zacian
|-activate|p1b: Zacian|move: Protect
|
|upkeep
|turn|5
|inactive|TommyGuapo has 30 seconds left.
|
|t:|1750854171
|move|p1a: Chien-Pao|Protect||[still]
|-fail|p1a: Chien-Pao
|move|p2b: Farigiraf|Psychic|p1b: Zacian
|-resisted|p1b: Zacian
|-activate|p1b: Zacian|move: Substitute|[damage]
|move|p2a: Ogerpon|Ivy Cudgel|p1a: Chien-Pao|[anim] Ivy Cudgel Rock
|-supereffective|p1a: Chien-Pao
|-damage|p1a: Chien-Pao|0 fnt
|faint|p1a: Chien-Pao
|move|p1b: Zacian|Behemoth Blade|p2a: Ogerpon
|-supereffective|p2a: Ogerpon
|-damage|p2a: Ogerpon|0 fnt
|faint|p2a: Ogerpon
|detailschange|p2: Ogerpon|Ogerpon-Cornerstone, L50, F|[silent]
|
|upkeep
|
|t:|1750854190
|switch|p2a: Chien-Pao|Chien-Pao, L50|100/100
|switch|p1a: Giratina|Giratina-Origin, L50|100/100
|-ability|p2a: Chien-Pao|Sword of Ruin
|turn|6
|inactive|TommyGuapo has 30 seconds left.
|inactive|TommyGuapo has 20 seconds left.
|inactive|TommyGuapo has 15 seconds left.
|inactive|TommyGuapo has 10 seconds left.
|
|t:|1750854240
|-terastallize|p1a: Giratina|Fire
|move|p2b: Farigiraf|Foul Play|p1a: Giratina
|-damage|p1a: Giratina|70/100
|move|p1a: Giratina|Draco Meteor|p2a: Chien-Pao|[miss]
|-miss|p1a: Giratina|p2a: Chien-Pao
|move|p2a: Chien-Pao|Ice Spinner|p1a: Giratina
|-resisted|p1a: Giratina
|-damage|p1a: Giratina|50/100
|move|p1b: Zacian|Behemoth Blade|p2b: Farigiraf
|-damage|p2b: Farigiraf|0 fnt
|faint|p2b: Farigiraf
|
|upkeep
|
|t:|1750854256
|switch|p2b: Miraidon|Miraidon, L50|100/100
|-fieldstart|move: Electric Terrain|[from] ability: Hadron Engine|[of] p2b: Miraidon
|turn|7
|
|t:|1750854278
|move|p2a: Chien-Pao|Sucker Punch|p1b: Zacian
|-resisted|p1b: Zacian
|-end|p1b: Zacian|Substitute
|move|p1a: Giratina|Shadow Force||[still]
|-prepare|p1a: Giratina|Shadow Force
|move|p2b: Miraidon|Electro Drift|p1b: Zacian
|-damage|p1b: Zacian|0 fnt
|faint|p1b: Zacian
|
|-fieldend|move: Trick Room
|upkeep
|
|t:|1750854291
|switch|p1b: Urshifu|Urshifu-Rapid-Strike, L50, M|100/100
|turn|8
|
|t:|1750854313
|move|p1b: Urshifu|Surging Strikes|p2a: Chien-Pao
|-crit|p2a: Chien-Pao
|-damage|p2a: Chien-Pao|67/100
|-crit|p2a: Chien-Pao
|-damage|p2a: Chien-Pao|34/100
|-crit|p2a: Chien-Pao
|-damage|p2a: Chien-Pao|4/100
|-hitcount|p2a: Chien-Pao|3
|move|p2b: Miraidon|Electro Drift|p1b: Urshifu
|-supereffective|p1b: Urshifu
|-damage|p1b: Urshifu|0 fnt
|faint|p1b: Urshifu
|move|p2a: Chien-Pao|Ice Spinner|p1a: Giratina|[miss]
|-miss|p2a: Chien-Pao|p1a: Giratina
|move|p1a: Giratina|Shadow Force|p2a: Chien-Pao|[from] lockedmove
|-resisted|p2a: Chien-Pao
|-damage|p2a: Chien-Pao|0 fnt
|faint|p2a: Chien-Pao
|
|upkeep
|turn|9
|
|t:|1750854333
|move|p1a: Giratina|Protect|p1a: Giratina
|-singleturn|p1a: Giratina|Protect
|move|p2b: Miraidon|Electro Drift|p1a: Giratina
|-activate|p1a: Giratina|move: Protect
|
|upkeep
|turn|10
|
|t:|1750854340
|move|p2b: Miraidon|Electro Drift|p1a: Giratina
|-damage|p1a: Giratina|0 fnt
|faint|p1a: Giratina
|
|win|senhoritalo_test2
|raw|TommyGuapo's rating: 1403 &rarr; <strong>1382</strong><br />(-21 for losing)
|raw|senhoritalo_test2's rating: 1377 &rarr; <strong>1398</strong><br />(+21 for winning)
|l|☆TommyGuapo
|player|p1|
|l|☆senhoritalo_test2
|player|p2|
