|j|☆stoobidasian
|j|☆xuwang123
|t:|1750821483
|gametype|doubles
|player|p1|stoobidasian|palmer|1398
|player|p2|xuwang123|101|1377
|teamsize|p1|6
|teamsize|p2|6
|gen|9
|tier|[Gen 9] VGC 2025 Reg I
|rated|
|rule|Species Clause: Limit one of each Pokémon
|rule|Item Clause: Limit 1 of each item
|clearpoke
|poke|p1|Lunala, L50|
|poke|p1|Zamazenta-*, L50|
|poke|p1|Rillaboom, L50, M|
|poke|p1|Chien-Pao, L50|
|poke|p1|Amoonguss, L50, M|
|poke|p1|Urshifu-*, L50, F|
|poke|p2|Calyrex-Ice, L50|
|poke|p2|Lunala, L50|
|poke|p2|Smeargle, L50, F|
|poke|p2|Urshifu-*, L50, F|
|poke|p2|Torkoal, L50, M|
|poke|p2|Indeedee-F, L50, F|
|teampreview|4
|inactive|Battle timer is ON: inactive players will automatically lose when time's up. (requested by stoobidasian)
|inactive|stoobidasian has 60 seconds left.
|inactive|xuwang123 has 60 seconds left.
|inactive|stoobidasian has 30 seconds left.
|inactive|stoobidasian has 20 seconds left.
|inactive|stoobidasian has 15 seconds left.
|inactive|stoobidasian has 10 seconds left.
|
|t:|1750821566
|start
|switch|p1a: Zamazenta|Zamazenta-Crowned, L50|100/100
|switch|p1b: Lunala|Lunala, L50|100/100
|switch|p2a: Calyrex|Calyrex-Ice, L50|100/100
|switch|p2b: Smeargle|Smeargle, L50, F|100/100
|-ability|p2a: Calyrex|As One
|-ability|p2a: Calyrex|Unnerve
|-ability|p1a: Zamazenta|Dauntless Shield|boost
|-boost|p1a: Zamazenta|def|1
|turn|1
|inactive|xuwang123 has 30 seconds left.
|inactive|xuwang123 has 20 seconds left.
|
|t:|1750821606
|move|p2a: Calyrex|Protect|p2a: Calyrex
|-singleturn|p2a: Calyrex|Protect
|move|p1a: Zamazenta|Body Press|p2b: Smeargle
|-supereffective|p2b: Smeargle
|-enditem|p2b: Smeargle|Focus Sash
|-damage|p2b: Smeargle|1/100
|move|p2b: Smeargle|Spore|p1b: Lunala
|-status|p1b: Lunala|slp|[from] move: Spore
|cant|p1b: Lunala|slp
|
|upkeep
|turn|2
|inactive|stoobidasian has 30 seconds left.
|
|t:|1750821632
|move|p1a: Zamazenta|Body Press|p2b: Smeargle
|-supereffective|p2b: Smeargle
|-damage|p2b: Smeargle|0 fnt
|faint|p2b: Smeargle
|-curestatus|p1b: Lunala|slp|[msg]
|move|p1b: Lunala|Trick Room|p1b: Lunala
|-fieldstart|move: Trick Room|[of] p1b: Lunala
|move|p2a: Calyrex|Trick Room|p2a: Calyrex
|-fieldend|move: Trick Room
|
|upkeep
|
|t:|1750821641
|switch|p2b: Indeedee|Indeedee-F, L50, F|100/100
|-fieldstart|move: Psychic Terrain|[from] ability: Psychic Surge|[of] p2b: Indeedee
|turn|3
|
|t:|1750821659
|move|p1a: Zamazenta|Body Press|p2b: Indeedee
|-damage|p2b: Indeedee|29/100
|move|p2a: Calyrex|Glacial Lance|p1b: Lunala|[spread] p1a,p1b
|-resisted|p1a: Zamazenta
|-crit|p1a: Zamazenta
|-damage|p1a: Zamazenta|75/100
|-damage|p1b: Lunala|79/100
|move|p1b: Lunala|Trick Room|p1b: Lunala
|-fieldstart|move: Trick Room|[of] p1b: Lunala
|move|p2b: Indeedee|Trick Room|p2b: Indeedee
|-fieldend|move: Trick Room
|
|-heal|p1b: Lunala|85/100|[from] item: Leftovers
|upkeep
|turn|4
|
|t:|1750821674
|move|p2b: Indeedee|Helping Hand|p2a: Calyrex
|-singleturn|p2a: Calyrex|Helping Hand|[of] p2b: Indeedee
|move|p1b: Lunala|Wide Guard|p1b: Lunala
|-singleturn|p1b: Lunala|Wide Guard
|move|p1a: Zamazenta|Body Press|p2a: Calyrex
|-damage|p2a: Calyrex|54/100
|move|p2a: Calyrex|Glacial Lance|p1b: Lunala|[spread] 
|-activate|p1a: Zamazenta|move: Wide Guard
|-activate|p1b: Lunala|move: Wide Guard
|
|-heal|p1b: Lunala|92/100|[from] item: Leftovers
|upkeep
|turn|5
|-message|xuwang123 forfeited.
|
|win|stoobidasian
|raw|stoobidasian's rating: 1398 &rarr; <strong>1417</strong><br />(+19 for winning)
|raw|xuwang123's rating: 1377 &rarr; <strong>1358</strong><br />(-19 for losing)
|l|☆xuwang123
|player|p2|
