|j|☆Inwaves22
|j|☆naibot2814
|t:|1750870844
|gametype|doubles
|player|p1|Inwaves22|clair|1442
|player|p2|naibot2814|ghetsis|1567
|teamsize|p1|6
|teamsize|p2|6
|gen|9
|tier|[Gen 9] VGC 2025 Reg I
|rated|
|rule|Species Clause: Limit one of each Pokémon
|rule|Item Clause: Limit 1 of each item
|clearpoke
|poke|p1|Calyrex-Shadow, L50|
|poke|p1|Terapagos, L50, M|
|poke|p1|Iron Hands, L50|
|poke|p1|Chi-Yu, L50|
|poke|p1|Smeargle, L50, M|
|poke|p1|Whimsicott, L50, F|
|poke|p2|Zamazenta-*, L50|
|poke|p2|Ogerpon-Hearthflame, L50, F|
|poke|p2|Calyrex-Shadow, L50|
|poke|p2|Incineroar, L50, M|
|poke|p2|Rillaboom, L50, M|
|poke|p2|Raging Bolt, L50|
|teampreview|4
|inactive|Battle timer is ON: inactive players will automatically lose when time's up. (requested by Inwaves22)
|inactive|naibot2814 has 60 seconds left.
|
|t:|1750870877
|start
|switch|p1a: Calyrex|Calyrex-Shadow, L50|100/100
|switch|p1b: Whimsicott|Whimsicott, L50, F|100/100
|switch|p2a: Zamazenta|Zamazenta-Crowned, L50|100/100
|switch|p2b: Incineroar|Incineroar, L50, M|100/100
|-ability|p1a: Calyrex|As One
|-ability|p1a: Calyrex|Unnerve
|-ability|p2a: Zamazenta|Dauntless Shield|boost
|-boost|p2a: Zamazenta|def|1
|-ability|p2b: Incineroar|Intimidate|boost
|-unboost|p1a: Calyrex|atk|1
|-unboost|p1b: Whimsicott|atk|1
|turn|1
|
|t:|1750870897
|move|p1b: Whimsicott|Fake Tears|p2a: Zamazenta
|-unboost|p2a: Zamazenta|spd|2
|move|p1a: Calyrex|Psychic|p2a: Zamazenta
|-damage|p2a: Zamazenta|0 fnt
|faint|p2a: Zamazenta
|-ability|p1a: Calyrex|Grim Neigh|boost
|-boost|p1a: Calyrex|spa|1
|-damage|p1a: Calyrex|91/100|[from] item: Life Orb
|move|p2b: Incineroar|Knock Off|p1a: Calyrex
|-supereffective|p1a: Calyrex
|-damage|p1a: Calyrex|0 fnt
|-enditem|p1a: Calyrex|Life Orb|[from] move: Knock Off|[of] p2b: Incineroar
|faint|p1a: Calyrex
|
|upkeep
|
|t:|1750870910
|switch|p1a: Chi-Yu|Chi-Yu, L50|100/100
|switch|p2a: Calyrex|Calyrex-Shadow, L50|100/100
|-ability|p2a: Calyrex|As One
|-ability|p2a: Calyrex|Unnerve
|-ability|p1a: Chi-Yu|Beads of Ruin
|turn|2
|inactive|Inwaves22 has 30 seconds left.
|
|t:|1750870937
|move|p2a: Calyrex|Protect|p2a: Calyrex
|-singleturn|p2a: Calyrex|Protect
|move|p1b: Whimsicott|Fake Tears|p2a: Calyrex
|-activate|p2a: Calyrex|move: Protect
|move|p1a: Chi-Yu|Heat Wave|p2b: Incineroar|[spread] p2b
|-activate|p2a: Calyrex|move: Protect
|-resisted|p2b: Incineroar
|-damage|p2b: Incineroar|80/100
|move|p2b: Incineroar|Parting Shot|p1a: Chi-Yu
|-unboost|p1a: Chi-Yu|atk|1
|-unboost|p1a: Chi-Yu|spa|1
|
|t:|1750870948
|switch|p2b: Rillaboom|Rillaboom, L50, M|100/100|[from] Parting Shot
|-fieldstart|move: Grassy Terrain|[from] ability: Grassy Surge|[of] p2b: Rillaboom
|
|upkeep
|turn|3
|inactive|Inwaves22 has 30 seconds left.
|
|t:|1750870983
|switch|p2b: Incineroar|Incineroar, L50, M|80/100
|-ability|p2b: Incineroar|Intimidate|boost
|-unboost|p1a: Chi-Yu|atk|1
|-unboost|p1b: Whimsicott|atk|1
|-terastallize|p1a: Chi-Yu|Ghost
|-terastallize|p2a: Calyrex|Dark
|move|p1b: Whimsicott|Fake Tears|p2a: Calyrex
|-hint|Since gen 7, Dark is immune to Prankster moves.
|-immune|p2a: Calyrex
|move|p1a: Chi-Yu|Heat Wave|p2a: Calyrex|[spread] p2a,p2b
|-resisted|p2b: Incineroar
|-damage|p2a: Calyrex|64/100
|-damage|p2b: Incineroar|65/100
|move|p2a: Calyrex|Nasty Plot|p2a: Calyrex
|-boost|p2a: Calyrex|spa|2
|
|-heal|p2a: Calyrex|70/100|[from] Grassy Terrain
|-heal|p2b: Incineroar|71/100|[from] Grassy Terrain
|upkeep
|turn|4
|inactive|naibot2814 has 30 seconds left.
|
|t:|1750871017
|switch|p1a: Terapagos|Terapagos, L50, M|100/100
|-activate|p1a: Terapagos|ability: Tera Shift
|detailschange|p1a: Terapagos|Terapagos-Terastal, L50, M
|-heal|p1a: Terapagos|100/100|[silent]
|move|p1b: Whimsicott|Tailwind|p1b: Whimsicott
|-sidestart|p1: Inwaves22|move: Tailwind
|move|p2a: Calyrex|Astral Barrage|p1b: Whimsicott|[spread] p1b
|-immune|p1a: Terapagos
|-damage|p1b: Whimsicott|0 fnt
|faint|p1b: Whimsicott
|-ability|p2a: Calyrex|Grim Neigh|boost
|-boost|p2a: Calyrex|spa|1
|-damage|p2a: Calyrex|61/100|[from] item: Life Orb
|move|p2b: Incineroar|Knock Off|p1a: Terapagos
|-activate|p1a: Terapagos|ability: Tera Shell
|-resisted|p1a: Terapagos
|-damage|p1a: Terapagos|82/100
|-enditem|p1a: Terapagos|Choice Specs|[from] move: Knock Off|[of] p2b: Incineroar
|
|-heal|p1a: Terapagos|88/100|[from] Grassy Terrain
|-heal|p2a: Calyrex|67/100|[from] Grassy Terrain
|-heal|p2b: Incineroar|77/100|[from] Grassy Terrain
|upkeep
|inactive|Inwaves22 has 30 seconds left.
|inactive|Inwaves22 has 20 seconds left.
|inactive|Inwaves22 has 15 seconds left.
|inactive|Inwaves22 has 10 seconds left.
|inactive|Inwaves22 has 5 seconds left.
|
|t:|1750871072
|switch|p1b: Chi-Yu|Chi-Yu, L50, tera:Ghost|100/100
|-ability|p1b: Chi-Yu|Beads of Ruin
|turn|5
|
|t:|1750871090
|move|p2a: Calyrex|Protect|p2a: Calyrex
|-singleturn|p2a: Calyrex|Protect
|move|p1b: Chi-Yu|Heat Wave|p2a: Calyrex|[spread] p2b
|-activate|p2a: Calyrex|move: Protect
|-resisted|p2b: Incineroar
|-damage|p2b: Incineroar|56/100
|move|p1a: Terapagos|Tera Starstorm|p2b: Incineroar
|-damage|p2b: Incineroar|0 fnt
|faint|p2b: Incineroar
|
|-heal|p1a: Terapagos|94/100|[from] Grassy Terrain
|-heal|p2a: Calyrex|73/100|[from] Grassy Terrain
|upkeep
|
|t:|1750871103
|switch|p2b: Rillaboom|Rillaboom, L50, M|100/100
|turn|6
|
|t:|1750871115
|move|p2b: Rillaboom|Fake Out|p1a: Terapagos
|-damage|p1a: Terapagos|81/100
|move|p1b: Chi-Yu|Heat Wave|p2a: Calyrex|[spread] p2a,p2b
|-supereffective|p2b: Rillaboom
|-damage|p2a: Calyrex|15/100
|-damage|p2b: Rillaboom|25/100
|cant|p1a: Terapagos|flinch
|move|p2a: Calyrex|Astral Barrage|p1b: Chi-Yu|[spread] p1b
|-immune|p1a: Terapagos
|-supereffective|p1b: Chi-Yu
|-crit|p1b: Chi-Yu
|-damage|p1b: Chi-Yu|0 fnt
|faint|p1b: Chi-Yu
|-ability|p2a: Calyrex|Grim Neigh|boost
|-boost|p2a: Calyrex|spa|1
|-damage|p2a: Calyrex|5/100|[from] item: Life Orb
|
|-heal|p1a: Terapagos|87/100|[from] Grassy Terrain
|-heal|p2a: Calyrex|11/100|[from] Grassy Terrain
|-heal|p2b: Rillaboom|31/100|[from] Grassy Terrain
|-fieldend|move: Grassy Terrain
|upkeep
|turn|7
|
|t:|1750871138
|move|p2a: Calyrex|Protect|p2a: Calyrex
|-singleturn|p2a: Calyrex|Protect
|move|p1a: Terapagos|Flamethrower|p2b: Rillaboom
|-supereffective|p2b: Rillaboom
|-damage|p2b: Rillaboom|0 fnt
|faint|p2b: Rillaboom
|
|-sideend|p1: Inwaves22|move: Tailwind
|upkeep
|turn|8
|
|t:|1750871147
|move|p2a: Calyrex|Psychic|p1a: Terapagos
|-damage|p1a: Terapagos|0 fnt
|faint|p1a: Terapagos
|-damage|p2a: Calyrex|2/100|[from] item: Life Orb
|
|win|naibot2814
|raw|Inwaves22's rating: 1442 &rarr; <strong>1429</strong><br />(-13 for losing)
|raw|naibot2814's rating: 1567 &rarr; <strong>1580</strong><br />(+13 for winning)
|l|☆Inwaves22
|player|p1|
