|j|☆gackajink
|j|☆21Kieran
|html|<table width="100%"><tr><td align="left">gackajink</td><td align="right">21Kieran</tr><tr><td align="left"><i class="fa fa-circle-o"></i> <i class="fa fa-circle-o"></i> </td><td align="right"><i class="fa fa-circle-o"></i> <i class="fa fa-circle"></i> </tr></table>
|uhtml|bestof|<h2><strong>Game 2</strong> of <a href="/game-bestof3-gen9vgc2025regi-2390571173">a best-of-3</a></h2>
|t:|1750730780
|gametype|doubles
|player|p1|gackajink|miku-flying|
|player|p2|21Kieran|hau-masters|
|teamsize|p1|6
|teamsize|p2|6
|gen|9
|tier|[Gen 9] VGC 2025 Reg I
|rated|Tournament battle
|rule|Species Clause: Limit one of each Pokémon
|rule|Item Clause: Limit 1 of each item
|raw|<div class="infobox"><details class="readmore" open><summary><strong>3 custom rules:</strong></summary> Force Open Team Sheets, !Open Team Sheets, Best of = 3</details></div>
|clearpoke
|poke|p1|Kyurem-White, L50|
|poke|p1|Ninetales-Alola, L50, F|
|poke|p1|Landorus-Therian, L50, M|
|poke|p1|Farigiraf, L50, F|
|poke|p1|Miraidon, L50|
|poke|p1|Tornadus, L50, M|
|poke|p2|Miraidon, L50|
|poke|p2|Terapagos, L50, M|
|poke|p2|Urshifu-*, L50, F|
|poke|p2|Incineroar, L50, F|
|poke|p2|Sinistcha, L50|
|poke|p2|Landorus, L50, M|
|teampreview|4
|showteam|p1|Kyurem-White||AssaultVest|Turboblaze|Blizzard,FusionFlare,FreezeDry,EarthPower||||||50|,,,,,Ground]Ninetales-Alola||LightClay|SnowWarning|AuroraVeil,Moonblast,HelpingHand,Protect|||F|||50|,,,,,Dark]Landorus-Therian||ChoiceBand|Intimidate|BrickBreak,RockSlide,Uturn,StompingTantrum|||M|||50|,,,,,Ground]Farigiraf||FocusSash|ArmorTail|TrickRoom,FoulPlay,Imprison,HelpingHand|||F|||50|,,,,,Normal]Miraidon||LifeOrb|HadronEngine|ElectroDrift,Protect,DazzlingGleam,VoltSwitch||||||50|,,,,,Fairy]Tornadus||CovertCloak|Prankster|Snowscape,Tailwind,Taunt,BleakwindStorm|||M|||50|,,,,,Dark
|showteam|p2|Miraidon||AssaultVest|HadronEngine|ElectroDrift,VoltSwitch,DracoMeteor,Snarl||||||50|,,,,,Electric]Terapagos||ElectricSeed|TeraShift|TeraStarstorm,EarthPower,CalmMind,Protect|||M|||50|,,,,,Stellar]Urshifu-Rapid-Strike||ChoiceScarf|UnseenFist|SurgingStrikes,CloseCombat,RainDance,Uturn|||F|||50|,,,,,Water]Incineroar||RockyHelmet|Intimidate|FakeOut,PartingShot,KnockOff,FlareBlitz|||F|||50|,,,,,Ghost]Sinistcha||FocusSash|Hospitality|ShadowBall,RagePowder,LifeDew,Protect||||||50|,,,,,Fire]Landorus||LifeOrb|SheerForce|EarthPower,SludgeBomb,Protect,SandsearStorm|||M|||50|,,,,,Poison
|j| camala64
|j| Iamsliverfish
|c|☆gackajink|thou shall not mish
|
|t:|1750730811
|start
|switch|p1a: Aeroplane|Tornadus, L50, M|100/100
|switch|p1b: Aurora|Ninetales-Alola, L50, F, shiny|100/100
|switch|p2a: Terapagos|Terapagos, L50, M|100/100
|switch|p2b: Incineroar|Incineroar, L50, F, shiny|100/100
|-activate|p2a: Terapagos|ability: Tera Shift
|detailschange|p2a: Terapagos|Terapagos-Terastal, L50, M
|-heal|p2a: Terapagos|100/100|[silent]
|-weather|Snowscape|[from] ability: Snow Warning|[of] p1b: Aurora
|-ability|p2b: Incineroar|Intimidate|boost
|-unboost|p1a: Aeroplane|atk|1
|-unboost|p1b: Aurora|atk|1
|turn|1
|j| JustAnAlpaca
|
|t:|1750730834
|move|p2b: Incineroar|Fake Out|p1b: Aurora
|-damage|p1b: Aurora|91/100
|move|p1a: Aeroplane|Tailwind|p1a: Aeroplane
|-sidestart|p1: gackajink|move: Tailwind
|cant|p1b: Aurora|flinch
|move|p2a: Terapagos|Calm Mind|p2a: Terapagos
|-boost|p2a: Terapagos|spa|1
|-boost|p2a: Terapagos|spd|1
|
|-weather|Snowscape|[upkeep]
|upkeep
|turn|2
|
|t:|1750730850
|-terastallize|p2a: Terapagos|Stellar
|detailschange|p2a: Terapagos|Terapagos-Stellar, L50, M, tera:Stellar
|-heal|p2a: Terapagos|100/100|[silent]
|-ability|p2a: Terapagos|Teraform Zero
|-weather|none
|move|p1a: Aeroplane|Taunt|p2a: Terapagos
|-start|p2a: Terapagos|move: Taunt
|move|p1b: Aurora|Aurora Veil||[still]
|-fail|p1b: Aurora
|move|p2a: Terapagos|Tera Starstorm|p1b: Aurora|[spread] p1a,p1b
|-damage|p1a: Aeroplane|47/100
|-damage|p1b: Aurora|48/100
|move|p2b: Incineroar|Parting Shot|p1b: Aurora
|-unboost|p1b: Aurora|atk|1
|-unboost|p1b: Aurora|spa|1
|c|☆gackajink|bro :(
|c|☆gackajink|rude
|
|t:|1750730862
|switch|p2b: Sinistcha|Sinistcha, L50|100/100|[from] Parting Shot
|
|upkeep
|turn|3
|c|☆21Kieran|skill issue
|
|t:|1750730871
|switch|p2b: Incineroar|Incineroar, L50, F, shiny|100/100
|-ability|p2b: Incineroar|Intimidate|boost
|-unboost|p1a: Aeroplane|atk|1
|-unboost|p1b: Aurora|atk|1
|move|p1a: Aeroplane|Snowscape|p1a: Aeroplane
|-weather|Snowscape
|move|p1b: Aurora|Aurora Veil|p1b: Aurora
|-sidestart|p1: gackajink|move: Aurora Veil
|move|p2a: Terapagos|Tera Starstorm|p1b: Aurora|[spread] p1a,p1b
|-damage|p1a: Aeroplane|17/100
|-damage|p1b: Aurora|21/100
|
|-weather|Snowscape|[upkeep]
|upkeep
|turn|4
|j| Graffiti Boy
|
|t:|1750730889
|switch|p1a: Harmonia|Kyurem-White, L50, shiny|100/100
|-ability|p1a: Harmonia|Turboblaze
|move|p1b: Aurora|Protect|p1b: Aurora
|-singleturn|p1b: Aurora|Protect
|move|p2b: Incineroar|Fake Out|p1b: Aurora
|-activate|p1b: Aurora|move: Protect
|move|p2a: Terapagos|Tera Starstorm|p1a: Harmonia|[spread] p1a
|-activate|p1b: Aurora|move: Protect
|-damage|p1a: Harmonia|82/100
|
|-weather|Snowscape|[upkeep]
|-end|p2a: Terapagos|move: Taunt
|-sideend|p1: gackajink|move: Tailwind
|upkeep
|turn|5
|c| Graffiti Boy|I am disgusted
|c| Graffiti Boy|to see pagos
|c| Graffiti Boy|and mirai
|c| Graffiti Boy|On one team
|c| camala64|i love it
|c| JustAnAlpaca|literally the best pagos team rn
|
|t:|1750730919
|move|p1b: Aurora|Helping Hand|p1a: Harmonia
|-singleturn|p1a: Harmonia|Helping Hand|[of] p1b: Aurora
|move|p1a: Harmonia|Blizzard|p2b: Incineroar|[spread] p2a,p2b
|-resisted|p2b: Incineroar
|-damage|p2a: Terapagos|64/100
|-damage|p2b: Incineroar|63/100
|-status|p2a: Terapagos|frz
|cant|p2a: Terapagos|frz
|move|p2b: Incineroar|Parting Shot|p1a: Harmonia
|-unboost|p1a: Harmonia|atk|1
|-unboost|p1a: Harmonia|spa|1
|c|☆gackajink|isnt csr better
|c|☆21Kieran|ahh
|
|t:|1750730925
|switch|p2b: Sinistcha|Sinistcha, L50|100/100|[from] Parting Shot
|-heal|p2a: Terapagos|89/100 frz|[from] ability: Hospitality|[of] p2b: Sinistcha
|
|-weather|Snowscape|[upkeep]
|upkeep
|turn|6
|c|☆gackajink|GOATED
|c| Iamsliverfish|XD
|c| JustAnAlpaca|csr pagos kinda mid
|c| Iamsliverfish|kieran
|c|☆21Kieran|its fine
|c|☆gackajink|get freezed buddy
|c| Iamsliverfish|btw you can flare blitz
|c|☆21Kieran|i know what i need to do lol
|c| Iamsliverfish|on your pagos
|c|☆21Kieran|i know silver
|c| Iamsliverfish|to unfreeze
|
|t:|1750730951
|switch|p2b: Incineroar|Incineroar, L50, F, shiny|63/100
|-ability|p2b: Incineroar|Intimidate|boost
|-unboost|p1a: Harmonia|atk|1
|-unboost|p1b: Aurora|atk|1
|move|p1b: Aurora|Helping Hand|p1a: Harmonia
|-singleturn|p1a: Harmonia|Helping Hand|[of] p1b: Aurora
|move|p1a: Harmonia|Blizzard|p2a: Terapagos|[spread] p2a,p2b
|-resisted|p2b: Incineroar
|-damage|p2a: Terapagos|63/100 frz
|-damage|p2b: Incineroar|40/100
|-curestatus|p2a: Terapagos|frz|[msg]
|move|p2a: Terapagos|Tera Starstorm|p1b: Aurora|[spread] p1a,p1b
|-damage|p1a: Harmonia|64/100
|-damage|p1b: Aurora|0 fnt
|faint|p1b: Aurora
|
|-weather|Snowscape|[upkeep]
|upkeep
|c|☆21Kieran|im not stupid!!
|c| Iamsliverfish|nvm
|c| Iamsliverfish|he melted
|c|☆21Kieran|yeahhh
|c|☆gackajink|:(
|c|☆21Kieran|take that gacka
|
|t:|1750730972
|switch|p1b: Volta|Miraidon, L50|100/100
|-fieldstart|move: Electric Terrain|[from] ability: Hadron Engine|[of] p1b: Volta
|-enditem|p2a: Terapagos|Electric Seed
|-boost|p2a: Terapagos|def|1|[from] item: Electric Seed
|turn|7
|c|☆21Kieran|stupid snow team never viable
|c| camala64|i mean, CSR+pagos main flaw was having 2 really bad MUs
|c| Graffiti Boy|average mish experiance
|c| Graffiti Boy|experience*
|inactive|Battle timer is ON: inactive players will automatically lose when time's up. (requested by 21Kieran)
|c| Graffiti Boy|/me gasps
|c|☆21Kieran|get to clickin buttons
|c|☆gackajink|21Kieran not letting u forget the time i beat u with snow in bo3 with like 20 people watching
|c| Iamsliverfish|me when I use chi yu with zama
|c| Graffiti Boy|life orb miraidon
|c|☆21Kieran|me when i mishplayed
|c| Graffiti Boy|gacka
|
|t:|1750731004
|move|p2b: Incineroar|Fake Out|p1b: Volta
|-damage|p1b: Volta|93/100
|cant|p1b: Volta|flinch
|move|p1a: Harmonia|Earth Power|p2b: Incineroar
|-supereffective|p2b: Incineroar
|-damage|p2b: Incineroar|0 fnt
|faint|p2b: Incineroar
|move|p2a: Terapagos|Calm Mind|p2a: Terapagos
|-boost|p2a: Terapagos|spa|1
|-boost|p2a: Terapagos|spd|1
|
|-weather|none
|upkeep
|c| Iamsliverfish|so I can cook mirai pagos without thinking
|c| Graffiti Boy|im disapointed
|
|t:|1750731016
|switch|p2b: Sinistcha|Sinistcha, L50|100/100
|-heal|p2a: Terapagos|88/100|[from] ability: Hospitality|[of] p2b: Sinistcha
|turn|8
|c|☆gackajink|did he not bring mirai
|c|☆21Kieran|idk did i
|c|☆gackajink|why is he so shy to show his 4th mon
|c| Iamsliverfish|wynaut
|inactive|gackajink has 30 seconds left.
|c| Iamsliverfish|he would brought mirai
|c| Iamsliverfish|here
|
|t:|1750731049
|move|p2b: Sinistcha|Rage Powder|p2b: Sinistcha
|-singleturn|p2b: Sinistcha|move: Rage Powder
|move|p1b: Volta|Volt Switch|p2b: Sinistcha
|-resisted|p2b: Sinistcha
|-damage|p2b: Sinistcha|65/100
|-damage|p1b: Volta|83/100|[from] item: Life Orb
|c|☆21Kieran|nah its lando
|
|t:|1750731055
|switch|p1b: Aeroplane|Tornadus, L50, M|17/100|[from] Volt Switch
|move|p1a: Harmonia|Freeze-Dry|p2b: Sinistcha
|-supereffective|p2b: Sinistcha
|-damage|p2b: Sinistcha|13/100
|move|p2a: Terapagos|Tera Starstorm|p1a: Harmonia|[spread] p1a,p1b
|-damage|p1a: Harmonia|40/100
|-damage|p1b: Aeroplane|0 fnt
|faint|p1b: Aeroplane
|
|upkeep
|
|t:|1750731065
|switch|p1b: Volta|Miraidon, L50|83/100
|-activate|p1b: Volta|ability: Hadron Engine
|turn|9
|c|☆21Kieran|amazing read gacka smh
|c|☆gackajink|i forgot about parting shot
|c|☆gackajink|i hate incin
|inactive|gackajink has 30 seconds left.
|c|☆gackajink|also random question
|c|☆21Kieran|why didnt u bring lando
|c|☆21Kieran|._.
|c|☆gackajink|do yall like my names :3
|inactive|gackajink has 20 seconds left.
|c|☆21Kieran|no
|inactive|gackajink has 15 seconds left.
|
|t:|1750731106
|move|p1b: Volta|Protect|p1b: Volta
|-singleturn|p1b: Volta|Protect
|move|p2b: Sinistcha|Protect|p2b: Sinistcha
|-singleturn|p2b: Sinistcha|Protect
|move|p1a: Harmonia|Blizzard|p2a: Terapagos|[spread] 
|-activate|p2b: Sinistcha|move: Protect
|-miss|p1a: Harmonia|p2a: Terapagos
|move|p2a: Terapagos|Tera Starstorm|p1b: Volta|[spread] p1a
|-activate|p1b: Volta|move: Protect
|-damage|p1a: Harmonia|18/100
|
|upkeep
|turn|10
|c| camala64|i do
|c| Iamsliverfish|gack
|c|☆21Kieran|the skill diff rn is insane
|c| Iamsliverfish|can you stop using blizzard
|
|t:|1750731125
|switch|p2b: Miraidon|Miraidon, L50|100/100
|-activate|p2b: Miraidon|ability: Hadron Engine
|move|p2a: Terapagos|Protect|p2a: Terapagos
|-singleturn|p2a: Terapagos|Protect
|move|p1b: Volta|Dazzling Gleam|p2b: Miraidon|[spread] p2b
|-activate|p2a: Terapagos|move: Protect
|-supereffective|p2b: Miraidon
|-damage|p2b: Miraidon|60/100
|-damage|p1b: Volta|74/100|[from] item: Life Orb
|move|p1a: Harmonia|Blizzard|p2b: Miraidon|[spread] p2b
|-activate|p2a: Terapagos|move: Protect
|-supereffective|p2b: Miraidon
|-damage|p2b: Miraidon|20/100
|
|-sideend|p1: gackajink|move: Aurora Veil
|upkeep
|turn|11
|c| Iamsliverfish|you mishing every blizzard
|c|☆gackajink|its called buildup
|inactive|gackajink has 30 seconds left.
|c|☆21Kieran|"buildup"
|c|☆gackajink|what is the hype and aura without a bit of struggle
|inactive|gackajink has 20 seconds left.
|inactive|gackajink has 15 seconds left.
|c| Iamsliverfish|kieran crit time
|c|☆gackajink|the "against all odds" anrrative yk?
|inactive|gackajink has 10 seconds left.
|inactive|21Kieran has 30 seconds left.
|inactive|gackajink has 5 seconds left.
|
|t:|1750731176
|move|p1b: Volta|Protect|p1b: Volta
|-singleturn|p1b: Volta|Protect
|move|p2b: Miraidon|Draco Meteor|p1b: Volta
|-activate|p1b: Volta|move: Protect
|move|p1a: Harmonia|Freeze-Dry|p2b: Miraidon
|-supereffective|p2b: Miraidon
|-damage|p2b: Miraidon|0 fnt
|faint|p2b: Miraidon
|move|p2a: Terapagos|Tera Starstorm|p1b: Volta|[spread] p1a
|-activate|p1b: Volta|move: Protect
|-damage|p1a: Harmonia|0 fnt
|faint|p1a: Harmonia
|
|-fieldend|move: Electric Terrain
|upkeep
|c|☆21Kieran|"against all odds"
|c|☆21Kieran|not tough gacka
|
|t:|1750731183
|switch|p2b: Sinistcha|Sinistcha, L50|13/100
|-heal|p2a: Terapagos|100/100|[from] ability: Hospitality|[of] p2b: Sinistcha
|turn|12
|c| Iamsliverfish|what
|c| Iamsliverfish|the
|c| Iamsliverfish|hell
|c| Iamsliverfish|dgleam+freeze dry?
|c|☆21Kieran|yup have fun being a first round exist
|c|☆gackajink|shush
|c| Iamsliverfish|or edrift
|c|☆21Kieran|sending ya to hong kong
|
|t:|1750731207
|move|p1b: Volta|Dazzling Gleam|p2b: Sinistcha|[spread] p2a,p2b
|-damage|p2a: Terapagos|92/100
|-damage|p2b: Sinistcha|0 fnt
|faint|p2b: Sinistcha
|-damage|p1b: Volta|64/100|[from] item: Life Orb
|move|p2a: Terapagos|Earth Power|p1b: Volta
|-supereffective|p1b: Volta
|-damage|p1b: Volta|0 fnt
|faint|p1b: Volta
|
|win|21Kieran
