|j|☆thejigglypuff03
|j|☆Troll con perish
|t:|1750857885
|gametype|doubles
|player|p1|thejigglypuff03|266|1124
|player|p2|Troll con perish|266|1144
|teamsize|p1|6
|teamsize|p2|6
|gen|9
|tier|[Gen 9] VGC 2025 Reg I
|rated|
|rule|Species Clause: Limit one of each Pokémon
|rule|Item Clause: Limit 1 of each item
|clearpoke
|poke|p1|Calyrex-Ice, L50|
|poke|p1|Jigglypuff, L50, F|
|poke|p1|Miraidon, L50|
|poke|p1|Incineroar, L50, F|
|poke|p1|Ursaluna, L50, M|
|poke|p1|Flutter Mane, L50|
|poke|p2|Politoed, L50, M|
|poke|p2|Ludicolo, L50, M|
|poke|p2|Gothitelle, L50, F|
|poke|p2|Hitmontop, L50, M|
|poke|p2|Calyrex-Ice, L50|
|poke|p2|Flutter Mane, L50|
|teampreview|4
|inactive|Battle timer is ON: inactive players will automatically lose when time's up. (requested by Troll con perish)
Troll con perish rejected open team sheets.
|
|t:|1750857908
|start
|switch|p1a: Miraidon|Miraidon, L50|100/100
|switch|p1b: Jigglypuff|Jigglypuff, L50, F|100/100
|switch|p2a: FAVORITE CHILD:D|Politoed, L50, M|100/100
|switch|p2b: ITS NOT A PHASE!|Gothitelle, L50, F|100/100
|-fieldstart|move: Electric Terrain|[from] ability: Hadron Engine|[of] p1a: Miraidon
|-weather|RainDance|[from] ability: Drizzle|[of] p2a: FAVORITE CHILD:D
|turn|1
|inactive|thejigglypuff03 has 30 seconds left.
|
|t:|1750857939
|move|p2b: ITS NOT A PHASE!|Fake Out|p1a: Miraidon
|-damage|p1a: Miraidon|96/100
|cant|p1a: Miraidon|flinch
|move|p2a: FAVORITE CHILD:D|Perish Song|p2a: FAVORITE CHILD:D
|-start|p1a: Miraidon|perish3|[silent]
|-start|p1b: Jigglypuff|perish3|[silent]
|-start|p2a: FAVORITE CHILD:D|perish3|[silent]
|-start|p2b: ITS NOT A PHASE!|perish3|[silent]
|-fieldactivate|move: Perish Song
|move|p1b: Jigglypuff|Heal Pulse|p1a: Miraidon
|-heal|p1a: Miraidon|100/100
|
|-weather|RainDance|[upkeep]
|-start|p1a: Miraidon|perish3
|-start|p2a: FAVORITE CHILD:D|perish3
|-start|p2b: ITS NOT A PHASE!|perish3
|-start|p1b: Jigglypuff|perish3
|upkeep
|turn|2
|
|t:|1750857961
|move|p2a: FAVORITE CHILD:D|Protect|p2a: FAVORITE CHILD:D
|-singleturn|p2a: FAVORITE CHILD:D|Protect
|move|p2b: ITS NOT A PHASE!|Protect|p2b: ITS NOT A PHASE!
|-singleturn|p2b: ITS NOT A PHASE!|Protect
|move|p1b: Jigglypuff|Protect|p1b: Jigglypuff
|-singleturn|p1b: Jigglypuff|Protect
|move|p1a: Miraidon|Volt Switch|p2b: ITS NOT A PHASE!
|-activate|p2b: ITS NOT A PHASE!|move: Protect
|
|-weather|RainDance|[upkeep]
|-start|p1a: Miraidon|perish2
|-start|p2a: FAVORITE CHILD:D|perish2
|-start|p2b: ITS NOT A PHASE!|perish2
|-start|p1b: Jigglypuff|perish2
|upkeep
|turn|3
|
|t:|1750857978
|switch|p2a: DADDY CHILL:)|Calyrex-Ice, L50|100/100
|-ability|p2a: DADDY CHILL:)|As One
|-ability|p2a: DADDY CHILL:)|Unnerve
|switch|p2b: 321.LET IT RIP!!!|Hitmontop, L50, M, shiny|100/100
|-ability|p2b: 321.LET IT RIP!!!|Intimidate|boost
|-unboost|p1a: Miraidon|atk|1
|-unboost|p1b: Jigglypuff|atk|1
|move|p1b: Jigglypuff|Helping Hand|p1a: Miraidon
|-singleturn|p1a: Miraidon|Helping Hand|[of] p1b: Jigglypuff
|move|p1a: Miraidon|Volt Switch|p2a: DADDY CHILL:)
|-crit|p2a: DADDY CHILL:)
|-damage|p2a: DADDY CHILL:)|0 fnt
|faint|p2a: DADDY CHILL:)
|
|t:|1750857997
|switch|p1a: Calyrex|Calyrex-Ice, L50|100/100|[from] Volt Switch
|-ability|p1a: Calyrex|As One
|-ability|p1a: Calyrex|Unnerve
|
|-weather|RainDance|[upkeep]
|-start|p1b: Jigglypuff|perish1
|upkeep
|
|t:|1750858008
|switch|p2a: ITS NOT A PHASE!|Gothitelle, L50, F|100/100
|turn|4
|
|t:|1750858032
|-terastallize|p1a: Calyrex|Water
|move|p2b: 321.LET IT RIP!!!|Fake Out|p1a: Calyrex
|-damage|p1a: Calyrex|97/100
|move|p2a: ITS NOT A PHASE!|Fake Out|p1b: Jigglypuff
|-crit|p1b: Jigglypuff
|-damage|p1b: Jigglypuff|87/100
|cant|p1b: Jigglypuff|flinch
|cant|p1a: Calyrex|flinch
|
|-weather|RainDance|[upkeep]
|-heal|p1a: Calyrex|100/100|[from] item: Leftovers
|-start|p1b: Jigglypuff|perish0
|faint|p1b: Jigglypuff
|upkeep
|
|t:|1750858047
|switch|p1b: Miraidon|Miraidon, L50|100/100
|-activate|p1b: Miraidon|ability: Hadron Engine
|turn|5
|
|t:|1750858063
|switch|p2b: FAVORITE CHILD:D|Politoed, L50, M|100/100
|move|p2a: ITS NOT A PHASE!|Protect|p2a: ITS NOT A PHASE!
|-singleturn|p2a: ITS NOT A PHASE!|Protect
|move|p1b: Miraidon|Electro Drift|p2a: ITS NOT A PHASE!
|-activate|p2a: ITS NOT A PHASE!|move: Protect
|move|p1a: Calyrex|Trick Room|p1a: Calyrex
|-fieldstart|move: Trick Room|[of] p1a: Calyrex
|
|-weather|none
|-fieldend|move: Electric Terrain
|upkeep
|turn|6
|
|t:|1750858081
|switch|p2a: 321.LET IT RIP!!!|Hitmontop, L50, M, shiny|100/100
|-ability|p2a: 321.LET IT RIP!!!|Intimidate|boost
|-unboost|p1a: Calyrex|atk|1
|-unboost|p1b: Miraidon|atk|1
|move|p2b: FAVORITE CHILD:D|Protect|p2b: FAVORITE CHILD:D
|-singleturn|p2b: FAVORITE CHILD:D|Protect
|move|p1a: Calyrex|Glacial Lance|p2a: 321.LET IT RIP!!!|[spread] p2a
|-activate|p2b: FAVORITE CHILD:D|move: Protect
|-damage|p2a: 321.LET IT RIP!!!|62/100
|-enditem|p2a: 321.LET IT RIP!!!|Eject Button
|
|t:|1750858091
|switch|p2a: ITS NOT A PHASE!|Gothitelle, L50, F|100/100
|move|p1b: Miraidon|Electro Drift|p2a: ITS NOT A PHASE!
|-damage|p2a: ITS NOT A PHASE!|38/100
|
|upkeep
|turn|7
|
|t:|1750858111
|move|p2a: ITS NOT A PHASE!|Fake Out|p1b: Miraidon
|-damage|p1b: Miraidon|94/100
|move|p1a: Calyrex|Glacial Lance|p2a: ITS NOT A PHASE!|[spread] p2a,p2b
|-resisted|p2b: FAVORITE CHILD:D
|-damage|p2a: ITS NOT A PHASE!|0 fnt
|-damage|p2b: FAVORITE CHILD:D|82/100
|faint|p2a: ITS NOT A PHASE!
|-ability|p1a: Calyrex|Chilling Neigh|boost
|-boost|p1a: Calyrex|atk|1
|move|p2b: FAVORITE CHILD:D|Perish Song|p2b: FAVORITE CHILD:D
|-start|p1a: Calyrex|perish3|[silent]
|-start|p1b: Miraidon|perish3|[silent]
|-start|p2b: FAVORITE CHILD:D|perish3|[silent]
|-fieldactivate|move: Perish Song
|cant|p1b: Miraidon|flinch
|
|-heal|p2b: FAVORITE CHILD:D|88/100|[from] item: Leftovers
|-start|p1a: Calyrex|perish3
|-start|p2b: FAVORITE CHILD:D|perish3
|-start|p1b: Miraidon|perish3
|upkeep
|
|t:|1750858127
|switch|p2a: 321.LET IT RIP!!!|Hitmontop, L50, M, shiny|62/100
|-ability|p2a: 321.LET IT RIP!!!|Intimidate|boost
|-unboost|p1a: Calyrex|atk|1
|-unboost|p1b: Miraidon|atk|1
|turn|8
|
|t:|1750858140
|switch|p1a: Ursaluna|Ursaluna, L50, M|100/100
|move|p2a: 321.LET IT RIP!!!|Fake Out|p1b: Miraidon
|-damage|p1b: Miraidon|83/100
|move|p2b: FAVORITE CHILD:D|Encore||[still]
|-fail|p2b: FAVORITE CHILD:D
|cant|p1b: Miraidon|flinch
|
|-heal|p2b: FAVORITE CHILD:D|94/100|[from] item: Leftovers
|-start|p2b: FAVORITE CHILD:D|perish2
|-start|p1b: Miraidon|perish2
|-status|p1a: Ursaluna|brn|[from] item: Flame Orb
|upkeep
|turn|9
|-message|Troll con perish forfeited.
|
|win|thejigglypuff03
|raw|thejigglypuff03's rating: 1124 &rarr; <strong>1150</strong><br />(+26 for winning)
|raw|Troll con perish's rating: 1144 &rarr; <strong>1118</strong><br />(-26 for losing)
|l|☆Troll con perish
|player|p2|
|l|☆thejigglypuff03
|player|p1|
