|j|☆Dipic
|j|☆chazmin
|t:|1750770221
|gametype|doubles
|player|p1|Dipic|worker|1423
|player|p2|chazmin|102|1415
|teamsize|p1|6
|teamsize|p2|6
|gen|9
|tier|[Gen 9] VGC 2025 Reg I
|rated|
|rule|Species Clause: Limit one of each Pokémon
|rule|Item Clause: Limit 1 of each item
|clearpoke
|poke|p1|Kyogre, L50|
|poke|p1|Zacian-*, L50|
|poke|p1|Rillaboom, L50, M|
|poke|p1|Urshifu-*, L50, F|
|poke|p1|Tornadus, L50, M|
|poke|p1|Scraggy, L50, M|
|poke|p2|Koraidon, L50|
|poke|p2|Flutter Mane, L50|
|poke|p2|Chi-Yu, L50|
|poke|p2|Lunala, L50|
|poke|p2|Indeedee-F, L50, F|
|poke|p2|Brute Bonnet, L50|
|teampreview|4
|inactive|Battle timer is ON: inactive players will automatically lose when time's up. (requested by Dipic)
|
|t:|1750770254
|start
|switch|p1a: Urshifu|Urshifu-Rapid-Strike, L50, F|100/100
|switch|p1b: Scraggy|Scraggy, L50, M|100/100
|switch|p2a: Lunala|Lunala, L50|100/100
|switch|p2b: Flutter Mane|Flutter Mane, L50|100/100
|-ability|p1b: Scraggy|Intimidate|boost
|-unboost|p2a: Lunala|atk|1
|-unboost|p2b: Flutter Mane|atk|1
|turn|1
|inactive|Dipic has 30 seconds left.
|inactive|Dipic has 20 seconds left.
|inactive|Dipic has 15 seconds left.
|inactive|Dipic has 10 seconds left.
|
|t:|1750770301
|switch|p2a: Bruce|Brute Bonnet, L50|100/100
|move|p2b: Flutter Mane|Moonblast|p1b: Scraggy
|-supereffective|p1b: Scraggy
|-enditem|p1b: Scraggy|Focus Sash
|-damage|p1b: Scraggy|1/100
|move|p1a: Urshifu|Surging Strikes|p2b: Flutter Mane
|-crit|p2b: Flutter Mane
|-damage|p2b: Flutter Mane|59/100
|-crit|p2b: Flutter Mane
|-damage|p2b: Flutter Mane|18/100
|-crit|p2b: Flutter Mane
|-damage|p2b: Flutter Mane|0 fnt
|faint|p2b: Flutter Mane
|-end|p2b: Flutter Mane|Protosynthesis|[silent]
|-hitcount|p2: Flutter Mane|3
|move|p1b: Scraggy|Foul Play|p2a: Bruce
|-resisted|p2a: Bruce
|-damage|p2a: Bruce|88/100
|
|upkeep
|inactive|chazmin has 30 seconds left.
|
|t:|1750770328
|switch|p2b: Koraidon|Koraidon, L50|100/100
|-weather|SunnyDay|[from] ability: Orichalcum Pulse|[of] p2b: Koraidon
|-activate|p2a: Bruce|ability: Protosynthesis
|-start|p2a: Bruce|protosynthesisdef
|-activate|p2b: Koraidon|Orichalcum Pulse|[source]
|turn|2
|
|t:|1750770343
|switch|p1b: Kyogre|Kyogre, L50|100/100
|-weather|RainDance|[from] ability: Drizzle|[of] p1b: Kyogre
|-end|p2a: Bruce|Protosynthesis
|move|p2b: Koraidon|Flame Charge|p1b: Kyogre
|-resisted|p1b: Kyogre
|-damage|p1b: Kyogre|94/100
|-boost|p2b: Koraidon|spe|1
|-damage|p2b: Koraidon|91/100|[from] item: Life Orb
|move|p1a: Urshifu|Surging Strikes|p2b: Koraidon
|-resisted|p2b: Koraidon
|-crit|p2b: Koraidon
|-damage|p2b: Koraidon|77/100
|-resisted|p2b: Koraidon
|-crit|p2b: Koraidon
|-damage|p2b: Koraidon|64/100
|-resisted|p2b: Koraidon
|-crit|p2b: Koraidon
|-damage|p2b: Koraidon|50/100
|-hitcount|p2b: Koraidon|3
|move|p2a: Bruce|Seed Bomb|p1a: Urshifu
|-supereffective|p1a: Urshifu
|-damage|p1a: Urshifu|25/100
|
|-weather|RainDance|[upkeep]
|upkeep
|turn|3
|inactive|Dipic has 30 seconds left.
|inactive|Dipic has 20 seconds left.
|
|t:|1750770379
|-terastallize|p1b: Kyogre|Grass
|move|p2b: Koraidon|Protect|p2b: Koraidon
|-singleturn|p2b: Koraidon|Protect
|move|p1a: Urshifu|Protect|p1a: Urshifu
|-singleturn|p1a: Urshifu|Protect
|move|p1b: Kyogre|Water Spout|p2a: Bruce|[spread] p2a
|-activate|p2b: Koraidon|move: Protect
|-resisted|p2a: Bruce
|-damage|p2a: Bruce|50/100
|move|p2a: Bruce|Seed Bomb|p1a: Urshifu
|-activate|p1a: Urshifu|move: Protect
|
|-weather|RainDance|[upkeep]
|upkeep
|turn|4
|inactive|Dipic has 30 seconds left.
|inactive|chazmin has 30 seconds left.
|inactive|chazmin has 20 seconds left.
|
|t:|1750770418
|switch|p1a: Scraggy|Scraggy, L50, M|1/100
|-ability|p1a: Scraggy|Intimidate|boost
|-unboost|p2a: Bruce|atk|1
|-unboost|p2b: Koraidon|atk|1
|move|p2b: Koraidon|Close Combat|p1b: Kyogre
|-damage|p1b: Kyogre|31/100
|-unboost|p2b: Koraidon|def|1
|-unboost|p2b: Koraidon|spd|1
|-damage|p2b: Koraidon|40/100|[from] item: Life Orb
|move|p1b: Kyogre|Water Spout|p2b: Koraidon|[spread] p2a,p2b
|-resisted|p2a: Bruce
|-resisted|p2b: Koraidon
|-damage|p2a: Bruce|38/100
|-damage|p2b: Koraidon|12/100
|move|p2a: Bruce|Seed Bomb|p1a: Scraggy
|-damage|p1a: Scraggy|0 fnt
|faint|p1a: Scraggy
|
|-weather|RainDance|[upkeep]
|upkeep
|
|t:|1750770436
|switch|p1a: Zacian|Zacian-Crowned, L50|100/100
|-ability|p1a: Zacian|Intrepid Sword|boost
|-boost|p1a: Zacian|atk|1
|turn|5
|inactive|chazmin has 30 seconds left.
|inactive|chazmin has 20 seconds left.
|inactive|chazmin has 15 seconds left.
|inactive|chazmin has 10 seconds left.
|inactive|chazmin has 5 seconds left.
|
|t:|1750770491
|move|p2b: Koraidon|Close Combat|p1a: Zacian
|-damage|p1a: Zacian|54/100
|-unboost|p2b: Koraidon|def|1
|-unboost|p2b: Koraidon|spd|1
|-damage|p2b: Koraidon|3/100|[from] item: Life Orb
|move|p1a: Zacian|Sacred Sword|p2b: Koraidon
|-damage|p2b: Koraidon|0 fnt
|faint|p2b: Koraidon
|move|p1b: Kyogre|Origin Pulse|p2a: Bruce
|-resisted|p2a: Bruce
|-damage|p2a: Bruce|0 fnt
|faint|p2a: Bruce
|-end|p2a: Bruce|Protosynthesis|[silent]
|
|-weather|RainDance|[upkeep]
|upkeep
|
|t:|1750770513
|switch|p2b: Lunala|Lunala, L50|100/100
|turn|6
|
|t:|1750770529
|switch|p1b: Urshifu|Urshifu-Rapid-Strike, L50, F|25/100
|-terastallize|p2b: Lunala|Water
|move|p1a: Zacian|Behemoth Blade|p2b: Lunala
|-resisted|p2b: Lunala
|-damage|p2b: Lunala|85/100
|move|p2b: Lunala|Moongeist Beam|p1a: Zacian
|-damage|p1a: Zacian|3/100
|
|-weather|none
|upkeep
|turn|7
|
|t:|1750770547
|move|p1a: Zacian|Play Rough|p2b: Lunala|[miss]
|-miss|p1a: Zacian|p2b: Lunala
|move|p1b: Urshifu|Close Combat|p2b: Lunala
|-damage|p2b: Lunala|37/100
|-unboost|p1b: Urshifu|def|1
|-unboost|p1b: Urshifu|spd|1
|move|p2b: Lunala|Meteor Beam||[still]
|-prepare|p2b: Lunala|Meteor Beam
|-boost|p2b: Lunala|spa|1
|-enditem|p2b: Lunala|Power Herb
|-anim|p2b: Lunala|Meteor Beam|p1a: Zacian
|-resisted|p1a: Zacian
|-damage|p1a: Zacian|0 fnt
|faint|p1a: Zacian
|
|upkeep
|
|t:|1750770559
|switch|p1a: Kyogre|Kyogre, L50, tera:Grass|31/100
|-weather|RainDance|[from] ability: Drizzle|[of] p1a: Kyogre
|turn|8
|
|t:|1750770581
|move|p1b: Urshifu|Close Combat|p2b: Lunala
|-damage|p2b: Lunala|0 fnt
|-unboost|p1b: Urshifu|def|1
|-unboost|p1b: Urshifu|spd|1
|faint|p2b: Lunala
|
|win|Dipic
|raw|Dipic's rating: 1423 &rarr; <strong>1443</strong><br />(+20 for winning)
|raw|chazmin's rating: 1415 &rarr; <strong>1395</strong><br />(-20 for losing)
|l|☆Dipic
|player|p1|
