|j|☆lazmm
|j|☆chengzhuiyi
|t:|1750825456
|gametype|doubles
|player|p1|lazmm|cynthia|1138
|player|p2|chengzhuiyi|265|1186
|teamsize|p1|6
|teamsize|p2|6
|gen|9
|tier|[Gen 9] VGC 2025 Reg I
|rated|
|rule|Species Clause: Limit one of each Pokémon
|rule|Item Clause: Limit 1 of each item
|clearpoke
|poke|p1|Miraidon, L50|
|poke|p1|Ho-Oh, L50|
|poke|p1|Iron Treads, L50|
|poke|p1|Farigiraf, L50, F|
|poke|p1|Iron Bundle, L50|
|poke|p1|Iron Hands, L50|
|poke|p2|Koraidon, L50|
|poke|p2|Ogerpon-Hearthflame, L50, F|
|poke|p2|Whimsicott, L50, F|
|poke|p2|Incineroar, L50, M|
|poke|p2|Zamazenta-*, L50|
|poke|p2|Rillaboom, L50, F|
|teampreview|4
|inactive|Battle timer is ON: inactive players will automatically lose when time's up. (requested by chengzhuiyi)
|inactive|lazmm also wants the timer to be on.
|inactive|lazmm has 60 seconds left.
|inactive|chengzhuiyi has 60 seconds left.
chengzhuiyi rejected open team sheets.
|
|t:|1750825505
|start
|switch|p1a: Miraidon|Miraidon, L50|100/100
|switch|p1b: Iron Bundle|Iron Bundle, L50, shiny|100/100
|switch|p2a: Ogerpon|Ogerpon-Hearthflame, L50, F|100/100
|switch|p2b: Incineroar|Incineroar, L50, M|100/100
|-fieldstart|move: Electric Terrain|[from] ability: Hadron Engine|[of] p1a: Miraidon
|-activate|p1b: Iron Bundle|ability: Quark Drive
|-start|p1b: Iron Bundle|quarkdrivespe
|-ability|p2a: Ogerpon|Mold Breaker
|-ability|p2b: Incineroar|Intimidate|boost
|-unboost|p1a: Miraidon|atk|1
|-unboost|p1b: Iron Bundle|atk|1
|turn|1
|inactive|chengzhuiyi has 30 seconds left.
|inactive|chengzhuiyi has 20 seconds left.
|inactive|chengzhuiyi has 15 seconds left.
|
|t:|1750825547
|switch|p1a: Ho-Oh|Ho-Oh, L50, shiny|100/100
|move|p1b: Iron Bundle|Protect|p1b: Iron Bundle
|-singleturn|p1b: Iron Bundle|Protect
|move|p2a: Ogerpon|Ivy Cudgel|p1b: Iron Bundle|[anim] Ivy Cudgel Fire
|-activate|p1b: Iron Bundle|move: Protect
|move|p2b: Incineroar|Flare Blitz|p1b: Iron Bundle
|-activate|p1b: Iron Bundle|move: Protect
|
|upkeep
|turn|2
|inactive|lazmm has 30 seconds left.
|inactive|chengzhuiyi has 30 seconds left.
|inactive|lazmm has 20 seconds left.
|
|t:|1750825586
|switch|p2b: Koraidon|Koraidon, L50|100/100
|-weather|SunnyDay|[from] ability: Orichalcum Pulse|[of] p2b: Koraidon
|-activate|p2b: Koraidon|Orichalcum Pulse|[source]
|-terastallize|p2a: Ogerpon|Fire
|detailschange|p2a: Ogerpon|Ogerpon-Hearthflame-Tera, L50, F, tera:Fire
|-ability|p2a: Ogerpon|Embody Aspect (Hearthflame)|boost
|-boost|p2a: Ogerpon|atk|1
|move|p1b: Iron Bundle|Protect||[still]
|-fail|p1b: Iron Bundle
|move|p2a: Ogerpon|Ivy Cudgel|p1b: Iron Bundle|[anim] Ivy Cudgel Fire
|-enditem|p1b: Iron Bundle|Focus Sash
|-damage|p1b: Iron Bundle|1/100
|move|p1a: Ho-Oh|Tailwind|p1a: Ho-Oh
|-sidestart|p1: lazmm|move: Tailwind
|
|-weather|SunnyDay|[upkeep]
|upkeep
|turn|3
|inactive|chengzhuiyi has 30 seconds left.
|
|t:|1750825616
|move|p1b: Iron Bundle|Icy Wind|p2a: Ogerpon|[spread] p2a,p2b
|-resisted|p2a: Ogerpon
|-supereffective|p2b: Koraidon
|-damage|p2a: Ogerpon|89/100
|-damage|p2b: Koraidon|53/100
|-unboost|p2a: Ogerpon|spe|1
|move|p1a: Ho-Oh|Brave Bird|p2b: Koraidon
|-supereffective|p2b: Koraidon
|-damage|p2b: Koraidon|0 fnt
|faint|p2b: Koraidon
|-damage|p1a: Ho-Oh|86/100|[from] Recoil
|move|p2a: Ogerpon|U-turn|p1b: Iron Bundle
|-damage|p1b: Iron Bundle|0 fnt
|faint|p1b: Iron Bundle
|-end|p1b: Iron Bundle|Quark Drive|[silent]
|
|t:|1750825635
|switch|p2a: Incineroar|Incineroar, L50, M|100/100|[from] U-turn
|-ability|p2a: Incineroar|Intimidate|boost
|-fail|p1a: Ho-Oh|unboost|[from] item: Clear Amulet|[of] p1a: Ho-Oh
|
|-weather|SunnyDay|[upkeep]
|upkeep
|
|t:|1750825646
|switch|p1b: Iron Treads|Iron Treads, L50, shiny|100/100
|switch|p2b: Whimsicott|Whimsicott, L50, F|100/100
|-activate|p1b: Iron Treads|ability: Quark Drive
|-start|p1b: Iron Treads|quarkdrivespe
|turn|4
|inactive|lazmm has 30 seconds left.
|
|t:|1750825680
|move|p2b: Whimsicott|Protect|p2b: Whimsicott
|-singleturn|p2b: Whimsicott|Protect
|move|p1b: Iron Treads|Earthquake|p2a: Incineroar|[spread] p2a
|-activate|p2b: Whimsicott|move: Protect
|-immune|p1a: Ho-Oh
|-supereffective|p2a: Incineroar
|-damage|p2a: Incineroar|15/100
|-damage|p1b: Iron Treads|91/100|[from] item: Life Orb
|move|p1a: Ho-Oh|Sacred Fire|p2b: Whimsicott
|-activate|p2b: Whimsicott|move: Protect
|move|p2a: Incineroar|Knock Off|p1a: Ho-Oh
|-damage|p1a: Ho-Oh|50/100
|-enditem|p1a: Ho-Oh|Clear Amulet|[from] move: Knock Off|[of] p2a: Incineroar
|
|-weather|SunnyDay|[upkeep]
|upkeep
|turn|5
|inactive|lazmm has 30 seconds left.
|inactive|chengzhuiyi has 30 seconds left.
|inactive|chengzhuiyi has 20 seconds left.
|inactive|chengzhuiyi has 15 seconds left.
|inactive|chengzhuiyi has 10 seconds left.
|
|t:|1750825727
|move|p2b: Whimsicott|Tailwind|p2b: Whimsicott
|-sidestart|p2: chengzhuiyi|move: Tailwind
|move|p1b: Iron Treads|Earthquake|p2b: Whimsicott|[spread] p2a,p2b
|-immune|p1a: Ho-Oh
|-supereffective|p2a: Incineroar
|-resisted|p2b: Whimsicott
|-damage|p2a: Incineroar|0 fnt
|-damage|p2b: Whimsicott|75/100
|faint|p2a: Incineroar
|-damage|p1b: Iron Treads|81/100|[from] item: Life Orb
|move|p1a: Ho-Oh|Brave Bird|p2b: Whimsicott
|-supereffective|p2b: Whimsicott
|-damage|p2b: Whimsicott|0 fnt
|faint|p2b: Whimsicott
|-damage|p1a: Ho-Oh|30/100|[from] Recoil
|
|-weather|SunnyDay|[upkeep]
|-sideend|p1: lazmm|move: Tailwind
|-fieldend|move: Electric Terrain
|-end|p1b: Iron Treads|Quark Drive
|upkeep
|-message|chengzhuiyi forfeited.
|
|win|lazmm
|raw|lazmm's rating: 1138 &rarr; <strong>1166</strong><br />(+28 for winning)
|raw|chengzhuiyi's rating: 1186 &rarr; <strong>1158</strong><br />(-28 for losing)
|l|☆chengzhuiyi
|player|p2|
