|j|☆fgafhahahfa
|j|☆calacadura
|t:|1750718118
|gametype|doubles
|player|p1|fgafhahahfa|dawn-gen4pt|1000
|player|p2|calacadura|101|1000
|teamsize|p1|6
|teamsize|p2|6
|gen|9
|tier|[Gen 9] VGC 2025 Reg I
|rated|
|rule|Species Clause: Limit one of each Pokémon
|rule|Item Clause: Limit 1 of each item
|clearpoke
|poke|p1|Calyrex-Shadow, L50|
|poke|p1|Chien-Pao, L50|
|poke|p1|Ogerpon-Cornerstone, L50, F|
|poke|p1|Zamazenta-*, L50|
|poke|p1|Amoonguss, L50, F|
|poke|p1|Raging Bolt, L50|
|poke|p2|Kyogre, L50|
|poke|p2|Archaludon, L50, M|
|poke|p2|Dondozo, L50, M|
|poke|p2|Tatsugiri, L50, M|
|poke|p2|Pachirisu, L50, M|
|poke|p2|Grimmsnarl, L50, M|
|teampreview|4
|
|t:|1750718171
|start
|switch|p1a: Zamazenta|Zamazenta-Crowned, L50|100/100
|switch|p1b: Raging Bolt|Raging Bolt, L50|100/100
|switch|p2a: Tatsugiri|Tatsugiri, L50, M, shiny|100/100
|switch|p2b: Kyogre|Kyogre, L50, shiny|100/100
|-ability|p1a: Zamazenta|Dauntless Shield|boost
|-boost|p1a: Zamazenta|def|1
|-weather|RainDance|[from] ability: Drizzle|[of] p2b: Kyogre
|turn|1
|
|t:|1750718197
|move|p2a: Tatsugiri|Endure|p2a: Tatsugiri
|-singleturn|p2a: Tatsugiri|move: Endure
|move|p2b: Kyogre|Protect|p2b: Kyogre
|-singleturn|p2b: Kyogre|Protect
|move|p1b: Raging Bolt|Thunderclap||[still]
|-fail|p1b: Raging Bolt
|move|p1a: Zamazenta|Body Press|p2b: Kyogre
|-activate|p2b: Kyogre|move: Protect
|
|-weather|RainDance|[upkeep]
|-status|p2a: Tatsugiri|tox|[from] item: Toxic Orb
|upkeep
|turn|2
|
|t:|1750718224
|switch|p2b: Dondozo|Dondozo, L50, M, shiny|100/100
|-activate|p2a: Tatsugiri|ability: Commander|[of] p2b: Dondozo
|-boost|p2b: Dondozo|atk|2
|-boost|p2b: Dondozo|spa|2
|-boost|p2b: Dondozo|spe|2
|-boost|p2b: Dondozo|def|2
|-boost|p2b: Dondozo|spd|2
|move|p1a: Zamazenta|Body Press|p2b: Dondozo
|-damage|p2b: Dondozo|86/100
|move|p1b: Raging Bolt|Thunderbolt|p2b: Dondozo
|-supereffective|p2b: Dondozo
|-crit|p2b: Dondozo
|-damage|p2b: Dondozo|0 fnt
|faint|p2b: Dondozo
|
|-weather|RainDance|[upkeep]
|-damage|p2a: Tatsugiri|95/100 tox|[from] psn
|upkeep
|
|t:|1750718236
|switch|p2b: Pachirisu|Pachirisu, L50, M, shiny|100/100
|turn|3
|
|t:|1750718247
|-end|p1b: Raging Bolt|Protosynthesis|[silent]
|switch|p1b: Amoonguss|Amoonguss, L50, F|100/100
|move|p2b: Pachirisu|Protect|p2b: Pachirisu
|-singleturn|p2b: Pachirisu|Protect
|move|p1a: Zamazenta|Body Press|p2b: Pachirisu
|-activate|p2b: Pachirisu|move: Protect
|move|p2a: Tatsugiri|Draco Meteor|p1b: Amoonguss
|-damage|p1b: Amoonguss|43/100
|-unboost|p2a: Tatsugiri|spa|2
|
|-weather|RainDance|[upkeep]
|-damage|p2a: Tatsugiri|84/100 tox|[from] psn
|upkeep
|turn|4
|inactive|Battle timer is ON: inactive players will automatically lose when time's up. (requested by fgafhahahfa)
|
|t:|1750718319
|switch|p2a: Kyogre|Kyogre, L50, shiny|100/100
|switch|p1b: Raging Bolt|Raging Bolt, L50|100/100
|-terastallize|p2b: Pachirisu|Flying
|move|p2b: Pachirisu|Follow Me|p2b: Pachirisu
|-singleturn|p2b: Pachirisu|move: Follow Me
|move|p1a: Zamazenta|Body Press|p2b: Pachirisu
|-resisted|p2b: Pachirisu
|-damage|p2b: Pachirisu|67/100
|
|-weather|RainDance|[upkeep]
|upkeep
|turn|5
|inactive|calacadura has 30 seconds left.
|inactive|calacadura has 20 seconds left.
|
|t:|1750718356
|move|p1a: Zamazenta|Wide Guard|p1a: Zamazenta
|-singleturn|p1a: Zamazenta|Wide Guard
|move|p2b: Pachirisu|Follow Me|p2b: Pachirisu
|-singleturn|p2b: Pachirisu|move: Follow Me
|move|p2a: Kyogre|Water Spout|p1b: Raging Bolt|[spread] 
|-activate|p1a: Zamazenta|move: Wide Guard
|-activate|p1b: Raging Bolt|move: Wide Guard
|move|p1b: Raging Bolt|Electroweb|p2b: Pachirisu|[spread] p2a
|-heal|p2b: Pachirisu|92/100|[from] ability: Volt Absorb|[of] p1b: Raging Bolt
|-supereffective|p2a: Kyogre
|-damage|p2a: Kyogre|68/100
|-unboost|p2a: Kyogre|spe|1
|
|-weather|none
|upkeep
|turn|6
|inactive|calacadura has 30 seconds left.
|
|t:|1750718383
|switch|p2a: Tatsugiri|Tatsugiri, L50, M, shiny|84/100 tox
|move|p1a: Zamazenta|Heavy Slam|p2b: Pachirisu
|-damage|p2b: Pachirisu|47/100
|-enditem|p2b: Pachirisu|Sitrus Berry|[eat]
|-heal|p2b: Pachirisu|71/100|[from] item: Sitrus Berry
|move|p2b: Pachirisu|Thunder Wave|p1a: Zamazenta
|-status|p1a: Zamazenta|par
|move|p1b: Raging Bolt|Draco Meteor|p2a: Tatsugiri
|-supereffective|p2a: Tatsugiri
|-damage|p2a: Tatsugiri|0 fnt
|-unboost|p1b: Raging Bolt|spa|2
|faint|p2a: Tatsugiri
|
|upkeep
|
|t:|1750718386
|switch|p2a: Kyogre|Kyogre, L50, shiny|68/100
|-weather|RainDance|[from] ability: Drizzle|[of] p2a: Kyogre
|turn|7
|
|t:|1750718409
|-end|p1b: Raging Bolt|Protosynthesis|[silent]
|switch|p1b: Amoonguss|Amoonguss, L50, F|76/100
|move|p2b: Pachirisu|Follow Me|p2b: Pachirisu
|-singleturn|p2b: Pachirisu|move: Follow Me
|move|p2a: Kyogre|Hydro Pump|p1a: Zamazenta
|-damage|p1a: Zamazenta|14/100 par
|move|p1a: Zamazenta|Body Press|p2b: Pachirisu
|-resisted|p2b: Pachirisu
|-damage|p2b: Pachirisu|37/100
|
|-weather|RainDance|[upkeep]
|upkeep
|turn|8
|
|t:|1750718422
|move|p2b: Pachirisu|Protect|p2b: Pachirisu
|-singleturn|p2b: Pachirisu|Protect
|cant|p1a: Zamazenta|par
|move|p2a: Kyogre|Hydro Pump|p1a: Zamazenta
|-damage|p1a: Zamazenta|0 fnt
|faint|p1a: Zamazenta
|move|p1b: Amoonguss|Spore|p2b: Pachirisu
|-activate|p2b: Pachirisu|move: Protect
|
|-weather|RainDance|[upkeep]
|upkeep
|
|t:|1750718429
|switch|p1a: Calyrex|Calyrex-Shadow, L50|100/100
|-ability|p1a: Calyrex|As One
|-ability|p1a: Calyrex|Unnerve
|turn|9
|inactive|calacadura has 30 seconds left.
|
|t:|1750718456
|-terastallize|p1a: Calyrex|Ghost
|move|p1a: Calyrex|Astral Barrage|p2a: Kyogre|[spread] p2a,p2b
|-damage|p2a: Kyogre|10/100
|-damage|p2b: Pachirisu|0 fnt
|faint|p2b: Pachirisu
|-ability|p1a: Calyrex|Grim Neigh|boost
|-boost|p1a: Calyrex|spa|1
|move|p2a: Kyogre|Water Spout|p1a: Calyrex|[spread] p1a,p1b
|-resisted|p1b: Amoonguss
|-damage|p1a: Calyrex|90/100
|-damage|p1b: Amoonguss|71/100
|move|p1b: Amoonguss|Sludge Bomb|p2a: Kyogre
|-damage|p2a: Kyogre|0 fnt
|faint|p2a: Kyogre
|
|win|fgafhahahfa
|raw|fgafhahahfa's rating: 1000 &rarr; <strong>1040</strong><br />(+40 for winning)
|raw|calacadura's rating: 1000 &rarr; <strong>1000</strong><br />(+0 for losing)
