|j|☆93w
|j|☆Terminator7006
|t:|1750746210
|gametype|doubles
|player|p1|93w|lacey|1532
|player|p2|Terminator7006|drayden|1465
|teamsize|p1|6
|teamsize|p2|6
|gen|9
|tier|[Gen 9] VGC 2025 Reg I
|rated|
|rule|Species Clause: Limit one of each Pokémon
|rule|Item Clause: Limit 1 of each item
|clearpoke
|poke|p1|Miraidon, L50|
|poke|p1|Calyrex-Ice, L50|
|poke|p1|Farigiraf, L50, M|
|poke|p1|Volcarona, L50, M|
|poke|p1|Urshifu-*, L50, F|
|poke|p1|Landorus, L50, M|
|poke|p2|Lunala, L50|
|poke|p2|Kommo-o, L50, M|
|poke|p2|Incineroar, L50, M|
|poke|p2|Amoonguss, L50, M|
|poke|p2|Kyogre, L50|
|poke|p2|Chien-Pao, L50|
|teampreview|4
|inactive|Battle timer is ON: inactive players will automatically lose when time's up. (requested by Terminator7006)
|
|t:|1750746229
|start
|switch|p1a: Miraidon|Miraidon, L50|100/100
|switch|p1b: Urshifu|Urshifu-Rapid-Strike, L50, F|100/100
|switch|p2a: Lunala|Lunala, L50, shiny|100/100
|switch|p2b: Chien-Pao|Chien-Pao, L50|100/100
|-ability|p2b: Chien-Pao|Sword of Ruin
|-fieldstart|move: Electric Terrain|[from] ability: Hadron Engine|[of] p1a: Miraidon
|turn|1
|inactive|Terminator7006 has 30 seconds left.
|inactive|Terminator7006 has 20 seconds left.
|inactive|Terminator7006 has 15 seconds left.
|inactive|Terminator7006 has 10 seconds left.
|inactive|Terminator7006 has 5 seconds left.
|
|t:|1750746284
|-terastallize|p1a: Miraidon|Fairy
|move|p2b: Chien-Pao|Ice Spinner|p1a: Miraidon
|-damage|p1a: Miraidon|47/100
|-fieldend|move: Electric Terrain
|move|p1a: Miraidon|Dazzling Gleam|p2a: Lunala|[spread] p2a,p2b
|-supereffective|p2b: Chien-Pao
|-damage|p2a: Lunala|86/100
|-enditem|p2b: Chien-Pao|Focus Sash
|-damage|p2b: Chien-Pao|1/100
|move|p1b: Urshifu|Surging Strikes|p2a: Lunala
|-crit|p2a: Lunala
|-damage|p2a: Lunala|60/100
|-crit|p2a: Lunala
|-damage|p2a: Lunala|34/100
|-crit|p2a: Lunala
|-damage|p2a: Lunala|8/100
|-hitcount|p2a: Lunala|3
|move|p2a: Lunala|Moongeist Beam|p1b: Urshifu
|-damage|p1b: Urshifu|23/100
|
|upkeep
|turn|2
|inactive|Terminator7006 has 30 seconds left.
|
|t:|1750746310
|move|p2b: Chien-Pao|Sucker Punch|p1b: Urshifu
|-resisted|p1b: Urshifu
|-damage|p1b: Urshifu|0 fnt
|faint|p1b: Urshifu
|move|p1a: Miraidon|Dazzling Gleam|p2a: Lunala|[spread] p2a,p2b
|-supereffective|p2b: Chien-Pao
|-damage|p2a: Lunala|0 fnt
|-damage|p2b: Chien-Pao|0 fnt
|faint|p2a: Lunala
|faint|p2b: Chien-Pao
|
|upkeep
|
|t:|1750746327
|switch|p2b: Kommo-o|Kommo-o, L50, M|100/100
|switch|p1b: Farigiraf|Farigiraf, L50, M|100/100
|switch|p2a: Kyogre|Kyogre, L50|100/100
|-weather|RainDance|[from] ability: Drizzle|[of] p2a: Kyogre
|turn|3
|inactive|93w has 30 seconds left.
|inactive|93w has 20 seconds left.
|inactive|93w has 15 seconds left.
|
|t:|1750746368
|switch|p1a: Calyrex|Calyrex-Ice, L50|100/100
|-ability|p1a: Calyrex|As One
|-ability|p1a: Calyrex|Unnerve
|-terastallize|p2a: Kyogre|Water
|move|p2b: Kommo-o|Protect|p2b: Kommo-o
|-singleturn|p2b: Kommo-o|Protect
|move|p1b: Farigiraf|Psychic Noise|p2b: Kommo-o
|-activate|p2b: Kommo-o|move: Protect
|move|p2a: Kyogre|Origin Pulse|p1b: Farigiraf|[spread] p1a
|-miss|p2a: Kyogre|p1b: Farigiraf
|-damage|p1a: Calyrex|34/100
|
|-weather|RainDance|[upkeep]
|upkeep
|turn|4
|
|t:|1750746392
|move|p1a: Calyrex|Protect|p1a: Calyrex
|-singleturn|p1a: Calyrex|Protect
|move|p2b: Kommo-o|Flash Cannon|p1a: Calyrex
|-activate|p1a: Calyrex|move: Protect
|move|p1b: Farigiraf|Psychic Noise|p2b: Kommo-o
|-supereffective|p2b: Kommo-o
|-damage|p2b: Kommo-o|39/100
|-start|p2b: Kommo-o|move: Heal Block
|move|p2a: Kyogre|Origin Pulse|p1b: Farigiraf|[spread] p1b
|-activate|p1a: Calyrex|move: Protect
|-damage|p1b: Farigiraf|11/100
|
|-weather|RainDance|[upkeep]
|upkeep
|turn|5
|inactive|93w has 30 seconds left.
|
|t:|1750746419
|move|p2b: Kommo-o|Protect|p2b: Kommo-o
|-singleturn|p2b: Kommo-o|Protect
|move|p1a: Calyrex|Protect||[still]
|-fail|p1a: Calyrex
|move|p1b: Farigiraf|Psychic Noise|p2b: Kommo-o
|-activate|p2b: Kommo-o|move: Protect
|move|p2a: Kyogre|Origin Pulse|p1b: Farigiraf|[spread] p1b
|-miss|p2a: Kyogre|p1a: Calyrex
|-damage|p1b: Farigiraf|0 fnt
|faint|p1b: Farigiraf
|
|-weather|RainDance|[upkeep]
|-end|p2b: Kommo-o|move: Heal Block
|upkeep
|
|t:|1750746421
|switch|p1b: Miraidon|Miraidon, L50, tera:Fairy|47/100
|-fieldstart|move: Electric Terrain|[from] ability: Hadron Engine|[of] p1b: Miraidon
|turn|6
|inactive|Terminator7006 has 30 seconds left.
|
|t:|1750746451
|move|p2a: Kyogre|Protect|p2a: Kyogre
|-singleturn|p2a: Kyogre|Protect
|move|p1b: Miraidon|Electro Drift|p2a: Kyogre
|-activate|p2a: Kyogre|move: Protect
|move|p2b: Kommo-o|Flash Cannon|p1a: Calyrex
|-supereffective|p1a: Calyrex
|-crit|p1a: Calyrex
|-damage|p1a: Calyrex|0 fnt
|faint|p1a: Calyrex
|-damage|p2b: Kommo-o|29/100|[from] item: Life Orb
|
|-weather|RainDance|[upkeep]
|upkeep
|turn|7
|
|t:|1750746462
|move|p1b: Miraidon|Electro Drift|p2a: Kyogre
|-supereffective|p2a: Kyogre
|-damage|p2a: Kyogre|0 fnt
|faint|p2a: Kyogre
|move|p2b: Kommo-o|Flash Cannon|p1b: Miraidon
|-supereffective|p1b: Miraidon
|-damage|p1b: Miraidon|0 fnt
|faint|p1b: Miraidon
|-damage|p2b: Kommo-o|19/100|[from] item: Life Orb
|
|win|Terminator7006
|raw|93w's rating: 1532 &rarr; <strong>1508</strong><br />(-24 for losing)
|raw|Terminator7006's rating: 1465 &rarr; <strong>1489</strong><br />(+24 for winning)
|l|☆93w
|player|p1|
|c|☆Terminator7006|gg
|l|☆Terminator7006
|player|p2|
