|j|☆malimygirl
|j|☆huanchen
|t:|1750824645
|gametype|doubles
|player|p1|malimygirl|101|1223
|player|p2|huanchen|red|1161
|teamsize|p1|6
|teamsize|p2|6
|gen|9
|tier|[Gen 9] VGC 2025 Reg I
|rated|
|rule|Species Clause: Limit one of each Pokémon
|rule|Item Clause: Limit 1 of each item
|clearpoke
|poke|p1|Miraidon, L50|
|poke|p1|Lunala, L50|
|poke|p1|Incineroar, L50, F|
|poke|p1|Urshifu-*, L50, M|
|poke|p1|Whimsicott, L50, F|
|poke|p1|Ursaluna, L50, F|
|poke|p2|Calyrex-Shadow, L50|
|poke|p2|Ting-Lu, L50|
|poke|p2|Dondozo, L50, M|
|poke|p2|Raging Bolt, L50|
|poke|p2|Ogerpon-Hearthflame, L50, F|
|poke|p2|Zamazenta-*, L50|
|teampreview|4
|inactive|Battle timer is ON: inactive players will automatically lose when time's up. (requested by huanchen)
|inactive|malimygirl has 60 seconds left.
|
|t:|1750824677
|start
|switch|p1a: Miraidon|Miraidon, L50|100/100
|switch|p1b: Lunala|Lunala, L50, shiny|100/100
|switch|p2a: Ting-Lu|Ting-Lu, L50|100/100
|switch|p2b: Zamazenta|Zamazenta-Crowned, L50|100/100
|-fieldstart|move: Electric Terrain|[from] ability: Hadron Engine|[of] p1a: Miraidon
|-enditem|p1b: Lunala|Electric Seed
|-boost|p1b: Lunala|def|1|[from] item: Electric Seed
|-ability|p2b: Zamazenta|Dauntless Shield|boost
|-boost|p2b: Zamazenta|def|1
|-ability|p2a: Ting-Lu|Vessel of Ruin
|turn|1
|inactive|malimygirl has 30 seconds left.
|inactive|huanchen has 30 seconds left.
|inactive|malimygirl has 20 seconds left.
|inactive|huanchen has 20 seconds left.
|inactive|malimygirl has 15 seconds left.
|inactive|malimygirl has 10 seconds left.
|
|t:|1750824727
|-terastallize|p2b: Zamazenta|Dragon
|-terastallize|p1b: Lunala|Fairy
|move|p1a: Miraidon|Electro Drift|p2b: Zamazenta
|-resisted|p2b: Zamazenta
|-damage|p2b: Zamazenta|55/100
|move|p2b: Zamazenta|Body Press|p1a: Miraidon
|-damage|p1a: Miraidon|35/100
|move|p2a: Ting-Lu|Taunt|p1b: Lunala
|-start|p1b: Lunala|move: Taunt
|cant|p1b: Lunala|move: Taunt|Trick Room
|
|upkeep
|turn|2
|
|t:|1750824748
|switch|p1a: Urshifu|Urshifu-Rapid-Strike, L50, M|100/100
|move|p2b: Zamazenta|Body Press|p1a: Urshifu
|-damage|p1a: Urshifu|28/100
|move|p1b: Lunala|Moonblast|p2a: Ting-Lu
|-supereffective|p2a: Ting-Lu
|-damage|p2a: Ting-Lu|56/100
|-unboost|p2a: Ting-Lu|spa|1
|move|p2a: Ting-Lu|Ruination|p1b: Lunala
|-damage|p1b: Lunala|50/100
|
|upkeep
|turn|3
|
|t:|1750824767
|move|p1a: Urshifu|Surging Strikes|p2a: Ting-Lu
|-supereffective|p2a: Ting-Lu
|-crit|p2a: Ting-Lu
|-damage|p2a: Ting-Lu|33/100
|-damage|p1a: Urshifu|12/100|[from] item: Rocky Helmet|[of] p2a: Ting-Lu
|-supereffective|p2a: Ting-Lu
|-crit|p2a: Ting-Lu
|-damage|p2a: Ting-Lu|9/100
|-damage|p1a: Urshifu|0 fnt|[from] item: Rocky Helmet|[of] p2a: Ting-Lu
|faint|p1a: Urshifu
|-hitcount|p2a: Ting-Lu|2
|move|p2b: Zamazenta|Body Press|p1b: Lunala
|-resisted|p1b: Lunala
|-damage|p1b: Lunala|35/100
|move|p1b: Lunala|Moonblast|p2b: Zamazenta
|-supereffective|p2b: Zamazenta
|-damage|p2b: Zamazenta|0 fnt
|faint|p2b: Zamazenta
|move|p2a: Ting-Lu|Sand Tomb|p1b: Lunala
|-damage|p1b: Lunala|29/100
|-activate|p1b: Lunala|move: Sand Tomb|[of] p2a: Ting-Lu
|
|-damage|p1b: Lunala|16/100|[from] move: Sand Tomb|[partiallytrapped]
|-end|p1b: Lunala|move: Taunt
|upkeep
|
|t:|1750824789
|switch|p2b: Calyrex|Calyrex-Shadow, L50|100/100
|switch|p1a: Ursaluna|Ursaluna, L50, F|100/100
|-ability|p2b: Calyrex|As One
|-ability|p2b: Calyrex|Unnerve
|turn|4
|
|t:|1750824810
|move|p2b: Calyrex|Pollen Puff|p2a: Ting-Lu
|-heal|p2a: Ting-Lu|59/100
|move|p2a: Ting-Lu|Ruination|p1a: Ursaluna
|-damage|p1a: Ursaluna|51/100
|move|p1a: Ursaluna|Headlong Rush|p2b: Calyrex
|-damage|p2b: Calyrex|18/100
|-unboost|p1a: Ursaluna|def|1
|-unboost|p1a: Ursaluna|spd|1
|move|p1b: Lunala|Trick Room|p1b: Lunala
|-fieldstart|move: Trick Room|[of] p1b: Lunala
|
|-damage|p1b: Lunala|4/100|[from] move: Sand Tomb|[partiallytrapped]
|-status|p1a: Ursaluna|brn|[from] item: Flame Orb
|upkeep
|turn|5
|
|t:|1750824828
|move|p2b: Calyrex|Protect|p2b: Calyrex
|-singleturn|p2b: Calyrex|Protect
|move|p1b: Lunala|Wide Guard|p1b: Lunala
|-singleturn|p1b: Lunala|Wide Guard
|move|p1a: Ursaluna|Earthquake|p2a: Ting-Lu|[spread] p2a
|-activate|p1b: Lunala|move: Wide Guard
|-activate|p2b: Calyrex|move: Protect
|-damage|p2a: Ting-Lu|25/100
|move|p2a: Ting-Lu|Sand Tomb|p1a: Ursaluna
|-damage|p1a: Ursaluna|38/100 brn
|-activate|p1a: Ursaluna|move: Sand Tomb|[of] p2a: Ting-Lu
|
|-damage|p1a: Ursaluna|32/100 brn|[from] brn
|-damage|p1a: Ursaluna|20/100 brn|[from] move: Sand Tomb|[partiallytrapped]
|-damage|p1b: Lunala|0 fnt|[from] move: Sand Tomb|[partiallytrapped]
|faint|p1b: Lunala
|-fieldend|move: Electric Terrain
|upkeep
|
|t:|1750824840
|switch|p1b: Miraidon|Miraidon, L50|35/100
|-fieldstart|move: Electric Terrain|[from] ability: Hadron Engine|[of] p1b: Miraidon
|turn|6
|
|t:|1750824855
|move|p2a: Ting-Lu|Protect|p2a: Ting-Lu
|-singleturn|p2a: Ting-Lu|Protect
|move|p2b: Calyrex|Protect||[still]
|-fail|p2b: Calyrex
|move|p1a: Ursaluna|Facade|p2a: Ting-Lu
|-activate|p2a: Ting-Lu|move: Protect
|move|p1b: Miraidon|Electro Drift|p2b: Calyrex
|-damage|p2b: Calyrex|0 fnt
|faint|p2b: Calyrex
|
|-damage|p1a: Ursaluna|14/100 brn|[from] brn
|-damage|p1a: Ursaluna|2/100 brn|[from] move: Sand Tomb|[partiallytrapped]
|upkeep
|
|t:|1750824868
|switch|p2b: Ogerpon|Ogerpon-Hearthflame, L50, F|100/100
|-ability|p2b: Ogerpon|Mold Breaker
|turn|7
|
|t:|1750824882
|move|p2b: Ogerpon|Spiky Shield|p2b: Ogerpon
|-singleturn|p2b: Ogerpon|move: Protect
|move|p1a: Ursaluna|Facade|p2a: Ting-Lu
|-damage|p2a: Ting-Lu|0 fnt
|-damage|p1a: Ursaluna|0 fnt|[from] item: Rocky Helmet|[of] p2a: Ting-Lu
|faint|p2a: Ting-Lu
|faint|p1a: Ursaluna
|move|p1b: Miraidon|Electro Drift|p2b: Ogerpon
|-activate|p2b: Ogerpon|move: Protect
|-damage|p1b: Miraidon|22/100|[from] Spiky Shield|[of] p2b: Ogerpon
|
|upkeep
|turn|8
|
|t:|1750824896
|move|p2b: Ogerpon|Ivy Cudgel|p1b: Miraidon|[anim] Ivy Cudgel Fire
|-resisted|p1b: Miraidon
|-damage|p1b: Miraidon|0 fnt
|faint|p1b: Miraidon
|
|win|huanchen
|raw|malimygirl's rating: 1223 &rarr; <strong>1194</strong><br />(-29 for losing)
|raw|huanchen's rating: 1161 &rarr; <strong>1190</strong><br />(+29 for winning)
|l|☆malimygirl
|player|p1|
|l|☆huanchen
|player|p2|
