|j|☆SpinnerVGC
|j|☆sirae
|t:|1750714633
|gametype|doubles
|player|p1|SpinnerVGC|benga|1302
|player|p2|sirae|maid|1326
|teamsize|p1|6
|teamsize|p2|6
|gen|9
|tier|[Gen 9] VGC 2025 Reg I
|rated|
|rule|Species Clause: Limit one of each Pokémon
|rule|Item Clause: Limit 1 of each item
|clearpoke
|poke|p1|Calyrex-Ice, L50|
|poke|p1|Mewtwo, L50|
|poke|p1|Indeedee-F, L50, F|
|poke|p1|Incineroar, L50, M|
|poke|p1|Urshifu-*, L50, F|
|poke|p1|Ogerpon-Cornerstone, L50, F|
|poke|p2|Weezing-Galar, L50, F|
|poke|p2|Calyrex-Ice, L50|
|poke|p2|Incineroar, L50, F|
|poke|p2|Swampert, L50, F|
|poke|p2|Miraidon, L50|
|poke|p2|Dragapult, L50, M|
|teampreview|4
|inactive|Battle timer is ON: inactive players will automatically lose when time's up. (requested by SpinnerVGC)
|inactive|sirae also wants the timer to be on.
sirae rejected open team sheets.
|inactive|SpinnerVGC has 60 seconds left.
|inactive|SpinnerVGC has 30 seconds left.
|
|t:|1750714700
|start
|switch|p1a: Calyrex|Calyrex-Ice, L50|100/100
|switch|p1b: Indeedee|Indeedee-F, L50, F|100/100
|switch|p2a: no abilitys?|Weezing-Galar, L50, F|100/100
|switch|p2b: Tesla|Miraidon, L50|100/100
|-ability|p2a: no abilitys?|Neutralizing Gas
|-block|p2b: Tesla|item: Ability Shield
|-ability|p1a: Calyrex|As One
|-ability|p1a: Calyrex|Unnerve
|-fieldstart|move: Electric Terrain|[from] ability: Hadron Engine|[of] p2b: Tesla
|turn|1
|
|t:|1750714716
|-terastallize|p1a: Calyrex|Ice
|move|p1b: Indeedee|Follow Me|p1b: Indeedee
|-singleturn|p1b: Indeedee|move: Follow Me
|move|p2b: Tesla|Volt Switch|p1b: Indeedee
|-crit|p1b: Indeedee
|-damage|p1b: Indeedee|22/100
|
|t:|1750714723
|switch|p2b: THE RIDER|Calyrex-Ice, L50|100/100|[from] Volt Switch
|-ability|p2b: THE RIDER|As One
|-ability|p2b: THE RIDER|Unnerve
|move|p2a: no abilitys?|Toxic Spikes|p1b: Indeedee
|-sidestart|p1: SpinnerVGC|move: Toxic Spikes
|move|p1a: Calyrex|Glacial Lance|p2b: THE RIDER|[spread] p2a,p2b
|-resisted|p2b: THE RIDER
|-damage|p2a: no abilitys?|7/100
|-damage|p2b: THE RIDER|68/100
|-damage|p1a: Calyrex|91/100|[from] item: Life Orb
|
|-heal|p2a: no abilitys?|13/100|[from] item: Leftovers
|upkeep
|turn|2
|inactive|sirae has 30 seconds left.
|
|t:|1750714749
|move|p1b: Indeedee|Helping Hand|p1a: Calyrex
|-singleturn|p1a: Calyrex|Helping Hand|[of] p1b: Indeedee
|move|p2a: no abilitys?|Protect|p2a: no abilitys?
|-singleturn|p2a: no abilitys?|Protect
|move|p2b: THE RIDER|Glacial Lance|p1b: Indeedee|[spread] p1a,p1b
|-resisted|p1a: Calyrex
|-damage|p1a: Calyrex|76/100
|-damage|p1b: Indeedee|0 fnt
|faint|p1b: Indeedee
|-ability|p2b: THE RIDER|Chilling Neigh|boost
|-boost|p2b: THE RIDER|atk|1
|move|p1a: Calyrex|Glacial Lance|p2b: THE RIDER|[spread] p2b
|-activate|p2a: no abilitys?|move: Protect
|-resisted|p2b: THE RIDER
|-crit|p2b: THE RIDER
|-damage|p2b: THE RIDER|3/100
|-damage|p1a: Calyrex|66/100|[from] item: Life Orb
|
|-heal|p2a: no abilitys?|19/100|[from] item: Leftovers
|upkeep
|j| zagmaer
|
|t:|1750714768
|switch|p1b: Ogerpon|Ogerpon-Cornerstone, L50, F|100/100
|-status|p1b: Ogerpon|psn
|turn|3
|
|t:|1750714784
|move|p2b: THE RIDER|Protect|p2b: THE RIDER
|-singleturn|p2b: THE RIDER|Protect
|move|p1b: Ogerpon|Ivy Cudgel|p2b: THE RIDER|[anim] Ivy Cudgel Rock
|-activate|p2b: THE RIDER|move: Protect
|move|p2a: no abilitys?|Pain Split|p1b: Ogerpon
|-sethp|p1b: Ogerpon|60/100 psn|[from] move: Pain Split|[silent]
|-sethp|p2a: no abilitys?|55/100|[from] move: Pain Split
|move|p1a: Calyrex|Trick Room|p1a: Calyrex
|-fieldstart|move: Trick Room|[of] p1a: Calyrex
|
|-heal|p2a: no abilitys?|61/100|[from] item: Leftovers
|-damage|p1b: Ogerpon|48/100 psn|[from] psn
|upkeep
|turn|4
|l| zagmaer
|
|t:|1750714809
|move|p2a: no abilitys?|Protect|p2a: no abilitys?
|-singleturn|p2a: no abilitys?|Protect
|move|p1a: Calyrex|Glacial Lance|p2b: THE RIDER|[spread] p2b
|-activate|p2a: no abilitys?|move: Protect
|-resisted|p2b: THE RIDER
|-damage|p2b: THE RIDER|0 fnt
|faint|p2b: THE RIDER
|-ability|p1a: Calyrex|Chilling Neigh|boost
|-boost|p1a: Calyrex|atk|1
|-damage|p1a: Calyrex|57/100|[from] item: Life Orb
|move|p1b: Ogerpon|Ivy Cudgel|p2a: no abilitys?|[anim] Ivy Cudgel Rock
|-activate|p2a: no abilitys?|move: Protect
|
|-heal|p2a: no abilitys?|67/100|[from] item: Leftovers
|-damage|p1b: Ogerpon|36/100 psn|[from] psn
|upkeep
|
|t:|1750714817
|switch|p2b: Ok girl|Swampert, L50, F, shiny|100/100
|turn|5
|
|t:|1750714826
|-terastallize|p2b: Ok girl|Grass
|move|p1a: Calyrex|Protect|p1a: Calyrex
|-singleturn|p1a: Calyrex|Protect
|move|p2b: Ok girl|Wide Guard|p2b: Ok girl
|-singleturn|p2b: Ok girl|Wide Guard
|move|p2a: no abilitys?|Poison Gas|p1a: Calyrex|[spread] 
|-activate|p1a: Calyrex|move: Protect
|-fail|p1b: Ogerpon|psn
|move|p1b: Ogerpon|Power Whip|p2b: Ok girl
|-resisted|p2b: Ok girl
|-crit|p2b: Ok girl
|-damage|p2b: Ok girl|46/100
|
|-heal|p2a: no abilitys?|73/100|[from] item: Leftovers
|-damage|p1b: Ogerpon|24/100 psn|[from] psn
|-fieldend|move: Electric Terrain
|upkeep
|turn|6
|j| zagmaer
|
|t:|1750714844
|move|p2b: Ok girl|Wide Guard|p2b: Ok girl
|-singleturn|p2b: Ok girl|Wide Guard
|move|p1b: Ogerpon|Follow Me|p1b: Ogerpon
|-singleturn|p1b: Ogerpon|move: Follow Me
|move|p1a: Calyrex|High Horsepower|p2a: no abilitys?
|-supereffective|p2a: no abilitys?
|-damage|p2a: no abilitys?|0 fnt
|faint|p2a: no abilitys?
|-end|p2a: no abilitys?|ability: Neutralizing Gas
|-ability|p1a: Calyrex|Chilling Neigh|boost
|-boost|p1a: Calyrex|atk|1
|-damage|p1a: Calyrex|47/100|[from] item: Life Orb
|
|-damage|p1b: Ogerpon|11/100 psn|[from] psn
|upkeep
|
|t:|1750714851
|switch|p2a: Tesla|Miraidon, L50|100/100
|-fieldstart|move: Electric Terrain|[from] ability: Hadron Engine|[of] p2a: Tesla
|turn|7
|
|t:|1750714860
|move|p2a: Tesla|Protect|p2a: Tesla
|-singleturn|p2a: Tesla|Protect
|move|p1b: Ogerpon|Follow Me|p1b: Ogerpon
|-singleturn|p1b: Ogerpon|move: Follow Me
|move|p1a: Calyrex|High Horsepower|p2a: Tesla
|-activate|p2a: Tesla|move: Protect
|move|p2b: Ok girl|Earthquake|p1a: Calyrex|[spread] p1a,p1b
|-activate|p2a: Tesla|move: Protect
|-damage|p1a: Calyrex|16/100
|-damage|p1b: Ogerpon|0 fnt
|faint|p1b: Ogerpon
|-damage|p2b: Ok girl|36/100|[from] item: Life Orb
|
|-fieldend|move: Trick Room
|upkeep
|
|t:|1750714862
|switch|p1b: Mewtwo|Mewtwo, L50, shiny|100/100
|-status|p1b: Mewtwo|psn
|-ability|p1b: Mewtwo|Pressure
|turn|8
|l| zagmaer
|
|t:|1750714886
|move|p2a: Tesla|Dazzling Gleam|p1a: Calyrex|[spread] p1a,p1b
|-damage|p1a: Calyrex|0 fnt
|-damage|p1b: Mewtwo|67/100 psn
|faint|p1a: Calyrex
|move|p1b: Mewtwo|Psystrike|p2a: Tesla
|-damage|p2a: Tesla|39/100
|move|p2b: Ok girl|Flip Turn|p1b: Mewtwo
|-damage|p1b: Mewtwo|28/100 psn
|-damage|p2b: Ok girl|26/100|[from] item: Life Orb
|
|-damage|p1b: Mewtwo|16/100 psn|[from] psn
|upkeep
|turn|9
|
|t:|1750714900
|move|p2a: Tesla|Protect|p2a: Tesla
|-singleturn|p2a: Tesla|Protect
|move|p1b: Mewtwo|Psystrike|p2b: Ok girl
|-damage|p2b: Ok girl|0 fnt
|faint|p2b: Ok girl
|
|-damage|p1b: Mewtwo|4/100 psn|[from] psn
|upkeep
|turn|10
|
|t:|1750714907
|move|p2a: Tesla|Volt Switch|p1b: Mewtwo
|-damage|p1b: Mewtwo|0 fnt
|faint|p1b: Mewtwo
|
|win|sirae
|raw|SpinnerVGC's rating: 1302 &rarr; <strong>1283</strong><br />(-19 for losing)
|raw|sirae's rating: 1326 &rarr; <strong>1345</strong><br />(+19 for winning)
|c|☆SpinnerVGC|gg
|c|☆sirae|gg
|l|☆SpinnerVGC
|player|p1|
|l|☆sirae
|player|p2|
