|j|☆Godme7o_Anthony
|j|☆TotallyNotAutistic
|t:|1750801396
|gametype|doubles
|player|p1|Godme7o_Anthony|blue|1136
|player|p2|TotallyNotAutistic|n|1217
|teamsize|p1|6
|teamsize|p2|6
|gen|9
|tier|[Gen 9] VGC 2025 Reg I
|rated|
|rule|Species Clause: Limit one of each Pokémon
|rule|Item Clause: Limit 1 of each item
|clearpoke
|poke|p1|Calyrex-Shadow, L50|
|poke|p1|Rayquaza, L50|
|poke|p1|Chien-Pao, L50|
|poke|p1|Ogerpon-Hearthflame, L50, F|
|poke|p1|Landorus-Therian, L50, M|
|poke|p1|Suicune, L50|
|poke|p2|Dialga-Origin, L50|
|poke|p2|Miraidon, L50|
|poke|p2|Farigiraf, L50, F|
|poke|p2|Iron Hands, L50|
|poke|p2|Ursaluna, L50, F|
|poke|p2|Grimmsnarl, L50, M|
|teampreview|4
|inactive|Battle timer is ON: inactive players will automatically lose when time's up. (requested by Godme7o_Anthony)
|c|☆Godme7o_Anthony|elo
|c|☆TotallyNotAutistic|like 1200 somethin
|inactive|TotallyNotAutistic has 60 seconds left.
|c|☆Godme7o_Anthony|oh
|c|☆Godme7o_Anthony|i meany
|c|☆Godme7o_Anthony|hello
|c|☆TotallyNotAutistic|oh lmaoo
|c|☆TotallyNotAutistic|hi
|c|☆Godme7o_Anthony|maybe im autistic
|inactive|TotallyNotAutistic has 30 seconds left.
|
|t:|1750801525
|start
|switch|p1a: Chien-Pao|Chien-Pao, L50|100/100
|switch|p1b: Rayquaza|Rayquaza, L50|100/100
|switch|p2a: Farigiraf|Farigiraf, L50, F|100/100
|switch|p2b: Iron Hands|Iron Hands, L50|100/100
|-ability|p1a: Chien-Pao|Sword of Ruin
|-ability|p1b: Rayquaza|Air Lock
|turn|1
|inactive|Godme7o_Anthony has 30 seconds left.
|c|☆TotallyNotAutistic|come onnnn iron hands
|
|t:|1750801558
|switch|p1a: Suicune|Suicune, L50|100/100
|-terastallize|p1b: Rayquaza|Normal
|move|p2b: Iron Hands|Fake Out|p1a: Suicune
|-damage|p1a: Suicune|88/100
|move|p1b: Rayquaza|Extreme Speed||[still]
|cant|p2a: Farigiraf|ability: Armor Tail|Extreme Speed|[of] p1b: Rayquaza
|move|p2a: Farigiraf|Trick Room|p2a: Farigiraf
|-fieldstart|move: Trick Room|[of] p2a: Farigiraf
|
|upkeep
|turn|2
|c|☆TotallyNotAutistic|seize the day
|c|☆TotallyNotAutistic|YES
|c|☆Godme7o_Anthony|fuk
|c|☆Godme7o_Anthony|i forgot ab that giraf
|c|☆Godme7o_Anthony|i love him
|c|☆TotallyNotAutistic|WITH THE POWER INVESTED IN ME
|inactive|Godme7o_Anthony has 30 seconds left.
|inactive|TotallyNotAutistic has 30 seconds left.
|
|t:|1750801590
|switch|p1b: Chien-Pao|Chien-Pao, L50|100/100
|-ability|p1b: Chien-Pao|Sword of Ruin
|switch|p1a: Ogerpon|Ogerpon-Hearthflame, L50, F|100/100
|-ability|p1a: Ogerpon|Mold Breaker
|move|p2a: Farigiraf|Helping Hand|p2b: Iron Hands
|-singleturn|p2b: Iron Hands|Helping Hand|[of] p2a: Farigiraf
|move|p2b: Iron Hands|Close Combat|p1b: Chien-Pao
|-supereffective|p1b: Chien-Pao
|-damage|p1b: Chien-Pao|0 fnt
|-unboost|p2b: Iron Hands|def|1
|-unboost|p2b: Iron Hands|spd|1
|faint|p1b: Chien-Pao
|
|upkeep
|c|☆TotallyNotAutistic|HAZAH
|
|t:|1750801611
|switch|p1b: Rayquaza|Rayquaza, L50, tera:Normal|100/100
|-ability|p1b: Rayquaza|Air Lock
|turn|3
|
|t:|1750801632
|-end|p2b: Iron Hands|Quark Drive|[silent]
|switch|p2b: Ursaluna|Ursaluna, L50, F|100/100
|move|p2a: Farigiraf|Dazzling Gleam|p1a: Ogerpon|[spread] p1a,p1b
|-resisted|p1a: Ogerpon
|-damage|p1a: Ogerpon|93/100
|-damage|p1b: Rayquaza|87/100
|move|p1b: Rayquaza|U-turn|p2a: Farigiraf
|-supereffective|p2a: Farigiraf
|-damage|p2a: Farigiraf|4/100
|
|t:|1750801640
|switch|p1b: Suicune|Suicune, L50|88/100|[from] U-turn
|move|p1a: Ogerpon|Ivy Cudgel|p2b: Ursaluna|[anim] Ivy Cudgel Fire
|-damage|p2b: Ursaluna|55/100
|
|-status|p2b: Ursaluna|brn|[from] item: Flame Orb
|upkeep
|turn|4
|inactive|TotallyNotAutistic has 30 seconds left.
|
|t:|1750801666
|switch|p2a: Dialga|Dialga-Origin, L50|100/100
|move|p1a: Ogerpon|Protect|p1a: Ogerpon
|-singleturn|p1a: Ogerpon|Protect
|move|p2b: Ursaluna|Earthquake|p1a: Ogerpon|[spread] p1b
|-activate|p1a: Ogerpon|move: Protect
|-activate|p2a: Dialga|ability: Telepathy
|-damage|p1b: Suicune|38/100
|move|p1b: Suicune|Snarl|p2b: Ursaluna|[spread] p2a,p2b
|-damage|p2a: Dialga|93/100
|-damage|p2b: Ursaluna|46/100 brn
|-unboost|p2a: Dialga|spa|1
|-unboost|p2b: Ursaluna|spa|1
|-enditem|p1b: Suicune|Throat Spray
|-boost|p1b: Suicune|spa|1|[from] item: Throat Spray
|
|-damage|p2b: Ursaluna|41/100 brn|[from] brn
|upkeep
|turn|5
|inactive|Godme7o_Anthony has 30 seconds left.
|
|t:|1750801696
|move|p1b: Suicune|Helping Hand|p1a: Ogerpon
|-singleturn|p1a: Ogerpon|Helping Hand|[of] p1b: Suicune
|move|p2b: Ursaluna|Headlong Rush|p1a: Ogerpon
|-damage|p1a: Ogerpon|0 fnt
|-unboost|p2b: Ursaluna|def|1
|-unboost|p2b: Ursaluna|spd|1
|faint|p1a: Ogerpon
|move|p2a: Dialga|Draco Meteor|p1b: Suicune|[miss]
|-miss|p2a: Dialga|p1b: Suicune
|
|-damage|p2b: Ursaluna|35/100 brn|[from] brn
|-fieldend|move: Trick Room
|upkeep
|
|t:|1750801707
|switch|p1a: Rayquaza|Rayquaza, L50, tera:Normal|87/100
|-ability|p1a: Rayquaza|Air Lock
|turn|6
|
|t:|1750801731
|switch|p2a: Farigiraf|Farigiraf, L50, F|4/100
|move|p1b: Suicune|Helping Hand|p1a: Rayquaza
|-singleturn|p1a: Rayquaza|Helping Hand|[of] p1b: Suicune
|move|p1a: Rayquaza|Outrage|p2b: Ursaluna
|-damage|p2b: Ursaluna|0 fnt
|faint|p2b: Ursaluna
|
|upkeep
|
|t:|1750801740
|switch|p2b: Dialga|Dialga-Origin, L50|93/100
|turn|7
|
|t:|1750801758
|-terastallize|p2b: Dialga|Fairy
|move|p1b: Suicune|Helping Hand|p1a: Rayquaza
|-singleturn|p1a: Rayquaza|Helping Hand|[of] p1b: Suicune
|move|p2a: Farigiraf|Helping Hand|p2b: Dialga
|-singleturn|p2b: Dialga|Helping Hand|[of] p2a: Farigiraf
|move|p1a: Rayquaza|Outrage|p2a: Farigiraf|[from] lockedmove
|-damage|p2a: Farigiraf|0 fnt
|faint|p2a: Farigiraf
|move|p2b: Dialga|Flash Cannon|p1a: Rayquaza
|-damage|p1a: Rayquaza|8/100
|
|upkeep
|c|☆Godme7o_Anthony|ggz
|c|☆TotallyNotAutistic|ggs wp
|
|t:|1750801769
|switch|p2a: Iron Hands|Iron Hands, L50|100/100
|turn|8
|
|t:|1750801776
|move|p2a: Iron Hands|Fake Out|p1a: Rayquaza
|-damage|p1a: Rayquaza|0 fnt
|faint|p1a: Rayquaza
|move|p1b: Suicune|Scald|p2b: Dialga
|-damage|p2b: Dialga|61/100
|move|p2b: Dialga|Draco Meteor|p1b: Suicune
|-damage|p1b: Suicune|0 fnt
|-unboost|p2b: Dialga|spa|2
|faint|p1b: Suicune
|
|win|TotallyNotAutistic
|raw|Godme7o_Anthony's rating: 1136 &rarr; <strong>1117</strong><br />(-19 for losing)
|raw|TotallyNotAutistic's rating: 1217 &rarr; <strong>1236</strong><br />(+19 for winning)
|c|☆Godme7o_Anthony|til we meet again autist
|l|☆Godme7o_Anthony
|player|p1|
