|j|☆JD Pope
|j|☆callmelexi
|t:|1750862046
|gametype|doubles
|player|p1|JD Pope|hiker-gen4|1520
|player|p2|callmelexi|1|1465
|teamsize|p1|6
|teamsize|p2|6
|gen|9
|tier|[Gen 9] VGC 2025 Reg I
|rated|
|rule|Species Clause: Limit one of each Pokémon
|rule|Item Clause: Limit 1 of each item
|clearpoke
|poke|p1|Urshifu-*, L50, M|
|poke|p1|Tornadus, L50, M|
|poke|p1|Archaludon, L50, M|
|poke|p1|Kyogre, L50|
|poke|p1|Zacian-*, L50|
|poke|p1|Rillaboom, L50, F|
|poke|p2|Koraidon, L50|
|poke|p2|Calyrex-Shadow, L50|
|poke|p2|Weezing-Galar, L50, F|
|poke|p2|Shiftry, L50, M|
|poke|p2|Incineroar, L50, F|
|poke|p2|Raging Bolt, L50|
|teampreview|4
|inactive|Battle timer is ON: inactive players will automatically lose when time's up. (requested by callmelexi)
|inactive|JD Pope has 60 seconds left.
|inactive|JD Pope has 30 seconds left.
|
|t:|1750862115
|start
|switch|p1a: Archaludon|Archaludon, L50, M|100/100
|switch|p1b: Tornadus|Tornadus, L50, M|100/100
|switch|p2a: Weezing|Weezing-Galar, L50, F|100/100
|switch|p2b: Raging Bolt|Raging Bolt, L50|100/100
|-ability|p2a: Weezing|Neutralizing Gas
|turn|1
|inactive|callmelexi has 30 seconds left.
|
|t:|1750862143
|-terastallize|p1b: Tornadus|Dark
|move|p2a: Weezing|Protect|p2a: Weezing
|-singleturn|p2a: Weezing|Protect
|move|p1b: Tornadus|Rain Dance|p1b: Tornadus
|-weather|RainDance
|move|p1a: Archaludon|Electro Shot||[still]
|-prepare|p1a: Archaludon|Electro Shot
|-boost|p1a: Archaludon|spa|1
|-anim|p1a: Archaludon|Electro Shot|p2a: Weezing
|-activate|p2a: Weezing|move: Protect
|move|p2b: Raging Bolt|Thunderbolt|p1b: Tornadus
|-damage|p1b: Tornadus|42/100
|
|-weather|RainDance|[upkeep]
|upkeep
|turn|2
|inactive|JD Pope has 30 seconds left.
|inactive|callmelexi has 30 seconds left.
|inactive|JD Pope has 20 seconds left.
|inactive|callmelexi has 20 seconds left.
|
|t:|1750862179
|switch|p1b: Zacian|Zacian-Crowned, L50|100/100
|-end|p2a: Weezing|ability: Neutralizing Gas
|-ability|p1b: Zacian|Intrepid Sword|boost
|-boost|p1b: Zacian|atk|1
|switch|p2a: Koraidon|Koraidon, L50|100/100
|-weather|SunnyDay|[from] ability: Orichalcum Pulse|[of] p2a: Koraidon
|-activate|p2b: Raging Bolt|ability: Protosynthesis
|-start|p2b: Raging Bolt|protosynthesisspa
|-activate|p2a: Koraidon|Orichalcum Pulse|[source]
|move|p1a: Archaludon|Draco Meteor|p2b: Raging Bolt
|-supereffective|p2b: Raging Bolt
|-damage|p2b: Raging Bolt|2/100
|-unboost|p1a: Archaludon|spa|2
|move|p2b: Raging Bolt|Thunderbolt|p1b: Zacian
|-damage|p1b: Zacian|36/100
|
|-weather|SunnyDay|[upkeep]
|upkeep
|turn|3
|inactive|JD Pope has 30 seconds left.
|
|t:|1750862212
|move|p1b: Zacian|Protect|p1b: Zacian
|-singleturn|p1b: Zacian|Protect
|move|p2b: Raging Bolt|Thunderclap||[still]
|-fail|p2b: Raging Bolt
|move|p2a: Koraidon|Collision Course|p1a: Archaludon
|-supereffective|p1a: Archaludon
|-damage|p1a: Archaludon|0 fnt
|faint|p1a: Archaludon
|
|-weather|SunnyDay|[upkeep]
|upkeep
|
|t:|1750862226
|switch|p1a: Tornadus|Tornadus, L50, M, tera:Dark|42/100
|turn|4
|
|t:|1750862244
|switch|p1b: Kyogre|Kyogre, L50|100/100
|-weather|RainDance|[from] ability: Drizzle|[of] p1b: Kyogre
|-end|p2b: Raging Bolt|Protosynthesis
|-end|p2b: Raging Bolt|Protosynthesis|[silent]
|switch|p2b: Weezing|Weezing-Galar, L50, F|100/100
|-ability|p2b: Weezing|Neutralizing Gas
|-block|p2a: Koraidon|item: Ability Shield
|-terastallize|p2a: Koraidon|Fire
|move|p2a: Koraidon|Collision Course|p1a: Tornadus
|-supereffective|p1a: Tornadus
|-damage|p1a: Tornadus|0 fnt
|faint|p1a: Tornadus
|
|-weather|RainDance|[upkeep]
|upkeep
|
|t:|1750862255
|switch|p1a: Zacian|Zacian-Crowned, L50|36/100
|turn|5
|
|t:|1750862271
|move|p2a: Koraidon|Protect|p2a: Koraidon
|-singleturn|p2a: Koraidon|Protect
|move|p1a: Zacian|Behemoth Blade|p2b: Weezing
|-supereffective|p2b: Weezing
|-damage|p2b: Weezing|5/100
|move|p1b: Kyogre|Origin Pulse|p2a: Koraidon|[spread] p2b
|-activate|p2a: Koraidon|move: Protect
|-damage|p2b: Weezing|0 fnt
|faint|p2b: Weezing
|-end|p2b: Weezing|ability: Neutralizing Gas
|
|-weather|RainDance|[upkeep]
|upkeep
|
|t:|1750862280
|switch|p2b: Calyrex|Calyrex-Shadow, L50|100/100
|-ability|p2b: Calyrex|As One
|-ability|p2b: Calyrex|Unnerve
|turn|6
|
|t:|1750862290
|move|p1a: Zacian|Protect|p1a: Zacian
|-singleturn|p1a: Zacian|Protect
|move|p2b: Calyrex|Astral Barrage|p1a: Zacian|[spread] p1b
|-activate|p1a: Zacian|move: Protect
|-damage|p1b: Kyogre|45/100
|-damage|p2b: Calyrex|91/100|[from] item: Life Orb
|move|p2a: Koraidon|Collision Course|p1b: Kyogre
|-damage|p1b: Kyogre|0 fnt
|faint|p1b: Kyogre
|
|-weather|RainDance|[upkeep]
|upkeep
|turn|7
|-message|JD Pope forfeited.
|
|win|callmelexi
|raw|JD Pope's rating: 1520 &rarr; <strong>1497</strong><br />(-23 for losing)
|raw|callmelexi's rating: 1465 &rarr; <strong>1488</strong><br />(+23 for winning)
|l|☆JD Pope
|player|p1|
|l|☆callmelexi
|player|p2|
