|j|☆NathanaelW19
|j|☆fuashy
|t:|1750882783
|gametype|doubles
|player|p1|NathanaelW19|scientist|1198
|player|p2|fuashy|iris-gen5bw2|1258
|teamsize|p1|6
|teamsize|p2|6
|gen|9
|tier|[Gen 9] VGC 2025 Reg I
|rated|
|rule|Species Clause: Limit one of each Pokémon
|rule|Item Clause: Limit 1 of each item
|clearpoke
|poke|p1|Calyrex-Shadow, L50|
|poke|p1|Ogerpon-Cornerstone, L50, F|
|poke|p1|Rillaboom, L50, M|
|poke|p1|Incineroar, L50, F|
|poke|p1|Farigiraf, L50, M|
|poke|p1|Zamazenta-*, L50|
|poke|p2|Zacian-*, L50|
|poke|p2|Kyogre, L50|
|poke|p2|Amoonguss, L50, F|
|poke|p2|Landorus, L50, M|
|poke|p2|Iron Hands, L50|
|poke|p2|Urshifu-*, L50, M|
|teampreview|4
|inactive|Battle timer is ON: inactive players will automatically lose when time's up. (requested by fuashy)
|inactive|NathanaelW19 also wants the timer to be on.
|
|t:|1750882812
|start
|switch|p1a: Calyrex|Calyrex-Shadow, L50|100/100
|switch|p1b: Ogerpon|Ogerpon-Cornerstone, L50, F|100/100
|switch|p2a: Zacian|Zacian-Crowned, L50|100/100
|switch|p2b: Kyogre|Kyogre, L50|100/100
|-ability|p1a: Calyrex|As One
|-ability|p1a: Calyrex|Unnerve
|-weather|RainDance|[from] ability: Drizzle|[of] p2b: Kyogre
|-ability|p2a: Zacian|Intrepid Sword|boost
|-boost|p2a: Zacian|atk|1
|turn|1
|
|t:|1750882824
|-terastallize|p1a: Calyrex|Grass
|move|p1b: Ogerpon|Follow Me|p1b: Ogerpon
|-singleturn|p1b: Ogerpon|move: Follow Me
|move|p1a: Calyrex|Nasty Plot|p1a: Calyrex
|-boost|p1a: Calyrex|spa|2
|move|p2b: Kyogre|Water Spout|p1a: Calyrex|[spread] p1a,p1b
|-resisted|p1a: Calyrex
|-damage|p1a: Calyrex|46/100
|-ability|p1b: Ogerpon|Sturdy
|-damage|p1b: Ogerpon|1/100
|move|p2a: Zacian|Substitute|p2a: Zacian
|-start|p2a: Zacian|Substitute
|-damage|p2a: Zacian|75/100
|
|-weather|RainDance|[upkeep]
|upkeep
|turn|2
|
|t:|1750882845
|switch|p2b: Amoonguss|Amoonguss, L50, F|100/100
|move|p1b: Ogerpon|Follow Me|p1b: Ogerpon
|-singleturn|p1b: Ogerpon|move: Follow Me
|move|p1a: Calyrex|Giga Drain|p2b: Amoonguss
|-resisted|p2b: Amoonguss
|-damage|p2b: Amoonguss|83/100
|-heal|p1a: Calyrex|57/100|[from] drain|[of] p2b: Amoonguss
|move|p2a: Zacian|Play Rough|p1b: Ogerpon
|-crit|p1b: Ogerpon
|-damage|p1b: Ogerpon|0 fnt
|faint|p1b: Ogerpon
|
|-weather|RainDance|[upkeep]
|upkeep
|
|t:|1750882852
|switch|p1b: Incineroar|Incineroar, L50, F|100/100
|-ability|p1b: Incineroar|Intimidate|boost
|-immune|p2a: Zacian
|-unboost|p2b: Amoonguss|atk|1
|turn|3
|
|t:|1750882864
|move|p1b: Incineroar|Fake Out|p2a: Zacian
|-resisted|p2a: Zacian
|-activate|p2a: Zacian|move: Substitute|[damage]
|move|p1a: Calyrex|Astral Barrage|p2b: Amoonguss|[spread] p2a,p2b
|-end|p2a: Zacian|Substitute
|-damage|p2b: Amoonguss|10/100
|move|p2a: Zacian|Behemoth Blade|p1a: Calyrex
|-damage|p1a: Calyrex|0 fnt
|faint|p1a: Calyrex
|move|p2b: Amoonguss|Pollen Puff|p1b: Incineroar
|-damage|p1b: Incineroar|86/100
|
|-weather|RainDance|[upkeep]
|upkeep
|
|t:|1750882870
|switch|p1a: Rillaboom|Rillaboom, L50, M, shiny|100/100
|-fieldstart|move: Grassy Terrain|[from] ability: Grassy Surge|[of] p1a: Rillaboom
|turn|4
|
|t:|1750882889
|switch|p2b: Landorus|Landorus, L50, M|100/100
|move|p1a: Rillaboom|Fake Out|p2a: Zacian
|-resisted|p2a: Zacian
|-damage|p2a: Zacian|70/100
|cant|p2a: Zacian|flinch
|move|p1b: Incineroar|Flare Blitz|p2a: Zacian
|-supereffective|p2a: Zacian
|-damage|p2a: Zacian|30/100
|-status|p2a: Zacian|brn
|-damage|p1b: Incineroar|74/100|[from] Recoil
|
|-weather|RainDance|[upkeep]
|-heal|p2a: Zacian|36/100 brn|[from] Grassy Terrain
|-heal|p1b: Incineroar|80/100|[from] Grassy Terrain
|-damage|p2a: Zacian|30/100 brn|[from] brn
|upkeep
|turn|5
|
|t:|1750882905
|move|p1a: Rillaboom|Grassy Glide|p2b: Landorus
|-damage|p2b: Landorus|61/100
|move|p2a: Zacian|Play Rough|p1a: Rillaboom
|-damage|p1a: Rillaboom|69/100
|move|p2b: Landorus|Sludge Bomb|p1a: Rillaboom
|-supereffective|p1a: Rillaboom
|-damage|p1a: Rillaboom|1/100
|move|p1b: Incineroar|Knock Off|p2b: Landorus
|-damage|p2b: Landorus|19/100
|-enditem|p2b: Landorus|Life Orb|[from] move: Knock Off|[of] p1b: Incineroar
|
|-weather|none
|-heal|p2a: Zacian|36/100 brn|[from] Grassy Terrain
|-heal|p1a: Rillaboom|7/100|[from] Grassy Terrain
|-heal|p1b: Incineroar|86/100|[from] Grassy Terrain
|-damage|p2a: Zacian|30/100 brn|[from] brn
|upkeep
|turn|6
|inactive|NathanaelW19 has 30 seconds left.
|
|t:|1750882932
|move|p2b: Landorus|Protect|p2b: Landorus
|-singleturn|p2b: Landorus|Protect
|move|p1a: Rillaboom|Grassy Glide|p2b: Landorus
|-activate|p2b: Landorus|move: Protect
|move|p2a: Zacian|Play Rough|p1a: Rillaboom|[miss]
|-miss|p2a: Zacian|p1a: Rillaboom
|move|p1b: Incineroar|Flare Blitz|p2a: Zacian
|-supereffective|p2a: Zacian
|-damage|p2a: Zacian|0 fnt
|faint|p2a: Zacian
|-damage|p1b: Incineroar|78/100|[from] Recoil
|
|-heal|p1a: Rillaboom|13/100|[from] Grassy Terrain
|-heal|p1b: Incineroar|84/100|[from] Grassy Terrain
|upkeep
|
|t:|1750882946
|switch|p2a: Amoonguss|Amoonguss, L50, F|43/100
|turn|7
|
|t:|1750882956
|move|p1a: Rillaboom|Grassy Glide|p2b: Landorus
|-damage|p2b: Landorus|0 fnt
|faint|p2b: Landorus
|move|p1b: Incineroar|Flare Blitz|p2a: Amoonguss
|-supereffective|p2a: Amoonguss
|-damage|p2a: Amoonguss|0 fnt
|-damage|p1b: Incineroar|67/100|[from] item: Rocky Helmet|[of] p2a: Amoonguss
|faint|p2a: Amoonguss
|-damage|p1b: Incineroar|52/100|[from] Recoil
|
|-heal|p1a: Rillaboom|19/100|[from] Grassy Terrain
|-heal|p1b: Incineroar|58/100|[from] Grassy Terrain
|upkeep
|
|t:|1750882962
|switch|p2b: Kyogre|Kyogre, L50|100/100
|-weather|RainDance|[from] ability: Drizzle|[of] p2b: Kyogre
|turn|8
|
|t:|1750882978
|-terastallize|p2b: Kyogre|Grass
|move|p1a: Rillaboom|Grassy Glide|p2b: Kyogre
|-resisted|p2b: Kyogre
|-damage|p2b: Kyogre|79/100
|move|p2b: Kyogre|Water Spout|p1a: Rillaboom|[spread] p1a,p1b
|-resisted|p1a: Rillaboom
|-crit|p1a: Rillaboom
|-supereffective|p1b: Incineroar
|-damage|p1a: Rillaboom|0 fnt
|-damage|p1b: Incineroar|0 fnt
|faint|p1a: Rillaboom
|faint|p1b: Incineroar
|
|win|fuashy
|raw|NathanaelW19's rating: 1198 &rarr; <strong>1177</strong><br />(-21 for losing)
|raw|fuashy's rating: 1258 &rarr; <strong>1279</strong><br />(+21 for winning)
|c|☆NathanaelW19|gg
|c|☆fuashy|gg
|l|☆fuashy
|player|p2|
