|j|☆Highlow07
|j|☆yolojochem
|t:|1750843413
|gametype|doubles
|player|p1|Highlow07|dawn|1113
|player|p2|yolojochem|ltsurge|1179
|teamsize|p1|6
|teamsize|p2|6
|gen|9
|tier|[Gen 9] VGC 2025 Reg I
|rated|
|rule|Species Clause: Limit one of each Pokémon
|rule|Item Clause: Limit 1 of each item
|clearpoke
|poke|p1|Terapagos, L50, M|
|poke|p1|Spiritomb, L50, M|
|poke|p1|Incineroar, L50, F|
|poke|p1|Ogerpon-Wellspring, L50, F|
|poke|p1|Calyrex-Shadow, L50|
|poke|p1|Ting-Lu, L50|
|poke|p2|Kyogre, L50|
|poke|p2|Lunala, L50|
|poke|p2|Incineroar, L50, M|
|poke|p2|Indeedee-F, L50, F|
|poke|p2|Ursaluna, L50, M|
|poke|p2|Urshifu-*, L50, M|
|teampreview|4
|inactive|Battle timer is ON: inactive players will automatically lose when time's up. (requested by Highlow07)
|
|t:|1750843450
|start
|switch|p1a: Terapagos|Terapagos, L50, M|100/100
|switch|p1b: Spiritomb|Spiritomb, L50, M|100/100
|switch|p2a: Kyogre|Kyogre, L50|100/100
|switch|p2b: Incineroar|Incineroar, L50, M|100/100
|-activate|p1a: Terapagos|ability: Tera Shift
|detailschange|p1a: Terapagos|Terapagos-Terastal, L50, M
|-heal|p1a: Terapagos|100/100|[silent]
|-weather|RainDance|[from] ability: Drizzle|[of] p2a: Kyogre
|-ability|p2b: Incineroar|Intimidate|boost
|-fail|p1a: Terapagos|unboost|[from] item: Clear Amulet|[of] p1a: Terapagos
|-unboost|p1b: Spiritomb|atk|1
|-ability|p1b: Spiritomb|Pressure
|turn|1
|inactive|yolojochem has 30 seconds left.
|
|t:|1750843478
|move|p1a: Terapagos|Protect|p1a: Terapagos
|-singleturn|p1a: Terapagos|Protect
|move|p2b: Incineroar|Fake Out|p1a: Terapagos
|-activate|p1a: Terapagos|move: Protect
|move|p2a: Kyogre|Origin Pulse|p1a: Terapagos|[spread] p1b
|-activate|p1a: Terapagos|move: Protect
|-damage|p1b: Spiritomb|21/100
|-enditem|p1b: Spiritomb|Sitrus Berry|[eat]
|-heal|p1b: Spiritomb|45/100|[from] item: Sitrus Berry
|move|p1b: Spiritomb|Trick Room|p1b: Spiritomb
|-fieldstart|move: Trick Room|[of] p1b: Spiritomb
|
|-weather|RainDance|[upkeep]
|upkeep
|turn|2
|inactive|yolojochem has 30 seconds left.
|
|t:|1750843510
|move|p2a: Kyogre|Protect|p2a: Kyogre
|-singleturn|p2a: Kyogre|Protect
|move|p1b: Spiritomb|Snarl|p2b: Incineroar|[spread] p2b
|-activate|p2a: Kyogre|move: Protect
|-resisted|p2b: Incineroar
|-damage|p2b: Incineroar|95/100
|-unboost|p2b: Incineroar|spa|1
|move|p2b: Incineroar|Knock Off|p1b: Spiritomb
|-damage|p1b: Spiritomb|19/100
|move|p1a: Terapagos|Calm Mind|p1a: Terapagos
|-boost|p1a: Terapagos|spa|1
|-boost|p1a: Terapagos|spd|1
|
|-weather|RainDance|[upkeep]
|upkeep
|turn|3
|
|t:|1750843534
|move|p1a: Terapagos|Protect|p1a: Terapagos
|-singleturn|p1a: Terapagos|Protect
|move|p1b: Spiritomb|Snarl|p2b: Incineroar|[spread] p2a,p2b
|-resisted|p2b: Incineroar
|-crit|p2b: Incineroar
|-damage|p2a: Kyogre|93/100
|-damage|p2b: Incineroar|87/100
|-unboost|p2a: Kyogre|spa|1
|-unboost|p2b: Incineroar|spa|1
|move|p2b: Incineroar|Parting Shot|p1a: Terapagos
|-activate|p1a: Terapagos|move: Protect
|move|p2a: Kyogre|Origin Pulse|p1b: Spiritomb|[spread] 
|-activate|p1a: Terapagos|move: Protect
|-miss|p2a: Kyogre|p1b: Spiritomb
|
|-weather|RainDance|[upkeep]
|upkeep
|turn|4
|inactive|yolojochem has 30 seconds left.
|
|t:|1750843560
|-terastallize|p1a: Terapagos|Stellar
|detailschange|p1a: Terapagos|Terapagos-Stellar, L50, M, tera:Stellar
|-heal|p1a: Terapagos|100/100|[silent]
|-ability|p1a: Terapagos|Teraform Zero
|-weather|none
|move|p1b: Spiritomb|Snarl|p2a: Kyogre|[spread] p2a,p2b
|-resisted|p2b: Incineroar
|-damage|p2a: Kyogre|84/100
|-damage|p2b: Incineroar|82/100
|-unboost|p2a: Kyogre|spa|1
|-unboost|p2b: Incineroar|spa|1
|move|p2b: Incineroar|Parting Shot|p1a: Terapagos
|-fail|p1a: Terapagos|unboost|[from] item: Clear Amulet|[of] p1a: Terapagos
|move|p2a: Kyogre|Origin Pulse|p1b: Spiritomb|[spread] p1a
|-miss|p2a: Kyogre|p1b: Spiritomb
|-damage|p1a: Terapagos|89/100
|move|p1a: Terapagos|Tera Starstorm|p2b: Incineroar|[spread] p2a,p2b
|-damage|p2a: Kyogre|45/100
|-damage|p2b: Incineroar|38/100
|
|upkeep
|turn|5
|inactive|yolojochem has 30 seconds left.
|inactive|yolojochem has 20 seconds left.
|inactive|yolojochem has 15 seconds left.
|inactive|yolojochem has 10 seconds left.
|inactive|yolojochem has 5 seconds left.
|
|t:|1750843611
|move|p1b: Spiritomb|Snarl|p2b: Incineroar|[spread] p2a,p2b
|-resisted|p2b: Incineroar
|-damage|p2a: Kyogre|37/100
|-damage|p2b: Incineroar|33/100
|-unboost|p2a: Kyogre|spa|1
|-unboost|p2b: Incineroar|spa|1
|move|p2b: Incineroar|Will-O-Wisp|p1b: Spiritomb
|-status|p1b: Spiritomb|brn
|move|p2a: Kyogre|Origin Pulse|p1a: Terapagos|[spread] p1a,p1b
|-damage|p1a: Terapagos|80/100
|-damage|p1b: Spiritomb|0 fnt
|faint|p1b: Spiritomb
|move|p1a: Terapagos|Calm Mind|p1a: Terapagos
|-boost|p1a: Terapagos|spa|1
|-boost|p1a: Terapagos|spd|1
|
|-fieldend|move: Trick Room
|upkeep
|inactive|Highlow07 has 30 seconds left.
|
|t:|1750843636
|switch|p1b: Ogerpon|Ogerpon-Wellspring, L50, F|100/100
|turn|6
|
|t:|1750843658
|switch|p2a: Lunala|Lunala, L50|100/100
|move|p1b: Ogerpon|Spiky Shield|p1b: Ogerpon
|-singleturn|p1b: Ogerpon|move: Protect
|move|p1a: Terapagos|Tera Starstorm|p2a: Lunala|[spread] p2a,p2b
|-damage|p2a: Lunala|75/100
|-damage|p2b: Incineroar|0 fnt
|faint|p2b: Incineroar
|
|upkeep
|
|t:|1750843666
|switch|p2b: Urshifu|Urshifu-Rapid-Strike, L50, M|100/100
|turn|7
|
|t:|1750843677
|move|p2a: Lunala|Wide Guard|p2a: Lunala
|-singleturn|p2a: Lunala|Wide Guard
|move|p1b: Ogerpon|Follow Me|p1b: Ogerpon
|-singleturn|p1b: Ogerpon|move: Follow Me
|move|p2b: Urshifu|Close Combat|p1b: Ogerpon
|-damage|p1b: Ogerpon|41/100
|-unboost|p2b: Urshifu|def|1
|-unboost|p2b: Urshifu|spd|1
|move|p1a: Terapagos|Stored Power|p2b: Urshifu
|-supereffective|p2b: Urshifu
|-damage|p2b: Urshifu|0 fnt
|faint|p2b: Urshifu
|
|upkeep
|
|t:|1750843690
|switch|p2b: Kyogre|Kyogre, L50|37/100
|-weather|RainDance|[from] ability: Drizzle|[of] p2b: Kyogre
|turn|8
|inactive|yolojochem has 30 seconds left.
|inactive|yolojochem has 20 seconds left.
|inactive|yolojochem has 15 seconds left.
|
|t:|1750843734
|-terastallize|p2a: Lunala|Psychic
|move|p2b: Kyogre|Protect|p2b: Kyogre
|-singleturn|p2b: Kyogre|Protect
|move|p1b: Ogerpon|Ivy Cudgel|p2a: Lunala|[anim] Ivy Cudgel Water
|-damage|p2a: Lunala|13/100
|move|p2a: Lunala|Meteor Beam||[still]
|-prepare|p2a: Lunala|Meteor Beam
|-boost|p2a: Lunala|spa|1
|-enditem|p2a: Lunala|Power Herb
|-anim|p2a: Lunala|Meteor Beam|p1a: Terapagos|[miss]
|-miss|p2a: Lunala|p1a: Terapagos
|move|p1a: Terapagos|Stored Power|p2b: Kyogre
|-activate|p2b: Kyogre|move: Protect
|
|-weather|RainDance|[upkeep]
|upkeep
|turn|9
|inactive|Highlow07 has 30 seconds left.
|inactive|yolojochem has 30 seconds left.
|
|t:|1750843762
|move|p1a: Terapagos|Protect|p1a: Terapagos
|-singleturn|p1a: Terapagos|Protect
|move|p1b: Ogerpon|Wood Hammer|p2b: Kyogre
|-supereffective|p2b: Kyogre
|-damage|p2b: Kyogre|0 fnt
|faint|p2b: Kyogre
|-damage|p1b: Ogerpon|27/100|[from] Recoil
|move|p2a: Lunala|Expanding Force|p1a: Terapagos
|-activate|p1a: Terapagos|move: Protect
|
|-weather|RainDance|[upkeep]
|upkeep
|turn|10
|-message|yolojochem forfeited.
|
|win|Highlow07
|raw|Highlow07's rating: 1113 &rarr; <strong>1143</strong><br />(+30 for winning)
|raw|yolojochem's rating: 1179 &rarr; <strong>1149</strong><br />(-30 for losing)
|l|☆yolojochem
|player|p2|
|l|☆Highlow07
|player|p1|
