|j|☆FrazzleDazzle33
|j|☆M256888
|t:|1750842182
|gametype|doubles
|player|p1|FrazzleDazzle33|266|1393
|player|p2|M256888|cyrus|1467
|teamsize|p1|6
|teamsize|p2|6
|gen|9
|tier|[Gen 9] VGC 2025 Reg I
|rated|
|rule|Species Clause: Limit one of each Pokémon
|rule|Item Clause: Limit 1 of each item
|clearpoke
|poke|p1|Calyrex-Ice, L50|
|poke|p1|Kyogre, L50|
|poke|p1|Grimmsnarl, L50, M|
|poke|p1|Landorus, L50, M|
|poke|p1|Rillaboom, L50, F|
|poke|p1|Cobalion, L50|
|poke|p2|Calyrex-Shadow, L50|
|poke|p2|Incineroar, L50, F|
|poke|p2|Rillaboom, L50, F|
|poke|p2|Urshifu-*, L50, F|
|poke|p2|Zamazenta-*, L50|
|poke|p2|Ogerpon-Hearthflame, L50, F|
|teampreview|4
|inactive|Battle timer is ON: inactive players will automatically lose when time's up. (requested by M256888)
|inactive|M256888 has 60 seconds left.
|
|t:|1750842217
|start
|switch|p1a: Grimmsnarl|Grimmsnarl, L50, M|100/100
|switch|p1b: Rillaboom|Rillaboom, L50, F|100/100
|switch|p2a: Calyrex|Calyrex-Shadow, L50|100/100
|switch|p2b: Urshifu|Urshifu-Rapid-Strike, L50, F|100/100
|-ability|p2a: Calyrex|As One
|-ability|p2a: Calyrex|Unnerve
|-fieldstart|move: Grassy Terrain|[from] ability: Grassy Surge|[of] p1b: Rillaboom
|turn|1
|inactive|FrazzleDazzle33 has 30 seconds left.
|
|t:|1750842250
|switch|p2b: Incineroar|Incineroar, L50, F, shiny|100/100
|-ability|p2b: Incineroar|Intimidate|boost
|-unboost|p1a: Grimmsnarl|atk|1
|-unboost|p1b: Rillaboom|atk|1
|-terastallize|p2a: Calyrex|Dark
|move|p1a: Grimmsnarl|Light Screen|p1a: Grimmsnarl
|-sidestart|p1: FrazzleDazzle33|move: Light Screen
|move|p2a: Calyrex|Nasty Plot|p2a: Calyrex
|-boost|p2a: Calyrex|spa|2
|move|p1b: Rillaboom|Drum Beating|p2a: Calyrex
|-damage|p2a: Calyrex|55/100
|-unboost|p2a: Calyrex|spe|1
|
|-heal|p2a: Calyrex|61/100|[from] Grassy Terrain
|upkeep
|turn|2
|inactive|M256888 has 30 seconds left.
|
|t:|1750842283
|move|p2b: Incineroar|Fake Out|p1a: Grimmsnarl
|-damage|p1a: Grimmsnarl|89/100
|move|p2a: Calyrex|Astral Barrage|p1b: Rillaboom|[spread] p1a,p1b
|-resisted|p1a: Grimmsnarl
|-damage|p1a: Grimmsnarl|46/100
|-damage|p1b: Rillaboom|25/100
|-damage|p2a: Calyrex|52/100|[from] item: Life Orb
|move|p1b: Rillaboom|U-turn|p2a: Calyrex
|-supereffective|p2a: Calyrex
|-damage|p2a: Calyrex|9/100
|
|t:|1750842295
|switch|p1b: Kyogre|Kyogre, L50|100/100|[from] U-turn
|-weather|RainDance|[from] ability: Drizzle|[of] p1b: Kyogre
|cant|p1a: Grimmsnarl|flinch
|
|-weather|RainDance|[upkeep]
|-heal|p2a: Calyrex|16/100|[from] Grassy Terrain
|-heal|p1a: Grimmsnarl|52/100|[from] Grassy Terrain
|upkeep
|turn|3
|
|t:|1750842312
|move|p2b: Incineroar|Helping Hand|p2a: Calyrex
|-singleturn|p2a: Calyrex|Helping Hand|[of] p2b: Incineroar
|move|p2a: Calyrex|Astral Barrage|p1a: Grimmsnarl|[spread] p1a,p1b
|-resisted|p1a: Grimmsnarl
|-damage|p1a: Grimmsnarl|0 fnt
|-damage|p1b: Kyogre|14/100
|faint|p1a: Grimmsnarl
|-ability|p2a: Calyrex|Grim Neigh|boost
|-boost|p2a: Calyrex|spa|1
|-damage|p2a: Calyrex|6/100|[from] item: Life Orb
|move|p1b: Kyogre|Origin Pulse|p2a: Calyrex|[spread] p2a
|-miss|p1b: Kyogre|p2b: Incineroar
|-damage|p2a: Calyrex|0 fnt
|faint|p2a: Calyrex
|
|-weather|RainDance|[upkeep]
|-heal|p1b: Kyogre|20/100|[from] Grassy Terrain
|upkeep
|
|t:|1750842333
|switch|p2a: Zamazenta|Zamazenta-Crowned, L50, shiny|100/100
|switch|p1a: Rillaboom|Rillaboom, L50, F|25/100
|-ability|p2a: Zamazenta|Dauntless Shield|boost
|-boost|p2a: Zamazenta|def|1
|turn|4
|
|t:|1750842355
|switch|p2b: Urshifu|Urshifu-Rapid-Strike, L50, F|100/100
|move|p1a: Rillaboom|Fake Out|p2a: Zamazenta
|-resisted|p2a: Zamazenta
|-damage|p2a: Zamazenta|98/100
|cant|p2a: Zamazenta|flinch
|move|p1b: Kyogre|Origin Pulse|p2b: Urshifu|[spread] p2a,p2b
|-resisted|p2b: Urshifu
|-damage|p2a: Zamazenta|42/100
|-damage|p2b: Urshifu|39/100
|
|-weather|RainDance|[upkeep]
|-heal|p2b: Urshifu|45/100|[from] Grassy Terrain
|-heal|p2a: Zamazenta|48/100|[from] Grassy Terrain
|-heal|p1a: Rillaboom|32/100|[from] Grassy Terrain
|-heal|p1b: Kyogre|26/100|[from] Grassy Terrain
|upkeep
|turn|5
|inactive|FrazzleDazzle33 has 30 seconds left.
|
|t:|1750842385
|switch|p2b: Incineroar|Incineroar, L50, F, shiny|100/100
|-ability|p2b: Incineroar|Intimidate|boost
|-unboost|p1a: Rillaboom|atk|1
|-unboost|p1b: Kyogre|atk|1
|move|p2a: Zamazenta|Body Press|p1b: Kyogre
|-damage|p1b: Kyogre|0 fnt
|faint|p1b: Kyogre
|move|p1a: Rillaboom|Drum Beating|p2b: Incineroar
|-resisted|p2b: Incineroar
|-damage|p2b: Incineroar|84/100
|-unboost|p2b: Incineroar|spe|1
|
|-weather|RainDance|[upkeep]
|-heal|p2a: Zamazenta|54/100|[from] Grassy Terrain
|-heal|p1a: Rillaboom|38/100|[from] Grassy Terrain
|-heal|p2b: Incineroar|90/100|[from] Grassy Terrain
|-fieldend|move: Grassy Terrain
|upkeep
|
|t:|1750842398
|switch|p1b: Cobalion|Cobalion, L50|100/100
|turn|6
|
|t:|1750842411
|-terastallize|p1b: Cobalion|Fairy
|move|p2b: Incineroar|Fake Out|p1b: Cobalion
|-damage|p1b: Cobalion|93/100
|move|p2a: Zamazenta|Body Press|p1a: Rillaboom
|-damage|p1a: Rillaboom|0 fnt
|faint|p1a: Rillaboom
|cant|p1b: Cobalion|flinch
|
|-weather|none
|-heal|p1b: Cobalion|99/100|[from] item: Leftovers
|upkeep
|turn|7
|
|t:|1750842430
|move|p2a: Zamazenta|Behemoth Bash|p1b: Cobalion
|-supereffective|p1b: Cobalion
|-damage|p1b: Cobalion|39/100
|move|p1b: Cobalion|Iron Defense|p1b: Cobalion
|-boost|p1b: Cobalion|def|2
|move|p2b: Incineroar|Parting Shot|p1b: Cobalion
|-unboost|p1b: Cobalion|atk|1
|-unboost|p1b: Cobalion|spa|1
|
|t:|1750842439
|switch|p2b: Urshifu|Urshifu-Rapid-Strike, L50, F|45/100|[from] Parting Shot
|
|-heal|p1b: Cobalion|45/100|[from] item: Leftovers
|upkeep
|turn|8
|
|t:|1750842449
|move|p2b: Urshifu|Surging Strikes|p1b: Cobalion
|-crit|p1b: Cobalion
|-damage|p1b: Cobalion|27/100
|-crit|p1b: Cobalion
|-damage|p1b: Cobalion|9/100
|-crit|p1b: Cobalion
|-damage|p1b: Cobalion|0 fnt
|faint|p1b: Cobalion
|-hitcount|p1: Cobalion|3
|
|win|M256888
|raw|FrazzleDazzle33's rating: 1393 &rarr; <strong>1377</strong><br />(-16 for losing)
|raw|M256888's rating: 1467 &rarr; <strong>1483</strong><br />(+16 for winning)
|l|☆FrazzleDazzle33
|player|p1|
|l|☆M256888
|player|p2|
