|j|☆zdedfgdfgjdg
|j|☆Scottyboi3
|t:|1750784261
|gametype|doubles
|player|p1|zdedfgdfgjdg|1|1000
|player|p2|Scottyboi3|169|1037
|teamsize|p1|6
|teamsize|p2|6
|gen|9
|tier|[Gen 9] VGC 2025 Reg I
|rated|
|rule|Species Clause: Limit one of each Pokémon
|rule|Item Clause: Limit 1 of each item
|clearpoke
|poke|p1|Lunala, L50|
|poke|p1|Indeedee-F, L50, F|
|poke|p1|Rillaboom, L50, F|
|poke|p1|Chi-Yu, L50|
|poke|p1|Calyrex-Shadow, L50|
|poke|p1|Urshifu-*, L50, F|
|poke|p2|Incineroar, L50, F|
|poke|p2|Kyogre, L50|
|poke|p2|Tornadus, L50, M|
|poke|p2|Amoonguss, L50, F|
|poke|p2|Roaring Moon, L50|
|poke|p2|Ting-Lu, L50|
|teampreview|4
|
|t:|1750784291
|start
|switch|p1a: Lunala|Lunala, L50|100/100
|switch|p1b: Rillaboom|Rillaboom, L50, F|100/100
|switch|p2a: Ting-Lu|Ting-Lu, L50|100/100
|switch|p2b: Incineroar|Incineroar, L50, F|100/100
|-fieldstart|move: Grassy Terrain|[from] ability: Grassy Surge|[of] p1b: Rillaboom
|-ability|p2b: Incineroar|Intimidate|boost
|-unboost|p1a: Lunala|atk|1
|-unboost|p1b: Rillaboom|atk|1
|-ability|p2a: Ting-Lu|Vessel of Ruin
|turn|1
|
|t:|1750784332
|switch|p1a: Urshifu|Urshifu-Rapid-Strike, L50, F|100/100
|move|p2b: Incineroar|Fake Out|p1b: Rillaboom
|-damage|p1b: Rillaboom|91/100
|cant|p1b: Rillaboom|flinch
|move|p2a: Ting-Lu|Taunt|p1a: Urshifu
|-start|p1a: Urshifu|move: Taunt
|
|-heal|p1b: Rillaboom|97/100|[from] Grassy Terrain
|upkeep
|turn|2
|
|t:|1750784356
|switch|p2b: Roaring Moon|Roaring Moon, L50|100/100
|-enditem|p2b: Roaring Moon|Booster Energy
|-activate|p2b: Roaring Moon|ability: Protosynthesis|[fromitem]
|-start|p2b: Roaring Moon|protosynthesisatk
|switch|p2a: Amoonguss|Amoonguss, L50, F|100/100
|move|p1b: Rillaboom|Grassy Glide|p2a: Amoonguss
|-resisted|p2a: Amoonguss
|-damage|p2a: Amoonguss|96/100
|-damage|p1b: Rillaboom|80/100|[from] item: Rocky Helmet|[of] p2a: Amoonguss
|move|p1a: Urshifu|Close Combat|p2a: Amoonguss
|-resisted|p2a: Amoonguss
|-damage|p2a: Amoonguss|62/100
|-unboost|p1a: Urshifu|def|1
|-unboost|p1a: Urshifu|spd|1
|-damage|p1a: Urshifu|84/100|[from] item: Rocky Helmet|[of] p2a: Amoonguss
|-damage|p1a: Urshifu|74/100|[from] item: Life Orb
|
|-heal|p1a: Urshifu|80/100|[from] Grassy Terrain
|-heal|p1b: Rillaboom|86/100|[from] Grassy Terrain
|-heal|p2a: Amoonguss|68/100|[from] Grassy Terrain
|upkeep
|turn|3
|
|t:|1750784398
|-terastallize|p2b: Roaring Moon|Flying
|move|p1a: Urshifu|Aqua Jet|p2b: Roaring Moon
|-damage|p2b: Roaring Moon|62/100
|-damage|p1a: Urshifu|70/100|[from] item: Life Orb
|move|p2b: Roaring Moon|Acrobatics|p1a: Urshifu
|-supereffective|p1a: Urshifu
|-damage|p1a: Urshifu|0 fnt
|faint|p1a: Urshifu
|move|p1b: Rillaboom|U-turn|p2a: Amoonguss
|-damage|p2a: Amoonguss|55/100
|-damage|p1b: Rillaboom|70/100|[from] item: Rocky Helmet|[of] p2a: Amoonguss
|
|t:|1750784410
|switch|p1b: Calyrex|Calyrex-Shadow, L50|100/100|[from] U-turn
|-ability|p1b: Calyrex|As One
|-ability|p1b: Calyrex|Unnerve
|move|p2a: Amoonguss|Spore|p1b: Calyrex
|-status|p1b: Calyrex|slp|[from] move: Spore
|
|-heal|p2a: Amoonguss|61/100|[from] Grassy Terrain
|upkeep
|
|t:|1750784420
|switch|p1a: Lunala|Lunala, L50|100/100
|turn|4
|
|t:|1750784435
|cant|p1b: Calyrex|slp
|move|p1a: Lunala|Wide Guard|p1a: Lunala
|-singleturn|p1a: Lunala|Wide Guard
|move|p2b: Roaring Moon|Acrobatics|p1b: Calyrex
|-damage|p1b: Calyrex|3/100 slp
|move|p2a: Amoonguss|Spore|p1a: Lunala
|-status|p1a: Lunala|slp|[from] move: Spore
|
|-heal|p1b: Calyrex|9/100 slp|[from] Grassy Terrain
|-heal|p2a: Amoonguss|67/100|[from] Grassy Terrain
|upkeep
|turn|5
|
|t:|1750784462
|switch|p2a: Ting-Lu|Ting-Lu, L50|100/100
|-ability|p2a: Ting-Lu|Vessel of Ruin
|-terastallize|p1b: Calyrex|Fairy
|-curestatus|p1b: Calyrex|slp|[msg]
|move|p1b: Calyrex|Draining Kiss|p2b: Roaring Moon
|-damage|p2b: Roaring Moon|33/100
|-heal|p1b: Calyrex|31/100|[from] drain|[of] p2b: Roaring Moon
|move|p2b: Roaring Moon|Crunch|p1b: Calyrex
|-resisted|p1b: Calyrex
|-damage|p1b: Calyrex|0 fnt
|faint|p1b: Calyrex
|cant|p1a: Lunala|slp
|
|-fieldend|move: Grassy Terrain
|upkeep
|
|t:|1750784479
|switch|p1b: Rillaboom|Rillaboom, L50, F|70/100
|-fieldstart|move: Grassy Terrain|[from] ability: Grassy Surge|[of] p1b: Rillaboom
|turn|6
|
|t:|1750784499
|-end|p2b: Roaring Moon|Protosynthesis|[silent]
|switch|p2b: Incineroar|Incineroar, L50, F|100/100
|-ability|p2b: Incineroar|Intimidate|boost
|-unboost|p1a: Lunala|atk|1
|-unboost|p1b: Rillaboom|atk|1
|switch|p2a: Amoonguss|Amoonguss, L50, F|99/100
|move|p1b: Rillaboom|Grassy Glide|p2a: Amoonguss
|-resisted|p2a: Amoonguss
|-damage|p2a: Amoonguss|95/100
|-damage|p1b: Rillaboom|53/100|[from] item: Rocky Helmet|[of] p2a: Amoonguss
|cant|p1a: Lunala|slp
|
|-heal|p1b: Rillaboom|59/100|[from] Grassy Terrain
|-heal|p2a: Amoonguss|100/100|[from] Grassy Terrain
|upkeep
|turn|7
|-message|zdedfgdfgjdg forfeited.
|
|win|Scottyboi3
|raw|zdedfgdfgjdg's rating: 1000 &rarr; <strong>1000</strong><br />(+0 for losing)
|raw|Scottyboi3's rating: 1037 &rarr; <strong>1068</strong><br />(+31 for winning)
|l|☆zdedfgdfgjdg
|player|p1|
