|j|☆Okami_6
|j|☆thehonoredone75
|t:|1750810181
|gametype|doubles
|player|p1|Okami_6|perrin|1336
|player|p2|thehonoredone75|2|1288
|teamsize|p1|6
|teamsize|p2|6
|gen|9
|tier|[Gen 9] VGC 2025 Reg I
|rated|
|rule|Species Clause: Limit one of each Pokémon
|rule|Item Clause: Limit 1 of each item
|clearpoke
|poke|p1|Ogerpon-Cornerstone, L50, F|
|poke|p1|Miraidon, L50|
|poke|p1|Iron Hands, L50|
|poke|p1|Whimsicott, L50, F|
|poke|p1|Farigiraf, L50, M|
|poke|p1|Calyrex-Ice, L50|
|poke|p2|Zamazenta-*, L50|
|poke|p2|Kyogre, L50|
|poke|p2|Chien-Pao, L50|
|poke|p2|Farigiraf, L50, F|
|poke|p2|Rillaboom, L50, F|
|poke|p2|Talonflame, L50, M|
|teampreview|4
|inactive|Battle timer is ON: inactive players will automatically lose when time's up. (requested by thehonoredone75)
|inactive|thehonoredone75 has 60 seconds left.
|inactive|thehonoredone75 has 30 seconds left.
|
|t:|1750810247
|start
|switch|p1a: Whimsicott|Whimsicott, L50, F|100/100
|switch|p1b: Miraidon|Miraidon, L50|100/100
|switch|p2a: Zamazenta|Zamazenta-Crowned, L50|100/100
|switch|p2b: Rillaboom|Rillaboom, L50, F|100/100
|-fieldstart|move: Electric Terrain|[from] ability: Hadron Engine|[of] p1b: Miraidon
|-ability|p2a: Zamazenta|Dauntless Shield|boost
|-boost|p2a: Zamazenta|def|1
|-fieldstart|move: Grassy Terrain|[from] ability: Grassy Surge|[of] p2b: Rillaboom
|turn|1
|
|t:|1750810269
|switch|p1a: Farigiraf|Farigiraf, L50, M|100/100
|switch|p2b: Chien-Pao|Chien-Pao, L50|100/100
|-ability|p2b: Chien-Pao|Sword of Ruin
|move|p1b: Miraidon|Volt Switch|p2b: Chien-Pao
|-damage|p2b: Chien-Pao|13/100
|
|t:|1750810278
|switch|p1b: Whimsicott|Whimsicott, L50, F|100/100|[from] Volt Switch
|move|p2a: Zamazenta|Body Press|p1b: Whimsicott
|-resisted|p1b: Whimsicott
|-damage|p1b: Whimsicott|41/100
|
|-heal|p2b: Chien-Pao|19/100|[from] Grassy Terrain
|-heal|p1b: Whimsicott|47/100|[from] Grassy Terrain
|upkeep
|turn|2
|
|t:|1750810287
|switch|p1b: Miraidon|Miraidon, L50|100/100
|-fieldstart|move: Electric Terrain|[from] ability: Hadron Engine|[of] p1b: Miraidon
|-enditem|p1a: Farigiraf|Electric Seed
|-boost|p1a: Farigiraf|def|1|[from] item: Electric Seed
|move|p2b: Chien-Pao|Throat Chop|p1a: Farigiraf
|-supereffective|p1a: Farigiraf
|-damage|p1a: Farigiraf|44/100
|-start|p1a: Farigiraf|Throat Chop|[silent]
|move|p2a: Zamazenta|Body Press|p1b: Miraidon
|-damage|p1b: Miraidon|12/100
|move|p1a: Farigiraf|Foul Play|p2b: Chien-Pao
|-resisted|p2b: Chien-Pao
|-damage|p2b: Chien-Pao|0 fnt
|faint|p2b: Chien-Pao
|
|upkeep
|
|t:|1750810300
|switch|p2b: Rillaboom|Rillaboom, L50, F|100/100
|-fieldstart|move: Grassy Terrain|[from] ability: Grassy Surge|[of] p2b: Rillaboom
|turn|3
|
|t:|1750810308
|move|p1b: Miraidon|Volt Switch|p2b: Rillaboom
|-resisted|p2b: Rillaboom
|-damage|p2b: Rillaboom|82/100
|
|t:|1750810314
|switch|p1b: Calyrex|Calyrex-Ice, L50|100/100|[from] Volt Switch
|-ability|p1b: Calyrex|As One
|-ability|p1b: Calyrex|Unnerve
|move|p2a: Zamazenta|Body Press|p1b: Calyrex
|-damage|p1b: Calyrex|59/100
|move|p2b: Rillaboom|Wood Hammer|p1a: Farigiraf
|-damage|p1a: Farigiraf|0 fnt
|faint|p1a: Farigiraf
|-damage|p2b: Rillaboom|66/100|[from] Recoil
|
|-heal|p2b: Rillaboom|72/100|[from] Grassy Terrain
|-heal|p1b: Calyrex|65/100|[from] Grassy Terrain
|upkeep
|
|t:|1750810326
|switch|p1a: Miraidon|Miraidon, L50|12/100
|-fieldstart|move: Electric Terrain|[from] ability: Hadron Engine|[of] p1a: Miraidon
|turn|4
|
|t:|1750810346
|switch|p2b: Kyogre|Kyogre, L50|100/100
|-weather|RainDance|[from] ability: Drizzle|[of] p2b: Kyogre
|-terastallize|p2a: Zamazenta|Grass
|-terastallize|p1b: Calyrex|Fire
|move|p1a: Miraidon|Volt Switch|p2b: Kyogre
|-supereffective|p2b: Kyogre
|-damage|p2b: Kyogre|0 fnt
|faint|p2b: Kyogre
|
|t:|1750810356
|switch|p1a: Whimsicott|Whimsicott, L50, F|47/100|[from] Volt Switch
|move|p2a: Zamazenta|Body Press|p1a: Whimsicott
|-resisted|p1a: Whimsicott
|-damage|p1a: Whimsicott|6/100
|move|p1b: Calyrex|High Horsepower|p2a: Zamazenta|[miss]
|-miss|p1b: Calyrex|p2a: Zamazenta
|
|-weather|RainDance|[upkeep]
|upkeep
|
|t:|1750810365
|switch|p2b: Rillaboom|Rillaboom, L50, F|72/100
|-fieldstart|move: Grassy Terrain|[from] ability: Grassy Surge|[of] p2b: Rillaboom
|turn|5
|
|t:|1750810385
|move|p1b: Calyrex|Protect|p1b: Calyrex
|-singleturn|p1b: Calyrex|Protect
|move|p1a: Whimsicott|Tailwind|p1a: Whimsicott
|-sidestart|p1: Okami_6|move: Tailwind
|move|p2a: Zamazenta|Iron Defense|p2a: Zamazenta
|-boost|p2a: Zamazenta|def|2
|move|p2b: Rillaboom|High Horsepower|p1b: Calyrex
|-activate|p1b: Calyrex|move: Protect
|
|-weather|RainDance|[upkeep]
|-heal|p1a: Whimsicott|12/100|[from] Grassy Terrain
|-heal|p1b: Calyrex|70/100|[from] Grassy Terrain
|-heal|p2b: Rillaboom|77/100|[from] Grassy Terrain
|upkeep
|turn|6
|
|t:|1750810400
|move|p1a: Whimsicott|Encore|p2a: Zamazenta
|-start|p2a: Zamazenta|Encore
|move|p2b: Rillaboom|Grassy Glide|p1a: Whimsicott
|-resisted|p1a: Whimsicott
|-damage|p1a: Whimsicott|0 fnt
|faint|p1a: Whimsicott
|move|p2a: Zamazenta|Iron Defense|p2a: Zamazenta
|-boost|p2a: Zamazenta|def|2
|move|p1b: Calyrex|Glacial Lance|p2b: Rillaboom|[spread] p2a,p2b
|-supereffective|p2a: Zamazenta
|-supereffective|p2b: Rillaboom
|-damage|p2a: Zamazenta|79/100
|-damage|p2b: Rillaboom|0 fnt
|faint|p2b: Rillaboom
|-ability|p1b: Calyrex|Chilling Neigh|boost
|-boost|p1b: Calyrex|atk|1
|
|-weather|RainDance|[upkeep]
|-heal|p2a: Zamazenta|85/100|[from] Grassy Terrain
|-heal|p1b: Calyrex|76/100|[from] Grassy Terrain
|upkeep
|
|t:|1750810407
|switch|p1a: Miraidon|Miraidon, L50|12/100
|-fieldstart|move: Electric Terrain|[from] ability: Hadron Engine|[of] p1a: Miraidon
|turn|7
|
|t:|1750810410
|move|p1a: Miraidon|Draco Meteor|p2a: Zamazenta
|-damage|p2a: Zamazenta|0 fnt
|-unboost|p1a: Miraidon|spa|2
|faint|p2a: Zamazenta
|
|win|Okami_6
|raw|Okami_6's rating: 1336 &rarr; <strong>1353</strong><br />(+17 for winning)
|raw|thehonoredone75's rating: 1288 &rarr; <strong>1266</strong><br />(-22 for losing)
