|j|☆go0bler
|j|☆bill13
|t:|1750854327
|gametype|doubles
|player|p1|go0bler|marshal|1376
|player|p2|bill13|102|1361
|teamsize|p1|6
|teamsize|p2|6
|gen|9
|tier|[Gen 9] VGC 2025 Reg I
|rated|
|rule|Species Clause: Limit one of each Pokémon
|rule|Item Clause: Limit 1 of each item
|clearpoke
|poke|p1|Miraidon, L50|
|poke|p1|Urshifu-*, L50, F|
|poke|p1|Sinistcha, L50|
|poke|p1|Iron Treads, L50|
|poke|p1|Terapagos, L50, M|
|poke|p1|Incineroar, L50, F|
|poke|p2|Kyogre, L50|
|poke|p2|Archaludon, L50, F|
|poke|p2|Rillaboom, L50, F|
|poke|p2|Zacian-*, L50|
|poke|p2|Incineroar, L50, M|
|poke|p2|Amoonguss, L50, F|
|teampreview|4
|inactive|Battle timer is ON: inactive players will automatically lose when time's up. (requested by bill13)
|inactive|go0bler has 60 seconds left.
|
|t:|1750854362
|start
|switch|p1a: Miraidon|Miraidon, L50|100/100
|switch|p1b: Urshifu|Urshifu-Rapid-Strike, L50, F|100/100
|switch|p2a: Archaludon|Archaludon, L50, F|100/100
|switch|p2b: Incineroar|Incineroar, L50, M|100/100
|-fieldstart|move: Electric Terrain|[from] ability: Hadron Engine|[of] p1a: Miraidon
|-ability|p2b: Incineroar|Intimidate|boost
|-unboost|p1a: Miraidon|atk|1
|-unboost|p1b: Urshifu|atk|1
|turn|1
|inactive|bill13 has 30 seconds left.
|inactive|bill13 has 20 seconds left.
|inactive|bill13 has 15 seconds left.
|inactive|bill13 has 10 seconds left.
|
|t:|1750854409
|switch|p2b: Rillaboom|Rillaboom, L50, F|100/100
|-fieldstart|move: Grassy Terrain|[from] ability: Grassy Surge|[of] p2b: Rillaboom
|-enditem|p2b: Rillaboom|Grassy Seed
|-boost|p2b: Rillaboom|def|1|[from] item: Grassy Seed
|-terastallize|p1a: Miraidon|Electric
|move|p1b: Urshifu|Surging Strikes|p2b: Rillaboom
|-resisted|p2b: Rillaboom
|-crit|p2b: Rillaboom
|-damage|p2b: Rillaboom|90/100
|-resisted|p2b: Rillaboom
|-crit|p2b: Rillaboom
|-damage|p2b: Rillaboom|80/100
|-resisted|p2b: Rillaboom
|-crit|p2b: Rillaboom
|-damage|p2b: Rillaboom|71/100
|-hitcount|p2b: Rillaboom|3
|move|p1a: Miraidon|Draco Meteor|p2a: Archaludon
|-damage|p2a: Archaludon|59/100
|-unboost|p1a: Miraidon|spa|2
|-ability|p2a: Archaludon|Stamina|boost
|-boost|p2a: Archaludon|def|1
|move|p2a: Archaludon|Dragon Pulse|p1a: Miraidon
|-damage|p1a: Miraidon|83/100
|
|-heal|p1a: Miraidon|89/100|[from] Grassy Terrain
|-heal|p2a: Archaludon|65/100|[from] Grassy Terrain
|-heal|p2b: Rillaboom|76/100|[from] Grassy Terrain
|upkeep
|turn|2
|inactive|go0bler has 30 seconds left.
|inactive|bill13 has 30 seconds left.
|inactive|go0bler has 20 seconds left.
|
|t:|1750854445
|switch|p1b: Sinistcha|Sinistcha, L50|100/100
|-heal|p1a: Miraidon|100/100|[from] ability: Hospitality|[of] p1b: Sinistcha
|switch|p1a: Incineroar|Incineroar, L50, F|100/100
|-ability|p1a: Incineroar|Intimidate|boost
|-unboost|p2a: Archaludon|atk|1
|-unboost|p2b: Rillaboom|atk|1
|move|p2b: Rillaboom|U-turn|p1b: Sinistcha
|-damage|p1b: Sinistcha|85/100
|
|t:|1750854464
|switch|p2b: Kyogre|Kyogre, L50|100/100|[from] U-turn
|-weather|RainDance|[from] ability: Drizzle|[of] p2b: Kyogre
|move|p2a: Archaludon|Body Press|p1b: Sinistcha
|-immune|p1b: Sinistcha
|
|-weather|RainDance|[upkeep]
|-heal|p2a: Archaludon|72/100|[from] Grassy Terrain
|-heal|p1b: Sinistcha|91/100|[from] Grassy Terrain
|upkeep
|turn|3
|inactive|go0bler has 30 seconds left.
|inactive|go0bler has 20 seconds left.
|
|t:|1750854499
|switch|p1b: Miraidon|Miraidon, L50, tera:Electric|100/100
|-fieldstart|move: Electric Terrain|[from] ability: Hadron Engine|[of] p1b: Miraidon
|switch|p1a: Urshifu|Urshifu-Rapid-Strike, L50, F|100/100
|move|p2b: Kyogre|Water Spout|p1a: Urshifu|[spread] p1a,p1b
|-resisted|p1a: Urshifu
|-damage|p1a: Urshifu|23/100
|-damage|p1b: Miraidon|45/100
|move|p2a: Archaludon|Electro Shot||[still]
|-prepare|p2a: Archaludon|Electro Shot
|-boost|p2a: Archaludon|spa|1
|-anim|p2a: Archaludon|Electro Shot|p1a: Urshifu
|-supereffective|p1a: Urshifu
|-damage|p1a: Urshifu|0 fnt
|faint|p1a: Urshifu
|
|-weather|RainDance|[upkeep]
|upkeep
|
|t:|1750854520
|switch|p1a: Sinistcha|Sinistcha, L50|91/100
|-heal|p1b: Miraidon|70/100|[from] ability: Hospitality|[of] p1a: Sinistcha
|turn|4
|
|t:|1750854538
|switch|p2b: Rillaboom|Rillaboom, L50, F|76/100
|-fieldstart|move: Grassy Terrain|[from] ability: Grassy Surge|[of] p2b: Rillaboom
|switch|p1a: Incineroar|Incineroar, L50, F|100/100
|-ability|p1a: Incineroar|Intimidate|boost
|-unboost|p2a: Archaludon|atk|1
|-unboost|p2b: Rillaboom|atk|1
|move|p1b: Miraidon|Draco Meteor|p2a: Archaludon
|-damage|p2a: Archaludon|33/100
|-unboost|p1b: Miraidon|spa|2
|-ability|p2a: Archaludon|Stamina|boost
|-boost|p2a: Archaludon|def|1
|move|p2a: Archaludon|Body Press|p1b: Miraidon
|-damage|p1b: Miraidon|32/100
|
|-weather|RainDance|[upkeep]
|-heal|p1b: Miraidon|38/100|[from] Grassy Terrain
|-heal|p2b: Rillaboom|82/100|[from] Grassy Terrain
|-heal|p2a: Archaludon|39/100|[from] Grassy Terrain
|upkeep
|turn|5
|inactive|go0bler has 30 seconds left.
|
|t:|1750854567
|switch|p1b: Sinistcha|Sinistcha, L50|91/100
|move|p2b: Rillaboom|Fake Out|p1b: Sinistcha
|-immune|p1b: Sinistcha
|move|p2a: Archaludon|Body Press|p1a: Incineroar
|-supereffective|p1a: Incineroar
|-damage|p1a: Incineroar|31/100
|-damage|p2a: Archaludon|23/100|[from] item: Rocky Helmet|[of] p1a: Incineroar
|move|p1a: Incineroar|Parting Shot|p2b: Rillaboom
|-unboost|p2b: Rillaboom|atk|1
|-unboost|p2b: Rillaboom|spa|1
|
|t:|1750854578
|switch|p1a: Miraidon|Miraidon, L50, tera:Electric|38/100|[from] Parting Shot
|-fieldstart|move: Electric Terrain|[from] ability: Hadron Engine|[of] p1a: Miraidon
|
|-weather|RainDance|[upkeep]
|upkeep
|turn|6
|
|t:|1750854592
|switch|p1b: Incineroar|Incineroar, L50, F|31/100
|-ability|p1b: Incineroar|Intimidate|boost
|-unboost|p2a: Archaludon|atk|1
|-unboost|p2b: Rillaboom|atk|1
|move|p1a: Miraidon|Volt Switch|p2a: Archaludon
|-resisted|p2a: Archaludon
|-damage|p2a: Archaludon|0 fnt
|faint|p2a: Archaludon
|
|t:|1750854600
|switch|p1a: Sinistcha|Sinistcha, L50|91/100|[from] Volt Switch
|-heal|p1b: Incineroar|56/100|[from] ability: Hospitality|[of] p1a: Sinistcha
|move|p2b: Rillaboom|Drum Beating|p1a: Sinistcha
|-resisted|p1a: Sinistcha
|-damage|p1a: Sinistcha|84/100
|-unboost|p1a: Sinistcha|spe|1
|
|-weather|none
|upkeep
|
|t:|1750854609
|switch|p2a: Kyogre|Kyogre, L50|100/100
|-weather|RainDance|[from] ability: Drizzle|[of] p2a: Kyogre
|turn|7
|
|t:|1750854622
|switch|p1a: Miraidon|Miraidon, L50, tera:Electric|38/100
|-activate|p1a: Miraidon|ability: Hadron Engine
|move|p1b: Incineroar|Fake Out|p2a: Kyogre
|-damage|p2a: Kyogre|89/100
|cant|p2a: Kyogre|flinch
|move|p2b: Rillaboom|U-turn|p1a: Miraidon
|-damage|p1a: Miraidon|29/100
|
|t:|1750854632
|switch|p2b: Incineroar|Incineroar, L50, M|100/100|[from] U-turn
|-ability|p2b: Incineroar|Intimidate|boost
|-unboost|p1a: Miraidon|atk|1
|-unboost|p1b: Incineroar|atk|1
|
|-weather|RainDance|[upkeep]
|-heal|p2a: Kyogre|95/100|[from] item: Leftovers
|upkeep
|turn|8
|
|t:|1750854648
|switch|p1b: Sinistcha|Sinistcha, L50|84/100
|-heal|p1a: Miraidon|54/100|[from] ability: Hospitality|[of] p1b: Sinistcha
|move|p2b: Incineroar|Fake Out|p1a: Miraidon
|-damage|p1a: Miraidon|44/100
|cant|p1a: Miraidon|flinch
|move|p2a: Kyogre|Water Spout|p1a: Miraidon|[spread] p1a,p1b
|-resisted|p1b: Sinistcha
|-damage|p1a: Miraidon|0 fnt
|-damage|p1b: Sinistcha|34/100
|faint|p1a: Miraidon
|
|-weather|RainDance|[upkeep]
|-heal|p2a: Kyogre|100/100|[from] item: Leftovers
|upkeep
|
|t:|1750854662
|switch|p1a: Incineroar|Incineroar, L50, F|56/100
|-ability|p1a: Incineroar|Intimidate|boost
|-unboost|p2a: Kyogre|atk|1
|-unboost|p2b: Incineroar|atk|1
|turn|9
|
|t:|1750854675
|move|p2a: Kyogre|Protect|p2a: Kyogre
|-singleturn|p2a: Kyogre|Protect
|move|p1a: Incineroar|Fake Out|p2a: Kyogre
|-activate|p2a: Kyogre|move: Protect
|move|p1b: Sinistcha|Strength Sap|p2b: Incineroar
|-unboost|p2b: Incineroar|atk|1
|-heal|p1b: Sinistcha|85/100
|move|p2b: Incineroar|Knock Off|p1b: Sinistcha
|-supereffective|p1b: Sinistcha
|-damage|p1b: Sinistcha|51/100
|-enditem|p1b: Sinistcha|Focus Sash|[from] move: Knock Off|[of] p2b: Incineroar
|
|-weather|RainDance|[upkeep]
|-fieldend|move: Electric Terrain
|upkeep
|turn|10
|inactive|go0bler has 30 seconds left.
|
|t:|1750854704
|-terastallize|p2a: Kyogre|Grass
|move|p2a: Kyogre|Water Spout|p1a: Incineroar|[spread] p1a,p1b
|-supereffective|p1a: Incineroar
|-resisted|p1b: Sinistcha
|-damage|p1a: Incineroar|0 fnt
|-damage|p1b: Sinistcha|0 fnt
|faint|p1a: Incineroar
|faint|p1b: Sinistcha
|
|win|bill13
|raw|go0bler's rating: 1376 &rarr; <strong>1355</strong><br />(-21 for losing)
|raw|bill13's rating: 1361 &rarr; <strong>1382</strong><br />(+21 for winning)
|l|☆go0bler
|player|p1|
|l|☆bill13
|player|p2|
