|j|☆ArtiboniteLadder
|j|☆Urdadddd
|t:|1750712043
|gametype|doubles
|player|p1|ArtiboniteLadder|firebreather|1524
|player|p2|Urdadddd|2|1675
|teamsize|p1|6
|teamsize|p2|6
|gen|9
|tier|[Gen 9] VGC 2025 Reg I
|rated|
|rule|Species Clause: Limit one of each Pokémon
|rule|Item Clause: Limit 1 of each item
|clearpoke
|poke|p1|Kyogre, L50|
|poke|p1|Sinistcha-Masterpiece, L50|
|poke|p1|Incineroar, L50, M|
|poke|p1|Ursaluna, L50, F|
|poke|p1|Dialga, L50|
|poke|p1|Landorus, L50, M|
|poke|p2|Amoonguss, L50, F|
|poke|p2|Calyrex-Ice, L50|
|poke|p2|Kyogre, L50|
|poke|p2|Grimmsnarl, L50, M|
|poke|p2|Flutter Mane, L50|
|poke|p2|Rillaboom, L50, M|
|teampreview|4
|inactive|Battle timer is ON: inactive players will automatically lose when time's up. (requested by ArtiboniteLadder)
|inactive|ArtiboniteLadder has 60 seconds left.
|inactive|Urdadddd has 60 seconds left.
|inactive|Urdadddd has 30 seconds left.
|inactive|Urdadddd has 20 seconds left.
|
|t:|1750712121
|start
|switch|p1a: Landorus|Landorus, L50, M|100/100
|switch|p1b: Sinistcha|Sinistcha-Masterpiece, L50|100/100
|switch|p2a: Grimmsnarl|Grimmsnarl, L50, M|100/100
|switch|p2b: Calyrex|Calyrex-Ice, L50|100/100
|-ability|p2b: Calyrex|As One
|-ability|p2b: Calyrex|Unnerve
|turn|1
|
|t:|1750712136
|switch|p1a: Kyogre|Kyogre, L50|100/100
|-weather|RainDance|[from] ability: Drizzle|[of] p1a: Kyogre
|move|p2a: Grimmsnarl|Light Screen|p2a: Grimmsnarl
|-sidestart|p2: Urdadddd|move: Light Screen
|move|p1b: Sinistcha|Matcha Gotcha|p2b: Calyrex|[spread] p2a,p2b
|-damage|p2a: Grimmsnarl|82/100
|-damage|p2b: Calyrex|87/100
|move|p2b: Calyrex|Glacial Lance|p1a: Kyogre|[spread] p1a,p1b
|-resisted|p1a: Kyogre
|-supereffective|p1b: Sinistcha
|-damage|p1a: Kyogre|80/100
|-damage|p1b: Sinistcha|23/100
|
|-weather|RainDance|[upkeep]
|-heal|p2b: Calyrex|93/100|[from] item: Leftovers
|upkeep
|turn|2
|inactive|Urdadddd has 30 seconds left.
|
|t:|1750712164
|switch|p1b: Incineroar|Incineroar, L50, M|100/100
|-ability|p1b: Incineroar|Intimidate|boost
|-unboost|p2a: Grimmsnarl|atk|1
|-unboost|p2b: Calyrex|atk|1
|move|p2b: Calyrex|Protect|p2b: Calyrex
|-singleturn|p2b: Calyrex|Protect
|move|p2a: Grimmsnarl|Sucker Punch||[still]
|-fail|p2a: Grimmsnarl
|move|p1a: Kyogre|Water Spout|p2b: Calyrex|[spread] p2a
|-activate|p2b: Calyrex|move: Protect
|-damage|p2a: Grimmsnarl|32/100
|
|-weather|RainDance|[upkeep]
|-heal|p2b: Calyrex|99/100|[from] item: Leftovers
|upkeep
|turn|3
|
|t:|1750712186
|switch|p2b: Amoonguss|Amoonguss, L50, F|100/100
|move|p2a: Grimmsnarl|Sucker Punch|p1a: Kyogre
|-damage|p1a: Kyogre|63/100
|move|p1a: Kyogre|Water Spout|p2a: Grimmsnarl|[spread] p2a,p2b
|-resisted|p2b: Amoonguss
|-damage|p2a: Grimmsnarl|0 fnt
|-damage|p2b: Amoonguss|84/100
|faint|p2a: Grimmsnarl
|move|p1b: Incineroar|Parting Shot|p2b: Amoonguss
|-unboost|p2b: Amoonguss|atk|1
|-unboost|p2b: Amoonguss|spa|1
|
|t:|1750712194
|switch|p1b: Sinistcha|Sinistcha-Masterpiece, L50|23/100|[from] Parting Shot
|-heal|p1a: Kyogre|88/100|[from] ability: Hospitality|[of] p1b: Sinistcha
|
|-weather|RainDance|[upkeep]
|upkeep
|
|t:|1750712199
|switch|p2a: Calyrex|Calyrex-Ice, L50|99/100
|-ability|p2a: Calyrex|As One
|-ability|p2a: Calyrex|Unnerve
|turn|4
|
|t:|1750712213
|switch|p1b: Incineroar|Incineroar, L50, M|100/100
|-ability|p1b: Incineroar|Intimidate|boost
|-unboost|p2a: Calyrex|atk|1
|-unboost|p2b: Amoonguss|atk|1
|move|p1a: Kyogre|Water Spout|p2a: Calyrex|[spread] p2a,p2b
|-crit|p2a: Calyrex
|-resisted|p2b: Amoonguss
|-damage|p2a: Calyrex|9/100
|-damage|p2b: Amoonguss|59/100
|move|p2b: Amoonguss|Spore|p1a: Kyogre
|-status|p1a: Kyogre|slp|[from] move: Spore
|move|p2a: Calyrex|Trick Room|p2a: Calyrex
|-fieldstart|move: Trick Room|[of] p2a: Calyrex
|
|-weather|RainDance|[upkeep]
|-heal|p2a: Calyrex|15/100|[from] item: Leftovers
|upkeep
|turn|5
|
|t:|1750712235
|move|p2b: Amoonguss|Pollen Puff|p2a: Calyrex
|-heal|p2a: Calyrex|65/100
|move|p2a: Calyrex|Leech Seed|p1a: Kyogre
|-start|p1a: Kyogre|move: Leech Seed
|move|p1b: Incineroar|Knock Off|p2a: Calyrex
|-supereffective|p2a: Calyrex
|-damage|p2a: Calyrex|23/100
|-enditem|p2a: Calyrex|Leftovers|[from] move: Knock Off|[of] p1b: Incineroar
|cant|p1a: Kyogre|slp
|
|-weather|none
|-damage|p1a: Kyogre|76/100 slp|[from] Leech Seed|[of] p2a: Calyrex
|-heal|p2a: Calyrex|35/100|[silent]
|upkeep
|turn|6
|
|t:|1750712252
|move|p2b: Amoonguss|Pollen Puff|p2a: Calyrex
|-heal|p2a: Calyrex|85/100
|move|p2a: Calyrex|Leech Seed|p1b: Incineroar
|-start|p1b: Incineroar|move: Leech Seed
|move|p1b: Incineroar|Parting Shot|p2a: Calyrex
|-unboost|p2a: Calyrex|atk|1
|-unboost|p2a: Calyrex|spa|1
|
|t:|1750712259
|switch|p1b: Sinistcha|Sinistcha-Masterpiece, L50|23/100|[from] Parting Shot
|-heal|p1a: Kyogre|100/100 slp|[from] ability: Hospitality|[of] p1b: Sinistcha
|cant|p1a: Kyogre|slp
|
|-damage|p1a: Kyogre|88/100 slp|[from] Leech Seed|[of] p2a: Calyrex
|-heal|p2a: Calyrex|97/100|[silent]
|upkeep
|turn|7
|
|t:|1750712276
|switch|p1b: Incineroar|Incineroar, L50, M|100/100
|-ability|p1b: Incineroar|Intimidate|boost
|-unboost|p2a: Calyrex|atk|1
|-unboost|p2b: Amoonguss|atk|1
|move|p2b: Amoonguss|Spore|p1b: Incineroar
|-activate|p1b: Incineroar|item: Safety Goggles|Spore
|move|p2a: Calyrex|Glacial Lance|p1a: Kyogre|[spread] p1a,p1b
|-resisted|p1a: Kyogre
|-resisted|p1b: Incineroar
|-damage|p1a: Kyogre|79/100 slp
|-damage|p1b: Incineroar|92/100
|cant|p1a: Kyogre|slp
|
|-damage|p1a: Kyogre|67/100 slp|[from] Leech Seed|[of] p2a: Calyrex
|-heal|p2a: Calyrex|100/100|[silent]
|upkeep
|turn|8
|
|t:|1750712298
|switch|p2b: Kyogre|Kyogre, L50|100/100
|-weather|RainDance|[from] ability: Drizzle|[of] p2b: Kyogre
|move|p2a: Calyrex|Glacial Lance|p1b: Incineroar|[spread] p1a,p1b
|-resisted|p1a: Kyogre
|-resisted|p1b: Incineroar
|-damage|p1a: Kyogre|59/100 slp
|-damage|p1b: Incineroar|82/100
|move|p1b: Incineroar|Flare Blitz|p2b: Kyogre
|-resisted|p2b: Kyogre
|-damage|p2b: Kyogre|88/100
|-damage|p1b: Incineroar|78/100|[from] Recoil
|-curestatus|p1a: Kyogre|slp|[msg]
|move|p1a: Kyogre|Ice Beam|p2b: Kyogre
|-resisted|p2b: Kyogre
|-damage|p2b: Kyogre|79/100
|
|-weather|RainDance|[upkeep]
|-damage|p1a: Kyogre|47/100|[from] Leech Seed|[of] p2a: Calyrex
|-sideend|p2: Urdadddd|move: Light Screen
|-fieldend|move: Trick Room
|upkeep
|turn|9
|
|t:|1750712322
|switch|p1b: Sinistcha|Sinistcha-Masterpiece, L50|23/100
|-heal|p1a: Kyogre|72/100|[from] ability: Hospitality|[of] p1b: Sinistcha
|-terastallize|p1a: Kyogre|Grass
|move|p2b: Kyogre|Origin Pulse|p1a: Kyogre|[spread] p1a,p1b
|-resisted|p1a: Kyogre
|-resisted|p1b: Sinistcha
|-damage|p1a: Kyogre|51/100
|-damage|p1b: Sinistcha|0 fnt
|faint|p1b: Sinistcha
|move|p1a: Kyogre|Thunder|p2b: Kyogre
|-supereffective|p2b: Kyogre
|-damage|p2b: Kyogre|4/100
|move|p2a: Calyrex|Trick Room|p2a: Calyrex
|-fieldstart|move: Trick Room|[of] p2a: Calyrex
|
|-weather|RainDance|[upkeep]
|-damage|p1a: Kyogre|39/100|[from] Leech Seed|[of] p2a: Calyrex
|upkeep
|
|t:|1750712327
|switch|p1b: Incineroar|Incineroar, L50, M|78/100
|-ability|p1b: Incineroar|Intimidate|boost
|-unboost|p2a: Calyrex|atk|1
|-unboost|p2b: Kyogre|atk|1
|turn|10
|
|t:|1750712348
|switch|p1a: Landorus|Landorus, L50, M|100/100
|switch|p2b: Amoonguss|Amoonguss, L50, F|92/100
|move|p2a: Calyrex|Protect|p2a: Calyrex
|-singleturn|p2a: Calyrex|Protect
|move|p1b: Incineroar|Knock Off|p2b: Amoonguss
|-damage|p2b: Amoonguss|59/100
|-damage|p1b: Incineroar|62/100|[from] item: Rocky Helmet|[of] p2b: Amoonguss
|-enditem|p2b: Amoonguss|Rocky Helmet|[from] move: Knock Off|[of] p1b: Incineroar
|
|-weather|RainDance|[upkeep]
|upkeep
|turn|11
|inactive|ArtiboniteLadder has 30 seconds left.
|
|t:|1750712378
|switch|p2a: Kyogre|Kyogre, L50|4/100
|move|p1a: Landorus|Protect|p1a: Landorus
|-singleturn|p1a: Landorus|Protect
|move|p2b: Amoonguss|Pollen Puff|p2a: Kyogre
|-heal|p2a: Kyogre|54/100
|move|p1b: Incineroar|Knock Off|p2a: Kyogre
|-crit|p2a: Kyogre
|-damage|p2a: Kyogre|0 fnt
|-enditem|p2a: Kyogre|Mystic Water|[from] move: Knock Off|[of] p1b: Incineroar
|faint|p2a: Kyogre
|
|-weather|RainDance|[upkeep]
|upkeep
|
|t:|1750712388
|switch|p2a: Calyrex|Calyrex-Ice, L50|100/100
|-ability|p2a: Calyrex|As One
|-ability|p2a: Calyrex|Unnerve
|turn|12
|
|t:|1750712404
|switch|p1a: Kyogre|Kyogre, L50, tera:Grass|39/100
|move|p2b: Amoonguss|Rage Powder|p2b: Amoonguss
|-singleturn|p2b: Amoonguss|move: Rage Powder
|move|p2a: Calyrex|Glacial Lance|p1b: Incineroar|[spread] p1a,p1b
|-supereffective|p1a: Kyogre
|-resisted|p1b: Incineroar
|-damage|p1a: Kyogre|0 fnt
|-damage|p1b: Incineroar|38/100
|faint|p1a: Kyogre
|-ability|p2a: Calyrex|Chilling Neigh|boost
|-boost|p2a: Calyrex|atk|1
|move|p1b: Incineroar|Parting Shot|p2a: Calyrex
|-unboost|p2a: Calyrex|atk|1
|-unboost|p2a: Calyrex|spa|1
|
|t:|1750712408
|switch|p1b: Landorus|Landorus, L50, M|100/100|[from] Parting Shot
|
|-weather|none
|upkeep
|
|t:|1750712410
|switch|p1a: Incineroar|Incineroar, L50, M|38/100
|-ability|p1a: Incineroar|Intimidate|boost
|-unboost|p2a: Calyrex|atk|1
|-unboost|p2b: Amoonguss|atk|1
|turn|13
|
|t:|1750712432
|move|p1b: Landorus|Protect|p1b: Landorus
|-singleturn|p1b: Landorus|Protect
|move|p2b: Amoonguss|Spore|p1b: Landorus
|-activate|p1b: Landorus|move: Protect
|move|p2a: Calyrex|Leech Seed|p1a: Incineroar
|-start|p1a: Incineroar|move: Leech Seed
|move|p1a: Incineroar|Parting Shot|p2a: Calyrex
|-unboost|p2a: Calyrex|atk|1
|-unboost|p2a: Calyrex|spa|1
|
|-damage|p1a: Incineroar|26/100|[from] Leech Seed|[of] p2a: Calyrex
|-fieldend|move: Trick Room
|upkeep
|turn|14
|inactive|ArtiboniteLadder has 30 seconds left.
|inactive|Urdadddd has 30 seconds left.
|inactive|Urdadddd has 20 seconds left.
|
|t:|1750712468
|move|p2b: Amoonguss|Protect|p2b: Amoonguss
|-singleturn|p2b: Amoonguss|Protect
|move|p1b: Landorus|Crunch|p2a: Calyrex
|-supereffective|p2a: Calyrex
|-damage|p2a: Calyrex|60/100
|move|p1a: Incineroar|Flare Blitz|p2a: Calyrex
|-supereffective|p2a: Calyrex
|-damage|p2a: Calyrex|14/100
|-damage|p1a: Incineroar|10/100|[from] Recoil
|move|p2a: Calyrex|Trick Room|p2a: Calyrex
|-fieldstart|move: Trick Room|[of] p2a: Calyrex
|
|-damage|p1a: Incineroar|0 fnt|[from] Leech Seed|[of] p2a: Calyrex
|-heal|p2a: Calyrex|23/100|[silent]
|faint|p1a: Incineroar
|upkeep
|turn|15
|
|t:|1750712486
|move|p2b: Amoonguss|Pollen Puff|p2a: Calyrex
|-heal|p2a: Calyrex|73/100
|move|p2a: Calyrex|Glacial Lance|p1b: Landorus
|-supereffective|p1b: Landorus
|-damage|p1b: Landorus|0 fnt
|faint|p1b: Landorus
|
|win|Urdadddd
|raw|ArtiboniteLadder's rating: 1524 &rarr; <strong>1512</strong><br />(-12 for losing)
|raw|Urdadddd's rating: 1675 &rarr; <strong>1687</strong><br />(+12 for winning)
|l|☆ArtiboniteLadder
|player|p1|
|l|☆Urdadddd
|player|p2|
