|j|☆fntzz
|j|☆gabpv
|t:|1750861003
|gametype|doubles
|player|p1|fntzz|clown|1203
|player|p2|gabpv|101|1133
|teamsize|p1|6
|teamsize|p2|6
|gen|9
|tier|[Gen 9] VGC 2025 Reg I
|rated|
|rule|Species Clause: Limit one of each Pokémon
|rule|Item Clause: Limit 1 of each item
|clearpoke
|poke|p1|Koraidon, L50|
|poke|p1|Zamazenta-*, L50|
|poke|p1|Chi-Yu, L50|
|poke|p1|Whimsicott, L50, F|
|poke|p1|Raging Bolt, L50|
|poke|p1|Weezing-Galar, L50, F|
|poke|p2|Koraidon, L50|
|poke|p2|Terapagos, L50, M|
|poke|p2|Flutter Mane, L50|
|poke|p2|Rillaboom, L50, F|
|poke|p2|Incineroar, L50, F|
|poke|p2|Volcarona, L50, F|
|teampreview|4
|
|t:|1750861017
|start
|switch|p1a: Koraidon|Koraidon, L50|100/100
|switch|p1b: Whimsicott|Whimsicott, L50, F|100/100
|switch|p2a: Terapagos|Terapagos, L50, M|100/100
|switch|p2b: Flutter Mane|Flutter Mane, L50|100/100
|-activate|p2a: Terapagos|ability: Tera Shift
|detailschange|p2a: Terapagos|Terapagos-Terastal, L50, M
|-heal|p2a: Terapagos|100/100|[silent]
|-weather|SunnyDay|[from] ability: Orichalcum Pulse|[of] p1a: Koraidon
|-activate|p2b: Flutter Mane|ability: Protosynthesis
|-start|p2b: Flutter Mane|protosynthesisspe
|-activate|p1a: Koraidon|Orichalcum Pulse|[source]
|turn|1
|
|t:|1750861044
|-terastallize|p1a: Koraidon|Fire
|move|p2a: Terapagos|Protect|p2a: Terapagos
|-singleturn|p2a: Terapagos|Protect
|move|p1b: Whimsicott|Tailwind|p1b: Whimsicott
|-sidestart|p1: fntzz|move: Tailwind
|move|p1a: Koraidon|Flare Blitz|p2b: Flutter Mane
|-enditem|p2b: Flutter Mane|Focus Sash
|-damage|p2b: Flutter Mane|1/100
|-damage|p1a: Koraidon|76/100|[from] Recoil
|move|p2b: Flutter Mane|Icy Wind|p1a: Koraidon|[spread] p1b
|-miss|p2b: Flutter Mane|p1a: Koraidon
|-supereffective|p1b: Whimsicott
|-damage|p1b: Whimsicott|50/100
|
|-weather|SunnyDay|[upkeep]
|upkeep
|turn|2
|
|t:|1750861074
|switch|p2a: Volcarona|Volcarona, L50, F|100/100
|move|p1a: Koraidon|Protect|p1a: Koraidon
|-singleturn|p1a: Koraidon|Protect
|move|p2b: Flutter Mane|Protect|p2b: Flutter Mane
|-singleturn|p2b: Flutter Mane|Protect
|move|p1b: Whimsicott|Light Screen|p1b: Whimsicott
|-sidestart|p1: fntzz|move: Light Screen
|
|-weather|SunnyDay|[upkeep]
|upkeep
|turn|3
|
|t:|1750861115
|move|p2a: Volcarona|Rage Powder|p2a: Volcarona
|-singleturn|p2a: Volcarona|move: Rage Powder
|move|p1a: Koraidon|Flame Charge|p2a: Volcarona
|-crit|p2a: Volcarona
|-damage|p2a: Volcarona|8/100
|-boost|p1a: Koraidon|spe|1
|-damage|p1a: Koraidon|60/100|[from] item: Rocky Helmet|[of] p2a: Volcarona
|move|p1b: Whimsicott|Moonblast|p2a: Volcarona
|-resisted|p2a: Volcarona
|-damage|p2a: Volcarona|0 fnt
|faint|p2a: Volcarona
|move|p2b: Flutter Mane|Icy Wind|p1a: Koraidon|[spread] p1a,p1b
|-resisted|p1a: Koraidon
|-supereffective|p1b: Whimsicott
|-damage|p1a: Koraidon|54/100
|-damage|p1b: Whimsicott|17/100
|-unboost|p1a: Koraidon|spe|1
|
|-weather|SunnyDay|[upkeep]
|upkeep
|
|t:|1750861130
|switch|p2a: Koraidon|Koraidon, L50|100/100
|-activate|p2a: Koraidon|ability: Orichalcum Pulse
|turn|4
|
|t:|1750861141
|move|p2b: Flutter Mane|Protect|p2b: Flutter Mane
|-singleturn|p2b: Flutter Mane|Protect
|move|p1b: Whimsicott|Tailwind||[still]
|-fail|p1b: Whimsicott
|move|p1a: Koraidon|Collision Course|p2a: Koraidon
|-damage|p2a: Koraidon|40/100
|move|p2a: Koraidon|Close Combat|p1a: Koraidon
|-damage|p1a: Koraidon|0 fnt
|-unboost|p2a: Koraidon|def|1
|-unboost|p2a: Koraidon|spd|1
|faint|p1a: Koraidon
|-damage|p2a: Koraidon|30/100|[from] item: Life Orb
|
|-weather|SunnyDay|[upkeep]
|-sideend|p1: fntzz|move: Tailwind
|upkeep
|
|t:|1750861166
|switch|p1a: Raging Bolt|Raging Bolt, L50|100/100
|-activate|p1a: Raging Bolt|ability: Protosynthesis
|-start|p1a: Raging Bolt|protosynthesisspa
|turn|5
|
|t:|1750861178
|move|p2a: Koraidon|Protect|p2a: Koraidon
|-singleturn|p2a: Koraidon|Protect
|move|p2b: Flutter Mane|Icy Wind|p1a: Raging Bolt|[spread] p1a,p1b
|-supereffective|p1a: Raging Bolt
|-supereffective|p1b: Whimsicott
|-damage|p1a: Raging Bolt|91/100
|-damage|p1b: Whimsicott|0 fnt
|-unboost|p1a: Raging Bolt|spe|1
|faint|p1b: Whimsicott
|move|p1a: Raging Bolt|Draco Meteor|p2a: Koraidon
|-activate|p2a: Koraidon|move: Protect
|
|-weather|none
|-end|p2b: Flutter Mane|Protosynthesis
|-end|p1a: Raging Bolt|Protosynthesis
|upkeep
|
|t:|1750861190
|switch|p1b: Chi-Yu|Chi-Yu, L50|100/100
|-ability|p1b: Chi-Yu|Beads of Ruin
|turn|6
|
|t:|1750861215
|move|p1b: Chi-Yu|Heat Wave|p2a: Koraidon|[spread] p2a,p2b
|-resisted|p2a: Koraidon
|-damage|p2a: Koraidon|0 fnt
|-damage|p2b: Flutter Mane|0 fnt
|faint|p2a: Koraidon
|faint|p2b: Flutter Mane
|-end|p2b: Flutter Mane|Protosynthesis|[silent]
|move|p1a: Raging Bolt|Draco Meteor|p2: Koraidon|[notarget]
|-fail|p1a: Raging Bolt
|
|-sideend|p1: fntzz|move: Light Screen
|upkeep
|
|t:|1750861226
|switch|p2a: Terapagos|Terapagos-Terastal, L50, M|100/100
|turn|7
|
|t:|1750861234
|move|p1a: Raging Bolt|Thunderclap||[still]
|-fail|p1a: Raging Bolt
|move|p1b: Chi-Yu|Heat Wave|p2a: Terapagos
|-activate|p2a: Terapagos|ability: Tera Shell
|-resisted|p2a: Terapagos
|-damage|p2a: Terapagos|71/100
|-status|p2a: Terapagos|brn
|move|p2a: Terapagos|Calm Mind|p2a: Terapagos
|-boost|p2a: Terapagos|spa|1
|-boost|p2a: Terapagos|spd|1
|
|-heal|p2a: Terapagos|77/100 brn|[from] item: Leftovers
|-damage|p2a: Terapagos|71/100 brn|[from] brn
|upkeep
|turn|8
|
|t:|1750861250
|move|p1b: Chi-Yu|Heat Wave|p2a: Terapagos
|-damage|p2a: Terapagos|28/100 brn
|move|p2a: Terapagos|Calm Mind|p2a: Terapagos
|-boost|p2a: Terapagos|spa|1
|-boost|p2a: Terapagos|spd|1
|move|p1a: Raging Bolt|Draco Meteor|p2a: Terapagos
|-damage|p2a: Terapagos|0 fnt
|-unboost|p1a: Raging Bolt|spa|2
|faint|p2a: Terapagos
|
|win|fntzz
|raw|fntzz's rating: 1203 &rarr; <strong>1223</strong><br />(+20 for winning)
|raw|gabpv's rating: 1133 &rarr; <strong>1113</strong><br />(-20 for losing)
|l|☆gabpv
|player|p2|
