|j|☆itdoydogdod
|j|☆JammyPhantom
|t:|1750733178
|gametype|doubles
|player|p1|itdoydogdod|266|1083
|player|p2|JammyPhantom|1|1071
|teamsize|p1|6
|teamsize|p2|6
|gen|9
|tier|[Gen 9] VGC 2025 Reg I
|rated|
|rule|Species Clause: Limit one of each Pokémon
|rule|Item Clause: Limit 1 of each item
|clearpoke
|poke|p1|Weezing-Galar, L50, M|
|poke|p1|Dondozo, L50, M|
|poke|p1|Calyrex-Shadow, L50|
|poke|p1|Tatsugiri-Droopy, L50, F|
|poke|p1|Koraidon, L50|
|poke|p1|Chi-Yu, L50|
|poke|p2|Koraidon, L50|
|poke|p2|Flutter Mane, L50|
|poke|p2|Scream Tail, L50|
|poke|p2|Gothitelle, L50, M|
|poke|p2|Incineroar, L50, F|
|poke|p2|Amoonguss, L50, M|
|teampreview|4
itdoydogdod has agreed to open team sheets.
|
|t:|1750733205
|start
|switch|p1a: Calyrex|Calyrex-Shadow, L50|100/100
|switch|p1b: Weezing|Weezing-Galar, L50, M, shiny|100/100
|switch|p2a: Incineroar|Incineroar, L50, F|100/100
|switch|p2b: Koraidon|Koraidon, L50|100/100
|-ability|p1b: Weezing|Neutralizing Gas
|-ability|p1a: Calyrex|As One
|-ability|p1a: Calyrex|Unnerve
|turn|1
|
|t:|1750733237
|-terastallize|p1a: Calyrex|Normal
|-terastallize|p2b: Koraidon|Fire
|move|p1a: Calyrex|Psychic|p2b: Koraidon
|-damage|p2b: Koraidon|24/100
|-damage|p1a: Calyrex|91/100|[from] item: Life Orb
|move|p2b: Koraidon|Flare Blitz|p1a: Calyrex
|-damage|p1a: Calyrex|0 fnt
|faint|p1a: Calyrex
|-damage|p2b: Koraidon|0 fnt|[from] Recoil
|faint|p2b: Koraidon
|move|p2a: Incineroar|Knock Off|p1b: Weezing
|-resisted|p1b: Weezing
|-damage|p1b: Weezing|80/100
|-enditem|p1b: Weezing|Sitrus Berry|[from] move: Knock Off|[of] p2a: Incineroar
|move|p1b: Weezing|Dazzling Gleam|p2a: Incineroar
|-damage|p2a: Incineroar|76/100
|
|upkeep
|
|t:|1750733264
|switch|p1a: Koraidon|Koraidon, L50|100/100
|switch|p2b: Amoonguss|Amoonguss, L50, M|100/100
|-weather|SunnyDay|[from] ability: Orichalcum Pulse|[of] p1a: Koraidon
|-activate|p1a: Koraidon|Orichalcum Pulse|[source]
|turn|2
|
|t:|1750733284
|move|p1a: Koraidon|Protect|p1a: Koraidon
|-singleturn|p1a: Koraidon|Protect
|move|p2a: Incineroar|Flare Blitz|p1b: Weezing
|-damage|p1b: Weezing|0 fnt
|faint|p1b: Weezing
|-end|p1b: Weezing|ability: Neutralizing Gas
|-ability|p2a: Incineroar|Intimidate|boost
|-unboost|p1a: Koraidon|atk|1
|-damage|p2a: Incineroar|51/100|[from] Recoil
|move|p2b: Amoonguss|Spore|p1a: Koraidon
|-activate|p1a: Koraidon|move: Protect
|
|-weather|SunnyDay|[upkeep]
|upkeep
|
|t:|1750733298
|switch|p1b: Chi-Yu|Chi-Yu, L50|100/100
|-ability|p1b: Chi-Yu|Beads of Ruin
|turn|3
|
|t:|1750733316
|move|p2b: Amoonguss|Protect|p2b: Amoonguss
|-singleturn|p2b: Amoonguss|Protect
|move|p1b: Chi-Yu|Heat Wave|p2a: Incineroar|[spread] p2a
|-activate|p2b: Amoonguss|move: Protect
|-resisted|p2a: Incineroar
|-damage|p2a: Incineroar|12/100
|move|p1a: Koraidon|Collision Course|p2a: Incineroar
|-supereffective|p2a: Incineroar
|-damage|p2a: Incineroar|0 fnt
|faint|p2a: Incineroar
|
|-weather|SunnyDay|[upkeep]
|upkeep
|
|t:|1750733318
|switch|p2a: Flutter Mane|Flutter Mane, L50|100/100
|-activate|p2a: Flutter Mane|ability: Protosynthesis
|-start|p2a: Flutter Mane|protosynthesisspe
|turn|4
|
|t:|1750733340
|move|p1a: Koraidon|Protect|p1a: Koraidon
|-singleturn|p1a: Koraidon|Protect
|move|p2a: Flutter Mane|Moonblast|p1a: Koraidon
|-activate|p1a: Koraidon|move: Protect
|move|p1b: Chi-Yu|Heat Wave|p2a: Flutter Mane|[spread] p2a,p2b
|-supereffective|p2b: Amoonguss
|-damage|p2a: Flutter Mane|22/100
|-damage|p2b: Amoonguss|0 fnt
|faint|p2b: Amoonguss
|
|-weather|SunnyDay|[upkeep]
|upkeep
|turn|5
|
|t:|1750733354
|move|p2a: Flutter Mane|Moonblast|p1a: Koraidon
|-supereffective|p1a: Koraidon
|-damage|p1a: Koraidon|0 fnt
|faint|p1a: Koraidon
|move|p1b: Chi-Yu|Heat Wave|p2a: Flutter Mane
|-damage|p2a: Flutter Mane|0 fnt
|faint|p2a: Flutter Mane
|-end|p2a: Flutter Mane|Protosynthesis|[silent]
|
|win|itdoydogdod
|raw|itdoydogdod's rating: 1083 &rarr; <strong>1110</strong><br />(+27 for winning)
|raw|JammyPhantom's rating: 1071 &rarr; <strong>1051</strong><br />(-20 for losing)
|l|☆JammyPhantom
|player|p2|
