|j|☆Meijis
|j|☆DuskEclipse1868
|t:|1750842514
|gametype|doubles
|player|p1|Meijis|169|1115
|player|p2|DuskEclipse1868|winona-gen6|1120
|teamsize|p1|6
|teamsize|p2|6
|gen|9
|tier|[Gen 9] VGC 2025 Reg I
|rated|
|rule|Species Clause: Limit one of each Pokémon
|rule|Item Clause: Limit 1 of each item
|clearpoke
|poke|p1|Iron Bundle, L50|
|poke|p1|Ninetales-Alola, L50, F|
|poke|p1|Calyrex-Ice, L50|
|poke|p1|Miraidon, L50|
|poke|p1|Incineroar, L50, F|
|poke|p1|Farigiraf, L50, F|
|poke|p2|Necrozma-Dusk-Mane, L50|
|poke|p2|Calyrex-Ice, L50|
|poke|p2|Dondozo, L50, F|
|poke|p2|Incineroar, L50, M|
|poke|p2|Primarina, L50, F|
|poke|p2|Gothitelle, L50, F|
|teampreview|4
|inactive|Battle timer is ON: inactive players will automatically lose when time's up. (requested by DuskEclipse1868)
|
|t:|1750842527
|start
|switch|p1a: Iron Bundle|Iron Bundle, L50|100/100
|switch|p1b: Miraidon|Miraidon, L50|100/100
|switch|p2a: Necrozma|Necrozma-Dusk-Mane, L50|100/100
|switch|p2b: Calyrex|Calyrex-Ice, L50|100/100
|-ability|p2b: Calyrex|As One
|-ability|p2b: Calyrex|Unnerve
|-fieldstart|move: Electric Terrain|[from] ability: Hadron Engine|[of] p1b: Miraidon
|-activate|p1a: Iron Bundle|ability: Quark Drive
|-start|p1a: Iron Bundle|quarkdrivespe
|turn|1
|
|t:|1750842536
|switch|p1b: Ninetales|Ninetales-Alola, L50, F|100/100
|-weather|Snowscape|[from] ability: Snow Warning|[of] p1b: Ninetales
|move|p1a: Iron Bundle|Aurora Veil|p1a: Iron Bundle
|-sidestart|p1: Meijis|move: Aurora Veil
|move|p2b: Calyrex|Glacial Lance|p1b: Ninetales|[spread] p1a,p1b
|-resisted|p1a: Iron Bundle
|-resisted|p1b: Ninetales
|-damage|p1a: Iron Bundle|94/100
|-damage|p1b: Ninetales|80/100
|move|p2a: Necrozma|Trick Room|p2a: Necrozma
|-fieldstart|move: Trick Room|[of] p2a: Necrozma
|
|-weather|Snowscape|[upkeep]
|upkeep
|turn|2
|inactive|Meijis has 30 seconds left.
|inactive|Meijis has 20 seconds left.
|inactive|Meijis has 15 seconds left.
|inactive|Meijis has 10 seconds left.
|
|t:|1750842582
|move|p2b: Calyrex|Zen Headbutt|p1a: Iron Bundle
|-damage|p1a: Iron Bundle|69/100
|move|p2a: Necrozma|Sunsteel Strike|p1b: Ninetales
|-supereffective|p1b: Ninetales
|-damage|p1b: Ninetales|0 fnt
|faint|p1b: Ninetales
|cant|p1a: Iron Bundle|flinch
|
|-weather|Snowscape|[upkeep]
|upkeep
|
|t:|1750842589
|switch|p1b: Calyrex|Calyrex-Ice, L50|100/100
|-ability|p1b: Calyrex|As One
|-ability|p1b: Calyrex|Unnerve
|turn|3
|
|t:|1750842596
|move|p2b: Calyrex|Zen Headbutt|p1a: Iron Bundle|[miss]
|-miss|p2b: Calyrex|p1a: Iron Bundle
|move|p1b: Calyrex|Leech Seed|p2a: Necrozma
|-start|p2a: Necrozma|move: Leech Seed
|move|p2a: Necrozma|Sunsteel Strike|p1b: Calyrex
|-supereffective|p1b: Calyrex
|-damage|p1b: Calyrex|73/100
|-enditem|p1b: Calyrex|Weakness Policy
|-boost|p1b: Calyrex|atk|2|[from] item: Weakness Policy
|-boost|p1b: Calyrex|spa|2|[from] item: Weakness Policy
|move|p1a: Iron Bundle|Freeze-Dry|p2a: Necrozma
|-resisted|p2a: Necrozma
|-damage|p2a: Necrozma|90/100
|-status|p2a: Necrozma|frz
|
|-weather|Snowscape|[upkeep]
|-heal|p2a: Necrozma|96/100 frz|[from] item: Leftovers
|-damage|p2a: Necrozma|83/100 frz|[from] Leech Seed|[of] p1b: Calyrex
|-heal|p1b: Calyrex|86/100|[silent]
|upkeep
|turn|4
|
|t:|1750842620
|switch|p2a: Incineroar|Incineroar, L50, M|100/100
|-ability|p2a: Incineroar|Intimidate|boost
|-unboost|p1a: Iron Bundle|atk|1
|-unboost|p1b: Calyrex|atk|1
|move|p2b: Calyrex|Zen Headbutt|p1a: Iron Bundle
|-damage|p1a: Iron Bundle|46/100
|move|p1b: Calyrex|Leech Seed|p2b: Calyrex|[miss]
|-miss|p1b: Calyrex|p2b: Calyrex
|move|p1a: Iron Bundle|Freeze-Dry|p2b: Calyrex
|-resisted|p2b: Calyrex
|-damage|p2b: Calyrex|90/100
|
|-weather|Snowscape|[upkeep]
|upkeep
|turn|5
|
|t:|1750842641
|move|p2a: Incineroar|Fake Out|p1b: Calyrex
|-damage|p1b: Calyrex|82/100
|cant|p1b: Calyrex|flinch
|move|p2b: Calyrex|Zen Headbutt|p1a: Iron Bundle
|-damage|p1a: Iron Bundle|21/100
|move|p1a: Iron Bundle|Freeze-Dry|p2a: Incineroar
|-resisted|p2a: Incineroar
|-damage|p2a: Incineroar|87/100
|
|-weather|Snowscape|[upkeep]
|-sideend|p1: Meijis|move: Aurora Veil
|-fieldend|move: Trick Room
|-fieldend|move: Electric Terrain
|-end|p1a: Iron Bundle|Quark Drive
|upkeep
|turn|6
|
|t:|1750842657
|move|p1a: Iron Bundle|Encore|p2a: Incineroar
|-start|p2a: Incineroar|Encore
|move|p2a: Incineroar|Fake Out||[still]
|-hint|Fake Out only works on your first turn out.
|-fail|p2a: Incineroar
|move|p1b: Calyrex|Leech Seed|p2b: Calyrex
|-start|p2b: Calyrex|move: Leech Seed
|move|p2b: Calyrex|Trick Room|p2b: Calyrex
|-fieldstart|move: Trick Room|[of] p2b: Calyrex
|
|-weather|Snowscape|[upkeep]
|-damage|p2b: Calyrex|78/100|[from] Leech Seed|[of] p1b: Calyrex
|-heal|p1b: Calyrex|94/100|[silent]
|upkeep
|turn|7
|
|t:|1750842674
|switch|p2a: Necrozma|Necrozma-Dusk-Mane, L50|83/100 frz
|move|p2b: Calyrex|Zen Headbutt|p1a: Iron Bundle
|-damage|p1a: Iron Bundle|0 fnt
|faint|p1a: Iron Bundle
|-end|p1a: Iron Bundle|Quark Drive|[silent]
|-ability|p2b: Calyrex|Chilling Neigh|boost
|-boost|p2b: Calyrex|atk|1
|move|p1b: Calyrex|Leech Seed|p2a: Necrozma
|-start|p2a: Necrozma|move: Leech Seed
|
|-weather|Snowscape|[upkeep]
|-heal|p2a: Necrozma|89/100 frz|[from] item: Leftovers
|-damage|p2b: Calyrex|66/100|[from] Leech Seed|[of] p1b: Calyrex
|-heal|p1b: Calyrex|100/100|[silent]
|-damage|p2a: Necrozma|77/100 frz|[from] Leech Seed|[of] p1b: Calyrex
|upkeep
|
|t:|1750842682
|switch|p1a: Miraidon|Miraidon, L50|100/100
|-fieldstart|move: Electric Terrain|[from] ability: Hadron Engine|[of] p1a: Miraidon
|turn|8
|
|t:|1750842695
|switch|p2a: Incineroar|Incineroar, L50, M|87/100
|-ability|p2a: Incineroar|Intimidate|boost
|-unboost|p1a: Miraidon|atk|1
|-unboost|p1b: Calyrex|atk|1
|-terastallize|p1a: Miraidon|Electric
|move|p2b: Calyrex|Glacial Lance|p1a: Miraidon|[spread] p1a,p1b
|-resisted|p1b: Calyrex
|-damage|p1a: Miraidon|27/100
|-damage|p1b: Calyrex|83/100
|move|p1b: Calyrex|Pollen Puff|p2a: Incineroar
|-damage|p2a: Incineroar|50/100
|move|p1a: Miraidon|Electro Drift|p2b: Calyrex
|-damage|p2b: Calyrex|0 fnt
|faint|p2b: Calyrex
|
|-weather|none
|upkeep
|
|t:|1750842706
|switch|p2b: Primarina|Primarina, L50, F|100/100
|turn|9
|
|t:|1750842718
|move|p2b: Primarina|Hyper Voice|p1b: Calyrex|[spread] p1a,p1b
|-damage|p1a: Miraidon|0 fnt
|-damage|p1b: Calyrex|65/100
|faint|p1a: Miraidon
|move|p1b: Calyrex|Glacial Lance|p2a: Incineroar|[spread] p2a,p2b
|-resisted|p2a: Incineroar
|-resisted|p2b: Primarina
|-damage|p2a: Incineroar|27/100
|-damage|p2b: Primarina|73/100
|move|p2a: Incineroar|Flare Blitz|p1b: Calyrex
|-supereffective|p1b: Calyrex
|-damage|p1b: Calyrex|0 fnt
|faint|p1b: Calyrex
|-damage|p2a: Incineroar|5/100|[from] Recoil
|
|win|DuskEclipse1868
|raw|Meijis's rating: 1115 &rarr; <strong>1090</strong><br />(-25 for losing)
|raw|DuskEclipse1868's rating: 1120 &rarr; <strong>1145</strong><br />(+25 for winning)
|l|☆Meijis
|player|p1|
