|j|☆willycoult
|j|☆Ementily
|t:|1750714489
|gametype|doubles
|player|p1|willycoult|crasherwake|1077
|player|p2|Ementily|170|1080
|teamsize|p1|6
|teamsize|p2|6
|gen|9
|tier|[Gen 9] VGC 2025 Reg I
|rated|
|rule|Species Clause: Limit one of each Pokémon
|rule|Item Clause: Limit 1 of each item
|clearpoke
|poke|p1|Conkeldurr, L50, M|
|poke|p1|Regieleki, L50|
|poke|p1|Lucario, L50, M|
|poke|p1|Ho-Oh, L50|
|poke|p1|Sableye, L50, F|
|poke|p1|Probopass, L50, M|
|poke|p2|Miraidon, L50|
|poke|p2|Iron Hands, L50|
|poke|p2|Farigiraf, L50, M|
|poke|p2|Calyrex-Ice, L50|
|poke|p2|Urshifu-*, L50, F|
|poke|p2|Whimsicott, L50, F|
|teampreview|4
|
|t:|1750714509
|start
|switch|p1a: Ho-Oh|Ho-Oh, L50|100/100
|switch|p1b: Sableye|Sableye, L50, F|100/100
|switch|p2a: Miraidon|Miraidon, L50|100/100
|switch|p2b: Whimsicott|Whimsicott, L50, F|100/100
|-fieldstart|move: Electric Terrain|[from] ability: Hadron Engine|[of] p2a: Miraidon
|turn|1
|inactive|Battle timer is ON: inactive players will automatically lose when time's up. (requested by Ementily)
|
|t:|1750714536
|-terastallize|p2a: Miraidon|Electric
|-terastallize|p1a: Ho-Oh|Ground
|move|p2b: Whimsicott|Tailwind|p2b: Whimsicott
|-sidestart|p2: Ementily|move: Tailwind
|move|p2a: Miraidon|Volt Switch|p1a: Ho-Oh
|-immune|p1a: Ho-Oh
|move|p1a: Ho-Oh|Earthquake|p2a: Miraidon|[spread] p1b,p2a,p2b
|-supereffective|p2a: Miraidon
|-resisted|p2b: Whimsicott
|-damage|p1b: Sableye|56/100
|-damage|p2a: Miraidon|31/100
|-damage|p2b: Whimsicott|73/100
|move|p1b: Sableye|Foul Play|p2a: Miraidon
|-damage|p2a: Miraidon|9/100
|
|upkeep
|turn|2
|c|☆Ementily|no way
|inactive|willycoult has 30 seconds left.
|inactive|Ementily has 30 seconds left.
|
|t:|1750714569
|move|p1b: Sableye|Encore|p2a: Miraidon
|-start|p2a: Miraidon|Encore
|move|p2b: Whimsicott|Moonblast|p1a: Ho-Oh
|-damage|p1a: Ho-Oh|77/100
|move|p2a: Miraidon|Volt Switch|p1b: Sableye
|-damage|p1b: Sableye|0 fnt
|faint|p1b: Sableye
|
|t:|1750714580
|switch|p2a: Urshifu|Urshifu-Rapid-Strike, L50, F|100/100|[from] Volt Switch
|move|p1a: Ho-Oh|Sacred Fire|p2b: Whimsicott
|-supereffective|p2b: Whimsicott
|-damage|p2b: Whimsicott|0 fnt
|faint|p2b: Whimsicott
|
|upkeep
|
|t:|1750714590
|switch|p2b: Iron Hands|Iron Hands, L50|100/100
|switch|p1b: Lucario|Lucario, L50, M|100/100
|-activate|p2b: Iron Hands|ability: Quark Drive
|-start|p2b: Iron Hands|quarkdriveatk
|turn|3
|
|t:|1750714602
|move|p2b: Iron Hands|Fake Out|p1a: Ho-Oh
|-damage|p1a: Ho-Oh|58/100
|move|p2a: Urshifu|Surging Strikes|p1b: Lucario
|-crit|p1b: Lucario
|-damage|p1b: Lucario|66/100
|-crit|p1b: Lucario
|-damage|p1b: Lucario|35/100
|-crit|p1b: Lucario
|-damage|p1b: Lucario|2/100
|-hitcount|p1b: Lucario|3
|cant|p1a: Ho-Oh|flinch
|move|p1b: Lucario|Swords Dance|p1b: Lucario
|-boost|p1b: Lucario|atk|2
|
|upkeep
|turn|4
|inactive|Ementily has 30 seconds left.
|
|t:|1750714637
|move|p1b: Lucario|Extreme Speed|p2a: Urshifu
|-damage|p2a: Urshifu|57/100
|move|p2a: Urshifu|Surging Strikes|p1a: Ho-Oh
|-supereffective|p1a: Ho-Oh
|-crit|p1a: Ho-Oh
|-damage|p1a: Ho-Oh|12/100
|-supereffective|p1a: Ho-Oh
|-crit|p1a: Ho-Oh
|-damage|p1a: Ho-Oh|0 fnt
|faint|p1a: Ho-Oh
|-hitcount|p1: Ho-Oh|2
|move|p2b: Iron Hands|Low Kick|p1b: Lucario
|-supereffective|p1b: Lucario
|-damage|p1b: Lucario|0 fnt
|faint|p1b: Lucario
|
|-sideend|p2: Ementily|move: Tailwind
|upkeep
|c|☆Ementily|gg
|inactive|willycoult has 30 seconds left.
|inactive|willycoult has 20 seconds left.
|inactive|willycoult has 15 seconds left.
|inactive|willycoult has 10 seconds left.
|inactive|willycoult has 5 seconds left.
|
|t:|1750714692
|switch|p1a: Probopass|Probopass, L50, M|100/100
|turn|5
|inactive|willycoult has 30 seconds left.
|inactive|willycoult has 20 seconds left.
|inactive|willycoult has 15 seconds left.
|c|☆Ementily|mate im on my phone stalling will do nothing
|inactive|willycoult has 10 seconds left.
|inactive|willycoult has 5 seconds left.
|
|t:|1750714747
|move|p1a: Probopass|Wide Guard|p1a: Probopass
|-singleturn|p1a: Probopass|Wide Guard
|move|p2a: Urshifu|Surging Strikes|p1a: Probopass
|-supereffective|p1a: Probopass
|-crit|p1a: Probopass
|-damage|p1a: Probopass|56/100
|-supereffective|p1a: Probopass
|-crit|p1a: Probopass
|-damage|p1a: Probopass|15/100
|-supereffective|p1a: Probopass
|-crit|p1a: Probopass
|-damage|p1a: Probopass|0 fnt
|faint|p1a: Probopass
|-hitcount|p1: Probopass|3
|
|win|Ementily
|raw|willycoult's rating: 1077 &rarr; <strong>1056</strong><br />(-21 for losing)
|raw|Ementily's rating: 1080 &rarr; <strong>1108</strong><br />(+28 for winning)
|l|☆Ementily
|player|p2|
