|j|☆Toasteduck
|j|☆meiose
|t:|1750775174
|gametype|doubles
|player|p1|Toasteduck|2|1650
|player|p2|meiose|266|1784
|teamsize|p1|6
|teamsize|p2|6
|gen|9
|tier|[Gen 9] VGC 2025 Reg I
|rated|
|rule|Species Clause: Limit one of each Pokémon
|rule|Item Clause: Limit 1 of each item
|clearpoke
|poke|p1|Giratina-Origin, L50|
|poke|p1|Miraidon, L50|
|poke|p1|Iron Bundle, L50|
|poke|p1|Ting-Lu, L50|
|poke|p1|Incineroar, L50, M|
|poke|p1|Mienshao, L50, M|
|poke|p2|Amoonguss, L50, F|
|poke|p2|Calyrex-Ice, L50|
|poke|p2|Kyogre, L50|
|poke|p2|Grimmsnarl, L50, M|
|poke|p2|Flutter Mane, L50|
|poke|p2|Basculegion, L50, M|
|teampreview|4
|
|t:|1750775230
|start
|switch|p1a: Giratina|Giratina-Origin, L50|100/100
|switch|p1b: Ting-Lu|Ting-Lu, L50|100/100
|switch|p2a: Kyogre|Kyogre, L50|100/100
|switch|p2b: Flutter Mane|Flutter Mane, L50|100/100
|-weather|RainDance|[from] ability: Drizzle|[of] p2a: Kyogre
|-ability|p1b: Ting-Lu|Vessel of Ruin
|turn|1
|
|t:|1750775238
|-terastallize|p1b: Ting-Lu|Water
|move|p1a: Giratina|Protect|p1a: Giratina
|-singleturn|p1a: Giratina|Protect
|move|p2b: Flutter Mane|Icy Wind|p1a: Giratina|[spread] 
|-activate|p1a: Giratina|move: Protect
|-miss|p2b: Flutter Mane|p1b: Ting-Lu
|move|p2a: Kyogre|Water Spout|p1b: Ting-Lu|[spread] p1b
|-activate|p1a: Giratina|move: Protect
|-resisted|p1b: Ting-Lu
|-damage|p1b: Ting-Lu|74/100
|move|p1b: Ting-Lu|Snarl|p2b: Flutter Mane|[spread] p2a,p2b
|-damage|p2a: Kyogre|93/100
|-damage|p2b: Flutter Mane|91/100
|-unboost|p2a: Kyogre|spa|1
|-unboost|p2b: Flutter Mane|spa|1
|
|-weather|RainDance|[upkeep]
|upkeep
|turn|2
|j| Ponytuils
|l|☆Toasteduck
|player|p1|
|
|t:|1750775296
|move|p1a: Giratina|Shadow Sneak|p2b: Flutter Mane
|-supereffective|p2b: Flutter Mane
|-damage|p2b: Flutter Mane|0 fnt
|faint|p2b: Flutter Mane
|-end|p2b: Flutter Mane|Protosynthesis|[silent]
|move|p2a: Kyogre|Water Spout|p1b: Ting-Lu|[spread] p1a,p1b
|-resisted|p1a: Giratina
|-resisted|p1b: Ting-Lu
|-damage|p1a: Giratina|83/100
|-damage|p1b: Ting-Lu|58/100
|move|p1b: Ting-Lu|Snarl|p2a: Kyogre
|-damage|p2a: Kyogre|83/100
|-unboost|p2a: Kyogre|spa|1
|
|-weather|RainDance|[upkeep]
|upkeep
|
|t:|1750775319
|switch|p2b: Calyrex|Calyrex-Ice, L50|100/100
|-ability|p2b: Calyrex|As One
|-ability|p2b: Calyrex|Unnerve
|turn|3
|j|☆Toasteduck
|player|p1|Toasteduck|2|
|inactive|Battle timer is ON: inactive players will automatically lose when time's up. (requested by meiose)
|
|t:|1750775350
|switch|p2a: Basculegion|Basculegion, L50, M|100/100
|-terastallize|p2b: Calyrex|Fairy
|move|p1a: Giratina|Poltergeist|p2b: Calyrex
|-activate|p2b: Calyrex|move: Poltergeist|Leftovers
|-damage|p2b: Calyrex|67/100
|move|p2b: Calyrex|Glacial Lance|p1b: Ting-Lu|[spread] p1a,p1b
|-supereffective|p1a: Giratina
|-resisted|p1b: Ting-Lu
|-damage|p1a: Giratina|13/100
|-damage|p1b: Ting-Lu|47/100
|move|p1b: Ting-Lu|Sand Tomb|p2b: Calyrex
|-damage|p2b: Calyrex|60/100
|-activate|p2b: Calyrex|move: Sand Tomb|[of] p1b: Ting-Lu
|
|-weather|RainDance|[upkeep]
|-heal|p2b: Calyrex|66/100|[from] item: Leftovers
|-damage|p2b: Calyrex|54/100|[from] move: Sand Tomb|[partiallytrapped]
|upkeep
|turn|4
|
|t:|1750775372
|move|p2a: Basculegion|Protect|p2a: Basculegion
|-singleturn|p2a: Basculegion|Protect
|move|p1a: Giratina|Protect|p1a: Giratina
|-singleturn|p1a: Giratina|Protect
|move|p2b: Calyrex|Glacial Lance|p1b: Ting-Lu|[spread] p1b
|-activate|p1a: Giratina|move: Protect
|-resisted|p1b: Ting-Lu
|-damage|p1b: Ting-Lu|37/100
|move|p1b: Ting-Lu|Ruination|p2b: Calyrex
|-damage|p2b: Calyrex|27/100
|
|-weather|RainDance|[upkeep]
|-heal|p2b: Calyrex|33/100|[from] item: Leftovers
|-damage|p2b: Calyrex|21/100|[from] move: Sand Tomb|[partiallytrapped]
|upkeep
|turn|5
|inactive|Toasteduck has 30 seconds left.
|
|t:|1750775407
|switch|p1b: Iron Bundle|Iron Bundle, L50|100/100
|move|p2a: Basculegion|Aqua Jet|p1a: Giratina
|-resisted|p1a: Giratina
|-damage|p1a: Giratina|0 fnt
|faint|p1a: Giratina
|-damage|p2a: Basculegion|91/100|[from] item: Life Orb
|move|p2b: Calyrex|Leech Seed|p1b: Iron Bundle|[miss]
|-miss|p2b: Calyrex|p1b: Iron Bundle
|
|-weather|none
|-heal|p2b: Calyrex|27/100|[from] item: Leftovers
|-end|p2b: Calyrex|Sand Tomb|[partiallytrapped]|[silent]
|upkeep
|
|t:|1750775418
|switch|p1a: Miraidon|Miraidon, L50|100/100
|-fieldstart|move: Electric Terrain|[from] ability: Hadron Engine|[of] p1a: Miraidon
|-activate|p1b: Iron Bundle|ability: Quark Drive
|-start|p1b: Iron Bundle|quarkdrivespe
|turn|6
|inactive|meiose has 30 seconds left.
|
|t:|1750775450
|move|p2a: Basculegion|Protect|p2a: Basculegion
|-singleturn|p2a: Basculegion|Protect
|move|p1b: Iron Bundle|Freeze-Dry|p2a: Basculegion
|-activate|p2a: Basculegion|move: Protect
|move|p1a: Miraidon|Volt Switch|p2b: Calyrex
|-damage|p2b: Calyrex|0 fnt
|faint|p2b: Calyrex
|
|t:|1750775455
|switch|p1a: Ting-Lu|Ting-Lu, L50, tera:Water|37/100|[from] Volt Switch
|-ability|p1a: Ting-Lu|Vessel of Ruin
|
|upkeep
|
|t:|1750775456
|switch|p2b: Kyogre|Kyogre, L50|83/100
|-weather|RainDance|[from] ability: Drizzle|[of] p2b: Kyogre
|turn|7
|
|t:|1750775463
|move|p1b: Iron Bundle|Protect|p1b: Iron Bundle
|-singleturn|p1b: Iron Bundle|Protect
|move|p2a: Basculegion|Last Respects|p1a: Ting-Lu
|-damage|p1a: Ting-Lu|0 fnt
|faint|p1a: Ting-Lu
|-damage|p2a: Basculegion|81/100|[from] item: Life Orb
|move|p2b: Kyogre|Thunder|p1b: Iron Bundle
|-activate|p1b: Iron Bundle|move: Protect
|
|-weather|RainDance|[upkeep]
|upkeep
|
|t:|1750775468
|switch|p1a: Miraidon|Miraidon, L50|100/100
|-activate|p1a: Miraidon|ability: Hadron Engine
|turn|8
|
|t:|1750775476
|move|p1b: Iron Bundle|Freeze-Dry|p2a: Basculegion
|-supereffective|p2a: Basculegion
|-damage|p2a: Basculegion|0 fnt
|faint|p2a: Basculegion
|-damage|p1b: Iron Bundle|91/100|[from] item: Life Orb
|move|p1a: Miraidon|Electro Drift|p2b: Kyogre
|-supereffective|p2b: Kyogre
|-damage|p2b: Kyogre|0 fnt
|faint|p2b: Kyogre
|
|win|Toasteduck
|raw|Toasteduck's rating: 1650 &rarr; <strong>1677</strong><br />(+27 for winning)
|raw|meiose's rating: 1784 &rarr; <strong>1757</strong><br />(-27 for losing)
|l|☆meiose
|player|p2|
|l| Ponytuils
|l|☆Toasteduck
|player|p1|
