|j|☆TMD99
|j|☆Gibsteroni
|t:|1750873083
|gametype|doubles
|player|p1|TMD99|grimsley|1228
|player|p2|Gibsteroni|265|1182
|teamsize|p1|6
|teamsize|p2|6
|gen|9
|tier|[Gen 9] VGC 2025 Reg I
|rated|
|rule|Species Clause: Limit one of each Pokémon
|rule|Item Clause: Limit 1 of each item
|clearpoke
|poke|p1|Calyrex-Shadow, L50|
|poke|p1|Gothitelle, L50, M|
|poke|p1|Incineroar, L50, M|
|poke|p1|Amoonguss, L50, F|
|poke|p1|Scream Tail, L50|
|poke|p1|Koraidon, L50|
|poke|p2|Incineroar, L50, F|
|poke|p2|Scream Tail, L50|
|poke|p2|Calyrex-Ice, L50|
|poke|p2|Koraidon, L50|
|poke|p2|Flutter Mane, L50|
|poke|p2|Rillaboom, L50, F|
|teampreview|4
|
|t:|1750873126
|start
|switch|p1a: Calyrex|Calyrex-Shadow, L50|100/100
|switch|p1b: Koraidon|Koraidon, L50|100/100
|switch|p2a: Koraidon|Koraidon, L50|100/100
|switch|p2b: Flutter Mane|Flutter Mane, L50|100/100
|-ability|p1a: Calyrex|As One
|-ability|p1a: Calyrex|Unnerve
|-weather|SunnyDay|[from] ability: Orichalcum Pulse|[of] p2a: Koraidon
|-activate|p2b: Flutter Mane|ability: Protosynthesis
|-start|p2b: Flutter Mane|protosynthesisspe
|-activate|p2a: Koraidon|Orichalcum Pulse|[source]
|-activate|p1b: Koraidon|ability: Orichalcum Pulse
|turn|1
|
|t:|1750873152
|switch|p1a: Incineroar|Incineroar, L50, M|100/100
|-ability|p1a: Incineroar|Intimidate|boost
|-unboost|p2a: Koraidon|atk|1
|-unboost|p2b: Flutter Mane|atk|1
|-terastallize|p1b: Koraidon|Fire
|move|p2b: Flutter Mane|Icy Wind|p1b: Koraidon|[spread] p1a,p1b
|-resisted|p1a: Incineroar
|-resisted|p1b: Koraidon
|-damage|p1a: Incineroar|95/100
|-damage|p1b: Koraidon|93/100
|-unboost|p1a: Incineroar|spe|1
|-unboost|p1b: Koraidon|spe|1
|move|p2a: Koraidon|Flare Blitz|p1a: Incineroar
|-resisted|p1a: Incineroar
|-damage|p1a: Incineroar|70/100
|-damage|p2a: Koraidon|92/100|[from] Recoil
|move|p1b: Koraidon|Flame Charge|p2b: Flutter Mane
|-enditem|p2b: Flutter Mane|Focus Sash
|-damage|p2b: Flutter Mane|1/100
|-boost|p1b: Koraidon|spe|1
|-damage|p1b: Koraidon|83/100|[from] item: Life Orb
|
|-weather|SunnyDay|[upkeep]
|upkeep
|turn|2
|
|t:|1750873180
|switch|p2a: Incineroar|Incineroar, L50, F|100/100
|-ability|p2a: Incineroar|Intimidate|boost
|-unboost|p1a: Incineroar|atk|1
|-unboost|p1b: Koraidon|atk|1
|move|p2b: Flutter Mane|Protect|p2b: Flutter Mane
|-singleturn|p2b: Flutter Mane|Protect
|move|p1a: Incineroar|Fake Out|p2a: Incineroar
|-damage|p2a: Incineroar|93/100
|move|p1b: Koraidon|Flame Charge|p2b: Flutter Mane
|-activate|p2b: Flutter Mane|move: Protect
|
|-weather|SunnyDay|[upkeep]
|upkeep
|turn|3
|
|t:|1750873209
|-end|p2b: Flutter Mane|Protosynthesis|[silent]
|switch|p2b: Koraidon|Koraidon, L50|92/100
|-activate|p2b: Koraidon|ability: Orichalcum Pulse
|move|p1b: Koraidon|Protect|p1b: Koraidon
|-singleturn|p1b: Koraidon|Protect
|move|p2a: Incineroar|Fake Out|p1b: Koraidon
|-activate|p1b: Koraidon|move: Protect
|move|p1a: Incineroar|Flare Blitz|p2b: Koraidon
|-resisted|p2b: Koraidon
|-damage|p2b: Koraidon|73/100
|-damage|p1a: Incineroar|63/100|[from] Recoil
|
|-weather|SunnyDay|[upkeep]
|upkeep
|turn|4
|
|t:|1750873243
|switch|p1b: Calyrex|Calyrex-Shadow, L50|100/100
|-ability|p1b: Calyrex|As One
|-ability|p1b: Calyrex|Unnerve
|move|p2b: Koraidon|Close Combat|p1b: Calyrex
|-immune|p1b: Calyrex
|move|p2a: Incineroar|Parting Shot|p1b: Calyrex
|-unboost|p1b: Calyrex|atk|1
|-unboost|p1b: Calyrex|spa|1
|
|t:|1750873259
|switch|p2a: Rillaboom|Rillaboom, L50, F|100/100|[from] Parting Shot
|-fieldstart|move: Grassy Terrain|[from] ability: Grassy Surge|[of] p2a: Rillaboom
|move|p1a: Incineroar|Parting Shot|p2b: Koraidon
|-unboost|p2b: Koraidon|atk|1
|-unboost|p2b: Koraidon|spa|1
|
|t:|1750873281
|switch|p1a: Scream Tail|Scream Tail, L50, shiny|100/100|[from] Parting Shot
|-activate|p1a: Scream Tail|ability: Protosynthesis
|-start|p1a: Scream Tail|protosynthesisspe
|
|-weather|SunnyDay|[upkeep]
|-heal|p2b: Koraidon|79/100|[from] Grassy Terrain
|upkeep
|turn|5
|
|t:|1750873295
|switch|p2b: Incineroar|Incineroar, L50, F|93/100
|-ability|p2b: Incineroar|Intimidate|boost
|-unboost|p1a: Scream Tail|atk|1
|-unboost|p1b: Calyrex|atk|1
|move|p1a: Scream Tail|Encore||[still]
|-fail|p1a: Scream Tail
|move|p1b: Calyrex|Astral Barrage|p2a: Rillaboom|[spread] p2a,p2b
|-resisted|p2b: Incineroar
|-crit|p2b: Incineroar
|-damage|p2a: Rillaboom|80/100
|-damage|p2b: Incineroar|61/100
|move|p2a: Rillaboom|Knock Off|p1b: Calyrex
|-supereffective|p1b: Calyrex
|-crit|p1b: Calyrex
|-enditem|p1b: Calyrex|Focus Sash
|-damage|p1b: Calyrex|1/100
|
|-weather|none
|-end|p1a: Scream Tail|Protosynthesis
|-heal|p1b: Calyrex|7/100|[from] Grassy Terrain
|-heal|p2a: Rillaboom|86/100|[from] Grassy Terrain
|-heal|p2b: Incineroar|67/100|[from] Grassy Terrain
|upkeep
|-enditem|p1a: Scream Tail|Booster Energy
|-activate|p1a: Scream Tail|ability: Protosynthesis|[fromitem]
|-start|p1a: Scream Tail|protosynthesisspe
|turn|6
|
|t:|1750873336
|move|p1b: Calyrex|Protect|p1b: Calyrex
|-singleturn|p1b: Calyrex|Protect
|move|p2a: Rillaboom|Grassy Glide|p1b: Calyrex
|-activate|p1b: Calyrex|move: Protect
|move|p1a: Scream Tail|Disable|p2a: Rillaboom
|-start|p2a: Rillaboom|Disable|Grassy Glide
|move|p2b: Incineroar|Knock Off|p1b: Calyrex
|-activate|p1b: Calyrex|move: Protect
|
|-heal|p1b: Calyrex|13/100|[from] Grassy Terrain
|-heal|p2a: Rillaboom|91/100|[from] Grassy Terrain
|-heal|p2b: Incineroar|73/100|[from] Grassy Terrain
|upkeep
|turn|7
|
|t:|1750873367
|move|p1a: Scream Tail|Encore|p2a: Rillaboom
|-start|p2a: Rillaboom|Encore
|move|p1b: Calyrex|Astral Barrage|p2b: Incineroar|[spread] p2a,p2b
|-resisted|p2b: Incineroar
|-crit|p2b: Incineroar
|-damage|p2a: Rillaboom|68/100
|-damage|p2b: Incineroar|37/100
|cant|p2a: Rillaboom|Disable|Grassy Glide
|move|p2b: Incineroar|Parting Shot|p1b: Calyrex
|-unboost|p1b: Calyrex|atk|1
|-unboost|p1b: Calyrex|spa|1
|
|t:|1750873380
|switch|p2b: Flutter Mane|Flutter Mane, L50|1/100|[from] Parting Shot
|
|-heal|p1b: Calyrex|19/100|[from] Grassy Terrain
|-heal|p2b: Flutter Mane|7/100|[from] Grassy Terrain
|-heal|p2a: Rillaboom|74/100|[from] Grassy Terrain
|upkeep
|turn|8
|
|t:|1750873400
|switch|p2a: Incineroar|Incineroar, L50, F|37/100
|-ability|p2a: Incineroar|Intimidate|boost
|-unboost|p1a: Scream Tail|atk|1
|-unboost|p1b: Calyrex|atk|1
|move|p1b: Calyrex|Protect|p1b: Calyrex
|-singleturn|p1b: Calyrex|Protect
|move|p1a: Scream Tail|Disable||[still]
|-fail|p1a: Scream Tail
|move|p2b: Flutter Mane|Icy Wind|p1b: Calyrex|[spread] p1a
|-activate|p1b: Calyrex|move: Protect
|-damage|p1a: Scream Tail|90/100
|-unboost|p1a: Scream Tail|spe|1
|
|-heal|p1b: Calyrex|24/100|[from] Grassy Terrain
|-heal|p2b: Flutter Mane|13/100|[from] Grassy Terrain
|-heal|p1a: Scream Tail|96/100|[from] Grassy Terrain
|-heal|p2a: Incineroar|43/100|[from] Grassy Terrain
|-fieldend|move: Grassy Terrain
|upkeep
|turn|9
|
|t:|1750873428
|move|p1a: Scream Tail|Protect|p1a: Scream Tail
|-singleturn|p1a: Scream Tail|Protect
|move|p2a: Incineroar|Fake Out|p1a: Scream Tail
|-activate|p1a: Scream Tail|move: Protect
|move|p1b: Calyrex|Astral Barrage|p2a: Incineroar|[spread] p2a,p2b
|-resisted|p2a: Incineroar
|-supereffective|p2b: Flutter Mane
|-damage|p2a: Incineroar|32/100
|-damage|p2b: Flutter Mane|0 fnt
|faint|p2b: Flutter Mane
|-end|p2b: Flutter Mane|Protosynthesis|[silent]
|-ability|p1b: Calyrex|Grim Neigh|boost
|-boost|p1b: Calyrex|spa|1
|
|upkeep
|
|t:|1750873442
|switch|p2b: Koraidon|Koraidon, L50|79/100
|-weather|SunnyDay|[from] ability: Orichalcum Pulse|[of] p2b: Koraidon
|-activate|p2b: Koraidon|Orichalcum Pulse|[source]
|turn|10
|
|t:|1750873465
|-end|p1a: Scream Tail|Protosynthesis|[silent]
|switch|p1a: Incineroar|Incineroar, L50, M|63/100
|-ability|p1a: Incineroar|Intimidate|boost
|-unboost|p2a: Incineroar|atk|1
|-unboost|p2b: Koraidon|atk|1
|-terastallize|p2b: Koraidon|Fire
|move|p2b: Koraidon|Flare Blitz|p1a: Incineroar
|-resisted|p1a: Incineroar
|-damage|p1a: Incineroar|21/100
|-damage|p2b: Koraidon|66/100|[from] Recoil
|move|p1b: Calyrex|Psychic|p2b: Koraidon
|-damage|p2b: Koraidon|34/100
|move|p2a: Incineroar|Knock Off|p1b: Calyrex
|-supereffective|p1b: Calyrex
|-damage|p1b: Calyrex|0 fnt
|faint|p1b: Calyrex
|
|-weather|SunnyDay|[upkeep]
|upkeep
|
|t:|1750873483
|switch|p1b: Koraidon|Koraidon, L50, tera:Fire|83/100
|-activate|p1b: Koraidon|ability: Orichalcum Pulse
|turn|11
|
|t:|1750873510
|switch|p2a: Rillaboom|Rillaboom, L50, F|74/100
|-fieldstart|move: Grassy Terrain|[from] ability: Grassy Surge|[of] p2a: Rillaboom
|move|p1a: Incineroar|Fake Out|p2b: Koraidon
|-damage|p2b: Koraidon|26/100
|cant|p2b: Koraidon|flinch
|move|p1b: Koraidon|Flame Charge|p2a: Rillaboom
|-supereffective|p2a: Rillaboom
|-damage|p2a: Rillaboom|0 fnt
|-boost|p1b: Koraidon|spe|1
|faint|p2a: Rillaboom
|-damage|p1b: Koraidon|74/100|[from] item: Life Orb
|
|-weather|SunnyDay|[upkeep]
|-heal|p1b: Koraidon|79/100|[from] Grassy Terrain
|-heal|p2b: Koraidon|31/100|[from] Grassy Terrain
|-heal|p1a: Incineroar|27/100|[from] Grassy Terrain
|upkeep
|
|t:|1750873525
|switch|p2a: Incineroar|Incineroar, L50, F|32/100
|-ability|p2a: Incineroar|Intimidate|boost
|-unboost|p1a: Incineroar|atk|1
|-unboost|p1b: Koraidon|atk|1
|turn|12
|
|t:|1750873539
|move|p1b: Koraidon|Protect|p1b: Koraidon
|-singleturn|p1b: Koraidon|Protect
|move|p2a: Incineroar|Fake Out|p1b: Koraidon
|-activate|p1b: Koraidon|move: Protect
|move|p2b: Koraidon|Flare Blitz|p1a: Incineroar
|-resisted|p1a: Incineroar
|-damage|p1a: Incineroar|0 fnt
|faint|p1a: Incineroar
|-damage|p2b: Koraidon|23/100|[from] Recoil
|
|-weather|SunnyDay|[upkeep]
|-heal|p1b: Koraidon|85/100|[from] Grassy Terrain
|-heal|p2b: Koraidon|29/100|[from] Grassy Terrain
|-heal|p2a: Incineroar|38/100|[from] Grassy Terrain
|upkeep
|
|t:|1750873545
|switch|p1a: Scream Tail|Scream Tail, L50, shiny|96/100
|-activate|p1a: Scream Tail|ability: Protosynthesis
|-start|p1a: Scream Tail|protosynthesisspe
|turn|13
|
|t:|1750873560
|move|p1b: Koraidon|Close Combat|p2b: Koraidon
|-damage|p2b: Koraidon|0 fnt
|-unboost|p1b: Koraidon|def|1
|-unboost|p1b: Koraidon|spd|1
|faint|p2b: Koraidon
|-damage|p1b: Koraidon|75/100|[from] item: Life Orb
|move|p1a: Scream Tail|Encore|p2a: Incineroar
|-start|p2a: Incineroar|Encore
|move|p2a: Incineroar|Fake Out||[still]
|-hint|Fake Out only works on your first turn out.
|-fail|p2a: Incineroar
|
|-weather|SunnyDay|[upkeep]
|-heal|p1b: Koraidon|81/100|[from] Grassy Terrain
|-heal|p1a: Scream Tail|100/100|[from] Grassy Terrain
|-heal|p2a: Incineroar|44/100|[from] Grassy Terrain
|upkeep
|turn|14
|c|☆TMD99|Gg wp
|-message|Gibsteroni forfeited.
|
|win|TMD99
|raw|TMD99's rating: 1228 &rarr; <strong>1250</strong><br />(+22 for winning)
|raw|Gibsteroni's rating: 1182 &rarr; <strong>1160</strong><br />(-22 for losing)
|l|☆Gibsteroni
|player|p2|
