|j|☆ItsZachStone
|j|☆sicknessuntodeath
|t:|1750832043
|gametype|doubles
|player|p1|ItsZachStone|flannery|1404
|player|p2|sicknessuntodeath|steven|1540
|teamsize|p1|6
|teamsize|p2|6
|gen|9
|tier|[Gen 9] VGC 2025 Reg I
|rated|
|rule|Species Clause: Limit one of each Pokémon
|rule|Item Clause: Limit 1 of each item
|clearpoke
|poke|p1|Toxicroak, L50, F|
|poke|p1|Calyrex-Ice, L50|
|poke|p1|Rillaboom, L50, M|
|poke|p1|Landorus-Therian, L50, M|
|poke|p1|Kyogre, L50|
|poke|p1|Ogerpon-Wellspring, L50, F|
|poke|p2|Clefairy, L50, F|
|poke|p2|Rillaboom, L50, F|
|poke|p2|Calyrex-Shadow, L50|
|poke|p2|Zamazenta-*, L50|
|poke|p2|Urshifu-*, L50, F|
|poke|p2|Amoonguss, L50, F|
|teampreview|4
|inactive|Battle timer is ON: inactive players will automatically lose when time's up. (requested by ItsZachStone)
|inactive|ItsZachStone has 60 seconds left.
|
|t:|1750832076
|start
|switch|p1a: Toxicroak|Toxicroak, L50, F|100/100
|switch|p1b: Kyogre|Kyogre, L50|100/100
|switch|p2a: Calyrex|Calyrex-Shadow, L50|100/100
|switch|p2b: Zamazenta|Zamazenta-Crowned, L50|100/100
|-ability|p2a: Calyrex|As One
|-ability|p2a: Calyrex|Unnerve
|-ability|p2b: Zamazenta|Dauntless Shield|boost
|-boost|p2b: Zamazenta|def|1
|-weather|RainDance|[from] ability: Drizzle|[of] p1b: Kyogre
|turn|1
|inactive|ItsZachStone has 30 seconds left.
|
|t:|1750832102
|move|p1a: Toxicroak|Fake Out|p2b: Zamazenta
|-resisted|p2b: Zamazenta
|-damage|p2b: Zamazenta|98/100
|move|p2a: Calyrex|Astral Barrage|p1b: Kyogre|[spread] p1a,p1b
|-damage|p1a: Toxicroak|15/100
|-damage|p1b: Kyogre|70/100
|cant|p2b: Zamazenta|flinch
|move|p1b: Kyogre|Ice Beam|p2a: Calyrex
|-damage|p2a: Calyrex|70/100
|
|-weather|RainDance|[upkeep]
|-heal|p1a: Toxicroak|27/100|[from] ability: Dry Skin
|upkeep
|turn|2
|
|t:|1750832129
|switch|p1a: Ogerpon|Ogerpon-Wellspring, L50, F|100/100
|-terastallize|p2a: Calyrex|Fairy
|move|p2a: Calyrex|Astral Barrage|p1b: Kyogre|[spread] p1a,p1b
|-damage|p1a: Ogerpon|64/100
|-damage|p1b: Kyogre|40/100
|move|p2b: Zamazenta|Body Press|p1b: Kyogre
|-damage|p1b: Kyogre|0 fnt
|faint|p1b: Kyogre
|
|-weather|RainDance|[upkeep]
|upkeep
|
|t:|1750832141
|switch|p1b: Calyrex|Calyrex-Ice, L50|100/100
|-ability|p1b: Calyrex|As One
|-ability|p1b: Calyrex|Unnerve
|turn|3
|
|t:|1750832164
|-terastallize|p1b: Calyrex|Water
|move|p2a: Calyrex|Astral Barrage|p1b: Calyrex|[spread] p1a,p1b
|-crit|p1b: Calyrex
|-damage|p1a: Ogerpon|23/100
|-damage|p1b: Calyrex|51/100
|move|p2b: Zamazenta|Iron Defense|p2b: Zamazenta
|-boost|p2b: Zamazenta|def|2
|move|p1a: Ogerpon|Ivy Cudgel|p2a: Calyrex|[anim] Ivy Cudgel Water
|-damage|p2a: Calyrex|0 fnt
|faint|p2a: Calyrex
|move|p1b: Calyrex|Trick Room|p1b: Calyrex
|-fieldstart|move: Trick Room|[of] p1b: Calyrex
|
|-weather|RainDance|[upkeep]
|-heal|p1b: Calyrex|57/100|[from] item: Leftovers
|upkeep
|
|t:|1750832168
|switch|p2a: Clefairy|Clefairy, L50, F|100/100
|turn|4
|
|t:|1750832186
|move|p1a: Ogerpon|Follow Me|p1a: Ogerpon
|-singleturn|p1a: Ogerpon|move: Follow Me
|move|p2a: Clefairy|After You||[still]
|-fail|p2a: Clefairy
|move|p1b: Calyrex|Leech Seed|p2b: Zamazenta
|-start|p2b: Zamazenta|move: Leech Seed
|move|p2b: Zamazenta|Body Press|p1a: Ogerpon
|-damage|p1a: Ogerpon|0 fnt
|faint|p1a: Ogerpon
|
|-weather|RainDance|[upkeep]
|-heal|p1b: Calyrex|62/100|[from] item: Leftovers
|-damage|p2b: Zamazenta|86/100|[from] Leech Seed|[of] p1b: Calyrex
|-heal|p1b: Calyrex|73/100|[silent]
|upkeep
|
|t:|1750832196
|switch|p1a: Toxicroak|Toxicroak, L50, F|27/100
|turn|5
|
|t:|1750832209
|move|p2a: Clefairy|Protect|p2a: Clefairy
|-singleturn|p2a: Clefairy|Protect
|move|p2b: Zamazenta|Protect|p2b: Zamazenta
|-singleturn|p2b: Zamazenta|Protect
|move|p1a: Toxicroak|Fake Out|p2b: Zamazenta
|-activate|p2b: Zamazenta|move: Protect
|move|p1b: Calyrex|Leech Seed|p2a: Clefairy
|-activate|p2a: Clefairy|move: Protect
|
|-weather|none
|-heal|p1b: Calyrex|79/100|[from] item: Leftovers
|-damage|p2b: Zamazenta|73/100|[from] Leech Seed|[of] p1b: Calyrex
|-heal|p1b: Calyrex|90/100|[silent]
|upkeep
|turn|6
|
|t:|1750832224
|switch|p2b: Rillaboom|Rillaboom, L50, F|100/100
|-fieldstart|move: Grassy Terrain|[from] ability: Grassy Surge|[of] p2b: Rillaboom
|move|p1b: Calyrex|Protect|p1b: Calyrex
|-singleturn|p1b: Calyrex|Protect
|move|p2a: Clefairy|Follow Me|p2a: Clefairy
|-singleturn|p2a: Clefairy|move: Follow Me
|move|p1a: Toxicroak|Coaching|p1b: Calyrex
|-boost|p1b: Calyrex|atk|1
|-boost|p1b: Calyrex|def|1
|
|-heal|p1b: Calyrex|96/100|[from] Grassy Terrain
|-heal|p1b: Calyrex|100/100|[from] item: Leftovers
|-heal|p1a: Toxicroak|33/100|[from] Grassy Terrain
|upkeep
|turn|7
|inactive|sicknessuntodeath has 30 seconds left.
|
|t:|1750832253
|move|p2a: Clefairy|After You|p2b: Rillaboom
|-activate|p2b: Rillaboom|move: After You
|move|p2b: Rillaboom|Drum Beating|p1a: Toxicroak
|-resisted|p1a: Toxicroak
|-damage|p1a: Toxicroak|0 fnt
|faint|p1a: Toxicroak
|move|p1b: Calyrex|Glacial Lance|p2a: Clefairy|[spread] p2a,p2b
|-supereffective|p2b: Rillaboom
|-damage|p2a: Clefairy|37/100
|-damage|p2b: Rillaboom|0 fnt
|faint|p2b: Rillaboom
|-ability|p1b: Calyrex|Chilling Neigh|boost
|-boost|p1b: Calyrex|atk|1
|
|-heal|p2a: Clefairy|43/100|[from] Grassy Terrain
|-fieldend|move: Trick Room
|upkeep
|
|t:|1750832256
|switch|p2b: Zamazenta|Zamazenta-Crowned, L50|73/100
|turn|8
|
|t:|1750832265
|move|p2a: Clefairy|Protect|p2a: Clefairy
|-singleturn|p2a: Clefairy|Protect
|move|p2b: Zamazenta|Iron Defense|p2b: Zamazenta
|-boost|p2b: Zamazenta|def|2
|move|p1b: Calyrex|Leech Seed|p2b: Zamazenta
|-start|p2b: Zamazenta|move: Leech Seed
|
|-heal|p2b: Zamazenta|79/100|[from] Grassy Terrain
|-heal|p2a: Clefairy|50/100|[from] Grassy Terrain
|-damage|p2b: Zamazenta|67/100|[from] Leech Seed|[of] p1b: Calyrex
|upkeep
|turn|9
|inactive|sicknessuntodeath has 30 seconds left.
|
|t:|1750832292
|move|p2a: Clefairy|Protect||[still]
|-fail|p2a: Clefairy
|move|p2b: Zamazenta|Iron Defense|p2b: Zamazenta
|-boost|p2b: Zamazenta|def|2
|move|p1b: Calyrex|Glacial Lance|p2b: Zamazenta|[spread] p2a,p2b
|-resisted|p2b: Zamazenta
|-damage|p2a: Clefairy|0 fnt
|-damage|p2b: Zamazenta|60/100
|faint|p2a: Clefairy
|-ability|p1b: Calyrex|Chilling Neigh|boost
|-boost|p1b: Calyrex|atk|1
|
|-heal|p2b: Zamazenta|66/100|[from] Grassy Terrain
|-damage|p2b: Zamazenta|53/100|[from] Leech Seed|[of] p1b: Calyrex
|upkeep
|turn|10
|c|☆sicknessuntodeath|the switch into incin was a missclick
|
|t:|1750832309
|move|p1b: Calyrex|Protect|p1b: Calyrex
|-singleturn|p1b: Calyrex|Protect
|move|p2b: Zamazenta|Iron Defense|p2b: Zamazenta
|-boost|p2b: Zamazenta|def|2
|
|-heal|p2b: Zamazenta|59/100|[from] Grassy Terrain
|-damage|p2b: Zamazenta|47/100|[from] Leech Seed|[of] p1b: Calyrex
|-fieldend|move: Grassy Terrain
|upkeep
|turn|11
|c|☆sicknessuntodeath|i mean the switch into rilla
|
|t:|1750832318
|move|p2b: Zamazenta|Body Press|p1b: Calyrex
|-damage|p1b: Calyrex|41/100
|move|p1b: Calyrex|Trick Room|p1b: Calyrex
|-fieldstart|move: Trick Room|[of] p1b: Calyrex
|
|-heal|p1b: Calyrex|46/100|[from] item: Leftovers
|-damage|p2b: Zamazenta|35/100|[from] Leech Seed|[of] p1b: Calyrex
|-heal|p1b: Calyrex|58/100|[silent]
|upkeep
|turn|12
|
|t:|1750832326
|move|p1b: Calyrex|Protect|p1b: Calyrex
|-singleturn|p1b: Calyrex|Protect
|move|p2b: Zamazenta|Body Press|p1b: Calyrex
|-activate|p1b: Calyrex|move: Protect
|
|-heal|p1b: Calyrex|63/100|[from] item: Leftovers
|-damage|p2b: Zamazenta|22/100|[from] Leech Seed|[of] p1b: Calyrex
|-heal|p1b: Calyrex|74/100|[silent]
|upkeep
|turn|13
|
|t:|1750832334
|move|p1b: Calyrex|Glacial Lance|p2b: Zamazenta
|-resisted|p2b: Zamazenta
|-damage|p2b: Zamazenta|11/100
|move|p2b: Zamazenta|Body Press|p1b: Calyrex
|-damage|p1b: Calyrex|9/100
|
|-heal|p1b: Calyrex|15/100|[from] item: Leftovers
|-damage|p2b: Zamazenta|0 fnt|[from] Leech Seed|[of] p1b: Calyrex
|-heal|p1b: Calyrex|24/100|[silent]
|faint|p2b: Zamazenta
|
|win|ItsZachStone
|raw|ItsZachStone's rating: 1404 &rarr; <strong>1431</strong><br />(+27 for winning)
|raw|sicknessuntodeath's rating: 1540 &rarr; <strong>1513</strong><br />(-27 for losing)
|l|☆sicknessuntodeath
|player|p2|
|l|☆ItsZachStone
|player|p1|
