|j|☆Lewissquire
|j|☆Kuschki
|t:|1750768139
|gametype|doubles
|player|p1|Lewissquire|2|1410
|player|p2|Kuschki|170|1410
|teamsize|p1|6
|teamsize|p2|6
|gen|9
|tier|[Gen 9] VGC 2025 Reg I
|rated|
|rule|Species Clause: Limit one of each Pokémon
|rule|Item Clause: Limit 1 of each item
|clearpoke
|poke|p1|Zamazenta-*, L50|
|poke|p1|Raging Bolt, L50|
|poke|p1|Incineroar, L50, F|
|poke|p1|Rillaboom, L50, M|
|poke|p1|Ogerpon-Hearthflame, L50, F|
|poke|p1|Calyrex-Shadow, L50|
|poke|p2|Zacian-*, L50|
|poke|p2|Kyogre, L50|
|poke|p2|Kingambit, L50, M|
|poke|p2|Flamigo, L50, F|
|poke|p2|Hydrapple, L50, M|
|poke|p2|Illumise, L50, F|
|teampreview|4
|
|t:|1750768182
|start
|switch|p1a: Calyrex|Calyrex-Shadow, L50|100/100
|switch|p1b: Zamazenta|Zamazenta-Crowned, L50|100/100
|switch|p2a: Illumise|Illumise, L50, F|100/100
|switch|p2b: Kyogre|Kyogre, L50|100/100
|-ability|p1a: Calyrex|As One
|-ability|p1a: Calyrex|Unnerve
|-ability|p1b: Zamazenta|Dauntless Shield|boost
|-boost|p1b: Zamazenta|def|1
|-weather|RainDance|[from] ability: Drizzle|[of] p2b: Kyogre
|turn|1
|
|t:|1750768207
|move|p1b: Zamazenta|Wide Guard|p1b: Zamazenta
|-singleturn|p1b: Zamazenta|Wide Guard
|move|p2a: Illumise|Tailwind|p2a: Illumise
|-sidestart|p2: Kuschki|move: Tailwind
|move|p2b: Kyogre|Thunder|p1a: Calyrex
|-crit|p1a: Calyrex
|-damage|p1a: Calyrex|36/100
|move|p1a: Calyrex|Astral Barrage|p2b: Kyogre|[spread] p2a,p2b
|-damage|p2a: Illumise|43/100
|-damage|p2b: Kyogre|56/100
|-damage|p1a: Calyrex|27/100|[from] item: Life Orb
|
|-weather|RainDance|[upkeep]
|-heal|p2b: Kyogre|62/100|[from] item: Leftovers
|upkeep
|turn|2
|
|t:|1750768233
|move|p1a: Calyrex|Protect|p1a: Calyrex
|-singleturn|p1a: Calyrex|Protect
|move|p2a: Illumise|Fake Tears|p1b: Zamazenta
|-unboost|p1b: Zamazenta|spd|2
|move|p2b: Kyogre|Thunder|p1a: Calyrex
|-activate|p1a: Calyrex|move: Protect
|move|p1b: Zamazenta|Body Press|p2b: Kyogre
|-damage|p2b: Kyogre|0 fnt
|faint|p2b: Kyogre
|
|-weather|RainDance|[upkeep]
|upkeep
|
|t:|1750768248
|switch|p2b: Zacian|Zacian-Crowned, L50|100/100
|-ability|p2b: Zacian|Intrepid Sword|boost
|-boost|p2b: Zacian|atk|1
|turn|3
|
|t:|1750768278
|move|p2b: Zacian|Behemoth Blade|p1a: Calyrex
|-damage|p1a: Calyrex|0 fnt
|-enditem|p2a: Illumise|Sitrus Berry|[eat]
|-heal|p2a: Illumise|68/100|[from] item: Sitrus Berry
|faint|p1a: Calyrex
|move|p2a: Illumise|Struggle Bug|p1b: Zamazenta
|-resisted|p1b: Zamazenta
|-damage|p1b: Zamazenta|96/100
|-unboost|p1b: Zamazenta|spa|1
|move|p1b: Zamazenta|Heavy Slam|p2a: Illumise
|-damage|p2a: Illumise|8/100
|
|-weather|RainDance|[upkeep]
|upkeep
|
|t:|1750768292
|switch|p1a: Rillaboom|Rillaboom, L50, M|100/100
|-fieldstart|move: Grassy Terrain|[from] ability: Grassy Surge|[of] p1a: Rillaboom
|turn|4
|
|t:|1750768306
|-terastallize|p2b: Zacian|Ghost
|move|p1a: Rillaboom|Grassy Glide|p2a: Illumise
|-resisted|p2a: Illumise
|-damage|p2a: Illumise|0 fnt
|faint|p2a: Illumise
|move|p2b: Zacian|Sacred Sword|p1b: Zamazenta
|-supereffective|p1b: Zamazenta
|-damage|p1b: Zamazenta|44/100
|move|p1b: Zamazenta|Body Press|p2b: Zacian
|-immune|p2b: Zacian
|
|-weather|RainDance|[upkeep]
|-heal|p1b: Zamazenta|50/100|[from] Grassy Terrain
|-sideend|p2: Kuschki|move: Tailwind
|upkeep
|
|t:|1750768319
|switch|p2a: Kingambit|Kingambit, L50, M|100/100
|turn|5
|
|t:|1750768330
|move|p2b: Zacian|Sacred Sword|p1b: Zamazenta
|-supereffective|p1b: Zamazenta
|-damage|p1b: Zamazenta|0 fnt
|faint|p1b: Zamazenta
|move|p1a: Rillaboom|Wood Hammer|p2b: Zacian
|-damage|p2b: Zacian|25/100
|-damage|p1a: Rillaboom|78/100|[from] Recoil
|move|p2a: Kingambit|Kowtow Cleave|p1a: Rillaboom
|-damage|p1a: Rillaboom|34/100
|
|-weather|none
|-heal|p2b: Zacian|31/100|[from] Grassy Terrain
|-heal|p1a: Rillaboom|39/100|[from] Grassy Terrain
|upkeep
|
|t:|1750768344
|switch|p1b: Raging Bolt|Raging Bolt, L50|100/100
|-enditem|p1b: Raging Bolt|Booster Energy
|-activate|p1b: Raging Bolt|ability: Protosynthesis|[fromitem]
|-start|p1b: Raging Bolt|protosynthesisspa
|turn|6
|l|☆Kuschki
|player|p2|
|j|☆Kuschki
|player|p2|Kuschki|170|
|
|t:|1750768385
|-terastallize|p1b: Raging Bolt|Electric
|move|p2b: Zacian|Protect|p2b: Zacian
|-singleturn|p2b: Zacian|Protect
|move|p1a: Rillaboom|Grassy Glide|p2b: Zacian
|-activate|p2b: Zacian|move: Protect
|move|p1b: Raging Bolt|Thunderbolt|p2a: Kingambit
|-damage|p2a: Kingambit|39/100
|move|p2a: Kingambit|Kowtow Cleave|p1a: Rillaboom
|-damage|p1a: Rillaboom|0 fnt
|faint|p1a: Rillaboom
|
|-heal|p2b: Zacian|37/100|[from] Grassy Terrain
|-heal|p2a: Kingambit|44/100|[from] Grassy Terrain
|upkeep
|turn|7
|
|t:|1750768427
|move|p2b: Zacian|Play Rough|p1b: Raging Bolt
|-damage|p1b: Raging Bolt|44/100
|move|p1b: Raging Bolt|Thunderbolt|p2a: Kingambit
|-damage|p2a: Kingambit|0 fnt
|faint|p2a: Kingambit
|
|-heal|p2b: Zacian|43/100|[from] Grassy Terrain
|-heal|p1b: Raging Bolt|50/100|[from] Grassy Terrain
|upkeep
|turn|8
|
|t:|1750768437
|move|p2b: Zacian|Protect|p2b: Zacian
|-singleturn|p2b: Zacian|Protect
|move|p1b: Raging Bolt|Thunderclap||[still]
|-fail|p1b: Raging Bolt
|
|-heal|p2b: Zacian|49/100|[from] Grassy Terrain
|-heal|p1b: Raging Bolt|56/100|[from] Grassy Terrain
|-fieldend|move: Grassy Terrain
|upkeep
|turn|9
|
|t:|1750768445
|move|p1b: Raging Bolt|Thunderclap|p2b: Zacian
|-damage|p2b: Zacian|0 fnt
|faint|p2b: Zacian
|
|win|Lewissquire
|raw|Lewissquire's rating: 1410 &rarr; <strong>1430</strong><br />(+20 for winning)
|raw|Kuschki's rating: 1410 &rarr; <strong>1390</strong><br />(-20 for losing)
|l|☆Kuschki
|player|p2|
|l|☆Lewissquire
|player|p1|
