|j|☆TextorisFunus
|j|☆amolefoche
|t:|1750844526
|gametype|doubles
|player|p1|TextorisFunus|n|1230
|player|p2|amolefoche|wallace|1238
|teamsize|p1|6
|teamsize|p2|6
|gen|9
|tier|[Gen 9] VGC 2025 Reg I
|rated|
|rule|Species Clause: Limit one of each Pokémon
|rule|Item Clause: Limit 1 of each item
|clearpoke
|poke|p1|Lunala, L50|
|poke|p1|Miraidon, L50|
|poke|p1|Incineroar, L50, M|
|poke|p1|Rillaboom, L50, F|
|poke|p1|Urshifu-*, L50, M|
|poke|p1|Amoonguss, L50, F|
|poke|p2|Koraidon, L50|
|poke|p2|Reshiram, L50|
|poke|p2|Flutter Mane, L50|
|poke|p2|Raging Bolt, L50|
|poke|p2|Venusaur, L50, F|
|poke|p2|Whimsicott, L50, F|
|teampreview|4
|
|t:|1750844568
|start
|switch|p1a: Majora|Lunala, L50, shiny|100/100
|switch|p1b: Hertz|Miraidon, L50|100/100
|switch|p2a: Koraidon|Koraidon, L50|100/100
|switch|p2b: Venusaur|Venusaur, L50, F|100/100
|-fieldstart|move: Electric Terrain|[from] ability: Hadron Engine|[of] p1b: Hertz
|-weather|SunnyDay|[from] ability: Orichalcum Pulse|[of] p2a: Koraidon
|-activate|p2a: Koraidon|Orichalcum Pulse|[source]
|turn|1
|
|t:|1750844586
|switch|p2a: Whimsicott|Whimsicott, L50, F|100/100
|move|p2b: Venusaur|Growth|p2b: Venusaur
|-boost|p2b: Venusaur|atk|2
|-boost|p2b: Venusaur|spa|2
|move|p1b: Hertz|Draco Meteor|p2a: Whimsicott
|-immune|p2a: Whimsicott
|move|p1a: Majora|Calm Mind|p1a: Majora
|-boost|p1a: Majora|spa|1
|-boost|p1a: Majora|spd|1
|
|-weather|SunnyDay|[upkeep]
|upkeep
|turn|2
|
|t:|1750844613
|switch|p1b: Sol|Incineroar, L50, M|100/100
|-ability|p1b: Sol|Intimidate|boost
|-unboost|p2a: Whimsicott|atk|1
|-unboost|p2b: Venusaur|atk|1
|move|p2a: Whimsicott|Encore|p1a: Majora
|-start|p1a: Majora|Encore
|move|p2b: Venusaur|Weather Ball|p1b: Sol
|-resisted|p1b: Sol
|-damage|p1b: Sol|57/100
|move|p1a: Majora|Calm Mind|p1a: Majora
|-boost|p1a: Majora|spa|1
|-boost|p1a: Majora|spd|1
|
|-weather|SunnyDay|[upkeep]
|upkeep
|turn|3
|
|t:|1750844636
|-terastallize|p1a: Majora|Fairy
|move|p1b: Sol|Fake Out|p2b: Venusaur
|-damage|p2b: Venusaur|86/100
|move|p2a: Whimsicott|Tailwind|p2a: Whimsicott
|-sidestart|p2: amolefoche|move: Tailwind
|cant|p2b: Venusaur|flinch
|move|p1a: Majora|Calm Mind|p1a: Majora
|-boost|p1a: Majora|spa|1
|-boost|p1a: Majora|spd|1
|
|-weather|SunnyDay|[upkeep]
|upkeep
|turn|4
|
|t:|1750844654
|move|p2b: Venusaur|Weather Ball|p1b: Sol
|-resisted|p1b: Sol
|-damage|p1b: Sol|13/100
|move|p2a: Whimsicott|Moonblast|p1b: Sol
|-damage|p1b: Sol|0 fnt
|faint|p1b: Sol
|move|p1a: Majora|Calm Mind|p1a: Majora
|-boost|p1a: Majora|spa|1
|-boost|p1a: Majora|spd|1
|
|-weather|SunnyDay|[upkeep]
|-end|p1a: Majora|Encore
|upkeep
|
|t:|1750844669
|switch|p1b: Hertz|Miraidon, L50|100/100
|-activate|p1b: Hertz|ability: Hadron Engine
|turn|5
|inactive|Battle timer is ON: inactive players will automatically lose when time's up. (requested by amolefoche)
|
|t:|1750844699
|move|p2a: Whimsicott|Encore|p1a: Majora
|-start|p1a: Majora|Encore
|move|p2b: Venusaur|Growth|p2b: Venusaur
|-boost|p2b: Venusaur|atk|2
|-boost|p2b: Venusaur|spa|2
|move|p1b: Hertz|Electro Drift|p2a: Whimsicott
|-resisted|p2a: Whimsicott
|-damage|p2a: Whimsicott|29/100
|move|p1a: Majora|Calm Mind|p1a: Majora
|-boost|p1a: Majora|spa|1
|-boost|p1a: Majora|spd|1
|
|-weather|none
|-fieldend|move: Electric Terrain
|upkeep
|turn|6
|
|t:|1750844716
|switch|p2a: Koraidon|Koraidon, L50|100/100
|-weather|SunnyDay|[from] ability: Orichalcum Pulse|[of] p2a: Koraidon
|-activate|p2a: Koraidon|Orichalcum Pulse|[source]
|move|p2b: Venusaur|Sleep Powder|p1b: Hertz|[miss]
|-miss|p2b: Venusaur|p1b: Hertz
|move|p1b: Hertz|Electro Drift|p2a: Koraidon
|-resisted|p2a: Koraidon
|-damage|p2a: Koraidon|70/100
|move|p1a: Majora|Calm Mind|p1a: Majora
|-boost|p1a: Majora|spa|1
|-boost|p1a: Majora|spd|1
|
|-weather|SunnyDay|[upkeep]
|-sideend|p2: amolefoche|move: Tailwind
|upkeep
|turn|7
|
|t:|1750844732
|switch|p1b: Neptune|Urshifu-Rapid-Strike, L50, M|100/100
|move|p2b: Venusaur|Sleep Powder|p1b: Neptune
|-status|p1b: Neptune|slp|[from] move: Sleep Powder
|move|p2a: Koraidon|Flare Blitz|p1a: Majora
|-damage|p1a: Majora|65/100
|-damage|p2a: Koraidon|54/100|[from] Recoil
|move|p1a: Majora|Calm Mind|p1a: Majora
|-boost|p1a: Majora|spa|0
|-boost|p1a: Majora|spd|0
|
|-weather|SunnyDay|[upkeep]
|-heal|p1a: Majora|71/100|[from] item: Leftovers
|-end|p1a: Majora|Encore
|upkeep
|turn|8
|
|t:|1750844756
|-terastallize|p2a: Koraidon|Fire
|move|p1a: Majora|Protect|p1a: Majora
|-singleturn|p1a: Majora|Protect
|move|p2b: Venusaur|Giga Drain|p1b: Neptune
|-supereffective|p1b: Neptune
|-enditem|p1b: Neptune|Focus Sash
|-damage|p1b: Neptune|1/100 slp
|-heal|p2b: Venusaur|100/100|[from] drain|[of] p1b: Neptune
|move|p2a: Koraidon|Flare Blitz|p1a: Majora
|-activate|p1a: Majora|move: Protect
|cant|p1b: Neptune|slp
|
|-weather|SunnyDay|[upkeep]
|-heal|p1a: Majora|78/100|[from] item: Leftovers
|upkeep
|turn|9
|inactive|TextorisFunus has 30 seconds left.
|
|t:|1750844783
|cant|p1b: Neptune|slp
|move|p2b: Venusaur|Sleep Powder|p1a: Majora|[miss]
|-miss|p2b: Venusaur|p1a: Majora
|move|p2a: Koraidon|Flare Blitz|p1a: Majora
|-damage|p1a: Majora|0 fnt
|faint|p1a: Majora
|-damage|p2a: Koraidon|19/100|[from] Recoil
|
|-weather|SunnyDay|[upkeep]
|upkeep
|
|t:|1750844793
|switch|p1a: Hertz|Miraidon, L50|100/100
|-fieldstart|move: Electric Terrain|[from] ability: Hadron Engine|[of] p1a: Hertz
|turn|10
|
|t:|1750844810
|switch|p2a: Whimsicott|Whimsicott, L50, F|29/100
|cant|p1b: Neptune|slp
|move|p2b: Venusaur|Giga Drain|p1b: Neptune
|-supereffective|p1b: Neptune
|-damage|p1b: Neptune|0 fnt
|faint|p1b: Neptune
|move|p1a: Hertz|Electro Drift|p2b: Venusaur
|-resisted|p2b: Venusaur
|-damage|p2b: Venusaur|42/100
|
|-weather|none
|upkeep
|turn|11
|
|t:|1750844823
|move|p2a: Whimsicott|Tailwind|p2a: Whimsicott
|-sidestart|p2: amolefoche|move: Tailwind
|move|p2b: Venusaur|Giga Drain|p1a: Hertz
|-resisted|p1a: Hertz
|-damage|p1a: Hertz|58/100
|-heal|p2b: Venusaur|69/100|[from] drain|[of] p1a: Hertz
|move|p1a: Hertz|Electro Drift|p2b: Venusaur
|-resisted|p2b: Venusaur
|-damage|p2b: Venusaur|15/100
|
|upkeep
|turn|12
|
|t:|1750844834
|move|p2a: Whimsicott|Moonblast|p1a: Hertz
|-supereffective|p1a: Hertz
|-damage|p1a: Hertz|11/100
|move|p2b: Venusaur|Giga Drain|p1a: Hertz
|-resisted|p1a: Hertz
|-damage|p1a: Hertz|0 fnt
|-heal|p2b: Venusaur|22/100|[from] drain|[of] p1a: Hertz
|faint|p1a: Hertz
|
|win|amolefoche
|raw|TextorisFunus's rating: 1230 &rarr; <strong>1206</strong><br />(-24 for losing)
|raw|amolefoche's rating: 1238 &rarr; <strong>1262</strong><br />(+24 for winning)
