|j|☆chatgpt 2.0
|j|☆21Kieran
|t:|1750725159
|gametype|doubles
|player|p1|chatgpt 2.0|acetrainerf-gen4dp|
|player|p2|21Kieran|hau-masters|
|teamsize|p1|6
|teamsize|p2|6
|gen|9
|tier|[Gen 9] VGC 2025 Reg I
|rated|Tournament battle
|rule|Species Clause: Limit one of each Pokémon
|rule|Item Clause: Limit 1 of each item
|raw|<div class="infobox"><details class="readmore" open><summary><strong>2 custom rules:</strong></summary> Force Open Team Sheets, !Open Team Sheets</details></div>
|clearpoke
|poke|p1|Miraidon, L50|
|poke|p1|Groudon, L50|
|poke|p1|Walking Wake, L50|
|poke|p1|Flutter Mane, L50|
|poke|p1|Slither Wing, L50|
|poke|p1|Roaring Moon, L50|
|poke|p2|Miraidon, L50|
|poke|p2|Terapagos, L50, M|
|poke|p2|Urshifu-*, L50, M|
|poke|p2|Incineroar, L50, M|
|poke|p2|Sinistcha, L50|
|poke|p2|Landorus, L50, M|
|teampreview|4
|showteam|p1|Miraidon||SitrusBerry|HadronEngine|CalmMind,ElectroDrift,VoltSwitch,Overheat||||||50|,,,,,Electric]Groudon||Leftovers|Drought|Flamethrower,HighHorsepower,StoneEdge,ThunderPunch||||||50|,,,,,Ground]Walking Wake||ChoiceSpecs|Protosynthesis|AquaJet,Flamethrower,DracoMeteor,HydroSteam||||||50|,,,,,Water]Flutter Mane||LifeOrb|Protosynthesis|CalmMind,Moonblast,ShadowBall,PowerGem||||||50|,,,,,Ghost]Slither Wing||ChoiceScarf|Protosynthesis|CloseCombat,HighHorsepower,Uturn,LeechLife||||||50|,,,,,Bug]Roaring Moon||BoosterEnergy|Protosynthesis|DragonDance,Crunch,StoneEdge,XScissor||||||50|,,,,,Dragon
|showteam|p2|Miraidon||AssaultVest|HadronEngine|ElectroDrift,VoltSwitch,DracoMeteor,Snarl||||||50|,,,,,Electric]Terapagos||ElectricSeed|TeraShift|TeraStarstorm,EarthPower,CalmMind,Protect|||M|||50|,,,,,Stellar]Urshifu-Rapid-Strike||ChoiceScarf|UnseenFist|SurgingStrikes,CloseCombat,RainDance,Uturn|||M|||50|,,,,,Water]Incineroar||RockyHelmet|Intimidate|FakeOut,PartingShot,KnockOff,FlareBlitz|||M|||50|,,,,,Ghost]Sinistcha||FocusSash|Hospitality|ShadowBall,RagePowder,LifeDew,Protect||||||50|,,,,,Fire]Landorus||LifeOrb|SheerForce|EarthPower,SludgeBomb,Protect,SandsearStorm|||M|||50|,,,,,Poison
|j| Iamsliverfish
|c| Iamsliverfish|ai vs kieran
|c|☆21Kieran|ahhh
|
|t:|1750725191
|start
|switch|p1a: Groudon|Groudon, L50|100/100
|switch|p1b: Flutter Mane|Flutter Mane, L50|100/100
|switch|p2a: Terapagos|Terapagos, L50, M|100/100
|switch|p2b: Incineroar|Incineroar, L50, M, shiny|100/100
|-activate|p2a: Terapagos|ability: Tera Shift
|detailschange|p2a: Terapagos|Terapagos-Terastal, L50, M
|-heal|p2a: Terapagos|100/100|[silent]
|-weather|SunnyDay|[from] ability: Drought|[of] p1a: Groudon
|-activate|p1b: Flutter Mane|ability: Protosynthesis
|-start|p1b: Flutter Mane|protosynthesisspe
|-ability|p2b: Incineroar|Intimidate|boost
|-unboost|p1a: Groudon|atk|1
|-unboost|p1b: Flutter Mane|atk|1
|turn|1
|c|☆chatgpt 2.0|How can I help you today?
|c|☆21Kieran|by losing please
|
|t:|1750725221
|move|p2b: Incineroar|Fake Out|p1a: Groudon
|-damage|p1a: Groudon|92/100
|move|p1b: Flutter Mane|Power Gem|p2b: Incineroar
|-supereffective|p2b: Incineroar
|-damage|p2b: Incineroar|34/100
|-damage|p1b: Flutter Mane|90/100|[from] item: Life Orb
|cant|p1a: Groudon|flinch
|move|p2a: Terapagos|Calm Mind|p2a: Terapagos
|-boost|p2a: Terapagos|spa|1
|-boost|p2a: Terapagos|spd|1
|
|-weather|SunnyDay|[upkeep]
|-heal|p1a: Groudon|98/100|[from] item: Leftovers
|upkeep
|turn|2
|
|t:|1750725232
|switch|p2b: Sinistcha|Sinistcha, L50|100/100
|move|p1b: Flutter Mane|Power Gem|p2b: Sinistcha
|-damage|p2b: Sinistcha|68/100
|-damage|p1b: Flutter Mane|80/100|[from] item: Life Orb
|move|p1a: Groudon|Stone Edge|p2a: Terapagos|[miss]
|-miss|p1a: Groudon|p2a: Terapagos
|move|p2a: Terapagos|Calm Mind|p2a: Terapagos
|-boost|p2a: Terapagos|spa|1
|-boost|p2a: Terapagos|spd|1
|
|-weather|SunnyDay|[upkeep]
|-heal|p1a: Groudon|100/100|[from] item: Leftovers
|upkeep
|turn|3
|c|☆chatgpt 2.0|Error
|
|t:|1750725251
|switch|p2b: Miraidon|Miraidon, L50|100/100
|-fieldstart|move: Electric Terrain|[from] ability: Hadron Engine|[of] p2b: Miraidon
|-enditem|p2a: Terapagos|Electric Seed
|-boost|p2a: Terapagos|def|1|[from] item: Electric Seed
|move|p1b: Flutter Mane|Shadow Ball|p2b: Miraidon
|-damage|p2b: Miraidon|72/100
|-damage|p1b: Flutter Mane|70/100|[from] item: Life Orb
|move|p1a: Groudon|Flamethrower|p2b: Miraidon
|-resisted|p2b: Miraidon
|-damage|p2b: Miraidon|64/100
|move|p2a: Terapagos|Tera Starstorm|p1a: Groudon
|-crit|p1a: Groudon
|-damage|p1a: Groudon|0 fnt
|faint|p1a: Groudon
|
|-weather|SunnyDay|[upkeep]
|upkeep
|
|t:|1750725257
|switch|p1a: Miraidon|Miraidon, L50|100/100
|-activate|p1a: Miraidon|ability: Hadron Engine
|turn|4
|c|☆21Kieran|BANG
|
|t:|1750725273
|switch|p2b: Incineroar|Incineroar, L50, M, shiny|34/100
|-ability|p2b: Incineroar|Intimidate|boost
|-unboost|p1a: Miraidon|atk|1
|-unboost|p1b: Flutter Mane|atk|1
|-terastallize|p2a: Terapagos|Stellar
|detailschange|p2a: Terapagos|Terapagos-Stellar, L50, M, tera:Stellar
|-heal|p2a: Terapagos|100/100|[silent]
|-ability|p2a: Terapagos|Teraform Zero
|-weather|none
|-end|p1b: Flutter Mane|Protosynthesis
|-fieldend|move: Electric Terrain
|move|p1a: Miraidon|Electro Drift|p2b: Incineroar
|-damage|p2b: Incineroar|0 fnt
|-damage|p1a: Miraidon|84/100|[from] item: Rocky Helmet|[of] p2b: Incineroar
|faint|p2b: Incineroar
|move|p1b: Flutter Mane|Moonblast|p2a: Terapagos
|-damage|p2a: Terapagos|78/100
|-damage|p1b: Flutter Mane|60/100|[from] item: Life Orb
|move|p2a: Terapagos|Tera Starstorm|p1b: Flutter Mane|[spread] p1a,p1b
|-damage|p1a: Miraidon|23/100
|-damage|p1b: Flutter Mane|0 fnt
|-enditem|p1a: Miraidon|Sitrus Berry|[eat]
|-heal|p1a: Miraidon|47/100|[from] item: Sitrus Berry
|faint|p1b: Flutter Mane
|-end|p1b: Flutter Mane|Protosynthesis|[silent]
|
|upkeep
|j| allen brown jr
|l| allen brown jr
|
|t:|1750725294
|switch|p1b: Roaring Moon|Roaring Moon, L50|100/100
|switch|p2b: Sinistcha|Sinistcha, L50|68/100
|-enditem|p1b: Roaring Moon|Booster Energy
|-activate|p1b: Roaring Moon|ability: Protosynthesis|[fromitem]
|-start|p1b: Roaring Moon|protosynthesisatk
|-heal|p2a: Terapagos|100/100|[from] ability: Hospitality|[of] p2b: Sinistcha
|turn|5
|c|☆21Kieran|gg
|
|t:|1750725316
|-terastallize|p1a: Miraidon|Electric
|move|p2b: Sinistcha|Rage Powder|p2b: Sinistcha
|-singleturn|p2b: Sinistcha|move: Rage Powder
|move|p1a: Miraidon|Electro Drift|p2b: Sinistcha
|-resisted|p2b: Sinistcha
|-damage|p2b: Sinistcha|37/100
|move|p1b: Roaring Moon|Dragon Dance|p1b: Roaring Moon
|-boost|p1b: Roaring Moon|atk|1
|-boost|p1b: Roaring Moon|spe|1
|move|p2a: Terapagos|Tera Starstorm|p1b: Roaring Moon|[spread] p1a,p1b
|-supereffective|p1a: Miraidon
|-damage|p1a: Miraidon|0 fnt
|-damage|p1b: Roaring Moon|39/100
|faint|p1a: Miraidon
|
|upkeep
|turn|6
|
|t:|1750725330
|move|p2b: Sinistcha|Rage Powder|p2b: Sinistcha
|-singleturn|p2b: Sinistcha|move: Rage Powder
|move|p1b: Roaring Moon|Crunch|p2b: Sinistcha
|-supereffective|p2b: Sinistcha
|-damage|p2b: Sinistcha|0 fnt
|faint|p2b: Sinistcha
|move|p2a: Terapagos|Tera Starstorm|p1b: Roaring Moon
|-damage|p1b: Roaring Moon|0 fnt
|faint|p1b: Roaring Moon
|-end|p1b: Roaring Moon|Protosynthesis|[silent]
|
|win|21Kieran
|n|☆chatgpt 2.0|chatgpt20
|n|☆21Kieran|21kieran
|n| Iamsliverfish|iamsliverfish
