|j|☆Kamerooooon
|j|☆juacox300
|t:|1750806391
|gametype|doubles
|player|p1|Kamerooooon|266|1463
|player|p2|juacox300|unknown|1661
|teamsize|p1|6
|teamsize|p2|6
|gen|9
|tier|[Gen 9] VGC 2025 Reg I
|rated|
|rule|Species Clause: Limit one of each Pokémon
|rule|Item Clause: Limit 1 of each item
|clearpoke
|poke|p1|Ho-Oh, L50|
|poke|p1|Overqwil, L50, M|
|poke|p1|Ting-Lu, L50|
|poke|p1|Ogerpon-Wellspring, L50, F|
|poke|p1|Rillaboom, L50, M|
|poke|p1|Calyrex-Ice, L50|
|poke|p2|Miraidon, L50|
|poke|p2|Iron Hands, L50|
|poke|p2|Calyrex-Ice, L50|
|poke|p2|Incineroar, L50, M|
|poke|p2|Chi-Yu, L50|
|poke|p2|Alcremie-Salted-Cream, L50, F|
|teampreview|4
|inactive|Battle timer is ON: inactive players will automatically lose when time's up. (requested by Kamerooooon)
|
|t:|1750806440
|start
|switch|p1a: Overqwil|Overqwil, L50, M|100/100
|switch|p1b: Rillaboom|Rillaboom, L50, M|100/100
|switch|p2a: Calyrex|Calyrex-Ice, L50|100/100
|switch|p2b: Helena|Alcremie-Salted-Cream, L50, F|100/100
|-ability|p2a: Calyrex|As One
|-ability|p2a: Calyrex|Unnerve
|-fieldstart|move: Grassy Terrain|[from] ability: Grassy Surge|[of] p1b: Rillaboom
|-ability|p1a: Overqwil|Intimidate|boost
|-fail|p2a: Calyrex|unboost|[from] item: Clear Amulet|[of] p2a: Calyrex
|-unboost|p2b: Helena|atk|1
|turn|1
|inactive|Kamerooooon has 30 seconds left.
|inactive|Kamerooooon has 20 seconds left.
|inactive|Kamerooooon has 15 seconds left.
|
|t:|1750806484
|switch|p2b: Incineroar|Incineroar, L50, M|100/100
|-ability|p2b: Incineroar|Intimidate|boost
|-unboost|p1a: Overqwil|atk|1
|-unboost|p1b: Rillaboom|atk|1
|move|p2a: Calyrex|Protect|p2a: Calyrex
|-singleturn|p2a: Calyrex|Protect
|move|p1b: Rillaboom|Fake Out|p2a: Calyrex
|-activate|p2a: Calyrex|move: Protect
|move|p1a: Overqwil|Toxic Spikes|p2a: Calyrex
|-sidestart|p2: juacox300|move: Toxic Spikes
|
|upkeep
|turn|2
|
|t:|1750806508
|switch|p1b: Ho-Oh|Ho-Oh, L50|100/100
|move|p1a: Overqwil|Protect|p1a: Overqwil
|-singleturn|p1a: Overqwil|Protect
|move|p2b: Incineroar|Fake Out|p1a: Overqwil
|-activate|p1a: Overqwil|move: Protect
|move|p2a: Calyrex|Glacial Lance|p1a: Overqwil|[spread] p1b
|-activate|p1a: Overqwil|move: Protect
|-damage|p1b: Ho-Oh|61/100
|
|upkeep
|turn|3
|
|t:|1750806531
|-terastallize|p2a: Calyrex|Dragon
|move|p1a: Overqwil|Barb Barrage|p2b: Incineroar
|-damage|p2b: Incineroar|87/100
|move|p2b: Incineroar|Knock Off|p1b: Ho-Oh
|-damage|p1b: Ho-Oh|34/100
|-damage|p2b: Incineroar|70/100|[from] item: Rocky Helmet|[of] p1b: Ho-Oh
|-enditem|p1b: Ho-Oh|Rocky Helmet|[from] move: Knock Off|[of] p2b: Incineroar
|move|p2a: Calyrex|Glacial Lance|p1a: Overqwil|[spread] p1a,p1b
|-damage|p1a: Overqwil|47/100
|-damage|p1b: Ho-Oh|0 fnt
|faint|p1b: Ho-Oh
|-ability|p2a: Calyrex|Chilling Neigh|boost
|-boost|p2a: Calyrex|atk|1
|
|-heal|p1a: Overqwil|54/100|[from] Grassy Terrain
|-heal|p1a: Overqwil|60/100|[from] item: Black Sludge
|-heal|p2b: Incineroar|76/100|[from] Grassy Terrain
|upkeep
|
|t:|1750806540
|switch|p1b: Calyrex|Calyrex-Ice, L50|100/100
|-ability|p1b: Calyrex|As One
|-ability|p1b: Calyrex|Unnerve
|turn|4
|inactive|Kamerooooon has 30 seconds left.
|
|t:|1750806567
|-terastallize|p1b: Calyrex|Water
|move|p1a: Overqwil|Barb Barrage|p2b: Incineroar
|-damage|p2b: Incineroar|61/100
|-status|p2b: Incineroar|psn
|move|p2b: Incineroar|Knock Off|p1b: Calyrex
|-damage|p1b: Calyrex|78/100
|-enditem|p1b: Calyrex|Leftovers|[from] move: Knock Off|[of] p2b: Incineroar
|move|p2a: Calyrex|Glacial Lance|p1b: Calyrex|[spread] p1a,p1b
|-resisted|p1b: Calyrex
|-damage|p1a: Overqwil|0 fnt
|-damage|p1b: Calyrex|57/100
|faint|p1a: Overqwil
|-ability|p2a: Calyrex|Chilling Neigh|boost
|-boost|p2a: Calyrex|atk|1
|move|p1b: Calyrex|Leech Seed|p2b: Incineroar
|-start|p2b: Incineroar|move: Leech Seed
|
|-heal|p2b: Incineroar|67/100 psn|[from] Grassy Terrain
|-heal|p1b: Calyrex|62/100|[from] Grassy Terrain
|-damage|p2b: Incineroar|55/100 psn|[from] Leech Seed|[of] p1b: Calyrex
|-heal|p1b: Calyrex|74/100|[silent]
|-damage|p2b: Incineroar|43/100 psn|[from] psn
|upkeep
|
|t:|1750806586
|switch|p1a: Rillaboom|Rillaboom, L50, M|100/100
|turn|5
|
|t:|1750806598
|move|p1a: Rillaboom|Fake Out|p2a: Calyrex
|-damage|p2a: Calyrex|92/100
|move|p2b: Incineroar|Parting Shot|p1b: Calyrex
|-unboost|p1b: Calyrex|atk|1
|-unboost|p1b: Calyrex|spa|1
|
|t:|1750806603
|switch|p2b: Helena|Alcremie-Salted-Cream, L50, F|100/100|[from] Parting Shot
|-status|p2b: Helena|psn
|cant|p2a: Calyrex|flinch
|move|p1b: Calyrex|Glacial Lance|p2b: Helena|[spread] p2a,p2b
|-supereffective|p2a: Calyrex
|-damage|p2a: Calyrex|53/100
|-damage|p2b: Helena|67/100 psn
|
|-heal|p2b: Helena|73/100 psn|[from] Grassy Terrain
|-heal|p2a: Calyrex|59/100|[from] Grassy Terrain
|-heal|p1b: Calyrex|80/100|[from] Grassy Terrain
|-damage|p2b: Helena|60/100 psn|[from] psn
|-fieldend|move: Grassy Terrain
|upkeep
|turn|6
|-message|Kamerooooon forfeited.
|
|win|juacox300
|raw|Kamerooooon's rating: 1463 &rarr; <strong>1453</strong><br />(-10 for losing)
|raw|juacox300's rating: 1661 &rarr; <strong>1671</strong><br />(+10 for winning)
|l|☆Kamerooooon
|player|p1|
