|j|☆ClumbsyLilBeach
|j|☆ulps
|t:|1750876179
|gametype|doubles
|player|p1|ClumbsyLilBeach|jasmine|1260
|player|p2|ulps|volo|1294
|teamsize|p1|6
|teamsize|p2|6
|gen|9
|tier|[Gen 9] VGC 2025 Reg I
|rated|
|rule|Species Clause: Limit one of each Pokémon
|rule|Item Clause: Limit 1 of each item
|clearpoke
|poke|p1|Chien-Pao, L50|
|poke|p1|Dragonite, L50, M|
|poke|p1|Bronzong, L50|
|poke|p1|Incineroar, L50, F|
|poke|p1|Koraidon, L50|
|poke|p1|Ho-Oh, L50|
|poke|p2|Whimsicott, L50, F|
|poke|p2|Urshifu-*, L50, F|
|poke|p2|Ursaluna, L50, M|
|poke|p2|Miraidon, L50|
|poke|p2|Lunala, L50|
|poke|p2|Incineroar, L50, M|
|teampreview|4
|inactive|Battle timer is ON: inactive players will automatically lose when time's up. (requested by ClumbsyLilBeach)
|inactive|ClumbsyLilBeach has 60 seconds left.
|
|t:|1750876218
|start
|switch|p1a: Ho-Oh|Ho-Oh, L50|100/100
|switch|p1b: Koraidon|Koraidon, L50|100/100
|switch|p2a: Miraidon|Miraidon, L50|100/100
|switch|p2b: Lunala|Lunala, L50|100/100
|-fieldstart|move: Electric Terrain|[from] ability: Hadron Engine|[of] p2a: Miraidon
|-enditem|p2b: Lunala|Electric Seed
|-boost|p2b: Lunala|def|1|[from] item: Electric Seed
|-weather|SunnyDay|[from] ability: Orichalcum Pulse|[of] p1b: Koraidon
|-activate|p1b: Koraidon|Orichalcum Pulse|[source]
|turn|1
|inactive|ulps has 30 seconds left.
|
|t:|1750876248
|-terastallize|p1a: Ho-Oh|Ground
|move|p1b: Koraidon|Protect|p1b: Koraidon
|-singleturn|p1b: Koraidon|Protect
|move|p2a: Miraidon|Volt Switch|p1a: Ho-Oh
|-immune|p1a: Ho-Oh
|move|p2b: Lunala|Moonblast|p1b: Koraidon
|-activate|p1b: Koraidon|move: Protect
|move|p1a: Ho-Oh|Earthquake|p2a: Miraidon|[spread] p2a,p2b
|-activate|p1b: Koraidon|move: Protect
|-supereffective|p2a: Miraidon
|-damage|p2a: Miraidon|12/100
|-damage|p2b: Lunala|92/100
|
|-weather|SunnyDay|[upkeep]
|upkeep
|turn|2
|c|☆ulps|nice
|
|t:|1750876267
|switch|p1b: Bronzong|Bronzong, L50|100/100
|switch|p2a: Ursaluna|Ursaluna, L50, M|100/100
|move|p2b: Lunala|Moonblast|p1b: Bronzong
|-resisted|p1b: Bronzong
|-damage|p1b: Bronzong|91/100
|move|p1a: Ho-Oh|Earthquake|p2b: Lunala|[spread] p2a,p2b
|-immune|p1b: Bronzong|[from] ability: Levitate
|-damage|p2a: Ursaluna|72/100
|-damage|p2b: Lunala|74/100
|
|-weather|SunnyDay|[upkeep]
|-status|p2a: Ursaluna|brn|[from] item: Flame Orb
|upkeep
|turn|3
|
|t:|1750876290
|switch|p1a: Incineroar|Incineroar, L50, F|100/100
|-ability|p1a: Incineroar|Intimidate|boost
|-unboost|p2a: Ursaluna|atk|1
|-unboost|p2b: Lunala|atk|1
|move|p1b: Bronzong|Protect|p1b: Bronzong
|-singleturn|p1b: Bronzong|Protect
|move|p2b: Lunala|Moongeist Beam|p1b: Bronzong
|-activate|p1b: Bronzong|move: Protect
|move|p2a: Ursaluna|Facade|p1a: Incineroar
|-crit|p1a: Incineroar
|-damage|p1a: Incineroar|0 fnt
|faint|p1a: Incineroar
|
|-weather|SunnyDay|[upkeep]
|-damage|p2a: Ursaluna|66/100 brn|[from] brn
|upkeep
|
|t:|1750876309
|switch|p1a: Koraidon|Koraidon, L50|100/100
|-activate|p1a: Koraidon|ability: Orichalcum Pulse
|turn|4
|
|t:|1750876328
|move|p2a: Ursaluna|Protect|p2a: Ursaluna
|-singleturn|p2a: Ursaluna|Protect
|move|p1a: Koraidon|Flare Blitz|p2b: Lunala
|-damage|p2b: Lunala|30/100
|-damage|p1a: Koraidon|81/100|[from] Recoil
|-damage|p1a: Koraidon|71/100|[from] item: Life Orb
|move|p2b: Lunala|Moonblast|p1a: Koraidon
|-supereffective|p1a: Koraidon
|-damage|p1a: Koraidon|0 fnt
|faint|p1a: Koraidon
|move|p1b: Bronzong|Trick Room|p1b: Bronzong
|-fieldstart|move: Trick Room|[of] p1b: Bronzong
|
|-weather|SunnyDay|[upkeep]
|-damage|p2a: Ursaluna|60/100 brn|[from] brn
|upkeep
|
|t:|1750876344
|switch|p1a: Ho-Oh|Ho-Oh, L50, tera:Ground|100/100
|turn|5
|
|t:|1750876358
|move|p1a: Ho-Oh|Protect|p1a: Ho-Oh
|-singleturn|p1a: Ho-Oh|Protect
|move|p1b: Bronzong|Body Press|p2a: Ursaluna
|-supereffective|p2a: Ursaluna
|-damage|p2a: Ursaluna|31/100 brn
|move|p2a: Ursaluna|Facade|p1a: Ho-Oh
|-activate|p1a: Ho-Oh|move: Protect
|move|p2b: Lunala|Trick Room|p2b: Lunala
|-fieldend|move: Trick Room
|
|-weather|none
|-damage|p2a: Ursaluna|25/100 brn|[from] brn
|-fieldend|move: Electric Terrain
|upkeep
|turn|6
|
|t:|1750876380
|move|p2a: Ursaluna|Protect|p2a: Ursaluna
|-singleturn|p2a: Ursaluna|Protect
|move|p1b: Bronzong|Protect|p1b: Bronzong
|-singleturn|p1b: Bronzong|Protect
|move|p2b: Lunala|Moongeist Beam|p1b: Bronzong
|-activate|p1b: Bronzong|move: Protect
|move|p1a: Ho-Oh|Earthquake|p2b: Lunala|[spread] p2b
|-activate|p1b: Bronzong|move: Protect
|-activate|p2a: Ursaluna|move: Protect
|-damage|p2b: Lunala|13/100
|
|-damage|p2a: Ursaluna|19/100 brn|[from] brn
|upkeep
|turn|7
|c|☆ulps|lowk you won
|c|☆ulps|gg
|inactive|ClumbsyLilBeach has 30 seconds left.
|
|t:|1750876415
|move|p2b: Lunala|Wide Guard|p2b: Lunala
|-singleturn|p2b: Lunala|Wide Guard
|move|p1a: Ho-Oh|Earthquake|p2b: Lunala|[spread] 
|-activate|p2a: Ursaluna|move: Wide Guard
|-activate|p2b: Lunala|move: Wide Guard
|-immune|p1b: Bronzong|[from] ability: Levitate
|move|p2a: Ursaluna|Facade|p1a: Ho-Oh
|-damage|p1a: Ho-Oh|15/100
|move|p1b: Bronzong|Trick Room|p1b: Bronzong
|-fieldstart|move: Trick Room|[of] p1b: Bronzong
|
|-damage|p2a: Ursaluna|13/100 brn|[from] brn
|upkeep
|turn|8
|
|t:|1750876438
|move|p2a: Ursaluna|Protect|p2a: Ursaluna
|-singleturn|p2a: Ursaluna|Protect
|move|p1b: Bronzong|Body Press|p2a: Ursaluna
|-activate|p2a: Ursaluna|move: Protect
|move|p1a: Ho-Oh|Sacred Fire|p2b: Lunala
|-damage|p2b: Lunala|0 fnt
|faint|p2b: Lunala
|
|-damage|p2a: Ursaluna|7/100 brn|[from] brn
|upkeep
|
|t:|1750876445
|switch|p2b: Incineroar|Incineroar, L50, M|100/100
|-ability|p2b: Incineroar|Intimidate|boost
|-fail|p1a: Ho-Oh|unboost|[from] item: Clear Amulet|[of] p1a: Ho-Oh
|-unboost|p1b: Bronzong|atk|1
|turn|9
|
|t:|1750876463
|move|p1a: Ho-Oh|Protect|p1a: Ho-Oh
|-singleturn|p1a: Ho-Oh|Protect
|move|p2b: Incineroar|Fake Out|p1a: Ho-Oh
|-activate|p1a: Ho-Oh|move: Protect
|move|p1b: Bronzong|Iron Defense|p1b: Bronzong
|-boost|p1b: Bronzong|def|2
|move|p2a: Ursaluna|Facade|p1b: Bronzong
|-resisted|p1b: Bronzong
|-damage|p1b: Bronzong|71/100
|
|-damage|p2a: Ursaluna|1/100 brn|[from] brn
|upkeep
|turn|10
|
|t:|1750876481
|move|p1b: Bronzong|Body Press|p2b: Incineroar
|-supereffective|p2b: Incineroar
|-damage|p2b: Incineroar|27/100
|move|p2a: Ursaluna|Facade|p1b: Bronzong
|-resisted|p1b: Bronzong
|-damage|p1b: Bronzong|50/100
|move|p2b: Incineroar|Knock Off|p1a: Ho-Oh
|-damage|p1a: Ho-Oh|0 fnt
|-enditem|p1a: Ho-Oh|Clear Amulet|[from] move: Knock Off|[of] p2b: Incineroar
|faint|p1a: Ho-Oh
|
|-damage|p2a: Ursaluna|0 fnt|[from] brn
|faint|p2a: Ursaluna
|upkeep
|
|t:|1750876489
|switch|p2a: Miraidon|Miraidon, L50|12/100
|-fieldstart|move: Electric Terrain|[from] ability: Hadron Engine|[of] p2a: Miraidon
|turn|11
|
|t:|1750876503
|-terastallize|p2a: Miraidon|Fairy
|move|p1b: Bronzong|Body Press|p2a: Miraidon
|-resisted|p2a: Miraidon
|-damage|p2a: Miraidon|0 fnt
|faint|p2a: Miraidon
|move|p2b: Incineroar|Knock Off|p1b: Bronzong
|-supereffective|p1b: Bronzong
|-damage|p1b: Bronzong|15/100
|-enditem|p1b: Bronzong|Safety Goggles|[from] move: Knock Off|[of] p2b: Incineroar
|
|-fieldend|move: Trick Room
|upkeep
|turn|12
|
|t:|1750876516
|move|p2b: Incineroar|Knock Off|p1b: Bronzong
|-supereffective|p1b: Bronzong
|-damage|p1b: Bronzong|0 fnt
|faint|p1b: Bronzong
|
|win|ulps
|raw|ClumbsyLilBeach's rating: 1260 &rarr; <strong>1237</strong><br />(-23 for losing)
|raw|ulps's rating: 1294 &rarr; <strong>1317</strong><br />(+23 for winning)
|l|☆ClumbsyLilBeach
|player|p1|
|l|☆ulps
|player|p2|
