|j|☆Scaramouche_UwU6
|j|☆Cheirapica
|t:|1750879332
|gametype|doubles
|player|p1|Scaramouche_UwU6|169|1172
|player|p2|Cheirapica|170|1280
|teamsize|p1|6
|teamsize|p2|6
|gen|9
|tier|[Gen 9] VGC 2025 Reg I
|rated|
|rule|Species Clause: Limit one of each Pokémon
|rule|Item Clause: Limit 1 of each item
|clearpoke
|poke|p1|Gengar, L50, M|
|poke|p1|Calyrex-Ice, L50|
|poke|p1|Miraidon, L50|
|poke|p1|Grimmsnarl, L50, M|
|poke|p1|Volcarona, L50, F|
|poke|p1|Ogerpon-Wellspring, L50, F|
|poke|p2|Calyrex-Shadow, L50|
|poke|p2|Garganacl, L50, M|
|poke|p2|Amoonguss, L50, F|
|poke|p2|Miraidon, L50|
|poke|p2|Rillaboom, L50, M|
|poke|p2|Chien-Pao, L50|
|teampreview|4
|inactive|Battle timer is ON: inactive players will automatically lose when time's up. (requested by Scaramouche_UwU6)
Scaramouche_UwU6 rejected open team sheets.
|
|t:|1750879374
|start
|switch|p1a: Akane *;)|Ogerpon-Wellspring, L50, F|100/100
|switch|p1b: Grin Shady|Gengar, L50, M|100/100
|switch|p2a: Calyrex|Calyrex-Shadow, L50|100/100
|switch|p2b: Amoonguss|Amoonguss, L50, F|100/100
|-ability|p2a: Calyrex|As One
|-ability|p2a: Calyrex|Unnerve
|turn|1
|inactive|Scaramouche_UwU6 has 30 seconds left.
|inactive|Scaramouche_UwU6 has 20 seconds left.
|inactive|Scaramouche_UwU6 has 15 seconds left.
|
|t:|1750879414
|-terastallize|p2a: Calyrex|Fairy
|move|p1a: Akane *;)|Follow Me|p1a: Akane *;)
|-singleturn|p1a: Akane *;)|move: Follow Me
|move|p2a: Calyrex|Astral Barrage|p1b: Grin Shady|[spread] p1a,p1b
|-supereffective|p1b: Grin Shady
|-damage|p1a: Akane *;)|21/100
|-enditem|p1b: Grin Shady|Focus Sash
|-damage|p1b: Grin Shady|1/100
|-start|p2a: Calyrex|Disable|Astral Barrage|[from] ability: Cursed Body|[of] p1b: Grin Shady
|-damage|p2a: Calyrex|91/100|[from] item: Life Orb
|move|p2b: Amoonguss|Spore|p1a: Akane *;)
|-immune|p1a: Akane *;)
|move|p1b: Grin Shady|Trick Room|p1b: Grin Shady
|-fieldstart|move: Trick Room|[of] p1b: Grin Shady
|
|upkeep
|turn|2
|inactive|Cheirapica has 30 seconds left.
|
|t:|1750879442
|move|p2b: Amoonguss|Pollen Puff|p1b: Grin Shady
|-resisted|p1b: Grin Shady
|-damage|p1b: Grin Shady|0 fnt
|-start|p2b: Amoonguss|Disable|Pollen Puff|[from] ability: Cursed Body|[of] p1b: Grin Shady
|faint|p1b: Grin Shady
|move|p1a: Akane *;)|Horn Leech|p2a: Calyrex
|-crit|p2a: Calyrex
|-damage|p2a: Calyrex|20/100
|-heal|p1a: Akane *;)|54/100|[from] drain|[of] p2a: Calyrex
|move|p2a: Calyrex|Expanding Force|p1a: Akane *;)
|-damage|p1a: Akane *;)|0 fnt
|faint|p1a: Akane *;)
|-ability|p2a: Calyrex|Grim Neigh|boost
|-boost|p2a: Calyrex|spa|1
|-damage|p2a: Calyrex|11/100|[from] item: Life Orb
|
|upkeep
|
|t:|1750879451
|switch|p1a: Jotunn|Calyrex-Ice, L50|100/100
|switch|p1b: Pastellence|Grimmsnarl, L50, M, shiny|100/100
|-ability|p1a: Jotunn|As One
|-ability|p1a: Jotunn|Unnerve
|turn|3
|inactive|Cheirapica has 30 seconds left.
|
|t:|1750879480
|-terastallize|p1a: Jotunn|Fire
|move|p2a: Calyrex|Protect|p2a: Calyrex
|-singleturn|p2a: Calyrex|Protect
|move|p1b: Pastellence|Scary Face|p1a: Jotunn
|-unboost|p1a: Jotunn|spe|2
|move|p1a: Jotunn|Glacial Lance|p2a: Calyrex|[spread] p2b
|-activate|p2a: Calyrex|move: Protect
|-supereffective|p2b: Amoonguss
|-damage|p2b: Amoonguss|0 fnt
|faint|p2b: Amoonguss
|-ability|p1a: Jotunn|Chilling Neigh|boost
|-boost|p1a: Jotunn|atk|1
|
|upkeep
|
|t:|1750879499
|switch|p2b: Miraidon|Miraidon, L50|100/100
|-fieldstart|move: Electric Terrain|[from] ability: Hadron Engine|[of] p2b: Miraidon
|turn|4
|
|t:|1750879517
|move|p1a: Jotunn|Glacial Lance|p2a: Calyrex|[spread] p2a,p2b
|-supereffective|p2b: Miraidon
|-damage|p2a: Calyrex|0 fnt
|-damage|p2b: Miraidon|0 fnt
|faint|p2a: Calyrex
|faint|p2b: Miraidon
|-ability|p1a: Jotunn|Chilling Neigh|boost
|-boost|p1a: Jotunn|atk|2
|move|p1b: Pastellence|Spirit Break|p2: Calyrex|[notarget]
|-fail|p1b: Pastellence
|
|upkeep
|
|t:|1750879522
|switch|p2b: Chien-Pao|Chien-Pao, L50|100/100
|-ability|p2b: Chien-Pao|Sword of Ruin
|turn|5
|
|t:|1750879526
|move|p2b: Chien-Pao|Protect|p2b: Chien-Pao
|-singleturn|p2b: Chien-Pao|Protect
|move|p1a: Jotunn|Glacial Lance|p2b: Chien-Pao
|-activate|p2b: Chien-Pao|move: Protect
|move|p1b: Pastellence|Spirit Break|p2b: Chien-Pao
|-activate|p2b: Chien-Pao|move: Protect
|
|-fieldend|move: Trick Room
|upkeep
|turn|6
|
|t:|1750879541
|move|p2b: Chien-Pao|Sacred Sword|p1a: Jotunn
|-damage|p1a: Jotunn|74/100
|move|p1b: Pastellence|Spirit Break|p2b: Chien-Pao
|-supereffective|p2b: Chien-Pao
|-damage|p2b: Chien-Pao|6/100
|-unboost|p2b: Chien-Pao|spa|1
|move|p1a: Jotunn|Stomping Tantrum|p2b: Chien-Pao
|-damage|p2b: Chien-Pao|0 fnt
|faint|p2b: Chien-Pao
|
|win|Scaramouche_UwU6
|raw|Scaramouche_UwU6's rating: 1200 &rarr; <strong>1231</strong><br />(+31 for winning)
|raw|Cheirapica's rating: 1280 &rarr; <strong>1249</strong><br />(-31 for losing)
|l|☆Cheirapica
|player|p2|
|l|☆Scaramouche_UwU6
|player|p1|
