|j|☆Blackbeard_x79
|j|☆lukkyltd12
|t:|1750782996
|gametype|doubles
|player|p1|Blackbeard_x79|policeman-gen4|1128
|player|p2|lukkyltd12|ethan|1083
|teamsize|p1|6
|teamsize|p2|6
|gen|9
|tier|[Gen 9] VGC 2025 Reg I
|rated|
|rule|Species Clause: Limit one of each Pokémon
|rule|Item Clause: Limit 1 of each item
|clearpoke
|poke|p1|Archaludon, L50, M|
|poke|p1|Kyogre, L50|
|poke|p1|Terapagos, L50, M|
|poke|p1|Overqwil, L50, M|
|poke|p1|Electabuzz, L50, M|
|poke|p1|Pelipper, L50, M|
|poke|p2|Rillaboom, L50, F|
|poke|p2|Urshifu-*, L50, F|
|poke|p2|Archaludon, L50, F|
|poke|p2|Magmar, L50, F|
|poke|p2|Kyogre, L50|
|poke|p2|Whimsicott, L50, F|
|teampreview|4
|inactive|Battle timer is ON: inactive players will automatically lose when time's up. (requested by Blackbeard_x79)
|
|t:|1750783007
|start
|switch|p1a: vaudeville villain|Archaludon, L50, M|100/100
|switch|p1b: bird brain|Pelipper, L50, M|100/100
|switch|p2a: Kyogre|Kyogre, L50|100/100
|switch|p2b: Archaludon|Archaludon, L50, F|100/100
|-weather|RainDance|[from] ability: Drizzle|[of] p1b: bird brain
|turn|1
|
|t:|1750783025
|move|p2b: Archaludon|Protect|p2b: Archaludon
|-singleturn|p2b: Archaludon|Protect
|move|p1b: bird brain|Tailwind|p1b: bird brain
|-sidestart|p1: Blackbeard_x79|move: Tailwind
|move|p1a: vaudeville villain|Electro Shot||[still]
|-prepare|p1a: vaudeville villain|Electro Shot
|-boost|p1a: vaudeville villain|spa|1
|-anim|p1a: vaudeville villain|Electro Shot|p2a: Kyogre
|-supereffective|p2a: Kyogre
|-damage|p2a: Kyogre|0 fnt
|faint|p2a: Kyogre
|-damage|p1a: vaudeville villain|91/100|[from] item: Life Orb
|
|-weather|RainDance|[upkeep]
|upkeep
|
|t:|1750783040
|switch|p2a: Rillaboom|Rillaboom, L50, F|100/100
|-fieldstart|move: Grassy Terrain|[from] ability: Grassy Surge|[of] p2a: Rillaboom
|turn|2
|
|t:|1750783050
|move|p1a: vaudeville villain|Protect|p1a: vaudeville villain
|-singleturn|p1a: vaudeville villain|Protect
|move|p2a: Rillaboom|Fake Out|p1a: vaudeville villain
|-activate|p1a: vaudeville villain|move: Protect
|move|p1b: bird brain|Hurricane|p2a: Rillaboom
|-supereffective|p2a: Rillaboom
|-damage|p2a: Rillaboom|44/100
|move|p2b: Archaludon|Electro Shot||[still]
|-prepare|p2b: Archaludon|Electro Shot
|-boost|p2b: Archaludon|spa|1
|-anim|p2b: Archaludon|Electro Shot|p1b: bird brain
|-supereffective|p1b: bird brain
|-enditem|p1b: bird brain|Focus Sash
|-damage|p1b: bird brain|1/100
|-damage|p2b: Archaludon|91/100|[from] item: Life Orb
|
|-weather|RainDance|[upkeep]
|-heal|p1a: vaudeville villain|96/100|[from] Grassy Terrain
|-heal|p2a: Rillaboom|50/100|[from] Grassy Terrain
|-heal|p2b: Archaludon|97/100|[from] Grassy Terrain
|upkeep
|turn|3
|inactive|lukkyltd12 has 30 seconds left.
|
|t:|1750783083
|move|p1b: bird brain|Helping Hand|p1a: vaudeville villain
|-singleturn|p1a: vaudeville villain|Helping Hand|[of] p1b: bird brain
|move|p2a: Rillaboom|Grassy Glide|p1b: bird brain
|-damage|p1b: bird brain|0 fnt
|faint|p1b: bird brain
|move|p1a: vaudeville villain|Electro Shot||[still]
|-prepare|p1a: vaudeville villain|Electro Shot
|-boost|p1a: vaudeville villain|spa|1
|-anim|p1a: vaudeville villain|Electro Shot|p2a: Rillaboom
|-resisted|p2a: Rillaboom
|-damage|p2a: Rillaboom|0 fnt
|faint|p2a: Rillaboom
|-damage|p1a: vaudeville villain|87/100|[from] item: Life Orb
|move|p2b: Archaludon|Electro Shot||[still]
|-prepare|p2b: Archaludon|Electro Shot
|-boost|p2b: Archaludon|spa|1
|-anim|p2b: Archaludon|Electro Shot|p1a: vaudeville villain
|-resisted|p1a: vaudeville villain
|-damage|p1a: vaudeville villain|14/100
|-ability|p1a: vaudeville villain|Stamina|boost
|-boost|p1a: vaudeville villain|def|1
|-damage|p2b: Archaludon|87/100|[from] item: Life Orb
|
|-weather|RainDance|[upkeep]
|-heal|p1a: vaudeville villain|20/100|[from] Grassy Terrain
|-heal|p2b: Archaludon|93/100|[from] Grassy Terrain
|upkeep
|
|t:|1750783108
|switch|p1b: obese poseidon|Kyogre, L50|100/100
|switch|p2a: Urshifu|Urshifu, L50, F|100/100
|turn|4
|
|t:|1750783122
|move|p1a: vaudeville villain|Protect|p1a: vaudeville villain
|-singleturn|p1a: vaudeville villain|Protect
|move|p2a: Urshifu|Protect|p2a: Urshifu
|-singleturn|p2a: Urshifu|Protect
|move|p2b: Archaludon|Protect|p2b: Archaludon
|-singleturn|p2b: Archaludon|Protect
|move|p1b: obese poseidon|Water Spout|p2a: Urshifu|[spread] 
|-activate|p2a: Urshifu|move: Protect
|-activate|p2b: Archaludon|move: Protect
|
|-weather|RainDance|[upkeep]
|-heal|p1a: vaudeville villain|26/100|[from] Grassy Terrain
|-heal|p2b: Archaludon|99/100|[from] Grassy Terrain
|-sideend|p1: Blackbeard_x79|move: Tailwind
|upkeep
|turn|5
|
|t:|1750783145
|-terastallize|p2b: Archaludon|Stellar
|move|p1b: obese poseidon|Water Spout|p2b: Archaludon|[spread] p2a,p2b
|-resisted|p2b: Archaludon
|-damage|p2a: Urshifu|0 fnt
|-damage|p2b: Archaludon|28/100
|-ability|p2b: Archaludon|Stamina|boost
|-boost|p2b: Archaludon|def|1
|faint|p2a: Urshifu
|move|p1a: vaudeville villain|Draco Meteor|p2b: Archaludon
|-damage|p2b: Archaludon|0 fnt
|-unboost|p1a: vaudeville villain|spa|2
|faint|p2b: Archaludon
|-damage|p1a: vaudeville villain|16/100|[from] item: Life Orb
|
|win|Blackbeard_x79
|raw|Blackbeard_x79's rating: 1128 &rarr; <strong>1150</strong><br />(+22 for winning)
|raw|lukkyltd12's rating: 1083 &rarr; <strong>1063</strong><br />(-20 for losing)
|l|☆lukkyltd12
|player|p2|
