|j|☆Porygon-EpilepZ
|j|☆erik311
|t:|1750797595
|gametype|doubles
|player|p1|Porygon-EpilepZ|lucas|
|player|p2|erik311|elesa-masters|
|teamsize|p1|6
|teamsize|p2|6
|gen|9
|tier|[Gen 9] VGC 2025 Reg I
|rated|Tournament battle
|rule|Species Clause: Limit one of each Pokémon
|rule|Item Clause: Limit 1 of each item
|raw|<div class="infobox"><details class="readmore" open><summary><strong>2 custom rules:</strong></summary> Force Open Team Sheets, !Open Team Sheets</details></div>
|clearpoke
|poke|p1|Zacian-*, L50|
|poke|p1|Koraidon, L50|
|poke|p1|Flutter Mane, L50|
|poke|p1|Tornadus, L50, M|
|poke|p1|Raging Bolt, L50|
|poke|p1|Incineroar, L50, M|
|poke|p2|Miraidon, L50|
|poke|p2|Lunala, L50|
|poke|p2|Incineroar, L50, M|
|poke|p2|Ursaluna, L50, M|
|poke|p2|Urshifu-*, L50, M|
|poke|p2|Whimsicott, L50, M|
|teampreview|4
|showteam|p1|Zacian-Crowned||RustedSword|IntrepidSword|behemothblade,TeraBlast,PlayRough,Protect||||||50|,,,,,Ground]Koraidon||LifeOrb|OrichalcumPulse|CloseCombat,FlameCharge,FlareBlitz,Protect||||||50|,,,,,Fire]Flutter Mane||FocusSash|Protosynthesis|Moonblast,ShadowBall,Protect,Taunt||||||50|,,,,,Normal]Tornadus||CovertCloak|Prankster|Tailwind,SunnyDay,Leer,BleakwindStorm|||M|||50|,,,,,Dark]Raging Bolt||AssaultVest|Protosynthesis|DracoMeteor,Thunderclap,Thunderbolt,Snarl||||||50|,,,,,Fairy]Incineroar||RockyHelmet|Intimidate|FakeOut,PartingShot,KnockOff,WillOWisp|||M|||50|,,,,,Bug
|showteam|p2|Miraidon||ChoiceSpecs|HadronEngine|DazzlingGleam,ElectroDrift,DracoMeteor,VoltSwitch||||||50|,,,,,Fairy]Lunala||ElectricSeed|ShadowShield|MoongeistBeam,Moonblast,WideGuard,TrickRoom||||||50|,,,,,Fairy]Incineroar||AssaultVest|Intimidate|FlareBlitz,KnockOff,Uturn,FakeOut|||M|||50|,,,,,Bug]Ursaluna||FlameOrb|Guts|Facade,HeadlongRush,Earthquake,Protect|||M|||50|,,,,,Ghost]Urshifu-Rapid-Strike||ChoiceBand|UnseenFist|SurgingStrikes,CloseCombat,Uturn,AquaJet|||M|||50|,,,,,Ghost]Whimsicott||CovertCloak|Prankster|Moonblast,Encore,LightScreen,Tailwind|||M|||50|,,,,,Water
|inactive|Battle timer is ON: inactive players will automatically lose when time's up. (requested by Porygon-EpilepZ)
|inactive|erik311 also wants the timer to be on.
|j| kdnsjfq
|inactive|erik311 has 60 seconds left.
|
|t:|1750797637
|start
|switch|p1a: Zacian|Zacian-Crowned, L50|100/100
|switch|p1b: Flutter Mane|Flutter Mane, L50|100/100
|switch|p2a: Lunala|Lunala, L50|100/100
|switch|p2b: Incineroar|Incineroar, L50, M|100/100
|-ability|p1a: Zacian|Intrepid Sword|boost
|-boost|p1a: Zacian|atk|1
|-ability|p2b: Incineroar|Intimidate|boost
|-unboost|p1a: Zacian|atk|1
|-unboost|p1b: Flutter Mane|atk|1
|turn|1
|
|t:|1750797651
|switch|p2a: Whimsicott|Whimsicott, L50, M|100/100
|move|p1a: Zacian|Protect|p1a: Zacian
|-singleturn|p1a: Zacian|Protect
|move|p1b: Flutter Mane|Taunt|p2a: Whimsicott
|-start|p2a: Whimsicott|move: Taunt
|move|p2b: Incineroar|U-turn|p1b: Flutter Mane
|-resisted|p1b: Flutter Mane
|-damage|p1b: Flutter Mane|89/100
|
|t:|1750797668
|switch|p2b: Lunala|Lunala, L50|100/100|[from] U-turn
|
|upkeep
|turn|2
|
|t:|1750797693
|switch|p1a: Koraidon|Koraidon, L50|100/100
|-weather|SunnyDay|[from] ability: Orichalcum Pulse|[of] p1a: Koraidon
|-activate|p1b: Flutter Mane|ability: Protosynthesis
|-start|p1b: Flutter Mane|protosynthesisspe
|-activate|p1a: Koraidon|Orichalcum Pulse|[source]
|switch|p2a: Incineroar|Incineroar, L50, M|100/100
|-ability|p2a: Incineroar|Intimidate|boost
|-unboost|p1a: Koraidon|atk|1
|-unboost|p1b: Flutter Mane|atk|1
|-terastallize|p2b: Lunala|Fairy
|move|p1b: Flutter Mane|Taunt|p2b: Lunala
|-start|p2b: Lunala|move: Taunt
|move|p2b: Lunala|Moongeist Beam|p1a: Koraidon
|-damage|p1a: Koraidon|42/100
|
|-weather|SunnyDay|[upkeep]
|upkeep
|turn|3
|
|t:|1750797713
|switch|p1a: Raging Bolt|Raging Bolt, L50|100/100
|-activate|p1a: Raging Bolt|ability: Protosynthesis
|-start|p1a: Raging Bolt|protosynthesisspa
|move|p2a: Incineroar|Fake Out|p1a: Raging Bolt
|-damage|p1a: Raging Bolt|92/100
|move|p1b: Flutter Mane|Shadow Ball|p2b: Lunala
|-damage|p2b: Lunala|85/100
|-unboost|p2b: Lunala|spd|1
|move|p2b: Lunala|Moongeist Beam|p1b: Flutter Mane
|-supereffective|p1b: Flutter Mane
|-damage|p1b: Flutter Mane|0 fnt
|faint|p1b: Flutter Mane
|-end|p1b: Flutter Mane|Protosynthesis|[silent]
|
|-weather|SunnyDay|[upkeep]
|upkeep
|
|t:|1750797727
|switch|p1b: Koraidon|Koraidon, L50|42/100
|-activate|p1b: Koraidon|ability: Orichalcum Pulse
|turn|4
|inactive|Porygon-EpilepZ has 30 seconds left.
|
|t:|1750797756
|switch|p2b: Miraidon|Miraidon, L50|100/100
|-fieldstart|move: Electric Terrain|[from] ability: Hadron Engine|[of] p2b: Miraidon
|switch|p2a: Whimsicott|Whimsicott, L50, M|100/100
|-terastallize|p1b: Koraidon|Fire
|move|p1b: Koraidon|Flare Blitz|p2b: Miraidon
|-resisted|p2b: Miraidon
|-crit|p2b: Miraidon
|-damage|p2b: Miraidon|0 fnt
|faint|p2b: Miraidon
|-damage|p1b: Koraidon|8/100|[from] Recoil
|-damage|p1b: Koraidon|0 fnt|[from] item: Life Orb
|faint|p1b: Koraidon
|move|p1a: Raging Bolt|Thunderbolt|p2a: Whimsicott
|-resisted|p2a: Whimsicott
|-damage|p2a: Whimsicott|57/100
|
|-weather|SunnyDay|[upkeep]
|upkeep
|
|t:|1750797771
|switch|p1b: Zacian|Zacian-Crowned, L50|100/100
|switch|p2b: Incineroar|Incineroar, L50, M|100/100
|-ability|p2b: Incineroar|Intimidate|boost
|-unboost|p1a: Raging Bolt|atk|1
|-unboost|p1b: Zacian|atk|1
|turn|5
|
|t:|1750797787
|move|p1b: Zacian|Protect|p1b: Zacian
|-singleturn|p1b: Zacian|Protect
|move|p2b: Incineroar|Fake Out|p1b: Zacian
|-activate|p1b: Zacian|move: Protect
|move|p2a: Whimsicott|Light Screen|p2a: Whimsicott
|-sidestart|p2: erik311|move: Light Screen
|move|p1a: Raging Bolt|Thunderbolt|p2b: Incineroar
|-damage|p2b: Incineroar|67/100
|
|-weather|SunnyDay|[upkeep]
|upkeep
|turn|6
|
|t:|1750797802
|move|p2a: Whimsicott|Encore|p1b: Zacian
|-start|p1b: Zacian|Encore
|move|p1b: Zacian|Protect|p1b: Zacian
|-singleturn|p1b: Zacian|Protect
|move|p1a: Raging Bolt|Thunderbolt|p2b: Incineroar
|-damage|p2b: Incineroar|33/100
|move|p2b: Incineroar|Knock Off|p1a: Raging Bolt
|-damage|p1a: Raging Bolt|60/100
|-enditem|p1a: Raging Bolt|Assault Vest|[from] move: Knock Off|[of] p2b: Incineroar
|
|-weather|none
|-end|p1a: Raging Bolt|Protosynthesis
|upkeep
|turn|7
|
|t:|1750797812
|move|p1b: Zacian|Protect||[still]
|-fail|p1b: Zacian
|move|p1a: Raging Bolt|Thunderclap|p2b: Incineroar
|-damage|p2b: Incineroar|12/100
|move|p2a: Whimsicott|Moonblast|p1a: Raging Bolt
|-supereffective|p1a: Raging Bolt
|-damage|p1a: Raging Bolt|15/100
|move|p2b: Incineroar|U-turn|p1a: Raging Bolt
|-damage|p1a: Raging Bolt|0 fnt
|faint|p1a: Raging Bolt
|-end|p1a: Raging Bolt|Protosynthesis|[silent]
|
|t:|1750797818
|switch|p2b: Lunala|Lunala, L50, tera:Fairy|85/100|[from] U-turn
|-enditem|p2b: Lunala|Electric Seed
|-boost|p2b: Lunala|def|1|[from] item: Electric Seed
|
|upkeep
|turn|8
|-message|Porygon-EpilepZ forfeited.
|
|win|erik311
|n|☆Porygon-EpilepZ|porygonepilepz
|n|☆erik311|erik311
|n| kdnsjfq|kdnsjfq
