|j|☆onotann
|j|☆ArazetHD
|t:|1750861106
|gametype|doubles
|player|p1|onotann|rosa|1277
|player|p2|ArazetHD|hilbert-wonderlauncher|1271
|teamsize|p1|6
|teamsize|p2|6
|gen|9
|tier|[Gen 9] VGC 2025 Reg I
|rated|
|rule|Species Clause: Limit one of each Pokémon
|rule|Item Clause: Limit 1 of each item
|clearpoke
|poke|p1|Miraidon, L50|
|poke|p1|Lunala, L50|
|poke|p1|Urshifu-*, L50, M|
|poke|p1|Incineroar, L50, F|
|poke|p1|Ursaluna, L50, M|
|poke|p1|Ogerpon-Hearthflame, L50, F|
|poke|p2|Koraidon, L50|
|poke|p2|Lunala, L50|
|poke|p2|Chi-Yu, L50|
|poke|p2|Ursaluna, L50, F|
|poke|p2|Brute Bonnet, L50|
|poke|p2|Flutter Mane, L50|
|teampreview|4
|
|t:|1750861144
|start
|switch|p1a: Incineroar|Incineroar, L50, F|100/100
|switch|p1b: Miraidon|Miraidon, L50|100/100
|switch|p2a: Koraidon|Koraidon, L50|100/100
|switch|p2b: Flutter Mane|Flutter Mane, L50|100/100
|-weather|SunnyDay|[from] ability: Orichalcum Pulse|[of] p2a: Koraidon
|-activate|p2b: Flutter Mane|ability: Protosynthesis
|-start|p2b: Flutter Mane|protosynthesisspe
|-activate|p2a: Koraidon|Orichalcum Pulse|[source]
|-fieldstart|move: Electric Terrain|[from] ability: Hadron Engine|[of] p1b: Miraidon
|-ability|p1a: Incineroar|Intimidate|boost
|-unboost|p2a: Koraidon|atk|1
|-unboost|p2b: Flutter Mane|atk|1
|turn|1
|
|t:|1750861167
|-terastallize|p1b: Miraidon|Fairy
|move|p2a: Koraidon|Protect|p2a: Koraidon
|-singleturn|p2a: Koraidon|Protect
|move|p1a: Incineroar|Fake Out|p2a: Koraidon
|-activate|p2a: Koraidon|move: Protect
|move|p2b: Flutter Mane|Icy Wind|p1b: Miraidon|[spread] p1a,p1b
|-resisted|p1a: Incineroar
|-damage|p1a: Incineroar|96/100
|-damage|p1b: Miraidon|89/100
|-unboost|p1a: Incineroar|spe|1
|-unboost|p1b: Miraidon|spe|1
|move|p1b: Miraidon|Volt Switch|p2b: Flutter Mane
|-enditem|p2b: Flutter Mane|Focus Sash
|-damage|p2b: Flutter Mane|1/100
|
|t:|1750861183
|switch|p1b: Lunala|Lunala, L50, shiny|100/100|[from] Volt Switch
|-enditem|p1b: Lunala|Electric Seed
|-boost|p1b: Lunala|def|1|[from] item: Electric Seed
|
|-weather|SunnyDay|[upkeep]
|upkeep
|turn|2
|
|t:|1750861203
|-end|p2b: Flutter Mane|Protosynthesis|[silent]
|switch|p2b: Ursaluna|Ursaluna, L50, F|100/100
|move|p2a: Koraidon|Close Combat|p1a: Incineroar
|-supereffective|p1a: Incineroar
|-damage|p1a: Incineroar|0 fnt
|-unboost|p2a: Koraidon|def|1
|-unboost|p2a: Koraidon|spd|1
|faint|p1a: Incineroar
|-damage|p2a: Koraidon|91/100|[from] item: Life Orb
|move|p1b: Lunala|Moonblast|p2a: Koraidon
|-supereffective|p2a: Koraidon
|-damage|p2a: Koraidon|0 fnt
|faint|p2a: Koraidon
|
|-weather|SunnyDay|[upkeep]
|-status|p2b: Ursaluna|brn|[from] item: Flame Orb
|upkeep
|
|t:|1750861219
|switch|p2a: Lunala|Lunala, L50|100/100
|switch|p1a: Miraidon|Miraidon, L50, tera:Fairy|89/100
|-activate|p1a: Miraidon|ability: Hadron Engine
|turn|3
|
|t:|1750861275
|move|p1a: Miraidon|Dazzling Gleam|p2b: Ursaluna|[spread] p2a,p2b
|-damage|p2a: Lunala|74/100
|-damage|p2b: Ursaluna|31/100 brn
|move|p2a: Lunala|Moongeist Beam|p1b: Lunala
|-supereffective|p1b: Lunala
|-damage|p1b: Lunala|37/100
|move|p2b: Ursaluna|Facade|p1a: Miraidon
|-damage|p1a: Miraidon|0 fnt
|faint|p1a: Miraidon
|move|p1b: Lunala|Trick Room|p1b: Lunala
|-fieldstart|move: Trick Room|[of] p1b: Lunala
|
|-weather|SunnyDay|[upkeep]
|-damage|p2b: Ursaluna|25/100 brn|[from] brn
|upkeep
|
|t:|1750861291
|switch|p1a: Ogerpon|Ogerpon-Hearthflame, L50, F|100/100
|-ability|p1a: Ogerpon|Mold Breaker
|turn|4
|
|t:|1750861355
|move|p2b: Ursaluna|Protect|p2b: Ursaluna
|-singleturn|p2b: Ursaluna|Protect
|move|p1a: Ogerpon|Spiky Shield|p1a: Ogerpon
|-singleturn|p1a: Ogerpon|move: Protect
|move|p1b: Lunala|Moongeist Beam|p2a: Lunala
|-supereffective|p2a: Lunala
|-damage|p2a: Lunala|0 fnt
|faint|p2a: Lunala
|
|-weather|SunnyDay|[upkeep]
|-damage|p2b: Ursaluna|19/100 brn|[from] brn
|upkeep
|
|t:|1750861363
|switch|p2a: Flutter Mane|Flutter Mane, L50|1/100
|-activate|p2a: Flutter Mane|ability: Protosynthesis
|-start|p2a: Flutter Mane|protosynthesisspe
|turn|5
|inactive|Battle timer is ON: inactive players will automatically lose when time's up. (requested by ArazetHD)
|
|t:|1750861404
|-terastallize|p2a: Flutter Mane|Normal
|move|p1b: Lunala|Wide Guard|p1b: Lunala
|-singleturn|p1b: Lunala|Wide Guard
|move|p2b: Ursaluna|Facade|p1a: Ogerpon
|-damage|p1a: Ogerpon|0 fnt
|faint|p1a: Ogerpon
|move|p2a: Flutter Mane|Shadow Ball|p1b: Lunala
|-supereffective|p1b: Lunala
|-damage|p1b: Lunala|0 fnt
|faint|p1b: Lunala
|
|win|ArazetHD
|raw|onotann's rating: 1277 &rarr; <strong>1252</strong><br />(-25 for losing)
|raw|ArazetHD's rating: 1271 &rarr; <strong>1296</strong><br />(+25 for winning)
|c|☆ArazetHD|ggs
