|j|☆Law_NBD
|j|☆capyg6
|t:|1750778652
|gametype|doubles
|player|p1|Law_NBD|blue|
|player|p2|capyg6|fisherman-gen4|
|teamsize|p1|6
|teamsize|p2|6
|gen|9
|tier|[Gen 9] VGC 2025 Reg I
|rule|Species Clause: Limit one of each Pokémon
|rule|Item Clause: Limit 1 of each item
|clearpoke
|poke|p1|Sableye, L50, M|
|poke|p1|Pawmot, L50, M|
|poke|p1|Necrozma, L50|
|poke|p1|Zamazenta-*, L50|
|poke|p1|Enamorus-Therian, L50, F|
|poke|p1|Breloom, L50, M|
|poke|p2|Armarouge, L50, F|
|poke|p2|Minior, L50|
|poke|p2|Arcanine-Hisui, L50, M|
|poke|p2|Moltres-Galar, L50|
|poke|p2|Blastoise, L50, F|
|poke|p2|Venusaur, L50, F|
|teampreview|4
capyg6 rejected open team sheets.
|
|t:|1750778670
|start
|switch|p1a: Pawmot|Pawmot, L50, M|100/100
|switch|p1b: Breloom|Breloom, L50, M|100/100
|switch|p2a: Edgelord|Armarouge, L50, F|100/100
|switch|p2b: Megumin|Minior, L50, shiny|100/100
|-formechange|p2b: Megumin|Minior-Meteor||[from] ability: Shields Down
|turn|1
|
|t:|1750778691
|move|p1a: Pawmot|Fake Out|p2b: Megumin
|-resisted|p2b: Megumin
|-damage|p2b: Megumin|91/100
|move|p2a: Edgelord|Wide Guard|p2a: Edgelord
|-singleturn|p2a: Edgelord|Wide Guard
|move|p1b: Breloom|Spore|p2a: Edgelord
|-status|p2a: Edgelord|slp|[from] move: Spore
|cant|p2b: Megumin|flinch
|
|upkeep
|turn|2
|
|t:|1750778713
|cant|p2a: Edgelord|slp
|move|p1b: Breloom|Spore|p2b: Megumin
|-immune|p2b: Megumin|[from] ability: Shields Down
|move|p1a: Pawmot|Double Shock|p2b: Megumin
|-supereffective|p2b: Megumin
|-damage|p2b: Megumin|0 fnt
|-start|p1a: Pawmot|typechange|???/Fighting|[from] move: Double Shock
|faint|p2b: Megumin
|
|upkeep
|
|t:|1750778722
|switch|p2b: Big Bird|Moltres-Galar, L50, shiny|100/100
|turn|3
|
|t:|1750778748
|-terastallize|p1a: Pawmot|Electric
|-terastallize|p2b: Big Bird|Fairy
|move|p1b: Breloom|Spore|p2b: Big Bird
|-status|p2b: Big Bird|slp|[from] move: Spore
|move|p1a: Pawmot|Double Shock|p2b: Big Bird
|-damage|p2b: Big Bird|29/100 slp
|-start|p1a: Pawmot|typechange|Electric|[from] move: Double Shock
|-ability|p2b: Big Bird|Berserk|boost
|-boost|p2b: Big Bird|spa|1
|cant|p2b: Big Bird|slp
|cant|p2a: Edgelord|slp
|
|upkeep
|turn|4
|
|t:|1750778766
|switch|p1b: Zamazenta|Zamazenta-Crowned, L50|100/100
|-ability|p1b: Zamazenta|Dauntless Shield|boost
|-boost|p1b: Zamazenta|def|1
|move|p1a: Pawmot|Close Combat|p2b: Big Bird
|-resisted|p2b: Big Bird
|-damage|p2b: Big Bird|0 fnt
|-unboost|p1a: Pawmot|def|1
|-unboost|p1a: Pawmot|spd|1
|faint|p2b: Big Bird
|-curestatus|p2a: Edgelord|slp|[msg]
|move|p2a: Edgelord|Confuse Ray|p1b: Zamazenta
|-start|p1b: Zamazenta|confusion
|
|upkeep
|
|t:|1750778779
|switch|p2b: Ser-Woofington|Arcanine-Hisui, L50, M|100/100
|turn|5
|
|t:|1750778802
|move|p1a: Pawmot|Close Combat|p2b: Ser-Woofington
|-supereffective|p2b: Ser-Woofington
|-damage|p2b: Ser-Woofington|0 fnt
|-unboost|p1a: Pawmot|def|1
|-unboost|p1a: Pawmot|spd|1
|faint|p2b: Ser-Woofington
|-activate|p1b: Zamazenta|confusion
|-damage|p1b: Zamazenta|96/100|[from] confusion
|move|p2a: Edgelord|Confuse Ray|p1a: Pawmot
|-start|p1a: Pawmot|confusion
|
|upkeep
|turn|6
|c|☆capyg6|no attacking moves on anything else, gg
|-message|capyg6 forfeited.
|
|win|Law_NBD
|l|☆capyg6
|player|p2|
