|j|☆slickfast
|j|☆Angelo Neres
|t:|1750802189
|gametype|doubles
|player|p1|slickfast|266|1497
|player|p2|Angelo Neres|102|1437
|teamsize|p1|6
|teamsize|p2|6
|gen|9
|tier|[Gen 9] VGC 2025 Reg I
|rated|
|rule|Species Clause: Limit one of each Pokémon
|rule|Item Clause: Limit 1 of each item
|clearpoke
|poke|p1|Kyurem-White, L50|
|poke|p1|Tornadus, L50, M|
|poke|p1|Calyrex-Shadow, L50|
|poke|p1|Indeedee-F, L50, F|
|poke|p1|Dondozo, L50, F|
|poke|p1|Tatsugiri, L50, M|
|poke|p2|Groudon, L50|
|poke|p2|Moltres-Galar, L50|
|poke|p2|Scream Tail, L50|
|poke|p2|Grimmsnarl, L50, M|
|poke|p2|Zamazenta-*, L50|
|poke|p2|Tsareena, L50, F|
|teampreview|4
|inactive|Battle timer is ON: inactive players will automatically lose when time's up. (requested by Angelo Neres)
|inactive|slickfast has 60 seconds left.
|inactive|Angelo Neres has 60 seconds left.
|
|t:|1750802227
|start
|switch|p1a: Kyurem|Kyurem-White, L50|100/100
|switch|p1b: Tornadus|Tornadus, L50, M|100/100
|switch|p2a: Grimmsnarl|Grimmsnarl, L50, M, shiny|100/100
|switch|p2b: Groudon|Groudon, L50, shiny|100/100
|-ability|p1a: Kyurem|Turboblaze
|-weather|SunnyDay|[from] ability: Drought|[of] p2b: Groudon
|turn|1
|
|t:|1750802249
|-terastallize|p2b: Groudon|Fire
|move|p1b: Tornadus|Snowscape|p1b: Tornadus
|-weather|Snowscape
|move|p2a: Grimmsnarl|Light Screen|p2a: Grimmsnarl
|-sidestart|p2: Angelo Neres|move: Light Screen
|move|p1a: Kyurem|Blizzard|p2b: Groudon|[spread] p2a,p2b
|-resisted|p2b: Groudon
|-damage|p2a: Grimmsnarl|66/100
|-damage|p2b: Groudon|89/100
|move|p2b: Groudon|Stone Edge|p1a: Kyurem|[miss]
|-miss|p2b: Groudon|p1a: Kyurem
|
|-weather|Snowscape|[upkeep]
|upkeep
|turn|2
|
|t:|1750802272
|switch|p2b: Scream Tail|Scream Tail, L50, shiny|100/100
|-terastallize|p1a: Kyurem|Ground
|move|p2a: Grimmsnarl|Parting Shot|p1a: Kyurem
|-unboost|p1a: Kyurem|atk|1
|-unboost|p1a: Kyurem|spa|1
|
|t:|1750802274
|switch|p2a: Groudon|Groudon, L50, shiny, tera:Fire|89/100|[from] Parting Shot
|-weather|SunnyDay|[from] ability: Drought|[of] p2a: Groudon
|-activate|p2b: Scream Tail|ability: Protosynthesis
|-start|p2b: Scream Tail|protosynthesisspe
|move|p1b: Tornadus|Bleakwind Storm|p2b: Scream Tail|[spread] 
|-miss|p1b: Tornadus|p2a: Groudon
|-miss|p1b: Tornadus|p2b: Scream Tail
|move|p1a: Kyurem|Earth Power|p2b: Scream Tail
|-damage|p2b: Scream Tail|79/100
|
|-weather|SunnyDay|[upkeep]
|upkeep
|turn|3
|
|t:|1750802298
|switch|p2a: Grimmsnarl|Grimmsnarl, L50, M, shiny|66/100
|move|p1b: Tornadus|Snowscape|p1b: Tornadus
|-weather|Snowscape
|-end|p2b: Scream Tail|Protosynthesis
|move|p2b: Scream Tail|Disable|p1a: Kyurem
|-start|p1a: Kyurem|Disable|Earth Power
|cant|p1a: Kyurem|Disable|Earth Power
|
|-weather|Snowscape|[upkeep]
|upkeep
|turn|4
|
|t:|1750802319
|move|p2a: Grimmsnarl|Parting Shot|p1a: Kyurem
|-unboost|p1a: Kyurem|atk|1
|-unboost|p1a: Kyurem|spa|1
|
|t:|1750802321
|switch|p2a: Groudon|Groudon, L50, shiny, tera:Fire|89/100|[from] Parting Shot
|-weather|SunnyDay|[from] ability: Drought|[of] p2a: Groudon
|-activate|p2b: Scream Tail|ability: Protosynthesis
|-start|p2b: Scream Tail|protosynthesisspe
|move|p2b: Scream Tail|Encore|p1b: Tornadus
|-start|p1b: Tornadus|Encore
|move|p1b: Tornadus|Snowscape|p1b: Tornadus
|-weather|Snowscape
|-end|p2b: Scream Tail|Protosynthesis
|move|p1a: Kyurem|Blizzard|p2a: Groudon|[spread] p2a,p2b
|-resisted|p2a: Groudon
|-damage|p2a: Groudon|83/100
|-damage|p2b: Scream Tail|65/100
|
|-weather|Snowscape|[upkeep]
|upkeep
|turn|5
|inactive|Angelo Neres has 30 seconds left.
|
|t:|1750802351
|switch|p1b: Tatsugiri|Tatsugiri, L50, M|100/100
|switch|p1a: Dondozo|Dondozo, L50, F|100/100
|-activate|p1b: Tatsugiri|ability: Commander|[of] p1a: Dondozo
|-boost|p1a: Dondozo|atk|2
|-boost|p1a: Dondozo|spa|2
|-boost|p1a: Dondozo|spe|2
|-boost|p1a: Dondozo|def|2
|-boost|p1a: Dondozo|spd|2
|move|p2b: Scream Tail|Thunder Wave|p1b: Tatsugiri|[miss]
|-miss|p2b: Scream Tail|p1b: Tatsugiri
|move|p2a: Groudon|Heat Crash|p1a: Dondozo
|-resisted|p1a: Dondozo
|-damage|p1a: Dondozo|89/100
|
|-weather|Snowscape|[upkeep]
|-heal|p1a: Dondozo|95/100|[from] item: Leftovers
|-sideend|p2: Angelo Neres|move: Light Screen
|upkeep
|turn|6
|inactive|slickfast has 30 seconds left.
|
|t:|1750802377
|switch|p2a: Grimmsnarl|Grimmsnarl, L50, M, shiny|66/100
|move|p2b: Scream Tail|Thunder Wave|p1a: Dondozo
|-status|p1a: Dondozo|par
|cant|p1a: Dondozo|par
|
|-weather|Snowscape|[upkeep]
|-heal|p1a: Dondozo|100/100 par|[from] item: Leftovers
|upkeep
|turn|7
|
|t:|1750802391
|-end|p2b: Scream Tail|Protosynthesis|[silent]
|switch|p2b: Moltres|Moltres-Galar, L50, shiny|100/100
|move|p2a: Grimmsnarl|Parting Shot|p1a: Dondozo
|-unboost|p1a: Dondozo|atk|1
|-unboost|p1a: Dondozo|spa|1
|
|t:|1750802397
|switch|p2a: Scream Tail|Scream Tail, L50, shiny|65/100|[from] Parting Shot
|move|p1a: Dondozo|Earthquake|p2b: Moltres|[spread] p2a
|-miss|p1a: Dondozo|p1b: Tatsugiri
|-immune|p2b: Moltres
|-damage|p2a: Scream Tail|34/100
|
|-weather|Snowscape|[upkeep]
|upkeep
|turn|8
|
|t:|1750802410
|move|p2a: Scream Tail|Disable|p1a: Dondozo
|-start|p1a: Dondozo|Disable|Earthquake
|move|p2b: Moltres|Fiery Wrath|p1a: Dondozo|[spread] p1a
|-miss|p2b: Moltres|p1b: Tatsugiri
|-damage|p1a: Dondozo|84/100 par
|move|p1a: Dondozo|Order Up|p2b: Moltres
|-damage|p2b: Moltres|62/100
|-boost|p1a: Dondozo|atk|1
|
|-weather|none
|-heal|p1a: Dondozo|90/100 par|[from] item: Leftovers
|upkeep
|turn|9
|
|t:|1750802429
|switch|p2b: Grimmsnarl|Grimmsnarl, L50, M, shiny|66/100
|move|p1a: Dondozo|Protect|p1a: Dondozo
|-singleturn|p1a: Dondozo|Protect
|move|p2a: Scream Tail|Encore|p1a: Dondozo
|-activate|p1a: Dondozo|move: Protect
|
|-heal|p1a: Dondozo|97/100 par|[from] item: Leftovers
|upkeep
|turn|10
|
|t:|1750802443
|switch|p2b: Moltres|Moltres-Galar, L50, shiny|62/100
|move|p2a: Scream Tail|Encore|p1a: Dondozo
|-start|p1a: Dondozo|Encore
|move|p1a: Dondozo|Protect||[still]
|-fail|p1a: Dondozo
|
|-heal|p1a: Dondozo|100/100 par|[from] item: Leftovers
|upkeep
|turn|11
|
|t:|1750802454
|move|p1a: Dondozo|Protect|p1a: Dondozo
|-singleturn|p1a: Dondozo|Protect
|move|p2a: Scream Tail|Ice Beam|p1a: Dondozo
|-activate|p1a: Dondozo|move: Protect
|move|p2b: Moltres|Fiery Wrath|p1b: Tatsugiri|[spread] 
|-miss|p2b: Moltres|p1b: Tatsugiri
|-activate|p1a: Dondozo|move: Protect
|
|-end|p1a: Dondozo|Disable
|upkeep
|turn|12
|
|t:|1750802468
|move|p1a: Dondozo|Protect||[still]
|-fail|p1a: Dondozo
|move|p2a: Scream Tail|Disable|p1a: Dondozo
|-start|p1a: Dondozo|Disable|Protect
|move|p2b: Moltres|Fiery Wrath|p1b: Tatsugiri|[spread] p1a
|-miss|p2b: Moltres|p1b: Tatsugiri
|-damage|p1a: Dondozo|85/100 par
|
|-heal|p1a: Dondozo|92/100 par|[from] item: Leftovers
|-end|p1a: Dondozo|Encore
|upkeep
|turn|13
|inactive|Angelo Neres has 30 seconds left.
|
|t:|1750802498
|move|p2a: Scream Tail|Encore|p1a: Dondozo
|-start|p1a: Dondozo|Encore
|move|p2b: Moltres|Fiery Wrath|p1a: Dondozo|[spread] p1a
|-miss|p2b: Moltres|p1b: Tatsugiri
|-damage|p1a: Dondozo|74/100 par
|cant|p1a: Dondozo|Disable|Protect
|
|-heal|p1a: Dondozo|81/100 par|[from] item: Leftovers
|upkeep
|turn|14
|
|t:|1750802514
|-end|p2a: Scream Tail|Protosynthesis|[silent]
|switch|p2a: Groudon|Groudon, L50, shiny, tera:Fire|83/100
|-weather|SunnyDay|[from] ability: Drought|[of] p2a: Groudon
|move|p2b: Moltres|Fiery Wrath|p1b: Tatsugiri|[spread] p1a
|-miss|p2b: Moltres|p1b: Tatsugiri
|-damage|p1a: Dondozo|63/100 par
|-activate|p1a: Dondozo|move: Struggle
|move|p1a: Dondozo|Struggle|p2a: Groudon
|-damage|p2a: Groudon|60/100
|-damage|p1a: Dondozo|38/100 par|[from] recoil
|
|-weather|SunnyDay|[upkeep]
|-heal|p1a: Dondozo|44/100 par|[from] item: Leftovers
|upkeep
|turn|15
|
|t:|1750802530
|move|p2b: Moltres|Fiery Wrath|p1b: Tatsugiri|[spread] p1a
|-miss|p2b: Moltres|p1b: Tatsugiri
|-damage|p1a: Dondozo|26/100 par
|move|p2a: Groudon|Precipice Blades|p1a: Dondozo|[spread] p1a
|-miss|p2a: Groudon|p1b: Tatsugiri
|-damage|p1a: Dondozo|5/100 par
|-activate|p1a: Dondozo|move: Struggle
|move|p1a: Dondozo|Struggle|p2a: Groudon
|-damage|p2a: Groudon|39/100
|-damage|p1a: Dondozo|0 fnt|[from] recoil
|faint|p1a: Dondozo
|
|-weather|SunnyDay|[upkeep]
|upkeep
|
|t:|1750802552
|switch|p1a: Tornadus|Tornadus, L50, M|100/100
|turn|16
|
|t:|1750802570
|switch|p2a: Grimmsnarl|Grimmsnarl, L50, M, shiny|66/100
|move|p1a: Tornadus|Snowscape|p1a: Tornadus
|-weather|Snowscape
|move|p1b: Tatsugiri|Muddy Water|p2a: Grimmsnarl|[spread] p2a,p2b
|-damage|p2a: Grimmsnarl|34/100
|-damage|p2b: Moltres|36/100
|-ability|p2b: Moltres|Berserk|boost
|-boost|p2b: Moltres|spa|1
|-enditem|p2b: Moltres|Sitrus Berry|[eat]
|-heal|p2b: Moltres|61/100|[from] item: Sitrus Berry
|move|p2b: Moltres|Fiery Wrath|p1a: Tornadus|[spread] p1a,p1b
|-damage|p1a: Tornadus|40/100
|-damage|p1b: Tatsugiri|42/100
|
|-weather|Snowscape|[upkeep]
|upkeep
|turn|17
|
|t:|1750802592
|switch|p1a: Kyurem|Kyurem-White, L50, tera:Ground|100/100
|-ability|p1a: Kyurem|Turboblaze
|move|p2b: Moltres|Protect|p2b: Moltres
|-singleturn|p2b: Moltres|Protect
|move|p2a: Grimmsnarl|Light Screen|p2a: Grimmsnarl
|-sidestart|p2: Angelo Neres|move: Light Screen
|move|p1b: Tatsugiri|Muddy Water|p2a: Grimmsnarl|[spread] p2a
|-activate|p2b: Moltres|move: Protect
|-damage|p2a: Grimmsnarl|14/100
|
|-weather|Snowscape|[upkeep]
|upkeep
|turn|18
|inactive|slickfast has 30 seconds left.
|inactive|slickfast has 20 seconds left.
|
|t:|1750802629
|move|p2a: Grimmsnarl|Parting Shot|p1a: Kyurem
|-unboost|p1a: Kyurem|atk|1
|-unboost|p1a: Kyurem|spa|1
|
|t:|1750802639
|switch|p2a: Groudon|Groudon, L50, shiny, tera:Fire|39/100|[from] Parting Shot
|-weather|SunnyDay|[from] ability: Drought|[of] p2a: Groudon
|move|p1b: Tatsugiri|Muddy Water|p2b: Moltres|[spread] p2a,p2b
|-supereffective|p2a: Groudon
|-damage|p2a: Groudon|27/100
|-damage|p2b: Moltres|54/100
|move|p1a: Kyurem|Earth Power|p2a: Groudon
|-supereffective|p2a: Groudon
|-damage|p2a: Groudon|0 fnt
|faint|p2a: Groudon
|move|p2b: Moltres|Tailwind|p2b: Moltres
|-sidestart|p2: Angelo Neres|move: Tailwind
|
|-weather|SunnyDay|[upkeep]
|upkeep
|inactive|Angelo Neres has 30 seconds left.
|inactive|Angelo Neres has 20 seconds left.
|
|t:|1750802676
|switch|p2a: Scream Tail|Scream Tail, L50, shiny|34/100
|-activate|p2a: Scream Tail|ability: Protosynthesis
|-start|p2a: Scream Tail|protosynthesisspe
|turn|19
|inactive|Angelo Neres has 30 seconds left.
|
|t:|1750802703
|move|p2a: Scream Tail|Encore|p1a: Kyurem
|-start|p1a: Kyurem|Encore
|move|p2b: Moltres|Fiery Wrath|p1b: Tatsugiri|[spread] p1a,p1b
|-damage|p1a: Kyurem|76/100
|-damage|p1b: Tatsugiri|0 fnt
|faint|p1b: Tatsugiri
|move|p1a: Kyurem|Earth Power|p2b: Moltres
|-immune|p2b: Moltres
|
|-weather|SunnyDay|[upkeep]
|upkeep
|-message|slickfast forfeited.
|
|win|Angelo Neres
|raw|slickfast's rating: 1497 &rarr; <strong>1474</strong><br />(-23 for losing)
|raw|Angelo Neres's rating: 1437 &rarr; <strong>1460</strong><br />(+23 for winning)
|l|☆slickfast
|player|p1|
|l|☆Angelo Neres
|player|p2|
