|j|☆vuolod
|j|☆GodofSOHAI
|t:|1750845944
|gametype|doubles
|player|p1|vuolod|veteran|1080
|player|p2|GodofSOHAI|266|1134
|teamsize|p1|6
|teamsize|p2|6
|gen|9
|tier|[Gen 9] VGC 2025 Reg I
|rated|
|rule|Species Clause: Limit one of each Pokémon
|rule|Item Clause: Limit 1 of each item
|clearpoke
|poke|p1|Lycanroc, L50, M|
|poke|p1|Tyranitar, L50, M|
|poke|p1|Arbok, L50, M|
|poke|p1|Sawsbuck, L50, F|
|poke|p1|Pikachu, L50, F|
|poke|p1|Kyogre, L50|
|poke|p2|Ho-Oh, L50|
|poke|p2|Calyrex-Ice, L50|
|poke|p2|Overqwil, L50, M|
|poke|p2|Ting-Lu, L50|
|poke|p2|Rillaboom, L50, F|
|poke|p2|Ogerpon-Wellspring, L50, F|
|teampreview|4
|inactive|Battle timer is ON: inactive players will automatically lose when time's up. (requested by vuolod)
|
|t:|1750845990
|start
|switch|p1a: Pikachu|Pikachu, L50, F|100/100
|switch|p1b: Arbok|Arbok, L50, M|100/100
|switch|p2a: Calyrex|Calyrex-Ice, L50|100/100
|switch|p2b: Rillaboom|Rillaboom, L50, F|100/100
|-ability|p2a: Calyrex|As One
|-ability|p2a: Calyrex|Unnerve
|-ability|p1b: Arbok|Intimidate|boost
|-unboost|p2a: Calyrex|atk|1
|-unboost|p2b: Rillaboom|atk|1
|-fieldstart|move: Grassy Terrain|[from] ability: Grassy Surge|[of] p2b: Rillaboom
|turn|1
|inactive|vuolod has 30 seconds left.
|
|t:|1750846017
|move|p1a: Pikachu|Fake Out|p2b: Rillaboom
|-damage|p2b: Rillaboom|86/100
|cant|p2b: Rillaboom|flinch
|move|p1b: Arbok|Glare|p2b: Rillaboom
|-status|p2b: Rillaboom|par
|move|p2a: Calyrex|Trick Room|p2a: Calyrex
|-fieldstart|move: Trick Room|[of] p2a: Calyrex
|
|-heal|p2b: Rillaboom|91/100 par|[from] Grassy Terrain
|upkeep
|turn|2
|inactive|vuolod has 30 seconds left.
|inactive|GodofSOHAI has 30 seconds left.
|inactive|vuolod has 20 seconds left.
|inactive|GodofSOHAI has 20 seconds left.
|inactive|vuolod has 15 seconds left.
|inactive|vuolod has 10 seconds left.
|
|t:|1750846065
|move|p2b: Rillaboom|U-turn|p1a: Pikachu
|-damage|p1a: Pikachu|47/100
|
|t:|1750846072
|switch|p2b: Overqwil|Overqwil, L50, M|100/100|[from] U-turn
|-ability|p2b: Overqwil|Intimidate|boost
|-unboost|p1a: Pikachu|atk|1
|-unboost|p1b: Arbok|atk|1
|move|p2a: Calyrex|Glacial Lance|p1a: Pikachu|[spread] p1a,p1b
|-damage|p1a: Pikachu|0 fnt
|-damage|p1b: Arbok|40/100
|faint|p1a: Pikachu
|-ability|p2a: Calyrex|Chilling Neigh|boost
|-boost|p2a: Calyrex|atk|1
|move|p1b: Arbok|Glare|p2a: Calyrex
|-status|p2a: Calyrex|par
|
|-heal|p1b: Arbok|46/100|[from] Grassy Terrain
|upkeep
|
|t:|1750846089
|switch|p1a: Tyranitar|Tyranitar, L50, M|100/100
|-weather|Sandstorm|[from] ability: Sand Stream|[of] p1a: Tyranitar
|turn|3
|
|t:|1750846105
|move|p2a: Calyrex|Glacial Lance|p1b: Arbok|[spread] p1a,p1b
|-damage|p1a: Tyranitar|63/100
|-damage|p1b: Arbok|0 fnt
|faint|p1b: Arbok
|-ability|p2a: Calyrex|Chilling Neigh|boost
|-boost|p2a: Calyrex|atk|1
|move|p1a: Tyranitar|Rock Slide|p2b: Overqwil|[spread] p2a,p2b
|-supereffective|p2a: Calyrex
|-crit|p2a: Calyrex
|-damage|p2a: Calyrex|44/100 par
|-damage|p2b: Overqwil|69/100
|move|p2b: Overqwil|Toxic Spikes|p1a: Tyranitar
|-sidestart|p1: vuolod|move: Toxic Spikes
|
|-weather|Sandstorm|[upkeep]
|-damage|p2a: Calyrex|39/100 par|[from] Sandstorm
|-damage|p2b: Overqwil|63/100|[from] Sandstorm
|-heal|p2a: Calyrex|44/100 par|[from] Grassy Terrain
|-heal|p2a: Calyrex|50/100 par|[from] item: Leftovers
|-heal|p1a: Tyranitar|69/100|[from] Grassy Terrain
|-heal|p2b: Overqwil|69/100|[from] Grassy Terrain
|-heal|p2b: Overqwil|75/100|[from] item: Black Sludge
|upkeep
|
|t:|1750846122
|switch|p1b: Lycanroc|Lycanroc, L50, M|100/100
|-status|p1b: Lycanroc|psn
|turn|4
|
|t:|1750846143
|switch|p2b: Rillaboom|Rillaboom, L50, F|91/100 par
|move|p1b: Lycanroc|Protect|p1b: Lycanroc
|-singleturn|p1b: Lycanroc|Protect
|cant|p2a: Calyrex|par
|move|p1a: Tyranitar|Rock Slide|p2a: Calyrex|[spread] p2a,p2b
|-supereffective|p2a: Calyrex
|-damage|p2a: Calyrex|15/100 par
|-damage|p2b: Rillaboom|63/100 par
|
|-weather|Sandstorm|[upkeep]
|-damage|p2a: Calyrex|10/100 par|[from] Sandstorm
|-damage|p2b: Rillaboom|58/100 par|[from] Sandstorm
|-heal|p2a: Calyrex|15/100 par|[from] Grassy Terrain
|-heal|p2a: Calyrex|21/100 par|[from] item: Leftovers
|-heal|p2b: Rillaboom|63/100 par|[from] Grassy Terrain
|-heal|p1a: Tyranitar|74/100|[from] Grassy Terrain
|-damage|p1b: Lycanroc|88/100 psn|[from] psn
|upkeep
|turn|5
|inactive|vuolod has 30 seconds left.
|inactive|GodofSOHAI has 30 seconds left.
|inactive|vuolod has 20 seconds left.
|
|t:|1750846183
|-terastallize|p1a: Tyranitar|Ghost
|move|p2b: Rillaboom|Fake Out|p1a: Tyranitar
|-immune|p1a: Tyranitar
|move|p2a: Calyrex|Glacial Lance|p1b: Lycanroc|[spread] p1a,p1b
|-damage|p1a: Tyranitar|19/100
|-damage|p1b: Lycanroc|0 fnt
|faint|p1b: Lycanroc
|-ability|p2a: Calyrex|Chilling Neigh|boost
|-boost|p2a: Calyrex|atk|1
|move|p1a: Tyranitar|Rock Slide|p2a: Calyrex|[spread] p2a,p2b
|-supereffective|p2a: Calyrex
|-damage|p2a: Calyrex|0 fnt
|-damage|p2b: Rillaboom|34/100 par
|faint|p2a: Calyrex
|
|-weather|Sandstorm|[upkeep]
|-damage|p2b: Rillaboom|29/100 par|[from] Sandstorm
|-damage|p1a: Tyranitar|13/100|[from] Sandstorm
|-heal|p2b: Rillaboom|34/100 par|[from] Grassy Terrain
|-heal|p1a: Tyranitar|19/100|[from] Grassy Terrain
|-fieldend|move: Trick Room
|-fieldend|move: Grassy Terrain
|upkeep
|
|t:|1750846201
|switch|p2a: Overqwil|Overqwil, L50, M|75/100
|-ability|p2a: Overqwil|Intimidate|boost
|-unboost|p1a: Tyranitar|atk|1
|turn|6
|
|t:|1750846214
|move|p2a: Overqwil|Throat Chop|p1a: Tyranitar
|-supereffective|p1a: Tyranitar
|-damage|p1a: Tyranitar|0 fnt
|faint|p1a: Tyranitar
|
|win|GodofSOHAI
|raw|vuolod's rating: 1080 &rarr; <strong>1061</strong><br />(-19 for losing)
|raw|GodofSOHAI's rating: 1134 &rarr; <strong>1155</strong><br />(+21 for winning)
|l|☆GodofSOHAI
|player|p2|
|l|☆vuolod
|player|p1|
