|j|☆johnkharkiv
|j|☆huchuachua
|t:|1750750407
|gametype|doubles
|player|p1|johnkharkiv|swimmerf-gen4dp|1399
|player|p2|huchuachua|101|1368
|teamsize|p1|6
|teamsize|p2|6
|gen|9
|tier|[Gen 9] VGC 2025 Reg I
|rated|
|rule|Species Clause: Limit one of each Pokémon
|rule|Item Clause: Limit 1 of each item
|clearpoke
|poke|p1|Ho-Oh, L50|
|poke|p1|Annihilape, L50, F|
|poke|p1|Electivire, L50, F|
|poke|p1|Whimsicott, L50, F|
|poke|p1|Indeedee-F, L50, F|
|poke|p1|Miraidon, L50|
|poke|p2|Calyrex-Shadow, L50|
|poke|p2|Ting-Lu, L50|
|poke|p2|Whimsicott, L50, F|
|poke|p2|Zamazenta-*, L50|
|poke|p2|Ogerpon-Hearthflame, L50, F|
|poke|p2|Raging Bolt, L50|
|teampreview|4
|
|t:|1750750447
|start
|switch|p1a: Whimsicott|Whimsicott, L50, F, shiny|100/100
|switch|p1b: Annihilape|Annihilape, L50, F, shiny|100/100
|switch|p2a: Raging Bolt|Raging Bolt, L50|100/100
|switch|p2b: Ting-Lu|Ting-Lu, L50|100/100
|-ability|p2b: Ting-Lu|Vessel of Ruin
|turn|1
|
|t:|1750750477
|move|p2a: Raging Bolt|Thunderclap|p1b: Annihilape
|-damage|p1b: Annihilape|74/100
|move|p1b: Annihilape|Brick Break|p2b: Ting-Lu
|-supereffective|p2b: Ting-Lu
|-damage|p2b: Ting-Lu|70/100
|-damage|p1b: Annihilape|57/100|[from] item: Rocky Helmet|[of] p2b: Ting-Lu
|move|p1a: Whimsicott|Dazzling Gleam|p2a: Raging Bolt|[spread] p2a,p2b
|-supereffective|p2a: Raging Bolt
|-supereffective|p2b: Ting-Lu
|-damage|p2a: Raging Bolt|85/100
|-damage|p2b: Ting-Lu|56/100
|move|p2b: Ting-Lu|Sand Tomb|p1b: Annihilape
|-crit|p1b: Annihilape
|-damage|p1b: Annihilape|37/100
|-activate|p1b: Annihilape|move: Sand Tomb|[of] p2b: Ting-Lu
|
|-damage|p1b: Annihilape|25/100|[from] move: Sand Tomb|[partiallytrapped]
|upkeep
|turn|2
|
|t:|1750750492
|move|p1a: Whimsicott|Encore|p2a: Raging Bolt
|-start|p2a: Raging Bolt|Encore
|move|p2a: Raging Bolt|Thunderclap|p1b: Annihilape
|-damage|p1b: Annihilape|0 fnt
|faint|p1b: Annihilape
|move|p2b: Ting-Lu|Sand Tomb|p1a: Whimsicott
|-resisted|p1a: Whimsicott
|-damage|p1a: Whimsicott|94/100
|-activate|p1a: Whimsicott|move: Sand Tomb|[of] p2b: Ting-Lu
|
|-damage|p1a: Whimsicott|82/100|[from] move: Sand Tomb|[partiallytrapped]
|upkeep
|
|t:|1750750506
|switch|p1b: Miraidon|Miraidon, L50|100/100
|-fieldstart|move: Electric Terrain|[from] ability: Hadron Engine|[of] p1b: Miraidon
|turn|3
|
|t:|1750750529
|move|p2a: Raging Bolt|Thunderclap|p1a: Whimsicott
|-resisted|p1a: Whimsicott
|-damage|p1a: Whimsicott|58/100
|move|p1b: Miraidon|Draco Meteor|p2a: Raging Bolt
|-supereffective|p2a: Raging Bolt
|-damage|p2a: Raging Bolt|0 fnt
|-unboost|p1b: Miraidon|spa|2
|faint|p2a: Raging Bolt
|-end|p2a: Raging Bolt|Protosynthesis|[silent]
|-damage|p1b: Miraidon|91/100|[from] item: Life Orb
|move|p1a: Whimsicott|Dazzling Gleam|p2b: Ting-Lu
|-supereffective|p2b: Ting-Lu
|-damage|p2b: Ting-Lu|33/100
|move|p2b: Ting-Lu|Sand Tomb|p1b: Miraidon
|-supereffective|p1b: Miraidon
|-crit|p1b: Miraidon
|-damage|p1b: Miraidon|51/100
|-activate|p1b: Miraidon|move: Sand Tomb|[of] p2b: Ting-Lu
|
|-damage|p1b: Miraidon|38/100|[from] move: Sand Tomb|[partiallytrapped]
|-damage|p1a: Whimsicott|46/100|[from] move: Sand Tomb|[partiallytrapped]
|upkeep
|
|t:|1750750547
|switch|p2a: Calyrex|Calyrex-Shadow, L50|100/100
|-ability|p2a: Calyrex|As One
|-ability|p2a: Calyrex|Unnerve
|turn|4
|
|t:|1750750557
|move|p1a: Whimsicott|Tailwind|p1a: Whimsicott
|-sidestart|p1: johnkharkiv|move: Tailwind
|move|p1b: Miraidon|Volt Switch|p2a: Calyrex
|-damage|p2a: Calyrex|66/100
|-damage|p1b: Miraidon|29/100|[from] item: Life Orb
|
|t:|1750750563
|switch|p1b: Ho-Oh|Ho-Oh, L50, shiny|100/100|[from] Volt Switch
|move|p2a: Calyrex|Astral Barrage|p1a: Whimsicott|[spread] p1a,p1b
|-damage|p1a: Whimsicott|0 fnt
|-damage|p1b: Ho-Oh|81/100
|faint|p1a: Whimsicott
|-ability|p2a: Calyrex|Grim Neigh|boost
|-boost|p2a: Calyrex|spa|1
|move|p2b: Ting-Lu|Throat Chop|p1b: Ho-Oh
|-damage|p1b: Ho-Oh|48/100
|-start|p1b: Ho-Oh|Throat Chop|[silent]
|
|upkeep
|
|t:|1750750572
|switch|p1a: Miraidon|Miraidon, L50|29/100
|-activate|p1a: Miraidon|ability: Hadron Engine
|turn|5
|
|t:|1750750592
|move|p2a: Calyrex|Protect|p2a: Calyrex
|-singleturn|p2a: Calyrex|Protect
|move|p1a: Miraidon|Draco Meteor|p2a: Calyrex
|-activate|p2a: Calyrex|move: Protect
|move|p1b: Ho-Oh|Sacred Fire|p2b: Ting-Lu
|-damage|p2b: Ting-Lu|2/100
|-status|p2b: Ting-Lu|brn
|move|p2b: Ting-Lu|Sand Tomb|p1a: Miraidon
|-supereffective|p1a: Miraidon
|-damage|p1a: Miraidon|17/100
|-activate|p1a: Miraidon|move: Sand Tomb|[of] p2b: Ting-Lu
|
|-damage|p2b: Ting-Lu|0 fnt|[from] brn
|faint|p2b: Ting-Lu
|-end|p1a: Miraidon|Sand Tomb|[partiallytrapped]|[silent]
|-end|p1b: Ho-Oh|Throat Chop|[silent]
|upkeep
|
|t:|1750750606
|switch|p2b: Zamazenta|Zamazenta-Crowned, L50|100/100
|-ability|p2b: Zamazenta|Dauntless Shield|boost
|-boost|p2b: Zamazenta|def|1
|turn|6
|
|t:|1750750616
|-terastallize|p2b: Zamazenta|Dragon
|move|p1a: Miraidon|Draco Meteor|p2a: Calyrex
|-damage|p2a: Calyrex|0 fnt
|-unboost|p1a: Miraidon|spa|2
|faint|p2a: Calyrex
|-damage|p1a: Miraidon|7/100|[from] item: Life Orb
|move|p1b: Ho-Oh|Sacred Fire|p2b: Zamazenta
|-resisted|p2b: Zamazenta
|-damage|p2b: Zamazenta|90/100
|move|p2b: Zamazenta|Body Press|p1a: Miraidon
|-damage|p1a: Miraidon|0 fnt
|faint|p1a: Miraidon
|
|upkeep
|turn|7
|inactive|Battle timer is ON: inactive players will automatically lose when time's up. (requested by johnkharkiv)
|
|t:|1750750630
|move|p2b: Zamazenta|Protect|p2b: Zamazenta
|-singleturn|p2b: Zamazenta|Protect
|move|p1b: Ho-Oh|Sacred Fire|p2b: Zamazenta
|-activate|p2b: Zamazenta|move: Protect
|
|-sideend|p1: johnkharkiv|move: Tailwind
|-fieldend|move: Electric Terrain
|upkeep
|turn|8
|
|t:|1750750640
|move|p2b: Zamazenta|Body Press|p1b: Ho-Oh
|-resisted|p1b: Ho-Oh
|-damage|p1b: Ho-Oh|12/100
|move|p1b: Ho-Oh|Sacred Fire|p2b: Zamazenta
|-resisted|p2b: Zamazenta
|-damage|p2b: Zamazenta|79/100
|-status|p2b: Zamazenta|brn
|
|-damage|p2b: Zamazenta|73/100 brn|[from] brn
|upkeep
|turn|9
|
|t:|1750750650
|move|p2b: Zamazenta|Body Press|p1b: Ho-Oh
|-resisted|p1b: Ho-Oh
|-damage|p1b: Ho-Oh|0 fnt
|faint|p1b: Ho-Oh
|
|win|huchuachua
|raw|johnkharkiv's rating: 1399 &rarr; <strong>1377</strong><br />(-22 for losing)
|raw|huchuachua's rating: 1368 &rarr; <strong>1390</strong><br />(+22 for winning)
|l|☆johnkharkiv
|player|p1|
