|j|☆Nauzzy
|j|☆ZEATHS
|t:|1750765304
|gametype|doubles
|player|p1|Nauzzy|1|1101
|player|p2|ZEATHS|pokemaniac|1020
|teamsize|p1|6
|teamsize|p2|6
|gen|9
|tier|[Gen 9] VGC 2025 Reg I
|rated|
|rule|Species Clause: Limit one of each Pokémon
|rule|Item Clause: Limit 1 of each item
|clearpoke
|poke|p1|Sceptile, L50, M|
|poke|p1|Rillaboom, L50, M|
|poke|p1|Calyrex-Shadow, L50|
|poke|p1|Amoonguss, L50, F|
|poke|p1|Sableye, L50, M|
|poke|p1|Zamazenta-*, L50|
|poke|p2|Kyurem-White, L50|
|poke|p2|Zamazenta-*, L50|
|poke|p2|Amoonguss, L50, F|
|poke|p2|Incineroar, L50, F|
|poke|p2|Tornadus, L50, M|
|poke|p2|Smeargle, L50, M|
|teampreview|4
|
|t:|1750765343
|start
|switch|p1a: Zamazenta|Zamazenta-Crowned, L50, shiny|100/100
|switch|p1b: Amoonguss|Amoonguss, L50, F|100/100
|switch|p2a: Kyurem|Kyurem-White, L50, shiny|100/100
|switch|p2b: Tornadus|Tornadus, L50, M, shiny|100/100
|-ability|p1a: Zamazenta|Dauntless Shield|boost
|-boost|p1a: Zamazenta|def|1
|-ability|p2a: Kyurem|Turboblaze
|turn|1
|
|t:|1750765395
|move|p2b: Tornadus|Snowscape|p2b: Tornadus
|-weather|Snowscape
|move|p1a: Zamazenta|Body Press|p2a: Kyurem
|-supereffective|p2a: Kyurem
|-damage|p2a: Kyurem|38/100
|move|p2a: Kyurem|Fusion Flare|p1b: Amoonguss
|-supereffective|p1b: Amoonguss
|-damage|p1b: Amoonguss|0 fnt
|faint|p1b: Amoonguss
|
|-weather|Snowscape|[upkeep]
|upkeep
|
|t:|1750765410
|switch|p1b: Calyrex|Calyrex-Shadow, L50|100/100
|-ability|p1b: Calyrex|As One
|-ability|p1b: Calyrex|Unnerve
|turn|2
|
|t:|1750765424
|switch|p2a: Zamazenta|Zamazenta-Crowned, L50|100/100
|-ability|p2a: Zamazenta|Dauntless Shield|boost
|-boost|p2a: Zamazenta|def|1
|move|p1b: Calyrex|Protect|p1b: Calyrex
|-singleturn|p1b: Calyrex|Protect
|move|p2b: Tornadus|Tailwind|p2b: Tornadus
|-sidestart|p2: ZEATHS|move: Tailwind
|move|p1a: Zamazenta|Body Press|p2a: Zamazenta
|-supereffective|p2a: Zamazenta
|-damage|p2a: Zamazenta|46/100
|
|-weather|Snowscape|[upkeep]
|upkeep
|turn|3
|
|t:|1750765479
|switch|p2b: Incineroar|Incineroar, L50, F|100/100
|-ability|p2b: Incineroar|Intimidate|boost
|-unboost|p1a: Zamazenta|atk|1
|-unboost|p1b: Calyrex|atk|1
|-terastallize|p1b: Calyrex|Normal
|move|p2a: Zamazenta|Wide Guard|p2a: Zamazenta
|-singleturn|p2a: Zamazenta|Wide Guard
|move|p1b: Calyrex|Expanding Force|p2b: Incineroar
|-immune|p2b: Incineroar
|move|p1a: Zamazenta|Body Press|p2a: Zamazenta
|-supereffective|p2a: Zamazenta
|-damage|p2a: Zamazenta|0 fnt
|faint|p2a: Zamazenta
|
|-weather|Snowscape|[upkeep]
|upkeep
|
|t:|1750765495
|switch|p2a: Kyurem|Kyurem-White, L50, shiny|38/100
|-ability|p2a: Kyurem|Turboblaze
|turn|4
|
|t:|1750765511
|move|p2b: Incineroar|Fake Out|p1a: Zamazenta
|-resisted|p1a: Zamazenta
|-damage|p1a: Zamazenta|98/100
|move|p1b: Calyrex|Astral Barrage|p2a: Kyurem|[spread] p2a,p2b
|-resisted|p2b: Incineroar
|-damage|p2a: Kyurem|0 fnt
|-damage|p2b: Incineroar|71/100
|faint|p2a: Kyurem
|-ability|p1b: Calyrex|Grim Neigh|boost
|-boost|p1b: Calyrex|spa|1
|-damage|p1b: Calyrex|91/100|[from] item: Life Orb
|cant|p1a: Zamazenta|flinch
|
|-weather|Snowscape|[upkeep]
|upkeep
|
|t:|1750765523
|switch|p2a: Tornadus|Tornadus, L50, M, shiny|100/100
|turn|5
|
|t:|1750765547
|-terastallize|p2b: Incineroar|Fire
|move|p2a: Tornadus|Bleakwind Storm|p1a: Zamazenta|[spread] p1a,p1b
|-damage|p1a: Zamazenta|70/100
|-damage|p1b: Calyrex|55/100
|-unboost|p1a: Zamazenta|spe|1
|move|p1b: Calyrex|Will-O-Wisp|p2a: Tornadus
|-status|p2a: Tornadus|brn
|move|p2b: Incineroar|Flare Blitz|p1a: Zamazenta
|-supereffective|p1a: Zamazenta
|-damage|p1a: Zamazenta|23/100
|-damage|p2b: Incineroar|56/100|[from] Recoil
|move|p1a: Zamazenta|Body Press|p2b: Incineroar
|-damage|p2b: Incineroar|9/100
|
|-weather|none
|-damage|p2a: Tornadus|95/100 brn|[from] brn
|-sideend|p2: ZEATHS|move: Tailwind
|upkeep
|turn|6
|
|t:|1750765577
|move|p1a: Zamazenta|Wide Guard|p1a: Zamazenta
|-singleturn|p1a: Zamazenta|Wide Guard
|move|p2a: Tornadus|Tailwind|p2a: Tornadus
|-sidestart|p2: ZEATHS|move: Tailwind
|move|p1b: Calyrex|Expanding Force|p2a: Tornadus
|-damage|p2a: Tornadus|0 fnt
|faint|p2a: Tornadus
|-ability|p1b: Calyrex|Grim Neigh|boost
|-boost|p1b: Calyrex|spa|1
|-damage|p1b: Calyrex|45/100|[from] item: Life Orb
|move|p2b: Incineroar|Flare Blitz|p1a: Zamazenta
|-supereffective|p1a: Zamazenta
|-damage|p1a: Zamazenta|0 fnt
|faint|p1a: Zamazenta
|-damage|p2b: Incineroar|2/100|[from] Recoil
|
|upkeep
|c|☆ZEATHS|gg
|
|t:|1750765594
|switch|p1a: Sableye|Sableye, L50, M, shiny|100/100
|turn|7
|-message|ZEATHS forfeited.
|
|win|Nauzzy
|raw|Nauzzy's rating: 1101 &rarr; <strong>1120</strong><br />(+19 for winning)
|raw|ZEATHS's rating: 1020 &rarr; <strong>1010</strong><br />(-10 for losing)
