|j|☆vinicio499
|j|☆KGFlawless
|t:|1750877519
|gametype|doubles
|player|p1|vinicio499|dawn|1444
|player|p2|KGFlawless|n|1514
|teamsize|p1|6
|teamsize|p2|6
|gen|9
|tier|[Gen 9] VGC 2025 Reg I
|rated|
|rule|Species Clause: Limit one of each Pokémon
|rule|Item Clause: Limit 1 of each item
|clearpoke
|poke|p1|Miraidon, L50|
|poke|p1|Calyrex-Ice, L50|
|poke|p1|Pelipper, L50, M|
|poke|p1|Farigiraf, L50, F|
|poke|p1|Incineroar, L50, F|
|poke|p1|Enamorus-Therian, L50, F|
|poke|p2|Whimsicott, L50, F|
|poke|p2|Urshifu-*, L50, F|
|poke|p2|Ursaluna, L50, M|
|poke|p2|Miraidon, L50|
|poke|p2|Lunala, L50|
|poke|p2|Incineroar, L50, F|
|teampreview|4
|inactive|Battle timer is ON: inactive players will automatically lose when time's up. (requested by KGFlawless)
|inactive|vinicio499 also wants the timer to be on.
|inactive|vinicio499 has 60 seconds left.
|
|t:|1750877565
|start
|switch|p1a: Miraidon|Miraidon, L50|100/100
|switch|p1b: Incineroar|Incineroar, L50, F|100/100
|switch|p2a: Whimsicott|Whimsicott, L50, F|100/100
|switch|p2b: Miraidon|Miraidon, L50|100/100
|-fieldstart|move: Electric Terrain|[from] ability: Hadron Engine|[of] p2b: Miraidon
|-activate|p1a: Miraidon|ability: Hadron Engine
|-ability|p1b: Incineroar|Intimidate|boost
|-unboost|p2a: Whimsicott|atk|1
|-unboost|p2b: Miraidon|atk|1
|turn|1
|inactive|vinicio499 has 30 seconds left.
|inactive|vinicio499 has 20 seconds left.
|inactive|vinicio499 has 15 seconds left.
|inactive|vinicio499 has 10 seconds left.
|inactive|vinicio499 has 5 seconds left.
|
|t:|1750877616
|switch|p2b: Lunala|Lunala, L50, shiny|100/100
|-enditem|p2b: Lunala|Electric Seed
|-boost|p2b: Lunala|def|1|[from] item: Electric Seed
|move|p1b: Incineroar|Fake Out|p2b: Lunala
|-immune|p2b: Lunala
|move|p2a: Whimsicott|Tailwind|p2a: Whimsicott
|-sidestart|p2: KGFlawless|move: Tailwind
|move|p1a: Miraidon|Volt Switch|p2b: Lunala
|-damage|p2b: Lunala|75/100
|
|t:|1750877622
|switch|p1a: Enamorus|Enamorus-Therian, L50, F|100/100|[from] Volt Switch
|
|upkeep
|turn|2
|inactive|vinicio499 has 30 seconds left.
|inactive|KGFlawless has 30 seconds left.
|
|t:|1750877652
|-terastallize|p2b: Lunala|Fairy
|move|p2a: Whimsicott|Light Screen|p2a: Whimsicott
|-sidestart|p2: KGFlawless|move: Light Screen
|move|p2b: Lunala|Moongeist Beam|p1a: Enamorus
|-damage|p1a: Enamorus|47/100
|move|p1b: Incineroar|Parting Shot|p2b: Lunala
|-unboost|p2b: Lunala|atk|1
|-unboost|p2b: Lunala|spa|1
|
|t:|1750877665
|switch|p1b: Calyrex|Calyrex-Ice, L50|100/100|[from] Parting Shot
|-ability|p1b: Calyrex|As One
|-ability|p1b: Calyrex|Unnerve
|move|p1a: Enamorus|Moonblast|p2b: Lunala
|-damage|p2b: Lunala|38/100
|-unboost|p2b: Lunala|spa|1
|-damage|p1a: Enamorus|37/100|[from] item: Life Orb
|
|upkeep
|turn|3
|l|☆vinicio499
|inactive|vinicio499 disconnected and has a minute to reconnect!
|player|p1|
|j|☆vinicio499
|inactive|vinicio499 reconnected and has 35 seconds left.
|player|p1|vinicio499|dawn|
|inactive|vinicio499 has 30 seconds left.
|inactive|KGFlawless has 30 seconds left.
|inactive|vinicio499 has 20 seconds left.
|
|t:|1750877701
|-terastallize|p1b: Calyrex|Fire
|move|p2a: Whimsicott|Moonblast|p1b: Calyrex
|-resisted|p1b: Calyrex
|-damage|p1b: Calyrex|92/100
|move|p2b: Lunala|Moongeist Beam|p1a: Enamorus
|-damage|p1a: Enamorus|7/100
|move|p1a: Enamorus|Moonblast|p2b: Lunala
|-damage|p2b: Lunala|6/100
|-damage|p1a: Enamorus|0 fnt|[from] item: Life Orb
|faint|p1a: Enamorus
|move|p1b: Calyrex|Trick Room|p1b: Calyrex
|-fieldstart|move: Trick Room|[of] p1b: Calyrex
|
|upkeep
|
|t:|1750877711
|switch|p1a: Miraidon|Miraidon, L50|100/100
|-activate|p1a: Miraidon|ability: Hadron Engine
|turn|4
|
|t:|1750877729
|switch|p1b: Incineroar|Incineroar, L50, F|100/100
|-ability|p1b: Incineroar|Intimidate|boost
|-unboost|p2a: Whimsicott|atk|1
|-unboost|p2b: Lunala|atk|1
|move|p2a: Whimsicott|Encore|p1b: Incineroar
|-hint|Since gen 7, Dark is immune to Prankster moves.
|-immune|p1b: Incineroar
|move|p1a: Miraidon|Snarl|p2a: Whimsicott|[spread] p2a
|-miss|p1a: Miraidon|p2b: Lunala
|-resisted|p2a: Whimsicott
|-damage|p2a: Whimsicott|92/100
|move|p2b: Lunala|Moonblast|p1a: Miraidon
|-supereffective|p1a: Miraidon
|-damage|p1a: Miraidon|69/100
|
|-sideend|p2: KGFlawless|move: Tailwind
|upkeep
|turn|5
|
|t:|1750877752
|move|p1b: Incineroar|Fake Out|p2b: Lunala
|-damage|p2b: Lunala|0 fnt
|faint|p2b: Lunala
|move|p1a: Miraidon|Volt Switch|p2a: Whimsicott
|-resisted|p2a: Whimsicott
|-damage|p2a: Whimsicott|59/100
|
|t:|1750877754
|switch|p1a: Calyrex|Calyrex-Ice, L50, tera:Fire|92/100|[from] Volt Switch
|-ability|p1a: Calyrex|As One
|-ability|p1a: Calyrex|Unnerve
|move|p2a: Whimsicott|Moonblast|p1a: Calyrex
|-resisted|p1a: Calyrex
|-damage|p1a: Calyrex|84/100
|
|-fieldend|move: Electric Terrain
|upkeep
|
|t:|1750877774
|switch|p2b: Miraidon|Miraidon, L50|100/100
|-fieldstart|move: Electric Terrain|[from] ability: Hadron Engine|[of] p2b: Miraidon
|turn|6
|
|t:|1750877796
|move|p1a: Calyrex|Glacial Lance|p2b: Miraidon|[spread] p2a,p2b
|-supereffective|p2a: Whimsicott
|-supereffective|p2b: Miraidon
|-damage|p2a: Whimsicott|0 fnt
|-damage|p2b: Miraidon|11/100
|faint|p2a: Whimsicott
|-ability|p1a: Calyrex|Chilling Neigh|boost
|-boost|p1a: Calyrex|atk|1
|move|p1b: Incineroar|Knock Off|p2b: Miraidon
|-damage|p2b: Miraidon|0 fnt
|-enditem|p2b: Miraidon|Choice Specs|[from] move: Knock Off|[of] p1b: Incineroar
|faint|p2b: Miraidon
|
|-sideend|p2: KGFlawless|move: Light Screen
|upkeep
|
|t:|1750877801
|switch|p2b: Urshifu|Urshifu-Rapid-Strike, L50, F|100/100
|turn|7
|-message|KGFlawless forfeited.
|
|win|vinicio499
|raw|vinicio499's rating: 1444 &rarr; <strong>1468</strong><br />(+24 for winning)
|raw|KGFlawless's rating: 1514 &rarr; <strong>1490</strong><br />(-24 for losing)
|l|☆KGFlawless
|player|p2|
|l|☆vinicio499
|player|p1|
