|j|☆imgoldshark07
|j|☆HardFreaQ
|html|<table width="100%"><tr><td align="left">imgoldshark07</td><td align="right">HardFreaQ</tr><tr><td align="left"><i class="fa fa-circle"></i> <i class="fa fa-circle-o"></i> </td><td align="right"><i class="fa fa-circle-o"></i> <i class="fa fa-circle"></i> </tr></table>
|uhtml|bestof|<h2><strong>Game 3</strong> of <a href="/game-bestof3-gen9vgc2025regi-2391211752">a best-of-3</a></h2>
|t:|1750817256
|gametype|doubles
|player|p1|imgoldshark07|170|
|player|p2|HardFreaQ|lucas|
|teamsize|p1|6
|teamsize|p2|6
|gen|9
|tier|[Gen 9] VGC 2025 Reg I
|rated|Tournament battle
|rule|Species Clause: Limit one of each Pokémon
|rule|Item Clause: Limit 1 of each item
|raw|<div class="infobox"><details class="readmore" open><summary><strong>3 custom rules:</strong></summary> Force Open Team Sheets, !Open Team Sheets, Best of = 3</details></div>
|clearpoke
|poke|p1|Calyrex-Ice, L50|
|poke|p1|Terapagos, L50, M|
|poke|p1|Urshifu-*, L50, F|
|poke|p1|Volcarona, L50, M|
|poke|p1|Raging Bolt, L50|
|poke|p1|Rillaboom, L50, M|
|poke|p2|Calyrex-Ice, L50|
|poke|p2|Miraidon, L50|
|poke|p2|Farigiraf, L50, F|
|poke|p2|Volcarona, L50, F|
|poke|p2|Iron Hands, L50|
|poke|p2|Grimmsnarl, L50, M|
|teampreview|4
|showteam|p1|Calyrex-Ice||ClearAmulet|AsOneGlastrier|GlacialLance,HighHorsepower,TrickRoom,Protect||||||50|,,,,,Water]Terapagos||ExpertBelt|TeraShift|TeraStarstorm,DarkPulse,EarthPower,Protect|||M|||50|,,,,,Stellar]Urshifu-Rapid-Strike||MysticWater|UnseenFist|SurgingStrikes,CloseCombat,Taunt,Detect|||F|||50|,,,,,Water]Volcarona||RockyHelmet|FlameBody|FieryDance,WillOWisp,RagePowder,Tailwind|||M|||50|,,,,,Steel]Raging Bolt||BoosterEnergy|Protosynthesis|Thunderbolt,Thunderclap,DragonPulse,Protect||||||50|,,,,,Fairy]Rillaboom||AssaultVest|GrassySurge|WoodHammer,GrassyGlide,Uturn,FakeOut|||M|||50|,,,,,Water
|showteam|p2|Calyrex-Ice||ClearAmulet|AsOneGlastrier|GlacialLance,HighHorsepower,TrickRoom,Protect||||||50|,,,,,Fire]Miraidon||ChoiceSpecs|HadronEngine|ElectroDrift,VoltSwitch,DracoMeteor,DazzlingGleam||||||50|,,,,,Fairy]Farigiraf||MirrorHerb|ArmorTail|Psychic,ShadowBall,TrickRoom,HelpingHand|||F|||50|,,,,,Water]Volcarona||ElectricSeed|FlameBody|FieryDance,BugBuzz,QuiverDance,Protect|||F|||50|,,,,,Dragon]Iron Hands||AssaultVest|QuarkDrive|LowKick,DrainPunch,WildCharge,FakeOut||||||50|,,,,,Bug]Grimmsnarl||LightClay|Prankster|SpiritBreak,Reflect,LightScreen,PartingShot|||M|||50|,,,,,Steel
|inactive|Battle timer is ON: inactive players will automatically lose when time's up. (requested by HardFreaQ)
|j| JLFalcon
|j|+Omega Gio
|inactive|imgoldshark07 has 60 seconds left.
|
|t:|1750817288
|start
|switch|p1a: Calyrex|Calyrex-Ice, L50|100/100
|switch|p1b: Rillaboom|Rillaboom, L50, M|100/100
|switch|p2a: Volcarona|Volcarona, L50, F|100/100
|switch|p2b: Miraidon|Miraidon, L50|100/100
|-ability|p1a: Calyrex|As One
|-ability|p1a: Calyrex|Unnerve
|-fieldstart|move: Electric Terrain|[from] ability: Hadron Engine|[of] p2b: Miraidon
|-enditem|p2a: Volcarona|Electric Seed
|-boost|p2a: Volcarona|def|1|[from] item: Electric Seed
|-fieldstart|move: Grassy Terrain|[from] ability: Grassy Surge|[of] p1b: Rillaboom
|turn|1
|
|t:|1750817295
|switch|p2b: Farigiraf|Farigiraf, L50, F|100/100
|move|p1b: Rillaboom|Fake Out||[still]
|cant|p2b: Farigiraf|ability: Armor Tail|Fake Out|[of] p1b: Rillaboom
|move|p2a: Volcarona|Quiver Dance|p2a: Volcarona
|-boost|p2a: Volcarona|spa|1
|-boost|p2a: Volcarona|spd|1
|-boost|p2a: Volcarona|spe|1
|move|p1a: Calyrex|Glacial Lance|p2b: Farigiraf|[spread] p2a,p2b
|-resisted|p2a: Volcarona
|-damage|p2a: Volcarona|79/100
|-damage|p2b: Farigiraf|60/100
|
|-heal|p2a: Volcarona|85/100|[from] Grassy Terrain
|-heal|p2b: Farigiraf|67/100|[from] Grassy Terrain
|upkeep
|turn|2
|
|t:|1750817304
|-terastallize|p1a: Calyrex|Water
|move|p2a: Volcarona|Fiery Dance|p1b: Rillaboom
|-supereffective|p1b: Rillaboom
|-damage|p1b: Rillaboom|22/100
|move|p1b: Rillaboom|U-turn|p2b: Farigiraf
|-supereffective|p2b: Farigiraf
|-damage|p2b: Farigiraf|30/100
|
|t:|1750817312
|switch|p1b: Urshifu|Urshifu-Rapid-Strike, L50, F|100/100|[from] U-turn
|move|p2b: Farigiraf|Psychic|p1b: Urshifu
|-supereffective|p1b: Urshifu
|-damage|p1b: Urshifu|13/100
|move|p1a: Calyrex|Glacial Lance|p2b: Farigiraf|[spread] p2a,p2b
|-resisted|p2a: Volcarona
|-damage|p2a: Volcarona|64/100
|-damage|p2b: Farigiraf|0 fnt
|faint|p2b: Farigiraf
|-ability|p1a: Calyrex|Chilling Neigh|boost
|-boost|p1a: Calyrex|atk|1
|
|-heal|p2a: Volcarona|70/100|[from] Grassy Terrain
|-heal|p1b: Urshifu|19/100|[from] Grassy Terrain
|upkeep
|
|t:|1750817316
|switch|p2b: Miraidon|Miraidon, L50|100/100
|-fieldstart|move: Electric Terrain|[from] ability: Hadron Engine|[of] p2b: Miraidon
|turn|3
|
|t:|1750817321
|switch|p1b: Rillaboom|Rillaboom, L50, M|22/100
|-fieldstart|move: Grassy Terrain|[from] ability: Grassy Surge|[of] p1b: Rillaboom
|move|p1a: Calyrex|Protect|p1a: Calyrex
|-singleturn|p1a: Calyrex|Protect
|move|p2a: Volcarona|Fiery Dance|p1b: Rillaboom
|-supereffective|p1b: Rillaboom
|-damage|p1b: Rillaboom|0 fnt
|faint|p1b: Rillaboom
|move|p2b: Miraidon|Electro Drift|p1a: Calyrex
|-activate|p1a: Calyrex|move: Protect
|
|-heal|p2a: Volcarona|76/100|[from] Grassy Terrain
|upkeep
|
|t:|1750817323
|switch|p1b: Volcarona|Volcarona, L50, M|100/100
|turn|4
|
|t:|1750817334
|switch|p2b: Iron Hands|Iron Hands, L50, shiny|100/100
|move|p1b: Volcarona|Rage Powder|p1b: Volcarona
|-singleturn|p1b: Volcarona|move: Rage Powder
|move|p2a: Volcarona|Fiery Dance|p1b: Volcarona
|-damage|p1b: Volcarona|58/100
|move|p1a: Calyrex|Glacial Lance|p2b: Iron Hands|[spread] p2a,p2b
|-resisted|p2a: Volcarona
|-damage|p2a: Volcarona|47/100
|-damage|p2b: Iron Hands|44/100
|
|-heal|p2a: Volcarona|54/100|[from] Grassy Terrain
|-heal|p1b: Volcarona|64/100|[from] Grassy Terrain
|-heal|p2b: Iron Hands|50/100|[from] Grassy Terrain
|upkeep
|turn|5
|j| IILordJII
|
|t:|1750817342
|move|p2b: Iron Hands|Fake Out|p1a: Calyrex
|-damage|p1a: Calyrex|91/100
|move|p1b: Volcarona|Rage Powder|p1b: Volcarona
|-singleturn|p1b: Volcarona|move: Rage Powder
|move|p2a: Volcarona|Fiery Dance|p1b: Volcarona
|-damage|p1b: Volcarona|20/100
|cant|p1a: Calyrex|flinch
|
|-heal|p2a: Volcarona|60/100|[from] Grassy Terrain
|-heal|p1b: Volcarona|26/100|[from] Grassy Terrain
|-heal|p1a: Calyrex|97/100|[from] Grassy Terrain
|-heal|p2b: Iron Hands|56/100|[from] Grassy Terrain
|upkeep
|turn|6
|
|t:|1750817353
|move|p2a: Volcarona|Fiery Dance|p1b: Volcarona
|-damage|p1b: Volcarona|0 fnt
|faint|p1b: Volcarona
|move|p2b: Iron Hands|Wild Charge|p1a: Calyrex
|-supereffective|p1a: Calyrex
|-damage|p1a: Calyrex|30/100
|-damage|p2b: Iron Hands|42/100|[from] Recoil
|move|p1a: Calyrex|Trick Room|p1a: Calyrex
|-fieldstart|move: Trick Room|[of] p1a: Calyrex
|
|-heal|p2b: Iron Hands|48/100|[from] Grassy Terrain
|-heal|p1a: Calyrex|36/100|[from] Grassy Terrain
|-heal|p2a: Volcarona|66/100|[from] Grassy Terrain
|upkeep
|
|t:|1750817356
|switch|p1b: Urshifu|Urshifu-Rapid-Strike, L50, F|19/100
|turn|7
|
|t:|1750817379
|move|p1b: Urshifu|Detect|p1b: Urshifu
|-singleturn|p1b: Urshifu|Protect
|move|p2b: Iron Hands|Wild Charge|p1a: Calyrex
|-supereffective|p1a: Calyrex
|-damage|p1a: Calyrex|0 fnt
|faint|p1a: Calyrex
|-damage|p2b: Iron Hands|41/100|[from] Recoil
|move|p2a: Volcarona|Bug Buzz|p1b: Urshifu
|-activate|p1b: Urshifu|move: Protect
|
|-heal|p2b: Iron Hands|47/100|[from] Grassy Terrain
|-heal|p1b: Urshifu|25/100|[from] Grassy Terrain
|-heal|p2a: Volcarona|72/100|[from] Grassy Terrain
|-fieldend|move: Grassy Terrain
|upkeep
|turn|8
|
|t:|1750817384
|move|p2b: Iron Hands|Wild Charge|p1b: Urshifu
|-supereffective|p1b: Urshifu
|-damage|p1b: Urshifu|0 fnt
|faint|p1b: Urshifu
|-damage|p2b: Iron Hands|42/100|[from] Recoil
|
|win|HardFreaQ
|l| Omega Gio
