|j|☆eriksp9
|j|☆Fra5670
|t:|1750872206
|gametype|doubles
|player|p1|eriksp9|calem-masters|1498
|player|p2|Fra5670|n|1519
|teamsize|p1|6
|teamsize|p2|6
|gen|9
|tier|[Gen 9] VGC 2025 Reg I
|rated|
|rule|Species Clause: Limit one of each Pokémon
|rule|Item Clause: Limit 1 of each item
|clearpoke
|poke|p1|Calyrex-Ice, L50|
|poke|p1|Miraidon, L50|
|poke|p1|Volcarona, L50, M|
|poke|p1|Iron Hands, L50|
|poke|p1|Grimmsnarl, L50, M|
|poke|p1|Ogerpon, L50, F|
|poke|p2|Terapagos, L50, M|
|poke|p2|Miraidon, L50|
|poke|p2|Urshifu-*, L50, F|
|poke|p2|Incineroar, L50, M|
|poke|p2|Iron Treads, L50|
|poke|p2|Sinistcha, L50|
|teampreview|4
|inactive|Battle timer is ON: inactive players will automatically lose when time's up. (requested by Fra5670)
eriksp9 has agreed to open team sheets.
|l|☆eriksp9
|inactive|eriksp9 disconnected and has a minute to reconnect!
|player|p1|
|j|☆eriksp9
|inactive|eriksp9 reconnected and has 75 seconds left.
|player|p1|eriksp9|calem-masters|
|
|t:|1750872234
|start
|switch|p1a: Paranoid Android|Miraidon, L50|100/100
|switch|p1b: Volcarona|Volcarona, L50, M, shiny|100/100
|switch|p2a: Terapagos|Terapagos, L50, M|100/100
|switch|p2b: Incineroar|Incineroar, L50, M|100/100
|-activate|p2a: Terapagos|ability: Tera Shift
|detailschange|p2a: Terapagos|Terapagos-Terastal, L50, M
|-heal|p2a: Terapagos|100/100|[silent]
|-fieldstart|move: Electric Terrain|[from] ability: Hadron Engine|[of] p1a: Paranoid Android
|-enditem|p2a: Terapagos|Electric Seed
|-boost|p2a: Terapagos|def|1|[from] item: Electric Seed
|-ability|p2b: Incineroar|Intimidate|boost
|-unboost|p1a: Paranoid Android|atk|1
|-unboost|p1b: Volcarona|atk|1
|turn|1
|
|t:|1750872243
|switch|p1a: Ogerpon|Ogerpon, L50, F|100/100
|move|p2b: Incineroar|Fake Out|p1a: Ogerpon
|-damage|p1a: Ogerpon|90/100
|move|p1b: Volcarona|Quiver Dance|p1b: Volcarona
|-boost|p1b: Volcarona|spa|1
|-boost|p1b: Volcarona|spd|1
|-boost|p1b: Volcarona|spe|1
|move|p2a: Terapagos|Calm Mind|p2a: Terapagos
|-boost|p2a: Terapagos|spa|1
|-boost|p2a: Terapagos|spd|1
|
|upkeep
|turn|2
|
|t:|1750872254
|move|p2a: Terapagos|Protect|p2a: Terapagos
|-singleturn|p2a: Terapagos|Protect
|move|p1b: Volcarona|Struggle Bug|p2b: Incineroar|[spread] p2b
|-activate|p2a: Terapagos|move: Protect
|-damage|p2b: Incineroar|81/100
|-unboost|p2b: Incineroar|spa|1
|move|p1a: Ogerpon|Encore|p2b: Incineroar
|-start|p2b: Incineroar|Encore
|move|p2b: Incineroar|Fake Out||[still]
|-hint|Fake Out only works on your first turn out.
|-fail|p2b: Incineroar
|
|upkeep
|turn|3
|
|t:|1750872272
|switch|p2b: Miraidon|Miraidon, L50|100/100
|-activate|p2b: Miraidon|ability: Hadron Engine
|move|p1b: Volcarona|Quiver Dance|p1b: Volcarona
|-boost|p1b: Volcarona|spa|1
|-boost|p1b: Volcarona|spd|1
|-boost|p1b: Volcarona|spe|1
|move|p1a: Ogerpon|Encore|p2a: Terapagos
|-start|p2a: Terapagos|Encore
|move|p2a: Terapagos|Protect||[still]
|-fail|p2a: Terapagos
|
|upkeep
|turn|4
|
|t:|1750872294
|switch|p1a: Calyrex|Calyrex-Ice, L50|100/100
|-ability|p1a: Calyrex|As One
|-ability|p1a: Calyrex|Unnerve
|move|p2a: Terapagos|Protect|p2a: Terapagos
|-singleturn|p2a: Terapagos|Protect
|move|p1b: Volcarona|Struggle Bug|p2b: Miraidon|[spread] p2b
|-activate|p2a: Terapagos|move: Protect
|-damage|p2b: Miraidon|84/100
|-unboost|p2b: Miraidon|spa|1
|move|p2b: Miraidon|Draco Meteor|p1a: Calyrex
|-damage|p1a: Calyrex|61/100
|-unboost|p2b: Miraidon|spa|2
|
|upkeep
|turn|5
|
|t:|1750872308
|switch|p2b: Incineroar|Incineroar, L50, M|81/100
|-ability|p2b: Incineroar|Intimidate|boost
|-fail|p1a: Calyrex|unboost|[from] item: Clear Amulet|[of] p1a: Calyrex
|-unboost|p1b: Volcarona|atk|1
|move|p2a: Terapagos|Protect||[still]
|-fail|p2a: Terapagos
|move|p1b: Volcarona|Struggle Bug|p2b: Incineroar|[spread] p2a,p2b
|-activate|p2a: Terapagos|ability: Tera Shell
|-resisted|p2a: Terapagos
|-damage|p2a: Terapagos|91/100
|-damage|p2b: Incineroar|53/100
|-unboost|p2a: Terapagos|spa|1
|-unboost|p2b: Incineroar|spa|1
|move|p1a: Calyrex|Glacial Lance|p2b: Incineroar|[spread] p2a,p2b
|-crit|p2a: Terapagos
|-resisted|p2b: Incineroar
|-damage|p2a: Terapagos|24/100
|-damage|p2b: Incineroar|30/100
|
|-end|p2a: Terapagos|Encore
|-fieldend|move: Electric Terrain
|upkeep
|turn|6
|
|t:|1750872329
|move|p2b: Incineroar|Fake Out|p1b: Volcarona
|-damage|p1b: Volcarona|89/100
|cant|p1b: Volcarona|flinch
|move|p2a: Terapagos|Tera Starstorm|p1b: Volcarona
|-damage|p1b: Volcarona|61/100
|move|p1a: Calyrex|Glacial Lance|p2b: Incineroar|[spread] p2a,p2b
|-resisted|p2b: Incineroar
|-damage|p2a: Terapagos|0 fnt
|-damage|p2b: Incineroar|7/100
|faint|p2a: Terapagos
|-ability|p1a: Calyrex|Chilling Neigh|boost
|-boost|p1a: Calyrex|atk|1
|
|-heal|p1b: Volcarona|67/100|[from] item: Leftovers
|upkeep
|
|t:|1750872340
|switch|p2a: Miraidon|Miraidon, L50|84/100
|-fieldstart|move: Electric Terrain|[from] ability: Hadron Engine|[of] p2a: Miraidon
|turn|7
|
|t:|1750872347
|-terastallize|p2a: Miraidon|Electric
|move|p1b: Volcarona|Struggle Bug|p2b: Incineroar|[spread] p2a,p2b
|-damage|p2a: Miraidon|67/100
|-damage|p2b: Incineroar|0 fnt
|-unboost|p2a: Miraidon|spa|1
|faint|p2b: Incineroar
|move|p2a: Miraidon|Electro Drift|p1a: Calyrex
|-damage|p1a: Calyrex|5/100
|move|p1a: Calyrex|Glacial Lance|p2a: Miraidon
|-damage|p2a: Miraidon|0 fnt
|faint|p2a: Miraidon
|-ability|p1a: Calyrex|Chilling Neigh|boost
|-boost|p1a: Calyrex|atk|1
|
|-heal|p1b: Volcarona|73/100|[from] item: Leftovers
|upkeep
|-message|Fra5670 forfeited.
|
|win|eriksp9
|raw|eriksp9's rating: 1498 &rarr; <strong>1519</strong><br />(+21 for winning)
|raw|Fra5670's rating: 1519 &rarr; <strong>1498</strong><br />(-21 for losing)
|l|☆Fra5670
|player|p2|
