|j|☆alexeido
|j|☆Saguito
|t:|1750799513
|gametype|doubles
|player|p1|alexeido|colress|
|player|p2|Saguito|bianca|
|teamsize|p1|6
|teamsize|p2|6
|gen|9
|tier|[Gen 9] VGC 2025 Reg I
|rule|Species Clause: Limit one of each Pokémon
|rule|Item Clause: Limit 1 of each item
|clearpoke
|poke|p1|Lanturn, L50, F|
|poke|p1|Palafin, L50, F|
|poke|p1|Urshifu-*, L50, F|
|poke|p1|Dondozo, L50, F|
|poke|p1|Tatsugiri, L50, M|
|poke|p1|Toxapex, L50, F|
|poke|p2|Mimikyu, L50, F|
|poke|p2|Tinkaton, L50, F|
|poke|p2|Iron Valiant, L50|
|poke|p2|Ribombee, L50, F|
|poke|p2|Fezandipiti, L50, M|
|poke|p2|Sylveon, L50, F|
|teampreview|4
alexeido has agreed to open team sheets.
Saguito has agreed to open team sheets.
|showteam|p1|Lanturn||Leftovers|VoltAbsorb|VoltSwitch,Scald,IcyWind,Protect|||F|||50|,,,,,Electric]Palafin||ChoiceBand|ZerotoHero|WaveCrash,JetPunch,FlipTurn,IcePunch|||F|||50|,,,,,Ice]Urshifu-Rapid-Strike||LifeOrb|UnseenFist|SurgingStrikes,CloseCombat,AquaJet,Uturn|||F|||50|,,,,,Fighting]Dondozo||AssaultVest|Unaware|WaveCrash,OrderUp,Earthquake,RockSlide|||F|||50|,,,,,Ground]Tatsugiri||ChoiceScarf|Commander|MuddyWater,DracoMeteor,IcyWind,Soak|||M|||50|,,,,,Dragon]Toxapex||BlackSludge|Regenerator|BanefulBunker,Recover,Liquidation,SludgeBomb|||F|||50|,,,,,Poison
|showteam|p2|Mimikyu||FocusSash|Disguise|ShadowClaw,PlayRough,ShadowSneak,SwordsDance|||F|||50|,,,,,Ghost]Tinkaton||LifeOrb|MoldBreaker|GigatonHammer,KnockOff,FakeOut,Protect|||F|||50|,,,,,Steel]Iron Valiant||BoosterEnergy|QuarkDrive|Moonblast,CloseCombat,FocusBlast,Protect||||||50|,,,,,Fighting]Ribombee||EjectPack|ShieldDust|PollenPuff,Tailwind,LightScreen,Protect|||F|||50|,,,,,Ghost]Fezandipiti||Leftovers|ToxicChain|AlluringVoice,Tailwind,DazzlingGleam,Protect|||M|||50|,,,,,Fairy]Sylveon||ThroatSpray|Pixilate|HyperVoice,TeraBlast,CalmMind,Protect|||F|||50|,,,,,Fairy
|j| okkito
|j| MultiZapdos
|
|t:|1750799580
|start
|switch|p1a: Urshifu|Urshifu-Rapid-Strike, L50, F|100/100
|switch|p1b: Tatsugiri|Tatsugiri, L50, M|100/100
|switch|p2a: Mimi|Mimikyu, L50, F|100/100
|switch|p2b: Miseel|Sylveon, L50, F|100/100
|turn|1
|
|t:|1750799636
|switch|p1b: Toxapex|Toxapex, L50, F|100/100
|switch|p1a: Dondozo|Dondozo, L50, F|100/100
|move|p2a: Mimi|Swords Dance|p2a: Mimi
|-boost|p2a: Mimi|atk|2
|move|p2b: Miseel|Hyper Voice|p1b: Toxapex|[spread] p1a,p1b
|-resisted|p1b: Toxapex
|-damage|p1a: Dondozo|73/100
|-damage|p1b: Toxapex|83/100
|-enditem|p2b: Miseel|Throat Spray
|-boost|p2b: Miseel|spa|1|[from] item: Throat Spray
|
|-heal|p1b: Toxapex|88/100|[from] item: Black Sludge
|upkeep
|turn|2
|
|t:|1750799682
|-terastallize|p2b: Miseel|Fairy
|move|p1b: Toxapex|Baneful Bunker|p1b: Toxapex
|-singleturn|p1b: Toxapex|move: Protect
|move|p2a: Mimi|Shadow Sneak|p1b: Toxapex
|-activate|p1b: Toxapex|move: Protect
|-status|p2a: Mimi|psn
|move|p2b: Miseel|Hyper Voice|p1b: Toxapex|[spread] p1a
|-activate|p1b: Toxapex|move: Protect
|-damage|p1a: Dondozo|36/100
|move|p1a: Dondozo|Wave Crash|p2a: Mimi
|-activate|p2a: Mimi|ability: Disguise
|-damage|p2a: Mimi|100/100 psn
|detailschange|p2a: Mimi|Mimikyu-Busted, L50, F
|-damage|p2a: Mimi|88/100 psn|[from] pokemon: Mimikyu-Busted
|
|-heal|p1b: Toxapex|94/100|[from] item: Black Sludge
|-damage|p2a: Mimi|76/100 psn|[from] psn
|upkeep
|turn|3
|
|t:|1750799749
|switch|p1a: Urshifu|Urshifu-Rapid-Strike, L50, F|100/100
|-terastallize|p1b: Toxapex|Poison
|move|p2a: Mimi|Shadow Sneak|p1a: Urshifu
|-damage|p1a: Urshifu|68/100
|move|p2b: Miseel|Hyper Voice|p1b: Toxapex|[spread] p1a,p1b
|-supereffective|p1a: Urshifu
|-resisted|p1b: Toxapex
|-damage|p1a: Urshifu|0 fnt
|-damage|p1b: Toxapex|59/100
|faint|p1a: Urshifu
|move|p1b: Toxapex|Sludge Bomb|p2b: Miseel
|-supereffective|p2b: Miseel
|-damage|p2b: Miseel|63/100
|
|-heal|p1b: Toxapex|65/100|[from] item: Black Sludge
|-damage|p2a: Mimi|64/100 psn|[from] psn
|upkeep
|
|t:|1750799776
|switch|p1a: Tatsugiri|Tatsugiri, L50, M|100/100
|turn|4
|
|t:|1750799810
|switch|p1b: Dondozo|Dondozo, L50, F|36/100
|-activate|p1a: Tatsugiri|ability: Commander|[of] p1b: Dondozo
|-boost|p1b: Dondozo|atk|2
|-boost|p1b: Dondozo|spa|2
|-boost|p1b: Dondozo|spe|2
|-boost|p1b: Dondozo|def|2
|-boost|p1b: Dondozo|spd|2
|move|p2a: Mimi|Shadow Sneak|p1a: Tatsugiri|[miss]
|-miss|p2a: Mimi|p1a: Tatsugiri
|move|p2b: Miseel|Hyper Voice|p1b: Dondozo|[spread] p1b
|-miss|p2b: Miseel|p1a: Tatsugiri
|-damage|p1b: Dondozo|17/100
|
|-damage|p2a: Mimi|52/100 psn|[from] psn
|upkeep
|turn|5
|
|t:|1750799831
|move|p2a: Mimi|Shadow Sneak|p1b: Dondozo
|-damage|p1b: Dondozo|12/100
|move|p1b: Dondozo|Earthquake|p2b: Miseel|[spread] p2a,p2b
|-miss|p1b: Dondozo|p1a: Tatsugiri
|-damage|p2a: Mimi|0 fnt
|-damage|p2b: Miseel|6/100
|faint|p2a: Mimi
|move|p2b: Miseel|Hyper Voice|p1b: Dondozo|[spread] p1b
|-miss|p2b: Miseel|p1a: Tatsugiri
|-damage|p1b: Dondozo|0 fnt
|faint|p1b: Dondozo
|
|upkeep
|
|t:|1750799842
|switch|p2a: Mika|Tinkaton, L50, F|100/100
|switch|p1b: Toxapex|Toxapex, L50, F, tera:Poison|98/100
|-ability|p2a: Mika|Mold Breaker
|turn|6
|
|t:|1750799884
|move|p2b: Miseel|Protect|p2b: Miseel
|-singleturn|p2b: Miseel|Protect
|move|p1a: Tatsugiri|Muddy Water|p2b: Miseel|[spread] p2a
|-activate|p2b: Miseel|move: Protect
|-damage|p2a: Mika|64/100
|move|p2a: Mika|Gigaton Hammer|p1b: Toxapex
|-crit|p1b: Toxapex
|-damage|p1b: Toxapex|15/100
|-damage|p2a: Mika|54/100|[from] item: Life Orb
|move|p1b: Toxapex|Sludge Bomb|p2a: Mika
|-immune|p2a: Mika
|
|-heal|p1b: Toxapex|21/100|[from] item: Black Sludge
|upkeep
|turn|7
|
|t:|1750799904
|move|p2a: Mika|Protect|p2a: Mika
|-singleturn|p2a: Mika|Protect
|move|p1b: Toxapex|Baneful Bunker|p1b: Toxapex
|-singleturn|p1b: Toxapex|move: Protect
|move|p1a: Tatsugiri|Muddy Water|p2a: Mika|[spread] p2b
|-activate|p2a: Mika|move: Protect
|-damage|p2b: Miseel|0 fnt
|faint|p2b: Miseel
|
|-heal|p1b: Toxapex|27/100|[from] item: Black Sludge
|upkeep
|
|t:|1750799915
|switch|p2b: Mivoir|Iron Valiant, L50|100/100
|-enditem|p2b: Mivoir|Booster Energy
|-activate|p2b: Mivoir|ability: Quark Drive|[fromitem]
|-start|p2b: Mivoir|quarkdrivespe
|turn|8
|
|t:|1750799930
|move|p2b: Mivoir|Protect|p2b: Mivoir
|-singleturn|p2b: Mivoir|Protect
|move|p1a: Tatsugiri|Muddy Water|p2b: Mivoir|[spread] 
|-activate|p2b: Mivoir|move: Protect
|-miss|p1a: Tatsugiri|p2a: Mika
|move|p2a: Mika|Gigaton Hammer|p1b: Toxapex
|-damage|p1b: Toxapex|0 fnt
|faint|p1b: Toxapex
|-damage|p2a: Mika|44/100|[from] item: Life Orb
|
|upkeep
|turn|9
|
|t:|1750799952
|move|p2a: Mika|Protect|p2a: Mika
|-singleturn|p2a: Mika|Protect
|move|p2b: Mivoir|Moonblast|p1a: Tatsugiri
|-supereffective|p1a: Tatsugiri
|-damage|p1a: Tatsugiri|0 fnt
|faint|p1a: Tatsugiri
|
|win|Saguito
|c|☆Saguito|NO ME LO CREO
|l|☆alexeido
|player|p1|
|l| MultiZapdos
