|j|☆GG=Groudon Gaming
|j|☆mangomomm
|t:|1750834010
|gametype|doubles
|player|p1|GG=Groudon Gaming|acerola-masters2|1097
|player|p2|mangomomm|lady|1060
|teamsize|p1|6
|teamsize|p2|6
|gen|9
|tier|[Gen 9] VGC 2025 Reg I
|rated|
|rule|Species Clause: Limit one of each Pokémon
|rule|Item Clause: Limit 1 of each item
|clearpoke
|poke|p1|Groudon, L50|
|poke|p1|Miraidon, L50|
|poke|p1|Entei, L50|
|poke|p1|Whimsicott, L50, M|
|poke|p1|Flutter Mane, L50|
|poke|p1|Volcarona, L50, F|
|poke|p2|Miraidon, L50|
|poke|p2|Calyrex-Ice, L50|
|poke|p2|Sinistcha, L50|
|poke|p2|Iron Hands, L50|
|poke|p2|Farigiraf, L50, M|
|poke|p2|Incineroar, L50, M|
|teampreview|4
|inactive|Battle timer is ON: inactive players will automatically lose when time's up. (requested by GG=Groudon Gaming)
|inactive|GG=Groudon Gaming has 60 seconds left.
|inactive|mangomomm has 60 seconds left.
|
|t:|1750834055
|start
|switch|p1a: Groudon|Groudon, L50|100/100
|switch|p1b: Entei|Entei, L50|100/100
|switch|p2a: Incineroar|Incineroar, L50, M|100/100
|switch|p2b: Miraidon|Miraidon, L50|100/100
|-fieldstart|move: Electric Terrain|[from] ability: Hadron Engine|[of] p2b: Miraidon
|-weather|SunnyDay|[from] ability: Drought|[of] p1a: Groudon
|-ability|p2a: Incineroar|Intimidate|boost
|-fail|p1a: Groudon|unboost|[from] item: Clear Amulet|[of] p1a: Groudon
|-fail|p1b: Entei|unboost|Attack|[from] ability: Inner Focus|[of] p1b: Entei
|turn|1
|
|t:|1750834080
|move|p1a: Groudon|Protect|p1a: Groudon
|-singleturn|p1a: Groudon|Protect
|move|p2a: Incineroar|Fake Out|p1a: Groudon
|-activate|p1a: Groudon|move: Protect
|move|p2b: Miraidon|Volt Switch|p1b: Entei
|-damage|p1b: Entei|22/100
|
|t:|1750834093
|switch|p2b: Calyrex|Calyrex-Ice, L50|100/100|[from] Volt Switch
|-ability|p2b: Calyrex|As One
|-ability|p2b: Calyrex|Unnerve
|move|p1b: Entei|Snarl|p2b: Calyrex|[spread] p2a,p2b
|-resisted|p2a: Incineroar
|-supereffective|p2b: Calyrex
|-damage|p2a: Incineroar|97/100
|-damage|p2b: Calyrex|84/100
|-unboost|p2a: Incineroar|spa|1
|
|-weather|SunnyDay|[upkeep]
|upkeep
|turn|2
|
|t:|1750834114
|switch|p1b: Volcarona|Volcarona, L50, F|100/100
|-enditem|p1b: Volcarona|Electric Seed
|-boost|p1b: Volcarona|def|1|[from] item: Electric Seed
|-terastallize|p1a: Groudon|Fire
|-terastallize|p2b: Calyrex|Fire
|move|p1a: Groudon|Precipice Blades|p2b: Calyrex|[spread] p2a,p2b
|-supereffective|p2a: Incineroar
|-supereffective|p2b: Calyrex
|-damage|p2a: Incineroar|0 fnt
|-damage|p2b: Calyrex|22/100
|faint|p2a: Incineroar
|move|p2b: Calyrex|Glacial Lance|p1b: Volcarona|[spread] p1a,p1b
|-resisted|p1a: Groudon
|-resisted|p1b: Volcarona
|-damage|p1a: Groudon|80/100
|-damage|p1b: Volcarona|77/100
|
|-weather|SunnyDay|[upkeep]
|upkeep
|
|t:|1750834130
|switch|p2a: Sinistcha|Sinistcha, L50|100/100
|-heal|p2b: Calyrex|47/100|[from] ability: Hospitality|[of] p2a: Sinistcha
|turn|3
|inactive|mangomomm has 30 seconds left.
|inactive|mangomomm has 20 seconds left.
|
|t:|1750834168
|move|p2b: Calyrex|Protect|p2b: Calyrex
|-singleturn|p2b: Calyrex|Protect
|move|p1b: Volcarona|Fiery Dance|p2a: Sinistcha
|-supereffective|p2a: Sinistcha
|-damage|p2a: Sinistcha|8/100
|-enditem|p2a: Sinistcha|Sitrus Berry|[eat]
|-heal|p2a: Sinistcha|33/100|[from] item: Sitrus Berry
|move|p1a: Groudon|Precipice Blades|p2b: Calyrex|[spread] 
|-activate|p2b: Calyrex|move: Protect
|-miss|p1a: Groudon|p2a: Sinistcha
|move|p2a: Sinistcha|Shadow Ball|p1a: Groudon
|-damage|p1a: Groudon|54/100
|
|-weather|SunnyDay|[upkeep]
|upkeep
|turn|4
|inactive|mangomomm has 30 seconds left.
|
|t:|1750834202
|move|p1b: Volcarona|Fiery Dance|p2a: Sinistcha
|-supereffective|p2a: Sinistcha
|-damage|p2a: Sinistcha|0 fnt
|faint|p2a: Sinistcha
|move|p1a: Groudon|Precipice Blades|p2b: Calyrex
|-supereffective|p2b: Calyrex
|-damage|p2b: Calyrex|0 fnt
|faint|p2b: Calyrex
|
|-weather|SunnyDay|[upkeep]
|upkeep
|
|t:|1750834219
|switch|p2b: Miraidon|Miraidon, L50|100/100
|-activate|p2b: Miraidon|ability: Hadron Engine
|turn|5
|
|t:|1750834231
|move|p1b: Volcarona|Rage Powder|p1b: Volcarona
|-singleturn|p1b: Volcarona|move: Rage Powder
|move|p2b: Miraidon|Snarl|p1a: Groudon|[spread] p1a,p1b
|-damage|p1a: Groudon|37/100
|-damage|p1b: Volcarona|58/100
|-unboost|p1b: Volcarona|spa|1
|move|p1a: Groudon|Precipice Blades|p2b: Miraidon|[miss]
|-miss|p1a: Groudon|p2b: Miraidon
|
|-weather|none
|-fieldend|move: Electric Terrain
|upkeep
|turn|6
|
|t:|1750834241
|move|p2b: Miraidon|Snarl|p1b: Volcarona|[spread] p1a,p1b
|-crit|p1b: Volcarona
|-damage|p1a: Groudon|23/100
|-damage|p1b: Volcarona|37/100
|-unboost|p1b: Volcarona|spa|1
|move|p1b: Volcarona|Struggle Bug|p2b: Miraidon
|-damage|p2b: Miraidon|90/100
|-unboost|p2b: Miraidon|spa|1
|move|p1a: Groudon|Precipice Blades|p2b: Miraidon|[miss]
|-miss|p1a: Groudon|p2b: Miraidon
|
|upkeep
|turn|7
|
|t:|1750834255
|move|p2b: Miraidon|Snarl|p1b: Volcarona|[spread] p1a
|-miss|p2b: Miraidon|p1b: Volcarona
|-damage|p1a: Groudon|13/100
|move|p1b: Volcarona|Struggle Bug|p2b: Miraidon
|-damage|p2b: Miraidon|80/100
|-unboost|p2b: Miraidon|spa|1
|move|p1a: Groudon|Precipice Blades|p2b: Miraidon
|-supereffective|p2b: Miraidon
|-damage|p2b: Miraidon|0 fnt
|faint|p2b: Miraidon
|
|win|GG=Groudon Gaming
|raw|GG=Groudon Gaming's rating: 1097 &rarr; <strong>1120</strong><br />(+23 for winning)
|raw|mangomomm's rating: 1060 &rarr; <strong>1043</strong><br />(-17 for losing)
