|j|☆bigfatsnorlax
|j|☆Hashiwa
|t:|1750846195
|gametype|doubles
|player|p1|bigfatsnorlax|rosa|1096
|player|p2|Hashiwa|swimmerf-gen4dp|1000
|teamsize|p1|6
|teamsize|p2|6
|gen|9
|tier|[Gen 9] VGC 2025 Reg I
|rated|
|rule|Species Clause: Limit one of each Pokémon
|rule|Item Clause: Limit 1 of each item
|clearpoke
|poke|p1|Rillaboom, L50, F|
|poke|p1|Incineroar, L50, M|
|poke|p1|Zamazenta-*, L50|
|poke|p1|Calyrex-Shadow, L50|
|poke|p1|Amoonguss, L50, M|
|poke|p1|Urshifu-*, L50, M|
|poke|p2|Scream Tail, L50|
|poke|p2|Gothitelle, L50, M|
|poke|p2|Incineroar, L50, F|
|poke|p2|Amoonguss, L50, M|
|poke|p2|Flutter Mane, L50|
|poke|p2|Koraidon, L50|
|teampreview|4
Hashiwa rejected open team sheets.
|inactive|Battle timer is ON: inactive players will automatically lose when time's up. (requested by Hashiwa)
|inactive|bigfatsnorlax has 60 seconds left.
|
|t:|1750846252
|start
|switch|p1a: Rillaboom|Rillaboom, L50, F|100/100
|switch|p1b: Incineroar|Incineroar, L50, M|100/100
|switch|p2a: Koraidon|Koraidon, L50|100/100
|switch|p2b: Flutter Mane|Flutter Mane, L50|100/100
|-weather|SunnyDay|[from] ability: Orichalcum Pulse|[of] p2a: Koraidon
|-activate|p2b: Flutter Mane|ability: Protosynthesis
|-start|p2b: Flutter Mane|protosynthesisspa
|-activate|p2a: Koraidon|Orichalcum Pulse|[source]
|-fieldstart|move: Grassy Terrain|[from] ability: Grassy Surge|[of] p1a: Rillaboom
|-ability|p1b: Incineroar|Intimidate|boost
|-unboost|p2a: Koraidon|atk|1
|-unboost|p2b: Flutter Mane|atk|1
|turn|1
|inactive|Hashiwa has 30 seconds left.
|
|t:|1750846286
|-terastallize|p1b: Incineroar|Bug
|move|p1a: Rillaboom|Fake Out|p2a: Koraidon
|-damage|p2a: Koraidon|89/100
|cant|p2a: Koraidon|flinch
|move|p2b: Flutter Mane|Moonblast|p1b: Incineroar
|-crit|p1b: Incineroar
|-damage|p1b: Incineroar|11/100
|-unboost|p1b: Incineroar|spa|1
|-enditem|p1b: Incineroar|Sitrus Berry|[eat]
|-heal|p1b: Incineroar|36/100|[from] item: Sitrus Berry
|move|p1b: Incineroar|Flare Blitz|p2b: Flutter Mane
|-enditem|p2b: Flutter Mane|Focus Sash
|-damage|p2b: Flutter Mane|1/100
|-damage|p1b: Incineroar|14/100|[from] Recoil
|
|-weather|SunnyDay|[upkeep]
|-heal|p2a: Koraidon|95/100|[from] Grassy Terrain
|-heal|p2b: Flutter Mane|7/100|[from] Grassy Terrain
|-heal|p1b: Incineroar|20/100|[from] Grassy Terrain
|upkeep
|turn|2
|
|t:|1750846310
|-end|p2b: Flutter Mane|Protosynthesis|[silent]
|switch|p2b: Scream Tail|Scream Tail, L50|100/100
|-activate|p2b: Scream Tail|ability: Protosynthesis
|-start|p2b: Scream Tail|protosynthesisspe
|move|p1a: Rillaboom|Grassy Glide|p2b: Scream Tail
|-damage|p2b: Scream Tail|74/100
|move|p2a: Koraidon|Flare Blitz|p1a: Rillaboom
|-supereffective|p1a: Rillaboom
|-damage|p1a: Rillaboom|0 fnt
|faint|p1a: Rillaboom
|-damage|p2a: Koraidon|58/100|[from] Recoil
|-damage|p2a: Koraidon|48/100|[from] item: Life Orb
|move|p1b: Incineroar|Parting Shot|p2a: Koraidon
|-unboost|p2a: Koraidon|atk|1
|-unboost|p2a: Koraidon|spa|1
|
|t:|1750846327
|switch|p1b: Calyrex|Calyrex-Shadow, L50|100/100|[from] Parting Shot
|-ability|p1b: Calyrex|As One
|-ability|p1b: Calyrex|Unnerve
|
|-weather|SunnyDay|[upkeep]
|-heal|p2b: Scream Tail|80/100|[from] Grassy Terrain
|-heal|p2a: Koraidon|54/100|[from] Grassy Terrain
|upkeep
|
|t:|1750846330
|switch|p1a: Amoonguss|Amoonguss, L50, M|100/100
|turn|3
|inactive|bigfatsnorlax has 30 seconds left.
|inactive|bigfatsnorlax has 20 seconds left.
|
|t:|1750846366
|move|p1b: Calyrex|Protect|p1b: Calyrex
|-singleturn|p1b: Calyrex|Protect
|move|p2b: Scream Tail|Perish Song|p2b: Scream Tail
|-start|p1a: Amoonguss|perish3|[silent]
|-start|p1b: Calyrex|perish3|[silent]
|-start|p2a: Koraidon|perish3|[silent]
|-start|p2b: Scream Tail|perish3|[silent]
|-fieldactivate|move: Perish Song
|move|p2a: Koraidon|Flare Blitz|p1a: Amoonguss
|-supereffective|p1a: Amoonguss
|-damage|p1a: Amoonguss|0 fnt
|faint|p1a: Amoonguss
|-damage|p2a: Koraidon|12/100|[from] Recoil
|-damage|p2a: Koraidon|2/100|[from] item: Life Orb
|
|-weather|SunnyDay|[upkeep]
|-heal|p2b: Scream Tail|86/100|[from] Grassy Terrain
|-heal|p2a: Koraidon|8/100|[from] Grassy Terrain
|-start|p2b: Scream Tail|perish3
|-start|p1b: Calyrex|perish3
|-start|p2a: Koraidon|perish3
|upkeep
|
|t:|1750846375
|switch|p1a: Incineroar|Incineroar, L50, M, tera:Bug|20/100
|-ability|p1a: Incineroar|Intimidate|boost
|-unboost|p2a: Koraidon|atk|1
|-unboost|p2b: Scream Tail|atk|1
|turn|4
|
|t:|1750846384
|move|p2a: Koraidon|Protect|p2a: Koraidon
|-singleturn|p2a: Koraidon|Protect
|move|p1a: Incineroar|Fake Out|p2b: Scream Tail
|-damage|p2b: Scream Tail|77/100
|cant|p2b: Scream Tail|flinch
|move|p1b: Calyrex|Astral Barrage|p2b: Scream Tail|[spread] p2b
|-activate|p2a: Koraidon|move: Protect
|-supereffective|p2b: Scream Tail
|-damage|p2b: Scream Tail|0 fnt
|faint|p2b: Scream Tail
|-end|p2b: Scream Tail|Protosynthesis|[silent]
|-ability|p1b: Calyrex|Grim Neigh|boost
|-boost|p1b: Calyrex|spa|1
|
|-weather|SunnyDay|[upkeep]
|-heal|p2a: Koraidon|14/100|[from] Grassy Terrain
|-heal|p1a: Incineroar|26/100|[from] Grassy Terrain
|-start|p1b: Calyrex|perish2
|-start|p2a: Koraidon|perish2
|upkeep
|
|t:|1750846389
|switch|p2b: Gothitelle|Gothitelle, L50, M|100/100
|turn|5
|
|t:|1750846401
|move|p2b: Gothitelle|Fake Out|p1b: Calyrex
|-immune|p1b: Calyrex
|move|p1b: Calyrex|Astral Barrage|p2b: Gothitelle|[spread] p2a,p2b
|-supereffective|p2b: Gothitelle
|-damage|p2a: Koraidon|0 fnt
|-damage|p2b: Gothitelle|0 fnt
|faint|p2a: Koraidon
|faint|p2b: Gothitelle
|-ability|p1b: Calyrex|Grim Neigh|boost
|-boost|p1b: Calyrex|spa|2
|move|p1a: Incineroar|Snarl|p2: Koraidon|[notarget]
|-fail|p1a: Incineroar
|
|-weather|none
|-heal|p1a: Incineroar|32/100|[from] Grassy Terrain
|-start|p1b: Calyrex|perish1
|-fieldend|move: Grassy Terrain
|upkeep
|
|t:|1750846407
|switch|p2b: Flutter Mane|Flutter Mane, L50|7/100
|turn|6
|
|t:|1750846416
|move|p2b: Flutter Mane|Protect|p2b: Flutter Mane
|-singleturn|p2b: Flutter Mane|Protect
|move|p1b: Calyrex|Astral Barrage|p2b: Flutter Mane
|-activate|p2b: Flutter Mane|move: Protect
|move|p1a: Incineroar|Flare Blitz|p2b: Flutter Mane
|-activate|p2b: Flutter Mane|move: Protect
|
|-start|p1b: Calyrex|perish0
|faint|p1b: Calyrex
|upkeep
|turn|7
|
|t:|1750846429
|move|p2b: Flutter Mane|Moonblast|p1a: Incineroar
|-damage|p1a: Incineroar|0 fnt
|faint|p1a: Incineroar
|
|win|Hashiwa
|raw|bigfatsnorlax's rating: 1096 &rarr; <strong>1065</strong><br />(-31 for losing)
|raw|Hashiwa's rating: 1000 &rarr; <strong>1051</strong><br />(+51 for winning)
|c|☆bigfatsnorlax|gg
