|j|☆OliveGardenChef
|j|‽Prime34C
|t:|1750855661
|gametype|doubles
|player|p1|OliveGardenChef|170|1292
|player|p2|Prime34C|ghetsis|1270
|teamsize|p1|6
|teamsize|p2|6
|gen|9
|tier|[Gen 9] VGC 2025 Reg I
|rated|
|rule|Species Clause: Limit one of each Pokémon
|rule|Item Clause: Limit 1 of each item
|clearpoke
|poke|p1|Kyogre, L50|
|poke|p1|Zacian-*, L50|
|poke|p1|Rillaboom, L50, F|
|poke|p1|Iron Jugulis, L50|
|poke|p1|Landorus, L50, M|
|poke|p1|Incineroar, L50, M|
|poke|p2|Koraidon, L50|
|poke|p2|Scovillain, L50, F|
|poke|p2|Miraidon, L50|
|poke|p2|Chesnaught, L50, M|
|poke|p2|Clefairy, L50, M|
|poke|p2|Indeedee-F, L50, F|
|teampreview|4
|inactive|Battle timer is ON: inactive players will automatically lose when time's up. (requested by Prime34C)
|
|t:|1750855732
|start
|switch|p1a: Iron Jugulis|Iron Jugulis, L50|100/100
|switch|p1b: Zacian|Zacian-Crowned, L50|100/100
|switch|p2a: Miraidon|Miraidon, L50|100/100
|switch|p2b: Scovillain|Scovillain, L50, F, shiny|100/100
|-fieldstart|move: Electric Terrain|[from] ability: Hadron Engine|[of] p2a: Miraidon
|-activate|p1a: Iron Jugulis|ability: Quark Drive
|-start|p1a: Iron Jugulis|quarkdrivespe
|-ability|p1b: Zacian|Intrepid Sword|boost
|-boost|p1b: Zacian|atk|1
|turn|1
|
|t:|1750855752
|switch|p2a: Koraidon|Koraidon, L50|100/100
|-weather|SunnyDay|[from] ability: Orichalcum Pulse|[of] p2a: Koraidon
|-activate|p2a: Koraidon|Orichalcum Pulse|[source]
|move|p1b: Zacian|Protect|p1b: Zacian
|-singleturn|p1b: Zacian|Protect
|move|p2b: Scovillain|Overheat|p1b: Zacian
|-activate|p1b: Zacian|move: Protect
|move|p1a: Iron Jugulis|Tailwind|p1a: Iron Jugulis
|-sidestart|p1: OliveGardenChef|move: Tailwind
|
|-weather|SunnyDay|[upkeep]
|upkeep
|turn|2
|inactive|OliveGardenChef has 30 seconds left.
|
|t:|1750855780
|switch|p1b: Kyogre|Kyogre, L50|100/100
|-weather|RainDance|[from] ability: Drizzle|[of] p1b: Kyogre
|-terastallize|p2a: Koraidon|Fire
|move|p1a: Iron Jugulis|Hurricane|p2b: Scovillain
|-supereffective|p2b: Scovillain
|-enditem|p2b: Scovillain|Focus Sash
|-damage|p2b: Scovillain|1/100
|-start|p2b: Scovillain|confusion
|move|p2a: Koraidon|Flame Charge|p1b: Kyogre
|-resisted|p1b: Kyogre
|-damage|p1b: Kyogre|90/100
|-boost|p2a: Koraidon|spe|1
|-activate|p2b: Scovillain|confusion
|move|p2b: Scovillain|Spicy Extract|p2a: Koraidon
|-fail|p2a: Koraidon|unboost|[from] item: Clear Amulet|[of] p2a: Koraidon
|-boost|p2a: Koraidon|atk|2
|
|-weather|RainDance|[upkeep]
|upkeep
|turn|3
|inactive|OliveGardenChef has 30 seconds left.
|inactive|OliveGardenChef has 20 seconds left.
|
|t:|1750855820
|switch|p2a: Chesnaught|Chesnaught, L50, M, shiny|100/100
|-enditem|p2a: Chesnaught|Electric Seed
|-boost|p2a: Chesnaught|def|1|[from] item: Electric Seed
|switch|p2b: Miraidon|Miraidon, L50|100/100
|-activate|p2b: Miraidon|ability: Hadron Engine
|move|p1a: Iron Jugulis|Hurricane|p2a: Chesnaught
|-supereffective|p2a: Chesnaught
|-damage|p2a: Chesnaught|0 fnt
|faint|p2a: Chesnaught
|move|p1b: Kyogre|Water Spout|p2b: Miraidon
|-resisted|p2b: Miraidon
|-damage|p2b: Miraidon|42/100
|
|-weather|RainDance|[upkeep]
|upkeep
|
|t:|1750855825
|switch|p2a: Scovillain|Scovillain, L50, F, shiny|1/100
|turn|4
|inactive|OliveGardenChef has 30 seconds left.
|
|t:|1750855854
|move|p2a: Scovillain|Protect|p2a: Scovillain
|-singleturn|p2a: Scovillain|Protect
|move|p1a: Iron Jugulis|Snarl|p2a: Scovillain|[spread] p2b
|-activate|p2a: Scovillain|move: Protect
|-damage|p2b: Miraidon|28/100
|-unboost|p2b: Miraidon|spa|1
|move|p1b: Kyogre|Water Spout|p2b: Miraidon|[spread] p2b
|-activate|p2a: Scovillain|move: Protect
|-resisted|p2b: Miraidon
|-damage|p2b: Miraidon|0 fnt
|faint|p2b: Miraidon
|
|-weather|RainDance|[upkeep]
|-sideend|p1: OliveGardenChef|move: Tailwind
|upkeep
|
|t:|1750855858
|switch|p2b: Koraidon|Koraidon, L50, tera:Fire|100/100
|-weather|SunnyDay|[from] ability: Orichalcum Pulse|[of] p2b: Koraidon
|-activate|p2b: Koraidon|Orichalcum Pulse|[source]
|turn|5
|inactive|OliveGardenChef has 30 seconds left.
|inactive|OliveGardenChef has 20 seconds left.
|
|t:|1750855894
|move|p2a: Scovillain|Spicy Extract|p2b: Koraidon
|-fail|p2b: Koraidon|unboost|[from] item: Clear Amulet|[of] p2b: Koraidon
|-boost|p2b: Koraidon|atk|2
|move|p1a: Iron Jugulis|Tailwind|p1a: Iron Jugulis
|-sidestart|p1: OliveGardenChef|move: Tailwind
|move|p1b: Kyogre|Water Spout|p2a: Scovillain|[spread] p2a,p2b
|-supereffective|p2b: Koraidon
|-crit|p2b: Koraidon
|-damage|p2a: Scovillain|0 fnt
|-damage|p2b: Koraidon|0 fnt
|faint|p2a: Scovillain
|faint|p2b: Koraidon
|
|win|OliveGardenChef
|raw|OliveGardenChef's rating: 1292 &rarr; <strong>1315</strong><br />(+23 for winning)
|raw|Prime34C's rating: 1270 &rarr; <strong>1247</strong><br />(-23 for losing)
|l|‽Prime34C
|player|p2|
|l|☆OliveGardenChef
|player|p1|
