|j|☆leshoegg
|j|☆Tepig_nNz_498
|t:|1750868581
|gametype|doubles
|player|p1|leshoegg|169|1370
|player|p2|Tepig_nNz_498|266|1470
|teamsize|p1|6
|teamsize|p2|6
|gen|9
|tier|[Gen 9] VGC 2025 Reg I
|rated|
|rule|Species Clause: Limit one of each Pokémon
|rule|Item Clause: Limit 1 of each item
|clearpoke
|poke|p1|Miraidon, L50|
|poke|p1|Calyrex-Ice, L50|
|poke|p1|Ogerpon-Wellspring, L50, F|
|poke|p1|Altaria, L50, F|
|poke|p1|Farigiraf, L50, F|
|poke|p1|Incineroar, L50, M|
|poke|p2|Ludicolo, L50, M|
|poke|p2|Kyogre, L50|
|poke|p2|Tornadus, L50, M|
|poke|p2|Primarina, L50, F|
|poke|p2|Zacian-*, L50|
|poke|p2|Urshifu-*, L50, F|
|teampreview|4
|inactive|Battle timer is ON: inactive players will automatically lose when time's up. (requested by leshoegg)
|
|t:|1750868609
|start
|switch|p1a: Farigiraf|Farigiraf, L50, F|100/100
|switch|p1b: Calyrex|Calyrex-Ice, L50|100/100
|switch|p2a: Tornadus|Tornadus, L50, M|100/100
|switch|p2b: Kyogre|Kyogre, L50|100/100
|-ability|p1b: Calyrex|As One
|-ability|p1b: Calyrex|Unnerve
|-weather|RainDance|[from] ability: Drizzle|[of] p2b: Kyogre
|turn|1
|inactive|Tepig_nNz_498 has 30 seconds left.
|
|t:|1750868640
|move|p1b: Calyrex|Protect|p1b: Calyrex
|-singleturn|p1b: Calyrex|Protect
|move|p2a: Tornadus|Bleakwind Storm|p1b: Calyrex|[spread] p1a
|-activate|p1b: Calyrex|move: Protect
|-damage|p1a: Farigiraf|63/100
|move|p2b: Kyogre|Water Spout|p1b: Calyrex|[spread] p1a
|-activate|p1b: Calyrex|move: Protect
|-damage|p1a: Farigiraf|0 fnt
|faint|p1a: Farigiraf
|-damage|p2b: Kyogre|91/100|[from] item: Life Orb
|
|-weather|RainDance|[upkeep]
|upkeep
|
|t:|1750868654
|switch|p1a: Miraidon|Miraidon, L50|100/100
|-fieldstart|move: Electric Terrain|[from] ability: Hadron Engine|[of] p1a: Miraidon
|turn|2
|
|t:|1750868663
|-terastallize|p2b: Kyogre|Grass
|-terastallize|p1b: Calyrex|Ground
|move|p1a: Miraidon|Parabolic Charge|p2b: Kyogre|[spread] p2a,p2b
|-immune|p1b: Calyrex
|-supereffective|p2a: Tornadus
|-resisted|p2b: Kyogre
|-enditem|p2a: Tornadus|Focus Sash
|-damage|p2a: Tornadus|1/100
|-damage|p2b: Kyogre|70/100
|-damage|p1a: Miraidon|91/100|[from] item: Life Orb
|move|p2a: Tornadus|Bleakwind Storm|p1a: Miraidon|[spread] p1a,p1b
|-resisted|p1a: Miraidon
|-damage|p1a: Miraidon|75/100
|-damage|p1b: Calyrex|77/100
|move|p2b: Kyogre|Thunder|p1b: Calyrex
|-immune|p1b: Calyrex
|move|p1b: Calyrex|Glacial Lance|p2b: Kyogre|[spread] p2a,p2b
|-supereffective|p2a: Tornadus
|-supereffective|p2b: Kyogre
|-damage|p2a: Tornadus|0 fnt
|-damage|p2b: Kyogre|0 fnt
|faint|p2a: Tornadus
|faint|p2b: Kyogre
|-ability|p1b: Calyrex|Chilling Neigh|boost
|-boost|p1b: Calyrex|atk|2
|
|-weather|RainDance|[upkeep]
|-heal|p1b: Calyrex|83/100|[from] item: Leftovers
|upkeep
|
|t:|1750868668
|switch|p2a: Zacian|Zacian-Crowned, L50, shiny|100/100
|switch|p2b: Primarina|Primarina, L50, F|100/100
|-ability|p2a: Zacian|Intrepid Sword|boost
|-boost|p2a: Zacian|atk|1
|turn|3
|
|t:|1750868688
|move|p1b: Calyrex|Protect|p1b: Calyrex
|-singleturn|p1b: Calyrex|Protect
|move|p2a: Zacian|Play Rough|p1a: Miraidon
|-supereffective|p1a: Miraidon
|-damage|p1a: Miraidon|0 fnt
|faint|p1a: Miraidon
|move|p2b: Primarina|Hyper Voice|p1b: Calyrex
|-activate|p1b: Calyrex|move: Protect
|
|-weather|RainDance|[upkeep]
|-heal|p1b: Calyrex|89/100|[from] item: Leftovers
|upkeep
|
|t:|1750868693
|switch|p1a: Altaria|Altaria, L50, F|100/100
|-ability|p1a: Altaria|Cloud Nine
|turn|4
|
|t:|1750868711
|move|p1a: Altaria|Helping Hand|p1b: Calyrex
|-singleturn|p1b: Calyrex|Helping Hand|[of] p1a: Altaria
|move|p2a: Zacian|Play Rough|p1b: Calyrex
|-damage|p1b: Calyrex|43/100
|move|p2b: Primarina|Alluring Voice|p1b: Calyrex
|-supereffective|p1b: Calyrex
|-damage|p1b: Calyrex|0 fnt
|faint|p1b: Calyrex
|-enditem|p2b: Primarina|Throat Spray
|-boost|p2b: Primarina|spa|1|[from] item: Throat Spray
|
|-weather|RainDance|[upkeep]
|upkeep
|turn|5
|-message|leshoegg forfeited.
|
|win|Tepig_nNz_498
|raw|leshoegg's rating: 1370 &rarr; <strong>1356</strong><br />(-14 for losing)
|raw|Tepig_nNz_498's rating: 1470 &rarr; <strong>1484</strong><br />(+14 for winning)
|l|☆leshoegg
|player|p1|
|l|☆Tepig_nNz_498
|player|p2|
