|j|☆Aiesar
|j|☆plsdontspeaktome
|t:|1750827004
|gametype|doubles
|player|p1|Aiesar|shelly|1271
|player|p2|plsdontspeaktome|265|1172
|teamsize|p1|6
|teamsize|p2|6
|gen|9
|tier|[Gen 9] VGC 2025 Reg I
|rated|
|rule|Species Clause: Limit one of each Pokémon
|rule|Item Clause: Limit 1 of each item
|clearpoke
|poke|p1|Miraidon, L50|
|poke|p1|Calyrex-Ice, L50|
|poke|p1|Iron Valiant, L50|
|poke|p1|Urshifu-*, L50, M|
|poke|p1|Incineroar, L50, M|
|poke|p1|Iron Hands, L50|
|poke|p2|Calyrex-Shadow, L50|
|poke|p2|Gouging Fire, L50|
|poke|p2|Whimsicott, L50, M|
|poke|p2|Rillaboom, L50, F|
|poke|p2|Rayquaza, L50|
|poke|p2|Sneasler, L50, F|
|teampreview|4
|inactive|Battle timer is ON: inactive players will automatically lose when time's up. (requested by Aiesar)
|inactive|Aiesar has 60 seconds left.
|
|t:|1750827057
|start
|switch|p1a: Aventador|Miraidon, L50|100/100
|switch|p1b: Chiron|Iron Valiant, L50|100/100
|switch|p2a: Sneasler|Sneasler, L50, F|100/100
|switch|p2b: Rayquaza|Rayquaza, L50|100/100
|-ability|p2a: Sneasler|Pressure
|-fieldstart|move: Electric Terrain|[from] ability: Hadron Engine|[of] p1a: Aventador
|-activate|p1b: Chiron|ability: Quark Drive
|-start|p1b: Chiron|quarkdrivespe
|-ability|p2b: Rayquaza|Air Lock
|turn|1
|
|t:|1750827073
|-terastallize|p2b: Rayquaza|Normal
|move|p2a: Sneasler|Fake Out|p1a: Aventador
|-damage|p1a: Aventador|86/100
|move|p1b: Chiron|Moonblast|p2b: Rayquaza
|-damage|p2b: Rayquaza|62/100
|cant|p1a: Aventador|flinch
|move|p2b: Rayquaza|Swords Dance|p2b: Rayquaza
|-boost|p2b: Rayquaza|atk|2
|
|upkeep
|turn|2
|inactive|plsdontspeaktome has 30 seconds left.
|
|t:|1750827099
|switch|p1a: Incineroar|Incineroar, L50, M|100/100
|-ability|p1a: Incineroar|Intimidate|boost
|-unboost|p2a: Sneasler|atk|1
|-fail|p2b: Rayquaza|unboost|[from] item: Clear Amulet|[of] p2b: Rayquaza
|move|p2b: Rayquaza|Extreme Speed|p1a: Incineroar
|-damage|p1a: Incineroar|25/100
|move|p1b: Chiron|Icy Wind|p2a: Sneasler|[spread] p2a,p2b
|-damage|p2a: Sneasler|84/100
|-damage|p2b: Rayquaza|50/100
|-unboost|p2a: Sneasler|spe|1
|move|p2a: Sneasler|Dire Claw|p1b: Chiron
|-supereffective|p1b: Chiron
|-damage|p1b: Chiron|23/100
|
|upkeep
|turn|3
|inactive|Aiesar has 30 seconds left.
|
|t:|1750827133
|switch|p1a: Calyrex|Calyrex-Ice, L50|100/100
|-ability|p1a: Calyrex|As One
|-ability|p1a: Calyrex|Unnerve
|move|p2b: Rayquaza|Protect|p2b: Rayquaza
|-singleturn|p2b: Rayquaza|Protect
|move|p1b: Chiron|Moonblast|p2a: Sneasler
|-damage|p2a: Sneasler|24/100
|move|p2a: Sneasler|Dire Claw|p1b: Chiron
|-supereffective|p1b: Chiron
|-damage|p1b: Chiron|0 fnt
|faint|p1b: Chiron
|-end|p1b: Chiron|Quark Drive|[silent]
|
|upkeep
|
|t:|1750827137
|switch|p1b: Incineroar|Incineroar, L50, M|25/100
|-ability|p1b: Incineroar|Intimidate|boost
|-unboost|p2a: Sneasler|atk|1
|-fail|p2b: Rayquaza|unboost|[from] item: Clear Amulet|[of] p2b: Rayquaza
|turn|4
|inactive|plsdontspeaktome has 30 seconds left.
|
|t:|1750827162
|move|p1b: Incineroar|Fake Out|p2b: Rayquaza
|-damage|p2b: Rayquaza|41/100
|cant|p2b: Rayquaza|flinch
|move|p2a: Sneasler|Taunt|p1a: Calyrex
|-start|p1a: Calyrex|move: Taunt
|cant|p1a: Calyrex|move: Taunt|Trick Room
|
|upkeep
|turn|5
|inactive|plsdontspeaktome has 30 seconds left.
|
|t:|1750827188
|move|p2b: Rayquaza|Extreme Speed|p1a: Calyrex
|-damage|p1a: Calyrex|40/100
|move|p2a: Sneasler|Close Combat|p1b: Incineroar
|-supereffective|p1b: Incineroar
|-damage|p1b: Incineroar|0 fnt
|-unboost|p2a: Sneasler|def|1
|-unboost|p2a: Sneasler|spd|1
|faint|p1b: Incineroar
|move|p1a: Calyrex|Glacial Lance|p2a: Sneasler|[spread] p2a,p2b
|-damage|p2a: Sneasler|0 fnt
|-damage|p2b: Rayquaza|0 fnt
|faint|p2a: Sneasler
|faint|p2b: Rayquaza
|-ability|p1a: Calyrex|Chilling Neigh|boost
|-boost|p1a: Calyrex|atk|2
|
|-fieldend|move: Electric Terrain
|upkeep
|
|t:|1750827196
|switch|p2a: Rillaboom|Rillaboom, L50, F|100/100
|switch|p2b: Calyrex|Calyrex-Shadow, L50|100/100
|switch|p1b: Aventador|Miraidon, L50|86/100
|-ability|p2b: Calyrex|As One
|-ability|p2b: Calyrex|Unnerve
|-fieldstart|move: Electric Terrain|[from] ability: Hadron Engine|[of] p1b: Aventador
|-fieldstart|move: Grassy Terrain|[from] ability: Grassy Surge|[of] p2a: Rillaboom
|turn|6
|-message|Aiesar forfeited.
|
|win|plsdontspeaktome
|raw|Aiesar's rating: 1271 &rarr; <strong>1239</strong><br />(-32 for losing)
|raw|plsdontspeaktome's rating: 1172 &rarr; <strong>1204</strong><br />(+32 for winning)
|l|☆Aiesar
|player|p1|
|l|☆plsdontspeaktome
|player|p2|
