|j|☆Azemon
|j|☆naibot2814
|t:|1750777236
|gametype|doubles
|player|p1|Azemon|170|1457
|player|p2|naibot2814|ghetsis|1553
|teamsize|p1|6
|teamsize|p2|6
|gen|9
|tier|[Gen 9] VGC 2025 Reg I
|rated|
|rule|Species Clause: Limit one of each Pokémon
|rule|Item Clause: Limit 1 of each item
|clearpoke
|poke|p1|Kyogre, L50|
|poke|p1|Raichu, L50, M|
|poke|p1|Tornadus, L50, M|
|poke|p1|Farigiraf, L50, F|
|poke|p1|Sneasler, L50, F|
|poke|p1|Zacian-*, L50|
|poke|p2|Zamazenta-*, L50|
|poke|p2|Ogerpon-Hearthflame, L50, F|
|poke|p2|Calyrex-Shadow, L50|
|poke|p2|Incineroar, L50, M|
|poke|p2|Rillaboom, L50, M|
|poke|p2|Raging Bolt, L50|
|teampreview|4
|inactive|Battle timer is ON: inactive players will automatically lose when time's up. (requested by Azemon)
|
|t:|1750777284
|start
|switch|p1a: Kyogre|Kyogre, L50|100/100
|switch|p1b: Sneasler|Sneasler, L50, F|100/100
|switch|p2a: Raging Bolt|Raging Bolt, L50|100/100
|switch|p2b: Zamazenta|Zamazenta-Crowned, L50|100/100
|-weather|RainDance|[from] ability: Drizzle|[of] p1a: Kyogre
|-ability|p2b: Zamazenta|Dauntless Shield|boost
|-boost|p2b: Zamazenta|def|1
|-enditem|p2a: Raging Bolt|Booster Energy
|-activate|p2a: Raging Bolt|ability: Protosynthesis|[fromitem]
|-start|p2a: Raging Bolt|protosynthesisspa
|turn|1
|j| sillyhat123
|inactive|Azemon has 30 seconds left.
|
|t:|1750777311
|move|p2b: Zamazenta|Protect|p2b: Zamazenta
|-singleturn|p2b: Zamazenta|Protect
|move|p2a: Raging Bolt|Protect|p2a: Raging Bolt
|-singleturn|p2a: Raging Bolt|Protect
|move|p1b: Sneasler|Fake Out|p2a: Raging Bolt
|-activate|p2a: Raging Bolt|move: Protect
|move|p1a: Kyogre|Thunder|p2b: Zamazenta
|-activate|p2b: Zamazenta|move: Protect
|
|-weather|RainDance|[upkeep]
|upkeep
|turn|2
|l| sillyhat123
|
|t:|1750777333
|switch|p1a: Farigiraf|Farigiraf, L50, F|100/100
|move|p2a: Raging Bolt|Thunderclap||[still]
|cant|p1a: Farigiraf|ability: Armor Tail|Thunderclap|[of] p2a: Raging Bolt
|move|p1b: Sneasler|Close Combat|p2b: Zamazenta
|-supereffective|p2b: Zamazenta
|-damage|p2b: Zamazenta|47/100
|-unboost|p1b: Sneasler|def|1
|-unboost|p1b: Sneasler|spd|1
|move|p2b: Zamazenta|Body Press|p1a: Farigiraf
|-damage|p1a: Farigiraf|44/100
|
|-weather|RainDance|[upkeep]
|upkeep
|turn|3
|inactive|naibot2814 has 30 seconds left.
|
|t:|1750777364
|-terastallize|p2b: Zamazenta|Dragon
|move|p1a: Farigiraf|Protect|p1a: Farigiraf
|-singleturn|p1a: Farigiraf|Protect
|move|p1b: Sneasler|Dire Claw|p2a: Raging Bolt
|-damage|p2a: Raging Bolt|60/100
|move|p2b: Zamazenta|Body Press|p1a: Farigiraf
|-activate|p1a: Farigiraf|move: Protect
|move|p2a: Raging Bolt|Thunderbolt|p1b: Sneasler
|-enditem|p1b: Sneasler|Focus Sash
|-damage|p1b: Sneasler|1/100
|
|-weather|RainDance|[upkeep]
|upkeep
|turn|4
|inactive|Azemon has 30 seconds left.
|inactive|Azemon has 20 seconds left.
|inactive|Azemon has 15 seconds left.
|inactive|Azemon has 10 seconds left.
|
|t:|1750777411
|move|p1b: Sneasler|Dire Claw|p2a: Raging Bolt
|-damage|p2a: Raging Bolt|20/100
|move|p2b: Zamazenta|Body Press|p1a: Farigiraf
|-damage|p1a: Farigiraf|0 fnt
|faint|p1a: Farigiraf
|move|p2a: Raging Bolt|Thunderbolt|p1b: Sneasler
|-damage|p1b: Sneasler|0 fnt
|faint|p1b: Sneasler
|
|-weather|RainDance|[upkeep]
|upkeep
|
|t:|1750777425
|switch|p1b: Kyogre|Kyogre, L50|100/100
|switch|p1a: Zacian|Zacian-Crowned, L50|100/100
|-ability|p1a: Zacian|Intrepid Sword|boost
|-boost|p1a: Zacian|atk|1
|turn|5
|
|t:|1750777443
|move|p2b: Zamazenta|Protect|p2b: Zamazenta
|-singleturn|p2b: Zamazenta|Protect
|move|p2a: Raging Bolt|Protect|p2a: Raging Bolt
|-singleturn|p2a: Raging Bolt|Protect
|move|p1b: Kyogre|Hydro Pump|p2b: Zamazenta
|-activate|p2b: Zamazenta|move: Protect
|move|p1a: Zacian|Play Rough|p2a: Raging Bolt
|-activate|p2a: Raging Bolt|move: Protect
|
|-weather|none
|upkeep
|turn|6
|
|t:|1750777464
|move|p2a: Raging Bolt|Thunderclap|p1b: Kyogre
|-supereffective|p1b: Kyogre
|-damage|p1b: Kyogre|24/100
|move|p1b: Kyogre|Hydro Pump|p2b: Zamazenta
|-resisted|p2b: Zamazenta
|-damage|p2b: Zamazenta|23/100
|move|p1a: Zacian|Play Rough|p2a: Raging Bolt
|-supereffective|p2a: Raging Bolt
|-damage|p2a: Raging Bolt|0 fnt
|faint|p2a: Raging Bolt
|-end|p2a: Raging Bolt|Protosynthesis|[silent]
|move|p2b: Zamazenta|Body Press|p1b: Kyogre
|-damage|p1b: Kyogre|0 fnt
|faint|p1b: Kyogre
|
|upkeep
|
|t:|1750777477
|switch|p2a: Calyrex|Calyrex-Shadow, L50|100/100
|-ability|p2a: Calyrex|As One
|-ability|p2a: Calyrex|Unnerve
|turn|7
|
|t:|1750777489
|-terastallize|p1a: Zacian|Fairy
|move|p2a: Calyrex|Astral Barrage|p1a: Zacian
|-damage|p1a: Zacian|16/100
|-damage|p2a: Calyrex|91/100|[from] item: Life Orb
|move|p1a: Zacian|Play Rough|p2a: Calyrex
|-damage|p2a: Calyrex|0 fnt
|faint|p2a: Calyrex
|move|p2b: Zamazenta|Body Press|p1a: Zacian
|-resisted|p1a: Zacian
|-damage|p1a: Zacian|0 fnt
|faint|p1a: Zacian
|
|win|naibot2814
|raw|Azemon's rating: 1457 &rarr; <strong>1442</strong><br />(-15 for losing)
|raw|naibot2814's rating: 1553 &rarr; <strong>1568</strong><br />(+15 for winning)
|l|☆Azemon
|player|p1|
