|j|☆jatpark
|j|☆erik311
|t:|1750716068
|gametype|doubles
|player|p1|jatpark|1|1386
|player|p2|erik311|elesa-masters|1394
|teamsize|p1|6
|teamsize|p2|6
|gen|9
|tier|[Gen 9] VGC 2025 Reg I
|rated|
|rule|Species Clause: Limit one of each Pokémon
|rule|Item Clause: Limit 1 of each item
|clearpoke
|poke|p1|Stonjourner, L50, F|
|poke|p1|Whimsicott, L50, M|
|poke|p1|Indeedee-F, L50, F|
|poke|p1|Calyrex-Shadow, L50|
|poke|p1|Groudon, L50|
|poke|p1|Pincurchin, L50, F|
|poke|p2|Calyrex-Ice, L50|
|poke|p2|Miraidon, L50|
|poke|p2|Volcarona, L50, F|
|poke|p2|Ogerpon-Cornerstone, L50, F|
|poke|p2|Whimsicott, L50, F|
|poke|p2|Incineroar, L50, M|
|teampreview|4
|inactive|Battle timer is ON: inactive players will automatically lose when time's up. (requested by erik311)
erik311 has agreed to open team sheets.
|inactive|erik311 has 60 seconds left.
|
|t:|1750716111
|start
|switch|p1a: Stonjourner|Stonjourner, L50, F|100/100
|switch|p1b: Calyrex|Calyrex-Shadow, L50|100/100
|switch|p2a: Whimsicott|Whimsicott, L50, F|100/100
|switch|p2b: Volcarona|Volcarona, L50, F|100/100
|-ability|p1b: Calyrex|As One
|-ability|p1b: Calyrex|Unnerve
|turn|1
|
|t:|1750716121
|move|p2b: Volcarona|Protect|p2b: Volcarona
|-singleturn|p2b: Volcarona|Protect
|move|p1a: Stonjourner|Protect|p1a: Stonjourner
|-singleturn|p1a: Stonjourner|Protect
|move|p2a: Whimsicott|Light Screen|p2a: Whimsicott
|-sidestart|p2: erik311|move: Light Screen
|move|p1b: Calyrex|Astral Barrage|p2a: Whimsicott|[spread] p2a
|-activate|p2b: Volcarona|move: Protect
|-damage|p2a: Whimsicott|6/100
|
|upkeep
|turn|2
|
|t:|1750716130
|move|p2a: Whimsicott|Tailwind|p2a: Whimsicott
|-sidestart|p2: erik311|move: Tailwind
|move|p2b: Volcarona|Quiver Dance|p2b: Volcarona
|-boost|p2b: Volcarona|spa|1
|-boost|p2b: Volcarona|spd|1
|-boost|p2b: Volcarona|spe|1
|move|p1b: Calyrex|Astral Barrage|p2b: Volcarona|[spread] p2a,p2b
|-damage|p2a: Whimsicott|0 fnt
|-damage|p2b: Volcarona|56/100
|faint|p2a: Whimsicott
|-ability|p1b: Calyrex|Grim Neigh|boost
|-boost|p1b: Calyrex|spa|1
|move|p1a: Stonjourner|Substitute|p1a: Stonjourner
|-start|p1a: Stonjourner|Substitute
|-damage|p1a: Stonjourner|76/100
|
|-heal|p1a: Stonjourner|82/100|[from] item: Leftovers
|upkeep
|
|t:|1750716140
|switch|p2a: Miraidon|Miraidon, L50|100/100
|-fieldstart|move: Electric Terrain|[from] ability: Hadron Engine|[of] p2a: Miraidon
|-enditem|p2b: Volcarona|Electric Seed
|-boost|p2b: Volcarona|def|1|[from] item: Electric Seed
|turn|3
|
|t:|1750716153
|switch|p1b: Pincurchin|Pincurchin, L50, F|100/100
|-terastallize|p2b: Volcarona|Dragon
|move|p2b: Volcarona|Fiery Dance|p1b: Pincurchin
|-damage|p1b: Pincurchin|44/100
|move|p2a: Miraidon|Volt Switch|p1b: Pincurchin
|-ability|p1b: Pincurchin|Lightning Rod|boost
|-boost|p1b: Pincurchin|spa|1
|move|p1a: Stonjourner|Heat Crash|p2b: Volcarona
|-resisted|p2b: Volcarona
|-damage|p2b: Volcarona|40/100
|
|-heal|p1a: Stonjourner|87/100|[from] item: Leftovers
|upkeep
|turn|4
|inactive|jatpark has 30 seconds left.
|
|t:|1750716184
|switch|p1a: Groudon|Groudon, L50|100/100
|-weather|SunnyDay|[from] ability: Drought|[of] p1a: Groudon
|-terastallize|p1b: Pincurchin|Water
|move|p2b: Volcarona|Fiery Dance|p1b: Pincurchin
|-resisted|p1b: Pincurchin
|-damage|p1b: Pincurchin|4/100
|-boost|p2b: Volcarona|spa|1
|move|p2a: Miraidon|Volt Switch|p1b: Pincurchin
|-activate|p1b: Pincurchin|ability: Lightning Rod
|-ability|p1b: Pincurchin|Lightning Rod|boost
|-boost|p1b: Pincurchin|spa|1
|move|p1b: Pincurchin|Recover|p1b: Pincurchin
|-heal|p1b: Pincurchin|54/100
|
|-weather|SunnyDay|[upkeep]
|upkeep
|turn|5
|
|t:|1750716205
|switch|p2a: Calyrex|Calyrex-Ice, L50|100/100
|-ability|p2a: Calyrex|As One
|-ability|p2a: Calyrex|Unnerve
|move|p2b: Volcarona|Fiery Dance|p1a: Groudon
|-damage|p1a: Groudon|0 fnt
|-boost|p2b: Volcarona|spa|1
|faint|p1a: Groudon
|move|p1b: Pincurchin|Recover|p1b: Pincurchin
|-heal|p1b: Pincurchin|100/100
|
|-weather|SunnyDay|[upkeep]
|-sideend|p2: erik311|move: Light Screen
|-sideend|p2: erik311|move: Tailwind
|upkeep
|
|t:|1750716214
|switch|p1a: Calyrex|Calyrex-Shadow, L50|100/100
|-ability|p1a: Calyrex|As One
|-ability|p1a: Calyrex|Unnerve
|turn|6
|
|t:|1750716223
|move|p2a: Calyrex|Protect|p2a: Calyrex
|-singleturn|p2a: Calyrex|Protect
|move|p2b: Volcarona|Struggle Bug|p1a: Calyrex|[spread] p1a,p1b
|-crit|p1a: Calyrex
|-damage|p1a: Calyrex|32/100
|-damage|p1b: Pincurchin|58/100
|-unboost|p1a: Calyrex|spa|1
|-unboost|p1b: Pincurchin|spa|1
|move|p1a: Calyrex|Draining Kiss|p2b: Volcarona
|-supereffective|p2b: Volcarona
|-damage|p2b: Volcarona|15/100
|-heal|p1a: Calyrex|52/100|[from] drain|[of] p2b: Volcarona
|move|p1b: Pincurchin|Scald|p2a: Calyrex
|-activate|p2a: Calyrex|move: Protect
|
|-weather|SunnyDay|[upkeep]
|upkeep
|turn|7
|
|t:|1750716239
|move|p2b: Volcarona|Fiery Dance|p1a: Calyrex
|-crit|p1a: Calyrex
|-damage|p1a: Calyrex|0 fnt
|-boost|p2b: Volcarona|spa|1
|faint|p1a: Calyrex
|move|p2a: Calyrex|Glacial Lance|p1b: Pincurchin
|-resisted|p1b: Pincurchin
|-damage|p1b: Pincurchin|20/100
|move|p1b: Pincurchin|Scald|p2a: Calyrex
|-damage|p2a: Calyrex|87/100
|
|-weather|SunnyDay|[upkeep]
|-fieldend|move: Electric Terrain
|upkeep
|
|t:|1750716243
|switch|p1a: Stonjourner|Stonjourner, L50, F|87/100
|turn|8
|
|t:|1750716249
|move|p1a: Stonjourner|Wide Guard|p1a: Stonjourner
|-singleturn|p1a: Stonjourner|Wide Guard
|move|p2b: Volcarona|Fiery Dance|p1a: Stonjourner
|-resisted|p1a: Stonjourner
|-damage|p1a: Stonjourner|0 fnt
|faint|p1a: Stonjourner
|move|p2a: Calyrex|High Horsepower|p1b: Pincurchin
|-damage|p1b: Pincurchin|0 fnt
|faint|p1b: Pincurchin
|
|win|erik311
|raw|jatpark's rating: 1386 &rarr; <strong>1366</strong><br />(-20 for losing)
|raw|erik311's rating: 1394 &rarr; <strong>1414</strong><br />(+20 for winning)
|l|☆jatpark
|player|p1|
|l|☆erik311
|player|p2|
