|j|☆fisherman7
|j|☆Arismendy
|t:|1750723749
|gametype|doubles
|player|p1|fisherman7|fisherman-gen4|1190
|player|p2|Arismendy|266|1199
|teamsize|p1|6
|teamsize|p2|6
|gen|9
|tier|[Gen 9] VGC 2025 Reg I
|rated|
|rule|Species Clause: Limit one of each Pokémon
|rule|Item Clause: Limit 1 of each item
|clearpoke
|poke|p1|Incineroar, L50, M|
|poke|p1|Urshifu-*, L50, M|
|poke|p1|Miraidon, L50|
|poke|p1|Kyogre, L50|
|poke|p1|Tornadus, L50, M|
|poke|p1|Dragapult, L50, M|
|poke|p2|Dialga, L50|
|poke|p2|Pelipper, L50, M|
|poke|p2|Annihilape, L50, F|
|poke|p2|Carbink, L50|
|poke|p2|Malamar, L50, F|
|poke|p2|Ampharos, L50, M|
|teampreview|4
|inactive|Battle timer is ON: inactive players will automatically lose when time's up. (requested by Arismendy)
|inactive|fisherman7 has 60 seconds left.
|
|t:|1750723808
|start
|switch|p1a: Tornadus|Tornadus, L50, M|100/100
|switch|p1b: Urshifu|Urshifu-Rapid-Strike, L50, M|100/100
|switch|p2a: Malamar|Malamar, L50, F, shiny|100/100
|switch|p2b: Ampharos|Ampharos, L50, M|100/100
|turn|1
|
|t:|1750723830
|move|p1a: Tornadus|Tailwind|p1a: Tornadus
|-sidestart|p1: fisherman7|move: Tailwind
|move|p1b: Urshifu|U-turn|p2a: Malamar
|-supereffective|p2a: Malamar
|-damage|p2a: Malamar|0 fnt
|faint|p2a: Malamar
|
|t:|1750723837
|switch|p1b: Miraidon|Miraidon, L50|100/100|[from] U-turn
|-fieldstart|move: Electric Terrain|[from] ability: Hadron Engine|[of] p1b: Miraidon
|move|p2b: Ampharos|Thunder|p1b: Miraidon
|-resisted|p1b: Miraidon
|-damage|p1b: Miraidon|81/100
|-damage|p2b: Ampharos|91/100|[from] item: Life Orb
|
|upkeep
|
|t:|1750723846
|switch|p2a: Dialga|Dialga, L50|100/100
|-ability|p2a: Dialga|Pressure
|turn|2
|inactive|fisherman7 has 30 seconds left.
|inactive|fisherman7 has 20 seconds left.
|inactive|fisherman7 has 15 seconds left.
|inactive|fisherman7 has 10 seconds left.
|
|t:|1750723895
|move|p2a: Dialga|Protect|p2a: Dialga
|-singleturn|p2a: Dialga|Protect
|move|p1b: Miraidon|Dazzling Gleam|p2a: Dialga|[spread] p2b
|-activate|p2a: Dialga|move: Protect
|-damage|p2b: Ampharos|47/100
|move|p1a: Tornadus|Bleakwind Storm|p2a: Dialga|[spread] 
|-activate|p2a: Dialga|move: Protect
|-miss|p1a: Tornadus|p2b: Ampharos
|move|p2b: Ampharos|Thunder|p1a: Tornadus
|-supereffective|p1a: Tornadus
|-damage|p1a: Tornadus|0 fnt
|faint|p1a: Tornadus
|-damage|p2b: Ampharos|37/100|[from] item: Life Orb
|
|upkeep
|
|t:|1750723899
|switch|p1a: Urshifu|Urshifu-Rapid-Strike, L50, M|100/100
|turn|3
|
|t:|1750723923
|move|p1a: Urshifu|Close Combat|p2a: Dialga
|-supereffective|p2a: Dialga
|-damage|p2a: Dialga|1/100
|-unboost|p1a: Urshifu|def|1
|-unboost|p1a: Urshifu|spd|1
|-enditem|p2a: Dialga|Sitrus Berry|[eat]
|-heal|p2a: Dialga|26/100|[from] item: Sitrus Berry
|move|p1b: Miraidon|Dazzling Gleam|p2b: Ampharos|[spread] p2a,p2b
|-damage|p2a: Dialga|0 fnt
|-damage|p2b: Ampharos|0 fnt
|faint|p2a: Dialga
|faint|p2b: Ampharos
|
|upkeep
|
|t:|1750723933
|switch|p2b: Annihilape|Annihilape, L50, F, shiny|100/100
|turn|4
|
|t:|1750723946
|switch|p1a: Kyogre|Kyogre, L50|100/100
|-weather|RainDance|[from] ability: Drizzle|[of] p1a: Kyogre
|-terastallize|p2b: Annihilape|Normal
|move|p1b: Miraidon|Dazzling Gleam|p2b: Annihilape
|-damage|p2b: Annihilape|52/100
|move|p2b: Annihilape|Rage Fist|p1a: Kyogre
|-damage|p1a: Kyogre|52/100
|
|-weather|RainDance|[upkeep]
|-heal|p2b: Annihilape|58/100|[from] item: Leftovers
|-sideend|p1: fisherman7|move: Tailwind
|upkeep
|turn|5
|
|t:|1750723964
|move|p1a: Kyogre|Protect|p1a: Kyogre
|-singleturn|p1a: Kyogre|Protect
|move|p1b: Miraidon|Dazzling Gleam|p2b: Annihilape
|-damage|p2b: Annihilape|6/100
|move|p2b: Annihilape|Drain Punch|p1a: Kyogre
|-activate|p1a: Kyogre|move: Protect
|
|-weather|RainDance|[upkeep]
|-heal|p2b: Annihilape|12/100|[from] item: Leftovers
|-fieldend|move: Electric Terrain
|upkeep
|turn|6
|-message|Arismendy forfeited.
|
|win|fisherman7
|raw|fisherman7's rating: 1190 &rarr; <strong>1216</strong><br />(+26 for winning)
|raw|Arismendy's rating: 1199 &rarr; <strong>1173</strong><br />(-26 for losing)
|l|☆Arismendy
|player|p2|
|l|☆fisherman7
|player|p1|
