|j|☆Leannan
|j|☆The_1_Antman
|t:|1750779073
|gametype|doubles
|player|p1|Leannan|evelyn|1071
|player|p2|The_1_Antman|101|1051
|teamsize|p1|6
|teamsize|p2|6
|gen|9
|tier|[Gen 9] VGC 2025 Reg I
|rated|
|rule|Species Clause: Limit one of each Pokémon
|rule|Item Clause: Limit 1 of each item
|clearpoke
|poke|p1|Oricorio-Sensu, L50, M|
|poke|p1|Volcarona, L50, M|
|poke|p1|Miraidon, L50|
|poke|p1|Lilligant-Hisui, L50, F|
|poke|p1|Groudon, L50|
|poke|p1|Iron Bundle, L50|
|poke|p2|Bruxish, L50, F|
|poke|p2|Kyogre, L50|
|poke|p2|Kilowattrel, L50, F|
|poke|p2|Zamazenta-*, L50|
|poke|p2|Archaludon, L50, F|
|poke|p2|Sinistcha-Masterpiece, L50|
|teampreview|4
|inactive|Battle timer is ON: inactive players will automatically lose when time's up. (requested by Leannan)
|inactive|Leannan has 60 seconds left.
|inactive|The_1_Antman has 60 seconds left.
|
|t:|1750779112
|start
|switch|p1a: Iron Bundle|Iron Bundle, L50, shiny|100/100
|switch|p1b: Miraidon|Miraidon, L50|100/100
|switch|p2a: It's beeaauutifuul|Bruxish, L50, F, shiny|100/100
|switch|p2b: Zaptoes|Kilowattrel, L50, F, shiny|100/100
|-fieldstart|move: Electric Terrain|[from] ability: Hadron Engine|[of] p1b: Miraidon
|-activate|p1a: Iron Bundle|ability: Quark Drive
|-start|p1a: Iron Bundle|quarkdrivespe
|turn|1
|inactive|Leannan has 30 seconds left.
|inactive|The_1_Antman has 30 seconds left.
|inactive|The_1_Antman has 20 seconds left.
|inactive|The_1_Antman has 15 seconds left.
|
|t:|1750779155
|switch|p2a: Little Man|Sinistcha-Masterpiece, L50, shiny|100/100
|move|p1a: Iron Bundle|Taunt|p2b: Zaptoes
|-start|p2b: Zaptoes|move: Taunt
|move|p1b: Miraidon|Electro Drift|p2a: Little Man
|-resisted|p2a: Little Man
|-damage|p2a: Little Man|37/100
|-damage|p1b: Miraidon|84/100|[from] item: Rocky Helmet|[of] p2a: Little Man
|cant|p2b: Zaptoes|move: Taunt|Tailwind
|
|upkeep
|turn|2
|inactive|The_1_Antman has 30 seconds left.
|inactive|The_1_Antman has 20 seconds left.
|
|t:|1750779191
|move|p2a: Little Man|Rage Powder|p2a: Little Man
|-singleturn|p2a: Little Man|move: Rage Powder
|move|p1a: Iron Bundle|Encore|p2a: Little Man
|-start|p2a: Little Man|Encore
|move|p1b: Miraidon|Electro Drift|p2a: Little Man
|-resisted|p2a: Little Man
|-damage|p2a: Little Man|0 fnt
|-damage|p1b: Miraidon|68/100|[from] item: Rocky Helmet|[of] p2a: Little Man
|faint|p2a: Little Man
|move|p2b: Zaptoes|Volt Switch|p1a: Iron Bundle
|-supereffective|p1a: Iron Bundle
|-damage|p1a: Iron Bundle|0 fnt
|faint|p1a: Iron Bundle
|-end|p1a: Iron Bundle|Quark Drive|[silent]
|inactive|The_1_Antman has 30 seconds left.
|l|☆The_1_Antman
|inactive|The_1_Antman disconnected and has a minute to reconnect!
|player|p2|
|inactive|The_1_Antman has 20 seconds left.
|inactive|The_1_Antman has 15 seconds left.
|j|☆The_1_Antman
|inactive|The_1_Antman reconnected and has 15 seconds left.
|player|p2|The_1_Antman|101|
|inactive|The_1_Antman has 10 seconds left.
|
|t:|1750779240
|switch|p2b: Obvi. rain setter|Kyogre, L50|100/100|[from] Volt Switch
|-weather|RainDance|[from] ability: Drizzle|[of] p2b: Obvi. rain setter
|
|-weather|RainDance|[upkeep]
|upkeep
|
|t:|1750779253
|switch|p1a: Oricorio|Oricorio-Sensu, L50, M, shiny|100/100
|switch|p2a: Zaptoes|Kilowattrel, L50, F, shiny|100/100
|turn|3
|
|t:|1750779278
|-terastallize|p1a: Oricorio|Ghost
|move|p2b: Obvi. rain setter|Protect|p2b: Obvi. rain setter
|-singleturn|p2b: Obvi. rain setter|Protect
|move|p1b: Miraidon|Electro Drift|p2b: Obvi. rain setter
|-activate|p2b: Obvi. rain setter|move: Protect
|move|p2a: Zaptoes|Tailwind|p2a: Zaptoes
|-sidestart|p2: The_1_Antman|move: Tailwind
|-start|p2a: Zaptoes|Charge|Tailwind|[from] ability: Wind Power
|move|p1a: Oricorio|Icy Wind|p2b: Obvi. rain setter|[spread] p2a
|-activate|p2b: Obvi. rain setter|move: Protect
|-supereffective|p2a: Zaptoes
|-damage|p2a: Zaptoes|60/100
|-unboost|p2a: Zaptoes|spe|1
|-start|p2a: Zaptoes|Charge|Icy Wind|[from] ability: Wind Power
|
|-weather|RainDance|[upkeep]
|upkeep
|turn|4
|inactive|The_1_Antman has 30 seconds left.
|
|t:|1750779310
|move|p2b: Obvi. rain setter|Ice Beam|p1b: Miraidon
|-supereffective|p1b: Miraidon
|-crit|p1b: Miraidon
|-damage|p1b: Miraidon|0 fnt
|faint|p1b: Miraidon
|move|p2a: Zaptoes|Hurricane|p1a: Oricorio
|-damage|p1a: Oricorio|43/100
|move|p1a: Oricorio|Icy Wind|p2a: Zaptoes|[spread] p2a,p2b
|-supereffective|p2a: Zaptoes
|-resisted|p2b: Obvi. rain setter
|-crit|p2b: Obvi. rain setter
|-damage|p2a: Zaptoes|18/100
|-damage|p2b: Obvi. rain setter|95/100
|-unboost|p2a: Zaptoes|spe|1
|-unboost|p2b: Obvi. rain setter|spe|1
|-start|p2a: Zaptoes|Charge|Icy Wind|[from] ability: Wind Power
|
|-weather|RainDance|[upkeep]
|-heal|p2b: Obvi. rain setter|100/100|[from] item: Leftovers
|upkeep
|
|t:|1750779327
|switch|p1b: Volcarona|Volcarona, L50, M, shiny|100/100
|turn|5
|inactive|Leannan has 30 seconds left.
|
|t:|1750779359
|move|p1b: Volcarona|Protect|p1b: Volcarona
|-singleturn|p1b: Volcarona|Protect
|move|p2a: Zaptoes|Thunderbolt|p1a: Oricorio
|-damage|p1a: Oricorio|0 fnt
|faint|p1a: Oricorio
|-end|p2a: Zaptoes|Charge|[silent]
|move|p2b: Obvi. rain setter|Water Spout|p1b: Volcarona
|-activate|p1b: Volcarona|move: Protect
|
|-weather|RainDance|[upkeep]
|-fieldend|move: Electric Terrain
|upkeep
|turn|6
|
|t:|1750779375
|move|p1b: Volcarona|Protect||[still]
|-fail|p1b: Volcarona
|move|p2a: Zaptoes|Hurricane|p1b: Volcarona
|-supereffective|p1b: Volcarona
|-damage|p1b: Volcarona|0 fnt
|faint|p1b: Volcarona
|
|win|The_1_Antman
|raw|Leannan's rating: 1071 &rarr; <strong>1049</strong><br />(-22 for losing)
|raw|The_1_Antman's rating: 1051 &rarr; <strong>1085</strong><br />(+34 for winning)
|l|☆Leannan
|player|p1|
|l|☆The_1_Antman
|player|p2|
