|j|☆osumakitajima
|j|☆rainbowboojay
|t:|1750804539
|gametype|doubles
|player|p1|osumakitajima|linebacker|1154
|player|p2|rainbowboojay|102|1243
|teamsize|p1|6
|teamsize|p2|6
|gen|9
|tier|[Gen 9] VGC 2025 Reg I
|rated|
|rule|Species Clause: Limit one of each Pokémon
|rule|Item Clause: Limit 1 of each item
|clearpoke
|poke|p1|Flutter Mane, L50|
|poke|p1|Calyrex-Ice, L50|
|poke|p1|Miraidon, L50|
|poke|p1|Ursaluna, L50, F|
|poke|p1|Volcarona, L50, M|
|poke|p1|Grimmsnarl, L50, M|
|poke|p2|Sceptile, L50, F|
|poke|p2|Rayquaza, L50|
|poke|p2|Heatran, L50, M|
|poke|p2|Farigiraf, L50, F|
|poke|p2|Calyrex-Ice, L50|
|poke|p2|Gastrodon, L50, F|
|teampreview|4
|
|t:|1750804571
|start
|switch|p1a: Grimmsnarl|Grimmsnarl, L50, M|100/100
|switch|p1b: Miraidon|Miraidon, L50|100/100
|switch|p2a: Sceptile|Sceptile, L50, F|100/100
|switch|p2b: Calyrex|Calyrex-Ice, L50|100/100
|-ability|p2b: Calyrex|As One
|-ability|p2b: Calyrex|Unnerve
|-fieldstart|move: Electric Terrain|[from] ability: Hadron Engine|[of] p1b: Miraidon
|turn|1
|inactive|Battle timer is ON: inactive players will automatically lose when time's up. (requested by osumakitajima)
|inactive|osumakitajima has 60 seconds left.
|
|t:|1750804614
|move|p1a: Grimmsnarl|Reflect|p1a: Grimmsnarl
|-sidestart|p1: osumakitajima|Reflect
|move|p1b: Miraidon|Draco Meteor|p2b: Calyrex
|-damage|p2b: Calyrex|32/100
|-unboost|p1b: Miraidon|spa|2
|move|p2a: Sceptile|Dragon Pulse|p1b: Miraidon
|-supereffective|p1b: Miraidon
|-damage|p1b: Miraidon|73/100
|move|p2b: Calyrex|Glacial Lance|p1a: Grimmsnarl|[spread] p1a,p1b
|-supereffective|p1b: Miraidon
|-damage|p1a: Grimmsnarl|27/100
|-damage|p1b: Miraidon|0 fnt
|faint|p1b: Miraidon
|-ability|p2b: Calyrex|Chilling Neigh|boost
|-boost|p2b: Calyrex|atk|1
|
|upkeep
|
|t:|1750804630
|switch|p1b: Ursaluna|Ursaluna, L50, F|100/100
|turn|2
|
|t:|1750804648
|move|p1b: Ursaluna|Protect|p1b: Ursaluna
|-singleturn|p1b: Ursaluna|Protect
|move|p1a: Grimmsnarl|Thunder Wave|p2b: Calyrex
|-status|p2b: Calyrex|par
|move|p2a: Sceptile|Leaf Storm|p1b: Ursaluna
|-activate|p1b: Ursaluna|move: Protect
|move|p2b: Calyrex|Glacial Lance|p1b: Ursaluna|[spread] p1a
|-activate|p1b: Ursaluna|move: Protect
|-damage|p1a: Grimmsnarl|0 fnt
|faint|p1a: Grimmsnarl
|-ability|p2b: Calyrex|Chilling Neigh|boost
|-boost|p2b: Calyrex|atk|1
|
|-status|p1b: Ursaluna|brn|[from] item: Flame Orb
|upkeep
|
|t:|1750804665
|switch|p1a: Calyrex|Calyrex-Ice, L50|100/100
|-ability|p1a: Calyrex|As One
|-ability|p1a: Calyrex|Unnerve
|turn|3
|inactive|osumakitajima has 30 seconds left.
|
|t:|1750804693
|-terastallize|p1a: Calyrex|Fire
|-terastallize|p2b: Calyrex|Steel
|move|p2a: Sceptile|Shed Tail|p2a: Sceptile
|-start|p2a: Sceptile|Substitute|[from] move: Shed Tail
|-damage|p2a: Sceptile|50/100
|
|t:|1750804706
|switch|p2a: Heatran|Heatran, L50, M|100/100|[from] Shed Tail
|move|p1a: Calyrex|Glacial Lance|p2b: Calyrex|[spread] p2a,p2b
|-resisted|p2a: Heatran
|-activate|p2a: Heatran|move: Substitute|[damage]
|-resisted|p2b: Calyrex
|-damage|p2b: Calyrex|15/100 par
|move|p1b: Ursaluna|Facade|p2b: Calyrex
|-resisted|p2b: Calyrex
|-damage|p2b: Calyrex|0 fnt
|faint|p2b: Calyrex
|
|-damage|p1b: Ursaluna|95/100 brn|[from] brn
|upkeep
|
|t:|1750804721
|switch|p2b: Sceptile|Sceptile, L50, F|50/100
|turn|4
|
|t:|1750804728
|move|p1b: Ursaluna|Protect|p1b: Ursaluna
|-singleturn|p1b: Ursaluna|Protect
|move|p2b: Sceptile|Leaf Storm|p1b: Ursaluna
|-activate|p1b: Ursaluna|move: Protect
|move|p2a: Heatran|Earth Power|p1a: Calyrex
|-supereffective|p1a: Calyrex
|-damage|p1a: Calyrex|58/100
|move|p1a: Calyrex|Trick Room|p1a: Calyrex
|-fieldstart|move: Trick Room|[of] p1a: Calyrex
|
|-damage|p1b: Ursaluna|89/100 brn|[from] brn
|upkeep
|turn|5
|
|t:|1750804748
|move|p2b: Sceptile|Protect|p2b: Sceptile
|-singleturn|p2b: Sceptile|Protect
|move|p1b: Ursaluna|Headlong Rush|p2a: Heatran
|-supereffective|p2a: Heatran
|-end|p2a: Heatran|Substitute
|-unboost|p1b: Ursaluna|def|1
|-unboost|p1b: Ursaluna|spd|1
|move|p1a: Calyrex|Glacial Lance|p2b: Sceptile|[spread] p2a
|-activate|p2b: Sceptile|move: Protect
|-resisted|p2a: Heatran
|-damage|p2a: Heatran|90/100
|move|p2a: Heatran|Earth Power|p1a: Calyrex
|-supereffective|p1a: Calyrex
|-damage|p1a: Calyrex|14/100
|
|-damage|p1b: Ursaluna|83/100 brn|[from] brn
|-sideend|p1: osumakitajima|Reflect
|-fieldend|move: Electric Terrain
|upkeep
|turn|6
|
|t:|1750804772
|switch|p2a: Rayquaza|Rayquaza, L50|100/100
|-ability|p2a: Rayquaza|Air Lock
|move|p2b: Sceptile|Protect||[still]
|-fail|p2b: Sceptile
|move|p1a: Calyrex|Glacial Lance|p2b: Sceptile|[spread] p2a,p2b
|-supereffective|p2a: Rayquaza
|-supereffective|p2b: Sceptile
|-crit|p2b: Sceptile
|-damage|p2a: Rayquaza|0 fnt
|-damage|p2b: Sceptile|0 fnt
|faint|p2a: Rayquaza
|faint|p2b: Sceptile
|-ability|p1a: Calyrex|Chilling Neigh|boost
|-boost|p1a: Calyrex|atk|2
|move|p1b: Ursaluna|Headlong Rush|p2: Rayquaza|[notarget]
|-fail|p1b: Ursaluna
|
|-damage|p1b: Ursaluna|77/100 brn|[from] brn
|upkeep
|
|t:|1750804781
|switch|p2b: Heatran|Heatran, L50, M|90/100
|turn|7
|
|t:|1750804802
|move|p1a: Calyrex|High Horsepower|p2b: Heatran
|-supereffective|p2b: Heatran
|-damage|p2b: Heatran|0 fnt
|faint|p2b: Heatran
|
|win|osumakitajima
|raw|osumakitajima's rating: 1154 &rarr; <strong>1185</strong><br />(+31 for winning)
|raw|rainbowboojay's rating: 1243 &rarr; <strong>1212</strong><br />(-31 for losing)
|l|☆rainbowboojay
|player|p2|
