|j|☆ZUBSEROS
|j|☆BidenSittingCutie
|t:|1750881926
|gametype|doubles
|player|p1|ZUBSEROS|hugh|1205
|player|p2|BidenSittingCutie|1|1139
|teamsize|p1|6
|teamsize|p2|6
|gen|9
|tier|[Gen 9] VGC 2025 Reg I
|rated|
|rule|Species Clause: Limit one of each Pokémon
|rule|Item Clause: Limit 1 of each item
|clearpoke
|poke|p1|Koraidon, L50|
|poke|p1|Ho-Oh, L50|
|poke|p1|Enamorus-Therian, L50, F|
|poke|p1|Klefki, L50, M|
|poke|p1|Indeedee-F, L50, F|
|poke|p1|Incineroar, L50, M|
|poke|p2|Calyrex-Shadow, L50|
|poke|p2|Terapagos, L50, M|
|poke|p2|Iron Hands, L50|
|poke|p2|Chi-Yu, L50|
|poke|p2|Smeargle, L50, M|
|poke|p2|Whimsicott, L50, F|
|teampreview|4
|inactive|Battle timer is ON: inactive players will automatically lose when time's up. (requested by ZUBSEROS)
ZUBSEROS rejected open team sheets.
|inactive|ZUBSEROS has 60 seconds left.
|
|t:|1750881960
|start
|switch|p1a: Pedro|Klefki, L50, M|100/100
|switch|p1b: Incineroar|Incineroar, L50, M|100/100
|switch|p2a: Smeargle|Smeargle, L50, M|100/100
|switch|p2b: Terapagos|Terapagos, L50, M|100/100
|-activate|p2b: Terapagos|ability: Tera Shift
|detailschange|p2b: Terapagos|Terapagos-Terastal, L50, M
|-heal|p2b: Terapagos|100/100|[silent]
|-ability|p1b: Incineroar|Intimidate|boost
|-unboost|p2a: Smeargle|atk|1
|-unboost|p2b: Terapagos|atk|1
|turn|1
|inactive|BidenSittingCutie has 30 seconds left.
|
|t:|1750881993
|move|p2a: Smeargle|Fake Out|p1b: Incineroar
|-damage|p1b: Incineroar|98/100
|move|p1a: Pedro|Thunder Wave|p2b: Terapagos
|-status|p2b: Terapagos|par
|cant|p1b: Incineroar|flinch
|move|p2b: Terapagos|Tera Starstorm|p1a: Pedro
|-resisted|p1a: Pedro
|-damage|p1a: Pedro|57/100
|
|-ability|p2a: Smeargle|Moody|boost
|-boost|p2a: Smeargle|def|2
|-unboost|p2a: Smeargle|spe|1
|upkeep
|turn|2
|
|t:|1750882012
|move|p1a: Pedro|Light Screen|p1a: Pedro
|-sidestart|p1: ZUBSEROS|move: Light Screen
|move|p2a: Smeargle|Decorate|p2b: Terapagos
|-boost|p2b: Terapagos|atk|2
|-boost|p2b: Terapagos|spa|2
|move|p1b: Incineroar|Knock Off|p2b: Terapagos
|-activate|p2b: Terapagos|ability: Tera Shell
|-resisted|p2b: Terapagos
|-damage|p2b: Terapagos|69/100 par
|-enditem|p2b: Terapagos|Choice Specs|[from] move: Knock Off|[of] p1b: Incineroar
|move|p2b: Terapagos|Tera Starstorm|p1b: Incineroar
|-damage|p1b: Incineroar|26/100
|
|-ability|p2a: Smeargle|Moody|boost
|-boost|p2a: Smeargle|spd|2
|-unboost|p2a: Smeargle|spe|1
|upkeep
|turn|3
|inactive|BidenSittingCutie has 30 seconds left.
|
|t:|1750882037
|move|p1a: Pedro|Reflect|p1a: Pedro
|-sidestart|p1: ZUBSEROS|Reflect
|move|p1b: Incineroar|Knock Off|p2a: Smeargle
|-damage|p2a: Smeargle|39/100
|-enditem|p2a: Smeargle|Focus Sash|[from] move: Knock Off|[of] p1b: Incineroar
|move|p2a: Smeargle|Spore|p1a: Pedro
|-status|p1a: Pedro|slp|[from] move: Spore
|move|p2b: Terapagos|Tera Starstorm|p1b: Incineroar
|-damage|p1b: Incineroar|0 fnt
|faint|p1b: Incineroar
|
|-ability|p2a: Smeargle|Moody|boost
|-boost|p2a: Smeargle|def|2
|-unboost|p2a: Smeargle|atk|1
|upkeep
|
|t:|1750882053
|switch|p1b: Ho-Oh|Ho-Oh, L50|100/100
|turn|4
|
|t:|1750882071
|cant|p1a: Pedro|slp
|move|p1b: Ho-Oh|Life Dew||[still]|[spread] p1a,p1b
|-heal|p1a: Pedro|82/100 slp
|-fail|p1b: Ho-Oh|heal
|move|p2a: Smeargle|Decorate|p2b: Terapagos
|-boost|p2b: Terapagos|atk|2
|-boost|p2b: Terapagos|spa|2
|move|p2b: Terapagos|Tera Starstorm|p1b: Ho-Oh
|-damage|p1b: Ho-Oh|38/100
|
|-heal|p1b: Ho-Oh|44/100|[from] item: Leftovers
|-ability|p2a: Smeargle|Moody|boost
|-boost|p2a: Smeargle|spe|2
|-unboost|p2a: Smeargle|atk|1
|upkeep
|turn|5
|inactive|BidenSittingCutie has 30 seconds left.
|inactive|BidenSittingCutie has 20 seconds left.
|inactive|BidenSittingCutie has 15 seconds left.
|
|t:|1750882112
|-terastallize|p2b: Terapagos|Stellar
|detailschange|p2b: Terapagos|Terapagos-Stellar, L50, M, tera:Stellar
|-heal|p2b: Terapagos|78/100 par|[silent]
|move|p1b: Ho-Oh|Protect|p1b: Ho-Oh
|-singleturn|p1b: Ho-Oh|Protect
|move|p2a: Smeargle|Decorate|p2b: Terapagos
|-boost|p2b: Terapagos|atk|2
|-boost|p2b: Terapagos|spa|2
|cant|p1a: Pedro|slp
|move|p2b: Terapagos|Tera Starstorm|p1a: Pedro|[spread] p1a
|-activate|p1b: Ho-Oh|move: Protect
|-damage|p1a: Pedro|0 fnt
|faint|p1a: Pedro
|
|-heal|p1b: Ho-Oh|50/100|[from] item: Leftovers
|-ability|p2a: Smeargle|Moody|boost
|-boost|p2a: Smeargle|spa|2
|-unboost|p2a: Smeargle|spe|1
|upkeep
|
|t:|1750882133
|switch|p1a: Chimuelo|Koraidon, L50|100/100
|-weather|SunnyDay|[from] ability: Orichalcum Pulse|[of] p1a: Chimuelo
|-activate|p1a: Chimuelo|Orichalcum Pulse|[source]
|turn|6
|
|t:|1750882140
|move|p2a: Smeargle|Follow Me|p2a: Smeargle
|-singleturn|p2a: Smeargle|move: Follow Me
|move|p1a: Chimuelo|Close Combat|p2a: Smeargle
|-supereffective|p2a: Smeargle
|-damage|p2a: Smeargle|0 fnt
|-unboost|p1a: Chimuelo|def|1
|-unboost|p1a: Chimuelo|spd|1
|faint|p2a: Smeargle
|-damage|p1a: Chimuelo|91/100|[from] item: Life Orb
|move|p1b: Ho-Oh|Sacred Fire|p2b: Terapagos
|-damage|p2b: Terapagos|19/100 par
|move|p2b: Terapagos|Tera Starstorm|p1a: Chimuelo|[spread] p1a,p1b
|-damage|p1a: Chimuelo|0 fnt
|-damage|p1b: Ho-Oh|0 fnt
|faint|p1a: Chimuelo
|faint|p1b: Ho-Oh
|
|win|BidenSittingCutie
|raw|ZUBSEROS's rating: 1205 &rarr; <strong>1175</strong><br />(-30 for losing)
|raw|BidenSittingCutie's rating: 1139 &rarr; <strong>1169</strong><br />(+30 for winning)
|c|☆BidenSittingCutie|gg
|l|☆ZUBSEROS
|player|p1|
