|j|☆Kingbingboi
|j|☆anaverageguitarist
|t:|1750738765
|gametype|doubles
|player|p1|Kingbingboi|steven|1231
|player|p2|anaverageguitarist|benga|1276
|teamsize|p1|6
|teamsize|p2|6
|gen|9
|tier|[Gen 9] VGC 2025 Reg I
|rated|
|rule|Species Clause: Limit one of each Pokémon
|rule|Item Clause: Limit 1 of each item
|clearpoke
|poke|p1|Oricorio-Sensu, L50, M|
|poke|p1|Tyranitar, L50, F|
|poke|p1|Volcarona, L50, M|
|poke|p1|Garchomp, L50, M|
|poke|p1|Calyrex-Shadow, L50|
|poke|p1|Zamazenta-*, L50|
|poke|p2|Raging Bolt, L50|
|poke|p2|Koraidon, L50|
|poke|p2|Lunala, L50|
|poke|p2|Flutter Mane, L50|
|poke|p2|Incineroar, L50, F|
|poke|p2|Rillaboom, L50, F|
|teampreview|4
anaverageguitarist has agreed to open team sheets.
|
|t:|1750738807
|start
|switch|p1a: Oricorio|Oricorio-Sensu, L50, M|100/100
|switch|p1b: Volcarona|Volcarona, L50, M|100/100
|switch|p2a: Lunala|Lunala, L50|100/100
|switch|p2b: Rillaboom|Rillaboom, L50, F|100/100
|-fieldstart|move: Grassy Terrain|[from] ability: Grassy Surge|[of] p2b: Rillaboom
|turn|1
|
|t:|1750738823
|move|p2b: Rillaboom|Fake Out|p1b: Volcarona
|-damage|p1b: Volcarona|84/100
|-status|p2b: Rillaboom|brn|[from] ability: Flame Body|[of] p1b: Volcarona
|cant|p1b: Volcarona|flinch
|move|p1a: Oricorio|Tailwind|p1a: Oricorio
|-sidestart|p1: Kingbingboi|move: Tailwind
|move|p2a: Lunala|Moongeist Beam|p1a: Oricorio
|-supereffective|p1a: Oricorio
|-enditem|p1a: Oricorio|Focus Sash
|-damage|p1a: Oricorio|1/100
|
|-heal|p1b: Volcarona|90/100|[from] Grassy Terrain
|-damage|p2b: Rillaboom|95/100 brn|[from] brn
|upkeep
|turn|2
|
|t:|1750738851
|-terastallize|p2a: Lunala|Fairy
|move|p1b: Volcarona|Fiery Dance|p2b: Rillaboom
|-supereffective|p2b: Rillaboom
|-damage|p2b: Rillaboom|40/100 brn
|-boost|p1b: Volcarona|spa|1
|-activate|p1a: Oricorio|ability: Dancer
|move|p1a: Oricorio|Fiery Dance|p2b: Rillaboom|[from] ability: Dancer
|-supereffective|p2b: Rillaboom
|-damage|p2b: Rillaboom|16/100 brn
|-boost|p1a: Oricorio|spa|1
|move|p1a: Oricorio|Air Slash|p2a: Lunala
|-damage|p2a: Lunala|88/100
|cant|p2a: Lunala|flinch
|move|p2b: Rillaboom|U-turn|p1a: Oricorio
|-resisted|p1a: Oricorio
|-damage|p1a: Oricorio|0 fnt
|faint|p1a: Oricorio
|
|t:|1750738869
|switch|p2b: Incineroar|Incineroar, L50, F|100/100|[from] U-turn
|-ability|p2b: Incineroar|Intimidate|boost
|-unboost|p1b: Volcarona|atk|1
|
|-heal|p1b: Volcarona|96/100|[from] Grassy Terrain
|-heal|p2a: Lunala|94/100|[from] Grassy Terrain
|-heal|p2a: Lunala|99/100|[from] item: Leftovers
|upkeep
|
|t:|1750738890
|switch|p1a: Zamazenta|Zamazenta-Crowned, L50|100/100
|-ability|p1a: Zamazenta|Dauntless Shield|boost
|-boost|p1a: Zamazenta|def|1
|turn|3
|
|t:|1750738910
|-terastallize|p1a: Zamazenta|Steel
|move|p2b: Incineroar|Fake Out|p1a: Zamazenta
|-resisted|p1a: Zamazenta
|-damage|p1a: Zamazenta|98/100
|move|p1b: Volcarona|Bug Buzz|p2b: Incineroar
|-damage|p2b: Incineroar|44/100
|cant|p1a: Zamazenta|flinch
|move|p2a: Lunala|Calm Mind|p2a: Lunala
|-boost|p2a: Lunala|spa|1
|-boost|p2a: Lunala|spd|1
|
|-heal|p1b: Volcarona|100/100|[from] Grassy Terrain
|-heal|p1a: Zamazenta|100/100|[from] Grassy Terrain
|-heal|p2a: Lunala|100/100|[from] Grassy Terrain
|-heal|p2b: Incineroar|50/100|[from] Grassy Terrain
|upkeep
|turn|4
|
|t:|1750738940
|move|p2a: Lunala|Protect|p2a: Lunala
|-singleturn|p2a: Lunala|Protect
|move|p1b: Volcarona|Bug Buzz|p2b: Incineroar
|-damage|p2b: Incineroar|0 fnt
|faint|p2b: Incineroar
|move|p1a: Zamazenta|Behemoth Bash|p2a: Lunala
|-activate|p2a: Lunala|move: Protect
|
|-sideend|p1: Kingbingboi|move: Tailwind
|upkeep
|
|t:|1750738950
|switch|p2b: Koraidon|Koraidon, L50|100/100
|-weather|SunnyDay|[from] ability: Orichalcum Pulse|[of] p2b: Koraidon
|-activate|p2b: Koraidon|Orichalcum Pulse|[source]
|turn|5
|
|t:|1750738961
|move|p2b: Koraidon|Flare Blitz|p1b: Volcarona
|-damage|p1b: Volcarona|0 fnt
|faint|p1b: Volcarona
|-damage|p2b: Koraidon|71/100|[from] Recoil
|-damage|p2b: Koraidon|61/100|[from] item: Life Orb
|move|p1a: Zamazenta|Behemoth Bash|p2a: Lunala
|-supereffective|p2a: Lunala
|-damage|p2a: Lunala|57/100
|move|p2a: Lunala|Moongeist Beam|p1a: Zamazenta
|-damage|p1a: Zamazenta|45/100
|
|-weather|SunnyDay|[upkeep]
|-heal|p2b: Koraidon|68/100|[from] Grassy Terrain
|-heal|p1a: Zamazenta|51/100|[from] Grassy Terrain
|-heal|p2a: Lunala|63/100|[from] Grassy Terrain
|-heal|p2a: Lunala|69/100|[from] item: Leftovers
|-fieldend|move: Grassy Terrain
|upkeep
|
|t:|1750738977
|switch|p1b: Calyrex|Calyrex-Shadow, L50|100/100
|-ability|p1b: Calyrex|As One
|-ability|p1b: Calyrex|Unnerve
|turn|6
|
|t:|1750738991
|move|p2a: Lunala|Protect|p2a: Lunala
|-singleturn|p2a: Lunala|Protect
|move|p1b: Calyrex|Astral Barrage|p2a: Lunala|[spread] p2b
|-activate|p2a: Lunala|move: Protect
|-damage|p2b: Koraidon|0 fnt
|faint|p2b: Koraidon
|-ability|p1b: Calyrex|Grim Neigh|boost
|-boost|p1b: Calyrex|spa|1
|move|p1a: Zamazenta|Behemoth Bash|p2a: Lunala
|-activate|p2a: Lunala|move: Protect
|
|-weather|SunnyDay|[upkeep]
|-heal|p2a: Lunala|75/100|[from] item: Leftovers
|upkeep
|
|t:|1750738999
|switch|p2b: Rillaboom|Rillaboom, L50, F|16/100 brn
|-fieldstart|move: Grassy Terrain|[from] ability: Grassy Surge|[of] p2b: Rillaboom
|turn|7
|
|t:|1750739010
|move|p2b: Rillaboom|Fake Out|p1a: Zamazenta
|-resisted|p1a: Zamazenta
|-damage|p1a: Zamazenta|50/100
|move|p1b: Calyrex|Astral Barrage|p2b: Rillaboom|[spread] p2a,p2b
|-damage|p2a: Lunala|20/100
|-damage|p2b: Rillaboom|0 fnt
|faint|p2b: Rillaboom
|-ability|p1b: Calyrex|Grim Neigh|boost
|-boost|p1b: Calyrex|spa|1
|cant|p1a: Zamazenta|flinch
|move|p2a: Lunala|Moongeist Beam|p1b: Calyrex
|-supereffective|p1b: Calyrex
|-damage|p1b: Calyrex|0 fnt
|faint|p1b: Calyrex
|
|-weather|SunnyDay|[upkeep]
|-heal|p1a: Zamazenta|56/100|[from] Grassy Terrain
|-heal|p2a: Lunala|26/100|[from] Grassy Terrain
|-heal|p2a: Lunala|32/100|[from] item: Leftovers
|upkeep
|turn|8
|
|t:|1750739029
|move|p1a: Zamazenta|Behemoth Bash|p2a: Lunala
|-supereffective|p2a: Lunala
|-damage|p2a: Lunala|0 fnt
|faint|p2a: Lunala
|
|win|Kingbingboi
|raw|Kingbingboi's rating: 1231 &rarr; <strong>1259</strong><br />(+28 for winning)
|raw|anaverageguitarist's rating: 1276 &rarr; <strong>1248</strong><br />(-28 for losing)
|c|☆Kingbingboi|gg
|c|☆anaverageguitarist|gg
|l|☆anaverageguitarist
|player|p2|
|l|☆Kingbingboi
|player|p1|
