|j|☆abidan40
|j|☆Royal_Rumpus
|t:|1750709657
|gametype|doubles
|player|p1|abidan40|clown|1205
|player|p2|Royal_Rumpus|blue|1209
|teamsize|p1|6
|teamsize|p2|6
|gen|9
|tier|[Gen 9] VGC 2025 Reg I
|rated|
|rule|Species Clause: Limit one of each Pokémon
|rule|Item Clause: Limit 1 of each item
|clearpoke
|poke|p1|Zapdos, L50|
|poke|p1|Incineroar, L50, F|
|poke|p1|Kyurem-Black, L50|
|poke|p1|Calyrex-Shadow, L50|
|poke|p1|Rillaboom, L50, M|
|poke|p1|Ninetales-Alola, L50, F|
|poke|p2|Fezandipiti, L50, M|
|poke|p2|Rillaboom, L50, M|
|poke|p2|Groudon, L50|
|poke|p2|Indeedee-F, L50, F|
|poke|p2|Calyrex-Shadow, L50|
|poke|p2|Urshifu-*, L50, F|
|teampreview|4
|inactive|Battle timer is ON: inactive players will automatically lose when time's up. (requested by abidan40)
|inactive|abidan40 has 60 seconds left.
|
|t:|1750709716
|start
|switch|p1a: Incineroar|Incineroar, L50, F, shiny|100/100
|switch|p1b: Calyrex|Calyrex-Shadow, L50|100/100
|switch|p2a: Groudon|Groudon, L50|100/100
|switch|p2b: Fezandipiti|Fezandipiti, L50, M|100/100
|-ability|p1b: Calyrex|As One
|-ability|p1b: Calyrex|Unnerve
|-weather|SunnyDay|[from] ability: Drought|[of] p2a: Groudon
|-ability|p1a: Incineroar|Intimidate|boost
|-fail|p2a: Groudon|unboost|[from] item: Clear Amulet|[of] p2a: Groudon
|-unboost|p2b: Fezandipiti|atk|1
|turn|1
|
|t:|1750709740
|move|p2a: Groudon|Protect|p2a: Groudon
|-singleturn|p2a: Groudon|Protect
|move|p1a: Incineroar|Fake Out|p2a: Groudon
|-activate|p2a: Groudon|move: Protect
|move|p1b: Calyrex|Astral Barrage|p2b: Fezandipiti|[spread] p2b
|-activate|p2a: Groudon|move: Protect
|-damage|p2b: Fezandipiti|49/100
|move|p2b: Fezandipiti|Tailwind|p2b: Fezandipiti
|-sidestart|p2: Royal_Rumpus|move: Tailwind
|
|-weather|SunnyDay|[upkeep]
|upkeep
|turn|2
|
|t:|1750709755
|-terastallize|p1a: Incineroar|Grass
|move|p1b: Calyrex|Protect|p1b: Calyrex
|-singleturn|p1b: Calyrex|Protect
|move|p2b: Fezandipiti|Light Screen|p2b: Fezandipiti
|-sidestart|p2: Royal_Rumpus|move: Light Screen
|move|p2a: Groudon|Precipice Blades|p1a: Incineroar|[spread] p1a
|-activate|p1b: Calyrex|move: Protect
|-resisted|p1a: Incineroar
|-damage|p1a: Incineroar|72/100
|move|p1a: Incineroar|Parting Shot|p2b: Fezandipiti
|-unboost|p2b: Fezandipiti|atk|1
|-unboost|p2b: Fezandipiti|spa|1
|
|t:|1750709774
|switch|p1a: Ninetales|Ninetales-Alola, L50, F, shiny|100/100|[from] Parting Shot
|-weather|Snowscape|[from] ability: Snow Warning|[of] p1a: Ninetales
|
|-weather|Snowscape|[upkeep]
|upkeep
|turn|3
|
|t:|1750709787
|-terastallize|p2a: Groudon|Fire
|move|p2b: Fezandipiti|Roost|p2b: Fezandipiti
|-heal|p2b: Fezandipiti|99/100
|-singleturn|p2b: Fezandipiti|move: Roost
|move|p1b: Calyrex|Astral Barrage|p2b: Fezandipiti|[spread] p2a,p2b
|-damage|p2a: Groudon|66/100
|-damage|p2b: Fezandipiti|67/100
|move|p2a: Groudon|Rock Slide|p1b: Calyrex|[spread] p1a,p1b
|-supereffective|p1a: Ninetales
|-damage|p1a: Ninetales|55/100
|-damage|p1b: Calyrex|71/100
|move|p1a: Ninetales|Aurora Veil|p1a: Ninetales
|-sidestart|p1: abidan40|move: Aurora Veil
|
|-weather|Snowscape|[upkeep]
|upkeep
|turn|4
|inactive|abidan40 has 30 seconds left.
|inactive|Royal_Rumpus has 30 seconds left.
|inactive|abidan40 has 20 seconds left.
|
|t:|1750709823
|move|p1b: Calyrex|Protect|p1b: Calyrex
|-singleturn|p1b: Calyrex|Protect
|move|p2b: Fezandipiti|Dazzling Gleam|p1a: Ninetales|[spread] p1a
|-activate|p1b: Calyrex|move: Protect
|-damage|p1a: Ninetales|47/100
|move|p2a: Groudon|Precipice Blades|p1a: Ninetales|[spread] p1a
|-activate|p1b: Calyrex|move: Protect
|-damage|p1a: Ninetales|7/100
|move|p1a: Ninetales|Encore|p2b: Fezandipiti
|-start|p2b: Fezandipiti|Encore
|
|-weather|Snowscape|[upkeep]
|-sideend|p2: Royal_Rumpus|move: Tailwind
|upkeep
|turn|5
|
|t:|1750709841
|move|p1b: Calyrex|Astral Barrage|p2a: Groudon|[spread] p2a,p2b
|-damage|p2a: Groudon|33/100
|-damage|p2b: Fezandipiti|30/100
|move|p1a: Ninetales|Icy Wind|p2a: Groudon|[spread] p2a,p2b
|-resisted|p2a: Groudon
|-damage|p2a: Groudon|28/100
|-damage|p2b: Fezandipiti|20/100
|move|p2b: Fezandipiti|Dazzling Gleam|p1b: Calyrex|[spread] p1a,p1b
|-damage|p1a: Ninetales|0 fnt
|-damage|p1b: Calyrex|64/100
|-status|p1b: Calyrex|tox|[from] ability: Toxic Chain|[of] p2b: Fezandipiti
|faint|p1a: Ninetales
|move|p2a: Groudon|Precipice Blades|p1b: Calyrex|[miss]
|-miss|p2a: Groudon|p1b: Calyrex
|
|-weather|Snowscape|[upkeep]
|-damage|p1b: Calyrex|58/100 tox|[from] psn
|upkeep
|
|t:|1750709857
|switch|p1a: Kyurem|Kyurem-Black, L50|100/100
|-ability|p1a: Kyurem|Teravolt
|turn|6
|
|t:|1750709873
|move|p2a: Groudon|Protect|p2a: Groudon
|-singleturn|p2a: Groudon|Protect
|move|p1b: Calyrex|Astral Barrage|p2a: Groudon|[spread] p2b
|-activate|p2a: Groudon|move: Protect
|-damage|p2b: Fezandipiti|0 fnt
|faint|p2b: Fezandipiti
|-ability|p1b: Calyrex|Grim Neigh|boost
|-boost|p1b: Calyrex|spa|1
|move|p1a: Kyurem|Dragon Dance|p1a: Kyurem
|-boost|p1a: Kyurem|atk|1
|-boost|p1a: Kyurem|spe|1
|
|-weather|none
|-damage|p1b: Calyrex|47/100 tox|[from] psn
|-sideend|p2: Royal_Rumpus|move: Light Screen
|upkeep
|
|t:|1750709880
|switch|p2b: Rillaboom|Rillaboom, L50, M|100/100
|-fieldstart|move: Grassy Terrain|[from] ability: Grassy Surge|[of] p2b: Rillaboom
|turn|7
|
|t:|1750709901
|move|p2b: Rillaboom|Fake Out|p1a: Kyurem
|-damage|p1a: Kyurem|91/100
|cant|p1a: Kyurem|flinch
|move|p1b: Calyrex|Astral Barrage|p2a: Groudon|[spread] p2a,p2b
|-damage|p2a: Groudon|0 fnt
|-damage|p2b: Rillaboom|32/100
|faint|p2a: Groudon
|-ability|p1b: Calyrex|Grim Neigh|boost
|-boost|p1b: Calyrex|spa|1
|
|-heal|p1a: Kyurem|97/100|[from] Grassy Terrain
|-heal|p1b: Calyrex|52/100 tox|[from] Grassy Terrain
|-heal|p2b: Rillaboom|38/100|[from] Grassy Terrain
|-damage|p1b: Calyrex|35/100 tox|[from] psn
|upkeep
|
|t:|1750709910
|switch|p2a: Calyrex|Calyrex-Shadow, L50|100/100
|-ability|p2a: Calyrex|As One
|-ability|p2a: Calyrex|Unnerve
|turn|8
|
|t:|1750709930
|move|p2b: Rillaboom|Grassy Glide|p1b: Calyrex
|-damage|p1b: Calyrex|2/100 tox
|move|p1a: Kyurem|Icicle Spear|p2a: Calyrex
|-damage|p2a: Calyrex|70/100
|-damage|p2a: Calyrex|42/100
|-damage|p2a: Calyrex|9/100
|-damage|p2a: Calyrex|0 fnt
|faint|p2a: Calyrex
|-hitcount|p2: Calyrex|4
|move|p1b: Calyrex|Astral Barrage|p2b: Rillaboom
|-damage|p2b: Rillaboom|0 fnt
|faint|p2b: Rillaboom
|
|win|abidan40
|raw|abidan40's rating: 1205 &rarr; <strong>1230</strong><br />(+25 for winning)
|raw|Royal_Rumpus's rating: 1209 &rarr; <strong>1184</strong><br />(-25 for losing)
|l|☆Royal_Rumpus
|player|p2|
