|j|☆asmr_vampir
|j|☆Prankster159
|t:|1750766856
|gametype|doubles
|player|p1|asmr_vampir|265|1245
|player|p2|Prankster159|170|1302
|teamsize|p1|6
|teamsize|p2|6
|gen|9
|tier|[Gen 9] VGC 2025 Reg I
|rated|
|rule|Species Clause: Limit one of each Pokémon
|rule|Item Clause: Limit 1 of each item
|clearpoke
|poke|p1|Calyrex-Shadow, L50|
|poke|p1|Tatsugiri, L50, F|
|poke|p1|Dondozo, L50, F|
|poke|p1|Incineroar, L50, M|
|poke|p1|Weezing, L50, F|
|poke|p1|Zamazenta-*, L50|
|poke|p2|Calyrex-Ice, L50|
|poke|p2|Miraidon, L50|
|poke|p2|Grimmsnarl, L50, M|
|poke|p2|Urshifu-*, L50, F|
|poke|p2|Incineroar, L50, F|
|poke|p2|Landorus, L50, M|
|teampreview|4
|inactive|Battle timer is ON: inactive players will automatically lose when time's up. (requested by Prankster159)
|
|t:|1750766876
|start
|switch|p1a: Calyrex|Calyrex-Shadow, L50|100/100
|switch|p1b: Weezing|Weezing, L50, F|100/100
|switch|p2a: Incineroar|Incineroar, L50, F|100/100
|switch|p2b: Grimmsnarl|Grimmsnarl, L50, M|100/100
|-ability|p1b: Weezing|Neutralizing Gas
|-ability|p1a: Calyrex|As One
|-ability|p1a: Calyrex|Unnerve
|turn|1
|inactive|Prankster159 has 30 seconds left.
|
|t:|1750766905
|move|p1a: Calyrex|Nasty Plot|p1a: Calyrex
|-boost|p1a: Calyrex|spa|2
|move|p2a: Incineroar|Knock Off|p1a: Calyrex
|-supereffective|p1a: Calyrex
|-enditem|p1a: Calyrex|Focus Sash
|-damage|p1a: Calyrex|1/100
|move|p2b: Grimmsnarl|Light Screen|p2b: Grimmsnarl
|-sidestart|p2: Prankster159|move: Light Screen
|move|p1b: Weezing|Toxic Spikes|p2b: Grimmsnarl
|-sidestart|p2: Prankster159|move: Toxic Spikes
|
|upkeep
|turn|2
|inactive|asmr_vampir has 30 seconds left.
|
|t:|1750766935
|move|p1a: Calyrex|Protect|p1a: Calyrex
|-singleturn|p1a: Calyrex|Protect
|move|p2a: Incineroar|Knock Off|p1b: Weezing
|-damage|p1b: Weezing|67/100
|-enditem|p1b: Weezing|Mental Herb|[from] move: Knock Off|[of] p2a: Incineroar
|move|p2b: Grimmsnarl|Thunder Wave|p1a: Calyrex
|-activate|p1a: Calyrex|move: Protect
|move|p1b: Weezing|Sludge Bomb|p2b: Grimmsnarl
|-supereffective|p2b: Grimmsnarl
|-damage|p2b: Grimmsnarl|66/100
|
|upkeep
|turn|3
|
|t:|1750766957
|-terastallize|p1a: Calyrex|Fairy
|move|p1a: Calyrex|Draining Kiss|p2b: Grimmsnarl
|-supereffective|p2b: Grimmsnarl
|-damage|p2b: Grimmsnarl|0 fnt
|-heal|p1a: Calyrex|58/100|[from] drain|[of] p2b: Grimmsnarl
|faint|p2b: Grimmsnarl
|-ability|p1a: Calyrex|Grim Neigh|boost
|-boost|p1a: Calyrex|spa|1
|move|p2a: Incineroar|Knock Off|p1a: Calyrex
|-resisted|p1a: Calyrex
|-damage|p1a: Calyrex|42/100
|move|p1b: Weezing|Sludge Bomb|p2a: Incineroar
|-crit|p2a: Incineroar
|-damage|p2a: Incineroar|75/100
|
|upkeep
|
|t:|1750766970
|switch|p2b: Calyrex|Calyrex-Ice, L50|100/100
|-ability|p2b: Calyrex|As One
|-ability|p2b: Calyrex|Unnerve
|-status|p2b: Calyrex|psn
|turn|4
|
|t:|1750766983
|move|p1a: Calyrex|Draining Kiss|p2a: Incineroar
|-damage|p2a: Incineroar|31/100
|-heal|p1a: Calyrex|79/100|[from] drain|[of] p2a: Incineroar
|move|p2a: Incineroar|Flare Blitz|p1a: Calyrex
|-damage|p1a: Calyrex|20/100
|-damage|p2a: Incineroar|13/100|[from] Recoil
|move|p1b: Weezing|Taunt|p2b: Calyrex
|-start|p2b: Calyrex|move: Taunt
|cant|p2b: Calyrex|move: Taunt|Trick Room
|
|-damage|p2b: Calyrex|88/100 psn|[from] psn
|upkeep
|turn|5
|-message|Prankster159 forfeited.
|
|win|asmr_vampir
|raw|asmr_vampir's rating: 1245 &rarr; <strong>1274</strong><br />(+29 for winning)
|raw|Prankster159's rating: 1302 &rarr; <strong>1279</strong><br />(-23 for losing)
|l|☆Prankster159
|player|p2|
|l|☆asmr_vampir
|player|p1|
