|j|☆goodnightnow
|j|☆kfjtdhynd
|t:|1750718182
|gametype|doubles
|player|p1|goodnightnow|psychic-gen4|1142
|player|p2|kfjtdhynd|1|1103
|teamsize|p1|6
|teamsize|p2|6
|gen|9
|tier|[Gen 9] VGC 2025 Reg I
|rated|
|rule|Species Clause: Limit one of each Pokémon
|rule|Item Clause: Limit 1 of each item
|clearpoke
|poke|p1|Groudon, L50|
|poke|p1|Zacian-*, L50|
|poke|p1|Brute Bonnet, L50|
|poke|p1|Urshifu-*, L50, M|
|poke|p1|Jumpluff, L50, M|
|poke|p1|Torracat, L50, F|
|poke|p2|Lunala, L50|
|poke|p2|Ursaluna, L50, F|
|poke|p2|Incineroar, L50, F|
|poke|p2|Rillaboom, L50, M|
|poke|p2|Calyrex-Ice, L50|
|poke|p2|Urshifu-*, L50, M|
|teampreview|4
|inactive|Battle timer is ON: inactive players will automatically lose when time's up. (requested by kfjtdhynd)
|inactive|goodnightnow also wants the timer to be on.
|inactive|goodnightnow has 60 seconds left.
|
|t:|1750718231
|start
|switch|p1a: Zacian|Zacian-Crowned, L50|100/100
|switch|p1b: Urshifu|Urshifu, L50, M|100/100
|switch|p2a: Incineroar|Incineroar, L50, F|100/100
|switch|p2b: Calyrex|Calyrex-Ice, L50|100/100
|-ability|p2b: Calyrex|As One
|-ability|p2b: Calyrex|Unnerve
|-ability|p1a: Zacian|Intrepid Sword|boost
|-boost|p1a: Zacian|atk|1
|-ability|p2a: Incineroar|Intimidate|boost
|-unboost|p1a: Zacian|atk|1
|-unboost|p1b: Urshifu|atk|1
|turn|1
|
|t:|1750718251
|-terastallize|p2b: Calyrex|Grass
|move|p2a: Incineroar|Fake Out|p1a: Zacian
|-resisted|p1a: Zacian
|-damage|p1a: Zacian|95/100
|cant|p1a: Zacian|flinch
|move|p1b: Urshifu|Wicked Blow|p2b: Calyrex
|-crit|p2b: Calyrex
|-damage|p2b: Calyrex|58/100
|move|p2b: Calyrex|Trick Room|p2b: Calyrex
|-fieldstart|move: Trick Room|[of] p2b: Calyrex
|
|upkeep
|turn|2
|
|t:|1750718270
|move|p2b: Calyrex|High Horsepower|p1b: Urshifu
|-damage|p1b: Urshifu|55/100
|move|p2a: Incineroar|Flare Blitz|p1b: Urshifu
|-crit|p1b: Urshifu
|-damage|p1b: Urshifu|0 fnt
|faint|p1b: Urshifu
|-damage|p2a: Incineroar|85/100|[from] Recoil
|move|p1a: Zacian|Behemoth Blade|p2b: Calyrex
|-damage|p2b: Calyrex|26/100
|
|upkeep
|
|t:|1750718290
|switch|p1b: Torracat|Torracat, L50, F|100/100
|-ability|p1b: Torracat|Intimidate|boost
|-unboost|p2a: Incineroar|atk|1
|-fail|p2b: Calyrex|unboost|[from] item: Clear Amulet|[of] p2b: Calyrex
|turn|3
|
|t:|1750718300
|move|p1b: Torracat|Fake Out|p2b: Calyrex
|-damage|p2b: Calyrex|19/100
|cant|p2b: Calyrex|flinch
|move|p2a: Incineroar|Parting Shot|p1a: Zacian
|-unboost|p1a: Zacian|atk|1
|-unboost|p1a: Zacian|spa|1
|
|t:|1750718302
|switch|p2a: Lunala|Lunala, L50|100/100|[from] Parting Shot
|move|p1a: Zacian|Sacred Sword|p2a: Lunala
|-immune|p2a: Lunala
|
|upkeep
|turn|4
|
|t:|1750718317
|switch|p2b: Incineroar|Incineroar, L50, F|85/100
|-ability|p2b: Incineroar|Intimidate|boost
|-unboost|p1a: Zacian|atk|1
|-unboost|p1b: Torracat|atk|1
|move|p1b: Torracat|Crunch|p2a: Lunala
|-supereffective|p2a: Lunala
|-damage|p2a: Lunala|77/100
|move|p2a: Lunala|Meteor Beam||[still]
|-prepare|p2a: Lunala|Meteor Beam
|-boost|p2a: Lunala|spa|1
|-enditem|p2a: Lunala|Power Herb
|-anim|p2a: Lunala|Meteor Beam|p1b: Torracat|[miss]
|-miss|p2a: Lunala|p1b: Torracat
|move|p1a: Zacian|Behemoth Blade|p2b: Incineroar
|-resisted|p2b: Incineroar
|-damage|p2b: Incineroar|72/100
|
|upkeep
|turn|5
|-message|goodnightnow forfeited.
|
|win|kfjtdhynd
|raw|goodnightnow's rating: 1142 &rarr; <strong>1114</strong><br />(-28 for losing)
|raw|kfjtdhynd's rating: 1103 &rarr; <strong>1131</strong><br />(+28 for winning)
|l|☆goodnightnow
|player|p1|
|l|☆kfjtdhynd
|player|p2|
