|j|☆sullayee
|j|☆meotachuldong
|t:|1750711985
|gametype|doubles
|player|p1|sullayee|102|1394
|player|p2|meotachuldong|twins-gen4dp|1391
|teamsize|p1|6
|teamsize|p2|6
|gen|9
|tier|[Gen 9] VGC 2025 Reg I
|rated|
|rule|Species Clause: Limit one of each Pokémon
|rule|Item Clause: Limit 1 of each item
|clearpoke
|poke|p1|Koraidon, L50|
|poke|p1|Incineroar, L50, M|
|poke|p1|Calyrex-Shadow, L50|
|poke|p1|Whimsicott, L50, F|
|poke|p1|Volcarona, L50, F|
|poke|p1|Rillaboom, L50, F|
|poke|p2|Calyrex-Shadow, L50|
|poke|p2|Incineroar, L50, M|
|poke|p2|Ogerpon-Wellspring, L50, F|
|poke|p2|Rillaboom, L50, F|
|poke|p2|Zamazenta-*, L50|
|poke|p2|Raging Bolt, L50|
|teampreview|4
|inactive|Battle timer is ON: inactive players will automatically lose when time's up. (requested by sullayee)
|inactive|sullayee has 60 seconds left.
|inactive|meotachuldong has 60 seconds left.
|inactive|meotachuldong has 30 seconds left.
|
|t:|1750712047
|start
|switch|p1a: Whimsicott|Whimsicott, L50, F|100/100
|switch|p1b: Calyrex|Calyrex-Shadow, L50|100/100
|switch|p2a: Irving|Calyrex-Shadow, L50|100/100
|switch|p2b: Gafford|Incineroar, L50, M|100/100
|-ability|p2a: Irving|As One
|-ability|p2a: Irving|Unnerve
|-ability|p1b: Calyrex|As One
|-ability|p1b: Calyrex|Unnerve
|-ability|p2b: Gafford|Intimidate|boost
|-unboost|p1a: Whimsicott|atk|1
|-unboost|p1b: Calyrex|atk|1
|turn|1
|
|t:|1750712067
|-terastallize|p2a: Irving|Dark
|move|p1b: Calyrex|Protect|p1b: Calyrex
|-singleturn|p1b: Calyrex|Protect
|move|p1a: Whimsicott|Tailwind|p1a: Whimsicott
|-sidestart|p1: sullayee|move: Tailwind
|move|p2a: Irving|Astral Barrage|p1b: Calyrex|[spread] p1a
|-activate|p1b: Calyrex|move: Protect
|-enditem|p1a: Whimsicott|Focus Sash
|-damage|p1a: Whimsicott|1/100
|-damage|p2a: Irving|91/100|[from] item: Life Orb
|move|p2b: Gafford|Parting Shot|p1b: Calyrex
|-activate|p1b: Calyrex|move: Protect
|
|upkeep
|turn|2
|inactive|meotachuldong has 30 seconds left.
|
|t:|1750712092
|-terastallize|p1b: Calyrex|Dark
|move|p1a: Whimsicott|Endeavor|p2b: Gafford
|-damage|p2b: Gafford|1/100
|-damage|p1a: Whimsicott|0 fnt|[from] item: Rocky Helmet|[of] p2b: Gafford
|faint|p1a: Whimsicott
|move|p1b: Calyrex|Astral Barrage|p2a: Irving|[spread] p2a,p2b
|-resisted|p2a: Irving
|-resisted|p2b: Gafford
|-damage|p2a: Irving|53/100
|-damage|p2b: Gafford|0 fnt
|faint|p2b: Gafford
|-ability|p1b: Calyrex|Grim Neigh|boost
|-boost|p1b: Calyrex|spa|1
|-damage|p1b: Calyrex|90/100|[from] item: Life Orb
|move|p2a: Irving|Astral Barrage|p1b: Calyrex
|-resisted|p1b: Calyrex
|-damage|p1b: Calyrex|50/100
|-damage|p2a: Irving|44/100|[from] item: Life Orb
|
|upkeep
|inactive|sullayee has 30 seconds left.
|
|t:|1750712122
|switch|p1a: Koraidon|Koraidon, L50|100/100
|switch|p2b: Flagg|Zamazenta-Crowned, L50|100/100
|-weather|SunnyDay|[from] ability: Orichalcum Pulse|[of] p1a: Koraidon
|-activate|p1a: Koraidon|Orichalcum Pulse|[source]
|-ability|p2b: Flagg|Dauntless Shield|boost
|-boost|p2b: Flagg|def|1
|turn|3
|inactive|sullayee has 30 seconds left.
|inactive|sullayee has 20 seconds left.
|
|t:|1750712161
|move|p1b: Calyrex|Protect|p1b: Calyrex
|-singleturn|p1b: Calyrex|Protect
|move|p1a: Koraidon|Flare Blitz|p2b: Flagg
|-supereffective|p2b: Flagg
|-damage|p2b: Flagg|3/100
|-damage|p1a: Koraidon|66/100|[from] Recoil
|move|p2a: Irving|Astral Barrage|p1b: Calyrex|[spread] p1a
|-activate|p1b: Calyrex|move: Protect
|-damage|p1a: Koraidon|0 fnt
|faint|p1a: Koraidon
|-ability|p2a: Irving|Grim Neigh|boost
|-boost|p2a: Irving|spa|1
|-damage|p2a: Irving|34/100|[from] item: Life Orb
|move|p2b: Flagg|Body Press|p1b: Calyrex
|-activate|p1b: Calyrex|move: Protect
|
|-weather|SunnyDay|[upkeep]
|upkeep
|
|t:|1750712178
|switch|p1a: Volcarona|Volcarona, L50, F|100/100
|turn|4
|
|t:|1750712197
|move|p2b: Flagg|Wide Guard|p2b: Flagg
|-singleturn|p2b: Flagg|Wide Guard
|move|p1b: Calyrex|Dark Pulse|p2b: Flagg
|-resisted|p2b: Flagg
|-damage|p2b: Flagg|0 fnt
|faint|p2b: Flagg
|-ability|p1b: Calyrex|Grim Neigh|boost
|-boost|p1b: Calyrex|spa|1
|-damage|p1b: Calyrex|40/100|[from] item: Life Orb
|move|p1a: Volcarona|Fiery Dance|p2a: Irving
|-damage|p2a: Irving|0 fnt
|-boost|p1a: Volcarona|spa|1
|faint|p2a: Irving
|
|-weather|SunnyDay|[upkeep]
|-sideend|p1: sullayee|move: Tailwind
|upkeep
|
|t:|1750712209
|switch|p2b: Christie|Raging Bolt, L50|100/100
|-activate|p2b: Christie|ability: Protosynthesis
|-start|p2b: Christie|protosynthesisspa
|turn|5
|
|t:|1750712221
|move|p1b: Calyrex|Protect|p1b: Calyrex
|-singleturn|p1b: Calyrex|Protect
|move|p1a: Volcarona|Quiver Dance|p1a: Volcarona
|-boost|p1a: Volcarona|spa|1
|-boost|p1a: Volcarona|spd|1
|-boost|p1a: Volcarona|spe|1
|move|p2b: Christie|Draco Meteor|p1a: Volcarona
|-damage|p1a: Volcarona|36/100
|-unboost|p2b: Christie|spa|2
|
|-weather|SunnyDay|[upkeep]
|-heal|p1a: Volcarona|43/100|[from] item: Leftovers
|upkeep
|turn|6
|inactive|sullayee has 30 seconds left.
|
|t:|1750712248
|move|p1a: Volcarona|Fiery Dance|p2b: Christie
|-resisted|p2b: Christie
|-damage|p2b: Christie|46/100
|move|p1b: Calyrex|Astral Barrage|p2b: Christie
|-damage|p2b: Christie|0 fnt
|faint|p2b: Christie
|-end|p2b: Christie|Protosynthesis|[silent]
|-damage|p1b: Calyrex|30/100|[from] item: Life Orb
|
|win|sullayee
|raw|sullayee's rating: 1394 &rarr; <strong>1415</strong><br />(+21 for winning)
|raw|meotachuldong's rating: 1412 &rarr; <strong>1391</strong><br />(-21 for losing)
