|j|☆klkir
|j|☆maxgarg
|t:|1750868185
|gametype|doubles
|player|p1|klkir|unknown|1265
|player|p2|maxgarg|101|1222
|teamsize|p1|6
|teamsize|p2|6
|gen|9
|tier|[Gen 9] VGC 2025 Reg I
|rated|
|rule|Species Clause: Limit one of each Pokémon
|rule|Item Clause: Limit 1 of each item
|clearpoke
|poke|p1|Calyrex-Shadow, L50|
|poke|p1|Terapagos, L50, M|
|poke|p1|Incineroar, L50, F|
|poke|p1|Ogerpon-Cornerstone, L50, F|
|poke|p1|Rillaboom, L50, M|
|poke|p1|Amoonguss, L50, M|
|poke|p2|Calyrex-Ice, L50|
|poke|p2|Miraidon, L50|
|poke|p2|Grimmsnarl, L50, M|
|poke|p2|Urshifu-*, L50, F|
|poke|p2|Incineroar, L50, F|
|poke|p2|Landorus, L50, M|
|teampreview|4
|inactive|Battle timer is ON: inactive players will automatically lose when time's up. (requested by klkir)
|
|t:|1750868209
|start
|switch|p1a: Incineroar|Incineroar, L50, F, shiny|100/100
|switch|p1b: Amoonguss|Amoonguss, L50, M|100/100
|switch|p2a: Incineroar|Incineroar, L50, F|100/100
|switch|p2b: Grimmsnarl|Grimmsnarl, L50, M|100/100
|-ability|p2a: Incineroar|Intimidate|boost
|-unboost|p1a: Incineroar|atk|1
|-unboost|p1b: Amoonguss|atk|1
|-ability|p1a: Incineroar|Intimidate|boost
|-unboost|p2a: Incineroar|atk|1
|-unboost|p2b: Grimmsnarl|atk|1
|turn|1
|inactive|maxgarg has 30 seconds left.
|inactive|maxgarg has 20 seconds left.
|inactive|maxgarg has 15 seconds left.
|inactive|maxgarg has 10 seconds left.
|inactive|maxgarg has 5 seconds left.
|
|t:|1750868260
|move|p1a: Incineroar|Fake Out|p2b: Grimmsnarl
|-damage|p2b: Grimmsnarl|94/100
|cant|p2b: Grimmsnarl|flinch
|move|p2a: Incineroar|U-turn|p1a: Incineroar
|-damage|p1a: Incineroar|91/100
|
|t:|1750868267
|switch|p2a: Calyrex|Calyrex-Ice, L50|100/100|[from] U-turn
|-ability|p2a: Calyrex|As One
|-ability|p2a: Calyrex|Unnerve
|move|p1b: Amoonguss|Spore|p2b: Grimmsnarl
|-status|p2b: Grimmsnarl|slp|[from] move: Spore
|
|upkeep
|turn|2
|
|t:|1750868280
|switch|p1b: Terapagos|Terapagos, L50, M|100/100
|-activate|p1b: Terapagos|ability: Tera Shift
|detailschange|p1b: Terapagos|Terapagos-Terastal, L50, M
|-heal|p1b: Terapagos|100/100|[silent]
|cant|p2b: Grimmsnarl|slp
|move|p1a: Incineroar|Flare Blitz|p2a: Calyrex
|-supereffective|p2a: Calyrex
|-damage|p2a: Calyrex|63/100
|-damage|p1a: Incineroar|78/100|[from] Recoil
|move|p2a: Calyrex|Trick Room|p2a: Calyrex
|-fieldstart|move: Trick Room|[of] p2a: Calyrex
|
|-heal|p2a: Calyrex|69/100|[from] item: Leftovers
|upkeep
|turn|3
|inactive|maxgarg has 30 seconds left.
|
|t:|1750868311
|switch|p1a: Rillaboom|Rillaboom, L50, M|100/100
|-fieldstart|move: Grassy Terrain|[from] ability: Grassy Surge|[of] p1a: Rillaboom
|-terastallize|p2a: Calyrex|Water
|cant|p2b: Grimmsnarl|slp
|move|p2a: Calyrex|Leech Seed|p1b: Terapagos
|-start|p1b: Terapagos|move: Leech Seed
|move|p1b: Terapagos|Calm Mind|p1b: Terapagos
|-boost|p1b: Terapagos|spa|1
|-boost|p1b: Terapagos|spd|1
|
|-heal|p2a: Calyrex|74/100|[from] Grassy Terrain
|-heal|p2a: Calyrex|80/100|[from] item: Leftovers
|-heal|p2b: Grimmsnarl|99/100 slp|[from] Grassy Terrain
|-damage|p1b: Terapagos|88/100|[from] Leech Seed|[of] p2a: Calyrex
|-heal|p2a: Calyrex|92/100|[silent]
|upkeep
|turn|4
|
|t:|1750868332
|-terastallize|p1b: Terapagos|Stellar
|detailschange|p1b: Terapagos|Terapagos-Stellar, L50, M, tera:Stellar
|-heal|p1b: Terapagos|91/100|[silent]
|-ability|p1b: Terapagos|Teraform Zero
|-fieldend|move: Grassy Terrain
|move|p1a: Rillaboom|Fake Out|p2a: Calyrex
|-damage|p2a: Calyrex|84/100
|cant|p2b: Grimmsnarl|slp
|cant|p2a: Calyrex|flinch
|move|p1b: Terapagos|Tera Starstorm|p2b: Grimmsnarl|[spread] p2a,p2b
|-supereffective|p2a: Calyrex
|-damage|p2a: Calyrex|21/100
|-damage|p2b: Grimmsnarl|47/100 slp
|
|-heal|p2a: Calyrex|27/100|[from] item: Leftovers
|-heal|p1b: Terapagos|97/100|[from] item: Leftovers
|-damage|p1b: Terapagos|85/100|[from] Leech Seed|[of] p2a: Calyrex
|-heal|p2a: Calyrex|43/100|[silent]
|upkeep
|turn|5
|
|t:|1750868353
|switch|p1a: Incineroar|Incineroar, L50, F, shiny|78/100
|-ability|p1a: Incineroar|Intimidate|boost
|-unboost|p2a: Calyrex|atk|1
|-unboost|p2b: Grimmsnarl|atk|1
|move|p2a: Calyrex|Protect|p2a: Calyrex
|-singleturn|p2a: Calyrex|Protect
|-curestatus|p2b: Grimmsnarl|slp|[msg]
|move|p2b: Grimmsnarl|Reflect|p2b: Grimmsnarl
|-sidestart|p2: maxgarg|Reflect
|move|p1b: Terapagos|Tera Starstorm|p2b: Grimmsnarl|[spread] p2b
|-activate|p2a: Calyrex|move: Protect
|-damage|p2b: Grimmsnarl|0 fnt
|faint|p2b: Grimmsnarl
|
|-heal|p2a: Calyrex|48/100|[from] item: Leftovers
|-heal|p1b: Terapagos|91/100|[from] item: Leftovers
|-damage|p1b: Terapagos|79/100|[from] Leech Seed|[of] p2a: Calyrex
|-heal|p2a: Calyrex|64/100|[silent]
|upkeep
|
|t:|1750868366
|switch|p2b: Urshifu|Urshifu-Rapid-Strike, L50, F|100/100
|turn|6
|
|t:|1750868378
|switch|p2b: Incineroar|Incineroar, L50, F|100/100
|-ability|p2b: Incineroar|Intimidate|boost
|-unboost|p1a: Incineroar|atk|1
|-unboost|p1b: Terapagos|atk|1
|move|p1a: Incineroar|Fake Out|p2a: Calyrex
|-damage|p2a: Calyrex|61/100
|cant|p2a: Calyrex|flinch
|move|p1b: Terapagos|Tera Starstorm|p2a: Calyrex|[spread] p2a,p2b
|-supereffective|p2a: Calyrex
|-damage|p2a: Calyrex|0 fnt
|-damage|p2b: Incineroar|67/100
|faint|p2a: Calyrex
|
|-heal|p1b: Terapagos|85/100|[from] item: Leftovers
|-fieldend|move: Trick Room
|upkeep
|
|t:|1750868388
|switch|p2a: Urshifu|Urshifu-Rapid-Strike, L50, F|100/100
|turn|7
|
|t:|1750868403
|switch|p1a: Rillaboom|Rillaboom, L50, M|100/100
|-fieldstart|move: Grassy Terrain|[from] ability: Grassy Surge|[of] p1a: Rillaboom
|move|p2b: Incineroar|Fake Out|p1a: Rillaboom
|-damage|p1a: Rillaboom|91/100
|move|p1b: Terapagos|Tera Starstorm|p2a: Urshifu|[spread] p2a,p2b
|-damage|p2a: Urshifu|37/100
|-damage|p2b: Incineroar|30/100
|move|p2a: Urshifu|Surging Strikes|p1b: Terapagos
|-crit|p1b: Terapagos
|-damage|p1b: Terapagos|65/100
|-crit|p1b: Terapagos
|-damage|p1b: Terapagos|44/100
|-crit|p1b: Terapagos
|-damage|p1b: Terapagos|27/100
|-hitcount|p1b: Terapagos|3
|
|-heal|p1b: Terapagos|33/100|[from] Grassy Terrain
|-heal|p1b: Terapagos|39/100|[from] item: Leftovers
|-heal|p2b: Incineroar|36/100|[from] Grassy Terrain
|-heal|p2a: Urshifu|43/100|[from] Grassy Terrain
|-heal|p1a: Rillaboom|97/100|[from] Grassy Terrain
|-damage|p1b: Terapagos|27/100|[from] Leech Seed|[of] p2a: Urshifu
|-heal|p2a: Urshifu|60/100|[silent]
|upkeep
|turn|8
|-message|maxgarg forfeited.
|
|win|klkir
|raw|klkir's rating: 1265 &rarr; <strong>1287</strong><br />(+22 for winning)
|raw|maxgarg's rating: 1222 &rarr; <strong>1200</strong><br />(-22 for losing)
|l|☆maxgarg
|player|p2|
