|j|☆D3XT3R08
|j|☆Mameon
|t:|1750834147
|gametype|doubles
|player|p1|D3XT3R08|brock|1093
|player|p2|Mameon|red|1175
|teamsize|p1|6
|teamsize|p2|6
|gen|9
|tier|[Gen 9] VGC 2025 Reg I
|rated|
|rule|Species Clause: Limit one of each Pokémon
|rule|Item Clause: Limit 1 of each item
|clearpoke
|poke|p1|Ursaluna-Bloodmoon, L50, M|
|poke|p1|Zekrom, L50|
|poke|p1|Dialga, L50|
|poke|p1|Mesprit, L50|
|poke|p1|Moltres-Galar, L50|
|poke|p1|Enamorus-Therian, L50, F|
|poke|p2|Calyrex-Ice, L50|
|poke|p2|Scraggy, L50, M|
|poke|p2|Miraidon, L50|
|poke|p2|Farigiraf, L50, M|
|poke|p2|Iron Treads, L50|
|poke|p2|Iron Hands, L50|
|teampreview|4
|inactive|Battle timer is ON: inactive players will automatically lose when time's up. (requested by D3XT3R08)
|
|t:|1750834166
|start
|switch|p1a: Ursaluna|Ursaluna-Bloodmoon, L50, M|100/100
|switch|p1b: Zekrom|Zekrom, L50|100/100
|switch|p2a: Calyrex|Calyrex-Ice, L50|100/100
|switch|p2b: Scraggy|Scraggy, L50, M|100/100
|-ability|p2a: Calyrex|As One
|-ability|p2a: Calyrex|Unnerve
|-ability|p1b: Zekrom|Teravolt
|-ability|p2b: Scraggy|Intimidate|boost
|-unboost|p1a: Ursaluna|atk|1
|-unboost|p1b: Zekrom|atk|1
|turn|1
|inactive|D3XT3R08 has 30 seconds left.
|
|t:|1750834196
|move|p2b: Scraggy|Fake Out|p1b: Zekrom
|-damage|p1b: Zekrom|94/100
|cant|p1b: Zekrom|flinch
|move|p1a: Ursaluna|Blood Moon|p2a: Calyrex
|-damage|p2a: Calyrex|45/100
|move|p2a: Calyrex|Trick Room|p2a: Calyrex
|-fieldstart|move: Trick Room|[of] p2a: Calyrex
|
|-heal|p1b: Zekrom|99/100|[from] item: Leftovers
|upkeep
|turn|2
|inactive|D3XT3R08 has 30 seconds left.
|
|t:|1750834228
|move|p1b: Zekrom|Protect|p1b: Zekrom
|-singleturn|p1b: Zekrom|Protect
|move|p1a: Ursaluna|Vacuum Wave|p2a: Calyrex
|-damage|p2a: Calyrex|36/100
|move|p2b: Scraggy|Foul Play|p1a: Ursaluna
|-damage|p1a: Ursaluna|92/100
|move|p2a: Calyrex|Glacial Lance|p1a: Ursaluna|[spread] p1a
|-activate|p1b: Zekrom|move: Protect
|-supereffective|p1a: Ursaluna
|-damage|p1a: Ursaluna|6/100
|
|-heal|p1b: Zekrom|100/100|[from] item: Leftovers
|upkeep
|turn|3
|inactive|Mameon has 30 seconds left.
|
|t:|1750834254
|move|p2a: Calyrex|Protect|p2a: Calyrex
|-singleturn|p2a: Calyrex|Protect
|move|p2b: Scraggy|Coaching|p2a: Calyrex
|-boost|p2a: Calyrex|atk|1
|-boost|p2a: Calyrex|def|1
|move|p1a: Ursaluna|Blood Moon|p2a: Calyrex
|-activate|p2a: Calyrex|move: Protect
|move|p1b: Zekrom|Bolt Strike|p2b: Scraggy
|-damage|p2b: Scraggy|52/100
|
|upkeep
|turn|4
|
|t:|1750834273
|move|p2b: Scraggy|Endeavor|p1b: Zekrom
|-damage|p1b: Zekrom|38/100
|move|p2a: Calyrex|Glacial Lance|p1a: Ursaluna|[spread] p1a,p1b
|-supereffective|p1a: Ursaluna
|-supereffective|p1b: Zekrom
|-damage|p1a: Ursaluna|0 fnt
|-damage|p1b: Zekrom|0 fnt
|faint|p1a: Ursaluna
|faint|p1b: Zekrom
|-ability|p2a: Calyrex|Chilling Neigh|boost
|-boost|p2a: Calyrex|atk|2
|
|upkeep
|
|t:|1750834287
|switch|p1a: Mesprit|Mesprit, L50|100/100
|switch|p1b: Moltres|Moltres-Galar, L50|100/100
|turn|5
|inactive|D3XT3R08 has 30 seconds left.
|
|t:|1750834320
|-terastallize|p1b: Moltres|Dark
|move|p2b: Scraggy|Endeavor|p1b: Moltres
|-damage|p1b: Moltres|40/100
|-ability|p1b: Moltres|Berserk|boost
|-boost|p1b: Moltres|spa|1
|move|p2a: Calyrex|Glacial Lance|p1a: Mesprit|[spread] p1a,p1b
|-damage|p1a: Mesprit|0 fnt
|-damage|p1b: Moltres|0 fnt
|faint|p1a: Mesprit
|faint|p1b: Moltres
|
|win|Mameon
|raw|D3XT3R08's rating: 1093 &rarr; <strong>1075</strong><br />(-18 for losing)
|raw|Mameon's rating: 1175 &rarr; <strong>1194</strong><br />(+19 for winning)
|l|☆D3XT3R08
|player|p1|
