|j|☆thejigglypuff03
|j|☆Pantoskywalker
|t:|1750858789
|gametype|doubles
|player|p1|thejigglypuff03|266|1160
|player|p2|Pantoskywalker|265|1219
|teamsize|p1|6
|teamsize|p2|6
|gen|9
|tier|[Gen 9] VGC 2025 Reg I
|rated|
|rule|Species Clause: Limit one of each Pokémon
|rule|Item Clause: Limit 1 of each item
|clearpoke
|poke|p1|Calyrex-Ice, L50|
|poke|p1|Jigglypuff, L50, M|
|poke|p1|Miraidon, L50|
|poke|p1|Incineroar, L50, F|
|poke|p1|Ursaluna, L50, F|
|poke|p1|Flutter Mane, L50|
|poke|p2|Koraidon, L50|
|poke|p2|Terapagos, L50, M|
|poke|p2|Flutter Mane, L50|
|poke|p2|Rillaboom, L50, M|
|poke|p2|Incineroar, L50, M|
|poke|p2|Volcarona, L50, F|
|teampreview|4
Pantoskywalker has agreed to open team sheets.
|c|☆Pantoskywalker|glhf
|c|☆thejigglypuff03|glhf
thejigglypuff03 has agreed to open team sheets.
|showteam|p1|Calyrex-Ice||Leftovers|AsOneGlastrier|GlacialLance,LeechSeed,TrickRoom,Protect||||||50|,,,,,Water]Jigglypuff||Eviolite|FriendGuard|Protect,HelpingHand,HealPulse,PerishSong|||M|||50|,,,,,Normal]Miraidon||ChoiceSpecs|HadronEngine|ElectroDrift,DracoMeteor,VoltSwitch,DazzlingGleam||||||50|,,,,,Fairy]Incineroar||SafetyGoggles|Intimidate|FakeOut,KnockOff,FlareBlitz,PartingShot|||F|||50|,,,,,Bug]Ursaluna||FlameOrb|Guts|Protect,Facade,HeadlongRush,Earthquake|||F|||50|,,,,,Ghost]Flutter Mane||FocusSash|Protosynthesis|ShadowBall,Moonblast,IcyWind,Protect||||||50|,,,,,Normal
|showteam|p2|Koraidon||LifeOrb|OrichalcumPulse|CloseCombat,FlareBlitz,FlameCharge,Protect||||||50|,,,,,Fire]Terapagos||Leftovers|TeraShift|TeraStarstorm,CalmMind,EarthPower,Protect|||M|||50|,,,,,Stellar]Flutter Mane||FocusSash|Protosynthesis|Moonblast,ShadowBall,IcyWind,Protect||||||50|,,,,,Stellar]Rillaboom||AssaultVest|GrassySurge|GrassyGlide,WoodHammer,FakeOut,Uturn|||M|||50|,,,,,Poison]Incineroar||SafetyGoggles|Intimidate|KnockOff,FakeOut,Taunt,Uturn|||M|||50|,,,,,Ghost]Volcarona||RockyHelmet|FlameBody|StruggleBug,Overheat,RagePowder,MorningSun|||F|||50|,,,,,Grass
|
|t:|1750858843
|start
|switch|p1a: Jigglypuff|Jigglypuff, L50, M|100/100
|switch|p1b: Miraidon|Miraidon, L50|100/100
|switch|p2a: Terapagos|Terapagos, L50, M|100/100
|switch|p2b: Incineroar|Incineroar, L50, M|100/100
|-activate|p2a: Terapagos|ability: Tera Shift
|detailschange|p2a: Terapagos|Terapagos-Terastal, L50, M
|-heal|p2a: Terapagos|100/100|[silent]
|-fieldstart|move: Electric Terrain|[from] ability: Hadron Engine|[of] p1b: Miraidon
|-ability|p2b: Incineroar|Intimidate|boost
|-unboost|p1a: Jigglypuff|atk|1
|-unboost|p1b: Miraidon|atk|1
|turn|1
|
|t:|1750858864
|switch|p1b: Ursaluna|Ursaluna, L50, F|100/100
|move|p1a: Jigglypuff|Protect|p1a: Jigglypuff
|-singleturn|p1a: Jigglypuff|Protect
|move|p2b: Incineroar|Fake Out|p1b: Ursaluna
|-damage|p1b: Ursaluna|94/100
|move|p2a: Terapagos|Calm Mind|p2a: Terapagos
|-boost|p2a: Terapagos|spa|1
|-boost|p2a: Terapagos|spd|1
|
|-status|p1b: Ursaluna|brn|[from] item: Flame Orb
|upkeep
|turn|2
|
|t:|1750858902
|switch|p2b: Rillaboom|Rillaboom, L50, M|100/100
|-fieldstart|move: Grassy Terrain|[from] ability: Grassy Surge|[of] p2b: Rillaboom
|move|p1a: Jigglypuff|Helping Hand|p1b: Ursaluna
|-singleturn|p1b: Ursaluna|Helping Hand|[of] p1a: Jigglypuff
|move|p2a: Terapagos|Calm Mind|p2a: Terapagos
|-boost|p2a: Terapagos|spa|1
|-boost|p2a: Terapagos|spd|1
|move|p1b: Ursaluna|Facade|p2a: Terapagos
|-activate|p2a: Terapagos|ability: Tera Shell
|-resisted|p2a: Terapagos
|-damage|p2a: Terapagos|35/100
|
|-heal|p2a: Terapagos|42/100|[from] Grassy Terrain
|-heal|p2a: Terapagos|48/100|[from] item: Leftovers
|-heal|p1b: Ursaluna|99/100 brn|[from] Grassy Terrain
|-damage|p1b: Ursaluna|94/100 brn|[from] brn
|upkeep
|turn|3
|
|t:|1750858968
|-terastallize|p1b: Ursaluna|Ghost
|move|p1a: Jigglypuff|Protect|p1a: Jigglypuff
|-singleturn|p1a: Jigglypuff|Protect
|move|p2b: Rillaboom|Wood Hammer|p1b: Ursaluna
|-damage|p1b: Ursaluna|56/100 brn
|-damage|p2b: Rillaboom|87/100|[from] Recoil
|move|p2a: Terapagos|Tera Starstorm|p1a: Jigglypuff
|-activate|p1a: Jigglypuff|move: Protect
|move|p1b: Ursaluna|Facade|p2a: Terapagos
|-damage|p2a: Terapagos|0 fnt
|faint|p2a: Terapagos
|
|-heal|p2b: Rillaboom|93/100|[from] Grassy Terrain
|-heal|p1b: Ursaluna|62/100 brn|[from] Grassy Terrain
|-damage|p1b: Ursaluna|56/100 brn|[from] brn
|upkeep
|
|t:|1750858982
|switch|p2a: Koraidon|Koraidon, L50|100/100
|-weather|SunnyDay|[from] ability: Orichalcum Pulse|[of] p2a: Koraidon
|-activate|p2a: Koraidon|Orichalcum Pulse|[source]
|turn|4
|
|t:|1750859015
|-terastallize|p2a: Koraidon|Fire
|move|p2a: Koraidon|Flare Blitz|p1b: Ursaluna
|-damage|p1b: Ursaluna|0 fnt
|faint|p1b: Ursaluna
|-damage|p2a: Koraidon|77/100|[from] Recoil
|-damage|p2a: Koraidon|67/100|[from] item: Life Orb
|move|p2b: Rillaboom|U-turn|p1a: Jigglypuff
|-resisted|p1a: Jigglypuff
|-damage|p1a: Jigglypuff|84/100
|
|t:|1750859023
|switch|p2b: Incineroar|Incineroar, L50, M|100/100|[from] U-turn
|-ability|p2b: Incineroar|Intimidate|boost
|-unboost|p1a: Jigglypuff|atk|1
|move|p1a: Jigglypuff|Heal Pulse|p1: Ursaluna|[notarget]
|-fail|p1a: Jigglypuff
|
|-weather|SunnyDay|[upkeep]
|-heal|p2a: Koraidon|73/100|[from] Grassy Terrain
|-heal|p1a: Jigglypuff|90/100|[from] Grassy Terrain
|upkeep
|
|t:|1750859032
|switch|p1b: Calyrex|Calyrex-Ice, L50|100/100
|-ability|p1b: Calyrex|As One
|-ability|p1b: Calyrex|Unnerve
|turn|5
|
|t:|1750859053
|move|p1b: Calyrex|Protect|p1b: Calyrex
|-singleturn|p1b: Calyrex|Protect
|move|p2a: Koraidon|Flare Blitz|p1a: Jigglypuff
|-damage|p1a: Jigglypuff|0 fnt
|faint|p1a: Jigglypuff
|-damage|p2a: Koraidon|35/100|[from] Recoil
|-damage|p2a: Koraidon|26/100|[from] item: Life Orb
|move|p2b: Incineroar|Taunt|p1b: Calyrex
|-activate|p1b: Calyrex|move: Protect
|
|-weather|SunnyDay|[upkeep]
|-heal|p2a: Koraidon|31/100|[from] Grassy Terrain
|upkeep
|
|t:|1750859065
|switch|p1a: Miraidon|Miraidon, L50|100/100
|-fieldstart|move: Electric Terrain|[from] ability: Hadron Engine|[of] p1a: Miraidon
|turn|6
|
|t:|1750859079
|switch|p2a: Rillaboom|Rillaboom, L50, M|93/100
|-fieldstart|move: Grassy Terrain|[from] ability: Grassy Surge|[of] p2a: Rillaboom
|move|p1a: Miraidon|Electro Drift|p2a: Rillaboom
|-resisted|p2a: Rillaboom
|-damage|p2a: Rillaboom|64/100
|move|p2b: Incineroar|Taunt|p1b: Calyrex
|-start|p1b: Calyrex|move: Taunt
|cant|p1b: Calyrex|move: Taunt|Leech Seed
|
|-weather|SunnyDay|[upkeep]
|-heal|p2a: Rillaboom|70/100|[from] Grassy Terrain
|upkeep
|turn|7
|
|t:|1750859118
|move|p1a: Miraidon|Electro Drift|p2b: Incineroar
|-damage|p2b: Incineroar|14/100
|move|p2a: Rillaboom|U-turn|p1a: Miraidon
|-damage|p1a: Miraidon|79/100
|
|t:|1750859124
|switch|p2a: Koraidon|Koraidon, L50, tera:Fire|31/100|[from] U-turn
|-activate|p2a: Koraidon|ability: Orichalcum Pulse
|move|p2b: Incineroar|U-turn|p1a: Miraidon
|-damage|p1a: Miraidon|61/100
|
|t:|1750859131
|switch|p2b: Rillaboom|Rillaboom, L50, M|70/100|[from] U-turn
|move|p1b: Calyrex|Glacial Lance|p2a: Koraidon|[spread] p2a,p2b
|-resisted|p2a: Koraidon
|-supereffective|p2b: Rillaboom
|-damage|p2a: Koraidon|3/100
|-damage|p2b: Rillaboom|0 fnt
|faint|p2b: Rillaboom
|-ability|p1b: Calyrex|Chilling Neigh|boost
|-boost|p1b: Calyrex|atk|1
|
|-weather|SunnyDay|[upkeep]
|-heal|p2a: Koraidon|9/100|[from] Grassy Terrain
|-heal|p1a: Miraidon|67/100|[from] Grassy Terrain
|upkeep
|
|t:|1750859137
|switch|p2b: Incineroar|Incineroar, L50, M|14/100
|-ability|p2b: Incineroar|Intimidate|boost
|-unboost|p1a: Miraidon|atk|1
|-unboost|p1b: Calyrex|atk|1
|turn|8
|
|t:|1750859161
|move|p2b: Incineroar|Fake Out|p1b: Calyrex
|-damage|p1b: Calyrex|94/100
|move|p2a: Koraidon|Close Combat|p1a: Miraidon
|-damage|p1a: Miraidon|0 fnt
|-unboost|p2a: Koraidon|def|1
|-unboost|p2a: Koraidon|spd|1
|faint|p1a: Miraidon
|-damage|p2a: Koraidon|0 fnt|[from] item: Life Orb
|faint|p2a: Koraidon
|cant|p1b: Calyrex|flinch
|
|-weather|none
|-heal|p2b: Incineroar|20/100|[from] Grassy Terrain
|-heal|p1b: Calyrex|99/100|[from] Grassy Terrain
|-heal|p1b: Calyrex|100/100|[from] item: Leftovers
|-end|p1b: Calyrex|move: Taunt
|upkeep
|turn|9
|
|t:|1750859177
|move|p2b: Incineroar|Knock Off|p1b: Calyrex
|-supereffective|p1b: Calyrex
|-damage|p1b: Calyrex|56/100
|-enditem|p1b: Calyrex|Leftovers|[from] move: Knock Off|[of] p2b: Incineroar
|move|p1b: Calyrex|Glacial Lance|p2b: Incineroar
|-resisted|p2b: Incineroar
|-damage|p2b: Incineroar|0 fnt
|faint|p2b: Incineroar
|
|win|thejigglypuff03
|raw|thejigglypuff03's rating: 1160 &rarr; <strong>1189</strong><br />(+29 for winning)
|raw|Pantoskywalker's rating: 1219 &rarr; <strong>1190</strong><br />(-29 for losing)
|c|☆Pantoskywalker|gg
|c|☆thejigglypuff03|gg
|l|☆thejigglypuff03
|player|p1|
|c|☆Pantoskywalker|nice jigglypuff tech
|l|☆Pantoskywalker
|player|p2|
