|j|☆PokemonPerson2
|j|☆ibzdibz
|t:|1750737744
|gametype|doubles
|player|p1|PokemonPerson2|benga|1302
|player|p2|ibzdibz|medium|1412
|teamsize|p1|6
|teamsize|p2|6
|gen|9
|tier|[Gen 9] VGC 2025 Reg I
|rated|
|rule|Species Clause: Limit one of each Pokémon
|rule|Item Clause: Limit 1 of each item
|clearpoke
|poke|p1|Milotic, L50, F|
|poke|p1|Miraidon, L50|
|poke|p1|Ninetales-Alola, L50, M|
|poke|p1|Kyurem-White, L50|
|poke|p1|Ogerpon-Hearthflame, L50, F|
|poke|p1|Gallade, L50, M|
|poke|p2|Zamazenta-*, L50|
|poke|p2|Calyrex-Ice, L50|
|poke|p2|Oranguru, L50, F|
|poke|p2|Urshifu-*, L50, M|
|poke|p2|Clefairy, L50, M|
|poke|p2|Ursaluna, L50, M|
|teampreview|4
|inactive|Battle timer is ON: inactive players will automatically lose when time's up. (requested by ibzdibz)
PokemonPerson2 rejected open team sheets.
|inactive|ibzdibz has 60 seconds left.
|
|t:|1750737788
|start
|switch|p1a: Miraidon|Miraidon, L50|100/100
|switch|p1b: Ogerpon|Ogerpon-Hearthflame, L50, F|100/100
|switch|p2a: Zamazenta|Zamazenta-Crowned, L50, shiny|100/100
|switch|p2b: Urshifu|Urshifu, L50, M|100/100
|-fieldstart|move: Electric Terrain|[from] ability: Hadron Engine|[of] p1a: Miraidon
|-ability|p1b: Ogerpon|Mold Breaker
|-ability|p2a: Zamazenta|Dauntless Shield|boost
|-boost|p2a: Zamazenta|def|1
|turn|1
|
|t:|1750737805
|-terastallize|p1a: Miraidon|Electric
|move|p2a: Zamazenta|Wide Guard|p2a: Zamazenta
|-singleturn|p2a: Zamazenta|Wide Guard
|move|p1b: Ogerpon|Follow Me|p1b: Ogerpon
|-singleturn|p1b: Ogerpon|move: Follow Me
|move|p1a: Miraidon|Volt Switch|p2b: Urshifu
|-enditem|p2b: Urshifu|Focus Sash
|-damage|p2b: Urshifu|1/100
|
|t:|1750737815
|switch|p1a: Kyurem|Kyurem-White, L50|100/100|[from] Volt Switch
|-ability|p1a: Kyurem|Turboblaze
|move|p2b: Urshifu|Wicked Blow|p1b: Ogerpon
|-crit|p1b: Ogerpon
|-damage|p1b: Ogerpon|20/100
|
|upkeep
|turn|2
|
|t:|1750737836
|move|p2a: Zamazenta|Protect|p2a: Zamazenta
|-singleturn|p2a: Zamazenta|Protect
|move|p1a: Kyurem|Freeze-Dry|p2b: Urshifu
|-damage|p2b: Urshifu|0 fnt
|faint|p2b: Urshifu
|move|p1b: Ogerpon|Ivy Cudgel|p2a: Zamazenta|[anim] Ivy Cudgel Fire
|-activate|p2a: Zamazenta|move: Protect
|
|upkeep
|
|t:|1750737852
|switch|p2b: Oranguru|Oranguru, L50, F|100/100
|turn|3
|
|t:|1750737866
|move|p1a: Kyurem|Freeze-Dry|p2b: Oranguru
|-damage|p2b: Oranguru|70/100
|move|p1b: Ogerpon|Ivy Cudgel|p2a: Zamazenta|[anim] Ivy Cudgel Fire
|-supereffective|p2a: Zamazenta
|-damage|p2a: Zamazenta|50/100
|move|p2a: Zamazenta|Behemoth Bash|p1a: Kyurem
|-supereffective|p1a: Kyurem
|-damage|p1a: Kyurem|20/100
|move|p2b: Oranguru|Instruct|p2a: Zamazenta
|-singleturn|p2a: Zamazenta|move: Instruct|[of] p2b: Oranguru
|move|p2a: Zamazenta|Behemoth Bash|p1a: Kyurem
|-supereffective|p1a: Kyurem
|-damage|p1a: Kyurem|0 fnt
|faint|p1a: Kyurem
|
|upkeep
|
|t:|1750737880
|switch|p1a: Miraidon|Miraidon, L50, tera:Electric|100/100
|-activate|p1a: Miraidon|ability: Hadron Engine
|turn|4
|
|t:|1750737886
|move|p2a: Zamazenta|Protect|p2a: Zamazenta
|-singleturn|p2a: Zamazenta|Protect
|move|p1a: Miraidon|Volt Switch|p2b: Oranguru
|-damage|p2b: Oranguru|0 fnt
|faint|p2b: Oranguru
|
|t:|1750737891
|switch|p1a: Gallade|Gallade, L50, M|100/100|[from] Volt Switch
|move|p1b: Ogerpon|Ivy Cudgel|p2a: Zamazenta|[anim] Ivy Cudgel Fire
|-activate|p2a: Zamazenta|move: Protect
|
|upkeep
|
|t:|1750737896
|switch|p2b: Calyrex|Calyrex-Ice, L50|100/100
|-ability|p2b: Calyrex|As One
|-ability|p2b: Calyrex|Unnerve
|turn|5
|
|t:|1750737918
|-terastallize|p2a: Zamazenta|Dragon
|move|p1a: Gallade|Wide Guard|p1a: Gallade
|-singleturn|p1a: Gallade|Wide Guard
|move|p1b: Ogerpon|Ivy Cudgel|p2a: Zamazenta|[anim] Ivy Cudgel Fire
|-resisted|p2a: Zamazenta
|-crit|p2a: Zamazenta
|-damage|p2a: Zamazenta|25/100
|move|p2a: Zamazenta|Behemoth Bash|p1b: Ogerpon
|-resisted|p1b: Ogerpon
|-damage|p1b: Ogerpon|0 fnt
|faint|p1b: Ogerpon
|move|p2b: Calyrex|Trick Room|p2b: Calyrex
|-fieldstart|move: Trick Room|[of] p2b: Calyrex
|
|-fieldend|move: Electric Terrain
|upkeep
|
|t:|1750737923
|switch|p1b: Miraidon|Miraidon, L50, tera:Electric|100/100
|-fieldstart|move: Electric Terrain|[from] ability: Hadron Engine|[of] p1b: Miraidon
|turn|6
|
|t:|1750737940
|move|p1a: Gallade|Wide Guard|p1a: Gallade
|-singleturn|p1a: Gallade|Wide Guard
|move|p2b: Calyrex|High Horsepower|p1b: Miraidon
|-supereffective|p1b: Miraidon
|-damage|p1b: Miraidon|19/100
|move|p2a: Zamazenta|Body Press|p1b: Miraidon
|-damage|p1b: Miraidon|0 fnt
|faint|p1b: Miraidon
|
|upkeep
|turn|7
|
|t:|1750737954
|move|p2b: Calyrex|Glacial Lance|p1a: Gallade
|-damage|p1a: Gallade|0 fnt
|faint|p1a: Gallade
|
|win|ibzdibz
|raw|PokemonPerson2's rating: 1302 &rarr; <strong>1288</strong><br />(-14 for losing)
|raw|ibzdibz's rating: 1412 &rarr; <strong>1426</strong><br />(+14 for winning)
|l|☆PokemonPerson2
|player|p1|
|l|☆ibzdibz
|player|p2|
