|j|☆Cheasleywithaw
|j|☆Rose Gold Joint
|t:|1750713609
|gametype|doubles
|player|p1|Cheasleywithaw|cyclist|1523
|player|p2|Rose Gold Joint|1|1604
|teamsize|p1|6
|teamsize|p2|6
|gen|9
|tier|[Gen 9] VGC 2025 Reg I
|rated|
|rule|Species Clause: Limit one of each Pokémon
|rule|Item Clause: Limit 1 of each item
|clearpoke
|poke|p1|Calyrex-Ice, L50|
|poke|p1|Kyogre, L50|
|poke|p1|Farigiraf, L50, M|
|poke|p1|Incineroar, L50, F|
|poke|p1|Rillaboom, L50, F|
|poke|p1|Tornadus, L50, M|
|poke|p2|Miraidon, L50|
|poke|p2|Calyrex-Ice, L50|
|poke|p2|Ogerpon-Cornerstone, L50, F|
|poke|p2|Landorus, L50, M|
|poke|p2|Iron Valiant, L50|
|poke|p2|Farigiraf, L50, M|
|teampreview|4
Cheasleywithaw has agreed to open team sheets.
|
|t:|1750713652
|start
|switch|p1a: Fermentius|Rillaboom, L50, F|100/100
|switch|p1b: Bimeon|Calyrex-Ice, L50|100/100
|switch|p2a: Calyrex|Calyrex-Ice, L50|100/100
|switch|p2b: Iron Valiant|Iron Valiant, L50|100/100
|-ability|p2a: Calyrex|As One
|-ability|p2a: Calyrex|Unnerve
|-ability|p1b: Bimeon|As One
|-ability|p1b: Bimeon|Unnerve
|-fieldstart|move: Grassy Terrain|[from] ability: Grassy Surge|[of] p1a: Fermentius
|turn|1
|
|t:|1750713691
|move|p2b: Iron Valiant|Coaching|p2a: Calyrex
|-boost|p2a: Calyrex|atk|1
|-boost|p2a: Calyrex|def|1
|move|p1a: Fermentius|U-turn|p2a: Calyrex
|-supereffective|p2a: Calyrex
|-damage|p2a: Calyrex|79/100
|
|t:|1750713697
|switch|p1a: Bingus|Incineroar, L50, F|100/100|[from] U-turn
|-ability|p1a: Bingus|Intimidate|boost
|-fail|p2a: Calyrex|unboost|[from] item: Clear Amulet|[of] p2a: Calyrex
|-unboost|p2b: Iron Valiant|atk|1
|move|p2a: Calyrex|Glacial Lance|p1b: Bimeon|[spread] p1a,p1b
|-resisted|p1a: Bingus
|-resisted|p1b: Bimeon
|-damage|p1a: Bingus|72/100
|-damage|p1b: Bimeon|75/100
|move|p1b: Bimeon|Trick Room|p1b: Bimeon
|-fieldstart|move: Trick Room|[of] p1b: Bimeon
|
|-heal|p1b: Bimeon|81/100|[from] Grassy Terrain
|-heal|p1a: Bingus|78/100|[from] Grassy Terrain
|-heal|p2a: Calyrex|85/100|[from] Grassy Terrain
|upkeep
|turn|2
|
|t:|1750713724
|-terastallize|p1a: Bingus|Grass
|move|p1b: Bimeon|High Horsepower|p2b: Iron Valiant
|-damage|p2b: Iron Valiant|43/100
|move|p1a: Bingus|Will-O-Wisp|p2a: Calyrex
|-status|p2a: Calyrex|brn
|move|p2a: Calyrex|High Horsepower|p1a: Bingus
|-resisted|p1a: Bingus
|-damage|p1a: Bingus|66/100
|-damage|p2a: Calyrex|69/100 brn|[from] item: Rocky Helmet|[of] p1a: Bingus
|move|p2b: Iron Valiant|Coaching|p2a: Calyrex
|-boost|p2a: Calyrex|atk|1
|-boost|p2a: Calyrex|def|1
|
|-heal|p1b: Bimeon|87/100|[from] Grassy Terrain
|-heal|p1a: Bingus|72/100|[from] Grassy Terrain
|-heal|p2a: Calyrex|74/100 brn|[from] Grassy Terrain
|-heal|p2b: Iron Valiant|49/100|[from] Grassy Terrain
|-damage|p2a: Calyrex|69/100 brn|[from] brn
|upkeep
|turn|3
|
|t:|1750713751
|move|p2b: Iron Valiant|Wide Guard|p2b: Iron Valiant
|-singleturn|p2b: Iron Valiant|Wide Guard
|move|p1b: Bimeon|Glacial Lance|p2b: Iron Valiant|[spread] 
|-activate|p2a: Calyrex|move: Wide Guard
|-activate|p2b: Iron Valiant|move: Wide Guard
|move|p1a: Bingus|Knock Off|p2a: Calyrex
|-supereffective|p2a: Calyrex
|-damage|p2a: Calyrex|44/100 brn
|-enditem|p2a: Calyrex|Clear Amulet|[from] move: Knock Off|[of] p1a: Bingus
|move|p2a: Calyrex|Glacial Lance|p1a: Bingus|[spread] p1a,p1b
|-supereffective|p1a: Bingus
|-resisted|p1b: Bimeon
|-crit|p1b: Bimeon
|-damage|p1a: Bingus|0 fnt
|-damage|p1b: Bimeon|59/100
|faint|p1a: Bingus
|-ability|p2a: Calyrex|Chilling Neigh|boost
|-boost|p2a: Calyrex|atk|1
|
|-heal|p1b: Bimeon|65/100|[from] Grassy Terrain
|-heal|p2a: Calyrex|50/100 brn|[from] Grassy Terrain
|-heal|p2b: Iron Valiant|55/100|[from] Grassy Terrain
|-damage|p2a: Calyrex|44/100 brn|[from] brn
|upkeep
|
|t:|1750713765
|switch|p1a: Glarb|Kyogre, L50|100/100
|-weather|RainDance|[from] ability: Drizzle|[of] p1a: Glarb
|-enditem|p1a: Glarb|Room Service
|-unboost|p1a: Glarb|spe|1|[from] item: Room Service
|turn|4
|j| petchrio
|j| Prasoooon
|l| Prasoooon
|
|t:|1750713813
|move|p2b: Iron Valiant|Wide Guard|p2b: Iron Valiant
|-singleturn|p2b: Iron Valiant|Wide Guard
|move|p1b: Bimeon|High Horsepower|p2b: Iron Valiant
|-damage|p2b: Iron Valiant|0 fnt
|faint|p2b: Iron Valiant
|-end|p2b: Iron Valiant|Quark Drive|[silent]
|-ability|p1b: Bimeon|Chilling Neigh|boost
|-boost|p1b: Bimeon|atk|1
|move|p1a: Glarb|Hydro Pump|p2a: Calyrex|[miss]
|-miss|p1a: Glarb|p2a: Calyrex
|move|p2a: Calyrex|High Horsepower|p1a: Glarb
|-damage|p1a: Glarb|51/100
|
|-weather|RainDance|[upkeep]
|-heal|p1b: Bimeon|71/100|[from] Grassy Terrain
|-heal|p1a: Glarb|57/100|[from] Grassy Terrain
|-heal|p2a: Calyrex|50/100 brn|[from] Grassy Terrain
|-damage|p2a: Calyrex|44/100 brn|[from] brn
|upkeep
|
|t:|1750713829
|switch|p2b: Farigiraf|Farigiraf, L50, M|100/100
|turn|5
|
|t:|1750713845
|move|p2a: Calyrex|Protect|p2a: Calyrex
|-singleturn|p2a: Calyrex|Protect
|move|p1b: Bimeon|Glacial Lance|p2a: Calyrex|[spread] p2b
|-activate|p2a: Calyrex|move: Protect
|-damage|p2b: Farigiraf|20/100
|move|p1a: Glarb|Hydro Pump|p2b: Farigiraf|[miss]
|-miss|p1a: Glarb|p2b: Farigiraf
|move|p2b: Farigiraf|Foul Play|p1b: Bimeon
|-supereffective|p1b: Bimeon
|-damage|p1b: Bimeon|0 fnt
|faint|p1b: Bimeon
|
|-weather|RainDance|[upkeep]
|-heal|p1a: Glarb|63/100|[from] Grassy Terrain
|-heal|p2b: Farigiraf|26/100|[from] Grassy Terrain
|-heal|p2a: Calyrex|50/100 brn|[from] Grassy Terrain
|-damage|p2a: Calyrex|44/100 brn|[from] brn
|-fieldend|move: Trick Room
|-fieldend|move: Grassy Terrain
|upkeep
|-message|Cheasleywithaw forfeited.
|
|win|Rose Gold Joint
|raw|Cheasleywithaw's rating: 1523 &rarr; <strong>1508</strong><br />(-15 for losing)
|raw|Rose Gold Joint's rating: 1604 &rarr; <strong>1619</strong><br />(+15 for winning)
|l|☆Cheasleywithaw
|player|p1|
|l|☆Rose Gold Joint
|player|p2|
|l| petchrio
|j| petchrio
