|j|☆SilverBlaze4106
|j|☆23kilos
|t:|1750724353
|gametype|doubles
|player|p1|SilverBlaze4106|steven|1138
|player|p2|23kilos|brawly|1068
|teamsize|p1|6
|teamsize|p2|6
|gen|9
|tier|[Gen 9] VGC 2025 Reg I
|rated|
|rule|Species Clause: Limit one of each Pokémon
|rule|Item Clause: Limit 1 of each item
|clearpoke
|poke|p1|Calyrex-Ice, L50|
|poke|p1|Kyogre, L50|
|poke|p1|Grimmsnarl, L50, M|
|poke|p1|Flutter Mane, L50|
|poke|p1|Amoonguss, L50, F|
|poke|p1|Basculegion, L50, M|
|poke|p2|Volcarona, L50, F|
|poke|p2|Miraidon, L50|
|poke|p2|Ursaluna-Bloodmoon, L50, M|
|poke|p2|Grimmsnarl, L50, M|
|poke|p2|Calyrex-Shadow, L50|
|poke|p2|Chesnaught, L50, M|
|teampreview|4
|
|t:|1750724386
|start
|switch|p1a: Flutter Mane|Flutter Mane, L50|100/100
|switch|p1b: Grimmsnarl|Grimmsnarl, L50, M|100/100
|switch|p2a: Chesnaught|Chesnaught, L50, M|100/100
|switch|p2b: Miraidon|Miraidon, L50|100/100
|-fieldstart|move: Electric Terrain|[from] ability: Hadron Engine|[of] p2b: Miraidon
|-enditem|p2a: Chesnaught|Electric Seed
|-boost|p2a: Chesnaught|def|1|[from] item: Electric Seed
|-enditem|p1a: Flutter Mane|Booster Energy
|-activate|p1a: Flutter Mane|ability: Protosynthesis|[fromitem]
|-start|p1a: Flutter Mane|protosynthesisspe
|turn|1
|
|t:|1750724419
|-terastallize|p2b: Miraidon|Electric
|move|p2a: Chesnaught|Wide Guard|p2a: Chesnaught
|-singleturn|p2a: Chesnaught|Wide Guard
|move|p1b: Grimmsnarl|Light Screen|p1b: Grimmsnarl
|-sidestart|p1: SilverBlaze4106|move: Light Screen
|move|p1a: Flutter Mane|Moonblast|p2b: Miraidon
|-damage|p2b: Miraidon|56/100
|-unboost|p2b: Miraidon|spa|1
|move|p2b: Miraidon|Volt Switch|p1a: Flutter Mane
|-damage|p1a: Flutter Mane|43/100
|
|t:|1750724433
|switch|p2b: Ursaluna|Ursaluna-Bloodmoon, L50, M|100/100|[from] Volt Switch
|
|upkeep
|turn|2
|
|t:|1750724459
|move|p1b: Grimmsnarl|Sucker Punch|p2b: Ursaluna
|-damage|p2b: Ursaluna|70/100
|move|p1a: Flutter Mane|Moonblast|p2b: Ursaluna
|-damage|p2b: Ursaluna|30/100
|move|p2b: Ursaluna|Blood Moon|p1a: Flutter Mane
|-damage|p1a: Flutter Mane|0 fnt
|faint|p1a: Flutter Mane
|-end|p1a: Flutter Mane|Protosynthesis|[silent]
|move|p2a: Chesnaught|Leech Seed|p1b: Grimmsnarl
|-start|p1b: Grimmsnarl|move: Leech Seed
|
|-damage|p1b: Grimmsnarl|88/100|[from] Leech Seed|[of] p2a: Chesnaught
|upkeep
|
|t:|1750724472
|switch|p1a: Calyrex|Calyrex-Ice, L50|100/100
|-ability|p1a: Calyrex|As One
|-ability|p1a: Calyrex|Unnerve
|turn|3
|
|t:|1750724494
|move|p2a: Chesnaught|Wide Guard|p2a: Chesnaught
|-singleturn|p2a: Chesnaught|Wide Guard
|move|p1b: Grimmsnarl|Sucker Punch|p2b: Ursaluna
|-damage|p2b: Ursaluna|2/100
|move|p2b: Ursaluna|Moonblast|p1a: Calyrex
|-crit|p1a: Calyrex
|-damage|p1a: Calyrex|64/100
|move|p1a: Calyrex|Glacial Lance|p2b: Ursaluna|[spread] 
|-activate|p2a: Chesnaught|move: Wide Guard
|-activate|p2b: Ursaluna|move: Wide Guard
|
|-heal|p1a: Calyrex|70/100|[from] item: Leftovers
|-damage|p1b: Grimmsnarl|76/100|[from] Leech Seed|[of] p2a: Chesnaught
|upkeep
|turn|4
|
|t:|1750724526
|move|p1a: Calyrex|Protect|p1a: Calyrex
|-singleturn|p1a: Calyrex|Protect
|move|p2a: Chesnaught|Wide Guard|p2a: Chesnaught
|-singleturn|p2a: Chesnaught|Wide Guard
|move|p1b: Grimmsnarl|Sucker Punch|p2b: Ursaluna
|-damage|p2b: Ursaluna|0 fnt
|faint|p2b: Ursaluna
|
|-heal|p1a: Calyrex|76/100|[from] item: Leftovers
|-damage|p1b: Grimmsnarl|63/100|[from] Leech Seed|[of] p2a: Chesnaught
|upkeep
|
|t:|1750724537
|switch|p2b: Miraidon|Miraidon, L50, tera:Electric|56/100
|-activate|p2b: Miraidon|ability: Hadron Engine
|turn|5
|
|t:|1750724552
|move|p2a: Chesnaught|Wide Guard|p2a: Chesnaught
|-singleturn|p2a: Chesnaught|Wide Guard
|move|p1b: Grimmsnarl|Sucker Punch|p2b: Miraidon
|-damage|p2b: Miraidon|15/100
|move|p2b: Miraidon|Electro Drift|p1b: Grimmsnarl
|-damage|p1b: Grimmsnarl|0 fnt
|faint|p1b: Grimmsnarl
|move|p1a: Calyrex|Trick Room|p1a: Calyrex
|-fieldstart|move: Trick Room|[of] p1a: Calyrex
|
|-heal|p1a: Calyrex|82/100|[from] item: Leftovers
|-fieldend|move: Electric Terrain
|upkeep
|
|t:|1750724563
|switch|p1b: Amoonguss|Amoonguss, L50, F, shiny|100/100
|turn|6
|
|t:|1750724571
|move|p2a: Chesnaught|Wide Guard|p2a: Chesnaught
|-singleturn|p2a: Chesnaught|Wide Guard
|move|p1b: Amoonguss|Rage Powder|p1b: Amoonguss
|-singleturn|p1b: Amoonguss|move: Rage Powder
|move|p1a: Calyrex|Leech Seed|p2b: Miraidon
|-start|p2b: Miraidon|move: Leech Seed
|move|p2b: Miraidon|Electro Drift|p1b: Amoonguss
|-resisted|p1b: Amoonguss
|-damage|p1b: Amoonguss|76/100
|-damage|p2b: Miraidon|0 fnt|[from] item: Rocky Helmet|[of] p1b: Amoonguss
|faint|p2b: Miraidon
|
|-heal|p1a: Calyrex|87/100|[from] item: Leftovers
|upkeep
|
|t:|1750724584
|switch|p2b: Calyrex|Calyrex-Shadow, L50|100/100
|-ability|p2b: Calyrex|As One
|-ability|p2b: Calyrex|Unnerve
|turn|7
|
|t:|1750724600
|move|p2a: Chesnaught|Wide Guard|p2a: Chesnaught
|-singleturn|p2a: Chesnaught|Wide Guard
|move|p1b: Amoonguss|Spore|p2b: Calyrex
|-status|p2b: Calyrex|slp|[from] move: Spore
|move|p1a: Calyrex|Leech Seed|p2b: Calyrex
|-start|p2b: Calyrex|move: Leech Seed
|cant|p2b: Calyrex|slp
|
|-heal|p1a: Calyrex|93/100|[from] item: Leftovers
|-damage|p2b: Calyrex|88/100 slp|[from] Leech Seed|[of] p1a: Calyrex
|-heal|p1a: Calyrex|100/100|[silent]
|upkeep
|turn|8
|
|t:|1750724626
|move|p1a: Calyrex|Protect|p1a: Calyrex
|-singleturn|p1a: Calyrex|Protect
|move|p2a: Chesnaught|Wide Guard|p2a: Chesnaught
|-singleturn|p2a: Chesnaught|Wide Guard
|move|p1b: Amoonguss|Pollen Puff|p2b: Calyrex
|-damage|p2b: Calyrex|70/100 slp
|cant|p2b: Calyrex|slp
|
|-damage|p2b: Calyrex|57/100 slp|[from] Leech Seed|[of] p1a: Calyrex
|-sideend|p1: SilverBlaze4106|move: Light Screen
|upkeep
|turn|9
|
|t:|1750724670
|-terastallize|p1a: Calyrex|Fairy
|move|p2a: Chesnaught|Wide Guard|p2a: Chesnaught
|-singleturn|p2a: Chesnaught|Wide Guard
|move|p1b: Amoonguss|Pollen Puff|p2b: Calyrex
|-damage|p2b: Calyrex|37/100 slp
|move|p1a: Calyrex|Leech Seed||[still]
|-fail|p1a: Calyrex
|cant|p2b: Calyrex|slp
|
|-damage|p2b: Calyrex|25/100 slp|[from] Leech Seed|[of] p1a: Calyrex
|-fieldend|move: Trick Room
|upkeep
|turn|10
|
|t:|1750724686
|move|p1a: Calyrex|Protect|p1a: Calyrex
|-singleturn|p1a: Calyrex|Protect
|move|p2a: Chesnaught|Wide Guard|p2a: Chesnaught
|-singleturn|p2a: Chesnaught|Wide Guard
|-curestatus|p2b: Calyrex|slp|[msg]
|move|p2b: Calyrex|Astral Barrage|p1a: Calyrex|[spread] p1b
|-activate|p1a: Calyrex|move: Protect
|-damage|p1b: Amoonguss|23/100
|-damage|p2b: Calyrex|15/100|[from] item: Life Orb
|move|p1b: Amoonguss|Pollen Puff|p2b: Calyrex
|-damage|p2b: Calyrex|0 fnt
|faint|p2b: Calyrex
|
|upkeep
|turn|11
|
|t:|1750724710
|move|p1b: Amoonguss|Protect|p1b: Amoonguss
|-singleturn|p1b: Amoonguss|Protect
|move|p2a: Chesnaught|Body Press|p1a: Calyrex
|-resisted|p1a: Calyrex
|-damage|p1a: Calyrex|86/100
|move|p1a: Calyrex|Trick Room|p1a: Calyrex
|-fieldstart|move: Trick Room|[of] p1a: Calyrex
|
|-heal|p1a: Calyrex|92/100|[from] item: Leftovers
|upkeep
|turn|12
|
|t:|1750724722
|move|p1b: Amoonguss|Pollen Puff|p2a: Chesnaught
|-immune|p2a: Chesnaught|[from] ability: Bulletproof
|move|p1a: Calyrex|Glacial Lance|p2a: Chesnaught
|-supereffective|p2a: Chesnaught
|-damage|p2a: Chesnaught|47/100
|move|p2a: Chesnaught|Body Press|p1b: Amoonguss
|-resisted|p1b: Amoonguss
|-damage|p1b: Amoonguss|0 fnt
|-damage|p2a: Chesnaught|30/100|[from] item: Rocky Helmet|[of] p1b: Amoonguss
|faint|p1b: Amoonguss
|
|-heal|p1a: Calyrex|98/100|[from] item: Leftovers
|upkeep
|turn|13
|
|t:|1750724735
|move|p2a: Chesnaught|Spiky Shield|p2a: Chesnaught
|-singleturn|p2a: Chesnaught|move: Protect
|move|p1a: Calyrex|Glacial Lance|p2a: Chesnaught
|-activate|p2a: Chesnaught|move: Protect
|
|-heal|p1a: Calyrex|100/100|[from] item: Leftovers
|upkeep
|turn|14
|
|t:|1750724741
|move|p2a: Chesnaught|Spiky Shield|p2a: Chesnaught
|-singleturn|p2a: Chesnaught|move: Protect
|move|p1a: Calyrex|Glacial Lance|p2a: Chesnaught
|-activate|p2a: Chesnaught|move: Protect
|
|upkeep
|turn|15
|
|t:|1750724747
|move|p2a: Chesnaught|Spiky Shield|p2a: Chesnaught
|-singleturn|p2a: Chesnaught|move: Protect
|move|p1a: Calyrex|Glacial Lance|p2a: Chesnaught
|-activate|p2a: Chesnaught|move: Protect
|
|-fieldend|move: Trick Room
|upkeep
|turn|16
|
|t:|1750724756
|move|p2a: Chesnaught|Leech Seed|p1a: Calyrex
|-start|p1a: Calyrex|move: Leech Seed
|move|p1a: Calyrex|Glacial Lance|p2a: Chesnaught
|-supereffective|p2a: Chesnaught
|-damage|p2a: Chesnaught|0 fnt
|faint|p2a: Chesnaught
|
|win|SilverBlaze4106
|raw|SilverBlaze4106's rating: 1138 &rarr; <strong>1158</strong><br />(+20 for winning)
|raw|23kilos's rating: 1068 &rarr; <strong>1052</strong><br />(-16 for losing)
