|j|☆IronAurora
|j|☆booghost23
|t:|1750768391
|gametype|doubles
|player|p1|IronAurora|101|1232
|player|p2|booghost23|policeman-gen4|1191
|teamsize|p1|6
|teamsize|p2|6
|gen|9
|tier|[Gen 9] VGC 2025 Reg I
|rated|
|rule|Species Clause: Limit one of each Pokémon
|rule|Item Clause: Limit 1 of each item
|clearpoke
|poke|p1|Miraidon, L50|
|poke|p1|Farigiraf, L50, M|
|poke|p1|Whimsicott, L50, F|
|poke|p1|Incineroar, L50, M|
|poke|p1|Kyogre, L50|
|poke|p1|Archaludon, L50, M|
|poke|p2|Dusclops, L50, M|
|poke|p2|Groudon, L50|
|poke|p2|Charizard, L50, M|
|poke|p2|Arcanine, L50, M|
|poke|p2|Koraidon, L50|
|poke|p2|Golem, L50, M|
|teampreview|4
|inactive|Battle timer is ON: inactive players will automatically lose when time's up. (requested by booghost23)
booghost23 rejected open team sheets.
|
|t:|1750768409
|start
|switch|p1a: Whimsicott|Whimsicott, L50, F|100/100
|switch|p1b: Miraidon|Miraidon, L50|100/100
|switch|p2a: Rock ON|Golem, L50, M|100/100
|switch|p2b: Ride or Die|Koraidon, L50|100/100
|-weather|SunnyDay|[from] ability: Orichalcum Pulse|[of] p2b: Ride or Die
|-activate|p2b: Ride or Die|Orichalcum Pulse|[source]
|-fieldstart|move: Electric Terrain|[from] ability: Hadron Engine|[of] p1b: Miraidon
|turn|1
|
|t:|1750768434
|move|p2b: Ride or Die|Protect|p2b: Ride or Die
|-singleturn|p2b: Ride or Die|Protect
|move|p1a: Whimsicott|Tailwind|p1a: Whimsicott
|-sidestart|p1: IronAurora|move: Tailwind
|move|p1b: Miraidon|Volt Switch|p2b: Ride or Die
|-activate|p2b: Ride or Die|move: Protect
|move|p2a: Rock ON|Earthquake|p1a: Whimsicott|[spread] p1a,p1b
|-activate|p2b: Ride or Die|move: Protect
|-resisted|p1a: Whimsicott
|-supereffective|p1b: Miraidon
|-damage|p1a: Whimsicott|77/100
|-damage|p1b: Miraidon|15/100
|
|-weather|SunnyDay|[upkeep]
|upkeep
|turn|2
|
|t:|1750768456
|switch|p2b: The Don|Groudon, L50|100/100
|move|p1a: Whimsicott|Encore||[still]
|-fail|p1a: Whimsicott
|move|p1b: Miraidon|Volt Switch|p2b: The Don
|-immune|p2b: The Don
|move|p2a: Rock ON|Earthquake|p1a: Whimsicott|[spread] p2b,p1a,p1b
|-resisted|p1a: Whimsicott
|-supereffective|p1b: Miraidon
|-damage|p2b: The Don|70/100
|-damage|p1a: Whimsicott|53/100
|-damage|p1b: Miraidon|0 fnt
|faint|p1b: Miraidon
|
|-weather|SunnyDay|[upkeep]
|upkeep
|
|t:|1750768471
|switch|p1b: Kyogre|Kyogre, L50, shiny|100/100
|-weather|RainDance|[from] ability: Drizzle|[of] p1b: Kyogre
|turn|3
|
|t:|1750768481
|move|p2a: Rock ON|Wide Guard|p2a: Rock ON
|-singleturn|p2a: Rock ON|Wide Guard
|move|p1a: Whimsicott|Moonblast|p2a: Rock ON
|-damage|p2a: Rock ON|59/100
|move|p1b: Kyogre|Water Spout|p2b: The Don|[spread] 
|-activate|p2a: Rock ON|move: Wide Guard
|-activate|p2b: The Don|move: Wide Guard
|move|p2b: The Don|Heat Crash|p1a: Whimsicott
|-supereffective|p1a: Whimsicott
|-damage|p1a: Whimsicott|0 fnt
|faint|p1a: Whimsicott
|
|-weather|RainDance|[upkeep]
|upkeep
|
|t:|1750768497
|switch|p1a: Incineroar|Incineroar, L50, M, shiny|100/100
|-ability|p1a: Incineroar|Intimidate|boost
|-unboost|p2a: Rock ON|atk|1
|-fail|p2b: The Don|unboost|[from] item: Clear Amulet|[of] p2b: The Don
|turn|4
|
|t:|1750768516
|switch|p2b: Ride or Die|Koraidon, L50|100/100
|-weather|SunnyDay|[from] ability: Orichalcum Pulse|[of] p2b: Ride or Die
|-activate|p2b: Ride or Die|Orichalcum Pulse|[source]
|move|p1a: Incineroar|Fake Out|p2b: Ride or Die
|-damage|p2b: Ride or Die|87/100
|move|p2a: Rock ON|Wide Guard|p2a: Rock ON
|-singleturn|p2a: Rock ON|Wide Guard
|move|p1b: Kyogre|Ice Beam|p2a: Rock ON
|-supereffective|p2a: Rock ON
|-damage|p2a: Rock ON|0 fnt
|faint|p2a: Rock ON
|
|-weather|SunnyDay|[upkeep]
|-sideend|p1: IronAurora|move: Tailwind
|upkeep
|
|t:|1750768529
|switch|p2a: Charcoal|Charizard, L50, M, shiny|100/100
|turn|5
|
|t:|1750768548
|-terastallize|p2a: Charcoal|Electric
|move|p2b: Ride or Die|Collision Course|p1a: Incineroar
|-supereffective|p1a: Incineroar
|-damage|p1a: Incineroar|0 fnt
|faint|p1a: Incineroar
|move|p2a: Charcoal|Tera Blast|p1b: Kyogre|[anim] Tera Blast Electric
|-supereffective|p1b: Kyogre
|-damage|p1b: Kyogre|0 fnt
|faint|p1b: Kyogre
|-damage|p2a: Charcoal|91/100|[from] item: Life Orb
|
|win|booghost23
|raw|IronAurora's rating: 1232 &rarr; <strong>1204</strong><br />(-28 for losing)
|raw|booghost23's rating: 1191 &rarr; <strong>1219</strong><br />(+28 for winning)
|l|☆IronAurora
|player|p1|
|l|☆booghost23
|player|p2|
