|j|☆ISeduceFathers
|j|☆mochithemookmook
|t:|1750728011
|gametype|doubles
|player|p1|ISeduceFathers|linebacker|1111
|player|p2|mochithemookmook|2|1029
|teamsize|p1|6
|teamsize|p2|6
|gen|9
|tier|[Gen 9] VGC 2025 Reg I
|rated|
|rule|Species Clause: Limit one of each Pokémon
|rule|Item Clause: Limit 1 of each item
|clearpoke
|poke|p1|Chien-Pao, L50|
|poke|p1|Calyrex-Shadow, L50|
|poke|p1|Zamazenta-*, L50|
|poke|p1|Chi-Yu, L50|
|poke|p1|Incineroar, L50, M|
|poke|p1|Whimsicott, L50, F|
|poke|p2|Giratina-Origin, L50|
|poke|p2|Zamazenta-*, L50|
|poke|p2|Chien-Pao, L50|
|poke|p2|Entei, L50|
|poke|p2|Urshifu-*, L50, M|
|poke|p2|Rillaboom, L50, M|
|teampreview|4
|inactive|Battle timer is ON: inactive players will automatically lose when time's up. (requested by ISeduceFathers)
|inactive|ISeduceFathers has 60 seconds left.
|inactive|mochithemookmook has 60 seconds left.
|
|t:|1750728047
|start
|switch|p1a: Zamazenta|Zamazenta-Crowned, L50|100/100
|switch|p1b: Chi-Yu|Chi-Yu, L50|100/100
|switch|p2a: Chien-Pao|Chien-Pao, L50|100/100
|switch|p2b: Giratina|Giratina-Origin, L50|100/100
|-ability|p1b: Chi-Yu|Beads of Ruin
|-ability|p2a: Chien-Pao|Sword of Ruin
|-ability|p1a: Zamazenta|Dauntless Shield|boost
|-boost|p1a: Zamazenta|def|1
|turn|1
|inactive|ISeduceFathers has 30 seconds left.
|inactive|mochithemookmook has 30 seconds left.
|inactive|mochithemookmook has 20 seconds left.
|inactive|mochithemookmook has 15 seconds left.
|
|t:|1750728087
|move|p2a: Chien-Pao|Protect|p2a: Chien-Pao
|-singleturn|p2a: Chien-Pao|Protect
|move|p1b: Chi-Yu|Heat Wave|p2b: Giratina|[spread] p2b
|-activate|p2a: Chien-Pao|move: Protect
|-resisted|p2b: Giratina
|-damage|p2b: Giratina|83/100
|move|p1a: Zamazenta|Iron Defense|p1a: Zamazenta
|-boost|p1a: Zamazenta|def|2
|move|p2b: Giratina|Draco Meteor|p1b: Chi-Yu
|-damage|p1b: Chi-Yu|28/100
|-unboost|p2b: Giratina|spa|2
|
|upkeep
|turn|2
|inactive|mochithemookmook has 30 seconds left.
|inactive|mochithemookmook has 20 seconds left.
|
|t:|1750728122
|switch|p2a: Entei|Entei, L50|100/100
|move|p1b: Chi-Yu|Heat Wave|p2a: Entei|[spread] p2a,p2b
|-resisted|p2a: Entei
|-crit|p2a: Entei
|-resisted|p2b: Giratina
|-damage|p2a: Entei|63/100
|-damage|p2b: Giratina|65/100
|move|p1a: Zamazenta|Body Press|p2a: Entei
|-damage|p2a: Entei|0 fnt
|faint|p2a: Entei
|move|p2b: Giratina|Poltergeist|p1b: Chi-Yu
|-activate|p1b: Chi-Yu|move: Poltergeist|Choice Scarf
|-resisted|p1b: Chi-Yu
|-damage|p1b: Chi-Yu|0 fnt
|faint|p1b: Chi-Yu
|
|upkeep
|inactive|mochithemookmook has 30 seconds left.
|
|t:|1750728147
|switch|p1b: Incineroar|Incineroar, L50, M|100/100
|switch|p2a: Rillaboom|Rillaboom, L50, M|100/100
|-fieldstart|move: Grassy Terrain|[from] ability: Grassy Surge|[of] p2a: Rillaboom
|-ability|p1b: Incineroar|Intimidate|boost
|-unboost|p2a: Rillaboom|atk|1
|-unboost|p2b: Giratina|atk|1
|turn|3
|
|t:|1750728168
|switch|p2b: Chien-Pao|Chien-Pao, L50|100/100
|-ability|p2b: Chien-Pao|Sword of Ruin
|move|p2a: Rillaboom|Fake Out|p1a: Zamazenta
|-resisted|p1a: Zamazenta
|-damage|p1a: Zamazenta|99/100
|move|p1b: Incineroar|Fake Out|p2a: Rillaboom
|-damage|p2a: Rillaboom|87/100
|cant|p1a: Zamazenta|flinch
|
|-heal|p1a: Zamazenta|100/100|[from] Grassy Terrain
|-heal|p2a: Rillaboom|93/100|[from] Grassy Terrain
|upkeep
|turn|4
|inactive|mochithemookmook has 30 seconds left.
|inactive|mochithemookmook has 20 seconds left.
|inactive|mochithemookmook has 15 seconds left.
|
|t:|1750728211
|-terastallize|p2b: Chien-Pao|Ghost
|move|p2b: Chien-Pao|Icicle Crash|p1b: Incineroar
|-resisted|p1b: Incineroar
|-damage|p1b: Incineroar|77/100
|move|p1a: Zamazenta|Body Press|p2a: Rillaboom
|-damage|p2a: Rillaboom|0 fnt
|faint|p2a: Rillaboom
|move|p1b: Incineroar|Parting Shot|p2b: Chien-Pao
|-unboost|p2b: Chien-Pao|atk|1
|-unboost|p2b: Chien-Pao|spa|1
|
|t:|1750728224
|switch|p1b: Calyrex|Calyrex-Shadow, L50|100/100|[from] Parting Shot
|-ability|p1b: Calyrex|As One
|-ability|p1b: Calyrex|Unnerve
|
|upkeep
|
|t:|1750728231
|switch|p2a: Giratina|Giratina-Origin, L50|65/100
|turn|5
|inactive|ISeduceFathers has 30 seconds left.
|
|t:|1750728256
|-terastallize|p1b: Calyrex|Ground
|move|p2b: Chien-Pao|Sucker Punch|p1b: Calyrex
|-damage|p1b: Calyrex|64/100
|move|p1b: Calyrex|Astral Barrage|p2b: Chien-Pao|[spread] p2a,p2b
|-supereffective|p2a: Giratina
|-supereffective|p2b: Chien-Pao
|-crit|p2b: Chien-Pao
|-damage|p2a: Giratina|0 fnt
|-enditem|p2b: Chien-Pao|Focus Sash
|-damage|p2b: Chien-Pao|1/100
|faint|p2a: Giratina
|-ability|p1b: Calyrex|Grim Neigh|boost
|-boost|p1b: Calyrex|spa|1
|-damage|p1b: Calyrex|55/100|[from] item: Life Orb
|move|p1a: Zamazenta|Behemoth Bash|p2b: Chien-Pao
|-damage|p2b: Chien-Pao|0 fnt
|faint|p2b: Chien-Pao
|
|win|ISeduceFathers
|raw|ISeduceFathers's rating: 1111 &rarr; <strong>1130</strong><br />(+19 for winning)
|raw|mochithemookmook's rating: 1029 &rarr; <strong>1018</strong><br />(-11 for losing)
|l|☆mochithemookmook
|player|p2|
