|j|☆kealk
|j|☆tzfmndf03
|t:|1750752437
|gametype|doubles
|player|p1|kealk|101|1279
|player|p2|tzfmndf03|169|1386
|teamsize|p1|6
|teamsize|p2|6
|gen|9
|tier|[Gen 9] VGC 2025 Reg I
|rated|
|rule|Species Clause: Limit one of each Pokémon
|rule|Item Clause: Limit 1 of each item
|clearpoke
|poke|p1|Great Tusk, L50|
|poke|p1|Koraidon, L50|
|poke|p1|Zamazenta-*, L50|
|poke|p1|Slither Wing, L50|
|poke|p1|Urshifu-*, L50, F|
|poke|p1|Iron Valiant, L50|
|poke|p2|Muk-Alola, L50, F|
|poke|p2|Smeargle, L50, F|
|poke|p2|Ditto, L50|
|poke|p2|Calyrex-Shadow, L50|
|poke|p2|Raging Bolt, L50|
|poke|p2|Zamazenta-*, L50|
|teampreview|4
|
|t:|1750752483
|start
|switch|p1a: Urshifu|Urshifu, L50, F|100/100
|switch|p1b: Slither Wing|Slither Wing, L50|100/100
|switch|p2a: God Call Me God|Muk-Alola, L50, F|100/100
|switch|p2b: Raging Bolt|Raging Bolt, L50|100/100
|turn|1
|inactive|Battle timer is ON: inactive players will automatically lose when time's up. (requested by kealk)
|
|t:|1750752509
|move|p1a: Urshifu|Helping Hand|p1b: Slither Wing
|-singleturn|p1b: Slither Wing|Helping Hand|[of] p1a: Urshifu
|move|p1b: Slither Wing|First Impression|p2b: Raging Bolt
|-damage|p2b: Raging Bolt|5/100
|-damage|p1b: Slither Wing|91/100|[from] item: Life Orb
|move|p2b: Raging Bolt|Dragon Pulse|p1b: Slither Wing
|-damage|p1b: Slither Wing|48/100
|move|p2a: God Call Me God|Minimize|p2a: God Call Me God
|-boost|p2a: God Call Me God|evasion|2
|
|upkeep
|turn|2
|inactive|tzfmndf03 has 30 seconds left.
|inactive|kealk has 30 seconds left.
|
|t:|1750752543
|move|p2b: Raging Bolt|Thunderclap|p1a: Urshifu
|-damage|p1a: Urshifu|43/100
|move|p1a: Urshifu|Wicked Blow|p2b: Raging Bolt
|-crit|p2b: Raging Bolt
|-damage|p2b: Raging Bolt|0 fnt
|faint|p2b: Raging Bolt
|-end|p2b: Raging Bolt|Protosynthesis|[silent]
|move|p1b: Slither Wing|U-turn|p2a: God Call Me God
|-damage|p2a: God Call Me God|58/100
|-damage|p1b: Slither Wing|39/100|[from] item: Life Orb
|
|t:|1750752554
|-end|p1b: Slither Wing|Protosynthesis|[silent]
|switch|p1b: Zamazenta|Zamazenta-Crowned, L50|100/100|[from] U-turn
|-ability|p1b: Zamazenta|Dauntless Shield|boost
|-boost|p1b: Zamazenta|def|1
|move|p2a: God Call Me God|Minimize|p2a: God Call Me God
|-boost|p2a: God Call Me God|evasion|2
|
|-heal|p2a: God Call Me God|64/100|[from] item: Leftovers
|upkeep
|
|t:|1750752562
|switch|p2b: God|Smeargle, L50, F|100/100
|turn|3
|inactive|kealk has 30 seconds left.
|
|t:|1750752589
|-terastallize|p1b: Zamazenta|Fighting
|move|p2b: God|Fake Out|p1a: Urshifu
|-damage|p1a: Urshifu|33/100
|move|p1b: Zamazenta|Body Press|p2a: God Call Me God|[miss]
|-miss|p1b: Zamazenta|p2a: God Call Me God
|move|p1a: Urshifu|Wicked Blow|p2b: God
|-crit|p2b: God
|-enditem|p2b: God|Focus Sash
|-damage|p2b: God|1/100
|move|p2a: God Call Me God|Minimize|p2a: God Call Me God
|-boost|p2a: God Call Me God|evasion|2
|
|-heal|p2a: God Call Me God|70/100|[from] item: Leftovers
|-ability|p2b: God|Moody|boost
|-boost|p2b: God|spd|2
|-unboost|p2b: God|atk|1
|upkeep
|turn|4
|inactive|tzfmndf03 has 30 seconds left.
|
|t:|1750752624
|move|p2a: God Call Me God|Protect|p2a: God Call Me God
|-singleturn|p2a: God Call Me God|Protect
|move|p1b: Zamazenta|Body Press|p2a: God Call Me God
|-activate|p2a: God Call Me God|move: Protect
|move|p1a: Urshifu|Wicked Blow|p2b: God
|-crit|p2b: God
|-damage|p2b: God|0 fnt
|faint|p2b: God
|-ability|p2a: God Call Me God|Moody|[from] ability: Power of Alchemy|[of] p2b: God
|
|-heal|p2a: God Call Me God|75/100|[from] item: Leftovers
|-ability|p2a: God Call Me God|Moody|boost
|-boost|p2a: God Call Me God|spa|2
|-unboost|p2a: God Call Me God|def|1
|upkeep
|
|t:|1750752631
|switch|p2b: NUCLEAR|Calyrex-Shadow, L50|100/100
|-ability|p2b: NUCLEAR|As One
|-ability|p2b: NUCLEAR|Unnerve
|turn|5
|
|t:|1750752649
|-terastallize|p2b: NUCLEAR|Grass
|move|p1a: Urshifu|Sucker Punch||[still]
|-fail|p1a: Urshifu
|move|p2b: NUCLEAR|Psych Up|p2a: God Call Me God
|-copyboost|p2b: NUCLEAR|p2a: God Call Me God|[from] move: Psych Up
|move|p1b: Zamazenta|Body Press|p2a: God Call Me God
|-damage|p2a: God Call Me God|0 fnt
|faint|p2a: God Call Me God
|
|upkeep
|turn|6
|
|t:|1750752671
|move|p1b: Zamazenta|Wide Guard|p1b: Zamazenta
|-singleturn|p1b: Zamazenta|Wide Guard
|move|p1a: Urshifu|Sucker Punch|p2b: NUCLEAR|[miss]
|-miss|p1a: Urshifu|p2b: NUCLEAR
|move|p2b: NUCLEAR|Giga Drain|p1a: Urshifu
|-damage|p1a: Urshifu|0 fnt
|faint|p1a: Urshifu
|-ability|p2b: NUCLEAR|Grim Neigh|boost
|-boost|p2b: NUCLEAR|spa|1
|
|upkeep
|
|t:|1750752688
|switch|p1a: Slither Wing|Slither Wing, L50|39/100
|turn|7
|
|t:|1750752697
|move|p1a: Slither Wing|First Impression|p2b: NUCLEAR
|-supereffective|p2b: NUCLEAR
|-damage|p2b: NUCLEAR|0 fnt
|faint|p2b: NUCLEAR
|-damage|p1a: Slither Wing|29/100|[from] item: Life Orb
|
|win|kealk
|raw|kealk's rating: 1279 &rarr; <strong>1311</strong><br />(+32 for winning)
|raw|tzfmndf03's rating: 1386 &rarr; <strong>1360</strong><br />(-26 for losing)
|l|☆kealk
|player|p1|
|l|☆tzfmndf03
|player|p2|
