|j|☆gray hamster
|j|☆ouwou
|t:|1750880850
|gametype|doubles
|player|p1|gray hamster|gambler|1069
|player|p2|ouwou|iris|1038
|teamsize|p1|6
|teamsize|p2|6
|gen|9
|tier|[Gen 9] VGC 2025 Reg I
|rated|
|rule|Species Clause: Limit one of each Pokémon
|rule|Item Clause: Limit 1 of each item
|clearpoke
|poke|p1|Miraidon, L50|
|poke|p1|Koraidon, L50|
|poke|p1|Clefairy, L50, M|
|poke|p1|Whimsicott, L50, M|
|poke|p1|Flutter Mane, L50|
|poke|p1|Lilligant-Hisui, L50, F|
|poke|p2|Torkoal, L50, F|
|poke|p2|Lilligant, L50, F|
|poke|p2|Venusaur, L50, M|
|poke|p2|Incineroar, L50, F|
|poke|p2|Great Tusk, L50|
|poke|p2|Koraidon, L50|
|teampreview|4
|c|☆ouwou|Oh love your team!
ouwou rejected open team sheets.
|c|☆ouwou|I definitely feel like I'm about to get my shit rocked though lol
|
|t:|1750880908
|start
|switch|p1a: Whimsicott|Whimsicott, L50, M|100/100
|switch|p1b: Koraidon|Koraidon, L50|100/100
|switch|p2a: Tori|Torkoal, L50, F|100/100
|switch|p2b: Lili|Lilligant, L50, F|100/100
|-weather|SunnyDay|[from] ability: Orichalcum Pulse|[of] p1b: Koraidon
|-activate|p1b: Koraidon|Orichalcum Pulse|[source]
|turn|1
|
|t:|1750880927
|move|p1a: Whimsicott|Taunt|p2b: Lili
|-start|p2b: Lili|move: Taunt
|cant|p2b: Lili|move: Taunt|Sleep Powder
|move|p1b: Koraidon|Close Combat|p2a: Tori
|-damage|p2a: Tori|8/100
|-unboost|p1b: Koraidon|def|1
|-unboost|p1b: Koraidon|spd|1
|-damage|p1b: Koraidon|91/100|[from] item: Life Orb
|move|p2a: Tori|Sludge Bomb|p1a: Whimsicott
|-supereffective|p1a: Whimsicott
|-damage|p1a: Whimsicott|0 fnt
|faint|p1a: Whimsicott
|
|-weather|SunnyDay|[upkeep]
|upkeep
|
|t:|1750880945
|switch|p1a: Miraidon|Miraidon, L50|100/100
|-fieldstart|move: Electric Terrain|[from] ability: Hadron Engine|[of] p1a: Miraidon
|turn|2
|
|t:|1750880966
|move|p2b: Lili|Pollen Puff|p2a: Tori
|-heal|p2a: Tori|58/100
|move|p1a: Miraidon|Electro Drift|p2b: Lili
|-resisted|p2b: Lili
|-damage|p2b: Lili|13/100
|move|p1b: Koraidon|Crunch|p2a: Tori
|-damage|p2a: Tori|19/100
|-damage|p1b: Koraidon|82/100|[from] item: Life Orb
|move|p2a: Tori|Sludge Bomb|p1b: Koraidon
|-damage|p1b: Koraidon|40/100
|-status|p1b: Koraidon|psn
|
|-weather|SunnyDay|[upkeep]
|-damage|p1b: Koraidon|28/100 psn|[from] psn
|upkeep
|turn|3
|
|t:|1750880988
|move|p2b: Lili|Pollen Puff|p2a: Tori
|-heal|p2a: Tori|69/100
|move|p1a: Miraidon|Electro Drift|p2a: Tori
|-damage|p2a: Tori|0 fnt
|faint|p2a: Tori
|move|p1b: Koraidon|Close Combat|p2b: Lili
|-damage|p2b: Lili|0 fnt
|-unboost|p1b: Koraidon|def|1
|-unboost|p1b: Koraidon|spd|1
|faint|p2b: Lili
|-damage|p1b: Koraidon|18/100 psn|[from] item: Life Orb
|
|-weather|SunnyDay|[upkeep]
|-damage|p1b: Koraidon|6/100 psn|[from] psn
|upkeep
|
|t:|1750881003
|switch|p2b: Sari|Venusaur, L50, M, shiny|100/100
|switch|p2a: Doni|Great Tusk, L50|100/100
|-activate|p2a: Doni|ability: Protosynthesis
|-start|p2a: Doni|protosynthesisatk
|turn|4
|
|t:|1750881020
|-terastallize|p2a: Doni|Fairy
|move|p2b: Sari|Solar Beam||[still]
|-prepare|p2b: Sari|Solar Beam
|-anim|p2b: Sari|Solar Beam|p1b: Koraidon
|-resisted|p1b: Koraidon
|-damage|p1b: Koraidon|0 fnt
|faint|p1b: Koraidon
|move|p1a: Miraidon|Electro Drift|p2b: Sari
|-resisted|p2b: Sari
|-damage|p2b: Sari|25/100
|move|p2a: Doni|Play Rough|p1a: Miraidon
|-supereffective|p1a: Miraidon
|-damage|p1a: Miraidon|0 fnt
|faint|p1a: Miraidon
|
|-weather|SunnyDay|[upkeep]
|upkeep
|
|t:|1750881047
|switch|p1b: Clefairy|Clefairy, L50, M|100/100
|turn|5
|c|☆gray hamster|well gg
|-message|gray hamster forfeited.
|
|win|ouwou
|raw|gray hamster's rating: 1069 &rarr; <strong>1047</strong><br />(-22 for losing)
|raw|ouwou's rating: 1038 &rarr; <strong>1075</strong><br />(+37 for winning)
|l|☆gray hamster
|player|p1|
|c|☆ouwou|ggs!
