|j|☆ursamuna
|j|☆Falcon9115
|t:|1750811590
|gametype|doubles
|player|p1|ursamuna|iris-gen5bw2|1347
|player|p2|Falcon9115|red|1272
|teamsize|p1|6
|teamsize|p2|6
|gen|9
|tier|[Gen 9] VGC 2025 Reg I
|rated|
|rule|Species Clause: Limit one of each Pokémon
|rule|Item Clause: Limit 1 of each item
|clearpoke
|poke|p1|Miraidon, L50|
|poke|p1|Calyrex-Ice, L50|
|poke|p1|Iron Hands, L50|
|poke|p1|Clawitzer, L50, F|
|poke|p1|Grimmsnarl, L50, M|
|poke|p1|Incineroar, L50, M|
|poke|p2|Calyrex-Ice, L50|
|poke|p2|Incineroar, L50, F|
|poke|p2|Clefable, L50, M|
|poke|p2|Tornadus, L50, M|
|poke|p2|Miraidon, L50|
|poke|p2|Amoonguss, L50, M|
|teampreview|4
|inactive|Battle timer is ON: inactive players will automatically lose when time's up. (requested by Falcon9115)
|inactive|ursamuna has 60 seconds left.
|
|t:|1750811697
|start
|switch|p1a: 5 Big Booms!|Miraidon, L50|100/100
|switch|p1b: I am|Iron Hands, L50, shiny|100/100
|switch|p2a: Incineroar|Incineroar, L50, F|100/100
|switch|p2b: Calyrex|Calyrex-Ice, L50|100/100
|-ability|p2b: Calyrex|As One
|-ability|p2b: Calyrex|Unnerve
|-fieldstart|move: Electric Terrain|[from] ability: Hadron Engine|[of] p1a: 5 Big Booms!
|-activate|p1b: I am|ability: Quark Drive
|-start|p1b: I am|quarkdriveatk
|-ability|p2a: Incineroar|Intimidate|boost
|-unboost|p1a: 5 Big Booms!|atk|1
|-unboost|p1b: I am|atk|1
|turn|1
|inactive|Falcon9115 has 30 seconds left.
|
|t:|1750811727
|move|p2a: Incineroar|Fake Out|p1b: I am
|-damage|p1b: I am|93/100
|cant|p1b: I am|flinch
|move|p1a: 5 Big Booms!|Volt Switch|p2a: Incineroar
|-damage|p2a: Incineroar|51/100
|
|t:|1750811745
|switch|p1a: Aura Farmer|Grimmsnarl, L50, M, shiny|100/100|[from] Volt Switch
|move|p2b: Calyrex|Glacial Lance|p1a: Aura Farmer|[spread] p1a,p1b
|-damage|p1a: Aura Farmer|47/100
|-damage|p1b: I am|53/100
|
|upkeep
|turn|2
|
|t:|1750811768
|move|p1a: Aura Farmer|Reflect|p1a: Aura Farmer
|-sidestart|p1: ursamuna|Reflect
|move|p2a: Incineroar|Parting Shot|p1b: I am
|-unboost|p1b: I am|atk|1
|-unboost|p1b: I am|spa|1
|
|t:|1750811780
|switch|p2a: Clefable|Clefable, L50, M|100/100|[from] Parting Shot
|move|p2b: Calyrex|Glacial Lance|p1a: Aura Farmer|[spread] p1a,p1b
|-damage|p1a: Aura Farmer|6/100
|-damage|p1b: I am|26/100
|move|p1b: I am|Low Kick|p2a: Clefable
|-resisted|p2a: Clefable
|-damage|p2a: Clefable|76/100
|
|-heal|p2a: Clefable|82/100|[from] item: Leftovers
|upkeep
|turn|3
|
|t:|1750811804
|switch|p1a: Conquest|Calyrex-Ice, L50|100/100
|-ability|p1a: Conquest|As One
|-ability|p1a: Conquest|Unnerve
|move|p2a: Clefable|Follow Me|p2a: Clefable
|-singleturn|p2a: Clefable|move: Follow Me
|move|p1b: I am|Heavy Slam|p2a: Clefable
|-supereffective|p2a: Clefable
|-damage|p2a: Clefable|0 fnt
|faint|p2a: Clefable
|move|p2b: Calyrex|Glacial Lance|p1a: Conquest|[spread] p1a,p1b
|-resisted|p1a: Conquest
|-damage|p1a: Conquest|89/100
|-damage|p1b: I am|0 fnt
|faint|p1b: I am
|-end|p1b: I am|Quark Drive|[silent]
|-ability|p2b: Calyrex|Chilling Neigh|boost
|-boost|p2b: Calyrex|atk|1
|
|-heal|p1a: Conquest|95/100|[from] item: Leftovers
|upkeep
|inactive|ursamuna has 30 seconds left.
|
|t:|1750811838
|switch|p2a: Incineroar|Incineroar, L50, F|51/100
|switch|p1b: Aura Farmer|Grimmsnarl, L50, M, shiny|6/100
|-ability|p2a: Incineroar|Intimidate|boost
|-unboost|p1a: Conquest|atk|1
|-unboost|p1b: Aura Farmer|atk|1
|turn|4
|
|t:|1750811857
|move|p1a: Conquest|Protect|p1a: Conquest
|-singleturn|p1a: Conquest|Protect
|move|p2a: Incineroar|Fake Out|p1a: Conquest
|-activate|p1a: Conquest|move: Protect
|move|p1b: Aura Farmer|Light Screen|p1b: Aura Farmer
|-sidestart|p1: ursamuna|move: Light Screen
|move|p2b: Calyrex|Throat Chop|p1a: Conquest
|-activate|p1a: Conquest|move: Protect
|
|-heal|p1a: Conquest|100/100|[from] item: Leftovers
|upkeep
|turn|5
|inactive|Falcon9115 has 30 seconds left.
|inactive|Falcon9115 has 20 seconds left.
|inactive|Falcon9115 has 15 seconds left.
|inactive|Falcon9115 has 10 seconds left.
|inactive|Falcon9115 has 5 seconds left.
|
|t:|1750811907
|switch|p1a: 5 Big Booms!|Miraidon, L50|100/100
|-activate|p1a: 5 Big Booms!|ability: Hadron Engine
|move|p1b: Aura Farmer|Spirit Break|p2a: Incineroar
|-crit|p2a: Incineroar
|-damage|p2a: Incineroar|2/100
|-unboost|p2a: Incineroar|spa|1
|move|p2a: Incineroar|Will-O-Wisp|p1a: 5 Big Booms!
|-status|p1a: 5 Big Booms!|brn
|move|p2b: Calyrex|Glacial Lance|p1b: Aura Farmer|[spread] p1a,p1b
|-supereffective|p1a: 5 Big Booms!
|-damage|p1a: 5 Big Booms!|0 fnt
|-damage|p1b: Aura Farmer|0 fnt
|faint|p1a: 5 Big Booms!
|faint|p1b: Aura Farmer
|-ability|p2b: Calyrex|Chilling Neigh|boost
|-boost|p2b: Calyrex|atk|2
|
|-fieldend|move: Electric Terrain
|upkeep
|-message|ursamuna forfeited.
|
|win|Falcon9115
|raw|ursamuna's rating: 1347 &rarr; <strong>1323</strong><br />(-24 for losing)
|raw|Falcon9115's rating: 1272 &rarr; <strong>1302</strong><br />(+30 for winning)
|l|☆ursamuna
|player|p1|
|l|☆Falcon9115
|player|p2|
