|j|☆imnotagni
|j|☆It'sJustKen VGC
|t:|1750813062
|gametype|doubles
|player|p1|imnotagni|policeman-gen7|1663
|player|p2|It'sJustKen VGC|caitlin|1736
|teamsize|p1|6
|teamsize|p2|6
|gen|9
|tier|[Gen 9] VGC 2025 Reg I
|rated|
|rule|Species Clause: Limit one of each Pokémon
|rule|Item Clause: Limit 1 of each item
|clearpoke
|poke|p1|Urshifu-*, L50, F|
|poke|p1|Chien-Pao, L50|
|poke|p1|Amoonguss, L50, F|
|poke|p1|Zacian-*, L50|
|poke|p1|Roaring Moon, L50|
|poke|p1|Kyogre, L50|
|poke|p2|Incineroar, L50, F|
|poke|p2|Urshifu-*, L50, M|
|poke|p2|Amoonguss, L50, F|
|poke|p2|Calyrex-Shadow, L50|
|poke|p2|Tornadus, L50, M|
|poke|p2|Terapagos, L50, M|
|teampreview|4
|inactive|Battle timer is ON: inactive players will automatically lose when time's up. (requested by imnotagni)
|inactive|It'sJustKen VGC also wants the timer to be on.
|inactive|imnotagni has 60 seconds left.
|
|t:|1750813099
|start
|switch|p1a: Roaring Moon|Roaring Moon, L50|100/100
|switch|p1b: Kyogre|Kyogre, L50|100/100
|switch|p2a: Steven He|Urshifu-Rapid-Strike, L50, M|100/100
|switch|p2b: TTE|Tornadus, L50, M|100/100
|-weather|RainDance|[from] ability: Drizzle|[of] p1b: Kyogre
|-enditem|p1a: Roaring Moon|Booster Energy
|-activate|p1a: Roaring Moon|ability: Protosynthesis|[fromitem]
|-start|p1a: Roaring Moon|protosynthesisspe
|turn|1
|
|t:|1750813109
|-terastallize|p2a: Steven He|Water
|move|p2b: TTE|Tailwind|p2b: TTE
|-sidestart|p2: It'sJustKen VGC|move: Tailwind
|move|p2a: Steven He|Surging Strikes|p1a: Roaring Moon
|-resisted|p1a: Roaring Moon
|-crit|p1a: Roaring Moon
|-damage|p1a: Roaring Moon|73/100
|-resisted|p1a: Roaring Moon
|-crit|p1a: Roaring Moon
|-damage|p1a: Roaring Moon|44/100
|-resisted|p1a: Roaring Moon
|-crit|p1a: Roaring Moon
|-damage|p1a: Roaring Moon|19/100
|-hitcount|p1a: Roaring Moon|3
|move|p1a: Roaring Moon|Tailwind|p1a: Roaring Moon
|-sidestart|p1: imnotagni|move: Tailwind
|move|p1b: Kyogre|Origin Pulse|p2b: TTE|[spread] p2a
|-miss|p1b: Kyogre|p2b: TTE
|-resisted|p2a: Steven He
|-damage|p2a: Steven He|30/100
|
|-weather|RainDance|[upkeep]
|upkeep
|turn|2
|
|t:|1750813129
|move|p1a: Roaring Moon|Knock Off|p2a: Steven He
|-damage|p2a: Steven He|0 fnt
|-enditem|p2a: Steven He|Choice Scarf|[from] move: Knock Off|[of] p1a: Roaring Moon
|faint|p2a: Steven He
|move|p2b: TTE|Bleakwind Storm|p1b: Kyogre|[spread] p1a,p1b
|-damage|p1a: Roaring Moon|0 fnt
|-damage|p1b: Kyogre|73/100
|faint|p1a: Roaring Moon
|-end|p1a: Roaring Moon|Protosynthesis|[silent]
|move|p1b: Kyogre|Water Spout|p2b: TTE
|-enditem|p2b: TTE|Focus Sash
|-damage|p2b: TTE|1/100
|
|-weather|RainDance|[upkeep]
|upkeep
|
|t:|1750813151
|switch|p1a: Urshifu|Urshifu-Rapid-Strike, L50, F|100/100
|switch|p2a: @Not Wolfe Glick|Incineroar, L50, F|100/100
|-ability|p2a: @Not Wolfe Glick|Intimidate|boost
|-unboost|p1a: Urshifu|atk|1
|-unboost|p1b: Kyogre|atk|1
|turn|3
|
|t:|1750813177
|switch|p1a: Katanadog|Zacian-Crowned, L50, shiny|100/100
|-ability|p1a: Katanadog|Intrepid Sword|boost
|-boost|p1a: Katanadog|atk|1
|move|p2b: TTE|Bleakwind Storm|p1a: Katanadog|[spread] p1a,p1b
|-resisted|p1a: Katanadog
|-damage|p1a: Katanadog|86/100
|-damage|p1b: Kyogre|50/100
|-unboost|p1b: Kyogre|spe|1
|move|p2a: @Not Wolfe Glick|Knock Off|p1a: Katanadog
|-resisted|p1a: Katanadog
|-damage|p1a: Katanadog|72/100
|move|p1b: Kyogre|Water Spout|p2b: TTE|[spread] p2a,p2b
|-supereffective|p2a: @Not Wolfe Glick
|-damage|p2a: @Not Wolfe Glick|11/100
|-damage|p2b: TTE|0 fnt
|faint|p2b: TTE
|
|-weather|RainDance|[upkeep]
|upkeep
|
|t:|1750813181
|switch|p2b: Chicken Jockey|Calyrex-Shadow, L50|100/100
|-ability|p2b: Chicken Jockey|As One
|-ability|p2b: Chicken Jockey|Unnerve
|turn|4
|
|t:|1750813192
|move|p1a: Katanadog|Behemoth Blade|p2a: @Not Wolfe Glick
|-resisted|p2a: @Not Wolfe Glick
|-damage|p2a: @Not Wolfe Glick|0 fnt
|faint|p2a: @Not Wolfe Glick
|move|p2b: Chicken Jockey|Astral Barrage|p1b: Kyogre|[spread] p1a,p1b
|-damage|p1a: Katanadog|5/100
|-damage|p1b: Kyogre|0 fnt
|faint|p1b: Kyogre
|-ability|p2b: Chicken Jockey|Grim Neigh|boost
|-boost|p2b: Chicken Jockey|spa|1
|-damage|p2b: Chicken Jockey|91/100|[from] item: Life Orb
|
|-weather|RainDance|[upkeep]
|-sideend|p2: It'sJustKen VGC|move: Tailwind
|-sideend|p1: imnotagni|move: Tailwind
|upkeep
|
|t:|1750813194
|switch|p1b: Urshifu|Urshifu-Rapid-Strike, L50, F|100/100
|turn|5
|
|t:|1750813199
|-terastallize|p1b: Urshifu|Water
|move|p1b: Urshifu|Surging Strikes|p2b: Chicken Jockey
|-crit|p2b: Chicken Jockey
|-damage|p2b: Chicken Jockey|39/100
|-crit|p2b: Chicken Jockey
|-damage|p2b: Chicken Jockey|0 fnt
|faint|p2b: Chicken Jockey
|-hitcount|p2: Chicken Jockey|2
|
|win|imnotagni
|raw|imnotagni's rating: 1663 &rarr; <strong>1688</strong><br />(+25 for winning)
|raw|It&apos;sJustKen VGC's rating: 1760 &rarr; <strong>1735</strong><br />(-25 for losing)
|c|☆imnotagni|gg
|l|☆It'sJustKen VGC
|player|p2|
