|j|☆Mameon
|j|☆leshoegg
|t:|1750862748
|gametype|doubles
|player|p1|Mameon|red|1207
|player|p2|leshoegg|169|1304
|teamsize|p1|6
|teamsize|p2|6
|gen|9
|tier|[Gen 9] VGC 2025 Reg I
|rated|
|rule|Species Clause: Limit one of each Pokémon
|rule|Item Clause: Limit 1 of each item
|clearpoke
|poke|p1|Calyrex-Ice, L50|
|poke|p1|Scraggy, L50, M|
|poke|p1|Miraidon, L50|
|poke|p1|Farigiraf, L50, F|
|poke|p1|Iron Treads, L50|
|poke|p1|Iron Hands, L50|
|poke|p2|Miraidon, L50|
|poke|p2|Calyrex-Ice, L50|
|poke|p2|Ogerpon-Wellspring, L50, F|
|poke|p2|Altaria, L50, M|
|poke|p2|Farigiraf, L50, F|
|poke|p2|Incineroar, L50, M|
|teampreview|4
|inactive|Battle timer is ON: inactive players will automatically lose when time's up. (requested by leshoegg)
leshoegg has agreed to open team sheets.
|inactive|leshoegg has 60 seconds left.
|
|t:|1750862787
|start
|switch|p1a: Calyrex|Calyrex-Ice, L50|100/100
|switch|p1b: Scraggy|Scraggy, L50, M|100/100
|switch|p2a: Calyrex|Calyrex-Ice, L50|100/100
|switch|p2b: Ogerpon|Ogerpon-Wellspring, L50, F|100/100
|-ability|p2a: Calyrex|As One
|-ability|p2a: Calyrex|Unnerve
|-ability|p1a: Calyrex|As One
|-ability|p1a: Calyrex|Unnerve
|-ability|p1b: Scraggy|Intimidate|boost
|-unboost|p2a: Calyrex|atk|1
|-unboost|p2b: Ogerpon|atk|1
|turn|1
|
|t:|1750862807
|-terastallize|p2a: Calyrex|Water
|move|p1b: Scraggy|Fake Out|p2a: Calyrex
|-damage|p2a: Calyrex|96/100
|move|p2b: Ogerpon|Follow Me|p2b: Ogerpon
|-singleturn|p2b: Ogerpon|move: Follow Me
|cant|p2a: Calyrex|flinch
|move|p1a: Calyrex|Trick Room|p1a: Calyrex
|-fieldstart|move: Trick Room|[of] p1a: Calyrex
|
|-heal|p2a: Calyrex|100/100|[from] item: Leftovers
|upkeep
|turn|2
|
|t:|1750862829
|move|p1a: Calyrex|Protect|p1a: Calyrex
|-singleturn|p1a: Calyrex|Protect
|move|p1b: Scraggy|Coaching|p1a: Calyrex
|-boost|p1a: Calyrex|atk|1
|-boost|p1a: Calyrex|def|1
|move|p2a: Calyrex|Glacial Lance|p1b: Scraggy|[spread] p1b
|-activate|p1a: Calyrex|move: Protect
|-damage|p1b: Scraggy|66/100
|move|p2b: Ogerpon|Ivy Cudgel|p1a: Calyrex|[anim] Ivy Cudgel Water
|-activate|p1a: Calyrex|move: Protect
|
|upkeep
|turn|3
|
|t:|1750862852
|move|p2a: Calyrex|Protect|p2a: Calyrex
|-singleturn|p2a: Calyrex|Protect
|move|p1b: Scraggy|Endeavor|p2a: Calyrex
|-activate|p2a: Calyrex|move: Protect
|move|p1a: Calyrex|Glacial Lance|p2b: Ogerpon|[spread] p2b
|-activate|p2a: Calyrex|move: Protect
|-damage|p2b: Ogerpon|2/100
|move|p2b: Ogerpon|Ivy Cudgel|p1a: Calyrex|[anim] Ivy Cudgel Water
|-damage|p1a: Calyrex|80/100
|
|upkeep
|turn|4
|
|t:|1750862871
|switch|p2a: Farigiraf|Farigiraf, L50, F|100/100
|move|p2b: Ogerpon|Spiky Shield|p2b: Ogerpon
|-singleturn|p2b: Ogerpon|move: Protect
|move|p1b: Scraggy|Endeavor|p2a: Farigiraf
|-damage|p2a: Farigiraf|37/100
|move|p1a: Calyrex|Glacial Lance|p2a: Farigiraf|[spread] p2a
|-activate|p2b: Ogerpon|move: Protect
|-damage|p2a: Farigiraf|0 fnt
|faint|p2a: Farigiraf
|-ability|p1a: Calyrex|Chilling Neigh|boost
|-boost|p1a: Calyrex|atk|1
|
|upkeep
|
|t:|1750862880
|switch|p2a: Miraidon|Miraidon, L50|100/100
|-fieldstart|move: Electric Terrain|[from] ability: Hadron Engine|[of] p2a: Miraidon
|turn|5
|
|t:|1750862893
|move|p2a: Miraidon|Protect|p2a: Miraidon
|-singleturn|p2a: Miraidon|Protect
|move|p1b: Scraggy|Endeavor|p2a: Miraidon
|-activate|p2a: Miraidon|move: Protect
|move|p1a: Calyrex|Glacial Lance|p2a: Miraidon|[spread] p2b
|-activate|p2a: Miraidon|move: Protect
|-damage|p2b: Ogerpon|0 fnt
|faint|p2b: Ogerpon
|-ability|p1a: Calyrex|Chilling Neigh|boost
|-boost|p1a: Calyrex|atk|1
|
|-fieldend|move: Trick Room
|upkeep
|
|t:|1750862894
|switch|p2b: Calyrex|Calyrex-Ice, L50, tera:Water|100/100
|-ability|p2b: Calyrex|As One
|-ability|p2b: Calyrex|Unnerve
|turn|6
|inactive|Mameon has 30 seconds left.
|
|t:|1750862927
|move|p2a: Miraidon|Electro Drift|p1a: Calyrex
|-damage|p1a: Calyrex|0 fnt
|faint|p1a: Calyrex
|-damage|p2a: Miraidon|91/100|[from] item: Life Orb
|move|p2b: Calyrex|Glacial Lance|p1b: Scraggy
|-damage|p1b: Scraggy|2/100
|move|p1b: Scraggy|Endeavor|p2a: Miraidon
|-damage|p2a: Miraidon|2/100
|
|upkeep
|
|t:|1750862941
|switch|p1a: Iron Hands|Iron Hands, L50|100/100
|-activate|p1a: Iron Hands|ability: Quark Drive
|-start|p1a: Iron Hands|quarkdriveatk
|turn|7
|
|t:|1750862955
|switch|p1b: Miraidon|Miraidon, L50|100/100
|-activate|p1b: Miraidon|ability: Hadron Engine
|move|p2a: Miraidon|Protect|p2a: Miraidon
|-singleturn|p2a: Miraidon|Protect
|move|p1a: Iron Hands|Fake Out|p2a: Miraidon
|-activate|p2a: Miraidon|move: Protect
|move|p2b: Calyrex|Glacial Lance|p1b: Miraidon|[spread] p1a,p1b
|-supereffective|p1b: Miraidon
|-damage|p1a: Iron Hands|62/100
|-damage|p1b: Miraidon|13/100
|
|upkeep
|turn|8
|
|t:|1750862980
|move|p2a: Miraidon|Dazzling Gleam|p1a: Iron Hands|[spread] p1a,p1b
|-supereffective|p1a: Iron Hands
|-supereffective|p1b: Miraidon
|-damage|p1a: Iron Hands|22/100
|-damage|p1b: Miraidon|0 fnt
|faint|p1b: Miraidon
|-damage|p2a: Miraidon|0 fnt|[from] item: Life Orb
|faint|p2a: Miraidon
|move|p2b: Calyrex|Glacial Lance|p1a: Iron Hands
|-damage|p1a: Iron Hands|0 fnt
|faint|p1a: Iron Hands
|-end|p1a: Iron Hands|Quark Drive|[silent]
|-ability|p2b: Calyrex|Chilling Neigh|boost
|-boost|p2b: Calyrex|atk|1
|
|upkeep
|
|t:|1750862994
|switch|p1b: Scraggy|Scraggy, L50, M|2/100
|-ability|p1b: Scraggy|Intimidate|boost
|-unboost|p2b: Calyrex|atk|1
|turn|9
|
|t:|1750863001
|-terastallize|p1b: Scraggy|Poison
|move|p2b: Calyrex|Protect|p2b: Calyrex
|-singleturn|p2b: Calyrex|Protect
|move|p1b: Scraggy|Endeavor|p2b: Calyrex
|-activate|p2b: Calyrex|move: Protect
|
|-fieldend|move: Electric Terrain
|upkeep
|turn|10
|
|t:|1750863011
|move|p2b: Calyrex|High Horsepower|p1b: Scraggy
|-supereffective|p1b: Scraggy
|-damage|p1b: Scraggy|0 fnt
|faint|p1b: Scraggy
|
|win|leshoegg
|raw|Mameon's rating: 1207 &rarr; <strong>1189</strong><br />(-18 for losing)
|raw|leshoegg's rating: 1304 &rarr; <strong>1319</strong><br />(+15 for winning)
|l|☆leshoegg
|player|p2|
