|j|☆nolemonnomelon
|j|☆Yoohohohobrook
|t:|1750708497
|gametype|doubles
|player|p1|nolemonnomelon|hilda|1458
|player|p2|Yoohohohobrook|red|1422
|teamsize|p1|6
|teamsize|p2|6
|gen|9
|tier|[Gen 9] VGC 2025 Reg I
|rated|
|rule|Species Clause: Limit one of each Pokémon
|rule|Item Clause: Limit 1 of each item
|clearpoke
|poke|p1|Kyogre, L50|
|poke|p1|Tornadus, L50, M|
|poke|p1|Incineroar, L50, F|
|poke|p1|Farigiraf, L50, M|
|poke|p1|Tinkaton, L50, F|
|poke|p1|Calyrex-Ice, L50|
|poke|p2|Volcarona, L50, F|
|poke|p2|Groudon, L50|
|poke|p2|Incineroar, L50, F|
|poke|p2|Flutter Mane, L50|
|poke|p2|Miraidon, L50|
|poke|p2|Iron Valiant, L50|
|teampreview|4
|inactive|Battle timer is ON: inactive players will automatically lose when time's up. (requested by nolemonnomelon)
|inactive|Yoohohohobrook also wants the timer to be on.
|inactive|nolemonnomelon has 60 seconds left.
|inactive|Yoohohohobrook has 60 seconds left.
|
|t:|1750708539
|start
|switch|p1a: Kyogre|Kyogre, L50|100/100
|switch|p1b: Tornadus|Tornadus, L50, M|100/100
|switch|p2a: Groudon|Groudon, L50|100/100
|switch|p2b: Iron Valiant|Iron Valiant, L50|100/100
|-weather|RainDance|[from] ability: Drizzle|[of] p1a: Kyogre
|-weather|SunnyDay|[from] ability: Drought|[of] p2a: Groudon
|-enditem|p2b: Iron Valiant|Booster Energy
|-activate|p2b: Iron Valiant|ability: Quark Drive|[fromitem]
|-start|p2b: Iron Valiant|quarkdrivespe
|turn|1
|
|t:|1750708564
|move|p1b: Tornadus|Protect|p1b: Tornadus
|-singleturn|p1b: Tornadus|Protect
|move|p2b: Iron Valiant|Wide Guard|p2b: Iron Valiant
|-singleturn|p2b: Iron Valiant|Wide Guard
|move|p1a: Kyogre|Ice Beam|p2a: Groudon
|-supereffective|p2a: Groudon
|-damage|p2a: Groudon|0 fnt
|faint|p2a: Groudon
|
|-weather|SunnyDay|[upkeep]
|upkeep
|
|t:|1750708575
|switch|p2a: Miraidon|Miraidon, L50|100/100
|-fieldstart|move: Electric Terrain|[from] ability: Hadron Engine|[of] p2a: Miraidon
|turn|2
|
|t:|1750708580
|move|p1b: Tornadus|Tailwind|p1b: Tornadus
|-sidestart|p1: nolemonnomelon|move: Tailwind
|move|p2b: Iron Valiant|Spirit Break|p1a: Kyogre
|-damage|p1a: Kyogre|69/100
|-unboost|p1a: Kyogre|spa|1
|move|p1a: Kyogre|Ice Beam|p2a: Miraidon
|-supereffective|p2a: Miraidon
|-damage|p2a: Miraidon|57/100
|move|p2a: Miraidon|Electro Drift|p1b: Tornadus
|-supereffective|p1b: Tornadus
|-damage|p1b: Tornadus|0 fnt
|faint|p1b: Tornadus
|
|-weather|SunnyDay|[upkeep]
|upkeep
|
|t:|1750708594
|switch|p1b: Farigiraf|Farigiraf, L50, M|100/100
|turn|3
|
|t:|1750708601
|switch|p1a: Calyrex|Calyrex-Ice, L50|100/100
|-ability|p1a: Calyrex|As One
|-ability|p1a: Calyrex|Unnerve
|-terastallize|p1b: Farigiraf|Ground
|move|p2b: Iron Valiant|Spirit Break|p1a: Calyrex
|-damage|p1a: Calyrex|80/100
|move|p2a: Miraidon|Electro Drift|p1a: Calyrex
|-damage|p1a: Calyrex|9/100
|move|p1b: Farigiraf|Trick Room|p1b: Farigiraf
|-fieldstart|move: Trick Room|[of] p1b: Farigiraf
|
|-weather|SunnyDay|[upkeep]
|upkeep
|turn|4
|
|t:|1750708624
|move|p2b: Iron Valiant|Wide Guard|p2b: Iron Valiant
|-singleturn|p2b: Iron Valiant|Wide Guard
|move|p1a: Calyrex|High Horsepower|p2a: Miraidon|[miss]
|-miss|p1a: Calyrex|p2a: Miraidon
|move|p2a: Miraidon|Snarl|p1a: Calyrex|[spread] p1a,p1b
|-supereffective|p1a: Calyrex
|-damage|p1a: Calyrex|0 fnt
|-damage|p1b: Farigiraf|78/100
|-unboost|p1b: Farigiraf|spa|1
|faint|p1a: Calyrex
|move|p1b: Farigiraf|Tera Blast|p2a: Miraidon|[anim] Tera Blast Ground
|-supereffective|p2a: Miraidon
|-damage|p2a: Miraidon|14/100
|
|-weather|SunnyDay|[upkeep]
|upkeep
|c|☆nolemonnomelon|dang thats really unfortunate
|
|t:|1750708642
|switch|p1a: Kyogre|Kyogre, L50|69/100
|-weather|RainDance|[from] ability: Drizzle|[of] p1a: Kyogre
|turn|5
|c|☆Yoohohohobrook|U won anyway
|c|☆nolemonnomelon|i dont think so
|inactive|nolemonnomelon has 30 seconds left.
|inactive|Yoohohohobrook has 30 seconds left.
|inactive|nolemonnomelon has 20 seconds left.
|inactive|Yoohohohobrook has 20 seconds left.
|
|t:|1750708686
|move|p2a: Miraidon|Draco Meteor|p1b: Farigiraf
|-damage|p1b: Farigiraf|0 fnt
|-unboost|p2a: Miraidon|spa|2
|faint|p1b: Farigiraf
|move|p1a: Kyogre|Thunder|p2b: Iron Valiant
|-damage|p2b: Iron Valiant|0 fnt
|faint|p2b: Iron Valiant
|-end|p2b: Iron Valiant|Quark Drive|[silent]
|
|-weather|RainDance|[upkeep]
|-sideend|p1: nolemonnomelon|move: Tailwind
|upkeep
|j| falafel hunk chunk
|
|t:|1750708697
|switch|p2b: Flutter Mane|Flutter Mane, L50|100/100
|turn|6
|
|t:|1750708710
|move|p1a: Kyogre|Thunder|p2b: Flutter Mane
|-damage|p2b: Flutter Mane|4/100
|-status|p2b: Flutter Mane|par
|move|p2b: Flutter Mane|Moonblast|p1a: Kyogre
|-damage|p1a: Kyogre|34/100
|-unboost|p1a: Kyogre|spa|1
|move|p2a: Miraidon|Electro Drift|p1a: Kyogre
|-supereffective|p1a: Kyogre
|-damage|p1a: Kyogre|0 fnt
|faint|p1a: Kyogre
|
|win|Yoohohohobrook
|raw|nolemonnomelon's rating: 1458 &rarr; <strong>1436</strong><br />(-22 for losing)
|raw|Yoohohohobrook's rating: 1422 &rarr; <strong>1444</strong><br />(+22 for winning)
|c|☆nolemonnomelon|gg
|c|☆Yoohohohobrook|Nvm gg
|l|☆nolemonnomelon
|player|p1|
|l|☆Yoohohohobrook
|player|p2|
