|j|☆Yoshimitsu Kaidou
|j|☆sentinelduck
|t:|1750745847
|gametype|doubles
|player|p1|Yoshimitsu Kaidou|drayden|1077
|player|p2|sentinelduck|n|1116
|teamsize|p1|6
|teamsize|p2|6
|gen|9
|tier|[Gen 9] VGC 2025 Reg I
|rated|
|rule|Species Clause: Limit one of each Pokémon
|rule|Item Clause: Limit 1 of each item
|clearpoke
|poke|p1|Articuno, L50|
|poke|p1|Ninetales-Alola, L50, F|
|poke|p1|Hitmontop, L50, M|
|poke|p1|Tornadus, L50, M|
|poke|p1|Ogerpon-Wellspring, L50, F|
|poke|p1|Miraidon, L50|
|poke|p2|Regigigas, L50|
|poke|p2|Cresselia, L50, F|
|poke|p2|Espathra, L50, F|
|poke|p2|Grimmsnarl, L50, M|
|poke|p2|Ho-Oh, L50|
|poke|p2|Giratina, L50|
|teampreview|4
|inactive|Battle timer is ON: inactive players will automatically lose when time's up. (requested by sentinelduck)
|
|t:|1750745879
|start
|switch|p1a: Hitmontop|Hitmontop, L50, M|100/100
|switch|p1b: Ninetales|Ninetales-Alola, L50, F, shiny|100/100
|switch|p2a: Espathra|Espathra, L50, F|100/100
|switch|p2b: Regigigas|Regigigas, L50|100/100
|-weather|Snowscape|[from] ability: Snow Warning|[of] p1b: Ninetales
|-start|p2b: Regigigas|ability: Slow Start
|-ability|p1a: Hitmontop|Intimidate|boost
|-unboost|p2a: Espathra|atk|1
|-unboost|p2b: Regigigas|atk|1
|turn|1
|inactive|Yoshimitsu Kaidou has 30 seconds left.
|inactive|Yoshimitsu Kaidou has 20 seconds left.
|inactive|Yoshimitsu Kaidou has 15 seconds left.
|inactive|Yoshimitsu Kaidou has 10 seconds left.
|inactive|Yoshimitsu Kaidou has 5 seconds left.
|
|t:|1750745931
|move|p1a: Hitmontop|Fake Out|p2a: Espathra
|-damage|p2a: Espathra|80/100
|move|p1b: Ninetales|Aurora Veil|p1b: Ninetales
|-sidestart|p1: Yoshimitsu Kaidou|move: Aurora Veil
|cant|p2a: Espathra|flinch
|move|p2b: Regigigas|Heavy Slam|p1b: Ninetales
|-supereffective|p1b: Ninetales
|-damage|p1b: Ninetales|49/100
|
|-weather|Snowscape|[upkeep]
|upkeep
|turn|2
|inactive|Yoshimitsu Kaidou has 30 seconds left.
|
|t:|1750745959
|switch|p1a: Articuno|Articuno, L50, shiny|100/100
|move|p1b: Ninetales|Blizzard|p2a: Espathra|[spread] p2a,p2b
|-damage|p2a: Espathra|27/100
|-damage|p2b: Regigigas|77/100
|move|p2a: Espathra|Skill Swap|p2b: Regigigas
|-activate|p2a: Espathra|move: Skill Swap|||[of] p2b: Regigigas
|-end|p2b: Regigigas|Slow Start|[silent]
|-start|p2a: Espathra|ability: Slow Start
|move|p2b: Regigigas|Heavy Slam|p1b: Ninetales
|-supereffective|p1b: Ninetales
|-damage|p1b: Ninetales|0 fnt
|faint|p1b: Ninetales
|
|-weather|Snowscape|[upkeep]
|-heal|p2b: Regigigas|83/100|[from] item: Leftovers
|upkeep
|
|t:|1750745980
|switch|p1b: Hitmontop|Hitmontop, L50, M|100/100
|-ability|p1b: Hitmontop|Intimidate|boost
|-unboost|p2a: Espathra|atk|1
|-unboost|p2b: Regigigas|atk|1
|turn|3
|
|t:|1750745993
|-end|p2a: Espathra|Slow Start|[silent]
|switch|p2a: Grimmsnarl|Grimmsnarl, L50, M, shiny|100/100
|-terastallize|p1a: Articuno|Ice
|move|p2b: Regigigas|Protect|p2b: Regigigas
|-singleturn|p2b: Regigigas|Protect
|move|p1b: Hitmontop|Fake Out|p2b: Regigigas
|-activate|p2b: Regigigas|move: Protect
|move|p1a: Articuno|Blizzard|p2b: Regigigas|[spread] p2a
|-activate|p2b: Regigigas|move: Protect
|-damage|p2a: Grimmsnarl|45/100
|
|-weather|Snowscape|[upkeep]
|-heal|p2b: Regigigas|89/100|[from] item: Leftovers
|upkeep
|turn|4
|inactive|Yoshimitsu Kaidou has 30 seconds left.
|inactive|sentinelduck has 30 seconds left.
|
|t:|1750746023
|move|p1b: Hitmontop|Bullet Punch|p2a: Grimmsnarl
|-supereffective|p2a: Grimmsnarl
|-damage|p2a: Grimmsnarl|16/100
|move|p2a: Grimmsnarl|Swagger|p1a: Articuno
|-boost|p1a: Articuno|atk|2
|-start|p1a: Articuno|confusion
|-ability|p2b: Regigigas|Opportunist|boost
|-boost|p2b: Regigigas|atk|2
|move|p2b: Regigigas|Heavy Slam|p1a: Articuno|[miss]
|-miss|p2b: Regigigas|p1a: Articuno
|-activate|p1a: Articuno|confusion
|move|p1a: Articuno|Blizzard|p2b: Regigigas|[spread] p2a,p2b
|-damage|p2a: Grimmsnarl|0 fnt
|-damage|p2b: Regigigas|38/100
|faint|p2a: Grimmsnarl
|
|-weather|Snowscape|[upkeep]
|-heal|p2b: Regigigas|44/100|[from] item: Leftovers
|upkeep
|
|t:|1750746037
|switch|p2a: Cresselia|Cresselia, L50, F, shiny|100/100
|turn|5
|inactive|Yoshimitsu Kaidou has 30 seconds left.
|
|t:|1750746062
|switch|p1b: Miraidon|Miraidon, L50|100/100
|-fieldstart|move: Electric Terrain|[from] ability: Hadron Engine|[of] p1b: Miraidon
|move|p2b: Regigigas|Protect|p2b: Regigigas
|-singleturn|p2b: Regigigas|Protect
|move|p2a: Cresselia|Lunar Blessing|p2a: Cresselia|[spread] p2a,p2b
|-heal|p2b: Regigigas|69/100
|-end|p1a: Articuno|confusion
|move|p1a: Articuno|Blizzard|p2b: Regigigas|[spread] p2a
|-activate|p2b: Regigigas|move: Protect
|-damage|p2a: Cresselia|60/100
|
|-weather|none
|-heal|p2b: Regigigas|75/100|[from] item: Leftovers
|upkeep
|turn|6
|inactive|Yoshimitsu Kaidou has 30 seconds left.
|l|☆sentinelduck
|inactive|sentinelduck disconnected and has a minute to reconnect!
|player|p2|
|inactive|Yoshimitsu Kaidou has 20 seconds left.
|inactive|Yoshimitsu Kaidou has 15 seconds left.
|
|t:|1750746107
|-terastallize|p2b: Regigigas|Normal
|move|p1b: Miraidon|Electro Drift|p2b: Regigigas
|-damage|p2b: Regigigas|1/100
|move|p2a: Cresselia|Lunar Blessing|p2a: Cresselia|[spread] p2a,p2b
|-heal|p2a: Cresselia|85/100
|-heal|p2b: Regigigas|26/100
|move|p2b: Regigigas|Body Slam|p1b: Miraidon
|-damage|p1b: Miraidon|44/100
|move|p1a: Articuno|Blizzard|p2a: Cresselia|[spread] 
|-miss|p1a: Articuno|p2a: Cresselia
|-miss|p1a: Articuno|p2b: Regigigas
|
|-heal|p2b: Regigigas|32/100|[from] item: Leftovers
|upkeep
|turn|7
|inactive|Yoshimitsu Kaidou has 30 seconds left.
|inactive|sentinelduck has 30 seconds left.
|inactive|sentinelduck has 20 seconds left.
|inactive|sentinelduck has 15 seconds left.
|inactive|sentinelduck has 10 seconds left.
|inactive|sentinelduck has 5 seconds left.
|-message|sentinelduck lost due to inactivity.
|
|win|Yoshimitsu Kaidou
|raw|Yoshimitsu Kaidou's rating: 1077 &rarr; <strong>1109</strong><br />(+32 for winning)
|raw|sentinelduck's rating: 1116 &rarr; <strong>1088</strong><br />(-28 for losing)
|l|☆Yoshimitsu Kaidou
|player|p1|
