|j|☆Bigkm8
|j|☆Ementily
|t:|1750801314
|gametype|doubles
|player|p1|Bigkm8|266|1097
|player|p2|Ementily|2|1119
|teamsize|p1|6
|teamsize|p2|6
|gen|9
|tier|[Gen 9] VGC 2025 Reg I
|rated|
|rule|Species Clause: Limit one of each Pokémon
|rule|Item Clause: Limit 1 of each item
|clearpoke
|poke|p1|Honchkrow, L50, F|
|poke|p1|Iron Leaves, L50|
|poke|p1|Zebstrika, L50, M|
|poke|p1|Miraidon, L50|
|poke|p1|Orthworm, L50, M|
|poke|p1|Ho-Oh, L50|
|poke|p2|Beartic, L50, M|
|poke|p2|Kyogre, L50|
|poke|p2|Farigiraf, L50, M|
|poke|p2|Palkia, L50|
|poke|p2|Amoonguss, L50, M|
|poke|p2|Incineroar, L50, F|
|teampreview|4
|inactive|Battle timer is ON: inactive players will automatically lose when time's up. (requested by Ementily)
|
|t:|1750801345
|start
|switch|p1a: Zebstrika|Zebstrika, L50, M|100/100
|switch|p1b: Miraidon|Miraidon, L50|100/100
|switch|p2a: Kyogre|Kyogre, L50|100/100
|switch|p2b: Incineroar|Incineroar, L50, F|100/100
|-fieldstart|move: Electric Terrain|[from] ability: Hadron Engine|[of] p1b: Miraidon
|-weather|RainDance|[from] ability: Drizzle|[of] p2a: Kyogre
|-ability|p2b: Incineroar|Intimidate|boost
|-unboost|p1a: Zebstrika|atk|1
|-unboost|p1b: Miraidon|atk|1
|turn|1
|inactive|Bigkm8 has 30 seconds left.
|inactive|Bigkm8 has 20 seconds left.
|inactive|Bigkm8 has 15 seconds left.
|inactive|Bigkm8 has 10 seconds left.
|
|t:|1750801392
|switch|p2a: Amoonguss|Amoonguss, L50, M|100/100
|-terastallize|p1a: Zebstrika|Water
|move|p2b: Incineroar|Fake Out|p1b: Miraidon
|-damage|p1b: Miraidon|85/100
|cant|p1b: Miraidon|flinch
|move|p1a: Zebstrika|Tera Blast|p2b: Incineroar|[anim] Tera Blast Water
|-supereffective|p2b: Incineroar
|-damage|p2b: Incineroar|35/100
|
|-weather|RainDance|[upkeep]
|upkeep
|turn|2
|
|t:|1750801413
|move|p2a: Amoonguss|Rage Powder|p2a: Amoonguss
|-singleturn|p2a: Amoonguss|move: Rage Powder
|move|p1b: Miraidon|Snarl|p2a: Amoonguss|[spread] p2a,p2b
|-resisted|p2b: Incineroar
|-damage|p2a: Amoonguss|83/100
|-damage|p2b: Incineroar|22/100
|-unboost|p2a: Amoonguss|spa|1
|-unboost|p2b: Incineroar|spa|1
|-damage|p1b: Miraidon|75/100|[from] item: Life Orb
|move|p1a: Zebstrika|Volt Switch|p2b: Incineroar
|-crit|p2b: Incineroar
|-damage|p2b: Incineroar|0 fnt
|faint|p2b: Incineroar
|
|t:|1750801427
|switch|p1a: Iron Leaves|Iron Leaves, L50|100/100|[from] Volt Switch
|-activate|p1a: Iron Leaves|ability: Quark Drive
|-start|p1a: Iron Leaves|quarkdrivespe
|
|-weather|RainDance|[upkeep]
|upkeep
|
|t:|1750801433
|switch|p2b: Beartic|Beartic, L50, M|100/100
|turn|3
|inactive|Ementily has 30 seconds left.
|
|t:|1750801459
|switch|p1b: Orthworm|Orthworm, L50, M|100/100
|move|p1a: Iron Leaves|Ally Switch|p1a: Iron Leaves
|swap|p1a: Iron Leaves|1|[from] move: Ally Switch
|move|p2b: Beartic|Throat Chop|p1b: Iron Leaves
|-supereffective|p1b: Iron Leaves
|-damage|p1b: Iron Leaves|18/100
|-start|p1b: Iron Leaves|Throat Chop|[silent]
|-damage|p2b: Beartic|90/100|[from] item: Life Orb
|move|p2a: Amoonguss|Pollen Puff|p1a: Orthworm
|-resisted|p1a: Orthworm
|-damage|p1a: Orthworm|94/100
|
|-weather|RainDance|[upkeep]
|upkeep
|turn|4
|inactive|Bigkm8 has 30 seconds left.
|
|t:|1750801490
|-terastallize|p2b: Beartic|Fighting
|move|p2a: Amoonguss|Rage Powder|p2a: Amoonguss
|-singleturn|p2a: Amoonguss|move: Rage Powder
|move|p1b: Iron Leaves|Megahorn|p2a: Amoonguss
|-damage|p2a: Amoonguss|42/100
|-damage|p1b: Iron Leaves|1/100|[from] item: Rocky Helmet|[of] p2a: Amoonguss
|move|p2b: Beartic|Close Combat|p1a: Orthworm
|-supereffective|p1a: Orthworm
|-damage|p1a: Orthworm|0 fnt
|-unboost|p2b: Beartic|def|1
|-unboost|p2b: Beartic|spd|1
|faint|p1a: Orthworm
|-damage|p2b: Beartic|80/100|[from] item: Life Orb
|
|-weather|RainDance|[upkeep]
|-end|p1b: Iron Leaves|Throat Chop|[silent]
|upkeep
|
|t:|1750801505
|switch|p1a: Zebstrika|Zebstrika, L50, M, tera:Water|100/100
|turn|5
|inactive|Bigkm8 has 30 seconds left.
|
|t:|1750801532
|move|p2b: Beartic|Protect|p2b: Beartic
|-singleturn|p2b: Beartic|Protect
|move|p2a: Amoonguss|Protect|p2a: Amoonguss
|-singleturn|p2a: Amoonguss|Protect
|move|p1b: Iron Leaves|Psyblade|p2b: Beartic
|-activate|p2b: Beartic|move: Protect
|move|p1a: Zebstrika|Volt Switch|p2b: Beartic
|-activate|p2b: Beartic|move: Protect
|
|-weather|none
|-fieldend|move: Electric Terrain
|-end|p1b: Iron Leaves|Quark Drive
|upkeep
|-enditem|p1b: Iron Leaves|Booster Energy
|-activate|p1b: Iron Leaves|ability: Quark Drive|[fromitem]
|-start|p1b: Iron Leaves|quarkdrivespe
|turn|6
|inactive|Bigkm8 has 30 seconds left.
|inactive|Ementily has 30 seconds left.
|inactive|Bigkm8 has 20 seconds left.
|
|t:|1750801568
|switch|p2a: Kyogre|Kyogre, L50|100/100
|-weather|RainDance|[from] ability: Drizzle|[of] p2a: Kyogre
|move|p1b: Iron Leaves|Megahorn|p2a: Kyogre
|-damage|p2a: Kyogre|60/100
|move|p2b: Beartic|Throat Chop|p1b: Iron Leaves
|-supereffective|p1b: Iron Leaves
|-damage|p1b: Iron Leaves|0 fnt
|faint|p1b: Iron Leaves
|-end|p1b: Iron Leaves|Quark Drive|[silent]
|-damage|p2b: Beartic|70/100|[from] item: Life Orb
|move|p1a: Zebstrika|Tera Blast|p2b: Beartic|[anim] Tera Blast Water
|-damage|p2b: Beartic|0 fnt
|faint|p2b: Beartic
|
|-weather|RainDance|[upkeep]
|upkeep
|
|t:|1750801583
|switch|p1b: Miraidon|Miraidon, L50|75/100
|switch|p2b: Amoonguss|Amoonguss, L50, M|75/100
|-fieldstart|move: Electric Terrain|[from] ability: Hadron Engine|[of] p1b: Miraidon
|turn|7
|inactive|Bigkm8 has 30 seconds left.
|
|t:|1750801620
|move|p1b: Miraidon|Dragon Pulse|p2b: Amoonguss
|-damage|p2b: Amoonguss|18/100
|-damage|p1b: Miraidon|66/100|[from] item: Life Orb
|move|p1a: Zebstrika|Tera Blast|p2b: Amoonguss|[anim] Tera Blast Water
|-resisted|p2b: Amoonguss
|-damage|p2b: Amoonguss|0 fnt
|faint|p2b: Amoonguss
|move|p2a: Kyogre|Ice Beam|p1b: Miraidon
|-supereffective|p1b: Miraidon
|-damage|p1b: Miraidon|0 fnt
|faint|p1b: Miraidon
|
|-weather|RainDance|[upkeep]
|upkeep
|turn|8
|inactive|Ementily has 30 seconds left.
|
|t:|1750801648
|move|p1a: Zebstrika|Volt Switch|p2a: Kyogre
|-supereffective|p2a: Kyogre
|-crit|p2a: Kyogre
|-damage|p2a: Kyogre|0 fnt
|faint|p2a: Kyogre
|
|win|Bigkm8
|raw|Bigkm8's rating: 1097 &rarr; <strong>1124</strong><br />(+27 for winning)
|raw|Ementily's rating: 1119 &rarr; <strong>1092</strong><br />(-27 for losing)
|c|☆Ementily|GG
|l|☆Bigkm8
|player|p1|
|l|☆Ementily
|player|p2|
