|j|☆urukhai01
|j|☆MavenVGC
|t:|1750766533
|gametype|doubles
|player|p1|urukhai01|zinzolin|1413
|player|p2|MavenVGC|steven|1297
|teamsize|p1|6
|teamsize|p2|6
|gen|9
|tier|[Gen 9] VGC 2025 Reg I
|rated|
|rule|Species Clause: Limit one of each Pokémon
|rule|Item Clause: Limit 1 of each item
|clearpoke
|poke|p1|Eternatus, L50|
|poke|p1|Zacian-*, L50|
|poke|p1|Heatran, L50, F|
|poke|p1|Grimmsnarl, L50, M|
|poke|p1|Chi-Yu, L50|
|poke|p1|Ogerpon-Cornerstone, L50, F|
|poke|p2|Calyrex-Ice, L50|
|poke|p2|Ho-Oh, L50|
|poke|p2|Iron Hands, L50|
|poke|p2|Flutter Mane, L50|
|poke|p2|Ogerpon-Wellspring, L50, F|
|poke|p2|Volcarona, L50, F|
|teampreview|4
|inactive|Battle timer is ON: inactive players will automatically lose when time's up. (requested by MavenVGC)
MavenVGC rejected open team sheets.
|
|t:|1750766551
|start
|switch|p1a: Eternatus|Eternatus, L50|100/100
|switch|p1b: Grimmsnarl|Grimmsnarl, L50, M|100/100
|switch|p2a: Calyrex|Calyrex-Ice, L50|100/100
|switch|p2b: Iron Hands|Iron Hands, L50|100/100
|-ability|p2a: Calyrex|As One
|-ability|p2a: Calyrex|Unnerve
|-ability|p1a: Eternatus|Pressure
|turn|1
|
|t:|1750766567
|-terastallize|p1a: Eternatus|Ghost
|-terastallize|p2a: Calyrex|Fire
|move|p1a: Eternatus|Meteor Beam||[still]
|-prepare|p1a: Eternatus|Meteor Beam
|-boost|p1a: Eternatus|spa|1
|-enditem|p1a: Eternatus|Power Herb
|-anim|p1a: Eternatus|Meteor Beam|p2a: Calyrex
|-supereffective|p2a: Calyrex
|-damage|p2a: Calyrex|19/100
|move|p1b: Grimmsnarl|Spirit Break|p2a: Calyrex
|-resisted|p2a: Calyrex
|-damage|p2a: Calyrex|12/100
|-unboost|p2a: Calyrex|spa|1
|move|p2b: Iron Hands|Heavy Slam|p1b: Grimmsnarl
|-supereffective|p1b: Grimmsnarl
|-damage|p1b: Grimmsnarl|0 fnt
|faint|p1b: Grimmsnarl
|move|p2a: Calyrex|Leech Seed|p1a: Eternatus
|-start|p1a: Eternatus|move: Leech Seed
|
|-heal|p2a: Calyrex|18/100|[from] item: Leftovers
|-damage|p1a: Eternatus|88/100|[from] Leech Seed|[of] p2a: Calyrex
|-heal|p2a: Calyrex|31/100|[silent]
|upkeep
|inactive|urukhai01 has 30 seconds left.
|
|t:|1750766593
|switch|p1b: Zacian|Zacian-Crowned, L50|100/100
|-ability|p1b: Zacian|Intrepid Sword|boost
|-boost|p1b: Zacian|atk|1
|turn|2
|
|t:|1750766602
|-end|p2b: Iron Hands|Quark Drive|[silent]
|switch|p2b: Ho-Oh|Ho-Oh, L50|100/100
|move|p2a: Calyrex|Protect|p2a: Calyrex
|-singleturn|p2a: Calyrex|Protect
|move|p1a: Eternatus|Sludge Bomb|p2a: Calyrex
|-activate|p2a: Calyrex|move: Protect
|move|p1b: Zacian|Play Rough|p2b: Ho-Oh
|-resisted|p2b: Ho-Oh
|-damage|p2b: Ho-Oh|70/100
|
|-heal|p2a: Calyrex|37/100|[from] item: Leftovers
|-damage|p1a: Eternatus|76/100|[from] Leech Seed|[of] p2a: Calyrex
|-heal|p2a: Calyrex|50/100|[silent]
|upkeep
|turn|3
|inactive|urukhai01 has 30 seconds left.
|
|t:|1750766630
|switch|p2a: Iron Hands|Iron Hands, L50|100/100
|move|p1b: Zacian|Protect|p1b: Zacian
|-singleturn|p1b: Zacian|Protect
|move|p1a: Eternatus|Dynamax Cannon|p2a: Iron Hands
|-damage|p2a: Iron Hands|54/100
|move|p2b: Ho-Oh|Sacred Fire|p1b: Zacian
|-activate|p1b: Zacian|move: Protect
|
|-damage|p1a: Eternatus|64/100|[from] Leech Seed|[of] p2a: Iron Hands
|-heal|p2a: Iron Hands|65/100|[silent]
|upkeep
|turn|4
|inactive|urukhai01 has 30 seconds left.
|
|t:|1750766660
|switch|p1b: Heatran|Heatran, L50, F|100/100
|move|p2a: Iron Hands|Fake Out|p1b: Heatran
|-resisted|p1b: Heatran
|-damage|p1b: Heatran|93/100
|move|p1a: Eternatus|Meteor Beam||[still]
|-prepare|p1a: Eternatus|Meteor Beam
|-boost|p1a: Eternatus|spa|1
|move|p2b: Ho-Oh|Brave Bird|p1a: Eternatus
|-damage|p1a: Eternatus|13/100
|-damage|p2b: Ho-Oh|52/100|[from] Recoil
|
|-damage|p1a: Eternatus|0 fnt|[from] Leech Seed|[of] p2a: Iron Hands
|-heal|p2a: Iron Hands|77/100|[silent]
|faint|p1a: Eternatus
|upkeep
|
|t:|1750766671
|switch|p1a: Zacian|Zacian-Crowned, L50|100/100
|turn|5
|
|t:|1750766685
|move|p2b: Ho-Oh|Protect|p2b: Ho-Oh
|-singleturn|p2b: Ho-Oh|Protect
|move|p1a: Zacian|Swords Dance|p1a: Zacian
|-boost|p1a: Zacian|atk|2
|move|p1b: Heatran|Magma Storm|p2b: Ho-Oh
|-activate|p2b: Ho-Oh|move: Protect
|move|p2a: Iron Hands|Drain Punch|p1b: Heatran
|-supereffective|p1b: Heatran
|-damage|p1b: Heatran|16/100
|-heal|p2a: Iron Hands|100/100|[from] drain|[of] p1b: Heatran
|
|upkeep
|turn|6
|
|t:|1750766701
|move|p1a: Zacian|Behemoth Blade|p2b: Ho-Oh
|-resisted|p2b: Ho-Oh
|-damage|p2b: Ho-Oh|10/100
|-enditem|p2b: Ho-Oh|Sitrus Berry|[eat]
|-heal|p2b: Ho-Oh|35/100|[from] item: Sitrus Berry
|move|p2b: Ho-Oh|Sacred Fire|p1a: Zacian
|-supereffective|p1a: Zacian
|-damage|p1a: Zacian|31/100
|-status|p1a: Zacian|brn
|move|p1b: Heatran|Earth Power|p2a: Iron Hands
|-supereffective|p2a: Iron Hands
|-damage|p2a: Iron Hands|62/100
|move|p2a: Iron Hands|Drain Punch|p1b: Heatran
|-supereffective|p1b: Heatran
|-damage|p1b: Heatran|0 fnt
|-heal|p2a: Iron Hands|69/100|[from] drain|[of] p1b: Heatran
|faint|p1b: Heatran
|
|-damage|p1a: Zacian|25/100 brn|[from] brn
|upkeep
|turn|7
|-message|urukhai01 forfeited.
|
|win|MavenVGC
|raw|urukhai01's rating: 1413 &rarr; <strong>1387</strong><br />(-26 for losing)
|raw|MavenVGC's rating: 1297 &rarr; <strong>1330</strong><br />(+33 for winning)
|l|☆urukhai01
|player|p1|
|l|☆MavenVGC
|player|p2|
