|j|☆GucciSoup
|j|☆KingKongPOV
|t:|1750865603
|gametype|doubles
|player|p1|GucciSoup|wallace|1303
|player|p2|KingKongPOV|170|1351
|teamsize|p1|6
|teamsize|p2|6
|gen|9
|tier|[Gen 9] VGC 2025 Reg I
|rated|
|rule|Species Clause: Limit one of each Pokémon
|rule|Item Clause: Limit 1 of each item
|clearpoke
|poke|p1|Wartortle, L50, M|
|poke|p1|Koraidon, L50|
|poke|p1|Grimmsnarl, L50, M|
|poke|p1|Giratina-Origin, L50|
|poke|p1|Armarouge, L50, F|
|poke|p1|Iron Valiant, L50|
|poke|p2|Calyrex-Shadow, L50|
|poke|p2|Lunala, L50|
|poke|p2|Incineroar, L50, F|
|poke|p2|Hitmontop, L50, M|
|poke|p2|Urshifu-*, L50, M|
|poke|p2|Ursaluna, L50, M|
|teampreview|4
|
|t:|1750865639
|start
|switch|p1a: Giratina|Giratina-Origin, L50|100/100
|switch|p1b: Wartortle|Wartortle, L50, M|100/100
|switch|p2a: Lunala|Lunala, L50|100/100
|switch|p2b: Incineroar|Incineroar, L50, F|100/100
|-ability|p2b: Incineroar|Intimidate|boost
|-unboost|p1a: Giratina|atk|1
|-unboost|p1b: Wartortle|atk|1
|turn|1
|inactive|Battle timer is ON: inactive players will automatically lose when time's up. (requested by KingKongPOV)
|
|t:|1750865662
|move|p2a: Lunala|Meteor Beam||[still]
|-prepare|p2a: Lunala|Meteor Beam
|-boost|p2a: Lunala|spa|1
|-enditem|p2a: Lunala|Power Herb
|-anim|p2a: Lunala|Meteor Beam|p1a: Giratina
|-damage|p1a: Giratina|63/100
|move|p1a: Giratina|Breaking Swipe|p2a: Lunala|[spread] p2a,p2b
|-damage|p2a: Lunala|94/100
|-damage|p2b: Incineroar|85/100
|-unboost|p2a: Lunala|atk|1
|-unboost|p2b: Incineroar|atk|1
|move|p2b: Incineroar|Knock Off|p1a: Giratina
|-supereffective|p1a: Giratina
|-damage|p1a: Giratina|31/100
|move|p1b: Wartortle|Life Dew||[still]|[spread] p1a,p1b
|-heal|p1a: Giratina|57/100
|-fail|p1b: Wartortle|heal
|
|upkeep
|turn|2
|inactive|KingKongPOV has 30 seconds left.
|inactive|GucciSoup has 30 seconds left.
|inactive|GucciSoup has 20 seconds left.
|
|t:|1750865704
|move|p1a: Giratina|Protect|p1a: Giratina
|-singleturn|p1a: Giratina|Protect
|move|p2a: Lunala|Moongeist Beam|p1a: Giratina
|-activate|p1a: Giratina|move: Protect
|move|p2b: Incineroar|Knock Off|p1b: Wartortle
|-damage|p1b: Wartortle|76/100
|-enditem|p1b: Wartortle|Eviolite|[from] move: Knock Off|[of] p2b: Incineroar
|move|p1b: Wartortle|Flip Turn|p2a: Lunala
|-damage|p2a: Lunala|87/100
|
|t:|1750865721
|switch|p1b: Koraidon|Koraidon, L50|100/100|[from] Flip Turn
|-weather|SunnyDay|[from] ability: Orichalcum Pulse|[of] p1b: Koraidon
|-activate|p1b: Koraidon|Orichalcum Pulse|[source]
|
|-weather|SunnyDay|[upkeep]
|upkeep
|turn|3
|
|t:|1750865732
|-terastallize|p1b: Koraidon|Fire
|move|p1b: Koraidon|Flare Blitz|p2a: Lunala
|-damage|p2a: Lunala|0 fnt
|faint|p2a: Lunala
|-damage|p1b: Koraidon|62/100|[from] Recoil
|move|p1a: Giratina|Breaking Swipe|p2b: Incineroar
|-damage|p2b: Incineroar|64/100
|-unboost|p2b: Incineroar|atk|1
|move|p2b: Incineroar|U-turn|p1b: Koraidon
|-resisted|p1b: Koraidon
|-damage|p1b: Koraidon|57/100
|
|t:|1750865747
|switch|p2b: Calyrex|Calyrex-Shadow, L50|100/100|[from] U-turn
|-ability|p2b: Calyrex|As One
|-ability|p2b: Calyrex|Unnerve
|
|-weather|SunnyDay|[upkeep]
|upkeep
|
|t:|1750865750
|switch|p2a: Incineroar|Incineroar, L50, F|64/100
|-ability|p2a: Incineroar|Intimidate|boost
|-unboost|p1a: Giratina|atk|1
|-unboost|p1b: Koraidon|atk|1
|turn|4
|
|t:|1750865763
|-terastallize|p2b: Calyrex|Ghost
|move|p1a: Giratina|Protect|p1a: Giratina
|-singleturn|p1a: Giratina|Protect
|move|p2a: Incineroar|Fake Out|p1b: Koraidon
|-damage|p1b: Koraidon|44/100
|cant|p1b: Koraidon|flinch
|move|p2b: Calyrex|Astral Barrage|p1b: Koraidon|[spread] p1b
|-activate|p1a: Giratina|move: Protect
|-damage|p1b: Koraidon|0 fnt
|faint|p1b: Koraidon
|-ability|p2b: Calyrex|Grim Neigh|boost
|-boost|p2b: Calyrex|spa|1
|
|-weather|SunnyDay|[upkeep]
|upkeep
|
|t:|1750865770
|switch|p1b: Armarouge|Armarouge, L50, F|100/100
|turn|5
|inactive|GucciSoup has 30 seconds left.
|
|t:|1750865804
|move|p1a: Giratina|Shadow Sneak|p1b: Armarouge
|-supereffective|p1b: Armarouge
|-damage|p1b: Armarouge|70/100
|-ability|p1b: Armarouge|Weak Armor|boost
|-unboost|p1b: Armarouge|def|1
|-boost|p1b: Armarouge|spe|2
|-enditem|p1b: Armarouge|Weakness Policy
|-boost|p1b: Armarouge|atk|2|[from] item: Weakness Policy
|-boost|p1b: Armarouge|spa|2|[from] item: Weakness Policy
|move|p1b: Armarouge|Stored Power|p2b: Calyrex
|-enditem|p2b: Calyrex|Focus Sash
|-damage|p2b: Calyrex|1/100
|move|p2b: Calyrex|Astral Barrage|p1a: Giratina|[spread] p1a,p1b
|-supereffective|p1a: Giratina
|-supereffective|p1b: Armarouge
|-damage|p1a: Giratina|0 fnt
|-damage|p1b: Armarouge|0 fnt
|faint|p1a: Giratina
|faint|p1b: Armarouge
|-ability|p2b: Calyrex|Grim Neigh|boost
|-boost|p2b: Calyrex|spa|2
|move|p2a: Incineroar|U-turn|p1: Giratina|[notarget]
|-fail|p2a: Incineroar
|
|-weather|SunnyDay|[upkeep]
|upkeep
|-message|GucciSoup forfeited.
|
|win|KingKongPOV
|raw|GucciSoup's rating: 1303 &rarr; <strong>1286</strong><br />(-17 for losing)
|raw|KingKongPOV's rating: 1351 &rarr; <strong>1368</strong><br />(+17 for winning)
|l|☆GucciSoup
|player|p1|
|c|☆KingKongPOV|ggs
|l|☆KingKongPOV
|player|p2|
