|j|☆Dolphin002
|j|☆ShellyV25
|t:|1750714781
|gametype|doubles
|player|p1|Dolphin002|2|1140
|player|p2|ShellyV25|hilbert|1220
|teamsize|p1|6
|teamsize|p2|6
|gen|9
|tier|[Gen 9] VGC 2025 Reg I
|rated|
|rule|Species Clause: Limit one of each Pokémon
|rule|Item Clause: Limit 1 of each item
|clearpoke
|poke|p1|Kyogre, L50|
|poke|p1|Archaludon, L50, F|
|poke|p1|Pelipper, L50, M|
|poke|p1|Miraidon, L50|
|poke|p1|Incineroar, L50, M|
|poke|p1|Ogerpon-Cornerstone, L50, F|
|poke|p2|Calyrex-Shadow, L50|
|poke|p2|Indeedee-F, L50, F|
|poke|p2|Chi-Yu, L50|
|poke|p2|Weezing-Galar, L50, M|
|poke|p2|Walking Wake, L50|
|poke|p2|Koraidon, L50|
|teampreview|4
|
|t:|1750714821
|start
|switch|p1a: Pink Whale|Kyogre, L50, shiny|100/100
|switch|p1b: Archaludon|Archaludon, L50, F|100/100
|switch|p2a: Koraidon|Koraidon, L50|100/100
|switch|p2b: Weezing|Weezing-Galar, L50, M, shiny|100/100
|-ability|p2b: Weezing|Neutralizing Gas
|-block|p2a: Koraidon|item: Ability Shield
|-weather|SunnyDay|[from] ability: Orichalcum Pulse|[of] p2a: Koraidon
|-activate|p2a: Koraidon|Orichalcum Pulse|[source]
|turn|1
|
|t:|1750714866
|-terastallize|p2b: Weezing|Water
|move|p2a: Koraidon|Protect|p2a: Koraidon
|-singleturn|p2a: Koraidon|Protect
|move|p1a: Pink Whale|Ice Beam|p2a: Koraidon
|-activate|p2a: Koraidon|move: Protect
|move|p1b: Archaludon|Flash Cannon|p2b: Weezing
|-resisted|p2b: Weezing
|-damage|p2b: Weezing|80/100
|move|p2b: Weezing|Will-O-Wisp|p1a: Pink Whale
|-status|p1a: Pink Whale|brn
|
|-weather|SunnyDay|[upkeep]
|-damage|p1a: Pink Whale|94/100 brn|[from] brn
|upkeep
|turn|2
|
|t:|1750714894
|move|p2a: Koraidon|Collision Course|p1b: Archaludon
|-supereffective|p1b: Archaludon
|-damage|p1b: Archaludon|0 fnt
|faint|p1b: Archaludon
|move|p1a: Pink Whale|Ice Beam|p2a: Koraidon
|-supereffective|p2a: Koraidon
|-damage|p2a: Koraidon|37/100
|move|p2b: Weezing|Strange Steam|p1a: Pink Whale
|-damage|p1a: Pink Whale|75/100 brn
|-start|p1a: Pink Whale|confusion
|
|-weather|SunnyDay|[upkeep]
|-damage|p1a: Pink Whale|69/100 brn|[from] brn
|upkeep
|
|t:|1750714909
|switch|p1b: Pelipper|Pelipper, L50, M|100/100
|turn|3
|
|t:|1750714931
|move|p2a: Koraidon|Collision Course|p1a: Pink Whale
|-crit|p1a: Pink Whale
|-damage|p1a: Pink Whale|0 fnt
|faint|p1a: Pink Whale
|move|p1b: Pelipper|Weather Ball|p2a: Koraidon
|-resisted|p2a: Koraidon
|-damage|p2a: Koraidon|16/100
|move|p2b: Weezing|Taunt|p1b: Pelipper
|-start|p1b: Pelipper|move: Taunt
|
|-weather|SunnyDay|[upkeep]
|upkeep
|
|t:|1750714943
|switch|p1a: Incineroar|Incineroar, L50, M|100/100
|turn|4
|
|t:|1750714962
|move|p1a: Incineroar|Fake Out|p2b: Weezing
|-damage|p2b: Weezing|70/100
|move|p2a: Koraidon|Collision Course|p1a: Incineroar
|-supereffective|p1a: Incineroar
|-damage|p1a: Incineroar|0 fnt
|-damage|p2a: Koraidon|0 fnt|[from] item: Rocky Helmet|[of] p1a: Incineroar
|faint|p1a: Incineroar
|faint|p2a: Koraidon
|move|p1b: Pelipper|Hurricane|p2b: Weezing|[miss]
|-miss|p1b: Pelipper|p2b: Weezing
|move|p2b: Weezing|Strange Steam|p1b: Pelipper
|-damage|p1b: Pelipper|68/100
|-start|p1b: Pelipper|confusion
|
|-weather|SunnyDay|[upkeep]
|upkeep
|
|t:|1750714977
|switch|p2a: Calyrex|Calyrex-Shadow, L50|100/100
|-ability|p2a: Calyrex|As One
|-ability|p2a: Calyrex|Unnerve
|turn|5
|-message|Dolphin002 forfeited.
|
|win|ShellyV25
|raw|Dolphin002's rating: 1140 &rarr; <strong>1121</strong><br />(-19 for losing)
|raw|ShellyV25's rating: 1220 &rarr; <strong>1239</strong><br />(+19 for winning)
|l|☆Dolphin002
|player|p1|
