|j|☆Fibikeyt
|j|☆xdenoniox
|t:|1750765104
|gametype|doubles
|player|p1|Fibikeyt|cilan|1361
|player|p2|xdenoniox|lance|1477
|teamsize|p1|6
|teamsize|p2|6
|gen|9
|tier|[Gen 9] VGC 2025 Reg I
|rated|
|rule|Species Clause: Limit one of each Pokémon
|rule|Item Clause: Limit 1 of each item
|clearpoke
|poke|p1|Calyrex-Shadow, L50|
|poke|p1|Indeedee-F, L50, F|
|poke|p1|Zamazenta-*, L50|
|poke|p1|Flutter Mane, L50|
|poke|p1|Amoonguss, L50, M|
|poke|p1|Incineroar, L50, F|
|poke|p2|Miraidon, L50|
|poke|p2|Zamazenta-*, L50|
|poke|p2|Volcarona, L50, F|
|poke|p2|Chien-Pao, L50|
|poke|p2|Rillaboom, L50, F|
|poke|p2|Ogerpon, L50, F|
|teampreview|4
|
|t:|1750765149
|start
|switch|p1a: Incineroar|Incineroar, L50, F|100/100
|switch|p1b: Zamazenta|Zamazenta-Crowned, L50|100/100
|switch|p2a: Miraidon|Miraidon, L50|100/100
|switch|p2b: Ogerpon|Ogerpon, L50, F|100/100
|-fieldstart|move: Electric Terrain|[from] ability: Hadron Engine|[of] p2a: Miraidon
|-ability|p1b: Zamazenta|Dauntless Shield|boost
|-boost|p1b: Zamazenta|def|1
|-ability|p1a: Incineroar|Intimidate|boost
|-unboost|p2a: Miraidon|atk|1
|-unboost|p2b: Ogerpon|atk|1
|-ability|p2b: Ogerpon|Defiant|boost
|-boost|p2b: Ogerpon|atk|2
|turn|1
|
|t:|1750765195
|move|p2b: Ogerpon|Spiky Shield|p2b: Ogerpon
|-singleturn|p2b: Ogerpon|move: Protect
|move|p1a: Incineroar|Fake Out|p2a: Miraidon
|-damage|p2a: Miraidon|90/100
|cant|p2a: Miraidon|flinch
|move|p1b: Zamazenta|Body Press|p2b: Ogerpon
|-activate|p2b: Ogerpon|move: Protect
|-damage|p1b: Zamazenta|88/100|[from] Spiky Shield|[of] p2b: Ogerpon
|
|upkeep
|turn|2
|
|t:|1750765221
|switch|p1a: Indeedee|Indeedee-F, L50, F|100/100
|-fieldstart|move: Psychic Terrain|[from] ability: Psychic Surge|[of] p1a: Indeedee
|move|p2a: Miraidon|Volt Switch|p1b: Zamazenta
|-damage|p1b: Zamazenta|55/100
|
|t:|1750765236
|switch|p2a: Zamazenta|Zamazenta-Crowned, L50, shiny|100/100|[from] Volt Switch
|-ability|p2a: Zamazenta|Dauntless Shield|boost
|-boost|p2a: Zamazenta|def|1
|move|p1b: Zamazenta|Body Press|p2b: Ogerpon
|-damage|p2b: Ogerpon|10/100
|move|p2b: Ogerpon|Encore||[still]
|-fail|p2b: Ogerpon
|
|upkeep
|turn|3
|
|t:|1750765287
|-terastallize|p1b: Zamazenta|Grass
|move|p1b: Zamazenta|Body Press|p2b: Ogerpon
|-damage|p2b: Ogerpon|0 fnt
|faint|p2b: Ogerpon
|move|p2a: Zamazenta|Body Press|p1a: Indeedee
|-damage|p1a: Indeedee|12/100
|-enditem|p1a: Indeedee|Sitrus Berry|[eat]
|-heal|p1a: Indeedee|37/100|[from] item: Sitrus Berry
|move|p1a: Indeedee|Heal Pulse|p1b: Zamazenta
|-heal|p1b: Zamazenta|100/100
|
|upkeep
|
|t:|1750765300
|switch|p2b: Volcarona|Volcarona, L50, F, shiny|100/100
|turn|4
|
|t:|1750765333
|switch|p1a: Incineroar|Incineroar, L50, F|100/100
|-ability|p1a: Incineroar|Intimidate|boost
|-unboost|p2a: Zamazenta|atk|1
|-unboost|p2b: Volcarona|atk|1
|move|p1b: Zamazenta|Protect|p1b: Zamazenta
|-singleturn|p1b: Zamazenta|Protect
|move|p2a: Zamazenta|Body Press|p1a: Incineroar
|-supereffective|p1a: Incineroar
|-damage|p1a: Incineroar|2/100
|move|p2b: Volcarona|Quiver Dance|p2b: Volcarona
|-boost|p2b: Volcarona|spa|1
|-boost|p2b: Volcarona|spd|1
|-boost|p2b: Volcarona|spe|1
|
|upkeep
|turn|5
|
|t:|1750765353
|move|p2b: Volcarona|Protect|p2b: Volcarona
|-singleturn|p2b: Volcarona|Protect
|move|p1a: Incineroar|Fake Out|p2b: Volcarona
|-activate|p2b: Volcarona|move: Psychic Terrain
|move|p1b: Zamazenta|Body Press|p2a: Zamazenta
|-supereffective|p2a: Zamazenta
|-damage|p2a: Zamazenta|46/100
|move|p2a: Zamazenta|Body Press|p1a: Incineroar
|-supereffective|p1a: Incineroar
|-damage|p1a: Incineroar|0 fnt
|faint|p1a: Incineroar
|
|upkeep
|
|t:|1750765363
|switch|p1a: Indeedee|Indeedee-F, L50, F|37/100
|turn|6
|
|t:|1750765375
|move|p1a: Indeedee|Follow Me|p1a: Indeedee
|-singleturn|p1a: Indeedee|move: Follow Me
|move|p2b: Volcarona|Quiver Dance|p2b: Volcarona
|-boost|p2b: Volcarona|spa|1
|-boost|p2b: Volcarona|spd|1
|-boost|p2b: Volcarona|spe|1
|move|p2a: Zamazenta|Body Press|p1a: Indeedee
|-damage|p1a: Indeedee|0 fnt
|faint|p1a: Indeedee
|move|p1b: Zamazenta|Body Press|p2a: Zamazenta
|-supereffective|p2a: Zamazenta
|-damage|p2a: Zamazenta|0 fnt
|faint|p2a: Zamazenta
|
|-fieldend|move: Psychic Terrain
|upkeep
|-message|Fibikeyt forfeited.
|
|win|xdenoniox
|raw|Fibikeyt's rating: 1361 &rarr; <strong>1347</strong><br />(-14 for losing)
|raw|xdenoniox's rating: 1477 &rarr; <strong>1491</strong><br />(+14 for winning)
|l|☆Fibikeyt
|player|p1|
