|j|☆reptar1995
|j|☆Bmkc5
|t:|1750741796
|gametype|doubles
|player|p1|reptar1995|1|1385
|player|p2|Bmkc5|266|1314
|teamsize|p1|6
|teamsize|p2|6
|gen|9
|tier|[Gen 9] VGC 2025 Reg I
|rated|
|rule|Species Clause: Limit one of each Pokémon
|rule|Item Clause: Limit 1 of each item
|clearpoke
|poke|p1|Whimsicott, L50, F|
|poke|p1|Zamazenta-*, L50|
|poke|p1|Calyrex-Shadow, L50|
|poke|p1|Rillaboom, L50, M|
|poke|p1|Raging Bolt, L50|
|poke|p1|Ninetales-Alola, L50, M|
|poke|p2|Miraidon, L50|
|poke|p2|Tsareena, L50, F|
|poke|p2|Lunala, L50|
|poke|p2|Tornadus, L50, M|
|poke|p2|Landorus, L50, M|
|poke|p2|Ogerpon-Cornerstone, L50, F|
|teampreview|4
|inactive|Battle timer is ON: inactive players will automatically lose when time's up. (requested by reptar1995)
|inactive|reptar1995 has 60 seconds left.
|
|t:|1750741837
|start
|switch|p1a: Ninetales|Ninetales-Alola, L50, M|100/100
|switch|p1b: Whimsicott|Whimsicott, L50, F|100/100
|switch|p2a: Tsareena|Tsareena, L50, F|100/100
|switch|p2b: Lunala|Lunala, L50|100/100
|-weather|Snowscape|[from] ability: Snow Warning|[of] p1a: Ninetales
|turn|1
|inactive|reptar1995 has 30 seconds left.
|inactive|reptar1995 has 20 seconds left.
|
|t:|1750741873
|-terastallize|p2a: Tsareena|Ice
|move|p1b: Whimsicott|Helping Hand|p1a: Ninetales
|-singleturn|p1a: Ninetales|Helping Hand|[of] p1b: Whimsicott
|move|p2b: Lunala|Wide Guard|p2b: Lunala
|-singleturn|p2b: Lunala|Wide Guard
|move|p1a: Ninetales|Blizzard|p2b: Lunala|[spread] 
|-activate|p2a: Tsareena|move: Wide Guard
|-activate|p2b: Lunala|move: Wide Guard
|move|p2a: Tsareena|Triple Axel|p1b: Whimsicott
|-supereffective|p1b: Whimsicott
|-damage|p1b: Whimsicott|78/100
|-supereffective|p1b: Whimsicott
|-damage|p1b: Whimsicott|31/100
|-supereffective|p1b: Whimsicott
|-damage|p1b: Whimsicott|0 fnt
|faint|p1b: Whimsicott
|-hitcount|p1: Whimsicott|3
|
|-weather|Snowscape|[upkeep]
|upkeep
|
|t:|1750741884
|switch|p1b: Zamazenta|Zamazenta-Crowned, L50|100/100
|-ability|p1b: Zamazenta|Dauntless Shield|boost
|-boost|p1b: Zamazenta|def|1
|turn|2
|
|t:|1750741890
|move|p2a: Tsareena|Protect|p2a: Tsareena
|-singleturn|p2a: Tsareena|Protect
|move|p1a: Ninetales|Aurora Veil|p1a: Ninetales
|-sidestart|p1: reptar1995|move: Aurora Veil
|move|p1b: Zamazenta|Body Press|p2a: Tsareena
|-activate|p2a: Tsareena|move: Protect
|move|p2b: Lunala|Trick Room|p2b: Lunala
|-fieldstart|move: Trick Room|[of] p2b: Lunala
|
|-weather|Snowscape|[upkeep]
|upkeep
|turn|3
|
|t:|1750741906
|move|p2a: Tsareena|Helping Hand|p2b: Lunala
|-singleturn|p2b: Lunala|Helping Hand|[of] p2a: Tsareena
|move|p2b: Lunala|Moongeist Beam|p1b: Zamazenta
|-damage|p1b: Zamazenta|55/100
|move|p1b: Zamazenta|Body Press|p2a: Tsareena
|-supereffective|p2a: Tsareena
|-damage|p2a: Tsareena|0 fnt
|faint|p2a: Tsareena
|move|p1a: Ninetales|Blizzard|p2b: Lunala
|-damage|p2b: Lunala|85/100
|
|-weather|Snowscape|[upkeep]
|upkeep
|
|t:|1750741917
|switch|p2a: Tornadus|Tornadus, L50, M|100/100
|turn|4
|
|t:|1750741938
|move|p2b: Lunala|Wide Guard|p2b: Lunala
|-singleturn|p2b: Lunala|Wide Guard
|move|p1b: Zamazenta|Wide Guard|p1b: Zamazenta
|-singleturn|p1b: Zamazenta|Wide Guard
|move|p1a: Ninetales|Blizzard|p2a: Tornadus|[spread] 
|-activate|p2a: Tornadus|move: Wide Guard
|-activate|p2b: Lunala|move: Wide Guard
|move|p2a: Tornadus|Bleakwind Storm|p1a: Ninetales|[spread] 
|-activate|p1a: Ninetales|move: Wide Guard
|-activate|p1b: Zamazenta|move: Wide Guard
|
|-weather|Snowscape|[upkeep]
|upkeep
|turn|5
|
|t:|1750741953
|move|p2a: Tornadus|Protect|p2a: Tornadus
|-singleturn|p2a: Tornadus|Protect
|move|p2b: Lunala|Wide Guard|p2b: Lunala
|-singleturn|p2b: Lunala|Wide Guard
|move|p1b: Zamazenta|Heavy Slam|p2b: Lunala
|-damage|p2b: Lunala|48/100
|move|p1a: Ninetales|Moonblast|p2b: Lunala
|-damage|p2b: Lunala|21/100
|
|-weather|none
|upkeep
|turn|6
|
|t:|1750741967
|move|p1b: Zamazenta|Wide Guard|p1b: Zamazenta
|-singleturn|p1b: Zamazenta|Wide Guard
|move|p2b: Lunala|Expanding Force|p1b: Zamazenta
|-damage|p1b: Zamazenta|37/100
|move|p1a: Ninetales|Moonblast|p2b: Lunala
|-damage|p2b: Lunala|0 fnt
|faint|p2b: Lunala
|move|p2a: Tornadus|Bleakwind Storm|p1b: Zamazenta|[spread] 
|-activate|p1a: Ninetales|move: Wide Guard
|-activate|p1b: Zamazenta|move: Wide Guard
|
|-sideend|p1: reptar1995|move: Aurora Veil
|-fieldend|move: Trick Room
|upkeep
|
|t:|1750741979
|switch|p2b: Miraidon|Miraidon, L50|100/100
|-fieldstart|move: Electric Terrain|[from] ability: Hadron Engine|[of] p2b: Miraidon
|turn|7
|
|t:|1750741993
|-terastallize|p1b: Zamazenta|Ground
|move|p1a: Ninetales|Protect|p1a: Ninetales
|-singleturn|p1a: Ninetales|Protect
|move|p2a: Tornadus|Tailwind|p2a: Tornadus
|-sidestart|p2: Bmkc5|move: Tailwind
|move|p2b: Miraidon|Electro Drift|p1a: Ninetales
|-activate|p1a: Ninetales|move: Protect
|move|p1b: Zamazenta|Body Press|p2b: Miraidon
|-damage|p2b: Miraidon|34/100
|
|upkeep
|turn|8
|
|t:|1750742011
|move|p1b: Zamazenta|Wide Guard|p1b: Zamazenta
|-singleturn|p1b: Zamazenta|Wide Guard
|move|p2b: Miraidon|Electro Drift|p1a: Ninetales
|-enditem|p1a: Ninetales|Focus Sash
|-damage|p1a: Ninetales|1/100
|move|p2a: Tornadus|Bleakwind Storm|p1a: Ninetales|[spread] 
|-activate|p1a: Ninetales|move: Wide Guard
|-activate|p1b: Zamazenta|move: Wide Guard
|move|p1a: Ninetales|Moonblast|p2b: Miraidon
|-supereffective|p2b: Miraidon
|-damage|p2b: Miraidon|0 fnt
|faint|p2b: Miraidon
|
|upkeep
|turn|9
|
|t:|1750742029
|move|p1b: Zamazenta|Wide Guard|p1b: Zamazenta
|-singleturn|p1b: Zamazenta|Wide Guard
|move|p2a: Tornadus|Dark Pulse|p1a: Ninetales
|-resisted|p1a: Ninetales
|-damage|p1a: Ninetales|0 fnt
|faint|p1a: Ninetales
|
|upkeep
|
|t:|1750742035
|switch|p1a: Calyrex|Calyrex-Shadow, L50|100/100
|-ability|p1a: Calyrex|As One
|-ability|p1a: Calyrex|Unnerve
|turn|10
|
|t:|1750742050
|move|p1a: Calyrex|Protect|p1a: Calyrex
|-singleturn|p1a: Calyrex|Protect
|move|p2a: Tornadus|Dark Pulse|p1a: Calyrex
|-activate|p1a: Calyrex|move: Protect
|move|p1b: Zamazenta|Heavy Slam|p2a: Tornadus
|-damage|p2a: Tornadus|30/100
|
|-sideend|p2: Bmkc5|move: Tailwind
|upkeep
|turn|11
|-message|Bmkc5 forfeited.
|
|win|reptar1995
|raw|reptar1995's rating: 1385 &rarr; <strong>1401</strong><br />(+16 for winning)
|raw|Bmkc5's rating: 1314 &rarr; <strong>1298</strong><br />(-16 for losing)
|l|☆Bmkc5
|player|p2|
|l|☆reptar1995
|player|p1|
|j|☆Bmkc5
|player|p2|Bmkc5|266|
|l|☆Bmkc5
|player|p2|
