|j|☆Fredtaco
|j|☆Zeus199
|t:|1750842990
|gametype|doubles
|player|p1|Fredtaco|101|1105
|player|p2|Zeus199|cynthia-gen4|1124
|teamsize|p1|6
|teamsize|p2|6
|gen|9
|tier|[Gen 9] VGC 2025 Reg I
|rated|
|rule|Species Clause: Limit one of each Pokémon
|rule|Item Clause: Limit 1 of each item
|clearpoke
|poke|p1|Coalossal, L50, F|
|poke|p1|Wartortle, L50, F|
|poke|p1|Miraidon, L50|
|poke|p1|Groudon, L50|
|poke|p1|Pelipper, L50, F|
|poke|p1|Iron Hands, L50|
|poke|p2|Basculegion, L50, M|
|poke|p2|Kingambit, L50, M|
|poke|p2|Kyogre, L50|
|poke|p2|Lunala, L50|
|poke|p2|Amoonguss, L50, M|
|poke|p2|Electrode, L50|
|teampreview|4
|inactive|Battle timer is ON: inactive players will automatically lose when time's up. (requested by Fredtaco)
|inactive|Zeus199 has 60 seconds left.
|
|t:|1750843060
|start
|switch|p1a: Groudon|Groudon, L50|100/100
|switch|p1b: Wartortle|Wartortle, L50, F|100/100
|switch|p2a: Lunala|Lunala, L50|100/100
|switch|p2b: Basculegion|Basculegion, L50, M, shiny|100/100
|-weather|SunnyDay|[from] ability: Drought|[of] p1a: Groudon
|turn|1
|inactive|Fredtaco has 30 seconds left.
|inactive|Zeus199 has 30 seconds left.
|inactive|Fredtaco has 20 seconds left.
|inactive|Fredtaco has 15 seconds left.
|inactive|Fredtaco has 10 seconds left.
|inactive|Fredtaco has 5 seconds left.
|
|t:|1750843111
|switch|p2a: Kyogre|Kyogre, L50, shiny|100/100
|-weather|RainDance|[from] ability: Drizzle|[of] p2a: Kyogre
|move|p2b: Basculegion|Wave Crash|p1a: Groudon
|-supereffective|p1a: Groudon
|-damage|p1a: Groudon|0 fnt
|faint|p1a: Groudon
|-damage|p2b: Basculegion|66/100|[from] Recoil
|move|p1b: Wartortle|Chilling Water|p2b: Basculegion
|-resisted|p2b: Basculegion
|-damage|p2b: Basculegion|54/100
|-unboost|p2b: Basculegion|atk|1
|
|-weather|RainDance|[upkeep]
|upkeep
|
|t:|1750843125
|switch|p1a: Miraidon|Miraidon, L50|100/100
|-fieldstart|move: Electric Terrain|[from] ability: Hadron Engine|[of] p1a: Miraidon
|turn|2
|
|t:|1750843146
|switch|p2b: Amoonguss|Amoonguss, L50, M, shiny|100/100
|-terastallize|p1a: Miraidon|Electric
|-terastallize|p2a: Kyogre|Grass
|move|p1b: Wartortle|Protect|p1b: Wartortle
|-singleturn|p1b: Wartortle|Protect
|move|p1a: Miraidon|Discharge|p2b: Amoonguss|[spread] p2a,p2b
|-activate|p1b: Wartortle|move: Protect
|-resisted|p2a: Kyogre
|-resisted|p2b: Amoonguss
|-damage|p2a: Kyogre|56/100
|-damage|p2b: Amoonguss|63/100
|move|p2a: Kyogre|Ice Beam|p1a: Miraidon
|-damage|p1a: Miraidon|68/100
|
|-weather|RainDance|[upkeep]
|upkeep
|turn|3
|inactive|Zeus199 has 30 seconds left.
|
|t:|1750843178
|switch|p1b: Coalossal|Coalossal, L50, F|100/100
|move|p2b: Amoonguss|Rage Powder|p2b: Amoonguss
|-singleturn|p2b: Amoonguss|move: Rage Powder
|move|p1a: Miraidon|Discharge|p2b: Amoonguss|[spread] p1b,p2a,p2b
|-resisted|p2a: Kyogre
|-resisted|p2b: Amoonguss
|-damage|p1b: Coalossal|2/100
|-damage|p2a: Kyogre|16/100
|-damage|p2b: Amoonguss|24/100
|move|p2a: Kyogre|Ice Beam|p1a: Miraidon
|-damage|p1a: Miraidon|39/100
|
|-weather|RainDance|[upkeep]
|upkeep
|turn|4
|
|t:|1750843202
|move|p2a: Kyogre|Protect|p2a: Kyogre
|-singleturn|p2a: Kyogre|Protect
|move|p1b: Coalossal|Protect|p1b: Coalossal
|-singleturn|p1b: Coalossal|Protect
|move|p1a: Miraidon|Discharge|p2a: Kyogre|[spread] p2b
|-activate|p1b: Coalossal|move: Protect
|-activate|p2a: Kyogre|move: Protect
|-resisted|p2b: Amoonguss
|-damage|p2b: Amoonguss|0 fnt
|faint|p2b: Amoonguss
|
|-weather|RainDance|[upkeep]
|upkeep
|
|t:|1750843216
|switch|p2b: Lunala|Lunala, L50|100/100
|turn|5
|
|t:|1750843223
|switch|p1a: Wartortle|Wartortle, L50, F|100/100
|move|p2b: Lunala|Wide Guard|p2b: Lunala
|-singleturn|p2b: Lunala|Wide Guard
|move|p2a: Kyogre|Origin Pulse|p1b: Coalossal|[spread] p1a,p1b
|-resisted|p1a: Wartortle
|-supereffective|p1b: Coalossal
|-damage|p1a: Wartortle|73/100
|-damage|p1b: Coalossal|0 fnt
|faint|p1b: Coalossal
|
|-weather|none
|upkeep
|
|t:|1750843231
|switch|p1b: Miraidon|Miraidon, L50, tera:Electric|39/100
|-activate|p1b: Miraidon|ability: Hadron Engine
|turn|6
|
|t:|1750843252
|move|p2a: Kyogre|Protect|p2a: Kyogre
|-singleturn|p2a: Kyogre|Protect
|move|p1b: Miraidon|Volt Switch|p2a: Kyogre
|-activate|p2a: Kyogre|move: Protect
|move|p1a: Wartortle|Chilling Water|p2b: Lunala
|-damage|p2b: Lunala|96/100
|-unboost|p2b: Lunala|atk|1
|move|p2b: Lunala|Trick Room|p2b: Lunala
|-fieldstart|move: Trick Room|[of] p2b: Lunala
|
|-heal|p2b: Lunala|100/100|[from] item: Leftovers
|-fieldend|move: Electric Terrain
|upkeep
|turn|7
|-message|Fredtaco forfeited.
|
|win|Zeus199
|raw|Fredtaco's rating: 1105 &rarr; <strong>1081</strong><br />(-24 for losing)
|raw|Zeus199's rating: 1124 &rarr; <strong>1148</strong><br />(+24 for winning)
|l|☆Fredtaco
|player|p1|
|l|☆Zeus199
|player|p2|
