|j|☆canon_tm
|j|☆501JFW
|t:|1750826643
|gametype|doubles
|player|p1|canon_tm|170|1562
|player|p2|501JFW|101|1652
|teamsize|p1|6
|teamsize|p2|6
|gen|9
|tier|[Gen 9] VGC 2025 Reg I
|rated|
|rule|Species Clause: Limit one of each Pokémon
|rule|Item Clause: Limit 1 of each item
|clearpoke
|poke|p1|Calyrex-Shadow, L50|
|poke|p1|Zamazenta-*, L50|
|poke|p1|Chi-Yu, L50|
|poke|p1|Rillaboom, L50, F|
|poke|p1|Landorus, L50, M|
|poke|p1|Raging Bolt, L50|
|poke|p2|Kyogre, L50|
|poke|p2|Calyrex-Ice, L50|
|poke|p2|Basculegion, L50, M|
|poke|p2|Amoonguss, L50, M|
|poke|p2|Flutter Mane, L50|
|poke|p2|Grimmsnarl, L50, M|
|teampreview|4
|inactive|Battle timer is ON: inactive players will automatically lose when time's up. (requested by 501JFW)
|
|t:|1750826703
|start
|switch|p1a: Zamazenta|Zamazenta-Crowned, L50|100/100
|switch|p1b: Calyrex|Calyrex-Shadow, L50|100/100
|switch|p2a: Grimmsnarl|Grimmsnarl, L50, M, shiny|100/100
|switch|p2b: Calyrex|Calyrex-Ice, L50|100/100
|-ability|p1b: Calyrex|As One
|-ability|p1b: Calyrex|Unnerve
|-ability|p2b: Calyrex|As One
|-ability|p2b: Calyrex|Unnerve
|-ability|p1a: Zamazenta|Dauntless Shield|boost
|-boost|p1a: Zamazenta|def|1
|turn|1
|inactive|canon_tm has 30 seconds left.
|
|t:|1750826728
|-terastallize|p1b: Calyrex|Ghost
|-terastallize|p2b: Calyrex|Fairy
|move|p2a: Grimmsnarl|Light Screen|p2a: Grimmsnarl
|-sidestart|p2: 501JFW|move: Light Screen
|move|p1b: Calyrex|Astral Barrage|p2b: Calyrex|[spread] p2a,p2b
|-resisted|p2a: Grimmsnarl
|-damage|p2a: Grimmsnarl|79/100
|-damage|p2b: Calyrex|69/100
|move|p1a: Zamazenta|Body Press|p2b: Calyrex
|-resisted|p2b: Calyrex
|-damage|p2b: Calyrex|50/100
|move|p2b: Calyrex|Leech Seed|p1a: Zamazenta
|-start|p1a: Zamazenta|move: Leech Seed
|
|-heal|p2b: Calyrex|56/100|[from] item: Leftovers
|-damage|p1a: Zamazenta|88/100|[from] Leech Seed|[of] p2b: Calyrex
|-heal|p2b: Calyrex|67/100|[silent]
|upkeep
|turn|2
|inactive|canon_tm has 30 seconds left.
|inactive|501JFW has 30 seconds left.
|
|t:|1750826763
|move|p2a: Grimmsnarl|Reflect|p2a: Grimmsnarl
|-sidestart|p2: 501JFW|Reflect
|move|p1b: Calyrex|Disable|p2b: Calyrex
|-start|p2b: Calyrex|Disable|Leech Seed
|move|p1a: Zamazenta|Behemoth Bash|p2b: Calyrex
|-supereffective|p2b: Calyrex
|-damage|p2b: Calyrex|34/100
|move|p2b: Calyrex|Glacial Lance|p1a: Zamazenta|[spread] p1a,p1b
|-resisted|p1a: Zamazenta
|-damage|p1a: Zamazenta|79/100
|-damage|p1b: Calyrex|32/100
|
|-heal|p2b: Calyrex|40/100|[from] item: Leftovers
|-damage|p1a: Zamazenta|66/100|[from] Leech Seed|[of] p2b: Calyrex
|-heal|p2b: Calyrex|51/100|[silent]
|upkeep
|turn|3
|
|t:|1750826784
|move|p2a: Grimmsnarl|Sucker Punch||[still]
|-fail|p2a: Grimmsnarl
|move|p1b: Calyrex|Encore|p2b: Calyrex
|-start|p2b: Calyrex|Encore
|move|p1a: Zamazenta|Behemoth Bash|p2b: Calyrex
|-supereffective|p2b: Calyrex
|-damage|p2b: Calyrex|19/100
|move|p2b: Calyrex|Glacial Lance|p1a: Zamazenta|[spread] p1a,p1b
|-resisted|p1a: Zamazenta
|-damage|p1a: Zamazenta|55/100
|-damage|p1b: Calyrex|0 fnt
|faint|p1b: Calyrex
|-ability|p2b: Calyrex|Chilling Neigh|boost
|-boost|p2b: Calyrex|atk|1
|
|-heal|p2b: Calyrex|25/100|[from] item: Leftovers
|-damage|p1a: Zamazenta|43/100|[from] Leech Seed|[of] p2b: Calyrex
|-heal|p2b: Calyrex|36/100|[silent]
|upkeep
|
|t:|1750826799
|switch|p1b: Raging Bolt|Raging Bolt, L50|100/100
|-enditem|p1b: Raging Bolt|Booster Energy
|-activate|p1b: Raging Bolt|ability: Protosynthesis|[fromitem]
|-start|p1b: Raging Bolt|protosynthesisspa
|turn|4
|
|t:|1750826811
|switch|p2b: Amoonguss|Amoonguss, L50, M|100/100
|move|p1a: Zamazenta|Behemoth Bash|p2b: Amoonguss
|-damage|p2b: Amoonguss|82/100
|-damage|p1a: Zamazenta|27/100|[from] item: Rocky Helmet|[of] p2b: Amoonguss
|move|p1b: Raging Bolt|Thunderbolt|p2a: Grimmsnarl
|-damage|p2a: Grimmsnarl|38/100
|move|p2a: Grimmsnarl|Spirit Break|p1b: Raging Bolt
|-supereffective|p1b: Raging Bolt
|-damage|p1b: Raging Bolt|56/100
|-unboost|p1b: Raging Bolt|spa|1
|
|-damage|p1a: Zamazenta|15/100|[from] Leech Seed|[of] p2b: Amoonguss
|-heal|p2b: Amoonguss|92/100|[silent]
|upkeep
|turn|5
|-message|canon_tm forfeited.
|
|win|501JFW
|raw|canon_tm's rating: 1562 &rarr; <strong>1547</strong><br />(-15 for losing)
|raw|501JFW's rating: 1652 &rarr; <strong>1667</strong><br />(+15 for winning)
|l|☆canon_tm
|player|p1|
|l|☆501JFW
|player|p2|
