|j|☆ted31625
|j|☆Sobble14
|t:|1750873333
|gametype|doubles
|player|p1|ted31625|roark|1648
|player|p2|Sobble14|102|1586
|teamsize|p1|6
|teamsize|p2|6
|gen|9
|tier|[Gen 9] VGC 2025 Reg I
|rated|
|rule|Species Clause: Limit one of each Pokémon
|rule|Item Clause: Limit 1 of each item
|clearpoke
|poke|p1|Zamazenta-*, L50|
|poke|p1|Miraidon, L50|
|poke|p1|Cresselia, L50, F|
|poke|p1|Chien-Pao, L50|
|poke|p1|Ursaluna, L50, F|
|poke|p1|Volcarona, L50, F|
|poke|p2|Miraidon, L50|
|poke|p2|Terapagos, L50, M|
|poke|p2|Iron Valiant, L50|
|poke|p2|Pawmot, L50, F|
|poke|p2|Comfey, L50, F|
|poke|p2|Clodsire, L50, F|
|teampreview|4
ted31625 has agreed to open team sheets.
|inactive|Battle timer is ON: inactive players will automatically lose when time's up. (requested by ted31625)
|inactive|Sobble14 has 60 seconds left.
|
|t:|1750873383
|start
|switch|p1a: Miraidon|Miraidon, L50|100/100
|switch|p1b: Cresselia|Cresselia, L50, F|100/100
|switch|p2a: Terapagos|Terapagos, L50, M|100/100
|switch|p2b: Iron Valiant|Iron Valiant, L50|100/100
|-activate|p2a: Terapagos|ability: Tera Shift
|detailschange|p2a: Terapagos|Terapagos-Terastal, L50, M
|-heal|p2a: Terapagos|100/100|[silent]
|-fieldstart|move: Electric Terrain|[from] ability: Hadron Engine|[of] p1a: Miraidon
|-activate|p2b: Iron Valiant|ability: Quark Drive
|-start|p2b: Iron Valiant|quarkdrivespe
|-enditem|p1b: Cresselia|Electric Seed
|-boost|p1b: Cresselia|def|1|[from] item: Electric Seed
|turn|1
|inactive|ted31625 has 30 seconds left.
|
|t:|1750873414
|-terastallize|p2a: Terapagos|Stellar
|detailschange|p2a: Terapagos|Terapagos-Stellar, L50, M, tera:Stellar
|-heal|p2a: Terapagos|100/100|[silent]
|-ability|p2a: Terapagos|Teraform Zero
|-fieldend|move: Electric Terrain
|-end|p2b: Iron Valiant|Quark Drive
|-enditem|p2b: Iron Valiant|Booster Energy
|-activate|p2b: Iron Valiant|ability: Quark Drive|[fromitem]
|-start|p2b: Iron Valiant|quarkdrivespe
|move|p2b: Iron Valiant|Spirit Break|p1a: Miraidon
|-supereffective|p1a: Miraidon
|-damage|p1a: Miraidon|57/100
|-unboost|p1a: Miraidon|spa|1
|move|p1a: Miraidon|Snarl|p2a: Terapagos|[spread] p2a,p2b
|-resisted|p2b: Iron Valiant
|-damage|p2a: Terapagos|95/100
|-damage|p2b: Iron Valiant|98/100
|-unboost|p2a: Terapagos|spa|1
|-unboost|p2b: Iron Valiant|spa|1
|move|p2a: Terapagos|Calm Mind|p2a: Terapagos
|-boost|p2a: Terapagos|spa|1
|-boost|p2a: Terapagos|spd|1
|move|p1b: Cresselia|Thunder Wave|p2b: Iron Valiant
|-status|p2b: Iron Valiant|par
|
|-heal|p2a: Terapagos|100/100|[from] item: Leftovers
|upkeep
|turn|2
|inactive|ted31625 has 30 seconds left.
|inactive|Sobble14 has 30 seconds left.
|
|t:|1750873444
|move|p2a: Terapagos|Protect|p2a: Terapagos
|-singleturn|p2a: Terapagos|Protect
|move|p1a: Miraidon|Snarl|p2b: Iron Valiant|[spread] p2b
|-activate|p2a: Terapagos|move: Protect
|-resisted|p2b: Iron Valiant
|-damage|p2b: Iron Valiant|94/100 par
|-unboost|p2b: Iron Valiant|spa|1
|cant|p2b: Iron Valiant|par
|move|p1b: Cresselia|Lunar Blessing|p1b: Cresselia|[spread] p1a,p1b
|-heal|p1a: Miraidon|82/100
|
|upkeep
|turn|3
|
|t:|1750873465
|move|p1a: Miraidon|Snarl|p2a: Terapagos|[spread] p2a,p2b
|-resisted|p2b: Iron Valiant
|-damage|p2a: Terapagos|96/100
|-damage|p2b: Iron Valiant|91/100 par
|-unboost|p2a: Terapagos|spa|1
|-unboost|p2b: Iron Valiant|spa|1
|cant|p2b: Iron Valiant|par
|move|p1b: Cresselia|Psychic|p2b: Iron Valiant
|-supereffective|p2b: Iron Valiant
|-damage|p2b: Iron Valiant|11/100 par
|move|p2a: Terapagos|Calm Mind|p2a: Terapagos
|-boost|p2a: Terapagos|spa|1
|-boost|p2a: Terapagos|spd|1
|
|-heal|p2a: Terapagos|100/100|[from] item: Leftovers
|upkeep
|turn|4
|
|t:|1750873486
|move|p2a: Terapagos|Protect|p2a: Terapagos
|-singleturn|p2a: Terapagos|Protect
|move|p1a: Miraidon|Snarl|p2a: Terapagos|[spread] p2b
|-activate|p2a: Terapagos|move: Protect
|-resisted|p2b: Iron Valiant
|-crit|p2b: Iron Valiant
|-damage|p2b: Iron Valiant|4/100 par
|-unboost|p2b: Iron Valiant|spa|1
|move|p2b: Iron Valiant|Disable|p1a: Miraidon
|-start|p1a: Miraidon|Disable|Snarl
|move|p1b: Cresselia|Thunder Wave|p2a: Terapagos
|-activate|p2a: Terapagos|move: Protect
|
|upkeep
|turn|5
|
|t:|1750873504
|move|p1a: Miraidon|Volt Switch|p2a: Terapagos
|-damage|p2a: Terapagos|92/100
|
|t:|1750873507
|switch|p1a: Zamazenta|Zamazenta-Crowned, L50|100/100|[from] Volt Switch
|-ability|p1a: Zamazenta|Dauntless Shield|boost
|-boost|p1a: Zamazenta|def|1
|move|p2b: Iron Valiant|Disable|p1b: Cresselia
|-start|p1b: Cresselia|Disable|Thunder Wave
|move|p1b: Cresselia|Icy Wind|p2b: Iron Valiant|[spread] p2a,p2b
|-crit|p2a: Terapagos
|-damage|p2a: Terapagos|82/100
|-damage|p2b: Iron Valiant|0 fnt
|-unboost|p2a: Terapagos|spe|1
|faint|p2b: Iron Valiant
|-end|p2b: Iron Valiant|Quark Drive|[silent]
|move|p2a: Terapagos|Calm Mind|p2a: Terapagos
|-boost|p2a: Terapagos|spa|1
|-boost|p2a: Terapagos|spd|1
|
|-heal|p2a: Terapagos|88/100|[from] item: Leftovers
|upkeep
|
|t:|1750873529
|switch|p2b: Miraidon|Miraidon, L50|100/100
|-fieldstart|move: Electric Terrain|[from] ability: Hadron Engine|[of] p2b: Miraidon
|turn|6
|
|t:|1750873547
|move|p2a: Terapagos|Protect|p2a: Terapagos
|-singleturn|p2a: Terapagos|Protect
|move|p2b: Miraidon|Parabolic Charge|p1a: Zamazenta|[spread] p1a,p1b
|-activate|p2a: Terapagos|move: Protect
|-damage|p1a: Zamazenta|63/100
|-damage|p1b: Cresselia|65/100
|-damage|p2b: Miraidon|91/100|[from] item: Life Orb
|move|p1a: Zamazenta|Body Press|p2b: Miraidon
|-damage|p2b: Miraidon|22/100
|move|p1b: Cresselia|Lunar Blessing|p1b: Cresselia|[spread] p1a,p1b
|-heal|p1a: Zamazenta|88/100
|-heal|p1b: Cresselia|90/100
|
|-heal|p2a: Terapagos|94/100|[from] item: Leftovers
|upkeep
|turn|7
|
|t:|1750873568
|move|p2b: Miraidon|Electro Drift|p1a: Zamazenta
|-damage|p1a: Zamazenta|10/100
|-damage|p2b: Miraidon|12/100|[from] item: Life Orb
|move|p1a: Zamazenta|Body Press|p2a: Terapagos
|-supereffective|p2a: Terapagos
|-damage|p2a: Terapagos|18/100
|move|p1b: Cresselia|Icy Wind|p2b: Miraidon|[spread] p2a,p2b
|-supereffective|p2b: Miraidon
|-damage|p2a: Terapagos|15/100
|-damage|p2b: Miraidon|0 fnt
|-unboost|p2a: Terapagos|spe|1
|faint|p2b: Miraidon
|move|p2a: Terapagos|Tera Starstorm|p1a: Zamazenta|[spread] p1a,p1b
|-damage|p1a: Zamazenta|0 fnt
|-damage|p1b: Cresselia|48/100
|faint|p1a: Zamazenta
|
|-heal|p2a: Terapagos|21/100|[from] item: Leftovers
|upkeep
|j| stewpeed
|
|t:|1750873583
|switch|p2b: Comfey|Comfey, L50, F|100/100
|switch|p1a: Chien-Pao|Chien-Pao, L50|100/100
|-ability|p1a: Chien-Pao|Sword of Ruin
|turn|8
|
|t:|1750873599
|move|p2b: Comfey|Floral Healing|p2a: Terapagos
|-heal|p2a: Terapagos|71/100
|move|p1a: Chien-Pao|Icicle Crash|p2b: Comfey
|-damage|p2b: Comfey|36/100
|move|p1b: Cresselia|Psychic|p2a: Terapagos
|-damage|p2a: Terapagos|63/100
|move|p2a: Terapagos|Tera Starstorm|p1b: Cresselia|[spread] p1a,p1b
|-crit|p1b: Cresselia
|-enditem|p1a: Chien-Pao|Focus Sash
|-damage|p1a: Chien-Pao|1/100
|-damage|p1b: Cresselia|0 fnt
|faint|p1b: Cresselia
|
|-heal|p2a: Terapagos|69/100|[from] item: Leftovers
|upkeep
|
|t:|1750873610
|switch|p1b: Miraidon|Miraidon, L50|82/100
|-activate|p1b: Miraidon|ability: Hadron Engine
|turn|9
|inactive|ted31625 has 30 seconds left.
|
|t:|1750873636
|-terastallize|p1b: Miraidon|Electric
|move|p2b: Comfey|Draining Kiss|p1a: Chien-Pao
|-supereffective|p1a: Chien-Pao
|-damage|p1a: Chien-Pao|0 fnt
|-heal|p2b: Comfey|37/100|[from] drain|[of] p1a: Chien-Pao
|faint|p1a: Chien-Pao
|move|p1b: Miraidon|Electro Drift|p2a: Terapagos
|-crit|p2a: Terapagos
|-damage|p2a: Terapagos|0 fnt
|faint|p2a: Terapagos
|detailschange|p2: Terapagos|Terapagos, L50, M|[silent]
|
|upkeep
|turn|10
|
|t:|1750873648
|move|p2b: Comfey|Synthesis|p2b: Comfey
|-heal|p2b: Comfey|86/100
|move|p1b: Miraidon|Electro Drift|p2b: Comfey
|-damage|p2b: Comfey|0 fnt
|faint|p2b: Comfey
|
|win|ted31625
|raw|ted31625's rating: 1648 &rarr; <strong>1664</strong><br />(+16 for winning)
|raw|Sobble14's rating: 1586 &rarr; <strong>1570</strong><br />(-16 for losing)
|c|☆Sobble14|Literally was haxed out
|l|☆Sobble14
|player|p2|
|c|☆ted31625|XD
|l| stewpeed
