|j|☆FlyingDingo
|j|☆HDX4
|t:|1750714776
|gametype|doubles
|player|p1|FlyingDingo|hilda-wonderlauncher|1530
|player|p2|HDX4|swimmerf-gen4|1465
|teamsize|p1|6
|teamsize|p2|6
|gen|9
|tier|[Gen 9] VGC 2025 Reg I
|rated|
|rule|Species Clause: Limit one of each Pokémon
|rule|Item Clause: Limit 1 of each item
|clearpoke
|poke|p1|Giratina-Origin, L50|
|poke|p1|Kleavor, L50, M|
|poke|p1|Zamazenta-*, L50|
|poke|p1|Rillaboom, L50, M|
|poke|p1|Chi-Yu, L50|
|poke|p1|Urshifu-*, L50, M|
|poke|p2|Calyrex-Ice, L50|
|poke|p2|Miraidon, L50|
|poke|p2|Grimmsnarl, L50, M|
|poke|p2|Urshifu-*, L50, M|
|poke|p2|Incineroar, L50, F|
|poke|p2|Landorus, L50, M|
|teampreview|4
|inactive|Battle timer is ON: inactive players will automatically lose when time's up. (requested by FlyingDingo)
|
|t:|1750714795
|start
|switch|p1a: Giratina|Giratina-Origin, L50|100/100
|switch|p1b: Kleavor|Kleavor, L50, M|100/100
|switch|p2a: Miraidon|Miraidon, L50|100/100
|switch|p2b: Grimmsnarl|Grimmsnarl, L50, M|100/100
|-fieldstart|move: Electric Terrain|[from] ability: Hadron Engine|[of] p2a: Miraidon
|turn|1
|j| zagmaer
|l| zagmaer
|j| zagmaer
|inactive|FlyingDingo has 30 seconds left.
|l| zagmaer
|
|t:|1750714825
|-terastallize|p1a: Giratina|Fire
|move|p2b: Grimmsnarl|Light Screen|p2b: Grimmsnarl
|-sidestart|p2: HDX4|move: Light Screen
|move|p2a: Miraidon|Volt Switch|p1b: Kleavor
|-enditem|p1b: Kleavor|Focus Sash
|-damage|p1b: Kleavor|1/100
|
|t:|1750714831
|switch|p2a: Incineroar|Incineroar, L50, F|100/100|[from] Volt Switch
|-ability|p2a: Incineroar|Intimidate|boost
|-unboost|p1a: Giratina|atk|1
|-unboost|p1b: Kleavor|atk|1
|move|p1b: Kleavor|Tailwind|p1b: Kleavor
|-sidestart|p1: FlyingDingo|move: Tailwind
|move|p1a: Giratina|Dragon Claw|p2a: Incineroar
|-damage|p2a: Incineroar|68/100
|
|upkeep
|turn|2
|
|t:|1750714845
|switch|p1a: Zamazenta|Zamazenta-Crowned, L50|100/100
|-ability|p1a: Zamazenta|Dauntless Shield|boost
|-boost|p1a: Zamazenta|def|1
|move|p1b: Kleavor|Protect|p1b: Kleavor
|-singleturn|p1b: Kleavor|Protect
|move|p2a: Incineroar|Fake Out|p1a: Zamazenta
|-resisted|p1a: Zamazenta
|-damage|p1a: Zamazenta|98/100
|move|p2b: Grimmsnarl|Reflect|p2b: Grimmsnarl
|-sidestart|p2: HDX4|Reflect
|
|upkeep
|turn|3
|l|☆FlyingDingo
|inactive|FlyingDingo disconnected and has a minute to reconnect!
|player|p1|
|inactive|FlyingDingo has 30 seconds left.
|inactive|HDX4 has 30 seconds left.
|inactive|FlyingDingo has 20 seconds left.
|inactive|FlyingDingo has 15 seconds left.
|inactive|FlyingDingo has 10 seconds left.
|j|☆FlyingDingo
|inactive|FlyingDingo reconnected and has 10 seconds left.
|player|p1|FlyingDingo|hilda-wonderlauncher|
|inactive|FlyingDingo has 5 seconds left.
|
|t:|1750714900
|switch|p2a: Calyrex|Calyrex-Ice, L50|100/100
|-ability|p2a: Calyrex|As One
|-ability|p2a: Calyrex|Unnerve
|move|p2b: Grimmsnarl|Thunder Wave|p1a: Zamazenta
|-status|p1a: Zamazenta|par
|move|p1b: Kleavor|X-Scissor|p2b: Grimmsnarl
|-damage|p2b: Grimmsnarl|70/100
|move|p1a: Zamazenta|Body Press|p2b: Grimmsnarl
|-damage|p2b: Grimmsnarl|17/100
|
|upkeep
|turn|4
|j| petchrio
|
|t:|1750714922
|move|p2b: Grimmsnarl|Thunder Wave|p1b: Kleavor|[miss]
|-miss|p2b: Grimmsnarl|p1b: Kleavor
|move|p1b: Kleavor|Stone Axe|p2a: Calyrex
|-supereffective|p2a: Calyrex
|-damage|p2a: Calyrex|75/100
|-sidestart|p2: HDX4|move: Stealth Rock
|move|p1a: Zamazenta|Body Press|p2a: Calyrex
|-damage|p2a: Calyrex|44/100
|move|p2a: Calyrex|Leech Seed|p1a: Zamazenta
|-start|p1a: Zamazenta|move: Leech Seed
|
|-heal|p2a: Calyrex|50/100|[from] item: Leftovers
|-damage|p1a: Zamazenta|86/100 par|[from] Leech Seed|[of] p2a: Calyrex
|-heal|p2a: Calyrex|61/100|[silent]
|-sideend|p1: FlyingDingo|move: Tailwind
|upkeep
|turn|5
|
|t:|1750714942
|move|p2b: Grimmsnarl|Thunder Wave|p1b: Kleavor
|-status|p1b: Kleavor|par
|move|p1a: Zamazenta|Body Press|p2a: Calyrex
|-damage|p2a: Calyrex|30/100
|move|p1b: Kleavor|X-Scissor|p2a: Calyrex
|-supereffective|p2a: Calyrex
|-damage|p2a: Calyrex|0 fnt
|faint|p2a: Calyrex
|
|-fieldend|move: Electric Terrain
|upkeep
|
|t:|1750714950
|switch|p2a: Miraidon|Miraidon, L50|100/100
|-damage|p2a: Miraidon|88/100|[from] Stealth Rock
|-fieldstart|move: Electric Terrain|[from] ability: Hadron Engine|[of] p2a: Miraidon
|turn|6
|l| petchrio
|
|t:|1750714967
|move|p2a: Miraidon|Electro Drift|p1a: Zamazenta
|-damage|p1a: Zamazenta|0 fnt
|faint|p1a: Zamazenta
|move|p2b: Grimmsnarl|Spirit Break|p1b: Kleavor
|-damage|p1b: Kleavor|0 fnt
|faint|p1b: Kleavor
|
|upkeep
|
|t:|1750714971
|switch|p1a: Chi-Yu|Chi-Yu, L50|100/100
|switch|p1b: Giratina|Giratina-Origin, L50, tera:Fire|100/100
|-ability|p1a: Chi-Yu|Beads of Ruin
|turn|7
|
|t:|1750714991
|-terastallize|p2a: Miraidon|Fairy
|move|p2b: Grimmsnarl|Thunder Wave|p1b: Giratina|[miss]
|-miss|p2b: Grimmsnarl|p1b: Giratina
|move|p1a: Chi-Yu|Heat Wave|p2a: Miraidon|[spread] p2a,p2b
|-crit|p2a: Miraidon
|-damage|p2a: Miraidon|32/100
|-damage|p2b: Grimmsnarl|0 fnt
|faint|p2b: Grimmsnarl
|move|p2a: Miraidon|Electro Drift|p1a: Chi-Yu
|-damage|p1a: Chi-Yu|0 fnt
|faint|p1a: Chi-Yu
|move|p1b: Giratina|Poltergeist|p2a: Miraidon
|-activate|p2a: Miraidon|move: Poltergeist|Choice Specs
|-damage|p2a: Miraidon|0 fnt
|faint|p2a: Miraidon
|
|upkeep
|
|t:|1750715006
|switch|p2b: Incineroar|Incineroar, L50, F|68/100
|-damage|p2b: Incineroar|43/100|[from] Stealth Rock
|-ability|p2b: Incineroar|Intimidate|boost
|-unboost|p1b: Giratina|atk|1
|turn|8
|
|t:|1750715017
|move|p1b: Giratina|Protect|p1b: Giratina
|-singleturn|p1b: Giratina|Protect
|move|p2b: Incineroar|Fake Out|p1b: Giratina
|-activate|p1b: Giratina|move: Protect
|
|-sideend|p2: HDX4|move: Light Screen
|upkeep
|turn|9
|
|t:|1750715020
|move|p2b: Incineroar|Knock Off|p1b: Giratina
|-damage|p1b: Giratina|83/100
|move|p1b: Giratina|Dragon Claw|p2b: Incineroar
|-damage|p2b: Incineroar|22/100
|
|-sideend|p2: HDX4|Reflect
|upkeep
|turn|10
|
|t:|1750715029
|move|p2b: Incineroar|Knock Off|p1b: Giratina
|-damage|p1b: Giratina|65/100
|move|p1b: Giratina|Dragon Claw|p2b: Incineroar
|-damage|p2b: Incineroar|0 fnt
|faint|p2b: Incineroar
|
|win|FlyingDingo
|raw|FlyingDingo's rating: 1530 &rarr; <strong>1546</strong><br />(+16 for winning)
|raw|HDX4's rating: 1465 &rarr; <strong>1449</strong><br />(-16 for losing)
|l|☆HDX4
|player|p2|
|l|☆FlyingDingo
|player|p1|
