|j|☆TheHillMann
|j|☆testy accounty 2
|t:|1750797091
|gametype|doubles
|player|p1|TheHillMann|rood|1738
|player|p2|testy accounty 2|169|1709
|teamsize|p1|6
|teamsize|p2|6
|gen|9
|tier|[Gen 9] VGC 2025 Reg I
|rated|
|rule|Species Clause: Limit one of each Pokémon
|rule|Item Clause: Limit 1 of each item
|clearpoke
|poke|p1|Groudon, L50|
|poke|p1|Calyrex-Ice, L50|
|poke|p1|Jumpluff, L50, M|
|poke|p1|Raging Bolt, L50|
|poke|p1|Chi-Yu, L50|
|poke|p1|Raichu, L50, F|
|poke|p2|Lunala, L50|
|poke|p2|Miraidon, L50|
|poke|p2|Incineroar, L50, M|
|poke|p2|Rillaboom, L50, M|
|poke|p2|Farigiraf, L50, F|
|poke|p2|Ursaluna, L50, F|
|teampreview|4
|inactive|Battle timer is ON: inactive players will automatically lose when time's up. (requested by TheHillMann)
|inactive|testy accounty 2 has 60 seconds left.
|
|t:|1750797153
|start
|switch|p1a: Calyrex|Calyrex-Ice, L50|100/100
|switch|p1b: Raichu|Raichu, L50, F|100/100
|switch|p2a: Miraidon|Miraidon, L50|100/100
|switch|p2b: Ursaluna|Ursaluna, L50, F|100/100
|-ability|p1a: Calyrex|As One
|-ability|p1a: Calyrex|Unnerve
|-fieldstart|move: Electric Terrain|[from] ability: Hadron Engine|[of] p2a: Miraidon
|turn|1
|
|t:|1750797163
|switch|p2a: Ian|Incineroar, L50, M|100/100
|-ability|p2a: Ian|Intimidate|boost
|-unboost|p1a: Calyrex|atk|1
|-unboost|p1b: Raichu|atk|1
|move|p2b: Ursaluna|Protect|p2b: Ursaluna
|-singleturn|p2b: Ursaluna|Protect
|move|p1b: Raichu|Fake Out|p2a: Ian
|-damage|p2a: Ian|97/100
|-damage|p1b: Raichu|84/100|[from] item: Rocky Helmet|[of] p2a: Ian
|move|p1a: Calyrex|Glacial Lance|p2b: Ursaluna|[spread] p2a
|-activate|p2b: Ursaluna|move: Protect
|-resisted|p2a: Ian
|-damage|p2a: Ian|85/100
|
|-status|p2b: Ursaluna|brn|[from] item: Flame Orb
|upkeep
|turn|2
|
|t:|1750797188
|switch|p1b: Groudon|Groudon, L50|100/100
|-weather|SunnyDay|[from] ability: Drought|[of] p1b: Groudon
|move|p2a: Ian|Fake Out|p1a: Calyrex
|-crit|p1a: Calyrex
|-damage|p1a: Calyrex|92/100
|cant|p1a: Calyrex|flinch
|move|p2b: Ursaluna|Facade|p1b: Groudon
|-damage|p1b: Groudon|8/100
|
|-weather|SunnyDay|[upkeep]
|-damage|p2b: Ursaluna|95/100 brn|[from] brn
|upkeep
|turn|3
|inactive|testy accounty 2 has 30 seconds left.
|inactive|testy accounty 2 has 20 seconds left.
|
|t:|1750797223
|move|p2b: Ursaluna|Protect|p2b: Ursaluna
|-singleturn|p2b: Ursaluna|Protect
|move|p1b: Groudon|Precipice Blades|p2a: Ian|[spread] p2a
|-activate|p2b: Ursaluna|move: Protect
|-supereffective|p2a: Ian
|-damage|p2a: Ian|0 fnt
|faint|p2a: Ian
|move|p1a: Calyrex|Glacial Lance|p2b: Ursaluna
|-activate|p2b: Ursaluna|move: Protect
|
|-weather|SunnyDay|[upkeep]
|-damage|p2b: Ursaluna|89/100 brn|[from] brn
|upkeep
|
|t:|1750797239
|switch|p2a: Miraidon|Miraidon, L50|100/100
|-activate|p2a: Miraidon|ability: Hadron Engine
|turn|4
|
|t:|1750797252
|switch|p1b: Raichu|Raichu, L50, F|84/100
|-terastallize|p1a: Calyrex|Fairy
|move|p2a: Miraidon|Snarl|p1b: Raichu|[spread] p1a,p1b
|-resisted|p1a: Calyrex
|-crit|p1b: Raichu
|-damage|p1a: Calyrex|85/100
|-damage|p1b: Raichu|31/100
|-unboost|p1a: Calyrex|spa|1
|-unboost|p1b: Raichu|spa|1
|move|p1a: Calyrex|Glacial Lance|p2b: Ursaluna|[spread] p2a,p2b
|-supereffective|p2a: Miraidon
|-supereffective|p2b: Ursaluna
|-damage|p2a: Miraidon|46/100
|-damage|p2b: Ursaluna|40/100 brn
|move|p2b: Ursaluna|Facade|p1a: Calyrex
|-damage|p1a: Calyrex|24/100
|-enditem|p1a: Calyrex|Sitrus Berry|[eat]
|-heal|p1a: Calyrex|48/100|[from] item: Sitrus Berry
|
|-weather|SunnyDay|[upkeep]
|-damage|p2b: Ursaluna|34/100 brn|[from] brn
|upkeep
|turn|5
|inactive|testy accounty 2 has 30 seconds left.
|inactive|testy accounty 2 has 20 seconds left.
|inactive|testy accounty 2 has 15 seconds left.
|inactive|testy accounty 2 has 10 seconds left.
|inactive|TheHillMann has 30 seconds left.
|
|t:|1750797304
|move|p2b: Ursaluna|Protect|p2b: Ursaluna
|-singleturn|p2b: Ursaluna|Protect
|move|p2a: Miraidon|Snarl|p1a: Calyrex|[spread] p1a,p1b
|-resisted|p1a: Calyrex
|-damage|p1a: Calyrex|41/100
|-damage|p1b: Raichu|0 fnt
|-unboost|p1a: Calyrex|spa|1
|faint|p1b: Raichu
|move|p1a: Calyrex|Glacial Lance|p2a: Miraidon|[spread] p2a
|-activate|p2b: Ursaluna|move: Protect
|-supereffective|p2a: Miraidon
|-damage|p2a: Miraidon|0 fnt
|faint|p2a: Miraidon
|-ability|p1a: Calyrex|Chilling Neigh|boost
|-boost|p1a: Calyrex|atk|1
|
|-weather|SunnyDay|[upkeep]
|-damage|p2b: Ursaluna|28/100 brn|[from] brn
|-fieldend|move: Electric Terrain
|upkeep
|
|t:|1750797319
|switch|p1b: Raging Bolt|Raging Bolt, L50|100/100
|switch|p2a: Lunala|Lunala, L50|100/100
|-activate|p1b: Raging Bolt|ability: Protosynthesis
|-start|p1b: Raging Bolt|protosynthesisspa
|turn|6
|
|t:|1750797342
|move|p2a: Lunala|Calm Mind|p2a: Lunala
|-boost|p2a: Lunala|spa|1
|-boost|p2a: Lunala|spd|1
|move|p1b: Raging Bolt|Draco Meteor|p2b: Ursaluna
|-damage|p2b: Ursaluna|0 fnt
|-unboost|p1b: Raging Bolt|spa|2
|faint|p2b: Ursaluna
|-damage|p1b: Raging Bolt|91/100|[from] item: Life Orb
|move|p1a: Calyrex|Leech Seed|p2a: Lunala|[miss]
|-miss|p1a: Calyrex|p2a: Lunala
|
|-weather|none
|-end|p1b: Raging Bolt|Protosynthesis
|upkeep
|turn|7
|
|t:|1750797367
|-end|p1b: Raging Bolt|Protosynthesis|[silent]
|switch|p1b: Groudon|Groudon, L50|8/100
|-weather|SunnyDay|[from] ability: Drought|[of] p1b: Groudon
|-terastallize|p2a: Lunala|Fairy
|move|p2a: Lunala|Moonblast|p1b: Groudon
|-damage|p1b: Groudon|0 fnt
|faint|p1b: Groudon
|move|p1a: Calyrex|Leech Seed|p2a: Lunala
|-start|p2a: Lunala|move: Leech Seed
|
|-weather|SunnyDay|[upkeep]
|-damage|p2a: Lunala|88/100|[from] Leech Seed|[of] p1a: Calyrex
|-heal|p1a: Calyrex|55/100|[silent]
|upkeep
|
|t:|1750797375
|switch|p1b: Raging Bolt|Raging Bolt, L50|91/100
|-activate|p1b: Raging Bolt|ability: Protosynthesis
|-start|p1b: Raging Bolt|protosynthesisspa
|turn|8
|
|t:|1750797380
|move|p1b: Raging Bolt|Protect|p1b: Raging Bolt
|-singleturn|p1b: Raging Bolt|Protect
|move|p2a: Lunala|Moongeist Beam|p1a: Calyrex
|-damage|p1a: Calyrex|0 fnt
|faint|p1a: Calyrex
|
|-weather|SunnyDay|[upkeep]
|-heal|p2a: Lunala|94/100|[from] item: Leftovers
|upkeep
|turn|9
|
|t:|1750797390
|move|p1b: Raging Bolt|Thunderclap|p2a: Lunala
|-damage|p2a: Lunala|59/100
|-damage|p1b: Raging Bolt|81/100|[from] item: Life Orb
|move|p2a: Lunala|Moonblast|p1b: Raging Bolt
|-supereffective|p1b: Raging Bolt
|-damage|p1b: Raging Bolt|0 fnt
|faint|p1b: Raging Bolt
|-end|p1b: Raging Bolt|Protosynthesis|[silent]
|
|win|testy accounty 2
|raw|TheHillMann's rating: 1738 &rarr; <strong>1716</strong><br />(-22 for losing)
|raw|testy accounty 2's rating: 1709 &rarr; <strong>1731</strong><br />(+22 for winning)
|l|☆TheHillMann
|player|p1|
|l|☆testy accounty 2
|player|p2|
