|j|☆pantsuit
|j|☆Littlepak3
|t:|1750863953
|gametype|doubles
|player|p1|pantsuit|2|1575
|player|p2|Littlepak3|lance|1536
|teamsize|p1|6
|teamsize|p2|6
|gen|9
|tier|[Gen 9] VGC 2025 Reg I
|rated|
|rule|Species Clause: Limit one of each Pokémon
|rule|Item Clause: Limit 1 of each item
|clearpoke
|poke|p1|Koraidon, L50|
|poke|p1|Scovillain, L50, F|
|poke|p1|Miraidon, L50|
|poke|p1|Chesnaught, L50, F|
|poke|p1|Clefairy, L50, F|
|poke|p1|Indeedee-F, L50, F|
|poke|p2|Calyrex-Ice, L50|
|poke|p2|Palkia, L50|
|poke|p2|Ursaluna, L50, F|
|poke|p2|Indeedee-F, L50, F|
|poke|p2|Torkoal, L50, M|
|poke|p2|Smeargle, L50, M|
|teampreview|4
|inactive|Battle timer is ON: inactive players will automatically lose when time's up. (requested by Littlepak3)
|
|t:|1750864011
|start
|switch|p1a: Miraidon|Miraidon, L50|100/100
|switch|p1b: Chesnaught|Chesnaught, L50, F|100/100
|switch|p2a: Calyrex|Calyrex-Ice, L50|100/100
|switch|p2b: Indeedee|Indeedee-F, L50, F|100/100
|-ability|p2a: Calyrex|As One
|-ability|p2a: Calyrex|Unnerve
|-fieldstart|move: Electric Terrain|[from] ability: Hadron Engine|[of] p1a: Miraidon
|-enditem|p1b: Chesnaught|Electric Seed
|-boost|p1b: Chesnaught|def|1|[from] item: Electric Seed
|-fieldstart|move: Psychic Terrain|[from] ability: Psychic Surge|[of] p2b: Indeedee
|turn|1
|
|t:|1750864032
|move|p1a: Miraidon|Volt Switch|p2b: Indeedee
|-damage|p2b: Indeedee|62/100
|
|t:|1750864036
|switch|p1a: Clefairy|Clefairy, L50, F|100/100|[from] Volt Switch
|move|p1b: Chesnaught|Leech Seed|p2a: Calyrex|[miss]
|-miss|p1b: Chesnaught|p2a: Calyrex
|move|p2a: Calyrex|Glacial Lance|p1a: Clefairy|[spread] p1a,p1b
|-supereffective|p1b: Chesnaught
|-damage|p1a: Clefairy|56/100
|-damage|p1b: Chesnaught|66/100
|move|p2b: Indeedee|Trick Room|p2b: Indeedee
|-fieldstart|move: Trick Room|[of] p2b: Indeedee
|
|upkeep
|turn|2
|
|t:|1750864054
|move|p1a: Clefairy|Life Dew|p1a: Clefairy|[spread] p1a,p1b
|-heal|p1a: Clefairy|81/100
|-heal|p1b: Chesnaught|91/100
|move|p2a: Calyrex|Glacial Lance|p1b: Chesnaught|[spread] p1a,p1b
|-supereffective|p1b: Chesnaught
|-damage|p1a: Clefairy|38/100
|-damage|p1b: Chesnaught|51/100
|move|p2b: Indeedee|Alluring Voice|p1b: Chesnaught
|-supereffective|p1b: Chesnaught
|-damage|p1b: Chesnaught|21/100
|move|p1b: Chesnaught|Leech Seed|p2a: Calyrex
|-start|p2a: Calyrex|move: Leech Seed
|
|-damage|p2a: Calyrex|88/100|[from] Leech Seed|[of] p1b: Chesnaught
|-heal|p1b: Chesnaught|34/100|[silent]
|upkeep
|turn|3
|
|t:|1750864072
|move|p1b: Chesnaught|Wide Guard|p1b: Chesnaught
|-singleturn|p1b: Chesnaught|Wide Guard
|move|p1a: Clefairy|Life Dew|p1a: Clefairy|[spread] p1a,p1b
|-heal|p1a: Clefairy|63/100
|-heal|p1b: Chesnaught|59/100
|move|p2a: Calyrex|High Horsepower|p1a: Clefairy
|-damage|p1a: Clefairy|31/100
|move|p2b: Indeedee|Alluring Voice|p1b: Chesnaught
|-supereffective|p1b: Chesnaught
|-damage|p1b: Chesnaught|28/100
|
|-damage|p2a: Calyrex|76/100|[from] Leech Seed|[of] p1b: Chesnaught
|-heal|p1b: Chesnaught|41/100|[silent]
|upkeep
|turn|4
|
|t:|1750864097
|-terastallize|p1b: Chesnaught|Steel
|move|p2b: Indeedee|Helping Hand|p2a: Calyrex
|-singleturn|p2a: Calyrex|Helping Hand|[of] p2b: Indeedee
|move|p1a: Clefairy|Life Dew|p1a: Clefairy|[spread] p1a,p1b
|-heal|p1a: Clefairy|56/100
|-heal|p1b: Chesnaught|66/100
|move|p2a: Calyrex|Glacial Lance|p1b: Chesnaught|[spread] p1a,p1b
|-resisted|p1b: Chesnaught
|-damage|p1a: Clefairy|0 fnt
|-damage|p1b: Chesnaught|53/100
|faint|p1a: Clefairy
|-ability|p2a: Calyrex|Chilling Neigh|boost
|-boost|p2a: Calyrex|atk|1
|move|p1b: Chesnaught|Body Press|p2b: Indeedee
|-damage|p2b: Indeedee|0 fnt
|faint|p2b: Indeedee
|
|-damage|p2a: Calyrex|64/100|[from] Leech Seed|[of] p1b: Chesnaught
|-heal|p1b: Chesnaught|66/100|[silent]
|upkeep
|
|t:|1750864119
|switch|p1a: Koraidon|Koraidon, L50|100/100
|switch|p2b: Ursaluna|Ursaluna, L50, F|100/100
|-weather|SunnyDay|[from] ability: Orichalcum Pulse|[of] p1a: Koraidon
|-activate|p1a: Koraidon|Orichalcum Pulse|[source]
|turn|5
|inactive|Littlepak3 has 30 seconds left.
|
|t:|1750864147
|switch|p2a: Palkia|Palkia, L50, shiny|100/100
|move|p1b: Chesnaught|Spiky Shield|p1b: Chesnaught
|-singleturn|p1b: Chesnaught|move: Protect
|move|p1a: Koraidon|Protect|p1a: Koraidon
|-singleturn|p1a: Koraidon|Protect
|move|p2b: Ursaluna|Headlong Rush|p1b: Chesnaught
|-activate|p1b: Chesnaught|move: Protect
|-damage|p2b: Ursaluna|88/100|[from] Spiky Shield|[of] p1b: Chesnaught
|
|-weather|SunnyDay|[upkeep]
|-fieldend|move: Trick Room
|-fieldend|move: Psychic Terrain
|-status|p2b: Ursaluna|brn|[from] item: Flame Orb
|upkeep
|turn|6
|
|t:|1750864169
|move|p2b: Ursaluna|Protect|p2b: Ursaluna
|-singleturn|p2b: Ursaluna|Protect
|move|p1a: Koraidon|Collision Course|p2a: Palkia
|-crit|p2a: Palkia
|-damage|p2a: Palkia|0 fnt
|faint|p2a: Palkia
|move|p1b: Chesnaught|Body Press|p2b: Ursaluna
|-activate|p2b: Ursaluna|move: Protect
|
|-weather|SunnyDay|[upkeep]
|-damage|p2b: Ursaluna|83/100 brn|[from] brn
|upkeep
|-message|Littlepak3 forfeited.
|
|win|pantsuit
|raw|pantsuit's rating: 1575 &rarr; <strong>1593</strong><br />(+18 for winning)
|raw|Littlepak3's rating: 1536 &rarr; <strong>1518</strong><br />(-18 for losing)
|l|☆Littlepak3
|player|p2|
|l|☆pantsuit
|player|p1|
