|j|☆naibot2814
|j|☆jd8erh
|t:|1750871161
|gametype|doubles
|player|p1|naibot2814|ghetsis|1580
|player|p2|jd8erh|2|1671
|teamsize|p1|6
|teamsize|p2|6
|gen|9
|tier|[Gen 9] VGC 2025 Reg I
|rated|
|rule|Species Clause: Limit one of each Pokémon
|rule|Item Clause: Limit 1 of each item
|clearpoke
|poke|p1|Zamazenta-*, L50|
|poke|p1|Ogerpon-Hearthflame, L50, F|
|poke|p1|Calyrex-Shadow, L50|
|poke|p1|Incineroar, L50, M|
|poke|p1|Rillaboom, L50, M|
|poke|p1|Raging Bolt, L50|
|poke|p2|Miraidon, L50|
|poke|p2|Grimmsnarl, L50, M|
|poke|p2|Calyrex-Ice, L50|
|poke|p2|Incineroar, L50, M|
|poke|p2|Volcarona, L50, M|
|poke|p2|Urshifu-*, L50, M|
|teampreview|4
|
|t:|1750871188
|start
|switch|p1a: Rillaboom|Rillaboom, L50, M|100/100
|switch|p1b: Ogerpon|Ogerpon-Hearthflame, L50, F|100/100
|switch|p2a: Miraidon|Miraidon, L50|100/100
|switch|p2b: Volcarona|Volcarona, L50, M|100/100
|-fieldstart|move: Electric Terrain|[from] ability: Hadron Engine|[of] p2a: Miraidon
|-enditem|p2b: Volcarona|Electric Seed
|-boost|p2b: Volcarona|def|1|[from] item: Electric Seed
|-ability|p1b: Ogerpon|Mold Breaker
|-fieldstart|move: Grassy Terrain|[from] ability: Grassy Surge|[of] p1a: Rillaboom
|turn|1
|
|t:|1750871205
|-terastallize|p1b: Ogerpon|Fire
|detailschange|p1b: Ogerpon|Ogerpon-Hearthflame-Tera, L50, F, tera:Fire
|-ability|p1b: Ogerpon|Embody Aspect (Hearthflame)|boost
|-boost|p1b: Ogerpon|atk|1
|move|p1a: Rillaboom|Fake Out|p2a: Miraidon
|-damage|p2a: Miraidon|89/100
|cant|p2a: Miraidon|flinch
|move|p1b: Ogerpon|Ivy Cudgel|p2b: Volcarona|[anim] Ivy Cudgel Fire
|-damage|p2b: Volcarona|13/100
|move|p2b: Volcarona|Fiery Dance|p1a: Rillaboom
|-supereffective|p1a: Rillaboom
|-damage|p1a: Rillaboom|50/100
|
|-heal|p2a: Miraidon|95/100|[from] Grassy Terrain
|-heal|p2b: Volcarona|19/100|[from] Grassy Terrain
|-heal|p1a: Rillaboom|56/100|[from] Grassy Terrain
|upkeep
|turn|2
|
|t:|1750871235
|move|p2a: Miraidon|Volt Switch|p1a: Rillaboom
|-resisted|p1a: Rillaboom
|-damage|p1a: Rillaboom|37/100
|
|t:|1750871237
|switch|p2a: Incineroar|Incineroar, L50, M|100/100|[from] Volt Switch
|-ability|p2a: Incineroar|Intimidate|boost
|-unboost|p1a: Rillaboom|atk|1
|-unboost|p1b: Ogerpon|atk|1
|move|p1b: Ogerpon|Ivy Cudgel|p2b: Volcarona|[anim] Ivy Cudgel Fire
|-crit|p2b: Volcarona
|-damage|p2b: Volcarona|0 fnt
|faint|p2b: Volcarona
|move|p1a: Rillaboom|U-turn|p2a: Incineroar
|-damage|p2a: Incineroar|88/100
|
|t:|1750871248
|switch|p1a: Zamazenta|Zamazenta-Crowned, L50|100/100|[from] U-turn
|-ability|p1a: Zamazenta|Dauntless Shield|boost
|-boost|p1a: Zamazenta|def|1
|
|-heal|p2a: Incineroar|94/100|[from] Grassy Terrain
|upkeep
|
|t:|1750871250
|switch|p2b: Grimmsnarl|Grimmsnarl, L50, M|100/100
|turn|3
|
|t:|1750871263
|switch|p2b: Miraidon|Miraidon, L50|95/100
|-fieldstart|move: Electric Terrain|[from] ability: Hadron Engine|[of] p2b: Miraidon
|move|p2a: Incineroar|Fake Out|p1a: Zamazenta
|-resisted|p1a: Zamazenta
|-damage|p1a: Zamazenta|98/100
|cant|p1a: Zamazenta|flinch
|move|p1b: Ogerpon|Ivy Cudgel|p2b: Miraidon|[anim] Ivy Cudgel Fire
|-resisted|p2b: Miraidon
|-crit|p2b: Miraidon
|-damage|p2b: Miraidon|43/100
|
|upkeep
|turn|4
|
|t:|1750871277
|switch|p1b: Rillaboom|Rillaboom, L50, M|37/100
|-fieldstart|move: Grassy Terrain|[from] ability: Grassy Surge|[of] p1b: Rillaboom
|move|p1a: Zamazenta|Body Press|p2a: Incineroar
|-supereffective|p2a: Incineroar
|-damage|p2a: Incineroar|0 fnt
|faint|p2a: Incineroar
|move|p2b: Miraidon|Electro Drift|p1a: Zamazenta
|-damage|p1a: Zamazenta|42/100
|
|-heal|p1a: Zamazenta|48/100|[from] Grassy Terrain
|-heal|p2b: Miraidon|49/100|[from] Grassy Terrain
|-heal|p1b: Rillaboom|43/100|[from] Grassy Terrain
|upkeep
|
|t:|1750871280
|switch|p2a: Grimmsnarl|Grimmsnarl, L50, M|100/100
|turn|5
|
|t:|1750871298
|-terastallize|p2b: Miraidon|Fairy
|move|p1b: Rillaboom|Fake Out|p2b: Miraidon
|-damage|p2b: Miraidon|39/100
|move|p2a: Grimmsnarl|Reflect|p2a: Grimmsnarl
|-sidestart|p2: jd8erh|Reflect
|move|p1a: Zamazenta|Body Press|p2b: Miraidon
|-resisted|p2b: Miraidon
|-damage|p2b: Miraidon|21/100
|cant|p2b: Miraidon|flinch
|
|-heal|p1a: Zamazenta|54/100|[from] Grassy Terrain
|-heal|p2b: Miraidon|27/100|[from] Grassy Terrain
|-heal|p1b: Rillaboom|49/100|[from] Grassy Terrain
|upkeep
|turn|6
|
|t:|1750871315
|move|p1a: Zamazenta|Protect|p1a: Zamazenta
|-singleturn|p1a: Zamazenta|Protect
|move|p2a: Grimmsnarl|Thunder Wave|p1b: Rillaboom|[miss]
|-miss|p2a: Grimmsnarl|p1b: Rillaboom
|move|p2b: Miraidon|Electro Drift|p1a: Zamazenta
|-activate|p1a: Zamazenta|move: Protect
|move|p1b: Rillaboom|U-turn|p2b: Miraidon
|-resisted|p2b: Miraidon
|-damage|p2b: Miraidon|20/100
|
|t:|1750871328
|switch|p1b: Calyrex|Calyrex-Shadow, L50|100/100|[from] U-turn
|-ability|p1b: Calyrex|As One
|-ability|p1b: Calyrex|Unnerve
|
|-heal|p1a: Zamazenta|60/100|[from] Grassy Terrain
|-heal|p2b: Miraidon|26/100|[from] Grassy Terrain
|upkeep
|turn|7
|
|t:|1750871338
|move|p2a: Grimmsnarl|Light Screen|p2a: Grimmsnarl
|-sidestart|p2: jd8erh|move: Light Screen
|move|p1b: Calyrex|Astral Barrage|p2a: Grimmsnarl|[spread] p2a,p2b
|-resisted|p2a: Grimmsnarl
|-crit|p2a: Grimmsnarl
|-damage|p2a: Grimmsnarl|51/100
|-damage|p2b: Miraidon|0 fnt
|faint|p2b: Miraidon
|-ability|p1b: Calyrex|Grim Neigh|boost
|-boost|p1b: Calyrex|spa|1
|-damage|p1b: Calyrex|91/100|[from] item: Life Orb
|move|p1a: Zamazenta|Heavy Slam|p2a: Grimmsnarl
|-supereffective|p2a: Grimmsnarl
|-damage|p2a: Grimmsnarl|0 fnt
|faint|p2a: Grimmsnarl
|
|win|naibot2814
|raw|naibot2814's rating: 1580 &rarr; <strong>1605</strong><br />(+25 for winning)
|raw|jd8erh's rating: 1671 &rarr; <strong>1646</strong><br />(-25 for losing)
|l|☆jd8erh
|player|p2|
