|j|☆tremty
|j|☆goyo ramos
|t:|1750772878
|gametype|doubles
|player|p1|tremty|101|1067
|player|p2|goyo ramos|2|1066
|teamsize|p1|6
|teamsize|p2|6
|gen|9
|tier|[Gen 9] VGC 2025 Reg I
|rated|
|rule|Species Clause: Limit one of each Pokémon
|rule|Item Clause: Limit 1 of each item
|clearpoke
|poke|p1|Miraidon, L50|
|poke|p1|Iron Hands, L50|
|poke|p1|Heatran, L50, M|
|poke|p1|Rillaboom, L50, M|
|poke|p1|Moltres-Galar, L50|
|poke|p1|Groudon, L50|
|poke|p2|Miraidon, L50|
|poke|p2|Calyrex-Ice, L50|
|poke|p2|Ogerpon-Cornerstone, L50, F|
|poke|p2|Incineroar, L50, F|
|poke|p2|Urshifu-*, L50, M|
|poke|p2|Farigiraf, L50, M|
|teampreview|4
|
|t:|1750772905
|start
|switch|p1a: Heatran|Heatran, L50, M, shiny|100/100
|switch|p1b: Moltres|Moltres-Galar, L50, shiny|100/100
|switch|p2a: Urshifu|Urshifu-Rapid-Strike, L50, M|100/100
|switch|p2b: Calyrex|Calyrex-Ice, L50|100/100
|-ability|p2b: Calyrex|As One
|-ability|p2b: Calyrex|Unnerve
|turn|1
|
|t:|1750772921
|-terastallize|p1a: Heatran|Grass
|move|p2a: Urshifu|Surging Strikes|p1a: Heatran
|-resisted|p1a: Heatran
|-crit|p1a: Heatran
|-damage|p1a: Heatran|92/100
|-resisted|p1a: Heatran
|-crit|p1a: Heatran
|-damage|p1a: Heatran|83/100
|-resisted|p1a: Heatran
|-crit|p1a: Heatran
|-damage|p1a: Heatran|74/100
|-hitcount|p1a: Heatran|3
|move|p1a: Heatran|Magma Storm|p2b: Calyrex
|-supereffective|p2b: Calyrex
|-damage|p2b: Calyrex|39/100
|-activate|p2b: Calyrex|move: Magma Storm|[of] p1a: Heatran
|move|p1b: Moltres|Foul Play|p2b: Calyrex
|-supereffective|p2b: Calyrex
|-damage|p2b: Calyrex|0 fnt
|faint|p2b: Calyrex
|
|-heal|p1a: Heatran|81/100|[from] item: Leftovers
|upkeep
|
|t:|1750772940
|switch|p2b: Miraidon|Miraidon, L50|100/100
|-fieldstart|move: Electric Terrain|[from] ability: Hadron Engine|[of] p2b: Miraidon
|turn|2
|
|t:|1750772950
|switch|p1b: Groudon|Groudon, L50|100/100
|-weather|SunnyDay|[from] ability: Drought|[of] p1b: Groudon
|move|p2a: Urshifu|Protect|p2a: Urshifu
|-singleturn|p2a: Urshifu|Protect
|move|p2b: Miraidon|Electro Drift|p1b: Groudon
|-immune|p1b: Groudon
|move|p1a: Heatran|Magma Storm|p2a: Urshifu
|-activate|p2a: Urshifu|move: Protect
|
|-weather|SunnyDay|[upkeep]
|-heal|p1a: Heatran|87/100|[from] item: Leftovers
|upkeep
|turn|3
|
|t:|1750772972
|move|p2b: Miraidon|Electro Drift|p1a: Heatran
|-resisted|p1a: Heatran
|-damage|p1a: Heatran|27/100
|move|p2a: Urshifu|Surging Strikes|p1b: Groudon
|-supereffective|p1b: Groudon
|-crit|p1b: Groudon
|-damage|p1b: Groudon|88/100
|-supereffective|p1b: Groudon
|-crit|p1b: Groudon
|-damage|p1b: Groudon|73/100
|-supereffective|p1b: Groudon
|-crit|p1b: Groudon
|-damage|p1b: Groudon|59/100
|-hitcount|p1b: Groudon|3
|move|p1a: Heatran|Magma Storm|p2b: Miraidon
|-resisted|p2b: Miraidon
|-damage|p2b: Miraidon|68/100
|-activate|p2b: Miraidon|move: Magma Storm|[of] p1a: Heatran
|move|p1b: Groudon|Precipice Blades|p2a: Urshifu|[spread] p2a,p2b
|-supereffective|p2b: Miraidon
|-damage|p2a: Urshifu|52/100
|-damage|p2b: Miraidon|0 fnt
|faint|p2b: Miraidon
|
|-weather|SunnyDay|[upkeep]
|-heal|p1a: Heatran|33/100|[from] item: Leftovers
|upkeep
|
|t:|1750772992
|switch|p2b: Ogerpon|Ogerpon-Cornerstone, L50, F|100/100
|turn|4
|
|t:|1750773006
|move|p2b: Ogerpon|Power Whip|p1a: Heatran
|-resisted|p1a: Heatran
|-damage|p1a: Heatran|2/100
|move|p2a: Urshifu|Surging Strikes|p1b: Groudon
|-supereffective|p1b: Groudon
|-crit|p1b: Groudon
|-damage|p1b: Groudon|46/100
|-supereffective|p1b: Groudon
|-crit|p1b: Groudon
|-damage|p1b: Groudon|35/100
|-supereffective|p1b: Groudon
|-crit|p1b: Groudon
|-damage|p1b: Groudon|22/100
|-hitcount|p1b: Groudon|3
|move|p1a: Heatran|Magma Storm|p2b: Ogerpon
|-damage|p2b: Ogerpon|20/100
|-activate|p2b: Ogerpon|move: Magma Storm|[of] p1a: Heatran
|move|p1b: Groudon|Precipice Blades|p2a: Urshifu|[spread] p2a,p2b
|-damage|p2a: Urshifu|7/100
|-damage|p2b: Ogerpon|0 fnt
|faint|p2b: Ogerpon
|
|-weather|SunnyDay|[upkeep]
|-heal|p1a: Heatran|8/100|[from] item: Leftovers
|upkeep
|turn|5
|
|t:|1750773029
|-terastallize|p2a: Urshifu|Water
|move|p2a: Urshifu|Aqua Jet|p1b: Groudon
|-supereffective|p1b: Groudon
|-damage|p1b: Groudon|5/100
|move|p1a: Heatran|Flash Cannon|p2a: Urshifu
|-resisted|p2a: Urshifu
|-damage|p2a: Urshifu|0 fnt
|faint|p2a: Urshifu
|
|win|tremty
|raw|tremty's rating: 1067 &rarr; <strong>1097</strong><br />(+30 for winning)
|raw|goyo ramos's rating: 1066 &rarr; <strong>1046</strong><br />(-20 for losing)
|l|☆tremty
|player|p1|
|l|☆goyo ramos
|player|p2|
