|j|☆a lonely shuckle
|j|☆Gotolas
|t:|1750879814
|gametype|doubles
|player|p1|a lonely shuckle|unknown|1108
|player|p2|Gotolas|n|1106
|teamsize|p1|6
|teamsize|p2|6
|gen|9
|tier|[Gen 9] VGC 2025 Reg I
|rated|
|rule|Species Clause: Limit one of each Pokémon
|rule|Item Clause: Limit 1 of each item
|clearpoke
|poke|p1|Koraidon, L50|
|poke|p1|Calyrex-Shadow, L50|
|poke|p1|Whimsicott, L50, M|
|poke|p1|Flutter Mane, L50|
|poke|p1|Ogerpon-Hearthflame, L50, F|
|poke|p1|Walking Wake, L50|
|poke|p2|Kyogre, L50|
|poke|p2|Barraskewda, L50, M|
|poke|p2|Zapdos, L50|
|poke|p2|Ludicolo, L50, F|
|poke|p2|Zamazenta-*, L50|
|poke|p2|Palafin, L50, F|
|teampreview|4
|inactive|Battle timer is ON: inactive players will automatically lose when time's up. (requested by Gotolas)
|
|t:|1750879834
|start
|switch|p1a: Whimsicott|Whimsicott, L50, M, shiny|100/100
|switch|p1b: Calyrex|Calyrex-Shadow, L50|100/100
|switch|p2a: Zapdos|Zapdos, L50|100/100
|switch|p2b: Palafin|Palafin, L50, F|100/100
|-ability|p1b: Calyrex|As One
|-ability|p1b: Calyrex|Unnerve
|-ability|p2a: Zapdos|Pressure
|turn|1
|
|t:|1750879848
|detailschange|p2b: Palafin|Palafin-Hero, L50, F
|switch|p2b: Kyogre|Kyogre, L50|100/100
|-weather|RainDance|[from] ability: Drizzle|[of] p2b: Kyogre
|move|p1a: Whimsicott|Tailwind|p1a: Whimsicott
|-sidestart|p1: a lonely shuckle|move: Tailwind
|move|p1b: Calyrex|Astral Barrage|p2a: Zapdos|[spread] p2a,p2b
|-damage|p2a: Zapdos|39/100
|-damage|p2b: Kyogre|58/100
|move|p2a: Zapdos|Tailwind|p2a: Zapdos
|-sidestart|p2: Gotolas|move: Tailwind
|
|-weather|RainDance|[upkeep]
|-heal|p2b: Kyogre|63/100|[from] item: Leftovers
|upkeep
|turn|2
|
|t:|1750879862
|move|p1a: Whimsicott|Encore|p2a: Zapdos
|-start|p2a: Zapdos|Encore
|move|p1b: Calyrex|Astral Barrage|p2b: Kyogre|[spread] p2a,p2b
|-damage|p2a: Zapdos|0 fnt
|-damage|p2b: Kyogre|22/100
|faint|p2a: Zapdos
|-ability|p1b: Calyrex|Grim Neigh|boost
|-boost|p1b: Calyrex|spa|1
|move|p2b: Kyogre|Origin Pulse|p1b: Calyrex|[spread] p1a,p1b
|-resisted|p1a: Whimsicott
|-damage|p1a: Whimsicott|53/100
|-damage|p1b: Calyrex|27/100
|
|-weather|RainDance|[upkeep]
|-heal|p2b: Kyogre|28/100|[from] item: Leftovers
|upkeep
|
|t:|1750879866
|switch|p2a: Palafin|Palafin-Hero, L50, F|100/100
|-activate|p2a: Palafin|ability: Zero to Hero
|turn|3
|
|t:|1750879885
|switch|p1a: Koraidon|Koraidon, L50|100/100
|-weather|SunnyDay|[from] ability: Orichalcum Pulse|[of] p1a: Koraidon
|-activate|p1a: Koraidon|Orichalcum Pulse|[source]
|move|p1b: Calyrex|Protect|p1b: Calyrex
|-singleturn|p1b: Calyrex|Protect
|move|p2a: Palafin|Jet Punch|p1b: Calyrex
|-activate|p1b: Calyrex|move: Protect
|move|p2b: Kyogre|Origin Pulse|p1b: Calyrex|[spread] p1a
|-activate|p1b: Calyrex|move: Protect
|-resisted|p1a: Koraidon
|-damage|p1a: Koraidon|87/100
|
|-weather|SunnyDay|[upkeep]
|-heal|p2b: Kyogre|34/100|[from] item: Leftovers
|upkeep
|turn|4
|
|t:|1750879898
|switch|p2b: Barraskewda|Barraskewda, L50, M|100/100
|move|p2a: Palafin|Jet Punch|p1b: Calyrex
|-damage|p1b: Calyrex|0 fnt
|faint|p1b: Calyrex
|move|p1a: Koraidon|Close Combat|p2a: Palafin
|-damage|p2a: Palafin|0 fnt
|-unboost|p1a: Koraidon|def|1
|-unboost|p1a: Koraidon|spd|1
|faint|p2a: Palafin
|-damage|p1a: Koraidon|78/100|[from] item: Life Orb
|
|-weather|SunnyDay|[upkeep]
|-sideend|p2: Gotolas|move: Tailwind
|-sideend|p1: a lonely shuckle|move: Tailwind
|upkeep
|
|t:|1750879907
|switch|p1b: Whimsicott|Whimsicott, L50, M, shiny|53/100
|switch|p2a: Kyogre|Kyogre, L50|34/100
|-weather|RainDance|[from] ability: Drizzle|[of] p2a: Kyogre
|turn|5
|
|t:|1750879924
|switch|p1a: Ogerpon|Ogerpon-Hearthflame, L50, F|100/100
|-ability|p1a: Ogerpon|Mold Breaker
|move|p1b: Whimsicott|Tailwind|p1b: Whimsicott
|-sidestart|p1: a lonely shuckle|move: Tailwind
|move|p2b: Barraskewda|Waterfall|p1a: Ogerpon
|-crit|p1a: Ogerpon
|-damage|p1a: Ogerpon|0 fnt
|faint|p1a: Ogerpon
|move|p2a: Kyogre|Origin Pulse|p1b: Whimsicott
|-resisted|p1b: Whimsicott
|-damage|p1b: Whimsicott|0 fnt
|faint|p1b: Whimsicott
|
|-weather|RainDance|[upkeep]
|-heal|p2a: Kyogre|39/100|[from] item: Leftovers
|upkeep
|
|t:|1750879933
|switch|p1b: Koraidon|Koraidon, L50|78/100
|-weather|SunnyDay|[from] ability: Orichalcum Pulse|[of] p1b: Koraidon
|-activate|p1b: Koraidon|Orichalcum Pulse|[source]
|turn|6
|
|t:|1750879946
|move|p2a: Kyogre|Protect|p2a: Kyogre
|-singleturn|p2a: Kyogre|Protect
|move|p1b: Koraidon|Flare Blitz|p2a: Kyogre
|-activate|p2a: Kyogre|move: Protect
|move|p2b: Barraskewda|Waterfall|p1b: Koraidon
|-resisted|p1b: Koraidon
|-damage|p1b: Koraidon|62/100
|
|-weather|SunnyDay|[upkeep]
|-heal|p2a: Kyogre|45/100|[from] item: Leftovers
|upkeep
|turn|7
|
|t:|1750879959
|move|p1b: Koraidon|Close Combat|p2a: Kyogre
|-damage|p2a: Kyogre|0 fnt
|-unboost|p1b: Koraidon|def|1
|-unboost|p1b: Koraidon|spd|1
|faint|p2a: Kyogre
|-damage|p1b: Koraidon|53/100|[from] item: Life Orb
|move|p2b: Barraskewda|Waterfall|p1b: Koraidon
|-resisted|p1b: Koraidon
|-damage|p1b: Koraidon|31/100
|
|-weather|SunnyDay|[upkeep]
|upkeep
|turn|8
|
|t:|1750879963
|move|p1b: Koraidon|Close Combat|p2b: Barraskewda
|-damage|p2b: Barraskewda|0 fnt
|-unboost|p1b: Koraidon|def|1
|-unboost|p1b: Koraidon|spd|1
|faint|p2b: Barraskewda
|-damage|p1b: Koraidon|22/100|[from] item: Life Orb
|
|win|a lonely shuckle
|raw|a lonely shuckle's rating: 1108 &rarr; <strong>1133</strong><br />(+25 for winning)
|raw|Gotolas's rating: 1106 &rarr; <strong>1081</strong><br />(-25 for losing)
|l|☆Gotolas
|player|p2|
