|j|☆GabyBaby22
|j|☆PiniTera
|t:|1750833410
|gametype|doubles
|player|p1|GabyBaby22|1|1287
|player|p2|PiniTera|2|1347
|teamsize|p1|6
|teamsize|p2|6
|gen|9
|tier|[Gen 9] VGC 2025 Reg I
|rated|
|rule|Species Clause: Limit one of each Pokémon
|rule|Item Clause: Limit 1 of each item
|clearpoke
|poke|p1|Kyogre, L50|
|poke|p1|Calyrex-Ice, L50|
|poke|p1|Amoonguss, L50, M|
|poke|p1|Scraggy, L50, F|
|poke|p1|Ursaluna, L50, F|
|poke|p1|Basculegion, L50, M|
|poke|p2|Miraidon, L50|
|poke|p2|Calyrex-Shadow, L50|
|poke|p2|Incineroar, L50, M|
|poke|p2|Rillaboom, L50, F|
|poke|p2|Whimsicott, L50, M|
|poke|p2|Urshifu-*, L50, F|
|teampreview|4
|
|t:|1750833429
|start
|switch|p1a: Amoonguss|Amoonguss, L50, M|100/100
|switch|p1b: Calyrex|Calyrex-Ice, L50|100/100
|switch|p2a: Calyrex|Calyrex-Shadow, L50|100/100
|switch|p2b: Miraidon|Miraidon, L50|100/100
|-ability|p2a: Calyrex|As One
|-ability|p2a: Calyrex|Unnerve
|-ability|p1b: Calyrex|As One
|-ability|p1b: Calyrex|Unnerve
|-fieldstart|move: Electric Terrain|[from] ability: Hadron Engine|[of] p2b: Miraidon
|-enditem|p2a: Calyrex|Electric Seed
|-boost|p2a: Calyrex|def|1|[from] item: Electric Seed
|turn|1
|
|t:|1750833458
|-terastallize|p1b: Calyrex|Fairy
|move|p1a: Amoonguss|Rage Powder|p1a: Amoonguss
|-singleturn|p1a: Amoonguss|move: Rage Powder
|move|p2a: Calyrex|Calm Mind|p2a: Calyrex
|-boost|p2a: Calyrex|spa|1
|-boost|p2a: Calyrex|spd|1
|move|p2b: Miraidon|Volt Switch|p1a: Amoonguss
|-resisted|p1a: Amoonguss
|-damage|p1a: Amoonguss|67/100
|
|t:|1750833469
|switch|p2b: Whimsicott|Whimsicott, L50, M, shiny|100/100|[from] Volt Switch
|move|p1b: Calyrex|Trick Room|p1b: Calyrex
|-fieldstart|move: Trick Room|[of] p1b: Calyrex
|
|upkeep
|turn|2
|
|t:|1750833485
|switch|p1a: Scraggy|Scraggy, L50, F|100/100
|-ability|p1a: Scraggy|Intimidate|boost
|-unboost|p2a: Calyrex|atk|1
|-unboost|p2b: Whimsicott|atk|1
|move|p1b: Calyrex|Protect|p1b: Calyrex
|-singleturn|p1b: Calyrex|Protect
|move|p2b: Whimsicott|Encore|p1b: Calyrex
|-activate|p1b: Calyrex|move: Protect
|move|p2a: Calyrex|Astral Barrage|p1b: Calyrex|[spread] p1a
|-activate|p1b: Calyrex|move: Protect
|-resisted|p1a: Scraggy
|-damage|p1a: Scraggy|39/100
|
|upkeep
|turn|3
|
|t:|1750833509
|switch|p1b: Kyogre|Kyogre, L50|100/100
|-weather|RainDance|[from] ability: Drizzle|[of] p1b: Kyogre
|-terastallize|p2a: Calyrex|Dark
|move|p2b: Whimsicott|Encore||[still]
|-fail|p2b: Whimsicott
|move|p1a: Scraggy|Coaching|p1b: Kyogre
|-boost|p1b: Kyogre|atk|1
|-boost|p1b: Kyogre|def|1
|move|p2a: Calyrex|Astral Barrage|p1b: Kyogre|[spread] p1a,p1b
|-resisted|p1a: Scraggy
|-damage|p1a: Scraggy|0 fnt
|-damage|p1b: Kyogre|53/100
|faint|p1a: Scraggy
|-ability|p2a: Calyrex|Grim Neigh|boost
|-boost|p2a: Calyrex|spa|1
|
|-weather|RainDance|[upkeep]
|upkeep
|
|t:|1750833529
|switch|p1a: Calyrex|Calyrex-Ice, L50, tera:Fairy|100/100
|-ability|p1a: Calyrex|As One
|-ability|p1a: Calyrex|Unnerve
|turn|4
|
|t:|1750833541
|move|p2a: Calyrex|Protect|p2a: Calyrex
|-singleturn|p2a: Calyrex|Protect
|move|p2b: Whimsicott|Light Screen|p2b: Whimsicott
|-sidestart|p2: PiniTera|move: Light Screen
|move|p1a: Calyrex|Glacial Lance|p2b: Whimsicott|[spread] p2b
|-activate|p2a: Calyrex|move: Protect
|-supereffective|p2b: Whimsicott
|-damage|p2b: Whimsicott|0 fnt
|faint|p2b: Whimsicott
|-ability|p1a: Calyrex|Chilling Neigh|boost
|-boost|p1a: Calyrex|atk|1
|move|p1b: Kyogre|Origin Pulse|p2a: Calyrex
|-activate|p2a: Calyrex|move: Protect
|
|-weather|RainDance|[upkeep]
|upkeep
|
|t:|1750833554
|switch|p2b: Rillaboom|Rillaboom, L50, F|100/100
|-fieldstart|move: Grassy Terrain|[from] ability: Grassy Surge|[of] p2b: Rillaboom
|turn|5
|
|t:|1750833584
|move|p1a: Calyrex|Protect|p1a: Calyrex
|-singleturn|p1a: Calyrex|Protect
|move|p1b: Kyogre|Protect|p1b: Kyogre
|-singleturn|p1b: Kyogre|Protect
|move|p2b: Rillaboom|Fake Out|p1a: Calyrex
|-activate|p1a: Calyrex|move: Protect
|move|p2a: Calyrex|Astral Barrage|p1a: Calyrex|[spread] 
|-activate|p1a: Calyrex|move: Protect
|-activate|p1b: Kyogre|move: Protect
|
|-weather|RainDance|[upkeep]
|-heal|p1b: Kyogre|59/100|[from] Grassy Terrain
|-fieldend|move: Trick Room
|upkeep
|turn|6
|
|t:|1750833608
|switch|p1b: Amoonguss|Amoonguss, L50, M|99/100
|move|p2a: Calyrex|Astral Barrage|p1b: Amoonguss|[spread] p1a,p1b
|-crit|p1b: Amoonguss
|-damage|p1a: Calyrex|19/100
|-damage|p1b: Amoonguss|1/100
|move|p2b: Rillaboom|Wood Hammer|p1a: Calyrex
|-damage|p1a: Calyrex|0 fnt
|faint|p1a: Calyrex
|-damage|p2b: Rillaboom|95/100|[from] Recoil
|
|-weather|RainDance|[upkeep]
|-heal|p2b: Rillaboom|100/100|[from] Grassy Terrain
|-heal|p1b: Amoonguss|7/100|[from] Grassy Terrain
|upkeep
|
|t:|1750833624
|switch|p1a: Kyogre|Kyogre, L50|59/100
|turn|7
|
|t:|1750833629
|switch|p2b: Miraidon|Miraidon, L50|100/100
|-fieldstart|move: Electric Terrain|[from] ability: Hadron Engine|[of] p2b: Miraidon
|move|p2a: Calyrex|Astral Barrage|p1b: Amoonguss|[spread] p1a,p1b
|-damage|p1a: Kyogre|0 fnt
|-damage|p1b: Amoonguss|0 fnt
|faint|p1a: Kyogre
|faint|p1b: Amoonguss
|
|win|PiniTera
|raw|GabyBaby22's rating: 1287 &rarr; <strong>1266</strong><br />(-21 for losing)
|raw|PiniTera's rating: 1347 &rarr; <strong>1364</strong><br />(+17 for winning)
|l|☆GabyBaby22
|player|p1|
