|j|☆duragon312
|j|☆Kicks10
|t:|1750857319
|gametype|doubles
|player|p1|duragon312|101|1400
|player|p2|Kicks10|dahlia|1377
|teamsize|p1|6
|teamsize|p2|6
|gen|9
|tier|[Gen 9] VGC 2025 Reg I
|rated|
|rule|Species Clause: Limit one of each Pokémon
|rule|Item Clause: Limit 1 of each item
|clearpoke
|poke|p1|Groudon, L50|
|poke|p1|Ho-Oh, L50|
|poke|p1|Flutter Mane, L50|
|poke|p1|Iron Hands, L50|
|poke|p1|Sableye, L50, F|
|poke|p1|Infernape, L50, M|
|poke|p2|Roaring Moon, L50|
|poke|p2|Gyarados, L50, M|
|poke|p2|Kyogre, L50|
|poke|p2|Weezing-Galar, L50, F|
|poke|p2|Rhyperior, L50, F|
|poke|p2|Lunala, L50|
|teampreview|4
|inactive|Battle timer is ON: inactive players will automatically lose when time's up. (requested by Kicks10)
|inactive|duragon312 has 60 seconds left.
|inactive|Kicks10 has 60 seconds left.
|inactive|Kicks10 has 30 seconds left.
|
|t:|1750857384
|start
|switch|p1a: Groudon|Groudon, L50|100/100
|switch|p1b: Sableye|Sableye, L50, F|100/100
|switch|p2a: Roaring Moon|Roaring Moon, L50|100/100
|switch|p2b: Kyogre|Kyogre, L50|100/100
|-weather|SunnyDay|[from] ability: Drought|[of] p1a: Groudon
|-activate|p2a: Roaring Moon|ability: Protosynthesis
|-start|p2a: Roaring Moon|protosynthesisspe
|-weather|RainDance|[from] ability: Drizzle|[of] p2b: Kyogre
|-end|p2a: Roaring Moon|Protosynthesis
|-enditem|p2a: Roaring Moon|Booster Energy
|-activate|p2a: Roaring Moon|ability: Protosynthesis|[fromitem]
|-start|p2a: Roaring Moon|protosynthesisspe
|turn|1
|inactive|Kicks10 has 30 seconds left.
|inactive|Kicks10 has 20 seconds left.
|inactive|Kicks10 has 15 seconds left.
|inactive|Kicks10 has 10 seconds left.
|inactive|Kicks10 has 5 seconds left.
|
|t:|1750857435
|move|p2b: Kyogre|Protect|p2b: Kyogre
|-singleturn|p2b: Kyogre|Protect
|move|p1b: Sableye|Sunny Day|p1b: Sableye
|-weather|SunnyDay
|move|p2a: Roaring Moon|Knock Off|p1a: Groudon
|-damage|p1a: Groudon|63/100
|-enditem|p1a: Groudon|Choice Scarf|[from] move: Knock Off|[of] p2a: Roaring Moon
|move|p1a: Groudon|Precipice Blades|p2a: Roaring Moon|[spread] p2a
|-activate|p2b: Kyogre|move: Protect
|-damage|p2a: Roaring Moon|31/100
|
|-weather|SunnyDay|[upkeep]
|upkeep
|turn|2
|inactive|Kicks10 has 30 seconds left.
|
|t:|1750857466
|switch|p2b: Gyarados|Gyarados, L50, M|100/100
|-ability|p2b: Gyarados|Intimidate|boost
|-unboost|p1a: Groudon|atk|1
|-unboost|p1b: Sableye|atk|1
|move|p1b: Sableye|Gravity|p1b: Sableye
|-fieldstart|move: Gravity
|move|p2a: Roaring Moon|Tailwind|p2a: Roaring Moon
|-sidestart|p2: Kicks10|move: Tailwind
|move|p1a: Groudon|Precipice Blades|p2a: Roaring Moon|[spread] p2a,p2b
|-damage|p2a: Roaring Moon|0 fnt
|-damage|p2b: Gyarados|59/100
|faint|p2a: Roaring Moon
|-end|p2a: Roaring Moon|Protosynthesis|[silent]
|
|-weather|SunnyDay|[upkeep]
|upkeep
|
|t:|1750857488
|switch|p2a: Kyogre|Kyogre, L50|100/100
|-weather|RainDance|[from] ability: Drizzle|[of] p2a: Kyogre
|turn|3
|inactive|duragon312 has 30 seconds left.
|
|t:|1750857514
|switch|p1a: Iron Hands|Iron Hands, L50|100/100
|move|p1b: Sableye|Sunny Day|p1b: Sableye
|-weather|SunnyDay
|move|p2a: Kyogre|Ice Beam|p1a: Iron Hands
|-damage|p1a: Iron Hands|83/100
|move|p2b: Gyarados|Waterfall|p1a: Iron Hands
|-damage|p1a: Iron Hands|65/100
|-damage|p2b: Gyarados|49/100|[from] item: Life Orb
|
|-weather|SunnyDay|[upkeep]
|upkeep
|turn|4
|inactive|duragon312 has 30 seconds left.
|inactive|Kicks10 has 30 seconds left.
|inactive|Kicks10 has 20 seconds left.
|inactive|Kicks10 has 15 seconds left.
|inactive|Kicks10 has 10 seconds left.
|inactive|Kicks10 has 5 seconds left.
|
|t:|1750857566
|switch|p2a: Lunala|Lunala, L50|100/100
|switch|p1b: Flutter Mane|Flutter Mane, L50|100/100
|-activate|p1b: Flutter Mane|ability: Protosynthesis
|-start|p1b: Flutter Mane|protosynthesisspe
|move|p2b: Gyarados|Protect|p2b: Gyarados
|-singleturn|p2b: Gyarados|Protect
|move|p1a: Iron Hands|Wild Charge|p2b: Gyarados
|-activate|p2b: Gyarados|move: Protect
|
|-weather|SunnyDay|[upkeep]
|upkeep
|turn|5
|inactive|duragon312 has 30 seconds left.
|inactive|Kicks10 has 30 seconds left.
|inactive|Kicks10 has 20 seconds left.
|inactive|Kicks10 has 15 seconds left.
|inactive|Kicks10 has 10 seconds left.
|
|t:|1750857612
|-terastallize|p2b: Gyarados|Grass
|move|p2a: Lunala|Protect|p2a: Lunala
|-singleturn|p2a: Lunala|Protect
|move|p1b: Flutter Mane|Shadow Ball|p2a: Lunala
|-activate|p2a: Lunala|move: Protect
|move|p2b: Gyarados|Dragon Dance|p2b: Gyarados
|-boost|p2b: Gyarados|atk|1
|-boost|p2b: Gyarados|spe|1
|move|p1a: Iron Hands|Wild Charge|p2b: Gyarados
|-resisted|p2b: Gyarados
|-damage|p2b: Gyarados|22/100
|-damage|p1a: Iron Hands|60/100|[from] Recoil
|
|-weather|SunnyDay|[upkeep]
|-sideend|p2: Kicks10|move: Tailwind
|upkeep
|turn|6
|inactive|Kicks10 has 30 seconds left.
|inactive|Kicks10 has 20 seconds left.
|
|t:|1750857649
|-end|p1a: Iron Hands|Quark Drive|[silent]
|switch|p1a: Sableye|Sableye, L50, F|100/100
|move|p1b: Flutter Mane|Shadow Ball|p2b: Gyarados
|-damage|p2b: Gyarados|0 fnt
|faint|p2b: Gyarados
|move|p2a: Lunala|Tailwind|p2a: Lunala
|-sidestart|p2: Kicks10|move: Tailwind
|
|-weather|SunnyDay|[upkeep]
|-fieldend|move: Gravity
|upkeep
|
|t:|1750857655
|switch|p2b: Kyogre|Kyogre, L50|100/100
|-weather|RainDance|[from] ability: Drizzle|[of] p2b: Kyogre
|-end|p1b: Flutter Mane|Protosynthesis
|turn|7
|
|t:|1750857674
|move|p1a: Sableye|Sunny Day|p1a: Sableye
|-weather|SunnyDay
|-activate|p1b: Flutter Mane|ability: Protosynthesis
|-start|p1b: Flutter Mane|protosynthesisspe
|move|p2b: Kyogre|Water Spout|p1a: Sableye|[spread] p1a,p1b
|-damage|p1a: Sableye|60/100
|-damage|p1b: Flutter Mane|59/100
|move|p1b: Flutter Mane|Shadow Ball|p2b: Kyogre
|-damage|p2b: Kyogre|49/100
|move|p2a: Lunala|Moongeist Beam|p1b: Flutter Mane
|-supereffective|p1b: Flutter Mane
|-damage|p1b: Flutter Mane|0 fnt
|faint|p1b: Flutter Mane
|-end|p1b: Flutter Mane|Protosynthesis|[silent]
|
|-weather|SunnyDay|[upkeep]
|upkeep
|
|t:|1750857688
|switch|p1b: Groudon|Groudon, L50|63/100
|turn|8
|
|t:|1750857722
|-terastallize|p1a: Sableye|Steel
|move|p2b: Kyogre|Ice Beam|p1a: Sableye
|-resisted|p1a: Sableye
|-damage|p1a: Sableye|41/100
|move|p2a: Lunala|Meteor Beam||[still]
|-prepare|p2a: Lunala|Meteor Beam
|-boost|p2a: Lunala|spa|1
|-enditem|p2a: Lunala|Power Herb
|-anim|p2a: Lunala|Meteor Beam|p1a: Sableye
|-resisted|p1a: Sableye
|-damage|p1a: Sableye|8/100
|move|p1b: Groudon|Heat Crash|p2a: Lunala
|-damage|p2a: Lunala|69/100
|move|p1a: Sableye|Foul Play|p2a: Lunala
|-supereffective|p2a: Lunala
|-damage|p2a: Lunala|0 fnt
|faint|p2a: Lunala
|
|-weather|SunnyDay|[upkeep]
|upkeep
|turn|9
|
|t:|1750857743
|move|p1a: Sableye|Gravity|p1a: Sableye
|-fieldstart|move: Gravity
|move|p2b: Kyogre|Origin Pulse|p1a: Sableye|[spread] p1a,p1b
|-supereffective|p1b: Groudon
|-damage|p1a: Sableye|0 fnt
|-damage|p1b: Groudon|5/100
|faint|p1a: Sableye
|move|p1b: Groudon|Precipice Blades|p2b: Kyogre
|-damage|p2b: Kyogre|0 fnt
|faint|p2b: Kyogre
|
|win|duragon312
|raw|duragon312's rating: 1400 &rarr; <strong>1419</strong><br />(+19 for winning)
|raw|Kicks10's rating: 1377 &rarr; <strong>1358</strong><br />(-19 for losing)
|l|☆Kicks10
|player|p2|
|l|☆duragon312
|player|p1|
