|j|☆peachykeane
|j|☆Somie
|t:|1750821468
|gametype|doubles
|player|p1|peachykeane|cowgirl|1388
|player|p2|Somie|marnie|1434
|teamsize|p1|6
|teamsize|p2|6
|gen|9
|tier|[Gen 9] VGC 2025 Reg I
|rated|
|rule|Species Clause: Limit one of each Pokémon
|rule|Item Clause: Limit 1 of each item
|clearpoke
|poke|p1|Calyrex-Shadow, L50|
|poke|p1|Zamazenta-*, L50|
|poke|p1|Rillaboom, L50, M|
|poke|p1|Raging Bolt, L50|
|poke|p1|Incineroar, L50, F|
|poke|p1|Urshifu-*, L50, F|
|poke|p2|Whimsicott, L50, F|
|poke|p2|Miraidon, L50|
|poke|p2|Farigiraf, L50, M|
|poke|p2|Iron Crown, L50|
|poke|p2|Ho-Oh, L50|
|poke|p2|Sneasler, L50, F|
|teampreview|4
|inactive|Battle timer is ON: inactive players will automatically lose when time's up. (requested by Somie)
|inactive|Somie has 60 seconds left.
|
|t:|1750821505
|start
|switch|p1a: Calyrex|Calyrex-Shadow, L50|100/100
|switch|p1b: Rillaboom|Rillaboom, L50, M|100/100
|switch|p2a: Ho-Oh|Ho-Oh, L50, shiny|100/100
|switch|p2b: Sneasler|Sneasler, L50, F|100/100
|-ability|p1a: Calyrex|As One
|-ability|p1a: Calyrex|Unnerve
|-fieldstart|move: Grassy Terrain|[from] ability: Grassy Surge|[of] p1b: Rillaboom
|turn|1
|inactive|peachykeane has 30 seconds left.
|
|t:|1750821539
|switch|p1b: Incineroar|Incineroar, L50, F|100/100
|-ability|p1b: Incineroar|Intimidate|boost
|-fail|p2a: Ho-Oh|unboost|[from] item: Clear Amulet|[of] p2a: Ho-Oh
|-unboost|p2b: Sneasler|atk|1
|move|p1a: Calyrex|Protect|p1a: Calyrex
|-singleturn|p1a: Calyrex|Protect
|move|p2b: Sneasler|Fake Out|p1b: Incineroar
|-damage|p1b: Incineroar|89/100
|move|p2a: Ho-Oh|Tailwind|p2a: Ho-Oh
|-sidestart|p2: Somie|move: Tailwind
|
|-heal|p1b: Incineroar|95/100|[from] Grassy Terrain
|upkeep
|turn|2
|
|t:|1750821564
|move|p1b: Incineroar|Fake Out|p2b: Sneasler
|-crit|p2b: Sneasler
|-damage|p2b: Sneasler|68/100
|cant|p2b: Sneasler|flinch
|move|p2a: Ho-Oh|Sacred Fire|p1a: Calyrex
|-damage|p1a: Calyrex|47/100
|move|p1a: Calyrex|Nasty Plot|p1a: Calyrex
|-boost|p1a: Calyrex|spa|2
|
|-heal|p2b: Sneasler|74/100|[from] Grassy Terrain
|-heal|p1a: Calyrex|52/100|[from] Grassy Terrain
|-heal|p1b: Incineroar|100/100|[from] Grassy Terrain
|upkeep
|turn|3
|inactive|Somie has 30 seconds left.
|inactive|Somie has 20 seconds left.
|inactive|Somie has 15 seconds left.
|
|t:|1750821609
|move|p1a: Calyrex|Protect|p1a: Calyrex
|-singleturn|p1a: Calyrex|Protect
|move|p2b: Sneasler|Coaching|p2a: Ho-Oh
|-boost|p2a: Ho-Oh|atk|1
|-boost|p2a: Ho-Oh|def|1
|move|p2a: Ho-Oh|Sacred Fire|p1a: Calyrex
|-activate|p1a: Calyrex|move: Protect
|move|p1b: Incineroar|Will-O-Wisp|p2b: Sneasler|[miss]
|-miss|p1b: Incineroar|p2b: Sneasler
|
|-heal|p2b: Sneasler|80/100|[from] Grassy Terrain
|-heal|p1a: Calyrex|58/100|[from] Grassy Terrain
|upkeep
|turn|4
|
|t:|1750821629
|switch|p1a: Raging Bolt|Raging Bolt, L50|100/100
|-enditem|p1a: Raging Bolt|Booster Energy
|-activate|p1a: Raging Bolt|ability: Protosynthesis|[fromitem]
|-start|p1a: Raging Bolt|protosynthesisspa
|move|p2b: Sneasler|Close Combat|p1b: Incineroar
|-supereffective|p1b: Incineroar
|-damage|p1b: Incineroar|8/100
|-unboost|p2b: Sneasler|def|1
|-unboost|p2b: Sneasler|spd|1
|move|p2a: Ho-Oh|Sacred Fire|p1a: Raging Bolt|[miss]
|-miss|p2a: Ho-Oh|p1a: Raging Bolt
|move|p1b: Incineroar|Knock Off|p2a: Ho-Oh
|-damage|p2a: Ho-Oh|73/100
|-enditem|p2a: Ho-Oh|Clear Amulet|[from] move: Knock Off|[of] p1b: Incineroar
|
|-heal|p2b: Sneasler|86/100|[from] Grassy Terrain
|-heal|p1b: Incineroar|13/100|[from] Grassy Terrain
|-sideend|p2: Somie|move: Tailwind
|upkeep
|turn|5
|inactive|peachykeane has 30 seconds left.
|inactive|Somie has 30 seconds left.
|inactive|Somie has 20 seconds left.
|
|t:|1750821665
|switch|p2b: Miraidon|Miraidon, L50|100/100
|-fieldstart|move: Electric Terrain|[from] ability: Hadron Engine|[of] p2b: Miraidon
|switch|p1b: Rillaboom|Rillaboom, L50, M|100/100
|-fieldstart|move: Grassy Terrain|[from] ability: Grassy Surge|[of] p1b: Rillaboom
|-terastallize|p2a: Ho-Oh|Grass
|move|p1a: Raging Bolt|Thunderclap||[still]
|-fail|p1a: Raging Bolt
|move|p2a: Ho-Oh|Brave Bird|p1b: Rillaboom
|-supereffective|p1b: Rillaboom
|-damage|p1b: Rillaboom|0 fnt
|faint|p1b: Rillaboom
|-damage|p2a: Ho-Oh|44/100|[from] Recoil
|
|-heal|p2a: Ho-Oh|50/100|[from] Grassy Terrain
|upkeep
|
|t:|1750821680
|switch|p1b: Calyrex|Calyrex-Shadow, L50|58/100
|-ability|p1b: Calyrex|As One
|-ability|p1b: Calyrex|Unnerve
|turn|6
|
|t:|1750821687
|switch|p2a: Sneasler|Sneasler, L50, F|86/100
|move|p1b: Calyrex|Protect|p1b: Calyrex
|-singleturn|p1b: Calyrex|Protect
|move|p2b: Miraidon|Snarl|p1a: Raging Bolt|[spread] p1a
|-activate|p1b: Calyrex|move: Protect
|-damage|p1a: Raging Bolt|88/100
|-unboost|p1a: Raging Bolt|spa|1
|move|p1a: Raging Bolt|Snarl|p2a: Sneasler|[spread] p2a,p2b
|-resisted|p2a: Sneasler
|-damage|p2a: Sneasler|77/100
|-damage|p2b: Miraidon|93/100
|-unboost|p2a: Sneasler|spa|1
|-unboost|p2b: Miraidon|spa|1
|
|-heal|p1b: Calyrex|64/100|[from] Grassy Terrain
|-heal|p2b: Miraidon|99/100|[from] Grassy Terrain
|-heal|p2a: Sneasler|83/100|[from] Grassy Terrain
|-heal|p1a: Raging Bolt|94/100|[from] Grassy Terrain
|upkeep
|turn|7
|
|t:|1750821711
|-end|p1a: Raging Bolt|Protosynthesis|[silent]
|switch|p1a: Incineroar|Incineroar, L50, F|13/100
|-ability|p1a: Incineroar|Intimidate|boost
|-unboost|p2a: Sneasler|atk|1
|-unboost|p2b: Miraidon|atk|1
|-terastallize|p1b: Calyrex|Dark
|move|p1b: Calyrex|Astral Barrage|p2b: Miraidon|[spread] p2a,p2b
|-damage|p2a: Sneasler|5/100
|-damage|p2b: Miraidon|70/100
|move|p2b: Miraidon|Snarl|p1b: Calyrex|[spread] p1a,p1b
|-resisted|p1a: Incineroar
|-resisted|p1b: Calyrex
|-damage|p1a: Incineroar|9/100
|-damage|p1b: Calyrex|59/100
|-unboost|p1a: Incineroar|spa|1
|move|p2a: Sneasler|Dire Claw|p1b: Calyrex
|-damage|p1b: Calyrex|27/100
|
|-heal|p1b: Calyrex|32/100|[from] Grassy Terrain
|-heal|p2b: Miraidon|76/100|[from] Grassy Terrain
|-heal|p2a: Sneasler|11/100|[from] Grassy Terrain
|-heal|p1a: Incineroar|15/100|[from] Grassy Terrain
|upkeep
|turn|8
|inactive|Somie has 30 seconds left.
|
|t:|1750821737
|switch|p2a: Ho-Oh|Ho-Oh, L50, shiny, tera:Grass|83/100
|move|p1a: Incineroar|Fake Out|p2b: Miraidon
|-damage|p2b: Miraidon|62/100
|move|p1b: Calyrex|Astral Barrage|p2b: Miraidon|[spread] p2a,p2b
|-crit|p2a: Ho-Oh
|-damage|p2a: Ho-Oh|39/100
|-damage|p2b: Miraidon|30/100
|cant|p2b: Miraidon|flinch
|
|-heal|p1b: Calyrex|38/100|[from] Grassy Terrain
|-heal|p2b: Miraidon|36/100|[from] Grassy Terrain
|-heal|p2a: Ho-Oh|45/100|[from] Grassy Terrain
|-heal|p1a: Incineroar|21/100|[from] Grassy Terrain
|upkeep
|turn|9
|
|t:|1750821750
|switch|p1a: Raging Bolt|Raging Bolt, L50|94/100
|move|p1b: Calyrex|Protect|p1b: Calyrex
|-singleturn|p1b: Calyrex|Protect
|move|p2b: Miraidon|Volt Switch|p1a: Raging Bolt
|-resisted|p1a: Raging Bolt
|-damage|p1a: Raging Bolt|89/100
|
|t:|1750821758
|switch|p2b: Iron Crown|Iron Crown, L50|100/100|[from] Volt Switch
|move|p2a: Ho-Oh|Tailwind|p2a: Ho-Oh
|-sidestart|p2: Somie|move: Tailwind
|
|-heal|p2a: Ho-Oh|52/100|[from] Grassy Terrain
|-heal|p1b: Calyrex|44/100|[from] Grassy Terrain
|-heal|p1a: Raging Bolt|95/100|[from] Grassy Terrain
|-fieldend|move: Grassy Terrain
|upkeep
|turn|10
|
|t:|1750821782
|-end|p1a: Raging Bolt|Protosynthesis|[silent]
|switch|p1a: Incineroar|Incineroar, L50, F|21/100
|-ability|p1a: Incineroar|Intimidate|boost
|-unboost|p2a: Ho-Oh|atk|1
|-unboost|p2b: Iron Crown|atk|1
|move|p2b: Iron Crown|Psychic|p1a: Incineroar
|-immune|p1a: Incineroar
|move|p2a: Ho-Oh|Brave Bird|p1b: Calyrex
|-damage|p1b: Calyrex|0 fnt
|faint|p1b: Calyrex
|-damage|p2a: Ho-Oh|39/100|[from] Recoil
|
|upkeep
|
|t:|1750821789
|switch|p1b: Raging Bolt|Raging Bolt, L50|95/100
|turn|11
|
|t:|1750821794
|switch|p2a: Sneasler|Sneasler, L50, F|11/100
|move|p2b: Iron Crown|Protect|p2b: Iron Crown
|-singleturn|p2b: Iron Crown|Protect
|move|p1b: Raging Bolt|Thunderclap||[still]
|-fail|p1b: Raging Bolt
|move|p1a: Incineroar|Will-O-Wisp|p2a: Sneasler
|-status|p2a: Sneasler|brn
|
|-damage|p2a: Sneasler|5/100 brn|[from] brn
|upkeep
|turn|12
|
|t:|1750821808
|move|p2a: Sneasler|Fake Out|p1b: Raging Bolt
|-damage|p1b: Raging Bolt|88/100
|cant|p1b: Raging Bolt|flinch
|move|p2b: Iron Crown|Tachyon Cutter|p1a: Incineroar
|-resisted|p1a: Incineroar
|-damage|p1a: Incineroar|8/100
|-resisted|p1a: Incineroar
|-damage|p1a: Incineroar|0 fnt
|faint|p1a: Incineroar
|-hitcount|p1: Incineroar|2
|-damage|p2b: Iron Crown|91/100|[from] item: Life Orb
|
|-damage|p2a: Sneasler|0 fnt|[from] brn
|faint|p2a: Sneasler
|-sideend|p2: Somie|move: Tailwind
|upkeep
|
|t:|1750821819
|switch|p2a: Ho-Oh|Ho-Oh, L50, shiny, tera:Grass|72/100
|turn|13
|
|t:|1750821826
|move|p2b: Iron Crown|Psychic|p1b: Raging Bolt
|-damage|p1b: Raging Bolt|45/100
|-damage|p2b: Iron Crown|81/100|[from] item: Life Orb
|move|p2a: Ho-Oh|Sacred Fire|p1b: Raging Bolt
|-resisted|p1b: Raging Bolt
|-damage|p1b: Raging Bolt|23/100
|-status|p1b: Raging Bolt|brn
|move|p1b: Raging Bolt|Draco Meteor|p2a: Ho-Oh
|-damage|p2a: Ho-Oh|22/100
|-unboost|p1b: Raging Bolt|spa|2
|
|-damage|p1b: Raging Bolt|17/100 brn|[from] brn
|upkeep
|turn|14
|j| womp monk
|
|t:|1750821836
|move|p1b: Raging Bolt|Thunderclap|p2a: Ho-Oh
|-resisted|p2a: Ho-Oh
|-damage|p2a: Ho-Oh|16/100
|move|p2b: Iron Crown|Psychic|p1b: Raging Bolt
|-damage|p1b: Raging Bolt|0 fnt
|faint|p1b: Raging Bolt
|-end|p1b: Raging Bolt|Protosynthesis|[silent]
|-damage|p2b: Iron Crown|71/100|[from] item: Life Orb
|
|win|Somie
|raw|peachykeane's rating: 1388 &rarr; <strong>1371</strong><br />(-17 for losing)
|raw|Somie's rating: 1434 &rarr; <strong>1451</strong><br />(+17 for winning)
|l|☆peachykeane
|player|p1|
|c|☆Somie|ggwp
|l|☆Somie
|player|p2|
|l| womp monk
