|j|☆antohneo
|j|☆Jconn828
|t:|1750737887
|gametype|doubles
|player|p1|antohneo|nobunaga-conquest|1243
|player|p2|Jconn828|101|1290
|teamsize|p1|6
|teamsize|p2|6
|gen|9
|tier|[Gen 9] VGC 2025 Reg I
|rated|
|rule|Species Clause: Limit one of each Pokémon
|rule|Item Clause: Limit 1 of each item
|clearpoke
|poke|p1|Koraidon, L50|
|poke|p1|Calyrex-Shadow, L50|
|poke|p1|Weezing-Galar, L50, F|
|poke|p1|Walking Wake, L50|
|poke|p1|Chi-Yu, L50|
|poke|p1|Brute Bonnet, L50|
|poke|p2|Calyrex-Shadow, L50|
|poke|p2|Chi-Yu, L50|
|poke|p2|Koraidon, L50|
|poke|p2|Flutter Mane, L50|
|poke|p2|Rillaboom, L50, F|
|poke|p2|Walking Wake, L50|
|teampreview|4
|inactive|Battle timer is ON: inactive players will automatically lose when time's up. (requested by antohneo)
|inactive|Jconn828 has 60 seconds left.
|
|t:|1750737921
|start
|switch|p1a: Koraidon|Koraidon, L50|100/100
|switch|p1b: Brute Bonnet|Brute Bonnet, L50|100/100
|switch|p2a: Walking Wake|Walking Wake, L50|100/100
|switch|p2b: Flutter Mane|Flutter Mane, L50|100/100
|-weather|SunnyDay|[from] ability: Orichalcum Pulse|[of] p1a: Koraidon
|-activate|p2b: Flutter Mane|ability: Protosynthesis
|-start|p2b: Flutter Mane|protosynthesisspe
|-activate|p2a: Walking Wake|ability: Protosynthesis
|-start|p2a: Walking Wake|protosynthesisspe
|-activate|p1b: Brute Bonnet|ability: Protosynthesis
|-start|p1b: Brute Bonnet|protosynthesisatk
|-activate|p1a: Koraidon|Orichalcum Pulse|[source]
|turn|1
|inactive|antohneo has 30 seconds left.
|inactive|Jconn828 has 30 seconds left.
|inactive|Jconn828 has 20 seconds left.
|
|t:|1750737961
|move|p1a: Koraidon|Protect|p1a: Koraidon
|-singleturn|p1a: Koraidon|Protect
|move|p2b: Flutter Mane|Taunt|p1b: Brute Bonnet
|-start|p1b: Brute Bonnet|move: Taunt
|move|p2a: Walking Wake|Draco Meteor|p1a: Koraidon
|-activate|p1a: Koraidon|move: Protect
|cant|p1b: Brute Bonnet|move: Taunt|Spore
|
|-weather|SunnyDay|[upkeep]
|upkeep
|turn|2
|inactive|antohneo has 30 seconds left.
|
|t:|1750737995
|-terastallize|p1a: Koraidon|Fairy
|move|p1b: Brute Bonnet|Sucker Punch|p2b: Flutter Mane
|-damage|p2b: Flutter Mane|1/100
|-enditem|p2b: Flutter Mane|Eject Button
|
|t:|1750738006
|-end|p2b: Flutter Mane|Protosynthesis|[silent]
|switch|p2b: Calyrex|Calyrex-Shadow, L50|100/100
|-ability|p2b: Calyrex|As One
|-ability|p2b: Calyrex|Unnerve
|move|p2a: Walking Wake|Draco Meteor|p1a: Koraidon
|-immune|p1a: Koraidon
|move|p1a: Koraidon|Flame Charge|p2b: Calyrex
|-damage|p2b: Calyrex|59/100
|-boost|p1a: Koraidon|spe|1
|
|-weather|SunnyDay|[upkeep]
|upkeep
|turn|3
|inactive|antohneo has 30 seconds left.
|inactive|Jconn828 has 30 seconds left.
|
|t:|1750738036
|-end|p2a: Walking Wake|Protosynthesis|[silent]
|switch|p2a: Koraidon|Koraidon, L50|100/100
|-activate|p2a: Koraidon|ability: Orichalcum Pulse
|move|p1a: Koraidon|Protect|p1a: Koraidon
|-singleturn|p1a: Koraidon|Protect
|move|p2b: Calyrex|Protect|p2b: Calyrex
|-singleturn|p2b: Calyrex|Protect
|move|p1b: Brute Bonnet|Seed Bomb|p2a: Koraidon
|-resisted|p2a: Koraidon
|-damage|p2a: Koraidon|76/100
|
|-weather|SunnyDay|[upkeep]
|-end|p1b: Brute Bonnet|move: Taunt
|upkeep
|turn|4
|inactive|antohneo has 30 seconds left.
|inactive|antohneo has 20 seconds left.
|inactive|antohneo has 15 seconds left.
|inactive|antohneo has 10 seconds left.
|
|t:|1750738084
|switch|p2b: Walking Wake|Walking Wake, L50|100/100
|-activate|p2b: Walking Wake|ability: Protosynthesis
|-start|p2b: Walking Wake|protosynthesisspe
|-end|p1b: Brute Bonnet|Protosynthesis|[silent]
|switch|p1b: Chi-Yu|Chi-Yu, L50|100/100
|-ability|p1b: Chi-Yu|Beads of Ruin
|-terastallize|p2a: Koraidon|Fire
|move|p1a: Koraidon|Protect|p1a: Koraidon
|-singleturn|p1a: Koraidon|Protect
|move|p2a: Koraidon|Flare Blitz|p1a: Koraidon
|-activate|p1a: Koraidon|move: Protect
|
|-weather|SunnyDay|[upkeep]
|upkeep
|turn|5
|inactive|antohneo has 30 seconds left.
|inactive|antohneo has 20 seconds left.
|
|t:|1750738121
|switch|p1b: Brute Bonnet|Brute Bonnet, L50|100/100
|-activate|p1b: Brute Bonnet|ability: Protosynthesis
|-start|p1b: Brute Bonnet|protosynthesisatk
|move|p2a: Koraidon|Protect|p2a: Koraidon
|-singleturn|p2a: Koraidon|Protect
|move|p1a: Koraidon|Close Combat|p2a: Koraidon
|-activate|p2a: Koraidon|move: Protect
|move|p2b: Walking Wake|Hydro Steam|p1b: Brute Bonnet
|-resisted|p1b: Brute Bonnet
|-damage|p1b: Brute Bonnet|63/100
|
|-weather|none
|-end|p2b: Walking Wake|Protosynthesis
|-end|p1b: Brute Bonnet|Protosynthesis
|upkeep
|turn|6
|inactive|antohneo has 30 seconds left.
|
|t:|1750738155
|switch|p1a: Calyrex|Calyrex-Shadow, L50|100/100
|-ability|p1a: Calyrex|As One
|-ability|p1a: Calyrex|Unnerve
|-end|p2b: Walking Wake|Protosynthesis|[silent]
|switch|p2b: Calyrex|Calyrex-Shadow, L50|59/100
|-ability|p2b: Calyrex|As One
|-ability|p2b: Calyrex|Unnerve
|switch|p2a: Flutter Mane|Flutter Mane, L50|1/100
|move|p1b: Brute Bonnet|Rage Powder|p1b: Brute Bonnet
|-singleturn|p1b: Brute Bonnet|move: Rage Powder
|
|upkeep
|turn|7
|
|t:|1750738178
|switch|p2b: Koraidon|Koraidon, L50, tera:Fire|76/100
|-weather|SunnyDay|[from] ability: Orichalcum Pulse|[of] p2b: Koraidon
|-activate|p2a: Flutter Mane|ability: Protosynthesis
|-start|p2a: Flutter Mane|protosynthesisspe
|-activate|p1b: Brute Bonnet|ability: Protosynthesis
|-start|p1b: Brute Bonnet|protosynthesisatk
|-activate|p2b: Koraidon|Orichalcum Pulse|[source]
|move|p1b: Brute Bonnet|Sucker Punch||[still]
|-fail|p1b: Brute Bonnet
|move|p2a: Flutter Mane|Taunt|p1b: Brute Bonnet
|-start|p1b: Brute Bonnet|move: Taunt
|move|p1a: Calyrex|Astral Barrage|p2b: Koraidon|[spread] p2a,p2b
|-supereffective|p2a: Flutter Mane
|-damage|p2a: Flutter Mane|0 fnt
|-damage|p2b: Koraidon|20/100
|faint|p2a: Flutter Mane
|-end|p2a: Flutter Mane|Protosynthesis|[silent]
|-ability|p1a: Calyrex|Grim Neigh|boost
|-boost|p1a: Calyrex|spa|1
|
|-weather|SunnyDay|[upkeep]
|upkeep
|
|t:|1750738200
|switch|p2a: Calyrex|Calyrex-Shadow, L50|59/100
|-ability|p2a: Calyrex|As One
|-ability|p2a: Calyrex|Unnerve
|turn|8
|
|t:|1750738212
|move|p1b: Brute Bonnet|Sucker Punch|p2a: Calyrex
|-supereffective|p2a: Calyrex
|-damage|p2a: Calyrex|0 fnt
|faint|p2a: Calyrex
|move|p1a: Calyrex|Astral Barrage|p2b: Koraidon
|-damage|p2b: Koraidon|0 fnt
|faint|p2b: Koraidon
|-ability|p1a: Calyrex|Grim Neigh|boost
|-boost|p1a: Calyrex|spa|1
|
|-weather|SunnyDay|[upkeep]
|upkeep
|
|t:|1750738222
|switch|p2b: Walking Wake|Walking Wake, L50|100/100
|-activate|p2b: Walking Wake|ability: Protosynthesis
|-start|p2b: Walking Wake|protosynthesisspe
|turn|9
|
|t:|1750738228
|move|p2b: Walking Wake|Snarl|p1a: Calyrex|[spread] p1a,p1b
|-supereffective|p1a: Calyrex
|-resisted|p1b: Brute Bonnet
|-damage|p1a: Calyrex|19/100
|-damage|p1b: Brute Bonnet|54/100
|-unboost|p1a: Calyrex|spa|1
|-unboost|p1b: Brute Bonnet|spa|1
|move|p1a: Calyrex|Astral Barrage|p2b: Walking Wake
|-damage|p2b: Walking Wake|0 fnt
|faint|p2b: Walking Wake
|-end|p2b: Walking Wake|Protosynthesis|[silent]
|
|win|antohneo
|raw|antohneo's rating: 1243 &rarr; <strong>1271</strong><br />(+28 for winning)
|raw|Jconn828's rating: 1290 &rarr; <strong>1262</strong><br />(-28 for losing)
|l|☆antohneo
|player|p1|
|l|☆Jconn828
|player|p2|
