|j|☆Dark Slub
|j|☆crazy_2005
|t:|1750800043
|gametype|doubles
|player|p1|Dark Slub|miku-flying|1353
|player|p2|crazy_2005|clown|1410
|teamsize|p1|6
|teamsize|p2|6
|gen|9
|tier|[Gen 9] VGC 2025 Reg I
|rated|
|rule|Species Clause: Limit one of each Pokémon
|rule|Item Clause: Limit 1 of each item
|clearpoke
|poke|p1|Calyrex-Shadow, L50|
|poke|p1|Koraidon, L50|
|poke|p1|Amoonguss, L50, F|
|poke|p1|Incineroar, L50, M|
|poke|p1|Raging Bolt, L50|
|poke|p1|Slowbro, L50, M|
|poke|p2|Kyurem-White, L50|
|poke|p2|Tornadus, L50, M|
|poke|p2|Incineroar, L50, M|
|poke|p2|Rillaboom, L50, M|
|poke|p2|Groudon, L50|
|poke|p2|Farigiraf, L50, M|
|teampreview|4
crazy_2005 has agreed to open team sheets.
Dark Slub has agreed to open team sheets.
|showteam|p1|Calyrex-Shadow||FocusSash|AsOneSpectrier|AstralBarrage,DrainingKiss,Encore,Protect||||||50|,,,,,Normal]Koraidon||LifeOrb|OrichalcumPulse|CloseCombat,FlareBlitz,FlameCharge,Protect||||||50|,,,,,Fire]Amoonguss||RockyHelmet|Regenerator|SludgeBomb,Spore,RagePowder,Protect|||F|||50|,,,,,Dark]Incineroar||SitrusBerry|Intimidate|FakeOut,FlareBlitz,PartingShot,Taunt|||M|||50|,,,,,Ghost]Raging Bolt||CovertCloak|Protosynthesis|Thunderclap,DragonPulse,Thunderbolt,Protect||||||50|,,,,,Fairy]Slowbro||SafetyGoggles|Regenerator|Scald,FoulPlay,HelpingHand,Protect|||M|||50|,,,,,Fairy
|showteam|p2|Kyurem-White||LifeOrb|Turboblaze|EarthPower,FreezeDry,Protect,FusionFlare||||||50|,,,,,Poison]Tornadus||CovertCloak|Prankster|SunnyDay,Tailwind,Taunt,BleakwindStorm|||M|||50|,,,,,Dark]Incineroar||SafetyGoggles|Intimidate|PartingShot,FakeOut,KnockOff,WillOWisp|||M|||50|,,,,,Ghost]Rillaboom||AssaultVest|GrassySurge|DrumBeating,FakeOut,GrassyGlide,Uturn|||M|||50|,,,,,Water]Groudon||ClearAmulet|Drought|HeatCrash,HighHorsepower,Protect,RockSlide||||||50|,,,,,Fire]Farigiraf||SitrusBerry|ArmorTail|Protect,TrickRoom,Imprison,FoulPlay|||M|||50|,,,,,Fairy
|
|t:|1750800103
|start
|switch|p1a: California Rex|Calyrex-Shadow, L50|100/100
|switch|p1b: Raging Bolt|Raging Bolt, L50|100/100
|switch|p2a: Incineroar|Incineroar, L50, M|100/100
|switch|p2b: Groudon|Groudon, L50|100/100
|-ability|p1a: California Rex|As One
|-ability|p1a: California Rex|Unnerve
|-weather|SunnyDay|[from] ability: Drought|[of] p2b: Groudon
|-activate|p1b: Raging Bolt|ability: Protosynthesis
|-start|p1b: Raging Bolt|protosynthesisspa
|-ability|p2a: Incineroar|Intimidate|boost
|-unboost|p1a: California Rex|atk|1
|-unboost|p1b: Raging Bolt|atk|1
|turn|1
|inactive|Battle timer is ON: inactive players will automatically lose when time's up. (requested by Dark Slub)
|j| Flutter main DL
|
|t:|1750800132
|move|p1a: California Rex|Astral Barrage|p2b: Groudon|[spread] p2a,p2b
|-resisted|p2a: Incineroar
|-damage|p2a: Incineroar|81/100
|-damage|p2b: Groudon|56/100
|move|p2b: Groudon|High Horsepower|p1b: Raging Bolt
|-supereffective|p1b: Raging Bolt
|-damage|p1b: Raging Bolt|12/100
|move|p1b: Raging Bolt|Thunderbolt|p2a: Incineroar
|-damage|p2a: Incineroar|25/100
|move|p2a: Incineroar|Knock Off|p1a: California Rex
|-supereffective|p1a: California Rex
|-enditem|p1a: California Rex|Focus Sash
|-damage|p1a: California Rex|1/100
|
|-weather|SunnyDay|[upkeep]
|upkeep
|turn|2
|inactive|Dark Slub has 30 seconds left.
|inactive|crazy_2005 has 30 seconds left.
|inactive|Dark Slub has 20 seconds left.
|inactive|crazy_2005 has 20 seconds left.
|inactive|Dark Slub has 15 seconds left.
|
|t:|1750800174
|switch|p2a: Tornadus|Tornadus, L50, M|100/100
|move|p1b: Raging Bolt|Thunderclap||[still]
|-fail|p1b: Raging Bolt
|move|p1a: California Rex|Astral Barrage|p2b: Groudon|[spread] p2a,p2b
|-damage|p2a: Tornadus|40/100
|-damage|p2b: Groudon|12/100
|move|p2b: Groudon|Heat Crash|p1a: California Rex
|-damage|p1a: California Rex|0 fnt
|faint|p1a: California Rex
|
|-weather|SunnyDay|[upkeep]
|upkeep
|
|t:|1750800181
|switch|p1a: Amoonguss|Amoonguss, L50, F|100/100
|turn|3
|inactive|crazy_2005 has 30 seconds left.
|
|t:|1750800216
|move|p2b: Groudon|Protect|p2b: Groudon
|-singleturn|p2b: Groudon|Protect
|move|p2a: Tornadus|Tailwind|p2a: Tornadus
|-sidestart|p2: crazy_2005|move: Tailwind
|move|p1b: Raging Bolt|Dragon Pulse|p2b: Groudon
|-activate|p2b: Groudon|move: Protect
|move|p1a: Amoonguss|Sludge Bomb|p2a: Tornadus
|-damage|p2a: Tornadus|12/100
|
|-weather|SunnyDay|[upkeep]
|upkeep
|turn|4
|
|t:|1750800235
|switch|p2a: Incineroar|Incineroar, L50, M|25/100
|-ability|p2a: Incineroar|Intimidate|boost
|-unboost|p1a: Amoonguss|atk|1
|-unboost|p1b: Raging Bolt|atk|1
|move|p1b: Raging Bolt|Thunderclap||[still]
|-fail|p1b: Raging Bolt
|move|p2b: Groudon|Heat Crash|p1a: Amoonguss
|-supereffective|p1a: Amoonguss
|-crit|p1a: Amoonguss
|-damage|p1a: Amoonguss|0 fnt
|-damage|p2b: Groudon|0 fnt|[from] item: Rocky Helmet|[of] p1a: Amoonguss
|faint|p1a: Amoonguss
|faint|p2b: Groudon
|
|-weather|SunnyDay|[upkeep]
|upkeep
|inactive|crazy_2005 has 30 seconds left.
|
|t:|1750800265
|switch|p2b: Kyurem|Kyurem-White, L50|100/100
|switch|p1a: Koraidon|Koraidon, L50|100/100
|-ability|p2b: Kyurem|Turboblaze
|-activate|p1a: Koraidon|ability: Orichalcum Pulse
|turn|5
|inactive|crazy_2005 has 30 seconds left.
|inactive|crazy_2005 has 20 seconds left.
|
|t:|1750800302
|-terastallize|p2b: Kyurem|Poison
|move|p1a: Koraidon|Protect|p1a: Koraidon
|-singleturn|p1a: Koraidon|Protect
|move|p2a: Incineroar|Fake Out|p1b: Raging Bolt
|-damage|p1b: Raging Bolt|3/100
|move|p2b: Kyurem|Freeze-Dry|p1a: Koraidon
|-activate|p1a: Koraidon|move: Protect
|move|p1b: Raging Bolt|Dragon Pulse|p2b: Kyurem
|-damage|p2b: Kyurem|48/100
|
|-weather|none
|-end|p1b: Raging Bolt|Protosynthesis
|upkeep
|turn|6
|inactive|Dark Slub has 30 seconds left.
|inactive|crazy_2005 has 30 seconds left.
|inactive|crazy_2005 has 20 seconds left.
|inactive|crazy_2005 has 15 seconds left.
|inactive|crazy_2005 has 10 seconds left.
|
|t:|1750800353
|-terastallize|p1a: Koraidon|Fire
|move|p2b: Kyurem|Earth Power|p1a: Koraidon
|-supereffective|p1a: Koraidon
|-damage|p1a: Koraidon|0 fnt
|faint|p1a: Koraidon
|-damage|p2b: Kyurem|38/100|[from] item: Life Orb
|move|p2a: Incineroar|Knock Off|p1b: Raging Bolt
|-damage|p1b: Raging Bolt|0 fnt
|-enditem|p1b: Raging Bolt|Covert Cloak|[from] move: Knock Off|[of] p2a: Incineroar
|faint|p1b: Raging Bolt
|-end|p1b: Raging Bolt|Protosynthesis|[silent]
|
|win|crazy_2005
|raw|Dark Slub's rating: 1353 &rarr; <strong>1336</strong><br />(-17 for losing)
|raw|crazy_2005's rating: 1410 &rarr; <strong>1427</strong><br />(+17 for winning)
|l|☆Dark Slub
|player|p1|
|l|☆crazy_2005
|player|p2|
|l| Flutter main DL
