|j|☆imgoldshark07
|j|☆HardFreaQ
|html|<table width="100%"><tr><td align="left">imgoldshark07</td><td align="right">HardFreaQ</tr><tr><td align="left"><i class="fa fa-circle-o"></i> <i class="fa fa-circle-o"></i> </td><td align="right"><i class="fa fa-circle-o"></i> <i class="fa fa-circle"></i> </tr></table>
|uhtml|bestof|<h2><strong>Game 2</strong> of <a href="/game-bestof3-gen9vgc2025regi-2391211752">a best-of-3</a></h2>
|t:|1750817123
|gametype|doubles
|player|p1|imgoldshark07|170|
|player|p2|HardFreaQ|lucas|
|teamsize|p1|6
|teamsize|p2|6
|gen|9
|tier|[Gen 9] VGC 2025 Reg I
|rated|Tournament battle
|rule|Species Clause: Limit one of each Pokémon
|rule|Item Clause: Limit 1 of each item
|raw|<div class="infobox"><details class="readmore" open><summary><strong>3 custom rules:</strong></summary> Force Open Team Sheets, !Open Team Sheets, Best of = 3</details></div>
|clearpoke
|poke|p1|Calyrex-Ice, L50|
|poke|p1|Terapagos, L50, M|
|poke|p1|Urshifu-*, L50, F|
|poke|p1|Volcarona, L50, M|
|poke|p1|Raging Bolt, L50|
|poke|p1|Rillaboom, L50, M|
|poke|p2|Calyrex-Ice, L50|
|poke|p2|Miraidon, L50|
|poke|p2|Farigiraf, L50, F|
|poke|p2|Volcarona, L50, F|
|poke|p2|Iron Hands, L50|
|poke|p2|Grimmsnarl, L50, M|
|teampreview|4
|showteam|p1|Calyrex-Ice||ClearAmulet|AsOneGlastrier|GlacialLance,HighHorsepower,TrickRoom,Protect||||||50|,,,,,Water]Terapagos||ExpertBelt|TeraShift|TeraStarstorm,DarkPulse,EarthPower,Protect|||M|||50|,,,,,Stellar]Urshifu-Rapid-Strike||MysticWater|UnseenFist|SurgingStrikes,CloseCombat,Taunt,Detect|||F|||50|,,,,,Water]Volcarona||RockyHelmet|FlameBody|FieryDance,WillOWisp,RagePowder,Tailwind|||M|||50|,,,,,Steel]Raging Bolt||BoosterEnergy|Protosynthesis|Thunderbolt,Thunderclap,DragonPulse,Protect||||||50|,,,,,Fairy]Rillaboom||AssaultVest|GrassySurge|WoodHammer,GrassyGlide,Uturn,FakeOut|||M|||50|,,,,,Water
|showteam|p2|Calyrex-Ice||ClearAmulet|AsOneGlastrier|GlacialLance,HighHorsepower,TrickRoom,Protect||||||50|,,,,,Fire]Miraidon||ChoiceSpecs|HadronEngine|ElectroDrift,VoltSwitch,DracoMeteor,DazzlingGleam||||||50|,,,,,Fairy]Farigiraf||MirrorHerb|ArmorTail|Psychic,ShadowBall,TrickRoom,HelpingHand|||F|||50|,,,,,Water]Volcarona||ElectricSeed|FlameBody|FieryDance,BugBuzz,QuiverDance,Protect|||F|||50|,,,,,Dragon]Iron Hands||AssaultVest|QuarkDrive|LowKick,DrainPunch,WildCharge,FakeOut||||||50|,,,,,Bug]Grimmsnarl||LightClay|Prankster|SpiritBreak,Reflect,LightScreen,PartingShot|||M|||50|,,,,,Steel
|inactive|Battle timer is ON: inactive players will automatically lose when time's up. (requested by HardFreaQ)
|
|t:|1750817137
|start
|switch|p1a: Rillaboom|Rillaboom, L50, M|100/100
|switch|p1b: Urshifu|Urshifu-Rapid-Strike, L50, F|100/100
|switch|p2a: Volcarona|Volcarona, L50, F|100/100
|switch|p2b: Miraidon|Miraidon, L50|100/100
|-fieldstart|move: Electric Terrain|[from] ability: Hadron Engine|[of] p2b: Miraidon
|-enditem|p2a: Volcarona|Electric Seed
|-boost|p2a: Volcarona|def|1|[from] item: Electric Seed
|-fieldstart|move: Grassy Terrain|[from] ability: Grassy Surge|[of] p1a: Rillaboom
|turn|1
|j| JLFalcon
|
|t:|1750817151
|move|p1b: Urshifu|Detect|p1b: Urshifu
|-singleturn|p1b: Urshifu|Protect
|move|p2b: Miraidon|Volt Switch|p1b: Urshifu
|-activate|p1b: Urshifu|move: Protect
|move|p2a: Volcarona|Fiery Dance|p1b: Urshifu
|-activate|p1b: Urshifu|move: Protect
|move|p1a: Rillaboom|U-turn|p2b: Miraidon
|-damage|p2b: Miraidon|78/100
|
|t:|1750817154
|switch|p1a: Calyrex|Calyrex-Ice, L50|100/100|[from] U-turn
|-ability|p1a: Calyrex|As One
|-ability|p1a: Calyrex|Unnerve
|
|-heal|p2b: Miraidon|84/100|[from] Grassy Terrain
|upkeep
|turn|2
|j| IILordJII
|
|t:|1750817174
|switch|p1b: Rillaboom|Rillaboom, L50, M|100/100
|move|p2b: Miraidon|Volt Switch|p1b: Rillaboom
|-resisted|p1b: Rillaboom
|-damage|p1b: Rillaboom|77/100
|
|t:|1750817177
|switch|p2b: Farigiraf|Farigiraf, L50, F|100/100|[from] Volt Switch
|move|p2a: Volcarona|Fiery Dance|p1b: Rillaboom
|-supereffective|p1b: Rillaboom
|-damage|p1b: Rillaboom|25/100
|-boost|p2a: Volcarona|spa|1
|move|p1a: Calyrex|Glacial Lance|p2a: Volcarona|[spread] p2a,p2b
|-resisted|p2a: Volcarona
|-damage|p2a: Volcarona|81/100
|-damage|p2b: Farigiraf|53/100
|
|-heal|p2a: Volcarona|87/100|[from] Grassy Terrain
|-heal|p1b: Rillaboom|31/100|[from] Grassy Terrain
|-heal|p2b: Farigiraf|60/100|[from] Grassy Terrain
|upkeep
|turn|3
|
|t:|1750817185
|-terastallize|p2b: Farigiraf|Water
|move|p2a: Volcarona|Fiery Dance|p1b: Rillaboom
|-supereffective|p1b: Rillaboom
|-damage|p1b: Rillaboom|0 fnt
|-boost|p2a: Volcarona|spa|1
|faint|p1b: Rillaboom
|move|p2b: Farigiraf|Trick Room|p2b: Farigiraf
|-fieldstart|move: Trick Room|[of] p2b: Farigiraf
|move|p1a: Calyrex|Trick Room|p1a: Calyrex
|-fieldend|move: Trick Room
|
|-heal|p2a: Volcarona|93/100|[from] Grassy Terrain
|-heal|p2b: Farigiraf|66/100|[from] Grassy Terrain
|upkeep
|
|t:|1750817190
|switch|p1b: Urshifu|Urshifu-Rapid-Strike, L50, F|100/100
|turn|4
|
|t:|1750817197
|move|p2a: Volcarona|Fiery Dance|p1b: Urshifu
|-resisted|p1b: Urshifu
|-damage|p1b: Urshifu|56/100
|-boost|p2a: Volcarona|spa|1
|move|p1b: Urshifu|Surging Strikes|p2a: Volcarona
|-supereffective|p2a: Volcarona
|-crit|p2a: Volcarona
|-damage|p2a: Volcarona|42/100
|-supereffective|p2a: Volcarona
|-crit|p2a: Volcarona
|-damage|p2a: Volcarona|0 fnt
|faint|p2a: Volcarona
|-hitcount|p2: Volcarona|2
|move|p2b: Farigiraf|Shadow Ball|p1a: Calyrex
|-supereffective|p1a: Calyrex
|-damage|p1a: Calyrex|74/100
|move|p1a: Calyrex|Glacial Lance|p2b: Farigiraf
|-resisted|p2b: Farigiraf
|-damage|p2b: Farigiraf|37/100
|
|-heal|p1b: Urshifu|62/100|[from] Grassy Terrain
|-heal|p2b: Farigiraf|43/100|[from] Grassy Terrain
|-heal|p1a: Calyrex|80/100|[from] Grassy Terrain
|upkeep
|
|t:|1750817201
|switch|p2a: Miraidon|Miraidon, L50|84/100
|-fieldstart|move: Electric Terrain|[from] ability: Hadron Engine|[of] p2a: Miraidon
|turn|5
|
|t:|1750817209
|move|p1a: Calyrex|Protect|p1a: Calyrex
|-singleturn|p1a: Calyrex|Protect
|move|p2a: Miraidon|Volt Switch|p1b: Urshifu
|-supereffective|p1b: Urshifu
|-damage|p1b: Urshifu|0 fnt
|faint|p1b: Urshifu
|
|t:|1750817211
|switch|p2a: Iron Hands|Iron Hands, L50, shiny|100/100|[from] Volt Switch
|-activate|p2a: Iron Hands|ability: Quark Drive
|-start|p2a: Iron Hands|quarkdriveatk
|move|p2b: Farigiraf|Shadow Ball|p1a: Calyrex
|-activate|p1a: Calyrex|move: Protect
|
|upkeep
|
|t:|1750817215
|switch|p1b: Volcarona|Volcarona, L50, M|100/100
|turn|6
|
|t:|1750817220
|move|p2b: Farigiraf|Helping Hand|p2a: Iron Hands
|-singleturn|p2a: Iron Hands|Helping Hand|[of] p2b: Farigiraf
|move|p1b: Volcarona|Will-O-Wisp|p2a: Iron Hands
|-status|p2a: Iron Hands|brn
|move|p1a: Calyrex|Glacial Lance|p2b: Farigiraf|[spread] p2a,p2b
|-resisted|p2b: Farigiraf
|-damage|p2a: Iron Hands|63/100 brn
|-damage|p2b: Farigiraf|22/100
|move|p2a: Iron Hands|Wild Charge|p1b: Volcarona
|-damage|p1b: Volcarona|36/100
|-damage|p2a: Iron Hands|47/100 brn|[from] item: Rocky Helmet|[of] p1b: Volcarona
|-damage|p2a: Iron Hands|34/100 brn|[from] Recoil
|
|-damage|p2a: Iron Hands|28/100 brn|[from] brn
|upkeep
|turn|7
|
|t:|1750817233
|move|p1b: Volcarona|Rage Powder|p1b: Volcarona
|-singleturn|p1b: Volcarona|move: Rage Powder
|move|p2b: Farigiraf|Psychic|p1b: Volcarona
|-damage|p1b: Volcarona|8/100
|-unboost|p1b: Volcarona|spd|1
|move|p1a: Calyrex|Glacial Lance|p2a: Iron Hands|[spread] p2a,p2b
|-resisted|p2b: Farigiraf
|-damage|p2a: Iron Hands|0 fnt
|-damage|p2b: Farigiraf|1/100
|faint|p2a: Iron Hands
|-end|p2a: Iron Hands|Quark Drive|[silent]
|-ability|p1a: Calyrex|Chilling Neigh|boost
|-boost|p1a: Calyrex|atk|1
|-enditem|p2b: Farigiraf|Mirror Herb
|-boost|p2b: Farigiraf|atk|1|[from] item: Mirror Herb
|
|upkeep
|
|t:|1750817235
|switch|p2a: Miraidon|Miraidon, L50|84/100
|-activate|p2a: Miraidon|ability: Hadron Engine
|turn|8
|
|t:|1750817248
|move|p1b: Volcarona|Rage Powder|p1b: Volcarona
|-singleturn|p1b: Volcarona|move: Rage Powder
|move|p2a: Miraidon|Dazzling Gleam|p1b: Volcarona|[spread] p1a,p1b
|-resisted|p1b: Volcarona
|-damage|p1a: Calyrex|51/100
|-damage|p1b: Volcarona|0 fnt
|faint|p1b: Volcarona
|move|p2b: Farigiraf|Shadow Ball|p1a: Calyrex
|-supereffective|p1a: Calyrex
|-damage|p1a: Calyrex|27/100
|move|p1a: Calyrex|Glacial Lance|p2a: Miraidon|[spread] p2a,p2b
|-supereffective|p2a: Miraidon
|-resisted|p2b: Farigiraf
|-damage|p2a: Miraidon|0 fnt
|-damage|p2b: Farigiraf|0 fnt
|faint|p2a: Miraidon
|faint|p2b: Farigiraf
|
|win|imgoldshark07
