|j|☆ShkurG
|j|☆Akukyo
|t:|1750877783
|gametype|doubles
|player|p1|ShkurG|102|1055
|player|p2|Akukyo|rosa|1116
|teamsize|p1|6
|teamsize|p2|6
|gen|9
|tier|[Gen 9] VGC 2025 Reg I
|rated|
|rule|Species Clause: Limit one of each Pokémon
|rule|Item Clause: Limit 1 of each item
|clearpoke
|poke|p1|Zacian-*, L50|
|poke|p1|Miraidon, L50|
|poke|p1|Incineroar, L50, F|
|poke|p1|Tornadus, L50, M|
|poke|p1|Iron Bundle, L50|
|poke|p1|Ursaluna, L50, M|
|poke|p2|Reshiram, L50|
|poke|p2|Zacian-*, L50|
|poke|p2|Whimsicott, L50, F|
|poke|p2|Incineroar, L50, F|
|poke|p2|Ogerpon-Cornerstone, L50, F|
|poke|p2|Flutter Mane, L50|
|teampreview|4
|inactive|Battle timer is ON: inactive players will automatically lose when time's up. (requested by Akukyo)
ShkurG rejected open team sheets.
|inactive|Akukyo has 60 seconds left.
|inactive|ShkurG has 60 seconds left.
|
|t:|1750877829
|start
|switch|p1a: Incineroar|Incineroar, L50, F|100/100
|switch|p1b: Tornadus|Tornadus, L50, M|100/100
|switch|p2a: Reshiram|Reshiram, L50|100/100
|switch|p2b: Whimsicott|Whimsicott, L50, F|100/100
|-ability|p2a: Reshiram|Turboblaze
|-ability|p1a: Incineroar|Intimidate|boost
|-unboost|p2a: Reshiram|atk|1
|-unboost|p2b: Whimsicott|atk|1
|turn|1
|
|t:|1750877851
|move|p1a: Incineroar|Fake Out|p2b: Whimsicott
|-damage|p2b: Whimsicott|85/100
|move|p1b: Tornadus|Tailwind|p1b: Tornadus
|-sidestart|p1: ShkurG|move: Tailwind
|move|p2a: Reshiram|Earth Power|p1a: Incineroar
|-supereffective|p1a: Incineroar
|-damage|p1a: Incineroar|58/100
|move|p2b: Whimsicott|Trick Room|p2b: Whimsicott
|-fieldstart|move: Trick Room|[of] p2b: Whimsicott
|
|upkeep
|turn|2
|inactive|ShkurG has 30 seconds left.
|inactive|ShkurG has 20 seconds left.
|inactive|ShkurG has 15 seconds left.
|
|t:|1750877894
|move|p2b: Whimsicott|Encore|p1b: Tornadus
|-start|p1b: Tornadus|Encore
|-enditem|p1b: Tornadus|Mental Herb
|-end|p1b: Tornadus|Encore
|move|p1b: Tornadus|Taunt|p2b: Whimsicott
|-start|p2b: Whimsicott|move: Taunt
|move|p2a: Reshiram|Earth Power|p1a: Incineroar
|-supereffective|p1a: Incineroar
|-damage|p1a: Incineroar|18/100
|move|p1a: Incineroar|Knock Off|p2a: Reshiram
|-damage|p2a: Reshiram|66/100
|-enditem|p2a: Reshiram|Assault Vest|[from] move: Knock Off|[of] p1a: Incineroar
|
|upkeep
|turn|3
|
|t:|1750877911
|switch|p2b: Zacian|Zacian-Crowned, L50|100/100
|-ability|p2b: Zacian|Intrepid Sword|boost
|-boost|p2b: Zacian|atk|1
|move|p1a: Incineroar|Protect|p1a: Incineroar
|-singleturn|p1a: Incineroar|Protect
|move|p2a: Reshiram|Earth Power|p1a: Incineroar
|-activate|p1a: Incineroar|move: Protect
|move|p1b: Tornadus|Bleakwind Storm|p2a: Reshiram|[spread] p2a,p2b
|-resisted|p2b: Zacian
|-damage|p2a: Reshiram|48/100
|-damage|p2b: Zacian|84/100
|
|upkeep
|turn|4
|inactive|ShkurG has 30 seconds left.
|inactive|ShkurG has 20 seconds left.
|inactive|ShkurG has 15 seconds left.
|
|t:|1750877952
|move|p1b: Tornadus|Protect|p1b: Tornadus
|-singleturn|p1b: Tornadus|Protect
|move|p2a: Reshiram|Blue Flare|p1a: Incineroar
|-resisted|p1a: Incineroar
|-damage|p1a: Incineroar|0 fnt
|faint|p1a: Incineroar
|move|p2b: Zacian|Behemoth Blade|p1b: Tornadus
|-activate|p1b: Tornadus|move: Protect
|
|-sideend|p1: ShkurG|move: Tailwind
|upkeep
|
|t:|1750877970
|switch|p1a: Iron Bundle|Iron Bundle, L50|100/100
|turn|5
|inactive|ShkurG has 30 seconds left.
|inactive|Akukyo has 30 seconds left.
|inactive|Akukyo has 20 seconds left.
|
|t:|1750878008
|-terastallize|p1a: Iron Bundle|Water
|move|p1b: Tornadus|Tailwind|p1b: Tornadus
|-sidestart|p1: ShkurG|move: Tailwind
|move|p2a: Reshiram|Blue Flare|p1a: Iron Bundle
|-resisted|p1a: Iron Bundle
|-damage|p1a: Iron Bundle|37/100
|move|p2b: Zacian|Behemoth Blade|p1b: Tornadus
|-damage|p1b: Tornadus|0 fnt
|faint|p1b: Tornadus
|move|p1a: Iron Bundle|Hydro Pump|p2b: Zacian|[miss]
|-miss|p1a: Iron Bundle|p2b: Zacian
|
|-fieldend|move: Trick Room
|upkeep
|
|t:|1750878019
|switch|p1b: Miraidon|Miraidon, L50|100/100
|-fieldstart|move: Electric Terrain|[from] ability: Hadron Engine|[of] p1b: Miraidon
|-activate|p1a: Iron Bundle|ability: Quark Drive
|-start|p1a: Iron Bundle|quarkdrivespa
|turn|6
|
|t:|1750878042
|switch|p2a: Whimsicott|Whimsicott, L50, F|85/100
|move|p2b: Zacian|Protect|p2b: Zacian
|-singleturn|p2b: Zacian|Protect
|move|p1b: Miraidon|Electro Drift|p2b: Zacian
|-activate|p2b: Zacian|move: Protect
|move|p1a: Iron Bundle|Freeze-Dry|p2a: Whimsicott
|-supereffective|p2a: Whimsicott
|-crit|p2a: Whimsicott
|-damage|p2a: Whimsicott|0 fnt
|faint|p2a: Whimsicott
|
|upkeep
|
|t:|1750878057
|switch|p2a: Reshiram|Reshiram, L50|48/100
|-ability|p2a: Reshiram|Turboblaze
|turn|7
|
|t:|1750878073
|move|p1b: Miraidon|Electro Drift|p2b: Zacian
|-damage|p2b: Zacian|0 fnt
|faint|p2b: Zacian
|move|p1a: Iron Bundle|Freeze-Dry|p2a: Reshiram
|-damage|p2a: Reshiram|19/100
|move|p2a: Reshiram|Draco Meteor|p1b: Miraidon|[miss]
|-miss|p2a: Reshiram|p1b: Miraidon
|
|upkeep
|
|t:|1750878084
|switch|p2b: Flutter Mane|Flutter Mane, L50|100/100
|turn|8
|
|t:|1750878099
|move|p2b: Flutter Mane|Protect|p2b: Flutter Mane
|-singleturn|p2b: Flutter Mane|Protect
|move|p1b: Miraidon|Electro Drift|p2b: Flutter Mane
|-activate|p2b: Flutter Mane|move: Protect
|move|p1a: Iron Bundle|Icy Wind|p2a: Reshiram|[spread] p2a
|-activate|p2b: Flutter Mane|move: Protect
|-damage|p2a: Reshiram|4/100
|-unboost|p2a: Reshiram|spe|1
|move|p2a: Reshiram|Draco Meteor|p1b: Miraidon|[miss]
|-miss|p2a: Reshiram|p1b: Miraidon
|
|-sideend|p1: ShkurG|move: Tailwind
|upkeep
|turn|9
|c|☆ShkurG|gg wp
|inactive|ShkurG has 30 seconds left.
|inactive|Akukyo has 30 seconds left.
|
|t:|1750878130
|-terastallize|p2b: Flutter Mane|Stellar
|move|p2b: Flutter Mane|Dazzling Gleam|p1a: Iron Bundle|[spread] p1a,p1b
|-supereffective|p1b: Miraidon
|-damage|p1a: Iron Bundle|0 fnt
|-damage|p1b: Miraidon|23/100
|faint|p1a: Iron Bundle
|-end|p1a: Iron Bundle|Quark Drive|[silent]
|move|p1b: Miraidon|Electro Drift|p2b: Flutter Mane
|-enditem|p2b: Flutter Mane|Focus Sash
|-damage|p2b: Flutter Mane|1/100
|move|p2a: Reshiram|Draco Meteor|p1b: Miraidon
|-supereffective|p1b: Miraidon
|-damage|p1b: Miraidon|0 fnt
|-unboost|p2a: Reshiram|spa|2
|faint|p1b: Miraidon
|
|win|Akukyo
|raw|ShkurG's rating: 1055 &rarr; <strong>1040</strong><br />(-15 for losing)
|raw|Akukyo's rating: 1116 &rarr; <strong>1137</strong><br />(+21 for winning)
|l|☆ShkurG
|player|p1|
