|j|☆breadstickckck
|j|☆eevee887
|t:|1750868093
|gametype|doubles
|player|p1|breadstickckck|1|1166
|player|p2|eevee887|red|1063
|teamsize|p1|6
|teamsize|p2|6
|gen|9
|tier|[Gen 9] VGC 2025 Reg I
|rated|
|rule|Species Clause: Limit one of each Pokémon
|rule|Item Clause: Limit 1 of each item
|clearpoke
|poke|p1|Calyrex-Ice, L50|
|poke|p1|Kyogre, L50|
|poke|p1|Raging Bolt, L50|
|poke|p1|Urshifu-*, L50, F|
|poke|p1|Rillaboom, L50, M|
|poke|p1|Incineroar, L50, F|
|poke|p2|Vileplume, L50, M|
|poke|p2|Blaziken, L50, M|
|poke|p2|Groudon, L50|
|poke|p2|Lunala, L50|
|poke|p2|Virizion, L50|
|poke|p2|Inteleon, L50, M|
|teampreview|4
breadstickckck has agreed to open team sheets.
|
|t:|1750868136
|start
|switch|p1a: Calyrex|Calyrex-Ice, L50|100/100
|switch|p1b: Rillaboom|Rillaboom, L50, M|100/100
|switch|p2a: Vileplume|Vileplume, L50, M, shiny|100/100
|switch|p2b: Lunala|Lunala, L50|100/100
|-ability|p1a: Calyrex|As One
|-ability|p1a: Calyrex|Unnerve
|-fieldstart|move: Grassy Terrain|[from] ability: Grassy Surge|[of] p1b: Rillaboom
|turn|1
|inactive|Battle timer is ON: inactive players will automatically lose when time's up. (requested by breadstickckck)
|inactive|eevee887 also wants the timer to be on.
|
|t:|1750868157
|move|p2b: Lunala|Wide Guard|p2b: Lunala
|-singleturn|p2b: Lunala|Wide Guard
|move|p1b: Rillaboom|Fake Out|p2a: Vileplume
|-damage|p2a: Vileplume|86/100
|-damage|p1b: Rillaboom|84/100|[from] item: Rocky Helmet|[of] p2a: Vileplume
|cant|p2a: Vileplume|flinch
|move|p1a: Calyrex|Trick Room|p1a: Calyrex
|-fieldstart|move: Trick Room|[of] p1a: Calyrex
|
|-heal|p2a: Vileplume|92/100|[from] Grassy Terrain
|-heal|p1b: Rillaboom|90/100|[from] Grassy Terrain
|upkeep
|turn|2
|
|t:|1750868175
|move|p2b: Lunala|Wide Guard|p2b: Lunala
|-singleturn|p2b: Lunala|Wide Guard
|move|p1a: Calyrex|Glacial Lance|p2a: Vileplume|[spread] 
|-activate|p2a: Vileplume|move: Wide Guard
|-activate|p2b: Lunala|move: Wide Guard
|move|p2a: Vileplume|Sludge Bomb|p1b: Rillaboom
|-supereffective|p1b: Rillaboom
|-damage|p1b: Rillaboom|37/100
|move|p1b: Rillaboom|Wood Hammer|p2b: Lunala
|-damage|p2b: Lunala|72/100
|-damage|p1b: Rillaboom|27/100|[from] Recoil
|
|-heal|p2a: Vileplume|98/100|[from] Grassy Terrain
|-heal|p1b: Rillaboom|33/100|[from] Grassy Terrain
|-heal|p2b: Lunala|78/100|[from] Grassy Terrain
|upkeep
|turn|3
|inactive|eevee887 has 30 seconds left.
|
|t:|1750868209
|move|p1a: Calyrex|High Horsepower|p2a: Vileplume
|-damage|p2a: Vileplume|54/100
|-damage|p1a: Calyrex|84/100|[from] item: Rocky Helmet|[of] p2a: Vileplume
|move|p2a: Vileplume|Pollen Puff|p1a: Calyrex
|-supereffective|p1a: Calyrex
|-damage|p1a: Calyrex|46/100
|move|p1b: Rillaboom|U-turn|p2a: Vileplume
|-damage|p2a: Vileplume|28/100
|-damage|p1b: Rillaboom|16/100|[from] item: Rocky Helmet|[of] p2a: Vileplume
|
|t:|1750868220
|switch|p1b: Kyogre|Kyogre, L50|100/100|[from] U-turn
|-weather|RainDance|[from] ability: Drizzle|[of] p1b: Kyogre
|move|p2b: Lunala|Will-O-Wisp|p1a: Calyrex
|-status|p1a: Calyrex|brn
|
|-weather|RainDance|[upkeep]
|-heal|p1a: Calyrex|52/100 brn|[from] Grassy Terrain
|-heal|p1a: Calyrex|58/100 brn|[from] item: Leftovers
|-heal|p2a: Vileplume|34/100|[from] Grassy Terrain
|-heal|p2b: Lunala|84/100|[from] Grassy Terrain
|-damage|p1a: Calyrex|52/100 brn|[from] brn
|upkeep
|turn|4
|
|t:|1750868243
|move|p2b: Lunala|Wide Guard|p2b: Lunala
|-singleturn|p2b: Lunala|Wide Guard
|move|p1a: Calyrex|Glacial Lance|p2b: Lunala|[spread] 
|-activate|p2a: Vileplume|move: Wide Guard
|-activate|p2b: Lunala|move: Wide Guard
|move|p2a: Vileplume|Solar Beam||[still]
|-prepare|p2a: Vileplume|Solar Beam
|move|p1b: Kyogre|Hydro Pump|p2b: Lunala
|-damage|p2b: Lunala|9/100
|
|-weather|RainDance|[upkeep]
|-heal|p1a: Calyrex|58/100 brn|[from] Grassy Terrain
|-heal|p1a: Calyrex|64/100 brn|[from] item: Leftovers
|-heal|p2a: Vileplume|40/100|[from] Grassy Terrain
|-heal|p2b: Lunala|15/100|[from] Grassy Terrain
|-damage|p1a: Calyrex|58/100 brn|[from] brn
|upkeep
|turn|5
|
|t:|1750868265
|move|p1a: Calyrex|High Horsepower|p2a: Vileplume|[miss]
|-miss|p1a: Calyrex|p2a: Vileplume
|move|p2a: Vileplume|Solar Beam|p1b: Kyogre|[from] lockedmove
|-supereffective|p1b: Kyogre
|-damage|p1b: Kyogre|53/100
|move|p1b: Kyogre|Hydro Pump|p2b: Lunala
|-damage|p2b: Lunala|0 fnt
|faint|p2b: Lunala
|
|-weather|RainDance|[upkeep]
|-heal|p1a: Calyrex|64/100 brn|[from] Grassy Terrain
|-heal|p1a: Calyrex|70/100 brn|[from] item: Leftovers
|-heal|p2a: Vileplume|46/100|[from] Grassy Terrain
|-heal|p1b: Kyogre|59/100|[from] Grassy Terrain
|-damage|p1a: Calyrex|64/100 brn|[from] brn
|-fieldend|move: Trick Room
|-fieldend|move: Grassy Terrain
|upkeep
|
|t:|1750868281
|switch|p2b: Inteleon|Inteleon, L50, M|100/100
|turn|6
|
|t:|1750868307
|-terastallize|p1b: Kyogre|Grass
|move|p2b: Inteleon|Snipe Shot|p1b: Kyogre
|-resisted|p1b: Kyogre
|-damage|p1b: Kyogre|41/100
|move|p1b: Kyogre|Origin Pulse|p2a: Vileplume|[spread] p2b
|-miss|p1b: Kyogre|p2a: Vileplume
|-resisted|p2b: Inteleon
|-damage|p2b: Inteleon|33/100
|move|p2a: Vileplume|Pollen Puff|p1a: Calyrex
|-supereffective|p1a: Calyrex
|-damage|p1a: Calyrex|26/100 brn
|move|p1a: Calyrex|Trick Room|p1a: Calyrex
|-fieldstart|move: Trick Room|[of] p1a: Calyrex
|
|-weather|RainDance|[upkeep]
|-heal|p1a: Calyrex|32/100 brn|[from] item: Leftovers
|-damage|p1a: Calyrex|26/100 brn|[from] brn
|upkeep
|turn|7
|
|t:|1750868329
|move|p1a: Calyrex|Glacial Lance|p2a: Vileplume|[spread] p2a,p2b
|-supereffective|p2a: Vileplume
|-resisted|p2b: Inteleon
|-damage|p2a: Vileplume|0 fnt
|-damage|p2b: Inteleon|6/100
|faint|p2a: Vileplume
|-ability|p1a: Calyrex|Chilling Neigh|boost
|-boost|p1a: Calyrex|atk|1
|move|p1b: Kyogre|Origin Pulse|p2b: Inteleon
|-resisted|p2b: Inteleon
|-damage|p2b: Inteleon|0 fnt
|faint|p2b: Inteleon
|
|-weather|none
|-heal|p1a: Calyrex|32/100 brn|[from] item: Leftovers
|-damage|p1a: Calyrex|26/100 brn|[from] brn
|upkeep
|
|t:|1750868339
|switch|p2b: Blaziken|Blaziken, L50, M, shiny|100/100
|turn|8
|
|t:|1750868351
|move|p2b: Blaziken|Protect|p2b: Blaziken
|-singleturn|p2b: Blaziken|Protect
|move|p1a: Calyrex|Glacial Lance|p2b: Blaziken
|-activate|p2b: Blaziken|move: Protect
|move|p1b: Kyogre|Hydro Pump|p2b: Blaziken
|-activate|p2b: Blaziken|move: Protect
|
|-heal|p1a: Calyrex|32/100 brn|[from] item: Leftovers
|-damage|p1a: Calyrex|26/100 brn|[from] brn
|-ability|p2b: Blaziken|Speed Boost|boost
|-boost|p2b: Blaziken|spe|1
|upkeep
|turn|9
|
|t:|1750868369
|-terastallize|p2b: Blaziken|Stellar
|move|p1a: Calyrex|High Horsepower|p2b: Blaziken
|-supereffective|p2b: Blaziken
|-damage|p2b: Blaziken|6/100
|move|p1b: Kyogre|Hydro Pump|p2b: Blaziken
|-supereffective|p2b: Blaziken
|-damage|p2b: Blaziken|0 fnt
|faint|p2b: Blaziken
|
|win|breadstickckck
|raw|breadstickckck's rating: 1166 &rarr; <strong>1184</strong><br />(+18 for winning)
|raw|eevee887's rating: 1063 &rarr; <strong>1049</strong><br />(-14 for losing)
|l|☆eevee887
|player|p2|
|l|☆breadstickckck
|player|p1|
