|j|☆imissclaire
|j|☆InekoAki
|t:|1750753615
|gametype|doubles
|player|p1|imissclaire|ghetsis|1522
|player|p2|InekoAki|lady|1648
|teamsize|p1|6
|teamsize|p2|6
|gen|9
|tier|[Gen 9] VGC 2025 Reg I
|rated|
|rule|Species Clause: Limit one of each Pokémon
|rule|Item Clause: Limit 1 of each item
|clearpoke
|poke|p1|Calyrex-Shadow, L50|
|poke|p1|Shiftry, L50, M|
|poke|p1|Chi-Yu, L50|
|poke|p1|Koraidon, L50|
|poke|p1|Raging Bolt, L50|
|poke|p1|Indeedee-F, L50, F|
|poke|p2|Calyrex-Shadow, L50|
|poke|p2|Zamazenta-*, L50|
|poke|p2|Chien-Pao, L50|
|poke|p2|Raging Bolt, L50|
|poke|p2|Rillaboom, L50, M|
|poke|p2|Entei, L50|
|teampreview|4
|inactive|Battle timer is ON: inactive players will automatically lose when time's up. (requested by imissclaire)
|
|t:|1750753673
|start
|switch|p1a: Shiftry|Shiftry, L50, M|100/100
|switch|p1b: Koraidon|Koraidon, L50|100/100
|switch|p2a: Calyrex|Calyrex-Shadow, L50|100/100
|switch|p2b: Zamazenta|Zamazenta-Crowned, L50|100/100
|-ability|p2a: Calyrex|As One
|-ability|p2a: Calyrex|Unnerve
|-weather|SunnyDay|[from] ability: Orichalcum Pulse|[of] p1b: Koraidon
|-activate|p1b: Koraidon|Orichalcum Pulse|[source]
|-ability|p2b: Zamazenta|Dauntless Shield|boost
|-boost|p2b: Zamazenta|def|1
|turn|1
|inactive|imissclaire has 30 seconds left.
|inactive|InekoAki has 30 seconds left.
|inactive|imissclaire has 20 seconds left.
|inactive|imissclaire has 15 seconds left.
|inactive|InekoAki has 20 seconds left.
|inactive|imissclaire has 10 seconds left.
|inactive|InekoAki has 15 seconds left.
|inactive|imissclaire has 5 seconds left.
|
|t:|1750753725
|-terastallize|p2b: Zamazenta|Dragon
|move|p1b: Koraidon|Protect|p1b: Koraidon
|-singleturn|p1b: Koraidon|Protect
|move|p1a: Shiftry|Will-O-Wisp|p2b: Zamazenta|[miss]
|-miss|p1a: Shiftry|p2b: Zamazenta
|move|p2a: Calyrex|Astral Barrage|p1a: Shiftry|[spread] p1a
|-activate|p1b: Koraidon|move: Protect
|-resisted|p1a: Shiftry
|-damage|p1a: Shiftry|61/100
|move|p2b: Zamazenta|Body Press|p1b: Koraidon
|-activate|p1b: Koraidon|move: Protect
|
|-weather|SunnyDay|[upkeep]
|upkeep
|turn|2
|inactive|imissclaire has 30 seconds left.
|inactive|InekoAki has 30 seconds left.
|inactive|imissclaire has 20 seconds left.
|inactive|InekoAki has 20 seconds left.
|inactive|imissclaire has 15 seconds left.
|inactive|InekoAki has 15 seconds left.
|inactive|imissclaire has 10 seconds left.
|inactive|InekoAki has 10 seconds left.
|
|t:|1750753775
|move|p2b: Zamazenta|Protect|p2b: Zamazenta
|-singleturn|p2b: Zamazenta|Protect
|move|p1a: Shiftry|Will-O-Wisp|p2b: Zamazenta
|-activate|p2b: Zamazenta|move: Protect
|move|p2a: Calyrex|Astral Barrage|p1a: Shiftry|[spread] p1a,p1b
|-resisted|p1a: Shiftry
|-damage|p1a: Shiftry|26/100
|-damage|p1b: Koraidon|40/100
|move|p1b: Koraidon|Flare Blitz|p2a: Calyrex
|-damage|p2a: Calyrex|3/100
|-damage|p1b: Koraidon|8/100|[from] Recoil
|
|-weather|SunnyDay|[upkeep]
|upkeep
|turn|3
|inactive|imissclaire has 30 seconds left.
|inactive|InekoAki has 30 seconds left.
|inactive|imissclaire has 20 seconds left.
|
|t:|1750753814
|switch|p2a: Raging Bolt|Raging Bolt, L50|100/100
|-activate|p2a: Raging Bolt|ability: Protosynthesis
|-start|p2a: Raging Bolt|protosynthesisspa
|switch|p1b: Calyrex|Calyrex-Shadow, L50|100/100
|-ability|p1b: Calyrex|As One
|-ability|p1b: Calyrex|Unnerve
|move|p1a: Shiftry|Solar Blade||[still]
|-prepare|p1a: Shiftry|Solar Blade
|-anim|p1a: Shiftry|Solar Blade|p2a: Raging Bolt
|-resisted|p2a: Raging Bolt
|-damage|p2a: Raging Bolt|83/100
|move|p2b: Zamazenta|Body Press|p1a: Shiftry
|-supereffective|p1a: Shiftry
|-damage|p1a: Shiftry|0 fnt
|faint|p1a: Shiftry
|
|-weather|SunnyDay|[upkeep]
|upkeep
|
|t:|1750753824
|switch|p1a: Chi-Yu|Chi-Yu, L50|100/100
|-ability|p1a: Chi-Yu|Beads of Ruin
|turn|4
|inactive|InekoAki has 30 seconds left.
|
|t:|1750753853
|move|p1a: Chi-Yu|Dark Pulse|p2b: Zamazenta
|-damage|p2b: Zamazenta|58/100
|move|p1b: Calyrex|Psychic|p2b: Zamazenta
|-damage|p2b: Zamazenta|0 fnt
|faint|p2b: Zamazenta
|-ability|p1b: Calyrex|Grim Neigh|boost
|-boost|p1b: Calyrex|spa|1
|-damage|p1b: Calyrex|91/100|[from] item: Life Orb
|move|p2a: Raging Bolt|Thunderbolt|p1b: Calyrex
|-damage|p1b: Calyrex|4/100
|
|-weather|SunnyDay|[upkeep]
|upkeep
|
|t:|1750753870
|switch|p2b: Entei|Entei, L50|100/100
|turn|5
|
|t:|1750753892
|move|p2b: Entei|Extreme Speed|p1a: Chi-Yu
|-damage|p1a: Chi-Yu|37/100
|move|p2a: Raging Bolt|Thunderclap|p1b: Calyrex
|-crit|p1b: Calyrex
|-damage|p1b: Calyrex|0 fnt
|faint|p1b: Calyrex
|move|p1a: Chi-Yu|Dark Pulse|p2b: Entei
|-damage|p2b: Entei|48/100
|
|-weather|none
|-end|p2a: Raging Bolt|Protosynthesis
|upkeep
|-enditem|p2a: Raging Bolt|Booster Energy
|-activate|p2a: Raging Bolt|ability: Protosynthesis|[fromitem]
|-start|p2a: Raging Bolt|protosynthesisspa
|
|t:|1750753896
|switch|p1b: Koraidon|Koraidon, L50|8/100
|-weather|SunnyDay|[from] ability: Orichalcum Pulse|[of] p1b: Koraidon
|-activate|p1b: Koraidon|Orichalcum Pulse|[source]
|turn|6
|
|t:|1750753916
|-terastallize|p1a: Chi-Yu|Ghost
|move|p1b: Koraidon|Protect|p1b: Koraidon
|-singleturn|p1b: Koraidon|Protect
|move|p2b: Entei|Extreme Speed|p1b: Koraidon
|-activate|p1b: Koraidon|move: Protect
|move|p2a: Raging Bolt|Thunderclap|p1a: Chi-Yu
|-damage|p1a: Chi-Yu|0 fnt
|faint|p1a: Chi-Yu
|
|-weather|SunnyDay|[upkeep]
|upkeep
|turn|7
|-message|imissclaire forfeited.
|
|win|InekoAki
|raw|imissclaire's rating: 1522 &rarr; <strong>1509</strong><br />(-13 for losing)
|raw|InekoAki's rating: 1648 &rarr; <strong>1661</strong><br />(+13 for winning)
|l|☆imissclaire
|player|p1|
