|j|☆Lewissquire
|j|☆bryantakesshid
|t:|1750844142
|gametype|doubles
|player|p1|Lewissquire|1|1404
|player|p2|bryantakesshid|266|1395
|teamsize|p1|6
|teamsize|p2|6
|gen|9
|tier|[Gen 9] VGC 2025 Reg I
|rated|
|rule|Species Clause: Limit one of each Pokémon
|rule|Item Clause: Limit 1 of each item
|clearpoke
|poke|p1|Zamazenta-*, L50|
|poke|p1|Raging Bolt, L50|
|poke|p1|Incineroar, L50, M|
|poke|p1|Rillaboom, L50, M|
|poke|p1|Ogerpon-Hearthflame, L50, F|
|poke|p1|Calyrex-Shadow, L50|
|poke|p2|Calyrex-Shadow, L50|
|poke|p2|Incineroar, L50, F|
|poke|p2|Ogerpon-Wellspring, L50, F|
|poke|p2|Koraidon, L50|
|poke|p2|Flutter Mane, L50|
|poke|p2|Scream Tail, L50|
|teampreview|4
|inactive|Battle timer is ON: inactive players will automatically lose when time's up. (requested by Lewissquire)
|
|t:|1750844178
|start
|switch|p1a: Incineroar|Incineroar, L50, M|100/100
|switch|p1b: Rillaboom|Rillaboom, L50, M|100/100
|switch|p2a: Koraidon|Koraidon, L50|100/100
|switch|p2b: Flutter Mane|Flutter Mane, L50|100/100
|-weather|SunnyDay|[from] ability: Orichalcum Pulse|[of] p2a: Koraidon
|-activate|p2b: Flutter Mane|ability: Protosynthesis
|-start|p2b: Flutter Mane|protosynthesisspe
|-activate|p2a: Koraidon|Orichalcum Pulse|[source]
|-fieldstart|move: Grassy Terrain|[from] ability: Grassy Surge|[of] p1b: Rillaboom
|-ability|p1a: Incineroar|Intimidate|boost
|-unboost|p2a: Koraidon|atk|1
|-unboost|p2b: Flutter Mane|atk|1
|turn|1
|
|t:|1750844197
|-end|p2b: Flutter Mane|Protosynthesis|[silent]
|switch|p2b: Scream Tail|Scream Tail, L50|100/100
|-activate|p2b: Scream Tail|ability: Protosynthesis
|-start|p2b: Scream Tail|protosynthesisspe
|move|p2a: Koraidon|Protect|p2a: Koraidon
|-singleturn|p2a: Koraidon|Protect
|move|p1a: Incineroar|Fake Out|p2a: Koraidon
|-activate|p2a: Koraidon|move: Protect
|move|p1b: Rillaboom|Wood Hammer|p2b: Scream Tail
|-damage|p2b: Scream Tail|42/100
|-damage|p1b: Rillaboom|80/100|[from] Recoil
|
|-weather|SunnyDay|[upkeep]
|-heal|p2b: Scream Tail|48/100|[from] Grassy Terrain
|-heal|p1b: Rillaboom|86/100|[from] Grassy Terrain
|upkeep
|turn|2
|inactive|Lewissquire has 30 seconds left.
|
|t:|1750844229
|switch|p1a: Calyrex|Calyrex-Shadow, L50|100/100
|-ability|p1a: Calyrex|As One
|-ability|p1a: Calyrex|Unnerve
|-terastallize|p2a: Koraidon|Fire
|move|p2b: Scream Tail|Encore||[still]
|-fail|p2b: Scream Tail
|move|p2a: Koraidon|Flame Charge|p1b: Rillaboom
|-supereffective|p1b: Rillaboom
|-crit|p1b: Rillaboom
|-damage|p1b: Rillaboom|0 fnt
|-boost|p2a: Koraidon|spe|1
|faint|p1b: Rillaboom
|-damage|p2a: Koraidon|91/100|[from] item: Life Orb
|
|-weather|SunnyDay|[upkeep]
|-heal|p2a: Koraidon|97/100|[from] Grassy Terrain
|-heal|p2b: Scream Tail|54/100|[from] Grassy Terrain
|upkeep
|
|t:|1750844252
|switch|p1b: Incineroar|Incineroar, L50, M|100/100
|-ability|p1b: Incineroar|Intimidate|boost
|-unboost|p2a: Koraidon|atk|1
|-unboost|p2b: Scream Tail|atk|1
|turn|3
|
|t:|1750844259
|switch|p2a: Incineroar|Incineroar, L50, F|100/100
|-ability|p2a: Incineroar|Intimidate|boost
|-unboost|p1a: Calyrex|atk|1
|-unboost|p1b: Incineroar|atk|1
|move|p2b: Scream Tail|Protect|p2b: Scream Tail
|-singleturn|p2b: Scream Tail|Protect
|move|p1b: Incineroar|Fake Out|p2a: Incineroar
|-damage|p2a: Incineroar|94/100
|move|p1a: Calyrex|Astral Barrage|p2a: Incineroar|[spread] p2a
|-activate|p2b: Scream Tail|move: Protect
|-resisted|p2a: Incineroar
|-damage|p2a: Incineroar|74/100
|-damage|p1a: Calyrex|91/100|[from] item: Life Orb
|
|-weather|SunnyDay|[upkeep]
|-heal|p2b: Scream Tail|60/100|[from] Grassy Terrain
|-heal|p1a: Calyrex|97/100|[from] Grassy Terrain
|-heal|p2a: Incineroar|80/100|[from] Grassy Terrain
|upkeep
|turn|4
|inactive|Lewissquire has 30 seconds left.
|inactive|Lewissquire has 20 seconds left.
|
|t:|1750844295
|switch|p1b: Zamazenta|Zamazenta-Crowned, L50|100/100
|-ability|p1b: Zamazenta|Dauntless Shield|boost
|-boost|p1b: Zamazenta|def|1
|-terastallize|p1a: Calyrex|Dark
|move|p2b: Scream Tail|Disable|p1a: Calyrex
|-start|p1a: Calyrex|Disable|Astral Barrage
|cant|p1a: Calyrex|Disable|Astral Barrage
|move|p2a: Incineroar|U-turn|p1b: Zamazenta
|-resisted|p1b: Zamazenta
|-damage|p1b: Zamazenta|98/100
|
|t:|1750844307
|switch|p2a: Koraidon|Koraidon, L50, tera:Fire|97/100|[from] U-turn
|-activate|p2a: Koraidon|ability: Orichalcum Pulse
|
|-weather|SunnyDay|[upkeep]
|-heal|p2b: Scream Tail|66/100|[from] Grassy Terrain
|-heal|p1a: Calyrex|100/100|[from] Grassy Terrain
|-heal|p2a: Koraidon|100/100|[from] Grassy Terrain
|-heal|p1b: Zamazenta|100/100|[from] Grassy Terrain
|upkeep
|turn|5
|
|t:|1750844324
|switch|p1a: Incineroar|Incineroar, L50, M|100/100
|-ability|p1a: Incineroar|Intimidate|boost
|-unboost|p2a: Koraidon|atk|1
|-unboost|p2b: Scream Tail|atk|1
|move|p2b: Scream Tail|Encore||[still]
|-fail|p2b: Scream Tail
|move|p2a: Koraidon|Flare Blitz|p1b: Zamazenta
|-supereffective|p1b: Zamazenta
|-damage|p1b: Zamazenta|28/100
|-damage|p2a: Koraidon|74/100|[from] Recoil
|-damage|p2a: Koraidon|64/100|[from] item: Life Orb
|move|p1b: Zamazenta|Heavy Slam|p2b: Scream Tail
|-supereffective|p2b: Scream Tail
|-damage|p2b: Scream Tail|1/100
|
|-weather|none
|-end|p2b: Scream Tail|Protosynthesis
|-heal|p2b: Scream Tail|7/100|[from] Grassy Terrain
|-heal|p2a: Koraidon|70/100|[from] Grassy Terrain
|-heal|p1b: Zamazenta|34/100|[from] Grassy Terrain
|-fieldend|move: Grassy Terrain
|upkeep
|-enditem|p2b: Scream Tail|Booster Energy
|-activate|p2b: Scream Tail|ability: Protosynthesis|[fromitem]
|-start|p2b: Scream Tail|protosynthesisspe
|turn|6
|inactive|Lewissquire has 30 seconds left.
|inactive|Lewissquire has 20 seconds left.
|
|t:|1750844363
|switch|p2a: Incineroar|Incineroar, L50, F|80/100
|-ability|p2a: Incineroar|Intimidate|boost
|-unboost|p1a: Incineroar|atk|1
|-unboost|p1b: Zamazenta|atk|1
|move|p2b: Scream Tail|Protect|p2b: Scream Tail
|-singleturn|p2b: Scream Tail|Protect
|move|p1b: Zamazenta|Heavy Slam|p2b: Scream Tail
|-activate|p2b: Scream Tail|move: Protect
|move|p1a: Incineroar|Knock Off|p2b: Scream Tail
|-activate|p2b: Scream Tail|move: Protect
|
|upkeep
|turn|7
|inactive|Lewissquire has 30 seconds left.
|inactive|bryantakesshid has 30 seconds left.
|inactive|bryantakesshid has 20 seconds left.
|inactive|bryantakesshid has 15 seconds left.
|
|t:|1750844405
|move|p2b: Scream Tail|Disable|p1a: Incineroar
|-start|p1a: Incineroar|Disable|Knock Off
|move|p1b: Zamazenta|Body Press|p2b: Scream Tail
|-resisted|p2b: Scream Tail
|-damage|p2b: Scream Tail|0 fnt
|faint|p2b: Scream Tail
|-end|p2b: Scream Tail|Protosynthesis|[silent]
|move|p2a: Incineroar|U-turn|p1b: Zamazenta
|-resisted|p1b: Zamazenta
|-damage|p1b: Zamazenta|32/100
|
|t:|1750844417
|switch|p2a: Koraidon|Koraidon, L50, tera:Fire|70/100|[from] U-turn
|-weather|SunnyDay|[from] ability: Orichalcum Pulse|[of] p2a: Koraidon
|-activate|p2a: Koraidon|Orichalcum Pulse|[source]
|move|p1a: Incineroar|Parting Shot|p2a: Koraidon
|-unboost|p2a: Koraidon|atk|1
|-unboost|p2a: Koraidon|spa|1
|
|t:|1750844425
|switch|p1a: Calyrex|Calyrex-Shadow, L50, tera:Dark|100/100|[from] Parting Shot
|-ability|p1a: Calyrex|As One
|-ability|p1a: Calyrex|Unnerve
|
|-weather|SunnyDay|[upkeep]
|upkeep
|
|t:|1750844428
|switch|p2b: Flutter Mane|Flutter Mane, L50|100/100
|-activate|p2b: Flutter Mane|ability: Protosynthesis
|-start|p2b: Flutter Mane|protosynthesisspe
|turn|8
|inactive|Lewissquire has 30 seconds left.
|
|t:|1750844454
|switch|p1b: Incineroar|Incineroar, L50, M|100/100
|-ability|p1b: Incineroar|Intimidate|boost
|-unboost|p2a: Koraidon|atk|1
|-unboost|p2b: Flutter Mane|atk|1
|move|p2b: Flutter Mane|Protect|p2b: Flutter Mane
|-singleturn|p2b: Flutter Mane|Protect
|move|p1a: Calyrex|Astral Barrage|p2a: Koraidon|[spread] p2a
|-activate|p2b: Flutter Mane|move: Protect
|-damage|p2a: Koraidon|6/100
|-damage|p1a: Calyrex|91/100|[from] item: Life Orb
|move|p2a: Koraidon|Close Combat|p1b: Incineroar
|-supereffective|p1b: Incineroar
|-damage|p1b: Incineroar|12/100
|-unboost|p2a: Koraidon|def|1
|-unboost|p2a: Koraidon|spd|1
|-damage|p2a: Koraidon|0 fnt|[from] item: Rocky Helmet|[of] p1b: Incineroar
|faint|p2a: Koraidon
|
|-weather|SunnyDay|[upkeep]
|upkeep
|
|t:|1750844469
|switch|p2a: Incineroar|Incineroar, L50, F|80/100
|-ability|p2a: Incineroar|Intimidate|boost
|-unboost|p1a: Calyrex|atk|1
|-unboost|p1b: Incineroar|atk|1
|turn|9
|
|t:|1750844485
|move|p1a: Calyrex|Protect|p1a: Calyrex
|-singleturn|p1a: Calyrex|Protect
|move|p2a: Incineroar|Fake Out|p1b: Incineroar
|-damage|p1b: Incineroar|3/100
|-damage|p2a: Incineroar|64/100|[from] item: Rocky Helmet|[of] p1b: Incineroar
|move|p2b: Flutter Mane|Moonblast|p1a: Calyrex
|-activate|p1a: Calyrex|move: Protect
|cant|p1b: Incineroar|flinch
|
|-weather|SunnyDay|[upkeep]
|upkeep
|turn|10
|inactive|Lewissquire has 30 seconds left.
|
|t:|1750844511
|move|p2b: Flutter Mane|Moonblast|p1a: Calyrex
|-supereffective|p1a: Calyrex
|-damage|p1a: Calyrex|0 fnt
|faint|p1a: Calyrex
|move|p2a: Incineroar|Knock Off|p1b: Incineroar
|-resisted|p1b: Incineroar
|-damage|p1b: Incineroar|0 fnt
|-damage|p2a: Incineroar|47/100|[from] item: Rocky Helmet|[of] p1b: Incineroar
|-enditem|p1b: Incineroar|Rocky Helmet|[from] move: Knock Off|[of] p2a: Incineroar
|faint|p1b: Incineroar
|
|-weather|SunnyDay|[upkeep]
|upkeep
|
|t:|1750844515
|switch|p1b: Zamazenta|Zamazenta-Crowned, L50|32/100
|turn|11
|-message|Lewissquire forfeited.
|
|win|bryantakesshid
|raw|Lewissquire's rating: 1404 &rarr; <strong>1383</strong><br />(-21 for losing)
|raw|bryantakesshid's rating: 1395 &rarr; <strong>1416</strong><br />(+21 for winning)
