|j|☆adamskorch
|j|☆Javs008
|t:|1750833955
|gametype|doubles
|player|p1|adamskorch|169|1170
|player|p2|Javs008|169|1103
|teamsize|p1|6
|teamsize|p2|6
|gen|9
|tier|[Gen 9] VGC 2025 Reg I
|rated|
|rule|Species Clause: Limit one of each Pokémon
|rule|Item Clause: Limit 1 of each item
|clearpoke
|poke|p1|Calyrex-Shadow, L50|
|poke|p1|Rillaboom, L50, F|
|poke|p1|Chi-Yu, L50|
|poke|p1|Incineroar, L50, F|
|poke|p1|Koraidon, L50|
|poke|p1|Amoonguss, L50, F|
|poke|p2|Indeedee-F, L50, F|
|poke|p2|Rhyperior, L50, M|
|poke|p2|Calyrex-Ice, L50|
|poke|p2|Kingambit, L50, F|
|poke|p2|Miraidon, L50|
|poke|p2|Iron Valiant, L50|
|teampreview|4
|inactive|Battle timer is ON: inactive players will automatically lose when time's up. (requested by Javs008)
|
|t:|1750833978
|start
|switch|p1a: Incineroar|Incineroar, L50, F|100/100
|switch|p1b: Chi-Yu|Chi-Yu, L50|100/100
|switch|p2a: El Capo|Kingambit, L50, F|100/100
|switch|p2b: Encore me|Indeedee-F, L50, F|100/100
|-ability|p1b: Chi-Yu|Beads of Ruin
|-fieldstart|move: Psychic Terrain|[from] ability: Psychic Surge|[of] p2b: Encore me
|-ability|p1a: Incineroar|Intimidate|boost
|-unboost|p2a: El Capo|atk|1
|-ability|p2a: El Capo|Defiant|boost
|-boost|p2a: El Capo|atk|2
|-unboost|p2b: Encore me|atk|1
|turn|1
|inactive|Javs008 has 30 seconds left.
|
|t:|1750834006
|-terastallize|p2a: El Capo|Ghost
|move|p1b: Chi-Yu|Heat Wave|p2b: Encore me|[spread] p2a,p2b
|-damage|p2a: El Capo|43/100
|-damage|p2b: Encore me|46/100
|move|p2a: El Capo|Stone Edge|p1b: Chi-Yu
|-supereffective|p1b: Chi-Yu
|-damage|p1b: Chi-Yu|0 fnt
|faint|p1b: Chi-Yu
|-damage|p2a: El Capo|33/100|[from] item: Life Orb
|move|p1a: Incineroar|Roar|p2a: El Capo
|drag|p2a: Potentorro|Rhyperior, L50, M|100/100
|move|p2b: Encore me|Trick Room|p2b: Encore me
|-fieldstart|move: Trick Room|[of] p2b: Encore me
|
|upkeep
|
|t:|1750834019
|switch|p1b: Rillaboom|Rillaboom, L50, F|100/100
|-fieldstart|move: Grassy Terrain|[from] ability: Grassy Surge|[of] p1b: Rillaboom
|turn|2
|
|t:|1750834039
|switch|p2b: Just A Horse|Calyrex-Ice, L50|100/100
|-ability|p2b: Just A Horse|As One
|-ability|p2b: Just A Horse|Unnerve
|move|p1b: Rillaboom|Fake Out|p2a: Potentorro
|-resisted|p2a: Potentorro
|-damage|p2a: Potentorro|95/100
|cant|p2a: Potentorro|flinch
|move|p1a: Incineroar|Parting Shot|p2a: Potentorro
|-unboost|p2a: Potentorro|atk|1
|-unboost|p2a: Potentorro|spa|1
|
|t:|1750834051
|switch|p1a: Amoonguss|Amoonguss, L50, F|100/100|[from] Parting Shot
|
|-heal|p2a: Potentorro|100/100|[from] Grassy Terrain
|upkeep
|turn|3
|
|t:|1750834072
|switch|p2a: Encore me|Indeedee-F, L50, F|46/100
|-fieldstart|move: Psychic Terrain|[from] ability: Psychic Surge|[of] p2a: Encore me
|move|p2b: Just A Horse|Protect|p2b: Just A Horse
|-singleturn|p2b: Just A Horse|Protect
|move|p1a: Amoonguss|Spore|p2b: Just A Horse
|-activate|p2b: Just A Horse|move: Protect
|move|p1b: Rillaboom|Grassy Glide|p2a: Encore me
|-damage|p2a: Encore me|22/100
|
|upkeep
|turn|4
|
|t:|1750834087
|switch|p1b: Incineroar|Incineroar, L50, F|100/100
|-ability|p1b: Incineroar|Intimidate|boost
|-unboost|p2a: Encore me|atk|1
|-fail|p2b: Just A Horse|unboost|[from] item: Clear Amulet|[of] p2b: Just A Horse
|-terastallize|p1a: Amoonguss|Water
|move|p2a: Encore me|Follow Me|p2a: Encore me
|-singleturn|p2a: Encore me|move: Follow Me
|move|p1a: Amoonguss|Spore|p2a: Encore me
|-status|p2a: Encore me|slp|[from] move: Spore
|move|p2b: Just A Horse|Glacial Lance|p1b: Incineroar|[spread] p1a,p1b
|-resisted|p1a: Amoonguss
|-resisted|p1b: Incineroar
|-damage|p1a: Amoonguss|73/100
|-damage|p1b: Incineroar|72/100
|
|upkeep
|turn|5
|inactive|adamskorch has 30 seconds left.
|inactive|Javs008 has 30 seconds left.
|
|t:|1750834115
|switch|p2a: Potentorro|Rhyperior, L50, M|100/100
|move|p2b: Just A Horse|Protect|p2b: Just A Horse
|-singleturn|p2b: Just A Horse|Protect
|move|p1a: Amoonguss|Spore|p2b: Just A Horse
|-activate|p2b: Just A Horse|move: Protect
|move|p1b: Incineroar|Knock Off|p2a: Potentorro
|-damage|p2a: Potentorro|72/100
|-enditem|p2a: Potentorro|Assault Vest|[from] move: Knock Off|[of] p1b: Incineroar
|
|-fieldend|move: Trick Room
|upkeep
|turn|6
|inactive|Javs008 has 30 seconds left.
|
|t:|1750834141
|move|p1b: Incineroar|Knock Off|p2b: Just A Horse
|-supereffective|p2b: Just A Horse
|-damage|p2b: Just A Horse|59/100
|-enditem|p2b: Just A Horse|Clear Amulet|[from] move: Knock Off|[of] p1b: Incineroar
|move|p2b: Just A Horse|Close Combat|p1a: Amoonguss
|-damage|p1a: Amoonguss|23/100
|-unboost|p2b: Just A Horse|def|1
|-unboost|p2b: Just A Horse|spd|1
|-damage|p2b: Just A Horse|43/100|[from] item: Rocky Helmet|[of] p1a: Amoonguss
|move|p2a: Potentorro|High Horsepower|p1a: Amoonguss
|-damage|p1a: Amoonguss|0 fnt
|-damage|p2a: Potentorro|56/100|[from] item: Rocky Helmet|[of] p1a: Amoonguss
|faint|p1a: Amoonguss
|
|upkeep
|
|t:|1750834155
|switch|p1a: Rillaboom|Rillaboom, L50, F|100/100
|-fieldstart|move: Grassy Terrain|[from] ability: Grassy Surge|[of] p1a: Rillaboom
|turn|7
|
|t:|1750834180
|switch|p2b: El Capo|Kingambit, L50, F, tera:Ghost|33/100
|move|p1a: Rillaboom|Fake Out|p2b: El Capo
|-immune|p2b: El Capo
|move|p2a: Potentorro|High Horsepower|p1b: Incineroar
|-supereffective|p1b: Incineroar
|-damage|p1b: Incineroar|0 fnt
|faint|p1b: Incineroar
|
|-heal|p2b: El Capo|39/100|[from] Grassy Terrain
|-heal|p2a: Potentorro|62/100|[from] Grassy Terrain
|upkeep
|turn|8
|-message|adamskorch forfeited.
|
|win|Javs008
|raw|adamskorch's rating: 1170 &rarr; <strong>1140</strong><br />(-30 for losing)
|raw|Javs008's rating: 1103 &rarr; <strong>1133</strong><br />(+30 for winning)
|l|☆adamskorch
|player|p1|
