|j|☆BlackLocks
|j|☆Pelippherb
|t:|1750773163
|gametype|doubles
|player|p1|BlackLocks|hugh|1520
|player|p2|Pelippherb|acetrainer-gen4dp|1477
|teamsize|p1|6
|teamsize|p2|6
|gen|9
|tier|[Gen 9] VGC 2025 Reg I
|rated|
|rule|Species Clause: Limit one of each Pokémon
|rule|Item Clause: Limit 1 of each item
|clearpoke
|poke|p1|Calyrex-Shadow, L50|
|poke|p1|Zamazenta-*, L50|
|poke|p1|Urshifu-*, L50, F|
|poke|p1|Chien-Pao, L50|
|poke|p1|Amoonguss, L50, M|
|poke|p1|Tornadus, L50, M|
|poke|p2|Calyrex-Ice, L50|
|poke|p2|Miraidon, L50|
|poke|p2|Landorus, L50, M|
|poke|p2|Urshifu-*, L50, M|
|poke|p2|Pelipper, L50, M|
|poke|p2|Ogerpon, L50, F|
|teampreview|4
|inactive|Battle timer is ON: inactive players will automatically lose when time's up. (requested by Pelippherb)
|
|t:|1750773188
|start
|switch|p1a: Tornadus|Tornadus, L50, M, shiny|100/100
|switch|p1b: Calyrex|Calyrex-Shadow, L50|100/100
|switch|p2a: Urshifu|Urshifu-Rapid-Strike, L50, M|100/100
|switch|p2b: Pelipper|Pelipper, L50, M|100/100
|-ability|p1b: Calyrex|As One
|-ability|p1b: Calyrex|Unnerve
|-weather|RainDance|[from] ability: Drizzle|[of] p2b: Pelipper
|turn|1
|
|t:|1750773211
|switch|p1b: Zamazenta|Zamazenta-Crowned, L50|100/100
|-ability|p1b: Zamazenta|Dauntless Shield|boost
|-boost|p1b: Zamazenta|def|1
|move|p2a: Urshifu|Surging Strikes|p1b: Zamazenta
|-crit|p1b: Zamazenta
|-damage|p1b: Zamazenta|79/100
|-crit|p1b: Zamazenta
|-damage|p1b: Zamazenta|57/100
|-crit|p1b: Zamazenta
|-damage|p1b: Zamazenta|33/100
|-hitcount|p1b: Zamazenta|3
|move|p1a: Tornadus|Bleakwind Storm|p2a: Urshifu|[spread] p2a,p2b
|-supereffective|p2a: Urshifu
|-damage|p2a: Urshifu|0 fnt
|-damage|p2b: Pelipper|49/100
|faint|p2a: Urshifu
|move|p2b: Pelipper|Tailwind|p2b: Pelipper
|-sidestart|p2: Pelippherb|move: Tailwind
|
|-weather|RainDance|[upkeep]
|upkeep
|
|t:|1750773221
|switch|p2a: Miraidon|Miraidon, L50|100/100
|-fieldstart|move: Electric Terrain|[from] ability: Hadron Engine|[of] p2a: Miraidon
|turn|2
|
|t:|1750773232
|move|p1a: Tornadus|Tailwind|p1a: Tornadus
|-sidestart|p1: BlackLocks|move: Tailwind
|move|p2a: Miraidon|Volt Switch|p1b: Zamazenta
|-damage|p1b: Zamazenta|0 fnt
|faint|p1b: Zamazenta
|
|t:|1750773237
|switch|p2a: Landorus|Landorus, L50, M|100/100|[from] Volt Switch
|move|p2b: Pelipper|Weather Ball|p1a: Tornadus
|-damage|p1a: Tornadus|16/100
|
|-weather|RainDance|[upkeep]
|upkeep
|
|t:|1750773241
|switch|p1b: Calyrex|Calyrex-Shadow, L50|100/100
|-ability|p1b: Calyrex|As One
|-ability|p1b: Calyrex|Unnerve
|turn|3
|
|t:|1750773250
|move|p2b: Pelipper|Wide Guard|p2b: Pelipper
|-singleturn|p2b: Pelipper|Wide Guard
|move|p1b: Calyrex|Astral Barrage|p2a: Landorus|[spread] 
|-activate|p2a: Landorus|move: Wide Guard
|-activate|p2b: Pelipper|move: Wide Guard
|move|p1a: Tornadus|Bleakwind Storm|p2b: Pelipper|[spread] 
|-activate|p2a: Landorus|move: Wide Guard
|-activate|p2b: Pelipper|move: Wide Guard
|move|p2a: Landorus|Earth Power|p1b: Calyrex
|-damage|p1b: Calyrex|50/100
|
|-weather|RainDance|[upkeep]
|upkeep
|turn|4
|
|t:|1750773264
|switch|p1b: Chien-Pao|Chien-Pao, L50|100/100
|-ability|p1b: Chien-Pao|Sword of Ruin
|-terastallize|p2b: Pelipper|Dark
|move|p2b: Pelipper|Wide Guard|p2b: Pelipper
|-singleturn|p2b: Pelipper|Wide Guard
|move|p1a: Tornadus|Bleakwind Storm|p2b: Pelipper|[spread] 
|-activate|p2a: Landorus|move: Wide Guard
|-activate|p2b: Pelipper|move: Wide Guard
|move|p2a: Landorus|Earth Power|p1b: Chien-Pao
|-damage|p1b: Chien-Pao|19/100
|
|-weather|RainDance|[upkeep]
|-sideend|p2: Pelippherb|move: Tailwind
|upkeep
|turn|5
|inactive|Pelippherb has 30 seconds left.
|
|t:|1750773291
|move|p2b: Pelipper|Wide Guard|p2b: Pelipper
|-singleturn|p2b: Pelipper|Wide Guard
|move|p1a: Tornadus|Taunt|p2b: Pelipper
|-hint|Since gen 7, Dark is immune to Prankster moves.
|-immune|p2b: Pelipper
|move|p1b: Chien-Pao|Ice Spinner|p2a: Landorus
|-supereffective|p2a: Landorus
|-damage|p2a: Landorus|0 fnt
|-fieldend|move: Electric Terrain
|faint|p2a: Landorus
|
|-weather|none
|-sideend|p1: BlackLocks|move: Tailwind
|upkeep
|
|t:|1750773292
|switch|p2a: Miraidon|Miraidon, L50|100/100
|-fieldstart|move: Electric Terrain|[from] ability: Hadron Engine|[of] p2a: Miraidon
|turn|6
|
|t:|1750773312
|move|p1a: Tornadus|Tailwind|p1a: Tornadus
|-sidestart|p1: BlackLocks|move: Tailwind
|move|p1b: Chien-Pao|Sacred Sword|p2b: Pelipper
|-supereffective|p2b: Pelipper
|-damage|p2b: Pelipper|0 fnt
|faint|p2b: Pelipper
|move|p2a: Miraidon|Dazzling Gleam|p1b: Chien-Pao|[spread] p1a,p1b
|-supereffective|p1b: Chien-Pao
|-damage|p1a: Tornadus|0 fnt
|-damage|p1b: Chien-Pao|0 fnt
|faint|p1a: Tornadus
|faint|p1b: Chien-Pao
|
|upkeep
|
|t:|1750773320
|switch|p1b: Calyrex|Calyrex-Shadow, L50|50/100
|-ability|p1b: Calyrex|As One
|-ability|p1b: Calyrex|Unnerve
|turn|7
|
|t:|1750773324
|-terastallize|p1b: Calyrex|Fairy
|move|p1b: Calyrex|Astral Barrage|p2a: Miraidon
|-damage|p2a: Miraidon|14/100
|-damage|p1b: Calyrex|40/100|[from] item: Life Orb
|move|p2a: Miraidon|Dazzling Gleam|p1b: Calyrex
|-damage|p1b: Calyrex|0 fnt
|faint|p1b: Calyrex
|
|win|Pelippherb
|raw|BlackLocks's rating: 1520 &rarr; <strong>1498</strong><br />(-22 for losing)
|raw|Pelippherb's rating: 1477 &rarr; <strong>1499</strong><br />(+22 for winning)
|l|☆Pelippherb
|player|p2|
