|j|☆owenhailey77
|j|☆rotom-uzi
|t:|1750840267
|gametype|doubles
|player|p1|owenhailey77|170|1359
|player|p2|rotom-uzi|265|1250
|teamsize|p1|6
|teamsize|p2|6
|gen|9
|tier|[Gen 9] VGC 2025 Reg I
|rated|
|rule|Species Clause: Limit one of each Pokémon
|rule|Item Clause: Limit 1 of each item
|clearpoke
|poke|p1|Talonflame, L50, M|
|poke|p1|Koraidon, L50|
|poke|p1|Lunala, L50|
|poke|p1|Indeedee-F, L50, F|
|poke|p1|Kingambit, L50, M|
|poke|p1|Charizard, L50, M|
|poke|p2|Groudon, L50|
|poke|p2|Iron Valiant, L50|
|poke|p2|Miraidon, L50|
|poke|p2|Scream Tail, L50|
|poke|p2|Charizard, L50, M|
|poke|p2|Roaring Moon, L50|
|teampreview|4
|c|☆owenhailey77|yooo another charizard
|inactive|Battle timer is ON: inactive players will automatically lose when time's up. (requested by owenhailey77)
|inactive|rotom-uzi has 60 seconds left.
|
|t:|1750840359
|start
|switch|p1a: Talonflame|Talonflame, L50, M|100/100
|switch|p1b: Koraidon|Koraidon, L50|100/100
|switch|p2a: Roaring Moon|Roaring Moon, L50|100/100
|switch|p2b: Iron Valiant|Iron Valiant, L50|100/100
|-weather|SunnyDay|[from] ability: Orichalcum Pulse|[of] p1b: Koraidon
|-activate|p2a: Roaring Moon|ability: Protosynthesis
|-start|p2a: Roaring Moon|protosynthesisspe
|-activate|p1b: Koraidon|Orichalcum Pulse|[source]
|turn|1
|
|t:|1750840381
|-terastallize|p1b: Koraidon|Fire
|move|p2a: Roaring Moon|Protect|p2a: Roaring Moon
|-singleturn|p2a: Roaring Moon|Protect
|move|p1a: Talonflame|Tailwind|p1a: Talonflame
|-sidestart|p1: owenhailey77|move: Tailwind
|move|p1b: Koraidon|Close Combat|p2a: Roaring Moon
|-activate|p2a: Roaring Moon|move: Protect
|move|p2b: Iron Valiant|Coaching|p2a: Roaring Moon
|-boost|p2a: Roaring Moon|atk|1
|-boost|p2a: Roaring Moon|def|1
|
|-weather|SunnyDay|[upkeep]
|upkeep
|turn|2
|inactive|rotom-uzi has 30 seconds left.
|
|t:|1750840415
|-terastallize|p2a: Roaring Moon|Flying
|move|p1a: Talonflame|Taunt|p2b: Iron Valiant
|-start|p2b: Iron Valiant|move: Taunt
|move|p1b: Koraidon|Close Combat|p2a: Roaring Moon
|-resisted|p2a: Roaring Moon
|-damage|p2a: Roaring Moon|55/100
|-unboost|p1b: Koraidon|def|1
|-unboost|p1b: Koraidon|spd|1
|-damage|p1b: Koraidon|91/100|[from] item: Life Orb
|move|p2a: Roaring Moon|Tailwind|p2a: Roaring Moon
|-sidestart|p2: rotom-uzi|move: Tailwind
|cant|p2b: Iron Valiant|move: Taunt|Coaching
|
|-weather|SunnyDay|[upkeep]
|upkeep
|turn|3
|inactive|owenhailey77 has 30 seconds left.
|inactive|owenhailey77 has 20 seconds left.
|inactive|owenhailey77 has 15 seconds left.
|inactive|owenhailey77 has 10 seconds left.
|inactive|owenhailey77 has 5 seconds left.
|
|t:|1750840466
|-end|p2b: Iron Valiant|Quark Drive|[silent]
|switch|p2b: Miraidon|Miraidon, L50|100/100
|-fieldstart|move: Electric Terrain|[from] ability: Hadron Engine|[of] p2b: Miraidon
|-enditem|p2a: Roaring Moon|Electric Seed
|-boost|p2a: Roaring Moon|def|1|[from] item: Electric Seed
|move|p2a: Roaring Moon|Acrobatics|p1b: Koraidon
|-crit|p1b: Koraidon
|-damage|p1b: Koraidon|0 fnt
|faint|p1b: Koraidon
|move|p1a: Talonflame|Will-O-Wisp|p2a: Roaring Moon|[miss]
|-miss|p1a: Talonflame|p2a: Roaring Moon
|
|-weather|SunnyDay|[upkeep]
|upkeep
|
|t:|1750840480
|switch|p1b: Lunala|Lunala, L50, shiny|100/100
|turn|4
|
|t:|1750840496
|move|p2a: Roaring Moon|Knock Off|p1b: Lunala
|-supereffective|p1b: Lunala
|-damage|p1b: Lunala|1/100
|-enditem|p1b: Lunala|Power Herb|[from] move: Knock Off|[of] p2a: Roaring Moon
|move|p2b: Miraidon|Volt Switch|p1a: Talonflame
|-supereffective|p1a: Talonflame
|-damage|p1a: Talonflame|0 fnt
|faint|p1a: Talonflame
|
|t:|1750840506
|switch|p2b: Iron Valiant|Iron Valiant, L50|100/100|[from] Volt Switch
|-activate|p2b: Iron Valiant|ability: Quark Drive
|-start|p2b: Iron Valiant|quarkdrivespe
|move|p1b: Lunala|Meteor Beam||[still]
|-prepare|p1b: Lunala|Meteor Beam
|-boost|p1b: Lunala|spa|1
|
|-weather|SunnyDay|[upkeep]
|-sideend|p1: owenhailey77|move: Tailwind
|upkeep
|
|t:|1750840520
|switch|p1a: Charizard|Charizard, L50, M|100/100
|turn|5
|
|t:|1750840529
|move|p2b: Iron Valiant|Moonblast|p1b: Lunala
|-damage|p1b: Lunala|0 fnt
|faint|p1b: Lunala
|move|p2a: Roaring Moon|Acrobatics|p1a: Charizard
|-damage|p1a: Charizard|0 fnt
|faint|p1a: Charizard
|
|win|rotom-uzi
|raw|owenhailey77's rating: 1359 &rarr; <strong>1333</strong><br />(-26 for losing)
|raw|rotom-uzi's rating: 1250 &rarr; <strong>1283</strong><br />(+33 for winning)
|c|☆rotom-uzi|gg
|l|☆owenhailey77
|player|p1|
|l|☆rotom-uzi
|player|p2|
