|j|☆Chxjxkxjxj
|j|☆bastlast16
|t:|1750715191
|gametype|doubles
|player|p1|Chxjxkxjxj|169|1318
|player|p2|bastlast16|2|1301
|teamsize|p1|6
|teamsize|p2|6
|gen|9
|tier|[Gen 9] VGC 2025 Reg I
|rated|
|rule|Species Clause: Limit one of each Pokémon
|rule|Item Clause: Limit 1 of each item
|clearpoke
|poke|p1|Calyrex-Shadow, L50|
|poke|p1|Clefairy, L50, M|
|poke|p1|Miraidon, L50|
|poke|p1|Iron Hands, L50|
|poke|p1|Urshifu-*, L50, F|
|poke|p1|Farigiraf, L50, F|
|poke|p2|Dialga-Origin, L50|
|poke|p2|Koraidon, L50|
|poke|p2|Walking Wake, L50|
|poke|p2|Whimsicott, L50, M|
|poke|p2|Umbreon, L50, F|
|poke|p2|Flutter Mane, L50|
|teampreview|4
|inactive|Battle timer is ON: inactive players will automatically lose when time's up. (requested by bastlast16)
|inactive|bastlast16 has 60 seconds left.
|
|t:|1750715240
|start
|switch|p1a: Miraidon|Miraidon, L50|100/100
|switch|p1b: Iron Hands|Iron Hands, L50|100/100
|switch|p2a: Umbreon|Umbreon, L50, F|100/100
|switch|p2b: Koraidon|Koraidon, L50|100/100
|-fieldstart|move: Electric Terrain|[from] ability: Hadron Engine|[of] p1a: Miraidon
|-activate|p1b: Iron Hands|ability: Quark Drive
|-start|p1b: Iron Hands|quarkdriveatk
|-weather|SunnyDay|[from] ability: Orichalcum Pulse|[of] p2b: Koraidon
|-activate|p2b: Koraidon|Orichalcum Pulse|[source]
|turn|1
|
|t:|1750715260
|move|p2b: Koraidon|Protect|p2b: Koraidon
|-singleturn|p2b: Koraidon|Protect
|move|p1b: Iron Hands|Fake Out|p2b: Koraidon
|-activate|p2b: Koraidon|move: Protect
|move|p1a: Miraidon|Volt Switch|p2a: Umbreon
|-damage|p2a: Umbreon|29/100
|
|t:|1750715274
|switch|p1a: Calyrex|Calyrex-Shadow, L50|100/100|[from] Volt Switch
|-ability|p1a: Calyrex|As One
|-ability|p1a: Calyrex|Unnerve
|-enditem|p1a: Calyrex|Electric Seed
|-boost|p1a: Calyrex|def|1|[from] item: Electric Seed
|move|p2a: Umbreon|Light Screen|p2a: Umbreon
|-sidestart|p2: bastlast16|move: Light Screen
|
|-weather|SunnyDay|[upkeep]
|upkeep
|turn|2
|inactive|bastlast16 has 30 seconds left.
|
|t:|1750715307
|-terastallize|p2b: Koraidon|Fire
|move|p1a: Calyrex|Protect|p1a: Calyrex
|-singleturn|p1a: Calyrex|Protect
|move|p2b: Koraidon|Flame Charge|p1a: Calyrex
|-activate|p1a: Calyrex|move: Protect
|move|p2a: Umbreon|Moonlight|p2a: Umbreon
|-heal|p2a: Umbreon|96/100
|move|p1b: Iron Hands|Drain Punch|p2a: Umbreon
|-supereffective|p2a: Umbreon
|-crit|p2a: Umbreon
|-damage|p2a: Umbreon|0 fnt
|-damage|p1b: Iron Hands|84/100|[from] item: Rocky Helmet|[of] p2a: Umbreon
|faint|p2a: Umbreon
|
|-weather|SunnyDay|[upkeep]
|upkeep
|inactive|bastlast16 has 30 seconds left.
|
|t:|1750715337
|switch|p2a: Dialga|Dialga-Origin, L50|100/100
|-ability|p2a: Dialga|Pressure
|turn|3
|
|t:|1750715348
|-end|p1b: Iron Hands|Quark Drive|[silent]
|switch|p1b: Clefairy|Clefairy, L50, M|100/100
|move|p2a: Dialga|Protect|p2a: Dialga
|-singleturn|p2a: Dialga|Protect
|move|p1a: Calyrex|Astral Barrage|p2a: Dialga|[spread] p2b
|-activate|p2a: Dialga|move: Protect
|-damage|p2b: Koraidon|66/100
|move|p2b: Koraidon|Flame Charge|p1a: Calyrex
|-damage|p1a: Calyrex|51/100
|-boost|p2b: Koraidon|spe|1
|-damage|p2b: Koraidon|57/100|[from] item: Life Orb
|
|-weather|SunnyDay|[upkeep]
|upkeep
|turn|4
|inactive|bastlast16 has 30 seconds left.
|inactive|bastlast16 has 20 seconds left.
|inactive|bastlast16 has 15 seconds left.
|
|t:|1750715392
|move|p2b: Koraidon|Protect|p2b: Koraidon
|-singleturn|p2b: Koraidon|Protect
|move|p1b: Clefairy|Follow Me|p1b: Clefairy
|-singleturn|p1b: Clefairy|move: Follow Me
|move|p1a: Calyrex|Astral Barrage|p2b: Koraidon|[spread] p2a
|-activate|p2b: Koraidon|move: Protect
|-damage|p2a: Dialga|73/100
|move|p2a: Dialga|Flash Cannon|p1b: Clefairy
|-supereffective|p1b: Clefairy
|-damage|p1b: Clefairy|4/100
|
|-weather|SunnyDay|[upkeep]
|upkeep
|turn|5
|inactive|bastlast16 has 30 seconds left.
|inactive|bastlast16 has 20 seconds left.
|inactive|bastlast16 has 15 seconds left.
|inactive|bastlast16 has 10 seconds left.
|inactive|bastlast16 has 5 seconds left.
|
|t:|1750715442
|move|p1b: Clefairy|Follow Me|p1b: Clefairy
|-singleturn|p1b: Clefairy|move: Follow Me
|move|p2b: Koraidon|Collision Course|p1b: Clefairy
|-resisted|p1b: Clefairy
|-damage|p1b: Clefairy|0 fnt
|faint|p1b: Clefairy
|-damage|p2b: Koraidon|47/100|[from] item: Life Orb
|move|p1a: Calyrex|Astral Barrage|p2a: Dialga|[spread] p2a,p2b
|-damage|p2a: Dialga|46/100
|-damage|p2b: Koraidon|14/100
|move|p2a: Dialga|Dragon Pulse|p1a: Calyrex
|-damage|p1a: Calyrex|0 fnt
|faint|p1a: Calyrex
|
|-weather|none
|-sideend|p2: bastlast16|move: Light Screen
|-fieldend|move: Electric Terrain
|upkeep
|
|t:|1750715461
|switch|p1a: Miraidon|Miraidon, L50|100/100
|switch|p1b: Iron Hands|Iron Hands, L50|84/100
|-fieldstart|move: Electric Terrain|[from] ability: Hadron Engine|[of] p1a: Miraidon
|-activate|p1b: Iron Hands|ability: Quark Drive
|-start|p1b: Iron Hands|quarkdriveatk
|turn|6
|
|t:|1750715482
|move|p2b: Koraidon|Protect|p2b: Koraidon
|-singleturn|p2b: Koraidon|Protect
|move|p2a: Dialga|Protect|p2a: Dialga
|-singleturn|p2a: Dialga|Protect
|move|p1b: Iron Hands|Fake Out|p2a: Dialga
|-activate|p2a: Dialga|move: Protect
|move|p1a: Miraidon|Electro Drift|p2a: Dialga
|-activate|p2a: Dialga|move: Protect
|
|upkeep
|turn|7
|inactive|bastlast16 has 30 seconds left.
|inactive|bastlast16 has 20 seconds left.
|inactive|bastlast16 has 15 seconds left.
|inactive|bastlast16 has 10 seconds left.
|
|t:|1750715529
|move|p2b: Koraidon|Collision Course|p1a: Miraidon
|-damage|p1a: Miraidon|29/100
|-damage|p2b: Koraidon|5/100|[from] item: Life Orb
|move|p1a: Miraidon|Electro Drift|p2b: Koraidon
|-damage|p2b: Koraidon|0 fnt
|faint|p2b: Koraidon
|move|p2a: Dialga|Dragon Pulse|p1a: Miraidon
|-supereffective|p1a: Miraidon
|-damage|p1a: Miraidon|0 fnt
|faint|p1a: Miraidon
|move|p1b: Iron Hands|Low Kick|p2a: Dialga
|-supereffective|p2a: Dialga
|-damage|p2a: Dialga|0 fnt
|faint|p2a: Dialga
|
|upkeep
|
|t:|1750715544
|switch|p2b: Flutter Mane|Flutter Mane, L50|100/100
|turn|8
|inactive|bastlast16 has 30 seconds left.
|inactive|bastlast16 has 20 seconds left.
|
|t:|1750715584
|-terastallize|p1b: Iron Hands|Bug
|move|p2b: Flutter Mane|Moonblast|p1b: Iron Hands
|-damage|p1b: Iron Hands|38/100
|move|p1b: Iron Hands|Wild Charge|p2b: Flutter Mane
|-damage|p2b: Flutter Mane|0 fnt
|faint|p2b: Flutter Mane
|-end|p2b: Flutter Mane|Protosynthesis|[silent]
|-damage|p1b: Iron Hands|22/100|[from] Recoil
|
|win|Chxjxkxjxj
|raw|Chxjxkxjxj's rating: 1318 &rarr; <strong>1337</strong><br />(+19 for winning)
|raw|bastlast16's rating: 1301 &rarr; <strong>1282</strong><br />(-19 for losing)
