|j|☆dylan szhaar 16
|j|☆zephnix
|t:|1750746510
|gametype|doubles
|player|p1|dylan szhaar 16|pokemonranger-gen4|1122
|player|p2|zephnix|lucas-gen4pt|1188
|teamsize|p1|6
|teamsize|p2|6
|gen|9
|tier|[Gen 9] VGC 2025 Reg I
|rated|
|rule|Species Clause: Limit one of each Pokémon
|rule|Item Clause: Limit 1 of each item
|clearpoke
|poke|p1|Zamazenta-*, L50|
|poke|p1|Solgaleo, L50|
|poke|p1|Incineroar, L50, M|
|poke|p1|Ogerpon-Wellspring, L50, F|
|poke|p1|Plusle, L50, F|
|poke|p1|Venusaur, L50, M|
|poke|p2|Zamazenta-*, L50|
|poke|p2|Miraidon, L50|
|poke|p2|Chien-Pao, L50|
|poke|p2|Incineroar, L50, M|
|poke|p2|Rillaboom, L50, F|
|poke|p2|Tornadus, L50, M|
|teampreview|4
dylan szhaar 16 rejected open team sheets.
|
|t:|1750746544
|start
|switch|p1a: Purrely|Incineroar, L50, M|100/100
|switch|p1b: Solgaleo|Solgaleo, L50|100/100
|switch|p2a: Chien-Pao|Chien-Pao, L50|100/100
|switch|p2b: Incineroar|Incineroar, L50, M|100/100
|-ability|p2a: Chien-Pao|Sword of Ruin
|-ability|p2b: Incineroar|Intimidate|boost
|-unboost|p1a: Purrely|atk|1
|-fail|p1b: Solgaleo|unboost|[from] ability: Full Metal Body|[of] p1b: Solgaleo
|-ability|p1a: Purrely|Intimidate|boost
|-unboost|p2a: Chien-Pao|atk|1
|-unboost|p2b: Incineroar|atk|1
|turn|1
|
|t:|1750746583
|move|p2a: Chien-Pao|Protect|p2a: Chien-Pao
|-singleturn|p2a: Chien-Pao|Protect
|move|p1a: Purrely|Fake Out|p2a: Chien-Pao
|-activate|p2a: Chien-Pao|move: Protect
|move|p1b: Solgaleo|Sunsteel Strike|p2a: Chien-Pao
|-activate|p2a: Chien-Pao|move: Protect
|move|p2b: Incineroar|Flare Blitz|p1b: Solgaleo
|-supereffective|p1b: Solgaleo
|-damage|p1b: Solgaleo|42/100
|-damage|p2b: Incineroar|79/100|[from] Recoil
|
|upkeep
|turn|2
|
|t:|1750746605
|move|p1b: Solgaleo|Protect|p1b: Solgaleo
|-singleturn|p1b: Solgaleo|Protect
|move|p2a: Chien-Pao|Sacred Sword|p1a: Purrely
|-supereffective|p1a: Purrely
|-damage|p1a: Purrely|55/100
|move|p2b: Incineroar|Flare Blitz|p1b: Solgaleo
|-activate|p1b: Solgaleo|move: Protect
|move|p1a: Purrely|Flare Blitz|p2a: Chien-Pao
|-supereffective|p2a: Chien-Pao
|-damage|p2a: Chien-Pao|6/100
|-damage|p1a: Purrely|29/100|[from] Recoil
|
|upkeep
|turn|3
|
|t:|1750746626
|switch|p1b: Zamazenta|Zamazenta, L50|100/100
|-ability|p1b: Zamazenta|Dauntless Shield|boost
|-boost|p1b: Zamazenta|def|1
|move|p2a: Chien-Pao|Sacred Sword|p1a: Purrely
|-supereffective|p1a: Purrely
|-damage|p1a: Purrely|0 fnt
|faint|p1a: Purrely
|move|p2b: Incineroar|Knock Off|p1b: Zamazenta
|-resisted|p1b: Zamazenta
|-crit|p1b: Zamazenta
|-damage|p1b: Zamazenta|70/100
|-enditem|p1b: Zamazenta|Clear Amulet|[from] move: Knock Off|[of] p2b: Incineroar
|
|upkeep
|
|t:|1750746644
|switch|p1a: Solgaleo|Solgaleo, L50|42/100
|turn|4
|
|t:|1750746677
|-terastallize|p2b: Incineroar|Bug
|move|p1a: Solgaleo|Protect|p1a: Solgaleo
|-singleturn|p1a: Solgaleo|Protect
|move|p2a: Chien-Pao|Sucker Punch||[still]
|-fail|p2a: Chien-Pao
|move|p1b: Zamazenta|Body Press|p2b: Incineroar
|-resisted|p2b: Incineroar
|-damage|p2b: Incineroar|54/100
|-damage|p1b: Zamazenta|54/100|[from] item: Rocky Helmet|[of] p2b: Incineroar
|move|p2b: Incineroar|Flare Blitz|p1b: Zamazenta
|-damage|p1b: Zamazenta|31/100
|-status|p1b: Zamazenta|brn
|-damage|p2b: Incineroar|48/100|[from] Recoil
|
|-damage|p1b: Zamazenta|25/100 brn|[from] brn
|upkeep
|turn|5
|
|t:|1750746744
|move|p2a: Chien-Pao|Sucker Punch|p1a: Solgaleo
|-supereffective|p1a: Solgaleo
|-damage|p1a: Solgaleo|2/100
|move|p1b: Zamazenta|Coaching|p1a: Solgaleo
|-boost|p1a: Solgaleo|atk|1
|-boost|p1a: Solgaleo|def|1
|move|p1a: Solgaleo|Sunsteel Strike|p2b: Incineroar
|-damage|p2b: Incineroar|0 fnt
|-damage|p1a: Solgaleo|0 fnt|[from] item: Rocky Helmet|[of] p2b: Incineroar
|faint|p2b: Incineroar
|faint|p1a: Solgaleo
|
|-damage|p1b: Zamazenta|19/100 brn|[from] brn
|upkeep
|
|t:|1750746761
|switch|p1a: Plusle|Plusle, L50, F|100/100
|switch|p2b: Miraidon|Miraidon, L50|100/100
|-fieldstart|move: Electric Terrain|[from] ability: Hadron Engine|[of] p2b: Miraidon
|turn|6
|
|t:|1750746807
|move|p1a: Plusle|Eerie Impulse|p2b: Miraidon
|-unboost|p2b: Miraidon|spa|2
|move|p2b: Miraidon|Draco Meteor|p1a: Plusle
|-damage|p1a: Plusle|7/100
|-unboost|p2b: Miraidon|spa|2
|move|p2a: Chien-Pao|Sacred Sword|p1b: Zamazenta
|-damage|p1b: Zamazenta|0 fnt
|faint|p1b: Zamazenta
|
|upkeep
|turn|7
|
|t:|1750746822
|switch|p2b: Zamazenta|Zamazenta-Crowned, L50|100/100
|-ability|p2b: Zamazenta|Dauntless Shield|boost
|-boost|p2b: Zamazenta|def|1
|move|p1a: Plusle|Eerie Impulse|p2a: Chien-Pao
|-unboost|p2a: Chien-Pao|spa|2
|move|p2a: Chien-Pao|Icicle Crash|p1a: Plusle
|-damage|p1a: Plusle|0 fnt
|faint|p1a: Plusle
|
|win|zephnix
|raw|dylan szhaar 16's rating: 1122 &rarr; <strong>1102</strong><br />(-20 for losing)
|raw|zephnix's rating: 1188 &rarr; <strong>1208</strong><br />(+20 for winning)
|l|☆dylan szhaar 16
|player|p1|
|l|☆zephnix
|player|p2|
