|j|☆6HawtLodes
|j|☆celje
|t:|1750720976
|gametype|doubles
|player|p1|6HawtLodes|cynthia|1198
|player|p2|celje|169|1161
|teamsize|p1|6
|teamsize|p2|6
|gen|9
|tier|[Gen 9] VGC 2025 Reg I
|rated|
|rule|Species Clause: Limit one of each Pokémon
|rule|Item Clause: Limit 1 of each item
|clearpoke
|poke|p1|Calyrex-Ice, L50|
|poke|p1|Slowking-Galar, L50, M|
|poke|p1|Glaceon, L50, M|
|poke|p1|Kyurem-White, L50|
|poke|p1|Incineroar, L50, F|
|poke|p1|Ninetales-Alola, L50, F|
|poke|p2|Kyogre, L50|
|poke|p2|Jolteon, L50, F|
|poke|p2|Urshifu-*, L50, F|
|poke|p2|Zacian-*, L50|
|poke|p2|Rillaboom, L50, F|
|poke|p2|Chien-Pao, L50|
|teampreview|4
|inactive|Battle timer is ON: inactive players will automatically lose when time's up. (requested by 6HawtLodes)
|
|t:|1750721002
|start
|switch|p1a: Slowking|Slowking-Galar, L50, M|100/100
|switch|p1b: Calyrex|Calyrex-Ice, L50|100/100
|switch|p2a: Kyogre|Kyogre, L50|100/100
|switch|p2b: Urshifu|Urshifu-Rapid-Strike, L50, F|100/100
|-ability|p1b: Calyrex|As One
|-ability|p1b: Calyrex|Unnerve
|-weather|RainDance|[from] ability: Drizzle|[of] p2a: Kyogre
|turn|1
|inactive|celje has 30 seconds left.
|
|t:|1750721031
|move|p2b: Urshifu|U-turn|p1a: Slowking
|-damage|p1a: Slowking|76/100
|
|t:|1750721037
|switch|p2b: Chien-Pao|Chien-Pao, L50|100/100|[from] U-turn
|-ability|p2b: Chien-Pao|Sword of Ruin
|move|p2a: Kyogre|Origin Pulse|p1b: Calyrex|[spread] p1a,p1b
|-damage|p1a: Slowking|12/100
|-damage|p1b: Calyrex|37/100
|-prepare|p1a: Slowking|Chilly Reception|[premajor]
|move|p1a: Slowking|Chilly Reception|p1a: Slowking
|-weather|Snowscape
|
|t:|1750721052
|switch|p1a: Incineroar|Incineroar, L50, F|100/100|[from] Chilly Reception
|-ability|p1a: Incineroar|Intimidate|boost
|-unboost|p2a: Kyogre|atk|1
|-unboost|p2b: Chien-Pao|atk|1
|move|p1b: Calyrex|Trick Room|p1b: Calyrex
|-fieldstart|move: Trick Room|[of] p1b: Calyrex
|
|-weather|Snowscape|[upkeep]
|upkeep
|turn|2
|inactive|6HawtLodes has 30 seconds left.
|
|t:|1750721078
|switch|p1b: Kyurem|Kyurem-White, L50|100/100
|-ability|p1b: Kyurem|Turboblaze
|move|p1a: Incineroar|Fake Out|p2b: Chien-Pao
|-damage|p2b: Chien-Pao|90/100
|cant|p2b: Chien-Pao|flinch
|move|p2a: Kyogre|Origin Pulse|p1a: Incineroar|[spread] p1a,p1b
|-supereffective|p1a: Incineroar
|-resisted|p1b: Kyurem
|-damage|p1a: Incineroar|5/100
|-damage|p1b: Kyurem|84/100
|
|-weather|Snowscape|[upkeep]
|upkeep
|turn|3
|inactive|6HawtLodes has 30 seconds left.
|
|t:|1750721108
|switch|p2b: Urshifu|Urshifu-Rapid-Strike, L50, F|100/100
|move|p1a: Incineroar|Parting Shot|p2b: Urshifu
|-unboost|p2b: Urshifu|atk|1
|-unboost|p2b: Urshifu|spa|1
|
|t:|1750721116
|switch|p1a: Slowking|Slowking-Galar, L50, M|45/100|[from] Parting Shot
|move|p1b: Kyurem|Freeze-Dry|p2a: Kyogre
|-supereffective|p2a: Kyogre
|-damage|p2a: Kyogre|20/100
|-status|p2a: Kyogre|frz
|cant|p2a: Kyogre|frz
|
|-weather|Snowscape|[upkeep]
|upkeep
|turn|4
|inactive|celje has 30 seconds left.
|
|t:|1750721143
|move|p1a: Slowking|Psychic|p2b: Urshifu
|-supereffective|p2b: Urshifu
|-damage|p2b: Urshifu|0 fnt
|faint|p2b: Urshifu
|move|p1b: Kyurem|Freeze-Dry|p2a: Kyogre
|-supereffective|p2a: Kyogre
|-damage|p2a: Kyogre|0 fnt
|faint|p2a: Kyogre
|
|-weather|Snowscape|[upkeep]
|upkeep
|
|t:|1750721156
|switch|p2a: Zacian|Zacian-Crowned, L50|100/100
|switch|p2b: Chien-Pao|Chien-Pao, L50|90/100
|-ability|p2a: Zacian|Intrepid Sword|boost
|-boost|p2a: Zacian|atk|1
|-ability|p2b: Chien-Pao|Sword of Ruin
|turn|5
|inactive|6HawtLodes has 30 seconds left.
|inactive|celje has 30 seconds left.
|inactive|6HawtLodes has 20 seconds left.
|inactive|celje has 20 seconds left.
|inactive|6HawtLodes has 15 seconds left.
|inactive|celje has 15 seconds left.
|
|t:|1750721198
|move|p2b: Chien-Pao|Sucker Punch|p1a: Slowking
|-supereffective|p1a: Slowking
|-damage|p1a: Slowking|0 fnt
|faint|p1a: Slowking
|-damage|p2b: Chien-Pao|80/100|[from] item: Life Orb
|move|p1b: Kyurem|Fusion Flare|p2a: Zacian
|-supereffective|p2a: Zacian
|-damage|p2a: Zacian|28/100
|move|p2a: Zacian|Behemoth Blade|p1b: Kyurem
|-supereffective|p1b: Kyurem
|-damage|p1b: Kyurem|0 fnt
|faint|p1b: Kyurem
|
|-weather|none
|-fieldend|move: Trick Room
|upkeep
|
|t:|1750721211
|switch|p1b: Calyrex|Calyrex-Ice, L50|37/100
|switch|p1a: Incineroar|Incineroar, L50, F|5/100
|-ability|p1b: Calyrex|As One
|-ability|p1b: Calyrex|Unnerve
|-ability|p1a: Incineroar|Intimidate|boost
|-unboost|p2a: Zacian|atk|1
|-unboost|p2b: Chien-Pao|atk|1
|turn|6
|inactive|celje has 30 seconds left.
|inactive|celje has 20 seconds left.
|inactive|celje has 15 seconds left.
|inactive|celje has 10 seconds left.
|inactive|celje has 5 seconds left.
|
|t:|1750721266
|-terastallize|p1b: Calyrex|Water
|move|p2b: Chien-Pao|Protect|p2b: Chien-Pao
|-singleturn|p2b: Chien-Pao|Protect
|move|p2a: Zacian|Protect|p2a: Zacian
|-singleturn|p2a: Zacian|Protect
|move|p1a: Incineroar|Fake Out|p2b: Chien-Pao
|-activate|p2b: Chien-Pao|move: Protect
|move|p1b: Calyrex|Glacial Lance|p2a: Zacian|[spread] 
|-activate|p2a: Zacian|move: Protect
|-activate|p2b: Chien-Pao|move: Protect
|
|upkeep
|turn|7
|
|t:|1750721288
|move|p2b: Chien-Pao|Sucker Punch|p1a: Incineroar
|-resisted|p1a: Incineroar
|-damage|p1a: Incineroar|0 fnt
|-damage|p2b: Chien-Pao|64/100|[from] item: Rocky Helmet|[of] p1a: Incineroar
|faint|p1a: Incineroar
|-damage|p2b: Chien-Pao|54/100|[from] item: Life Orb
|move|p2a: Zacian|Sacred Sword|p1b: Calyrex
|-crit|p1b: Calyrex
|-damage|p1b: Calyrex|0 fnt
|faint|p1b: Calyrex
|
|win|celje
|raw|6HawtLodes's rating: 1198 &rarr; <strong>1170</strong><br />(-28 for losing)
|raw|celje's rating: 1161 &rarr; <strong>1189</strong><br />(+28 for winning)
|l|☆6HawtLodes
|player|p1|
