|j|☆Bantersince1999
|j|☆kotaku51
|t:|1750843352
|gametype|doubles
|player|p1|Bantersince1999|265|1170
|player|p2|kotaku51|2|1231
|teamsize|p1|6
|teamsize|p2|6
|gen|9
|tier|[Gen 9] VGC 2025 Reg I
|rated|
|rule|Species Clause: Limit one of each Pokémon
|rule|Item Clause: Limit 1 of each item
|clearpoke
|poke|p1|Kyogre, L50|
|poke|p1|Calyrex-Shadow, L50|
|poke|p1|Incineroar, L50, F|
|poke|p1|Rillaboom, L50, F|
|poke|p1|Urshifu-*, L50, F|
|poke|p1|Roaring Moon, L50|
|poke|p2|Ho-Oh, L50|
|poke|p2|Eternatus, L50|
|poke|p2|Quagsire, L50, F|
|poke|p2|Grimmsnarl, L50, M|
|poke|p2|Ting-Lu, L50|
|poke|p2|Rhydon, L50, F|
|teampreview|4
|
|t:|1750843370
|start
|switch|p1a: Kyogre|Kyogre, L50|100/100
|switch|p1b: Roaring Moon|Roaring Moon, L50|100/100
|switch|p2a: Quagsire|Quagsire, L50, F|100/100
|switch|p2b: Grimmsnarl|Grimmsnarl, L50, M|100/100
|-weather|RainDance|[from] ability: Drizzle|[of] p1a: Kyogre
|-enditem|p1b: Roaring Moon|Booster Energy
|-activate|p1b: Roaring Moon|ability: Protosynthesis|[fromitem]
|-start|p1b: Roaring Moon|protosynthesisspe
|turn|1
|
|t:|1750843400
|move|p2b: Grimmsnarl|Light Screen|p2b: Grimmsnarl
|-sidestart|p2: kotaku51|move: Light Screen
|move|p1b: Roaring Moon|Knock Off|p2a: Quagsire
|-crit|p2a: Quagsire
|-damage|p2a: Quagsire|51/100
|-enditem|p2a: Quagsire|Leftovers|[from] move: Knock Off|[of] p1b: Roaring Moon
|move|p1a: Kyogre|Ice Beam|p2a: Quagsire
|-damage|p2a: Quagsire|23/100
|move|p2a: Quagsire|Toxic|p1a: Kyogre
|-status|p1a: Kyogre|tox
|
|-weather|RainDance|[upkeep]
|-damage|p1a: Kyogre|94/100 tox|[from] psn
|upkeep
|turn|2
|
|t:|1750843432
|move|p2a: Quagsire|Protect|p2a: Quagsire
|-singleturn|p2a: Quagsire|Protect
|move|p2b: Grimmsnarl|Reflect|p2b: Grimmsnarl
|-sidestart|p2: kotaku51|Reflect
|move|p1b: Roaring Moon|Tailwind|p1b: Roaring Moon
|-sidestart|p1: Bantersince1999|move: Tailwind
|move|p1a: Kyogre|Ice Beam|p2a: Quagsire
|-activate|p2a: Quagsire|move: Protect
|
|-weather|RainDance|[upkeep]
|-damage|p1a: Kyogre|82/100 tox|[from] psn
|upkeep
|turn|3
|
|t:|1750843466
|switch|p2a: Ho-Oh|Ho-Oh, L50|100/100
|move|p1b: Roaring Moon|Knock Off|p2b: Grimmsnarl
|-resisted|p2b: Grimmsnarl
|-damage|p2b: Grimmsnarl|94/100
|-enditem|p2b: Grimmsnarl|Light Clay|[from] move: Knock Off|[of] p1b: Roaring Moon
|move|p1a: Kyogre|Ice Beam|p2a: Ho-Oh
|-damage|p2a: Ho-Oh|88/100
|move|p2b: Grimmsnarl|Foul Play|p1b: Roaring Moon
|-resisted|p1b: Roaring Moon
|-damage|p1b: Roaring Moon|77/100
|
|-weather|RainDance|[upkeep]
|-damage|p1a: Kyogre|63/100 tox|[from] psn
|upkeep
|turn|4
|
|t:|1750843525
|switch|p2b: Quagsire|Quagsire, L50, F|23/100
|-terastallize|p1b: Roaring Moon|Flying
|move|p1b: Roaring Moon|Acrobatics|p2b: Quagsire
|-damage|p2b: Quagsire|0 fnt
|faint|p2b: Quagsire
|move|p1a: Kyogre|Origin Pulse|p2a: Ho-Oh
|-supereffective|p2a: Ho-Oh
|-damage|p2a: Ho-Oh|0 fnt
|faint|p2a: Ho-Oh
|
|-weather|RainDance|[upkeep]
|-damage|p1a: Kyogre|38/100 tox|[from] psn
|upkeep
|
|t:|1750843538
|switch|p2a: Grimmsnarl|Grimmsnarl, L50, M|94/100
|switch|p2b: Eternatus|Eternatus, L50|100/100
|-ability|p2b: Eternatus|Pressure
|turn|5
|
|t:|1750843565
|-terastallize|p2b: Eternatus|Fairy
|move|p2a: Grimmsnarl|Thunder Wave|p1b: Roaring Moon
|-status|p1b: Roaring Moon|par
|cant|p1b: Roaring Moon|par
|move|p1a: Kyogre|Ice Beam|p2b: Eternatus
|-damage|p2b: Eternatus|88/100
|move|p2b: Eternatus|Cosmic Power|p2b: Eternatus
|-boost|p2b: Eternatus|def|1
|-boost|p2b: Eternatus|spd|1
|
|-weather|none
|-damage|p1a: Kyogre|7/100 tox|[from] psn
|-sideend|p1: Bantersince1999|move: Tailwind
|upkeep
|turn|6
|
|t:|1750843591
|move|p2b: Eternatus|Protect|p2b: Eternatus
|-singleturn|p2b: Eternatus|Protect
|cant|p1b: Roaring Moon|par
|move|p1a: Kyogre|Origin Pulse|p2b: Eternatus|[spread] p2a
|-activate|p2b: Eternatus|move: Protect
|-damage|p2a: Grimmsnarl|48/100
|move|p2a: Grimmsnarl|Foul Play|p1b: Roaring Moon
|-damage|p1b: Roaring Moon|26/100 par
|
|-damage|p1a: Kyogre|0 fnt|[from] psn
|faint|p1a: Kyogre
|upkeep
|
|t:|1750843609
|switch|p1a: Urshifu|Urshifu-Rapid-Strike, L50, F|100/100
|turn|7
|
|t:|1750843632
|move|p2a: Grimmsnarl|Thunder Wave|p1a: Urshifu
|-status|p1a: Urshifu|par
|move|p2b: Eternatus|Fire Spin|p1a: Urshifu|[miss]
|-miss|p2b: Eternatus|p1a: Urshifu
|move|p1b: Roaring Moon|Knock Off|p2b: Eternatus
|-resisted|p2b: Eternatus
|-damage|p2b: Eternatus|80/100
|-enditem|p2b: Eternatus|Covert Cloak|[from] move: Knock Off|[of] p1b: Roaring Moon
|move|p1a: Urshifu|Surging Strikes|p2b: Eternatus
|-crit|p2b: Eternatus
|-damage|p2b: Eternatus|65/100
|-crit|p2b: Eternatus
|-damage|p2b: Eternatus|50/100
|-crit|p2b: Eternatus
|-damage|p2b: Eternatus|34/100
|-hitcount|p2b: Eternatus|3
|
|upkeep
|turn|8
|
|t:|1750843655
|move|p2b: Eternatus|Recover|p2b: Eternatus
|-heal|p2b: Eternatus|84/100
|cant|p1b: Roaring Moon|par
|move|p1a: Urshifu|Surging Strikes|p2b: Eternatus
|-crit|p2b: Eternatus
|-damage|p2b: Eternatus|69/100
|-crit|p2b: Eternatus
|-damage|p2b: Eternatus|54/100
|-crit|p2b: Eternatus
|-damage|p2b: Eternatus|38/100
|-hitcount|p2b: Eternatus|3
|move|p2a: Grimmsnarl|Foul Play|p1b: Roaring Moon
|-damage|p1b: Roaring Moon|0 fnt
|faint|p1b: Roaring Moon
|-end|p1b: Roaring Moon|Protosynthesis|[silent]
|
|-sideend|p2: kotaku51|move: Light Screen
|upkeep
|
|t:|1750843672
|switch|p1b: Calyrex|Calyrex-Shadow, L50|100/100
|-ability|p1b: Calyrex|As One
|-ability|p1b: Calyrex|Unnerve
|turn|9
|
|t:|1750843687
|move|p2a: Grimmsnarl|Thunder Wave|p1b: Calyrex
|-status|p1b: Calyrex|par
|move|p2b: Eternatus|Recover|p2b: Eternatus
|-heal|p2b: Eternatus|88/100
|move|p1a: Urshifu|Surging Strikes|p2b: Eternatus
|-crit|p2b: Eternatus
|-damage|p2b: Eternatus|73/100
|-crit|p2b: Eternatus
|-damage|p2b: Eternatus|58/100
|-crit|p2b: Eternatus
|-damage|p2b: Eternatus|43/100
|-hitcount|p2b: Eternatus|3
|move|p1b: Calyrex|Astral Barrage|p2a: Grimmsnarl|[spread] p2a,p2b
|-resisted|p2a: Grimmsnarl
|-damage|p2a: Grimmsnarl|21/100
|-damage|p2b: Eternatus|23/100
|
|-sideend|p2: kotaku51|Reflect
|upkeep
|turn|10
|
|t:|1750843708
|move|p2b: Eternatus|Recover|p2b: Eternatus
|-heal|p2b: Eternatus|73/100
|move|p1b: Calyrex|Astral Barrage|p2a: Grimmsnarl|[spread] p2a,p2b
|-resisted|p2a: Grimmsnarl
|-crit|p2a: Grimmsnarl
|-damage|p2a: Grimmsnarl|0 fnt
|-damage|p2b: Eternatus|54/100
|faint|p2a: Grimmsnarl
|-ability|p1b: Calyrex|Grim Neigh|boost
|-boost|p1b: Calyrex|spa|1
|move|p1a: Urshifu|Surging Strikes|p2b: Eternatus
|-crit|p2b: Eternatus
|-damage|p2b: Eternatus|40/100
|-crit|p2b: Eternatus
|-damage|p2b: Eternatus|25/100
|-crit|p2b: Eternatus
|-damage|p2b: Eternatus|9/100
|-hitcount|p2b: Eternatus|3
|
|upkeep
|turn|11
|
|t:|1750843728
|move|p2b: Eternatus|Recover|p2b: Eternatus
|-heal|p2b: Eternatus|59/100
|-activate|p1a: Urshifu|move: Struggle
|move|p1a: Urshifu|Struggle|p2b: Eternatus
|-damage|p2b: Eternatus|50/100
|-damage|p1a: Urshifu|75/100 par|[from] recoil
|move|p1b: Calyrex|Astral Barrage|p2b: Eternatus
|-damage|p2b: Eternatus|13/100
|
|upkeep
|turn|12
|
|t:|1750843744
|move|p2b: Eternatus|Recover|p2b: Eternatus
|-heal|p2b: Eternatus|63/100
|-activate|p1a: Urshifu|move: Struggle
|move|p1a: Urshifu|Struggle|p2b: Eternatus
|-damage|p2b: Eternatus|54/100
|-damage|p1a: Urshifu|50/100 par|[from] recoil
|move|p1b: Calyrex|Disable|p2b: Eternatus
|-start|p2b: Eternatus|Disable|Recover
|
|upkeep
|turn|13
|
|t:|1750843765
|move|p2b: Eternatus|Cosmic Power|p2b: Eternatus
|-boost|p2b: Eternatus|def|1
|-boost|p2b: Eternatus|spd|1
|cant|p1a: Urshifu|par
|move|p1b: Calyrex|Astral Barrage|p2b: Eternatus
|-damage|p2b: Eternatus|25/100
|
|upkeep
|turn|14
|
|t:|1750843781
|move|p2b: Eternatus|Protect|p2b: Eternatus
|-singleturn|p2b: Eternatus|Protect
|move|p1b: Calyrex|Encore|p2b: Eternatus
|-activate|p2b: Eternatus|move: Protect
|-activate|p1a: Urshifu|move: Struggle
|move|p1a: Urshifu|Struggle|p2b: Eternatus
|-damage|p2b: Eternatus|18/100
|-damage|p1a: Urshifu|25/100 par|[from] recoil
|
|upkeep
|turn|15
|
|t:|1750843808
|move|p2b: Eternatus|Fire Spin|p1b: Calyrex
|-damage|p1b: Calyrex|88/100 par
|-activate|p1b: Calyrex|move: Fire Spin|[of] p2b: Eternatus
|-activate|p1a: Urshifu|move: Struggle
|move|p1a: Urshifu|Struggle|p2b: Eternatus
|-damage|p2b: Eternatus|11/100
|-damage|p1a: Urshifu|0 fnt|[from] recoil
|faint|p1a: Urshifu
|cant|p1b: Calyrex|par
|
|-damage|p1b: Calyrex|76/100 par|[from] move: Fire Spin|[partiallytrapped]
|upkeep
|turn|16
|
|t:|1750843821
|move|p2b: Eternatus|Protect|p2b: Eternatus
|-singleturn|p2b: Eternatus|Protect
|move|p1b: Calyrex|Encore|p2b: Eternatus
|-activate|p2b: Eternatus|move: Protect
|
|-damage|p1b: Calyrex|64/100 par|[from] move: Fire Spin|[partiallytrapped]
|-end|p2b: Eternatus|Disable
|upkeep
|turn|17
|
|t:|1750843833
|move|p2b: Eternatus|Recover|p2b: Eternatus
|-heal|p2b: Eternatus|61/100
|cant|p1b: Calyrex|par
|
|-damage|p1b: Calyrex|52/100 par|[from] move: Fire Spin|[partiallytrapped]
|upkeep
|turn|18
|
|t:|1750843843
|move|p2b: Eternatus|Fire Spin|p1b: Calyrex
|-damage|p1b: Calyrex|40/100 par
|move|p1b: Calyrex|Encore|p2b: Eternatus
|-start|p2b: Eternatus|Encore
|
|-damage|p1b: Calyrex|28/100 par|[from] move: Fire Spin|[partiallytrapped]
|upkeep
|turn|19
|
|t:|1750843853
|move|p2b: Eternatus|Fire Spin|p1b: Calyrex
|-damage|p1b: Calyrex|17/100 par
|move|p1b: Calyrex|Disable|p2b: Eternatus
|-start|p2b: Eternatus|Disable|Fire Spin
|
|-damage|p1b: Calyrex|4/100 par|[from] move: Fire Spin|[partiallytrapped]
|upkeep
|turn|20
|
|t:|1750843866
|move|p1b: Calyrex|Protect|p1b: Calyrex
|-singleturn|p1b: Calyrex|Protect
|-activate|p2b: Eternatus|move: Struggle
|move|p2b: Eternatus|Struggle|p1b: Calyrex
|-activate|p1b: Calyrex|move: Protect
|
|-end|p1b: Calyrex|Fire Spin|[partiallytrapped]
|upkeep
|turn|21
|
|t:|1750843879
|-activate|p2b: Eternatus|move: Struggle
|move|p2b: Eternatus|Struggle|p1b: Calyrex
|-damage|p1b: Calyrex|0 fnt
|faint|p1b: Calyrex
|-damage|p2b: Eternatus|36/100|[from] recoil
|
|win|kotaku51
|raw|Bantersince1999's rating: 1170 &rarr; <strong>1149</strong><br />(-21 for losing)
|raw|kotaku51's rating: 1231 &rarr; <strong>1252</strong><br />(+21 for winning)
|l|☆Bantersince1999
|player|p1|
|l|☆kotaku51
|player|p2|
