|j|☆Perjutsu24
|j|☆WhitePumpkin
|t:|1750742627
|gametype|doubles
|player|p1|Perjutsu24|cynthia-gen4|1400
|player|p2|WhitePumpkin|iono|1487
|teamsize|p1|6
|teamsize|p2|6
|gen|9
|tier|[Gen 9] VGC 2025 Reg I
|rated|
|rule|Species Clause: Limit one of each Pokémon
|rule|Item Clause: Limit 1 of each item
|clearpoke
|poke|p1|Gouging Fire, L50|
|poke|p1|Raging Bolt, L50|
|poke|p1|Groudon, L50|
|poke|p1|Lilligant-Hisui, L50, F|
|poke|p1|Lunala, L50|
|poke|p1|Grimmsnarl, L50, M|
|poke|p2|Calyrex-Shadow, L50|
|poke|p2|Urshifu-*, L50, M|
|poke|p2|Ogerpon-Cornerstone, L50, F|
|poke|p2|Tornadus, L50, M|
|poke|p2|Rillaboom, L50, M|
|poke|p2|Zamazenta-*, L50|
|teampreview|4
|inactive|Battle timer is ON: inactive players will automatically lose when time's up. (requested by WhitePumpkin)
|
|t:|1750742682
|start
|switch|p1a: Raging Bolt|Raging Bolt, L50|100/100
|switch|p1b: Groudon|Groudon, L50, shiny|100/100
|switch|p2a: Tornadus|Tornadus, L50, M|100/100
|switch|p2b: Urshifu|Urshifu-Rapid-Strike, L50, M|100/100
|-weather|SunnyDay|[from] ability: Drought|[of] p1b: Groudon
|-activate|p1a: Raging Bolt|ability: Protosynthesis
|-start|p1a: Raging Bolt|protosynthesisspa
|turn|1
|inactive|Perjutsu24 has 30 seconds left.
|inactive|WhitePumpkin has 30 seconds left.
|inactive|Perjutsu24 has 20 seconds left.
|inactive|Perjutsu24 has 15 seconds left.
|
|t:|1750742724
|switch|p1b: Lunala|Lunala, L50, shiny|100/100
|move|p2a: Tornadus|Rain Dance|p2a: Tornadus
|-weather|RainDance
|-end|p1a: Raging Bolt|Protosynthesis
|move|p2b: Urshifu|Surging Strikes|p1b: Lunala
|-crit|p1b: Lunala
|-damage|p1b: Lunala|84/100
|-crit|p1b: Lunala
|-damage|p1b: Lunala|52/100
|-crit|p1b: Lunala
|-damage|p1b: Lunala|21/100
|-hitcount|p1b: Lunala|3
|move|p1a: Raging Bolt|Thunderbolt|p2b: Urshifu
|-supereffective|p2b: Urshifu
|-damage|p2b: Urshifu|0 fnt
|faint|p2b: Urshifu
|
|-weather|RainDance|[upkeep]
|upkeep
|
|t:|1750742744
|switch|p2b: Zamazenta|Zamazenta-Crowned, L50|100/100
|-ability|p2b: Zamazenta|Dauntless Shield|boost
|-boost|p2b: Zamazenta|def|1
|turn|2
|inactive|Perjutsu24 has 30 seconds left.
|
|t:|1750742771
|switch|p1b: Groudon|Groudon, L50, shiny|100/100
|-weather|SunnyDay|[from] ability: Drought|[of] p1b: Groudon
|-activate|p1a: Raging Bolt|ability: Protosynthesis
|-start|p1a: Raging Bolt|protosynthesisspa
|move|p2b: Zamazenta|Body Press|p1a: Raging Bolt
|-damage|p1a: Raging Bolt|43/100
|move|p2a: Tornadus|Bleakwind Storm|p1b: Groudon|[spread] p1a
|-miss|p2a: Tornadus|p1b: Groudon
|-resisted|p1a: Raging Bolt
|-damage|p1a: Raging Bolt|29/100
|move|p1a: Raging Bolt|Thunderbolt|p2a: Tornadus
|-supereffective|p2a: Tornadus
|-damage|p2a: Tornadus|0 fnt
|faint|p2a: Tornadus
|
|-weather|SunnyDay|[upkeep]
|upkeep
|
|t:|1750742786
|switch|p2a: Calyrex|Calyrex-Shadow, L50|100/100
|-ability|p2a: Calyrex|As One
|-ability|p2a: Calyrex|Unnerve
|turn|3
|inactive|Perjutsu24 has 30 seconds left.
|
|t:|1750742821
|-terastallize|p2a: Calyrex|Ghost
|move|p1a: Raging Bolt|Thunderclap|p2a: Calyrex
|-damage|p2a: Calyrex|44/100
|move|p2a: Calyrex|Astral Barrage|p1a: Raging Bolt|[spread] p1a,p1b
|-damage|p1a: Raging Bolt|0 fnt
|-damage|p1b: Groudon|60/100
|faint|p1a: Raging Bolt
|-end|p1a: Raging Bolt|Protosynthesis|[silent]
|-ability|p2a: Calyrex|Grim Neigh|boost
|-boost|p2a: Calyrex|spa|1
|move|p2b: Zamazenta|Body Press|p1b: Groudon
|-damage|p1b: Groudon|12/100
|move|p1b: Groudon|Precipice Blades|p2a: Calyrex|[spread] p2b
|-miss|p1b: Groudon|p2a: Calyrex
|-supereffective|p2b: Zamazenta
|-damage|p2b: Zamazenta|56/100
|
|-weather|SunnyDay|[upkeep]
|upkeep
|
|t:|1750742841
|switch|p1a: Gouging Fire|Gouging Fire, L50|100/100
|-activate|p1a: Gouging Fire|ability: Protosynthesis
|-start|p1a: Gouging Fire|protosynthesisspe
|turn|4
|inactive|Perjutsu24 has 30 seconds left.
|inactive|Perjutsu24 has 20 seconds left.
|
|t:|1750742877
|move|p2b: Zamazenta|Wide Guard|p2b: Zamazenta
|-singleturn|p2b: Zamazenta|Wide Guard
|move|p1a: Gouging Fire|Flare Blitz|p2b: Zamazenta
|-supereffective|p2b: Zamazenta
|-damage|p2b: Zamazenta|0 fnt
|faint|p2b: Zamazenta
|-damage|p1a: Gouging Fire|84/100|[from] Recoil
|move|p2a: Calyrex|Astral Barrage|p1b: Groudon|[spread] p1a,p1b
|-damage|p1a: Gouging Fire|0 fnt
|-damage|p1b: Groudon|0 fnt
|faint|p1a: Gouging Fire
|-end|p1a: Gouging Fire|Protosynthesis|[silent]
|faint|p1b: Groudon
|-ability|p2a: Calyrex|Grim Neigh|boost
|-boost|p2a: Calyrex|spa|2
|
|-weather|SunnyDay|[upkeep]
|upkeep
|c|☆Perjutsu24|Bruh
|c|☆Perjutsu24|Why
|c|☆Perjutsu24|Do you people
|c|☆Perjutsu24|Not do the obvious play
|inactive|Perjutsu24 has 30 seconds left.
|inactive|Perjutsu24 has 20 seconds left.
|inactive|Perjutsu24 has 15 seconds left.
|inactive|Perjutsu24 has 10 seconds left.
|
|t:|1750742923
|switch|p1b: Lunala|Lunala, L50, shiny|21/100
|turn|5
|
|t:|1750742928
|move|p1b: Lunala|Wide Guard|p1b: Lunala
|-singleturn|p1b: Lunala|Wide Guard
|move|p2a: Calyrex|Astral Barrage|p1b: Lunala
|-activate|p1b: Lunala|move: Wide Guard
|
|-weather|SunnyDay|[upkeep]
|upkeep
|turn|6
|
|t:|1750742940
|move|p1b: Lunala|Wide Guard|p1b: Lunala
|-singleturn|p1b: Lunala|Wide Guard
|move|p2a: Calyrex|Astral Barrage|p1b: Lunala
|-activate|p1b: Lunala|move: Wide Guard
|
|-weather|none
|upkeep
|turn|7
|
|t:|1750742952
|move|p1b: Lunala|Wide Guard|p1b: Lunala
|-singleturn|p1b: Lunala|Wide Guard
|move|p2a: Calyrex|Psychic|p1b: Lunala
|-resisted|p1b: Lunala
|-damage|p1b: Lunala|0 fnt
|faint|p1b: Lunala
|
|win|WhitePumpkin
|raw|Perjutsu24's rating: 1400 &rarr; <strong>1385</strong><br />(-15 for losing)
|raw|WhitePumpkin's rating: 1487 &rarr; <strong>1502</strong><br />(+15 for winning)
|l|☆WhitePumpkin
|player|p2|
|l|☆Perjutsu24
|player|p1|
