|j|☆nolemonnomelon
|j|☆DOAKZYN
|t:|1750710000
|gametype|doubles
|player|p1|nolemonnomelon|hilda|1537
|player|p2|DOAKZYN|266|1492
|teamsize|p1|6
|teamsize|p2|6
|gen|9
|tier|[Gen 9] VGC 2025 Reg I
|rated|
|rule|Species Clause: Limit one of each Pokémon
|rule|Item Clause: Limit 1 of each item
|clearpoke
|poke|p1|Kyogre, L50|
|poke|p1|Tornadus, L50, M|
|poke|p1|Incineroar, L50, F|
|poke|p1|Farigiraf, L50, M|
|poke|p1|Tinkaton, L50, F|
|poke|p1|Calyrex-Ice, L50|
|poke|p2|Kyogre, L50|
|poke|p2|Urshifu-*, L50, F|
|poke|p2|Tornadus, L50, M|
|poke|p2|Miraidon, L50|
|poke|p2|Ursaluna-Bloodmoon, L50, M|
|poke|p2|Farigiraf, L50, M|
|teampreview|4
|inactive|Battle timer is ON: inactive players will automatically lose when time's up. (requested by nolemonnomelon)
|inactive|nolemonnomelon has 60 seconds left.
|
|t:|1750710038
|start
|switch|p1a: Calyrex|Calyrex-Ice, L50|100/100
|switch|p1b: Tinkaton|Tinkaton, L50, F|100/100
|switch|p2a: Urshifu|Urshifu-Rapid-Strike, L50, F|100/100
|switch|p2b: Tornadus|Tornadus, L50, M|100/100
|-ability|p1a: Calyrex|As One
|-ability|p1a: Calyrex|Unnerve
|-ability|p1b: Tinkaton|Mold Breaker
|turn|1
|inactive|nolemonnomelon has 30 seconds left.
|
|t:|1750710068
|switch|p2b: Farigiraf|Farigiraf, L50, M|100/100
|-terastallize|p2a: Urshifu|Water
|-terastallize|p1a: Calyrex|Grass
|move|p1b: Tinkaton|Feint|p2a: Urshifu
|-damage|p2a: Urshifu|94/100
|move|p2a: Urshifu|Surging Strikes|p1a: Calyrex
|-resisted|p1a: Calyrex
|-crit|p1a: Calyrex
|-damage|p1a: Calyrex|87/100
|-resisted|p1a: Calyrex
|-crit|p1a: Calyrex
|-damage|p1a: Calyrex|73/100
|-resisted|p1a: Calyrex
|-crit|p1a: Calyrex
|-damage|p1a: Calyrex|58/100
|-hitcount|p1a: Calyrex|3
|move|p1a: Calyrex|Bullet Seed|p2a: Urshifu
|-supereffective|p2a: Urshifu
|-damage|p2a: Urshifu|56/100
|-supereffective|p2a: Urshifu
|-damage|p2a: Urshifu|20/100
|-supereffective|p2a: Urshifu
|-damage|p2a: Urshifu|0 fnt
|faint|p2a: Urshifu
|-ability|p1a: Calyrex|Chilling Neigh|boost
|-boost|p1a: Calyrex|atk|1
|-hitcount|p2: Urshifu|3
|
|upkeep
|c|☆nolemonnomelon|oh youre not as smart as i thought
|
|t:|1750710084
|switch|p2a: Tornadus|Tornadus, L50, M|100/100
|turn|2
|
|t:|1750710105
|move|p2a: Tornadus|Tailwind|p2a: Tornadus
|-sidestart|p2: DOAKZYN|move: Tailwind
|move|p2b: Farigiraf|Foul Play|p1a: Calyrex
|-damage|p1a: Calyrex|19/100
|move|p1b: Tinkaton|Gigaton Hammer|p2a: Tornadus
|-damage|p2a: Tornadus|27/100
|move|p1a: Calyrex|Glacial Lance|p2a: Tornadus|[spread] p2a,p2b
|-supereffective|p2a: Tornadus
|-damage|p2a: Tornadus|0 fnt
|-damage|p2b: Farigiraf|30/100
|faint|p2a: Tornadus
|-ability|p1a: Calyrex|Chilling Neigh|boost
|-boost|p1a: Calyrex|atk|1
|
|upkeep
|
|t:|1750710112
|switch|p2a: Miraidon|Miraidon, L50|100/100
|-fieldstart|move: Electric Terrain|[from] ability: Hadron Engine|[of] p2a: Miraidon
|turn|3
|inactive|nolemonnomelon has 30 seconds left.
|
|t:|1750710141
|switch|p1b: Farigiraf|Farigiraf, L50, M|100/100
|move|p2a: Miraidon|Electro Drift|p1b: Farigiraf
|-damage|p1b: Farigiraf|0 fnt
|-damage|p2a: Miraidon|84/100|[from] item: Rocky Helmet|[of] p1b: Farigiraf
|faint|p1b: Farigiraf
|move|p2b: Farigiraf|Foul Play|p1a: Calyrex
|-damage|p1a: Calyrex|0 fnt
|-enditem|p2b: Farigiraf|Sitrus Berry|[eat]
|-heal|p2b: Farigiraf|55/100|[from] item: Sitrus Berry
|faint|p1a: Calyrex
|
|upkeep
|
|t:|1750710147
|switch|p1b: Kyogre|Kyogre, L50|100/100
|switch|p1a: Tinkaton|Tinkaton, L50, F|100/100
|-ability|p1a: Tinkaton|Mold Breaker
|-weather|RainDance|[from] ability: Drizzle|[of] p1b: Kyogre
|turn|4
|
|t:|1750710154
|move|p1a: Tinkaton|Fake Out|p2a: Miraidon
|-damage|p2a: Miraidon|76/100
|cant|p2a: Miraidon|flinch
|move|p2b: Farigiraf|Foul Play|p1b: Kyogre
|-damage|p1b: Kyogre|83/100
|move|p1b: Kyogre|Water Spout|p2b: Farigiraf|[spread] p2a,p2b
|-resisted|p2a: Miraidon
|-damage|p2a: Miraidon|18/100
|-damage|p2b: Farigiraf|0 fnt
|faint|p2b: Farigiraf
|
|-weather|RainDance|[upkeep]
|upkeep
|turn|5
|
|t:|1750710165
|move|p2a: Miraidon|Electro Drift|p1b: Kyogre
|-supereffective|p1b: Kyogre
|-damage|p1b: Kyogre|0 fnt
|faint|p1b: Kyogre
|move|p1a: Tinkaton|Play Rough|p2a: Miraidon
|-supereffective|p2a: Miraidon
|-damage|p2a: Miraidon|0 fnt
|faint|p2a: Miraidon
|
|win|nolemonnomelon
|raw|nolemonnomelon's rating: 1537 &rarr; <strong>1554</strong><br />(+17 for winning)
|raw|DOAKZYN's rating: 1492 &rarr; <strong>1475</strong><br />(-17 for losing)
|c|☆nolemonnomelon|gg
|l|☆DOAKZYN
|player|p2|
|l|☆nolemonnomelon
|player|p1|
