|j|☆johnkharkiv
|j|☆GreasyHandz
|t:|1750760294
|gametype|doubles
|player|p1|johnkharkiv|swimmerf-gen4dp|1137
|player|p2|GreasyHandz|102|1096
|teamsize|p1|6
|teamsize|p2|6
|gen|9
|tier|[Gen 9] VGC 2025 Reg I
|rated|
|rule|Species Clause: Limit one of each Pokémon
|rule|Item Clause: Limit 1 of each item
|clearpoke
|poke|p1|Ho-Oh, L50|
|poke|p1|Annihilape, L50, F|
|poke|p1|Electivire, L50, F|
|poke|p1|Whimsicott, L50, F|
|poke|p1|Indeedee-F, L50, F|
|poke|p1|Miraidon, L50|
|poke|p2|Zamazenta-*, L50|
|poke|p2|Calyrex-Shadow, L50|
|poke|p2|Incineroar, L50, F|
|poke|p2|Rillaboom, L50, M|
|poke|p2|Urshifu-*, L50, F|
|poke|p2|Whimsicott, L50, F|
|teampreview|4
|inactive|Battle timer is ON: inactive players will automatically lose when time's up. (requested by johnkharkiv)
|
|t:|1750760311
|start
|switch|p1a: Annihilape|Annihilape, L50, F, shiny|100/100
|switch|p1b: Whimsicott|Whimsicott, L50, F, shiny|100/100
|switch|p2a: Incineroar|Incineroar, L50, F|100/100
|switch|p2b: Calyrex|Calyrex-Shadow, L50|100/100
|-ability|p2b: Calyrex|As One
|-ability|p2b: Calyrex|Unnerve
|-ability|p2a: Incineroar|Intimidate|boost
|-unboost|p1a: Annihilape|atk|1
|-ability|p1a: Annihilape|Defiant|boost
|-boost|p1a: Annihilape|atk|2
|-unboost|p1b: Whimsicott|atk|1
|turn|1
|inactive|GreasyHandz has 30 seconds left.
|
|t:|1750760341
|move|p1a: Annihilape|Shadow Claw|p2b: Calyrex
|-supereffective|p2b: Calyrex
|-enditem|p2b: Calyrex|Focus Sash
|-damage|p2b: Calyrex|1/100
|move|p2b: Calyrex|Nasty Plot|p2b: Calyrex
|-boost|p2b: Calyrex|spa|2
|move|p1b: Whimsicott|Dazzling Gleam|p2b: Calyrex|[spread] p2a,p2b
|-damage|p2a: Incineroar|87/100
|-damage|p2b: Calyrex|0 fnt
|faint|p2b: Calyrex
|move|p2a: Incineroar|Knock Off|p1a: Annihilape
|-damage|p1a: Annihilape|63/100
|-enditem|p1a: Annihilape|Choice Scarf|[from] move: Knock Off|[of] p2a: Incineroar
|
|upkeep
|
|t:|1750760358
|switch|p2b: Zamazenta|Zamazenta-Crowned, L50, shiny|100/100
|-ability|p2b: Zamazenta|Dauntless Shield|boost
|-boost|p2b: Zamazenta|def|1
|turn|2
|
|t:|1750760376
|-terastallize|p2b: Zamazenta|Dragon
|move|p1b: Whimsicott|Tailwind|p1b: Whimsicott
|-sidestart|p1: johnkharkiv|move: Tailwind
|move|p1a: Annihilape|Brick Break|p2a: Incineroar
|-supereffective|p2a: Incineroar
|-damage|p2a: Incineroar|26/100
|move|p2b: Zamazenta|Heavy Slam|p1b: Whimsicott
|-supereffective|p1b: Whimsicott
|-damage|p1b: Whimsicott|18/100
|move|p2a: Incineroar|Knock Off|p1a: Annihilape
|-damage|p1a: Annihilape|36/100
|
|upkeep
|turn|3
|inactive|GreasyHandz has 30 seconds left.
|
|t:|1750760403
|switch|p2a: Whimsicott|Whimsicott, L50, F, shiny|100/100
|move|p2b: Zamazenta|Protect|p2b: Zamazenta
|-singleturn|p2b: Zamazenta|Protect
|move|p1b: Whimsicott|Encore|p2b: Zamazenta
|-activate|p2b: Zamazenta|move: Protect
|move|p1a: Annihilape|Brick Break|p2a: Whimsicott
|-resisted|p2a: Whimsicott
|-damage|p2a: Whimsicott|76/100
|
|upkeep
|turn|4
|
|t:|1750760424
|switch|p2b: Incineroar|Incineroar, L50, F|26/100
|-ability|p2b: Incineroar|Intimidate|boost
|-unboost|p1a: Annihilape|atk|1
|-ability|p1a: Annihilape|Defiant|boost
|-boost|p1a: Annihilape|atk|2
|-unboost|p1b: Whimsicott|atk|1
|-terastallize|p1b: Whimsicott|Dark
|move|p1b: Whimsicott|Encore|p2b: Incineroar
|-hint|Since gen 7, Dark is immune to Prankster moves.
|-immune|p2b: Incineroar
|move|p2a: Whimsicott|Tailwind|p2a: Whimsicott
|-sidestart|p2: GreasyHandz|move: Tailwind
|move|p1a: Annihilape|Endeavor|p2b: Incineroar
|-immune|p2b: Incineroar
|
|upkeep
|turn|5
|inactive|GreasyHandz has 30 seconds left.
|
|t:|1750760450
|move|p2b: Incineroar|Fake Out|p1b: Whimsicott
|-damage|p1b: Whimsicott|8/100
|move|p1b: Whimsicott|Encore|p2a: Whimsicott
|-start|p2a: Whimsicott|Encore
|move|p2a: Whimsicott|Tailwind||[still]
|-fail|p2a: Whimsicott
|move|p1a: Annihilape|Endeavor|p2a: Whimsicott
|-damage|p2a: Whimsicott|50/100
|
|-sideend|p1: johnkharkiv|move: Tailwind
|upkeep
|turn|6
|
|t:|1750760469
|switch|p2a: Zamazenta|Zamazenta-Crowned, L50, shiny, tera:Dragon|100/100
|move|p1b: Whimsicott|Tailwind|p1b: Whimsicott
|-sidestart|p1: johnkharkiv|move: Tailwind
|move|p1a: Annihilape|Brick Break|p2b: Incineroar
|-supereffective|p2b: Incineroar
|-damage|p2b: Incineroar|0 fnt
|faint|p2b: Incineroar
|
|upkeep
|
|t:|1750760478
|switch|p2b: Whimsicott|Whimsicott, L50, F, shiny|50/100
|turn|7
|
|t:|1750760493
|move|p2b: Whimsicott|Protect|p2b: Whimsicott
|-singleturn|p2b: Whimsicott|Protect
|move|p1b: Whimsicott|Sunny Day|p1b: Whimsicott
|-weather|SunnyDay
|move|p2a: Zamazenta|Heavy Slam|p1a: Annihilape
|-damage|p1a: Annihilape|0 fnt
|faint|p1a: Annihilape
|
|-weather|SunnyDay|[upkeep]
|-sideend|p2: GreasyHandz|move: Tailwind
|upkeep
|
|t:|1750760505
|switch|p1a: Ho-Oh|Ho-Oh, L50, shiny|100/100
|turn|8
|
|t:|1750760529
|move|p1b: Whimsicott|Encore|p2a: Zamazenta
|-start|p2a: Zamazenta|Encore
|move|p2b: Whimsicott|Tailwind|p2b: Whimsicott
|-sidestart|p2: GreasyHandz|move: Tailwind
|move|p2a: Zamazenta|Heavy Slam|p1a: Ho-Oh
|-resisted|p1a: Ho-Oh
|-damage|p1a: Ho-Oh|84/100
|move|p1a: Ho-Oh|Flame Charge|p2b: Whimsicott
|-supereffective|p2b: Whimsicott
|-damage|p2b: Whimsicott|0 fnt
|-boost|p1a: Ho-Oh|spe|1
|faint|p2b: Whimsicott
|
|-weather|SunnyDay|[upkeep]
|upkeep
|turn|9
|
|t:|1750760551
|move|p1a: Ho-Oh|Flame Charge|p2a: Zamazenta
|-resisted|p2a: Zamazenta
|-damage|p2a: Zamazenta|88/100
|-boost|p1a: Ho-Oh|spe|1
|move|p2a: Zamazenta|Heavy Slam|p1b: Whimsicott
|-damage|p1b: Whimsicott|0 fnt
|faint|p1b: Whimsicott
|
|-weather|SunnyDay|[upkeep]
|-sideend|p1: johnkharkiv|move: Tailwind
|upkeep
|
|t:|1750760557
|switch|p1b: Indeedee|Indeedee-F, L50, F, shiny|100/100
|-fieldstart|move: Psychic Terrain|[from] ability: Psychic Surge|[of] p1b: Indeedee
|turn|10
|
|t:|1750760567
|move|p1b: Indeedee|Follow Me|p1b: Indeedee
|-singleturn|p1b: Indeedee|move: Follow Me
|move|p2a: Zamazenta|Heavy Slam|p1b: Indeedee
|-crit|p1b: Indeedee
|-damage|p1b: Indeedee|32/100
|-damage|p2a: Zamazenta|72/100|[from] item: Rocky Helmet|[of] p1b: Indeedee
|move|p1a: Ho-Oh|Sacred Fire|p2a: Zamazenta
|-resisted|p2a: Zamazenta
|-damage|p2a: Zamazenta|48/100
|
|-weather|SunnyDay|[upkeep]
|-end|p2a: Zamazenta|Encore
|upkeep
|turn|11
|
|t:|1750760584
|move|p1b: Indeedee|Follow Me|p1b: Indeedee
|-singleturn|p1b: Indeedee|move: Follow Me
|move|p2a: Zamazenta|Body Press|p1b: Indeedee
|-damage|p1b: Indeedee|0 fnt
|-damage|p2a: Zamazenta|32/100|[from] item: Rocky Helmet|[of] p1b: Indeedee
|faint|p1b: Indeedee
|move|p1a: Ho-Oh|Sacred Fire|p2a: Zamazenta
|-resisted|p2a: Zamazenta
|-damage|p2a: Zamazenta|8/100
|-status|p2a: Zamazenta|brn
|
|-weather|none
|-damage|p2a: Zamazenta|2/100 brn|[from] brn
|-sideend|p2: GreasyHandz|move: Tailwind
|upkeep
|turn|12
|
|t:|1750760598
|move|p1a: Ho-Oh|Earthquake|p2a: Zamazenta
|-damage|p2a: Zamazenta|0 fnt
|faint|p2a: Zamazenta
|
|win|johnkharkiv
|raw|johnkharkiv's rating: 1115 &rarr; <strong>1139</strong><br />(+24 for winning)
|raw|GreasyHandz's rating: 1096 &rarr; <strong>1073</strong><br />(-23 for losing)
|l|☆GreasyHandz
|player|p2|
