|j|☆Tavmor
|j|☆crackpot76
|t:|1750824861
|gametype|doubles
|player|p1|Tavmor|veteran|1115
|player|p2|crackpot76|169|1121
|teamsize|p1|6
|teamsize|p2|6
|gen|9
|tier|[Gen 9] VGC 2025 Reg I
|rated|
|rule|Species Clause: Limit one of each Pokémon
|rule|Item Clause: Limit 1 of each item
|clearpoke
|poke|p1|Calyrex-Ice, L50|
|poke|p1|Zacian-*, L50|
|poke|p1|Incineroar, L50, F|
|poke|p1|Rillaboom, L50, M|
|poke|p1|Urshifu-*, L50, M|
|poke|p1|Archaludon, L50, M|
|poke|p2|Miraidon, L50|
|poke|p2|Whimsicott, L50, F|
|poke|p2|Urshifu-*, L50, F|
|poke|p2|Ogerpon-Hearthflame, L50, F|
|poke|p2|Farigiraf, L50, F|
|poke|p2|Iron Hands, L50|
|teampreview|4
|inactive|Battle timer is ON: inactive players will automatically lose when time's up. (requested by crackpot76)
|inactive|crackpot76 has 60 seconds left.
|
|t:|1750824899
|start
|switch|p1a: Rillaboom|Rillaboom, L50, M|100/100
|switch|p1b: Archaludon|Archaludon, L50, M|100/100
|switch|p2a: Farigiraf|Farigiraf, L50, F|100/100
|switch|p2b: Ogerpon|Ogerpon-Hearthflame, L50, F|100/100
|-ability|p2b: Ogerpon|Mold Breaker
|-fieldstart|move: Grassy Terrain|[from] ability: Grassy Surge|[of] p1a: Rillaboom
|turn|1
|inactive|Tavmor has 30 seconds left.
|inactive|crackpot76 has 30 seconds left.
|inactive|crackpot76 has 20 seconds left.
|
|t:|1750824938
|move|p2a: Farigiraf|Helping Hand|p2b: Ogerpon
|-singleturn|p2b: Ogerpon|Helping Hand|[of] p2a: Farigiraf
|move|p2b: Ogerpon|Ivy Cudgel|p1a: Rillaboom|[anim] Ivy Cudgel Fire
|-supereffective|p1a: Rillaboom
|-damage|p1a: Rillaboom|0 fnt
|faint|p1a: Rillaboom
|move|p1b: Archaludon|Draco Meteor|p2b: Ogerpon
|-damage|p2b: Ogerpon|30/100
|-unboost|p1b: Archaludon|spa|2
|
|-heal|p2b: Ogerpon|36/100|[from] Grassy Terrain
|upkeep
|
|t:|1750824951
|switch|p1a: Zacian|Zacian-Crowned, L50|100/100
|-ability|p1a: Zacian|Intrepid Sword|boost
|-boost|p1a: Zacian|atk|1
|turn|2
|inactive|crackpot76 has 30 seconds left.
|
|t:|1750824981
|switch|p1b: Calyrex|Calyrex-Ice, L50|100/100
|-ability|p1b: Calyrex|As One
|-ability|p1b: Calyrex|Unnerve
|move|p2b: Ogerpon|Spiky Shield|p2b: Ogerpon
|-singleturn|p2b: Ogerpon|move: Protect
|move|p1a: Zacian|Behemoth Blade|p2b: Ogerpon
|-activate|p2b: Ogerpon|move: Protect
|-damage|p1a: Zacian|89/100|[from] Spiky Shield|[of] p2b: Ogerpon
|move|p2a: Farigiraf|Foul Play|p1a: Zacian
|-resisted|p1a: Zacian
|-damage|p1a: Zacian|61/100
|
|-heal|p1a: Zacian|67/100|[from] Grassy Terrain
|-heal|p2b: Ogerpon|42/100|[from] Grassy Terrain
|upkeep
|turn|3
|inactive|Tavmor has 30 seconds left.
|inactive|crackpot76 has 30 seconds left.
|inactive|crackpot76 has 20 seconds left.
|
|t:|1750825025
|move|p1a: Zacian|Behemoth Blade|p2b: Ogerpon
|-resisted|p2b: Ogerpon
|-damage|p2b: Ogerpon|0 fnt
|faint|p2b: Ogerpon
|move|p2a: Farigiraf|Foul Play|p1b: Calyrex
|-supereffective|p1b: Calyrex
|-damage|p1b: Calyrex|62/100
|move|p1b: Calyrex|Glacial Lance|p2a: Farigiraf
|-damage|p2a: Farigiraf|52/100
|
|-heal|p1a: Zacian|73/100|[from] Grassy Terrain
|-heal|p2a: Farigiraf|58/100|[from] Grassy Terrain
|-heal|p1b: Calyrex|68/100|[from] Grassy Terrain
|-heal|p1b: Calyrex|73/100|[from] item: Leftovers
|upkeep
|
|t:|1750825046
|switch|p2b: Iron Hands|Iron Hands, L50|100/100
|turn|4
|inactive|crackpot76 has 30 seconds left.
|inactive|Tavmor has 30 seconds left.
|
|t:|1750825081
|move|p2b: Iron Hands|Fake Out|p1a: Zacian
|-resisted|p1a: Zacian
|-damage|p1a: Zacian|65/100
|cant|p1a: Zacian|flinch
|move|p2a: Farigiraf|Foul Play|p1b: Calyrex
|-supereffective|p1b: Calyrex
|-damage|p1b: Calyrex|35/100
|move|p1b: Calyrex|Glacial Lance|p2a: Farigiraf|[spread] p2a,p2b
|-damage|p2a: Farigiraf|19/100
|-damage|p2b: Iron Hands|68/100
|
|-heal|p1a: Zacian|71/100|[from] Grassy Terrain
|-heal|p2a: Farigiraf|25/100|[from] Grassy Terrain
|-heal|p1b: Calyrex|41/100|[from] Grassy Terrain
|-heal|p2b: Iron Hands|74/100|[from] Grassy Terrain
|-heal|p1b: Calyrex|46/100|[from] item: Leftovers
|upkeep
|turn|5
|inactive|Tavmor has 30 seconds left.
|inactive|crackpot76 has 30 seconds left.
|inactive|crackpot76 has 20 seconds left.
|inactive|crackpot76 has 15 seconds left.
|inactive|crackpot76 has 10 seconds left.
|inactive|crackpot76 has 5 seconds left.
|
|t:|1750825136
|move|p1b: Calyrex|Protect|p1b: Calyrex
|-singleturn|p1b: Calyrex|Protect
|move|p1a: Zacian|Play Rough|p2b: Iron Hands
|-supereffective|p2b: Iron Hands
|-damage|p2b: Iron Hands|0 fnt
|faint|p2b: Iron Hands
|-end|p2b: Iron Hands|Quark Drive|[silent]
|move|p2a: Farigiraf|Foul Play|p1a: Zacian
|-resisted|p1a: Zacian
|-damage|p1a: Zacian|45/100
|
|-heal|p1a: Zacian|51/100|[from] Grassy Terrain
|-heal|p2a: Farigiraf|31/100|[from] Grassy Terrain
|-heal|p1b: Calyrex|52/100|[from] Grassy Terrain
|-heal|p1b: Calyrex|58/100|[from] item: Leftovers
|-fieldend|move: Grassy Terrain
|upkeep
|
|t:|1750825151
|switch|p2b: Miraidon|Miraidon, L50|100/100
|-fieldstart|move: Electric Terrain|[from] ability: Hadron Engine|[of] p2b: Miraidon
|-enditem|p2a: Farigiraf|Electric Seed
|-boost|p2a: Farigiraf|def|1|[from] item: Electric Seed
|turn|6
|inactive|Tavmor has 30 seconds left.
|inactive|crackpot76 has 30 seconds left.
|inactive|crackpot76 has 20 seconds left.
|
|t:|1750825188
|-terastallize|p1a: Zacian|Fairy
|move|p1a: Zacian|Play Rough|p2b: Miraidon
|-supereffective|p2b: Miraidon
|-damage|p2b: Miraidon|0 fnt
|faint|p2b: Miraidon
|move|p2a: Farigiraf|Foul Play|p1b: Calyrex
|-supereffective|p1b: Calyrex
|-damage|p1b: Calyrex|24/100
|move|p1b: Calyrex|Leech Seed|p2a: Farigiraf
|-start|p2a: Farigiraf|move: Leech Seed
|
|-heal|p1b: Calyrex|30/100|[from] item: Leftovers
|-damage|p2a: Farigiraf|19/100|[from] Leech Seed|[of] p1b: Calyrex
|-heal|p1b: Calyrex|43/100|[silent]
|upkeep
|turn|7
|
|t:|1750825209
|move|p1a: Zacian|Play Rough|p2a: Farigiraf
|-damage|p2a: Farigiraf|0 fnt
|faint|p2a: Farigiraf
|
|win|Tavmor
|raw|Tavmor's rating: 1115 &rarr; <strong>1140</strong><br />(+25 for winning)
|raw|crackpot76's rating: 1121 &rarr; <strong>1096</strong><br />(-25 for losing)
|l|☆Tavmor
|player|p1|
