|j|☆drakkulll
|j|☆Yoshimitsu Kaidou
|t:|1750858286
|gametype|doubles
|player|p1|drakkulll|giovanni|1191
|player|p2|Yoshimitsu Kaidou|drayden|1171
|teamsize|p1|6
|teamsize|p2|6
|gen|9
|tier|[Gen 9] VGC 2025 Reg I
|rated|
|rule|Species Clause: Limit one of each Pokémon
|rule|Item Clause: Limit 1 of each item
|clearpoke
|poke|p1|Mightyena, L50, M|
|poke|p1|Lunala, L50|
|poke|p1|Groudon, L50|
|poke|p1|Raging Bolt, L50|
|poke|p1|Chi-Yu, L50|
|poke|p1|Rillaboom, L50, F|
|poke|p2|Regice, L50|
|poke|p2|Grimmsnarl, L50, M|
|poke|p2|Ninetales-Alola, L50, F|
|poke|p2|Ogerpon-Wellspring, L50, F|
|poke|p2|Landorus, L50, M|
|poke|p2|Urshifu-*, L50, M|
|teampreview|4
|inactive|Battle timer is ON: inactive players will automatically lose when time's up. (requested by drakkulll)
|
|t:|1750858316
|start
|switch|p1a: Jesus|Lunala, L50|100/100
|switch|p1b: Nemo|Chi-Yu, L50|100/100
|switch|p2a: Regice|Regice, L50, shiny|100/100
|switch|p2b: Grimmsnarl|Grimmsnarl, L50, M, shiny|100/100
|-ability|p1b: Nemo|Beads of Ruin
|turn|1
|
|t:|1750858341
|move|p2a: Regice|Protect|p2a: Regice
|-singleturn|p2a: Regice|Protect
|move|p2b: Grimmsnarl|Light Screen|p2b: Grimmsnarl
|-sidestart|p2: Yoshimitsu Kaidou|move: Light Screen
|move|p1b: Nemo|Heat Wave|p2b: Grimmsnarl|[spread] p2b
|-activate|p2a: Regice|move: Protect
|-damage|p2b: Grimmsnarl|73/100
|move|p1a: Jesus|Trick Room|p1a: Jesus
|-fieldstart|move: Trick Room|[of] p1a: Jesus
|
|upkeep
|turn|2
|l|☆drakkulll
|inactive|drakkulll disconnected and has a minute to reconnect!
|player|p1|
|inactive|drakkulll has 30 seconds left.
|inactive|Yoshimitsu Kaidou has 30 seconds left.
|inactive|drakkulll has 20 seconds left.
|inactive|drakkulll has 15 seconds left.
|inactive|drakkulll has 10 seconds left.
|j|☆drakkulll
|inactive|drakkulll reconnected and has 10 seconds left.
|player|p1|drakkulll|giovanni|
|inactive|drakkulll has 5 seconds left.
|
|t:|1750858396
|move|p2b: Grimmsnarl|Sucker Punch|p1a: Jesus
|-supereffective|p1a: Jesus
|-damage|p1a: Jesus|57/100
|move|p2a: Regice|Blizzard|p1b: Nemo|[spread] p1b
|-miss|p2a: Regice|p1a: Jesus
|-resisted|p1b: Nemo
|-damage|p1b: Nemo|88/100
|move|p1a: Jesus|Meteor Beam||[still]
|-prepare|p1a: Jesus|Meteor Beam
|-boost|p1a: Jesus|spa|1
|-enditem|p1a: Jesus|Power Herb
|-anim|p1a: Jesus|Meteor Beam|p2b: Grimmsnarl
|-damage|p2b: Grimmsnarl|25/100
|move|p1b: Nemo|Heat Wave|p2b: Grimmsnarl|[spread] p2a,p2b
|-supereffective|p2a: Regice
|-damage|p2a: Regice|70/100
|-damage|p2b: Grimmsnarl|0 fnt
|faint|p2b: Grimmsnarl
|
|-heal|p2a: Regice|76/100|[from] item: Leftovers
|upkeep
|
|t:|1750858429
|switch|p2b: Urshifu|Urshifu-Rapid-Strike, L50, M|100/100
|turn|3
|
|t:|1750858444
|-terastallize|p2b: Urshifu|Water
|move|p2a: Regice|Protect|p2a: Regice
|-singleturn|p2a: Regice|Protect
|move|p1a: Jesus|Moongeist Beam|p2b: Urshifu
|-damage|p2b: Urshifu|0 fnt
|faint|p2b: Urshifu
|move|p1b: Nemo|Heat Wave|p2a: Regice
|-activate|p2a: Regice|move: Protect
|
|-heal|p2a: Regice|82/100|[from] item: Leftovers
|upkeep
|
|t:|1750858460
|switch|p2b: Ninetales|Ninetales-Alola, L50, F, shiny|100/100
|-weather|Snowscape|[from] ability: Snow Warning|[of] p2b: Ninetales
|turn|4
|
|t:|1750858481
|move|p1a: Jesus|Wide Guard|p1a: Jesus
|-singleturn|p1a: Jesus|Wide Guard
|move|p2a: Regice|Body Press|p1b: Nemo
|-supereffective|p1b: Nemo
|-damage|p1b: Nemo|36/100
|move|p1b: Nemo|Heat Wave|p2a: Regice|[spread] p2a,p2b
|-supereffective|p2a: Regice
|-supereffective|p2b: Ninetales
|-damage|p2a: Regice|52/100
|-damage|p2b: Ninetales|9/100
|move|p2b: Ninetales|Blizzard|p1a: Jesus|[spread] 
|-activate|p1a: Jesus|move: Wide Guard
|-activate|p1b: Nemo|move: Wide Guard
|
|-weather|Snowscape|[upkeep]
|-heal|p2a: Regice|58/100|[from] ability: Ice Body
|-heal|p2a: Regice|64/100|[from] item: Leftovers
|upkeep
|turn|5
|inactive|Yoshimitsu Kaidou has 30 seconds left.
|
|t:|1750858510
|move|p1b: Nemo|Protect|p1b: Nemo
|-singleturn|p1b: Nemo|Protect
|move|p2a: Regice|Body Press|p1b: Nemo
|-activate|p1b: Nemo|move: Protect
|move|p1a: Jesus|Moongeist Beam|p2b: Ninetales
|-damage|p2b: Ninetales|0 fnt
|faint|p2b: Ninetales
|
|-weather|Snowscape|[upkeep]
|-heal|p2a: Regice|69/100|[from] ability: Ice Body
|-heal|p2a: Regice|75/100|[from] item: Leftovers
|-fieldend|move: Trick Room
|upkeep
|turn|6
|
|t:|1750858533
|-terastallize|p1b: Nemo|Ghost
|move|p2a: Regice|Protect|p2a: Regice
|-singleturn|p2a: Regice|Protect
|move|p1b: Nemo|Heat Wave|p2a: Regice
|-activate|p2a: Regice|move: Protect
|move|p1a: Jesus|Meteor Beam||[still]
|-prepare|p1a: Jesus|Meteor Beam
|-boost|p1a: Jesus|spa|1
|
|-weather|Snowscape|[upkeep]
|-heal|p2a: Regice|81/100|[from] ability: Ice Body
|-heal|p2a: Regice|87/100|[from] item: Leftovers
|upkeep
|turn|7
|
|t:|1750858553
|move|p1b: Nemo|Heat Wave|p2a: Regice
|-supereffective|p2a: Regice
|-damage|p2a: Regice|46/100
|move|p1a: Jesus|Meteor Beam|p2a: Regice|[from] lockedmove
|-supereffective|p2a: Regice
|-damage|p2a: Regice|0 fnt
|faint|p2a: Regice
|
|win|drakkulll
|raw|drakkulll's rating: 1191 &rarr; <strong>1215</strong><br />(+24 for winning)
|raw|Yoshimitsu Kaidou's rating: 1171 &rarr; <strong>1147</strong><br />(-24 for losing)
|l|☆Yoshimitsu Kaidou
|player|p2|
|l|☆drakkulll
|player|p1|
