|j|☆Kyukonien
|j|☆NegaiFreak
|t:|1750794200
|gametype|doubles
|player|p1|Kyukonien|265|1367
|player|p2|NegaiFreak|169|1370
|teamsize|p1|6
|teamsize|p2|6
|gen|9
|tier|[Gen 9] VGC 2025 Reg I
|rated|
|rule|Species Clause: Limit one of each Pokémon
|rule|Item Clause: Limit 1 of each item
|clearpoke
|poke|p1|Calyrex-Shadow, L50|
|poke|p1|Terapagos, L50, M|
|poke|p1|Incineroar, L50, F|
|poke|p1|Ogerpon-Cornerstone, L50, F|
|poke|p1|Rillaboom, L50, F|
|poke|p1|Amoonguss, L50, M|
|poke|p2|Lunala, L50|
|poke|p2|Koraidon, L50|
|poke|p2|Flutter Mane, L50|
|poke|p2|Farigiraf, L50, F|
|poke|p2|Incineroar, L50, M|
|poke|p2|Rillaboom, L50, F|
|teampreview|4
NegaiFreak has agreed to open team sheets.
|c|☆NegaiFreak|GLHF
|c|☆Kyukonien|GLHF :D
Kyukonien has agreed to open team sheets.
|showteam|p1|Calyrex-Shadow||FocusSash|AsOneSpectrier|Protect,AstralBarrage,Encore,Disable||||||50|,,,,,Ghost]Terapagos||Leftovers|TeraShift|Protect,TeraStarstorm,EarthPower,CalmMind|||M|||50|,,,,,Stellar]Incineroar||SafetyGoggles|Intimidate|KnockOff,FlareBlitz,PartingShot,FakeOut|||F|||50|,,,,,Water]Ogerpon-Cornerstone||CornerstoneMask|Sturdy|SpikyShield,IvyCudgel,KnockOff,FollowMe|||F|||50|,,,,,Rock]Rillaboom||AssaultVest|GrassySurge|GrassyGlide,WoodHammer,Uturn,FakeOut|||F|||50|,,,,,Fire]Amoonguss||RockyHelmet|Regenerator|Protect,PollenPuff,Spore,RagePowder|||M|||50|,,,,,Water
|showteam|p2|Lunala||Leftovers|ShadowShield|MoongeistBeam,CalmMind,Protect,Moonblast||||||50|,,,,,Water]Koraidon||LifeOrb|OrichalcumPulse|FlameCharge,CloseCombat,FlareBlitz,Protect||||||50|,,,,,Fire]Flutter Mane||FocusSash|Protosynthesis|Moonblast,ShadowBall,IcyWind,Protect||||||50|,,,,,Fairy]Farigiraf||ThroatSpray|ArmorTail|TrickRoom,Psychic,HelpingHand,HyperVoice|||F|||50|,,,,,Water]Incineroar||SafetyGoggles|Intimidate|FakeOut,FlareBlitz,KnockOff,PartingShot|||M|||50|,,,,,Ghost]Rillaboom||AssaultVest|GrassySurge|FakeOut,GrassyGlide,WoodHammer,Uturn|||F|||50|,,,,,Fire
|c|☆NegaiFreak|Kinda in a bit of a crash out, so forgive me if I act rude
|
|t:|1750794253
|start
|switch|p1a: Incineroar|Incineroar, L50, F|100/100
|switch|p1b: Amoonguss|Amoonguss, L50, M|100/100
|switch|p2a: Incineroar|Incineroar, L50, M|100/100
|switch|p2b: Lunala|Lunala, L50|100/100
|-ability|p2a: Incineroar|Intimidate|boost
|-unboost|p1a: Incineroar|atk|1
|-unboost|p1b: Amoonguss|atk|1
|-ability|p1a: Incineroar|Intimidate|boost
|-unboost|p2a: Incineroar|atk|1
|-unboost|p2b: Lunala|atk|1
|turn|1
|c|☆Kyukonien|Damn no worries :D
|c|☆Kyukonien|Had so many people tell me I suck today
|c|☆Kyukonien|shit happens
|c|☆NegaiFreak|Yikes
|c|☆NegaiFreak|That sounds rough
|
|t:|1750794325
|-terastallize|p2b: Lunala|Water
|move|p2a: Incineroar|Fake Out|p1b: Amoonguss
|-damage|p1b: Amoonguss|94/100
|-damage|p2a: Incineroar|84/100|[from] item: Rocky Helmet|[of] p1b: Amoonguss
|move|p2b: Lunala|Calm Mind|p2b: Lunala
|-boost|p2b: Lunala|spa|1
|-boost|p2b: Lunala|spd|1
|move|p1a: Incineroar|Knock Off|p2b: Lunala
|-damage|p2b: Lunala|91/100
|-enditem|p2b: Lunala|Leftovers|[from] move: Knock Off|[of] p1a: Incineroar
|cant|p1b: Amoonguss|flinch
|
|upkeep
|turn|2
|
|t:|1750794345
|move|p2b: Lunala|Moongeist Beam|p1b: Amoonguss
|-crit|p1b: Amoonguss
|-damage|p1b: Amoonguss|0 fnt
|faint|p1b: Amoonguss
|move|p2a: Incineroar|Flare Blitz|p1a: Incineroar
|-resisted|p1a: Incineroar
|-damage|p1a: Incineroar|88/100
|-damage|p2a: Incineroar|80/100|[from] Recoil
|move|p1a: Incineroar|Parting Shot|p2b: Lunala
|-unboost|p2b: Lunala|atk|1
|-unboost|p2b: Lunala|spa|1
|c|☆Kyukonien|Oh it's okay, I just started playing VGC either way
|
|t:|1750794357
|switch|p1a: Ogerpon|Ogerpon-Cornerstone, L50, F|100/100|[from] Parting Shot
|
|upkeep
|
|t:|1750794359
|switch|p1b: Incineroar|Incineroar, L50, F|88/100
|-ability|p1b: Incineroar|Intimidate|boost
|-unboost|p2a: Incineroar|atk|1
|-unboost|p2b: Lunala|atk|1
|turn|3
|
|t:|1750794369
|switch|p2a: Farigiraf|Farigiraf, L50, F|100/100
|move|p2b: Lunala|Protect|p2b: Lunala
|-singleturn|p2b: Lunala|Protect
|move|p1b: Incineroar|Fake Out||[still]
|cant|p2a: Farigiraf|ability: Armor Tail|Fake Out|[of] p1b: Incineroar
|move|p1a: Ogerpon|Ivy Cudgel|p2a: Farigiraf|[anim] Ivy Cudgel Rock
|-damage|p2a: Farigiraf|52/100
|
|upkeep
|turn|4
|
|t:|1750794389
|switch|p2b: Koraidon|Koraidon, L50|100/100
|-weather|SunnyDay|[from] ability: Orichalcum Pulse|[of] p2b: Koraidon
|-activate|p2b: Koraidon|Orichalcum Pulse|[source]
|switch|p2a: Incineroar|Incineroar, L50, M|80/100
|-ability|p2a: Incineroar|Intimidate|boost
|-unboost|p1a: Ogerpon|atk|1
|-unboost|p1b: Incineroar|atk|1
|move|p1a: Ogerpon|Ivy Cudgel|p2b: Koraidon|[anim] Ivy Cudgel Rock
|-resisted|p2b: Koraidon
|-damage|p2b: Koraidon|82/100
|move|p1b: Incineroar|Parting Shot|p2b: Koraidon
|-unboost|p2b: Koraidon|atk|1
|-unboost|p2b: Koraidon|spa|1
|
|t:|1750794401
|switch|p1b: Calyrex|Calyrex-Shadow, L50|100/100|[from] Parting Shot
|-ability|p1b: Calyrex|As One
|-ability|p1b: Calyrex|Unnerve
|
|-weather|SunnyDay|[upkeep]
|upkeep
|turn|5
|
|t:|1750794416
|switch|p2b: Farigiraf|Farigiraf, L50, F|52/100
|-terastallize|p1b: Calyrex|Ghost
|move|p1a: Ogerpon|Follow Me|p1a: Ogerpon
|-singleturn|p1a: Ogerpon|move: Follow Me
|move|p1b: Calyrex|Astral Barrage|p2a: Incineroar|[spread] p2a
|-immune|p2b: Farigiraf
|-resisted|p2a: Incineroar
|-damage|p2a: Incineroar|46/100
|move|p2a: Incineroar|Knock Off|p1a: Ogerpon
|-damage|p1a: Ogerpon|62/100
|
|-weather|SunnyDay|[upkeep]
|upkeep
|turn|6
|
|t:|1750794457
|move|p1b: Calyrex|Protect|p1b: Calyrex
|-singleturn|p1b: Calyrex|Protect
|move|p1a: Ogerpon|Knock Off|p2b: Farigiraf
|-supereffective|p2b: Farigiraf
|-damage|p2b: Farigiraf|9/100
|-enditem|p2b: Farigiraf|Throat Spray|[from] move: Knock Off|[of] p1a: Ogerpon
|move|p2a: Incineroar|Parting Shot|p1b: Calyrex
|-activate|p1b: Calyrex|move: Protect
|move|p2b: Farigiraf|Trick Room|p2b: Farigiraf
|-fieldstart|move: Trick Room|[of] p2b: Farigiraf
|
|-weather|SunnyDay|[upkeep]
|upkeep
|turn|7
|
|t:|1750794476
|switch|p1b: Incineroar|Incineroar, L50, F|88/100
|-ability|p1b: Incineroar|Intimidate|boost
|-unboost|p2a: Incineroar|atk|1
|-unboost|p2b: Farigiraf|atk|1
|move|p2b: Farigiraf|Psychic|p1b: Incineroar
|-immune|p1b: Incineroar
|move|p2a: Incineroar|Flare Blitz|p1b: Incineroar
|-resisted|p1b: Incineroar
|-damage|p1b: Incineroar|70/100
|-damage|p2a: Incineroar|40/100|[from] Recoil
|move|p1a: Ogerpon|Knock Off|p2b: Farigiraf
|-supereffective|p2b: Farigiraf
|-damage|p2b: Farigiraf|0 fnt
|faint|p2b: Farigiraf
|
|-weather|SunnyDay|[upkeep]
|upkeep
|
|t:|1750794493
|switch|p2b: Lunala|Lunala, L50, tera:Water|91/100
|turn|8
|
|t:|1750794503
|move|p1b: Incineroar|Fake Out|p2b: Lunala
|-damage|p2b: Lunala|84/100
|move|p2a: Incineroar|Flare Blitz|p1a: Ogerpon
|-damage|p1a: Ogerpon|0 fnt
|faint|p1a: Ogerpon
|-damage|p2a: Incineroar|24/100|[from] Recoil
|cant|p2b: Lunala|flinch
|
|-weather|none
|upkeep
|
|t:|1750794512
|switch|p1a: Calyrex|Calyrex-Shadow, L50, tera:Ghost|100/100
|-ability|p1a: Calyrex|As One
|-ability|p1a: Calyrex|Unnerve
|turn|9
|
|t:|1750794536
|move|p1b: Incineroar|Parting Shot|p2b: Lunala
|-unboost|p2b: Lunala|atk|1
|-unboost|p2b: Lunala|spa|1
|move|p2a: Incineroar|Knock Off|p1a: Calyrex
|-supereffective|p1a: Calyrex
|-damage|p1a: Calyrex|31/100
|-enditem|p1a: Calyrex|Focus Sash|[from] move: Knock Off|[of] p2a: Incineroar
|move|p2b: Lunala|Moongeist Beam|p1a: Calyrex
|-supereffective|p1a: Calyrex
|-crit|p1a: Calyrex
|-damage|p1a: Calyrex|0 fnt
|faint|p1a: Calyrex
|
|upkeep
|turn|10
|c|☆Kyukonien|gg
|
|t:|1750794554
|switch|p2b: Koraidon|Koraidon, L50|82/100
|-weather|SunnyDay|[from] ability: Orichalcum Pulse|[of] p2b: Koraidon
|-activate|p2b: Koraidon|Orichalcum Pulse|[source]
|move|p1b: Incineroar|Knock Off|p2b: Koraidon
|-resisted|p2b: Koraidon
|-damage|p2b: Koraidon|66/100
|-enditem|p2b: Koraidon|Life Orb|[from] move: Knock Off|[of] p1b: Incineroar
|move|p2a: Incineroar|Knock Off|p1b: Incineroar
|-resisted|p1b: Incineroar
|-damage|p1b: Incineroar|60/100
|-enditem|p1b: Incineroar|Safety Goggles|[from] move: Knock Off|[of] p2a: Incineroar
|
|-weather|SunnyDay|[upkeep]
|-fieldend|move: Trick Room
|upkeep
|turn|11
|
|t:|1750794571
|move|p2b: Koraidon|Close Combat|p1b: Incineroar
|-supereffective|p1b: Incineroar
|-damage|p1b: Incineroar|0 fnt
|-unboost|p2b: Koraidon|def|1
|-unboost|p2b: Koraidon|spd|1
|faint|p1b: Incineroar
|
|win|NegaiFreak
|raw|Kyukonien's rating: 1367 &rarr; <strong>1347</strong><br />(-20 for losing)
|raw|NegaiFreak's rating: 1370 &rarr; <strong>1390</strong><br />(+20 for winning)
|c|☆NegaiFreak|GG, WP
