|j|☆farrukt
|j|☆mini parodice
|t:|1750853432
|gametype|doubles
|player|p1|farrukt|2|1193
|player|p2|mini parodice|bugcatcher-gen4dp|1190
|teamsize|p1|6
|teamsize|p2|6
|gen|9
|tier|[Gen 9] VGC 2025 Reg I
|rated|
|rule|Species Clause: Limit one of each Pokémon
|rule|Item Clause: Limit 1 of each item
|clearpoke
|poke|p1|Zamazenta-*, L50|
|poke|p1|Calyrex-Shadow, L50|
|poke|p1|Tornadus, L50, M|
|poke|p1|Rillaboom, L50, M|
|poke|p1|Smeargle, L50, F|
|poke|p1|Raging Bolt, L50|
|poke|p2|Charjabug, L50, M|
|poke|p2|Miraidon, L50|
|poke|p2|Urshifu-*, L50, M|
|poke|p2|Archaludon, L50, M|
|poke|p2|Incineroar, L50, M|
|poke|p2|Zacian-*, L50|
|teampreview|4
|
|t:|1750853478
|start
|switch|p1a: Calyrex|Calyrex-Shadow, L50|100/100
|switch|p1b: Rillaboom|Rillaboom, L50, M|100/100
|switch|p2a: Charjabus|Charjabug, L50, M, shiny|100/100
|switch|p2b: Solder|Incineroar, L50, M, shiny|100/100
|-ability|p1a: Calyrex|As One
|-ability|p1a: Calyrex|Unnerve
|-fieldstart|move: Grassy Terrain|[from] ability: Grassy Surge|[of] p1b: Rillaboom
|-ability|p2b: Solder|Intimidate|boost
|-unboost|p1a: Calyrex|atk|1
|-unboost|p1b: Rillaboom|atk|1
|turn|1
|
|t:|1750853501
|switch|p1a: Zamazenta|Zamazenta-Crowned, L50|100/100
|-ability|p1a: Zamazenta|Dauntless Shield|boost
|-boost|p1a: Zamazenta|def|1
|move|p1b: Rillaboom|Fake Out|p2a: Charjabus
|-damage|p2a: Charjabus|94/100
|move|p2b: Solder|Fake Out|p1b: Rillaboom
|-damage|p1b: Rillaboom|91/100
|cant|p2a: Charjabus|flinch
|
|-heal|p1b: Rillaboom|97/100|[from] Grassy Terrain
|-heal|p2a: Charjabus|99/100|[from] Grassy Terrain
|upkeep
|turn|2
|
|t:|1750853536
|move|p1a: Zamazenta|Body Press|p2b: Solder
|-supereffective|p2b: Solder
|-damage|p2b: Solder|0 fnt
|faint|p2b: Solder
|move|p1b: Rillaboom|U-turn|p2a: Charjabus
|-damage|p2a: Charjabus|88/100
|
|t:|1750853549
|switch|p1b: Calyrex|Calyrex-Shadow, L50|100/100|[from] U-turn
|-ability|p1b: Calyrex|As One
|-ability|p1b: Calyrex|Unnerve
|move|p2a: Charjabus|Sticky Web|p1b: Calyrex
|-sidestart|p1: farrukt|move: Sticky Web
|
|-heal|p2a: Charjabus|94/100|[from] Grassy Terrain
|upkeep
|
|t:|1750853557
|switch|p2b: mecánira|Miraidon, L50|100/100
|-fieldstart|move: Electric Terrain|[from] ability: Hadron Engine|[of] p2b: mecánira
|turn|3
|
|t:|1750853573
|-terastallize|p2b: mecánira|Electric
|-terastallize|p1a: Zamazenta|Grass
|move|p1b: Calyrex|Astral Barrage|p2a: Charjabus|[spread] p2a,p2b
|-damage|p2a: Charjabus|49/100
|-damage|p2b: mecánira|43/100
|-damage|p1b: Calyrex|91/100|[from] item: Life Orb
|move|p2b: mecánira|Electro Drift|p1a: Zamazenta
|-resisted|p1a: Zamazenta
|-damage|p1a: Zamazenta|27/100
|-damage|p2b: mecánira|33/100|[from] item: Life Orb
|move|p1a: Zamazenta|Body Press|p2b: mecánira
|-damage|p2b: mecánira|0 fnt
|faint|p2b: mecánira
|move|p2a: Charjabus|Electroweb|p1b: Calyrex|[spread] p1a,p1b
|-resisted|p1a: Zamazenta
|-damage|p1a: Zamazenta|23/100
|-damage|p1b: Calyrex|80/100
|-unboost|p1a: Zamazenta|spe|1
|-unboost|p1b: Calyrex|spe|1
|
|upkeep
|
|t:|1750853589
|switch|p2b: Lanzapuente|Archaludon, L50, M|100/100
|turn|4
|
|t:|1750853631
|switch|p1a: Rillaboom|Rillaboom, L50, M|97/100
|-activate|p1a: Rillaboom|move: Sticky Web
|-unboost|p1a: Rillaboom|spe|1
|-fieldstart|move: Grassy Terrain|[from] ability: Grassy Surge|[of] p1a: Rillaboom
|move|p1b: Calyrex|Protect|p1b: Calyrex
|-singleturn|p1b: Calyrex|Protect
|move|p2b: Lanzapuente|Protect|p2b: Lanzapuente
|-singleturn|p2b: Lanzapuente|Protect
|move|p2a: Charjabus|Electroweb|p1b: Calyrex|[spread] p1a
|-activate|p1b: Calyrex|move: Protect
|-resisted|p1a: Rillaboom
|-damage|p1a: Rillaboom|94/100
|-unboost|p1a: Rillaboom|spe|1
|
|-heal|p1b: Calyrex|86/100|[from] Grassy Terrain
|-heal|p1a: Rillaboom|99/100|[from] Grassy Terrain
|-heal|p2a: Charjabus|55/100|[from] Grassy Terrain
|upkeep
|turn|5
|
|t:|1750853663
|move|p2b: Lanzapuente|Protect|p2b: Lanzapuente
|-singleturn|p2b: Lanzapuente|Protect
|move|p1a: Rillaboom|Fake Out|p2b: Lanzapuente
|-activate|p2b: Lanzapuente|move: Protect
|move|p1b: Calyrex|Astral Barrage|p2b: Lanzapuente|[spread] p2a
|-activate|p2b: Lanzapuente|move: Protect
|-damage|p2a: Charjabus|12/100
|-damage|p1b: Calyrex|76/100|[from] item: Life Orb
|move|p2a: Charjabus|Electroweb|p1b: Calyrex|[spread] p1a,p1b
|-resisted|p1a: Rillaboom
|-crit|p1a: Rillaboom
|-damage|p1a: Rillaboom|95/100
|-damage|p1b: Calyrex|68/100
|-unboost|p1a: Rillaboom|spe|1
|-unboost|p1b: Calyrex|spe|1
|
|-heal|p1b: Calyrex|74/100|[from] Grassy Terrain
|-heal|p2a: Charjabus|18/100|[from] Grassy Terrain
|-heal|p1a: Rillaboom|100/100|[from] Grassy Terrain
|upkeep
|turn|6
|
|t:|1750853694
|move|p1a: Rillaboom|Grassy Glide|p2a: Charjabus
|-resisted|p2a: Charjabus
|-damage|p2a: Charjabus|5/100
|move|p2b: Lanzapuente|Electro Shot||[still]
|-prepare|p2b: Lanzapuente|Electro Shot
|-boost|p2b: Lanzapuente|spa|1
|-enditem|p2b: Lanzapuente|Power Herb
|-anim|p2b: Lanzapuente|Electro Shot|p1b: Calyrex
|-damage|p1b: Calyrex|0 fnt
|faint|p1b: Calyrex
|move|p2a: Charjabus|Rain Dance|p2a: Charjabus
|-weather|RainDance
|
|-weather|RainDance|[upkeep]
|-heal|p2a: Charjabus|11/100|[from] Grassy Terrain
|upkeep
|
|t:|1750853709
|switch|p1b: Zamazenta|Zamazenta-Crowned, L50, tera:Grass|23/100
|-activate|p1b: Zamazenta|move: Sticky Web
|-unboost|p1b: Zamazenta|spe|1
|turn|7
|
|t:|1750853732
|move|p2b: Lanzapuente|Protect|p2b: Lanzapuente
|-singleturn|p2b: Lanzapuente|Protect
|move|p1a: Rillaboom|Grassy Glide|p2a: Charjabus
|-resisted|p2a: Charjabus
|-damage|p2a: Charjabus|0 fnt
|faint|p2a: Charjabus
|move|p1b: Zamazenta|Body Press|p2b: Lanzapuente
|-activate|p2b: Lanzapuente|move: Protect
|
|-weather|RainDance|[upkeep]
|-heal|p1b: Zamazenta|30/100|[from] Grassy Terrain
|upkeep
|turn|8
|inactive|Battle timer is ON: inactive players will automatically lose when time's up. (requested by farrukt)
|
|t:|1750853765
|move|p1a: Rillaboom|Grassy Glide|p2b: Lanzapuente
|-resisted|p2b: Lanzapuente
|-damage|p2b: Lanzapuente|94/100
|-ability|p2b: Lanzapuente|Stamina|boost
|-boost|p2b: Lanzapuente|def|1
|move|p1b: Zamazenta|Body Press|p2b: Lanzapuente
|-supereffective|p2b: Lanzapuente
|-damage|p2b: Lanzapuente|39/100
|-ability|p2b: Lanzapuente|Stamina|boost
|-boost|p2b: Lanzapuente|def|1
|move|p2b: Lanzapuente|Electro Shot||[still]
|-prepare|p2b: Lanzapuente|Electro Shot
|-boost|p2b: Lanzapuente|spa|1
|-anim|p2b: Lanzapuente|Electro Shot|p1b: Zamazenta
|-resisted|p1b: Zamazenta
|-damage|p1b: Zamazenta|0 fnt
|faint|p1b: Zamazenta
|
|-weather|RainDance|[upkeep]
|-heal|p2b: Lanzapuente|45/100|[from] Grassy Terrain
|-fieldend|move: Grassy Terrain
|upkeep
|
|t:|1750853785
|switch|p1b: Tornadus|Tornadus, L50, M|100/100
|turn|9
|
|t:|1750853802
|move|p1b: Tornadus|Bleakwind Storm|p2b: Lanzapuente
|-resisted|p2b: Lanzapuente
|-damage|p2b: Lanzapuente|15/100
|-ability|p2b: Lanzapuente|Stamina|boost
|-boost|p2b: Lanzapuente|def|1
|move|p2b: Lanzapuente|Electro Shot||[still]
|-prepare|p2b: Lanzapuente|Electro Shot
|-boost|p2b: Lanzapuente|spa|1
|-anim|p2b: Lanzapuente|Electro Shot|p1b: Tornadus
|-supereffective|p1b: Tornadus
|-damage|p1b: Tornadus|0 fnt
|faint|p1b: Tornadus
|move|p1a: Rillaboom|Wood Hammer|p2b: Lanzapuente
|-resisted|p2b: Lanzapuente
|-damage|p2b: Lanzapuente|11/100
|-ability|p2b: Lanzapuente|Stamina|boost
|-boost|p2b: Lanzapuente|def|1
|-damage|p1a: Rillaboom|99/100|[from] Recoil
|
|-weather|RainDance|[upkeep]
|upkeep
|turn|10
|
|t:|1750853823
|move|p2b: Lanzapuente|Body Press|p1a: Rillaboom
|-damage|p1a: Rillaboom|45/100
|move|p1a: Rillaboom|Grassy Glide|p2b: Lanzapuente
|-resisted|p2b: Lanzapuente
|-crit|p2b: Lanzapuente
|-damage|p2b: Lanzapuente|2/100
|-ability|p2b: Lanzapuente|Stamina|boost
|-boost|p2b: Lanzapuente|def|1
|
|-weather|none
|upkeep
|turn|11
|
|t:|1750853839
|move|p2b: Lanzapuente|Body Press|p1a: Rillaboom
|-damage|p1a: Rillaboom|0 fnt
|faint|p1a: Rillaboom
|
|win|mini parodice
|raw|farrukt's rating: 1193 &rarr; <strong>1168</strong><br />(-25 for losing)
|raw|mini parodice's rating: 1190 &rarr; <strong>1215</strong><br />(+25 for winning)
|l|☆farrukt
|player|p1|
|l|☆mini parodice
|player|p2|
