|j|☆Hikawari
|j|☆Iamsliverfish
|t:|1750854813
|gametype|doubles
|player|p1|Hikawari|169|1715
|player|p2|Iamsliverfish|silver-masters|1830
|teamsize|p1|6
|teamsize|p2|6
|gen|9
|tier|[Gen 9] VGC 2025 Reg I
|rated|
|rule|Species Clause: Limit one of each Pokémon
|rule|Item Clause: Limit 1 of each item
|clearpoke
|poke|p1|Zamazenta-*, L50|
|poke|p1|Calyrex-Shadow, L50|
|poke|p1|Urshifu-*, L50, M|
|poke|p1|Amoonguss, L50, M|
|poke|p1|Chien-Pao, L50|
|poke|p1|Ogerpon-Cornerstone, L50, F|
|poke|p2|Zamazenta-*, L50|
|poke|p2|Kyogre, L50|
|poke|p2|Chien-Pao, L50|
|poke|p2|Roaring Moon, L50|
|poke|p2|Rillaboom, L50, M|
|poke|p2|Urshifu-*, L50, M|
|teampreview|4
|inactive|Battle timer is ON: inactive players will automatically lose when time's up. (requested by Hikawari)
|
|t:|1750854839
|start
|switch|p1a: Calyrex|Calyrex-Shadow, L50|100/100
|switch|p1b: Ogerpon|Ogerpon-Cornerstone, L50, F|100/100
|switch|p2a: roundtile|Roaring Moon, L50|100/100
|switch|p2b: Dogtile|Zamazenta-Crowned, L50|100/100
|-ability|p1a: Calyrex|As One
|-ability|p1a: Calyrex|Unnerve
|-ability|p2b: Dogtile|Dauntless Shield|boost
|-boost|p2b: Dogtile|def|1
|-enditem|p2a: roundtile|Booster Energy
|-activate|p2a: roundtile|ability: Protosynthesis|[fromitem]
|-start|p2a: roundtile|protosynthesisspe
|turn|1
|
|t:|1750854852
|move|p1b: Ogerpon|Follow Me|p1b: Ogerpon
|-singleturn|p1b: Ogerpon|move: Follow Me
|move|p2a: roundtile|Tailwind|p2a: roundtile
|-sidestart|p2: Iamsliverfish|move: Tailwind
|move|p2b: Dogtile|Heavy Slam|p1b: Ogerpon
|-supereffective|p1b: Ogerpon
|-ability|p1b: Ogerpon|Sturdy
|-damage|p1b: Ogerpon|1/100
|move|p1a: Calyrex|Astral Barrage|p2b: Dogtile|[spread] p2a,p2b
|-resisted|p2a: roundtile
|-crit|p2b: Dogtile
|-damage|p2a: roundtile|71/100
|-damage|p2b: Dogtile|26/100
|-damage|p1a: Calyrex|91/100|[from] item: Life Orb
|
|upkeep
|turn|2
|
|t:|1750854867
|move|p2b: Dogtile|Protect|p2b: Dogtile
|-singleturn|p2b: Dogtile|Protect
|move|p1b: Ogerpon|Follow Me|p1b: Ogerpon
|-singleturn|p1b: Ogerpon|move: Follow Me
|move|p2a: roundtile|Knock Off|p1b: Ogerpon
|-damage|p1b: Ogerpon|0 fnt
|faint|p1b: Ogerpon
|move|p1a: Calyrex|Psychic|p2b: Dogtile
|-activate|p2b: Dogtile|move: Protect
|
|upkeep
|
|t:|1750854871
|switch|p1b: Amoonguss|Amoonguss, L50, M|100/100
|turn|3
|
|t:|1750854885
|move|p1b: Amoonguss|Rage Powder|p1b: Amoonguss
|-singleturn|p1b: Amoonguss|move: Rage Powder
|move|p2a: roundtile|Acrobatics|p1b: Amoonguss
|-supereffective|p1b: Amoonguss
|-damage|p1b: Amoonguss|40/100
|-damage|p2a: roundtile|54/100|[from] item: Rocky Helmet|[of] p1b: Amoonguss
|move|p2b: Dogtile|Heavy Slam|p1b: Amoonguss
|-damage|p1b: Amoonguss|0 fnt
|-damage|p2b: Dogtile|10/100|[from] item: Rocky Helmet|[of] p1b: Amoonguss
|faint|p1b: Amoonguss
|move|p1a: Calyrex|Astral Barrage|p2a: roundtile|[spread] p2a,p2b
|-resisted|p2a: roundtile
|-damage|p2a: roundtile|27/100
|-damage|p2b: Dogtile|0 fnt
|faint|p2b: Dogtile
|-ability|p1a: Calyrex|Grim Neigh|boost
|-boost|p1a: Calyrex|spa|1
|-damage|p1a: Calyrex|81/100|[from] item: Life Orb
|
|upkeep
|
|t:|1750854894
|switch|p2b: Duckwhale|Kyogre, L50|100/100
|switch|p1b: Zamazenta|Zamazenta-Crowned, L50|100/100
|-weather|RainDance|[from] ability: Drizzle|[of] p2b: Duckwhale
|-ability|p1b: Zamazenta|Dauntless Shield|boost
|-boost|p1b: Zamazenta|def|1
|turn|4
|inactive|Iamsliverfish has 30 seconds left.
|inactive|Iamsliverfish has 20 seconds left.
|
|t:|1750854934
|-terastallize|p1a: Calyrex|Normal
|move|p2a: roundtile|Protect|p2a: roundtile
|-singleturn|p2a: roundtile|Protect
|move|p1b: Zamazenta|Wide Guard|p1b: Zamazenta
|-singleturn|p1b: Zamazenta|Wide Guard
|move|p2b: Duckwhale|Hydro Pump|p1a: Calyrex
|-damage|p1a: Calyrex|0 fnt
|faint|p1a: Calyrex
|
|-weather|RainDance|[upkeep]
|-sideend|p2: Iamsliverfish|move: Tailwind
|upkeep
|turn|5
|-message|Hikawari forfeited.
|
|win|Iamsliverfish
|raw|Hikawari's rating: 1715 &rarr; <strong>1701</strong><br />(-14 for losing)
|raw|Iamsliverfish's rating: 1830 &rarr; <strong>1844</strong><br />(+14 for winning)
|l|☆Hikawari
|player|p1|
|l|☆Iamsliverfish
|player|p2|
