|j|☆antisocialwalrus
|j|☆Carajo666
|t:|1750709516
|gametype|doubles
|player|p1|antisocialwalrus|dawn|1675
|player|p2|Carajo666|roughneck|1594
|teamsize|p1|6
|teamsize|p2|6
|gen|9
|tier|[Gen 9] VGC 2025 Reg I
|rated|
|rule|Species Clause: Limit one of each Pokémon
|rule|Item Clause: Limit 1 of each item
|clearpoke
|poke|p1|Groudon, L50|
|poke|p1|Calyrex-Ice, L50|
|poke|p1|Jumpluff, L50, M|
|poke|p1|Chi-Yu, L50|
|poke|p1|Raging Bolt, L50|
|poke|p1|Flutter Mane, L50|
|poke|p2|Lunala, L50|
|poke|p2|Tyranitar, L50, M|
|poke|p2|Amoonguss, L50, F|
|poke|p2|Ho-Oh, L50|
|poke|p2|Excadrill, L50, M|
|poke|p2|Enamorus-Therian, L50, F|
|teampreview|4
|inactive|Battle timer is ON: inactive players will automatically lose when time's up. (requested by antisocialwalrus)
|
|t:|1750709557
|start
|switch|p1a: Flutter Mane|Flutter Mane, L50|100/100
|switch|p1b: Calyrex|Calyrex-Ice, L50|100/100
|switch|p2a: Lunala|Lunala, L50|100/100
|switch|p2b: Tyranitar|Tyranitar, L50, M|100/100
|-ability|p1b: Calyrex|As One
|-ability|p1b: Calyrex|Unnerve
|-weather|Sandstorm|[from] ability: Sand Stream|[of] p2b: Tyranitar
|turn|1
|
|t:|1750709569
|-terastallize|p1b: Calyrex|Water
|move|p1a: Flutter Mane|Moonblast|p2b: Tyranitar
|-supereffective|p2b: Tyranitar
|-damage|p2b: Tyranitar|57/100
|move|p2b: Tyranitar|Rock Slide|p1b: Calyrex|[spread] p1a,p1b
|-damage|p1a: Flutter Mane|30/100
|-damage|p1b: Calyrex|82/100
|move|p1b: Calyrex|Glacial Lance|p2b: Tyranitar|[spread] p2a,p2b
|-damage|p2a: Lunala|78/100
|-damage|p2b: Tyranitar|16/100
|move|p2a: Lunala|Trick Room|p2a: Lunala
|-fieldstart|move: Trick Room|[of] p2a: Lunala
|
|-weather|Sandstorm|[upkeep]
|-damage|p1b: Calyrex|76/100|[from] Sandstorm
|-damage|p1a: Flutter Mane|23/100|[from] Sandstorm
|upkeep
|turn|2
|inactive|Carajo666 has 30 seconds left.
|inactive|Carajo666 has 20 seconds left.
|
|t:|1750709608
|move|p2a: Lunala|Wide Guard|p2a: Lunala
|-singleturn|p2a: Lunala|Wide Guard
|move|p1b: Calyrex|Glacial Lance|p2a: Lunala|[spread] 
|-activate|p2a: Lunala|move: Wide Guard
|-activate|p2b: Tyranitar|move: Wide Guard
|move|p2b: Tyranitar|Knock Off|p1a: Flutter Mane
|-damage|p1a: Flutter Mane|0 fnt
|-enditem|p1a: Flutter Mane|Focus Sash|[from] move: Knock Off|[of] p2b: Tyranitar
|faint|p1a: Flutter Mane
|-end|p1a: Flutter Mane|Protosynthesis|[silent]
|
|-weather|Sandstorm|[upkeep]
|-damage|p1b: Calyrex|70/100|[from] Sandstorm
|upkeep
|
|t:|1750709613
|switch|p1a: Groudon|Groudon, L50|100/100
|-weather|SunnyDay|[from] ability: Drought|[of] p1a: Groudon
|turn|3
|
|t:|1750709625
|move|p2a: Lunala|Wide Guard|p2a: Lunala
|-singleturn|p2a: Lunala|Wide Guard
|move|p1b: Calyrex|Leech Seed|p2b: Tyranitar
|-start|p2b: Tyranitar|move: Leech Seed
|move|p2b: Tyranitar|Rock Slide|p1a: Groudon|[spread] p1a,p1b
|-resisted|p1a: Groudon
|-damage|p1a: Groudon|89/100
|-damage|p1b: Calyrex|52/100
|move|p1a: Groudon|Heat Crash|p2a: Lunala
|-damage|p2a: Lunala|22/100
|
|-weather|SunnyDay|[upkeep]
|-damage|p2b: Tyranitar|4/100|[from] Leech Seed|[of] p1b: Calyrex
|-heal|p1b: Calyrex|64/100|[silent]
|upkeep
|turn|4
|l|☆antisocialwalrus
|inactive|antisocialwalrus disconnected and has a minute to reconnect!
|player|p1|
|inactive|antisocialwalrus has 30 seconds left.
|inactive|antisocialwalrus has 20 seconds left.
|inactive|antisocialwalrus has 15 seconds left.
|inactive|antisocialwalrus has 10 seconds left.
|j|☆antisocialwalrus
|inactive|antisocialwalrus reconnected and has 10 seconds left.
|player|p1|antisocialwalrus|dawn|
|inactive|antisocialwalrus has 5 seconds left.
|
|t:|1750709675
|move|p1b: Calyrex|Glacial Lance|p2b: Tyranitar|[spread] p2a,p2b
|-damage|p2a: Lunala|0 fnt
|-damage|p2b: Tyranitar|0 fnt
|faint|p2a: Lunala
|faint|p2b: Tyranitar
|-ability|p1b: Calyrex|Chilling Neigh|boost
|-boost|p1b: Calyrex|atk|2
|move|p1a: Groudon|High Horsepower|p2: Lunala|[notarget]
|-fail|p1a: Groudon
|
|-weather|SunnyDay|[upkeep]
|upkeep
|
|t:|1750709679
|switch|p2b: Enamorus|Enamorus-Therian, L50, F|100/100
|switch|p2a: Amoonguss|Amoonguss, L50, F|100/100
|turn|5
|
|t:|1750709693
|-terastallize|p2b: Enamorus|Fairy
|move|p2a: Amoonguss|Spore|p1a: Groudon
|-status|p1a: Groudon|slp|[from] move: Spore
|move|p2b: Enamorus|Dazzling Gleam|p1a: Groudon|[spread] p1a,p1b
|-damage|p1a: Groudon|51/100 slp
|-damage|p1b: Calyrex|24/100
|-enditem|p1b: Calyrex|Sitrus Berry|[eat]
|-heal|p1b: Calyrex|48/100|[from] item: Sitrus Berry
|move|p1b: Calyrex|Glacial Lance|p2b: Enamorus|[spread] p2a,p2b
|-supereffective|p2a: Amoonguss
|-crit|p2b: Enamorus
|-damage|p2a: Amoonguss|0 fnt
|-damage|p2b: Enamorus|0 fnt
|faint|p2a: Amoonguss
|faint|p2b: Enamorus
|
|win|antisocialwalrus
|raw|antisocialwalrus's rating: 1675 &rarr; <strong>1690</strong><br />(+15 for winning)
|raw|Carajo666's rating: 1594 &rarr; <strong>1579</strong><br />(-15 for losing)
|l|☆antisocialwalrus
|player|p1|
|l|☆Carajo666
|player|p2|
