|j|☆bubert_ps
|j|☆TommyGuapo
|t:|1750750842
|gametype|doubles
|player|p1|bubert_ps|1|1395
|player|p2|TommyGuapo|1|1385
|teamsize|p1|6
|teamsize|p2|6
|gen|9
|tier|[Gen 9] VGC 2025 Reg I
|rated|
|rule|Species Clause: Limit one of each Pokémon
|rule|Item Clause: Limit 1 of each item
|clearpoke
|poke|p1|Miraidon, L50|
|poke|p1|Iron Bundle, L50|
|poke|p1|Incineroar, L50, M|
|poke|p1|Zamazenta-*, L50|
|poke|p1|Chien-Pao, L50|
|poke|p1|Annihilape, L50, F|
|poke|p2|Terapagos, L50, M|
|poke|p2|Volcarona, L50, F|
|poke|p2|Scream Tail, L50|
|poke|p2|Rillaboom, L50, M|
|poke|p2|Giratina-Origin, L50|
|poke|p2|Comfey, L50, F|
|teampreview|4
|inactive|Battle timer is ON: inactive players will automatically lose when time's up. (requested by TommyGuapo)
TommyGuapo has agreed to open team sheets.
|inactive|bubert_ps has 60 seconds left.
|inactive|TommyGuapo has 60 seconds left.
|inactive|TommyGuapo has 30 seconds left.
|inactive|TommyGuapo has 20 seconds left.
|
|t:|1750750918
|start
|switch|p1a: Miraidon|Miraidon, L50|100/100
|switch|p1b: Iron Bundle|Iron Bundle, L50, shiny|100/100
|switch|p2a: Volcarona|Volcarona, L50, F|100/100
|switch|p2b: Terapagos|Terapagos, L50, M|100/100
|-activate|p2b: Terapagos|ability: Tera Shift
|detailschange|p2b: Terapagos|Terapagos-Terastal, L50, M
|-heal|p2b: Terapagos|100/100|[silent]
|-fieldstart|move: Electric Terrain|[from] ability: Hadron Engine|[of] p1a: Miraidon
|-activate|p1b: Iron Bundle|ability: Quark Drive
|-start|p1b: Iron Bundle|quarkdrivespe
|turn|1
|
|t:|1750750935
|switch|p2a: Rillaboom|Rillaboom, L50, M|100/100
|-fieldstart|move: Grassy Terrain|[from] ability: Grassy Surge|[of] p2a: Rillaboom
|-end|p1b: Iron Bundle|Quark Drive
|move|p1b: Iron Bundle|Icy Wind|p2a: Rillaboom|[spread] p2a,p2b
|-supereffective|p2a: Rillaboom
|-activate|p2b: Terapagos|ability: Tera Shell
|-resisted|p2b: Terapagos
|-damage|p2a: Rillaboom|45/100
|-damage|p2b: Terapagos|91/100
|-unboost|p2a: Rillaboom|spe|1
|move|p1a: Miraidon|Volt Switch|p2a: Rillaboom
|-resisted|p2a: Rillaboom
|-damage|p2a: Rillaboom|7/100
|
|t:|1750750949
|switch|p1a: Chien-Pao|Chien-Pao, L50|100/100|[from] Volt Switch
|-ability|p1a: Chien-Pao|Sword of Ruin
|move|p2b: Terapagos|Calm Mind|p2b: Terapagos
|-boost|p2b: Terapagos|spa|1
|-boost|p2b: Terapagos|spd|1
|
|-heal|p2b: Terapagos|97/100|[from] Grassy Terrain
|-heal|p2a: Rillaboom|13/100|[from] Grassy Terrain
|upkeep
|turn|2
|inactive|TommyGuapo has 30 seconds left.
|
|t:|1750750975
|-terastallize|p1b: Iron Bundle|Ghost
|move|p1a: Chien-Pao|Protect|p1a: Chien-Pao
|-singleturn|p1a: Chien-Pao|Protect
|move|p2a: Rillaboom|Fake Out|p1a: Chien-Pao
|-activate|p1a: Chien-Pao|move: Protect
|move|p1b: Iron Bundle|Encore|p2b: Terapagos
|-start|p2b: Terapagos|Encore
|move|p2b: Terapagos|Calm Mind|p2b: Terapagos
|-boost|p2b: Terapagos|spa|1
|-boost|p2b: Terapagos|spd|1
|
|-heal|p2b: Terapagos|100/100|[from] Grassy Terrain
|-heal|p2a: Rillaboom|19/100|[from] Grassy Terrain
|upkeep
|turn|3
|inactive|TommyGuapo has 30 seconds left.
|
|t:|1750751003
|-end|p1b: Iron Bundle|Quark Drive|[silent]
|switch|p1b: Zamazenta|Zamazenta-Crowned, L50, shiny|100/100
|-ability|p1b: Zamazenta|Dauntless Shield|boost
|-boost|p1b: Zamazenta|def|1
|switch|p2a: Volcarona|Volcarona, L50, F|100/100
|move|p1a: Chien-Pao|Sucker Punch||[still]
|-fail|p1a: Chien-Pao
|move|p2b: Terapagos|Calm Mind|p2b: Terapagos
|-boost|p2b: Terapagos|spa|1
|-boost|p2b: Terapagos|spd|1
|
|upkeep
|turn|4
|
|t:|1750751025
|move|p2a: Volcarona|Rage Powder|p2a: Volcarona
|-singleturn|p2a: Volcarona|move: Rage Powder
|move|p1a: Chien-Pao|Icicle Crash|p2a: Volcarona
|-resisted|p2a: Volcarona
|-damage|p2a: Volcarona|65/100
|-damage|p1a: Chien-Pao|91/100|[from] item: Life Orb
|move|p1b: Zamazenta|Body Press|p2a: Volcarona
|-resisted|p2a: Volcarona
|-damage|p2a: Volcarona|28/100
|-damage|p1b: Zamazenta|84/100|[from] item: Rocky Helmet|[of] p2a: Volcarona
|move|p2b: Terapagos|Calm Mind|p2b: Terapagos
|-boost|p2b: Terapagos|spa|1
|-boost|p2b: Terapagos|spd|1
|
|-heal|p1a: Chien-Pao|97/100|[from] Grassy Terrain
|-heal|p1b: Zamazenta|90/100|[from] Grassy Terrain
|-heal|p2a: Volcarona|34/100|[from] Grassy Terrain
|-end|p2b: Terapagos|Encore
|upkeep
|turn|5
|
|t:|1750751046
|move|p1b: Zamazenta|Wide Guard|p1b: Zamazenta
|-singleturn|p1b: Zamazenta|Wide Guard
|move|p2a: Volcarona|Rage Powder|p2a: Volcarona
|-singleturn|p2a: Volcarona|move: Rage Powder
|move|p1a: Chien-Pao|Throat Chop|p2a: Volcarona
|-damage|p2a: Volcarona|0 fnt
|-damage|p1a: Chien-Pao|80/100|[from] item: Rocky Helmet|[of] p2a: Volcarona
|-status|p1a: Chien-Pao|brn|[from] ability: Flame Body|[of] p2a: Volcarona
|faint|p2a: Volcarona
|-damage|p1a: Chien-Pao|70/100 brn|[from] item: Life Orb
|move|p2b: Terapagos|Earth Power|p1b: Zamazenta
|-supereffective|p1b: Zamazenta
|-damage|p1b: Zamazenta|0 fnt
|faint|p1b: Zamazenta
|
|-heal|p1a: Chien-Pao|76/100 brn|[from] Grassy Terrain
|-damage|p1a: Chien-Pao|70/100 brn|[from] brn
|-fieldend|move: Grassy Terrain
|upkeep
|-message|bubert_ps forfeited.
|
|win|TommyGuapo
|raw|bubert_ps's rating: 1395 &rarr; <strong>1374</strong><br />(-21 for losing)
|raw|TommyGuapo's rating: 1385 &rarr; <strong>1406</strong><br />(+21 for winning)
|l|☆bubert_ps
|player|p1|
