|j|☆TheShinyBayleef
|j|☆AwesomeCCAs
|t:|1750776645
|gametype|doubles
|player|p1|TheShinyBayleef|102|1107
|player|p2|AwesomeCCAs|lyra|1115
|teamsize|p1|6
|teamsize|p2|6
|gen|9
|tier|[Gen 9] VGC 2025 Reg I
|rated|
|rule|Species Clause: Limit one of each Pokémon
|rule|Item Clause: Limit 1 of each item
|clearpoke
|poke|p1|Incineroar, L50, F|
|poke|p1|Urshifu-*, L50, F|
|poke|p1|Grimmsnarl, L50, M|
|poke|p1|Miraidon, L50|
|poke|p1|Iron Bundle, L50|
|poke|p1|Landorus, L50, M|
|poke|p2|Mewtwo, L50|
|poke|p2|Latios, L50, M|
|poke|p2|Incineroar, L50, F|
|poke|p2|Lucario, L50, M|
|poke|p2|Flutter Mane, L50|
|poke|p2|Giratina-Origin, L50|
|teampreview|4
AwesomeCCAs rejected open team sheets.
|
|t:|1750776695
|start
|switch|p1a: Grimmsnarl|Grimmsnarl, L50, M, shiny|100/100
|switch|p1b: Landorus|Landorus, L50, M, shiny|100/100
|switch|p2a: Mewtwo|Mewtwo, L50|100/100
|switch|p2b: Giratina|Giratina-Origin, L50|100/100
|-ability|p2a: Mewtwo|Unnerve
|turn|1
|
|t:|1750776727
|move|p1b: Landorus|Protect|p1b: Landorus
|-singleturn|p1b: Landorus|Protect
|move|p1a: Grimmsnarl|Light Screen|p1a: Grimmsnarl
|-sidestart|p1: TheShinyBayleef|move: Light Screen
|move|p2a: Mewtwo|Earthquake|p1b: Landorus|[spread] p1a
|-activate|p1b: Landorus|move: Protect
|-immune|p2b: Giratina|[from] ability: Levitate
|-damage|p1a: Grimmsnarl|82/100
|move|p2b: Giratina|Iron Head|p1a: Grimmsnarl
|-supereffective|p1a: Grimmsnarl
|-damage|p1a: Grimmsnarl|29/100
|
|upkeep
|turn|2
|
|t:|1750776757
|move|p1a: Grimmsnarl|Reflect|p1a: Grimmsnarl
|-sidestart|p1: TheShinyBayleef|Reflect
|move|p2a: Mewtwo|Earthquake|p1a: Grimmsnarl|[spread] p1a
|-immune|p2b: Giratina|[from] ability: Levitate
|-immune|p1b: Landorus
|-damage|p1a: Grimmsnarl|17/100
|move|p1b: Landorus|Sandsear Storm|p2a: Mewtwo|[spread] 
|-immune|p2b: Giratina|[from] ability: Levitate
|-miss|p1b: Landorus|p2a: Mewtwo
|move|p2b: Giratina|Iron Head|p1a: Grimmsnarl
|-supereffective|p1a: Grimmsnarl
|-damage|p1a: Grimmsnarl|0 fnt
|faint|p1a: Grimmsnarl
|
|upkeep
|
|t:|1750776775
|switch|p1a: Incineroar|Incineroar, L50, F, shiny|100/100
|-ability|p1a: Incineroar|Intimidate|boost
|-unboost|p2a: Mewtwo|atk|1
|-unboost|p2b: Giratina|atk|1
|turn|3
|
|t:|1750776812
|move|p1a: Incineroar|Fake Out|p2a: Mewtwo
|-damage|p2a: Mewtwo|90/100
|move|p2b: Giratina|Shadow Sneak|p1a: Incineroar
|-resisted|p1a: Incineroar
|-damage|p1a: Incineroar|97/100
|cant|p2a: Mewtwo|flinch
|move|p1b: Landorus|Earth Power|p2a: Mewtwo
|-damage|p2a: Mewtwo|29/100
|
|upkeep
|turn|4
|
|t:|1750776839
|switch|p2b: Flutter Mane|Flutter Mane, L50|100/100
|-enditem|p2b: Flutter Mane|Booster Energy
|-activate|p2b: Flutter Mane|ability: Protosynthesis|[fromitem]
|-start|p2b: Flutter Mane|protosynthesisspa
|move|p2a: Mewtwo|Power Swap|p1b: Landorus
|-swapboost|p2a: Mewtwo|p1b: Landorus|atk, spa|[from] move: Power Swap
|move|p1b: Landorus|Earth Power|p2a: Mewtwo
|-damage|p2a: Mewtwo|0 fnt
|faint|p2a: Mewtwo
|move|p1a: Incineroar|Knock Off|p2b: Flutter Mane
|-crit|p2b: Flutter Mane
|-damage|p2b: Flutter Mane|20/100
|
|upkeep
|
|t:|1750776853
|switch|p2a: Latios|Latios, L50, M|100/100
|turn|5
|-message|AwesomeCCAs forfeited.
|
|win|TheShinyBayleef
|raw|TheShinyBayleef's rating: 1107 &rarr; <strong>1133</strong><br />(+26 for winning)
|raw|AwesomeCCAs's rating: 1115 &rarr; <strong>1089</strong><br />(-26 for losing)
|l|☆AwesomeCCAs
|player|p2|
|l|☆TheShinyBayleef
|player|p1|
