|j|☆Kzaarai
|j|☆dimplewiskers
|t:|1750795363
|gametype|doubles
|player|p1|Kzaarai|lance|1348
|player|p2|dimplewiskers|2|1442
|teamsize|p1|6
|teamsize|p2|6
|gen|9
|tier|[Gen 9] VGC 2025 Reg I
|rated|
|rule|Species Clause: Limit one of each Pokémon
|rule|Item Clause: Limit 1 of each item
|clearpoke
|poke|p1|Miraidon, L50|
|poke|p1|Calyrex-Ice, L50|
|poke|p1|Urshifu-*, L50, F|
|poke|p1|Grimmsnarl, L50, M|
|poke|p1|Landorus, L50, M|
|poke|p1|Incineroar, L50, M|
|poke|p2|Calyrex-Ice, L50|
|poke|p2|Necrozma-Dawn-Wings, L50|
|poke|p2|Smeargle, L50, F|
|poke|p2|Indeedee-F, L50, F|
|poke|p2|Torkoal, L50, F|
|poke|p2|Urshifu-*, L50, F|
|teampreview|4
|inactive|Battle timer is ON: inactive players will automatically lose when time's up. (requested by Kzaarai)
|inactive|Kzaarai has 60 seconds left.
|inactive|dimplewiskers has 60 seconds left.
|inactive|Kzaarai has 30 seconds left.
|
|t:|1750795433
|start
|switch|p1a: Incineroar|Incineroar, L50, M|100/100
|switch|p1b: Grimmsnarl|Grimmsnarl, L50, M|100/100
|switch|p2a: Henry VIII|Calyrex-Ice, L50|100/100
|switch|p2b: Bob Ross|Smeargle, L50, F, shiny|100/100
|-ability|p2a: Henry VIII|As One
|-ability|p2a: Henry VIII|Unnerve
|-ability|p1a: Incineroar|Intimidate|boost
|-fail|p2a: Henry VIII|unboost|[from] item: Clear Amulet|[of] p2a: Henry VIII
|-unboost|p2b: Bob Ross|atk|1
|turn|1
|
|t:|1750795452
|switch|p1b: Miraidon|Miraidon, L50|100/100
|-fieldstart|move: Electric Terrain|[from] ability: Hadron Engine|[of] p1b: Miraidon
|-terastallize|p2b: Bob Ross|Ghost
|move|p2a: Henry VIII|Protect|p2a: Henry VIII
|-singleturn|p2a: Henry VIII|Protect
|move|p2b: Bob Ross|Decorate|p2a: Henry VIII
|-boost|p2a: Henry VIII|atk|2
|-boost|p2a: Henry VIII|spa|2
|move|p1a: Incineroar|Knock Off|p2b: Bob Ross
|-supereffective|p2b: Bob Ross
|-enditem|p2b: Bob Ross|Focus Sash
|-damage|p2b: Bob Ross|1/100
|
|-ability|p2b: Bob Ross|Moody|boost
|-boost|p2b: Bob Ross|spa|2
|-unboost|p2b: Bob Ross|spe|1
|upkeep
|turn|2
|inactive|dimplewiskers has 30 seconds left.
|inactive|dimplewiskers has 20 seconds left.
|
|t:|1750795490
|move|p2b: Bob Ross|Follow Me|p2b: Bob Ross
|-singleturn|p2b: Bob Ross|move: Follow Me
|move|p1b: Miraidon|Volt Switch|p2b: Bob Ross
|-damage|p2b: Bob Ross|0 fnt
|faint|p2b: Bob Ross
|
|t:|1750795495
|switch|p1b: Grimmsnarl|Grimmsnarl, L50, M|100/100|[from] Volt Switch
|move|p1a: Incineroar|Knock Off|p2a: Henry VIII
|-supereffective|p2a: Henry VIII
|-damage|p2a: Henry VIII|50/100
|-enditem|p2a: Henry VIII|Clear Amulet|[from] move: Knock Off|[of] p1a: Incineroar
|move|p2a: Henry VIII|Trick Room|p2a: Henry VIII
|-fieldstart|move: Trick Room|[of] p2a: Henry VIII
|
|upkeep
|
|t:|1750795516
|switch|p2b: Krakatoa|Torkoal, L50, F, shiny|100/100
|-weather|SunnyDay|[from] ability: Drought|[of] p2b: Krakatoa
|turn|3
|
|t:|1750795524
|move|p1b: Grimmsnarl|Reflect|p1b: Grimmsnarl
|-sidestart|p1: Kzaarai|Reflect
|move|p2b: Krakatoa|Eruption|p1a: Incineroar|[spread] p1a,p1b
|-resisted|p1a: Incineroar
|-damage|p1a: Incineroar|66/100
|-damage|p1b: Grimmsnarl|11/100
|move|p2a: Henry VIII|Glacial Lance|p1b: Grimmsnarl|[spread] p1a,p1b
|-resisted|p1a: Incineroar
|-damage|p1a: Incineroar|39/100
|-damage|p1b: Grimmsnarl|0 fnt
|faint|p1b: Grimmsnarl
|-ability|p2a: Henry VIII|Chilling Neigh|boost
|-boost|p2a: Henry VIII|atk|1
|move|p1a: Incineroar|Flare Blitz|p2a: Henry VIII
|-supereffective|p2a: Henry VIII
|-damage|p2a: Henry VIII|0 fnt
|faint|p2a: Henry VIII
|-damage|p1a: Incineroar|22/100|[from] Recoil
|
|-weather|SunnyDay|[upkeep]
|upkeep
|
|t:|1750795544
|switch|p2a: Coach|Indeedee-F, L50, F, shiny|100/100
|switch|p1b: Calyrex|Calyrex-Ice, L50|100/100
|-ability|p1b: Calyrex|As One
|-ability|p1b: Calyrex|Unnerve
|-fieldstart|move: Psychic Terrain|[from] ability: Psychic Surge|[of] p2a: Coach
|turn|4
|
|t:|1750795558
|switch|p1a: Miraidon|Miraidon, L50|100/100
|-fieldstart|move: Electric Terrain|[from] ability: Hadron Engine|[of] p1a: Miraidon
|-terastallize|p1b: Calyrex|Water
|move|p2a: Coach|Helping Hand|p2b: Krakatoa
|-singleturn|p2b: Krakatoa|Helping Hand|[of] p2a: Coach
|move|p2b: Krakatoa|Eruption|p1b: Calyrex|[spread] p1a,p1b
|-resisted|p1a: Miraidon
|-resisted|p1b: Calyrex
|-damage|p1a: Miraidon|30/100
|-damage|p1b: Calyrex|51/100
|move|p1b: Calyrex|Trick Room|p1b: Calyrex
|-fieldend|move: Trick Room
|
|-weather|SunnyDay|[upkeep]
|-heal|p1b: Calyrex|57/100|[from] item: Leftovers
|upkeep
|turn|5
|-message|dimplewiskers forfeited.
|
|win|Kzaarai
|raw|Kzaarai's rating: 1348 &rarr; <strong>1373</strong><br />(+25 for winning)
|raw|dimplewiskers's rating: 1442 &rarr; <strong>1417</strong><br />(-25 for losing)
|l|☆dimplewiskers
|player|p2|
