|j|☆odin25dlg
|j|☆forgottenbladelost
|t:|1750711078
|gametype|doubles
|player|p1|odin25dlg|2|1483
|player|p2|forgottenbladelost|riley|1488
|teamsize|p1|6
|teamsize|p2|6
|gen|9
|tier|[Gen 9] VGC 2025 Reg I
|rated|
|rule|Species Clause: Limit one of each Pokémon
|rule|Item Clause: Limit 1 of each item
|clearpoke
|poke|p1|Calyrex-Shadow, L50|
|poke|p1|Miraidon, L50|
|poke|p1|Incineroar, L50, M|
|poke|p1|Whimsicott, L50, F|
|poke|p1|Urshifu-*, L50, F|
|poke|p1|Ogerpon-Hearthflame, L50, F|
|poke|p2|Zamazenta-*, L50|
|poke|p2|Terapagos, L50, M|
|poke|p2|Whimsicott, L50, M|
|poke|p2|Urshifu-*, L50, M|
|poke|p2|Gholdengo, L50|
|poke|p2|Thundurus-Therian, L50, M|
|teampreview|4
|inactive|Battle timer is ON: inactive players will automatically lose when time's up. (requested by odin25dlg)
|c|☆forgottenbladelost|Yo
forgottenbladelost rejected open team sheets.
|inactive|forgottenbladelost has 60 seconds left.
|
|t:|1750711125
|start
|switch|p1a: Whimsicott|Whimsicott, L50, F|100/100
|switch|p1b: Miraidon|Miraidon, L50|100/100
|switch|p2a: Terapagos|Terapagos, L50, M|100/100
|switch|p2b: Whimsicott|Whimsicott, L50, M|100/100
|-activate|p2a: Terapagos|ability: Tera Shift
|detailschange|p2a: Terapagos|Terapagos-Terastal, L50, M
|-heal|p2a: Terapagos|100/100|[silent]
|-fieldstart|move: Electric Terrain|[from] ability: Hadron Engine|[of] p1b: Miraidon
|turn|1
|l|☆odin25dlg
|inactive|odin25dlg disconnected and has a minute to reconnect!
|player|p1|
|j|☆odin25dlg
|inactive|odin25dlg reconnected and has 35 seconds left.
|player|p1|odin25dlg|2|
|inactive|odin25dlg has 30 seconds left.
|inactive|odin25dlg has 20 seconds left.
|
|t:|1750711164
|-terastallize|p1b: Miraidon|Fairy
|-terastallize|p2a: Terapagos|Stellar
|detailschange|p2a: Terapagos|Terapagos-Stellar, L50, M, tera:Stellar
|-heal|p2a: Terapagos|100/100|[silent]
|-ability|p2a: Terapagos|Teraform Zero
|-fieldend|move: Electric Terrain
|move|p2b: Whimsicott|Light Screen|p2b: Whimsicott
|-sidestart|p2: forgottenbladelost|move: Light Screen
|move|p1a: Whimsicott|Tailwind|p1a: Whimsicott
|-sidestart|p1: odin25dlg|move: Tailwind
|move|p1b: Miraidon|Dazzling Gleam|p2b: Whimsicott|[spread] p2a,p2b
|-crit|p2b: Whimsicott
|-damage|p2a: Terapagos|80/100
|-enditem|p2b: Whimsicott|Focus Sash
|-damage|p2b: Whimsicott|1/100
|move|p2a: Terapagos|Tera Starstorm|p1a: Whimsicott|[spread] p1a,p1b
|-supereffective|p1b: Miraidon
|-damage|p1a: Whimsicott|21/100
|-damage|p1b: Miraidon|0 fnt
|faint|p1b: Miraidon
|
|upkeep
|
|t:|1750711185
|switch|p1b: Urshifu|Urshifu-Rapid-Strike, L50, F|100/100
|turn|2
|
|t:|1750711203
|move|p2b: Whimsicott|Encore|p1a: Whimsicott
|-start|p1a: Whimsicott|Encore
|move|p1b: Urshifu|Close Combat|p2a: Terapagos
|-supereffective|p2a: Terapagos
|-damage|p2a: Terapagos|0 fnt
|-unboost|p1b: Urshifu|def|1
|-unboost|p1b: Urshifu|spd|1
|faint|p2a: Terapagos
|detailschange|p2: Terapagos|Terapagos, L50, M|[silent]
|move|p1a: Whimsicott|Tailwind||[still]
|-fail|p1a: Whimsicott
|
|upkeep
|
|t:|1750711214
|switch|p2a: Thundurus|Thundurus-Therian, L50, M|100/100
|turn|3
|
|t:|1750711223
|switch|p1b: Ogerpon|Ogerpon-Hearthflame, L50, F|100/100
|-ability|p1b: Ogerpon|Mold Breaker
|move|p1a: Whimsicott|Tailwind||[still]
|-fail|p1a: Whimsicott
|move|p2b: Whimsicott|Tailwind|p2b: Whimsicott
|-sidestart|p2: forgottenbladelost|move: Tailwind
|move|p2a: Thundurus|Wildbolt Storm|p1a: Whimsicott|[spread] p1a,p1b
|-resisted|p1a: Whimsicott
|-resisted|p1b: Ogerpon
|-damage|p1a: Whimsicott|0 fnt
|-damage|p1b: Ogerpon|76/100
|faint|p1a: Whimsicott
|
|upkeep
|
|t:|1750711233
|switch|p1a: Urshifu|Urshifu-Rapid-Strike, L50, F|100/100
|turn|4
|
|t:|1750711256
|move|p1a: Urshifu|Aqua Jet|p2a: Thundurus
|-damage|p2a: Thundurus|60/100
|move|p1b: Ogerpon|Ivy Cudgel|p2a: Thundurus|[anim] Ivy Cudgel Fire
|-damage|p2a: Thundurus|0 fnt
|faint|p2a: Thundurus
|move|p2b: Whimsicott|Dazzling Gleam|p1b: Ogerpon|[spread] p1a,p1b
|-supereffective|p1a: Urshifu
|-resisted|p1b: Ogerpon
|-damage|p1a: Urshifu|31/100
|-damage|p1b: Ogerpon|62/100
|
|-sideend|p1: odin25dlg|move: Tailwind
|upkeep
|
|t:|1750711268
|switch|p2a: Zamazenta|Zamazenta-Crowned, L50|100/100
|-ability|p2a: Zamazenta|Dauntless Shield|boost
|-boost|p2a: Zamazenta|def|1
|turn|5
|
|t:|1750711282
|move|p1b: Ogerpon|Spiky Shield|p1b: Ogerpon
|-singleturn|p1b: Ogerpon|move: Protect
|move|p1a: Urshifu|Aqua Jet|p2b: Whimsicott
|-resisted|p2b: Whimsicott
|-damage|p2b: Whimsicott|0 fnt
|faint|p2b: Whimsicott
|move|p2a: Zamazenta|Body Press|p1b: Ogerpon
|-activate|p1b: Ogerpon|move: Protect
|-damage|p2a: Zamazenta|89/100|[from] Spiky Shield|[of] p1b: Ogerpon
|
|-sideend|p2: forgottenbladelost|move: Light Screen
|upkeep
|turn|6
|inactive|odin25dlg has 30 seconds left.
|
|t:|1750711309
|move|p1b: Ogerpon|Spiky Shield||[still]
|-fail|p1b: Ogerpon
|move|p2a: Zamazenta|Body Press|p1a: Urshifu
|-damage|p1a: Urshifu|0 fnt
|faint|p1a: Urshifu
|
|-sideend|p2: forgottenbladelost|move: Tailwind
|upkeep
|turn|7
|
|t:|1750711319
|move|p2a: Zamazenta|Body Press|p1b: Ogerpon
|-damage|p1b: Ogerpon|0 fnt
|faint|p1b: Ogerpon
|
|win|forgottenbladelost
|raw|odin25dlg's rating: 1483 &rarr; <strong>1463</strong><br />(-20 for losing)
|raw|forgottenbladelost's rating: 1488 &rarr; <strong>1508</strong><br />(+20 for winning)
|c|☆forgottenbladelost|GG
|l|☆odin25dlg
|player|p1|
|l|☆forgottenbladelost
|player|p2|
