|j|☆Tony139
|j|☆clownedtocrowned
|t:|1750870205
|gametype|doubles
|player|p1|Tony139|170|1551
|player|p2|clownedtocrowned|grimsley-gen7|1542
|teamsize|p1|6
|teamsize|p2|6
|gen|9
|tier|[Gen 9] VGC 2025 Reg I
|rated|
|rule|Species Clause: Limit one of each Pokémon
|rule|Item Clause: Limit 1 of each item
|clearpoke
|poke|p1|Chi-Yu, L50|
|poke|p1|Weezing-Galar, L50, F|
|poke|p1|Walking Wake, L50|
|poke|p1|Calyrex-Shadow, L50|
|poke|p1|Brute Bonnet, L50|
|poke|p1|Koraidon, L50|
|poke|p2|Lunala, L50|
|poke|p2|Zacian-*, L50|
|poke|p2|Indeedee-F, L50, F|
|poke|p2|Regidrago, L50|
|poke|p2|Tornadus, L50, M|
|poke|p2|Gallade, L50, M|
|teampreview|4
|inactive|Battle timer is ON: inactive players will automatically lose when time's up. (requested by Tony139)
Tony139 rejected open team sheets.
|inactive|clownedtocrowned has 60 seconds left.
|
|t:|1750870263
|start
|switch|p1a: Koraidon|Koraidon, L50|100/100
|switch|p1b: Weezing|Weezing-Galar, L50, F|100/100
|switch|p2a: Zacian|Zacian-Crowned, L50, shiny|100/100
|switch|p2b: Lunala|Lunala, L50, shiny|100/100
|-ability|p1b: Weezing|Neutralizing Gas
|-block|p1a: Koraidon|item: Ability Shield
|-weather|SunnyDay|[from] ability: Orichalcum Pulse|[of] p1a: Koraidon
|-activate|p1a: Koraidon|Orichalcum Pulse|[source]
|turn|1
|
|t:|1750870280
|-terastallize|p1a: Koraidon|Fire
|move|p2a: Zacian|Protect|p2a: Zacian
|-singleturn|p2a: Zacian|Protect
|move|p1a: Koraidon|Flare Blitz|p2a: Zacian
|-activate|p2a: Zacian|move: Protect
|move|p2b: Lunala|Meteor Beam||[still]
|-prepare|p2b: Lunala|Meteor Beam
|-boost|p2b: Lunala|spa|1
|-enditem|p2b: Lunala|Power Herb
|-anim|p2b: Lunala|Meteor Beam|p1a: Koraidon
|-supereffective|p1a: Koraidon
|-crit|p1a: Koraidon
|-damage|p1a: Koraidon|0 fnt
|faint|p1a: Koraidon
|move|p1b: Weezing|Taunt|p2b: Lunala
|-start|p2b: Lunala|move: Taunt
|
|-weather|SunnyDay|[upkeep]
|upkeep
|
|t:|1750870286
|switch|p1a: Brute Bonnet|Brute Bonnet, L50|100/100
|turn|2
|
|t:|1750870305
|move|p2a: Zacian|Play Rough|p1a: Brute Bonnet
|-supereffective|p1a: Brute Bonnet
|-damage|p1a: Brute Bonnet|36/100
|-damage|p2a: Zacian|84/100|[from] item: Rocky Helmet|[of] p1a: Brute Bonnet
|move|p2b: Lunala|Expanding Force|p1b: Weezing
|-supereffective|p1b: Weezing
|-damage|p1b: Weezing|0 fnt
|faint|p1b: Weezing
|-end|p1b: Weezing|ability: Neutralizing Gas
|-ability|p2a: Zacian|Intrepid Sword|boost
|-boost|p2a: Zacian|atk|1
|-activate|p1a: Brute Bonnet|ability: Protosynthesis
|-start|p1a: Brute Bonnet|protosynthesisdef
|move|p1a: Brute Bonnet|Spore|p2b: Lunala
|-status|p2b: Lunala|slp|[from] move: Spore
|
|-weather|SunnyDay|[upkeep]
|upkeep
|
|t:|1750870312
|switch|p1b: Calyrex|Calyrex-Shadow, L50|100/100
|-ability|p1b: Calyrex|As One
|-ability|p1b: Calyrex|Unnerve
|turn|3
|inactive|clownedtocrowned has 30 seconds left.
|inactive|clownedtocrowned has 20 seconds left.
|
|t:|1750870350
|-terastallize|p2b: Lunala|Fire
|move|p1b: Calyrex|Astral Barrage|p2b: Lunala|[spread] p2a,p2b
|-damage|p2a: Zacian|32/100
|-damage|p2b: Lunala|80/100 slp
|move|p2a: Zacian|Play Rough|p1a: Brute Bonnet
|-supereffective|p1a: Brute Bonnet
|-damage|p1a: Brute Bonnet|0 fnt
|-damage|p2a: Zacian|15/100|[from] item: Rocky Helmet|[of] p1a: Brute Bonnet
|faint|p1a: Brute Bonnet
|-end|p1a: Brute Bonnet|Protosynthesis|[silent]
|cant|p2b: Lunala|slp
|
|-weather|SunnyDay|[upkeep]
|upkeep
|turn|4
|inactive|clownedtocrowned has 30 seconds left.
|
|t:|1750870378
|move|p2a: Zacian|Protect|p2a: Zacian
|-singleturn|p2a: Zacian|Protect
|move|p1b: Calyrex|Astral Barrage|p2a: Zacian|[spread] p2b
|-activate|p2a: Zacian|move: Protect
|-damage|p2b: Lunala|42/100 slp
|cant|p2b: Lunala|slp
|
|-weather|SunnyDay|[upkeep]
|-end|p2b: Lunala|move: Taunt
|upkeep
|turn|5
|
|t:|1750870390
|switch|p2a: Indeedee|Indeedee-F, L50, F|100/100
|-fieldstart|move: Psychic Terrain|[from] ability: Psychic Surge|[of] p2a: Indeedee
|move|p1b: Calyrex|Astral Barrage|p2a: Indeedee|[spread] p2b
|-immune|p2a: Indeedee
|-damage|p2b: Lunala|2/100 slp
|cant|p2b: Lunala|slp
|
|-weather|none
|upkeep
|turn|6
|
|t:|1750870407
|move|p1b: Calyrex|Psychic|p2b: Lunala
|-damage|p2b: Lunala|0 fnt
|faint|p2b: Lunala
|-ability|p1b: Calyrex|Grim Neigh|boost
|-boost|p1b: Calyrex|spa|1
|move|p2a: Indeedee|Trick Room|p2a: Indeedee
|-fieldstart|move: Trick Room|[of] p2a: Indeedee
|
|upkeep
|
|t:|1750870410
|switch|p2b: Zacian|Zacian-Crowned, L50, shiny|15/100
|turn|7
|
|t:|1750870417
|move|p2a: Indeedee|Alluring Voice|p1b: Calyrex
|-damage|p1b: Calyrex|82/100
|move|p2b: Zacian|Behemoth Blade|p1b: Calyrex
|-damage|p1b: Calyrex|17/100
|move|p1b: Calyrex|Astral Barrage|p2a: Indeedee|[spread] p2b
|-immune|p2a: Indeedee
|-damage|p2b: Zacian|0 fnt
|faint|p2b: Zacian
|-ability|p1b: Calyrex|Grim Neigh|boost
|-boost|p1b: Calyrex|spa|1
|
|upkeep
|
|t:|1750870422
|switch|p2b: Tornadus|Tornadus, L50, M|100/100
|turn|8
|
|t:|1750870431
|move|p1b: Calyrex|Protect|p1b: Calyrex
|-singleturn|p1b: Calyrex|Protect
|move|p2a: Indeedee|Alluring Voice|p1b: Calyrex
|-activate|p1b: Calyrex|move: Protect
|move|p2b: Tornadus|Bleakwind Storm|p1b: Calyrex
|-activate|p1b: Calyrex|move: Protect
|
|upkeep
|turn|9
|
|t:|1750870445
|move|p2a: Indeedee|Alluring Voice|p1b: Calyrex
|-damage|p1b: Calyrex|0 fnt
|faint|p1b: Calyrex
|
|win|clownedtocrowned
|raw|Tony139's rating: 1551 &rarr; <strong>1530</strong><br />(-21 for losing)
|raw|clownedtocrowned's rating: 1542 &rarr; <strong>1563</strong><br />(+21 for winning)
|l|☆Tony139
|player|p1|
|l|☆clownedtocrowned
|player|p2|
