|j|☆jhy200811
|j|☆Muckzy
|t:|1750870242
|gametype|doubles
|player|p1|jhy200811|dawn|1325
|player|p2|Muckzy|101|1407
|teamsize|p1|6
|teamsize|p2|6
|gen|9
|tier|[Gen 9] VGC 2025 Reg I
|rated|
|rule|Species Clause: Limit one of each Pokémon
|rule|Item Clause: Limit 1 of each item
|clearpoke
|poke|p1|Sylveon, L50, F|
|poke|p1|Torkoal, L50, F|
|poke|p1|Landorus, L50, M|
|poke|p1|Lunala, L50|
|poke|p1|Indeedee-F, L50, F|
|poke|p1|Calyrex-Ice, L50|
|poke|p2|Calyrex-Ice, L50|
|poke|p2|Ho-Oh, L50|
|poke|p2|Primarina, L50, M|
|poke|p2|Farigiraf, L50, M|
|poke|p2|Incineroar, L50, F|
|poke|p2|Brute Bonnet, L50|
|teampreview|4
|
|t:|1750870275
|start
|switch|p1a: Lunala|Lunala, L50|100/100
|switch|p1b: Sylveon|Sylveon, L50, F|100/100
|switch|p2a: Calyrex|Calyrex-Ice, L50|100/100
|switch|p2b: Ho-Oh|Ho-Oh, L50|100/100
|-ability|p2a: Calyrex|As One
|-ability|p2a: Calyrex|Unnerve
|turn|1
|
|t:|1750870296
|-terastallize|p2a: Calyrex|Water
|move|p2b: Ho-Oh|Protect|p2b: Ho-Oh
|-singleturn|p2b: Ho-Oh|Protect
|move|p1a: Lunala|Meteor Beam||[still]
|-prepare|p1a: Lunala|Meteor Beam
|-boost|p1a: Lunala|spa|1
|-enditem|p1a: Lunala|Power Herb
|-anim|p1a: Lunala|Meteor Beam|p2b: Ho-Oh
|-activate|p2b: Ho-Oh|move: Protect
|move|p1b: Sylveon|Hyper Beam|p2a: Calyrex
|-damage|p2a: Calyrex|18/100
|-mustrecharge|p1b: Sylveon
|move|p2a: Calyrex|Leech Seed|p1a: Lunala
|-start|p1a: Lunala|move: Leech Seed
|
|-heal|p2a: Calyrex|24/100|[from] item: Leftovers
|-damage|p1a: Lunala|88/100|[from] Leech Seed|[of] p2a: Calyrex
|-heal|p2a: Calyrex|38/100|[silent]
|upkeep
|turn|2
|
|t:|1750870331
|move|p2a: Calyrex|Protect|p2a: Calyrex
|-singleturn|p2a: Calyrex|Protect
|move|p1a: Lunala|Moongeist Beam|p2b: Ho-Oh
|-damage|p2b: Ho-Oh|45/100
|move|p2b: Ho-Oh|Sacred Fire|p1a: Lunala
|-damage|p1a: Lunala|25/100
|-status|p1a: Lunala|brn
|-damage|p2b: Ho-Oh|35/100|[from] item: Life Orb
|cant|p1b: Sylveon|recharge
|
|-heal|p2a: Calyrex|44/100|[from] item: Leftovers
|-damage|p1a: Lunala|13/100 brn|[from] Leech Seed|[of] p2a: Calyrex
|-heal|p2a: Calyrex|58/100|[silent]
|-damage|p1a: Lunala|7/100 brn|[from] brn
|upkeep
|turn|3
|
|t:|1750870369
|switch|p2b: Primarina|Primarina, L50, M|100/100
|switch|p2a: Incineroar|Incineroar, L50, F|100/100
|-ability|p2a: Incineroar|Intimidate|boost
|-unboost|p1a: Lunala|atk|1
|-unboost|p1b: Sylveon|atk|1
|move|p1a: Lunala|Moongeist Beam|p2b: Primarina
|-damage|p2b: Primarina|31/100
|move|p1b: Sylveon|Hyper Beam|p2a: Incineroar
|-damage|p2a: Incineroar|0 fnt
|-mustrecharge|p1b: Sylveon
|faint|p2a: Incineroar
|
|-damage|p1a: Lunala|1/100 brn|[from] brn
|upkeep
|
|t:|1750870387
|switch|p2a: Calyrex|Calyrex-Ice, L50, tera:Water|58/100
|-ability|p2a: Calyrex|As One
|-ability|p2a: Calyrex|Unnerve
|turn|4
|
|t:|1750870404
|move|p1a: Lunala|Moongeist Beam|p2b: Primarina
|-damage|p2b: Primarina|0 fnt
|faint|p2b: Primarina
|cant|p1b: Sylveon|recharge
|move|p2a: Calyrex|Leech Seed|p1b: Sylveon
|-start|p1b: Sylveon|move: Leech Seed
|
|-heal|p2a: Calyrex|64/100|[from] item: Leftovers
|-damage|p1a: Lunala|0 fnt|[from] Leech Seed|[of] p2a: Calyrex
|-heal|p2a: Calyrex|65/100|[silent]
|faint|p1a: Lunala
|-damage|p1b: Sylveon|88/100|[from] Leech Seed|[of] p2a: Calyrex
|-heal|p2a: Calyrex|76/100|[silent]
|upkeep
|
|t:|1750870422
|switch|p1a: Torkoal|Torkoal, L50, F|100/100
|switch|p2b: Ho-Oh|Ho-Oh, L50|69/100
|-weather|SunnyDay|[from] ability: Drought|[of] p1a: Torkoal
|turn|5
|
|t:|1750870433
|move|p2a: Calyrex|Protect|p2a: Calyrex
|-singleturn|p2a: Calyrex|Protect
|move|p2b: Ho-Oh|Earthquake|p1b: Sylveon|[spread] p1a,p1b
|-activate|p2a: Calyrex|move: Protect
|-supereffective|p1a: Torkoal
|-damage|p1a: Torkoal|46/100
|-damage|p1b: Sylveon|47/100
|-damage|p2b: Ho-Oh|59/100|[from] item: Life Orb
|move|p1b: Sylveon|Hyper Beam|p2a: Calyrex
|-activate|p2a: Calyrex|move: Protect
|move|p1a: Torkoal|Solar Beam||[still]
|-prepare|p1a: Torkoal|Solar Beam
|-anim|p1a: Torkoal|Solar Beam|p2a: Calyrex
|-activate|p2a: Calyrex|move: Protect
|
|-weather|SunnyDay|[upkeep]
|-heal|p2a: Calyrex|82/100|[from] item: Leftovers
|-damage|p1b: Sylveon|35/100|[from] Leech Seed|[of] p2a: Calyrex
|-heal|p2a: Calyrex|93/100|[silent]
|upkeep
|turn|6
|
|t:|1750870485
|move|p2b: Ho-Oh|Sacred Fire|p1b: Sylveon
|-damage|p1b: Sylveon|0 fnt
|faint|p1b: Sylveon
|-damage|p2b: Ho-Oh|49/100|[from] item: Life Orb
|move|p2a: Calyrex|Leech Seed|p1a: Torkoal
|-start|p1a: Torkoal|move: Leech Seed
|move|p1a: Torkoal|Solar Beam||[still]
|-prepare|p1a: Torkoal|Solar Beam
|-anim|p1a: Torkoal|Solar Beam|p2a: Calyrex
|-supereffective|p2a: Calyrex
|-damage|p2a: Calyrex|47/100
|
|-weather|SunnyDay|[upkeep]
|-heal|p2a: Calyrex|53/100|[from] item: Leftovers
|-damage|p1a: Torkoal|34/100|[from] Leech Seed|[of] p2a: Calyrex
|-heal|p2a: Calyrex|64/100|[silent]
|upkeep
|
|t:|1750870501
|switch|p1b: Landorus|Landorus, L50, M|100/100
|turn|7
|
|t:|1750870519
|-terastallize|p1b: Landorus|Ground
|move|p2b: Ho-Oh|Protect|p2b: Ho-Oh
|-singleturn|p2b: Ho-Oh|Protect
|move|p2a: Calyrex|Protect|p2a: Calyrex
|-singleturn|p2a: Calyrex|Protect
|move|p1b: Landorus|Earth Power|p2a: Calyrex
|-activate|p2a: Calyrex|move: Protect
|move|p1a: Torkoal|Solar Beam||[still]
|-prepare|p1a: Torkoal|Solar Beam
|-anim|p1a: Torkoal|Solar Beam|p2a: Calyrex
|-activate|p2a: Calyrex|move: Protect
|
|-weather|SunnyDay|[upkeep]
|-heal|p2a: Calyrex|70/100|[from] item: Leftovers
|-damage|p1a: Torkoal|21/100|[from] Leech Seed|[of] p2a: Calyrex
|-heal|p2a: Calyrex|80/100|[silent]
|upkeep
|turn|8
|
|t:|1750870560
|move|p1b: Landorus|Earth Power|p2a: Calyrex
|-damage|p2a: Calyrex|11/100
|move|p2b: Ho-Oh|Sacred Fire|p1b: Landorus
|-damage|p1b: Landorus|0 fnt
|faint|p1b: Landorus
|-damage|p2b: Ho-Oh|39/100|[from] item: Life Orb
|move|p2a: Calyrex|Glacial Lance|p1a: Torkoal
|-resisted|p1a: Torkoal
|-damage|p1a: Torkoal|0 fnt
|faint|p1a: Torkoal
|
|win|Muckzy
|raw|jhy200811's rating: 1325 &rarr; <strong>1310</strong><br />(-15 for losing)
|raw|Muckzy's rating: 1407 &rarr; <strong>1422</strong><br />(+15 for winning)
|l|☆jhy200811
|player|p1|
|l|☆Muckzy
|player|p2|
