|j|☆m3e
|j|☆higigig
|t:|1750741697
|gametype|doubles
|player|p1|m3e|169|1139
|player|p2|higigig|sisandbro|1196
|teamsize|p1|6
|teamsize|p2|6
|gen|9
|tier|[Gen 9] VGC 2025 Reg I
|rated|
|rule|Species Clause: Limit one of each Pokémon
|rule|Item Clause: Limit 1 of each item
|clearpoke
|poke|p1|Lunala, L50|
|poke|p1|Ursaluna, L50, M|
|poke|p1|Urshifu-*, L50, M|
|poke|p1|Miraidon, L50|
|poke|p1|Grimmsnarl, L50, M|
|poke|p1|Incineroar, L50, M|
|poke|p2|Lunala, L50|
|poke|p2|Kyogre, L50|
|poke|p2|Rillaboom, L50, F|
|poke|p2|Urshifu-*, L50, M|
|poke|p2|Incineroar, L50, M|
|poke|p2|Comfey, L50, F|
|teampreview|4
|inactive|Battle timer is ON: inactive players will automatically lose when time's up. (requested by higigig)
|inactive|higigig has 60 seconds left.
|
|t:|1750741729
|start
|switch|p1a: Lunala|Lunala, L50|100/100
|switch|p1b: Grimmsnarl|Grimmsnarl, L50, M|100/100
|switch|p2a: Lunala|Lunala, L50|100/100
|switch|p2b: Comfey|Comfey, L50, F|100/100
|turn|1
|inactive|m3e has 30 seconds left.
|
|t:|1750741755
|switch|p2b: Rillaboom|Rillaboom, L50, F|100/100
|-fieldstart|move: Grassy Terrain|[from] ability: Grassy Surge|[of] p2b: Rillaboom
|move|p1a: Lunala|Moongeist Beam|p2a: Lunala
|-supereffective|p2a: Lunala
|-damage|p2a: Lunala|46/100
|move|p2a: Lunala|Meteor Beam||[still]
|-prepare|p2a: Lunala|Meteor Beam
|-boost|p2a: Lunala|spa|1
|-enditem|p2a: Lunala|Power Herb
|-anim|p2a: Lunala|Meteor Beam|p1a: Lunala
|-damage|p1a: Lunala|81/100
|move|p1b: Grimmsnarl|Spirit Break|p2a: Lunala
|-damage|p2a: Lunala|21/100
|-unboost|p2a: Lunala|spa|1
|
|-heal|p1a: Lunala|87/100|[from] Grassy Terrain
|-heal|p2a: Lunala|27/100|[from] Grassy Terrain
|upkeep
|turn|2
|inactive|m3e has 30 seconds left.
|inactive|m3e has 20 seconds left.
|
|t:|1750741792
|switch|p1a: Miraidon|Miraidon, L50|100/100
|-fieldstart|move: Electric Terrain|[from] ability: Hadron Engine|[of] p1a: Miraidon
|switch|p2a: Comfey|Comfey, L50, F|100/100
|move|p1b: Grimmsnarl|Reflect|p1b: Grimmsnarl
|-sidestart|p1: m3e|Reflect
|move|p2b: Rillaboom|U-turn|p1b: Grimmsnarl
|-crit|p1b: Grimmsnarl
|-damage|p1b: Grimmsnarl|59/100
|
|t:|1750741806
|switch|p2b: Lunala|Lunala, L50|27/100|[from] U-turn
|
|upkeep
|turn|3
|inactive|m3e has 30 seconds left.
|inactive|higigig has 30 seconds left.
|
|t:|1750741832
|switch|p2b: Rillaboom|Rillaboom, L50, F|100/100
|-fieldstart|move: Grassy Terrain|[from] ability: Grassy Surge|[of] p2b: Rillaboom
|move|p2a: Comfey|Draining Kiss|p1a: Miraidon
|-supereffective|p1a: Miraidon
|-damage|p1a: Miraidon|83/100
|move|p1b: Grimmsnarl|Light Screen|p1b: Grimmsnarl
|-sidestart|p1: m3e|move: Light Screen
|move|p1a: Miraidon|Volt Switch|p2b: Rillaboom
|-resisted|p2b: Rillaboom
|-damage|p2b: Rillaboom|77/100
|
|t:|1750741845
|switch|p1a: Lunala|Lunala, L50|87/100|[from] Volt Switch
|
|-heal|p1a: Lunala|94/100|[from] Grassy Terrain
|-heal|p2b: Rillaboom|83/100|[from] Grassy Terrain
|-heal|p2b: Rillaboom|88/100|[from] item: Leftovers
|-heal|p1b: Grimmsnarl|65/100|[from] Grassy Terrain
|upkeep
|turn|4
|inactive|m3e has 30 seconds left.
|
|t:|1750741872
|switch|p2a: Kyogre|Kyogre, L50|100/100
|-weather|RainDance|[from] ability: Drizzle|[of] p2a: Kyogre
|switch|p1b: Miraidon|Miraidon, L50|83/100
|-fieldstart|move: Electric Terrain|[from] ability: Hadron Engine|[of] p1b: Miraidon
|-enditem|p1a: Lunala|Electric Seed
|-boost|p1a: Lunala|def|1|[from] item: Electric Seed
|move|p1a: Lunala|Moongeist Beam|p2b: Rillaboom
|-damage|p2b: Rillaboom|25/100
|move|p2b: Rillaboom|U-turn|p1a: Lunala
|-damage|p1a: Lunala|84/100
|
|t:|1750741887
|switch|p2b: Comfey|Comfey, L50, F|100/100|[from] U-turn
|
|-weather|RainDance|[upkeep]
|upkeep
|turn|5
|
|t:|1750741910
|-terastallize|p2a: Kyogre|Grass
|move|p2b: Comfey|Draining Kiss|p1b: Miraidon
|-supereffective|p1b: Miraidon
|-damage|p1b: Miraidon|71/100
|move|p1a: Lunala|Wide Guard|p1a: Lunala
|-singleturn|p1a: Lunala|Wide Guard
|move|p1b: Miraidon|Electro Drift|p2a: Kyogre
|-resisted|p2a: Kyogre
|-damage|p2a: Kyogre|81/100
|move|p2a: Kyogre|Water Spout|p1b: Miraidon|[spread] 
|-activate|p1a: Lunala|move: Wide Guard
|-activate|p1b: Miraidon|move: Wide Guard
|
|-weather|RainDance|[upkeep]
|upkeep
|turn|6
|inactive|m3e has 30 seconds left.
|inactive|m3e has 20 seconds left.
|
|t:|1750741949
|switch|p2b: Rillaboom|Rillaboom, L50, F|25/100
|-fieldstart|move: Grassy Terrain|[from] ability: Grassy Surge|[of] p2b: Rillaboom
|move|p1b: Miraidon|Snarl|p2a: Kyogre|[spread] p2a,p2b
|-damage|p2a: Kyogre|74/100
|-damage|p2b: Rillaboom|6/100
|-unboost|p2a: Kyogre|spa|1
|-unboost|p2b: Rillaboom|spa|1
|move|p1a: Lunala|Moongeist Beam|p2a: Kyogre
|-damage|p2a: Kyogre|51/100
|move|p2a: Kyogre|Ice Beam|p1b: Miraidon
|-supereffective|p1b: Miraidon
|-damage|p1b: Miraidon|55/100
|
|-weather|RainDance|[upkeep]
|-heal|p1b: Miraidon|61/100|[from] Grassy Terrain
|-heal|p1a: Lunala|90/100|[from] Grassy Terrain
|-heal|p2a: Kyogre|57/100|[from] Grassy Terrain
|-heal|p2b: Rillaboom|12/100|[from] Grassy Terrain
|-heal|p2b: Rillaboom|17/100|[from] item: Leftovers
|upkeep
|turn|7
|inactive|m3e has 30 seconds left.
|
|t:|1750741982
|switch|p2a: Comfey|Comfey, L50, F|100/100
|move|p1b: Miraidon|Volt Switch|p2b: Rillaboom
|-resisted|p2b: Rillaboom
|-damage|p2b: Rillaboom|0 fnt
|faint|p2b: Rillaboom
|
|t:|1750741993
|switch|p1b: Ursaluna|Ursaluna, L50, M|100/100|[from] Volt Switch
|move|p1a: Lunala|Moongeist Beam|p2a: Comfey
|-damage|p2a: Comfey|57/100
|
|-weather|RainDance|[upkeep]
|-heal|p2a: Comfey|63/100|[from] Grassy Terrain
|-heal|p1a: Lunala|97/100|[from] Grassy Terrain
|-status|p1b: Ursaluna|brn|[from] item: Flame Orb
|upkeep
|
|t:|1750741996
|switch|p2b: Kyogre|Kyogre, L50, tera:Grass|57/100
|turn|8
|inactive|m3e has 30 seconds left.
|
|t:|1750742030
|-terastallize|p1b: Ursaluna|Ghost
|move|p2a: Comfey|Floral Healing|p2b: Kyogre
|-heal|p2b: Kyogre|100/100
|move|p1a: Lunala|Moongeist Beam|p2b: Kyogre
|-damage|p2b: Kyogre|74/100
|move|p2b: Kyogre|Water Spout|p1a: Lunala|[spread] p1a,p1b
|-damage|p1a: Lunala|56/100
|-damage|p1b: Ursaluna|54/100 brn
|move|p1b: Ursaluna|Facade|p2b: Kyogre
|-damage|p2b: Kyogre|0 fnt
|faint|p2b: Kyogre
|
|-weather|none
|-heal|p2a: Comfey|68/100|[from] Grassy Terrain
|-heal|p1a: Lunala|62/100|[from] Grassy Terrain
|-heal|p1b: Ursaluna|60/100 brn|[from] Grassy Terrain
|-damage|p1b: Ursaluna|54/100 brn|[from] brn
|upkeep
|
|t:|1750742042
|switch|p2b: Lunala|Lunala, L50|27/100
|turn|9
|
|t:|1750742057
|move|p2a: Comfey|Floral Healing|p2b: Lunala
|-heal|p2b: Lunala|94/100
|move|p1a: Lunala|Moongeist Beam|p2b: Lunala
|-supereffective|p2b: Lunala
|-damage|p2b: Lunala|0 fnt
|faint|p2b: Lunala
|move|p1b: Ursaluna|Facade|p2a: Comfey
|-damage|p2a: Comfey|0 fnt
|faint|p2a: Comfey
|
|win|m3e
|raw|m3e's rating: 1139 &rarr; <strong>1168</strong><br />(+29 for winning)
|raw|higigig's rating: 1196 &rarr; <strong>1167</strong><br />(-29 for losing)
|l|☆higigig
|player|p2|
|l|☆m3e
|player|p1|
