|j|☆fer2906
|j|☆vloggers
|t:|1750863686
|gametype|doubles
|player|p1|fer2906|170|1083
|player|p2|vloggers|170|1152
|teamsize|p1|6
|teamsize|p2|6
|gen|9
|tier|[Gen 9] VGC 2025 Reg I
|rated|
|rule|Species Clause: Limit one of each Pokémon
|rule|Item Clause: Limit 1 of each item
|clearpoke
|poke|p1|Kyurem-White, L50|
|poke|p1|Zekrom, L50|
|poke|p1|Ninetales-Alola, L50, F|
|poke|p1|Tornadus, L50, M|
|poke|p1|Kingambit, L50, F|
|poke|p1|Amoonguss, L50, M|
|poke|p2|Calyrex-Shadow, L50|
|poke|p2|Moltres-Galar, L50|
|poke|p2|Zamazenta-*, L50|
|poke|p2|Grimmsnarl, L50, M|
|poke|p2|Landorus-Therian, L50, M|
|poke|p2|Rillaboom, L50, F|
|teampreview|4
|inactive|Battle timer is ON: inactive players will automatically lose when time's up. (requested by fer2906)
|
|t:|1750863719
|start
|switch|p1a: Zekrom|Zekrom, L50|100/100
|switch|p1b: Tornadus|Tornadus, L50, M|100/100
|switch|p2a: Calyrex|Calyrex-Shadow, L50|100/100
|switch|p2b: Moltres|Moltres-Galar, L50, shiny|100/100
|-ability|p2a: Calyrex|As One
|-ability|p2a: Calyrex|Unnerve
|-ability|p1a: Zekrom|Teravolt
|turn|1
|
|t:|1750863736
|-terastallize|p1a: Zekrom|Dark
|-terastallize|p2b: Moltres|Fairy
|move|p1b: Tornadus|Tailwind|p1b: Tornadus
|-sidestart|p1: fer2906|move: Tailwind
|move|p1a: Zekrom|Crunch|p2a: Calyrex
|-supereffective|p2a: Calyrex
|-crit|p2a: Calyrex
|-enditem|p2a: Calyrex|Focus Sash
|-damage|p2a: Calyrex|1/100
|move|p2a: Calyrex|Grass Knot|p1a: Zekrom
|-damage|p1a: Zekrom|54/100
|move|p2b: Moltres|Tailwind|p2b: Moltres
|-sidestart|p2: vloggers|move: Tailwind
|
|upkeep
|turn|2
|inactive|fer2906 has 30 seconds left.
|
|t:|1750863761
|move|p1b: Tornadus|Snowscape|p1b: Tornadus
|-weather|Snowscape
|move|p2a: Calyrex|Astral Barrage|p1b: Tornadus|[spread] p1a,p1b
|-resisted|p1a: Zekrom
|-damage|p1a: Zekrom|27/100
|-damage|p1b: Tornadus|56/100
|move|p1a: Zekrom|Crunch|p2a: Calyrex
|-supereffective|p2a: Calyrex
|-damage|p2a: Calyrex|0 fnt
|faint|p2a: Calyrex
|move|p2b: Moltres|Fiery Wrath|p1a: Zekrom|[spread] p1a,p1b
|-resisted|p1a: Zekrom
|-damage|p1a: Zekrom|11/100
|-damage|p1b: Tornadus|31/100
|
|-weather|Snowscape|[upkeep]
|upkeep
|
|t:|1750863768
|switch|p2a: Grimmsnarl|Grimmsnarl, L50, M, shiny|100/100
|turn|3
|
|t:|1750863784
|switch|p1a: Ninetales|Ninetales-Alola, L50, F|100/100
|move|p2a: Grimmsnarl|Light Screen|p2a: Grimmsnarl
|-sidestart|p2: vloggers|move: Light Screen
|move|p1b: Tornadus|Bleakwind Storm|p2b: Moltres|[spread] p2b
|-miss|p1b: Tornadus|p2a: Grimmsnarl
|-damage|p2b: Moltres|84/100
|move|p2b: Moltres|Fiery Wrath|p1b: Tornadus|[spread] p1a,p1b
|-resisted|p1a: Ninetales
|-damage|p1a: Ninetales|87/100
|-damage|p1b: Tornadus|7/100
|
|-weather|Snowscape|[upkeep]
|upkeep
|turn|4
|
|t:|1750863799
|move|p1b: Tornadus|Taunt|p2a: Grimmsnarl
|-hint|Since gen 7, Dark is immune to Prankster moves.
|-immune|p2a: Grimmsnarl
|move|p2a: Grimmsnarl|Thunder Wave|p1a: Ninetales
|-status|p1a: Ninetales|par
|move|p2b: Moltres|Fiery Wrath|p1a: Ninetales|[spread] p1a,p1b
|-resisted|p1a: Ninetales
|-damage|p1a: Ninetales|73/100 par
|-damage|p1b: Tornadus|0 fnt
|faint|p1b: Tornadus
|move|p1a: Ninetales|Aurora Veil|p1a: Ninetales
|-sidestart|p1: fer2906|move: Aurora Veil
|
|-weather|Snowscape|[upkeep]
|-sideend|p1: fer2906|move: Tailwind
|-sideend|p2: vloggers|move: Tailwind
|upkeep
|
|t:|1750863814
|switch|p1b: Kyurem|Kyurem-White, L50|100/100
|-ability|p1b: Kyurem|Turboblaze
|turn|5
|
|t:|1750863832
|move|p1b: Kyurem|Blizzard|p2b: Moltres|[spread] p2a,p2b
|-damage|p2a: Grimmsnarl|67/100
|-damage|p2b: Moltres|56/100
|move|p2b: Moltres|Tailwind|p2b: Moltres
|-sidestart|p2: vloggers|move: Tailwind
|move|p2a: Grimmsnarl|Spirit Break|p1b: Kyurem
|-supereffective|p1b: Kyurem
|-damage|p1b: Kyurem|76/100
|-unboost|p1b: Kyurem|spa|1
|move|p1a: Ninetales|Icy Wind|p2b: Moltres|[spread] p2b
|-miss|p1a: Ninetales|p2a: Grimmsnarl
|-damage|p2b: Moltres|49/100
|-ability|p2b: Moltres|Berserk|boost
|-boost|p2b: Moltres|spa|1
|
|-weather|Snowscape|[upkeep]
|upkeep
|turn|6
|
|t:|1750863852
|move|p2a: Grimmsnarl|Thunder Wave|p1b: Kyurem
|-status|p1b: Kyurem|par
|move|p2b: Moltres|Fiery Wrath|p1a: Ninetales|[spread] p1a,p1b
|-resisted|p1a: Ninetales
|-damage|p1a: Ninetales|58/100 par
|-damage|p1b: Kyurem|47/100 par
|move|p1b: Kyurem|Blizzard|p2a: Grimmsnarl|[spread] p2a,p2b
|-damage|p2a: Grimmsnarl|46/100
|-damage|p2b: Moltres|33/100
|move|p1a: Ninetales|Icy Wind|p2b: Moltres|[spread] p2a,p2b
|-damage|p2a: Grimmsnarl|38/100
|-damage|p2b: Moltres|27/100
|-unboost|p2a: Grimmsnarl|spe|1
|
|-weather|none
|upkeep
|turn|7
|
|t:|1750863869
|switch|p1a: Zekrom|Zekrom, L50, tera:Dark|11/100
|-ability|p1a: Zekrom|Teravolt
|move|p2b: Moltres|Fiery Wrath|p1b: Kyurem|[spread] p1a,p1b
|-resisted|p1a: Zekrom
|-damage|p1a: Zekrom|0 fnt
|-damage|p1b: Kyurem|21/100 par
|faint|p1a: Zekrom
|move|p1b: Kyurem|Blizzard|p2a: Grimmsnarl|[spread] p2a,p2b
|-damage|p2a: Grimmsnarl|17/100
|-damage|p2b: Moltres|9/100
|move|p2a: Grimmsnarl|Spirit Break|p1b: Kyurem
|-supereffective|p1b: Kyurem
|-damage|p1b: Kyurem|0 fnt
|faint|p1b: Kyurem
|
|upkeep
|
|t:|1750863884
|switch|p1a: Ninetales|Ninetales-Alola, L50, F|58/100 par
|-weather|Snowscape|[from] ability: Snow Warning|[of] p1a: Ninetales
|turn|8
|
|t:|1750863894
|move|p2b: Moltres|Fiery Wrath|p1a: Ninetales
|-resisted|p1a: Ninetales
|-damage|p1a: Ninetales|38/100 par
|move|p2a: Grimmsnarl|Spirit Break|p1a: Ninetales
|-damage|p1a: Ninetales|23/100 par
|-unboost|p1a: Ninetales|spa|1
|cant|p1a: Ninetales|flinch
|
|-weather|Snowscape|[upkeep]
|-sideend|p2: vloggers|move: Tailwind
|upkeep
|turn|9
|-message|fer2906 forfeited.
|
|win|vloggers
|raw|fer2906's rating: 1083 &rarr; <strong>1065</strong><br />(-18 for losing)
|raw|vloggers's rating: 1152 &rarr; <strong>1172</strong><br />(+20 for winning)
|l|☆fer2906
|player|p1|
