|j|☆flemmardo
|j|☆HarrietThugman
|t:|1750874169
|gametype|doubles
|player|p1|flemmardo|ghetsis-gen5bw|1188
|player|p2|HarrietThugman|102|1173
|teamsize|p1|6
|teamsize|p2|6
|gen|9
|tier|[Gen 9] VGC 2025 Reg I
|rated|
|rule|Species Clause: Limit one of each Pokémon
|rule|Item Clause: Limit 1 of each item
|clearpoke
|poke|p1|Miraidon, L50|
|poke|p1|Calyrex-Ice, L50|
|poke|p1|Iron Hands, L50|
|poke|p1|Farigiraf, L50, F|
|poke|p1|Urshifu-*, L50, M|
|poke|p1|Ogerpon-Cornerstone, L50, F|
|poke|p2|Calyrex-Shadow, L50|
|poke|p2|Chi-Yu, L50|
|poke|p2|Minior, L50|
|poke|p2|Zacian-*, L50|
|poke|p2|Flutter Mane, L50|
|poke|p2|Rillaboom, L50, M|
|teampreview|4
|inactive|Battle timer is ON: inactive players will automatically lose when time's up. (requested by flemmardo)
|c|☆HarrietThugman|Cool team
|c|☆HarrietThugman|if only you fucked wit minior liek me
|inactive|HarrietThugman has 60 seconds left.
|
|t:|1750874263
|start
|switch|p1a: Miraidon|Miraidon, L50|100/100
|switch|p1b: Farigiraf|Farigiraf, L50, F|100/100
|switch|p2a: Calyrex|Calyrex-Shadow, L50|100/100
|switch|p2b: Rillaboom|Rillaboom, L50, M|100/100
|-ability|p2a: Calyrex|As One
|-ability|p2a: Calyrex|Unnerve
|-fieldstart|move: Electric Terrain|[from] ability: Hadron Engine|[of] p1a: Miraidon
|-enditem|p1b: Farigiraf|Electric Seed
|-boost|p1b: Farigiraf|def|1|[from] item: Electric Seed
|-fieldstart|move: Grassy Terrain|[from] ability: Grassy Surge|[of] p2b: Rillaboom
|turn|1
|inactive|flemmardo has 30 seconds left.
|
|t:|1750874289
|switch|p1a: Iron Hands|Iron Hands, L50|100/100
|-terastallize|p2b: Rillaboom|Dark
|move|p2a: Calyrex|Dark Pulse|p1b: Farigiraf
|-supereffective|p1b: Farigiraf
|-damage|p1b: Farigiraf|43/100
|move|p2b: Rillaboom|Knock Off|p1b: Farigiraf
|-supereffective|p1b: Farigiraf
|-damage|p1b: Farigiraf|3/100
|move|p1b: Farigiraf|Trick Room|p1b: Farigiraf
|-fieldstart|move: Trick Room|[of] p1b: Farigiraf
|
|-heal|p1b: Farigiraf|9/100|[from] Grassy Terrain
|upkeep
|turn|2
|inactive|HarrietThugman has 30 seconds left.
|
|t:|1750874316
|move|p1a: Iron Hands|Fake Out|p2b: Rillaboom
|-damage|p2b: Rillaboom|86/100
|move|p1b: Farigiraf|Foul Play|p2a: Calyrex
|-supereffective|p2a: Calyrex
|-damage|p2a: Calyrex|27/100
|move|p2b: Rillaboom|U-turn|p1b: Farigiraf
|-supereffective|p1b: Farigiraf
|-damage|p1b: Farigiraf|0 fnt
|faint|p1b: Farigiraf
|
|t:|1750874325
|switch|p2b: Minior|Minior, L50, shiny|100/100|[from] U-turn
|-formechange|p2b: Minior|Minior-Meteor||[from] ability: Shields Down
|move|p2a: Calyrex|Dark Pulse|p1a: Iron Hands
|-resisted|p1a: Iron Hands
|-damage|p1a: Iron Hands|92/100
|
|-heal|p1a: Iron Hands|98/100|[from] Grassy Terrain
|-heal|p2a: Calyrex|33/100|[from] Grassy Terrain
|upkeep
|
|t:|1750874337
|switch|p1b: Calyrex|Calyrex-Ice, L50|100/100
|-ability|p1b: Calyrex|As One
|-ability|p1b: Calyrex|Unnerve
|turn|3
|
|t:|1750874362
|move|p2a: Calyrex|Protect|p2a: Calyrex
|-singleturn|p2a: Calyrex|Protect
|move|p1a: Iron Hands|Drain Punch|p2b: Minior
|-damage|p2b: Minior|45/100
|-heal|p1a: Iron Hands|100/100|[from] drain|[of] p2b: Minior
|move|p1b: Calyrex|Glacial Lance|p2a: Calyrex|[spread] p2b
|-activate|p2a: Calyrex|move: Protect
|-supereffective|p2b: Minior
|-damage|p2b: Minior|0 fnt
|faint|p2b: Minior
|-ability|p1b: Calyrex|Chilling Neigh|boost
|-boost|p1b: Calyrex|atk|1
|
|-heal|p2a: Calyrex|39/100|[from] Grassy Terrain
|upkeep
|
|t:|1750874371
|switch|p2b: Rillaboom|Rillaboom, L50, M, tera:Dark|86/100
|turn|4
|inactive|flemmardo has 30 seconds left.
|inactive|flemmardo has 20 seconds left.
|
|t:|1750874410
|move|p1b: Calyrex|Protect|p1b: Calyrex
|-singleturn|p1b: Calyrex|Protect
|move|p2b: Rillaboom|Fake Out|p1b: Calyrex
|-activate|p1b: Calyrex|move: Protect
|move|p1a: Iron Hands|Drain Punch|p2b: Rillaboom
|-supereffective|p2b: Rillaboom
|-damage|p2b: Rillaboom|0 fnt
|faint|p2b: Rillaboom
|move|p2a: Calyrex|Astral Barrage|p1b: Calyrex|[spread] p1a
|-activate|p1b: Calyrex|move: Protect
|-damage|p1a: Iron Hands|71/100
|
|-heal|p1a: Iron Hands|77/100|[from] Grassy Terrain
|-heal|p2a: Calyrex|44/100|[from] Grassy Terrain
|upkeep
|
|t:|1750874417
|switch|p2b: Zacian|Zacian-Crowned, L50|100/100
|-ability|p2b: Zacian|Intrepid Sword|boost
|-boost|p2b: Zacian|atk|1
|turn|5
|
|t:|1750874427
|move|p2a: Calyrex|Protect|p2a: Calyrex
|-singleturn|p2a: Calyrex|Protect
|move|p1a: Iron Hands|Low Kick|p2b: Zacian
|-damage|p2b: Zacian|33/100
|move|p1b: Calyrex|High Horsepower|p2b: Zacian
|-supereffective|p2b: Zacian
|-damage|p2b: Zacian|0 fnt
|faint|p2b: Zacian
|-ability|p1b: Calyrex|Chilling Neigh|boost
|-boost|p1b: Calyrex|atk|1
|
|-heal|p1a: Iron Hands|83/100|[from] Grassy Terrain
|-heal|p2a: Calyrex|50/100|[from] Grassy Terrain
|-fieldend|move: Trick Room
|-fieldend|move: Grassy Terrain
|upkeep
|turn|6
|inactive|flemmardo has 30 seconds left.
|c|☆HarrietThugman|Im doing very well
|inactive|flemmardo has 20 seconds left.
|inactive|flemmardo has 15 seconds left.
|
|t:|1750874472
|move|p2a: Calyrex|Astral Barrage|p1b: Calyrex|[spread] p1a,p1b
|-supereffective|p1b: Calyrex
|-damage|p1a: Iron Hands|53/100
|-damage|p1b: Calyrex|28/100
|move|p1b: Calyrex|Glacial Lance|p2a: Calyrex
|-damage|p2a: Calyrex|0 fnt
|faint|p2a: Calyrex
|
|win|flemmardo
