|j|☆superpowerpoke
|j|☆mailo100
|t:|1750834413
|gametype|doubles
|player|p1|superpowerpoke|266|1610
|player|p2|mailo100|grimsley|1637
|teamsize|p1|6
|teamsize|p2|6
|gen|9
|tier|[Gen 9] VGC 2025 Reg I
|rated|
|rule|Species Clause: Limit one of each Pokémon
|rule|Item Clause: Limit 1 of each item
|clearpoke
|poke|p1|Kyogre, L50|
|poke|p1|Calyrex-Ice, L50|
|poke|p1|Incineroar, L50, M|
|poke|p1|Iron Jugulis, L50|
|poke|p1|Raichu, L50, M|
|poke|p1|Gastrodon, L50, M|
|poke|p2|Gouging Fire, L50|
|poke|p2|Raging Bolt, L50|
|poke|p2|Groudon, L50|
|poke|p2|Lilligant-Hisui, L50, F|
|poke|p2|Lunala, L50|
|poke|p2|Grimmsnarl, L50, M|
|teampreview|4
|inactive|Battle timer is ON: inactive players will automatically lose when time's up. (requested by mailo100)
|
|t:|1750834441
|start
|switch|p1a: Raichu|Raichu, L50, M|100/100
|switch|p1b: Iron Jugulis|Iron Jugulis, L50|100/100
|switch|p2a: Lunala|Lunala, L50, shiny|100/100
|switch|p2b: Grimmsnarl|Grimmsnarl, L50, M, shiny|100/100
|-enditem|p1b: Iron Jugulis|Booster Energy
|-activate|p1b: Iron Jugulis|ability: Quark Drive|[fromitem]
|-start|p1b: Iron Jugulis|quarkdrivespe
|turn|1
|inactive|superpowerpoke has 30 seconds left.
|
|t:|1750834476
|switch|p2a: Groudon|Groudon, L50, shiny|100/100
|-weather|SunnyDay|[from] ability: Drought|[of] p2a: Groudon
|move|p1b: Iron Jugulis|Snarl|p2a: Groudon|[spread] p2a,p2b
|-resisted|p2b: Grimmsnarl
|-damage|p2a: Groudon|90/100
|-damage|p2b: Grimmsnarl|97/100
|-unboost|p2a: Groudon|spa|1
|-unboost|p2b: Grimmsnarl|spa|1
|move|p1a: Raichu|Nuzzle|p2a: Groudon
|-immune|p2a: Groudon
|move|p2b: Grimmsnarl|Spirit Break|p1b: Iron Jugulis
|-supereffective|p1b: Iron Jugulis
|-damage|p1b: Iron Jugulis|40/100
|-unboost|p1b: Iron Jugulis|spa|1
|
|-weather|SunnyDay|[upkeep]
|upkeep
|turn|2
|
|t:|1750834500
|move|p1b: Iron Jugulis|Tailwind|p1b: Iron Jugulis
|-sidestart|p1: superpowerpoke|move: Tailwind
|move|p1a: Raichu|Thunder|p2b: Grimmsnarl
|-damage|p2b: Grimmsnarl|59/100
|move|p2a: Groudon|Rock Slide|p1b: Iron Jugulis|[spread] p1a,p1b
|-supereffective|p1b: Iron Jugulis
|-damage|p1a: Raichu|55/100
|-damage|p1b: Iron Jugulis|0 fnt
|faint|p1b: Iron Jugulis
|-end|p1b: Iron Jugulis|Quark Drive|[silent]
|move|p2b: Grimmsnarl|Spirit Break|p1a: Raichu
|-damage|p1a: Raichu|0 fnt
|faint|p1a: Raichu
|
|-weather|SunnyDay|[upkeep]
|upkeep
|
|t:|1750834509
|switch|p1a: Kyogre|Kyogre, L50|100/100
|switch|p1b: Calyrex|Calyrex-Ice, L50|100/100
|-ability|p1b: Calyrex|As One
|-ability|p1b: Calyrex|Unnerve
|-weather|RainDance|[from] ability: Drizzle|[of] p1a: Kyogre
|turn|3
|
|t:|1750834520
|switch|p2a: Lunala|Lunala, L50, shiny|100/100
|move|p2b: Grimmsnarl|Light Screen|p2b: Grimmsnarl
|-sidestart|p2: mailo100|move: Light Screen
|move|p1a: Kyogre|Water Spout|p2a: Lunala|[spread] p2a,p2b
|-damage|p2a: Lunala|75/100
|-damage|p2b: Grimmsnarl|0 fnt
|faint|p2b: Grimmsnarl
|move|p1b: Calyrex|Glacial Lance|p2a: Lunala
|-damage|p2a: Lunala|12/100
|
|-weather|RainDance|[upkeep]
|upkeep
|
|t:|1750834529
|switch|p2b: Groudon|Groudon, L50, shiny|90/100
|-weather|SunnyDay|[from] ability: Drought|[of] p2b: Groudon
|turn|4
|
|t:|1750834544
|-terastallize|p1b: Calyrex|Fire
|move|p2a: Lunala|Wide Guard|p2a: Lunala
|-singleturn|p2a: Lunala|Wide Guard
|move|p1a: Kyogre|Thunder|p2a: Lunala|[miss]
|-miss|p1a: Kyogre|p2a: Lunala
|move|p1b: Calyrex|Glacial Lance|p2a: Lunala|[spread] 
|-activate|p2a: Lunala|move: Wide Guard
|-activate|p2b: Groudon|move: Wide Guard
|move|p2b: Groudon|Precipice Blades|p1a: Kyogre|[spread] 
|-miss|p2b: Groudon|p1a: Kyogre
|-miss|p2b: Groudon|p1b: Calyrex
|
|-weather|SunnyDay|[upkeep]
|upkeep
|turn|5
|inactive|superpowerpoke has 30 seconds left.
|
|t:|1750834574
|-terastallize|p2b: Groudon|Fire
|move|p1a: Kyogre|Thunder|p2a: Lunala
|-damage|p2a: Lunala|0 fnt
|faint|p2a: Lunala
|move|p2b: Groudon|Precipice Blades|p1b: Calyrex|[spread] p1a,p1b
|-supereffective|p1b: Calyrex
|-damage|p1a: Kyogre|47/100
|-damage|p1b: Calyrex|29/100
|move|p1b: Calyrex|Trick Room|p1b: Calyrex
|-fieldstart|move: Trick Room|[of] p1b: Calyrex
|
|-weather|SunnyDay|[upkeep]
|-sideend|p1: superpowerpoke|move: Tailwind
|upkeep
|
|t:|1750834578
|switch|p2a: Raging Bolt|Raging Bolt, L50|100/100
|-activate|p2a: Raging Bolt|ability: Protosynthesis
|-start|p2a: Raging Bolt|protosynthesisspa
|turn|6
|-message|superpowerpoke forfeited.
|
|win|mailo100
|raw|superpowerpoke's rating: 1610 &rarr; <strong>1592</strong><br />(-18 for losing)
|raw|mailo100's rating: 1637 &rarr; <strong>1655</strong><br />(+18 for winning)
|l|☆superpowerpoke
|player|p1|
|l|☆mailo100
|player|p2|
