|j|‽Shrekers13
|j|☆xiaochuanOVO
|t:|1750824321
|gametype|doubles
|player|p1|Shrekers13|265|1478
|player|p2|xiaochuanOVO|cynthia|1645
|teamsize|p1|6
|teamsize|p2|6
|gen|9
|tier|[Gen 9] VGC 2025 Reg I
|rated|
|rule|Species Clause: Limit one of each Pokémon
|rule|Item Clause: Limit 1 of each item
|clearpoke
|poke|p1|Calyrex-Ice, L50|
|poke|p1|Miraidon, L50|
|poke|p1|Iron Hands, L50|
|poke|p1|Iron Bundle, L50|
|poke|p1|Ogerpon-Hearthflame, L50, F|
|poke|p1|Farigiraf, L50, F|
|poke|p2|Miraidon, L50|
|poke|p2|Calyrex-Ice, L50|
|poke|p2|Incineroar, L50, M|
|poke|p2|Urshifu-*, L50, M|
|poke|p2|Grimmsnarl, L50, M|
|poke|p2|Landorus, L50, M|
|teampreview|4
|inactive|Battle timer is ON: inactive players will automatically lose when time's up. (requested by xiaochuanOVO)
|inactive|Shrekers13 has 60 seconds left.
|
|t:|1750824373
|start
|switch|p1a: Miraidon|Miraidon, L50|100/100
|switch|p1b: Iron Hands|Iron Hands, L50, shiny|100/100
|switch|p2a: Incineroar|Incineroar, L50, M, shiny|100/100
|switch|p2b: Calyrex|Calyrex-Ice, L50|100/100
|-ability|p2b: Calyrex|As One
|-ability|p2b: Calyrex|Unnerve
|-fieldstart|move: Electric Terrain|[from] ability: Hadron Engine|[of] p1a: Miraidon
|-activate|p1b: Iron Hands|ability: Quark Drive
|-start|p1b: Iron Hands|quarkdriveatk
|-ability|p2a: Incineroar|Intimidate|boost
|-unboost|p1a: Miraidon|atk|1
|-unboost|p1b: Iron Hands|atk|1
|turn|1
|
|t:|1750824391
|switch|p2a: Landorus|Landorus, L50, M, shiny|100/100
|-end|p1b: Iron Hands|Quark Drive|[silent]
|switch|p1b: Farigiraf|Farigiraf, L50, F, shiny|100/100
|-enditem|p1b: Farigiraf|Electric Seed
|-boost|p1b: Farigiraf|def|1|[from] item: Electric Seed
|move|p2b: Calyrex|Protect|p2b: Calyrex
|-singleturn|p2b: Calyrex|Protect
|move|p1a: Miraidon|Electro Drift|p2a: Landorus
|-immune|p2a: Landorus
|
|upkeep
|turn|2
|
|t:|1750824413
|switch|p2b: Miraidon|Miraidon, L50|100/100
|-activate|p2b: Miraidon|ability: Hadron Engine
|-terastallize|p1a: Miraidon|Fairy
|move|p1b: Farigiraf|Helping Hand|p1a: Miraidon
|-singleturn|p1a: Miraidon|Helping Hand|[of] p1b: Farigiraf
|move|p1a: Miraidon|Electro Drift|p2b: Miraidon
|-resisted|p2b: Miraidon
|-damage|p2b: Miraidon|66/100
|move|p2a: Landorus|Earth Power|p1a: Miraidon
|-damage|p1a: Miraidon|29/100
|
|upkeep
|turn|3
|inactive|xiaochuanOVO has 30 seconds left.
|inactive|Shrekers13 has 30 seconds left.
|inactive|xiaochuanOVO has 20 seconds left.
|
|t:|1750824451
|switch|p1a: Iron Hands|Iron Hands, L50, shiny|100/100
|-activate|p1a: Iron Hands|ability: Quark Drive
|-start|p1a: Iron Hands|quarkdriveatk
|move|p2b: Miraidon|Volt Switch|p1b: Farigiraf
|-damage|p1b: Farigiraf|22/100
|
|t:|1750824459
|switch|p2b: Calyrex|Calyrex-Ice, L50|100/100|[from] Volt Switch
|-ability|p2b: Calyrex|As One
|-ability|p2b: Calyrex|Unnerve
|move|p2a: Landorus|Earth Power|p1a: Iron Hands
|-supereffective|p1a: Iron Hands
|-damage|p1a: Iron Hands|24/100
|move|p1b: Farigiraf|Psychic Noise|p2a: Landorus
|-damage|p2a: Landorus|68/100
|-start|p2a: Landorus|move: Heal Block
|
|upkeep
|turn|4
|j| johnkharkiv
|inactive|xiaochuanOVO has 30 seconds left.
|
|t:|1750824487
|switch|p1b: Ogerpon|Ogerpon-Hearthflame, L50, F|100/100
|-ability|p1b: Ogerpon|Mold Breaker
|move|p1a: Iron Hands|Fake Out|p2a: Landorus
|-damage|p2a: Landorus|49/100
|cant|p2a: Landorus|flinch
|move|p2b: Calyrex|Glacial Lance|p1b: Ogerpon|[spread] p1a,p1b
|-crit|p1b: Ogerpon
|-damage|p1a: Iron Hands|0 fnt
|-damage|p1b: Ogerpon|0 fnt
|faint|p1a: Iron Hands
|-end|p1a: Iron Hands|Quark Drive|[silent]
|faint|p1b: Ogerpon
|-ability|p2b: Calyrex|Chilling Neigh|boost
|-boost|p2b: Calyrex|atk|2
|
|-end|p2a: Landorus|move: Heal Block
|upkeep
|
|t:|1750824502
|switch|p1b: Farigiraf|Farigiraf, L50, F, shiny|22/100
|switch|p1a: Miraidon|Miraidon, L50, tera:Fairy|29/100
|-activate|p1a: Miraidon|ability: Hadron Engine
|turn|5
|
|t:|1750824513
|move|p2a: Landorus|Protect|p2a: Landorus
|-singleturn|p2a: Landorus|Protect
|move|p2b: Calyrex|Protect|p2b: Calyrex
|-singleturn|p2b: Calyrex|Protect
|move|p1a: Miraidon|Draco Meteor|p2a: Landorus
|-activate|p2a: Landorus|move: Protect
|move|p1b: Farigiraf|Foul Play|p2b: Calyrex
|-activate|p2b: Calyrex|move: Protect
|
|-fieldend|move: Electric Terrain
|upkeep
|turn|6
|
|t:|1750824529
|-terastallize|p2b: Calyrex|Water
|move|p1a: Miraidon|Draco Meteor|p2a: Landorus
|-damage|p2a: Landorus|0 fnt
|-unboost|p1a: Miraidon|spa|2
|faint|p2a: Landorus
|move|p1b: Farigiraf|Foul Play|p2b: Calyrex
|-damage|p2b: Calyrex|54/100
|move|p2b: Calyrex|Glacial Lance|p1a: Miraidon|[spread] p1a,p1b
|-damage|p1a: Miraidon|0 fnt
|-damage|p1b: Farigiraf|0 fnt
|faint|p1a: Miraidon
|faint|p1b: Farigiraf
|
|win|xiaochuanOVO
|raw|Shrekers13's rating: 1478 &rarr; <strong>1467</strong><br />(-11 for losing)
|raw|xiaochuanOVO's rating: 1645 &rarr; <strong>1656</strong><br />(+11 for winning)
|l|‽Shrekers13
|player|p1|
