|j|☆Wkakaka
|j|☆Nissim17
|t:|1750799821
|gametype|doubles
|player|p1|Wkakaka|2|1094
|player|p2|Nissim17|blue|1064
|teamsize|p1|5
|teamsize|p2|6
|gen|9
|tier|[Gen 9] VGC 2025 Reg I
|rated|
|rule|Species Clause: Limit one of each Pokémon
|rule|Item Clause: Limit 1 of each item
|clearpoke
|poke|p1|Miraidon, L50|
|poke|p1|Whimsicott, L50, F|
|poke|p1|Incineroar, L50, F|
|poke|p1|Rillaboom, L50, M|
|poke|p1|Calyrex-Shadow, L50|
|poke|p2|Zacian-*, L50|
|poke|p2|Pikachu, L50, M|
|poke|p2|Kyogre, L50|
|poke|p2|Urshifu-*, L50, M|
|poke|p2|Roaring Moon, L50|
|poke|p2|Indeedee-F, L50, F|
|teampreview|4
|inactive|Battle timer is ON: inactive players will automatically lose when time's up. (requested by Wkakaka)
|
|t:|1750799842
|start
|switch|p1a: Incineroar|Incineroar, L50, F|100/100
|switch|p1b: Calyrex|Calyrex-Shadow, L50|100/100
|switch|p2a: Indeedee|Indeedee-F, L50, F|100/100
|switch|p2b: Zacian|Zacian-Crowned, L50|100/100
|-ability|p1b: Calyrex|As One
|-ability|p1b: Calyrex|Unnerve
|-ability|p2b: Zacian|Intrepid Sword|boost
|-boost|p2b: Zacian|atk|1
|-fieldstart|move: Psychic Terrain|[from] ability: Psychic Surge|[of] p2a: Indeedee
|-ability|p1a: Incineroar|Intimidate|boost
|-unboost|p2a: Indeedee|atk|1
|-unboost|p2b: Zacian|atk|1
|turn|1
|inactive|Nissim17 has 30 seconds left.
|inactive|Nissim17 has 20 seconds left.
|inactive|Nissim17 has 15 seconds left.
|inactive|Nissim17 has 10 seconds left.
|inactive|Nissim17 has 5 seconds left.
|
|t:|1750799897
|move|p1a: Incineroar|Fake Out|p2b: Zacian
|-activate|p2b: Zacian|move: Psychic Terrain
|move|p1b: Calyrex|Nasty Plot|p1b: Calyrex
|-boost|p1b: Calyrex|spa|2
|move|p2b: Zacian|Behemoth Blade|p1b: Calyrex
|-damage|p1b: Calyrex|25/100
|move|p2a: Indeedee|Psychic|p1a: Incineroar
|-immune|p1a: Incineroar
|
|upkeep
|turn|2
|inactive|Nissim17 has 30 seconds left.
|inactive|Nissim17 has 20 seconds left.
|inactive|Nissim17 has 15 seconds left.
|inactive|Nissim17 has 10 seconds left.
|
|t:|1750799943
|move|p1b: Calyrex|Protect|p1b: Calyrex
|-singleturn|p1b: Calyrex|Protect
|move|p2b: Zacian|Protect|p2b: Zacian
|-singleturn|p2b: Zacian|Protect
|move|p1a: Incineroar|Parting Shot|p2b: Zacian
|-activate|p2b: Zacian|move: Protect
|move|p2a: Indeedee|Trick Room|p2a: Indeedee
|-fieldstart|move: Trick Room|[of] p2a: Indeedee
|
|upkeep
|turn|3
|
|t:|1750799960
|move|p2a: Indeedee|Follow Me|p2a: Indeedee
|-singleturn|p2a: Indeedee|move: Follow Me
|move|p1a: Incineroar|Parting Shot|p2a: Indeedee
|-unboost|p2a: Indeedee|atk|1
|-unboost|p2a: Indeedee|spa|1
|
|t:|1750799971
|switch|p1a: Miraidon|Miraidon, L50|100/100|[from] Parting Shot
|-fieldstart|move: Electric Terrain|[from] ability: Hadron Engine|[of] p1a: Miraidon
|move|p2b: Zacian|Behemoth Blade|p1b: Calyrex
|-damage|p1b: Calyrex|0 fnt
|faint|p1b: Calyrex
|
|upkeep
|
|t:|1750799980
|switch|p1b: Incineroar|Incineroar, L50, F|100/100
|-ability|p1b: Incineroar|Intimidate|boost
|-unboost|p2a: Indeedee|atk|1
|-unboost|p2b: Zacian|atk|1
|turn|4
|inactive|Wkakaka has 30 seconds left.
|inactive|Nissim17 has 30 seconds left.
|
|t:|1750800011
|switch|p2b: Pikachu|Pikachu, L50, M|100/100
|move|p1b: Incineroar|Fake Out|p2a: Indeedee
|-damage|p2a: Indeedee|86/100
|-damage|p1b: Incineroar|84/100|[from] item: Rocky Helmet|[of] p2a: Indeedee
|cant|p2a: Indeedee|flinch
|move|p1a: Miraidon|Electro Drift|p2b: Pikachu
|-ability|p2b: Pikachu|Lightning Rod|boost
|-boost|p2b: Pikachu|spa|1
|
|-heal|p1b: Incineroar|90/100|[from] item: Leftovers
|upkeep
|turn|5
|inactive|Wkakaka has 30 seconds left.
|inactive|Nissim17 has 30 seconds left.
|inactive|Nissim17 has 20 seconds left.
|
|t:|1750800047
|-terastallize|p1a: Miraidon|Fairy
|move|p2b: Pikachu|Fake Out|p1a: Miraidon
|-damage|p1a: Miraidon|94/100
|move|p1b: Incineroar|Parting Shot|p2b: Pikachu
|-unboost|p2b: Pikachu|atk|1
|-unboost|p2b: Pikachu|spa|1
|
|t:|1750800054
|switch|p1b: Rillaboom|Rillaboom, L50, M|100/100|[from] Parting Shot
|-fieldstart|move: Grassy Terrain|[from] ability: Grassy Surge|[of] p1b: Rillaboom
|move|p2a: Indeedee|Psychic|p1a: Miraidon
|-damage|p1a: Miraidon|75/100
|cant|p1a: Miraidon|flinch
|
|-heal|p2a: Indeedee|93/100|[from] Grassy Terrain
|-heal|p1a: Miraidon|81/100|[from] Grassy Terrain
|upkeep
|turn|6
|inactive|Nissim17 has 30 seconds left.
|
|t:|1750800084
|move|p1b: Rillaboom|Fake Out|p2b: Pikachu
|-damage|p2b: Pikachu|72/100
|move|p2a: Indeedee|Follow Me|p2a: Indeedee
|-singleturn|p2a: Indeedee|move: Follow Me
|cant|p2b: Pikachu|flinch
|move|p1a: Miraidon|Dazzling Gleam|p2b: Pikachu|[spread] p2a,p2b
|-damage|p2a: Indeedee|69/100
|-damage|p2b: Pikachu|0 fnt
|faint|p2b: Pikachu
|
|-heal|p2a: Indeedee|75/100|[from] Grassy Terrain
|-heal|p1a: Miraidon|87/100|[from] Grassy Terrain
|-fieldend|move: Trick Room
|upkeep
|
|t:|1750800101
|switch|p2b: Kyogre|Kyogre, L50|100/100
|-weather|RainDance|[from] ability: Drizzle|[of] p2b: Kyogre
|turn|7
|inactive|Wkakaka has 30 seconds left.
|inactive|Nissim17 has 30 seconds left.
|
|t:|1750800130
|-terastallize|p2b: Kyogre|Grass
|move|p2a: Indeedee|Follow Me|p2a: Indeedee
|-singleturn|p2a: Indeedee|move: Follow Me
|move|p1a: Miraidon|Dazzling Gleam|p2b: Kyogre|[spread] p2a,p2b
|-damage|p2a: Indeedee|53/100
|-damage|p2b: Kyogre|86/100
|move|p1b: Rillaboom|Wood Hammer|p2a: Indeedee
|-damage|p2a: Indeedee|0 fnt
|-damage|p1b: Rillaboom|84/100|[from] item: Rocky Helmet|[of] p2a: Indeedee
|faint|p2a: Indeedee
|-damage|p1b: Rillaboom|70/100|[from] Recoil
|move|p2b: Kyogre|Ice Beam|p1b: Rillaboom
|-supereffective|p1b: Rillaboom
|-damage|p1b: Rillaboom|10/100
|
|-weather|RainDance|[upkeep]
|-heal|p1a: Miraidon|94/100|[from] Grassy Terrain
|-heal|p1b: Rillaboom|15/100|[from] Grassy Terrain
|-heal|p2b: Kyogre|92/100|[from] Grassy Terrain
|upkeep
|
|t:|1750800146
|switch|p2a: Zacian|Zacian-Crowned, L50|100/100
|turn|8
|
|t:|1750800160
|move|p2a: Zacian|Behemoth Blade|p1a: Miraidon
|-supereffective|p1a: Miraidon
|-damage|p1a: Miraidon|0 fnt
|faint|p1a: Miraidon
|move|p1b: Rillaboom|U-turn|p2a: Zacian
|-resisted|p2a: Zacian
|-damage|p2a: Zacian|96/100
|
|t:|1750800167
|switch|p1b: Incineroar|Incineroar, L50, F|90/100|[from] U-turn
|-ability|p1b: Incineroar|Intimidate|boost
|-unboost|p2a: Zacian|atk|1
|-unboost|p2b: Kyogre|atk|1
|move|p2b: Kyogre|Water Spout|p1b: Incineroar
|-supereffective|p1b: Incineroar
|-damage|p1b: Incineroar|0 fnt
|faint|p1b: Incineroar
|
|-weather|RainDance|[upkeep]
|-heal|p2a: Zacian|100/100|[from] Grassy Terrain
|-heal|p2b: Kyogre|98/100|[from] Grassy Terrain
|upkeep
|
|t:|1750800181
|switch|p1a: Rillaboom|Rillaboom, L50, M|15/100
|turn|9
|
|t:|1750800189
|move|p2a: Zacian|Behemoth Blade|p1a: Rillaboom
|-damage|p1a: Rillaboom|0 fnt
|faint|p1a: Rillaboom
|
|win|Nissim17
|raw|Wkakaka's rating: 1094 &rarr; <strong>1068</strong><br />(-26 for losing)
|raw|Nissim17's rating: 1064 &rarr; <strong>1097</strong><br />(+33 for winning)
|l|☆Nissim17
|player|p2|
|l|☆Wkakaka
|player|p1|
