|j|☆Chowdurrr
|j|☆sweepy boi
|t:|1750800612
|gametype|doubles
|player|p1|Chowdurrr|1|1371
|player|p2|sweepy boi|skyla|1448
|teamsize|p1|6
|teamsize|p2|6
|gen|9
|tier|[Gen 9] VGC 2025 Reg I
|rated|
|rule|Species Clause: Limit one of each Pokémon
|rule|Item Clause: Limit 1 of each item
|clearpoke
|poke|p1|Calyrex-Ice, L50|
|poke|p1|Miraidon, L50|
|poke|p1|Grimmsnarl, L50, M|
|poke|p1|Urshifu-*, L50, F|
|poke|p1|Incineroar, L50, F|
|poke|p1|Landorus, L50, M|
|poke|p2|Miraidon, L50|
|poke|p2|Thundurus, L50, M|
|poke|p2|Landorus, L50, M|
|poke|p2|Tornadus, L50, M|
|poke|p2|Calyrex-Ice, L50|
|poke|p2|Urshifu-*, L50, M|
|teampreview|4
|inactive|Battle timer is ON: inactive players will automatically lose when time's up. (requested by Chowdurrr)
|inactive|Chowdurrr has 60 seconds left.
|inactive|sweepy boi has 60 seconds left.
|
|t:|1750800653
|start
|switch|p1a: Miraidon|Miraidon, L50|100/100
|switch|p1b: Calyrex|Calyrex-Ice, L50|100/100
|switch|p2a: Calyrex|Calyrex-Ice, L50|100/100
|switch|p2b: Thundurus|Thundurus, L50, M|100/100
|-ability|p2a: Calyrex|As One
|-ability|p2a: Calyrex|Unnerve
|-ability|p1b: Calyrex|As One
|-ability|p1b: Calyrex|Unnerve
|-fieldstart|move: Electric Terrain|[from] ability: Hadron Engine|[of] p1a: Miraidon
|-enditem|p2a: Calyrex|Electric Seed
|-boost|p2a: Calyrex|def|1|[from] item: Electric Seed
|turn|1
|
|t:|1750800668
|move|p2b: Thundurus|Eerie Impulse|p1a: Miraidon
|-unboost|p1a: Miraidon|spa|2
|move|p1a: Miraidon|Draco Meteor|p2a: Calyrex
|-damage|p2a: Calyrex|63/100
|-unboost|p1a: Miraidon|spa|2
|move|p2a: Calyrex|Imprison|p2a: Calyrex
|-start|p2a: Calyrex|move: Imprison
|cant|p1b: Calyrex|move: Imprison|Glacial Lance
|
|upkeep
|turn|2
|inactive|sweepy boi has 30 seconds left.
|inactive|sweepy boi has 20 seconds left.
|inactive|sweepy boi has 15 seconds left.
|
|t:|1750800713
|switch|p1a: Incineroar|Incineroar, L50, F|100/100
|-ability|p1a: Incineroar|Intimidate|boost
|-unboost|p2a: Calyrex|atk|1
|-unboost|p2b: Thundurus|atk|1
|switch|p2b: Urshifu|Urshifu-Rapid-Strike, L50, M|100/100
|move|p1b: Calyrex|Protect|p1b: Calyrex
|-singleturn|p1b: Calyrex|Protect
|move|p2a: Calyrex|Leech Seed|p1a: Incineroar
|-start|p1a: Incineroar|move: Leech Seed
|
|-damage|p1a: Incineroar|88/100|[from] Leech Seed|[of] p2a: Calyrex
|-heal|p2a: Calyrex|74/100|[silent]
|upkeep
|turn|3
|inactive|Chowdurrr has 30 seconds left.
|inactive|sweepy boi has 30 seconds left.
|inactive|sweepy boi has 20 seconds left.
|
|t:|1750800753
|switch|p2b: Thundurus|Thundurus, L50, M|100/100
|switch|p1b: Landorus|Landorus, L50, M|100/100
|move|p1a: Incineroar|Fake Out|p2b: Thundurus
|-damage|p2b: Thundurus|90/100
|move|p2a: Calyrex|Leech Seed|p1b: Landorus
|-start|p1b: Landorus|move: Leech Seed
|
|-damage|p1a: Incineroar|76/100|[from] Leech Seed|[of] p2a: Calyrex
|-heal|p2a: Calyrex|86/100|[silent]
|-damage|p1b: Landorus|88/100|[from] Leech Seed|[of] p2a: Calyrex
|-heal|p2a: Calyrex|98/100|[silent]
|upkeep
|turn|4
|
|t:|1750800774
|-terastallize|p1b: Landorus|Poison
|move|p2b: Thundurus|Eerie Impulse|p1b: Landorus
|-unboost|p1b: Landorus|spa|2
|move|p1a: Incineroar|Flare Blitz|p2a: Calyrex
|-supereffective|p2a: Calyrex
|-damage|p2a: Calyrex|60/100
|-damage|p1a: Incineroar|62/100|[from] Recoil
|move|p1b: Landorus|Sludge Bomb|p2a: Calyrex
|-damage|p2a: Calyrex|37/100
|move|p2a: Calyrex|Glacial Lance|p1a: Incineroar|[spread] p1a,p1b
|-resisted|p1a: Incineroar
|-damage|p1a: Incineroar|45/100
|-damage|p1b: Landorus|50/100
|
|-damage|p1a: Incineroar|33/100|[from] Leech Seed|[of] p2a: Calyrex
|-heal|p2a: Calyrex|49/100|[silent]
|-damage|p1b: Landorus|38/100|[from] Leech Seed|[of] p2a: Calyrex
|-heal|p2a: Calyrex|60/100|[silent]
|upkeep
|turn|5
|-message|Chowdurrr forfeited.
|
|win|sweepy boi
|raw|Chowdurrr's rating: 1371 &rarr; <strong>1355</strong><br />(-16 for losing)
|raw|sweepy boi's rating: 1448 &rarr; <strong>1464</strong><br />(+16 for winning)
|l|☆Chowdurrr
|player|p1|
