|j|☆Odaibaru
|j|☆0eaq
|t:|1750874639
|gametype|doubles
|player|p1|Odaibaru|102|1094
|player|p2|0eaq|169|1017
|teamsize|p1|6
|teamsize|p2|6
|gen|9
|tier|[Gen 9] VGC 2025 Reg I
|rated|
|rule|Species Clause: Limit one of each Pokémon
|rule|Item Clause: Limit 1 of each item
|clearpoke
|poke|p1|Slaking, L50, F|
|poke|p1|Weezing, L50, M|
|poke|p1|Koffing, L50, F|
|poke|p1|Plusle, L50, M|
|poke|p1|Minun, L50, M|
|poke|p1|Regigigas, L50|
|poke|p2|Clefairy, L50, F|
|poke|p2|Archaludon, L50, M|
|poke|p2|Miraidon, L50|
|poke|p2|Tornadus, L50, M|
|poke|p2|Grimmsnarl, L50, M|
|poke|p2|Incineroar, L50, F|
|teampreview|4
|inactive|Battle timer is ON: inactive players will automatically lose when time's up. (requested by Odaibaru)
Odaibaru rejected open team sheets.
|
|t:|1750874662
|start
|switch|p1a: Koffing|Koffing, L50, F|100/100
|switch|p1b: Slaking|Slaking, L50, F|100/100
|switch|p2a: Tornadus|Tornadus, L50, M|100/100
|switch|p2b: Miraidon|Miraidon, L50|100/100
|-ability|p1a: Koffing|Neutralizing Gas
|turn|1
|
|t:|1750874677
|-terastallize|p1b: Slaking|Ground
|move|p2a: Tornadus|Protect|p2a: Tornadus
|-singleturn|p2a: Tornadus|Protect
|move|p1a: Koffing|Protect|p1a: Koffing
|-singleturn|p1a: Koffing|Protect
|move|p2b: Miraidon|Electro Drift|p1b: Slaking
|-immune|p1b: Slaking
|move|p1b: Slaking|High Horsepower|p2b: Miraidon
|-supereffective|p2b: Miraidon
|-damage|p2b: Miraidon|0 fnt
|faint|p2b: Miraidon
|
|upkeep
|
|t:|1750874686
|switch|p2b: Clefairy|Clefairy, L50, F|100/100
|turn|2
|
|t:|1750874698
|move|p2b: Clefairy|Protect|p2b: Clefairy
|-singleturn|p2b: Clefairy|Protect
|move|p1b: Slaking|Body Slam|p2a: Tornadus
|-damage|p2a: Tornadus|44/100
|move|p2a: Tornadus|Rain Dance|p2a: Tornadus
|-weather|RainDance
|move|p1a: Koffing|Will-O-Wisp|p2a: Tornadus
|-status|p2a: Tornadus|brn
|
|-weather|RainDance|[upkeep]
|-damage|p2a: Tornadus|38/100 brn|[from] brn
|upkeep
|turn|3
|
|t:|1750874717
|move|p1b: Slaking|Body Slam|p2a: Tornadus
|-crit|p2a: Tornadus
|-damage|p2a: Tornadus|0 fnt
|faint|p2a: Tornadus
|move|p2b: Clefairy|Heal Pulse|p2: Tornadus|[notarget]
|-fail|p2b: Clefairy
|move|p1a: Koffing|Will-O-Wisp|p2b: Clefairy
|-status|p2b: Clefairy|brn
|
|-weather|RainDance|[upkeep]
|-damage|p2b: Clefairy|94/100 brn|[from] brn
|upkeep
|
|t:|1750874721
|switch|p2a: Archaludon|Archaludon, L50, M|100/100
|turn|4
|
|t:|1750874734
|-terastallize|p2a: Archaludon|Electric
|move|p2b: Clefairy|Helping Hand|p2a: Archaludon
|-singleturn|p2a: Archaludon|Helping Hand|[of] p2b: Clefairy
|move|p1b: Slaking|High Horsepower|p2a: Archaludon
|-supereffective|p2a: Archaludon
|-damage|p2a: Archaludon|11/100
|move|p2a: Archaludon|Electro Shot||[still]
|-prepare|p2a: Archaludon|Electro Shot
|-boost|p2a: Archaludon|spa|1
|-anim|p2a: Archaludon|Electro Shot|p1b: Slaking
|-immune|p1b: Slaking
|move|p1a: Koffing|Will-O-Wisp|p2a: Archaludon
|-status|p2a: Archaludon|brn
|
|-weather|RainDance|[upkeep]
|-damage|p2a: Archaludon|5/100 brn|[from] brn
|-damage|p2b: Clefairy|88/100 brn|[from] brn
|upkeep
|turn|5
|-message|0eaq forfeited.
|
|win|Odaibaru
|raw|Odaibaru's rating: 1094 &rarr; <strong>1114</strong><br />(+20 for winning)
|raw|0eaq's rating: 1017 &rarr; <strong>1007</strong><br />(-10 for losing)
|l|☆0eaq
|player|p2|
