|j|☆Miu-7
|j|☆tbone603
|t:|1750863344
|gametype|doubles
|player|p1|Miu-7|elesa|1293
|player|p2|tbone603|102|1335
|teamsize|p1|6
|teamsize|p2|6
|gen|9
|tier|[Gen 9] VGC 2025 Reg I
|rated|
|rule|Species Clause: Limit one of each Pokémon
|rule|Item Clause: Limit 1 of each item
|clearpoke
|poke|p1|Koraidon, L50|
|poke|p1|Calyrex-Shadow, L50|
|poke|p1|Indeedee-F, L50, F|
|poke|p1|Chi-Yu, L50|
|poke|p1|Amoonguss, L50, F|
|poke|p1|Whimsicott, L50, F|
|poke|p2|Koraidon, L50|
|poke|p2|Calyrex-Shadow, L50|
|poke|p2|Chi-Yu, L50|
|poke|p2|Weezing-Galar, L50, F|
|poke|p2|Dondozo, L50, M|
|poke|p2|Tatsugiri-Droopy, L50, F|
|teampreview|4
|inactive|Battle timer is ON: inactive players will automatically lose when time's up. (requested by tbone603)
|
|t:|1750863364
|start
|switch|p1a: Garou|Koraidon, L50|100/100
|switch|p1b: Aire acondicionado|Whimsicott, L50, F|100/100
|switch|p2a: Chi-Yu|Chi-Yu, L50|100/100
|switch|p2b: Weezing|Weezing-Galar, L50, F|100/100
|-ability|p2b: Weezing|Neutralizing Gas
|turn|1
|
|t:|1750863374
|move|p2a: Chi-Yu|Heat Wave|p1b: Aire acondicionado|[spread] p1a,p1b
|-resisted|p1a: Garou
|-supereffective|p1b: Aire acondicionado
|-damage|p1a: Garou|79/100
|-enditem|p1b: Aire acondicionado|Focus Sash
|-damage|p1b: Aire acondicionado|1/100
|move|p1a: Garou|Collision Course|p2a: Chi-Yu
|-supereffective|p2a: Chi-Yu
|-damage|p2a: Chi-Yu|0 fnt
|faint|p2a: Chi-Yu
|move|p1b: Aire acondicionado|Tailwind|p1b: Aire acondicionado
|-sidestart|p1: Miu-7|move: Tailwind
|move|p2b: Weezing|Toxic Spikes|p1a: Garou
|-sidestart|p1: Miu-7|move: Toxic Spikes
|
|upkeep
|
|t:|1750863379
|switch|p2a: Dondozo|Dondozo, L50, M|100/100
|turn|2
|inactive|Miu-7 has 30 seconds left.
|inactive|Miu-7 has 20 seconds left.
|
|t:|1750863415
|switch|p1b: Trans rights|Amoonguss, L50, F|100/100
|-sideend|p1: Miu-7|move: Toxic Spikes|[of] p1b: Trans rights
|move|p2a: Dondozo|Protect|p2a: Dondozo
|-singleturn|p2a: Dondozo|Protect
|move|p1a: Garou|Flame Charge|p2b: Weezing
|-damage|p2b: Weezing|86/100
|-boost|p1a: Garou|spe|1
|move|p2b: Weezing|Sludge Bomb|p1b: Trans rights
|-damage|p1b: Trans rights|81/100
|
|-heal|p1b: Trans rights|87/100|[from] item: Leftovers
|upkeep
|turn|3
|inactive|Miu-7 has 30 seconds left.
|
|t:|1750863442
|-end|p2b: Weezing|ability: Neutralizing Gas
|-weather|SunnyDay|[from] ability: Orichalcum Pulse|[of] p1a: Garou
|-activate|p1a: Garou|Orichalcum Pulse|[source]
|switch|p2b: Tatsugiri|Tatsugiri-Droopy, L50, F, shiny|100/100
|-activate|p2b: Tatsugiri|ability: Commander|[of] p2a: Dondozo
|-boost|p2a: Dondozo|atk|2
|-boost|p2a: Dondozo|spa|2
|-boost|p2a: Dondozo|spe|2
|-boost|p2a: Dondozo|def|2
|-boost|p2a: Dondozo|spd|2
|-terastallize|p2a: Dondozo|Grass
|move|p1a: Garou|Flare Blitz|p2b: Tatsugiri|[miss]
|-miss|p1a: Garou|p2b: Tatsugiri
|move|p2a: Dondozo|Order Up|p1a: Garou
|-supereffective|p1a: Garou
|-damage|p1a: Garou|7/100
|-boost|p2a: Dondozo|def|1
|move|p1b: Trans rights|Spore|p2a: Dondozo
|-immune|p2a: Dondozo
|
|-weather|SunnyDay|[upkeep]
|-heal|p1b: Trans rights|93/100|[from] item: Leftovers
|upkeep
|turn|4
|
|t:|1750863465
|-terastallize|p1a: Garou|Fire
|move|p1b: Trans rights|Rage Powder|p1b: Trans rights
|-singleturn|p1b: Trans rights|move: Rage Powder
|move|p1a: Garou|Flare Blitz|p2a: Dondozo
|-supereffective|p2a: Dondozo
|-damage|p2a: Dondozo|47/100
|-status|p2a: Dondozo|brn
|-damage|p1a: Garou|0 fnt|[from] Recoil
|faint|p1a: Garou
|move|p2a: Dondozo|Order Up|p1b: Trans rights
|-damage|p1b: Trans rights|74/100
|-boost|p2a: Dondozo|def|1
|
|-weather|SunnyDay|[upkeep]
|-heal|p2a: Dondozo|53/100 brn|[from] item: Leftovers
|-heal|p1b: Trans rights|80/100|[from] item: Leftovers
|-damage|p2a: Dondozo|47/100 brn|[from] brn
|-sideend|p1: Miu-7|move: Tailwind
|upkeep
|
|t:|1750863472
|switch|p1a: Tortilla|Chi-Yu, L50|100/100
|-ability|p1a: Tortilla|Beads of Ruin
|turn|5
|
|t:|1750863492
|move|p1b: Trans rights|Rage Powder|p1b: Trans rights
|-singleturn|p1b: Trans rights|move: Rage Powder
|move|p1a: Tortilla|Heat Wave|p2b: Tatsugiri|[spread] p2a
|-miss|p1a: Tortilla|p2b: Tatsugiri
|-supereffective|p2a: Dondozo
|-damage|p2a: Dondozo|0 fnt
|faint|p2a: Dondozo
|
|-weather|SunnyDay|[upkeep]
|-heal|p1b: Trans rights|86/100|[from] item: Leftovers
|upkeep
|
|t:|1750863497
|switch|p2a: Weezing|Weezing-Galar, L50, F|86/100
|-ability|p2a: Weezing|Neutralizing Gas
|turn|6
|
|t:|1750863508
|switch|p1a: Aire acondicionado|Whimsicott, L50, F|1/100
|move|p2b: Tatsugiri|Muddy Water|p1b: Trans rights|[spread] p1a,p1b
|-resisted|p1a: Aire acondicionado
|-resisted|p1b: Trans rights
|-crit|p1b: Trans rights
|-damage|p1a: Aire acondicionado|0 fnt
|-damage|p1b: Trans rights|78/100
|-unboost|p1b: Trans rights|accuracy|1
|faint|p1a: Aire acondicionado
|move|p2a: Weezing|Taunt|p1b: Trans rights
|-start|p1b: Trans rights|move: Taunt
|cant|p1b: Trans rights|move: Taunt|Spore
|
|-weather|SunnyDay|[upkeep]
|-heal|p1b: Trans rights|84/100|[from] item: Leftovers
|upkeep
|
|t:|1750863518
|switch|p1a: Tortilla|Chi-Yu, L50|100/100
|turn|7
|
|t:|1750863536
|move|p1a: Tortilla|Snarl|p2a: Weezing|[spread] p2a,p2b
|-resisted|p2a: Weezing
|-damage|p2a: Weezing|75/100
|-damage|p2b: Tatsugiri|77/100
|-unboost|p2b: Tatsugiri|spa|1
|move|p2b: Tatsugiri|Muddy Water|p1b: Trans rights|[spread] p1a,p1b
|-supereffective|p1a: Tortilla
|-resisted|p1b: Trans rights
|-damage|p1a: Tortilla|77/100
|-damage|p1b: Trans rights|81/100
|-unboost|p1a: Tortilla|accuracy|1
|move|p2a: Weezing|Strange Steam|p1a: Tortilla
|-damage|p1a: Tortilla|47/100
|move|p1b: Trans rights|Sludge Bomb|p2a: Weezing|[miss]
|-miss|p1b: Trans rights|p2a: Weezing
|
|-weather|none
|-heal|p1b: Trans rights|87/100|[from] item: Leftovers
|upkeep
|turn|8
|
|t:|1750863548
|move|p1a: Tortilla|Snarl|p2b: Tatsugiri|[spread] p2a
|-miss|p1a: Tortilla|p2b: Tatsugiri
|-resisted|p2a: Weezing
|-damage|p2a: Weezing|64/100
|move|p2b: Tatsugiri|Muddy Water|p1a: Tortilla|[spread] p1a,p1b
|-supereffective|p1a: Tortilla
|-resisted|p1b: Trans rights
|-damage|p1a: Tortilla|4/100
|-damage|p1b: Trans rights|80/100
|move|p2a: Weezing|Strange Steam|p1a: Tortilla
|-damage|p1a: Tortilla|0 fnt
|faint|p1a: Tortilla
|move|p1b: Trans rights|Sludge Bomb|p2a: Weezing
|-damage|p2a: Weezing|36/100
|
|-heal|p1b: Trans rights|86/100|[from] item: Leftovers
|-end|p1b: Trans rights|move: Taunt
|upkeep
|turn|9
|
|t:|1750863560
|move|p2b: Tatsugiri|Muddy Water|p1b: Trans rights
|-resisted|p1b: Trans rights
|-damage|p1b: Trans rights|77/100
|-unboost|p1b: Trans rights|accuracy|1
|move|p2a: Weezing|Taunt|p1b: Trans rights
|-start|p1b: Trans rights|move: Taunt
|move|p1b: Trans rights|Sludge Bomb|p2a: Weezing|[miss]
|-miss|p1b: Trans rights|p2a: Weezing
|
|-heal|p1b: Trans rights|83/100|[from] item: Leftovers
|upkeep
|turn|10
|
|t:|1750863565
|move|p2b: Tatsugiri|Draco Meteor|p1b: Trans rights
|-damage|p1b: Trans rights|56/100
|-unboost|p2b: Tatsugiri|spa|2
|move|p2a: Weezing|Sludge Bomb|p1b: Trans rights
|-damage|p1b: Trans rights|38/100
|move|p1b: Trans rights|Sludge Bomb|p2a: Weezing
|-damage|p2a: Weezing|9/100
|
|-heal|p1b: Trans rights|43/100|[from] item: Leftovers
|upkeep
|turn|11
|
|t:|1750863571
|move|p2b: Tatsugiri|Draco Meteor|p1b: Trans rights
|-damage|p1b: Trans rights|27/100
|-unboost|p2b: Tatsugiri|spa|2
|move|p2a: Weezing|Sludge Bomb|p1b: Trans rights
|-damage|p1b: Trans rights|10/100
|move|p1b: Trans rights|Sludge Bomb|p2a: Weezing
|-damage|p2a: Weezing|0 fnt
|faint|p2a: Weezing
|-end|p2a: Weezing|ability: Neutralizing Gas
|
|-heal|p1b: Trans rights|15/100|[from] item: Leftovers
|-end|p1b: Trans rights|move: Taunt
|upkeep
|turn|12
|
|t:|1750863576
|move|p1b: Trans rights|Protect|p1b: Trans rights
|-singleturn|p1b: Trans rights|Protect
|move|p2b: Tatsugiri|Draco Meteor|p1b: Trans rights
|-activate|p1b: Trans rights|move: Protect
|
|-heal|p1b: Trans rights|21/100|[from] item: Leftovers
|upkeep
|turn|13
|
|t:|1750863584
|move|p2b: Tatsugiri|Draco Meteor|p1b: Trans rights
|-crit|p1b: Trans rights
|-damage|p1b: Trans rights|0 fnt
|-unboost|p2b: Tatsugiri|spa|1
|faint|p1b: Trans rights
|
|win|tbone603
|raw|Miu-7's rating: 1293 &rarr; <strong>1271</strong><br />(-22 for losing)
|raw|tbone603's rating: 1335 &rarr; <strong>1353</strong><br />(+18 for winning)
|l|☆Miu-7
|player|p1|
|l|☆tbone603
|player|p2|
