|j|☆yyfyyfyyf
|j|☆Salsbug
|t:|1750824535
|gametype|doubles
|player|p1|yyfyyfyyf|2|1207
|player|p2|Salsbug|cynthia-gen4|1119
|teamsize|p1|6
|teamsize|p2|6
|gen|9
|tier|[Gen 9] VGC 2025 Reg I
|rated|
|rule|Species Clause: Limit one of each Pokémon
|rule|Item Clause: Limit 1 of each item
|clearpoke
|poke|p1|Calyrex-Ice, L50|
|poke|p1|Lunala, L50|
|poke|p1|Indeedee-F, L50, F|
|poke|p1|Smeargle, L50, M|
|poke|p1|Torkoal, L50, F|
|poke|p1|Urshifu-*, L50, F|
|poke|p2|Lunala, L50|
|poke|p2|Groudon, L50|
|poke|p2|Venusaur, L50, F|
|poke|p2|Ogerpon-Wellspring, L50, F|
|poke|p2|Flutter Mane, L50|
|poke|p2|Incineroar, L50, F|
|teampreview|4
|inactive|Battle timer is ON: inactive players will automatically lose when time's up. (requested by yyfyyfyyf)
|inactive|yyfyyfyyf has 60 seconds left.
|
|t:|1750824567
|start
|switch|p1a: Lunala|Lunala, L50|100/100
|switch|p1b: Smeargle|Smeargle, L50, M|100/100
|switch|p2a: Groudon|Groudon, L50|100/100
|switch|p2b: Flutter Mane|Flutter Mane, L50|100/100
|-weather|SunnyDay|[from] ability: Drought|[of] p2a: Groudon
|-activate|p2b: Flutter Mane|ability: Protosynthesis
|-start|p2b: Flutter Mane|protosynthesisspe
|turn|1
|inactive|yyfyyfyyf has 30 seconds left.
|
|t:|1750824597
|-terastallize|p1a: Lunala|Dark
|move|p2b: Flutter Mane|Icy Wind|p1a: Lunala|[spread] p1a,p1b
|-damage|p1a: Lunala|94/100
|-damage|p1b: Smeargle|57/100
|-unboost|p1a: Lunala|spe|1
|-unboost|p1b: Smeargle|spe|1
|move|p2a: Groudon|Precipice Blades|p1b: Smeargle|[spread] p1a,p1b
|-damage|p1a: Lunala|60/100
|-damage|p1b: Smeargle|0 fnt
|faint|p1b: Smeargle
|move|p1a: Lunala|Moongeist Beam|p2b: Flutter Mane
|-supereffective|p2b: Flutter Mane
|-damage|p2b: Flutter Mane|7/100
|
|-weather|SunnyDay|[upkeep]
|-heal|p1a: Lunala|66/100|[from] item: Leftovers
|upkeep
|
|t:|1750824617
|switch|p1b: Indeedee|Indeedee-F, L50, F|100/100
|-fieldstart|move: Psychic Terrain|[from] ability: Psychic Surge|[of] p1b: Indeedee
|-enditem|p1b: Indeedee|Psychic Seed
|-boost|p1b: Indeedee|spd|1|[from] item: Psychic Seed
|turn|2
|
|t:|1750824624
|move|p1a: Lunala|Wide Guard|p1a: Lunala
|-singleturn|p1a: Lunala|Wide Guard
|move|p2b: Flutter Mane|Icy Wind|p1a: Lunala|[spread] 
|-activate|p1a: Lunala|move: Wide Guard
|-activate|p1b: Indeedee|move: Wide Guard
|move|p2a: Groudon|Precipice Blades|p1b: Indeedee|[spread] 
|-activate|p1a: Lunala|move: Wide Guard
|-activate|p1b: Indeedee|move: Wide Guard
|move|p1b: Indeedee|Trick Room|p1b: Indeedee
|-fieldstart|move: Trick Room|[of] p1b: Indeedee
|
|-weather|SunnyDay|[upkeep]
|-heal|p1a: Lunala|73/100|[from] item: Leftovers
|upkeep
|turn|3
|
|t:|1750824642
|move|p1b: Indeedee|Helping Hand|p1a: Lunala
|-singleturn|p1a: Lunala|Helping Hand|[of] p1b: Indeedee
|move|p1a: Lunala|Expanding Force|p2b: Flutter Mane|[spread] p2a,p2b
|-damage|p2a: Groudon|18/100
|-damage|p2b: Flutter Mane|0 fnt
|faint|p2b: Flutter Mane
|-end|p2b: Flutter Mane|Protosynthesis|[silent]
|move|p2a: Groudon|Heat Crash|p1b: Indeedee
|-damage|p1b: Indeedee|31/100
|
|-weather|SunnyDay|[upkeep]
|-heal|p1a: Lunala|79/100|[from] item: Leftovers
|upkeep
|
|t:|1750824650
|switch|p2b: Incineroar|Incineroar, L50, F|100/100
|-ability|p2b: Incineroar|Intimidate|boost
|-unboost|p1a: Lunala|atk|1
|-unboost|p1b: Indeedee|atk|1
|turn|4
|
|t:|1750824666
|move|p1b: Indeedee|Follow Me|p1b: Indeedee
|-singleturn|p1b: Indeedee|move: Follow Me
|move|p1a: Lunala|Moongeist Beam|p2a: Groudon
|-damage|p2a: Groudon|0 fnt
|faint|p2a: Groudon
|move|p2b: Incineroar|U-turn|p1b: Indeedee
|-supereffective|p1b: Indeedee
|-damage|p1b: Indeedee|0 fnt
|faint|p1b: Indeedee
|
|t:|1750824670
|switch|p2b: Ogerpon|Ogerpon-Wellspring, L50, F|100/100|[from] U-turn
|
|-weather|SunnyDay|[upkeep]
|-heal|p1a: Lunala|85/100|[from] item: Leftovers
|upkeep
|
|t:|1750824682
|switch|p1b: Calyrex|Calyrex-Ice, L50|100/100
|switch|p2a: Incineroar|Incineroar, L50, F|100/100
|-ability|p1b: Calyrex|As One
|-ability|p1b: Calyrex|Unnerve
|-ability|p2a: Incineroar|Intimidate|boost
|-unboost|p1a: Lunala|atk|1
|-fail|p1b: Calyrex|unboost|[from] item: Clear Amulet|[of] p1b: Calyrex
|turn|5
|
|t:|1750824700
|move|p1b: Calyrex|Protect|p1b: Calyrex
|-singleturn|p1b: Calyrex|Protect
|move|p2b: Ogerpon|Spiky Shield|p2b: Ogerpon
|-singleturn|p2b: Ogerpon|move: Protect
|move|p1a: Lunala|Expanding Force|p2a: Incineroar|[spread] 
|-activate|p2b: Ogerpon|move: Protect
|-immune|p2a: Incineroar
|move|p2a: Incineroar|Flare Blitz|p1b: Calyrex
|-activate|p1b: Calyrex|move: Protect
|
|-weather|SunnyDay|[upkeep]
|-heal|p1a: Lunala|91/100|[from] item: Leftovers
|upkeep
|turn|6
|
|t:|1750824719
|-terastallize|p2b: Ogerpon|Water
|detailschange|p2b: Ogerpon|Ogerpon-Wellspring-Tera, L50, F, tera:Water
|-ability|p2b: Ogerpon|Embody Aspect (Wellspring)|boost
|-boost|p2b: Ogerpon|spd|1
|move|p1b: Calyrex|Glacial Lance|p2b: Ogerpon|[spread] p2a,p2b
|-resisted|p2a: Incineroar
|-resisted|p2b: Ogerpon
|-damage|p2a: Incineroar|77/100
|-damage|p2b: Ogerpon|73/100
|move|p1a: Lunala|Expanding Force|p2b: Ogerpon|[spread] p2b
|-immune|p2a: Incineroar
|-damage|p2b: Ogerpon|39/100
|move|p2a: Incineroar|Flare Blitz|p1b: Calyrex
|-supereffective|p1b: Calyrex
|-damage|p1b: Calyrex|19/100
|-damage|p2a: Incineroar|46/100|[from] Recoil
|move|p2b: Ogerpon|Ivy Cudgel|p1b: Calyrex|[anim] Ivy Cudgel Water
|-damage|p1b: Calyrex|0 fnt
|faint|p1b: Calyrex
|
|-weather|SunnyDay|[upkeep]
|-heal|p1a: Lunala|97/100|[from] item: Leftovers
|-fieldend|move: Trick Room
|-fieldend|move: Psychic Terrain
|upkeep
|turn|7
|inactive|yyfyyfyyf has 30 seconds left.
|
|t:|1750824748
|move|p2b: Ogerpon|Horn Leech|p1a: Lunala
|-damage|p1a: Lunala|71/100
|-heal|p2b: Ogerpon|59/100|[from] drain|[of] p1a: Lunala
|move|p2a: Incineroar|Flare Blitz|p1a: Lunala
|-damage|p1a: Lunala|30/100
|-damage|p2a: Incineroar|28/100|[from] Recoil
|move|p1a: Lunala|Moongeist Beam|p2b: Ogerpon
|-damage|p2b: Ogerpon|31/100
|
|-weather|SunnyDay|[upkeep]
|-heal|p1a: Lunala|36/100|[from] item: Leftovers
|upkeep
|turn|8
|-message|yyfyyfyyf forfeited.
|
|win|Salsbug
|raw|yyfyyfyyf's rating: 1207 &rarr; <strong>1176</strong><br />(-31 for losing)
|raw|Salsbug's rating: 1119 &rarr; <strong>1150</strong><br />(+31 for winning)
|l|☆yyfyyfyyf
|player|p1|
|l|☆Salsbug
|player|p2|
