|j|☆Gamertag1001
|j|☆awkwardwolfe
|t:|1750739436
|gametype|doubles
|player|p1|Gamertag1001|kieran-champion|1369
|player|p2|awkwardwolfe|colress|1333
|teamsize|p1|6
|teamsize|p2|6
|gen|9
|tier|[Gen 9] VGC 2025 Reg I
|rated|
|rule|Species Clause: Limit one of each Pokémon
|rule|Item Clause: Limit 1 of each item
|clearpoke
|poke|p1|Calyrex-Shadow, L50|
|poke|p1|Koraidon, L50|
|poke|p1|Chi-Yu, L50|
|poke|p1|Weezing-Galar, L50, M|
|poke|p1|Dondozo, L50, M|
|poke|p1|Tatsugiri-Droopy, L50, M|
|poke|p2|Miraidon, L50|
|poke|p2|Calyrex-Ice, L50|
|poke|p2|Iron Hands, L50|
|poke|p2|Incineroar, L50, M|
|poke|p2|Urshifu-*, L50, F|
|poke|p2|Amoonguss, L50, F|
|teampreview|4
|inactive|Battle timer is ON: inactive players will automatically lose when time's up. (requested by Gamertag1001)
|
|t:|1750739455
|start
|switch|p1a: Calyrex|Calyrex-Shadow, L50|100/100
|switch|p1b: Weezing|Weezing-Galar, L50, M|100/100
|switch|p2a: Incineroar|Incineroar, L50, M|100/100
|switch|p2b: Amoonguss|Amoonguss, L50, F|100/100
|-ability|p1b: Weezing|Neutralizing Gas
|-ability|p1a: Calyrex|As One
|-ability|p1a: Calyrex|Unnerve
|turn|1
|inactive|awkwardwolfe has 30 seconds left.
|
|t:|1750739482
|move|p1a: Calyrex|Psyshock|p2b: Amoonguss
|-supereffective|p2b: Amoonguss
|-damage|p2b: Amoonguss|0 fnt
|faint|p2b: Amoonguss
|-ability|p1a: Calyrex|Grim Neigh|boost
|-boost|p1a: Calyrex|spa|1
|-damage|p1a: Calyrex|91/100|[from] item: Life Orb
|move|p2a: Incineroar|Knock Off|p1b: Weezing
|-resisted|p1b: Weezing
|-damage|p1b: Weezing|84/100
|-enditem|p1b: Weezing|Covert Cloak|[from] move: Knock Off|[of] p2a: Incineroar
|move|p1b: Weezing|Toxic Spikes|p2a: Incineroar
|-sidestart|p2: awkwardwolfe|move: Toxic Spikes
|
|upkeep
|
|t:|1750739496
|switch|p2b: Calyrex|Calyrex-Ice, L50|100/100
|-ability|p2b: Calyrex|As One
|-ability|p2b: Calyrex|Unnerve
|-status|p2b: Calyrex|psn
|turn|2
|
|t:|1750739502
|move|p2b: Calyrex|Protect|p2b: Calyrex
|-singleturn|p2b: Calyrex|Protect
|move|p1a: Calyrex|Astral Barrage|p2a: Incineroar|[spread] p2a
|-activate|p2b: Calyrex|move: Protect
|-resisted|p2a: Incineroar
|-damage|p2a: Incineroar|55/100
|-damage|p1a: Calyrex|82/100|[from] item: Life Orb
|move|p2a: Incineroar|Knock Off|p1a: Calyrex
|-supereffective|p1a: Calyrex
|-damage|p1a: Calyrex|0 fnt
|-enditem|p1a: Calyrex|Life Orb|[from] move: Knock Off|[of] p2a: Incineroar
|faint|p1a: Calyrex
|move|p1b: Weezing|Taunt|p2b: Calyrex
|-activate|p2b: Calyrex|move: Protect
|
|-damage|p2b: Calyrex|88/100 psn|[from] psn
|upkeep
|
|t:|1750739506
|switch|p1a: Dondozo|Dondozo, L50, M|100/100
|turn|3
|
|t:|1750739522
|move|p1a: Dondozo|Protect|p1a: Dondozo
|-singleturn|p1a: Dondozo|Protect
|move|p2a: Incineroar|Knock Off|p1a: Dondozo
|-activate|p1a: Dondozo|move: Protect
|move|p1b: Weezing|Taunt|p2b: Calyrex
|-start|p2b: Calyrex|move: Taunt
|move|p2b: Calyrex|High Horsepower|p1b: Weezing
|-supereffective|p1b: Weezing
|-damage|p1b: Weezing|26/100
|
|-damage|p2b: Calyrex|76/100 psn|[from] psn
|upkeep
|turn|4
|
|t:|1750739535
|-end|p1b: Weezing|ability: Neutralizing Gas
|-ability|p2a: Incineroar|Intimidate|boost
|-unboost|p1a: Dondozo|atk|1
|-unboost|p1b: Weezing|atk|1
|switch|p1b: Tatsugiri|Tatsugiri-Droopy, L50, M|100/100
|-activate|p1b: Tatsugiri|ability: Commander|[of] p1a: Dondozo
|-boost|p1a: Dondozo|atk|2
|-boost|p1a: Dondozo|spa|2
|-boost|p1a: Dondozo|spe|2
|-boost|p1a: Dondozo|def|2
|-boost|p1a: Dondozo|spd|2
|move|p1a: Dondozo|Body Press|p2a: Incineroar
|-supereffective|p2a: Incineroar
|-damage|p2a: Incineroar|0 fnt
|faint|p2a: Incineroar
|move|p2b: Calyrex|High Horsepower|p1b: Tatsugiri|[miss]
|-miss|p2b: Calyrex|p1b: Tatsugiri
|
|-damage|p2b: Calyrex|64/100 psn|[from] psn
|upkeep
|
|t:|1750739539
|switch|p2a: Miraidon|Miraidon, L50|100/100
|-status|p2a: Miraidon|psn
|-fieldstart|move: Electric Terrain|[from] ability: Hadron Engine|[of] p2a: Miraidon
|turn|5
|
|t:|1750739545
|-terastallize|p2a: Miraidon|Fairy
|-terastallize|p1a: Dondozo|Grass
|move|p2a: Miraidon|Electro Drift|p1a: Dondozo
|-resisted|p1a: Dondozo
|-damage|p1a: Dondozo|69/100
|move|p1a: Dondozo|Order Up|p2a: Miraidon
|-immune|p2a: Miraidon
|move|p2b: Calyrex|Glacial Lance|p1b: Tatsugiri|[spread] p1a
|-miss|p2b: Calyrex|p1b: Tatsugiri
|-supereffective|p1a: Dondozo
|-damage|p1a: Dondozo|38/100
|
|-heal|p1a: Dondozo|44/100|[from] item: Leftovers
|-damage|p2a: Miraidon|88/100 psn|[from] psn
|-damage|p2b: Calyrex|52/100 psn|[from] psn
|-end|p2b: Calyrex|move: Taunt
|upkeep
|turn|6
|
|t:|1750739555
|move|p1a: Dondozo|Protect|p1a: Dondozo
|-singleturn|p1a: Dondozo|Protect
|move|p2a: Miraidon|Electro Drift|p1a: Dondozo
|-activate|p1a: Dondozo|move: Protect
|move|p2b: Calyrex|Glacial Lance|p1b: Tatsugiri|[spread] 
|-miss|p2b: Calyrex|p1b: Tatsugiri
|-activate|p1a: Dondozo|move: Protect
|
|-heal|p1a: Dondozo|50/100|[from] item: Leftovers
|-damage|p2a: Miraidon|75/100 psn|[from] psn
|-damage|p2b: Calyrex|40/100 psn|[from] psn
|upkeep
|turn|7
|
|t:|1750739570
|move|p2a: Miraidon|Electro Drift|p1a: Dondozo
|-resisted|p1a: Dondozo
|-damage|p1a: Dondozo|21/100
|move|p1a: Dondozo|Body Press|p2b: Calyrex
|-damage|p2b: Calyrex|13/100 psn
|move|p2b: Calyrex|Glacial Lance|p1b: Tatsugiri|[spread] p1a
|-miss|p2b: Calyrex|p1b: Tatsugiri
|-supereffective|p1a: Dondozo
|-damage|p1a: Dondozo|0 fnt
|faint|p1a: Dondozo
|-ability|p2b: Calyrex|Chilling Neigh|boost
|-boost|p2b: Calyrex|atk|1
|
|-damage|p2a: Miraidon|63/100 psn|[from] psn
|-damage|p2b: Calyrex|1/100 psn|[from] psn
|upkeep
|
|t:|1750739579
|switch|p1a: Weezing|Weezing-Galar, L50, M|26/100
|-ability|p1a: Weezing|Neutralizing Gas
|turn|8
|
|t:|1750739590
|move|p1b: Tatsugiri|Protect|p1b: Tatsugiri
|-singleturn|p1b: Tatsugiri|Protect
|move|p2a: Miraidon|Electro Drift|p1b: Tatsugiri
|-activate|p1b: Tatsugiri|move: Protect
|move|p1a: Weezing|Strange Steam|p2a: Miraidon
|-crit|p2a: Miraidon
|-damage|p2a: Miraidon|23/100 psn
|move|p2b: Calyrex|Glacial Lance|p1a: Weezing|[spread] p1a
|-activate|p1b: Tatsugiri|move: Protect
|-damage|p1a: Weezing|0 fnt
|faint|p1a: Weezing
|-end|p1a: Weezing|ability: Neutralizing Gas
|-activate|p2a: Miraidon|ability: Hadron Engine
|-ability|p2b: Calyrex|Chilling Neigh|boost
|-boost|p2b: Calyrex|atk|1
|
|-damage|p2a: Miraidon|11/100 psn|[from] psn
|-damage|p2b: Calyrex|0 fnt|[from] psn
|faint|p2b: Calyrex
|upkeep
|turn|9
|
|t:|1750739599
|move|p2a: Miraidon|Electro Drift|p1b: Tatsugiri
|-enditem|p1b: Tatsugiri|Focus Sash
|-damage|p1b: Tatsugiri|1/100
|move|p1b: Tatsugiri|Mirror Coat|p2a: Miraidon
|-damage|p2a: Miraidon|0 fnt
|faint|p2a: Miraidon
|
|win|Gamertag1001
|raw|Gamertag1001's rating: 1369 &rarr; <strong>1387</strong><br />(+18 for winning)
|raw|awkwardwolfe's rating: 1333 &rarr; <strong>1315</strong><br />(-18 for losing)
|l|☆awkwardwolfe
|player|p2|
|l|☆Gamertag1001
|player|p1|
