|j|☆12Dries
|j|☆Moe2505
|t:|1750864497
|gametype|doubles
|player|p1|12Dries|boarder|1158
|player|p2|Moe2505|101|1227
|teamsize|p1|6
|teamsize|p2|6
|gen|9
|tier|[Gen 9] VGC 2025 Reg I
|rated|
|rule|Species Clause: Limit one of each Pokémon
|rule|Item Clause: Limit 1 of each item
|clearpoke
|poke|p1|Miraidon, L50|
|poke|p1|Lunala, L50|
|poke|p1|Whimsicott, L50, M|
|poke|p1|Chi-Yu, L50|
|poke|p1|Urshifu-*, L50, M|
|poke|p1|Iron Hands, L50|
|poke|p2|Calyrex-Shadow, L50|
|poke|p2|Zamazenta-*, L50|
|poke|p2|Incineroar, L50, F|
|poke|p2|Rillaboom, L50, F|
|poke|p2|Raging Bolt, L50|
|poke|p2|Ogerpon-Hearthflame, L50, F|
|teampreview|4
|inactive|Battle timer is ON: inactive players will automatically lose when time's up. (requested by 12Dries)
|inactive|Moe2505 has 60 seconds left.
|
|t:|1750864528
|start
|switch|p1a: Miraidon|Miraidon, L50|100/100
|switch|p1b: Whimsicott|Whimsicott, L50, M|100/100
|switch|p2a: Calyrex|Calyrex-Shadow, L50|100/100
|switch|p2b: Ogerpon|Ogerpon-Hearthflame, L50, F|100/100
|-ability|p2a: Calyrex|As One
|-ability|p2a: Calyrex|Unnerve
|-fieldstart|move: Electric Terrain|[from] ability: Hadron Engine|[of] p1a: Miraidon
|-ability|p2b: Ogerpon|Mold Breaker
|turn|1
|inactive|12Dries has 30 seconds left.
|
|t:|1750864555
|switch|p2a: Rillaboom|Rillaboom, L50, F|100/100
|-fieldstart|move: Grassy Terrain|[from] ability: Grassy Surge|[of] p2a: Rillaboom
|move|p1b: Whimsicott|Light Screen|p1b: Whimsicott
|-sidestart|p1: 12Dries|move: Light Screen
|move|p1a: Miraidon|Volt Switch|p2a: Rillaboom
|-resisted|p2a: Rillaboom
|-damage|p2a: Rillaboom|83/100
|
|t:|1750864566
|switch|p1a: Chi-Yu|Chi-Yu, L50|100/100|[from] Volt Switch
|-ability|p1a: Chi-Yu|Beads of Ruin
|move|p2b: Ogerpon|Ivy Cudgel|p1b: Whimsicott|[anim] Ivy Cudgel Fire
|-supereffective|p1b: Whimsicott
|-damage|p1b: Whimsicott|0 fnt
|faint|p1b: Whimsicott
|
|-heal|p2a: Rillaboom|88/100|[from] Grassy Terrain
|upkeep
|
|t:|1750864573
|switch|p1b: Miraidon|Miraidon, L50|100/100
|-fieldstart|move: Electric Terrain|[from] ability: Hadron Engine|[of] p1b: Miraidon
|turn|2
|
|t:|1750864597
|move|p2b: Ogerpon|Spiky Shield|p2b: Ogerpon
|-singleturn|p2b: Ogerpon|move: Protect
|move|p1a: Chi-Yu|Dark Pulse|p2b: Ogerpon
|-activate|p2b: Ogerpon|move: Protect
|move|p1b: Miraidon|Dazzling Gleam|p2a: Rillaboom|[spread] p2a
|-activate|p2b: Ogerpon|move: Protect
|-damage|p2a: Rillaboom|52/100
|move|p2a: Rillaboom|U-turn|p1b: Miraidon
|-damage|p1b: Miraidon|77/100
|
|t:|1750864621
|switch|p2a: Zamazenta|Zamazenta-Crowned, L50|100/100|[from] U-turn
|-ability|p2a: Zamazenta|Dauntless Shield|boost
|-boost|p2a: Zamazenta|def|1
|
|upkeep
|turn|3
|
|t:|1750864638
|switch|p1a: Lunala|Lunala, L50, shiny|100/100
|-enditem|p1a: Lunala|Electric Seed
|-boost|p1a: Lunala|def|1|[from] item: Electric Seed
|switch|p2b: Rillaboom|Rillaboom, L50, F|52/100
|-fieldstart|move: Grassy Terrain|[from] ability: Grassy Surge|[of] p2b: Rillaboom
|move|p2a: Zamazenta|Wide Guard|p2a: Zamazenta
|-singleturn|p2a: Zamazenta|Wide Guard
|move|p1b: Miraidon|Dazzling Gleam|p2a: Zamazenta|[spread] 
|-activate|p2a: Zamazenta|move: Wide Guard
|-activate|p2b: Rillaboom|move: Wide Guard
|
|-heal|p1b: Miraidon|83/100|[from] Grassy Terrain
|-heal|p2b: Rillaboom|58/100|[from] Grassy Terrain
|upkeep
|turn|4
|inactive|Moe2505 has 30 seconds left.
|inactive|Moe2505 has 20 seconds left.
|inactive|Moe2505 has 15 seconds left.
|
|t:|1750864682
|switch|p1b: Chi-Yu|Chi-Yu, L50|100/100
|-ability|p1b: Chi-Yu|Beads of Ruin
|move|p2a: Zamazenta|Body Press|p1b: Chi-Yu
|-supereffective|p1b: Chi-Yu
|-damage|p1b: Chi-Yu|0 fnt
|faint|p1b: Chi-Yu
|move|p1a: Lunala|Psyshock|p2b: Rillaboom
|-damage|p2b: Rillaboom|12/100
|move|p2b: Rillaboom|U-turn|p1a: Lunala
|-damage|p1a: Lunala|95/100
|
|t:|1750864700
|switch|p2b: Calyrex|Calyrex-Shadow, L50|100/100|[from] U-turn
|-ability|p2b: Calyrex|As One
|-ability|p2b: Calyrex|Unnerve
|
|-heal|p1a: Lunala|100/100|[from] Grassy Terrain
|upkeep
|
|t:|1750864708
|switch|p1b: Miraidon|Miraidon, L50|83/100
|-fieldstart|move: Electric Terrain|[from] ability: Hadron Engine|[of] p1b: Miraidon
|turn|5
|inactive|12Dries has 30 seconds left.
|inactive|Moe2505 has 30 seconds left.
|
|t:|1750864737
|move|p2b: Calyrex|Protect|p2b: Calyrex
|-singleturn|p2b: Calyrex|Protect
|move|p2a: Zamazenta|Protect|p2a: Zamazenta
|-singleturn|p2a: Zamazenta|Protect
|move|p1b: Miraidon|Electro Drift|p2b: Calyrex
|-activate|p2b: Calyrex|move: Protect
|move|p1a: Lunala|Trick Room|p1a: Lunala
|-fieldstart|move: Trick Room|[of] p1a: Lunala
|
|-sideend|p1: 12Dries|move: Light Screen
|upkeep
|turn|6
|inactive|Moe2505 has 30 seconds left.
|inactive|Moe2505 has 20 seconds left.
|inactive|Moe2505 has 15 seconds left.
|
|t:|1750864780
|switch|p2a: Rillaboom|Rillaboom, L50, F|12/100
|-fieldstart|move: Grassy Terrain|[from] ability: Grassy Surge|[of] p2a: Rillaboom
|switch|p2b: Ogerpon|Ogerpon-Hearthflame, L50, F|100/100
|-ability|p2b: Ogerpon|Mold Breaker
|move|p1a: Lunala|Moongeist Beam|p2b: Ogerpon
|-damage|p2b: Ogerpon|42/100
|move|p1b: Miraidon|Electro Drift|p2b: Ogerpon
|-resisted|p2b: Ogerpon
|-damage|p2b: Ogerpon|0 fnt
|faint|p2b: Ogerpon
|
|-heal|p2a: Rillaboom|17/100|[from] Grassy Terrain
|-heal|p1b: Miraidon|89/100|[from] Grassy Terrain
|upkeep
|
|t:|1750864804
|switch|p2b: Zamazenta|Zamazenta-Crowned, L50|100/100
|turn|7
|inactive|12Dries has 30 seconds left.
|inactive|12Dries has 20 seconds left.
|
|t:|1750864841
|move|p2a: Rillaboom|Fake Out|p1b: Miraidon
|-damage|p1b: Miraidon|76/100
|move|p1a: Lunala|Psyshock|p2b: Zamazenta
|-damage|p2b: Zamazenta|72/100
|move|p2b: Zamazenta|Body Press|p1b: Miraidon
|-damage|p1b: Miraidon|24/100
|cant|p1b: Miraidon|flinch
|
|-heal|p2a: Rillaboom|23/100|[from] Grassy Terrain
|-heal|p2b: Zamazenta|78/100|[from] Grassy Terrain
|-heal|p1b: Miraidon|30/100|[from] Grassy Terrain
|upkeep
|turn|8
|inactive|Moe2505 has 30 seconds left.
|inactive|Moe2505 has 20 seconds left.
|inactive|Moe2505 has 15 seconds left.
|inactive|Moe2505 has 10 seconds left.
|
|t:|1750864890
|-terastallize|p1b: Miraidon|Fairy
|move|p2a: Rillaboom|Grassy Glide|p1b: Miraidon
|-damage|p1b: Miraidon|0 fnt
|faint|p1b: Miraidon
|move|p1a: Lunala|Moongeist Beam|p2b: Zamazenta
|-damage|p2b: Zamazenta|31/100
|move|p2b: Zamazenta|Body Press|p1a: Lunala
|-immune|p1a: Lunala
|
|-heal|p2a: Rillaboom|29/100|[from] Grassy Terrain
|-heal|p2b: Zamazenta|37/100|[from] Grassy Terrain
|upkeep
|turn|9
|
|t:|1750864914
|move|p2b: Zamazenta|Protect|p2b: Zamazenta
|-singleturn|p2b: Zamazenta|Protect
|move|p2a: Rillaboom|U-turn|p1a: Lunala
|-damage|p1a: Lunala|94/100
|
|t:|1750864918
|switch|p2a: Calyrex|Calyrex-Shadow, L50|100/100|[from] U-turn
|-ability|p2a: Calyrex|As One
|-ability|p2a: Calyrex|Unnerve
|move|p1a: Lunala|Moongeist Beam|p2b: Zamazenta
|-activate|p2b: Zamazenta|move: Protect
|
|-heal|p1a: Lunala|100/100|[from] Grassy Terrain
|-heal|p2b: Zamazenta|43/100|[from] Grassy Terrain
|-fieldend|move: Trick Room
|upkeep
|turn|10
|
|t:|1750864933
|switch|p2b: Rillaboom|Rillaboom, L50, F|29/100
|move|p2a: Calyrex|Protect|p2a: Calyrex
|-singleturn|p2a: Calyrex|Protect
|move|p1a: Lunala|Wide Guard||[still]
|-fail|p1a: Lunala
|
|-heal|p2b: Rillaboom|35/100|[from] Grassy Terrain
|-fieldend|move: Grassy Terrain
|upkeep
|turn|11
|inactive|Moe2505 has 30 seconds left.
|
|t:|1750864962
|-terastallize|p2a: Calyrex|Dark
|move|p2a: Calyrex|Nasty Plot|p2a: Calyrex
|-boost|p2a: Calyrex|spa|2
|move|p2b: Rillaboom|U-turn|p1a: Lunala
|-damage|p1a: Lunala|94/100
|
|t:|1750864968
|switch|p2b: Zamazenta|Zamazenta-Crowned, L50|43/100|[from] U-turn
|move|p1a: Lunala|Trick Room|p1a: Lunala
|-fieldstart|move: Trick Room|[of] p1a: Lunala
|
|upkeep
|turn|12
|-message|12Dries forfeited.
|
|win|Moe2505
|raw|12Dries's rating: 1158 &rarr; <strong>1138</strong><br />(-20 for losing)
|raw|Moe2505's rating: 1227 &rarr; <strong>1247</strong><br />(+20 for winning)
|l|☆12Dries
|player|p1|
