|j|☆cjjsir
|j|☆WeWantBreathOfFire
|t:|1750858794
|gametype|doubles
|player|p1|cjjsir|101|1675
|player|p2|WeWantBreathOfFire|pryce|1665
|teamsize|p1|6
|teamsize|p2|6
|gen|9
|tier|[Gen 9] VGC 2025 Reg I
|rated|
|rule|Species Clause: Limit one of each Pokémon
|rule|Item Clause: Limit 1 of each item
|clearpoke
|poke|p1|Grimmsnarl, L50, M|
|poke|p1|Gallade, L50, M|
|poke|p1|Metagross, L50|
|poke|p1|Lunala, L50|
|poke|p1|Amoonguss, L50, M|
|poke|p1|Calyrex-Ice, L50|
|poke|p2|Rillaboom, L50, F|
|poke|p2|Urshifu-*, L50, F|
|poke|p2|Eternatus, L50|
|poke|p2|Kyogre, L50|
|poke|p2|Incineroar, L50, M|
|poke|p2|Wo-Chien, L50|
|teampreview|4
|
|t:|1750858819
|start
|switch|p1a: Grimmsnarl|Grimmsnarl, L50, M|100/100
|switch|p1b: Lunala|Lunala, L50|100/100
|switch|p2a: Eternatus|Eternatus, L50|100/100
|switch|p2b: Kyogre|Kyogre, L50|100/100
|-weather|RainDance|[from] ability: Drizzle|[of] p2b: Kyogre
|-ability|p2a: Eternatus|Pressure
|turn|1
|
|t:|1750858831
|-terastallize|p2a: Eternatus|Fairy
|move|p1a: Grimmsnarl|Light Screen|p1a: Grimmsnarl
|-sidestart|p1: cjjsir|move: Light Screen
|move|p2b: Kyogre|Water Spout|p1a: Grimmsnarl|[spread] p1a,p1b
|-damage|p1a: Grimmsnarl|54/100
|-damage|p1b: Lunala|78/100
|move|p2a: Eternatus|Substitute|p2a: Eternatus
|-start|p2a: Eternatus|Substitute
|-damage|p2a: Eternatus|76/100
|move|p1b: Lunala|Meteor Beam||[still]
|-prepare|p1b: Lunala|Meteor Beam
|-boost|p1b: Lunala|spa|1
|-enditem|p1b: Lunala|Power Herb
|-anim|p1b: Lunala|Meteor Beam|p2b: Kyogre
|-damage|p2b: Kyogre|43/100
|
|-weather|RainDance|[upkeep]
|-heal|p2a: Eternatus|82/100|[from] item: Leftovers
|upkeep
|turn|2
|
|t:|1750858856
|switch|p2b: Incineroar|Incineroar, L50, M|100/100
|-ability|p2b: Incineroar|Intimidate|boost
|-unboost|p1a: Grimmsnarl|atk|1
|-unboost|p1b: Lunala|atk|1
|move|p2a: Eternatus|Cosmic Power|p2a: Eternatus
|-boost|p2a: Eternatus|def|1
|-boost|p2a: Eternatus|spd|1
|move|p1b: Lunala|Moongeist Beam|p2a: Eternatus
|-end|p2a: Eternatus|Substitute
|move|p1a: Grimmsnarl|Spirit Break|p2b: Incineroar
|-damage|p2b: Incineroar|87/100
|-unboost|p2b: Incineroar|spa|1
|
|-weather|RainDance|[upkeep]
|-heal|p2a: Eternatus|88/100|[from] item: Leftovers
|upkeep
|turn|3
|
|t:|1750858878
|move|p2b: Incineroar|Fake Out|p1a: Grimmsnarl
|-damage|p1a: Grimmsnarl|41/100
|move|p1a: Grimmsnarl|Thunder Wave|p2a: Eternatus
|-status|p2a: Eternatus|par
|move|p1b: Lunala|Moonblast|p2b: Incineroar
|-damage|p2b: Incineroar|33/100
|cant|p2a: Eternatus|par
|
|-weather|RainDance|[upkeep]
|-heal|p2a: Eternatus|94/100 par|[from] item: Leftovers
|upkeep
|turn|4
|
|t:|1750858898
|move|p1b: Lunala|Moonblast|p2b: Incineroar
|-damage|p2b: Incineroar|0 fnt
|faint|p2b: Incineroar
|move|p1a: Grimmsnarl|Spirit Break|p2a: Eternatus
|-damage|p2a: Eternatus|87/100 par
|-unboost|p2a: Eternatus|spa|1
|move|p2a: Eternatus|Cosmic Power|p2a: Eternatus
|-boost|p2a: Eternatus|def|1
|-boost|p2a: Eternatus|spd|1
|
|-weather|RainDance|[upkeep]
|-heal|p2a: Eternatus|93/100 par|[from] item: Leftovers
|upkeep
|
|t:|1750858910
|switch|p2b: Urshifu|Urshifu, L50, F|100/100
|turn|5
|
|t:|1750858926
|move|p2b: Urshifu|Wicked Blow|p1b: Lunala
|-supereffective|p1b: Lunala
|-crit|p1b: Lunala
|-damage|p1b: Lunala|0 fnt
|faint|p1b: Lunala
|move|p1a: Grimmsnarl|Spirit Break|p2b: Urshifu
|-supereffective|p2b: Urshifu
|-damage|p2b: Urshifu|18/100
|-unboost|p2b: Urshifu|spa|1
|move|p2a: Eternatus|Substitute|p2a: Eternatus
|-start|p2a: Eternatus|Substitute
|-damage|p2a: Eternatus|68/100 par
|
|-weather|none
|-heal|p2a: Eternatus|74/100 par|[from] item: Leftovers
|-sideend|p1: cjjsir|move: Light Screen
|upkeep
|
|t:|1750858937
|switch|p1b: Calyrex|Calyrex-Ice, L50|100/100
|-ability|p1b: Calyrex|As One
|-ability|p1b: Calyrex|Unnerve
|turn|6
|
|t:|1750858949
|-terastallize|p1b: Calyrex|Water
|move|p2b: Urshifu|Protect|p2b: Urshifu
|-singleturn|p2b: Urshifu|Protect
|move|p1a: Grimmsnarl|Spirit Break|p2b: Urshifu
|-activate|p2b: Urshifu|move: Protect
|move|p2a: Eternatus|Cosmic Power|p2a: Eternatus
|-boost|p2a: Eternatus|def|1
|-boost|p2a: Eternatus|spd|1
|move|p1b: Calyrex|Trick Room|p1b: Calyrex
|-fieldstart|move: Trick Room|[of] p1b: Calyrex
|
|-heal|p2a: Eternatus|80/100 par|[from] item: Leftovers
|upkeep
|turn|7
|
|t:|1750858963
|move|p1b: Calyrex|Glacial Lance|p2a: Eternatus|[spread] p2a,p2b
|-activate|p2a: Eternatus|move: Substitute|[damage]
|-damage|p2b: Urshifu|0 fnt
|faint|p2b: Urshifu
|-ability|p1b: Calyrex|Chilling Neigh|boost
|-boost|p1b: Calyrex|atk|1
|move|p2a: Eternatus|Cosmic Power|p2a: Eternatus
|-boost|p2a: Eternatus|def|1
|-boost|p2a: Eternatus|spd|1
|move|p1a: Grimmsnarl|Spirit Break|p2a: Eternatus
|-activate|p2a: Eternatus|move: Substitute|[damage]
|
|-heal|p2a: Eternatus|86/100 par|[from] item: Leftovers
|upkeep
|
|t:|1750858967
|switch|p2b: Kyogre|Kyogre, L50|43/100
|-weather|RainDance|[from] ability: Drizzle|[of] p2b: Kyogre
|turn|8
|
|t:|1750858989
|move|p1b: Calyrex|Glacial Lance|p2b: Kyogre|[spread] p2a,p2b
|-end|p2a: Eternatus|Substitute
|-resisted|p2b: Kyogre
|-damage|p2b: Kyogre|0 fnt
|faint|p2b: Kyogre
|-ability|p1b: Calyrex|Chilling Neigh|boost
|-boost|p1b: Calyrex|atk|1
|move|p2a: Eternatus|Cosmic Power|p2a: Eternatus
|-boost|p2a: Eternatus|def|1
|-boost|p2a: Eternatus|spd|1
|move|p1a: Grimmsnarl|Spirit Break|p2a: Eternatus
|-damage|p2a: Eternatus|83/100 par
|-unboost|p2a: Eternatus|spa|1
|
|-weather|RainDance|[upkeep]
|-heal|p2a: Eternatus|89/100 par|[from] item: Leftovers
|upkeep
|turn|9
|
|t:|1750859009
|switch|p1a: Amoonguss|Amoonguss, L50, M|100/100
|move|p1b: Calyrex|Leech Seed|p2a: Eternatus
|-start|p2a: Eternatus|move: Leech Seed
|move|p2a: Eternatus|Substitute|p2a: Eternatus
|-start|p2a: Eternatus|Substitute
|-damage|p2a: Eternatus|64/100 par
|
|-weather|RainDance|[upkeep]
|-heal|p2a: Eternatus|70/100 par|[from] item: Leftovers
|-damage|p2a: Eternatus|58/100 par|[from] Leech Seed|[of] p1b: Calyrex
|upkeep
|turn|10
|
|t:|1750859022
|move|p1a: Amoonguss|Clear Smog|p2a: Eternatus
|-supereffective|p2a: Eternatus
|-activate|p2a: Eternatus|move: Substitute|[damage]
|move|p1b: Calyrex|Glacial Lance|p2a: Eternatus
|-end|p2a: Eternatus|Substitute
|move|p2a: Eternatus|Cosmic Power|p2a: Eternatus
|-boost|p2a: Eternatus|def|1
|-boost|p2a: Eternatus|spd|1
|
|-weather|RainDance|[upkeep]
|-heal|p2a: Eternatus|64/100 par|[from] item: Leftovers
|-damage|p2a: Eternatus|52/100 par|[from] Leech Seed|[of] p1b: Calyrex
|-fieldend|move: Trick Room
|upkeep
|turn|11
|
|t:|1750859035
|move|p2a: Eternatus|Substitute|p2a: Eternatus
|-start|p2a: Eternatus|Substitute
|-damage|p2a: Eternatus|27/100 par
|move|p1b: Calyrex|Glacial Lance|p2a: Eternatus
|-activate|p2a: Eternatus|move: Substitute|[damage]
|move|p1a: Amoonguss|Clear Smog|p2a: Eternatus
|-supereffective|p2a: Eternatus
|-end|p2a: Eternatus|Substitute
|
|-weather|RainDance|[upkeep]
|-heal|p2a: Eternatus|33/100 par|[from] item: Leftovers
|-damage|p2a: Eternatus|21/100 par|[from] Leech Seed|[of] p1b: Calyrex
|upkeep
|turn|12
|
|t:|1750859047
|move|p2a: Eternatus|Recover|p2a: Eternatus
|-heal|p2a: Eternatus|71/100 par
|move|p1b: Calyrex|High Horsepower|p2a: Eternatus
|-crit|p2a: Eternatus
|-damage|p2a: Eternatus|4/100 par
|move|p1a: Amoonguss|Clear Smog|p2a: Eternatus
|-supereffective|p2a: Eternatus
|-damage|p2a: Eternatus|0 fnt
|-clearboost|p2a: Eternatus
|faint|p2a: Eternatus
|
|win|cjjsir
|raw|cjjsir's rating: 1675 &rarr; <strong>1694</strong><br />(+19 for winning)
|raw|WeWantBreathOfFire's rating: 1665 &rarr; <strong>1646</strong><br />(-19 for losing)
|l|☆WeWantBreathOfFire
|player|p2|
|l|☆cjjsir
|player|p1|
