|j|‽jonbon22
|j|☆drakkulll
|t:|1750778913
|gametype|doubles
|player|p1|jonbon22|1|1222
|player|p2|drakkulll|giovanni|1292
|teamsize|p1|6
|teamsize|p2|6
|gen|9
|tier|[Gen 9] VGC 2025 Reg I
|rated|
|rule|Species Clause: Limit one of each Pokémon
|rule|Item Clause: Limit 1 of each item
|clearpoke
|poke|p1|Ursaluna, L50, F|
|poke|p1|Reshiram, L50|
|poke|p1|Kyurem-Black, L50|
|poke|p1|Indeedee-F, L50, F|
|poke|p1|Torkoal, L50, M|
|poke|p1|Sneasler, L50, F|
|poke|p2|Mightyena, L50, M|
|poke|p2|Lycanroc-Midnight, L50, M|
|poke|p2|Tyranitar, L50, M|
|poke|p2|Lunala, L50|
|poke|p2|Zamazenta-*, L50|
|poke|p2|Raging Bolt, L50|
|teampreview|4
|inactive|Battle timer is ON: inactive players will automatically lose when time's up. (requested by jonbon22)
|inactive|drakkulll has 60 seconds left.
jonbon22 rejected open team sheets.
|inactive|drakkulll has 30 seconds left.
|inactive|drakkulll has 20 seconds left.
|inactive|drakkulll has 15 seconds left.
|inactive|drakkulll has 10 seconds left.
|
|t:|1750778996
|start
|switch|p1a: Indeedee|Indeedee-F, L50, F|100/100
|switch|p1b: Reshiram|Reshiram, L50|100/100
|switch|p2a: Jesus|Lunala, L50|100/100
|switch|p2b: Cthulu|Mightyena, L50, M|100/100
|-ability|p1b: Reshiram|Turboblaze
|-fieldstart|move: Psychic Terrain|[from] ability: Psychic Surge|[of] p1a: Indeedee
|-ability|p2b: Cthulu|Intimidate|boost
|-unboost|p1a: Indeedee|atk|1
|-unboost|p1b: Reshiram|atk|1
|turn|1
|inactive|jonbon22 has 30 seconds left.
|
|t:|1750779026
|move|p1a: Indeedee|Helping Hand|p1b: Reshiram
|-singleturn|p1b: Reshiram|Helping Hand|[of] p1a: Indeedee
|move|p1b: Reshiram|Shadow Ball|p2a: Jesus
|-supereffective|p2a: Jesus
|-damage|p2a: Jesus|0 fnt
|faint|p2a: Jesus
|move|p2b: Cthulu|Yawn|p1a: Indeedee
|-start|p1a: Indeedee|move: Yawn|[of] p2b: Cthulu
|
|upkeep
|
|t:|1750779033
|switch|p2a: Roma|Tyranitar, L50, M|100/100
|-weather|Sandstorm|[from] ability: Sand Stream|[of] p2a: Roma
|turn|2
|inactive|drakkulll has 30 seconds left.
|inactive|drakkulll has 20 seconds left.
|inactive|drakkulll has 15 seconds left.
|
|t:|1750779078
|switch|p1b: Torkoal|Torkoal, L50, M|100/100
|-weather|SunnyDay|[from] ability: Drought|[of] p1b: Torkoal
|move|p2b: Cthulu|Yawn|p1b: Torkoal
|-start|p1b: Torkoal|move: Yawn|[of] p2b: Cthulu
|move|p2a: Roma|Rock Slide|p1b: Torkoal|[spread] p1a
|-miss|p2a: Roma|p1b: Torkoal
|-damage|p1a: Indeedee|68/100
|cant|p1a: Indeedee|flinch
|
|-weather|SunnyDay|[upkeep]
|-end|p1a: Indeedee|move: Yawn|[silent]
|-status|p1a: Indeedee|slp
|upkeep
|turn|3
|inactive|drakkulll has 30 seconds left.
|
|t:|1750779107
|move|p2b: Cthulu|Super Fang|p1b: Torkoal
|-damage|p1b: Torkoal|51/100
|move|p2a: Roma|Rock Slide|p1b: Torkoal|[spread] p1a,p1b
|-supereffective|p1b: Torkoal
|-damage|p1a: Indeedee|39/100 slp
|-damage|p1b: Torkoal|2/100
|cant|p1b: Torkoal|flinch
|cant|p1a: Indeedee|slp
|
|-weather|SunnyDay|[upkeep]
|-end|p1b: Torkoal|move: Yawn|[silent]
|-status|p1b: Torkoal|slp
|upkeep
|turn|4
|inactive|drakkulll has 30 seconds left.
|c|☆drakkulll|Te tengo domao como a una perra
|inactive|drakkulll has 20 seconds left.
|
|t:|1750779146
|move|p2b: Cthulu|Helping Hand|p2a: Roma
|-singleturn|p2a: Roma|Helping Hand|[of] p2b: Cthulu
|move|p2a: Roma|Rock Slide|p1b: Torkoal|[spread] p1a,p1b
|-supereffective|p1b: Torkoal
|-damage|p1a: Indeedee|0 fnt
|-damage|p1b: Torkoal|0 fnt
|faint|p1a: Indeedee
|faint|p1b: Torkoal
|
|-weather|SunnyDay|[upkeep]
|upkeep
|
|t:|1750779169
|switch|p1a: Ursaluna|Ursaluna, L50, F|100/100
|switch|p1b: Reshiram|Reshiram, L50|100/100
|-ability|p1b: Reshiram|Turboblaze
|turn|5
|inactive|drakkulll has 30 seconds left.
|inactive|drakkulll has 20 seconds left.
|
|t:|1750779204
|-terastallize|p1b: Reshiram|Fire
|move|p1b: Reshiram|Heat Wave|p2b: Cthulu|[spread] p2a
|-miss|p1b: Reshiram|p2b: Cthulu
|-resisted|p2a: Roma
|-damage|p2a: Roma|63/100
|move|p1a: Ursaluna|Headlong Rush|p2a: Roma
|-supereffective|p2a: Roma
|-damage|p2a: Roma|0 fnt
|-unboost|p1a: Ursaluna|def|1
|-unboost|p1a: Ursaluna|spd|1
|faint|p2a: Roma
|move|p2b: Cthulu|Super Fang|p1b: Reshiram
|-damage|p1b: Reshiram|51/100
|
|-weather|SunnyDay|[upkeep]
|-fieldend|move: Psychic Terrain
|-status|p1a: Ursaluna|brn|[from] item: Flame Orb
|upkeep
|
|t:|1750779221
|switch|p2a: Patricio|Zamazenta-Crowned, L50|100/100
|-ability|p2a: Patricio|Dauntless Shield|boost
|-boost|p2a: Patricio|def|1
|turn|6
|inactive|drakkulll has 30 seconds left.
|
|t:|1750779255
|-terastallize|p2a: Patricio|Ghost
|move|p2a: Patricio|Body Press|p1b: Reshiram
|-damage|p1b: Reshiram|0 fnt
|faint|p1b: Reshiram
|move|p1a: Ursaluna|Headlong Rush|p2a: Patricio
|-damage|p2a: Patricio|58/100
|-unboost|p1a: Ursaluna|def|1
|-unboost|p1a: Ursaluna|spd|1
|move|p2b: Cthulu|Foul Play|p1a: Ursaluna
|-crit|p1a: Ursaluna
|-damage|p1a: Ursaluna|0 fnt
|faint|p1a: Ursaluna
|
|win|drakkulll
|raw|jonbon22's rating: 1222 &rarr; <strong>1202</strong><br />(-20 for losing)
|raw|drakkulll's rating: 1292 &rarr; <strong>1312</strong><br />(+20 for winning)
|l|‽jonbon22
|player|p1|
|l|☆drakkulll
|player|p2|
