|j|☆Llemand
|j|☆RandomizedLean
|t:|1750740782
|gametype|doubles
|player|p1|Llemand|caitlin|1327
|player|p2|RandomizedLean|169|1248
|teamsize|p1|6
|teamsize|p2|6
|gen|9
|tier|[Gen 9] VGC 2025 Reg I
|rated|
|rule|Species Clause: Limit one of each Pokémon
|rule|Item Clause: Limit 1 of each item
|clearpoke
|poke|p1|Koraidon, L50|
|poke|p1|Ursaluna-Bloodmoon, L50, M|
|poke|p1|Lunala, L50|
|poke|p1|Kingambit, L50, M|
|poke|p1|Clefairy, L50, M|
|poke|p1|Ogerpon-Hearthflame, L50, F|
|poke|p2|Calyrex-Ice, L50|
|poke|p2|Miraidon, L50|
|poke|p2|Grimmsnarl, L50, M|
|poke|p2|Urshifu-*, L50, F|
|poke|p2|Incineroar, L50, M|
|poke|p2|Landorus, L50, M|
|teampreview|4
|inactive|Battle timer is ON: inactive players will automatically lose when time's up. (requested by RandomizedLean)
|inactive|Llemand has 60 seconds left.
|inactive|RandomizedLean has 60 seconds left.
Llemand has agreed to open team sheets.
|
|t:|1750740835
|start
|switch|p1a: Ogerpon|Ogerpon-Hearthflame, L50, F|100/100
|switch|p1b: Kingambit|Kingambit, L50, M|100/100
|switch|p2a: Landorus|Landorus, L50, M|100/100
|switch|p2b: Miraidon|Miraidon, L50|100/100
|-fieldstart|move: Electric Terrain|[from] ability: Hadron Engine|[of] p2b: Miraidon
|-ability|p1a: Ogerpon|Mold Breaker
|turn|1
|
|t:|1750740851
|move|p1a: Ogerpon|Spiky Shield|p1a: Ogerpon
|-singleturn|p1a: Ogerpon|move: Protect
|move|p1b: Kingambit|Protect|p1b: Kingambit
|-singleturn|p1b: Kingambit|Protect
|move|p2b: Miraidon|Volt Switch|p1b: Kingambit
|-activate|p1b: Kingambit|move: Protect
|move|p2a: Landorus|Sludge Bomb|p1a: Ogerpon
|-activate|p1a: Ogerpon|move: Protect
|
|upkeep
|turn|2
|
|t:|1750740875
|-terastallize|p1b: Kingambit|Ghost
|move|p2b: Miraidon|Volt Switch|p1a: Ogerpon
|-resisted|p1a: Ogerpon
|-damage|p1a: Ogerpon|53/100
|
|t:|1750740880
|switch|p2b: Calyrex|Calyrex-Ice, L50|100/100|[from] Volt Switch
|-ability|p2b: Calyrex|As One
|-ability|p2b: Calyrex|Unnerve
|move|p1a: Ogerpon|Ivy Cudgel|p2b: Calyrex|[anim] Ivy Cudgel Fire
|-supereffective|p2b: Calyrex
|-crit|p2b: Calyrex
|-damage|p2b: Calyrex|0 fnt
|faint|p2b: Calyrex
|move|p2a: Landorus|Sludge Bomb|p1b: Kingambit
|-resisted|p1b: Kingambit
|-damage|p1b: Kingambit|77/100
|move|p1b: Kingambit|Iron Head|p2a: Landorus
|-damage|p2a: Landorus|52/100
|
|upkeep
|
|t:|1750740896
|switch|p2b: Urshifu|Urshifu-Rapid-Strike, L50, F|100/100
|turn|3
|l|☆Llemand
|inactive|Llemand disconnected and has a minute to reconnect!
|player|p1|
|inactive|Llemand has 30 seconds left.
|j|☆Llemand
|inactive|Llemand reconnected and has 30 seconds left.
|player|p1|Llemand|caitlin|
|inactive|Llemand has 20 seconds left.
|inactive|Llemand has 15 seconds left.
|inactive|Llemand has 10 seconds left.
|
|t:|1750740943
|move|p1a: Ogerpon|Horn Leech|p2b: Urshifu
|-supereffective|p2b: Urshifu
|-damage|p2b: Urshifu|24/100
|-heal|p1a: Ogerpon|93/100|[from] drain|[of] p2b: Urshifu
|move|p2a: Landorus|Sludge Bomb|p1a: Ogerpon
|-supereffective|p1a: Ogerpon
|-damage|p1a: Ogerpon|0 fnt
|faint|p1a: Ogerpon
|move|p2b: Urshifu|U-turn|p1b: Kingambit
|-resisted|p1b: Kingambit
|-damage|p1b: Kingambit|62/100
|
|t:|1750740953
|switch|p2b: Miraidon|Miraidon, L50|100/100|[from] U-turn
|-activate|p2b: Miraidon|ability: Hadron Engine
|move|p1b: Kingambit|Iron Head|p2a: Landorus
|-damage|p2a: Landorus|4/100
|
|upkeep
|
|t:|1750740963
|switch|p1a: Lunala|Lunala, L50|100/100
|turn|4
|
|t:|1750740978
|-terastallize|p2b: Miraidon|Fairy
|move|p2a: Landorus|Protect|p2a: Landorus
|-singleturn|p2a: Landorus|Protect
|move|p1a: Lunala|Wide Guard|p1a: Lunala
|-singleturn|p1a: Lunala|Wide Guard
|move|p1b: Kingambit|Sucker Punch||[still]
|-fail|p1b: Kingambit
|move|p2b: Miraidon|Electro Drift|p1a: Lunala
|-damage|p1a: Lunala|62/100
|
|upkeep
|turn|5
|
|t:|1750740997
|switch|p2a: Urshifu|Urshifu-Rapid-Strike, L50, F|24/100
|move|p1b: Kingambit|Sucker Punch||[still]
|-fail|p1b: Kingambit
|move|p2b: Miraidon|Electro Drift|p1b: Kingambit
|-damage|p1b: Kingambit|0 fnt
|faint|p1b: Kingambit
|move|p1a: Lunala|Meteor Beam||[still]
|-prepare|p1a: Lunala|Meteor Beam
|-boost|p1a: Lunala|spa|1
|-enditem|p1a: Lunala|Power Herb
|-anim|p1a: Lunala|Meteor Beam|p2a: Urshifu
|-resisted|p2a: Urshifu
|-damage|p2a: Urshifu|0 fnt
|faint|p2a: Urshifu
|
|-fieldend|move: Electric Terrain
|upkeep
|
|t:|1750741011
|switch|p2a: Landorus|Landorus, L50, M|4/100
|switch|p1b: Koraidon|Koraidon, L50|100/100
|-weather|SunnyDay|[from] ability: Orichalcum Pulse|[of] p1b: Koraidon
|-activate|p1b: Koraidon|Orichalcum Pulse|[source]
|turn|6
|
|t:|1750741019
|move|p1a: Lunala|Wide Guard|p1a: Lunala
|-singleturn|p1a: Lunala|Wide Guard
|move|p1b: Koraidon|Flare Blitz|p2b: Miraidon
|-damage|p2b: Miraidon|3/100
|-damage|p1b: Koraidon|63/100|[from] Recoil
|-damage|p1b: Koraidon|53/100|[from] item: Life Orb
|move|p2b: Miraidon|Electro Drift|p1b: Koraidon
|-resisted|p1b: Koraidon
|-damage|p1b: Koraidon|15/100
|move|p2a: Landorus|Sludge Bomb|p1b: Koraidon
|-damage|p1b: Koraidon|0 fnt
|faint|p1b: Koraidon
|
|-weather|SunnyDay|[upkeep]
|upkeep
|turn|7
|
|t:|1750741036
|move|p2b: Miraidon|Electro Drift|p1a: Lunala
|-damage|p1a: Lunala|17/100
|move|p1a: Lunala|Moongeist Beam|p2b: Miraidon
|-damage|p2b: Miraidon|0 fnt
|faint|p2b: Miraidon
|move|p2a: Landorus|Earth Power|p1a: Lunala
|-damage|p1a: Lunala|0 fnt
|faint|p1a: Lunala
|
|win|RandomizedLean
|raw|Llemand's rating: 1327 &rarr; <strong>1303</strong><br />(-24 for losing)
|raw|RandomizedLean's rating: 1248 &rarr; <strong>1279</strong><br />(+31 for winning)
|l|☆Llemand
|player|p1|
|l|☆RandomizedLean
|player|p2|
