|j|☆TotallyNotAutistic
|j|☆steadymitch
|t:|1750813527
|gametype|doubles
|player|p1|TotallyNotAutistic|1|1238
|player|p2|steadymitch|juggler|1223
|teamsize|p1|6
|teamsize|p2|6
|gen|9
|tier|[Gen 9] VGC 2025 Reg I
|rated|
|rule|Species Clause: Limit one of each Pokémon
|rule|Item Clause: Limit 1 of each item
|clearpoke
|poke|p1|Reshiram, L50|
|poke|p1|Malamar, L50, F|
|poke|p1|Farigiraf, L50, F|
|poke|p1|Iron Hands, L50|
|poke|p1|Miraidon, L50|
|poke|p1|Gastrodon, L50, M|
|poke|p2|Tyranitar, L50, F|
|poke|p2|Garchomp, L50, F|
|poke|p2|Dialga-Origin, L50|
|poke|p2|Miraidon, L50|
|poke|p2|Farigiraf, L50, M|
|poke|p2|Milotic, L50, M|
|teampreview|4
|
|t:|1750813569
|start
|switch|p1a: Malamar|Malamar, L50, F|100/100
|switch|p1b: Reshiram|Reshiram, L50|100/100
|switch|p2a: Tyranitar|Tyranitar, L50, F|100/100
|switch|p2b: Garchomp|Garchomp, L50, F|100/100
|-weather|Sandstorm|[from] ability: Sand Stream|[of] p2a: Tyranitar
|-ability|p1b: Reshiram|Turboblaze
|turn|1
|
|t:|1750813590
|-terastallize|p2a: Tyranitar|Flying
|move|p1b: Reshiram|Protect|p1b: Reshiram
|-singleturn|p1b: Reshiram|Protect
|move|p2b: Garchomp|Earthquake|p1a: Malamar|[spread] p1a
|-activate|p1b: Reshiram|move: Protect
|-immune|p2a: Tyranitar
|-damage|p1a: Malamar|66/100
|move|p2a: Tyranitar|Rock Slide|p1b: Reshiram|[spread] 
|-activate|p1b: Reshiram|move: Protect
|-miss|p2a: Tyranitar|p1a: Malamar
|move|p1a: Malamar|Trick Room|p1a: Malamar
|-fieldstart|move: Trick Room|[of] p1a: Malamar
|
|-weather|Sandstorm|[upkeep]
|-damage|p1a: Malamar|60/100|[from] Sandstorm
|-damage|p1b: Reshiram|95/100|[from] Sandstorm
|-damage|p2a: Tyranitar|95/100|[from] Sandstorm
|upkeep
|turn|2
|
|t:|1750813618
|move|p2b: Garchomp|Protect|p2b: Garchomp
|-singleturn|p2b: Garchomp|Protect
|move|p1a: Malamar|Foul Play|p2a: Tyranitar
|-damage|p2a: Tyranitar|52/100
|move|p1b: Reshiram|Draco Meteor|p2b: Garchomp
|-activate|p2b: Garchomp|move: Protect
|move|p2a: Tyranitar|Knock Off|p1b: Reshiram
|-damage|p1b: Reshiram|51/100
|-enditem|p1b: Reshiram|Life Orb|[from] move: Knock Off|[of] p2a: Tyranitar
|
|-weather|Sandstorm|[upkeep]
|-damage|p1a: Malamar|53/100|[from] Sandstorm
|-damage|p1b: Reshiram|45/100|[from] Sandstorm
|-damage|p2a: Tyranitar|46/100|[from] Sandstorm
|upkeep
|turn|3
|
|t:|1750813634
|switch|p2b: Dialga|Dialga-Origin, L50|100/100
|move|p1a: Malamar|Foul Play|p2a: Tyranitar
|-crit|p2a: Tyranitar
|-damage|p2a: Tyranitar|0 fnt
|faint|p2a: Tyranitar
|move|p1b: Reshiram|Draco Meteor|p2b: Dialga
|-damage|p2b: Dialga|52/100
|-unboost|p1b: Reshiram|spa|2
|
|-weather|Sandstorm|[upkeep]
|-damage|p1a: Malamar|47/100|[from] Sandstorm
|-damage|p1b: Reshiram|39/100|[from] Sandstorm
|upkeep
|
|t:|1750813642
|switch|p2a: Garchomp|Garchomp, L50, F|100/100
|turn|4
|
|t:|1750813656
|move|p2a: Garchomp|Protect|p2a: Garchomp
|-singleturn|p2a: Garchomp|Protect
|move|p1a: Malamar|Topsy-Turvy|p1b: Reshiram
|-invertboost|p1b: Reshiram|[from] move: Topsy-Turvy
|move|p1b: Reshiram|Draco Meteor|p2b: Dialga
|-damage|p2b: Dialga|0 fnt
|-unboost|p1b: Reshiram|spa|2
|faint|p2b: Dialga
|
|-weather|Sandstorm|[upkeep]
|-damage|p1a: Malamar|41/100|[from] Sandstorm
|-damage|p1b: Reshiram|33/100|[from] Sandstorm
|upkeep
|
|t:|1750813664
|switch|p2b: Miraidon|Miraidon, L50|100/100
|-fieldstart|move: Electric Terrain|[from] ability: Hadron Engine|[of] p2b: Miraidon
|turn|5
|
|t:|1750813689
|move|p1a: Malamar|Foul Play|p2a: Garchomp
|-damage|p2a: Garchomp|47/100
|move|p1b: Reshiram|Draco Meteor|p2b: Miraidon
|-supereffective|p2b: Miraidon
|-damage|p2b: Miraidon|0 fnt
|-unboost|p1b: Reshiram|spa|2
|faint|p2b: Miraidon
|move|p2a: Garchomp|Outrage|p1b: Reshiram
|-supereffective|p1b: Reshiram
|-damage|p1b: Reshiram|0 fnt
|faint|p1b: Reshiram
|
|-weather|none
|-fieldend|move: Trick Room
|upkeep
|
|t:|1750813700
|switch|p1b: Iron Hands|Iron Hands, L50|100/100
|-activate|p1b: Iron Hands|ability: Quark Drive
|-start|p1b: Iron Hands|quarkdriveatk
|turn|6
|-message|steadymitch forfeited.
|
|win|TotallyNotAutistic
|raw|TotallyNotAutistic's rating: 1238 &rarr; <strong>1262</strong><br />(+24 for winning)
|raw|steadymitch's rating: 1223 &rarr; <strong>1199</strong><br />(-24 for losing)
|l|☆steadymitch
|player|p2|
|l|☆TotallyNotAutistic
|player|p1|
