|j|☆MikelMtz
|j|☆Slipper#2
|t:|1750795900
|gametype|doubles
|player|p1|MikelMtz|169|1147
|player|p2|Slipper#2|101|1083
|teamsize|p1|6
|teamsize|p2|6
|gen|9
|tier|[Gen 9] VGC 2025 Reg I
|rated|
|rule|Species Clause: Limit one of each Pokémon
|rule|Item Clause: Limit 1 of each item
|clearpoke
|poke|p1|Tornadus, L50, M|
|poke|p1|Kyogre, L50|
|poke|p1|Urshifu-*, L50, M|
|poke|p1|Landorus, L50, M|
|poke|p1|Chien-Pao, L50|
|poke|p1|Miraidon, L50|
|poke|p2|Calyrex-Ice, L50|
|poke|p2|Alcremie, L50, F|
|poke|p2|Dialga-Origin, L50|
|poke|p2|Indeedee-F, L50, F|
|poke|p2|Torkoal, L50, F|
|poke|p2|Ditto, L50|
|teampreview|4
|inactive|Battle timer is ON: inactive players will automatically lose when time's up. (requested by MikelMtz)
|
|t:|1750795919
|start
|switch|p1a: Chien-Pao|Chien-Pao, L50|100/100
|switch|p1b: Urshifu|Urshifu-Rapid-Strike, L50, M|100/100
|switch|p2a: Calyrex|Calyrex-Ice, L50|100/100
|switch|p2b: Dialga|Dialga-Origin, L50|100/100
|-ability|p2a: Calyrex|As One
|-ability|p2a: Calyrex|Unnerve
|-ability|p1a: Chien-Pao|Sword of Ruin
|-ability|p2b: Dialga|Pressure
|turn|1
|inactive|MikelMtz has 30 seconds left.
|
|t:|1750795948
|move|p2a: Calyrex|Protect|p2a: Calyrex
|-singleturn|p2a: Calyrex|Protect
|move|p1a: Chien-Pao|Throat Chop|p2a: Calyrex
|-activate|p2a: Calyrex|move: Protect
|move|p1b: Urshifu|Surging Strikes|p2a: Calyrex
|-crit|p2a: Calyrex
|-damage|p2a: Calyrex|78/100
|-crit|p2a: Calyrex
|-damage|p2a: Calyrex|57/100
|-crit|p2a: Calyrex
|-damage|p2a: Calyrex|36/100
|-hitcount|p2a: Calyrex|3
|move|p2b: Dialga|Trick Room|p2b: Dialga
|-fieldstart|move: Trick Room|[of] p2b: Dialga
|
|upkeep
|turn|2
|inactive|Slipper#2 has 30 seconds left.
|
|t:|1750795980
|move|p1b: Urshifu|Protect|p1b: Urshifu
|-singleturn|p1b: Urshifu|Protect
|move|p1a: Chien-Pao|Sucker Punch|p2a: Calyrex
|-supereffective|p2a: Calyrex
|-crit|p2a: Calyrex
|-damage|p2a: Calyrex|0 fnt
|faint|p2a: Calyrex
|move|p2b: Dialga|Hyper Voice|p1b: Urshifu|[spread] p1a
|-activate|p1b: Urshifu|move: Protect
|-damage|p1a: Chien-Pao|67/100
|
|upkeep
|
|t:|1750795984
|switch|p2a: Torkoal|Torkoal, L50, F|100/100
|-weather|SunnyDay|[from] ability: Drought|[of] p2a: Torkoal
|turn|3
|
|t:|1750796000
|-terastallize|p2a: Torkoal|Fire
|move|p1a: Chien-Pao|Sucker Punch|p2a: Torkoal
|-damage|p2a: Torkoal|61/100
|move|p2a: Torkoal|Eruption|p1a: Chien-Pao|[spread] p1a,p1b
|-supereffective|p1a: Chien-Pao
|-resisted|p1b: Urshifu
|-damage|p1a: Chien-Pao|0 fnt
|-damage|p1b: Urshifu|32/100
|faint|p1a: Chien-Pao
|move|p2b: Dialga|Hyper Voice|p1b: Urshifu
|-damage|p1b: Urshifu|0 fnt
|faint|p1b: Urshifu
|
|-weather|SunnyDay|[upkeep]
|upkeep
|
|t:|1750796013
|switch|p1b: Kyogre|Kyogre, L50|100/100
|switch|p1a: Miraidon|Miraidon, L50|100/100
|-weather|RainDance|[from] ability: Drizzle|[of] p1b: Kyogre
|-fieldstart|move: Electric Terrain|[from] ability: Hadron Engine|[of] p1a: Miraidon
|turn|4
|
|t:|1750796031
|switch|p2a: Alcremie|Alcremie, L50, F|100/100
|move|p2b: Dialga|Earth Power|p1a: Miraidon
|-supereffective|p1a: Miraidon
|-damage|p1a: Miraidon|50/100
|move|p1b: Kyogre|Origin Pulse|p2a: Alcremie|[spread] p2b
|-miss|p1b: Kyogre|p2a: Alcremie
|-resisted|p2b: Dialga
|-damage|p2b: Dialga|80/100
|move|p1a: Miraidon|Electro Drift|p2b: Dialga
|-resisted|p2b: Dialga
|-damage|p2b: Dialga|36/100
|
|-weather|RainDance|[upkeep]
|upkeep
|turn|5
|
|t:|1750796047
|move|p2a: Alcremie|Helping Hand|p2b: Dialga
|-singleturn|p2b: Dialga|Helping Hand|[of] p2a: Alcremie
|move|p2b: Dialga|Earth Power|p1a: Miraidon
|-supereffective|p1a: Miraidon
|-damage|p1a: Miraidon|0 fnt
|faint|p1a: Miraidon
|move|p1b: Kyogre|Origin Pulse|p2b: Dialga|[spread] p2b
|-miss|p1b: Kyogre|p2a: Alcremie
|-resisted|p2b: Dialga
|-damage|p2b: Dialga|15/100
|
|-weather|RainDance|[upkeep]
|-fieldend|move: Trick Room
|upkeep
|turn|6
|-message|MikelMtz forfeited.
|
|win|Slipper#2
|raw|MikelMtz's rating: 1124 &rarr; <strong>1096</strong><br />(-28 for losing)
|raw|Slipper#2's rating: 1083 &rarr; <strong>1114</strong><br />(+31 for winning)
|l|☆MikelMtz
|player|p1|
|l|☆Slipper#2
|player|p2|
