|j|☆bman311
|j|☆Tg511
|t:|1750822789
|gametype|doubles
|player|p1|bman311|elesa-masters|
|player|p2|Tg511|volkner|
|teamsize|p1|6
|teamsize|p2|6
|gen|9
|tier|[Gen 9] VGC 2025 Reg I
|rated|Tournament battle
|rule|Species Clause: Limit one of each Pokémon
|rule|Item Clause: Limit 1 of each item
|raw|<div class="infobox"><details class="readmore" open><summary><strong>2 custom rules:</strong></summary> Force Open Team Sheets, !Open Team Sheets</details></div>
|clearpoke
|poke|p1|Miraidon, L50|
|poke|p1|Lunala, L50|
|poke|p1|Incineroar, L50, M|
|poke|p1|Ursaluna, L50, M|
|poke|p1|Urshifu-*, L50, F|
|poke|p1|Whimsicott, L50, M|
|poke|p2|Calyrex-Ice, L50|
|poke|p2|Miraidon, L50|
|poke|p2|Urshifu-*, L50, F|
|poke|p2|Incineroar, L50, M|
|poke|p2|Farigiraf, L50, M|
|poke|p2|Iron Hands, L50|
|teampreview|4
|showteam|p1|Miraidon||ChoiceSpecs|HadronEngine|ElectroDrift,DracoMeteor,DazzlingGleam,VoltSwitch||||||50|,,,,,Fairy]Lunala||ElectricSeed|ShadowShield|MoongeistBeam,Moonblast,WideGuard,TrickRoom||||||50|,,,,,Fairy]Incineroar||AssaultVest|Intimidate|FakeOut,FlareBlitz,KnockOff,Uturn|||M|||50|,,,,,Bug]Ursaluna||FlameOrb|Guts|Facade,HeadlongRush,Earthquake,Protect|||M|||50|,,,,,Ghost]Urshifu-Rapid-Strike||ChoiceBand|UnseenFist|SurgingStrikes,CloseCombat,AquaJet,Uturn|||F|||50|,,,,,Ghost]Whimsicott||CovertCloak|Prankster|Tailwind,Moonblast,LightScreen,Encore|||M|||50|,,,,,Water
|showteam|p2|Calyrex-Ice||ClearAmulet|AsOneGlastrier|GlacialLance,HighHorsepower,TrickRoom,Protect||||||50|,,,,,Fire]Miraidon||ChoiceSpecs|HadronEngine|ElectroDrift,DracoMeteor,DazzlingGleam,VoltSwitch||||||50|,,,,,Electric]Urshifu-Rapid-Strike||ChoiceScarf|UnseenFist|SurgingStrikes,CloseCombat,AquaJet,Uturn|||F|||50|,,,,,Water]Incineroar||SafetyGoggles|Intimidate|FakeOut,FlareBlitz,KnockOff,PartingShot|||M|||50|,,,,,Bug]Farigiraf||ElectricSeed|ArmorTail|ShadowBall,Psychic,TrickRoom,HelpingHand|||M|||50|,,,,,Water]Iron Hands||AssaultVest|QuarkDrive|FakeOut,WildCharge,DrainPunch,LowKick||||||50|,,,,,Bug
|inactive|Battle timer is ON: inactive players will automatically lose when time's up. (requested by bman311)
|inactive|Tg511 has 60 seconds left.
|
|t:|1750822820
|start
|switch|p1a: Lunala|Lunala, L50|100/100
|switch|p1b: Incineroar|Incineroar, L50, M|100/100
|switch|p2a: Incinewolf|Incineroar, L50, M, shiny|100/100
|switch|p2b: Link|Calyrex-Ice, L50|100/100
|-ability|p2b: Link|As One
|-ability|p2b: Link|Unnerve
|-ability|p2a: Incinewolf|Intimidate|boost
|-unboost|p1a: Lunala|atk|1
|-unboost|p1b: Incineroar|atk|1
|-ability|p1b: Incineroar|Intimidate|boost
|-unboost|p2a: Incinewolf|atk|1
|-fail|p2b: Link|unboost|[from] item: Clear Amulet|[of] p2b: Link
|turn|1
|
|t:|1750822843
|-terastallize|p1a: Lunala|Fairy
|move|p2a: Incinewolf|Fake Out|p1b: Incineroar
|-damage|p1b: Incineroar|94/100
|move|p1a: Lunala|Moongeist Beam|p2b: Link
|-supereffective|p2b: Link
|-damage|p2b: Link|28/100
|move|p2b: Link|High Horsepower|p1b: Incineroar
|-supereffective|p1b: Incineroar
|-damage|p1b: Incineroar|23/100
|cant|p1b: Incineroar|flinch
|
|upkeep
|turn|2
|
|t:|1750822857
|switch|p2b: Power plant|Miraidon, L50|100/100
|-fieldstart|move: Electric Terrain|[from] ability: Hadron Engine|[of] p2b: Power plant
|-enditem|p1a: Lunala|Electric Seed
|-boost|p1a: Lunala|def|1|[from] item: Electric Seed
|move|p2a: Incinewolf|Flare Blitz|p1a: Lunala
|-damage|p1a: Lunala|94/100
|-damage|p2a: Incinewolf|98/100|[from] Recoil
|move|p1a: Lunala|Moongeist Beam|p2b: Power plant
|-damage|p2b: Power plant|57/100
|move|p1b: Incineroar|U-turn|p2a: Incinewolf
|-damage|p2a: Incinewolf|83/100
|
|t:|1750822882
|switch|p1b: Miraidon|Miraidon, L50|100/100|[from] U-turn
|-activate|p1b: Miraidon|ability: Hadron Engine
|
|upkeep
|turn|3
|
|t:|1750822896
|switch|p2a: BIG TONY|Iron Hands, L50, shiny|100/100
|-activate|p2a: BIG TONY|ability: Quark Drive
|-start|p2a: BIG TONY|quarkdriveatk
|switch|p1a: Ursaluna|Ursaluna, L50, M|100/100
|-terastallize|p2b: Power plant|Electric
|move|p2b: Power plant|Volt Switch|p1a: Ursaluna
|-immune|p1a: Ursaluna
|move|p1b: Miraidon|Dazzling Gleam|p2a: BIG TONY|[spread] p2a,p2b
|-supereffective|p2a: BIG TONY
|-damage|p2a: BIG TONY|45/100
|-damage|p2b: Power plant|21/100
|
|-status|p1a: Ursaluna|brn|[from] item: Flame Orb
|upkeep
|turn|4
|
|t:|1750822915
|-end|p2a: BIG TONY|Quark Drive|[silent]
|switch|p2a: Incinewolf|Incineroar, L50, M, shiny|83/100
|-ability|p2a: Incinewolf|Intimidate|boost
|-unboost|p1a: Ursaluna|atk|1
|-unboost|p1b: Miraidon|atk|1
|move|p1a: Ursaluna|Protect|p1a: Ursaluna
|-singleturn|p1a: Ursaluna|Protect
|move|p2b: Power plant|Volt Switch|p1b: Miraidon
|-resisted|p1b: Miraidon
|-damage|p1b: Miraidon|76/100
|
|t:|1750822919
|switch|p2b: Link|Calyrex-Ice, L50|28/100|[from] Volt Switch
|-ability|p2b: Link|As One
|-ability|p2b: Link|Unnerve
|move|p1b: Miraidon|Dazzling Gleam|p2a: Incinewolf|[spread] p2a,p2b
|-damage|p2a: Incinewolf|35/100
|-damage|p2b: Link|0 fnt
|faint|p2b: Link
|
|-damage|p1a: Ursaluna|95/100 brn|[from] brn
|upkeep
|j| eriksp9
|
|t:|1750822923
|switch|p2b: Power plant|Miraidon, L50, tera:Electric|21/100
|-activate|p2b: Power plant|ability: Hadron Engine
|turn|5
|
|t:|1750822936
|switch|p1a: Incineroar|Incineroar, L50, M|23/100
|-ability|p1a: Incineroar|Intimidate|boost
|-unboost|p2a: Incinewolf|atk|1
|-unboost|p2b: Power plant|atk|1
|move|p2a: Incinewolf|Fake Out|p1a: Incineroar
|-damage|p1a: Incineroar|17/100
|move|p2b: Power plant|Draco Meteor|p1b: Miraidon
|-supereffective|p1b: Miraidon
|-damage|p1b: Miraidon|0 fnt
|-unboost|p2b: Power plant|spa|2
|faint|p1b: Miraidon
|
|upkeep
|
|t:|1750822944
|switch|p1b: Lunala|Lunala, L50, tera:Fairy|94/100
|turn|6
|
|t:|1750822959
|switch|p2b: BIG TONY|Iron Hands, L50, shiny|45/100
|-activate|p2b: BIG TONY|ability: Quark Drive
|-start|p2b: BIG TONY|quarkdriveatk
|move|p2a: Incinewolf|Parting Shot|p1b: Lunala
|-unboost|p1b: Lunala|atk|1
|-unboost|p1b: Lunala|spa|1
|
|t:|1750822963
|switch|p2a: Power plant|Miraidon, L50, tera:Electric|21/100|[from] Parting Shot
|-activate|p2a: Power plant|ability: Hadron Engine
|move|p1b: Lunala|Moonblast|p2b: BIG TONY
|-supereffective|p2b: BIG TONY
|-damage|p2b: BIG TONY|0 fnt
|faint|p2b: BIG TONY
|-end|p2b: BIG TONY|Quark Drive|[silent]
|move|p1a: Incineroar|U-turn|p2a: Power plant
|-damage|p2a: Power plant|1/100
|
|t:|1750822972
|switch|p1a: Ursaluna|Ursaluna, L50, M|95/100 brn|[from] U-turn
|
|-damage|p1a: Ursaluna|89/100 brn|[from] brn
|-fieldend|move: Electric Terrain
|upkeep
|
|t:|1750822975
|switch|p2b: Incinewolf|Incineroar, L50, M, shiny|35/100
|-ability|p2b: Incinewolf|Intimidate|boost
|-unboost|p1a: Ursaluna|atk|1
|-unboost|p1b: Lunala|atk|1
|turn|7
|
|t:|1750822992
|move|p1a: Ursaluna|Protect|p1a: Ursaluna
|-singleturn|p1a: Ursaluna|Protect
|move|p2b: Incinewolf|Fake Out|p1a: Ursaluna
|-activate|p1a: Ursaluna|move: Protect
|move|p2a: Power plant|Electro Drift|p1b: Lunala
|-damage|p1b: Lunala|24/100
|move|p1b: Lunala|Moonblast|p2a: Power plant
|-damage|p2a: Power plant|0 fnt
|faint|p2a: Power plant
|
|-damage|p1a: Ursaluna|83/100 brn|[from] brn
|upkeep
|turn|8
|-message|Tg511 forfeited.
|
|win|bman311
|n|☆bman311|bman311
|n|☆Tg511|tg511
|n| eriksp9|eriksp9
|l|☆Tg511
|player|p2|
