|j|☆Akezu
|j|☆Macwindo
|t:|1750730689
|gametype|doubles
|player|p1|Akezu|169|1186
|player|p2|Macwindo|psychic|1272
|teamsize|p1|6
|teamsize|p2|6
|gen|9
|tier|[Gen 9] VGC 2025 Reg I
|rated|
|rule|Species Clause: Limit one of each Pokémon
|rule|Item Clause: Limit 1 of each item
|clearpoke
|poke|p1|Zacian-*, L50|
|poke|p1|Palkia-Origin, L50|
|poke|p1|Alcremie, L50, F|
|poke|p1|Kleavor, L50, F|
|poke|p1|Spiritomb, L50, M|
|poke|p1|Zoroark-Hisui, L50, M|
|poke|p2|Giratina-Origin, L50|
|poke|p2|Dondozo, L50, M|
|poke|p2|Ting-Lu, L50|
|poke|p2|Raging Bolt, L50|
|poke|p2|Zamazenta-*, L50|
|poke|p2|Volcarona, L50, F|
|teampreview|4
|inactive|Battle timer is ON: inactive players will automatically lose when time's up. (requested by Akezu)
|inactive|Akezu has 60 seconds left.
|inactive|Macwindo has 60 seconds left.
|
|t:|1750730741
|start
|switch|p1a: Palkia|Palkia-Origin, L50|100/100
|switch|p1b: Zacian|Zacian-Crowned, L50|100/100
|switch|p2a: Zamazenta|Zamazenta-Crowned, L50|100/100
|switch|p2b: Raging Bolt|Raging Bolt, L50|100/100
|-ability|p1b: Zacian|Intrepid Sword|boost
|-boost|p1b: Zacian|atk|1
|-ability|p2a: Zamazenta|Dauntless Shield|boost
|-boost|p2a: Zamazenta|def|1
|turn|1
|
|t:|1750730766
|-terastallize|p2b: Raging Bolt|Electric
|move|p1b: Zacian|Protect|p1b: Zacian
|-singleturn|p1b: Zacian|Protect
|move|p1a: Palkia|Nasty Plot|p1a: Palkia
|-boost|p1a: Palkia|spa|2
|move|p2a: Zamazenta|Body Press|p1b: Zacian
|-activate|p1b: Zacian|move: Protect
|move|p2b: Raging Bolt|Thunderbolt|p1a: Palkia
|-enditem|p1a: Palkia|Focus Sash
|-damage|p1a: Palkia|1/100
|replace|p1a: Zoroark|Zoroark-Hisui, L50, M
|-end|p1a: Zoroark|Illusion
|
|upkeep
|turn|2
|inactive|Akezu has 30 seconds left.
|
|t:|1750730795
|move|p2b: Raging Bolt|Thunderclap||[still]
|-fail|p2b: Raging Bolt
|move|p1b: Zacian|Sacred Sword|p2b: Raging Bolt
|-damage|p2b: Raging Bolt|58/100
|move|p1a: Zoroark|Nasty Plot|p1a: Zoroark
|-boost|p1a: Zoroark|spa|2
|move|p2a: Zamazenta|Body Press|p1b: Zacian
|-damage|p1b: Zacian|27/100
|
|upkeep
|turn|3
|
|t:|1750730811
|move|p2b: Raging Bolt|Thunderclap|p1a: Zoroark
|-crit|p1a: Zoroark
|-damage|p1a: Zoroark|0 fnt
|faint|p1a: Zoroark
|move|p1b: Zacian|Sacred Sword|p2a: Zamazenta
|-supereffective|p2a: Zamazenta
|-damage|p2a: Zamazenta|39/100
|move|p2a: Zamazenta|Behemoth Bash|p1b: Zacian
|-damage|p1b: Zacian|0 fnt
|faint|p1b: Zacian
|
|upkeep
|
|t:|1750730820
|switch|p1b: Palkia|Palkia-Origin, L50|100/100
|switch|p1a: Spiritomb|Spiritomb, L50, M|100/100
|-ability|p1b: Palkia|Pressure
|-ability|p1a: Spiritomb|Pressure
|turn|4
|
|t:|1750730837
|move|p2a: Zamazenta|Protect|p2a: Zamazenta
|-singleturn|p2a: Zamazenta|Protect
|move|p1a: Spiritomb|Ally Switch|p1a: Spiritomb
|swap|p1a: Spiritomb|1|[from] move: Ally Switch
|move|p1a: Palkia|Earth Power|p2a: Zamazenta
|-activate|p2a: Zamazenta|move: Protect
|move|p2b: Raging Bolt|Thunderbolt|p1b: Spiritomb
|-damage|p1b: Spiritomb|52/100
|
|upkeep
|turn|5
|
|t:|1750730858
|move|p1a: Palkia|Earth Power|p2a: Zamazenta
|-supereffective|p2a: Zamazenta
|-damage|p2a: Zamazenta|0 fnt
|faint|p2a: Zamazenta
|move|p2b: Raging Bolt|Thunderbolt|p1a: Palkia
|-damage|p1a: Palkia|45/100
|move|p1b: Spiritomb|Icy Wind|p2b: Raging Bolt
|-damage|p2b: Raging Bolt|52/100
|-unboost|p2b: Raging Bolt|spe|1
|
|upkeep
|
|t:|1750730870
|switch|p2a: Giratina|Giratina-Origin, L50, shiny|100/100
|turn|6
|inactive|Macwindo has 30 seconds left.
|inactive|Macwindo has 20 seconds left.
|inactive|Macwindo has 15 seconds left.
|
|t:|1750730914
|-terastallize|p1a: Palkia|Ground
|move|p2b: Raging Bolt|Thunderclap|p1b: Spiritomb
|-damage|p1b: Spiritomb|15/100
|move|p1a: Palkia|Spacial Rend|p2a: Giratina|[miss]
|-miss|p1a: Palkia|p2a: Giratina
|move|p2a: Giratina|Dragon Claw|p1b: Spiritomb
|-crit|p1b: Spiritomb
|-damage|p1b: Spiritomb|0 fnt
|-damage|p2a: Giratina|84/100|[from] item: Rocky Helmet|[of] p1b: Spiritomb
|faint|p1b: Spiritomb
|
|upkeep
|turn|7
|
|t:|1750730939
|move|p2a: Giratina|Shadow Sneak|p1a: Palkia
|-damage|p1a: Palkia|17/100
|move|p1a: Palkia|Spacial Rend|p2a: Giratina
|-supereffective|p2a: Giratina
|-damage|p2a: Giratina|0 fnt
|faint|p2a: Giratina
|move|p2b: Raging Bolt|Draco Meteor|p1a: Palkia
|-damage|p1a: Palkia|0 fnt
|-unboost|p2b: Raging Bolt|spa|2
|faint|p1a: Palkia
|
|win|Macwindo
|raw|Akezu's rating: 1186 &rarr; <strong>1167</strong><br />(-19 for losing)
|raw|Macwindo's rating: 1272 &rarr; <strong>1291</strong><br />(+19 for winning)
|l|☆Macwindo
|player|p2|
|l|☆Akezu
|player|p1|
