|j|☆shockeim1
|j|☆Azemon
|t:|1750768086
|gametype|doubles
|player|p1|shockeim1|palmer|1367
|player|p2|Azemon|266|1449
|teamsize|p1|6
|teamsize|p2|6
|gen|9
|tier|[Gen 9] VGC 2025 Reg I
|rated|
|rule|Species Clause: Limit one of each Pokémon
|rule|Item Clause: Limit 1 of each item
|clearpoke
|poke|p1|Miraidon, L50|
|poke|p1|Calyrex-Shadow, L50|
|poke|p1|Ogerpon-Cornerstone, L50, F|
|poke|p1|Whimsicott, L50, F|
|poke|p1|Iron Hands, L50|
|poke|p1|Urshifu-*, L50, F|
|poke|p2|Kyogre, L50|
|poke|p2|Raichu, L50, F|
|poke|p2|Tornadus, L50, M|
|poke|p2|Farigiraf, L50, M|
|poke|p2|Sneasler, L50, F|
|poke|p2|Zacian-*, L50|
|teampreview|4
|inactive|Battle timer is ON: inactive players will automatically lose when time's up. (requested by Azemon)
|
|t:|1750768118
|start
|switch|p1a: Calyrex|Calyrex-Shadow, L50|100/100
|switch|p1b: Whimsicott|Whimsicott, L50, F, shiny|100/100
|switch|p2a: Kyogre|Kyogre, L50|100/100
|switch|p2b: Raichu|Raichu, L50, F|100/100
|-ability|p1a: Calyrex|As One
|-ability|p1a: Calyrex|Unnerve
|-weather|RainDance|[from] ability: Drizzle|[of] p2a: Kyogre
|turn|1
|
|t:|1750768139
|-terastallize|p2a: Kyogre|Water
|move|p1b: Whimsicott|Helping Hand|p1a: Calyrex
|-singleturn|p1a: Calyrex|Helping Hand|[of] p1b: Whimsicott
|move|p2b: Raichu|Fake Out|p1b: Whimsicott
|-damage|p1b: Whimsicott|92/100
|move|p2a: Kyogre|Water Spout|p1b: Whimsicott|[spread] p1a,p1b
|-resisted|p1b: Whimsicott
|-damage|p1a: Calyrex|0 fnt
|-damage|p1b: Whimsicott|20/100
|faint|p1a: Calyrex
|
|-weather|RainDance|[upkeep]
|upkeep
|
|t:|1750768147
|switch|p1a: Miraidon|Miraidon, L50|100/100
|-fieldstart|move: Electric Terrain|[from] ability: Hadron Engine|[of] p1a: Miraidon
|turn|2
|
|t:|1750768161
|switch|p2b: Farigiraf|Farigiraf, L50, M|100/100
|move|p1b: Whimsicott|Tailwind|p1b: Whimsicott
|-sidestart|p1: shockeim1|move: Tailwind
|move|p1a: Miraidon|Electro Drift|p2a: Kyogre
|-supereffective|p2a: Kyogre
|-damage|p2a: Kyogre|0 fnt
|faint|p2a: Kyogre
|
|-weather|RainDance|[upkeep]
|upkeep
|
|t:|1750768174
|switch|p2a: Zacian|Zacian-Crowned, L50|100/100
|-ability|p2a: Zacian|Intrepid Sword|boost
|-boost|p2a: Zacian|atk|1
|turn|3
|
|t:|1750768185
|switch|p2b: Raichu|Raichu, L50, F|100/100
|move|p1b: Whimsicott|Helping Hand|p1a: Miraidon
|-singleturn|p1a: Miraidon|Helping Hand|[of] p1b: Whimsicott
|move|p1a: Miraidon|Electro Drift|p2b: Raichu
|-activate|p2b: Raichu|ability: Lightning Rod
|-ability|p2b: Raichu|Lightning Rod|boost
|-boost|p2b: Raichu|spa|1
|move|p2a: Zacian|Play Rough|p1a: Miraidon
|-supereffective|p1a: Miraidon
|-damage|p1a: Miraidon|0 fnt
|faint|p1a: Miraidon
|
|-weather|RainDance|[upkeep]
|upkeep
|
|t:|1750768193
|switch|p1a: Urshifu|Urshifu-Rapid-Strike, L50, F|100/100
|turn|4
|
|t:|1750768217
|-terastallize|p1a: Urshifu|Ghost
|move|p2b: Raichu|Fake Out|p1a: Urshifu
|-immune|p1a: Urshifu
|move|p1b: Whimsicott|Moonblast|p2b: Raichu
|-damage|p2b: Raichu|77/100
|move|p1a: Urshifu|Surging Strikes|p2a: Zacian
|-crit|p2a: Zacian
|-damage|p2a: Zacian|58/100
|-crit|p2a: Zacian
|-damage|p2a: Zacian|17/100
|-crit|p2a: Zacian
|-damage|p2a: Zacian|0 fnt
|faint|p2a: Zacian
|-hitcount|p2: Zacian|3
|
|-weather|RainDance|[upkeep]
|upkeep
|
|t:|1750768234
|switch|p2a: Farigiraf|Farigiraf, L50, M|100/100
|turn|5
|
|t:|1750768246
|move|p1b: Whimsicott|Helping Hand|p1a: Urshifu
|-singleturn|p1a: Urshifu|Helping Hand|[of] p1b: Whimsicott
|move|p1a: Urshifu|Surging Strikes|p2a: Farigiraf
|-crit|p2a: Farigiraf
|-damage|p2a: Farigiraf|48/100
|-crit|p2a: Farigiraf
|-damage|p2a: Farigiraf|0 fnt
|faint|p2a: Farigiraf
|-hitcount|p2: Farigiraf|2
|move|p2b: Raichu|Nuzzle|p1a: Urshifu
|-damage|p1a: Urshifu|93/100
|-status|p1a: Urshifu|par
|
|-weather|none
|-sideend|p1: shockeim1|move: Tailwind
|upkeep
|turn|6
|
|t:|1750768270
|move|p1b: Whimsicott|Encore|p2b: Raichu
|-start|p2b: Raichu|Encore
|move|p2b: Raichu|Nuzzle|p1a: Urshifu
|-damage|p1a: Urshifu|86/100 par
|move|p1a: Urshifu|Surging Strikes|p2b: Raichu
|-crit|p2b: Raichu
|-damage|p2b: Raichu|45/100
|-crit|p2b: Raichu
|-damage|p2b: Raichu|7/100
|-crit|p2b: Raichu
|-damage|p2b: Raichu|0 fnt
|faint|p2b: Raichu
|-hitcount|p2: Raichu|3
|
|win|shockeim1
|raw|shockeim1's rating: 1367 &rarr; <strong>1392</strong><br />(+25 for winning)
|raw|Azemon's rating: 1449 &rarr; <strong>1424</strong><br />(-25 for losing)
|l|☆shockeim1
|player|p1|
|l|☆Azemon
|player|p2|
