|j|☆KogaJunior23
|j|☆BroFungus
|t:|1750868045
|gametype|doubles
|player|p1|KogaJunior23|koga|1431
|player|p2|BroFungus|ninjaboy|1495
|teamsize|p1|6
|teamsize|p2|6
|gen|9
|tier|[Gen 9] VGC 2025 Reg I
|rated|
|rule|Species Clause: Limit one of each Pokémon
|rule|Item Clause: Limit 1 of each item
|clearpoke
|poke|p1|Mewtwo, L50|
|poke|p1|Indeedee-F, L50, F|
|poke|p1|Chi-Yu, L50|
|poke|p1|Mandibuzz, L50, F|
|poke|p1|Amoonguss, L50, M|
|poke|p1|Solgaleo, L50|
|poke|p2|Calyrex-Shadow, L50|
|poke|p2|Zamazenta-*, L50|
|poke|p2|Incineroar, L50, M|
|poke|p2|Rillaboom, L50, M|
|poke|p2|Amoonguss, L50, M|
|poke|p2|Urshifu-*, L50, F|
|teampreview|4
|inactive|Battle timer is ON: inactive players will automatically lose when time's up. (requested by BroFungus)
|j| nijjerayi minion
|c| nijjerayi minion|love to see mewtwo
|inactive|BroFungus has 60 seconds left.
|
|t:|1750868082
|start
|switch|p1a: Indeedee|Indeedee-F, L50, F|100/100
|switch|p1b: Mandibuzz|Mandibuzz, L50, F|100/100
|switch|p2a: Zamazenta|Zamazenta-Crowned, L50|100/100
|switch|p2b: Incineroar|Incineroar, L50, M|100/100
|-ability|p2a: Zamazenta|Dauntless Shield|boost
|-boost|p2a: Zamazenta|def|1
|-fieldstart|move: Psychic Terrain|[from] ability: Psychic Surge|[of] p1a: Indeedee
|-ability|p2b: Incineroar|Intimidate|boost
|-unboost|p1a: Indeedee|atk|1
|-unboost|p1b: Mandibuzz|atk|1
|turn|1
|inactive|BroFungus has 30 seconds left.
|inactive|KogaJunior23 has 30 seconds left.
|inactive|BroFungus has 20 seconds left.
|
|t:|1750868124
|move|p1b: Mandibuzz|Protect|p1b: Mandibuzz
|-singleturn|p1b: Mandibuzz|Protect
|move|p2a: Zamazenta|Body Press|p1b: Mandibuzz
|-activate|p1b: Mandibuzz|move: Protect
|move|p1a: Indeedee|Psychic|p2b: Incineroar
|-immune|p2b: Incineroar
|move|p2b: Incineroar|Knock Off|p1a: Indeedee
|-supereffective|p1a: Indeedee
|-damage|p1a: Indeedee|18/100
|-damage|p2b: Incineroar|84/100|[from] item: Rocky Helmet|[of] p1a: Indeedee
|-enditem|p1a: Indeedee|Rocky Helmet|[from] move: Knock Off|[of] p2b: Incineroar
|
|upkeep
|turn|2
|c|☆KogaJunior23|Fat thumbs lol
|inactive|BroFungus has 30 seconds left.
|
|t:|1750868156
|move|p2a: Zamazenta|Body Press|p1a: Indeedee
|-damage|p1a: Indeedee|0 fnt
|faint|p1a: Indeedee
|move|p1b: Mandibuzz|Tailwind|p1b: Mandibuzz
|-sidestart|p1: KogaJunior23|move: Tailwind
|move|p2b: Incineroar|Parting Shot|p1b: Mandibuzz
|-unboost|p1b: Mandibuzz|atk|1
|-unboost|p1b: Mandibuzz|spa|1
|c| nijjerayi minion|lol
|
|t:|1750868171
|switch|p2b: Urshifu|Urshifu, L50, F|100/100|[from] Parting Shot
|
|upkeep
|
|t:|1750868182
|switch|p1a: Mewtwo|Mewtwo, L50|100/100
|-ability|p1a: Mewtwo|Unnerve
|turn|3
|c| nijjerayi minion|expanding force mewtwp?
|inactive|BroFungus has 30 seconds left.
|
|t:|1750868207
|move|p2a: Zamazenta|Protect|p2a: Zamazenta
|-singleturn|p2a: Zamazenta|Protect
|move|p2b: Urshifu|Detect|p2b: Urshifu
|-singleturn|p2b: Urshifu|Protect
|move|p1a: Mewtwo|Aura Sphere|p2b: Urshifu
|-activate|p2b: Urshifu|move: Protect
|move|p1b: Mandibuzz|Taunt|p2a: Zamazenta
|-activate|p2a: Zamazenta|move: Protect
|
|upkeep
|turn|4
|
|t:|1750868226
|move|p2b: Urshifu|Sucker Punch|p1a: Mewtwo
|-activate|p1a: Mewtwo|move: Psychic Terrain
|move|p1a: Mewtwo|Aura Sphere|p2b: Urshifu
|-supereffective|p2b: Urshifu
|-damage|p2b: Urshifu|0 fnt
|faint|p2b: Urshifu
|-damage|p1a: Mewtwo|91/100|[from] item: Life Orb
|move|p1b: Mandibuzz|Taunt|p2a: Zamazenta
|-start|p2a: Zamazenta|move: Taunt
|move|p2a: Zamazenta|Body Press|p1b: Mandibuzz
|-damage|p1b: Mandibuzz|60/100
|
|-heal|p1b: Mandibuzz|65/100|[from] item: Leftovers
|upkeep
|
|t:|1750868242
|switch|p2b: Calyrex|Calyrex-Shadow, L50|100/100
|-ability|p2b: Calyrex|As One
|-ability|p2b: Calyrex|Unnerve
|turn|5
|
|t:|1750868253
|move|p2b: Calyrex|Protect|p2b: Calyrex
|-singleturn|p2b: Calyrex|Protect
|move|p1a: Mewtwo|Expanding Force|p2b: Calyrex|[spread] p2a
|-activate|p2b: Calyrex|move: Protect
|-damage|p2a: Zamazenta|32/100
|-damage|p1a: Mewtwo|81/100|[from] item: Life Orb
|move|p1b: Mandibuzz|Foul Play|p2b: Calyrex
|-activate|p2b: Calyrex|move: Protect
|move|p2a: Zamazenta|Body Press|p1b: Mandibuzz
|-damage|p1b: Mandibuzz|23/100
|
|-heal|p1b: Mandibuzz|29/100|[from] item: Leftovers
|-sideend|p1: KogaJunior23|move: Tailwind
|-fieldend|move: Psychic Terrain
|upkeep
|turn|6
|inactive|KogaJunior23 has 30 seconds left.
|
|t:|1750868281
|-terastallize|p2b: Calyrex|Ghost
|move|p1a: Mewtwo|Protect|p1a: Mewtwo
|-singleturn|p1a: Mewtwo|Protect
|move|p1b: Mandibuzz|Protect|p1b: Mandibuzz
|-singleturn|p1b: Mandibuzz|Protect
|move|p2b: Calyrex|Astral Barrage|p1a: Mewtwo|[spread] 
|-activate|p1a: Mewtwo|move: Protect
|-activate|p1b: Mandibuzz|move: Protect
|move|p2a: Zamazenta|Behemoth Bash|p1b: Mandibuzz
|-activate|p1b: Mandibuzz|move: Protect
|
|-heal|p1b: Mandibuzz|35/100|[from] item: Leftovers
|-end|p2a: Zamazenta|move: Taunt
|upkeep
|turn|7
|inactive|KogaJunior23 has 30 seconds left.
|
|t:|1750868306
|move|p2b: Calyrex|Astral Barrage|p1a: Mewtwo|[spread] p1a,p1b
|-supereffective|p1a: Mewtwo
|-resisted|p1b: Mandibuzz
|-damage|p1a: Mewtwo|0 fnt
|-damage|p1b: Mandibuzz|3/100
|faint|p1a: Mewtwo
|-ability|p2b: Calyrex|Grim Neigh|boost
|-boost|p2b: Calyrex|spa|1
|move|p2a: Zamazenta|Body Press|p1b: Mandibuzz
|-damage|p1b: Mandibuzz|0 fnt
|faint|p1b: Mandibuzz
|
|upkeep
|
|t:|1750868312
|switch|p1b: Solgaleo|Solgaleo, L50|100/100
|turn|8
|
|t:|1750868326
|-terastallize|p1b: Solgaleo|Electric
|move|p2b: Calyrex|Astral Barrage|p1b: Solgaleo
|-damage|p1b: Solgaleo|37/100
|move|p2a: Zamazenta|Body Press|p1b: Solgaleo
|-damage|p1b: Solgaleo|0 fnt
|faint|p1b: Solgaleo
|
|win|BroFungus
|raw|KogaJunior23's rating: 1431 &rarr; <strong>1415</strong><br />(-16 for losing)
|raw|BroFungus's rating: 1495 &rarr; <strong>1511</strong><br />(+16 for winning)
|c|☆KogaJunior23|Gg
|l|☆BroFungus
|player|p2|
|l| nijjerayi minion
|l|☆KogaJunior23
|player|p1|
