|j|☆BermyLermy
|j|☆donut0727
|t:|1750770840
|gametype|doubles
|player|p1|BermyLermy|pryce|1302
|player|p2|donut0727|ninjaboy|1229
|teamsize|p1|6
|teamsize|p2|6
|gen|9
|tier|[Gen 9] VGC 2025 Reg I
|rated|
|rule|Species Clause: Limit one of each Pokémon
|rule|Item Clause: Limit 1 of each item
|clearpoke
|poke|p1|Calyrex-Shadow, L50|
|poke|p1|Zamazenta-*, L50|
|poke|p1|Incineroar, L50, M|
|poke|p1|Rillaboom, L50, M|
|poke|p1|Urshifu-*, L50, M|
|poke|p1|Tornadus, L50, M|
|poke|p2|Zacian-*, L50|
|poke|p2|Regidrago, L50|
|poke|p2|Terapagos, L50, M|
|poke|p2|Amoonguss, L50, M|
|poke|p2|Chi-Yu, L50|
|poke|p2|Tornadus, L50, M|
|teampreview|4
|inactive|Battle timer is ON: inactive players will automatically lose when time's up. (requested by BermyLermy)
donut0727 has agreed to open team sheets.
|inactive|BermyLermy has 60 seconds left.
|inactive|donut0727 has 60 seconds left.
|
|t:|1750770875
|start
|switch|p1a: Zamazenta|Zamazenta-Crowned, L50|100/100
|switch|p1b: Incineroar|Incineroar, L50, M|100/100
|switch|p2a: Regidrago|Regidrago, L50, shiny|100/100
|switch|p2b: Tornadus|Tornadus, L50, M|100/100
|-ability|p1a: Zamazenta|Dauntless Shield|boost
|-boost|p1a: Zamazenta|def|1
|-ability|p1b: Incineroar|Intimidate|boost
|-unboost|p2a: Regidrago|atk|1
|-unboost|p2b: Tornadus|atk|1
|turn|1
|inactive|BermyLermy has 30 seconds left.
|inactive|BermyLermy has 20 seconds left.
|
|t:|1750770912
|move|p2a: Regidrago|Protect|p2a: Regidrago
|-singleturn|p2a: Regidrago|Protect
|move|p2b: Tornadus|Tailwind|p2b: Tornadus
|-sidestart|p2: donut0727|move: Tailwind
|move|p1a: Zamazenta|Behemoth Bash|p2b: Tornadus
|-damage|p2b: Tornadus|50/100
|move|p1b: Incineroar|Parting Shot|p2a: Regidrago
|-activate|p2a: Regidrago|move: Protect
|
|upkeep
|turn|2
|inactive|donut0727 has 30 seconds left.
|
|t:|1750770940
|move|p1a: Zamazenta|Protect|p1a: Zamazenta
|-singleturn|p1a: Zamazenta|Protect
|move|p2b: Tornadus|Bleakwind Storm|p1a: Zamazenta|[spread] p1b
|-activate|p1a: Zamazenta|move: Protect
|-damage|p1b: Incineroar|72/100
|move|p2a: Regidrago|Dragon Energy|p1b: Incineroar|[spread] p1b
|-activate|p1a: Zamazenta|move: Protect
|-damage|p1b: Incineroar|0 fnt
|faint|p1b: Incineroar
|-damage|p2a: Regidrago|91/100|[from] item: Life Orb
|
|upkeep
|
|t:|1750770950
|switch|p1b: Tornadus|Tornadus, L50, M, shiny|100/100
|turn|3
|
|t:|1750770963
|-terastallize|p2a: Regidrago|Ghost
|move|p2b: Tornadus|Taunt|p1b: Tornadus
|-start|p1b: Tornadus|move: Taunt
|cant|p1b: Tornadus|move: Taunt|Tailwind
|move|p2a: Regidrago|Dragon Energy|p1b: Tornadus|[spread] p1a,p1b
|-resisted|p1a: Zamazenta
|-damage|p1a: Zamazenta|64/100
|-damage|p1b: Tornadus|0 fnt
|faint|p1b: Tornadus
|-damage|p2a: Regidrago|81/100|[from] item: Life Orb
|move|p1a: Zamazenta|Body Press|p2a: Regidrago
|-immune|p2a: Regidrago
|
|upkeep
|
|t:|1750770967
|switch|p1b: Calyrex|Calyrex-Shadow, L50|100/100
|-ability|p1b: Calyrex|As One
|-ability|p1b: Calyrex|Unnerve
|turn|4
|
|t:|1750770980
|move|p1b: Calyrex|Protect|p1b: Calyrex
|-singleturn|p1b: Calyrex|Protect
|move|p1a: Zamazenta|Protect|p1a: Zamazenta
|-singleturn|p1a: Zamazenta|Protect
|move|p2b: Tornadus|Bleakwind Storm|p1a: Zamazenta|[spread] 
|-activate|p1a: Zamazenta|move: Protect
|-activate|p1b: Calyrex|move: Protect
|move|p2a: Regidrago|Dragon Energy|p1b: Calyrex|[spread] 
|-activate|p1a: Zamazenta|move: Protect
|-activate|p1b: Calyrex|move: Protect
|
|-sideend|p2: donut0727|move: Tailwind
|upkeep
|turn|5
|
|t:|1750771004
|move|p2b: Tornadus|Tailwind|p2b: Tornadus
|-sidestart|p2: donut0727|move: Tailwind
|move|p2a: Regidrago|Dragon Energy|p1b: Calyrex|[spread] p1a,p1b
|-resisted|p1a: Zamazenta
|-damage|p1a: Zamazenta|29/100
|-damage|p1b: Calyrex|17/100
|-damage|p2a: Regidrago|71/100|[from] item: Life Orb
|move|p1b: Calyrex|Astral Barrage|p2a: Regidrago|[spread] p2a,p2b
|-supereffective|p2a: Regidrago
|-damage|p2a: Regidrago|0 fnt
|-damage|p2b: Tornadus|0 fnt
|faint|p2a: Regidrago
|faint|p2b: Tornadus
|-ability|p1b: Calyrex|Grim Neigh|boost
|-boost|p1b: Calyrex|spa|2
|-damage|p1b: Calyrex|8/100|[from] item: Life Orb
|move|p1a: Zamazenta|Behemoth Bash|p2: Regidrago|[notarget]
|-fail|p1a: Zamazenta
|
|upkeep
|
|t:|1750771015
|switch|p2b: Zacian|Zacian-Crowned, L50|100/100
|switch|p2a: Terapagos|Terapagos, L50, M|100/100
|-activate|p2a: Terapagos|ability: Tera Shift
|detailschange|p2a: Terapagos|Terapagos-Terastal, L50, M
|-heal|p2a: Terapagos|100/100|[silent]
|-ability|p2b: Zacian|Intrepid Sword|boost
|-boost|p2b: Zacian|atk|1
|turn|6
|
|t:|1750771035
|move|p1a: Zamazenta|Wide Guard|p1a: Zamazenta
|-singleturn|p1a: Zamazenta|Wide Guard
|move|p2b: Zacian|Behemoth Blade|p1b: Calyrex
|-damage|p1b: Calyrex|0 fnt
|faint|p1b: Calyrex
|move|p2a: Terapagos|Tera Starstorm|p1a: Zamazenta
|-resisted|p1a: Zamazenta
|-damage|p1a: Zamazenta|0 fnt
|faint|p1a: Zamazenta
|
|win|donut0727
|raw|BermyLermy's rating: 1302 &rarr; <strong>1278</strong><br />(-24 for losing)
|raw|donut0727's rating: 1229 &rarr; <strong>1259</strong><br />(+30 for winning)
|l|☆BermyLermy
|player|p1|
|c|☆donut0727|Gg
|l|☆donut0727
|player|p2|
