|j|☆MolassesPotato
|j|☆wiranVGC
|t:|1750797001
|gametype|doubles
|player|p1|MolassesPotato|jogger|1179
|player|p2|wiranVGC|silver|1283
|teamsize|p1|6
|teamsize|p2|6
|gen|9
|tier|[Gen 9] VGC 2025 Reg I
|rated|
|rule|Species Clause: Limit one of each Pokémon
|rule|Item Clause: Limit 1 of each item
|clearpoke
|poke|p1|Terapagos, L50, M|
|poke|p1|Calyrex-Shadow, L50|
|poke|p1|Incineroar, L50, F|
|poke|p1|Rillaboom, L50, F|
|poke|p1|Scream Tail, L50|
|poke|p1|Ogerpon-Cornerstone, L50, F|
|poke|p2|Groudon, L50|
|poke|p2|Whimsicott, L50, F|
|poke|p2|Raging Bolt, L50|
|poke|p2|Zamazenta-*, L50|
|poke|p2|Ogerpon-Hearthflame, L50, F|
|poke|p2|Rillaboom, L50, F|
|teampreview|4
|inactive|Battle timer is ON: inactive players will automatically lose when time's up. (requested by wiranVGC)
MolassesPotato has agreed to open team sheets.
|inactive|MolassesPotato has 60 seconds left.
|
|t:|1750797057
|start
|switch|p1a: Calyrex|Calyrex-Shadow, L50|100/100
|switch|p1b: Incineroar|Incineroar, L50, F, shiny|100/100
|switch|p2a: Whimsicott|Whimsicott, L50, F|100/100
|switch|p2b: Raging Bolt|Raging Bolt, L50|100/100
|-ability|p1a: Calyrex|As One
|-ability|p1a: Calyrex|Unnerve
|-ability|p1b: Incineroar|Intimidate|boost
|-unboost|p2a: Whimsicott|atk|1
|-unboost|p2b: Raging Bolt|atk|1
|turn|1
|inactive|MolassesPotato has 30 seconds left.
|
|t:|1750797083
|move|p1b: Incineroar|Fake Out|p2a: Whimsicott
|-damage|p2a: Whimsicott|83/100
|move|p2a: Whimsicott|Tailwind|p2a: Whimsicott
|-sidestart|p2: wiranVGC|move: Tailwind
|move|p1a: Calyrex|Astral Barrage|p2a: Whimsicott|[spread] p2a,p2b
|-damage|p2a: Whimsicott|0 fnt
|-damage|p2b: Raging Bolt|77/100
|faint|p2a: Whimsicott
|-ability|p1a: Calyrex|Grim Neigh|boost
|-boost|p1a: Calyrex|spa|1
|move|p2b: Raging Bolt|Snarl|p1a: Calyrex|[spread] p1a,p1b
|-supereffective|p1a: Calyrex
|-resisted|p1b: Incineroar
|-damage|p1a: Calyrex|46/100
|-damage|p1b: Incineroar|95/100
|-unboost|p1a: Calyrex|spa|1
|-unboost|p1b: Incineroar|spa|1
|
|upkeep
|
|t:|1750797102
|switch|p2a: Groudon|Groudon, L50|100/100
|-weather|SunnyDay|[from] ability: Drought|[of] p2a: Groudon
|-activate|p2b: Raging Bolt|ability: Protosynthesis
|-start|p2b: Raging Bolt|protosynthesisspa
|turn|2
|
|t:|1750797121
|switch|p1a: Rillaboom|Rillaboom, L50, F, shiny|100/100
|-fieldstart|move: Grassy Terrain|[from] ability: Grassy Surge|[of] p1a: Rillaboom
|switch|p1b: Terapagos|Terapagos, L50, M|100/100
|-activate|p1b: Terapagos|ability: Tera Shift
|detailschange|p1b: Terapagos|Terapagos-Terastal, L50, M
|-heal|p1b: Terapagos|100/100|[silent]
|-terastallize|p2a: Groudon|Fire
|move|p2a: Groudon|Swords Dance|p2a: Groudon
|-boost|p2a: Groudon|atk|2
|move|p2b: Raging Bolt|Snarl|p1b: Terapagos|[spread] p1a,p1b
|-activate|p1b: Terapagos|ability: Tera Shell
|-resisted|p1b: Terapagos
|-damage|p1a: Rillaboom|90/100
|-damage|p1b: Terapagos|94/100
|-unboost|p1a: Rillaboom|spa|1
|-unboost|p1b: Terapagos|spa|1
|
|-weather|SunnyDay|[upkeep]
|-heal|p2b: Raging Bolt|83/100|[from] Grassy Terrain
|-heal|p1b: Terapagos|99/100|[from] Grassy Terrain
|-heal|p1b: Terapagos|100/100|[from] item: Leftovers
|-heal|p1a: Rillaboom|96/100|[from] Grassy Terrain
|upkeep
|turn|3
|inactive|MolassesPotato has 30 seconds left.
|
|t:|1750797156
|move|p2a: Groudon|Protect|p2a: Groudon
|-singleturn|p2a: Groudon|Protect
|move|p1a: Rillaboom|Fake Out|p2a: Groudon
|-activate|p2a: Groudon|move: Protect
|move|p2b: Raging Bolt|Snarl|p1a: Rillaboom|[spread] p1a,p1b
|-activate|p1b: Terapagos|ability: Tera Shell
|-resisted|p1b: Terapagos
|-crit|p1b: Terapagos
|-damage|p1a: Rillaboom|85/100
|-damage|p1b: Terapagos|90/100
|-unboost|p1a: Rillaboom|spa|1
|-unboost|p1b: Terapagos|spa|1
|move|p1b: Terapagos|Calm Mind|p1b: Terapagos
|-boost|p1b: Terapagos|spa|1
|-boost|p1b: Terapagos|spd|1
|
|-weather|SunnyDay|[upkeep]
|-heal|p2b: Raging Bolt|89/100|[from] Grassy Terrain
|-heal|p1b: Terapagos|96/100|[from] Grassy Terrain
|-heal|p1b: Terapagos|100/100|[from] item: Leftovers
|-heal|p1a: Rillaboom|91/100|[from] Grassy Terrain
|upkeep
|turn|4
|inactive|MolassesPotato has 30 seconds left.
|inactive|MolassesPotato has 20 seconds left.
|inactive|MolassesPotato has 15 seconds left.
|inactive|MolassesPotato has 10 seconds left.
|
|t:|1750797201
|move|p2a: Groudon|Heat Crash|p1a: Rillaboom
|-supereffective|p1a: Rillaboom
|-damage|p1a: Rillaboom|0 fnt
|faint|p1a: Rillaboom
|move|p2b: Raging Bolt|Snarl|p1b: Terapagos
|-activate|p1b: Terapagos|ability: Tera Shell
|-resisted|p1b: Terapagos
|-damage|p1b: Terapagos|94/100
|-unboost|p1b: Terapagos|spa|1
|move|p1b: Terapagos|Calm Mind|p1b: Terapagos
|-boost|p1b: Terapagos|spa|1
|-boost|p1b: Terapagos|spd|1
|
|-weather|SunnyDay|[upkeep]
|-heal|p2b: Raging Bolt|95/100|[from] Grassy Terrain
|-heal|p1b: Terapagos|100/100|[from] Grassy Terrain
|-sideend|p2: wiranVGC|move: Tailwind
|upkeep
|
|t:|1750797217
|switch|p1a: Calyrex|Calyrex-Shadow, L50|46/100
|-ability|p1a: Calyrex|As One
|-ability|p1a: Calyrex|Unnerve
|turn|5
|
|t:|1750797229
|-terastallize|p1b: Terapagos|Stellar
|detailschange|p1b: Terapagos|Terapagos-Stellar, L50, M, tera:Stellar
|-heal|p1b: Terapagos|100/100|[silent]
|-ability|p1b: Terapagos|Teraform Zero
|-weather|none
|-end|p2b: Raging Bolt|Protosynthesis
|-fieldend|move: Grassy Terrain
|move|p1a: Calyrex|Astral Barrage|p2a: Groudon|[spread] p2a,p2b
|-damage|p2a: Groudon|52/100
|-damage|p2b: Raging Bolt|70/100
|move|p1b: Terapagos|Tera Starstorm|p2b: Raging Bolt|[spread] p2a,p2b
|-supereffective|p2a: Groudon
|-damage|p2a: Groudon|8/100
|-damage|p2b: Raging Bolt|60/100
|move|p2a: Groudon|Precipice Blades|p1a: Calyrex|[spread] p1a,p1b
|-damage|p1a: Calyrex|0 fnt
|-damage|p1b: Terapagos|36/100
|faint|p1a: Calyrex
|move|p2b: Raging Bolt|Snarl|p1b: Terapagos|[miss]
|-miss|p2b: Raging Bolt|p1b: Terapagos
|
|-heal|p1b: Terapagos|42/100|[from] item: Leftovers
|upkeep
|
|t:|1750797249
|switch|p1a: Incineroar|Incineroar, L50, F, shiny|95/100
|-ability|p1a: Incineroar|Intimidate|boost
|-fail|p2a: Groudon|unboost|[from] item: Clear Amulet|[of] p2a: Groudon
|-unboost|p2b: Raging Bolt|atk|1
|turn|6
|
|t:|1750797264
|move|p2a: Groudon|Protect|p2a: Groudon
|-singleturn|p2a: Groudon|Protect
|move|p1a: Incineroar|Fake Out|p2b: Raging Bolt
|-damage|p2b: Raging Bolt|51/100
|move|p1b: Terapagos|Tera Starstorm|p2a: Groudon|[spread] p2b
|-activate|p2a: Groudon|move: Protect
|-damage|p2b: Raging Bolt|40/100
|cant|p2b: Raging Bolt|flinch
|
|-heal|p1b: Terapagos|48/100|[from] item: Leftovers
|upkeep
|turn|7
|
|t:|1750797284
|move|p1b: Terapagos|Protect|p1b: Terapagos
|-singleturn|p1b: Terapagos|Protect
|move|p2a: Groudon|Protect||[still]
|-fail|p2a: Groudon
|move|p2b: Raging Bolt|Snarl|p1b: Terapagos|[spread] p1a
|-activate|p1b: Terapagos|move: Protect
|-resisted|p1a: Incineroar
|-damage|p1a: Incineroar|89/100
|-unboost|p1a: Incineroar|spa|1
|move|p1a: Incineroar|Knock Off|p2a: Groudon
|-damage|p2a: Groudon|0 fnt
|-enditem|p2a: Groudon|Clear Amulet|[from] move: Knock Off|[of] p1a: Incineroar
|faint|p2a: Groudon
|
|-heal|p1b: Terapagos|55/100|[from] item: Leftovers
|upkeep
|
|t:|1750797287
|switch|p2a: Zamazenta|Zamazenta-Crowned, L50|100/100
|-ability|p2a: Zamazenta|Dauntless Shield|boost
|-boost|p2a: Zamazenta|def|1
|turn|8
|inactive|MolassesPotato has 30 seconds left.
|
|t:|1750797318
|move|p2b: Raging Bolt|Thunderclap|p1b: Terapagos
|-damage|p1b: Terapagos|44/100
|move|p2a: Zamazenta|Body Press|p1b: Terapagos
|-supereffective|p1b: Terapagos
|-damage|p1b: Terapagos|0 fnt
|faint|p1b: Terapagos
|detailschange|p1: Terapagos|Terapagos, L50, M|[silent]
|move|p1a: Incineroar|Knock Off|p2a: Zamazenta
|-resisted|p2a: Zamazenta
|-damage|p2a: Zamazenta|96/100
|
|upkeep
|turn|9
|-message|MolassesPotato forfeited.
|
|win|wiranVGC
|raw|MolassesPotato's rating: 1179 &rarr; <strong>1161</strong><br />(-18 for losing)
|raw|wiranVGC's rating: 1283 &rarr; <strong>1301</strong><br />(+18 for winning)
|l|☆MolassesPotato
|player|p1|
