|j|☆Luka0320
|j|☆Crying for Rain
|t:|1750748104
|gametype|doubles
|player|p1|Luka0320|102|1548
|player|p2|Crying for Rain|rocketgruntf|1543
|teamsize|p1|6
|teamsize|p2|6
|gen|9
|tier|[Gen 9] VGC 2025 Reg I
|rated|
|rule|Species Clause: Limit one of each Pokémon
|rule|Item Clause: Limit 1 of each item
|clearpoke
|poke|p1|Miraidon, L50|
|poke|p1|Calyrex-Ice, L50|
|poke|p1|Iron Hands, L50|
|poke|p1|Ogerpon-Hearthflame, L50, F|
|poke|p1|Farigiraf, L50, F|
|poke|p1|Whimsicott, L50, M|
|poke|p2|Miraidon, L50|
|poke|p2|Zamazenta-*, L50|
|poke|p2|Chien-Pao, L50|
|poke|p2|Grimmsnarl, L50, M|
|poke|p2|Volcarona, L50, F|
|poke|p2|Iron Hands, L50|
|teampreview|4
|inactive|Battle timer is ON: inactive players will automatically lose when time's up. (requested by Crying for Rain)
|
|t:|1750748145
|start
|switch|p1a: Miraidon|Miraidon, L50|100/100
|switch|p1b: Calyrex|Calyrex-Ice, L50|100/100
|switch|p2a: Miraidon|Miraidon, L50|100/100
|switch|p2b: Grimmsnarl|Grimmsnarl, L50, M, shiny|100/100
|-ability|p1b: Calyrex|As One
|-ability|p1b: Calyrex|Unnerve
|-fieldstart|move: Electric Terrain|[from] ability: Hadron Engine|[of] p1a: Miraidon
|-activate|p2a: Miraidon|ability: Hadron Engine
|turn|1
|inactive|Crying for Rain has 30 seconds left.
|
|t:|1750748173
|-terastallize|p2a: Miraidon|Fairy
|move|p1b: Calyrex|Protect|p1b: Calyrex
|-singleturn|p1b: Calyrex|Protect
|move|p2b: Grimmsnarl|Reflect|p2b: Grimmsnarl
|-sidestart|p2: Crying for Rain|Reflect
|move|p1a: Miraidon|Volt Switch|p2b: Grimmsnarl
|-damage|p2b: Grimmsnarl|25/100
|
|t:|1750748182
|switch|p1a: Whimsicott|Whimsicott, L50, M|100/100|[from] Volt Switch
|move|p2a: Miraidon|Dazzling Gleam|p1a: Whimsicott|[spread] p1a
|-activate|p1b: Calyrex|move: Protect
|-enditem|p1a: Whimsicott|Focus Sash
|-damage|p1a: Whimsicott|1/100
|
|upkeep
|turn|2
|
|t:|1750748203
|-terastallize|p1b: Calyrex|Fire
|move|p1a: Whimsicott|Tailwind|p1a: Whimsicott
|-sidestart|p1: Luka0320|move: Tailwind
|move|p2b: Grimmsnarl|Light Screen|p2b: Grimmsnarl
|-sidestart|p2: Crying for Rain|move: Light Screen
|move|p2a: Miraidon|Dazzling Gleam|p1a: Whimsicott|[spread] p1a,p1b
|-crit|p1a: Whimsicott
|-resisted|p1b: Calyrex
|-damage|p1a: Whimsicott|0 fnt
|-damage|p1b: Calyrex|77/100
|faint|p1a: Whimsicott
|move|p1b: Calyrex|Glacial Lance|p2a: Miraidon|[spread] p2a,p2b
|-damage|p2a: Miraidon|65/100
|-damage|p2b: Grimmsnarl|0 fnt
|faint|p2b: Grimmsnarl
|-ability|p1b: Calyrex|Chilling Neigh|boost
|-boost|p1b: Calyrex|atk|1
|
|upkeep
|
|t:|1750748221
|switch|p1a: Ogerpon|Ogerpon-Hearthflame, L50, F|100/100
|switch|p2b: Zamazenta|Zamazenta-Crowned, L50, shiny|100/100
|-ability|p1a: Ogerpon|Mold Breaker
|-ability|p2b: Zamazenta|Dauntless Shield|boost
|-boost|p2b: Zamazenta|def|1
|turn|3
|inactive|Luka0320 has 30 seconds left.
|
|t:|1750748247
|move|p1a: Ogerpon|Ivy Cudgel|p2a: Miraidon|[anim] Ivy Cudgel Fire
|-damage|p2a: Miraidon|35/100
|move|p2b: Zamazenta|Body Press|p1a: Ogerpon
|-damage|p1a: Ogerpon|32/100
|move|p2a: Miraidon|Dazzling Gleam|p1b: Calyrex|[spread] p1a,p1b
|-resisted|p1a: Ogerpon
|-resisted|p1b: Calyrex
|-damage|p1a: Ogerpon|0 fnt
|-damage|p1b: Calyrex|56/100
|faint|p1a: Ogerpon
|move|p1b: Calyrex|High Horsepower|p2b: Zamazenta
|-supereffective|p2b: Zamazenta
|-damage|p2b: Zamazenta|68/100
|
|upkeep
|
|t:|1750748261
|switch|p1a: Miraidon|Miraidon, L50|100/100
|-activate|p1a: Miraidon|ability: Hadron Engine
|turn|4
|
|t:|1750748274
|move|p1a: Miraidon|Electro Drift|p2a: Miraidon
|-damage|p2a: Miraidon|0 fnt
|faint|p2a: Miraidon
|move|p2b: Zamazenta|Body Press|p1b: Calyrex
|-damage|p1b: Calyrex|16/100
|move|p1b: Calyrex|Glacial Lance|p2b: Zamazenta
|-resisted|p2b: Zamazenta
|-damage|p2b: Zamazenta|54/100
|
|upkeep
|
|t:|1750748285
|switch|p2a: Chien-Pao|Chien-Pao, L50|100/100
|-ability|p2a: Chien-Pao|Sword of Ruin
|turn|5
|
|t:|1750748293
|move|p2a: Chien-Pao|Protect|p2a: Chien-Pao
|-singleturn|p2a: Chien-Pao|Protect
|move|p2b: Zamazenta|Protect|p2b: Zamazenta
|-singleturn|p2b: Zamazenta|Protect
|move|p1a: Miraidon|Electro Drift|p2a: Chien-Pao
|-activate|p2a: Chien-Pao|move: Protect
|move|p1b: Calyrex|Glacial Lance|p2b: Zamazenta|[spread] 
|-activate|p2a: Chien-Pao|move: Protect
|-activate|p2b: Zamazenta|move: Protect
|
|-sideend|p1: Luka0320|move: Tailwind
|-fieldend|move: Electric Terrain
|upkeep
|turn|6
|
|t:|1750748313
|move|p1b: Calyrex|Protect|p1b: Calyrex
|-singleturn|p1b: Calyrex|Protect
|move|p1a: Miraidon|Electro Drift|p2b: Zamazenta
|-damage|p2b: Zamazenta|25/100
|move|p2a: Chien-Pao|Icicle Crash|p1a: Miraidon|[miss]
|-miss|p2a: Chien-Pao|p1a: Miraidon
|move|p2b: Zamazenta|Body Press|p1b: Calyrex
|-activate|p1b: Calyrex|move: Protect
|
|upkeep
|turn|7
|
|t:|1750748330
|move|p1a: Miraidon|Electro Drift|p2b: Zamazenta
|-damage|p2b: Zamazenta|0 fnt
|faint|p2b: Zamazenta
|move|p2a: Chien-Pao|Throat Chop|p1b: Calyrex
|-damage|p1b: Calyrex|0 fnt
|faint|p1b: Calyrex
|
|upkeep
|turn|8
|
|t:|1750748343
|move|p1a: Miraidon|Electro Drift|p2a: Chien-Pao
|-damage|p2a: Chien-Pao|39/100
|move|p2a: Chien-Pao|Icicle Crash|p1a: Miraidon
|-supereffective|p1a: Miraidon
|-damage|p1a: Miraidon|0 fnt
|faint|p1a: Miraidon
|
|win|Crying for Rain
|raw|Luka0320's rating: 1548 &rarr; <strong>1528</strong><br />(-20 for losing)
|raw|Crying for Rain's rating: 1543 &rarr; <strong>1563</strong><br />(+20 for winning)
|l|☆Crying for Rain
|player|p2|
|l|☆Luka0320
|player|p1|
