|j|☆RustyTacos27
|j|☆Sklapr
|t:|1750861283
|gametype|doubles
|player|p1|RustyTacos27|266|1525
|player|p2|Sklapr|102|1634
|teamsize|p1|6
|teamsize|p2|6
|gen|9
|tier|[Gen 9] VGC 2025 Reg I
|rated|
|rule|Species Clause: Limit one of each Pokémon
|rule|Item Clause: Limit 1 of each item
|clearpoke
|poke|p1|Kyogre, L50|
|poke|p1|Calyrex-Shadow, L50|
|poke|p1|Indeedee-F, L50, F|
|poke|p1|Urshifu-*, L50, M|
|poke|p1|Grimmsnarl, L50, M|
|poke|p1|Bruxish, L50, F|
|poke|p2|Miraidon, L50|
|poke|p2|Lunala, L50|
|poke|p2|Ursaluna, L50, M|
|poke|p2|Whimsicott, L50, M|
|poke|p2|Urshifu-*, L50, M|
|poke|p2|Incineroar, L50, M|
|teampreview|4
|inactive|Battle timer is ON: inactive players will automatically lose when time's up. (requested by RustyTacos27)
|inactive|Sklapr has 60 seconds left.
|inactive|Sklapr has 30 seconds left.
|
|t:|1750861367
|start
|switch|p1a: Calyrex|Calyrex-Shadow, L50|100/100
|switch|p1b: Bruxish|Bruxish, L50, F|100/100
|switch|p2a: Miraidon|Miraidon, L50|100/100
|switch|p2b: Lunala|Lunala, L50, shiny|100/100
|-ability|p1a: Calyrex|As One
|-ability|p1a: Calyrex|Unnerve
|-fieldstart|move: Electric Terrain|[from] ability: Hadron Engine|[of] p2a: Miraidon
|-enditem|p2b: Lunala|Electric Seed
|-boost|p2b: Lunala|def|1|[from] item: Electric Seed
|turn|1
|inactive|RustyTacos27 has 30 seconds left.
|
|t:|1750861394
|-terastallize|p1a: Calyrex|Fire
|-terastallize|p2b: Lunala|Fairy
|move|p1b: Bruxish|Flip Turn|p1a: Calyrex
|-supereffective|p1a: Calyrex
|-damage|p1a: Calyrex|49/100
|-enditem|p1a: Calyrex|Weakness Policy
|-boost|p1a: Calyrex|atk|2|[from] item: Weakness Policy
|-boost|p1a: Calyrex|spa|2|[from] item: Weakness Policy
|
|t:|1750861402
|switch|p1b: Indeedee|Indeedee-F, L50, F|100/100|[from] Flip Turn
|-fieldstart|move: Psychic Terrain|[from] ability: Psychic Surge|[of] p1b: Indeedee
|-enditem|p1b: Indeedee|Psychic Seed
|-boost|p1b: Indeedee|spd|1|[from] item: Psychic Seed
|move|p1a: Calyrex|Astral Barrage|p2b: Lunala|[spread] p2a,p2b
|-damage|p2a: Miraidon|10/100
|-damage|p2b: Lunala|63/100
|move|p2a: Miraidon|Volt Switch|p1b: Indeedee
|-damage|p1b: Indeedee|58/100
|
|t:|1750861415
|switch|p2a: Incineroar|Incineroar, L50, M, shiny|100/100|[from] Volt Switch
|-ability|p2a: Incineroar|Intimidate|boost
|-unboost|p1a: Calyrex|atk|1
|-unboost|p1b: Indeedee|atk|1
|move|p2b: Lunala|Moongeist Beam|p1a: Calyrex
|-damage|p1a: Calyrex|0 fnt
|faint|p1a: Calyrex
|
|upkeep
|
|t:|1750861426
|switch|p1a: Kyogre|Kyogre, L50|100/100
|-weather|RainDance|[from] ability: Drizzle|[of] p1a: Kyogre
|turn|2
|
|t:|1750861443
|move|p2b: Lunala|Wide Guard|p2b: Lunala
|-singleturn|p2b: Lunala|Wide Guard
|move|p1b: Indeedee|Follow Me|p1b: Indeedee
|-singleturn|p1b: Indeedee|move: Follow Me
|move|p1a: Kyogre|Hydro Pump|p2b: Lunala|[miss]
|-miss|p1a: Kyogre|p2b: Lunala
|move|p2a: Incineroar|U-turn|p1b: Indeedee
|-supereffective|p1b: Indeedee
|-damage|p1b: Indeedee|24/100
|
|t:|1750861457
|switch|p2a: Miraidon|Miraidon, L50|10/100|[from] U-turn
|-fieldstart|move: Electric Terrain|[from] ability: Hadron Engine|[of] p2a: Miraidon
|
|-weather|RainDance|[upkeep]
|upkeep
|turn|3
|inactive|Sklapr has 30 seconds left.
|
|t:|1750861490
|switch|p2b: Whimsicott|Whimsicott, L50, M, shiny|100/100
|move|p1b: Indeedee|Follow Me|p1b: Indeedee
|-singleturn|p1b: Indeedee|move: Follow Me
|move|p2a: Miraidon|Volt Switch|p1b: Indeedee
|-damage|p1b: Indeedee|0 fnt
|faint|p1b: Indeedee
|
|t:|1750861497
|switch|p2a: Lunala|Lunala, L50, shiny, tera:Fairy|63/100|[from] Volt Switch
|move|p1a: Kyogre|Hydro Pump|p2b: Whimsicott
|-resisted|p2b: Whimsicott
|-damage|p2b: Whimsicott|0 fnt
|faint|p2b: Whimsicott
|
|-weather|RainDance|[upkeep]
|upkeep
|
|t:|1750861516
|switch|p2b: Incineroar|Incineroar, L50, M, shiny|100/100
|switch|p1b: Bruxish|Bruxish, L50, F|100/100
|-ability|p2b: Incineroar|Intimidate|boost
|-unboost|p1a: Kyogre|atk|1
|-unboost|p1b: Bruxish|atk|1
|turn|4
|
|t:|1750861540
|move|p2b: Incineroar|Fake Out||[still]
|cant|p1b: Bruxish|ability: Dazzling|Fake Out|[of] p2b: Incineroar
|move|p1b: Bruxish|Surf|p2b: Incineroar|[spread] p1a,p2a,p2b
|-resisted|p1a: Kyogre
|-crit|p2a: Lunala
|-supereffective|p2b: Incineroar
|-damage|p1a: Kyogre|90/100
|-damage|p2a: Lunala|37/100
|-damage|p2b: Incineroar|70/100
|move|p1a: Kyogre|Hydro Pump|p2b: Incineroar
|-supereffective|p2b: Incineroar
|-damage|p2b: Incineroar|0 fnt
|faint|p2b: Incineroar
|move|p2a: Lunala|Trick Room|p2a: Lunala
|-fieldstart|move: Trick Room|[of] p2a: Lunala
|
|-weather|RainDance|[upkeep]
|upkeep
|
|t:|1750861544
|switch|p2b: Miraidon|Miraidon, L50|10/100
|-activate|p2b: Miraidon|ability: Hadron Engine
|turn|5
|
|t:|1750861567
|move|p2a: Lunala|Moonblast|p1a: Kyogre
|-damage|p1a: Kyogre|52/100
|-unboost|p1a: Kyogre|spa|1
|move|p1a: Kyogre|Hydro Pump|p2b: Miraidon
|-resisted|p2b: Miraidon
|-damage|p2b: Miraidon|0 fnt
|faint|p2b: Miraidon
|move|p1b: Bruxish|Surf|p2a: Lunala|[spread] p1a,p2a
|-resisted|p1a: Kyogre
|-damage|p1a: Kyogre|43/100
|-damage|p2a: Lunala|19/100
|
|-weather|RainDance|[upkeep]
|upkeep
|turn|6
|inactive|Sklapr has 30 seconds left.
|
|t:|1750861601
|move|p2a: Lunala|Moongeist Beam|p1a: Kyogre
|-damage|p1a: Kyogre|0 fnt
|faint|p1a: Kyogre
|move|p1b: Bruxish|Surf|p2a: Lunala
|-damage|p2a: Lunala|0 fnt
|faint|p2a: Lunala
|
|win|RustyTacos27
|raw|RustyTacos27's rating: 1525 &rarr; <strong>1551</strong><br />(+26 for winning)
|raw|Sklapr's rating: 1634 &rarr; <strong>1608</strong><br />(-26 for losing)
|l|☆Sklapr
|player|p2|
|l|☆RustyTacos27
|player|p1|
