|j|☆muggypuggy
|j|☆oidepusscuss
|t:|1750825415
|gametype|doubles
|player|p1|muggypuggy|veteran|1093
|player|p2|oidepusscuss|169|1176
|teamsize|p1|5
|teamsize|p2|6
|gen|9
|tier|[Gen 9] VGC 2025 Reg I
|rated|
|rule|Species Clause: Limit one of each Pokémon
|rule|Item Clause: Limit 1 of each item
|clearpoke
|poke|p1|Ninetales-Alola, L50, F|
|poke|p1|Kyurem-White, L50|
|poke|p1|Calyrex-Ice, L50|
|poke|p1|Abomasnow, L50, M|
|poke|p1|Chien-Pao, L50|
|poke|p2|Hatterene, L50, F|
|poke|p2|Amoonguss, L50, F|
|poke|p2|Dusclops, L50, M|
|poke|p2|Archaludon, L50, F|
|poke|p2|Urshifu-*, L50, F|
|poke|p2|Kyogre, L50|
|teampreview|4
|
|t:|1750825478
|start
|switch|p1a: Ninetales|Ninetales-Alola, L50, F|100/100
|switch|p1b: Kyurem|Kyurem-White, L50|100/100
|switch|p2a: Hatterene|Hatterene, L50, F|100/100
|switch|p2b: Kyogre|Kyogre, L50|100/100
|-weather|Snowscape|[from] ability: Snow Warning|[of] p1a: Ninetales
|-ability|p1b: Kyurem|Turboblaze
|-weather|RainDance|[from] ability: Drizzle|[of] p2b: Kyogre
|turn|1
|
|t:|1750825500
|switch|p1b: Abomasnow|Abomasnow, L50, M|100/100
|-weather|Snowscape|[from] ability: Snow Warning|[of] p1b: Abomasnow
|move|p1a: Ninetales|Aurora Veil|p1a: Ninetales
|-sidestart|p1: muggypuggy|move: Aurora Veil
|move|p2b: Kyogre|Ice Beam|p1b: Abomasnow
|-damage|p1b: Abomasnow|79/100
|-damage|p2b: Kyogre|91/100|[from] item: Life Orb
|move|p2a: Hatterene|Trick Room|p2a: Hatterene
|-fieldstart|move: Trick Room|[of] p2a: Hatterene
|
|-weather|Snowscape|[upkeep]
|upkeep
|turn|2
|inactive|Battle timer is ON: inactive players will automatically lose when time's up. (requested by muggypuggy)
|
|t:|1750825567
|switch|p2a: Urshifu|Urshifu, L50, F|100/100
|move|p1b: Abomasnow|Giga Drain|p2b: Kyogre
|-supereffective|p2b: Kyogre
|-damage|p2b: Kyogre|58/100
|-heal|p1b: Abomasnow|94/100|[from] drain|[of] p2b: Kyogre
|move|p2b: Kyogre|Origin Pulse|p1a: Ninetales|[spread] p1a,p1b
|-resisted|p1b: Abomasnow
|-damage|p1a: Ninetales|62/100
|-damage|p1b: Abomasnow|81/100
|-damage|p2b: Kyogre|48/100|[from] item: Life Orb
|move|p1a: Ninetales|Freeze-Dry|p2b: Kyogre
|-supereffective|p2b: Kyogre
|-damage|p2b: Kyogre|20/100
|
|-weather|Snowscape|[upkeep]
|upkeep
|turn|3
|inactive|oidepusscuss has 30 seconds left.
|inactive|oidepusscuss has 20 seconds left.
|inactive|oidepusscuss has 15 seconds left.
|
|t:|1750825607
|switch|p2b: Archaludon|Archaludon, L50, F|100/100
|-terastallize|p2a: Urshifu|Dark
|move|p1b: Abomasnow|Giga Drain|p2b: Archaludon
|-resisted|p2b: Archaludon
|-damage|p2b: Archaludon|96/100
|-heal|p1b: Abomasnow|83/100|[from] drain|[of] p2b: Archaludon
|-ability|p2b: Archaludon|Stamina|boost
|-boost|p2b: Archaludon|def|1
|move|p2a: Urshifu|Close Combat|p1b: Abomasnow
|-supereffective|p1b: Abomasnow
|-damage|p1b: Abomasnow|0 fnt
|-unboost|p2a: Urshifu|def|1
|-unboost|p2a: Urshifu|spd|1
|faint|p1b: Abomasnow
|move|p1a: Ninetales|Blizzard|p2b: Archaludon|[spread] p2a,p2b
|-damage|p2a: Urshifu|58/100
|-damage|p2b: Archaludon|81/100
|-status|p2b: Archaludon|frz
|-ability|p2b: Archaludon|Stamina|boost
|-boost|p2b: Archaludon|def|1
|
|-weather|Snowscape|[upkeep]
|upkeep
|
|t:|1750825628
|switch|p1b: Calyrex|Calyrex-Ice, L50|100/100
|-ability|p1b: Calyrex|As One
|-ability|p1b: Calyrex|Unnerve
|turn|4
|inactive|oidepusscuss has 30 seconds left.
|
|t:|1750825655
|switch|p2a: Kyogre|Kyogre, L50|20/100
|-weather|RainDance|[from] ability: Drizzle|[of] p2a: Kyogre
|-terastallize|p1b: Calyrex|Fire
|move|p1b: Calyrex|Glacial Lance|p2a: Kyogre|[spread] p2a,p2b
|-resisted|p2a: Kyogre
|-damage|p2a: Kyogre|0 fnt
|-damage|p2b: Archaludon|47/100 frz
|-ability|p2b: Archaludon|Stamina|boost
|-boost|p2b: Archaludon|def|1
|faint|p2a: Kyogre
|-ability|p1b: Calyrex|Chilling Neigh|boost
|-boost|p1b: Calyrex|atk|1
|cant|p2b: Archaludon|frz
|move|p1a: Ninetales|Blizzard|p2b: Archaludon
|-damage|p2b: Archaludon|28/100 frz
|-ability|p2b: Archaludon|Stamina|boost
|-boost|p2b: Archaludon|def|1
|
|-weather|RainDance|[upkeep]
|upkeep
|
|t:|1750825670
|switch|p2a: Urshifu|Urshifu, L50, F, tera:Dark|58/100
|turn|5
|
|t:|1750825683
|switch|p1a: Kyurem|Kyurem-White, L50|100/100
|-ability|p1a: Kyurem|Turboblaze
|move|p2a: Urshifu|Sucker Punch|p1b: Calyrex
|-damage|p1b: Calyrex|68/100
|move|p1b: Calyrex|Glacial Lance|p2a: Urshifu|[spread] p2a,p2b
|-damage|p2a: Urshifu|0 fnt
|-damage|p2b: Archaludon|0 fnt
|faint|p2a: Urshifu
|faint|p2b: Archaludon
|-ability|p1b: Calyrex|Chilling Neigh|boost
|-boost|p1b: Calyrex|atk|2
|
|-weather|RainDance|[upkeep]
|-fieldend|move: Trick Room
|upkeep
|
|t:|1750825692
|switch|p2b: Hatterene|Hatterene, L50, F|100/100
|turn|6
|
|t:|1750825698
|switch|p1a: Ninetales|Ninetales-Alola, L50, F|62/100
|-weather|Snowscape|[from] ability: Snow Warning|[of] p1a: Ninetales
|move|p1b: Calyrex|Glacial Lance|p2b: Hatterene
|-enditem|p2b: Hatterene|Focus Sash
|-damage|p2b: Hatterene|1/100
|move|p2b: Hatterene|Trick Room|p2b: Hatterene
|-fieldstart|move: Trick Room|[of] p2b: Hatterene
|
|-weather|Snowscape|[upkeep]
|upkeep
|turn|7
|-message|oidepusscuss forfeited.
|
|win|muggypuggy
|raw|muggypuggy's rating: 1093 &rarr; <strong>1125</strong><br />(+32 for winning)
|raw|oidepusscuss's rating: 1176 &rarr; <strong>1145</strong><br />(-31 for losing)
|l|☆oidepusscuss
|player|p2|
|l|☆muggypuggy
|player|p1|
