|j|☆Aozora Kazama青空風間
|j|☆gsbossmonster
|t:|1750827013
|gametype|doubles
|player|p1|Aozora Kazama青空風間|n|1267
|player|p2|gsbossmonster|biker-gen4|1364
|teamsize|p1|6
|teamsize|p2|6
|gen|9
|tier|[Gen 9] VGC 2025 Reg I
|rated|
|rule|Species Clause: Limit one of each Pokémon
|rule|Item Clause: Limit 1 of each item
|clearpoke
|poke|p1|Stonjourner, L50, M|
|poke|p1|Hatterene, L50, F|
|poke|p1|Indeedee-F, L50, F|
|poke|p1|Calyrex-Shadow, L50|
|poke|p1|Koraidon, L50|
|poke|p1|Tauros-Paldea-Blaze, L50, M|
|poke|p2|Calyrex-Ice, L50|
|poke|p2|Indeedee-F, L50, F|
|poke|p2|Ursaluna, L50, M|
|poke|p2|Smeargle, L50, M|
|poke|p2|Hydrapple, L50, M|
|poke|p2|Lunala, L50|
|teampreview|4
|inactive|Battle timer is ON: inactive players will automatically lose when time's up. (requested by Aozora Kazama青空風間)
gsbossmonster has agreed to open team sheets.
|c|☆gsbossmonster|Brother idk what your cooking but it looks amazing
|inactive|Aozora Kazama青空風間 has 60 seconds left.
|inactive|gsbossmonster has 60 seconds left.
|inactive|Aozora Kazama青空風間 has 30 seconds left.
|
|t:|1750827081
|start
|switch|p1a: Stonehenge|Stonjourner, L50, M, shiny|100/100
|switch|p1b: Redbull|Tauros-Paldea-Blaze, L50, M, shiny|100/100
|switch|p2a: Lunala|Lunala, L50|100/100
|switch|p2b: Smeargle|Smeargle, L50, M|100/100
|turn|1
|
|t:|1750827098
|move|p2b: Smeargle|Fake Out|p1b: Redbull
|-damage|p1b: Redbull|94/100
|cant|p1b: Redbull|flinch
|move|p1a: Stonehenge|Rock Slide|p2a: Lunala|[spread] p2a,p2b
|-crit|p2b: Smeargle
|-damage|p2a: Lunala|87/100
|-enditem|p2b: Smeargle|Focus Sash
|-damage|p2b: Smeargle|1/100
|cant|p2a: Lunala|flinch
|
|-ability|p2b: Smeargle|Moody|boost
|-boost|p2b: Smeargle|spa|2
|-unboost|p2b: Smeargle|spe|1
|upkeep
|turn|2
|inactive|gsbossmonster has 30 seconds left.
|
|t:|1750827128
|move|p2a: Lunala|Wide Guard|p2a: Lunala
|-singleturn|p2a: Lunala|Wide Guard
|move|p1b: Redbull|Rock Slide|p2a: Lunala|[spread] 
|-activate|p2a: Lunala|move: Wide Guard
|-activate|p2b: Smeargle|move: Wide Guard
|move|p1a: Stonehenge|Rock Slide|p2a: Lunala|[spread] 
|-activate|p2a: Lunala|move: Wide Guard
|-activate|p2b: Smeargle|move: Wide Guard
|move|p2b: Smeargle|Spore|p1b: Redbull
|-status|p1b: Redbull|slp|[from] move: Spore
|
|-ability|p2b: Smeargle|Moody|boost
|-boost|p2b: Smeargle|atk|2
|-unboost|p2b: Smeargle|spa|1
|upkeep
|turn|3
|
|t:|1750827148
|move|p2a: Lunala|Wide Guard|p2a: Lunala
|-singleturn|p2a: Lunala|Wide Guard
|cant|p1b: Redbull|slp
|move|p1a: Stonehenge|Low Kick|p2b: Smeargle
|-supereffective|p2b: Smeargle
|-damage|p2b: Smeargle|0 fnt
|faint|p2b: Smeargle
|
|upkeep
|
|t:|1750827157
|switch|p2b: Ursaluna|Ursaluna, L50, M|100/100
|turn|4
|
|t:|1750827165
|cant|p1b: Redbull|slp
|move|p1a: Stonehenge|Low Kick|p2b: Ursaluna
|-supereffective|p2b: Ursaluna
|-damage|p2b: Ursaluna|38/100
|move|p2a: Lunala|Meteor Beam||[still]
|-prepare|p2a: Lunala|Meteor Beam
|-boost|p2a: Lunala|spa|1
|-enditem|p2a: Lunala|Power Herb
|-anim|p2a: Lunala|Meteor Beam|p1b: Redbull
|-damage|p1b: Redbull|0 fnt
|faint|p1b: Redbull
|move|p2b: Ursaluna|Headlong Rush|p1a: Stonehenge
|-supereffective|p1a: Stonehenge
|-enditem|p1a: Stonehenge|Focus Sash
|-damage|p1a: Stonehenge|1/100
|-unboost|p2b: Ursaluna|def|1
|-unboost|p2b: Ursaluna|spd|1
|
|-status|p2b: Ursaluna|brn|[from] item: Flame Orb
|upkeep
|
|t:|1750827189
|switch|p1b: Calyrex|Calyrex-Shadow, L50|100/100
|-ability|p1b: Calyrex|As One
|-ability|p1b: Calyrex|Unnerve
|turn|5
|inactive|gsbossmonster has 30 seconds left.
|
|t:|1750827222
|-terastallize|p2a: Lunala|Fairy
|move|p1b: Calyrex|Phantom Force||[still]
|-prepare|p1b: Calyrex|Phantom Force
|move|p1a: Stonehenge|Low Kick|p2b: Ursaluna
|-supereffective|p2b: Ursaluna
|-damage|p2b: Ursaluna|0 fnt
|faint|p2b: Ursaluna
|move|p2a: Lunala|Trick Room|p2a: Lunala
|-fieldstart|move: Trick Room|[of] p2a: Lunala
|
|upkeep
|
|t:|1750827229
|switch|p2b: Calyrex|Calyrex-Ice, L50|100/100
|-ability|p2b: Calyrex|As One
|-ability|p2b: Calyrex|Unnerve
|turn|6
|
|t:|1750827241
|move|p1a: Stonehenge|Wide Guard|p1a: Stonehenge
|-singleturn|p1a: Stonehenge|Wide Guard
|move|p2b: Calyrex|Glacial Lance|p1b: Calyrex|[spread] 
|-miss|p2b: Calyrex|p1b: Calyrex
|-activate|p1a: Stonehenge|move: Wide Guard
|move|p2a: Lunala|Moongeist Beam|p1a: Stonehenge
|-damage|p1a: Stonehenge|0 fnt
|faint|p1a: Stonehenge
|move|p1b: Calyrex|Phantom Force|p2a: Lunala|[from] lockedmove
|-damage|p2a: Lunala|66/100
|
|upkeep
|
|t:|1750827251
|switch|p1a: Honda koraidon|Koraidon, L50|100/100
|-weather|SunnyDay|[from] ability: Orichalcum Pulse|[of] p1a: Honda koraidon
|-activate|p1a: Honda koraidon|Orichalcum Pulse|[source]
|turn|7
|
|t:|1750827266
|-terastallize|p1a: Honda koraidon|Fire
|move|p1b: Calyrex|Protect|p1b: Calyrex
|-singleturn|p1b: Calyrex|Protect
|move|p2b: Calyrex|Glacial Lance|p1b: Calyrex|[spread] p1a
|-activate|p1b: Calyrex|move: Protect
|-resisted|p1a: Honda koraidon
|-damage|p1a: Honda koraidon|76/100
|move|p2a: Lunala|Moongeist Beam|p1b: Calyrex
|-activate|p1b: Calyrex|move: Protect
|move|p1a: Honda koraidon|Flare Blitz|p2a: Lunala
|-damage|p2a: Lunala|0 fnt
|faint|p2a: Lunala
|-damage|p1a: Honda koraidon|47/100|[from] Recoil
|-damage|p1a: Honda koraidon|37/100|[from] item: Life Orb
|
|-weather|SunnyDay|[upkeep]
|upkeep
|turn|8
|inactive|gsbossmonster has 30 seconds left.
|
|t:|1750827296
|move|p2b: Calyrex|High Horsepower|p1a: Honda koraidon
|-supereffective|p1a: Honda koraidon
|-damage|p1a: Honda koraidon|0 fnt
|faint|p1a: Honda koraidon
|-ability|p2b: Calyrex|Chilling Neigh|boost
|-boost|p2b: Calyrex|atk|1
|move|p1b: Calyrex|Astral Barrage|p2b: Calyrex
|-supereffective|p2b: Calyrex
|-damage|p2b: Calyrex|3/100
|
|-weather|SunnyDay|[upkeep]
|upkeep
|turn|9
|-message|gsbossmonster forfeited.
|
|win|Aozora Kazama青空風間
|raw|Aozora Kazama青空風間's rating: 1267 &rarr; <strong>1299</strong><br />(+32 for winning)
|raw|gsbossmonster's rating: 1364 &rarr; <strong>1339</strong><br />(-25 for losing)
|l|☆gsbossmonster
|player|p2|
|l|☆Aozora Kazama青空風間
|player|p1|
