|j|☆Donkeep
|j|☆27raashid
|t:|1750836702
|gametype|doubles
|player|p1|Donkeep|fisherman-gen4|1194
|player|p2|27raashid|266|1107
|teamsize|p1|6
|teamsize|p2|6
|gen|9
|tier|[Gen 9] VGC 2025 Reg I
|rated|
|rule|Species Clause: Limit one of each Pokémon
|rule|Item Clause: Limit 1 of each item
|clearpoke
|poke|p1|Calyrex-Shadow, L50|
|poke|p1|Koraidon, L50|
|poke|p1|Incineroar, L50, M|
|poke|p1|Whimsicott, L50, M|
|poke|p1|Bastiodon, L50, M|
|poke|p1|Clawitzer, L50, F|
|poke|p2|Miraidon, L50|
|poke|p2|Incineroar, L50, F|
|poke|p2|Ninetales-Alola, L50, M|
|poke|p2|Groudon, L50|
|poke|p2|Farigiraf, L50, F|
|poke|p2|Annihilape, L50, F|
|teampreview|4
|inactive|Battle timer is ON: inactive players will automatically lose when time's up. (requested by Donkeep)
|inactive|27raashid also wants the timer to be on.
|
|t:|1750836728
|start
|switch|p1a: Calyrex|Calyrex-Shadow, L50|100/100
|switch|p1b: Bastiodon|Bastiodon, L50, M|100/100
|switch|p2a: Incineroar|Incineroar, L50, F|100/100
|switch|p2b: Ninetales|Ninetales-Alola, L50, M|100/100
|-ability|p1a: Calyrex|As One
|-ability|p1a: Calyrex|Unnerve
|-weather|Snowscape|[from] ability: Snow Warning|[of] p2b: Ninetales
|-ability|p2a: Incineroar|Intimidate|boost
|-unboost|p1a: Calyrex|atk|1
|-unboost|p1b: Bastiodon|atk|1
|turn|1
|
|t:|1750836752
|move|p1a: Calyrex|Astral Barrage|p2a: Incineroar|[spread] p2a,p2b
|-resisted|p2a: Incineroar
|-damage|p2a: Incineroar|73/100
|-damage|p2b: Ninetales|47/100
|move|p2b: Ninetales|Aurora Veil|p2b: Ninetales
|-sidestart|p2: 27raashid|move: Aurora Veil
|move|p2a: Incineroar|Knock Off|p1a: Calyrex
|-supereffective|p1a: Calyrex
|-enditem|p1a: Calyrex|Focus Sash
|-damage|p1a: Calyrex|1/100
|move|p1b: Bastiodon|Stealth Rock|p2a: Incineroar
|-sidestart|p2: 27raashid|move: Stealth Rock
|
|-weather|Snowscape|[upkeep]
|upkeep
|turn|2
|inactive|Donkeep has 30 seconds left.
|inactive|27raashid has 30 seconds left.
|inactive|27raashid has 20 seconds left.
|inactive|27raashid has 15 seconds left.
|inactive|27raashid has 10 seconds left.
|
|t:|1750836798
|switch|p2b: Miraidon|Miraidon, L50|100/100
|-damage|p2b: Miraidon|88/100|[from] Stealth Rock
|-fieldstart|move: Electric Terrain|[from] ability: Hadron Engine|[of] p2b: Miraidon
|move|p1a: Calyrex|Protect|p1a: Calyrex
|-singleturn|p1a: Calyrex|Protect
|move|p2a: Incineroar|Parting Shot|p1b: Bastiodon
|-unboost|p1b: Bastiodon|atk|1
|-unboost|p1b: Bastiodon|spa|1
|
|t:|1750836811
|switch|p2a: Ninetales|Ninetales-Alola, L50, M|47/100|[from] Parting Shot
|-damage|p2a: Ninetales|22/100|[from] Stealth Rock
|move|p1b: Bastiodon|Body Press|p2a: Ninetales
|-damage|p2a: Ninetales|2/100
|
|-weather|Snowscape|[upkeep]
|upkeep
|turn|3
|
|t:|1750836836
|move|p2b: Miraidon|Protect|p2b: Miraidon
|-singleturn|p2b: Miraidon|Protect
|move|p1a: Calyrex|Astral Barrage|p2b: Miraidon|[spread] p2a
|-activate|p2b: Miraidon|move: Protect
|-damage|p2a: Ninetales|0 fnt
|faint|p2a: Ninetales
|-ability|p1a: Calyrex|Grim Neigh|boost
|-boost|p1a: Calyrex|spa|1
|move|p1b: Bastiodon|Body Press|p2b: Miraidon
|-activate|p2b: Miraidon|move: Protect
|
|-weather|Snowscape|[upkeep]
|upkeep
|inactive|27raashid has 30 seconds left.
|
|t:|1750836865
|switch|p2a: Incineroar|Incineroar, L50, F|73/100
|-damage|p2a: Incineroar|49/100|[from] Stealth Rock
|-ability|p2a: Incineroar|Intimidate|boost
|-unboost|p1a: Calyrex|atk|1
|-unboost|p1b: Bastiodon|atk|1
|turn|4
|inactive|27raashid has 30 seconds left.
|
|t:|1750836894
|-terastallize|p2b: Miraidon|Electric
|move|p1a: Calyrex|Protect|p1a: Calyrex
|-singleturn|p1a: Calyrex|Protect
|move|p2b: Miraidon|Electro Drift|p1b: Bastiodon
|-damage|p1b: Bastiodon|2/100
|move|p2a: Incineroar|Knock Off|p1a: Calyrex
|-activate|p1a: Calyrex|move: Protect
|move|p1b: Bastiodon|Body Press|p2a: Incineroar
|-supereffective|p2a: Incineroar
|-damage|p2a: Incineroar|1/100
|
|-weather|Snowscape|[upkeep]
|upkeep
|turn|5
|inactive|Donkeep has 30 seconds left.
|
|t:|1750836919
|switch|p2a: Groudon|Groudon, L50|100/100
|-damage|p2a: Groudon|95/100|[from] Stealth Rock
|-weather|SunnyDay|[from] ability: Drought|[of] p2a: Groudon
|move|p1a: Calyrex|Astral Barrage|p2a: Groudon|[spread] p2a,p2b
|-crit|p2b: Miraidon
|-damage|p2a: Groudon|43/100
|-damage|p2b: Miraidon|0 fnt
|faint|p2b: Miraidon
|-ability|p1a: Calyrex|Grim Neigh|boost
|-boost|p1a: Calyrex|spa|1
|move|p1b: Bastiodon|Body Press|p2a: Groudon
|-damage|p2a: Groudon|26/100
|
|-weather|SunnyDay|[upkeep]
|-heal|p2a: Groudon|32/100|[from] item: Leftovers
|upkeep
|
|t:|1750836944
|switch|p2b: Incineroar|Incineroar, L50, F|1/100
|-damage|p2b: Incineroar|0 fnt|[from] Stealth Rock
|faint|p2b: Incineroar
|turn|6
|-message|27raashid forfeited.
|
|win|Donkeep
|raw|Donkeep's rating: 1194 &rarr; <strong>1213</strong><br />(+19 for winning)
|raw|27raashid's rating: 1107 &rarr; <strong>1088</strong><br />(-19 for losing)
|l|☆27raashid
|player|p2|
|l|☆Donkeep
|player|p1|
