|j|☆iantseng
|j|☆circhester city
|t:|1750811288
|gametype|doubles
|player|p1|iantseng|265|1210
|player|p2|circhester city|morty|1224
|teamsize|p1|6
|teamsize|p2|6
|gen|9
|tier|[Gen 9] VGC 2025 Reg I
|rated|
|rule|Species Clause: Limit one of each Pokémon
|rule|Item Clause: Limit 1 of each item
|clearpoke
|poke|p1|Miraidon, L50|
|poke|p1|Toedscruel, L50, F|
|poke|p1|Incineroar, L50, F|
|poke|p1|Porygon2, L50|
|poke|p1|Weezing-Galar, L50, M|
|poke|p1|Calyrex-Shadow, L50|
|poke|p2|Zamazenta-*, L50|
|poke|p2|Calyrex-Shadow, L50|
|poke|p2|Chi-Yu, L50|
|poke|p2|Flutter Mane, L50|
|poke|p2|Grafaiai, L50, M|
|poke|p2|Ogerpon-Cornerstone, L50, F|
|teampreview|4
|
|t:|1750811314
|start
|switch|p1a: Toedscruel|Toedscruel, L50, F|100/100
|switch|p1b: Incineroar|Incineroar, L50, F|100/100
|switch|p2a: Ogerpon|Ogerpon-Cornerstone, L50, F|100/100
|switch|p2b: Grafaiai|Grafaiai, L50, M|100/100
|-ability|p1b: Incineroar|Intimidate|boost
|-unboost|p2a: Ogerpon|atk|1
|-unboost|p2b: Grafaiai|atk|1
|turn|1
|inactive|Battle timer is ON: inactive players will automatically lose when time's up. (requested by iantseng)
|inactive|circhester city also wants the timer to be on.
|
|t:|1750811336
|move|p2a: Ogerpon|Follow Me|p2a: Ogerpon
|-singleturn|p2a: Ogerpon|move: Follow Me
|move|p2b: Grafaiai|Scary Face|p1a: Toedscruel
|-unboost|p1a: Toedscruel|spe|2
|move|p1a: Toedscruel|Grass Knot|p2a: Ogerpon
|-damage|p2a: Ogerpon|84/100
|move|p1b: Incineroar|U-turn|p2a: Ogerpon
|-supereffective|p2a: Ogerpon
|-damage|p2a: Ogerpon|50/100
|
|t:|1750811352
|switch|p1b: Miraidon|Miraidon, L50|100/100|[from] U-turn
|-fieldstart|move: Electric Terrain|[from] ability: Hadron Engine|[of] p1b: Miraidon
|-enditem|p1b: Miraidon|Electric Seed
|-boost|p1b: Miraidon|def|1|[from] item: Electric Seed
|
|upkeep
|turn|2
|
|t:|1750811362
|move|p1b: Miraidon|Protect|p1b: Miraidon
|-singleturn|p1b: Miraidon|Protect
|move|p2b: Grafaiai|Scary Face|p1b: Miraidon
|-activate|p1b: Miraidon|move: Protect
|move|p2a: Ogerpon|Ivy Cudgel|p1b: Miraidon|[anim] Ivy Cudgel Rock
|-activate|p1b: Miraidon|move: Protect
|move|p1a: Toedscruel|Acid Spray|p2b: Grafaiai
|-resisted|p2b: Grafaiai
|-damage|p2b: Grafaiai|95/100
|-unboost|p2b: Grafaiai|spd|2
|
|upkeep
|turn|3
|
|t:|1750811375
|move|p2b: Grafaiai|Encore|p1b: Miraidon
|-start|p1b: Miraidon|Encore
|move|p1b: Miraidon|Protect|p1b: Miraidon
|-singleturn|p1b: Miraidon|Protect
|move|p2a: Ogerpon|Horn Leech|p1a: Toedscruel
|-crit|p1a: Toedscruel
|-damage|p1a: Toedscruel|15/100
|-heal|p2a: Ogerpon|91/100|[from] drain|[of] p1a: Toedscruel
|move|p1a: Toedscruel|Acid Spray|p2a: Ogerpon
|-damage|p2a: Ogerpon|83/100
|-unboost|p2a: Ogerpon|spd|2
|
|upkeep
|turn|4
|inactive|circhester city has 30 seconds left.
|
|t:|1750811409
|switch|p1b: Incineroar|Incineroar, L50, F|100/100
|-ability|p1b: Incineroar|Intimidate|boost
|-unboost|p2a: Ogerpon|atk|1
|-unboost|p2b: Grafaiai|atk|1
|switch|p1a: Calyrex|Calyrex-Shadow, L50|100/100
|-ability|p1a: Calyrex|As One
|-ability|p1a: Calyrex|Unnerve
|move|p2b: Grafaiai|Helping Hand|p2a: Ogerpon
|-singleturn|p2a: Ogerpon|Helping Hand|[of] p2b: Grafaiai
|move|p2a: Ogerpon|Horn Leech|p1a: Calyrex
|-damage|p1a: Calyrex|67/100
|-heal|p2a: Ogerpon|99/100|[from] drain|[of] p1a: Calyrex
|
|upkeep
|turn|5
|
|t:|1750811427
|move|p1b: Incineroar|Fake Out|p2a: Ogerpon
|-resisted|p2a: Ogerpon
|-damage|p2a: Ogerpon|94/100
|cant|p2a: Ogerpon|flinch
|move|p2b: Grafaiai|Scary Face|p1a: Calyrex
|-unboost|p1a: Calyrex|spe|2
|move|p1a: Calyrex|Astral Barrage|p2a: Ogerpon|[spread] p2a,p2b
|-damage|p2a: Ogerpon|0 fnt
|-damage|p2b: Grafaiai|0 fnt
|faint|p2a: Ogerpon
|faint|p2b: Grafaiai
|-ability|p1a: Calyrex|Grim Neigh|boost
|-boost|p1a: Calyrex|spa|2
|
|-fieldend|move: Electric Terrain
|upkeep
|
|t:|1750811440
|switch|p2b: Chi-Yu|Chi-Yu, L50|100/100
|switch|p2a: Flutter Mane|Flutter Mane, L50|100/100
|-ability|p2b: Chi-Yu|Beads of Ruin
|turn|6
|
|t:|1750811453
|switch|p1a: Toedscruel|Toedscruel, L50, F|15/100
|move|p2b: Chi-Yu|Dark Pulse|p1a: Toedscruel
|-damage|p1a: Toedscruel|0 fnt
|faint|p1a: Toedscruel
|move|p2a: Flutter Mane|Moonblast|p1b: Incineroar
|-damage|p1b: Incineroar|36/100
|move|p1b: Incineroar|U-turn|p2b: Chi-Yu
|-damage|p2b: Chi-Yu|68/100
|
|t:|1750811466
|switch|p1b: Calyrex|Calyrex-Shadow, L50|67/100|[from] U-turn
|-ability|p1b: Calyrex|As One
|-ability|p1b: Calyrex|Unnerve
|
|upkeep
|
|t:|1750811474
|switch|p1a: Incineroar|Incineroar, L50, F|36/100
|-ability|p1a: Incineroar|Intimidate|boost
|-unboost|p2a: Flutter Mane|atk|1
|-unboost|p2b: Chi-Yu|atk|1
|turn|7
|
|t:|1750811485
|move|p1a: Incineroar|Fake Out|p2b: Chi-Yu
|-damage|p2b: Chi-Yu|52/100
|move|p1b: Calyrex|Astral Barrage|p2a: Flutter Mane|[spread] p2a,p2b
|-supereffective|p2a: Flutter Mane
|-resisted|p2b: Chi-Yu
|-enditem|p2a: Flutter Mane|Focus Sash
|-damage|p2a: Flutter Mane|1/100
|-damage|p2b: Chi-Yu|23/100
|cant|p2b: Chi-Yu|flinch
|move|p2a: Flutter Mane|Shadow Ball|p1b: Calyrex
|-supereffective|p1b: Calyrex
|-damage|p1b: Calyrex|0 fnt
|faint|p1b: Calyrex
|
|upkeep
|
|t:|1750811499
|switch|p1b: Miraidon|Miraidon, L50|100/100
|-fieldstart|move: Electric Terrain|[from] ability: Hadron Engine|[of] p1b: Miraidon
|turn|8
|
|t:|1750811514
|-terastallize|p2a: Flutter Mane|Fairy
|-terastallize|p1b: Miraidon|Fairy
|move|p1a: Incineroar|Helping Hand|p1b: Miraidon
|-singleturn|p1b: Miraidon|Helping Hand|[of] p1a: Incineroar
|move|p2b: Chi-Yu|Dark Pulse|p1b: Miraidon
|-resisted|p1b: Miraidon
|-damage|p1b: Miraidon|77/100
|move|p2a: Flutter Mane|Moonblast|p1b: Miraidon
|-damage|p1b: Miraidon|2/100
|-unboost|p1b: Miraidon|spa|1
|cant|p1b: Miraidon|flinch
|
|upkeep
|turn|9
|-message|iantseng forfeited.
|
|win|circhester city
|raw|iantseng's rating: 1210 &rarr; <strong>1186</strong><br />(-24 for losing)
|raw|circhester city's rating: 1224 &rarr; <strong>1248</strong><br />(+24 for winning)
|l|☆iantseng
|player|p1|
|l|☆circhester city
|player|p2|
