|j|☆tinkatonbeliever
|j|☆jorgeta
|t:|1750882410
|gametype|doubles
|player|p1|tinkatonbeliever|hilda|1463
|player|p2|jorgeta|102|1504
|teamsize|p1|6
|teamsize|p2|6
|gen|9
|tier|[Gen 9] VGC 2025 Reg I
|rated|
|rule|Species Clause: Limit one of each Pokémon
|rule|Item Clause: Limit 1 of each item
|clearpoke
|poke|p1|Kyogre, L50|
|poke|p1|Tornadus, L50, M|
|poke|p1|Incineroar, L50, M|
|poke|p1|Farigiraf, L50, F|
|poke|p1|Tinkaton, L50, F|
|poke|p1|Calyrex-Ice, L50|
|poke|p2|Lunala, L50|
|poke|p2|Koraidon, L50|
|poke|p2|Flutter Mane, L50|
|poke|p2|Indeedee-F, L50, F|
|poke|p2|Amoonguss, L50, M|
|poke|p2|Chi-Yu, L50|
|teampreview|4
|inactive|Battle timer is ON: inactive players will automatically lose when time's up. (requested by tinkatonbeliever)
|
|t:|1750882438
|start
|switch|p1a: Tornadus|Tornadus, L50, M|100/100
|switch|p1b: Kyogre|Kyogre, L50|100/100
|switch|p2a: Lunala|Lunala, L50, shiny|100/100
|switch|p2b: Chi-Yu|Chi-Yu, L50|100/100
|-ability|p2b: Chi-Yu|Beads of Ruin
|-weather|RainDance|[from] ability: Drizzle|[of] p1b: Kyogre
|turn|1
|
|t:|1750882457
|move|p1a: Tornadus|Tailwind|p1a: Tornadus
|-sidestart|p1: tinkatonbeliever|move: Tailwind
|move|p1b: Kyogre|Thunder|p2b: Chi-Yu
|-damage|p2b: Chi-Yu|16/100
|move|p2b: Chi-Yu|Snarl|p1b: Kyogre|[spread] p1a,p1b
|-damage|p1a: Tornadus|57/100
|-damage|p1b: Kyogre|79/100
|-unboost|p1a: Tornadus|spa|1
|-unboost|p1b: Kyogre|spa|1
|move|p2a: Lunala|Meteor Beam||[still]
|-prepare|p2a: Lunala|Meteor Beam
|-boost|p2a: Lunala|spa|1
|-enditem|p2a: Lunala|Power Herb
|-anim|p2a: Lunala|Meteor Beam|p1a: Tornadus
|-supereffective|p1a: Tornadus
|-damage|p1a: Tornadus|0 fnt
|faint|p1a: Tornadus
|
|-weather|RainDance|[upkeep]
|upkeep
|
|t:|1750882480
|switch|p1a: Calyrex|Calyrex-Ice, L50|100/100
|-ability|p1a: Calyrex|As One
|-ability|p1a: Calyrex|Unnerve
|turn|2
|
|t:|1750882493
|switch|p2b: Indeedee|Indeedee-F, L50, F|100/100
|-fieldstart|move: Psychic Terrain|[from] ability: Psychic Surge|[of] p2b: Indeedee
|-terastallize|p1a: Calyrex|Grass
|-terastallize|p2a: Lunala|Water
|move|p1b: Kyogre|Thunder|p2b: Indeedee
|-damage|p2b: Indeedee|55/100
|-status|p2b: Indeedee|par
|-enditem|p2b: Indeedee|Eject Button
|
|t:|1750882503
|switch|p2b: Chi-Yu|Chi-Yu, L50|16/100
|-ability|p2b: Chi-Yu|Beads of Ruin
|move|p1a: Calyrex|Bullet Seed|p2a: Lunala
|-supereffective|p2a: Lunala
|-damage|p2a: Lunala|87/100
|-supereffective|p2a: Lunala
|-crit|p2a: Lunala
|-damage|p2a: Lunala|45/100
|-supereffective|p2a: Lunala
|-damage|p2a: Lunala|18/100
|-supereffective|p2a: Lunala
|-damage|p2a: Lunala|0 fnt
|faint|p2a: Lunala
|-ability|p1a: Calyrex|Chilling Neigh|boost
|-boost|p1a: Calyrex|atk|1
|-hitcount|p2: Lunala|4
|
|-weather|RainDance|[upkeep]
|upkeep
|
|t:|1750882518
|switch|p2a: Koraidon|Koraidon, L50|100/100
|-weather|SunnyDay|[from] ability: Orichalcum Pulse|[of] p2a: Koraidon
|-activate|p2a: Koraidon|Orichalcum Pulse|[source]
|turn|3
|inactive|tinkatonbeliever has 30 seconds left.
|
|t:|1750882550
|move|p1a: Calyrex|Protect|p1a: Calyrex
|-singleturn|p1a: Calyrex|Protect
|move|p1b: Kyogre|Thunder|p2b: Chi-Yu
|-damage|p2b: Chi-Yu|0 fnt
|faint|p2b: Chi-Yu
|move|p2a: Koraidon|Flame Charge|p1a: Calyrex
|-activate|p1a: Calyrex|move: Protect
|
|-weather|SunnyDay|[upkeep]
|upkeep
|
|t:|1750882554
|switch|p2b: Indeedee|Indeedee-F, L50, F|55/100 par
|turn|4
|
|t:|1750882569
|switch|p1b: Tinkaton|Tinkaton, L50, F|100/100
|-ability|p1b: Tinkaton|Mold Breaker
|move|p2b: Indeedee|Follow Me|p2b: Indeedee
|-singleturn|p2b: Indeedee|move: Follow Me
|move|p2a: Koraidon|Flare Blitz|p1a: Calyrex
|-supereffective|p1a: Calyrex
|-damage|p1a: Calyrex|0 fnt
|faint|p1a: Calyrex
|-damage|p2a: Koraidon|62/100|[from] Recoil
|-damage|p2a: Koraidon|52/100|[from] item: Life Orb
|
|-weather|SunnyDay|[upkeep]
|-sideend|p1: tinkatonbeliever|move: Tailwind
|upkeep
|
|t:|1750882575
|switch|p1a: Kyogre|Kyogre, L50|79/100
|-weather|RainDance|[from] ability: Drizzle|[of] p1a: Kyogre
|turn|5
|
|t:|1750882583
|move|p2b: Indeedee|Follow Me|p2b: Indeedee
|-singleturn|p2b: Indeedee|move: Follow Me
|move|p2a: Koraidon|Close Combat|p1a: Kyogre
|-damage|p1a: Kyogre|0 fnt
|-unboost|p2a: Koraidon|def|1
|-unboost|p2a: Koraidon|spd|1
|faint|p1a: Kyogre
|-damage|p2a: Koraidon|43/100|[from] item: Life Orb
|move|p1b: Tinkaton|Play Rough|p2b: Indeedee
|-damage|p2b: Indeedee|29/100 par
|
|-weather|RainDance|[upkeep]
|upkeep
|turn|6
|
|t:|1750882599
|cant|p2b: Indeedee|par
|move|p2a: Koraidon|Flare Blitz|p1b: Tinkaton
|-supereffective|p1b: Tinkaton
|-damage|p1b: Tinkaton|46/100
|-damage|p2a: Koraidon|23/100|[from] Recoil
|-damage|p2a: Koraidon|14/100|[from] item: Life Orb
|move|p1b: Tinkaton|Play Rough|p2a: Koraidon
|-supereffective|p2a: Koraidon
|-damage|p2a: Koraidon|0 fnt
|faint|p2a: Koraidon
|
|-weather|RainDance|[upkeep]
|-fieldend|move: Psychic Terrain
|upkeep
|turn|7
|c|☆tinkatonbeliever|gg tough para
|
|t:|1750882613
|move|p1b: Tinkaton|Gigaton Hammer|p2b: Indeedee
|-damage|p2b: Indeedee|0 fnt
|faint|p2b: Indeedee
|
|win|tinkatonbeliever
|raw|tinkatonbeliever's rating: 1463 &rarr; <strong>1485</strong><br />(+22 for winning)
|raw|jorgeta's rating: 1504 &rarr; <strong>1482</strong><br />(-22 for losing)
|c|☆jorgeta|gg
|c|☆tinkatonbeliever|sorry
|c|☆jorgeta|dw
|l|☆tinkatonbeliever
|player|p1|
|c|☆jorgeta|i helping hand anw
|l|☆jorgeta
|player|p2|
