|j|☆plsdontspeaktome
|j|☆beb99
|t:|1750846588
|gametype|doubles
|player|p1|plsdontspeaktome|265|1140
|player|p2|beb99|101|1100
|teamsize|p1|5
|teamsize|p2|6
|gen|9
|tier|[Gen 9] VGC 2025 Reg I
|rated|
|rule|Species Clause: Limit one of each Pokémon
|rule|Item Clause: Limit 1 of each item
|clearpoke
|poke|p1|Regieleki, L50|
|poke|p1|Rillaboom, L50, M|
|poke|p1|Incineroar, L50, M|
|poke|p1|Calyrex-Shadow, L50|
|poke|p1|Zacian-*, L50|
|poke|p2|Regigigas, L50|
|poke|p2|Weezing-Galar, L50, M|
|poke|p2|Miraidon, L50|
|poke|p2|Krookodile, L50, F|
|poke|p2|Terapagos, L50, M|
|poke|p2|Smeargle, L50, F|
|teampreview|4
|inactive|Battle timer is ON: inactive players will automatically lose when time's up. (requested by plsdontspeaktome)
|
|t:|1750846608
|start
|switch|p1a: Regieleki|Regieleki, L50|100/100
|switch|p1b: Calyrex|Calyrex-Shadow, L50|100/100
|switch|p2a: Miraidon|Miraidon, L50|100/100
|switch|p2b: Smeargle|Smeargle, L50, F|100/100
|-ability|p1b: Calyrex|As One
|-ability|p1b: Calyrex|Unnerve
|-fieldstart|move: Electric Terrain|[from] ability: Hadron Engine|[of] p2a: Miraidon
|turn|1
|inactive|plsdontspeaktome has 30 seconds left.
|inactive|beb99 has 30 seconds left.
|inactive|plsdontspeaktome has 20 seconds left.
|inactive|plsdontspeaktome has 15 seconds left.
|inactive|plsdontspeaktome has 10 seconds left.
|inactive|plsdontspeaktome has 5 seconds left.
|
|t:|1750846663
|move|p2b: Smeargle|Fake Out|p1a: Regieleki
|-damage|p1a: Regieleki|91/100
|move|p2a: Miraidon|Volt Switch|p1b: Calyrex
|-damage|p1b: Calyrex|37/100
|
|t:|1750846671
|switch|p2a: Terapagos|Terapagos, L50, M|100/100|[from] Volt Switch
|-activate|p2a: Terapagos|ability: Tera Shift
|detailschange|p2a: Terapagos|Terapagos-Terastal, L50, M
|-heal|p2a: Terapagos|100/100|[silent]
|move|p1a: Regieleki|Volt Switch|p2b: Smeargle
|-enditem|p2b: Smeargle|Focus Sash
|-damage|p2b: Smeargle|1/100
|inactive|plsdontspeaktome has 30 seconds left.
|
|t:|1750846698
|switch|p1a: Zacian|Zacian-Crowned, L50|100/100|[from] Volt Switch
|-ability|p1a: Zacian|Intrepid Sword|boost
|-boost|p1a: Zacian|atk|1
|move|p1b: Calyrex|Astral Barrage|p2a: Terapagos|[spread] 
|-immune|p2a: Terapagos
|-immune|p2b: Smeargle
|
|-ability|p2b: Smeargle|Moody|boost
|-boost|p2b: Smeargle|spa|2
|-unboost|p2b: Smeargle|spd|1
|upkeep
|turn|2
|inactive|plsdontspeaktome has 30 seconds left.
|inactive|beb99 has 30 seconds left.
|inactive|beb99 has 20 seconds left.
|
|t:|1750846734
|-terastallize|p1a: Zacian|Fairy
|move|p2a: Terapagos|Protect|p2a: Terapagos
|-singleturn|p2a: Terapagos|Protect
|move|p1b: Calyrex|Psychic|p2a: Terapagos
|-activate|p2a: Terapagos|move: Protect
|move|p1a: Zacian|Play Rough|p2a: Terapagos
|-activate|p2a: Terapagos|move: Protect
|move|p2b: Smeargle|Decorate|p2a: Terapagos
|-boost|p2a: Terapagos|atk|2
|-boost|p2a: Terapagos|spa|2
|
|-ability|p2b: Smeargle|Moody|boost
|-boost|p2b: Smeargle|spd|2
|-unboost|p2b: Smeargle|spe|1
|upkeep
|turn|3
|inactive|beb99 has 30 seconds left.
|
|t:|1750846767
|-terastallize|p2a: Terapagos|Stellar
|detailschange|p2a: Terapagos|Terapagos-Stellar, L50, M, tera:Stellar
|-heal|p2a: Terapagos|100/100|[silent]
|-ability|p2a: Terapagos|Teraform Zero
|-fieldend|move: Electric Terrain
|move|p1b: Calyrex|Psychic|p2a: Terapagos
|-damage|p2a: Terapagos|59/100
|-damage|p1b: Calyrex|27/100|[from] item: Life Orb
|move|p1a: Zacian|Play Rough|p2a: Terapagos
|-damage|p2a: Terapagos|6/100
|-unboost|p2a: Terapagos|atk|1
|move|p2a: Terapagos|Tera Starstorm|p1b: Calyrex|[spread] p1a,p1b
|-supereffective|p1a: Zacian
|-damage|p1a: Zacian|0 fnt
|-damage|p1b: Calyrex|0 fnt
|faint|p1a: Zacian
|faint|p1b: Calyrex
|move|p2b: Smeargle|Decorate|p2a: Terapagos
|-boost|p2a: Terapagos|atk|2
|-boost|p2a: Terapagos|spa|2
|
|-heal|p2a: Terapagos|12/100|[from] item: Leftovers
|-ability|p2b: Smeargle|Moody|boost
|-boost|p2b: Smeargle|spe|2
|-unboost|p2b: Smeargle|def|1
|upkeep
|
|t:|1750846784
|switch|p1b: Rillaboom|Rillaboom, L50, M|100/100
|switch|p1a: Regieleki|Regieleki, L50|91/100
|-fieldstart|move: Grassy Terrain|[from] ability: Grassy Surge|[of] p1b: Rillaboom
|turn|4
|
|t:|1750846804
|switch|p2b: Regigigas|Regigigas, L50|100/100
|-start|p2b: Regigigas|ability: Slow Start
|move|p2a: Terapagos|Protect|p2a: Terapagos
|-singleturn|p2a: Terapagos|Protect
|move|p1b: Rillaboom|Fake Out|p2b: Regigigas
|-damage|p2b: Regigigas|93/100
|move|p1a: Regieleki|Electroweb|p2b: Regigigas|[spread] p2b
|-activate|p2a: Terapagos|move: Protect
|-damage|p2b: Regigigas|74/100
|
|-heal|p1a: Regieleki|97/100|[from] Grassy Terrain
|-heal|p2a: Terapagos|18/100|[from] Grassy Terrain
|-heal|p2a: Terapagos|24/100|[from] item: Leftovers
|-heal|p2b: Regigigas|80/100|[from] Grassy Terrain
|upkeep
|turn|5
|inactive|plsdontspeaktome has 30 seconds left.
|inactive|plsdontspeaktome has 20 seconds left.
|
|t:|1750846839
|move|p1a: Regieleki|Thunderbolt|p2b: Regigigas
|-damage|p2b: Regigigas|39/100
|-status|p2b: Regigigas|par
|move|p2a: Terapagos|Tera Starstorm|p1b: Rillaboom|[spread] p1a,p1b
|-damage|p1a: Regieleki|0 fnt
|-damage|p1b: Rillaboom|47/100
|faint|p1a: Regieleki
|move|p1b: Rillaboom|Wood Hammer|p2a: Terapagos
|-damage|p2a: Terapagos|0 fnt
|faint|p2a: Terapagos
|detailschange|p2: Terapagos|Terapagos, L50, M|[silent]
|-damage|p1b: Rillaboom|38/100|[from] Recoil
|move|p2b: Regigigas|Heat Crash|p1b: Rillaboom
|-supereffective|p1b: Rillaboom
|-damage|p1b: Rillaboom|0 fnt
|faint|p1b: Rillaboom
|
|win|beb99
|raw|plsdontspeaktome's rating: 1140 &rarr; <strong>1112</strong><br />(-28 for losing)
|raw|beb99's rating: 1100 &rarr; <strong>1128</strong><br />(+28 for winning)
|l|☆plsdontspeaktome
|player|p1|
|l|☆beb99
|player|p2|
