|j|☆AussieGameboy
|j|☆NarutoUzumaki1234
|t:|1750739682
|gametype|doubles
|player|p1|AussieGameboy|1|1200
|player|p2|NarutoUzumaki1234|1|1178
|teamsize|p1|6
|teamsize|p2|6
|gen|9
|tier|[Gen 9] VGC 2025 Reg I
|rated|
|rule|Species Clause: Limit one of each Pokémon
|rule|Item Clause: Limit 1 of each item
|clearpoke
|poke|p1|Annihilape, L50, M|
|poke|p1|Farigiraf, L50, M|
|poke|p1|Calyrex-Ice, L50|
|poke|p1|Sableye, L50, F|
|poke|p1|Kyogre, L50|
|poke|p1|Gholdengo, L50|
|poke|p2|Decidueye-Hisui, L50, M|
|poke|p2|Calyrex-Ice, L50|
|poke|p2|Primarina, L50, F|
|poke|p2|Skeledirge, L50, M|
|poke|p2|Necrozma-Dusk-Mane, L50|
|poke|p2|Amoonguss, L50, F|
|teampreview|4
AussieGameboy rejected open team sheets.
|inactive|Battle timer is ON: inactive players will automatically lose when time's up. (requested by AussieGameboy)
|c|☆AussieGameboy|this aint no games when im eating canes
|inactive|NarutoUzumaki1234 has 60 seconds left.
|
|t:|1750739732
|start
|switch|p1a: Annihilape|Annihilape, L50, M|100/100
|switch|p1b: Farigiraf|Farigiraf, L50, M|100/100
|switch|p2a: Necrozma|Necrozma-Dusk-Mane, L50|100/100
|switch|p2b: Calyrex|Calyrex-Ice, L50|100/100
|-ability|p2b: Calyrex|As One
|-ability|p2b: Calyrex|Unnerve
|turn|1
|c|☆AussieGameboy|are you pale or do i just read braile?
|inactive|AussieGameboy has 30 seconds left.
|inactive|NarutoUzumaki1234 has 30 seconds left.
|inactive|NarutoUzumaki1234 has 20 seconds left.
|
|t:|1750739770
|-terastallize|p1a: Annihilape|Ghost
|move|p1a: Annihilape|Poison Jab|p2b: Calyrex
|-damage|p2b: Calyrex|86/100
|move|p1b: Farigiraf|Beat Up|p1a: Annihilape
|-supereffective|p1a: Annihilape
|-damage|p1a: Annihilape|95/100
|-enditem|p1a: Annihilape|Weakness Policy
|-boost|p1a: Annihilape|atk|2|[from] item: Weakness Policy
|-boost|p1a: Annihilape|spa|2|[from] item: Weakness Policy
|-supereffective|p1a: Annihilape
|-damage|p1a: Annihilape|90/100
|-supereffective|p1a: Annihilape
|-damage|p1a: Annihilape|83/100
|-supereffective|p1a: Annihilape
|-damage|p1a: Annihilape|79/100
|-hitcount|p1a: Annihilape|4
|move|p2a: Necrozma|Photon Geyser|p1a: Annihilape
|-damage|p1a: Annihilape|27/100
|move|p2b: Calyrex|Trick Room|p2b: Calyrex
|-fieldstart|move: Trick Room|[of] p2b: Calyrex
|
|upkeep
|turn|2
|inactive|NarutoUzumaki1234 has 30 seconds left.
|
|t:|1750739805
|switch|p1b: Sableye|Sableye, L50, F|100/100
|move|p1a: Annihilape|Protect|p1a: Annihilape
|-singleturn|p1a: Annihilape|Protect
|move|p2a: Necrozma|Photon Geyser|p1b: Sableye
|-immune|p1b: Sableye
|move|p2b: Calyrex|Glacial Lance|p1a: Annihilape|[spread] p1b
|-activate|p1a: Annihilape|move: Protect
|-damage|p1b: Sableye|28/100
|
|upkeep
|turn|3
|
|t:|1750739825
|switch|p2a: Decidueye|Decidueye-Hisui, L50, M|100/100
|move|p1b: Sableye|Fake Out|p2b: Calyrex
|-damage|p2b: Calyrex|80/100
|cant|p2b: Calyrex|flinch
|move|p1a: Annihilape|Rage Fist|p2b: Calyrex
|-supereffective|p2b: Calyrex
|-damage|p2b: Calyrex|0 fnt
|faint|p2b: Calyrex
|
|upkeep
|
|t:|1750739841
|switch|p2b: Skeledirge|Skeledirge, L50, M|100/100
|turn|4
|
|t:|1750739865
|move|p1b: Sableye|Quash|p2a: Decidueye
|-activate|p2a: Decidueye|move: Quash
|move|p2b: Skeledirge|Shadow Ball|p1a: Annihilape
|-supereffective|p1a: Annihilape
|-damage|p1a: Annihilape|0 fnt
|faint|p1a: Annihilape
|move|p2a: Decidueye|Leaf Blade|p1b: Sableye
|-crit|p1b: Sableye
|-damage|p1b: Sableye|0 fnt
|-damage|p2a: Decidueye|84/100|[from] item: Rocky Helmet|[of] p1b: Sableye
|faint|p1b: Sableye
|
|upkeep
|
|t:|1750739873
|switch|p1b: Farigiraf|Farigiraf, L50, M|100/100
|switch|p1a: Calyrex|Calyrex-Ice, L50|100/100
|-ability|p1a: Calyrex|As One
|-ability|p1a: Calyrex|Unnerve
|turn|5
|inactive|NarutoUzumaki1234 has 30 seconds left.
|inactive|NarutoUzumaki1234 has 20 seconds left.
|
|t:|1750739909
|switch|p2a: Necrozma|Necrozma-Dusk-Mane, L50|100/100
|-terastallize|p2b: Skeledirge|Fire
|move|p1b: Farigiraf|Helping Hand|p1a: Calyrex
|-singleturn|p1a: Calyrex|Helping Hand|[of] p1b: Farigiraf
|move|p1a: Calyrex|Glacial Lance|p2a: Necrozma|[spread] p2a,p2b
|-resisted|p2a: Necrozma
|-resisted|p2b: Skeledirge
|-damage|p2a: Necrozma|52/100
|-damage|p2b: Skeledirge|28/100
|move|p2b: Skeledirge|Torch Song|p1a: Calyrex
|-supereffective|p1a: Calyrex
|-damage|p1a: Calyrex|19/100
|-boost|p2b: Skeledirge|spa|1
|
|-fieldend|move: Trick Room
|upkeep
|turn|6
|inactive|NarutoUzumaki1234 has 30 seconds left.
|
|t:|1750739938
|move|p2b: Skeledirge|Torch Song|p1b: Farigiraf
|-damage|p1b: Farigiraf|18/100
|-boost|p2b: Skeledirge|spa|1
|move|p1a: Calyrex|Glacial Lance|p2a: Necrozma|[spread] p2a,p2b
|-resisted|p2a: Necrozma
|-resisted|p2b: Skeledirge
|-damage|p2a: Necrozma|19/100
|-damage|p2b: Skeledirge|0 fnt
|faint|p2b: Skeledirge
|-ability|p1a: Calyrex|Chilling Neigh|boost
|-boost|p1a: Calyrex|atk|1
|move|p2a: Necrozma|Sunsteel Strike|p1a: Calyrex
|-supereffective|p1a: Calyrex
|-damage|p1a: Calyrex|0 fnt
|faint|p1a: Calyrex
|move|p1b: Farigiraf|Trick Room|p1b: Farigiraf
|-fieldstart|move: Trick Room|[of] p1b: Farigiraf
|
|upkeep
|
|t:|1750739955
|switch|p2b: Decidueye|Decidueye-Hisui, L50, M|84/100
|turn|7
|
|t:|1750739966
|move|p2a: Necrozma|Sunsteel Strike|p1b: Farigiraf
|-damage|p1b: Farigiraf|0 fnt
|faint|p1b: Farigiraf
|
|win|NarutoUzumaki1234
|raw|AussieGameboy's rating: 1200 &rarr; <strong>1173</strong><br />(-27 for losing)
|raw|NarutoUzumaki1234's rating: 1178 &rarr; <strong>1205</strong><br />(+27 for winning)
|l|☆AussieGameboy
|player|p1|
|l|☆NarutoUzumaki1234
|player|p2|
