|j|☆Knightmare_Squad
|j|☆Slayer_trainer
|t:|1750724863
|gametype|doubles
|player|p1|Knightmare_Squad|pokemonrangerf|1182
|player|p2|Slayer_trainer|dragontamer|1182
|teamsize|p1|6
|teamsize|p2|6
|gen|9
|tier|[Gen 9] VGC 2025 Reg I
|rated|
|rule|Species Clause: Limit one of each Pokémon
|rule|Item Clause: Limit 1 of each item
|clearpoke
|poke|p1|Slowbro-Galar, L50, M|
|poke|p1|Calyrex-Ice, L50|
|poke|p1|Dusclops, L50, M|
|poke|p1|Miraidon, L50|
|poke|p1|Araquanid, L50, M|
|poke|p1|Blaziken, L50, M|
|poke|p2|Zamazenta-*, L50|
|poke|p2|Flutter Mane, L50|
|poke|p2|Clefairy, L50, M|
|poke|p2|Whimsicott, L50, F|
|poke|p2|Chi-Yu, L50|
|poke|p2|Kyurem-Black, L50|
|teampreview|4
|
|t:|1750724921
|start
|switch|p1a: Handsy|Dusclops, L50, M|100/100
|switch|p1b: Stupid Bike|Miraidon, L50|100/100
|switch|p2a: Whimsicott|Whimsicott, L50, F|100/100
|switch|p2b: Kyurem|Kyurem-Black, L50|100/100
|-fieldstart|move: Electric Terrain|[from] ability: Hadron Engine|[of] p1b: Stupid Bike
|-ability|p2b: Kyurem|Teravolt
|-ability|p1a: Handsy|Pressure
|turn|1
|
|t:|1750724948
|move|p2a: Whimsicott|Tailwind|p2a: Whimsicott
|-sidestart|p2: Slayer_trainer|move: Tailwind
|move|p2b: Kyurem|Icicle Spear|p1b: Stupid Bike
|-supereffective|p1b: Stupid Bike
|-damage|p1b: Stupid Bike|59/100
|-supereffective|p1b: Stupid Bike
|-damage|p1b: Stupid Bike|18/100
|-supereffective|p1b: Stupid Bike
|-damage|p1b: Stupid Bike|0 fnt
|faint|p1b: Stupid Bike
|-hitcount|p1: Stupid Bike|3
|-damage|p2b: Kyurem|91/100|[from] item: Life Orb
|move|p1a: Handsy|Trick Room|p1a: Handsy
|-fieldstart|move: Trick Room|[of] p1a: Handsy
|
|upkeep
|
|t:|1750724961
|switch|p1b: Stupid Jockey|Calyrex-Ice, L50|100/100
|-ability|p1b: Stupid Jockey|As One
|-ability|p1b: Stupid Jockey|Unnerve
|turn|2
|
|t:|1750724973
|move|p2b: Kyurem|Protect|p2b: Kyurem
|-singleturn|p2b: Kyurem|Protect
|move|p2a: Whimsicott|Encore|p1a: Handsy
|-start|p1a: Handsy|Encore
|move|p1a: Handsy|Trick Room|p1a: Handsy
|-fieldend|move: Trick Room
|move|p1b: Stupid Jockey|Glacial Lance|p2b: Kyurem|[spread] p2a
|-activate|p2b: Kyurem|move: Protect
|-supereffective|p2a: Whimsicott
|-crit|p2a: Whimsicott
|-damage|p2a: Whimsicott|0 fnt
|faint|p2a: Whimsicott
|-ability|p1b: Stupid Jockey|Chilling Neigh|boost
|-boost|p1b: Stupid Jockey|atk|1
|
|upkeep
|
|t:|1750724997
|switch|p2a: Clefairy|Clefairy, L50, M|100/100
|turn|3
|
|t:|1750725017
|move|p2a: Clefairy|Helping Hand|p2b: Kyurem
|-singleturn|p2b: Kyurem|Helping Hand|[of] p2a: Clefairy
|move|p1b: Stupid Jockey|Protect|p1b: Stupid Jockey
|-singleturn|p1b: Stupid Jockey|Protect
|move|p2b: Kyurem|Fusion Bolt|p1b: Stupid Jockey
|-activate|p1b: Stupid Jockey|move: Protect
|move|p1a: Handsy|Trick Room|p1a: Handsy
|-fieldstart|move: Trick Room|[of] p1a: Handsy
|
|upkeep
|turn|4
|
|t:|1750725050
|switch|p1a: Golden Gun|Slowbro-Galar, L50, M, shiny|100/100
|move|p2a: Clefairy|Protect|p2a: Clefairy
|-singleturn|p2a: Clefairy|Protect
|move|p2b: Kyurem|Protect|p2b: Kyurem
|-singleturn|p2b: Kyurem|Protect
|move|p1b: Stupid Jockey|Glacial Lance|p2a: Clefairy|[spread] 
|-activate|p2a: Clefairy|move: Protect
|-activate|p2b: Kyurem|move: Protect
|
|-sideend|p2: Slayer_trainer|move: Tailwind
|upkeep
|turn|5
|-activate|p1a: Golden Gun|ability: Quick Draw
|
|t:|1750725079
|-terastallize|p2b: Kyurem|Fire
|move|p1b: Stupid Jockey|Protect|p1b: Stupid Jockey
|-singleturn|p1b: Stupid Jockey|Protect
|move|p2a: Clefairy|Follow Me|p2a: Clefairy
|-singleturn|p2a: Clefairy|move: Follow Me
|move|p1a: Golden Gun|Shell Side Arm|p2a: Clefairy|[anim] Shell Side Arm Physical
|-supereffective|p2a: Clefairy
|-damage|p2a: Clefairy|19/100
|-hint|Physical Shell Side Arm
|move|p2b: Kyurem|Tera Blast|p1b: Stupid Jockey|[anim] Tera Blast Fire
|-activate|p1b: Stupid Jockey|move: Protect
|
|-fieldend|move: Electric Terrain
|upkeep
|turn|6
|
|t:|1750725110
|move|p1a: Golden Gun|Shell Side Arm|p2a: Clefairy|[anim] Shell Side Arm Physical
|-supereffective|p2a: Clefairy
|-damage|p2a: Clefairy|0 fnt
|-hint|Physical Shell Side Arm
|faint|p2a: Clefairy
|move|p1b: Stupid Jockey|High Horsepower|p2b: Kyurem
|-supereffective|p2b: Kyurem
|-crit|p2b: Kyurem
|-damage|p2b: Kyurem|0 fnt
|faint|p2b: Kyurem
|-ability|p1b: Stupid Jockey|Chilling Neigh|boost
|-boost|p1b: Stupid Jockey|atk|1
|
|upkeep
|
|t:|1750725123
|switch|p2b: Zamazenta|Zamazenta-Crowned, L50|100/100
|-ability|p2b: Zamazenta|Dauntless Shield|boost
|-boost|p2b: Zamazenta|def|1
|turn|7
|
|t:|1750725143
|move|p1a: Golden Gun|Flamethrower|p2b: Zamazenta
|-supereffective|p2b: Zamazenta
|-damage|p2b: Zamazenta|58/100
|move|p1b: Stupid Jockey|High Horsepower|p2b: Zamazenta
|-supereffective|p2b: Zamazenta
|-damage|p2b: Zamazenta|0 fnt
|faint|p2b: Zamazenta
|
|win|Knightmare_Squad
|raw|Knightmare_Squad's rating: 1182 &rarr; <strong>1207</strong><br />(+25 for winning)
|raw|Slayer_trainer's rating: 1182 &rarr; <strong>1157</strong><br />(-25 for losing)
|c|☆Knightmare_Squad|gg
|l|☆Knightmare_Squad
|player|p1|
|c|☆Slayer_trainer|gg
|l|☆Slayer_trainer
|player|p2|
