|j|☆Aboeroekoe
|j|☆mousepad burglar
|t:|1750861861
|gametype|doubles
|player|p1|Aboeroekoe|1|1235
|player|p2|mousepad burglar|palmer|1308
|teamsize|p1|6
|teamsize|p2|6
|gen|9
|tier|[Gen 9] VGC 2025 Reg I
|rated|
|rule|Species Clause: Limit one of each Pokémon
|rule|Item Clause: Limit 1 of each item
|clearpoke
|poke|p1|Zamazenta-*, L50|
|poke|p1|Gastrodon, L50, M|
|poke|p1|Tyranitar, L50, M|
|poke|p1|Dialga-Origin, L50|
|poke|p1|Slowking-Galar, L50, M|
|poke|p1|Ursaluna-Bloodmoon, L50, M|
|poke|p2|Miraidon, L50|
|poke|p2|Incineroar, L50, M|
|poke|p2|Calyrex-Ice, L50|
|poke|p2|Clefairy, L50, F|
|poke|p2|Urshifu-*, L50, M|
|poke|p2|Flutter Mane, L50|
|teampreview|4
|inactive|Battle timer is ON: inactive players will automatically lose when time's up. (requested by mousepad burglar)
|inactive|Aboeroekoe also wants the timer to be on.
Aboeroekoe rejected open team sheets.
|inactive|mousepad burglar has 60 seconds left.
|inactive|Aboeroekoe has 60 seconds left.
|inactive|mousepad burglar has 30 seconds left.
|
|t:|1750861936
|start
|switch|p1a: Tyranitar|Tyranitar, L50, M|100/100
|switch|p1b: Slowking|Slowking-Galar, L50, M|100/100
|switch|p2a: Miraidon|Miraidon, L50|100/100
|switch|p2b: Urshifu|Urshifu-Rapid-Strike, L50, M|100/100
|-fieldstart|move: Electric Terrain|[from] ability: Hadron Engine|[of] p2a: Miraidon
|-weather|Sandstorm|[from] ability: Sand Stream|[of] p1a: Tyranitar
|turn|1
|
|t:|1750861959
|switch|p1a: Gastrodon|Gastrodon, L50, M|100/100
|move|p2b: Urshifu|Close Combat|p1b: Slowking
|-resisted|p1b: Slowking
|-crit|p1b: Slowking
|-damage|p1b: Slowking|77/100
|-unboost|p2b: Urshifu|def|1
|-unboost|p2b: Urshifu|spd|1
|move|p2a: Miraidon|Electro Drift|p1b: Slowking
|-damage|p1b: Slowking|0 fnt
|faint|p1b: Slowking
|
|-weather|Sandstorm|[upkeep]
|-damage|p2b: Urshifu|95/100|[from] Sandstorm
|-damage|p2a: Miraidon|95/100|[from] Sandstorm
|upkeep
|inactive|Aboeroekoe has 30 seconds left.
|
|t:|1750861990
|switch|p1b: Zamazenta|Zamazenta-Crowned, L50|100/100
|-ability|p1b: Zamazenta|Dauntless Shield|boost
|-boost|p1b: Zamazenta|def|1
|turn|2
|
|t:|1750861996
|move|p1b: Zamazenta|Protect|p1b: Zamazenta
|-singleturn|p1b: Zamazenta|Protect
|move|p2b: Urshifu|Close Combat|p1b: Zamazenta
|-supereffective|p1b: Zamazenta
|-damage|p1b: Zamazenta|55/100
|-unboost|p2b: Urshifu|def|1
|-unboost|p2b: Urshifu|spd|1
|move|p2a: Miraidon|Electro Drift|p1b: Zamazenta
|-activate|p1b: Zamazenta|move: Protect
|move|p1a: Gastrodon|Earth Power|p2a: Miraidon
|-supereffective|p2a: Miraidon
|-damage|p2a: Miraidon|38/100
|
|-weather|Sandstorm|[upkeep]
|-damage|p2b: Urshifu|89/100|[from] Sandstorm
|-damage|p2a: Miraidon|32/100|[from] Sandstorm
|upkeep
|turn|3
|inactive|Aboeroekoe has 30 seconds left.
|inactive|Aboeroekoe has 20 seconds left.
|
|t:|1750862034
|move|p2b: Urshifu|Close Combat|p1b: Zamazenta
|-supereffective|p1b: Zamazenta
|-damage|p1b: Zamazenta|13/100
|-unboost|p2b: Urshifu|def|1
|-unboost|p2b: Urshifu|spd|1
|move|p2a: Miraidon|Electro Drift|p1b: Zamazenta
|-damage|p1b: Zamazenta|0 fnt
|faint|p1b: Zamazenta
|move|p1a: Gastrodon|Earth Power|p2a: Miraidon
|-supereffective|p2a: Miraidon
|-damage|p2a: Miraidon|0 fnt
|faint|p2a: Miraidon
|
|-weather|Sandstorm|[upkeep]
|-damage|p2b: Urshifu|83/100|[from] Sandstorm
|upkeep
|
|t:|1750862045
|switch|p2a: Calyrex|Calyrex-Ice, L50|100/100
|switch|p1b: Tyranitar|Tyranitar, L50, M|100/100
|-ability|p2a: Calyrex|As One
|-ability|p2a: Calyrex|Unnerve
|turn|4
|inactive|Aboeroekoe has 30 seconds left.
|inactive|Aboeroekoe has 20 seconds left.
|inactive|Aboeroekoe has 15 seconds left.
|
|t:|1750862089
|switch|p2b: Clefairy|Clefairy, L50, F|100/100
|-terastallize|p1b: Tyranitar|Ghost
|move|p1b: Tyranitar|Knock Off|p2a: Calyrex
|-supereffective|p2a: Calyrex
|-damage|p2a: Calyrex|32/100
|-enditem|p2a: Calyrex|Clear Amulet|[from] move: Knock Off|[of] p1b: Tyranitar
|move|p1a: Gastrodon|Earth Power|p2b: Clefairy
|-damage|p2b: Clefairy|76/100
|-unboost|p2b: Clefairy|spd|1
|move|p2a: Calyrex|Trick Room|p2a: Calyrex
|-fieldstart|move: Trick Room|[of] p2a: Calyrex
|
|-weather|Sandstorm|[upkeep]
|-damage|p2b: Clefairy|69/100|[from] Sandstorm
|-damage|p2a: Calyrex|26/100|[from] Sandstorm
|-damage|p1b: Tyranitar|94/100|[from] Sandstorm
|upkeep
|turn|5
|inactive|Aboeroekoe has 30 seconds left.
|
|t:|1750862120
|move|p1b: Tyranitar|Protect|p1b: Tyranitar
|-singleturn|p1b: Tyranitar|Protect
|move|p2b: Clefairy|Follow Me|p2b: Clefairy
|-singleturn|p2b: Clefairy|move: Follow Me
|move|p1a: Gastrodon|Muddy Water|p2a: Calyrex|[spread] p2a,p2b
|-damage|p2a: Calyrex|10/100
|-damage|p2b: Clefairy|45/100
|-unboost|p2a: Calyrex|accuracy|1
|-unboost|p2b: Clefairy|accuracy|1
|move|p2a: Calyrex|Glacial Lance|p1a: Gastrodon|[spread] p1a
|-activate|p1b: Tyranitar|move: Protect
|-damage|p1a: Gastrodon|33/100
|
|-weather|none
|-fieldend|move: Electric Terrain
|upkeep
|turn|6
|
|t:|1750862143
|move|p2b: Clefairy|Protect|p2b: Clefairy
|-singleturn|p2b: Clefairy|Protect
|move|p2a: Calyrex|Protect|p2a: Calyrex
|-singleturn|p2a: Calyrex|Protect
|move|p1a: Gastrodon|Muddy Water|p2b: Clefairy|[spread] 
|-activate|p2a: Calyrex|move: Protect
|-activate|p2b: Clefairy|move: Protect
|move|p1b: Tyranitar|Rock Slide|p2b: Clefairy|[spread] 
|-activate|p2a: Calyrex|move: Protect
|-activate|p2b: Clefairy|move: Protect
|
|upkeep
|turn|7
|
|t:|1750862154
|move|p1b: Tyranitar|Protect|p1b: Tyranitar
|-singleturn|p1b: Tyranitar|Protect
|move|p1a: Gastrodon|Muddy Water|p2b: Clefairy|[spread] p2a,p2b
|-damage|p2a: Calyrex|0 fnt
|-damage|p2b: Clefairy|16/100
|-unboost|p2b: Clefairy|accuracy|1
|-enditem|p1a: Gastrodon|Sitrus Berry|[eat]
|-heal|p1a: Gastrodon|57/100|[from] item: Sitrus Berry
|faint|p2a: Calyrex
|move|p2b: Clefairy|After You|p2: Calyrex|[notarget]
|-fail|p2b: Clefairy
|
|upkeep
|
|t:|1750862162
|switch|p2a: Urshifu|Urshifu-Rapid-Strike, L50, M|83/100
|turn|8
|-message|mousepad burglar forfeited.
|
|win|Aboeroekoe
|raw|Aboeroekoe's rating: 1235 &rarr; <strong>1265</strong><br />(+30 for winning)
|raw|mousepad burglar's rating: 1308 &rarr; <strong>1284</strong><br />(-24 for losing)
|l|☆mousepad burglar
|player|p2|
|l|☆Aboeroekoe
|player|p1|
