|j|☆bogan7595
|j|☆eggs are very cool
|t:|1750714455
|gametype|doubles
|player|p1|bogan7595|nate|1065
|player|p2|eggs are very cool|drayden|1098
|teamsize|p1|6
|teamsize|p2|6
|gen|9
|tier|[Gen 9] VGC 2025 Reg I
|rated|
|rule|Species Clause: Limit one of each Pokémon
|rule|Item Clause: Limit 1 of each item
|clearpoke
|poke|p1|Braviary-Hisui, L50, M|
|poke|p1|Indeedee-F, L50, F|
|poke|p1|Terapagos, L50, M|
|poke|p1|Calyrex-Ice, L50|
|poke|p1|Flamigo, L50, M|
|poke|p1|Ogerpon-Hearthflame, L50, F|
|poke|p2|Terapagos, L50, M|
|poke|p2|Charjabug, L50, M|
|poke|p2|Bronzong, L50|
|poke|p2|Zamazenta-*, L50|
|poke|p2|Gothitelle, L50, F|
|poke|p2|Incineroar, L50, M|
|teampreview|4
|
|t:|1750714524
|start
|switch|p1a: Indeedee|Indeedee-F, L50, F|100/100
|switch|p1b: Calyrex|Calyrex-Ice, L50|100/100
|switch|p2a: Charjabug|Charjabug, L50, M|100/100
|switch|p2b: Terapagos|Terapagos, L50, M|100/100
|-activate|p2b: Terapagos|ability: Tera Shift
|detailschange|p2b: Terapagos|Terapagos-Terastal, L50, M
|-heal|p2b: Terapagos|100/100|[silent]
|-ability|p1b: Calyrex|As One
|-ability|p1b: Calyrex|Unnerve
|-fieldstart|move: Psychic Terrain|[from] ability: Psychic Surge|[of] p1a: Indeedee
|turn|1
|
|t:|1750714575
|move|p2b: Terapagos|Calm Mind|p2b: Terapagos
|-boost|p2b: Terapagos|spa|1
|-boost|p2b: Terapagos|spd|1
|move|p1a: Indeedee|Dazzling Gleam|p2b: Terapagos|[spread] p2a,p2b
|-activate|p2b: Terapagos|ability: Tera Shell
|-resisted|p2b: Terapagos
|-damage|p2a: Charjabug|90/100
|-damage|p2b: Terapagos|98/100
|move|p2a: Charjabug|Iron Defense|p2a: Charjabug
|-boost|p2a: Charjabug|def|2
|move|p1b: Calyrex|Trick Room|p1b: Calyrex
|-fieldstart|move: Trick Room|[of] p1b: Calyrex
|
|-heal|p2b: Terapagos|100/100|[from] item: Leftovers
|upkeep
|turn|2
|
|t:|1750714608
|move|p1a: Indeedee|Helping Hand|p1b: Calyrex
|-singleturn|p1b: Calyrex|Helping Hand|[of] p1a: Indeedee
|move|p2a: Charjabug|Baton Pass|p2a: Charjabug
|
|t:|1750714617
|switch|p2a: Zamazenta|Zamazenta-Crowned, L50|100/100|[from] Baton Pass
|-ability|p2a: Zamazenta|Dauntless Shield|boost
|-boost|p2a: Zamazenta|def|1
|move|p1b: Calyrex|Glacial Lance|p2a: Zamazenta|[spread] p2a,p2b
|-resisted|p2a: Zamazenta
|-activate|p2b: Terapagos|ability: Tera Shell
|-resisted|p2b: Terapagos
|-damage|p2a: Zamazenta|91/100
|-damage|p2b: Terapagos|65/100
|move|p2b: Terapagos|Calm Mind|p2b: Terapagos
|-boost|p2b: Terapagos|spa|1
|-boost|p2b: Terapagos|spd|1
|
|-heal|p2b: Terapagos|71/100|[from] item: Leftovers
|upkeep
|turn|3
|
|t:|1750714647
|move|p2b: Terapagos|Protect|p2b: Terapagos
|-singleturn|p2b: Terapagos|Protect
|move|p1a: Indeedee|Follow Me|p1a: Indeedee
|-singleturn|p1a: Indeedee|move: Follow Me
|move|p1b: Calyrex|Leech Seed|p2a: Zamazenta
|-start|p2a: Zamazenta|move: Leech Seed
|move|p2a: Zamazenta|Body Press|p1a: Indeedee
|-damage|p1a: Indeedee|0 fnt
|-damage|p2a: Zamazenta|75/100|[from] item: Rocky Helmet|[of] p1a: Indeedee
|faint|p1a: Indeedee
|
|-heal|p2b: Terapagos|77/100|[from] item: Leftovers
|-damage|p2a: Zamazenta|63/100|[from] Leech Seed|[of] p1b: Calyrex
|upkeep
|
|t:|1750714675
|switch|p1a: Braviary|Braviary-Hisui, L50, M|100/100
|turn|4
|
|t:|1750714711
|-terastallize|p1a: Braviary|Flying
|-terastallize|p2b: Terapagos|Stellar
|detailschange|p2b: Terapagos|Terapagos-Stellar, L50, M, tera:Stellar
|-heal|p2b: Terapagos|83/100|[silent]
|-ability|p2b: Terapagos|Teraform Zero
|-fieldend|move: Psychic Terrain
|move|p2a: Zamazenta|Wide Guard|p2a: Zamazenta
|-singleturn|p2a: Zamazenta|Wide Guard
|move|p1b: Calyrex|High Horsepower|p2a: Zamazenta
|-supereffective|p2a: Zamazenta
|-damage|p2a: Zamazenta|46/100
|move|p1a: Braviary|Hurricane|p2a: Zamazenta
|-damage|p2a: Zamazenta|0 fnt
|faint|p2a: Zamazenta
|move|p2b: Terapagos|Tera Starstorm|p1b: Calyrex|[spread] p1a,p1b
|-supereffective|p1a: Braviary
|-damage|p1a: Braviary|0 fnt
|-damage|p1b: Calyrex|40/100
|faint|p1a: Braviary
|
|-heal|p2b: Terapagos|89/100|[from] item: Leftovers
|upkeep
|
|t:|1750714738
|switch|p1a: Terapagos|Terapagos, L50, M|100/100
|switch|p2a: Charjabug|Charjabug, L50, M|90/100
|-activate|p1a: Terapagos|ability: Tera Shift
|detailschange|p1a: Terapagos|Terapagos-Terastal, L50, M
|-heal|p1a: Terapagos|100/100|[silent]
|turn|5
|
|t:|1750714756
|move|p2a: Charjabug|Volt Switch|p1a: Terapagos
|-activate|p1a: Terapagos|ability: Tera Shell
|-resisted|p1a: Terapagos
|-damage|p1a: Terapagos|95/100
|
|t:|1750714761
|switch|p2a: Incineroar|Incineroar, L50, M|100/100|[from] Volt Switch
|-ability|p2a: Incineroar|Intimidate|boost
|-unboost|p1a: Terapagos|atk|1
|-fail|p1b: Calyrex|unboost|[from] item: Clear Amulet|[of] p1b: Calyrex
|move|p1b: Calyrex|Leech Seed|p2b: Terapagos
|-start|p2b: Terapagos|move: Leech Seed
|move|p1a: Terapagos|Calm Mind|p1a: Terapagos
|-boost|p1a: Terapagos|spa|1
|-boost|p1a: Terapagos|spd|1
|move|p2b: Terapagos|Tera Starstorm|p1b: Calyrex|[spread] p1a,p1b
|-damage|p1a: Terapagos|51/100
|-damage|p1b: Calyrex|0 fnt
|faint|p1b: Calyrex
|
|-heal|p2b: Terapagos|95/100|[from] item: Leftovers
|-fieldend|move: Trick Room
|upkeep
|turn|6
|
|t:|1750714785
|move|p2a: Incineroar|Fake Out|p1a: Terapagos
|-damage|p1a: Terapagos|42/100
|move|p2b: Terapagos|Calm Mind|p2b: Terapagos
|-boost|p2b: Terapagos|spa|1
|-boost|p2b: Terapagos|spd|1
|cant|p1a: Terapagos|flinch
|
|-heal|p2b: Terapagos|100/100|[from] item: Leftovers
|upkeep
|turn|7
|
|t:|1750714797
|move|p2b: Terapagos|Tera Starstorm|p1a: Terapagos
|-damage|p1a: Terapagos|0 fnt
|faint|p1a: Terapagos
|
|win|eggs are very cool
|raw|bogan7595's rating: 1065 &rarr; <strong>1047</strong><br />(-18 for losing)
|raw|eggs are very cool's rating: 1098 &rarr; <strong>1121</strong><br />(+23 for winning)
|l|☆bogan7595
|player|p1|
|c|☆eggs are very cool|Gg
|l|☆eggs are very cool
|player|p2|
