|j|☆Prasoooon
|j|☆something123
|t:|1750747441
|gametype|doubles
|player|p1|Prasoooon|red|1682
|player|p2|something123|102|1778
|teamsize|p1|6
|teamsize|p2|6
|gen|9
|tier|[Gen 9] VGC 2025 Reg I
|rated|
|rule|Species Clause: Limit one of each Pokémon
|rule|Item Clause: Limit 1 of each item
|clearpoke
|poke|p1|Calyrex-Shadow, L50|
|poke|p1|Koraidon, L50|
|poke|p1|Indeedee-F, L50, F|
|poke|p1|Ursaluna, L50, F|
|poke|p1|Smeargle, L50, M|
|poke|p1|Tornadus, L50, M|
|poke|p2|Calyrex-Ice, L50|
|poke|p2|Kyogre, L50|
|poke|p2|Iron Jugulis, L50|
|poke|p2|Urshifu-*, L50, M|
|poke|p2|Rhyperior, L50, F|
|poke|p2|Amoonguss, L50, F|
|teampreview|4
|inactive|Battle timer is ON: inactive players will automatically lose when time's up. (requested by Prasoooon)
|j| ChickenZX
|inactive|something123 has 60 seconds left.
Prasoooon has agreed to open team sheets.
|inactive|something123 has 30 seconds left.
|inactive|something123 has 20 seconds left.
|inactive|something123 has 15 seconds left.
|inactive|something123 has 10 seconds left.
|
|t:|1750747527
|start
|switch|p1a: Death|Calyrex-Shadow, L50|100/100
|switch|p1b: Van Gogh|Smeargle, L50, M|100/100
|switch|p2a: Iron Jugulis|Iron Jugulis, L50|100/100
|switch|p2b: Calyrex|Calyrex-Ice, L50|100/100
|-ability|p1a: Death|As One
|-ability|p1a: Death|Unnerve
|-ability|p2b: Calyrex|As One
|-ability|p2b: Calyrex|Unnerve
|-enditem|p2a: Iron Jugulis|Booster Energy
|-activate|p2a: Iron Jugulis|ability: Quark Drive|[fromitem]
|-start|p2a: Iron Jugulis|quarkdrivespe
|turn|1
|
|t:|1750747538
|-terastallize|p2b: Calyrex|Grass
|move|p1a: Death|Protect|p1a: Death
|-singleturn|p1a: Death|Protect
|move|p2a: Iron Jugulis|Taunt|p1b: Van Gogh
|-start|p1b: Van Gogh|move: Taunt
|cant|p1b: Van Gogh|move: Taunt|Spore
|move|p2b: Calyrex|Glacial Lance|p1a: Death|[spread] p1b
|-activate|p1a: Death|move: Protect
|-enditem|p1b: Van Gogh|Focus Sash
|-damage|p1b: Van Gogh|1/100
|
|-ability|p1b: Van Gogh|Moody|boost
|-boost|p1b: Van Gogh|spd|2
|-unboost|p1b: Van Gogh|atk|1
|upkeep
|turn|2
|
|t:|1750747551
|-terastallize|p1a: Death|Dark
|move|p2a: Iron Jugulis|Snarl|p1a: Death|[spread] p1a,p1b
|-resisted|p1a: Death
|-damage|p1a: Death|93/100
|-damage|p1b: Van Gogh|0 fnt
|-unboost|p1a: Death|spa|1
|faint|p1b: Van Gogh
|move|p1a: Death|Astral Barrage|p2b: Calyrex|[spread] p2a,p2b
|-resisted|p2a: Iron Jugulis
|-damage|p2a: Iron Jugulis|79/100
|-damage|p2b: Calyrex|65/100
|-damage|p1a: Death|83/100|[from] item: Life Orb
|move|p2b: Calyrex|Glacial Lance|p1a: Death
|-damage|p1a: Death|0 fnt
|faint|p1a: Death
|-ability|p2b: Calyrex|Chilling Neigh|boost
|-boost|p2b: Calyrex|atk|1
|
|upkeep
|
|t:|1750747554
|switch|p1a: Orange|Koraidon, L50|100/100
|switch|p1b: Stupid moustache|Tornadus, L50, M|100/100
|-weather|SunnyDay|[from] ability: Orichalcum Pulse|[of] p1a: Orange
|-activate|p1a: Orange|Orichalcum Pulse|[source]
|turn|3
|inactive|something123 has 30 seconds left.
|inactive|something123 has 20 seconds left.
|
|t:|1750747589
|switch|p2b: Kyogre|Kyogre, L50|100/100
|-weather|RainDance|[from] ability: Drizzle|[of] p2b: Kyogre
|move|p1a: Orange|Collision Course|p2b: Kyogre
|-damage|p2b: Kyogre|43/100
|move|p2a: Iron Jugulis|Hurricane|p1a: Orange
|-supereffective|p1a: Orange
|-damage|p1a: Orange|14/100
|move|p1b: Stupid moustache|Bleakwind Storm|p2a: Iron Jugulis|[spread] p2a,p2b
|-damage|p2a: Iron Jugulis|43/100
|-damage|p2b: Kyogre|15/100
|
|-weather|RainDance|[upkeep]
|upkeep
|turn|4
|inactive|something123 has 30 seconds left.
|
|t:|1750747614
|move|p1a: Orange|Collision Course|p2a: Iron Jugulis
|-damage|p2a: Iron Jugulis|0 fnt
|faint|p2a: Iron Jugulis
|-end|p2a: Iron Jugulis|Quark Drive|[silent]
|move|p1b: Stupid moustache|Bleakwind Storm|p2b: Kyogre
|-damage|p2b: Kyogre|0 fnt
|faint|p2b: Kyogre
|
|-weather|RainDance|[upkeep]
|upkeep
|
|t:|1750747622
|switch|p2a: Calyrex|Calyrex-Ice, L50, tera:Grass|65/100
|switch|p2b: Amoonguss|Amoonguss, L50, F|100/100
|-ability|p2a: Calyrex|As One
|-ability|p2a: Calyrex|Unnerve
|turn|5
|
|t:|1750747632
|move|p2b: Amoonguss|Rage Powder|p2b: Amoonguss
|-singleturn|p2b: Amoonguss|move: Rage Powder
|move|p1b: Stupid moustache|Taunt|p2b: Amoonguss
|-start|p2b: Amoonguss|move: Taunt
|-enditem|p2b: Amoonguss|Mental Herb
|-end|p2b: Amoonguss|move: Taunt
|move|p1a: Orange|Collision Course|p2b: Amoonguss
|-resisted|p2b: Amoonguss
|-damage|p2b: Amoonguss|79/100
|move|p2a: Calyrex|Trick Room|p2a: Calyrex
|-fieldstart|move: Trick Room|[of] p2a: Calyrex
|
|-weather|RainDance|[upkeep]
|upkeep
|turn|6
|
|t:|1750747643
|move|p2b: Amoonguss|Spore|p1b: Stupid moustache
|-status|p1b: Stupid moustache|slp|[from] move: Spore
|move|p2a: Calyrex|Glacial Lance|p1b: Stupid moustache|[spread] p1a,p1b
|-supereffective|p1a: Orange
|-supereffective|p1b: Stupid moustache
|-damage|p1a: Orange|0 fnt
|-damage|p1b: Stupid moustache|0 fnt
|faint|p1a: Orange
|faint|p1b: Stupid moustache
|
|win|something123
|raw|Prasoooon's rating: 1682 &rarr; <strong>1667</strong><br />(-15 for losing)
|raw|something123's rating: 1778 &rarr; <strong>1793</strong><br />(+15 for winning)
|l|☆something123
|player|p2|
|l|☆Prasoooon
|player|p1|
|l| ChickenZX
