|j|☆pezelly_313
|j|☆Penner103
|t:|1750860853
|gametype|doubles
|player|p1|pezelly_313|169|1079
|player|p2|Penner103|101|1086
|teamsize|p1|6
|teamsize|p2|6
|gen|9
|tier|[Gen 9] VGC 2025 Reg I
|rated|
|rule|Species Clause: Limit one of each Pokémon
|rule|Item Clause: Limit 1 of each item
|clearpoke
|poke|p1|Zamazenta-*, L50|
|poke|p1|Slaking, L50, F|
|poke|p1|Weezing-Galar, L50, F|
|poke|p1|Kyogre, L50|
|poke|p1|Toedscruel, L50, M|
|poke|p1|Archaludon, L50, F|
|poke|p2|Lunala, L50|
|poke|p2|Ursaluna, L50, F|
|poke|p2|Urshifu-*, L50, F|
|poke|p2|Miraidon, L50|
|poke|p2|Grimmsnarl, L50, M|
|poke|p2|Incineroar, L50, F|
|teampreview|4
|inactive|Battle timer is ON: inactive players will automatically lose when time's up. (requested by pezelly_313)
pezelly_313 rejected open team sheets.
|
|t:|1750860889
|start
|switch|p1a: Weezing|Weezing-Galar, L50, F|100/100
|switch|p1b: Slaking|Slaking, L50, F|100/100
|switch|p2a: Grimmsnarl|Grimmsnarl, L50, M|100/100
|switch|p2b: Miraidon|Miraidon, L50|100/100
|-ability|p1a: Weezing|Neutralizing Gas
|turn|1
|inactive|Penner103 has 30 seconds left.
|inactive|Penner103 has 20 seconds left.
|inactive|Penner103 has 15 seconds left.
|inactive|Penner103 has 10 seconds left.
|inactive|Penner103 has 5 seconds left.
|
|t:|1750860939
|-terastallize|p2b: Miraidon|Electric
|move|p1a: Weezing|Protect|p1a: Weezing
|-singleturn|p1a: Weezing|Protect
|move|p2b: Miraidon|Electro Drift|p1a: Weezing
|-activate|p1a: Weezing|move: Protect
|move|p1b: Slaking|Bulk Up|p1b: Slaking
|-boost|p1b: Slaking|atk|1
|-boost|p1b: Slaking|def|1
|move|p2a: Grimmsnarl|Reflect|p2a: Grimmsnarl
|-sidestart|p2: Penner103|Reflect
|
|upkeep
|turn|2
|inactive|pezelly_313 has 30 seconds left.
|
|t:|1750860969
|move|p1a: Weezing|Protect|p1a: Weezing
|-singleturn|p1a: Weezing|Protect
|move|p2b: Miraidon|Electro Drift|p1a: Weezing
|-activate|p1a: Weezing|move: Protect
|move|p1b: Slaking|Double-Edge|p2b: Miraidon
|-damage|p2b: Miraidon|29/100
|-damage|p1b: Slaking|81/100|[from] Recoil
|move|p2a: Grimmsnarl|Thunder Wave|p1b: Slaking
|-status|p1b: Slaking|par
|
|upkeep
|turn|3
|inactive|pezelly_313 has 30 seconds left.
|inactive|pezelly_313 has 20 seconds left.
|
|t:|1750861004
|move|p2b: Miraidon|Electro Drift|p1a: Weezing
|-damage|p1a: Weezing|14/100
|move|p1a: Weezing|Explosion|p2a: Grimmsnarl|[spread] p1b,p2a,p2b
|-damage|p1b: Slaking|65/100 par
|-damage|p2a: Grimmsnarl|75/100
|-damage|p2b: Miraidon|8/100
|faint|p1a: Weezing
|-end|p1a: Weezing|ability: Neutralizing Gas
|-fieldstart|move: Electric Terrain|[from] ability: Hadron Engine|[of] p2b: Miraidon
|move|p2a: Grimmsnarl|Thunder Wave|p1b: Slaking
|-fail|p1b: Slaking|par
|move|p1b: Slaking|Drain Punch|p2a: Grimmsnarl
|-damage|p2a: Grimmsnarl|40/100
|-heal|p1b: Slaking|79/100 par|[from] drain|[of] p2a: Grimmsnarl
|
|upkeep
|
|t:|1750861023
|switch|p1a: Archaludon|Archaludon, L50, F|100/100
|turn|4
|
|t:|1750861040
|switch|p1b: Kyogre|Kyogre, L50|100/100
|-weather|RainDance|[from] ability: Drizzle|[of] p1b: Kyogre
|move|p2b: Miraidon|Electro Drift|p1b: Kyogre
|-supereffective|p1b: Kyogre
|-damage|p1b: Kyogre|0 fnt
|faint|p1b: Kyogre
|move|p1a: Archaludon|Electro Shot||[still]
|-prepare|p1a: Archaludon|Electro Shot
|-boost|p1a: Archaludon|spa|1
|-anim|p1a: Archaludon|Electro Shot|p2a: Grimmsnarl
|-damage|p2a: Grimmsnarl|0 fnt
|faint|p2a: Grimmsnarl
|
|-weather|RainDance|[upkeep]
|upkeep
|inactive|Penner103 has 30 seconds left.
|inactive|Penner103 has 20 seconds left.
|inactive|Penner103 has 15 seconds left.
|inactive|Penner103 has 10 seconds left.
|inactive|Penner103 has 5 seconds left.
|
|t:|1750861095
|switch|p1b: Slaking|Slaking, L50, F|79/100 par
|switch|p2a: Urshifu|Urshifu-Rapid-Strike, L50, F|100/100
|turn|5
|inactive|pezelly_313 has 30 seconds left.
|inactive|Penner103 has 30 seconds left.
|inactive|pezelly_313 has 20 seconds left.
|inactive|Penner103 has 20 seconds left.
|
|t:|1750861133
|-terastallize|p1b: Slaking|Normal
|move|p2b: Miraidon|Electro Drift|p1b: Slaking
|-damage|p1b: Slaking|0 fnt
|faint|p1b: Slaking
|move|p1a: Archaludon|Draco Meteor|p2a: Urshifu
|-damage|p2a: Urshifu|0 fnt
|-unboost|p1a: Archaludon|spa|2
|faint|p2a: Urshifu
|
|-weather|RainDance|[upkeep]
|upkeep
|inactive|Penner103 has 30 seconds left.
|
|t:|1750861165
|switch|p2a: Lunala|Lunala, L50|100/100
|-enditem|p2a: Lunala|Electric Seed
|-boost|p2a: Lunala|def|1|[from] item: Electric Seed
|turn|6
|
|t:|1750861176
|move|p2b: Miraidon|Draco Meteor|p1a: Archaludon
|-damage|p1a: Archaludon|8/100
|-unboost|p2b: Miraidon|spa|2
|-ability|p1a: Archaludon|Stamina|boost
|-boost|p1a: Archaludon|def|1
|move|p1a: Archaludon|Electro Shot||[still]
|-prepare|p1a: Archaludon|Electro Shot
|-boost|p1a: Archaludon|spa|1
|-anim|p1a: Archaludon|Electro Shot|p2b: Miraidon
|-resisted|p2b: Miraidon
|-damage|p2b: Miraidon|0 fnt
|faint|p2b: Miraidon
|move|p2a: Lunala|Moonblast|p1a: Archaludon
|-damage|p1a: Archaludon|0 fnt
|faint|p1a: Archaludon
|
|win|Penner103
|raw|pezelly_313's rating: 1079 &rarr; <strong>1058</strong><br />(-21 for losing)
|raw|Penner103's rating: 1086 &rarr; <strong>1113</strong><br />(+27 for winning)
|l|☆pezelly_313
|player|p1|
|l|☆Penner103
|player|p2|
