|j|☆eevee887
|j|☆0Phoxy
|t:|1750772114
|gametype|doubles
|player|p1|eevee887|n|1092
|player|p2|0Phoxy|pryce|1085
|teamsize|p1|6
|teamsize|p2|6
|gen|9
|tier|[Gen 9] VGC 2025 Reg I
|rated|
|rule|Species Clause: Limit one of each Pokémon
|rule|Item Clause: Limit 1 of each item
|clearpoke
|poke|p1|Lunala, L50|
|poke|p1|Calyrex-Ice, L50|
|poke|p1|Talonflame, L50, M|
|poke|p1|Dragapult, L50, M|
|poke|p1|Ogerpon-Cornerstone, L50, F|
|poke|p1|Jolteon, L50, M|
|poke|p2|Calyrex-Ice, L50|
|poke|p2|Articuno, L50|
|poke|p2|Cresselia, L50, F|
|poke|p2|Ninetales-Alola, L50, M|
|poke|p2|Gothitelle, L50, F|
|poke|p2|Necrozma-Dusk-Mane, L50|
|teampreview|4
0Phoxy has agreed to open team sheets.
|inactive|Battle timer is ON: inactive players will automatically lose when time's up. (requested by 0Phoxy)
eevee887 has agreed to open team sheets.
|showteam|p1|Lunala||PowerHerb|ShadowShield|MoongeistBeam,WideGuard,TrickRoom,MeteorBeam||||||50|,,,,,Fairy]Calyrex-Ice||ClearAmulet|AsOneGlastrier|GlacialLance,HighHorsepower,TrickRoom,Protect||||||50|,,,,,Ground]Talonflame||Leftovers|GaleWings|BraveBird,FlareBlitz,Protect,Tailwind|||M|||50|,,,,,Flying]Dragapult||SafetyGoggles|Infiltrator|DragonDarts,Uturn,PhantomForce,Protect|||M|||50|,,,,,Dragon]Ogerpon-Cornerstone||CornerstoneMask|Sturdy|IvyCudgel,FollowMe,SpikyShield,PlayRough|||F|||50|,,,,,Rock]Jolteon||FocusSash|QuickFeet|Thunderbolt,VoltSwitch,HyperVoice,Protect|||M|||50|,,,,,Normal
|showteam|p2|Calyrex-Ice||ClearAmulet|AsOneGlastrier|GlacialLance,HighHorsepower,TrickRoom,Protect||||||50|,,,,,Ghost]Articuno||BrightPowder|SnowCloak|Blizzard,FreezeDry,AirSlash,Protect||||||50|,,,,,Ice]Cresselia||SafetyGoggles|Levitate|TrickRoom,HelpingHand,LunarBlessing,IceBeam|||F|||50|,,,,,Psychic]Ninetales-Alola||LightClay|SnowWarning|AuroraVeil,FreezeDry,Encore,Protect|||M|||50|,,,,,Ghost]Gothitelle||MentalHerb|ShadowTag|FakeOut,TrickRoom,Psychic,Protect|||F|||50|,,,,,Psychic]Necrozma-Dusk-Mane||WeaknessPolicy|PrismArmor|SunsteelStrike,Earthquake,TrickRoom,Protect||||||50|,,,,,Psychic
|inactive|eevee887 has 60 seconds left.
|inactive|0Phoxy has 60 seconds left.
|inactive|eevee887 has 30 seconds left.
|
|t:|1750772192
|start
|switch|p1a: bood moon|Lunala, L50, shiny|100/100
|switch|p1b: Calyrex|Calyrex-Ice, L50|100/100
|switch|p2a: Calyrex|Calyrex-Ice, L50|100/100
|switch|p2b: Gothitelle|Gothitelle, L50, F|100/100
|-ability|p2a: Calyrex|As One
|-ability|p2a: Calyrex|Unnerve
|-ability|p1b: Calyrex|As One
|-ability|p1b: Calyrex|Unnerve
|turn|1
|inactive|eevee887 has 30 seconds left.
|
|t:|1750772219
|move|p1b: Calyrex|Protect|p1b: Calyrex
|-singleturn|p1b: Calyrex|Protect
|move|p1a: bood moon|Wide Guard|p1a: bood moon
|-singleturn|p1a: bood moon|Wide Guard
|move|p2b: Gothitelle|Fake Out|p1b: Calyrex
|-activate|p1b: Calyrex|move: Protect
|move|p2a: Calyrex|Trick Room|p2a: Calyrex
|-fieldstart|move: Trick Room|[of] p2a: Calyrex
|
|upkeep
|turn|2
|
|t:|1750772233
|switch|p2b: Alolan Ninetales|Ninetales-Alola, L50, M|100/100
|-weather|Snowscape|[from] ability: Snow Warning|[of] p2b: Alolan Ninetales
|move|p1b: Calyrex|Glacial Lance|p2b: Alolan Ninetales|[spread] p2a,p2b
|-resisted|p2a: Calyrex
|-resisted|p2b: Alolan Ninetales
|-damage|p2a: Calyrex|89/100
|-damage|p2b: Alolan Ninetales|78/100
|move|p2a: Calyrex|Glacial Lance|p1b: Calyrex|[spread] p1a,p1b
|-resisted|p1b: Calyrex
|-damage|p1a: bood moon|79/100
|-damage|p1b: Calyrex|85/100
|move|p1a: bood moon|Moongeist Beam|p2b: Alolan Ninetales
|-damage|p2b: Alolan Ninetales|26/100
|
|-weather|Snowscape|[upkeep]
|upkeep
|turn|3
|inactive|eevee887 has 30 seconds left.
|
|t:|1750772259
|move|p1a: bood moon|Wide Guard|p1a: bood moon
|-singleturn|p1a: bood moon|Wide Guard
|move|p1b: Calyrex|Glacial Lance|p2b: Alolan Ninetales|[spread] p2a,p2b
|-resisted|p2a: Calyrex
|-resisted|p2b: Alolan Ninetales
|-damage|p2a: Calyrex|78/100
|-damage|p2b: Alolan Ninetales|3/100
|move|p2a: Calyrex|Glacial Lance|p1b: Calyrex|[spread] 
|-activate|p1a: bood moon|move: Wide Guard
|-activate|p1b: Calyrex|move: Wide Guard
|move|p2b: Alolan Ninetales|Aurora Veil|p2b: Alolan Ninetales
|-sidestart|p2: 0Phoxy|move: Aurora Veil
|
|-weather|Snowscape|[upkeep]
|upkeep
|turn|4
|
|t:|1750772278
|switch|p2b: Necrozma|Necrozma-Dusk-Mane, L50|100/100
|move|p1b: Calyrex|Glacial Lance|p2b: Necrozma|[spread] p2a,p2b
|-resisted|p2a: Calyrex
|-resisted|p2b: Necrozma
|-damage|p2a: Calyrex|71/100
|-damage|p2b: Necrozma|88/100
|move|p2a: Calyrex|High Horsepower|p1a: bood moon
|-damage|p1a: bood moon|48/100
|move|p1a: bood moon|Moongeist Beam|p2a: Calyrex
|-supereffective|p2a: Calyrex
|-damage|p2a: Calyrex|18/100
|
|-weather|Snowscape|[upkeep]
|upkeep
|turn|5
|inactive|eevee887 has 30 seconds left.
|
|t:|1750772309
|move|p1b: Calyrex|Protect|p1b: Calyrex
|-singleturn|p1b: Calyrex|Protect
|move|p2a: Calyrex|Protect|p2a: Calyrex
|-singleturn|p2a: Calyrex|Protect
|move|p2b: Necrozma|Sunsteel Strike|p1b: Calyrex
|-activate|p1b: Calyrex|move: Protect
|move|p1a: bood moon|Meteor Beam||[still]
|-prepare|p1a: bood moon|Meteor Beam
|-boost|p1a: bood moon|spa|1
|-enditem|p1a: bood moon|Power Herb
|-anim|p1a: bood moon|Meteor Beam|p2b: Necrozma
|-resisted|p2b: Necrozma
|-damage|p2b: Necrozma|69/100
|
|-weather|Snowscape|[upkeep]
|-fieldend|move: Trick Room
|upkeep
|turn|6
|inactive|eevee887 has 30 seconds left.
|
|t:|1750772339
|move|p1a: bood moon|Moongeist Beam|p2b: Necrozma
|-supereffective|p2b: Necrozma
|-damage|p2b: Necrozma|0 fnt
|faint|p2b: Necrozma
|move|p2a: Calyrex|Glacial Lance|p1b: Calyrex|[spread] p1a,p1b
|-resisted|p1b: Calyrex
|-damage|p1a: bood moon|5/100
|-damage|p1b: Calyrex|72/100
|move|p1b: Calyrex|High Horsepower|p2a: Calyrex
|-damage|p2a: Calyrex|8/100
|
|-weather|none
|upkeep
|-message|0Phoxy forfeited.
|
|win|eevee887
|raw|eevee887's rating: 1092 &rarr; <strong>1118</strong><br />(+26 for winning)
|raw|0Phoxy's rating: 1085 &rarr; <strong>1063</strong><br />(-22 for losing)
|l|☆0Phoxy
|player|p2|
|l|☆eevee887
|player|p1|
