|j|☆Prismaticalone
|j|☆WorstGen2
|t:|1750711595
|gametype|doubles
|player|p1|Prismaticalone|iris-gen5bw2|1102
|player|p2|WorstGen2|volkner|1107
|teamsize|p1|6
|teamsize|p2|6
|gen|9
|tier|[Gen 9] VGC 2025 Reg I
|rated|
|rule|Species Clause: Limit one of each Pokémon
|rule|Item Clause: Limit 1 of each item
|clearpoke
|poke|p1|Miraidon, L50|
|poke|p1|Incineroar, L50, M|
|poke|p1|Lunala, L50|
|poke|p1|Urshifu-*, L50, M|
|poke|p1|Grimmsnarl, L50, M|
|poke|p1|Ursaluna, L50, M|
|poke|p2|Delphox, L50, F|
|poke|p2|Indeedee-F, L50, F|
|poke|p2|Groudon, L50|
|poke|p2|Lilligant-Hisui, L50, F|
|poke|p2|Wyrdeer, L50, F|
|poke|p2|Gastrodon, L50, F|
|teampreview|4
|inactive|Battle timer is ON: inactive players will automatically lose when time's up. (requested by WorstGen2)
|inactive|Prismaticalone has 60 seconds left.
|inactive|Prismaticalone has 30 seconds left.
|inactive|Prismaticalone has 20 seconds left.
|inactive|Prismaticalone has 15 seconds left.
|inactive|Prismaticalone has 10 seconds left.
|inactive|Prismaticalone has 5 seconds left.
|
|t:|1750711744
|start
|switch|p1a: Miraidon|Miraidon, L50|100/100
|switch|p1b: Incineroar|Incineroar, L50, M|100/100
|switch|p2a: Delphox|Delphox, L50, F, shiny|100/100
|switch|p2b: Indeedee|Indeedee-F, L50, F|100/100
|-fieldstart|move: Electric Terrain|[from] ability: Hadron Engine|[of] p1a: Miraidon
|-fieldstart|move: Psychic Terrain|[from] ability: Psychic Surge|[of] p2b: Indeedee
|-ability|p1b: Incineroar|Intimidate|boost
|-unboost|p2a: Delphox|atk|1
|-unboost|p2b: Indeedee|atk|1
|turn|1
|inactive|Prismaticalone has 30 seconds left.
|inactive|WorstGen2 has 30 seconds left.
|inactive|Prismaticalone has 20 seconds left.
|inactive|WorstGen2 has 20 seconds left.
|inactive|Prismaticalone has 15 seconds left.
|inactive|WorstGen2 has 15 seconds left.
|inactive|Prismaticalone has 10 seconds left.
|inactive|Prismaticalone has 5 seconds left.
|
|t:|1750711799
|move|p1b: Incineroar|Fake Out|p2b: Indeedee
|-activate|p2b: Indeedee|move: Psychic Terrain
|move|p2b: Indeedee|Follow Me|p2b: Indeedee
|-singleturn|p2b: Indeedee|move: Follow Me
|move|p2a: Delphox|Expanding Force|p1b: Incineroar|[spread] p1a
|-immune|p1b: Incineroar
|-damage|p1a: Miraidon|45/100
|move|p1a: Miraidon|Electro Drift|p2b: Indeedee
|-damage|p2b: Indeedee|17/100
|
|upkeep
|turn|2
|inactive|Prismaticalone has 30 seconds left.
|inactive|Prismaticalone has 20 seconds left.
|inactive|Prismaticalone has 15 seconds left.
|inactive|Prismaticalone has 10 seconds left.
|inactive|Prismaticalone has 5 seconds left.
|
|t:|1750711854
|move|p2b: Indeedee|Protect|p2b: Indeedee
|-singleturn|p2b: Indeedee|Protect
|move|p1b: Incineroar|Fake Out||[still]
|-hint|Fake Out only works on your first turn out.
|-fail|p1b: Incineroar
|move|p2a: Delphox|Expanding Force|p1a: Miraidon|[spread] p1a
|-immune|p1b: Incineroar
|-damage|p1a: Miraidon|0 fnt
|faint|p1a: Miraidon
|
|upkeep
|inactive|Prismaticalone has 30 seconds left.
|
|t:|1750711881
|switch|p1a: Lunala|Lunala, L50|100/100
|turn|3
|c|☆Prismaticalone|bruh
|c|☆Prismaticalone|i forgot i was playing
|c|☆Prismaticalone|mb
|
|t:|1750711902
|switch|p2a: Groudon|Groudon, L50|100/100
|-weather|SunnyDay|[from] ability: Drought|[of] p2a: Groudon
|switch|p2b: Wyrdeer|Wyrdeer, L50, F|100/100
|move|p1a: Lunala|Wide Guard|p1a: Lunala
|-singleturn|p1a: Lunala|Wide Guard
|move|p1b: Incineroar|Knock Off|p2a: Groudon
|-damage|p2a: Groudon|70/100
|-enditem|p2a: Groudon|Heat Rock|[from] move: Knock Off|[of] p1b: Incineroar
|
|-weather|SunnyDay|[upkeep]
|upkeep
|turn|4
|inactive|WorstGen2 has 30 seconds left.
|
|t:|1750711931
|move|p1a: Lunala|Moongeist Beam|p2b: Wyrdeer
|-immune|p2b: Wyrdeer
|move|p2a: Groudon|Precipice Blades|p1b: Incineroar|[spread] p1b
|-miss|p2a: Groudon|p1a: Lunala
|-supereffective|p1b: Incineroar
|-damage|p1b: Incineroar|9/100
|move|p2b: Wyrdeer|Lunge|p1a: Lunala
|-damage|p1a: Lunala|89/100
|-unboost|p1a: Lunala|atk|1
|move|p1b: Incineroar|Parting Shot|p2a: Groudon
|-unboost|p2a: Groudon|atk|1
|-unboost|p2a: Groudon|spa|1
|
|t:|1750711945
|switch|p1b: Urshifu|Urshifu-Rapid-Strike, L50, M|100/100|[from] Parting Shot
|
|-weather|SunnyDay|[upkeep]
|upkeep
|turn|5
|
|t:|1750711959
|move|p1b: Urshifu|Surging Strikes|p2a: Groudon
|-supereffective|p2a: Groudon
|-crit|p2a: Groudon
|-damage|p2a: Groudon|58/100
|-supereffective|p2a: Groudon
|-crit|p2a: Groudon
|-damage|p2a: Groudon|47/100
|-supereffective|p2a: Groudon
|-crit|p2a: Groudon
|-damage|p2a: Groudon|33/100
|-hitcount|p2a: Groudon|3
|move|p1a: Lunala|Meteor Beam||[still]
|-prepare|p1a: Lunala|Meteor Beam
|-boost|p1a: Lunala|spa|1
|-enditem|p1a: Lunala|Power Herb
|-anim|p1a: Lunala|Meteor Beam|p2b: Wyrdeer
|-damage|p2b: Wyrdeer|20/100
|-enditem|p2b: Wyrdeer|Sitrus Berry|[eat]
|-heal|p2b: Wyrdeer|44/100|[from] item: Sitrus Berry
|move|p2a: Groudon|Precipice Blades|p1a: Lunala|[spread] p1a,p1b
|-damage|p1a: Lunala|62/100
|-damage|p1b: Urshifu|73/100
|move|p2b: Wyrdeer|Reflect|p2b: Wyrdeer
|-sidestart|p2: WorstGen2|Reflect
|
|-weather|SunnyDay|[upkeep]
|-fieldend|move: Psychic Terrain
|upkeep
|turn|6
|inactive|Prismaticalone has 30 seconds left.
|inactive|WorstGen2 has 30 seconds left.
|inactive|WorstGen2 has 20 seconds left.
|inactive|WorstGen2 has 15 seconds left.
|
|t:|1750712001
|switch|p2a: Indeedee|Indeedee-F, L50, F|17/100
|-fieldstart|move: Psychic Terrain|[from] ability: Psychic Surge|[of] p2a: Indeedee
|switch|p2b: Delphox|Delphox, L50, F, shiny|100/100
|-terastallize|p1a: Lunala|Fairy
|move|p1b: Urshifu|Surging Strikes|p2a: Indeedee
|-crit|p2a: Indeedee
|-damage|p2a: Indeedee|4/100
|-crit|p2a: Indeedee
|-damage|p2a: Indeedee|0 fnt
|faint|p2a: Indeedee
|-hitcount|p2: Indeedee|2
|move|p1a: Lunala|Moonblast|p2b: Delphox
|-resisted|p2b: Delphox
|-damage|p2b: Delphox|50/100
|-unboost|p2b: Delphox|spa|1
|
|-weather|SunnyDay|[upkeep]
|upkeep
|
|t:|1750712025
|switch|p2a: Wyrdeer|Wyrdeer, L50, F|44/100
|turn|7
|
|t:|1750712039
|move|p2b: Delphox|Heat Wave|p1a: Lunala|[spread] p1a,p1b
|-resisted|p1b: Urshifu
|-damage|p1a: Lunala|35/100
|-damage|p1b: Urshifu|44/100
|move|p1b: Urshifu|Surging Strikes|p2b: Delphox
|-supereffective|p2b: Delphox
|-crit|p2b: Delphox
|-damage|p2b: Delphox|18/100
|-supereffective|p2b: Delphox
|-crit|p2b: Delphox
|-damage|p2b: Delphox|0 fnt
|faint|p2b: Delphox
|-hitcount|p2: Delphox|2
|move|p1a: Lunala|Moongeist Beam|p2a: Wyrdeer
|-immune|p2a: Wyrdeer
|move|p2a: Wyrdeer|Psyshield Bash|p1b: Urshifu
|-supereffective|p1b: Urshifu
|-damage|p1b: Urshifu|0 fnt
|-boost|p2a: Wyrdeer|def|1
|faint|p1b: Urshifu
|
|-weather|SunnyDay|[upkeep]
|upkeep
|
|t:|1750712060
|switch|p2b: Groudon|Groudon, L50|33/100
|switch|p1b: Incineroar|Incineroar, L50, M|9/100
|-ability|p1b: Incineroar|Intimidate|boost
|-unboost|p2a: Wyrdeer|atk|1
|-unboost|p2b: Groudon|atk|1
|turn|8
|inactive|WorstGen2 has 30 seconds left.
|
|t:|1750712089
|-terastallize|p2b: Groudon|Fire
|move|p1a: Lunala|Moongeist Beam|p2b: Groudon
|-damage|p2b: Groudon|0 fnt
|faint|p2b: Groudon
|move|p2a: Wyrdeer|Lunge|p1b: Incineroar
|-damage|p1b: Incineroar|0 fnt
|-damage|p2a: Wyrdeer|28/100|[from] item: Rocky Helmet|[of] p1b: Incineroar
|faint|p1b: Incineroar
|
|-weather|SunnyDay|[upkeep]
|upkeep
|turn|9
|
|t:|1750712108
|move|p1a: Lunala|Moonblast|p2a: Wyrdeer
|-damage|p2a: Wyrdeer|0 fnt
|faint|p2a: Wyrdeer
|
|win|Prismaticalone
|raw|Prismaticalone's rating: 1102 &rarr; <strong>1127</strong><br />(+25 for winning)
|raw|WorstGen2's rating: 1107 &rarr; <strong>1082</strong><br />(-25 for losing)
|c|☆Prismaticalone|gg wp
|c|☆Prismaticalone|i was afk
|c|☆Prismaticalone|lol
|l|☆WorstGen2
|player|p2|
|l|☆Prismaticalone
|player|p1|
