|j|☆klanes1209
|j|☆jaffro1738
|t:|1750861306
|gametype|doubles
|player|p1|klanes1209|101|1181
|player|p2|jaffro1738|266|1218
|teamsize|p1|6
|teamsize|p2|6
|gen|9
|tier|[Gen 9] VGC 2025 Reg I
|rated|
|rule|Species Clause: Limit one of each Pokémon
|rule|Item Clause: Limit 1 of each item
|clearpoke
|poke|p1|Calyrex-Shadow, L50|
|poke|p1|Zamazenta-*, L50|
|poke|p1|Rillaboom, L50, F|
|poke|p1|Smeargle, L50, F|
|poke|p1|Whimsicott, L50, F|
|poke|p1|Chi-Yu, L50|
|poke|p2|Calyrex-Ice, L50|
|poke|p2|Regidrago, L50|
|poke|p2|Dusclops, L50, F|
|poke|p2|Oranguru, L50, M|
|poke|p2|Terapagos, L50, M|
|poke|p2|Chi-Yu, L50|
|teampreview|4
jaffro1738 rejected open team sheets.
|inactive|Battle timer is ON: inactive players will automatically lose when time's up. (requested by jaffro1738)
|inactive|klanes1209 has 60 seconds left.
|
|t:|1750861364
|start
|switch|p1a: Smeargle|Smeargle, L50, F|100/100
|switch|p1b: Zamazenta|Zamazenta-Crowned, L50|100/100
|switch|p2a: C|Chi-Yu, L50|100/100
|switch|p2b: O|Oranguru, L50, M|100/100
|-ability|p2a: C|Beads of Ruin
|-ability|p1b: Zamazenta|Dauntless Shield|boost
|-boost|p1b: Zamazenta|def|1
|turn|1
|inactive|klanes1209 has 30 seconds left.
|
|t:|1750861391
|move|p1a: Smeargle|Fake Out|p2a: C
|-damage|p2a: C|93/100
|cant|p2a: C|flinch
|move|p1b: Zamazenta|Body Press|p2b: O
|-damage|p2b: O|44/100
|move|p2b: O|Trick Room|p2b: O
|-fieldstart|move: Trick Room|[of] p2b: O
|
|-ability|p1a: Smeargle|Moody|boost
|-boost|p1a: Smeargle|spd|2
|-unboost|p1a: Smeargle|def|1
|upkeep
|turn|2
|
|t:|1750861407
|switch|p2a: CI|Calyrex-Ice, L50|100/100
|-ability|p2a: CI|As One
|-ability|p2a: CI|Unnerve
|move|p1b: Zamazenta|Protect|p1b: Zamazenta
|-singleturn|p1b: Zamazenta|Protect
|move|p2b: O|Encore|p1a: Smeargle
|-start|p1a: Smeargle|Encore
|move|p1a: Smeargle|Fake Out||[still]
|-hint|Fake Out only works on your first turn out.
|-fail|p1a: Smeargle
|
|-ability|p1a: Smeargle|Moody|boost
|-boost|p1a: Smeargle|spa|2
|-unboost|p1a: Smeargle|def|1
|upkeep
|turn|3
|
|t:|1750861428
|switch|p1a: Whimsicott|Whimsicott, L50, F|100/100
|move|p1b: Zamazenta|Wide Guard|p1b: Zamazenta
|-singleturn|p1b: Zamazenta|Wide Guard
|move|p2a: CI|Glacial Lance|p1b: Zamazenta|[spread] 
|-activate|p1a: Whimsicott|move: Wide Guard
|-activate|p1b: Zamazenta|move: Wide Guard
|move|p2b: O|Encore|p1b: Zamazenta
|-start|p1b: Zamazenta|Encore
|
|upkeep
|turn|4
|
|t:|1750861453
|-terastallize|p2b: O|Dark
|-terastallize|p1b: Zamazenta|Water
|move|p1b: Zamazenta|Wide Guard|p1b: Zamazenta
|-singleturn|p1b: Zamazenta|Wide Guard
|move|p1a: Whimsicott|Encore|p2b: O
|-hint|Since gen 7, Dark is immune to Prankster moves.
|-immune|p2b: O
|move|p2a: CI|Smart Strike|p1a: Whimsicott
|-supereffective|p1a: Whimsicott
|-damage|p1a: Whimsicott|41/100
|move|p2b: O|Instruct|p2a: CI
|-singleturn|p2a: CI|move: Instruct|[of] p2b: O
|move|p2a: CI|Smart Strike|p1a: Whimsicott
|-supereffective|p1a: Whimsicott
|-damage|p1a: Whimsicott|0 fnt
|faint|p1a: Whimsicott
|-ability|p2a: CI|Chilling Neigh|boost
|-boost|p2a: CI|atk|1
|
|upkeep
|
|t:|1750861477
|switch|p1a: Calyrex|Calyrex-Shadow, L50|100/100
|-ability|p1a: Calyrex|As One
|-ability|p1a: Calyrex|Unnerve
|turn|5
|
|t:|1750861493
|move|p1a: Calyrex|Protect|p1a: Calyrex
|-singleturn|p1a: Calyrex|Protect
|move|p1b: Zamazenta|Wide Guard|p1b: Zamazenta
|-singleturn|p1b: Zamazenta|Wide Guard
|move|p2a: CI|Crunch|p1a: Calyrex
|-activate|p1a: Calyrex|move: Protect
|move|p2b: O|Instruct|p2a: CI
|-singleturn|p2a: CI|move: Instruct|[of] p2b: O
|move|p2a: CI|Crunch|p1a: Calyrex
|-activate|p1a: Calyrex|move: Protect
|
|-fieldend|move: Trick Room
|upkeep
|turn|6
|inactive|klanes1209 has 30 seconds left.
|inactive|klanes1209 has 20 seconds left.
|inactive|klanes1209 has 15 seconds left.
|inactive|klanes1209 has 10 seconds left.
|inactive|klanes1209 has 5 seconds left.
|
|t:|1750861544
|switch|p1b: Smeargle|Smeargle, L50, F|100/100
|move|p1a: Calyrex|Astral Barrage|p2b: O|[spread] p2a,p2b
|-supereffective|p2a: CI
|-resisted|p2b: O
|-damage|p2a: CI|57/100
|-damage|p2b: O|21/100
|move|p2a: CI|Crunch|p1a: Calyrex
|-supereffective|p1a: Calyrex
|-damage|p1a: Calyrex|0 fnt
|faint|p1a: Calyrex
|-ability|p2a: CI|Chilling Neigh|boost
|-boost|p2a: CI|atk|1
|move|p2b: O|Trick Room|p2b: O
|-fieldstart|move: Trick Room|[of] p2b: O
|
|-ability|p1b: Smeargle|Moody|boost
|-boost|p1b: Smeargle|atk|2
|-unboost|p1b: Smeargle|spe|1
|upkeep
|-message|klanes1209 forfeited.
|
|win|jaffro1738
|raw|klanes1209's rating: 1181 &rarr; <strong>1159</strong><br />(-22 for losing)
|raw|jaffro1738's rating: 1218 &rarr; <strong>1240</strong><br />(+22 for winning)
