|j|☆ultrazzy
|j|☆skimpyrick
|t:|1750865460
|gametype|doubles
|player|p1|ultrazzy|lillie-masters2|1162
|player|p2|skimpyrick|170|1075
|teamsize|p1|6
|teamsize|p2|6
|gen|9
|tier|[Gen 9] VGC 2025 Reg I
|rated|
|rule|Species Clause: Limit one of each Pokémon
|rule|Item Clause: Limit 1 of each item
|clearpoke
|poke|p1|Kyurem-White, L50|
|poke|p1|Incineroar, L50, M|
|poke|p1|Urshifu-*, L50, M|
|poke|p1|Smeargle, L50, M|
|poke|p1|Farigiraf, L50, F|
|poke|p1|Zekrom, L50|
|poke|p2|Miraidon, L50|
|poke|p2|Pikachu, L50, M|
|poke|p2|Tornadus, L50, M|
|poke|p2|Urshifu-*, L50, F|
|poke|p2|Incineroar, L50, M|
|poke|p2|Zamazenta-*, L50|
|teampreview|4
ultrazzy rejected open team sheets.
|
|t:|1750865479
|start
|switch|p1a: Kyurem|Kyurem-White, L50, shiny|100/100
|switch|p1b: Farigiraf|Farigiraf, L50, F, shiny|100/100
|switch|p2a: Urshifu|Urshifu-Rapid-Strike, L50, F|100/100
|switch|p2b: Zamazenta|Zamazenta-Crowned, L50|100/100
|-ability|p2b: Zamazenta|Dauntless Shield|boost
|-boost|p2b: Zamazenta|def|1
|-ability|p1a: Kyurem|Turboblaze
|turn|1
|
|t:|1750865507
|-terastallize|p1a: Kyurem|Fire
|move|p2a: Urshifu|U-turn|p1b: Farigiraf
|-supereffective|p1b: Farigiraf
|-damage|p1b: Farigiraf|52/100
|
|t:|1750865511
|switch|p2a: Miraidon|Miraidon, L50|100/100|[from] U-turn
|-fieldstart|move: Electric Terrain|[from] ability: Hadron Engine|[of] p2a: Miraidon
|move|p2b: Zamazenta|Body Press|p1a: Kyurem
|-damage|p1a: Kyurem|37/100
|move|p1a: Kyurem|Freeze-Dry|p2a: Miraidon
|-supereffective|p2a: Miraidon
|-crit|p2a: Miraidon
|-damage|p2a: Miraidon|0 fnt
|faint|p2a: Miraidon
|-damage|p1a: Kyurem|28/100|[from] item: Life Orb
|move|p1b: Farigiraf|Trick Room|p1b: Farigiraf
|-fieldstart|move: Trick Room|[of] p1b: Farigiraf
|
|upkeep
|
|t:|1750865522
|switch|p2a: Pikachu|Pikachu, L50, M, shiny|100/100
|turn|2
|
|t:|1750865549
|move|p2b: Zamazenta|Protect|p2b: Zamazenta
|-singleturn|p2b: Zamazenta|Protect
|move|p1b: Farigiraf|Hyper Voice|p2b: Zamazenta|[spread] p2a
|-activate|p2b: Zamazenta|move: Protect
|-damage|p2a: Pikachu|16/100
|-enditem|p1b: Farigiraf|Throat Spray
|-boost|p1b: Farigiraf|spa|1|[from] item: Throat Spray
|move|p1a: Kyurem|Fusion Flare|p2b: Zamazenta
|-activate|p2b: Zamazenta|move: Protect
|move|p2a: Pikachu|Thunderbolt|p1a: Kyurem
|-damage|p1a: Kyurem|0 fnt
|faint|p1a: Kyurem
|
|upkeep
|
|t:|1750865577
|switch|p1a: Incineroar|Incineroar, L50, M, shiny|100/100
|-ability|p1a: Incineroar|Intimidate|boost
|-unboost|p2a: Pikachu|atk|1
|-unboost|p2b: Zamazenta|atk|1
|turn|3
|
|t:|1750865603
|move|p2a: Pikachu|Protect|p2a: Pikachu
|-singleturn|p2a: Pikachu|Protect
|move|p1a: Incineroar|Fake Out|p2b: Zamazenta
|-resisted|p2b: Zamazenta
|-damage|p2b: Zamazenta|98/100
|move|p1b: Farigiraf|Hyper Voice|p2b: Zamazenta|[spread] p2b
|-activate|p2a: Pikachu|move: Protect
|-resisted|p2b: Zamazenta
|-damage|p2b: Zamazenta|82/100
|cant|p2b: Zamazenta|flinch
|
|upkeep
|turn|4
|
|t:|1750865630
|move|p2b: Zamazenta|Wide Guard|p2b: Zamazenta
|-singleturn|p2b: Zamazenta|Wide Guard
|move|p1b: Farigiraf|Hyper Voice|p2a: Pikachu|[spread] 
|-activate|p2a: Pikachu|move: Wide Guard
|-activate|p2b: Zamazenta|move: Wide Guard
|move|p1a: Incineroar|U-turn|p2a: Pikachu
|-damage|p2a: Pikachu|0 fnt
|faint|p2a: Pikachu
|
|t:|1750865641
|switch|p1a: Zekrom|Zekrom, L50, shiny|100/100|[from] U-turn
|-ability|p1a: Zekrom|Teravolt
|
|upkeep
|
|t:|1750865644
|switch|p2a: Urshifu|Urshifu-Rapid-Strike, L50, F|100/100
|turn|5
|
|t:|1750865675
|move|p1b: Farigiraf|Psychic|p2b: Zamazenta
|-damage|p2b: Zamazenta|31/100
|move|p1a: Zekrom|Fusion Bolt|p2a: Urshifu
|-supereffective|p2a: Urshifu
|-damage|p2a: Urshifu|0 fnt
|faint|p2a: Urshifu
|move|p2b: Zamazenta|Body Press|p1a: Zekrom
|-damage|p1a: Zekrom|40/100
|
|-fieldend|move: Trick Room
|-fieldend|move: Electric Terrain
|upkeep
|turn|6
|inactive|Battle timer is ON: inactive players will automatically lose when time's up. (requested by ultrazzy)
|
|t:|1750865693
|move|p2b: Zamazenta|Body Press|p1b: Farigiraf
|-damage|p1b: Farigiraf|0 fnt
|faint|p1b: Farigiraf
|move|p1a: Zekrom|Fusion Bolt|p2b: Zamazenta
|-damage|p2b: Zamazenta|8/100
|
|upkeep
|
|t:|1750865700
|switch|p1b: Incineroar|Incineroar, L50, M, shiny|100/100
|-ability|p1b: Incineroar|Intimidate|boost
|-unboost|p2b: Zamazenta|atk|1
|turn|7
|
|t:|1750865705
|move|p2b: Zamazenta|Protect|p2b: Zamazenta
|-singleturn|p2b: Zamazenta|Protect
|move|p1b: Incineroar|Fake Out|p2b: Zamazenta
|-activate|p2b: Zamazenta|move: Protect
|move|p1a: Zekrom|Fusion Bolt|p2b: Zamazenta
|-activate|p2b: Zamazenta|move: Protect
|
|upkeep
|turn|8
|
|t:|1750865717
|move|p2b: Zamazenta|Body Press|p1a: Zekrom
|-damage|p1a: Zekrom|0 fnt
|faint|p1a: Zekrom
|move|p1b: Incineroar|Flare Blitz|p2b: Zamazenta
|-supereffective|p2b: Zamazenta
|-damage|p2b: Zamazenta|0 fnt
|faint|p2b: Zamazenta
|-damage|p1b: Incineroar|98/100|[from] Recoil
|
|win|ultrazzy
|raw|ultrazzy's rating: 1162 &rarr; <strong>1181</strong><br />(+19 for winning)
|raw|skimpyrick's rating: 1075 &rarr; <strong>1059</strong><br />(-16 for losing)
|l|☆skimpyrick
|player|p2|
|l|☆ultrazzy
|player|p1|
