|j|☆vernon1059
|j|☆Anyashu
|t:|1750728772
|gametype|doubles
|player|p1|vernon1059|pryce|1180
|player|p2|Anyashu|265|1162
|teamsize|p1|6
|teamsize|p2|6
|gen|9
|tier|[Gen 9] VGC 2025 Reg I
|rated|
|rule|Species Clause: Limit one of each Pokémon
|rule|Item Clause: Limit 1 of each item
|clearpoke
|poke|p1|Kyogre, L50|
|poke|p1|Slowking, L50, M|
|poke|p1|Lapras, L50, F|
|poke|p1|Palkia, L50|
|poke|p1|Veluza, L50, M|
|poke|p1|Quagsire, L50, M|
|poke|p2|Calyrex-Shadow, L50|
|poke|p2|Zamazenta-*, L50|
|poke|p2|Chi-Yu, L50|
|poke|p2|Landorus, L50, M|
|poke|p2|Whimsicott, L50, F|
|poke|p2|Iron Hands, L50|
|teampreview|4
|inactive|Battle timer is ON: inactive players will automatically lose when time's up. (requested by vernon1059)
vernon1059 rejected open team sheets.
|
|t:|1750728792
|start
|switch|p1a: Toto|Kyogre, L50, shiny|100/100
|switch|p1b: Macbeth|Slowking, L50, M, shiny|100/100
|switch|p2a: Iron Hands|Iron Hands, L50|100/100
|switch|p2b: Zamazenta|Zamazenta-Crowned, L50|100/100
|-ability|p2b: Zamazenta|Dauntless Shield|boost
|-boost|p2b: Zamazenta|def|1
|-weather|RainDance|[from] ability: Drizzle|[of] p1a: Toto
|turn|1
|inactive|Anyashu has 30 seconds left.
|
|t:|1750728819
|move|p1a: Toto|Protect|p1a: Toto
|-singleturn|p1a: Toto|Protect
|move|p2b: Zamazenta|Body Press|p1a: Toto
|-activate|p1a: Toto|move: Protect
|move|p2a: Iron Hands|Wild Charge|p1b: Macbeth
|-supereffective|p1b: Macbeth
|-enditem|p1b: Macbeth|Focus Sash
|-damage|p1b: Macbeth|1/100
|-damage|p2a: Iron Hands|80/100|[from] Recoil
|move|p1b: Macbeth|Trick Room|p1b: Macbeth
|-fieldstart|move: Trick Room|[of] p1b: Macbeth
|
|-weather|RainDance|[upkeep]
|upkeep
|turn|2
|inactive|vernon1059 has 30 seconds left.
|
|t:|1750728851
|-terastallize|p1a: Toto|Ground
|move|p1b: Macbeth|Psychic|p2a: Iron Hands
|-supereffective|p2a: Iron Hands
|-damage|p2a: Iron Hands|39/100
|move|p2a: Iron Hands|Wild Charge|p1a: Toto
|-immune|p1a: Toto
|move|p1a: Toto|Thunder|p2b: Zamazenta
|-damage|p2b: Zamazenta|70/100
|move|p2b: Zamazenta|Body Press|p1a: Toto
|-damage|p1a: Toto|23/100
|
|-weather|RainDance|[upkeep]
|upkeep
|turn|3
|
|t:|1750728876
|move|p2b: Zamazenta|Protect|p2b: Zamazenta
|-singleturn|p2b: Zamazenta|Protect
|move|p1b: Macbeth|Psychic|p2a: Iron Hands
|-supereffective|p2a: Iron Hands
|-damage|p2a: Iron Hands|0 fnt
|faint|p2a: Iron Hands
|-end|p2a: Iron Hands|Quark Drive|[silent]
|move|p1a: Toto|Ice Beam|p2b: Zamazenta
|-activate|p2b: Zamazenta|move: Protect
|
|-weather|RainDance|[upkeep]
|upkeep
|
|t:|1750728884
|switch|p2a: Calyrex|Calyrex-Shadow, L50|100/100
|-ability|p2a: Calyrex|As One
|-ability|p2a: Calyrex|Unnerve
|turn|4
|
|t:|1750728900
|move|p1a: Toto|Protect|p1a: Toto
|-singleturn|p1a: Toto|Protect
|move|p2a: Calyrex|Protect|p2a: Calyrex
|-singleturn|p2a: Calyrex|Protect
|move|p1b: Macbeth|Psychic|p2b: Zamazenta
|-damage|p2b: Zamazenta|38/100
|move|p2b: Zamazenta|Body Press|p1a: Toto
|-activate|p1a: Toto|move: Protect
|
|-weather|RainDance|[upkeep]
|upkeep
|turn|5
|
|t:|1750728915
|move|p2b: Zamazenta|Wide Guard|p2b: Zamazenta
|-singleturn|p2b: Zamazenta|Wide Guard
|move|p1b: Macbeth|Psychic|p2b: Zamazenta
|-damage|p2b: Zamazenta|10/100
|move|p1a: Toto|Thunder|p2b: Zamazenta
|-damage|p2b: Zamazenta|0 fnt
|faint|p2b: Zamazenta
|move|p2a: Calyrex|Astral Barrage|p1a: Toto|[spread] p1a,p1b
|-supereffective|p1b: Macbeth
|-damage|p1a: Toto|0 fnt
|-damage|p1b: Macbeth|0 fnt
|faint|p1a: Toto
|faint|p1b: Macbeth
|-ability|p2a: Calyrex|Grim Neigh|boost
|-boost|p2a: Calyrex|spa|2
|
|-weather|RainDance|[upkeep]
|-fieldend|move: Trick Room
|upkeep
|
|t:|1750728935
|switch|p2b: Whimsicott|Whimsicott, L50, F|100/100
|switch|p1a: Laputa|Lapras, L50, F, shiny|100/100
|switch|p1b: Neyo|Veluza, L50, M|100/100
|turn|6
|
|t:|1750728951
|-terastallize|p2a: Calyrex|Ghost
|move|p2b: Whimsicott|Tailwind|p2b: Whimsicott
|-sidestart|p2: Anyashu|move: Tailwind
|move|p2a: Calyrex|Astral Barrage|p1b: Neyo|[spread] p1a,p1b
|-supereffective|p1b: Neyo
|-damage|p1a: Laputa|0 fnt
|-damage|p1b: Neyo|0 fnt
|faint|p1a: Laputa
|faint|p1b: Neyo
|
|win|Anyashu
|raw|vernon1059's rating: 1180 &rarr; <strong>1154</strong><br />(-26 for losing)
|raw|Anyashu's rating: 1162 &rarr; <strong>1188</strong><br />(+26 for winning)
|l|☆Anyashu
|player|p2|
