|j|☆BotWFan15
|j|☆ness#1glazer
|t:|1750796983
|gametype|doubles
|player|p1|BotWFan15|265|1108
|player|p2|ness#1glazer|n|1211
|teamsize|p1|6
|teamsize|p2|6
|gen|9
|tier|[Gen 9] VGC 2025 Reg I
|rated|
|rule|Species Clause: Limit one of each Pokémon
|rule|Item Clause: Limit 1 of each item
|clearpoke
|poke|p1|Koraidon, L50|
|poke|p1|Lilligant, L50, F|
|poke|p1|Walking Wake, L50|
|poke|p1|Rillaboom, L50, M|
|poke|p1|Calyrex-Shadow, L50|
|poke|p1|Kingambit, L50, M|
|poke|p2|Rillaboom, L50, F|
|poke|p2|Calyrex-Shadow, L50|
|poke|p2|Zamazenta-*, L50|
|poke|p2|Incineroar, L50, F|
|poke|p2|Raging Bolt, L50|
|poke|p2|Indeedee-F, L50, F|
|teampreview|4
ness#1glazer rejected open team sheets.
|inactive|Battle timer is ON: inactive players will automatically lose when time's up. (requested by ness#1glazer)
|
|t:|1750797047
|start
|switch|p1a: Walking Wake|Walking Wake, L50|100/100
|switch|p1b: Rillaboom|Rillaboom, L50, M|100/100
|switch|p2a: Calyrex|Calyrex-Shadow, L50|100/100
|switch|p2b: Indeedee|Indeedee-F, L50, F|100/100
|-ability|p2a: Calyrex|As One
|-ability|p2a: Calyrex|Unnerve
|-fieldstart|move: Psychic Terrain|[from] ability: Psychic Surge|[of] p2b: Indeedee
|-fieldstart|move: Grassy Terrain|[from] ability: Grassy Surge|[of] p1b: Rillaboom
|turn|1
|
|t:|1750797067
|-terastallize|p2b: Indeedee|Ghost
|move|p1a: Walking Wake|Protect|p1a: Walking Wake
|-singleturn|p1a: Walking Wake|Protect
|move|p1b: Rillaboom|Fake Out|p2b: Indeedee
|-immune|p2b: Indeedee
|move|p2b: Indeedee|Follow Me|p2b: Indeedee
|-singleturn|p2b: Indeedee|move: Follow Me
|move|p2a: Calyrex|Nasty Plot|p2a: Calyrex
|-boost|p2a: Calyrex|spa|2
|
|upkeep
|turn|2
|inactive|BotWFan15 has 30 seconds left.
|
|t:|1750797092
|move|p2b: Indeedee|Helping Hand|p2a: Calyrex
|-singleturn|p2a: Calyrex|Helping Hand|[of] p2b: Indeedee
|move|p1b: Rillaboom|Grassy Glide|p2a: Calyrex
|-damage|p2a: Calyrex|52/100
|move|p2a: Calyrex|Astral Barrage|p1b: Rillaboom|[spread] p1a,p1b
|-damage|p1a: Walking Wake|0 fnt
|-damage|p1b: Rillaboom|0 fnt
|faint|p1a: Walking Wake
|-end|p1a: Walking Wake|Protosynthesis|[silent]
|faint|p1b: Rillaboom
|-ability|p2a: Calyrex|Grim Neigh|boost
|-boost|p2a: Calyrex|spa|2
|
|-heal|p2a: Calyrex|58/100|[from] Grassy Terrain
|upkeep
|
|t:|1750797106
|switch|p1a: Koraidon|Koraidon, L50|100/100
|switch|p1b: Calyrex|Calyrex-Shadow, L50|100/100
|-ability|p1b: Calyrex|As One
|-ability|p1b: Calyrex|Unnerve
|-weather|SunnyDay|[from] ability: Orichalcum Pulse|[of] p1a: Koraidon
|-activate|p1a: Koraidon|Orichalcum Pulse|[source]
|turn|3
|
|t:|1750797127
|-terastallize|p1b: Calyrex|Dark
|move|p2b: Indeedee|Helping Hand|p2a: Calyrex
|-singleturn|p2a: Calyrex|Helping Hand|[of] p2b: Indeedee
|move|p1b: Calyrex|Astral Barrage|p2b: Indeedee|[spread] p2a,p2b
|-supereffective|p2a: Calyrex
|-supereffective|p2b: Indeedee
|-damage|p2a: Calyrex|0 fnt
|-damage|p2b: Indeedee|18/100
|faint|p2a: Calyrex
|-ability|p1b: Calyrex|Grim Neigh|boost
|-boost|p1b: Calyrex|spa|1
|move|p1a: Koraidon|Dragon Claw|p2b: Indeedee
|-damage|p2b: Indeedee|0 fnt
|faint|p2b: Indeedee
|
|-weather|SunnyDay|[upkeep]
|upkeep
|
|t:|1750797134
|switch|p2a: Raging Bolt|Raging Bolt, L50|100/100
|switch|p2b: Zamazenta|Zamazenta-Crowned, L50|100/100
|-ability|p2b: Zamazenta|Dauntless Shield|boost
|-boost|p2b: Zamazenta|def|1
|-activate|p2a: Raging Bolt|ability: Protosynthesis
|-start|p2a: Raging Bolt|protosynthesisspa
|turn|4
|
|t:|1750797153
|move|p2a: Raging Bolt|Protect|p2a: Raging Bolt
|-singleturn|p2a: Raging Bolt|Protect
|move|p1b: Calyrex|Astral Barrage|p2b: Zamazenta|[spread] p2b
|-activate|p2a: Raging Bolt|move: Protect
|-damage|p2b: Zamazenta|43/100
|move|p1a: Koraidon|Dragon Claw|p2a: Raging Bolt
|-activate|p2a: Raging Bolt|move: Protect
|move|p2b: Zamazenta|Body Press|p1b: Calyrex
|-supereffective|p1b: Calyrex
|-enditem|p1b: Calyrex|Focus Sash
|-damage|p1b: Calyrex|1/100
|
|-weather|SunnyDay|[upkeep]
|-heal|p1b: Calyrex|7/100|[from] Grassy Terrain
|-heal|p2b: Zamazenta|49/100|[from] Grassy Terrain
|upkeep
|turn|5
|
|t:|1750797172
|move|p2b: Zamazenta|Wide Guard|p2b: Zamazenta
|-singleturn|p2b: Zamazenta|Wide Guard
|move|p2a: Raging Bolt|Thunderclap|p1b: Calyrex
|-crit|p1b: Calyrex
|-damage|p1b: Calyrex|0 fnt
|faint|p1b: Calyrex
|move|p1a: Koraidon|Dragon Claw|p2a: Raging Bolt
|-supereffective|p2a: Raging Bolt
|-damage|p2a: Raging Bolt|2/100
|
|-weather|SunnyDay|[upkeep]
|-heal|p2b: Zamazenta|55/100|[from] Grassy Terrain
|-heal|p2a: Raging Bolt|8/100|[from] Grassy Terrain
|-fieldend|move: Grassy Terrain
|upkeep
|turn|6
|
|t:|1750797187
|move|p1a: Koraidon|Collision Course|p2b: Zamazenta
|-supereffective|p2b: Zamazenta
|-damage|p2b: Zamazenta|0 fnt
|faint|p2b: Zamazenta
|move|p2a: Raging Bolt|Dragon Pulse|p1a: Koraidon
|-supereffective|p1a: Koraidon
|-damage|p1a: Koraidon|0 fnt
|faint|p1a: Koraidon
|
|win|ness#1glazer
|raw|BotWFan15's rating: 1108 &rarr; <strong>1090</strong><br />(-18 for losing)
|raw|ness#1glazer's rating: 1211 &rarr; <strong>1229</strong><br />(+18 for winning)
