|j|☆mondayvgc
|j|☆Yaminohana
|t:|1750855315
|gametype|doubles
|player|p1|mondayvgc|169|1216
|player|p2|Yaminohana|cynthia-gen4|1219
|teamsize|p1|6
|teamsize|p2|6
|gen|9
|tier|[Gen 9] VGC 2025 Reg I
|rated|
|rule|Species Clause: Limit one of each Pokémon
|rule|Item Clause: Limit 1 of each item
|clearpoke
|poke|p1|Ursaluna-Bloodmoon, L50, M|
|poke|p1|Indeedee-F, L50, F|
|poke|p1|Iron Valiant, L50|
|poke|p1|Lunala, L50|
|poke|p1|Miraidon, L50|
|poke|p1|Goodra-Hisui, L50, M|
|poke|p2|Koraidon, L50|
|poke|p2|Zacian-*, L50|
|poke|p2|Incineroar, L50, F|
|poke|p2|Rillaboom, L50, F|
|poke|p2|Flutter Mane, L50|
|poke|p2|Iron Bundle, L50|
|teampreview|4
|
|t:|1750855331
|start
|switch|p1a: Lunala|Lunala, L50, shiny|100/100
|switch|p1b: Indeedee|Indeedee-F, L50, F|100/100
|switch|p2a: Koraidon|Koraidon, L50|100/100
|switch|p2b: Rillaboom|Rillaboom, L50, F|100/100
|-weather|SunnyDay|[from] ability: Orichalcum Pulse|[of] p2a: Koraidon
|-activate|p2a: Koraidon|Orichalcum Pulse|[source]
|-fieldstart|move: Grassy Terrain|[from] ability: Grassy Surge|[of] p2b: Rillaboom
|-fieldstart|move: Psychic Terrain|[from] ability: Psychic Surge|[of] p1b: Indeedee
|-enditem|p1b: Indeedee|Psychic Seed
|-boost|p1b: Indeedee|spd|1|[from] item: Psychic Seed
|turn|1
|
|t:|1750855358
|move|p2a: Koraidon|Protect|p2a: Koraidon
|-singleturn|p2a: Koraidon|Protect
|move|p1b: Indeedee|Follow Me|p1b: Indeedee
|-singleturn|p1b: Indeedee|move: Follow Me
|move|p2b: Rillaboom|U-turn|p1b: Indeedee
|-supereffective|p1b: Indeedee
|-damage|p1b: Indeedee|43/100
|
|t:|1750855367
|switch|p2b: Barenys|Flutter Mane, L50|100/100|[from] U-turn
|-activate|p2b: Barenys|ability: Protosynthesis
|-start|p2b: Barenys|protosynthesisspe
|move|p1a: Lunala|Trick Room|p1a: Lunala
|-fieldstart|move: Trick Room|[of] p1a: Lunala
|
|-weather|SunnyDay|[upkeep]
|upkeep
|turn|2
|
|t:|1750855390
|switch|p2a: Rillaboom|Rillaboom, L50, F|100/100
|-fieldstart|move: Grassy Terrain|[from] ability: Grassy Surge|[of] p2a: Rillaboom
|-end|p2b: Barenys|Protosynthesis|[silent]
|switch|p2b: Zacian|Zacian-Crowned, L50|100/100
|-ability|p2b: Zacian|Intrepid Sword|boost
|-boost|p2b: Zacian|atk|1
|move|p1b: Indeedee|Psychic|p2a: Rillaboom
|-damage|p2a: Rillaboom|80/100
|move|p1a: Lunala|Meteor Beam||[still]
|-prepare|p1a: Lunala|Meteor Beam
|-boost|p1a: Lunala|spa|1
|-enditem|p1a: Lunala|Power Herb
|-anim|p1a: Lunala|Meteor Beam|p2b: Zacian
|-resisted|p2b: Zacian
|-crit|p2b: Zacian
|-damage|p2b: Zacian|49/100
|
|-weather|SunnyDay|[upkeep]
|-heal|p1b: Indeedee|49/100|[from] Grassy Terrain
|-heal|p2a: Rillaboom|86/100|[from] Grassy Terrain
|-heal|p2b: Zacian|55/100|[from] Grassy Terrain
|upkeep
|turn|3
|
|t:|1750855413
|move|p2b: Zacian|Protect|p2b: Zacian
|-singleturn|p2b: Zacian|Protect
|move|p2a: Rillaboom|Fake Out|p1b: Indeedee
|-damage|p1b: Indeedee|33/100
|cant|p1b: Indeedee|flinch
|move|p1a: Lunala|Moongeist Beam|p2a: Rillaboom
|-damage|p2a: Rillaboom|14/100
|
|-weather|SunnyDay|[upkeep]
|-heal|p1b: Indeedee|39/100|[from] Grassy Terrain
|-heal|p2a: Rillaboom|20/100|[from] Grassy Terrain
|-heal|p2b: Zacian|61/100|[from] Grassy Terrain
|upkeep
|turn|4
|
|t:|1750855438
|move|p2a: Rillaboom|Grassy Glide|p1a: Lunala
|-damage|p1a: Lunala|86/100
|move|p1b: Indeedee|Psychic|p2a: Rillaboom
|-damage|p2a: Rillaboom|0 fnt
|faint|p2a: Rillaboom
|move|p1a: Lunala|Moongeist Beam|p2b: Zacian
|-damage|p2b: Zacian|0 fnt
|faint|p2b: Zacian
|
|-weather|SunnyDay|[upkeep]
|-heal|p1b: Indeedee|46/100|[from] Grassy Terrain
|-heal|p1a: Lunala|92/100|[from] Grassy Terrain
|upkeep
|
|t:|1750855455
|switch|p2a: Koraidon|Koraidon, L50|100/100
|switch|p2b: Barenys|Flutter Mane, L50|100/100
|-activate|p2a: Koraidon|ability: Orichalcum Pulse
|-activate|p2b: Barenys|ability: Protosynthesis
|-start|p2b: Barenys|protosynthesisspe
|turn|5
|
|t:|1750855470
|-terastallize|p2b: Barenys|Normal
|move|p2a: Koraidon|Flame Charge|p1b: Indeedee
|-damage|p1b: Indeedee|1/100
|-boost|p2a: Koraidon|spe|1
|move|p2b: Barenys|Shadow Ball|p1a: Lunala
|-supereffective|p1a: Lunala
|-damage|p1a: Lunala|0 fnt
|faint|p1a: Lunala
|move|p1b: Indeedee|Trick Room|p1b: Indeedee
|-fieldend|move: Trick Room
|
|-weather|none
|-end|p2b: Barenys|Protosynthesis
|-heal|p1b: Indeedee|7/100|[from] Grassy Terrain
|upkeep
|
|t:|1750855480
|switch|p1a: Goodra|Goodra-Hisui, L50, M, shiny|100/100
|turn|6
|
|t:|1750855497
|-terastallize|p1a: Goodra|Fairy
|move|p2a: Koraidon|Flame Charge|p1b: Indeedee
|-damage|p1b: Indeedee|0 fnt
|-boost|p2a: Koraidon|spe|1
|faint|p1b: Indeedee
|move|p2b: Barenys|Shadow Ball|p1a: Goodra
|-damage|p1a: Goodra|60/100
|move|p1a: Goodra|Shelter|p1a: Goodra
|-boost|p1a: Goodra|def|2
|
|-heal|p1a: Goodra|66/100|[from] Grassy Terrain
|-heal|p1a: Goodra|72/100|[from] item: Leftovers
|-fieldend|move: Grassy Terrain
|upkeep
|
|t:|1750855509
|switch|p1b: Onikuma|Ursaluna-Bloodmoon, L50, M|100/100
|turn|7
|
|t:|1750855522
|move|p2a: Koraidon|Collision Course|p1b: Onikuma
|-supereffective|p1b: Onikuma
|-damage|p1b: Onikuma|1/100
|move|p2b: Barenys|Shadow Ball|p1a: Goodra
|-damage|p1a: Goodra|28/100
|move|p1a: Goodra|Body Press|p2b: Barenys
|-supereffective|p2b: Barenys
|-damage|p2b: Barenys|0 fnt
|faint|p2b: Barenys
|-end|p2b: Barenys|Protosynthesis|[silent]
|move|p1b: Onikuma|Hyper Voice|p2a: Koraidon
|-damage|p2a: Koraidon|26/100
|-damage|p1b: Onikuma|0 fnt|[from] item: Life Orb
|faint|p1b: Onikuma
|
|-heal|p1a: Goodra|34/100|[from] item: Leftovers
|upkeep
|turn|8
|
|t:|1750855545
|move|p2a: Koraidon|Flare Blitz|p1a: Goodra
|-damage|p1a: Goodra|20/100
|-damage|p2a: Koraidon|21/100|[from] Recoil
|move|p1a: Goodra|Body Press|p2a: Koraidon
|-damage|p2a: Koraidon|0 fnt
|faint|p2a: Koraidon
|
|win|mondayvgc
|raw|mondayvgc's rating: 1216 &rarr; <strong>1241</strong><br />(+25 for winning)
|raw|Yaminohana's rating: 1219 &rarr; <strong>1194</strong><br />(-25 for losing)
|c|☆Yaminohana|Gg
|c|☆mondayvgc|Gg
|c|☆Yaminohana|1% was tough
|c|☆Yaminohana|I lose anyway tho
|l|☆Yaminohana
|player|p2|
|c|☆mondayvgc|That was a close one, very well played
|l|☆mondayvgc
|player|p1|
