|j|☆jamarco
|j|‽Alexfind
|t:|1750806490
|gametype|doubles
|player|p1|jamarco|1|1075
|player|p2|Alexfind|101|1134
|teamsize|p1|6
|teamsize|p2|6
|gen|9
|tier|[Gen 9] VGC 2025 Reg I
|rated|
|rule|Species Clause: Limit one of each Pokémon
|rule|Item Clause: Limit 1 of each item
|clearpoke
|poke|p1|Glaceon, L50, F|
|poke|p1|Calyrex-Ice, L50|
|poke|p1|Cresselia, L50, F|
|poke|p1|Incineroar, L50, M|
|poke|p1|Ursaluna, L50, M|
|poke|p1|Vikavolt, L50, M|
|poke|p2|Koraidon, L50|
|poke|p2|Calyrex-Shadow, L50|
|poke|p2|Weezing-Galar, L50, M|
|poke|p2|Incineroar, L50, M|
|poke|p2|Ursaluna-Bloodmoon, L50, M|
|poke|p2|Raging Bolt, L50|
|teampreview|4
|inactive|Battle timer is ON: inactive players will automatically lose when time's up. (requested by jamarco)
|
|t:|1750806509
|start
|switch|p1a: Incineroar|Incineroar, L50, M, shiny|100/100
|switch|p1b: Cresselia|Cresselia, L50, F, shiny|100/100
|switch|p2a: Weezing|Weezing-Galar, L50, M|100/100
|switch|p2b: Koraidon|Koraidon, L50|100/100
|-ability|p2a: Weezing|Neutralizing Gas
|-block|p2b: Koraidon|item: Ability Shield
|-weather|SunnyDay|[from] ability: Orichalcum Pulse|[of] p2b: Koraidon
|-activate|p2b: Koraidon|Orichalcum Pulse|[source]
|turn|1
|
|t:|1750806522
|switch|p2b: Incineroar|Incineroar, L50, M|100/100
|move|p1a: Incineroar|Fake Out|p2b: Incineroar
|-enditem|p1a: Incineroar|Normal Gem|[from] gem
|-damage|p2b: Incineroar|84/100
|move|p2a: Weezing|Toxic Spikes|p1b: Cresselia
|-sidestart|p1: jamarco|move: Toxic Spikes
|move|p1b: Cresselia|Trick Room|p1b: Cresselia
|-fieldstart|move: Trick Room|[of] p1b: Cresselia
|
|-weather|SunnyDay|[upkeep]
|upkeep
|turn|2
|
|t:|1750806542
|switch|p1b: Glaceon|Glaceon, L50, F, shiny|100/100
|-status|p1b: Glaceon|psn
|move|p1a: Incineroar|Flare Blitz|p2a: Weezing
|-damage|p2a: Weezing|16/100
|-enditem|p2a: Weezing|Sitrus Berry|[eat]
|-heal|p2a: Weezing|41/100|[from] item: Sitrus Berry
|-damage|p1a: Incineroar|77/100|[from] Recoil
|move|p2a: Weezing|Toxic Spikes|p1b: Glaceon
|-sidestart|p1: jamarco|move: Toxic Spikes
|move|p2b: Incineroar|Knock Off|p1b: Glaceon
|-damage|p1b: Glaceon|63/100 psn
|-enditem|p1b: Glaceon|Choice Specs|[from] move: Knock Off|[of] p2b: Incineroar
|
|-weather|SunnyDay|[upkeep]
|-damage|p1b: Glaceon|51/100 psn|[from] psn
|upkeep
|turn|3
|inactive|jamarco has 30 seconds left.
|
|t:|1750806567
|move|p2a: Weezing|Protect|p2a: Weezing
|-singleturn|p2a: Weezing|Protect
|move|p1a: Incineroar|Flare Blitz|p2a: Weezing
|-activate|p2a: Weezing|move: Protect
|move|p1b: Glaceon|Blizzard|p2b: Incineroar|[spread] 
|-activate|p2a: Weezing|move: Protect
|-miss|p1b: Glaceon|p2b: Incineroar
|move|p2b: Incineroar|Flare Blitz|p1b: Glaceon
|-supereffective|p1b: Glaceon
|-damage|p1b: Glaceon|0 fnt
|faint|p1b: Glaceon
|-damage|p2b: Incineroar|70/100|[from] Recoil
|
|-weather|SunnyDay|[upkeep]
|upkeep
|
|t:|1750806573
|switch|p1b: Vikavolt|Vikavolt, L50, M, shiny|100/100
|-status|p1b: Vikavolt|tox
|turn|4
|
|t:|1750806586
|move|p1b: Vikavolt|Thunderbolt|p2b: Incineroar
|-damage|p2b: Incineroar|19/100
|-damage|p1b: Vikavolt|91/100 tox|[from] item: Life Orb
|move|p1a: Incineroar|Flare Blitz|p2a: Weezing
|-damage|p2a: Weezing|0 fnt
|faint|p2a: Weezing
|-end|p2a: Weezing|ability: Neutralizing Gas
|-ability|p1a: Incineroar|Intimidate|boost
|-unboost|p2b: Incineroar|atk|1
|-ability|p2b: Incineroar|Intimidate|boost
|-unboost|p1a: Incineroar|atk|1
|-unboost|p1b: Vikavolt|atk|1
|-damage|p1a: Incineroar|65/100|[from] Recoil
|move|p2b: Incineroar|Flare Blitz|p1b: Vikavolt
|-supereffective|p1b: Vikavolt
|-crit|p1b: Vikavolt
|-damage|p1b: Vikavolt|0 fnt
|faint|p1b: Vikavolt
|-damage|p2b: Incineroar|0 fnt|[from] Recoil
|faint|p2b: Incineroar
|
|-weather|SunnyDay|[upkeep]
|upkeep
|
|t:|1750806603
|switch|p1b: Cresselia|Cresselia, L50, F, shiny|100/100
|switch|p2a: Calyrex|Calyrex-Shadow, L50|100/100
|switch|p2b: Koraidon|Koraidon, L50|100/100
|-ability|p2a: Calyrex|As One
|-ability|p2a: Calyrex|Unnerve
|-activate|p2b: Koraidon|ability: Orichalcum Pulse
|turn|5
|
|t:|1750806613
|move|p2b: Koraidon|Protect|p2b: Koraidon
|-singleturn|p2b: Koraidon|Protect
|move|p2a: Calyrex|Protect|p2a: Calyrex
|-singleturn|p2a: Calyrex|Protect
|move|p1a: Incineroar|Knock Off|p2b: Koraidon
|-activate|p2b: Koraidon|move: Protect
|move|p1b: Cresselia|Dazzling Gleam|p2b: Koraidon|[spread] 
|-activate|p2a: Calyrex|move: Protect
|-activate|p2b: Koraidon|move: Protect
|
|-weather|none
|-fieldend|move: Trick Room
|upkeep
|turn|6
|
|t:|1750806628
|-terastallize|p2b: Koraidon|Fire
|move|p2a: Calyrex|Astral Barrage|p1a: Incineroar|[spread] p1a,p1b
|-resisted|p1a: Incineroar
|-supereffective|p1b: Cresselia
|-damage|p1a: Incineroar|39/100
|-damage|p1b: Cresselia|49/100
|move|p2b: Koraidon|Flare Blitz|p1b: Cresselia
|-damage|p1b: Cresselia|0 fnt
|faint|p1b: Cresselia
|-damage|p2b: Koraidon|79/100|[from] Recoil
|move|p1a: Incineroar|Knock Off|p2a: Calyrex
|-supereffective|p2a: Calyrex
|-enditem|p2a: Calyrex|Focus Sash
|-damage|p2a: Calyrex|1/100
|
|upkeep
|turn|7
|
|t:|1750806641
|move|p2a: Calyrex|Astral Barrage|p1a: Incineroar
|-resisted|p1a: Incineroar
|-damage|p1a: Incineroar|0 fnt
|faint|p1a: Incineroar
|
|win|Alexfind
|raw|jamarco's rating: 1075 &rarr; <strong>1057</strong><br />(-18 for losing)
|raw|Alexfind's rating: 1134 &rarr; <strong>1155</strong><br />(+21 for winning)
|l|☆jamarco
|player|p1|
|l|‽Alexfind
|player|p2|
