|j|☆Mameon
|j|☆SleepFete
|t:|1750789119
|gametype|doubles
|player|p1|Mameon|red|1169
|player|p2|SleepFete|265|1265
|teamsize|p1|6
|teamsize|p2|6
|gen|9
|tier|[Gen 9] VGC 2025 Reg I
|rated|
|rule|Species Clause: Limit one of each Pokémon
|rule|Item Clause: Limit 1 of each item
|clearpoke
|poke|p1|Miraidon, L50|
|poke|p1|Calyrex-Ice, L50|
|poke|p1|Incineroar, L50, M|
|poke|p1|Landorus, L50, M|
|poke|p1|Urshifu-*, L50, F|
|poke|p1|Farigiraf, L50, F|
|poke|p2|Calyrex-Shadow, L50|
|poke|p2|Zamazenta-*, L50|
|poke|p2|Tornadus, L50, M|
|poke|p2|Smeargle, L50, F|
|poke|p2|Rillaboom, L50, F|
|poke|p2|Raging Bolt, L50|
|teampreview|4
|inactive|Battle timer is ON: inactive players will automatically lose when time's up. (requested by SleepFete)
|inactive|SleepFete has 60 seconds left.
SleepFete has agreed to open team sheets.
|inactive|SleepFete has 30 seconds left.
|
|t:|1750789182
|start
|switch|p1a: Miraidon|Miraidon, L50|100/100
|switch|p1b: Farigiraf|Farigiraf, L50, F|100/100
|switch|p2a: Smeargle|Smeargle, L50, F|100/100
|switch|p2b: Calyrex|Calyrex-Shadow, L50|100/100
|-ability|p2b: Calyrex|As One
|-ability|p2b: Calyrex|Unnerve
|-fieldstart|move: Electric Terrain|[from] ability: Hadron Engine|[of] p1a: Miraidon
|-enditem|p1b: Farigiraf|Electric Seed
|-boost|p1b: Farigiraf|def|1|[from] item: Electric Seed
|turn|1
|
|t:|1750789201
|switch|p2b: Rillaboom|Rillaboom, L50, F|100/100
|-fieldstart|move: Grassy Terrain|[from] ability: Grassy Surge|[of] p2b: Rillaboom
|-terastallize|p1a: Miraidon|Fairy
|move|p1b: Farigiraf|Helping Hand|p1a: Miraidon
|-singleturn|p1a: Miraidon|Helping Hand|[of] p1b: Farigiraf
|move|p1a: Miraidon|Dazzling Gleam|p2b: Rillaboom|[spread] p2a,p2b
|-enditem|p2a: Smeargle|Focus Sash
|-damage|p2a: Smeargle|1/100
|-damage|p2b: Rillaboom|57/100
|move|p2a: Smeargle|Spore|p1b: Farigiraf
|-status|p1b: Farigiraf|slp|[from] move: Spore
|
|-heal|p2a: Smeargle|7/100|[from] Grassy Terrain
|-heal|p2b: Rillaboom|62/100|[from] Grassy Terrain
|-ability|p2a: Smeargle|Moody|boost
|-boost|p2a: Smeargle|spe|2
|-unboost|p2a: Smeargle|spd|1
|upkeep
|turn|2
|inactive|Mameon has 30 seconds left.
|l|☆Mameon
|inactive|Mameon disconnected and has a minute to reconnect!
|player|p1|
|inactive|Mameon has 20 seconds left.
|inactive|Mameon has 15 seconds left.
|j|☆Mameon
|inactive|Mameon reconnected and has 15 seconds left.
|player|p1|Mameon|red|
|inactive|Mameon has 10 seconds left.
|
|t:|1750789251
|move|p2b: Rillaboom|Fake Out||[still]
|cant|p1b: Farigiraf|ability: Armor Tail|Fake Out|[of] p2b: Rillaboom
|move|p2a: Smeargle|Spore|p1a: Miraidon
|-status|p1a: Miraidon|slp|[from] move: Spore
|cant|p1a: Miraidon|slp
|cant|p1b: Farigiraf|slp
|
|-heal|p2a: Smeargle|13/100|[from] Grassy Terrain
|-heal|p2b: Rillaboom|68/100|[from] Grassy Terrain
|-ability|p2a: Smeargle|Moody|boost
|-boost|p2a: Smeargle|def|2
|-unboost|p2a: Smeargle|spe|1
|upkeep
|turn|3
|
|t:|1750789276
|switch|p2b: Calyrex|Calyrex-Shadow, L50|100/100
|-ability|p2b: Calyrex|As One
|-ability|p2b: Calyrex|Unnerve
|move|p2a: Smeargle|Decorate|p2b: Calyrex
|-boost|p2b: Calyrex|atk|2
|-boost|p2b: Calyrex|spa|2
|cant|p1a: Miraidon|slp
|cant|p1b: Farigiraf|slp
|
|-heal|p2a: Smeargle|20/100|[from] Grassy Terrain
|-ability|p2a: Smeargle|Moody|boost
|-boost|p2a: Smeargle|spd|2
|-unboost|p2a: Smeargle|spa|1
|upkeep
|turn|4
|inactive|SleepFete has 30 seconds left.
|
|t:|1750789303
|move|p2a: Smeargle|Follow Me|p2a: Smeargle
|-singleturn|p2a: Smeargle|move: Follow Me
|move|p2b: Calyrex|Psychic|p1a: Miraidon
|-damage|p1a: Miraidon|0 fnt
|faint|p1a: Miraidon
|-ability|p2b: Calyrex|Grim Neigh|boost
|-boost|p2b: Calyrex|spa|1
|-damage|p2b: Calyrex|91/100|[from] item: Life Orb
|-curestatus|p1b: Farigiraf|slp|[msg]
|move|p1b: Farigiraf|Foul Play|p2a: Smeargle
|-crit|p2a: Smeargle
|-damage|p2a: Smeargle|0 fnt
|faint|p2a: Smeargle
|
|-heal|p2b: Calyrex|97/100|[from] Grassy Terrain
|upkeep
|
|t:|1750789321
|switch|p1a: Landorus|Landorus, L50, M|100/100
|switch|p2a: Zamazenta|Zamazenta-Crowned, L50|100/100
|-ability|p2a: Zamazenta|Dauntless Shield|boost
|-boost|p2a: Zamazenta|def|1
|turn|5
|inactive|SleepFete has 30 seconds left.
|
|t:|1750789353
|-terastallize|p2b: Calyrex|Dark
|move|p1a: Landorus|Protect|p1a: Landorus
|-singleturn|p1a: Landorus|Protect
|move|p2b: Calyrex|Psychic|p1a: Landorus
|-activate|p1a: Landorus|move: Protect
|move|p2a: Zamazenta|Body Press|p1b: Farigiraf
|-damage|p1b: Farigiraf|59/100
|move|p1b: Farigiraf|Trick Room|p1b: Farigiraf
|-fieldstart|move: Trick Room|[of] p1b: Farigiraf
|
|-heal|p1b: Farigiraf|65/100|[from] Grassy Terrain
|-heal|p2b: Calyrex|100/100|[from] Grassy Terrain
|-fieldend|move: Grassy Terrain
|upkeep
|turn|6
|
|t:|1750789382
|move|p1b: Farigiraf|Helping Hand|p1a: Landorus
|-singleturn|p1a: Landorus|Helping Hand|[of] p1b: Farigiraf
|move|p1a: Landorus|Sandsear Storm|p2b: Calyrex|[spread] p2a,p2b
|-supereffective|p2a: Zamazenta
|-damage|p2a: Zamazenta|0 fnt
|-damage|p2b: Calyrex|4/100
|faint|p2a: Zamazenta
|move|p2b: Calyrex|Psychic|p1a: Landorus
|-damage|p1a: Landorus|0 fnt
|faint|p1a: Landorus
|-ability|p2b: Calyrex|Grim Neigh|boost
|-boost|p2b: Calyrex|spa|1
|-damage|p2b: Calyrex|0 fnt|[from] item: Life Orb
|faint|p2b: Calyrex
|
|upkeep
|
|t:|1750789397
|switch|p1a: Calyrex|Calyrex-Ice, L50|100/100
|switch|p2b: Rillaboom|Rillaboom, L50, F|68/100
|-ability|p1a: Calyrex|As One
|-ability|p1a: Calyrex|Unnerve
|-fieldstart|move: Grassy Terrain|[from] ability: Grassy Surge|[of] p2b: Rillaboom
|turn|7
|-message|SleepFete forfeited.
|
|win|Mameon
|raw|Mameon's rating: 1169 &rarr; <strong>1201</strong><br />(+32 for winning)
|raw|SleepFete's rating: 1265 &rarr; <strong>1233</strong><br />(-32 for losing)
|l|☆SleepFete
|player|p2|
