|j|☆franzulli
|j|☆suven
|t:|1750771258
|gametype|doubles
|player|p1|franzulli|policeman-gen4|1441
|player|p2|suven|265|1491
|teamsize|p1|6
|teamsize|p2|6
|gen|9
|tier|[Gen 9] VGC 2025 Reg I
|rated|
|rule|Species Clause: Limit one of each Pokémon
|rule|Item Clause: Limit 1 of each item
|clearpoke
|poke|p1|Eternatus, L50|
|poke|p1|Rillaboom, L50, F|
|poke|p1|Incineroar, L50, M|
|poke|p1|Ting-Lu, L50|
|poke|p1|Ho-Oh, L50|
|poke|p1|Primarina, L50, F|
|poke|p2|Miraidon, L50|
|poke|p2|Lunala, L50|
|poke|p2|Incineroar, L50, M|
|poke|p2|Urshifu-*, L50, F|
|poke|p2|Ursaluna, L50, M|
|poke|p2|Grimmsnarl, L50, M|
|teampreview|4
|inactive|Battle timer is ON: inactive players will automatically lose when time's up. (requested by franzulli)
|
|t:|1750771336
|start
|switch|p1a: Eternatus|Eternatus, L50|100/100
|switch|p1b: Ting-Lu|Ting-Lu, L50|100/100
|switch|p2a: Lunala|Lunala, L50|100/100
|switch|p2b: Urshifu|Urshifu-Rapid-Strike, L50, F|100/100
|-ability|p1a: Eternatus|Pressure
|-ability|p1b: Ting-Lu|Vessel of Ruin
|turn|1
|inactive|franzulli has 30 seconds left.
|inactive|suven has 30 seconds left.
|inactive|franzulli has 20 seconds left.
|inactive|franzulli has 15 seconds left.
|
|t:|1750771379
|-terastallize|p1a: Eternatus|Fairy
|move|p1a: Eternatus|Cosmic Power|p1a: Eternatus
|-boost|p1a: Eternatus|def|1
|-boost|p1a: Eternatus|spd|1
|move|p2b: Urshifu|Surging Strikes|p1b: Ting-Lu
|-supereffective|p1b: Ting-Lu
|-crit|p1b: Ting-Lu
|-damage|p1b: Ting-Lu|77/100
|-supereffective|p1b: Ting-Lu
|-crit|p1b: Ting-Lu
|-damage|p1b: Ting-Lu|55/100
|-supereffective|p1b: Ting-Lu
|-crit|p1b: Ting-Lu
|-damage|p1b: Ting-Lu|32/100
|-hitcount|p1b: Ting-Lu|3
|move|p2a: Lunala|Meteor Beam||[still]
|-prepare|p2a: Lunala|Meteor Beam
|-boost|p2a: Lunala|spa|1
|-enditem|p2a: Lunala|Power Herb
|-anim|p2a: Lunala|Meteor Beam|p1a: Eternatus
|-damage|p1a: Eternatus|79/100
|move|p1b: Ting-Lu|Snarl|p2a: Lunala|[spread] p2a,p2b
|-supereffective|p2a: Lunala
|-resisted|p2b: Urshifu
|-damage|p2a: Lunala|87/100
|-damage|p2b: Urshifu|94/100
|-unboost|p2a: Lunala|spa|1
|-unboost|p2b: Urshifu|spa|1
|
|-heal|p1a: Eternatus|86/100|[from] item: Leftovers
|upkeep
|turn|2
|inactive|franzulli has 30 seconds left.
|inactive|suven has 30 seconds left.
|
|t:|1750771408
|switch|p1b: Primarina|Primarina, L50, F|100/100
|move|p1a: Eternatus|Sludge Bomb|p2b: Urshifu
|-damage|p2b: Urshifu|34/100
|-status|p2b: Urshifu|psn
|move|p2b: Urshifu|Surging Strikes|p1b: Primarina
|-resisted|p1b: Primarina
|-crit|p1b: Primarina
|-damage|p1b: Primarina|88/100
|-resisted|p1b: Primarina
|-crit|p1b: Primarina
|-damage|p1b: Primarina|77/100
|-resisted|p1b: Primarina
|-crit|p1b: Primarina
|-damage|p1b: Primarina|64/100
|-hitcount|p1b: Primarina|3
|move|p2a: Lunala|Moongeist Beam|p1a: Eternatus
|-damage|p1a: Eternatus|58/100
|
|-heal|p1a: Eternatus|64/100|[from] item: Leftovers
|-damage|p2b: Urshifu|22/100 psn|[from] psn
|upkeep
|turn|3
|inactive|franzulli has 30 seconds left.
|
|t:|1750771436
|move|p1a: Eternatus|Sludge Bomb|p2b: Urshifu
|-damage|p2b: Urshifu|0 fnt
|faint|p2b: Urshifu
|move|p2a: Lunala|Moongeist Beam|p1a: Eternatus
|-damage|p1a: Eternatus|39/100
|move|p1b: Primarina|Life Dew|p1b: Primarina|[spread] p1a,p1b
|-heal|p1a: Eternatus|64/100
|-heal|p1b: Primarina|89/100
|
|-heal|p1a: Eternatus|70/100|[from] item: Leftovers
|upkeep
|
|t:|1750771448
|switch|p2b: Miraidon|Miraidon, L50|100/100
|-fieldstart|move: Electric Terrain|[from] ability: Hadron Engine|[of] p2b: Miraidon
|turn|4
|
|t:|1750771468
|switch|p1b: Ting-Lu|Ting-Lu, L50|32/100
|-ability|p1b: Ting-Lu|Vessel of Ruin
|move|p1a: Eternatus|Protect|p1a: Eternatus
|-singleturn|p1a: Eternatus|Protect
|move|p2b: Miraidon|Volt Switch|p1a: Eternatus
|-activate|p1a: Eternatus|move: Protect
|move|p2a: Lunala|Trick Room|p2a: Lunala
|-fieldstart|move: Trick Room|[of] p2a: Lunala
|
|-heal|p1a: Eternatus|76/100|[from] item: Leftovers
|upkeep
|turn|5
|inactive|franzulli has 30 seconds left.
|
|t:|1750771501
|switch|p2b: Ursaluna|Ursaluna, L50, M|100/100
|move|p1b: Ting-Lu|Stomping Tantrum|p2b: Ursaluna
|-damage|p2b: Ursaluna|78/100
|move|p2a: Lunala|Moongeist Beam|p1a: Eternatus
|-damage|p1a: Eternatus|58/100
|move|p1a: Eternatus|Sludge Bomb|p2b: Ursaluna
|-resisted|p2b: Ursaluna
|-damage|p2b: Ursaluna|64/100
|
|-heal|p1a: Eternatus|64/100|[from] item: Leftovers
|-status|p2b: Ursaluna|brn|[from] item: Flame Orb
|upkeep
|turn|6
|inactive|franzulli has 30 seconds left.
|
|t:|1750771528
|switch|p1b: Ho-Oh|Ho-Oh, L50|100/100
|move|p1a: Eternatus|Protect|p1a: Eternatus
|-singleturn|p1a: Eternatus|Protect
|move|p2a: Lunala|Wide Guard|p2a: Lunala
|-singleturn|p2a: Lunala|Wide Guard
|move|p2b: Ursaluna|Earthquake|p1a: Eternatus|[spread] 
|-activate|p2a: Lunala|move: Wide Guard
|-activate|p1a: Eternatus|move: Protect
|-immune|p1b: Ho-Oh
|
|-heal|p1a: Eternatus|70/100|[from] item: Leftovers
|-damage|p2b: Ursaluna|58/100 brn|[from] brn
|upkeep
|turn|7
|
|t:|1750771550
|move|p2b: Ursaluna|Facade|p1a: Eternatus
|-damage|p1a: Eternatus|18/100
|move|p1b: Ho-Oh|Recover||[still]
|-fail|p1b: Ho-Oh|heal
|move|p2a: Lunala|Meteor Beam||[still]
|-prepare|p2a: Lunala|Meteor Beam
|-boost|p2a: Lunala|spa|1
|move|p1a: Eternatus|Recover|p1a: Eternatus
|-heal|p1a: Eternatus|68/100
|
|-heal|p1a: Eternatus|74/100|[from] item: Leftovers
|-damage|p2b: Ursaluna|52/100 brn|[from] brn
|upkeep
|turn|8
|
|t:|1750771575
|move|p1b: Ho-Oh|Protect|p1b: Ho-Oh
|-singleturn|p1b: Ho-Oh|Protect
|move|p1a: Eternatus|Protect|p1a: Eternatus
|-singleturn|p1a: Eternatus|Protect
|move|p2b: Ursaluna|Facade|p1a: Eternatus
|-activate|p1a: Eternatus|move: Protect
|move|p2a: Lunala|Meteor Beam|p1b: Ho-Oh|[from] lockedmove
|-activate|p1b: Ho-Oh|move: Protect
|
|-heal|p1a: Eternatus|80/100|[from] item: Leftovers
|-damage|p2b: Ursaluna|46/100 brn|[from] brn
|-fieldend|move: Trick Room
|-fieldend|move: Electric Terrain
|upkeep
|turn|9
|inactive|franzulli has 30 seconds left.
|inactive|suven has 30 seconds left.
|
|t:|1750771601
|move|p2b: Ursaluna|Protect|p2b: Ursaluna
|-singleturn|p2b: Ursaluna|Protect
|move|p1a: Eternatus|Cosmic Power|p1a: Eternatus
|-boost|p1a: Eternatus|def|1
|-boost|p1a: Eternatus|spd|1
|move|p1b: Ho-Oh|Brave Bird|p2b: Ursaluna
|-activate|p2b: Ursaluna|move: Protect
|move|p2a: Lunala|Trick Room|p2a: Lunala
|-fieldstart|move: Trick Room|[of] p2a: Lunala
|
|-heal|p1a: Eternatus|86/100|[from] item: Leftovers
|-damage|p2b: Ursaluna|40/100 brn|[from] brn
|upkeep
|turn|10
|inactive|franzulli has 30 seconds left.
|inactive|franzulli has 20 seconds left.
|inactive|franzulli has 15 seconds left.
|
|t:|1750771645
|move|p2b: Ursaluna|Facade|p1a: Eternatus
|-damage|p1a: Eternatus|41/100
|move|p1b: Ho-Oh|Recover||[still]
|-fail|p1b: Ho-Oh|heal
|move|p2a: Lunala|Moongeist Beam|p1a: Eternatus
|-damage|p1a: Eternatus|13/100
|move|p1a: Eternatus|Recover|p1a: Eternatus
|-heal|p1a: Eternatus|64/100
|
|-heal|p1a: Eternatus|70/100|[from] item: Leftovers
|-damage|p2b: Ursaluna|35/100 brn|[from] brn
|upkeep
|turn|11
|inactive|franzulli has 30 seconds left.
|inactive|suven has 30 seconds left.
|
|t:|1750771680
|move|p1a: Eternatus|Protect|p1a: Eternatus
|-singleturn|p1a: Eternatus|Protect
|move|p2b: Ursaluna|Facade|p1a: Eternatus
|-activate|p1a: Eternatus|move: Protect
|move|p1b: Ho-Oh|Brave Bird|p2b: Ursaluna
|-damage|p2b: Ursaluna|0 fnt
|faint|p2b: Ursaluna
|-damage|p1b: Ho-Oh|89/100|[from] Recoil
|move|p2a: Lunala|Meteor Beam||[still]
|-prepare|p2a: Lunala|Meteor Beam
|-boost|p2a: Lunala|spa|1
|
|-heal|p1a: Eternatus|76/100|[from] item: Leftovers
|upkeep
|
|t:|1750771695
|switch|p2b: Miraidon|Miraidon, L50|100/100
|-fieldstart|move: Electric Terrain|[from] ability: Hadron Engine|[of] p2b: Miraidon
|turn|12
|
|t:|1750771715
|switch|p1b: Ting-Lu|Ting-Lu, L50|32/100
|-ability|p1b: Ting-Lu|Vessel of Ruin
|move|p2a: Lunala|Meteor Beam|p1b: Ting-Lu|[from] lockedmove
|-resisted|p1b: Ting-Lu
|-damage|p1b: Ting-Lu|14/100
|move|p1a: Eternatus|Sludge Bomb|p2a: Lunala
|-resisted|p2a: Lunala
|-damage|p2a: Lunala|76/100
|move|p2b: Miraidon|Electro Drift|p1a: Eternatus
|-damage|p1a: Eternatus|40/100
|
|-heal|p1a: Eternatus|46/100|[from] item: Leftovers
|upkeep
|turn|13
|inactive|franzulli has 30 seconds left.
|inactive|suven has 30 seconds left.
|
|t:|1750771745
|move|p2a: Lunala|Wide Guard|p2a: Lunala
|-singleturn|p2a: Lunala|Wide Guard
|move|p1b: Ting-Lu|Throat Chop|p2a: Lunala
|-supereffective|p2a: Lunala
|-damage|p2a: Lunala|0 fnt
|faint|p2a: Lunala
|move|p1a: Eternatus|Recover|p1a: Eternatus
|-heal|p1a: Eternatus|96/100
|move|p2b: Miraidon|Electro Drift|p1a: Eternatus
|-damage|p1a: Eternatus|61/100
|
|-heal|p1a: Eternatus|67/100|[from] item: Leftovers
|-fieldend|move: Trick Room
|upkeep
|turn|14
|-message|suven forfeited.
|
|win|franzulli
|raw|franzulli's rating: 1441 &rarr; <strong>1464</strong><br />(+23 for winning)
|raw|suven's rating: 1491 &rarr; <strong>1468</strong><br />(-23 for losing)
|l|☆suven
|player|p2|
