|j|☆ShadowShun
|j|☆Tcalver
|t:|1750874300
|gametype|doubles
|player|p1|ShadowShun|maylene|1479
|player|p2|Tcalver|101|1511
|teamsize|p1|6
|teamsize|p2|6
|gen|9
|tier|[Gen 9] VGC 2025 Reg I
|rated|
|rule|Species Clause: Limit one of each Pokémon
|rule|Item Clause: Limit 1 of each item
|clearpoke
|poke|p1|Raichu, L50, F|
|poke|p1|Ogerpon, L50, F|
|poke|p1|Kyogre, L50|
|poke|p1|Zamazenta-*, L50|
|poke|p1|Chien-Pao, L50|
|poke|p1|Tornadus, L50, M|
|poke|p2|Miraidon, L50|
|poke|p2|Incineroar, L50, M|
|poke|p2|Raichu-Alola, L50, F|
|poke|p2|Groudon, L50|
|poke|p2|Landorus, L50, M|
|poke|p2|Volcarona, L50, M|
|teampreview|4
|inactive|Battle timer is ON: inactive players will automatically lose when time's up. (requested by ShadowShun)
ShadowShun has agreed to open team sheets.
|j| Im999
|c|☆Tcalver|raichu buddies
|j| trainerblue34234
|c|☆ShadowShun|:3 I love them
|l| Im999
|c| trainerblue34234|woah
|inactive|ShadowShun has 60 seconds left.
|inactive|Tcalver has 60 seconds left.
|
|t:|1750874346
|start
|switch|p1a: Chien-Pao|Chien-Pao, L50|100/100
|switch|p1b: Raichu|Raichu, L50, F|100/100
|switch|p2a: Miraidon|Miraidon, L50|100/100
|switch|p2b: Raichu|Raichu-Alola, L50, F|100/100
|-ability|p1a: Chien-Pao|Sword of Ruin
|-fieldstart|move: Electric Terrain|[from] ability: Hadron Engine|[of] p2a: Miraidon
|-enditem|p2a: Miraidon|Electric Seed
|-boost|p2a: Miraidon|def|1|[from] item: Electric Seed
|turn|1
|inactive|ShadowShun has 30 seconds left.
|inactive|ShadowShun has 20 seconds left.
|inactive|ShadowShun has 15 seconds left.
|
|t:|1750874387
|-terastallize|p1a: Chien-Pao|Ghost
|move|p2a: Miraidon|Protect|p2a: Miraidon
|-singleturn|p2a: Miraidon|Protect
|move|p1b: Raichu|Fake Out|p2a: Miraidon
|-activate|p2a: Miraidon|move: Protect
|move|p2b: Raichu|Electroweb|p1a: Chien-Pao|[spread] 
|-ability|p1b: Raichu|Lightning Rod|boost
|-boost|p1b: Raichu|spa|1
|-miss|p2b: Raichu|p1a: Chien-Pao
|move|p1a: Chien-Pao|Ice Spinner|p2a: Miraidon
|-activate|p2a: Miraidon|move: Protect
|
|upkeep
|turn|2
|c|☆Tcalver|ffs
|c|☆ShadowShun|oof sorry haha
|inactive|ShadowShun has 30 seconds left.
|inactive|Tcalver has 30 seconds left.
|inactive|ShadowShun has 20 seconds left.
|
|t:|1750874427
|-terastallize|p2a: Miraidon|Fairy
|move|p1a: Chien-Pao|Protect|p1a: Chien-Pao
|-singleturn|p1a: Chien-Pao|Protect
|move|p2b: Raichu|Electroweb|p1a: Chien-Pao|[spread] 
|-activate|p1a: Chien-Pao|move: Protect
|-ability|p1b: Raichu|Lightning Rod|boost
|-boost|p1b: Raichu|spa|1
|move|p1b: Raichu|Volt Switch|p2b: Raichu
|-resisted|p2b: Raichu
|-damage|p2b: Raichu|59/100
|
|t:|1750874442
|switch|p1b: Zamazenta|Zamazenta-Crowned, L50|100/100|[from] Volt Switch
|-ability|p1b: Zamazenta|Dauntless Shield|boost
|-boost|p1b: Zamazenta|def|1
|move|p2a: Miraidon|Calm Mind|p2a: Miraidon
|-boost|p2a: Miraidon|spa|1
|-boost|p2a: Miraidon|spd|1
|
|upkeep
|turn|3
|inactive|ShadowShun has 30 seconds left.
|
|t:|1750874473
|move|p1b: Zamazenta|Wide Guard|p1b: Zamazenta
|-singleturn|p1b: Zamazenta|Wide Guard
|move|p2b: Raichu|Electroweb|p1a: Chien-Pao|[spread] 
|-activate|p1a: Chien-Pao|move: Wide Guard
|-activate|p1b: Zamazenta|move: Wide Guard
|move|p1a: Chien-Pao|Ice Spinner|p2b: Raichu
|-damage|p2b: Raichu|0 fnt
|-fieldend|move: Electric Terrain
|faint|p2b: Raichu
|move|p2a: Miraidon|Calm Mind|p2a: Miraidon
|-boost|p2a: Miraidon|spa|1
|-boost|p2a: Miraidon|spd|1
|
|upkeep
|
|t:|1750874495
|switch|p2b: Landorus|Landorus, L50, M|100/100
|turn|4
|
|t:|1750874509
|move|p1b: Zamazenta|Protect||[still]
|-fail|p1b: Zamazenta
|move|p2b: Landorus|Earth Power|p1b: Zamazenta
|-supereffective|p1b: Zamazenta
|-damage|p1b: Zamazenta|8/100
|move|p1a: Chien-Pao|Ice Spinner|p2b: Landorus
|-supereffective|p2b: Landorus
|-damage|p2b: Landorus|0 fnt
|faint|p2b: Landorus
|move|p2a: Miraidon|Parabolic Charge|p1a: Chien-Pao|[spread] p1a,p1b
|-damage|p1a: Chien-Pao|17/100
|-damage|p1b: Zamazenta|0 fnt
|faint|p1b: Zamazenta
|
|upkeep
|
|t:|1750874521
|switch|p1b: Raichu|Raichu, L50, F|100/100
|switch|p2b: Groudon|Groudon, L50|100/100
|-weather|SunnyDay|[from] ability: Drought|[of] p2b: Groudon
|turn|5
|c|☆Tcalver|really need that initial speed drop
|c|☆Tcalver|very different position then
|inactive|Tcalver has 30 seconds left.
|c|☆ShadowShun|totally ! I like the strat
|inactive|Tcalver has 20 seconds left.
|inactive|Tcalver has 15 seconds left.
|c|☆ShadowShun|is it purposeful your miraidon is slower than raichu base speed?
|
|t:|1750874566
|move|p1b: Raichu|Fake Out|p2b: Groudon
|-damage|p2b: Groudon|93/100
|move|p1a: Chien-Pao|Ice Spinner|p2b: Groudon
|-supereffective|p2b: Groudon
|-damage|p2b: Groudon|27/100
|move|p2a: Miraidon|Dragon Pulse|p1a: Chien-Pao
|-damage|p1a: Chien-Pao|0 fnt
|faint|p1a: Chien-Pao
|cant|p2b: Groudon|flinch
|
|-weather|SunnyDay|[upkeep]
|upkeep
|
|t:|1750874582
|switch|p1a: Kyogre|Kyogre, L50|100/100
|-weather|RainDance|[from] ability: Drizzle|[of] p1a: Kyogre
|turn|6
|c|☆Tcalver|yeah bc my raichu also resets electric terrain
|inactive|Tcalver has 30 seconds left.
|c|☆Tcalver|as in with the move
|c|☆ShadowShun|gotchaaa thats cool
|inactive|Tcalver has 20 seconds left.
|
|t:|1750874622
|move|p1b: Raichu|Endeavor|p2a: Miraidon
|-damage|p2a: Miraidon|73/100
|move|p2a: Miraidon|Parabolic Charge|p1a: Kyogre|[spread] p1a
|-ability|p1b: Raichu|Lightning Rod|boost
|-boost|p1b: Raichu|spa|1
|-immune|p2b: Groudon
|-supereffective|p1a: Kyogre
|-damage|p1a: Kyogre|17/100
|-heal|p2a: Miraidon|100/100|[from] drain|[of] p1a: Kyogre
|move|p1a: Kyogre|Origin Pulse|p2b: Groudon|[spread] p2a
|-miss|p1a: Kyogre|p2b: Groudon
|-damage|p2a: Miraidon|68/100
|move|p2b: Groudon|High Horsepower|p1b: Raichu
|-supereffective|p1b: Raichu
|-damage|p1b: Raichu|0 fnt
|faint|p1b: Raichu
|
|-weather|RainDance|[upkeep]
|upkeep
|turn|7
|c|☆ShadowShun|rippp
|c|☆ShadowShun|hahahah
|c|☆Tcalver|ooff lol
|c|☆ShadowShun|gg
|c|☆Tcalver|gg
|
|t:|1750874646
|move|p2a: Miraidon|Parabolic Charge|p1a: Kyogre|[spread] p1a
|-immune|p2b: Groudon
|-supereffective|p1a: Kyogre
|-damage|p1a: Kyogre|0 fnt
|-heal|p2a: Miraidon|75/100|[from] drain|[of] p1a: Kyogre
|faint|p1a: Kyogre
|
|win|Tcalver
|raw|ShadowShun's rating: 1479 &rarr; <strong>1461</strong><br />(-18 for losing)
|raw|Tcalver's rating: 1511 &rarr; <strong>1529</strong><br />(+18 for winning)
|l|☆ShadowShun
|player|p1|
|l| trainerblue34234
|l|☆Tcalver
|player|p2|
