|j|☆gamelives
|j|☆Slowpoke Well YT
|t:|1750873713
|gametype|doubles
|player|p1|gamelives|170|1457
|player|p2|Slowpoke Well YT|ethan|1445
|teamsize|p1|6
|teamsize|p2|6
|gen|9
|tier|[Gen 9] VGC 2025 Reg I
|rated|
|rule|Species Clause: Limit one of each Pokémon
|rule|Item Clause: Limit 1 of each item
|clearpoke
|poke|p1|Calyrex-Shadow, L50|
|poke|p1|Zamazenta-*, L50|
|poke|p1|Incineroar, L50, F|
|poke|p1|Rillaboom, L50, F|
|poke|p1|Raging Bolt, L50|
|poke|p1|Ogerpon-Hearthflame, L50, F|
|poke|p2|Greedent, L50, F|
|poke|p2|Calyrex-Ice, L50|
|poke|p2|Necrozma-Dawn-Wings, L50|
|poke|p2|Indeedee-F, L50, F|
|poke|p2|Ursaluna, L50, F|
|poke|p2|Torkoal, L50, F|
|teampreview|4
|inactive|Battle timer is ON: inactive players will automatically lose when time's up. (requested by Slowpoke Well YT)
|
|t:|1750873741
|start
|switch|p1a: Zamazenta|Zamazenta-Crowned, L50|100/100
|switch|p1b: Raging Bolt|Raging Bolt, L50|100/100
|switch|p2a: Calyrex|Calyrex-Ice, L50|100/100
|switch|p2b: Indeedee|Indeedee-F, L50, F|100/100
|-ability|p2a: Calyrex|As One
|-ability|p2a: Calyrex|Unnerve
|-ability|p1a: Zamazenta|Dauntless Shield|boost
|-boost|p1a: Zamazenta|def|1
|-fieldstart|move: Psychic Terrain|[from] ability: Psychic Surge|[of] p2b: Indeedee
|-enditem|p1b: Raging Bolt|Booster Energy
|-activate|p1b: Raging Bolt|ability: Protosynthesis|[fromitem]
|-start|p1b: Raging Bolt|protosynthesisspa
|turn|1
|inactive|gamelives has 30 seconds left.
|
|t:|1750873769
|-terastallize|p1b: Raging Bolt|Electric
|move|p2b: Indeedee|Follow Me|p2b: Indeedee
|-singleturn|p2b: Indeedee|move: Follow Me
|move|p1a: Zamazenta|Body Press|p2b: Indeedee
|-damage|p2b: Indeedee|31/100
|-damage|p1a: Zamazenta|84/100|[from] item: Rocky Helmet|[of] p2b: Indeedee
|move|p1b: Raging Bolt|Thunderbolt|p2b: Indeedee
|-damage|p2b: Indeedee|0 fnt
|faint|p2b: Indeedee
|move|p2a: Calyrex|Trick Room|p2a: Calyrex
|-fieldstart|move: Trick Room|[of] p2a: Calyrex
|
|upkeep
|
|t:|1750873783
|switch|p2b: Necrozma|Necrozma-Dawn-Wings, L50|100/100
|turn|2
|
|t:|1750873799
|move|p2a: Calyrex|High Horsepower|p1b: Raging Bolt
|-supereffective|p1b: Raging Bolt
|-damage|p1b: Raging Bolt|27/100
|move|p2b: Necrozma|Moongeist Beam|p1a: Zamazenta
|-damage|p1a: Zamazenta|36/100
|move|p1b: Raging Bolt|Thunderbolt|p2a: Calyrex
|-damage|p2a: Calyrex|36/100
|move|p1a: Zamazenta|Body Press|p2a: Calyrex
|-damage|p2a: Calyrex|0 fnt
|faint|p2a: Calyrex
|
|upkeep
|
|t:|1750873811
|switch|p2a: Greedent|Greedent, L50, F, shiny|100/100
|turn|3
|
|t:|1750873817
|-end|p1b: Raging Bolt|Protosynthesis|[silent]
|switch|p1b: Incineroar|Incineroar, L50, F|100/100
|-ability|p1b: Incineroar|Intimidate|boost
|-unboost|p2a: Greedent|atk|1
|-unboost|p2b: Necrozma|atk|1
|move|p1a: Zamazenta|Protect|p1a: Zamazenta
|-singleturn|p1a: Zamazenta|Protect
|move|p2a: Greedent|Belly Drum|p2a: Greedent
|-damage|p2a: Greedent|50/100
|-setboost|p2a: Greedent|atk|6|[from] move: Belly Drum
|-enditem|p2a: Greedent|Sitrus Berry|[eat]
|-heal|p2a: Greedent|75/100|[from] item: Sitrus Berry
|-heal|p2a: Greedent|100/100|[from] ability: Cheek Pouch
|move|p2b: Necrozma|Expanding Force|p1b: Incineroar|[spread] 
|-activate|p1a: Zamazenta|move: Protect
|-immune|p1b: Incineroar
|
|upkeep
|turn|4
|inactive|gamelives has 30 seconds left.
|
|t:|1750873852
|switch|p1b: Raging Bolt|Raging Bolt, L50, tera:Electric|27/100
|move|p1a: Zamazenta|Wide Guard|p1a: Zamazenta
|-singleturn|p1a: Zamazenta|Wide Guard
|move|p2a: Greedent|Facade|p1b: Raging Bolt
|-damage|p1b: Raging Bolt|0 fnt
|faint|p1b: Raging Bolt
|-end|p1b: Raging Bolt|Protosynthesis|[silent]
|move|p2b: Necrozma|Moongeist Beam|p1a: Zamazenta
|-damage|p1a: Zamazenta|0 fnt
|faint|p1a: Zamazenta
|
|upkeep
|
|t:|1750873869
|switch|p1b: Calyrex|Calyrex-Shadow, L50|100/100
|switch|p1a: Incineroar|Incineroar, L50, F|100/100
|-ability|p1b: Calyrex|As One
|-ability|p1b: Calyrex|Unnerve
|-ability|p1a: Incineroar|Intimidate|boost
|-unboost|p2a: Greedent|atk|1
|-unboost|p2b: Necrozma|atk|1
|turn|5
|
|t:|1750873883
|move|p1b: Calyrex|Protect|p1b: Calyrex
|-singleturn|p1b: Calyrex|Protect
|move|p2a: Greedent|Knock Off|p1b: Calyrex
|-activate|p1b: Calyrex|move: Protect
|move|p2b: Necrozma|Meteor Beam||[still]
|-prepare|p2b: Necrozma|Meteor Beam
|-boost|p2b: Necrozma|spa|1
|-enditem|p2b: Necrozma|Power Herb
|-anim|p2b: Necrozma|Meteor Beam|p1b: Calyrex
|-activate|p1b: Calyrex|move: Protect
|move|p1a: Incineroar|Knock Off|p2b: Necrozma
|-supereffective|p2b: Necrozma
|-damage|p2b: Necrozma|39/100
|
|-fieldend|move: Trick Room
|-fieldend|move: Psychic Terrain
|upkeep
|turn|6
|inactive|gamelives has 30 seconds left.
|
|t:|1750873916
|-terastallize|p2b: Necrozma|Grass
|move|p1a: Incineroar|Helping Hand|p1b: Calyrex
|-singleturn|p1b: Calyrex|Helping Hand|[of] p1a: Incineroar
|move|p1b: Calyrex|Psychic|p2a: Greedent
|-damage|p2a: Greedent|6/100
|-damage|p1b: Calyrex|91/100|[from] item: Life Orb
|move|p2a: Greedent|Knock Off|p1b: Calyrex
|-supereffective|p1b: Calyrex
|-damage|p1b: Calyrex|0 fnt
|-enditem|p1b: Calyrex|Life Orb|[from] move: Knock Off|[of] p2a: Greedent
|faint|p1b: Calyrex
|move|p2b: Necrozma|Trick Room|p2b: Necrozma
|-fieldstart|move: Trick Room|[of] p2b: Necrozma
|
|upkeep
|turn|7
|inactive|gamelives has 30 seconds left.
|l|☆gamelives
|inactive|gamelives disconnected and has a minute to reconnect!
|player|p1|
|inactive|gamelives has 20 seconds left.
|inactive|gamelives has 15 seconds left.
|inactive|gamelives has 10 seconds left.
|inactive|gamelives has 5 seconds left.
|-message|gamelives lost due to inactivity.
|
|win|Slowpoke Well YT
|raw|gamelives's rating: 1457 &rarr; <strong>1436</strong><br />(-21 for losing)
|raw|Slowpoke Well YT's rating: 1445 &rarr; <strong>1466</strong><br />(+21 for winning)
|l|☆Slowpoke Well YT
|player|p2|
