|j|☆Testingstuffuser4
|j|☆trick room4
|t:|1750768934
|gametype|doubles
|player|p1|Testingstuffuser4|101|1435
|player|p2|trick room4|170|1382
|teamsize|p1|6
|teamsize|p2|6
|gen|9
|tier|[Gen 9] VGC 2025 Reg I
|rated|
|rule|Species Clause: Limit one of each Pokémon
|rule|Item Clause: Limit 1 of each item
|clearpoke
|poke|p1|Koraidon, L50|
|poke|p1|Amoonguss, L50, F|
|poke|p1|Incineroar, L50, F|
|poke|p1|Gothitelle, L50, M|
|poke|p1|Scream Tail, L50|
|poke|p1|Calyrex-Shadow, L50|
|poke|p2|Calyrex-Ice, L50|
|poke|p2|Miraidon, L50|
|poke|p2|Volcarona, L50, F|
|poke|p2|Grimmsnarl, L50, M|
|poke|p2|Iron Hands, L50|
|poke|p2|Urshifu-*, L50, F|
|teampreview|4
|inactive|Battle timer is ON: inactive players will automatically lose when time's up. (requested by trick room4)
|inactive|Testingstuffuser4 has 60 seconds left.
|
|t:|1750768970
|start
|switch|p1a: Gothitelle|Gothitelle, L50, M|100/100
|switch|p1b: Scream Tail|Scream Tail, L50, shiny|100/100
|switch|p2a: Calyrex|Calyrex-Ice, L50|100/100
|switch|p2b: Iron Hands|Iron Hands, L50|100/100
|-ability|p2a: Calyrex|As One
|-ability|p2a: Calyrex|Unnerve
|-enditem|p1b: Scream Tail|Booster Energy
|-activate|p1b: Scream Tail|ability: Protosynthesis|[fromitem]
|-start|p1b: Scream Tail|protosynthesisspe
|turn|1
|inactive|Testingstuffuser4 has 30 seconds left.
|
|t:|1750768997
|move|p1a: Gothitelle|Fake Out|p2b: Iron Hands
|-damage|p2b: Iron Hands|97/100
|move|p1b: Scream Tail|Perish Song|p1b: Scream Tail
|-start|p1a: Gothitelle|perish3|[silent]
|-start|p1b: Scream Tail|perish3|[silent]
|-start|p2a: Calyrex|perish3|[silent]
|-start|p2b: Iron Hands|perish3|[silent]
|-fieldactivate|move: Perish Song
|move|p2a: Calyrex|Glacial Lance|p1a: Gothitelle|[spread] p1a,p1b
|-damage|p1a: Gothitelle|56/100
|-damage|p1b: Scream Tail|60/100
|cant|p2b: Iron Hands|flinch
|
|-heal|p1a: Gothitelle|62/100|[from] item: Leftovers
|-start|p1b: Scream Tail|perish3
|-start|p1a: Gothitelle|perish3
|-start|p2b: Iron Hands|perish3
|-start|p2a: Calyrex|perish3
|upkeep
|turn|2
|
|t:|1750769017
|move|p1a: Gothitelle|Protect|p1a: Gothitelle
|-singleturn|p1a: Gothitelle|Protect
|move|p1b: Scream Tail|Disable|p2a: Calyrex
|-start|p2a: Calyrex|Disable|Glacial Lance
|move|p2b: Iron Hands|Heavy Slam|p1b: Scream Tail
|-supereffective|p1b: Scream Tail
|-damage|p1b: Scream Tail|0 fnt
|faint|p1b: Scream Tail
|-end|p1b: Scream Tail|Protosynthesis|[silent]
|cant|p2a: Calyrex|Disable|Glacial Lance
|
|-heal|p1a: Gothitelle|68/100|[from] item: Leftovers
|-start|p1a: Gothitelle|perish2
|-start|p2b: Iron Hands|perish2
|-start|p2a: Calyrex|perish2
|upkeep
|
|t:|1750769033
|switch|p1b: Incineroar|Incineroar, L50, F|100/100
|-ability|p1b: Incineroar|Intimidate|boost
|-fail|p2a: Calyrex|unboost|[from] item: Clear Amulet|[of] p2a: Calyrex
|-unboost|p2b: Iron Hands|atk|1
|turn|3
|
|t:|1750769056
|-terastallize|p2b: Iron Hands|Dark
|move|p1b: Incineroar|Fake Out|p2b: Iron Hands
|-damage|p2b: Iron Hands|89/100
|move|p1a: Gothitelle|Taunt|p2a: Calyrex
|-start|p2a: Calyrex|move: Taunt
|cant|p2a: Calyrex|move: Taunt|Imprison
|cant|p2b: Iron Hands|flinch
|
|-heal|p1a: Gothitelle|75/100|[from] item: Leftovers
|-start|p1a: Gothitelle|perish1
|-start|p2b: Iron Hands|perish1
|-start|p2a: Calyrex|perish1
|upkeep
|turn|4
|inactive|Testingstuffuser4 has 30 seconds left.
|
|t:|1750769082
|switch|p1a: Koraidon|Koraidon, L50|100/100
|-weather|SunnyDay|[from] ability: Orichalcum Pulse|[of] p1a: Koraidon
|-activate|p1a: Koraidon|Orichalcum Pulse|[source]
|move|p1b: Incineroar|Parting Shot|p2b: Iron Hands
|-unboost|p2b: Iron Hands|atk|1
|-unboost|p2b: Iron Hands|spa|1
|
|t:|1750769088
|switch|p1b: Gothitelle|Gothitelle, L50, M|75/100|[from] Parting Shot
|move|p2b: Iron Hands|Tera Blast|p1a: Koraidon|[anim] Tera Blast Dark
|-resisted|p1a: Koraidon
|-damage|p1a: Koraidon|90/100
|-activate|p2a: Calyrex|move: Struggle
|move|p2a: Calyrex|Struggle|p1b: Gothitelle
|-crit|p1b: Gothitelle
|-damage|p1b: Gothitelle|50/100
|-damage|p2a: Calyrex|76/100|[from] recoil
|
|-weather|SunnyDay|[upkeep]
|-heal|p1b: Gothitelle|56/100|[from] item: Leftovers
|-start|p2a: Calyrex|perish0
|-start|p2b: Iron Hands|perish0
|upkeep
|faint|p2a: Calyrex
|faint|p2b: Iron Hands
|-end|p2b: Iron Hands|Quark Drive|[silent]
|
|t:|1750769094
|switch|p2b: Miraidon|Miraidon, L50|100/100
|switch|p2a: Urshifu|Urshifu-Rapid-Strike, L50, F|100/100
|-fieldstart|move: Electric Terrain|[from] ability: Hadron Engine|[of] p2b: Miraidon
|turn|5
|
|t:|1750769114
|move|p1b: Gothitelle|Fake Out|p2a: Urshifu
|-damage|p2a: Urshifu|95/100
|move|p1a: Koraidon|Close Combat|p2b: Miraidon
|-damage|p2b: Miraidon|0 fnt
|-unboost|p1a: Koraidon|def|1
|-unboost|p1a: Koraidon|spd|1
|faint|p2b: Miraidon
|-damage|p1a: Koraidon|80/100|[from] item: Life Orb
|cant|p2a: Urshifu|flinch
|
|-weather|SunnyDay|[upkeep]
|-heal|p1b: Gothitelle|63/100|[from] item: Leftovers
|upkeep
|turn|6
|
|t:|1750769124
|switch|p1a: Incineroar|Incineroar, L50, F|100/100
|-ability|p1a: Incineroar|Intimidate|boost
|-unboost|p2a: Urshifu|atk|1
|move|p2a: Urshifu|Close Combat|p1a: Incineroar
|-supereffective|p1a: Incineroar
|-damage|p1a: Incineroar|26/100
|-unboost|p2a: Urshifu|def|1
|-unboost|p2a: Urshifu|spd|1
|move|p1b: Gothitelle|Psychic|p2a: Urshifu
|-supereffective|p2a: Urshifu
|-damage|p2a: Urshifu|0 fnt
|faint|p2a: Urshifu
|
|win|Testingstuffuser4
|raw|Testingstuffuser4's rating: 1435 &rarr; <strong>1452</strong><br />(+17 for winning)
|raw|trick room4's rating: 1382 &rarr; <strong>1365</strong><br />(-17 for losing)
|l|☆trick room4
|player|p2|
|l|☆Testingstuffuser4
|player|p1|
