|j|☆ItsZachStone
|j|‽Ggeacc
|t:|1750804956
|gametype|doubles
|player|p1|ItsZachStone|flannery|1346
|player|p2|Ggeacc|101|1266
|teamsize|p1|6
|teamsize|p2|6
|gen|9
|tier|[Gen 9] VGC 2025 Reg I
|rated|
|rule|Species Clause: Limit one of each Pokémon
|rule|Item Clause: Limit 1 of each item
|clearpoke
|poke|p1|Toxicroak, L50, F|
|poke|p1|Calyrex-Ice, L50|
|poke|p1|Rillaboom, L50, F|
|poke|p1|Landorus-Therian, L50, M|
|poke|p1|Kyogre, L50|
|poke|p1|Amoonguss, L50, F|
|poke|p2|Miraidon, L50|
|poke|p2|Incineroar, L50, M|
|poke|p2|Iron Hands, L50|
|poke|p2|Dewgong, L50, F|
|poke|p2|Groudon, L50|
|poke|p2|Flutter Mane, L50|
|teampreview|4
|inactive|Battle timer is ON: inactive players will automatically lose when time's up. (requested by Ggeacc)
|inactive|ItsZachStone also wants the timer to be on.
|inactive|ItsZachStone has 60 seconds left.
|inactive|ItsZachStone has 30 seconds left.
|
|t:|1750805021
|start
|switch|p1a: Landorus|Landorus-Therian, L50, M|100/100
|switch|p1b: Rillaboom|Rillaboom, L50, F|100/100
|switch|p2a: Groudon|Groudon, L50|100/100
|switch|p2b: Dewgong|Dewgong, L50, F|100/100
|-ability|p1a: Landorus|Intimidate|boost
|-unboost|p2a: Groudon|atk|1
|-unboost|p2b: Dewgong|atk|1
|-weather|SunnyDay|[from] ability: Drought|[of] p2a: Groudon
|-fieldstart|move: Grassy Terrain|[from] ability: Grassy Surge|[of] p1b: Rillaboom
|turn|1
|
|t:|1750805045
|switch|p2a: Miraidon|Miraidon, L50|100/100
|-fieldstart|move: Electric Terrain|[from] ability: Hadron Engine|[of] p2a: Miraidon
|move|p1b: Rillaboom|Fake Out|p2a: Miraidon
|-damage|p2a: Miraidon|87/100
|move|p1a: Landorus|U-turn|p2b: Dewgong
|-damage|p2b: Dewgong|73/100
|
|t:|1750805054
|switch|p1a: Kyogre|Kyogre, L50|100/100|[from] U-turn
|-weather|RainDance|[from] ability: Drizzle|[of] p1a: Kyogre
|move|p2b: Dewgong|Icy Wind|p1a: Kyogre|[spread] p1a,p1b
|-resisted|p1a: Kyogre
|-supereffective|p1b: Rillaboom
|-damage|p1a: Kyogre|97/100
|-damage|p1b: Rillaboom|88/100
|-unboost|p1a: Kyogre|spe|1
|-unboost|p1b: Rillaboom|spe|1
|
|-weather|RainDance|[upkeep]
|upkeep
|turn|2
|
|t:|1750805072
|switch|p1a: Landorus|Landorus-Therian, L50, M|100/100
|-ability|p1a: Landorus|Intimidate|boost
|-unboost|p2a: Miraidon|atk|1
|-unboost|p2b: Dewgong|atk|1
|move|p2a: Miraidon|Draco Meteor|p1a: Landorus
|-damage|p1a: Landorus|0 fnt
|-unboost|p2a: Miraidon|spa|2
|faint|p1a: Landorus
|move|p2b: Dewgong|Icy Wind|p1b: Rillaboom
|-supereffective|p1b: Rillaboom
|-damage|p1b: Rillaboom|70/100
|-unboost|p1b: Rillaboom|spe|1
|move|p1b: Rillaboom|U-turn|p2b: Dewgong
|-damage|p2b: Dewgong|47/100
|
|t:|1750805084
|switch|p1b: Calyrex|Calyrex-Ice, L50|100/100|[from] U-turn
|-ability|p1b: Calyrex|As One
|-ability|p1b: Calyrex|Unnerve
|
|-weather|RainDance|[upkeep]
|upkeep
|
|t:|1750805086
|switch|p1a: Rillaboom|Rillaboom, L50, F|70/100
|-fieldstart|move: Grassy Terrain|[from] ability: Grassy Surge|[of] p1a: Rillaboom
|turn|3
|
|t:|1750805113
|switch|p2a: Flutter Mane|Flutter Mane, L50|100/100
|move|p2b: Dewgong|Protect|p2b: Dewgong
|-singleturn|p2b: Dewgong|Protect
|move|p1a: Rillaboom|U-turn|p2a: Flutter Mane
|-resisted|p2a: Flutter Mane
|-damage|p2a: Flutter Mane|87/100
|
|t:|1750805119
|switch|p1a: Kyogre|Kyogre, L50|97/100|[from] U-turn
|move|p1b: Calyrex|Trick Room|p1b: Calyrex
|-fieldstart|move: Trick Room|[of] p1b: Calyrex
|
|-weather|RainDance|[upkeep]
|-heal|p1a: Kyogre|100/100|[from] Grassy Terrain
|-heal|p2b: Dewgong|53/100|[from] Grassy Terrain
|-heal|p2a: Flutter Mane|93/100|[from] Grassy Terrain
|upkeep
|turn|4
|inactive|Ggeacc has 30 seconds left.
|inactive|Ggeacc has 20 seconds left.
|
|t:|1750805156
|move|p2a: Flutter Mane|Protect|p2a: Flutter Mane
|-singleturn|p2a: Flutter Mane|Protect
|move|p2b: Dewgong|Aqua Jet|p1b: Calyrex
|-damage|p1b: Calyrex|96/100
|move|p1b: Calyrex|Glacial Lance|p2a: Flutter Mane|[spread] p2b
|-activate|p2a: Flutter Mane|move: Protect
|-resisted|p2b: Dewgong
|-damage|p2b: Dewgong|47/100
|move|p1a: Kyogre|Water Spout|p2a: Flutter Mane|[spread] p2b
|-activate|p2a: Flutter Mane|move: Protect
|-resisted|p2b: Dewgong
|-damage|p2b: Dewgong|0 fnt
|faint|p2b: Dewgong
|
|-weather|RainDance|[upkeep]
|-heal|p1b: Calyrex|100/100|[from] Grassy Terrain
|-heal|p2a: Flutter Mane|99/100|[from] Grassy Terrain
|upkeep
|
|t:|1750805170
|switch|p2b: Groudon|Groudon, L50|100/100
|-weather|SunnyDay|[from] ability: Drought|[of] p2b: Groudon
|-activate|p2a: Flutter Mane|ability: Protosynthesis
|-start|p2a: Flutter Mane|protosynthesisspe
|turn|5
|inactive|ItsZachStone has 30 seconds left.
|inactive|Ggeacc has 30 seconds left.
|
|t:|1750805206
|-terastallize|p1b: Calyrex|Water
|move|p2a: Flutter Mane|Protect|p2a: Flutter Mane
|-singleturn|p2a: Flutter Mane|Protect
|move|p1b: Calyrex|Glacial Lance|p2a: Flutter Mane|[spread] p2b
|-activate|p2a: Flutter Mane|move: Protect
|-supereffective|p2b: Groudon
|-damage|p2b: Groudon|22/100
|-enditem|p2b: Groudon|Weakness Policy
|-boost|p2b: Groudon|atk|2|[from] item: Weakness Policy
|-boost|p2b: Groudon|spa|2|[from] item: Weakness Policy
|move|p2b: Groudon|Precipice Blades|p1b: Calyrex|[spread] p1a,p1b
|-damage|p1a: Kyogre|0 fnt
|-damage|p1b: Calyrex|48/100
|faint|p1a: Kyogre
|
|-weather|SunnyDay|[upkeep]
|-heal|p1b: Calyrex|54/100|[from] Grassy Terrain
|-heal|p1b: Calyrex|60/100|[from] item: Leftovers
|-heal|p2b: Groudon|28/100|[from] Grassy Terrain
|-heal|p2a: Flutter Mane|100/100|[from] Grassy Terrain
|upkeep
|
|t:|1750805222
|switch|p1a: Rillaboom|Rillaboom, L50, F|70/100
|turn|6
|
|t:|1750805237
|-end|p2a: Flutter Mane|Protosynthesis|[silent]
|switch|p2a: Miraidon|Miraidon, L50|87/100
|-fieldstart|move: Electric Terrain|[from] ability: Hadron Engine|[of] p2a: Miraidon
|move|p2b: Groudon|Protect|p2b: Groudon
|-singleturn|p2b: Groudon|Protect
|move|p1b: Calyrex|Glacial Lance|p2b: Groudon|[spread] p2a
|-activate|p2b: Groudon|move: Protect
|-supereffective|p2a: Miraidon
|-damage|p2a: Miraidon|0 fnt
|faint|p2a: Miraidon
|-ability|p1b: Calyrex|Chilling Neigh|boost
|-boost|p1b: Calyrex|atk|1
|move|p1a: Rillaboom|Wood Hammer|p2b: Groudon
|-activate|p2b: Groudon|move: Protect
|
|-weather|SunnyDay|[upkeep]
|-heal|p1b: Calyrex|66/100|[from] item: Leftovers
|upkeep
|
|t:|1750805256
|switch|p2a: Flutter Mane|Flutter Mane, L50|100/100
|-activate|p2a: Flutter Mane|ability: Protosynthesis
|-start|p2a: Flutter Mane|protosynthesisspe
|turn|7
|inactive|Ggeacc has 30 seconds left.
|
|t:|1750805285
|-terastallize|p2a: Flutter Mane|Fairy
|move|p2b: Groudon|Protect||[still]
|-fail|p2b: Groudon
|move|p1b: Calyrex|Glacial Lance|p2a: Flutter Mane|[spread] p2a,p2b
|-supereffective|p2b: Groudon
|-enditem|p2a: Flutter Mane|Focus Sash
|-damage|p2a: Flutter Mane|1/100
|-damage|p2b: Groudon|0 fnt
|faint|p2b: Groudon
|-ability|p1b: Calyrex|Chilling Neigh|boost
|-boost|p1b: Calyrex|atk|1
|move|p1a: Rillaboom|Wood Hammer|p2a: Flutter Mane
|-damage|p2a: Flutter Mane|0 fnt
|faint|p2a: Flutter Mane
|-end|p2a: Flutter Mane|Protosynthesis|[silent]
|-damage|p1a: Rillaboom|69/100|[from] Recoil
|
|win|ItsZachStone
|raw|ItsZachStone's rating: 1346 &rarr; <strong>1361</strong><br />(+15 for winning)
|raw|Ggeacc's rating: 1266 &rarr; <strong>1247</strong><br />(-19 for losing)
|l|‽Ggeacc
|player|p2|
|l|☆ItsZachStone
|player|p1|
