|j|☆ayu97
|j|☆ddy999
|t:|1750834109
|gametype|doubles
|player|p1|ayu97|1|1453
|player|p2|ddy999|2|1572
|teamsize|p1|6
|teamsize|p2|6
|gen|9
|tier|[Gen 9] VGC 2025 Reg I
|rated|
|rule|Species Clause: Limit one of each Pokémon
|rule|Item Clause: Limit 1 of each item
|clearpoke
|poke|p1|Lunala, L50|
|poke|p1|Scream Tail, L50|
|poke|p1|Zamazenta-*, L50|
|poke|p1|Incineroar, L50, F|
|poke|p1|Rillaboom, L50, F|
|poke|p1|Grimmsnarl, L50, M|
|poke|p2|Dragonite, L50, M|
|poke|p2|Calyrex-Shadow, L50|
|poke|p2|Chien-Pao, L50|
|poke|p2|Zamazenta-*, L50|
|poke|p2|Ting-Lu, L50|
|poke|p2|Latias, L50, F|
|teampreview|4
|
|t:|1750834212
|start
|switch|p1a: Zamazenta|Zamazenta-Crowned, L50, shiny|100/100
|switch|p1b: Lunala|Lunala, L50|100/100
|switch|p2a: Calyrex|Calyrex-Shadow, L50|100/100
|switch|p2b: Dragonite|Dragonite, L50, M|100/100
|-ability|p2a: Calyrex|As One
|-ability|p2a: Calyrex|Unnerve
|-ability|p1a: Zamazenta|Dauntless Shield|boost
|-boost|p1a: Zamazenta|def|1
|turn|1
|
|t:|1750834239
|-terastallize|p1b: Lunala|Fairy
|move|p1a: Zamazenta|Wide Guard|p1a: Zamazenta
|-singleturn|p1a: Zamazenta|Wide Guard
|move|p2a: Calyrex|Pollen Puff|p1b: Lunala
|-resisted|p1b: Lunala
|-damage|p1b: Lunala|95/100
|move|p1b: Lunala|Calm Mind|p1b: Lunala
|-boost|p1b: Lunala|spa|1
|-boost|p1b: Lunala|spd|1
|move|p2b: Dragonite|Outrage|p1a: Zamazenta
|-resisted|p1a: Zamazenta
|-damage|p1a: Zamazenta|79/100
|
|-heal|p1b: Lunala|100/100|[from] item: Leftovers
|upkeep
|turn|2
|
|t:|1750834257
|move|p2a: Calyrex|Psychic|p1a: Zamazenta
|-damage|p1a: Zamazenta|35/100
|-unboost|p1a: Zamazenta|spd|1
|move|p1a: Zamazenta|Heavy Slam|p2a: Calyrex
|-damage|p2a: Calyrex|39/100
|move|p1b: Lunala|Moongeist Beam|p2a: Calyrex
|-supereffective|p2a: Calyrex
|-damage|p2a: Calyrex|0 fnt
|faint|p2a: Calyrex
|move|p2b: Dragonite|Outrage|p1b: Lunala|[from] lockedmove
|-immune|p1b: Lunala
|-start|p2b: Dragonite|confusion|[fatigue]
|
|upkeep
|
|t:|1750834280
|switch|p2a: Zamazenta|Zamazenta-Crowned, L50|100/100
|-ability|p2a: Zamazenta|Dauntless Shield|boost
|-boost|p2a: Zamazenta|def|1
|turn|3
|j| klkir
|
|t:|1750834291
|switch|p2b: Chien-Pao|Chien-Pao, L50|100/100
|-ability|p2b: Chien-Pao|Sword of Ruin
|move|p2a: Zamazenta|Imprison|p2a: Zamazenta
|-start|p2a: Zamazenta|move: Imprison
|cant|p1a: Zamazenta|move: Imprison|Body Press
|move|p1b: Lunala|Moongeist Beam|p2a: Zamazenta
|-damage|p2a: Zamazenta|37/100
|
|upkeep
|turn|4
|
|t:|1750834327
|move|p2a: Zamazenta|Protect|p2a: Zamazenta
|-singleturn|p2a: Zamazenta|Protect
|move|p2b: Chien-Pao|Ice Spinner|p1b: Lunala
|-damage|p1b: Lunala|74/100
|-damage|p2b: Chien-Pao|91/100|[from] item: Life Orb
|move|p1a: Zamazenta|Heavy Slam|p2b: Chien-Pao
|-supereffective|p2b: Chien-Pao
|-damage|p2b: Chien-Pao|0 fnt
|faint|p2b: Chien-Pao
|move|p1b: Lunala|Moongeist Beam|p2a: Zamazenta
|-activate|p2a: Zamazenta|move: Protect
|
|-heal|p1b: Lunala|80/100|[from] item: Leftovers
|upkeep
|l| klkir
|
|t:|1750834340
|switch|p2b: Dragonite|Dragonite, L50, M|100/100
|turn|5
|inactive|Battle timer is ON: inactive players will automatically lose when time's up. (requested by ayu97)
|
|t:|1750834414
|-terastallize|p2b: Dragonite|Normal
|move|p2b: Dragonite|Extreme Speed|p1b: Lunala
|-damage|p1b: Lunala|33/100
|move|p2a: Zamazenta|Body Press|p1b: Lunala
|-resisted|p1b: Lunala
|-damage|p1b: Lunala|6/100
|move|p1a: Zamazenta|Heavy Slam|p2b: Dragonite
|-damage|p2b: Dragonite|73/100
|move|p1b: Lunala|Moongeist Beam|p2a: Zamazenta
|-damage|p2a: Zamazenta|0 fnt
|faint|p2a: Zamazenta
|
|-heal|p1b: Lunala|12/100|[from] item: Leftovers
|upkeep
|turn|6
|-message|ddy999 forfeited.
|
|win|ayu97
|raw|ayu97's rating: 1453 &rarr; <strong>1480</strong><br />(+27 for winning)
|raw|ddy999's rating: 1572 &rarr; <strong>1545</strong><br />(-27 for losing)
|l|☆ddy999
|player|p2|
|l|☆ayu97
|player|p1|
