|j|☆Ivievolucion
|j|☆relooo
|t:|1750832811
|gametype|doubles
|player|p1|Ivievolucion|fisherman|1282
|player|p2|relooo|265|1245
|teamsize|p1|6
|teamsize|p2|6
|gen|9
|tier|[Gen 9] VGC 2025 Reg I
|rated|
|rule|Species Clause: Limit one of each Pokémon
|rule|Item Clause: Limit 1 of each item
|clearpoke
|poke|p1|Amoonguss, L50, F|
|poke|p1|Calyrex-Ice, L50|
|poke|p1|Kyogre, L50|
|poke|p1|Grimmsnarl, L50, M|
|poke|p1|Flutter Mane, L50|
|poke|p1|Basculegion, L50, M|
|poke|p2|Zamazenta-*, L50|
|poke|p2|Miraidon, L50|
|poke|p2|Whimsicott, L50, F|
|poke|p2|Urshifu-*, L50, F|
|poke|p2|Iron Hands, L50|
|poke|p2|Farigiraf, L50, M|
|teampreview|4
Ivievolucion rejected open team sheets.
|inactive|Battle timer is ON: inactive players will automatically lose when time's up. (requested by Ivievolucion)
|
|t:|1750832885
|start
|switch|p1a: Grimmsnarl|Grimmsnarl, L50, M|100/100
|switch|p1b: Calyrex|Calyrex-Ice, L50|100/100
|switch|p2a: Iron Hands|Iron Hands, L50|100/100
|switch|p2b: Miraidon|Miraidon, L50|100/100
|-ability|p1b: Calyrex|As One
|-ability|p1b: Calyrex|Unnerve
|-fieldstart|move: Electric Terrain|[from] ability: Hadron Engine|[of] p2b: Miraidon
|-activate|p2a: Iron Hands|ability: Quark Drive
|-start|p2a: Iron Hands|quarkdriveatk
|turn|1
|
|t:|1750832905
|-terastallize|p1b: Calyrex|Fairy
|move|p2a: Iron Hands|Fake Out|p1b: Calyrex
|-damage|p1b: Calyrex|90/100
|move|p1a: Grimmsnarl|Light Screen|p1a: Grimmsnarl
|-sidestart|p1: Ivievolucion|move: Light Screen
|move|p2b: Miraidon|Electro Drift|p1a: Grimmsnarl
|-damage|p1a: Grimmsnarl|9/100
|cant|p1b: Calyrex|flinch
|
|-heal|p1b: Calyrex|96/100|[from] item: Leftovers
|upkeep
|turn|2
|inactive|relooo has 30 seconds left.
|
|t:|1750832933
|move|p1a: Grimmsnarl|Reflect|p1a: Grimmsnarl
|-sidestart|p1: Ivievolucion|Reflect
|move|p2b: Miraidon|Electro Drift|p1b: Calyrex
|-damage|p1b: Calyrex|39/100
|move|p2a: Iron Hands|Wild Charge|p1b: Calyrex
|-damage|p1b: Calyrex|6/100
|-damage|p2a: Iron Hands|93/100|[from] Recoil
|move|p1b: Calyrex|Glacial Lance|p2a: Iron Hands|[spread] p2a,p2b
|-supereffective|p2b: Miraidon
|-damage|p2a: Iron Hands|63/100
|-damage|p2b: Miraidon|8/100
|
|-heal|p1b: Calyrex|12/100|[from] item: Leftovers
|upkeep
|turn|3
|
|t:|1750832951
|move|p1b: Calyrex|Protect|p1b: Calyrex
|-singleturn|p1b: Calyrex|Protect
|move|p1a: Grimmsnarl|Sucker Punch|p2b: Miraidon
|-damage|p2b: Miraidon|0 fnt
|faint|p2b: Miraidon
|move|p2a: Iron Hands|Wild Charge|p1b: Calyrex
|-activate|p1b: Calyrex|move: Protect
|
|-heal|p1b: Calyrex|18/100|[from] item: Leftovers
|upkeep
|inactive|relooo has 30 seconds left.
|inactive|relooo has 20 seconds left.
|
|t:|1750832986
|switch|p2b: Urshifu|Urshifu-Rapid-Strike, L50, F|100/100
|turn|4
|
|t:|1750832997
|move|p2b: Urshifu|U-turn|p1a: Grimmsnarl
|-damage|p1a: Grimmsnarl|0 fnt
|faint|p1a: Grimmsnarl
|
|t:|1750833001
|switch|p2b: Zamazenta|Zamazenta-Crowned, L50|100/100|[from] U-turn
|-ability|p2b: Zamazenta|Dauntless Shield|boost
|-boost|p2b: Zamazenta|def|1
|move|p2a: Iron Hands|Wild Charge|p1b: Calyrex
|-damage|p1b: Calyrex|0 fnt
|faint|p1b: Calyrex
|-damage|p2a: Iron Hands|59/100|[from] Recoil
|
|upkeep
|
|t:|1750833007
|switch|p1a: Kyogre|Kyogre, L50|100/100
|switch|p1b: Basculegion|Basculegion, L50, M|100/100
|-weather|RainDance|[from] ability: Drizzle|[of] p1a: Kyogre
|turn|5
|
|t:|1750833028
|-terastallize|p2b: Zamazenta|Dragon
|move|p2b: Zamazenta|Wide Guard|p2b: Zamazenta
|-singleturn|p2b: Zamazenta|Wide Guard
|move|p1b: Basculegion|Last Respects|p2b: Zamazenta
|-damage|p2b: Zamazenta|63/100
|-damage|p1b: Basculegion|91/100|[from] item: Life Orb
|move|p1a: Kyogre|Hydro Pump|p2a: Iron Hands
|-damage|p2a: Iron Hands|0 fnt
|faint|p2a: Iron Hands
|-end|p2a: Iron Hands|Quark Drive|[silent]
|
|-weather|RainDance|[upkeep]
|-fieldend|move: Electric Terrain
|upkeep
|
|t:|1750833038
|switch|p2a: Urshifu|Urshifu-Rapid-Strike, L50, F|100/100
|turn|6
|
|t:|1750833052
|move|p1b: Basculegion|Last Respects|p2a: Urshifu
|-damage|p2a: Urshifu|0 fnt
|faint|p2a: Urshifu
|-damage|p1b: Basculegion|81/100|[from] item: Life Orb
|move|p2b: Zamazenta|Body Press|p1a: Kyogre
|-damage|p1a: Kyogre|57/100
|move|p1a: Kyogre|Hydro Pump|p2b: Zamazenta|[miss]
|-miss|p1a: Kyogre|p2b: Zamazenta
|
|-weather|RainDance|[upkeep]
|upkeep
|turn|7
|
|t:|1750833074
|move|p1b: Basculegion|Last Respects|p2b: Zamazenta
|-damage|p2b: Zamazenta|24/100
|-damage|p1b: Basculegion|72/100|[from] item: Life Orb
|move|p2b: Zamazenta|Body Press|p1a: Kyogre
|-damage|p1a: Kyogre|12/100
|move|p1a: Kyogre|Origin Pulse|p2b: Zamazenta
|-resisted|p2b: Zamazenta
|-damage|p2b: Zamazenta|0 fnt
|faint|p2b: Zamazenta
|
|win|Ivievolucion
|raw|Ivievolucion's rating: 1282 &rarr; <strong>1304</strong><br />(+22 for winning)
|raw|relooo's rating: 1245 &rarr; <strong>1223</strong><br />(-22 for losing)
|l|☆relooo
|player|p2|
