|j|☆Taroda
|j|☆suc vat vk
|t:|1750849034
|gametype|doubles
|player|p1|Taroda|265|1312
|player|p2|suc vat vk|kimonogirl|1191
|teamsize|p1|6
|teamsize|p2|6
|gen|9
|tier|[Gen 9] VGC 2025 Reg I
|rated|
|rule|Species Clause: Limit one of each Pokémon
|rule|Item Clause: Limit 1 of each item
|clearpoke
|poke|p1|Ursaluna, L50, F|
|poke|p1|Miraidon, L50|
|poke|p1|Lunala, L50|
|poke|p1|Incineroar, L50, F|
|poke|p1|Urshifu-*, L50, F|
|poke|p1|Whimsicott, L50, F|
|poke|p2|Incineroar, L50, M|
|poke|p2|Grimmsnarl, L50, M|
|poke|p2|Lunala, L50|
|poke|p2|Ogerpon-Hearthflame, L50, F|
|poke|p2|Koraidon, L50|
|poke|p2|Chien-Pao, L50|
|teampreview|4
|inactive|Battle timer is ON: inactive players will automatically lose when time's up. (requested by suc vat vk)
|
|t:|1750849110
|start
|switch|p1a: Incineroar|Incineroar, L50, F|100/100
|switch|p1b: Miraidon|Miraidon, L50|100/100
|switch|p2a: Chien-Pao|Chien-Pao, L50|100/100
|switch|p2b: Incineroar|Incineroar, L50, M, shiny|100/100
|-ability|p2a: Chien-Pao|Sword of Ruin
|-fieldstart|move: Electric Terrain|[from] ability: Hadron Engine|[of] p1b: Miraidon
|-ability|p1a: Incineroar|Intimidate|boost
|-unboost|p2a: Chien-Pao|atk|1
|-unboost|p2b: Incineroar|atk|1
|-ability|p2b: Incineroar|Intimidate|boost
|-unboost|p1a: Incineroar|atk|1
|-unboost|p1b: Miraidon|atk|1
|turn|1
|inactive|Taroda has 30 seconds left.
|inactive|Taroda has 20 seconds left.
|inactive|Taroda has 15 seconds left.
|
|t:|1750849150
|switch|p1b: Ursaluna|Ursaluna, L50, F|100/100
|move|p2a: Chien-Pao|Protect|p2a: Chien-Pao
|-singleturn|p2a: Chien-Pao|Protect
|move|p2b: Incineroar|Fake Out|p1b: Ursaluna
|-damage|p1b: Ursaluna|94/100
|move|p1a: Incineroar|U-turn|p2a: Chien-Pao
|-activate|p2a: Chien-Pao|move: Protect
|
|-status|p1b: Ursaluna|brn|[from] item: Flame Orb
|upkeep
|turn|2
|
|t:|1750849164
|move|p1b: Ursaluna|Protect|p1b: Ursaluna
|-singleturn|p1b: Ursaluna|Protect
|move|p2a: Chien-Pao|Ice Spinner|p1b: Ursaluna
|-activate|p1b: Ursaluna|move: Protect
|move|p1a: Incineroar|U-turn|p2a: Chien-Pao
|-supereffective|p2a: Chien-Pao
|-damage|p2a: Chien-Pao|63/100
|
|t:|1750849172
|switch|p1a: Lunala|Lunala, L50|100/100|[from] U-turn
|-enditem|p1a: Lunala|Electric Seed
|-boost|p1a: Lunala|def|1|[from] item: Electric Seed
|move|p2b: Incineroar|Knock Off|p1b: Ursaluna
|-activate|p1b: Ursaluna|move: Protect
|
|-damage|p1b: Ursaluna|88/100 brn|[from] brn
|upkeep
|turn|3
|inactive|Taroda has 30 seconds left.
|
|t:|1750849200
|switch|p1b: Incineroar|Incineroar, L50, F|100/100
|-ability|p1b: Incineroar|Intimidate|boost
|-unboost|p2a: Chien-Pao|atk|1
|-unboost|p2b: Incineroar|atk|1
|-terastallize|p1a: Lunala|Fairy
|move|p2a: Chien-Pao|Taunt|p1a: Lunala
|-start|p1a: Lunala|move: Taunt
|move|p1a: Lunala|Moonblast|p2a: Chien-Pao
|-supereffective|p2a: Chien-Pao
|-damage|p2a: Chien-Pao|0 fnt
|faint|p2a: Chien-Pao
|move|p2b: Incineroar|Knock Off|p1b: Incineroar
|-resisted|p1b: Incineroar
|-damage|p1b: Incineroar|90/100
|-enditem|p1b: Incineroar|Assault Vest|[from] move: Knock Off|[of] p2b: Incineroar
|
|upkeep
|
|t:|1750849215
|switch|p2a: Koraidon|Koraidon, L50|100/100
|-weather|SunnyDay|[from] ability: Orichalcum Pulse|[of] p2a: Koraidon
|-activate|p2a: Koraidon|Orichalcum Pulse|[source]
|turn|4
|inactive|Taroda has 30 seconds left.
|
|t:|1750849244
|-terastallize|p2a: Koraidon|Fire
|move|p2a: Koraidon|Close Combat|p1b: Incineroar
|-supereffective|p1b: Incineroar
|-damage|p1b: Incineroar|0 fnt
|-unboost|p2a: Koraidon|def|1
|-unboost|p2a: Koraidon|spd|1
|faint|p1b: Incineroar
|-damage|p2a: Koraidon|91/100|[from] item: Life Orb
|move|p1a: Lunala|Moongeist Beam|p2a: Koraidon
|-damage|p2a: Koraidon|10/100
|move|p2b: Incineroar|U-turn|p1a: Lunala
|-resisted|p1a: Lunala
|-damage|p1a: Lunala|99/100
|
|t:|1750849266
|switch|p2b: Ogerpon|Ogerpon-Hearthflame, L50, F|100/100|[from] U-turn
|-ability|p2b: Ogerpon|Mold Breaker
|
|-weather|SunnyDay|[upkeep]
|upkeep
|
|t:|1750849271
|switch|p1b: Miraidon|Miraidon, L50|100/100
|-activate|p1b: Miraidon|ability: Hadron Engine
|turn|5
|inactive|Taroda has 30 seconds left.
|
|t:|1750849297
|switch|p2a: Incineroar|Incineroar, L50, M, shiny|100/100
|-ability|p2a: Incineroar|Intimidate|boost
|-unboost|p1a: Lunala|atk|1
|-unboost|p1b: Miraidon|atk|1
|move|p2b: Ogerpon|Ivy Cudgel|p1a: Lunala|[anim] Ivy Cudgel Fire
|-damage|p1a: Lunala|51/100
|move|p1b: Miraidon|Dazzling Gleam|p2a: Incineroar|[spread] p2a,p2b
|-resisted|p2b: Ogerpon
|-damage|p2a: Incineroar|78/100
|-damage|p2b: Ogerpon|75/100
|move|p1a: Lunala|Moongeist Beam|p2b: Ogerpon
|-damage|p2b: Ogerpon|2/100
|
|-weather|SunnyDay|[upkeep]
|-end|p1a: Lunala|move: Taunt
|-fieldend|move: Electric Terrain
|upkeep
|turn|6
|
|t:|1750849317
|switch|p1b: Ursaluna|Ursaluna, L50, F|88/100 brn
|move|p2b: Ogerpon|Spiky Shield|p2b: Ogerpon
|-singleturn|p2b: Ogerpon|move: Protect
|move|p2a: Incineroar|Flare Blitz|p1a: Lunala
|-damage|p1a: Lunala|10/100
|-damage|p2a: Incineroar|62/100|[from] Recoil
|move|p1a: Lunala|Trick Room|p1a: Lunala
|-fieldstart|move: Trick Room|[of] p1a: Lunala
|
|-weather|SunnyDay|[upkeep]
|-damage|p1b: Ursaluna|82/100 brn|[from] brn
|upkeep
|turn|7
|
|t:|1750849333
|move|p1a: Lunala|Wide Guard|p1a: Lunala
|-singleturn|p1a: Lunala|Wide Guard
|move|p2b: Ogerpon|Follow Me|p2b: Ogerpon
|-singleturn|p2b: Ogerpon|move: Follow Me
|move|p1b: Ursaluna|Earthquake|p2a: Incineroar|[spread] p2a,p2b
|-activate|p1a: Lunala|move: Wide Guard
|-supereffective|p2a: Incineroar
|-damage|p2a: Incineroar|0 fnt
|-damage|p2b: Ogerpon|0 fnt
|faint|p2a: Incineroar
|faint|p2b: Ogerpon
|
|-weather|SunnyDay|[upkeep]
|-damage|p1b: Ursaluna|76/100 brn|[from] brn
|upkeep
|-message|suc vat vk forfeited.
|
|win|Taroda
|raw|Taroda's rating: 1312 &rarr; <strong>1324</strong><br />(+12 for winning)
|raw|suc vat vk's rating: 1163 &rarr; <strong>1148</strong><br />(-15 for losing)
|l|☆suc vat vk
|player|p2|
