|j|☆PokeAlquin
|j|☆Soliidd
|t:|1750855741
|gametype|doubles
|player|p1|PokeAlquin|266|1179
|player|p2|Soliidd|flannery|1215
|teamsize|p1|6
|teamsize|p2|6
|gen|9
|tier|[Gen 9] VGC 2025 Reg I
|rated|
|rule|Species Clause: Limit one of each Pokémon
|rule|Item Clause: Limit 1 of each item
|clearpoke
|poke|p1|Koraidon, L50|
|poke|p1|Scream Tail, L50|
|poke|p1|Venusaur, L50, M|
|poke|p1|Incineroar, L50, M|
|poke|p1|Gothitelle, L50, M|
|poke|p1|Zacian-*, L50|
|poke|p2|Miraidon, L50|
|poke|p2|Lunala, L50|
|poke|p2|Incineroar, L50, M|
|poke|p2|Whimsicott, L50, M|
|poke|p2|Grimmsnarl, L50, M|
|poke|p2|Urshifu-*, L50, M|
|teampreview|4
Soliidd has agreed to open team sheets.
|inactive|Battle timer is ON: inactive players will automatically lose when time's up. (requested by PokeAlquin)
|
|t:|1750855794
|start
|switch|p1a: Scream Tail|Scream Tail, L50|100/100
|switch|p1b: Koraidon|Koraidon, L50|100/100
|switch|p2a: Lunala|Lunala, L50|100/100
|switch|p2b: Incineroar|Incineroar, L50, M|100/100
|-weather|SunnyDay|[from] ability: Orichalcum Pulse|[of] p1b: Koraidon
|-activate|p1a: Scream Tail|ability: Protosynthesis
|-start|p1a: Scream Tail|protosynthesisspe
|-activate|p1b: Koraidon|Orichalcum Pulse|[source]
|-ability|p2b: Incineroar|Intimidate|boost
|-unboost|p1a: Scream Tail|atk|1
|-unboost|p1b: Koraidon|atk|1
|turn|1
|inactive|Soliidd has 30 seconds left.
|
|t:|1750855829
|-terastallize|p1a: Scream Tail|Ghost
|move|p1b: Koraidon|Protect|p1b: Koraidon
|-singleturn|p1b: Koraidon|Protect
|move|p2b: Incineroar|Fake Out|p1a: Scream Tail
|-immune|p1a: Scream Tail
|move|p1a: Scream Tail|Perish Song|p1a: Scream Tail
|-start|p1a: Scream Tail|perish3|[silent]
|-start|p1b: Koraidon|perish3|[silent]
|-start|p2a: Lunala|perish3|[silent]
|-start|p2b: Incineroar|perish3|[silent]
|-fieldactivate|move: Perish Song
|move|p2a: Lunala|Calm Mind|p2a: Lunala
|-boost|p2a: Lunala|spa|1
|-boost|p2a: Lunala|spd|1
|
|-weather|SunnyDay|[upkeep]
|-start|p1a: Scream Tail|perish3
|-start|p1b: Koraidon|perish3
|-start|p2a: Lunala|perish3
|-start|p2b: Incineroar|perish3
|upkeep
|turn|2
|inactive|Soliidd has 30 seconds left.
|
|t:|1750855863
|move|p1a: Scream Tail|Encore|p2a: Lunala
|-start|p2a: Lunala|Encore
|move|p1b: Koraidon|Close Combat|p2b: Incineroar
|-supereffective|p2b: Incineroar
|-damage|p2b: Incineroar|0 fnt
|-unboost|p1b: Koraidon|def|1
|-unboost|p1b: Koraidon|spd|1
|-damage|p1b: Koraidon|84/100|[from] item: Rocky Helmet|[of] p2b: Incineroar
|faint|p2b: Incineroar
|-damage|p1b: Koraidon|74/100|[from] item: Life Orb
|move|p2a: Lunala|Calm Mind|p2a: Lunala
|-boost|p2a: Lunala|spa|1
|-boost|p2a: Lunala|spd|1
|
|-weather|SunnyDay|[upkeep]
|-start|p1a: Scream Tail|perish2
|-start|p1b: Koraidon|perish2
|-start|p2a: Lunala|perish2
|upkeep
|
|t:|1750855880
|switch|p2b: Miraidon|Miraidon, L50|100/100
|-fieldstart|move: Electric Terrain|[from] ability: Hadron Engine|[of] p2b: Miraidon
|turn|3
|inactive|Soliidd has 30 seconds left.
|
|t:|1750855909
|move|p1a: Scream Tail|Perish Song|p1a: Scream Tail
|-start|p2b: Miraidon|perish3|[silent]
|-fieldactivate|move: Perish Song
|move|p1b: Koraidon|U-turn|p2a: Lunala
|-damage|p2a: Lunala|90/100
|-damage|p1b: Koraidon|64/100|[from] item: Life Orb
|
|t:|1750855918
|switch|p1b: Venusaur|Venusaur, L50, M|100/100|[from] U-turn
|move|p2b: Miraidon|Dazzling Gleam|p1a: Scream Tail|[spread] p1a,p1b
|-resisted|p1b: Venusaur
|-damage|p1a: Scream Tail|71/100
|-damage|p1b: Venusaur|80/100
|move|p2a: Lunala|Calm Mind|p2a: Lunala
|-boost|p2a: Lunala|spa|1
|-boost|p2a: Lunala|spd|1
|
|-weather|SunnyDay|[upkeep]
|-heal|p1b: Venusaur|86/100|[from] item: Leftovers
|-heal|p2a: Lunala|96/100|[from] item: Leftovers
|-start|p1a: Scream Tail|perish1
|-start|p2b: Miraidon|perish3
|-start|p2a: Lunala|perish1
|upkeep
|turn|4
|
|t:|1750855942
|-end|p1a: Scream Tail|Protosynthesis|[silent]
|switch|p1a: Zacian|Zacian-Crowned, L50|100/100
|-ability|p1a: Zacian|Intrepid Sword|boost
|-boost|p1a: Zacian|atk|1
|switch|p2a: Urshifu|Urshifu-Rapid-Strike, L50, M|100/100
|move|p1b: Venusaur|Sludge Bomb|p2a: Urshifu
|-damage|p2a: Urshifu|50/100
|move|p2b: Miraidon|Dazzling Gleam|p1a: Zacian|[spread] p1a,p1b
|-resisted|p1a: Zacian
|-resisted|p1b: Venusaur
|-damage|p1a: Zacian|80/100
|-damage|p1b: Venusaur|65/100
|
|-weather|SunnyDay|[upkeep]
|-heal|p1b: Venusaur|71/100|[from] item: Leftovers
|-start|p2b: Miraidon|perish2
|upkeep
|turn|5
|inactive|PokeAlquin has 30 seconds left.
|inactive|Soliidd has 30 seconds left.
|inactive|Soliidd has 20 seconds left.
|
|t:|1750855980
|switch|p2b: Lunala|Lunala, L50|96/100
|move|p1b: Venusaur|Sludge Bomb|p2b: Lunala
|-resisted|p2b: Lunala
|-damage|p2b: Lunala|86/100
|move|p2a: Urshifu|U-turn|p1b: Venusaur
|-damage|p1b: Venusaur|44/100
|
|t:|1750855987
|switch|p2a: Miraidon|Miraidon, L50|100/100|[from] U-turn
|-activate|p2a: Miraidon|ability: Hadron Engine
|move|p1a: Zacian|Solar Blade||[still]
|-prepare|p1a: Zacian|Solar Blade
|-anim|p1a: Zacian|Solar Blade|p2a: Miraidon
|-resisted|p2a: Miraidon
|-damage|p2a: Miraidon|63/100
|
|-weather|none
|-heal|p1b: Venusaur|50/100|[from] item: Leftovers
|-heal|p2b: Lunala|92/100|[from] item: Leftovers
|upkeep
|turn|6
|inactive|Soliidd has 30 seconds left.
|inactive|Soliidd has 20 seconds left.
|
|t:|1750856023
|switch|p1b: Koraidon|Koraidon, L50|64/100
|-weather|SunnyDay|[from] ability: Orichalcum Pulse|[of] p1b: Koraidon
|-activate|p1b: Koraidon|Orichalcum Pulse|[source]
|move|p1a: Zacian|Play Rough|p2a: Miraidon
|-supereffective|p2a: Miraidon
|-damage|p2a: Miraidon|0 fnt
|faint|p2a: Miraidon
|move|p2b: Lunala|Moongeist Beam|p1b: Koraidon
|-damage|p1b: Koraidon|4/100
|
|-weather|SunnyDay|[upkeep]
|-heal|p2b: Lunala|98/100|[from] item: Leftovers
|upkeep
|
|t:|1750856035
|switch|p2a: Urshifu|Urshifu-Rapid-Strike, L50, M|50/100
|turn|7
|
|t:|1750856056
|move|p1b: Koraidon|Protect|p1b: Koraidon
|-singleturn|p1b: Koraidon|Protect
|move|p2a: Urshifu|Surging Strikes|p1a: Zacian
|-crit|p1a: Zacian
|-damage|p1a: Zacian|71/100
|-crit|p1a: Zacian
|-damage|p1a: Zacian|62/100
|-crit|p1a: Zacian
|-damage|p1a: Zacian|52/100
|-hitcount|p1a: Zacian|3
|move|p1a: Zacian|Solar Blade||[still]
|-prepare|p1a: Zacian|Solar Blade
|-anim|p1a: Zacian|Solar Blade|p2a: Urshifu
|-supereffective|p2a: Urshifu
|-damage|p2a: Urshifu|0 fnt
|faint|p2a: Urshifu
|move|p2b: Lunala|Moonblast|p1b: Koraidon
|-activate|p1b: Koraidon|move: Protect
|
|-weather|SunnyDay|[upkeep]
|-heal|p2b: Lunala|100/100|[from] item: Leftovers
|-fieldend|move: Electric Terrain
|upkeep
|turn|8
|inactive|PokeAlquin has 30 seconds left.
|
|t:|1750856084
|move|p1a: Zacian|Behemoth Blade|p2b: Lunala
|-damage|p2b: Lunala|65/100
|move|p1b: Koraidon|Flare Blitz|p2b: Lunala
|-damage|p2b: Lunala|0 fnt
|faint|p2b: Lunala
|-damage|p1b: Koraidon|0 fnt|[from] Recoil
|faint|p1b: Koraidon
|
|win|PokeAlquin
|raw|PokeAlquin's rating: 1179 &rarr; <strong>1207</strong><br />(+28 for winning)
|raw|Soliidd's rating: 1215 &rarr; <strong>1187</strong><br />(-28 for losing)
|l|☆PokeAlquin
|player|p1|
|l|☆Soliidd
|player|p2|
