|j|☆elbatracio29
|j|☆farrukt
|t:|1750853129
|gametype|doubles
|player|p1|elbatracio29|170|1319
|player|p2|farrukt|2|1210
|teamsize|p1|6
|teamsize|p2|6
|gen|9
|tier|[Gen 9] VGC 2025 Reg I
|rated|
|rule|Species Clause: Limit one of each Pokémon
|rule|Item Clause: Limit 1 of each item
|clearpoke
|poke|p1|Urshifu-*, L50, F|
|poke|p1|Regieleki, L50|
|poke|p1|Miraidon, L50|
|poke|p1|Zamazenta-*, L50|
|poke|p1|Whimsicott, L50, F|
|poke|p1|Iron Jugulis, L50|
|poke|p2|Zamazenta-*, L50|
|poke|p2|Calyrex-Shadow, L50|
|poke|p2|Tornadus, L50, M|
|poke|p2|Rillaboom, L50, F|
|poke|p2|Smeargle, L50, M|
|poke|p2|Raging Bolt, L50|
|teampreview|4
|inactive|Battle timer is ON: inactive players will automatically lose when time's up. (requested by elbatracio29)
|inactive|elbatracio29 has 60 seconds left.
|inactive|farrukt has 60 seconds left.
|inactive|elbatracio29 has 30 seconds left.
|
|t:|1750853205
|start
|switch|p1a: Regieleki|Regieleki, L50|100/100
|switch|p1b: Miraidon|Miraidon, L50|100/100
|switch|p2a: Rillaboom|Rillaboom, L50, F|100/100
|switch|p2b: Calyrex|Calyrex-Shadow, L50|100/100
|-ability|p2b: Calyrex|As One
|-ability|p2b: Calyrex|Unnerve
|-fieldstart|move: Electric Terrain|[from] ability: Hadron Engine|[of] p1b: Miraidon
|-fieldstart|move: Grassy Terrain|[from] ability: Grassy Surge|[of] p2a: Rillaboom
|turn|1
|inactive|elbatracio29 has 30 seconds left.
|inactive|farrukt has 30 seconds left.
|inactive|elbatracio29 has 20 seconds left.
|
|t:|1750853242
|switch|p1b: Iron Jugulis|Iron Jugulis, L50|100/100
|move|p2a: Rillaboom|Fake Out|p1b: Iron Jugulis
|-crit|p1b: Iron Jugulis
|-damage|p1b: Iron Jugulis|76/100
|move|p1a: Regieleki|Electroweb|p2b: Calyrex|[spread] p2a,p2b
|-resisted|p2a: Rillaboom
|-damage|p2a: Rillaboom|87/100
|-damage|p2b: Calyrex|67/100
|-unboost|p2a: Rillaboom|spe|1
|-unboost|p2b: Calyrex|spe|1
|move|p2b: Calyrex|Astral Barrage|p1a: Regieleki|[spread] p1a,p1b
|-resisted|p1b: Iron Jugulis
|-damage|p1a: Regieleki|0 fnt
|-damage|p1b: Iron Jugulis|31/100
|faint|p1a: Regieleki
|-ability|p2b: Calyrex|Grim Neigh|boost
|-boost|p2b: Calyrex|spa|1
|-damage|p2b: Calyrex|57/100|[from] item: Life Orb
|
|-heal|p2b: Calyrex|63/100|[from] Grassy Terrain
|-heal|p2a: Rillaboom|93/100|[from] Grassy Terrain
|upkeep
|
|t:|1750853250
|switch|p1a: Miraidon|Miraidon, L50|100/100
|-fieldstart|move: Electric Terrain|[from] ability: Hadron Engine|[of] p1a: Miraidon
|-activate|p1b: Iron Jugulis|ability: Quark Drive
|-start|p1b: Iron Jugulis|quarkdrivespa
|turn|2
|inactive|elbatracio29 has 30 seconds left.
|inactive|farrukt has 30 seconds left.
|inactive|farrukt has 20 seconds left.
|inactive|elbatracio29 has 20 seconds left.
|inactive|farrukt has 15 seconds left.
|inactive|elbatracio29 has 15 seconds left.
|inactive|farrukt has 10 seconds left.
|
|t:|1750853300
|switch|p2b: Zamazenta|Zamazenta-Crowned, L50|100/100
|-ability|p2b: Zamazenta|Dauntless Shield|boost
|-boost|p2b: Zamazenta|def|1
|move|p1a: Miraidon|Electro Drift|p2b: Zamazenta
|-damage|p2b: Zamazenta|25/100
|-damage|p1a: Miraidon|91/100|[from] item: Life Orb
|move|p1b: Iron Jugulis|Hurricane|p2a: Rillaboom
|-supereffective|p2a: Rillaboom
|-damage|p2a: Rillaboom|0 fnt
|faint|p2a: Rillaboom
|
|upkeep
|
|t:|1750853316
|switch|p2a: Calyrex|Calyrex-Shadow, L50|63/100
|-ability|p2a: Calyrex|As One
|-ability|p2a: Calyrex|Unnerve
|turn|3
|
|t:|1750853334
|move|p1a: Miraidon|Protect|p1a: Miraidon
|-singleturn|p1a: Miraidon|Protect
|move|p2b: Zamazenta|Protect|p2b: Zamazenta
|-singleturn|p2b: Zamazenta|Protect
|move|p2a: Calyrex|Astral Barrage|p1a: Miraidon|[spread] p1b
|-activate|p1a: Miraidon|move: Protect
|-resisted|p1b: Iron Jugulis
|-damage|p1b: Iron Jugulis|0 fnt
|faint|p1b: Iron Jugulis
|-end|p1b: Iron Jugulis|Quark Drive|[silent]
|-ability|p2a: Calyrex|Grim Neigh|boost
|-boost|p2a: Calyrex|spa|1
|-damage|p2a: Calyrex|54/100|[from] item: Life Orb
|
|upkeep
|
|t:|1750853342
|switch|p1b: Zamazenta|Zamazenta-Crowned, L50|100/100
|-ability|p1b: Zamazenta|Dauntless Shield|boost
|-boost|p1b: Zamazenta|def|1
|turn|4
|inactive|elbatracio29 has 30 seconds left.
|inactive|farrukt has 30 seconds left.
|
|t:|1750853374
|-terastallize|p1a: Miraidon|Electric
|move|p2a: Calyrex|Psychic|p1b: Zamazenta
|-damage|p1b: Zamazenta|14/100
|-damage|p2a: Calyrex|44/100|[from] item: Life Orb
|move|p1a: Miraidon|Electro Drift|p2a: Calyrex
|-damage|p2a: Calyrex|0 fnt
|faint|p2a: Calyrex
|-damage|p1a: Miraidon|81/100|[from] item: Life Orb
|move|p1b: Zamazenta|Body Press|p2b: Zamazenta
|-supereffective|p2b: Zamazenta
|-damage|p2b: Zamazenta|0 fnt
|faint|p2b: Zamazenta
|
|upkeep
|
|t:|1750853392
|switch|p2a: Raging Bolt|Raging Bolt, L50|100/100
|-enditem|p2a: Raging Bolt|Booster Energy
|-activate|p2a: Raging Bolt|ability: Protosynthesis|[fromitem]
|-start|p2a: Raging Bolt|protosynthesisspa
|turn|5
|
|t:|1750853401
|-terastallize|p2a: Raging Bolt|Electric
|move|p2a: Raging Bolt|Thunderclap|p1a: Miraidon
|-resisted|p1a: Miraidon
|-damage|p1a: Miraidon|38/100
|move|p1a: Miraidon|Draco Meteor|p2a: Raging Bolt|[miss]
|-miss|p1a: Miraidon|p2a: Raging Bolt
|move|p1b: Zamazenta|Body Press|p2a: Raging Bolt
|-crit|p2a: Raging Bolt
|-damage|p2a: Raging Bolt|8/100
|
|upkeep
|turn|6
|
|t:|1750853414
|move|p2a: Raging Bolt|Thunderclap|p1b: Zamazenta
|-damage|p1b: Zamazenta|0 fnt
|faint|p1b: Zamazenta
|move|p1a: Miraidon|Draco Meteor|p2a: Raging Bolt
|-damage|p2a: Raging Bolt|0 fnt
|-unboost|p1a: Miraidon|spa|2
|faint|p2a: Raging Bolt
|-end|p2a: Raging Bolt|Protosynthesis|[silent]
|-damage|p1a: Miraidon|28/100|[from] item: Life Orb
|
|win|elbatracio29
|raw|elbatracio29's rating: 1319 &rarr; <strong>1333</strong><br />(+14 for winning)
|raw|farrukt's rating: 1210 &rarr; <strong>1193</strong><br />(-17 for losing)
|c|☆elbatracio29|95% btw
|l|☆elbatracio29
|player|p1|
|l|☆farrukt
|player|p2|
