|j|☆HelloPathfinder
|j|☆Binccc
|t:|1750852228
|gametype|doubles
|player|p1|HelloPathfinder|101|1423
|player|p2|Binccc|pokekid|1325
|teamsize|p1|6
|teamsize|p2|6
|gen|9
|tier|[Gen 9] VGC 2025 Reg I
|rated|
|rule|Species Clause: Limit one of each Pokémon
|rule|Item Clause: Limit 1 of each item
|clearpoke
|poke|p1|Zacian-*, L50|
|poke|p1|Miraidon, L50|
|poke|p1|Wo-Chien, L50|
|poke|p1|Incineroar, L50, M|
|poke|p1|Landorus, L50, M|
|poke|p1|Tornadus, L50, M|
|poke|p2|Koraidon, L50|
|poke|p2|Flutter Mane, L50|
|poke|p2|Gothitelle, L50, F|
|poke|p2|Scream Tail, L50|
|poke|p2|Incineroar, L50, M|
|poke|p2|Amoonguss, L50, M|
|teampreview|4
|inactive|Battle timer is ON: inactive players will automatically lose when time's up. (requested by Binccc)
|inactive|HelloPathfinder has 60 seconds left.
|
|t:|1750852269
|start
|switch|p1a: Miraidon|Miraidon, L50|100/100
|switch|p1b: Landorus|Landorus, L50, M|100/100
|switch|p2a: Gothitelle|Gothitelle, L50, F|100/100
|switch|p2b: Scream Tail|Scream Tail, L50|100/100
|-fieldstart|move: Electric Terrain|[from] ability: Hadron Engine|[of] p1a: Miraidon
|-enditem|p2b: Scream Tail|Booster Energy
|-activate|p2b: Scream Tail|ability: Protosynthesis|[fromitem]
|-start|p2b: Scream Tail|protosynthesisspe
|turn|1
|inactive|Binccc has 30 seconds left.
|
|t:|1750852297
|move|p2a: Gothitelle|Fake Out|p1a: Miraidon
|-damage|p1a: Miraidon|95/100
|move|p2b: Scream Tail|Perish Song|p2b: Scream Tail
|-start|p1a: Miraidon|perish3|[silent]
|-start|p1b: Landorus|perish3|[silent]
|-start|p2a: Gothitelle|perish3|[silent]
|-start|p2b: Scream Tail|perish3|[silent]
|-fieldactivate|move: Perish Song
|move|p1a: Miraidon|Parabolic Charge|p2b: Scream Tail|[spread] p2a,p2b
|-immune|p1b: Landorus
|-damage|p2a: Gothitelle|63/100
|-heal|p1a: Miraidon|100/100|[from] drain|[of] p2a: Gothitelle
|-damage|p2b: Scream Tail|64/100
|move|p1b: Landorus|Taunt|p2b: Scream Tail
|-start|p2b: Scream Tail|move: Taunt
|
|-start|p2b: Scream Tail|perish3
|-start|p1a: Miraidon|perish3
|-start|p1b: Landorus|perish3
|-start|p2a: Gothitelle|perish3
|upkeep
|turn|2
|
|t:|1750852320
|-end|p2b: Scream Tail|Protosynthesis|[silent]
|switch|p2b: Flutter Mane|Flutter Mane, L50|100/100
|move|p2a: Gothitelle|Protect|p2a: Gothitelle
|-singleturn|p2a: Gothitelle|Protect
|move|p1a: Miraidon|Calm Mind|p1a: Miraidon
|-boost|p1a: Miraidon|spa|1
|-boost|p1a: Miraidon|spd|1
|move|p1b: Landorus|Sludge Bomb|p2b: Flutter Mane
|-damage|p2b: Flutter Mane|48/100
|
|-start|p1a: Miraidon|perish2
|-start|p1b: Landorus|perish2
|-start|p2a: Gothitelle|perish2
|upkeep
|turn|3
|
|t:|1750852340
|switch|p2a: Scream Tail|Scream Tail, L50|64/100
|-terastallize|p1a: Miraidon|Electric
|move|p2b: Flutter Mane|Icy Wind|p1a: Miraidon|[spread] p1a,p1b
|-supereffective|p1b: Landorus
|-damage|p1a: Miraidon|92/100
|-damage|p1b: Landorus|32/100
|-unboost|p1b: Landorus|spe|1
|move|p1a: Miraidon|Parabolic Charge|p2b: Flutter Mane|[spread] p2a,p2b
|-immune|p1b: Landorus
|-damage|p2a: Scream Tail|0 fnt
|-heal|p1a: Miraidon|100/100|[from] drain|[of] p2a: Scream Tail
|-damage|p2b: Flutter Mane|0 fnt
|faint|p2a: Scream Tail
|-end|p2a: Scream Tail|Protosynthesis|[silent]
|faint|p2b: Flutter Mane
|-end|p2b: Flutter Mane|Protosynthesis|[silent]
|move|p1b: Landorus|Earth Power|p2: Scream Tail|[notarget]
|-fail|p1b: Landorus
|
|-start|p1a: Miraidon|perish1
|-start|p1b: Landorus|perish1
|upkeep
|
|t:|1750852353
|switch|p2b: Koraidon|Koraidon, L50|100/100
|switch|p2a: Gothitelle|Gothitelle, L50, F|63/100
|-weather|SunnyDay|[from] ability: Orichalcum Pulse|[of] p2b: Koraidon
|-activate|p2b: Koraidon|Orichalcum Pulse|[source]
|turn|4
|
|t:|1750852373
|move|p2b: Koraidon|Protect|p2b: Koraidon
|-singleturn|p2b: Koraidon|Protect
|move|p2a: Gothitelle|Protect|p2a: Gothitelle
|-singleturn|p2a: Gothitelle|Protect
|move|p1a: Miraidon|Parabolic Charge|p2a: Gothitelle|[spread] 
|-activate|p2a: Gothitelle|move: Protect
|-activate|p2b: Koraidon|move: Protect
|-immune|p1b: Landorus
|move|p1b: Landorus|Earth Power|p2b: Koraidon
|-activate|p2b: Koraidon|move: Protect
|
|-weather|SunnyDay|[upkeep]
|-start|p1a: Miraidon|perish0
|-start|p1b: Landorus|perish0
|faint|p1a: Miraidon
|faint|p1b: Landorus
|upkeep
|
|t:|1750852377
|switch|p1a: Incineroar|Incineroar, L50, M|100/100
|switch|p1b: Tornadus|Tornadus, L50, M|100/100
|-ability|p1a: Incineroar|Intimidate|boost
|-unboost|p2a: Gothitelle|atk|1
|-unboost|p2b: Koraidon|atk|1
|turn|5
|
|t:|1750852401
|move|p1a: Incineroar|Fake Out|p2b: Koraidon
|-damage|p2b: Koraidon|91/100
|move|p1b: Tornadus|Rain Dance|p1b: Tornadus
|-weather|RainDance
|cant|p2b: Koraidon|flinch
|move|p2a: Gothitelle|Taunt|p1a: Incineroar
|-start|p1a: Incineroar|move: Taunt
|
|-weather|RainDance|[upkeep]
|-fieldend|move: Electric Terrain
|upkeep
|turn|6
|
|t:|1750852416
|move|p2b: Koraidon|Protect|p2b: Koraidon
|-singleturn|p2b: Koraidon|Protect
|move|p1b: Tornadus|Bleakwind Storm|p2a: Gothitelle|[spread] p2a
|-activate|p2b: Koraidon|move: Protect
|-damage|p2a: Gothitelle|40/100
|move|p2a: Gothitelle|Psychic|p1b: Tornadus
|-damage|p1b: Tornadus|72/100
|move|p1a: Incineroar|Knock Off|p2b: Koraidon
|-activate|p2b: Koraidon|move: Protect
|
|-weather|RainDance|[upkeep]
|upkeep
|turn|7
|
|t:|1750852434
|-terastallize|p2b: Koraidon|Fire
|move|p2b: Koraidon|Close Combat|p1a: Incineroar
|-supereffective|p1a: Incineroar
|-damage|p1a: Incineroar|13/100
|-unboost|p2b: Koraidon|def|1
|-unboost|p2b: Koraidon|spd|1
|-damage|p2b: Koraidon|75/100|[from] item: Rocky Helmet|[of] p1a: Incineroar
|-damage|p2b: Koraidon|65/100|[from] item: Life Orb
|move|p1b: Tornadus|Bleakwind Storm|p2a: Gothitelle|[spread] p2a,p2b
|-damage|p2a: Gothitelle|16/100
|-damage|p2b: Koraidon|20/100
|move|p2a: Gothitelle|Psychic|p1b: Tornadus
|-damage|p1b: Tornadus|44/100
|move|p1a: Incineroar|Knock Off|p2b: Koraidon
|-damage|p2b: Koraidon|0 fnt
|-enditem|p2b: Koraidon|Life Orb|[from] move: Knock Off|[of] p1a: Incineroar
|faint|p2b: Koraidon
|
|-weather|RainDance|[upkeep]
|upkeep
|turn|8
|-message|Binccc forfeited.
|
|win|HelloPathfinder
|raw|HelloPathfinder's rating: 1423 &rarr; <strong>1438</strong><br />(+15 for winning)
|raw|Binccc's rating: 1325 &rarr; <strong>1310</strong><br />(-15 for losing)
|l|☆Binccc
|player|p2|
