|j|☆RaiNotGodIV
|j|☆reineon101
|html|<table width="100%"><tr><td align="left">RaiNotGodIV</td><td align="right">reineon101</tr><tr><td align="left"><i class="fa fa-circle"></i> <i class="fa fa-circle-o"></i> </td><td align="right"><i class="fa fa-circle-o"></i> <i class="fa fa-circle-o"></i> </tr></table>
|uhtml|bestof|<h2><strong>Game 2</strong> of <a href="/game-bestof3-gen9vgc2025regi-2391573351">a best-of-3</a></h2>
|t:|1750872110
|gametype|doubles
|player|p1|RaiNotGodIV|hilda|
|player|p2|reineon101|hilbert-wonderlauncher|
|teamsize|p1|6
|teamsize|p2|6
|gen|9
|tier|[Gen 9] VGC 2025 Reg I
|rule|Species Clause: Limit one of each Pokémon
|rule|Item Clause: Limit 1 of each item
|raw|<div class="infobox"><details class="readmore" open><summary><strong>1 custom rule:</strong></summary> Best of = 3</details></div>
|clearpoke
|poke|p1|Incineroar, L50, M|
|poke|p1|Pikachu, L50, M|
|poke|p1|Kyogre, L50|
|poke|p1|Calyrex-Ice, L50|
|poke|p1|Ursaluna-Bloodmoon, L50, M|
|poke|p1|Comfey, L50, F|
|poke|p2|Miraidon, L50|
|poke|p2|Lunala, L50|
|poke|p2|Incineroar, L50, M|
|poke|p2|Grimmsnarl, L50, M|
|poke|p2|Urshifu-*, L50, F|
|poke|p2|Ursaluna, L50, F|
|teampreview|4
reineon101 has agreed to open team sheets.
RaiNotGodIV has agreed to open team sheets.
|showteam|p1|Incineroar||RedCard|Intimidate|FakeOut,PartingShot,WillOWisp,KnockOff|||M|||50|,,,,,Ghost]Pikachu||FocusSash|LightningRod|Nuzzle,Endeavor,HelpingHand,FakeOut|||M|||50|,,,,,Ghost]Kyogre||DampRock|Drizzle|Protect,OriginPulse,IceBeam,Thunder||||||50|,,,,,Water]Calyrex-Ice||Leftovers|AsOneGlastrier|GlacialLance,LeechSeed,TrickRoom,Protect||||||50|,,,,,Water]Ursaluna-Bloodmoon||SilkScarf|MindsEye|BloodMoon,HyperVoice,Protect,Moonlight|||M|||50|,,,,,Normal]Comfey||SitrusBerry|Triage|DrainingKiss,FloralHealing,TrickRoom,Protect|||F|||50|,,,,,Water
|showteam|p2|Miraidon||ChoiceSpecs|HadronEngine|ElectroDrift,DracoMeteor,VoltSwitch,DazzlingGleam||||||50|,,,,,Fairy]Lunala||ElectricSeed|ShadowShield|MoongeistBeam,Moonblast,WideGuard,TrickRoom||||||50|,,,,,Fairy]Incineroar||RockyHelmet|Intimidate|FakeOut,KnockOff,PartingShot,WillOWisp|||M|||50|,,,,,Bug]Grimmsnarl||LightClay|Prankster|SpiritBreak,Reflect,LightScreen,ThunderWave|||M|||50|,,,,,Ghost]Urshifu-Rapid-Strike||MysticWater|UnseenFist|SurgingStrikes,CloseCombat,AquaJet,Detect|||F|||50|,,,,,Water]Ursaluna||FlameOrb|Guts|Earthquake,Facade,HeadlongRush,Protect|||F|||50|,,,,,Ghost
|c|☆RaiNotGodIV|Trick Room Lunala.
|c|☆RaiNotGodIV|Not something I see everyday.
|
|t:|1750872180
|start
|switch|p1a: Calyrex|Calyrex-Ice, L50|100/100
|switch|p1b: Ursaluna|Ursaluna-Bloodmoon, L50, M|100/100
|switch|p2a: Grimmsnarl|Grimmsnarl, L50, M|100/100
|switch|p2b: Lunala|Lunala, L50|100/100
|-ability|p1a: Calyrex|As One
|-ability|p1a: Calyrex|Unnerve
|turn|1
|
|t:|1750872222
|-terastallize|p1b: Ursaluna|Normal
|move|p2a: Grimmsnarl|Reflect|p2a: Grimmsnarl
|-sidestart|p2: reineon101|Reflect
|move|p1a: Calyrex|Leech Seed|p2b: Lunala
|-start|p2b: Lunala|move: Leech Seed
|move|p1b: Ursaluna|Blood Moon|p2b: Lunala
|-damage|p2b: Lunala|58/100
|move|p2b: Lunala|Trick Room|p2b: Lunala
|-fieldstart|move: Trick Room|[of] p2b: Lunala
|
|-damage|p2b: Lunala|46/100|[from] Leech Seed|[of] p1a: Calyrex
|upkeep
|turn|2
|c|☆RaiNotGodIV|Uhh--
|c|☆RaiNotGodIV|Rei?
|c|☆reineon101|what
|c|☆RaiNotGodIV|I hope this Trick Room isn't curse.
|c|☆reineon101|itll be fiiine
|
|t:|1750872298
|move|p2a: Grimmsnarl|Light Screen|p2a: Grimmsnarl
|-sidestart|p2: reineon101|move: Light Screen
|move|p1b: Ursaluna|Hyper Voice|p2a: Grimmsnarl|[spread] p2a,p2b
|-damage|p2a: Grimmsnarl|68/100
|-damage|p2b: Lunala|20/100
|move|p1a: Calyrex|Glacial Lance|p2a: Grimmsnarl|[spread] p2a,p2b
|-damage|p2a: Grimmsnarl|27/100
|-damage|p2b: Lunala|0 fnt
|faint|p2b: Lunala
|-ability|p1a: Calyrex|Chilling Neigh|boost
|-boost|p1a: Calyrex|atk|1
|
|upkeep
|c|☆reineon101|my winrate ratio is less than ideal anyway
|
|t:|1750872314
|switch|p2b: Miraidon|Miraidon, L50|100/100
|-fieldstart|move: Electric Terrain|[from] ability: Hadron Engine|[of] p2b: Miraidon
|turn|3
|
|t:|1750872336
|move|p1b: Ursaluna|Blood Moon|p2a: Grimmsnarl
|-damage|p2a: Grimmsnarl|0 fnt
|faint|p2a: Grimmsnarl
|move|p1a: Calyrex|Leech Seed|p2b: Miraidon
|-start|p2b: Miraidon|move: Leech Seed
|move|p2b: Miraidon|Electro Drift|p1b: Ursaluna
|-damage|p1b: Ursaluna|0 fnt
|faint|p1b: Ursaluna
|
|-damage|p2b: Miraidon|88/100|[from] Leech Seed|[of] p1a: Calyrex
|upkeep
|
|t:|1750872351
|switch|p1b: Comfey|Comfey, L50, F|100/100
|switch|p2a: Urshifu|Urshifu-Rapid-Strike, L50, F|100/100
|turn|4
|
|t:|1750872402
|-terastallize|p2a: Urshifu|Water
|move|p1b: Comfey|Protect|p1b: Comfey
|-singleturn|p1b: Comfey|Protect
|move|p1a: Calyrex|Leech Seed|p2a: Urshifu|[miss]
|-miss|p1a: Calyrex|p2a: Urshifu
|move|p2a: Urshifu|Surging Strikes|p1b: Comfey
|-crit|p1b: Comfey
|-damage|p1b: Comfey|65/100
|-crit|p1b: Comfey
|-damage|p1b: Comfey|35/100
|-enditem|p1b: Comfey|Sitrus Berry|[eat]
|-heal|p1b: Comfey|60/100|[from] item: Sitrus Berry
|-crit|p1b: Comfey
|-damage|p1b: Comfey|25/100
|-hitcount|p1b: Comfey|3
|move|p2b: Miraidon|Electro Drift|p1b: Comfey
|-activate|p1b: Comfey|move: Protect
|
|-damage|p2b: Miraidon|76/100|[from] Leech Seed|[of] p1a: Calyrex
|upkeep
|turn|5
|
|t:|1750872419
|switch|p1b: Incineroar|Incineroar, L50, M|100/100
|-ability|p1b: Incineroar|Intimidate|boost
|-unboost|p2a: Urshifu|atk|1
|-unboost|p2b: Miraidon|atk|1
|move|p1a: Calyrex|Leech Seed|p2a: Urshifu
|-start|p2a: Urshifu|move: Leech Seed
|move|p2a: Urshifu|Surging Strikes|p1b: Incineroar
|-supereffective|p1b: Incineroar
|-crit|p1b: Incineroar
|-damage|p1b: Incineroar|41/100
|-supereffective|p1b: Incineroar
|-crit|p1b: Incineroar
|-damage|p1b: Incineroar|0 fnt
|faint|p1b: Incineroar
|-hitcount|p1: Incineroar|2
|move|p2b: Miraidon|Electro Drift|p1a: Calyrex
|-damage|p1a: Calyrex|14/100
|
|-heal|p1a: Calyrex|19/100|[from] item: Leftovers
|-damage|p2a: Urshifu|88/100|[from] Leech Seed|[of] p1a: Calyrex
|-heal|p1a: Calyrex|31/100|[silent]
|-damage|p2b: Miraidon|64/100|[from] Leech Seed|[of] p1a: Calyrex
|-heal|p1a: Calyrex|41/100|[silent]
|-fieldend|move: Trick Room
|upkeep
|
|t:|1750872440
|switch|p1b: Comfey|Comfey, L50, F|25/100
|turn|6
|
|t:|1750872451
|move|p1b: Comfey|Floral Healing|p1a: Calyrex
|-heal|p1a: Calyrex|91/100
|move|p2b: Miraidon|Electro Drift|p1b: Comfey
|-damage|p1b: Comfey|0 fnt
|faint|p1b: Comfey
|move|p2a: Urshifu|Surging Strikes|p1a: Calyrex
|-crit|p1a: Calyrex
|-damage|p1a: Calyrex|70/100
|-crit|p1a: Calyrex
|-damage|p1a: Calyrex|51/100
|-crit|p1a: Calyrex
|-damage|p1a: Calyrex|31/100
|-hitcount|p1a: Calyrex|3
|move|p1a: Calyrex|Glacial Lance|p2a: Urshifu|[spread] p2a,p2b
|-resisted|p2a: Urshifu
|-supereffective|p2b: Miraidon
|-damage|p2a: Urshifu|63/100
|-damage|p2b: Miraidon|0 fnt
|faint|p2b: Miraidon
|-ability|p1a: Calyrex|Chilling Neigh|boost
|-boost|p1a: Calyrex|atk|1
|
|-heal|p1a: Calyrex|37/100|[from] item: Leftovers
|-damage|p2a: Urshifu|50/100|[from] Leech Seed|[of] p1a: Calyrex
|-heal|p1a: Calyrex|49/100|[silent]
|upkeep
|turn|7
|
|t:|1750872481
|move|p2a: Urshifu|Surging Strikes|p1a: Calyrex
|-crit|p1a: Calyrex
|-damage|p1a: Calyrex|29/100
|-crit|p1a: Calyrex
|-damage|p1a: Calyrex|9/100
|-crit|p1a: Calyrex
|-damage|p1a: Calyrex|0 fnt
|faint|p1a: Calyrex
|-hitcount|p1: Calyrex|3
|
|win|reineon101
||RaiNotGodIV is ready for game 3.
|c|☆reineon101|oh
|inactive|reineon101 has 30 seconds to confirm battle start!
||reineon101 is ready for game 3.
|uhtml|next|Next: <a href="/battle-gen9vgc2025regi-2391581951"><strong>Game 3 of 3</strong></a>
