|j|☆Locochon2000
|j|☆Torrmentor20
|t:|1750829050
|gametype|doubles
|player|p1|Locochon2000|shadowtriad|1076
|player|p2|Torrmentor20|benga|1105
|teamsize|p1|6
|teamsize|p2|6
|gen|9
|tier|[Gen 9] VGC 2025 Reg I
|rated|
|rule|Species Clause: Limit one of each Pokémon
|rule|Item Clause: Limit 1 of each item
|clearpoke
|poke|p1|Kyogre, L50|
|poke|p1|Swampert, L50, M|
|poke|p1|Incineroar, L50, M|
|poke|p1|Chien-Pao, L50|
|poke|p1|Urshifu-*, L50, M|
|poke|p1|Pelipper, L50, M|
|poke|p2|Corviknight, L50, F|
|poke|p2|Indeedee-F, L50, F|
|poke|p2|Dragonite, L50, M|
|poke|p2|Slowking-Galar, L50, M|
|poke|p2|Calyrex-Ice, L50|
|poke|p2|Giratina, L50|
|teampreview|4
|inactive|Battle timer is ON: inactive players will automatically lose when time's up. (requested by Torrmentor20)
|inactive|Torrmentor20 has 60 seconds left.
|inactive|Torrmentor20 has 30 seconds left.
|
|t:|1750829117
|start
|switch|p1a: Swampert|Swampert, L50, M|100/100
|switch|p1b: Incineroar|Incineroar, L50, M|100/100
|switch|p2a: Calyrex|Calyrex-Ice, L50|100/100
|switch|p2b: Dragonite|Dragonite, L50, M, shiny|100/100
|-ability|p2a: Calyrex|As One
|-ability|p2a: Calyrex|Unnerve
|-ability|p1b: Incineroar|Intimidate|boost
|-unboost|p2a: Calyrex|atk|1
|-fail|p2b: Dragonite|unboost|Attack|[from] ability: Inner Focus|[of] p2b: Dragonite
|turn|1
|inactive|Torrmentor20 has 30 seconds left.
|inactive|Torrmentor20 has 20 seconds left.
|inactive|Locochon2000 has 30 seconds left.
|
|t:|1750829164
|switch|p2a: Indeedee|Indeedee-F, L50, F, shiny|100/100
|-fieldstart|move: Psychic Terrain|[from] ability: Psychic Surge|[of] p2a: Indeedee
|-enditem|p2a: Indeedee|Psychic Seed
|-boost|p2a: Indeedee|spd|1|[from] item: Psychic Seed
|-terastallize|p2b: Dragonite|Normal
|move|p1b: Incineroar|Protect|p1b: Incineroar
|-singleturn|p1b: Incineroar|Protect
|move|p2b: Dragonite|Extreme Speed|p1a: Swampert
|-activate|p1a: Swampert|move: Psychic Terrain
|move|p1a: Swampert|Stealth Rock|p2a: Indeedee
|-sidestart|p2: Torrmentor20|move: Stealth Rock
|
|upkeep
|turn|2
|inactive|Locochon2000 has 30 seconds left.
|
|t:|1750829191
|switch|p2b: Corviknight|Corviknight, L50, F|100/100
|-damage|p2b: Corviknight|88/100|[from] Stealth Rock
|move|p1a: Swampert|Muddy Water|p2b: Corviknight|[spread] p2a,p2b
|-damage|p2a: Indeedee|86/100
|-damage|p2b: Corviknight|67/100
|-ability|p2b: Corviknight|Mirror Armor
|-unboost|p1a: Swampert|accuracy|1
|move|p1b: Incineroar|Flare Blitz|p2a: Indeedee
|-damage|p2a: Indeedee|17/100
|-damage|p1b: Incineroar|80/100|[from] Recoil
|move|p2a: Indeedee|Trick Room|p2a: Indeedee
|-fieldstart|move: Trick Room|[of] p2a: Indeedee
|
|-heal|p2b: Corviknight|73/100|[from] item: Leftovers
|upkeep
|turn|3
|inactive|Torrmentor20 has 30 seconds left.
|
|t:|1750829223
|move|p2b: Corviknight|Body Press|p1b: Incineroar
|-supereffective|p1b: Incineroar
|-damage|p1b: Incineroar|42/100
|move|p1b: Incineroar|Flare Blitz|p2b: Corviknight
|-supereffective|p2b: Corviknight
|-damage|p2b: Corviknight|0 fnt
|faint|p2b: Corviknight
|-damage|p1b: Incineroar|17/100|[from] Recoil
|move|p1a: Swampert|Muddy Water|p2a: Indeedee
|-damage|p2a: Indeedee|0 fnt
|faint|p2a: Indeedee
|
|upkeep
|
|t:|1750829237
|switch|p2b: Dragonite|Dragonite, L50, M, shiny, tera:Normal|100/100
|switch|p2a: Calyrex|Calyrex-Ice, L50|100/100
|-ability|p2a: Calyrex|As One
|-ability|p2a: Calyrex|Unnerve
|-damage|p2a: Calyrex|75/100|[from] Stealth Rock
|-damage|p2b: Dragonite|88/100|[from] Stealth Rock
|turn|4
|
|t:|1750829255
|switch|p1b: Urshifu|Urshifu-Rapid-Strike, L50, M|100/100
|move|p2a: Calyrex|Glacial Lance|p1a: Swampert|[spread] p1a,p1b
|-resisted|p1b: Urshifu
|-damage|p1a: Swampert|48/100
|-damage|p1b: Urshifu|68/100
|move|p2b: Dragonite|Rock Slide|p1a: Swampert|[spread] p1a,p1b
|-resisted|p1a: Swampert
|-resisted|p1b: Urshifu
|-damage|p1a: Swampert|33/100
|-damage|p1b: Urshifu|51/100
|move|p1a: Swampert|Yawn|p2a: Calyrex
|-start|p2a: Calyrex|move: Yawn|[of] p1a: Swampert
|
|upkeep
|turn|5
|inactive|Locochon2000 has 30 seconds left.
|inactive|Torrmentor20 has 30 seconds left.
|
|t:|1750829282
|-terastallize|p1b: Urshifu|Fighting
|move|p2a: Calyrex|Glacial Lance|p1b: Urshifu|[spread] p1a,p1b
|-damage|p1a: Swampert|0 fnt
|-damage|p1b: Urshifu|0 fnt
|faint|p1a: Swampert
|faint|p1b: Urshifu
|-ability|p2a: Calyrex|Chilling Neigh|boost
|-boost|p2a: Calyrex|atk|2
|move|p2b: Dragonite|Rock Slide|p1: Swampert|[notarget]
|-fail|p2b: Dragonite
|
|-end|p2a: Calyrex|move: Yawn|[silent]
|-status|p2a: Calyrex|slp
|-fieldend|move: Psychic Terrain
|upkeep
|
|t:|1750829294
|switch|p1a: Kyogre|Kyogre, L50|100/100
|switch|p1b: Incineroar|Incineroar, L50, M|17/100
|-ability|p1b: Incineroar|Intimidate|boost
|-unboost|p2a: Calyrex|atk|1
|-fail|p2b: Dragonite|unboost|Attack|[from] ability: Inner Focus|[of] p2b: Dragonite
|-weather|RainDance|[from] ability: Drizzle|[of] p1a: Kyogre
|turn|6
|
|t:|1750829312
|cant|p2a: Calyrex|slp
|move|p2b: Dragonite|Rock Slide|p1b: Incineroar|[spread] p1b
|-miss|p2b: Dragonite|p1a: Kyogre
|-supereffective|p1b: Incineroar
|-damage|p1b: Incineroar|0 fnt
|faint|p1b: Incineroar
|move|p1a: Kyogre|Water Spout|p2b: Dragonite|[spread] p2a,p2b
|-damage|p2a: Calyrex|19/100 slp
|-damage|p2b: Dragonite|0 fnt
|faint|p2b: Dragonite
|
|-weather|RainDance|[upkeep]
|-fieldend|move: Trick Room
|upkeep
|turn|7
|
|t:|1750829328
|move|p1a: Kyogre|Thunder|p2a: Calyrex
|-damage|p2a: Calyrex|0 fnt
|faint|p2a: Calyrex
|
|win|Locochon2000
|raw|Locochon2000's rating: 1076 &rarr; <strong>1107</strong><br />(+31 for winning)
|raw|Torrmentor20's rating: 1105 &rarr; <strong>1078</strong><br />(-27 for losing)
|l|☆Torrmentor20
|player|p2|
|l|☆Locochon2000
|player|p1|
