|j|☆redkamex
|j|☆janniknoa
|t:|1750741455
|gametype|doubles
|player|p1|redkamex|li|1161
|player|p2|janniknoa|palmer|1189
|teamsize|p1|6
|teamsize|p2|6
|gen|9
|tier|[Gen 9] VGC 2025 Reg I
|rated|
|rule|Species Clause: Limit one of each Pokémon
|rule|Item Clause: Limit 1 of each item
|clearpoke
|poke|p1|Lilligant-Hisui, L50, F|
|poke|p1|Groudon, L50|
|poke|p1|Koraidon, L50|
|poke|p1|Flutter Mane, L50|
|poke|p1|Incineroar, L50, M|
|poke|p1|Entei, L50|
|poke|p2|Kyogre, L50|
|poke|p2|Basculegion, L50, M|
|poke|p2|Rillaboom, L50, F|
|poke|p2|Tornadus, L50, M|
|poke|p2|Incineroar, L50, M|
|poke|p2|Calyrex-Shadow, L50|
|teampreview|4
|inactive|Battle timer is ON: inactive players will automatically lose when time's up. (requested by janniknoa)
|
|t:|1750741469
|start
|switch|p1a: Lilligant|Lilligant-Hisui, L50, F|100/100
|switch|p1b: Groudon|Groudon, L50|100/100
|switch|p2a: Kyogre|Kyogre, L50|100/100
|switch|p2b: Tornadus|Tornadus, L50, M, shiny|100/100
|-weather|RainDance|[from] ability: Drizzle|[of] p2a: Kyogre
|-weather|SunnyDay|[from] ability: Drought|[of] p1b: Groudon
|turn|1
|
|t:|1750741483
|-terastallize|p1b: Groudon|Water
|move|p2b: Tornadus|Rain Dance|p2b: Tornadus
|-weather|RainDance
|move|p2a: Kyogre|Water Spout|p1a: Lilligant|[spread] p1a,p1b
|-resisted|p1a: Lilligant
|-resisted|p1b: Groudon
|-damage|p1a: Lilligant|20/100
|-damage|p1b: Groudon|50/100
|move|p1a: Lilligant|Sweet Scent|p2b: Tornadus|[spread] p2a,p2b
|-unboost|p2a: Kyogre|evasion|2
|-unboost|p2b: Tornadus|evasion|2
|move|p1b: Groudon|Stone Edge|p2a: Kyogre
|-damage|p2a: Kyogre|53/100
|
|-weather|RainDance|[upkeep]
|upkeep
|turn|2
|
|t:|1750741503
|switch|p1b: Koraidon|Koraidon, L50|100/100
|-weather|SunnyDay|[from] ability: Orichalcum Pulse|[of] p1b: Koraidon
|-activate|p1b: Koraidon|Orichalcum Pulse|[source]
|move|p1a: Lilligant|Solar Blade||[still]
|-prepare|p1a: Lilligant|Solar Blade
|-anim|p1a: Lilligant|Solar Blade|p2a: Kyogre
|-supereffective|p2a: Kyogre
|-damage|p2a: Kyogre|0 fnt
|faint|p2a: Kyogre
|move|p2b: Tornadus|Bleakwind Storm|p1b: Koraidon|[spread] p1a,p1b
|-supereffective|p1a: Lilligant
|-supereffective|p1b: Koraidon
|-crit|p1b: Koraidon
|-damage|p1a: Lilligant|0 fnt
|-damage|p1b: Koraidon|1/100
|faint|p1a: Lilligant
|
|-weather|SunnyDay|[upkeep]
|upkeep
|
|t:|1750741524
|switch|p1a: Incineroar|Incineroar, L50, M|100/100
|switch|p2a: Calyrex|Calyrex-Shadow, L50|100/100
|-ability|p2a: Calyrex|As One
|-ability|p2a: Calyrex|Unnerve
|-ability|p1a: Incineroar|Intimidate|boost
|-unboost|p2a: Calyrex|atk|1
|-unboost|p2b: Tornadus|atk|1
|turn|3
|inactive|janniknoa has 30 seconds left.
|
|t:|1750741553
|-terastallize|p2a: Calyrex|Ghost
|move|p2b: Tornadus|Rain Dance|p2b: Tornadus
|-weather|RainDance
|move|p2a: Calyrex|Astral Barrage|p1b: Koraidon|[spread] p1a,p1b
|-resisted|p1a: Incineroar
|-damage|p1a: Incineroar|59/100
|-damage|p1b: Koraidon|0 fnt
|faint|p1b: Koraidon
|-ability|p2a: Calyrex|Grim Neigh|boost
|-boost|p2a: Calyrex|spa|1
|move|p1a: Incineroar|Knock Off|p2a: Calyrex
|-supereffective|p2a: Calyrex
|-damage|p2a: Calyrex|11/100
|-enditem|p2a: Calyrex|Spooky Plate|[from] move: Knock Off|[of] p1a: Incineroar
|
|-weather|RainDance|[upkeep]
|upkeep
|
|t:|1750741569
|switch|p1b: Groudon|Groudon, L50, tera:Water|50/100
|-weather|SunnyDay|[from] ability: Drought|[of] p1b: Groudon
|turn|4
|
|t:|1750741575
|move|p1b: Groudon|Protect|p1b: Groudon
|-singleturn|p1b: Groudon|Protect
|move|p2b: Tornadus|Rain Dance|p2b: Tornadus
|-weather|RainDance
|move|p2a: Calyrex|Astral Barrage|p1b: Groudon|[spread] p1a
|-activate|p1b: Groudon|move: Protect
|-resisted|p1a: Incineroar
|-damage|p1a: Incineroar|13/100
|move|p1a: Incineroar|Knock Off|p2a: Calyrex
|-supereffective|p2a: Calyrex
|-damage|p2a: Calyrex|0 fnt
|faint|p2a: Calyrex
|
|-weather|RainDance|[upkeep]
|upkeep
|
|t:|1750741587
|switch|p2a: Basculegion|Basculegion, L50, M, shiny|100/100
|turn|5
|
|t:|1750741592
|move|p2a: Basculegion|Last Respects|p1b: Groudon
|-damage|p1b: Groudon|0 fnt
|faint|p1b: Groudon
|move|p2b: Tornadus|Bleakwind Storm|p1a: Incineroar
|-damage|p1a: Incineroar|0 fnt
|faint|p1a: Incineroar
|
|win|janniknoa
|raw|redkamex's rating: 1161 &rarr; <strong>1138</strong><br />(-23 for losing)
|raw|janniknoa's rating: 1189 &rarr; <strong>1212</strong><br />(+23 for winning)
|l|☆redkamex
|player|p1|
|l|☆janniknoa
|player|p2|
|j|☆redkamex
|player|p1|redkamex|li|
|l|☆redkamex
|player|p1|
