|j|☆jaffro1738
|j|☆onotann
|t:|1750863175
|gametype|doubles
|player|p1|jaffro1738|266|1258
|player|p2|onotann|rosa|1339
|teamsize|p1|6
|teamsize|p2|6
|gen|9
|tier|[Gen 9] VGC 2025 Reg I
|rated|
|rule|Species Clause: Limit one of each Pokémon
|rule|Item Clause: Limit 1 of each item
|clearpoke
|poke|p1|Calyrex-Ice, L50|
|poke|p1|Regidrago, L50|
|poke|p1|Dusclops, L50, F|
|poke|p1|Oranguru, L50, M|
|poke|p1|Terapagos, L50, M|
|poke|p1|Chi-Yu, L50|
|poke|p2|Miraidon, L50|
|poke|p2|Lunala, L50|
|poke|p2|Urshifu-*, L50, M|
|poke|p2|Incineroar, L50, M|
|poke|p2|Ursaluna, L50, M|
|poke|p2|Ogerpon-Hearthflame, L50, F|
|teampreview|4
jaffro1738 rejected open team sheets.
|
|t:|1750863204
|start
|switch|p1a: C|Chi-Yu, L50|100/100
|switch|p1b: O|Oranguru, L50, M|100/100
|switch|p2a: Incineroar|Incineroar, L50, M|100/100
|switch|p2b: Miraidon|Miraidon, L50|100/100
|-ability|p1a: C|Beads of Ruin
|-fieldstart|move: Electric Terrain|[from] ability: Hadron Engine|[of] p2b: Miraidon
|-ability|p2a: Incineroar|Intimidate|boost
|-unboost|p1a: C|atk|1
|-fail|p1b: O|unboost|Attack|[from] ability: Inner Focus|[of] p1b: O
|turn|1
|inactive|Battle timer is ON: inactive players will automatically lose when time's up. (requested by jaffro1738)
|
|t:|1750863221
|-terastallize|p1a: C|Ghost
|move|p2a: Incineroar|Fake Out|p1a: C
|-immune|p1a: C
|move|p1a: C|Snarl|p2b: Miraidon|[spread] p2a,p2b
|-resisted|p2a: Incineroar
|-damage|p2a: Incineroar|92/100
|-damage|p2b: Miraidon|80/100
|-unboost|p2a: Incineroar|spa|1
|-unboost|p2b: Miraidon|spa|1
|move|p2b: Miraidon|Volt Switch|p1a: C
|-damage|p1a: C|22/100
|
|t:|1750863232
|switch|p2b: Urshifu|Urshifu-Rapid-Strike, L50, M|100/100|[from] Volt Switch
|move|p1b: O|Trick Room|p1b: O
|-fieldstart|move: Trick Room|[of] p1b: O
|
|upkeep
|turn|2
|
|t:|1750863245
|switch|p1a: CI|Calyrex-Ice, L50|100/100
|-ability|p1a: CI|As One
|-ability|p1a: CI|Unnerve
|move|p1b: O|Encore|p2a: Incineroar
|-start|p2a: Incineroar|Encore
|move|p2a: Incineroar|Fake Out||[still]
|-hint|Fake Out only works on your first turn out.
|-fail|p2a: Incineroar
|move|p2b: Urshifu|U-turn|p1b: O
|-supereffective|p1b: O
|-damage|p1b: O|35/100
|
|t:|1750863257
|switch|p2b: Lunala|Lunala, L50, shiny|100/100|[from] U-turn
|-enditem|p2b: Lunala|Electric Seed
|-boost|p2b: Lunala|def|1|[from] item: Electric Seed
|
|upkeep
|turn|3
|
|t:|1750863266
|switch|p2a: Urshifu|Urshifu-Rapid-Strike, L50, M|100/100
|move|p1a: CI|High Horsepower|p2a: Urshifu
|-crit|p2a: Urshifu
|-damage|p2a: Urshifu|60/100
|move|p1b: O|Instruct|p1a: CI
|-singleturn|p1a: CI|move: Instruct|[of] p1b: O
|move|p1a: CI|High Horsepower|p2a: Urshifu
|-damage|p2a: Urshifu|30/100
|move|p2b: Lunala|Trick Room|p2b: Lunala
|-fieldend|move: Trick Room
|
|upkeep
|turn|4
|
|t:|1750863284
|move|p2a: Urshifu|Surging Strikes|p1a: CI
|-crit|p1a: CI
|-damage|p1a: CI|80/100
|-crit|p1a: CI
|-damage|p1a: CI|60/100
|-crit|p1a: CI
|-damage|p1a: CI|41/100
|-hitcount|p1a: CI|3
|move|p2b: Lunala|Moongeist Beam|p1a: CI
|-supereffective|p1a: CI
|-damage|p1a: CI|8/100
|move|p1a: CI|Glacial Lance|p2a: Urshifu|[spread] p2a,p2b
|-resisted|p2a: Urshifu
|-damage|p2a: Urshifu|10/100
|-damage|p2b: Lunala|89/100
|move|p1b: O|Trick Room|p1b: O
|-fieldstart|move: Trick Room|[of] p1b: O
|
|upkeep
|turn|5
|
|t:|1750863303
|move|p2b: Lunala|Wide Guard|p2b: Lunala
|-singleturn|p2b: Lunala|Wide Guard
|move|p1a: CI|Crunch|p2b: Lunala
|-supereffective|p2b: Lunala
|-damage|p2b: Lunala|28/100
|move|p1b: O|Instruct|p1a: CI
|-singleturn|p1a: CI|move: Instruct|[of] p1b: O
|move|p1a: CI|Crunch|p2b: Lunala
|-supereffective|p2b: Lunala
|-damage|p2b: Lunala|0 fnt
|faint|p2b: Lunala
|-ability|p1a: CI|Chilling Neigh|boost
|-boost|p1a: CI|atk|1
|move|p2a: Urshifu|Surging Strikes|p1a: CI
|-crit|p1a: CI
|-damage|p1a: CI|0 fnt
|faint|p1a: CI
|-hitcount|p1: CI|1
|
|-fieldend|move: Electric Terrain
|upkeep
|
|t:|1750863326
|switch|p1a: R|Regidrago, L50|100/100
|switch|p2b: Incineroar|Incineroar, L50, M|92/100
|-ability|p2b: Incineroar|Intimidate|boost
|-unboost|p1a: R|atk|1
|-fail|p1b: O|unboost|Attack|[from] ability: Inner Focus|[of] p1b: O
|turn|6
|
|t:|1750863338
|move|p1a: R|Protect|p1a: R
|-singleturn|p1a: R|Protect
|move|p2b: Incineroar|Fake Out|p1a: R
|-activate|p1a: R|move: Protect
|move|p1b: O|Encore|p2b: Incineroar
|-start|p2b: Incineroar|Encore
|move|p2a: Urshifu|Surging Strikes|p1a: R
|-resisted|p1a: R
|-crit|p1a: R
|-damage|p1a: R|83/100
|-resisted|p1a: R
|-crit|p1a: R
|-damage|p1a: R|67/100
|-resisted|p1a: R
|-crit|p1a: R
|-damage|p1a: R|52/100
|-hitcount|p1a: R|3
|
|upkeep
|turn|7
|
|t:|1750863355
|move|p2b: Incineroar|Fake Out||[still]
|-hint|Fake Out only works on your first turn out.
|-fail|p2b: Incineroar
|move|p1a: R|Dragon Energy|p2b: Incineroar|[spread] p2a,p2b
|-damage|p2a: Urshifu|0 fnt
|-damage|p2b: Incineroar|67/100
|faint|p2a: Urshifu
|move|p1b: O|Instruct|p1a: R
|-singleturn|p1a: R|move: Instruct|[of] p1b: O
|move|p1a: R|Dragon Energy|p2b: Incineroar
|-damage|p2b: Incineroar|33/100
|
|upkeep
|
|t:|1750863365
|switch|p2a: Miraidon|Miraidon, L50|80/100
|-fieldstart|move: Electric Terrain|[from] ability: Hadron Engine|[of] p2a: Miraidon
|turn|8
|
|t:|1750863376
|-terastallize|p2a: Miraidon|Fairy
|move|p2b: Incineroar|Fake Out||[still]
|-hint|Fake Out only works on your first turn out.
|-fail|p2b: Incineroar
|move|p1a: R|Earth Power|p2b: Incineroar
|-supereffective|p2b: Incineroar
|-damage|p2b: Incineroar|0 fnt
|faint|p2b: Incineroar
|move|p1b: O|Instruct|p1a: R
|-singleturn|p1a: R|move: Instruct|[of] p1b: O
|move|p1a: R|Earth Power|p2a: Miraidon
|-damage|p2a: Miraidon|57/100
|-unboost|p2a: Miraidon|spd|1
|move|p2a: Miraidon|Dazzling Gleam|p1a: R|[spread] p1a,p1b
|-supereffective|p1a: R
|-damage|p1a: R|0 fnt
|-damage|p1b: O|0 fnt
|faint|p1a: R
|faint|p1b: O
|
|-fieldend|move: Trick Room
|upkeep
|
|t:|1750863380
|switch|p1b: C|Chi-Yu, L50, tera:Ghost|22/100
|-ability|p1b: C|Beads of Ruin
|turn|9
|
|t:|1750863397
|move|p1b: C|Overheat|p2a: Miraidon
|-damage|p2a: Miraidon|0 fnt
|-unboost|p1b: C|spa|2
|faint|p2a: Miraidon
|
|win|jaffro1738
|raw|jaffro1738's rating: 1258 &rarr; <strong>1289</strong><br />(+31 for winning)
|raw|onotann's rating: 1339 &rarr; <strong>1314</strong><br />(-25 for losing)
|l|☆jaffro1738
|player|p1|
|l|☆onotann
|player|p2|
