|j|☆plebston mcbacon
|j|☆bipolarmoonlight
|t:|1750878491
|gametype|doubles
|player|p1|plebston mcbacon|will|1098
|player|p2|bipolarmoonlight|102|1145
|teamsize|p1|4
|teamsize|p2|6
|gen|9
|tier|[Gen 9] VGC 2025 Reg I
|rated|
|rule|Species Clause: Limit one of each Pokémon
|rule|Item Clause: Limit 1 of each item
|clearpoke
|poke|p1|Raging Bolt, L50|
|poke|p1|Kyurem-Black, L50|
|poke|p1|Whimsicott, L50, F|
|poke|p1|Calyrex-Shadow, L50|
|poke|p2|Eternatus, L50|
|poke|p2|Oranguru, L50, F|
|poke|p2|Calyrex-Ice, L50|
|poke|p2|Wo-Chien, L50|
|poke|p2|Whimsicott, L50, F|
|poke|p2|Incineroar, L50, M|
|teampreview|4
|inactive|Battle timer is ON: inactive players will automatically lose when time's up. (requested by plebston mcbacon)
|inactive|bipolarmoonlight has 60 seconds left.
|
|t:|1750878527
|start
|switch|p1a: Whimsicott|Whimsicott, L50, F|100/100
|switch|p1b: Calyrex|Calyrex-Shadow, L50|100/100
|switch|p2a: Eternatus|Eternatus, L50|100/100
|switch|p2b: Oranguru|Oranguru, L50, F|100/100
|-ability|p1b: Calyrex|As One
|-ability|p1b: Calyrex|Unnerve
|-ability|p2a: Eternatus|Pressure
|turn|1
|inactive|bipolarmoonlight has 30 seconds left.
|inactive|bipolarmoonlight has 20 seconds left.
|inactive|bipolarmoonlight has 15 seconds left.
|
|t:|1750878571
|switch|p2a: Incineroar|Incineroar, L50, M|100/100
|-ability|p2a: Incineroar|Intimidate|boost
|-unboost|p1a: Whimsicott|atk|1
|-unboost|p1b: Calyrex|atk|1
|move|p1a: Whimsicott|Helping Hand|p1b: Calyrex
|-singleturn|p1b: Calyrex|Helping Hand|[of] p1a: Whimsicott
|move|p1b: Calyrex|Astral Barrage|p2a: Incineroar|[spread] p2a
|-immune|p2b: Oranguru
|-resisted|p2a: Incineroar
|-damage|p2a: Incineroar|73/100
|-damage|p1b: Calyrex|91/100|[from] item: Life Orb
|move|p2b: Oranguru|Light Screen|p2b: Oranguru
|-sidestart|p2: bipolarmoonlight|move: Light Screen
|
|upkeep
|turn|2
|inactive|plebston mcbacon has 30 seconds left.
|inactive|bipolarmoonlight has 30 seconds left.
|inactive|plebston mcbacon has 20 seconds left.
|
|t:|1750878608
|move|p1b: Calyrex|Protect|p1b: Calyrex
|-singleturn|p1b: Calyrex|Protect
|move|p1a: Whimsicott|Taunt|p2b: Oranguru
|-start|p2b: Oranguru|move: Taunt
|-enditem|p2b: Oranguru|Mental Herb
|-end|p2b: Oranguru|move: Taunt
|move|p2b: Oranguru|Reflect|p2b: Oranguru
|-sidestart|p2: bipolarmoonlight|Reflect
|move|p2a: Incineroar|Knock Off|p1b: Calyrex
|-activate|p1b: Calyrex|move: Protect
|
|upkeep
|turn|3
|
|t:|1750878630
|switch|p1b: Raging Bolt|Raging Bolt, L50|100/100
|-enditem|p1b: Raging Bolt|Booster Energy
|-activate|p1b: Raging Bolt|ability: Protosynthesis|[fromitem]
|-start|p1b: Raging Bolt|protosynthesisspa
|move|p1a: Whimsicott|Taunt|p2b: Oranguru
|-start|p2b: Oranguru|move: Taunt
|cant|p2b: Oranguru|move: Taunt|Instruct
|move|p2a: Incineroar|Knock Off|p1b: Raging Bolt
|-damage|p1b: Raging Bolt|77/100
|
|upkeep
|turn|4
|inactive|plebston mcbacon has 30 seconds left.
|
|t:|1750878658
|switch|p2b: Eternatus|Eternatus, L50|100/100
|-ability|p2b: Eternatus|Pressure
|move|p1a: Whimsicott|Helping Hand|p1b: Raging Bolt
|-singleturn|p1b: Raging Bolt|Helping Hand|[of] p1a: Whimsicott
|move|p1b: Raging Bolt|Thunderbolt|p2b: Eternatus
|-resisted|p2b: Eternatus
|-damage|p2b: Eternatus|72/100
|move|p2a: Incineroar|U-turn|p1a: Whimsicott
|-damage|p1a: Whimsicott|85/100
|
|t:|1750878670
|switch|p2a: Oranguru|Oranguru, L50, F|100/100|[from] U-turn
|
|-heal|p2b: Eternatus|78/100|[from] item: Leftovers
|upkeep
|turn|5
|
|t:|1750878687
|move|p1a: Whimsicott|Tailwind|p1a: Whimsicott
|-sidestart|p1: plebston mcbacon|move: Tailwind
|move|p2b: Eternatus|Cosmic Power|p2b: Eternatus
|-boost|p2b: Eternatus|def|1
|-boost|p2b: Eternatus|spd|1
|move|p1b: Raging Bolt|Dragon Pulse|p2b: Eternatus
|-supereffective|p2b: Eternatus
|-damage|p2b: Eternatus|36/100
|move|p2a: Oranguru|Instruct|p2b: Eternatus
|-singleturn|p2b: Eternatus|move: Instruct|[of] p2a: Oranguru
|move|p2b: Eternatus|Cosmic Power|p2b: Eternatus
|-boost|p2b: Eternatus|def|1
|-boost|p2b: Eternatus|spd|1
|
|-heal|p2b: Eternatus|42/100|[from] item: Leftovers
|-sideend|p2: bipolarmoonlight|move: Light Screen
|upkeep
|turn|6
|
|t:|1750878709
|switch|p2a: Incineroar|Incineroar, L50, M|73/100
|-ability|p2a: Incineroar|Intimidate|boost
|-unboost|p1a: Whimsicott|atk|1
|-unboost|p1b: Raging Bolt|atk|1
|move|p1a: Whimsicott|Helping Hand|p1b: Raging Bolt
|-singleturn|p1b: Raging Bolt|Helping Hand|[of] p1a: Whimsicott
|move|p2b: Eternatus|Protect|p2b: Eternatus
|-singleturn|p2b: Eternatus|Protect
|move|p1b: Raging Bolt|Dragon Pulse|p2b: Eternatus
|-activate|p2b: Eternatus|move: Protect
|
|-heal|p2b: Eternatus|48/100|[from] item: Leftovers
|-sideend|p2: bipolarmoonlight|Reflect
|upkeep
|turn|7
|inactive|bipolarmoonlight has 30 seconds left.
|
|t:|1750878736
|move|p1b: Raging Bolt|Protect|p1b: Raging Bolt
|-singleturn|p1b: Raging Bolt|Protect
|move|p2a: Incineroar|Fake Out|p1b: Raging Bolt
|-activate|p1b: Raging Bolt|move: Protect
|move|p1a: Whimsicott|Taunt|p2b: Eternatus
|-start|p2b: Eternatus|move: Taunt
|cant|p2b: Eternatus|move: Taunt|Recover
|
|-heal|p2b: Eternatus|54/100|[from] item: Leftovers
|upkeep
|turn|8
|
|t:|1750878752
|switch|p2a: Oranguru|Oranguru, L50, F|100/100
|-terastallize|p2b: Eternatus|Grass
|move|p1a: Whimsicott|Helping Hand|p1b: Raging Bolt
|-singleturn|p1b: Raging Bolt|Helping Hand|[of] p1a: Whimsicott
|move|p2b: Eternatus|Sludge Wave|p1b: Raging Bolt|[spread] p1a,p1b
|-activate|p2a: Oranguru|ability: Telepathy
|-supereffective|p1a: Whimsicott
|-damage|p1a: Whimsicott|0 fnt
|-damage|p1b: Raging Bolt|48/100
|faint|p1a: Whimsicott
|move|p1b: Raging Bolt|Dragon Pulse|p2b: Eternatus
|-damage|p2b: Eternatus|14/100
|
|-heal|p2b: Eternatus|20/100|[from] item: Leftovers
|-sideend|p1: plebston mcbacon|move: Tailwind
|upkeep
|
|t:|1750878767
|switch|p1a: Kyurem|Kyurem-Black, L50|100/100
|-ability|p1a: Kyurem|Teravolt
|turn|9
|
|t:|1750878787
|move|p1b: Raging Bolt|Thunderclap|p2b: Eternatus
|-resisted|p2b: Eternatus
|-damage|p2b: Eternatus|9/100
|move|p2b: Eternatus|Sludge Wave|p1b: Raging Bolt|[spread] p1a,p1b
|-activate|p2a: Oranguru|ability: Telepathy
|-crit|p1b: Raging Bolt
|-damage|p1a: Kyurem|67/100
|-damage|p1b: Raging Bolt|4/100
|move|p1a: Kyurem|Fusion Bolt|p2a: Oranguru
|-damage|p2a: Oranguru|57/100
|move|p2a: Oranguru|Reflect|p2a: Oranguru
|-sidestart|p2: bipolarmoonlight|Reflect
|
|-heal|p2b: Eternatus|15/100|[from] item: Leftovers
|-end|p2b: Eternatus|move: Taunt
|upkeep
|turn|10
|inactive|plebston mcbacon has 30 seconds left.
|
|t:|1750878815
|move|p2b: Eternatus|Protect|p2b: Eternatus
|-singleturn|p2b: Eternatus|Protect
|move|p1b: Raging Bolt|Thunderclap||[still]
|-fail|p1b: Raging Bolt
|move|p1a: Kyurem|Icicle Spear|p2a: Oranguru
|-damage|p2a: Oranguru|44/100
|-damage|p2a: Oranguru|32/100
|-damage|p2a: Oranguru|21/100
|-damage|p2a: Oranguru|9/100
|-hitcount|p2a: Oranguru|4
|move|p2a: Oranguru|Light Screen|p2a: Oranguru
|-sidestart|p2: bipolarmoonlight|move: Light Screen
|
|-heal|p2b: Eternatus|21/100|[from] item: Leftovers
|upkeep
|turn|11
|
|t:|1750878832
|switch|p2a: Incineroar|Incineroar, L50, M|73/100
|-ability|p2a: Incineroar|Intimidate|boost
|-unboost|p1a: Kyurem|atk|1
|-unboost|p1b: Raging Bolt|atk|1
|move|p1b: Raging Bolt|Thunderclap||[still]
|-fail|p1b: Raging Bolt
|move|p2b: Eternatus|Recover|p2b: Eternatus
|-heal|p2b: Eternatus|71/100
|move|p1a: Kyurem|Icicle Spear|p2b: Eternatus
|-supereffective|p2b: Eternatus
|-damage|p2b: Eternatus|65/100
|-supereffective|p2b: Eternatus
|-damage|p2b: Eternatus|58/100
|-supereffective|p2b: Eternatus
|-crit|p2b: Eternatus
|-damage|p2b: Eternatus|19/100
|-supereffective|p2b: Eternatus
|-damage|p2b: Eternatus|12/100
|-supereffective|p2b: Eternatus
|-damage|p2b: Eternatus|6/100
|-hitcount|p2b: Eternatus|5
|
|-heal|p2b: Eternatus|12/100|[from] item: Leftovers
|upkeep
|turn|12
|inactive|bipolarmoonlight has 30 seconds left.
|
|t:|1750878859
|switch|p1a: Calyrex|Calyrex-Shadow, L50|91/100
|-ability|p1a: Calyrex|As One
|-ability|p1a: Calyrex|Unnerve
|move|p2a: Incineroar|Fake Out|p1a: Calyrex
|-immune|p1a: Calyrex
|move|p1b: Raging Bolt|Thunderclap||[still]
|-fail|p1b: Raging Bolt
|move|p2b: Eternatus|Recover|p2b: Eternatus
|-heal|p2b: Eternatus|62/100
|
|-heal|p2b: Eternatus|68/100|[from] item: Leftovers
|upkeep
|turn|13
|
|t:|1750878884
|-terastallize|p1a: Calyrex|Normal
|move|p2b: Eternatus|Protect|p2b: Eternatus
|-singleturn|p2b: Eternatus|Protect
|move|p1a: Calyrex|Nasty Plot|p1a: Calyrex
|-boost|p1a: Calyrex|spa|2
|move|p1b: Raging Bolt|Dragon Pulse|p2b: Eternatus
|-activate|p2b: Eternatus|move: Protect
|move|p2a: Incineroar|U-turn|p1b: Raging Bolt
|-damage|p1b: Raging Bolt|0 fnt
|faint|p1b: Raging Bolt
|-end|p1b: Raging Bolt|Protosynthesis|[silent]
|
|t:|1750878899
|switch|p2a: Oranguru|Oranguru, L50, F|9/100|[from] U-turn
|
|-heal|p2b: Eternatus|74/100|[from] item: Leftovers
|-sideend|p2: bipolarmoonlight|Reflect
|upkeep
|
|t:|1750878901
|switch|p1b: Kyurem|Kyurem-Black, L50|67/100
|-ability|p1b: Kyurem|Teravolt
|turn|14
|
|t:|1750878926
|move|p1a: Calyrex|Astral Barrage|p2b: Eternatus|[spread] p2b
|-immune|p2a: Oranguru
|-damage|p2b: Eternatus|38/100
|-damage|p1a: Calyrex|81/100|[from] item: Life Orb
|move|p2b: Eternatus|Sludge Wave|p1b: Kyurem|[spread] p1a,p1b
|-activate|p2a: Oranguru|ability: Telepathy
|-damage|p1a: Calyrex|48/100
|-damage|p1b: Kyurem|37/100
|move|p1b: Kyurem|Icicle Spear|p2b: Eternatus
|-supereffective|p2b: Eternatus
|-damage|p2b: Eternatus|26/100
|-supereffective|p2b: Eternatus
|-damage|p2b: Eternatus|14/100
|-supereffective|p2b: Eternatus
|-damage|p2b: Eternatus|1/100
|-supereffective|p2b: Eternatus
|-crit|p2b: Eternatus
|-damage|p2b: Eternatus|0 fnt
|faint|p2b: Eternatus
|-hitcount|p2: Eternatus|4
|move|p2a: Oranguru|Reflect|p2a: Oranguru
|-sidestart|p2: bipolarmoonlight|Reflect
|
|-sideend|p2: bipolarmoonlight|move: Light Screen
|upkeep
|inactive|bipolarmoonlight has 30 seconds left.
|
|t:|1750878952
|switch|p2b: Incineroar|Incineroar, L50, M|73/100
|-ability|p2b: Incineroar|Intimidate|boost
|-unboost|p1a: Calyrex|atk|1
|-unboost|p1b: Kyurem|atk|1
|turn|15
|
|t:|1750878959
|move|p1a: Calyrex|Protect|p1a: Calyrex
|-singleturn|p1a: Calyrex|Protect
|move|p2b: Incineroar|Fake Out|p1a: Calyrex
|-activate|p1a: Calyrex|move: Protect
|move|p1b: Kyurem|Rock Slide|p2a: Oranguru|[spread] p2a,p2b
|-supereffective|p2b: Incineroar
|-damage|p2a: Oranguru|0 fnt
|-damage|p2b: Incineroar|51/100
|faint|p2a: Oranguru
|
|upkeep
|
|t:|1750878967
|switch|p2a: Calyrex|Calyrex-Ice, L50|100/100
|-ability|p2a: Calyrex|As One
|-ability|p2a: Calyrex|Unnerve
|turn|16
|
|t:|1750878982
|move|p2a: Calyrex|Protect|p2a: Calyrex
|-singleturn|p2a: Calyrex|Protect
|move|p1a: Calyrex|Astral Barrage|p2a: Calyrex|[spread] p2b
|-activate|p2a: Calyrex|move: Protect
|-resisted|p2b: Incineroar
|-damage|p2b: Incineroar|18/100
|-damage|p1a: Calyrex|39/100|[from] item: Life Orb
|move|p1b: Kyurem|Rock Slide|p2b: Incineroar|[spread] p2b
|-activate|p2a: Calyrex|move: Protect
|-supereffective|p2b: Incineroar
|-damage|p2b: Incineroar|0 fnt
|faint|p2b: Incineroar
|
|upkeep
|turn|17
|
|t:|1750879000
|move|p1a: Calyrex|Astral Barrage|p2a: Calyrex
|-supereffective|p2a: Calyrex
|-damage|p2a: Calyrex|0 fnt
|faint|p2a: Calyrex
|-damage|p1a: Calyrex|29/100|[from] item: Life Orb
|
|win|plebston mcbacon
|raw|plebston mcbacon's rating: 1098 &rarr; <strong>1127</strong><br />(+29 for winning)
|raw|bipolarmoonlight's rating: 1145 &rarr; <strong>1117</strong><br />(-28 for losing)
|l|☆bipolarmoonlight
|player|p2|
