|j|☆RustyTacos27
|j|☆anulmk
|t:|1750768521
|gametype|doubles
|player|p1|RustyTacos27|265|1497
|player|p2|anulmk|cynthia|1425
|teamsize|p1|6
|teamsize|p2|6
|gen|9
|tier|[Gen 9] VGC 2025 Reg I
|rated|
|rule|Species Clause: Limit one of each Pokémon
|rule|Item Clause: Limit 1 of each item
|clearpoke
|poke|p1|Calyrex-Shadow, L50|
|poke|p1|Zamazenta-*, L50|
|poke|p1|Raging Bolt, L50|
|poke|p1|Rillaboom, L50, M|
|poke|p1|Tornadus, L50, M|
|poke|p1|Smeargle, L50, M|
|poke|p2|Calyrex-Shadow, L50|
|poke|p2|Rayquaza, L50|
|poke|p2|Chien-Pao, L50|
|poke|p2|Chi-Yu, L50|
|poke|p2|Raging Bolt, L50|
|poke|p2|Urshifu-*, L50, F|
|teampreview|4
|
|t:|1750768558
|start
|switch|p1a: Tornadus|Tornadus, L50, M|100/100
|switch|p1b: Smeargle|Smeargle, L50, M|100/100
|switch|p2a: Chien-Pao|Chien-Pao, L50|100/100
|switch|p2b: Chi-Yu|Chi-Yu, L50|100/100
|-ability|p2b: Chi-Yu|Beads of Ruin
|-ability|p2a: Chien-Pao|Sword of Ruin
|turn|1
|
|t:|1750768579
|move|p2a: Chien-Pao|Ice Shard|p1b: Smeargle
|-damage|p1b: Smeargle|45/100
|move|p1a: Tornadus|Tailwind|p1a: Tornadus
|-sidestart|p1: RustyTacos27|move: Tailwind
|move|p1b: Smeargle|Spore|p2b: Chi-Yu
|-status|p2b: Chi-Yu|slp|[from] move: Spore
|cant|p2b: Chi-Yu|slp
|
|-ability|p1b: Smeargle|Moody|boost
|-boost|p1b: Smeargle|atk|2
|-unboost|p1b: Smeargle|spe|1
|upkeep
|turn|2
|
|t:|1750768596
|switch|p1b: Zamazenta|Zamazenta-Crowned, L50|100/100
|-ability|p1b: Zamazenta|Dauntless Shield|boost
|-boost|p1b: Zamazenta|def|1
|move|p2a: Chien-Pao|Ice Shard|p1b: Zamazenta
|-resisted|p1b: Zamazenta
|-damage|p1b: Zamazenta|95/100
|move|p1a: Tornadus|Bleakwind Storm|p2a: Chien-Pao|[spread] p2a
|-miss|p1a: Tornadus|p2b: Chi-Yu
|-damage|p2a: Chien-Pao|10/100
|cant|p2b: Chi-Yu|slp
|
|upkeep
|turn|3
|
|t:|1750768622
|switch|p2a: Calyrex|Calyrex-Shadow, L50|100/100
|-ability|p2a: Calyrex|As One
|-ability|p2a: Calyrex|Unnerve
|-terastallize|p2b: Chi-Yu|Ghost
|move|p1b: Zamazenta|Body Press|p2b: Chi-Yu
|-immune|p2b: Chi-Yu
|move|p1a: Tornadus|Bleakwind Storm|p2b: Chi-Yu|[spread] p2b
|-miss|p1a: Tornadus|p2a: Calyrex
|-damage|p2b: Chi-Yu|54/100 slp
|-unboost|p2b: Chi-Yu|spe|1
|cant|p2b: Chi-Yu|slp
|
|upkeep
|turn|4
|
|t:|1750768648
|switch|p2b: Rayquaza|Rayquaza, L50|100/100
|-ability|p2b: Rayquaza|Air Lock
|move|p1b: Zamazenta|Protect|p1b: Zamazenta
|-singleturn|p1b: Zamazenta|Protect
|move|p1a: Tornadus|Bleakwind Storm|p2b: Rayquaza|[spread] p2a
|-miss|p1a: Tornadus|p2b: Rayquaza
|-damage|p2a: Calyrex|61/100
|move|p2a: Calyrex|Astral Barrage|p1b: Zamazenta|[spread] p1a
|-activate|p1b: Zamazenta|move: Protect
|-damage|p1a: Tornadus|19/100
|
|-sideend|p1: RustyTacos27|move: Tailwind
|upkeep
|turn|5
|
|t:|1750768676
|switch|p2a: Chi-Yu|Chi-Yu, L50, tera:Ghost|54/100 slp
|-ability|p2a: Chi-Yu|Beads of Ruin
|move|p2b: Rayquaza|Extreme Speed|p1a: Tornadus
|-damage|p1a: Tornadus|0 fnt
|faint|p1a: Tornadus
|move|p1b: Zamazenta|Heavy Slam|p2a: Chi-Yu
|-damage|p2a: Chi-Yu|0 fnt
|faint|p2a: Chi-Yu
|
|upkeep
|
|t:|1750768691
|switch|p2a: Calyrex|Calyrex-Shadow, L50|61/100
|switch|p1a: Smeargle|Smeargle, L50, M|45/100
|-ability|p2a: Calyrex|As One
|-ability|p2a: Calyrex|Unnerve
|turn|6
|
|t:|1750768705
|move|p1a: Smeargle|Fake Out|p2b: Rayquaza
|-damage|p2b: Rayquaza|95/100
|cant|p2b: Rayquaza|flinch
|move|p2a: Calyrex|Mud Shot|p1b: Zamazenta
|-supereffective|p1b: Zamazenta
|-crit|p1b: Zamazenta
|-damage|p1b: Zamazenta|21/100
|-unboost|p1b: Zamazenta|spe|1
|move|p1b: Zamazenta|Heavy Slam|p2a: Calyrex
|-damage|p2a: Calyrex|0 fnt
|faint|p2a: Calyrex
|
|-ability|p1a: Smeargle|Moody|boost
|-boost|p1a: Smeargle|def|2
|-unboost|p1a: Smeargle|spa|1
|upkeep
|
|t:|1750768719
|switch|p2a: Chien-Pao|Chien-Pao, L50|10/100
|-ability|p2a: Chien-Pao|Sword of Ruin
|turn|7
|
|t:|1750768727
|move|p2b: Rayquaza|Extreme Speed|p1b: Zamazenta
|-resisted|p1b: Zamazenta
|-damage|p1b: Zamazenta|8/100
|move|p1a: Smeargle|Follow Me|p1a: Smeargle
|-singleturn|p1a: Smeargle|move: Follow Me
|move|p2a: Chien-Pao|Ice Shard|p1a: Smeargle
|-damage|p1a: Smeargle|20/100
|move|p1b: Zamazenta|Heavy Slam|p2a: Chien-Pao
|-supereffective|p2a: Chien-Pao
|-damage|p2a: Chien-Pao|0 fnt
|faint|p2a: Chien-Pao
|
|-ability|p1a: Smeargle|Moody|boost
|-boost|p1a: Smeargle|spe|2
|-unboost|p1a: Smeargle|atk|1
|upkeep
|turn|8
|
|t:|1750768742
|move|p2b: Rayquaza|Extreme Speed|p1b: Zamazenta
|-resisted|p1b: Zamazenta
|-damage|p1b: Zamazenta|0 fnt
|faint|p1b: Zamazenta
|move|p1a: Smeargle|Spore|p2b: Rayquaza
|-status|p2b: Rayquaza|slp|[from] move: Spore
|
|-ability|p1a: Smeargle|Moody|boost
|-boost|p1a: Smeargle|spe|2
|-unboost|p1a: Smeargle|atk|1
|upkeep
|
|t:|1750768745
|switch|p1b: Calyrex|Calyrex-Shadow, L50|100/100
|-ability|p1b: Calyrex|As One
|-ability|p1b: Calyrex|Unnerve
|turn|9
|-message|anulmk forfeited.
|
|win|RustyTacos27
|raw|RustyTacos27's rating: 1497 &rarr; <strong>1513</strong><br />(+16 for winning)
|raw|anulmk's rating: 1425 &rarr; <strong>1409</strong><br />(-16 for losing)
|l|☆anulmk
|player|p2|
|l|☆RustyTacos27
|player|p1|
