|j|☆curfy622
|j|☆fishdude936
|t:|1750707913
|gametype|doubles
|player|p1|curfy622|169|1292
|player|p2|fishdude936|cress|1215
|teamsize|p1|6
|teamsize|p2|6
|gen|9
|tier|[Gen 9] VGC 2025 Reg I
|rated|
|rule|Species Clause: Limit one of each Pokémon
|rule|Item Clause: Limit 1 of each item
|clearpoke
|poke|p1|Koraidon, L50|
|poke|p1|Lunala, L50|
|poke|p1|Ursaluna, L50, M|
|poke|p1|Brute Bonnet, L50|
|poke|p1|Volcarona, L50, F|
|poke|p1|Flutter Mane, L50|
|poke|p2|Regigigas, L50|
|poke|p2|Calyrex-Shadow, L50|
|poke|p2|Weezing-Galar, L50, F|
|poke|p2|Koraidon, L50|
|poke|p2|Walking Wake, L50|
|poke|p2|Brute Bonnet, L50|
|teampreview|4
|
|t:|1750707973
|start
|switch|p1a: Brute Bonnet|Brute Bonnet, L50|100/100
|switch|p1b: Lunala|Lunala, L50|100/100
|switch|p2a: Weezing|Weezing-Galar, L50, F, shiny|100/100
|switch|p2b: Koraidon|Koraidon, L50|100/100
|-ability|p2a: Weezing|Neutralizing Gas
|-block|p2b: Koraidon|item: Ability Shield
|-weather|SunnyDay|[from] ability: Orichalcum Pulse|[of] p2b: Koraidon
|-activate|p2b: Koraidon|Orichalcum Pulse|[source]
|turn|1
|
|t:|1750708001
|-terastallize|p2b: Koraidon|Fire
|-terastallize|p1a: Brute Bonnet|Water
|move|p1a: Brute Bonnet|Rage Powder|p1a: Brute Bonnet
|-singleturn|p1a: Brute Bonnet|move: Rage Powder
|move|p2b: Koraidon|Flare Blitz|p1a: Brute Bonnet
|-resisted|p1a: Brute Bonnet
|-crit|p1a: Brute Bonnet
|-damage|p1a: Brute Bonnet|45/100
|-damage|p2b: Koraidon|78/100|[from] Recoil
|move|p2a: Weezing|Strange Steam|p1a: Brute Bonnet
|-damage|p1a: Brute Bonnet|23/100
|move|p1b: Lunala|Trick Room|p1b: Lunala
|-fieldstart|move: Trick Room|[of] p1b: Lunala
|
|-weather|SunnyDay|[upkeep]
|upkeep
|turn|2
|
|t:|1750708024
|switch|p1b: Ursaluna|Ursaluna, L50, M|100/100
|move|p2b: Koraidon|Protect|p2b: Koraidon
|-singleturn|p2b: Koraidon|Protect
|move|p1a: Brute Bonnet|Spore|p2b: Koraidon
|-activate|p2b: Koraidon|move: Protect
|move|p2a: Weezing|Sludge Bomb|p1a: Brute Bonnet
|-crit|p1a: Brute Bonnet
|-damage|p1a: Brute Bonnet|0 fnt
|faint|p1a: Brute Bonnet
|-end|p1a: Brute Bonnet|Protosynthesis|[silent]
|
|-weather|SunnyDay|[upkeep]
|-status|p1b: Ursaluna|brn|[from] item: Flame Orb
|upkeep
|
|t:|1750708037
|switch|p1a: Lunala|Lunala, L50|100/100
|turn|3
|
|t:|1750708051
|move|p2a: Weezing|Protect|p2a: Weezing
|-singleturn|p2a: Weezing|Protect
|move|p1b: Ursaluna|Facade|p2b: Koraidon
|-damage|p2b: Koraidon|0 fnt
|faint|p2b: Koraidon
|move|p1a: Lunala|Moongeist Beam|p2a: Weezing
|-activate|p2a: Weezing|move: Protect
|
|-weather|SunnyDay|[upkeep]
|-damage|p1b: Ursaluna|95/100 brn|[from] brn
|upkeep
|
|t:|1750708093
|switch|p2b: Walking Wake|Walking Wake, L50|100/100
|turn|4
|
|t:|1750708118
|move|p1b: Ursaluna|Facade|p2b: Walking Wake
|-damage|p2b: Walking Wake|0 fnt
|faint|p2b: Walking Wake
|-end|p2b: Walking Wake|Protosynthesis|[silent]
|move|p2a: Weezing|Strange Steam|p1a: Lunala
|-damage|p1a: Lunala|81/100
|move|p1a: Lunala|Moonblast|p2a: Weezing
|-resisted|p2a: Weezing
|-damage|p2a: Weezing|82/100
|-unboost|p2a: Weezing|spa|1
|
|-weather|SunnyDay|[upkeep]
|-heal|p2a: Weezing|88/100|[from] item: Leftovers
|-damage|p1b: Ursaluna|89/100 brn|[from] brn
|upkeep
|c|☆fishdude936|Thats fucking insane, hes burned and guts is off
|
|t:|1750708139
|switch|p2b: Calyrex|Calyrex-Shadow, L50|100/100
|-ability|p2b: Calyrex|As One
|-ability|p2b: Calyrex|Unnerve
|turn|5
|c|☆curfy622|haha ive doubled each time thinking there wasn't anyway he could KO, i have been wrong
|
|t:|1750708173
|move|p2a: Weezing|Protect|p2a: Weezing
|-singleturn|p2a: Weezing|Protect
|move|p2b: Calyrex|Protect|p2b: Calyrex
|-singleturn|p2b: Calyrex|Protect
|move|p1b: Ursaluna|Headlong Rush|p2a: Weezing
|-activate|p2a: Weezing|move: Protect
|move|p1a: Lunala|Moongeist Beam|p2b: Calyrex
|-activate|p2b: Calyrex|move: Protect
|
|-weather|none
|-heal|p2a: Weezing|94/100|[from] item: Leftovers
|-damage|p1b: Ursaluna|83/100 brn|[from] brn
|-fieldend|move: Trick Room
|upkeep
|turn|6
|
|t:|1750708204
|move|p1a: Lunala|Wide Guard|p1a: Lunala
|-singleturn|p1a: Lunala|Wide Guard
|move|p2b: Calyrex|Psychic|p1b: Ursaluna
|-damage|p1b: Ursaluna|32/100 brn
|move|p2a: Weezing|Strange Steam|p1b: Ursaluna
|-damage|p1b: Ursaluna|17/100 brn
|-start|p1b: Ursaluna|confusion
|-activate|p1b: Ursaluna|confusion
|move|p1b: Ursaluna|Headlong Rush|p2a: Weezing
|-supereffective|p2a: Weezing
|-damage|p2a: Weezing|34/100
|-unboost|p1b: Ursaluna|def|1
|-unboost|p1b: Ursaluna|spd|1
|
|-heal|p2a: Weezing|40/100|[from] item: Leftovers
|-damage|p1b: Ursaluna|11/100 brn|[from] brn
|upkeep
|turn|7
|
|t:|1750708249
|switch|p1b: Koraidon|Koraidon, L50|100/100
|move|p2b: Calyrex|Pollen Puff|p2a: Weezing
|-heal|p2a: Weezing|90/100
|move|p2a: Weezing|Sludge Bomb|p1b: Koraidon
|-damage|p1b: Koraidon|82/100
|-status|p1b: Koraidon|psn
|move|p1a: Lunala|Trick Room|p1a: Lunala
|-fieldstart|move: Trick Room|[of] p1a: Lunala
|
|-heal|p2a: Weezing|96/100|[from] item: Leftovers
|-damage|p1b: Koraidon|69/100 psn|[from] psn
|upkeep
|turn|8
|
|t:|1750708294
|move|p1b: Koraidon|Protect|p1b: Koraidon
|-singleturn|p1b: Koraidon|Protect
|move|p2b: Calyrex|Protect|p2b: Calyrex
|-singleturn|p2b: Calyrex|Protect
|move|p2a: Weezing|Strange Steam|p1b: Koraidon
|-activate|p1b: Koraidon|move: Protect
|move|p1a: Lunala|Moongeist Beam|p2b: Calyrex
|-activate|p2b: Calyrex|move: Protect
|
|-heal|p2a: Weezing|100/100|[from] item: Leftovers
|-damage|p1b: Koraidon|57/100 psn|[from] psn
|upkeep
|turn|9
|
|t:|1750708320
|move|p1b: Koraidon|Protect|p1b: Koraidon
|-singleturn|p1b: Koraidon|Protect
|move|p2a: Weezing|Strange Steam|p1b: Koraidon
|-activate|p1b: Koraidon|move: Protect
|move|p1a: Lunala|Moongeist Beam|p2b: Calyrex
|-supereffective|p2b: Calyrex
|-enditem|p2b: Calyrex|Focus Sash
|-damage|p2b: Calyrex|1/100
|move|p2b: Calyrex|Pollen Puff|p1a: Lunala
|-damage|p1a: Lunala|51/100
|
|-damage|p1b: Koraidon|44/100 psn|[from] psn
|upkeep
|turn|10
|c|☆fishdude936|Damn you gotta be kidding me
|
|t:|1750708347
|move|p2b: Calyrex|Protect|p2b: Calyrex
|-singleturn|p2b: Calyrex|Protect
|move|p2a: Weezing|Strange Steam|p1b: Koraidon
|-supereffective|p1b: Koraidon
|-damage|p1b: Koraidon|0 fnt
|faint|p1b: Koraidon
|move|p1a: Lunala|Moongeist Beam|p2a: Weezing
|-damage|p2a: Weezing|43/100
|
|-heal|p2a: Weezing|49/100|[from] item: Leftovers
|upkeep
|
|t:|1750708358
|switch|p1b: Ursaluna|Ursaluna, L50, M|11/100 brn
|turn|11
|c|☆fishdude936|I should have expected thay
|c|☆fishdude936|gg
|c|☆curfy622|i got a couple of those calls lucky, gg
|
|t:|1750708406
|move|p2b: Calyrex|Protect||[still]
|-fail|p2b: Calyrex
|move|p1b: Ursaluna|Headlong Rush|p2b: Calyrex
|-damage|p2b: Calyrex|0 fnt
|-unboost|p1b: Ursaluna|def|1
|-unboost|p1b: Ursaluna|spd|1
|faint|p2b: Calyrex
|move|p2a: Weezing|Strange Steam|p1b: Ursaluna
|-damage|p1b: Ursaluna|0 fnt
|faint|p1b: Ursaluna
|move|p1a: Lunala|Moongeist Beam|p2a: Weezing
|-damage|p2a: Weezing|0 fnt
|faint|p2a: Weezing
|-end|p2a: Weezing|ability: Neutralizing Gas
|
|win|curfy622
|raw|curfy622's rating: 1292 &rarr; <strong>1312</strong><br />(+20 for winning)
|raw|fishdude936's rating: 1215 &rarr; <strong>1195</strong><br />(-20 for losing)
|l|☆curfy622
|player|p1|
|c|☆fishdude936|Ofc my double protect don't work
