|j|☆yeohgi2
|j|☆bruh096521
|t:|1750796669
|gametype|doubles
|player|p1|yeohgi2|hilbert-wonderlauncher|1381
|player|p2|bruh096521|265|1367
|teamsize|p1|6
|teamsize|p2|6
|gen|9
|tier|[Gen 9] VGC 2025 Reg I
|rated|
|rule|Species Clause: Limit one of each Pokémon
|rule|Item Clause: Limit 1 of each item
|clearpoke
|poke|p1|Rillaboom, L50, M|
|poke|p1|Flutter Mane, L50|
|poke|p1|Koraidon, L50|
|poke|p1|Incineroar, L50, M|
|poke|p1|Calyrex-Shadow, L50|
|poke|p1|Raging Bolt, L50|
|poke|p2|Groudon, L50|
|poke|p2|Raging Bolt, L50|
|poke|p2|Heatran, L50, F|
|poke|p2|Amoonguss, L50, M|
|poke|p2|Lunala, L50|
|poke|p2|Incineroar, L50, M|
|teampreview|4
|inactive|Battle timer is ON: inactive players will automatically lose when time's up. (requested by bruh096521)
bruh096521 has agreed to open team sheets.
yeohgi2 has agreed to open team sheets.
|showteam|p1|Rillaboom||AssaultVest|GrassySurge|WoodHammer,GrassyGlide,FakeOut,Uturn|||M|||50|,,,,,Fire]Flutter Mane||BoosterEnergy|Protosynthesis|IcyWind,ShadowBall,Moonblast,Protect||||||50|,,,,,Fairy]Koraidon||LifeOrb|OrichalcumPulse|Protect,CloseCombat,FlareBlitz,FlameCharge||||||50|,,,,,Fire]Incineroar||SafetyGoggles|Intimidate|KnockOff,Uturn,Snarl,FakeOut|||M|||50|,,,,,Ghost]Calyrex-Shadow||FocusSash|AsOneSpectrier|AstralBarrage,Psychic,NastyPlot,Protect||||||50|,,,,,Ghost]Raging Bolt||Leftovers|Protosynthesis|Thunderclap,DracoMeteor,Thunderbolt,Protect||||||50|,,,,,Fairy
|showteam|p2|Groudon||ClearAmulet|Drought|PrecipiceBlades,HeatCrash,HighHorsepower,Protect||||||50|,,,,,Water]Raging Bolt||Leftovers|Protosynthesis|Thunderclap,CalmMind,Thunderbolt,DragonPulse||||||50|,,,,,Fairy]Heatran||ChoiceSpecs|FlashFire|HeatWave,FlashCannon,Flamethrower,TeraBlast|||F|||50|,,,,,Grass]Amoonguss||MentalHerb|Regenerator|Spore,RagePowder,PollenPuff,Protect|||M|||50|,,,,,Water]Lunala||WeaknessPolicy|ShadowShield|MoongeistBeam,Protect,WideGuard,TrickRoom||||||50|,,,,,Dark]Incineroar||SafetyGoggles|Intimidate|PartingShot,KnockOff,FakeOut,Protect|||M|||50|,,,,,Grass
|inactive|bruh096521 has 60 seconds left.
|
|t:|1750796756
|start
|switch|p1a: Flutter Mane|Flutter Mane, L50|100/100
|switch|p1b: Calyrex|Calyrex-Shadow, L50|100/100
|switch|p2a: Lunala|Lunala, L50|100/100
|switch|p2b: Amoonguss|Amoonguss, L50, M|100/100
|-ability|p1b: Calyrex|As One
|-ability|p1b: Calyrex|Unnerve
|-enditem|p1a: Flutter Mane|Booster Energy
|-activate|p1a: Flutter Mane|ability: Protosynthesis|[fromitem]
|-start|p1a: Flutter Mane|protosynthesisspe
|turn|1
|inactive|yeohgi2 has 30 seconds left.
|inactive|bruh096521 has 30 seconds left.
|
|t:|1750796787
|move|p2a: Lunala|Protect|p2a: Lunala
|-singleturn|p2a: Lunala|Protect
|move|p1a: Flutter Mane|Shadow Ball|p2b: Amoonguss
|-damage|p2b: Amoonguss|67/100
|move|p1b: Calyrex|Psychic|p2b: Amoonguss
|-supereffective|p2b: Amoonguss
|-damage|p2b: Amoonguss|0 fnt
|faint|p2b: Amoonguss
|-ability|p1b: Calyrex|Grim Neigh|boost
|-boost|p1b: Calyrex|spa|1
|
|upkeep
|inactive|bruh096521 has 30 seconds left.
|
|t:|1750796813
|switch|p2b: Groudon|Groudon, L50, shiny|100/100
|-weather|SunnyDay|[from] ability: Drought|[of] p2b: Groudon
|turn|2
|inactive|yeohgi2 has 30 seconds left.
|
|t:|1750796843
|-terastallize|p2a: Lunala|Dark
|move|p2b: Groudon|Protect|p2b: Groudon
|-singleturn|p2b: Groudon|Protect
|move|p1a: Flutter Mane|Shadow Ball|p2a: Lunala
|-resisted|p2a: Lunala
|-damage|p2a: Lunala|95/100
|move|p1b: Calyrex|Astral Barrage|p2a: Lunala|[spread] p2a
|-activate|p2b: Groudon|move: Protect
|-resisted|p2a: Lunala
|-damage|p2a: Lunala|71/100
|move|p2a: Lunala|Trick Room|p2a: Lunala
|-fieldstart|move: Trick Room|[of] p2a: Lunala
|
|-weather|SunnyDay|[upkeep]
|upkeep
|turn|3
|inactive|yeohgi2 has 30 seconds left.
|inactive|bruh096521 has 30 seconds left.
|inactive|yeohgi2 has 20 seconds left.
|inactive|yeohgi2 has 15 seconds left.
|
|t:|1750796883
|switch|p1b: Incineroar|Incineroar, L50, M|100/100
|-ability|p1b: Incineroar|Intimidate|boost
|-unboost|p2a: Lunala|atk|1
|-fail|p2b: Groudon|unboost|[from] item: Clear Amulet|[of] p2b: Groudon
|move|p2a: Lunala|Protect|p2a: Lunala
|-singleturn|p2a: Lunala|Protect
|move|p1a: Flutter Mane|Protect|p1a: Flutter Mane
|-singleturn|p1a: Flutter Mane|Protect
|move|p2b: Groudon|Precipice Blades|p1a: Flutter Mane|[spread] p1b
|-activate|p1a: Flutter Mane|move: Protect
|-supereffective|p1b: Incineroar
|-damage|p1b: Incineroar|29/100
|
|-weather|SunnyDay|[upkeep]
|upkeep
|turn|4
|inactive|bruh096521 has 30 seconds left.
|inactive|yeohgi2 has 30 seconds left.
|inactive|bruh096521 has 20 seconds left.
|inactive|bruh096521 has 15 seconds left.
|inactive|bruh096521 has 10 seconds left.
|inactive|bruh096521 has 5 seconds left.
|
|t:|1750796937
|switch|p2b: Heatran|Heatran, L50, F|100/100
|-terastallize|p1a: Flutter Mane|Fairy
|move|p1b: Incineroar|Fake Out|p2b: Heatran
|-resisted|p2b: Heatran
|-crit|p2b: Heatran
|-damage|p2b: Heatran|93/100
|move|p2a: Lunala|Wide Guard|p2a: Lunala
|-singleturn|p2a: Lunala|Wide Guard
|move|p1a: Flutter Mane|Moonblast|p2a: Lunala
|-supereffective|p2a: Lunala
|-damage|p2a: Lunala|0 fnt
|faint|p2a: Lunala
|
|-weather|SunnyDay|[upkeep]
|upkeep
|
|t:|1750796948
|switch|p2a: Groudon|Groudon, L50, shiny|100/100
|turn|5
|c|☆yeohgi2|??
|c|☆yeohgi2|why did u do that?
|c|☆yeohgi2|no diss im just curious
|inactive|yeohgi2 has 30 seconds left.
|inactive|bruh096521 has 30 seconds left.
|
|t:|1750796980
|move|p1a: Flutter Mane|Protect|p1a: Flutter Mane
|-singleturn|p1a: Flutter Mane|Protect
|move|p2b: Heatran|Heat Wave|p1a: Flutter Mane|[spread] p1b
|-activate|p1a: Flutter Mane|move: Protect
|-resisted|p1b: Incineroar
|-damage|p1b: Incineroar|0 fnt
|faint|p1b: Incineroar
|move|p2a: Groudon|Precipice Blades|p1a: Flutter Mane
|-activate|p1a: Flutter Mane|move: Protect
|
|-weather|SunnyDay|[upkeep]
|upkeep
|
|t:|1750796992
|switch|p1b: Koraidon|Koraidon, L50|100/100
|-activate|p1b: Koraidon|ability: Orichalcum Pulse
|turn|6
|inactive|bruh096521 has 30 seconds left.
|inactive|bruh096521 has 20 seconds left.
|inactive|bruh096521 has 15 seconds left.
|inactive|bruh096521 has 10 seconds left.
|inactive|bruh096521 has 5 seconds left.
|
|t:|1750797043
|move|p2a: Groudon|Protect|p2a: Groudon
|-singleturn|p2a: Groudon|Protect
|move|p1b: Koraidon|Protect|p1b: Koraidon
|-singleturn|p1b: Koraidon|Protect
|move|p1a: Flutter Mane|Protect||[still]
|-fail|p1a: Flutter Mane
|move|p2b: Heatran|Heat Wave|p1a: Flutter Mane|[spread] p1a
|-activate|p1b: Koraidon|move: Protect
|-damage|p1a: Flutter Mane|10/100
|
|-weather|none
|-fieldend|move: Trick Room
|upkeep
|turn|7
|
|t:|1750797059
|move|p1a: Flutter Mane|Moonblast|p2a: Groudon
|-crit|p2a: Groudon
|-damage|p2a: Groudon|16/100
|move|p1b: Koraidon|Close Combat|p2b: Heatran
|-supereffective|p2b: Heatran
|-damage|p2b: Heatran|0 fnt
|-unboost|p1b: Koraidon|def|1
|-unboost|p1b: Koraidon|spd|1
|faint|p2b: Heatran
|-damage|p1b: Koraidon|91/100|[from] item: Life Orb
|move|p2a: Groudon|Precipice Blades|p1a: Flutter Mane|[spread] 
|-miss|p2a: Groudon|p1a: Flutter Mane
|-miss|p2a: Groudon|p1b: Koraidon
|
|upkeep
|turn|8
|-message|bruh096521 forfeited.
|
|win|yeohgi2
|raw|yeohgi2's rating: 1381 &rarr; <strong>1400</strong><br />(+19 for winning)
|raw|bruh096521's rating: 1367 &rarr; <strong>1348</strong><br />(-19 for losing)
|l|☆bruh096521
|player|p2|
|l|☆yeohgi2
|player|p1|
