|j|☆It'sJustKen VGC
|j|☆awakeningofinsects
|t:|1750726899
|gametype|doubles
|player|p1|It'sJustKen VGC|caitlin|1581
|player|p2|awakeningofinsects|2|1484
|teamsize|p1|6
|teamsize|p2|6
|gen|9
|tier|[Gen 9] VGC 2025 Reg I
|rated|
|rule|Species Clause: Limit one of each Pokémon
|rule|Item Clause: Limit 1 of each item
|clearpoke
|poke|p1|Incineroar, L50, F|
|poke|p1|Urshifu-*, L50, F|
|poke|p1|Amoonguss, L50, M|
|poke|p1|Calyrex-Shadow, L50|
|poke|p1|Tornadus, L50, M|
|poke|p1|Terapagos, L50, M|
|poke|p2|Calyrex-Ice, L50|
|poke|p2|Miraidon, L50|
|poke|p2|Scraggy, L50, F|
|poke|p2|Farigiraf, L50, F|
|poke|p2|Iron Treads, L50|
|poke|p2|Iron Hands, L50|
|teampreview|4
|inactive|Battle timer is ON: inactive players will automatically lose when time's up. (requested by It'sJustKen VGC)
|inactive|awakeningofinsects has 60 seconds left.
|inactive|awakeningofinsects has 30 seconds left.
|inactive|awakeningofinsects has 20 seconds left.
|inactive|awakeningofinsects has 15 seconds left.
|
|t:|1750726977
|start
|switch|p1a: PTSD Mushroom|Amoonguss, L50, M|100/100
|switch|p1b: Tera Cell|Terapagos, L50, M|100/100
|switch|p2a: Miraidon|Miraidon, L50|100/100
|switch|p2b: Farigiraf|Farigiraf, L50, F|100/100
|-activate|p1b: Tera Cell|ability: Tera Shift
|detailschange|p1b: Tera Cell|Terapagos-Terastal, L50, M
|-heal|p1b: Tera Cell|100/100|[silent]
|-fieldstart|move: Electric Terrain|[from] ability: Hadron Engine|[of] p2a: Miraidon
|-enditem|p2b: Farigiraf|Electric Seed
|-boost|p2b: Farigiraf|def|1|[from] item: Electric Seed
|turn|1
|inactive|awakeningofinsects has 30 seconds left.
|
|t:|1750727002
|-terastallize|p1b: Tera Cell|Stellar
|detailschange|p1b: Tera Cell|Terapagos-Stellar, L50, M, tera:Stellar
|-heal|p1b: Tera Cell|100/100|[silent]
|-ability|p1b: Tera Cell|Teraform Zero
|-fieldend|move: Electric Terrain
|move|p2a: Miraidon|Volt Switch|p1b: Tera Cell
|-damage|p1b: Tera Cell|61/100
|
|t:|1750727020
|switch|p2a: Iron Hands|Iron Hands, L50, shiny|100/100|[from] Volt Switch
|move|p1b: Tera Cell|Tera Starstorm|p2b: Farigiraf|[spread] p2a,p2b
|-damage|p2a: Iron Hands|70/100
|-damage|p2b: Farigiraf|44/100
|move|p2b: Farigiraf|Psychic|p1a: PTSD Mushroom
|-supereffective|p1a: PTSD Mushroom
|-damage|p1a: PTSD Mushroom|39/100
|-enditem|p1a: PTSD Mushroom|Sitrus Berry|[eat]
|-heal|p1a: PTSD Mushroom|64/100|[from] item: Sitrus Berry
|move|p1a: PTSD Mushroom|Spore|p2b: Farigiraf
|-status|p2b: Farigiraf|slp|[from] move: Spore
|
|upkeep
|turn|2
|inactive|awakeningofinsects has 30 seconds left.
|
|t:|1750727047
|move|p1b: Tera Cell|Tera Starstorm|p2b: Farigiraf|[spread] p2a,p2b
|-damage|p2a: Iron Hands|39/100
|-damage|p2b: Farigiraf|0 fnt
|faint|p2b: Farigiraf
|move|p2a: Iron Hands|Drain Punch|p1b: Tera Cell
|-supereffective|p1b: Tera Cell
|-crit|p1b: Tera Cell
|-damage|p1b: Tera Cell|0 fnt
|-heal|p2a: Iron Hands|69/100|[from] drain|[of] p1b: Tera Cell
|faint|p1b: Tera Cell
|detailschange|p1: Tera Cell|Terapagos, L50, M|[silent]
|move|p1a: PTSD Mushroom|Sludge Bomb|p2a: Iron Hands
|-damage|p2a: Iron Hands|54/100
|
|upkeep
|
|t:|1750727065
|switch|p1b: Chicken Jockey|Calyrex-Shadow, L50|100/100
|switch|p2b: Miraidon|Miraidon, L50|100/100
|-ability|p1b: Chicken Jockey|As One
|-ability|p1b: Chicken Jockey|Unnerve
|-fieldstart|move: Electric Terrain|[from] ability: Hadron Engine|[of] p2b: Miraidon
|-activate|p2a: Iron Hands|ability: Quark Drive
|-start|p2a: Iron Hands|quarkdriveatk
|turn|3
|inactive|It'sJustKen VGC has 30 seconds left.
|inactive|awakeningofinsects has 30 seconds left.
|inactive|awakeningofinsects has 20 seconds left.
|inactive|awakeningofinsects has 15 seconds left.
|inactive|awakeningofinsects has 10 seconds left.
|inactive|awakeningofinsects has 5 seconds left.
|
|t:|1750727116
|move|p1a: PTSD Mushroom|Rage Powder|p1a: PTSD Mushroom
|-singleturn|p1a: PTSD Mushroom|move: Rage Powder
|move|p1b: Chicken Jockey|Psychic|p2a: Iron Hands
|-supereffective|p2a: Iron Hands
|-damage|p2a: Iron Hands|0 fnt
|faint|p2a: Iron Hands
|-end|p2a: Iron Hands|Quark Drive|[silent]
|-ability|p1b: Chicken Jockey|Grim Neigh|boost
|-boost|p1b: Chicken Jockey|spa|1
|-damage|p1b: Chicken Jockey|91/100|[from] item: Life Orb
|move|p2b: Miraidon|Electro Drift|p1a: PTSD Mushroom
|-resisted|p1a: PTSD Mushroom
|-damage|p1a: PTSD Mushroom|4/100
|
|upkeep
|
|t:|1750727127
|switch|p2a: Calyrex|Calyrex-Ice, L50|100/100
|-ability|p2a: Calyrex|As One
|-ability|p2a: Calyrex|Unnerve
|turn|4
|
|t:|1750727144
|-terastallize|p2a: Calyrex|Water
|move|p1a: PTSD Mushroom|Rage Powder|p1a: PTSD Mushroom
|-singleturn|p1a: PTSD Mushroom|move: Rage Powder
|move|p1b: Chicken Jockey|Astral Barrage|p2b: Miraidon|[spread] p2a,p2b
|-damage|p2a: Calyrex|19/100
|-damage|p2b: Miraidon|16/100
|-damage|p1b: Chicken Jockey|81/100|[from] item: Life Orb
|move|p2b: Miraidon|Electro Drift|p1a: PTSD Mushroom
|-resisted|p1a: PTSD Mushroom
|-damage|p1a: PTSD Mushroom|0 fnt
|faint|p1a: PTSD Mushroom
|move|p2a: Calyrex|Glacial Lance|p1b: Chicken Jockey
|-damage|p1b: Chicken Jockey|0 fnt
|faint|p1b: Chicken Jockey
|-ability|p2a: Calyrex|Chilling Neigh|boost
|-boost|p2a: Calyrex|atk|1
|
|upkeep
|
|t:|1750727149
|switch|p1a: Steven He|Urshifu-Rapid-Strike, L50, F|100/100
|turn|5
|
|t:|1750727157
|move|p1a: Steven He|Surging Strikes|p2b: Miraidon
|-resisted|p2b: Miraidon
|-crit|p2b: Miraidon
|-damage|p2b: Miraidon|7/100
|-resisted|p2b: Miraidon
|-crit|p2b: Miraidon
|-damage|p2b: Miraidon|0 fnt
|faint|p2b: Miraidon
|-hitcount|p2: Miraidon|2
|move|p2a: Calyrex|Glacial Lance|p1a: Steven He
|-resisted|p1a: Steven He
|-damage|p1a: Steven He|44/100
|
|upkeep
|turn|6
|inactive|It'sJustKen VGC has 30 seconds left.
|inactive|It'sJustKen VGC has 20 seconds left.
|
|t:|1750727193
|move|p1a: Steven He|Surging Strikes|p2a: Calyrex
|-resisted|p2a: Calyrex
|-crit|p2a: Calyrex
|-damage|p2a: Calyrex|12/100
|-resisted|p2a: Calyrex
|-crit|p2a: Calyrex
|-damage|p2a: Calyrex|6/100
|-resisted|p2a: Calyrex
|-crit|p2a: Calyrex
|-damage|p2a: Calyrex|0 fnt
|faint|p2a: Calyrex
|-hitcount|p2: Calyrex|3
|
|win|It'sJustKen VGC
|raw|It&apos;sJustKen VGC's rating: 1581 &rarr; <strong>1594</strong><br />(+13 for winning)
|raw|awakeningofinsects's rating: 1460 &rarr; <strong>1447</strong><br />(-13 for losing)
