|j|☆Ilredeitreni
|j|☆izerial
|t:|1750835663
|gametype|doubles
|player|p1|Ilredeitreni|firebreather|1298
|player|p2|izerial|bellelba|1278
|teamsize|p1|6
|teamsize|p2|6
|gen|9
|tier|[Gen 9] VGC 2025 Reg I
|rated|
|rule|Species Clause: Limit one of each Pokémon
|rule|Item Clause: Limit 1 of each item
|clearpoke
|poke|p1|Lunala, L50|
|poke|p1|Ursaluna, L50, F|
|poke|p1|Urshifu-*, L50, M|
|poke|p1|Miraidon, L50|
|poke|p1|Whimsicott, L50, F|
|poke|p1|Incineroar, L50, F|
|poke|p2|Calyrex-Shadow, L50|
|poke|p2|Zamazenta-*, L50|
|poke|p2|Grimmsnarl, L50, M|
|poke|p2|Rillaboom, L50, F|
|poke|p2|Incineroar, L50, F|
|poke|p2|Raging Bolt, L50|
|teampreview|4
|
|t:|1750835709
|start
|switch|p1a: Whimsicott|Whimsicott, L50, F|100/100
|switch|p1b: Miraidon|Miraidon, L50|100/100
|switch|p2a: Calyrex|Calyrex-Shadow, L50|100/100
|switch|p2b: Grimmsnarl|Grimmsnarl, L50, M, shiny|100/100
|-ability|p2a: Calyrex|As One
|-ability|p2a: Calyrex|Unnerve
|-fieldstart|move: Electric Terrain|[from] ability: Hadron Engine|[of] p1b: Miraidon
|turn|1
|
|t:|1750835746
|-terastallize|p1b: Miraidon|Electric
|move|p2a: Calyrex|Protect|p2a: Calyrex
|-singleturn|p2a: Calyrex|Protect
|move|p1a: Whimsicott|Tailwind|p1a: Whimsicott
|-sidestart|p1: Ilredeitreni|move: Tailwind
|move|p2b: Grimmsnarl|Light Screen|p2b: Grimmsnarl
|-sidestart|p2: izerial|move: Light Screen
|move|p1b: Miraidon|Volt Switch|p2a: Calyrex
|-activate|p2a: Calyrex|move: Protect
|
|upkeep
|turn|2
|
|t:|1750835772
|switch|p2b: Rillaboom|Rillaboom, L50, F, shiny|100/100
|-fieldstart|move: Grassy Terrain|[from] ability: Grassy Surge|[of] p2b: Rillaboom
|move|p1a: Whimsicott|Encore|p2a: Calyrex
|-start|p2a: Calyrex|Encore
|move|p1b: Miraidon|Volt Switch|p2a: Calyrex
|-damage|p2a: Calyrex|53/100
|
|t:|1750835787
|switch|p1b: Lunala|Lunala, L50|100/100|[from] Volt Switch
|move|p2a: Calyrex|Protect||[still]
|-fail|p2a: Calyrex
|
|-heal|p2a: Calyrex|59/100|[from] Grassy Terrain
|upkeep
|turn|3
|
|t:|1750835818
|switch|p1a: Miraidon|Miraidon, L50, tera:Electric|100/100
|-fieldstart|move: Electric Terrain|[from] ability: Hadron Engine|[of] p1a: Miraidon
|-enditem|p1b: Lunala|Electric Seed
|-boost|p1b: Lunala|def|1|[from] item: Electric Seed
|switch|p2a: Zamazenta|Zamazenta-Crowned, L50|100/100
|-ability|p2a: Zamazenta|Dauntless Shield|boost
|-boost|p2a: Zamazenta|def|1
|move|p1b: Lunala|Moongeist Beam|p2b: Rillaboom
|-damage|p2b: Rillaboom|65/100
|move|p2b: Rillaboom|U-turn|p1a: Miraidon
|-damage|p1a: Miraidon|76/100
|
|t:|1750835845
|switch|p2b: Calyrex|Calyrex-Shadow, L50|59/100|[from] U-turn
|-ability|p2b: Calyrex|As One
|-ability|p2b: Calyrex|Unnerve
|
|upkeep
|turn|4
|
|t:|1750835876
|switch|p1b: Whimsicott|Whimsicott, L50, F|100/100
|move|p2b: Calyrex|Protect|p2b: Calyrex
|-singleturn|p2b: Calyrex|Protect
|move|p1a: Miraidon|Electro Drift|p2a: Zamazenta
|-damage|p2a: Zamazenta|24/100
|move|p2a: Zamazenta|Body Press|p1a: Miraidon
|-damage|p1a: Miraidon|21/100
|
|-sideend|p1: Ilredeitreni|move: Tailwind
|upkeep
|turn|5
|
|t:|1750835903
|switch|p2b: Rillaboom|Rillaboom, L50, F, shiny|65/100
|-fieldstart|move: Grassy Terrain|[from] ability: Grassy Surge|[of] p2b: Rillaboom
|move|p1b: Whimsicott|Tailwind|p1b: Whimsicott
|-sidestart|p1: Ilredeitreni|move: Tailwind
|move|p1a: Miraidon|Electro Drift|p2b: Rillaboom
|-resisted|p2b: Rillaboom
|-damage|p2b: Rillaboom|34/100
|move|p2a: Zamazenta|Body Press|p1a: Miraidon
|-damage|p1a: Miraidon|0 fnt
|faint|p1a: Miraidon
|
|-heal|p2a: Zamazenta|30/100|[from] Grassy Terrain
|-heal|p2b: Rillaboom|39/100|[from] Grassy Terrain
|upkeep
|
|t:|1750835927
|switch|p1a: Lunala|Lunala, L50|100/100
|turn|6
|
|t:|1750835950
|switch|p1b: Incineroar|Incineroar, L50, F|100/100
|-ability|p1b: Incineroar|Intimidate|boost
|-unboost|p2a: Zamazenta|atk|1
|-unboost|p2b: Rillaboom|atk|1
|switch|p2a: Grimmsnarl|Grimmsnarl, L50, M, shiny|100/100
|move|p1a: Lunala|Moongeist Beam|p2a: Grimmsnarl
|-resisted|p2a: Grimmsnarl
|-damage|p2a: Grimmsnarl|86/100
|move|p2b: Rillaboom|U-turn|p1a: Lunala
|-damage|p1a: Lunala|95/100
|
|t:|1750835965
|switch|p2b: Calyrex|Calyrex-Shadow, L50|59/100|[from] U-turn
|-ability|p2b: Calyrex|As One
|-ability|p2b: Calyrex|Unnerve
|
|-heal|p1a: Lunala|100/100|[from] Grassy Terrain
|-heal|p2b: Calyrex|64/100|[from] Grassy Terrain
|-heal|p2a: Grimmsnarl|92/100|[from] Grassy Terrain
|upkeep
|turn|7
|
|t:|1750835992
|switch|p1a: Whimsicott|Whimsicott, L50, F|100/100
|-terastallize|p2b: Calyrex|Fairy
|move|p2a: Grimmsnarl|Sucker Punch||[still]
|-fail|p2a: Grimmsnarl
|move|p1b: Incineroar|Knock Off|p2b: Calyrex
|-resisted|p2b: Calyrex
|-damage|p2b: Calyrex|42/100
|-enditem|p2b: Calyrex|Life Orb|[from] move: Knock Off|[of] p1b: Incineroar
|move|p2b: Calyrex|Astral Barrage|p1a: Whimsicott|[spread] p1a,p1b
|-resisted|p1b: Incineroar
|-damage|p1a: Whimsicott|28/100
|-damage|p1b: Incineroar|80/100
|
|-heal|p1a: Whimsicott|34/100|[from] Grassy Terrain
|-heal|p1b: Incineroar|87/100|[from] Grassy Terrain
|-heal|p2b: Calyrex|47/100|[from] Grassy Terrain
|-heal|p2a: Grimmsnarl|98/100|[from] Grassy Terrain
|upkeep
|turn|8
|
|t:|1750836019
|move|p1a: Whimsicott|Light Screen|p1a: Whimsicott
|-sidestart|p1: Ilredeitreni|move: Light Screen
|move|p2a: Grimmsnarl|Thunder Wave|p1a: Whimsicott
|-status|p1a: Whimsicott|par
|move|p1b: Incineroar|Flare Blitz|p2b: Calyrex
|-damage|p2b: Calyrex|0 fnt
|faint|p2b: Calyrex
|-damage|p1b: Incineroar|73/100|[from] Recoil
|
|-heal|p1b: Incineroar|79/100|[from] Grassy Terrain
|-heal|p1a: Whimsicott|40/100 par|[from] Grassy Terrain
|-heal|p2a: Grimmsnarl|100/100|[from] Grassy Terrain
|-sideend|p2: izerial|move: Light Screen
|-sideend|p1: Ilredeitreni|move: Tailwind
|upkeep
|
|t:|1750836036
|switch|p2b: Rillaboom|Rillaboom, L50, F, shiny|39/100
|turn|9
|
|t:|1750836053
|switch|p1a: Lunala|Lunala, L50|100/100
|move|p2b: Rillaboom|Fake Out|p1b: Incineroar
|-damage|p1b: Incineroar|65/100
|move|p2a: Grimmsnarl|Reflect|p2a: Grimmsnarl
|-sidestart|p2: izerial|Reflect
|cant|p1b: Incineroar|flinch
|
|-heal|p2b: Rillaboom|45/100|[from] Grassy Terrain
|-heal|p1b: Incineroar|71/100|[from] Grassy Terrain
|-fieldend|move: Grassy Terrain
|upkeep
|turn|10
|
|t:|1750836081
|switch|p1a: Whimsicott|Whimsicott, L50, F|40/100 par
|move|p2a: Grimmsnarl|Sucker Punch||[still]
|-fail|p2a: Grimmsnarl
|move|p2b: Rillaboom|U-turn|p1a: Whimsicott
|-damage|p1a: Whimsicott|15/100 par
|
|t:|1750836089
|switch|p2b: Zamazenta|Zamazenta-Crowned, L50|30/100|[from] U-turn
|move|p1b: Incineroar|Flare Blitz|p2b: Zamazenta
|-supereffective|p2b: Zamazenta
|-damage|p2b: Zamazenta|0 fnt
|faint|p2b: Zamazenta
|-damage|p1b: Incineroar|62/100|[from] Recoil
|
|upkeep
|
|t:|1750836099
|switch|p2b: Rillaboom|Rillaboom, L50, F, shiny|45/100
|-fieldstart|move: Grassy Terrain|[from] ability: Grassy Surge|[of] p2b: Rillaboom
|turn|11
|
|t:|1750836116
|switch|p1a: Lunala|Lunala, L50|100/100
|move|p2b: Rillaboom|Fake Out|p1b: Incineroar
|-damage|p1b: Incineroar|48/100
|move|p2a: Grimmsnarl|Sucker Punch||[still]
|-fail|p2a: Grimmsnarl
|cant|p1b: Incineroar|flinch
|
|-heal|p2b: Rillaboom|51/100|[from] Grassy Terrain
|-heal|p1b: Incineroar|54/100|[from] Grassy Terrain
|upkeep
|turn|12
|
|t:|1750836150
|switch|p1a: Whimsicott|Whimsicott, L50, F|15/100 par
|move|p2b: Rillaboom|Grassy Glide|p1a: Whimsicott
|-resisted|p1a: Whimsicott
|-damage|p1a: Whimsicott|0 fnt
|faint|p1a: Whimsicott
|move|p2a: Grimmsnarl|Sucker Punch|p1b: Incineroar
|-resisted|p1b: Incineroar
|-damage|p1b: Incineroar|39/100
|move|p1b: Incineroar|Flare Blitz|p2b: Rillaboom
|-supereffective|p2b: Rillaboom
|-damage|p2b: Rillaboom|0 fnt
|faint|p2b: Rillaboom
|-damage|p1b: Incineroar|24/100|[from] Recoil
|
|-heal|p1b: Incineroar|31/100|[from] Grassy Terrain
|-sideend|p1: Ilredeitreni|move: Light Screen
|upkeep
|
|t:|1750836155
|switch|p1a: Lunala|Lunala, L50|100/100
|turn|13
|
|t:|1750836173
|move|p2a: Grimmsnarl|Thunder Wave|p1a: Lunala
|-status|p1a: Lunala|par
|move|p1b: Incineroar|Flare Blitz|p2a: Grimmsnarl
|-damage|p2a: Grimmsnarl|62/100
|-damage|p1b: Incineroar|17/100|[from] Recoil
|move|p1a: Lunala|Moonblast|p2a: Grimmsnarl
|-supereffective|p2a: Grimmsnarl
|-damage|p2a: Grimmsnarl|8/100
|-unboost|p2a: Grimmsnarl|spa|1
|
|-heal|p1b: Incineroar|23/100|[from] Grassy Terrain
|-heal|p2a: Grimmsnarl|14/100|[from] Grassy Terrain
|upkeep
|turn|14
|
|t:|1750836189
|move|p2a: Grimmsnarl|Sucker Punch|p1b: Incineroar
|-resisted|p1b: Incineroar
|-damage|p1b: Incineroar|11/100
|move|p1b: Incineroar|Flare Blitz|p2a: Grimmsnarl
|-damage|p2a: Grimmsnarl|0 fnt
|faint|p2a: Grimmsnarl
|-damage|p1b: Incineroar|6/100|[from] Recoil
|
|win|Ilredeitreni
|raw|Ilredeitreni's rating: 1298 &rarr; <strong>1322</strong><br />(+24 for winning)
|raw|izerial's rating: 1278 &rarr; <strong>1254</strong><br />(-24 for losing)
