|j|☆YungFaxMachine
|j|☆Pastor/Sinner
|t:|1750794718
|gametype|doubles
|player|p1|YungFaxMachine|karen|1041
|player|p2|Pastor/Sinner|266|1076
|teamsize|p1|6
|teamsize|p2|6
|gen|9
|tier|[Gen 9] VGC 2025 Reg I
|rated|
|rule|Species Clause: Limit one of each Pokémon
|rule|Item Clause: Limit 1 of each item
|clearpoke
|poke|p1|Pawmot, L50, M|
|poke|p1|Miraidon, L50|
|poke|p1|Incineroar, L50, F|
|poke|p1|Amoonguss, L50, M|
|poke|p1|Ogerpon-Wellspring, L50, F|
|poke|p1|Zacian-*, L50|
|poke|p2|Sneasler, L50, F|
|poke|p2|Koraidon, L50|
|poke|p2|Jumpluff, L50, F|
|poke|p2|Incineroar, L50, M|
|poke|p2|Zamazenta-*, L50|
|poke|p2|Hariyama, L50, M|
|teampreview|4
YungFaxMachine has agreed to open team sheets.
|
|t:|1750794753
|start
|switch|p1a: Incineroar|Incineroar, L50, F|100/100
|switch|p1b: Miraidon|Miraidon, L50|100/100
|switch|p2a: Koraidon|Koraidon, L50|100/100
|switch|p2b: Hariyama|Hariyama, L50, M, shiny|100/100
|-weather|SunnyDay|[from] ability: Orichalcum Pulse|[of] p2a: Koraidon
|-activate|p2a: Koraidon|Orichalcum Pulse|[source]
|-fieldstart|move: Electric Terrain|[from] ability: Hadron Engine|[of] p1b: Miraidon
|-ability|p1a: Incineroar|Intimidate|boost
|-unboost|p2a: Koraidon|atk|1
|-unboost|p2b: Hariyama|atk|1
|turn|1
|inactive|Battle timer is ON: inactive players will automatically lose when time's up. (requested by Pastor/Sinner)
|
|t:|1750794777
|-terastallize|p2a: Koraidon|Ghost
|move|p1a: Incineroar|Fake Out|p2a: Koraidon
|-immune|p2a: Koraidon
|move|p2b: Hariyama|Fake Out|p1b: Miraidon
|-damage|p1b: Miraidon|93/100
|move|p2a: Koraidon|Collision Course|p1b: Miraidon
|-damage|p1b: Miraidon|41/100
|cant|p1b: Miraidon|flinch
|
|-weather|SunnyDay|[upkeep]
|upkeep
|turn|2
|
|t:|1750794796
|-terastallize|p1b: Miraidon|Electric
|move|p2b: Hariyama|Feint|p1b: Miraidon
|-damage|p1b: Miraidon|35/100
|move|p2a: Koraidon|Collision Course|p1b: Miraidon
|-damage|p1b: Miraidon|0 fnt
|faint|p1b: Miraidon
|move|p1a: Incineroar|Knock Off|p2a: Koraidon
|-supereffective|p2a: Koraidon
|-damage|p2a: Koraidon|29/100
|-enditem|p2a: Koraidon|Choice Scarf|[from] move: Knock Off|[of] p1a: Incineroar
|
|-weather|SunnyDay|[upkeep]
|upkeep
|
|t:|1750794810
|switch|p1b: Ogerpon|Ogerpon-Wellspring, L50, F|100/100
|turn|3
|
|t:|1750794820
|move|p1b: Ogerpon|Spiky Shield|p1b: Ogerpon
|-singleturn|p1b: Ogerpon|move: Protect
|move|p2a: Koraidon|U-turn|p1a: Incineroar
|-damage|p1a: Incineroar|80/100
|
|t:|1750794825
|switch|p2a: Sif|Zamazenta-Crowned, L50|100/100|[from] U-turn
|-ability|p2a: Sif|Dauntless Shield|boost
|-boost|p2a: Sif|def|1
|move|p1a: Incineroar|Knock Off|p2a: Sif
|-resisted|p2a: Sif
|-damage|p2a: Sif|95/100
|move|p2b: Hariyama|Coaching|p2a: Sif
|-boost|p2a: Sif|atk|1
|-boost|p2a: Sif|def|1
|
|-weather|SunnyDay|[upkeep]
|upkeep
|turn|4
|
|t:|1750794845
|move|p1b: Ogerpon|Ivy Cudgel|p2b: Hariyama|[anim] Ivy Cudgel Water
|-damage|p2b: Hariyama|73/100
|move|p2a: Sif|Body Press|p1a: Incineroar
|-supereffective|p1a: Incineroar
|-damage|p1a: Incineroar|0 fnt
|faint|p1a: Incineroar
|move|p2b: Hariyama|Coaching|p2a: Sif
|-boost|p2a: Sif|atk|1
|-boost|p2a: Sif|def|1
|
|-weather|SunnyDay|[upkeep]
|-heal|p2b: Hariyama|79/100|[from] item: Leftovers
|upkeep
|
|t:|1750794856
|switch|p1a: Zacian|Zacian-Crowned, L50|100/100
|-ability|p1a: Zacian|Intrepid Sword|boost
|-boost|p1a: Zacian|atk|1
|turn|5
|
|t:|1750794873
|move|p2a: Sif|Protect|p2a: Sif
|-singleturn|p2a: Sif|Protect
|move|p1a: Zacian|Sacred Sword|p2a: Sif
|-activate|p2a: Sif|move: Protect
|move|p1b: Ogerpon|Ivy Cudgel|p2a: Sif|[anim] Ivy Cudgel Water
|-activate|p2a: Sif|move: Protect
|move|p2b: Hariyama|Coaching|p2a: Sif
|-boost|p2a: Sif|atk|1
|-boost|p2a: Sif|def|1
|
|-weather|none
|-heal|p2b: Hariyama|85/100|[from] item: Leftovers
|-fieldend|move: Electric Terrain
|upkeep
|turn|6
|
|t:|1750794892
|move|p2b: Hariyama|Feint|p1a: Zacian
|-resisted|p1a: Zacian
|-damage|p1a: Zacian|98/100
|move|p1a: Zacian|Sacred Sword|p2a: Sif
|-supereffective|p2a: Sif
|-damage|p2a: Sif|25/100
|move|p1b: Ogerpon|Ivy Cudgel|p2a: Sif|[anim] Ivy Cudgel Water
|-damage|p2a: Sif|13/100
|move|p2a: Sif|Body Press|p1a: Zacian
|-damage|p1a: Zacian|4/100
|
|-heal|p2b: Hariyama|91/100|[from] item: Leftovers
|upkeep
|turn|7
|
|t:|1750794909
|move|p2a: Sif|Protect|p2a: Sif
|-singleturn|p2a: Sif|Protect
|move|p2b: Hariyama|Feint|p1a: Zacian
|-resisted|p1a: Zacian
|-damage|p1a: Zacian|1/100
|move|p1a: Zacian|Sacred Sword|p2a: Sif
|-activate|p2a: Sif|move: Protect
|move|p1b: Ogerpon|Ivy Cudgel|p2b: Hariyama|[anim] Ivy Cudgel Water
|-damage|p2b: Hariyama|39/100
|
|-heal|p2b: Hariyama|45/100|[from] item: Leftovers
|upkeep
|turn|8
|
|t:|1750794925
|move|p2b: Hariyama|Feint|p1a: Zacian
|-resisted|p1a: Zacian
|-damage|p1a: Zacian|0 fnt
|faint|p1a: Zacian
|move|p1b: Ogerpon|Ivy Cudgel|p2b: Hariyama|[anim] Ivy Cudgel Water
|-damage|p2b: Hariyama|0 fnt
|faint|p2b: Hariyama
|move|p2a: Sif|Body Press|p1b: Ogerpon
|-damage|p1b: Ogerpon|0 fnt
|faint|p1b: Ogerpon
|
|win|Pastor/Sinner
|raw|YungFaxMachine's rating: 1041 &rarr; <strong>1026</strong><br />(-15 for losing)
|raw|Pastor&#x2f;Sinner's rating: 1076 &rarr; <strong>1102</strong><br />(+26 for winning)
|c|☆Pastor/Sinner|Ggs
|c|☆YungFaxMachine|ggs
|l|☆YungFaxMachine
|player|p1|
