|j|☆Scottyboi3
|j|‽guguchu
|t:|1750783152
|gametype|doubles
|player|p1|Scottyboi3|169|1059
|player|p2|guguchu|169|1068
|teamsize|p1|6
|teamsize|p2|6
|gen|9
|tier|[Gen 9] VGC 2025 Reg I
|rated|
|rule|Species Clause: Limit one of each Pokémon
|rule|Item Clause: Limit 1 of each item
|clearpoke
|poke|p1|Incineroar, L50, F|
|poke|p1|Kyogre, L50|
|poke|p1|Tornadus, L50, M|
|poke|p1|Amoonguss, L50, M|
|poke|p1|Roaring Moon, L50|
|poke|p1|Ting-Lu, L50|
|poke|p2|Clefable, L50, F|
|poke|p2|Miraidon, L50|
|poke|p2|Garchomp, L50, M|
|poke|p2|Arcanine, L50, M|
|poke|p2|Muk-Alola, L50, M|
|poke|p2|Grimmsnarl, L50, M|
|teampreview|4
|l|☆Scottyboi3
|player|p1|
|j|☆Scottyboi3
|player|p1|Scottyboi3|169|
|
|t:|1750783211
|start
|switch|p1a: Tornadus|Tornadus, L50, M|100/100
|switch|p1b: Incineroar|Incineroar, L50, F|100/100
|switch|p2a: Miraidon|Miraidon, L50|100/100
|switch|p2b: Clefable|Clefable, L50, F|100/100
|-fieldstart|move: Electric Terrain|[from] ability: Hadron Engine|[of] p2a: Miraidon
|-ability|p1b: Incineroar|Intimidate|boost
|-unboost|p2a: Miraidon|atk|1
|-unboost|p2b: Clefable|atk|1
|turn|1
|
|t:|1750783250
|-terastallize|p2a: Miraidon|Electric
|move|p1a: Tornadus|Tailwind|p1a: Tornadus
|-sidestart|p1: Scottyboi3|move: Tailwind
|move|p2a: Miraidon|Electro Drift|p1a: Tornadus
|-supereffective|p1a: Tornadus
|-enditem|p1a: Tornadus|Focus Sash
|-damage|p1a: Tornadus|1/100
|move|p1b: Incineroar|Parting Shot|p2a: Miraidon
|-unboost|p2a: Miraidon|atk|1
|-unboost|p2a: Miraidon|spa|1
|
|t:|1750783262
|switch|p1b: Ting-Lu|Ting-Lu, L50|100/100|[from] Parting Shot
|-ability|p1b: Ting-Lu|Vessel of Ruin
|move|p2b: Clefable|Wish|p2b: Clefable
|
|upkeep
|turn|2
|
|t:|1750783279
|switch|p1a: Incineroar|Incineroar, L50, F|100/100
|-ability|p1a: Incineroar|Intimidate|boost
|-unboost|p2a: Miraidon|atk|1
|-unboost|p2b: Clefable|atk|1
|switch|p2a: Garchomp|Garchomp, L50, M|100/100
|move|p1b: Ting-Lu|Stomping Tantrum|p2a: Garchomp
|-damage|p2a: Garchomp|69/100
|-damage|p1b: Ting-Lu|88/100|[from] ability: Rough Skin|[of] p2a: Garchomp
|move|p2b: Clefable|Encore||[still]
|-fail|p2b: Clefable
|
|-heal|p1b: Ting-Lu|94/100|[from] item: Leftovers
|upkeep
|turn|3
|
|t:|1750783304
|move|p1a: Incineroar|Fake Out|p2a: Garchomp
|-damage|p2a: Garchomp|58/100
|-damage|p1a: Incineroar|88/100|[from] ability: Rough Skin|[of] p2a: Garchomp
|cant|p2a: Garchomp|flinch
|move|p1b: Ting-Lu|Stomping Tantrum|p2a: Garchomp
|-damage|p2a: Garchomp|29/100
|-damage|p1b: Ting-Lu|82/100|[from] ability: Rough Skin|[of] p2a: Garchomp
|move|p2b: Clefable|Heal Pulse|p2a: Garchomp
|-heal|p2a: Garchomp|80/100
|
|-heal|p1b: Ting-Lu|88/100|[from] item: Leftovers
|upkeep
|turn|4
|
|t:|1750783329
|move|p1a: Incineroar|Parting Shot|p2a: Garchomp
|-unboost|p2a: Garchomp|atk|1
|-unboost|p2a: Garchomp|spa|1
|
|t:|1750783333
|switch|p1a: Tornadus|Tornadus, L50, M|1/100|[from] Parting Shot
|move|p2a: Garchomp|Swords Dance|p2a: Garchomp
|-boost|p2a: Garchomp|atk|2
|move|p1b: Ting-Lu|Ruination|p2a: Garchomp
|-damage|p2a: Garchomp|40/100
|move|p2b: Clefable|Heal Pulse|p2a: Garchomp
|-heal|p2a: Garchomp|91/100
|
|-heal|p1b: Ting-Lu|94/100|[from] item: Leftovers
|-sideend|p1: Scottyboi3|move: Tailwind
|upkeep
|turn|5
|
|t:|1750783351
|move|p1a: Tornadus|Tailwind|p1a: Tornadus
|-sidestart|p1: Scottyboi3|move: Tailwind
|move|p2a: Garchomp|Scale Shot|p1a: Tornadus
|-damage|p1a: Tornadus|0 fnt
|faint|p1a: Tornadus
|-hitcount|p1: Tornadus|1
|-unboost|p2a: Garchomp|def|1
|-boost|p2a: Garchomp|spe|1
|move|p1b: Ting-Lu|Taunt|p2b: Clefable
|-start|p2b: Clefable|move: Taunt
|cant|p2b: Clefable|move: Taunt|Heal Pulse
|
|-heal|p1b: Ting-Lu|100/100|[from] item: Leftovers
|-fieldend|move: Electric Terrain
|upkeep
|
|t:|1750783366
|switch|p1a: Incineroar|Incineroar, L50, F|88/100
|-ability|p1a: Incineroar|Intimidate|boost
|-unboost|p2a: Garchomp|atk|1
|-unboost|p2b: Clefable|atk|1
|turn|6
|
|t:|1750783381
|switch|p2a: Grimmsnarl|Grimmsnarl, L50, M|100/100
|move|p1a: Incineroar|Flare Blitz|p2b: Clefable
|-damage|p2b: Clefable|51/100
|-damage|p1a: Incineroar|72/100|[from] Recoil
|move|p1b: Ting-Lu|Ruination|p2a: Grimmsnarl
|-damage|p2a: Grimmsnarl|50/100
|-activate|p2b: Clefable|move: Struggle
|move|p2b: Clefable|Struggle|p1b: Ting-Lu
|-damage|p1b: Ting-Lu|99/100
|-damage|p2b: Clefable|26/100|[from] recoil
|
|-heal|p1b: Ting-Lu|100/100|[from] item: Leftovers
|-heal|p2b: Clefable|32/100|[from] item: Leftovers
|upkeep
|turn|7
|
|t:|1750783403
|switch|p2b: Miraidon|Miraidon, L50, tera:Electric|100/100
|-fieldstart|move: Electric Terrain|[from] ability: Hadron Engine|[of] p2b: Miraidon
|move|p1a: Incineroar|Flare Blitz|p2b: Miraidon
|-damage|p2b: Miraidon|51/100
|-damage|p1a: Incineroar|57/100|[from] Recoil
|move|p1b: Ting-Lu|Taunt|p2a: Grimmsnarl
|-start|p2a: Grimmsnarl|move: Taunt
|move|p2a: Grimmsnarl|Spirit Break|p1b: Ting-Lu
|-supereffective|p1b: Ting-Lu
|-damage|p1b: Ting-Lu|68/100
|-unboost|p1b: Ting-Lu|spa|1
|
|-heal|p1b: Ting-Lu|74/100|[from] item: Leftovers
|upkeep
|turn|8
|
|t:|1750783429
|move|p2b: Miraidon|Volt Switch|p1a: Incineroar
|-damage|p1a: Incineroar|8/100
|
|t:|1750783434
|switch|p2b: Clefable|Clefable, L50, F|32/100|[from] Volt Switch
|move|p1a: Incineroar|Flare Blitz|p2a: Grimmsnarl
|-damage|p2a: Grimmsnarl|0 fnt
|faint|p2a: Grimmsnarl
|-damage|p1a: Incineroar|0 fnt|[from] Recoil
|faint|p1a: Incineroar
|move|p1b: Ting-Lu|Stomping Tantrum|p2b: Clefable
|-damage|p2b: Clefable|2/100
|
|-heal|p1b: Ting-Lu|80/100|[from] item: Leftovers
|-heal|p2b: Clefable|8/100|[from] item: Leftovers
|-sideend|p1: Scottyboi3|move: Tailwind
|upkeep
|
|t:|1750783450
|switch|p1a: Kyogre|Kyogre, L50|100/100
|switch|p2a: Garchomp|Garchomp, L50, M|91/100
|-weather|RainDance|[from] ability: Drizzle|[of] p1a: Kyogre
|turn|9
|
|t:|1750783473
|-terastallize|p1a: Kyogre|Grass
|move|p2b: Clefable|Helping Hand|p2a: Garchomp
|-singleturn|p2a: Garchomp|Helping Hand|[of] p2b: Clefable
|move|p2a: Garchomp|Scale Shot|p1b: Ting-Lu
|-damage|p1b: Ting-Lu|68/100
|-damage|p1b: Ting-Lu|57/100
|-damage|p1b: Ting-Lu|46/100
|-damage|p1b: Ting-Lu|36/100
|-damage|p1b: Ting-Lu|25/100
|-hitcount|p1b: Ting-Lu|5
|-unboost|p2a: Garchomp|def|1
|-boost|p2a: Garchomp|spe|1
|move|p1a: Kyogre|Ice Beam|p2a: Garchomp
|-supereffective|p2a: Garchomp
|-damage|p2a: Garchomp|12/100
|move|p1b: Ting-Lu|Taunt|p2b: Clefable
|-start|p2b: Clefable|move: Taunt
|
|-weather|RainDance|[upkeep]
|-heal|p2b: Clefable|14/100|[from] item: Leftovers
|-heal|p1b: Ting-Lu|31/100|[from] item: Leftovers
|upkeep
|turn|10
|
|t:|1750783514
|move|p2a: Garchomp|Scale Shot|p1b: Ting-Lu
|-damage|p1b: Ting-Lu|24/100
|-damage|p1b: Ting-Lu|17/100
|-damage|p1b: Ting-Lu|9/100
|-damage|p1b: Ting-Lu|1/100
|-damage|p1b: Ting-Lu|0 fnt
|faint|p1b: Ting-Lu
|-hitcount|p1: Ting-Lu|5
|-unboost|p2a: Garchomp|def|1
|-boost|p2a: Garchomp|spe|1
|move|p1a: Kyogre|Origin Pulse|p2a: Garchomp|[spread] p2b
|-miss|p1a: Kyogre|p2a: Garchomp
|-damage|p2b: Clefable|0 fnt
|faint|p2b: Clefable
|
|-weather|RainDance|[upkeep]
|upkeep
|
|t:|1750783529
|switch|p2b: Miraidon|Miraidon, L50, tera:Electric|51/100
|-activate|p2b: Miraidon|ability: Hadron Engine
|turn|11
|
|t:|1750783536
|move|p2b: Miraidon|Electro Drift|p1a: Kyogre
|-resisted|p1a: Kyogre
|-damage|p1a: Kyogre|66/100
|move|p2a: Garchomp|Scale Shot|p1a: Kyogre
|-damage|p1a: Kyogre|53/100
|-crit|p1a: Kyogre
|-damage|p1a: Kyogre|35/100
|-damage|p1a: Kyogre|21/100
|-damage|p1a: Kyogre|7/100
|-damage|p1a: Kyogre|0 fnt
|faint|p1a: Kyogre
|-hitcount|p1: Kyogre|5
|
|win|guguchu
|raw|Scottyboi3's rating: 1059 &rarr; <strong>1041</strong><br />(-18 for losing)
|raw|guguchu's rating: 1068 &rarr; <strong>1097</strong><br />(+29 for winning)
