|j|☆zixhen
|j|☆Lucydoosydoo
|t:|1750808475
|gametype|doubles
|player|p1|zixhen|n|1054
|player|p2|Lucydoosydoo|fantina|1086
|teamsize|p1|6
|teamsize|p2|6
|gen|9
|tier|[Gen 9] VGC 2025 Reg I
|rated|
|rule|Species Clause: Limit one of each Pokémon
|rule|Item Clause: Limit 1 of each item
|clearpoke
|poke|p1|Mabosstiff, L50, F|
|poke|p1|Indeedee-F, L50, F|
|poke|p1|Flutter Mane, L50|
|poke|p1|Kingambit, L50, F|
|poke|p1|Gallade, L50, M|
|poke|p1|Mewtwo, L50|
|poke|p2|Roaring Moon, L50|
|poke|p2|Kilowattrel, L50, M|
|poke|p2|Zamazenta-*, L50|
|poke|p2|Kyogre, L50|
|poke|p2|Grimmsnarl, L50, M|
|poke|p2|Sinistcha, L50|
|teampreview|4
|inactive|Battle timer is ON: inactive players will automatically lose when time's up. (requested by Lucydoosydoo)
|
|t:|1750808526
|start
|switch|p1a: Mewtwo|Mewtwo, L50|100/100
|switch|p1b: Mabosstiff|Mabosstiff, L50, F|100/100
|switch|p2a: Roaring Moon|Roaring Moon, L50|100/100
|switch|p2b: Kyogre|Kyogre, L50|100/100
|-ability|p1a: Mewtwo|Unnerve
|-weather|RainDance|[from] ability: Drizzle|[of] p2b: Kyogre
|-ability|p1b: Mabosstiff|Intimidate|boost
|-unboost|p2a: Roaring Moon|atk|1
|-unboost|p2b: Kyogre|atk|1
|-enditem|p2a: Roaring Moon|Booster Energy
|-activate|p2a: Roaring Moon|ability: Protosynthesis|[fromitem]
|-start|p2a: Roaring Moon|protosynthesisspe
|turn|1
|inactive|zixhen has 30 seconds left.
|
|t:|1750808552
|move|p2a: Roaring Moon|Tailwind|p2a: Roaring Moon
|-sidestart|p2: Lucydoosydoo|move: Tailwind
|move|p2b: Kyogre|Water Spout|p1a: Mewtwo|[spread] p1a,p1b
|-damage|p1a: Mewtwo|13/100
|-damage|p1b: Mabosstiff|15/100
|move|p1a: Mewtwo|Thunder Wave|p2b: Kyogre
|-status|p2b: Kyogre|par
|move|p1b: Mabosstiff|Thunder Fang|p2b: Kyogre
|-supereffective|p2b: Kyogre
|-damage|p2b: Kyogre|64/100 par
|
|-weather|RainDance|[upkeep]
|-heal|p2b: Kyogre|70/100 par|[from] item: Leftovers
|upkeep
|turn|2
|inactive|zixhen has 30 seconds left.
|inactive|Lucydoosydoo has 30 seconds left.
|inactive|zixhen has 20 seconds left.
|inactive|zixhen has 15 seconds left.
|inactive|zixhen has 10 seconds left.
|inactive|zixhen has 5 seconds left.
|
|t:|1750808603
|move|p2a: Roaring Moon|Acrobatics|p1b: Mabosstiff
|-damage|p1b: Mabosstiff|0 fnt
|faint|p1b: Mabosstiff
|move|p1a: Mewtwo|Will-O-Wisp|p2a: Roaring Moon
|-status|p2a: Roaring Moon|brn
|cant|p2b: Kyogre|par
|
|-weather|RainDance|[upkeep]
|-heal|p2b: Kyogre|75/100 par|[from] item: Leftovers
|-damage|p2a: Roaring Moon|94/100 brn|[from] brn
|upkeep
|inactive|zixhen has 30 seconds left.
|
|t:|1750808629
|switch|p1b: Flutter Mane|Flutter Mane, L50|100/100
|-enditem|p1b: Flutter Mane|Booster Energy
|-activate|p1b: Flutter Mane|ability: Protosynthesis|[fromitem]
|-start|p1b: Flutter Mane|protosynthesisspe
|turn|3
|inactive|Lucydoosydoo has 30 seconds left.
|
|t:|1750808655
|-terastallize|p2b: Kyogre|Grass
|move|p1a: Mewtwo|Protect|p1a: Mewtwo
|-singleturn|p1a: Mewtwo|Protect
|move|p2a: Roaring Moon|Acrobatics|p1b: Flutter Mane
|-damage|p1b: Flutter Mane|82/100
|move|p1b: Flutter Mane|Dazzling Gleam|p2b: Kyogre|[spread] p2a,p2b
|-supereffective|p2a: Roaring Moon
|-damage|p2a: Roaring Moon|0 fnt
|-damage|p2b: Kyogre|59/100 par
|faint|p2a: Roaring Moon
|-end|p2a: Roaring Moon|Protosynthesis|[silent]
|cant|p2b: Kyogre|par
|
|-weather|RainDance|[upkeep]
|-heal|p2b: Kyogre|65/100 par|[from] item: Leftovers
|upkeep
|
|t:|1750808667
|switch|p2a: Sinistcha|Sinistcha, L50|100/100
|-heal|p2b: Kyogre|89/100 par|[from] ability: Hospitality|[of] p2a: Sinistcha
|turn|4
|
|t:|1750808682
|switch|p1a: Indeedee|Indeedee-F, L50, F|100/100
|-fieldstart|move: Psychic Terrain|[from] ability: Psychic Surge|[of] p1a: Indeedee
|switch|p2a: Zamazenta|Zamazenta-Crowned, L50|100/100
|-ability|p2a: Zamazenta|Dauntless Shield|boost
|-boost|p2a: Zamazenta|def|1
|move|p1b: Flutter Mane|Protect|p1b: Flutter Mane
|-singleturn|p1b: Flutter Mane|Protect
|move|p2b: Kyogre|Thunder|p1b: Flutter Mane
|-activate|p1b: Flutter Mane|move: Protect
|
|-weather|RainDance|[upkeep]
|-heal|p2b: Kyogre|95/100 par|[from] item: Leftovers
|-sideend|p2: Lucydoosydoo|move: Tailwind
|upkeep
|turn|5
|inactive|zixhen has 30 seconds left.
|inactive|zixhen has 20 seconds left.
|inactive|zixhen has 15 seconds left.
|inactive|zixhen has 10 seconds left.
|
|t:|1750808727
|-terastallize|p1b: Flutter Mane|Ghost
|move|p1a: Indeedee|Follow Me|p1a: Indeedee
|-singleturn|p1a: Indeedee|move: Follow Me
|move|p1b: Flutter Mane|Calm Mind|p1b: Flutter Mane
|-boost|p1b: Flutter Mane|spa|1
|-boost|p1b: Flutter Mane|spd|1
|move|p2a: Zamazenta|Heavy Slam|p1a: Indeedee
|-damage|p1a: Indeedee|30/100
|move|p2b: Kyogre|Water Spout|p1a: Indeedee|[spread] p1a,p1b
|-damage|p1a: Indeedee|0 fnt
|-damage|p1b: Flutter Mane|21/100
|faint|p1a: Indeedee
|
|-weather|none
|-heal|p2b: Kyogre|100/100 par|[from] item: Leftovers
|upkeep
|
|t:|1750808744
|switch|p1a: Mewtwo|Mewtwo, L50|13/100
|-ability|p1a: Mewtwo|Unnerve
|turn|6
|
|t:|1750808753
|move|p2a: Zamazenta|Wide Guard|p2a: Zamazenta
|-singleturn|p2a: Zamazenta|Wide Guard
|move|p1b: Flutter Mane|Dazzling Gleam|p2a: Zamazenta|[spread] 
|-activate|p2a: Zamazenta|move: Wide Guard
|-activate|p2b: Kyogre|move: Wide Guard
|move|p1a: Mewtwo|Expanding Force|p2a: Zamazenta|[spread] 
|-activate|p2a: Zamazenta|move: Wide Guard
|-activate|p2b: Kyogre|move: Wide Guard
|move|p2b: Kyogre|Water Spout|p1b: Flutter Mane|[spread] p1a,p1b
|-crit|p1b: Flutter Mane
|-damage|p1a: Mewtwo|0 fnt
|-damage|p1b: Flutter Mane|0 fnt
|faint|p1a: Mewtwo
|faint|p1b: Flutter Mane
|-end|p1b: Flutter Mane|Protosynthesis|[silent]
|
|win|Lucydoosydoo
|raw|zixhen's rating: 1054 &rarr; <strong>1038</strong><br />(-16 for losing)
|raw|Lucydoosydoo's rating: 1086 &rarr; <strong>1111</strong><br />(+25 for winning)
