|j|☆pig duck eater
|j|☆bryght
|t:|1750831903
|gametype|doubles
|player|p1|pig duck eater|170|1457
|player|p2|bryght|scientist-gen4|1556
|teamsize|p1|5
|teamsize|p2|6
|gen|9
|tier|[Gen 9] VGC 2025 Reg I
|rated|
|rule|Species Clause: Limit one of each Pokémon
|rule|Item Clause: Limit 1 of each item
|clearpoke
|poke|p1|Sableye, L50, M|
|poke|p1|Amoonguss, L50, M|
|poke|p1|Koraidon, L50|
|poke|p1|Calyrex-Ice, L50|
|poke|p1|Armarouge, L50, F|
|poke|p2|Calyrex-Shadow, L50|
|poke|p2|Zamazenta-*, L50|
|poke|p2|Incineroar, L50, F|
|poke|p2|Rillaboom, L50, F|
|poke|p2|Ogerpon-Hearthflame, L50, F|
|poke|p2|Raging Bolt, L50|
|teampreview|4
|inactive|Battle timer is ON: inactive players will automatically lose when time's up. (requested by bryght)
bryght has agreed to open team sheets.
|inactive|pig duck eater has 60 seconds left.
|inactive|bryght has 60 seconds left.
|inactive|pig duck eater has 30 seconds left.
|inactive|pig duck eater has 20 seconds left.
|inactive|pig duck eater has 15 seconds left.
|
|t:|1750831980
|start
|switch|p1a: Koraidon|Koraidon, L50|100/100
|switch|p1b: Sableye|Sableye, L50, M|100/100
|switch|p2a: Zamazenta|Zamazenta-Crowned, L50|100/100
|switch|p2b: Calyrex|Calyrex-Shadow, L50|100/100
|-ability|p2b: Calyrex|As One
|-ability|p2b: Calyrex|Unnerve
|-weather|SunnyDay|[from] ability: Orichalcum Pulse|[of] p1a: Koraidon
|-activate|p1a: Koraidon|Orichalcum Pulse|[source]
|-ability|p2a: Zamazenta|Dauntless Shield|boost
|-boost|p2a: Zamazenta|def|1
|turn|1
|
|t:|1750832001
|switch|p2b: Incineroar|Incineroar, L50, F|100/100
|-ability|p2b: Incineroar|Intimidate|boost
|-fail|p1a: Koraidon|unboost|[from] item: Clear Amulet|[of] p1a: Koraidon
|-unboost|p1b: Sableye|atk|1
|-terastallize|p1a: Koraidon|Fire
|move|p1b: Sableye|Light Screen|p1b: Sableye
|-sidestart|p1: pig duck eater|move: Light Screen
|move|p1a: Koraidon|Flare Blitz|p2a: Zamazenta
|-supereffective|p2a: Zamazenta
|-damage|p2a: Zamazenta|23/100
|-damage|p1a: Koraidon|76/100|[from] Recoil
|move|p2a: Zamazenta|Body Press|p1a: Koraidon
|-damage|p1a: Koraidon|23/100
|
|-weather|SunnyDay|[upkeep]
|upkeep
|turn|2
|
|t:|1750832020
|move|p1a: Koraidon|Protect|p1a: Koraidon
|-singleturn|p1a: Koraidon|Protect
|move|p2b: Incineroar|Fake Out|p1a: Koraidon
|-activate|p1a: Koraidon|move: Protect
|move|p1b: Sableye|Reflect|p1b: Sableye
|-sidestart|p1: pig duck eater|Reflect
|move|p2a: Zamazenta|Body Press|p1a: Koraidon
|-activate|p1a: Koraidon|move: Protect
|
|-weather|SunnyDay|[upkeep]
|upkeep
|turn|3
|
|t:|1750832032
|switch|p1b: Armarouge|Armarouge, L50, F|100/100
|move|p2a: Zamazenta|Protect|p2a: Zamazenta
|-singleturn|p2a: Zamazenta|Protect
|move|p1a: Koraidon|Drain Punch|p2b: Incineroar
|-supereffective|p2b: Incineroar
|-damage|p2b: Incineroar|22/100
|-heal|p1a: Koraidon|61/100|[from] drain|[of] p2b: Incineroar
|-damage|p1a: Koraidon|44/100|[from] item: Rocky Helmet|[of] p2b: Incineroar
|move|p2b: Incineroar|Knock Off|p1a: Koraidon
|-damage|p1a: Koraidon|25/100
|-enditem|p1a: Koraidon|Clear Amulet|[from] move: Knock Off|[of] p2b: Incineroar
|
|-weather|SunnyDay|[upkeep]
|upkeep
|turn|4
|
|t:|1750832055
|move|p1a: Koraidon|Flare Blitz|p2b: Incineroar
|-resisted|p2b: Incineroar
|-damage|p2b: Incineroar|0 fnt
|-damage|p1a: Koraidon|9/100|[from] item: Rocky Helmet|[of] p2b: Incineroar
|faint|p2b: Incineroar
|-damage|p1a: Koraidon|1/100|[from] Recoil
|move|p2a: Zamazenta|Body Press|p1a: Koraidon
|-damage|p1a: Koraidon|0 fnt
|faint|p1a: Koraidon
|move|p1b: Armarouge|Trick Room|p1b: Armarouge
|-fieldstart|move: Trick Room|[of] p1b: Armarouge
|-enditem|p1b: Armarouge|Room Service
|-unboost|p1b: Armarouge|spe|1|[from] item: Room Service
|
|-weather|SunnyDay|[upkeep]
|upkeep
|
|t:|1750832064
|switch|p2b: Raging Bolt|Raging Bolt, L50|100/100
|switch|p1a: Calyrex|Calyrex-Ice, L50|100/100
|-ability|p1a: Calyrex|As One
|-ability|p1a: Calyrex|Unnerve
|-activate|p2b: Raging Bolt|ability: Protosynthesis
|-start|p2b: Raging Bolt|protosynthesisspa
|turn|5
|
|t:|1750832087
|move|p2b: Raging Bolt|Protect|p2b: Raging Bolt
|-singleturn|p2b: Raging Bolt|Protect
|move|p2a: Zamazenta|Protect|p2a: Zamazenta
|-singleturn|p2a: Zamazenta|Protect
|move|p1b: Armarouge|Armor Cannon|p2b: Raging Bolt
|-activate|p2b: Raging Bolt|move: Protect
|move|p1a: Calyrex|High Horsepower|p2b: Raging Bolt
|-activate|p2b: Raging Bolt|move: Protect
|
|-weather|none
|-end|p2b: Raging Bolt|Protosynthesis
|upkeep
|-enditem|p2b: Raging Bolt|Booster Energy
|-activate|p2b: Raging Bolt|ability: Protosynthesis|[fromitem]
|-start|p2b: Raging Bolt|protosynthesisspa
|turn|6
|inactive|bryght has 30 seconds left.
|
|t:|1750832115
|move|p1b: Armarouge|Armor Cannon|p2a: Zamazenta
|-supereffective|p2a: Zamazenta
|-damage|p2a: Zamazenta|0 fnt
|-unboost|p1b: Armarouge|def|1
|-unboost|p1b: Armarouge|spd|1
|faint|p2a: Zamazenta
|move|p1a: Calyrex|Glacial Lance|p2b: Raging Bolt
|-supereffective|p2b: Raging Bolt
|-damage|p2b: Raging Bolt|0 fnt
|faint|p2b: Raging Bolt
|-end|p2b: Raging Bolt|Protosynthesis|[silent]
|-ability|p1a: Calyrex|Chilling Neigh|boost
|-boost|p1a: Calyrex|atk|1
|
|upkeep
|
|t:|1750832123
|switch|p2b: Calyrex|Calyrex-Shadow, L50|100/100
|-ability|p2b: Calyrex|As One
|-ability|p2b: Calyrex|Unnerve
|turn|7
|
|t:|1750832127
|move|p2b: Calyrex|Protect|p2b: Calyrex
|-singleturn|p2b: Calyrex|Protect
|move|p1b: Armarouge|Armor Cannon|p2b: Calyrex
|-activate|p2b: Calyrex|move: Protect
|move|p1a: Calyrex|Glacial Lance|p2b: Calyrex
|-activate|p2b: Calyrex|move: Protect
|
|upkeep
|turn|8
|
|t:|1750832130
|move|p2b: Calyrex|Protect|p2b: Calyrex
|-singleturn|p2b: Calyrex|Protect
|move|p1b: Armarouge|Armor Cannon|p2b: Calyrex
|-activate|p2b: Calyrex|move: Protect
|move|p1a: Calyrex|Glacial Lance|p2b: Calyrex
|-activate|p2b: Calyrex|move: Protect
|
|-sideend|p1: pig duck eater|move: Light Screen
|-fieldend|move: Trick Room
|upkeep
|turn|9
|
|t:|1750832138
|move|p1b: Armarouge|Wide Guard|p1b: Armarouge
|-singleturn|p1b: Armarouge|Wide Guard
|move|p2b: Calyrex|Astral Barrage|p1a: Calyrex|[spread] 
|-activate|p1a: Calyrex|move: Wide Guard
|-activate|p1b: Armarouge|move: Wide Guard
|move|p1a: Calyrex|Trick Room|p1a: Calyrex
|-fieldstart|move: Trick Room|[of] p1a: Calyrex
|
|-sideend|p1: pig duck eater|Reflect
|upkeep
|turn|10
|
|t:|1750832147
|-terastallize|p2b: Calyrex|Dark
|move|p1b: Armarouge|Armor Cannon|p2b: Calyrex
|-damage|p2b: Calyrex|36/100
|-unboost|p1b: Armarouge|def|1
|-unboost|p1b: Armarouge|spd|1
|move|p1a: Calyrex|Glacial Lance|p2b: Calyrex
|-damage|p2b: Calyrex|0 fnt
|faint|p2b: Calyrex
|
|win|pig duck eater
|raw|pig duck eater's rating: 1457 &rarr; <strong>1482</strong><br />(+25 for winning)
|raw|bryght's rating: 1538 &rarr; <strong>1513</strong><br />(-25 for losing)
|l|☆bryght
|player|p2|
|l|☆pig duck eater
|player|p1|
