|j|☆Yiyimox
|j|☆Dizy88775
|t:|1750798135
|gametype|doubles
|player|p1|Yiyimox|hoopster|1298
|player|p2|Dizy88775|hiker-gen4|1263
|teamsize|p1|6
|teamsize|p2|6
|gen|9
|tier|[Gen 9] VGC 2025 Reg I
|rated|
|rule|Species Clause: Limit one of each Pokémon
|rule|Item Clause: Limit 1 of each item
|clearpoke
|poke|p1|Kyogre, L50|
|poke|p1|Archaludon, L50, F|
|poke|p1|Incineroar, L50, F|
|poke|p1|Tornadus, L50, M|
|poke|p1|Calyrex-Shadow, L50|
|poke|p1|Flutter Mane, L50|
|poke|p2|Rampardos, L50, F|
|poke|p2|Lunala, L50|
|poke|p2|Indeedee-F, L50, F|
|poke|p2|Torkoal, L50, F|
|poke|p2|Ursaluna-Bloodmoon, L50, M|
|poke|p2|Groudon, L50|
|teampreview|4
|inactive|Battle timer is ON: inactive players will automatically lose when time's up. (requested by Dizy88775)
|inactive|Yiyimox has 60 seconds left.
|
|t:|1750798170
|start
|switch|p1a: Calyrex|Calyrex-Shadow, L50|100/100
|switch|p1b: Incineroar|Incineroar, L50, F|100/100
|switch|p2a: Indeedee|Indeedee-F, L50, F|100/100
|switch|p2b: Lunala|Lunala, L50, shiny|100/100
|-ability|p1a: Calyrex|As One
|-ability|p1a: Calyrex|Unnerve
|-ability|p1b: Incineroar|Intimidate|boost
|-unboost|p2a: Indeedee|atk|1
|-unboost|p2b: Lunala|atk|1
|-fieldstart|move: Psychic Terrain|[from] ability: Psychic Surge|[of] p2a: Indeedee
|turn|1
|
|t:|1750798188
|move|p2b: Lunala|Wide Guard|p2b: Lunala
|-singleturn|p2b: Lunala|Wide Guard
|move|p1a: Calyrex|Shadow Ball|p2b: Lunala
|-supereffective|p2b: Lunala
|-damage|p2b: Lunala|3/100
|-unboost|p2b: Lunala|spd|1
|-damage|p1a: Calyrex|91/100|[from] item: Life Orb
|move|p1b: Incineroar|Knock Off|p2a: Indeedee
|-supereffective|p2a: Indeedee
|-damage|p2a: Indeedee|8/100
|-enditem|p2a: Indeedee|Safety Goggles|[from] move: Knock Off|[of] p1b: Incineroar
|move|p2a: Indeedee|Trick Room|p2a: Indeedee
|-fieldstart|move: Trick Room|[of] p2a: Indeedee
|
|-heal|p2b: Lunala|9/100|[from] item: Leftovers
|upkeep
|turn|2
|
|t:|1750798212
|switch|p1a: Kyogre|Kyogre, L50|100/100
|-weather|RainDance|[from] ability: Drizzle|[of] p1a: Kyogre
|move|p2a: Indeedee|Follow Me|p2a: Indeedee
|-singleturn|p2a: Indeedee|move: Follow Me
|move|p2b: Lunala|Moongeist Beam|p1a: Kyogre
|-damage|p1a: Kyogre|56/100
|move|p1b: Incineroar|Knock Off|p2a: Indeedee
|-supereffective|p2a: Indeedee
|-damage|p2a: Indeedee|0 fnt
|faint|p2a: Indeedee
|
|-weather|RainDance|[upkeep]
|-heal|p2b: Lunala|15/100|[from] item: Leftovers
|upkeep
|
|t:|1750798222
|switch|p2a: Rampardos|Rampardos, L50, F|100/100
|turn|3
|
|t:|1750798230
|-terastallize|p2a: Rampardos|Stellar
|-terastallize|p1a: Kyogre|Water
|move|p2b: Lunala|Wide Guard|p2b: Lunala
|-singleturn|p2b: Lunala|Wide Guard
|move|p2a: Rampardos|Thunder Punch|p1a: Kyogre
|-supereffective|p1a: Kyogre
|-damage|p1a: Kyogre|0 fnt
|faint|p1a: Kyogre
|move|p1b: Incineroar|Knock Off|p2b: Lunala
|-supereffective|p2b: Lunala
|-damage|p2b: Lunala|0 fnt
|-enditem|p2b: Lunala|Leftovers|[from] move: Knock Off|[of] p1b: Incineroar
|faint|p2b: Lunala
|
|-weather|RainDance|[upkeep]
|upkeep
|
|t:|1750798250
|switch|p2b: Groudon|Groudon, L50|100/100
|switch|p1a: Calyrex|Calyrex-Shadow, L50|91/100
|-ability|p1a: Calyrex|As One
|-ability|p1a: Calyrex|Unnerve
|-weather|SunnyDay|[from] ability: Drought|[of] p2b: Groudon
|turn|4
|
|t:|1750798262
|move|p2a: Rampardos|Rock Slide|p1a: Calyrex|[spread] 
|-miss|p2a: Rampardos|p1a: Calyrex
|-miss|p2a: Rampardos|p1b: Incineroar
|move|p1b: Incineroar|Parting Shot|p2a: Rampardos
|-unboost|p2a: Rampardos|atk|1
|-unboost|p2a: Rampardos|spa|1
|
|t:|1750798269
|switch|p1b: Flutter Mane|Flutter Mane, L50|100/100|[from] Parting Shot
|-activate|p1b: Flutter Mane|ability: Protosynthesis
|-start|p1b: Flutter Mane|protosynthesisspe
|move|p2b: Groudon|Precipice Blades|p1b: Flutter Mane|[spread] p1a,p1b
|-damage|p1a: Calyrex|21/100
|-damage|p1b: Flutter Mane|0 fnt
|faint|p1b: Flutter Mane
|-end|p1b: Flutter Mane|Protosynthesis|[silent]
|move|p1a: Calyrex|Astral Barrage|p2b: Groudon|[spread] p2a,p2b
|-crit|p2a: Rampardos
|-crit|p2b: Groudon
|-damage|p2a: Rampardos|0 fnt
|-damage|p2b: Groudon|41/100
|faint|p2a: Rampardos
|-ability|p1a: Calyrex|Grim Neigh|boost
|-boost|p1a: Calyrex|spa|1
|-damage|p1a: Calyrex|11/100|[from] item: Life Orb
|
|-weather|SunnyDay|[upkeep]
|upkeep
|
|t:|1750798284
|switch|p1b: Incineroar|Incineroar, L50, F|100/100
|-ability|p1b: Incineroar|Intimidate|boost
|-unboost|p2b: Groudon|atk|1
|turn|5
|inactive|Yiyimox has 30 seconds left.
|inactive|Yiyimox has 20 seconds left.
|inactive|Yiyimox has 15 seconds left.
|
|t:|1750798326
|move|p1b: Incineroar|Flare Blitz|p2b: Groudon
|-damage|p2b: Groudon|0 fnt
|faint|p2b: Groudon
|-damage|p1b: Incineroar|88/100|[from] Recoil
|
|win|Yiyimox
|raw|Yiyimox's rating: 1298 &rarr; <strong>1320</strong><br />(+22 for winning)
|raw|Dizy88775's rating: 1263 &rarr; <strong>1241</strong><br />(-22 for losing)
|l|☆Yiyimox
|player|p1|
|l|☆Dizy88775
|player|p2|
