|j|☆Testingstuffuser4
|j|‽DimensionalFool
|t:|1750769855
|gametype|doubles
|player|p1|Testingstuffuser4|101|1452
|player|p2|DimensionalFool|1|1404
|teamsize|p1|6
|teamsize|p2|6
|gen|9
|tier|[Gen 9] VGC 2025 Reg I
|rated|
|rule|Species Clause: Limit one of each Pokémon
|rule|Item Clause: Limit 1 of each item
|clearpoke
|poke|p1|Koraidon, L50|
|poke|p1|Amoonguss, L50, M|
|poke|p1|Incineroar, L50, F|
|poke|p1|Gothitelle, L50, F|
|poke|p1|Scream Tail, L50|
|poke|p1|Calyrex-Shadow, L50|
|poke|p2|Calyrex-Ice, L50|
|poke|p2|Miraidon, L50|
|poke|p2|Grimmsnarl, L50, M|
|poke|p2|Urshifu-*, L50, F|
|poke|p2|Incineroar, L50, M|
|poke|p2|Landorus, L50, M|
|teampreview|4
|inactive|Battle timer is ON: inactive players will automatically lose when time's up. (requested by DimensionalFool)
|
|t:|1750769873
|start
|switch|p1a: Gothitelle|Gothitelle, L50, F|100/100
|switch|p1b: Scream Tail|Scream Tail, L50, shiny|100/100
|switch|p2a: Incineroar|Incineroar, L50, M|100/100
|switch|p2b: Urshifu|Urshifu-Rapid-Strike, L50, F|100/100
|-ability|p2a: Incineroar|Intimidate|boost
|-unboost|p1a: Gothitelle|atk|1
|-unboost|p1b: Scream Tail|atk|1
|-enditem|p1b: Scream Tail|Booster Energy
|-activate|p1b: Scream Tail|ability: Protosynthesis|[fromitem]
|-start|p1b: Scream Tail|protosynthesisspe
|turn|1
|
|t:|1750769893
|move|p2a: Incineroar|Fake Out|p1a: Gothitelle
|-damage|p1a: Gothitelle|91/100
|cant|p1a: Gothitelle|flinch
|move|p1b: Scream Tail|Perish Song|p1b: Scream Tail
|-start|p1a: Gothitelle|perish3|[silent]
|-start|p1b: Scream Tail|perish3|[silent]
|-start|p2a: Incineroar|perish3|[silent]
|-start|p2b: Urshifu|perish3|[silent]
|-fieldactivate|move: Perish Song
|move|p2b: Urshifu|Surging Strikes|p1a: Gothitelle
|-crit|p1a: Gothitelle
|-damage|p1a: Gothitelle|67/100
|-crit|p1a: Gothitelle
|-damage|p1a: Gothitelle|43/100
|-crit|p1a: Gothitelle
|-damage|p1a: Gothitelle|16/100
|-hitcount|p1a: Gothitelle|3
|
|-heal|p1a: Gothitelle|22/100|[from] item: Leftovers
|-start|p1b: Scream Tail|perish3
|-start|p2a: Incineroar|perish3
|-start|p2b: Urshifu|perish3
|-start|p1a: Gothitelle|perish3
|upkeep
|turn|2
|inactive|DimensionalFool has 30 seconds left.
|inactive|Testingstuffuser4 has 30 seconds left.
|inactive|DimensionalFool has 20 seconds left.
|inactive|DimensionalFool has 15 seconds left.
|
|t:|1750769942
|move|p1a: Gothitelle|Protect|p1a: Gothitelle
|-singleturn|p1a: Gothitelle|Protect
|move|p1b: Scream Tail|Disable|p2b: Urshifu
|-start|p2b: Urshifu|Disable|Surging Strikes
|move|p2a: Incineroar|Knock Off|p1a: Gothitelle
|-activate|p1a: Gothitelle|move: Protect
|cant|p2b: Urshifu|Disable|Surging Strikes
|
|-heal|p1a: Gothitelle|28/100|[from] item: Leftovers
|-start|p1b: Scream Tail|perish2
|-start|p2a: Incineroar|perish2
|-start|p2b: Urshifu|perish2
|-start|p1a: Gothitelle|perish2
|upkeep
|turn|3
|
|t:|1750769973
|-terastallize|p1a: Gothitelle|Water
|move|p1b: Scream Tail|Encore|p2b: Urshifu
|-start|p2b: Urshifu|Encore
|move|p2a: Incineroar|U-turn|p1a: Gothitelle
|-damage|p1a: Gothitelle|14/100
|
|t:|1750769982
|switch|p2a: Calyrex|Calyrex-Ice, L50|100/100|[from] U-turn
|-ability|p2a: Calyrex|As One
|-ability|p2a: Calyrex|Unnerve
|-activate|p2b: Urshifu|move: Struggle
|move|p2b: Urshifu|Struggle|p1a: Gothitelle
|-damage|p1a: Gothitelle|0 fnt
|faint|p1a: Gothitelle
|-damage|p2b: Urshifu|76/100|[from] recoil
|
|-start|p1b: Scream Tail|perish1
|-start|p2b: Urshifu|perish1
|upkeep
|
|t:|1750769995
|switch|p1a: Incineroar|Incineroar, L50, F|100/100
|-ability|p1a: Incineroar|Intimidate|boost
|-unboost|p2a: Calyrex|atk|1
|-unboost|p2b: Urshifu|atk|1
|turn|4
|
|t:|1750770014
|-end|p1b: Scream Tail|Protosynthesis|[silent]
|switch|p1b: Koraidon|Koraidon, L50|100/100
|-weather|SunnyDay|[from] ability: Orichalcum Pulse|[of] p1b: Koraidon
|-activate|p1b: Koraidon|Orichalcum Pulse|[source]
|switch|p2b: Miraidon|Miraidon, L50|100/100
|-fieldstart|move: Electric Terrain|[from] ability: Hadron Engine|[of] p2b: Miraidon
|switch|p2a: Incineroar|Incineroar, L50, M|100/100
|-ability|p2a: Incineroar|Intimidate|boost
|-unboost|p1a: Incineroar|atk|1
|-unboost|p1b: Koraidon|atk|1
|move|p1a: Incineroar|Fake Out|p2a: Incineroar
|-damage|p2a: Incineroar|94/100
|
|-weather|SunnyDay|[upkeep]
|upkeep
|turn|5
|inactive|DimensionalFool has 30 seconds left.
|
|t:|1750770048
|move|p1b: Koraidon|Protect|p1b: Koraidon
|-singleturn|p1b: Koraidon|Protect
|move|p1a: Incineroar|Protect|p1a: Incineroar
|-singleturn|p1a: Incineroar|Protect
|move|p2a: Incineroar|Fake Out|p1b: Koraidon
|-activate|p1b: Koraidon|move: Protect
|move|p2b: Miraidon|Electro Drift|p1a: Incineroar
|-activate|p1a: Incineroar|move: Protect
|
|-weather|SunnyDay|[upkeep]
|upkeep
|turn|6
|inactive|Testingstuffuser4 has 30 seconds left.
|inactive|DimensionalFool has 30 seconds left.
|inactive|Testingstuffuser4 has 20 seconds left.
|inactive|DimensionalFool has 20 seconds left.
|inactive|DimensionalFool has 15 seconds left.
|
|t:|1750770093
|move|p1b: Koraidon|Close Combat|p2a: Incineroar
|-supereffective|p2a: Incineroar
|-damage|p2a: Incineroar|0 fnt
|-unboost|p1b: Koraidon|def|1
|-unboost|p1b: Koraidon|spd|1
|faint|p2a: Incineroar
|-damage|p1b: Koraidon|91/100|[from] item: Life Orb
|move|p2b: Miraidon|Electro Drift|p1b: Koraidon
|-resisted|p1b: Koraidon
|-damage|p1b: Koraidon|24/100
|move|p1a: Incineroar|Flare Blitz|p2b: Miraidon
|-resisted|p2b: Miraidon
|-damage|p2b: Miraidon|81/100
|-damage|p1a: Incineroar|94/100|[from] Recoil
|
|-weather|SunnyDay|[upkeep]
|upkeep
|
|t:|1750770111
|switch|p2a: Urshifu|Urshifu-Rapid-Strike, L50, F|76/100
|turn|7
|
|t:|1750770132
|move|p1b: Koraidon|Close Combat|p2a: Urshifu
|-damage|p2a: Urshifu|9/100
|-unboost|p1b: Koraidon|def|1
|-unboost|p1b: Koraidon|spd|1
|-damage|p1b: Koraidon|14/100|[from] item: Life Orb
|move|p2b: Miraidon|Electro Drift|p1a: Incineroar
|-damage|p1a: Incineroar|29/100
|move|p2a: Urshifu|Close Combat|p1b: Koraidon
|-damage|p1b: Koraidon|0 fnt
|-unboost|p2a: Urshifu|def|1
|-unboost|p2a: Urshifu|spd|1
|faint|p1b: Koraidon
|move|p1a: Incineroar|Parting Shot|p2b: Miraidon
|-unboost|p2b: Miraidon|atk|1
|-unboost|p2b: Miraidon|spa|1
|
|t:|1750770136
|switch|p1a: Scream Tail|Scream Tail, L50, shiny|100/100|[from] Parting Shot
|-activate|p1a: Scream Tail|ability: Protosynthesis
|-start|p1a: Scream Tail|protosynthesisspe
|
|-weather|SunnyDay|[upkeep]
|upkeep
|
|t:|1750770142
|switch|p1b: Incineroar|Incineroar, L50, F|29/100
|-ability|p1b: Incineroar|Intimidate|boost
|-unboost|p2a: Urshifu|atk|1
|-unboost|p2b: Miraidon|atk|1
|turn|8
|inactive|DimensionalFool has 30 seconds left.
|
|t:|1750770176
|switch|p2b: Calyrex|Calyrex-Ice, L50|100/100
|-ability|p2b: Calyrex|As One
|-ability|p2b: Calyrex|Unnerve
|-terastallize|p2a: Urshifu|Ghost
|move|p1b: Incineroar|Fake Out|p2a: Urshifu
|-immune|p2a: Urshifu
|move|p1a: Scream Tail|Disable||[still]
|-fail|p1a: Scream Tail
|move|p2a: Urshifu|Close Combat|p1b: Incineroar
|-supereffective|p1b: Incineroar
|-damage|p1b: Incineroar|0 fnt
|-unboost|p2a: Urshifu|def|1
|-unboost|p2a: Urshifu|spd|1
|faint|p1b: Incineroar
|
|-weather|none
|-end|p1a: Scream Tail|Protosynthesis
|-fieldend|move: Electric Terrain
|upkeep
|turn|9
|-message|Testingstuffuser4 forfeited.
|
|win|DimensionalFool
|raw|Testingstuffuser4's rating: 1452 &rarr; <strong>1429</strong><br />(-23 for losing)
|raw|DimensionalFool's rating: 1404 &rarr; <strong>1427</strong><br />(+23 for winning)
|l|☆Testingstuffuser4
|player|p1|
|l|‽DimensionalFool
|player|p2|
