|j|☆lianxiaonian
|j|☆cjjsir
|t:|1750843145
|gametype|doubles
|player|p1|lianxiaonian|cynthia-gen4|1555
|player|p2|cjjsir|169|1621
|teamsize|p1|6
|teamsize|p2|6
|gen|9
|tier|[Gen 9] VGC 2025 Reg I
|rated|
|rule|Species Clause: Limit one of each Pokémon
|rule|Item Clause: Limit 1 of each item
|clearpoke
|poke|p1|Urshifu-*, L50, F|
|poke|p1|Whimsicott, L50, F|
|poke|p1|Calyrex-Ice, L50|
|poke|p1|Farigiraf, L50, M|
|poke|p1|Miraidon, L50|
|poke|p1|Ditto, L50|
|poke|p2|Grimmsnarl, L50, M|
|poke|p2|Gallade, L50, M|
|poke|p2|Metagross, L50|
|poke|p2|Lunala, L50|
|poke|p2|Amoonguss, L50, F|
|poke|p2|Calyrex-Ice, L50|
|teampreview|4
|inactive|Battle timer is ON: inactive players will automatically lose when time's up. (requested by lianxiaonian)
|
|t:|1750843167
|start
|switch|p1a: Miraidon|Miraidon, L50|100/100
|switch|p1b: Calyrex|Calyrex-Ice, L50|100/100
|switch|p2a: Grimmsnarl|Grimmsnarl, L50, M|100/100
|switch|p2b: Lunala|Lunala, L50|100/100
|-ability|p1b: Calyrex|As One
|-ability|p1b: Calyrex|Unnerve
|-fieldstart|move: Electric Terrain|[from] ability: Hadron Engine|[of] p1a: Miraidon
|turn|1
|
|t:|1750843187
|-terastallize|p1b: Calyrex|Water
|move|p2a: Grimmsnarl|Light Screen|p2a: Grimmsnarl
|-sidestart|p2: cjjsir|move: Light Screen
|move|p1a: Miraidon|Electro Drift|p2a: Grimmsnarl
|-damage|p2a: Grimmsnarl|33/100
|move|p2b: Lunala|Meteor Beam||[still]
|-prepare|p2b: Lunala|Meteor Beam
|-boost|p2b: Lunala|spa|1
|-enditem|p2b: Lunala|Power Herb
|-anim|p2b: Lunala|Meteor Beam|p1b: Calyrex
|-damage|p1b: Calyrex|51/100
|move|p1b: Calyrex|Glacial Lance|p2a: Grimmsnarl|[spread] p2a,p2b
|-damage|p2a: Grimmsnarl|0 fnt
|-damage|p2b: Lunala|74/100
|faint|p2a: Grimmsnarl
|-ability|p1b: Calyrex|Chilling Neigh|boost
|-boost|p1b: Calyrex|atk|1
|
|upkeep
|
|t:|1750843203
|switch|p2a: Calyrex|Calyrex-Ice, L50|100/100
|-ability|p2a: Calyrex|As One
|-ability|p2a: Calyrex|Unnerve
|turn|2
|
|t:|1750843212
|move|p1b: Calyrex|Protect|p1b: Calyrex
|-singleturn|p1b: Calyrex|Protect
|move|p1a: Miraidon|Electro Drift|p2b: Lunala
|-damage|p2b: Lunala|14/100
|move|p2b: Lunala|Moongeist Beam|p1b: Calyrex
|-activate|p1b: Calyrex|move: Protect
|move|p2a: Calyrex|Glacial Lance|p1a: Miraidon|[spread] p1a
|-activate|p1b: Calyrex|move: Protect
|-supereffective|p1a: Miraidon
|-damage|p1a: Miraidon|0 fnt
|faint|p1a: Miraidon
|-ability|p2a: Calyrex|Chilling Neigh|boost
|-boost|p2a: Calyrex|atk|1
|
|upkeep
|
|t:|1750843227
|switch|p1a: Whimsicott|Whimsicott, L50, F, shiny|100/100
|turn|3
|
|t:|1750843239
|move|p1a: Whimsicott|Tailwind|p1a: Whimsicott
|-sidestart|p1: lianxiaonian|move: Tailwind
|move|p1b: Calyrex|High Horsepower|p2b: Lunala
|-damage|p2b: Lunala|0 fnt
|faint|p2b: Lunala
|-ability|p1b: Calyrex|Chilling Neigh|boost
|-boost|p1b: Calyrex|atk|1
|move|p2a: Calyrex|Glacial Lance|p1a: Whimsicott|[spread] p1a,p1b
|-supereffective|p1a: Whimsicott
|-resisted|p1b: Calyrex
|-enditem|p1a: Whimsicott|Focus Sash
|-damage|p1a: Whimsicott|1/100
|-damage|p1b: Calyrex|20/100
|
|upkeep
|
|t:|1750843245
|switch|p2b: Gallade|Gallade, L50, M|100/100
|turn|4
|
|t:|1750843253
|move|p2b: Gallade|Feint|p1b: Calyrex
|-damage|p1b: Calyrex|13/100
|move|p1a: Whimsicott|Endeavor|p2a: Calyrex
|-damage|p2a: Calyrex|1/100
|move|p1b: Calyrex|High Horsepower|p2a: Calyrex|[miss]
|-miss|p1b: Calyrex|p2a: Calyrex
|move|p2a: Calyrex|Glacial Lance|p1b: Calyrex|[spread] p1a,p1b
|-supereffective|p1a: Whimsicott
|-resisted|p1b: Calyrex
|-damage|p1a: Whimsicott|0 fnt
|-damage|p1b: Calyrex|0 fnt
|faint|p1a: Whimsicott
|faint|p1b: Calyrex
|-ability|p2a: Calyrex|Chilling Neigh|boost
|-boost|p2a: Calyrex|atk|2
|
|upkeep
|
|t:|1750843261
|switch|p1b: Urshifu|Urshifu, L50, F|100/100
|turn|5
|
|t:|1750843268
|move|p1b: Urshifu|Wicked Blow|p2a: Calyrex
|-supereffective|p2a: Calyrex
|-crit|p2a: Calyrex
|-damage|p2a: Calyrex|0 fnt
|faint|p2a: Calyrex
|move|p2b: Gallade|Sacred Sword|p1b: Urshifu
|-supereffective|p1b: Urshifu
|-damage|p1b: Urshifu|0 fnt
|faint|p1b: Urshifu
|
|win|cjjsir
|raw|lianxiaonian's rating: 1555 &rarr; <strong>1539</strong><br />(-16 for losing)
|raw|cjjsir's rating: 1621 &rarr; <strong>1637</strong><br />(+16 for winning)
|l|☆lianxiaonian
|player|p1|
|l|☆cjjsir
|player|p2|
