|j|☆Zeebers
|j|☆drakkulll
|t:|1750800105
|gametype|doubles
|player|p1|Zeebers|flannery|1238
|player|p2|drakkulll|giovanni|1258
|teamsize|p1|6
|teamsize|p2|6
|gen|9
|tier|[Gen 9] VGC 2025 Reg I
|rated|
|rule|Species Clause: Limit one of each Pokémon
|rule|Item Clause: Limit 1 of each item
|clearpoke
|poke|p1|Torkoal, L50, F|
|poke|p1|Koraidon, L50|
|poke|p1|Ting-Lu, L50|
|poke|p1|Raichu, L50, F|
|poke|p1|Calyrex-Ice, L50|
|poke|p1|Smeargle, L50, M|
|poke|p2|Mightyena, L50, M|
|poke|p2|Lycanroc-Midnight, L50, M|
|poke|p2|Tyranitar, L50, M|
|poke|p2|Lunala, L50|
|poke|p2|Zamazenta-*, L50|
|poke|p2|Raging Bolt, L50|
|teampreview|4
|inactive|Battle timer is ON: inactive players will automatically lose when time's up. (requested by drakkulll)
|inactive|Zeebers has 60 seconds left.
|
|t:|1750800164
|start
|switch|p1a: Koraidon|Koraidon, L50|100/100
|switch|p1b: Ting-Lu|Ting-Lu, L50|100/100
|switch|p2a: Jesus|Lunala, L50|100/100
|switch|p2b: Cthulu|Mightyena, L50, M|100/100
|-weather|SunnyDay|[from] ability: Orichalcum Pulse|[of] p1a: Koraidon
|-activate|p1a: Koraidon|Orichalcum Pulse|[source]
|-ability|p2b: Cthulu|Intimidate|boost
|-unboost|p1a: Koraidon|atk|1
|-unboost|p1b: Ting-Lu|atk|1
|-ability|p1b: Ting-Lu|Vessel of Ruin
|turn|1
|inactive|drakkulll has 30 seconds left.
|
|t:|1750800198
|move|p1a: Koraidon|Collision Course|p2b: Cthulu
|-supereffective|p2b: Cthulu
|-damage|p2b: Cthulu|0 fnt
|faint|p2b: Cthulu
|-damage|p1a: Koraidon|91/100|[from] item: Life Orb
|move|p1b: Ting-Lu|Whirlwind|p2a: Jesus
|drag|p2a: Patricio|Zamazenta-Crowned, L50|100/100
|-ability|p2a: Patricio|Dauntless Shield|boost
|-boost|p2a: Patricio|def|1
|
|-weather|SunnyDay|[upkeep]
|upkeep
|
|t:|1750800208
|switch|p2b: Jesus|Lunala, L50|100/100
|turn|2
|
|t:|1750800227
|switch|p1a: Raichu|Raichu, L50, F|100/100
|move|p2a: Patricio|Protect|p2a: Patricio
|-singleturn|p2a: Patricio|Protect
|move|p1b: Ting-Lu|Whirlwind|p2b: Jesus
|drag|p2b: Roma|Tyranitar, L50, M|100/100
|-weather|Sandstorm|[from] ability: Sand Stream|[of] p2b: Roma
|
|-weather|Sandstorm|[upkeep]
|-damage|p1a: Raichu|95/100|[from] Sandstorm
|upkeep
|turn|3
|inactive|Zeebers has 30 seconds left.
|
|t:|1750800253
|move|p1a: Raichu|Fake Out|p2a: Patricio
|-resisted|p2a: Patricio
|-damage|p2a: Patricio|99/100
|cant|p2a: Patricio|flinch
|move|p2b: Roma|Low Kick|p1b: Ting-Lu
|-supereffective|p1b: Ting-Lu
|-damage|p1b: Ting-Lu|52/100
|-enditem|p1b: Ting-Lu|Red Card|[of] p2b: Roma
|drag|p2b: Jesus|Lunala, L50|100/100
|move|p1b: Ting-Lu|Spikes|p2a: Patricio
|-sidestart|p2: drakkulll|Spikes
|
|-weather|Sandstorm|[upkeep]
|-damage|p1a: Raichu|89/100|[from] Sandstorm
|-damage|p2b: Jesus|94/100|[from] Sandstorm
|upkeep
|turn|4
|inactive|Zeebers has 30 seconds left.
|
|t:|1750800285
|move|p1a: Raichu|Thunderbolt|p2b: Jesus
|-damage|p2b: Jesus|78/100
|-status|p2b: Jesus|par
|move|p2a: Patricio|Body Press|p1b: Ting-Lu
|-supereffective|p1b: Ting-Lu
|-damage|p1b: Ting-Lu|0 fnt
|faint|p1b: Ting-Lu
|move|p2b: Jesus|Trick Room|p2b: Jesus
|-fieldstart|move: Trick Room|[of] p2b: Jesus
|
|-weather|Sandstorm|[upkeep]
|-damage|p2b: Jesus|72/100 par|[from] Sandstorm
|-damage|p1a: Raichu|83/100|[from] Sandstorm
|upkeep
|
|t:|1750800295
|switch|p1b: Calyrex|Calyrex-Ice, L50|100/100
|-ability|p1b: Calyrex|As One
|-ability|p1b: Calyrex|Unnerve
|turn|5
|
|t:|1750800318
|-terastallize|p1b: Calyrex|Fairy
|move|p2b: Jesus|Meteor Beam||[still]
|-prepare|p2b: Jesus|Meteor Beam
|-boost|p2b: Jesus|spa|1
|-enditem|p2b: Jesus|Power Herb
|-anim|p2b: Jesus|Meteor Beam|p1b: Calyrex
|-damage|p1b: Calyrex|53/100
|move|p2a: Patricio|Iron Defense|p2a: Patricio
|-boost|p2a: Patricio|def|2
|move|p1a: Raichu|Volt Switch|p2a: Patricio
|-damage|p2a: Patricio|83/100
|
|t:|1750800328
|switch|p1a: Koraidon|Koraidon, L50|91/100|[from] Volt Switch
|-weather|SunnyDay|[from] ability: Orichalcum Pulse|[of] p1a: Koraidon
|-activate|p1a: Koraidon|Orichalcum Pulse|[source]
|move|p1b: Calyrex|Trick Room|p1b: Calyrex
|-fieldend|move: Trick Room
|
|-weather|SunnyDay|[upkeep]
|upkeep
|turn|6
|inactive|drakkulll has 30 seconds left.
|inactive|drakkulll has 20 seconds left.
|inactive|drakkulll has 15 seconds left.
|inactive|drakkulll has 10 seconds left.
|
|t:|1750800376
|move|p2a: Patricio|Protect|p2a: Patricio
|-singleturn|p2a: Patricio|Protect
|move|p1a: Koraidon|Collision Course|p2a: Patricio
|-activate|p2a: Patricio|move: Protect
|move|p1b: Calyrex|Glacial Lance|p2a: Patricio|[spread] p2b
|-activate|p2a: Patricio|move: Protect
|-damage|p2b: Jesus|26/100 par
|move|p2b: Jesus|Moongeist Beam|p1b: Calyrex
|-damage|p1b: Calyrex|0 fnt
|faint|p1b: Calyrex
|
|-weather|SunnyDay|[upkeep]
|upkeep
|
|t:|1750800389
|switch|p1b: Raichu|Raichu, L50, F|83/100
|turn|7
|
|t:|1750800411
|-terastallize|p2a: Patricio|Ghost
|move|p1b: Raichu|Fake Out|p2a: Patricio
|-immune|p2a: Patricio
|move|p1a: Koraidon|Collision Course|p2a: Patricio
|-immune|p2a: Patricio
|move|p2a: Patricio|Body Press|p1a: Koraidon
|-damage|p1a: Koraidon|0 fnt
|faint|p1a: Koraidon
|cant|p2b: Jesus|par
|
|-weather|SunnyDay|[upkeep]
|upkeep
|turn|8
|-message|Zeebers forfeited.
|
|win|drakkulll
|raw|Zeebers's rating: 1238 &rarr; <strong>1214</strong><br />(-24 for losing)
|raw|drakkulll's rating: 1258 &rarr; <strong>1282</strong><br />(+24 for winning)
|l|☆Zeebers
|player|p1|
|l|☆drakkulll
|player|p2|
