|j|☆Ahdhfhska
|j|☆WantToBeFree
|t:|1750825590
|gametype|doubles
|player|p1|Ahdhfhska|102|1000
|player|p2|WantToBeFree|giovanni|1083
|teamsize|p1|6
|teamsize|p2|6
|gen|9
|tier|[Gen 9] VGC 2025 Reg I
|rated|
|rule|Species Clause: Limit one of each Pokémon
|rule|Item Clause: Limit 1 of each item
|clearpoke
|poke|p1|Chi-Yu, L50|
|poke|p1|Koraidon, L50|
|poke|p1|Scovillain, L50, M|
|poke|p1|Clefairy, L50, M|
|poke|p1|Calyrex-Shadow, L50|
|poke|p1|Whimsicott, L50, M|
|poke|p2|Calyrex-Shadow, L50|
|poke|p2|Raging Bolt, L50|
|poke|p2|Incineroar, L50, M|
|poke|p2|Indeedee-F, L50, F|
|poke|p2|Zamazenta-*, L50|
|poke|p2|Ogerpon-Cornerstone, L50, F|
|teampreview|4
|inactive|Battle timer is ON: inactive players will automatically lose when time's up. (requested by Ahdhfhska)
|
|t:|1750825765
|start
|switch|p1a: Koraidon|Koraidon, L50|100/100
|switch|p1b: Scovillain|Scovillain, L50, M, shiny|100/100
|switch|p2a: Pluey|Incineroar, L50, M|100/100
|switch|p2b: Grand prize|Indeedee-F, L50, F|100/100
|-weather|SunnyDay|[from] ability: Orichalcum Pulse|[of] p1a: Koraidon
|-activate|p1a: Koraidon|Orichalcum Pulse|[source]
|-fieldstart|move: Psychic Terrain|[from] ability: Psychic Surge|[of] p2b: Grand prize
|-enditem|p2b: Grand prize|Psychic Seed
|-boost|p2b: Grand prize|spd|1|[from] item: Psychic Seed
|-ability|p2a: Pluey|Intimidate|boost
|-unboost|p1a: Koraidon|atk|1
|-unboost|p1b: Scovillain|atk|1
|turn|1
|inactive|Ahdhfhska has 30 seconds left.
|inactive|WantToBeFree has 30 seconds left.
|inactive|Ahdhfhska has 20 seconds left.
|inactive|WantToBeFree has 20 seconds left.
|inactive|Ahdhfhska has 15 seconds left.
|inactive|Ahdhfhska has 10 seconds left.
|inactive|Ahdhfhska has 5 seconds left.
|
|t:|1750825818
|move|p2a: Pluey|Fake Out|p1a: Koraidon
|-activate|p1a: Koraidon|move: Psychic Terrain
|move|p1b: Scovillain|Spicy Extract|p1a: Koraidon
|-boost|p1a: Koraidon|atk|2
|-unboost|p1a: Koraidon|def|2
|move|p1a: Koraidon|Flame Charge|p2b: Grand prize
|-crit|p2b: Grand prize
|-damage|p2b: Grand prize|0 fnt
|-boost|p1a: Koraidon|spe|1
|faint|p2b: Grand prize
|-damage|p1a: Koraidon|91/100|[from] item: Life Orb
|
|-weather|SunnyDay|[upkeep]
|upkeep
|inactive|WantToBeFree has 30 seconds left.
|
|t:|1750825844
|switch|p2b: Fraud Knight|Calyrex-Shadow, L50|100/100
|-ability|p2b: Fraud Knight|As One
|-ability|p2b: Fraud Knight|Unnerve
|turn|2
|inactive|Ahdhfhska has 30 seconds left.
|inactive|WantToBeFree has 30 seconds left.
|inactive|WantToBeFree has 20 seconds left.
|inactive|WantToBeFree has 15 seconds left.
|inactive|WantToBeFree has 10 seconds left.
|
|t:|1750825890
|-terastallize|p2b: Fraud Knight|Psychic
|move|p1a: Koraidon|Protect|p1a: Koraidon
|-singleturn|p1a: Koraidon|Protect
|move|p1b: Scovillain|Protect|p1b: Scovillain
|-singleturn|p1b: Scovillain|Protect
|move|p2b: Fraud Knight|Expanding Force|p1a: Koraidon|[spread] 
|-activate|p1a: Koraidon|move: Protect
|-activate|p1b: Scovillain|move: Protect
|move|p2a: Pluey|Parting Shot|p1a: Koraidon
|-activate|p1a: Koraidon|move: Protect
|
|-weather|SunnyDay|[upkeep]
|upkeep
|turn|3
|
|t:|1750825912
|move|p1a: Koraidon|Flare Blitz|p2b: Fraud Knight
|-damage|p2b: Fraud Knight|0 fnt
|faint|p2b: Fraud Knight
|-damage|p1a: Koraidon|59/100|[from] Recoil
|-damage|p1a: Koraidon|49/100|[from] item: Life Orb
|move|p1b: Scovillain|Overheat|p2a: Pluey
|-resisted|p2a: Pluey
|-damage|p2a: Pluey|62/100
|-unboost|p1b: Scovillain|spa|2
|move|p2a: Pluey|Parting Shot|p1a: Koraidon
|-unboost|p1a: Koraidon|atk|1
|-unboost|p1a: Koraidon|spa|1
|
|t:|1750825926
|switch|p2a: Toby Fox|Zamazenta-Crowned, L50|100/100|[from] Parting Shot
|-ability|p2a: Toby Fox|Dauntless Shield|boost
|-boost|p2a: Toby Fox|def|1
|
|-weather|SunnyDay|[upkeep]
|upkeep
|
|t:|1750825932
|switch|p2b: Pluey|Incineroar, L50, M|62/100
|-ability|p2b: Pluey|Intimidate|boost
|-unboost|p1a: Koraidon|atk|1
|-unboost|p1b: Scovillain|atk|1
|turn|4
|inactive|WantToBeFree has 30 seconds left.
|inactive|Ahdhfhska has 30 seconds left.
|
|t:|1750825977
|move|p1a: Koraidon|Close Combat|p2b: Pluey
|-supereffective|p2b: Pluey
|-damage|p2b: Pluey|0 fnt
|-unboost|p1a: Koraidon|def|1
|-unboost|p1a: Koraidon|spd|1
|faint|p2b: Pluey
|-damage|p1a: Koraidon|40/100|[from] item: Life Orb
|move|p1b: Scovillain|Spicy Extract|p1a: Koraidon
|-boost|p1a: Koraidon|atk|2
|-unboost|p1a: Koraidon|def|2
|move|p2a: Toby Fox|Iron Defense|p2a: Toby Fox
|-boost|p2a: Toby Fox|def|2
|
|-weather|SunnyDay|[upkeep]
|upkeep
|turn|5
|inactive|WantToBeFree has 30 seconds left.
|
|t:|1750826009
|-terastallize|p1a: Koraidon|Fire
|move|p1a: Koraidon|Flare Blitz|p2a: Toby Fox
|-supereffective|p2a: Toby Fox
|-damage|p2a: Toby Fox|0 fnt
|faint|p2a: Toby Fox
|-damage|p1a: Koraidon|9/100|[from] Recoil
|-damage|p1a: Koraidon|0 fnt|[from] item: Life Orb
|faint|p1a: Koraidon
|
|win|Ahdhfhska
|raw|Ahdhfhska's rating: 1000 &rarr; <strong>1049</strong><br />(+49 for winning)
|raw|WantToBeFree's rating: 1083 &rarr; <strong>1055</strong><br />(-28 for losing)
