|j|☆KheaVGC
|j|☆vinicio499
|t:|1750875586
|gametype|doubles
|player|p1|KheaVGC|266|1385
|player|p2|vinicio499|dawn|1425
|teamsize|p1|6
|teamsize|p2|6
|gen|9
|tier|[Gen 9] VGC 2025 Reg I
|rated|
|rule|Species Clause: Limit one of each Pokémon
|rule|Item Clause: Limit 1 of each item
|clearpoke
|poke|p1|Volcarona, L50, F|
|poke|p1|Zamazenta-*, L50|
|poke|p1|Koraidon, L50|
|poke|p1|Raging Bolt, L50|
|poke|p1|Flutter Mane, L50|
|poke|p1|Incineroar, L50, F|
|poke|p2|Miraidon, L50|
|poke|p2|Calyrex-Ice, L50|
|poke|p2|Regigigas, L50|
|poke|p2|Farigiraf, L50, F|
|poke|p2|Incineroar, L50, M|
|poke|p2|Enamorus-Therian, L50, F|
|teampreview|4
|inactive|Battle timer is ON: inactive players will automatically lose when time's up. (requested by vinicio499)
vinicio499 has agreed to open team sheets.
|inactive|vinicio499 has 60 seconds left.
|inactive|vinicio499 has 30 seconds left.
|
|t:|1750875654
|start
|switch|p1a: Incineroar|Incineroar, L50, F|100/100
|switch|p1b: Volcarona|Volcarona, L50, F|100/100
|switch|p2a: Miraidon|Miraidon, L50|100/100
|switch|p2b: Calyrex|Calyrex-Ice, L50|100/100
|-ability|p2b: Calyrex|As One
|-ability|p2b: Calyrex|Unnerve
|-fieldstart|move: Electric Terrain|[from] ability: Hadron Engine|[of] p2a: Miraidon
|-ability|p1a: Incineroar|Intimidate|boost
|-unboost|p2a: Miraidon|atk|1
|-fail|p2b: Calyrex|unboost|[from] item: Clear Amulet|[of] p2b: Calyrex
|turn|1
|
|t:|1750875669
|-terastallize|p2b: Calyrex|Fire
|move|p1a: Incineroar|Fake Out|p2b: Calyrex
|-damage|p2b: Calyrex|94/100
|move|p2a: Miraidon|Snarl|p1b: Volcarona|[spread] p1a,p1b
|-resisted|p1a: Incineroar
|-damage|p1a: Incineroar|93/100
|-damage|p1b: Volcarona|84/100
|-unboost|p1a: Incineroar|spa|1
|-unboost|p1b: Volcarona|spa|1
|move|p1b: Volcarona|Struggle Bug|p2b: Calyrex|[spread] p2a,p2b
|-resisted|p2b: Calyrex
|-damage|p2a: Miraidon|94/100
|-damage|p2b: Calyrex|90/100
|-unboost|p2a: Miraidon|spa|1
|cant|p2b: Calyrex|flinch
|
|upkeep
|turn|2
|
|t:|1750875683
|move|p2a: Miraidon|Volt Switch|p1a: Incineroar
|-damage|p1a: Incineroar|57/100
|
|t:|1750875687
|switch|p2a: Enamorus|Enamorus-Therian, L50, F|100/100|[from] Volt Switch
|move|p1b: Volcarona|Struggle Bug|p2a: Enamorus|[spread] p2a,p2b
|-resisted|p2a: Enamorus
|-resisted|p2b: Calyrex
|-damage|p2a: Enamorus|98/100
|-damage|p2b: Calyrex|87/100
|-unboost|p2a: Enamorus|spa|1
|move|p1a: Incineroar|Knock Off|p2b: Calyrex
|-damage|p2b: Calyrex|62/100
|-enditem|p2b: Calyrex|Clear Amulet|[from] move: Knock Off|[of] p1a: Incineroar
|move|p2b: Calyrex|Trick Room|p2b: Calyrex
|-fieldstart|move: Trick Room|[of] p2b: Calyrex
|
|upkeep
|turn|3
|
|t:|1750875709
|switch|p1a: Koraidon|Koraidon, L50|100/100
|-weather|SunnyDay|[from] ability: Orichalcum Pulse|[of] p1a: Koraidon
|-activate|p1a: Koraidon|Orichalcum Pulse|[source]
|move|p2a: Enamorus|Springtide Storm|p1b: Volcarona|[spread] p1b
|-miss|p2a: Enamorus|p1a: Koraidon
|-resisted|p1b: Volcarona
|-damage|p1b: Volcarona|70/100
|-unboost|p1b: Volcarona|atk|1
|-damage|p2a: Enamorus|88/100|[from] item: Life Orb
|move|p2b: Calyrex|Glacial Lance|p1b: Volcarona|[spread] p1a,p1b
|-supereffective|p1a: Koraidon
|-resisted|p1b: Volcarona
|-damage|p1a: Koraidon|8/100
|-damage|p1b: Volcarona|42/100
|move|p1b: Volcarona|Struggle Bug|p2a: Enamorus|[spread] p2a,p2b
|-resisted|p2a: Enamorus
|-resisted|p2b: Calyrex
|-damage|p2a: Enamorus|85/100
|-damage|p2b: Calyrex|58/100
|-unboost|p2a: Enamorus|spa|1
|-unboost|p2b: Calyrex|spa|1
|
|-weather|SunnyDay|[upkeep]
|upkeep
|turn|4
|inactive|KheaVGC has 30 seconds left.
|
|t:|1750875739
|move|p2a: Enamorus|Moonblast|p1a: Koraidon
|-supereffective|p1a: Koraidon
|-damage|p1a: Koraidon|0 fnt
|faint|p1a: Koraidon
|-damage|p2a: Enamorus|75/100|[from] item: Life Orb
|move|p2b: Calyrex|Glacial Lance|p1b: Volcarona
|-resisted|p1b: Volcarona
|-damage|p1b: Volcarona|5/100
|move|p1b: Volcarona|Struggle Bug|p2a: Enamorus|[spread] p2a,p2b
|-resisted|p2a: Enamorus
|-resisted|p2b: Calyrex
|-damage|p2a: Enamorus|72/100
|-damage|p2b: Calyrex|54/100
|-unboost|p2a: Enamorus|spa|1
|-unboost|p2b: Calyrex|spa|1
|
|-weather|SunnyDay|[upkeep]
|upkeep
|
|t:|1750875743
|switch|p1a: Incineroar|Incineroar, L50, F|57/100
|-ability|p1a: Incineroar|Intimidate|boost
|-unboost|p2a: Enamorus|atk|1
|-unboost|p2b: Calyrex|atk|1
|turn|5
|
|t:|1750875752
|switch|p2b: Miraidon|Miraidon, L50|94/100
|-activate|p2b: Miraidon|ability: Hadron Engine
|move|p1a: Incineroar|Fake Out|p2b: Miraidon
|-damage|p2b: Miraidon|85/100
|move|p2a: Enamorus|Springtide Storm|p1b: Volcarona|[spread] p1a,p1b
|-resisted|p1b: Volcarona
|-damage|p1a: Incineroar|42/100
|-damage|p1b: Volcarona|0 fnt
|faint|p1b: Volcarona
|-damage|p2a: Enamorus|62/100|[from] item: Life Orb
|
|-weather|SunnyDay|[upkeep]
|-fieldend|move: Electric Terrain
|upkeep
|
|t:|1750875755
|switch|p1b: Zamazenta|Zamazenta-Crowned, L50|100/100
|-ability|p1b: Zamazenta|Dauntless Shield|boost
|-boost|p1b: Zamazenta|def|1
|turn|6
|
|t:|1750875768
|move|p2a: Enamorus|Earth Power|p1b: Zamazenta
|-supereffective|p1b: Zamazenta
|-damage|p1b: Zamazenta|76/100
|-damage|p2a: Enamorus|52/100|[from] item: Life Orb
|move|p1a: Incineroar|Parting Shot|p2b: Miraidon
|-unboost|p2b: Miraidon|atk|1
|-unboost|p2b: Miraidon|spa|1
|move|p1b: Zamazenta|Body Press|p2a: Enamorus
|-resisted|p2a: Enamorus
|-damage|p2a: Enamorus|35/100
|move|p2b: Miraidon|Volt Switch|p1a: Incineroar
|-damage|p1a: Incineroar|22/100
|
|t:|1750875778
|switch|p2b: Calyrex|Calyrex-Ice, L50, tera:Fire|54/100|[from] Volt Switch
|-ability|p2b: Calyrex|As One
|-ability|p2b: Calyrex|Unnerve
|
|-weather|SunnyDay|[upkeep]
|-fieldend|move: Trick Room
|upkeep
|turn|7
|inactive|KheaVGC has 30 seconds left.
|
|t:|1750875805
|move|p2b: Calyrex|Protect|p2b: Calyrex
|-singleturn|p2b: Calyrex|Protect
|move|p1b: Zamazenta|Body Press|p2b: Calyrex
|-activate|p2b: Calyrex|move: Protect
|move|p1a: Incineroar|Knock Off|p2a: Enamorus
|-resisted|p2a: Enamorus
|-damage|p2a: Enamorus|19/100
|-enditem|p2a: Enamorus|Life Orb|[from] move: Knock Off|[of] p1a: Incineroar
|move|p2a: Enamorus|Earth Power|p1a: Incineroar
|-supereffective|p1a: Incineroar
|-damage|p1a: Incineroar|0 fnt
|faint|p1a: Incineroar
|
|-weather|none
|upkeep
|turn|8
|-message|KheaVGC forfeited.
|
|win|vinicio499
|raw|KheaVGC's rating: 1385 &rarr; <strong>1367</strong><br />(-18 for losing)
|raw|vinicio499's rating: 1425 &rarr; <strong>1443</strong><br />(+18 for winning)
|l|☆KheaVGC
|player|p1|
|l|☆vinicio499
|player|p2|
