|j|☆vjojn
|j|☆TinaBelcher3
|t:|1750833552
|gametype|doubles
|player|p1|vjojn|lady-gen4|1232
|player|p2|TinaBelcher3|265|1146
|teamsize|p1|6
|teamsize|p2|6
|gen|9
|tier|[Gen 9] VGC 2025 Reg I
|rated|
|rule|Species Clause: Limit one of each Pokémon
|rule|Item Clause: Limit 1 of each item
|clearpoke
|poke|p1|Koraidon, L50|
|poke|p1|Lunala, L50|
|poke|p1|Flutter Mane, L50|
|poke|p1|Indeedee-F, L50, F|
|poke|p1|Ursaluna, L50, F|
|poke|p1|Ogerpon-Cornerstone, L50, F|
|poke|p2|Groudon, L50|
|poke|p2|Walking Wake, L50|
|poke|p2|Mienshao, L50, M|
|poke|p2|Calyrex-Shadow, L50|
|poke|p2|Brute Bonnet, L50|
|poke|p2|Alcremie-Caramel-Swirl, L50, F|
|teampreview|4
|inactive|Battle timer is ON: inactive players will automatically lose when time's up. (requested by TinaBelcher3)
|inactive|TinaBelcher3 has 60 seconds left.
|
|t:|1750833613
|start
|switch|p1a: Lunala|Lunala, L50, shiny|100/100
|switch|p1b: Indeedee|Indeedee-F, L50, F|100/100
|switch|p2a: Brute Bonnet|Brute Bonnet, L50, shiny|100/100
|switch|p2b: Alcremie|Alcremie-Caramel-Swirl, L50, F|100/100
|-fieldstart|move: Psychic Terrain|[from] ability: Psychic Surge|[of] p1b: Indeedee
|turn|1
|inactive|vjojn has 30 seconds left.
|inactive|TinaBelcher3 has 30 seconds left.
|inactive|vjojn has 20 seconds left.
|inactive|vjojn has 15 seconds left.
|
|t:|1750833654
|switch|p1a: Koraidon|Koraidon, L50|100/100
|-weather|SunnyDay|[from] ability: Orichalcum Pulse|[of] p1a: Koraidon
|-activate|p2a: Brute Bonnet|ability: Protosynthesis
|-start|p2a: Brute Bonnet|protosynthesisatk
|-activate|p1a: Koraidon|Orichalcum Pulse|[source]
|move|p2b: Alcremie|Decorate|p2a: Brute Bonnet
|-boost|p2a: Brute Bonnet|atk|2
|-boost|p2a: Brute Bonnet|spa|2
|move|p2a: Brute Bonnet|Seed Bomb|p1b: Indeedee
|-damage|p1b: Indeedee|2/100
|move|p1b: Indeedee|Trick Room|p1b: Indeedee
|-fieldstart|move: Trick Room|[of] p1b: Indeedee
|
|-weather|SunnyDay|[upkeep]
|upkeep
|turn|2
|inactive|vjojn has 30 seconds left.
|inactive|TinaBelcher3 has 30 seconds left.
|inactive|vjojn has 20 seconds left.
|inactive|TinaBelcher3 has 20 seconds left.
|inactive|vjojn has 15 seconds left.
|inactive|vjojn has 10 seconds left.
|
|t:|1750833703
|move|p1b: Indeedee|Follow Me|p1b: Indeedee
|-singleturn|p1b: Indeedee|move: Follow Me
|move|p2a: Brute Bonnet|Seed Bomb|p1b: Indeedee
|-damage|p1b: Indeedee|0 fnt
|faint|p1b: Indeedee
|move|p2b: Alcremie|Giga Drain|p1a: Koraidon
|-resisted|p1a: Koraidon
|-damage|p1a: Koraidon|92/100
|move|p1a: Koraidon|Flame Charge|p2a: Brute Bonnet
|-supereffective|p2a: Brute Bonnet
|-damage|p2a: Brute Bonnet|20/100
|-boost|p1a: Koraidon|spe|1
|-damage|p1a: Koraidon|82/100|[from] item: Life Orb
|
|-weather|SunnyDay|[upkeep]
|upkeep
|
|t:|1750833721
|switch|p1b: Lunala|Lunala, L50, shiny|100/100
|turn|3
|
|t:|1750833738
|move|p1a: Koraidon|Protect|p1a: Koraidon
|-singleturn|p1a: Koraidon|Protect
|move|p2a: Brute Bonnet|Spore|p1a: Koraidon
|-activate|p1a: Koraidon|move: Protect
|move|p2b: Alcremie|Giga Drain|p1b: Lunala
|-damage|p1b: Lunala|94/100
|move|p1b: Lunala|Moongeist Beam|p2a: Brute Bonnet
|-resisted|p2a: Brute Bonnet
|-damage|p2a: Brute Bonnet|0 fnt
|faint|p2a: Brute Bonnet
|-end|p2a: Brute Bonnet|Protosynthesis|[silent]
|
|-weather|SunnyDay|[upkeep]
|upkeep
|
|t:|1750833755
|switch|p2a: Groudon|Groudon, L50|100/100
|turn|4
|inactive|vjojn has 30 seconds left.
|inactive|vjojn has 20 seconds left.
|inactive|vjojn has 15 seconds left.
|inactive|vjojn has 10 seconds left.
|
|t:|1750833803
|-terastallize|p1b: Lunala|Fairy
|move|p1b: Lunala|Wide Guard|p1b: Lunala
|-singleturn|p1b: Lunala|Wide Guard
|move|p2b: Alcremie|Decorate|p2a: Groudon
|-boost|p2a: Groudon|atk|2
|-boost|p2a: Groudon|spa|2
|move|p2a: Groudon|Heat Crash|p1b: Lunala
|-damage|p1b: Lunala|0 fnt
|faint|p1b: Lunala
|move|p1a: Koraidon|Close Combat|p2a: Groudon
|-damage|p2a: Groudon|19/100
|-unboost|p1a: Koraidon|def|1
|-unboost|p1a: Koraidon|spd|1
|-damage|p1a: Koraidon|73/100|[from] item: Life Orb
|
|-weather|SunnyDay|[upkeep]
|-heal|p2a: Groudon|25/100|[from] item: Leftovers
|upkeep
|
|t:|1750833825
|switch|p1b: Flutter Mane|Flutter Mane, L50|100/100
|-activate|p1b: Flutter Mane|ability: Protosynthesis
|-start|p1b: Flutter Mane|protosynthesisspe
|turn|5
|
|t:|1750833842
|move|p2b: Alcremie|Helping Hand|p2a: Groudon
|-singleturn|p2a: Groudon|Helping Hand|[of] p2b: Alcremie
|move|p1a: Koraidon|Protect|p1a: Koraidon
|-singleturn|p1a: Koraidon|Protect
|move|p1b: Flutter Mane|Protect|p1b: Flutter Mane
|-singleturn|p1b: Flutter Mane|Protect
|move|p2a: Groudon|Precipice Blades|p1b: Flutter Mane|[spread] 
|-activate|p1a: Koraidon|move: Protect
|-activate|p1b: Flutter Mane|move: Protect
|
|-weather|none
|-end|p1b: Flutter Mane|Protosynthesis
|-heal|p2a: Groudon|30/100|[from] item: Leftovers
|-fieldend|move: Trick Room
|-fieldend|move: Psychic Terrain
|upkeep
|turn|6
|inactive|vjojn has 30 seconds left.
|inactive|vjojn has 20 seconds left.
|inactive|vjojn has 15 seconds left.
|
|t:|1750833886
|move|p2a: Groudon|Protect|p2a: Groudon
|-singleturn|p2a: Groudon|Protect
|move|p1a: Koraidon|Flame Charge|p2b: Alcremie
|-damage|p2b: Alcremie|73/100
|-boost|p1a: Koraidon|spe|1
|-damage|p1a: Koraidon|63/100|[from] item: Life Orb
|move|p1b: Flutter Mane|Moonblast|p2a: Groudon
|-activate|p2a: Groudon|move: Protect
|move|p2b: Alcremie|Giga Drain|p1b: Flutter Mane
|-damage|p1b: Flutter Mane|82/100
|-heal|p2b: Alcremie|80/100|[from] drain|[of] p1b: Flutter Mane
|
|-heal|p2a: Groudon|36/100|[from] item: Leftovers
|upkeep
|turn|7
|inactive|TinaBelcher3 has 30 seconds left.
|inactive|TinaBelcher3 has 20 seconds left.
|
|t:|1750833921
|move|p1a: Koraidon|Protect|p1a: Koraidon
|-singleturn|p1a: Koraidon|Protect
|move|p1b: Flutter Mane|Moonblast|p2a: Groudon
|-damage|p2a: Groudon|0 fnt
|faint|p2a: Groudon
|move|p2b: Alcremie|Giga Drain|p1b: Flutter Mane
|-damage|p1b: Flutter Mane|63/100
|-heal|p2b: Alcremie|87/100|[from] drain|[of] p1b: Flutter Mane
|
|upkeep
|
|t:|1750833940
|switch|p2a: Calyrex|Calyrex-Shadow, L50|100/100
|-ability|p2a: Calyrex|As One
|-ability|p2a: Calyrex|Unnerve
|turn|8
|inactive|vjojn has 30 seconds left.
|
|t:|1750833966
|move|p2b: Alcremie|Helping Hand|p2a: Calyrex
|-singleturn|p2a: Calyrex|Helping Hand|[of] p2b: Alcremie
|move|p1a: Koraidon|Flare Blitz|p2a: Calyrex
|-damage|p2a: Calyrex|26/100
|-damage|p1a: Koraidon|39/100|[from] Recoil
|-damage|p1a: Koraidon|30/100|[from] item: Life Orb
|move|p2a: Calyrex|Astral Barrage|p1b: Flutter Mane|[spread] p1a,p1b
|-supereffective|p1b: Flutter Mane
|-damage|p1a: Koraidon|0 fnt
|-damage|p1b: Flutter Mane|0 fnt
|faint|p1a: Koraidon
|faint|p1b: Flutter Mane
|-end|p1b: Flutter Mane|Protosynthesis|[silent]
|-damage|p2a: Calyrex|16/100|[from] item: Life Orb
|
|win|TinaBelcher3
|raw|vjojn's rating: 1212 &rarr; <strong>1182</strong><br />(-30 for losing)
|raw|TinaBelcher3's rating: 1146 &rarr; <strong>1176</strong><br />(+30 for winning)
|l|☆vjojn
|player|p1|
|l|☆TinaBelcher3
|player|p2|
