|j|☆gm0ney23
|j|☆StarmanWilliam
|t:|1750774815
|gametype|doubles
|player|p1|gm0ney23|morty|1403
|player|p2|StarmanWilliam|2|1352
|teamsize|p1|6
|teamsize|p2|6
|gen|9
|tier|[Gen 9] VGC 2025 Reg I
|rated|
|rule|Species Clause: Limit one of each Pokémon
|rule|Item Clause: Limit 1 of each item
|clearpoke
|poke|p1|Miraidon, L50|
|poke|p1|Porygon2, L50|
|poke|p1|Entei, L50|
|poke|p1|Sableye, L50, M|
|poke|p1|Kyogre, L50|
|poke|p1|Flutter Mane, L50|
|poke|p2|Dialga-Origin, L50|
|poke|p2|Ursaluna, L50, F|
|poke|p2|Miraidon, L50|
|poke|p2|Flygon, L50, M|
|poke|p2|Ogerpon-Wellspring, L50, F|
|poke|p2|Incineroar, L50, M|
|teampreview|4
|inactive|Battle timer is ON: inactive players will automatically lose when time's up. (requested by gm0ney23)
|
|t:|1750774841
|start
|switch|p1a: Kyogre|Kyogre, L50|100/100
|switch|p1b: Sableye|Sableye, L50, M, shiny|100/100
|switch|p2a: Miraidon|Miraidon, L50|100/100
|switch|p2b: Flygon|Flygon, L50, M|100/100
|-fieldstart|move: Electric Terrain|[from] ability: Hadron Engine|[of] p2a: Miraidon
|-weather|RainDance|[from] ability: Drizzle|[of] p1a: Kyogre
|turn|1
|
|t:|1750774854
|move|p1a: Kyogre|Protect|p1a: Kyogre
|-singleturn|p1a: Kyogre|Protect
|move|p1b: Sableye|Light Screen|p1b: Sableye
|-sidestart|p1: gm0ney23|move: Light Screen
|move|p2a: Miraidon|Discharge|p1a: Kyogre|[spread] p1b
|-activate|p1a: Kyogre|move: Protect
|-immune|p2b: Flygon
|-damage|p1b: Sableye|56/100
|move|p2b: Flygon|Dragon Cheer|p2a: Miraidon
|-start|p2a: Miraidon|move: Dragon Cheer
|
|-weather|RainDance|[upkeep]
|upkeep
|turn|2
|
|t:|1750774877
|-terastallize|p1a: Kyogre|Grass
|move|p2b: Flygon|Helping Hand|p2a: Miraidon
|-singleturn|p2a: Miraidon|Helping Hand|[of] p2b: Flygon
|move|p1b: Sableye|Quash|p2a: Miraidon
|-activate|p2a: Miraidon|move: Quash
|move|p1a: Kyogre|Ice Beam|p2a: Miraidon
|-supereffective|p2a: Miraidon
|-damage|p2a: Miraidon|62/100
|-status|p2a: Miraidon|frz
|cant|p2a: Miraidon|frz
|
|-weather|RainDance|[upkeep]
|upkeep
|turn|3
|
|t:|1750774896
|switch|p2b: Dialga|Dialga-Origin, L50|100/100
|switch|p1b: Miraidon|Miraidon, L50|100/100
|-activate|p1b: Miraidon|ability: Hadron Engine
|cant|p2a: Miraidon|frz
|move|p1a: Kyogre|Ice Beam|p2b: Dialga
|-damage|p2b: Dialga|70/100
|
|-weather|RainDance|[upkeep]
|upkeep
|turn|4
|
|t:|1750774921
|-terastallize|p2a: Miraidon|Fairy
|move|p1b: Miraidon|Draco Meteor|p2b: Dialga
|-damage|p2b: Dialga|0 fnt
|-unboost|p1b: Miraidon|spa|2
|faint|p2b: Dialga
|cant|p2a: Miraidon|frz
|move|p1a: Kyogre|Ice Beam|p2a: Miraidon
|-damage|p2a: Miraidon|45/100 frz
|
|-weather|RainDance|[upkeep]
|upkeep
|
|t:|1750774932
|switch|p2b: Flygon|Flygon, L50, M|100/100
|turn|5
|
|t:|1750774943
|switch|p1b: Sableye|Sableye, L50, M, shiny|56/100
|cant|p2a: Miraidon|frz
|move|p2b: Flygon|Earth Power|p1b: Sableye
|-damage|p1b: Sableye|23/100
|move|p1a: Kyogre|Origin Pulse|p2a: Miraidon|[spread] p2a,p2b
|-damage|p2a: Miraidon|5/100 frz
|-damage|p2b: Flygon|13/100
|
|-weather|none
|-fieldend|move: Electric Terrain
|upkeep
|turn|6
|
|t:|1750774957
|move|p2b: Flygon|Helping Hand|p2a: Miraidon
|-singleturn|p2a: Miraidon|Helping Hand|[of] p2b: Flygon
|move|p1b: Sableye|Quash|p2a: Miraidon
|-activate|p2a: Miraidon|move: Quash
|move|p1a: Kyogre|Origin Pulse|p2b: Flygon|[spread] p2a,p2b
|-damage|p2a: Miraidon|0 fnt
|-damage|p2b: Flygon|0 fnt
|faint|p2a: Miraidon
|faint|p2b: Flygon
|
|upkeep
|
|t:|1750774964
|switch|p2b: Ursaluna|Ursaluna, L50, F|100/100
|turn|7
|-message|StarmanWilliam forfeited.
|
|win|gm0ney23
|raw|gm0ney23's rating: 1403 &rarr; <strong>1420</strong><br />(+17 for winning)
|raw|StarmanWilliam's rating: 1352 &rarr; <strong>1335</strong><br />(-17 for losing)
|l|☆StarmanWilliam
|player|p2|
|l|☆gm0ney23
|player|p1|
