|j|☆tzfmndf03
|j|☆fleta gaga supreme
|t:|1750853556
|gametype|doubles
|player|p1|tzfmndf03|169|1422
|player|p2|fleta gaga supreme|lusamine-nihilego|1445
|teamsize|p1|6
|teamsize|p2|6
|gen|9
|tier|[Gen 9] VGC 2025 Reg I
|rated|
|rule|Species Clause: Limit one of each Pokémon
|rule|Item Clause: Limit 1 of each item
|clearpoke
|poke|p1|Muk-Alola, L50, F|
|poke|p1|Smeargle, L50, F|
|poke|p1|Ditto, L50|
|poke|p1|Calyrex-Shadow, L50|
|poke|p1|Whimsicott, L50, M|
|poke|p1|Miraidon, L50|
|poke|p2|Zamazenta-*, L50|
|poke|p2|Calyrex-Shadow, L50|
|poke|p2|Tornadus, L50, M|
|poke|p2|Raging Bolt, L50|
|poke|p2|Rillaboom, L50, M|
|poke|p2|Smeargle, L50, M|
|teampreview|4
|inactive|Battle timer is ON: inactive players will automatically lose when time's up. (requested by fleta gaga supreme)
|inactive|fleta gaga supreme has 60 seconds left.
|
|t:|1750853593
|start
|switch|p1a: God Call Me God|Muk-Alola, L50, F|100/100
|switch|p1b: God|Smeargle, L50, F|100/100
|switch|p2a: Zamazenta|Zamazenta-Crowned, L50|100/100
|switch|p2b: Smeargle|Smeargle, L50, M|100/100
|-ability|p2a: Zamazenta|Dauntless Shield|boost
|-boost|p2a: Zamazenta|def|1
|turn|1
|c|☆fleta gaga supreme|please
|
|t:|1750853620
|move|p1b: God|Fake Out|p2b: Smeargle
|-damage|p2b: Smeargle|85/100
|cant|p2b: Smeargle|flinch
|move|p2a: Zamazenta|Body Press|p1b: God
|-supereffective|p1b: God
|-enditem|p1b: God|Focus Sash
|-damage|p1b: God|1/100
|move|p1a: God Call Me God|Knock Off|p2b: Smeargle
|-damage|p2b: Smeargle|12/100
|-enditem|p2b: Smeargle|Focus Sash|[from] move: Knock Off|[of] p1a: God Call Me God
|
|-ability|p2b: Smeargle|Moody|boost
|-boost|p2b: Smeargle|spd|2
|-unboost|p2b: Smeargle|atk|1
|-ability|p1b: God|Moody|boost
|-boost|p1b: God|def|2
|-unboost|p1b: God|spe|1
|upkeep
|turn|2
|
|t:|1750853644
|move|p1b: God|Follow Me|p1b: God
|-singleturn|p1b: God|move: Follow Me
|move|p2a: Zamazenta|Heavy Slam|p1b: God
|-damage|p1b: God|0 fnt
|faint|p1b: God
|-ability|p1a: God Call Me God|Moody|[from] ability: Power of Alchemy|[of] p1b: God
|move|p2b: Smeargle|Spore|p1a: God Call Me God
|-status|p1a: God Call Me God|slp|[from] move: Spore
|cant|p1a: God Call Me God|slp
|
|-ability|p2b: Smeargle|Moody|boost
|-boost|p2b: Smeargle|spa|2
|-unboost|p2b: Smeargle|spd|1
|-ability|p1a: God Call Me God|Moody|boost
|-boost|p1a: God Call Me God|def|2
|-unboost|p1a: God Call Me God|spd|1
|upkeep
|
|t:|1750853652
|switch|p1b: Ditto|Ditto, L50|100/100
|-transform|p1b: Ditto|p2a: Zamazenta|[from] ability: Imposter
|-ability|p1b: Ditto|Dauntless Shield|boost
|-boost|p1b: Ditto|def|1
|turn|3
|inactive|tzfmndf03 has 30 seconds left.
|inactive|fleta gaga supreme has 30 seconds left.
|inactive|fleta gaga supreme has 20 seconds left.
|inactive|fleta gaga supreme has 15 seconds left.
|inactive|fleta gaga supreme has 10 seconds left.
|
|t:|1750853700
|switch|p2b: Rillaboom|Rillaboom, L50, M|100/100
|-fieldstart|move: Grassy Terrain|[from] ability: Grassy Surge|[of] p2b: Rillaboom
|-terastallize|p2a: Zamazenta|Grass
|move|p1b: Ditto|Body Press|p2b: Rillaboom
|-crit|p2b: Rillaboom
|-damage|p2b: Rillaboom|0 fnt
|faint|p2b: Rillaboom
|move|p2a: Zamazenta|Body Press|p1a: God Call Me God
|-damage|p1a: God Call Me God|71/100 slp
|cant|p1a: God Call Me God|slp
|
|-heal|p1a: God Call Me God|76/100 slp|[from] Grassy Terrain
|-ability|p1a: God Call Me God|Moody|boost
|-boost|p1a: God Call Me God|atk|2
|-unboost|p1a: God Call Me God|def|1
|upkeep
|
|t:|1750853717
|switch|p2b: Smeargle|Smeargle, L50, M|12/100
|turn|4
|
|t:|1750853728
|move|p1b: Ditto|Protect|p1b: Ditto
|-singleturn|p1b: Ditto|Protect
|move|p2b: Smeargle|Fake Out|p1b: Ditto
|-activate|p1b: Ditto|move: Protect
|move|p2a: Zamazenta|Body Press|p1a: God Call Me God
|-damage|p1a: God Call Me God|39/100 slp
|-curestatus|p1a: God Call Me God|slp|[msg]
|move|p1a: God Call Me God|Minimize|p1a: God Call Me God
|-boost|p1a: God Call Me God|evasion|2
|
|-heal|p2b: Smeargle|18/100|[from] Grassy Terrain
|-heal|p1a: God Call Me God|45/100|[from] Grassy Terrain
|-ability|p2b: Smeargle|Moody|boost
|-boost|p2b: Smeargle|def|2
|-unboost|p2b: Smeargle|atk|1
|-ability|p1a: God Call Me God|Moody|boost
|-boost|p1a: God Call Me God|atk|2
|-unboost|p1a: God Call Me God|spa|1
|upkeep
|turn|5
|inactive|fleta gaga supreme has 30 seconds left.
|inactive|fleta gaga supreme has 20 seconds left.
|
|t:|1750853766
|move|p1b: Ditto|Body Press|p2b: Smeargle
|-supereffective|p2b: Smeargle
|-damage|p2b: Smeargle|0 fnt
|faint|p2b: Smeargle
|move|p2a: Zamazenta|Body Press|p1a: God Call Me God|[miss]
|-miss|p2a: Zamazenta|p1a: God Call Me God
|move|p1a: God Call Me God|Minimize|p1a: God Call Me God
|-boost|p1a: God Call Me God|evasion|2
|
|-heal|p1a: God Call Me God|51/100|[from] Grassy Terrain
|-ability|p1a: God Call Me God|Moody|boost
|-boost|p1a: God Call Me God|spa|2
|-unboost|p1a: God Call Me God|def|1
|upkeep
|
|t:|1750853771
|switch|p2b: Calyrex|Calyrex-Shadow, L50|100/100
|-ability|p2b: Calyrex|As One
|-ability|p2b: Calyrex|Unnerve
|turn|6
|
|t:|1750853788
|move|p2b: Calyrex|Protect|p2b: Calyrex
|-singleturn|p2b: Calyrex|Protect
|move|p1b: Ditto|Wide Guard|p1b: Ditto
|-singleturn|p1b: Ditto|Wide Guard
|move|p2a: Zamazenta|Heavy Slam|p1a: God Call Me God
|-damage|p1a: God Call Me God|0 fnt
|faint|p1a: God Call Me God
|
|upkeep
|
|t:|1750853792
|switch|p1a: NUCLEAR|Calyrex-Shadow, L50|100/100
|-ability|p1a: NUCLEAR|As One
|-ability|p1a: NUCLEAR|Unnerve
|turn|7
|inactive|tzfmndf03 has 30 seconds left.
|inactive|tzfmndf03 has 20 seconds left.
|
|t:|1750853831
|move|p1a: NUCLEAR|Protect|p1a: NUCLEAR
|-singleturn|p1a: NUCLEAR|Protect
|move|p2a: Zamazenta|Wide Guard|p2a: Zamazenta
|-singleturn|p2a: Zamazenta|Wide Guard
|move|p2b: Calyrex|Psychic|p1a: NUCLEAR
|-activate|p1a: NUCLEAR|move: Protect
|move|p1b: Ditto|Body Press|p2a: Zamazenta
|-damage|p2a: Zamazenta|68/100
|
|-heal|p2a: Zamazenta|73/100|[from] Grassy Terrain
|-fieldend|move: Grassy Terrain
|upkeep
|turn|8
|inactive|tzfmndf03 has 30 seconds left.
|inactive|fleta gaga supreme has 30 seconds left.
|
|t:|1750853864
|-terastallize|p1a: NUCLEAR|Grass
|move|p2b: Calyrex|Astral Barrage|p1a: NUCLEAR|[spread] p1a,p1b
|-damage|p1a: NUCLEAR|23/100
|-damage|p1b: Ditto|37/100
|-damage|p2b: Calyrex|91/100|[from] item: Life Orb
|move|p1a: NUCLEAR|Giga Drain|p2b: Calyrex
|-damage|p2b: Calyrex|44/100
|-heal|p1a: NUCLEAR|48/100|[from] drain|[of] p2b: Calyrex
|move|p2a: Zamazenta|Heavy Slam|p1a: NUCLEAR
|-damage|p1a: NUCLEAR|0 fnt
|faint|p1a: NUCLEAR
|move|p1b: Ditto|Body Press|p2a: Zamazenta
|-damage|p2a: Zamazenta|36/100
|
|upkeep
|turn|9
|inactive|tzfmndf03 has 30 seconds left.
|inactive|fleta gaga supreme has 30 seconds left.
|-message|tzfmndf03 forfeited.
|
|win|fleta gaga supreme
|raw|tzfmndf03's rating: 1422 &rarr; <strong>1403</strong><br />(-19 for losing)
|raw|fleta gaga supreme's rating: 1445 &rarr; <strong>1464</strong><br />(+19 for winning)
|l|☆tzfmndf03
|player|p1|
|l|☆fleta gaga supreme
|player|p2|
