|j|☆parapapa123
|j|☆NegaiFreak
|t:|1750855050
|gametype|doubles
|player|p1|parapapa123|265|1399
|player|p2|NegaiFreak|101|1382
|teamsize|p1|6
|teamsize|p2|6
|gen|9
|tier|[Gen 9] VGC 2025 Reg I
|rated|
|rule|Species Clause: Limit one of each Pokémon
|rule|Item Clause: Limit 1 of each item
|clearpoke
|poke|p1|Calyrex-Ice, L50|
|poke|p1|Landorus, L50, M|
|poke|p1|Urshifu-*, L50, M|
|poke|p1|Farigiraf, L50, M|
|poke|p1|Miraidon, L50|
|poke|p1|Incineroar, L50, F|
|poke|p2|Lunala, L50|
|poke|p2|Koraidon, L50|
|poke|p2|Flutter Mane, L50|
|poke|p2|Farigiraf, L50, M|
|poke|p2|Incineroar, L50, F|
|poke|p2|Rillaboom, L50, M|
|teampreview|4
NegaiFreak has agreed to open team sheets.
|c|☆NegaiFreak|GLHF
|
|t:|1750855090
|start
|switch|p1a: Miraidon|Miraidon, L50|100/100
|switch|p1b: Landorus|Landorus, L50, M|100/100
|switch|p2a: Lunala|Lunala, L50|100/100
|switch|p2b: Rillaboom|Rillaboom, L50, M|100/100
|-fieldstart|move: Electric Terrain|[from] ability: Hadron Engine|[of] p1a: Miraidon
|-fieldstart|move: Grassy Terrain|[from] ability: Grassy Surge|[of] p2b: Rillaboom
|turn|1
|inactive|Battle timer is ON: inactive players will automatically lose when time's up. (requested by parapapa123)
|
|t:|1750855121
|switch|p1a: Farigiraf|Farigiraf, L50, M|100/100
|move|p1b: Landorus|Sludge Bomb|p2b: Rillaboom
|-supereffective|p2b: Rillaboom
|-damage|p2b: Rillaboom|34/100
|move|p2a: Lunala|Calm Mind|p2a: Lunala
|-boost|p2a: Lunala|spa|1
|-boost|p2a: Lunala|spd|1
|move|p2b: Rillaboom|U-turn|p1a: Farigiraf
|-supereffective|p1a: Farigiraf
|-damage|p1a: Farigiraf|52/100
|
|t:|1750855135
|switch|p2b: Koraidon|Koraidon, L50|100/100|[from] U-turn
|-weather|SunnyDay|[from] ability: Orichalcum Pulse|[of] p2b: Koraidon
|-activate|p2b: Koraidon|Orichalcum Pulse|[source]
|
|-weather|SunnyDay|[upkeep]
|-heal|p1a: Farigiraf|58/100|[from] Grassy Terrain
|upkeep
|turn|2
|inactive|NegaiFreak has 30 seconds left.
|inactive|NegaiFreak has 20 seconds left.
|
|t:|1750855170
|-terastallize|p2b: Koraidon|Fire
|move|p1b: Landorus|Protect|p1b: Landorus
|-singleturn|p1b: Landorus|Protect
|move|p2b: Koraidon|Flame Charge|p1b: Landorus
|-activate|p1b: Landorus|move: Protect
|move|p2a: Lunala|Moongeist Beam|p1b: Landorus
|-activate|p1b: Landorus|move: Protect
|move|p1a: Farigiraf|Foul Play|p2a: Lunala
|-supereffective|p2a: Lunala
|-damage|p2a: Lunala|73/100
|
|-weather|SunnyDay|[upkeep]
|-heal|p2a: Lunala|79/100|[from] Grassy Terrain
|-heal|p2a: Lunala|85/100|[from] item: Leftovers
|-heal|p1a: Farigiraf|64/100|[from] Grassy Terrain
|upkeep
|turn|3
|inactive|parapapa123 has 30 seconds left.
|inactive|NegaiFreak has 30 seconds left.
|
|t:|1750855202
|move|p2b: Koraidon|Flame Charge|p1a: Farigiraf
|-damage|p1a: Farigiraf|0 fnt
|-boost|p2b: Koraidon|spe|1
|faint|p1a: Farigiraf
|-damage|p2b: Koraidon|91/100|[from] item: Life Orb
|move|p1b: Landorus|Sandsear Storm|p2a: Lunala|[spread] p2a,p2b
|-supereffective|p2b: Koraidon
|-damage|p2a: Lunala|56/100
|-damage|p2b: Koraidon|0 fnt
|faint|p2b: Koraidon
|move|p2a: Lunala|Moongeist Beam|p1b: Landorus
|-crit|p1b: Landorus
|-damage|p1b: Landorus|0 fnt
|faint|p1b: Landorus
|
|-weather|SunnyDay|[upkeep]
|-heal|p2a: Lunala|62/100|[from] Grassy Terrain
|-heal|p2a: Lunala|68/100|[from] item: Leftovers
|upkeep
|
|t:|1750855224
|switch|p2b: Rillaboom|Rillaboom, L50, M|34/100
|switch|p1b: Miraidon|Miraidon, L50|100/100
|switch|p1a: Calyrex|Calyrex-Ice, L50|100/100
|-ability|p1a: Calyrex|As One
|-ability|p1a: Calyrex|Unnerve
|-fieldstart|move: Electric Terrain|[from] ability: Hadron Engine|[of] p1b: Miraidon
|-fieldstart|move: Grassy Terrain|[from] ability: Grassy Surge|[of] p2b: Rillaboom
|turn|4
|
|t:|1750855242
|-terastallize|p1a: Calyrex|Water
|move|p2b: Rillaboom|Fake Out|p1b: Miraidon
|-damage|p1b: Miraidon|86/100
|cant|p1b: Miraidon|flinch
|move|p2a: Lunala|Moongeist Beam|p1b: Miraidon
|-damage|p1b: Miraidon|17/100
|move|p1a: Calyrex|Glacial Lance|p2b: Rillaboom|[spread] p2a,p2b
|-supereffective|p2b: Rillaboom
|-damage|p2a: Lunala|33/100
|-damage|p2b: Rillaboom|0 fnt
|faint|p2b: Rillaboom
|-ability|p1a: Calyrex|Chilling Neigh|boost
|-boost|p1a: Calyrex|atk|1
|
|-weather|SunnyDay|[upkeep]
|-heal|p1b: Miraidon|23/100|[from] Grassy Terrain
|-heal|p2a: Lunala|39/100|[from] Grassy Terrain
|-heal|p2a: Lunala|45/100|[from] item: Leftovers
|upkeep
|
|t:|1750855262
|switch|p2b: Farigiraf|Farigiraf, L50, M|100/100
|turn|5
|
|t:|1750855276
|move|p1b: Miraidon|Electro Drift|p2a: Lunala
|-damage|p2a: Lunala|4/100
|move|p2a: Lunala|Moongeist Beam|p1a: Calyrex
|-damage|p1a: Calyrex|48/100
|move|p2b: Farigiraf|Hyper Voice|p1a: Calyrex|[spread] p1a,p1b
|-damage|p1a: Calyrex|30/100
|-damage|p1b: Miraidon|0 fnt
|faint|p1b: Miraidon
|-enditem|p2b: Farigiraf|Throat Spray
|-boost|p2b: Farigiraf|spa|1|[from] item: Throat Spray
|move|p1a: Calyrex|Leech Seed|p2b: Farigiraf
|-start|p2b: Farigiraf|move: Leech Seed
|
|-weather|none
|-heal|p2a: Lunala|11/100|[from] Grassy Terrain
|-heal|p2a: Lunala|17/100|[from] item: Leftovers
|-heal|p1a: Calyrex|36/100|[from] Grassy Terrain
|-heal|p1a: Calyrex|42/100|[from] item: Leftovers
|-damage|p2b: Farigiraf|88/100|[from] Leech Seed|[of] p1a: Calyrex
|-heal|p1a: Calyrex|56/100|[silent]
|upkeep
|turn|6
|inactive|parapapa123 has 30 seconds left.
|inactive|NegaiFreak has 30 seconds left.
|inactive|parapapa123 has 20 seconds left.
|inactive|parapapa123 has 15 seconds left.
|
|t:|1750855317
|move|p2a: Lunala|Moongeist Beam|p1a: Calyrex
|-damage|p1a: Calyrex|0 fnt
|faint|p1a: Calyrex
|
|win|NegaiFreak
|raw|parapapa123's rating: 1399 &rarr; <strong>1378</strong><br />(-21 for losing)
|raw|NegaiFreak's rating: 1382 &rarr; <strong>1403</strong><br />(+21 for winning)
|l|☆parapapa123
|player|p1|
|c|☆NegaiFreak|GG, WP
