|j|☆Imnewnobully
|j|☆Dannythore
|t:|1750864852
|gametype|doubles
|player|p1|Imnewnobully|170|1192
|player|p2|Dannythore|169|1121
|teamsize|p1|6
|teamsize|p2|6
|gen|9
|tier|[Gen 9] VGC 2025 Reg I
|rated|
|rule|Species Clause: Limit one of each Pokémon
|rule|Item Clause: Limit 1 of each item
|clearpoke
|poke|p1|Mudsdale, L50, M|
|poke|p1|Hariyama, L50, M|
|poke|p1|Dialga, L50|
|poke|p1|Indeedee-F, L50, F|
|poke|p1|Lunala, L50|
|poke|p1|Incineroar, L50, F|
|poke|p2|Whimsicott, L50, M|
|poke|p2|Kyogre, L50|
|poke|p2|Tornadus, L50, M|
|poke|p2|Chi-Yu, L50|
|poke|p2|Koraidon, L50|
|poke|p2|Weezing-Galar, L50, M|
|teampreview|4
|inactive|Battle timer is ON: inactive players will automatically lose when time's up. (requested by Dannythore)
|inactive|Imnewnobully has 60 seconds left.
|
|t:|1750864912
|start
|switch|p1a: Hariyama|Hariyama, L50, M|100/100
|switch|p1b: Lunala|Lunala, L50|100/100
|switch|p2a: Kyogre|Kyogre, L50|100/100
|switch|p2b: Tornadus|Tornadus, L50, M|100/100
|-weather|RainDance|[from] ability: Drizzle|[of] p2a: Kyogre
|turn|1
|inactive|Dannythore has 30 seconds left.
|
|t:|1750864945
|move|p1a: Hariyama|Wide Guard|p1a: Hariyama
|-singleturn|p1a: Hariyama|Wide Guard
|move|p2a: Kyogre|Water Spout|p1b: Lunala|[spread] 
|-activate|p1a: Hariyama|move: Wide Guard
|-activate|p1b: Lunala|move: Wide Guard
|move|p2b: Tornadus|Bleakwind Storm|p1b: Lunala|[spread] 
|-activate|p1a: Hariyama|move: Wide Guard
|-activate|p1b: Lunala|move: Wide Guard
|move|p1b: Lunala|Trick Room|p1b: Lunala
|-fieldstart|move: Trick Room|[of] p1b: Lunala
|
|-weather|RainDance|[upkeep]
|upkeep
|turn|2
|inactive|Imnewnobully has 30 seconds left.
|
|t:|1750864979
|move|p1b: Lunala|Wide Guard|p1b: Lunala
|-singleturn|p1b: Lunala|Wide Guard
|move|p1a: Hariyama|Smack Down|p2b: Tornadus
|-supereffective|p2b: Tornadus
|-damage|p2b: Tornadus|45/100
|-start|p2b: Tornadus|Smack Down
|-damage|p1a: Hariyama|91/100|[from] item: Life Orb
|move|p2b: Tornadus|Bleakwind Storm|p1a: Hariyama|[spread] 
|-activate|p1a: Hariyama|move: Wide Guard
|-activate|p1b: Lunala|move: Wide Guard
|move|p2a: Kyogre|Water Spout|p1a: Hariyama|[spread] 
|-activate|p1a: Hariyama|move: Wide Guard
|-activate|p1b: Lunala|move: Wide Guard
|
|-weather|RainDance|[upkeep]
|upkeep
|turn|3
|inactive|Dannythore has 30 seconds left.
|inactive|Dannythore has 20 seconds left.
|
|t:|1750865014
|move|p1b: Lunala|Wide Guard|p1b: Lunala
|-singleturn|p1b: Lunala|Wide Guard
|move|p2b: Tornadus|Taunt|p1a: Hariyama
|-start|p1a: Hariyama|move: Taunt
|move|p1a: Hariyama|Smack Down|p2b: Tornadus
|-supereffective|p2b: Tornadus
|-damage|p2b: Tornadus|0 fnt
|faint|p2b: Tornadus
|-damage|p1a: Hariyama|81/100|[from] item: Life Orb
|move|p2a: Kyogre|Thunder|p1b: Lunala
|-damage|p1b: Lunala|84/100
|-status|p1b: Lunala|par
|
|-weather|RainDance|[upkeep]
|upkeep
|
|t:|1750865025
|switch|p2b: Whimsicott|Whimsicott, L50, M|100/100
|turn|4
|inactive|Imnewnobully has 30 seconds left.
|inactive|Imnewnobully has 20 seconds left.
|
|t:|1750865065
|cant|p1b: Lunala|par
|move|p2b: Whimsicott|Encore|p1b: Lunala
|-start|p1b: Lunala|Encore
|move|p1a: Hariyama|Headlong Rush|p2a: Kyogre
|-damage|p2a: Kyogre|39/100
|-unboost|p1a: Hariyama|def|1
|-unboost|p1a: Hariyama|spd|1
|-damage|p1a: Hariyama|71/100|[from] item: Life Orb
|move|p2a: Kyogre|Thunder|p1a: Hariyama
|-damage|p1a: Hariyama|0 fnt
|faint|p1a: Hariyama
|
|-weather|RainDance|[upkeep]
|upkeep
|
|t:|1750865083
|switch|p1a: Dialga|Dialga, L50|100/100
|turn|5
|
|t:|1750865106
|switch|p1b: Mudsdale|Mudsdale, L50, M|100/100
|move|p2a: Kyogre|Protect|p2a: Kyogre
|-singleturn|p2a: Kyogre|Protect
|move|p2b: Whimsicott|Fake Tears|p1a: Dialga
|-unboost|p1a: Dialga|spd|2
|move|p1a: Dialga|Flash Cannon|p2b: Whimsicott
|-supereffective|p2b: Whimsicott
|-enditem|p2b: Whimsicott|Focus Sash
|-damage|p2b: Whimsicott|1/100
|
|-weather|none
|-fieldend|move: Trick Room
|upkeep
|turn|6
|
|t:|1750865125
|-terastallize|p1b: Mudsdale|Grass
|move|p2b: Whimsicott|Fake Tears|p1a: Dialga
|-unboost|p1a: Dialga|spd|2
|move|p2a: Kyogre|Origin Pulse|p1a: Dialga|[spread] p1a,p1b
|-resisted|p1a: Dialga
|-resisted|p1b: Mudsdale
|-damage|p1a: Dialga|40/100
|-damage|p1b: Mudsdale|79/100
|move|p1b: Mudsdale|Earthquake|p2a: Kyogre|[spread] p2a,p2b
|-activate|p1a: Dialga|ability: Telepathy
|-resisted|p2b: Whimsicott
|-damage|p2a: Kyogre|0 fnt
|-damage|p2b: Whimsicott|0 fnt
|faint|p2a: Kyogre
|faint|p2b: Whimsicott
|move|p1a: Dialga|Trick Room|p1a: Dialga
|-fieldstart|move: Trick Room|[of] p1a: Dialga
|
|upkeep
|
|t:|1750865133
|switch|p2b: Chi-Yu|Chi-Yu, L50|100/100
|-ability|p2b: Chi-Yu|Beads of Ruin
|turn|7
|
|t:|1750865146
|-terastallize|p2b: Chi-Yu|Ghost
|move|p1b: Mudsdale|Earthquake|p2b: Chi-Yu|[spread] p2b
|-activate|p1a: Dialga|ability: Telepathy
|-damage|p2b: Chi-Yu|5/100
|move|p1a: Dialga|Flash Cannon|p2b: Chi-Yu
|-damage|p2b: Chi-Yu|0 fnt
|faint|p2b: Chi-Yu
|
|win|Imnewnobully
|raw|Imnewnobully's rating: 1192 &rarr; <strong>1212</strong><br />(+20 for winning)
|raw|Dannythore's rating: 1121 &rarr; <strong>1101</strong><br />(-20 for losing)
|l|☆Dannythore
|player|p2|
