|j|☆pixelfx
|j|☆JackoEk11
|t:|1750791057
|gametype|doubles
|player|p1|pixelfx|shauntal|1619
|player|p2|JackoEk11|102|1615
|teamsize|p1|6
|teamsize|p2|6
|gen|9
|tier|[Gen 9] VGC 2025 Reg I
|rated|
|rule|Species Clause: Limit one of each Pokémon
|rule|Item Clause: Limit 1 of each item
|clearpoke
|poke|p1|Lunala, L50|
|poke|p1|Miraidon, L50|
|poke|p1|Incineroar, L50, F|
|poke|p1|Rillaboom, L50, M|
|poke|p1|Grimmsnarl, L50, M|
|poke|p1|Ogerpon-Cornerstone, L50, F|
|poke|p2|Miraidon, L50|
|poke|p2|Lunala, L50|
|poke|p2|Incineroar, L50, F|
|poke|p2|Grimmsnarl, L50, M|
|poke|p2|Iron Valiant, L50|
|poke|p2|Ogerpon-Hearthflame, L50, F|
|teampreview|4
|
|t:|1750791087
|start
|switch|p1a: Lunala|Lunala, L50|100/100
|switch|p1b: Rillaboom|Rillaboom, L50, M|100/100
|switch|p2a: Miraidon|Miraidon, L50|100/100
|switch|p2b: Incineroar|Incineroar, L50, F|100/100
|-fieldstart|move: Electric Terrain|[from] ability: Hadron Engine|[of] p2a: Miraidon
|-fieldstart|move: Grassy Terrain|[from] ability: Grassy Surge|[of] p1b: Rillaboom
|-ability|p2b: Incineroar|Intimidate|boost
|-unboost|p1a: Lunala|atk|1
|-unboost|p1b: Rillaboom|atk|1
|turn|1
|
|t:|1750791109
|move|p1b: Rillaboom|Fake Out|p2b: Incineroar
|-damage|p2b: Incineroar|93/100
|-damage|p1b: Rillaboom|84/100|[from] item: Rocky Helmet|[of] p2b: Incineroar
|move|p2a: Miraidon|Volt Switch|p1a: Lunala
|-damage|p1a: Lunala|81/100
|
|t:|1750791113
|switch|p2a: Ogerpon|Ogerpon-Hearthflame, L50, F|100/100|[from] Volt Switch
|-ability|p2a: Ogerpon|Mold Breaker
|move|p1a: Lunala|Calm Mind|p1a: Lunala
|-boost|p1a: Lunala|spa|1
|-boost|p1a: Lunala|spd|1
|cant|p2b: Incineroar|flinch
|
|-heal|p1b: Rillaboom|90/100|[from] Grassy Terrain
|-heal|p1a: Lunala|87/100|[from] Grassy Terrain
|-heal|p1a: Lunala|93/100|[from] item: Leftovers
|-heal|p2b: Incineroar|99/100|[from] Grassy Terrain
|upkeep
|turn|2
|
|t:|1750791140
|switch|p1b: Incineroar|Incineroar, L50, F|100/100
|-ability|p1b: Incineroar|Intimidate|boost
|-unboost|p2a: Ogerpon|atk|1
|-unboost|p2b: Incineroar|atk|1
|-terastallize|p1a: Lunala|Fairy
|move|p2a: Ogerpon|Ivy Cudgel|p1b: Incineroar|[anim] Ivy Cudgel Fire
|-resisted|p1b: Incineroar
|-damage|p1b: Incineroar|83/100
|move|p1a: Lunala|Moongeist Beam|p2a: Ogerpon
|-damage|p2a: Ogerpon|9/100
|move|p2b: Incineroar|Knock Off|p1a: Lunala
|-resisted|p1a: Lunala
|-damage|p1a: Lunala|84/100
|-enditem|p1a: Lunala|Leftovers|[from] move: Knock Off|[of] p2b: Incineroar
|
|-heal|p2a: Ogerpon|16/100|[from] Grassy Terrain
|-heal|p1a: Lunala|90/100|[from] Grassy Terrain
|-heal|p1b: Incineroar|89/100|[from] Grassy Terrain
|-heal|p2b: Incineroar|100/100|[from] Grassy Terrain
|upkeep
|turn|3
|inactive|Battle timer is ON: inactive players will automatically lose when time's up. (requested by JackoEk11)
|
|t:|1750791173
|move|p2a: Ogerpon|Spiky Shield|p2a: Ogerpon
|-singleturn|p2a: Ogerpon|move: Protect
|move|p1a: Lunala|Protect|p1a: Lunala
|-singleturn|p1a: Lunala|Protect
|move|p1b: Incineroar|Parting Shot|p2b: Incineroar
|-unboost|p2b: Incineroar|atk|1
|-unboost|p2b: Incineroar|spa|1
|
|t:|1750791180
|switch|p1b: Rillaboom|Rillaboom, L50, M|90/100|[from] Parting Shot
|move|p2b: Incineroar|Parting Shot|p1a: Lunala
|-activate|p1a: Lunala|move: Protect
|
|-heal|p1b: Rillaboom|96/100|[from] Grassy Terrain
|-heal|p2a: Ogerpon|22/100|[from] Grassy Terrain
|-heal|p1a: Lunala|97/100|[from] Grassy Terrain
|upkeep
|turn|4
|
|t:|1750791196
|move|p1b: Rillaboom|Fake Out|p2b: Incineroar
|-damage|p2b: Incineroar|90/100
|-damage|p1b: Rillaboom|79/100|[from] item: Rocky Helmet|[of] p2b: Incineroar
|move|p2a: Ogerpon|Ivy Cudgel|p1b: Rillaboom|[anim] Ivy Cudgel Fire
|-supereffective|p1b: Rillaboom
|-damage|p1b: Rillaboom|0 fnt
|faint|p1b: Rillaboom
|move|p1a: Lunala|Moongeist Beam|p2a: Ogerpon
|-damage|p2a: Ogerpon|0 fnt
|faint|p2a: Ogerpon
|cant|p2b: Incineroar|flinch
|
|-heal|p1a: Lunala|100/100|[from] Grassy Terrain
|-heal|p2b: Incineroar|96/100|[from] Grassy Terrain
|upkeep
|
|t:|1750791208
|switch|p2a: Miraidon|Miraidon, L50|100/100
|switch|p1b: Incineroar|Incineroar, L50, F|89/100
|-fieldstart|move: Electric Terrain|[from] ability: Hadron Engine|[of] p2a: Miraidon
|-ability|p1b: Incineroar|Intimidate|boost
|-unboost|p2a: Miraidon|atk|1
|-unboost|p2b: Incineroar|atk|1
|turn|5
|
|t:|1750791227
|move|p1b: Incineroar|Fake Out|p2a: Miraidon
|-damage|p2a: Miraidon|91/100
|cant|p2a: Miraidon|flinch
|move|p1a: Lunala|Moonblast|p2a: Miraidon
|-supereffective|p2a: Miraidon
|-damage|p2a: Miraidon|0 fnt
|faint|p2a: Miraidon
|move|p2b: Incineroar|Parting Shot|p1a: Lunala
|-unboost|p1a: Lunala|atk|1
|-unboost|p1a: Lunala|spa|1
|
|t:|1750791229
|switch|p2b: Lunala|Lunala, L50|100/100|[from] Parting Shot
|
|upkeep
|
|t:|1750791231
|switch|p2a: Incineroar|Incineroar, L50, F|96/100
|-ability|p2a: Incineroar|Intimidate|boost
|-unboost|p1a: Lunala|atk|1
|-unboost|p1b: Incineroar|atk|1
|turn|6
|
|t:|1750791250
|-terastallize|p2b: Lunala|Fairy
|move|p1a: Lunala|Protect|p1a: Lunala
|-singleturn|p1a: Lunala|Protect
|move|p2a: Incineroar|Fake Out|p1b: Incineroar
|-crit|p1b: Incineroar
|-damage|p1b: Incineroar|74/100
|-damage|p2a: Incineroar|79/100|[from] item: Rocky Helmet|[of] p1b: Incineroar
|move|p2b: Lunala|Calm Mind|p2b: Lunala
|-boost|p2b: Lunala|spa|1
|-boost|p2b: Lunala|spd|1
|cant|p1b: Incineroar|flinch
|
|upkeep
|turn|7
|inactive|JackoEk11 has 30 seconds left.
|
|t:|1750791278
|move|p2b: Lunala|Protect|p2b: Lunala
|-singleturn|p2b: Lunala|Protect
|move|p1a: Lunala|Calm Mind|p1a: Lunala
|-boost|p1a: Lunala|spa|1
|-boost|p1a: Lunala|spd|1
|move|p1b: Incineroar|Taunt|p2b: Lunala
|-activate|p2b: Lunala|move: Protect
|move|p2a: Incineroar|Taunt|p1a: Lunala
|-start|p1a: Lunala|move: Taunt
|
|upkeep
|turn|8
|
|t:|1750791291
|move|p2b: Lunala|Moonblast|p1b: Incineroar
|-damage|p1b: Incineroar|17/100
|-unboost|p1b: Incineroar|spa|1
|move|p1a: Lunala|Moonblast|p2b: Lunala
|-damage|p2b: Lunala|80/100
|move|p1b: Incineroar|Parting Shot|p2b: Lunala
|-unboost|p2b: Lunala|atk|1
|-unboost|p2b: Lunala|spa|1
|
|t:|1750791300
|switch|p1b: Miraidon|Miraidon, L50|100/100|[from] Parting Shot
|-activate|p1b: Miraidon|ability: Hadron Engine
|move|p2a: Incineroar|Parting Shot|p1a: Lunala
|-unboost|p1a: Lunala|atk|1
|-unboost|p1a: Lunala|spa|1
|
|-heal|p2b: Lunala|87/100|[from] item: Leftovers
|upkeep
|turn|9
|inactive|pixelfx has 30 seconds left.
|
|t:|1750791329
|move|p1b: Miraidon|Volt Switch|p2a: Incineroar
|-damage|p2a: Incineroar|29/100
|
|t:|1750791332
|switch|p1b: Incineroar|Incineroar, L50, F|17/100|[from] Volt Switch
|-ability|p1b: Incineroar|Intimidate|boost
|-unboost|p2a: Incineroar|atk|1
|-unboost|p2b: Lunala|atk|1
|move|p2b: Lunala|Moonblast|p1b: Incineroar
|-damage|p1b: Incineroar|0 fnt
|faint|p1b: Incineroar
|move|p1a: Lunala|Moonblast|p2b: Lunala
|-damage|p2b: Lunala|60/100
|move|p2a: Incineroar|Parting Shot|p1a: Lunala
|-unboost|p1a: Lunala|atk|1
|-unboost|p1a: Lunala|spa|1
|
|-heal|p2b: Lunala|67/100|[from] item: Leftovers
|-fieldend|move: Electric Terrain
|upkeep
|
|t:|1750791344
|switch|p1b: Miraidon|Miraidon, L50|100/100
|-fieldstart|move: Electric Terrain|[from] ability: Hadron Engine|[of] p1b: Miraidon
|turn|10
|
|t:|1750791362
|move|p1b: Miraidon|Electro Drift|p2b: Lunala
|-damage|p2b: Lunala|19/100
|move|p2b: Lunala|Moonblast|p1b: Miraidon
|-supereffective|p1b: Miraidon
|-damage|p1b: Miraidon|27/100
|move|p1a: Lunala|Moonblast|p2b: Lunala
|-damage|p2b: Lunala|3/100
|move|p2a: Incineroar|Knock Off|p1b: Miraidon
|-damage|p1b: Miraidon|5/100
|-enditem|p1b: Miraidon|Choice Scarf|[from] move: Knock Off|[of] p2a: Incineroar
|
|-heal|p2b: Lunala|9/100|[from] item: Leftovers
|-end|p1a: Lunala|move: Taunt
|upkeep
|turn|11
|
|t:|1750791380
|move|p2b: Lunala|Protect|p2b: Lunala
|-singleturn|p2b: Lunala|Protect
|move|p1b: Miraidon|Electro Drift|p2b: Lunala
|-activate|p2b: Lunala|move: Protect
|move|p1a: Lunala|Moonblast|p2a: Incineroar
|-damage|p2a: Incineroar|3/100
|move|p2a: Incineroar|Knock Off|p1b: Miraidon
|-damage|p1b: Miraidon|0 fnt
|faint|p1b: Miraidon
|
|-heal|p2b: Lunala|15/100|[from] item: Leftovers
|upkeep
|turn|12
|
|t:|1750791404
|move|p2b: Lunala|Protect||[still]
|-fail|p2b: Lunala
|move|p1a: Lunala|Moongeist Beam|p2b: Lunala
|-damage|p2b: Lunala|0 fnt
|faint|p2b: Lunala
|move|p2a: Incineroar|Parting Shot|p1a: Lunala
|-unboost|p1a: Lunala|atk|1
|-unboost|p1a: Lunala|spa|1
|
|upkeep
|turn|13
|-message|JackoEk11 forfeited.
|
|win|pixelfx
|raw|pixelfx's rating: 1619 &rarr; <strong>1639</strong><br />(+20 for winning)
|raw|JackoEk11's rating: 1615 &rarr; <strong>1595</strong><br />(-20 for losing)
|l|☆JackoEk11
|player|p2|
