|j|☆gold_necrozma
|j|☆pkeyko
|t:|1750785916
|gametype|doubles
|player|p1|gold_necrozma|ghetsis|1138
|player|p2|pkeyko|rosa|1143
|teamsize|p1|6
|teamsize|p2|6
|gen|9
|tier|[Gen 9] VGC 2025 Reg I
|rated|
|rule|Species Clause: Limit one of each Pokémon
|rule|Item Clause: Limit 1 of each item
|clearpoke
|poke|p1|Koraidon, L50|
|poke|p1|Miraidon, L50|
|poke|p1|Raging Bolt, L50|
|poke|p1|Whimsicott, L50, M|
|poke|p1|Great Tusk, L50|
|poke|p1|Kingambit, L50, F|
|poke|p2|Necrozma-Dusk-Mane, L50|
|poke|p2|Sinistcha-Masterpiece, L50|
|poke|p2|Zamazenta-*, L50|
|poke|p2|Chien-Pao, L50|
|poke|p2|Rillaboom, L50, F|
|poke|p2|Raging Bolt, L50|
|teampreview|4
|c|☆gold_necrozma|my boi :D
|
|t:|1750785956
|start
|switch|p1a: Kingambit|Kingambit, L50, F|100/100
|switch|p1b: Raging Bolt|Raging Bolt, L50|100/100
|switch|p2a: Zamazenta|Zamazenta, L50|100/100
|switch|p2b: Rillaboom|Rillaboom, L50, F|100/100
|-ability|p2a: Zamazenta|Dauntless Shield|boost
|-boost|p2a: Zamazenta|def|1
|-fieldstart|move: Grassy Terrain|[from] ability: Grassy Surge|[of] p2b: Rillaboom
|-enditem|p2a: Zamazenta|Grassy Seed
|-boost|p2a: Zamazenta|def|1|[from] item: Grassy Seed
|turn|1
|
|t:|1750785983
|-terastallize|p2a: Zamazenta|Fighting
|move|p1a: Kingambit|Protect|p1a: Kingambit
|-singleturn|p1a: Kingambit|Protect
|move|p2b: Rillaboom|Fake Out|p1b: Raging Bolt
|-damage|p1b: Raging Bolt|92/100
|cant|p1b: Raging Bolt|flinch
|move|p2a: Zamazenta|Body Press|p1b: Raging Bolt
|-damage|p1b: Raging Bolt|29/100
|
|-heal|p1b: Raging Bolt|35/100|[from] Grassy Terrain
|upkeep
|turn|2
|
|t:|1750786004
|move|p1b: Raging Bolt|Thunderclap||[still]
|-fail|p1b: Raging Bolt
|move|p2a: Zamazenta|Substitute|p2a: Zamazenta
|-start|p2a: Zamazenta|Substitute
|-damage|p2a: Zamazenta|76/100
|move|p2b: Rillaboom|Knock Off|p1a: Kingambit
|-resisted|p1a: Kingambit
|-damage|p1a: Kingambit|90/100
|-enditem|p1a: Kingambit|Expert Belt|[from] move: Knock Off|[of] p2b: Rillaboom
|move|p1a: Kingambit|Low Kick|p2a: Zamazenta
|-activate|p2a: Zamazenta|move: Substitute|[damage]
|
|-heal|p2a: Zamazenta|82/100|[from] Grassy Terrain
|-heal|p1b: Raging Bolt|41/100|[from] Grassy Terrain
|-heal|p1a: Kingambit|96/100|[from] Grassy Terrain
|upkeep
|turn|3
|
|t:|1750786023
|move|p1b: Raging Bolt|Thunderclap|p2a: Zamazenta
|-end|p2a: Zamazenta|Substitute
|move|p1a: Kingambit|Sucker Punch|p2b: Rillaboom
|-damage|p2b: Rillaboom|64/100
|move|p2a: Zamazenta|Body Press|p1b: Raging Bolt
|-damage|p1b: Raging Bolt|0 fnt
|faint|p1b: Raging Bolt
|-end|p1b: Raging Bolt|Protosynthesis|[silent]
|move|p2b: Rillaboom|U-turn|p1a: Kingambit
|-damage|p1a: Kingambit|80/100
|
|t:|1750786034
|switch|p2b: Necrozma|Necrozma-Dusk-Mane, L50|100/100|[from] U-turn
|
|-heal|p2a: Zamazenta|88/100|[from] Grassy Terrain
|-heal|p1a: Kingambit|86/100|[from] Grassy Terrain
|upkeep
|
|t:|1750786043
|switch|p1b: Great Tusk|Great Tusk, L50|100/100
|-enditem|p1b: Great Tusk|Booster Energy
|-activate|p1b: Great Tusk|ability: Protosynthesis|[fromitem]
|-start|p1b: Great Tusk|protosynthesisdef
|turn|4
|
|t:|1750786055
|-terastallize|p1b: Great Tusk|Fairy
|move|p1a: Kingambit|Protect|p1a: Kingambit
|-singleturn|p1a: Kingambit|Protect
|move|p2a: Zamazenta|Body Press|p1a: Kingambit
|-activate|p1a: Kingambit|move: Protect
|move|p1b: Great Tusk|Play Rough|p2a: Zamazenta
|-supereffective|p2a: Zamazenta
|-damage|p2a: Zamazenta|56/100
|move|p2b: Necrozma|Iron Defense|p2b: Necrozma
|-boost|p2b: Necrozma|def|2
|
|-heal|p2a: Zamazenta|62/100|[from] Grassy Terrain
|-heal|p1a: Kingambit|92/100|[from] Grassy Terrain
|upkeep
|turn|5
|
|t:|1750786074
|move|p1a: Kingambit|Sucker Punch||[still]
|-fail|p1a: Kingambit
|move|p2a: Zamazenta|Body Press|p1a: Kingambit
|-supereffective|p1a: Kingambit
|-damage|p1a: Kingambit|0 fnt
|faint|p1a: Kingambit
|move|p1b: Great Tusk|Play Rough|p2a: Zamazenta
|-supereffective|p2a: Zamazenta
|-damage|p2a: Zamazenta|26/100
|move|p2b: Necrozma|Iron Defense|p2b: Necrozma
|-boost|p2b: Necrozma|def|2
|
|-heal|p2a: Zamazenta|32/100|[from] Grassy Terrain
|-fieldend|move: Grassy Terrain
|upkeep
|
|t:|1750786083
|switch|p1a: Koraidon|Koraidon, L50|100/100
|-weather|SunnyDay|[from] ability: Orichalcum Pulse|[of] p1a: Koraidon
|-activate|p1a: Koraidon|Orichalcum Pulse|[source]
|turn|6
|
|t:|1750786093
|move|p2a: Zamazenta|Body Press|p1a: Koraidon
|-damage|p1a: Koraidon|10/100
|move|p1a: Koraidon|Flare Blitz|p2b: Necrozma
|-supereffective|p2b: Necrozma
|-damage|p2b: Necrozma|55/100
|-damage|p1a: Koraidon|0 fnt|[from] Recoil
|faint|p1a: Koraidon
|move|p1b: Great Tusk|Play Rough|p2a: Zamazenta
|-supereffective|p2a: Zamazenta
|-damage|p2a: Zamazenta|0 fnt
|faint|p2a: Zamazenta
|move|p2b: Necrozma|Stored Power|p1b: Great Tusk
|-damage|p1b: Great Tusk|52/100
|
|-weather|SunnyDay|[upkeep]
|-heal|p2b: Necrozma|61/100|[from] item: Leftovers
|upkeep
|
|t:|1750786107
|switch|p2a: Sinistcha|Sinistcha-Masterpiece, L50, shiny|100/100
|-heal|p2b: Necrozma|86/100|[from] ability: Hospitality|[of] p2a: Sinistcha
|turn|7
|-message|gold_necrozma forfeited.
|
|win|pkeyko
|raw|gold_necrozma's rating: 1138 &rarr; <strong>1113</strong><br />(-25 for losing)
|raw|pkeyko's rating: 1143 &rarr; <strong>1168</strong><br />(+25 for winning)
|l|☆gold_necrozma
|player|p1|
