|j|☆Lewlo
|j|☆angelept
|t:|1750875379
|gametype|doubles
|player|p1|Lewlo|gardenia|
|player|p2|angelept|1|
|teamsize|p1|6
|teamsize|p2|6
|gen|9
|tier|[Gen 9] VGC 2025 Reg I
|rated|Tournament battle
|rule|Species Clause: Limit one of each Pokémon
|rule|Item Clause: Limit 1 of each item
|raw|<div class="infobox"><details class="readmore" open><summary><strong>2 custom rules:</strong></summary> Force Open Team Sheets, !Open Team Sheets</details></div>
|clearpoke
|poke|p1|Kyogre, L50|
|poke|p1|Zamazenta-*, L50|
|poke|p1|Chien-Pao, L50|
|poke|p1|Landorus, L50, M|
|poke|p1|Roaring Moon, L50|
|poke|p1|Amoonguss, L50, M|
|poke|p2|Flutter Mane, L50|
|poke|p2|Incineroar, L50, M|
|poke|p2|Rillaboom, L50, M|
|poke|p2|Heatran, L50, M|
|poke|p2|Giratina, L50|
|poke|p2|Urshifu-*, L50, M|
|teampreview|4
|showteam|p1|Kyogre||AssaultVest|Drizzle|IceBeam,HydroPump,OriginPulse,WaterSpout||||||50|,,,,,Grass]Zamazenta-Crowned||RustedShield|DauntlessShield|behemothbash,BodyPress,WideGuard,Protect||||||50|,,,,,Dragon]Chien-Pao||FocusSash|SwordofRuin|IceSpinner,SuckerPunch,Crunch,Protect||||||50|,,,,,Ghost]Landorus||LifeOrb|SheerForce|EarthPower,SandsearStorm,SludgeBomb,Protect|||M|||50|,,,,,Water]Roaring Moon||BoosterEnergy|Protosynthesis|Acrobatics,KnockOff,Tailwind,Protect||||||50|,,,,,Flying]Amoonguss||RockyHelmet|Regenerator|RagePowder,PollenPuff,Spore,ClearSmog|||M|||50|,,,,,Water
|showteam|p2|Flutter Mane||BoosterEnergy|Protosynthesis|Protect,DazzlingGleam,ShadowBall,EnergyBall||||||50|,,,,,Grass]Incineroar||SafetyGoggles|Intimidate|FakeOut,PartingShot,KnockOff,FlareBlitz|||M|||50|,,,,,Ghost]Rillaboom||AssaultVest|GrassySurge|Uturn,FakeOut,GrassyGlide,HighHorsepower|||M|||50|,,,,,Fire]Heatran||ExpertBelt|FlashFire|HeatWave,EarthPower,FlashCannon,Protect|||M|||50|,,,,,Grass]Giratina||GriseousOrb|Pressure|Protect,WillOWisp,ShadowBall,BreakingSwipe||||||50|,,,,,Normal]Urshifu-Rapid-Strike||ChoiceScarf|UnseenFist|Uturn,CloseCombat,SurgingStrikes,AquaJet|||M|||50|,,,,,Water
|inactive|Battle timer is ON: inactive players will automatically lose when time's up. (requested by Lewlo)
|j| HardFreaQ
|c|☆Lewlo|glhf
|l| HardFreaQ
|inactive|Lewlo has 60 seconds left.
|
|t:|1750875424
|start
|switch|p1a: Roaring Moon|Roaring Moon, L50|100/100
|switch|p1b: Chien-Pao|Chien-Pao, L50|100/100
|switch|p2a: Giratina|Giratina, L50, shiny|100/100
|switch|p2b: Urshifu|Urshifu-Rapid-Strike, L50, M|100/100
|-ability|p1b: Chien-Pao|Sword of Ruin
|-ability|p2a: Giratina|Pressure
|-enditem|p1a: Roaring Moon|Booster Energy
|-activate|p1a: Roaring Moon|ability: Protosynthesis|[fromitem]
|-start|p1a: Roaring Moon|protosynthesisspe
|turn|1
|inactive|Lewlo has 30 seconds left.
|inactive|angelept has 30 seconds left.
|inactive|angelept has 20 seconds left.
|inactive|Lewlo has 20 seconds left.
|inactive|angelept has 15 seconds left.
|inactive|angelept has 10 seconds left.
|
|t:|1750875471
|switch|p2b: Heatran|Heatran, L50, M, shiny|100/100
|-terastallize|p1a: Roaring Moon|Flying
|move|p1a: Roaring Moon|Acrobatics|p2b: Heatran
|-resisted|p2b: Heatran
|-damage|p2b: Heatran|69/100
|move|p1b: Chien-Pao|Ice Spinner|p2a: Giratina
|-supereffective|p2a: Giratina
|-damage|p2a: Giratina|42/100
|move|p2a: Giratina|Will-O-Wisp|p1a: Roaring Moon
|-status|p1a: Roaring Moon|brn
|
|-damage|p1a: Roaring Moon|95/100 brn|[from] brn
|upkeep
|turn|2
|
|t:|1750875493
|move|p2a: Giratina|Protect|p2a: Giratina
|-singleturn|p2a: Giratina|Protect
|move|p1a: Roaring Moon|Tailwind|p1a: Roaring Moon
|-sidestart|p1: Lewlo|move: Tailwind
|move|p1b: Chien-Pao|Ice Spinner|p2a: Giratina
|-activate|p2a: Giratina|move: Protect
|move|p2b: Heatran|Heat Wave|p1b: Chien-Pao|[spread] p1a,p1b
|-supereffective|p1b: Chien-Pao
|-damage|p1a: Roaring Moon|56/100 brn
|-enditem|p1b: Chien-Pao|Focus Sash
|-damage|p1b: Chien-Pao|1/100
|
|-damage|p1a: Roaring Moon|50/100 brn|[from] brn
|upkeep
|turn|3
|
|t:|1750875509
|move|p1a: Roaring Moon|Knock Off|p2b: Heatran
|-damage|p2b: Heatran|36/100
|-enditem|p2b: Heatran|Expert Belt|[from] move: Knock Off|[of] p1a: Roaring Moon
|move|p1b: Chien-Pao|Ice Spinner|p2a: Giratina
|-supereffective|p2a: Giratina
|-damage|p2a: Giratina|0 fnt
|faint|p2a: Giratina
|move|p2b: Heatran|Heat Wave|p1b: Chien-Pao|[spread] p1a,p1b
|-supereffective|p1b: Chien-Pao
|-damage|p1a: Roaring Moon|15/100 brn
|-damage|p1b: Chien-Pao|0 fnt
|faint|p1b: Chien-Pao
|
|-damage|p1a: Roaring Moon|9/100 brn|[from] brn
|upkeep
|
|t:|1750875530
|switch|p1b: Kyogre|Kyogre, L50|100/100
|switch|p2a: Flutter Mane|Flutter Mane, L50, shiny|100/100
|-weather|RainDance|[from] ability: Drizzle|[of] p1b: Kyogre
|-enditem|p2a: Flutter Mane|Booster Energy
|-activate|p2a: Flutter Mane|ability: Protosynthesis|[fromitem]
|-start|p2a: Flutter Mane|protosynthesisspe
|turn|4
|inactive|angelept has 30 seconds left.
|
|t:|1750875561
|-terastallize|p2a: Flutter Mane|Grass
|move|p2b: Heatran|Protect|p2b: Heatran
|-singleturn|p2b: Heatran|Protect
|move|p1a: Roaring Moon|Acrobatics|p2a: Flutter Mane
|-supereffective|p2a: Flutter Mane
|-damage|p2a: Flutter Mane|0 fnt
|faint|p2a: Flutter Mane
|-end|p2a: Flutter Mane|Protosynthesis|[silent]
|move|p1b: Kyogre|Water Spout|p2b: Heatran
|-activate|p2b: Heatran|move: Protect
|
|-weather|RainDance|[upkeep]
|-damage|p1a: Roaring Moon|3/100 brn|[from] brn
|upkeep
|
|t:|1750875577
|switch|p2a: Urshifu|Urshifu-Rapid-Strike, L50, M|100/100
|turn|5
|
|t:|1750875584
|move|p1a: Roaring Moon|Acrobatics|p2a: Urshifu
|-supereffective|p2a: Urshifu
|-damage|p2a: Urshifu|43/100
|move|p1b: Kyogre|Water Spout|p2b: Heatran|[spread] p2a,p2b
|-resisted|p2a: Urshifu
|-supereffective|p2b: Heatran
|-damage|p2a: Urshifu|0 fnt
|-damage|p2b: Heatran|0 fnt
|faint|p2a: Urshifu
|faint|p2b: Heatran
|
|win|Lewlo
|n|☆Lewlo|lewlo
|n|☆angelept|angelept
|l|☆angelept
|player|p2|
|c|☆Lewlo|ggs
