|j|☆diesel_bags
|j|☆Bokkimano
|t:|1750722675
|gametype|doubles
|player|p1|diesel_bags|blackbelt-gen4|1361
|player|p2|Bokkimano|skierf|1463
|teamsize|p1|6
|teamsize|p2|6
|gen|9
|tier|[Gen 9] VGC 2025 Reg I
|rated|
|rule|Species Clause: Limit one of each Pokémon
|rule|Item Clause: Limit 1 of each item
|clearpoke
|poke|p1|Terapagos, L50, M|
|poke|p1|Rillaboom, L50, M|
|poke|p1|Incineroar, L50, F|
|poke|p1|Koraidon, L50|
|poke|p1|Volcarona, L50, F|
|poke|p1|Flutter Mane, L50|
|poke|p2|Terapagos, L50, M|
|poke|p2|Koraidon, L50|
|poke|p2|Flutter Mane, L50|
|poke|p2|Incineroar, L50, F|
|poke|p2|Volcarona, L50, F|
|poke|p2|Rillaboom, L50, F|
|teampreview|4
|inactive|Battle timer is ON: inactive players will automatically lose when time's up. (requested by Bokkimano)
|c|☆diesel_bags|ayo wtf
|c|☆Bokkimano|Lol
|c|☆diesel_bags|im in your home
|inactive|diesel_bags has 60 seconds left.
|inactive|Bokkimano has 60 seconds left.
|
|t:|1750722725
|start
|switch|p1a: Koraidon|Koraidon, L50|100/100
|switch|p1b: Flutter Mane|Flutter Mane, L50|100/100
|switch|p2a: Incineroar|Incineroar, L50, F|100/100
|switch|p2b: Flutter Mane|Flutter Mane, L50|100/100
|-weather|SunnyDay|[from] ability: Orichalcum Pulse|[of] p1a: Koraidon
|-activate|p2b: Flutter Mane|ability: Protosynthesis
|-start|p2b: Flutter Mane|protosynthesisspe
|-activate|p1b: Flutter Mane|ability: Protosynthesis
|-start|p1b: Flutter Mane|protosynthesisspe
|-activate|p1a: Koraidon|Orichalcum Pulse|[source]
|-ability|p2a: Incineroar|Intimidate|boost
|-unboost|p1a: Koraidon|atk|1
|-unboost|p1b: Flutter Mane|atk|1
|turn|1
|inactive|diesel_bags has 30 seconds left.
|inactive|Bokkimano has 30 seconds left.
|
|t:|1750722753
|switch|p1a: Incineroar|Incineroar, L50, F|100/100
|-ability|p1a: Incineroar|Intimidate|boost
|-unboost|p2a: Incineroar|atk|1
|-unboost|p2b: Flutter Mane|atk|1
|move|p2a: Incineroar|Fake Out|p1a: Incineroar
|-damage|p1a: Incineroar|94/100
|move|p2b: Flutter Mane|Icy Wind|p1a: Incineroar|[spread] p1a,p1b
|-resisted|p1a: Incineroar
|-crit|p1a: Incineroar
|-crit|p1b: Flutter Mane
|-damage|p1a: Incineroar|83/100
|-damage|p1b: Flutter Mane|77/100
|-unboost|p1a: Incineroar|spe|1
|-unboost|p1b: Flutter Mane|spe|1
|move|p1b: Flutter Mane|Icy Wind|p2b: Flutter Mane|[spread] p2a,p2b
|-resisted|p2a: Incineroar
|-damage|p2a: Incineroar|94/100
|-damage|p2b: Flutter Mane|83/100
|-unboost|p2a: Incineroar|spe|1
|-unboost|p2b: Flutter Mane|spe|1
|
|-weather|SunnyDay|[upkeep]
|upkeep
|turn|2
|inactive|diesel_bags has 30 seconds left.
|inactive|Bokkimano has 30 seconds left.
|inactive|diesel_bags has 20 seconds left.
|inactive|Bokkimano has 20 seconds left.
|inactive|diesel_bags has 15 seconds left.
|inactive|Bokkimano has 15 seconds left.
|inactive|diesel_bags has 10 seconds left.
|
|t:|1750722802
|move|p2b: Flutter Mane|Protect|p2b: Flutter Mane
|-singleturn|p2b: Flutter Mane|Protect
|move|p1b: Flutter Mane|Shadow Ball|p2b: Flutter Mane
|-activate|p2b: Flutter Mane|move: Protect
|move|p1a: Incineroar|Parting Shot|p2a: Incineroar
|-unboost|p2a: Incineroar|atk|1
|-unboost|p2a: Incineroar|spa|1
|
|t:|1750722815
|switch|p1a: Koraidon|Koraidon, L50|100/100|[from] Parting Shot
|-activate|p1a: Koraidon|ability: Orichalcum Pulse
|move|p2a: Incineroar|U-turn|p1a: Koraidon
|-resisted|p1a: Koraidon
|-damage|p1a: Koraidon|96/100
|
|t:|1750722828
|switch|p2a: Terapagos|Terapagos, L50, M|100/100|[from] U-turn
|-activate|p2a: Terapagos|ability: Tera Shift
|detailschange|p2a: Terapagos|Terapagos-Terastal, L50, M
|-heal|p2a: Terapagos|100/100|[silent]
|
|-weather|SunnyDay|[upkeep]
|upkeep
|turn|3
|inactive|Bokkimano has 30 seconds left.
|
|t:|1750722856
|-end|p1b: Flutter Mane|Protosynthesis|[silent]
|switch|p1b: Incineroar|Incineroar, L50, F|83/100
|-ability|p1b: Incineroar|Intimidate|boost
|-unboost|p2a: Terapagos|atk|1
|-unboost|p2b: Flutter Mane|atk|1
|-terastallize|p1a: Koraidon|Fire
|move|p1a: Koraidon|Flame Charge|p2b: Flutter Mane
|-damage|p2b: Flutter Mane|0 fnt
|-boost|p1a: Koraidon|spe|1
|faint|p2b: Flutter Mane
|-end|p2b: Flutter Mane|Protosynthesis|[silent]
|-damage|p1a: Koraidon|86/100|[from] item: Life Orb
|move|p2a: Terapagos|Calm Mind|p2a: Terapagos
|-boost|p2a: Terapagos|spa|1
|-boost|p2a: Terapagos|spd|1
|
|-weather|SunnyDay|[upkeep]
|upkeep
|
|t:|1750722870
|switch|p2b: Incineroar|Incineroar, L50, F|94/100
|-ability|p2b: Incineroar|Intimidate|boost
|-unboost|p1a: Koraidon|atk|1
|-unboost|p1b: Incineroar|atk|1
|turn|4
|
|t:|1750722891
|switch|p1a: Flutter Mane|Flutter Mane, L50|77/100
|-activate|p1a: Flutter Mane|ability: Protosynthesis
|-start|p1a: Flutter Mane|protosynthesisspe
|move|p2b: Incineroar|Fake Out|p1a: Flutter Mane
|-immune|p1a: Flutter Mane
|move|p2a: Terapagos|Calm Mind|p2a: Terapagos
|-boost|p2a: Terapagos|spa|1
|-boost|p2a: Terapagos|spd|1
|move|p1b: Incineroar|Taunt|p2a: Terapagos
|-start|p2a: Terapagos|move: Taunt
|
|-weather|SunnyDay|[upkeep]
|upkeep
|turn|5
|
|t:|1750722916
|move|p1a: Flutter Mane|Protect|p1a: Flutter Mane
|-singleturn|p1a: Flutter Mane|Protect
|move|p2a: Terapagos|Earth Power|p1a: Flutter Mane
|-activate|p1a: Flutter Mane|move: Protect
|move|p1b: Incineroar|Parting Shot|p2a: Terapagos
|-unboost|p2a: Terapagos|atk|1
|-unboost|p2a: Terapagos|spa|1
|
|t:|1750722923
|switch|p1b: Koraidon|Koraidon, L50, tera:Fire|86/100|[from] Parting Shot
|-activate|p1b: Koraidon|ability: Orichalcum Pulse
|move|p2b: Incineroar|U-turn|p1b: Koraidon
|-resisted|p1b: Koraidon
|-damage|p1b: Koraidon|78/100
|
|t:|1750722932
|switch|p2b: Koraidon|Koraidon, L50|100/100|[from] U-turn
|-activate|p2b: Koraidon|ability: Orichalcum Pulse
|
|-weather|none
|-end|p1a: Flutter Mane|Protosynthesis
|upkeep
|turn|6
|inactive|diesel_bags has 30 seconds left.
|inactive|Bokkimano has 30 seconds left.
|
|t:|1750722959
|-end|p1a: Flutter Mane|Protosynthesis|[silent]
|switch|p1a: Incineroar|Incineroar, L50, F|83/100
|-ability|p1a: Incineroar|Intimidate|boost
|-unboost|p2a: Terapagos|atk|1
|-unboost|p2b: Koraidon|atk|1
|move|p1b: Koraidon|Protect|p1b: Koraidon
|-singleturn|p1b: Koraidon|Protect
|move|p2b: Koraidon|Protect|p2b: Koraidon
|-singleturn|p2b: Koraidon|Protect
|move|p2a: Terapagos|Earth Power|p1b: Koraidon
|-activate|p1b: Koraidon|move: Protect
|
|upkeep
|turn|7
|inactive|diesel_bags has 30 seconds left.
|inactive|Bokkimano has 30 seconds left.
|
|t:|1750722988
|switch|p1b: Flutter Mane|Flutter Mane, L50|77/100
|move|p1a: Incineroar|Fake Out|p2b: Koraidon
|-damage|p2b: Koraidon|91/100
|cant|p2b: Koraidon|flinch
|move|p2a: Terapagos|Tera Starstorm|p1b: Flutter Mane
|-immune|p1b: Flutter Mane
|
|-end|p2a: Terapagos|move: Taunt
|upkeep
|turn|8
|inactive|Bokkimano has 30 seconds left.
|
|t:|1750723013
|-terastallize|p2b: Koraidon|Fire
|move|p1b: Flutter Mane|Moonblast|p2b: Koraidon
|-resisted|p2b: Koraidon
|-damage|p2b: Koraidon|63/100
|move|p2b: Koraidon|Close Combat|p1a: Incineroar
|-supereffective|p1a: Incineroar
|-damage|p1a: Incineroar|0 fnt
|-unboost|p2b: Koraidon|def|1
|-unboost|p2b: Koraidon|spd|1
|faint|p1a: Incineroar
|-damage|p2b: Koraidon|54/100|[from] item: Life Orb
|move|p2a: Terapagos|Calm Mind|p2a: Terapagos
|-boost|p2a: Terapagos|spa|1
|-boost|p2a: Terapagos|spd|1
|
|upkeep
|
|t:|1750723022
|switch|p1a: Koraidon|Koraidon, L50, tera:Fire|78/100
|-weather|SunnyDay|[from] ability: Orichalcum Pulse|[of] p1a: Koraidon
|-activate|p1b: Flutter Mane|ability: Protosynthesis
|-start|p1b: Flutter Mane|protosynthesisspe
|-activate|p1a: Koraidon|Orichalcum Pulse|[source]
|turn|9
|
|t:|1750723041
|switch|p2b: Incineroar|Incineroar, L50, F|94/100
|-ability|p2b: Incineroar|Intimidate|boost
|-unboost|p1a: Koraidon|atk|1
|-unboost|p1b: Flutter Mane|atk|1
|move|p2a: Terapagos|Protect|p2a: Terapagos
|-singleturn|p2a: Terapagos|Protect
|move|p1b: Flutter Mane|Moonblast|p2a: Terapagos
|-activate|p2a: Terapagos|move: Protect
|move|p1a: Koraidon|Close Combat|p2b: Incineroar
|-supereffective|p2b: Incineroar
|-damage|p2b: Incineroar|0 fnt
|-unboost|p1a: Koraidon|def|1
|-unboost|p1a: Koraidon|spd|1
|faint|p2b: Incineroar
|-damage|p1a: Koraidon|68/100|[from] item: Life Orb
|
|-weather|SunnyDay|[upkeep]
|upkeep
|
|t:|1750723056
|switch|p2b: Koraidon|Koraidon, L50, tera:Fire|54/100
|-activate|p2b: Koraidon|ability: Orichalcum Pulse
|turn|10
|
|t:|1750723070
|switch|p1a: Terapagos|Terapagos, L50, M|100/100
|-activate|p1a: Terapagos|ability: Tera Shift
|detailschange|p1a: Terapagos|Terapagos-Terastal, L50, M
|-heal|p1a: Terapagos|100/100|[silent]
|move|p1b: Flutter Mane|Icy Wind|p2b: Koraidon|[spread] p2a,p2b
|-activate|p2a: Terapagos|ability: Tera Shell
|-resisted|p2a: Terapagos
|-resisted|p2b: Koraidon
|-damage|p2a: Terapagos|98/100
|-damage|p2b: Koraidon|46/100
|-unboost|p2a: Terapagos|spe|1
|-unboost|p2b: Koraidon|spe|1
|move|p2b: Koraidon|Flare Blitz|p1b: Flutter Mane
|-damage|p1b: Flutter Mane|0 fnt
|faint|p1b: Flutter Mane
|-end|p1b: Flutter Mane|Protosynthesis|[silent]
|-damage|p2b: Koraidon|27/100|[from] Recoil
|-damage|p2b: Koraidon|17/100|[from] item: Life Orb
|move|p2a: Terapagos|Earth Power|p1a: Terapagos
|-activate|p1a: Terapagos|ability: Tera Shell
|-resisted|p1a: Terapagos
|-damage|p1a: Terapagos|82/100
|
|-weather|SunnyDay|[upkeep]
|-heal|p1a: Terapagos|87/100|[from] item: Leftovers
|-heal|p2a: Terapagos|100/100|[from] item: Leftovers
|upkeep
|
|t:|1750723089
|switch|p1b: Koraidon|Koraidon, L50, tera:Fire|68/100
|-activate|p1b: Koraidon|ability: Orichalcum Pulse
|turn|11
|inactive|diesel_bags has 30 seconds left.
|inactive|diesel_bags has 20 seconds left.
|inactive|diesel_bags has 15 seconds left.
|inactive|diesel_bags has 10 seconds left.
|inactive|diesel_bags has 5 seconds left.
|
|t:|1750723139
|move|p2b: Koraidon|Protect|p2b: Koraidon
|-singleturn|p2b: Koraidon|Protect
|move|p1b: Koraidon|Flame Charge|p2b: Koraidon
|-activate|p2b: Koraidon|move: Protect
|move|p1a: Terapagos|Calm Mind|p1a: Terapagos
|-boost|p1a: Terapagos|spa|1
|-boost|p1a: Terapagos|spd|1
|move|p2a: Terapagos|Earth Power|p1b: Koraidon
|-supereffective|p1b: Koraidon
|-damage|p1b: Koraidon|0 fnt
|faint|p1b: Koraidon
|
|-weather|SunnyDay|[upkeep]
|-heal|p1a: Terapagos|93/100|[from] item: Leftovers
|upkeep
|turn|12
|c|☆diesel_bags|oi ggs
|c|☆Bokkimano|ggs man
|
|t:|1750723155
|move|p1a: Terapagos|Protect|p1a: Terapagos
|-singleturn|p1a: Terapagos|Protect
|move|p2b: Koraidon|Close Combat|p1a: Terapagos
|-activate|p1a: Terapagos|move: Protect
|move|p2a: Terapagos|Tera Starstorm|p1a: Terapagos
|-activate|p1a: Terapagos|move: Protect
|
|-weather|SunnyDay|[upkeep]
|-heal|p1a: Terapagos|99/100|[from] item: Leftovers
|upkeep
|turn|13
|
|t:|1750723168
|move|p1a: Terapagos|Protect||[still]
|-fail|p1a: Terapagos
|move|p2b: Koraidon|Close Combat|p1a: Terapagos
|-supereffective|p1a: Terapagos
|-damage|p1a: Terapagos|0 fnt
|-unboost|p2b: Koraidon|def|1
|-unboost|p2b: Koraidon|spd|1
|faint|p1a: Terapagos
|-damage|p2b: Koraidon|7/100|[from] item: Life Orb
|
|win|Bokkimano
|raw|diesel_bags's rating: 1361 &rarr; <strong>1347</strong><br />(-14 for losing)
|raw|Bokkimano's rating: 1463 &rarr; <strong>1477</strong><br />(+14 for winning)
|l|☆diesel_bags
|player|p1|
