|j|☆Zakmancho
|j|☆i❤娜禄forever
|t:|1750798669
|gametype|doubles
|player|p1|Zakmancho|2|1606
|player|p2|i❤娜禄forever|youngcouple-gen4dp|1666
|teamsize|p1|6
|teamsize|p2|6
|gen|9
|tier|[Gen 9] VGC 2025 Reg I
|rated|
|rule|Species Clause: Limit one of each Pokémon
|rule|Item Clause: Limit 1 of each item
|clearpoke
|poke|p1|Calyrex-Ice, L50|
|poke|p1|Miraidon, L50|
|poke|p1|Grimmsnarl, L50, M|
|poke|p1|Urshifu-*, L50, F|
|poke|p1|Incineroar, L50, F|
|poke|p1|Landorus, L50, M|
|poke|p2|Koraidon, L50|
|poke|p2|Miraidon, L50|
|poke|p2|Whimsicott, L50, M|
|poke|p2|Ditto, L50|
|poke|p2|Raging Bolt, L50|
|poke|p2|Flutter Mane, L50|
|teampreview|4
|inactive|Battle timer is ON: inactive players will automatically lose when time's up. (requested by Zakmancho)
|
|t:|1750798693
|start
|switch|p1a: Grimmsnarl|Grimmsnarl, L50, M|100/100
|switch|p1b: Calyrex|Calyrex-Ice, L50|100/100
|switch|p2a: Koraidon|Koraidon, L50|100/100
|switch|p2b: Raging Bolt|Raging Bolt, L50|100/100
|-ability|p1b: Calyrex|As One
|-ability|p1b: Calyrex|Unnerve
|-weather|SunnyDay|[from] ability: Orichalcum Pulse|[of] p2a: Koraidon
|-activate|p2b: Raging Bolt|ability: Protosynthesis
|-start|p2b: Raging Bolt|protosynthesisspa
|-activate|p2a: Koraidon|Orichalcum Pulse|[source]
|turn|1
|
|t:|1750798707
|-terastallize|p2a: Koraidon|Fire
|move|p1a: Grimmsnarl|Reflect|p1a: Grimmsnarl
|-sidestart|p1: Zakmancho|Reflect
|move|p2a: Koraidon|Heat Crash|p1a: Grimmsnarl
|-damage|p1a: Grimmsnarl|0 fnt
|faint|p1a: Grimmsnarl
|-damage|p2a: Koraidon|90/100|[from] item: Life Orb
|move|p2b: Raging Bolt|Weather Ball|p1b: Calyrex
|-supereffective|p1b: Calyrex
|-damage|p1b: Calyrex|23/100
|move|p1b: Calyrex|Glacial Lance|p2b: Raging Bolt|[spread] p2a,p2b
|-resisted|p2a: Koraidon
|-supereffective|p2b: Raging Bolt
|-damage|p2a: Koraidon|67/100
|-damage|p2b: Raging Bolt|14/100
|
|-weather|SunnyDay|[upkeep]
|-heal|p1b: Calyrex|29/100|[from] item: Leftovers
|upkeep
|
|t:|1750798730
|switch|p1a: Landorus|Landorus, L50, M|100/100
|turn|2
|inactive|i❤娜禄forever has 30 seconds left.
|inactive|i❤娜禄forever has 20 seconds left.
|
|t:|1750798769
|switch|p2a: Matha palm|Ditto, L50|100/100
|-transform|p2a: Matha palm|p1b: Calyrex|[from] ability: Imposter
|-ability|p2a: Matha palm|As One
|-ability|p2a: Matha palm|Unnerve
|move|p1b: Calyrex|Protect|p1b: Calyrex
|-singleturn|p1b: Calyrex|Protect
|move|p2b: Raging Bolt|Thunderclap||[still]
|-fail|p2b: Raging Bolt
|move|p1a: Landorus|Earth Power|p2a: Matha palm
|-damage|p2a: Matha palm|45/100
|
|-weather|SunnyDay|[upkeep]
|-heal|p1b: Calyrex|35/100|[from] item: Leftovers
|upkeep
|turn|3
|inactive|i❤娜禄forever has 30 seconds left.
|inactive|i❤娜禄forever has 20 seconds left.
|inactive|i❤娜禄forever has 15 seconds left.
|
|t:|1750798809
|move|p1a: Landorus|Earth Power|p2a: Matha palm
|-damage|p2a: Matha palm|0 fnt
|faint|p2a: Matha palm
|move|p2b: Raging Bolt|Weather Ball|p1a: Landorus
|-damage|p1a: Landorus|37/100
|move|p1b: Calyrex|Trick Room|p1b: Calyrex
|-fieldstart|move: Trick Room|[of] p1b: Calyrex
|
|-weather|SunnyDay|[upkeep]
|-heal|p1b: Calyrex|41/100|[from] item: Leftovers
|upkeep
|
|t:|1750798824
|switch|p2a: Miraidon|Miraidon, L50|100/100
|-fieldstart|move: Electric Terrain|[from] ability: Hadron Engine|[of] p2a: Miraidon
|-enditem|p2b: Raging Bolt|Electric Seed
|-boost|p2b: Raging Bolt|def|1|[from] item: Electric Seed
|turn|4
|
|t:|1750798838
|-terastallize|p1b: Calyrex|Electric
|move|p2b: Raging Bolt|Thunderclap|p1b: Calyrex
|-resisted|p1b: Calyrex
|-damage|p1b: Calyrex|23/100
|move|p1b: Calyrex|Glacial Lance|p2a: Miraidon|[spread] p2a,p2b
|-supereffective|p2a: Miraidon
|-supereffective|p2b: Raging Bolt
|-damage|p2a: Miraidon|2/100
|-damage|p2b: Raging Bolt|0 fnt
|faint|p2b: Raging Bolt
|-end|p2b: Raging Bolt|Protosynthesis|[silent]
|-ability|p1b: Calyrex|Chilling Neigh|boost
|-boost|p1b: Calyrex|atk|1
|move|p1a: Landorus|Earth Power|p2a: Miraidon
|-supereffective|p2a: Miraidon
|-damage|p2a: Miraidon|0 fnt
|faint|p2a: Miraidon
|
|-weather|SunnyDay|[upkeep]
|-heal|p1b: Calyrex|29/100|[from] item: Leftovers
|upkeep
|
|t:|1750798852
|switch|p2a: Koraidon|Koraidon, L50, tera:Fire|67/100
|-activate|p2a: Koraidon|ability: Orichalcum Pulse
|turn|5
|
|t:|1750798861
|move|p1b: Calyrex|Glacial Lance|p2a: Koraidon
|-resisted|p2a: Koraidon
|-crit|p2a: Koraidon
|-damage|p2a: Koraidon|8/100
|move|p1a: Landorus|Earth Power|p2a: Koraidon
|-supereffective|p2a: Koraidon
|-damage|p2a: Koraidon|0 fnt
|faint|p2a: Koraidon
|
|win|Zakmancho
|raw|Zakmancho's rating: 1606 &rarr; <strong>1629</strong><br />(+23 for winning)
|raw|i❤娜禄forever's rating: 1666 &rarr; <strong>1643</strong><br />(-23 for losing)
|l|☆i❤娜禄forever
|player|p2|
|l|☆Zakmancho
|player|p1|
