|j|☆IfUforfeitUsuck
|j|☆hopelessdragon42
|t:|1750867356
|gametype|doubles
|player|p1|IfUforfeitUsuck|1|1148
|player|p2|hopelessdragon42|101|1100
|teamsize|p1|6
|teamsize|p2|6
|gen|9
|tier|[Gen 9] VGC 2025 Reg I
|rated|
|rule|Species Clause: Limit one of each Pokémon
|rule|Item Clause: Limit 1 of each item
|clearpoke
|poke|p1|Lunala, L50|
|poke|p1|Rillaboom, L50, M|
|poke|p1|Groudon, L50|
|poke|p1|Lilligant-Hisui, L50, F|
|poke|p1|Sableye, L50, M|
|poke|p1|Persian-Alola, L50, M|
|poke|p2|Sableye, L50, F|
|poke|p2|Gengar, L50, F|
|poke|p2|Miraidon, L50|
|poke|p2|Sneasler, L50, F|
|poke|p2|Incineroar, L50, F|
|poke|p2|Ho-Oh, L50|
|teampreview|4
IfUforfeitUsuck has agreed to open team sheets.
|
|t:|1750867369
|start
|switch|p1a: Lunala|Lunala, L50|100/100
|switch|p1b: Rillaboom|Rillaboom, L50, M|100/100
|switch|p2a: Sableye|Sableye, L50, F|100/100
|switch|p2b: Gengar|Gengar, L50, F|100/100
|-fieldstart|move: Grassy Terrain|[from] ability: Grassy Surge|[of] p1b: Rillaboom
|-enditem|p1a: Lunala|Grassy Seed
|-boost|p1a: Lunala|def|1|[from] item: Grassy Seed
|turn|1
|
|t:|1750867405
|-terastallize|p1a: Lunala|Fire
|move|p2b: Gengar|Protect|p2b: Gengar
|-singleturn|p2b: Gengar|Protect
|move|p2a: Sableye|Will-O-Wisp|p1b: Rillaboom
|-status|p1b: Rillaboom|brn
|move|p1a: Lunala|Moongeist Beam|p2b: Gengar
|-activate|p2b: Gengar|move: Protect
|move|p1b: Rillaboom|U-turn|p2a: Sableye
|-damage|p2a: Sableye|86/100
|
|t:|1750867416
|switch|p1b: Groudon|Groudon, L50|100/100|[from] U-turn
|-weather|SunnyDay|[from] ability: Drought|[of] p1b: Groudon
|
|-weather|SunnyDay|[upkeep]
|-heal|p2a: Sableye|92/100|[from] Grassy Terrain
|upkeep
|turn|2
|
|t:|1750867434
|-terastallize|p2b: Gengar|Dark
|move|p1b: Groudon|Protect|p1b: Groudon
|-singleturn|p1b: Groudon|Protect
|move|p2a: Sableye|Gravity|p2a: Sableye
|-fieldstart|move: Gravity
|move|p2b: Gengar|Hypnosis|p1b: Groudon
|-activate|p1b: Groudon|move: Protect
|move|p1a: Lunala|Dazzling Gleam|p2a: Sableye|[spread] p2a,p2b
|-supereffective|p2a: Sableye
|-supereffective|p2b: Gengar
|-damage|p2a: Sableye|33/100
|-damage|p2b: Gengar|27/100
|-start|p1a: Lunala|Disable|Dazzling Gleam|[from] ability: Cursed Body|[of] p2b: Gengar
|
|-weather|SunnyDay|[upkeep]
|-heal|p2b: Gengar|33/100|[from] Grassy Terrain
|-heal|p2a: Sableye|39/100|[from] Grassy Terrain
|upkeep
|turn|3
|
|t:|1750867448
|switch|p1b: Rillaboom|Rillaboom, L50, M|100/100 brn
|move|p2a: Sableye|Will-O-Wisp|p1b: Rillaboom
|-fail|p1b: Rillaboom|brn
|move|p2b: Gengar|Hypnosis|p1a: Lunala
|-status|p1a: Lunala|slp|[from] move: Hypnosis
|cant|p1a: Lunala|slp
|
|-weather|SunnyDay|[upkeep]
|-heal|p2b: Gengar|39/100|[from] Grassy Terrain
|-heal|p2a: Sableye|44/100|[from] Grassy Terrain
|-damage|p1b: Rillaboom|95/100 brn|[from] brn
|upkeep
|turn|4
|
|t:|1750867468
|move|p1b: Rillaboom|Fake Out|p2b: Gengar
|-damage|p2b: Gengar|25/100
|-start|p1b: Rillaboom|Disable|Fake Out|[from] ability: Cursed Body|[of] p2b: Gengar
|cant|p2b: Gengar|flinch
|cant|p1a: Lunala|slp
|move|p2a: Sableye|Snarl|p1b: Rillaboom|[spread] p1a,p1b
|-damage|p1a: Lunala|96/100 slp
|-damage|p1b: Rillaboom|87/100 brn
|-unboost|p1a: Lunala|spa|1
|-unboost|p1b: Rillaboom|spa|1
|
|-weather|SunnyDay|[upkeep]
|-heal|p2b: Gengar|32/100|[from] Grassy Terrain
|-heal|p1a: Lunala|100/100 slp|[from] Grassy Terrain
|-heal|p1b: Rillaboom|93/100 brn|[from] Grassy Terrain
|-heal|p2a: Sableye|50/100|[from] Grassy Terrain
|-damage|p1b: Rillaboom|87/100 brn|[from] brn
|upkeep
|turn|5
|
|t:|1750867489
|switch|p2b: Miraidon|Miraidon, L50|100/100
|-fieldstart|move: Electric Terrain|[from] ability: Hadron Engine|[of] p2b: Miraidon
|cant|p1a: Lunala|slp
|move|p1b: Rillaboom|U-turn|p2a: Sableye
|-damage|p2a: Sableye|34/100
|
|t:|1750867498
|switch|p1b: Groudon|Groudon, L50|100/100|[from] U-turn
|move|p2a: Sableye|Snarl|p1b: Groudon|[spread] p1a,p1b
|-damage|p1a: Lunala|97/100 slp
|-damage|p1b: Groudon|90/100
|-unboost|p1a: Lunala|spa|1
|
|-weather|none
|-end|p1a: Lunala|Disable
|upkeep
|turn|6
|
|t:|1750867515
|switch|p1b: Rillaboom|Rillaboom, L50, M|87/100 brn
|-fieldstart|move: Grassy Terrain|[from] ability: Grassy Surge|[of] p1b: Rillaboom
|move|p2a: Sableye|Will-O-Wisp|p1b: Rillaboom
|-fail|p1b: Rillaboom|brn
|move|p2b: Miraidon|Volt Switch|p1a: Lunala
|-damage|p1a: Lunala|52/100 slp
|
|t:|1750867524
|switch|p2b: Ho-Oh|Ho-Oh, L50|100/100|[from] Volt Switch
|-curestatus|p1a: Lunala|slp|[msg]
|move|p1a: Lunala|Dazzling Gleam|p2a: Sableye|[spread] p2a,p2b
|-supereffective|p2a: Sableye
|-resisted|p2b: Ho-Oh
|-damage|p2a: Sableye|3/100
|-damage|p2b: Ho-Oh|97/100
|
|-heal|p1a: Lunala|59/100|[from] Grassy Terrain
|-heal|p2b: Ho-Oh|100/100|[from] Grassy Terrain
|-heal|p1b: Rillaboom|93/100 brn|[from] Grassy Terrain
|-heal|p2a: Sableye|9/100|[from] Grassy Terrain
|-damage|p1b: Rillaboom|87/100 brn|[from] brn
|-fieldend|move: Gravity
|upkeep
|turn|7
|
|t:|1750867550
|move|p1b: Rillaboom|Grassy Glide|p2a: Sableye
|-damage|p2a: Sableye|0 fnt
|faint|p2a: Sableye
|move|p1a: Lunala|Hypnosis|p2b: Ho-Oh|[miss]
|-miss|p1a: Lunala|p2b: Ho-Oh
|move|p2b: Ho-Oh|Tailwind|p2b: Ho-Oh
|-sidestart|p2: hopelessdragon42|move: Tailwind
|
|-heal|p1a: Lunala|65/100|[from] Grassy Terrain
|-heal|p1b: Rillaboom|93/100 brn|[from] Grassy Terrain
|-damage|p1b: Rillaboom|87/100 brn|[from] brn
|upkeep
|
|t:|1750867554
|switch|p2a: Miraidon|Miraidon, L50|100/100
|-fieldstart|move: Electric Terrain|[from] ability: Hadron Engine|[of] p2a: Miraidon
|turn|8
|
|t:|1750867564
|switch|p1b: Groudon|Groudon, L50|90/100
|-weather|SunnyDay|[from] ability: Drought|[of] p1b: Groudon
|move|p1a: Lunala|Protect|p1a: Lunala
|-singleturn|p1a: Lunala|Protect
|move|p2a: Miraidon|Electro Drift|p1a: Lunala
|-activate|p1a: Lunala|move: Protect
|move|p2b: Ho-Oh|Sacred Fire|p1b: Groudon
|-damage|p1b: Groudon|43/100
|-status|p1b: Groudon|brn
|
|-weather|SunnyDay|[upkeep]
|-damage|p1b: Groudon|38/100 brn|[from] brn
|upkeep
|turn|9
|
|t:|1750867590
|switch|p1b: Rillaboom|Rillaboom, L50, M|87/100 brn
|-fieldstart|move: Grassy Terrain|[from] ability: Grassy Surge|[of] p1b: Rillaboom
|move|p2a: Miraidon|Electro Drift|p1a: Lunala
|-damage|p1a: Lunala|0 fnt
|faint|p1a: Lunala
|move|p2b: Ho-Oh|Sacred Fire|p1b: Rillaboom
|-supereffective|p1b: Rillaboom
|-damage|p1b: Rillaboom|0 fnt
|faint|p1b: Rillaboom
|
|-weather|SunnyDay|[upkeep]
|upkeep
|
|t:|1750867598
|switch|p1a: Groudon|Groudon, L50|38/100 brn
|switch|p1b: Lilligant|Lilligant-Hisui, L50, F|100/100
|turn|10
|
|t:|1750867610
|move|p2b: Ho-Oh|Helping Hand|p2a: Miraidon
|-singleturn|p2a: Miraidon|Helping Hand|[of] p2b: Ho-Oh
|move|p1a: Groudon|Protect|p1a: Groudon
|-singleturn|p1a: Groudon|Protect
|move|p2a: Miraidon|Electro Drift|p1b: Lilligant
|-resisted|p1b: Lilligant
|-damage|p1b: Lilligant|13/100
|move|p1b: Lilligant|Coaching|p1a: Groudon
|-boost|p1a: Groudon|atk|1
|-boost|p1a: Groudon|def|1
|
|-weather|SunnyDay|[upkeep]
|-heal|p1b: Lilligant|19/100|[from] Grassy Terrain
|-heal|p1a: Groudon|43/100 brn|[from] Grassy Terrain
|-damage|p1a: Groudon|38/100 brn|[from] brn
|-sideend|p2: hopelessdragon42|move: Tailwind
|upkeep
|turn|11
|
|t:|1750867633
|switch|p2a: Gengar|Gengar, L50, F, tera:Dark|32/100
|move|p1b: Lilligant|After You|p1a: Groudon
|-activate|p1a: Groudon|move: After You
|move|p1a: Groudon|High Horsepower|p2a: Gengar
|-damage|p2a: Gengar|0 fnt
|faint|p2a: Gengar
|move|p2b: Ho-Oh|Tailwind|p2b: Ho-Oh
|-sidestart|p2: hopelessdragon42|move: Tailwind
|
|-weather|SunnyDay|[upkeep]
|-heal|p1b: Lilligant|25/100|[from] Grassy Terrain
|-heal|p1a: Groudon|43/100 brn|[from] Grassy Terrain
|-damage|p1a: Groudon|38/100 brn|[from] brn
|upkeep
|
|t:|1750867645
|switch|p2a: Miraidon|Miraidon, L50|100/100
|-fieldstart|move: Electric Terrain|[from] ability: Hadron Engine|[of] p2a: Miraidon
|turn|12
|
|t:|1750867661
|move|p2b: Ho-Oh|Helping Hand|p2a: Miraidon
|-singleturn|p2a: Miraidon|Helping Hand|[of] p2b: Ho-Oh
|move|p1a: Groudon|Protect|p1a: Groudon
|-singleturn|p1a: Groudon|Protect
|move|p2a: Miraidon|Dazzling Gleam|p1b: Lilligant|[spread] p1b
|-activate|p1a: Groudon|move: Protect
|-supereffective|p1b: Lilligant
|-damage|p1b: Lilligant|0 fnt
|faint|p1b: Lilligant
|
|-weather|none
|-damage|p1a: Groudon|32/100 brn|[from] brn
|upkeep
|turn|13
|
|t:|1750867675
|move|p2a: Miraidon|Dazzling Gleam|p1a: Groudon
|-damage|p1a: Groudon|0 fnt
|faint|p1a: Groudon
|
|win|hopelessdragon42
|raw|IfUforfeitUsuck's rating: 1148 &rarr; <strong>1120</strong><br />(-28 for losing)
|raw|hopelessdragon42's rating: 1100 &rarr; <strong>1128</strong><br />(+28 for winning)
|l|☆IfUforfeitUsuck
|player|p1|
|l|☆hopelessdragon42
|player|p2|
