|j|☆HelloPathfinder
|j|☆RustyChair13
|t:|1750862275
|gametype|doubles
|player|p1|HelloPathfinder|101|1428
|player|p2|RustyChair13|265|1448
|teamsize|p1|6
|teamsize|p2|6
|gen|9
|tier|[Gen 9] VGC 2025 Reg I
|rated|
|rule|Species Clause: Limit one of each Pokémon
|rule|Item Clause: Limit 1 of each item
|clearpoke
|poke|p1|Zacian-*, L50|
|poke|p1|Miraidon, L50|
|poke|p1|Wo-Chien, L50|
|poke|p1|Incineroar, L50, M|
|poke|p1|Landorus, L50, M|
|poke|p1|Tornadus, L50, M|
|poke|p2|Miraidon, L50|
|poke|p2|Zamazenta-*, L50|
|poke|p2|Chien-Pao, L50|
|poke|p2|Iron Hands, L50|
|poke|p2|Farigiraf, L50, F|
|poke|p2|Whimsicott, L50, F|
|teampreview|4
|inactive|Battle timer is ON: inactive players will automatically lose when time's up. (requested by HelloPathfinder)
|
|t:|1750862306
|start
|switch|p1a: Incineroar|Incineroar, L50, M|100/100
|switch|p1b: Zacian|Zacian-Crowned, L50|100/100
|switch|p2a: Farigiraf|Farigiraf, L50, F|100/100
|switch|p2b: Miraidon|Miraidon, L50|100/100
|-ability|p1b: Zacian|Intrepid Sword|boost
|-boost|p1b: Zacian|atk|1
|-fieldstart|move: Electric Terrain|[from] ability: Hadron Engine|[of] p2b: Miraidon
|-enditem|p2a: Farigiraf|Electric Seed
|-boost|p2a: Farigiraf|def|1|[from] item: Electric Seed
|-ability|p1a: Incineroar|Intimidate|boost
|-unboost|p2a: Farigiraf|atk|1
|-unboost|p2b: Miraidon|atk|1
|turn|1
|inactive|RustyChair13 has 30 seconds left.
|
|t:|1750862338
|switch|p1a: Wo-Chien|Wo-Chien, L50|100/100
|-ability|p1a: Wo-Chien|Tablets of Ruin
|-terastallize|p2b: Miraidon|Fairy
|move|p1b: Zacian|Protect|p1b: Zacian
|-singleturn|p1b: Zacian|Protect
|move|p2b: Miraidon|Volt Switch|p1a: Wo-Chien
|-resisted|p1a: Wo-Chien
|-damage|p1a: Wo-Chien|65/100
|
|t:|1750862351
|switch|p2b: Zamazenta|Zamazenta-Crowned, L50|100/100|[from] Volt Switch
|-ability|p2b: Zamazenta|Dauntless Shield|boost
|-boost|p2b: Zamazenta|def|1
|move|p2a: Farigiraf|Trick Room|p2a: Farigiraf
|-fieldstart|move: Trick Room|[of] p2a: Farigiraf
|
|-heal|p1a: Wo-Chien|71/100|[from] item: Leftovers
|upkeep
|turn|2
|inactive|HelloPathfinder has 30 seconds left.
|
|t:|1750862382
|-terastallize|p1b: Zacian|Ground
|move|p2a: Farigiraf|Helping Hand|p2b: Zamazenta
|-singleturn|p2b: Zamazenta|Helping Hand|[of] p2a: Farigiraf
|move|p1a: Wo-Chien|Protect|p1a: Wo-Chien
|-singleturn|p1a: Wo-Chien|Protect
|move|p2b: Zamazenta|Body Press|p1b: Zacian
|-damage|p1b: Zacian|28/100
|move|p1b: Zacian|Tera Blast|p2b: Zamazenta|[anim] Tera Blast Ground
|-supereffective|p2b: Zamazenta
|-damage|p2b: Zamazenta|61/100
|
|-heal|p1a: Wo-Chien|78/100|[from] item: Leftovers
|upkeep
|turn|3
|
|t:|1750862401
|move|p1b: Zacian|Protect|p1b: Zacian
|-singleturn|p1b: Zacian|Protect
|move|p2a: Farigiraf|Foul Play|p1b: Zacian
|-activate|p1b: Zacian|move: Protect
|move|p1a: Wo-Chien|Leech Seed|p2a: Farigiraf
|-start|p2a: Farigiraf|move: Leech Seed
|move|p2b: Zamazenta|Body Press|p1a: Wo-Chien
|-supereffective|p1a: Wo-Chien
|-damage|p1a: Wo-Chien|0 fnt
|faint|p1a: Wo-Chien
|
|upkeep
|inactive|HelloPathfinder has 30 seconds left.
|
|t:|1750862427
|switch|p1a: Miraidon|Miraidon, L50|100/100
|-activate|p1a: Miraidon|ability: Hadron Engine
|turn|4
|
|t:|1750862435
|switch|p1b: Incineroar|Incineroar, L50, M|100/100
|-ability|p1b: Incineroar|Intimidate|boost
|-unboost|p2a: Farigiraf|atk|1
|-unboost|p2b: Zamazenta|atk|1
|move|p2a: Farigiraf|Foul Play|p1b: Incineroar
|-resisted|p1b: Incineroar
|-damage|p1b: Incineroar|90/100
|-damage|p2a: Farigiraf|84/100|[from] item: Rocky Helmet|[of] p1b: Incineroar
|move|p2b: Zamazenta|Body Press|p1a: Miraidon
|-damage|p1a: Miraidon|40/100
|move|p1a: Miraidon|Calm Mind|p1a: Miraidon
|-boost|p1a: Miraidon|spa|1
|-boost|p1a: Miraidon|spd|1
|
|-damage|p2a: Farigiraf|71/100|[from] Leech Seed|[of] p1a: Miraidon
|-heal|p1a: Miraidon|54/100|[silent]
|upkeep
|turn|5
|inactive|RustyChair13 has 30 seconds left.
|
|t:|1750862461
|move|p2a: Farigiraf|Psychic|p1a: Miraidon
|-damage|p1a: Miraidon|35/100
|move|p1b: Incineroar|Will-O-Wisp|p2b: Zamazenta
|-status|p2b: Zamazenta|brn
|move|p2b: Zamazenta|Body Press|p1b: Incineroar
|-supereffective|p1b: Incineroar
|-damage|p1b: Incineroar|32/100
|-damage|p2b: Zamazenta|45/100 brn|[from] item: Rocky Helmet|[of] p1b: Incineroar
|move|p1a: Miraidon|Calm Mind|p1a: Miraidon
|-boost|p1a: Miraidon|spa|1
|-boost|p1a: Miraidon|spd|1
|
|-damage|p2a: Farigiraf|59/100|[from] Leech Seed|[of] p1a: Miraidon
|-heal|p1a: Miraidon|49/100|[silent]
|-damage|p2b: Zamazenta|39/100 brn|[from] brn
|-fieldend|move: Trick Room
|-fieldend|move: Electric Terrain
|upkeep
|turn|6
|
|t:|1750862480
|move|p2b: Zamazenta|Wide Guard|p2b: Zamazenta
|-singleturn|p2b: Zamazenta|Wide Guard
|move|p1a: Miraidon|Dragon Pulse|p2a: Farigiraf
|-damage|p2a: Farigiraf|0 fnt
|faint|p2a: Farigiraf
|move|p1b: Incineroar|Parting Shot|p2b: Zamazenta
|-unboost|p2b: Zamazenta|atk|1
|-unboost|p2b: Zamazenta|spa|1
|
|t:|1750862489
|switch|p1b: Zacian|Zacian-Crowned, L50, tera:Ground|28/100|[from] Parting Shot
|
|-damage|p2b: Zamazenta|32/100 brn|[from] brn
|upkeep
|
|t:|1750862492
|switch|p2a: Iron Hands|Iron Hands, L50|100/100
|turn|7
|
|t:|1750862513
|switch|p1b: Incineroar|Incineroar, L50, M|32/100
|-ability|p1b: Incineroar|Intimidate|boost
|-unboost|p2a: Iron Hands|atk|1
|-unboost|p2b: Zamazenta|atk|1
|move|p1a: Miraidon|Protect|p1a: Miraidon
|-singleturn|p1a: Miraidon|Protect
|move|p2a: Iron Hands|Fake Out|p1b: Incineroar
|-damage|p1b: Incineroar|23/100
|-damage|p2a: Iron Hands|84/100|[from] item: Rocky Helmet|[of] p1b: Incineroar
|move|p2b: Zamazenta|Body Press|p1b: Incineroar
|-supereffective|p1b: Incineroar
|-damage|p1b: Incineroar|0 fnt
|-damage|p2b: Zamazenta|16/100 brn|[from] item: Rocky Helmet|[of] p1b: Incineroar
|faint|p1b: Incineroar
|
|-damage|p2b: Zamazenta|10/100 brn|[from] brn
|upkeep
|
|t:|1750862525
|switch|p1b: Zacian|Zacian-Crowned, L50, tera:Ground|28/100
|turn|8
|
|t:|1750862543
|-end|p2a: Iron Hands|Quark Drive|[silent]
|switch|p2a: Miraidon|Miraidon, L50, tera:Fairy|100/100
|-fieldstart|move: Electric Terrain|[from] ability: Hadron Engine|[of] p2a: Miraidon
|move|p1b: Zacian|Play Rough|p2a: Miraidon
|-damage|p2a: Miraidon|54/100
|move|p1a: Miraidon|Dragon Pulse|p2b: Zamazenta
|-resisted|p2b: Zamazenta
|-damage|p2b: Zamazenta|0 fnt
|faint|p2b: Zamazenta
|
|upkeep
|
|t:|1750862551
|switch|p2b: Iron Hands|Iron Hands, L50|84/100
|-activate|p2b: Iron Hands|ability: Quark Drive
|-start|p2b: Iron Hands|quarkdriveatk
|turn|9
|
|t:|1750862569
|move|p1b: Zacian|Protect|p1b: Zacian
|-singleturn|p1b: Zacian|Protect
|move|p1a: Miraidon|Protect|p1a: Miraidon
|-singleturn|p1a: Miraidon|Protect
|move|p2b: Iron Hands|Fake Out|p1b: Zacian
|-activate|p1b: Zacian|move: Protect
|move|p2a: Miraidon|Dazzling Gleam|p1b: Zacian|[spread] 
|-activate|p1a: Miraidon|move: Protect
|-activate|p1b: Zacian|move: Protect
|
|upkeep
|turn|10
|
|t:|1750862580
|move|p1b: Zacian|Behemoth Blade|p2a: Miraidon
|-supereffective|p2a: Miraidon
|-damage|p2a: Miraidon|0 fnt
|faint|p2a: Miraidon
|move|p1a: Miraidon|Dragon Pulse|p2b: Iron Hands
|-damage|p2b: Iron Hands|7/100
|move|p2b: Iron Hands|Ice Punch|p1b: Zacian
|-supereffective|p1b: Zacian
|-damage|p1b: Zacian|0 fnt
|faint|p1b: Zacian
|
|upkeep
|turn|11
|c|☆HelloPathfinder|gg
|c|☆RustyChair13|gg
|
|t:|1750862597
|move|p1a: Miraidon|Dragon Pulse|p2b: Iron Hands
|-crit|p2b: Iron Hands
|-damage|p2b: Iron Hands|0 fnt
|faint|p2b: Iron Hands
|-end|p2b: Iron Hands|Quark Drive|[silent]
|
|win|HelloPathfinder
|raw|HelloPathfinder's rating: 1428 &rarr; <strong>1449</strong><br />(+21 for winning)
|raw|RustyChair13's rating: 1448 &rarr; <strong>1427</strong><br />(-21 for losing)
|l|☆RustyChair13
|player|p2|
|l|☆HelloPathfinder
|player|p1|
