|j|☆Jzvictini
|j|☆xiaoliyunVGC
|t:|1750812693
|gametype|doubles
|player|p1|Jzvictini|266|1663
|player|p2|xiaoliyunVGC|lillie-masters2|1677
|teamsize|p1|6
|teamsize|p2|6
|gen|9
|tier|[Gen 9] VGC 2025 Reg I
|rated|
|rule|Species Clause: Limit one of each Pokémon
|rule|Item Clause: Limit 1 of each item
|clearpoke
|poke|p1|Calyrex-Ice, L50|
|poke|p1|Farigiraf, L50, F|
|poke|p1|Smeargle, L50, M|
|poke|p1|Kyogre, L50|
|poke|p1|Urshifu-*, L50, M|
|poke|p1|Indeedee-F, L50, F|
|poke|p2|Zamazenta-*, L50|
|poke|p2|Kyogre, L50|
|poke|p2|Amoonguss, L50, M|
|poke|p2|Rillaboom, L50, F|
|poke|p2|Chien-Pao, L50|
|poke|p2|Iron Jugulis, L50|
|teampreview|4
|inactive|Battle timer is ON: inactive players will automatically lose when time's up. (requested by xiaoliyunVGC)
|inactive|Jzvictini has 60 seconds left.
|
|t:|1750812731
|start
|switch|p1a: Calyrex|Calyrex-Ice, L50|100/100
|switch|p1b: Indeedee|Indeedee-F, L50, F|100/100
|switch|p2a: Zamazenta|Zamazenta-Crowned, L50, shiny|100/100
|switch|p2b: Rillaboom|Rillaboom, L50, F, shiny|100/100
|-ability|p1a: Calyrex|As One
|-ability|p1a: Calyrex|Unnerve
|-ability|p2a: Zamazenta|Dauntless Shield|boost
|-boost|p2a: Zamazenta|def|1
|-fieldstart|move: Grassy Terrain|[from] ability: Grassy Surge|[of] p2b: Rillaboom
|-fieldstart|move: Psychic Terrain|[from] ability: Psychic Surge|[of] p1b: Indeedee
|turn|1
|
|t:|1750812747
|-terastallize|p2a: Zamazenta|Grass
|move|p2a: Zamazenta|Body Press|p1a: Calyrex
|-damage|p1a: Calyrex|54/100
|move|p2b: Rillaboom|U-turn|p1a: Calyrex
|-supereffective|p1a: Calyrex
|-damage|p1a: Calyrex|25/100
|
|t:|1750812755
|switch|p2b: Chien-Pao|Chien-Pao, L50|100/100|[from] U-turn
|-ability|p2b: Chien-Pao|Sword of Ruin
|move|p1a: Calyrex|Glacial Lance|p2a: Zamazenta|[spread] p2a,p2b
|-supereffective|p2a: Zamazenta
|-resisted|p2b: Chien-Pao
|-damage|p2a: Zamazenta|44/100
|-damage|p2b: Chien-Pao|57/100
|move|p1b: Indeedee|Trick Room|p1b: Indeedee
|-fieldstart|move: Trick Room|[of] p1b: Indeedee
|
|upkeep
|turn|2
|inactive|Jzvictini has 30 seconds left.
|
|t:|1750812780
|switch|p1b: Urshifu|Urshifu-Rapid-Strike, L50, M|100/100
|move|p2a: Zamazenta|Wide Guard|p2a: Zamazenta
|-singleturn|p2a: Zamazenta|Wide Guard
|move|p1a: Calyrex|High Horsepower|p2b: Chien-Pao
|-damage|p2b: Chien-Pao|6/100
|move|p2b: Chien-Pao|Crunch|p1a: Calyrex
|-supereffective|p1a: Calyrex
|-damage|p1a: Calyrex|0 fnt
|faint|p1a: Calyrex
|
|upkeep
|
|t:|1750812791
|switch|p1a: Kyogre|Kyogre, L50|100/100
|-weather|RainDance|[from] ability: Drizzle|[of] p1a: Kyogre
|turn|3
|
|t:|1750812814
|switch|p2a: Rillaboom|Rillaboom, L50, F, shiny|100/100
|-fieldstart|move: Grassy Terrain|[from] ability: Grassy Surge|[of] p2a: Rillaboom
|-terastallize|p1b: Urshifu|Water
|move|p2b: Chien-Pao|Sucker Punch|p1a: Kyogre
|-damage|p1a: Kyogre|56/100
|move|p1a: Kyogre|Water Spout|p2b: Chien-Pao|[spread] p2a,p2b
|-resisted|p2a: Rillaboom
|-damage|p2a: Rillaboom|81/100
|-damage|p2b: Chien-Pao|0 fnt
|faint|p2b: Chien-Pao
|move|p1b: Urshifu|Surging Strikes|p2a: Rillaboom
|-resisted|p2a: Rillaboom
|-crit|p2a: Rillaboom
|-damage|p2a: Rillaboom|61/100
|-resisted|p2a: Rillaboom
|-crit|p2a: Rillaboom
|-damage|p2a: Rillaboom|40/100
|-resisted|p2a: Rillaboom
|-crit|p2a: Rillaboom
|-damage|p2a: Rillaboom|19/100
|-hitcount|p2a: Rillaboom|3
|
|-weather|RainDance|[upkeep]
|-heal|p1a: Kyogre|61/100|[from] Grassy Terrain
|-heal|p2a: Rillaboom|25/100|[from] Grassy Terrain
|upkeep
|
|t:|1750812825
|switch|p2b: Amoonguss|Amoonguss, L50, M, shiny|100/100
|turn|4
|
|t:|1750812837
|switch|p1a: Indeedee|Indeedee-F, L50, F|100/100
|-fieldstart|move: Psychic Terrain|[from] ability: Psychic Surge|[of] p1a: Indeedee
|move|p1b: Urshifu|Surging Strikes|p2a: Rillaboom
|-resisted|p2a: Rillaboom
|-crit|p2a: Rillaboom
|-damage|p2a: Rillaboom|4/100
|-resisted|p2a: Rillaboom
|-crit|p2a: Rillaboom
|-damage|p2a: Rillaboom|0 fnt
|faint|p2a: Rillaboom
|-hitcount|p2: Rillaboom|2
|move|p2b: Amoonguss|Spore|p1b: Urshifu
|-status|p1b: Urshifu|slp|[from] move: Spore
|
|-weather|RainDance|[upkeep]
|upkeep
|
|t:|1750812844
|switch|p2a: Zamazenta|Zamazenta-Crowned, L50, shiny, tera:Grass|44/100
|turn|5
|
|t:|1750812852
|cant|p1b: Urshifu|slp
|move|p2b: Amoonguss|Spore|p1a: Indeedee
|-activate|p1a: Indeedee|item: Safety Goggles|Spore
|move|p1a: Indeedee|Psychic|p2a: Zamazenta
|-damage|p2a: Zamazenta|13/100
|move|p2a: Zamazenta|Body Press|p1b: Urshifu
|-damage|p1b: Urshifu|59/100 slp
|
|-weather|RainDance|[upkeep]
|-fieldend|move: Trick Room
|upkeep
|turn|6
|
|t:|1750812870
|move|p2a: Zamazenta|Body Press|p1a: Indeedee
|-damage|p1a: Indeedee|56/100
|move|p1a: Indeedee|Psychic|p2a: Zamazenta
|-damage|p2a: Zamazenta|0 fnt
|faint|p2a: Zamazenta
|move|p2b: Amoonguss|Sludge Bomb|p1a: Indeedee
|-damage|p1a: Indeedee|29/100
|cant|p1b: Urshifu|slp
|
|-weather|RainDance|[upkeep]
|upkeep
|turn|7
|
|t:|1750812878
|move|p1a: Indeedee|Psychic|p2b: Amoonguss
|-supereffective|p2b: Amoonguss
|-damage|p2b: Amoonguss|37/100
|move|p2b: Amoonguss|Sludge Bomb|p1a: Indeedee
|-crit|p1a: Indeedee
|-damage|p1a: Indeedee|0 fnt
|faint|p1a: Indeedee
|cant|p1b: Urshifu|slp
|
|-weather|none
|upkeep
|
|t:|1750812881
|switch|p1a: Kyogre|Kyogre, L50|61/100
|-weather|RainDance|[from] ability: Drizzle|[of] p1a: Kyogre
|turn|8
|
|t:|1750812886
|move|p2b: Amoonguss|Spore|p1a: Kyogre
|-status|p1a: Kyogre|slp|[from] move: Spore
|-curestatus|p1b: Urshifu|slp|[msg]
|move|p1b: Urshifu|Surging Strikes|p2b: Amoonguss
|-resisted|p2b: Amoonguss
|-crit|p2b: Amoonguss
|-damage|p2b: Amoonguss|17/100
|-resisted|p2b: Amoonguss
|-crit|p2b: Amoonguss
|-damage|p2b: Amoonguss|0 fnt
|faint|p2b: Amoonguss
|-hitcount|p2: Amoonguss|2
|
|win|Jzvictini
|raw|Jzvictini's rating: 1663 &rarr; <strong>1684</strong><br />(+21 for winning)
|raw|xiaoliyunVGC's rating: 1677 &rarr; <strong>1656</strong><br />(-21 for losing)
|l|☆xiaoliyunVGC
|player|p2|
|l|☆Jzvictini
|player|p1|
