|j|☆kai1127
|j|☆bman311
|t:|1750820634
|gametype|doubles
|player|p1|kai1127|red|1556
|player|p2|bman311|elesa-masters|1580
|teamsize|p1|6
|teamsize|p2|6
|gen|9
|tier|[Gen 9] VGC 2025 Reg I
|rated|
|rule|Species Clause: Limit one of each Pokémon
|rule|Item Clause: Limit 1 of each item
|clearpoke
|poke|p1|Miraidon, L50|
|poke|p1|Lunala, L50|
|poke|p1|Ursaluna, L50, F|
|poke|p1|Urshifu-*, L50, F|
|poke|p1|Incineroar, L50, F|
|poke|p1|Whimsicott, L50, M|
|poke|p2|Miraidon, L50|
|poke|p2|Lunala, L50|
|poke|p2|Incineroar, L50, M|
|poke|p2|Ursaluna, L50, F|
|poke|p2|Urshifu-*, L50, M|
|poke|p2|Whimsicott, L50, M|
|teampreview|4
|inactive|Battle timer is ON: inactive players will automatically lose when time's up. (requested by bman311)
|j| shenhdhe
|
|t:|1750820654
|start
|switch|p1a: Lunala|Lunala, L50|100/100
|switch|p1b: Miraidon|Miraidon, L50|100/100
|switch|p2a: Incineroar|Incineroar, L50, M|100/100
|switch|p2b: Miraidon|Miraidon, L50|100/100
|-fieldstart|move: Electric Terrain|[from] ability: Hadron Engine|[of] p2b: Miraidon
|-enditem|p1a: Lunala|Electric Seed
|-boost|p1a: Lunala|def|1|[from] item: Electric Seed
|-activate|p1b: Miraidon|ability: Hadron Engine
|-ability|p2a: Incineroar|Intimidate|boost
|-unboost|p1a: Lunala|atk|1
|-unboost|p1b: Miraidon|atk|1
|turn|1
|j| caZISA
|inactive|kai1127 has 30 seconds left.
|inactive|kai1127 has 20 seconds left.
|inactive|kai1127 has 15 seconds left.
|
|t:|1750820697
|switch|p1b: Urshifu|Urshifu-Rapid-Strike, L50, F|100/100
|-terastallize|p2b: Miraidon|Fairy
|-terastallize|p1a: Lunala|Fairy
|move|p2a: Incineroar|Fake Out|p1b: Urshifu
|-damage|p1b: Urshifu|89/100
|move|p2b: Miraidon|Dazzling Gleam|p1a: Lunala|[spread] p1a,p1b
|-supereffective|p1b: Urshifu
|-damage|p1a: Lunala|78/100
|-damage|p1b: Urshifu|0 fnt
|faint|p1b: Urshifu
|move|p1a: Lunala|Moonblast|p2b: Miraidon
|-damage|p2b: Miraidon|51/100
|
|upkeep
|
|t:|1750820713
|switch|p1b: Ursaluna|Ursaluna, L50, F|100/100
|turn|2
|
|t:|1750820730
|switch|p2b: Ursaluna|Ursaluna, L50, F|100/100
|move|p1a: Lunala|Wide Guard|p1a: Lunala
|-singleturn|p1a: Lunala|Wide Guard
|move|p2a: Incineroar|Knock Off|p1b: Ursaluna
|-damage|p1b: Ursaluna|73/100
|-enditem|p1b: Ursaluna|Flame Orb|[from] move: Knock Off|[of] p2a: Incineroar
|move|p1b: Ursaluna|Earthquake|p2a: Incineroar|[spread] p2a,p2b
|-activate|p1a: Lunala|move: Wide Guard
|-supereffective|p2a: Incineroar
|-damage|p2a: Incineroar|34/100
|-damage|p2b: Ursaluna|68/100
|
|-status|p2b: Ursaluna|brn|[from] item: Flame Orb
|upkeep
|turn|3
|
|t:|1750820752
|move|p1a: Lunala|Moongeist Beam|p2a: Incineroar
|-resisted|p2a: Incineroar
|-damage|p2a: Incineroar|15/100
|move|p2a: Incineroar|U-turn|p1a: Lunala
|-resisted|p1a: Lunala
|-damage|p1a: Lunala|72/100
|
|t:|1750820757
|switch|p2a: Lunala|Lunala, L50|100/100|[from] U-turn
|-enditem|p2a: Lunala|Electric Seed
|-boost|p2a: Lunala|def|1|[from] item: Electric Seed
|move|p2b: Ursaluna|Facade|p1a: Lunala
|-damage|p1a: Lunala|8/100
|move|p1b: Ursaluna|Facade|p2b: Ursaluna
|-damage|p2b: Ursaluna|38/100 brn
|
|-damage|p2b: Ursaluna|32/100 brn|[from] brn
|upkeep
|turn|4
|
|t:|1750820775
|switch|p2b: Incineroar|Incineroar, L50, M|15/100
|-ability|p2b: Incineroar|Intimidate|boost
|-unboost|p1a: Lunala|atk|1
|-unboost|p1b: Ursaluna|atk|1
|move|p1a: Lunala|Wide Guard|p1a: Lunala
|-singleturn|p1a: Lunala|Wide Guard
|move|p2a: Lunala|Moongeist Beam|p1a: Lunala
|-damage|p1a: Lunala|0 fnt
|faint|p1a: Lunala
|move|p1b: Ursaluna|Earthquake|p2a: Lunala|[spread] p2a,p2b
|-supereffective|p2b: Incineroar
|-damage|p2a: Lunala|94/100
|-damage|p2b: Incineroar|0 fnt
|faint|p2b: Incineroar
|
|upkeep
|l| caZISA
|
|t:|1750820792
|switch|p1a: Miraidon|Miraidon, L50|100/100
|switch|p2b: Miraidon|Miraidon, L50, tera:Fairy|51/100
|-activate|p2b: Miraidon|ability: Hadron Engine
|-activate|p1a: Miraidon|ability: Hadron Engine
|turn|5
|
|t:|1750820815
|move|p2b: Miraidon|Dazzling Gleam|p1b: Ursaluna|[spread] p1a,p1b
|-supereffective|p1a: Miraidon
|-damage|p1a: Miraidon|0 fnt
|-damage|p1b: Ursaluna|11/100
|faint|p1a: Miraidon
|move|p2a: Lunala|Moonblast|p1b: Ursaluna
|-damage|p1b: Ursaluna|0 fnt
|faint|p1b: Ursaluna
|
|win|bman311
|raw|kai1127's rating: 1556 &rarr; <strong>1537</strong><br />(-19 for losing)
|raw|bman311's rating: 1580 &rarr; <strong>1599</strong><br />(+19 for winning)
|j| BiffSharkbite
|l| BiffSharkbite
