|j|☆Agent VGD
|j|☆drake412
|t:|1750838669
|gametype|doubles
|player|p1|Agent VGD|camper|1303
|player|p2|drake412|265|1332
|teamsize|p1|6
|teamsize|p2|6
|gen|9
|tier|[Gen 9] VGC 2025 Reg I
|rated|
|rule|Species Clause: Limit one of each Pokémon
|rule|Item Clause: Limit 1 of each item
|clearpoke
|poke|p1|Mandibuzz, L50, F|
|poke|p1|Grafaiai, L50, F|
|poke|p1|Miraidon, L50|
|poke|p1|Iron Leaves, L50|
|poke|p1|Iron Hands, L50|
|poke|p1|Solgaleo, L50|
|poke|p2|Koraidon, L50|
|poke|p2|Flutter Mane, L50|
|poke|p2|Ogerpon-Wellspring, L50, F|
|poke|p2|Calyrex-Shadow, L50|
|poke|p2|Indeedee-F, L50, F|
|poke|p2|Incineroar, L50, M|
|teampreview|4
|
|t:|1750838726
|start
|switch|p1a: Iron Hands|Iron Hands, L50|100/100
|switch|p1b: Grafaiai|Grafaiai, L50, F|100/100
|switch|p2a: Koraidon|Koraidon, L50|100/100
|switch|p2b: Flutter Mane|Flutter Mane, L50|100/100
|-weather|SunnyDay|[from] ability: Orichalcum Pulse|[of] p2a: Koraidon
|-activate|p2b: Flutter Mane|ability: Protosynthesis
|-start|p2b: Flutter Mane|protosynthesisspe
|-activate|p2a: Koraidon|Orichalcum Pulse|[source]
|turn|1
|
|t:|1750838760
|switch|p2a: Incineroar|Incineroar, L50, M|100/100
|-ability|p2a: Incineroar|Intimidate|boost
|-unboost|p1a: Iron Hands|atk|1
|-unboost|p1b: Grafaiai|atk|1
|move|p2b: Flutter Mane|Protect|p2b: Flutter Mane
|-singleturn|p2b: Flutter Mane|Protect
|move|p1b: Grafaiai|Knock Off|p2b: Flutter Mane
|-activate|p2b: Flutter Mane|move: Protect
|move|p1a: Iron Hands|Supercell Slam|p2b: Flutter Mane
|-activate|p2b: Flutter Mane|move: Protect
|-damage|p1a: Iron Hands|51/100|[from] supercellslam
|
|-weather|SunnyDay|[upkeep]
|upkeep
|turn|2
|
|t:|1750838782
|move|p2a: Incineroar|Fake Out|p1a: Iron Hands
|-damage|p1a: Iron Hands|44/100
|move|p1b: Grafaiai|Encore|p2b: Flutter Mane
|-start|p2b: Flutter Mane|Encore
|move|p2b: Flutter Mane|Protect||[still]
|-fail|p2b: Flutter Mane
|cant|p1a: Iron Hands|flinch
|
|-weather|SunnyDay|[upkeep]
|upkeep
|turn|3
|
|t:|1750838814
|switch|p2a: Calyrex|Calyrex-Shadow, L50|100/100
|-ability|p2a: Calyrex|As One
|-ability|p2a: Calyrex|Unnerve
|move|p2b: Flutter Mane|Protect|p2b: Flutter Mane
|-singleturn|p2b: Flutter Mane|Protect
|move|p1b: Grafaiai|Knock Off|p2a: Calyrex
|-supereffective|p2a: Calyrex
|-damage|p2a: Calyrex|7/100
|-enditem|p2a: Calyrex|Spooky Plate|[from] move: Knock Off|[of] p1b: Grafaiai
|move|p1a: Iron Hands|Drain Punch|p2a: Calyrex
|-immune|p2a: Calyrex
|
|-weather|SunnyDay|[upkeep]
|upkeep
|turn|4
|
|t:|1750838841
|-end|p2b: Flutter Mane|Protosynthesis|[silent]
|switch|p2b: Incineroar|Incineroar, L50, M|100/100
|-ability|p2b: Incineroar|Intimidate|boost
|-unboost|p1a: Iron Hands|atk|1
|-unboost|p1b: Grafaiai|atk|1
|move|p2a: Calyrex|Protect|p2a: Calyrex
|-singleturn|p2a: Calyrex|Protect
|move|p1b: Grafaiai|Knock Off|p2a: Calyrex
|-activate|p2a: Calyrex|move: Protect
|move|p1a: Iron Hands|Supercell Slam|p2b: Incineroar
|-damage|p2b: Incineroar|81/100
|
|-weather|SunnyDay|[upkeep]
|upkeep
|turn|5
|
|t:|1750838865
|move|p2b: Incineroar|Fake Out|p1b: Grafaiai
|-damage|p1b: Grafaiai|80/100
|move|p2a: Calyrex|Expanding Force|p1b: Grafaiai
|-supereffective|p1b: Grafaiai
|-damage|p1b: Grafaiai|0 fnt
|faint|p1b: Grafaiai
|-ability|p2a: Calyrex|Grim Neigh|boost
|-boost|p2a: Calyrex|spa|1
|move|p1a: Iron Hands|Ice Punch|p2a: Calyrex
|-damage|p2a: Calyrex|0 fnt
|faint|p2a: Calyrex
|
|-weather|none
|upkeep
|
|t:|1750838894
|switch|p2a: Koraidon|Koraidon, L50|100/100
|switch|p1b: Miraidon|Miraidon, L50|100/100
|-weather|SunnyDay|[from] ability: Orichalcum Pulse|[of] p2a: Koraidon
|-activate|p2a: Koraidon|Orichalcum Pulse|[source]
|-fieldstart|move: Electric Terrain|[from] ability: Hadron Engine|[of] p1b: Miraidon
|-activate|p1a: Iron Hands|ability: Quark Drive
|-start|p1a: Iron Hands|quarkdrivedef
|turn|6
|
|t:|1750838937
|-end|p1a: Iron Hands|Quark Drive|[silent]
|switch|p1a: Solgaleo|Solgaleo, L50|100/100
|-terastallize|p1b: Miraidon|Fairy
|move|p2a: Koraidon|Protect|p2a: Koraidon
|-singleturn|p2a: Koraidon|Protect
|move|p1b: Miraidon|Electro Drift|p2a: Koraidon
|-activate|p2a: Koraidon|move: Protect
|move|p2b: Incineroar|U-turn|p1b: Miraidon
|-resisted|p1b: Miraidon
|-damage|p1b: Miraidon|91/100
|
|t:|1750838952
|switch|p2b: Flutter Mane|Flutter Mane, L50|100/100|[from] U-turn
|-activate|p2b: Flutter Mane|ability: Protosynthesis
|-start|p2b: Flutter Mane|protosynthesisspe
|
|-weather|SunnyDay|[upkeep]
|upkeep
|turn|7
|
|t:|1750838965
|-terastallize|p2a: Koraidon|Fire
|move|p2b: Flutter Mane|Icy Wind|p1a: Solgaleo|[spread] p1a,p1b
|-resisted|p1a: Solgaleo
|-damage|p1a: Solgaleo|95/100
|-damage|p1b: Miraidon|77/100
|-unboost|p1b: Miraidon|spe|1
|move|p2a: Koraidon|Flare Blitz|p1b: Miraidon
|-damage|p1b: Miraidon|0 fnt
|faint|p1b: Miraidon
|-damage|p2a: Koraidon|75/100|[from] Recoil
|-damage|p2a: Koraidon|66/100|[from] item: Life Orb
|move|p1a: Solgaleo|Psychic Fangs|p2a: Koraidon
|-damage|p2a: Koraidon|22/100
|
|-weather|SunnyDay|[upkeep]
|upkeep
|
|t:|1750838974
|switch|p1b: Iron Hands|Iron Hands, L50|44/100
|-activate|p1b: Iron Hands|ability: Quark Drive
|-start|p1b: Iron Hands|quarkdriveatk
|turn|8
|
|t:|1750838988
|switch|p2a: Incineroar|Incineroar, L50, M|81/100
|-ability|p2a: Incineroar|Intimidate|boost
|-fail|p1a: Solgaleo|unboost|[from] ability: Full Metal Body|[of] p1a: Solgaleo
|-unboost|p1b: Iron Hands|atk|1
|move|p1b: Iron Hands|Fake Out|p2a: Incineroar
|-damage|p2a: Incineroar|71/100
|move|p2b: Flutter Mane|Moonblast|p1b: Iron Hands
|-supereffective|p1b: Iron Hands
|-damage|p1b: Iron Hands|0 fnt
|faint|p1b: Iron Hands
|-end|p1b: Iron Hands|Quark Drive|[silent]
|move|p1a: Solgaleo|Sunsteel Strike|p2b: Flutter Mane
|-supereffective|p2b: Flutter Mane
|-crit|p2b: Flutter Mane
|-enditem|p2b: Flutter Mane|Focus Sash
|-damage|p2b: Flutter Mane|1/100
|
|-weather|SunnyDay|[upkeep]
|upkeep
|turn|9
|c|☆Agent VGD|Gg
|
|t:|1750839010
|move|p2b: Flutter Mane|Shadow Ball|p1a: Solgaleo
|-supereffective|p1a: Solgaleo
|-damage|p1a: Solgaleo|20/100
|move|p1a: Solgaleo|Sunsteel Strike|p2b: Flutter Mane
|-supereffective|p2b: Flutter Mane
|-damage|p2b: Flutter Mane|0 fnt
|faint|p2b: Flutter Mane
|-end|p2b: Flutter Mane|Protosynthesis|[silent]
|move|p2a: Incineroar|Flare Blitz|p1a: Solgaleo
|-supereffective|p1a: Solgaleo
|-damage|p1a: Solgaleo|0 fnt
|faint|p1a: Solgaleo
|-damage|p2a: Incineroar|63/100|[from] Recoil
|
|win|drake412
|raw|Agent VGD's rating: 1303 &rarr; <strong>1285</strong><br />(-18 for losing)
|raw|drake412's rating: 1332 &rarr; <strong>1350</strong><br />(+18 for winning)
|l|☆drake412
|player|p2|
|l|☆Agent VGD
|player|p1|
