|j|☆kaibwah
|j|☆zamamybeloved
|t:|1750767279
|gametype|doubles
|player|p1|kaibwah|benga|1165
|player|p2|zamamybeloved|1|1113
|teamsize|p1|6
|teamsize|p2|6
|gen|9
|tier|[Gen 9] VGC 2025 Reg I
|rated|
|rule|Species Clause: Limit one of each Pokémon
|rule|Item Clause: Limit 1 of each item
|clearpoke
|poke|p1|Miraidon, L50|
|poke|p1|Calyrex-Ice, L50|
|poke|p1|Abomasnow, L50, F|
|poke|p1|Chi-Yu, L50|
|poke|p1|Iron Bundle, L50|
|poke|p1|Incineroar, L50, F|
|poke|p2|Calyrex-Shadow, L50|
|poke|p2|Zamazenta-*, L50|
|poke|p2|Tornadus, L50, M|
|poke|p2|Incineroar, L50, F|
|poke|p2|Amoonguss, L50, F|
|poke|p2|Urshifu-*, L50, F|
|teampreview|4
|
|t:|1750767307
|start
|switch|p1a: Calyrex|Calyrex-Ice, L50|100/100
|switch|p1b: Abomasnow|Abomasnow, L50, F|100/100
|switch|p2a: Tornadus|Tornadus, L50, M|100/100
|switch|p2b: Zamazenta|Zamazenta-Crowned, L50|100/100
|-ability|p1a: Calyrex|As One
|-ability|p1a: Calyrex|Unnerve
|-ability|p2b: Zamazenta|Dauntless Shield|boost
|-boost|p2b: Zamazenta|def|1
|-weather|Snowscape|[from] ability: Snow Warning|[of] p1b: Abomasnow
|-enditem|p1a: Calyrex|Mirror Herb
|-boost|p1a: Calyrex|def|1|[from] item: Mirror Herb
|turn|1
|
|t:|1750767325
|move|p2a: Tornadus|Taunt|p1a: Calyrex
|-start|p1a: Calyrex|move: Taunt
|move|p2b: Zamazenta|Body Press|p1a: Calyrex
|-damage|p1a: Calyrex|80/100
|move|p1b: Abomasnow|Aurora Veil|p1b: Abomasnow
|-sidestart|p1: kaibwah|move: Aurora Veil
|cant|p1a: Calyrex|move: Taunt|Trick Room
|
|-weather|Snowscape|[upkeep]
|upkeep
|turn|2
|
|t:|1750767348
|switch|p1b: Miraidon|Miraidon, L50|100/100
|-fieldstart|move: Electric Terrain|[from] ability: Hadron Engine|[of] p1b: Miraidon
|move|p2a: Tornadus|Tailwind|p2a: Tornadus
|-sidestart|p2: zamamybeloved|move: Tailwind
|move|p2b: Zamazenta|Body Press|p1a: Calyrex
|-damage|p1a: Calyrex|67/100
|move|p1a: Calyrex|Glacial Lance|p2a: Tornadus|[spread] p2a,p2b
|-supereffective|p2a: Tornadus
|-resisted|p2b: Zamazenta
|-damage|p2a: Tornadus|0 fnt
|-damage|p2b: Zamazenta|88/100
|faint|p2a: Tornadus
|-ability|p1a: Calyrex|Chilling Neigh|boost
|-boost|p1a: Calyrex|atk|1
|
|-weather|Snowscape|[upkeep]
|upkeep
|
|t:|1750767366
|switch|p2a: Calyrex|Calyrex-Shadow, L50|100/100
|-ability|p2a: Calyrex|As One
|-ability|p2a: Calyrex|Unnerve
|turn|3
|
|t:|1750767376
|-terastallize|p2a: Calyrex|Ghost
|-terastallize|p1a: Calyrex|Dark
|move|p2a: Calyrex|Astral Barrage|p1b: Miraidon|[spread] p1a,p1b
|-resisted|p1a: Calyrex
|-damage|p1a: Calyrex|48/100
|-damage|p1b: Miraidon|59/100
|move|p2b: Zamazenta|Body Press|p1b: Miraidon
|-damage|p1b: Miraidon|7/100
|move|p1b: Miraidon|Volt Switch|p2b: Zamazenta
|-damage|p2b: Zamazenta|2/100
|
|t:|1750767389
|switch|p1b: Iron Bundle|Iron Bundle, L50|100/100|[from] Volt Switch
|-activate|p1b: Iron Bundle|ability: Quark Drive
|-start|p1b: Iron Bundle|quarkdrivespe
|move|p1a: Calyrex|Glacial Lance|p2b: Zamazenta|[spread] p2a,p2b
|-resisted|p2b: Zamazenta
|-enditem|p2a: Calyrex|Focus Sash
|-damage|p2a: Calyrex|1/100
|-damage|p2b: Zamazenta|0 fnt
|faint|p2b: Zamazenta
|-ability|p1a: Calyrex|Chilling Neigh|boost
|-boost|p1a: Calyrex|atk|1
|
|-weather|Snowscape|[upkeep]
|-end|p1a: Calyrex|move: Taunt
|upkeep
|
|t:|1750767398
|switch|p2b: Urshifu|Urshifu-Rapid-Strike, L50, F|100/100
|turn|4
|
|t:|1750767421
|move|p2a: Calyrex|Protect|p2a: Calyrex
|-singleturn|p2a: Calyrex|Protect
|move|p1b: Iron Bundle|Protect|p1b: Iron Bundle
|-singleturn|p1b: Iron Bundle|Protect
|move|p2b: Urshifu|Close Combat|p1a: Calyrex
|-supereffective|p1a: Calyrex
|-damage|p1a: Calyrex|1/100
|-unboost|p2b: Urshifu|def|1
|-unboost|p2b: Urshifu|spd|1
|move|p1a: Calyrex|Glacial Lance|p2a: Calyrex|[spread] p2b
|-activate|p2a: Calyrex|move: Protect
|-resisted|p2b: Urshifu
|-damage|p2b: Urshifu|14/100
|
|-weather|Snowscape|[upkeep]
|upkeep
|turn|5
|
|t:|1750767438
|-end|p1b: Iron Bundle|Quark Drive|[silent]
|switch|p1b: Abomasnow|Abomasnow, L50, F|100/100
|move|p2a: Calyrex|Astral Barrage|p1b: Abomasnow|[spread] p1a,p1b
|-resisted|p1a: Calyrex
|-damage|p1a: Calyrex|0 fnt
|-damage|p1b: Abomasnow|52/100
|faint|p1a: Calyrex
|-ability|p2a: Calyrex|Grim Neigh|boost
|-boost|p2a: Calyrex|spa|1
|move|p2b: Urshifu|Close Combat|p1b: Abomasnow
|-supereffective|p1b: Abomasnow
|-damage|p1b: Abomasnow|0 fnt
|-unboost|p2b: Urshifu|def|1
|-unboost|p2b: Urshifu|spd|1
|faint|p1b: Abomasnow
|
|-weather|none
|-sideend|p2: zamamybeloved|move: Tailwind
|-sideend|p1: kaibwah|move: Aurora Veil
|upkeep
|
|t:|1750767446
|switch|p1b: Miraidon|Miraidon, L50|7/100
|switch|p1a: Iron Bundle|Iron Bundle, L50|100/100
|-activate|p1b: Miraidon|ability: Hadron Engine
|-activate|p1a: Iron Bundle|ability: Quark Drive
|-start|p1a: Iron Bundle|quarkdrivespe
|turn|6
|
|t:|1750767454
|move|p1a: Iron Bundle|Freeze-Dry|p2a: Calyrex
|-damage|p2a: Calyrex|0 fnt
|faint|p2a: Calyrex
|-damage|p1a: Iron Bundle|91/100|[from] item: Life Orb
|move|p1b: Miraidon|Dazzling Gleam|p2b: Urshifu
|-supereffective|p2b: Urshifu
|-damage|p2b: Urshifu|0 fnt
|faint|p2b: Urshifu
|
|win|kaibwah
|raw|kaibwah's rating: 1165 &rarr; <strong>1186</strong><br />(+21 for winning)
|raw|zamamybeloved's rating: 1113 &rarr; <strong>1092</strong><br />(-21 for losing)
|l|☆kaibwah
|player|p1|
|l|☆zamamybeloved
|player|p2|
