|j|☆Axel316
|j|☆Nydira
|t:|1750857876
|gametype|doubles
|player|p1|Axel316|169|1445
|player|p2|Nydira|fisher-gen8|1482
|teamsize|p1|6
|teamsize|p2|6
|gen|9
|tier|[Gen 9] VGC 2025 Reg I
|rated|
|rule|Species Clause: Limit one of each Pokémon
|rule|Item Clause: Limit 1 of each item
|clearpoke
|poke|p1|Terapagos, L50, M|
|poke|p1|Whimsicott, L50, M|
|poke|p1|Zamazenta-*, L50|
|poke|p1|Ogerpon-Hearthflame, L50, F|
|poke|p1|Flutter Mane, L50|
|poke|p1|Raging Bolt, L50|
|poke|p2|Koraidon, L50|
|poke|p2|Incineroar, L50, F|
|poke|p2|Scovillain, L50, M|
|poke|p2|Lunala, L50|
|poke|p2|Ursaluna, L50, F|
|poke|p2|Indeedee-F, L50, F|
|teampreview|4
|inactive|Battle timer is ON: inactive players will automatically lose when time's up. (requested by Nydira)
|inactive|Nydira has 60 seconds left.
|
|t:|1750857919
|start
|switch|p1a: Ogerpon|Ogerpon-Hearthflame, L50, F|100/100
|switch|p1b: Terapagos|Terapagos, L50, M|100/100
|switch|p2a: Koraidon|Koraidon, L50|100/100
|switch|p2b: Scovillain|Scovillain, L50, M, shiny|100/100
|-activate|p1b: Terapagos|ability: Tera Shift
|detailschange|p1b: Terapagos|Terapagos-Terastal, L50, M
|-heal|p1b: Terapagos|100/100|[silent]
|-weather|SunnyDay|[from] ability: Orichalcum Pulse|[of] p2a: Koraidon
|-activate|p2a: Koraidon|Orichalcum Pulse|[source]
|-ability|p1a: Ogerpon|Mold Breaker
|turn|1
|inactive|Nydira has 30 seconds left.
|inactive|Axel316 has 30 seconds left.
|inactive|Nydira has 20 seconds left.
|inactive|Nydira has 15 seconds left.
|inactive|Nydira has 10 seconds left.
|
|t:|1750857966
|-terastallize|p1a: Ogerpon|Fire
|detailschange|p1a: Ogerpon|Ogerpon-Hearthflame-Tera, L50, F, tera:Fire
|-ability|p1a: Ogerpon|Embody Aspect (Hearthflame)|boost
|-boost|p1a: Ogerpon|atk|1
|move|p1b: Terapagos|Protect|p1b: Terapagos
|-singleturn|p1b: Terapagos|Protect
|move|p2b: Scovillain|Spicy Extract|p2a: Koraidon
|-fail|p2a: Koraidon|unboost|[from] item: Clear Amulet|[of] p2a: Koraidon
|-boost|p2a: Koraidon|atk|2
|move|p2a: Koraidon|Flame Charge|p1a: Ogerpon
|-resisted|p1a: Ogerpon
|-crit|p1a: Ogerpon
|-damage|p1a: Ogerpon|46/100
|-boost|p2a: Koraidon|spe|1
|move|p1a: Ogerpon|Ivy Cudgel|p2b: Scovillain|[anim] Ivy Cudgel Fire
|-enditem|p2b: Scovillain|Focus Sash
|-damage|p2b: Scovillain|1/100
|
|-weather|SunnyDay|[upkeep]
|upkeep
|turn|2
|inactive|Nydira has 30 seconds left.
|
|t:|1750857995
|move|p2a: Koraidon|Collision Course|p1b: Terapagos
|-activate|p1b: Terapagos|ability: Tera Shell
|-resisted|p1b: Terapagos
|-damage|p1b: Terapagos|33/100
|move|p2b: Scovillain|Overheat|p1b: Terapagos
|-damage|p1b: Terapagos|0 fnt
|-unboost|p2b: Scovillain|spa|2
|faint|p1b: Terapagos
|move|p1a: Ogerpon|Ivy Cudgel|p2a: Koraidon|[anim] Ivy Cudgel Fire
|-resisted|p2a: Koraidon
|-crit|p2a: Koraidon
|-damage|p2a: Koraidon|0 fnt
|faint|p2a: Koraidon
|
|-weather|SunnyDay|[upkeep]
|upkeep
|inactive|Nydira has 30 seconds left.
|
|t:|1750858021
|switch|p2a: Lunala|Lunala, L50|100/100
|switch|p1b: Whimsicott|Whimsicott, L50, M|100/100
|turn|3
|
|t:|1750858035
|move|p2b: Scovillain|Rage Powder|p2b: Scovillain
|-singleturn|p2b: Scovillain|move: Rage Powder
|move|p1b: Whimsicott|Tailwind|p1b: Whimsicott
|-sidestart|p1: Axel316|move: Tailwind
|move|p1a: Ogerpon|Ivy Cudgel|p2b: Scovillain|[anim] Ivy Cudgel Fire
|-damage|p2b: Scovillain|0 fnt
|faint|p2b: Scovillain
|move|p2a: Lunala|Moongeist Beam|p1a: Ogerpon
|-damage|p1a: Ogerpon|0 fnt
|faint|p1a: Ogerpon
|detailschange|p1: Ogerpon|Ogerpon-Hearthflame, L50, F|[silent]
|
|-weather|SunnyDay|[upkeep]
|upkeep
|
|t:|1750858049
|switch|p2b: Indeedee|Indeedee-F, L50, F|100/100
|switch|p1a: Zamazenta|Zamazenta-Crowned, L50|100/100
|-ability|p1a: Zamazenta|Dauntless Shield|boost
|-boost|p1a: Zamazenta|def|1
|-fieldstart|move: Psychic Terrain|[from] ability: Psychic Surge|[of] p2b: Indeedee
|-enditem|p2b: Indeedee|Psychic Seed
|-boost|p2b: Indeedee|spd|1|[from] item: Psychic Seed
|turn|4
|inactive|Nydira has 30 seconds left.
|inactive|Nydira has 20 seconds left.
|inactive|Nydira has 15 seconds left.
|inactive|Nydira has 10 seconds left.
|
|t:|1750858097
|move|p1b: Whimsicott|Moonblast|p2b: Indeedee
|-damage|p2b: Indeedee|85/100
|-unboost|p2b: Indeedee|spa|1
|move|p1a: Zamazenta|Body Press|p2b: Indeedee
|-damage|p2b: Indeedee|25/100
|move|p2a: Lunala|Moongeist Beam|p1a: Zamazenta
|-damage|p1a: Zamazenta|66/100
|move|p2b: Indeedee|Trick Room|p2b: Indeedee
|-fieldstart|move: Trick Room|[of] p2b: Indeedee
|
|-weather|SunnyDay|[upkeep]
|upkeep
|turn|5
|inactive|Nydira has 30 seconds left.
|
|t:|1750858125
|move|p2b: Indeedee|Helping Hand|p2a: Lunala
|-singleturn|p2a: Lunala|Helping Hand|[of] p2b: Indeedee
|move|p2a: Lunala|Moongeist Beam|p1a: Zamazenta
|-damage|p1a: Zamazenta|10/100
|move|p1a: Zamazenta|Body Press|p2b: Indeedee
|-damage|p2b: Indeedee|0 fnt
|faint|p2b: Indeedee
|move|p1b: Whimsicott|Moonblast|p2a: Lunala
|-damage|p2a: Lunala|92/100
|
|-weather|none
|-heal|p2a: Lunala|98/100|[from] item: Leftovers
|upkeep
|turn|6
|
|t:|1750858145
|move|p2a: Lunala|Moongeist Beam|p1b: Whimsicott
|-damage|p1b: Whimsicott|34/100
|move|p1a: Zamazenta|Heavy Slam|p2a: Lunala
|-damage|p2a: Lunala|63/100
|move|p1b: Whimsicott|Moonblast|p2a: Lunala
|-damage|p2a: Lunala|46/100
|
|-heal|p2a: Lunala|52/100|[from] item: Leftovers
|-sideend|p1: Axel316|move: Tailwind
|upkeep
|turn|7
|
|t:|1750858162
|move|p2a: Lunala|Moongeist Beam|p1a: Zamazenta
|-damage|p1a: Zamazenta|0 fnt
|faint|p1a: Zamazenta
|move|p1b: Whimsicott|Moonblast|p2a: Lunala
|-damage|p2a: Lunala|36/100
|
|-heal|p2a: Lunala|42/100|[from] item: Leftovers
|upkeep
|turn|8
|
|t:|1750858173
|move|p2a: Lunala|Moongeist Beam|p1b: Whimsicott
|-damage|p1b: Whimsicott|0 fnt
|faint|p1b: Whimsicott
|
|win|Nydira
|raw|Axel316's rating: 1445 &rarr; <strong>1427</strong><br />(-18 for losing)
|raw|Nydira's rating: 1482 &rarr; <strong>1500</strong><br />(+18 for winning)
|l|☆Axel316
|player|p1|
|l|☆Nydira
|player|p2|
