|j|☆What The Groudon
|j|☆rongyin2
|t:|1750745594
|gametype|doubles
|player|p1|What The Groudon|acerola-masters2|1387
|player|p2|rongyin2|dawn|1405
|teamsize|p1|6
|teamsize|p2|6
|gen|9
|tier|[Gen 9] VGC 2025 Reg I
|rated|
|rule|Species Clause: Limit one of each Pokémon
|rule|Item Clause: Limit 1 of each item
|clearpoke
|poke|p1|Groudon, L50|
|poke|p1|Miraidon, L50|
|poke|p1|Entei, L50|
|poke|p1|Whimsicott, L50, M|
|poke|p1|Urshifu-*, L50, F|
|poke|p1|Volcarona, L50, F|
|poke|p2|Calyrex-Shadow, L50|
|poke|p2|Weezing-Galar, L50, M|
|poke|p2|Regigigas, L50|
|poke|p2|Eternatus, L50|
|poke|p2|Incineroar, L50, F|
|poke|p2|Klefki, L50, M|
|teampreview|4
|inactive|Battle timer is ON: inactive players will automatically lose when time's up. (requested by What The Groudon)
|
|t:|1750745618
|start
|switch|p1a: Groudon|Groudon, L50|100/100
|switch|p1b: Entei|Entei, L50|100/100
|switch|p2a: Regigigas|Regigigas, L50|100/100
|switch|p2b: Weezing|Weezing-Galar, L50, M|100/100
|-ability|p2b: Weezing|Neutralizing Gas
|turn|1
|
|t:|1750745643
|move|p1b: Entei|Eruption|p2b: Weezing|[spread] p2a,p2b
|-damage|p2a: Regigigas|63/100
|-damage|p2b: Weezing|52/100
|move|p2a: Regigigas|Knock Off|p1b: Entei
|-damage|p1b: Entei|62/100
|-enditem|p1b: Entei|Choice Scarf|[from] move: Knock Off|[of] p2a: Regigigas
|move|p1a: Groudon|Precipice Blades|p2b: Weezing|[spread] p2a,p2b
|-supereffective|p2b: Weezing
|-damage|p2a: Regigigas|22/100
|-damage|p2b: Weezing|0 fnt
|faint|p2b: Weezing
|-end|p2b: Weezing|ability: Neutralizing Gas
|-start|p2a: Regigigas|ability: Slow Start
|-weather|SunnyDay|[from] ability: Drought|[of] p1a: Groudon
|
|-weather|SunnyDay|[upkeep]
|upkeep
|
|t:|1750745658
|switch|p2b: Eternatus|Eternatus, L50|100/100
|-ability|p2b: Eternatus|Pressure
|turn|2
|
|t:|1750745668
|move|p2a: Regigigas|Wide Guard|p2a: Regigigas
|-singleturn|p2a: Regigigas|Wide Guard
|move|p2b: Eternatus|Sludge Wave|p1b: Entei|[spread] p1a,p1b
|-activate|p2a: Regigigas|move: Wide Guard
|-resisted|p1a: Groudon
|-damage|p1a: Groudon|85/100
|-damage|p1b: Entei|11/100
|move|p1b: Entei|Shadow Ball|p2b: Eternatus
|-damage|p2b: Eternatus|89/100
|move|p1a: Groudon|Heat Crash|p2a: Regigigas
|-damage|p2a: Regigigas|0 fnt
|faint|p2a: Regigigas
|-end|p2a: Regigigas|Slow Start|[silent]
|
|-weather|SunnyDay|[upkeep]
|upkeep
|
|t:|1750745681
|switch|p2a: Calyrex|Calyrex-Shadow, L50|100/100
|-ability|p2a: Calyrex|As One
|-ability|p2a: Calyrex|Unnerve
|turn|3
|
|t:|1750745691
|move|p1a: Groudon|Protect|p1a: Groudon
|-singleturn|p1a: Groudon|Protect
|move|p2a: Calyrex|Astral Barrage|p1a: Groudon|[spread] p1b
|-activate|p1a: Groudon|move: Protect
|-damage|p1b: Entei|0 fnt
|faint|p1b: Entei
|-ability|p2a: Calyrex|Grim Neigh|boost
|-boost|p2a: Calyrex|spa|1
|move|p2b: Eternatus|Dynamax Cannon|p1a: Groudon
|-activate|p1a: Groudon|move: Protect
|
|-weather|SunnyDay|[upkeep]
|upkeep
|
|t:|1750745702
|switch|p1b: Urshifu|Urshifu, L50, F|100/100
|turn|4
|
|t:|1750745727
|-terastallize|p2a: Calyrex|Fairy
|move|p2a: Calyrex|Astral Barrage|p1b: Urshifu|[spread] p1a,p1b
|-resisted|p1b: Urshifu
|-damage|p1a: Groudon|10/100
|-damage|p1b: Urshifu|27/100
|move|p2b: Eternatus|Dynamax Cannon|p1b: Urshifu
|-damage|p1b: Urshifu|0 fnt
|faint|p1b: Urshifu
|move|p1a: Groudon|Precipice Blades|p2a: Calyrex|[spread] p2a,p2b
|-supereffective|p2b: Eternatus
|-damage|p2a: Calyrex|49/100
|-damage|p2b: Eternatus|13/100
|
|-weather|SunnyDay|[upkeep]
|upkeep
|
|t:|1750745732
|switch|p1b: Miraidon|Miraidon, L50|100/100
|-fieldstart|move: Electric Terrain|[from] ability: Hadron Engine|[of] p1b: Miraidon
|turn|5
|inactive|rongyin2 has 30 seconds left.
|inactive|rongyin2 has 20 seconds left.
|inactive|rongyin2 has 15 seconds left.
|inactive|rongyin2 has 10 seconds left.
|
|t:|1750745778
|-terastallize|p1b: Miraidon|Fairy
|move|p1a: Groudon|Helping Hand|p1b: Miraidon
|-singleturn|p1b: Miraidon|Helping Hand|[of] p1a: Groudon
|move|p2a: Calyrex|Astral Barrage|p1a: Groudon|[spread] p1a,p1b
|-damage|p1a: Groudon|0 fnt
|-damage|p1b: Miraidon|30/100
|faint|p1a: Groudon
|-ability|p2a: Calyrex|Grim Neigh|boost
|-boost|p2a: Calyrex|spa|1
|move|p1b: Miraidon|Dazzling Gleam|p2a: Calyrex|[spread] p2a,p2b
|-crit|p2a: Calyrex
|-damage|p2a: Calyrex|0 fnt
|-damage|p2b: Eternatus|0 fnt
|faint|p2a: Calyrex
|faint|p2b: Eternatus
|
|win|What The Groudon
|raw|What The Groudon's rating: 1387 &rarr; <strong>1408</strong><br />(+21 for winning)
|raw|rongyin2's rating: 1405 &rarr; <strong>1384</strong><br />(-21 for losing)
|l|☆What The Groudon
|player|p1|
|l|☆rongyin2
|player|p2|
