|j|☆FIlmor2004
|j|☆fjvkyv
|t:|1750710084
|gametype|doubles
|player|p1|FIlmor2004|265|1053
|player|p2|fjvkyv|n|1078
|teamsize|p1|6
|teamsize|p2|6
|gen|9
|tier|[Gen 9] VGC 2025 Reg I
|rated|
|rule|Species Clause: Limit one of each Pokémon
|rule|Item Clause: Limit 1 of each item
|clearpoke
|poke|p1|Koraidon, L50|
|poke|p1|Kyurem-White, L50|
|poke|p1|Iron Hands, L50|
|poke|p1|Flutter Mane, L50|
|poke|p1|Tornadus, L50, M|
|poke|p1|Amoonguss, L50, M|
|poke|p2|Porygon-Z, L50|
|poke|p2|Rillaboom, L50, M|
|poke|p2|Incineroar, L50, F|
|poke|p2|Murkrow, L50, M|
|poke|p2|Miraidon, L50|
|poke|p2|Rotom-Wash, L50|
|teampreview|4
|inactive|Battle timer is ON: inactive players will automatically lose when time's up. (requested by FIlmor2004)
|l|☆fjvkyv
|inactive|fjvkyv disconnected and has a minute to reconnect!
|player|p2|
|j|☆fjvkyv
|inactive|fjvkyv reconnected and has 65 seconds left.
|player|p2|fjvkyv|n|
|inactive|fjvkyv has 60 seconds left.
|
|t:|1750710128
|start
|switch|p1a: Tornadus|Tornadus, L50, M|100/100
|switch|p1b: Iron Hands|Iron Hands, L50|100/100
|switch|p2a: Fusca azul|Miraidon, L50|100/100
|switch|p2b: Omelete|Murkrow, L50, M|100/100
|-fieldstart|move: Electric Terrain|[from] ability: Hadron Engine|[of] p2a: Fusca azul
|-activate|p1b: Iron Hands|ability: Quark Drive
|-start|p1b: Iron Hands|quarkdriveatk
|turn|1
|
|t:|1750710144
|move|p1b: Iron Hands|Fake Out|p2a: Fusca azul
|-damage|p2a: Fusca azul|84/100
|move|p1a: Tornadus|Tailwind|p1a: Tornadus
|-sidestart|p1: FIlmor2004|move: Tailwind
|move|p2b: Omelete|Tailwind|p2b: Omelete
|-sidestart|p2: fjvkyv|move: Tailwind
|cant|p2a: Fusca azul|flinch
|
|upkeep
|turn|2
|inactive|fjvkyv has 30 seconds left.
|
|t:|1750710174
|move|p1a: Tornadus|Taunt|p2b: Omelete
|-hint|Since gen 7, Dark is immune to Prankster moves.
|-immune|p2b: Omelete
|move|p2a: Fusca azul|Electro Drift|p1a: Tornadus
|-supereffective|p1a: Tornadus
|-enditem|p1a: Tornadus|Focus Sash
|-damage|p1a: Tornadus|1/100
|move|p2b: Omelete|Drill Peck|p1b: Iron Hands
|-damage|p1b: Iron Hands|84/100
|move|p1b: Iron Hands|Drain Punch|p2a: Fusca azul
|-damage|p2a: Fusca azul|36/100
|-heal|p1b: Iron Hands|99/100|[from] drain|[of] p2a: Fusca azul
|
|upkeep
|turn|3
|l|☆fjvkyv
|inactive|fjvkyv disconnected and has a minute to reconnect!
|player|p2|
|j|☆fjvkyv
|inactive|fjvkyv reconnected and has 35 seconds left.
|player|p2|fjvkyv|n|
|inactive|fjvkyv has 30 seconds left.
|
|t:|1750710208
|move|p1a: Tornadus|Protect|p1a: Tornadus
|-singleturn|p1a: Tornadus|Protect
|move|p2a: Fusca azul|Electro Drift|p1a: Tornadus
|-activate|p1a: Tornadus|move: Protect
|move|p2b: Omelete|Drill Peck|p1b: Iron Hands
|-damage|p1b: Iron Hands|85/100
|move|p1b: Iron Hands|Drain Punch|p2a: Fusca azul
|-damage|p2a: Fusca azul|0 fnt
|-heal|p1b: Iron Hands|97/100|[from] drain|[of] p2a: Fusca azul
|faint|p2a: Fusca azul
|
|upkeep
|
|t:|1750710223
|switch|p2a: Prolidio|Porygon-Z, L50|100/100
|-ability|p2a: Prolidio|Download|boost
|-boost|p2a: Prolidio|atk|1
|turn|4
|
|t:|1750710236
|switch|p1a: Amoonguss|Amoonguss, L50, M|100/100
|-terastallize|p2a: Prolidio|Flying
|move|p2a: Prolidio|Tera Blast|p1b: Iron Hands|[anim] Tera Blast Flying
|-damage|p1b: Iron Hands|69/100
|-damage|p2a: Prolidio|90/100|[from] item: Life Orb
|move|p2b: Omelete|Drill Peck|p1a: Amoonguss
|-supereffective|p1a: Amoonguss
|-damage|p1a: Amoonguss|60/100
|-damage|p2b: Omelete|84/100|[from] item: Rocky Helmet|[of] p1a: Amoonguss
|move|p1b: Iron Hands|Drain Punch|p2a: Prolidio
|-resisted|p2a: Prolidio
|-damage|p2a: Prolidio|57/100
|-heal|p1b: Iron Hands|80/100|[from] drain|[of] p2a: Prolidio
|
|-sideend|p1: FIlmor2004|move: Tailwind
|-sideend|p2: fjvkyv|move: Tailwind
|upkeep
|turn|5
|inactive|FIlmor2004 has 30 seconds left.
|
|t:|1750710265
|move|p2b: Omelete|Tailwind|p2b: Omelete
|-sidestart|p2: fjvkyv|move: Tailwind
|move|p2a: Prolidio|Psychic|p1b: Iron Hands
|-supereffective|p1b: Iron Hands
|-damage|p1b: Iron Hands|40/100
|-damage|p2a: Prolidio|47/100|[from] item: Life Orb
|move|p1b: Iron Hands|Wild Charge|p2a: Prolidio
|-supereffective|p2a: Prolidio
|-damage|p2a: Prolidio|0 fnt
|faint|p2a: Prolidio
|-damage|p1b: Iron Hands|32/100|[from] Recoil
|move|p1a: Amoonguss|Spore|p2b: Omelete
|-status|p2b: Omelete|slp|[from] move: Spore
|
|-fieldend|move: Electric Terrain
|-end|p1b: Iron Hands|Quark Drive
|upkeep
|
|t:|1750710282
|switch|p2a: El lutchador|Incineroar, L50, F|100/100
|-ability|p2a: El lutchador|Intimidate|boost
|-unboost|p1a: Amoonguss|atk|1
|-unboost|p1b: Iron Hands|atk|1
|turn|6
|
|t:|1750710303
|cant|p2b: Omelete|slp
|move|p2a: El lutchador|Flare Blitz|p1a: Amoonguss
|-supereffective|p1a: Amoonguss
|-damage|p1a: Amoonguss|0 fnt
|-damage|p2a: El lutchador|84/100|[from] item: Rocky Helmet|[of] p1a: Amoonguss
|faint|p1a: Amoonguss
|-damage|p2a: El lutchador|63/100|[from] Recoil
|move|p1b: Iron Hands|Drain Punch|p2a: El lutchador
|-supereffective|p2a: El lutchador
|-damage|p2a: El lutchador|17/100
|-heal|p1b: Iron Hands|50/100|[from] drain|[of] p2a: El lutchador
|
|upkeep
|
|t:|1750710313
|switch|p1a: Kyurem|Kyurem-White, L50|100/100
|-ability|p1a: Kyurem|Turboblaze
|turn|7
|
|t:|1750710329
|-terastallize|p1a: Kyurem|Fire
|cant|p2b: Omelete|slp
|move|p1a: Kyurem|Freeze-Dry|p2b: Omelete
|-supereffective|p2b: Omelete
|-damage|p2b: Omelete|0 fnt
|faint|p2b: Omelete
|-damage|p1a: Kyurem|91/100|[from] item: Life Orb
|move|p2a: El lutchador|Flare Blitz|p1a: Kyurem
|-resisted|p1a: Kyurem
|-damage|p1a: Kyurem|62/100
|-damage|p2a: El lutchador|8/100|[from] Recoil
|move|p1b: Iron Hands|Drain Punch|p2a: El lutchador
|-supereffective|p2a: El lutchador
|-damage|p2a: El lutchador|0 fnt
|-heal|p1b: Iron Hands|54/100|[from] drain|[of] p2a: El lutchador
|faint|p2a: El lutchador
|
|win|FIlmor2004
|raw|FIlmor2004's rating: 1053 &rarr; <strong>1087</strong><br />(+34 for winning)
|raw|fjvkyv's rating: 1078 &rarr; <strong>1055</strong><br />(-23 for losing)
|l|☆fjvkyv
|player|p2|
|j|☆fjvkyv
|player|p2|fjvkyv|n|
|l|☆FIlmor2004
|player|p1|
|l|☆fjvkyv
|player|p2|
