|j|☆KrosFace
|j|☆drakkulll
|t:|1750795460
|gametype|doubles
|player|p1|KrosFace|1|1330
|player|p2|drakkulll|giovanni|1270
|teamsize|p1|6
|teamsize|p2|6
|gen|9
|tier|[Gen 9] VGC 2025 Reg I
|rated|
|rule|Species Clause: Limit one of each Pokémon
|rule|Item Clause: Limit 1 of each item
|clearpoke
|poke|p1|Koraidon, L50|
|poke|p1|Scovillain, L50, M|
|poke|p1|Miraidon, L50|
|poke|p1|Chesnaught, L50, M|
|poke|p1|Clefairy, L50, F|
|poke|p1|Indeedee-F, L50, F|
|poke|p2|Mightyena, L50, M|
|poke|p2|Lycanroc-Midnight, L50, M|
|poke|p2|Tyranitar, L50, M|
|poke|p2|Lunala, L50|
|poke|p2|Zamazenta-*, L50|
|poke|p2|Raging Bolt, L50|
|teampreview|4
|inactive|Battle timer is ON: inactive players will automatically lose when time's up. (requested by drakkulll)
|
|t:|1750795488
|start
|switch|p1a: Chesnaught|Chesnaught, L50, M|100/100
|switch|p1b: Miraidon|Miraidon, L50|100/100
|switch|p2a: Jesus|Lunala, L50|100/100
|switch|p2b: Cthulu|Mightyena, L50, M|100/100
|-fieldstart|move: Electric Terrain|[from] ability: Hadron Engine|[of] p1b: Miraidon
|-enditem|p1a: Chesnaught|Electric Seed
|-boost|p1a: Chesnaught|def|1|[from] item: Electric Seed
|-ability|p2b: Cthulu|Intimidate|boost
|-unboost|p1a: Chesnaught|atk|1
|-unboost|p1b: Miraidon|atk|1
|turn|1
|inactive|drakkulll has 30 seconds left.
|inactive|drakkulll has 20 seconds left.
|inactive|drakkulll has 15 seconds left.
|inactive|drakkulll has 10 seconds left.
|
|t:|1750795534
|move|p1b: Miraidon|Snarl|p2b: Cthulu|[spread] p2a,p2b
|-supereffective|p2a: Jesus
|-resisted|p2b: Cthulu
|-damage|p2a: Jesus|72/100
|-damage|p2b: Cthulu|89/100
|-unboost|p2a: Jesus|spa|1
|move|p1a: Chesnaught|Body Press|p2b: Cthulu
|-supereffective|p2b: Cthulu
|-damage|p2b: Cthulu|0 fnt
|faint|p2b: Cthulu
|move|p2a: Jesus|Trick Room|p2a: Jesus
|-fieldstart|move: Trick Room|[of] p2a: Jesus
|
|upkeep
|
|t:|1750795542
|switch|p2b: Jacinta|Raging Bolt, L50|100/100
|turn|2
|
|t:|1750795560
|switch|p2a: Patricio|Zamazenta-Crowned, L50|100/100
|-ability|p2a: Patricio|Dauntless Shield|boost
|-boost|p2a: Patricio|def|1
|move|p2b: Jacinta|Draco Meteor|p1b: Miraidon
|-supereffective|p1b: Miraidon
|-damage|p1b: Miraidon|0 fnt
|-unboost|p2b: Jacinta|spa|2
|faint|p1b: Miraidon
|-damage|p2b: Jacinta|91/100|[from] item: Life Orb
|move|p1a: Chesnaught|Body Press|p2b: Jacinta
|-damage|p2b: Jacinta|38/100
|
|upkeep
|
|t:|1750795576
|switch|p1b: Scovillain|Scovillain, L50, M|100/100
|turn|3
|inactive|drakkulll has 30 seconds left.
|inactive|drakkulll has 20 seconds left.
|inactive|drakkulll has 15 seconds left.
|inactive|drakkulll has 10 seconds left.
|inactive|drakkulll has 5 seconds left.
|
|t:|1750795631
|move|p1b: Scovillain|Protect|p1b: Scovillain
|-singleturn|p1b: Scovillain|Protect
|move|p2a: Patricio|Protect|p2a: Patricio
|-singleturn|p2a: Patricio|Protect
|move|p2b: Jacinta|Thunderclap||[still]
|-fail|p2b: Jacinta
|move|p1a: Chesnaught|Leech Seed|p2a: Patricio
|-activate|p2a: Patricio|move: Protect
|
|upkeep
|turn|4
|inactive|KrosFace has 30 seconds left.
|inactive|drakkulll has 30 seconds left.
|inactive|KrosFace has 20 seconds left.
|
|t:|1750795669
|-terastallize|p2a: Patricio|Ghost
|move|p2b: Jacinta|Protect|p2b: Jacinta
|-singleturn|p2b: Jacinta|Protect
|move|p1a: Chesnaught|Leech Seed|p2b: Jacinta
|-activate|p2b: Jacinta|move: Protect
|move|p1b: Scovillain|Overheat|p2a: Patricio
|-damage|p2a: Patricio|64/100
|-unboost|p1b: Scovillain|spa|2
|move|p2a: Patricio|Iron Defense|p2a: Patricio
|-boost|p2a: Patricio|def|2
|
|upkeep
|turn|5
|inactive|drakkulll has 30 seconds left.
|inactive|drakkulll has 20 seconds left.
|inactive|drakkulll has 15 seconds left.
|inactive|KrosFace has 30 seconds left.
|
|t:|1750795715
|-end|p2b: Jacinta|Protosynthesis|[silent]
|switch|p2b: Jesus|Lunala, L50|72/100
|-terastallize|p1b: Scovillain|Ghost
|move|p1b: Scovillain|Rage Powder|p1b: Scovillain
|-singleturn|p1b: Scovillain|move: Rage Powder
|move|p1a: Chesnaught|Leech Seed|p2a: Patricio
|-start|p2a: Patricio|move: Leech Seed
|move|p2a: Patricio|Body Press|p1b: Scovillain
|-immune|p1b: Scovillain
|
|-damage|p2a: Patricio|52/100|[from] Leech Seed|[of] p1a: Chesnaught
|-fieldend|move: Trick Room
|-fieldend|move: Electric Terrain
|upkeep
|turn|6
|inactive|KrosFace has 30 seconds left.
|inactive|drakkulll has 30 seconds left.
|
|t:|1750795747
|move|p2a: Patricio|Body Press|p1a: Chesnaught
|-damage|p1a: Chesnaught|61/100
|move|p1b: Scovillain|Overheat|p2b: Jesus
|-damage|p2b: Jesus|48/100
|-unboost|p1b: Scovillain|spa|2
|move|p1a: Chesnaught|Leech Seed|p2b: Jesus
|-start|p2b: Jesus|move: Leech Seed
|move|p2b: Jesus|Moongeist Beam|p1b: Scovillain
|-supereffective|p1b: Scovillain
|-enditem|p1b: Scovillain|Focus Sash
|-damage|p1b: Scovillain|1/100
|
|-damage|p2a: Patricio|39/100|[from] Leech Seed|[of] p1a: Chesnaught
|-heal|p1a: Chesnaught|74/100|[silent]
|-damage|p2b: Jesus|36/100|[from] Leech Seed|[of] p1a: Chesnaught
|-heal|p1a: Chesnaught|87/100|[silent]
|upkeep
|turn|7
|inactive|KrosFace has 30 seconds left.
|inactive|KrosFace has 20 seconds left.
|
|t:|1750795783
|move|p1a: Chesnaught|Spiky Shield|p1a: Chesnaught
|-singleturn|p1a: Chesnaught|move: Protect
|move|p2a: Patricio|Body Press|p1a: Chesnaught
|-activate|p1a: Chesnaught|move: Protect
|-damage|p2a: Patricio|27/100|[from] Spiky Shield|[of] p1a: Chesnaught
|move|p1b: Scovillain|Overheat|p2b: Jesus
|-damage|p2b: Jesus|21/100
|-unboost|p1b: Scovillain|spa|2
|move|p2b: Jesus|Moongeist Beam|p1b: Scovillain
|-supereffective|p1b: Scovillain
|-damage|p1b: Scovillain|0 fnt
|faint|p1b: Scovillain
|
|-damage|p2a: Patricio|15/100|[from] Leech Seed|[of] p1a: Chesnaught
|-heal|p1a: Chesnaught|99/100|[silent]
|-damage|p2b: Jesus|9/100|[from] Leech Seed|[of] p1a: Chesnaught
|-heal|p1a: Chesnaught|100/100|[silent]
|upkeep
|
|t:|1750795797
|switch|p1b: Koraidon|Koraidon, L50|100/100
|-weather|SunnyDay|[from] ability: Orichalcum Pulse|[of] p1b: Koraidon
|-activate|p1b: Koraidon|Orichalcum Pulse|[source]
|turn|8
|inactive|KrosFace has 30 seconds left.
|inactive|KrosFace has 20 seconds left.
|
|t:|1750795832
|move|p1b: Koraidon|Flare Blitz|p2a: Patricio
|-damage|p2a: Patricio|0 fnt
|faint|p2a: Patricio
|-damage|p1b: Koraidon|95/100|[from] Recoil
|move|p1a: Chesnaught|Body Press|p2b: Jesus
|-immune|p2b: Jesus
|move|p2b: Jesus|Trick Room|p2b: Jesus
|-fieldstart|move: Trick Room|[of] p2b: Jesus
|
|-weather|SunnyDay|[upkeep]
|-damage|p2b: Jesus|0 fnt|[from] Leech Seed|[of] p1a: Chesnaught
|faint|p2b: Jesus
|upkeep
|
|t:|1750795851
|switch|p2a: Jacinta|Raging Bolt, L50|38/100
|-activate|p2a: Jacinta|ability: Protosynthesis
|-start|p2a: Jacinta|protosynthesisspa
|turn|9
|
|t:|1750795858
|move|p2a: Jacinta|Draco Meteor|p1b: Koraidon
|-supereffective|p1b: Koraidon
|-damage|p1b: Koraidon|0 fnt
|-unboost|p2a: Jacinta|spa|2
|faint|p1b: Koraidon
|-damage|p2a: Jacinta|28/100|[from] item: Life Orb
|move|p1a: Chesnaught|Body Press|p2a: Jacinta
|-damage|p2a: Jacinta|0 fnt
|faint|p2a: Jacinta
|-end|p2a: Jacinta|Protosynthesis|[silent]
|
|win|KrosFace
|raw|KrosFace's rating: 1330 &rarr; <strong>1347</strong><br />(+17 for winning)
|raw|drakkulll's rating: 1270 &rarr; <strong>1249</strong><br />(-21 for losing)
|l|☆KrosFace
|player|p1|
|l|☆drakkulll
|player|p2|
