|j|☆kostisgaming
|j|☆dravenak1
|t:|1750746712
|gametype|doubles
|player|p1|kostisgaming|crasherwake|1332
|player|p2|dravenak1|hugh|1296
|teamsize|p1|6
|teamsize|p2|6
|gen|9
|tier|[Gen 9] VGC 2025 Reg I
|rated|
|rule|Species Clause: Limit one of each Pokémon
|rule|Item Clause: Limit 1 of each item
|clearpoke
|poke|p1|Kyurem-Black, L50|
|poke|p1|Kyogre, L50|
|poke|p1|Tinkaton, L50, F|
|poke|p1|Whimsicott, L50, F|
|poke|p1|Urshifu-*, L50, F|
|poke|p1|Landorus, L50, M|
|poke|p2|Lunala, L50|
|poke|p2|Brute Bonnet, L50|
|poke|p2|Koraidon, L50|
|poke|p2|Incineroar, L50, F|
|poke|p2|Ursaluna, L50, M|
|poke|p2|Walking Wake, L50|
|teampreview|4
|inactive|Battle timer is ON: inactive players will automatically lose when time's up. (requested by dravenak1)
|inactive|dravenak1 has 60 seconds left.
|inactive|dravenak1 has 30 seconds left.
|
|t:|1750746773
|start
|switch|p1a: Urshifu|Urshifu, L50, F|100/100
|switch|p1b: Tinkaton|Tinkaton, L50, F|100/100
|switch|p2a: Lunala|Lunala, L50|100/100
|switch|p2b: Incineroar|Incineroar, L50, F|100/100
|-ability|p1b: Tinkaton|Mold Breaker
|-ability|p2b: Incineroar|Intimidate|boost
|-unboost|p1a: Urshifu|atk|1
|-unboost|p1b: Tinkaton|atk|1
|turn|1
|inactive|dravenak1 has 30 seconds left.
|inactive|dravenak1 has 20 seconds left.
|inactive|dravenak1 has 15 seconds left.
|inactive|dravenak1 has 10 seconds left.
|inactive|dravenak1 has 5 seconds left.
|
|t:|1750746825
|move|p1b: Tinkaton|Fake Out|p2b: Incineroar
|-damage|p2b: Incineroar|97/100
|move|p1a: Urshifu|Wicked Blow|p2a: Lunala
|-supereffective|p2a: Lunala
|-crit|p2a: Lunala
|-damage|p2a: Lunala|0 fnt
|faint|p2a: Lunala
|cant|p2b: Incineroar|flinch
|
|upkeep
|
|t:|1750746833
|switch|p2a: Koraidon|Koraidon, L50|100/100
|-weather|SunnyDay|[from] ability: Orichalcum Pulse|[of] p2a: Koraidon
|-activate|p2a: Koraidon|Orichalcum Pulse|[source]
|turn|2
|
|t:|1750746849
|-terastallize|p2a: Koraidon|Fire
|move|p2a: Koraidon|Flame Charge|p1b: Tinkaton
|-supereffective|p1b: Tinkaton
|-damage|p1b: Tinkaton|0 fnt
|-boost|p2a: Koraidon|spe|1
|faint|p1b: Tinkaton
|-damage|p2a: Koraidon|91/100|[from] item: Life Orb
|move|p1a: Urshifu|Close Combat|p2b: Incineroar
|-supereffective|p2b: Incineroar
|-damage|p2b: Incineroar|34/100
|-unboost|p1a: Urshifu|def|1
|-unboost|p1a: Urshifu|spd|1
|move|p2b: Incineroar|Will-O-Wisp|p1a: Urshifu
|-status|p1a: Urshifu|brn
|
|-weather|SunnyDay|[upkeep]
|-damage|p1a: Urshifu|94/100 brn|[from] brn
|upkeep
|
|t:|1750746861
|switch|p1b: Kyogre|Kyogre, L50|100/100
|-weather|RainDance|[from] ability: Drizzle|[of] p1b: Kyogre
|turn|3
|inactive|dravenak1 has 30 seconds left.
|inactive|dravenak1 has 20 seconds left.
|inactive|dravenak1 has 15 seconds left.
|
|t:|1750746902
|move|p1b: Kyogre|Protect|p1b: Kyogre
|-singleturn|p1b: Kyogre|Protect
|move|p2a: Koraidon|Close Combat|p1b: Kyogre
|-activate|p1b: Kyogre|move: Protect
|move|p1a: Urshifu|Wicked Blow|p2a: Koraidon
|-crit|p2a: Koraidon
|-damage|p2a: Koraidon|60/100
|move|p2b: Incineroar|Parting Shot|p1a: Urshifu
|-unboost|p1a: Urshifu|atk|1
|-unboost|p1a: Urshifu|spa|1
|
|t:|1750746908
|switch|p2b: Brute Bonnet|Brute Bonnet, L50, shiny|100/100|[from] Parting Shot
|
|-weather|RainDance|[upkeep]
|-damage|p1a: Urshifu|88/100 brn|[from] brn
|upkeep
|turn|4
|
|t:|1750746931
|switch|p1a: Landorus|Landorus, L50, M|100/100
|move|p2b: Brute Bonnet|Rage Powder|p2b: Brute Bonnet
|-singleturn|p2b: Brute Bonnet|move: Rage Powder
|move|p2a: Koraidon|Close Combat|p1b: Kyogre
|-damage|p1b: Kyogre|14/100
|-unboost|p2a: Koraidon|def|1
|-unboost|p2a: Koraidon|spd|1
|-damage|p2a: Koraidon|50/100|[from] item: Life Orb
|move|p1b: Kyogre|Origin Pulse|p2a: Koraidon|[spread] p2a,p2b
|-supereffective|p2a: Koraidon
|-resisted|p2b: Brute Bonnet
|-damage|p2a: Koraidon|0 fnt
|-damage|p2b: Brute Bonnet|69/100
|faint|p2a: Koraidon
|
|-weather|RainDance|[upkeep]
|upkeep
|
|t:|1750746941
|switch|p2a: Incineroar|Incineroar, L50, F|34/100
|-ability|p2a: Incineroar|Intimidate|boost
|-unboost|p1a: Landorus|atk|1
|-unboost|p1b: Kyogre|atk|1
|turn|5
|-message|dravenak1 forfeited.
|
|win|kostisgaming
|raw|kostisgaming's rating: 1332 &rarr; <strong>1350</strong><br />(+18 for winning)
|raw|dravenak1's rating: 1296 &rarr; <strong>1274</strong><br />(-22 for losing)
|l|☆dravenak1
|player|p2|
|l|☆kostisgaming
|player|p1|
