|j|☆Lewissquire
|j|☆me1111111111111111
|t:|1750857963
|gametype|doubles
|player|p1|Lewissquire|266|1371
|player|p2|me1111111111111111|erika|1404
|teamsize|p1|6
|teamsize|p2|6
|gen|9
|tier|[Gen 9] VGC 2025 Reg I
|rated|
|rule|Species Clause: Limit one of each Pokémon
|rule|Item Clause: Limit 1 of each item
|clearpoke
|poke|p1|Zamazenta-*, L50|
|poke|p1|Raging Bolt, L50|
|poke|p1|Incineroar, L50, M|
|poke|p1|Rillaboom, L50, M|
|poke|p1|Ogerpon-Hearthflame, L50, F|
|poke|p1|Calyrex-Shadow, L50|
|poke|p2|Calyrex-Shadow, L50|
|poke|p2|Incineroar, L50, F|
|poke|p2|Zamazenta-*, L50|
|poke|p2|Rillaboom, L50, F|
|poke|p2|Ogerpon-Cornerstone, L50, F|
|poke|p2|Smeargle, L50, F|
|teampreview|4
|
|t:|1750858014
|start
|switch|p1a: Calyrex|Calyrex-Shadow, L50|100/100
|switch|p1b: Incineroar|Incineroar, L50, M|100/100
|switch|p2a: Calyrex|Calyrex-Shadow, L50|100/100
|switch|p2b: Smeargle|Smeargle, L50, F|100/100
|-ability|p2a: Calyrex|As One
|-ability|p2a: Calyrex|Unnerve
|-ability|p1a: Calyrex|As One
|-ability|p1a: Calyrex|Unnerve
|-ability|p1b: Incineroar|Intimidate|boost
|-unboost|p2a: Calyrex|atk|1
|-unboost|p2b: Smeargle|atk|1
|turn|1
|
|t:|1750858060
|move|p1a: Calyrex|Protect|p1a: Calyrex
|-singleturn|p1a: Calyrex|Protect
|move|p2b: Smeargle|Fake Out|p1b: Incineroar
|-damage|p1b: Incineroar|99/100
|-damage|p2b: Smeargle|84/100|[from] item: Rocky Helmet|[of] p1b: Incineroar
|move|p2a: Calyrex|Nasty Plot|p2a: Calyrex
|-boost|p2a: Calyrex|spa|2
|cant|p1b: Incineroar|flinch
|
|-ability|p2b: Smeargle|Moody|boost
|-boost|p2b: Smeargle|spa|2
|-unboost|p2b: Smeargle|atk|1
|upkeep
|turn|2
|
|t:|1750858084
|-terastallize|p1a: Calyrex|Dark
|move|p2a: Calyrex|Protect|p2a: Calyrex
|-singleturn|p2a: Calyrex|Protect
|move|p1a: Calyrex|Psychic|p2b: Smeargle
|-damage|p2b: Smeargle|0 fnt
|faint|p2b: Smeargle
|-ability|p1a: Calyrex|Grim Neigh|boost
|-boost|p1a: Calyrex|spa|1
|-damage|p1a: Calyrex|91/100|[from] item: Life Orb
|move|p1b: Incineroar|Knock Off|p2a: Calyrex
|-activate|p2a: Calyrex|move: Protect
|
|upkeep
|
|t:|1750858104
|switch|p2b: Zamazenta|Zamazenta-Crowned, L50|100/100
|-ability|p2b: Zamazenta|Dauntless Shield|boost
|-boost|p2b: Zamazenta|def|1
|turn|3
|
|t:|1750858132
|-terastallize|p2a: Calyrex|Grass
|move|p2b: Zamazenta|Wide Guard|p2b: Zamazenta
|-singleturn|p2b: Zamazenta|Wide Guard
|move|p2a: Calyrex|Giga Drain|p1a: Calyrex
|-damage|p1a: Calyrex|0 fnt
|faint|p1a: Calyrex
|-ability|p2a: Calyrex|Grim Neigh|boost
|-boost|p2a: Calyrex|spa|1
|-damage|p2a: Calyrex|91/100|[from] item: Life Orb
|move|p1b: Incineroar|Parting Shot|p2a: Calyrex
|-unboost|p2a: Calyrex|atk|1
|-unboost|p2a: Calyrex|spa|1
|
|t:|1750858146
|switch|p1b: Zamazenta|Zamazenta-Crowned, L50|100/100|[from] Parting Shot
|-ability|p1b: Zamazenta|Dauntless Shield|boost
|-boost|p1b: Zamazenta|def|1
|
|upkeep
|
|t:|1750858158
|switch|p1a: Incineroar|Incineroar, L50, M|99/100
|-ability|p1a: Incineroar|Intimidate|boost
|-unboost|p2a: Calyrex|atk|1
|-unboost|p2b: Zamazenta|atk|1
|turn|4
|
|t:|1750858180
|switch|p1a: Rillaboom|Rillaboom, L50, M|100/100
|-fieldstart|move: Grassy Terrain|[from] ability: Grassy Surge|[of] p1a: Rillaboom
|move|p2a: Calyrex|Astral Barrage|p1b: Zamazenta|[spread] p1a,p1b
|-damage|p1a: Rillaboom|0 fnt
|-damage|p1b: Zamazenta|3/100
|faint|p1a: Rillaboom
|-ability|p2a: Calyrex|Grim Neigh|boost
|-boost|p2a: Calyrex|spa|1
|-damage|p2a: Calyrex|81/100|[from] item: Life Orb
|move|p2b: Zamazenta|Body Press|p1b: Zamazenta
|-supereffective|p1b: Zamazenta
|-damage|p1b: Zamazenta|0 fnt
|faint|p1b: Zamazenta
|
|-heal|p2a: Calyrex|87/100|[from] Grassy Terrain
|upkeep
|
|t:|1750858188
|switch|p1b: Incineroar|Incineroar, L50, M|99/100
|-ability|p1b: Incineroar|Intimidate|boost
|-unboost|p2a: Calyrex|atk|1
|-unboost|p2b: Zamazenta|atk|1
|turn|5
|-message|Lewissquire forfeited.
|
|win|me1111111111111111
|raw|Lewissquire's rating: 1371 &rarr; <strong>1353</strong><br />(-18 for losing)
|raw|me1111111111111111's rating: 1404 &rarr; <strong>1422</strong><br />(+18 for winning)
|l|☆me1111111111111111
|player|p2|
