|j|☆Kunnyman
|j|☆Tokoromegumi415
|t:|1750731268
|gametype|doubles
|player|p1|Kunnyman|1|1324
|player|p2|Tokoromegumi415|1|1417
|teamsize|p1|6
|teamsize|p2|6
|gen|9
|tier|[Gen 9] VGC 2025 Reg I
|rated|
|rule|Species Clause: Limit one of each Pokémon
|rule|Item Clause: Limit 1 of each item
|clearpoke
|poke|p1|Meganium, L50, M|
|poke|p1|Gholdengo, L50|
|poke|p1|Iron Moth, L50|
|poke|p1|Tyranitar, L50, M|
|poke|p1|Miraidon, L50|
|poke|p1|Dialga-Origin, L50|
|poke|p2|Ho-Oh, L50|
|poke|p2|Zamazenta-*, L50|
|poke|p2|Cresselia, L50, F|
|poke|p2|Moltres-Galar, L50|
|poke|p2|Rillaboom, L50, M|
|poke|p2|Overqwil, L50, M|
|teampreview|4
|
|t:|1750731318
|start
|switch|p1a: Tyranitar|Tyranitar, L50, M|100/100
|switch|p1b: Iron Moth|Iron Moth, L50|100/100
|switch|p2a: Zamazenta|Zamazenta-Crowned, L50|100/100
|switch|p2b: Rillaboom|Rillaboom, L50, M|100/100
|-ability|p2a: Zamazenta|Dauntless Shield|boost
|-boost|p2a: Zamazenta|def|1
|-fieldstart|move: Grassy Terrain|[from] ability: Grassy Surge|[of] p2b: Rillaboom
|-weather|Sandstorm|[from] ability: Sand Stream|[of] p1a: Tyranitar
|turn|1
|
|t:|1750731371
|switch|p2b: Ho-Oh|Ho-Oh, L50, shiny|100/100
|switch|p1a: Meganium|Meganium, L50, M|100/100
|move|p1b: Iron Moth|Protect|p1b: Iron Moth
|-singleturn|p1b: Iron Moth|Protect
|move|p2a: Zamazenta|Snarl|p1b: Iron Moth|[spread] p1a
|-activate|p1b: Iron Moth|move: Protect
|-damage|p1a: Meganium|93/100
|-unboost|p1a: Meganium|spa|1
|
|-weather|Sandstorm|[upkeep]
|-damage|p1b: Iron Moth|95/100|[from] Sandstorm
|-damage|p2b: Ho-Oh|94/100|[from] Sandstorm
|-damage|p1a: Meganium|87/100|[from] Sandstorm
|-heal|p1b: Iron Moth|100/100|[from] Grassy Terrain
|-heal|p1a: Meganium|93/100|[from] Grassy Terrain
|upkeep
|turn|2
|
|t:|1750731399
|switch|p1a: Miraidon|Miraidon, L50|100/100
|-fieldstart|move: Electric Terrain|[from] ability: Hadron Engine|[of] p1a: Miraidon
|-activate|p1b: Iron Moth|ability: Quark Drive
|-start|p1b: Iron Moth|quarkdrivespe
|move|p2a: Zamazenta|Protect|p2a: Zamazenta
|-singleturn|p2a: Zamazenta|Protect
|move|p1b: Iron Moth|Heat Wave|p2b: Ho-Oh|[spread] 
|-activate|p2a: Zamazenta|move: Protect
|-miss|p1b: Iron Moth|p2b: Ho-Oh
|move|p2b: Ho-Oh|Sacred Fire|p1a: Miraidon
|-resisted|p1a: Miraidon
|-damage|p1a: Miraidon|80/100
|-status|p1a: Miraidon|brn
|
|-weather|Sandstorm|[upkeep]
|-damage|p1b: Iron Moth|95/100|[from] Sandstorm
|-damage|p1a: Miraidon|74/100 brn|[from] Sandstorm
|-damage|p2b: Ho-Oh|88/100|[from] Sandstorm
|-damage|p1a: Miraidon|68/100 brn|[from] brn
|upkeep
|turn|3
|
|t:|1750731432
|switch|p2b: Rillaboom|Rillaboom, L50, M|100/100
|-fieldstart|move: Grassy Terrain|[from] ability: Grassy Surge|[of] p2b: Rillaboom
|-end|p1b: Iron Moth|Quark Drive
|-terastallize|p2a: Zamazenta|Dragon
|move|p1a: Miraidon|Electro Drift|p2a: Zamazenta
|-resisted|p2a: Zamazenta
|-damage|p2a: Zamazenta|74/100
|move|p2a: Zamazenta|Snarl|p1a: Miraidon|[spread] p1a,p1b
|-damage|p1a: Miraidon|62/100 brn
|-damage|p1b: Iron Moth|88/100
|-unboost|p1a: Miraidon|spa|1
|-unboost|p1b: Iron Moth|spa|1
|move|p1b: Iron Moth|Heat Wave|p2a: Zamazenta|[spread] p2a,p2b
|-resisted|p2a: Zamazenta
|-supereffective|p2b: Rillaboom
|-damage|p2a: Zamazenta|63/100
|-damage|p2b: Rillaboom|63/100
|-damage|p1b: Iron Moth|78/100|[from] item: Life Orb
|
|-weather|Sandstorm|[upkeep]
|-damage|p1a: Miraidon|56/100 brn|[from] Sandstorm
|-damage|p2a: Zamazenta|56/100|[from] Sandstorm
|-damage|p1b: Iron Moth|72/100|[from] Sandstorm
|-damage|p2b: Rillaboom|57/100|[from] Sandstorm
|-heal|p1a: Miraidon|62/100 brn|[from] Grassy Terrain
|-heal|p2a: Zamazenta|63/100|[from] Grassy Terrain
|-heal|p1b: Iron Moth|78/100|[from] Grassy Terrain
|-heal|p2b: Rillaboom|63/100|[from] Grassy Terrain
|-damage|p1a: Miraidon|56/100 brn|[from] brn
|upkeep
|turn|4
|
|t:|1750731492
|switch|p1a: Meganium|Meganium, L50, M|93/100
|move|p2b: Rillaboom|Fake Out|p1b: Iron Moth
|-damage|p1b: Iron Moth|59/100
|move|p2a: Zamazenta|Iron Defense|p2a: Zamazenta
|-boost|p2a: Zamazenta|def|2
|cant|p1b: Iron Moth|flinch
|
|-weather|Sandstorm|[upkeep]
|-damage|p2a: Zamazenta|56/100|[from] Sandstorm
|-damage|p1b: Iron Moth|53/100|[from] Sandstorm
|-damage|p2b: Rillaboom|57/100|[from] Sandstorm
|-damage|p1a: Meganium|87/100|[from] Sandstorm
|-heal|p2a: Zamazenta|63/100|[from] Grassy Terrain
|-heal|p1b: Iron Moth|59/100|[from] Grassy Terrain
|-heal|p2b: Rillaboom|63/100|[from] Grassy Terrain
|-heal|p1a: Meganium|93/100|[from] Grassy Terrain
|upkeep
|turn|5
|
|t:|1750731541
|move|p2a: Zamazenta|Body Press|p1a: Meganium
|-damage|p1a: Meganium|19/100
|-enditem|p1a: Meganium|Aguav Berry|[eat]
|-heal|p1a: Meganium|52/100|[from] item: Aguav Berry
|move|p1b: Iron Moth|Heat Wave|p2b: Rillaboom|[spread] p2a,p2b
|-resisted|p2a: Zamazenta
|-supereffective|p2b: Rillaboom
|-damage|p2a: Zamazenta|53/100
|-damage|p2b: Rillaboom|28/100
|-damage|p1b: Iron Moth|49/100|[from] item: Life Orb
|move|p2b: Rillaboom|U-turn|p1b: Iron Moth
|-resisted|p1b: Iron Moth
|-damage|p1b: Iron Moth|42/100
|
|t:|1750731554
|switch|p2b: Ho-Oh|Ho-Oh, L50, shiny|100/100|[from] U-turn
|move|p1a: Meganium|Encore|p2a: Zamazenta
|-start|p2a: Zamazenta|Encore
|
|-weather|none
|-heal|p2a: Zamazenta|59/100|[from] Grassy Terrain
|-heal|p1b: Iron Moth|48/100|[from] Grassy Terrain
|-heal|p1a: Meganium|58/100|[from] Grassy Terrain
|upkeep
|turn|6
|
|t:|1750731593
|move|p1a: Meganium|Helping Hand|p1b: Iron Moth
|-singleturn|p1b: Iron Moth|Helping Hand|[of] p1a: Meganium
|move|p2a: Zamazenta|Body Press|p1b: Iron Moth
|-resisted|p1b: Iron Moth
|-damage|p1b: Iron Moth|0 fnt
|faint|p1b: Iron Moth
|-end|p1b: Iron Moth|Quark Drive|[silent]
|move|p2b: Ho-Oh|Sacred Fire|p1a: Meganium
|-supereffective|p1a: Meganium
|-damage|p1a: Meganium|0 fnt
|faint|p1a: Meganium
|
|-heal|p2a: Zamazenta|65/100|[from] Grassy Terrain
|upkeep
|
|t:|1750731605
|switch|p1b: Tyranitar|Tyranitar, L50, M|100/100
|switch|p1a: Miraidon|Miraidon, L50|56/100 brn
|-fieldstart|move: Electric Terrain|[from] ability: Hadron Engine|[of] p1a: Miraidon
|-weather|Sandstorm|[from] ability: Sand Stream|[of] p1b: Tyranitar
|turn|7
|
|t:|1750731621
|switch|p2b: Rillaboom|Rillaboom, L50, M|28/100
|-fieldstart|move: Grassy Terrain|[from] ability: Grassy Surge|[of] p2b: Rillaboom
|-terastallize|p1a: Miraidon|Fairy
|move|p1a: Miraidon|Dazzling Gleam|p2b: Rillaboom|[spread] p2a,p2b
|-supereffective|p2a: Zamazenta
|-damage|p2a: Zamazenta|0 fnt
|-damage|p2b: Rillaboom|1/100
|faint|p2a: Zamazenta
|move|p1b: Tyranitar|Rock Slide|p2b: Rillaboom
|-damage|p2b: Rillaboom|0 fnt
|faint|p2b: Rillaboom
|
|-weather|Sandstorm|[upkeep]
|-damage|p1a: Miraidon|50/100 brn|[from] Sandstorm
|-heal|p1a: Miraidon|56/100 brn|[from] Grassy Terrain
|-damage|p1a: Miraidon|50/100 brn|[from] brn
|upkeep
|
|t:|1750731640
|switch|p2a: Ho-Oh|Ho-Oh, L50, shiny|100/100
|switch|p2b: Overqwil|Overqwil, L50, M, shiny|100/100
|-ability|p2b: Overqwil|Intimidate|boost
|-unboost|p1a: Miraidon|atk|1
|-unboost|p1b: Tyranitar|atk|1
|turn|8
|
|t:|1750731654
|move|p1a: Miraidon|Dazzling Gleam|p2b: Overqwil|[spread] p2a,p2b
|-resisted|p2a: Ho-Oh
|-crit|p2b: Overqwil
|-damage|p2a: Ho-Oh|87/100
|-damage|p2b: Overqwil|39/100
|move|p2a: Ho-Oh|Sacred Fire|p1b: Tyranitar
|-resisted|p1b: Tyranitar
|-damage|p1b: Tyranitar|85/100
|-status|p1b: Tyranitar|brn
|move|p2b: Overqwil|Barb Barrage|p1b: Tyranitar
|-resisted|p1b: Tyranitar
|-damage|p1b: Tyranitar|75/100 brn
|move|p1b: Tyranitar|Rock Slide|p2b: Overqwil|[spread] p2a,p2b
|-supereffective|p2a: Ho-Oh
|-damage|p2a: Ho-Oh|56/100
|-damage|p2b: Overqwil|30/100
|
|-weather|Sandstorm|[upkeep]
|-damage|p1a: Miraidon|44/100 brn|[from] Sandstorm
|-damage|p2a: Ho-Oh|50/100|[from] Sandstorm
|-damage|p2b: Overqwil|23/100|[from] Sandstorm
|-heal|p1a: Miraidon|50/100 brn|[from] Grassy Terrain
|-heal|p2b: Overqwil|30/100|[from] Grassy Terrain
|-heal|p2b: Overqwil|36/100|[from] item: Black Sludge
|-heal|p1b: Tyranitar|81/100 brn|[from] Grassy Terrain
|-damage|p1a: Miraidon|44/100 brn|[from] brn
|-damage|p1b: Tyranitar|75/100 brn|[from] brn
|upkeep
|turn|9
|
|t:|1750731686
|move|p1a: Miraidon|Dazzling Gleam|p2b: Overqwil|[spread] p2a,p2b
|-resisted|p2a: Ho-Oh
|-damage|p2a: Ho-Oh|37/100
|-damage|p2b: Overqwil|0 fnt
|faint|p2b: Overqwil
|move|p2a: Ho-Oh|Life Dew|p2a: Ho-Oh
|-heal|p2a: Ho-Oh|62/100
|move|p1b: Tyranitar|Rock Slide|p2a: Ho-Oh
|-supereffective|p2a: Ho-Oh
|-damage|p2a: Ho-Oh|20/100
|
|-weather|Sandstorm|[upkeep]
|-damage|p1a: Miraidon|39/100 brn|[from] Sandstorm
|-damage|p2a: Ho-Oh|14/100|[from] Sandstorm
|-heal|p1a: Miraidon|44/100 brn|[from] Grassy Terrain
|-heal|p1b: Tyranitar|81/100 brn|[from] Grassy Terrain
|-damage|p1a: Miraidon|39/100 brn|[from] brn
|-damage|p1b: Tyranitar|75/100 brn|[from] brn
|upkeep
|turn|10
|-message|Tokoromegumi415 forfeited.
|
|win|Kunnyman
|raw|Kunnyman's rating: 1324 &rarr; <strong>1349</strong><br />(+25 for winning)
|raw|Tokoromegumi415's rating: 1417 &rarr; <strong>1392</strong><br />(-25 for losing)
|l|☆Tokoromegumi415
|player|p2|
|l|☆Kunnyman
|player|p1|
