|j|☆Alexfind
|j|☆erik311
|t:|1750716589
|gametype|doubles
|player|p1|Alexfind|2|1382
|player|p2|erik311|elesa-masters|1439
|teamsize|p1|6
|teamsize|p2|6
|gen|9
|tier|[Gen 9] VGC 2025 Reg I
|rated|
|rule|Species Clause: Limit one of each Pokémon
|rule|Item Clause: Limit 1 of each item
|clearpoke
|poke|p1|Koraidon, L50|
|poke|p1|Calyrex-Ice, L50|
|poke|p1|Raichu, L50, M|
|poke|p1|Stonjourner, L50, M|
|poke|p1|Incineroar, L50, M|
|poke|p1|Brute Bonnet, L50|
|poke|p2|Calyrex-Ice, L50|
|poke|p2|Miraidon, L50|
|poke|p2|Volcarona, L50, M|
|poke|p2|Ogerpon-Cornerstone, L50, F|
|poke|p2|Whimsicott, L50, F|
|poke|p2|Incineroar, L50, M|
|teampreview|4
|inactive|Battle timer is ON: inactive players will automatically lose when time's up. (requested by erik311)
erik311 has agreed to open team sheets.
|inactive|erik311 has 60 seconds left.
|inactive|Alexfind has 60 seconds left.
|
|t:|1750716634
|start
|switch|p1a: Calyrex|Calyrex-Ice, L50|100/100
|switch|p1b: Raichu|Raichu, L50, M|100/100
|switch|p2a: Calyrex|Calyrex-Ice, L50|100/100
|switch|p2b: Ogerpon|Ogerpon-Cornerstone, L50, F|100/100
|-ability|p1a: Calyrex|As One
|-ability|p1a: Calyrex|Unnerve
|-ability|p2a: Calyrex|As One
|-ability|p2a: Calyrex|Unnerve
|turn|1
|
|t:|1750716651
|switch|p1a: Incineroar|Incineroar, L50, M|100/100
|-ability|p1a: Incineroar|Intimidate|boost
|-fail|p2a: Calyrex|unboost|[from] item: Clear Amulet|[of] p2a: Calyrex
|-unboost|p2b: Ogerpon|atk|1
|move|p2a: Calyrex|Protect|p2a: Calyrex
|-singleturn|p2a: Calyrex|Protect
|move|p1b: Raichu|Volt Switch|p2b: Ogerpon
|-resisted|p2b: Ogerpon
|-damage|p2b: Ogerpon|89/100
|
|t:|1750716662
|switch|p1b: Stonjourner|Stonjourner, L50, M|100/100|[from] Volt Switch
|move|p2b: Ogerpon|Ivy Cudgel|p1a: Incineroar|[anim] Ivy Cudgel Rock
|-supereffective|p1a: Incineroar
|-damage|p1a: Incineroar|44/100
|
|upkeep
|turn|2
|inactive|Alexfind has 30 seconds left.
|
|t:|1750716694
|-terastallize|p2a: Calyrex|Water
|move|p2b: Ogerpon|Ivy Cudgel|p1a: Incineroar|[anim] Ivy Cudgel Rock
|-supereffective|p1a: Incineroar
|-damage|p1a: Incineroar|0 fnt
|faint|p1a: Incineroar
|move|p1b: Stonjourner|Body Press|p2b: Ogerpon
|-supereffective|p2b: Ogerpon
|-damage|p2b: Ogerpon|6/100
|move|p2a: Calyrex|High Horsepower|p1b: Stonjourner
|-supereffective|p1b: Stonjourner
|-damage|p1b: Stonjourner|57/100
|
|upkeep
|
|t:|1750716705
|switch|p1a: Raichu|Raichu, L50, M|100/100
|turn|3
|
|t:|1750716712
|switch|p2b: Incineroar|Incineroar, L50, M|100/100
|-ability|p2b: Incineroar|Intimidate|boost
|-unboost|p1a: Raichu|atk|1
|-unboost|p1b: Stonjourner|atk|1
|move|p2a: Calyrex|Protect|p2a: Calyrex
|-singleturn|p2a: Calyrex|Protect
|move|p1a: Raichu|Volt Switch|p2a: Calyrex
|-activate|p2a: Calyrex|move: Protect
|move|p1b: Stonjourner|Body Press|p2b: Incineroar
|-supereffective|p2b: Incineroar
|-damage|p2b: Incineroar|52/100
|
|upkeep
|turn|4
|
|t:|1750716732
|move|p2b: Incineroar|Fake Out|p1a: Raichu
|-damage|p1a: Raichu|83/100
|cant|p1a: Raichu|flinch
|move|p1b: Stonjourner|Body Press|p2b: Incineroar
|-supereffective|p2b: Incineroar
|-damage|p2b: Incineroar|9/100
|move|p2a: Calyrex|High Horsepower|p1a: Raichu
|-supereffective|p1a: Raichu
|-damage|p1a: Raichu|0 fnt
|faint|p1a: Raichu
|-ability|p2a: Calyrex|Chilling Neigh|boost
|-boost|p2a: Calyrex|atk|1
|
|upkeep
|
|t:|1750716742
|switch|p1a: Calyrex|Calyrex-Ice, L50|100/100
|-ability|p1a: Calyrex|As One
|-ability|p1a: Calyrex|Unnerve
|turn|5
|
|t:|1750716753
|move|p2a: Calyrex|Protect|p2a: Calyrex
|-singleturn|p2a: Calyrex|Protect
|move|p1b: Stonjourner|Body Press|p2a: Calyrex
|-activate|p2a: Calyrex|move: Protect
|move|p2b: Incineroar|U-turn|p1a: Calyrex
|-supereffective|p1a: Calyrex
|-damage|p1a: Calyrex|77/100
|
|t:|1750716761
|switch|p2b: Ogerpon|Ogerpon-Cornerstone, L50, F|6/100|[from] U-turn
|move|p1a: Calyrex|Glacial Lance|p2b: Ogerpon|[spread] p2b
|-activate|p2a: Calyrex|move: Protect
|-supereffective|p2b: Ogerpon
|-damage|p2b: Ogerpon|0 fnt
|faint|p2b: Ogerpon
|-ability|p1a: Calyrex|Chilling Neigh|boost
|-boost|p1a: Calyrex|atk|1
|
|upkeep
|
|t:|1750716763
|switch|p2b: Incineroar|Incineroar, L50, M|9/100
|-ability|p2b: Incineroar|Intimidate|boost
|-fail|p1a: Calyrex|unboost|[from] item: Clear Amulet|[of] p1a: Calyrex
|-unboost|p1b: Stonjourner|atk|1
|turn|6
|
|t:|1750716786
|move|p1a: Calyrex|Protect|p1a: Calyrex
|-singleturn|p1a: Calyrex|Protect
|move|p1b: Stonjourner|Body Press|p2a: Calyrex
|-damage|p2a: Calyrex|83/100
|move|p2b: Incineroar|Knock Off|p1a: Calyrex
|-activate|p1a: Calyrex|move: Protect
|move|p2a: Calyrex|High Horsepower|p1b: Stonjourner
|-supereffective|p1b: Stonjourner
|-damage|p1b: Stonjourner|0 fnt
|faint|p1b: Stonjourner
|-ability|p2a: Calyrex|Chilling Neigh|boost
|-boost|p2a: Calyrex|atk|1
|
|upkeep
|turn|7
|-message|Alexfind forfeited.
|
|win|erik311
|raw|Alexfind's rating: 1382 &rarr; <strong>1365</strong><br />(-17 for losing)
|raw|erik311's rating: 1439 &rarr; <strong>1456</strong><br />(+17 for winning)
