|j|☆Ludikrik
|j|☆Toasteduck
|t:|1750857890
|gametype|doubles
|player|p1|Ludikrik|chili|1612
|player|p2|Toasteduck|1|1606
|teamsize|p1|6
|teamsize|p2|6
|gen|9
|tier|[Gen 9] VGC 2025 Reg I
|rated|
|rule|Species Clause: Limit one of each Pokémon
|rule|Item Clause: Limit 1 of each item
|clearpoke
|poke|p1|Groudon, L50|
|poke|p1|Lunala, L50|
|poke|p1|Scream Tail, L50|
|poke|p1|Ogerpon-Hearthflame, L50, F|
|poke|p1|Incineroar, L50, M|
|poke|p1|Grimmsnarl, L50, M|
|poke|p2|Giratina-Origin, L50|
|poke|p2|Miraidon, L50|
|poke|p2|Iron Bundle, L50|
|poke|p2|Ting-Lu, L50|
|poke|p2|Incineroar, L50, F|
|poke|p2|Mienshao, L50, M|
|teampreview|4
Ludikrik has agreed to open team sheets.
Toasteduck has agreed to open team sheets.
|showteam|p1|Groudon||ClearAmulet|Drought|PrecipiceBlades,HeatCrash,Protect,HighHorsepower||||||50|,,,,,Fire]Lunala||Leftovers|ShadowShield|MoongeistBeam,Moonblast,Protect,CalmMind||||||50|,,,,,Fairy]Scream Tail||BoosterEnergy|Protosynthesis|DazzlingGleam,Encore,Disable,Protect||||||50|,,,,,Dark]Ogerpon-Hearthflame||HearthflameMask|MoldBreaker|IvyCudgel,HornLeech,FollowMe,SpikyShield|||F|||50|,,,,,Fire]Incineroar||AssaultVest|Intimidate|FakeOut,KnockOff,Uturn,FlareBlitz|||M|||50|,,,,,Bug]Grimmsnarl||LightClay|Prankster|Taunt,LightScreen,Reflect,ThunderWave|||M|||50|,,,,,Ghost
|showteam|p2|Giratina-Origin||GriseousCore|Levitate|ShadowSneak,Poltergeist,Protect,DragonClaw||||||50|,,,,,Fire]Miraidon||ChoiceSpecs|HadronEngine|VoltSwitch,DracoMeteor,ElectroDrift,DazzlingGleam||||||50|,,,,,Fairy]Iron Bundle||LifeOrb|QuarkDrive|IcyWind,FreezeDry,Protect,HydroPump||||||50|,,,,,Stellar]Ting-Lu||AssaultVest|VesselofRuin|Ruination,StompingTantrum,SandTomb,Snarl||||||50|,,,,,Water]Incineroar||RockyHelmet|Intimidate|KnockOff,FlareBlitz,FakeOut,PartingShot|||F|||50|,,,,,Ghost]Mienshao||FocusSash|InnerFocus|CloseCombat,Coaching,FakeOut,WideGuard|||M|||50|,,,,,Stellar
|inactive|Battle timer is ON: inactive players will automatically lose when time's up. (requested by Ludikrik)
|
|t:|1750857956
|start
|switch|p1a: Goudron|Groudon, L50|100/100
|switch|p1b: Scream Tail|Scream Tail, L50|100/100
|switch|p2a: Miraidon|Miraidon, L50|100/100
|switch|p2b: Iron Bundle|Iron Bundle, L50|100/100
|-fieldstart|move: Electric Terrain|[from] ability: Hadron Engine|[of] p2a: Miraidon
|-activate|p2b: Iron Bundle|ability: Quark Drive
|-start|p2b: Iron Bundle|quarkdrivespe
|-weather|SunnyDay|[from] ability: Drought|[of] p1a: Goudron
|-activate|p1b: Scream Tail|ability: Protosynthesis
|-start|p1b: Scream Tail|protosynthesisspe
|turn|1
|inactive|Ludikrik has 30 seconds left.
|
|t:|1750857985
|switch|p2a: Giratina|Giratina-Origin, L50|100/100
|move|p2b: Iron Bundle|Protect|p2b: Iron Bundle
|-singleturn|p2b: Iron Bundle|Protect
|move|p1b: Scream Tail|Protect|p1b: Scream Tail
|-singleturn|p1b: Scream Tail|Protect
|move|p1a: Goudron|Protect||[still]
|-fail|p1a: Goudron
|
|-weather|SunnyDay|[upkeep]
|upkeep
|turn|2
|inactive|Ludikrik has 30 seconds left.
|
|t:|1750858012
|switch|p1a: INFERNOOOOOOOOO|Incineroar, L50, M|100/100
|-ability|p1a: INFERNOOOOOOOOO|Intimidate|boost
|-unboost|p2a: Giratina|atk|1
|-unboost|p2b: Iron Bundle|atk|1
|move|p2b: Iron Bundle|Icy Wind|p1b: Scream Tail|[spread] p1a,p1b
|-resisted|p1a: INFERNOOOOOOOOO
|-damage|p1a: INFERNOOOOOOOOO|92/100
|-damage|p1b: Scream Tail|81/100
|-unboost|p1a: INFERNOOOOOOOOO|spe|1
|-unboost|p1b: Scream Tail|spe|1
|-damage|p2b: Iron Bundle|91/100|[from] item: Life Orb
|move|p1b: Scream Tail|Encore|p2b: Iron Bundle
|-start|p2b: Iron Bundle|Encore
|move|p2a: Giratina|Poltergeist|p1b: Scream Tail
|-activate|p1b: Scream Tail|move: Poltergeist|Booster Energy
|-supereffective|p1b: Scream Tail
|-damage|p1b: Scream Tail|17/100
|
|-weather|SunnyDay|[upkeep]
|upkeep
|turn|3
|inactive|Ludikrik has 30 seconds left.
|inactive|Toasteduck has 30 seconds left.
|
|t:|1750858042
|-end|p1b: Scream Tail|Protosynthesis|[silent]
|switch|p1b: Goudron|Groudon, L50|100/100
|move|p2a: Giratina|Protect|p2a: Giratina
|-singleturn|p2a: Giratina|Protect
|move|p2b: Iron Bundle|Icy Wind|p1a: INFERNOOOOOOOOO|[spread] p1a,p1b
|-resisted|p1a: INFERNOOOOOOOOO
|-crit|p1a: INFERNOOOOOOOOO
|-supereffective|p1b: Goudron
|-damage|p1a: INFERNOOOOOOOOO|81/100
|-damage|p1b: Goudron|59/100
|-unboost|p1a: INFERNOOOOOOOOO|spe|1
|-damage|p2b: Iron Bundle|81/100|[from] item: Life Orb
|move|p1a: INFERNOOOOOOOOO|U-turn|p2a: Giratina
|-activate|p2a: Giratina|move: Protect
|
|-weather|SunnyDay|[upkeep]
|upkeep
|turn|4
|inactive|Toasteduck has 30 seconds left.
|inactive|Toasteduck has 20 seconds left.
|inactive|Toasteduck has 15 seconds left.
|inactive|Toasteduck has 10 seconds left.
|
|t:|1750858088
|-terastallize|p1b: Goudron|Fire
|move|p2b: Iron Bundle|Icy Wind|p1b: Goudron|[spread] p1a,p1b
|-resisted|p1a: INFERNOOOOOOOOO
|-resisted|p1b: Goudron
|-damage|p1a: INFERNOOOOOOOOO|73/100
|-damage|p1b: Goudron|48/100
|-unboost|p1a: INFERNOOOOOOOOO|spe|1
|-damage|p2b: Iron Bundle|71/100|[from] item: Life Orb
|move|p1b: Goudron|Heat Crash|p2b: Iron Bundle
|-damage|p2b: Iron Bundle|0 fnt
|faint|p2b: Iron Bundle
|-end|p2b: Iron Bundle|Quark Drive|[silent]
|move|p2a: Giratina|Poltergeist|p1b: Goudron
|-activate|p1b: Goudron|move: Poltergeist|Clear Amulet
|-damage|p1b: Goudron|21/100
|move|p1a: INFERNOOOOOOOOO|Knock Off|p2a: Giratina
|-supereffective|p2a: Giratina
|-damage|p2a: Giratina|66/100
|
|-weather|SunnyDay|[upkeep]
|upkeep
|inactive|Toasteduck has 30 seconds left.
|inactive|Toasteduck has 20 seconds left.
|
|t:|1750858123
|switch|p2b: Miraidon|Miraidon, L50|100/100
|-activate|p2b: Miraidon|ability: Hadron Engine
|turn|5
|inactive|Ludikrik has 30 seconds left.
|inactive|Ludikrik has 20 seconds left.
|
|t:|1750858160
|move|p2b: Miraidon|Volt Switch|p1a: INFERNOOOOOOOOO
|-damage|p1a: INFERNOOOOOOOOO|4/100
|
|t:|1750858163
|switch|p2b: Mienshao|Mienshao, L50, M|100/100|[from] Volt Switch
|move|p1b: Goudron|Precipice Blades|p2b: Mienshao|[spread] p2b
|-immune|p2a: Giratina|[from] ability: Levitate
|-enditem|p2b: Mienshao|Focus Sash
|-damage|p2b: Mienshao|1/100
|move|p2a: Giratina|Poltergeist|p1b: Goudron
|-activate|p1b: Goudron|move: Poltergeist|Clear Amulet
|-damage|p1b: Goudron|0 fnt
|faint|p1b: Goudron
|move|p1a: INFERNOOOOOOOOO|U-turn|p2b: Mienshao
|-resisted|p2b: Mienshao
|-damage|p2b: Mienshao|0 fnt
|faint|p2b: Mienshao
|
|t:|1750858176
|switch|p1a: Moom|Lunala, L50|100/100|[from] U-turn
|
|-weather|none
|-fieldend|move: Electric Terrain
|upkeep
|
|t:|1750858183
|switch|p2b: Miraidon|Miraidon, L50|100/100
|switch|p1b: INFERNOOOOOOOOO|Incineroar, L50, M|4/100
|-fieldstart|move: Electric Terrain|[from] ability: Hadron Engine|[of] p2b: Miraidon
|-ability|p1b: INFERNOOOOOOOOO|Intimidate|boost
|-unboost|p2a: Giratina|atk|1
|-unboost|p2b: Miraidon|atk|1
|turn|6
|inactive|Ludikrik has 30 seconds left.
|inactive|Toasteduck has 30 seconds left.
|inactive|Toasteduck has 20 seconds left.
|inactive|Toasteduck has 15 seconds left.
|
|t:|1750858224
|move|p1b: INFERNOOOOOOOOO|Fake Out|p2b: Miraidon
|-damage|p2b: Miraidon|90/100
|move|p2a: Giratina|Shadow Sneak|p1a: Moom
|-supereffective|p1a: Moom
|-damage|p1a: Moom|78/100
|cant|p2b: Miraidon|flinch
|move|p1a: Moom|Moongeist Beam|p2a: Giratina
|-supereffective|p2a: Giratina
|-damage|p2a: Giratina|2/100
|
|-heal|p1a: Moom|84/100|[from] item: Leftovers
|upkeep
|turn|7
|inactive|Toasteduck has 30 seconds left.
|
|t:|1750858253
|-terastallize|p2b: Miraidon|Fairy
|move|p1a: Moom|Protect|p1a: Moom
|-singleturn|p1a: Moom|Protect
|move|p2a: Giratina|Protect|p2a: Giratina
|-singleturn|p2a: Giratina|Protect
|move|p2b: Miraidon|Electro Drift|p1a: Moom
|-activate|p1a: Moom|move: Protect
|move|p1b: INFERNOOOOOOOOO|U-turn|p2a: Giratina
|-activate|p2a: Giratina|move: Protect
|
|-heal|p1a: Moom|91/100|[from] item: Leftovers
|upkeep
|turn|8
|inactive|Ludikrik has 30 seconds left.
|inactive|Ludikrik has 20 seconds left.
|
|t:|1750858293
|move|p2b: Miraidon|Electro Drift|p1a: Moom
|-damage|p1a: Moom|0 fnt
|faint|p1a: Moom
|move|p2a: Giratina|Dragon Claw|p1b: INFERNOOOOOOOOO
|-damage|p1b: INFERNOOOOOOOOO|0 fnt
|faint|p1b: INFERNOOOOOOOOO
|
|upkeep
|
|t:|1750858299
|switch|p1b: Scream Tail|Scream Tail, L50|17/100
|-enditem|p1b: Scream Tail|Booster Energy
|-activate|p1b: Scream Tail|ability: Protosynthesis|[fromitem]
|-start|p1b: Scream Tail|protosynthesisspe
|turn|9
|
|t:|1750858303
|move|p2a: Giratina|Shadow Sneak|p1b: Scream Tail
|-supereffective|p1b: Scream Tail
|-damage|p1b: Scream Tail|0 fnt
|faint|p1b: Scream Tail
|-end|p1b: Scream Tail|Protosynthesis|[silent]
|
|win|Toasteduck
|raw|Ludikrik's rating: 1612 &rarr; <strong>1592</strong><br />(-20 for losing)
|raw|Toasteduck's rating: 1606 &rarr; <strong>1626</strong><br />(+20 for winning)
|l|☆Ludikrik
|player|p1|
|l|☆Toasteduck
|player|p2|
