|j|☆Ejsundertale
|j|☆JJdoublez123
|t:|1750740881
|gametype|doubles
|player|p1|Ejsundertale|266|1137
|player|p2|JJdoublez123|102|1226
|teamsize|p1|6
|teamsize|p2|6
|gen|9
|tier|[Gen 9] VGC 2025 Reg I
|rated|
|rule|Species Clause: Limit one of each Pokémon
|rule|Item Clause: Limit 1 of each item
|clearpoke
|poke|p1|Dialga-Origin, L50|
|poke|p1|Miraidon, L50|
|poke|p1|Incineroar, L50, M|
|poke|p1|Maushold, L50|
|poke|p1|Ursaluna, L50, M|
|poke|p1|Whimsicott, L50, F|
|poke|p2|Amoonguss, L50, F|
|poke|p2|Smeargle, L50, M|
|poke|p2|Incineroar, L50, M|
|poke|p2|Rillaboom, L50, M|
|poke|p2|Calyrex-Ice, L50|
|poke|p2|Koraidon, L50|
|teampreview|4
|inactive|Battle timer is ON: inactive players will automatically lose when time's up. (requested by JJdoublez123)
|inactive|Ejsundertale has 60 seconds left.
|inactive|JJdoublez123 has 60 seconds left.
|
|t:|1750740930
|start
|switch|p1a: Whimsicott|Whimsicott, L50, F|100/100
|switch|p1b: Maushold|Maushold, L50|100/100
|switch|p2a: Koraidon|Koraidon, L50|100/100
|switch|p2b: Incineroar|Incineroar, L50, M|100/100
|-weather|SunnyDay|[from] ability: Orichalcum Pulse|[of] p2a: Koraidon
|-activate|p2a: Koraidon|Orichalcum Pulse|[source]
|-ability|p2b: Incineroar|Intimidate|boost
|-unboost|p1a: Whimsicott|atk|1
|-unboost|p1b: Maushold|atk|1
|turn|1
|
|t:|1750740945
|move|p2b: Incineroar|Fake Out|p1b: Maushold
|-damage|p1b: Maushold|85/100
|cant|p1b: Maushold|flinch
|move|p2a: Koraidon|Flame Charge|p1a: Whimsicott
|-supereffective|p1a: Whimsicott
|-damage|p1a: Whimsicott|22/100
|-boost|p2a: Koraidon|spe|1
|-damage|p2a: Koraidon|91/100|[from] item: Life Orb
|move|p1a: Whimsicott|Trick Room|p1a: Whimsicott
|-fieldstart|move: Trick Room|[of] p1a: Whimsicott
|
|-weather|SunnyDay|[upkeep]
|upkeep
|turn|2
|inactive|JJdoublez123 has 30 seconds left.
|inactive|JJdoublez123 has 20 seconds left.
|inactive|JJdoublez123 has 15 seconds left.
|
|t:|1750740985
|switch|p2b: Rillaboom|Rillaboom, L50, M|100/100
|-fieldstart|move: Grassy Terrain|[from] ability: Grassy Surge|[of] p2b: Rillaboom
|switch|p1b: Ursaluna|Ursaluna, L50, M|100/100
|move|p1a: Whimsicott|Moonblast|p2a: Koraidon
|-supereffective|p2a: Koraidon
|-damage|p2a: Koraidon|0 fnt
|faint|p2a: Koraidon
|
|-weather|SunnyDay|[upkeep]
|-heal|p1a: Whimsicott|28/100|[from] Grassy Terrain
|-status|p1b: Ursaluna|brn|[from] item: Flame Orb
|upkeep
|
|t:|1750740999
|switch|p2a: Incineroar|Incineroar, L50, M|100/100
|-ability|p2a: Incineroar|Intimidate|boost
|-unboost|p1a: Whimsicott|atk|1
|-unboost|p1b: Ursaluna|atk|1
|turn|3
|inactive|JJdoublez123 has 30 seconds left.
|
|t:|1750741028
|move|p2a: Incineroar|Fake Out|p1b: Ursaluna
|-damage|p1b: Ursaluna|93/100 brn
|cant|p1b: Ursaluna|flinch
|move|p2b: Rillaboom|Low Kick|p1a: Whimsicott
|-resisted|p1a: Whimsicott
|-crit|p1a: Whimsicott
|-damage|p1a: Whimsicott|23/100
|move|p1a: Whimsicott|Moonblast|p2a: Incineroar
|-damage|p2a: Incineroar|80/100
|
|-weather|SunnyDay|[upkeep]
|-heal|p1b: Ursaluna|99/100 brn|[from] Grassy Terrain
|-heal|p2a: Incineroar|85/100|[from] Grassy Terrain
|-heal|p1a: Whimsicott|29/100|[from] Grassy Terrain
|-damage|p1b: Ursaluna|93/100 brn|[from] brn
|upkeep
|turn|4
|inactive|JJdoublez123 has 30 seconds left.
|
|t:|1750741061
|switch|p1a: Maushold|Maushold, L50|85/100
|move|p1b: Ursaluna|Headlong Rush|p2a: Incineroar
|-supereffective|p2a: Incineroar
|-damage|p2a: Incineroar|0 fnt
|-unboost|p1b: Ursaluna|def|1
|-unboost|p1b: Ursaluna|spd|1
|faint|p2a: Incineroar
|move|p2b: Rillaboom|Wood Hammer|p1b: Ursaluna
|-supereffective|p1b: Ursaluna
|-damage|p1b: Ursaluna|0 fnt
|faint|p1b: Ursaluna
|-damage|p2b: Rillaboom|64/100|[from] Recoil
|
|-weather|SunnyDay|[upkeep]
|-heal|p2b: Rillaboom|70/100|[from] Grassy Terrain
|-heal|p1a: Maushold|91/100|[from] Grassy Terrain
|upkeep
|
|t:|1750741072
|switch|p1b: Whimsicott|Whimsicott, L50, F|29/100
|switch|p2a: Calyrex|Calyrex-Ice, L50|100/100
|-ability|p2a: Calyrex|As One
|-ability|p2a: Calyrex|Unnerve
|turn|5
|
|t:|1750741081
|move|p1b: Whimsicott|Protect|p1b: Whimsicott
|-singleturn|p1b: Whimsicott|Protect
|move|p1a: Maushold|Protect|p1a: Maushold
|-singleturn|p1a: Maushold|Protect
|move|p2a: Calyrex|Swords Dance|p2a: Calyrex
|-boost|p2a: Calyrex|atk|2
|move|p2b: Rillaboom|Low Kick|p1a: Maushold
|-activate|p1a: Maushold|move: Protect
|
|-weather|none
|-heal|p2b: Rillaboom|76/100|[from] Grassy Terrain
|-heal|p1b: Whimsicott|35/100|[from] Grassy Terrain
|-heal|p1a: Maushold|97/100|[from] Grassy Terrain
|-fieldend|move: Trick Room
|upkeep
|turn|6
|
|t:|1750741097
|move|p1a: Maushold|Population Bomb|p2a: Calyrex
|-damage|p2a: Calyrex|97/100
|-damage|p2a: Calyrex|94/100
|-damage|p2a: Calyrex|90/100
|-damage|p2a: Calyrex|87/100
|-damage|p2a: Calyrex|84/100
|-damage|p2a: Calyrex|80/100
|-damage|p2a: Calyrex|77/100
|-crit|p2a: Calyrex
|-damage|p2a: Calyrex|71/100
|-damage|p2a: Calyrex|68/100
|-damage|p2a: Calyrex|63/100
|-hitcount|p2a: Calyrex|10
|move|p1b: Whimsicott|Moonblast|p2a: Calyrex
|-damage|p2a: Calyrex|47/100
|move|p2b: Rillaboom|Low Kick|p1a: Maushold
|-supereffective|p1a: Maushold
|-damage|p1a: Maushold|82/100
|move|p2a: Calyrex|Glacial Lance|p1a: Maushold|[spread] p1a,p1b
|-supereffective|p1b: Whimsicott
|-damage|p1a: Maushold|0 fnt
|-damage|p1b: Whimsicott|0 fnt
|faint|p1a: Maushold
|faint|p1b: Whimsicott
|-ability|p2a: Calyrex|Chilling Neigh|boost
|-boost|p2a: Calyrex|atk|2
|
|-heal|p2b: Rillaboom|82/100|[from] Grassy Terrain
|-heal|p2a: Calyrex|53/100|[from] Grassy Terrain
|-fieldend|move: Grassy Terrain
|upkeep
|
|t:|1750741104
|switch|p1b: Miraidon|Miraidon, L50|100/100
|-fieldstart|move: Electric Terrain|[from] ability: Hadron Engine|[of] p1b: Miraidon
|turn|7
|inactive|JJdoublez123 has 30 seconds left.
|inactive|JJdoublez123 has 20 seconds left.
|inactive|JJdoublez123 has 15 seconds left.
|
|t:|1750741145
|-terastallize|p1b: Miraidon|Fairy
|-terastallize|p2b: Rillaboom|Ground
|move|p2a: Calyrex|Protect|p2a: Calyrex
|-singleturn|p2a: Calyrex|Protect
|move|p1b: Miraidon|Electro Drift|p2a: Calyrex
|-activate|p2a: Calyrex|move: Protect
|move|p2b: Rillaboom|Low Kick|p1b: Miraidon
|-resisted|p1b: Miraidon
|-damage|p1b: Miraidon|84/100
|
|upkeep
|turn|8
|
|t:|1750741164
|move|p1b: Miraidon|Electro Drift|p2a: Calyrex
|-damage|p2a: Calyrex|0 fnt
|faint|p2a: Calyrex
|move|p2b: Rillaboom|Wood Hammer|p1b: Miraidon
|-crit|p1b: Miraidon
|-damage|p1b: Miraidon|19/100
|-damage|p2b: Rillaboom|62/100|[from] Recoil
|
|upkeep
|turn|9
|-message|Ejsundertale forfeited.
|
|win|JJdoublez123
|raw|Ejsundertale's rating: 1137 &rarr; <strong>1118</strong><br />(-19 for losing)
|raw|JJdoublez123's rating: 1226 &rarr; <strong>1245</strong><br />(+19 for winning)
|l|☆Ejsundertale
|player|p1|
|l|☆JJdoublez123
|player|p2|
