|j|☆AthenaStrive9
|j|☆eriksp9
|t:|1750818831
|gametype|doubles
|player|p1|AthenaStrive9|nancy|
|player|p2|eriksp9|calem-masters|
|teamsize|p1|6
|teamsize|p2|6
|gen|9
|tier|[Gen 9] VGC 2025 Reg I
|rated|Tournament battle
|rule|Species Clause: Limit one of each Pokémon
|rule|Item Clause: Limit 1 of each item
|raw|<div class="infobox"><details class="readmore" open><summary><strong>2 custom rules:</strong></summary> Force Open Team Sheets, !Open Team Sheets</details></div>
|clearpoke
|poke|p1|Miraidon, L50|
|poke|p1|Zamazenta-*, L50|
|poke|p1|Volcarona, L50, M|
|poke|p1|Farigiraf, L50, M|
|poke|p1|Rillaboom, L50, F|
|poke|p1|Grimmsnarl, L50, M|
|poke|p2|Calyrex-Ice, L50|
|poke|p2|Miraidon, L50|
|poke|p2|Volcarona, L50, F|
|poke|p2|Iron Hands, L50|
|poke|p2|Grimmsnarl, L50, M|
|poke|p2|Ogerpon, L50, F|
|teampreview|4
|showteam|p1|Miraidon||ChoiceSpecs|HadronEngine|ElectroDrift,DracoMeteor,DazzlingGleam,VoltSwitch||||||50|,,,,,Fairy]Zamazenta-Crowned||RustedShield|DauntlessShield|Protect,BodyPress,behemothbash,WideGuard||||||50|,,,,,Dragon]Volcarona||Leftovers|FlameBody|Protect,FieryDance,StruggleBug,QuiverDance|||M|||50|,,,,,Grass]Farigiraf||ElectricSeed|ArmorTail|Psychic,FoulPlay,HelpingHand,TrickRoom|||M|||50|,,,,,Water]Rillaboom||AssaultVest|GrassySurge|GrassyGlide,WoodHammer,FakeOut,Uturn|||F|||50|,,,,,Water]Grimmsnarl||LightClay|Prankster|SpiritBreak,ScaryFace,Reflect,LightScreen|||M|||50|,,,,,Ghost
|showteam|p2|Calyrex-Ice||ClearAmulet|AsOneGlastrier|GlacialLance,HighHorsepower,TrickRoom,Protect||||||50|,,,,,Water]Miraidon||ChoiceScarf|HadronEngine|ElectroDrift,VoltSwitch,DracoMeteor,Snarl||||||50|,,,,,Electric]Volcarona||Leftovers|FlameBody|FieryDance,StruggleBug,QuiverDance,Protect|||F|||50|,,,,,Dragon]Iron Hands||AssaultVest|QuarkDrive|WildCharge,DrainPunch,LowKick,FakeOut||||||50|,,,,,Water]Grimmsnarl||LightClay|Prankster|Reflect,SpiritBreak,LightScreen,ThunderWave|||M|||50|,,,,,Ghost]Ogerpon||CovertCloak|Defiant|SpikyShield,Taunt,IvyCudgel,Encore|||F|||50|,,,,,Grass
|j| bman311
|j| Calvasso
|c|☆eriksp9|glhf
|c|☆AthenaStrive9|u2!
|j| imgoldshark07
|l| imgoldshark07
|j| sillE roverT
|inactive|Battle timer is ON: inactive players will automatically lose when time's up. (requested by eriksp9)
|c| sillE roverT|sorry athena
|c|☆AthenaStrive9|It's alright
|c|☆AthenaStrive9|happens
|
|t:|1750818940
|start
|switch|p1a: Volcarona|Volcarona, L50, M|100/100
|switch|p1b: Rillaboom|Rillaboom, L50, F, shiny|100/100
|switch|p2a: Miraidon|Miraidon, L50|100/100
|switch|p2b: Ogerpon|Ogerpon, L50, F|100/100
|-fieldstart|move: Electric Terrain|[from] ability: Hadron Engine|[of] p2a: Miraidon
|-fieldstart|move: Grassy Terrain|[from] ability: Grassy Surge|[of] p1b: Rillaboom
|turn|1
|inactive|AthenaStrive9 has 30 seconds left.
|inactive|AthenaStrive9 has 20 seconds left.
|inactive|AthenaStrive9 has 15 seconds left.
|
|t:|1750818982
|move|p1b: Rillaboom|Fake Out|p2b: Ogerpon
|-damage|p2b: Ogerpon|87/100
|move|p2a: Miraidon|Volt Switch|p1b: Rillaboom
|-resisted|p1b: Rillaboom
|-damage|p1b: Rillaboom|88/100
|
|t:|1750818987
|switch|p2a: Volcarona|Volcarona, L50, F, shiny|100/100|[from] Volt Switch
|move|p2b: Ogerpon|Taunt|p1a: Volcarona
|-start|p1a: Volcarona|move: Taunt
|cant|p1a: Volcarona|move: Taunt|Quiver Dance
|
|-heal|p2b: Ogerpon|93/100|[from] Grassy Terrain
|-heal|p1b: Rillaboom|94/100|[from] Grassy Terrain
|upkeep
|turn|2
|c|☆AthenaStrive9|I am so stupiud
|c|☆AthenaStrive9|or maybe tired
|c|☆AthenaStrive9|might just be tired
|inactive|AthenaStrive9 has 30 seconds left.
|
|t:|1750819023
|switch|p1b: Miraidon|Miraidon, L50|100/100
|-fieldstart|move: Electric Terrain|[from] ability: Hadron Engine|[of] p1b: Miraidon
|move|p2b: Ogerpon|Encore||[still]
|-fail|p2b: Ogerpon
|move|p2a: Volcarona|Quiver Dance|p2a: Volcarona
|-boost|p2a: Volcarona|spa|1
|-boost|p2a: Volcarona|spd|1
|-boost|p2a: Volcarona|spe|1
|move|p1a: Volcarona|Struggle Bug|p2a: Volcarona|[spread] p2a,p2b
|-resisted|p2a: Volcarona
|-supereffective|p2b: Ogerpon
|-damage|p2a: Volcarona|95/100
|-damage|p2b: Ogerpon|60/100
|-unboost|p2a: Volcarona|spa|1
|
|-heal|p2a: Volcarona|100/100|[from] item: Leftovers
|upkeep
|turn|3
|c|☆eriksp9|ok that doesnt work
|c|☆eriksp9|wanted to see how that interaction worked
|inactive|AthenaStrive9 has 30 seconds left.
|inactive|eriksp9 has 30 seconds left.
|inactive|AthenaStrive9 has 20 seconds left.
|inactive|AthenaStrive9 has 15 seconds left.
|inactive|eriksp9 has 20 seconds left.
|
|t:|1750819071
|switch|p2b: Miraidon|Miraidon, L50|100/100
|-activate|p2b: Miraidon|ability: Hadron Engine
|move|p2a: Volcarona|Struggle Bug|p1b: Miraidon|[spread] p1a,p1b
|-resisted|p1a: Volcarona
|-crit|p1a: Volcarona
|-crit|p1b: Miraidon
|-damage|p1a: Volcarona|89/100
|-damage|p1b: Miraidon|78/100
|-unboost|p1a: Volcarona|spa|1
|-unboost|p1b: Miraidon|spa|1
|move|p1b: Miraidon|Electro Drift|p2a: Volcarona
|-crit|p2a: Volcarona
|-damage|p2a: Volcarona|0 fnt
|-status|p1b: Miraidon|brn|[from] ability: Flame Body|[of] p2a: Volcarona
|faint|p2a: Volcarona
|move|p1a: Volcarona|Struggle Bug|p2b: Miraidon
|-damage|p2b: Miraidon|87/100
|-unboost|p2b: Miraidon|spa|1
|
|-heal|p1a: Volcarona|95/100|[from] item: Leftovers
|-damage|p1b: Miraidon|72/100 brn|[from] brn
|-end|p1a: Volcarona|move: Taunt
|upkeep
|c|☆AthenaStrive9|Yeah you have to actually use the move to be encored
|c|☆AthenaStrive9|and because I couldn't use QD I can't be encored
|c|☆AthenaStrive9|also
|c|☆AthenaStrive9|sorry for crit
|c|☆eriksp9|ouch
|c|☆eriksp9|it's ok
|inactive|eriksp9 has 30 seconds left.
|c| sillE roverT|disable tho
|
|t:|1750819100
|switch|p2a: Calyrex|Calyrex-Ice, L50|100/100
|-ability|p2a: Calyrex|As One
|-ability|p2a: Calyrex|Unnerve
|turn|4
|
|t:|1750819108
|-terastallize|p2b: Miraidon|Electric
|move|p2b: Miraidon|Electro Drift|p1a: Volcarona
|-damage|p1a: Volcarona|19/100
|move|p1b: Miraidon|Electro Drift|p2a: Calyrex
|-damage|p2a: Calyrex|36/100
|move|p1a: Volcarona|Fiery Dance|p2a: Calyrex
|-supereffective|p2a: Calyrex
|-damage|p2a: Calyrex|0 fnt
|-boost|p1a: Volcarona|spa|1
|faint|p2a: Calyrex
|
|-heal|p1a: Volcarona|25/100|[from] item: Leftovers
|-damage|p1b: Miraidon|66/100 brn|[from] brn
|upkeep
|c| sillE roverT|maybe you have to use it at least once
|j| sheepie_sheep
|c|☆eriksp9|at the end of the day crits are gonna happen when u use set up
|
|t:|1750819130
|switch|p2a: Ogerpon|Ogerpon, L50, F|60/100
|turn|5
|c|☆AthenaStrive9|Yeah maybe
|c|☆AthenaStrive9|idk the exact mechancis
|inactive|eriksp9 has 30 seconds left.
|
|t:|1750819156
|move|p2b: Miraidon|Electro Drift|p1a: Volcarona
|-damage|p1a: Volcarona|0 fnt
|faint|p1a: Volcarona
|move|p1b: Miraidon|Electro Drift|p2b: Miraidon
|-resisted|p2b: Miraidon
|-damage|p2b: Miraidon|51/100
|move|p2a: Ogerpon|Ivy Cudgel|p1b: Miraidon
|-resisted|p1b: Miraidon
|-damage|p1b: Miraidon|45/100 brn
|
|-damage|p1b: Miraidon|39/100 brn|[from] brn
|upkeep
|j| imgoldshark07
|
|t:|1750819161
|switch|p1a: Rillaboom|Rillaboom, L50, F, shiny|94/100
|-fieldstart|move: Grassy Terrain|[from] ability: Grassy Surge|[of] p1a: Rillaboom
|turn|6
|
|t:|1750819173
|move|p1a: Rillaboom|Fake Out|p2b: Miraidon
|-damage|p2b: Miraidon|38/100
|cant|p2b: Miraidon|flinch
|move|p1b: Miraidon|Electro Drift|p2b: Miraidon
|-resisted|p2b: Miraidon
|-damage|p2b: Miraidon|15/100
|move|p2a: Ogerpon|Ivy Cudgel|p1b: Miraidon
|-resisted|p1b: Miraidon
|-damage|p1b: Miraidon|12/100 brn
|
|-heal|p2b: Miraidon|21/100|[from] Grassy Terrain
|-heal|p1b: Miraidon|19/100 brn|[from] Grassy Terrain
|-heal|p2a: Ogerpon|66/100|[from] Grassy Terrain
|-heal|p1a: Rillaboom|100/100|[from] Grassy Terrain
|-damage|p1b: Miraidon|12/100 brn|[from] brn
|upkeep
|turn|7
|
|t:|1750819189
|move|p1a: Rillaboom|Grassy Glide|p2b: Miraidon
|-damage|p2b: Miraidon|0 fnt
|faint|p2b: Miraidon
|move|p1b: Miraidon|Electro Drift|p2a: Ogerpon
|-resisted|p2a: Ogerpon
|-damage|p2a: Ogerpon|42/100
|move|p2a: Ogerpon|Encore|p1a: Rillaboom
|-start|p1a: Rillaboom|Encore
|
|-heal|p1b: Miraidon|19/100 brn|[from] Grassy Terrain
|-heal|p2a: Ogerpon|48/100|[from] Grassy Terrain
|-damage|p1b: Miraidon|12/100 brn|[from] brn
|upkeep
|turn|8
|
|t:|1750819204
|switch|p1a: Zamazenta|Zamazenta-Crowned, L50, shiny|100/100
|-ability|p1a: Zamazenta|Dauntless Shield|boost
|-boost|p1a: Zamazenta|def|1
|move|p2a: Ogerpon|Spiky Shield|p2a: Ogerpon
|-singleturn|p2a: Ogerpon|move: Protect
|move|p1b: Miraidon|Electro Drift|p2a: Ogerpon
|-activate|p2a: Ogerpon|move: Protect
|-damage|p1b: Miraidon|0 fnt|[from] Spiky Shield|[of] p2a: Ogerpon
|faint|p1b: Miraidon
|
|-heal|p2a: Ogerpon|53/100|[from] Grassy Terrain
|upkeep
|l| sheepie_sheep
|l| imgoldshark07
|
|t:|1750819206
|switch|p1b: Rillaboom|Rillaboom, L50, F, shiny|100/100
|turn|9
|
|t:|1750819214
|move|p1a: Zamazenta|Body Press|p2a: Ogerpon
|-damage|p2a: Ogerpon|0 fnt
|faint|p2a: Ogerpon
|
|win|AthenaStrive9
|n|☆AthenaStrive9|athenastrive9
|n|☆eriksp9|eriksp9
|n| bman311|bman311
|n| Calvasso|calvasso
|n| sillE roverT|sillerovert
