|j|☆spacehippy
|j|☆Sillinator
|t:|1750839284
|gametype|doubles
|player|p1|spacehippy|170|1198
|player|p2|Sillinator|2|1160
|teamsize|p1|6
|teamsize|p2|6
|gen|9
|tier|[Gen 9] VGC 2025 Reg I
|rated|
|rule|Species Clause: Limit one of each Pokémon
|rule|Item Clause: Limit 1 of each item
|clearpoke
|poke|p1|Tauros-Paldea-Aqua, L50, M|
|poke|p1|Garchomp, L50, M|
|poke|p1|Frosmoth, L50, M|
|poke|p1|Zacian-*, L50|
|poke|p1|Indeedee-F, L50, F|
|poke|p1|Necrozma-Dawn-Wings, L50|
|poke|p2|Koraidon, L50|
|poke|p2|Venusaur, L50, F|
|poke|p2|Flutter Mane, L50|
|poke|p2|Sableye, L50, F|
|poke|p2|Giratina-Origin, L50|
|poke|p2|Ogerpon-Cornerstone, L50, F|
|teampreview|4
|inactive|Battle timer is ON: inactive players will automatically lose when time's up. (requested by Sillinator)
|inactive|spacehippy has 60 seconds left.
|inactive|Sillinator has 60 seconds left.
|
|t:|1750839319
|start
|switch|p1a: Frosmoth|Frosmoth, L50, M|100/100
|switch|p1b: Necrozma|Necrozma-Dawn-Wings, L50|100/100
|switch|p2a: Koraidon|Koraidon, L50|100/100
|switch|p2b: Giratina|Giratina-Origin, L50|100/100
|-weather|SunnyDay|[from] ability: Orichalcum Pulse|[of] p2a: Koraidon
|-activate|p2a: Koraidon|Orichalcum Pulse|[source]
|turn|1
|inactive|Sillinator has 30 seconds left.
|inactive|spacehippy has 30 seconds left.
|
|t:|1750839355
|-terastallize|p2a: Koraidon|Fire
|-terastallize|p1b: Necrozma|Dark
|move|p2a: Koraidon|Flame Charge|p1a: Frosmoth
|-supereffective|p1a: Frosmoth
|-damage|p1a: Frosmoth|0 fnt
|-boost|p2a: Koraidon|spe|1
|faint|p1a: Frosmoth
|-damage|p2a: Koraidon|91/100|[from] item: Life Orb
|move|p2b: Giratina|Poltergeist|p1b: Necrozma
|-activate|p1b: Necrozma|move: Poltergeist|Life Orb
|-resisted|p1b: Necrozma
|-damage|p1b: Necrozma|74/100
|move|p1b: Necrozma|Expanding Force|p2a: Koraidon
|-damage|p2a: Koraidon|21/100
|-damage|p1b: Necrozma|64/100|[from] item: Life Orb
|
|-weather|SunnyDay|[upkeep]
|upkeep
|
|t:|1750839373
|switch|p1a: Indeedee|Indeedee-F, L50, F|100/100
|-fieldstart|move: Psychic Terrain|[from] ability: Psychic Surge|[of] p1a: Indeedee
|-enditem|p1a: Indeedee|Psychic Seed
|-boost|p1a: Indeedee|spd|1|[from] item: Psychic Seed
|turn|2
|
|t:|1750839386
|move|p2a: Koraidon|Protect|p2a: Koraidon
|-singleturn|p2a: Koraidon|Protect
|move|p1a: Indeedee|Follow Me|p1a: Indeedee
|-singleturn|p1a: Indeedee|move: Follow Me
|move|p2b: Giratina|Draco Meteor|p1a: Indeedee
|-damage|p1a: Indeedee|58/100
|-unboost|p2b: Giratina|spa|2
|move|p1b: Necrozma|Expanding Force|p2b: Giratina|[spread] p2b
|-activate|p2a: Koraidon|move: Protect
|-damage|p2b: Giratina|34/100
|-damage|p1b: Necrozma|54/100|[from] item: Life Orb
|
|-weather|SunnyDay|[upkeep]
|upkeep
|turn|3
|inactive|spacehippy has 30 seconds left.
|inactive|Sillinator has 30 seconds left.
|inactive|spacehippy has 20 seconds left.
|
|t:|1750839422
|move|p2b: Giratina|Protect|p2b: Giratina
|-singleturn|p2b: Giratina|Protect
|move|p1a: Indeedee|Follow Me|p1a: Indeedee
|-singleturn|p1a: Indeedee|move: Follow Me
|move|p2a: Koraidon|Close Combat|p1a: Indeedee
|-damage|p1a: Indeedee|0 fnt
|-unboost|p2a: Koraidon|def|1
|-unboost|p2a: Koraidon|spd|1
|faint|p1a: Indeedee
|-damage|p2a: Koraidon|12/100|[from] item: Life Orb
|move|p1b: Necrozma|Expanding Force|p2a: Koraidon|[spread] p2a
|-activate|p2b: Giratina|move: Protect
|-damage|p2a: Koraidon|0 fnt
|faint|p2a: Koraidon
|-damage|p1b: Necrozma|45/100|[from] item: Life Orb
|
|-weather|SunnyDay|[upkeep]
|upkeep
|l|☆spacehippy
|inactive|spacehippy disconnected and has a minute to reconnect!
|player|p1|
|inactive|spacehippy has 30 seconds left.
|j|☆spacehippy
|inactive|spacehippy reconnected and has 30 seconds left.
|player|p1|spacehippy|170|
|inactive|spacehippy has 20 seconds left.
|
|t:|1750839459
|switch|p2a: Venusaur|Venusaur, L50, F|100/100
|switch|p1a: Zacian|Zacian, L50|100/100
|-ability|p1a: Zacian|Intrepid Sword|boost
|-boost|p1a: Zacian|atk|1
|turn|4
|
|t:|1750839480
|move|p1a: Zacian|Play Rough|p2b: Giratina
|-supereffective|p2b: Giratina
|-damage|p2b: Giratina|0 fnt
|faint|p2b: Giratina
|move|p2a: Venusaur|Sleep Powder|p1b: Necrozma
|-status|p1b: Necrozma|slp|[from] move: Sleep Powder
|cant|p1b: Necrozma|slp
|
|-weather|SunnyDay|[upkeep]
|upkeep
|
|t:|1750839486
|switch|p2b: Flutter Mane|Flutter Mane, L50|100/100
|-activate|p2b: Flutter Mane|ability: Protosynthesis
|-start|p2b: Flutter Mane|protosynthesisspe
|turn|5
|
|t:|1750839497
|move|p2b: Flutter Mane|Moonblast|p1b: Necrozma
|-supereffective|p1b: Necrozma
|-damage|p1b: Necrozma|0 fnt
|faint|p1b: Necrozma
|move|p1a: Zacian|Play Rough|p2b: Flutter Mane
|-enditem|p2b: Flutter Mane|Focus Sash
|-damage|p2b: Flutter Mane|1/100
|move|p2a: Venusaur|Weather Ball|p1a: Zacian
|-damage|p1a: Zacian|51/100
|
|-weather|none
|-end|p2b: Flutter Mane|Protosynthesis
|upkeep
|turn|6
|
|t:|1750839518
|move|p2b: Flutter Mane|Protect|p2b: Flutter Mane
|-singleturn|p2b: Flutter Mane|Protect
|move|p1a: Zacian|Play Rough|p2b: Flutter Mane
|-activate|p2b: Flutter Mane|move: Protect
|move|p2a: Venusaur|Sleep Powder|p1a: Zacian
|-status|p1a: Zacian|slp|[from] move: Sleep Powder
|
|-fieldend|move: Psychic Terrain
|upkeep
|turn|7
|
|t:|1750839535
|cant|p1a: Zacian|slp
|move|p2b: Flutter Mane|Icy Wind|p1a: Zacian
|-damage|p1a: Zacian|32/100 slp
|-unboost|p1a: Zacian|spe|1
|move|p2a: Venusaur|Solar Beam||[still]
|-prepare|p2a: Venusaur|Solar Beam
|
|upkeep
|turn|8
|
|t:|1750839545
|move|p2b: Flutter Mane|Shadow Ball|p1a: Zacian
|-damage|p1a: Zacian|0 fnt
|faint|p1a: Zacian
|
|win|Sillinator
|raw|spacehippy's rating: 1198 &rarr; <strong>1170</strong><br />(-28 for losing)
|raw|Sillinator's rating: 1160 &rarr; <strong>1188</strong><br />(+28 for winning)
|l|☆spacehippy
|player|p1|
|l|☆Sillinator
|player|p2|
