|j|☆Heliosan
|j|☆GzRekt
|t:|1750837353
|gametype|doubles
|player|p1|Heliosan|steven|1470
|player|p2|GzRekt|fisherman-gen4|1417
|teamsize|p1|6
|teamsize|p2|6
|gen|9
|tier|[Gen 9] VGC 2025 Reg I
|rated|
|rule|Species Clause: Limit one of each Pokémon
|rule|Item Clause: Limit 1 of each item
|clearpoke
|poke|p1|Miraidon, L50|
|poke|p1|Lunala, L50|
|poke|p1|Ursaluna, L50, F|
|poke|p1|Amoonguss, L50, F|
|poke|p1|Incineroar, L50, M|
|poke|p1|Urshifu-*, L50, F|
|poke|p2|Calyrex-Ice, L50|
|poke|p2|Terapagos, L50, M|
|poke|p2|Amoonguss, L50, M|
|poke|p2|Indeedee-F, L50, F|
|poke|p2|Ursaluna, L50, F|
|poke|p2|Incineroar, L50, M|
|teampreview|4
|inactive|Battle timer is ON: inactive players will automatically lose when time's up. (requested by GzRekt)
|
|t:|1750837382
|start
|switch|p1a: Lunala|Lunala, L50|100/100
|switch|p1b: Urshifu|Urshifu-Rapid-Strike, L50, F|100/100
|switch|p2a: Incineroar|Incineroar, L50, M|100/100
|switch|p2b: Calyrex|Calyrex-Ice, L50|100/100
|-ability|p2b: Calyrex|As One
|-ability|p2b: Calyrex|Unnerve
|-ability|p2a: Incineroar|Intimidate|boost
|-unboost|p1a: Lunala|atk|1
|-unboost|p1b: Urshifu|atk|1
|turn|1
|inactive|GzRekt has 30 seconds left.
|
|t:|1750837413
|-terastallize|p2a: Incineroar|Water
|move|p1b: Urshifu|Surging Strikes|p2a: Incineroar
|-resisted|p2a: Incineroar
|-crit|p2a: Incineroar
|-damage|p2a: Incineroar|92/100
|-resisted|p2a: Incineroar
|-crit|p2a: Incineroar
|-damage|p2a: Incineroar|83/100
|-resisted|p2a: Incineroar
|-crit|p2a: Incineroar
|-damage|p2a: Incineroar|74/100
|-hitcount|p2a: Incineroar|3
|move|p1a: Lunala|Moongeist Beam|p2b: Calyrex
|-supereffective|p2b: Calyrex
|-damage|p2b: Calyrex|22/100
|move|p2a: Incineroar|Taunt|p1a: Lunala
|-start|p1a: Lunala|move: Taunt
|move|p2b: Calyrex|Trick Room|p2b: Calyrex
|-fieldstart|move: Trick Room|[of] p2b: Calyrex
|
|upkeep
|turn|2
|inactive|Heliosan has 30 seconds left.
|
|t:|1750837446
|-terastallize|p1b: Urshifu|Water
|move|p1b: Urshifu|Aqua Jet|p2b: Calyrex
|-damage|p2b: Calyrex|9/100
|move|p2b: Calyrex|Glacial Lance|p1b: Urshifu|[spread] p1a,p1b
|-resisted|p1b: Urshifu
|-damage|p1a: Lunala|79/100
|-damage|p1b: Urshifu|69/100
|move|p2a: Incineroar|Knock Off|p1a: Lunala
|-supereffective|p1a: Lunala
|-damage|p1a: Lunala|0 fnt
|-enditem|p1a: Lunala|Electric Seed|[from] move: Knock Off|[of] p2a: Incineroar
|faint|p1a: Lunala
|
|upkeep
|
|t:|1750837456
|switch|p1a: Ursaluna|Ursaluna, L50, F|100/100
|turn|3
|inactive|GzRekt has 30 seconds left.
|
|t:|1750837482
|switch|p2b: Amoonguss|Amoonguss, L50, M|100/100
|move|p1a: Ursaluna|Protect|p1a: Ursaluna
|-singleturn|p1a: Ursaluna|Protect
|move|p1b: Urshifu|Aqua Jet|p2b: Amoonguss
|-resisted|p2b: Amoonguss
|-damage|p2b: Amoonguss|92/100
|-damage|p1b: Urshifu|53/100|[from] item: Rocky Helmet|[of] p2b: Amoonguss
|move|p2a: Incineroar|Parting Shot|p1b: Urshifu
|-unboost|p1b: Urshifu|atk|1
|-unboost|p1b: Urshifu|spa|1
|
|t:|1750837495
|switch|p2a: Terapagos|Terapagos, L50, M|100/100|[from] Parting Shot
|-activate|p2a: Terapagos|ability: Tera Shift
|detailschange|p2a: Terapagos|Terapagos-Terastal, L50, M
|-heal|p2a: Terapagos|100/100|[silent]
|
|-status|p1a: Ursaluna|brn|[from] item: Flame Orb
|upkeep
|turn|4
|inactive|Heliosan has 30 seconds left.
|
|t:|1750837521
|move|p2b: Amoonguss|Rage Powder|p2b: Amoonguss
|-singleturn|p2b: Amoonguss|move: Rage Powder
|move|p1a: Ursaluna|Facade|p2b: Amoonguss
|-damage|p2b: Amoonguss|0 fnt
|-damage|p1a: Ursaluna|84/100 brn|[from] item: Rocky Helmet|[of] p2b: Amoonguss
|faint|p2b: Amoonguss
|move|p2a: Terapagos|Tera Starstorm|p1a: Ursaluna
|-damage|p1a: Ursaluna|6/100 brn
|move|p1b: Urshifu|Taunt|p2a: Terapagos
|-start|p2a: Terapagos|move: Taunt
|
|-damage|p1a: Ursaluna|0 fnt|[from] brn
|faint|p1a: Ursaluna
|upkeep
|
|t:|1750837539
|switch|p2b: Incineroar|Incineroar, L50, M, tera:Water|74/100
|switch|p1a: Miraidon|Miraidon, L50|100/100
|-ability|p2b: Incineroar|Intimidate|boost
|-unboost|p1a: Miraidon|atk|1
|-unboost|p1b: Urshifu|atk|1
|-fieldstart|move: Electric Terrain|[from] ability: Hadron Engine|[of] p1a: Miraidon
|turn|5
|inactive|Heliosan has 30 seconds left.
|
|t:|1750837570
|move|p1b: Urshifu|Protect|p1b: Urshifu
|-singleturn|p1b: Urshifu|Protect
|move|p2b: Incineroar|Fake Out|p1a: Miraidon
|-damage|p1a: Miraidon|90/100
|move|p2a: Terapagos|Tera Starstorm|p1a: Miraidon
|-damage|p1a: Miraidon|42/100
|cant|p1a: Miraidon|flinch
|
|-fieldend|move: Trick Room
|upkeep
|turn|6
|inactive|GzRekt has 30 seconds left.
|inactive|GzRekt has 20 seconds left.
|
|t:|1750837606
|switch|p2a: Calyrex|Calyrex-Ice, L50|9/100
|-ability|p2a: Calyrex|As One
|-ability|p2a: Calyrex|Unnerve
|move|p1a: Miraidon|Electro Drift|p2a: Calyrex
|-damage|p2a: Calyrex|0 fnt
|faint|p2a: Calyrex
|move|p1b: Urshifu|Surging Strikes|p2b: Incineroar
|-resisted|p2b: Incineroar
|-crit|p2b: Incineroar
|-damage|p2b: Incineroar|63/100
|-resisted|p2b: Incineroar
|-crit|p2b: Incineroar
|-damage|p2b: Incineroar|50/100
|-resisted|p2b: Incineroar
|-crit|p2b: Incineroar
|-damage|p2b: Incineroar|40/100
|-hitcount|p2b: Incineroar|3
|move|p2b: Incineroar|Knock Off|p1a: Miraidon
|-damage|p1a: Miraidon|10/100
|-enditem|p1a: Miraidon|Assault Vest|[from] move: Knock Off|[of] p2b: Incineroar
|
|upkeep
|
|t:|1750837625
|switch|p2a: Terapagos|Terapagos-Terastal, L50, M|100/100
|turn|7
|inactive|GzRekt has 30 seconds left.
|
|t:|1750837654
|move|p1a: Miraidon|Electro Drift|p2a: Terapagos
|-activate|p2a: Terapagos|ability: Tera Shell
|-resisted|p2a: Terapagos
|-damage|p2a: Terapagos|55/100
|move|p1b: Urshifu|Surging Strikes|p2a: Terapagos
|-crit|p2a: Terapagos
|-damage|p2a: Terapagos|30/100
|-crit|p2a: Terapagos
|-damage|p2a: Terapagos|2/100
|-crit|p2a: Terapagos
|-damage|p2a: Terapagos|0 fnt
|faint|p2a: Terapagos
|-hitcount|p2: Terapagos|3
|move|p2b: Incineroar|Knock Off|p1a: Miraidon
|-damage|p1a: Miraidon|0 fnt
|faint|p1a: Miraidon
|
|upkeep
|turn|8
|inactive|Heliosan has 30 seconds left.
|
|t:|1750837680
|move|p1b: Urshifu|Surging Strikes|p2b: Incineroar
|-resisted|p2b: Incineroar
|-crit|p2b: Incineroar
|-damage|p2b: Incineroar|29/100
|-resisted|p2b: Incineroar
|-crit|p2b: Incineroar
|-damage|p2b: Incineroar|16/100
|-resisted|p2b: Incineroar
|-crit|p2b: Incineroar
|-damage|p2b: Incineroar|5/100
|-hitcount|p2b: Incineroar|3
|move|p2b: Incineroar|Knock Off|p1b: Urshifu
|-damage|p1b: Urshifu|16/100
|-enditem|p1b: Urshifu|Mystic Water|[from] move: Knock Off|[of] p2b: Incineroar
|
|upkeep
|turn|9
|-message|GzRekt forfeited.
|
|win|Heliosan
|raw|Heliosan's rating: 1470 &rarr; <strong>1487</strong><br />(+17 for winning)
|raw|GzRekt's rating: 1417 &rarr; <strong>1400</strong><br />(-17 for losing)
|l|☆GzRekt
|player|p2|
