|j|☆MavenVGC
|j|☆SimReaper
|t:|1750778769
|gametype|doubles
|player|p1|MavenVGC|steven|1327
|player|p2|SimReaper|shadowtriad|1341
|teamsize|p1|6
|teamsize|p2|6
|gen|9
|tier|[Gen 9] VGC 2025 Reg I
|rated|
|rule|Species Clause: Limit one of each Pokémon
|rule|Item Clause: Limit 1 of each item
|clearpoke
|poke|p1|Calyrex-Ice, L50|
|poke|p1|Ho-Oh, L50|
|poke|p1|Iron Hands, L50|
|poke|p1|Flutter Mane, L50|
|poke|p1|Ogerpon-Wellspring, L50, F|
|poke|p1|Volcarona, L50, F|
|poke|p2|Miraidon, L50|
|poke|p2|Calyrex-Ice, L50|
|poke|p2|Farigiraf, L50, F|
|poke|p2|Incineroar, L50, M|
|poke|p2|Ursaluna-Bloodmoon, L50, M|
|poke|p2|Whimsicott, L50, M|
|teampreview|4
|inactive|Battle timer is ON: inactive players will automatically lose when time's up. (requested by MavenVGC)
MavenVGC rejected open team sheets.
|inactive|MavenVGC has 60 seconds left.
|inactive|SimReaper has 60 seconds left.
|
|t:|1750778823
|start
|switch|p1a: Calyrex|Calyrex-Ice, L50|100/100
|switch|p1b: Flutter Mane|Flutter Mane, L50|100/100
|switch|p2a: Miraidon|Miraidon, L50|100/100
|switch|p2b: Whimsicott|Whimsicott, L50, M, shiny|100/100
|-ability|p1a: Calyrex|As One
|-ability|p1a: Calyrex|Unnerve
|-fieldstart|move: Electric Terrain|[from] ability: Hadron Engine|[of] p2a: Miraidon
|turn|1
|inactive|SimReaper has 30 seconds left.
|inactive|SimReaper has 20 seconds left.
|inactive|SimReaper has 15 seconds left.
|inactive|SimReaper has 10 seconds left.
|inactive|SimReaper has 5 seconds left.
|
|t:|1750778877
|-terastallize|p1b: Flutter Mane|Fairy
|move|p2b: Whimsicott|Tailwind|p2b: Whimsicott
|-sidestart|p2: SimReaper|move: Tailwind
|move|p2a: Miraidon|Volt Switch|p1b: Flutter Mane
|-enditem|p1b: Flutter Mane|Focus Sash
|-damage|p1b: Flutter Mane|1/100
|
|t:|1750778895
|switch|p2a: Farigiraf|Farigiraf, L50, F|100/100|[from] Volt Switch
|-enditem|p2a: Farigiraf|Electric Seed
|-boost|p2a: Farigiraf|def|1|[from] item: Electric Seed
|move|p1b: Flutter Mane|Dazzling Gleam|p2b: Whimsicott|[spread] p2a,p2b
|-damage|p2a: Farigiraf|59/100
|-damage|p2b: Whimsicott|38/100
|move|p1a: Calyrex|Glacial Lance|p2b: Whimsicott|[spread] p2a,p2b
|-supereffective|p2b: Whimsicott
|-damage|p2a: Farigiraf|33/100
|-damage|p2b: Whimsicott|0 fnt
|faint|p2b: Whimsicott
|-ability|p1a: Calyrex|Chilling Neigh|boost
|-boost|p1a: Calyrex|atk|1
|
|upkeep
|
|t:|1750778908
|switch|p2b: Miraidon|Miraidon, L50|100/100
|-activate|p2b: Miraidon|ability: Hadron Engine
|turn|2
|
|t:|1750778925
|-terastallize|p2b: Miraidon|Fairy
|move|p2a: Farigiraf|Helping Hand|p2b: Miraidon
|-singleturn|p2b: Miraidon|Helping Hand|[of] p2a: Farigiraf
|move|p2b: Miraidon|Dazzling Gleam|p1a: Calyrex|[spread] p1a,p1b
|-damage|p1a: Calyrex|35/100
|-damage|p1b: Flutter Mane|0 fnt
|faint|p1b: Flutter Mane
|-end|p1b: Flutter Mane|Protosynthesis|[silent]
|move|p1a: Calyrex|Glacial Lance|p2b: Miraidon|[spread] p2a,p2b
|-damage|p2a: Farigiraf|0 fnt
|-damage|p2b: Miraidon|31/100
|faint|p2a: Farigiraf
|-ability|p1a: Calyrex|Chilling Neigh|boost
|-boost|p1a: Calyrex|atk|1
|
|-heal|p1a: Calyrex|41/100|[from] item: Leftovers
|upkeep
|
|t:|1750778940
|switch|p1b: Ho-Oh|Ho-Oh, L50|100/100
|switch|p2a: Ursaluna|Ursaluna-Bloodmoon, L50, M|100/100
|turn|3
|
|t:|1750778958
|move|p1a: Calyrex|Protect|p1a: Calyrex
|-singleturn|p1a: Calyrex|Protect
|move|p2b: Miraidon|Dazzling Gleam|p1a: Calyrex|[spread] p1b
|-activate|p1a: Calyrex|move: Protect
|-resisted|p1b: Ho-Oh
|-damage|p1b: Ho-Oh|77/100
|move|p2a: Ursaluna|Hyper Voice|p1b: Ho-Oh|[spread] p1b
|-activate|p1a: Calyrex|move: Protect
|-damage|p1b: Ho-Oh|42/100
|-enditem|p1b: Ho-Oh|Sitrus Berry|[eat]
|-heal|p1b: Ho-Oh|67/100|[from] item: Sitrus Berry
|-damage|p2a: Ursaluna|91/100|[from] item: Life Orb
|move|p1b: Ho-Oh|Life Dew|p1b: Ho-Oh|[spread] p1a,p1b
|-heal|p1a: Calyrex|66/100
|-heal|p1b: Ho-Oh|92/100
|
|-heal|p1a: Calyrex|72/100|[from] item: Leftovers
|upkeep
|turn|4
|inactive|MavenVGC has 30 seconds left.
|inactive|MavenVGC has 20 seconds left.
|
|t:|1750778994
|move|p2b: Miraidon|Dazzling Gleam|p1a: Calyrex|[spread] p1a,p1b
|-resisted|p1b: Ho-Oh
|-damage|p1a: Calyrex|29/100
|-damage|p1b: Ho-Oh|73/100
|move|p2a: Ursaluna|Blood Moon|p1a: Calyrex
|-damage|p1a: Calyrex|0 fnt
|faint|p1a: Calyrex
|-damage|p2a: Ursaluna|81/100|[from] item: Life Orb
|move|p1b: Ho-Oh|Life Dew|p1b: Ho-Oh
|-heal|p1b: Ho-Oh|98/100
|
|-sideend|p2: SimReaper|move: Tailwind
|upkeep
|
|t:|1750779005
|switch|p1a: Ogerpon|Ogerpon-Wellspring, L50, F|100/100
|turn|5
|
|t:|1750779013
|move|p2b: Miraidon|Dazzling Gleam|p1a: Ogerpon|[spread] p1a,p1b
|-resisted|p1b: Ho-Oh
|-damage|p1a: Ogerpon|11/100
|-damage|p1b: Ho-Oh|77/100
|move|p1a: Ogerpon|Ivy Cudgel|p2a: Ursaluna|[anim] Ivy Cudgel Water
|-supereffective|p2a: Ursaluna
|-damage|p2a: Ursaluna|0 fnt
|faint|p2a: Ursaluna
|move|p1b: Ho-Oh|Sacred Fire|p2b: Miraidon
|-damage|p2b: Miraidon|0 fnt
|faint|p2b: Miraidon
|
|win|MavenVGC
|raw|MavenVGC's rating: 1327 &rarr; <strong>1348</strong><br />(+21 for winning)
|raw|SimReaper's rating: 1341 &rarr; <strong>1320</strong><br />(-21 for losing)
|l|☆SimReaper
|player|p2|
