|j|☆21Kieran
|j|☆Scytherium
|html|<table width="100%"><tr><td align="left">21Kieran</td><td align="right">Scytherium</tr><tr><td align="left"><i class="fa fa-circle"></i> <i class="fa fa-circle-o"></i> </td><td align="right"><i class="fa fa-circle-o"></i> <i class="fa fa-circle"></i> </tr></table>
|uhtml|bestof|<h2><strong>Game 3</strong> of <a href="/game-bestof3-gen9vgc2025regi-2390577062">a best-of-3</a></h2>
|t:|1750731912
|gametype|doubles
|player|p1|21Kieran|hau-masters|
|player|p2|Scytherium|aaron|
|teamsize|p1|6
|teamsize|p2|6
|gen|9
|tier|[Gen 9] VGC 2025 Reg I
|rated|Tournament battle
|rule|Species Clause: Limit one of each Pokémon
|rule|Item Clause: Limit 1 of each item
|raw|<div class="infobox"><details class="readmore" open><summary><strong>3 custom rules:</strong></summary> Force Open Team Sheets, !Open Team Sheets, Best of = 3</details></div>
|clearpoke
|poke|p1|Miraidon, L50|
|poke|p1|Terapagos, L50, M|
|poke|p1|Urshifu-*, L50, M|
|poke|p1|Incineroar, L50, F|
|poke|p1|Sinistcha, L50|
|poke|p1|Landorus, L50, M|
|poke|p2|Calyrex-Shadow, L50|
|poke|p2|Zamazenta-*, L50|
|poke|p2|Tatsugiri, L50, F|
|poke|p2|Dondozo, L50, F|
|poke|p2|Weezing, L50, M|
|poke|p2|Ogerpon-Cornerstone, L50, F|
|teampreview|4
|showteam|p1|Miraidon||AssaultVest|HadronEngine|ElectroDrift,VoltSwitch,DracoMeteor,Snarl||||||50|,,,,,Electric]Terapagos||ElectricSeed|TeraShift|TeraStarstorm,EarthPower,CalmMind,Protect|||M|||50|,,,,,Stellar]Urshifu-Rapid-Strike||ChoiceScarf|UnseenFist|SurgingStrikes,CloseCombat,RainDance,Uturn|||M|||50|,,,,,Water]Incineroar||RockyHelmet|Intimidate|FakeOut,PartingShot,KnockOff,FlareBlitz|||F|||50|,,,,,Ghost]Sinistcha||FocusSash|Hospitality|ShadowBall,RagePowder,LifeDew,Protect||||||50|,,,,,Fire]Landorus||LifeOrb|SheerForce|EarthPower,SludgeBomb,Protect,SandsearStorm|||M|||50|,,,,,Poison
|showteam|p2|Calyrex-Shadow||SpellTag|AsOneSpectrier|Protect,AstralBarrage,TeraBlast,ExpandingForce||||||50|,,,,,Fighting]Zamazenta-Crowned||RustedShield|DauntlessShield|Protect,WideGuard,behemothbash,BodyPress||||||50|,,,,,Fighting]Tatsugiri||ChoiceScarf|Commander|DracoMeteor,MuddyWater,TeraBlast,IcyWind|||F|||50|,,,,,Steel]Dondozo||Leftovers|Unaware|Protect,WaveCrash,Earthquake,Yawn|||F|||50|,,,,,Grass]Weezing||FocusSash|NeutralizingGas|Protect,DarkPulse,ToxicSpikes,WillOWisp|||M|||50|,,,,,Dark]Ogerpon-Cornerstone||CornerstoneMask|Sturdy|SpikyShield,IvyCudgel,KnockOff,WoodHammer|||F|||50|,,,,,Rock
|j| Rainpelt103
|j| ProssettiVGC
|j|+Iamsliverfish
|
|t:|1750731946
|start
|switch|p1a: Miraidon|Miraidon, L50|100/100
|switch|p1b: Landorus|Landorus, L50, M|100/100
|switch|p2a: Weezing|Weezing, L50, M|100/100
|switch|p2b: Calyrex|Calyrex-Shadow, L50|100/100
|-ability|p2a: Weezing|Neutralizing Gas
|-ability|p2b: Calyrex|As One
|-ability|p2b: Calyrex|Unnerve
|turn|1
|j|%Radio Free C-Side
|
|t:|1750731957
|move|p2b: Calyrex|Astral Barrage|p1a: Miraidon|[spread] p1a,p1b
|-damage|p1a: Miraidon|64/100
|-damage|p1b: Landorus|37/100
|move|p1a: Miraidon|Electro Drift|p2a: Weezing
|-damage|p2a: Weezing|18/100
|move|p2a: Weezing|Toxic Spikes|p1b: Landorus
|-sidestart|p1: 21Kieran|move: Toxic Spikes
|move|p1b: Landorus|Sandsear Storm|p2a: Weezing|[spread] p2a,p2b
|-supereffective|p2a: Weezing
|-damage|p2a: Weezing|0 fnt
|-damage|p2b: Calyrex|58/100
|-status|p2b: Calyrex|brn
|faint|p2a: Weezing
|-end|p2a: Weezing|ability: Neutralizing Gas
|-fieldstart|move: Electric Terrain|[from] ability: Hadron Engine|[of] p1a: Miraidon
|-damage|p1b: Landorus|28/100|[from] item: Life Orb
|
|-damage|p2b: Calyrex|52/100 brn|[from] brn
|upkeep
|c|+Iamsliverfish|is lando slow
|c|☆21Kieran|massive
|c| Rainpelt103|sandsear burning is funny
|
|t:|1750731977
|switch|p2a: Dondozo|Dondozo, L50, F|100/100
|turn|2
|c|☆21Kieran|lmao its like
|c|☆21Kieran|one tier over me
|c| Rainpelt103|the one time it happens
|c|☆21Kieran|that is max speed weezing
|
|t:|1750731995
|move|p2a: Dondozo|Protect|p2a: Dondozo
|-singleturn|p2a: Dondozo|Protect
|move|p2b: Calyrex|Astral Barrage|p1b: Landorus|[spread] p1a,p1b
|-damage|p1a: Miraidon|29/100
|-damage|p1b: Landorus|0 fnt
|faint|p1b: Landorus
|-ability|p2b: Calyrex|Grim Neigh|boost
|-boost|p2b: Calyrex|spa|1
|move|p1a: Miraidon|Volt Switch|p2a: Dondozo
|-activate|p2a: Dondozo|move: Protect
|
|-damage|p2b: Calyrex|46/100 brn|[from] brn
|upkeep
|
|t:|1750731997
|switch|p1b: Sinistcha|Sinistcha, L50|100/100
|-status|p1b: Sinistcha|psn
|-heal|p1a: Miraidon|53/100|[from] ability: Hospitality|[of] p1b: Sinistcha
|turn|3
|l|+Iamsliverfish
|
|t:|1750732022
|switch|p2b: Tatsugiri|Tatsugiri, L50, F|100/100
|-activate|p2b: Tatsugiri|ability: Commander|[of] p2a: Dondozo
|-boost|p2a: Dondozo|atk|2
|-boost|p2a: Dondozo|spa|2
|-boost|p2a: Dondozo|spe|2
|-boost|p2a: Dondozo|def|2
|-boost|p2a: Dondozo|spd|2
|-terastallize|p2a: Dondozo|Grass
|move|p1b: Sinistcha|Protect|p1b: Sinistcha
|-singleturn|p1b: Sinistcha|Protect
|move|p1a: Miraidon|Electro Drift|p2a: Dondozo
|-resisted|p2a: Dondozo
|-damage|p2a: Dondozo|83/100
|move|p2a: Dondozo|Earthquake|p1a: Miraidon|[spread] p1a
|-miss|p2a: Dondozo|p2b: Tatsugiri
|-activate|p1b: Sinistcha|move: Protect
|-supereffective|p1a: Miraidon
|-damage|p1a: Miraidon|0 fnt
|faint|p1a: Miraidon
|
|-heal|p2a: Dondozo|90/100|[from] item: Leftovers
|-damage|p1b: Sinistcha|88/100 psn|[from] psn
|upkeep
|
|t:|1750732024
|switch|p1a: Urshifu|Urshifu-Rapid-Strike, L50, M|100/100
|-status|p1a: Urshifu|psn
|turn|4
|c|☆21Kieran|ahhh
|
|t:|1750732052
|-terastallize|p1a: Urshifu|Water
|move|p1a: Urshifu|Surging Strikes|p2a: Dondozo
|-resisted|p2a: Dondozo
|-crit|p2a: Dondozo
|-damage|p2a: Dondozo|79/100
|-resisted|p2a: Dondozo
|-crit|p2a: Dondozo
|-damage|p2a: Dondozo|70/100
|-resisted|p2a: Dondozo
|-crit|p2a: Dondozo
|-damage|p2a: Dondozo|60/100
|-hitcount|p2a: Dondozo|3
|move|p2a: Dondozo|Earthquake|p1b: Sinistcha|[spread] p1a,p1b
|-miss|p2a: Dondozo|p2b: Tatsugiri
|-resisted|p1b: Sinistcha
|-damage|p1a: Urshifu|62/100 psn
|-damage|p1b: Sinistcha|71/100 psn
|move|p1b: Sinistcha|Shadow Ball|p2a: Dondozo
|-crit|p2a: Dondozo
|-damage|p2a: Dondozo|28/100
|
|-heal|p2a: Dondozo|34/100|[from] item: Leftovers
|-damage|p1a: Urshifu|50/100 psn|[from] psn
|-damage|p1b: Sinistcha|59/100 psn|[from] psn
|upkeep
|turn|5
|c| Rainpelt103|huge crit
|c| Rainpelt103|(it doesn't really matter)
|j|+Iamsliverfish
|
|t:|1750732080
|move|p1a: Urshifu|Surging Strikes|p2a: Dondozo
|-resisted|p2a: Dondozo
|-crit|p2a: Dondozo
|-damage|p2a: Dondozo|25/100
|-resisted|p2a: Dondozo
|-crit|p2a: Dondozo
|-damage|p2a: Dondozo|16/100
|-resisted|p2a: Dondozo
|-crit|p2a: Dondozo
|-damage|p2a: Dondozo|6/100
|-hitcount|p2a: Dondozo|3
|move|p2a: Dondozo|Earthquake|p1b: Sinistcha|[spread] p1a,p1b
|-miss|p2a: Dondozo|p2b: Tatsugiri
|-resisted|p1b: Sinistcha
|-damage|p1a: Urshifu|16/100 psn
|-damage|p1b: Sinistcha|43/100 psn
|move|p1b: Sinistcha|Life Dew|p1b: Sinistcha|[spread] p1a,p1b
|-heal|p1a: Urshifu|41/100 psn
|-heal|p1b: Sinistcha|68/100 psn
|
|-heal|p2a: Dondozo|12/100|[from] item: Leftovers
|-damage|p1a: Urshifu|28/100 psn|[from] psn
|-damage|p1b: Sinistcha|55/100 psn|[from] psn
|-fieldend|move: Electric Terrain
|upkeep
|turn|6
|
|t:|1750732102
|move|p1a: Urshifu|Surging Strikes|p2a: Dondozo
|-resisted|p2a: Dondozo
|-crit|p2a: Dondozo
|-damage|p2a: Dondozo|2/100
|-resisted|p2a: Dondozo
|-crit|p2a: Dondozo
|-damage|p2a: Dondozo|0 fnt
|faint|p2a: Dondozo
|-hitcount|p2: Dondozo|2
|move|p1b: Sinistcha|Shadow Ball|p2b: Tatsugiri
|-damage|p2b: Tatsugiri|59/100
|
|-damage|p1a: Urshifu|16/100 psn|[from] psn
|-damage|p1b: Sinistcha|43/100 psn|[from] psn
|upkeep
|
|t:|1750732105
|switch|p2a: Calyrex|Calyrex-Shadow, L50|46/100 brn
|-ability|p2a: Calyrex|As One
|-ability|p2a: Calyrex|Unnerve
|turn|7
|c|%Radio Free C-Side|nah the crit makes this winnable
|c|☆21Kieran|it does honestly
|c| Rainpelt103|I forgot about life dew
|c| Rainpelt103|and I thought it was toxic poison lmao
|
|t:|1750732135
|move|p1a: Urshifu|Surging Strikes|p2a: Calyrex
|-crit|p2a: Calyrex
|-damage|p2a: Calyrex|6/100 brn
|-crit|p2a: Calyrex
|-damage|p2a: Calyrex|0 fnt
|faint|p2a: Calyrex
|-hitcount|p2: Calyrex|2
|move|p2b: Tatsugiri|Draco Meteor|p1b: Sinistcha
|-damage|p1b: Sinistcha|0 fnt
|-unboost|p2b: Tatsugiri|spa|2
|faint|p1b: Sinistcha
|
|-damage|p1a: Urshifu|3/100 psn|[from] psn
|upkeep
|turn|8
|c|☆21Kieran|40 damn
|c|☆21Kieran|welp
|
|t:|1750732154
|move|p1a: Urshifu|Surging Strikes|p2b: Tatsugiri
|-resisted|p2b: Tatsugiri
|-crit|p2b: Tatsugiri
|-damage|p2b: Tatsugiri|45/100
|-resisted|p2b: Tatsugiri
|-crit|p2b: Tatsugiri
|-damage|p2b: Tatsugiri|31/100
|-resisted|p2b: Tatsugiri
|-crit|p2b: Tatsugiri
|-damage|p2b: Tatsugiri|17/100
|-hitcount|p2b: Tatsugiri|3
|move|p2b: Tatsugiri|Draco Meteor|p1a: Urshifu
|-damage|p1a: Urshifu|0 fnt
|-unboost|p2b: Tatsugiri|spa|2
|faint|p1a: Urshifu
|
|win|Scytherium
