|j|☆Awfulping
|j|☆Braindeadd
|t:|1750824116
|gametype|doubles
|player|p1|Awfulping|1|1459
|player|p2|Braindeadd|170|1705
|teamsize|p1|6
|teamsize|p2|6
|gen|9
|tier|[Gen 9] VGC 2025 Reg I
|rated|
|rule|Species Clause: Limit one of each Pokémon
|rule|Item Clause: Limit 1 of each item
|clearpoke
|poke|p1|Incineroar, L50, F|
|poke|p1|Urshifu-*, L50, F|
|poke|p1|Kyogre, L50|
|poke|p1|Iron Leaves, L50|
|poke|p1|Zacian-*, L50|
|poke|p1|Tornadus, L50, M|
|poke|p2|Calyrex-Shadow, L50|
|poke|p2|Kyogre, L50|
|poke|p2|Indeedee-F, L50, F|
|poke|p2|Tornadus, L50, M|
|poke|p2|Urshifu-*, L50, F|
|poke|p2|Incineroar, L50, M|
|teampreview|4
|inactive|Battle timer is ON: inactive players will automatically lose when time's up. (requested by Awfulping)
|inactive|Braindeadd has 60 seconds left.
|
|t:|1750824185
|start
|switch|p1a: Tornadus|Tornadus, L50, M|100/100
|switch|p1b: Kyogre|Kyogre, L50, shiny|100/100
|switch|p2a: Tornadus|Tornadus, L50, M|100/100
|switch|p2b: Urshifu|Urshifu, L50, F|100/100
|-weather|RainDance|[from] ability: Drizzle|[of] p1b: Kyogre
|turn|1
|inactive|Awfulping has 30 seconds left.
|inactive|Braindeadd has 30 seconds left.
|inactive|Braindeadd has 20 seconds left.
|inactive|Braindeadd has 15 seconds left.
|
|t:|1750824229
|move|p1a: Tornadus|Tailwind|p1a: Tornadus
|-sidestart|p1: Awfulping|move: Tailwind
|move|p2b: Urshifu|Sucker Punch|p1b: Kyogre
|-damage|p1b: Kyogre|43/100
|-damage|p2b: Urshifu|91/100|[from] item: Life Orb
|move|p1b: Kyogre|Origin Pulse|p2b: Urshifu|[spread] p2a,p2b
|-damage|p2a: Tornadus|20/100
|-damage|p2b: Urshifu|0 fnt
|faint|p2b: Urshifu
|move|p2a: Tornadus|Bleakwind Storm|p1a: Tornadus|[spread] p1a,p1b
|-damage|p1a: Tornadus|63/100
|-damage|p1b: Kyogre|15/100
|
|-weather|RainDance|[upkeep]
|upkeep
|inactive|Braindeadd has 30 seconds left.
|
|t:|1750824262
|switch|p2b: Kyogre|Kyogre, L50|100/100
|turn|2
|
|t:|1750824268
|-terastallize|p2a: Tornadus|Dark
|move|p1a: Tornadus|Taunt|p2a: Tornadus
|-hint|Since gen 7, Dark is immune to Prankster moves.
|-immune|p2a: Tornadus
|move|p2a: Tornadus|Tailwind|p2a: Tornadus
|-sidestart|p2: Braindeadd|move: Tailwind
|move|p2b: Kyogre|Water Spout|p1b: Kyogre|[spread] p1a,p1b
|-resisted|p1b: Kyogre
|-damage|p1a: Tornadus|0 fnt
|-damage|p1b: Kyogre|0 fnt
|faint|p1a: Tornadus
|faint|p1b: Kyogre
|
|-weather|RainDance|[upkeep]
|upkeep
|
|t:|1750824284
|switch|p1b: Zacian|Zacian-Crowned, L50|100/100
|switch|p1a: Urshifu|Urshifu-Rapid-Strike, L50, F|100/100
|-ability|p1b: Zacian|Intrepid Sword|boost
|-boost|p1b: Zacian|atk|1
|turn|3
|
|t:|1750824294
|move|p1a: Urshifu|Surging Strikes|p2b: Kyogre
|-resisted|p2b: Kyogre
|-crit|p2b: Kyogre
|-damage|p2b: Kyogre|85/100
|-resisted|p2b: Kyogre
|-crit|p2b: Kyogre
|-damage|p2b: Kyogre|68/100
|-resisted|p2b: Kyogre
|-crit|p2b: Kyogre
|-damage|p2b: Kyogre|51/100
|-hitcount|p2b: Kyogre|3
|move|p2b: Kyogre|Water Spout|p1b: Zacian|[spread] p1a,p1b
|-resisted|p1a: Urshifu
|-damage|p1a: Urshifu|63/100
|-damage|p1b: Zacian|54/100
|move|p1b: Zacian|Behemoth Blade|p2a: Tornadus
|-damage|p2a: Tornadus|0 fnt
|faint|p2a: Tornadus
|
|-weather|RainDance|[upkeep]
|upkeep
|
|t:|1750824312
|switch|p2a: Calyrex|Calyrex-Shadow, L50|100/100
|-ability|p2a: Calyrex|As One
|-ability|p2a: Calyrex|Unnerve
|turn|4
|
|t:|1750824320
|move|p1a: Urshifu|Surging Strikes|p2a: Calyrex
|-crit|p2a: Calyrex
|-damage|p2a: Calyrex|61/100
|-crit|p2a: Calyrex
|-damage|p2a: Calyrex|23/100
|-crit|p2a: Calyrex
|-damage|p2a: Calyrex|0 fnt
|faint|p2a: Calyrex
|-hitcount|p2: Calyrex|3
|move|p2b: Kyogre|Water Spout|p1b: Zacian|[spread] p1a,p1b
|-resisted|p1a: Urshifu
|-crit|p1b: Zacian
|-damage|p1a: Urshifu|27/100
|-damage|p1b: Zacian|0 fnt
|faint|p1b: Zacian
|
|-weather|RainDance|[upkeep]
|-sideend|p1: Awfulping|move: Tailwind
|upkeep
|turn|5
|
|t:|1750824337
|move|p2b: Kyogre|Water Spout|p1a: Urshifu
|-resisted|p1a: Urshifu
|-damage|p1a: Urshifu|0 fnt
|faint|p1a: Urshifu
|
|win|Braindeadd
|raw|Awfulping's rating: 1459 &rarr; <strong>1451</strong><br />(-8 for losing)
|raw|Braindeadd's rating: 1705 &rarr; <strong>1713</strong><br />(+8 for winning)
|l|☆Awfulping
|player|p1|
|l|☆Braindeadd
|player|p2|
