|j|‽estudassespt
|j|☆Dipic
|t:|1750771891
|gametype|doubles
|player|p1|estudassespt|266|1491
|player|p2|Dipic|worker|1416
|teamsize|p1|6
|teamsize|p2|6
|gen|9
|tier|[Gen 9] VGC 2025 Reg I
|rated|
|rule|Species Clause: Limit one of each Pokémon
|rule|Item Clause: Limit 1 of each item
|clearpoke
|poke|p1|Sableye, L50, F|
|poke|p1|Groudon, L50|
|poke|p1|Indeedee-F, L50, F|
|poke|p1|Yanmega, L50, F|
|poke|p1|Calyrex-Ice, L50|
|poke|p1|Bastiodon, L50, M|
|poke|p2|Kyogre, L50|
|poke|p2|Zacian-*, L50|
|poke|p2|Rillaboom, L50, F|
|poke|p2|Urshifu-*, L50, M|
|poke|p2|Tornadus, L50, M|
|poke|p2|Scraggy, L50, M|
|teampreview|4
|inactive|Battle timer is ON: inactive players will automatically lose when time's up. (requested by estudassespt)
estudassespt rejected open team sheets.
|
|t:|1750771904
|start
|switch|p1a: Sableye|Sableye, L50, F|100/100
|switch|p1b: Yanmega|Yanmega, L50, F|100/100
|switch|p2a: Tornadus|Tornadus, L50, M|100/100
|switch|p2b: Kyogre|Kyogre, L50|100/100
|-weather|RainDance|[from] ability: Drizzle|[of] p2b: Kyogre
|turn|1
|inactive|Dipic has 30 seconds left.
|
|t:|1750771929
|move|p1a: Sableye|Gravity|p1a: Sableye
|-fieldstart|move: Gravity
|move|p2a: Tornadus|Icy Wind|p1a: Sableye|[spread] p1a,p1b
|-supereffective|p1b: Yanmega
|-damage|p1a: Sableye|85/100
|-damage|p1b: Yanmega|52/100
|-unboost|p1a: Sableye|spe|1
|-unboost|p1b: Yanmega|spe|1
|-enditem|p1a: Sableye|Eject Button
|
|t:|1750771937
|switch|p1a: Calyrex|Calyrex-Ice, L50|100/100
|-ability|p1a: Calyrex|As One
|-ability|p1a: Calyrex|Unnerve
|move|p2b: Kyogre|Water Spout|p1b: Yanmega|[spread] p1a,p1b
|-damage|p1a: Calyrex|28/100
|-damage|p1b: Yanmega|0 fnt
|faint|p1b: Yanmega
|
|-weather|RainDance|[upkeep]
|-heal|p1a: Calyrex|33/100|[from] item: Leftovers
|upkeep
|
|t:|1750771949
|switch|p1b: Groudon|Groudon, L50|100/100
|-weather|SunnyDay|[from] ability: Drought|[of] p1b: Groudon
|turn|2
|
|t:|1750771963
|-terastallize|p1a: Calyrex|Water
|move|p1b: Groudon|Protect|p1b: Groudon
|-singleturn|p1b: Groudon|Protect
|move|p2a: Tornadus|Rain Dance|p2a: Tornadus
|-weather|RainDance
|move|p2b: Kyogre|Water Spout|p1a: Calyrex|[spread] p1a
|-activate|p1b: Groudon|move: Protect
|-resisted|p1a: Calyrex
|-damage|p1a: Calyrex|1/100
|move|p1a: Calyrex|Trick Room|p1a: Calyrex
|-fieldstart|move: Trick Room|[of] p1a: Calyrex
|
|-weather|RainDance|[upkeep]
|-heal|p1a: Calyrex|7/100|[from] item: Leftovers
|upkeep
|turn|3
|
|t:|1750771987
|switch|p2a: Zacian|Zacian-Crowned, L50|100/100
|-ability|p2a: Zacian|Intrepid Sword|boost
|-boost|p2a: Zacian|atk|1
|move|p1a: Calyrex|Glacial Lance|p2a: Zacian|[spread] p2a,p2b
|-resisted|p2a: Zacian
|-resisted|p2b: Kyogre
|-damage|p2a: Zacian|78/100
|-damage|p2b: Kyogre|68/100
|move|p1b: Groudon|Precipice Blades|p2a: Zacian|[spread] p2a,p2b
|-supereffective|p2a: Zacian
|-damage|p2a: Zacian|0 fnt
|-damage|p2b: Kyogre|0 fnt
|faint|p2a: Zacian
|faint|p2b: Kyogre
|
|-weather|RainDance|[upkeep]
|-heal|p1a: Calyrex|13/100|[from] item: Leftovers
|upkeep
|
|t:|1750771999
|switch|p2b: Scraggy|Scraggy, L50, M|100/100
|switch|p2a: Tornadus|Tornadus, L50, M|100/100
|-ability|p2b: Scraggy|Intimidate|boost
|-unboost|p1a: Calyrex|atk|1
|-fail|p1b: Groudon|unboost|[from] item: Clear Amulet|[of] p1b: Groudon
|turn|4
|inactive|Dipic has 30 seconds left.
|
|t:|1750772030
|move|p1a: Calyrex|Protect|p1a: Calyrex
|-singleturn|p1a: Calyrex|Protect
|move|p1b: Groudon|Protect|p1b: Groudon
|-singleturn|p1b: Groudon|Protect
|move|p2b: Scraggy|Foul Play|p1a: Calyrex
|-activate|p1a: Calyrex|move: Protect
|move|p2a: Tornadus|Bleakwind Storm|p1b: Groudon|[spread] 
|-activate|p1a: Calyrex|move: Protect
|-activate|p1b: Groudon|move: Protect
|
|-weather|RainDance|[upkeep]
|-heal|p1a: Calyrex|19/100|[from] item: Leftovers
|upkeep
|turn|5
|
|t:|1750772052
|move|p2b: Scraggy|Foul Play|p1a: Calyrex
|-damage|p1a: Calyrex|0 fnt
|faint|p1a: Calyrex
|move|p1b: Groudon|Precipice Blades|p2a: Tornadus|[spread] p2a,p2b
|-damage|p2a: Tornadus|14/100
|-damage|p2b: Scraggy|16/100
|move|p2a: Tornadus|Bleakwind Storm|p1b: Groudon
|-damage|p1b: Groudon|52/100
|
|-weather|RainDance|[upkeep]
|-fieldend|move: Gravity
|upkeep
|
|t:|1750772062
|switch|p1a: Sableye|Sableye, L50, F|85/100
|turn|6
|
|t:|1750772083
|move|p1a: Sableye|Gravity|p1a: Sableye
|-fieldstart|move: Gravity
|move|p2b: Scraggy|Foul Play|p1b: Groudon
|-damage|p1b: Groudon|14/100
|move|p1b: Groudon|Precipice Blades|p2a: Tornadus|[spread] p2a,p2b
|-crit|p2a: Tornadus
|-damage|p2a: Tornadus|0 fnt
|-damage|p2b: Scraggy|0 fnt
|faint|p2a: Tornadus
|faint|p2b: Scraggy
|
|win|estudassespt
|raw|estudassespt's rating: 1491 &rarr; <strong>1507</strong><br />(+16 for winning)
|raw|Dipic's rating: 1416 &rarr; <strong>1400</strong><br />(-16 for losing)
|l|☆Dipic
|player|p2|
|l|‽estudassespt
|player|p1|
