|j|☆Kwiper
|j|☆Ducktilesomid
|t:|1750825596
|gametype|doubles
|player|p1|Kwiper|sycamore|1717
|player|p2|Ducktilesomid|silver-masters|1815
|teamsize|p1|6
|teamsize|p2|6
|gen|9
|tier|[Gen 9] VGC 2025 Reg I
|rated|
|rule|Species Clause: Limit one of each Pokémon
|rule|Item Clause: Limit 1 of each item
|clearpoke
|poke|p1|Koraidon, L50|
|poke|p1|Lunala, L50|
|poke|p1|Indeedee-F, L50, F|
|poke|p1|Urshifu-*, L50, F|
|poke|p1|Volcarona, L50, M|
|poke|p1|Ursaluna, L50, M|
|poke|p2|Miraidon, L50|
|poke|p2|Terapagos, L50, M|
|poke|p2|Iron Hands, L50|
|poke|p2|Iron Bundle, L50|
|poke|p2|Ditto, L50|
|poke|p2|Sinistcha, L50|
|teampreview|4
|inactive|Battle timer is ON: inactive players will automatically lose when time's up. (requested by Kwiper)
|j| Indigo flask
|j| neebieplayersea
|inactive|Ducktilesomid has 60 seconds left.
|
|t:|1750825633
|start
|switch|p1a: Urshifu|Urshifu, L50, F|100/100
|switch|p1b: Lunala|Lunala, L50, shiny|100/100
|switch|p2a: Miraidon|Miraidon, L50|100/100
|switch|p2b: Terapagos|Terapagos, L50, M|100/100
|-activate|p2b: Terapagos|ability: Tera Shift
|detailschange|p2b: Terapagos|Terapagos-Terastal, L50, M
|-heal|p2b: Terapagos|100/100|[silent]
|-fieldstart|move: Electric Terrain|[from] ability: Hadron Engine|[of] p2a: Miraidon
|-enditem|p2b: Terapagos|Electric Seed
|-boost|p2b: Terapagos|def|1|[from] item: Electric Seed
|turn|1
|
|t:|1750825648
|move|p1a: Urshifu|U-turn|p2b: Terapagos
|-activate|p2b: Terapagos|ability: Tera Shell
|-resisted|p2b: Terapagos
|-damage|p2b: Terapagos|93/100
|
|t:|1750825649
|switch|p1a: Indeedee|Indeedee-F, L50, F|100/100|[from] U-turn
|-fieldstart|move: Psychic Terrain|[from] ability: Psychic Surge|[of] p1a: Indeedee
|move|p2a: Miraidon|Volt Switch|p1a: Indeedee
|-damage|p1a: Indeedee|46/100
|
|t:|1750825653
|switch|p2a: Sinistcha|Sinistcha, L50|100/100|[from] Volt Switch
|-heal|p2b: Terapagos|100/100|[from] ability: Hospitality|[of] p2a: Sinistcha
|move|p2b: Terapagos|Tera Starstorm|p1a: Indeedee
|-damage|p1a: Indeedee|0 fnt
|faint|p1a: Indeedee
|move|p1b: Lunala|Expanding Force|p2a: Sinistcha|[spread] p2a,p2b
|-activate|p2b: Terapagos|ability: Tera Shell
|-resisted|p2b: Terapagos
|-damage|p2a: Sinistcha|19/100
|-damage|p2b: Terapagos|71/100
|
|upkeep
|
|t:|1750825660
|switch|p1a: Koraidon|Koraidon, L50|100/100
|-weather|SunnyDay|[from] ability: Orichalcum Pulse|[of] p1a: Koraidon
|-activate|p1a: Koraidon|Orichalcum Pulse|[source]
|turn|2
|
|t:|1750825665
|-terastallize|p2b: Terapagos|Stellar
|detailschange|p2b: Terapagos|Terapagos-Stellar, L50, M, tera:Stellar
|-heal|p2b: Terapagos|79/100|[silent]
|-ability|p2b: Terapagos|Teraform Zero
|-weather|none
|-fieldend|move: Psychic Terrain
|move|p2a: Sinistcha|Rage Powder|p2a: Sinistcha
|-singleturn|p2a: Sinistcha|move: Rage Powder
|move|p1a: Koraidon|Breaking Swipe|p2a: Sinistcha|[spread] p2a,p2b
|-damage|p2a: Sinistcha|0 fnt
|-damage|p2b: Terapagos|66/100
|-unboost|p2b: Terapagos|atk|1
|faint|p2a: Sinistcha
|-damage|p1a: Koraidon|91/100|[from] item: Life Orb
|move|p1b: Lunala|Meteor Beam||[still]
|-prepare|p1b: Lunala|Meteor Beam
|-boost|p1b: Lunala|spa|1
|-enditem|p1b: Lunala|Power Herb
|-anim|p1b: Lunala|Meteor Beam|p2b: Terapagos
|-damage|p2b: Terapagos|19/100
|move|p2b: Terapagos|Tera Starstorm|p1b: Lunala|[spread] p1a,p1b
|-damage|p1a: Koraidon|53/100
|-damage|p1b: Lunala|87/100
|
|upkeep
|
|t:|1750825674
|switch|p2a: Miraidon|Miraidon, L50|100/100
|-fieldstart|move: Electric Terrain|[from] ability: Hadron Engine|[of] p2a: Miraidon
|turn|3
|
|t:|1750825683
|move|p1b: Lunala|Wide Guard|p1b: Lunala
|-singleturn|p1b: Lunala|Wide Guard
|move|p1a: Koraidon|Breaking Swipe|p2a: Miraidon|[spread] p2a,p2b
|-supereffective|p2a: Miraidon
|-damage|p2a: Miraidon|41/100
|-damage|p2b: Terapagos|5/100
|-unboost|p2a: Miraidon|atk|1
|-unboost|p2b: Terapagos|atk|1
|-damage|p1a: Koraidon|43/100|[from] item: Life Orb
|move|p2a: Miraidon|Volt Switch|p1b: Lunala
|-damage|p1b: Lunala|14/100
|
|t:|1750825688
|switch|p2a: Iron Hands|Iron Hands, L50|100/100|[from] Volt Switch
|-activate|p2a: Iron Hands|ability: Quark Drive
|-start|p2a: Iron Hands|quarkdriveatk
|move|p2b: Terapagos|Tera Starstorm|p1b: Lunala|[spread] 
|-activate|p1a: Koraidon|move: Wide Guard
|-activate|p1b: Lunala|move: Wide Guard
|
|upkeep
|turn|4
|
|t:|1750825702
|move|p1a: Koraidon|Protect|p1a: Koraidon
|-singleturn|p1a: Koraidon|Protect
|move|p2b: Terapagos|Tera Starstorm|p1b: Lunala|[spread] p1b
|-activate|p1a: Koraidon|move: Protect
|-damage|p1b: Lunala|0 fnt
|faint|p1b: Lunala
|move|p2a: Iron Hands|Drain Punch|p1a: Koraidon
|-activate|p1a: Koraidon|move: Protect
|
|upkeep
|
|t:|1750825705
|switch|p1b: Urshifu|Urshifu, L50, F|100/100
|turn|5
|
|t:|1750825722
|-terastallize|p1b: Urshifu|Stellar
|move|p1b: Urshifu|Close Combat|p2a: Iron Hands
|-damage|p2a: Iron Hands|40/100
|-unboost|p1b: Urshifu|def|1
|-unboost|p1b: Urshifu|spd|1
|move|p1a: Koraidon|Breaking Swipe|p2a: Iron Hands|[spread] p2a,p2b
|-damage|p2a: Iron Hands|20/100
|-damage|p2b: Terapagos|0 fnt
|-unboost|p2a: Iron Hands|atk|1
|faint|p2b: Terapagos
|detailschange|p2: Terapagos|Terapagos, L50, M|[silent]
|-damage|p1a: Koraidon|34/100|[from] item: Life Orb
|move|p2a: Iron Hands|Drain Punch|p1b: Urshifu
|-supereffective|p1b: Urshifu
|-damage|p1b: Urshifu|0 fnt
|-heal|p2a: Iron Hands|56/100|[from] drain|[of] p1b: Urshifu
|faint|p1b: Urshifu
|
|upkeep
|
|t:|1750825726
|switch|p2b: Miraidon|Miraidon, L50|41/100
|-activate|p2b: Miraidon|ability: Hadron Engine
|turn|6
|j| johnkharkiv
|
|t:|1750825728
|move|p2b: Miraidon|Volt Switch|p1a: Koraidon
|-resisted|p1a: Koraidon
|-damage|p1a: Koraidon|0 fnt
|faint|p1a: Koraidon
|
|win|Ducktilesomid
|raw|Kwiper's rating: 1717 &rarr; <strong>1702</strong><br />(-15 for losing)
|raw|Ducktilesomid's rating: 1815 &rarr; <strong>1830</strong><br />(+15 for winning)
|l|☆Kwiper
|player|p1|
|j| 21Kieran
|l| neebieplayersea
|j| imgoldshark07
|j| X2Muz
|l| Indigo flask
|l| imgoldshark07
|l| 21Kieran
|j| Fireglare
|l| Fireglare
|j| ido1234567890
|l| ido1234567890
|l| X2Muz
|n| Iamsliverfish|ducktilesomid
