|j|☆ChickenZX
|j|☆hoseph stalin
|t:|1750710791
|gametype|doubles
|player|p1|ChickenZX|fisherman-gen4|1422
|player|p2|hoseph stalin|170|1349
|teamsize|p1|6
|teamsize|p2|6
|gen|9
|tier|[Gen 9] VGC 2025 Reg I
|rated|
|rule|Species Clause: Limit one of each Pokémon
|rule|Item Clause: Limit 1 of each item
|clearpoke
|poke|p1|Calyrex-Ice, L50|
|poke|p1|Hatterene, L50, F|
|poke|p1|Indeedee-F, L50, F|
|poke|p1|Zacian-*, L50|
|poke|p1|Ogerpon-Cornerstone, L50, F|
|poke|p1|Whimsicott, L50, M|
|poke|p2|Calyrex-Shadow, L50|
|poke|p2|Iron Crown, L50|
|poke|p2|Indeedee-F, L50, F|
|poke|p2|Whimsicott, L50, M|
|poke|p2|Kyurem-Black, L50|
|poke|p2|Regidrago, L50|
|teampreview|4
|inactive|Battle timer is ON: inactive players will automatically lose when time's up. (requested by ChickenZX)
|inactive|ChickenZX has 60 seconds left.
|
|t:|1750710826
|start
|switch|p1a: Zacian|Zacian-Crowned, L50|100/100
|switch|p1b: Whimsicott|Whimsicott, L50, M|100/100
|switch|p2a: Iron Crown|Iron Crown, L50|100/100
|switch|p2b: Indeedee|Indeedee-F, L50, F|100/100
|-ability|p1a: Zacian|Intrepid Sword|boost
|-boost|p1a: Zacian|atk|1
|-fieldstart|move: Psychic Terrain|[from] ability: Psychic Surge|[of] p2b: Indeedee
|turn|1
|
|t:|1750710844
|move|p1a: Zacian|Protect|p1a: Zacian
|-singleturn|p1a: Zacian|Protect
|move|p1b: Whimsicott|Light Screen|p1b: Whimsicott
|-sidestart|p1: ChickenZX|move: Light Screen
|move|p2a: Iron Crown|Tachyon Cutter|p1b: Whimsicott
|-supereffective|p1b: Whimsicott
|-damage|p1b: Whimsicott|31/100
|-supereffective|p1b: Whimsicott
|-crit|p1b: Whimsicott
|-damage|p1b: Whimsicott|0 fnt
|faint|p1b: Whimsicott
|-hitcount|p1: Whimsicott|2
|-damage|p2a: Iron Crown|91/100|[from] item: Life Orb
|move|p2b: Indeedee|Trick Room|p2b: Indeedee
|-fieldstart|move: Trick Room|[of] p2b: Indeedee
|
|upkeep
|
|t:|1750710851
|switch|p1b: Calyrex|Calyrex-Ice, L50|100/100
|-ability|p1b: Calyrex|As One
|-ability|p1b: Calyrex|Unnerve
|turn|2
|
|t:|1750710863
|move|p1b: Calyrex|Glacial Lance|p2a: Iron Crown|[spread] p2a,p2b
|-resisted|p2a: Iron Crown
|-damage|p2a: Iron Crown|63/100
|-damage|p2b: Indeedee|38/100
|move|p2a: Iron Crown|Tachyon Cutter|p1b: Calyrex
|-supereffective|p1b: Calyrex
|-crit|p1b: Calyrex
|-damage|p1b: Calyrex|24/100
|-supereffective|p1b: Calyrex
|-damage|p1b: Calyrex|0 fnt
|faint|p1b: Calyrex
|-hitcount|p1: Calyrex|2
|-damage|p2a: Iron Crown|53/100|[from] item: Life Orb
|move|p1a: Zacian|Behemoth Blade|p2b: Indeedee
|-damage|p2b: Indeedee|0 fnt
|faint|p2b: Indeedee
|
|upkeep
|
|t:|1750710878
|switch|p2b: Kyurem|Kyurem-Black, L50|100/100
|switch|p1b: Ogerpon|Ogerpon-Cornerstone, L50, F|100/100
|-ability|p2b: Kyurem|Teravolt
|turn|3
|
|t:|1750710892
|move|p2b: Kyurem|Protect|p2b: Kyurem
|-singleturn|p2b: Kyurem|Protect
|move|p2a: Iron Crown|Tachyon Cutter|p1b: Ogerpon
|-supereffective|p1b: Ogerpon
|-damage|p1b: Ogerpon|46/100
|-supereffective|p1b: Ogerpon
|-damage|p1b: Ogerpon|0 fnt
|faint|p1b: Ogerpon
|-hitcount|p1: Ogerpon|2
|-damage|p2a: Iron Crown|44/100|[from] item: Life Orb
|move|p1a: Zacian|Sacred Sword|p2a: Iron Crown
|-damage|p2a: Iron Crown|0 fnt
|faint|p2a: Iron Crown
|-end|p2a: Iron Crown|Quark Drive|[silent]
|
|upkeep
|
|t:|1750710904
|switch|p2a: Calyrex|Calyrex-Shadow, L50|100/100
|-ability|p2a: Calyrex|As One
|-ability|p2a: Calyrex|Unnerve
|turn|4
|
|t:|1750710927
|move|p2b: Kyurem|Dragon Dance|p2b: Kyurem
|-boost|p2b: Kyurem|atk|1
|-boost|p2b: Kyurem|spe|1
|move|p1a: Zacian|Play Rough|p2b: Kyurem
|-supereffective|p2b: Kyurem
|-damage|p2b: Kyurem|0 fnt
|faint|p2b: Kyurem
|move|p2a: Calyrex|Expanding Force|p1a: Zacian
|-resisted|p1a: Zacian
|-damage|p1a: Zacian|73/100
|
|upkeep
|turn|5
|
|t:|1750710934
|move|p2a: Calyrex|Protect|p2a: Calyrex
|-singleturn|p2a: Calyrex|Protect
|move|p1a: Zacian|Behemoth Blade|p2a: Calyrex
|-activate|p2a: Calyrex|move: Protect
|
|-sideend|p1: ChickenZX|move: Light Screen
|-fieldend|move: Trick Room
|-fieldend|move: Psychic Terrain
|upkeep
|turn|6
|
|t:|1750710940
|move|p2a: Calyrex|Astral Barrage|p1a: Zacian
|-damage|p1a: Zacian|5/100
|move|p1a: Zacian|Behemoth Blade|p2a: Calyrex
|-enditem|p2a: Calyrex|Focus Sash
|-damage|p2a: Calyrex|1/100
|
|upkeep
|turn|7
|-message|ChickenZX forfeited.
|
|win|hoseph stalin
|raw|ChickenZX's rating: 1422 &rarr; <strong>1398</strong><br />(-24 for losing)
|raw|hoseph stalin's rating: 1349 &rarr; <strong>1373</strong><br />(+24 for winning)
|l|☆ChickenZX
|player|p1|
|l|☆hoseph stalin
|player|p2|
