|j|☆DualistX
|j|☆Novicebest
|t:|1750792378
|gametype|doubles
|player|p1|DualistX|palmer|1578
|player|p2|Novicebest|lillie-z|1595
|teamsize|p1|6
|teamsize|p2|6
|gen|9
|tier|[Gen 9] VGC 2025 Reg I
|rated|
|rule|Species Clause: Limit one of each Pokémon
|rule|Item Clause: Limit 1 of each item
|clearpoke
|poke|p1|Calyrex-Shadow, L50|
|poke|p1|Groudon, L50|
|poke|p1|Grimmsnarl, L50, M|
|poke|p1|Smeargle, L50, M|
|poke|p1|Raging Bolt, L50|
|poke|p1|Incineroar, L50, M|
|poke|p2|Lunala, L50|
|poke|p2|Miraidon, L50|
|poke|p2|Urshifu-*, L50, M|
|poke|p2|Incineroar, L50, F|
|poke|p2|Whimsicott, L50, M|
|poke|p2|Ursaluna, L50, F|
|teampreview|4
DualistX has agreed to open team sheets.
|inactive|Battle timer is ON: inactive players will automatically lose when time's up. (requested by Novicebest)
|
|t:|1750792404
|start
|switch|p1a: Groudon|Groudon, L50|100/100
|switch|p1b: Smeargle|Smeargle, L50, M|100/100
|switch|p2a: Lunala|Lunala, L50|100/100
|switch|p2b: Miraidon|Miraidon, L50|100/100
|-fieldstart|move: Electric Terrain|[from] ability: Hadron Engine|[of] p2b: Miraidon
|-enditem|p2a: Lunala|Electric Seed
|-boost|p2a: Lunala|def|1|[from] item: Electric Seed
|-weather|SunnyDay|[from] ability: Drought|[of] p1a: Groudon
|turn|1
|
|t:|1750792423
|move|p2a: Lunala|Wide Guard|p2a: Lunala
|-singleturn|p2a: Lunala|Wide Guard
|move|p2b: Miraidon|Volt Switch|p1b: Smeargle
|-enditem|p1b: Smeargle|Focus Sash
|-damage|p1b: Smeargle|1/100
|
|t:|1750792429
|switch|p2b: Incineroar|Incineroar, L50, F|100/100|[from] Volt Switch
|-ability|p2b: Incineroar|Intimidate|boost
|-unboost|p1a: Groudon|atk|1
|-unboost|p1b: Smeargle|atk|1
|move|p1b: Smeargle|Decorate|p1a: Groudon
|-boost|p1a: Groudon|atk|2
|-boost|p1a: Groudon|spa|2
|move|p1a: Groudon|Precipice Blades|p2b: Incineroar|[spread] 
|-activate|p2a: Lunala|move: Wide Guard
|-activate|p2b: Incineroar|move: Wide Guard
|
|-weather|SunnyDay|[upkeep]
|-ability|p1b: Smeargle|Moody|boost
|-boost|p1b: Smeargle|spe|2
|-unboost|p1b: Smeargle|atk|1
|upkeep
|turn|2
|inactive|Novicebest has 30 seconds left.
|inactive|Novicebest has 20 seconds left.
|
|t:|1750792466
|switch|p1b: Grimmsnarl|Grimmsnarl, L50, M|100/100
|-terastallize|p2b: Incineroar|Bug
|move|p1a: Groudon|High Horsepower|p2b: Incineroar
|-resisted|p2b: Incineroar
|-damage|p2b: Incineroar|75/100
|-damage|p1a: Groudon|84/100|[from] item: Rocky Helmet|[of] p2b: Incineroar
|move|p2b: Incineroar|Parting Shot|p1a: Groudon
|-unboost|p1a: Groudon|atk|1
|-unboost|p1a: Groudon|spa|1
|
|t:|1750792477
|switch|p2b: Ursaluna|Ursaluna, L50, F|100/100|[from] Parting Shot
|move|p2a: Lunala|Trick Room|p2a: Lunala
|-fieldstart|move: Trick Room|[of] p2a: Lunala
|
|-weather|SunnyDay|[upkeep]
|-status|p2b: Ursaluna|brn|[from] item: Flame Orb
|upkeep
|turn|3
|
|t:|1750792492
|move|p1b: Grimmsnarl|Reflect|p1b: Grimmsnarl
|-sidestart|p1: DualistX|Reflect
|move|p2b: Ursaluna|Facade|p1b: Grimmsnarl
|-damage|p1b: Grimmsnarl|22/100
|move|p1a: Groudon|High Horsepower|p2b: Ursaluna
|-damage|p2b: Ursaluna|63/100 brn
|move|p2a: Lunala|Moongeist Beam|p1a: Groudon
|-damage|p1a: Groudon|52/100
|
|-weather|SunnyDay|[upkeep]
|-damage|p2b: Ursaluna|57/100 brn|[from] brn
|upkeep
|turn|4
|
|t:|1750792513
|switch|p2b: Incineroar|Incineroar, L50, F, tera:Bug|75/100
|-ability|p2b: Incineroar|Intimidate|boost
|-unboost|p1a: Groudon|atk|1
|-unboost|p1b: Grimmsnarl|atk|1
|move|p1b: Grimmsnarl|Light Screen|p1b: Grimmsnarl
|-sidestart|p1: DualistX|move: Light Screen
|move|p1a: Groudon|High Horsepower|p2b: Incineroar
|-resisted|p2b: Incineroar
|-damage|p2b: Incineroar|64/100
|-damage|p1a: Groudon|36/100|[from] item: Rocky Helmet|[of] p2b: Incineroar
|move|p2a: Lunala|Moongeist Beam|p1a: Groudon
|-damage|p1a: Groudon|16/100
|
|-weather|SunnyDay|[upkeep]
|upkeep
|turn|5
|
|t:|1750792533
|switch|p1a: Smeargle|Smeargle, L50, M|1/100
|move|p1b: Grimmsnarl|Thunder Wave|p2b: Incineroar
|-status|p2b: Incineroar|par
|move|p2b: Incineroar|Will-O-Wisp|p1a: Smeargle|[miss]
|-miss|p2b: Incineroar|p1a: Smeargle
|move|p2a: Lunala|Moonblast|p1b: Grimmsnarl
|-supereffective|p1b: Grimmsnarl
|-damage|p1b: Grimmsnarl|0 fnt
|faint|p1b: Grimmsnarl
|
|-weather|none
|-fieldend|move: Electric Terrain
|-ability|p1a: Smeargle|Moody|boost
|-boost|p1a: Smeargle|atk|2
|-unboost|p1a: Smeargle|spd|1
|upkeep
|inactive|DualistX has 30 seconds left.
|
|t:|1750792568
|switch|p1b: Calyrex|Calyrex-Shadow, L50|100/100
|-ability|p1b: Calyrex|As One
|-ability|p1b: Calyrex|Unnerve
|turn|6
|
|t:|1750792584
|-terastallize|p1b: Calyrex|Dark
|move|p2b: Incineroar|Knock Off|p1b: Calyrex
|-resisted|p1b: Calyrex
|-damage|p1b: Calyrex|86/100
|-enditem|p1b: Calyrex|Spooky Plate|[from] move: Knock Off|[of] p2b: Incineroar
|move|p2a: Lunala|Moonblast|p1a: Smeargle
|-damage|p1a: Smeargle|0 fnt
|faint|p1a: Smeargle
|move|p1b: Calyrex|Psychic|p2a: Lunala
|-resisted|p2a: Lunala
|-damage|p2a: Lunala|91/100
|-unboost|p2a: Lunala|spd|1
|
|-fieldend|move: Trick Room
|upkeep
|
|t:|1750792595
|switch|p1a: Groudon|Groudon, L50|16/100
|-weather|SunnyDay|[from] ability: Drought|[of] p1a: Groudon
|turn|7
|
|t:|1750792618
|move|p2a: Lunala|Wide Guard|p2a: Lunala
|-singleturn|p2a: Lunala|Wide Guard
|move|p1b: Calyrex|Encore|p2a: Lunala
|-start|p2a: Lunala|Encore
|move|p1a: Groudon|Fire Punch|p2b: Incineroar
|-supereffective|p2b: Incineroar
|-damage|p2b: Incineroar|6/100 par
|-damage|p1a: Groudon|0 fnt|[from] item: Rocky Helmet|[of] p2b: Incineroar
|faint|p1a: Groudon
|move|p2b: Incineroar|Parting Shot|p1b: Calyrex
|-unboost|p1b: Calyrex|atk|1
|-unboost|p1b: Calyrex|spa|1
|
|t:|1750792634
|switch|p2b: Ursaluna|Ursaluna, L50, F|57/100 brn|[from] Parting Shot
|
|-weather|SunnyDay|[upkeep]
|-damage|p2b: Ursaluna|51/100 brn|[from] brn
|upkeep
|turn|8
|-message|DualistX forfeited.
|
|win|Novicebest
|raw|DualistX's rating: 1578 &rarr; <strong>1559</strong><br />(-19 for losing)
|raw|Novicebest's rating: 1595 &rarr; <strong>1614</strong><br />(+19 for winning)
|l|☆DualistX
|player|p1|
