|j|☆bombay12345
|j|☆Un_petit_ricard
|t:|1750738214
|gametype|doubles
|player|p1|bombay12345|169|1229
|player|p2|Un_petit_ricard|blaine|1290
|teamsize|p1|6
|teamsize|p2|6
|gen|9
|tier|[Gen 9] VGC 2025 Reg I
|rated|
|rule|Species Clause: Limit one of each Pokémon
|rule|Item Clause: Limit 1 of each item
|clearpoke
|poke|p1|Calyrex-Ice, L50|
|poke|p1|Scraggy, L50, M|
|poke|p1|Miraidon, L50|
|poke|p1|Farigiraf, L50, M|
|poke|p1|Iron Treads, L50|
|poke|p1|Iron Hands, L50|
|poke|p2|Groudon, L50|
|poke|p2|Lunala, L50|
|poke|p2|Sableye, L50, F|
|poke|p2|Chi-Yu, L50|
|poke|p2|Brute Bonnet, L50|
|poke|p2|Indeedee, L50, M|
|teampreview|4
|inactive|Battle timer is ON: inactive players will automatically lose when time's up. (requested by Un_petit_ricard)
|inactive|bombay12345 has 60 seconds left.
|inactive|Un_petit_ricard has 60 seconds left.
|
|t:|1750738259
|start
|switch|p1a: Miraidon|Miraidon, L50|100/100
|switch|p1b: Iron Treads|Iron Treads, L50|100/100
|switch|p2a: Indeedee|Indeedee, L50, M|100/100
|switch|p2b: Sableye|Sableye, L50, F|100/100
|-fieldstart|move: Electric Terrain|[from] ability: Hadron Engine|[of] p1a: Miraidon
|-activate|p1b: Iron Treads|ability: Quark Drive
|-start|p1b: Iron Treads|quarkdrivespe
|-fieldstart|move: Psychic Terrain|[from] ability: Psychic Surge|[of] p2a: Indeedee
|-end|p1b: Iron Treads|Quark Drive
|turn|1
|inactive|bombay12345 has 30 seconds left.
|
|t:|1750738288
|-end|p1b: Iron Treads|Quark Drive|[silent]
|switch|p1b: Farigiraf|Farigiraf, L50, M|100/100
|-terastallize|p1a: Miraidon|Fairy
|move|p2b: Sableye|Skill Swap||[still]
|cant|p1b: Farigiraf|ability: Armor Tail|Skill Swap|[of] p2b: Sableye
|move|p1a: Miraidon|Dazzling Gleam|p2b: Sableye|[spread] p2a,p2b
|-supereffective|p2b: Sableye
|-damage|p2a: Indeedee|56/100
|-damage|p2b: Sableye|0 fnt
|faint|p2b: Sableye
|move|p2a: Indeedee|Expanding Force|p1a: Miraidon|[spread] p1a,p1b
|-resisted|p1b: Farigiraf
|-damage|p1a: Miraidon|70/100
|-damage|p1b: Farigiraf|82/100
|
|upkeep
|inactive|Un_petit_ricard has 30 seconds left.
|
|t:|1750738319
|switch|p2b: Lunala|Lunala, L50|100/100
|turn|2
|
|t:|1750738327
|move|p1b: Farigiraf|Helping Hand|p1a: Miraidon
|-singleturn|p1a: Miraidon|Helping Hand|[of] p1b: Farigiraf
|move|p2b: Lunala|Tailwind|p2b: Lunala
|-sidestart|p2: Un_petit_ricard|move: Tailwind
|move|p2a: Indeedee|Imprison|p2a: Indeedee
|-start|p2a: Indeedee|move: Imprison
|move|p1a: Miraidon|Dazzling Gleam|p2a: Indeedee|[spread] p2a,p2b
|-damage|p2a: Indeedee|0 fnt
|-damage|p2b: Lunala|68/100
|faint|p2a: Indeedee
|
|upkeep
|
|t:|1750738337
|switch|p2a: Groudon|Groudon, L50|100/100
|-weather|SunnyDay|[from] ability: Drought|[of] p2a: Groudon
|turn|3
|
|t:|1750738358
|switch|p1a: Iron Treads|Iron Treads, L50|100/100
|move|p2b: Lunala|Moongeist Beam|p1a: Iron Treads
|-damage|p1a: Iron Treads|17/100
|move|p2a: Groudon|Precipice Blades|p1b: Farigiraf|[spread] p1a,p1b
|-supereffective|p1a: Iron Treads
|-damage|p1a: Iron Treads|0 fnt
|-damage|p1b: Farigiraf|19/100
|faint|p1a: Iron Treads
|-end|p1a: Iron Treads|Quark Drive|[silent]
|move|p1b: Farigiraf|Trick Room|p1b: Farigiraf
|-fieldstart|move: Trick Room|[of] p1b: Farigiraf
|
|-weather|SunnyDay|[upkeep]
|upkeep
|
|t:|1750738374
|switch|p1a: Calyrex|Calyrex-Ice, L50|100/100
|-ability|p1a: Calyrex|As One
|-ability|p1a: Calyrex|Unnerve
|turn|4
|
|t:|1750738399
|-terastallize|p2a: Groudon|Fire
|move|p1b: Farigiraf|Helping Hand|p1a: Calyrex
|-singleturn|p1a: Calyrex|Helping Hand|[of] p1b: Farigiraf
|move|p1a: Calyrex|High Horsepower|p2b: Lunala
|-damage|p2b: Lunala|11/100
|move|p2a: Groudon|Precipice Blades|p1a: Calyrex|[spread] p1a,p1b
|-damage|p1a: Calyrex|54/100
|-damage|p1b: Farigiraf|0 fnt
|faint|p1b: Farigiraf
|move|p2b: Lunala|Moongeist Beam|p1a: Calyrex
|-supereffective|p1a: Calyrex
|-damage|p1a: Calyrex|0 fnt
|faint|p1a: Calyrex
|
|-weather|SunnyDay|[upkeep]
|upkeep
|
|t:|1750738419
|switch|p1b: Miraidon|Miraidon, L50, tera:Fairy|70/100
|-fieldstart|move: Electric Terrain|[from] ability: Hadron Engine|[of] p1b: Miraidon
|turn|5
|
|t:|1750738427
|move|p1b: Miraidon|Electro Drift|p2a: Groudon
|-damage|p2a: Groudon|0 fnt
|faint|p2a: Groudon
|move|p2b: Lunala|Moongeist Beam|p1b: Miraidon
|-damage|p1b: Miraidon|24/100
|
|-weather|SunnyDay|[upkeep]
|-sideend|p2: Un_petit_ricard|move: Tailwind
|upkeep
|turn|6
|
|t:|1750738439
|move|p1b: Miraidon|Electro Drift|p2b: Lunala
|-damage|p2b: Lunala|0 fnt
|faint|p2b: Lunala
|
|win|bombay12345
|raw|bombay12345's rating: 1229 &rarr; <strong>1258</strong><br />(+29 for winning)
|raw|Un_petit_ricard's rating: 1290 &rarr; <strong>1261</strong><br />(-29 for losing)
|l|☆bombay12345
|player|p1|
|l|☆Un_petit_ricard
|player|p2|
