|j|☆funnylion
|j|☆ZiranRen
|t:|1750862716
|gametype|doubles
|player|p1|funnylion|2|1223
|player|p2|ZiranRen|sage|1163
|teamsize|p1|6
|teamsize|p2|6
|gen|9
|tier|[Gen 9] VGC 2025 Reg I
|rated|
|rule|Species Clause: Limit one of each Pokémon
|rule|Item Clause: Limit 1 of each item
|clearpoke
|poke|p1|Koraidon, L50|
|poke|p1|Flutter Mane, L50|
|poke|p1|Calyrex-Shadow, L50|
|poke|p1|Incineroar, L50, M|
|poke|p1|Scream Tail, L50|
|poke|p1|Ogerpon-Wellspring, L50, F|
|poke|p2|Rayquaza, L50|
|poke|p2|Charizard, L50, M|
|poke|p2|Arcanine, L50, M|
|poke|p2|Chien-Pao, L50|
|poke|p2|Calyrex-Ice, L50|
|poke|p2|Cresselia, L50, F|
|teampreview|4
|inactive|Battle timer is ON: inactive players will automatically lose when time's up. (requested by funnylion)
ZiranRen has agreed to open team sheets.
|inactive|funnylion has 60 seconds left.
|inactive|ZiranRen has 60 seconds left.
funnylion has agreed to open team sheets.
|showteam|p1|Koraidon||LifeOrb|OrichalcumPulse|Protect,FlareBlitz,CloseCombat,FlameCharge||||||50|,,,,,Fire]Flutter Mane||FocusSash|Protosynthesis|Moonblast,ShadowBall,IcyWind,Taunt||||||50|,,,,,Stellar]Calyrex-Shadow||SpookyPlate|AsOneSpectrier|AstralBarrage,Psychic,Encore,Protect||||||50|,,,,,Normal]Incineroar||AssaultVest|Intimidate|Uturn,KnockOff,FlareBlitz,FakeOut|||M|||50|,,,,,Fairy]Scream Tail||BoosterEnergy|Protosynthesis|Protect,DazzlingGleam,Encore,Disable||||||50|,,,,,Dark]Ogerpon-Wellspring||WellspringMask|WaterAbsorb|SpikyShield,IvyCudgel,HornLeech,FollowMe|||F|||50|,,,,,Water
|showteam|p2|Rayquaza||ChoiceBand|AirLock|DragonAscent,DracoMeteor,ExtremeSpeed,Uturn||||||50|,,,,,Normal]Charizard||ChoiceSpecs|SolarPower|WeatherBall,SolarBeam,HeatWave,AirSlash|||M|||50|,,,,,Fire]Arcanine||MirrorHerb|Intimidate|Protect,FlareBlitz,Snarl,Outrage|||M|||50|,,,,,Dragon]Chien-Pao||FocusSash|SwordofRuin|SuckerPunch,IceSpinner,Crunch,Protect||||||50|,,,,,Ghost]Calyrex-Ice||AssaultVest|AsOneGlastrier|GlacialLance,CloseCombat,SolarBlade,HighHorsepower||||||50|,,,,,Dragon]Cresselia||SitrusBerry|Levitate|TrickRoom,LunarBlessing,Moonblast,ThunderWave|||F|||50|,,,,,Fairy
|inactive|funnylion has 30 seconds left.
|
|t:|1750862789
|start
|switch|p1a: Calyrex|Calyrex-Shadow, L50|100/100
|switch|p1b: Incineroar|Incineroar, L50, M|100/100
|switch|p2a: Al - Khadir|Rayquaza, L50|100/100
|switch|p2b: Chien-Pao|Chien-Pao, L50|100/100
|-ability|p1a: Calyrex|As One
|-ability|p1a: Calyrex|Unnerve
|-ability|p2b: Chien-Pao|Sword of Ruin
|-ability|p2a: Al - Khadir|Air Lock
|-ability|p1b: Incineroar|Intimidate|boost
|-unboost|p2a: Al - Khadir|atk|1
|-unboost|p2b: Chien-Pao|atk|1
|turn|1
|inactive|funnylion has 30 seconds left.
|inactive|ZiranRen has 30 seconds left.
|inactive|ZiranRen has 20 seconds left.
|inactive|ZiranRen has 15 seconds left.
|inactive|ZiranRen has 10 seconds left.
|inactive|ZiranRen has 5 seconds left.
|
|t:|1750862843
|-terastallize|p2a: Al - Khadir|Normal
|move|p1a: Calyrex|Protect|p1a: Calyrex
|-singleturn|p1a: Calyrex|Protect
|move|p2b: Chien-Pao|Sucker Punch||[still]
|-fail|p2b: Chien-Pao
|move|p2a: Al - Khadir|Dragon Ascent|p1a: Calyrex
|-activate|p1a: Calyrex|move: Protect
|move|p1b: Incineroar|U-turn|p2a: Al - Khadir
|-damage|p2a: Al - Khadir|67/100
|
|t:|1750862850
|switch|p1b: Scream Tail|Scream Tail, L50|100/100|[from] U-turn
|-enditem|p1b: Scream Tail|Booster Energy
|-activate|p1b: Scream Tail|ability: Protosynthesis|[fromitem]
|-start|p1b: Scream Tail|protosynthesisspe
|
|upkeep
|turn|2
|inactive|ZiranRen has 30 seconds left.
|inactive|ZiranRen has 20 seconds left.
|
|t:|1750862887
|switch|p2b: Cresselia|Cresselia, L50, F|100/100
|move|p1b: Scream Tail|Disable|p2a: Al - Khadir
|-start|p2a: Al - Khadir|Disable|Dragon Ascent
|move|p1a: Calyrex|Encore||[still]
|-fail|p1a: Calyrex
|cant|p2a: Al - Khadir|Disable|Dragon Ascent
|
|upkeep
|turn|3
|
|t:|1750862904
|switch|p2a: Chien-Pao|Chien-Pao, L50|100/100
|-ability|p2a: Chien-Pao|Sword of Ruin
|move|p1b: Scream Tail|Dazzling Gleam|p2b: Cresselia|[spread] p2a,p2b
|-supereffective|p2a: Chien-Pao
|-damage|p2a: Chien-Pao|50/100
|-damage|p2b: Cresselia|93/100
|move|p1a: Calyrex|Astral Barrage|p2b: Cresselia|[spread] p2a,p2b
|-resisted|p2a: Chien-Pao
|-supereffective|p2b: Cresselia
|-damage|p2a: Chien-Pao|0 fnt
|-damage|p2b: Cresselia|25/100
|faint|p2a: Chien-Pao
|-ability|p1a: Calyrex|Grim Neigh|boost
|-boost|p1a: Calyrex|spa|1
|move|p2b: Cresselia|Trick Room|p2b: Cresselia
|-fieldstart|move: Trick Room|[of] p2b: Cresselia
|
|upkeep
|
|t:|1750862919
|switch|p2a: Calyrex|Calyrex-Ice, L50|100/100
|-ability|p2a: Calyrex|As One
|-ability|p2a: Calyrex|Unnerve
|turn|4
|
|t:|1750862938
|move|p1a: Calyrex|Protect|p1a: Calyrex
|-singleturn|p1a: Calyrex|Protect
|move|p2a: Calyrex|Glacial Lance|p1b: Scream Tail|[spread] p1b
|-activate|p1a: Calyrex|move: Protect
|-damage|p1b: Scream Tail|56/100
|move|p2b: Cresselia|Lunar Blessing|p2b: Cresselia|[spread] p2a,p2b
|-heal|p2b: Cresselia|50/100
|move|p1b: Scream Tail|Disable|p2a: Calyrex
|-start|p2a: Calyrex|Disable|Glacial Lance
|
|upkeep
|turn|5
|inactive|ZiranRen has 30 seconds left.
|
|t:|1750862970
|switch|p1a: Incineroar|Incineroar, L50, M|100/100
|-enditem|p2b: Cresselia|Sitrus Berry|[eat]
|-heal|p2b: Cresselia|75/100|[from] item: Sitrus Berry
|-ability|p1a: Incineroar|Intimidate|boost
|-unboost|p2a: Calyrex|atk|1
|-unboost|p2b: Cresselia|atk|1
|move|p2a: Calyrex|High Horsepower|p1a: Incineroar
|-supereffective|p1a: Incineroar
|-damage|p1a: Incineroar|45/100
|move|p2b: Cresselia|Moonblast|p1a: Incineroar
|-damage|p1a: Incineroar|34/100
|move|p1b: Scream Tail|Disable|p2b: Cresselia
|-start|p2b: Cresselia|Disable|Moonblast
|
|upkeep
|turn|6
|inactive|funnylion has 30 seconds left.
|
|t:|1750863003
|-end|p1b: Scream Tail|Protosynthesis|[silent]
|switch|p1b: Calyrex|Calyrex-Shadow, L50|100/100
|-ability|p1b: Calyrex|As One
|-ability|p1b: Calyrex|Unnerve
|move|p1a: Incineroar|Fake Out|p2a: Calyrex
|-damage|p2a: Calyrex|92/100
|cant|p2a: Calyrex|flinch
|move|p2b: Cresselia|Lunar Blessing|p2b: Cresselia|[spread] p2a,p2b
|-heal|p2a: Calyrex|100/100
|-heal|p2b: Cresselia|99/100
|
|upkeep
|turn|7
|inactive|funnylion has 30 seconds left.
|
|t:|1750863029
|-terastallize|p1a: Incineroar|Fairy
|move|p1b: Calyrex|Protect|p1b: Calyrex
|-singleturn|p1b: Calyrex|Protect
|move|p2a: Calyrex|Close Combat|p1a: Incineroar
|-resisted|p1a: Incineroar
|-damage|p1a: Incineroar|16/100
|-unboost|p2a: Calyrex|def|1
|-unboost|p2a: Calyrex|spd|1
|move|p1a: Incineroar|U-turn|p2b: Cresselia
|-supereffective|p2b: Cresselia
|-damage|p2b: Cresselia|62/100
|
|t:|1750863038
|switch|p1a: Scream Tail|Scream Tail, L50|56/100|[from] U-turn
|move|p2b: Cresselia|Thunder Wave|p1b: Calyrex
|-activate|p1b: Calyrex|move: Protect
|
|-fieldend|move: Trick Room
|upkeep
|turn|8
|
|t:|1750863053
|switch|p2a: Al - Khadir|Rayquaza, L50, tera:Normal|67/100
|-ability|p2a: Al - Khadir|Air Lock
|move|p1b: Calyrex|Astral Barrage|p2b: Cresselia|[spread] p2b
|-immune|p2a: Al - Khadir
|-supereffective|p2b: Cresselia
|-damage|p2b: Cresselia|0 fnt
|faint|p2b: Cresselia
|-ability|p1b: Calyrex|Grim Neigh|boost
|-boost|p1b: Calyrex|spa|1
|move|p1a: Scream Tail|Disable||[still]
|-fail|p1a: Scream Tail
|
|upkeep
|
|t:|1750863066
|switch|p2b: Calyrex|Calyrex-Ice, L50|100/100
|-ability|p2b: Calyrex|As One
|-ability|p2b: Calyrex|Unnerve
|turn|9
|
|t:|1750863082
|move|p1b: Calyrex|Protect|p1b: Calyrex
|-singleturn|p1b: Calyrex|Protect
|move|p1a: Scream Tail|Protect|p1a: Scream Tail
|-singleturn|p1a: Scream Tail|Protect
|move|p2a: Al - Khadir|Dragon Ascent|p1a: Scream Tail
|-activate|p1a: Scream Tail|move: Protect
|move|p2b: Calyrex|Glacial Lance|p1b: Calyrex|[spread] 
|-activate|p1a: Scream Tail|move: Protect
|-activate|p1b: Calyrex|move: Protect
|
|upkeep
|turn|10
|c|☆funnylion|ggwp
|
|t:|1750863097
|move|p1b: Calyrex|Astral Barrage|p2a: Al - Khadir|[spread] p2b
|-immune|p2a: Al - Khadir
|-supereffective|p2b: Calyrex
|-damage|p2b: Calyrex|7/100
|move|p1a: Scream Tail|Disable|p2a: Al - Khadir
|-start|p2a: Al - Khadir|Disable|Dragon Ascent
|cant|p2a: Al - Khadir|Disable|Dragon Ascent
|move|p2b: Calyrex|Glacial Lance|p1b: Calyrex|[spread] p1a,p1b
|-damage|p1a: Scream Tail|11/100
|-damage|p1b: Calyrex|32/100
|
|upkeep
|turn|11
|c|☆ZiranRen|GG
|-message|ZiranRen forfeited.
|
|win|funnylion
|raw|funnylion's rating: 1223 &rarr; <strong>1244</strong><br />(+21 for winning)
|raw|ZiranRen's rating: 1163 &rarr; <strong>1142</strong><br />(-21 for losing)
|l|☆ZiranRen
|player|p2|
|l|☆funnylion
|player|p1|
