|j|☆TheDecommissioner
|j|‽xGSx3ntr0py
|t:|1750737704
|gametype|doubles
|player|p1|TheDecommissioner|preschooler|1384
|player|p2|xGSx3ntr0py|169|1444
|teamsize|p1|6
|teamsize|p2|6
|gen|9
|tier|[Gen 9] VGC 2025 Reg I
|rated|
|rule|Species Clause: Limit one of each Pokémon
|rule|Item Clause: Limit 1 of each item
|clearpoke
|poke|p1|Walking Wake, L50|
|poke|p1|Torkoal, L50, M|
|poke|p1|Indeedee-F, L50, F|
|poke|p1|Koraidon, L50|
|poke|p1|Lilligant-Hisui, L50, F|
|poke|p1|Archaludon, L50, F|
|poke|p2|Calyrex-Ice, L50|
|poke|p2|Smeargle, L50, F|
|poke|p2|Incineroar, L50, M|
|poke|p2|Rillaboom, L50, F|
|poke|p2|Lunala, L50|
|poke|p2|Muk-Alola, L50, M|
|teampreview|4
|inactive|Battle timer is ON: inactive players will automatically lose when time's up. (requested by TheDecommissioner)
|inactive|TheDecommissioner has 60 seconds left.
|inactive|xGSx3ntr0py has 60 seconds left.
|
|t:|1750737757
|start
|switch|p1a: Koraidon|Koraidon, L50|100/100
|switch|p1b: Scotland|Walking Wake, L50|100/100
|switch|p2a: Lunala|Lunala, L50|100/100
|switch|p2b: Incineroar|Incineroar, L50, M|100/100
|-weather|SunnyDay|[from] ability: Orichalcum Pulse|[of] p1a: Koraidon
|-activate|p1b: Scotland|ability: Protosynthesis
|-start|p1b: Scotland|protosynthesisspe
|-activate|p1a: Koraidon|Orichalcum Pulse|[source]
|-ability|p2b: Incineroar|Intimidate|boost
|-unboost|p1a: Koraidon|atk|1
|-unboost|p1b: Scotland|atk|1
|turn|1
|
|t:|1750737771
|switch|p1a: Indeedee|Indeedee-F, L50, F|100/100
|-fieldstart|move: Psychic Terrain|[from] ability: Psychic Surge|[of] p1a: Indeedee
|move|p2b: Incineroar|Fake Out|p1b: Scotland
|-activate|p1b: Scotland|move: Psychic Terrain
|move|p1b: Scotland|Snarl|p2a: Lunala|[spread] p2a,p2b
|-supereffective|p2a: Lunala
|-resisted|p2b: Incineroar
|-damage|p2a: Lunala|80/100
|-damage|p2b: Incineroar|96/100
|-unboost|p2a: Lunala|spa|1
|-unboost|p2b: Incineroar|spa|1
|move|p2a: Lunala|Trick Room|p2a: Lunala
|-fieldstart|move: Trick Room|[of] p2a: Lunala
|
|-weather|SunnyDay|[upkeep]
|-heal|p2a: Lunala|86/100|[from] item: Leftovers
|upkeep
|turn|2
|
|t:|1750737791
|switch|p2a: Calyrex|Calyrex-Ice, L50|100/100
|-ability|p2a: Calyrex|As One
|-ability|p2a: Calyrex|Unnerve
|move|p2b: Incineroar|Knock Off|p1a: Indeedee
|-supereffective|p1a: Indeedee
|-damage|p1a: Indeedee|28/100
|-enditem|p1a: Indeedee|Mental Herb|[from] move: Knock Off|[of] p2b: Incineroar
|move|p1a: Indeedee|Psychic|p2a: Calyrex
|-resisted|p2a: Calyrex
|-damage|p2a: Calyrex|87/100
|move|p1b: Scotland|Hydro Steam|p2b: Incineroar
|-supereffective|p2b: Incineroar
|-damage|p2b: Incineroar|5/100
|
|-weather|SunnyDay|[upkeep]
|upkeep
|turn|3
|inactive|TheDecommissioner has 30 seconds left.
|inactive|xGSx3ntr0py has 30 seconds left.
|
|t:|1750737823
|move|p1b: Scotland|Protect|p1b: Scotland
|-singleturn|p1b: Scotland|Protect
|move|p2a: Calyrex|Glacial Lance|p1a: Indeedee|[spread] p1a
|-activate|p1b: Scotland|move: Protect
|-damage|p1a: Indeedee|0 fnt
|faint|p1a: Indeedee
|-ability|p2a: Calyrex|Chilling Neigh|boost
|-boost|p2a: Calyrex|atk|1
|move|p2b: Incineroar|Parting Shot|p1b: Scotland
|-activate|p1b: Scotland|move: Protect
|
|-weather|SunnyDay|[upkeep]
|upkeep
|
|t:|1750737825
|switch|p1a: FOREVERR|Torkoal, L50, M, shiny|100/100
|turn|4
|
|t:|1750737834
|-terastallize|p1a: FOREVERR|Fire
|move|p2a: Calyrex|Protect|p2a: Calyrex
|-singleturn|p2a: Calyrex|Protect
|move|p1a: FOREVERR|Eruption|p2a: Calyrex|[spread] p2b
|-activate|p2a: Calyrex|move: Protect
|-resisted|p2b: Incineroar
|-damage|p2b: Incineroar|0 fnt
|faint|p2b: Incineroar
|move|p1b: Scotland|Hydro Steam|p2a: Calyrex
|-activate|p2a: Calyrex|move: Protect
|
|-weather|SunnyDay|[upkeep]
|upkeep
|
|t:|1750737841
|switch|p2b: Smeargle|Smeargle, L50, F|100/100
|turn|5
|
|t:|1750737856
|move|p2b: Smeargle|Wide Guard|p2b: Smeargle
|-singleturn|p2b: Smeargle|Wide Guard
|move|p1a: FOREVERR|Eruption|p2b: Smeargle|[spread] 
|-activate|p2a: Calyrex|move: Wide Guard
|-activate|p2b: Smeargle|move: Wide Guard
|move|p2a: Calyrex|Glacial Lance|p1b: Scotland|[spread] p1a,p1b
|-resisted|p1a: FOREVERR
|-damage|p1a: FOREVERR|65/100
|-damage|p1b: Scotland|8/100
|move|p1b: Scotland|Snarl|p2b: Smeargle|[spread] 
|-activate|p2a: Calyrex|move: Wide Guard
|-activate|p2b: Smeargle|move: Wide Guard
|
|-weather|none
|-end|p1b: Scotland|Protosynthesis
|-fieldend|move: Trick Room
|-fieldend|move: Psychic Terrain
|-ability|p2b: Smeargle|Moody|boost
|-boost|p2b: Smeargle|spa|2
|-unboost|p2b: Smeargle|spe|1
|upkeep
|-enditem|p1b: Scotland|Booster Energy
|-activate|p1b: Scotland|ability: Protosynthesis|[fromitem]
|-start|p1b: Scotland|protosynthesisspe
|turn|6
|inactive|TheDecommissioner has 30 seconds left.
|inactive|xGSx3ntr0py has 30 seconds left.
|inactive|TheDecommissioner has 20 seconds left.
|inactive|TheDecommissioner has 15 seconds left.
|inactive|TheDecommissioner has 10 seconds left.
|
|t:|1750737904
|move|p1a: FOREVERR|Protect|p1a: FOREVERR
|-singleturn|p1a: FOREVERR|Protect
|move|p1b: Scotland|Draco Meteor|p2a: Calyrex
|-damage|p2a: Calyrex|43/100
|-unboost|p1b: Scotland|spa|2
|move|p2a: Calyrex|Glacial Lance|p1b: Scotland|[spread] p1b
|-activate|p1a: FOREVERR|move: Protect
|-damage|p1b: Scotland|0 fnt
|faint|p1b: Scotland
|-end|p1b: Scotland|Protosynthesis|[silent]
|-ability|p2a: Calyrex|Chilling Neigh|boost
|-boost|p2a: Calyrex|atk|1
|move|p2b: Smeargle|Decorate|p2a: Calyrex
|-boost|p2a: Calyrex|atk|2
|-boost|p2a: Calyrex|spa|2
|
|-ability|p2b: Smeargle|Moody|boost
|-boost|p2b: Smeargle|spe|2
|-unboost|p2b: Smeargle|atk|1
|upkeep
|
|t:|1750737907
|switch|p1b: Koraidon|Koraidon, L50|100/100
|-weather|SunnyDay|[from] ability: Orichalcum Pulse|[of] p1b: Koraidon
|-activate|p1b: Koraidon|Orichalcum Pulse|[source]
|turn|7
|
|t:|1750737926
|move|p2b: Smeargle|Follow Me|p2b: Smeargle
|-singleturn|p2b: Smeargle|move: Follow Me
|move|p1b: Koraidon|Flare Blitz|p2b: Smeargle
|-enditem|p2b: Smeargle|Focus Sash
|-damage|p2b: Smeargle|1/100
|-damage|p1b: Koraidon|75/100|[from] Recoil
|move|p2a: Calyrex|Glacial Lance|p1a: FOREVERR|[spread] p1a,p1b
|-resisted|p1a: FOREVERR
|-supereffective|p1b: Koraidon
|-damage|p1a: FOREVERR|0 fnt
|-damage|p1b: Koraidon|0 fnt
|faint|p1a: FOREVERR
|faint|p1b: Koraidon
|
|win|xGSx3ntr0py
|raw|TheDecommissioner's rating: 1384 &rarr; <strong>1367</strong><br />(-17 for losing)
|raw|xGSx3ntr0py's rating: 1444 &rarr; <strong>1461</strong><br />(+17 for winning)
|l|☆TheDecommissioner
|player|p1|
|l|‽xGSx3ntr0py
|player|p2|
