|j|☆OpenDaSheetsCoward
|j|☆charlesxgort
|t:|1750828571
|gametype|doubles
|player|p1|OpenDaSheetsCoward|ariana|1078
|player|p2|charlesxgort|burglar|1142
|teamsize|p1|6
|teamsize|p2|6
|gen|9
|tier|[Gen 9] VGC 2025 Reg I
|rated|
|rule|Species Clause: Limit one of each Pokémon
|rule|Item Clause: Limit 1 of each item
|clearpoke
|poke|p1|Charmander, L50, F|
|poke|p1|Squirtle, L50, F|
|poke|p1|Bulbasaur, L50, M|
|poke|p1|Chi-Yu, L50|
|poke|p1|Flutter Mane, L50|
|poke|p1|Groudon, L50|
|poke|p2|Rayquaza, L50|
|poke|p2|Zacian-*, L50|
|poke|p2|Chien-Pao, L50|
|poke|p2|Clefairy, L50, F|
|poke|p2|Raichu, L50, M|
|poke|p2|Tornadus, L50, M|
|teampreview|4
|inactive|Battle timer is ON: inactive players will automatically lose when time's up. (requested by OpenDaSheetsCoward)
OpenDaSheetsCoward has agreed to open team sheets.
|inactive|OpenDaSheetsCoward has 60 seconds left.
|inactive|OpenDaSheetsCoward has 30 seconds left.
|inactive|OpenDaSheetsCoward has 20 seconds left.
|inactive|OpenDaSheetsCoward has 15 seconds left.
|inactive|OpenDaSheetsCoward has 10 seconds left.
|
|t:|1750828656
|start
|switch|p1a: Chi-Yu|Chi-Yu, L50|100/100
|switch|p1b: Flutter Mane|Flutter Mane, L50, shiny|100/100
|switch|p2a: Rayquaza|Rayquaza, L50, shiny|100/100
|switch|p2b: Chien-Pao|Chien-Pao, L50|100/100
|-ability|p2b: Chien-Pao|Sword of Ruin
|-ability|p1a: Chi-Yu|Beads of Ruin
|-ability|p2a: Rayquaza|Air Lock
|-enditem|p1b: Flutter Mane|Booster Energy
|-activate|p1b: Flutter Mane|ability: Protosynthesis|[fromitem]
|-start|p1b: Flutter Mane|protosynthesisspe
|turn|1
|inactive|OpenDaSheetsCoward has 30 seconds left.
|
|t:|1750828685
|-terastallize|p2a: Rayquaza|Normal
|move|p2b: Chien-Pao|Protect|p2b: Chien-Pao
|-singleturn|p2b: Chien-Pao|Protect
|move|p1b: Flutter Mane|Moonblast|p2a: Rayquaza
|-damage|p2a: Rayquaza|34/100
|move|p1a: Chi-Yu|Heat Wave|p2a: Rayquaza|[spread] p2a
|-activate|p2b: Chien-Pao|move: Protect
|-damage|p2a: Rayquaza|0 fnt
|faint|p2a: Rayquaza
|
|upkeep
|
|t:|1750828698
|switch|p2a: Raichu|Raichu, L50, M|100/100
|turn|2
|
|t:|1750828707
|move|p2a: Raichu|Fake Out|p1a: Chi-Yu
|-damage|p1a: Chi-Yu|81/100
|move|p2b: Chien-Pao|Sucker Punch||[still]
|-fail|p2b: Chien-Pao
|move|p1b: Flutter Mane|Sunny Day|p1b: Flutter Mane
|-weather|SunnyDay
|cant|p1a: Chi-Yu|flinch
|
|-weather|SunnyDay|[upkeep]
|upkeep
|turn|3
|
|t:|1750828724
|move|p2b: Chien-Pao|Protect|p2b: Chien-Pao
|-singleturn|p2b: Chien-Pao|Protect
|move|p1b: Flutter Mane|Icy Wind|p2b: Chien-Pao|[spread] p2a
|-activate|p2b: Chien-Pao|move: Protect
|-damage|p2a: Raichu|86/100
|-unboost|p2a: Raichu|spe|1
|move|p1a: Chi-Yu|Heat Wave|p2a: Raichu|[spread] p2a
|-activate|p2b: Chien-Pao|move: Protect
|-damage|p2a: Raichu|0 fnt
|faint|p2a: Raichu
|
|-weather|SunnyDay|[upkeep]
|upkeep
|
|t:|1750828735
|switch|p2a: Clefairy|Clefairy, L50, F|100/100
|turn|4
|
|t:|1750828755
|move|p2b: Chien-Pao|Sucker Punch|p1b: Flutter Mane
|-damage|p1b: Flutter Mane|37/100
|move|p1b: Flutter Mane|Icy Wind|p2a: Clefairy|[spread] p2a,p2b
|-resisted|p2b: Chien-Pao
|-damage|p2a: Clefairy|89/100
|-damage|p2b: Chien-Pao|91/100
|-unboost|p2a: Clefairy|spe|1
|-unboost|p2b: Chien-Pao|spe|1
|move|p1a: Chi-Yu|Heat Wave|p2b: Chien-Pao|[spread] p2a,p2b
|-supereffective|p2b: Chien-Pao
|-damage|p2a: Clefairy|16/100
|-damage|p2b: Chien-Pao|0 fnt
|faint|p2b: Chien-Pao
|move|p2a: Clefairy|Moonblast|p1a: Chi-Yu
|-crit|p1a: Chi-Yu
|-damage|p1a: Chi-Yu|43/100
|-unboost|p1a: Chi-Yu|spa|1
|
|-weather|SunnyDay|[upkeep]
|upkeep
|turn|5
|-message|charlesxgort forfeited.
|
|win|OpenDaSheetsCoward
|raw|OpenDaSheetsCoward's rating: 1078 &rarr; <strong>1111</strong><br />(+33 for winning)
|raw|charlesxgort's rating: 1142 &rarr; <strong>1112</strong><br />(-30 for losing)
|l|☆charlesxgort
|player|p2|
|l|☆OpenDaSheetsCoward
|player|p1|
