|j|☆Fish112233
|j|☆Sklapr
|t:|1750862081
|gametype|doubles
|player|p1|Fish112233|265|1592
|player|p2|Sklapr|102|1635
|teamsize|p1|6
|teamsize|p2|6
|gen|9
|tier|[Gen 9] VGC 2025 Reg I
|rated|
|rule|Species Clause: Limit one of each Pokémon
|rule|Item Clause: Limit 1 of each item
|clearpoke
|poke|p1|Calyrex-Ice, L50|
|poke|p1|Indeedee-F, L50, F|
|poke|p1|Lunala, L50|
|poke|p1|Urshifu-*, L50, F|
|poke|p1|Ursaluna, L50, M|
|poke|p1|Torkoal, L50, F|
|poke|p2|Miraidon, L50|
|poke|p2|Lunala, L50|
|poke|p2|Ursaluna, L50, F|
|poke|p2|Whimsicott, L50, F|
|poke|p2|Urshifu-*, L50, M|
|poke|p2|Incineroar, L50, F|
|teampreview|4
|inactive|Battle timer is ON: inactive players will automatically lose when time's up. (requested by Fish112233)
|inactive|Sklapr has 60 seconds left.
|inactive|Sklapr has 30 seconds left.
|inactive|Sklapr has 20 seconds left.
|inactive|Sklapr has 15 seconds left.
|inactive|Sklapr has 10 seconds left.
|
|t:|1750862162
|start
|switch|p1a: Indeedee|Indeedee-F, L50, F|100/100
|switch|p1b: Calyrex|Calyrex-Ice, L50|100/100
|switch|p2a: Incineroar|Incineroar, L50, F, shiny|100/100
|switch|p2b: Lunala|Lunala, L50, shiny|100/100
|-ability|p1b: Calyrex|As One
|-ability|p1b: Calyrex|Unnerve
|-ability|p2a: Incineroar|Intimidate|boost
|-unboost|p1a: Indeedee|atk|1
|-fail|p1b: Calyrex|unboost|[from] item: Clear Amulet|[of] p1b: Calyrex
|-fieldstart|move: Psychic Terrain|[from] ability: Psychic Surge|[of] p1a: Indeedee
|-enditem|p1a: Indeedee|Psychic Seed
|-boost|p1a: Indeedee|spd|1|[from] item: Psychic Seed
|turn|1
|inactive|Sklapr has 30 seconds left.
|inactive|Sklapr has 20 seconds left.
|inactive|Sklapr has 15 seconds left.
|inactive|Fish112233 has 30 seconds left.
|
|t:|1750862212
|move|p1a: Indeedee|Follow Me|p1a: Indeedee
|-singleturn|p1a: Indeedee|move: Follow Me
|move|p2b: Lunala|Moonblast|p1a: Indeedee
|-damage|p1a: Indeedee|77/100
|move|p2a: Incineroar|Knock Off|p1a: Indeedee
|-supereffective|p1a: Indeedee
|-damage|p1a: Indeedee|21/100
|move|p1b: Calyrex|Glacial Lance|p2a: Incineroar|[spread] p2a,p2b
|-resisted|p2a: Incineroar
|-damage|p2a: Incineroar|73/100
|-damage|p2b: Lunala|77/100
|
|upkeep
|turn|2
|inactive|Fish112233 has 30 seconds left.
|inactive|Sklapr has 30 seconds left.
|inactive|Fish112233 has 20 seconds left.
|inactive|Fish112233 has 15 seconds left.
|
|t:|1750862257
|-terastallize|p1b: Calyrex|Water
|move|p2b: Lunala|Wide Guard|p2b: Lunala
|-singleturn|p2b: Lunala|Wide Guard
|move|p2a: Incineroar|U-turn|p1a: Indeedee
|-supereffective|p1a: Indeedee
|-damage|p1a: Indeedee|0 fnt
|faint|p1a: Indeedee
|
|t:|1750862269
|switch|p2a: Ursaluna|Ursaluna, L50, F, shiny|100/100|[from] U-turn
|move|p1b: Calyrex|Trick Room|p1b: Calyrex
|-fieldstart|move: Trick Room|[of] p1b: Calyrex
|
|-status|p2a: Ursaluna|brn|[from] item: Flame Orb
|upkeep
|
|t:|1750862278
|switch|p1a: Torkoal|Torkoal, L50, F|100/100
|-weather|SunnyDay|[from] ability: Drought|[of] p1a: Torkoal
|turn|3
|inactive|Sklapr has 30 seconds left.
|inactive|Sklapr has 20 seconds left.
|inactive|Sklapr has 15 seconds left.
|inactive|Sklapr has 10 seconds left.
|inactive|Sklapr has 5 seconds left.
|
|t:|1750862333
|move|p1a: Torkoal|Weather Ball|p2a: Ursaluna
|-damage|p2a: Ursaluna|25/100 brn
|move|p2a: Ursaluna|Facade|p1a: Torkoal
|-damage|p1a: Torkoal|12/100
|move|p1b: Calyrex|High Horsepower|p2a: Ursaluna
|-damage|p2a: Ursaluna|0 fnt
|faint|p2a: Ursaluna
|-ability|p1b: Calyrex|Chilling Neigh|boost
|-boost|p1b: Calyrex|atk|1
|move|p2b: Lunala|Moongeist Beam|p1b: Calyrex
|-damage|p1b: Calyrex|58/100
|
|-weather|SunnyDay|[upkeep]
|upkeep
|inactive|Sklapr has 30 seconds left.
|
|t:|1750862368
|switch|p2a: Incineroar|Incineroar, L50, F, shiny|73/100
|-ability|p2a: Incineroar|Intimidate|boost
|-unboost|p1a: Torkoal|atk|1
|-fail|p1b: Calyrex|unboost|[from] item: Clear Amulet|[of] p1b: Calyrex
|turn|4
|inactive|Sklapr has 30 seconds left.
|
|t:|1750862402
|move|p2a: Incineroar|Fake Out|p1b: Calyrex
|-activate|p1b: Calyrex|move: Psychic Terrain
|move|p1a: Torkoal|Weather Ball|p2b: Lunala
|-damage|p2b: Lunala|9/100
|move|p1b: Calyrex|High Horsepower|p2b: Lunala
|-damage|p2b: Lunala|0 fnt
|faint|p2b: Lunala
|-ability|p1b: Calyrex|Chilling Neigh|boost
|-boost|p1b: Calyrex|atk|1
|
|-weather|SunnyDay|[upkeep]
|upkeep
|
|t:|1750862406
|switch|p2b: Miraidon|Miraidon, L50|100/100
|-fieldstart|move: Electric Terrain|[from] ability: Hadron Engine|[of] p2b: Miraidon
|turn|5
|c|☆Sklapr|Im lost rn wtf
|inactive|Sklapr has 30 seconds left.
|
|t:|1750862441
|-terastallize|p2b: Miraidon|Electric
|move|p1a: Torkoal|Weather Ball|p2b: Miraidon
|-damage|p2b: Miraidon|15/100
|move|p1b: Calyrex|Glacial Lance|p2b: Miraidon|[spread] p2a,p2b
|-resisted|p2a: Incineroar
|-crit|p2b: Miraidon
|-damage|p2a: Incineroar|22/100
|-damage|p2b: Miraidon|0 fnt
|faint|p2b: Miraidon
|-ability|p1b: Calyrex|Chilling Neigh|boost
|-boost|p1b: Calyrex|atk|1
|move|p2a: Incineroar|Knock Off|p1a: Torkoal
|-damage|p1a: Torkoal|0 fnt
|-enditem|p1a: Torkoal|Choice Specs|[from] move: Knock Off|[of] p2a: Incineroar
|faint|p1a: Torkoal
|
|-weather|SunnyDay|[upkeep]
|upkeep
|-message|Sklapr forfeited.
|
|win|Fish112233
|raw|Fish112233's rating: 1592 &rarr; <strong>1614</strong><br />(+22 for winning)
|raw|Sklapr's rating: 1635 &rarr; <strong>1613</strong><br />(-22 for losing)
|l|☆Sklapr
|player|p2|
|l|☆Fish112233
|player|p1|
