|j|☆Zessozessozesso
|j|☆Dalucks89
|t:|1750810049
|gametype|doubles
|player|p1|Zessozessozesso|265|1337
|player|p2|Dalucks89|hiker-gen4|1353
|teamsize|p1|6
|teamsize|p2|6
|gen|9
|tier|[Gen 9] VGC 2025 Reg I
|rated|
|rule|Species Clause: Limit one of each Pokémon
|rule|Item Clause: Limit 1 of each item
|clearpoke
|poke|p1|Incineroar, L50, M|
|poke|p1|Calyrex-Ice, L50|
|poke|p1|Urshifu-*, L50, M|
|poke|p1|Ursaluna, L50, M|
|poke|p1|Miraidon, L50|
|poke|p1|Grimmsnarl, L50, M|
|poke|p2|Kyogre, L50|
|poke|p2|Incineroar, L50, F|
|poke|p2|Bronzong, L50|
|poke|p2|Calyrex-Ice, L50|
|poke|p2|Flutter Mane, L50|
|poke|p2|Archaludon, L50, F|
|teampreview|4
|inactive|Battle timer is ON: inactive players will automatically lose when time's up. (requested by Zessozessozesso)
|inactive|Zessozessozesso has 60 seconds left.
|
|t:|1750810088
|start
|switch|p1a: Grimmsnarl|Grimmsnarl, L50, M|100/100
|switch|p1b: Miraidon|Miraidon, L50|100/100
|switch|p2a: Flutter Mane|Flutter Mane, L50|100/100
|switch|p2b: Bronzong|Bronzong, L50, shiny|100/100
|-fieldstart|move: Electric Terrain|[from] ability: Hadron Engine|[of] p1b: Miraidon
|turn|1
|inactive|Zessozessozesso has 30 seconds left.
|
|t:|1750810114
|-terastallize|p2a: Flutter Mane|Fairy
|move|p1a: Grimmsnarl|Reflect|p1a: Grimmsnarl
|-sidestart|p1: Zessozessozesso|Reflect
|move|p1b: Miraidon|Electro Drift|p2a: Flutter Mane
|-enditem|p2a: Flutter Mane|Focus Sash
|-damage|p2a: Flutter Mane|1/100
|move|p2a: Flutter Mane|Moonblast|p1b: Miraidon
|-supereffective|p1b: Miraidon
|-damage|p1b: Miraidon|0 fnt
|faint|p1b: Miraidon
|move|p2b: Bronzong|Trick Room|p2b: Bronzong
|-fieldstart|move: Trick Room|[of] p2b: Bronzong
|
|upkeep
|
|t:|1750810130
|switch|p1b: Urshifu|Urshifu, L50, M|100/100
|turn|2
|
|t:|1750810142
|move|p2b: Bronzong|Gravity|p2b: Bronzong
|-fieldstart|move: Gravity
|move|p1a: Grimmsnarl|Spirit Break|p2a: Flutter Mane
|-damage|p2a: Flutter Mane|0 fnt
|faint|p2a: Flutter Mane
|-end|p2a: Flutter Mane|Protosynthesis|[silent]
|move|p1b: Urshifu|Wicked Blow|p2b: Bronzong
|-supereffective|p2b: Bronzong
|-crit|p2b: Bronzong
|-damage|p2b: Bronzong|0 fnt
|faint|p2b: Bronzong
|
|upkeep
|
|t:|1750810153
|switch|p2b: Calyrex|Calyrex-Ice, L50|100/100
|switch|p2a: Kyogre|Kyogre, L50|100/100
|-ability|p2b: Calyrex|As One
|-ability|p2b: Calyrex|Unnerve
|-weather|RainDance|[from] ability: Drizzle|[of] p2a: Kyogre
|turn|3
|
|t:|1750810172
|move|p1b: Urshifu|Detect|p1b: Urshifu
|-singleturn|p1b: Urshifu|Protect
|move|p1a: Grimmsnarl|Light Screen|p1a: Grimmsnarl
|-sidestart|p1: Zessozessozesso|move: Light Screen
|move|p2b: Calyrex|Glacial Lance|p1b: Urshifu|[spread] p1a
|-activate|p1b: Urshifu|move: Protect
|-damage|p1a: Grimmsnarl|55/100
|move|p2a: Kyogre|Origin Pulse|p1a: Grimmsnarl|[spread] p1a
|-activate|p1b: Urshifu|move: Protect
|-damage|p1a: Grimmsnarl|0 fnt
|faint|p1a: Grimmsnarl
|
|-weather|RainDance|[upkeep]
|upkeep
|
|t:|1750810184
|switch|p1a: Calyrex|Calyrex-Ice, L50|100/100
|-ability|p1a: Calyrex|As One
|-ability|p1a: Calyrex|Unnerve
|turn|4
|inactive|Zessozessozesso has 30 seconds left.
|inactive|Zessozessozesso has 20 seconds left.
|
|t:|1750810221
|move|p2b: Calyrex|Glacial Lance|p1a: Calyrex|[spread] p1a,p1b
|-resisted|p1a: Calyrex
|-damage|p1a: Calyrex|89/100
|-damage|p1b: Urshifu|66/100
|move|p1a: Calyrex|Glacial Lance|p2b: Calyrex|[spread] p2a,p2b
|-resisted|p2a: Kyogre
|-crit|p2a: Kyogre
|-resisted|p2b: Calyrex
|-damage|p2a: Kyogre|63/100
|-damage|p2b: Calyrex|83/100
|move|p2a: Kyogre|Origin Pulse|p1b: Urshifu|[spread] p1a,p1b
|-damage|p1a: Calyrex|51/100
|-damage|p1b: Urshifu|0 fnt
|faint|p1b: Urshifu
|
|-weather|RainDance|[upkeep]
|upkeep
|turn|5
|
|t:|1750810241
|move|p2b: Calyrex|High Horsepower|p1a: Calyrex
|-damage|p1a: Calyrex|33/100
|move|p1a: Calyrex|High Horsepower|p2a: Kyogre
|-damage|p2a: Kyogre|28/100
|move|p2a: Kyogre|Origin Pulse|p1a: Calyrex
|-damage|p1a: Calyrex|0 fnt
|faint|p1a: Calyrex
|
|win|Dalucks89
|raw|Zessozessozesso's rating: 1337 &rarr; <strong>1318</strong><br />(-19 for losing)
|raw|Dalucks89's rating: 1353 &rarr; <strong>1372</strong><br />(+19 for winning)
|l|☆Zessozessozesso
|player|p1|
|l|☆Dalucks89
|player|p2|
