|j|☆Lore805
|j|☆zebraschinge
|t:|1750847898
|gametype|doubles
|player|p1|Lore805|1|1364
|player|p2|zebraschinge|102|1364
|teamsize|p1|6
|teamsize|p2|6
|gen|9
|tier|[Gen 9] VGC 2025 Reg I
|rated|
|rule|Species Clause: Limit one of each Pokémon
|rule|Item Clause: Limit 1 of each item
|clearpoke
|poke|p1|Kyogre, L50|
|poke|p1|Calyrex-Ice, L50|
|poke|p1|Rillaboom, L50, F|
|poke|p1|Volcarona, L50, M|
|poke|p1|Raichu, L50, F|
|poke|p1|Tornadus, L50, M|
|poke|p2|Miraidon, L50|
|poke|p2|Grimmsnarl, L50, M|
|poke|p2|Calyrex-Ice, L50|
|poke|p2|Farigiraf, L50, F|
|poke|p2|Tornadus, L50, M|
|poke|p2|Diglett, L50, M|
|teampreview|4
|inactive|Battle timer is ON: inactive players will automatically lose when time's up. (requested by zebraschinge)
|inactive|Lore805 also wants the timer to be on.
|inactive|zebraschinge has 60 seconds left.
|
|t:|1750847955
|start
|switch|p1a: Calyrex|Calyrex-Ice, L50|100/100
|switch|p1b: Raichu|Raichu, L50, F|100/100
|switch|p2a: Grimmsnarl|Grimmsnarl, L50, M|100/100
|switch|p2b: Calyrex|Calyrex-Ice, L50|100/100
|-ability|p1a: Calyrex|As One
|-ability|p1a: Calyrex|Unnerve
|-ability|p2b: Calyrex|As One
|-ability|p2b: Calyrex|Unnerve
|-item|p1a: Calyrex|Never-Melt Ice|[from] ability: Frisk|[of] p2a: Grimmsnarl
|-item|p1b: Raichu|Focus Sash|[from] ability: Frisk|[of] p2a: Grimmsnarl
|turn|1
|
|t:|1750847978
|move|p1b: Raichu|Fake Out|p2b: Calyrex
|-damage|p2b: Calyrex|93/100
|move|p2a: Grimmsnarl|Fake Out|p1a: Calyrex
|-damage|p1a: Calyrex|92/100
|cant|p1a: Calyrex|flinch
|cant|p2b: Calyrex|flinch
|
|upkeep
|turn|2
|
|t:|1750847998
|move|p1b: Raichu|Nuzzle|p2b: Calyrex
|-damage|p2b: Calyrex|86/100
|-status|p2b: Calyrex|par
|move|p1a: Calyrex|Leech Seed|p2a: Grimmsnarl|[miss]
|-miss|p1a: Calyrex|p2a: Grimmsnarl
|move|p2a: Grimmsnarl|Crunch|p1a: Calyrex
|-supereffective|p1a: Calyrex
|-damage|p1a: Calyrex|39/100
|move|p2b: Calyrex|Trick Room|p2b: Calyrex
|-fieldstart|move: Trick Room|[of] p2b: Calyrex
|
|upkeep
|turn|3
|inactive|zebraschinge has 30 seconds left.
|
|t:|1750848030
|cant|p2b: Calyrex|par
|move|p2a: Grimmsnarl|Spirit Break|p1b: Raichu
|-damage|p1b: Raichu|15/100
|-unboost|p1b: Raichu|spa|1
|move|p1a: Calyrex|Leech Seed|p2a: Grimmsnarl
|-start|p2a: Grimmsnarl|move: Leech Seed
|move|p1b: Raichu|Endeavor|p2b: Calyrex
|-damage|p2b: Calyrex|11/100 par
|
|-damage|p2a: Grimmsnarl|88/100|[from] Leech Seed|[of] p1a: Calyrex
|-heal|p1a: Calyrex|51/100|[silent]
|upkeep
|turn|4
|
|t:|1750848053
|switch|p2a: Tornadus|Tornadus, L50, M|100/100
|-terastallize|p1a: Calyrex|Water
|move|p2b: Calyrex|Glacial Lance|p1b: Raichu|[spread] p1a,p1b
|-resisted|p1a: Calyrex
|-crit|p1a: Calyrex
|-damage|p1a: Calyrex|25/100
|-damage|p1b: Raichu|0 fnt
|faint|p1b: Raichu
|-ability|p2b: Calyrex|Chilling Neigh|boost
|-boost|p2b: Calyrex|atk|1
|move|p1a: Calyrex|Glacial Lance|p2b: Calyrex|[spread] p2a,p2b
|-supereffective|p2a: Tornadus
|-resisted|p2b: Calyrex
|-damage|p2a: Tornadus|0 fnt
|-damage|p2b: Calyrex|0 fnt
|faint|p2a: Tornadus
|faint|p2b: Calyrex
|-ability|p1a: Calyrex|Chilling Neigh|boost
|-boost|p1a: Calyrex|atk|2
|
|upkeep
|
|t:|1750848071
|switch|p2b: Grimmsnarl|Grimmsnarl, L50, M|88/100
|switch|p2a: Miraidon|Miraidon, L50|100/100
|switch|p1b: Rillaboom|Rillaboom, L50, F|100/100
|-item|p1a: Calyrex|Never-Melt Ice|[from] ability: Frisk|[of] p2b: Grimmsnarl
|-item|p1b: Rillaboom|Assault Vest|[from] ability: Frisk|[of] p2b: Grimmsnarl
|-fieldstart|move: Grassy Terrain|[from] ability: Grassy Surge|[of] p1b: Rillaboom
|-fieldstart|move: Electric Terrain|[from] ability: Hadron Engine|[of] p2a: Miraidon
|turn|5
|inactive|zebraschinge has 30 seconds left.
|inactive|zebraschinge has 20 seconds left.
|inactive|zebraschinge has 15 seconds left.
|inactive|zebraschinge has 10 seconds left.
|inactive|zebraschinge has 5 seconds left.
|
|t:|1750848121
|switch|p1b: Kyogre|Kyogre, L50|100/100
|-weather|RainDance|[from] ability: Drizzle|[of] p1b: Kyogre
|-terastallize|p2a: Miraidon|Water
|move|p1a: Calyrex|Protect|p1a: Calyrex
|-singleturn|p1a: Calyrex|Protect
|move|p2b: Grimmsnarl|Crunch|p1a: Calyrex
|-activate|p1a: Calyrex|move: Protect
|move|p2a: Miraidon|Electro Drift|p1a: Calyrex
|-activate|p1a: Calyrex|move: Protect
|
|-weather|RainDance|[upkeep]
|upkeep
|turn|6
|inactive|zebraschinge has 30 seconds left.
|
|t:|1750848147
|move|p2b: Grimmsnarl|Crunch|p1a: Calyrex
|-damage|p1a: Calyrex|0 fnt
|faint|p1a: Calyrex
|move|p1b: Kyogre|Water Spout|p2b: Grimmsnarl|[spread] p2a,p2b
|-resisted|p2a: Miraidon
|-damage|p2a: Miraidon|54/100
|-damage|p2b: Grimmsnarl|11/100
|move|p2a: Miraidon|Electro Drift|p1b: Kyogre
|-supereffective|p1b: Kyogre
|-damage|p1b: Kyogre|0 fnt
|faint|p1b: Kyogre
|-damage|p2a: Miraidon|45/100|[from] item: Life Orb
|
|-weather|RainDance|[upkeep]
|-fieldend|move: Trick Room
|upkeep
|
|t:|1750848155
|switch|p1a: Rillaboom|Rillaboom, L50, F|100/100
|-fieldstart|move: Grassy Terrain|[from] ability: Grassy Surge|[of] p1a: Rillaboom
|turn|7
|inactive|zebraschinge has 30 seconds left.
|
|t:|1750848182
|move|p2a: Miraidon|Protect|p2a: Miraidon
|-singleturn|p2a: Miraidon|Protect
|move|p1a: Rillaboom|Grassy Glide|p2b: Grimmsnarl
|-damage|p2b: Grimmsnarl|0 fnt
|faint|p2b: Grimmsnarl
|
|-weather|RainDance|[upkeep]
|-heal|p2a: Miraidon|51/100|[from] Grassy Terrain
|upkeep
|turn|8
|
|t:|1750848194
|move|p2a: Miraidon|Dragon Pulse|p1a: Rillaboom
|-damage|p1a: Rillaboom|54/100
|-damage|p2a: Miraidon|41/100|[from] item: Life Orb
|move|p1a: Rillaboom|Wood Hammer|p2a: Miraidon
|-supereffective|p2a: Miraidon
|-damage|p2a: Miraidon|0 fnt
|faint|p2a: Miraidon
|-damage|p1a: Rillaboom|42/100|[from] Recoil
|
|win|Lore805
|raw|Lore805's rating: 1364 &rarr; <strong>1384</strong><br />(+20 for winning)
|raw|zebraschinge's rating: 1364 &rarr; <strong>1344</strong><br />(-20 for losing)
|l|☆Lore805
|player|p1|
|l|☆zebraschinge
|player|p2|
