|j|☆sunnyzoeeee
|j|☆Alexfind
|t:|1750714733
|gametype|doubles
|player|p1|sunnyzoeeee|lyra|1356
|player|p2|Alexfind|2|1333
|teamsize|p1|6
|teamsize|p2|6
|gen|9
|tier|[Gen 9] VGC 2025 Reg I
|rated|
|rule|Species Clause: Limit one of each Pokémon
|rule|Item Clause: Limit 1 of each item
|clearpoke
|poke|p1|Calyrex-Shadow, L50|
|poke|p1|Koraidon, L50|
|poke|p1|Chi-Yu, L50|
|poke|p1|Raging Bolt, L50|
|poke|p1|Brute Bonnet, L50|
|poke|p1|Indeedee-F, L50, F|
|poke|p2|Koraidon, L50|
|poke|p2|Calyrex-Ice, L50|
|poke|p2|Raichu, L50, F|
|poke|p2|Stonjourner, L50, F|
|poke|p2|Incineroar, L50, F|
|poke|p2|Brute Bonnet, L50|
|teampreview|4
|inactive|Battle timer is ON: inactive players will automatically lose when time's up. (requested by sunnyzoeeee)
|j| zagmaer
|l| zagmaer
|inactive|sunnyzoeeee has 60 seconds left.
|
|t:|1750714784
|start
|switch|p1a: Calyrex|Calyrex-Shadow, L50|100/100
|switch|p1b: Indeedee|Indeedee-F, L50, F|100/100
|switch|p2a: Stonjourner|Stonjourner, L50, F|100/100
|switch|p2b: Calyrex|Calyrex-Ice, L50|100/100
|-ability|p1a: Calyrex|As One
|-ability|p1a: Calyrex|Unnerve
|-ability|p2b: Calyrex|As One
|-ability|p2b: Calyrex|Unnerve
|-fieldstart|move: Psychic Terrain|[from] ability: Psychic Surge|[of] p1b: Indeedee
|-enditem|p1b: Indeedee|Psychic Seed
|-boost|p1b: Indeedee|spd|1|[from] item: Psychic Seed
|turn|1
|
|t:|1750714809
|move|p1b: Indeedee|Helping Hand|p1a: Calyrex
|-singleturn|p1a: Calyrex|Helping Hand|[of] p1b: Indeedee
|move|p2a: Stonjourner|Wide Guard|p2a: Stonjourner
|-singleturn|p2a: Stonjourner|Wide Guard
|move|p1a: Calyrex|Astral Barrage|p2b: Calyrex|[spread] 
|-activate|p2a: Stonjourner|move: Wide Guard
|-activate|p2b: Calyrex|move: Wide Guard
|move|p2b: Calyrex|Glacial Lance|p1b: Indeedee|[spread] p1a,p1b
|-damage|p1a: Calyrex|5/100
|-damage|p1b: Indeedee|30/100
|
|upkeep
|turn|2
|j| zagmaer
|
|t:|1750714824
|move|p1a: Calyrex|Protect|p1a: Calyrex
|-singleturn|p1a: Calyrex|Protect
|move|p2a: Stonjourner|Wide Guard|p2a: Stonjourner
|-singleturn|p2a: Stonjourner|Wide Guard
|move|p1b: Indeedee|Imprison|p1b: Indeedee
|-start|p1b: Indeedee|move: Imprison
|move|p2b: Calyrex|Glacial Lance|p1b: Indeedee|[spread] p1b
|-activate|p1a: Calyrex|move: Protect
|-damage|p1b: Indeedee|0 fnt
|faint|p1b: Indeedee
|-ability|p2b: Calyrex|Chilling Neigh|boost
|-boost|p2b: Calyrex|atk|1
|
|upkeep
|
|t:|1750714835
|switch|p1b: Koraidon|Koraidon, L50|100/100
|-weather|SunnyDay|[from] ability: Orichalcum Pulse|[of] p1b: Koraidon
|-activate|p1b: Koraidon|Orichalcum Pulse|[source]
|turn|3
|l| zagmaer
|
|t:|1750714859
|-terastallize|p2b: Calyrex|Water
|move|p2a: Stonjourner|Wide Guard|p2a: Stonjourner
|-singleturn|p2a: Stonjourner|Wide Guard
|move|p1a: Calyrex|Psychic|p2a: Stonjourner
|-enditem|p2a: Stonjourner|Focus Sash
|-damage|p2a: Stonjourner|1/100
|-unboost|p2a: Stonjourner|spd|1
|move|p1b: Koraidon|Flare Blitz|p2b: Calyrex
|-resisted|p2b: Calyrex
|-damage|p2b: Calyrex|75/100
|-status|p2b: Calyrex|brn
|-damage|p1b: Koraidon|91/100|[from] Recoil
|move|p2b: Calyrex|Trick Room|p2b: Calyrex
|-fieldstart|move: Trick Room|[of] p2b: Calyrex
|
|-weather|SunnyDay|[upkeep]
|-damage|p2b: Calyrex|70/100 brn|[from] brn
|upkeep
|turn|4
|inactive|sunnyzoeeee has 30 seconds left.
|
|t:|1750714891
|-terastallize|p1b: Koraidon|Fire
|move|p1a: Calyrex|Protect|p1a: Calyrex
|-singleturn|p1a: Calyrex|Protect
|move|p2b: Calyrex|Glacial Lance|p1a: Calyrex|[spread] p1b
|-activate|p1a: Calyrex|move: Protect
|-resisted|p1b: Koraidon
|-damage|p1b: Koraidon|65/100
|move|p2a: Stonjourner|Rock Slide|p1a: Calyrex|[spread] p1b
|-activate|p1a: Calyrex|move: Protect
|-supereffective|p1b: Koraidon
|-damage|p1b: Koraidon|20/100
|move|p1b: Koraidon|Collision Course|p2b: Calyrex
|-damage|p2b: Calyrex|29/100 brn
|
|-weather|SunnyDay|[upkeep]
|-damage|p2b: Calyrex|23/100 brn|[from] brn
|upkeep
|turn|5
|
|t:|1750714915
|switch|p1a: Brute Bonnet|Brute Bonnet, L50|100/100
|-activate|p1a: Brute Bonnet|ability: Protosynthesis
|-start|p1a: Brute Bonnet|protosynthesisdef
|move|p1b: Koraidon|Protect|p1b: Koraidon
|-singleturn|p1b: Koraidon|Protect
|move|p2b: Calyrex|Glacial Lance|p1b: Koraidon|[spread] p1a
|-activate|p1b: Koraidon|move: Protect
|-supereffective|p1a: Brute Bonnet
|-damage|p1a: Brute Bonnet|45/100
|move|p2a: Stonjourner|Rock Slide|p1b: Koraidon|[spread] p1a
|-activate|p1b: Koraidon|move: Protect
|-damage|p1a: Brute Bonnet|33/100
|
|-weather|SunnyDay|[upkeep]
|-damage|p2b: Calyrex|17/100 brn|[from] brn
|-fieldend|move: Psychic Terrain
|upkeep
|turn|6
|
|t:|1750714933
|move|p1a: Brute Bonnet|Sucker Punch|p2b: Calyrex
|-damage|p2b: Calyrex|0 fnt
|faint|p2b: Calyrex
|move|p2a: Stonjourner|Rock Slide|p1a: Brute Bonnet|[spread] p1a,p1b
|-supereffective|p1b: Koraidon
|-damage|p1a: Brute Bonnet|22/100
|-damage|p1b: Koraidon|0 fnt
|faint|p1b: Koraidon
|
|-weather|SunnyDay|[upkeep]
|upkeep
|
|t:|1750714940
|switch|p2b: Incineroar|Incineroar, L50, F|100/100
|switch|p1b: Calyrex|Calyrex-Shadow, L50|5/100
|-ability|p1b: Calyrex|As One
|-ability|p1b: Calyrex|Unnerve
|-ability|p2b: Incineroar|Intimidate|boost
|-unboost|p1a: Brute Bonnet|atk|1
|-unboost|p1b: Calyrex|atk|1
|turn|7
|
|t:|1750714961
|move|p1b: Calyrex|Protect|p1b: Calyrex
|-singleturn|p1b: Calyrex|Protect
|move|p2b: Incineroar|U-turn|p1a: Brute Bonnet
|-supereffective|p1a: Brute Bonnet
|-damage|p1a: Brute Bonnet|0 fnt
|-damage|p2b: Incineroar|84/100|[from] item: Rocky Helmet|[of] p1a: Brute Bonnet
|faint|p1a: Brute Bonnet
|-end|p1a: Brute Bonnet|Protosynthesis|[silent]
|
|t:|1750714969
|switch|p2b: Brute Bonnet|Brute Bonnet, L50|100/100|[from] U-turn
|-activate|p2b: Brute Bonnet|ability: Protosynthesis
|-start|p2b: Brute Bonnet|protosynthesisdef
|move|p2a: Stonjourner|Body Press|p1b: Calyrex
|-activate|p1b: Calyrex|move: Protect
|
|-weather|none
|-end|p2b: Brute Bonnet|Protosynthesis
|-fieldend|move: Trick Room
|upkeep
|turn|8
|
|t:|1750714982
|move|p2b: Brute Bonnet|Sucker Punch|p1b: Calyrex
|-supereffective|p1b: Calyrex
|-damage|p1b: Calyrex|0 fnt
|faint|p1b: Calyrex
|
|win|Alexfind
|raw|sunnyzoeeee's rating: 1356 &rarr; <strong>1335</strong><br />(-21 for losing)
|raw|Alexfind's rating: 1333 &rarr; <strong>1354</strong><br />(+21 for winning)
|l|☆sunnyzoeeee
|player|p1|
