|j|☆unitz_afm
|j|☆RetroDude42YT
|html|<table width="100%"><tr><td align="left">unitz_afm</td><td align="right">RetroDude42YT</tr><tr><td align="left"><i class="fa fa-circle"></i> <i class="fa fa-circle-o"></i> </td><td align="right"><i class="fa fa-circle-o"></i> <i class="fa fa-circle"></i> </tr></table>
|uhtml|bestof|<h2><strong>Game 3</strong> of <a href="/game-bestof3-gen9vgc2025regi-2391570917">a best-of-3</a></h2>
|t:|1750872015
|gametype|doubles
|player|p1|unitz_afm|shelly|
|player|p2|RetroDude42YT|hilbert|
|teamsize|p1|6
|teamsize|p2|6
|gen|9
|tier|[Gen 9] VGC 2025 Reg I
|rule|Species Clause: Limit one of each Pokémon
|rule|Item Clause: Limit 1 of each item
|rule|Terastal Clause: You cannot Terastallize
|raw|<div class="infobox"><details class="readmore"><summary><strong>51 custom rules:</strong></summary> Terastal Clause, -All Pokemon, +Unobtainable, +Past, !!Min Source Gen = 1, bestof=3, -ND Uber, -ND AG, -ND OU, -ND UUBL, -ND UU, -ND RUBL, -ND RU, -ND NFE, -ND LC, +Tyranitar-Base, +Masquerain, +Electrode-Base, +Arctozolt, +Honchkrow, +Mienshao, +Simisage, +Luvdisc, +Quaquaval, +Toedscruel, +Grapploct, +Slowking-Base, +Smeargle, +Tangrowth, +Furfrou, +Rabsca, +Drakloak, +Mimikyu-Base, +Uxie, +Primeape, +Purugly, +Orbeetle, +Glimmora, +Klawf, +Archeops, +Espeon, +Arbok, +Dugtrio-Alola, +Slowking-Galar, +Ditto, +Bruxish, +Escavalier, +Simipour, +Calyrex-Base, +Lunatone, -Tyranitarite</details></div>
|clearpoke
|poke|p1|Slowking-Galar, L50, M|
|poke|p1|Mienshao, L50, F|
|poke|p1|Arctozolt, L50|
|poke|p1|Escavalier, L50, M|
|poke|p1|Tyranitar, L50, F|
|poke|p1|Ditto, L50|
|poke|p2|Smeargle, L50, M|
|poke|p2|Toedscruel, L50, F|
|poke|p2|Glimmora, L50, F|
|poke|p2|Tyranitar, L50, F|
|poke|p2|Dugtrio-Alola, L50, F|
|poke|p2|Mienshao, L50, F|
|teampreview|4
RetroDude42YT has agreed to open team sheets.
unitz_afm has agreed to open team sheets.
|showteam|p1|Slowking-Galar||ColburBerry|Regenerator|ChillyReception,TrickRoom,SludgeWave,Protect|||M|||50|]Mienshao||FocusSash|InnerFocus|FakeOut,Coaching,CloseCombat,Taunt|||F|||50|]Arctozolt||SafetyGoggles|SlushRush|LowKick,Blizzard,BoltBeak,Protect||||||50|]Escavalier||LifeOrb|Overcoat|Taunt,IronHead,Megahorn,Protect|||M|||50|]Tyranitar||ChopleBerry|Unnerve|Earthquake,Protect,FireBlast,KnockOff|||F|||50|]Ditto||RedCard|Imposter|Transform||||||50|
|showteam|p2|Smeargle||FocusSash|Moody|FakeOut,FollowMe,Decorate,SpikyShield|||M|||50|]Toedscruel||CovertCloak|MyceliumMight|EarthPower,GigaDrain,Spore,RagePowder|||F|||50|]Glimmora||PowerHerb|ToxicDebris|MeteorBeam,DazzlingGleam,SludgeBomb,SpikyShield|||F|||50|]Tyranitar||AssaultVest|SandStream|RockSlide,KnockOff,LowKick,HighHorsepower|||F|||50|]Dugtrio-Alola||LifeOrb|SandForce|IronHead,HighHorsepower,RockSlide,Protect|||F|||50|]Mienshao||SafetyGoggles|InnerFocus|FakeOut,CloseCombat,TripleAxel,Uturn|||F|||50|
|c|☆unitz_afm|glhf
|c|☆RetroDude42YT|glhf
|
|t:|1750872080
|start
|switch|p1a: Mienshao|Mienshao, L50, F|100/100
|switch|p1b: Tyranitar|Tyranitar, L50, F|100/100
|switch|p2a: Glimmora|Glimmora, L50, F|100/100
|switch|p2b: Mienshao|Mienshao, L50, F|100/100
|-ability|p1b: Tyranitar|Unnerve
|turn|1
|
|t:|1750872141
|move|p2a: Glimmora|Spiky Shield|p2a: Glimmora
|-singleturn|p2a: Glimmora|move: Protect
|move|p1b: Tyranitar|Protect|p1b: Tyranitar
|-singleturn|p1b: Tyranitar|Protect
|move|p2b: Mienshao|Close Combat|p1b: Tyranitar
|-activate|p1b: Tyranitar|move: Protect
|move|p1a: Mienshao|Close Combat|p2b: Mienshao
|-damage|p2b: Mienshao|0 fnt
|-unboost|p1a: Mienshao|def|1
|-unboost|p1a: Mienshao|spd|1
|faint|p2b: Mienshao
|
|upkeep
|
|t:|1750872152
|switch|p2b: Toedscruel|Toedscruel, L50, F|100/100
|turn|2
|
|t:|1750872178
|move|p1a: Mienshao|Close Combat|p2b: Toedscruel
|-damage|p2b: Toedscruel|3/100
|-unboost|p1a: Mienshao|def|1
|-unboost|p1a: Mienshao|spd|1
|move|p2b: Toedscruel|Earth Power|p1b: Tyranitar
|-supereffective|p1b: Tyranitar
|-damage|p1b: Tyranitar|40/100
|move|p2a: Glimmora|Dazzling Gleam|p1b: Tyranitar|[spread] p1a,p1b
|-supereffective|p1a: Mienshao
|-supereffective|p1b: Tyranitar
|-enditem|p1a: Mienshao|Focus Sash
|-damage|p1a: Mienshao|1/100
|-damage|p1b: Tyranitar|0 fnt
|faint|p1b: Tyranitar
|
|upkeep
|
|t:|1750872187
|switch|p1b: Slowking|Slowking-Galar, L50, M|100/100
|turn|3
|
|t:|1750872222
|move|p1a: Mienshao|Close Combat|p2b: Toedscruel
|-damage|p2b: Toedscruel|0 fnt
|-unboost|p1a: Mienshao|def|1
|-unboost|p1a: Mienshao|spd|1
|faint|p2b: Toedscruel
|move|p2a: Glimmora|Meteor Beam||[still]
|-prepare|p2a: Glimmora|Meteor Beam
|-boost|p2a: Glimmora|spa|1
|-enditem|p2a: Glimmora|Power Herb
|-anim|p2a: Glimmora|Meteor Beam|p1b: Slowking
|-damage|p1b: Slowking|24/100
|move|p1b: Slowking|Trick Room|p1b: Slowking
|-fieldstart|move: Trick Room|[of] p1b: Slowking
|
|upkeep
|
|t:|1750872234
|switch|p2b: Dugtrio|Dugtrio-Alola, L50, F|100/100
|turn|4
|
|t:|1750872273
|switch|p1a: Escavalier|Escavalier, L50, M|100/100
|-prepare|p1b: Slowking|Chilly Reception|[premajor]
|move|p1b: Slowking|Chilly Reception|p1b: Slowking
|-weather|Snowscape
|
|t:|1750872277
|switch|p1b: Mienshao|Mienshao, L50, F|1/100|[from] Chilly Reception
|move|p2a: Glimmora|Dazzling Gleam|p1b: Mienshao|[spread] p1a,p1b
|-resisted|p1a: Escavalier
|-supereffective|p1b: Mienshao
|-damage|p1a: Escavalier|87/100
|-damage|p1b: Mienshao|0 fnt
|faint|p1b: Mienshao
|move|p2b: Dugtrio|High Horsepower|p1a: Escavalier|[miss]
|-miss|p2b: Dugtrio|p1a: Escavalier
|
|-weather|Snowscape|[upkeep]
|upkeep
|
|t:|1750872280
|switch|p1b: Slowking|Slowking-Galar, L50, M|57/100
|turn|5
|
|t:|1750872311
|move|p1a: Escavalier|Protect|p1a: Escavalier
|-singleturn|p1a: Escavalier|Protect
|move|p1b: Slowking|Protect|p1b: Slowking
|-singleturn|p1b: Slowking|Protect
|move|p2a: Glimmora|Spiky Shield|p2a: Glimmora
|-singleturn|p2a: Glimmora|move: Protect
|move|p2b: Dugtrio|High Horsepower|p1a: Escavalier
|-activate|p1a: Escavalier|move: Protect
|
|-weather|Snowscape|[upkeep]
|upkeep
|turn|6
|
|t:|1750872334
|move|p2a: Glimmora|Spiky Shield||[still]
|-fail|p2a: Glimmora
|move|p1a: Escavalier|Iron Head|p2a: Glimmora
|-supereffective|p2a: Glimmora
|-damage|p2a: Glimmora|0 fnt
|-activate|p2a: Glimmora|ability: Toxic Debris
|-sidestart|p1: unitz_afm|move: Toxic Spikes
|faint|p2a: Glimmora
|-damage|p1a: Escavalier|77/100|[from] item: Life Orb
|move|p1b: Slowking|Sludge Wave|p2b: Dugtrio|[spread] 
|-immune|p1a: Escavalier
|-immune|p2b: Dugtrio
|move|p2b: Dugtrio|High Horsepower|p1a: Escavalier
|-damage|p1a: Escavalier|28/100
|-damage|p2b: Dugtrio|90/100|[from] item: Life Orb
|
|-weather|Snowscape|[upkeep]
|upkeep
|turn|7
|
|t:|1750872353
|move|p2b: Dugtrio|Protect|p2b: Dugtrio
|-singleturn|p2b: Dugtrio|Protect
|move|p1a: Escavalier|Iron Head|p2b: Dugtrio
|-activate|p2b: Dugtrio|move: Protect
|move|p1b: Slowking|Sludge Wave|p2b: Dugtrio|[spread] 
|-activate|p2b: Dugtrio|move: Protect
|-immune|p1a: Escavalier
|
|-weather|Snowscape|[upkeep]
|-fieldend|move: Trick Room
|upkeep
|turn|8
|
|t:|1750872365
|move|p1a: Escavalier|Protect|p1a: Escavalier
|-singleturn|p1a: Escavalier|Protect
|move|p2b: Dugtrio|High Horsepower|p1b: Slowking
|-supereffective|p1b: Slowking
|-damage|p1b: Slowking|0 fnt
|faint|p1b: Slowking
|-damage|p2b: Dugtrio|80/100|[from] item: Life Orb
|
|-weather|none
|upkeep
|turn|9
|c|☆unitz_afm|ggwp
|
|t:|1750872375
|move|p2b: Dugtrio|High Horsepower|p1a: Escavalier
|-damage|p1a: Escavalier|0 fnt
|faint|p1a: Escavalier
|-damage|p2b: Dugtrio|70/100|[from] item: Life Orb
|
|win|RetroDude42YT
|c|☆RetroDude42YT|ggs wp
