|j|☆XxGennaroBullo
|j|‽Glaceon_1704
|t:|1750843168
|gametype|doubles
|player|p1|XxGennaroBullo|youngster-gen4dp|1179
|player|p2|Glaceon_1704|dawn|1131
|teamsize|p1|6
|teamsize|p2|6
|gen|9
|tier|[Gen 9] VGC 2025 Reg I
|rated|
|rule|Species Clause: Limit one of each Pokémon
|rule|Item Clause: Limit 1 of each item
|clearpoke
|poke|p1|Miraidon, L50|
|poke|p1|Calyrex-Shadow, L50|
|poke|p1|Urshifu-*, L50, F|
|poke|p1|Incineroar, L50, F|
|poke|p1|Whimsicott, L50, F|
|poke|p1|Bastiodon, L50, F|
|poke|p2|Meowscarada, L50, F|
|poke|p2|Murkrow, L50, F|
|poke|p2|Zacian-*, L50|
|poke|p2|Kyogre, L50|
|poke|p2|Incineroar, L50, F|
|poke|p2|Rillaboom, L50, F|
|teampreview|4
|inactive|Battle timer is ON: inactive players will automatically lose when time's up. (requested by Glaceon_1704)
|inactive|XxGennaroBullo also wants the timer to be on.
|inactive|XxGennaroBullo has 60 seconds left.
|
|t:|1750843206
|start
|switch|p1a: Incineroar|Incineroar, L50, F|100/100
|switch|p1b: Whimsicott|Whimsicott, L50, F|100/100
|switch|p2a: Meowscarada|Meowscarada, L50, F|100/100
|switch|p2b: Kyogre|Kyogre, L50|100/100
|-ability|p1a: Incineroar|Intimidate|boost
|-unboost|p2a: Meowscarada|atk|1
|-unboost|p2b: Kyogre|atk|1
|-weather|RainDance|[from] ability: Drizzle|[of] p2b: Kyogre
|turn|1
|
|t:|1750843229
|move|p1a: Incineroar|Fake Out|p2b: Kyogre
|-damage|p2b: Kyogre|90/100
|move|p1b: Whimsicott|Tailwind|p1b: Whimsicott
|-sidestart|p1: XxGennaroBullo|move: Tailwind
|move|p2a: Meowscarada|Triple Axel|p1b: Whimsicott
|-start|p2a: Meowscarada|typechange|Ice|[from] ability: Protean
|-supereffective|p1b: Whimsicott
|-damage|p1b: Whimsicott|83/100
|-supereffective|p1b: Whimsicott
|-damage|p1b: Whimsicott|49/100
|-supereffective|p1b: Whimsicott
|-damage|p1b: Whimsicott|1/100
|-hitcount|p1b: Whimsicott|3
|move|p2b: Kyogre|Water Spout|p1a: Incineroar|[spread] p1a,p1b
|-supereffective|p1a: Incineroar
|-resisted|p1b: Whimsicott
|-crit|p1b: Whimsicott
|-damage|p1a: Incineroar|0 fnt
|-damage|p1b: Whimsicott|0 fnt
|faint|p1a: Incineroar
|faint|p1b: Whimsicott
|
|-weather|RainDance|[upkeep]
|upkeep
|
|t:|1750843243
|switch|p1b: Miraidon|Miraidon, L50|100/100
|switch|p1a: Bastiodon|Bastiodon, L50, F|100/100
|-fieldstart|move: Electric Terrain|[from] ability: Hadron Engine|[of] p1b: Miraidon
|-enditem|p1a: Bastiodon|Electric Seed
|-boost|p1a: Bastiodon|def|1|[from] item: Electric Seed
|turn|2
|
|t:|1750843260
|switch|p2a: Rillaboom|Rillaboom, L50, F, shiny|100/100
|-fieldstart|move: Grassy Terrain|[from] ability: Grassy Surge|[of] p2a: Rillaboom
|-terastallize|p2b: Kyogre|Grass
|move|p1a: Bastiodon|Wide Guard|p1a: Bastiodon
|-singleturn|p1a: Bastiodon|Wide Guard
|move|p1b: Miraidon|Electro Drift|p2a: Rillaboom
|-resisted|p2a: Rillaboom
|-damage|p2a: Rillaboom|66/100
|move|p2b: Kyogre|Water Spout|p1a: Bastiodon|[spread] 
|-activate|p1a: Bastiodon|move: Wide Guard
|-activate|p1b: Miraidon|move: Wide Guard
|
|-weather|RainDance|[upkeep]
|-heal|p2b: Kyogre|96/100|[from] Grassy Terrain
|-heal|p2a: Rillaboom|72/100|[from] Grassy Terrain
|upkeep
|turn|3
|
|t:|1750843284
|-terastallize|p1b: Miraidon|Fairy
|move|p2a: Rillaboom|Fake Out|p1b: Miraidon
|-damage|p1b: Miraidon|89/100
|cant|p1b: Miraidon|flinch
|move|p2b: Kyogre|Hydro Pump|p1a: Bastiodon
|-supereffective|p1a: Bastiodon
|-ability|p1a: Bastiodon|Sturdy
|-damage|p1a: Bastiodon|1/100
|move|p1a: Bastiodon|Fissure|p2a: Rillaboom|[miss]
|-miss|p1a: Bastiodon|p2a: Rillaboom
|
|-weather|RainDance|[upkeep]
|-heal|p1b: Miraidon|95/100|[from] Grassy Terrain
|-heal|p2b: Kyogre|100/100|[from] Grassy Terrain
|-heal|p2a: Rillaboom|78/100|[from] Grassy Terrain
|-heal|p1a: Bastiodon|7/100|[from] Grassy Terrain
|upkeep
|turn|4
|
|t:|1750843307
|move|p2b: Kyogre|Protect|p2b: Kyogre
|-singleturn|p2b: Kyogre|Protect
|move|p1a: Bastiodon|Wide Guard|p1a: Bastiodon
|-singleturn|p1a: Bastiodon|Wide Guard
|move|p1b: Miraidon|Electro Drift|p2b: Kyogre
|-activate|p2b: Kyogre|move: Protect
|move|p2a: Rillaboom|U-turn|p1a: Bastiodon
|-resisted|p1a: Bastiodon
|-damage|p1a: Bastiodon|2/100
|inactive|Glaceon_1704 has 30 seconds left.
|
|t:|1750843336
|switch|p2a: Zacian|Zacian-Crowned, L50|100/100|[from] U-turn
|-ability|p2a: Zacian|Intrepid Sword|boost
|-boost|p2a: Zacian|atk|1
|
|-weather|RainDance|[upkeep]
|-heal|p1b: Miraidon|100/100|[from] Grassy Terrain
|-heal|p1a: Bastiodon|9/100|[from] Grassy Terrain
|-sideend|p1: XxGennaroBullo|move: Tailwind
|upkeep
|turn|5
|
|t:|1750843354
|move|p2a: Zacian|Behemoth Blade|p1b: Miraidon
|-supereffective|p1b: Miraidon
|-damage|p1b: Miraidon|0 fnt
|faint|p1b: Miraidon
|move|p2b: Kyogre|Water Spout|p1a: Bastiodon
|-supereffective|p1a: Bastiodon
|-damage|p1a: Bastiodon|0 fnt
|faint|p1a: Bastiodon
|
|win|Glaceon_1704
|raw|XxGennaroBullo's rating: 1179 &rarr; <strong>1151</strong><br />(-28 for losing)
|raw|Glaceon_1704's rating: 1131 &rarr; <strong>1159</strong><br />(+28 for winning)
|l|☆XxGennaroBullo
|player|p1|
|l|‽Glaceon_1704
|player|p2|
