|j|☆Jameson Murray
|j|☆Op10-5
|t:|1750816452
|gametype|doubles
|player|p1|Jameson Murray|elesa|1547
|player|p2|Op10-5|2|1518
|teamsize|p1|6
|teamsize|p2|6
|gen|9
|tier|[Gen 9] VGC 2025 Reg I
|rated|
|rule|Species Clause: Limit one of each Pokémon
|rule|Item Clause: Limit 1 of each item
|clearpoke
|poke|p1|Groudon, L50|
|poke|p1|Koraidon, L50|
|poke|p1|Flutter Mane, L50|
|poke|p1|Gothitelle, L50, F|
|poke|p1|Incineroar, L50, M|
|poke|p1|Scream Tail, L50|
|poke|p2|Miraidon, L50|
|poke|p2|Lunala, L50|
|poke|p2|Incineroar, L50, M|
|poke|p2|Ursaluna, L50, M|
|poke|p2|Urshifu-*, L50, M|
|poke|p2|Whimsicott, L50, F|
|teampreview|4
|inactive|Battle timer is ON: inactive players will automatically lose when time's up. (requested by Op10-5)
|
|t:|1750816488
|start
|switch|p1a: Koraidon|Koraidon, L50|100/100
|switch|p1b: Incineroar|Incineroar, L50, M|100/100
|switch|p2a: Lunala|Lunala, L50|100/100
|switch|p2b: Incineroar|Incineroar, L50, M|100/100
|-weather|SunnyDay|[from] ability: Orichalcum Pulse|[of] p1a: Koraidon
|-activate|p1a: Koraidon|Orichalcum Pulse|[source]
|-ability|p1b: Incineroar|Intimidate|boost
|-unboost|p2a: Lunala|atk|1
|-unboost|p2b: Incineroar|atk|1
|-ability|p2b: Incineroar|Intimidate|boost
|-unboost|p1a: Koraidon|atk|1
|-unboost|p1b: Incineroar|atk|1
|turn|1
|inactive|Op10-5 has 30 seconds left.
|inactive|Op10-5 has 20 seconds left.
|
|t:|1750816528
|-terastallize|p2a: Lunala|Fairy
|move|p1b: Incineroar|Fake Out|p2b: Incineroar
|-damage|p2b: Incineroar|94/100
|cant|p2b: Incineroar|flinch
|move|p1a: Koraidon|Close Combat|p2b: Incineroar
|-supereffective|p2b: Incineroar
|-damage|p2b: Incineroar|0 fnt
|-unboost|p1a: Koraidon|def|1
|-unboost|p1a: Koraidon|spd|1
|faint|p2b: Incineroar
|-damage|p1a: Koraidon|91/100|[from] item: Life Orb
|move|p2a: Lunala|Trick Room|p2a: Lunala
|-fieldstart|move: Trick Room|[of] p2a: Lunala
|
|-weather|SunnyDay|[upkeep]
|upkeep
|
|t:|1750816542
|switch|p2b: Ursaluna|Ursaluna, L50, M|100/100
|turn|2
|
|t:|1750816551
|move|p1b: Incineroar|Protect|p1b: Incineroar
|-singleturn|p1b: Incineroar|Protect
|move|p1a: Koraidon|Protect|p1a: Koraidon
|-singleturn|p1a: Koraidon|Protect
|move|p2b: Ursaluna|Headlong Rush|p1b: Incineroar
|-activate|p1b: Incineroar|move: Protect
|move|p2a: Lunala|Moonblast|p1a: Koraidon
|-activate|p1a: Koraidon|move: Protect
|
|-weather|SunnyDay|[upkeep]
|-status|p2b: Ursaluna|brn|[from] item: Flame Orb
|upkeep
|turn|3
|
|t:|1750816565
|switch|p1a: Scream Tail|Scream Tail, L50|100/100
|-activate|p1a: Scream Tail|ability: Protosynthesis
|-start|p1a: Scream Tail|protosynthesisspe
|-terastallize|p1b: Incineroar|Water
|move|p2a: Lunala|Wide Guard|p2a: Lunala
|-singleturn|p2a: Lunala|Wide Guard
|move|p2b: Ursaluna|Earthquake|p1a: Scream Tail|[spread] p1a,p1b
|-activate|p2a: Lunala|move: Wide Guard
|-damage|p1a: Scream Tail|52/100
|-damage|p1b: Incineroar|44/100
|move|p1b: Incineroar|Parting Shot|p2b: Ursaluna
|-unboost|p2b: Ursaluna|atk|1
|-unboost|p2b: Ursaluna|spa|1
|
|t:|1750816582
|switch|p1b: Koraidon|Koraidon, L50|91/100|[from] Parting Shot
|-activate|p1b: Koraidon|ability: Orichalcum Pulse
|
|-weather|SunnyDay|[upkeep]
|-damage|p2b: Ursaluna|94/100 brn|[from] brn
|upkeep
|turn|4
|
|t:|1750816604
|switch|p1b: Incineroar|Incineroar, L50, M, tera:Water|44/100
|-ability|p1b: Incineroar|Intimidate|boost
|-unboost|p2a: Lunala|atk|1
|-unboost|p2b: Ursaluna|atk|1
|move|p1a: Scream Tail|Protect|p1a: Scream Tail
|-singleturn|p1a: Scream Tail|Protect
|move|p2b: Ursaluna|Facade|p1a: Scream Tail
|-activate|p1a: Scream Tail|move: Protect
|move|p2a: Lunala|Moonblast|p1b: Incineroar
|-damage|p1b: Incineroar|0 fnt
|faint|p1b: Incineroar
|
|-weather|SunnyDay|[upkeep]
|-damage|p2b: Ursaluna|88/100 brn|[from] brn
|upkeep
|
|t:|1750816621
|switch|p1b: Koraidon|Koraidon, L50|91/100
|-activate|p1b: Koraidon|ability: Orichalcum Pulse
|turn|5
|
|t:|1750816634
|switch|p2b: Miraidon|Miraidon, L50|100/100
|-fieldstart|move: Electric Terrain|[from] ability: Hadron Engine|[of] p2b: Miraidon
|-enditem|p2a: Lunala|Electric Seed
|-boost|p2a: Lunala|def|1|[from] item: Electric Seed
|-end|p1a: Scream Tail|Protosynthesis|[silent]
|switch|p1a: Groudon|Groudon, L50|100/100
|move|p1b: Koraidon|Protect|p1b: Koraidon
|-singleturn|p1b: Koraidon|Protect
|move|p2a: Lunala|Moongeist Beam|p1a: Groudon
|-damage|p1a: Groudon|42/100
|
|-weather|none
|-fieldend|move: Trick Room
|upkeep
|turn|6
|inactive|Op10-5 has 30 seconds left.
|
|t:|1750816661
|switch|p1a: Scream Tail|Scream Tail, L50|52/100
|-enditem|p1a: Scream Tail|Booster Energy
|-activate|p1a: Scream Tail|ability: Protosynthesis|[fromitem]
|-start|p1a: Scream Tail|protosynthesisspe
|move|p1b: Koraidon|Close Combat|p2b: Miraidon
|-crit|p2b: Miraidon
|-damage|p2b: Miraidon|0 fnt
|-unboost|p1b: Koraidon|def|1
|-unboost|p1b: Koraidon|spd|1
|faint|p2b: Miraidon
|-damage|p1b: Koraidon|81/100|[from] item: Life Orb
|move|p2a: Lunala|Trick Room|p2a: Lunala
|-fieldstart|move: Trick Room|[of] p2a: Lunala
|
|upkeep
|
|t:|1750816674
|switch|p2b: Ursaluna|Ursaluna, L50, M|88/100 brn
|turn|7
|
|t:|1750816690
|switch|p1b: Groudon|Groudon, L50|42/100
|-weather|SunnyDay|[from] ability: Drought|[of] p1b: Groudon
|move|p2b: Ursaluna|Facade|p1a: Scream Tail
|-damage|p1a: Scream Tail|0 fnt
|faint|p1a: Scream Tail
|-end|p1a: Scream Tail|Protosynthesis|[silent]
|move|p2a: Lunala|Moonblast|p1b: Groudon
|-damage|p1b: Groudon|0 fnt
|faint|p1b: Groudon
|
|-weather|SunnyDay|[upkeep]
|-damage|p2b: Ursaluna|82/100 brn|[from] brn
|upkeep
|
|t:|1750816697
|switch|p1b: Koraidon|Koraidon, L50|81/100
|-activate|p1b: Koraidon|ability: Orichalcum Pulse
|turn|8
|l|☆Jameson Murray
|inactive|Jameson Murray disconnected and has a minute to reconnect!
|player|p1|
|
|t:|1750816709
|move|p2b: Ursaluna|Facade|p1b: Koraidon
|-damage|p1b: Koraidon|0 fnt
|faint|p1b: Koraidon
|
|win|Op10-5
|raw|Jameson Murray's rating: 1522 &rarr; <strong>1502</strong><br />(-20 for losing)
|raw|Op10-5's rating: 1518 &rarr; <strong>1538</strong><br />(+20 for winning)
|l|☆Op10-5
|player|p2|
