|j|☆whats a j*b
|j|☆sandbeetle
|t:|1750850041
|gametype|doubles
|player|p1|whats a j*b|iris-gen5bw2|1170
|player|p2|sandbeetle|colress|1154
|teamsize|p1|6
|teamsize|p2|6
|gen|9
|tier|[Gen 9] VGC 2025 Reg I
|rated|
|rule|Species Clause: Limit one of each Pokémon
|rule|Item Clause: Limit 1 of each item
|clearpoke
|poke|p1|Urshifu-*, L50, F|
|poke|p1|Ogerpon-Hearthflame, L50, F|
|poke|p1|Tornadus, L50, M|
|poke|p1|Calyrex-Shadow, L50|
|poke|p1|Zamazenta-*, L50|
|poke|p1|Indeedee-F, L50, F|
|poke|p2|Miraidon, L50|
|poke|p2|Amoonguss, L50, F|
|poke|p2|Tornadus, L50, M|
|poke|p2|Pawmot, L50, M|
|poke|p2|Iron Thorns, L50|
|poke|p2|Kyogre, L50|
|teampreview|4
|inactive|Battle timer is ON: inactive players will automatically lose when time's up. (requested by whats a j*b)
whats a j*b has agreed to open team sheets.
sandbeetle rejected open team sheets.
|inactive|sandbeetle has 60 seconds left.
|
|t:|1750850078
|start
|switch|p1a: Calyrex|Calyrex-Shadow, L50|100/100
|switch|p1b: Tornadus|Tornadus, L50, M|100/100
|switch|p2a: Miraidon|Miraidon, L50|100/100
|switch|p2b: Kyogre|Kyogre, L50|100/100
|-ability|p1a: Calyrex|As One
|-ability|p1a: Calyrex|Unnerve
|-fieldstart|move: Electric Terrain|[from] ability: Hadron Engine|[of] p2a: Miraidon
|-weather|RainDance|[from] ability: Drizzle|[of] p2b: Kyogre
|turn|1
|inactive|sandbeetle has 30 seconds left.
|
|t:|1750850104
|-terastallize|p2a: Miraidon|Electric
|move|p1a: Calyrex|Protect|p1a: Calyrex
|-singleturn|p1a: Calyrex|Protect
|move|p2b: Kyogre|Protect|p2b: Kyogre
|-singleturn|p2b: Kyogre|Protect
|move|p1b: Tornadus|Tailwind|p1b: Tornadus
|-sidestart|p1: whats a j*b|move: Tailwind
|move|p2a: Miraidon|Electro Drift|p1a: Calyrex
|-activate|p1a: Calyrex|move: Protect
|
|-weather|RainDance|[upkeep]
|upkeep
|turn|2
|inactive|whats a j*b has 30 seconds left.
|
|t:|1750850138
|switch|p1b: Indeedee|Indeedee-F, L50, F|100/100
|-fieldstart|move: Psychic Terrain|[from] ability: Psychic Surge|[of] p1b: Indeedee
|switch|p2b: Iron Thorns|Iron Thorns, L50|100/100
|-enditem|p2b: Iron Thorns|Booster Energy
|-activate|p2b: Iron Thorns|ability: Quark Drive|[fromitem]
|-start|p2b: Iron Thorns|quarkdriveatk
|move|p1a: Calyrex|Expanding Force|p2b: Iron Thorns|[spread] p2a,p2b
|-damage|p2a: Miraidon|35/100
|-damage|p2b: Iron Thorns|29/100
|move|p2a: Miraidon|Electro Drift|p1a: Calyrex
|-damage|p1a: Calyrex|37/100
|
|-weather|RainDance|[upkeep]
|upkeep
|turn|3
|inactive|whats a j*b has 30 seconds left.
|
|t:|1750850167
|move|p2b: Iron Thorns|Protect|p2b: Iron Thorns
|-singleturn|p2b: Iron Thorns|Protect
|move|p1b: Indeedee|Follow Me|p1b: Indeedee
|-singleturn|p1b: Indeedee|move: Follow Me
|move|p1a: Calyrex|Expanding Force|p2a: Miraidon|[spread] p2a
|-activate|p2b: Iron Thorns|move: Protect
|-damage|p2a: Miraidon|0 fnt
|faint|p2a: Miraidon
|-ability|p1a: Calyrex|Grim Neigh|boost
|-boost|p1a: Calyrex|spa|1
|
|-weather|RainDance|[upkeep]
|upkeep
|
|t:|1750850177
|switch|p2a: Tornadus|Tornadus, L50, M|100/100
|turn|4
|
|t:|1750850186
|move|p1b: Indeedee|Follow Me|p1b: Indeedee
|-singleturn|p1b: Indeedee|move: Follow Me
|move|p2a: Tornadus|Tailwind|p2a: Tornadus
|-sidestart|p2: sandbeetle|move: Tailwind
|move|p1a: Calyrex|Expanding Force|p2a: Tornadus|[spread] p2a,p2b
|-damage|p2a: Tornadus|0 fnt
|-damage|p2b: Iron Thorns|0 fnt
|faint|p2a: Tornadus
|faint|p2b: Iron Thorns
|-end|p2b: Iron Thorns|Quark Drive|[silent]
|-ability|p1a: Calyrex|Grim Neigh|boost
|-boost|p1a: Calyrex|spa|2
|
|-weather|RainDance|[upkeep]
|-sideend|p1: whats a j*b|move: Tailwind
|upkeep
|
|t:|1750850201
|switch|p2b: Kyogre|Kyogre, L50|100/100
|turn|5
|
|t:|1750850214
|move|p1a: Calyrex|Protect|p1a: Calyrex
|-singleturn|p1a: Calyrex|Protect
|move|p1b: Indeedee|Follow Me|p1b: Indeedee
|-singleturn|p1b: Indeedee|move: Follow Me
|move|p2b: Kyogre|Origin Pulse|p1b: Indeedee|[spread] p1b
|-activate|p1a: Calyrex|move: Protect
|-damage|p1b: Indeedee|24/100
|
|-weather|none
|upkeep
|turn|6
|inactive|whats a j*b has 30 seconds left.
|inactive|whats a j*b has 20 seconds left.
|inactive|whats a j*b has 15 seconds left.
|inactive|whats a j*b has 10 seconds left.
|inactive|whats a j*b has 5 seconds left.
|
|t:|1750850267
|switch|p1a: Zamazenta|Zamazenta-Crowned, L50|100/100
|-ability|p1a: Zamazenta|Dauntless Shield|boost
|-boost|p1a: Zamazenta|def|1
|move|p2b: Kyogre|Origin Pulse|p1b: Indeedee|[spread] p1a
|-miss|p2b: Kyogre|p1b: Indeedee
|-damage|p1a: Zamazenta|64/100
|move|p1b: Indeedee|Psychic|p2b: Kyogre
|-damage|p2b: Kyogre|74/100
|
|-heal|p2b: Kyogre|80/100|[from] item: Leftovers
|-fieldend|move: Psychic Terrain
|upkeep
|turn|7
|
|t:|1750850283
|move|p1a: Zamazenta|Protect|p1a: Zamazenta
|-singleturn|p1a: Zamazenta|Protect
|move|p2b: Kyogre|Origin Pulse|p1b: Indeedee|[spread] 
|-activate|p1a: Zamazenta|move: Protect
|-miss|p2b: Kyogre|p1b: Indeedee
|move|p1b: Indeedee|Psychic|p2b: Kyogre
|-damage|p2b: Kyogre|59/100
|
|-heal|p2b: Kyogre|65/100|[from] item: Leftovers
|-sideend|p2: sandbeetle|move: Tailwind
|upkeep
|turn|8
|inactive|whats a j*b has 30 seconds left.
|
|t:|1750850309
|-terastallize|p1a: Zamazenta|Dragon
|move|p1a: Zamazenta|Body Press|p2b: Kyogre
|-damage|p2b: Kyogre|0 fnt
|faint|p2b: Kyogre
|
|win|whats a j*b
|raw|whats a j*b's rating: 1170 &rarr; <strong>1194</strong><br />(+24 for winning)
|raw|sandbeetle's rating: 1154 &rarr; <strong>1130</strong><br />(-24 for losing)
|l|☆sandbeetle
|player|p2|
|l|☆whats a j*b
|player|p1|
