|j|☆jd8erh
|j|☆Ducktilesomid
|t:|1750853094
|gametype|doubles
|player|p1|jd8erh|170|1664
|player|p2|Ducktilesomid|silver-masters|1758
|teamsize|p1|6
|teamsize|p2|6
|gen|9
|tier|[Gen 9] VGC 2025 Reg I
|rated|
|rule|Species Clause: Limit one of each Pokémon
|rule|Item Clause: Limit 1 of each item
|clearpoke
|poke|p1|Miraidon, L50|
|poke|p1|Grimmsnarl, L50, M|
|poke|p1|Calyrex-Ice, L50|
|poke|p1|Incineroar, L50, M|
|poke|p1|Volcarona, L50, F|
|poke|p1|Urshifu-*, L50, F|
|poke|p2|Zamazenta-*, L50|
|poke|p2|Kyogre, L50|
|poke|p2|Chien-Pao, L50|
|poke|p2|Roaring Moon, L50|
|poke|p2|Rillaboom, L50, M|
|poke|p2|Urshifu-*, L50, F|
|teampreview|4
jd8erh has agreed to open team sheets.
|c|☆jd8erh|Glhf
|
|t:|1750853121
|start
|switch|p1a: Incineroar|Incineroar, L50, M|100/100
|switch|p1b: Grimmsnarl|Grimmsnarl, L50, M|100/100
|switch|p2a: cattile|Chien-Pao, L50|100/100
|switch|p2b: Dogtile|Zamazenta-Crowned, L50|100/100
|-ability|p2a: cattile|Sword of Ruin
|-ability|p2b: Dogtile|Dauntless Shield|boost
|-boost|p2b: Dogtile|def|1
|-ability|p1a: Incineroar|Intimidate|boost
|-unboost|p2a: cattile|atk|1
|-unboost|p2b: Dogtile|atk|1
|turn|1
|
|t:|1750853131
|move|p1a: Incineroar|Fake Out|p2b: Dogtile
|-resisted|p2b: Dogtile
|-damage|p2b: Dogtile|98/100
|move|p1b: Grimmsnarl|Reflect|p1b: Grimmsnarl
|-sidestart|p1: jd8erh|Reflect
|move|p2a: cattile|Ruination|p1b: Grimmsnarl
|-damage|p1b: Grimmsnarl|50/100
|cant|p2b: Dogtile|flinch
|
|upkeep
|turn|2
|
|t:|1750853144
|-terastallize|p1a: Incineroar|Grass
|move|p2a: cattile|Ruination|p1a: Incineroar
|-damage|p1a: Incineroar|50/100
|move|p2b: Dogtile|Heavy Slam|p1b: Grimmsnarl
|-supereffective|p1b: Grimmsnarl
|-damage|p1b: Grimmsnarl|0 fnt
|faint|p1b: Grimmsnarl
|move|p1a: Incineroar|U-turn|p2a: cattile
|-supereffective|p2a: cattile
|-damage|p2a: cattile|51/100
|
|t:|1750853156
|switch|p1a: Miraidon|Miraidon, L50|100/100|[from] U-turn
|-fieldstart|move: Electric Terrain|[from] ability: Hadron Engine|[of] p1a: Miraidon
|
|upkeep
|
|t:|1750853157
|switch|p1b: Incineroar|Incineroar, L50, M, tera:Grass|50/100
|-ability|p1b: Incineroar|Intimidate|boost
|-unboost|p2a: cattile|atk|1
|-unboost|p2b: Dogtile|atk|1
|turn|3
|
|t:|1750853175
|switch|p2a: duckhair|Rillaboom, L50, M|100/100
|-fieldstart|move: Grassy Terrain|[from] ability: Grassy Surge|[of] p2a: duckhair
|move|p2b: Dogtile|Protect|p2b: Dogtile
|-singleturn|p2b: Dogtile|Protect
|move|p1b: Incineroar|Fake Out|p2a: duckhair
|-damage|p2a: duckhair|91/100
|move|p1a: Miraidon|Volt Switch|p2a: duckhair
|-resisted|p2a: duckhair
|-damage|p2a: duckhair|70/100
|
|t:|1750853181
|switch|p1a: Calyrex|Calyrex-Ice, L50|100/100|[from] Volt Switch
|-ability|p1a: Calyrex|As One
|-ability|p1a: Calyrex|Unnerve
|
|-heal|p2b: Dogtile|100/100|[from] Grassy Terrain
|-heal|p2a: duckhair|76/100|[from] Grassy Terrain
|-heal|p1b: Incineroar|56/100|[from] Grassy Terrain
|upkeep
|turn|4
|
|t:|1750853227
|switch|p1b: Miraidon|Miraidon, L50|100/100
|-fieldstart|move: Electric Terrain|[from] ability: Hadron Engine|[of] p1b: Miraidon
|move|p2b: Dogtile|Body Press|p1b: Miraidon
|-damage|p1b: Miraidon|62/100
|move|p2a: duckhair|U-turn|p1b: Miraidon
|-damage|p1b: Miraidon|49/100
|
|t:|1750853229
|switch|p2a: Duckwhale|Kyogre, L50|100/100|[from] U-turn
|-weather|RainDance|[from] ability: Drizzle|[of] p2a: Duckwhale
|move|p1a: Calyrex|Leech Seed|p2b: Dogtile
|-start|p2b: Dogtile|move: Leech Seed
|
|-weather|RainDance|[upkeep]
|-damage|p2b: Dogtile|88/100|[from] Leech Seed|[of] p1a: Calyrex
|upkeep
|turn|5
|
|t:|1750853243
|move|p2a: Duckwhale|Protect|p2a: Duckwhale
|-singleturn|p2a: Duckwhale|Protect
|move|p2b: Dogtile|Body Press|p1b: Miraidon
|-damage|p1b: Miraidon|13/100
|move|p1b: Miraidon|Electro Drift|p2a: Duckwhale
|-activate|p2a: Duckwhale|move: Protect
|move|p1a: Calyrex|Trick Room|p1a: Calyrex
|-fieldstart|move: Trick Room|[of] p1a: Calyrex
|
|-weather|RainDance|[upkeep]
|-damage|p2b: Dogtile|76/100|[from] Leech Seed|[of] p1a: Calyrex
|upkeep
|turn|6
|
|t:|1750853252
|move|p1a: Calyrex|Leech Seed|p2a: Duckwhale
|-start|p2a: Duckwhale|move: Leech Seed
|move|p2a: Duckwhale|Water Spout|p1a: Calyrex|[spread] p1a,p1b
|-resisted|p1b: Miraidon
|-damage|p1a: Calyrex|43/100
|-damage|p1b: Miraidon|0 fnt
|faint|p1b: Miraidon
|move|p2b: Dogtile|Body Press|p1a: Calyrex
|-damage|p1a: Calyrex|14/100
|
|-weather|RainDance|[upkeep]
|-heal|p1a: Calyrex|20/100|[from] item: Leftovers
|-damage|p2a: Duckwhale|88/100|[from] Leech Seed|[of] p1a: Calyrex
|-heal|p1a: Calyrex|32/100|[silent]
|-damage|p2b: Dogtile|64/100|[from] Leech Seed|[of] p1a: Calyrex
|-heal|p1a: Calyrex|43/100|[silent]
|upkeep
|
|t:|1750853257
|switch|p1b: Incineroar|Incineroar, L50, M, tera:Grass|56/100
|-ability|p1b: Incineroar|Intimidate|boost
|-unboost|p2a: Duckwhale|atk|1
|-unboost|p2b: Dogtile|atk|1
|turn|7
|
|t:|1750853265
|move|p1b: Incineroar|Fake Out|p2a: Duckwhale
|-damage|p2a: Duckwhale|78/100
|move|p1a: Calyrex|Glacial Lance|p2a: Duckwhale|[spread] p2a,p2b
|-resisted|p2a: Duckwhale
|-resisted|p2b: Dogtile
|-damage|p2a: Duckwhale|53/100
|-damage|p2b: Dogtile|53/100
|move|p2a: Duckwhale|Water Spout|p1b: Incineroar|[spread] p1a,p1b
|-resisted|p1b: Incineroar
|-damage|p1a: Calyrex|12/100
|-damage|p1b: Incineroar|43/100
|move|p2b: Dogtile|Body Press|p1a: Calyrex
|-damage|p1a: Calyrex|0 fnt
|faint|p1a: Calyrex
|
|-weather|RainDance|[upkeep]
|upkeep
|turn|8
|-message|jd8erh forfeited.
|
|win|Ducktilesomid
|raw|jd8erh's rating: 1664 &rarr; <strong>1651</strong><br />(-13 for losing)
|raw|Ducktilesomid's rating: 1793 &rarr; <strong>1806</strong><br />(+13 for winning)
|l|☆Ducktilesomid
|player|p2|
|l|☆jd8erh
|player|p1|
