|j|☆cute cryptid
|j|☆johnkharkiv
|t:|1750723890
|gametype|doubles
|player|p1|cute cryptid|266|1308
|player|p2|johnkharkiv|swimmerf-gen4dp|1440
|teamsize|p1|6
|teamsize|p2|6
|gen|9
|tier|[Gen 9] VGC 2025 Reg I
|rated|
|rule|Species Clause: Limit one of each Pokémon
|rule|Item Clause: Limit 1 of each item
|clearpoke
|poke|p1|Kyogre, L50|
|poke|p1|Calyrex-Ice, L50|
|poke|p1|Rillaboom, L50, M|
|poke|p1|Flutter Mane, L50|
|poke|p1|Umbreon, L50, F|
|poke|p1|Amoonguss, L50, F|
|poke|p2|Calyrex-Ice, L50|
|poke|p2|Miraidon, L50|
|poke|p2|Torkoal, L50, F|
|poke|p2|Whimsicott, L50, F|
|poke|p2|Farigiraf, L50, M|
|poke|p2|Passimian, L50, F|
|teampreview|4
|
|t:|1750723910
|start
|switch|p1a: Kyogre|Kyogre, L50|100/100
|switch|p1b: Rillaboom|Rillaboom, L50, M|100/100
|switch|p2a: Miraidon|Miraidon, L50|100/100
|switch|p2b: Farigiraf|Farigiraf, L50, M|100/100
|-fieldstart|move: Electric Terrain|[from] ability: Hadron Engine|[of] p2a: Miraidon
|-weather|RainDance|[from] ability: Drizzle|[of] p1a: Kyogre
|-fieldstart|move: Grassy Terrain|[from] ability: Grassy Surge|[of] p1b: Rillaboom
|turn|1
|l|☆johnkharkiv
|player|p2|
|inactive|Battle timer is ON: inactive players will automatically lose when time's up. (requested by cute cryptid)
|j|☆johnkharkiv
|inactive|johnkharkiv reconnected and has 90 seconds left.
|player|p2|johnkharkiv|swimmerf-gen4dp|
|
|t:|1750723965
|-terastallize|p1a: Kyogre|Grass
|move|p2a: Miraidon|Volt Switch|p1a: Kyogre
|-resisted|p1a: Kyogre
|-damage|p1a: Kyogre|87/100
|
|t:|1750723971
|switch|p2a: Torkoal|Torkoal, L50, F|100/100|[from] Volt Switch
|-weather|SunnyDay|[from] ability: Drought|[of] p2a: Torkoal
|move|p1a: Kyogre|Water Spout|p2b: Farigiraf|[spread] p2a,p2b
|-supereffective|p2a: Torkoal
|-damage|p2a: Torkoal|0 fnt
|-damage|p2b: Farigiraf|72/100
|faint|p2a: Torkoal
|move|p1b: Rillaboom|Wood Hammer|p2b: Farigiraf
|-damage|p2b: Farigiraf|0 fnt
|-damage|p1b: Rillaboom|84/100|[from] item: Rocky Helmet|[of] p2b: Farigiraf
|faint|p2b: Farigiraf
|-damage|p1b: Rillaboom|61/100|[from] Recoil
|
|-weather|SunnyDay|[upkeep]
|-heal|p1a: Kyogre|93/100|[from] Grassy Terrain
|-heal|p1b: Rillaboom|67/100|[from] Grassy Terrain
|upkeep
|
|t:|1750723983
|switch|p2b: Miraidon|Miraidon, L50|100/100
|switch|p2a: Calyrex|Calyrex-Ice, L50|100/100
|-ability|p2a: Calyrex|As One
|-ability|p2a: Calyrex|Unnerve
|-fieldstart|move: Electric Terrain|[from] ability: Hadron Engine|[of] p2b: Miraidon
|turn|2
|
|t:|1750724002
|switch|p1b: Umbreon|Umbreon, L50, F|100/100
|move|p1a: Kyogre|Protect|p1a: Kyogre
|-singleturn|p1a: Kyogre|Protect
|move|p2b: Miraidon|Draco Meteor|p1a: Kyogre
|-activate|p1a: Kyogre|move: Protect
|move|p2a: Calyrex|Glacial Lance|p1a: Kyogre|[spread] p1b
|-activate|p1a: Kyogre|move: Protect
|-damage|p1b: Umbreon|66/100
|
|-weather|SunnyDay|[upkeep]
|upkeep
|turn|3
|inactive|cute cryptid has 30 seconds left.
|inactive|johnkharkiv has 30 seconds left.
|
|t:|1750724029
|switch|p1a: Rillaboom|Rillaboom, L50, M|67/100
|-fieldstart|move: Grassy Terrain|[from] ability: Grassy Surge|[of] p1a: Rillaboom
|-terastallize|p2a: Calyrex|Ground
|move|p2b: Miraidon|Discharge|p1b: Umbreon|[spread] p1a,p1b
|-immune|p2a: Calyrex
|-resisted|p1a: Rillaboom
|-damage|p1a: Rillaboom|54/100
|-damage|p1b: Umbreon|49/100
|-status|p1a: Rillaboom|par
|move|p1b: Umbreon|Snarl|p2b: Miraidon|[spread] p2a,p2b
|-damage|p2a: Calyrex|95/100
|-damage|p2b: Miraidon|90/100
|-unboost|p2b: Miraidon|spa|1
|-enditem|p2b: Miraidon|White Herb
|-clearnegativeboost|p2b: Miraidon|[silent]
|move|p2a: Calyrex|Glacial Lance|p1b: Umbreon|[spread] p1a,p1b
|-supereffective|p1a: Rillaboom
|-damage|p1a: Rillaboom|0 fnt
|-damage|p1b: Umbreon|11/100
|faint|p1a: Rillaboom
|-ability|p2a: Calyrex|Chilling Neigh|boost
|-boost|p2a: Calyrex|atk|1
|
|-weather|SunnyDay|[upkeep]
|-heal|p2b: Miraidon|97/100|[from] Grassy Terrain
|-heal|p1b: Umbreon|17/100|[from] Grassy Terrain
|-heal|p2a: Calyrex|100/100|[from] Grassy Terrain
|upkeep
|
|t:|1750724052
|switch|p1a: Kyogre|Kyogre, L50, tera:Grass|93/100
|-weather|RainDance|[from] ability: Drizzle|[of] p1a: Kyogre
|turn|4
|
|t:|1750724068
|move|p2b: Miraidon|Draco Meteor|p1a: Kyogre
|-damage|p1a: Kyogre|45/100
|-unboost|p2b: Miraidon|spa|2
|move|p1a: Kyogre|Water Spout|p2a: Calyrex|[spread] p2a,p2b
|-supereffective|p2a: Calyrex
|-resisted|p2b: Miraidon
|-damage|p2a: Calyrex|32/100
|-damage|p2b: Miraidon|73/100
|move|p1b: Umbreon|Foul Play|p2a: Calyrex
|-damage|p2a: Calyrex|0 fnt
|-enditem|p1b: Umbreon|Sitrus Berry|[eat]
|-heal|p1b: Umbreon|42/100|[from] item: Sitrus Berry
|faint|p2a: Calyrex
|
|-weather|RainDance|[upkeep]
|-heal|p2b: Miraidon|79/100|[from] Grassy Terrain
|-heal|p1a: Kyogre|51/100|[from] Grassy Terrain
|-heal|p1b: Umbreon|48/100|[from] Grassy Terrain
|upkeep
|turn|5
|
|t:|1750724087
|move|p2b: Miraidon|Discharge|p1a: Kyogre|[spread] p1a,p1b
|-resisted|p1a: Kyogre
|-damage|p1a: Kyogre|46/100
|-damage|p1b: Umbreon|38/100
|move|p1a: Kyogre|Hydro Pump|p2b: Miraidon|[miss]
|-miss|p1a: Kyogre|p2b: Miraidon
|move|p1b: Umbreon|Snarl|p2b: Miraidon
|-damage|p2b: Miraidon|68/100
|-unboost|p2b: Miraidon|spa|1
|
|-weather|RainDance|[upkeep]
|-heal|p2b: Miraidon|74/100|[from] Grassy Terrain
|-heal|p1a: Kyogre|52/100|[from] Grassy Terrain
|-heal|p1b: Umbreon|44/100|[from] Grassy Terrain
|upkeep
|turn|6
|
|t:|1750724101
|move|p2b: Miraidon|Protect|p2b: Miraidon
|-singleturn|p2b: Miraidon|Protect
|move|p1a: Kyogre|Hydro Pump|p2b: Miraidon
|-activate|p2b: Miraidon|move: Protect
|move|p1b: Umbreon|Snarl|p2b: Miraidon
|-activate|p2b: Miraidon|move: Protect
|
|-weather|RainDance|[upkeep]
|-heal|p2b: Miraidon|80/100|[from] Grassy Terrain
|-heal|p1a: Kyogre|58/100|[from] Grassy Terrain
|-heal|p1b: Umbreon|50/100|[from] Grassy Terrain
|upkeep
|turn|7
|
|t:|1750724112
|move|p2b: Miraidon|Discharge|p1b: Umbreon|[spread] p1a,p1b
|-resisted|p1a: Kyogre
|-damage|p1a: Kyogre|54/100
|-damage|p1b: Umbreon|42/100
|-status|p1b: Umbreon|par
|move|p1a: Kyogre|Hydro Pump|p2b: Miraidon
|-resisted|p2b: Miraidon
|-damage|p2b: Miraidon|22/100
|move|p1b: Umbreon|Snarl|p2b: Miraidon|[miss]
|-miss|p1b: Umbreon|p2b: Miraidon
|
|-weather|RainDance|[upkeep]
|-heal|p2b: Miraidon|28/100|[from] Grassy Terrain
|-heal|p1a: Kyogre|59/100|[from] Grassy Terrain
|-heal|p1b: Umbreon|48/100 par|[from] Grassy Terrain
|-fieldend|move: Grassy Terrain
|upkeep
|turn|8
|
|t:|1750724131
|move|p2b: Miraidon|Discharge|p1b: Umbreon|[spread] p1a,p1b
|-resisted|p1a: Kyogre
|-damage|p1a: Kyogre|55/100
|-damage|p1b: Umbreon|39/100 par
|move|p1a: Kyogre|Origin Pulse|p2b: Miraidon
|-resisted|p2b: Miraidon
|-damage|p2b: Miraidon|0 fnt
|faint|p2b: Miraidon
|
|win|cute cryptid
|raw|cute cryptid's rating: 1308 &rarr; <strong>1335</strong><br />(+27 for winning)
|raw|johnkharkiv's rating: 1440 &rarr; <strong>1413</strong><br />(-27 for losing)
|l|☆cute cryptid
|player|p1|
|l|☆johnkharkiv
|player|p2|
