|j|‽Nerrgal
|j|☆newgoods
|t:|1750867831
|gametype|doubles
|player|p1|Nerrgal|cynthia-gen4|1330
|player|p2|newgoods|102|1390
|teamsize|p1|6
|teamsize|p2|6
|gen|9
|tier|[Gen 9] VGC 2025 Reg I
|rated|
|rule|Species Clause: Limit one of each Pokémon
|rule|Item Clause: Limit 1 of each item
|clearpoke
|poke|p1|Lunala, L50|
|poke|p1|Miraidon, L50|
|poke|p1|Grimmsnarl, L50, M|
|poke|p1|Incineroar, L50, M|
|poke|p1|Volcarona, L50, M|
|poke|p1|Urshifu-*, L50, M|
|poke|p2|Calyrex-Ice, L50|
|poke|p2|Porygon2, L50|
|poke|p2|Terapagos, L50, M|
|poke|p2|Amoonguss, L50, M|
|poke|p2|Incineroar, L50, M|
|poke|p2|Ogerpon-Cornerstone, L50, F|
|teampreview|4
|inactive|Battle timer is ON: inactive players will automatically lose when time's up. (requested by newgoods)
|
|t:|1750867854
|start
|switch|p1a: Volcarona|Volcarona, L50, M|100/100
|switch|p1b: Miraidon|Miraidon, L50|100/100
|switch|p2a: Seedy Eyes|Calyrex-Ice, L50|100/100
|switch|p2b: Dire Claw at Home|Porygon2, L50|100/100
|-ability|p2a: Seedy Eyes|As One
|-ability|p2a: Seedy Eyes|Unnerve
|-fieldstart|move: Electric Terrain|[from] ability: Hadron Engine|[of] p1b: Miraidon
|-ability|p2b: Dire Claw at Home|Download|boost
|-boost|p2b: Dire Claw at Home|atk|1
|turn|1
|
|t:|1750867877
|move|p2a: Seedy Eyes|Protect|p2a: Seedy Eyes
|-singleturn|p2a: Seedy Eyes|Protect
|move|p1b: Miraidon|Volt Switch|p2a: Seedy Eyes
|-activate|p2a: Seedy Eyes|move: Protect
|move|p1a: Volcarona|Quiver Dance|p1a: Volcarona
|-boost|p1a: Volcarona|spa|1
|-boost|p1a: Volcarona|spd|1
|-boost|p1a: Volcarona|spe|1
|move|p2b: Dire Claw at Home|Trick Room|p2b: Dire Claw at Home
|-fieldstart|move: Trick Room|[of] p2b: Dire Claw at Home
|
|upkeep
|turn|2
|
|t:|1750867894
|switch|p1b: Incineroar|Incineroar, L50, M|100/100
|-ability|p1b: Incineroar|Intimidate|boost
|-fail|p2a: Seedy Eyes|unboost|[from] item: Clear Amulet|[of] p2a: Seedy Eyes
|-unboost|p2b: Dire Claw at Home|atk|1
|move|p2a: Seedy Eyes|Glacial Lance|p1b: Incineroar|[spread] p1a,p1b
|-resisted|p1a: Volcarona
|-resisted|p1b: Incineroar
|-damage|p1a: Volcarona|74/100
|-damage|p1b: Incineroar|81/100
|move|p2b: Dire Claw at Home|Tri Attack|p1a: Volcarona
|-damage|p1a: Volcarona|56/100
|move|p1a: Volcarona|Fiery Dance|p2a: Seedy Eyes
|-supereffective|p2a: Seedy Eyes
|-damage|p2a: Seedy Eyes|19/100
|-boost|p1a: Volcarona|spa|1
|
|upkeep
|turn|3
|
|t:|1750867915
|-terastallize|p2a: Seedy Eyes|Fire
|move|p1b: Incineroar|Fake Out|p2b: Dire Claw at Home
|-damage|p2b: Dire Claw at Home|95/100
|move|p2a: Seedy Eyes|Glacial Lance|p1b: Incineroar|[spread] p1a,p1b
|-resisted|p1a: Volcarona
|-resisted|p1b: Incineroar
|-damage|p1a: Volcarona|26/100
|-damage|p1b: Incineroar|62/100
|cant|p2b: Dire Claw at Home|flinch
|move|p1a: Volcarona|Quiver Dance|p1a: Volcarona
|-boost|p1a: Volcarona|spa|1
|-boost|p1a: Volcarona|spd|1
|-boost|p1a: Volcarona|spe|1
|
|upkeep
|turn|4
|
|t:|1750867934
|move|p1a: Volcarona|Protect|p1a: Volcarona
|-singleturn|p1a: Volcarona|Protect
|move|p2a: Seedy Eyes|Glacial Lance|p1b: Incineroar|[spread] p1b
|-activate|p1a: Volcarona|move: Protect
|-resisted|p1b: Incineroar
|-damage|p1b: Incineroar|44/100
|move|p2b: Dire Claw at Home|Tri Attack|p1a: Volcarona
|-activate|p1a: Volcarona|move: Protect
|move|p1b: Incineroar|Knock Off|p2a: Seedy Eyes
|-damage|p2a: Seedy Eyes|0 fnt
|-enditem|p2a: Seedy Eyes|Clear Amulet|[from] move: Knock Off|[of] p1b: Incineroar
|faint|p2a: Seedy Eyes
|
|upkeep
|
|t:|1750867949
|switch|p2a: Achoo!|Amoonguss, L50, M|100/100
|turn|5
|
|t:|1750867960
|switch|p1b: Miraidon|Miraidon, L50|100/100
|-activate|p1b: Miraidon|ability: Hadron Engine
|move|p2a: Achoo!|Spore|p1a: Volcarona
|-activate|p1a: Volcarona|move: Electric Terrain
|move|p2b: Dire Claw at Home|Tri Attack|p1a: Volcarona
|-crit|p1a: Volcarona
|-damage|p1a: Volcarona|0 fnt
|faint|p1a: Volcarona
|
|-fieldend|move: Trick Room
|-fieldend|move: Electric Terrain
|upkeep
|inactive|Nerrgal has 30 seconds left.
|
|t:|1750867989
|switch|p1a: Lunala|Lunala, L50, shiny|100/100
|turn|6
|
|t:|1750868005
|move|p1b: Miraidon|Volt Switch|p2b: Dire Claw at Home
|-damage|p2b: Dire Claw at Home|70/100
|
|t:|1750868009
|switch|p1b: Incineroar|Incineroar, L50, M|44/100|[from] Volt Switch
|-ability|p1b: Incineroar|Intimidate|boost
|-unboost|p2a: Achoo!|atk|1
|-unboost|p2b: Dire Claw at Home|atk|1
|move|p1a: Lunala|Calm Mind|p1a: Lunala
|-boost|p1a: Lunala|spa|1
|-boost|p1a: Lunala|spd|1
|move|p2b: Dire Claw at Home|Shadow Ball|p1a: Lunala
|-supereffective|p1a: Lunala
|-damage|p1a: Lunala|81/100
|move|p2a: Achoo!|Spore|p1b: Incineroar
|-activate|p1b: Incineroar|item: Safety Goggles|Spore
|
|upkeep
|turn|7
|inactive|Nerrgal has 30 seconds left.
|
|t:|1750868038
|switch|p1b: Miraidon|Miraidon, L50|100/100
|-fieldstart|move: Electric Terrain|[from] ability: Hadron Engine|[of] p1b: Miraidon
|-enditem|p1a: Lunala|Electric Seed
|-boost|p1a: Lunala|def|1|[from] item: Electric Seed
|-terastallize|p1a: Lunala|Fairy
|move|p2a: Achoo!|Protect|p2a: Achoo!
|-singleturn|p2a: Achoo!|Protect
|move|p1a: Lunala|Moongeist Beam|p2a: Achoo!
|-activate|p2a: Achoo!|move: Protect
|move|p2b: Dire Claw at Home|Trick Room|p2b: Dire Claw at Home
|-fieldstart|move: Trick Room|[of] p2b: Dire Claw at Home
|
|upkeep
|turn|8
|inactive|newgoods has 30 seconds left.
|inactive|newgoods has 20 seconds left.
|
|t:|1750868073
|switch|p2b: Slow & Steady|Terapagos, L50, M|100/100
|-activate|p2b: Slow & Steady|ability: Tera Shift
|detailschange|p2b: Slow & Steady|Terapagos-Terastal, L50, M
|-heal|p2b: Slow & Steady|100/100|[silent]
|move|p2a: Achoo!|Pollen Puff|p2b: Slow & Steady
|move|p1a: Lunala|Moonblast|p2b: Slow & Steady
|-activate|p2b: Slow & Steady|ability: Tera Shell
|-resisted|p2b: Slow & Steady
|-damage|p2b: Slow & Steady|69/100
|move|p1b: Miraidon|Electro Drift|p2b: Slow & Steady
|-damage|p2b: Slow & Steady|0 fnt
|faint|p2b: Slow & Steady
|
|upkeep
|
|t:|1750868079
|switch|p2b: Dire Claw at Home|Porygon2, L50|70/100
|-ability|p2b: Dire Claw at Home|Download|boost
|-boost|p2b: Dire Claw at Home|atk|1
|turn|9
|-message|newgoods forfeited.
|
|win|Nerrgal
|raw|Nerrgal's rating: 1330 &rarr; <strong>1353</strong><br />(+23 for winning)
|raw|newgoods's rating: 1390 &rarr; <strong>1367</strong><br />(-23 for losing)
|l|☆newgoods
|player|p2|
|l|‽Nerrgal
|player|p1|
