|j|☆Raymario Pokenic
|j|☆stage4LC
|t:|1750773239
|gametype|doubles
|player|p1|Raymario Pokenic|265|1053
|player|p2|stage4LC|266|1143
|teamsize|p1|6
|teamsize|p2|6
|gen|9
|tier|[Gen 9] VGC 2025 Reg I
|rated|
|rule|Species Clause: Limit one of each Pokémon
|rule|Item Clause: Limit 1 of each item
|clearpoke
|poke|p1|Miraidon, L50|
|poke|p1|Zacian-*, L50|
|poke|p1|Mandibuzz, L50, F|
|poke|p1|Scrafty, L50, M|
|poke|p1|Farigiraf, L50, M|
|poke|p1|Sylveon, L50, M|
|poke|p2|Miraidon, L50|
|poke|p2|Landorus, L50, M|
|poke|p2|Meowstic, L50, M|
|poke|p2|Sneasler, L50, F|
|poke|p2|Ogerpon-Cornerstone, L50, F|
|poke|p2|Giratina-Origin, L50|
|teampreview|4
|inactive|Battle timer is ON: inactive players will automatically lose when time's up. (requested by stage4LC)
|inactive|Raymario Pokenic has 60 seconds left.
|
|t:|1750773286
|start
|switch|p1a: Zacian|Zacian-Crowned, L50, shiny|100/100
|switch|p1b: Scrafty|Scrafty, L50, M, shiny|100/100
|switch|p2a: Miraidon|Miraidon, L50|100/100
|switch|p2b: Meowstic|Meowstic, L50, M|100/100
|-fieldstart|move: Electric Terrain|[from] ability: Hadron Engine|[of] p2a: Miraidon
|-ability|p1a: Zacian|Intrepid Sword|boost
|-boost|p1a: Zacian|atk|1
|-ability|p1b: Scrafty|Intimidate|boost
|-unboost|p2a: Miraidon|atk|1
|-unboost|p2b: Meowstic|atk|1
|turn|1
|inactive|Raymario Pokenic has 30 seconds left.
|inactive|stage4LC has 30 seconds left.
|
|t:|1750773320
|-terastallize|p2a: Miraidon|Fairy
|move|p1b: Scrafty|Fake Out|p2a: Miraidon
|-damage|p2a: Miraidon|88/100
|move|p2b: Meowstic|Thunder Wave|p1a: Zacian
|-status|p1a: Zacian|par
|cant|p2a: Miraidon|flinch
|move|p1a: Zacian|Play Rough|p2a: Miraidon
|-crit|p2a: Miraidon
|-damage|p2a: Miraidon|0 fnt
|faint|p2a: Miraidon
|
|upkeep
|
|t:|1750773330
|switch|p2a: Landorus|Landorus, L50, M|100/100
|turn|2
|
|t:|1750773349
|move|p1a: Zacian|Protect|p1a: Zacian
|-singleturn|p1a: Zacian|Protect
|move|p2b: Meowstic|Gravity|p2b: Meowstic
|-fieldstart|move: Gravity
|move|p2a: Landorus|Sandsear Storm|p1a: Zacian|[spread] p1b
|-activate|p1a: Zacian|move: Protect
|-damage|p1b: Scrafty|38/100
|-enditem|p1b: Scrafty|Sitrus Berry|[eat]
|-heal|p1b: Scrafty|63/100|[from] item: Sitrus Berry
|move|p1b: Scrafty|Coaching|p1a: Zacian
|-boost|p1a: Zacian|atk|1
|-boost|p1a: Zacian|def|1
|
|upkeep
|turn|3
|c|☆Raymario Pokenic|ooooh interesting
|inactive|Raymario Pokenic has 30 seconds left.
|inactive|stage4LC has 30 seconds left.
|
|t:|1750773378
|switch|p1b: Farigiraf|Farigiraf, L50, M, shiny|100/100
|move|p2b: Meowstic|Quick Guard|p2b: Meowstic
|-singleturn|p2b: Meowstic|Quick Guard
|move|p2a: Landorus|Sandsear Storm|p1b: Farigiraf|[spread] p1a,p1b
|-supereffective|p1a: Zacian
|-damage|p1a: Zacian|5/100 par
|-damage|p1b: Farigiraf|32/100
|move|p1a: Zacian|Play Rough|p2a: Landorus
|-damage|p2a: Landorus|0 fnt
|faint|p2a: Landorus
|
|upkeep
|
|t:|1750773388
|switch|p2a: Sneasler|Sneasler, L50, F|100/100
|turn|4
|
|t:|1750773411
|move|p2b: Meowstic|Quick Guard|p2b: Meowstic
|-singleturn|p2b: Meowstic|Quick Guard
|move|p1b: Farigiraf|Ally Switch|p1b: Farigiraf
|swap|p1b: Farigiraf|0|[from] move: Ally Switch
|move|p2a: Sneasler|Throat Chop|p1b: Zacian
|-resisted|p1b: Zacian
|-damage|p1b: Zacian|0 fnt
|faint|p1b: Zacian
|
|upkeep
|
|t:|1750773429
|switch|p1b: Scrafty|Scrafty, L50, M, shiny|63/100
|-ability|p1b: Scrafty|Intimidate|boost
|-unboost|p2a: Sneasler|atk|1
|-unboost|p2b: Meowstic|atk|1
|turn|5
|inactive|Raymario Pokenic has 30 seconds left.
|
|t:|1750773455
|-singleturn|p2a: Sneasler|move: Focus Punch
|move|p2b: Meowstic|Quick Guard|p2b: Meowstic
|-singleturn|p2b: Meowstic|Quick Guard
|move|p1a: Farigiraf|Hyper Voice|p2b: Meowstic|[spread] p2a,p2b
|-damage|p2a: Sneasler|65/100
|-damage|p2b: Meowstic|81/100
|move|p1b: Scrafty|Knock Off|p2b: Meowstic
|-supereffective|p2b: Meowstic
|-damage|p2b: Meowstic|0 fnt
|-enditem|p2b: Meowstic|Mental Herb|[from] move: Knock Off|[of] p1b: Scrafty
|faint|p2b: Meowstic
|cant|p2a: Sneasler|Focus Punch|Focus Punch
|
|-fieldend|move: Electric Terrain
|upkeep
|turn|6
|inactive|stage4LC has 30 seconds left.
|inactive|stage4LC has 20 seconds left.
|inactive|stage4LC has 15 seconds left.
|-message|stage4LC forfeited.
|
|win|Raymario Pokenic
|raw|Raymario Pokenic's rating: 1053 &rarr; <strong>1093</strong><br />(+40 for winning)
|raw|stage4LC's rating: 1143 &rarr; <strong>1112</strong><br />(-31 for losing)
|l|☆stage4LC
|player|p2|
|l|☆Raymario Pokenic
|player|p1|
