|j|☆ddy999
|j|☆superpowerpoke
|t:|1750834589
|gametype|doubles
|player|p1|ddy999|2|1527
|player|p2|superpowerpoke|266|1592
|teamsize|p1|6
|teamsize|p2|6
|gen|9
|tier|[Gen 9] VGC 2025 Reg I
|rated|
|rule|Species Clause: Limit one of each Pokémon
|rule|Item Clause: Limit 1 of each item
|clearpoke
|poke|p1|Dragonite, L50, F|
|poke|p1|Calyrex-Shadow, L50|
|poke|p1|Chien-Pao, L50|
|poke|p1|Zamazenta-*, L50|
|poke|p1|Ting-Lu, L50|
|poke|p1|Latias, L50, F|
|poke|p2|Kyogre, L50|
|poke|p2|Calyrex-Ice, L50|
|poke|p2|Incineroar, L50, M|
|poke|p2|Iron Jugulis, L50|
|poke|p2|Raichu, L50, F|
|poke|p2|Gastrodon, L50, F|
|teampreview|4
|
|t:|1750834633
|start
|switch|p1a: Dragonite|Dragonite, L50, F|100/100
|switch|p1b: Calyrex|Calyrex-Shadow, L50|100/100
|switch|p2a: Calyrex|Calyrex-Ice, L50|100/100
|switch|p2b: Raichu|Raichu, L50, F|100/100
|-ability|p1b: Calyrex|As One
|-ability|p1b: Calyrex|Unnerve
|-ability|p2a: Calyrex|As One
|-ability|p2a: Calyrex|Unnerve
|turn|1
|
|t:|1750834661
|switch|p2b: Incineroar|Incineroar, L50, M|100/100
|-ability|p2b: Incineroar|Intimidate|boost
|-fail|p1a: Dragonite|unboost|Attack|[from] ability: Inner Focus|[of] p1a: Dragonite
|-unboost|p1b: Calyrex|atk|1
|-terastallize|p1a: Dragonite|Normal
|-terastallize|p2a: Calyrex|Fire
|move|p1a: Dragonite|Extreme Speed|p2a: Calyrex
|-damage|p2a: Calyrex|54/100
|move|p1b: Calyrex|Astral Barrage|p2a: Calyrex|[spread] p2a,p2b
|-resisted|p2b: Incineroar
|-damage|p2a: Calyrex|15/100
|-damage|p2b: Incineroar|79/100
|move|p2a: Calyrex|Trick Room|p2a: Calyrex
|-fieldstart|move: Trick Room|[of] p2a: Calyrex
|
|upkeep
|turn|2
|
|t:|1750834717
|move|p1a: Dragonite|Extreme Speed|p2b: Incineroar
|-damage|p2b: Incineroar|14/100
|-damage|p1a: Dragonite|84/100|[from] item: Rocky Helmet|[of] p2b: Incineroar
|move|p2b: Incineroar|Knock Off|p1b: Calyrex
|-supereffective|p1b: Calyrex
|-enditem|p1b: Calyrex|Focus Sash
|-damage|p1b: Calyrex|1/100
|move|p2a: Calyrex|Glacial Lance|p1a: Dragonite|[spread] p1a,p1b
|-damage|p1a: Dragonite|34/100
|-damage|p1b: Calyrex|0 fnt
|faint|p1b: Calyrex
|-ability|p2a: Calyrex|Chilling Neigh|boost
|-boost|p2a: Calyrex|atk|1
|
|upkeep
|
|t:|1750834753
|switch|p1b: Zamazenta|Zamazenta-Crowned, L50|100/100
|-ability|p1b: Zamazenta|Dauntless Shield|boost
|-boost|p1b: Zamazenta|def|1
|turn|3
|
|t:|1750834779
|move|p1a: Dragonite|Extreme Speed|p2b: Incineroar
|-damage|p2b: Incineroar|0 fnt
|-damage|p1a: Dragonite|17/100|[from] item: Rocky Helmet|[of] p2b: Incineroar
|faint|p2b: Incineroar
|move|p2a: Calyrex|High Horsepower|p1a: Dragonite
|-damage|p1a: Dragonite|0 fnt
|faint|p1a: Dragonite
|-ability|p2a: Calyrex|Chilling Neigh|boost
|-boost|p2a: Calyrex|atk|1
|move|p1b: Zamazenta|Body Press|p2a: Calyrex
|-damage|p2a: Calyrex|0 fnt
|faint|p2a: Calyrex
|
|upkeep
|
|t:|1750834789
|switch|p2b: Raichu|Raichu, L50, F|100/100
|switch|p2a: Kyogre|Kyogre, L50|100/100
|switch|p1a: Ting-Lu|Ting-Lu, L50|100/100
|-ability|p1a: Ting-Lu|Vessel of Ruin
|-weather|RainDance|[from] ability: Drizzle|[of] p2a: Kyogre
|turn|4
|
|t:|1750834803
|move|p2b: Raichu|Fake Out|p1b: Zamazenta
|-resisted|p1b: Zamazenta
|-damage|p1b: Zamazenta|99/100
|move|p1a: Ting-Lu|Ruination|p2a: Kyogre
|-damage|p2a: Kyogre|50/100
|move|p2a: Kyogre|Water Spout|p1b: Zamazenta|[spread] p1a,p1b
|-supereffective|p1a: Ting-Lu
|-damage|p1a: Ting-Lu|48/100
|-damage|p1b: Zamazenta|68/100
|cant|p1b: Zamazenta|flinch
|
|-weather|RainDance|[upkeep]
|upkeep
|turn|5
|
|t:|1750834832
|move|p1a: Ting-Lu|Snarl|p2a: Kyogre|[spread] p2a,p2b
|-damage|p2a: Kyogre|46/100
|-damage|p2b: Raichu|89/100
|-unboost|p2a: Kyogre|spa|1
|-unboost|p2b: Raichu|spa|1
|move|p2a: Kyogre|Origin Pulse|p1a: Ting-Lu|[spread] p1a
|-miss|p2a: Kyogre|p1b: Zamazenta
|-supereffective|p1a: Ting-Lu
|-damage|p1a: Ting-Lu|0 fnt
|faint|p1a: Ting-Lu
|move|p2b: Raichu|Thunder|p1b: Zamazenta
|-damage|p1b: Zamazenta|44/100
|move|p1b: Zamazenta|Body Press|p2a: Kyogre
|-damage|p2a: Kyogre|0 fnt
|faint|p2a: Kyogre
|
|-weather|RainDance|[upkeep]
|-fieldend|move: Trick Room
|upkeep
|turn|6
|
|t:|1750834853
|move|p1b: Zamazenta|Body Press|p2b: Raichu
|-damage|p2b: Raichu|0 fnt
|faint|p2b: Raichu
|
|win|ddy999
|raw|ddy999's rating: 1527 &rarr; <strong>1551</strong><br />(+24 for winning)
|raw|superpowerpoke's rating: 1592 &rarr; <strong>1568</strong><br />(-24 for losing)
|l|☆ddy999
|player|p1|
|l|☆superpowerpoke
|player|p2|
