|j|☆TCBro89
|j|☆Brucs
|t:|1750767928
|gametype|doubles
|player|p1|TCBro89|red|1667
|player|p2|Brucs|steven|1586
|teamsize|p1|6
|teamsize|p2|6
|gen|9
|tier|[Gen 9] VGC 2025 Reg I
|rated|
|rule|Species Clause: Limit one of each Pokémon
|rule|Item Clause: Limit 1 of each item
|clearpoke
|poke|p1|Miraidon, L50|
|poke|p1|Iron Bundle, L50|
|poke|p1|Groudon, L50|
|poke|p1|Whimsicott, L50, F|
|poke|p1|Raging Bolt, L50|
|poke|p1|Farigiraf, L50, F|
|poke|p2|Dragonite, L50, F|
|poke|p2|Chien-Pao, L50|
|poke|p2|Incineroar, L50, M|
|poke|p2|Zamazenta-*, L50|
|poke|p2|Calyrex-Shadow, L50|
|poke|p2|Indeedee-F, L50, F|
|teampreview|4
|inactive|Battle timer is ON: inactive players will automatically lose when time's up. (requested by Brucs)
|
|t:|1750767956
|start
|switch|p1a: Groudon|Groudon, L50|100/100
|switch|p1b: Raging Bolt|Raging Bolt, L50|100/100
|switch|p2a: Calyrex|Calyrex-Shadow, L50|100/100
|switch|p2b: Incineroar|Incineroar, L50, M|100/100
|-ability|p2a: Calyrex|As One
|-ability|p2a: Calyrex|Unnerve
|-weather|SunnyDay|[from] ability: Drought|[of] p1a: Groudon
|-activate|p1b: Raging Bolt|ability: Protosynthesis
|-start|p1b: Raging Bolt|protosynthesisspa
|-ability|p2b: Incineroar|Intimidate|boost
|-fail|p1a: Groudon|unboost|[from] item: Clear Amulet|[of] p1a: Groudon
|-unboost|p1b: Raging Bolt|atk|1
|turn|1
|inactive|Brucs has 30 seconds left.
|
|t:|1750767990
|move|p1a: Groudon|Protect|p1a: Groudon
|-singleturn|p1a: Groudon|Protect
|move|p1b: Raging Bolt|Protect|p1b: Raging Bolt
|-singleturn|p1b: Raging Bolt|Protect
|move|p2b: Incineroar|Fake Out|p1a: Groudon
|-activate|p1a: Groudon|move: Protect
|move|p2a: Calyrex|Astral Barrage|p1a: Groudon|[spread] 
|-activate|p1a: Groudon|move: Protect
|-activate|p1b: Raging Bolt|move: Protect
|
|-weather|SunnyDay|[upkeep]
|upkeep
|turn|2
|
|t:|1750768005
|switch|p2b: Indeedee|Indeedee-F, L50, F|100/100
|-fieldstart|move: Psychic Terrain|[from] ability: Psychic Surge|[of] p2b: Indeedee
|move|p1b: Raging Bolt|Thunderclap|p2a: Calyrex
|-activate|p2a: Calyrex|move: Psychic Terrain
|move|p2a: Calyrex|Expanding Force|p1a: Groudon|[spread] p1a,p1b
|-damage|p1a: Groudon|26/100
|-damage|p1b: Raging Bolt|19/100
|-damage|p2a: Calyrex|91/100|[from] item: Life Orb
|move|p1a: Groudon|Precipice Blades|p2a: Calyrex|[spread] p2a,p2b
|-crit|p2b: Indeedee
|-damage|p2a: Calyrex|27/100
|-damage|p2b: Indeedee|24/100
|
|-weather|SunnyDay|[upkeep]
|upkeep
|turn|3
|inactive|TCBro89 has 30 seconds left.
|inactive|TCBro89 has 20 seconds left.
|
|t:|1750768040
|-end|p1b: Raging Bolt|Protosynthesis|[silent]
|switch|p1b: Miraidon|Miraidon, L50|100/100
|-fieldstart|move: Electric Terrain|[from] ability: Hadron Engine|[of] p1b: Miraidon
|move|p1a: Groudon|Protect|p1a: Groudon
|-singleturn|p1a: Groudon|Protect
|move|p2b: Indeedee|Follow Me|p2b: Indeedee
|-singleturn|p2b: Indeedee|move: Follow Me
|move|p2a: Calyrex|Astral Barrage|p1a: Groudon|[spread] p1b
|-activate|p1a: Groudon|move: Protect
|-damage|p1b: Miraidon|34/100
|-damage|p2a: Calyrex|18/100|[from] item: Life Orb
|
|-weather|SunnyDay|[upkeep]
|upkeep
|turn|4
|
|t:|1750768063
|switch|p1b: Raging Bolt|Raging Bolt, L50|19/100
|-activate|p1b: Raging Bolt|ability: Protosynthesis
|-start|p1b: Raging Bolt|protosynthesisspa
|move|p2b: Indeedee|Follow Me|p2b: Indeedee
|-singleturn|p2b: Indeedee|move: Follow Me
|move|p2a: Calyrex|Astral Barrage|p1b: Raging Bolt|[spread] p1a,p1b
|-damage|p1a: Groudon|0 fnt
|-damage|p1b: Raging Bolt|0 fnt
|faint|p1a: Groudon
|faint|p1b: Raging Bolt
|-end|p1b: Raging Bolt|Protosynthesis|[silent]
|-ability|p2a: Calyrex|Grim Neigh|boost
|-boost|p2a: Calyrex|spa|2
|-damage|p2a: Calyrex|8/100|[from] item: Life Orb
|
|-weather|SunnyDay|[upkeep]
|upkeep
|
|t:|1750768077
|switch|p1a: Miraidon|Miraidon, L50|34/100
|switch|p1b: Iron Bundle|Iron Bundle, L50|100/100
|-activate|p1a: Miraidon|ability: Hadron Engine
|-activate|p1b: Iron Bundle|ability: Quark Drive
|-start|p1b: Iron Bundle|quarkdrivespe
|turn|5
|
|t:|1750768101
|switch|p2b: Incineroar|Incineroar, L50, M|100/100
|-ability|p2b: Incineroar|Intimidate|boost
|-unboost|p1a: Miraidon|atk|1
|-unboost|p1b: Iron Bundle|atk|1
|move|p2a: Calyrex|Protect|p2a: Calyrex
|-singleturn|p2a: Calyrex|Protect
|move|p1b: Iron Bundle|Icy Wind|p2b: Incineroar|[spread] p2b
|-activate|p2a: Calyrex|move: Protect
|-resisted|p2b: Incineroar
|-damage|p2b: Incineroar|94/100
|-unboost|p2b: Incineroar|spe|1
|move|p1a: Miraidon|Electro Drift|p2b: Incineroar
|-damage|p2b: Incineroar|5/100
|
|-weather|none
|upkeep
|turn|6
|inactive|TCBro89 has 30 seconds left.
|
|t:|1750768131
|switch|p2b: Indeedee|Indeedee-F, L50, F|24/100
|-fieldstart|move: Psychic Terrain|[from] ability: Psychic Surge|[of] p2b: Indeedee
|-end|p1b: Iron Bundle|Quark Drive
|move|p1b: Iron Bundle|Protect|p1b: Iron Bundle
|-singleturn|p1b: Iron Bundle|Protect
|move|p2a: Calyrex|Expanding Force|p1b: Iron Bundle|[spread] p1a
|-activate|p1b: Iron Bundle|move: Protect
|-damage|p1a: Miraidon|0 fnt
|faint|p1a: Miraidon
|-ability|p2a: Calyrex|Grim Neigh|boost
|-boost|p2a: Calyrex|spa|1
|-damage|p2a: Calyrex|0 fnt|[from] item: Life Orb
|faint|p2a: Calyrex
|
|upkeep
|
|t:|1750768141
|switch|p2a: Zamazenta|Zamazenta-Crowned, L50|100/100
|-ability|p2a: Zamazenta|Dauntless Shield|boost
|-boost|p2a: Zamazenta|def|1
|turn|7
|
|t:|1750768148
|move|p2b: Indeedee|Follow Me|p2b: Indeedee
|-singleturn|p2b: Indeedee|move: Follow Me
|move|p1b: Iron Bundle|Ice Beam|p2b: Indeedee
|-damage|p2b: Indeedee|0 fnt
|faint|p2b: Indeedee
|move|p2a: Zamazenta|Heavy Slam|p1b: Iron Bundle
|-damage|p1b: Iron Bundle|44/100
|
|upkeep
|
|t:|1750768154
|switch|p2b: Incineroar|Incineroar, L50, M|5/100
|-ability|p2b: Incineroar|Intimidate|boost
|-unboost|p1b: Iron Bundle|atk|1
|turn|8
|-message|TCBro89 forfeited.
|
|win|Brucs
|raw|TCBro89's rating: 1667 &rarr; <strong>1642</strong><br />(-25 for losing)
|raw|Brucs's rating: 1569 &rarr; <strong>1594</strong><br />(+25 for winning)
|l|☆TCBro89
|player|p1|
|l|☆Brucs
|player|p2|
