|j|☆TCBro89
|j|☆RaidenVGC7
|t:|1750873817
|gametype|doubles
|player|p1|TCBro89|red|1425
|player|p2|RaidenVGC7|102|1542
|teamsize|p1|6
|teamsize|p2|6
|gen|9
|tier|[Gen 9] VGC 2025 Reg I
|rated|
|rule|Species Clause: Limit one of each Pokémon
|rule|Item Clause: Limit 1 of each item
|clearpoke
|poke|p1|Miraidon, L50|
|poke|p1|Iron Bundle, L50|
|poke|p1|Groudon, L50|
|poke|p1|Whimsicott, L50, F|
|poke|p1|Raging Bolt, L50|
|poke|p1|Farigiraf, L50, M|
|poke|p2|Calyrex-Ice, L50|
|poke|p2|Miraidon, L50|
|poke|p2|Drowzee, L50, M|
|poke|p2|Iron Hands, L50|
|poke|p2|Urshifu-*, L50, M|
|poke|p2|Incineroar, L50, M|
|teampreview|4
|inactive|Battle timer is ON: inactive players will automatically lose when time's up. (requested by TCBro89)
|inactive|TCBro89 has 60 seconds left.
|inactive|RaidenVGC7 has 60 seconds left.
RaidenVGC7 rejected open team sheets.
|
|t:|1750873860
|start
|switch|p1a: Miraidon|Miraidon, L50|100/100
|switch|p1b: Raging Bolt|Raging Bolt, L50|100/100
|switch|p2a: Calyrex|Calyrex-Ice, L50|100/100
|switch|p2b: Drowzee|Drowzee, L50, M|100/100
|-ability|p2a: Calyrex|As One
|-ability|p2a: Calyrex|Unnerve
|-fieldstart|move: Electric Terrain|[from] ability: Hadron Engine|[of] p1a: Miraidon
|turn|1
|inactive|TCBro89 has 30 seconds left.
|inactive|RaidenVGC7 has 30 seconds left.
|
|t:|1750873888
|-terastallize|p2a: Calyrex|Dragon
|move|p2b: Drowzee|Protect|p2b: Drowzee
|-singleturn|p2b: Drowzee|Protect
|move|p1b: Raging Bolt|Thunderclap||[still]
|-fail|p1b: Raging Bolt
|move|p1a: Miraidon|Electro Drift|p2a: Calyrex
|-resisted|p2a: Calyrex
|-damage|p2a: Calyrex|54/100
|move|p2a: Calyrex|Trick Room|p2a: Calyrex
|-fieldstart|move: Trick Room|[of] p2a: Calyrex
|
|upkeep
|turn|2
|
|t:|1750873909
|switch|p1a: Groudon|Groudon, L50|100/100
|-weather|SunnyDay|[from] ability: Drought|[of] p1a: Groudon
|-activate|p1b: Raging Bolt|ability: Protosynthesis
|-start|p1b: Raging Bolt|protosynthesisspa
|move|p2b: Drowzee|Helping Hand|p2a: Calyrex
|-singleturn|p2a: Calyrex|Helping Hand|[of] p2b: Drowzee
|move|p1b: Raging Bolt|Draco Meteor|p2a: Calyrex
|-supereffective|p2a: Calyrex
|-damage|p2a: Calyrex|0 fnt
|-unboost|p1b: Raging Bolt|spa|2
|faint|p2a: Calyrex
|
|-weather|SunnyDay|[upkeep]
|upkeep
|inactive|RaidenVGC7 has 30 seconds left.
|inactive|RaidenVGC7 has 20 seconds left.
|c|☆RaidenVGC7|Huhh do you have a speed reducing item?
|inactive|RaidenVGC7 has 15 seconds left.
|
|t:|1750873951
|switch|p2a: Iron Hands|Iron Hands, L50|100/100
|-activate|p2a: Iron Hands|ability: Quark Drive
|-start|p2a: Iron Hands|quarkdriveatk
|turn|3
|
|t:|1750873973
|-end|p1b: Raging Bolt|Protosynthesis|[silent]
|switch|p1b: Farigiraf|Farigiraf, L50, M|100/100
|-enditem|p1b: Farigiraf|Room Service
|-unboost|p1b: Farigiraf|spe|1|[from] item: Room Service
|move|p2b: Drowzee|Helping Hand|p2a: Iron Hands
|-singleturn|p2a: Iron Hands|Helping Hand|[of] p2b: Drowzee
|move|p2a: Iron Hands|Low Kick|p1a: Groudon
|-damage|p1a: Groudon|5/100
|move|p1a: Groudon|Precipice Blades|p2b: Drowzee|[spread] p2a,p2b
|-supereffective|p2a: Iron Hands
|-damage|p2a: Iron Hands|19/100
|-damage|p2b: Drowzee|54/100
|
|-weather|SunnyDay|[upkeep]
|upkeep
|turn|4
|inactive|RaidenVGC7 has 30 seconds left.
|
|t:|1750874002
|-end|p2a: Iron Hands|Quark Drive|[silent]
|switch|p2a: Miraidon|Miraidon, L50|100/100
|-activate|p2a: Miraidon|ability: Hadron Engine
|move|p1b: Farigiraf|Protect|p1b: Farigiraf
|-singleturn|p1b: Farigiraf|Protect
|move|p2b: Drowzee|Foul Play|p1a: Groudon
|-damage|p1a: Groudon|0 fnt
|faint|p1a: Groudon
|
|-weather|SunnyDay|[upkeep]
|upkeep
|
|t:|1750874013
|switch|p1a: Raging Bolt|Raging Bolt, L50|100/100
|-activate|p1a: Raging Bolt|ability: Protosynthesis
|-start|p1a: Raging Bolt|protosynthesisspa
|turn|5
|
|t:|1750874038
|switch|p2a: Iron Hands|Iron Hands, L50|19/100
|-activate|p2a: Iron Hands|ability: Quark Drive
|-start|p2a: Iron Hands|quarkdriveatk
|move|p1b: Farigiraf|Foul Play|p2b: Drowzee
|-supereffective|p2b: Drowzee
|-damage|p2b: Drowzee|37/100
|move|p1a: Raging Bolt|Draco Meteor|p2a: Iron Hands
|-damage|p2a: Iron Hands|0 fnt
|-unboost|p1a: Raging Bolt|spa|2
|faint|p2a: Iron Hands
|-end|p2a: Iron Hands|Quark Drive|[silent]
|move|p2b: Drowzee|Foul Play|p1b: Farigiraf
|-supereffective|p1b: Farigiraf
|-damage|p1b: Farigiraf|72/100
|
|-weather|SunnyDay|[upkeep]
|-fieldend|move: Trick Room
|-fieldend|move: Electric Terrain
|upkeep
|
|t:|1750874056
|switch|p2a: Miraidon|Miraidon, L50|100/100
|-fieldstart|move: Electric Terrain|[from] ability: Hadron Engine|[of] p2a: Miraidon
|turn|6
|
|t:|1750874077
|move|p2b: Drowzee|Helping Hand|p2a: Miraidon
|-singleturn|p2a: Miraidon|Helping Hand|[of] p2b: Drowzee
|move|p1a: Raging Bolt|Protect|p1a: Raging Bolt
|-singleturn|p1a: Raging Bolt|Protect
|move|p1b: Farigiraf|Protect|p1b: Farigiraf
|-singleturn|p1b: Farigiraf|Protect
|move|p2a: Miraidon|Dazzling Gleam|p1b: Farigiraf|[spread] 
|-activate|p1a: Raging Bolt|move: Protect
|-activate|p1b: Farigiraf|move: Protect
|
|-weather|none
|-end|p1a: Raging Bolt|Protosynthesis
|upkeep
|turn|7
|
|t:|1750874096
|-terastallize|p1a: Raging Bolt|Electric
|move|p2b: Drowzee|Helping Hand|p2a: Miraidon
|-singleturn|p2a: Miraidon|Helping Hand|[of] p2b: Drowzee
|move|p1b: Farigiraf|Helping Hand|p1a: Raging Bolt
|-singleturn|p1a: Raging Bolt|Helping Hand|[of] p1b: Farigiraf
|move|p2a: Miraidon|Dazzling Gleam|p1a: Raging Bolt|[spread] p1a,p1b
|-damage|p1a: Raging Bolt|42/100
|-damage|p1b: Farigiraf|1/100
|move|p1a: Raging Bolt|Draco Meteor|p2a: Miraidon
|-supereffective|p2a: Miraidon
|-damage|p2a: Miraidon|14/100
|-unboost|p1a: Raging Bolt|spa|2
|
|upkeep
|turn|8
|
|t:|1750874117
|move|p2b: Drowzee|Helping Hand|p2a: Miraidon
|-singleturn|p2a: Miraidon|Helping Hand|[of] p2b: Drowzee
|move|p1b: Farigiraf|Helping Hand|p1a: Raging Bolt
|-singleturn|p1a: Raging Bolt|Helping Hand|[of] p1b: Farigiraf
|move|p1a: Raging Bolt|Thunderclap|p2a: Miraidon
|-resisted|p2a: Miraidon
|-damage|p2a: Miraidon|6/100
|move|p2a: Miraidon|Dazzling Gleam|p1b: Farigiraf|[spread] p1a,p1b
|-damage|p1a: Raging Bolt|0 fnt
|-damage|p1b: Farigiraf|0 fnt
|faint|p1a: Raging Bolt
|-end|p1a: Raging Bolt|Protosynthesis|[silent]
|faint|p1b: Farigiraf
|
|upkeep
|
|t:|1750874129
|switch|p1b: Miraidon|Miraidon, L50|100/100
|-activate|p1b: Miraidon|ability: Hadron Engine
|turn|9
|
|t:|1750874147
|move|p2b: Drowzee|Helping Hand|p2a: Miraidon
|-singleturn|p2a: Miraidon|Helping Hand|[of] p2b: Drowzee
|move|p1b: Miraidon|Dazzling Gleam|p2b: Drowzee|[spread] p2a,p2b
|-supereffective|p2a: Miraidon
|-damage|p2a: Miraidon|0 fnt
|-damage|p2b: Drowzee|4/100
|faint|p2a: Miraidon
|
|upkeep
|turn|10
|-message|RaidenVGC7 forfeited.
|
|win|TCBro89
|raw|TCBro89's rating: 1425 &rarr; <strong>1451</strong><br />(+26 for winning)
|raw|RaidenVGC7's rating: 1542 &rarr; <strong>1516</strong><br />(-26 for losing)
|l|☆RaidenVGC7
|player|p2|
|l|☆TCBro89
|player|p1|
