|j|☆VGC_MASTER_N
|j|☆alecfromkanto
|t:|1750740825
|gametype|doubles
|player|p1|VGC_MASTER_N|steven|1374
|player|p2|alecfromkanto|cynthia|1372
|teamsize|p1|6
|teamsize|p2|6
|gen|9
|tier|[Gen 9] VGC 2025 Reg I
|rated|
|rule|Species Clause: Limit one of each Pokémon
|rule|Item Clause: Limit 1 of each item
|clearpoke
|poke|p1|Calyrex-Ice, L50|
|poke|p1|Zamazenta-*, L50|
|poke|p1|Rillaboom, L50, M|
|poke|p1|Incineroar, L50, M|
|poke|p1|Urshifu-*, L50, M|
|poke|p1|Grimmsnarl, L50, M|
|poke|p2|Miraidon, L50|
|poke|p2|Incineroar, L50, F|
|poke|p2|Grimmsnarl, L50, M|
|poke|p2|Flutter Mane, L50|
|poke|p2|Groudon, L50|
|poke|p2|Iron Hands, L50|
|teampreview|4
|inactive|Battle timer is ON: inactive players will automatically lose when time's up. (requested by alecfromkanto)
|inactive|VGC_MASTER_N also wants the timer to be on.
|inactive|alecfromkanto has 60 seconds left.
|
|t:|1750740870
|start
|switch|p1a: Wonder Cooki|Grimmsnarl, L50, M, shiny|100/100
|switch|p1b: Calyrex|Calyrex-Ice, L50|100/100
|switch|p2a: Miraidon|Miraidon, L50|100/100
|switch|p2b: Incineroar|Incineroar, L50, F, shiny|100/100
|-ability|p1b: Calyrex|As One
|-ability|p1b: Calyrex|Unnerve
|-fieldstart|move: Electric Terrain|[from] ability: Hadron Engine|[of] p2a: Miraidon
|-ability|p2b: Incineroar|Intimidate|boost
|-unboost|p1a: Wonder Cooki|atk|1
|-unboost|p1b: Calyrex|atk|1
|turn|1
|
|t:|1750740891
|switch|p1a: Rillaboom|Rillaboom, L50, M|100/100
|-fieldstart|move: Grassy Terrain|[from] ability: Grassy Surge|[of] p1a: Rillaboom
|move|p2b: Incineroar|Fake Out|p1a: Rillaboom
|-damage|p1a: Rillaboom|91/100
|move|p2a: Miraidon|Volt Switch|p1a: Rillaboom
|-resisted|p1a: Rillaboom
|-damage|p1a: Rillaboom|78/100
|
|t:|1750740896
|switch|p2a: Iron Hands|Iron Hands, L50, shiny|100/100|[from] Volt Switch
|move|p1b: Calyrex|Leech Seed|p2b: Incineroar
|-start|p2b: Incineroar|move: Leech Seed
|
|-heal|p1a: Rillaboom|84/100|[from] Grassy Terrain
|-damage|p2b: Incineroar|88/100|[from] Leech Seed|[of] p1b: Calyrex
|upkeep
|turn|2
|inactive|alecfromkanto has 30 seconds left.
|
|t:|1750740921
|move|p1a: Rillaboom|U-turn|p2b: Incineroar
|-damage|p2b: Incineroar|73/100
|
|t:|1750740924
|switch|p1a: Wonder Cooki|Grimmsnarl, L50, M, shiny|100/100|[from] U-turn
|move|p2b: Incineroar|Knock Off|p1b: Calyrex
|-supereffective|p1b: Calyrex
|-damage|p1b: Calyrex|56/100
|-enditem|p1b: Calyrex|Leftovers|[from] move: Knock Off|[of] p2b: Incineroar
|move|p1b: Calyrex|Leech Seed|p2a: Iron Hands
|-start|p2a: Iron Hands|move: Leech Seed
|move|p2a: Iron Hands|Low Kick|p1b: Calyrex
|-damage|p1b: Calyrex|0 fnt
|faint|p1b: Calyrex
|
|-heal|p2b: Incineroar|79/100|[from] Grassy Terrain
|upkeep
|
|t:|1750740931
|switch|p1b: Zamazenta|Zamazenta-Crowned, L50|100/100
|-ability|p1b: Zamazenta|Dauntless Shield|boost
|-boost|p1b: Zamazenta|def|1
|turn|3
|
|t:|1750740954
|switch|p2b: Miraidon|Miraidon, L50|100/100
|-fieldstart|move: Electric Terrain|[from] ability: Hadron Engine|[of] p2b: Miraidon
|-activate|p2a: Iron Hands|ability: Quark Drive
|-start|p2a: Iron Hands|quarkdriveatk
|-terastallize|p1b: Zamazenta|Dragon
|-terastallize|p2a: Iron Hands|Fairy
|move|p1a: Wonder Cooki|Light Screen|p1a: Wonder Cooki
|-sidestart|p1: VGC_MASTER_N|move: Light Screen
|move|p1b: Zamazenta|Body Press|p2b: Miraidon
|-damage|p2b: Miraidon|42/100
|move|p2a: Iron Hands|Low Kick|p1b: Zamazenta
|-damage|p1b: Zamazenta|49/100
|
|-damage|p2a: Iron Hands|88/100|[from] Leech Seed|[of] p1b: Zamazenta
|-heal|p1b: Zamazenta|65/100|[silent]
|upkeep
|turn|4
|inactive|alecfromkanto has 30 seconds left.
|inactive|alecfromkanto has 20 seconds left.
|inactive|alecfromkanto has 15 seconds left.
|inactive|alecfromkanto has 10 seconds left.
|
|t:|1750741000
|-end|p2a: Iron Hands|Quark Drive|[silent]
|switch|p2a: Incineroar|Incineroar, L50, F, shiny|79/100
|-ability|p2a: Incineroar|Intimidate|boost
|-unboost|p1a: Wonder Cooki|atk|1
|-unboost|p1b: Zamazenta|atk|1
|move|p1b: Zamazenta|Protect|p1b: Zamazenta
|-singleturn|p1b: Zamazenta|Protect
|move|p2b: Miraidon|Draco Meteor|p1b: Zamazenta
|-activate|p1b: Zamazenta|move: Protect
|move|p1a: Wonder Cooki|Spirit Break|p2b: Miraidon
|-supereffective|p2b: Miraidon
|-damage|p2b: Miraidon|5/100
|-unboost|p2b: Miraidon|spa|1
|
|upkeep
|turn|5
|inactive|VGC_MASTER_N has 30 seconds left.
|inactive|alecfromkanto has 30 seconds left.
|inactive|VGC_MASTER_N has 20 seconds left.
|
|t:|1750741038
|switch|p1b: Rillaboom|Rillaboom, L50, M|84/100
|-fieldstart|move: Grassy Terrain|[from] ability: Grassy Surge|[of] p1b: Rillaboom
|move|p2a: Incineroar|Fake Out|p1a: Wonder Cooki
|-damage|p1a: Wonder Cooki|88/100
|move|p2b: Miraidon|Draco Meteor|p1b: Rillaboom
|-damage|p1b: Rillaboom|62/100
|-unboost|p2b: Miraidon|spa|2
|cant|p1a: Wonder Cooki|flinch
|
|-heal|p2b: Miraidon|11/100|[from] Grassy Terrain
|-heal|p1b: Rillaboom|68/100|[from] Grassy Terrain
|-heal|p1a: Wonder Cooki|94/100|[from] Grassy Terrain
|-heal|p2a: Incineroar|85/100|[from] Grassy Terrain
|upkeep
|turn|6
|
|t:|1750741050
|switch|p2b: Iron Hands|Iron Hands, L50, shiny, tera:Fairy|88/100
|move|p1b: Rillaboom|U-turn|p2b: Iron Hands
|-resisted|p2b: Iron Hands
|-damage|p2b: Iron Hands|81/100
|
|t:|1750741052
|switch|p1b: Zamazenta|Zamazenta-Crowned, L50, tera:Dragon|65/100|[from] U-turn
|move|p1a: Wonder Cooki|Spirit Break|p2a: Incineroar
|-damage|p2a: Incineroar|71/100
|-unboost|p2a: Incineroar|spa|1
|move|p2a: Incineroar|Flare Blitz|p1b: Zamazenta
|-resisted|p1b: Zamazenta
|-damage|p1b: Zamazenta|53/100
|-damage|p2a: Incineroar|67/100|[from] Recoil
|
|-heal|p1b: Zamazenta|59/100|[from] Grassy Terrain
|-heal|p1a: Wonder Cooki|99/100|[from] Grassy Terrain
|-heal|p2a: Incineroar|73/100|[from] Grassy Terrain
|-heal|p2b: Iron Hands|87/100|[from] Grassy Terrain
|upkeep
|turn|7
|
|t:|1750741071
|move|p1b: Zamazenta|Protect|p1b: Zamazenta
|-singleturn|p1b: Zamazenta|Protect
|move|p1a: Wonder Cooki|Reflect|p1a: Wonder Cooki
|-sidestart|p1: VGC_MASTER_N|Reflect
|move|p2a: Incineroar|U-turn|p1a: Wonder Cooki
|-damage|p1a: Wonder Cooki|85/100
|
|t:|1750741083
|switch|p2a: Miraidon|Miraidon, L50|11/100|[from] U-turn
|-fieldstart|move: Electric Terrain|[from] ability: Hadron Engine|[of] p2a: Miraidon
|-activate|p2b: Iron Hands|ability: Quark Drive
|-start|p2b: Iron Hands|quarkdriveatk
|move|p2b: Iron Hands|Play Rough|p1a: Wonder Cooki
|-supereffective|p1a: Wonder Cooki
|-damage|p1a: Wonder Cooki|0 fnt
|faint|p1a: Wonder Cooki
|
|upkeep
|
|t:|1750741087
|switch|p1a: Rillaboom|Rillaboom, L50, M|68/100
|-fieldstart|move: Grassy Terrain|[from] ability: Grassy Surge|[of] p1a: Rillaboom
|-end|p2b: Iron Hands|Quark Drive
|turn|8
|
|t:|1750741106
|move|p1a: Rillaboom|Fake Out|p2a: Miraidon
|-damage|p2a: Miraidon|0 fnt
|faint|p2a: Miraidon
|move|p1b: Zamazenta|Behemoth Bash|p2b: Iron Hands
|-supereffective|p2b: Iron Hands
|-damage|p2b: Iron Hands|36/100
|move|p2b: Iron Hands|Play Rough|p1b: Zamazenta
|-supereffective|p1b: Zamazenta
|-damage|p1b: Zamazenta|6/100
|
|-heal|p1b: Zamazenta|12/100|[from] Grassy Terrain
|-heal|p1a: Rillaboom|74/100|[from] Grassy Terrain
|-heal|p2b: Iron Hands|42/100|[from] Grassy Terrain
|upkeep
|
|t:|1750741112
|switch|p2a: Incineroar|Incineroar, L50, F, shiny|73/100
|-ability|p2a: Incineroar|Intimidate|boost
|-unboost|p1a: Rillaboom|atk|1
|-unboost|p1b: Zamazenta|atk|1
|turn|9
|
|t:|1750741135
|-end|p2b: Iron Hands|Quark Drive|[silent]
|switch|p2b: Groudon|Groudon, L50, shiny|100/100
|-weather|SunnyDay|[from] ability: Drought|[of] p2b: Groudon
|move|p2a: Incineroar|Fake Out|p1a: Rillaboom
|-damage|p1a: Rillaboom|67/100
|move|p1b: Zamazenta|Body Press|p2a: Incineroar
|-supereffective|p2a: Incineroar
|-damage|p2a: Incineroar|0 fnt
|faint|p2a: Incineroar
|cant|p1a: Rillaboom|flinch
|
|-weather|SunnyDay|[upkeep]
|-heal|p1b: Zamazenta|18/100|[from] Grassy Terrain
|-heal|p1a: Rillaboom|73/100|[from] Grassy Terrain
|upkeep
|
|t:|1750741141
|switch|p2a: Iron Hands|Iron Hands, L50, shiny, tera:Fairy|42/100
|turn|10
|inactive|alecfromkanto has 30 seconds left.
|inactive|alecfromkanto has 20 seconds left.
|
|t:|1750741177
|move|p1b: Zamazenta|Behemoth Bash|p2a: Iron Hands
|-supereffective|p2a: Iron Hands
|-damage|p2a: Iron Hands|9/100
|move|p2b: Groudon|Fire Punch|p1a: Rillaboom
|-supereffective|p1a: Rillaboom
|-damage|p1a: Rillaboom|15/100
|move|p1a: Rillaboom|Wood Hammer|p2b: Groudon
|-supereffective|p2b: Groudon
|-damage|p2b: Groudon|35/100
|-damage|p1a: Rillaboom|0 fnt|[from] Recoil
|faint|p1a: Rillaboom
|move|p2a: Iron Hands|Drain Punch|p1b: Zamazenta
|-damage|p1b: Zamazenta|0 fnt
|-heal|p2a: Iron Hands|16/100|[from] drain|[of] p1b: Zamazenta
|faint|p1b: Zamazenta
|
|win|alecfromkanto
|raw|VGC_MASTER_N's rating: 1374 &rarr; <strong>1354</strong><br />(-20 for losing)
|raw|alecfromkanto's rating: 1372 &rarr; <strong>1392</strong><br />(+20 for winning)
|l|☆VGC_MASTER_N
|player|p1|
