|j|☆bigbadbirdvgc
|j|☆bonobobohemio
|t:|1750747326
|gametype|doubles
|player|p1|bigbadbirdvgc|1|1533
|player|p2|bonobobohemio|drayden|1521
|teamsize|p1|6
|teamsize|p2|6
|gen|9
|tier|[Gen 9] VGC 2025 Reg I
|rated|
|rule|Species Clause: Limit one of each Pokémon
|rule|Item Clause: Limit 1 of each item
|clearpoke
|poke|p1|Calyrex-Shadow, L50|
|poke|p1|Rillaboom, L50, F|
|poke|p1|Lunala, L50|
|poke|p1|Sableye, L50, F|
|poke|p1|Urshifu-*, L50, F|
|poke|p1|Pelipper, L50, M|
|poke|p2|Reshiram, L50|
|poke|p2|Koraidon, L50|
|poke|p2|Murkrow, L50, F|
|poke|p2|Indeedee-F, L50, F|
|poke|p2|Ogerpon-Wellspring, L50, F|
|poke|p2|Raging Bolt, L50|
|teampreview|4
|inactive|Battle timer is ON: inactive players will automatically lose when time's up. (requested by bonobobohemio)
|inactive|bigbadbirdvgc has 60 seconds left.
|
|t:|1750747372
|start
|switch|p1a: Lunala|Lunala, L50|100/100
|switch|p1b: Sableye|Sableye, L50, F|100/100
|switch|p2a: Murkrow|Murkrow, L50, F|100/100
|switch|p2b: Reshiram|Reshiram, L50, shiny|100/100
|-ability|p2b: Reshiram|Turboblaze
|turn|1
|inactive|bigbadbirdvgc has 30 seconds left.
|
|t:|1750747401
|-terastallize|p1a: Lunala|Fairy
|move|p1b: Sableye|Gravity|p1b: Sableye
|-fieldstart|move: Gravity
|move|p2a: Murkrow|Foul Play|p1a: Lunala
|-resisted|p1a: Lunala
|-damage|p1a: Lunala|95/100
|move|p1a: Lunala|Hypnosis|p2b: Reshiram
|-status|p2b: Reshiram|slp|[from] move: Hypnosis
|cant|p2b: Reshiram|slp
|
|upkeep
|turn|2
|inactive|bigbadbirdvgc has 30 seconds left.
|
|t:|1750747431
|switch|p1b: Rillaboom|Rillaboom, L50, F|100/100
|-fieldstart|move: Grassy Terrain|[from] ability: Grassy Surge|[of] p1b: Rillaboom
|-enditem|p1a: Lunala|Grassy Seed
|-boost|p1a: Lunala|def|1|[from] item: Grassy Seed
|move|p2a: Murkrow|Tailwind|p2a: Murkrow
|-sidestart|p2: bonobobohemio|move: Tailwind
|cant|p2b: Reshiram|slp
|move|p1a: Lunala|Moonblast|p2a: Murkrow
|-supereffective|p2a: Murkrow
|-enditem|p2a: Murkrow|Focus Sash
|-damage|p2a: Murkrow|1/100
|
|-heal|p2a: Murkrow|7/100|[from] Grassy Terrain
|-heal|p1a: Lunala|100/100|[from] Grassy Terrain
|upkeep
|turn|3
|
|t:|1750747455
|move|p2a: Murkrow|Foul Play|p1b: Rillaboom
|-damage|p1b: Rillaboom|54/100
|cant|p2b: Reshiram|slp
|move|p1a: Lunala|Calm Mind|p1a: Lunala
|-boost|p1a: Lunala|spa|1
|-boost|p1a: Lunala|spd|1
|move|p1b: Rillaboom|Snarl|p2a: Murkrow|[spread] p2a,p2b
|-resisted|p2a: Murkrow
|-damage|p2a: Murkrow|1/100
|-damage|p2b: Reshiram|97/100 slp
|-unboost|p2a: Murkrow|spa|1
|-unboost|p2b: Reshiram|spa|1
|
|-heal|p2a: Murkrow|7/100|[from] Grassy Terrain
|-heal|p2b: Reshiram|100/100 slp|[from] Grassy Terrain
|-heal|p1b: Rillaboom|60/100|[from] Grassy Terrain
|upkeep
|turn|4
|
|t:|1750747474
|-terastallize|p2b: Reshiram|Fire
|move|p2a: Murkrow|Haze|p2a: Murkrow
|-clearallboost
|-curestatus|p2b: Reshiram|slp|[msg]
|move|p2b: Reshiram|Heat Wave|p1b: Rillaboom|[spread] p1a,p1b
|-supereffective|p1b: Rillaboom
|-damage|p1a: Lunala|80/100
|-damage|p1b: Rillaboom|0 fnt
|faint|p1b: Rillaboom
|move|p1a: Lunala|Moonblast|p2a: Murkrow
|-supereffective|p2a: Murkrow
|-damage|p2a: Murkrow|0 fnt
|faint|p2a: Murkrow
|
|-heal|p1a: Lunala|87/100|[from] Grassy Terrain
|upkeep
|
|t:|1750747493
|switch|p2a: Koraidon|Koraidon, L50|100/100
|switch|p1b: Sableye|Sableye, L50, F|100/100
|-weather|SunnyDay|[from] ability: Orichalcum Pulse|[of] p2a: Koraidon
|-activate|p2a: Koraidon|Orichalcum Pulse|[source]
|turn|5
|
|t:|1750747518
|switch|p1a: Calyrex|Calyrex-Shadow, L50|100/100
|-ability|p1a: Calyrex|As One
|-ability|p1a: Calyrex|Unnerve
|move|p1b: Sableye|Will-O-Wisp|p2a: Koraidon
|-status|p2a: Koraidon|brn
|move|p2a: Koraidon|Flare Blitz|p1a: Calyrex
|-damage|p1a: Calyrex|28/100
|-damage|p2a: Koraidon|75/100 brn|[from] Recoil
|-damage|p2a: Koraidon|66/100 brn|[from] item: Life Orb
|move|p2b: Reshiram|Blue Flare|p1a: Calyrex
|-damage|p1a: Calyrex|0 fnt
|faint|p1a: Calyrex
|
|-weather|SunnyDay|[upkeep]
|-heal|p2a: Koraidon|71/100 brn|[from] Grassy Terrain
|-damage|p2a: Koraidon|66/100 brn|[from] brn
|-sideend|p2: bonobobohemio|move: Tailwind
|-fieldend|move: Gravity
|upkeep
|
|t:|1750747537
|switch|p1a: Lunala|Lunala, L50, tera:Fairy|87/100
|turn|6
|
|t:|1750747545
|move|p1b: Sableye|Gravity|p1b: Sableye
|-fieldstart|move: Gravity
|move|p2a: Koraidon|Flare Blitz|p1a: Lunala
|-damage|p1a: Lunala|45/100
|-damage|p2a: Koraidon|47/100 brn|[from] Recoil
|-damage|p2a: Koraidon|37/100 brn|[from] item: Life Orb
|move|p1a: Lunala|Hypnosis|p2b: Reshiram
|-status|p2b: Reshiram|slp|[from] move: Hypnosis
|cant|p2b: Reshiram|slp
|
|-weather|SunnyDay|[upkeep]
|-heal|p2a: Koraidon|43/100 brn|[from] Grassy Terrain
|-heal|p1a: Lunala|51/100|[from] Grassy Terrain
|-damage|p2a: Koraidon|37/100 brn|[from] brn
|-fieldend|move: Grassy Terrain
|upkeep
|turn|7
|
|t:|1750747567
|move|p1b: Sableye|Sucker Punch|p2b: Reshiram
|-damage|p2b: Reshiram|84/100 slp
|move|p2a: Koraidon|Flare Blitz|p1a: Lunala
|-damage|p1a: Lunala|5/100
|-damage|p2a: Koraidon|16/100 brn|[from] Recoil
|-damage|p2a: Koraidon|7/100 brn|[from] item: Life Orb
|move|p1a: Lunala|Moonblast|p2a: Koraidon
|-supereffective|p2a: Koraidon
|-damage|p2a: Koraidon|0 fnt
|faint|p2a: Koraidon
|-curestatus|p2b: Reshiram|slp|[msg]
|move|p2b: Reshiram|Blue Flare|p1a: Lunala
|-damage|p1a: Lunala|0 fnt
|faint|p1a: Lunala
|
|-weather|SunnyDay|[upkeep]
|upkeep
|
|t:|1750747572
|switch|p2a: Raging Bolt|Raging Bolt, L50|100/100
|-activate|p2a: Raging Bolt|ability: Protosynthesis
|-start|p2a: Raging Bolt|protosynthesisspa
|turn|8
|c|☆bigbadbirdvgc|gg
|-message|bigbadbirdvgc forfeited.
|
|win|bonobobohemio
|raw|bigbadbirdvgc's rating: 1533 &rarr; <strong>1512</strong><br />(-21 for losing)
|raw|bonobobohemio's rating: 1521 &rarr; <strong>1542</strong><br />(+21 for winning)
|c|☆bonobobohemio|gg
|l|☆bonobobohemio
|player|p2|
|l|☆bigbadbirdvgc
|player|p1|
