|j|☆Adam2E
|j|☆MechantNoopy
|t:|1750777364
|gametype|doubles
|player|p1|Adam2E|170|1406
|player|p2|MechantNoopy|101|1401
|teamsize|p1|6
|teamsize|p2|6
|gen|9
|tier|[Gen 9] VGC 2025 Reg I
|rated|
|rule|Species Clause: Limit one of each Pokémon
|rule|Item Clause: Limit 1 of each item
|clearpoke
|poke|p1|Calyrex-Shadow, L50|
|poke|p1|Koraidon, L50|
|poke|p1|Garganacl, L50, M|
|poke|p1|Rillaboom, L50, F|
|poke|p1|Incineroar, L50, M|
|poke|p1|Urshifu-*, L50, M|
|poke|p2|Calyrex-Ice, L50|
|poke|p2|Regidrago, L50|
|poke|p2|Smeargle, L50, M|
|poke|p2|Kyogre, L50|
|poke|p2|Farigiraf, L50, F|
|poke|p2|Amoonguss, L50, F|
|teampreview|4
|inactive|Battle timer is ON: inactive players will automatically lose when time's up. (requested by Adam2E)
|
|t:|1750777422
|start
|switch|p1a: Calyrex|Calyrex-Shadow, L50|100/100
|switch|p1b: Urshifu|Urshifu-Rapid-Strike, L50, M|100/100
|switch|p2a: Calyrex|Calyrex-Ice, L50|100/100
|switch|p2b: Farigiraf|Farigiraf, L50, F|100/100
|-ability|p1a: Calyrex|As One
|-ability|p1a: Calyrex|Unnerve
|-ability|p2a: Calyrex|As One
|-ability|p2a: Calyrex|Unnerve
|turn|1
|inactive|Adam2E has 30 seconds left.
|inactive|MechantNoopy has 30 seconds left.
|inactive|Adam2E has 20 seconds left.
|inactive|Adam2E has 15 seconds left.
|inactive|MechantNoopy has 20 seconds left.
|inactive|MechantNoopy has 15 seconds left.
|
|t:|1750777468
|-terastallize|p1a: Calyrex|Dark
|-terastallize|p2a: Calyrex|Water
|move|p1b: Urshifu|Close Combat|p2a: Calyrex
|-damage|p2a: Calyrex|71/100
|-unboost|p1b: Urshifu|def|1
|-unboost|p1b: Urshifu|spd|1
|move|p1a: Calyrex|Dark Pulse|p2b: Farigiraf
|-supereffective|p2b: Farigiraf
|-damage|p2b: Farigiraf|23/100
|move|p2b: Farigiraf|Foul Play|p1a: Calyrex
|-resisted|p1a: Calyrex
|-damage|p1a: Calyrex|91/100
|move|p2a: Calyrex|Trick Room|p2a: Calyrex
|-fieldstart|move: Trick Room|[of] p2a: Calyrex
|
|upkeep
|turn|2
|
|t:|1750777492
|switch|p1b: Incineroar|Incineroar, L50, M|100/100
|-ability|p1b: Incineroar|Intimidate|boost
|-fail|p2a: Calyrex|unboost|[from] item: Clear Amulet|[of] p2a: Calyrex
|-unboost|p2b: Farigiraf|atk|1
|move|p2b: Farigiraf|Helping Hand|p2a: Calyrex
|-singleturn|p2a: Calyrex|Helping Hand|[of] p2b: Farigiraf
|move|p1a: Calyrex|Protect|p1a: Calyrex
|-singleturn|p1a: Calyrex|Protect
|move|p2a: Calyrex|Glacial Lance|p1a: Calyrex|[spread] p1b
|-activate|p1a: Calyrex|move: Protect
|-resisted|p1b: Incineroar
|-damage|p1b: Incineroar|72/100
|
|upkeep
|turn|3
|inactive|Adam2E has 30 seconds left.
|
|t:|1750777526
|move|p2b: Farigiraf|Helping Hand|p2a: Calyrex
|-singleturn|p2a: Calyrex|Helping Hand|[of] p2b: Farigiraf
|move|p2a: Calyrex|Glacial Lance|p1b: Incineroar|[spread] p1a,p1b
|-resisted|p1b: Incineroar
|-damage|p1a: Calyrex|10/100
|-damage|p1b: Incineroar|40/100
|move|p1b: Incineroar|Knock Off|p2b: Farigiraf
|-supereffective|p2b: Farigiraf
|-damage|p2b: Farigiraf|0 fnt
|-damage|p1b: Incineroar|24/100|[from] item: Rocky Helmet|[of] p2b: Farigiraf
|-enditem|p2b: Farigiraf|Rocky Helmet|[from] move: Knock Off|[of] p1b: Incineroar
|faint|p2b: Farigiraf
|move|p1a: Calyrex|Dark Pulse|p2a: Calyrex
|-damage|p2a: Calyrex|34/100
|
|upkeep
|
|t:|1750777548
|switch|p2b: Amoonguss|Amoonguss, L50, F|100/100
|turn|4
|inactive|Adam2E has 30 seconds left.
|inactive|Adam2E has 20 seconds left.
|
|t:|1750777583
|move|p1a: Calyrex|Protect|p1a: Calyrex
|-singleturn|p1a: Calyrex|Protect
|move|p2b: Amoonguss|Pollen Puff|p2a: Calyrex
|-heal|p2a: Calyrex|84/100
|move|p2a: Calyrex|Glacial Lance|p1b: Incineroar|[spread] p1b
|-activate|p1a: Calyrex|move: Protect
|-resisted|p1b: Incineroar
|-damage|p1b: Incineroar|3/100
|move|p1b: Incineroar|Flare Blitz|p2b: Amoonguss
|-supereffective|p2b: Amoonguss
|-damage|p2b: Amoonguss|1/100
|-damage|p1b: Incineroar|0 fnt|[from] Recoil
|faint|p1b: Incineroar
|
|upkeep
|
|t:|1750777603
|switch|p1b: Urshifu|Urshifu-Rapid-Strike, L50, M|100/100
|turn|5
|
|t:|1750777616
|move|p1a: Calyrex|Protect|p1a: Calyrex
|-singleturn|p1a: Calyrex|Protect
|move|p1b: Urshifu|Aqua Jet|p2b: Amoonguss
|-resisted|p2b: Amoonguss
|-damage|p2b: Amoonguss|0 fnt
|faint|p2b: Amoonguss
|move|p2a: Calyrex|Glacial Lance|p1b: Urshifu|[spread] p1b
|-activate|p1a: Calyrex|move: Protect
|-resisted|p1b: Urshifu
|-damage|p1b: Urshifu|76/100
|
|-fieldend|move: Trick Room
|upkeep
|
|t:|1750777623
|switch|p2b: Regidrago|Regidrago, L50|100/100
|turn|6
|
|t:|1750777630
|switch|p1b: Koraidon|Koraidon, L50|100/100
|-weather|SunnyDay|[from] ability: Orichalcum Pulse|[of] p1b: Koraidon
|-activate|p1b: Koraidon|Orichalcum Pulse|[source]
|move|p2b: Regidrago|Protect|p2b: Regidrago
|-singleturn|p2b: Regidrago|Protect
|move|p1a: Calyrex|Astral Barrage|p2a: Calyrex|[spread] p2a
|-activate|p2b: Regidrago|move: Protect
|-damage|p2a: Calyrex|48/100
|move|p2a: Calyrex|Trick Room|p2a: Calyrex
|-fieldstart|move: Trick Room|[of] p2a: Calyrex
|
|-weather|SunnyDay|[upkeep]
|upkeep
|turn|7
|
|t:|1750777654
|move|p1b: Koraidon|Protect|p1b: Koraidon
|-singleturn|p1b: Koraidon|Protect
|move|p1a: Calyrex|Protect|p1a: Calyrex
|-singleturn|p1a: Calyrex|Protect
|move|p2a: Calyrex|Glacial Lance|p1b: Koraidon|[spread] 
|-activate|p1a: Calyrex|move: Protect
|-activate|p1b: Koraidon|move: Protect
|move|p2b: Regidrago|Dragon Energy|p1a: Calyrex|[spread] 
|-activate|p1a: Calyrex|move: Protect
|-activate|p1b: Koraidon|move: Protect
|
|-weather|SunnyDay|[upkeep]
|upkeep
|turn|8
|
|t:|1750777668
|move|p2a: Calyrex|Glacial Lance|p1a: Calyrex|[spread] p1a,p1b
|-supereffective|p1b: Koraidon
|-damage|p1a: Calyrex|0 fnt
|-damage|p1b: Koraidon|14/100
|faint|p1a: Calyrex
|-ability|p2a: Calyrex|Chilling Neigh|boost
|-boost|p2a: Calyrex|atk|1
|move|p2b: Regidrago|Dragon Energy|p1b: Koraidon
|-supereffective|p1b: Koraidon
|-damage|p1b: Koraidon|0 fnt
|faint|p1b: Koraidon
|
|-weather|SunnyDay|[upkeep]
|upkeep
|-message|Adam2E forfeited.
|
|win|MechantNoopy
|raw|Adam2E's rating: 1406 &rarr; <strong>1386</strong><br />(-20 for losing)
|raw|MechantNoopy's rating: 1401 &rarr; <strong>1421</strong><br />(+20 for winning)
|l|☆Adam2E
|player|p1|
