|j|☆johnkharkiv
|j|‽FawkesSFA
|t:|1750748209
|gametype|doubles
|player|p1|johnkharkiv|swimmerf-gen4dp|1360
|player|p2|FawkesSFA|hilbert|1407
|teamsize|p1|6
|teamsize|p2|6
|gen|9
|tier|[Gen 9] VGC 2025 Reg I
|rated|
|rule|Species Clause: Limit one of each Pokémon
|rule|Item Clause: Limit 1 of each item
|clearpoke
|poke|p1|Ho-Oh, L50|
|poke|p1|Annihilape, L50, F|
|poke|p1|Electivire, L50, F|
|poke|p1|Whimsicott, L50, F|
|poke|p1|Indeedee-F, L50, F|
|poke|p1|Miraidon, L50|
|poke|p2|Groudon, L50|
|poke|p2|Indeedee-F, L50, F|
|poke|p2|Tornadus, L50, M|
|poke|p2|Lunala, L50|
|poke|p2|Flutter Mane, L50|
|poke|p2|Chi-Yu, L50|
|teampreview|4
|
|t:|1750748257
|start
|switch|p1a: Annihilape|Annihilape, L50, F, shiny|100/100
|switch|p1b: Whimsicott|Whimsicott, L50, F, shiny|100/100
|switch|p2a: Lunala|Lunala, L50|100/100
|switch|p2b: Flutter Mane|Flutter Mane, L50|100/100
|turn|1
|
|t:|1750748282
|-terastallize|p1a: Annihilape|Grass
|-terastallize|p2a: Lunala|Fairy
|move|p1a: Annihilape|Shadow Claw|p2a: Lunala
|-damage|p2a: Lunala|89/100
|move|p2b: Flutter Mane|Icy Wind|p1b: Whimsicott|[spread] p1a,p1b
|-supereffective|p1a: Annihilape
|-supereffective|p1b: Whimsicott
|-damage|p1a: Annihilape|74/100
|-damage|p1b: Whimsicott|62/100
|-unboost|p1a: Annihilape|spe|1
|-ability|p1a: Annihilape|Defiant|boost
|-boost|p1a: Annihilape|atk|2
|move|p2a: Lunala|Moongeist Beam|p1a: Annihilape
|-damage|p1a: Annihilape|20/100
|move|p1b: Whimsicott|Dazzling Gleam|p2a: Lunala|[spread] p2a,p2b
|-crit|p2b: Flutter Mane
|-damage|p2a: Lunala|75/100
|-damage|p2b: Flutter Mane|73/100
|
|upkeep
|turn|2
|inactive|Battle timer is ON: inactive players will automatically lose when time's up. (requested by johnkharkiv)
|
|t:|1750748329
|move|p1b: Whimsicott|Tailwind|p1b: Whimsicott
|-sidestart|p1: johnkharkiv|move: Tailwind
|move|p1a: Annihilape|Shadow Claw|p2b: Flutter Mane
|-supereffective|p2b: Flutter Mane
|-damage|p2b: Flutter Mane|0 fnt
|faint|p2b: Flutter Mane
|-end|p2b: Flutter Mane|Protosynthesis|[silent]
|move|p2a: Lunala|Meteor Beam||[still]
|-prepare|p2a: Lunala|Meteor Beam
|-boost|p2a: Lunala|spa|1
|-enditem|p2a: Lunala|Power Herb
|-anim|p2a: Lunala|Meteor Beam|p1b: Whimsicott
|-damage|p1b: Whimsicott|0 fnt
|faint|p1b: Whimsicott
|
|upkeep
|inactive|FawkesSFA has 30 seconds left.
|
|t:|1750748358
|switch|p2b: Groudon|Groudon, L50|100/100
|switch|p1b: Ho-Oh|Ho-Oh, L50, shiny|100/100
|-weather|SunnyDay|[from] ability: Drought|[of] p2b: Groudon
|turn|3
|inactive|FawkesSFA has 30 seconds left.
|inactive|FawkesSFA has 20 seconds left.
|
|t:|1750748395
|move|p1a: Annihilape|Shadow Claw|p2a: Lunala
|-damage|p2a: Lunala|28/100
|move|p1b: Ho-Oh|Sacred Fire|p2b: Groudon
|-damage|p2b: Groudon|39/100
|move|p2b: Groudon|Precipice Blades|p1b: Ho-Oh|[spread] 
|-immune|p1b: Ho-Oh
|-miss|p2b: Groudon|p1a: Annihilape
|move|p2a: Lunala|Moongeist Beam|p1b: Ho-Oh
|-damage|p1b: Ho-Oh|62/100
|
|-weather|SunnyDay|[upkeep]
|upkeep
|turn|4
|inactive|johnkharkiv has 30 seconds left.
|inactive|johnkharkiv has 20 seconds left.
|inactive|johnkharkiv has 15 seconds left.
|
|t:|1750748436
|move|p1a: Annihilape|Shadow Claw|p2a: Lunala
|-damage|p2a: Lunala|0 fnt
|faint|p2a: Lunala
|move|p1b: Ho-Oh|Sacred Fire|p2b: Groudon
|-damage|p2b: Groudon|0 fnt
|faint|p2b: Groudon
|
|-weather|SunnyDay|[upkeep]
|upkeep
|
|t:|1750748440
|switch|p2a: Chi-Yu|Chi-Yu, L50|100/100
|-ability|p2a: Chi-Yu|Beads of Ruin
|turn|5
|
|t:|1750748462
|move|p1a: Annihilape|Shadow Claw|p2a: Chi-Yu
|-resisted|p2a: Chi-Yu
|-crit|p2a: Chi-Yu
|-damage|p2a: Chi-Yu|34/100
|move|p1b: Ho-Oh|Earthquake|p2a: Chi-Yu|[spread] p1a,p2a
|-resisted|p1a: Annihilape
|-supereffective|p2a: Chi-Yu
|-damage|p1a: Annihilape|6/100
|-damage|p2a: Chi-Yu|0 fnt
|faint|p2a: Chi-Yu
|
|win|johnkharkiv
|raw|johnkharkiv's rating: 1360 &rarr; <strong>1383</strong><br />(+23 for winning)
|raw|FawkesSFA's rating: 1407 &rarr; <strong>1384</strong><br />(-23 for losing)
|l|‽FawkesSFA
|player|p2|
