|j|☆KhankoRex
|j|☆ilikegreenbanana
|t:|1750729038
|gametype|doubles
|player|p1|KhankoRex|1|1456
|player|p2|ilikegreenbanana|1|1461
|teamsize|p1|6
|teamsize|p2|6
|gen|9
|tier|[Gen 9] VGC 2025 Reg I
|rated|
|rule|Species Clause: Limit one of each Pokémon
|rule|Item Clause: Limit 1 of each item
|clearpoke
|poke|p1|Okidogi, L50, M|
|poke|p1|Calyrex-Shadow, L50|
|poke|p1|Miraidon, L50|
|poke|p1|Chien-Pao, L50|
|poke|p1|Talonflame, L50, F|
|poke|p1|Ogerpon-Cornerstone, L50, F|
|poke|p2|Ting-Lu, L50|
|poke|p2|Calyrex-Shadow, L50|
|poke|p2|Rillaboom, L50, M|
|poke|p2|Indeedee-F, L50, F|
|poke|p2|Zamazenta-*, L50|
|poke|p2|Comfey, L50, M|
|teampreview|4
|inactive|Battle timer is ON: inactive players will automatically lose when time's up. (requested by ilikegreenbanana)
|l|☆ilikegreenbanana
|inactive|ilikegreenbanana disconnected and has a minute to reconnect!
|player|p2|
|j|☆ilikegreenbanana
|inactive|ilikegreenbanana reconnected and has 55 seconds left.
|player|p2|ilikegreenbanana|1|
|
|t:|1750729096
|start
|switch|p1a: Okidogi|Okidogi, L50, M|100/100
|switch|p1b: Chien-Pao|Chien-Pao, L50|100/100
|switch|p2a: Zamazenta|Zamazenta-Crowned, L50|100/100
|switch|p2b: Ting-Lu|Ting-Lu, L50|100/100
|-ability|p1b: Chien-Pao|Sword of Ruin
|-ability|p2a: Zamazenta|Dauntless Shield|boost
|-boost|p2a: Zamazenta|def|1
|-ability|p2b: Ting-Lu|Vessel of Ruin
|turn|1
|
|t:|1750729121
|-terastallize|p2a: Zamazenta|Ghost
|move|p1b: Chien-Pao|Protect|p1b: Chien-Pao
|-singleturn|p1b: Chien-Pao|Protect
|move|p2a: Zamazenta|Iron Defense|p2a: Zamazenta
|-boost|p2a: Zamazenta|def|2
|move|p1a: Okidogi|Drain Punch|p2b: Ting-Lu
|-supereffective|p2b: Ting-Lu
|-damage|p2b: Ting-Lu|41/100
|move|p2b: Ting-Lu|Whirlwind|p1a: Okidogi
|-activate|p1a: Okidogi|ability: Guard Dog
|
|-heal|p2b: Ting-Lu|47/100|[from] item: Leftovers
|upkeep
|turn|2
|inactive|KhankoRex has 30 seconds left.
|
|t:|1750729150
|switch|p1b: Calyrex|Calyrex-Shadow, L50|100/100
|-ability|p1b: Calyrex|As One
|-ability|p1b: Calyrex|Unnerve
|move|p2b: Ting-Lu|Protect|p2b: Ting-Lu
|-singleturn|p2b: Ting-Lu|Protect
|move|p2a: Zamazenta|Iron Defense|p2a: Zamazenta
|-boost|p2a: Zamazenta|def|2
|move|p1a: Okidogi|Drain Punch|p2b: Ting-Lu
|-activate|p2b: Ting-Lu|move: Protect
|
|-heal|p2b: Ting-Lu|53/100|[from] item: Leftovers
|upkeep
|turn|3
|inactive|KhankoRex has 30 seconds left.
|inactive|KhankoRex has 20 seconds left.
|
|t:|1750729185
|move|p1b: Calyrex|Protect|p1b: Calyrex
|-singleturn|p1b: Calyrex|Protect
|move|p2a: Zamazenta|Body Press|p1a: Okidogi
|-resisted|p1a: Okidogi
|-damage|p1a: Okidogi|44/100
|move|p1a: Okidogi|Drain Punch|p2b: Ting-Lu
|-supereffective|p2b: Ting-Lu
|-damage|p2b: Ting-Lu|10/100
|-heal|p1a: Okidogi|73/100|[from] drain|[of] p2b: Ting-Lu
|move|p2b: Ting-Lu|Snarl|p1b: Calyrex|[spread] p1a
|-activate|p1b: Calyrex|move: Protect
|-resisted|p1a: Okidogi
|-damage|p1a: Okidogi|70/100
|-unboost|p1a: Okidogi|spa|1
|
|-heal|p2b: Ting-Lu|16/100|[from] item: Leftovers
|upkeep
|turn|4
|inactive|KhankoRex has 30 seconds left.
|inactive|KhankoRex has 20 seconds left.
|
|t:|1750729225
|switch|p2a: Rillaboom|Rillaboom, L50, M|100/100
|-fieldstart|move: Grassy Terrain|[from] ability: Grassy Surge|[of] p2a: Rillaboom
|-terastallize|p1b: Calyrex|Ghost
|move|p2b: Ting-Lu|Protect|p2b: Ting-Lu
|-singleturn|p2b: Ting-Lu|Protect
|move|p1b: Calyrex|Astral Barrage|p2b: Ting-Lu|[spread] p2a
|-activate|p2b: Ting-Lu|move: Protect
|-damage|p2a: Rillaboom|60/100
|move|p1a: Okidogi|Drain Punch|p2b: Ting-Lu
|-activate|p2b: Ting-Lu|move: Protect
|
|-heal|p1a: Okidogi|76/100|[from] Grassy Terrain
|-heal|p2a: Rillaboom|66/100|[from] Grassy Terrain
|-heal|p2b: Ting-Lu|22/100|[from] Grassy Terrain
|-heal|p2b: Ting-Lu|28/100|[from] item: Leftovers
|upkeep
|turn|5
|
|t:|1750729250
|move|p1b: Calyrex|Protect|p1b: Calyrex
|-singleturn|p1b: Calyrex|Protect
|move|p2a: Rillaboom|Fake Out|p1a: Okidogi
|-damage|p1a: Okidogi|64/100
|cant|p1a: Okidogi|flinch
|move|p2b: Ting-Lu|Whirlwind|p1b: Calyrex
|drag|p1b: Miraidon|Miraidon, L50|100/100
|-fieldstart|move: Electric Terrain|[from] ability: Hadron Engine|[of] p1b: Miraidon
|
|-heal|p2b: Ting-Lu|34/100|[from] item: Leftovers
|upkeep
|turn|6
|
|t:|1750729272
|switch|p2b: Comfey|Comfey, L50, M|100/100
|move|p1b: Miraidon|Dragon Pulse|p2b: Comfey
|-immune|p2b: Comfey
|move|p1a: Okidogi|Gunk Shot|p2a: Rillaboom
|-supereffective|p2a: Rillaboom
|-damage|p2a: Rillaboom|0 fnt
|faint|p2a: Rillaboom
|
|upkeep
|
|t:|1750729283
|switch|p2a: Zamazenta|Zamazenta-Crowned, L50, tera:Ghost|100/100
|turn|7
|
|t:|1750729297
|switch|p1b: Calyrex|Calyrex-Shadow, L50, tera:Ghost|100/100
|-ability|p1b: Calyrex|As One
|-ability|p1b: Calyrex|Unnerve
|move|p2b: Comfey|Protect|p2b: Comfey
|-singleturn|p2b: Comfey|Protect
|move|p2a: Zamazenta|Iron Defense|p2a: Zamazenta
|-boost|p2a: Zamazenta|def|2
|move|p1a: Okidogi|Gunk Shot|p2b: Comfey
|-activate|p2b: Comfey|move: Protect
|
|upkeep
|turn|8
|
|t:|1750729315
|switch|p2b: Ting-Lu|Ting-Lu, L50|34/100
|-ability|p2b: Ting-Lu|Vessel of Ruin
|move|p1b: Calyrex|Protect|p1b: Calyrex
|-singleturn|p1b: Calyrex|Protect
|move|p2a: Zamazenta|Protect|p2a: Zamazenta
|-singleturn|p2a: Zamazenta|Protect
|move|p1a: Okidogi|Gunk Shot|p2b: Ting-Lu
|-resisted|p2b: Ting-Lu
|-crit|p2b: Ting-Lu
|-damage|p2b: Ting-Lu|11/100
|
|-heal|p2b: Ting-Lu|17/100|[from] item: Leftovers
|upkeep
|turn|9
|j| falafal hunk chunk
|
|t:|1750729337
|move|p1b: Calyrex|Astral Barrage|p2a: Zamazenta|[spread] p2a,p2b
|-supereffective|p2a: Zamazenta
|-resisted|p2b: Ting-Lu
|-damage|p2a: Zamazenta|26/100
|-damage|p2b: Ting-Lu|1/100
|move|p2a: Zamazenta|Body Press|p1a: Okidogi
|-resisted|p1a: Okidogi
|-damage|p1a: Okidogi|31/100
|move|p1a: Okidogi|Drain Punch|p2b: Ting-Lu
|-supereffective|p2b: Ting-Lu
|-damage|p2b: Ting-Lu|0 fnt
|-heal|p1a: Okidogi|31/100|[from] drain|[of] p2b: Ting-Lu
|faint|p2b: Ting-Lu
|
|-fieldend|move: Electric Terrain
|upkeep
|-message|ilikegreenbanana forfeited.
|
|win|KhankoRex
|raw|KhankoRex's rating: 1456 &rarr; <strong>1476</strong><br />(+20 for winning)
|raw|ilikegreenbanana's rating: 1461 &rarr; <strong>1441</strong><br />(-20 for losing)
|l|☆ilikegreenbanana
|player|p2|
|l|☆KhankoRex
|player|p1|
