|j|☆xavvcb
|j|☆booghost23
|t:|1750771255
|gametype|doubles
|player|p1|xavvcb|flint|1200
|player|p2|booghost23|policeman-gen4|1218
|teamsize|p1|6
|teamsize|p2|6
|gen|9
|tier|[Gen 9] VGC 2025 Reg I
|rated|
|rule|Species Clause: Limit one of each Pokémon
|rule|Item Clause: Limit 1 of each item
|clearpoke
|poke|p1|Whimsicott, L50, F|
|poke|p1|Kyogre, L50|
|poke|p1|Politoed, L50, M|
|poke|p1|Raichu, L50, F|
|poke|p1|Tornadus, L50, M|
|poke|p1|Calyrex-Shadow, L50|
|poke|p2|Dusclops, L50, M|
|poke|p2|Groudon, L50|
|poke|p2|Charizard, L50, M|
|poke|p2|Arcanine, L50, M|
|poke|p2|Koraidon, L50|
|poke|p2|Golem, L50, M|
|teampreview|4
|inactive|Battle timer is ON: inactive players will automatically lose when time's up. (requested by xavvcb)
xavvcb rejected open team sheets.
|c|☆xavvcb|wow nice team
|
|t:|1750771273
|start
|switch|p1a: DE BRUYNE|Whimsicott, L50, F, shiny|100/100
|switch|p1b: CRISTIANO RONALDO|Kyogre, L50|100/100
|switch|p2a: Charcoal|Charizard, L50, M, shiny|100/100
|switch|p2b: Rock ON|Golem, L50, M|100/100
|-weather|RainDance|[from] ability: Drizzle|[of] p1b: CRISTIANO RONALDO
|turn|1
|
|t:|1750771289
|-terastallize|p2a: Charcoal|Electric
|move|p2b: Rock ON|Wide Guard|p2b: Rock ON
|-singleturn|p2b: Rock ON|Wide Guard
|move|p1a: DE BRUYNE|Tailwind|p1a: DE BRUYNE
|-sidestart|p1: xavvcb|move: Tailwind
|move|p1b: CRISTIANO RONALDO|Water Spout|p2b: Rock ON|[spread] 
|-activate|p2a: Charcoal|move: Wide Guard
|-activate|p2b: Rock ON|move: Wide Guard
|move|p2a: Charcoal|Tera Blast|p1b: CRISTIANO RONALDO|[anim] Tera Blast Electric
|-supereffective|p1b: CRISTIANO RONALDO
|-damage|p1b: CRISTIANO RONALDO|29/100
|-damage|p2a: Charcoal|91/100|[from] item: Life Orb
|
|-weather|RainDance|[upkeep]
|upkeep
|turn|2
|
|t:|1750771314
|switch|p1b: WIRTZ|Calyrex-Shadow, L50|100/100
|-ability|p1b: WIRTZ|As One
|-ability|p1b: WIRTZ|Unnerve
|switch|p2b: Ride or Die|Koraidon, L50|100/100
|-weather|SunnyDay|[from] ability: Orichalcum Pulse|[of] p2b: Ride or Die
|-activate|p2b: Ride or Die|Orichalcum Pulse|[source]
|move|p1a: DE BRUYNE|Light Screen|p1a: DE BRUYNE
|-sidestart|p1: xavvcb|move: Light Screen
|move|p2a: Charcoal|Heat Wave|p1b: WIRTZ|[spread] p1a,p1b
|-supereffective|p1a: DE BRUYNE
|-crit|p1a: DE BRUYNE
|-damage|p1a: DE BRUYNE|0 fnt
|-damage|p1b: WIRTZ|40/100
|faint|p1a: DE BRUYNE
|-damage|p2a: Charcoal|81/100|[from] item: Life Orb
|
|-weather|SunnyDay|[upkeep]
|-damage|p2a: Charcoal|69/100|[from] ability: Solar Power|[of] p2a: Charcoal
|upkeep
|c|☆booghost23|you like it?
|c|☆booghost23|thanks man
|
|t:|1750771332
|switch|p1a: CRISTIANO RONALDO|Kyogre, L50|29/100
|-weather|RainDance|[from] ability: Drizzle|[of] p1a: CRISTIANO RONALDO
|turn|3
|inactive|booghost23 has 30 seconds left.
|
|t:|1750771359
|switch|p2b: The Don|Groudon, L50|100/100
|-weather|SunnyDay|[from] ability: Drought|[of] p2b: The Don
|move|p2a: Charcoal|Protect|p2a: Charcoal
|-singleturn|p2a: Charcoal|Protect
|move|p1b: WIRTZ|Astral Barrage|p2b: The Don|[spread] p2b
|-activate|p2a: Charcoal|move: Protect
|-damage|p2b: The Don|27/100
|-damage|p1b: WIRTZ|31/100|[from] item: Life Orb
|move|p1a: CRISTIANO RONALDO|Origin Pulse|p2b: The Don|[spread] p2b
|-activate|p2a: Charcoal|move: Protect
|-supereffective|p2b: The Don
|-damage|p2b: The Don|0 fnt
|faint|p2b: The Don
|
|-weather|SunnyDay|[upkeep]
|-damage|p2a: Charcoal|56/100|[from] ability: Solar Power|[of] p2a: Charcoal
|upkeep
|
|t:|1750771377
|switch|p2b: Rock ON|Golem, L50, M|100/100
|turn|4
|
|t:|1750771400
|switch|p1a: TRIKINHO|Politoed, L50, M|100/100
|-weather|RainDance|[from] ability: Drizzle|[of] p1a: TRIKINHO
|move|p2b: Rock ON|Wide Guard|p2b: Rock ON
|-singleturn|p2b: Rock ON|Wide Guard
|move|p1b: WIRTZ|Psychic|p2a: Charcoal
|-damage|p2a: Charcoal|0 fnt
|faint|p2a: Charcoal
|-ability|p1b: WIRTZ|Grim Neigh|boost
|-boost|p1b: WIRTZ|spa|1
|-damage|p1b: WIRTZ|21/100|[from] item: Life Orb
|
|-weather|RainDance|[upkeep]
|-sideend|p1: xavvcb|move: Tailwind
|upkeep
|
|t:|1750771412
|switch|p2a: Ride or Die|Koraidon, L50|100/100
|-weather|SunnyDay|[from] ability: Orichalcum Pulse|[of] p2a: Ride or Die
|-activate|p2a: Ride or Die|Orichalcum Pulse|[source]
|turn|5
|
|t:|1750771434
|move|p2a: Ride or Die|Protect|p2a: Ride or Die
|-singleturn|p2a: Ride or Die|Protect
|move|p1b: WIRTZ|Psychic|p2a: Ride or Die
|-activate|p2a: Ride or Die|move: Protect
|move|p2b: Rock ON|Earthquake|p1a: TRIKINHO|[spread] p1a,p1b
|-activate|p2a: Ride or Die|move: Protect
|-damage|p1a: TRIKINHO|55/100
|-damage|p1b: WIRTZ|0 fnt
|faint|p1b: WIRTZ
|move|p1a: TRIKINHO|Muddy Water|p2a: Ride or Die|[spread] p2b
|-activate|p2a: Ride or Die|move: Protect
|-supereffective|p2b: Rock ON
|-damage|p2b: Rock ON|16/100
|
|-weather|SunnyDay|[upkeep]
|upkeep
|
|t:|1750771446
|switch|p1b: CRISTIANO RONALDO|Kyogre, L50|29/100
|-weather|RainDance|[from] ability: Drizzle|[of] p1b: CRISTIANO RONALDO
|turn|6
|
|t:|1750771461
|-terastallize|p1b: CRISTIANO RONALDO|Electric
|move|p2b: Rock ON|Wide Guard|p2b: Rock ON
|-singleturn|p2b: Rock ON|Wide Guard
|move|p2a: Ride or Die|Dragon Claw|p1b: CRISTIANO RONALDO
|-damage|p1b: CRISTIANO RONALDO|0 fnt
|faint|p1b: CRISTIANO RONALDO
|move|p1a: TRIKINHO|Icy Wind|p2b: Rock ON|[spread] 
|-activate|p2a: Ride or Die|move: Wide Guard
|-activate|p2b: Rock ON|move: Wide Guard
|
|-weather|RainDance|[upkeep]
|-sideend|p1: xavvcb|move: Light Screen
|upkeep
|turn|7
|c|☆xavvcb|gg
|
|t:|1750771476
|move|p2b: Rock ON|Wide Guard|p2b: Rock ON
|-singleturn|p2b: Rock ON|Wide Guard
|move|p2a: Ride or Die|Dragon Claw|p1a: TRIKINHO
|-damage|p1a: TRIKINHO|0 fnt
|faint|p1a: TRIKINHO
|
|win|booghost23
|raw|xavvcb's rating: 1200 &rarr; <strong>1176</strong><br />(-24 for losing)
|raw|booghost23's rating: 1218 &rarr; <strong>1242</strong><br />(+24 for winning)
|c|☆booghost23|gg man
|l|☆xavvcb
|player|p1|
|l|☆booghost23
|player|p2|
