|j|☆Megaman087
|j|☆Ayyofred
|t:|1750741215
|gametype|doubles
|player|p1|Megaman087|lucas|1382
|player|p2|Ayyofred|juggler|1440
|teamsize|p1|6
|teamsize|p2|6
|gen|9
|tier|[Gen 9] VGC 2025 Reg I
|rated|
|rule|Species Clause: Limit one of each Pokémon
|rule|Item Clause: Limit 1 of each item
|clearpoke
|poke|p1|Eternatus, L50|
|poke|p1|Grimmsnarl, L50, M|
|poke|p1|Wo-Chien, L50|
|poke|p1|Qwilfish-Hisui, L50, F|
|poke|p1|Cresselia, L50, F|
|poke|p1|Dialga-Origin, L50|
|poke|p2|Kyogre, L50|
|poke|p2|Pelipper, L50, F|
|poke|p2|Zacian-*, L50|
|poke|p2|Raging Bolt, L50|
|poke|p2|Amoonguss, L50, F|
|poke|p2|Farigiraf, L50, F|
|teampreview|4
|
|t:|1750741263
|start
|switch|p1a: Grimmsnarl|Grimmsnarl, L50, M|100/100
|switch|p1b: Wo-Chien|Wo-Chien, L50|100/100
|switch|p2a: Zacian|Zacian-Crowned, L50|100/100
|switch|p2b: Raging Bolt|Raging Bolt, L50|100/100
|-ability|p2a: Zacian|Intrepid Sword|boost
|-boost|p2a: Zacian|atk|1
|-ability|p1b: Wo-Chien|Tablets of Ruin
|-enditem|p2b: Raging Bolt|Booster Energy
|-activate|p2b: Raging Bolt|ability: Protosynthesis|[fromitem]
|-start|p2b: Raging Bolt|protosynthesisspa
|turn|1
|inactive|Battle timer is ON: inactive players will automatically lose when time's up. (requested by Ayyofred)
|
|t:|1750741289
|move|p1b: Wo-Chien|Protect|p1b: Wo-Chien
|-singleturn|p1b: Wo-Chien|Protect
|move|p1a: Grimmsnarl|Reflect|p1a: Grimmsnarl
|-sidestart|p1: Megaman087|Reflect
|move|p2a: Zacian|Play Rough|p1b: Wo-Chien
|-activate|p1b: Wo-Chien|move: Protect
|move|p2b: Raging Bolt|Calm Mind|p2b: Raging Bolt
|-boost|p2b: Raging Bolt|spa|1
|-boost|p2b: Raging Bolt|spd|1
|
|upkeep
|turn|2
|inactive|Megaman087 has 30 seconds left.
|
|t:|1750741318
|switch|p1b: Qwilfish|Qwilfish-Hisui, L50, F, shiny|100/100
|-ability|p1b: Qwilfish|Intimidate|boost
|-unboost|p2a: Zacian|atk|1
|-unboost|p2b: Raging Bolt|atk|1
|move|p1a: Grimmsnarl|Thunder Wave|p2a: Zacian
|-status|p2a: Zacian|par
|move|p2a: Zacian|Behemoth Blade|p1a: Grimmsnarl
|-supereffective|p1a: Grimmsnarl
|-damage|p1a: Grimmsnarl|35/100
|move|p2b: Raging Bolt|Calm Mind|p2b: Raging Bolt
|-boost|p2b: Raging Bolt|spa|1
|-boost|p2b: Raging Bolt|spd|1
|
|upkeep
|turn|3
|
|t:|1750741339
|move|p2b: Raging Bolt|Thunderclap||[still]
|-fail|p2b: Raging Bolt
|move|p1a: Grimmsnarl|Light Screen|p1a: Grimmsnarl
|-sidestart|p1: Megaman087|move: Light Screen
|move|p2a: Zacian|Behemoth Blade|p1a: Grimmsnarl
|-supereffective|p1a: Grimmsnarl
|-damage|p1a: Grimmsnarl|0 fnt
|faint|p1a: Grimmsnarl
|move|p1b: Qwilfish|Toxic Spikes|p2b: Raging Bolt
|-sidestart|p2: Ayyofred|move: Toxic Spikes
|
|upkeep
|
|t:|1750741350
|switch|p1a: Wo-Chien|Wo-Chien, L50|100/100
|-ability|p1a: Wo-Chien|Tablets of Ruin
|turn|4
|
|t:|1750741361
|move|p2a: Zacian|Play Rough|p1a: Wo-Chien
|-supereffective|p1a: Wo-Chien
|-damage|p1a: Wo-Chien|69/100
|move|p1b: Qwilfish|Toxic Spikes|p2a: Zacian
|-sidestart|p2: Ayyofred|move: Toxic Spikes
|move|p2b: Raging Bolt|Dragon Pulse|p1b: Qwilfish
|-damage|p1b: Qwilfish|43/100
|move|p1a: Wo-Chien|Leech Seed|p2b: Raging Bolt
|-start|p2b: Raging Bolt|move: Leech Seed
|
|-heal|p1a: Wo-Chien|75/100|[from] item: Leftovers
|-damage|p2b: Raging Bolt|88/100|[from] Leech Seed|[of] p1a: Wo-Chien
|-heal|p1a: Wo-Chien|90/100|[silent]
|upkeep
|turn|5
|inactive|Megaman087 has 30 seconds left.
|inactive|Ayyofred has 30 seconds left.
|inactive|Megaman087 has 20 seconds left.
|inactive|Ayyofred has 20 seconds left.
|
|t:|1750741400
|cant|p2a: Zacian|par
|move|p1b: Qwilfish|Barb Barrage|p2b: Raging Bolt
|-damage|p2b: Raging Bolt|76/100
|-status|p2b: Raging Bolt|psn
|move|p2b: Raging Bolt|Dragon Pulse|p1b: Qwilfish
|-damage|p1b: Qwilfish|0 fnt
|faint|p1b: Qwilfish
|move|p1a: Wo-Chien|Ingrain|p1a: Wo-Chien
|-start|p1a: Wo-Chien|move: Ingrain
|
|-heal|p1a: Wo-Chien|96/100|[from] item: Leftovers
|-heal|p1a: Wo-Chien|100/100|[from] Ingrain
|-damage|p2b: Raging Bolt|64/100 psn|[from] Leech Seed|[of] p1a: Wo-Chien
|-damage|p2b: Raging Bolt|51/100 psn|[from] psn
|upkeep
|
|t:|1750741416
|switch|p1b: Eternatus|Eternatus, L50|100/100
|-ability|p1b: Eternatus|Pressure
|turn|6
|
|t:|1750741439
|-terastallize|p2b: Raging Bolt|Fairy
|move|p1b: Eternatus|Protect|p1b: Eternatus
|-singleturn|p1b: Eternatus|Protect
|cant|p2a: Zacian|par
|move|p2b: Raging Bolt|Dragon Pulse|p1b: Eternatus
|-activate|p1b: Eternatus|move: Protect
|move|p1a: Wo-Chien|Leech Seed|p2a: Zacian
|-start|p2a: Zacian|move: Leech Seed
|
|-damage|p2a: Zacian|88/100 par|[from] Leech Seed|[of] p1a: Wo-Chien
|-damage|p2b: Raging Bolt|39/100 psn|[from] Leech Seed|[of] p1a: Wo-Chien
|-damage|p2b: Raging Bolt|26/100 psn|[from] psn
|upkeep
|turn|7
|inactive|Megaman087 has 30 seconds left.
|
|t:|1750741465
|-terastallize|p1b: Eternatus|Fairy
|move|p2a: Zacian|Protect|p2a: Zacian
|-singleturn|p2a: Zacian|Protect
|move|p1b: Eternatus|Fire Spin|p2a: Zacian
|-activate|p2a: Zacian|move: Protect
|move|p2b: Raging Bolt|Dragon Pulse|p1b: Eternatus
|-immune|p1b: Eternatus
|move|p1a: Wo-Chien|Pollen Puff|p1b: Eternatus
|
|-damage|p2a: Zacian|75/100 par|[from] Leech Seed|[of] p1a: Wo-Chien
|-damage|p2b: Raging Bolt|14/100 psn|[from] Leech Seed|[of] p1a: Wo-Chien
|-damage|p2b: Raging Bolt|1/100 psn|[from] psn
|upkeep
|turn|8
|inactive|Ayyofred has 30 seconds left.
|
|t:|1750741500
|move|p2b: Raging Bolt|Thunderclap||[still]
|-fail|p2b: Raging Bolt
|move|p1b: Eternatus|Cosmic Power|p1b: Eternatus
|-boost|p1b: Eternatus|def|1
|-boost|p1b: Eternatus|spd|1
|move|p2a: Zacian|Play Rough|p1a: Wo-Chien
|-supereffective|p1a: Wo-Chien
|-damage|p1a: Wo-Chien|67/100
|move|p1a: Wo-Chien|Pollen Puff|p1b: Eternatus
|
|-heal|p1a: Wo-Chien|73/100|[from] item: Leftovers
|-heal|p1a: Wo-Chien|80/100|[from] Ingrain
|-damage|p2a: Zacian|63/100 par|[from] Leech Seed|[of] p1a: Wo-Chien
|-heal|p1a: Wo-Chien|91/100|[silent]
|-damage|p2b: Raging Bolt|0 fnt|[from] Leech Seed|[of] p1a: Wo-Chien
|-heal|p1a: Wo-Chien|92/100|[silent]
|faint|p2b: Raging Bolt
|-end|p2b: Raging Bolt|Protosynthesis|[silent]
|-sideend|p1: Megaman087|Reflect
|upkeep
|
|t:|1750741524
|switch|p2b: Kyogre|Kyogre, L50|100/100
|-status|p2b: Kyogre|tox
|-weather|RainDance|[from] ability: Drizzle|[of] p2b: Kyogre
|turn|9
|
|t:|1750741543
|move|p1b: Eternatus|Protect|p1b: Eternatus
|-singleturn|p1b: Eternatus|Protect
|move|p2b: Kyogre|Ice Beam|p1a: Wo-Chien
|-supereffective|p1a: Wo-Chien
|-damage|p1a: Wo-Chien|62/100
|move|p2a: Zacian|Behemoth Blade|p1b: Eternatus
|-activate|p1b: Eternatus|move: Protect
|move|p1a: Wo-Chien|Leech Seed|p2b: Kyogre
|-start|p2b: Kyogre|move: Leech Seed
|
|-weather|RainDance|[upkeep]
|-heal|p1a: Wo-Chien|69/100|[from] item: Leftovers
|-heal|p1a: Wo-Chien|75/100|[from] Ingrain
|-damage|p2b: Kyogre|88/100 tox|[from] Leech Seed|[of] p1a: Wo-Chien
|-heal|p1a: Wo-Chien|88/100|[silent]
|-damage|p2a: Zacian|50/100 par|[from] Leech Seed|[of] p1a: Wo-Chien
|-heal|p1a: Wo-Chien|99/100|[silent]
|-damage|p2b: Kyogre|83/100 tox|[from] psn
|upkeep
|turn|10
|
|t:|1750741567
|move|p2b: Kyogre|Ice Beam|p1b: Eternatus
|-damage|p1b: Eternatus|93/100
|move|p1b: Eternatus|Cosmic Power|p1b: Eternatus
|-boost|p1b: Eternatus|def|1
|-boost|p1b: Eternatus|spd|1
|move|p2a: Zacian|Behemoth Blade|p1b: Eternatus
|-supereffective|p1b: Eternatus
|-damage|p1b: Eternatus|64/100
|move|p1a: Wo-Chien|Pollen Puff|p2b: Kyogre
|-damage|p2b: Kyogre|69/100 tox
|
|-weather|RainDance|[upkeep]
|-heal|p1a: Wo-Chien|100/100|[from] item: Leftovers
|-damage|p2b: Kyogre|57/100 tox|[from] Leech Seed|[of] p1a: Wo-Chien
|-damage|p2a: Zacian|38/100 par|[from] Leech Seed|[of] p1a: Wo-Chien
|-damage|p2b: Kyogre|45/100 tox|[from] psn
|-sideend|p1: Megaman087|move: Light Screen
|upkeep
|turn|11
|inactive|Megaman087 has 30 seconds left.
|inactive|Ayyofred has 30 seconds left.
|inactive|Megaman087 has 20 seconds left.
|
|t:|1750741606
|switch|p2a: Amoonguss|Amoonguss, L50, F|100/100
|-sideend|p2: Ayyofred|move: Toxic Spikes|[of] p2a: Amoonguss
|move|p1b: Eternatus|Protect|p1b: Eternatus
|-singleturn|p1b: Eternatus|Protect
|move|p2b: Kyogre|Ice Beam|p1b: Eternatus
|-activate|p1b: Eternatus|move: Protect
|move|p1a: Wo-Chien|Pollen Puff|p2a: Amoonguss
|-damage|p2a: Amoonguss|86/100
|
|-weather|RainDance|[upkeep]
|-damage|p2b: Kyogre|33/100 tox|[from] Leech Seed|[of] p1a: Wo-Chien
|-damage|p2b: Kyogre|16/100 tox|[from] psn
|upkeep
|turn|12
|-message|Ayyofred forfeited.
|
|win|Megaman087
|raw|Megaman087's rating: 1382 &rarr; <strong>1405</strong><br />(+23 for winning)
|raw|Ayyofred's rating: 1440 &rarr; <strong>1417</strong><br />(-23 for losing)
|l|☆Ayyofred
|player|p2|
|l|☆Megaman087
|player|p1|
