|j|☆Ever 10A
|j|☆zhz2021
|t:|1750740763
|gametype|doubles
|player|p1|Ever 10A|169|1468
|player|p2|zhz2021|marley|1542
|teamsize|p1|6
|teamsize|p2|6
|gen|9
|tier|[Gen 9] VGC 2025 Reg I
|rated|
|rule|Species Clause: Limit one of each Pokémon
|rule|Item Clause: Limit 1 of each item
|clearpoke
|poke|p1|Zamazenta-*, L50|
|poke|p1|Calyrex-Shadow, L50|
|poke|p1|Incineroar, L50, F|
|poke|p1|Rillaboom, L50, F|
|poke|p1|Raging Bolt, L50|
|poke|p1|Urshifu-*, L50, F|
|poke|p2|Murkrow, L50, M|
|poke|p2|Scream Tail, L50|
|poke|p2|Miraidon, L50|
|poke|p2|Annihilape, L50, F|
|poke|p2|Calyrex-Ice, L50|
|poke|p2|Araquanid, L50, F|
|teampreview|4
|
|t:|1750740811
|start
|switch|p1a: Calyrex|Calyrex-Shadow, L50|100/100
|switch|p1b: Rillaboom|Rillaboom, L50, F|100/100
|switch|p2a: Miraidon|Miraidon, L50|100/100
|switch|p2b: Araquanid|Araquanid, L50, F|100/100
|-ability|p1a: Calyrex|As One
|-ability|p1a: Calyrex|Unnerve
|-fieldstart|move: Electric Terrain|[from] ability: Hadron Engine|[of] p2a: Miraidon
|-enditem|p2b: Araquanid|Electric Seed
|-boost|p2b: Araquanid|def|1|[from] item: Electric Seed
|-fieldstart|move: Grassy Terrain|[from] ability: Grassy Surge|[of] p1b: Rillaboom
|turn|1
|
|t:|1750740832
|move|p2a: Miraidon|Protect|p2a: Miraidon
|-singleturn|p2a: Miraidon|Protect
|move|p1b: Rillaboom|Fake Out|p2a: Miraidon
|-activate|p2a: Miraidon|move: Protect
|move|p1a: Calyrex|Nasty Plot|p1a: Calyrex
|-boost|p1a: Calyrex|spa|2
|move|p2b: Araquanid|Liquidation|p1a: Calyrex
|-damage|p1a: Calyrex|35/100
|-unboost|p1a: Calyrex|def|1
|
|-heal|p1a: Calyrex|41/100|[from] Grassy Terrain
|upkeep
|turn|2
|
|t:|1750740842
|move|p2b: Araquanid|Wide Guard|p2b: Araquanid
|-singleturn|p2b: Araquanid|Wide Guard
|move|p1b: Rillaboom|Grassy Glide|p2b: Araquanid
|-damage|p2b: Araquanid|78/100
|move|p1a: Calyrex|Astral Barrage|p2a: Miraidon|[spread] 
|-activate|p2a: Miraidon|move: Wide Guard
|-activate|p2b: Araquanid|move: Wide Guard
|move|p2a: Miraidon|Volt Switch|p1a: Calyrex
|-damage|p1a: Calyrex|0 fnt
|faint|p1a: Calyrex
|-damage|p2a: Miraidon|91/100|[from] item: Life Orb
|
|t:|1750740850
|switch|p2a: Scream Tail|Scream Tail, L50|100/100|[from] Volt Switch
|-enditem|p2a: Scream Tail|Booster Energy
|-activate|p2a: Scream Tail|ability: Protosynthesis|[fromitem]
|-start|p2a: Scream Tail|protosynthesisspe
|
|-heal|p2b: Araquanid|83/100|[from] Grassy Terrain
|upkeep
|
|t:|1750740854
|switch|p1a: Raging Bolt|Raging Bolt, L50|100/100
|-enditem|p1a: Raging Bolt|Booster Energy
|-activate|p1a: Raging Bolt|ability: Protosynthesis|[fromitem]
|-start|p1a: Raging Bolt|protosynthesisspa
|turn|3
|
|t:|1750740886
|-terastallize|p2b: Araquanid|Grass
|move|p2a: Scream Tail|Dazzling Gleam|p1a: Raging Bolt|[spread] p1a,p1b
|-supereffective|p1a: Raging Bolt
|-crit|p1a: Raging Bolt
|-crit|p1b: Rillaboom
|-damage|p1a: Raging Bolt|63/100
|-damage|p1b: Rillaboom|86/100
|move|p1b: Rillaboom|U-turn|p2a: Scream Tail
|-damage|p2a: Scream Tail|83/100
|
|t:|1750740890
|switch|p1b: Zamazenta|Zamazenta-Crowned, L50|100/100|[from] U-turn
|-ability|p1b: Zamazenta|Dauntless Shield|boost
|-boost|p1b: Zamazenta|def|1
|move|p1a: Raging Bolt|Thunderbolt|p2b: Araquanid
|-resisted|p2b: Araquanid
|-damage|p2b: Araquanid|60/100
|move|p2b: Araquanid|Leech Life|p1b: Zamazenta
|-resisted|p1b: Zamazenta
|-damage|p1b: Zamazenta|98/100
|-heal|p2b: Araquanid|62/100|[from] drain|[of] p1b: Zamazenta
|
|-heal|p2a: Scream Tail|89/100|[from] Grassy Terrain
|-heal|p1b: Zamazenta|100/100|[from] Grassy Terrain
|-heal|p1a: Raging Bolt|69/100|[from] Grassy Terrain
|-heal|p2b: Araquanid|67/100|[from] Grassy Terrain
|upkeep
|turn|4
|
|t:|1750740906
|move|p2a: Scream Tail|Disable|p1a: Raging Bolt
|-start|p1a: Raging Bolt|Disable|Thunderbolt
|move|p1b: Zamazenta|Heavy Slam|p2a: Scream Tail
|-supereffective|p2a: Scream Tail
|-damage|p2a: Scream Tail|18/100
|move|p1a: Raging Bolt|Draco Meteor|p2b: Araquanid
|-damage|p2b: Araquanid|0 fnt
|-unboost|p1a: Raging Bolt|spa|2
|faint|p2b: Araquanid
|
|-heal|p2a: Scream Tail|24/100|[from] Grassy Terrain
|-heal|p1a: Raging Bolt|76/100|[from] Grassy Terrain
|upkeep
|
|t:|1750740917
|switch|p2b: Miraidon|Miraidon, L50|91/100
|-fieldstart|move: Electric Terrain|[from] ability: Hadron Engine|[of] p2b: Miraidon
|turn|5
|
|t:|1750740927
|-end|p1a: Raging Bolt|Protosynthesis|[silent]
|switch|p1a: Rillaboom|Rillaboom, L50, F|86/100
|-fieldstart|move: Grassy Terrain|[from] ability: Grassy Surge|[of] p1a: Rillaboom
|move|p2a: Scream Tail|Encore|p1b: Zamazenta
|-start|p1b: Zamazenta|Encore
|move|p2b: Miraidon|Draco Meteor|p1a: Rillaboom
|-damage|p1a: Rillaboom|12/100
|-unboost|p2b: Miraidon|spa|2
|-damage|p2b: Miraidon|81/100|[from] item: Life Orb
|move|p1b: Zamazenta|Heavy Slam|p2a: Scream Tail
|-supereffective|p2a: Scream Tail
|-damage|p2a: Scream Tail|0 fnt
|faint|p2a: Scream Tail
|-end|p2a: Scream Tail|Protosynthesis|[silent]
|
|-heal|p2b: Miraidon|87/100|[from] Grassy Terrain
|-heal|p1a: Rillaboom|18/100|[from] Grassy Terrain
|upkeep
|
|t:|1750740929
|switch|p2a: Calyrex|Calyrex-Ice, L50|100/100
|-ability|p2a: Calyrex|As One
|-ability|p2a: Calyrex|Unnerve
|turn|6
|
|t:|1750740953
|move|p1a: Rillaboom|Fake Out|p2a: Calyrex
|-damage|p2a: Calyrex|91/100
|move|p2b: Miraidon|Electro Drift|p1b: Zamazenta
|-damage|p1b: Zamazenta|74/100
|-damage|p2b: Miraidon|78/100|[from] item: Life Orb
|move|p1b: Zamazenta|Heavy Slam|p2a: Calyrex
|-supereffective|p2a: Calyrex
|-damage|p2a: Calyrex|70/100
|cant|p2a: Calyrex|flinch
|
|-heal|p2b: Miraidon|84/100|[from] Grassy Terrain
|-heal|p1b: Zamazenta|80/100|[from] Grassy Terrain
|-heal|p1a: Rillaboom|24/100|[from] Grassy Terrain
|-heal|p2a: Calyrex|76/100|[from] Grassy Terrain
|upkeep
|turn|7
|
|t:|1750740992
|move|p2b: Miraidon|Electro Drift|p1a: Rillaboom
|-resisted|p1a: Rillaboom
|-damage|p1a: Rillaboom|11/100
|-damage|p2b: Miraidon|74/100|[from] item: Life Orb
|move|p1b: Zamazenta|Heavy Slam|p2a: Calyrex
|-supereffective|p2a: Calyrex
|-damage|p2a: Calyrex|55/100
|move|p1a: Rillaboom|Wood Hammer|p2a: Calyrex
|-crit|p2a: Calyrex
|-damage|p2a: Calyrex|0 fnt
|faint|p2a: Calyrex
|-damage|p1a: Rillaboom|0 fnt|[from] Recoil
|faint|p1a: Rillaboom
|
|-heal|p2b: Miraidon|80/100|[from] Grassy Terrain
|-heal|p1b: Zamazenta|85/100|[from] Grassy Terrain
|-end|p1b: Zamazenta|Encore
|upkeep
|
|t:|1750741012
|switch|p1a: Raging Bolt|Raging Bolt, L50|76/100
|turn|8
|-message|zhz2021 forfeited.
|
|win|Ever 10A
|raw|Ever 10A's rating: 1468 &rarr; <strong>1492</strong><br />(+24 for winning)
|raw|zhz2021's rating: 1542 &rarr; <strong>1518</strong><br />(-24 for losing)
|l|☆zhz2021
|player|p2|
|l|☆Ever 10A
|player|p1|
