|j|☆mlm2017
|j|☆coopm26
|t:|1750870110
|gametype|doubles
|player|p1|mlm2017|169|1427
|player|p2|coopm26|cynthia-gen4|1412
|teamsize|p1|6
|teamsize|p2|6
|gen|9
|tier|[Gen 9] VGC 2025 Reg I
|rated|
|rule|Species Clause: Limit one of each Pokémon
|rule|Item Clause: Limit 1 of each item
|clearpoke
|poke|p1|Calyrex-Shadow, L50|
|poke|p1|Indeedee-F, L50, F|
|poke|p1|Kyogre, L50|
|poke|p1|Bruxish, L50, M|
|poke|p1|Incineroar, L50, M|
|poke|p1|Iron Treads, L50|
|poke|p2|Calyrex-Ice, L50|
|poke|p2|Farigiraf, L50, M|
|poke|p2|Smeargle, L50, F|
|poke|p2|Maushold-Four, L50|
|poke|p2|Kyogre, L50|
|poke|p2|Volcarona, L50, M|
|teampreview|4
|inactive|Battle timer is ON: inactive players will automatically lose when time's up. (requested by mlm2017)
|inactive|mlm2017 has 60 seconds left.
|inactive|coopm26 has 60 seconds left.
|inactive|coopm26 has 30 seconds left.
|inactive|coopm26 has 20 seconds left.
|
|t:|1750870184
|start
|switch|p1a: Kyogre|Kyogre, L50|100/100
|switch|p1b: Incineroar|Incineroar, L50, M|100/100
|switch|p2a: Smeargle|Smeargle, L50, F|100/100
|switch|p2b: Calyrex|Calyrex-Ice, L50|100/100
|-ability|p2b: Calyrex|As One
|-ability|p2b: Calyrex|Unnerve
|-weather|RainDance|[from] ability: Drizzle|[of] p1a: Kyogre
|-ability|p1b: Incineroar|Intimidate|boost
|-unboost|p2a: Smeargle|atk|1
|-unboost|p2b: Calyrex|atk|1
|turn|1
|inactive|coopm26 has 30 seconds left.
|inactive|coopm26 has 20 seconds left.
|
|t:|1750870221
|switch|p2b: Maushold|Maushold-Four, L50|100/100
|-terastallize|p1a: Kyogre|Grass
|move|p2a: Smeargle|Fake Out|p1a: Kyogre
|-damage|p1a: Kyogre|97/100
|cant|p1a: Kyogre|flinch
|move|p1b: Incineroar|Taunt|p2b: Maushold
|-start|p2b: Maushold|move: Taunt
|
|-weather|RainDance|[upkeep]
|-ability|p2a: Smeargle|Moody|boost
|-boost|p2a: Smeargle|spa|2
|-unboost|p2a: Smeargle|spe|1
|upkeep
|turn|2
|inactive|mlm2017 has 30 seconds left.
|
|t:|1750870247
|switch|p1a: Calyrex|Calyrex-Shadow, L50|100/100
|-ability|p1a: Calyrex|As One
|-ability|p1a: Calyrex|Unnerve
|-terastallize|p2b: Maushold|Normal
|move|p2a: Smeargle|Follow Me|p2a: Smeargle
|-singleturn|p2a: Smeargle|move: Follow Me
|move|p2b: Maushold|Population Bomb|p1a: Calyrex
|-immune|p1a: Calyrex
|move|p1b: Incineroar|Taunt|p2a: Smeargle
|-start|p2a: Smeargle|move: Taunt
|
|-weather|RainDance|[upkeep]
|-ability|p2a: Smeargle|Moody|boost
|-boost|p2a: Smeargle|spd|2
|-unboost|p2a: Smeargle|def|1
|upkeep
|turn|3
|inactive|coopm26 has 30 seconds left.
|
|t:|1750870272
|switch|p2a: Kyogre|Kyogre, L50|100/100
|switch|p1b: Indeedee|Indeedee-F, L50, F|100/100
|-fieldstart|move: Psychic Terrain|[from] ability: Psychic Surge|[of] p1b: Indeedee
|move|p1a: Calyrex|Expanding Force|p2a: Kyogre|[spread] p2a,p2b
|-damage|p2a: Kyogre|42/100
|-damage|p2b: Maushold|0 fnt
|faint|p2b: Maushold
|-ability|p1a: Calyrex|Grim Neigh|boost
|-boost|p1a: Calyrex|spa|1
|
|-weather|RainDance|[upkeep]
|upkeep
|
|t:|1750870295
|switch|p2b: Smeargle|Smeargle, L50, F|100/100
|turn|4
|
|t:|1750870317
|switch|p2a: Calyrex|Calyrex-Ice, L50|100/100
|-ability|p2a: Calyrex|As One
|-ability|p2a: Calyrex|Unnerve
|move|p1a: Calyrex|Protect|p1a: Calyrex
|-singleturn|p1a: Calyrex|Protect
|move|p2b: Smeargle|Spore|p1a: Calyrex
|-activate|p1a: Calyrex|move: Protect
|move|p1b: Indeedee|Psychic|p2b: Smeargle
|-damage|p2b: Smeargle|23/100
|
|-weather|RainDance|[upkeep]
|-ability|p2b: Smeargle|Moody|boost
|-boost|p2b: Smeargle|spd|2
|-unboost|p2b: Smeargle|spe|1
|upkeep
|turn|5
|inactive|mlm2017 has 30 seconds left.
|inactive|mlm2017 has 20 seconds left.
|inactive|mlm2017 has 15 seconds left.
|
|t:|1750870360
|move|p1b: Indeedee|Follow Me|p1b: Indeedee
|-singleturn|p1b: Indeedee|move: Follow Me
|move|p1a: Calyrex|Astral Barrage|p2a: Calyrex|[spread] p2a
|-immune|p2b: Smeargle
|-supereffective|p2a: Calyrex
|-damage|p2a: Calyrex|29/100
|move|p2b: Smeargle|Decorate|p1b: Indeedee
|-boost|p1b: Indeedee|atk|2
|-boost|p1b: Indeedee|spa|2
|move|p2a: Calyrex|Crunch|p1b: Indeedee
|-supereffective|p1b: Indeedee
|-damage|p1b: Indeedee|38/100
|-damage|p2a: Calyrex|12/100|[from] item: Rocky Helmet|[of] p1b: Indeedee
|
|-weather|none
|-ability|p2b: Smeargle|Moody|boost
|-boost|p2b: Smeargle|spa|2
|-unboost|p2b: Smeargle|atk|1
|upkeep
|turn|6
|c|☆coopm26|Gg
|-message|coopm26 forfeited.
|
|win|mlm2017
|raw|mlm2017's rating: 1427 &rarr; <strong>1446</strong><br />(+19 for winning)
|raw|coopm26's rating: 1412 &rarr; <strong>1393</strong><br />(-19 for losing)
|c|☆mlm2017|Gg
|l|☆mlm2017
|player|p1|
