|j|☆Kampfstube
|j|☆a130681
|t:|1750851515
|gametype|doubles
|player|p1|Kampfstube|volkner|1429
|player|p2|a130681|ghetsis|1397
|teamsize|p1|6
|teamsize|p2|6
|gen|9
|tier|[Gen 9] VGC 2025 Reg I
|rated|
|rule|Species Clause: Limit one of each Pokémon
|rule|Item Clause: Limit 1 of each item
|clearpoke
|poke|p1|Miraidon, L50|
|poke|p1|Lunala, L50|
|poke|p1|Incineroar, L50, F|
|poke|p1|Grimmsnarl, L50, M|
|poke|p1|Ogerpon-Wellspring, L50, F|
|poke|p1|Ursaluna, L50, F|
|poke|p2|Calyrex-Ice, L50|
|poke|p2|Kyogre, L50|
|poke|p2|Rillaboom, L50, M|
|poke|p2|Urshifu-*, L50, M|
|poke|p2|Raging Bolt, L50|
|poke|p2|Toedscruel, L50, M|
|teampreview|4
|inactive|Battle timer is ON: inactive players will automatically lose when time's up. (requested by Kampfstube)
|inactive|Kampfstube has 60 seconds left.
|
|t:|1750851554
|start
|switch|p1a: Miraidon|Miraidon, L50|100/100
|switch|p1b: Lunala|Lunala, L50|100/100
|switch|p2a: Calyrex|Calyrex-Ice, L50|100/100
|switch|p2b: Toedscruel|Toedscruel, L50, M|100/100
|-ability|p2a: Calyrex|As One
|-ability|p2a: Calyrex|Unnerve
|-fieldstart|move: Electric Terrain|[from] ability: Hadron Engine|[of] p1a: Miraidon
|-enditem|p1b: Lunala|Electric Seed
|-boost|p1b: Lunala|def|1|[from] item: Electric Seed
|turn|1
|inactive|Kampfstube has 30 seconds left.
|inactive|Kampfstube has 20 seconds left.
|inactive|Kampfstube has 15 seconds left.
|
|t:|1750851594
|switch|p1a: Ogerpon|Ogerpon-Wellspring, L50, F|100/100
|move|p2b: Toedscruel|Rage Powder|p2b: Toedscruel
|-singleturn|p2b: Toedscruel|move: Rage Powder
|move|p1b: Lunala|Moongeist Beam|p2b: Toedscruel
|-damage|p2b: Toedscruel|63/100
|move|p2a: Calyrex|Glacial Lance|p1b: Lunala|[spread] p1a,p1b
|-damage|p1a: Ogerpon|43/100
|-damage|p1b: Lunala|84/100
|
|upkeep
|turn|2
|
|t:|1750851611
|move|p1b: Lunala|Wide Guard|p1b: Lunala
|-singleturn|p1b: Lunala|Wide Guard
|move|p2b: Toedscruel|Rage Powder|p2b: Toedscruel
|-singleturn|p2b: Toedscruel|move: Rage Powder
|move|p1a: Ogerpon|Taunt|p2b: Toedscruel
|-start|p2b: Toedscruel|move: Taunt
|move|p2a: Calyrex|Glacial Lance|p1b: Lunala|[spread] 
|-activate|p1a: Ogerpon|move: Wide Guard
|-activate|p1b: Lunala|move: Wide Guard
|
|upkeep
|turn|3
|inactive|Kampfstube has 30 seconds left.
|inactive|Kampfstube has 20 seconds left.
|
|t:|1750851647
|move|p1a: Ogerpon|Ivy Cudgel|p2b: Toedscruel|[anim] Ivy Cudgel Water
|-damage|p2b: Toedscruel|0 fnt
|faint|p2b: Toedscruel
|move|p1b: Lunala|Moongeist Beam|p2a: Calyrex
|-supereffective|p2a: Calyrex
|-damage|p2a: Calyrex|19/100
|move|p2a: Calyrex|Trick Room|p2a: Calyrex
|-fieldstart|move: Trick Room|[of] p2a: Calyrex
|
|upkeep
|
|t:|1750851654
|switch|p2b: Kyogre|Kyogre, L50|100/100
|-weather|RainDance|[from] ability: Drizzle|[of] p2b: Kyogre
|turn|4
|
|t:|1750851665
|move|p1a: Ogerpon|Spiky Shield|p1a: Ogerpon
|-singleturn|p1a: Ogerpon|move: Protect
|move|p2a: Calyrex|Glacial Lance|p1b: Lunala|[spread] p1b
|-activate|p1a: Ogerpon|move: Protect
|-damage|p1b: Lunala|52/100
|move|p2b: Kyogre|Water Spout|p1a: Ogerpon|[spread] p1b
|-activate|p1a: Ogerpon|move: Protect
|-damage|p1b: Lunala|0 fnt
|faint|p1b: Lunala
|
|-weather|RainDance|[upkeep]
|upkeep
|
|t:|1750851676
|switch|p1b: Miraidon|Miraidon, L50|100/100
|-activate|p1b: Miraidon|ability: Hadron Engine
|turn|5
|inactive|Kampfstube has 30 seconds left.
|
|t:|1750851705
|move|p1b: Miraidon|Protect|p1b: Miraidon
|-singleturn|p1b: Miraidon|Protect
|move|p2a: Calyrex|Glacial Lance|p1a: Ogerpon|[spread] p1a
|-activate|p1b: Miraidon|move: Protect
|-damage|p1a: Ogerpon|0 fnt
|faint|p1a: Ogerpon
|-ability|p2a: Calyrex|Chilling Neigh|boost
|-boost|p2a: Calyrex|atk|1
|move|p2b: Kyogre|Water Spout|p1b: Miraidon
|-activate|p1b: Miraidon|move: Protect
|
|-weather|RainDance|[upkeep]
|-fieldend|move: Electric Terrain
|upkeep
|
|t:|1750851717
|switch|p1a: Ursaluna|Ursaluna, L50, F|100/100
|turn|6
|
|t:|1750851728
|-terastallize|p1b: Miraidon|Fairy
|move|p1a: Ursaluna|Protect|p1a: Ursaluna
|-singleturn|p1a: Ursaluna|Protect
|move|p2a: Calyrex|Glacial Lance|p1a: Ursaluna|[spread] p1b
|-activate|p1a: Ursaluna|move: Protect
|-damage|p1b: Miraidon|22/100
|move|p2b: Kyogre|Water Spout|p1a: Ursaluna|[spread] p1b
|-activate|p1a: Ursaluna|move: Protect
|-damage|p1b: Miraidon|0 fnt
|faint|p1b: Miraidon
|
|-weather|RainDance|[upkeep]
|-status|p1a: Ursaluna|brn|[from] item: Flame Orb
|upkeep
|turn|7
|
|t:|1750851740
|move|p2b: Kyogre|Protect|p2b: Kyogre
|-singleturn|p2b: Kyogre|Protect
|move|p1a: Ursaluna|Earthquake|p2a: Calyrex|[spread] p2a
|-activate|p2b: Kyogre|move: Protect
|-damage|p2a: Calyrex|0 fnt
|faint|p2a: Calyrex
|
|-weather|RainDance|[upkeep]
|-damage|p1a: Ursaluna|95/100 brn|[from] brn
|-fieldend|move: Trick Room
|upkeep
|
|t:|1750851745
|switch|p2a: Rillaboom|Rillaboom, L50, M|100/100
|-fieldstart|move: Grassy Terrain|[from] ability: Grassy Surge|[of] p2a: Rillaboom
|turn|8
|
|t:|1750851752
|move|p1a: Ursaluna|Protect|p1a: Ursaluna
|-singleturn|p1a: Ursaluna|Protect
|move|p2a: Rillaboom|Fake Out|p1a: Ursaluna
|-activate|p1a: Ursaluna|move: Protect
|move|p2b: Kyogre|Water Spout|p1a: Ursaluna
|-activate|p1a: Ursaluna|move: Protect
|
|-weather|none
|-heal|p1a: Ursaluna|100/100 brn|[from] Grassy Terrain
|-damage|p1a: Ursaluna|95/100 brn|[from] brn
|upkeep
|turn|9
|-message|Kampfstube forfeited.
|
|win|a130681
|raw|Kampfstube's rating: 1429 &rarr; <strong>1407</strong><br />(-22 for losing)
|raw|a130681's rating: 1397 &rarr; <strong>1419</strong><br />(+22 for winning)
