|j|☆MewYou64
|j|☆coderthegreat
|t:|1750824908
|gametype|doubles
|player|p1|MewYou64|emmet|1176
|player|p2|coderthegreat|101|1084
|teamsize|p1|6
|teamsize|p2|6
|gen|9
|tier|[Gen 9] VGC 2025 Reg I
|rated|
|rule|Species Clause: Limit one of each Pokémon
|rule|Item Clause: Limit 1 of each item
|clearpoke
|poke|p1|Calyrex-Shadow, L50|
|poke|p1|Regigigas, L50|
|poke|p1|Whimsicott, L50, M|
|poke|p1|Zoroark-Hisui, L50, F|
|poke|p1|Smeargle, L50, M|
|poke|p1|Weezing, L50, M|
|poke|p2|Koraidon, L50|
|poke|p2|Miraidon, L50|
|poke|p2|Incineroar, L50, F|
|poke|p2|Flutter Mane, L50|
|poke|p2|Scream Tail, L50|
|poke|p2|Gothitelle, L50, M|
|teampreview|4
|inactive|Battle timer is ON: inactive players will automatically lose when time's up. (requested by coderthegreat)
|
|t:|1750824931
|start
|switch|p1a: Regigigas|Regigigas, L50|100/100
|switch|p1b: Weezing|Weezing, L50, M|100/100
|switch|p2a: no u|Scream Tail, L50, shiny|100/100
|switch|p2b: halt.|Gothitelle, L50, M, shiny|100/100
|-ability|p1b: Weezing|Neutralizing Gas
|-block|p1a: Regigigas|item: Ability Shield
|turn|1
|
|t:|1750824952
|move|p2b: halt.|Fake Out|p1a: Regigigas
|-immune|p1a: Regigigas
|move|p1a: Regigigas|Shadow Ball|p2b: halt.
|-supereffective|p2b: halt.
|-damage|p2b: halt.|29/100
|-enditem|p2b: halt.|Sitrus Berry|[eat]
|-heal|p2b: halt.|54/100|[from] item: Sitrus Berry
|move|p2a: no u|Perish Song|p2a: no u
|-start|p1a: Regigigas|perish3|[silent]
|-start|p1b: Weezing|perish3|[silent]
|-start|p2a: no u|perish3|[silent]
|-start|p2b: halt.|perish3|[silent]
|-fieldactivate|move: Perish Song
|move|p1b: Weezing|Taunt|p2a: no u
|-start|p2a: no u|move: Taunt
|
|-start|p1a: Regigigas|perish3
|-start|p2a: no u|perish3
|-start|p2b: halt.|perish3
|-start|p1b: Weezing|perish3
|upkeep
|turn|2
|inactive|MewYou64 has 30 seconds left.
|inactive|MewYou64 has 20 seconds left.
|inactive|MewYou64 has 15 seconds left.
|
|t:|1750824993
|-end|p2a: no u|Protosynthesis|[silent]
|switch|p2a: wolfe fav cat|Incineroar, L50, F, shiny|100/100
|-end|p1b: Weezing|ability: Neutralizing Gas
|-ability|p2a: wolfe fav cat|Intimidate|boost
|-unboost|p1a: Regigigas|atk|1
|-unboost|p1b: Weezing|atk|1
|switch|p1b: Smeargle|Smeargle, L50, M|100/100
|move|p2b: halt.|Protect|p2b: halt.
|-singleturn|p2b: halt.|Protect
|move|p1a: Regigigas|Shadow Ball|p2b: halt.
|-activate|p2b: halt.|move: Protect
|
|-start|p1a: Regigigas|perish2
|-start|p2b: halt.|perish2
|-ability|p1b: Smeargle|Moody|boost
|-boost|p1b: Smeargle|spd|2
|-unboost|p1b: Smeargle|spa|1
|upkeep
|turn|3
|inactive|coderthegreat has 30 seconds left.
|
|t:|1750825023
|-terastallize|p2b: halt.|Water
|move|p1b: Smeargle|Fake Out|p2a: wolfe fav cat
|-damage|p2a: wolfe fav cat|97/100
|-damage|p1b: Smeargle|84/100|[from] item: Rocky Helmet|[of] p2a: wolfe fav cat
|cant|p2a: wolfe fav cat|flinch
|move|p1a: Regigigas|Shadow Ball|p2b: halt.
|-damage|p2b: halt.|17/100
|move|p2b: halt.|Psychic|p1b: Smeargle
|-damage|p1b: Smeargle|59/100
|-unboost|p1b: Smeargle|spd|1
|
|-start|p1a: Regigigas|perish1
|-start|p2b: halt.|perish1
|-ability|p1b: Smeargle|Moody|boost
|-boost|p1b: Smeargle|spd|2
|-unboost|p1b: Smeargle|spe|1
|upkeep
|turn|4
|inactive|MewYou64 has 30 seconds left.
|inactive|coderthegreat has 30 seconds left.
|
|t:|1750825056
|move|p1a: Regigigas|Icy Wind|p2b: halt.|[spread] p2a,p2b
|-resisted|p2a: wolfe fav cat
|-resisted|p2b: halt.
|-damage|p2a: wolfe fav cat|91/100
|-damage|p2b: halt.|10/100
|-unboost|p2a: wolfe fav cat|spe|1
|-unboost|p2b: halt.|spe|1
|move|p1b: Smeargle|Spore|p2a: wolfe fav cat
|-status|p2a: wolfe fav cat|slp|[from] move: Spore
|move|p2b: halt.|Taunt|p1b: Smeargle
|-start|p1b: Smeargle|move: Taunt
|cant|p2a: wolfe fav cat|slp
|
|-start|p1a: Regigigas|perish0
|-start|p2b: halt.|perish0
|-ability|p1b: Smeargle|Moody|boost
|-boost|p1b: Smeargle|atk|2
|-unboost|p1b: Smeargle|def|1
|faint|p1a: Regigigas
|faint|p2b: halt.
|upkeep
|inactive|coderthegreat has 30 seconds left.
|
|t:|1750825082
|switch|p1a: Weezing|Weezing, L50, M|100/100
|switch|p2b: not miraidon|Koraidon, L50|100/100
|-ability|p1a: Weezing|Neutralizing Gas
|turn|5
|
|t:|1750825106
|move|p1b: Smeargle|Fake Out||[still]
|-hint|Fake Out only works on your first turn out.
|-fail|p1b: Smeargle
|move|p2b: not miraidon|Flame Charge|p1b: Smeargle
|-damage|p1b: Smeargle|0 fnt
|-boost|p2b: not miraidon|spe|1
|faint|p1b: Smeargle
|-damage|p2b: not miraidon|91/100|[from] item: Life Orb
|move|p1a: Weezing|Will-O-Wisp|p2b: not miraidon
|-status|p2b: not miraidon|brn
|cant|p2a: wolfe fav cat|slp
|
|-damage|p2b: not miraidon|85/100 brn|[from] brn
|upkeep
|
|t:|1750825119
|switch|p1b: Regigigas|Regigigas, L50|100/100
|turn|6
|
|t:|1750825138
|move|p2b: not miraidon|Close Combat|p1b: Regigigas
|-supereffective|p1b: Regigigas
|-damage|p1b: Regigigas|25/100
|-unboost|p2b: not miraidon|def|1
|-unboost|p2b: not miraidon|spd|1
|-damage|p2b: not miraidon|75/100 brn|[from] item: Life Orb
|move|p1b: Regigigas|Knock Off|p2b: not miraidon
|-resisted|p2b: not miraidon
|-damage|p2b: not miraidon|42/100 brn
|-enditem|p2b: not miraidon|Life Orb|[from] move: Knock Off|[of] p1b: Regigigas
|-damage|p1b: Regigigas|15/100|[from] item: Life Orb
|move|p1a: Weezing|Taunt|p2a: wolfe fav cat
|-start|p2a: wolfe fav cat|move: Taunt
|cant|p2a: wolfe fav cat|slp
|
|-damage|p2b: not miraidon|36/100 brn|[from] brn
|upkeep
|turn|7
|
|t:|1750825157
|move|p1b: Regigigas|Protect|p1b: Regigigas
|-singleturn|p1b: Regigigas|Protect
|move|p2b: not miraidon|Close Combat|p1b: Regigigas
|-activate|p1b: Regigigas|move: Protect
|move|p1a: Weezing|Sludge Bomb|p2b: not miraidon
|-damage|p2b: not miraidon|0 fnt
|faint|p2b: not miraidon
|-curestatus|p2a: wolfe fav cat|slp|[msg]
|move|p2a: wolfe fav cat|Knock Off|p1a: Weezing
|-damage|p1a: Weezing|69/100
|-enditem|p1a: Weezing|Sitrus Berry|[from] move: Knock Off|[of] p2a: wolfe fav cat
|
|upkeep
|
|t:|1750825166
|switch|p2b: no u|Scream Tail, L50, shiny|100/100
|turn|8
|
|t:|1750825181
|move|p1b: Regigigas|Drain Punch|p2a: wolfe fav cat
|-supereffective|p2a: wolfe fav cat
|-damage|p2a: wolfe fav cat|34/100
|-heal|p1b: Regigigas|46/100|[from] drain|[of] p2a: wolfe fav cat
|-damage|p1b: Regigigas|30/100|[from] item: Rocky Helmet|[of] p2a: wolfe fav cat
|-damage|p1b: Regigigas|20/100|[from] item: Life Orb
|move|p2b: no u|Encore|p1b: Regigigas
|-start|p1b: Regigigas|Encore
|move|p1a: Weezing|Sludge Bomb|p2b: no u
|-supereffective|p2b: no u
|-damage|p2b: no u|63/100
|-status|p2b: no u|psn
|move|p2a: wolfe fav cat|Flare Blitz|p1a: Weezing
|-damage|p1a: Weezing|28/100
|-damage|p2a: wolfe fav cat|23/100|[from] Recoil
|
|-damage|p2b: no u|50/100 psn|[from] psn
|-end|p2a: wolfe fav cat|move: Taunt
|upkeep
|turn|9
|
|t:|1750825203
|move|p1b: Regigigas|Drain Punch|p2a: wolfe fav cat
|-supereffective|p2a: wolfe fav cat
|-damage|p2a: wolfe fav cat|0 fnt
|-heal|p1b: Regigigas|32/100|[from] drain|[of] p2a: wolfe fav cat
|-damage|p1b: Regigigas|16/100|[from] item: Rocky Helmet|[of] p2a: wolfe fav cat
|faint|p2a: wolfe fav cat
|-damage|p1b: Regigigas|6/100|[from] item: Life Orb
|move|p2b: no u|Disable|p1b: Regigigas
|-start|p1b: Regigigas|Disable|Drain Punch
|move|p1a: Weezing|Sludge Bomb|p2b: no u
|-supereffective|p2b: no u
|-damage|p2b: no u|14/100 psn
|
|-damage|p2b: no u|2/100 psn|[from] psn
|upkeep
|turn|10
|
|t:|1750825220
|move|p1a: Weezing|Protect|p1a: Weezing
|-singleturn|p1a: Weezing|Protect
|-activate|p1b: Regigigas|move: Struggle
|move|p1b: Regigigas|Struggle|p2b: no u
|-damage|p2b: no u|0 fnt
|faint|p2b: no u
|-end|p2b: no u|Protosynthesis|[silent]
|-damage|p1b: Regigigas|0 fnt|[from] recoil
|faint|p1b: Regigigas
|-end|p1b: Regigigas|Slow Start|[silent]
|
|win|MewYou64
|raw|MewYou64's rating: 1176 &rarr; <strong>1195</strong><br />(+19 for winning)
|raw|coderthegreat's rating: 1084 &rarr; <strong>1067</strong><br />(-17 for losing)
|l|☆coderthegreat
|player|p2|
|l|☆MewYou64
|player|p1|
