|j|☆ItsZachStone
|j|☆newbsets101
|t:|1750778980
|gametype|doubles
|player|p1|ItsZachStone|flannery|1236
|player|p2|newbsets101|janitor|1327
|teamsize|p1|6
|teamsize|p2|6
|gen|9
|tier|[Gen 9] VGC 2025 Reg I
|rated|
|rule|Species Clause: Limit one of each Pokémon
|rule|Item Clause: Limit 1 of each item
|clearpoke
|poke|p1|Toxicroak, L50, M|
|poke|p1|Calyrex-Ice, L50|
|poke|p1|Rillaboom, L50, M|
|poke|p1|Landorus-Therian, L50, M|
|poke|p1|Kyogre, L50|
|poke|p1|Amoonguss, L50, M|
|poke|p2|Groudon, L50|
|poke|p2|Venusaur, L50, M|
|poke|p2|Ditto, L50|
|poke|p2|Koraidon, L50|
|poke|p2|Flutter Mane, L50|
|poke|p2|Brute Bonnet, L50|
|teampreview|4
|inactive|Battle timer is ON: inactive players will automatically lose when time's up. (requested by newbsets101)
|inactive|ItsZachStone also wants the timer to be on.
newbsets101 has agreed to open team sheets.
|
|t:|1750778999
|start
|switch|p1a: Landorus|Landorus-Therian, L50, M|100/100
|switch|p1b: Calyrex|Calyrex-Ice, L50|100/100
|switch|p2a: Groudon|Groudon, L50|100/100
|switch|p2b: Venusaur|Venusaur, L50, M|100/100
|-ability|p1b: Calyrex|As One
|-ability|p1b: Calyrex|Unnerve
|-ability|p1a: Landorus|Intimidate|boost
|-unboost|p2a: Groudon|atk|1
|-unboost|p2b: Venusaur|atk|1
|-weather|SunnyDay|[from] ability: Drought|[of] p2a: Groudon
|turn|1
|inactive|newbsets101 has 30 seconds left.
|inactive|newbsets101 has 20 seconds left.
|inactive|newbsets101 has 15 seconds left.
|
|t:|1750779040
|switch|p2b: Ditto|Ditto, L50, shiny|100/100
|-transform|p2b: Ditto|p1a: Landorus|[from] ability: Imposter
|-ability|p2b: Ditto|Intimidate|boost
|-unboost|p1a: Landorus|atk|1
|-unboost|p1b: Calyrex|atk|1
|-terastallize|p1a: Landorus|Flying
|-terastallize|p2a: Groudon|Steel
|move|p1b: Calyrex|Protect|p1b: Calyrex
|-singleturn|p1b: Calyrex|Protect
|move|p1a: Landorus|Tera Blast|p2b: Ditto|[anim] Tera Blast Flying
|-damage|p2b: Ditto|48/100
|move|p2a: Groudon|Iron Head|p1b: Calyrex
|-activate|p1b: Calyrex|move: Protect
|
|-weather|SunnyDay|[upkeep]
|upkeep
|turn|2
|
|t:|1750779064
|switch|p2a: Venusaur|Venusaur, L50, M|100/100
|switch|p1b: Amoonguss|Amoonguss, L50, M|100/100
|move|p2b: Ditto|U-turn|p1b: Amoonguss
|-damage|p1b: Amoonguss|78/100
|
|t:|1750779072
|switch|p2b: Koraidon|Koraidon, L50|100/100|[from] U-turn
|-activate|p2b: Koraidon|ability: Orichalcum Pulse
|move|p1a: Landorus|Tera Blast|p2b: Koraidon|[anim] Tera Blast Flying
|-supereffective|p2b: Koraidon
|-damage|p2b: Koraidon|16/100
|
|-weather|SunnyDay|[upkeep]
|upkeep
|turn|3
|
|t:|1750779095
|switch|p1b: Kyogre|Kyogre, L50|100/100
|-weather|RainDance|[from] ability: Drizzle|[of] p1b: Kyogre
|move|p1a: Landorus|Tera Blast|p2a: Venusaur|[anim] Tera Blast Flying
|-supereffective|p2a: Venusaur
|-enditem|p2a: Venusaur|Focus Sash
|-damage|p2a: Venusaur|1/100
|move|p2b: Koraidon|Flare Blitz|p1b: Kyogre
|-resisted|p1b: Kyogre
|-damage|p1b: Kyogre|89/100
|-damage|p2b: Koraidon|11/100|[from] Recoil
|-damage|p2b: Koraidon|2/100|[from] item: Life Orb
|move|p2a: Venusaur|Sleep Powder|p1a: Landorus
|-status|p1a: Landorus|slp|[from] move: Sleep Powder
|
|-weather|RainDance|[upkeep]
|upkeep
|turn|4
|inactive|ItsZachStone has 30 seconds left.
|
|t:|1750779120
|switch|p2b: Groudon|Groudon, L50, tera:Steel|100/100
|-weather|SunnyDay|[from] ability: Drought|[of] p2b: Groudon
|switch|p1b: Amoonguss|Amoonguss, L50, M|100/100
|move|p2a: Venusaur|Leaf Storm|p1b: Amoonguss
|-resisted|p1b: Amoonguss
|-damage|p1b: Amoonguss|90/100
|-unboost|p2a: Venusaur|spa|2
|cant|p1a: Landorus|slp
|
|-weather|SunnyDay|[upkeep]
|upkeep
|turn|5
|
|t:|1750779137
|switch|p2a: Ditto|Ditto, L50, shiny|48/100
|-transform|p2a: Ditto|p1b: Amoonguss|[from] ability: Imposter
|move|p1b: Amoonguss|Protect|p1b: Amoonguss
|-singleturn|p1b: Amoonguss|Protect
|-curestatus|p1a: Landorus|slp|[msg]
|move|p1a: Landorus|Tera Blast|p2a: Ditto|[anim] Tera Blast Flying
|-supereffective|p2a: Ditto
|-damage|p2a: Ditto|0 fnt
|faint|p2a: Ditto
|move|p2b: Groudon|Rock Slide|p1b: Amoonguss|[spread] p1a
|-activate|p1b: Amoonguss|move: Protect
|-supereffective|p1a: Landorus
|-damage|p1a: Landorus|38/100
|
|-weather|SunnyDay|[upkeep]
|upkeep
|
|t:|1750779153
|switch|p2a: Koraidon|Koraidon, L50|2/100
|-activate|p2a: Koraidon|ability: Orichalcum Pulse
|turn|6
|
|t:|1750779163
|move|p1a: Landorus|Tera Blast|p2a: Koraidon|[anim] Tera Blast Flying
|-supereffective|p2a: Koraidon
|-damage|p2a: Koraidon|0 fnt
|faint|p2a: Koraidon
|move|p2b: Groudon|Precipice Blades|p1b: Amoonguss|[spread] p1b
|-immune|p1a: Landorus
|-damage|p1b: Amoonguss|46/100
|move|p1b: Amoonguss|Spore|p2b: Groudon
|-status|p2b: Groudon|slp|[from] move: Spore
|
|-weather|SunnyDay|[upkeep]
|upkeep
|
|t:|1750779171
|switch|p2a: Venusaur|Venusaur, L50, M|1/100
|turn|7
|
|t:|1750779177
|switch|p1b: Kyogre|Kyogre, L50|89/100
|-weather|RainDance|[from] ability: Drizzle|[of] p1b: Kyogre
|move|p1a: Landorus|Tera Blast|p2a: Venusaur|[anim] Tera Blast Flying
|-supereffective|p2a: Venusaur
|-damage|p2a: Venusaur|0 fnt
|faint|p2a: Venusaur
|cant|p2b: Groudon|slp
|
|-weather|RainDance|[upkeep]
|upkeep
|turn|8
|-message|newbsets101 forfeited.
|
|win|ItsZachStone
|raw|ItsZachStone's rating: 1236 &rarr; <strong>1267</strong><br />(+31 for winning)
|raw|newbsets101's rating: 1327 &rarr; <strong>1302</strong><br />(-25 for losing)
|l|☆newbsets101
|player|p2|
