|j|☆dinglustan
|j|☆xiaochuanOVO
|t:|1750743980
|gametype|doubles
|player|p1|dinglustan|265|1600
|player|p2|xiaochuanOVO|cynthia|1696
|teamsize|p1|6
|teamsize|p2|6
|gen|9
|tier|[Gen 9] VGC 2025 Reg I
|rated|
|rule|Species Clause: Limit one of each Pokémon
|rule|Item Clause: Limit 1 of each item
|clearpoke
|poke|p1|Miraidon, L50|
|poke|p1|Calyrex-Ice, L50|
|poke|p1|Grimmsnarl, L50, M|
|poke|p1|Incineroar, L50, M|
|poke|p1|Urshifu-*, L50, F|
|poke|p1|Sinistcha, L50|
|poke|p2|Miraidon, L50|
|poke|p2|Calyrex-Ice, L50|
|poke|p2|Incineroar, L50, M|
|poke|p2|Urshifu-*, L50, M|
|poke|p2|Grimmsnarl, L50, M|
|poke|p2|Landorus, L50, M|
|teampreview|4
|inactive|Battle timer is ON: inactive players will automatically lose when time's up. (requested by dinglustan)
|inactive|xiaochuanOVO has 60 seconds left.
|
|t:|1750744036
|start
|switch|p1a: Miraidon|Miraidon, L50|100/100
|switch|p1b: Grimmsnarl|Grimmsnarl, L50, M|100/100
|switch|p2a: Incineroar|Incineroar, L50, M, shiny|100/100
|switch|p2b: Miraidon|Miraidon, L50|100/100
|-fieldstart|move: Electric Terrain|[from] ability: Hadron Engine|[of] p1a: Miraidon
|-activate|p2b: Miraidon|ability: Hadron Engine
|-ability|p2a: Incineroar|Intimidate|boost
|-unboost|p1a: Miraidon|atk|1
|-unboost|p1b: Grimmsnarl|atk|1
|turn|1
|
|t:|1750744059
|move|p1b: Grimmsnarl|Light Screen|p1b: Grimmsnarl
|-sidestart|p1: dinglustan|move: Light Screen
|move|p1a: Miraidon|Volt Switch|p2a: Incineroar
|-damage|p2a: Incineroar|31/100
|
|t:|1750744069
|switch|p1a: Urshifu|Urshifu-Rapid-Strike, L50, F|100/100|[from] Volt Switch
|move|p2b: Miraidon|Draco Meteor|p1a: Urshifu
|-damage|p1a: Urshifu|0 fnt
|-unboost|p2b: Miraidon|spa|2
|faint|p1a: Urshifu
|move|p2a: Incineroar|Knock Off|p1b: Grimmsnarl
|-resisted|p1b: Grimmsnarl
|-damage|p1b: Grimmsnarl|91/100
|-enditem|p1b: Grimmsnarl|Light Clay|[from] move: Knock Off|[of] p2a: Incineroar
|
|upkeep
|
|t:|1750744080
|switch|p1a: Calyrex|Calyrex-Ice, L50|100/100
|-ability|p1a: Calyrex|As One
|-ability|p1a: Calyrex|Unnerve
|turn|2
|
|t:|1750744097
|-terastallize|p2b: Miraidon|Fairy
|-terastallize|p1a: Calyrex|Fire
|move|p2b: Miraidon|Draco Meteor|p1a: Calyrex
|-damage|p1a: Calyrex|73/100
|-unboost|p2b: Miraidon|spa|2
|move|p2a: Incineroar|Knock Off|p1a: Calyrex
|-damage|p1a: Calyrex|50/100
|-enditem|p1a: Calyrex|Leftovers|[from] move: Knock Off|[of] p2a: Incineroar
|move|p1b: Grimmsnarl|Spirit Break|p2a: Incineroar
|-damage|p2a: Incineroar|14/100
|-unboost|p2a: Incineroar|spa|1
|move|p1a: Calyrex|Glacial Lance|p2a: Incineroar|[spread] p2a,p2b
|-resisted|p2a: Incineroar
|-damage|p2a: Incineroar|0 fnt
|-damage|p2b: Miraidon|56/100
|faint|p2a: Incineroar
|-ability|p1a: Calyrex|Chilling Neigh|boost
|-boost|p1a: Calyrex|atk|1
|
|upkeep
|
|t:|1750744119
|switch|p2a: Landorus|Landorus, L50, M, shiny|100/100
|turn|3
|
|t:|1750744136
|switch|p2b: Calyrex|Calyrex-Ice, L50|100/100
|-ability|p2b: Calyrex|As One
|-ability|p2b: Calyrex|Unnerve
|move|p1a: Calyrex|Protect|p1a: Calyrex
|-singleturn|p1a: Calyrex|Protect
|move|p2a: Landorus|Earth Power|p1b: Grimmsnarl
|-damage|p1b: Grimmsnarl|38/100
|move|p1b: Grimmsnarl|Spirit Break|p2a: Landorus
|-damage|p2a: Landorus|79/100
|-unboost|p2a: Landorus|spa|1
|
|upkeep
|turn|4
|
|t:|1750744154
|move|p1b: Grimmsnarl|Reflect|p1b: Grimmsnarl
|-sidestart|p1: dinglustan|Reflect
|move|p2a: Landorus|Earth Power|p1a: Calyrex
|-supereffective|p1a: Calyrex
|-damage|p1a: Calyrex|4/100
|move|p1a: Calyrex|Glacial Lance|p2b: Calyrex|[spread] p2a,p2b
|-supereffective|p2a: Landorus
|-resisted|p2b: Calyrex
|-damage|p2a: Landorus|0 fnt
|-damage|p2b: Calyrex|74/100
|faint|p2a: Landorus
|-ability|p1a: Calyrex|Chilling Neigh|boost
|-boost|p1a: Calyrex|atk|1
|move|p2b: Calyrex|Trick Room|p2b: Calyrex
|-fieldstart|move: Trick Room|[of] p2b: Calyrex
|
|-heal|p2b: Calyrex|80/100|[from] item: Leftovers
|upkeep
|
|t:|1750744170
|switch|p2a: Miraidon|Miraidon, L50, tera:Fairy|56/100
|-activate|p2a: Miraidon|ability: Hadron Engine
|turn|5
|
|t:|1750744178
|move|p1a: Calyrex|Protect|p1a: Calyrex
|-singleturn|p1a: Calyrex|Protect
|move|p1b: Grimmsnarl|Thunder Wave|p2b: Calyrex|[miss]
|-miss|p1b: Grimmsnarl|p2b: Calyrex
|move|p2b: Calyrex|Glacial Lance|p1a: Calyrex|[spread] p1b
|-activate|p1a: Calyrex|move: Protect
|-damage|p1b: Grimmsnarl|2/100
|move|p2a: Miraidon|Electro Drift|p1b: Grimmsnarl
|-damage|p1b: Grimmsnarl|0 fnt
|faint|p1b: Grimmsnarl
|
|-heal|p2b: Calyrex|86/100|[from] item: Leftovers
|-fieldend|move: Electric Terrain
|upkeep
|
|t:|1750744187
|switch|p1b: Miraidon|Miraidon, L50|100/100
|-fieldstart|move: Electric Terrain|[from] ability: Hadron Engine|[of] p1b: Miraidon
|turn|6
|
|t:|1750744201
|move|p2b: Calyrex|Glacial Lance|p1a: Calyrex|[spread] p1a,p1b
|-resisted|p1a: Calyrex
|-supereffective|p1b: Miraidon
|-damage|p1a: Calyrex|0 fnt
|-damage|p1b: Miraidon|29/100
|faint|p1a: Calyrex
|-ability|p2b: Calyrex|Chilling Neigh|boost
|-boost|p2b: Calyrex|atk|1
|move|p2a: Miraidon|Electro Drift|p1b: Miraidon
|-resisted|p1b: Miraidon
|-damage|p1b: Miraidon|10/100
|move|p1b: Miraidon|Parabolic Charge|p2a: Miraidon|[spread] p2a,p2b
|-damage|p2a: Miraidon|10/100
|-heal|p1b: Miraidon|37/100|[from] drain|[of] p2a: Miraidon
|-damage|p2b: Calyrex|48/100
|-heal|p1b: Miraidon|60/100|[from] drain|[of] p2b: Calyrex
|
|-heal|p2b: Calyrex|54/100|[from] item: Leftovers
|upkeep
|turn|7
|
|t:|1750744223
|move|p2b: Calyrex|Glacial Lance|p1b: Miraidon
|-supereffective|p1b: Miraidon
|-damage|p1b: Miraidon|0 fnt
|faint|p1b: Miraidon
|
|win|xiaochuanOVO
|raw|dinglustan's rating: 1600 &rarr; <strong>1585</strong><br />(-15 for losing)
|raw|xiaochuanOVO's rating: 1696 &rarr; <strong>1711</strong><br />(+15 for winning)
|l|☆dinglustan
|player|p1|
|l|☆xiaochuanOVO
|player|p2|
