|j|☆pokupokepoku
|j|☆bash77
|t:|1750773249
|gametype|doubles
|player|p1|pokupokepoku|burglar|1114
|player|p2|bash77|blue|1155
|teamsize|p1|6
|teamsize|p2|6
|gen|9
|tier|[Gen 9] VGC 2025 Reg I
|rated|
|rule|Species Clause: Limit one of each Pokémon
|rule|Item Clause: Limit 1 of each item
|clearpoke
|poke|p1|Polteageist-Antique, L50|
|poke|p1|Zacian-*, L50|
|poke|p1|Indeedee, L50, M|
|poke|p1|Ursaluna-Bloodmoon, L50, M|
|poke|p1|Miraidon, L50|
|poke|p1|Articuno-Galar, L50|
|poke|p2|Indeedee-F, L50, F|
|poke|p2|Calyrex-Ice, L50|
|poke|p2|Groudon, L50|
|poke|p2|Venusaur, L50, F|
|poke|p2|Flutter Mane, L50|
|poke|p2|Incineroar, L50, M|
|teampreview|4
|inactive|Battle timer is ON: inactive players will automatically lose when time's up. (requested by bash77)
|inactive|pokupokepoku also wants the timer to be on.
|inactive|bash77 has 60 seconds left.
|
|t:|1750773280
|start
|switch|p1a: Polteageist|Polteageist-Antique, L50|100/100
|switch|p1b: Zacian|Zacian-Crowned, L50|100/100
|switch|p2a: Groudon|Groudon, L50|100/100
|switch|p2b: Venusaur|Venusaur, L50, F|100/100
|-ability|p1b: Zacian|Intrepid Sword|boost
|-boost|p1b: Zacian|atk|1
|-weather|SunnyDay|[from] ability: Drought|[of] p2a: Groudon
|turn|1
|
|t:|1750773301
|move|p1b: Zacian|Protect|p1b: Zacian
|-singleturn|p1b: Zacian|Protect
|move|p2b: Venusaur|Sleep Powder|p1b: Zacian
|-activate|p1b: Zacian|move: Protect
|move|p1a: Polteageist|Shell Smash|p1a: Polteageist
|-unboost|p1a: Polteageist|def|1
|-unboost|p1a: Polteageist|spd|1
|-boost|p1a: Polteageist|atk|2
|-boost|p1a: Polteageist|spa|2
|-boost|p1a: Polteageist|spe|2
|move|p2a: Groudon|Precipice Blades|p1b: Zacian|[spread] p1a
|-activate|p1b: Zacian|move: Protect
|-enditem|p1a: Polteageist|Focus Sash
|-damage|p1a: Polteageist|1/100
|-ability|p1a: Polteageist|Weak Armor|boost
|-unboost|p1a: Polteageist|def|1
|-boost|p1a: Polteageist|spe|2
|
|-weather|SunnyDay|[upkeep]
|upkeep
|turn|2
|inactive|pokupokepoku has 30 seconds left.
|inactive|pokupokepoku has 20 seconds left.
|inactive|pokupokepoku has 15 seconds left.
|
|t:|1750773344
|switch|p2b: Incineroar|Incineroar, L50, M|100/100
|-ability|p2b: Incineroar|Intimidate|boost
|-unboost|p1a: Polteageist|atk|1
|-unboost|p1b: Zacian|atk|1
|-terastallize|p1b: Zacian|Fairy
|move|p1a: Polteageist|Baton Pass|p1a: Polteageist
|
|t:|1750773354
|switch|p1a: Miraidon|Miraidon, L50|100/100|[from] Baton Pass
|-fieldstart|move: Electric Terrain|[from] ability: Hadron Engine|[of] p1a: Miraidon
|move|p1b: Zacian|Play Rough|p2a: Groudon
|-damage|p2a: Groudon|52/100
|-unboost|p2a: Groudon|atk|1
|move|p2a: Groudon|Precipice Blades|p1a: Miraidon|[spread] p1a,p1b
|-supereffective|p1a: Miraidon
|-damage|p1a: Miraidon|0 fnt
|-damage|p1b: Zacian|42/100
|faint|p1a: Miraidon
|
|-weather|SunnyDay|[upkeep]
|upkeep
|
|t:|1750773366
|switch|p1a: Polteageist|Polteageist-Antique, L50|1/100
|turn|3
|
|t:|1750773373
|move|p1b: Zacian|Protect|p1b: Zacian
|-singleturn|p1b: Zacian|Protect
|move|p2b: Incineroar|Fake Out|p1b: Zacian
|-activate|p1b: Zacian|move: Protect
|move|p1a: Polteageist|Shadow Ball|p2a: Groudon
|-damage|p2a: Groudon|10/100
|move|p2a: Groudon|Precipice Blades|p1a: Polteageist|[spread] p1a
|-activate|p1b: Zacian|move: Protect
|-damage|p1a: Polteageist|0 fnt
|faint|p1a: Polteageist
|
|-weather|SunnyDay|[upkeep]
|upkeep
|
|t:|1750773384
|switch|p1a: Ursaluna|Ursaluna-Bloodmoon, L50, M|100/100
|turn|4
|
|t:|1750773391
|move|p1b: Zacian|Behemoth Blade|p2a: Groudon
|-damage|p2a: Groudon|0 fnt
|faint|p2a: Groudon
|move|p2b: Incineroar|Flare Blitz|p1a: Ursaluna
|-damage|p1a: Ursaluna|53/100
|-status|p1a: Ursaluna|brn
|-damage|p2b: Incineroar|82/100|[from] Recoil
|move|p1a: Ursaluna|Hyper Voice|p2b: Incineroar
|-damage|p2b: Incineroar|56/100
|
|-weather|SunnyDay|[upkeep]
|-damage|p1a: Ursaluna|47/100 brn|[from] brn
|upkeep
|
|t:|1750773402
|switch|p2a: Venusaur|Venusaur, L50, F|100/100
|turn|5
|
|t:|1750773422
|move|p2a: Venusaur|Leaf Storm|p1a: Ursaluna|[miss]
|-miss|p2a: Venusaur|p1a: Ursaluna
|move|p1b: Zacian|Play Rough|p2b: Incineroar
|-damage|p2b: Incineroar|0 fnt
|faint|p2b: Incineroar
|move|p1a: Ursaluna|Blood Moon|p2a: Venusaur
|-damage|p2a: Venusaur|2/100
|
|-weather|none
|-damage|p1a: Ursaluna|41/100 brn|[from] brn
|upkeep
|
|t:|1750773432
|switch|p2b: Calyrex|Calyrex-Ice, L50|100/100
|-ability|p2b: Calyrex|As One
|-ability|p2b: Calyrex|Unnerve
|turn|6
|
|t:|1750773449
|-terastallize|p2b: Calyrex|Water
|move|p2a: Venusaur|Protect|p2a: Venusaur
|-singleturn|p2a: Venusaur|Protect
|move|p1b: Zacian|Behemoth Blade|p2b: Calyrex
|-resisted|p2b: Calyrex
|-damage|p2b: Calyrex|83/100
|move|p1a: Ursaluna|Hyper Voice|p2b: Calyrex|[spread] p2b
|-activate|p2a: Venusaur|move: Protect
|-damage|p2b: Calyrex|53/100
|move|p2b: Calyrex|Trick Room|p2b: Calyrex
|-fieldstart|move: Trick Room|[of] p2b: Calyrex
|
|-damage|p1a: Ursaluna|35/100 brn|[from] brn
|-fieldend|move: Electric Terrain
|upkeep
|turn|7
|
|t:|1750773466
|move|p2b: Calyrex|Glacial Lance|p1b: Zacian|[spread] p1a,p1b
|-supereffective|p1a: Ursaluna
|-damage|p1a: Ursaluna|0 fnt
|-damage|p1b: Zacian|0 fnt
|faint|p1a: Ursaluna
|faint|p1b: Zacian
|
|win|bash77
|raw|pokupokepoku's rating: 1114 &rarr; <strong>1092</strong><br />(-22 for losing)
|raw|bash77's rating: 1155 &rarr; <strong>1177</strong><br />(+22 for winning)
|l|☆bash77
|player|p2|
|l|☆pokupokepoku
|player|p1|
