|j|☆Jackatwar6
|j|☆Tepig_nNz_498
|t:|1750836471
|gametype|doubles
|player|p1|Jackatwar6|veteran|1550
|player|p2|Tepig_nNz_498|102|1478
|teamsize|p1|6
|teamsize|p2|6
|gen|9
|tier|[Gen 9] VGC 2025 Reg I
|rated|
|rule|Species Clause: Limit one of each Pokémon
|rule|Item Clause: Limit 1 of each item
|clearpoke
|poke|p1|Calyrex-Ice, L50|
|poke|p1|Kyogre, L50|
|poke|p1|Whimsicott, L50, M|
|poke|p1|Archaludon, L50, M|
|poke|p1|Flutter Mane, L50|
|poke|p1|Raging Bolt, L50|
|poke|p2|Ludicolo, L50, M|
|poke|p2|Kyogre, L50|
|poke|p2|Tornadus, L50, M|
|poke|p2|Primarina, L50, F|
|poke|p2|Zacian-*, L50|
|poke|p2|Urshifu-*, L50, F|
|teampreview|4
|inactive|Battle timer is ON: inactive players will automatically lose when time's up. (requested by Tepig_nNz_498)
Tepig_nNz_498 rejected open team sheets.
|inactive|Jackatwar6 has 60 seconds left.
|
|t:|1750836528
|start
|switch|p1a: Raging Bolt|Raging Bolt, L50|100/100
|switch|p1b: Whimsicott|Whimsicott, L50, M|100/100
|switch|p2a: Tornadus|Tornadus, L50, M|100/100
|switch|p2b: Zacian|Zacian-Crowned, L50, shiny|100/100
|-ability|p2b: Zacian|Intrepid Sword|boost
|-boost|p2b: Zacian|atk|1
|turn|1
|
|t:|1750836541
|-end|p1a: Raging Bolt|Protosynthesis|[silent]
|switch|p1a: Archaludon|Archaludon, L50, M|100/100
|move|p1b: Whimsicott|Taunt|p2a: Tornadus
|-start|p2a: Tornadus|move: Taunt
|move|p2b: Zacian|Play Rough|p1a: Archaludon
|-damage|p1a: Archaludon|44/100
|-ability|p1a: Archaludon|Stamina|boost
|-boost|p1a: Archaludon|def|1
|move|p2a: Tornadus|Bleakwind Storm|p1b: Whimsicott|[spread] p1a,p1b
|-resisted|p1a: Archaludon
|-supereffective|p1b: Whimsicott
|-damage|p1a: Archaludon|16/100
|-enditem|p1b: Whimsicott|Focus Sash
|-damage|p1b: Whimsicott|1/100
|-ability|p1a: Archaludon|Stamina|boost
|-boost|p1a: Archaludon|def|1
|
|-heal|p1a: Archaludon|22/100|[from] item: Leftovers
|upkeep
|turn|2
|
|t:|1750836565
|move|p1b: Whimsicott|Tailwind|p1b: Whimsicott
|-sidestart|p1: Jackatwar6|move: Tailwind
|move|p1a: Archaludon|Body Press|p2b: Zacian
|-damage|p2b: Zacian|47/100
|move|p2b: Zacian|Play Rough|p1a: Archaludon
|-damage|p1a: Archaludon|0 fnt
|faint|p1a: Archaludon
|move|p2a: Tornadus|Bleakwind Storm|p1b: Whimsicott|[miss]
|-miss|p2a: Tornadus|p1b: Whimsicott
|
|upkeep
|
|t:|1750836574
|switch|p1a: Kyogre|Kyogre, L50|100/100
|-weather|RainDance|[from] ability: Drizzle|[of] p1a: Kyogre
|turn|3
|
|t:|1750836594
|switch|p2a: Primarina|Primarina, L50, F|100/100
|-terastallize|p1a: Kyogre|Water
|move|p2b: Zacian|Protect|p2b: Zacian
|-singleturn|p2b: Zacian|Protect
|move|p1b: Whimsicott|Dazzling Gleam|p2b: Zacian|[spread] p2a
|-activate|p2b: Zacian|move: Protect
|-damage|p2a: Primarina|81/100
|move|p1a: Kyogre|Water Spout|p2a: Primarina|[spread] p2a
|-activate|p2b: Zacian|move: Protect
|-resisted|p2a: Primarina
|-damage|p2a: Primarina|0 fnt
|faint|p2a: Primarina
|
|-weather|RainDance|[upkeep]
|upkeep
|
|t:|1750836603
|switch|p2a: Tornadus|Tornadus, L50, M|100/100
|turn|4
|
|t:|1750836614
|move|p1b: Whimsicott|Taunt|p2a: Tornadus
|-start|p2a: Tornadus|move: Taunt
|move|p1a: Kyogre|Water Spout|p2b: Zacian|[spread] p2a,p2b
|-enditem|p2a: Tornadus|Focus Sash
|-damage|p2a: Tornadus|1/100
|-damage|p2b: Zacian|0 fnt
|faint|p2b: Zacian
|move|p2a: Tornadus|Bleakwind Storm|p1b: Whimsicott|[spread] p1a,p1b
|-supereffective|p1b: Whimsicott
|-damage|p1a: Kyogre|71/100
|-damage|p1b: Whimsicott|0 fnt
|faint|p1b: Whimsicott
|
|-weather|RainDance|[upkeep]
|upkeep
|
|t:|1750836621
|switch|p2b: Kyogre|Kyogre, L50|100/100
|switch|p1b: Raging Bolt|Raging Bolt, L50|100/100
|turn|5
|
|t:|1750836627
|-terastallize|p2b: Kyogre|Grass
|move|p1a: Kyogre|Water Spout|p2b: Kyogre|[spread] p2a,p2b
|-resisted|p2b: Kyogre
|-damage|p2a: Tornadus|0 fnt
|-damage|p2b: Kyogre|49/100
|faint|p2a: Tornadus
|move|p1b: Raging Bolt|Thunder|p2b: Kyogre
|-resisted|p2b: Kyogre
|-damage|p2b: Kyogre|28/100
|move|p2b: Kyogre|Thunder|p1a: Kyogre
|-supereffective|p1a: Kyogre
|-damage|p1a: Kyogre|0 fnt
|faint|p1a: Kyogre
|-damage|p2b: Kyogre|18/100|[from] item: Life Orb
|
|-weather|RainDance|[upkeep]
|-sideend|p1: Jackatwar6|move: Tailwind
|upkeep
|turn|6
|
|t:|1750836648
|move|p2b: Kyogre|Origin Pulse|p1b: Raging Bolt|[miss]
|-miss|p2b: Kyogre|p1b: Raging Bolt
|move|p1b: Raging Bolt|Dragon Pulse|p2b: Kyogre
|-damage|p2b: Kyogre|0 fnt
|faint|p2b: Kyogre
|
|win|Jackatwar6
|raw|Jackatwar6's rating: 1550 &rarr; <strong>1566</strong><br />(+16 for winning)
|raw|Tepig_nNz_498's rating: 1478 &rarr; <strong>1462</strong><br />(-16 for losing)
|l|☆Jackatwar6
|player|p1|
