|j|☆IncineroarH8ter
|j|☆SebasJck
|t:|1750827466
|gametype|doubles
|player|p1|IncineroarH8ter|unknown|1294
|player|p2|SebasJck|ninjaboy|1236
|teamsize|p1|6
|teamsize|p2|6
|gen|9
|tier|[Gen 9] VGC 2025 Reg I
|rated|
|rule|Species Clause: Limit one of each Pokémon
|rule|Item Clause: Limit 1 of each item
|clearpoke
|poke|p1|Lunala, L50|
|poke|p1|Gallade, L50, M|
|poke|p1|Calyrex-Ice, L50|
|poke|p1|Grimmsnarl, L50, M|
|poke|p1|Indeedee-F, L50, F|
|poke|p1|Meowscarada, L50, M|
|poke|p2|Bruxish, L50, F|
|poke|p2|Calyrex-Shadow, L50|
|poke|p2|Indeedee-F, L50, F|
|poke|p2|Flutter Mane, L50|
|poke|p2|Gothitelle, L50, F|
|poke|p2|Koraidon, L50|
|teampreview|4
|
|t:|1750827508
|start
|switch|p1a: Calyrex|Calyrex-Ice, L50|100/100
|switch|p1b: Gallade|Gallade, L50, M|100/100
|switch|p2a: Koraidon|Koraidon, L50|100/100
|switch|p2b: Flutter Mane|Flutter Mane, L50, shiny|100/100
|-ability|p1a: Calyrex|As One
|-ability|p1a: Calyrex|Unnerve
|-weather|SunnyDay|[from] ability: Orichalcum Pulse|[of] p2a: Koraidon
|-activate|p2b: Flutter Mane|ability: Protosynthesis
|-start|p2b: Flutter Mane|protosynthesisspe
|-activate|p2a: Koraidon|Orichalcum Pulse|[source]
|turn|1
|
|t:|1750827537
|-terastallize|p1a: Calyrex|Fire
|move|p2b: Flutter Mane|Moonblast|p1b: Gallade
|-supereffective|p1b: Gallade
|-enditem|p1b: Gallade|Focus Sash
|-damage|p1b: Gallade|1/100
|move|p2a: Koraidon|Flare Blitz|p1a: Calyrex
|-resisted|p1a: Calyrex
|-damage|p1a: Calyrex|67/100
|-damage|p2a: Koraidon|87/100|[from] Recoil
|-damage|p2a: Koraidon|78/100|[from] item: Life Orb
|move|p1b: Gallade|Coaching|p1a: Calyrex
|-boost|p1a: Calyrex|atk|1
|-boost|p1a: Calyrex|def|1
|move|p1a: Calyrex|Glacial Lance|p2a: Koraidon|[spread] p2a,p2b
|-supereffective|p2a: Koraidon
|-damage|p2a: Koraidon|0 fnt
|-enditem|p2b: Flutter Mane|Focus Sash
|-damage|p2b: Flutter Mane|1/100
|faint|p2a: Koraidon
|-ability|p1a: Calyrex|Chilling Neigh|boost
|-boost|p1a: Calyrex|atk|1
|
|-weather|SunnyDay|[upkeep]
|upkeep
|
|t:|1750827548
|switch|p2a: Calyrex|Calyrex-Shadow, L50|100/100
|-ability|p2a: Calyrex|As One
|-ability|p2a: Calyrex|Unnerve
|turn|2
|
|t:|1750827562
|move|p2b: Flutter Mane|Protect|p2b: Flutter Mane
|-singleturn|p2b: Flutter Mane|Protect
|move|p1b: Gallade|Wide Guard|p1b: Gallade
|-singleturn|p1b: Gallade|Wide Guard
|move|p2a: Calyrex|Astral Barrage|p1a: Calyrex|[spread] 
|-activate|p1a: Calyrex|move: Wide Guard
|-activate|p1b: Gallade|move: Wide Guard
|move|p1a: Calyrex|Glacial Lance|p2b: Flutter Mane|[spread] p2a
|-activate|p2b: Flutter Mane|move: Protect
|-damage|p2a: Calyrex|0 fnt
|faint|p2a: Calyrex
|-ability|p1a: Calyrex|Chilling Neigh|boost
|-boost|p1a: Calyrex|atk|1
|
|-weather|SunnyDay|[upkeep]
|upkeep
|
|t:|1750827567
|switch|p2a: Gothitelle|Gothitelle, L50, F, shiny|100/100
|turn|3
|
|t:|1750827591
|move|p2a: Gothitelle|Fake Out|p1a: Calyrex
|-damage|p1a: Calyrex|64/100
|move|p2b: Flutter Mane|Moonblast|p1b: Gallade
|-supereffective|p1b: Gallade
|-crit|p1b: Gallade
|-damage|p1b: Gallade|0 fnt
|faint|p1b: Gallade
|cant|p1a: Calyrex|flinch
|
|-weather|SunnyDay|[upkeep]
|upkeep
|
|t:|1750827596
|switch|p1b: Meowscarada|Meowscarada, L50, M|100/100
|turn|4
|
|t:|1750827609
|move|p2a: Gothitelle|Protect|p2a: Gothitelle
|-singleturn|p2a: Gothitelle|Protect
|move|p2b: Flutter Mane|Moonblast|p1b: Meowscarada
|-supereffective|p1b: Meowscarada
|-damage|p1b: Meowscarada|0 fnt
|faint|p1b: Meowscarada
|move|p1a: Calyrex|Glacial Lance|p2b: Flutter Mane|[spread] p2b
|-activate|p2a: Gothitelle|move: Protect
|-damage|p2b: Flutter Mane|0 fnt
|faint|p2b: Flutter Mane
|-end|p2b: Flutter Mane|Protosynthesis|[silent]
|-ability|p1a: Calyrex|Chilling Neigh|boost
|-boost|p1a: Calyrex|atk|1
|
|-weather|SunnyDay|[upkeep]
|upkeep
|
|t:|1750827616
|switch|p1b: Lunala|Lunala, L50|100/100
|turn|5
|
|t:|1750827623
|move|p1b: Lunala|Tera Blast|p2a: Gothitelle
|-damage|p2a: Gothitelle|79/100
|move|p2a: Gothitelle|Psychic|p1a: Calyrex
|-damage|p1a: Calyrex|44/100
|move|p1a: Calyrex|Glacial Lance|p2a: Gothitelle
|-damage|p2a: Gothitelle|0 fnt
|faint|p2a: Gothitelle
|
|win|IncineroarH8ter
|raw|IncineroarH8ter's rating: 1294 &rarr; <strong>1315</strong><br />(+21 for winning)
|raw|SebasJck's rating: 1236 &rarr; <strong>1215</strong><br />(-21 for losing)
|l|☆SebasJck
|player|p2|
|l|☆IncineroarH8ter
|player|p1|
