|j|☆jacre22
|j|☆lixdot1
|t:|1750824125
|gametype|doubles
|player|p1|jacre22|iris-gen5bw2|1170
|player|p2|lixdot1|102|1180
|teamsize|p1|6
|teamsize|p2|6
|gen|9
|tier|[Gen 9] VGC 2025 Reg I
|rated|
|rule|Species Clause: Limit one of each Pokémon
|rule|Item Clause: Limit 1 of each item
|clearpoke
|poke|p1|Kyogre, L50|
|poke|p1|Urshifu-*, L50, F|
|poke|p1|Amoonguss, L50, M|
|poke|p1|Zacian-*, L50|
|poke|p1|Chien-Pao, L50|
|poke|p1|Roaring Moon, L50|
|poke|p2|Zamazenta-*, L50|
|poke|p2|Rillaboom, L50, M|
|poke|p2|Ogerpon-Hearthflame, L50, F|
|poke|p2|Incineroar, L50, F|
|poke|p2|Calyrex-Shadow, L50|
|poke|p2|Urshifu-*, L50, F|
|teampreview|4
|
|t:|1750824139
|start
|switch|p1a: Kyogre|Kyogre, L50|100/100
|switch|p1b: Roaring Moon|Roaring Moon, L50|100/100
|switch|p2a: Zamazenta|Zamazenta-Crowned, L50|100/100
|switch|p2b: Rillaboom|Rillaboom, L50, M|100/100
|-ability|p2a: Zamazenta|Dauntless Shield|boost
|-boost|p2a: Zamazenta|def|1
|-weather|RainDance|[from] ability: Drizzle|[of] p1a: Kyogre
|-fieldstart|move: Grassy Terrain|[from] ability: Grassy Surge|[of] p2b: Rillaboom
|-enditem|p1b: Roaring Moon|Booster Energy
|-activate|p1b: Roaring Moon|ability: Protosynthesis|[fromitem]
|-start|p1b: Roaring Moon|protosynthesisspe
|turn|1
|
|t:|1750824173
|-terastallize|p1a: Kyogre|Grass
|move|p1b: Roaring Moon|Tailwind|p1b: Roaring Moon
|-sidestart|p1: jacre22|move: Tailwind
|move|p1a: Kyogre|Water Spout|p2a: Zamazenta|[spread] p2a,p2b
|-resisted|p2b: Rillaboom
|-damage|p2a: Zamazenta|22/100
|-damage|p2b: Rillaboom|53/100
|move|p2a: Zamazenta|Body Press|p1b: Roaring Moon
|-supereffective|p1b: Roaring Moon
|-damage|p1b: Roaring Moon|0 fnt
|faint|p1b: Roaring Moon
|-end|p1b: Roaring Moon|Protosynthesis|[silent]
|move|p2b: Rillaboom|U-turn|p1a: Kyogre
|-supereffective|p1a: Kyogre
|-damage|p1a: Kyogre|50/100
|
|t:|1750824194
|switch|p2b: Ogerpon|Ogerpon-Hearthflame, L50, F|100/100|[from] U-turn
|-ability|p2b: Ogerpon|Mold Breaker
|
|-weather|RainDance|[upkeep]
|-heal|p1a: Kyogre|57/100|[from] Grassy Terrain
|-heal|p2a: Zamazenta|28/100|[from] Grassy Terrain
|upkeep
|
|t:|1750824207
|switch|p1b: Zacian|Zacian-Crowned, L50|100/100
|-ability|p1b: Zacian|Intrepid Sword|boost
|-boost|p1b: Zacian|atk|1
|turn|2
|
|t:|1750824222
|move|p2a: Zamazenta|Protect|p2a: Zamazenta
|-singleturn|p2a: Zamazenta|Protect
|move|p1b: Zacian|Close Combat|p2b: Ogerpon
|-damage|p2b: Ogerpon|22/100
|-unboost|p1b: Zacian|def|1
|-unboost|p1b: Zacian|spd|1
|move|p1a: Kyogre|Water Spout|p2b: Ogerpon|[spread] p2b
|-activate|p2a: Zamazenta|move: Protect
|-damage|p2b: Ogerpon|0 fnt
|faint|p2b: Ogerpon
|
|-weather|RainDance|[upkeep]
|-heal|p1a: Kyogre|63/100|[from] Grassy Terrain
|-heal|p2a: Zamazenta|34/100|[from] Grassy Terrain
|upkeep
|
|t:|1750824243
|switch|p2b: Rillaboom|Rillaboom, L50, M|53/100
|turn|3
|
|t:|1750824263
|move|p2b: Rillaboom|Fake Out|p1a: Kyogre
|-damage|p1a: Kyogre|48/100
|move|p1b: Zacian|Close Combat|p2b: Rillaboom
|-damage|p2b: Rillaboom|0 fnt
|-unboost|p1b: Zacian|def|1
|-unboost|p1b: Zacian|spd|1
|faint|p2b: Rillaboom
|cant|p1a: Kyogre|flinch
|move|p2a: Zamazenta|Body Press|p1b: Zacian
|-damage|p1b: Zacian|0 fnt
|faint|p1b: Zacian
|
|-weather|RainDance|[upkeep]
|-heal|p1a: Kyogre|54/100|[from] Grassy Terrain
|-heal|p2a: Zamazenta|40/100|[from] Grassy Terrain
|upkeep
|
|t:|1750824277
|switch|p1b: Chien-Pao|Chien-Pao, L50|100/100
|switch|p2b: Calyrex|Calyrex-Shadow, L50|100/100
|-ability|p2b: Calyrex|As One
|-ability|p2b: Calyrex|Unnerve
|-ability|p1b: Chien-Pao|Sword of Ruin
|turn|4
|
|t:|1750824313
|move|p2b: Calyrex|Protect|p2b: Calyrex
|-singleturn|p2b: Calyrex|Protect
|move|p2a: Zamazenta|Protect|p2a: Zamazenta
|-singleturn|p2a: Zamazenta|Protect
|move|p1b: Chien-Pao|Crunch|p2b: Calyrex
|-activate|p2b: Calyrex|move: Protect
|move|p1a: Kyogre|Water Spout|p2b: Calyrex|[spread] 
|-activate|p2a: Zamazenta|move: Protect
|-activate|p2b: Calyrex|move: Protect
|
|-weather|RainDance|[upkeep]
|-heal|p1a: Kyogre|61/100|[from] Grassy Terrain
|-heal|p2a: Zamazenta|46/100|[from] Grassy Terrain
|-sideend|p1: jacre22|move: Tailwind
|upkeep
|turn|5
|
|t:|1750824336
|-terastallize|p2b: Calyrex|Dark
|move|p1b: Chien-Pao|Sucker Punch|p2b: Calyrex
|-resisted|p2b: Calyrex
|-damage|p2b: Calyrex|73/100
|move|p2b: Calyrex|Astral Barrage|p1b: Chien-Pao|[spread] p1a,p1b
|-resisted|p1b: Chien-Pao
|-damage|p1a: Kyogre|0 fnt
|-damage|p1b: Chien-Pao|41/100
|faint|p1a: Kyogre
|-ability|p2b: Calyrex|Grim Neigh|boost
|-boost|p2b: Calyrex|spa|1
|-damage|p2b: Calyrex|63/100|[from] item: Life Orb
|move|p2a: Zamazenta|Body Press|p1b: Chien-Pao
|-supereffective|p1b: Chien-Pao
|-damage|p1b: Chien-Pao|0 fnt
|faint|p1b: Chien-Pao
|
|win|lixdot1
|raw|jacre22's rating: 1170 &rarr; <strong>1146</strong><br />(-24 for losing)
|raw|lixdot1's rating: 1180 &rarr; <strong>1204</strong><br />(+24 for winning)
|c|☆jacre22|gg
|l|☆jacre22
|player|p1|
|l|☆lixdot1
|player|p2|
