|j|☆BlznFrnzy
|j|☆Tjbvgc
|t:|1750828737
|gametype|doubles
|player|p1|BlznFrnzy|1|1329
|player|p2|Tjbvgc|unknown|1319
|teamsize|p1|6
|teamsize|p2|6
|gen|9
|tier|[Gen 9] VGC 2025 Reg I
|rated|
|rule|Species Clause: Limit one of each Pokémon
|rule|Item Clause: Limit 1 of each item
|clearpoke
|poke|p1|Moltres-Galar, L50|
|poke|p1|Kyogre, L50|
|poke|p1|Rillaboom, L50, F|
|poke|p1|Comfey, L50, F|
|poke|p1|Zamazenta-*, L50|
|poke|p1|Landorus, L50, M|
|poke|p2|Zacian-*, L50|
|poke|p2|Gastrodon, L50, M|
|poke|p2|Ting-Lu, L50|
|poke|p2|Miraidon, L50|
|poke|p2|Okidogi, L50, M|
|poke|p2|Chien-Pao, L50|
|teampreview|4
BlznFrnzy rejected open team sheets.
|
|t:|1750828766
|start
|switch|p1a: Zamazenta|Zamazenta-Crowned, L50|100/100
|switch|p1b: Rillaboom|Rillaboom, L50, F|100/100
|switch|p2a: Okidogi|Okidogi, L50, M|100/100
|switch|p2b: Chien-Pao|Chien-Pao, L50|100/100
|-ability|p2b: Chien-Pao|Sword of Ruin
|-ability|p1a: Zamazenta|Dauntless Shield|boost
|-boost|p1a: Zamazenta|def|1
|-fieldstart|move: Grassy Terrain|[from] ability: Grassy Surge|[of] p1b: Rillaboom
|turn|1
|inactive|Battle timer is ON: inactive players will automatically lose when time's up. (requested by Tjbvgc)
|
|t:|1750828817
|-terastallize|p1b: Rillaboom|Fire
|move|p2b: Chien-Pao|Protect|p2b: Chien-Pao
|-singleturn|p2b: Chien-Pao|Protect
|move|p2a: Okidogi|Upper Hand|p1b: Rillaboom
|-damage|p1b: Rillaboom|61/100
|cant|p1b: Rillaboom|flinch
|move|p1a: Zamazenta|Body Press|p2b: Chien-Pao
|-activate|p2b: Chien-Pao|move: Protect
|
|-heal|p1b: Rillaboom|67/100|[from] Grassy Terrain
|upkeep
|turn|2
|inactive|Tjbvgc has 30 seconds left.
|
|t:|1750828844
|move|p1b: Rillaboom|Grassy Glide|p2b: Chien-Pao
|-damage|p2b: Chien-Pao|54/100
|move|p2b: Chien-Pao|Sacred Sword|p1a: Zamazenta
|-supereffective|p1a: Zamazenta
|-damage|p1a: Zamazenta|56/100
|move|p1a: Zamazenta|Body Press|p2b: Chien-Pao
|-supereffective|p2b: Chien-Pao
|-damage|p2b: Chien-Pao|0 fnt
|faint|p2b: Chien-Pao
|move|p2a: Okidogi|Poison Jab|p1b: Rillaboom
|-damage|p1b: Rillaboom|27/100
|
|-heal|p1a: Zamazenta|63/100|[from] Grassy Terrain
|-heal|p1b: Rillaboom|33/100|[from] Grassy Terrain
|upkeep
|
|t:|1750828862
|switch|p2b: Miraidon|Miraidon, L50|100/100
|-fieldstart|move: Electric Terrain|[from] ability: Hadron Engine|[of] p2b: Miraidon
|turn|3
|
|t:|1750828876
|switch|p1b: Landorus|Landorus, L50, M|100/100
|-terastallize|p2b: Miraidon|Fire
|move|p1a: Zamazenta|Protect|p1a: Zamazenta
|-singleturn|p1a: Zamazenta|Protect
|move|p2b: Miraidon|Tera Blast|p1a: Zamazenta|[anim] Tera Blast Fire
|-activate|p1a: Zamazenta|move: Protect
|move|p2a: Okidogi|Poison Jab|p1b: Landorus
|-resisted|p1b: Landorus
|-damage|p1b: Landorus|77/100
|
|upkeep
|turn|4
|
|t:|1750828899
|switch|p1a: Kyogre|Kyogre, L50|100/100
|-weather|RainDance|[from] ability: Drizzle|[of] p1a: Kyogre
|switch|p2a: Gastrodon|Gastrodon, L50, M, shiny|100/100
|move|p2b: Miraidon|Tera Blast|p1a: Kyogre|[anim] Tera Blast Fire
|-resisted|p1a: Kyogre
|-damage|p1a: Kyogre|82/100
|move|p1b: Landorus|Sandsear Storm|p2b: Miraidon|[spread] p2a,p2b
|-supereffective|p2b: Miraidon
|-damage|p2a: Gastrodon|46/100
|-damage|p2b: Miraidon|0 fnt
|faint|p2b: Miraidon
|
|-weather|RainDance|[upkeep]
|upkeep
|
|t:|1750828915
|switch|p2b: Okidogi|Okidogi, L50, M|100/100
|turn|5
|
|t:|1750828929
|move|p1a: Kyogre|Ice Beam|p2b: Okidogi
|-damage|p2b: Okidogi|75/100
|move|p1b: Landorus|Sandsear Storm|p2a: Gastrodon|[spread] p2a,p2b
|-supereffective|p2b: Okidogi
|-crit|p2b: Okidogi
|-damage|p2a: Gastrodon|0 fnt
|-damage|p2b: Okidogi|0 fnt
|faint|p2a: Gastrodon
|faint|p2b: Okidogi
|
|win|BlznFrnzy
|raw|BlznFrnzy's rating: 1329 &rarr; <strong>1348</strong><br />(+19 for winning)
|raw|Tjbvgc's rating: 1319 &rarr; <strong>1300</strong><br />(-19 for losing)
|l|☆BlznFrnzy
|player|p1|
|l|☆Tjbvgc
|player|p2|
