|j|☆DAVIZZZZ14
|j|☆K9thesia
|t:|1750857299
|gametype|doubles
|player|p1|DAVIZZZZ14|265|1216
|player|p2|K9thesia|2|1275
|teamsize|p1|6
|teamsize|p2|6
|gen|9
|tier|[Gen 9] VGC 2025 Reg I
|rated|
|rule|Species Clause: Limit one of each Pokémon
|rule|Item Clause: Limit 1 of each item
|clearpoke
|poke|p1|Lugia, L50|
|poke|p1|Groudon, L50|
|poke|p1|Brute Bonnet, L50|
|poke|p1|Comfey, L50, M|
|poke|p1|Sableye, L50, M|
|poke|p1|Rotom-Heat, L50|
|poke|p2|Calyrex-Ice, L50|
|poke|p2|Miraidon, L50|
|poke|p2|Grimmsnarl, L50, M|
|poke|p2|Incineroar, L50, F|
|poke|p2|Urshifu-*, L50, M|
|poke|p2|Landorus, L50, M|
|teampreview|4
|inactive|Battle timer is ON: inactive players will automatically lose when time's up. (requested by K9thesia)
|inactive|K9thesia has 60 seconds left.
|
|t:|1750857339
|start
|switch|p1a: Rotom|Rotom-Heat, L50|100/100
|switch|p1b: Lugia|Lugia, L50|100/100
|switch|p2a: Calyrex|Calyrex-Ice, L50|100/100
|switch|p2b: Incineroar|Incineroar, L50, F|100/100
|-ability|p2a: Calyrex|As One
|-ability|p2a: Calyrex|Unnerve
|-ability|p2b: Incineroar|Intimidate|boost
|-unboost|p1a: Rotom|atk|1
|-unboost|p1b: Lugia|atk|1
|turn|1
|
|t:|1750857362
|-terastallize|p1b: Lugia|Fairy
|move|p2b: Incineroar|Fake Out|p1a: Rotom
|-damage|p1a: Rotom|87/100
|move|p1b: Lugia|Calm Mind|p1b: Lugia
|-boost|p1b: Lugia|spa|1
|-boost|p1b: Lugia|spd|1
|cant|p1a: Rotom|flinch
|move|p2a: Calyrex|Trick Room|p2a: Calyrex
|-fieldstart|move: Trick Room|[of] p2a: Calyrex
|
|upkeep
|turn|2
|
|t:|1750857382
|-terastallize|p2a: Calyrex|Water
|move|p2a: Calyrex|Glacial Lance|p1b: Lugia|[spread] p1a,p1b
|-resisted|p1a: Rotom
|-damage|p1a: Rotom|57/100
|-damage|p1b: Lugia|82/100
|move|p2b: Incineroar|U-turn|p1b: Lugia
|-resisted|p1b: Lugia
|-damage|p1b: Lugia|76/100
|
|t:|1750857400
|switch|p2b: Urshifu|Urshifu-Rapid-Strike, L50, M|100/100|[from] U-turn
|move|p1a: Rotom|Volt Switch|p2a: Calyrex
|-supereffective|p2a: Calyrex
|-damage|p2a: Calyrex|48/100
|
|t:|1750857408
|switch|p1a: Comfey|Comfey, L50, M|100/100|[from] Volt Switch
|move|p1b: Lugia|Calm Mind|p1b: Lugia
|-boost|p1b: Lugia|spa|1
|-boost|p1b: Lugia|spd|1
|
|-heal|p2a: Calyrex|54/100|[from] item: Leftovers
|upkeep
|turn|3
|
|t:|1750857430
|move|p1a: Comfey|Floral Healing|p1b: Lugia
|-heal|p1b: Lugia|100/100
|move|p2a: Calyrex|Glacial Lance|p1b: Lugia|[spread] p1a,p1b
|-damage|p1a: Comfey|49/100
|-damage|p1b: Lugia|84/100
|move|p2b: Urshifu|U-turn|p1b: Lugia
|-resisted|p1b: Lugia
|-damage|p1b: Lugia|72/100
|
|t:|1750857439
|switch|p2b: Incineroar|Incineroar, L50, F|100/100|[from] U-turn
|-ability|p2b: Incineroar|Intimidate|boost
|-unboost|p1a: Comfey|atk|1
|-unboost|p1b: Lugia|atk|1
|move|p1b: Lugia|Psychic|p2b: Incineroar
|-immune|p2b: Incineroar
|
|-heal|p2a: Calyrex|60/100|[from] item: Leftovers
|-heal|p1a: Comfey|54/100|[from] item: Leftovers
|upkeep
|turn|4
|
|t:|1750857452
|move|p1a: Comfey|Protect|p1a: Comfey
|-singleturn|p1a: Comfey|Protect
|move|p1b: Lugia|Protect|p1b: Lugia
|-singleturn|p1b: Lugia|Protect
|move|p2a: Calyrex|Glacial Lance|p1b: Lugia|[spread] 
|-activate|p1a: Comfey|move: Protect
|-activate|p1b: Lugia|move: Protect
|move|p2b: Incineroar|Knock Off|p1a: Comfey
|-activate|p1a: Comfey|move: Protect
|
|-heal|p2a: Calyrex|66/100|[from] item: Leftovers
|-heal|p1a: Comfey|60/100|[from] item: Leftovers
|upkeep
|turn|5
|
|t:|1750857461
|move|p1a: Comfey|Floral Healing|p1b: Lugia
|-heal|p1b: Lugia|100/100
|move|p2a: Calyrex|Glacial Lance|p1b: Lugia|[spread] p1a,p1b
|-damage|p1a: Comfey|7/100
|-damage|p1b: Lugia|84/100
|move|p2b: Incineroar|Knock Off|p1a: Comfey
|-resisted|p1a: Comfey
|-damage|p1a: Comfey|0 fnt
|-enditem|p1a: Comfey|Leftovers|[from] move: Knock Off|[of] p2b: Incineroar
|faint|p1a: Comfey
|move|p1b: Lugia|Calm Mind|p1b: Lugia
|-boost|p1b: Lugia|spa|1
|-boost|p1b: Lugia|spd|1
|
|-heal|p2a: Calyrex|72/100|[from] item: Leftovers
|-fieldend|move: Trick Room
|upkeep
|
|t:|1750857467
|switch|p1a: Rotom|Rotom-Heat, L50|57/100
|turn|6
|
|t:|1750857489
|move|p2a: Calyrex|Protect|p2a: Calyrex
|-singleturn|p2a: Calyrex|Protect
|move|p1b: Lugia|Aeroblast|p2b: Incineroar
|-damage|p2b: Incineroar|37/100
|move|p1a: Rotom|Thunderbolt|p2a: Calyrex
|-activate|p2a: Calyrex|move: Protect
|move|p2b: Incineroar|U-turn|p1b: Lugia
|-resisted|p1b: Lugia
|-damage|p1b: Lugia|78/100
|
|t:|1750857507
|switch|p2b: Miraidon|Miraidon, L50|100/100|[from] U-turn
|-fieldstart|move: Electric Terrain|[from] ability: Hadron Engine|[of] p2b: Miraidon
|
|-heal|p2a: Calyrex|77/100|[from] item: Leftovers
|upkeep
|turn|7
|
|t:|1750857520
|switch|p1a: Groudon|Groudon, L50|100/100
|-weather|SunnyDay|[from] ability: Drought|[of] p1a: Groudon
|switch|p2a: Incineroar|Incineroar, L50, F|37/100
|-ability|p2a: Incineroar|Intimidate|boost
|-fail|p1a: Groudon|unboost|[from] item: Clear Amulet|[of] p1a: Groudon
|-unboost|p1b: Lugia|atk|1
|move|p2b: Miraidon|Dazzling Gleam|p1a: Groudon|[spread] p1a,p1b
|-crit|p1a: Groudon
|-damage|p1a: Groudon|54/100
|-damage|p1b: Lugia|70/100
|move|p1b: Lugia|Aeroblast|p2a: Incineroar
|-crit|p2a: Incineroar
|-damage|p2a: Incineroar|0 fnt
|faint|p2a: Incineroar
|
|-weather|SunnyDay|[upkeep]
|upkeep
|
|t:|1750857535
|switch|p2a: Urshifu|Urshifu-Rapid-Strike, L50, M|100/100
|turn|8
|
|t:|1750857551
|switch|p1a: Rotom|Rotom-Heat, L50|57/100
|move|p2b: Miraidon|Dazzling Gleam|p1a: Rotom|[spread] p1a,p1b
|-resisted|p1a: Rotom
|-damage|p1a: Rotom|36/100
|-damage|p1b: Lugia|62/100
|move|p1b: Lugia|Psychic|p2a: Urshifu
|-supereffective|p2a: Urshifu
|-damage|p2a: Urshifu|0 fnt
|faint|p2a: Urshifu
|
|-weather|SunnyDay|[upkeep]
|upkeep
|
|t:|1750857560
|switch|p2a: Calyrex|Calyrex-Ice, L50, tera:Water|77/100
|-ability|p2a: Calyrex|As One
|-ability|p2a: Calyrex|Unnerve
|turn|9
|
|t:|1750857570
|move|p2a: Calyrex|Protect|p2a: Calyrex
|-singleturn|p2a: Calyrex|Protect
|move|p2b: Miraidon|Dazzling Gleam|p1b: Lugia|[spread] p1a,p1b
|-resisted|p1a: Rotom
|-damage|p1a: Rotom|16/100
|-damage|p1b: Lugia|53/100
|move|p1b: Lugia|Psychic|p2b: Miraidon
|-damage|p2b: Miraidon|39/100
|move|p1a: Rotom|Thunderbolt|p2a: Calyrex
|-activate|p2a: Calyrex|move: Protect
|
|-weather|SunnyDay|[upkeep]
|-heal|p2a: Calyrex|83/100|[from] item: Leftovers
|upkeep
|turn|10
|
|t:|1750857586
|move|p2b: Miraidon|Dazzling Gleam|p1a: Rotom|[spread] p1a,p1b
|-resisted|p1a: Rotom
|-damage|p1a: Rotom|0 fnt
|-damage|p1b: Lugia|44/100
|faint|p1a: Rotom
|move|p1b: Lugia|Psychic|p2b: Miraidon
|-damage|p2b: Miraidon|0 fnt
|faint|p2b: Miraidon
|move|p2a: Calyrex|Glacial Lance|p1b: Lugia
|-damage|p1b: Lugia|0 fnt
|faint|p1b: Lugia
|-ability|p2a: Calyrex|Chilling Neigh|boost
|-boost|p2a: Calyrex|atk|1
|
|-weather|SunnyDay|[upkeep]
|-heal|p2a: Calyrex|89/100|[from] item: Leftovers
|-fieldend|move: Electric Terrain
|upkeep
|
|t:|1750857592
|switch|p1a: Groudon|Groudon, L50|54/100
|turn|11
|
|t:|1750857606
|move|p1a: Groudon|Precipice Blades|p2a: Calyrex
|-damage|p2a: Calyrex|48/100
|move|p2a: Calyrex|Leech Seed|p1a: Groudon|[miss]
|-miss|p2a: Calyrex|p1a: Groudon
|
|-weather|none
|-heal|p2a: Calyrex|54/100|[from] item: Leftovers
|upkeep
|turn|12
|
|t:|1750857615
|move|p1a: Groudon|Precipice Blades|p2a: Calyrex
|-damage|p2a: Calyrex|9/100
|move|p2a: Calyrex|Leech Seed|p1a: Groudon
|-start|p1a: Groudon|move: Leech Seed
|
|-heal|p2a: Calyrex|15/100|[from] item: Leftovers
|-damage|p1a: Groudon|41/100|[from] Leech Seed|[of] p2a: Calyrex
|-heal|p2a: Calyrex|27/100|[silent]
|upkeep
|turn|13
|
|t:|1750857618
|move|p2a: Calyrex|Protect|p2a: Calyrex
|-singleturn|p2a: Calyrex|Protect
|move|p1a: Groudon|Precipice Blades|p2a: Calyrex
|-activate|p2a: Calyrex|move: Protect
|
|-heal|p2a: Calyrex|33/100|[from] item: Leftovers
|-damage|p1a: Groudon|29/100|[from] Leech Seed|[of] p2a: Calyrex
|-heal|p2a: Calyrex|45/100|[silent]
|upkeep
|turn|14
|
|t:|1750857641
|move|p1a: Groudon|Precipice Blades|p2a: Calyrex
|-crit|p2a: Calyrex
|-damage|p2a: Calyrex|0 fnt
|faint|p2a: Calyrex
|
|win|DAVIZZZZ14
|raw|DAVIZZZZ14's rating: 1216 &rarr; <strong>1245</strong><br />(+29 for winning)
|raw|K9thesia's rating: 1275 &rarr; <strong>1246</strong><br />(-29 for losing)
|l|☆K9thesia
|player|p2|
|l|☆DAVIZZZZ14
|player|p1|
