|j|☆reznob
|j|☆DuDuDuck
|t:|1750849819
|gametype|doubles
|player|p1|reznob|pokemonranger-gen4|1353
|player|p2|DuDuDuck|lady|1248
|teamsize|p1|6
|teamsize|p2|6
|gen|9
|tier|[Gen 9] VGC 2025 Reg I
|rated|
|rule|Species Clause: Limit one of each Pokémon
|rule|Item Clause: Limit 1 of each item
|clearpoke
|poke|p1|Koraidon, L50|
|poke|p1|Chi-Yu, L50|
|poke|p1|Flutter Mane, L50|
|poke|p1|Calyrex-Shadow, L50|
|poke|p1|Rillaboom, L50, F|
|poke|p1|Landorus-Therian, L50, M|
|poke|p2|Calyrex-Shadow, L50|
|poke|p2|Zamazenta-*, L50|
|poke|p2|Tornadus, L50, M|
|poke|p2|Urshifu-*, L50, F|
|poke|p2|Chien-Pao, L50|
|poke|p2|Ogerpon-Hearthflame, L50, F|
|teampreview|4
|inactive|Battle timer is ON: inactive players will automatically lose when time's up. (requested by DuDuDuck)
|inactive|reznob has 60 seconds left.
|inactive|reznob has 30 seconds left.
|
|t:|1750849886
|start
|switch|p1a: Chi-Yu|Chi-Yu, L50|100/100
|switch|p1b: Landorus|Landorus-Therian, L50, M|100/100
|switch|p2a: Tornadus|Tornadus, L50, M|100/100
|switch|p2b: Calyrex|Calyrex-Shadow, L50|100/100
|-ability|p2b: Calyrex|As One
|-ability|p2b: Calyrex|Unnerve
|-ability|p1a: Chi-Yu|Beads of Ruin
|-ability|p1b: Landorus|Intimidate|boost
|-unboost|p2a: Tornadus|atk|1
|-unboost|p2b: Calyrex|atk|1
|turn|1
|inactive|DuDuDuck has 30 seconds left.
|
|t:|1750849914
|switch|p2b: Chien-Pao|Chien-Pao, L50|100/100
|-ability|p2b: Chien-Pao|Sword of Ruin
|move|p2a: Tornadus|Tailwind|p2a: Tornadus
|-sidestart|p2: DuDuDuck|move: Tailwind
|move|p1a: Chi-Yu|Snarl|p2a: Tornadus|[spread] p2a,p2b
|-resisted|p2b: Chien-Pao
|-damage|p2a: Tornadus|61/100
|-damage|p2b: Chien-Pao|76/100
|-unboost|p2b: Chien-Pao|spa|1
|move|p1b: Landorus|Stomping Tantrum|p2b: Chien-Pao
|-damage|p2b: Chien-Pao|22/100
|
|upkeep
|turn|2
|
|t:|1750849938
|switch|p1b: Koraidon|Koraidon, L50|100/100
|-weather|SunnyDay|[from] ability: Orichalcum Pulse|[of] p1b: Koraidon
|-activate|p1b: Koraidon|Orichalcum Pulse|[source]
|move|p2b: Chien-Pao|Protect|p2b: Chien-Pao
|-singleturn|p2b: Chien-Pao|Protect
|move|p2a: Tornadus|Air Slash|p1a: Chi-Yu
|-damage|p1a: Chi-Yu|55/100
|move|p1a: Chi-Yu|Snarl|p2a: Tornadus|[spread] p2a
|-activate|p2b: Chien-Pao|move: Protect
|-damage|p2a: Tornadus|22/100
|
|-weather|SunnyDay|[upkeep]
|upkeep
|turn|3
|inactive|DuDuDuck has 30 seconds left.
|
|t:|1750849972
|switch|p1a: Landorus|Landorus-Therian, L50, M|100/100
|-ability|p1a: Landorus|Intimidate|boost
|-unboost|p2a: Tornadus|atk|1
|-unboost|p2b: Chien-Pao|atk|1
|-terastallize|p1b: Koraidon|Fire
|move|p2a: Tornadus|Rain Dance|p2a: Tornadus
|-weather|RainDance
|move|p2b: Chien-Pao|Ice Spinner|p1b: Koraidon
|-resisted|p1b: Koraidon
|-damage|p1b: Koraidon|85/100
|move|p1b: Koraidon|Flame Charge|p2b: Chien-Pao
|-supereffective|p2b: Chien-Pao
|-damage|p2b: Chien-Pao|0 fnt
|-boost|p1b: Koraidon|spe|1
|faint|p2b: Chien-Pao
|-damage|p1b: Koraidon|75/100|[from] item: Life Orb
|
|-weather|RainDance|[upkeep]
|upkeep
|
|t:|1750849988
|switch|p2b: Calyrex|Calyrex-Shadow, L50|100/100
|-ability|p2b: Calyrex|As One
|-ability|p2b: Calyrex|Unnerve
|turn|4
|
|t:|1750849998
|-terastallize|p2b: Calyrex|Ghost
|move|p1b: Koraidon|Protect|p1b: Koraidon
|-singleturn|p1b: Koraidon|Protect
|move|p2b: Calyrex|Astral Barrage|p1b: Koraidon|[spread] p1a
|-activate|p1b: Koraidon|move: Protect
|-damage|p1a: Landorus|0 fnt
|faint|p1a: Landorus
|-ability|p2b: Calyrex|Grim Neigh|boost
|-boost|p2b: Calyrex|spa|1
|-damage|p2b: Calyrex|91/100|[from] item: Life Orb
|move|p2a: Tornadus|Air Slash|p1b: Koraidon
|-activate|p1b: Koraidon|move: Protect
|
|-weather|RainDance|[upkeep]
|-sideend|p2: DuDuDuck|move: Tailwind
|upkeep
|
|t:|1750850013
|switch|p1a: Chi-Yu|Chi-Yu, L50|55/100
|-ability|p1a: Chi-Yu|Beads of Ruin
|turn|5
|
|t:|1750850023
|move|p1b: Koraidon|Flame Charge|p2a: Tornadus
|-damage|p2a: Tornadus|0 fnt
|-boost|p1b: Koraidon|spe|1
|faint|p2a: Tornadus
|-damage|p1b: Koraidon|65/100|[from] item: Life Orb
|move|p1a: Chi-Yu|Dark Pulse|p2b: Calyrex
|-supereffective|p2b: Calyrex
|-damage|p2b: Calyrex|0 fnt
|faint|p2b: Calyrex
|
|-weather|RainDance|[upkeep]
|upkeep
|
|t:|1750850036
|switch|p2b: Zamazenta|Zamazenta-Crowned, L50|100/100
|-ability|p2b: Zamazenta|Dauntless Shield|boost
|-boost|p2b: Zamazenta|def|1
|turn|6
|
|t:|1750850051
|switch|p1a: Calyrex|Calyrex-Shadow, L50|100/100
|-ability|p1a: Calyrex|As One
|-ability|p1a: Calyrex|Unnerve
|move|p1b: Koraidon|Close Combat|p2b: Zamazenta
|-supereffective|p2b: Zamazenta
|-damage|p2b: Zamazenta|34/100
|-unboost|p1b: Koraidon|def|1
|-unboost|p1b: Koraidon|spd|1
|-damage|p1b: Koraidon|56/100|[from] item: Life Orb
|move|p2b: Zamazenta|Body Press|p1b: Koraidon
|-damage|p1b: Koraidon|0 fnt
|faint|p1b: Koraidon
|
|-weather|RainDance|[upkeep]
|upkeep
|
|t:|1750850065
|switch|p1b: Chi-Yu|Chi-Yu, L50|55/100
|-ability|p1b: Chi-Yu|Beads of Ruin
|turn|7
|
|t:|1750850073
|move|p1b: Chi-Yu|Overheat|p2b: Zamazenta
|-supereffective|p2b: Zamazenta
|-damage|p2b: Zamazenta|0 fnt
|-unboost|p1b: Chi-Yu|spa|2
|faint|p2b: Zamazenta
|
|win|reznob
|raw|reznob's rating: 1353 &rarr; <strong>1367</strong><br />(+14 for winning)
|raw|DuDuDuck's rating: 1248 &rarr; <strong>1230</strong><br />(-18 for losing)
|l|☆DuDuDuck
|player|p2|
|l|☆reznob
|player|p1|
