|j|☆Mixteo
|j|☆MavenVGC
|t:|1750777652
|gametype|doubles
|player|p1|Mixteo|169|1306
|player|p2|MavenVGC|steven|1328
|teamsize|p1|6
|teamsize|p2|6
|gen|9
|tier|[Gen 9] VGC 2025 Reg I
|rated|
|rule|Species Clause: Limit one of each Pokémon
|rule|Item Clause: Limit 1 of each item
|clearpoke
|poke|p1|Calyrex-Shadow, L50|
|poke|p1|Zamazenta-*, L50|
|poke|p1|Incineroar, L50, F|
|poke|p1|Rillaboom, L50, F|
|poke|p1|Grimmsnarl, L50, M|
|poke|p1|Raging Bolt, L50|
|poke|p2|Calyrex-Ice, L50|
|poke|p2|Ho-Oh, L50|
|poke|p2|Iron Hands, L50|
|poke|p2|Flutter Mane, L50|
|poke|p2|Ogerpon-Wellspring, L50, F|
|poke|p2|Volcarona, L50, M|
|teampreview|4
|inactive|Battle timer is ON: inactive players will automatically lose when time's up. (requested by MavenVGC)
MavenVGC rejected open team sheets.
|inactive|Mixteo has 60 seconds left.
|
|t:|1750777683
|start
|switch|p1a: Grimmsnarl|Grimmsnarl, L50, M|100/100
|switch|p1b: Incineroar|Incineroar, L50, F|100/100
|switch|p2a: Volcarona|Volcarona, L50, M|100/100
|switch|p2b: Ho-Oh|Ho-Oh, L50|100/100
|-ability|p1b: Incineroar|Intimidate|boost
|-unboost|p2a: Volcarona|atk|1
|-unboost|p2b: Ho-Oh|atk|1
|turn|1
|
|t:|1750777704
|switch|p2b: Ogerpon|Ogerpon-Wellspring, L50, F|100/100
|move|p1b: Incineroar|Fake Out|p2b: Ogerpon
|-damage|p2b: Ogerpon|88/100
|move|p1a: Grimmsnarl|Reflect|p1a: Grimmsnarl
|-sidestart|p1: Mixteo|Reflect
|move|p2a: Volcarona|Quiver Dance|p2a: Volcarona
|-boost|p2a: Volcarona|spa|1
|-boost|p2a: Volcarona|spd|1
|-boost|p2a: Volcarona|spe|1
|
|upkeep
|turn|2
|inactive|MavenVGC has 30 seconds left.
|
|t:|1750777730
|move|p1a: Grimmsnarl|Light Screen|p1a: Grimmsnarl
|-sidestart|p1: Mixteo|move: Light Screen
|move|p2a: Volcarona|Heat Wave|p1a: Grimmsnarl|[spread] p1a,p1b
|-resisted|p1b: Incineroar
|-damage|p1a: Grimmsnarl|59/100
|-damage|p1b: Incineroar|83/100
|-damage|p2a: Volcarona|91/100|[from] item: Life Orb
|move|p2b: Ogerpon|Ivy Cudgel|p1b: Incineroar|[anim] Ivy Cudgel Water
|-supereffective|p1b: Incineroar
|-damage|p1b: Incineroar|24/100
|move|p1b: Incineroar|Parting Shot|p2a: Volcarona
|-unboost|p2a: Volcarona|atk|1
|-unboost|p2a: Volcarona|spa|1
|
|t:|1750777743
|switch|p1b: Calyrex|Calyrex-Shadow, L50|100/100|[from] Parting Shot
|-ability|p1b: Calyrex|As One
|-ability|p1b: Calyrex|Unnerve
|
|upkeep
|turn|3
|
|t:|1750777763
|-terastallize|p2b: Ogerpon|Water
|detailschange|p2b: Ogerpon|Ogerpon-Wellspring-Tera, L50, F, tera:Water
|-ability|p2b: Ogerpon|Embody Aspect (Wellspring)|boost
|-boost|p2b: Ogerpon|spd|1
|move|p1a: Grimmsnarl|Thunder Wave|p2a: Volcarona
|-status|p2a: Volcarona|par
|move|p1b: Calyrex|Astral Barrage|p2b: Ogerpon|[spread] p2a,p2b
|-damage|p2a: Volcarona|57/100 par
|-damage|p2b: Ogerpon|49/100
|move|p2b: Ogerpon|Ivy Cudgel|p1b: Calyrex|[anim] Ivy Cudgel Water
|-damage|p1b: Calyrex|35/100
|move|p2a: Volcarona|Heat Wave|p1a: Grimmsnarl|[spread] p1a,p1b
|-damage|p1a: Grimmsnarl|27/100
|-damage|p1b: Calyrex|8/100
|-damage|p2a: Volcarona|47/100 par|[from] item: Life Orb
|
|upkeep
|turn|4
|
|t:|1750777786
|move|p2b: Ogerpon|Spiky Shield|p2b: Ogerpon
|-singleturn|p2b: Ogerpon|move: Protect
|move|p1a: Grimmsnarl|Thunder Wave|p2b: Ogerpon
|-activate|p2b: Ogerpon|move: Protect
|move|p1b: Calyrex|Astral Barrage|p2b: Ogerpon|[spread] p2a
|-activate|p2b: Ogerpon|move: Protect
|-damage|p2a: Volcarona|15/100 par
|cant|p2a: Volcarona|par
|
|upkeep
|turn|5
|c|☆MavenVGC|ofc you win on a full para
|inactive|MavenVGC has 30 seconds left.
|
|t:|1750777812
|move|p2a: Volcarona|Protect|p2a: Volcarona
|-singleturn|p2a: Volcarona|Protect
|move|p1b: Calyrex|Astral Barrage|p2a: Volcarona|[spread] p2b
|-activate|p2a: Volcarona|move: Protect
|-damage|p2b: Ogerpon|10/100
|move|p2b: Ogerpon|Ivy Cudgel|p1b: Calyrex|[anim] Ivy Cudgel Water
|-damage|p1b: Calyrex|0 fnt
|faint|p1b: Calyrex
|move|p1a: Grimmsnarl|Spirit Break|p2b: Ogerpon
|-damage|p2b: Ogerpon|0 fnt
|faint|p2b: Ogerpon
|detailschange|p2: Ogerpon|Ogerpon-Wellspring, L50, F|[silent]
|
|upkeep
|
|t:|1750777828
|switch|p1b: Incineroar|Incineroar, L50, F|24/100
|switch|p2b: Calyrex|Calyrex-Ice, L50|100/100
|-ability|p2b: Calyrex|As One
|-ability|p2b: Calyrex|Unnerve
|-ability|p1b: Incineroar|Intimidate|boost
|-unboost|p2a: Volcarona|atk|1
|-unboost|p2b: Calyrex|atk|1
|turn|6
|
|t:|1750777851
|move|p1a: Grimmsnarl|Thunder Wave|p2b: Calyrex
|-status|p2b: Calyrex|par
|move|p2a: Volcarona|Giga Drain|p1a: Grimmsnarl
|-damage|p1a: Grimmsnarl|6/100
|-heal|p2a: Volcarona|24/100 par|[from] drain|[of] p1a: Grimmsnarl
|-damage|p2a: Volcarona|14/100 par|[from] item: Life Orb
|move|p1b: Incineroar|Knock Off|p2b: Calyrex
|-supereffective|p2b: Calyrex
|-damage|p2b: Calyrex|66/100 par
|-enditem|p2b: Calyrex|Leftovers|[from] move: Knock Off|[of] p1b: Incineroar
|move|p2b: Calyrex|Glacial Lance|p1a: Grimmsnarl|[spread] p1a,p1b
|-resisted|p1b: Incineroar
|-damage|p1a: Grimmsnarl|0 fnt
|-damage|p1b: Incineroar|17/100
|faint|p1a: Grimmsnarl
|-ability|p2b: Calyrex|Chilling Neigh|boost
|-boost|p2b: Calyrex|atk|1
|
|upkeep
|
|t:|1750777867
|switch|p1a: Zamazenta|Zamazenta-Crowned, L50|100/100
|-ability|p1a: Zamazenta|Dauntless Shield|boost
|-boost|p1a: Zamazenta|def|1
|turn|7
|
|t:|1750777882
|-terastallize|p1a: Zamazenta|Water
|move|p1a: Zamazenta|Protect|p1a: Zamazenta
|-singleturn|p1a: Zamazenta|Protect
|cant|p2a: Volcarona|par
|move|p1b: Incineroar|Knock Off|p2a: Volcarona
|-damage|p2a: Volcarona|0 fnt
|-enditem|p2a: Volcarona|Life Orb|[from] move: Knock Off|[of] p1b: Incineroar
|faint|p2a: Volcarona
|move|p2b: Calyrex|Leech Seed|p1a: Zamazenta
|-activate|p1a: Zamazenta|move: Protect
|
|upkeep
|
|t:|1750777887
|switch|p2a: Ho-Oh|Ho-Oh, L50|100/100
|turn|8
|
|t:|1750777907
|move|p2a: Ho-Oh|Protect|p2a: Ho-Oh
|-singleturn|p2a: Ho-Oh|Protect
|move|p1a: Zamazenta|Body Press|p2b: Calyrex
|-damage|p2b: Calyrex|29/100 par
|move|p1b: Incineroar|Knock Off|p2a: Ho-Oh
|-activate|p2a: Ho-Oh|move: Protect
|move|p2b: Calyrex|Leech Seed|p1a: Zamazenta
|-start|p1a: Zamazenta|move: Leech Seed
|
|-damage|p1a: Zamazenta|88/100|[from] Leech Seed|[of] p2b: Calyrex
|-heal|p2b: Calyrex|40/100 par|[silent]
|-sideend|p1: Mixteo|Reflect
|upkeep
|turn|9
|
|t:|1750777928
|move|p2b: Calyrex|Protect|p2b: Calyrex
|-singleturn|p2b: Calyrex|Protect
|move|p1a: Zamazenta|Body Press|p2a: Ho-Oh
|-resisted|p2a: Ho-Oh
|-damage|p2a: Ho-Oh|74/100
|move|p2a: Ho-Oh|Brave Bird|p1b: Incineroar
|-damage|p1b: Incineroar|0 fnt
|-damage|p2a: Ho-Oh|58/100|[from] item: Rocky Helmet|[of] p1b: Incineroar
|faint|p1b: Incineroar
|-damage|p2a: Ho-Oh|52/100|[from] Recoil
|
|-damage|p1a: Zamazenta|76/100|[from] Leech Seed|[of] p2b: Calyrex
|-heal|p2b: Calyrex|51/100 par|[silent]
|-sideend|p1: Mixteo|move: Light Screen
|upkeep
|turn|10
|
|t:|1750777945
|move|p1a: Zamazenta|Body Press|p2b: Calyrex
|-damage|p2b: Calyrex|15/100 par
|move|p2a: Ho-Oh|Life Dew|p2a: Ho-Oh|[spread] p2a,p2b
|-heal|p2a: Ho-Oh|77/100
|-heal|p2b: Calyrex|41/100 par
|move|p2b: Calyrex|Body Press|p1a: Zamazenta
|-damage|p1a: Zamazenta|63/100
|
|-damage|p1a: Zamazenta|51/100|[from] Leech Seed|[of] p2b: Calyrex
|-heal|p2b: Calyrex|51/100 par|[silent]
|upkeep
|turn|11
|-message|Mixteo forfeited.
|
|win|MavenVGC
|raw|Mixteo's rating: 1306 &rarr; <strong>1287</strong><br />(-19 for losing)
|raw|MavenVGC's rating: 1328 &rarr; <strong>1347</strong><br />(+19 for winning)
|l|☆Mixteo
|player|p1|
