|j|☆MadsFischer96
|j|☆baybayvgc
|t:|1750832742
|gametype|doubles
|player|p1|MadsFischer96|lucas|1167
|player|p2|baybayvgc|caitlin|1157
|teamsize|p1|6
|teamsize|p2|6
|gen|9
|tier|[Gen 9] VGC 2025 Reg I
|rated|
|rule|Species Clause: Limit one of each Pokémon
|rule|Item Clause: Limit 1 of each item
|clearpoke
|poke|p1|Miraidon, L50|
|poke|p1|Lunala, L50|
|poke|p1|Rillaboom, L50, M|
|poke|p1|Ogerpon-Wellspring, L50, F|
|poke|p1|Incineroar, L50, M|
|poke|p1|Grimmsnarl, L50, M|
|poke|p2|Koraidon, L50|
|poke|p2|Calyrex-Shadow, L50|
|poke|p2|Grimmsnarl, L50, M|
|poke|p2|Weezing-Galar, L50, M|
|poke|p2|Dondozo, L50, F|
|poke|p2|Tatsugiri-Droopy, L50, F|
|teampreview|4
|inactive|Battle timer is ON: inactive players will automatically lose when time's up. (requested by MadsFischer96)
|inactive|MadsFischer96 has 60 seconds left.
|
|t:|1750832789
|start
|switch|p1a: Miraidon|Miraidon, L50|100/100
|switch|p1b: Incineroar|Incineroar, L50, M|100/100
|switch|p2a: Koraidon|Koraidon, L50|100/100
|switch|p2b: Weezing|Weezing-Galar, L50, M|100/100
|-ability|p2b: Weezing|Neutralizing Gas
|-block|p2a: Koraidon|item: Ability Shield
|-weather|SunnyDay|[from] ability: Orichalcum Pulse|[of] p2a: Koraidon
|-activate|p2a: Koraidon|Orichalcum Pulse|[source]
|turn|1
|inactive|MadsFischer96 has 30 seconds left.
|
|t:|1750832820
|move|p2a: Koraidon|Protect|p2a: Koraidon
|-singleturn|p2a: Koraidon|Protect
|move|p1a: Miraidon|Draco Meteor|p2a: Koraidon
|-activate|p2a: Koraidon|move: Protect
|move|p1b: Incineroar|Knock Off|p2b: Weezing
|-resisted|p2b: Weezing
|-damage|p2b: Weezing|84/100
|-enditem|p2b: Weezing|Covert Cloak|[from] move: Knock Off|[of] p1b: Incineroar
|move|p2b: Weezing|Toxic Spikes|p1b: Incineroar
|-sidestart|p1: MadsFischer96|move: Toxic Spikes
|
|-weather|SunnyDay|[upkeep]
|upkeep
|turn|2
|inactive|MadsFischer96 has 30 seconds left.
|inactive|baybayvgc has 30 seconds left.
|
|t:|1750832846
|-terastallize|p2a: Koraidon|Fire
|move|p1a: Miraidon|Draco Meteor|p2a: Koraidon
|-damage|p2a: Koraidon|24/100
|-unboost|p1a: Miraidon|spa|2
|move|p2a: Koraidon|Collision Course|p1b: Incineroar
|-supereffective|p1b: Incineroar
|-damage|p1b: Incineroar|0 fnt
|-damage|p2a: Koraidon|7/100|[from] item: Rocky Helmet|[of] p1b: Incineroar
|faint|p1b: Incineroar
|move|p2b: Weezing|Strange Steam|p1a: Miraidon
|-supereffective|p1a: Miraidon
|-damage|p1a: Miraidon|57/100
|
|-weather|SunnyDay|[upkeep]
|upkeep
|
|t:|1750832859
|switch|p1b: Ogerpon|Ogerpon-Wellspring, L50, F|100/100
|-status|p1b: Ogerpon|psn
|turn|3
|
|t:|1750832869
|switch|p1a: Lunala|Lunala, L50|100/100
|-status|p1a: Lunala|psn
|switch|p2a: Dondozo|Dondozo, L50, F|100/100
|move|p1b: Ogerpon|Spiky Shield|p1b: Ogerpon
|-singleturn|p1b: Ogerpon|move: Protect
|move|p2b: Weezing|Taunt|p1b: Ogerpon
|-activate|p1b: Ogerpon|move: Protect
|
|-weather|SunnyDay|[upkeep]
|-damage|p1b: Ogerpon|88/100 psn|[from] psn
|-damage|p1a: Lunala|88/100 psn|[from] psn
|upkeep
|turn|4
|inactive|MadsFischer96 has 30 seconds left.
|
|t:|1750832900
|-terastallize|p1a: Lunala|Fairy
|move|p2a: Dondozo|Protect|p2a: Dondozo
|-singleturn|p2a: Dondozo|Protect
|move|p1b: Ogerpon|Taunt|p2a: Dondozo
|-activate|p2a: Dondozo|move: Protect
|move|p1a: Lunala|Moongeist Beam|p2a: Dondozo
|-activate|p2a: Dondozo|move: Protect
|move|p2b: Weezing|Taunt|p1a: Lunala
|-start|p1a: Lunala|move: Taunt
|
|-weather|SunnyDay|[upkeep]
|-heal|p1a: Lunala|94/100 psn|[from] item: Leftovers
|-damage|p1b: Ogerpon|76/100 psn|[from] psn
|-damage|p1a: Lunala|82/100 psn|[from] psn
|upkeep
|turn|5
|
|t:|1750832920
|-end|p2b: Weezing|ability: Neutralizing Gas
|switch|p2b: Tatsugiri|Tatsugiri-Droopy, L50, F, shiny|100/100
|-activate|p2b: Tatsugiri|ability: Commander|[of] p2a: Dondozo
|-boost|p2a: Dondozo|atk|2
|-boost|p2a: Dondozo|spa|2
|-boost|p2a: Dondozo|spe|2
|-boost|p2a: Dondozo|def|2
|-boost|p2a: Dondozo|spd|2
|move|p1b: Ogerpon|Taunt|p2a: Dondozo
|-start|p2a: Dondozo|move: Taunt
|move|p1a: Lunala|Moongeist Beam|p2a: Dondozo
|-damage|p2a: Dondozo|77/100
|move|p2a: Dondozo|Order Up|p1b: Ogerpon
|-damage|p1b: Ogerpon|40/100 psn
|-boost|p2a: Dondozo|def|1
|
|-weather|none
|-heal|p1a: Lunala|88/100 psn|[from] item: Leftovers
|-heal|p2a: Dondozo|83/100|[from] item: Leftovers
|-damage|p1b: Ogerpon|27/100 psn|[from] psn
|-damage|p1a: Lunala|75/100 psn|[from] psn
|upkeep
|turn|6
|inactive|MadsFischer96 has 30 seconds left.
|
|t:|1750832955
|move|p1b: Ogerpon|Ivy Cudgel|p2a: Dondozo|[anim] Ivy Cudgel Water
|-resisted|p2a: Dondozo
|-damage|p2a: Dondozo|77/100
|move|p1a: Lunala|Moonblast|p2a: Dondozo
|-damage|p2a: Dondozo|55/100
|move|p2a: Dondozo|Body Press|p1a: Lunala
|-resisted|p1a: Lunala
|-damage|p1a: Lunala|55/100 psn
|
|-heal|p1a: Lunala|61/100 psn|[from] item: Leftovers
|-heal|p2a: Dondozo|61/100|[from] item: Leftovers
|-damage|p1b: Ogerpon|15/100 psn|[from] psn
|-damage|p1a: Lunala|48/100 psn|[from] psn
|upkeep
|turn|7
|inactive|MadsFischer96 has 30 seconds left.
|inactive|MadsFischer96 has 20 seconds left.
|inactive|MadsFischer96 has 15 seconds left.
|inactive|MadsFischer96 has 10 seconds left.
|
|t:|1750833004
|move|p1b: Ogerpon|Ivy Cudgel|p2a: Dondozo|[anim] Ivy Cudgel Water
|-resisted|p2a: Dondozo
|-damage|p2a: Dondozo|55/100
|move|p1a: Lunala|Moongeist Beam|p2a: Dondozo
|-damage|p2a: Dondozo|33/100
|move|p2a: Dondozo|Wave Crash|p1a: Lunala
|-damage|p1a: Lunala|0 fnt
|faint|p1a: Lunala
|-damage|p2a: Dondozo|19/100|[from] Recoil
|
|-heal|p2a: Dondozo|25/100|[from] item: Leftovers
|-damage|p1b: Ogerpon|3/100 psn|[from] psn
|-end|p2a: Dondozo|move: Taunt
|upkeep
|
|t:|1750833011
|switch|p1a: Miraidon|Miraidon, L50|57/100
|-status|p1a: Miraidon|psn
|-fieldstart|move: Electric Terrain|[from] ability: Hadron Engine|[of] p1a: Miraidon
|turn|8
|
|t:|1750833017
|move|p1b: Ogerpon|Spiky Shield|p1b: Ogerpon
|-singleturn|p1b: Ogerpon|move: Protect
|move|p2a: Dondozo|Protect|p2a: Dondozo
|-singleturn|p2a: Dondozo|Protect
|move|p1a: Miraidon|Volt Switch|p2a: Dondozo
|-activate|p2a: Dondozo|move: Protect
|
|-heal|p2a: Dondozo|32/100|[from] item: Leftovers
|-damage|p1a: Miraidon|44/100 psn|[from] psn
|-damage|p1b: Ogerpon|0 fnt|[from] psn
|faint|p1b: Ogerpon
|upkeep
|turn|9
|-message|MadsFischer96 forfeited.
|
|win|baybayvgc
|raw|MadsFischer96's rating: 1167 &rarr; <strong>1141</strong><br />(-26 for losing)
|raw|baybayvgc's rating: 1157 &rarr; <strong>1183</strong><br />(+26 for winning)
|l|☆MadsFischer96
|player|p1|
|l|☆baybayvgc
|player|p2|
