|j|☆agent jaam
|j|☆hhhh1616
|t:|1750745115
|gametype|doubles
|player|p1|agent jaam|n|1231
|player|p2|hhhh1616|candice|1162
|teamsize|p1|6
|teamsize|p2|6
|gen|9
|tier|[Gen 9] VGC 2025 Reg I
|rated|
|rule|Species Clause: Limit one of each Pokémon
|rule|Item Clause: Limit 1 of each item
|clearpoke
|poke|p1|Incineroar, L50, F|
|poke|p1|Ogerpon-Wellspring, L50, F|
|poke|p1|Rillaboom, L50, M|
|poke|p1|Calyrex-Shadow, L50|
|poke|p1|Scream Tail, L50|
|poke|p1|Koraidon, L50|
|poke|p2|Tyranitar, L50, M|
|poke|p2|Gholdengo, L50|
|poke|p2|Excadrill, L50, M|
|poke|p2|Incineroar, L50, M|
|poke|p2|Cresselia, L50, F|
|poke|p2|Amoonguss, L50, M|
|teampreview|4
|
|t:|1750745136
|start
|switch|p1a: Koraidon|Koraidon, L50|100/100
|switch|p1b: Calyrex|Calyrex-Shadow, L50|100/100
|switch|p2a: Incineroar|Incineroar, L50, M|100/100
|switch|p2b: Cresselia|Cresselia, L50, F|100/100
|-ability|p1b: Calyrex|As One
|-ability|p1b: Calyrex|Unnerve
|-weather|SunnyDay|[from] ability: Orichalcum Pulse|[of] p1a: Koraidon
|-activate|p1a: Koraidon|Orichalcum Pulse|[source]
|-ability|p2a: Incineroar|Intimidate|boost
|-unboost|p1a: Koraidon|atk|1
|-unboost|p1b: Calyrex|atk|1
|turn|1
|
|t:|1750745163
|-terastallize|p1b: Calyrex|Ghost
|move|p2a: Incineroar|Fake Out|p1a: Koraidon
|-damage|p1a: Koraidon|88/100
|-damage|p2a: Incineroar|91/100|[from] item: Life Orb
|move|p1b: Calyrex|Astral Barrage|p2a: Incineroar|[spread] p2a,p2b
|-resisted|p2a: Incineroar
|-supereffective|p2b: Cresselia
|-damage|p2a: Incineroar|56/100
|-damage|p2b: Cresselia|16/100
|cant|p1a: Koraidon|flinch
|move|p2b: Cresselia|Trick Room|p2b: Cresselia
|-fieldstart|move: Trick Room|[of] p2b: Cresselia
|
|-weather|SunnyDay|[upkeep]
|upkeep
|turn|2
|
|t:|1750745188
|move|p2b: Cresselia|Helping Hand|p2a: Incineroar
|-singleturn|p2a: Incineroar|Helping Hand|[of] p2b: Cresselia
|move|p2a: Incineroar|Knock Off|p1b: Calyrex
|-supereffective|p1b: Calyrex
|-enditem|p1b: Calyrex|Focus Sash
|-damage|p1b: Calyrex|1/100
|-damage|p2a: Incineroar|46/100|[from] item: Life Orb
|move|p1a: Koraidon|Flare Blitz|p2a: Incineroar
|-resisted|p2a: Incineroar
|-damage|p2a: Incineroar|18/100
|-damage|p1a: Koraidon|78/100|[from] Recoil
|-damage|p1a: Koraidon|68/100|[from] item: Life Orb
|move|p1b: Calyrex|Astral Barrage|p2b: Cresselia|[spread] p2a,p2b
|-resisted|p2a: Incineroar
|-supereffective|p2b: Cresselia
|-damage|p2a: Incineroar|0 fnt
|-damage|p2b: Cresselia|0 fnt
|faint|p2a: Incineroar
|faint|p2b: Cresselia
|-ability|p1b: Calyrex|Grim Neigh|boost
|-boost|p1b: Calyrex|spa|2
|
|-weather|SunnyDay|[upkeep]
|upkeep
|
|t:|1750745207
|switch|p2a: Tyranitar|Tyranitar, L50, M|100/100
|switch|p2b: Excadrill|Excadrill, L50, M|100/100
|-weather|Sandstorm|[from] ability: Sand Stream|[of] p2a: Tyranitar
|-item|p2b: Excadrill|Air Balloon
|turn|3
|
|t:|1750745231
|-terastallize|p2a: Tyranitar|Flying
|move|p1b: Calyrex|Protect|p1b: Calyrex
|-singleturn|p1b: Calyrex|Protect
|move|p2a: Tyranitar|Earthquake|p1b: Calyrex|[spread] p1a
|-activate|p1b: Calyrex|move: Protect
|-immune|p2b: Excadrill
|-damage|p1a: Koraidon|42/100
|move|p1a: Koraidon|Flare Blitz|p2b: Excadrill
|-supereffective|p2b: Excadrill
|-damage|p2b: Excadrill|0 fnt
|-enditem|p2b: Excadrill|Air Balloon
|faint|p2b: Excadrill
|-damage|p1a: Koraidon|7/100|[from] Recoil
|-damage|p1a: Koraidon|0 fnt|[from] item: Life Orb
|faint|p1a: Koraidon
|
|-weather|Sandstorm|[upkeep]
|-damage|p2a: Tyranitar|95/100|[from] Sandstorm
|-damage|p1b: Calyrex|0 fnt|[from] Sandstorm
|faint|p1b: Calyrex
|upkeep
|
|t:|1750745244
|switch|p1a: Ogerpon|Ogerpon-Wellspring, L50, F|100/100
|switch|p1b: Scream Tail|Scream Tail, L50|100/100
|-enditem|p1b: Scream Tail|Booster Energy
|-activate|p1b: Scream Tail|ability: Protosynthesis|[fromitem]
|-start|p1b: Scream Tail|protosynthesisspe
|turn|4
|
|t:|1750745277
|move|p1a: Ogerpon|Spiky Shield|p1a: Ogerpon
|-singleturn|p1a: Ogerpon|move: Protect
|move|p2a: Tyranitar|Knock Off|p1a: Ogerpon
|-activate|p1a: Ogerpon|move: Protect
|-damage|p2a: Tyranitar|83/100|[from] Spiky Shield|[of] p1a: Ogerpon
|move|p1b: Scream Tail|Thunder Wave|p2a: Tyranitar
|-status|p2a: Tyranitar|par
|
|-weather|Sandstorm|[upkeep]
|-damage|p2a: Tyranitar|77/100 par|[from] Sandstorm
|-damage|p1a: Ogerpon|95/100|[from] Sandstorm
|-damage|p1b: Scream Tail|95/100|[from] Sandstorm
|upkeep
|turn|5
|
|t:|1750745292
|cant|p2a: Tyranitar|par
|move|p1a: Ogerpon|Ivy Cudgel|p2a: Tyranitar|[anim] Ivy Cudgel Water
|-damage|p2a: Tyranitar|27/100 par
|move|p1b: Scream Tail|Encore|p2a: Tyranitar
|-start|p2a: Tyranitar|Encore
|
|-weather|Sandstorm|[upkeep]
|-damage|p2a: Tyranitar|21/100 par|[from] Sandstorm
|-damage|p1a: Ogerpon|89/100|[from] Sandstorm
|-damage|p1b: Scream Tail|89/100|[from] Sandstorm
|-fieldend|move: Trick Room
|upkeep
|turn|6
|-message|hhhh1616 forfeited.
|
|win|agent jaam
|raw|agent jaam's rating: 1231 &rarr; <strong>1251</strong><br />(+20 for winning)
|raw|hhhh1616's rating: 1162 &rarr; <strong>1142</strong><br />(-20 for losing)
|l|☆hhhh1616
|player|p2|
|l|☆agent jaam
|player|p1|
