|j|☆jephre45
|j|☆Piyush ki jai ho
|t:|1750826734
|gametype|doubles
|player|p1|jephre45|plasmagrunt|1432
|player|p2|Piyush ki jai ho|red|1402
|teamsize|p1|6
|teamsize|p2|6
|gen|9
|tier|[Gen 9] VGC 2025 Reg I
|rated|
|rule|Species Clause: Limit one of each Pokémon
|rule|Item Clause: Limit 1 of each item
|clearpoke
|poke|p1|Koraidon, L50|
|poke|p1|Calyrex-Ice, L50|
|poke|p1|Flutter Mane, L50|
|poke|p1|Chi-Yu, L50|
|poke|p1|Brute Bonnet, L50|
|poke|p1|Annihilape, L50, M|
|poke|p2|Amoonguss, L50, F|
|poke|p2|Calyrex-Ice, L50|
|poke|p2|Kyogre, L50|
|poke|p2|Grimmsnarl, L50, M|
|poke|p2|Basculegion, L50, M|
|poke|p2|Ursaluna-Bloodmoon, L50, M|
|teampreview|4
|inactive|Battle timer is ON: inactive players will automatically lose when time's up. (requested by Piyush ki jai ho)
|inactive|jephre45 has 60 seconds left.
|inactive|jephre45 has 30 seconds left.
|
|t:|1750826797
|start
|switch|p1a: Calyrex|Calyrex-Ice, L50|100/100
|switch|p1b: Annihilape|Annihilape, L50, M|100/100
|switch|p2a: Calyrex|Calyrex-Ice, L50|100/100
|switch|p2b: Ursaluna|Ursaluna-Bloodmoon, L50, M|100/100
|-ability|p1a: Calyrex|As One
|-ability|p1a: Calyrex|Unnerve
|-ability|p2a: Calyrex|As One
|-ability|p2a: Calyrex|Unnerve
|turn|1
|
|t:|1750826810
|move|p2b: Ursaluna|Protect|p2b: Ursaluna
|-singleturn|p2b: Ursaluna|Protect
|move|p1b: Annihilape|Taunt|p2a: Calyrex
|-start|p2a: Calyrex|move: Taunt
|move|p1a: Calyrex|Glacial Lance|p2b: Ursaluna|[spread] p2a
|-activate|p2b: Ursaluna|move: Protect
|-resisted|p2a: Calyrex
|-damage|p2a: Calyrex|86/100
|cant|p2a: Calyrex|move: Taunt|Trick Room
|
|upkeep
|turn|2
|
|t:|1750826835
|-terastallize|p2b: Ursaluna|Normal
|move|p1b: Annihilape|Coaching|p1a: Calyrex
|-boost|p1a: Calyrex|atk|1
|-boost|p1a: Calyrex|def|1
|move|p1a: Calyrex|Glacial Lance|p2a: Calyrex|[spread] p2a,p2b
|-resisted|p2a: Calyrex
|-crit|p2a: Calyrex
|-damage|p2a: Calyrex|55/100
|-damage|p2b: Ursaluna|45/100
|move|p2a: Calyrex|Glacial Lance|p1b: Annihilape|[spread] p1a,p1b
|-resisted|p1a: Calyrex
|-damage|p1a: Calyrex|90/100
|-damage|p1b: Annihilape|62/100
|move|p2b: Ursaluna|Hyper Voice|p1b: Annihilape|[spread] p1a,p1b
|-damage|p1a: Calyrex|44/100
|-damage|p1b: Annihilape|12/100
|-damage|p2b: Ursaluna|35/100|[from] item: Life Orb
|
|upkeep
|turn|3
|inactive|jephre45 has 30 seconds left.
|inactive|jephre45 has 20 seconds left.
|inactive|jephre45 has 15 seconds left.
|
|t:|1750826877
|move|p2b: Ursaluna|Protect|p2b: Ursaluna
|-singleturn|p2b: Ursaluna|Protect
|move|p1b: Annihilape|Close Combat|p2a: Calyrex
|-damage|p2a: Calyrex|28/100
|-unboost|p1b: Annihilape|def|1
|-unboost|p1b: Annihilape|spd|1
|move|p1a: Calyrex|Glacial Lance|p2a: Calyrex|[spread] p2a
|-activate|p2b: Ursaluna|move: Protect
|-resisted|p2a: Calyrex
|-crit|p2a: Calyrex
|-damage|p2a: Calyrex|0 fnt
|faint|p2a: Calyrex
|-ability|p1a: Calyrex|Chilling Neigh|boost
|-boost|p1a: Calyrex|atk|1
|
|upkeep
|
|t:|1750826892
|switch|p2a: Kyogre|Kyogre, L50|100/100
|-weather|RainDance|[from] ability: Drizzle|[of] p2a: Kyogre
|turn|4
|
|t:|1750826901
|move|p1a: Calyrex|Protect|p1a: Calyrex
|-singleturn|p1a: Calyrex|Protect
|move|p2a: Kyogre|Water Spout|p1a: Calyrex|[spread] p1b
|-activate|p1a: Calyrex|move: Protect
|-crit|p1b: Annihilape
|-damage|p1b: Annihilape|0 fnt
|faint|p1b: Annihilape
|move|p2b: Ursaluna|Hyper Voice|p1a: Calyrex
|-activate|p1a: Calyrex|move: Protect
|
|-weather|RainDance|[upkeep]
|upkeep
|
|t:|1750826907
|switch|p1b: Brute Bonnet|Brute Bonnet, L50|100/100
|turn|5
|
|t:|1750826929
|switch|p1a: Koraidon|Koraidon, L50|100/100
|-weather|SunnyDay|[from] ability: Orichalcum Pulse|[of] p1a: Koraidon
|-activate|p1b: Brute Bonnet|ability: Protosynthesis
|-start|p1b: Brute Bonnet|protosynthesisdef
|-activate|p1a: Koraidon|Orichalcum Pulse|[source]
|move|p2a: Kyogre|Water Spout|p1b: Brute Bonnet|[spread] p1a,p1b
|-resisted|p1a: Koraidon
|-resisted|p1b: Brute Bonnet
|-damage|p1a: Koraidon|80/100
|-damage|p1b: Brute Bonnet|85/100
|move|p1b: Brute Bonnet|Seed Bomb|p2a: Kyogre
|-supereffective|p2a: Kyogre
|-damage|p2a: Kyogre|30/100
|move|p2b: Ursaluna|Blood Moon|p1b: Brute Bonnet
|-damage|p1b: Brute Bonnet|0 fnt
|faint|p1b: Brute Bonnet
|-end|p1b: Brute Bonnet|Protosynthesis|[silent]
|-damage|p2b: Ursaluna|25/100|[from] item: Life Orb
|
|-weather|SunnyDay|[upkeep]
|upkeep
|
|t:|1750826950
|switch|p1b: Calyrex|Calyrex-Ice, L50|44/100
|-ability|p1b: Calyrex|As One
|-ability|p1b: Calyrex|Unnerve
|turn|6
|inactive|jephre45 has 30 seconds left.
|
|t:|1750826977
|switch|p2a: Basculegion|Basculegion, L50, M|100/100
|move|p2b: Ursaluna|Protect|p2b: Ursaluna
|-singleturn|p2b: Ursaluna|Protect
|move|p1a: Koraidon|Flare Blitz|p2a: Basculegion
|-resisted|p2a: Basculegion
|-crit|p2a: Basculegion
|-damage|p2a: Basculegion|13/100
|-damage|p1a: Koraidon|46/100|[from] Recoil
|-damage|p1a: Koraidon|36/100|[from] item: Life Orb
|move|p1b: Calyrex|Glacial Lance|p2b: Ursaluna|[spread] p2a
|-activate|p2b: Ursaluna|move: Protect
|-resisted|p2a: Basculegion
|-damage|p2a: Basculegion|0 fnt
|faint|p2a: Basculegion
|-ability|p1b: Calyrex|Chilling Neigh|boost
|-boost|p1b: Calyrex|atk|1
|
|-weather|SunnyDay|[upkeep]
|upkeep
|
|t:|1750826990
|switch|p2a: Kyogre|Kyogre, L50|30/100
|-weather|RainDance|[from] ability: Drizzle|[of] p2a: Kyogre
|turn|7
|
|t:|1750827003
|move|p1a: Koraidon|Close Combat|p2a: Kyogre
|-damage|p2a: Kyogre|0 fnt
|-unboost|p1a: Koraidon|def|1
|-unboost|p1a: Koraidon|spd|1
|faint|p2a: Kyogre
|-damage|p1a: Koraidon|26/100|[from] item: Life Orb
|move|p1b: Calyrex|Glacial Lance|p2b: Ursaluna
|-damage|p2b: Ursaluna|0 fnt
|faint|p2b: Ursaluna
|
|win|jephre45
|raw|jephre45's rating: 1432 &rarr; <strong>1450</strong><br />(+18 for winning)
|raw|Piyush ki jai ho's rating: 1402 &rarr; <strong>1384</strong><br />(-18 for losing)
|l|☆jephre45
|player|p1|
|l|☆Piyush ki jai ho
|player|p2|
