|j|☆CoolKid1000000
|j|☆parapapa123
|t:|1750852656
|gametype|doubles
|player|p1|CoolKid1000000|102|1482
|player|p2|parapapa123|265|1373
|teamsize|p1|6
|teamsize|p2|6
|gen|9
|tier|[Gen 9] VGC 2025 Reg I
|rated|
|rule|Species Clause: Limit one of each Pokémon
|rule|Item Clause: Limit 1 of each item
|clearpoke
|poke|p1|Calyrex-Shadow, L50|
|poke|p1|Zamazenta-*, L50|
|poke|p1|Chien-Pao, L50|
|poke|p1|Entei, L50|
|poke|p1|Urshifu-*, L50, F|
|poke|p1|Raichu, L50, F|
|poke|p2|Calyrex-Ice, L50|
|poke|p2|Landorus, L50, M|
|poke|p2|Urshifu-*, L50, M|
|poke|p2|Farigiraf, L50, M|
|poke|p2|Miraidon, L50|
|poke|p2|Incineroar, L50, F|
|teampreview|4
|inactive|Battle timer is ON: inactive players will automatically lose when time's up. (requested by parapapa123)
parapapa123 rejected open team sheets.
|inactive|CoolKid1000000 has 60 seconds left.
|inactive|CoolKid1000000 has 30 seconds left.
|
|t:|1750852731
|start
|switch|p1a: Raichu|Raichu, L50, F|100/100
|switch|p1b: Urshifu|Urshifu-Rapid-Strike, L50, F|100/100
|switch|p2a: Incineroar|Incineroar, L50, F|100/100
|switch|p2b: Miraidon|Miraidon, L50|100/100
|-fieldstart|move: Electric Terrain|[from] ability: Hadron Engine|[of] p2b: Miraidon
|-ability|p2a: Incineroar|Intimidate|boost
|-unboost|p1a: Raichu|atk|1
|-unboost|p1b: Urshifu|atk|1
|turn|1
|
|t:|1750852748
|switch|p2a: Farigiraf|Farigiraf, L50, M|100/100
|-enditem|p2a: Farigiraf|Electric Seed
|-boost|p2a: Farigiraf|def|1|[from] item: Electric Seed
|-terastallize|p2b: Miraidon|Fairy
|move|p1a: Raichu|Fake Out||[still]
|cant|p2a: Farigiraf|ability: Armor Tail|Fake Out|[of] p1a: Raichu
|move|p1b: Urshifu|Surging Strikes|p2a: Farigiraf
|-crit|p2a: Farigiraf
|-damage|p2a: Farigiraf|78/100
|-crit|p2a: Farigiraf
|-damage|p2a: Farigiraf|54/100
|-crit|p2a: Farigiraf
|-damage|p2a: Farigiraf|32/100
|-hitcount|p2a: Farigiraf|3
|move|p2b: Miraidon|Dazzling Gleam|p1b: Urshifu|[spread] p1a,p1b
|-supereffective|p1b: Urshifu
|-damage|p1a: Raichu|30/100
|-damage|p1b: Urshifu|0 fnt
|faint|p1b: Urshifu
|
|upkeep
|
|t:|1750852772
|switch|p1b: Zamazenta|Zamazenta-Crowned, L50|100/100
|-ability|p1b: Zamazenta|Dauntless Shield|boost
|-boost|p1b: Zamazenta|def|1
|turn|2
|
|t:|1750852781
|move|p2a: Farigiraf|Helping Hand|p2b: Miraidon
|-singleturn|p2b: Miraidon|Helping Hand|[of] p2a: Farigiraf
|move|p1b: Zamazenta|Wide Guard|p1b: Zamazenta
|-singleturn|p1b: Zamazenta|Wide Guard
|move|p2b: Miraidon|Dazzling Gleam|p1a: Raichu|[spread] 
|-activate|p1a: Raichu|move: Wide Guard
|-activate|p1b: Zamazenta|move: Wide Guard
|move|p1a: Raichu|Nuzzle|p2b: Miraidon
|-damage|p2b: Miraidon|95/100
|-status|p2b: Miraidon|par
|
|upkeep
|turn|3
|inactive|CoolKid1000000 has 30 seconds left.
|
|t:|1750852807
|switch|p2b: Calyrex|Calyrex-Ice, L50|100/100
|-ability|p2b: Calyrex|As One
|-ability|p2b: Calyrex|Unnerve
|move|p1b: Zamazenta|Wide Guard|p1b: Zamazenta
|-singleturn|p1b: Zamazenta|Wide Guard
|move|p1a: Raichu|Nuzzle|p2a: Farigiraf
|-damage|p2a: Farigiraf|28/100
|-status|p2a: Farigiraf|par
|move|p2a: Farigiraf|Trick Room|p2a: Farigiraf
|-fieldstart|move: Trick Room|[of] p2a: Farigiraf
|
|upkeep
|turn|4
|inactive|CoolKid1000000 has 30 seconds left.
|inactive|CoolKid1000000 has 20 seconds left.
|
|t:|1750852844
|move|p1b: Zamazenta|Wide Guard|p1b: Zamazenta
|-singleturn|p1b: Zamazenta|Wide Guard
|move|p2a: Farigiraf|Psychic|p1a: Raichu
|-damage|p1a: Raichu|0 fnt
|faint|p1a: Raichu
|move|p2b: Calyrex|Leech Seed|p1b: Zamazenta
|-start|p1b: Zamazenta|move: Leech Seed
|
|-damage|p1b: Zamazenta|88/100|[from] Leech Seed|[of] p2b: Calyrex
|upkeep
|
|t:|1750852861
|switch|p1a: Calyrex|Calyrex-Shadow, L50|100/100
|-ability|p1a: Calyrex|As One
|-ability|p1a: Calyrex|Unnerve
|turn|5
|
|t:|1750852871
|move|p1a: Calyrex|Protect|p1a: Calyrex
|-singleturn|p1a: Calyrex|Protect
|move|p2a: Farigiraf|Psychic|p1b: Zamazenta
|-crit|p1b: Zamazenta
|-damage|p1b: Zamazenta|48/100
|move|p2b: Calyrex|Leech Seed|p1a: Calyrex
|-activate|p1a: Calyrex|move: Protect
|move|p1b: Zamazenta|Body Press|p2b: Calyrex
|-damage|p2b: Calyrex|71/100
|
|-heal|p2b: Calyrex|77/100|[from] item: Leftovers
|-damage|p1b: Zamazenta|36/100|[from] Leech Seed|[of] p2b: Calyrex
|-heal|p2b: Calyrex|87/100|[silent]
|-fieldend|move: Electric Terrain
|upkeep
|turn|6
|
|t:|1750852891
|-terastallize|p1a: Calyrex|Fairy
|move|p1b: Zamazenta|Wide Guard|p1b: Zamazenta
|-singleturn|p1b: Zamazenta|Wide Guard
|move|p2a: Farigiraf|Foul Play|p1a: Calyrex
|-resisted|p1a: Calyrex
|-damage|p1a: Calyrex|93/100
|move|p2b: Calyrex|Glacial Lance|p1b: Zamazenta|[spread] 
|-activate|p1a: Calyrex|move: Wide Guard
|-activate|p1b: Zamazenta|move: Wide Guard
|move|p1a: Calyrex|Astral Barrage|p2a: Farigiraf|[spread] p2b
|-immune|p2a: Farigiraf
|-supereffective|p2b: Calyrex
|-damage|p2b: Calyrex|0 fnt
|faint|p2b: Calyrex
|-ability|p1a: Calyrex|Grim Neigh|boost
|-boost|p1a: Calyrex|spa|1
|-damage|p1a: Calyrex|83/100|[from] item: Life Orb
|
|upkeep
|
|t:|1750852905
|switch|p2b: Incineroar|Incineroar, L50, F|100/100
|-ability|p2b: Incineroar|Intimidate|boost
|-unboost|p1a: Calyrex|atk|1
|-unboost|p1b: Zamazenta|atk|1
|turn|7
|inactive|CoolKid1000000 has 30 seconds left.
|
|t:|1750852937
|move|p1a: Calyrex|Protect|p1a: Calyrex
|-singleturn|p1a: Calyrex|Protect
|move|p2b: Incineroar|Fake Out|p1b: Zamazenta
|-resisted|p1b: Zamazenta
|-damage|p1b: Zamazenta|33/100
|move|p2a: Farigiraf|Psychic|p1b: Zamazenta
|-damage|p1b: Zamazenta|8/100
|cant|p1b: Zamazenta|flinch
|
|-damage|p1b: Zamazenta|0 fnt|[from] Leech Seed|[of] p2b: Incineroar
|faint|p1b: Zamazenta
|-fieldend|move: Trick Room
|upkeep
|turn|8
|
|t:|1750852959
|move|p1a: Calyrex|Psychic|p2a: Farigiraf
|-resisted|p2a: Farigiraf
|-damage|p2a: Farigiraf|0 fnt
|faint|p2a: Farigiraf
|-ability|p1a: Calyrex|Grim Neigh|boost
|-boost|p1a: Calyrex|spa|1
|-damage|p1a: Calyrex|74/100|[from] item: Life Orb
|move|p2b: Incineroar|U-turn|p1a: Calyrex
|-resisted|p1a: Calyrex
|-damage|p1a: Calyrex|61/100
|
|t:|1750852969
|switch|p2b: Miraidon|Miraidon, L50, tera:Fairy|95/100 par|[from] U-turn
|-fieldstart|move: Electric Terrain|[from] ability: Hadron Engine|[of] p2b: Miraidon
|
|upkeep
|
|t:|1750852975
|switch|p2a: Incineroar|Incineroar, L50, F|100/100
|-ability|p2a: Incineroar|Intimidate|boost
|-unboost|p1a: Calyrex|atk|1
|turn|9
|inactive|CoolKid1000000 has 30 seconds left.
|inactive|CoolKid1000000 has 20 seconds left.
|
|t:|1750853012
|move|p2a: Incineroar|Fake Out|p1a: Calyrex
|-damage|p1a: Calyrex|45/100
|cant|p1a: Calyrex|flinch
|move|p2b: Miraidon|Electro Drift|p1a: Calyrex
|-damage|p1a: Calyrex|0 fnt
|faint|p1a: Calyrex
|
|win|parapapa123
|raw|CoolKid1000000's rating: 1482 &rarr; <strong>1456</strong><br />(-26 for losing)
|raw|parapapa123's rating: 1373 &rarr; <strong>1399</strong><br />(+26 for winning)
|l|☆CoolKid1000000
|player|p1|
