|j|☆wosukakaxi
|j|☆Slowpoke Well YT
|t:|1750862829
|gametype|doubles
|player|p1|wosukakaxi|red|1455
|player|p2|Slowpoke Well YT|ethan|1446
|teamsize|p1|6
|teamsize|p2|6
|gen|9
|tier|[Gen 9] VGC 2025 Reg I
|rated|
|rule|Species Clause: Limit one of each Pokémon
|rule|Item Clause: Limit 1 of each item
|clearpoke
|poke|p1|Zamazenta-*, L50|
|poke|p1|Calyrex-Shadow, L50|
|poke|p1|Tornadus, L50, M|
|poke|p1|Urshifu-*, L50, F|
|poke|p1|Rillaboom, L50, M|
|poke|p1|Chien-Pao, L50|
|poke|p2|Gothitelle, L50, F|
|poke|p2|Eternatus, L50|
|poke|p2|Calyrex-Shadow, L50|
|poke|p2|Incineroar, L50, F|
|poke|p2|Rillaboom, L50, F|
|poke|p2|Urshifu-*, L50, M|
|teampreview|4
|inactive|Battle timer is ON: inactive players will automatically lose when time's up. (requested by Slowpoke Well YT)
|
|t:|1750862844
|start
|switch|p1a: Tornadus|Tornadus, L50, M|100/100
|switch|p1b: Urshifu|Urshifu-Rapid-Strike, L50, F|100/100
|switch|p2a: Eternatus|Eternatus, L50|100/100
|switch|p2b: Incineroar|Incineroar, L50, F|100/100
|-ability|p2a: Eternatus|Pressure
|-ability|p2b: Incineroar|Intimidate|boost
|-unboost|p1a: Tornadus|atk|1
|-unboost|p1b: Urshifu|atk|1
|turn|1
|
|t:|1750862859
|move|p1a: Tornadus|Protect|p1a: Tornadus
|-singleturn|p1a: Tornadus|Protect
|move|p1b: Urshifu|Detect|p1b: Urshifu
|-singleturn|p1b: Urshifu|Protect
|move|p2b: Incineroar|Fake Out|p1b: Urshifu
|-activate|p1b: Urshifu|move: Protect
|move|p2a: Eternatus|Cosmic Power|p2a: Eternatus
|-boost|p2a: Eternatus|def|1
|-boost|p2a: Eternatus|spd|1
|
|upkeep
|turn|2
|
|t:|1750862873
|switch|p2b: Gothitelle|Gothitelle, L50, F, shiny|100/100
|move|p1a: Tornadus|Tailwind|p1a: Tornadus
|-sidestart|p1: wosukakaxi|move: Tailwind
|move|p1b: Urshifu|Surging Strikes|p2a: Eternatus
|-resisted|p2a: Eternatus
|-crit|p2a: Eternatus
|-damage|p2a: Eternatus|92/100
|-resisted|p2a: Eternatus
|-crit|p2a: Eternatus
|-damage|p2a: Eternatus|83/100
|-resisted|p2a: Eternatus
|-crit|p2a: Eternatus
|-damage|p2a: Eternatus|74/100
|-hitcount|p2a: Eternatus|3
|move|p2a: Eternatus|Cosmic Power|p2a: Eternatus
|-boost|p2a: Eternatus|def|1
|-boost|p2a: Eternatus|spd|1
|
|-heal|p2a: Eternatus|80/100|[from] item: Leftovers
|upkeep
|turn|3
|
|t:|1750862890
|move|p2b: Gothitelle|Fake Out|p1b: Urshifu
|-damage|p1b: Urshifu|95/100
|move|p1a: Tornadus|Rain Dance|p1a: Tornadus
|-weather|RainDance
|cant|p1b: Urshifu|flinch
|move|p2a: Eternatus|Cosmic Power|p2a: Eternatus
|-boost|p2a: Eternatus|def|1
|-boost|p2a: Eternatus|spd|1
|
|-weather|RainDance|[upkeep]
|-heal|p2a: Eternatus|86/100|[from] item: Leftovers
|upkeep
|turn|4
|
|t:|1750862902
|switch|p2b: Incineroar|Incineroar, L50, F|100/100
|-ability|p2b: Incineroar|Intimidate|boost
|-unboost|p1a: Tornadus|atk|1
|-unboost|p1b: Urshifu|atk|1
|-terastallize|p1b: Urshifu|Water
|move|p1a: Tornadus|Bleakwind Storm|p2b: Incineroar|[spread] p2a,p2b
|-damage|p2a: Eternatus|79/100
|-damage|p2b: Incineroar|76/100
|move|p1b: Urshifu|Surging Strikes|p2a: Eternatus
|-resisted|p2a: Eternatus
|-crit|p2a: Eternatus
|-damage|p2a: Eternatus|60/100
|-resisted|p2a: Eternatus
|-crit|p2a: Eternatus
|-damage|p2a: Eternatus|40/100
|-resisted|p2a: Eternatus
|-crit|p2a: Eternatus
|-damage|p2a: Eternatus|23/100
|-hitcount|p2a: Eternatus|3
|move|p2a: Eternatus|Cosmic Power|p2a: Eternatus
|-boost|p2a: Eternatus|def|1
|-boost|p2a: Eternatus|spd|1
|
|-weather|RainDance|[upkeep]
|-heal|p2a: Eternatus|30/100|[from] item: Leftovers
|upkeep
|turn|5
|
|t:|1750862923
|move|p1a: Tornadus|Protect|p1a: Tornadus
|-singleturn|p1a: Tornadus|Protect
|move|p1b: Urshifu|Detect|p1b: Urshifu
|-singleturn|p1b: Urshifu|Protect
|move|p2b: Incineroar|Fake Out|p1b: Urshifu
|-activate|p1b: Urshifu|move: Protect
|move|p2a: Eternatus|Recover|p2a: Eternatus
|-heal|p2a: Eternatus|80/100
|
|-weather|RainDance|[upkeep]
|-heal|p2a: Eternatus|86/100|[from] item: Leftovers
|-sideend|p1: wosukakaxi|move: Tailwind
|upkeep
|turn|6
|
|t:|1750862941
|move|p1a: Tornadus|Tailwind|p1a: Tornadus
|-sidestart|p1: wosukakaxi|move: Tailwind
|move|p1b: Urshifu|Surging Strikes|p2b: Incineroar
|-supereffective|p2b: Incineroar
|-crit|p2b: Incineroar
|-damage|p2b: Incineroar|0 fnt
|faint|p2b: Incineroar
|-hitcount|p2: Incineroar|1
|move|p2a: Eternatus|Sludge Bomb|p1b: Urshifu
|-damage|p1b: Urshifu|44/100
|
|-weather|RainDance|[upkeep]
|-heal|p2a: Eternatus|92/100|[from] item: Leftovers
|upkeep
|
|t:|1750862954
|switch|p2b: Gothitelle|Gothitelle, L50, F, shiny|100/100
|turn|7
|
|t:|1750862966
|move|p2b: Gothitelle|Fake Out|p1b: Urshifu
|-damage|p1b: Urshifu|39/100
|move|p1a: Tornadus|Bleakwind Storm|p2b: Gothitelle|[spread] p2a,p2b
|-damage|p2a: Eternatus|86/100
|-damage|p2b: Gothitelle|76/100
|-unboost|p2b: Gothitelle|spe|1
|cant|p1b: Urshifu|flinch
|move|p2a: Eternatus|Sludge Bomb|p1a: Tornadus
|-crit|p1a: Tornadus
|-damage|p1a: Tornadus|31/100
|
|-weather|none
|-heal|p2a: Eternatus|92/100|[from] item: Leftovers
|upkeep
|turn|8
|
|t:|1750862984
|move|p1b: Urshifu|Detect|p1b: Urshifu
|-singleturn|p1b: Urshifu|Protect
|move|p1a: Tornadus|Rain Dance|p1a: Tornadus
|-weather|RainDance
|move|p2a: Eternatus|Sludge Bomb|p1b: Urshifu
|-activate|p1b: Urshifu|move: Protect
|move|p2b: Gothitelle|Psychic|p1a: Tornadus
|-damage|p1a: Tornadus|0 fnt
|faint|p1a: Tornadus
|
|-weather|RainDance|[upkeep]
|-heal|p2a: Eternatus|98/100|[from] item: Leftovers
|upkeep
|
|t:|1750862990
|switch|p1a: Zamazenta|Zamazenta-Crowned, L50|100/100
|-ability|p1a: Zamazenta|Dauntless Shield|boost
|-boost|p1a: Zamazenta|def|1
|turn|9
|
|t:|1750863004
|move|p1a: Zamazenta|Heavy Slam|p2a: Eternatus
|-damage|p2a: Eternatus|94/100
|move|p1b: Urshifu|Surging Strikes|p2a: Eternatus
|-resisted|p2a: Eternatus
|-crit|p2a: Eternatus
|-damage|p2a: Eternatus|76/100
|-resisted|p2a: Eternatus
|-crit|p2a: Eternatus
|-damage|p2a: Eternatus|57/100
|-resisted|p2a: Eternatus
|-crit|p2a: Eternatus
|-damage|p2a: Eternatus|36/100
|-hitcount|p2a: Eternatus|3
|move|p2a: Eternatus|Sludge Bomb|p1b: Urshifu
|-damage|p1b: Urshifu|0 fnt
|faint|p1b: Urshifu
|move|p2b: Gothitelle|Heal Pulse|p2a: Eternatus
|-heal|p2a: Eternatus|86/100
|
|-weather|RainDance|[upkeep]
|-heal|p2a: Eternatus|93/100|[from] item: Leftovers
|-sideend|p1: wosukakaxi|move: Tailwind
|upkeep
|
|t:|1750863007
|switch|p1b: Calyrex|Calyrex-Shadow, L50|100/100
|-ability|p1b: Calyrex|As One
|-ability|p1b: Calyrex|Unnerve
|turn|10
|
|t:|1750863031
|move|p2b: Gothitelle|Protect|p2b: Gothitelle
|-singleturn|p2b: Gothitelle|Protect
|move|p1b: Calyrex|Astral Barrage|p2b: Gothitelle|[spread] p2a
|-activate|p2b: Gothitelle|move: Protect
|-damage|p2a: Eternatus|82/100
|move|p1a: Zamazenta|Body Press|p2a: Eternatus
|-resisted|p2a: Eternatus
|-damage|p2a: Eternatus|74/100
|move|p2a: Eternatus|Sludge Bomb|p1b: Calyrex
|-resisted|p1b: Calyrex
|-damage|p1b: Calyrex|80/100
|
|-weather|RainDance|[upkeep]
|-heal|p2a: Eternatus|80/100|[from] item: Leftovers
|upkeep
|turn|11
|
|t:|1750863052
|-terastallize|p2b: Gothitelle|Dark
|move|p1b: Calyrex|Encore|p2b: Gothitelle
|-start|p2b: Gothitelle|Encore
|move|p1a: Zamazenta|Body Press|p2a: Eternatus
|-resisted|p2a: Eternatus
|-damage|p2a: Eternatus|71/100
|move|p2a: Eternatus|Sludge Bomb|p1b: Calyrex
|-resisted|p1b: Calyrex
|-damage|p1b: Calyrex|59/100
|-status|p1b: Calyrex|psn
|move|p2b: Gothitelle|Protect||[still]
|-fail|p2b: Gothitelle
|
|-weather|RainDance|[upkeep]
|-heal|p2a: Eternatus|77/100|[from] item: Leftovers
|-damage|p1b: Calyrex|47/100 psn|[from] psn
|upkeep
|turn|12
|
|t:|1750863071
|move|p2b: Gothitelle|Protect|p2b: Gothitelle
|-singleturn|p2b: Gothitelle|Protect
|move|p1b: Calyrex|Encore|p2a: Eternatus
|-start|p2a: Eternatus|Encore
|move|p1a: Zamazenta|Body Press|p2a: Eternatus
|-resisted|p2a: Eternatus
|-damage|p2a: Eternatus|68/100
|move|p2a: Eternatus|Sludge Bomb|p1b: Calyrex
|-resisted|p1b: Calyrex
|-damage|p1b: Calyrex|25/100 psn
|
|-weather|none
|-heal|p2a: Eternatus|74/100|[from] item: Leftovers
|-damage|p1b: Calyrex|13/100 psn|[from] psn
|upkeep
|turn|13
|
|t:|1750863085
|switch|p2b: Calyrex|Calyrex-Shadow, L50|100/100
|-ability|p2b: Calyrex|As One
|-ability|p2b: Calyrex|Unnerve
|move|p1b: Calyrex|Psychic|p2a: Eternatus
|-supereffective|p2a: Eternatus
|-damage|p2a: Eternatus|52/100
|move|p1a: Zamazenta|Heavy Slam|p2a: Eternatus
|-damage|p2a: Eternatus|48/100
|move|p2a: Eternatus|Sludge Bomb|p1b: Calyrex
|-resisted|p1b: Calyrex
|-damage|p1b: Calyrex|0 fnt
|faint|p1b: Calyrex
|
|-heal|p2a: Eternatus|54/100|[from] item: Leftovers
|upkeep
|turn|14
|
|t:|1750863103
|switch|p2a: Gothitelle|Gothitelle, L50, F, shiny, tera:Dark|76/100
|move|p2b: Calyrex|Astral Barrage|p1a: Zamazenta
|-damage|p1a: Zamazenta|36/100
|move|p1a: Zamazenta|Heavy Slam|p2b: Calyrex
|-damage|p2b: Calyrex|44/100
|
|upkeep
|turn|15
|
|t:|1750863113
|move|p2a: Gothitelle|Fake Out|p1a: Zamazenta
|-resisted|p1a: Zamazenta
|-damage|p1a: Zamazenta|35/100
|move|p2b: Calyrex|Astral Barrage|p1a: Zamazenta
|-damage|p1a: Zamazenta|0 fnt
|faint|p1a: Zamazenta
|
|win|Slowpoke Well YT
|raw|wosukakaxi's rating: 1455 &rarr; <strong>1434</strong><br />(-21 for losing)
|raw|Slowpoke Well YT's rating: 1446 &rarr; <strong>1467</strong><br />(+21 for winning)
|l|☆wosukakaxi
|player|p1|
|l|☆Slowpoke Well YT
|player|p2|
