|j|☆Boumsong90
|j|☆StarmanWilliam
|t:|1750854609
|gametype|doubles
|player|p1|Boumsong90|101|1364
|player|p2|StarmanWilliam|1|1310
|teamsize|p1|6
|teamsize|p2|6
|gen|9
|tier|[Gen 9] VGC 2025 Reg I
|rated|
|rule|Species Clause: Limit one of each Pokémon
|rule|Item Clause: Limit 1 of each item
|clearpoke
|poke|p1|Miraidon, L50|
|poke|p1|Lunala, L50|
|poke|p1|Incineroar, L50, F|
|poke|p1|Urshifu-*, L50, F|
|poke|p1|Ursaluna, L50, F|
|poke|p1|Whimsicott, L50, M|
|poke|p2|Dialga-Origin, L50|
|poke|p2|Ursaluna, L50, F|
|poke|p2|Miraidon, L50|
|poke|p2|Flygon, L50, M|
|poke|p2|Ogerpon-Wellspring, L50, F|
|poke|p2|Incineroar, L50, M|
|teampreview|4
|inactive|Battle timer is ON: inactive players will automatically lose when time's up. (requested by Boumsong90)
|c|☆StarmanWilliam|Glhf
|
|t:|1750854646
|start
|switch|p1a: Lunala|Lunala, L50, shiny|100/100
|switch|p1b: Incineroar|Incineroar, L50, F|100/100
|switch|p2a: Dialga|Dialga-Origin, L50|100/100
|switch|p2b: Incineroar|Incineroar, L50, M|100/100
|-ability|p1b: Incineroar|Intimidate|boost
|-unboost|p2a: Dialga|atk|1
|-unboost|p2b: Incineroar|atk|1
|-ability|p2b: Incineroar|Intimidate|boost
|-unboost|p1a: Lunala|atk|1
|-unboost|p1b: Incineroar|atk|1
|turn|1
|inactive|Boumsong90 has 30 seconds left.
|
|t:|1750854680
|-terastallize|p1a: Lunala|Fairy
|move|p2a: Dialga|Protect|p2a: Dialga
|-singleturn|p2a: Dialga|Protect
|move|p2b: Incineroar|Fake Out|p1b: Incineroar
|-damage|p1b: Incineroar|95/100
|move|p1a: Lunala|Moonblast|p2a: Dialga
|-activate|p2a: Dialga|move: Protect
|cant|p1b: Incineroar|flinch
|
|upkeep
|turn|2
|inactive|StarmanWilliam has 30 seconds left.
|inactive|StarmanWilliam has 20 seconds left.
|inactive|StarmanWilliam has 15 seconds left.
|inactive|StarmanWilliam has 10 seconds left.
|inactive|StarmanWilliam has 5 seconds left.
|
|t:|1750854732
|move|p1a: Lunala|Moonblast|p2a: Dialga
|-damage|p2a: Dialga|62/100
|move|p1b: Incineroar|Knock Off|p2a: Dialga
|-damage|p2a: Dialga|49/100
|move|p2b: Incineroar|Knock Off|p1a: Lunala
|-resisted|p1a: Lunala
|-damage|p1a: Lunala|95/100
|-enditem|p1a: Lunala|Electric Seed|[from] move: Knock Off|[of] p2b: Incineroar
|move|p2a: Dialga|Trick Room|p2a: Dialga
|-fieldstart|move: Trick Room|[of] p2a: Dialga
|
|upkeep
|turn|3
|
|t:|1750854752
|switch|p2a: Miraidon|Miraidon, L50|100/100
|-fieldstart|move: Electric Terrain|[from] ability: Hadron Engine|[of] p2a: Miraidon
|move|p2b: Incineroar|Parting Shot|p1a: Lunala
|-unboost|p1a: Lunala|atk|1
|-unboost|p1a: Lunala|spa|1
|
|t:|1750854761
|switch|p2b: Ursaluna|Ursaluna, L50, F|100/100|[from] Parting Shot
|move|p1b: Incineroar|Flare Blitz|p2a: Miraidon
|-resisted|p2a: Miraidon
|-damage|p2a: Miraidon|88/100
|-damage|p1b: Incineroar|91/100|[from] Recoil
|move|p1a: Lunala|Moonblast|p2a: Miraidon
|-supereffective|p2a: Miraidon
|-damage|p2a: Miraidon|54/100
|
|-status|p2b: Ursaluna|brn|[from] item: Flame Orb
|upkeep
|turn|4
|inactive|StarmanWilliam has 30 seconds left.
|inactive|StarmanWilliam has 20 seconds left.
|
|t:|1750854796
|switch|p2a: Incineroar|Incineroar, L50, M|100/100
|-ability|p2a: Incineroar|Intimidate|boost
|-unboost|p1a: Lunala|atk|1
|-unboost|p1b: Incineroar|atk|1
|move|p2b: Ursaluna|Facade|p1a: Lunala
|-damage|p1a: Lunala|2/100
|move|p1b: Incineroar|Knock Off|p2a: Incineroar
|-resisted|p2a: Incineroar
|-damage|p2a: Incineroar|93/100
|-damage|p1b: Incineroar|75/100|[from] item: Rocky Helmet|[of] p2a: Incineroar
|-enditem|p2a: Incineroar|Rocky Helmet|[from] move: Knock Off|[of] p1b: Incineroar
|move|p1a: Lunala|Trick Room|p1a: Lunala
|-fieldend|move: Trick Room
|
|-damage|p2b: Ursaluna|95/100 brn|[from] brn
|upkeep
|turn|5
|inactive|Boumsong90 has 30 seconds left.
|inactive|StarmanWilliam has 30 seconds left.
|
|t:|1750854828
|switch|p2b: Dialga|Dialga-Origin, L50|49/100
|move|p2a: Incineroar|Fake Out|p1a: Lunala
|-damage|p1a: Lunala|0 fnt
|faint|p1a: Lunala
|move|p1b: Incineroar|U-turn|p2b: Dialga
|-resisted|p2b: Dialga
|-damage|p2b: Dialga|45/100
|l|☆StarmanWilliam
|inactive|StarmanWilliam disconnected and has a minute to reconnect!
|player|p2|
|
|t:|1750854837
|switch|p1b: Whimsicott|Whimsicott, L50, M|100/100|[from] U-turn
|
|upkeep
|
|t:|1750854842
|switch|p1a: Miraidon|Miraidon, L50|100/100
|-activate|p1a: Miraidon|ability: Hadron Engine
|turn|6
|j|☆StarmanWilliam
|inactive|StarmanWilliam reconnected and has 55 seconds left.
|player|p2|StarmanWilliam|1|
|inactive|StarmanWilliam has 30 seconds left.
|
|t:|1750854867
|switch|p2b: Miraidon|Miraidon, L50|54/100
|-activate|p2b: Miraidon|ability: Hadron Engine
|move|p1b: Whimsicott|Moonblast|p2b: Miraidon
|-supereffective|p2b: Miraidon
|-damage|p2b: Miraidon|25/100
|move|p1a: Miraidon|Dazzling Gleam|p2a: Incineroar|[spread] p2a,p2b
|-supereffective|p2b: Miraidon
|-damage|p2a: Incineroar|58/100
|-damage|p2b: Miraidon|0 fnt
|faint|p2b: Miraidon
|move|p2a: Incineroar|Parting Shot|p1a: Miraidon
|-unboost|p1a: Miraidon|atk|1
|-unboost|p1a: Miraidon|spa|1
|
|t:|1750854880
|switch|p2a: Dialga|Dialga-Origin, L50|45/100|[from] Parting Shot
|
|upkeep
|
|t:|1750854883
|switch|p2b: Incineroar|Incineroar, L50, M|58/100
|-ability|p2b: Incineroar|Intimidate|boost
|-unboost|p1a: Miraidon|atk|1
|-unboost|p1b: Whimsicott|atk|1
|turn|7
|
|t:|1750854892
|move|p2b: Incineroar|Fake Out|p1a: Miraidon
|-damage|p1a: Miraidon|90/100
|move|p1b: Whimsicott|Moonblast|p2a: Dialga
|-damage|p2a: Dialga|24/100
|cant|p1a: Miraidon|flinch
|move|p2a: Dialga|Trick Room|p2a: Dialga
|-fieldstart|move: Trick Room|[of] p2a: Dialga
|
|-fieldend|move: Electric Terrain
|upkeep
|turn|8
|
|t:|1750854911
|move|p2b: Incineroar|Knock Off|p1a: Miraidon
|-damage|p1a: Miraidon|59/100
|-enditem|p1a: Miraidon|Choice Specs|[from] move: Knock Off|[of] p2b: Incineroar
|move|p2a: Dialga|Dragon Pulse|p1a: Miraidon
|-supereffective|p1a: Miraidon
|-damage|p1a: Miraidon|0 fnt
|faint|p1a: Miraidon
|move|p1b: Whimsicott|Moonblast|p2b: Incineroar
|-damage|p2b: Incineroar|34/100
|-unboost|p2b: Incineroar|spa|1
|
|upkeep
|-message|Boumsong90 forfeited.
|
|win|StarmanWilliam
|raw|Boumsong90's rating: 1364 &rarr; <strong>1341</strong><br />(-23 for losing)
|raw|StarmanWilliam's rating: 1310 &rarr; <strong>1333</strong><br />(+23 for winning)
|l|☆Boumsong90
|player|p1|
|l|☆StarmanWilliam
|player|p2|
