|j|☆DrakyPana
|j|☆br1jxp
|t:|1750826680
|gametype|doubles
|player|p1|DrakyPana|psychicf-gen4|1361
|player|p2|br1jxp|266|1418
|teamsize|p1|6
|teamsize|p2|6
|gen|9
|tier|[Gen 9] VGC 2025 Reg I
|rated|
|rule|Species Clause: Limit one of each Pokémon
|rule|Item Clause: Limit 1 of each item
|clearpoke
|poke|p1|Ursaluna, L50, F|
|poke|p1|Urshifu-*, L50, M|
|poke|p1|Miraidon, L50|
|poke|p1|Incineroar, L50, F|
|poke|p1|Lunala, L50|
|poke|p1|Whimsicott, L50, M|
|poke|p2|Kyogre, L50|
|poke|p2|Whimsicott, L50, F|
|poke|p2|Kyurem-Black, L50|
|poke|p2|Tinkaton, L50, F|
|poke|p2|Urshifu-*, L50, M|
|poke|p2|Landorus, L50, M|
|teampreview|4
DrakyPana has agreed to open team sheets.
|
|t:|1750826704
|start
|switch|p1a: Miraidon|Miraidon, L50|100/100
|switch|p1b: Incineroar|Incineroar, L50, F|100/100
|switch|p2a: Whimsicott|Whimsicott, L50, F|100/100
|switch|p2b: Urshifu|Urshifu, L50, M|100/100
|-fieldstart|move: Electric Terrain|[from] ability: Hadron Engine|[of] p1a: Miraidon
|-ability|p1b: Incineroar|Intimidate|boost
|-unboost|p2a: Whimsicott|atk|1
|-unboost|p2b: Urshifu|atk|1
|turn|1
|
|t:|1750826726
|move|p2b: Urshifu|Detect|p2b: Urshifu
|-singleturn|p2b: Urshifu|Protect
|move|p2a: Whimsicott|Tailwind|p2a: Whimsicott
|-sidestart|p2: br1jxp|move: Tailwind
|move|p1a: Miraidon|Volt Switch|p2b: Urshifu
|-activate|p2b: Urshifu|move: Protect
|move|p1b: Incineroar|Flare Blitz|p2a: Whimsicott
|-supereffective|p2a: Whimsicott
|-damage|p2a: Whimsicott|6/100
|-damage|p1b: Incineroar|75/100|[from] Recoil
|
|upkeep
|turn|2
|
|t:|1750826753
|switch|p1b: Lunala|Lunala, L50|100/100
|-enditem|p1b: Lunala|Electric Seed
|-boost|p1b: Lunala|def|1|[from] item: Electric Seed
|move|p2a: Whimsicott|Light Screen|p2a: Whimsicott
|-sidestart|p2: br1jxp|move: Light Screen
|move|p2b: Urshifu|Close Combat|p1b: Lunala
|-immune|p1b: Lunala
|move|p1a: Miraidon|Volt Switch|p2b: Urshifu
|-enditem|p2b: Urshifu|Focus Sash
|-damage|p2b: Urshifu|1/100
|
|t:|1750826764
|switch|p1a: Urshifu|Urshifu-Rapid-Strike, L50, M|100/100|[from] Volt Switch
|
|upkeep
|turn|3
|
|t:|1750826779
|move|p2b: Urshifu|Sucker Punch|p1a: Urshifu
|-resisted|p1a: Urshifu
|-damage|p1a: Urshifu|87/100
|move|p1a: Urshifu|Aqua Jet|p2b: Urshifu
|-damage|p2b: Urshifu|0 fnt
|faint|p2b: Urshifu
|move|p2a: Whimsicott|Moonblast|p1a: Urshifu
|-supereffective|p1a: Urshifu
|-damage|p1a: Urshifu|15/100
|move|p1b: Lunala|Moonblast|p2a: Whimsicott
|-damage|p2a: Whimsicott|0 fnt
|faint|p2a: Whimsicott
|
|upkeep
|
|t:|1750826783
|switch|p2a: Kyurem|Kyurem-Black, L50|100/100
|switch|p2b: Kyogre|Kyogre, L50|100/100
|-ability|p2a: Kyurem|Teravolt
|-weather|RainDance|[from] ability: Drizzle|[of] p2b: Kyogre
|turn|4
|
|t:|1750826817
|switch|p1a: Incineroar|Incineroar, L50, F|75/100
|-ability|p1a: Incineroar|Intimidate|boost
|-unboost|p2a: Kyurem|atk|1
|-unboost|p2b: Kyogre|atk|1
|-terastallize|p2a: Kyurem|Electric
|move|p2a: Kyurem|Icicle Spear|p1b: Lunala
|-damage|p1b: Lunala|98/100
|-damage|p1b: Lunala|91/100
|-damage|p1b: Lunala|84/100
|-damage|p1b: Lunala|77/100
|-hitcount|p1b: Lunala|4
|move|p2b: Kyogre|Hydro Pump|p1a: Incineroar|[miss]
|-miss|p2b: Kyogre|p1a: Incineroar
|move|p1b: Lunala|Moonblast|p2a: Kyurem
|-damage|p2a: Kyurem|80/100
|
|-weather|RainDance|[upkeep]
|-sideend|p2: br1jxp|move: Tailwind
|upkeep
|turn|5
|
|t:|1750826842
|move|p2a: Kyurem|Protect|p2a: Kyurem
|-singleturn|p2a: Kyurem|Protect
|move|p2b: Kyogre|Protect|p2b: Kyogre
|-singleturn|p2b: Kyogre|Protect
|move|p1a: Incineroar|Fake Out|p2b: Kyogre
|-activate|p2b: Kyogre|move: Protect
|move|p1b: Lunala|Moongeist Beam|p2a: Kyurem
|-activate|p2a: Kyurem|move: Protect
|
|-weather|RainDance|[upkeep]
|-fieldend|move: Electric Terrain
|upkeep
|turn|6
|
|t:|1750826864
|move|p2a: Kyurem|Scale Shot|p1b: Lunala
|-damage|p1b: Lunala|71/100
|-damage|p1b: Lunala|64/100
|-damage|p1b: Lunala|57/100
|-damage|p1b: Lunala|50/100
|-damage|p1b: Lunala|43/100
|-hitcount|p1b: Lunala|5
|-unboost|p2a: Kyurem|def|1
|-boost|p2a: Kyurem|spe|1
|move|p2b: Kyogre|Water Spout|p1b: Lunala|[spread] p1a,p1b
|-supereffective|p1a: Incineroar
|-damage|p1a: Incineroar|0 fnt
|-damage|p1b: Lunala|0 fnt
|faint|p1a: Incineroar
|faint|p1b: Lunala
|
|-weather|RainDance|[upkeep]
|-sideend|p2: br1jxp|move: Light Screen
|upkeep
|
|t:|1750826872
|switch|p1b: Urshifu|Urshifu-Rapid-Strike, L50, M|15/100
|switch|p1a: Miraidon|Miraidon, L50|100/100
|-fieldstart|move: Electric Terrain|[from] ability: Hadron Engine|[of] p1a: Miraidon
|turn|7
|
|t:|1750826908
|-terastallize|p1a: Miraidon|Fairy
|move|p2a: Kyurem|Icicle Spear|p1a: Miraidon
|-damage|p1a: Miraidon|88/100
|-damage|p1a: Miraidon|77/100
|-damage|p1a: Miraidon|65/100
|-damage|p1a: Miraidon|53/100
|-hitcount|p1a: Miraidon|4
|move|p1a: Miraidon|Electro Drift|p2b: Kyogre
|-supereffective|p2b: Kyogre
|-damage|p2b: Kyogre|0 fnt
|faint|p2b: Kyogre
|move|p1b: Urshifu|Surging Strikes|p2a: Kyurem
|-crit|p2a: Kyurem
|-damage|p2a: Kyurem|21/100
|-crit|p2a: Kyurem
|-damage|p2a: Kyurem|0 fnt
|faint|p2a: Kyurem
|-hitcount|p2: Kyurem|2
|
|win|DrakyPana
|raw|DrakyPana's rating: 1361 &rarr; <strong>1384</strong><br />(+23 for winning)
|raw|br1jxp's rating: 1418 &rarr; <strong>1395</strong><br />(-23 for losing)
