|j|☆Waffles4breakfast
|j|☆Shadowtheft
|t:|1750868213
|gametype|doubles
|player|p1|Waffles4breakfast|juggler|1454
|player|p2|Shadowtheft|n-masters3|1521
|teamsize|p1|6
|teamsize|p2|6
|gen|9
|tier|[Gen 9] VGC 2025 Reg I
|rated|
|rule|Species Clause: Limit one of each Pokémon
|rule|Item Clause: Limit 1 of each item
|clearpoke
|poke|p1|Kyogre, L50|
|poke|p1|Tornadus, L50, M|
|poke|p1|Annihilape, L50, F|
|poke|p1|Flutter Mane, L50|
|poke|p1|Calyrex-Shadow, L50|
|poke|p1|Indeedee-F, L50, F|
|poke|p2|Drifblim, L50, M|
|poke|p2|Tatsugiri, L50, F|
|poke|p2|Dondozo, L50, M|
|poke|p2|Indeedee-F, L50, F|
|poke|p2|Eternatus, L50|
|poke|p2|Calyrex-Shadow, L50|
|teampreview|4
|inactive|Battle timer is ON: inactive players will automatically lose when time's up. (requested by Shadowtheft)
|inactive|Shadowtheft has 60 seconds left.
|
|t:|1750868260
|start
|switch|p1a: Kyogre|Kyogre, L50|100/100
|switch|p1b: Calyrex|Calyrex-Shadow, L50|100/100
|switch|p2a: Drifblim|Drifblim, L50, M, shiny|100/100
|switch|p2b: Calyrex|Calyrex-Shadow, L50|100/100
|-ability|p1b: Calyrex|As One
|-ability|p1b: Calyrex|Unnerve
|-ability|p2b: Calyrex|As One
|-ability|p2b: Calyrex|Unnerve
|-weather|RainDance|[from] ability: Drizzle|[of] p1a: Kyogre
|turn|1
|
|t:|1750868275
|-terastallize|p2a: Drifblim|Normal
|move|p1b: Calyrex|Astral Barrage|p2b: Calyrex|[spread] p2b
|-immune|p2a: Drifblim
|-supereffective|p2b: Calyrex
|-enditem|p2b: Calyrex|Focus Sash
|-damage|p2b: Calyrex|1/100
|-damage|p1b: Calyrex|91/100|[from] item: Life Orb
|move|p2b: Calyrex|Astral Barrage|p1b: Calyrex|[spread] p1a,p1b
|-supereffective|p1b: Calyrex
|-damage|p1a: Kyogre|65/100
|-damage|p1b: Calyrex|0 fnt
|faint|p1b: Calyrex
|-ability|p2b: Calyrex|Grim Neigh|boost
|-boost|p2b: Calyrex|spa|1
|move|p1a: Kyogre|Origin Pulse|p2a: Drifblim|[spread] p2b
|-miss|p1a: Kyogre|p2a: Drifblim
|-damage|p2b: Calyrex|0 fnt
|faint|p2b: Calyrex
|move|p2a: Drifblim|Minimize|p2a: Drifblim
|-boost|p2a: Drifblim|evasion|2
|
|-weather|RainDance|[upkeep]
|upkeep
|inactive|Waffles4breakfast has 30 seconds left.
|inactive|Shadowtheft has 30 seconds left.
|
|t:|1750868303
|switch|p1b: Flutter Mane|Flutter Mane, L50|100/100
|switch|p2b: Indeedee|Indeedee-F, L50, F|100/100
|-fieldstart|move: Psychic Terrain|[from] ability: Psychic Surge|[of] p2b: Indeedee
|-enditem|p2a: Drifblim|Psychic Seed
|-boost|p2a: Drifblim|spd|1|[from] item: Psychic Seed
|turn|2
|
|t:|1750868313
|move|p2b: Indeedee|Follow Me|p2b: Indeedee
|-singleturn|p2b: Indeedee|move: Follow Me
|move|p2a: Drifblim|Minimize|p2a: Drifblim
|-boost|p2a: Drifblim|evasion|2
|move|p1a: Kyogre|Origin Pulse|p2a: Drifblim|[spread] p2b
|-miss|p1a: Kyogre|p2a: Drifblim
|-damage|p2b: Indeedee|0 fnt
|faint|p2b: Indeedee
|move|p1b: Flutter Mane|Trick Room|p1b: Flutter Mane
|-fieldstart|move: Trick Room|[of] p1b: Flutter Mane
|
|-weather|RainDance|[upkeep]
|upkeep
|
|t:|1750868326
|switch|p2b: Eternatus|Eternatus, L50|100/100
|-ability|p2b: Eternatus|Pressure
|turn|3
|inactive|Waffles4breakfast has 30 seconds left.
|inactive|Shadowtheft has 30 seconds left.
|inactive|Waffles4breakfast has 20 seconds left.
|
|t:|1750868363
|move|p1a: Kyogre|Origin Pulse|p2a: Drifblim|[spread] p2b
|-miss|p1a: Kyogre|p2a: Drifblim
|-resisted|p2b: Eternatus
|-damage|p2b: Eternatus|65/100
|move|p2b: Eternatus|Sludge Bomb|p1b: Flutter Mane
|-damage|p1b: Flutter Mane|52/100
|-status|p1b: Flutter Mane|psn
|move|p1b: Flutter Mane|Moonblast|p2a: Drifblim|[miss]
|-miss|p1b: Flutter Mane|p2a: Drifblim
|move|p2a: Drifblim|Minimize|p2a: Drifblim
|-boost|p2a: Drifblim|evasion|2
|
|-weather|RainDance|[upkeep]
|-damage|p1b: Flutter Mane|39/100 psn|[from] psn
|upkeep
|turn|4
|
|t:|1750868373
|move|p1a: Kyogre|Origin Pulse|p2b: Eternatus|[spread] p2a
|-miss|p1a: Kyogre|p2b: Eternatus
|-damage|p2a: Drifblim|18/100
|move|p2b: Eternatus|Sludge Bomb|p1b: Flutter Mane
|-damage|p1b: Flutter Mane|0 fnt
|faint|p1b: Flutter Mane
|-end|p1b: Flutter Mane|Protosynthesis|[silent]
|move|p2a: Drifblim|Baton Pass||[still]
|-fail|p2a: Drifblim
|
|-weather|RainDance|[upkeep]
|upkeep
|
|t:|1750868395
|switch|p1b: Annihilape|Annihilape, L50, F|100/100
|turn|5
|
|t:|1750868417
|move|p1a: Kyogre|Origin Pulse|p2b: Eternatus|[spread] p2b
|-miss|p1a: Kyogre|p2a: Drifblim
|-resisted|p2b: Eternatus
|-damage|p2b: Eternatus|23/100
|move|p2b: Eternatus|Cosmic Power|p2b: Eternatus
|-boost|p2b: Eternatus|def|1
|-boost|p2b: Eternatus|spd|1
|move|p1b: Annihilape|Final Gambit|p2b: Eternatus
|-damage|p2b: Eternatus|0 fnt
|faint|p1b: Annihilape
|faint|p2b: Eternatus
|move|p2a: Drifblim|Trick Room|p2a: Drifblim
|-fieldend|move: Trick Room
|
|-weather|none
|upkeep
|turn|6
|-message|Shadowtheft forfeited.
|
|win|Waffles4breakfast
|raw|Waffles4breakfast's rating: 1438 &rarr; <strong>1463</strong><br />(+25 for winning)
|raw|Shadowtheft's rating: 1521 &rarr; <strong>1496</strong><br />(-25 for losing)
|l|☆Shadowtheft
|player|p2|
|l|☆Waffles4breakfast
|player|p1|
