|j|☆fntzz
|j|☆knucklee
|t:|1750863345
|gametype|doubles
|player|p1|fntzz|clown|1167
|player|p2|knucklee|266|1168
|teamsize|p1|6
|teamsize|p2|6
|gen|9
|tier|[Gen 9] VGC 2025 Reg I
|rated|
|rule|Species Clause: Limit one of each Pokémon
|rule|Item Clause: Limit 1 of each item
|clearpoke
|poke|p1|Koraidon, L50|
|poke|p1|Zamazenta-*, L50|
|poke|p1|Chi-Yu, L50|
|poke|p1|Whimsicott, L50, M|
|poke|p1|Raging Bolt, L50|
|poke|p1|Weezing-Galar, L50, M|
|poke|p2|Koraidon, L50|
|poke|p2|Scream Tail, L50|
|poke|p2|Gothitelle, L50, F|
|poke|p2|Incineroar, L50, F|
|poke|p2|Amoonguss, L50, M|
|poke|p2|Calyrex-Shadow, L50|
|teampreview|4
|
|t:|1750863400
|start
|switch|p1a: Koraidon|Koraidon, L50|100/100
|switch|p1b: Weezing|Weezing-Galar, L50, M|100/100
|switch|p2a: Calyrex|Calyrex-Shadow, L50|100/100
|switch|p2b: Incineroar|Incineroar, L50, F|100/100
|-ability|p1b: Weezing|Neutralizing Gas
|-block|p1a: Koraidon|item: Ability Shield
|-ability|p2a: Calyrex|As One
|-ability|p2a: Calyrex|Unnerve
|-weather|SunnyDay|[from] ability: Orichalcum Pulse|[of] p1a: Koraidon
|-activate|p1a: Koraidon|Orichalcum Pulse|[source]
|turn|1
|
|t:|1750863435
|-end|p1b: Weezing|ability: Neutralizing Gas
|-ability|p2b: Incineroar|Intimidate|boost
|-unboost|p1a: Koraidon|atk|1
|-unboost|p1b: Weezing|atk|1
|switch|p1b: Zamazenta|Zamazenta-Crowned, L50|100/100
|-ability|p1b: Zamazenta|Dauntless Shield|boost
|-boost|p1b: Zamazenta|def|1
|move|p1a: Koraidon|Protect|p1a: Koraidon
|-singleturn|p1a: Koraidon|Protect
|move|p2b: Incineroar|Fake Out|p1a: Koraidon
|-activate|p1a: Koraidon|move: Protect
|move|p2a: Calyrex|Astral Barrage|p1b: Zamazenta|[spread] p1b
|-activate|p1a: Koraidon|move: Protect
|-damage|p1b: Zamazenta|63/100
|
|-weather|SunnyDay|[upkeep]
|upkeep
|turn|2
|inactive|Battle timer is ON: inactive players will automatically lose when time's up. (requested by knucklee)
|
|t:|1750863460
|switch|p2b: Scream Tail|Scream Tail, L50|100/100
|-activate|p2b: Scream Tail|ability: Protosynthesis
|-start|p2b: Scream Tail|protosynthesisspe
|-terastallize|p1a: Koraidon|Fire
|move|p1b: Zamazenta|Wide Guard|p1b: Zamazenta
|-singleturn|p1b: Zamazenta|Wide Guard
|move|p2a: Calyrex|Psychic|p1b: Zamazenta
|-crit|p1b: Zamazenta
|-damage|p1b: Zamazenta|0 fnt
|faint|p1b: Zamazenta
|-ability|p2a: Calyrex|Grim Neigh|boost
|-boost|p2a: Calyrex|spa|1
|move|p1a: Koraidon|Flare Blitz|p2a: Calyrex
|-enditem|p2a: Calyrex|Focus Sash
|-damage|p2a: Calyrex|1/100
|-damage|p1a: Koraidon|68/100|[from] Recoil
|
|-weather|SunnyDay|[upkeep]
|upkeep
|
|t:|1750863477
|switch|p1b: Raging Bolt|Raging Bolt, L50|100/100
|-activate|p1b: Raging Bolt|ability: Protosynthesis
|-start|p1b: Raging Bolt|protosynthesisspa
|turn|3
|inactive|fntzz has 30 seconds left.
|
|t:|1750863504
|move|p2a: Calyrex|Protect|p2a: Calyrex
|-singleturn|p2a: Calyrex|Protect
|move|p2b: Scream Tail|Disable||[still]
|-fail|p2b: Scream Tail
|move|p1a: Koraidon|Flame Charge|p2b: Scream Tail
|-damage|p2b: Scream Tail|68/100
|-boost|p1a: Koraidon|spe|1
|move|p1b: Raging Bolt|Thunderbolt|p2a: Calyrex
|-activate|p2a: Calyrex|move: Protect
|
|-weather|SunnyDay|[upkeep]
|upkeep
|turn|4
|inactive|knucklee has 30 seconds left.
|
|t:|1750863530
|switch|p2a: Incineroar|Incineroar, L50, F|100/100
|-ability|p2a: Incineroar|Intimidate|boost
|-unboost|p1a: Koraidon|atk|1
|-unboost|p1b: Raging Bolt|atk|1
|move|p1b: Raging Bolt|Thunderclap||[still]
|-fail|p1b: Raging Bolt
|move|p1a: Koraidon|Flare Blitz|p2b: Scream Tail
|-damage|p2b: Scream Tail|26/100
|-damage|p1a: Koraidon|50/100|[from] Recoil
|move|p2b: Scream Tail|Encore|p1b: Raging Bolt
|-start|p1b: Raging Bolt|Encore
|
|-weather|SunnyDay|[upkeep]
|upkeep
|turn|5
|inactive|fntzz has 30 seconds left.
|
|t:|1750863561
|switch|p1a: Weezing|Weezing-Galar, L50, M|100/100
|-ability|p1a: Weezing|Neutralizing Gas
|move|p2a: Incineroar|Fake Out|p1a: Weezing
|-damage|p1a: Weezing|92/100
|move|p1b: Raging Bolt|Thunderclap||[still]
|-fail|p1b: Raging Bolt
|move|p2b: Scream Tail|Disable|p1b: Raging Bolt
|-start|p1b: Raging Bolt|Disable|Thunderclap
|
|-weather|none
|upkeep
|turn|6
|inactive|knucklee has 30 seconds left.
|
|t:|1750863588
|-end|p1b: Raging Bolt|Protosynthesis|[silent]
|switch|p1b: Koraidon|Koraidon, L50, tera:Fire|50/100
|-weather|SunnyDay|[from] ability: Orichalcum Pulse|[of] p1b: Koraidon
|-activate|p1b: Koraidon|Orichalcum Pulse|[source]
|move|p2b: Scream Tail|Protect|p2b: Scream Tail
|-singleturn|p2b: Scream Tail|Protect
|move|p1a: Weezing|Taunt|p2b: Scream Tail
|-activate|p2b: Scream Tail|move: Protect
|move|p2a: Incineroar|Parting Shot|p1b: Koraidon
|-unboost|p1b: Koraidon|atk|1
|-unboost|p1b: Koraidon|spa|1
|
|t:|1750863600
|switch|p2a: Calyrex|Calyrex-Shadow, L50|1/100|[from] Parting Shot
|-ability|p2a: Calyrex|As One
|-ability|p2a: Calyrex|Unnerve
|
|-weather|SunnyDay|[upkeep]
|upkeep
|turn|7
|
|t:|1750863616
|-terastallize|p2a: Calyrex|Ghost
|move|p1b: Koraidon|Protect|p1b: Koraidon
|-singleturn|p1b: Koraidon|Protect
|move|p2a: Calyrex|Astral Barrage|p1b: Koraidon|[spread] p1a
|-activate|p1b: Koraidon|move: Protect
|-damage|p1a: Weezing|10/100
|move|p2b: Scream Tail|Disable|p1a: Weezing
|-start|p1a: Weezing|Disable|Taunt
|move|p1a: Weezing|Dazzling Gleam|p2b: Scream Tail|[spread] p2a,p2b
|-damage|p2a: Calyrex|0 fnt
|-damage|p2b: Scream Tail|12/100
|faint|p2a: Calyrex
|
|-weather|SunnyDay|[upkeep]
|upkeep
|
|t:|1750863635
|switch|p2a: Koraidon|Koraidon, L50|100/100
|turn|8
|
|t:|1750863655
|switch|p1b: Raging Bolt|Raging Bolt, L50|100/100
|move|p1a: Weezing|Protect|p1a: Weezing
|-singleturn|p1a: Weezing|Protect
|move|p2a: Koraidon|Flame Charge|p1a: Weezing
|-activate|p1a: Weezing|move: Protect
|move|p2b: Scream Tail|Encore||[still]
|-fail|p2b: Scream Tail
|
|-weather|SunnyDay|[upkeep]
|upkeep
|turn|9
|
|t:|1750863676
|-end|p2b: Scream Tail|Protosynthesis|[silent]
|switch|p2b: Incineroar|Incineroar, L50, F|100/100
|move|p2a: Koraidon|Protect|p2a: Koraidon
|-singleturn|p2a: Koraidon|Protect
|move|p1b: Raging Bolt|Draco Meteor|p2a: Koraidon
|-activate|p2a: Koraidon|move: Protect
|move|p1a: Weezing|Dazzling Gleam|p2a: Koraidon|[spread] p2b
|-activate|p2a: Koraidon|move: Protect
|-damage|p2b: Incineroar|84/100
|
|-weather|SunnyDay|[upkeep]
|upkeep
|turn|10
|
|t:|1750863696
|move|p1a: Weezing|Protect|p1a: Weezing
|-singleturn|p1a: Weezing|Protect
|move|p2b: Incineroar|Fake Out|p1b: Raging Bolt
|-damage|p1b: Raging Bolt|92/100
|move|p2a: Koraidon|Flame Charge|p1a: Weezing
|-activate|p1a: Weezing|move: Protect
|cant|p1b: Raging Bolt|flinch
|
|-weather|none
|-end|p1a: Weezing|Disable
|upkeep
|turn|11
|
|t:|1750863714
|move|p2a: Koraidon|Protect|p2a: Koraidon
|-singleturn|p2a: Koraidon|Protect
|move|p1b: Raging Bolt|Draco Meteor|p2a: Koraidon
|-activate|p2a: Koraidon|move: Protect
|move|p1a: Weezing|Dazzling Gleam|p2b: Incineroar|[spread] p2b
|-activate|p2a: Koraidon|move: Protect
|-damage|p2b: Incineroar|69/100
|move|p2b: Incineroar|Flare Blitz|p1a: Weezing
|-damage|p1a: Weezing|0 fnt
|faint|p1a: Weezing
|-end|p1a: Weezing|ability: Neutralizing Gas
|-weather|SunnyDay|[from] ability: Orichalcum Pulse|[of] p2a: Koraidon
|-activate|p1b: Raging Bolt|ability: Protosynthesis
|-start|p1b: Raging Bolt|protosynthesisspa
|-activate|p2a: Koraidon|Orichalcum Pulse|[source]
|-ability|p2b: Incineroar|Intimidate|boost
|-unboost|p1b: Raging Bolt|atk|1
|-damage|p2b: Incineroar|66/100|[from] Recoil
|
|-weather|SunnyDay|[upkeep]
|upkeep
|
|t:|1750863732
|switch|p1a: Koraidon|Koraidon, L50, tera:Fire|50/100
|-activate|p1a: Koraidon|ability: Orichalcum Pulse
|turn|12
|inactive|knucklee has 30 seconds left.
|inactive|knucklee has 20 seconds left.
|
|t:|1750863769
|move|p1a: Koraidon|Protect|p1a: Koraidon
|-singleturn|p1a: Koraidon|Protect
|move|p2a: Koraidon|Close Combat|p1b: Raging Bolt
|-damage|p1b: Raging Bolt|1/100
|-unboost|p2a: Koraidon|def|1
|-unboost|p2a: Koraidon|spd|1
|-damage|p2a: Koraidon|91/100|[from] item: Life Orb
|move|p1b: Raging Bolt|Draco Meteor|p2a: Koraidon
|-supereffective|p2a: Koraidon
|-damage|p2a: Koraidon|0 fnt
|-unboost|p1b: Raging Bolt|spa|2
|faint|p2a: Koraidon
|move|p2b: Incineroar|Parting Shot|p1a: Koraidon
|-activate|p1a: Koraidon|move: Protect
|
|-weather|SunnyDay|[upkeep]
|upkeep
|
|t:|1750863779
|switch|p2a: Scream Tail|Scream Tail, L50|12/100
|-activate|p2a: Scream Tail|ability: Protosynthesis
|-start|p2a: Scream Tail|protosynthesisspe
|turn|13
|
|t:|1750863798
|move|p1b: Raging Bolt|Thunderclap|p2b: Incineroar
|-damage|p2b: Incineroar|46/100
|move|p2a: Scream Tail|Encore|p1a: Koraidon
|-start|p1a: Koraidon|Encore
|move|p1a: Koraidon|Protect||[still]
|-fail|p1a: Koraidon
|move|p2b: Incineroar|Flare Blitz|p1b: Raging Bolt
|-resisted|p1b: Raging Bolt
|-damage|p1b: Raging Bolt|0 fnt
|faint|p1b: Raging Bolt
|-end|p1b: Raging Bolt|Protosynthesis|[silent]
|-damage|p2b: Incineroar|46/100|[from] Recoil
|
|-weather|SunnyDay|[upkeep]
|upkeep
|turn|14
|
|t:|1750863823
|move|p1a: Koraidon|Protect|p1a: Koraidon
|-singleturn|p1a: Koraidon|Protect
|move|p2a: Scream Tail|Perish Song|p2a: Scream Tail
|-start|p1a: Koraidon|perish3|[silent]
|-start|p2a: Scream Tail|perish3|[silent]
|-start|p2b: Incineroar|perish3|[silent]
|-fieldactivate|move: Perish Song
|move|p2b: Incineroar|Flare Blitz|p1a: Koraidon
|-activate|p1a: Koraidon|move: Protect
|
|-weather|SunnyDay|[upkeep]
|-start|p2a: Scream Tail|perish3
|-start|p1a: Koraidon|perish3
|-start|p2b: Incineroar|perish3
|upkeep
|turn|15
|-message|fntzz forfeited.
|
|win|knucklee
|raw|fntzz's rating: 1167 &rarr; <strong>1142</strong><br />(-25 for losing)
|raw|knucklee's rating: 1168 &rarr; <strong>1193</strong><br />(+25 for winning)
