|j|☆kyuremkiroialt
|j|☆Redhood_14_
|t:|1750719970
|gametype|doubles
|player|p1|kyuremkiroialt|plasmagrunt|1106
|player|p2|Redhood_14_|gambler|1115
|teamsize|p1|6
|teamsize|p2|6
|gen|9
|tier|[Gen 9] VGC 2025 Reg I
|rated|
|rule|Species Clause: Limit one of each Pokémon
|rule|Item Clause: Limit 1 of each item
|clearpoke
|poke|p1|Iron Hands, L50|
|poke|p1|Grimmsnarl, L50, M|
|poke|p1|Calyrex-Ice, L50|
|poke|p1|Miraidon, L50|
|poke|p1|Iron Bundle, L50|
|poke|p1|Entei, L50|
|poke|p2|Calyrex-Shadow, L50|
|poke|p2|Indeedee-F, L50, F|
|poke|p2|Zacian-*, L50|
|poke|p2|Smeargle, L50, F|
|poke|p2|Cobalion, L50|
|poke|p2|Rillaboom, L50, F|
|teampreview|4
|inactive|Battle timer is ON: inactive players will automatically lose when time's up. (requested by kyuremkiroialt)
|inactive|kyuremkiroialt has 60 seconds left.
|inactive|Redhood_14_ has 60 seconds left.
Redhood_14_ rejected open team sheets.
|inactive|kyuremkiroialt has 30 seconds left.
|
|t:|1750720035
|start
|switch|p1a: Iron Hands|Iron Hands, L50|100/100
|switch|p1b: Grimmsnarl|Grimmsnarl, L50, M|100/100
|switch|p2a: Cobalion|Cobalion, L50|100/100
|switch|p2b: Indeedee|Indeedee-F, L50, F|100/100
|-fieldstart|move: Psychic Terrain|[from] ability: Psychic Surge|[of] p2b: Indeedee
|turn|1
|
|t:|1750720058
|switch|p1b: Miraidon|Miraidon, L50|100/100
|-fieldstart|move: Electric Terrain|[from] ability: Hadron Engine|[of] p1b: Miraidon
|-activate|p1a: Iron Hands|ability: Quark Drive
|-start|p1a: Iron Hands|quarkdriveatk
|move|p1a: Iron Hands|Fake Out|p2a: Cobalion
|-resisted|p2a: Cobalion
|-damage|p2a: Cobalion|92/100
|move|p2b: Indeedee|Follow Me|p2b: Indeedee
|-singleturn|p2b: Indeedee|move: Follow Me
|cant|p2a: Cobalion|flinch
|
|upkeep
|turn|2
|inactive|kyuremkiroialt has 30 seconds left.
|inactive|Redhood_14_ has 30 seconds left.
|
|t:|1750720085
|switch|p2b: Smeargle|Smeargle, L50, F|100/100
|move|p1b: Miraidon|Volt Switch|p2b: Smeargle
|-enditem|p2b: Smeargle|Focus Sash
|-damage|p2b: Smeargle|1/100
|
|t:|1750720091
|switch|p1b: Grimmsnarl|Grimmsnarl, L50, M|100/100|[from] Volt Switch
|move|p2a: Cobalion|Volt Switch|p1b: Grimmsnarl
|-damage|p1b: Grimmsnarl|84/100
|
|t:|1750720094
|switch|p2a: Indeedee|Indeedee-F, L50, F|100/100|[from] Volt Switch
|-fieldstart|move: Psychic Terrain|[from] ability: Psychic Surge|[of] p2a: Indeedee
|-end|p1a: Iron Hands|Quark Drive
|move|p1a: Iron Hands|Low Kick|p2a: Indeedee
|-damage|p2a: Indeedee|62/100
|
|-ability|p2b: Smeargle|Moody|boost
|-boost|p2b: Smeargle|spd|2
|-unboost|p2b: Smeargle|def|1
|upkeep
|turn|3
|inactive|kyuremkiroialt has 30 seconds left.
|
|t:|1750720123
|-end|p1a: Iron Hands|Quark Drive|[silent]
|switch|p1a: Miraidon|Miraidon, L50|100/100
|-fieldstart|move: Electric Terrain|[from] ability: Hadron Engine|[of] p1a: Miraidon
|move|p2a: Indeedee|Follow Me|p2a: Indeedee
|-singleturn|p2a: Indeedee|move: Follow Me
|move|p2b: Smeargle|Agility|p2b: Smeargle
|-boost|p2b: Smeargle|spe|2
|move|p1b: Grimmsnarl|Foul Play|p2a: Indeedee
|-supereffective|p2a: Indeedee
|-damage|p2a: Indeedee|31/100
|
|-ability|p2b: Smeargle|Moody|boost
|-boost|p2b: Smeargle|def|2
|-unboost|p2b: Smeargle|spe|1
|upkeep
|turn|4
|inactive|kyuremkiroialt has 30 seconds left.
|
|t:|1750720153
|move|p2a: Indeedee|Follow Me|p2a: Indeedee
|-singleturn|p2a: Indeedee|move: Follow Me
|move|p1b: Grimmsnarl|Light Screen|p1b: Grimmsnarl
|-sidestart|p1: kyuremkiroialt|move: Light Screen
|move|p2b: Smeargle|Agility|p2b: Smeargle
|-boost|p2b: Smeargle|spe|2
|move|p1a: Miraidon|Volt Switch|p2a: Indeedee
|-damage|p2a: Indeedee|0 fnt
|faint|p2a: Indeedee
|
|t:|1750720163
|switch|p1a: Iron Hands|Iron Hands, L50|100/100|[from] Volt Switch
|-activate|p1a: Iron Hands|ability: Quark Drive
|-start|p1a: Iron Hands|quarkdriveatk
|
|-ability|p2b: Smeargle|Moody|boost
|-boost|p2b: Smeargle|atk|2
|-unboost|p2b: Smeargle|def|1
|upkeep
|
|t:|1750720165
|switch|p2a: Calyrex|Calyrex-Shadow, L50|100/100
|-ability|p2a: Calyrex|As One
|-ability|p2a: Calyrex|Unnerve
|turn|5
|
|t:|1750720194
|switch|p2b: Cobalion|Cobalion, L50|92/100
|move|p1a: Iron Hands|Fake Out|p2b: Cobalion
|-resisted|p2b: Cobalion
|-damage|p2b: Cobalion|84/100
|move|p2a: Calyrex|Astral Barrage|p1a: Iron Hands|[spread] p1a,p1b
|-resisted|p1b: Grimmsnarl
|-crit|p1b: Grimmsnarl
|-damage|p1a: Iron Hands|73/100
|-damage|p1b: Grimmsnarl|31/100
|move|p1b: Grimmsnarl|Foul Play|p2a: Calyrex
|-supereffective|p2a: Calyrex
|-damage|p2a: Calyrex|0 fnt
|faint|p2a: Calyrex
|
|upkeep
|
|t:|1750720197
|switch|p2a: Smeargle|Smeargle, L50, F|1/100
|turn|6
|-message|Redhood_14_ forfeited.
|
|win|kyuremkiroialt
|raw|kyuremkiroialt's rating: 1106 &rarr; <strong>1132</strong><br />(+26 for winning)
|raw|Redhood_14_'s rating: 1115 &rarr; <strong>1089</strong><br />(-26 for losing)
|l|☆Redhood_14_
|player|p2|
|l|☆kyuremkiroialt
|player|p1|
