|j|☆fatal1ty131313
|j|☆GG=Groudon Gaming
|t:|1750834570
|gametype|doubles
|player|p1|fatal1ty131313|dragontamer|1154
|player|p2|GG=Groudon Gaming|acerola-masters2|1120
|teamsize|p1|6
|teamsize|p2|6
|gen|9
|tier|[Gen 9] VGC 2025 Reg I
|rated|
|rule|Species Clause: Limit one of each Pokémon
|rule|Item Clause: Limit 1 of each item
|clearpoke
|poke|p1|Calyrex-Shadow, L50|
|poke|p1|Brute Bonnet, L50|
|poke|p1|Tornadus, L50, M|
|poke|p1|Zamazenta-*, L50|
|poke|p1|Chien-Pao, L50|
|poke|p1|Urshifu-*, L50, M|
|poke|p2|Groudon, L50|
|poke|p2|Miraidon, L50|
|poke|p2|Entei, L50|
|poke|p2|Whimsicott, L50, M|
|poke|p2|Flutter Mane, L50|
|poke|p2|Volcarona, L50, F|
|teampreview|4
|inactive|Battle timer is ON: inactive players will automatically lose when time's up. (requested by GG=Groudon Gaming)
|
|t:|1750834587
|start
|switch|p1a: Calyrex|Calyrex-Shadow, L50|100/100
|switch|p1b: Tornadus|Tornadus, L50, M, shiny|100/100
|switch|p2a: Miraidon|Miraidon, L50|100/100
|switch|p2b: Whimsicott|Whimsicott, L50, M|100/100
|-ability|p1a: Calyrex|As One
|-ability|p1a: Calyrex|Unnerve
|-fieldstart|move: Electric Terrain|[from] ability: Hadron Engine|[of] p2a: Miraidon
|turn|1
|inactive|GG=Groudon Gaming has 30 seconds left.
|inactive|GG=Groudon Gaming has 20 seconds left.
|
|t:|1750834623
|-terastallize|p1a: Calyrex|Ghost
|move|p2b: Whimsicott|Light Screen|p2b: Whimsicott
|-sidestart|p2: GG=Groudon Gaming|move: Light Screen
|move|p1b: Tornadus|Taunt|p2b: Whimsicott
|-start|p2b: Whimsicott|move: Taunt
|move|p1a: Calyrex|Astral Barrage|p2a: Miraidon|[spread] p2a,p2b
|-damage|p2a: Miraidon|57/100
|-damage|p2b: Whimsicott|36/100
|move|p2a: Miraidon|Electro Drift|p1a: Calyrex
|-enditem|p1a: Calyrex|Focus Sash
|-damage|p1a: Calyrex|1/100
|
|upkeep
|turn|2
|
|t:|1750834641
|-terastallize|p2b: Whimsicott|Dark
|move|p1b: Tornadus|Tailwind|p1b: Tornadus
|-sidestart|p1: fatal1ty131313|move: Tailwind
|move|p1a: Calyrex|Astral Barrage|p2b: Whimsicott|[spread] p2a,p2b
|-resisted|p2b: Whimsicott
|-damage|p2a: Miraidon|19/100
|-damage|p2b: Whimsicott|4/100
|move|p2b: Whimsicott|Moonblast|p1a: Calyrex
|-crit|p1a: Calyrex
|-damage|p1a: Calyrex|0 fnt
|faint|p1a: Calyrex
|move|p2a: Miraidon|Electro Drift|p1b: Tornadus
|-supereffective|p1b: Tornadus
|-damage|p1b: Tornadus|0 fnt
|faint|p1b: Tornadus
|
|upkeep
|
|t:|1750834659
|switch|p1a: Chien-Pao|Chien-Pao, L50|100/100
|switch|p1b: Urshifu|Urshifu-Rapid-Strike, L50, M|100/100
|-ability|p1a: Chien-Pao|Sword of Ruin
|turn|3
|
|t:|1750834680
|move|p1b: Urshifu|Surging Strikes|p2b: Whimsicott
|-crit|p2b: Whimsicott
|-damage|p2b: Whimsicott|0 fnt
|faint|p2b: Whimsicott
|-hitcount|p2: Whimsicott|1
|move|p1a: Chien-Pao|Ice Spinner|p2a: Miraidon
|-supereffective|p2a: Miraidon
|-damage|p2a: Miraidon|0 fnt
|-fieldend|move: Electric Terrain
|faint|p2a: Miraidon
|-damage|p1a: Chien-Pao|91/100|[from] item: Life Orb
|
|upkeep
|
|t:|1750834683
|switch|p2b: Entei|Entei, L50|100/100
|switch|p2a: Groudon|Groudon, L50|100/100
|-weather|SunnyDay|[from] ability: Drought|[of] p2a: Groudon
|turn|4
|
|t:|1750834702
|move|p2a: Groudon|Protect|p2a: Groudon
|-singleturn|p2a: Groudon|Protect
|move|p1b: Urshifu|Surging Strikes|p2b: Entei
|-supereffective|p2b: Entei
|-crit|p2b: Entei
|-damage|p2b: Entei|69/100
|-supereffective|p2b: Entei
|-crit|p2b: Entei
|-damage|p2b: Entei|40/100
|-supereffective|p2b: Entei
|-crit|p2b: Entei
|-damage|p2b: Entei|11/100
|-hitcount|p2b: Entei|3
|move|p1a: Chien-Pao|Ice Spinner|p2a: Groudon
|-activate|p2a: Groudon|move: Protect
|move|p2b: Entei|Overheat|p1a: Chien-Pao|[miss]
|-miss|p2b: Entei|p1a: Chien-Pao
|
|-weather|SunnyDay|[upkeep]
|upkeep
|turn|5
|
|t:|1750834727
|move|p1a: Chien-Pao|Ice Shard|p2b: Entei
|-resisted|p2b: Entei
|-damage|p2b: Entei|0 fnt
|faint|p2b: Entei
|-damage|p1a: Chien-Pao|81/100|[from] item: Life Orb
|move|p1b: Urshifu|Surging Strikes|p2a: Groudon
|-supereffective|p2a: Groudon
|-crit|p2a: Groudon
|-damage|p2a: Groudon|83/100
|-supereffective|p2a: Groudon
|-crit|p2a: Groudon
|-damage|p2a: Groudon|63/100
|-supereffective|p2a: Groudon
|-crit|p2a: Groudon
|-damage|p2a: Groudon|43/100
|-hitcount|p2a: Groudon|3
|move|p2a: Groudon|Precipice Blades|p1b: Urshifu|[spread] p1b
|-miss|p2a: Groudon|p1a: Chien-Pao
|-damage|p1b: Urshifu|35/100
|
|-weather|SunnyDay|[upkeep]
|-sideend|p2: GG=Groudon Gaming|move: Light Screen
|-sideend|p1: fatal1ty131313|move: Tailwind
|upkeep
|turn|6
|
|t:|1750834749
|move|p1b: Urshifu|Surging Strikes|p2a: Groudon
|-supereffective|p2a: Groudon
|-crit|p2a: Groudon
|-damage|p2a: Groudon|24/100
|-supereffective|p2a: Groudon
|-crit|p2a: Groudon
|-damage|p2a: Groudon|6/100
|-supereffective|p2a: Groudon
|-crit|p2a: Groudon
|-damage|p2a: Groudon|0 fnt
|faint|p2a: Groudon
|-hitcount|p2: Groudon|3
|
|win|fatal1ty131313
|raw|fatal1ty131313's rating: 1154 &rarr; <strong>1177</strong><br />(+23 for winning)
|raw|GG=Groudon Gaming's rating: 1120 &rarr; <strong>1097</strong><br />(-23 for losing)
