|j|☆gsbossmonster
|j|☆Linkpoke
|t:|1750729234
|gametype|doubles
|player|p1|gsbossmonster|biker-gen4|1377
|player|p2|Linkpoke|169|1376
|teamsize|p1|6
|teamsize|p2|6
|gen|9
|tier|[Gen 9] VGC 2025 Reg I
|rated|
|rule|Species Clause: Limit one of each Pokémon
|rule|Item Clause: Limit 1 of each item
|clearpoke
|poke|p1|Groudon, L50|
|poke|p1|Koraidon, L50|
|poke|p1|Tornadus, L50, M|
|poke|p1|Venusaur, L50, F|
|poke|p1|Mienshao, L50, F|
|poke|p1|Entei, L50|
|poke|p2|Calyrex-Ice, L50|
|poke|p2|Miraidon, L50|
|poke|p2|Iron Hands, L50|
|poke|p2|Farigiraf, L50, F|
|poke|p2|Ogerpon-Cornerstone, L50, F|
|poke|p2|Volcarona, L50, M|
|teampreview|4
|inactive|Battle timer is ON: inactive players will automatically lose when time's up. (requested by gsbossmonster)
gsbossmonster rejected open team sheets.
|
|t:|1750729270
|start
|switch|p1a: Groudon|Groudon, L50|100/100
|switch|p1b: Tornadus|Tornadus, L50, M|100/100
|switch|p2a: Calyrex|Calyrex-Ice, L50|100/100
|switch|p2b: Ogerpon|Ogerpon-Cornerstone, L50, F|100/100
|-ability|p2a: Calyrex|As One
|-ability|p2a: Calyrex|Unnerve
|-weather|SunnyDay|[from] ability: Drought|[of] p1a: Groudon
|turn|1
|
|t:|1750729298
|-terastallize|p1a: Groudon|Fire
|move|p2b: Ogerpon|Knock Off|p1a: Groudon
|-damage|p1a: Groudon|75/100
|-enditem|p1a: Groudon|Assault Vest|[from] move: Knock Off|[of] p2b: Ogerpon
|move|p1b: Tornadus|Bleakwind Storm|p2a: Calyrex|[spread] p2a,p2b
|-damage|p2a: Calyrex|79/100
|-damage|p2b: Ogerpon|73/100
|-unboost|p2b: Ogerpon|spe|1
|move|p1a: Groudon|Precipice Blades|p2a: Calyrex|[spread] p2a,p2b
|-damage|p2a: Calyrex|48/100
|-damage|p2b: Ogerpon|17/100
|move|p2a: Calyrex|Glacial Lance|p1a: Groudon|[spread] p1a,p1b
|-resisted|p1a: Groudon
|-supereffective|p1b: Tornadus
|-damage|p1a: Groudon|56/100
|-damage|p1b: Tornadus|0 fnt
|faint|p1b: Tornadus
|-ability|p2a: Calyrex|Chilling Neigh|boost
|-boost|p2a: Calyrex|atk|1
|
|-weather|SunnyDay|[upkeep]
|upkeep
|
|t:|1750729317
|switch|p1b: Koraidon|Koraidon, L50|100/100
|-activate|p1b: Koraidon|ability: Orichalcum Pulse
|turn|2
|inactive|Linkpoke has 30 seconds left.
|inactive|Linkpoke has 20 seconds left.
|inactive|Linkpoke has 15 seconds left.
|
|t:|1750729360
|move|p2a: Calyrex|Protect|p2a: Calyrex
|-singleturn|p2a: Calyrex|Protect
|move|p1b: Koraidon|Flame Charge|p2b: Ogerpon
|-damage|p2b: Ogerpon|0 fnt
|-boost|p1b: Koraidon|spe|1
|faint|p2b: Ogerpon
|move|p1a: Groudon|Precipice Blades|p2a: Calyrex
|-activate|p2a: Calyrex|move: Protect
|
|-weather|SunnyDay|[upkeep]
|upkeep
|
|t:|1750729368
|switch|p2b: Miraidon|Miraidon, L50|100/100
|-fieldstart|move: Electric Terrain|[from] ability: Hadron Engine|[of] p2b: Miraidon
|turn|3
|
|t:|1750729384
|-terastallize|p2a: Calyrex|Fire
|move|p1b: Koraidon|Collision Course|p2a: Calyrex
|-crit|p2a: Calyrex
|-damage|p2a: Calyrex|0 fnt
|faint|p2a: Calyrex
|move|p2b: Miraidon|Electro Drift|p1a: Groudon
|-damage|p1a: Groudon|0 fnt
|faint|p1a: Groudon
|
|-weather|SunnyDay|[upkeep]
|upkeep
|
|t:|1750729395
|switch|p1a: Mienshao|Mienshao, L50, F|100/100
|switch|p2a: Volcarona|Volcarona, L50, M|100/100
|turn|4
|
|t:|1750729404
|move|p1a: Mienshao|Fake Out|p2b: Miraidon
|-damage|p2b: Miraidon|89/100
|move|p2a: Volcarona|Rage Powder|p2a: Volcarona
|-singleturn|p2a: Volcarona|move: Rage Powder
|move|p1b: Koraidon|Collision Course|p2a: Volcarona
|-resisted|p2a: Volcarona
|-damage|p2a: Volcarona|64/100
|-damage|p1b: Koraidon|84/100|[from] item: Rocky Helmet|[of] p2a: Volcarona
|cant|p2b: Miraidon|flinch
|
|-weather|SunnyDay|[upkeep]
|upkeep
|turn|5
|
|t:|1750729419
|move|p1b: Koraidon|Protect|p1b: Koraidon
|-singleturn|p1b: Koraidon|Protect
|move|p2a: Volcarona|Rage Powder|p2a: Volcarona
|-singleturn|p2a: Volcarona|move: Rage Powder
|move|p2b: Miraidon|Electro Drift|p1a: Mienshao
|-enditem|p1a: Mienshao|Focus Sash
|-damage|p1a: Mienshao|1/100
|move|p1a: Mienshao|Taunt|p2a: Volcarona
|-start|p2a: Volcarona|move: Taunt
|
|-weather|none
|upkeep
|turn|6
|
|t:|1750729440
|move|p1b: Koraidon|Collision Course|p2b: Miraidon
|-damage|p2b: Miraidon|40/100
|move|p2b: Miraidon|Electro Drift|p1b: Koraidon
|-resisted|p1b: Koraidon
|-damage|p1b: Koraidon|11/100
|move|p1a: Mienshao|Close Combat|p2b: Miraidon
|-damage|p2b: Miraidon|0 fnt
|-unboost|p1a: Mienshao|def|1
|-unboost|p1a: Mienshao|spd|1
|faint|p2b: Miraidon
|move|p2a: Volcarona|Fiery Dance|p1a: Mienshao
|-damage|p1a: Mienshao|0 fnt
|-boost|p2a: Volcarona|spa|1
|faint|p1a: Mienshao
|
|upkeep
|turn|7
|
|t:|1750729460
|move|p1b: Koraidon|Flare Blitz|p2a: Volcarona
|-damage|p2a: Volcarona|23/100
|-damage|p1b: Koraidon|0 fnt|[from] item: Rocky Helmet|[of] p2a: Volcarona
|faint|p1b: Koraidon
|
|win|Linkpoke
|raw|gsbossmonster's rating: 1377 &rarr; <strong>1357</strong><br />(-20 for losing)
|raw|Linkpoke's rating: 1376 &rarr; <strong>1396</strong><br />(+20 for winning)
|l|☆gsbossmonster
|player|p1|
|l|☆Linkpoke
|player|p2|
