|j|☆cream 670
|j|☆napless
|t:|1750803223
|gametype|doubles
|player|p1|cream 670|kimonogirl|1503
|player|p2|napless|1|1413
|teamsize|p1|6
|teamsize|p2|6
|gen|9
|tier|[Gen 9] VGC 2025 Reg I
|rated|
|rule|Species Clause: Limit one of each Pokémon
|rule|Item Clause: Limit 1 of each item
|clearpoke
|poke|p1|Calyrex-Ice, L50|
|poke|p1|Ogerpon-Hearthflame, L50, F|
|poke|p1|Koraidon, L50|
|poke|p1|Rillaboom, L50, M|
|poke|p1|Scream Tail, L50|
|poke|p1|Heatran, L50, M|
|poke|p2|Calyrex-Shadow, L50|
|poke|p2|Miraidon, L50|
|poke|p2|Whimsicott, L50, F|
|poke|p2|Incineroar, L50, F|
|poke|p2|Iron Hands, L50|
|poke|p2|Urshifu-*, L50, F|
|teampreview|4
cream 670 has agreed to open team sheets.
napless has agreed to open team sheets.
|showteam|p1|Calyrex-Ice||ClearAmulet|AsOneGlastrier|GlacialLance,Protect,HighHorsepower,TrickRoom||||||50|,,,,,Dragon]Ogerpon-Hearthflame||HearthflameMask|MoldBreaker|GrassyGlide,IvyCudgel,SpikyShield,FollowMe|||F|||50|,,,,,Fire]Koraidon||LifeOrb|OrichalcumPulse|CloseCombat,Protect,FlameCharge,FlareBlitz||||||50|,,,,,Fire]Rillaboom||AssaultVest|GrassySurge|WoodHammer,Uturn,GrassyGlide,FakeOut|||M|||50|,,,,,Poison]Scream Tail||BoosterEnergy|Protosynthesis|DazzlingGleam,Protect,Encore,Disable||||||50|,,,,,Dark]Heatran||SitrusBerry|FlashFire|MagmaStorm,Protect,EarthPower,Substitute|||M|||50|,,,,,Bug
|showteam|p2|Calyrex-Shadow||FocusSash|AsOneSpectrier|Protect,NastyPlot,AstralBarrage,PollenPuff||||||50|,,,,,Normal]Miraidon||ChoiceSpecs|HadronEngine|VoltSwitch,DazzlingGleam,DracoMeteor,ElectroDrift||||||50|,,,,,Fairy]Whimsicott||CovertCloak|Prankster|Moonblast,Tailwind,Encore,Taunt|||F|||50|,,,,,Water]Incineroar||RockyHelmet|Intimidate|Uturn,FlareBlitz,KnockOff,FakeOut|||F|||50|,,,,,Grass]Iron Hands||AssaultVest|QuarkDrive|WildCharge,DrainPunch,LowKick,FakeOut||||||50|,,,,,Bug]Urshifu-Rapid-Strike||ChoiceBand|UnseenFist|AquaJet,SurgingStrikes,Uturn,CloseCombat|||F|||50|,,,,,Water
|
|t:|1750803343
|start
|switch|p1a: Calyrex|Calyrex-Ice, L50|100/100
|switch|p1b: Ogerpon|Ogerpon-Hearthflame, L50, F|100/100
|switch|p2a: Whimsicott|Whimsicott, L50, F|100/100
|switch|p2b: Miraidon|Miraidon, L50|100/100
|-ability|p1a: Calyrex|As One
|-ability|p1a: Calyrex|Unnerve
|-fieldstart|move: Electric Terrain|[from] ability: Hadron Engine|[of] p2b: Miraidon
|-ability|p1b: Ogerpon|Mold Breaker
|turn|1
|
|t:|1750803363
|switch|p1b: Rillaboom|Rillaboom, L50, M|100/100
|-fieldstart|move: Grassy Terrain|[from] ability: Grassy Surge|[of] p1b: Rillaboom
|move|p2a: Whimsicott|Taunt|p1a: Calyrex
|-start|p1a: Calyrex|move: Taunt
|move|p2b: Miraidon|Volt Switch|p1a: Calyrex
|-damage|p1a: Calyrex|63/100
|
|t:|1750803372
|switch|p2b: Incineroar|Incineroar, L50, F|100/100|[from] Volt Switch
|-ability|p2b: Incineroar|Intimidate|boost
|-fail|p1a: Calyrex|unboost|[from] item: Clear Amulet|[of] p1a: Calyrex
|-unboost|p1b: Rillaboom|atk|1
|move|p1a: Calyrex|Glacial Lance|p2a: Whimsicott|[spread] p2a,p2b
|-supereffective|p2a: Whimsicott
|-resisted|p2b: Incineroar
|-damage|p2a: Whimsicott|0 fnt
|-damage|p2b: Incineroar|78/100
|faint|p2a: Whimsicott
|-ability|p1a: Calyrex|Chilling Neigh|boost
|-boost|p1a: Calyrex|atk|1
|
|-heal|p2b: Incineroar|84/100|[from] Grassy Terrain
|-heal|p1a: Calyrex|69/100|[from] Grassy Terrain
|upkeep
|
|t:|1750803376
|switch|p2a: Calyrex|Calyrex-Shadow, L50|100/100
|-ability|p2a: Calyrex|As One
|-ability|p2a: Calyrex|Unnerve
|turn|2
|
|t:|1750803396
|switch|p1a: Ogerpon|Ogerpon-Hearthflame, L50, F|100/100
|-ability|p1a: Ogerpon|Mold Breaker
|move|p2a: Calyrex|Protect|p2a: Calyrex
|-singleturn|p2a: Calyrex|Protect
|move|p2b: Incineroar|Fake Out|p1a: Ogerpon
|-damage|p1a: Ogerpon|92/100
|move|p1b: Rillaboom|U-turn|p2a: Calyrex
|-activate|p2a: Calyrex|move: Protect
|
|-heal|p1a: Ogerpon|98/100|[from] Grassy Terrain
|-heal|p2b: Incineroar|90/100|[from] Grassy Terrain
|upkeep
|turn|3
|
|t:|1750803430
|move|p2a: Calyrex|Nasty Plot|p2a: Calyrex
|-boost|p2a: Calyrex|spa|2
|move|p1a: Ogerpon|Ivy Cudgel|p2a: Calyrex|[anim] Ivy Cudgel Fire
|-damage|p2a: Calyrex|43/100
|move|p1b: Rillaboom|U-turn|p2a: Calyrex
|-damage|p2a: Calyrex|24/100
|
|t:|1750803439
|switch|p1b: Calyrex|Calyrex-Ice, L50|69/100|[from] U-turn
|-ability|p1b: Calyrex|As One
|-ability|p1b: Calyrex|Unnerve
|move|p2b: Incineroar|Knock Off|p1b: Calyrex
|-supereffective|p1b: Calyrex
|-damage|p1b: Calyrex|20/100
|-enditem|p1b: Calyrex|Clear Amulet|[from] move: Knock Off|[of] p2b: Incineroar
|
|-heal|p2a: Calyrex|30/100|[from] Grassy Terrain
|-heal|p1a: Ogerpon|100/100|[from] Grassy Terrain
|-heal|p2b: Incineroar|95/100|[from] Grassy Terrain
|-heal|p1b: Calyrex|26/100|[from] Grassy Terrain
|upkeep
|turn|4
|
|t:|1750803453
|move|p2a: Calyrex|Protect|p2a: Calyrex
|-singleturn|p2a: Calyrex|Protect
|move|p1a: Ogerpon|Spiky Shield|p1a: Ogerpon
|-singleturn|p1a: Ogerpon|move: Protect
|move|p1b: Calyrex|Protect|p1b: Calyrex
|-singleturn|p1b: Calyrex|Protect
|move|p2b: Incineroar|Flare Blitz|p1a: Ogerpon
|-activate|p1a: Ogerpon|move: Protect
|-damage|p2b: Incineroar|83/100|[from] Spiky Shield|[of] p1a: Ogerpon
|
|-heal|p2a: Calyrex|35/100|[from] Grassy Terrain
|-heal|p2b: Incineroar|89/100|[from] Grassy Terrain
|-heal|p1b: Calyrex|32/100|[from] Grassy Terrain
|upkeep
|turn|5
|
|t:|1750803475
|-terastallize|p1a: Ogerpon|Fire
|detailschange|p1a: Ogerpon|Ogerpon-Hearthflame-Tera, L50, F, tera:Fire
|-ability|p1a: Ogerpon|Embody Aspect (Hearthflame)|boost
|-boost|p1a: Ogerpon|atk|1
|move|p1a: Ogerpon|Grassy Glide|p2a: Calyrex
|-damage|p2a: Calyrex|0 fnt
|faint|p2a: Calyrex
|move|p2b: Incineroar|Flare Blitz|p1a: Ogerpon
|-resisted|p1a: Ogerpon
|-damage|p1a: Ogerpon|79/100
|-damage|p2b: Incineroar|82/100|[from] Recoil
|move|p1b: Calyrex|Glacial Lance|p2b: Incineroar
|-resisted|p2b: Incineroar
|-damage|p2b: Incineroar|50/100
|
|-heal|p1a: Ogerpon|85/100|[from] Grassy Terrain
|-heal|p2b: Incineroar|56/100|[from] Grassy Terrain
|-heal|p1b: Calyrex|38/100|[from] Grassy Terrain
|-fieldend|move: Grassy Terrain
|upkeep
|
|t:|1750803487
|switch|p2a: Miraidon|Miraidon, L50|100/100
|-fieldstart|move: Electric Terrain|[from] ability: Hadron Engine|[of] p2a: Miraidon
|turn|6
|
|t:|1750803507
|switch|p1a: Rillaboom|Rillaboom, L50, M|100/100
|-fieldstart|move: Grassy Terrain|[from] ability: Grassy Surge|[of] p1a: Rillaboom
|-terastallize|p2a: Miraidon|Fairy
|move|p1b: Calyrex|Protect|p1b: Calyrex
|-singleturn|p1b: Calyrex|Protect
|move|p2a: Miraidon|Dazzling Gleam|p1b: Calyrex|[spread] p1a
|-activate|p1b: Calyrex|move: Protect
|-damage|p1a: Rillaboom|75/100
|move|p2b: Incineroar|Knock Off|p1a: Rillaboom
|-damage|p1a: Rillaboom|36/100
|-enditem|p1a: Rillaboom|Assault Vest|[from] move: Knock Off|[of] p2b: Incineroar
|
|-heal|p1a: Rillaboom|42/100|[from] Grassy Terrain
|-heal|p2b: Incineroar|62/100|[from] Grassy Terrain
|-heal|p1b: Calyrex|44/100|[from] Grassy Terrain
|upkeep
|turn|7
|
|t:|1750803520
|move|p1a: Rillaboom|Fake Out|p2b: Incineroar
|-damage|p2b: Incineroar|51/100
|-damage|p1a: Rillaboom|25/100|[from] item: Rocky Helmet|[of] p2b: Incineroar
|move|p2a: Miraidon|Dazzling Gleam|p1a: Rillaboom|[spread] p1a,p1b
|-crit|p1b: Calyrex
|-damage|p1a: Rillaboom|0 fnt
|-damage|p1b: Calyrex|0 fnt
|faint|p1a: Rillaboom
|faint|p1b: Calyrex
|cant|p2b: Incineroar|flinch
|
|-heal|p2b: Incineroar|57/100|[from] Grassy Terrain
|upkeep
|
|t:|1750803524
|switch|p1a: Ogerpon|Ogerpon-Hearthflame-Tera, L50, F, tera:Fire|85/100
|switch|p1b: コライドンv|Koraidon, L50|100/100
|-weather|SunnyDay|[from] ability: Orichalcum Pulse|[of] p1b: コライドンv
|-activate|p1b: コライドンv|Orichalcum Pulse|[source]
|-ability|p1a: Ogerpon|Embody Aspect (Hearthflame)|boost
|-boost|p1a: Ogerpon|atk|1
|turn|8
|
|t:|1750803536
|move|p1b: コライドンv|Protect|p1b: コライドンv
|-singleturn|p1b: コライドンv|Protect
|move|p2a: Miraidon|Dazzling Gleam|p1b: コライドンv|[spread] p1a
|-activate|p1b: コライドンv|move: Protect
|-resisted|p1a: Ogerpon
|-damage|p1a: Ogerpon|61/100
|move|p1a: Ogerpon|Ivy Cudgel|p2a: Miraidon|[anim] Ivy Cudgel Fire
|-crit|p2a: Miraidon
|-damage|p2a: Miraidon|0 fnt
|faint|p2a: Miraidon
|move|p2b: Incineroar|Knock Off|p1a: Ogerpon
|-damage|p1a: Ogerpon|38/100
|
|-weather|SunnyDay|[upkeep]
|-heal|p1a: Ogerpon|44/100|[from] Grassy Terrain
|-heal|p2b: Incineroar|62/100|[from] Grassy Terrain
|upkeep
|turn|9
|c|☆cream 670|Gg
|-message|napless forfeited.
|
|win|cream 670
|raw|cream 670's rating: 1503 &rarr; <strong>1518</strong><br />(+15 for winning)
|raw|napless's rating: 1413 &rarr; <strong>1398</strong><br />(-15 for losing)
|l|☆napless
|player|p2|
|l|☆cream 670
|player|p1|
