|j|☆AaronAstro
|j|☆2oh4pointate
|t:|1750808608
|gametype|doubles
|player|p1|AaronAstro|ethan|1181
|player|p2|2oh4pointate|pokemaniac|1127
|teamsize|p1|6
|teamsize|p2|6
|gen|9
|tier|[Gen 9] VGC 2025 Reg I
|rated|
|rule|Species Clause: Limit one of each Pokémon
|rule|Item Clause: Limit 1 of each item
|clearpoke
|poke|p1|Zamazenta-*, L50|
|poke|p1|Miraidon, L50|
|poke|p1|Urshifu-*, L50, M|
|poke|p1|Raichu-Alola, L50, M|
|poke|p1|Landorus, L50, M|
|poke|p1|Tornadus, L50, M|
|poke|p2|Urshifu-*, L50, M|
|poke|p2|Pelipper, L50, M|
|poke|p2|Kyogre, L50|
|poke|p2|Archaludon, L50, F|
|poke|p2|Zacian-*, L50|
|poke|p2|Amoonguss, L50, F|
|teampreview|4
|
|t:|1750808635
|start
|switch|p1a: Raichu|Raichu-Alola, L50, M|100/100
|switch|p1b: Tornadus|Tornadus, L50, M|100/100
|switch|p2a: Zacian|Zacian-Crowned, L50|100/100
|switch|p2b: Amoonguss|Amoonguss, L50, F|100/100
|-ability|p2a: Zacian|Intrepid Sword|boost
|-boost|p2a: Zacian|atk|1
|turn|1
|
|t:|1750808664
|move|p1b: Tornadus|Tailwind|p1b: Tornadus
|-sidestart|p1: AaronAstro|move: Tailwind
|move|p1a: Raichu|Fake Tears|p2b: Amoonguss
|-unboost|p2b: Amoonguss|spd|2
|move|p2a: Zacian|Play Rough|p1a: Raichu
|-enditem|p1a: Raichu|Focus Sash
|-damage|p1a: Raichu|1/100
|move|p2b: Amoonguss|Spore|p1b: Tornadus
|-status|p1b: Tornadus|slp|[from] move: Spore
|
|upkeep
|turn|2
|
|t:|1750808691
|move|p2b: Amoonguss|Protect|p2b: Amoonguss
|-singleturn|p2b: Amoonguss|Protect
|move|p1a: Raichu|Volt Switch|p2b: Amoonguss
|-activate|p2b: Amoonguss|move: Protect
|cant|p1b: Tornadus|slp
|move|p2a: Zacian|Play Rough|p1b: Tornadus
|-damage|p1b: Tornadus|21/100 slp
|
|upkeep
|turn|3
|
|t:|1750808713
|move|p1a: Raichu|Volt Switch|p2b: Amoonguss
|-resisted|p2b: Amoonguss
|-damage|p2b: Amoonguss|81/100
|
|t:|1750808719
|switch|p1a: Landorus|Landorus, L50, M|100/100|[from] Volt Switch
|cant|p1b: Tornadus|slp
|move|p2a: Zacian|Play Rough|p1a: Landorus
|-damage|p1a: Landorus|3/100
|move|p2b: Amoonguss|Sludge Bomb|p1b: Tornadus
|-damage|p1b: Tornadus|0 fnt
|faint|p1b: Tornadus
|
|upkeep
|
|t:|1750808730
|switch|p1b: Miraidon|Miraidon, L50|100/100
|-fieldstart|move: Electric Terrain|[from] ability: Hadron Engine|[of] p1b: Miraidon
|turn|4
|
|t:|1750808760
|-terastallize|p1b: Miraidon|Fairy
|move|p2b: Amoonguss|Rage Powder|p2b: Amoonguss
|-singleturn|p2b: Amoonguss|move: Rage Powder
|move|p1b: Miraidon|Electro Drift|p2b: Amoonguss
|-resisted|p2b: Amoonguss
|-damage|p2b: Amoonguss|0 fnt
|faint|p2b: Amoonguss
|move|p1a: Landorus|Earth Power|p2a: Zacian
|-supereffective|p2a: Zacian
|-damage|p2a: Zacian|0 fnt
|faint|p2a: Zacian
|
|-sideend|p1: AaronAstro|move: Tailwind
|upkeep
|
|t:|1750808772
|switch|p2a: Kyogre|Kyogre, L50|100/100
|switch|p2b: Urshifu|Urshifu-Rapid-Strike, L50, M|100/100
|-weather|RainDance|[from] ability: Drizzle|[of] p2a: Kyogre
|turn|5
|
|t:|1750808785
|-terastallize|p2a: Kyogre|Electric
|move|p1a: Landorus|Protect|p1a: Landorus
|-singleturn|p1a: Landorus|Protect
|move|p1b: Miraidon|Electro Drift|p2a: Kyogre
|-resisted|p2a: Kyogre
|-damage|p2a: Kyogre|56/100
|move|p2b: Urshifu|Surging Strikes|p1b: Miraidon
|-crit|p1b: Miraidon
|-damage|p1b: Miraidon|64/100
|-crit|p1b: Miraidon
|-damage|p1b: Miraidon|32/100
|-crit|p1b: Miraidon
|-damage|p1b: Miraidon|0 fnt
|faint|p1b: Miraidon
|-hitcount|p1: Miraidon|3
|move|p2a: Kyogre|Origin Pulse|p1a: Landorus
|-activate|p1a: Landorus|move: Protect
|
|-weather|RainDance|[upkeep]
|-heal|p2a: Kyogre|61/100|[from] item: Leftovers
|upkeep
|
|t:|1750808803
|switch|p1b: Raichu|Raichu-Alola, L50, M|1/100
|turn|6
|
|t:|1750808816
|move|p1b: Raichu|Electroweb|p2b: Urshifu|[spread] p2a,p2b
|-resisted|p2a: Kyogre
|-supereffective|p2b: Urshifu
|-damage|p2a: Kyogre|55/100
|-damage|p2b: Urshifu|31/100
|-unboost|p2a: Kyogre|spe|1
|-unboost|p2b: Urshifu|spe|1
|move|p1a: Landorus|Sandsear Storm|p2b: Urshifu|[spread] p2a,p2b
|-supereffective|p2a: Kyogre
|-damage|p2a: Kyogre|0 fnt
|-damage|p2b: Urshifu|0 fnt
|faint|p2a: Kyogre
|faint|p2b: Urshifu
|
|win|AaronAstro
|raw|AaronAstro's rating: 1181 &rarr; <strong>1202</strong><br />(+21 for winning)
|raw|2oh4pointate's rating: 1127 &rarr; <strong>1106</strong><br />(-21 for losing)
|l|☆2oh4pointate
|player|p2|
