|j|☆kyuremkiroialt
|j|☆Quinnsp
|t:|1750821103
|gametype|doubles
|player|p1|kyuremkiroialt|plasmagrunt|1346
|player|p2|Quinnsp|lady|1327
|teamsize|p1|6
|teamsize|p2|6
|gen|9
|tier|[Gen 9] VGC 2025 Reg I
|rated|
|rule|Species Clause: Limit one of each Pokémon
|rule|Item Clause: Limit 1 of each item
|clearpoke
|poke|p1|Rillaboom, L50, F|
|poke|p1|Koraidon, L50|
|poke|p1|Flutter Mane, L50|
|poke|p1|Raging Bolt, L50|
|poke|p1|Incineroar, L50, F|
|poke|p1|Calyrex-Ice, L50|
|poke|p2|Calyrex-Ice, L50|
|poke|p2|Ogerpon-Wellspring, L50, F|
|poke|p2|Terapagos, L50, M|
|poke|p2|Amoonguss, L50, F|
|poke|p2|Incineroar, L50, F|
|poke|p2|Dusclops, L50, F|
|teampreview|4
|inactive|Battle timer is ON: inactive players will automatically lose when time's up. (requested by Quinnsp)
|inactive|kyuremkiroialt also wants the timer to be on.
|inactive|kyuremkiroialt has 60 seconds left.
|inactive|kyuremkiroialt has 30 seconds left.
|
|t:|1750821165
|start
|switch|p1a: Koraidon|Koraidon, L50|100/100
|switch|p1b: Raging Bolt|Raging Bolt, L50|100/100
|switch|p2a: Calyrex|Calyrex-Ice, L50|100/100
|switch|p2b: Dusclops|Dusclops, L50, F|100/100
|-ability|p2a: Calyrex|As One
|-ability|p2a: Calyrex|Unnerve
|-weather|SunnyDay|[from] ability: Orichalcum Pulse|[of] p1a: Koraidon
|-activate|p1b: Raging Bolt|ability: Protosynthesis
|-start|p1b: Raging Bolt|protosynthesisspa
|-activate|p1a: Koraidon|Orichalcum Pulse|[source]
|-item|p1a: Koraidon|Covert Cloak|[from] ability: Frisk|[of] p2b: Dusclops
|-item|p1b: Raging Bolt|Life Orb|[from] ability: Frisk|[of] p2b: Dusclops
|turn|1
|inactive|kyuremkiroialt has 30 seconds left.
|
|t:|1750821194
|switch|p2b: Amoonguss|Amoonguss, L50, F|100/100
|move|p1a: Koraidon|Flare Blitz|p2b: Amoonguss
|-supereffective|p2b: Amoonguss
|-damage|p2b: Amoonguss|0 fnt
|-damage|p1a: Koraidon|84/100|[from] item: Rocky Helmet|[of] p2b: Amoonguss
|faint|p2b: Amoonguss
|-damage|p1a: Koraidon|42/100|[from] Recoil
|move|p1b: Raging Bolt|Thunderbolt|p2a: Calyrex
|-damage|p2a: Calyrex|40/100
|-damage|p1b: Raging Bolt|91/100|[from] item: Life Orb
|move|p2a: Calyrex|Trick Room|p2a: Calyrex
|-fieldstart|move: Trick Room|[of] p2a: Calyrex
|
|-weather|SunnyDay|[upkeep]
|upkeep
|
|t:|1750821207
|switch|p2b: Terapagos|Terapagos, L50, M|100/100
|-activate|p2b: Terapagos|ability: Tera Shift
|detailschange|p2b: Terapagos|Terapagos-Terastal, L50, M
|-heal|p2b: Terapagos|100/100|[silent]
|turn|2
|inactive|kyuremkiroialt has 30 seconds left.
|
|t:|1750821237
|switch|p1a: Flutter Mane|Flutter Mane, L50|100/100
|-activate|p1a: Flutter Mane|ability: Protosynthesis
|-start|p1a: Flutter Mane|protosynthesisspe
|move|p1b: Raging Bolt|Thunderclap|p2a: Calyrex
|-damage|p2a: Calyrex|0 fnt
|faint|p2a: Calyrex
|-damage|p1b: Raging Bolt|81/100|[from] item: Life Orb
|move|p2b: Terapagos|Calm Mind|p2b: Terapagos
|-boost|p2b: Terapagos|spa|1
|-boost|p2b: Terapagos|spd|1
|
|-weather|SunnyDay|[upkeep]
|upkeep
|
|t:|1750821245
|switch|p2a: Dusclops|Dusclops, L50, F|100/100
|-item|p1a: Flutter Mane|Focus Sash|[from] ability: Frisk|[of] p2a: Dusclops
|-item|p1b: Raging Bolt|Life Orb|[from] ability: Frisk|[of] p2a: Dusclops
|turn|3
|
|t:|1750821259
|move|p2a: Dusclops|Night Shade|p1a: Flutter Mane
|-damage|p1a: Flutter Mane|62/100
|move|p1b: Raging Bolt|Thunderbolt|p2a: Dusclops
|-damage|p2a: Dusclops|52/100
|-damage|p1b: Raging Bolt|72/100|[from] item: Life Orb
|move|p2b: Terapagos|Dazzling Gleam|p1b: Raging Bolt|[spread] p1a,p1b
|-supereffective|p1b: Raging Bolt
|-damage|p1a: Flutter Mane|28/100
|-damage|p1b: Raging Bolt|18/100
|move|p1a: Flutter Mane|Shadow Ball|p2a: Dusclops
|-supereffective|p2a: Dusclops
|-damage|p2a: Dusclops|6/100
|
|-weather|SunnyDay|[upkeep]
|upkeep
|turn|4
|inactive|Quinnsp has 30 seconds left.
|
|t:|1750821289
|move|p1b: Raging Bolt|Protect|p1b: Raging Bolt
|-singleturn|p1b: Raging Bolt|Protect
|move|p1a: Flutter Mane|Protect|p1a: Flutter Mane
|-singleturn|p1a: Flutter Mane|Protect
|move|p2a: Dusclops|Will-O-Wisp|p1b: Raging Bolt
|-activate|p1b: Raging Bolt|move: Protect
|move|p2b: Terapagos|Dazzling Gleam|p1a: Flutter Mane|[spread] 
|-activate|p1a: Flutter Mane|move: Protect
|-activate|p1b: Raging Bolt|move: Protect
|
|-weather|SunnyDay|[upkeep]
|upkeep
|turn|5
|
|t:|1750821300
|move|p1b: Raging Bolt|Thunderclap|p2b: Terapagos
|-activate|p2b: Terapagos|ability: Tera Shell
|-resisted|p2b: Terapagos
|-damage|p2b: Terapagos|81/100
|-damage|p1b: Raging Bolt|8/100|[from] item: Life Orb
|move|p2a: Dusclops|Night Shade|p1a: Flutter Mane
|-damage|p1a: Flutter Mane|0 fnt
|faint|p1a: Flutter Mane
|-end|p1a: Flutter Mane|Protosynthesis|[silent]
|move|p2b: Terapagos|Dazzling Gleam|p1b: Raging Bolt
|-supereffective|p1b: Raging Bolt
|-damage|p1b: Raging Bolt|0 fnt
|faint|p1b: Raging Bolt
|-end|p1b: Raging Bolt|Protosynthesis|[silent]
|
|-weather|none
|-heal|p2b: Terapagos|87/100|[from] item: Leftovers
|-fieldend|move: Trick Room
|upkeep
|
|t:|1750821310
|switch|p1a: Koraidon|Koraidon, L50|42/100
|switch|p1b: Incineroar|Incineroar, L50, F|100/100
|-weather|SunnyDay|[from] ability: Orichalcum Pulse|[of] p1a: Koraidon
|-activate|p1a: Koraidon|Orichalcum Pulse|[source]
|-ability|p1b: Incineroar|Intimidate|boost
|-unboost|p2a: Dusclops|atk|1
|-unboost|p2b: Terapagos|atk|1
|turn|6
|
|t:|1750821323
|move|p1b: Incineroar|Fake Out|p2b: Terapagos
|-damage|p2b: Terapagos|77/100
|move|p1a: Koraidon|Flare Blitz|p2a: Dusclops
|-damage|p2a: Dusclops|0 fnt
|faint|p2a: Dusclops
|-damage|p1a: Koraidon|40/100|[from] Recoil
|cant|p2b: Terapagos|flinch
|
|-weather|SunnyDay|[upkeep]
|-heal|p2b: Terapagos|83/100|[from] item: Leftovers
|upkeep
|turn|7
|
|t:|1750821334
|move|p1a: Koraidon|Collision Course|p2b: Terapagos
|-supereffective|p2b: Terapagos
|-damage|p2b: Terapagos|0 fnt
|faint|p2b: Terapagos
|
|win|kyuremkiroialt
|raw|kyuremkiroialt's rating: 1346 &rarr; <strong>1365</strong><br />(+19 for winning)
|raw|Quinnsp's rating: 1327 &rarr; <strong>1308</strong><br />(-19 for losing)
|l|☆Quinnsp
|player|p2|
