|j|☆jackoftrade08
|j|☆poppledinger
|t:|1750831755
|gametype|doubles
|player|p1|jackoftrade08|170|1330
|player|p2|poppledinger|hiker-gen4|1399
|teamsize|p1|6
|teamsize|p2|6
|gen|9
|tier|[Gen 9] VGC 2025 Reg I
|rated|
|rule|Species Clause: Limit one of each Pokémon
|rule|Item Clause: Limit 1 of each item
|clearpoke
|poke|p1|Tyranitar, L50, F|
|poke|p1|Excadrill, L50, F|
|poke|p1|Incineroar, L50, M|
|poke|p1|Miraidon, L50|
|poke|p1|Flutter Mane, L50|
|poke|p1|Zamazenta-*, L50|
|poke|p2|Calyrex-Ice, L50|
|poke|p2|Miraidon, L50|
|poke|p2|Grimmsnarl, L50, M|
|poke|p2|Incineroar, L50, M|
|poke|p2|Farigiraf, L50, F|
|poke|p2|Iron Hands, L50|
|teampreview|4
|
|t:|1750831806
|start
|switch|p1a: Tyranitar|Tyranitar, L50, F|100/100
|switch|p1b: Incineroar|Incineroar, L50, M|100/100
|switch|p2a: Miraidon|Miraidon, L50|100/100
|switch|p2b: Grimmsnarl|Grimmsnarl, L50, M|100/100
|-fieldstart|move: Electric Terrain|[from] ability: Hadron Engine|[of] p2a: Miraidon
|-weather|Sandstorm|[from] ability: Sand Stream|[of] p1a: Tyranitar
|-ability|p1b: Incineroar|Intimidate|boost
|-unboost|p2a: Miraidon|atk|1
|-unboost|p2b: Grimmsnarl|atk|1
|turn|1
|
|t:|1750831827
|switch|p2a: Incineroar|Incineroar, L50, M|100/100
|-ability|p2a: Incineroar|Intimidate|boost
|-unboost|p1a: Tyranitar|atk|1
|-unboost|p1b: Incineroar|atk|1
|move|p1b: Incineroar|Fake Out|p2b: Grimmsnarl
|-damage|p2b: Grimmsnarl|92/100
|cant|p2b: Grimmsnarl|flinch
|move|p1a: Tyranitar|Rock Slide|p2b: Grimmsnarl|[spread] p2a,p2b
|-supereffective|p2a: Incineroar
|-damage|p2a: Incineroar|62/100
|-damage|p2b: Grimmsnarl|71/100
|
|-weather|Sandstorm|[upkeep]
|-damage|p2b: Grimmsnarl|65/100|[from] Sandstorm
|upkeep
|turn|2
|
|t:|1750831854
|switch|p1a: Excadrill|Excadrill, L50, F|100/100
|move|p2a: Incineroar|Fake Out|p1a: Excadrill
|-resisted|p1a: Excadrill
|-damage|p1a: Excadrill|93/100
|move|p2b: Grimmsnarl|Reflect|p2b: Grimmsnarl
|-sidestart|p2: poppledinger|Reflect
|move|p1b: Incineroar|Knock Off|p2b: Grimmsnarl
|-resisted|p2b: Grimmsnarl
|-damage|p2b: Grimmsnarl|60/100
|-enditem|p2b: Grimmsnarl|Light Clay|[from] move: Knock Off|[of] p1b: Incineroar
|
|-weather|Sandstorm|[upkeep]
|-damage|p2b: Grimmsnarl|54/100|[from] Sandstorm
|upkeep
|turn|3
|
|t:|1750831877
|switch|p1b: Tyranitar|Tyranitar, L50, F|100/100
|move|p2b: Grimmsnarl|Light Screen|p2b: Grimmsnarl
|-sidestart|p2: poppledinger|move: Light Screen
|move|p1a: Excadrill|Stomping Tantrum|p2a: Incineroar
|-supereffective|p2a: Incineroar
|-damage|p2a: Incineroar|0 fnt
|faint|p2a: Incineroar
|-damage|p1a: Excadrill|84/100|[from] item: Life Orb
|
|-weather|Sandstorm|[upkeep]
|-damage|p2b: Grimmsnarl|48/100|[from] Sandstorm
|upkeep
|
|t:|1750831885
|switch|p2a: Miraidon|Miraidon, L50|100/100
|-activate|p2a: Miraidon|ability: Hadron Engine
|turn|4
|
|t:|1750831908
|-terastallize|p2a: Miraidon|Fairy
|move|p1a: Excadrill|Stomping Tantrum|p2a: Miraidon
|-damage|p2a: Miraidon|62/100
|-damage|p1a: Excadrill|74/100|[from] item: Life Orb
|move|p2a: Miraidon|Dazzling Gleam|p1b: Tyranitar|[spread] p1a,p1b
|-resisted|p1a: Excadrill
|-supereffective|p1b: Tyranitar
|-damage|p1a: Excadrill|29/100
|-damage|p1b: Tyranitar|54/100
|move|p2b: Grimmsnarl|Foul Play|p1b: Tyranitar
|-resisted|p1b: Tyranitar
|-damage|p1b: Tyranitar|35/100
|move|p1b: Tyranitar|Rock Slide|p2b: Grimmsnarl|[spread] p2a,p2b
|-crit|p2a: Miraidon
|-damage|p2a: Miraidon|12/100
|-damage|p2b: Grimmsnarl|26/100
|
|-weather|Sandstorm|[upkeep]
|-damage|p2a: Miraidon|6/100|[from] Sandstorm
|-damage|p2b: Grimmsnarl|20/100|[from] Sandstorm
|upkeep
|turn|5
|
|t:|1750831939
|switch|p2a: Calyrex|Calyrex-Ice, L50|100/100
|-ability|p2a: Calyrex|As One
|-ability|p2a: Calyrex|Unnerve
|move|p2b: Grimmsnarl|Parting Shot|p1b: Tyranitar
|-hint|Since gen 7, Dark is immune to Prankster moves.
|-immune|p1b: Tyranitar
|move|p1a: Excadrill|Stomping Tantrum|p2a: Calyrex
|-damage|p2a: Calyrex|75/100
|-damage|p1a: Excadrill|19/100|[from] item: Life Orb
|move|p1b: Tyranitar|Rock Slide|p2b: Grimmsnarl|[spread] p2a,p2b
|-supereffective|p2a: Calyrex
|-damage|p2a: Calyrex|52/100
|-damage|p2b: Grimmsnarl|0 fnt
|faint|p2b: Grimmsnarl
|
|-weather|none
|-heal|p2a: Calyrex|58/100|[from] item: Leftovers
|-fieldend|move: Electric Terrain
|upkeep
|
|t:|1750831942
|switch|p2b: Miraidon|Miraidon, L50, tera:Fairy|6/100
|-fieldstart|move: Electric Terrain|[from] ability: Hadron Engine|[of] p2b: Miraidon
|turn|6
|
|t:|1750831965
|switch|p1b: Incineroar|Incineroar, L50, M|100/100
|-ability|p1b: Incineroar|Intimidate|boost
|-unboost|p2a: Calyrex|atk|1
|-unboost|p2b: Miraidon|atk|1
|move|p1a: Excadrill|Protect|p1a: Excadrill
|-singleturn|p1a: Excadrill|Protect
|move|p2b: Miraidon|Dazzling Gleam|p1a: Excadrill|[spread] p1b
|-activate|p1a: Excadrill|move: Protect
|-damage|p1b: Incineroar|50/100
|move|p2a: Calyrex|Trick Room|p2a: Calyrex
|-fieldstart|move: Trick Room|[of] p2a: Calyrex
|
|-heal|p2a: Calyrex|63/100|[from] item: Leftovers
|upkeep
|turn|7
|
|t:|1750831989
|move|p2a: Calyrex|Protect|p2a: Calyrex
|-singleturn|p2a: Calyrex|Protect
|move|p1b: Incineroar|Fake Out|p2b: Miraidon
|-damage|p2b: Miraidon|0 fnt
|faint|p2b: Miraidon
|move|p1a: Excadrill|Iron Head|p2a: Calyrex
|-activate|p2a: Calyrex|move: Protect
|
|-heal|p2a: Calyrex|69/100|[from] item: Leftovers
|-sideend|p2: poppledinger|move: Light Screen
|upkeep
|turn|8
|
|t:|1750831997
|move|p2a: Calyrex|Glacial Lance|p1a: Excadrill|[spread] p1a,p1b
|-resisted|p1b: Incineroar
|-damage|p1a: Excadrill|0 fnt
|-damage|p1b: Incineroar|36/100
|faint|p1a: Excadrill
|-ability|p2a: Calyrex|Chilling Neigh|boost
|-boost|p2a: Calyrex|atk|1
|move|p1b: Incineroar|Flare Blitz|p2a: Calyrex
|-supereffective|p2a: Calyrex
|-damage|p2a: Calyrex|25/100
|-damage|p1b: Incineroar|21/100|[from] Recoil
|
|-heal|p2a: Calyrex|30/100|[from] item: Leftovers
|upkeep
|-message|poppledinger forfeited.
|
|win|jackoftrade08
|raw|jackoftrade08's rating: 1330 &rarr; <strong>1354</strong><br />(+24 for winning)
|raw|poppledinger's rating: 1399 &rarr; <strong>1375</strong><br />(-24 for losing)
|l|☆poppledinger
|player|p2|
|l|☆jackoftrade08
|player|p1|
