|j|☆franzulli
|j|☆Titans34
|t:|1750768202
|gametype|doubles
|player|p1|franzulli|policeman-gen4|1441
|player|p2|Titans34|266|1359
|teamsize|p1|6
|teamsize|p2|6
|gen|9
|tier|[Gen 9] VGC 2025 Reg I
|rated|
|rule|Species Clause: Limit one of each Pokémon
|rule|Item Clause: Limit 1 of each item
|clearpoke
|poke|p1|Eternatus, L50|
|poke|p1|Rillaboom, L50, F|
|poke|p1|Incineroar, L50, F|
|poke|p1|Ting-Lu, L50|
|poke|p1|Ho-Oh, L50|
|poke|p1|Primarina, L50, M|
|poke|p2|Koraidon, L50|
|poke|p2|Scovillain, L50, F|
|poke|p2|Walking Wake, L50|
|poke|p2|Calyrex-Ice, L50|
|poke|p2|Torkoal, L50, F|
|poke|p2|Metagross, L50|
|teampreview|4
|j| thejigglypuff03
|l| thejigglypuff03
|inactive|Battle timer is ON: inactive players will automatically lose when time's up. (requested by Titans34)
|
|t:|1750768237
|start
|switch|p1a: Eternatus|Eternatus, L50|100/100
|switch|p1b: Incineroar|Incineroar, L50, F|100/100
|switch|p2a: Koraidon|Koraidon, L50|100/100
|switch|p2b: Walking Wake|Walking Wake, L50|100/100
|-weather|SunnyDay|[from] ability: Orichalcum Pulse|[of] p2a: Koraidon
|-activate|p2b: Walking Wake|ability: Protosynthesis
|-start|p2b: Walking Wake|protosynthesisspa
|-activate|p2a: Koraidon|Orichalcum Pulse|[source]
|-ability|p1a: Eternatus|Pressure
|-ability|p1b: Incineroar|Intimidate|boost
|-fail|p2a: Koraidon|unboost|[from] item: Clear Amulet|[of] p2a: Koraidon
|-unboost|p2b: Walking Wake|atk|1
|turn|1
|inactive|franzulli has 30 seconds left.
|inactive|franzulli has 20 seconds left.
|inactive|franzulli has 15 seconds left.
|
|t:|1750768280
|-terastallize|p2a: Koraidon|Fire
|-terastallize|p1a: Eternatus|Fairy
|move|p1b: Incineroar|Fake Out|p2a: Koraidon
|-damage|p2a: Koraidon|90/100
|cant|p2a: Koraidon|flinch
|move|p2b: Walking Wake|Draco Meteor|p1a: Eternatus
|-immune|p1a: Eternatus
|move|p1a: Eternatus|Cosmic Power|p1a: Eternatus
|-boost|p1a: Eternatus|def|1
|-boost|p1a: Eternatus|spd|1
|
|-weather|SunnyDay|[upkeep]
|upkeep
|turn|2
|inactive|franzulli has 30 seconds left.
|
|t:|1750768307
|switch|p1b: Primarina|Primarina, L50, M|100/100
|move|p2a: Koraidon|Flare Blitz|p1a: Eternatus
|-damage|p1a: Eternatus|44/100
|-damage|p2a: Koraidon|64/100|[from] Recoil
|move|p2b: Walking Wake|Hydro Steam|p1b: Primarina
|-resisted|p1b: Primarina
|-damage|p1b: Primarina|59/100
|-damage|p2b: Walking Wake|91/100|[from] item: Life Orb
|move|p1a: Eternatus|Cosmic Power|p1a: Eternatus
|-boost|p1a: Eternatus|def|1
|-boost|p1a: Eternatus|spd|1
|
|-weather|SunnyDay|[upkeep]
|-heal|p1a: Eternatus|50/100|[from] item: Leftovers
|upkeep
|turn|3
|inactive|franzulli has 30 seconds left.
|inactive|Titans34 has 30 seconds left.
|
|t:|1750768335
|move|p2a: Koraidon|Protect|p2a: Koraidon
|-singleturn|p2a: Koraidon|Protect
|move|p1a: Eternatus|Protect|p1a: Eternatus
|-singleturn|p1a: Eternatus|Protect
|move|p2b: Walking Wake|Hydro Steam|p1a: Eternatus
|-activate|p1a: Eternatus|move: Protect
|move|p1b: Primarina|Moonblast|p2b: Walking Wake
|-supereffective|p2b: Walking Wake
|-damage|p2b: Walking Wake|0 fnt
|faint|p2b: Walking Wake
|-end|p2b: Walking Wake|Protosynthesis|[silent]
|
|-weather|SunnyDay|[upkeep]
|-heal|p1a: Eternatus|56/100|[from] item: Leftovers
|upkeep
|
|t:|1750768350
|switch|p2b: Metagross|Metagross, L50|100/100
|turn|4
|inactive|franzulli has 30 seconds left.
|
|t:|1750768383
|move|p2a: Koraidon|Flare Blitz|p1a: Eternatus
|-damage|p1a: Eternatus|12/100
|-damage|p2a: Koraidon|43/100|[from] Recoil
|move|p1a: Eternatus|Recover|p1a: Eternatus
|-heal|p1a: Eternatus|62/100
|move|p1b: Primarina|Hyper Voice|p2b: Metagross|[spread] p2a,p2b
|-supereffective|p2a: Koraidon
|-damage|p2a: Koraidon|16/100
|-damage|p2b: Metagross|92/100
|move|p2b: Metagross|Iron Head|p1a: Eternatus
|-supereffective|p1a: Eternatus
|-damage|p1a: Eternatus|30/100
|
|-weather|SunnyDay|[upkeep]
|-heal|p1a: Eternatus|36/100|[from] item: Leftovers
|upkeep
|turn|5
|inactive|Titans34 has 30 seconds left.
|
|t:|1750768410
|move|p1a: Eternatus|Protect|p1a: Eternatus
|-singleturn|p1a: Eternatus|Protect
|move|p2a: Koraidon|Flare Blitz|p1a: Eternatus
|-activate|p1a: Eternatus|move: Protect
|move|p1b: Primarina|Life Dew|p1b: Primarina|[spread] p1a,p1b
|-heal|p1a: Eternatus|61/100
|-heal|p1b: Primarina|84/100
|move|p2b: Metagross|Iron Head|p1b: Primarina
|-damage|p1b: Primarina|36/100
|-enditem|p1b: Primarina|Sitrus Berry|[eat]
|-heal|p1b: Primarina|60/100|[from] item: Sitrus Berry
|
|-weather|none
|-heal|p1a: Eternatus|67/100|[from] item: Leftovers
|upkeep
|turn|6
|
|t:|1750768432
|move|p2a: Koraidon|Flare Blitz|p1a: Eternatus
|-crit|p1a: Eternatus
|-damage|p1a: Eternatus|5/100
|-damage|p2a: Koraidon|0 fnt|[from] Recoil
|faint|p2a: Koraidon
|move|p1a: Eternatus|Recover|p1a: Eternatus
|-heal|p1a: Eternatus|56/100
|move|p1b: Primarina|Hyper Voice|p2b: Metagross
|-damage|p2b: Metagross|64/100
|move|p2b: Metagross|Iron Head|p1a: Eternatus
|-supereffective|p1a: Eternatus
|-damage|p1a: Eternatus|24/100
|
|-heal|p1a: Eternatus|30/100|[from] item: Leftovers
|upkeep
|
|t:|1750768447
|switch|p2a: Calyrex|Calyrex-Ice, L50|100/100
|-ability|p2a: Calyrex|As One
|-ability|p2a: Calyrex|Unnerve
|turn|7
|
|t:|1750768465
|switch|p1b: Incineroar|Incineroar, L50, F|100/100
|-ability|p1b: Incineroar|Intimidate|boost
|-unboost|p2a: Calyrex|atk|1
|-fail|p2b: Metagross|unboost|[from] ability: Clear Body|[of] p2b: Metagross
|move|p2b: Metagross|Bullet Punch|p1a: Eternatus
|-supereffective|p1a: Eternatus
|-damage|p1a: Eternatus|15/100
|move|p1a: Eternatus|Recover|p1a: Eternatus
|-heal|p1a: Eternatus|65/100
|move|p2a: Calyrex|Glacial Lance|p1a: Eternatus|[spread] p1a,p1b
|-resisted|p1b: Incineroar
|-damage|p1a: Eternatus|52/100
|-damage|p1b: Incineroar|89/100
|
|-heal|p1a: Eternatus|58/100|[from] item: Leftovers
|upkeep
|turn|8
|
|t:|1750768486
|move|p1a: Eternatus|Recover|p1a: Eternatus
|-heal|p1a: Eternatus|100/100
|move|p1b: Incineroar|Taunt|p2a: Calyrex
|-start|p2a: Calyrex|move: Taunt
|move|p2a: Calyrex|Close Combat|p1b: Incineroar
|-supereffective|p1b: Incineroar
|-damage|p1b: Incineroar|45/100
|-unboost|p2a: Calyrex|def|1
|-unboost|p2a: Calyrex|spd|1
|move|p2b: Metagross|Iron Head|p1a: Eternatus
|-supereffective|p1a: Eternatus
|-damage|p1a: Eternatus|66/100
|
|-heal|p1a: Eternatus|73/100|[from] item: Leftovers
|upkeep
|turn|9
|
|t:|1750768509
|move|p1a: Eternatus|Protect|p1a: Eternatus
|-singleturn|p1a: Eternatus|Protect
|move|p1b: Incineroar|Will-O-Wisp|p2a: Calyrex
|-status|p2a: Calyrex|brn
|move|p2a: Calyrex|Close Combat|p1b: Incineroar
|-supereffective|p1b: Incineroar
|-damage|p1b: Incineroar|24/100
|-unboost|p2a: Calyrex|def|1
|-unboost|p2a: Calyrex|spd|1
|move|p2b: Metagross|Iron Head|p1a: Eternatus
|-activate|p1a: Eternatus|move: Protect
|
|-heal|p1a: Eternatus|79/100|[from] item: Leftovers
|-damage|p2a: Calyrex|95/100 brn|[from] brn
|upkeep
|turn|10
|
|t:|1750768532
|move|p1a: Eternatus|Sludge Bomb|p2a: Calyrex
|-damage|p2a: Calyrex|32/100 brn
|-enditem|p2a: Calyrex|Sitrus Berry|[eat]
|-heal|p2a: Calyrex|57/100 brn|[from] item: Sitrus Berry
|move|p1b: Incineroar|Will-O-Wisp|p2b: Metagross
|-status|p2b: Metagross|brn
|move|p2a: Calyrex|Close Combat|p1b: Incineroar
|-supereffective|p1b: Incineroar
|-damage|p1b: Incineroar|1/100
|-unboost|p2a: Calyrex|def|1
|-unboost|p2a: Calyrex|spd|1
|move|p2b: Metagross|Iron Head|p1a: Eternatus
|-supereffective|p1a: Eternatus
|-damage|p1a: Eternatus|63/100
|
|-heal|p1a: Eternatus|69/100|[from] item: Leftovers
|-damage|p2a: Calyrex|51/100 brn|[from] brn
|-damage|p2b: Metagross|58/100 brn|[from] brn
|-end|p2a: Calyrex|move: Taunt
|upkeep
|turn|11
|-message|Titans34 forfeited.
|
|win|franzulli
|raw|franzulli's rating: 1441 &rarr; <strong>1456</strong><br />(+15 for winning)
|raw|Titans34's rating: 1359 &rarr; <strong>1344</strong><br />(-15 for losing)
|l|☆Titans34
|player|p2|
|l|☆franzulli
|player|p1|
