|j|☆SzlRavioli
|j|☆blu3cr33p3r
|t:|1750817059
|gametype|doubles
|player|p1|SzlRavioli|169|1216
|player|p2|blu3cr33p3r|bruno|1289
|teamsize|p1|6
|teamsize|p2|6
|gen|9
|tier|[Gen 9] VGC 2025 Reg I
|rated|
|rule|Species Clause: Limit one of each Pokémon
|rule|Item Clause: Limit 1 of each item
|clearpoke
|poke|p1|Calyrex-Ice, L50|
|poke|p1|Garganacl, L50, M|
|poke|p1|Incineroar, L50, M|
|poke|p1|Urshifu-*, L50, M|
|poke|p1|Sinistcha-Masterpiece, L50|
|poke|p1|Raichu, L50, M|
|poke|p2|Lunala, L50|
|poke|p2|Ursaluna, L50, M|
|poke|p2|Urshifu-*, L50, M|
|poke|p2|Miraidon, L50|
|poke|p2|Grimmsnarl, L50, M|
|poke|p2|Incineroar, L50, M|
|teampreview|4
|inactive|Battle timer is ON: inactive players will automatically lose when time's up. (requested by SzlRavioli)
|inactive|blu3cr33p3r has 60 seconds left.
|
|t:|1750817131
|start
|switch|p1a: Calyrex|Calyrex-Ice, L50|100/100
|switch|p1b: Incineroar|Incineroar, L50, M|100/100
|switch|p2a: Lunala|Lunala, L50|100/100
|switch|p2b: Grimmsnarl|Grimmsnarl, L50, M|100/100
|-ability|p1a: Calyrex|As One
|-ability|p1a: Calyrex|Unnerve
|-ability|p1b: Incineroar|Intimidate|boost
|-unboost|p2a: Lunala|atk|1
|-unboost|p2b: Grimmsnarl|atk|1
|turn|1
|inactive|blu3cr33p3r has 30 seconds left.
|inactive|blu3cr33p3r has 20 seconds left.
|
|t:|1750817169
|move|p1b: Incineroar|Fake Out|p2b: Grimmsnarl
|-damage|p2b: Grimmsnarl|87/100
|cant|p2b: Grimmsnarl|flinch
|move|p2a: Lunala|Moongeist Beam|p1a: Calyrex
|-supereffective|p1a: Calyrex
|-damage|p1a: Calyrex|18/100
|move|p1a: Calyrex|Trick Room|p1a: Calyrex
|-fieldstart|move: Trick Room|[of] p1a: Calyrex
|
|upkeep
|turn|2
|
|t:|1750817185
|move|p2b: Grimmsnarl|Reflect|p2b: Grimmsnarl
|-sidestart|p2: blu3cr33p3r|Reflect
|move|p1a: Calyrex|Glacial Lance|p2b: Grimmsnarl|[spread] p2a,p2b
|-damage|p2a: Lunala|86/100
|-damage|p2b: Grimmsnarl|42/100
|move|p1b: Incineroar|Parting Shot|p2a: Lunala
|-unboost|p2a: Lunala|atk|1
|-unboost|p2a: Lunala|spa|1
|
|t:|1750817197
|switch|p1b: Raichu|Raichu, L50, M|100/100|[from] Parting Shot
|move|p2a: Lunala|Moongeist Beam|p1a: Calyrex
|-supereffective|p1a: Calyrex
|-damage|p1a: Calyrex|0 fnt
|faint|p1a: Calyrex
|
|upkeep
|
|t:|1750817203
|switch|p1a: Incineroar|Incineroar, L50, M|100/100
|-ability|p1a: Incineroar|Intimidate|boost
|-unboost|p2a: Lunala|atk|1
|-unboost|p2b: Grimmsnarl|atk|1
|turn|3
|inactive|blu3cr33p3r has 30 seconds left.
|inactive|blu3cr33p3r has 20 seconds left.
|inactive|blu3cr33p3r has 15 seconds left.
|inactive|blu3cr33p3r has 10 seconds left.
|
|t:|1750817252
|switch|p2a: Ursaluna|Ursaluna, L50, M|100/100
|move|p1b: Raichu|Fake Out|p2b: Grimmsnarl
|-damage|p2b: Grimmsnarl|36/100
|move|p1a: Incineroar|Flare Blitz|p2b: Grimmsnarl
|-damage|p2b: Grimmsnarl|0 fnt
|faint|p2b: Grimmsnarl
|-damage|p1a: Incineroar|88/100|[from] Recoil
|
|-status|p2a: Ursaluna|brn|[from] item: Flame Orb
|upkeep
|
|t:|1750817272
|switch|p2b: Lunala|Lunala, L50|86/100
|turn|4
|
|t:|1750817293
|-terastallize|p2b: Lunala|Fairy
|move|p2a: Ursaluna|Earthquake|p1b: Raichu|[spread] p2b,p1a,p1b
|-supereffective|p1a: Incineroar
|-supereffective|p1b: Raichu
|-damage|p2b: Lunala|51/100
|-damage|p1a: Incineroar|0 fnt
|-enditem|p1b: Raichu|Focus Sash
|-damage|p1b: Raichu|1/100
|faint|p1a: Incineroar
|move|p2b: Lunala|Moonblast|p1b: Raichu
|-damage|p1b: Raichu|0 fnt
|faint|p1b: Raichu
|
|-damage|p2a: Ursaluna|95/100 brn|[from] brn
|upkeep
|
|t:|1750817303
|switch|p1b: Urshifu|Urshifu-Rapid-Strike, L50, M|100/100
|turn|5
|
|t:|1750817318
|move|p1b: Urshifu|Detect|p1b: Urshifu
|-singleturn|p1b: Urshifu|Protect
|move|p2a: Ursaluna|Facade|p1b: Urshifu
|-activate|p1b: Urshifu|move: Protect
|move|p2b: Lunala|Moonblast|p1b: Urshifu
|-activate|p1b: Urshifu|move: Protect
|
|-damage|p2a: Ursaluna|89/100 brn|[from] brn
|-fieldend|move: Trick Room
|upkeep
|turn|6
|inactive|blu3cr33p3r has 30 seconds left.
|
|t:|1750817343
|-terastallize|p1b: Urshifu|Grass
|move|p1b: Urshifu|Surging Strikes|p2a: Ursaluna
|-supereffective|p2a: Ursaluna
|-crit|p2a: Ursaluna
|-damage|p2a: Ursaluna|47/100 brn
|-supereffective|p2a: Ursaluna
|-crit|p2a: Ursaluna
|-damage|p2a: Ursaluna|1/100 brn
|-supereffective|p2a: Ursaluna
|-crit|p2a: Ursaluna
|-damage|p2a: Ursaluna|0 fnt
|faint|p2a: Ursaluna
|-hitcount|p2: Ursaluna|3
|-damage|p1b: Urshifu|91/100|[from] item: Life Orb
|move|p2b: Lunala|Moonblast|p1b: Urshifu
|-damage|p1b: Urshifu|5/100
|
|upkeep
|
|t:|1750817359
|switch|p2a: Miraidon|Miraidon, L50|100/100
|-fieldstart|move: Electric Terrain|[from] ability: Hadron Engine|[of] p2a: Miraidon
|-enditem|p2b: Lunala|Electric Seed
|-boost|p2b: Lunala|def|1|[from] item: Electric Seed
|turn|7
|-message|SzlRavioli forfeited.
|
|win|blu3cr33p3r
|raw|SzlRavioli's rating: 1216 &rarr; <strong>1196</strong><br />(-20 for losing)
|raw|blu3cr33p3r's rating: 1289 &rarr; <strong>1309</strong><br />(+20 for winning)
|l|☆SzlRavioli
|player|p1|
