|j|☆FlyAwayVGC
|j|☆WeWantBreathOfFire
|t:|1750881707
|gametype|doubles
|player|p1|FlyAwayVGC|dana|1593
|player|p2|WeWantBreathOfFire|pryce|1681
|teamsize|p1|6
|teamsize|p2|6
|gen|9
|tier|[Gen 9] VGC 2025 Reg I
|rated|
|rule|Species Clause: Limit one of each Pokémon
|rule|Item Clause: Limit 1 of each item
|clearpoke
|poke|p1|Calyrex-Shadow, L50|
|poke|p1|Zamazenta-*, L50|
|poke|p1|Chien-Pao, L50|
|poke|p1|Raging Bolt, L50|
|poke|p1|Incineroar, L50, M|
|poke|p1|Amoonguss, L50, F|
|poke|p2|Rillaboom, L50, F|
|poke|p2|Urshifu-*, L50, F|
|poke|p2|Eternatus, L50|
|poke|p2|Kyogre, L50|
|poke|p2|Incineroar, L50, M|
|poke|p2|Wo-Chien, L50|
|teampreview|4
|inactive|Battle timer is ON: inactive players will automatically lose when time's up. (requested by FlyAwayVGC)
|inactive|WeWantBreathOfFire has 60 seconds left.
|
|t:|1750881746
|start
|switch|p1a: Zamazenta|Zamazenta-Crowned, L50|100/100
|switch|p1b: Chien-Pao|Chien-Pao, L50|100/100
|switch|p2a: Eternatus|Eternatus, L50|100/100
|switch|p2b: Wo-Chien|Wo-Chien, L50|100/100
|-ability|p1b: Chien-Pao|Sword of Ruin
|-ability|p1a: Zamazenta|Dauntless Shield|boost
|-boost|p1a: Zamazenta|def|1
|-ability|p2a: Eternatus|Pressure
|-ability|p2b: Wo-Chien|Tablets of Ruin
|turn|1
|
|t:|1750881766
|-terastallize|p2a: Eternatus|Fairy
|move|p2b: Wo-Chien|Protect|p2b: Wo-Chien
|-singleturn|p2b: Wo-Chien|Protect
|move|p1b: Chien-Pao|Taunt|p2b: Wo-Chien
|-activate|p2b: Wo-Chien|move: Protect
|move|p1a: Zamazenta|Body Press|p2b: Wo-Chien
|-activate|p2b: Wo-Chien|move: Protect
|move|p2a: Eternatus|Cosmic Power|p2a: Eternatus
|-boost|p2a: Eternatus|def|1
|-boost|p2a: Eternatus|spd|1
|
|upkeep
|turn|2
|
|t:|1750881778
|move|p1b: Chien-Pao|Taunt|p2a: Eternatus
|-start|p2a: Eternatus|move: Taunt
|move|p1a: Zamazenta|Body Press|p2b: Wo-Chien
|-supereffective|p2b: Wo-Chien
|-damage|p2b: Wo-Chien|0 fnt
|faint|p2b: Wo-Chien
|cant|p2a: Eternatus|move: Taunt|Cosmic Power
|
|upkeep
|
|t:|1750881784
|switch|p2b: Urshifu|Urshifu, L50, F|100/100
|turn|3
|
|t:|1750881794
|move|p2b: Urshifu|Protect|p2b: Urshifu
|-singleturn|p2b: Urshifu|Protect
|move|p1b: Chien-Pao|Ice Spinner|p2b: Urshifu
|-activate|p2b: Urshifu|move: Protect
|move|p1a: Zamazenta|Body Press|p2b: Urshifu
|-activate|p2b: Urshifu|move: Protect
|move|p2a: Eternatus|Sludge Bomb|p1b: Chien-Pao
|-damage|p1b: Chien-Pao|38/100
|
|upkeep
|turn|4
|
|t:|1750881803
|move|p1b: Chien-Pao|Sucker Punch|p2b: Urshifu
|-resisted|p2b: Urshifu
|-damage|p2b: Urshifu|88/100
|move|p2b: Urshifu|Sucker Punch||[still]
|-fail|p2b: Urshifu
|move|p1a: Zamazenta|Body Press|p2b: Urshifu
|-supereffective|p2b: Urshifu
|-damage|p2b: Urshifu|0 fnt
|faint|p2b: Urshifu
|move|p2a: Eternatus|Sludge Bomb|p1b: Chien-Pao
|-damage|p1b: Chien-Pao|0 fnt
|faint|p1b: Chien-Pao
|
|-end|p2a: Eternatus|move: Taunt
|upkeep
|j| 1TrickRoom
|
|t:|1750881815
|switch|p1b: Calyrex|Calyrex-Shadow, L50|100/100
|switch|p2b: Kyogre|Kyogre, L50|100/100
|-ability|p1b: Calyrex|As One
|-ability|p1b: Calyrex|Unnerve
|-weather|RainDance|[from] ability: Drizzle|[of] p2b: Kyogre
|turn|5
|
|t:|1750881831
|move|p2b: Kyogre|Thunder|p1b: Calyrex
|-damage|p1b: Calyrex|57/100
|move|p1b: Calyrex|Astral Barrage|p2a: Eternatus|[spread] p2a,p2b
|-damage|p2a: Eternatus|66/100
|-damage|p2b: Kyogre|49/100
|-damage|p1b: Calyrex|47/100|[from] item: Life Orb
|move|p1a: Zamazenta|Body Press|p2b: Kyogre
|-damage|p2b: Kyogre|0 fnt
|faint|p2b: Kyogre
|move|p2a: Eternatus|Cosmic Power|p2a: Eternatus
|-boost|p2a: Eternatus|def|1
|-boost|p2a: Eternatus|spd|1
|
|-weather|RainDance|[upkeep]
|-heal|p2a: Eternatus|72/100|[from] item: Leftovers
|upkeep
|turn|6
|
|t:|1750881848
|move|p1b: Calyrex|Astral Barrage|p2a: Eternatus
|-damage|p2a: Eternatus|34/100
|-damage|p1b: Calyrex|37/100|[from] item: Life Orb
|move|p1a: Zamazenta|Heavy Slam|p2a: Eternatus
|-supereffective|p2a: Eternatus
|-damage|p2a: Eternatus|24/100
|move|p2a: Eternatus|Recover|p2a: Eternatus
|-heal|p2a: Eternatus|74/100
|
|-weather|RainDance|[upkeep]
|-heal|p2a: Eternatus|80/100|[from] item: Leftovers
|upkeep
|turn|7
|inactive|FlyAwayVGC has 30 seconds left.
|
|t:|1750881874
|move|p1b: Calyrex|Astral Barrage|p2a: Eternatus
|-damage|p2a: Eternatus|45/100
|-damage|p1b: Calyrex|28/100|[from] item: Life Orb
|move|p1a: Zamazenta|Heavy Slam|p2a: Eternatus
|-supereffective|p2a: Eternatus
|-damage|p2a: Eternatus|35/100
|move|p2a: Eternatus|Substitute|p2a: Eternatus
|-start|p2a: Eternatus|Substitute
|-damage|p2a: Eternatus|11/100
|
|-weather|RainDance|[upkeep]
|-heal|p2a: Eternatus|17/100|[from] item: Leftovers
|upkeep
|turn|8
|
|t:|1750881899
|move|p1b: Calyrex|Astral Barrage|p2a: Eternatus
|-end|p2a: Eternatus|Substitute
|-damage|p1b: Calyrex|18/100|[from] item: Life Orb
|move|p1a: Zamazenta|Heavy Slam|p2a: Eternatus
|-supereffective|p2a: Eternatus
|-damage|p2a: Eternatus|7/100
|move|p2a: Eternatus|Recover|p2a: Eternatus
|-heal|p2a: Eternatus|57/100
|
|-weather|RainDance|[upkeep]
|-heal|p2a: Eternatus|63/100|[from] item: Leftovers
|upkeep
|turn|9
|
|t:|1750881910
|move|p1b: Calyrex|Nasty Plot|p1b: Calyrex
|-boost|p1b: Calyrex|spa|2
|move|p1a: Zamazenta|Heavy Slam|p2a: Eternatus
|-supereffective|p2a: Eternatus
|-damage|p2a: Eternatus|54/100
|move|p2a: Eternatus|Recover|p2a: Eternatus
|-heal|p2a: Eternatus|100/100
|
|-weather|none
|upkeep
|turn|10
|
|t:|1750881926
|move|p1b: Calyrex|Psychic|p2a: Eternatus
|-crit|p2a: Eternatus
|-damage|p2a: Eternatus|0 fnt
|faint|p2a: Eternatus
|-damage|p1b: Calyrex|8/100|[from] item: Life Orb
|
|win|FlyAwayVGC
|raw|FlyAwayVGC's rating: 1593 &rarr; <strong>1618</strong><br />(+25 for winning)
|raw|WeWantBreathOfFire's rating: 1681 &rarr; <strong>1656</strong><br />(-25 for losing)
|l|☆FlyAwayVGC
|player|p1|
|l|☆WeWantBreathOfFire
|player|p2|
|l| 1TrickRoom
