|j|☆bimbo mafioso
|j|☆ChaosTenma
|t:|1750764050
|gametype|doubles
|player|p1|bimbo mafioso|swimmerf|1574
|player|p2|ChaosTenma|red|1630
|teamsize|p1|6
|teamsize|p2|6
|gen|9
|tier|[Gen 9] VGC 2025 Reg I
|rated|
|rule|Species Clause: Limit one of each Pokémon
|rule|Item Clause: Limit 1 of each item
|clearpoke
|poke|p1|Urshifu-*, L50, M|
|poke|p1|Rillaboom, L50, M|
|poke|p1|Incineroar, L50, M|
|poke|p1|Zamazenta-*, L50|
|poke|p1|Ogerpon-Cornerstone, L50, F|
|poke|p1|Calyrex-Shadow, L50|
|poke|p2|Incineroar, L50, M|
|poke|p2|Grimmsnarl, L50, M|
|poke|p2|Urshifu-*, L50, M|
|poke|p2|Calyrex-Ice, L50|
|poke|p2|Miraidon, L50|
|poke|p2|Sinistcha, L50|
|teampreview|4
|inactive|Battle timer is ON: inactive players will automatically lose when time's up. (requested by bimbo mafioso)
|
|t:|1750764077
|start
|switch|p1a: Incineroar|Incineroar, L50, M|100/100
|switch|p1b: Calyrex|Calyrex-Shadow, L50|100/100
|switch|p2a: Grimmsnarl|Grimmsnarl, L50, M|100/100
|switch|p2b: Incineroar|Incineroar, L50, M|100/100
|-ability|p1b: Calyrex|As One
|-ability|p1b: Calyrex|Unnerve
|-ability|p2b: Incineroar|Intimidate|boost
|-unboost|p1a: Incineroar|atk|1
|-unboost|p1b: Calyrex|atk|1
|-ability|p1a: Incineroar|Intimidate|boost
|-unboost|p2a: Grimmsnarl|atk|1
|-unboost|p2b: Incineroar|atk|1
|turn|1
|inactive|ChaosTenma has 30 seconds left.
|
|t:|1750764110
|switch|p1b: Zamazenta|Zamazenta-Crowned, L50|100/100
|-ability|p1b: Zamazenta|Dauntless Shield|boost
|-boost|p1b: Zamazenta|def|1
|move|p2a: Grimmsnarl|Light Screen|p2a: Grimmsnarl
|-sidestart|p2: ChaosTenma|move: Light Screen
|move|p2b: Incineroar|Knock Off|p1a: Incineroar
|-resisted|p1a: Incineroar
|-damage|p1a: Incineroar|89/100
|-damage|p2b: Incineroar|84/100|[from] item: Rocky Helmet|[of] p1a: Incineroar
|-enditem|p1a: Incineroar|Rocky Helmet|[from] move: Knock Off|[of] p2b: Incineroar
|move|p1a: Incineroar|Parting Shot|p2b: Incineroar
|-unboost|p2b: Incineroar|atk|1
|-unboost|p2b: Incineroar|spa|1
|
|t:|1750764120
|switch|p1a: Calyrex|Calyrex-Shadow, L50|100/100|[from] Parting Shot
|-ability|p1a: Calyrex|As One
|-ability|p1a: Calyrex|Unnerve
|
|upkeep
|turn|2
|inactive|ChaosTenma has 30 seconds left.
|
|t:|1750764148
|switch|p1a: Incineroar|Incineroar, L50, M|89/100
|-ability|p1a: Incineroar|Intimidate|boost
|-unboost|p2a: Grimmsnarl|atk|1
|-unboost|p2b: Incineroar|atk|1
|move|p2a: Grimmsnarl|Reflect|p2a: Grimmsnarl
|-sidestart|p2: ChaosTenma|Reflect
|move|p1b: Zamazenta|Heavy Slam|p2a: Grimmsnarl
|-supereffective|p2a: Grimmsnarl
|-damage|p2a: Grimmsnarl|29/100
|move|p2b: Incineroar|U-turn|p1a: Incineroar
|-damage|p1a: Incineroar|82/100
|
|t:|1750764159
|switch|p2b: Calyrex|Calyrex-Ice, L50|100/100|[from] U-turn
|-ability|p2b: Calyrex|As One
|-ability|p2b: Calyrex|Unnerve
|
|upkeep
|turn|3
|
|t:|1750764172
|switch|p2a: Incineroar|Incineroar, L50, M|84/100
|-ability|p2a: Incineroar|Intimidate|boost
|-unboost|p1a: Incineroar|atk|1
|-unboost|p1b: Zamazenta|atk|1
|move|p2b: Calyrex|Protect|p2b: Calyrex
|-singleturn|p2b: Calyrex|Protect
|move|p1b: Zamazenta|Body Press|p2b: Calyrex
|-activate|p2b: Calyrex|move: Protect
|move|p1a: Incineroar|Knock Off|p2b: Calyrex
|-activate|p2b: Calyrex|move: Protect
|
|upkeep
|turn|4
|
|t:|1750764189
|move|p1b: Zamazenta|Protect|p1b: Zamazenta
|-singleturn|p1b: Zamazenta|Protect
|move|p2a: Incineroar|Fake Out|p1a: Incineroar
|-damage|p1a: Incineroar|73/100
|cant|p1a: Incineroar|flinch
|move|p2b: Calyrex|Leech Seed|p1b: Zamazenta
|-activate|p1b: Zamazenta|move: Protect
|
|upkeep
|turn|5
|
|t:|1750764213
|switch|p2a: Miraidon|Miraidon, L50|100/100
|-fieldstart|move: Electric Terrain|[from] ability: Hadron Engine|[of] p2a: Miraidon
|move|p1b: Zamazenta|Body Press|p2a: Miraidon
|-damage|p2a: Miraidon|57/100
|move|p1a: Incineroar|Knock Off|p2b: Calyrex
|-supereffective|p2b: Calyrex
|-damage|p2b: Calyrex|78/100
|-enditem|p2b: Calyrex|Leftovers|[from] move: Knock Off|[of] p1a: Incineroar
|move|p2b: Calyrex|Leech Seed|p1b: Zamazenta
|-start|p1b: Zamazenta|move: Leech Seed
|
|-damage|p1b: Zamazenta|88/100|[from] Leech Seed|[of] p2b: Calyrex
|-heal|p2b: Calyrex|90/100|[silent]
|upkeep
|turn|6
|inactive|ChaosTenma has 30 seconds left.
|
|t:|1750764239
|switch|p1a: Rillaboom|Rillaboom, L50, M|100/100
|-fieldstart|move: Grassy Terrain|[from] ability: Grassy Surge|[of] p1a: Rillaboom
|move|p1b: Zamazenta|Wide Guard|p1b: Zamazenta
|-singleturn|p1b: Zamazenta|Wide Guard
|move|p2a: Miraidon|Volt Switch|p1a: Rillaboom
|-resisted|p1a: Rillaboom
|-damage|p1a: Rillaboom|81/100
|
|t:|1750764250
|switch|p2a: Incineroar|Incineroar, L50, M|84/100|[from] Volt Switch
|-ability|p2a: Incineroar|Intimidate|boost
|-unboost|p1a: Rillaboom|atk|1
|-unboost|p1b: Zamazenta|atk|1
|move|p2b: Calyrex|Trick Room|p2b: Calyrex
|-fieldstart|move: Trick Room|[of] p2b: Calyrex
|
|-heal|p2b: Calyrex|96/100|[from] Grassy Terrain
|-heal|p2a: Incineroar|90/100|[from] Grassy Terrain
|-heal|p1a: Rillaboom|87/100|[from] Grassy Terrain
|-heal|p1b: Zamazenta|94/100|[from] Grassy Terrain
|-damage|p1b: Zamazenta|82/100|[from] Leech Seed|[of] p2b: Calyrex
|-heal|p2b: Calyrex|100/100|[silent]
|upkeep
|turn|7
|
|t:|1750764267
|switch|p1a: Incineroar|Incineroar, L50, M|73/100
|-ability|p1a: Incineroar|Intimidate|boost
|-unboost|p2a: Incineroar|atk|1
|-unboost|p2b: Calyrex|atk|1
|move|p2b: Calyrex|Glacial Lance|p1b: Zamazenta|[spread] p1a,p1b
|-resisted|p1a: Incineroar
|-resisted|p1b: Zamazenta
|-damage|p1a: Incineroar|56/100
|-damage|p1b: Zamazenta|74/100
|move|p2a: Incineroar|Flare Blitz|p1a: Incineroar
|-resisted|p1a: Incineroar
|-damage|p1a: Incineroar|42/100
|-damage|p2a: Incineroar|85/100|[from] Recoil
|move|p1b: Zamazenta|Body Press|p2a: Incineroar
|-supereffective|p2a: Incineroar
|-damage|p2a: Incineroar|7/100
|
|-heal|p1a: Incineroar|48/100|[from] Grassy Terrain
|-heal|p2a: Incineroar|13/100|[from] Grassy Terrain
|-heal|p1b: Zamazenta|80/100|[from] Grassy Terrain
|-damage|p1b: Zamazenta|67/100|[from] Leech Seed|[of] p2b: Calyrex
|upkeep
|turn|8
|inactive|bimbo mafioso has 30 seconds left.
|inactive|ChaosTenma has 30 seconds left.
|inactive|ChaosTenma has 20 seconds left.
|
|t:|1750764304
|switch|p2a: Grimmsnarl|Grimmsnarl, L50, M|29/100
|move|p2b: Calyrex|Leech Seed|p1a: Incineroar
|-start|p1a: Incineroar|move: Leech Seed
|move|p1a: Incineroar|Knock Off|p2a: Grimmsnarl
|-resisted|p2a: Grimmsnarl
|-damage|p2a: Grimmsnarl|23/100
|-enditem|p2a: Grimmsnarl|Light Clay|[from] move: Knock Off|[of] p1a: Incineroar
|move|p1b: Zamazenta|Body Press|p2a: Grimmsnarl
|-damage|p2a: Grimmsnarl|0 fnt
|faint|p2a: Grimmsnarl
|
|-heal|p1a: Incineroar|53/100|[from] Grassy Terrain
|-heal|p1b: Zamazenta|73/100|[from] Grassy Terrain
|-damage|p1a: Incineroar|41/100|[from] Leech Seed|[of] p2b: Calyrex
|-damage|p1b: Zamazenta|61/100|[from] Leech Seed|[of] p2b: Calyrex
|-sideend|p2: ChaosTenma|move: Light Screen
|upkeep
|
|t:|1750764322
|switch|p2a: Miraidon|Miraidon, L50|57/100
|-fieldstart|move: Electric Terrain|[from] ability: Hadron Engine|[of] p2a: Miraidon
|turn|9
|
|t:|1750764333
|move|p1b: Zamazenta|Wide Guard|p1b: Zamazenta
|-singleturn|p1b: Zamazenta|Wide Guard
|move|p2b: Calyrex|Glacial Lance|p1a: Incineroar|[spread] 
|-activate|p1a: Incineroar|move: Wide Guard
|-activate|p1b: Zamazenta|move: Wide Guard
|move|p1a: Incineroar|Parting Shot|p2a: Miraidon
|-unboost|p2a: Miraidon|atk|1
|-unboost|p2a: Miraidon|spa|1
|
|t:|1750764341
|switch|p1a: Rillaboom|Rillaboom, L50, M|87/100|[from] Parting Shot
|-fieldstart|move: Grassy Terrain|[from] ability: Grassy Surge|[of] p1a: Rillaboom
|move|p2a: Miraidon|Volt Switch|p1b: Zamazenta
|-damage|p1b: Zamazenta|32/100
|
|t:|1750764350
|switch|p2a: Incineroar|Incineroar, L50, M|13/100|[from] Volt Switch
|-ability|p2a: Incineroar|Intimidate|boost
|-unboost|p1a: Rillaboom|atk|1
|-unboost|p1b: Zamazenta|atk|1
|
|-heal|p2a: Incineroar|18/100|[from] Grassy Terrain
|-heal|p1a: Rillaboom|93/100|[from] Grassy Terrain
|-heal|p1b: Zamazenta|38/100|[from] Grassy Terrain
|-damage|p1b: Zamazenta|26/100|[from] Leech Seed|[of] p2b: Calyrex
|-sideend|p2: ChaosTenma|Reflect
|upkeep
|turn|10
|
|t:|1750764364
|switch|p1a: Incineroar|Incineroar, L50, M|41/100
|-ability|p1a: Incineroar|Intimidate|boost
|-unboost|p2a: Incineroar|atk|1
|-unboost|p2b: Calyrex|atk|1
|move|p2a: Incineroar|Fake Out|p1b: Zamazenta
|-resisted|p1b: Zamazenta
|-damage|p1b: Zamazenta|24/100
|move|p2b: Calyrex|Glacial Lance|p1b: Zamazenta|[spread] p1a,p1b
|-resisted|p1a: Incineroar
|-resisted|p1b: Zamazenta
|-crit|p1b: Zamazenta
|-damage|p1a: Incineroar|29/100
|-damage|p1b: Zamazenta|1/100
|cant|p1b: Zamazenta|flinch
|
|-heal|p1a: Incineroar|35/100|[from] Grassy Terrain
|-heal|p2a: Incineroar|24/100|[from] Grassy Terrain
|-heal|p1b: Zamazenta|7/100|[from] Grassy Terrain
|-damage|p1b: Zamazenta|0 fnt|[from] Leech Seed|[of] p2b: Calyrex
|faint|p1b: Zamazenta
|-fieldend|move: Trick Room
|upkeep
|
|t:|1750764374
|switch|p1b: Calyrex|Calyrex-Shadow, L50|100/100
|-ability|p1b: Calyrex|As One
|-ability|p1b: Calyrex|Unnerve
|turn|11
|
|t:|1750764398
|-terastallize|p2b: Calyrex|Dragon
|move|p1a: Incineroar|Helping Hand|p1b: Calyrex
|-singleturn|p1b: Calyrex|Helping Hand|[of] p1a: Incineroar
|move|p1b: Calyrex|Astral Barrage|p2b: Calyrex|[spread] p2a,p2b
|-resisted|p2a: Incineroar
|-damage|p2a: Incineroar|0 fnt
|-damage|p2b: Calyrex|33/100
|faint|p2a: Incineroar
|-ability|p1b: Calyrex|Grim Neigh|boost
|-boost|p1b: Calyrex|spa|1
|-damage|p1b: Calyrex|91/100|[from] item: Life Orb
|move|p2b: Calyrex|Trick Room|p2b: Calyrex
|-fieldstart|move: Trick Room|[of] p2b: Calyrex
|
|-heal|p2b: Calyrex|40/100|[from] Grassy Terrain
|-heal|p1a: Incineroar|41/100|[from] Grassy Terrain
|-heal|p1b: Calyrex|97/100|[from] Grassy Terrain
|upkeep
|
|t:|1750764414
|switch|p2a: Miraidon|Miraidon, L50|57/100
|-fieldstart|move: Electric Terrain|[from] ability: Hadron Engine|[of] p2a: Miraidon
|turn|12
|
|t:|1750764423
|move|p1b: Calyrex|Protect|p1b: Calyrex
|-singleturn|p1b: Calyrex|Protect
|move|p2b: Calyrex|Glacial Lance|p1a: Incineroar|[spread] p1a
|-activate|p1b: Calyrex|move: Protect
|-resisted|p1a: Incineroar
|-damage|p1a: Incineroar|28/100
|move|p1a: Incineroar|Parting Shot|p2a: Miraidon
|-unboost|p2a: Miraidon|atk|1
|-unboost|p2a: Miraidon|spa|1
|
|t:|1750764430
|switch|p1a: Rillaboom|Rillaboom, L50, M|93/100|[from] Parting Shot
|-fieldstart|move: Grassy Terrain|[from] ability: Grassy Surge|[of] p1a: Rillaboom
|move|p2a: Miraidon|Electro Drift|p1b: Calyrex
|-activate|p1b: Calyrex|move: Protect
|
|-heal|p2b: Calyrex|46/100|[from] Grassy Terrain
|-heal|p1a: Rillaboom|99/100|[from] Grassy Terrain
|-heal|p2a: Miraidon|63/100|[from] Grassy Terrain
|-heal|p1b: Calyrex|100/100|[from] Grassy Terrain
|upkeep
|turn|13
|c|☆bimbo mafioso|gg brother
|
|t:|1750764445
|move|p1a: Rillaboom|Fake Out|p2b: Calyrex
|-damage|p2b: Calyrex|36/100
|cant|p2b: Calyrex|flinch
|move|p2a: Miraidon|Electro Drift|p1b: Calyrex
|-damage|p1b: Calyrex|48/100
|move|p1b: Calyrex|Astral Barrage|p2a: Miraidon|[spread] p2a,p2b
|-damage|p2a: Miraidon|0 fnt
|-damage|p2b: Calyrex|0 fnt
|faint|p2a: Miraidon
|faint|p2b: Calyrex
|-damage|p1b: Calyrex|39/100|[from] item: Life Orb
|
|win|bimbo mafioso
|raw|bimbo mafioso's rating: 1574 &rarr; <strong>1597</strong><br />(+23 for winning)
|raw|ChaosTenma's rating: 1630 &rarr; <strong>1607</strong><br />(-23 for losing)
|c|☆ChaosTenma|Ok
