|j|☆Prometheus756
|j|☆InekoAki
|t:|1750781010
|gametype|doubles
|player|p1|Prometheus756|gentleman-gen4dp|1505
|player|p2|InekoAki|lady|1648
|teamsize|p1|6
|teamsize|p2|6
|gen|9
|tier|[Gen 9] VGC 2025 Reg I
|rated|
|rule|Species Clause: Limit one of each Pokémon
|rule|Item Clause: Limit 1 of each item
|clearpoke
|poke|p1|Calyrex-Ice, L50|
|poke|p1|Incineroar, L50, F|
|poke|p1|Smeargle, L50, M|
|poke|p1|Entei, L50|
|poke|p1|Raging Bolt, L50|
|poke|p1|Miraidon, L50|
|poke|p2|Calyrex-Shadow, L50|
|poke|p2|Zamazenta-*, L50|
|poke|p2|Chien-Pao, L50|
|poke|p2|Raging Bolt, L50|
|poke|p2|Rillaboom, L50, M|
|poke|p2|Entei, L50|
|teampreview|4
|inactive|Battle timer is ON: inactive players will automatically lose when time's up. (requested by Prometheus756)
|inactive|Prometheus756 has 60 seconds left.
|inactive|InekoAki has 60 seconds left.
|
|t:|1750781068
|start
|switch|p1a: Entei|Entei, L50|100/100
|switch|p1b: Incineroar|Incineroar, L50, F|100/100
|switch|p2a: Calyrex|Calyrex-Shadow, L50|100/100
|switch|p2b: Zamazenta|Zamazenta-Crowned, L50|100/100
|-ability|p2a: Calyrex|As One
|-ability|p2a: Calyrex|Unnerve
|-ability|p2b: Zamazenta|Dauntless Shield|boost
|-boost|p2b: Zamazenta|def|1
|-ability|p1b: Incineroar|Intimidate|boost
|-unboost|p2a: Calyrex|atk|1
|-unboost|p2b: Zamazenta|atk|1
|turn|1
|inactive|Prometheus756 has 30 seconds left.
|inactive|Prometheus756 has 20 seconds left.
|inactive|Prometheus756 has 15 seconds left.
|
|t:|1750781110
|move|p2a: Calyrex|Protect|p2a: Calyrex
|-singleturn|p2a: Calyrex|Protect
|move|p2b: Zamazenta|Protect|p2b: Zamazenta
|-singleturn|p2b: Zamazenta|Protect
|move|p1b: Incineroar|Fake Out|p2b: Zamazenta
|-activate|p2b: Zamazenta|move: Protect
|move|p1a: Entei|Crunch|p2a: Calyrex
|-activate|p2a: Calyrex|move: Protect
|
|upkeep
|turn|2
|inactive|InekoAki has 30 seconds left.
|
|t:|1750781135
|switch|p2a: Chien-Pao|Chien-Pao, L50|100/100
|-ability|p2a: Chien-Pao|Sword of Ruin
|move|p2b: Zamazenta|Body Press|p1b: Incineroar
|-supereffective|p1b: Incineroar
|-crit|p1b: Incineroar
|-damage|p1b: Incineroar|0 fnt
|faint|p1b: Incineroar
|move|p1a: Entei|Crunch|p2a: Chien-Pao
|-resisted|p2a: Chien-Pao
|-damage|p2a: Chien-Pao|72/100
|
|upkeep
|
|t:|1750781147
|switch|p1b: Miraidon|Miraidon, L50|100/100
|-fieldstart|move: Electric Terrain|[from] ability: Hadron Engine|[of] p1b: Miraidon
|turn|3
|inactive|InekoAki has 30 seconds left.
|inactive|InekoAki has 20 seconds left.
|inactive|InekoAki has 15 seconds left.
|
|t:|1750781189
|switch|p1a: Raging Bolt|Raging Bolt, L50|100/100
|-enditem|p1a: Raging Bolt|Booster Energy
|-activate|p1a: Raging Bolt|ability: Protosynthesis|[fromitem]
|-start|p1a: Raging Bolt|protosynthesisspa
|-terastallize|p1b: Miraidon|Fairy
|-terastallize|p2b: Zamazenta|Dragon
|move|p2a: Chien-Pao|Protect|p2a: Chien-Pao
|-singleturn|p2a: Chien-Pao|Protect
|move|p1b: Miraidon|Volt Switch|p2b: Zamazenta
|-resisted|p2b: Zamazenta
|-damage|p2b: Zamazenta|67/100
|
|t:|1750781203
|switch|p1b: Entei|Entei, L50|100/100|[from] Volt Switch
|move|p2b: Zamazenta|Behemoth Bash|p1b: Entei
|-resisted|p1b: Entei
|-damage|p1b: Entei|84/100
|
|upkeep
|turn|4
|
|t:|1750781228
|move|p2a: Chien-Pao|Ice Shard|p1a: Raging Bolt
|-supereffective|p1a: Raging Bolt
|-damage|p1a: Raging Bolt|33/100
|-damage|p2a: Chien-Pao|63/100|[from] item: Life Orb
|move|p2b: Zamazenta|Body Press|p1a: Raging Bolt
|-damage|p1a: Raging Bolt|0 fnt
|faint|p1a: Raging Bolt
|-end|p1a: Raging Bolt|Protosynthesis|[silent]
|move|p1b: Entei|Sacred Fire|p2a: Chien-Pao
|-supereffective|p2a: Chien-Pao
|-damage|p2a: Chien-Pao|0 fnt
|faint|p2a: Chien-Pao
|
|upkeep
|
|t:|1750781243
|switch|p2a: Calyrex|Calyrex-Shadow, L50|100/100
|switch|p1a: Miraidon|Miraidon, L50, tera:Fairy|100/100
|-ability|p2a: Calyrex|As One
|-ability|p2a: Calyrex|Unnerve
|-activate|p1a: Miraidon|ability: Hadron Engine
|turn|5
|
|t:|1750781264
|move|p2a: Calyrex|Astral Barrage|p1a: Miraidon|[spread] p1a,p1b
|-damage|p1a: Miraidon|50/100
|-damage|p1b: Entei|27/100
|move|p1a: Miraidon|Dazzling Gleam|p2a: Calyrex|[spread] p2a,p2b
|-supereffective|p2b: Zamazenta
|-damage|p2a: Calyrex|34/100
|-damage|p2b: Zamazenta|0 fnt
|faint|p2b: Zamazenta
|move|p1b: Entei|Sacred Fire|p2a: Calyrex
|-damage|p2a: Calyrex|0 fnt
|faint|p2a: Calyrex
|
|upkeep
|
|t:|1750781280
|switch|p2a: Entei|Entei, L50|100/100
|turn|6
|
|t:|1750781285
|move|p2a: Entei|Extreme Speed|p1a: Miraidon
|-damage|p1a: Miraidon|7/100
|move|p1a: Miraidon|Dazzling Gleam|p2a: Entei
|-resisted|p2a: Entei
|-damage|p2a: Entei|58/100
|move|p1b: Entei|Sacred Fire|p2a: Entei
|-resisted|p2a: Entei
|-damage|p2a: Entei|19/100
|
|upkeep
|turn|7
|
|t:|1750781296
|move|p2a: Entei|Extreme Speed|p1a: Miraidon
|-damage|p1a: Miraidon|0 fnt
|faint|p1a: Miraidon
|move|p1b: Entei|Sacred Fire|p2a: Entei
|-resisted|p2a: Entei
|-damage|p2a: Entei|0 fnt
|faint|p2a: Entei
|
|win|Prometheus756
|raw|Prometheus756's rating: 1505 &rarr; <strong>1533</strong><br />(+28 for winning)
|raw|InekoAki's rating: 1648 &rarr; <strong>1620</strong><br />(-28 for losing)
|c|☆Prometheus756|Gg
|c|☆Prometheus756|specs and band there
|l|☆Prometheus756
|player|p1|
