|j|☆ConnerTEP
|j|☆AryaNarayanYadavji
|t:|1750836368
|gametype|doubles
|player|p1|ConnerTEP|acerola-masters2|1207
|player|p2|AryaNarayanYadavji|170|1279
|teamsize|p1|6
|teamsize|p2|6
|gen|9
|tier|[Gen 9] VGC 2025 Reg I
|rated|
|rule|Species Clause: Limit one of each Pokémon
|rule|Item Clause: Limit 1 of each item
|clearpoke
|poke|p1|Groudon, L50|
|poke|p1|Miraidon, L50|
|poke|p1|Entei, L50|
|poke|p1|Whimsicott, L50, M|
|poke|p1|Flutter Mane, L50|
|poke|p1|Volcarona, L50, M|
|poke|p2|Calyrex-Shadow, L50|
|poke|p2|Zamazenta-*, L50|
|poke|p2|Urshifu-*, L50, M|
|poke|p2|Tornadus, L50, M|
|poke|p2|Rillaboom, L50, M|
|poke|p2|Chien-Pao, L50|
|teampreview|4
|inactive|Battle timer is ON: inactive players will automatically lose when time's up. (requested by ConnerTEP)
|inactive|AryaNarayanYadavji also wants the timer to be on.
|inactive|ConnerTEP has 60 seconds left.
|inactive|AryaNarayanYadavji has 60 seconds left.
|
|t:|1750836419
|start
|switch|p1a: Miraidon|Miraidon, L50|100/100
|switch|p1b: Volcarona|Volcarona, L50, M|100/100
|switch|p2a: Zamazenta|Zamazenta-Crowned, L50|100/100
|switch|p2b: Tornadus|Tornadus, L50, M, shiny|100/100
|-ability|p2a: Zamazenta|Dauntless Shield|boost
|-boost|p2a: Zamazenta|def|1
|-fieldstart|move: Electric Terrain|[from] ability: Hadron Engine|[of] p1a: Miraidon
|-enditem|p1b: Volcarona|Electric Seed
|-boost|p1b: Volcarona|def|1|[from] item: Electric Seed
|turn|1
|inactive|AryaNarayanYadavji has 30 seconds left.
|
|t:|1750836445
|switch|p2a: Rillaboom|Rillaboom, L50, M, shiny|100/100
|-fieldstart|move: Grassy Terrain|[from] ability: Grassy Surge|[of] p2a: Rillaboom
|move|p2b: Tornadus|Tailwind|p2b: Tornadus
|-sidestart|p2: AryaNarayanYadavji|move: Tailwind
|move|p1a: Miraidon|Volt Switch|p2b: Tornadus
|-supereffective|p2b: Tornadus
|-damage|p2b: Tornadus|0 fnt
|faint|p2b: Tornadus
|
|t:|1750836454
|switch|p1a: Groudon|Groudon, L50|100/100|[from] Volt Switch
|-weather|SunnyDay|[from] ability: Drought|[of] p1a: Groudon
|move|p1b: Volcarona|Will-O-Wisp|p2a: Rillaboom
|-status|p2a: Rillaboom|brn
|
|-weather|SunnyDay|[upkeep]
|-damage|p2a: Rillaboom|95/100 brn|[from] brn
|upkeep
|inactive|AryaNarayanYadavji has 30 seconds left.
|
|t:|1750836484
|switch|p2b: Calyrex|Calyrex-Shadow, L50|100/100
|-ability|p2b: Calyrex|As One
|-ability|p2b: Calyrex|Unnerve
|turn|2
|
|t:|1750836496
|-terastallize|p2b: Calyrex|Ghost
|-terastallize|p1a: Groudon|Fire
|move|p2a: Rillaboom|Fake Out|p1a: Groudon
|-damage|p1a: Groudon|96/100
|move|p2b: Calyrex|Astral Barrage|p1b: Volcarona|[spread] p1a,p1b
|-damage|p1a: Groudon|39/100
|-damage|p1b: Volcarona|42/100
|move|p1b: Volcarona|Struggle Bug|p2a: Rillaboom|[spread] p2a,p2b
|-supereffective|p2a: Rillaboom
|-resisted|p2b: Calyrex
|-damage|p2a: Rillaboom|74/100 brn
|-damage|p2b: Calyrex|92/100
|-unboost|p2a: Rillaboom|spa|1
|-unboost|p2b: Calyrex|spa|1
|cant|p1a: Groudon|flinch
|
|-weather|SunnyDay|[upkeep]
|-heal|p2b: Calyrex|98/100|[from] Grassy Terrain
|-heal|p2a: Rillaboom|80/100 brn|[from] Grassy Terrain
|-heal|p1b: Volcarona|48/100|[from] Grassy Terrain
|-heal|p1a: Groudon|45/100|[from] Grassy Terrain
|-damage|p2a: Rillaboom|74/100 brn|[from] brn
|upkeep
|turn|3
|inactive|ConnerTEP has 30 seconds left.
|inactive|AryaNarayanYadavji has 30 seconds left.
|inactive|ConnerTEP has 20 seconds left.
|inactive|ConnerTEP has 15 seconds left.
|inactive|AryaNarayanYadavji has 20 seconds left.
|inactive|ConnerTEP has 10 seconds left.
|inactive|ConnerTEP has 5 seconds left.
|
|t:|1750836546
|move|p1a: Groudon|Protect|p1a: Groudon
|-singleturn|p1a: Groudon|Protect
|move|p2a: Rillaboom|Grassy Glide|p1a: Groudon
|-activate|p1a: Groudon|move: Protect
|move|p2b: Calyrex|Astral Barrage|p1b: Volcarona|[spread] p1b
|-activate|p1a: Groudon|move: Protect
|-damage|p1b: Volcarona|10/100
|move|p1b: Volcarona|Struggle Bug|p2b: Calyrex|[spread] p2a,p2b
|-supereffective|p2a: Rillaboom
|-resisted|p2b: Calyrex
|-damage|p2a: Rillaboom|53/100 brn
|-damage|p2b: Calyrex|90/100
|-unboost|p2a: Rillaboom|spa|1
|-unboost|p2b: Calyrex|spa|1
|
|-weather|SunnyDay|[upkeep]
|-heal|p2b: Calyrex|96/100|[from] Grassy Terrain
|-heal|p2a: Rillaboom|59/100 brn|[from] Grassy Terrain
|-heal|p1b: Volcarona|16/100|[from] Grassy Terrain
|-heal|p1a: Groudon|51/100|[from] Grassy Terrain
|-damage|p2a: Rillaboom|53/100 brn|[from] brn
|upkeep
|turn|4
|
|t:|1750836569
|move|p2a: Rillaboom|Grassy Glide|p1a: Groudon
|-resisted|p1a: Groudon
|-damage|p1a: Groudon|45/100
|move|p2b: Calyrex|Astral Barrage|p1b: Volcarona|[spread] p1a,p1b
|-damage|p1a: Groudon|14/100
|-damage|p1b: Volcarona|0 fnt
|faint|p1b: Volcarona
|-ability|p2b: Calyrex|Grim Neigh|boost
|-boost|p2b: Calyrex|spa|1
|move|p1a: Groudon|Heat Crash|p2b: Calyrex
|-damage|p2b: Calyrex|0 fnt
|faint|p2b: Calyrex
|
|-weather|SunnyDay|[upkeep]
|-heal|p2a: Rillaboom|59/100 brn|[from] Grassy Terrain
|-heal|p1a: Groudon|20/100|[from] Grassy Terrain
|-damage|p2a: Rillaboom|53/100 brn|[from] brn
|-sideend|p2: AryaNarayanYadavji|move: Tailwind
|upkeep
|
|t:|1750836591
|switch|p2b: Zamazenta|Zamazenta-Crowned, L50|100/100
|switch|p1b: Entei|Entei, L50|100/100
|turn|5
|inactive|AryaNarayanYadavji has 30 seconds left.
|inactive|AryaNarayanYadavji has 20 seconds left.
|
|t:|1750836627
|move|p1a: Groudon|Helping Hand|p1b: Entei
|-singleturn|p1b: Entei|Helping Hand|[of] p1a: Groudon
|move|p1b: Entei|Eruption|p2a: Rillaboom|[spread] p2a,p2b
|-supereffective|p2a: Rillaboom
|-supereffective|p2b: Zamazenta
|-damage|p2a: Rillaboom|0 fnt
|-damage|p2b: Zamazenta|0 fnt
|faint|p2a: Rillaboom
|faint|p2b: Zamazenta
|
|win|ConnerTEP
|raw|ConnerTEP's rating: 1207 &rarr; <strong>1237</strong><br />(+30 for winning)
|raw|AryaNarayanYadavji's rating: 1279 &rarr; <strong>1249</strong><br />(-30 for losing)
|l|☆AryaNarayanYadavji
|player|p2|
