|j|☆ApoVGC
|j|☆wiranVGC
|t:|1750860500
|gametype|doubles
|player|p1|ApoVGC|2|1491
|player|p2|wiranVGC|silver|1386
|teamsize|p1|6
|teamsize|p2|6
|gen|9
|tier|[Gen 9] VGC 2025 Reg I
|rated|
|rule|Species Clause: Limit one of each Pokémon
|rule|Item Clause: Limit 1 of each item
|clearpoke
|poke|p1|Groudon, L50|
|poke|p1|Calyrex-Shadow, L50|
|poke|p1|Sableye, L50, F|
|poke|p1|Chi-Yu, L50|
|poke|p1|Ogerpon-Cornerstone, L50, F|
|poke|p1|Walking Wake, L50|
|poke|p2|Groudon, L50|
|poke|p2|Whimsicott, L50, F|
|poke|p2|Raging Bolt, L50|
|poke|p2|Zamazenta-*, L50|
|poke|p2|Ogerpon-Hearthflame, L50, F|
|poke|p2|Rillaboom, L50, M|
|teampreview|4
|inactive|Battle timer is ON: inactive players will automatically lose when time's up. (requested by wiranVGC)
|c|☆wiranVGC|Jajajaja
|inactive|ApoVGC has 60 seconds left.
|inactive|wiranVGC has 60 seconds left.
|c|☆ApoVGC|Jajajaja
|
|t:|1750860548
|start
|switch|p1a: Chi-Yu|Chi-Yu, L50|100/100
|switch|p1b: Groudon|Groudon, L50|100/100
|switch|p2a: Whimsicott|Whimsicott, L50, F|100/100
|switch|p2b: Raging Bolt|Raging Bolt, L50|100/100
|-ability|p1a: Chi-Yu|Beads of Ruin
|-weather|SunnyDay|[from] ability: Drought|[of] p1b: Groudon
|-activate|p2b: Raging Bolt|ability: Protosynthesis
|-start|p2b: Raging Bolt|protosynthesisspa
|turn|1
|inactive|wiranVGC has 30 seconds left.
|
|t:|1750860579
|move|p2a: Whimsicott|Tailwind|p2a: Whimsicott
|-sidestart|p2: wiranVGC|move: Tailwind
|move|p1a: Chi-Yu|Heat Wave|p2b: Raging Bolt|[spread] p2a,p2b
|-supereffective|p2a: Whimsicott
|-resisted|p2b: Raging Bolt
|-damage|p2a: Whimsicott|0 fnt
|-damage|p2b: Raging Bolt|82/100
|faint|p2a: Whimsicott
|move|p2b: Raging Bolt|Thunderbolt|p1a: Chi-Yu
|-damage|p1a: Chi-Yu|40/100
|move|p1b: Groudon|Precipice Blades|p2b: Raging Bolt
|-supereffective|p2b: Raging Bolt
|-damage|p2b: Raging Bolt|0 fnt
|faint|p2b: Raging Bolt
|-end|p2b: Raging Bolt|Protosynthesis|[silent]
|
|-weather|SunnyDay|[upkeep]
|upkeep
|
|t:|1750860584
|switch|p2a: Groudon|Groudon, L50|100/100
|switch|p2b: Zamazenta|Zamazenta-Crowned, L50|100/100
|-ability|p2b: Zamazenta|Dauntless Shield|boost
|-boost|p2b: Zamazenta|def|1
|turn|2
|
|t:|1750860601
|-terastallize|p2b: Zamazenta|Dragon
|move|p1b: Groudon|Protect|p1b: Groudon
|-singleturn|p1b: Groudon|Protect
|move|p2b: Zamazenta|Body Press|p1b: Groudon
|-activate|p1b: Groudon|move: Protect
|move|p1a: Chi-Yu|Heat Wave|p2b: Zamazenta|[spread] p2a,p2b
|-resisted|p2b: Zamazenta
|-damage|p2a: Groudon|19/100
|-damage|p2b: Zamazenta|71/100
|-status|p2a: Groudon|brn
|move|p2a: Groudon|Swords Dance|p2a: Groudon
|-boost|p2a: Groudon|atk|2
|
|-weather|SunnyDay|[upkeep]
|-damage|p2a: Groudon|14/100 brn|[from] brn
|upkeep
|turn|3
|inactive|ApoVGC has 30 seconds left.
|
|t:|1750860635
|switch|p1a: Ogerpon|Ogerpon-Cornerstone, L50, F|100/100
|move|p2b: Zamazenta|Body Press|p1a: Ogerpon
|-supereffective|p1a: Ogerpon
|-ability|p1a: Ogerpon|Sturdy
|-damage|p1a: Ogerpon|1/100
|move|p2a: Groudon|Precipice Blades|p1b: Groudon|[spread] p1a,p1b
|-damage|p1a: Ogerpon|0 fnt
|-damage|p1b: Groudon|66/100
|faint|p1a: Ogerpon
|move|p1b: Groudon|Precipice Blades|p2a: Groudon|[spread] p2a,p2b
|-damage|p2a: Groudon|0 fnt
|-damage|p2b: Zamazenta|54/100
|faint|p2a: Groudon
|
|-weather|SunnyDay|[upkeep]
|upkeep
|
|t:|1750860650
|switch|p1a: Walking Wake|Walking Wake, L50|100/100
|-activate|p1a: Walking Wake|ability: Protosynthesis
|-start|p1a: Walking Wake|protosynthesisspe
|turn|4
|
|t:|1750860660
|switch|p1b: Chi-Yu|Chi-Yu, L50|40/100
|-ability|p1b: Chi-Yu|Beads of Ruin
|move|p1a: Walking Wake|Protect|p1a: Walking Wake
|-singleturn|p1a: Walking Wake|Protect
|move|p2b: Zamazenta|Body Press|p1a: Walking Wake
|-activate|p1a: Walking Wake|move: Protect
|
|-weather|SunnyDay|[upkeep]
|-sideend|p2: wiranVGC|move: Tailwind
|upkeep
|turn|5
|
|t:|1750860676
|move|p1a: Walking Wake|Draco Meteor|p2b: Zamazenta
|-supereffective|p2b: Zamazenta
|-damage|p2b: Zamazenta|0 fnt
|-unboost|p1a: Walking Wake|spa|2
|faint|p2b: Zamazenta
|-damage|p1a: Walking Wake|91/100|[from] item: Life Orb
|
|win|ApoVGC
|raw|ApoVGC's rating: 1491 &rarr; <strong>1505</strong><br />(+14 for winning)
|raw|wiranVGC's rating: 1386 &rarr; <strong>1372</strong><br />(-14 for losing)
|l|☆wiranVGC
|player|p2|
