|j|☆raigonjoy
|j|☆CallMeLexi
|t:|1750822191
|gametype|doubles
|player|p1|raigonjoy|dawn|1450
|player|p2|CallMeLexi|2|1468
|teamsize|p1|6
|teamsize|p2|6
|gen|9
|tier|[Gen 9] VGC 2025 Reg I
|rated|
|rule|Species Clause: Limit one of each Pokémon
|rule|Item Clause: Limit 1 of each item
|clearpoke
|poke|p1|Miraidon, L50|
|poke|p1|Lunala, L50|
|poke|p1|Urshifu-*, L50, F|
|poke|p1|Whimsicott, L50, F|
|poke|p1|Incineroar, L50, F|
|poke|p1|Ursaluna, L50, M|
|poke|p2|Zamazenta-*, L50|
|poke|p2|Calyrex-Shadow, L50|
|poke|p2|Klefki, L50, F|
|poke|p2|Incineroar, L50, F|
|poke|p2|Rillaboom, L50, M|
|poke|p2|Tornadus, L50, M|
|teampreview|4
|inactive|Battle timer is ON: inactive players will automatically lose when time's up. (requested by CallMeLexi)
|inactive|raigonjoy also wants the timer to be on.
|
|t:|1750822216
|start
|switch|p1a: Miraidon|Miraidon, L50|100/100
|switch|p1b: Incineroar|Incineroar, L50, F|100/100
|switch|p2a: Incineroar|Incineroar, L50, F|100/100
|switch|p2b: Calyrex|Calyrex-Shadow, L50|100/100
|-ability|p2b: Calyrex|As One
|-ability|p2b: Calyrex|Unnerve
|-fieldstart|move: Electric Terrain|[from] ability: Hadron Engine|[of] p1a: Miraidon
|-ability|p1b: Incineroar|Intimidate|boost
|-unboost|p2a: Incineroar|atk|1
|-unboost|p2b: Calyrex|atk|1
|-ability|p2a: Incineroar|Intimidate|boost
|-unboost|p1a: Miraidon|atk|1
|-unboost|p1b: Incineroar|atk|1
|turn|1
|inactive|raigonjoy has 30 seconds left.
|inactive|CallMeLexi has 30 seconds left.
|inactive|raigonjoy has 20 seconds left.
|inactive|CallMeLexi has 20 seconds left.
|inactive|CallMeLexi has 15 seconds left.
|
|t:|1750822257
|switch|p2b: Zamazenta|Zamazenta-Crowned, L50|100/100
|-ability|p2b: Zamazenta|Dauntless Shield|boost
|-boost|p2b: Zamazenta|def|1
|-terastallize|p2a: Incineroar|Ghost
|move|p1b: Incineroar|Fake Out|p2a: Incineroar
|-immune|p2a: Incineroar
|move|p2a: Incineroar|Fake Out|p1a: Miraidon
|-damage|p1a: Miraidon|94/100
|cant|p1a: Miraidon|flinch
|
|upkeep
|turn|2
|
|t:|1750822270
|switch|p1b: Lunala|Lunala, L50|100/100
|-enditem|p1b: Lunala|Electric Seed
|-boost|p1b: Lunala|def|1|[from] item: Electric Seed
|move|p1a: Miraidon|Electro Drift|p2b: Zamazenta
|-damage|p2b: Zamazenta|6/100
|move|p2b: Zamazenta|Body Press|p1a: Miraidon
|-damage|p1a: Miraidon|32/100
|move|p2a: Incineroar|Knock Off|p1a: Miraidon
|-damage|p1a: Miraidon|7/100
|-enditem|p1a: Miraidon|Choice Specs|[from] move: Knock Off|[of] p2a: Incineroar
|
|upkeep
|turn|3
|inactive|raigonjoy has 30 seconds left.
|inactive|CallMeLexi has 30 seconds left.
|
|t:|1750822300
|-terastallize|p1b: Lunala|Fairy
|move|p1a: Miraidon|Volt Switch|p2a: Incineroar
|-damage|p2a: Incineroar|54/100
|
|t:|1750822310
|switch|p1a: Incineroar|Incineroar, L50, F|100/100|[from] Volt Switch
|-ability|p1a: Incineroar|Intimidate|boost
|-unboost|p2a: Incineroar|atk|1
|-unboost|p2b: Zamazenta|atk|1
|move|p2b: Zamazenta|Body Press|p1a: Incineroar
|-supereffective|p1a: Incineroar
|-damage|p1a: Incineroar|0 fnt
|faint|p1a: Incineroar
|move|p2a: Incineroar|Taunt|p1b: Lunala
|-start|p1b: Lunala|move: Taunt
|cant|p1b: Lunala|move: Taunt|Trick Room
|
|upkeep
|
|t:|1750822318
|switch|p1a: Miraidon|Miraidon, L50|7/100
|-activate|p1a: Miraidon|ability: Hadron Engine
|turn|4
|
|t:|1750822331
|switch|p1b: Ursaluna|Ursaluna, L50, M|100/100
|switch|p2a: Klefki|Klefki, L50, F|100/100
|move|p1a: Miraidon|Volt Switch|p2b: Zamazenta
|-damage|p2b: Zamazenta|0 fnt
|faint|p2b: Zamazenta
|
|t:|1750822345
|switch|p1a: Lunala|Lunala, L50, tera:Fairy|100/100|[from] Volt Switch
|
|-status|p1b: Ursaluna|brn|[from] item: Flame Orb
|upkeep
|
|t:|1750822364
|switch|p2b: Calyrex|Calyrex-Shadow, L50|100/100
|-ability|p2b: Calyrex|As One
|-ability|p2b: Calyrex|Unnerve
|turn|5
|inactive|CallMeLexi has 30 seconds left.
|inactive|CallMeLexi has 20 seconds left.
|
|t:|1750822403
|switch|p2b: Incineroar|Incineroar, L50, F, tera:Ghost|54/100
|-ability|p2b: Incineroar|Intimidate|boost
|-unboost|p1a: Lunala|atk|1
|-unboost|p1b: Ursaluna|atk|1
|move|p2a: Klefki|Reflect|p2a: Klefki
|-sidestart|p2: CallMeLexi|Reflect
|move|p1b: Ursaluna|Headlong Rush|p2b: Incineroar
|-damage|p2b: Incineroar|13/100
|-unboost|p1b: Ursaluna|def|1
|-unboost|p1b: Ursaluna|spd|1
|-damage|p1b: Ursaluna|84/100 brn|[from] item: Rocky Helmet|[of] p2b: Incineroar
|move|p1a: Lunala|Trick Room|p1a: Lunala
|-fieldstart|move: Trick Room|[of] p1a: Lunala
|
|-damage|p1b: Ursaluna|78/100 brn|[from] brn
|-fieldend|move: Electric Terrain
|upkeep
|turn|6
|inactive|raigonjoy has 30 seconds left.
|
|t:|1750822429
|move|p1b: Ursaluna|Protect|p1b: Ursaluna
|-singleturn|p1b: Ursaluna|Protect
|move|p2b: Incineroar|Fake Out|p1a: Lunala
|-damage|p1a: Lunala|97/100
|move|p2a: Klefki|Light Screen|p2a: Klefki
|-sidestart|p2: CallMeLexi|move: Light Screen
|cant|p1a: Lunala|flinch
|
|-damage|p1b: Ursaluna|72/100 brn|[from] brn
|upkeep
|turn|7
|inactive|CallMeLexi has 30 seconds left.
|inactive|CallMeLexi has 20 seconds left.
|inactive|CallMeLexi has 15 seconds left.
|inactive|CallMeLexi has 10 seconds left.
|
|t:|1750822475
|switch|p1b: Miraidon|Miraidon, L50|7/100
|-fieldstart|move: Electric Terrain|[from] ability: Hadron Engine|[of] p1b: Miraidon
|move|p2a: Klefki|Reflect||[still]
|-fail|p2a: Klefki
|move|p2b: Incineroar|Knock Off|p1b: Miraidon
|-damage|p1b: Miraidon|0 fnt
|faint|p1b: Miraidon
|move|p1a: Lunala|Moongeist Beam|p2b: Incineroar
|-supereffective|p2b: Incineroar
|-damage|p2b: Incineroar|0 fnt
|faint|p2b: Incineroar
|
|upkeep
|
|t:|1750822485
|switch|p2b: Calyrex|Calyrex-Shadow, L50|100/100
|switch|p1b: Ursaluna|Ursaluna, L50, M|72/100 brn
|-ability|p2b: Calyrex|As One
|-ability|p2b: Calyrex|Unnerve
|turn|8
|
|t:|1750822507
|move|p2b: Calyrex|Protect|p2b: Calyrex
|-singleturn|p2b: Calyrex|Protect
|move|p2a: Klefki|Thunder Wave|p1a: Lunala
|-status|p1a: Lunala|par
|move|p1a: Lunala|Moongeist Beam|p2b: Calyrex
|-activate|p2b: Calyrex|move: Protect
|move|p1b: Ursaluna|Headlong Rush|p2b: Calyrex
|-activate|p2b: Calyrex|move: Protect
|
|-damage|p1b: Ursaluna|65/100 brn|[from] brn
|upkeep
|turn|9
|
|t:|1750822524
|move|p2b: Calyrex|Protect|p2b: Calyrex
|-singleturn|p2b: Calyrex|Protect
|move|p2a: Klefki|Magic Room|p2a: Klefki
|-fieldstart|move: Magic Room|[of] p2a: Klefki
|move|p1a: Lunala|Moongeist Beam|p2b: Calyrex
|-activate|p2b: Calyrex|move: Protect
|move|p1b: Ursaluna|Headlong Rush|p2b: Calyrex
|-activate|p2b: Calyrex|move: Protect
|
|-damage|p1b: Ursaluna|59/100 brn|[from] brn
|-fieldend|move: Trick Room
|upkeep
|turn|10
|
|t:|1750822545
|cant|p1a: Lunala|par
|move|p2a: Klefki|Reflect||[still]
|-fail|p2a: Klefki
|move|p2b: Calyrex|Psychic|p1a: Lunala
|-damage|p1a: Lunala|56/100 par
|move|p1b: Ursaluna|Earthquake|p2a: Klefki|[spread] p1a,p2a,p2b
|-supereffective|p2a: Klefki
|-damage|p1a: Lunala|14/100 par
|-damage|p2a: Klefki|22/100
|-damage|p2b: Calyrex|52/100
|
|-damage|p1b: Ursaluna|53/100 brn|[from] brn
|upkeep
|turn|11
|inactive|raigonjoy has 30 seconds left.
|
|t:|1750822572
|move|p2a: Klefki|Reflect||[still]
|-fail|p2a: Klefki
|move|p2b: Calyrex|Psychic|p1b: Ursaluna
|-damage|p1b: Ursaluna|0 fnt
|faint|p1b: Ursaluna
|-ability|p2b: Calyrex|Grim Neigh|boost
|-boost|p2b: Calyrex|spa|1
|move|p1a: Lunala|Moongeist Beam|p2b: Calyrex
|-supereffective|p2b: Calyrex
|-damage|p2b: Calyrex|0 fnt
|faint|p2b: Calyrex
|
|-fieldend|move: Electric Terrain
|upkeep
|turn|12
|-message|CallMeLexi forfeited.
|
|win|raigonjoy
|raw|raigonjoy's rating: 1450 &rarr; <strong>1471</strong><br />(+21 for winning)
|raw|CallMeLexi's rating: 1468 &rarr; <strong>1447</strong><br />(-21 for losing)
|l|☆CallMeLexi
|player|p2|
