|j|☆1shing1
|j|☆Guilhermekyo
|t:|1750860582
|gametype|doubles
|player|p1|1shing1|266|1339
|player|p2|Guilhermekyo|170|1348
|teamsize|p1|6
|teamsize|p2|6
|gen|9
|tier|[Gen 9] VGC 2025 Reg I
|rated|
|rule|Species Clause: Limit one of each Pokémon
|rule|Item Clause: Limit 1 of each item
|clearpoke
|poke|p1|Lunala, L50|
|poke|p1|Ho-Oh, L50|
|poke|p1|Rillaboom, L50, M|
|poke|p1|Amoonguss, L50, M|
|poke|p1|Zoroark-Hisui, L50, M|
|poke|p1|Swampert, L50, M|
|poke|p2|Terapagos, L50, M|
|poke|p2|Dialga-Origin, L50|
|poke|p2|Incineroar, L50, F|
|poke|p2|Amoonguss, L50, F|
|poke|p2|Indeedee-F, L50, F|
|poke|p2|Ogerpon-Cornerstone, L50, F|
|teampreview|4
|inactive|Battle timer is ON: inactive players will automatically lose when time's up. (requested by Guilhermekyo)
|inactive|1shing1 has 60 seconds left.
|inactive|Guilhermekyo has 60 seconds left.
|
|t:|1750860627
|start
|switch|p1a: Lunala|Lunala, L50|100/100
|switch|p1b: Ho-Oh|Ho-Oh, L50|100/100
|switch|p2a: Terapagos|Terapagos, L50, M|100/100
|switch|p2b: Incineroar|Incineroar, L50, F|100/100
|-activate|p2a: Terapagos|ability: Tera Shift
|detailschange|p2a: Terapagos|Terapagos-Terastal, L50, M
|-heal|p2a: Terapagos|100/100|[silent]
|-ability|p2b: Incineroar|Intimidate|boost
|-unboost|p1a: Lunala|atk|1
|-unboost|p1b: Ho-Oh|atk|1
|turn|1
|inactive|Guilhermekyo has 30 seconds left.
|inactive|Guilhermekyo has 20 seconds left.
|inactive|Guilhermekyo has 15 seconds left.
|inactive|Guilhermekyo has 10 seconds left.
|
|t:|1750860674
|move|p1a: Lunala|Protect|p1a: Lunala
|-singleturn|p1a: Lunala|Protect
|move|p2a: Terapagos|Protect|p2a: Terapagos
|-singleturn|p2a: Terapagos|Protect
|move|p1b: Ho-Oh|Hyper Voice|p2b: Incineroar|[spread] p2b
|-activate|p2a: Terapagos|move: Protect
|-damage|p2b: Incineroar|67/100
|move|p2b: Incineroar|Knock Off|p1a: Lunala
|-activate|p1a: Lunala|move: Protect
|
|upkeep
|turn|2
|
|t:|1750860693
|switch|p1a: Amoonguss|Amoonguss, L50, M|100/100
|switch|p2b: Dialga|Dialga-Origin, L50|100/100
|move|p1b: Ho-Oh|Hyper Voice|p2a: Terapagos|[spread] p2a,p2b
|-activate|p2a: Terapagos|ability: Tera Shell
|-resisted|p2a: Terapagos
|-resisted|p2b: Dialga
|-damage|p2a: Terapagos|86/100
|-damage|p2b: Dialga|87/100
|move|p2a: Terapagos|Dark Pulse|p1a: Amoonguss
|-damage|p1a: Amoonguss|81/100
|
|-heal|p2a: Terapagos|92/100|[from] item: Leftovers
|upkeep
|turn|3
|inactive|1shing1 has 30 seconds left.
|inactive|Guilhermekyo has 30 seconds left.
|
|t:|1750860720
|switch|p1b: Ho-Oh|Ho-Oh, L50|100/100
|-terastallize|p2a: Terapagos|Stellar
|detailschange|p2a: Terapagos|Terapagos-Stellar, L50, M, tera:Stellar
|-heal|p2a: Terapagos|94/100|[silent]
|move|p2b: Dialga|Flash Cannon|p1a: Amoonguss
|-damage|p1a: Amoonguss|49/100
|move|p2a: Terapagos|Tera Starstorm|p1b: Ho-Oh|[spread] p1a,p1b
|-crit|p1b: Ho-Oh
|-damage|p1a: Amoonguss|21/100
|-damage|p1b: Ho-Oh|64/100
|move|p1a: Amoonguss|Spore|p2b: Dialga
|-status|p2b: Dialga|slp|[from] move: Spore
|
|-heal|p2a: Terapagos|99/100|[from] item: Leftovers
|upkeep
|turn|4
|inactive|Guilhermekyo has 30 seconds left.
|inactive|Guilhermekyo has 20 seconds left.
|inactive|Guilhermekyo has 15 seconds left.
|
|t:|1750860763
|switch|p1a: Lunala|Lunala, L50|100/100
|move|p1b: Ho-Oh|Sacred Fire|p2a: Terapagos
|-damage|p2a: Terapagos|72/100
|cant|p2b: Dialga|slp
|move|p2a: Terapagos|Tera Starstorm|p1a: Lunala|[spread] p1a,p1b
|-damage|p1a: Lunala|86/100
|-damage|p1b: Ho-Oh|42/100
|
|-heal|p1a: Lunala|92/100|[from] item: Leftovers
|-heal|p2a: Terapagos|78/100|[from] item: Leftovers
|upkeep
|turn|5
|
|t:|1750860784
|move|p2a: Terapagos|Protect|p2a: Terapagos
|-singleturn|p2a: Terapagos|Protect
|move|p1a: Lunala|Calm Mind|p1a: Lunala
|-boost|p1a: Lunala|spa|1
|-boost|p1a: Lunala|spd|1
|move|p1b: Ho-Oh|Sacred Fire|p2a: Terapagos
|-activate|p2a: Terapagos|move: Protect
|-curestatus|p2b: Dialga|slp|[msg]
|move|p2b: Dialga|Flash Cannon|p1a: Lunala
|-damage|p1a: Lunala|73/100
|
|-heal|p1a: Lunala|79/100|[from] item: Leftovers
|-heal|p2a: Terapagos|84/100|[from] item: Leftovers
|upkeep
|turn|6
|inactive|1shing1 has 30 seconds left.
|
|t:|1750860816
|switch|p1b: Amoonguss|Amoonguss, L50, M|54/100
|switch|p2b: Incineroar|Incineroar, L50, F|67/100
|-ability|p2b: Incineroar|Intimidate|boost
|-unboost|p1a: Lunala|atk|1
|-unboost|p1b: Amoonguss|atk|1
|move|p1a: Lunala|Moongeist Beam|p2b: Incineroar
|-resisted|p2b: Incineroar
|-damage|p2b: Incineroar|35/100
|move|p2a: Terapagos|Dark Pulse|p1a: Lunala
|-supereffective|p1a: Lunala
|-damage|p1a: Lunala|8/100
|
|-heal|p1a: Lunala|14/100|[from] item: Leftovers
|-heal|p2a: Terapagos|90/100|[from] item: Leftovers
|upkeep
|turn|7
|
|t:|1750860840
|switch|p1b: Ho-Oh|Ho-Oh, L50|76/100
|move|p1a: Lunala|Protect|p1a: Lunala
|-singleturn|p1a: Lunala|Protect
|move|p2b: Incineroar|Fake Out|p1b: Ho-Oh
|-damage|p1b: Ho-Oh|69/100
|move|p2a: Terapagos|Tera Starstorm|p1a: Lunala|[spread] p1b
|-activate|p1a: Lunala|move: Protect
|-damage|p1b: Ho-Oh|46/100
|
|-heal|p1a: Lunala|20/100|[from] item: Leftovers
|-heal|p2a: Terapagos|96/100|[from] item: Leftovers
|upkeep
|turn|8
|inactive|1shing1 has 30 seconds left.
|inactive|Guilhermekyo has 30 seconds left.
|
|t:|1750860868
|-terastallize|p1a: Lunala|Fairy
|move|p2b: Incineroar|Protect|p2b: Incineroar
|-singleturn|p2b: Incineroar|Protect
|move|p1a: Lunala|Dazzling Gleam|p2a: Terapagos|[spread] p2a
|-activate|p2b: Incineroar|move: Protect
|-crit|p2a: Terapagos
|-damage|p2a: Terapagos|53/100
|move|p1b: Ho-Oh|Life Dew|p1b: Ho-Oh|[spread] p1a,p1b
|-heal|p1a: Lunala|45/100
|-heal|p1b: Ho-Oh|70/100
|move|p2a: Terapagos|Tera Starstorm|p1b: Ho-Oh|[spread] p1a,p1b
|-supereffective|p1a: Lunala
|-damage|p1a: Lunala|6/100
|-damage|p1b: Ho-Oh|45/100
|
|-heal|p1a: Lunala|12/100|[from] item: Leftovers
|-heal|p2a: Terapagos|59/100|[from] item: Leftovers
|upkeep
|turn|9
|inactive|Guilhermekyo has 30 seconds left.
|
|t:|1750860899
|switch|p2b: Dialga|Dialga-Origin, L50|87/100
|move|p2a: Terapagos|Protect|p2a: Terapagos
|-singleturn|p2a: Terapagos|Protect
|move|p1a: Lunala|Dazzling Gleam|p2a: Terapagos|[spread] p2b
|-activate|p2a: Terapagos|move: Protect
|-damage|p2b: Dialga|51/100
|move|p1b: Ho-Oh|Brave Bird|p2a: Terapagos
|-activate|p2a: Terapagos|move: Protect
|
|-heal|p1a: Lunala|18/100|[from] item: Leftovers
|-heal|p2a: Terapagos|65/100|[from] item: Leftovers
|upkeep
|turn|10
|
|t:|1750860918
|move|p1a: Lunala|Dazzling Gleam|p2b: Dialga|[spread] p2a,p2b
|-damage|p2a: Terapagos|35/100
|-damage|p2b: Dialga|16/100
|move|p1b: Ho-Oh|Brave Bird|p2a: Terapagos
|-damage|p2a: Terapagos|4/100
|-damage|p1b: Ho-Oh|32/100|[from] Recoil
|move|p2b: Dialga|Flash Cannon|p1a: Lunala
|-supereffective|p1a: Lunala
|-damage|p1a: Lunala|0 fnt
|faint|p1a: Lunala
|move|p2a: Terapagos|Tera Starstorm|p1b: Ho-Oh
|-damage|p1b: Ho-Oh|2/100
|
|-heal|p2a: Terapagos|10/100|[from] item: Leftovers
|upkeep
|
|t:|1750860925
|switch|p1a: Amoonguss|Amoonguss, L50, M|100/100
|turn|11
|
|t:|1750860940
|switch|p1b: Amoonguss|Amoonguss, L50, M|87/100
|move|p2b: Dialga|Protect|p2b: Dialga
|-singleturn|p2b: Dialga|Protect
|move|p2a: Terapagos|Protect|p2a: Terapagos
|-singleturn|p2a: Terapagos|Protect
|move|p1a: Amoonguss|Hyper Voice|p2b: Dialga|[spread] 
|-activate|p2a: Terapagos|move: Protect
|-activate|p2b: Dialga|move: Protect
|
|-heal|p2a: Terapagos|16/100|[from] item: Leftovers
|upkeep
|turn|12
|inactive|Guilhermekyo has 30 seconds left.
|inactive|Guilhermekyo has 20 seconds left.
|inactive|Guilhermekyo has 15 seconds left.
|
|t:|1750860981
|switch|p1b: Ho-Oh|Ho-Oh, L50|35/100
|move|p1a: Amoonguss|Hyper Voice|p2a: Terapagos|[spread] p2a,p2b
|-resisted|p2b: Dialga
|-damage|p2a: Terapagos|0 fnt
|-damage|p2b: Dialga|3/100
|faint|p2a: Terapagos
|detailschange|p2: Terapagos|Terapagos, L50, M|[silent]
|move|p2b: Dialga|Flash Cannon|p1b: Ho-Oh
|-resisted|p1b: Ho-Oh
|-damage|p1b: Ho-Oh|23/100
|
|upkeep
|
|t:|1750860992
|switch|p2a: Incineroar|Incineroar, L50, F|35/100
|-ability|p2a: Incineroar|Intimidate|boost
|-unboost|p1a: Amoonguss|atk|1
|-unboost|p1b: Ho-Oh|atk|1
|turn|13
|inactive|Guilhermekyo has 30 seconds left.
|
|t:|1750861022
|move|p2a: Incineroar|Protect|p2a: Incineroar
|-singleturn|p2a: Incineroar|Protect
|move|p1a: Amoonguss|Hyper Voice|p2a: Incineroar|[spread] p2b
|-activate|p2a: Incineroar|move: Protect
|-resisted|p2b: Dialga
|-damage|p2b: Dialga|0 fnt
|faint|p2b: Dialga
|move|p1b: Ho-Oh|Tailwind|p1b: Ho-Oh
|-sidestart|p1: 1shing1|move: Tailwind
|
|upkeep
|
|t:|1750861031
|switch|p2b: Ogerpon|Ogerpon-Cornerstone, L50, F|100/100
|turn|14
|
|t:|1750861043
|move|p2b: Ogerpon|Spiky Shield|p2b: Ogerpon
|-singleturn|p2b: Ogerpon|move: Protect
|move|p1a: Amoonguss|Hyper Voice|p2a: Incineroar|[spread] p2a
|-activate|p2b: Ogerpon|move: Protect
|-damage|p2a: Incineroar|1/100
|move|p1b: Ho-Oh|Brave Bird|p2b: Ogerpon
|-activate|p2b: Ogerpon|move: Protect
|-damage|p1b: Ho-Oh|10/100|[from] Spiky Shield|[of] p2b: Ogerpon
|move|p2a: Incineroar|Knock Off|p1a: Amoonguss
|-supereffective|p1a: Amoonguss
|-enditem|p1a: Amoonguss|Focus Sash
|-damage|p1a: Amoonguss|1/100
|replace|p1a: Zoroark|Zoroark-Hisui, L50, M
|-end|p1a: Zoroark|Illusion
|
|upkeep
|turn|15
|
|t:|1750861064
|move|p2a: Incineroar|Protect|p2a: Incineroar
|-singleturn|p2a: Incineroar|Protect
|move|p1a: Zoroark|Hyper Voice|p2a: Incineroar|[spread] p2b
|-activate|p2a: Incineroar|move: Protect
|-resisted|p2b: Ogerpon
|-damage|p2b: Ogerpon|77/100
|move|p1b: Ho-Oh|Brave Bird|p2b: Ogerpon
|-damage|p2b: Ogerpon|33/100
|-damage|p1b: Ho-Oh|0 fnt|[from] Recoil
|faint|p1b: Ho-Oh
|move|p2b: Ogerpon|Ivy Cudgel|p1a: Zoroark|[anim] Ivy Cudgel Rock
|-damage|p1a: Zoroark|0 fnt
|faint|p1a: Zoroark
|
|upkeep
|
|t:|1750861071
|switch|p1a: Amoonguss|Amoonguss, L50, M|100/100
|turn|16
|inactive|Guilhermekyo has 30 seconds left.
|
|t:|1750861098
|move|p2b: Ogerpon|Ivy Cudgel|p1a: Amoonguss|[anim] Ivy Cudgel Rock
|-damage|p1a: Amoonguss|46/100
|move|p1a: Amoonguss|Clear Smog|p2a: Incineroar
|-damage|p2a: Incineroar|0 fnt
|-clearboost|p2a: Incineroar
|faint|p2a: Incineroar
|
|-sideend|p1: 1shing1|move: Tailwind
|upkeep
|turn|17
|inactive|Guilhermekyo has 25 seconds left this turn.
|inactive|Guilhermekyo has 20 seconds left.
|-message|1shing1 forfeited.
|
|win|Guilhermekyo
|raw|1shing1's rating: 1339 &rarr; <strong>1320</strong><br />(-19 for losing)
|raw|Guilhermekyo's rating: 1348 &rarr; <strong>1367</strong><br />(+19 for winning)
|l|☆1shing1
|player|p1|
|l|☆Guilhermekyo
|player|p2|
