|j|☆ilianoman¹¹
|j|☆Goose and the Boyz
|t:|1750853160
|gametype|doubles
|player|p1|ilianoman¹¹|wallace|1184
|player|p2|Goose and the Boyz|ethan|1161
|teamsize|p1|6
|teamsize|p2|6
|gen|9
|tier|[Gen 9] VGC 2025 Reg I
|rated|
|rule|Species Clause: Limit one of each Pokémon
|rule|Item Clause: Limit 1 of each item
|clearpoke
|poke|p1|Cresselia, L50, F|
|poke|p1|Rhyperior, L50, F|
|poke|p1|Zamazenta-*, L50|
|poke|p1|Flutter Mane, L50|
|poke|p1|Amoonguss, L50, M|
|poke|p1|Kyogre, L50|
|poke|p2|Koraidon, L50|
|poke|p2|Incineroar, L50, F|
|poke|p2|Flutter Mane, L50|
|poke|p2|Farigiraf, L50, M|
|poke|p2|Urshifu-*, L50, F|
|poke|p2|Zamazenta-*, L50|
|teampreview|4
|inactive|Battle timer is ON: inactive players will automatically lose when time's up. (requested by Goose and the Boyz)
|inactive|ilianoman¹¹ also wants the timer to be on.
|j| bnvvs
|l| bnvvs
|inactive|ilianoman¹¹ has 60 seconds left.
|inactive|Goose and the Boyz has 60 seconds left.
|
|t:|1750853194
|start
|switch|p1a: Cresselia|Cresselia, L50, F|100/100
|switch|p1b: Amoonguss|Amoonguss, L50, M|100/100
|switch|p2a: Incineroar|Incineroar, L50, F|100/100
|switch|p2b: Zamazenta|Zamazenta-Crowned, L50|100/100
|-ability|p2b: Zamazenta|Dauntless Shield|boost
|-boost|p2b: Zamazenta|def|1
|-ability|p2a: Incineroar|Intimidate|boost
|-unboost|p1a: Cresselia|atk|1
|-unboost|p1b: Amoonguss|atk|1
|turn|1
|
|t:|1750853211
|move|p1b: Amoonguss|Rage Powder|p1b: Amoonguss
|-singleturn|p1b: Amoonguss|move: Rage Powder
|move|p2b: Zamazenta|Iron Defense|p2b: Zamazenta
|-boost|p2b: Zamazenta|def|2
|move|p2a: Incineroar|Flare Blitz|p1b: Amoonguss
|-supereffective|p1b: Amoonguss
|-damage|p1b: Amoonguss|29/100
|-status|p1b: Amoonguss|brn
|-damage|p2a: Incineroar|84/100|[from] item: Rocky Helmet|[of] p1b: Amoonguss
|-damage|p2a: Incineroar|53/100|[from] Recoil
|move|p1a: Cresselia|Trick Room|p1a: Cresselia
|-fieldstart|move: Trick Room|[of] p1a: Cresselia
|
|-damage|p1b: Amoonguss|23/100 brn|[from] brn
|upkeep
|turn|2
|inactive|ilianoman¹¹ has 30 seconds left.
|inactive|ilianoman¹¹ has 20 seconds left.
|
|t:|1750853247
|switch|p1a: Rhyperior|Rhyperior, L50, F|100/100
|move|p1b: Amoonguss|Spore|p2b: Zamazenta
|-status|p2b: Zamazenta|slp|[from] move: Spore
|move|p2a: Incineroar|Knock Off|p1b: Amoonguss
|-damage|p1b: Amoonguss|0 fnt
|-damage|p2a: Incineroar|37/100|[from] item: Rocky Helmet|[of] p1b: Amoonguss
|-enditem|p1b: Amoonguss|Rocky Helmet|[from] move: Knock Off|[of] p2a: Incineroar
|faint|p1b: Amoonguss
|cant|p2b: Zamazenta|slp
|
|upkeep
|
|t:|1750853265
|switch|p1b: Cresselia|Cresselia, L50, F|100/100
|turn|3
|
|t:|1750853284
|-terastallize|p2b: Zamazenta|Water
|move|p1b: Cresselia|Helping Hand|p1a: Rhyperior
|-singleturn|p1a: Rhyperior|Helping Hand|[of] p1b: Cresselia
|move|p1a: Rhyperior|Earthquake|p2a: Incineroar|[spread] p2a,p2b
|-immune|p1b: Cresselia|[from] ability: Levitate
|-supereffective|p2a: Incineroar
|-damage|p2a: Incineroar|0 fnt
|-damage|p2b: Zamazenta|84/100 slp
|faint|p2a: Incineroar
|cant|p2b: Zamazenta|slp
|
|upkeep
|
|t:|1750853298
|switch|p2a: Koraidon|Koraidon, L50|100/100
|-weather|SunnyDay|[from] ability: Orichalcum Pulse|[of] p2a: Koraidon
|-activate|p2a: Koraidon|Orichalcum Pulse|[source]
|turn|4
|
|t:|1750853310
|move|p1b: Cresselia|Helping Hand|p1a: Rhyperior
|-singleturn|p1a: Rhyperior|Helping Hand|[of] p1b: Cresselia
|move|p2a: Koraidon|Protect|p2a: Koraidon
|-singleturn|p2a: Koraidon|Protect
|move|p1a: Rhyperior|Ice Punch|p2a: Koraidon
|-activate|p2a: Koraidon|move: Protect
|-curestatus|p2b: Zamazenta|slp|[msg]
|move|p2b: Zamazenta|Body Press|p1a: Rhyperior
|-supereffective|p1a: Rhyperior
|-damage|p1a: Rhyperior|0 fnt
|faint|p1a: Rhyperior
|
|-weather|SunnyDay|[upkeep]
|upkeep
|
|t:|1750853326
|switch|p1a: Flutter Mane|Flutter Mane, L50|100/100
|-activate|p1a: Flutter Mane|ability: Protosynthesis
|-start|p1a: Flutter Mane|protosynthesisspe
|turn|5
|
|t:|1750853350
|move|p2b: Zamazenta|Behemoth Bash|p1a: Flutter Mane
|-supereffective|p1a: Flutter Mane
|-enditem|p1a: Flutter Mane|Focus Sash
|-damage|p1a: Flutter Mane|1/100
|move|p2a: Koraidon|Flare Blitz|p1a: Flutter Mane
|-damage|p1a: Flutter Mane|0 fnt
|faint|p1a: Flutter Mane
|-end|p1a: Flutter Mane|Protosynthesis|[silent]
|-damage|p2a: Koraidon|99/100|[from] Recoil
|-damage|p2a: Koraidon|90/100|[from] item: Life Orb
|move|p1b: Cresselia|Trick Room|p1b: Cresselia
|-fieldend|move: Trick Room
|
|-weather|SunnyDay|[upkeep]
|upkeep
|turn|6
|-message|ilianoman¹¹ forfeited.
|
|win|Goose and the Boyz
|raw|ilianoman¹¹'s rating: 1184 &rarr; <strong>1157</strong><br />(-27 for losing)
|raw|Goose and the Boyz's rating: 1161 &rarr; <strong>1188</strong><br />(+27 for winning)
|l|☆ilianoman¹¹
|player|p1|
|l|☆Goose and the Boyz
|player|p2|
