|j|☆Moosewii7
|j|☆ArosConPollo85
|t:|1750744429
|gametype|doubles
|player|p1|Moosewii7|265|1400
|player|p2|ArosConPollo85|2|1464
|teamsize|p1|6
|teamsize|p2|6
|gen|9
|tier|[Gen 9] VGC 2025 Reg I
|rated|
|rule|Species Clause: Limit one of each Pokémon
|rule|Item Clause: Limit 1 of each item
|clearpoke
|poke|p1|Calyrex-Shadow, L50|
|poke|p1|Garganacl, L50, M|
|poke|p1|Indeedee-F, L50, F|
|poke|p1|Iron Hands, L50|
|poke|p1|Kyogre, L50|
|poke|p1|Maushold-Four, L50|
|poke|p2|Araquanid, L50, F|
|poke|p2|Miraidon, L50|
|poke|p2|Incineroar, L50, F|
|poke|p2|Iron Leaves, L50|
|poke|p2|Calyrex-Ice, L50|
|poke|p2|Farigiraf, L50, M|
|teampreview|4
|inactive|Battle timer is ON: inactive players will automatically lose when time's up. (requested by ArosConPollo85)
Moosewii7 rejected open team sheets.
|inactive|ArosConPollo85 has 60 seconds left.
|
|t:|1750744481
|start
|switch|p1a: Indeedee|Indeedee-F, L50, F|100/100
|switch|p1b: Maushold|Maushold-Four, L50|100/100
|switch|p2a: Miraidon|Miraidon, L50|100/100
|switch|p2b: Iron Leaves|Iron Leaves, L50|100/100
|-fieldstart|move: Electric Terrain|[from] ability: Hadron Engine|[of] p2a: Miraidon
|-activate|p2b: Iron Leaves|ability: Quark Drive
|-start|p2b: Iron Leaves|quarkdrivespe
|-fieldstart|move: Psychic Terrain|[from] ability: Psychic Surge|[of] p1a: Indeedee
|-end|p2b: Iron Leaves|Quark Drive
|turn|1
|
|t:|1750744493
|move|p2b: Iron Leaves|Protect|p2b: Iron Leaves
|-singleturn|p2b: Iron Leaves|Protect
|move|p1a: Indeedee|Follow Me|p1a: Indeedee
|-singleturn|p1a: Indeedee|move: Follow Me
|move|p2a: Miraidon|Volt Switch|p1a: Indeedee
|-damage|p1a: Indeedee|51/100
|
|t:|1750744501
|switch|p2a: Calyrex|Calyrex-Ice, L50|100/100|[from] Volt Switch
|-ability|p2a: Calyrex|As One
|-ability|p2a: Calyrex|Unnerve
|move|p1b: Maushold|Population Bomb|p2a: Calyrex
|-damage|p2a: Calyrex|94/100
|-damage|p2a: Calyrex|88/100
|-damage|p2a: Calyrex|82/100
|-damage|p2a: Calyrex|74/100
|-damage|p2a: Calyrex|68/100
|-damage|p2a: Calyrex|61/100
|-damage|p2a: Calyrex|55/100
|-damage|p2a: Calyrex|48/100
|-damage|p2a: Calyrex|42/100
|-damage|p2a: Calyrex|35/100
|-hitcount|p2a: Calyrex|10
|
|upkeep
|turn|2
|
|t:|1750744523
|move|p1a: Indeedee|Follow Me|p1a: Indeedee
|-singleturn|p1a: Indeedee|move: Follow Me
|move|p1b: Maushold|Population Bomb|p2a: Calyrex
|-damage|p2a: Calyrex|28/100
|-damage|p2a: Calyrex|22/100
|-damage|p2a: Calyrex|15/100
|-damage|p2a: Calyrex|8/100
|-damage|p2a: Calyrex|2/100
|-damage|p2a: Calyrex|0 fnt
|faint|p2a: Calyrex
|-hitcount|p2: Calyrex|6
|move|p2b: Iron Leaves|Coaching|p2: Calyrex|[notarget]
|-fail|p2b: Iron Leaves
|
|upkeep
|
|t:|1750744528
|switch|p2a: Miraidon|Miraidon, L50|100/100
|-fieldstart|move: Electric Terrain|[from] ability: Hadron Engine|[of] p2a: Miraidon
|-activate|p2b: Iron Leaves|ability: Quark Drive
|-start|p2b: Iron Leaves|quarkdrivespe
|turn|3
|
|t:|1750744545
|-terastallize|p2a: Miraidon|Fairy
|move|p1a: Indeedee|Follow Me|p1a: Indeedee
|-singleturn|p1a: Indeedee|move: Follow Me
|move|p2b: Iron Leaves|Psyblade|p1a: Indeedee
|-resisted|p1a: Indeedee
|-damage|p1a: Indeedee|15/100
|-enditem|p1a: Indeedee|Sitrus Berry|[eat]
|-heal|p1a: Indeedee|39/100|[from] item: Sitrus Berry
|-damage|p2b: Iron Leaves|91/100|[from] item: Life Orb
|move|p2a: Miraidon|Dazzling Gleam|p1a: Indeedee|[spread] p1a,p1b
|-damage|p1a: Indeedee|0 fnt
|-damage|p1b: Maushold|4/100
|faint|p1a: Indeedee
|move|p1b: Maushold|Population Bomb|p2a: Miraidon
|-damage|p2a: Miraidon|90/100
|-damage|p2a: Miraidon|78/100
|-hitcount|p2a: Miraidon|2
|
|upkeep
|
|t:|1750744567
|switch|p1a: Calyrex|Calyrex-Shadow, L50|100/100
|-ability|p1a: Calyrex|As One
|-ability|p1a: Calyrex|Unnerve
|turn|4
|
|t:|1750744578
|move|p1b: Maushold|Follow Me|p1b: Maushold
|-singleturn|p1b: Maushold|move: Follow Me
|move|p2b: Iron Leaves|Psyblade|p1b: Maushold
|-damage|p1b: Maushold|0 fnt
|faint|p1b: Maushold
|-damage|p2b: Iron Leaves|81/100|[from] item: Life Orb
|move|p1a: Calyrex|Astral Barrage|p2b: Iron Leaves|[spread] p2a,p2b
|-supereffective|p2b: Iron Leaves
|-damage|p2a: Miraidon|29/100
|-damage|p2b: Iron Leaves|0 fnt
|faint|p2b: Iron Leaves
|-end|p2b: Iron Leaves|Quark Drive|[silent]
|-ability|p1a: Calyrex|Grim Neigh|boost
|-boost|p1a: Calyrex|spa|1
|move|p2a: Miraidon|Dazzling Gleam|p1a: Calyrex
|-damage|p1a: Calyrex|18/100
|
|upkeep
|
|t:|1750744596
|switch|p1b: Kyogre|Kyogre, L50|100/100
|switch|p2b: Araquanid|Araquanid, L50, F|100/100
|-weather|RainDance|[from] ability: Drizzle|[of] p1b: Kyogre
|turn|5
|
|t:|1750744617
|-terastallize|p1b: Kyogre|Water
|move|p2b: Araquanid|Wide Guard|p2b: Araquanid
|-singleturn|p2b: Araquanid|Wide Guard
|move|p1a: Calyrex|Expanding Force|p2a: Miraidon
|-damage|p2a: Miraidon|0 fnt
|faint|p2a: Miraidon
|-ability|p1a: Calyrex|Grim Neigh|boost
|-boost|p1a: Calyrex|spa|1
|move|p1b: Kyogre|Hydro Pump|p2b: Araquanid|[miss]
|-miss|p1b: Kyogre|p2b: Araquanid
|
|-weather|RainDance|[upkeep]
|upkeep
|turn|6
|
|t:|1750744633
|move|p1a: Calyrex|Astral Barrage|p2b: Araquanid
|-damage|p2b: Araquanid|0 fnt
|faint|p2b: Araquanid
|
|win|Moosewii7
|raw|Moosewii7's rating: 1400 &rarr; <strong>1424</strong><br />(+24 for winning)
|raw|ArosConPollo85's rating: 1464 &rarr; <strong>1440</strong><br />(-24 for losing)
|c|☆ArosConPollo85|Gg
|c|☆Moosewii7|Gg
|l|☆Moosewii7
|player|p1|
|l|☆ArosConPollo85
|player|p2|
