|j|☆forgottenbladelost
|j|☆muhammadmohsin99
|t:|1750868744
|gametype|doubles
|player|p1|forgottenbladelost|riley|1269
|player|p2|muhammadmohsin99|170|1315
|teamsize|p1|6
|teamsize|p2|6
|gen|9
|tier|[Gen 9] VGC 2025 Reg I
|rated|
|rule|Species Clause: Limit one of each Pokémon
|rule|Item Clause: Limit 1 of each item
|clearpoke
|poke|p1|Zamazenta-*, L50|
|poke|p1|Calyrex-Shadow, L50|
|poke|p1|Urshifu-*, L50, F|
|poke|p1|Moltres, L50|
|poke|p1|Iron Valiant, L50|
|poke|p1|Porygon-Z, L50|
|poke|p2|Calyrex-Ice, L50|
|poke|p2|Zamazenta-*, L50|
|poke|p2|Incineroar, L50, M|
|poke|p2|Grimmsnarl, L50, M|
|poke|p2|Ursaluna, L50, F|
|poke|p2|Raging Bolt, L50|
|teampreview|4
|l|☆forgottenbladelost
|player|p1|
|j|☆forgottenbladelost
|player|p1|forgottenbladelost|riley|
|
|t:|1750868818
|start
|switch|p1a: Zamazenta|Zamazenta-Crowned, L50|100/100
|switch|p1b: Moltres|Moltres, L50|100/100
|switch|p2a: Calyrex|Calyrex-Ice, L50|100/100
|switch|p2b: Raging Bolt|Raging Bolt, L50|100/100
|-ability|p2a: Calyrex|As One
|-ability|p2a: Calyrex|Unnerve
|-ability|p1a: Zamazenta|Dauntless Shield|boost
|-boost|p1a: Zamazenta|def|1
|turn|1
|
|t:|1750868839
|move|p1b: Moltres|Protect|p1b: Moltres
|-singleturn|p1b: Moltres|Protect
|move|p1a: Zamazenta|Body Press|p2b: Raging Bolt
|-crit|p2b: Raging Bolt
|-damage|p2b: Raging Bolt|11/100
|move|p2b: Raging Bolt|Volt Switch|p1b: Moltres
|-activate|p1b: Moltres|move: Protect
|move|p2a: Calyrex|Trick Room|p2a: Calyrex
|-fieldstart|move: Trick Room|[of] p2a: Calyrex
|
|upkeep
|turn|2
|
|t:|1750868872
|switch|p1b: Iron Valiant|Iron Valiant, L50|100/100
|-enditem|p1b: Iron Valiant|Booster Energy
|-activate|p1b: Iron Valiant|ability: Quark Drive|[fromitem]
|-start|p1b: Iron Valiant|quarkdrivespe
|move|p2a: Calyrex|Glacial Lance|p1a: Zamazenta|[spread] p1a,p1b
|-resisted|p1a: Zamazenta
|-damage|p1a: Zamazenta|89/100
|-damage|p1b: Iron Valiant|22/100
|move|p2b: Raging Bolt|Volt Switch|p1b: Iron Valiant
|-damage|p1b: Iron Valiant|0 fnt
|faint|p1b: Iron Valiant
|-end|p1b: Iron Valiant|Quark Drive|[silent]
|
|t:|1750868885
|-end|p2b: Raging Bolt|Protosynthesis|[silent]
|switch|p2b: Zamazenta|Zamazenta-Crowned, L50|100/100|[from] Volt Switch
|-ability|p2b: Zamazenta|Dauntless Shield|boost
|-boost|p2b: Zamazenta|def|1
|move|p1a: Zamazenta|Body Press|p2b: Zamazenta
|-supereffective|p2b: Zamazenta
|-damage|p2b: Zamazenta|48/100
|
|upkeep
|
|t:|1750868896
|switch|p1b: Moltres|Moltres, L50|100/100
|turn|3
|
|t:|1750868911
|move|p2a: Calyrex|Leech Seed|p1a: Zamazenta
|-start|p1a: Zamazenta|move: Leech Seed
|move|p1b: Moltres|Flamethrower|p2a: Calyrex
|-supereffective|p2a: Calyrex
|-damage|p2a: Calyrex|42/100
|move|p2b: Zamazenta|Coaching|p2a: Calyrex
|-boost|p2a: Calyrex|atk|1
|-boost|p2a: Calyrex|def|1
|move|p1a: Zamazenta|Body Press|p2b: Zamazenta
|-supereffective|p2b: Zamazenta
|-damage|p2b: Zamazenta|0 fnt
|faint|p2b: Zamazenta
|
|-heal|p2a: Calyrex|48/100|[from] item: Leftovers
|-damage|p1a: Zamazenta|77/100|[from] Leech Seed|[of] p2a: Calyrex
|-heal|p2a: Calyrex|57/100|[silent]
|upkeep
|
|t:|1750868930
|switch|p2b: Ursaluna|Ursaluna, L50, F|100/100
|turn|4
|
|t:|1750868948
|-terastallize|p2a: Calyrex|Water
|-terastallize|p1a: Zamazenta|Flying
|move|p2b: Ursaluna|Protect|p2b: Ursaluna
|-singleturn|p2b: Ursaluna|Protect
|move|p2a: Calyrex|Glacial Lance|p1b: Moltres|[spread] p1a,p1b
|-supereffective|p1a: Zamazenta
|-damage|p1a: Zamazenta|2/100
|-damage|p1b: Moltres|0 fnt
|faint|p1b: Moltres
|-ability|p2a: Calyrex|Chilling Neigh|boost
|-boost|p2a: Calyrex|atk|1
|move|p1a: Zamazenta|Body Press|p2b: Ursaluna
|-activate|p2b: Ursaluna|move: Protect
|
|-heal|p2a: Calyrex|63/100|[from] item: Leftovers
|-damage|p1a: Zamazenta|0 fnt|[from] Leech Seed|[of] p2a: Calyrex
|-heal|p2a: Calyrex|64/100|[silent]
|faint|p1a: Zamazenta
|-status|p2b: Ursaluna|brn|[from] item: Flame Orb
|upkeep
|
|t:|1750868964
|switch|p1b: Calyrex|Calyrex-Shadow, L50|100/100
|-ability|p1b: Calyrex|As One
|-ability|p1b: Calyrex|Unnerve
|turn|5
|
|t:|1750868992
|move|p1b: Calyrex|Protect|p1b: Calyrex
|-singleturn|p1b: Calyrex|Protect
|move|p2b: Ursaluna|Headlong Rush|p1b: Calyrex
|-activate|p1b: Calyrex|move: Protect
|move|p2a: Calyrex|Leech Seed|p1b: Calyrex
|-activate|p1b: Calyrex|move: Protect
|
|-heal|p2a: Calyrex|70/100|[from] item: Leftovers
|-damage|p2b: Ursaluna|95/100 brn|[from] brn
|-fieldend|move: Trick Room
|upkeep
|turn|6
|
|t:|1750869015
|move|p1b: Calyrex|Grass Knot|p2b: Ursaluna
|-supereffective|p2b: Ursaluna
|-damage|p2b: Ursaluna|0 fnt
|faint|p2b: Ursaluna
|-ability|p1b: Calyrex|Grim Neigh|boost
|-boost|p1b: Calyrex|spa|1
|-damage|p1b: Calyrex|91/100|[from] item: Life Orb
|move|p2a: Calyrex|Glacial Lance|p1b: Calyrex
|-damage|p1b: Calyrex|0 fnt
|faint|p1b: Calyrex
|
|win|muhammadmohsin99
|raw|forgottenbladelost's rating: 1269 &rarr; <strong>1247</strong><br />(-22 for losing)
|raw|muhammadmohsin99's rating: 1315 &rarr; <strong>1332</strong><br />(+17 for winning)
|l|☆muhammadmohsin99
|player|p2|
