|j|☆bi7han
|j|☆wiranVGC
|t:|1750861930
|gametype|doubles
|player|p1|bi7han|266|1298
|player|p2|wiranVGC|silver|1368
|teamsize|p1|6
|teamsize|p2|6
|gen|9
|tier|[Gen 9] VGC 2025 Reg I
|rated|
|rule|Species Clause: Limit one of each Pokémon
|rule|Item Clause: Limit 1 of each item
|clearpoke
|poke|p1|Kyogre, L50|
|poke|p1|Rillaboom, L50, F|
|poke|p1|Tornadus, L50, M|
|poke|p1|Calyrex-Ice, L50|
|poke|p1|Garganacl, L50, M|
|poke|p1|Urshifu-*, L50, F|
|poke|p2|Groudon, L50|
|poke|p2|Whimsicott, L50, F|
|poke|p2|Raging Bolt, L50|
|poke|p2|Zamazenta-*, L50|
|poke|p2|Ogerpon-Hearthflame, L50, F|
|poke|p2|Rillaboom, L50, F|
|teampreview|4
|inactive|Battle timer is ON: inactive players will automatically lose when time's up. (requested by wiranVGC)
|inactive|bi7han also wants the timer to be on.
|inactive|bi7han has 60 seconds left.
|inactive|wiranVGC has 60 seconds left.
|inactive|wiranVGC has 30 seconds left.
|
|t:|1750861999
|start
|switch|p1a: Tornadus|Tornadus, L50, M|100/100
|switch|p1b: Calyrex|Calyrex-Ice, L50|100/100
|switch|p2a: Whimsicott|Whimsicott, L50, F|100/100
|switch|p2b: Ogerpon|Ogerpon-Hearthflame, L50, F|100/100
|-ability|p1b: Calyrex|As One
|-ability|p1b: Calyrex|Unnerve
|-ability|p2b: Ogerpon|Mold Breaker
|turn|1
|
|t:|1750862008
|-terastallize|p2b: Ogerpon|Fire
|detailschange|p2b: Ogerpon|Ogerpon-Hearthflame-Tera, L50, F, tera:Fire
|-ability|p2b: Ogerpon|Embody Aspect (Hearthflame)|boost
|-boost|p2b: Ogerpon|atk|1
|move|p2a: Whimsicott|Tailwind|p2a: Whimsicott
|-sidestart|p2: wiranVGC|move: Tailwind
|move|p1a: Tornadus|Rain Dance|p1a: Tornadus
|-weather|RainDance
|move|p2b: Ogerpon|Ivy Cudgel|p1b: Calyrex|[anim] Ivy Cudgel Fire
|-supereffective|p1b: Calyrex
|-damage|p1b: Calyrex|33/100
|move|p1b: Calyrex|Glacial Lance|p2b: Ogerpon|[spread] p2a,p2b
|-supereffective|p2a: Whimsicott
|-resisted|p2b: Ogerpon
|-damage|p2a: Whimsicott|0 fnt
|-damage|p2b: Ogerpon|66/100
|faint|p2a: Whimsicott
|-ability|p1b: Calyrex|Chilling Neigh|boost
|-boost|p1b: Calyrex|atk|1
|
|-weather|RainDance|[upkeep]
|upkeep
|
|t:|1750862025
|switch|p2a: Zamazenta|Zamazenta-Crowned, L50|100/100
|-ability|p2a: Zamazenta|Dauntless Shield|boost
|-boost|p2a: Zamazenta|def|1
|turn|2
|
|t:|1750862054
|-terastallize|p1b: Calyrex|Water
|move|p1a: Tornadus|Taunt|p2a: Zamazenta
|-start|p2a: Zamazenta|move: Taunt
|move|p2a: Zamazenta|Body Press|p1b: Calyrex
|-damage|p1b: Calyrex|0 fnt
|faint|p1b: Calyrex
|move|p2b: Ogerpon|Ivy Cudgel|p1a: Tornadus|[anim] Ivy Cudgel Fire
|-damage|p1a: Tornadus|27/100
|
|-weather|RainDance|[upkeep]
|upkeep
|
|t:|1750862062
|switch|p1b: Kyogre|Kyogre, L50|100/100
|turn|3
|
|t:|1750862069
|move|p1a: Tornadus|Tailwind|p1a: Tornadus
|-sidestart|p1: bi7han|move: Tailwind
|move|p1b: Kyogre|Water Spout|p2b: Ogerpon|[spread] p2a,p2b
|-supereffective|p2b: Ogerpon
|-damage|p2a: Zamazenta|33/100
|-damage|p2b: Ogerpon|0 fnt
|faint|p2b: Ogerpon
|detailschange|p2: Ogerpon|Ogerpon-Hearthflame, L50, F|[silent]
|move|p2a: Zamazenta|Body Press|p1b: Kyogre
|-damage|p1b: Kyogre|22/100
|
|-weather|RainDance|[upkeep]
|upkeep
|
|t:|1750862072
|switch|p2b: Groudon|Groudon, L50|100/100
|-weather|SunnyDay|[from] ability: Drought|[of] p2b: Groudon
|turn|4
|
|t:|1750862077
|move|p1a: Tornadus|Rain Dance|p1a: Tornadus
|-weather|RainDance
|move|p1b: Kyogre|Water Spout|p2b: Groudon|[spread] p2a,p2b
|-supereffective|p2b: Groudon
|-damage|p2a: Zamazenta|19/100
|-damage|p2b: Groudon|66/100
|move|p2a: Zamazenta|Body Press|p1b: Kyogre
|-damage|p1b: Kyogre|0 fnt
|faint|p1b: Kyogre
|move|p2b: Groudon|Heat Crash|p1a: Tornadus
|-damage|p1a: Tornadus|0 fnt
|faint|p1a: Tornadus
|
|-weather|RainDance|[upkeep]
|-end|p2a: Zamazenta|move: Taunt
|-sideend|p2: wiranVGC|move: Tailwind
|upkeep
|
|t:|1750862083
|switch|p1b: Garganacl|Garganacl, L50, M|100/100
|turn|5
|-message|bi7han forfeited.
|
|win|wiranVGC
|raw|bi7han's rating: 1298 &rarr; <strong>1278</strong><br />(-20 for losing)
|raw|wiranVGC's rating: 1368 &rarr; <strong>1384</strong><br />(+16 for winning)
|l|☆bi7han
|player|p1|
|l|☆wiranVGC
|player|p2|
