|j|☆StrawberryBalloons
|j|☆Dakimakura69
|t:|1750848544
|gametype|doubles
|player|p1|StrawberryBalloons|2|1313
|player|p2|Dakimakura69|cynthia|1442
|teamsize|p1|6
|teamsize|p2|6
|gen|9
|tier|[Gen 9] VGC 2025 Reg I
|rated|
|rule|Species Clause: Limit one of each Pokémon
|rule|Item Clause: Limit 1 of each item
|clearpoke
|poke|p1|Miraidon, L50|
|poke|p1|Whimsicott, L50, M|
|poke|p1|Zoroark-Hisui, L50, M|
|poke|p1|Terrakion, L50|
|poke|p1|Indeedee-F, L50, F|
|poke|p1|Calyrex-Shadow, L50|
|poke|p2|Lunala, L50|
|poke|p2|Koraidon, L50|
|poke|p2|Flutter Mane, L50|
|poke|p2|Indeedee-F, L50, F|
|poke|p2|Ogerpon-Cornerstone, L50, F|
|poke|p2|Chi-Yu, L50|
|teampreview|4
|inactive|Battle timer is ON: inactive players will automatically lose when time's up. (requested by StrawberryBalloons)
Dakimakura69 rejected open team sheets.
|inactive|StrawberryBalloons has 60 seconds left.
|inactive|Dakimakura69 has 60 seconds left.
|
|t:|1750848601
|start
|switch|p1a: Calyrex|Calyrex-Shadow, L50|100/100
|switch|p1b: Whimsicott|Whimsicott, L50, M|100/100
|switch|p2a: Koraidon|Koraidon, L50|100/100
|switch|p2b: Flutter Mane|Flutter Mane, L50|100/100
|-ability|p1a: Calyrex|As One
|-ability|p1a: Calyrex|Unnerve
|-weather|SunnyDay|[from] ability: Orichalcum Pulse|[of] p2a: Koraidon
|-activate|p2b: Flutter Mane|ability: Protosynthesis
|-start|p2b: Flutter Mane|protosynthesisspe
|-activate|p2a: Koraidon|Orichalcum Pulse|[source]
|turn|1
|inactive|Dakimakura69 has 30 seconds left.
|inactive|Dakimakura69 has 20 seconds left.
|
|t:|1750848637
|-terastallize|p2a: Koraidon|Fire
|move|p1a: Calyrex|Protect|p1a: Calyrex
|-singleturn|p1a: Calyrex|Protect
|move|p1b: Whimsicott|Tailwind|p1b: Whimsicott
|-sidestart|p1: StrawberryBalloons|move: Tailwind
|move|p2b: Flutter Mane|Icy Wind|p1b: Whimsicott|[spread] p1b
|-activate|p1a: Calyrex|move: Protect
|-supereffective|p1b: Whimsicott
|-damage|p1b: Whimsicott|69/100
|move|p2a: Koraidon|Flame Charge|p1a: Calyrex
|-activate|p1a: Calyrex|move: Protect
|
|-weather|SunnyDay|[upkeep]
|upkeep
|turn|2
|inactive|StrawberryBalloons has 30 seconds left.
|inactive|Dakimakura69 has 30 seconds left.
|inactive|Dakimakura69 has 20 seconds left.
|inactive|Dakimakura69 has 15 seconds left.
|inactive|Dakimakura69 has 10 seconds left.
|inactive|StrawberryBalloons has 20 seconds left.
|inactive|StrawberryBalloons has 15 seconds left.
|
|t:|1750848694
|-terastallize|p1a: Calyrex|Grass
|move|p1b: Whimsicott|Fake Tears|p2a: Koraidon
|-unboost|p2a: Koraidon|spd|2
|move|p1a: Calyrex|Astral Barrage|p2b: Flutter Mane|[spread] p2a,p2b
|-supereffective|p2b: Flutter Mane
|-damage|p2a: Koraidon|0 fnt
|-enditem|p2b: Flutter Mane|Focus Sash
|-damage|p2b: Flutter Mane|1/100
|faint|p2a: Koraidon
|-ability|p1a: Calyrex|Grim Neigh|boost
|-boost|p1a: Calyrex|spa|1
|move|p2b: Flutter Mane|Icy Wind|p1b: Whimsicott|[spread] p1a,p1b
|-supereffective|p1a: Calyrex
|-supereffective|p1b: Whimsicott
|-damage|p1a: Calyrex|73/100
|-damage|p1b: Whimsicott|35/100
|-unboost|p1a: Calyrex|spe|1
|
|-weather|SunnyDay|[upkeep]
|upkeep
|
|t:|1750848710
|switch|p2a: Lunala|Lunala, L50|100/100
|turn|3
|j| nanshan
|inactive|Dakimakura69 has 30 seconds left.
|l| nanshan
|
|t:|1750848738
|move|p1b: Whimsicott|Beat Up|p2b: Flutter Mane
|-damage|p2b: Flutter Mane|0 fnt
|faint|p2b: Flutter Mane
|-end|p2b: Flutter Mane|Protosynthesis|[silent]
|-hitcount|p2: Flutter Mane|1
|move|p1a: Calyrex|Giga Drain|p2a: Lunala
|-damage|p2a: Lunala|76/100
|-heal|p1a: Calyrex|87/100|[from] drain|[of] p2a: Lunala
|move|p2a: Lunala|Moongeist Beam|p1b: Whimsicott
|-damage|p1b: Whimsicott|0 fnt
|faint|p1b: Whimsicott
|
|-weather|SunnyDay|[upkeep]
|upkeep
|c|☆Dakimakura69|lol
|
|t:|1750848750
|switch|p2b: Indeedee|Indeedee-F, L50, F|100/100
|switch|p1b: Miraidon|Miraidon, L50|100/100
|-fieldstart|move: Electric Terrain|[from] ability: Hadron Engine|[of] p1b: Miraidon
|-enditem|p1a: Calyrex|Electric Seed
|-boost|p1a: Calyrex|def|1|[from] item: Electric Seed
|-fieldstart|move: Psychic Terrain|[from] ability: Psychic Surge|[of] p2b: Indeedee
|turn|4
|inactive|StrawberryBalloons has 30 seconds left.
|inactive|Dakimakura69 has 30 seconds left.
|inactive|Dakimakura69 has 20 seconds left.
|inactive|Dakimakura69 has 15 seconds left.
|inactive|Dakimakura69 has 10 seconds left.
|
|t:|1750848801
|move|p2a: Lunala|Protect|p2a: Lunala
|-singleturn|p2a: Lunala|Protect
|move|p1b: Miraidon|Volt Switch|p2a: Lunala
|-activate|p2a: Lunala|move: Protect
|move|p1a: Calyrex|Giga Drain|p2a: Lunala
|-activate|p2a: Lunala|move: Protect
|move|p2b: Indeedee|Shadow Ball|p1a: Calyrex
|-damage|p1a: Calyrex|70/100
|
|-weather|SunnyDay|[upkeep]
|-sideend|p1: StrawberryBalloons|move: Tailwind
|upkeep
|turn|5
|
|t:|1750848815
|move|p2b: Indeedee|Helping Hand|p2a: Lunala
|-singleturn|p2a: Lunala|Helping Hand|[of] p2b: Indeedee
|move|p1b: Miraidon|Draco Meteor|p2a: Lunala
|-damage|p2a: Lunala|6/100
|-unboost|p1b: Miraidon|spa|2
|-damage|p1b: Miraidon|91/100|[from] item: Life Orb
|move|p2a: Lunala|Expanding Force|p1b: Miraidon|[spread] p1a,p1b
|-crit|p1b: Miraidon
|-damage|p1a: Calyrex|0 fnt
|-damage|p1b: Miraidon|0 fnt
|faint|p1a: Calyrex
|faint|p1b: Miraidon
|
|-weather|none
|upkeep
|
|t:|1750848828
|switch|p1b: Zoroark|Zoroark-Hisui, L50, M|100/100
|turn|6
|
|t:|1750848845
|move|p2a: Lunala|Protect|p2a: Lunala
|-singleturn|p2a: Lunala|Protect
|move|p1b: Zoroark|Will-O-Wisp|p2b: Indeedee|[miss]
|-miss|p1b: Zoroark|p2b: Indeedee
|move|p2b: Indeedee|Trick Room|p2b: Indeedee
|-fieldstart|move: Trick Room|[of] p2b: Indeedee
|
|upkeep
|turn|7
|
|t:|1750848861
|move|p2b: Indeedee|Helping Hand|p2a: Lunala
|-singleturn|p2a: Lunala|Helping Hand|[of] p2b: Indeedee
|move|p1b: Zoroark|Comeuppance||[still]
|-fail|p1b: Zoroark
|move|p2a: Lunala|Expanding Force|p1b: Zoroark
|-enditem|p1b: Zoroark|Focus Sash
|-damage|p1b: Zoroark|1/100
|
|upkeep
|turn|8
|inactive|Dakimakura69 has 30 seconds left.
|c|☆Dakimakura69|!dt comeuppance
|raw|<ul class="utilichart"><li class="result"><span class="col movenamecol"><a href="https://dex.pokemonshowdown.com/moves/comeuppance">Comeuppance</a></span> <span class="col typecol"><img src="//play.pokemonshowdown.com/sprites/types/Dark.png" alt="Dark" width="32" height="14"><img src="//play.pokemonshowdown.com/sprites/categories/Physical.png" alt="Physical" width="32" height="14"></span> <span class="col widelabelcol"><em>Accuracy</em><br>100%</span> <span class="col pplabelcol"><em>PP</em><br>16</span> <span class="col movedesccol">If hit by an attack, returns 1.5x damage.</span> </li><li style="clear:both"></li></ul>
|raw|<font size="1"><font color="#686868">Priority:</font> 0&nbsp;|&ThickSpace;<font color="#686868">Gen:</font> 9&nbsp;|&ThickSpace;&#10003; Contact&nbsp;|&ThickSpace;<font color="#686868">Z-Power:</font> 100&nbsp;|&ThickSpace;<font color="#686868">Target:</font> Chosen Automatically</font>

|inactive|Dakimakura69 has 20 seconds left.
|
|t:|1750848901
|move|p2a: Lunala|Protect|p2a: Lunala
|-singleturn|p2a: Lunala|Protect
|move|p2b: Indeedee|Follow Me|p2b: Indeedee
|-singleturn|p2b: Indeedee|move: Follow Me
|move|p1b: Zoroark|Shadow Ball|p2b: Indeedee
|-immune|p2b: Indeedee
|
|-fieldend|move: Psychic Terrain
|upkeep
|turn|9
|-message|StrawberryBalloons forfeited.
|
|win|Dakimakura69
|raw|StrawberryBalloons's rating: 1313 &rarr; <strong>1300</strong><br />(-13 for losing)
|raw|Dakimakura69's rating: 1442 &rarr; <strong>1455</strong><br />(+13 for winning)
|l|☆StrawberryBalloons
|player|p1|
|l|☆Dakimakura69
|player|p2|
