|j|☆Vvvgggcccrrrooobbb
|j|☆bapdabo
|t:|1750821315
|gametype|doubles
|player|p1|Vvvgggcccrrrooobbb|medium|1306
|player|p2|bapdabo|hugh|1240
|teamsize|p1|6
|teamsize|p2|6
|gen|9
|tier|[Gen 9] VGC 2025 Reg I
|rated|
|rule|Species Clause: Limit one of each Pokémon
|rule|Item Clause: Limit 1 of each item
|clearpoke
|poke|p1|Incineroar, L50, M|
|poke|p1|Amoonguss, L50, M|
|poke|p1|Koraidon, L50|
|poke|p1|Calyrex-Ice, L50|
|poke|p1|Flutter Mane, L50|
|poke|p1|Ursaluna-Bloodmoon, L50, M|
|poke|p2|Palafin, L50, M|
|poke|p2|Raichu-Alola, L50, M|
|poke|p2|Lugia, L50|
|poke|p2|Zacian-*, L50|
|poke|p2|Kingambit, L50, F|
|poke|p2|Politoed, L50, M|
|teampreview|4
|inactive|Battle timer is ON: inactive players will automatically lose when time's up. (requested by Vvvgggcccrrrooobbb)
bapdabo rejected open team sheets.
|inactive|bapdabo has 60 seconds left.
|
|t:|1750821361
|start
|switch|p1a: Flutter Mane|Flutter Mane, L50|100/100
|switch|p1b: Koraidon|Koraidon, L50|100/100
|switch|p2a: Kingambit|Kingambit, L50, F|100/100
|switch|p2b: Lugia|Lugia, L50|100/100
|-weather|SunnyDay|[from] ability: Orichalcum Pulse|[of] p1b: Koraidon
|-activate|p1a: Flutter Mane|ability: Protosynthesis
|-start|p1a: Flutter Mane|protosynthesisspe
|-activate|p1b: Koraidon|Orichalcum Pulse|[source]
|turn|1
|
|t:|1750821379
|switch|p2a: Politoed|Politoed, L50, M|100/100
|-weather|RainDance|[from] ability: Drizzle|[of] p2a: Politoed
|-end|p1a: Flutter Mane|Protosynthesis
|move|p1b: Koraidon|U-turn|p2b: Lugia
|-damage|p2b: Lugia|88/100
|-damage|p1b: Koraidon|91/100|[from] item: Life Orb
|
|t:|1750821386
|switch|p1b: Ursaluna|Ursaluna-Bloodmoon, L50, M|100/100|[from] U-turn
|move|p2b: Lugia|Aeroblast|p1b: Ursaluna
|-crit|p1b: Ursaluna
|-damage|p1b: Ursaluna|34/100
|move|p1a: Flutter Mane|Trick Room|p1a: Flutter Mane
|-fieldstart|move: Trick Room|[of] p1a: Flutter Mane
|
|-weather|RainDance|[upkeep]
|upkeep
|turn|2
|
|t:|1750821399
|move|p1a: Flutter Mane|Helping Hand|p1b: Ursaluna
|-singleturn|p1b: Ursaluna|Helping Hand|[of] p1a: Flutter Mane
|move|p1b: Ursaluna|Blood Moon|p2b: Lugia
|-damage|p2b: Lugia|14/100
|move|p2a: Politoed|Weather Ball|p1b: Ursaluna
|-supereffective|p1b: Ursaluna
|-damage|p1b: Ursaluna|0 fnt
|faint|p1b: Ursaluna
|move|p2b: Lugia|Recover|p2b: Lugia
|-heal|p2b: Lugia|64/100
|
|-weather|RainDance|[upkeep]
|upkeep
|
|t:|1750821406
|switch|p1b: Calyrex|Calyrex-Ice, L50|100/100
|-ability|p1b: Calyrex|As One
|-ability|p1b: Calyrex|Unnerve
|turn|3
|
|t:|1750821423
|move|p1a: Flutter Mane|Helping Hand|p1b: Calyrex
|-singleturn|p1b: Calyrex|Helping Hand|[of] p1a: Flutter Mane
|move|p1b: Calyrex|Glacial Lance|p2b: Lugia|[spread] p2a,p2b
|-resisted|p2a: Politoed
|-supereffective|p2b: Lugia
|-damage|p2a: Politoed|58/100
|-damage|p2b: Lugia|0 fnt
|faint|p2b: Lugia
|-ability|p1b: Calyrex|Chilling Neigh|boost
|-boost|p1b: Calyrex|atk|1
|move|p2a: Politoed|Perish Song|p2a: Politoed
|-start|p1a: Flutter Mane|perish3|[silent]
|-start|p1b: Calyrex|perish3|[silent]
|-start|p2a: Politoed|perish3|[silent]
|-fieldactivate|move: Perish Song
|
|-weather|RainDance|[upkeep]
|-heal|p2a: Politoed|64/100|[from] item: Leftovers
|-start|p1b: Calyrex|perish3
|-start|p2a: Politoed|perish3
|-start|p1a: Flutter Mane|perish3
|upkeep
|
|t:|1750821441
|switch|p2b: Kingambit|Kingambit, L50, F|100/100
|turn|4
|inactive|bapdabo has 30 seconds left.
|inactive|bapdabo has 20 seconds left.
|
|t:|1750821477
|move|p1a: Flutter Mane|Helping Hand|p1b: Calyrex
|-singleturn|p1b: Calyrex|Helping Hand|[of] p1a: Flutter Mane
|move|p2a: Politoed|Protect|p2a: Politoed
|-singleturn|p2a: Politoed|Protect
|move|p1b: Calyrex|High Horsepower|p2b: Kingambit
|-supereffective|p2b: Kingambit
|-damage|p2b: Kingambit|0 fnt
|faint|p2b: Kingambit
|-ability|p1b: Calyrex|Chilling Neigh|boost
|-boost|p1b: Calyrex|atk|1
|
|-weather|RainDance|[upkeep]
|-heal|p2a: Politoed|70/100|[from] item: Leftovers
|-start|p1b: Calyrex|perish2
|-start|p2a: Politoed|perish2
|-start|p1a: Flutter Mane|perish2
|upkeep
|
|t:|1750821492
|switch|p2b: Zacian|Zacian-Crowned, L50|100/100
|-ability|p2b: Zacian|Intrepid Sword|boost
|-boost|p2b: Zacian|atk|1
|turn|5
|-message|bapdabo forfeited.
|
|win|Vvvgggcccrrrooobbb
|raw|Vvvgggcccrrrooobbb's rating: 1306 &rarr; <strong>1322</strong><br />(+16 for winning)
|raw|bapdabo's rating: 1240 &rarr; <strong>1220</strong><br />(-20 for losing)
|l|☆bapdabo
|player|p2|
|l|☆Vvvgggcccrrrooobbb
|player|p1|
