|j|☆It'sJustKen VGC
|j|☆Iamsliverfish
|t:|1750811867
|gametype|doubles
|player|p1|It'sJustKen VGC|caitlin|1707
|player|p2|Iamsliverfish|silver-masters|1795
|teamsize|p1|6
|teamsize|p2|6
|gen|9
|tier|[Gen 9] VGC 2025 Reg I
|rated|
|rule|Species Clause: Limit one of each Pokémon
|rule|Item Clause: Limit 1 of each item
|clearpoke
|poke|p1|Incineroar, L50, F|
|poke|p1|Urshifu-*, L50, F|
|poke|p1|Amoonguss, L50, F|
|poke|p1|Calyrex-Shadow, L50|
|poke|p1|Tornadus, L50, M|
|poke|p1|Terapagos, L50, M|
|poke|p2|Zamazenta-*, L50|
|poke|p2|Kyogre, L50|
|poke|p2|Chien-Pao, L50|
|poke|p2|Roaring Moon, L50|
|poke|p2|Rillaboom, L50, F|
|poke|p2|Urshifu-*, L50, F|
|teampreview|4
|inactive|Battle timer is ON: inactive players will automatically lose when time's up. (requested by It'sJustKen VGC)
|inactive|It'sJustKen VGC has 60 seconds left.
|inactive|Iamsliverfish has 60 seconds left.
|inactive|It'sJustKen VGC has 30 seconds left.
|
|t:|1750811934
|start
|switch|p1a: Steven He|Urshifu-Rapid-Strike, L50, F|100/100
|switch|p1b: TTE|Tornadus, L50, M|100/100
|switch|p2a: roundtile|Roaring Moon, L50|100/100
|switch|p2b: Dogtile|Zamazenta-Crowned, L50|100/100
|-ability|p2b: Dogtile|Dauntless Shield|boost
|-boost|p2b: Dogtile|def|1
|-enditem|p2a: roundtile|Booster Energy
|-activate|p2a: roundtile|ability: Protosynthesis|[fromitem]
|-start|p2a: roundtile|protosynthesisspe
|turn|1
|inactive|Iamsliverfish has 30 seconds left.
|inactive|Iamsliverfish has 20 seconds left.
|inactive|Iamsliverfish has 15 seconds left.
|
|t:|1750811978
|-terastallize|p2a: roundtile|Flying
|-terastallize|p1a: Steven He|Water
|move|p1b: TTE|Tailwind|p1b: TTE
|-sidestart|p1: It'sJustKen VGC|move: Tailwind
|move|p1a: Steven He|Surging Strikes|p2a: roundtile
|-crit|p2a: roundtile
|-damage|p2a: roundtile|69/100
|-crit|p2a: roundtile
|-damage|p2a: roundtile|35/100
|-crit|p2a: roundtile
|-damage|p2a: roundtile|0 fnt
|faint|p2a: roundtile
|-end|p2a: roundtile|Protosynthesis|[silent]
|-hitcount|p2: roundtile|3
|move|p2b: Dogtile|Heavy Slam|p1b: TTE
|-damage|p1b: TTE|30/100
|
|upkeep
|
|t:|1750811986
|switch|p2a: duckhair|Rillaboom, L50, F|100/100
|-fieldstart|move: Grassy Terrain|[from] ability: Grassy Surge|[of] p2a: duckhair
|turn|2
|
|t:|1750811998
|switch|p2b: cattile|Chien-Pao, L50|100/100
|-ability|p2b: cattile|Sword of Ruin
|move|p2a: duckhair|Grassy Glide|p1a: Steven He
|-supereffective|p1a: Steven He
|-damage|p1a: Steven He|0 fnt
|faint|p1a: Steven He
|move|p1b: TTE|Bleakwind Storm|p2b: cattile|[spread] p2a,p2b
|-supereffective|p2a: duckhair
|-damage|p2a: duckhair|51/100
|-damage|p2b: cattile|42/100
|-unboost|p2b: cattile|spe|1
|
|-heal|p2b: cattile|48/100|[from] Grassy Terrain
|-heal|p2a: duckhair|57/100|[from] Grassy Terrain
|upkeep
|
|t:|1750812006
|switch|p1a: @Not Wolfe Glick|Incineroar, L50, F|100/100
|-ability|p1a: @Not Wolfe Glick|Intimidate|boost
|-unboost|p2a: duckhair|atk|1
|-unboost|p2b: cattile|atk|1
|turn|3
|j| joli.sv
|inactive|Iamsliverfish has 30 seconds left.
|inactive|Iamsliverfish has 20 seconds left.
|inactive|Iamsliverfish has 15 seconds left.
|inactive|Iamsliverfish has 10 seconds left.
|inactive|Iamsliverfish has 5 seconds left.
|
|t:|1750812061
|move|p1b: TTE|Protect|p1b: TTE
|-singleturn|p1b: TTE|Protect
|move|p1a: @Not Wolfe Glick|Flare Blitz|p2a: duckhair
|-supereffective|p2a: duckhair
|-damage|p2a: duckhair|0 fnt
|faint|p2a: duckhair
|-damage|p1a: @Not Wolfe Glick|80/100|[from] Recoil
|move|p2b: cattile|Icicle Crash|p1a: @Not Wolfe Glick
|-resisted|p1a: @Not Wolfe Glick
|-damage|p1a: @Not Wolfe Glick|62/100
|
|-heal|p1a: @Not Wolfe Glick|68/100|[from] Grassy Terrain
|-heal|p2b: cattile|54/100|[from] Grassy Terrain
|upkeep
|
|t:|1750812066
|switch|p2a: Dogtile|Zamazenta-Crowned, L50|100/100
|turn|4
|
|t:|1750812077
|switch|p1b: Tera Cell|Terapagos, L50, M|100/100
|-activate|p1b: Tera Cell|ability: Tera Shift
|detailschange|p1b: Tera Cell|Terapagos-Terastal, L50, M
|-heal|p1b: Tera Cell|100/100|[silent]
|move|p2b: cattile|Protect|p2b: cattile
|-singleturn|p2b: cattile|Protect
|move|p1a: @Not Wolfe Glick|U-turn|p2b: cattile
|-activate|p2b: cattile|move: Protect
|move|p2a: Dogtile|Body Press|p1a: @Not Wolfe Glick
|-supereffective|p1a: @Not Wolfe Glick
|-damage|p1a: @Not Wolfe Glick|0 fnt
|faint|p1a: @Not Wolfe Glick
|
|-heal|p2b: cattile|60/100|[from] Grassy Terrain
|-sideend|p1: It'sJustKen VGC|move: Tailwind
|upkeep
|
|t:|1750812080
|switch|p1a: TTE|Tornadus, L50, M|30/100
|turn|5
|
|t:|1750812087
|move|p1a: TTE|Rain Dance|p1a: TTE
|-weather|RainDance
|move|p2b: cattile|Sucker Punch|p1b: Tera Cell
|-activate|p1b: Tera Cell|ability: Tera Shell
|-resisted|p1b: Tera Cell
|-damage|p1b: Tera Cell|85/100
|move|p2a: Dogtile|Body Press|p1b: Tera Cell
|-supereffective|p1b: Tera Cell
|-damage|p1b: Tera Cell|0 fnt
|faint|p1b: Tera Cell
|
|-weather|RainDance|[upkeep]
|-heal|p2b: cattile|66/100|[from] Grassy Terrain
|upkeep
|turn|6
|
|t:|1750812093
|move|p2b: cattile|Sucker Punch|p1a: TTE
|-damage|p1a: TTE|0 fnt
|faint|p1a: TTE
|
|win|Iamsliverfish
|raw|It&apos;sJustKen VGC's rating: 1707 &rarr; <strong>1693</strong><br />(-14 for losing)
|raw|Iamsliverfish's rating: 1806 &rarr; <strong>1820</strong><br />(+14 for winning)
|l|☆Iamsliverfish
|player|p2|
|l|☆It'sJustKen VGC
|player|p1|
|l| joli.sv
