|j|☆Tommytheog
|j|☆caprican
|t:|1750743185
|gametype|doubles
|player|p1|Tommytheog|266|1168
|player|p2|caprican|skyla|1221
|teamsize|p1|6
|teamsize|p2|6
|gen|9
|tier|[Gen 9] VGC 2025 Reg I
|rated|
|rule|Species Clause: Limit one of each Pokémon
|rule|Item Clause: Limit 1 of each item
|clearpoke
|poke|p1|Koraidon, L50|
|poke|p1|Charizard, L50, F|
|poke|p1|Urshifu-*, L50, F|
|poke|p1|Groudon, L50|
|poke|p1|Torkoal, L50, M|
|poke|p1|Flutter Mane, L50|
|poke|p2|Miraidon, L50|
|poke|p2|Calyrex-Ice, L50|
|poke|p2|Incineroar, L50, F|
|poke|p2|Iron Hands, L50|
|poke|p2|Farigiraf, L50, F|
|poke|p2|Iron Treads, L50|
|teampreview|4
|inactive|Battle timer is ON: inactive players will automatically lose when time's up. (requested by Tommytheog)
|inactive|caprican has 60 seconds left.
|
|t:|1750743263
|start
|switch|p1a: Charizard|Charizard, L50, F|100/100
|switch|p1b: Koraidon|Koraidon, L50|100/100
|switch|p2a: THE DON|Miraidon, L50|100/100
|switch|p2b: MEOW|Incineroar, L50, F, shiny|100/100
|-weather|SunnyDay|[from] ability: Orichalcum Pulse|[of] p1b: Koraidon
|-activate|p1b: Koraidon|Orichalcum Pulse|[source]
|-fieldstart|move: Electric Terrain|[from] ability: Hadron Engine|[of] p2a: THE DON
|-ability|p2b: MEOW|Intimidate|boost
|-unboost|p1a: Charizard|atk|1
|-unboost|p1b: Koraidon|atk|1
|turn|1
|inactive|Tommytheog has 30 seconds left.
|inactive|caprican has 30 seconds left.
|inactive|Tommytheog has 20 seconds left.
|inactive|caprican has 20 seconds left.
|inactive|Tommytheog has 15 seconds left.
|inactive|caprican has 15 seconds left.
|inactive|Tommytheog has 10 seconds left.
|inactive|caprican has 10 seconds left.
|
|t:|1750743312
|-terastallize|p1a: Charizard|Dragon
|move|p2b: MEOW|Fake Out|p1b: Koraidon
|-damage|p1b: Koraidon|90/100
|cant|p1b: Koraidon|flinch
|move|p2a: THE DON|Volt Switch|p1a: Charizard
|-resisted|p1a: Charizard
|-damage|p1a: Charizard|28/100
|
|t:|1750743326
|switch|p2a: ROLL TIDE|Iron Treads, L50|100/100|[from] Volt Switch
|-activate|p2a: ROLL TIDE|ability: Quark Drive
|-start|p2a: ROLL TIDE|quarkdrivespe
|move|p1a: Charizard|Heat Wave|p2b: MEOW|[spread] p2a,p2b
|-supereffective|p2a: ROLL TIDE
|-resisted|p2b: MEOW
|-damage|p2a: ROLL TIDE|0 fnt
|-damage|p2b: MEOW|46/100
|faint|p2a: ROLL TIDE
|-end|p2a: ROLL TIDE|Quark Drive|[silent]
|
|-weather|SunnyDay|[upkeep]
|-damage|p1a: Charizard|15/100|[from] ability: Solar Power|[of] p1a: Charizard
|upkeep
|
|t:|1750743347
|switch|p2a: THE DON|Miraidon, L50|100/100
|-activate|p2a: THE DON|ability: Hadron Engine
|turn|2
|
|t:|1750743362
|move|p1b: Koraidon|Dragon Claw|p2a: THE DON
|-supereffective|p2a: THE DON
|-damage|p2a: THE DON|13/100
|-damage|p1b: Koraidon|81/100|[from] item: Life Orb
|move|p2a: THE DON|Volt Switch|p1a: Charizard
|-resisted|p1a: Charizard
|-damage|p1a: Charizard|0 fnt
|faint|p1a: Charizard
|
|t:|1750743371
|switch|p2a: TERA ICE|Calyrex-Ice, L50|100/100|[from] Volt Switch
|-ability|p2a: TERA ICE|As One
|-ability|p2a: TERA ICE|Unnerve
|move|p2b: MEOW|Will-O-Wisp|p1b: Koraidon
|-status|p1b: Koraidon|brn
|
|-weather|SunnyDay|[upkeep]
|-damage|p1b: Koraidon|74/100 brn|[from] brn
|upkeep
|
|t:|1750743387
|switch|p1a: Torkoal|Torkoal, L50, M|100/100
|turn|3
|inactive|caprican has 30 seconds left.
|inactive|caprican has 20 seconds left.
|inactive|caprican has 15 seconds left.
|inactive|caprican has 10 seconds left.
|
|t:|1750743433
|move|p2a: TERA ICE|Protect|p2a: TERA ICE
|-singleturn|p2a: TERA ICE|Protect
|move|p1b: Koraidon|Close Combat|p2a: TERA ICE
|-activate|p2a: TERA ICE|move: Protect
|move|p2b: MEOW|Knock Off|p1a: Torkoal
|-damage|p1a: Torkoal|71/100
|-enditem|p1a: Torkoal|Flame Plate|[from] move: Knock Off|[of] p2b: MEOW
|move|p1a: Torkoal|Eruption|p2a: TERA ICE|[spread] p2b
|-activate|p2a: TERA ICE|move: Protect
|-resisted|p2b: MEOW
|-damage|p2b: MEOW|25/100
|
|-weather|SunnyDay|[upkeep]
|-damage|p1b: Koraidon|68/100 brn|[from] brn
|upkeep
|turn|4
|inactive|caprican has 30 seconds left.
|
|t:|1750743465
|-terastallize|p2a: TERA ICE|Fire
|move|p1b: Koraidon|Flare Blitz|p2a: TERA ICE
|-resisted|p2a: TERA ICE
|-damage|p2a: TERA ICE|89/100
|-damage|p1b: Koraidon|64/100 brn|[from] Recoil
|-damage|p1b: Koraidon|54/100 brn|[from] item: Life Orb
|move|p2b: MEOW|Parting Shot|p1a: Torkoal
|-unboost|p1a: Torkoal|atk|1
|-unboost|p1a: Torkoal|spa|1
|
|t:|1750743474
|switch|p2b: THE DON|Miraidon, L50|13/100|[from] Parting Shot
|-activate|p2b: THE DON|ability: Hadron Engine
|move|p2a: TERA ICE|High Horsepower|p1a: Torkoal
|-supereffective|p1a: Torkoal
|-damage|p1a: Torkoal|9/100
|move|p1a: Torkoal|Eruption|p2a: TERA ICE|[spread] p2a,p2b
|-resisted|p2a: TERA ICE
|-resisted|p2b: THE DON
|-damage|p2a: TERA ICE|88/100
|-damage|p2b: THE DON|12/100
|
|-weather|SunnyDay|[upkeep]
|-damage|p1b: Koraidon|48/100 brn|[from] brn
|upkeep
|turn|5
|
|t:|1750743496
|switch|p1b: Flutter Mane|Flutter Mane, L50|100/100
|-activate|p1b: Flutter Mane|ability: Protosynthesis
|-start|p1b: Flutter Mane|protosynthesisspe
|move|p2a: TERA ICE|Protect|p2a: TERA ICE
|-singleturn|p2a: TERA ICE|Protect
|move|p2b: THE DON|Volt Switch|p1a: Torkoal
|-damage|p1a: Torkoal|0 fnt
|faint|p1a: Torkoal
|
|t:|1750743505
|switch|p2b: MEOW|Incineroar, L50, F, shiny|25/100|[from] Volt Switch
|-ability|p2b: MEOW|Intimidate|boost
|-unboost|p1b: Flutter Mane|atk|1
|
|-weather|none
|-end|p1b: Flutter Mane|Protosynthesis
|-fieldend|move: Electric Terrain
|upkeep
|
|t:|1750743508
|switch|p1a: Koraidon|Koraidon, L50|48/100 brn
|-weather|SunnyDay|[from] ability: Orichalcum Pulse|[of] p1a: Koraidon
|-activate|p1b: Flutter Mane|ability: Protosynthesis
|-start|p1b: Flutter Mane|protosynthesisspe
|-activate|p1a: Koraidon|Orichalcum Pulse|[source]
|turn|6
|
|t:|1750743524
|move|p2b: MEOW|Fake Out|p1a: Koraidon
|-damage|p1a: Koraidon|38/100 brn
|cant|p1a: Koraidon|flinch
|move|p1b: Flutter Mane|Trick Room|p1b: Flutter Mane
|-fieldstart|move: Trick Room|[of] p1b: Flutter Mane
|move|p2a: TERA ICE|Trick Room|p2a: TERA ICE
|-fieldend|move: Trick Room
|
|-weather|SunnyDay|[upkeep]
|-damage|p1a: Koraidon|32/100 brn|[from] brn
|upkeep
|turn|7
|inactive|Tommytheog has 30 seconds left.
|
|t:|1750743550
|move|p2a: TERA ICE|Protect|p2a: TERA ICE
|-singleturn|p2a: TERA ICE|Protect
|move|p1b: Flutter Mane|Shadow Ball|p2a: TERA ICE
|-activate|p2a: TERA ICE|move: Protect
|move|p1a: Koraidon|Close Combat|p2b: MEOW
|-supereffective|p2b: MEOW
|-damage|p2b: MEOW|0 fnt
|-unboost|p1a: Koraidon|def|1
|-unboost|p1a: Koraidon|spd|1
|-damage|p1a: Koraidon|15/100 brn|[from] item: Rocky Helmet|[of] p2b: MEOW
|faint|p2b: MEOW
|-damage|p1a: Koraidon|6/100 brn|[from] item: Life Orb
|
|-weather|SunnyDay|[upkeep]
|-damage|p1a: Koraidon|0 fnt|[from] brn
|faint|p1a: Koraidon
|upkeep
|
|t:|1750743558
|switch|p2b: THE DON|Miraidon, L50|12/100
|-fieldstart|move: Electric Terrain|[from] ability: Hadron Engine|[of] p2b: THE DON
|turn|8
|
|t:|1750743575
|move|p1b: Flutter Mane|Shadow Ball|p2b: THE DON
|-damage|p2b: THE DON|0 fnt
|faint|p2b: THE DON
|move|p2a: TERA ICE|Trick Room|p2a: TERA ICE
|-fieldstart|move: Trick Room|[of] p2a: TERA ICE
|
|-weather|SunnyDay|[upkeep]
|upkeep
|turn|9
|
|t:|1750743582
|move|p2a: TERA ICE|Glacial Lance|p1b: Flutter Mane
|-enditem|p1b: Flutter Mane|Focus Sash
|-damage|p1b: Flutter Mane|1/100
|move|p1b: Flutter Mane|Trick Room|p1b: Flutter Mane
|-fieldend|move: Trick Room
|
|-weather|SunnyDay|[upkeep]
|upkeep
|turn|10
|
|t:|1750743589
|move|p1b: Flutter Mane|Shadow Ball|p2a: TERA ICE
|-damage|p2a: TERA ICE|58/100
|move|p2a: TERA ICE|Glacial Lance|p1b: Flutter Mane
|-damage|p1b: Flutter Mane|0 fnt
|faint|p1b: Flutter Mane
|-end|p1b: Flutter Mane|Protosynthesis|[silent]
|
|win|caprican
|raw|Tommytheog's rating: 1168 &rarr; <strong>1147</strong><br />(-21 for losing)
|raw|caprican's rating: 1221 &rarr; <strong>1242</strong><br />(+21 for winning)
|l|☆caprican
|player|p2|
