|j|☆GoobisLoobis
|j|☆Mishima14
|t:|1750743916
|gametype|doubles
|player|p1|GoobisLoobis|265|1684
|player|p2|Mishima14|101|1608
|teamsize|p1|6
|teamsize|p2|6
|gen|9
|tier|[Gen 9] VGC 2025 Reg I
|rated|
|rule|Species Clause: Limit one of each Pokémon
|rule|Item Clause: Limit 1 of each item
|clearpoke
|poke|p1|Zamazenta-*, L50|
|poke|p1|Calyrex-Shadow, L50|
|poke|p1|Ditto, L50|
|poke|p1|Grimmsnarl, L50, M|
|poke|p1|Raging Bolt, L50|
|poke|p1|Volcarona, L50, M|
|poke|p2|Calyrex-Ice, L50|
|poke|p2|Incineroar, L50, F|
|poke|p2|Landorus, L50, M|
|poke|p2|Farigiraf, L50, M|
|poke|p2|Miraidon, L50|
|poke|p2|Urshifu-*, L50, M|
|teampreview|4
|inactive|Battle timer is ON: inactive players will automatically lose when time's up. (requested by Mishima14)
|
|t:|1750743941
|start
|switch|p1a: Grimmsnarl|Grimmsnarl, L50, M, shiny|100/100
|switch|p1b: Volcarona|Volcarona, L50, M|100/100
|switch|p2a: Miraidon|Miraidon, L50|100/100
|switch|p2b: Landorus|Landorus, L50, M|100/100
|-fieldstart|move: Electric Terrain|[from] ability: Hadron Engine|[of] p2a: Miraidon
|turn|1
|
|t:|1750743963
|move|p1a: Grimmsnarl|Light Screen|p1a: Grimmsnarl
|-sidestart|p1: GoobisLoobis|move: Light Screen
|move|p2a: Miraidon|Electro Drift|p1a: Grimmsnarl
|-damage|p1a: Grimmsnarl|52/100
|move|p2b: Landorus|Taunt|p1b: Volcarona
|-start|p1b: Volcarona|move: Taunt
|cant|p1b: Volcarona|move: Taunt|Tailwind
|
|upkeep
|turn|2
|
|t:|1750743977
|move|p2a: Miraidon|Electro Drift|p1a: Grimmsnarl
|-damage|p1a: Grimmsnarl|2/100
|move|p2b: Landorus|Sludge Bomb|p1a: Grimmsnarl
|-supereffective|p1a: Grimmsnarl
|-damage|p1a: Grimmsnarl|0 fnt
|faint|p1a: Grimmsnarl
|move|p1b: Volcarona|Struggle Bug|p2b: Landorus|[spread] p2a,p2b
|-resisted|p2b: Landorus
|-damage|p2a: Miraidon|86/100
|-damage|p2b: Landorus|91/100
|-unboost|p2a: Miraidon|spa|1
|-unboost|p2b: Landorus|spa|1
|
|upkeep
|
|t:|1750743986
|switch|p1a: Calyrex|Calyrex-Shadow, L50|100/100
|-ability|p1a: Calyrex|As One
|-ability|p1a: Calyrex|Unnerve
|turn|3
|
|t:|1750743994
|switch|p2a: Incineroar|Incineroar, L50, F|100/100
|-ability|p2a: Incineroar|Intimidate|boost
|-unboost|p1a: Calyrex|atk|1
|-unboost|p1b: Volcarona|atk|1
|-terastallize|p1a: Calyrex|Ghost
|move|p2b: Landorus|Protect|p2b: Landorus
|-singleturn|p2b: Landorus|Protect
|move|p1a: Calyrex|Astral Barrage|p2b: Landorus|[spread] p2a
|-activate|p2b: Landorus|move: Protect
|-resisted|p2a: Incineroar
|-damage|p2a: Incineroar|70/100
|-damage|p1a: Calyrex|91/100|[from] item: Life Orb
|move|p1b: Volcarona|Struggle Bug|p2a: Incineroar|[spread] p2a
|-activate|p2b: Landorus|move: Protect
|-damage|p2a: Incineroar|59/100
|-unboost|p2a: Incineroar|spa|1
|
|-end|p1b: Volcarona|move: Taunt
|upkeep
|turn|4
|inactive|Mishima14 has 30 seconds left.
|
|t:|1750744022
|switch|p2b: Miraidon|Miraidon, L50|86/100
|-activate|p2b: Miraidon|ability: Hadron Engine
|move|p1a: Calyrex|Protect|p1a: Calyrex
|-singleturn|p1a: Calyrex|Protect
|move|p2a: Incineroar|Fake Out|p1b: Volcarona
|-damage|p1b: Volcarona|89/100
|cant|p1b: Volcarona|flinch
|
|upkeep
|turn|5
|
|t:|1750744038
|-terastallize|p2b: Miraidon|Fairy
|move|p1b: Volcarona|Rage Powder|p1b: Volcarona
|-singleturn|p1b: Volcarona|move: Rage Powder
|move|p2b: Miraidon|Dazzling Gleam|p1b: Volcarona|[spread] p1a,p1b
|-resisted|p1b: Volcarona
|-damage|p1a: Calyrex|60/100
|-damage|p1b: Volcarona|77/100
|move|p1a: Calyrex|Astral Barrage|p2b: Miraidon|[spread] p2a,p2b
|-resisted|p2a: Incineroar
|-damage|p2a: Incineroar|30/100
|-damage|p2b: Miraidon|12/100
|-damage|p1a: Calyrex|50/100|[from] item: Life Orb
|move|p2a: Incineroar|U-turn|p1b: Volcarona
|-resisted|p1b: Volcarona
|-damage|p1b: Volcarona|67/100
|
|t:|1750744050
|switch|p2a: Landorus|Landorus, L50, M|91/100|[from] U-turn
|
|-fieldend|move: Electric Terrain
|upkeep
|turn|6
|
|t:|1750744061
|move|p1a: Calyrex|Protect|p1a: Calyrex
|-singleturn|p1a: Calyrex|Protect
|move|p2a: Landorus|Protect|p2a: Landorus
|-singleturn|p2a: Landorus|Protect
|move|p2b: Miraidon|Dazzling Gleam|p1b: Volcarona|[spread] p1b
|-activate|p1a: Calyrex|move: Protect
|-resisted|p1b: Volcarona
|-damage|p1b: Volcarona|58/100
|move|p1b: Volcarona|Tailwind|p1b: Volcarona
|-sidestart|p1: GoobisLoobis|move: Tailwind
|
|upkeep
|turn|7
|
|t:|1750744069
|move|p1a: Calyrex|Astral Barrage|p2b: Miraidon|[spread] p2a,p2b
|-damage|p2a: Landorus|0 fnt
|-damage|p2b: Miraidon|0 fnt
|faint|p2a: Landorus
|faint|p2b: Miraidon
|-ability|p1a: Calyrex|Grim Neigh|boost
|-boost|p1a: Calyrex|spa|2
|-damage|p1a: Calyrex|41/100|[from] item: Life Orb
|move|p1b: Volcarona|Fiery Dance|p2: Landorus|[notarget]
|-fail|p1b: Volcarona
|
|upkeep
|
|t:|1750744071
|switch|p2b: Calyrex|Calyrex-Ice, L50|100/100
|switch|p2a: Incineroar|Incineroar, L50, F|30/100
|-ability|p2b: Calyrex|As One
|-ability|p2b: Calyrex|Unnerve
|-ability|p2a: Incineroar|Intimidate|boost
|-unboost|p1a: Calyrex|atk|1
|-unboost|p1b: Volcarona|atk|1
|turn|8
|
|t:|1750744080
|move|p1a: Calyrex|Astral Barrage|p2a: Incineroar|[spread] p2a,p2b
|-resisted|p2a: Incineroar
|-supereffective|p2b: Calyrex
|-damage|p2a: Incineroar|0 fnt
|-damage|p2b: Calyrex|0 fnt
|faint|p2a: Incineroar
|faint|p2b: Calyrex
|-damage|p1a: Calyrex|31/100|[from] item: Life Orb
|
|win|GoobisLoobis
|raw|GoobisLoobis's rating: 1684 &rarr; <strong>1700</strong><br />(+16 for winning)
|raw|Mishima14's rating: 1608 &rarr; <strong>1592</strong><br />(-16 for losing)
|l|☆Mishima14
|player|p2|
|l|☆GoobisLoobis
|player|p1|
