|j|☆ultrazzy
|j|☆Harrishawk530
|t:|1750857725
|gametype|doubles
|player|p1|ultrazzy|lillie-masters2|1085
|player|p2|Harrishawk530|ghetsis-gen5bw|1132
|teamsize|p1|6
|teamsize|p2|6
|gen|9
|tier|[Gen 9] VGC 2025 Reg I
|rated|
|rule|Species Clause: Limit one of each Pokémon
|rule|Item Clause: Limit 1 of each item
|clearpoke
|poke|p1|Koraidon, L50|
|poke|p1|Dialga, L50|
|poke|p1|Incineroar, L50, M|
|poke|p1|Iron Jugulis, L50|
|poke|p1|Gouging Fire, L50|
|poke|p1|Lilligant-Hisui, L50, F|
|poke|p2|Kyurem-White, L50|
|poke|p2|Ninetales-Alola, L50, F|
|poke|p2|Zamazenta-*, L50|
|poke|p2|Arcanine-Hisui, L50, M|
|poke|p2|Ogerpon-Wellspring, L50, F|
|poke|p2|Tornadus, L50, M|
|teampreview|4
|inactive|Battle timer is ON: inactive players will automatically lose when time's up. (requested by Harrishawk530)
|inactive|ultrazzy has 60 seconds left.
|inactive|Harrishawk530 has 60 seconds left.
|
|t:|1750857770
|start
|switch|p1a: Lilligant|Lilligant-Hisui, L50, F, shiny|100/100
|switch|p1b: Dialga|Dialga, L50, shiny|100/100
|switch|p2a: Tornadus|Tornadus, L50, M|100/100
|switch|p2b: Kyurem|Kyurem-White, L50|100/100
|-ability|p2b: Kyurem|Turboblaze
|-ability|p1b: Dialga|Pressure
|turn|1
|
|t:|1750857794
|-terastallize|p2b: Kyurem|Fire
|move|p2a: Tornadus|Snowscape|p2a: Tornadus
|-weather|Snowscape
|move|p1a: Lilligant|Close Combat|p2b: Kyurem
|-damage|p2b: Kyurem|55/100
|-unboost|p1a: Lilligant|def|1
|-unboost|p1a: Lilligant|spd|1
|move|p2b: Kyurem|Blizzard|p1a: Lilligant|[spread] p1a,p1b
|-supereffective|p1a: Lilligant
|-enditem|p1a: Lilligant|Focus Sash
|-damage|p1a: Lilligant|1/100
|-damage|p1b: Dialga|52/100
|move|p1b: Dialga|Trick Room|p1b: Dialga
|-fieldstart|move: Trick Room|[of] p1b: Dialga
|
|-weather|Snowscape|[upkeep]
|upkeep
|turn|2
|inactive|ultrazzy has 30 seconds left.
|inactive|ultrazzy has 20 seconds left.
|
|t:|1750857834
|move|p1b: Dialga|Draco Meteor|p2b: Kyurem
|-crit|p2b: Kyurem
|-damage|p2b: Kyurem|0 fnt
|-unboost|p1b: Dialga|spa|2
|faint|p2b: Kyurem
|move|p1a: Lilligant|Sleep Powder|p2a: Tornadus
|-status|p2a: Tornadus|slp|[from] move: Sleep Powder
|cant|p2a: Tornadus|slp
|
|-weather|Snowscape|[upkeep]
|upkeep
|
|t:|1750857852
|switch|p2b: Arcanine|Arcanine-Hisui, L50, M|100/100
|-ability|p2b: Arcanine|Intimidate|boost
|-unboost|p1a: Lilligant|atk|1
|-unboost|p1b: Dialga|atk|1
|turn|3
|inactive|ultrazzy has 30 seconds left.
|
|t:|1750857877
|move|p1b: Dialga|Protect|p1b: Dialga
|-singleturn|p1b: Dialga|Protect
|move|p2b: Arcanine|Rock Slide|p1b: Dialga|[spread] p1a
|-activate|p1b: Dialga|move: Protect
|-resisted|p1a: Lilligant
|-damage|p1a: Lilligant|0 fnt
|faint|p1a: Lilligant
|cant|p2a: Tornadus|slp
|
|-weather|Snowscape|[upkeep]
|upkeep
|
|t:|1750857890
|switch|p1a: Gouging Fire|Gouging Fire, L50|100/100
|turn|4
|inactive|ultrazzy has 30 seconds left.
|inactive|ultrazzy has 20 seconds left.
|
|t:|1750857928
|move|p1b: Dialga|Draco Meteor|p2a: Tornadus
|-damage|p2a: Tornadus|56/100 slp
|-unboost|p1b: Dialga|spa|2
|move|p2b: Arcanine|Rock Slide|p1a: Gouging Fire|[spread] p1a,p1b
|-supereffective|p1a: Gouging Fire
|-resisted|p1b: Dialga
|-damage|p1a: Gouging Fire|60/100
|-damage|p1b: Dialga|41/100
|move|p1a: Gouging Fire|Dragon Cheer|p1b: Dialga
|-start|p1b: Dialga|move: Dragon Cheer
|-curestatus|p2a: Tornadus|slp|[msg]
|move|p2a: Tornadus|Bleakwind Storm|p1b: Dialga|[spread] 
|-miss|p2a: Tornadus|p1a: Gouging Fire
|-miss|p2a: Tornadus|p1b: Dialga
|
|-weather|Snowscape|[upkeep]
|upkeep
|turn|5
|inactive|ultrazzy has 30 seconds left.
|
|t:|1750857958
|move|p1b: Dialga|Draco Meteor|p2b: Arcanine
|-crit|p2b: Arcanine
|-damage|p2b: Arcanine|0 fnt
|-unboost|p1b: Dialga|spa|2
|faint|p2b: Arcanine
|move|p1a: Gouging Fire|Flare Blitz|p2a: Tornadus
|-damage|p2a: Tornadus|0 fnt
|faint|p2a: Tornadus
|-damage|p1a: Gouging Fire|46/100|[from] Recoil
|
|-weather|none
|-fieldend|move: Trick Room
|upkeep
|
|t:|1750857975
|switch|p2a: Zamazenta|Zamazenta-Crowned, L50|100/100
|-ability|p2a: Zamazenta|Dauntless Shield|boost
|-boost|p2a: Zamazenta|def|1
|turn|6
|inactive|ultrazzy has 30 seconds left.
|
|t:|1750858004
|move|p1a: Gouging Fire|Burning Bulwark|p1a: Gouging Fire
|-singleturn|p1a: Gouging Fire|move: Protect
|move|p1b: Dialga|Protect|p1b: Dialga
|-singleturn|p1b: Dialga|Protect
|move|p2a: Zamazenta|Body Press|p1b: Dialga
|-activate|p1b: Dialga|move: Protect
|
|upkeep
|turn|7
|inactive|ultrazzy has 30 seconds left.
|
|t:|1750858034
|-terastallize|p1b: Dialga|Ghost
|move|p2a: Zamazenta|Body Press|p1b: Dialga
|-immune|p1b: Dialga
|move|p1a: Gouging Fire|Flare Blitz|p2a: Zamazenta
|-supereffective|p2a: Zamazenta
|-damage|p2a: Zamazenta|62/100
|-damage|p1a: Gouging Fire|35/100|[from] Recoil
|move|p1b: Dialga|Draco Meteor|p2a: Zamazenta
|-resisted|p2a: Zamazenta
|-crit|p2a: Zamazenta
|-damage|p2a: Zamazenta|20/100
|
|upkeep
|turn|8
|-message|Harrishawk530 forfeited.
|
|win|ultrazzy
|raw|ultrazzy's rating: 1085 &rarr; <strong>1116</strong><br />(+31 for winning)
|raw|Harrishawk530's rating: 1132 &rarr; <strong>1104</strong><br />(-28 for losing)
|l|☆Harrishawk530
|player|p2|
|l|☆ultrazzy
|player|p1|
