|j|☆eevee887
|j|☆DaWormGod
|t:|1750871283
|gametype|doubles
|player|p1|eevee887|red|1093
|player|p2|DaWormGod|n|1128
|teamsize|p1|6
|teamsize|p2|6
|gen|9
|tier|[Gen 9] VGC 2025 Reg I
|rated|
|rule|Species Clause: Limit one of each Pokémon
|rule|Item Clause: Limit 1 of each item
|clearpoke
|poke|p1|Noivern, L50, M|
|poke|p1|Garchomp, L50, M|
|poke|p1|Toxtricity-Low-Key, L50, M|
|poke|p1|Sinistcha, L50|
|poke|p1|Kingambit, L50, M|
|poke|p1|Pelipper, L50, M|
|poke|p2|Goodra-Hisui, L50, F|
|poke|p2|Ribombee, L50, M|
|poke|p2|Ceruledge, L50, F|
|poke|p2|Breloom, L50, F|
|poke|p2|Gardevoir, L50, M|
|poke|p2|Gyarados, L50, F|
|teampreview|4
|inactive|Battle timer is ON: inactive players will automatically lose when time's up. (requested by eevee887)
|
|t:|1750871320
|start
|switch|p1a: Noivern|Noivern, L50, M, shiny|100/100
|switch|p1b: Toxtricity|Toxtricity-Low-Key, L50, M, shiny|100/100
|switch|p2a: Gardevoir|Gardevoir, L50, M, shiny|100/100
|switch|p2b: Ribombee|Ribombee, L50, M, shiny|100/100
|-ability|p2a: Gardevoir|Punk Rock|[from] ability: Trace|[of] p1b: Toxtricity
|turn|1
|
|t:|1750871337
|move|p2a: Gardevoir|Psychic|p1b: Toxtricity
|-supereffective|p1b: Toxtricity
|-damage|p1b: Toxtricity|0 fnt
|faint|p1b: Toxtricity
|move|p2b: Ribombee|Tailwind|p2b: Ribombee
|-sidestart|p2: DaWormGod|move: Tailwind
|move|p1a: Noivern|Dragon Cheer|p1: Toxtricity|[notarget]
|-fail|p1a: Noivern
|
|upkeep
|
|t:|1750871347
|switch|p1b: Sinistcha|Sinistcha, L50, shiny|100/100
|turn|2
|
|t:|1750871364
|move|p2a: Gardevoir|Psychic|p1a: Noivern
|-damage|p1a: Noivern|39/100
|move|p2b: Ribombee|Dazzling Gleam|p1a: Noivern|[spread] p1a,p1b
|-supereffective|p1a: Noivern
|-damage|p1a: Noivern|0 fnt
|-damage|p1b: Sinistcha|78/100
|faint|p1a: Noivern
|move|p1b: Sinistcha|Trick Room|p1b: Sinistcha
|-fieldstart|move: Trick Room|[of] p1b: Sinistcha
|
|upkeep
|
|t:|1750871372
|switch|p1a: Kingambit|Kingambit, L50, M, shiny|100/100
|turn|3
|
|t:|1750871389
|move|p1b: Sinistcha|Rage Powder|p1b: Sinistcha
|-singleturn|p1b: Sinistcha|move: Rage Powder
|move|p1a: Kingambit|Iron Head|p2a: Gardevoir
|-supereffective|p2a: Gardevoir
|-damage|p2a: Gardevoir|0 fnt
|faint|p2a: Gardevoir
|move|p2b: Ribombee|Pollen Puff|p1b: Sinistcha
|-damage|p1b: Sinistcha|44/100
|
|upkeep
|
|t:|1750871399
|switch|p2a: :)|Breloom, L50, F|100/100
|turn|4
|inactive|eevee887 has 30 seconds left.
|
|t:|1750871431
|move|p1b: Sinistcha|Rage Powder|p1b: Sinistcha
|-singleturn|p1b: Sinistcha|move: Rage Powder
|move|p2a: :)|Mach Punch|p1a: Kingambit
|-supereffective|p1a: Kingambit
|-damage|p1a: Kingambit|0 fnt
|faint|p1a: Kingambit
|move|p2b: Ribombee|Pollen Puff|p1b: Sinistcha
|-damage|p1b: Sinistcha|13/100
|
|-sideend|p2: DaWormGod|move: Tailwind
|upkeep
|turn|5
|
|t:|1750871444
|move|p2a: :)|Mach Punch|p1b: Sinistcha
|-immune|p1b: Sinistcha
|move|p1b: Sinistcha|Matcha Gotcha|p2a: :)|[spread] p2b
|-miss|p1b: Sinistcha|p2a: :)
|-resisted|p2b: Ribombee
|-damage|p2b: Ribombee|84/100
|-heal|p1b: Sinistcha|21/100|[from] drain|[of] p2b: Ribombee
|move|p2b: Ribombee|Pollen Puff|p1b: Sinistcha
|-damage|p1b: Sinistcha|0 fnt
|faint|p1b: Sinistcha
|
|win|DaWormGod
|raw|eevee887's rating: 1093 &rarr; <strong>1071</strong><br />(-22 for losing)
|raw|DaWormGod's rating: 1128 &rarr; <strong>1150</strong><br />(+22 for winning)
|l|☆eevee887
|player|p1|
|l|☆DaWormGod
|player|p2|
