|j|☆RPGman1627
|j|☆circhester city
|t:|1750809843
|gametype|doubles
|player|p1|RPGman1627|drayden|1240
|player|p2|circhester city|morty|1221
|teamsize|p1|6
|teamsize|p2|6
|gen|9
|tier|[Gen 9] VGC 2025 Reg I
|rated|
|rule|Species Clause: Limit one of each Pokémon
|rule|Item Clause: Limit 1 of each item
|clearpoke
|poke|p1|Calyrex-Ice, L50|
|poke|p1|Miraidon, L50|
|poke|p1|Ursaluna, L50, F|
|poke|p1|Rillaboom, L50, M|
|poke|p1|Cobalion, L50|
|poke|p1|Incineroar, L50, F|
|poke|p2|Zamazenta-*, L50|
|poke|p2|Calyrex-Shadow, L50|
|poke|p2|Chi-Yu, L50|
|poke|p2|Flutter Mane, L50|
|poke|p2|Grafaiai, L50, M|
|poke|p2|Ogerpon-Cornerstone, L50, F|
|teampreview|4
|inactive|Battle timer is ON: inactive players will automatically lose when time's up. (requested by RPGman1627)
|
|t:|1750809866
|start
|switch|p1a: Calyrex|Calyrex-Ice, L50|100/100
|switch|p1b: Miraidon|Miraidon, L50|100/100
|switch|p2a: Grafaiai|Grafaiai, L50, M|100/100
|switch|p2b: Calyrex|Calyrex-Shadow, L50|100/100
|-ability|p2b: Calyrex|As One
|-ability|p2b: Calyrex|Unnerve
|-ability|p1a: Calyrex|As One
|-ability|p1a: Calyrex|Unnerve
|-fieldstart|move: Electric Terrain|[from] ability: Hadron Engine|[of] p1b: Miraidon
|turn|1
|inactive|RPGman1627 has 30 seconds left.
|inactive|RPGman1627 has 20 seconds left.
|inactive|RPGman1627 has 15 seconds left.
|inactive|RPGman1627 has 10 seconds left.
|inactive|RPGman1627 has 5 seconds left.
|
|t:|1750809921
|-terastallize|p1a: Calyrex|Fairy
|move|p2a: Grafaiai|Scary Face|p1b: Miraidon
|-unboost|p1b: Miraidon|spe|2
|move|p2b: Calyrex|Nasty Plot|p2b: Calyrex
|-boost|p2b: Calyrex|spa|2
|move|p1b: Miraidon|Volt Switch|p2a: Grafaiai
|-damage|p2a: Grafaiai|6/100
|
|t:|1750809932
|switch|p1b: Ursaluna|Ursaluna, L50, F|100/100|[from] Volt Switch
|move|p1a: Calyrex|Trick Room|p1a: Calyrex
|-fieldstart|move: Trick Room|[of] p1a: Calyrex
|
|-status|p1b: Ursaluna|brn|[from] item: Flame Orb
|upkeep
|turn|2
|inactive|circhester city has 30 seconds left.
|
|t:|1750809960
|move|p2b: Calyrex|Protect|p2b: Calyrex
|-singleturn|p2b: Calyrex|Protect
|move|p2a: Grafaiai|Encore|p1a: Calyrex
|-start|p1a: Calyrex|Encore
|move|p1b: Ursaluna|Headlong Rush|p2b: Calyrex
|-activate|p2b: Calyrex|move: Protect
|move|p1a: Calyrex|Trick Room|p1a: Calyrex
|-fieldend|move: Trick Room
|
|-damage|p1b: Ursaluna|95/100 brn|[from] brn
|upkeep
|turn|3
|inactive|RPGman1627 has 30 seconds left.
|
|t:|1750809990
|switch|p1a: Incineroar|Incineroar, L50, F|100/100
|-ability|p1a: Incineroar|Intimidate|boost
|-unboost|p2a: Grafaiai|atk|1
|-unboost|p2b: Calyrex|atk|1
|-terastallize|p2b: Calyrex|Ghost
|move|p2a: Grafaiai|Switcheroo|p1b: Ursaluna
|-activate|p2a: Grafaiai|move: Trick|[of] p1b: Ursaluna
|-item|p1b: Ursaluna|Ring Target|[from] move: Switcheroo
|-item|p2a: Grafaiai|Flame Orb|[from] move: Switcheroo
|move|p2b: Calyrex|Astral Barrage|p1a: Incineroar|[spread] p1a,p1b
|-resisted|p1a: Incineroar
|-damage|p1a: Incineroar|37/100
|-damage|p1b: Ursaluna|0 fnt
|faint|p1b: Ursaluna
|-ability|p2b: Calyrex|Grim Neigh|boost
|-boost|p2b: Calyrex|spa|1
|
|-status|p2a: Grafaiai|brn|[from] item: Flame Orb
|upkeep
|
|t:|1750810013
|switch|p1b: Miraidon|Miraidon, L50|100/100
|-activate|p1b: Miraidon|ability: Hadron Engine
|turn|4
|
|t:|1750810028
|move|p1a: Incineroar|Fake Out|p2a: Grafaiai
|-damage|p2a: Grafaiai|0 fnt
|faint|p2a: Grafaiai
|move|p1b: Miraidon|Electro Drift|p2b: Calyrex
|-damage|p2b: Calyrex|12/100
|move|p2b: Calyrex|Astral Barrage|p1b: Miraidon|[spread] p1a,p1b
|-resisted|p1a: Incineroar
|-damage|p1a: Incineroar|0 fnt
|-damage|p1b: Miraidon|0 fnt
|faint|p1a: Incineroar
|faint|p1b: Miraidon
|-ability|p2b: Calyrex|Grim Neigh|boost
|-boost|p2b: Calyrex|spa|2
|
|upkeep
|
|t:|1750810039
|switch|p2a: Chi-Yu|Chi-Yu, L50|100/100
|switch|p1a: Calyrex|Calyrex-Ice, L50, tera:Fairy|100/100
|-ability|p1a: Calyrex|As One
|-ability|p1a: Calyrex|Unnerve
|-ability|p2a: Chi-Yu|Beads of Ruin
|turn|5
|
|t:|1750810048
|move|p2a: Chi-Yu|Overheat|p1a: Calyrex
|-damage|p1a: Calyrex|45/100
|-unboost|p2a: Chi-Yu|spa|2
|move|p2b: Calyrex|Astral Barrage|p1a: Calyrex
|-damage|p1a: Calyrex|0 fnt
|faint|p1a: Calyrex
|
|win|circhester city
|raw|RPGman1627's rating: 1240 &rarr; <strong>1214</strong><br />(-26 for losing)
|raw|circhester city's rating: 1221 &rarr; <strong>1247</strong><br />(+26 for winning)
|l|☆RPGman1627
|player|p1|
|l|☆circhester city
|player|p2|
