|j|☆Fragones123
|j|☆zbeach
|t:|1750778087
|gametype|doubles
|player|p1|Fragones123|169|1345
|player|p2|zbeach|101|1346
|teamsize|p1|6
|teamsize|p2|6
|gen|9
|tier|[Gen 9] VGC 2025 Reg I
|rated|
|rule|Species Clause: Limit one of each Pokémon
|rule|Item Clause: Limit 1 of each item
|clearpoke
|poke|p1|Smeargle, L50, M|
|poke|p1|Miraidon, L50|
|poke|p1|Incineroar, L50, M|
|poke|p1|Iron Hands, L50|
|poke|p1|Lunala, L50|
|poke|p1|Volcarona, L50, F|
|poke|p2|Calyrex-Ice, L50|
|poke|p2|Riolu, L50, M|
|poke|p2|Koraidon, L50|
|poke|p2|Walking Wake, L50|
|poke|p2|Flutter Mane, L50|
|poke|p2|Incineroar, L50, M|
|teampreview|4
zbeach has agreed to open team sheets.
|inactive|Battle timer is ON: inactive players will automatically lose when time's up. (requested by zbeach)
|inactive|Fragones123 has 60 seconds left.
|
|t:|1750778139
|start
|switch|p1a: Smeargle|Smeargle, L50, M, shiny|100/100
|switch|p1b: Miraidon|Miraidon, L50|100/100
|switch|p2a: Calyrex|Calyrex-Ice, L50|100/100
|switch|p2b: Riolu|Riolu, L50, M|100/100
|-ability|p2a: Calyrex|As One
|-ability|p2a: Calyrex|Unnerve
|-fieldstart|move: Electric Terrain|[from] ability: Hadron Engine|[of] p1b: Miraidon
|turn|1
|
|t:|1750778162
|-terastallize|p2a: Calyrex|Fire
|move|p1a: Smeargle|Fake Out|p2b: Riolu
|-damage|p2b: Riolu|90/100
|cant|p2b: Riolu|flinch
|move|p1b: Miraidon|Electro Drift|p2a: Calyrex
|-damage|p2a: Calyrex|38/100
|move|p2a: Calyrex|Glacial Lance|p1a: Smeargle|[spread] p1a,p1b
|-supereffective|p1b: Miraidon
|-enditem|p1a: Smeargle|Focus Sash
|-damage|p1a: Smeargle|1/100
|-damage|p1b: Miraidon|0 fnt
|faint|p1b: Miraidon
|-ability|p2a: Calyrex|Chilling Neigh|boost
|-boost|p2a: Calyrex|atk|1
|
|-ability|p1a: Smeargle|Moody|boost
|-boost|p1a: Smeargle|spe|2
|-unboost|p1a: Smeargle|def|1
|upkeep
|
|t:|1750778182
|switch|p1b: Lunala|Lunala, L50|100/100
|turn|2
|
|t:|1750778193
|move|p2b: Riolu|Vacuum Wave|p1a: Smeargle
|-supereffective|p1a: Smeargle
|-crit|p1a: Smeargle
|-damage|p1a: Smeargle|0 fnt
|faint|p1a: Smeargle
|move|p1b: Lunala|Calm Mind|p1b: Lunala
|-boost|p1b: Lunala|spa|1
|-boost|p1b: Lunala|spd|1
|move|p2a: Calyrex|Glacial Lance|p1b: Lunala
|-damage|p1b: Lunala|55/100
|
|-heal|p1b: Lunala|61/100|[from] item: Leftovers
|upkeep
|
|t:|1750778202
|switch|p1a: Iron Hands|Iron Hands, L50|100/100
|-activate|p1a: Iron Hands|ability: Quark Drive
|-start|p1a: Iron Hands|quarkdriveatk
|turn|3
|
|t:|1750778212
|move|p1a: Iron Hands|Fake Out|p2b: Riolu
|-damage|p2b: Riolu|43/100
|cant|p2b: Riolu|flinch
|move|p1b: Lunala|Moongeist Beam|p2a: Calyrex
|-damage|p2a: Calyrex|0 fnt
|faint|p2a: Calyrex
|
|-heal|p1b: Lunala|67/100|[from] item: Leftovers
|upkeep
|
|t:|1750778227
|switch|p2a: Incineroar|Incineroar, L50, M|100/100
|-ability|p2a: Incineroar|Intimidate|boost
|-unboost|p1a: Iron Hands|atk|1
|-unboost|p1b: Lunala|atk|1
|turn|4
|
|t:|1750778248
|move|p1b: Lunala|Protect|p1b: Lunala
|-singleturn|p1b: Lunala|Protect
|move|p2b: Riolu|Coaching|p2a: Incineroar
|-boost|p2a: Incineroar|atk|1
|-boost|p2a: Incineroar|def|1
|move|p2a: Incineroar|Knock Off|p1b: Lunala
|-activate|p1b: Lunala|move: Protect
|move|p1a: Iron Hands|Drain Punch|p2a: Incineroar
|-supereffective|p2a: Incineroar
|-damage|p2a: Incineroar|52/100
|
|-heal|p1b: Lunala|74/100|[from] item: Leftovers
|upkeep
|turn|5
|
|t:|1750778268
|-terastallize|p1b: Lunala|Fairy
|move|p2b: Riolu|Coaching|p2a: Incineroar
|-boost|p2a: Incineroar|atk|1
|-boost|p2a: Incineroar|def|1
|move|p1b: Lunala|Moonblast|p2a: Incineroar
|-damage|p2a: Incineroar|0 fnt
|faint|p2a: Incineroar
|move|p1a: Iron Hands|Drain Punch|p2b: Riolu
|-damage|p2b: Riolu|0 fnt
|faint|p2b: Riolu
|
|-heal|p1b: Lunala|80/100|[from] item: Leftovers
|-fieldend|move: Electric Terrain
|-end|p1a: Iron Hands|Quark Drive
|upkeep
|
|t:|1750778275
|switch|p2b: Koraidon|Koraidon, L50|100/100
|-weather|SunnyDay|[from] ability: Orichalcum Pulse|[of] p2b: Koraidon
|-activate|p2b: Koraidon|Orichalcum Pulse|[source]
|turn|6
|inactive|Fragones123 has 30 seconds left.
|
|t:|1750778301
|move|p1b: Lunala|Protect|p1b: Lunala
|-singleturn|p1b: Lunala|Protect
|move|p2b: Koraidon|Flare Blitz|p1b: Lunala
|-activate|p1b: Lunala|move: Protect
|move|p1a: Iron Hands|Drain Punch|p2b: Koraidon
|-damage|p2b: Koraidon|74/100
|
|-weather|SunnyDay|[upkeep]
|-heal|p1b: Lunala|86/100|[from] item: Leftovers
|upkeep
|turn|7
|
|t:|1750778314
|move|p2b: Koraidon|Flare Blitz|p1b: Lunala
|-damage|p1b: Lunala|0 fnt
|faint|p1b: Lunala
|-damage|p2b: Koraidon|35/100|[from] Recoil
|-damage|p2b: Koraidon|26/100|[from] item: Life Orb
|move|p1a: Iron Hands|Drain Punch|p2b: Koraidon
|-damage|p2b: Koraidon|0 fnt
|faint|p2b: Koraidon
|
|win|Fragones123
|raw|Fragones123's rating: 1345 &rarr; <strong>1365</strong><br />(+20 for winning)
|raw|zbeach's rating: 1346 &rarr; <strong>1326</strong><br />(-20 for losing)
|l|☆zbeach
|player|p2|
|c|☆Fragones123|gg
|l|☆Fragones123
|player|p1|
