|j|☆Ragnar92
|j|☆johnkharkiv
|t:|1750724599
|gametype|doubles
|player|p1|Ragnar92|169|1448
|player|p2|johnkharkiv|swimmerf-gen4dp|1413
|teamsize|p1|6
|teamsize|p2|6
|gen|9
|tier|[Gen 9] VGC 2025 Reg I
|rated|
|rule|Species Clause: Limit one of each Pokémon
|rule|Item Clause: Limit 1 of each item
|clearpoke
|poke|p1|Lunala, L50|
|poke|p1|Koraidon, L50|
|poke|p1|Grimmsnarl, L50, M|
|poke|p1|Amoonguss, L50, F|
|poke|p1|Rillaboom, L50, F|
|poke|p1|Walking Wake, L50|
|poke|p2|Calyrex-Ice, L50|
|poke|p2|Miraidon, L50|
|poke|p2|Torkoal, L50, M|
|poke|p2|Whimsicott, L50, F|
|poke|p2|Farigiraf, L50, M|
|poke|p2|Passimian, L50, F|
|teampreview|4
|
|t:|1750724625
|start
|switch|p1a: Lunala|Lunala, L50|100/100
|switch|p1b: Rillaboom|Rillaboom, L50, F|100/100
|switch|p2a: Miraidon|Miraidon, L50|100/100
|switch|p2b: Farigiraf|Farigiraf, L50, M|100/100
|-fieldstart|move: Electric Terrain|[from] ability: Hadron Engine|[of] p2a: Miraidon
|-fieldstart|move: Grassy Terrain|[from] ability: Grassy Surge|[of] p1b: Rillaboom
|turn|1
|
|t:|1750724641
|move|p2a: Miraidon|Volt Switch|p1a: Lunala
|-damage|p1a: Lunala|88/100
|
|t:|1750724645
|switch|p2a: Calyrex|Calyrex-Ice, L50|100/100|[from] Volt Switch
|-ability|p2a: Calyrex|As One
|-ability|p2a: Calyrex|Unnerve
|move|p1a: Lunala|Calm Mind|p1a: Lunala
|-boost|p1a: Lunala|spa|1
|-boost|p1a: Lunala|spd|1
|move|p1b: Rillaboom|Wood Hammer|p2b: Farigiraf
|-damage|p2b: Farigiraf|27/100
|-damage|p1b: Rillaboom|84/100|[from] item: Rocky Helmet|[of] p2b: Farigiraf
|-damage|p1b: Rillaboom|59/100|[from] Recoil
|move|p2b: Farigiraf|Trick Room|p2b: Farigiraf
|-fieldstart|move: Trick Room|[of] p2b: Farigiraf
|
|-heal|p2b: Farigiraf|33/100|[from] Grassy Terrain
|-heal|p1b: Rillaboom|65/100|[from] Grassy Terrain
|-heal|p1a: Lunala|94/100|[from] Grassy Terrain
|-heal|p1a: Lunala|100/100|[from] item: Leftovers
|upkeep
|turn|2
|
|t:|1750724664
|switch|p2b: Passimian|Passimian, L50, F, shiny|100/100
|move|p1a: Lunala|Wide Guard|p1a: Lunala
|-singleturn|p1a: Lunala|Wide Guard
|move|p2a: Calyrex|Throat Chop|p1a: Lunala
|-supereffective|p1a: Lunala
|-damage|p1a: Lunala|60/100
|-start|p1a: Lunala|Throat Chop|[silent]
|move|p1b: Rillaboom|Wood Hammer|p2a: Calyrex
|-damage|p2a: Calyrex|45/100
|-damage|p1b: Rillaboom|46/100|[from] Recoil
|
|-heal|p2a: Calyrex|51/100|[from] Grassy Terrain
|-heal|p1b: Rillaboom|53/100|[from] Grassy Terrain
|-heal|p1a: Lunala|66/100|[from] Grassy Terrain
|-heal|p1a: Lunala|72/100|[from] item: Leftovers
|upkeep
|turn|3
|
|t:|1750724689
|-terastallize|p1b: Rillaboom|Rock
|move|p1a: Lunala|Wide Guard|p1a: Lunala
|-singleturn|p1a: Lunala|Wide Guard
|move|p2b: Passimian|Feint|p1b: Rillaboom
|-activate|p1b: Rillaboom|move: Feint
|-resisted|p1b: Rillaboom
|-damage|p1b: Rillaboom|46/100
|move|p2a: Calyrex|Glacial Lance|p1b: Rillaboom|[spread] p1a,p1b
|-damage|p1a: Lunala|42/100
|-damage|p1b: Rillaboom|0 fnt
|faint|p1b: Rillaboom
|-ability|p2a: Calyrex|Chilling Neigh|boost
|-boost|p2a: Calyrex|atk|1
|
|-heal|p2a: Calyrex|57/100|[from] Grassy Terrain
|-heal|p1a: Lunala|48/100|[from] Grassy Terrain
|-heal|p1a: Lunala|54/100|[from] item: Leftovers
|-end|p1a: Lunala|Throat Chop|[silent]
|upkeep
|
|t:|1750724703
|switch|p1b: Walking Wake|Walking Wake, L50|100/100
|turn|4
|
|t:|1750724715
|move|p2a: Calyrex|Throat Chop|p1a: Lunala
|-supereffective|p1a: Lunala
|-damage|p1a: Lunala|0 fnt
|faint|p1a: Lunala
|-ability|p2a: Calyrex|Chilling Neigh|boost
|-boost|p2a: Calyrex|atk|1
|move|p2b: Passimian|Drain Punch|p1b: Walking Wake
|-damage|p1b: Walking Wake|61/100
|move|p1b: Walking Wake|Draco Meteor|p2a: Calyrex
|-damage|p2a: Calyrex|14/100
|-unboost|p1b: Walking Wake|spa|2
|-damage|p1b: Walking Wake|52/100|[from] item: Life Orb
|
|-heal|p2a: Calyrex|20/100|[from] Grassy Terrain
|-heal|p1b: Walking Wake|58/100|[from] Grassy Terrain
|upkeep
|
|t:|1750724719
|switch|p1a: Koraidon|Koraidon, L50|100/100
|-weather|SunnyDay|[from] ability: Orichalcum Pulse|[of] p1a: Koraidon
|-activate|p1b: Walking Wake|ability: Protosynthesis
|-start|p1b: Walking Wake|protosynthesisspe
|-activate|p1a: Koraidon|Orichalcum Pulse|[source]
|turn|5
|
|t:|1750724732
|move|p1a: Koraidon|Protect|p1a: Koraidon
|-singleturn|p1a: Koraidon|Protect
|move|p1b: Walking Wake|Protect|p1b: Walking Wake
|-singleturn|p1b: Walking Wake|Protect
|move|p2b: Passimian|Feint|p1a: Koraidon
|-activate|p1a: Koraidon|move: Feint
|-damage|p1a: Koraidon|90/100
|move|p2a: Calyrex|Glacial Lance|p1b: Walking Wake|[spread] p1a
|-activate|p1b: Walking Wake|move: Protect
|-supereffective|p1a: Koraidon
|-damage|p1a: Koraidon|0 fnt
|faint|p1a: Koraidon
|-ability|p2a: Calyrex|Chilling Neigh|boost
|-boost|p2a: Calyrex|atk|1
|
|-weather|SunnyDay|[upkeep]
|-heal|p2a: Calyrex|26/100|[from] Grassy Terrain
|-heal|p1b: Walking Wake|64/100|[from] Grassy Terrain
|-fieldend|move: Trick Room
|-fieldend|move: Grassy Terrain
|upkeep
|turn|6
|
|t:|1750724746
|switch|p2a: Miraidon|Miraidon, L50|100/100
|-fieldstart|move: Electric Terrain|[from] ability: Hadron Engine|[of] p2a: Miraidon
|move|p1b: Walking Wake|Flamethrower|p2a: Miraidon
|-resisted|p2a: Miraidon
|-damage|p2a: Miraidon|87/100
|-damage|p1b: Walking Wake|55/100|[from] item: Life Orb
|move|p2b: Passimian|Knock Off|p1b: Walking Wake
|-damage|p1b: Walking Wake|21/100
|-enditem|p1b: Walking Wake|Life Orb|[from] move: Knock Off|[of] p2b: Passimian
|
|-weather|SunnyDay|[upkeep]
|upkeep
|turn|7
|-message|Ragnar92 forfeited.
|
|win|johnkharkiv
|raw|Ragnar92's rating: 1448 &rarr; <strong>1425</strong><br />(-23 for losing)
|raw|johnkharkiv's rating: 1399 &rarr; <strong>1422</strong><br />(+23 for winning)
|l|☆Ragnar92
|player|p1|
|l|☆johnkharkiv
|player|p2|
