|j|☆booghost23
|j|☆Dillbangaaa
|t:|1750770933
|gametype|doubles
|player|p1|booghost23|policeman-gen4|1243
|player|p2|Dillbangaaa|policeman-gen4|1247
|teamsize|p1|6
|teamsize|p2|6
|gen|9
|tier|[Gen 9] VGC 2025 Reg I
|rated|
|rule|Species Clause: Limit one of each Pokémon
|rule|Item Clause: Limit 1 of each item
|clearpoke
|poke|p1|Dusclops, L50, M|
|poke|p1|Groudon, L50|
|poke|p1|Charizard, L50, M|
|poke|p1|Arcanine, L50, M|
|poke|p1|Koraidon, L50|
|poke|p1|Golem, L50, M|
|poke|p2|Koraidon, L50|
|poke|p2|Lunala, L50|
|poke|p2|Ursaluna, L50, F|
|poke|p2|Flutter Mane, L50|
|poke|p2|Chi-Yu, L50|
|poke|p2|Brute Bonnet, L50|
|teampreview|4
booghost23 rejected open team sheets.
|
|t:|1750770968
|start
|switch|p1a: Charcoal|Charizard, L50, M, shiny|100/100
|switch|p1b: The Don|Groudon, L50|100/100
|switch|p2a: Koraidon|Koraidon, L50|100/100
|switch|p2b: Flutter Mane|Flutter Mane, L50, shiny|100/100
|-weather|SunnyDay|[from] ability: Orichalcum Pulse|[of] p2a: Koraidon
|-activate|p2b: Flutter Mane|ability: Protosynthesis
|-start|p2b: Flutter Mane|protosynthesisspe
|-activate|p2a: Koraidon|Orichalcum Pulse|[source]
|turn|1
|inactive|Battle timer is ON: inactive players will automatically lose when time's up. (requested by booghost23)
|inactive|Dillbangaaa has 60 seconds left.
|
|t:|1750771001
|move|p2b: Flutter Mane|Icy Wind|p1b: The Don|[spread] p1a
|-miss|p2b: Flutter Mane|p1b: The Don
|-damage|p1a: Charcoal|82/100
|-unboost|p1a: Charcoal|spe|1
|move|p2a: Koraidon|Close Combat|p1b: The Don
|-damage|p1b: The Don|9/100
|-unboost|p2a: Koraidon|def|1
|-unboost|p2a: Koraidon|spd|1
|-damage|p2a: Koraidon|91/100|[from] item: Life Orb
|move|p1b: The Don|Precipice Blades|p2b: Flutter Mane|[spread] 
|-miss|p1b: The Don|p2a: Koraidon
|-miss|p1b: The Don|p2b: Flutter Mane
|move|p1a: Charcoal|Heat Wave|p2b: Flutter Mane|[spread] p2a,p2b
|-resisted|p2a: Koraidon
|-damage|p2a: Koraidon|21/100
|-damage|p2b: Flutter Mane|7/100
|-damage|p1a: Charcoal|72/100|[from] item: Life Orb
|
|-weather|SunnyDay|[upkeep]
|-damage|p1a: Charcoal|60/100|[from] ability: Solar Power|[of] p1a: Charcoal
|upkeep
|turn|2
|inactive|booghost23 has 30 seconds left.
|inactive|Dillbangaaa has 30 seconds left.
|
|t:|1750771029
|switch|p1b: VVulf|Arcanine, L50, M|100/100
|-ability|p1b: VVulf|Intimidate|boost
|-unboost|p2a: Koraidon|atk|1
|-unboost|p2b: Flutter Mane|atk|1
|move|p2b: Flutter Mane|Icy Wind|p1b: VVulf|[spread] p1a,p1b
|-resisted|p1b: VVulf
|-damage|p1a: Charcoal|40/100
|-damage|p1b: VVulf|91/100
|-unboost|p1a: Charcoal|spe|1
|-unboost|p1b: VVulf|spe|1
|move|p2a: Koraidon|Flare Blitz|p1a: Charcoal
|-resisted|p1a: Charcoal
|-damage|p1a: Charcoal|0 fnt
|faint|p1a: Charcoal
|-damage|p2a: Koraidon|10/100|[from] Recoil
|-damage|p2a: Koraidon|0 fnt|[from] item: Life Orb
|faint|p2a: Koraidon
|
|-weather|SunnyDay|[upkeep]
|upkeep
|
|t:|1750771048
|switch|p2a: Lunala|Lunala, L50|100/100
|switch|p1a: The Don|Groudon, L50|9/100
|turn|3
|inactive|Dillbangaaa has 30 seconds left.
|
|t:|1750771079
|move|p1a: The Don|Protect|p1a: The Don
|-singleturn|p1a: The Don|Protect
|move|p2b: Flutter Mane|Moonblast|p1a: The Don
|-activate|p1a: The Don|move: Protect
|move|p1b: VVulf|Flare Blitz|p2a: Lunala
|-damage|p2a: Lunala|43/100
|-damage|p1b: VVulf|67/100|[from] Recoil
|move|p2a: Lunala|Trick Room|p2a: Lunala
|-fieldstart|move: Trick Room|[of] p2a: Lunala
|
|-weather|SunnyDay|[upkeep]
|upkeep
|turn|4
|inactive|Dillbangaaa has 30 seconds left.
|
|t:|1750771107
|-end|p2b: Flutter Mane|Protosynthesis|[silent]
|switch|p2b: Ursaluna|Ursaluna, L50, F, shiny|100/100
|move|p1a: The Don|Protect||[still]
|-fail|p1a: The Don
|move|p1b: VVulf|Flare Blitz|p2a: Lunala
|-damage|p2a: Lunala|0 fnt
|faint|p2a: Lunala
|-damage|p1b: VVulf|49/100|[from] Recoil
|
|-weather|SunnyDay|[upkeep]
|-status|p2b: Ursaluna|brn|[from] item: Flame Orb
|upkeep
|
|t:|1750771118
|switch|p2a: Flutter Mane|Flutter Mane, L50, shiny|7/100
|-activate|p2a: Flutter Mane|ability: Protosynthesis
|-start|p2a: Flutter Mane|protosynthesisspe
|turn|5
|inactive|booghost23 has 30 seconds left.
|inactive|Dillbangaaa has 30 seconds left.
|inactive|booghost23 has 20 seconds left.
|inactive|booghost23 has 15 seconds left.
|inactive|booghost23 has 10 seconds left.
|inactive|booghost23 has 5 seconds left.
|
|t:|1750771169
|switch|p1b: Ride or Die|Koraidon, L50|100/100
|-activate|p1b: Ride or Die|ability: Orichalcum Pulse
|move|p1a: The Don|Protect|p1a: The Don
|-singleturn|p1a: The Don|Protect
|move|p2b: Ursaluna|Facade|p1a: The Don
|-activate|p1a: The Don|move: Protect
|move|p2a: Flutter Mane|Icy Wind|p1b: Ride or Die|[spread] p1b
|-activate|p1a: The Don|move: Protect
|-supereffective|p1b: Ride or Die
|-damage|p1b: Ride or Die|72/100
|
|-weather|none
|-end|p2a: Flutter Mane|Protosynthesis
|-damage|p2b: Ursaluna|95/100 brn|[from] brn
|upkeep
|turn|6
|inactive|Dillbangaaa has 30 seconds left.
|
|t:|1750771195
|-terastallize|p2b: Ursaluna|Ghost
|move|p1b: Ride or Die|Protect|p1b: Ride or Die
|-singleturn|p1b: Ride or Die|Protect
|move|p2a: Flutter Mane|Protect|p2a: Flutter Mane
|-singleturn|p2a: Flutter Mane|Protect
|move|p2b: Ursaluna|Facade|p1a: The Don
|-damage|p1a: The Don|0 fnt
|faint|p1a: The Don
|
|-damage|p2b: Ursaluna|89/100 brn|[from] brn
|upkeep
|
|t:|1750771205
|switch|p1a: VVulf|Arcanine, L50, M|49/100
|-ability|p1a: VVulf|Intimidate|boost
|-unboost|p2a: Flutter Mane|atk|1
|-unboost|p2b: Ursaluna|atk|1
|turn|7
|
|t:|1750771224
|-terastallize|p1b: Ride or Die|Fire
|move|p2b: Ursaluna|Facade|p1a: VVulf
|-damage|p1a: VVulf|0 fnt
|faint|p1a: VVulf
|move|p1b: Ride or Die|Flare Blitz|p2a: Flutter Mane
|-damage|p2a: Flutter Mane|0 fnt
|faint|p2a: Flutter Mane
|-end|p2a: Flutter Mane|Protosynthesis|[silent]
|-damage|p1b: Ride or Die|70/100|[from] Recoil
|
|-damage|p2b: Ursaluna|83/100 brn|[from] brn
|-fieldend|move: Trick Room
|upkeep
|turn|8
|
|t:|1750771238
|move|p1b: Ride or Die|Flare Blitz|p2b: Ursaluna
|-damage|p2b: Ursaluna|32/100 brn
|-damage|p1b: Ride or Die|48/100|[from] Recoil
|move|p2b: Ursaluna|Headlong Rush|p1b: Ride or Die
|-supereffective|p1b: Ride or Die
|-damage|p1b: Ride or Die|0 fnt
|-unboost|p2b: Ursaluna|def|1
|-unboost|p2b: Ursaluna|spd|1
|faint|p1b: Ride or Die
|
|win|Dillbangaaa
|raw|booghost23's rating: 1243 &rarr; <strong>1218</strong><br />(-25 for losing)
|raw|Dillbangaaa's rating: 1247 &rarr; <strong>1272</strong><br />(+25 for winning)
|l|☆booghost23
|player|p1|
|l|☆Dillbangaaa
|player|p2|
