|j|☆innsl
|j|☆Wildgoobys
|t:|1750781456
|gametype|doubles
|player|p1|innsl|170|1355
|player|p2|Wildgoobys|ethan|1445
|teamsize|p1|6
|teamsize|p2|6
|gen|9
|tier|[Gen 9] VGC 2025 Reg I
|rated|
|rule|Species Clause: Limit one of each Pokémon
|rule|Item Clause: Limit 1 of each item
|clearpoke
|poke|p1|Haxorus, L50, M|
|poke|p1|Kyogre, L50|
|poke|p1|Calyrex-Shadow, L50|
|poke|p1|Ogerpon-Cornerstone, L50, F|
|poke|p1|Tornadus, L50, M|
|poke|p1|Amoonguss, L50, M|
|poke|p2|Lapras, L50, F|
|poke|p2|Scream Tail, L50|
|poke|p2|Gothitelle, L50, M|
|poke|p2|Koraidon, L50|
|poke|p2|Zamazenta-*, L50|
|poke|p2|Flutter Mane, L50|
|teampreview|4
|inactive|Battle timer is ON: inactive players will automatically lose when time's up. (requested by Wildgoobys)
|inactive|innsl has 60 seconds left.
|inactive|Wildgoobys has 60 seconds left.
|inactive|innsl has 30 seconds left.
|
|t:|1750781528
|start
|switch|p1a: Tornadus|Tornadus, L50, M|100/100
|switch|p1b: Calyrex|Calyrex-Shadow, L50|100/100
|switch|p2a: Lapras|Lapras, L50, F|100/100
|switch|p2b: Zamazenta|Zamazenta-Crowned, L50|100/100
|-ability|p1b: Calyrex|As One
|-ability|p1b: Calyrex|Unnerve
|-ability|p2b: Zamazenta|Dauntless Shield|boost
|-boost|p2b: Zamazenta|def|1
|turn|1
|inactive|innsl has 30 seconds left.
|
|t:|1750781562
|move|p2b: Zamazenta|Wide Guard|p2b: Zamazenta
|-singleturn|p2b: Zamazenta|Wide Guard
|move|p1a: Tornadus|Taunt|p2b: Zamazenta
|-start|p2b: Zamazenta|move: Taunt
|move|p1b: Calyrex|Astral Barrage|p2a: Lapras|[spread] 
|-activate|p2a: Lapras|move: Wide Guard
|-activate|p2b: Zamazenta|move: Wide Guard
|move|p2a: Lapras|Freeze-Dry|p1a: Tornadus
|-supereffective|p1a: Tornadus
|-damage|p1a: Tornadus|42/100
|
|upkeep
|turn|2
|inactive|innsl has 30 seconds left.
|
|t:|1750781590
|move|p1b: Calyrex|Astral Barrage|p2a: Lapras|[spread] p2a,p2b
|-damage|p2a: Lapras|66/100
|-damage|p2b: Zamazenta|71/100
|move|p1a: Tornadus|Bleakwind Storm|p2a: Lapras|[spread] p2a,p2b
|-crit|p2a: Lapras
|-damage|p2a: Lapras|32/100
|-damage|p2b: Zamazenta|53/100
|move|p2b: Zamazenta|Behemoth Bash|p1b: Calyrex
|-damage|p1b: Calyrex|54/100
|move|p2a: Lapras|Life Dew|p2a: Lapras|[spread] p2a,p2b
|-heal|p2a: Lapras|57/100
|-heal|p2b: Zamazenta|78/100
|
|upkeep
|turn|3
|inactive|innsl has 30 seconds left.
|inactive|Wildgoobys has 30 seconds left.
|inactive|innsl has 20 seconds left.
|inactive|Wildgoobys has 20 seconds left.
|inactive|Wildgoobys has 15 seconds left.
|
|t:|1750781631
|switch|p1b: Haxorus|Haxorus, L50, M|100/100
|move|p2a: Lapras|Protect|p2a: Lapras
|-singleturn|p2a: Lapras|Protect
|move|p1a: Tornadus|Taunt|p2a: Lapras
|-activate|p2a: Lapras|move: Protect
|move|p2b: Zamazenta|Behemoth Bash|p1b: Haxorus
|-damage|p1b: Haxorus|50/100
|
|upkeep
|turn|4
|inactive|innsl has 30 seconds left.
|
|t:|1750781658
|move|p1a: Tornadus|Taunt|p2a: Lapras
|-start|p2a: Lapras|move: Taunt
|move|p1b: Haxorus|Earthquake|p2b: Zamazenta|[spread] p2a,p2b
|-immune|p1a: Tornadus
|-supereffective|p2b: Zamazenta
|-damage|p2a: Lapras|28/100
|-damage|p2b: Zamazenta|41/100
|-damage|p1b: Haxorus|41/100|[from] item: Life Orb
|move|p2b: Zamazenta|Body Press|p1b: Haxorus
|-damage|p1b: Haxorus|0 fnt
|faint|p1b: Haxorus
|move|p2a: Lapras|Freeze-Dry|p1a: Tornadus
|-supereffective|p1a: Tornadus
|-damage|p1a: Tornadus|0 fnt
|faint|p1a: Tornadus
|
|-end|p2b: Zamazenta|move: Taunt
|upkeep
|
|t:|1750781674
|switch|p1a: Kyogre|Kyogre, L50|100/100
|switch|p1b: Calyrex|Calyrex-Shadow, L50|54/100
|-ability|p1b: Calyrex|As One
|-ability|p1b: Calyrex|Unnerve
|-weather|RainDance|[from] ability: Drizzle|[of] p1a: Kyogre
|turn|5
|inactive|innsl has 30 seconds left.
|
|t:|1750781707
|move|p2b: Zamazenta|Wide Guard|p2b: Zamazenta
|-singleturn|p2b: Zamazenta|Wide Guard
|move|p1b: Calyrex|Encore|p2b: Zamazenta
|-start|p2b: Zamazenta|Encore
|move|p1a: Kyogre|Water Spout|p2b: Zamazenta|[spread] 
|-activate|p2a: Lapras|move: Wide Guard
|-activate|p2b: Zamazenta|move: Wide Guard
|move|p2a: Lapras|Freeze-Dry|p1b: Calyrex
|-damage|p1b: Calyrex|31/100
|
|-weather|RainDance|[upkeep]
|upkeep
|turn|6
|inactive|Wildgoobys has 30 seconds left.
|
|t:|1750781732
|switch|p2b: Gothitelle|Gothitelle, L50, M|100/100
|switch|p2a: Koraidon|Koraidon, L50|100/100
|-weather|SunnyDay|[from] ability: Orichalcum Pulse|[of] p2a: Koraidon
|-activate|p2a: Koraidon|Orichalcum Pulse|[source]
|move|p1b: Calyrex|Psychic|p2b: Gothitelle
|-resisted|p2b: Gothitelle
|-damage|p2b: Gothitelle|81/100
|move|p1a: Kyogre|Water Spout|p2b: Gothitelle|[spread] p2a,p2b
|-resisted|p2a: Koraidon
|-damage|p2a: Koraidon|83/100
|-damage|p2b: Gothitelle|59/100
|
|-weather|SunnyDay|[upkeep]
|-heal|p2b: Gothitelle|65/100|[from] item: Leftovers
|upkeep
|turn|7
|
|t:|1750781752
|-terastallize|p2a: Koraidon|Fire
|move|p2b: Gothitelle|Fake Out|p1a: Kyogre
|-damage|p1a: Kyogre|95/100
|move|p1b: Calyrex|Astral Barrage|p2b: Gothitelle|[spread] p2a,p2b
|-supereffective|p2b: Gothitelle
|-damage|p2a: Koraidon|25/100
|-damage|p2b: Gothitelle|0 fnt
|faint|p2b: Gothitelle
|-ability|p1b: Calyrex|Grim Neigh|boost
|-boost|p1b: Calyrex|spa|1
|move|p2a: Koraidon|Flame Charge|p1b: Calyrex
|-damage|p1b: Calyrex|0 fnt
|-boost|p2a: Koraidon|spe|1
|faint|p1b: Calyrex
|-damage|p2a: Koraidon|15/100|[from] item: Life Orb
|cant|p1a: Kyogre|flinch
|
|-weather|SunnyDay|[upkeep]
|upkeep
|-message|innsl forfeited.
|
|win|Wildgoobys
|raw|innsl's rating: 1355 &rarr; <strong>1340</strong><br />(-15 for losing)
|raw|Wildgoobys's rating: 1445 &rarr; <strong>1460</strong><br />(+15 for winning)
|l|☆innsl
|player|p1|
|l|☆Wildgoobys
|player|p2|
