|j|☆juanessamal
|j|☆Jammiz
|t:|1750706423
|gametype|doubles
|player|p1|juanessamal|2|1525
|player|p2|Jammiz|265|1632
|teamsize|p1|6
|teamsize|p2|6
|gen|9
|tier|[Gen 9] VGC 2025 Reg I
|rated|
|rule|Species Clause: Limit one of each Pokémon
|rule|Item Clause: Limit 1 of each item
|clearpoke
|poke|p1|Calyrex-Shadow, L50|
|poke|p1|Whimsicott, L50, M|
|poke|p1|Miraidon, L50|
|poke|p1|Armarouge, L50, M|
|poke|p1|Scream Tail, L50|
|poke|p1|Indeedee-F, L50, F|
|poke|p2|Calyrex-Ice, L50|
|poke|p2|Miraidon, L50|
|poke|p2|Grimmsnarl, L50, M|
|poke|p2|Urshifu-*, L50, M|
|poke|p2|Incineroar, L50, M|
|poke|p2|Landorus, L50, M|
|teampreview|4
|
|t:|1750706452
|start
|switch|p1a: Miraidon|Miraidon, L50|100/100
|switch|p1b: Scream Tail|Scream Tail, L50|100/100
|switch|p2a: Calyrex|Calyrex-Ice, L50|100/100
|switch|p2b: Incineroar|Incineroar, L50, M|100/100
|-ability|p2a: Calyrex|As One
|-ability|p2a: Calyrex|Unnerve
|-fieldstart|move: Electric Terrain|[from] ability: Hadron Engine|[of] p1a: Miraidon
|-ability|p2b: Incineroar|Intimidate|boost
|-unboost|p1a: Miraidon|atk|1
|-unboost|p1b: Scream Tail|atk|1
|-enditem|p1b: Scream Tail|Booster Energy
|-activate|p1b: Scream Tail|ability: Protosynthesis|[fromitem]
|-start|p1b: Scream Tail|protosynthesisspe
|turn|1
|
|t:|1750706479
|move|p2b: Incineroar|Fake Out|p1a: Miraidon
|-damage|p1a: Miraidon|90/100
|move|p1b: Scream Tail|Encore|p2b: Incineroar
|-start|p2b: Incineroar|Encore
|cant|p1a: Miraidon|flinch
|move|p2a: Calyrex|Trick Room|p2a: Calyrex
|-fieldstart|move: Trick Room|[of] p2a: Calyrex
|
|upkeep
|turn|2
|
|t:|1750706497
|switch|p2b: Urshifu|Urshifu-Rapid-Strike, L50, M|100/100
|-terastallize|p1a: Miraidon|Fairy
|move|p2a: Calyrex|Glacial Lance|p1a: Miraidon|[spread] p1a,p1b
|-damage|p1a: Miraidon|32/100
|-damage|p1b: Scream Tail|64/100
|move|p1a: Miraidon|Electro Drift|p2a: Calyrex
|-damage|p2a: Calyrex|17/100
|move|p1b: Scream Tail|Disable|p2a: Calyrex
|-start|p2a: Calyrex|Disable|Glacial Lance
|
|-heal|p2a: Calyrex|23/100|[from] item: Leftovers
|upkeep
|turn|3
|
|t:|1750706560
|switch|p2a: Miraidon|Miraidon, L50|100/100
|-activate|p2a: Miraidon|ability: Hadron Engine
|switch|p1a: Whimsicott|Whimsicott, L50, M|100/100
|move|p2b: Urshifu|Surging Strikes|p1a: Whimsicott
|-resisted|p1a: Whimsicott
|-crit|p1a: Whimsicott
|-damage|p1a: Whimsicott|76/100
|-resisted|p1a: Whimsicott
|-crit|p1a: Whimsicott
|-damage|p1a: Whimsicott|52/100
|-resisted|p1a: Whimsicott
|-crit|p1a: Whimsicott
|-damage|p1a: Whimsicott|29/100
|-hitcount|p1a: Whimsicott|3
|move|p1b: Scream Tail|Disable|p2b: Urshifu
|-start|p2b: Urshifu|Disable|Surging Strikes
|
|upkeep
|turn|4
|
|t:|1750706584
|switch|p2b: Calyrex|Calyrex-Ice, L50|23/100
|-ability|p2b: Calyrex|As One
|-ability|p2b: Calyrex|Unnerve
|move|p1b: Scream Tail|Protect|p1b: Scream Tail
|-singleturn|p1b: Scream Tail|Protect
|move|p1a: Whimsicott|Light Screen|p1a: Whimsicott
|-sidestart|p1: juanessamal|move: Light Screen
|move|p2a: Miraidon|Electro Drift|p1b: Scream Tail
|-activate|p1b: Scream Tail|move: Protect
|
|-heal|p2b: Calyrex|29/100|[from] item: Leftovers
|upkeep
|turn|5
|
|t:|1750706614
|switch|p2a: Incineroar|Incineroar, L50, M|100/100
|-ability|p2a: Incineroar|Intimidate|boost
|-unboost|p1a: Whimsicott|atk|1
|-unboost|p1b: Scream Tail|atk|1
|move|p1b: Scream Tail|Protect|p1b: Scream Tail
|-singleturn|p1b: Scream Tail|Protect
|move|p1a: Whimsicott|Tailwind|p1a: Whimsicott
|-sidestart|p1: juanessamal|move: Tailwind
|move|p2b: Calyrex|Glacial Lance|p1a: Whimsicott|[spread] p1a
|-activate|p1b: Scream Tail|move: Protect
|-supereffective|p1a: Whimsicott
|-damage|p1a: Whimsicott|0 fnt
|faint|p1a: Whimsicott
|-ability|p2b: Calyrex|Chilling Neigh|boost
|-boost|p2b: Calyrex|atk|1
|
|-heal|p2b: Calyrex|35/100|[from] item: Leftovers
|-fieldend|move: Trick Room
|-fieldend|move: Electric Terrain
|upkeep
|
|t:|1750706625
|switch|p1a: Calyrex|Calyrex-Shadow, L50|100/100
|-ability|p1a: Calyrex|As One
|-ability|p1a: Calyrex|Unnerve
|turn|6
|
|t:|1750706645
|move|p1b: Scream Tail|Fake Tears|p2a: Incineroar
|-unboost|p2a: Incineroar|spd|2
|move|p1a: Calyrex|Astral Barrage|p2a: Incineroar|[spread] p2a,p2b
|-resisted|p2a: Incineroar
|-supereffective|p2b: Calyrex
|-damage|p2a: Incineroar|57/100
|-damage|p2b: Calyrex|0 fnt
|faint|p2b: Calyrex
|-ability|p1a: Calyrex|Grim Neigh|boost
|-boost|p1a: Calyrex|spa|1
|-damage|p1a: Calyrex|91/100|[from] item: Life Orb
|move|p2a: Incineroar|Knock Off|p1a: Calyrex
|-supereffective|p1a: Calyrex
|-damage|p1a: Calyrex|0 fnt
|-enditem|p1a: Calyrex|Life Orb|[from] move: Knock Off|[of] p2a: Incineroar
|faint|p1a: Calyrex
|
|upkeep
|
|t:|1750706665
|switch|p1a: Miraidon|Miraidon, L50, tera:Fairy|32/100
|switch|p2b: Urshifu|Urshifu-Rapid-Strike, L50, M|100/100
|-fieldstart|move: Electric Terrain|[from] ability: Hadron Engine|[of] p1a: Miraidon
|turn|7
|
|t:|1750706681
|move|p2b: Urshifu|Aqua Jet|p1a: Miraidon
|-damage|p1a: Miraidon|0 fnt
|faint|p1a: Miraidon
|move|p1b: Scream Tail|Fake Tears|p2a: Incineroar
|-unboost|p2a: Incineroar|spd|2
|move|p2a: Incineroar|Flare Blitz|p1b: Scream Tail
|-damage|p1b: Scream Tail|27/100
|-damage|p2a: Incineroar|43/100|[from] Recoil
|
|upkeep
|turn|8
|l|☆juanessamal
|player|p1|
|l|☆Jammiz
|player|p2|
|j|☆Jammiz
|player|p2|Jammiz|265|
|n|☆Jammiz|jammiz
|inactive|Battle timer is ON: inactive players will automatically lose when time's up. (requested by Jammiz)
|l|☆Jammiz
|inactive|Jammiz disconnected and has a minute to reconnect!
|player|p2|
|j|☆Jammiz
|inactive|Jammiz reconnected.
|player|p2|Jammiz|265|
|inactiveoff|Battle timer is now OFF.
|l|☆Jammiz
|player|p2|
|j|☆Jammiz
|player|p2|Jammiz|265|
|inactive|Battle timer is ON: inactive players will automatically lose when time's up. (requested by Jammiz)
|inactive|juanessamal has 30 seconds to reconnect!
|inactive|juanessamal has 20 seconds to reconnect!
|inactive|juanessamal has 15 seconds to reconnect!
|inactive|juanessamal has 10 seconds to reconnect!
|inactive|juanessamal has 5 seconds to reconnect!
|-message|juanessamal lost due to inactivity.
|
|win|Jammiz
|raw|juanessamal's rating: 1505 &rarr; <strong>1492</strong><br />(-13 for losing)
|raw|Jammiz's rating: 1632 &rarr; <strong>1645</strong><br />(+13 for winning)
|l|☆Jammiz
|player|p2|
