|j|☆GLY17
|j|☆botishjy
|t:|1750757923
|gametype|doubles
|player|p1|GLY17|2|1138
|player|p2|botishjy|unknown|1076
|teamsize|p1|6
|teamsize|p2|6
|gen|9
|tier|[Gen 9] VGC 2025 Reg I
|rated|
|rule|Species Clause: Limit one of each Pokémon
|rule|Item Clause: Limit 1 of each item
|clearpoke
|poke|p1|Miraidon, L50|
|poke|p1|Zamazenta-*, L50|
|poke|p1|Grimmsnarl, L50, M|
|poke|p1|Chien-Pao, L50|
|poke|p1|Volcarona, L50, M|
|poke|p1|Iron Hands, L50|
|poke|p2|Volcarona, L50, F|
|poke|p2|Miraidon, L50|
|poke|p2|Whimsicott, L50, F|
|poke|p2|Lunala, L50|
|poke|p2|Maushold-Four, L50|
|poke|p2|Ogerpon-Hearthflame, L50, F|
|teampreview|4
|inactive|Battle timer is ON: inactive players will automatically lose when time's up. (requested by GLY17)
|inactive|botishjy has 60 seconds left.
|
|t:|1750757985
|start
|switch|p1a: Miraidon|Miraidon, L50|100/100
|switch|p1b: Grimmsnarl|Grimmsnarl, L50, M|100/100
|switch|p2a: Miraidon|Miraidon, L50|100/100
|switch|p2b: Lunala|Lunala, L50, shiny|100/100
|-fieldstart|move: Electric Terrain|[from] ability: Hadron Engine|[of] p1a: Miraidon
|-activate|p2a: Miraidon|ability: Hadron Engine
|turn|1
|inactive|GLY17 has 30 seconds left.
|
|t:|1750758017
|-terastallize|p1a: Miraidon|Fairy
|move|p1b: Grimmsnarl|Light Screen|p1b: Grimmsnarl
|-sidestart|p1: GLY17|move: Light Screen
|move|p1a: Miraidon|Dazzling Gleam|p2a: Miraidon|[spread] p2a,p2b
|-supereffective|p2a: Miraidon
|-damage|p2a: Miraidon|29/100
|-damage|p2b: Lunala|76/100
|move|p2a: Miraidon|Volt Switch|p1a: Miraidon
|-damage|p1a: Miraidon|63/100
|
|t:|1750758027
|switch|p2a: Ogerpon|Ogerpon-Hearthflame, L50, F|100/100|[from] Volt Switch
|-ability|p2a: Ogerpon|Mold Breaker
|move|p2b: Lunala|Meteor Beam||[still]
|-prepare|p2b: Lunala|Meteor Beam
|-boost|p2b: Lunala|spa|1
|-enditem|p2b: Lunala|Power Herb
|-anim|p2b: Lunala|Meteor Beam|p1a: Miraidon
|-damage|p1a: Miraidon|27/100
|
|upkeep
|turn|2
|
|t:|1750758049
|switch|p1a: Iron Hands|Iron Hands, L50|100/100
|-activate|p1a: Iron Hands|ability: Quark Drive
|-start|p1a: Iron Hands|quarkdriveatk
|move|p2a: Ogerpon|Spiky Shield|p2a: Ogerpon
|-singleturn|p2a: Ogerpon|move: Protect
|move|p1b: Grimmsnarl|Reflect|p1b: Grimmsnarl
|-sidestart|p1: GLY17|Reflect
|move|p2b: Lunala|Heat Wave|p1a: Iron Hands|[spread] p1a,p1b
|-damage|p1a: Iron Hands|88/100
|-damage|p1b: Grimmsnarl|80/100
|
|upkeep
|turn|3
|inactive|botishjy has 30 seconds left.
|
|t:|1750758077
|switch|p2a: Volcarona|Volcarona, L50, F, shiny|100/100
|-enditem|p2a: Volcarona|Electric Seed
|-boost|p2a: Volcarona|def|1|[from] item: Electric Seed
|move|p1b: Grimmsnarl|Thunder Wave|p2a: Volcarona
|-status|p2a: Volcarona|par
|move|p2b: Lunala|Heat Wave|p1b: Grimmsnarl|[spread] p1a,p1b
|-damage|p1a: Iron Hands|74/100
|-damage|p1b: Grimmsnarl|58/100
|move|p1a: Iron Hands|Drain Punch|p2a: Volcarona
|-resisted|p2a: Volcarona
|-damage|p2a: Volcarona|82/100 par
|-heal|p1a: Iron Hands|81/100|[from] drain|[of] p2a: Volcarona
|
|upkeep
|turn|4
|inactive|GLY17 has 30 seconds left.
|inactive|botishjy has 30 seconds left.
|inactive|GLY17 has 20 seconds left.
|
|t:|1750758114
|move|p2b: Lunala|Heat Wave|p1b: Grimmsnarl|[spread] p1a,p1b
|-damage|p1a: Iron Hands|67/100
|-damage|p1b: Grimmsnarl|34/100
|move|p1a: Iron Hands|Wild Charge|p2b: Lunala
|-damage|p2b: Lunala|3/100
|-damage|p1a: Iron Hands|50/100|[from] Recoil
|move|p1b: Grimmsnarl|Spirit Break|p2b: Lunala
|-damage|p2b: Lunala|0 fnt
|faint|p2b: Lunala
|cant|p2a: Volcarona|par
|
|upkeep
|
|t:|1750758130
|switch|p2b: Miraidon|Miraidon, L50|29/100
|-activate|p2b: Miraidon|ability: Hadron Engine
|turn|5
|
|t:|1750758148
|move|p2b: Miraidon|Electro Drift|p1b: Grimmsnarl
|-crit|p1b: Grimmsnarl
|-damage|p1b: Grimmsnarl|0 fnt
|faint|p1b: Grimmsnarl
|move|p1a: Iron Hands|Low Kick|p2b: Miraidon
|-damage|p2b: Miraidon|0 fnt
|faint|p2b: Miraidon
|move|p2a: Volcarona|Tailwind|p2a: Volcarona
|-sidestart|p2: botishjy|move: Tailwind
|
|-fieldend|move: Electric Terrain
|-end|p1a: Iron Hands|Quark Drive
|upkeep
|inactive|GLY17 has 30 seconds left.
|inactive|GLY17 has 20 seconds left.
|
|t:|1750758183
|switch|p2b: Ogerpon|Ogerpon-Hearthflame, L50, F|100/100
|switch|p1b: Miraidon|Miraidon, L50, tera:Fairy|27/100
|-ability|p2b: Ogerpon|Mold Breaker
|-fieldstart|move: Electric Terrain|[from] ability: Hadron Engine|[of] p1b: Miraidon
|-activate|p1a: Iron Hands|ability: Quark Drive
|-start|p1a: Iron Hands|quarkdriveatk
|turn|6
|
|t:|1750758201
|move|p2b: Ogerpon|Spiky Shield|p2b: Ogerpon
|-singleturn|p2b: Ogerpon|move: Protect
|move|p1b: Miraidon|Electro Drift|p2a: Volcarona
|-damage|p2a: Volcarona|0 fnt
|faint|p2a: Volcarona
|move|p1a: Iron Hands|Drain Punch|p2b: Ogerpon
|-activate|p2b: Ogerpon|move: Protect
|-damage|p1a: Iron Hands|38/100|[from] Spiky Shield|[of] p2b: Ogerpon
|
|upkeep
|turn|7
|
|t:|1750758215
|-terastallize|p2b: Ogerpon|Fire
|detailschange|p2b: Ogerpon|Ogerpon-Hearthflame-Tera, L50, F, tera:Fire
|-ability|p2b: Ogerpon|Embody Aspect (Hearthflame)|boost
|-boost|p2b: Ogerpon|atk|1
|move|p2b: Ogerpon|Ivy Cudgel|p1b: Miraidon|[anim] Ivy Cudgel Fire
|-damage|p1b: Miraidon|0 fnt
|faint|p1b: Miraidon
|move|p1a: Iron Hands|Drain Punch|p2b: Ogerpon
|-damage|p2b: Ogerpon|27/100
|-heal|p1a: Iron Hands|62/100|[from] drain|[of] p2b: Ogerpon
|
|upkeep
|
|t:|1750758226
|switch|p1b: Zamazenta|Zamazenta-Crowned, L50|100/100
|-ability|p1b: Zamazenta|Dauntless Shield|boost
|-boost|p1b: Zamazenta|def|1
|turn|8
|
|t:|1750758232
|move|p1b: Zamazenta|Protect|p1b: Zamazenta
|-singleturn|p1b: Zamazenta|Protect
|move|p2b: Ogerpon|Ivy Cudgel|p1b: Zamazenta|[anim] Ivy Cudgel Fire
|-activate|p1b: Zamazenta|move: Protect
|move|p1a: Iron Hands|Drain Punch|p2b: Ogerpon
|-crit|p2b: Ogerpon
|-damage|p2b: Ogerpon|0 fnt
|-heal|p1a: Iron Hands|71/100|[from] drain|[of] p2b: Ogerpon
|faint|p2b: Ogerpon
|detailschange|p2: Ogerpon|Ogerpon-Hearthflame, L50, F|[silent]
|
|win|GLY17
|raw|GLY17's rating: 1138 &rarr; <strong>1159</strong><br />(+21 for winning)
|raw|botishjy's rating: 1076 &rarr; <strong>1058</strong><br />(-18 for losing)
|l|☆botishjy
|player|p2|
