|j|☆sullayee
|j|☆amandaToriMeating
|t:|1750712635
|gametype|doubles
|player|p1|sullayee|102|1394
|player|p2|amandaToriMeating|2|1494
|teamsize|p1|6
|teamsize|p2|6
|gen|9
|tier|[Gen 9] VGC 2025 Reg I
|rated|
|rule|Species Clause: Limit one of each Pokémon
|rule|Item Clause: Limit 1 of each item
|clearpoke
|poke|p1|Koraidon, L50|
|poke|p1|Incineroar, L50, F|
|poke|p1|Calyrex-Shadow, L50|
|poke|p1|Whimsicott, L50, M|
|poke|p1|Volcarona, L50, F|
|poke|p1|Rillaboom, L50, M|
|poke|p2|Indeedee-F, L50, F|
|poke|p2|Kyogre, L50|
|poke|p2|Tornadus, L50, M|
|poke|p2|Calyrex-Shadow, L50|
|poke|p2|Amoonguss, L50, M|
|poke|p2|Sneasler, L50, F|
|teampreview|4
|inactive|Battle timer is ON: inactive players will automatically lose when time's up. (requested by sullayee)
|
|t:|1750712657
|start
|switch|p1a: Whimsicott|Whimsicott, L50, M|100/100
|switch|p1b: Calyrex|Calyrex-Shadow, L50|100/100
|switch|p2a: Calyrex|Calyrex-Shadow, L50|100/100
|switch|p2b: Tornadus|Tornadus, L50, M|100/100
|-ability|p2a: Calyrex|As One
|-ability|p2a: Calyrex|Unnerve
|-ability|p1b: Calyrex|As One
|-ability|p1b: Calyrex|Unnerve
|turn|1
|
|t:|1750712681
|-terastallize|p2a: Calyrex|Ground
|move|p1b: Calyrex|Protect|p1b: Calyrex
|-singleturn|p1b: Calyrex|Protect
|move|p1a: Whimsicott|Taunt|p2b: Tornadus
|-start|p2b: Tornadus|move: Taunt
|cant|p2b: Tornadus|move: Taunt|Taunt
|move|p2a: Calyrex|Astral Barrage|p1b: Calyrex|[spread] p1a
|-activate|p1b: Calyrex|move: Protect
|-enditem|p1a: Whimsicott|Focus Sash
|-damage|p1a: Whimsicott|1/100
|-damage|p2a: Calyrex|91/100|[from] item: Life Orb
|
|upkeep
|turn|2
|inactive|sullayee has 30 seconds left.
|inactive|amandaToriMeating has 30 seconds left.
|
|t:|1750712712
|switch|p2b: Indeedee|Indeedee-F, L50, F|100/100
|-fieldstart|move: Psychic Terrain|[from] ability: Psychic Surge|[of] p2b: Indeedee
|-terastallize|p1b: Calyrex|Dark
|move|p1a: Whimsicott|Tailwind|p1a: Whimsicott
|-sidestart|p1: sullayee|move: Tailwind
|move|p1b: Calyrex|Astral Barrage|p2a: Calyrex|[spread] p2a
|-immune|p2b: Indeedee
|-damage|p2a: Calyrex|8/100
|-damage|p1b: Calyrex|90/100|[from] item: Life Orb
|move|p2a: Calyrex|Astral Barrage|p1a: Whimsicott|[spread] p1a,p1b
|-resisted|p1b: Calyrex
|-damage|p1a: Whimsicott|0 fnt
|-damage|p1b: Calyrex|60/100
|faint|p1a: Whimsicott
|-ability|p2a: Calyrex|Grim Neigh|boost
|-boost|p2a: Calyrex|spa|1
|-damage|p2a: Calyrex|0 fnt|[from] item: Life Orb
|faint|p2a: Calyrex
|
|upkeep
|inactive|sullayee has 30 seconds left.
|
|t:|1750712738
|switch|p2a: Kyogre|Kyogre, L50|100/100
|switch|p1a: Rillaboom|Rillaboom, L50, M|100/100
|-fieldstart|move: Grassy Terrain|[from] ability: Grassy Surge|[of] p1a: Rillaboom
|-weather|RainDance|[from] ability: Drizzle|[of] p2a: Kyogre
|turn|3
|inactive|sullayee has 30 seconds left.
|
|t:|1750712770
|switch|p2b: Tornadus|Tornadus, L50, M|100/100
|move|p2a: Kyogre|Protect|p2a: Kyogre
|-singleturn|p2a: Kyogre|Protect
|move|p1a: Rillaboom|Fake Out|p2a: Kyogre
|-activate|p2a: Kyogre|move: Protect
|move|p1b: Calyrex|Dark Pulse|p2b: Tornadus
|-damage|p2b: Tornadus|4/100
|-damage|p1b: Calyrex|50/100|[from] item: Life Orb
|
|-weather|RainDance|[upkeep]
|-heal|p1b: Calyrex|57/100|[from] Grassy Terrain
|upkeep
|turn|4
|inactive|sullayee has 30 seconds left.
|
|t:|1750712797
|switch|p2a: Indeedee|Indeedee-F, L50, F|100/100
|-fieldstart|move: Psychic Terrain|[from] ability: Psychic Surge|[of] p2a: Indeedee
|move|p2b: Tornadus|Tailwind|p2b: Tornadus
|-sidestart|p2: amandaToriMeating|move: Tailwind
|move|p1b: Calyrex|Astral Barrage|p2b: Tornadus|[spread] p2b
|-immune|p2a: Indeedee
|-damage|p2b: Tornadus|0 fnt
|faint|p2b: Tornadus
|-ability|p1b: Calyrex|Grim Neigh|boost
|-boost|p1b: Calyrex|spa|1
|-damage|p1b: Calyrex|46/100|[from] item: Life Orb
|move|p1a: Rillaboom|Grassy Glide|p2a: Indeedee
|-damage|p2a: Indeedee|71/100
|
|-weather|RainDance|[upkeep]
|upkeep
|
|t:|1750712816
|switch|p2b: Kyogre|Kyogre, L50|100/100
|turn|5
|
|t:|1750712827
|move|p2b: Kyogre|Protect|p2b: Kyogre
|-singleturn|p2b: Kyogre|Protect
|move|p1b: Calyrex|Dark Pulse|p2a: Indeedee
|-supereffective|p2a: Indeedee
|-damage|p2a: Indeedee|0 fnt
|faint|p2a: Indeedee
|-ability|p1b: Calyrex|Grim Neigh|boost
|-boost|p1b: Calyrex|spa|1
|-damage|p1b: Calyrex|36/100|[from] item: Life Orb
|move|p1a: Rillaboom|U-turn|p2b: Kyogre
|-activate|p2b: Kyogre|move: Protect
|
|-weather|RainDance|[upkeep]
|-sideend|p1: sullayee|move: Tailwind
|upkeep
|turn|6
|-message|amandaToriMeating forfeited.
|
|win|sullayee
|raw|sullayee's rating: 1394 &rarr; <strong>1420</strong><br />(+26 for winning)
|raw|amandaToriMeating's rating: 1494 &rarr; <strong>1468</strong><br />(-26 for losing)
|l|☆amandaToriMeating
|player|p2|
