|j|☆bigfatsnorlax
|j|☆jimmyguyguy
|t:|1750775721
|gametype|doubles
|player|p1|bigfatsnorlax|rosa|1092
|player|p2|jimmyguyguy|266|1053
|teamsize|p1|6
|teamsize|p2|4
|gen|9
|tier|[Gen 9] VGC 2025 Reg I
|rated|
|rule|Species Clause: Limit one of each Pokémon
|rule|Item Clause: Limit 1 of each item
|clearpoke
|poke|p1|Rillaboom, L50, M|
|poke|p1|Incineroar, L50, M|
|poke|p1|Zamazenta-*, L50|
|poke|p1|Calyrex-Shadow, L50|
|poke|p1|Amoonguss, L50, F|
|poke|p1|Urshifu-*, L50, F|
|poke|p2|Miraidon, L50|
|poke|p2|Ceruledge, L50, F|
|poke|p2|Flutter Mane, L50|
|poke|p2|Scizor, L50, M|
|teampreview|4
|inactive|Battle timer is ON: inactive players will automatically lose when time's up. (requested by jimmyguyguy)
|c|☆jimmyguyguy|wrong team
|inactive|bigfatsnorlax has 60 seconds left.
|c|☆jimmyguyguy|whoops
|
|t:|1750775759
|start
|switch|p1a: Incineroar|Incineroar, L50, M|100/100
|switch|p1b: Rillaboom|Rillaboom, L50, M|100/100
|switch|p2a: Miraidon|Miraidon, L50|100/100
|switch|p2b: Ceruledge|Ceruledge, L50, F|100/100
|-fieldstart|move: Electric Terrain|[from] ability: Hadron Engine|[of] p2a: Miraidon
|-fieldstart|move: Grassy Terrain|[from] ability: Grassy Surge|[of] p1b: Rillaboom
|-ability|p1a: Incineroar|Intimidate|boost
|-unboost|p2a: Miraidon|atk|1
|-unboost|p2b: Ceruledge|atk|1
|turn|1
|inactive|jimmyguyguy has 30 seconds left.
|inactive|jimmyguyguy has 20 seconds left.
|
|t:|1750775796
|move|p1b: Rillaboom|Fake Out|p2a: Miraidon
|-damage|p2a: Miraidon|86/100
|cant|p2a: Miraidon|flinch
|move|p2b: Ceruledge|Bitter Blade|p1b: Rillaboom
|-supereffective|p1b: Rillaboom
|-damage|p1b: Rillaboom|34/100
|move|p1a: Incineroar|Snarl|p2a: Miraidon|[spread] p2a,p2b
|-supereffective|p2b: Ceruledge
|-damage|p2a: Miraidon|76/100
|-damage|p2b: Ceruledge|71/100
|-unboost|p2a: Miraidon|spa|1
|-unboost|p2b: Ceruledge|spa|1
|
|-heal|p2a: Miraidon|82/100|[from] Grassy Terrain
|-heal|p2b: Ceruledge|77/100|[from] Grassy Terrain
|-heal|p1b: Rillaboom|40/100|[from] Grassy Terrain
|upkeep
|turn|2
|inactive|bigfatsnorlax has 30 seconds left.
|
|t:|1750775821
|move|p1b: Rillaboom|Grassy Glide|p2a: Miraidon
|-resisted|p2a: Miraidon
|-damage|p2a: Miraidon|63/100
|move|p2a: Miraidon|Volt Switch|p1a: Incineroar
|-damage|p1a: Incineroar|71/100
|
|t:|1750775831
|switch|p2a: Flutter Mane|Flutter Mane, L50|100/100|[from] Volt Switch
|move|p2b: Ceruledge|Sunny Day|p2b: Ceruledge
|-weather|SunnyDay
|-activate|p2a: Flutter Mane|ability: Protosynthesis
|-start|p2a: Flutter Mane|protosynthesisspa
|move|p1a: Incineroar|Snarl|p2b: Ceruledge|[spread] p2a,p2b
|-supereffective|p2b: Ceruledge
|-damage|p2a: Flutter Mane|88/100
|-damage|p2b: Ceruledge|45/100
|-unboost|p2a: Flutter Mane|spa|1
|-unboost|p2b: Ceruledge|spa|1
|
|-weather|SunnyDay|[upkeep]
|-heal|p2a: Flutter Mane|94/100|[from] Grassy Terrain
|-heal|p2a: Flutter Mane|100/100|[from] item: Leftovers
|-heal|p2b: Ceruledge|51/100|[from] Grassy Terrain
|-heal|p1b: Rillaboom|46/100|[from] Grassy Terrain
|-heal|p1a: Incineroar|77/100|[from] Grassy Terrain
|upkeep
|turn|3
|inactive|bigfatsnorlax has 30 seconds left.
|
|t:|1750775862
|move|p2b: Ceruledge|Ally Switch|p2b: Ceruledge
|swap|p2b: Ceruledge|0|[from] move: Ally Switch
|move|p1b: Rillaboom|Grassy Glide|p2a: Ceruledge
|-resisted|p2a: Ceruledge
|-damage|p2a: Ceruledge|25/100
|move|p2b: Flutter Mane|Dazzling Gleam|p1a: Incineroar|[spread] p1a,p1b
|-damage|p1a: Incineroar|53/100
|-damage|p1b: Rillaboom|26/100
|move|p1a: Incineroar|Flare Blitz|p2a: Ceruledge
|-start|p2a: Ceruledge|ability: Flash Fire
|
|-weather|SunnyDay|[upkeep]
|-heal|p2a: Ceruledge|31/100|[from] Grassy Terrain
|-heal|p1b: Rillaboom|32/100|[from] Grassy Terrain
|-heal|p1a: Incineroar|59/100|[from] Grassy Terrain
|upkeep
|turn|4
|inactive|bigfatsnorlax has 30 seconds left.
|inactive|jimmyguyguy has 30 seconds left.
|inactive|bigfatsnorlax has 20 seconds left.
|inactive|bigfatsnorlax has 15 seconds left.
|
|t:|1750775906
|move|p1b: Rillaboom|Grassy Glide|p2a: Ceruledge
|-resisted|p2a: Ceruledge
|-damage|p2a: Ceruledge|4/100
|move|p2b: Flutter Mane|Substitute|p2b: Flutter Mane
|-start|p2b: Flutter Mane|Substitute
|-damage|p2b: Flutter Mane|76/100
|move|p2a: Ceruledge|Bitter Blade|p1b: Rillaboom
|-supereffective|p1b: Rillaboom
|-damage|p1b: Rillaboom|0 fnt
|-heal|p2a: Ceruledge|25/100|[from] drain|[of] p1b: Rillaboom
|faint|p1b: Rillaboom
|move|p1a: Incineroar|Flare Blitz|p2b: Flutter Mane
|-end|p2b: Flutter Mane|Substitute
|-damage|p1a: Incineroar|53/100|[from] Recoil|[of] p2b: Flutter Mane
|
|-weather|SunnyDay|[upkeep]
|-heal|p2b: Flutter Mane|82/100|[from] Grassy Terrain
|-heal|p2b: Flutter Mane|88/100|[from] item: Leftovers
|-heal|p2a: Ceruledge|31/100|[from] Grassy Terrain
|-heal|p1a: Incineroar|59/100|[from] Grassy Terrain
|upkeep
|
|t:|1750775917
|switch|p1b: Calyrex|Calyrex-Shadow, L50|100/100
|-ability|p1b: Calyrex|As One
|-ability|p1b: Calyrex|Unnerve
|turn|5
|
|t:|1750775939
|-terastallize|p1b: Calyrex|Fairy
|move|p1b: Calyrex|Astral Barrage|p2b: Flutter Mane|[spread] p2a,p2b
|-supereffective|p2a: Ceruledge
|-supereffective|p2b: Flutter Mane
|-damage|p2a: Ceruledge|0 fnt
|-damage|p2b: Flutter Mane|0 fnt
|faint|p2a: Ceruledge
|faint|p2b: Flutter Mane
|-end|p2b: Flutter Mane|Protosynthesis|[silent]
|-ability|p1b: Calyrex|Grim Neigh|boost
|-boost|p1b: Calyrex|spa|2
|move|p1a: Incineroar|Flare Blitz|p2: Ceruledge|[notarget]
|-fail|p1a: Incineroar
|
|-weather|SunnyDay|[upkeep]
|-heal|p1a: Incineroar|65/100|[from] Grassy Terrain
|-fieldend|move: Grassy Terrain
|upkeep
|
|t:|1750775953
|switch|p2b: Scizor|Scizor, L50, M|100/100
|switch|p2a: Miraidon|Miraidon, L50|63/100
|-fieldstart|move: Electric Terrain|[from] ability: Hadron Engine|[of] p2a: Miraidon
|turn|6
|
|t:|1750775977
|switch|p1a: Urshifu|Urshifu-Rapid-Strike, L50, F|100/100
|move|p1b: Calyrex|Protect|p1b: Calyrex
|-singleturn|p1b: Calyrex|Protect
|move|p2a: Miraidon|Flash Cannon|p1b: Calyrex
|-activate|p1b: Calyrex|move: Protect
|move|p2b: Scizor|Aerial Ace|p1a: Urshifu
|-supereffective|p1a: Urshifu
|-damage|p1a: Urshifu|29/100
|
|-weather|none
|upkeep
|turn|7
|inactive|bigfatsnorlax has 30 seconds left.
|
|t:|1750776007
|move|p2b: Scizor|Bullet Punch|p1a: Urshifu
|-resisted|p1a: Urshifu
|-damage|p1a: Urshifu|11/100
|move|p1b: Calyrex|Astral Barrage|p2b: Scizor|[spread] p2a,p2b
|-damage|p2a: Miraidon|0 fnt
|-damage|p2b: Scizor|16/100
|faint|p2a: Miraidon
|-ability|p1b: Calyrex|Grim Neigh|boost
|-boost|p1b: Calyrex|spa|1
|move|p1a: Urshifu|Surging Strikes|p2b: Scizor
|-crit|p2b: Scizor
|-damage|p2b: Scizor|0 fnt
|faint|p2b: Scizor
|-hitcount|p2: Scizor|1
|
|win|bigfatsnorlax
|raw|bigfatsnorlax's rating: 1092 &rarr; <strong>1115</strong><br />(+23 for winning)
|raw|jimmyguyguy's rating: 1053 &rarr; <strong>1037</strong><br />(-16 for losing)
|l|☆jimmyguyguy
|player|p2|
|l|☆bigfatsnorlax
|player|p1|
