|j|☆3771m
|j|☆JordanokeefeVGC
|t:|1750855927
|gametype|doubles
|player|p1|3771m|lucas|1241
|player|p2|JordanokeefeVGC|266|1239
|teamsize|p1|6
|teamsize|p2|6
|gen|9
|tier|[Gen 9] VGC 2025 Reg I
|rated|
|rule|Species Clause: Limit one of each Pokémon
|rule|Item Clause: Limit 1 of each item
|clearpoke
|poke|p1|Calyrex-Ice, L50|
|poke|p1|Miraidon, L50|
|poke|p1|Incineroar, L50, M|
|poke|p1|Iron Hands, L50|
|poke|p1|Pelipper, L50, F|
|poke|p1|Farigiraf, L50, M|
|poke|p2|Ceruledge, L50, F|
|poke|p2|Calyrex-Shadow, L50|
|poke|p2|Smeargle, L50, M|
|poke|p2|Tornadus, L50, M|
|poke|p2|Zacian-*, L50|
|poke|p2|Araquanid, L50, F|
|teampreview|4
|inactive|Battle timer is ON: inactive players will automatically lose when time's up. (requested by JordanokeefeVGC)
|
|t:|1750855955
|start
|switch|p1a: Iron Hands|Iron Hands, L50|100/100
|switch|p1b: Pelipper|Pelipper, L50, F|100/100
|switch|p2a: Smeargle|Smeargle, L50, M|100/100
|switch|p2b: Zacian|Zacian-Crowned, L50|100/100
|-ability|p2b: Zacian|Intrepid Sword|boost
|-boost|p2b: Zacian|atk|1
|-weather|RainDance|[from] ability: Drizzle|[of] p1b: Pelipper
|turn|1
|inactive|JordanokeefeVGC has 30 seconds left.
|
|t:|1750855982
|move|p2a: Smeargle|Fake Out|p1a: Iron Hands
|-damage|p1a: Iron Hands|97/100
|cant|p1a: Iron Hands|flinch
|move|p2b: Zacian|Play Rough|p1a: Iron Hands
|-supereffective|p1a: Iron Hands
|-damage|p1a: Iron Hands|0 fnt
|faint|p1a: Iron Hands
|-end|p1a: Iron Hands|Quark Drive|[silent]
|move|p1b: Pelipper|Tailwind|p1b: Pelipper
|-sidestart|p1: 3771m|move: Tailwind
|
|-weather|RainDance|[upkeep]
|-ability|p2a: Smeargle|Moody|boost
|-boost|p2a: Smeargle|atk|2
|-unboost|p2a: Smeargle|spd|1
|upkeep
|
|t:|1750855995
|switch|p1a: Miraidon|Miraidon, L50|100/100
|-fieldstart|move: Electric Terrain|[from] ability: Hadron Engine|[of] p1a: Miraidon
|turn|2
|
|t:|1750856015
|move|p2a: Smeargle|Follow Me|p2a: Smeargle
|-singleturn|p2a: Smeargle|move: Follow Me
|move|p1a: Miraidon|Electro Drift|p2a: Smeargle
|-enditem|p2a: Smeargle|Focus Sash
|-damage|p2a: Smeargle|1/100
|move|p1b: Pelipper|Muddy Water|p2b: Zacian|[spread] p2a,p2b
|-damage|p2a: Smeargle|0 fnt
|-damage|p2b: Zacian|60/100
|faint|p2a: Smeargle
|move|p2b: Zacian|Play Rough|p1a: Miraidon|[miss]
|-miss|p2b: Zacian|p1a: Miraidon
|
|-weather|RainDance|[upkeep]
|upkeep
|
|t:|1750856033
|switch|p2a: Ceruledge|Ceruledge, L50, F|100/100
|turn|3
|
|t:|1750856042
|move|p2b: Zacian|Protect|p2b: Zacian
|-singleturn|p2b: Zacian|Protect
|move|p2a: Ceruledge|Shadow Sneak|p1a: Miraidon
|-damage|p1a: Miraidon|76/100
|move|p1a: Miraidon|Electro Drift|p2b: Zacian
|-activate|p2b: Zacian|move: Protect
|move|p1b: Pelipper|Muddy Water|p2a: Ceruledge|[spread] p2a
|-activate|p2b: Zacian|move: Protect
|-supereffective|p2a: Ceruledge
|-damage|p2a: Ceruledge|47/100
|-unboost|p2a: Ceruledge|accuracy|1
|
|-weather|RainDance|[upkeep]
|upkeep
|turn|4
|inactive|JordanokeefeVGC has 30 seconds left.
|
|t:|1750856073
|switch|p2a: Calyrex|Calyrex-Shadow, L50|100/100
|-ability|p2a: Calyrex|As One
|-ability|p2a: Calyrex|Unnerve
|move|p2b: Zacian|Protect|p2b: Zacian
|-singleturn|p2b: Zacian|Protect
|move|p1a: Miraidon|Electro Drift|p2b: Zacian
|-activate|p2b: Zacian|move: Protect
|move|p1b: Pelipper|Muddy Water|p2a: Calyrex|[spread] p2a
|-activate|p2b: Zacian|move: Protect
|-damage|p2a: Calyrex|62/100
|
|-weather|RainDance|[upkeep]
|-sideend|p1: 3771m|move: Tailwind
|upkeep
|turn|5
|inactive|3771m has 30 seconds left.
|inactive|JordanokeefeVGC has 30 seconds left.
|
|t:|1750856112
|switch|p1a: Calyrex|Calyrex-Ice, L50|100/100
|-ability|p1a: Calyrex|As One
|-ability|p1a: Calyrex|Unnerve
|move|p2a: Calyrex|Astral Barrage|p1a: Calyrex|[spread] p1a,p1b
|-supereffective|p1a: Calyrex
|-damage|p1a: Calyrex|8/100
|-enditem|p1b: Pelipper|Focus Sash
|-damage|p1b: Pelipper|1/100
|-damage|p2a: Calyrex|52/100|[from] item: Life Orb
|move|p2b: Zacian|Play Rough|p1a: Calyrex
|-damage|p1a: Calyrex|0 fnt
|faint|p1a: Calyrex
|move|p1b: Pelipper|Tailwind|p1b: Pelipper
|-sidestart|p1: 3771m|move: Tailwind
|
|-weather|none
|upkeep
|
|t:|1750856126
|switch|p1a: Miraidon|Miraidon, L50|76/100
|-activate|p1a: Miraidon|ability: Hadron Engine
|turn|6
|inactive|JordanokeefeVGC has 30 seconds left.
|
|t:|1750856152
|-terastallize|p1a: Miraidon|Fairy
|move|p2b: Zacian|Protect|p2b: Zacian
|-singleturn|p2b: Zacian|Protect
|move|p1b: Pelipper|Wide Guard|p1b: Pelipper
|-singleturn|p1b: Pelipper|Wide Guard
|move|p1a: Miraidon|Electro Drift|p2b: Zacian
|-activate|p2b: Zacian|move: Protect
|move|p2a: Calyrex|Astral Barrage|p1a: Miraidon|[spread] 
|-activate|p1a: Miraidon|move: Wide Guard
|-activate|p1b: Pelipper|move: Wide Guard
|
|-fieldend|move: Electric Terrain
|upkeep
|turn|7
|
|t:|1750856170
|switch|p2b: Ceruledge|Ceruledge, L50, F|47/100
|move|p2a: Calyrex|Protect|p2a: Calyrex
|-singleturn|p2a: Calyrex|Protect
|move|p1b: Pelipper|Wide Guard|p1b: Pelipper
|-singleturn|p1b: Pelipper|Wide Guard
|move|p1a: Miraidon|Electro Drift|p2b: Ceruledge
|-damage|p2b: Ceruledge|0 fnt
|faint|p2b: Ceruledge
|
|upkeep
|
|t:|1750856181
|switch|p2b: Zacian|Zacian-Crowned, L50|60/100
|turn|8
|
|t:|1750856194
|move|p2b: Zacian|Protect|p2b: Zacian
|-singleturn|p2b: Zacian|Protect
|move|p1a: Miraidon|Electro Drift|p2a: Calyrex
|-damage|p2a: Calyrex|0 fnt
|faint|p2a: Calyrex
|move|p1b: Pelipper|Muddy Water|p2b: Zacian
|-activate|p2b: Zacian|move: Protect
|
|-sideend|p1: 3771m|move: Tailwind
|upkeep
|turn|9
|
|t:|1750856205
|move|p2b: Zacian|Behemoth Blade|p1a: Miraidon
|-supereffective|p1a: Miraidon
|-damage|p1a: Miraidon|0 fnt
|faint|p1a: Miraidon
|move|p1b: Pelipper|Muddy Water|p2b: Zacian
|-damage|p2b: Zacian|26/100
|
|upkeep
|turn|10
|
|t:|1750856215
|move|p2b: Zacian|Sacred Sword|p1b: Pelipper
|-resisted|p1b: Pelipper
|-damage|p1b: Pelipper|0 fnt
|faint|p1b: Pelipper
|
|win|JordanokeefeVGC
|raw|3771m's rating: 1241 &rarr; <strong>1216</strong><br />(-25 for losing)
|raw|JordanokeefeVGC's rating: 1239 &rarr; <strong>1264</strong><br />(+25 for winning)
|l|☆3771m
|player|p1|
|l|☆JordanokeefeVGC
|player|p2|
