|j|☆disart
|j|☆Aboeroekoe
|t:|1750845439
|gametype|doubles
|player|p1|disart|266|1162
|player|p2|Aboeroekoe|170|1193
|teamsize|p1|6
|teamsize|p2|6
|gen|9
|tier|[Gen 9] VGC 2025 Reg I
|rated|
|rule|Species Clause: Limit one of each Pokémon
|rule|Item Clause: Limit 1 of each item
|clearpoke
|poke|p1|Raging Bolt, L50|
|poke|p1|Rillaboom, L50, M|
|poke|p1|Calyrex-Shadow, L50|
|poke|p1|Chien-Pao, L50|
|poke|p1|Urshifu-*, L50, F|
|poke|p1|Zamazenta-*, L50|
|poke|p2|Zamazenta-*, L50|
|poke|p2|Gastrodon, L50, F|
|poke|p2|Tyranitar, L50, M|
|poke|p2|Dialga-Origin, L50|
|poke|p2|Slowking-Galar, L50, M|
|poke|p2|Ursaluna-Bloodmoon, L50, M|
|teampreview|4
|inactive|Battle timer is ON: inactive players will automatically lose when time's up. (requested by Aboeroekoe)
Aboeroekoe rejected open team sheets.
|inactive|Aboeroekoe has 60 seconds left.
|
|t:|1750845486
|start
|switch|p1a: Chien-Pao|Chien-Pao, L50|100/100
|switch|p1b: Zamazenta|Zamazenta-Crowned, L50|100/100
|switch|p2a: Tyranitar|Tyranitar, L50, M|100/100
|switch|p2b: Slowking|Slowking-Galar, L50, M|100/100
|-ability|p1a: Chien-Pao|Sword of Ruin
|-ability|p1b: Zamazenta|Dauntless Shield|boost
|-boost|p1b: Zamazenta|def|1
|-weather|Sandstorm|[from] ability: Sand Stream|[of] p2a: Tyranitar
|turn|1
|inactive|Aboeroekoe has 30 seconds left.
|inactive|Aboeroekoe has 20 seconds left.
|inactive|Aboeroekoe has 15 seconds left.
|
|t:|1750845530
|move|p2a: Tyranitar|Protect|p2a: Tyranitar
|-singleturn|p2a: Tyranitar|Protect
|move|p1a: Chien-Pao|Crunch|p2b: Slowking
|-supereffective|p2b: Slowking
|-damage|p2b: Slowking|0 fnt
|faint|p2b: Slowking
|move|p1b: Zamazenta|Body Press|p2a: Tyranitar
|-activate|p2a: Tyranitar|move: Protect
|
|-weather|Sandstorm|[upkeep]
|-damage|p1a: Chien-Pao|95/100|[from] Sandstorm
|upkeep
|
|t:|1750845545
|switch|p2b: Zamazenta|Zamazenta-Crowned, L50|100/100
|-ability|p2b: Zamazenta|Dauntless Shield|boost
|-boost|p2b: Zamazenta|def|1
|turn|2
|
|t:|1750845569
|-terastallize|p2a: Tyranitar|Ghost
|move|p1a: Chien-Pao|Protect|p1a: Chien-Pao
|-singleturn|p1a: Chien-Pao|Protect
|move|p1b: Zamazenta|Body Press|p2a: Tyranitar
|-immune|p2a: Tyranitar
|move|p2b: Zamazenta|Body Press|p1a: Chien-Pao
|-activate|p1a: Chien-Pao|move: Protect
|move|p2a: Tyranitar|Rock Slide|p1a: Chien-Pao|[spread] p1b
|-activate|p1a: Chien-Pao|move: Protect
|-resisted|p1b: Zamazenta
|-damage|p1b: Zamazenta|97/100
|
|-weather|Sandstorm|[upkeep]
|-damage|p1a: Chien-Pao|89/100|[from] Sandstorm
|-damage|p2a: Tyranitar|94/100|[from] Sandstorm
|upkeep
|turn|3
|
|t:|1750845588
|move|p2a: Tyranitar|Protect|p2a: Tyranitar
|-singleturn|p2a: Tyranitar|Protect
|move|p1a: Chien-Pao|Crunch|p2a: Tyranitar
|-activate|p2a: Tyranitar|move: Protect
|move|p1b: Zamazenta|Body Press|p2b: Zamazenta
|-supereffective|p2b: Zamazenta
|-damage|p2b: Zamazenta|34/100
|move|p2b: Zamazenta|Body Press|p1a: Chien-Pao
|-supereffective|p1a: Chien-Pao
|-damage|p1a: Chien-Pao|0 fnt
|faint|p1a: Chien-Pao
|
|-weather|Sandstorm|[upkeep]
|-damage|p2a: Tyranitar|88/100|[from] Sandstorm
|upkeep
|
|t:|1750845604
|switch|p1a: Calyrex|Calyrex-Shadow, L50|100/100
|-ability|p1a: Calyrex|As One
|-ability|p1a: Calyrex|Unnerve
|turn|4
|
|t:|1750845627
|switch|p2a: Ursaluna|Ursaluna-Bloodmoon, L50, M|100/100
|move|p2b: Zamazenta|Protect|p2b: Zamazenta
|-singleturn|p2b: Zamazenta|Protect
|move|p1a: Calyrex|Encore||[still]
|-fail|p1a: Calyrex
|move|p1b: Zamazenta|Body Press|p2b: Zamazenta
|-activate|p2b: Zamazenta|move: Protect
|
|-weather|Sandstorm|[upkeep]
|-damage|p1a: Calyrex|94/100|[from] Sandstorm
|upkeep
|turn|5
|inactive|Aboeroekoe has 30 seconds left.
|inactive|Aboeroekoe has 20 seconds left.
|inactive|Aboeroekoe has 15 seconds left.
|
|t:|1750845670
|move|p1a: Calyrex|Psychic|p2a: Ursaluna
|-damage|p2a: Ursaluna|15/100
|-damage|p1a: Calyrex|85/100|[from] item: Life Orb
|move|p1b: Zamazenta|Body Press|p2b: Zamazenta
|-supereffective|p2b: Zamazenta
|-damage|p2b: Zamazenta|0 fnt
|faint|p2b: Zamazenta
|move|p2a: Ursaluna|Earth Power|p1b: Zamazenta
|-supereffective|p1b: Zamazenta
|-damage|p1b: Zamazenta|27/100
|
|-weather|none
|-heal|p2a: Ursaluna|21/100|[from] item: Leftovers
|upkeep
|
|t:|1750845678
|switch|p2b: Tyranitar|Tyranitar, L50, M, tera:Ghost|88/100
|-weather|Sandstorm|[from] ability: Sand Stream|[of] p2b: Tyranitar
|turn|6
|
|t:|1750845700
|move|p2a: Ursaluna|Protect|p2a: Ursaluna
|-singleturn|p2a: Ursaluna|Protect
|move|p1a: Calyrex|Astral Barrage|p2a: Ursaluna|[spread] p2b
|-activate|p2a: Ursaluna|move: Protect
|-supereffective|p2b: Tyranitar
|-damage|p2b: Tyranitar|0 fnt
|faint|p2b: Tyranitar
|-ability|p1a: Calyrex|Grim Neigh|boost
|-boost|p1a: Calyrex|spa|1
|-damage|p1a: Calyrex|75/100|[from] item: Life Orb
|move|p1b: Zamazenta|Body Press|p2a: Ursaluna
|-activate|p2a: Ursaluna|move: Protect
|
|-weather|Sandstorm|[upkeep]
|-damage|p1a: Calyrex|69/100|[from] Sandstorm
|-heal|p2a: Ursaluna|27/100|[from] item: Leftovers
|upkeep
|turn|7
|
|t:|1750845719
|move|p1a: Calyrex|Encore|p2a: Ursaluna
|-start|p2a: Ursaluna|Encore
|move|p1b: Zamazenta|Body Press|p2a: Ursaluna
|-supereffective|p2a: Ursaluna
|-damage|p2a: Ursaluna|0 fnt
|faint|p2a: Ursaluna
|
|win|disart
|raw|disart's rating: 1162 &rarr; <strong>1189</strong><br />(+27 for winning)
|raw|Aboeroekoe's rating: 1193 &rarr; <strong>1166</strong><br />(-27 for losing)
|l|☆disart
|player|p1|
|l|☆Aboeroekoe
|player|p2|
