|j|☆YugiMotoKOG
|j|☆smario1705
|t:|1750805016
|gametype|doubles
|player|p1|YugiMotoKOG|169|1151
|player|p2|smario1705|alder|1178
|teamsize|p1|6
|teamsize|p2|6
|gen|9
|tier|[Gen 9] VGC 2025 Reg I
|rated|
|rule|Species Clause: Limit one of each Pokémon
|rule|Item Clause: Limit 1 of each item
|clearpoke
|poke|p1|Primeape, L50, F|
|poke|p1|Smeargle, L50, F|
|poke|p1|Koraidon, L50|
|poke|p1|Urshifu-*, L50, M|
|poke|p1|Calyrex-Shadow, L50|
|poke|p1|Ogerpon-Wellspring, L50, F|
|poke|p2|Koraidon, L50|
|poke|p2|Lunala, L50|
|poke|p2|Incineroar, L50, F|
|poke|p2|Amoonguss, L50, F|
|poke|p2|Grimmsnarl, L50, M|
|poke|p2|Chien-Pao, L50|
|teampreview|4
YugiMotoKOG rejected open team sheets.
|inactive|Battle timer is ON: inactive players will automatically lose when time's up. (requested by YugiMotoKOG)
|
|t:|1750805116
|start
|switch|p1a: Primeape|Primeape, L50, F, shiny|100/100
|switch|p1b: Smeargle|Smeargle, L50, F, shiny|100/100
|switch|p2a: Lunala|Lunala, L50|100/100
|switch|p2b: Amoonguss|Amoonguss, L50, F|100/100
|turn|1
|inactive|YugiMotoKOG has 30 seconds left.
|inactive|smario1705 has 30 seconds left.
|inactive|YugiMotoKOG has 20 seconds left.
|inactive|YugiMotoKOG has 15 seconds left.
|
|t:|1750805157
|move|p1b: Smeargle|Flower Trick|p1a: Primeape
|-crit|p1a: Primeape
|-damage|p1a: Primeape|92/100
|-setboost|p1a: Primeape|atk|6|[from] ability: Anger Point
|move|p2a: Lunala|Meteor Beam||[still]
|-prepare|p2a: Lunala|Meteor Beam
|-boost|p2a: Lunala|spa|1
|-enditem|p2a: Lunala|Power Herb
|-anim|p2a: Lunala|Meteor Beam|p1b: Smeargle
|-enditem|p1b: Smeargle|Focus Sash
|-damage|p1b: Smeargle|1/100
|move|p1a: Primeape|U-turn|p2a: Lunala
|-damage|p2a: Lunala|71/100
|
|t:|1750805173
|switch|p1a: Ogerpon|Ogerpon-Wellspring, L50, F|100/100|[from] U-turn
|move|p2b: Amoonguss|Spore|p1a: Ogerpon
|-immune|p1a: Ogerpon
|
|upkeep
|turn|2
|
|t:|1750805194
|move|p1a: Ogerpon|Spiky Shield|p1a: Ogerpon
|-singleturn|p1a: Ogerpon|move: Protect
|move|p2b: Amoonguss|Rage Powder|p2b: Amoonguss
|-singleturn|p2b: Amoonguss|move: Rage Powder
|move|p1b: Smeargle|Dire Claw|p2b: Amoonguss
|-damage|p2b: Amoonguss|96/100
|move|p2a: Lunala|Dazzling Gleam|p1a: Ogerpon|[spread] p1b
|-activate|p1a: Ogerpon|move: Protect
|-damage|p1b: Smeargle|0 fnt
|faint|p1b: Smeargle
|
|upkeep
|
|t:|1750805206
|switch|p1b: Calyrex|Calyrex-Shadow, L50|100/100
|-ability|p1b: Calyrex|As One
|-ability|p1b: Calyrex|Unnerve
|turn|3
|inactive|smario1705 has 30 seconds left.
|inactive|smario1705 has 20 seconds left.
|inactive|smario1705 has 15 seconds left.
|
|t:|1750805250
|-terastallize|p2a: Lunala|Fairy
|move|p1b: Calyrex|Astral Barrage|p2b: Amoonguss|[spread] p2a,p2b
|-damage|p2a: Lunala|24/100
|-damage|p2b: Amoonguss|34/100
|-damage|p1b: Calyrex|91/100|[from] item: Life Orb
|move|p1a: Ogerpon|Ivy Cudgel|p2a: Lunala|[anim] Ivy Cudgel Water
|-damage|p2a: Lunala|0 fnt
|faint|p2a: Lunala
|move|p2b: Amoonguss|Spore|p1b: Calyrex
|-status|p1b: Calyrex|slp|[from] move: Spore
|
|upkeep
|
|t:|1750805271
|switch|p2a: Incineroar|Incineroar, L50, F|100/100
|-ability|p2a: Incineroar|Intimidate|boost
|-unboost|p1a: Ogerpon|atk|1
|-unboost|p1b: Calyrex|atk|1
|turn|4
|inactive|smario1705 has 30 seconds left.
|
|t:|1750805299
|switch|p1b: Primeape|Primeape, L50, F, shiny|92/100
|move|p1a: Ogerpon|Spiky Shield|p1a: Ogerpon
|-singleturn|p1a: Ogerpon|move: Protect
|move|p2a: Incineroar|Fake Out|p1a: Ogerpon
|-activate|p1a: Ogerpon|move: Protect
|-damage|p2a: Incineroar|88/100|[from] Spiky Shield|[of] p1a: Ogerpon
|move|p2b: Amoonguss|Pollen Puff|p1a: Ogerpon
|-activate|p1a: Ogerpon|move: Protect
|
|upkeep
|turn|5
|inactive|YugiMotoKOG has 30 seconds left.
|inactive|smario1705 has 30 seconds left.
|inactive|smario1705 has 20 seconds left.
|inactive|smario1705 has 15 seconds left.
|inactive|smario1705 has 10 seconds left.
|
|t:|1750805347
|move|p1a: Ogerpon|Ivy Cudgel|p2a: Incineroar|[anim] Ivy Cudgel Water
|-supereffective|p2a: Incineroar
|-damage|p2a: Incineroar|8/100
|move|p1b: Primeape|U-turn|p2b: Amoonguss
|-damage|p2b: Amoonguss|20/100
|
|t:|1750805353
|switch|p1b: Calyrex|Calyrex-Shadow, L50|91/100 slp|[from] U-turn
|-ability|p1b: Calyrex|As One
|-ability|p1b: Calyrex|Unnerve
|move|p2a: Incineroar|U-turn|p1a: Ogerpon
|-supereffective|p1a: Ogerpon
|-damage|p1a: Ogerpon|37/100
|
|t:|1750805363
|switch|p2a: Koraidon|Koraidon, L50|100/100|[from] U-turn
|-weather|SunnyDay|[from] ability: Orichalcum Pulse|[of] p2a: Koraidon
|-activate|p2a: Koraidon|Orichalcum Pulse|[source]
|move|p2b: Amoonguss|Spore|p1b: Calyrex
|-fail|p1b: Calyrex|slp
|
|-weather|SunnyDay|[upkeep]
|upkeep
|turn|6
|inactive|smario1705 has 30 seconds left.
|inactive|smario1705 has 20 seconds left.
|inactive|smario1705 has 15 seconds left.
|inactive|smario1705 has 10 seconds left.
|inactive|smario1705 has 5 seconds left.
|
|t:|1750805415
|move|p1a: Ogerpon|Spiky Shield|p1a: Ogerpon
|-singleturn|p1a: Ogerpon|move: Protect
|move|p2b: Amoonguss|Rage Powder|p2b: Amoonguss
|-singleturn|p2b: Amoonguss|move: Rage Powder
|cant|p1b: Calyrex|slp
|move|p2a: Koraidon|Flare Blitz|p1b: Calyrex
|-damage|p1b: Calyrex|0 fnt
|faint|p1b: Calyrex
|-damage|p2a: Koraidon|69/100|[from] Recoil
|-damage|p2a: Koraidon|59/100|[from] item: Life Orb
|
|-weather|SunnyDay|[upkeep]
|upkeep
|
|t:|1750805426
|switch|p1b: Primeape|Primeape, L50, F, shiny|92/100
|turn|7
|inactive|YugiMotoKOG has 30 seconds left.
|
|t:|1750805452
|-terastallize|p1b: Primeape|Steel
|move|p2b: Amoonguss|Rage Powder|p2b: Amoonguss
|-singleturn|p2b: Amoonguss|move: Rage Powder
|move|p2a: Koraidon|Close Combat|p1b: Primeape
|-supereffective|p1b: Primeape
|-damage|p1b: Primeape|0 fnt
|-unboost|p2a: Koraidon|def|1
|-unboost|p2a: Koraidon|spd|1
|faint|p1b: Primeape
|-damage|p2a: Koraidon|49/100|[from] item: Life Orb
|move|p1a: Ogerpon|Ivy Cudgel|p2b: Amoonguss|[anim] Ivy Cudgel Water
|-resisted|p2b: Amoonguss
|-damage|p2b: Amoonguss|12/100
|
|-weather|SunnyDay|[upkeep]
|upkeep
|turn|8
|c|☆YugiMotoKOG|gg
|inactive|smario1705 has 30 seconds left.
|
|t:|1750805486
|move|p2b: Amoonguss|Rage Powder|p2b: Amoonguss
|-singleturn|p2b: Amoonguss|move: Rage Powder
|move|p2a: Koraidon|Close Combat|p1a: Ogerpon
|-damage|p1a: Ogerpon|0 fnt
|-unboost|p2a: Koraidon|def|1
|-unboost|p2a: Koraidon|spd|1
|faint|p1a: Ogerpon
|-damage|p2a: Koraidon|40/100|[from] item: Life Orb
|
|win|smario1705
|raw|YugiMotoKOG's rating: 1151 &rarr; <strong>1128</strong><br />(-23 for losing)
|raw|smario1705's rating: 1178 &rarr; <strong>1201</strong><br />(+23 for winning)
|l|☆YugiMotoKOG
|player|p1|
|l|☆smario1705
|player|p2|
