|j|☆AngelilloVGC
|j|☆pacersshouldvewon
|t:|1750817650
|gametype|doubles
|player|p1|AngelilloVGC|2|1261
|player|p2|pacersshouldvewon|bugcatcher-gen4dp|1234
|teamsize|p1|6
|teamsize|p2|6
|gen|9
|tier|[Gen 9] VGC 2025 Reg I
|rated|
|rule|Species Clause: Limit one of each Pokémon
|rule|Item Clause: Limit 1 of each item
|clearpoke
|poke|p1|Miraidon, L50|
|poke|p1|Kyurem-White, L50|
|poke|p1|Ninetales-Alola, L50, F|
|poke|p1|Rillaboom, L50, M|
|poke|p1|Suicune, L50|
|poke|p1|Incineroar, L50, F|
|poke|p2|Kyogre, L50|
|poke|p2|Miraidon, L50|
|poke|p2|Farigiraf, L50, M|
|poke|p2|Basculegion, L50, M|
|poke|p2|Roaring Moon, L50|
|poke|p2|Ogerpon-Cornerstone, L50, F|
|teampreview|4
|inactive|Battle timer is ON: inactive players will automatically lose when time's up. (requested by AngelilloVGC)
|
|t:|1750817673
|start
|switch|p1a: Miraidon|Miraidon, L50|100/100
|switch|p1b: Ninetales|Ninetales-Alola, L50, F|100/100
|switch|p2a: Tyrese|Kyogre, L50|100/100
|switch|p2b: Roaring Moon|Roaring Moon, L50|100/100
|-fieldstart|move: Electric Terrain|[from] ability: Hadron Engine|[of] p1a: Miraidon
|-weather|Snowscape|[from] ability: Snow Warning|[of] p1b: Ninetales
|-weather|RainDance|[from] ability: Drizzle|[of] p2a: Tyrese
|-enditem|p2b: Roaring Moon|Booster Energy
|-activate|p2b: Roaring Moon|ability: Protosynthesis|[fromitem]
|-start|p2b: Roaring Moon|protosynthesisspe
|turn|1
|inactive|AngelilloVGC has 30 seconds left.
|
|t:|1750817699
|switch|p1b: Suicune|Suicune, L50, shiny|100/100
|-terastallize|p1a: Miraidon|Electric
|-terastallize|p2a: Tyrese|Grass
|move|p2b: Roaring Moon|Tailwind|p2b: Roaring Moon
|-sidestart|p2: pacersshouldvewon|move: Tailwind
|move|p1a: Miraidon|Volt Switch|p2a: Tyrese
|-resisted|p2a: Tyrese
|-damage|p2a: Tyrese|72/100
|
|t:|1750817710
|switch|p1a: Ninetales|Ninetales-Alola, L50, F|100/100|[from] Volt Switch
|-weather|Snowscape|[from] ability: Snow Warning|[of] p1a: Ninetales
|move|p2a: Tyrese|Water Spout|p1b: Suicune|[spread] p1a,p1b
|-resisted|p1b: Suicune
|-damage|p1a: Ninetales|33/100
|-damage|p1b: Suicune|82/100
|
|-weather|Snowscape|[upkeep]
|-heal|p1b: Suicune|87/100|[from] item: Leftovers
|upkeep
|turn|2
|
|t:|1750817725
|move|p2b: Roaring Moon|Acrobatics|p1a: Ninetales
|-damage|p1a: Ninetales|1/100
|move|p2a: Tyrese|Water Spout|p1b: Suicune|[spread] p1a,p1b
|-resisted|p1b: Suicune
|-damage|p1a: Ninetales|0 fnt
|-damage|p1b: Suicune|68/100
|faint|p1a: Ninetales
|move|p1b: Suicune|Tailwind|p1b: Suicune
|-sidestart|p1: AngelilloVGC|move: Tailwind
|
|-weather|Snowscape|[upkeep]
|-heal|p1b: Suicune|73/100|[from] item: Leftovers
|upkeep
|
|t:|1750817732
|switch|p1a: Kyurem|Kyurem-White, L50, shiny|100/100
|-ability|p1a: Kyurem|Turboblaze
|turn|3
|
|t:|1750817748
|-end|p2b: Roaring Moon|Protosynthesis|[silent]
|switch|p2b: Ogerpon|Ogerpon-Cornerstone, L50, F|100/100
|move|p2a: Tyrese|Water Spout|p1b: Suicune|[spread] p1a,p1b
|-resisted|p1a: Kyurem
|-resisted|p1b: Suicune
|-damage|p1a: Kyurem|77/100
|-damage|p1b: Suicune|53/100
|move|p1b: Suicune|Snarl|p2b: Ogerpon|[spread] p2a,p2b
|-damage|p2a: Tyrese|66/100
|-damage|p2b: Ogerpon|91/100
|-unboost|p2a: Tyrese|spa|1
|-unboost|p2b: Ogerpon|spa|1
|move|p1a: Kyurem|Blizzard|p2b: Ogerpon|[spread] p2a,p2b
|-supereffective|p2a: Tyrese
|-supereffective|p2b: Ogerpon
|-damage|p2a: Tyrese|0 fnt
|-damage|p2b: Ogerpon|0 fnt
|faint|p2a: Tyrese
|faint|p2b: Ogerpon
|
|-weather|Snowscape|[upkeep]
|-heal|p1b: Suicune|59/100|[from] item: Leftovers
|upkeep
|
|t:|1750817767
|switch|p2b: Roaring Moon|Roaring Moon, L50|100/100
|switch|p2a: Lebron|Miraidon, L50|100/100
|-activate|p2a: Lebron|ability: Hadron Engine
|turn|4
|
|t:|1750817783
|move|p2b: Roaring Moon|Acrobatics|p1a: Kyurem
|-damage|p1a: Kyurem|55/100
|move|p2a: Lebron|Dazzling Gleam|p1b: Suicune|[spread] p1a,p1b
|-supereffective|p1a: Kyurem
|-damage|p1a: Kyurem|0 fnt
|-damage|p1b: Suicune|29/100
|faint|p1a: Kyurem
|move|p1b: Suicune|Snarl|p2b: Roaring Moon|[spread] p2a,p2b
|-resisted|p2b: Roaring Moon
|-damage|p2a: Lebron|94/100
|-damage|p2b: Roaring Moon|96/100
|-unboost|p2a: Lebron|spa|1
|-unboost|p2b: Roaring Moon|spa|1
|
|-weather|Snowscape|[upkeep]
|-heal|p1b: Suicune|34/100|[from] item: Leftovers
|-sideend|p2: pacersshouldvewon|move: Tailwind
|upkeep
|
|t:|1750817792
|switch|p1a: Miraidon|Miraidon, L50, tera:Electric|100/100
|-activate|p1a: Miraidon|ability: Hadron Engine
|turn|5
|
|t:|1750817813
|move|p1a: Miraidon|Draco Meteor|p2b: Roaring Moon
|-supereffective|p2b: Roaring Moon
|-damage|p2b: Roaring Moon|0 fnt
|-unboost|p1a: Miraidon|spa|2
|faint|p2b: Roaring Moon
|-end|p2b: Roaring Moon|Protosynthesis|[silent]
|move|p1b: Suicune|Snarl|p2a: Lebron
|-damage|p2a: Lebron|86/100
|-unboost|p2a: Lebron|spa|1
|move|p2a: Lebron|Dazzling Gleam|p1b: Suicune|[spread] p1a,p1b
|-damage|p1a: Miraidon|82/100
|-damage|p1b: Suicune|19/100
|
|-weather|none
|-heal|p1b: Suicune|25/100|[from] item: Leftovers
|-sideend|p1: AngelilloVGC|move: Tailwind
|-fieldend|move: Electric Terrain
|upkeep
|turn|6
|-message|pacersshouldvewon forfeited.
|
|win|AngelilloVGC
|raw|AngelilloVGC's rating: 1261 &rarr; <strong>1284</strong><br />(+23 for winning)
|raw|pacersshouldvewon's rating: 1234 &rarr; <strong>1211</strong><br />(-23 for losing)
|l|☆pacersshouldvewon
|player|p2|
|l|☆AngelilloVGC
|player|p1|
