|j|☆DNN0071297
|j|☆kostisgaming
|t:|1750746298
|gametype|doubles
|player|p1|DNN0071297|cynthia-gen4|1312
|player|p2|kostisgaming|crasherwake|1323
|teamsize|p1|6
|teamsize|p2|6
|gen|9
|tier|[Gen 9] VGC 2025 Reg I
|rated|
|rule|Species Clause: Limit one of each Pokémon
|rule|Item Clause: Limit 1 of each item
|clearpoke
|poke|p1|Smeargle, L50, F|
|poke|p1|Calyrex-Shadow, L50|
|poke|p1|Muk-Alola, L50, M|
|poke|p1|Indeedee-F, L50, F|
|poke|p1|Koraidon, L50|
|poke|p1|Flamigo, L50, F|
|poke|p2|Kyurem-Black, L50|
|poke|p2|Kyogre, L50|
|poke|p2|Tinkaton, L50, F|
|poke|p2|Whimsicott, L50, M|
|poke|p2|Urshifu-*, L50, F|
|poke|p2|Landorus, L50, M|
|teampreview|4
|inactive|Battle timer is ON: inactive players will automatically lose when time's up. (requested by DNN0071297)
|
|t:|1750746326
|start
|switch|p1a: Muk|Muk-Alola, L50, M|100/100
|switch|p1b: Smeargle|Smeargle, L50, F|100/100
|switch|p2a: Kyurem|Kyurem-Black, L50|100/100
|switch|p2b: Whimsicott|Whimsicott, L50, M|100/100
|-ability|p2a: Kyurem|Teravolt
|turn|1
|
|t:|1750746333
|move|p1b: Smeargle|Fake Out|p2a: Kyurem
|-damage|p2a: Kyurem|93/100
|move|p2b: Whimsicott|Tailwind|p2b: Whimsicott
|-sidestart|p2: kostisgaming|move: Tailwind
|cant|p2a: Kyurem|flinch
|move|p1a: Muk|Minimize|p1a: Muk
|-boost|p1a: Muk|evasion|2
|
|-ability|p1b: Smeargle|Moody|boost
|-boost|p1b: Smeargle|spa|2
|-unboost|p1b: Smeargle|spd|1
|upkeep
|turn|2
|
|t:|1750746344
|move|p1b: Smeargle|Follow Me|p1b: Smeargle
|-singleturn|p1b: Smeargle|move: Follow Me
|move|p2b: Whimsicott|Encore|p1b: Smeargle
|-start|p1b: Smeargle|Encore
|move|p2a: Kyurem|Icicle Spear|p1b: Smeargle
|-damage|p1b: Smeargle|49/100
|-damage|p1b: Smeargle|0 fnt
|faint|p1b: Smeargle
|-ability|p1a: Muk|Moody|[from] ability: Power of Alchemy|[of] p1b: Smeargle
|-hitcount|p1: Smeargle|2
|move|p1a: Muk|Minimize|p1a: Muk
|-boost|p1a: Muk|evasion|2
|
|-ability|p1a: Muk|Moody|boost
|-boost|p1a: Muk|atk|2
|-unboost|p1a: Muk|spd|1
|upkeep
|
|t:|1750746354
|switch|p1b: Koraidon|Koraidon, L50|100/100
|-weather|SunnyDay|[from] ability: Orichalcum Pulse|[of] p1b: Koraidon
|-activate|p1b: Koraidon|Orichalcum Pulse|[source]
|turn|3
|
|t:|1750746376
|-terastallize|p1b: Koraidon|Fire
|move|p2b: Whimsicott|Moonblast|p1b: Koraidon
|-resisted|p1b: Koraidon
|-damage|p1b: Koraidon|87/100
|move|p2a: Kyurem|Scale Shot|p1b: Koraidon
|-damage|p1b: Koraidon|73/100
|-damage|p1b: Koraidon|57/100
|-damage|p1b: Koraidon|43/100
|-damage|p1b: Koraidon|27/100
|-hitcount|p1b: Koraidon|4
|-unboost|p2a: Kyurem|def|1
|-boost|p2a: Kyurem|spe|1
|move|p1b: Koraidon|Close Combat|p2a: Kyurem
|-supereffective|p2a: Kyurem
|-damage|p2a: Kyurem|0 fnt
|-unboost|p1b: Koraidon|def|1
|-unboost|p1b: Koraidon|spd|1
|faint|p2a: Kyurem
|move|p1a: Muk|Minimize|p1a: Muk
|-boost|p1a: Muk|evasion|2
|
|-weather|SunnyDay|[upkeep]
|-ability|p1a: Muk|Moody|boost
|-boost|p1a: Muk|spe|2
|-unboost|p1a: Muk|spa|1
|upkeep
|
|t:|1750746383
|switch|p2a: Landorus|Landorus, L50, M|100/100
|turn|4
|
|t:|1750746400
|switch|p1b: Flamigo|Flamigo, L50, F|100/100
|-copyboost|p1b: Flamigo|p1a: Muk|[from] ability: Costar
|-enditem|p1b: Flamigo|White Herb
|-clearnegativeboost|p1b: Flamigo|[silent]
|move|p2b: Whimsicott|Light Screen|p2b: Whimsicott
|-sidestart|p2: kostisgaming|move: Light Screen
|move|p2a: Landorus|Earth Power|p1b: Flamigo
|-immune|p1b: Flamigo
|move|p1a: Muk|Toxic|p2a: Landorus
|-status|p2a: Landorus|tox
|
|-weather|SunnyDay|[upkeep]
|-damage|p2a: Landorus|94/100 tox|[from] psn
|-sideend|p2: kostisgaming|move: Tailwind
|-ability|p1a: Muk|Moody|boost
|-boost|p1a: Muk|spe|2
|-unboost|p1a: Muk|atk|1
|upkeep
|turn|5
|
|t:|1750746414
|-terastallize|p2a: Landorus|Poison
|move|p2b: Whimsicott|Tailwind|p2b: Whimsicott
|-sidestart|p2: kostisgaming|move: Tailwind
|move|p1b: Flamigo|Acrobatics|p2a: Landorus
|-damage|p2a: Landorus|0 fnt
|faint|p2a: Landorus
|move|p1a: Muk|Toxic|p2b: Whimsicott
|-status|p2b: Whimsicott|tox
|
|-weather|SunnyDay|[upkeep]
|-damage|p2b: Whimsicott|95/100 tox|[from] psn
|-ability|p1a: Muk|Moody|boost
|-boost|p1a: Muk|atk|2
|-unboost|p1a: Muk|def|1
|upkeep
|
|t:|1750746421
|switch|p2a: Urshifu|Urshifu, L50, F|100/100
|turn|6
|-message|kostisgaming forfeited.
|
|win|DNN0071297
|raw|DNN0071297's rating: 1312 &rarr; <strong>1333</strong><br />(+21 for winning)
|raw|kostisgaming's rating: 1323 &rarr; <strong>1302</strong><br />(-21 for losing)
|l|☆kostisgaming
|player|p2|
|l|☆DNN0071297
|player|p1|
