|j|☆rman500
|j|☆PunkTiny
|t:|1750721170
|gametype|doubles
|player|p1|rman500|265|1326
|player|p2|PunkTiny|roughneck|1264
|teamsize|p1|6
|teamsize|p2|6
|gen|9
|tier|[Gen 9] VGC 2025 Reg I
|rated|
|rule|Species Clause: Limit one of each Pokémon
|rule|Item Clause: Limit 1 of each item
|clearpoke
|poke|p1|Great Tusk, L50|
|poke|p1|Tsareena, L50, F|
|poke|p1|Kyogre, L50|
|poke|p1|Raging Bolt, L50|
|poke|p1|Whimsicott, L50, F|
|poke|p1|Zacian-*, L50|
|poke|p2|Kyogre, L50|
|poke|p2|Tornadus, L50, M|
|poke|p2|Rillaboom, L50, M|
|poke|p2|Calyrex-Ice, L50|
|poke|p2|Indeedee-F, L50, F|
|poke|p2|Landorus, L50, M|
|teampreview|4
PunkTiny has agreed to open team sheets.
|
|t:|1750721203
|start
|switch|p1a: Kyogre|Kyogre, L50, shiny|100/100
|switch|p1b: Raging Bolt|Raging Bolt, L50|100/100
|switch|p2a: Kyogre|Kyogre, L50|100/100
|switch|p2b: Rillaboom|Rillaboom, L50, M|100/100
|-weather|RainDance|[from] ability: Drizzle|[of] p2a: Kyogre
|-fieldstart|move: Grassy Terrain|[from] ability: Grassy Surge|[of] p2b: Rillaboom
|turn|1
|
|t:|1750721219
|-terastallize|p2a: Kyogre|Ghost
|move|p1a: Kyogre|Protect|p1a: Kyogre
|-singleturn|p1a: Kyogre|Protect
|move|p2b: Rillaboom|Fake Out|p1a: Kyogre
|-activate|p1a: Kyogre|move: Protect
|move|p1b: Raging Bolt|Thunderclap|p2a: Kyogre
|-damage|p2a: Kyogre|74/100
|move|p2a: Kyogre|Ice Beam|p1b: Raging Bolt
|-supereffective|p1b: Raging Bolt
|-crit|p1b: Raging Bolt
|-damage|p1b: Raging Bolt|54/100
|
|-weather|RainDance|[upkeep]
|-heal|p2a: Kyogre|80/100|[from] Grassy Terrain
|-heal|p1b: Raging Bolt|60/100|[from] Grassy Terrain
|upkeep
|turn|2
|
|t:|1750721252
|-terastallize|p1a: Kyogre|Grass
|move|p2b: Rillaboom|Grassy Glide|p1a: Kyogre
|-resisted|p1a: Kyogre
|-crit|p1a: Kyogre
|-damage|p1a: Kyogre|68/100
|move|p2a: Kyogre|Origin Pulse|p1b: Raging Bolt|[spread] p1a,p1b
|-resisted|p1a: Kyogre
|-resisted|p1b: Raging Bolt
|-damage|p1a: Kyogre|34/100
|-damage|p1b: Raging Bolt|41/100
|move|p1a: Kyogre|Water Spout|p2a: Kyogre|[spread] p2a,p2b
|-resisted|p2b: Rillaboom
|-damage|p2a: Kyogre|47/100
|-damage|p2b: Rillaboom|82/100
|move|p1b: Raging Bolt|Thunderbolt|p2a: Kyogre
|-damage|p2a: Kyogre|9/100
|
|-weather|RainDance|[upkeep]
|-heal|p2a: Kyogre|15/100|[from] Grassy Terrain
|-heal|p1a: Kyogre|40/100|[from] Grassy Terrain
|-heal|p2b: Rillaboom|88/100|[from] Grassy Terrain
|-heal|p1b: Raging Bolt|47/100|[from] Grassy Terrain
|upkeep
|turn|3
|
|t:|1750721281
|move|p2a: Kyogre|Protect|p2a: Kyogre
|-singleturn|p2a: Kyogre|Protect
|move|p1a: Kyogre|Protect|p1a: Kyogre
|-singleturn|p1a: Kyogre|Protect
|move|p1b: Raging Bolt|Thunderclap||[still]
|-fail|p1b: Raging Bolt
|move|p2b: Rillaboom|Knock Off|p1b: Raging Bolt
|-damage|p1b: Raging Bolt|18/100
|-enditem|p1b: Raging Bolt|Assault Vest|[from] move: Knock Off|[of] p2b: Rillaboom
|
|-weather|RainDance|[upkeep]
|-heal|p2a: Kyogre|20/100|[from] Grassy Terrain
|-heal|p1a: Kyogre|46/100|[from] Grassy Terrain
|-heal|p2b: Rillaboom|94/100|[from] Grassy Terrain
|-heal|p1b: Raging Bolt|24/100|[from] Grassy Terrain
|upkeep
|turn|4
|
|t:|1750721305
|switch|p1a: Zacian|Zacian-Crowned, L50, shiny|100/100
|-ability|p1a: Zacian|Intrepid Sword|boost
|-boost|p1a: Zacian|atk|1
|move|p1b: Raging Bolt|Thunderclap|p2a: Kyogre
|-damage|p2a: Kyogre|0 fnt
|faint|p2a: Kyogre
|move|p2b: Rillaboom|Wood Hammer|p1a: Zacian
|-resisted|p1a: Zacian
|-damage|p1a: Zacian|63/100
|-damage|p2b: Rillaboom|83/100|[from] Recoil
|
|-weather|RainDance|[upkeep]
|-heal|p1a: Zacian|69/100|[from] Grassy Terrain
|-heal|p2b: Rillaboom|89/100|[from] Grassy Terrain
|-heal|p1b: Raging Bolt|30/100|[from] Grassy Terrain
|upkeep
|
|t:|1750721327
|switch|p2a: Calyrex|Calyrex-Ice, L50|100/100
|-ability|p2a: Calyrex|As One
|-ability|p2a: Calyrex|Unnerve
|turn|5
|
|t:|1750721358
|switch|p2b: Tornadus|Tornadus, L50, M|100/100
|move|p2a: Calyrex|Protect|p2a: Calyrex
|-singleturn|p2a: Calyrex|Protect
|move|p1b: Raging Bolt|Thunderclap||[still]
|-fail|p1b: Raging Bolt
|move|p1a: Zacian|Behemoth Blade|p2a: Calyrex
|-activate|p2a: Calyrex|move: Protect
|
|-weather|none
|-heal|p1a: Zacian|75/100|[from] Grassy Terrain
|-heal|p1b: Raging Bolt|36/100|[from] Grassy Terrain
|-fieldend|move: Grassy Terrain
|upkeep
|turn|6
|
|t:|1750721378
|switch|p2a: Rillaboom|Rillaboom, L50, M|89/100
|-fieldstart|move: Grassy Terrain|[from] ability: Grassy Surge|[of] p2a: Rillaboom
|move|p1a: Zacian|Protect|p1a: Zacian
|-singleturn|p1a: Zacian|Protect
|move|p2b: Tornadus|Tailwind|p2b: Tornadus
|-sidestart|p2: PunkTiny|move: Tailwind
|move|p1b: Raging Bolt|Thunderclap||[still]
|-fail|p1b: Raging Bolt
|
|-heal|p2a: Rillaboom|95/100|[from] Grassy Terrain
|-heal|p1a: Zacian|81/100|[from] Grassy Terrain
|-heal|p1b: Raging Bolt|42/100|[from] Grassy Terrain
|upkeep
|turn|7
|
|t:|1750721398
|move|p2a: Rillaboom|Fake Out|p1a: Zacian
|-resisted|p1a: Zacian
|-damage|p1a: Zacian|74/100
|move|p2b: Tornadus|Bleakwind Storm|p1b: Raging Bolt|[spread] p1a,p1b
|-resisted|p1a: Zacian
|-resisted|p1b: Raging Bolt
|-damage|p1a: Zacian|60/100
|-damage|p1b: Raging Bolt|32/100
|cant|p1a: Zacian|flinch
|move|p1b: Raging Bolt|Electroweb|p2b: Tornadus|[spread] p2a,p2b
|-resisted|p2a: Rillaboom
|-supereffective|p2b: Tornadus
|-damage|p2a: Rillaboom|86/100
|-damage|p2b: Tornadus|52/100
|-unboost|p2a: Rillaboom|spe|1
|
|-heal|p1a: Zacian|66/100|[from] Grassy Terrain
|-heal|p2a: Rillaboom|92/100|[from] Grassy Terrain
|-heal|p1b: Raging Bolt|38/100|[from] Grassy Terrain
|upkeep
|turn|8
|
|t:|1750721430
|move|p1a: Zacian|Protect|p1a: Zacian
|-singleturn|p1a: Zacian|Protect
|move|p2b: Tornadus|Bleakwind Storm|p1b: Raging Bolt|[spread] p1b
|-activate|p1a: Zacian|move: Protect
|-resisted|p1b: Raging Bolt
|-crit|p1b: Raging Bolt
|-damage|p1b: Raging Bolt|22/100
|move|p2a: Rillaboom|Wood Hammer|p1b: Raging Bolt
|-resisted|p1b: Raging Bolt
|-damage|p1b: Raging Bolt|0 fnt
|faint|p1b: Raging Bolt
|-end|p1b: Raging Bolt|Protosynthesis|[silent]
|-damage|p2a: Rillaboom|84/100|[from] Recoil
|
|-heal|p1a: Zacian|72/100|[from] Grassy Terrain
|-heal|p2a: Rillaboom|90/100|[from] Grassy Terrain
|upkeep
|
|t:|1750721444
|switch|p1b: Kyogre|Kyogre, L50, shiny, tera:Grass|46/100
|-weather|RainDance|[from] ability: Drizzle|[of] p1b: Kyogre
|turn|9
|
|t:|1750721455
|move|p2b: Tornadus|Bleakwind Storm|p1a: Zacian|[spread] p1a,p1b
|-resisted|p1a: Zacian
|-supereffective|p1b: Kyogre
|-damage|p1a: Zacian|59/100
|-damage|p1b: Kyogre|0 fnt
|-unboost|p1a: Zacian|spe|1
|faint|p1b: Kyogre
|move|p2a: Rillaboom|Wood Hammer|p1a: Zacian
|-resisted|p1a: Zacian
|-damage|p1a: Zacian|20/100
|-damage|p2a: Rillaboom|79/100|[from] Recoil
|move|p1a: Zacian|Play Rough|p2a: Rillaboom
|-damage|p2a: Rillaboom|4/100
|
|-weather|RainDance|[upkeep]
|-heal|p2a: Rillaboom|10/100|[from] Grassy Terrain
|-heal|p1a: Zacian|27/100|[from] Grassy Terrain
|-sideend|p2: PunkTiny|move: Tailwind
|upkeep
|
|t:|1750721460
|switch|p1b: Great Tusk|Great Tusk, L50, shiny|100/100
|turn|10
|
|t:|1750721482
|move|p2b: Tornadus|Tailwind|p2b: Tornadus
|-sidestart|p2: PunkTiny|move: Tailwind
|move|p2a: Rillaboom|Grassy Glide|p1b: Great Tusk
|-supereffective|p1b: Great Tusk
|-damage|p1b: Great Tusk|40/100
|move|p1b: Great Tusk|Rock Slide|p2b: Tornadus|[spread] p2a,p2b
|-supereffective|p2b: Tornadus
|-damage|p2a: Rillaboom|0 fnt
|-damage|p2b: Tornadus|4/100
|faint|p2a: Rillaboom
|move|p1a: Zacian|Play Rough|p2b: Tornadus
|-damage|p2b: Tornadus|0 fnt
|faint|p2b: Tornadus
|
|-weather|RainDance|[upkeep]
|-heal|p1b: Great Tusk|46/100|[from] Grassy Terrain
|-heal|p1a: Zacian|33/100|[from] Grassy Terrain
|-fieldend|move: Grassy Terrain
|upkeep
|
|t:|1750721498
|switch|p2a: Calyrex|Calyrex-Ice, L50|100/100
|-ability|p2a: Calyrex|As One
|-ability|p2a: Calyrex|Unnerve
|turn|11
|
|t:|1750721510
|move|p1b: Great Tusk|Rock Slide|p2a: Calyrex
|-supereffective|p2a: Calyrex
|-damage|p2a: Calyrex|64/100
|move|p1a: Zacian|Behemoth Blade|p2a: Calyrex
|-supereffective|p2a: Calyrex
|-damage|p2a: Calyrex|0 fnt
|faint|p2a: Calyrex
|
|win|rman500
|raw|rman500's rating: 1326 &rarr; <strong>1342</strong><br />(+16 for winning)
|raw|PunkTiny's rating: 1264 &rarr; <strong>1243</strong><br />(-21 for losing)
|l|☆PunkTiny
|player|p2|
|l|☆rman500
|player|p1|
