|j|☆BigBobobo
|j|☆DAVIZZZZ14
|t:|1750857888
|gametype|doubles
|player|p1|BigBobobo|102|1295
|player|p2|DAVIZZZZ14|265|1264
|teamsize|p1|6
|teamsize|p2|6
|gen|9
|tier|[Gen 9] VGC 2025 Reg I
|rated|
|rule|Species Clause: Limit one of each Pokémon
|rule|Item Clause: Limit 1 of each item
|clearpoke
|poke|p1|Miraidon, L50|
|poke|p1|Calyrex-Ice, L50|
|poke|p1|Iron Valiant, L50|
|poke|p1|Urshifu-*, L50, M|
|poke|p1|Tornadus, L50, M|
|poke|p1|Amoonguss, L50, M|
|poke|p2|Lugia, L50|
|poke|p2|Groudon, L50|
|poke|p2|Brute Bonnet, L50|
|poke|p2|Comfey, L50, F|
|poke|p2|Sableye, L50, M|
|poke|p2|Rotom-Heat, L50|
|teampreview|4
DAVIZZZZ14 has agreed to open team sheets.
|inactive|Battle timer is ON: inactive players will automatically lose when time's up. (requested by DAVIZZZZ14)
BigBobobo has agreed to open team sheets.
|showteam|p1|Miraidon||ChoiceSpecs|HadronEngine|ElectroDrift,VoltSwitch,DracoMeteor,DazzlingGleam||||||50|,,,,,Electric]Calyrex-Ice||AssaultVest|AsOneGlastrier|HeavySlam,Crunch,GlacialLance,HighHorsepower||||||50|,,,,,Fire]Iron Valiant||FocusSash|QuarkDrive|Coaching,DestinyBond,Protect,QuickGuard||||||50|,,,,,Normal]Urshifu-Rapid-Strike||ChoiceScarf|UnseenFist|SurgingStrikes,IronHead,CloseCombat,Uturn|||M|||50|,,,,,Water]Tornadus||MentalHerb|Prankster|Tailwind,RainDance,Taunt,BleakwindStorm|||M|||50|,,,,,Water]Amoonguss||SitrusBerry|Regenerator|RagePowder,Spore,SludgeBomb,Protect|||M|||50|,,,,,Dark
|showteam|p2|Lugia||CovertCloak|Multiscale|CalmMind,Aeroblast,Psychic,Protect||||||50|,,,,,Fairy]Groudon||ClearAmulet|Drought|PrecipiceBlades,HeatCrash,BulkUp,Protect||||||50|,,,,,Fire]Brute Bonnet||SitrusBerry|Protosynthesis|Spore,RagePowder,SuckerPunch,PollenPuff||||||50|,,,,,Poison]Comfey||Leftovers|Triage|DrainingKiss,FloralHealing,TrickRoom,Protect|||F|||50|,,,,,Grass]Sableye||LightClay|Prankster|LightScreen,Reflect,Encore,Quash|||M|||50|,,,,,Dark]Rotom-Heat||ChoiceSpecs|Levitate|Overheat,VoltSwitch,Thunderbolt,Trick||||||50|,,,,,Fire
|inactive|BigBobobo has 60 seconds left.
|
|t:|1750857948
|start
|switch|p1a: Iron Valiant|Iron Valiant, L50|100/100
|switch|p1b: Calyrex|Calyrex-Ice, L50|100/100
|switch|p2a: Groudon|Groudon, L50|100/100
|switch|p2b: Sableye|Sableye, L50, M|100/100
|-ability|p1b: Calyrex|As One
|-ability|p1b: Calyrex|Unnerve
|-weather|SunnyDay|[from] ability: Drought|[of] p2a: Groudon
|turn|1
|
|t:|1750857967
|-terastallize|p1b: Calyrex|Fire
|move|p2b: Sableye|Reflect|p2b: Sableye
|-sidestart|p2: DAVIZZZZ14|Reflect
|move|p1a: Iron Valiant|Coaching|p1b: Calyrex
|-boost|p1b: Calyrex|atk|1
|-boost|p1b: Calyrex|def|1
|move|p2a: Groudon|Bulk Up|p2a: Groudon
|-boost|p2a: Groudon|atk|1
|-boost|p2a: Groudon|def|1
|move|p1b: Calyrex|High Horsepower|p2a: Groudon
|-damage|p2a: Groudon|83/100
|
|-weather|SunnyDay|[upkeep]
|upkeep
|turn|2
|
|t:|1750857984
|move|p2b: Sableye|Quash|p1a: Iron Valiant
|-activate|p1a: Iron Valiant|move: Quash
|move|p2a: Groudon|Precipice Blades|p1a: Iron Valiant|[spread] p1a,p1b
|-supereffective|p1b: Calyrex
|-damage|p1a: Iron Valiant|24/100
|-damage|p1b: Calyrex|35/100
|move|p1b: Calyrex|Glacial Lance|p2a: Groudon|[spread] p2a,p2b
|-supereffective|p2a: Groudon
|-damage|p2a: Groudon|31/100
|-damage|p2b: Sableye|24/100
|move|p1a: Iron Valiant|Coaching|p1b: Calyrex
|-boost|p1b: Calyrex|atk|1
|-boost|p1b: Calyrex|def|1
|
|-weather|SunnyDay|[upkeep]
|upkeep
|turn|3
|
|t:|1750857999
|move|p2b: Sableye|Quash|p1a: Iron Valiant
|-activate|p1a: Iron Valiant|move: Quash
|move|p2a: Groudon|Precipice Blades|p1a: Iron Valiant|[spread] p1a,p1b
|-supereffective|p1b: Calyrex
|-damage|p1a: Iron Valiant|0 fnt
|-damage|p1b: Calyrex|0 fnt
|faint|p1a: Iron Valiant
|-end|p1a: Iron Valiant|Quark Drive|[silent]
|faint|p1b: Calyrex
|
|-weather|SunnyDay|[upkeep]
|upkeep
|
|t:|1750858005
|switch|p1a: Miraidon|Miraidon, L50|100/100
|switch|p1b: Amoonguss|Amoonguss, L50, M|100/100
|-fieldstart|move: Electric Terrain|[from] ability: Hadron Engine|[of] p1a: Miraidon
|turn|4
|
|t:|1750858023
|move|p2b: Sableye|Quash|p1a: Miraidon
|-activate|p1a: Miraidon|move: Quash
|move|p2a: Groudon|Heat Crash|p1b: Amoonguss
|-supereffective|p1b: Amoonguss
|-damage|p1b: Amoonguss|0 fnt
|faint|p1b: Amoonguss
|move|p1a: Miraidon|Dazzling Gleam|p2b: Sableye|[spread] p2a,p2b
|-supereffective|p2b: Sableye
|-damage|p2a: Groudon|0 fnt
|-damage|p2b: Sableye|0 fnt
|faint|p2a: Groudon
|faint|p2b: Sableye
|
|-weather|SunnyDay|[upkeep]
|upkeep
|
|t:|1750858029
|switch|p2a: Lugia|Lugia, L50|100/100
|switch|p2b: Rotom|Rotom-Heat, L50|100/100
|turn|5
|-message|BigBobobo forfeited.
|
|win|DAVIZZZZ14
|raw|BigBobobo's rating: 1295 &rarr; <strong>1268</strong><br />(-27 for losing)
|raw|DAVIZZZZ14's rating: 1264 &rarr; <strong>1291</strong><br />(+27 for winning)
|l|☆BigBobobo
|player|p1|
|l|☆DAVIZZZZ14
|player|p2|
