|j|☆JSPB
|j|☆HarrietThugman
|t:|1750871218
|gametype|doubles
|player|p1|JSPB|102|1040
|player|p2|HarrietThugman|102|1115
|teamsize|p1|6
|teamsize|p2|6
|gen|9
|tier|[Gen 9] VGC 2025 Reg I
|rated|
|rule|Species Clause: Limit one of each Pokémon
|rule|Item Clause: Limit 1 of each item
|clearpoke
|poke|p1|Lugia, L50|
|poke|p1|Groudon, L50|
|poke|p1|Jumpluff, L50, M|
|poke|p1|Incineroar, L50, M|
|poke|p1|Walking Wake, L50|
|poke|p1|Rillaboom, L50, F|
|poke|p2|Calyrex-Shadow, L50|
|poke|p2|Chi-Yu, L50|
|poke|p2|Minior, L50|
|poke|p2|Zacian-*, L50|
|poke|p2|Flutter Mane, L50|
|poke|p2|Rillaboom, L50, M|
|teampreview|4
|c|☆HarrietThugman|Yo mama
HarrietThugman rejected open team sheets.
|inactive|Battle timer is ON: inactive players will automatically lose when time's up. (requested by HarrietThugman)
|c|☆HarrietThugman|You also see the 4 ice weak Pokemon you have yes?
|inactive|JSPB has 60 seconds left.
|
|t:|1750871280
|start
|switch|p1a: Groudon|Groudon, L50|100/100
|switch|p1b: Walking Wake|Walking Wake, L50|100/100
|switch|p2a: Flutter Mane|Flutter Mane, L50|100/100
|switch|p2b: Calyrex|Calyrex-Shadow, L50|100/100
|-ability|p2b: Calyrex|As One
|-ability|p2b: Calyrex|Unnerve
|-weather|SunnyDay|[from] ability: Drought|[of] p1a: Groudon
|-activate|p2a: Flutter Mane|ability: Protosynthesis
|-start|p2a: Flutter Mane|protosynthesisspe
|-activate|p1b: Walking Wake|ability: Protosynthesis
|-start|p1b: Walking Wake|protosynthesisspe
|turn|1
|inactive|JSPB has 30 seconds left.
|inactive|JSPB has 20 seconds left.
|inactive|JSPB has 15 seconds left.
|
|t:|1750871322
|-terastallize|p1b: Walking Wake|Water
|-terastallize|p2b: Calyrex|Ghost
|move|p1a: Groudon|Protect|p1a: Groudon
|-singleturn|p1a: Groudon|Protect
|move|p2a: Flutter Mane|Icy Wind|p1b: Walking Wake|[spread] p1b
|-activate|p1a: Groudon|move: Protect
|-resisted|p1b: Walking Wake
|-damage|p1b: Walking Wake|92/100
|-unboost|p1b: Walking Wake|spe|1
|move|p2b: Calyrex|Astral Barrage|p1a: Groudon|[spread] p1b
|-activate|p1a: Groudon|move: Protect
|-damage|p1b: Walking Wake|10/100
|move|p1b: Walking Wake|Hydro Steam|p2b: Calyrex
|-enditem|p2b: Calyrex|Focus Sash
|-damage|p2b: Calyrex|1/100
|-damage|p1b: Walking Wake|0 fnt|[from] item: Life Orb
|faint|p1b: Walking Wake
|-end|p1b: Walking Wake|Protosynthesis|[silent]
|
|-weather|SunnyDay|[upkeep]
|upkeep
|inactive|JSPB has 30 seconds left.
|
|t:|1750871350
|switch|p1b: Incineroar|Incineroar, L50, M|100/100
|-ability|p1b: Incineroar|Intimidate|boost
|-unboost|p2a: Flutter Mane|atk|1
|-unboost|p2b: Calyrex|atk|1
|turn|2
|inactive|HarrietThugman has 30 seconds left.
|
|t:|1750871378
|move|p2a: Flutter Mane|Icy Wind|p1b: Incineroar|[spread] p1a,p1b
|-supereffective|p1a: Groudon
|-resisted|p1b: Incineroar
|-damage|p1a: Groudon|76/100
|-damage|p1b: Incineroar|97/100
|-unboost|p1b: Incineroar|spe|1
|move|p2b: Calyrex|Astral Barrage|p1a: Groudon|[spread] p1a,p1b
|-resisted|p1b: Incineroar
|-damage|p1a: Groudon|5/100
|-damage|p1b: Incineroar|71/100
|move|p1a: Groudon|Precipice Blades|p2a: Flutter Mane|[spread] p2b
|-miss|p1a: Groudon|p2a: Flutter Mane
|-damage|p2b: Calyrex|0 fnt
|faint|p2b: Calyrex
|move|p1b: Incineroar|Flare Blitz|p2a: Flutter Mane
|-damage|p2a: Flutter Mane|0 fnt
|faint|p2a: Flutter Mane
|-end|p2a: Flutter Mane|Protosynthesis|[silent]
|-damage|p1b: Incineroar|50/100|[from] Recoil
|
|-weather|SunnyDay|[upkeep]
|upkeep
|
|t:|1750871386
|switch|p2b: Minior|Minior, L50|100/100
|switch|p2a: Zacian|Zacian-Crowned, L50|100/100
|-ability|p2a: Zacian|Intrepid Sword|boost
|-boost|p2a: Zacian|atk|1
|-formechange|p2b: Minior|Minior-Meteor||[from] ability: Shields Down
|turn|3
|inactive|JSPB has 30 seconds left.
|inactive|JSPB has 20 seconds left.
|
|t:|1750871423
|move|p1a: Groudon|Protect|p1a: Groudon
|-singleturn|p1a: Groudon|Protect
|move|p2a: Zacian|Trailblaze|p1a: Groudon
|-activate|p1a: Groudon|move: Protect
|move|p2b: Minior|Meteor Beam||[still]
|-prepare|p2b: Minior|Meteor Beam
|-boost|p2b: Minior|spa|1
|-enditem|p2b: Minior|Power Herb
|-anim|p2b: Minior|Meteor Beam|p1b: Incineroar
|-supereffective|p1b: Incineroar
|-damage|p1b: Incineroar|0 fnt
|faint|p1b: Incineroar
|
|-weather|SunnyDay|[upkeep]
|upkeep
|
|t:|1750871435
|switch|p1b: Lugia|Lugia, L50|100/100
|turn|4
|
|t:|1750871456
|move|p2a: Zacian|Behemoth Blade|p1b: Lugia
|-damage|p1b: Lugia|78/100
|-damage|p2a: Zacian|84/100|[from] item: Rocky Helmet|[of] p1b: Lugia
|move|p1b: Lugia|Earth Power|p2a: Zacian
|-supereffective|p2a: Zacian
|-damage|p2a: Zacian|49/100
|move|p1a: Groudon|Heat Crash|p2a: Zacian
|-supereffective|p2a: Zacian
|-damage|p2a: Zacian|0 fnt
|faint|p2a: Zacian
|move|p2b: Minior|Dazzling Gleam|p1a: Groudon|[spread] p1a,p1b
|-damage|p1a: Groudon|0 fnt
|-damage|p1b: Lugia|65/100
|faint|p1a: Groudon
|
|-weather|SunnyDay|[upkeep]
|upkeep
|turn|5
|
|t:|1750871475
|move|p1b: Lugia|Calm Mind|p1b: Lugia
|-boost|p1b: Lugia|spa|1
|-boost|p1b: Lugia|spd|1
|move|p2b: Minior|Meteor Beam||[still]
|-prepare|p2b: Minior|Meteor Beam
|-boost|p2b: Minior|spa|1
|
|-weather|none
|upkeep
|turn|6
|
|t:|1750871483
|move|p1b: Lugia|Recover|p1b: Lugia
|-heal|p1b: Lugia|100/100
|move|p2b: Minior|Meteor Beam|p1b: Lugia|[from] lockedmove|[miss]
|-miss|p2b: Minior|p1b: Lugia
|
|upkeep
|turn|7
|
|t:|1750871491
|move|p1b: Lugia|Calm Mind|p1b: Lugia
|-boost|p1b: Lugia|spa|1
|-boost|p1b: Lugia|spd|1
|move|p2b: Minior|Meteor Beam||[still]
|-prepare|p2b: Minior|Meteor Beam
|-boost|p2b: Minior|spa|1
|
|upkeep
|turn|8
|
|t:|1750871497
|move|p1b: Lugia|Calm Mind|p1b: Lugia
|-boost|p1b: Lugia|spa|1
|-boost|p1b: Lugia|spd|1
|move|p2b: Minior|Meteor Beam|p1b: Lugia|[from] lockedmove
|-supereffective|p1b: Lugia
|-damage|p1b: Lugia|74/100
|
|upkeep
|turn|9
|
|t:|1750871507
|move|p1b: Lugia|Calm Mind|p1b: Lugia
|-boost|p1b: Lugia|spa|1
|-boost|p1b: Lugia|spd|1
|move|p2b: Minior|Dazzling Gleam|p1b: Lugia
|-damage|p1b: Lugia|63/100
|
|upkeep
|turn|10
|
|t:|1750871514
|move|p1b: Lugia|Aeroblast|p2b: Minior
|-resisted|p2b: Minior
|-damage|p2b: Minior|37/100
|move|p2b: Minior|Meteor Beam||[still]
|-prepare|p2b: Minior|Meteor Beam
|-boost|p2b: Minior|spa|1
|
|-formechange|p2b: Minior|Minior||[from] ability: Shields Down
|upkeep
|turn|11
|
|t:|1750871524
|move|p2b: Minior|Meteor Beam|p1b: Lugia|[from] lockedmove
|-supereffective|p1b: Lugia
|-damage|p1b: Lugia|0 fnt
|faint|p1b: Lugia
|
|win|HarrietThugman
|raw|JSPB's rating: 1040 &rarr; <strong>1027</strong><br />(-13 for losing)
|raw|HarrietThugman's rating: 1115 &rarr; <strong>1135</strong><br />(+20 for winning)
|c|☆HarrietThugman|Wahoo
|l|☆JSPB
|player|p1|
