|j|☆wjssz
|j|☆Masrur_Khan3324442
|t:|1750824577
|gametype|doubles
|player|p1|wjssz|cheryl|1138
|player|p2|Masrur_Khan3324442|265|1142
|teamsize|p1|6
|teamsize|p2|6
|gen|9
|tier|[Gen 9] VGC 2025 Reg I
|rated|
|rule|Species Clause: Limit one of each Pokémon
|rule|Item Clause: Limit 1 of each item
|clearpoke
|poke|p1|Calyrex-Ice, L50|
|poke|p1|Whimsicott, L50, M|
|poke|p1|Eternatus, L50|
|poke|p1|Breloom, L50, F|
|poke|p1|Chien-Pao, L50|
|poke|p1|Ditto, L50|
|poke|p2|Calyrex-Shadow, L50|
|poke|p2|Miraidon, L50|
|poke|p2|Farigiraf, L50, M|
|poke|p2|Urshifu-*, L50, F|
|poke|p2|Incineroar, L50, F|
|poke|p2|Landorus, L50, M|
|teampreview|4
|inactive|Battle timer is ON: inactive players will automatically lose when time's up. (requested by wjssz)
|inactive|Masrur_Khan3324442 has 60 seconds left.
|
|t:|1750824616
|start
|switch|p1a: Calyrex|Calyrex-Ice, L50|100/100
|switch|p1b: Whimsicott|Whimsicott, L50, M|100/100
|switch|p2a: Farigiraf|Farigiraf, L50, M|100/100
|switch|p2b: Calyrex|Calyrex-Shadow, L50|100/100
|-ability|p2b: Calyrex|As One
|-ability|p2b: Calyrex|Unnerve
|-ability|p1a: Calyrex|As One
|-ability|p1a: Calyrex|Unnerve
|turn|1
|
|t:|1750824639
|move|p1b: Whimsicott|Tailwind|p1b: Whimsicott
|-sidestart|p1: wjssz|move: Tailwind
|move|p1a: Calyrex|Glacial Lance|p2a: Farigiraf|[spread] p2a,p2b
|-damage|p2a: Farigiraf|7/100
|-enditem|p2b: Calyrex|Focus Sash
|-damage|p2b: Calyrex|1/100
|move|p2b: Calyrex|Nasty Plot|p2b: Calyrex
|-boost|p2b: Calyrex|spa|2
|move|p2a: Farigiraf|Hyper Voice|p1b: Whimsicott|[spread] p1a,p1b
|-damage|p1a: Calyrex|71/100
|-damage|p1b: Whimsicott|51/100
|-enditem|p2a: Farigiraf|Throat Spray
|-boost|p2a: Farigiraf|spa|1|[from] item: Throat Spray
|
|upkeep
|turn|2
|
|t:|1750824658
|switch|p2a: Incineroar|Incineroar, L50, F|100/100
|-ability|p2a: Incineroar|Intimidate|boost
|-unboost|p1a: Calyrex|atk|1
|-unboost|p1b: Whimsicott|atk|1
|move|p1b: Whimsicott|Helping Hand|p1a: Calyrex
|-singleturn|p1a: Calyrex|Helping Hand|[of] p1b: Whimsicott
|move|p2b: Calyrex|Protect|p2b: Calyrex
|-singleturn|p2b: Calyrex|Protect
|move|p1a: Calyrex|Glacial Lance|p2b: Calyrex|[spread] p2a
|-activate|p2b: Calyrex|move: Protect
|-resisted|p2a: Incineroar
|-damage|p2a: Incineroar|67/100
|
|upkeep
|turn|3
|inactive|Masrur_Khan3324442 has 30 seconds left.
|
|t:|1750824687
|switch|p1b: Ditto|Ditto, L50|100/100
|-transform|p1b: Ditto|p2a: Incineroar|[from] ability: Imposter
|-ability|p1b: Ditto|Intimidate|boost
|-unboost|p2a: Incineroar|atk|1
|-unboost|p2b: Calyrex|atk|1
|switch|p1a: Breloom|Breloom, L50, F|100/100
|move|p2b: Calyrex|Astral Barrage|p1a: Breloom|[spread] p1a,p1b
|-resisted|p1b: Ditto
|-damage|p1a: Breloom|0 fnt
|-damage|p1b: Ditto|41/100
|faint|p1a: Breloom
|-ability|p2b: Calyrex|Grim Neigh|boost
|-boost|p2b: Calyrex|spa|1
|move|p2a: Incineroar|Knock Off|p1b: Ditto
|-resisted|p1b: Ditto
|-damage|p1b: Ditto|27/100
|-enditem|p1b: Ditto|Clear Amulet|[from] move: Knock Off|[of] p2a: Incineroar
|
|upkeep
|
|t:|1750824698
|switch|p1a: Calyrex|Calyrex-Ice, L50|71/100
|-ability|p1a: Calyrex|As One
|-ability|p1a: Calyrex|Unnerve
|turn|4
|
|t:|1750824717
|move|p2b: Calyrex|Protect|p2b: Calyrex
|-singleturn|p2b: Calyrex|Protect
|move|p1b: Ditto|Fake Out|p2a: Incineroar
|-damage|p2a: Incineroar|57/100
|move|p1a: Calyrex|Glacial Lance|p2a: Incineroar|[spread] p2a
|-activate|p2b: Calyrex|move: Protect
|-resisted|p2a: Incineroar
|-damage|p2a: Incineroar|21/100
|cant|p2a: Incineroar|flinch
|
|-sideend|p1: wjssz|move: Tailwind
|upkeep
|turn|5
|
|t:|1750824733
|-terastallize|p1a: Calyrex|Fire
|move|p2b: Calyrex|Astral Barrage|p1b: Ditto|[spread] p1a,p1b
|-resisted|p1b: Ditto
|-damage|p1a: Calyrex|0 fnt
|-damage|p1b: Ditto|0 fnt
|faint|p1a: Calyrex
|faint|p1b: Ditto
|-ability|p2b: Calyrex|Grim Neigh|boost
|-boost|p2b: Calyrex|spa|2
|move|p2a: Incineroar|Taunt|p1: Calyrex|[notarget]
|-fail|p2a: Incineroar
|
|upkeep
|-message|wjssz forfeited.
|
|win|Masrur_Khan3324442
|raw|wjssz's rating: 1138 &rarr; <strong>1113</strong><br />(-25 for losing)
|raw|Masrur_Khan3324442's rating: 1142 &rarr; <strong>1167</strong><br />(+25 for winning)
|l|☆wjssz
|player|p1|
|l|☆Masrur_Khan3324442
|player|p2|
