|j|☆jzbnaruto
|j|☆6321RB
|t:|1750831558
|gametype|doubles
|player|p1|jzbnaruto|170|1156
|player|p2|6321RB|170|1098
|teamsize|p1|6
|teamsize|p2|6
|gen|9
|tier|[Gen 9] VGC 2025 Reg I
|rated|
|rule|Species Clause: Limit one of each Pokémon
|rule|Item Clause: Limit 1 of each item
|clearpoke
|poke|p1|Scrafty, L50, M|
|poke|p1|Koraidon, L50|
|poke|p1|Walking Wake, L50|
|poke|p1|Kingambit, L50, F|
|poke|p1|Whimsicott, L50, M|
|poke|p1|Chi-Yu, L50|
|poke|p2|Zacian-*, L50|
|poke|p2|Kyogre, L50|
|poke|p2|Tornadus, L50, M|
|poke|p2|Amoonguss, L50, M|
|poke|p2|Urshifu-*, L50, M|
|poke|p2|Rillaboom, L50, M|
|teampreview|4
jzbnaruto rejected open team sheets.
|
|t:|1750831649
|start
|switch|p1a: Scrafty|Scrafty, L50, M|100/100
|switch|p1b: Whimsicott|Whimsicott, L50, M|100/100
|switch|p2a: Kyogre|Kyogre, L50|100/100
|switch|p2b: Amoonguss|Amoonguss, L50, M, shiny|100/100
|-weather|RainDance|[from] ability: Drizzle|[of] p2a: Kyogre
|-ability|p1a: Scrafty|Intimidate|boost
|-unboost|p2a: Kyogre|atk|1
|-unboost|p2b: Amoonguss|atk|1
|turn|1
|
|t:|1750831674
|move|p2b: Amoonguss|Rage Powder|p2b: Amoonguss
|-singleturn|p2b: Amoonguss|move: Rage Powder
|move|p1b: Whimsicott|Sunny Day|p1b: Whimsicott
|-weather|SunnyDay
|move|p2a: Kyogre|Water Spout|p1a: Scrafty|[spread] p1a,p1b
|-resisted|p1b: Whimsicott
|-damage|p1a: Scrafty|74/100
|-damage|p1b: Whimsicott|72/100
|move|p1a: Scrafty|Snarl|p2a: Kyogre|[spread] p2a,p2b
|-damage|p2a: Kyogre|95/100
|-damage|p2b: Amoonguss|94/100
|-unboost|p2a: Kyogre|spa|1
|-unboost|p2b: Amoonguss|spa|1
|
|-weather|SunnyDay|[upkeep]
|-heal|p1a: Scrafty|80/100|[from] item: Leftovers
|upkeep
|turn|2
|inactive|Battle timer is ON: inactive players will automatically lose when time's up. (requested by 6321RB)
|
|t:|1750831698
|move|p1b: Whimsicott|Encore|p2b: Amoonguss
|-start|p2b: Amoonguss|Encore
|move|p2a: Kyogre|Ice Beam|p1b: Whimsicott
|-supereffective|p1b: Whimsicott
|-damage|p1b: Whimsicott|0 fnt
|faint|p1b: Whimsicott
|move|p1a: Scrafty|Knock Off|p2a: Kyogre
|-damage|p2a: Kyogre|67/100
|-enditem|p2a: Kyogre|Mystic Water|[from] move: Knock Off|[of] p1a: Scrafty
|move|p2b: Amoonguss|Rage Powder|p2b: Amoonguss
|-singleturn|p2b: Amoonguss|move: Rage Powder
|
|-weather|SunnyDay|[upkeep]
|-heal|p1a: Scrafty|85/100|[from] item: Leftovers
|upkeep
|
|t:|1750831708
|switch|p1b: Chi-Yu|Chi-Yu, L50|100/100
|-ability|p1b: Chi-Yu|Beads of Ruin
|turn|3
|
|t:|1750831719
|switch|p2b: Urshifu|Urshifu-Rapid-Strike, L50, M|100/100
|-terastallize|p1b: Chi-Yu|Dark
|move|p2a: Kyogre|Protect|p2a: Kyogre
|-singleturn|p2a: Kyogre|Protect
|move|p1b: Chi-Yu|Nasty Plot|p1b: Chi-Yu
|-boost|p1b: Chi-Yu|spa|2
|move|p1a: Scrafty|Snarl|p2a: Kyogre|[spread] p2b
|-activate|p2a: Kyogre|move: Protect
|-resisted|p2b: Urshifu
|-damage|p2b: Urshifu|93/100
|-unboost|p2b: Urshifu|spa|1
|
|-weather|SunnyDay|[upkeep]
|-heal|p1a: Scrafty|91/100|[from] item: Leftovers
|upkeep
|turn|4
|inactive|6321RB has 30 seconds left.
|inactive|6321RB has 20 seconds left.
|
|t:|1750831758
|switch|p2a: Amoonguss|Amoonguss, L50, M, shiny|100/100
|move|p2b: Urshifu|Close Combat|p1b: Chi-Yu
|-supereffective|p1b: Chi-Yu
|-damage|p1b: Chi-Yu|0 fnt
|-unboost|p2b: Urshifu|def|1
|-unboost|p2b: Urshifu|spd|1
|faint|p1b: Chi-Yu
|move|p1a: Scrafty|Knock Off|p2a: Amoonguss
|-damage|p2a: Amoonguss|79/100
|-damage|p1a: Scrafty|75/100|[from] item: Rocky Helmet|[of] p2a: Amoonguss
|-enditem|p2a: Amoonguss|Rocky Helmet|[from] move: Knock Off|[of] p1a: Scrafty
|
|-weather|SunnyDay|[upkeep]
|-heal|p1a: Scrafty|81/100|[from] item: Leftovers
|upkeep
|
|t:|1750831769
|switch|p1b: Walking Wake|Walking Wake, L50|100/100
|-activate|p1b: Walking Wake|ability: Protosynthesis
|-start|p1b: Walking Wake|protosynthesisspa
|turn|5
|inactive|jzbnaruto has 30 seconds left.
|
|t:|1750831798
|switch|p2b: Kyogre|Kyogre, L50|67/100
|-weather|RainDance|[from] ability: Drizzle|[of] p2b: Kyogre
|-end|p1b: Walking Wake|Protosynthesis
|move|p1b: Walking Wake|Flamethrower|p2a: Amoonguss
|-supereffective|p2a: Amoonguss
|-damage|p2a: Amoonguss|47/100
|move|p1a: Scrafty|Knock Off|p2b: Kyogre
|-damage|p2b: Kyogre|48/100
|move|p2a: Amoonguss|Spore|p1b: Walking Wake
|-status|p1b: Walking Wake|slp|[from] move: Spore
|
|-weather|RainDance|[upkeep]
|-heal|p1a: Scrafty|87/100|[from] item: Leftovers
|upkeep
|turn|6
|-message|jzbnaruto forfeited.
|
|win|6321RB
|raw|jzbnaruto's rating: 1156 &rarr; <strong>1127</strong><br />(-29 for losing)
|raw|6321RB's rating: 1098 &rarr; <strong>1127</strong><br />(+29 for winning)
|l|☆jzbnaruto
|player|p1|
|l|☆6321RB
|player|p2|
