|j|☆Moosewii7
|j|☆HecklerSupreme
|t:|1750859229
|gametype|doubles
|player|p1|Moosewii7|2|1538
|player|p2|HecklerSupreme|2|1582
|teamsize|p1|6
|teamsize|p2|6
|gen|9
|tier|[Gen 9] VGC 2025 Reg I
|rated|
|rule|Species Clause: Limit one of each Pokémon
|rule|Item Clause: Limit 1 of each item
|clearpoke
|poke|p1|Calyrex-Shadow, L50|
|poke|p1|Indeedee-F, L50, F|
|poke|p1|Kyogre, L50|
|poke|p1|Maushold-Four, L50|
|poke|p1|Regieleki, L50|
|poke|p1|Ursaluna-Bloodmoon, L50, M|
|poke|p2|Palkia, L50|
|poke|p2|Calyrex-Ice, L50|
|poke|p2|Smeargle, L50, F|
|poke|p2|Hitmontop, L50, M|
|poke|p2|Annihilape, L50, M|
|poke|p2|Entei, L50|
|teampreview|4
|inactive|Battle timer is ON: inactive players will automatically lose when time's up. (requested by HecklerSupreme)
|inactive|HecklerSupreme has 60 seconds left.
Moosewii7 rejected open team sheets.
|inactive|Moosewii7 has 60 seconds left.
|
|t:|1750859286
|start
|switch|p1a: Indeedee|Indeedee-F, L50, F|100/100
|switch|p1b: Kyogre|Kyogre, L50|100/100
|switch|p2a: Smeargle|Smeargle, L50, F|100/100
|switch|p2b: Calyrex|Calyrex-Ice, L50|100/100
|-ability|p2b: Calyrex|As One
|-ability|p2b: Calyrex|Unnerve
|-weather|RainDance|[from] ability: Drizzle|[of] p1b: Kyogre
|-fieldstart|move: Psychic Terrain|[from] ability: Psychic Surge|[of] p1a: Indeedee
|turn|1
|
|t:|1750859305
|-terastallize|p1b: Kyogre|Water
|move|p2b: Calyrex|Protect|p2b: Calyrex
|-singleturn|p2b: Calyrex|Protect
|move|p1a: Indeedee|Follow Me|p1a: Indeedee
|-singleturn|p1a: Indeedee|move: Follow Me
|move|p2a: Smeargle|Spore|p1a: Indeedee
|-status|p1a: Indeedee|slp|[from] move: Spore
|move|p1b: Kyogre|Water Spout|p2b: Calyrex|[spread] p2a
|-activate|p2b: Calyrex|move: Protect
|-enditem|p2a: Smeargle|Focus Sash
|-damage|p2a: Smeargle|1/100
|
|-weather|RainDance|[upkeep]
|-ability|p2a: Smeargle|Moody|boost
|-boost|p2a: Smeargle|spa|2
|-unboost|p2a: Smeargle|spd|1
|upkeep
|turn|2
|
|t:|1750859325
|move|p1b: Kyogre|Protect|p1b: Kyogre
|-singleturn|p1b: Kyogre|Protect
|move|p2a: Smeargle|Spore|p1b: Kyogre
|-activate|p1b: Kyogre|move: Protect
|move|p2b: Calyrex|Glacial Lance|p1a: Indeedee|[spread] p1a
|-activate|p1b: Kyogre|move: Protect
|-damage|p1a: Indeedee|37/100 slp
|cant|p1a: Indeedee|slp
|
|-weather|RainDance|[upkeep]
|-ability|p2a: Smeargle|Moody|boost
|-boost|p2a: Smeargle|spa|2
|-unboost|p2a: Smeargle|spd|1
|upkeep
|turn|3
|
|t:|1750859344
|-curestatus|p1a: Indeedee|slp|[msg]
|move|p1a: Indeedee|Follow Me|p1a: Indeedee
|-singleturn|p1a: Indeedee|move: Follow Me
|move|p2a: Smeargle|Spore|p1a: Indeedee
|-status|p1a: Indeedee|slp|[from] move: Spore
|move|p1b: Kyogre|Water Spout|p2b: Calyrex|[spread] p2a,p2b
|-damage|p2a: Smeargle|0 fnt
|-damage|p2b: Calyrex|0 fnt
|faint|p2a: Smeargle
|faint|p2b: Calyrex
|
|-weather|RainDance|[upkeep]
|upkeep
|
|t:|1750859348
|switch|p2a: Hitmontop|Hitmontop, L50, M|100/100
|switch|p2b: Palkia|Palkia, L50|100/100
|-ability|p2b: Palkia|Pressure
|-ability|p2a: Hitmontop|Intimidate|boost
|-unboost|p1a: Indeedee|atk|1
|-unboost|p1b: Kyogre|atk|1
|turn|4
|
|t:|1750859370
|move|p1b: Kyogre|Protect|p1b: Kyogre
|-singleturn|p1b: Kyogre|Protect
|move|p2a: Hitmontop|Wide Guard|p2a: Hitmontop
|-singleturn|p2a: Hitmontop|Wide Guard
|cant|p1a: Indeedee|slp
|move|p2b: Palkia|Spacial Rend|p1b: Kyogre
|-activate|p1b: Kyogre|move: Protect
|
|-weather|RainDance|[upkeep]
|upkeep
|turn|5
|
|t:|1750859388
|switch|p1b: Maushold|Maushold-Four, L50|100/100
|cant|p1a: Indeedee|slp
|move|p2b: Palkia|Spacial Rend|p1b: Maushold
|-damage|p1b: Maushold|0 fnt
|faint|p1b: Maushold
|move|p2a: Hitmontop|Brick Break|p1a: Indeedee
|-damage|p1a: Indeedee|6/100 slp
|-damage|p2a: Hitmontop|84/100|[from] item: Rocky Helmet|[of] p1a: Indeedee
|
|-weather|none
|-fieldend|move: Psychic Terrain
|upkeep
|
|t:|1750859402
|switch|p1b: Calyrex|Calyrex-Shadow, L50|100/100
|-ability|p1b: Calyrex|As One
|-ability|p1b: Calyrex|Unnerve
|turn|6
|
|t:|1750859416
|-terastallize|p2a: Hitmontop|Steel
|move|p2a: Hitmontop|Feint|p1a: Indeedee
|-damage|p1a: Indeedee|0 fnt
|faint|p1a: Indeedee
|move|p1b: Calyrex|Astral Barrage|p2a: Hitmontop|[spread] p2a,p2b
|-damage|p2a: Hitmontop|29/100
|-damage|p2b: Palkia|58/100
|move|p2b: Palkia|Trick Room|p2b: Palkia
|-fieldstart|move: Trick Room|[of] p2b: Palkia
|
|upkeep
|
|t:|1750859426
|switch|p1a: Kyogre|Kyogre, L50, tera:Water|100/100
|-weather|RainDance|[from] ability: Drizzle|[of] p1a: Kyogre
|turn|7
|
|t:|1750859436
|move|p1b: Calyrex|Protect|p1b: Calyrex
|-singleturn|p1b: Calyrex|Protect
|move|p2a: Hitmontop|Wide Guard|p2a: Hitmontop
|-singleturn|p2a: Hitmontop|Wide Guard
|move|p1a: Kyogre|Hydro Pump|p2a: Hitmontop
|-damage|p2a: Hitmontop|0 fnt
|faint|p2a: Hitmontop
|move|p2b: Palkia|Hydro Pump|p1b: Calyrex
|-activate|p1b: Calyrex|move: Protect
|
|-weather|RainDance|[upkeep]
|upkeep
|turn|8
|-message|HecklerSupreme forfeited.
|
|win|Moosewii7
|raw|Moosewii7's rating: 1538 &rarr; <strong>1561</strong><br />(+23 for winning)
|raw|HecklerSupreme's rating: 1582 &rarr; <strong>1559</strong><br />(-23 for losing)
|l|☆HecklerSupreme
|player|p2|
|l|☆Moosewii7
|player|p1|
