|j|☆Cheirapica
|j|☆lazmm
|t:|1750826640
|gametype|doubles
|player|p1|Cheirapica|170|1180
|player|p2|lazmm|cynthia|1240
|teamsize|p1|6
|teamsize|p2|6
|gen|9
|tier|[Gen 9] VGC 2025 Reg I
|rated|
|rule|Species Clause: Limit one of each Pokémon
|rule|Item Clause: Limit 1 of each item
|clearpoke
|poke|p1|Calyrex-Shadow, L50|
|poke|p1|Garganacl, L50, M|
|poke|p1|Amoonguss, L50, M|
|poke|p1|Miraidon, L50|
|poke|p1|Rillaboom, L50, M|
|poke|p1|Chien-Pao, L50|
|poke|p2|Miraidon, L50|
|poke|p2|Ho-Oh, L50|
|poke|p2|Iron Treads, L50|
|poke|p2|Farigiraf, L50, M|
|poke|p2|Iron Bundle, L50|
|poke|p2|Iron Hands, L50|
|teampreview|4
|inactive|Battle timer is ON: inactive players will automatically lose when time's up. (requested by lazmm)
|inactive|Cheirapica has 60 seconds left.
|inactive|lazmm has 60 seconds left.
Cheirapica has agreed to open team sheets.
|
|t:|1750826695
|start
|switch|p1a: Calyrex|Calyrex-Shadow, L50|100/100
|switch|p1b: Amoonguss|Amoonguss, L50, M|100/100
|switch|p2a: Ho-Oh|Ho-Oh, L50, shiny|100/100
|switch|p2b: Miraidon|Miraidon, L50|100/100
|-ability|p1a: Calyrex|As One
|-ability|p1a: Calyrex|Unnerve
|-fieldstart|move: Electric Terrain|[from] ability: Hadron Engine|[of] p2b: Miraidon
|turn|1
|inactive|Cheirapica has 30 seconds left.
|
|t:|1750826720
|switch|p2b: Farigiraf|Farigiraf, L50, M|100/100
|-enditem|p2b: Farigiraf|Electric Seed
|-boost|p2b: Farigiraf|def|1|[from] item: Electric Seed
|move|p1b: Amoonguss|Rage Powder|p1b: Amoonguss
|-singleturn|p1b: Amoonguss|move: Rage Powder
|move|p1a: Calyrex|Astral Barrage|p2b: Farigiraf|[spread] p2a
|-immune|p2b: Farigiraf
|-damage|p2a: Ho-Oh|51/100
|-damage|p1a: Calyrex|91/100|[from] item: Life Orb
|move|p2a: Ho-Oh|Tailwind|p2a: Ho-Oh
|-sidestart|p2: lazmm|move: Tailwind
|
|upkeep
|turn|2
|
|t:|1750826744
|move|p2b: Farigiraf|Helping Hand|p2a: Ho-Oh
|-singleturn|p2a: Ho-Oh|Helping Hand|[of] p2b: Farigiraf
|move|p1b: Amoonguss|Rage Powder|p1b: Amoonguss
|-singleturn|p1b: Amoonguss|move: Rage Powder
|move|p2a: Ho-Oh|Sacred Fire|p1b: Amoonguss
|-supereffective|p1b: Amoonguss
|-damage|p1b: Amoonguss|0 fnt
|faint|p1b: Amoonguss
|move|p1a: Calyrex|Expanding Force|p2b: Farigiraf
|-resisted|p2b: Farigiraf
|-damage|p2b: Farigiraf|67/100
|-damage|p1a: Calyrex|81/100|[from] item: Life Orb
|
|upkeep
|
|t:|1750826760
|switch|p1b: Garganacl|Garganacl, L50, M|100/100
|turn|3
|
|t:|1750826767
|move|p2a: Ho-Oh|Protect|p2a: Ho-Oh
|-singleturn|p2a: Ho-Oh|Protect
|move|p1a: Calyrex|Protect|p1a: Calyrex
|-singleturn|p1a: Calyrex|Protect
|move|p2b: Farigiraf|Foul Play|p1a: Calyrex
|-activate|p1a: Calyrex|move: Protect
|move|p1b: Garganacl|Salt Cure|p2a: Ho-Oh
|-activate|p2a: Ho-Oh|move: Protect
|
|upkeep
|turn|4
|
|t:|1750826787
|switch|p1a: Miraidon|Miraidon, L50|100/100
|-activate|p1a: Miraidon|ability: Hadron Engine
|move|p2a: Ho-Oh|Sacred Fire|p1b: Garganacl
|-resisted|p1b: Garganacl
|-damage|p1b: Garganacl|86/100
|move|p2b: Farigiraf|Foul Play|p1a: Miraidon
|-damage|p1a: Miraidon|82/100
|move|p1b: Garganacl|Salt Cure|p2a: Ho-Oh
|-supereffective|p2a: Ho-Oh
|-damage|p2a: Ho-Oh|2/100
|-start|p2a: Ho-Oh|Salt Cure
|
|-heal|p1b: Garganacl|92/100|[from] item: Leftovers
|-damage|p2a: Ho-Oh|0 fnt|[from] Salt Cure
|faint|p2a: Ho-Oh
|-sideend|p2: lazmm|move: Tailwind
|upkeep
|
|t:|1750826803
|switch|p2a: Iron Bundle|Iron Bundle, L50, shiny|100/100
|-activate|p2a: Iron Bundle|ability: Quark Drive
|-start|p2a: Iron Bundle|quarkdrivespe
|turn|5
|inactive|lazmm has 30 seconds left.
|inactive|Cheirapica has 30 seconds left.
|inactive|lazmm has 20 seconds left.
|inactive|lazmm has 15 seconds left.
|
|t:|1750826844
|-terastallize|p1b: Garganacl|Fairy
|move|p2b: Farigiraf|Helping Hand|p2a: Iron Bundle
|-singleturn|p2a: Iron Bundle|Helping Hand|[of] p2b: Farigiraf
|move|p2a: Iron Bundle|Freeze-Dry|p1a: Miraidon
|-supereffective|p1a: Miraidon
|-damage|p1a: Miraidon|0 fnt
|faint|p1a: Miraidon
|move|p1b: Garganacl|Salt Cure|p2a: Iron Bundle
|-supereffective|p2a: Iron Bundle
|-damage|p2a: Iron Bundle|67/100
|-start|p2a: Iron Bundle|Salt Cure
|
|-heal|p1b: Garganacl|98/100|[from] item: Leftovers
|-damage|p2a: Iron Bundle|42/100|[from] Salt Cure
|-fieldend|move: Electric Terrain
|-end|p2a: Iron Bundle|Quark Drive
|upkeep
|
|t:|1750826860
|switch|p1a: Calyrex|Calyrex-Shadow, L50|81/100
|-ability|p1a: Calyrex|As One
|-ability|p1a: Calyrex|Unnerve
|turn|6
|
|t:|1750826880
|move|p2a: Iron Bundle|Protect|p2a: Iron Bundle
|-singleturn|p2a: Iron Bundle|Protect
|move|p1a: Calyrex|Protect|p1a: Calyrex
|-singleturn|p1a: Calyrex|Protect
|move|p2b: Farigiraf|Foul Play|p1a: Calyrex
|-activate|p1a: Calyrex|move: Protect
|move|p1b: Garganacl|Salt Cure|p2a: Iron Bundle
|-activate|p2a: Iron Bundle|move: Protect
|
|-heal|p1b: Garganacl|100/100|[from] item: Leftovers
|-damage|p2a: Iron Bundle|17/100|[from] Salt Cure
|upkeep
|turn|7
|
|t:|1750826889
|move|p2a: Iron Bundle|Protect||[still]
|-fail|p2a: Iron Bundle
|move|p1a: Calyrex|Astral Barrage|p2a: Iron Bundle|[spread] p2a
|-immune|p2b: Farigiraf
|-damage|p2a: Iron Bundle|0 fnt
|faint|p2a: Iron Bundle
|-end|p2a: Iron Bundle|Quark Drive|[silent]
|-ability|p1a: Calyrex|Grim Neigh|boost
|-boost|p1a: Calyrex|spa|1
|-damage|p1a: Calyrex|71/100|[from] item: Life Orb
|move|p2b: Farigiraf|Foul Play|p1a: Calyrex
|-supereffective|p1a: Calyrex
|-damage|p1a: Calyrex|5/100
|move|p1b: Garganacl|Salt Cure|p2b: Farigiraf
|-damage|p2b: Farigiraf|60/100
|-start|p2b: Farigiraf|Salt Cure
|
|-damage|p2b: Farigiraf|48/100|[from] Salt Cure
|upkeep
|
|t:|1750826901
|switch|p2a: Miraidon|Miraidon, L50|100/100
|-fieldstart|move: Electric Terrain|[from] ability: Hadron Engine|[of] p2a: Miraidon
|turn|8
|inactive|lazmm has 30 seconds left.
|inactive|lazmm has 20 seconds left.
|
|t:|1750826940
|-terastallize|p2a: Miraidon|Fairy
|move|p1a: Calyrex|Protect|p1a: Calyrex
|-singleturn|p1a: Calyrex|Protect
|move|p2a: Miraidon|Electro Drift|p1a: Calyrex
|-activate|p1a: Calyrex|move: Protect
|move|p2b: Farigiraf|Psychic|p1a: Calyrex
|-activate|p1a: Calyrex|move: Protect
|move|p1b: Garganacl|Salt Cure|p2a: Miraidon
|-damage|p2a: Miraidon|86/100
|-start|p2a: Miraidon|Salt Cure
|
|-damage|p2a: Miraidon|74/100|[from] Salt Cure
|-damage|p2b: Farigiraf|35/100|[from] Salt Cure
|upkeep
|turn|9
|inactive|Cheirapica has 30 seconds left.
|
|t:|1750826968
|move|p2a: Miraidon|Electro Drift|p1b: Garganacl
|-damage|p1b: Garganacl|0 fnt
|faint|p1b: Garganacl
|move|p1a: Calyrex|Astral Barrage|p2a: Miraidon|[spread] p2a
|-immune|p2b: Farigiraf
|-damage|p2a: Miraidon|0 fnt
|faint|p2a: Miraidon
|-ability|p1a: Calyrex|Grim Neigh|boost
|-boost|p1a: Calyrex|spa|1
|-damage|p1a: Calyrex|0 fnt|[from] item: Life Orb
|faint|p1a: Calyrex
|
|win|lazmm
|raw|Cheirapica's rating: 1180 &rarr; <strong>1159</strong><br />(-21 for losing)
|raw|lazmm's rating: 1240 &rarr; <strong>1261</strong><br />(+21 for winning)
|l|☆Cheirapica
|player|p1|
