|j|☆Mars002
|j|☆Lore805
|t:|1750861413
|gametype|doubles
|player|p1|Mars002|169|1534
|player|p2|Lore805|1|1461
|teamsize|p1|6
|teamsize|p2|6
|gen|9
|tier|[Gen 9] VGC 2025 Reg I
|rated|
|rule|Species Clause: Limit one of each Pokémon
|rule|Item Clause: Limit 1 of each item
|clearpoke
|poke|p1|Groudon, L50|
|poke|p1|Calyrex-Ice, L50|
|poke|p1|Rillaboom, L50, M|
|poke|p1|Annihilape, L50, F|
|poke|p1|Walking Wake, L50|
|poke|p1|Comfey, L50, F|
|poke|p2|Kyogre, L50|
|poke|p2|Calyrex-Ice, L50|
|poke|p2|Rillaboom, L50, F|
|poke|p2|Volcarona, L50, M|
|poke|p2|Raichu, L50, M|
|poke|p2|Tornadus, L50, M|
|teampreview|4
|inactive|Battle timer is ON: inactive players will automatically lose when time's up. (requested by Mars002)
|inactive|Lore805 also wants the timer to be on.
|inactive|Mars002 has 60 seconds left.
|
|t:|1750861450
|start
|switch|p1a: Calyrex|Calyrex-Ice, L50|100/100
|switch|p1b: Rillaboom|Rillaboom, L50, M|100/100
|switch|p2a: Tornadus|Tornadus, L50, M|100/100
|switch|p2b: Kyogre|Kyogre, L50|100/100
|-ability|p1a: Calyrex|As One
|-ability|p1a: Calyrex|Unnerve
|-weather|RainDance|[from] ability: Drizzle|[of] p2b: Kyogre
|-fieldstart|move: Grassy Terrain|[from] ability: Grassy Surge|[of] p1b: Rillaboom
|turn|1
|
|t:|1750861466
|move|p2a: Tornadus|Protect|p2a: Tornadus
|-singleturn|p2a: Tornadus|Protect
|move|p2b: Kyogre|Protect|p2b: Kyogre
|-singleturn|p2b: Kyogre|Protect
|move|p1b: Rillaboom|Grassy Glide|p2b: Kyogre
|-activate|p2b: Kyogre|move: Protect
|move|p1a: Calyrex|Glacial Lance|p2b: Kyogre|[spread] 
|-activate|p2a: Tornadus|move: Protect
|-activate|p2b: Kyogre|move: Protect
|
|-weather|RainDance|[upkeep]
|upkeep
|turn|2
|
|t:|1750861490
|switch|p1b: Groudon|Groudon, L50|100/100
|-weather|SunnyDay|[from] ability: Drought|[of] p1b: Groudon
|-terastallize|p2b: Kyogre|Water
|move|p2a: Tornadus|Bleakwind Storm|p1a: Calyrex|[spread] p1a,p1b
|-damage|p1a: Calyrex|72/100
|-damage|p1b: Groudon|74/100
|move|p2b: Kyogre|Water Spout|p1b: Groudon|[spread] p1a,p1b
|-supereffective|p1b: Groudon
|-damage|p1a: Calyrex|38/100
|-damage|p1b: Groudon|13/100
|move|p1a: Calyrex|Glacial Lance|p2b: Kyogre|[spread] p2a,p2b
|-supereffective|p2a: Tornadus
|-resisted|p2b: Kyogre
|-damage|p2a: Tornadus|0 fnt
|-damage|p2b: Kyogre|76/100
|faint|p2a: Tornadus
|-ability|p1a: Calyrex|Chilling Neigh|boost
|-boost|p1a: Calyrex|atk|1
|
|-weather|SunnyDay|[upkeep]
|-heal|p2b: Kyogre|82/100|[from] Grassy Terrain
|-heal|p1b: Groudon|18/100|[from] Grassy Terrain
|-heal|p1a: Calyrex|43/100|[from] Grassy Terrain
|upkeep
|
|t:|1750861508
|switch|p2a: Rillaboom|Rillaboom, L50, F|100/100
|turn|3
|
|t:|1750861521
|switch|p1b: Rillaboom|Rillaboom, L50, M|100/100
|move|p2a: Rillaboom|Grassy Glide|p1b: Rillaboom
|-resisted|p1b: Rillaboom
|-damage|p1b: Rillaboom|83/100
|move|p2b: Kyogre|Water Spout|p1b: Rillaboom|[spread] p1a,p1b
|-resisted|p1b: Rillaboom
|-damage|p1a: Calyrex|15/100
|-damage|p1b: Rillaboom|63/100
|move|p1a: Calyrex|Seed Bomb|p2b: Kyogre
|-supereffective|p2b: Kyogre
|-damage|p2b: Kyogre|0 fnt
|faint|p2b: Kyogre
|-ability|p1a: Calyrex|Chilling Neigh|boost
|-boost|p1a: Calyrex|atk|1
|
|-weather|SunnyDay|[upkeep]
|-heal|p1b: Rillaboom|69/100|[from] Grassy Terrain
|-heal|p1a: Calyrex|21/100|[from] Grassy Terrain
|upkeep
|
|t:|1750861525
|switch|p2b: Calyrex|Calyrex-Ice, L50|100/100
|-ability|p2b: Calyrex|As One
|-ability|p2b: Calyrex|Unnerve
|turn|4
|inactive|Lore805 has 30 seconds left.
|
|t:|1750861556
|move|p1a: Calyrex|Protect|p1a: Calyrex
|-singleturn|p1a: Calyrex|Protect
|move|p2a: Rillaboom|U-turn|p1a: Calyrex
|-activate|p1a: Calyrex|move: Protect
|move|p2b: Calyrex|Glacial Lance|p1a: Calyrex|[spread] p1b
|-activate|p1a: Calyrex|move: Protect
|-supereffective|p1b: Rillaboom
|-damage|p1b: Rillaboom|0 fnt
|faint|p1b: Rillaboom
|-ability|p2b: Calyrex|Chilling Neigh|boost
|-boost|p2b: Calyrex|atk|1
|
|-weather|SunnyDay|[upkeep]
|-heal|p1a: Calyrex|27/100|[from] Grassy Terrain
|upkeep
|
|t:|1750861571
|switch|p1b: Comfey|Comfey, L50, F|100/100
|turn|5
|
|t:|1750861576
|move|p1b: Comfey|Floral Healing|p1a: Calyrex
|-heal|p1a: Calyrex|94/100
|move|p2a: Rillaboom|Wood Hammer|p1a: Calyrex
|-damage|p1a: Calyrex|46/100
|-damage|p2a: Rillaboom|85/100|[from] Recoil
|move|p2b: Calyrex|Glacial Lance|p1b: Comfey|[spread] p1a,p1b
|-resisted|p1a: Calyrex
|-damage|p1a: Calyrex|15/100
|-damage|p1b: Comfey|15/100
|move|p1a: Calyrex|Glacial Lance|p2a: Rillaboom|[spread] p2a,p2b
|-supereffective|p2a: Rillaboom
|-resisted|p2b: Calyrex
|-damage|p2a: Rillaboom|0 fnt
|-damage|p2b: Calyrex|61/100
|faint|p2a: Rillaboom
|-ability|p1a: Calyrex|Chilling Neigh|boost
|-boost|p1a: Calyrex|atk|1
|
|-weather|SunnyDay|[upkeep]
|-heal|p1b: Comfey|21/100|[from] Grassy Terrain
|-heal|p2b: Calyrex|67/100|[from] Grassy Terrain
|-heal|p1a: Calyrex|21/100|[from] Grassy Terrain
|-fieldend|move: Grassy Terrain
|upkeep
|turn|6
|
|t:|1750861600
|move|p1b: Comfey|Floral Healing|p1a: Calyrex
|-heal|p1a: Calyrex|72/100
|move|p2b: Calyrex|Glacial Lance|p1b: Comfey|[spread] p1a,p1b
|-resisted|p1a: Calyrex
|-damage|p1a: Calyrex|45/100
|-damage|p1b: Comfey|0 fnt
|faint|p1b: Comfey
|-ability|p2b: Calyrex|Chilling Neigh|boost
|-boost|p2b: Calyrex|atk|1
|move|p1a: Calyrex|Seed Bomb|p2b: Calyrex
|-damage|p2b: Calyrex|10/100
|
|-weather|none
|upkeep
|
|t:|1750861614
|switch|p1b: Groudon|Groudon, L50|18/100
|-weather|SunnyDay|[from] ability: Drought|[of] p1b: Groudon
|turn|7
|
|t:|1750861625
|move|p1b: Groudon|Shadow Claw|p2b: Calyrex
|-supereffective|p2b: Calyrex
|-crit|p2b: Calyrex
|-damage|p2b: Calyrex|0 fnt
|faint|p2b: Calyrex
|
|win|Mars002
|raw|Mars002's rating: 1534 &rarr; <strong>1550</strong><br />(+16 for winning)
|raw|Lore805's rating: 1461 &rarr; <strong>1445</strong><br />(-16 for losing)
|l|☆Lore805
|player|p2|
|l|☆Mars002
|player|p1|
