|j|☆Serbol03
|j|☆konkonmatcha
|t:|1750784117
|gametype|doubles
|player|p1|Serbol03|giovanni|1211
|player|p2|konkonmatcha|2|1315
|teamsize|p1|6
|teamsize|p2|6
|gen|9
|tier|[Gen 9] VGC 2025 Reg I
|rated|
|rule|Species Clause: Limit one of each Pokémon
|rule|Item Clause: Limit 1 of each item
|clearpoke
|poke|p1|Miraidon, L50|
|poke|p1|Lunala, L50|
|poke|p1|Urshifu-*, L50, F|
|poke|p1|Whimsicott, L50, M|
|poke|p1|Iron Hands, L50|
|poke|p1|Incineroar, L50, F|
|poke|p2|Dialga, L50|
|poke|p2|Calyrex-Shadow, L50|
|poke|p2|Ursaluna, L50, M|
|poke|p2|Regieleki, L50|
|poke|p2|Grimmsnarl, L50, M|
|poke|p2|Urshifu-*, L50, M|
|teampreview|4
|inactive|Battle timer is ON: inactive players will automatically lose when time's up. (requested by konkonmatcha)
|
|t:|1750784146
|start
|switch|p1a: Whimsicott|Whimsicott, L50, M|100/100
|switch|p1b: Urshifu|Urshifu-Rapid-Strike, L50, F|100/100
|switch|p2a: Calyrex|Calyrex-Shadow, L50|100/100
|switch|p2b: Regieleki|Regieleki, L50|100/100
|-ability|p2a: Calyrex|As One
|-ability|p2a: Calyrex|Unnerve
|-item|p2b: Regieleki|Air Balloon
|turn|1
|inactive|Serbol03 has 30 seconds left.
|inactive|konkonmatcha has 30 seconds left.
|
|t:|1750784180
|switch|p2a: Dialga|Dialga, L50|100/100
|move|p1a: Whimsicott|Tailwind|p1a: Whimsicott
|-sidestart|p1: Serbol03|move: Tailwind
|move|p2b: Regieleki|Volt Switch|p1b: Urshifu
|-supereffective|p1b: Urshifu
|-damage|p1b: Urshifu|5/100
|
|t:|1750784187
|switch|p2b: Calyrex|Calyrex-Shadow, L50|100/100|[from] Volt Switch
|-ability|p2b: Calyrex|As One
|-ability|p2b: Calyrex|Unnerve
|move|p1b: Urshifu|Surging Strikes|p2a: Dialga
|-resisted|p2a: Dialga
|-crit|p2a: Dialga
|-damage|p2a: Dialga|90/100
|-resisted|p2a: Dialga
|-crit|p2a: Dialga
|-damage|p2a: Dialga|77/100
|-resisted|p2a: Dialga
|-crit|p2a: Dialga
|-damage|p2a: Dialga|65/100
|-hitcount|p2a: Dialga|3
|
|upkeep
|turn|2
|
|t:|1750784207
|switch|p2b: Regieleki|Regieleki, L50|100/100
|-item|p2b: Regieleki|Air Balloon
|move|p1a: Whimsicott|Light Screen|p1a: Whimsicott
|-sidestart|p1: Serbol03|move: Light Screen
|move|p1b: Urshifu|Surging Strikes|p2b: Regieleki
|-crit|p2b: Regieleki
|-damage|p2b: Regieleki|29/100
|-enditem|p2b: Regieleki|Air Balloon
|-crit|p2b: Regieleki
|-damage|p2b: Regieleki|0 fnt
|faint|p2b: Regieleki
|-hitcount|p2: Regieleki|2
|move|p2a: Dialga|Trick Room|p2a: Dialga
|-fieldstart|move: Trick Room|[of] p2a: Dialga
|
|upkeep
|
|t:|1750784230
|switch|p2b: Ursaluna|Ursaluna, L50, M|100/100
|turn|3
|
|t:|1750784238
|switch|p1b: Incineroar|Incineroar, L50, F|100/100
|-ability|p1b: Incineroar|Intimidate|boost
|-unboost|p2a: Dialga|atk|1
|-unboost|p2b: Ursaluna|atk|1
|move|p1a: Whimsicott|Encore|p2a: Dialga
|-start|p2a: Dialga|Encore
|move|p2b: Ursaluna|Earthquake|p1b: Incineroar|[spread] p1a,p1b
|-activate|p2a: Dialga|ability: Telepathy
|-resisted|p1a: Whimsicott
|-supereffective|p1b: Incineroar
|-damage|p1a: Whimsicott|85/100
|-damage|p1b: Incineroar|52/100
|move|p2a: Dialga|Trick Room|p2a: Dialga
|-fieldend|move: Trick Room
|
|-status|p2b: Ursaluna|brn|[from] item: Flame Orb
|upkeep
|turn|4
|inactive|Serbol03 has 30 seconds left.
|inactive|konkonmatcha has 30 seconds left.
|inactive|Serbol03 has 20 seconds left.
|inactive|Serbol03 has 15 seconds left.
|
|t:|1750784282
|move|p2b: Ursaluna|Protect|p2b: Ursaluna
|-singleturn|p2b: Ursaluna|Protect
|move|p1a: Whimsicott|Moonblast|p2a: Dialga
|-crit|p2a: Dialga
|-damage|p2a: Dialga|33/100
|move|p1b: Incineroar|Flare Blitz|p2a: Dialga
|-damage|p2a: Dialga|0 fnt
|faint|p2a: Dialga
|-damage|p1b: Incineroar|41/100|[from] Recoil
|
|-damage|p2b: Ursaluna|95/100 brn|[from] brn
|-sideend|p1: Serbol03|move: Tailwind
|upkeep
|
|t:|1750784293
|switch|p2a: Calyrex|Calyrex-Shadow, L50|100/100
|-ability|p2a: Calyrex|As One
|-ability|p2a: Calyrex|Unnerve
|turn|5
|inactive|Serbol03 has 30 seconds left.
|
|t:|1750784321
|-terastallize|p2a: Calyrex|Ghost
|move|p1a: Whimsicott|Tailwind|p1a: Whimsicott
|-sidestart|p1: Serbol03|move: Tailwind
|move|p2a: Calyrex|Astral Barrage|p1b: Incineroar|[spread] p1a,p1b
|-resisted|p1b: Incineroar
|-damage|p1a: Whimsicott|0 fnt
|-damage|p1b: Incineroar|11/100
|faint|p1a: Whimsicott
|-ability|p2a: Calyrex|Grim Neigh|boost
|-boost|p2a: Calyrex|spa|1
|move|p1b: Incineroar|Knock Off|p2a: Calyrex
|-supereffective|p2a: Calyrex
|-damage|p2a: Calyrex|8/100
|-enditem|p2a: Calyrex|Choice Specs|[from] move: Knock Off|[of] p1b: Incineroar
|move|p2b: Ursaluna|Facade|p1b: Incineroar
|-damage|p1b: Incineroar|0 fnt
|faint|p1b: Incineroar
|
|-damage|p2b: Ursaluna|89/100 brn|[from] brn
|upkeep
|
|t:|1750784339
|switch|p1a: Lunala|Lunala, L50|100/100
|switch|p1b: Urshifu|Urshifu-Rapid-Strike, L50, F|5/100
|turn|6
|
|t:|1750784359
|-terastallize|p1a: Lunala|Fairy
|move|p1b: Urshifu|Surging Strikes|p2b: Ursaluna
|-supereffective|p2b: Ursaluna
|-crit|p2b: Ursaluna
|-damage|p2b: Ursaluna|46/100 brn
|-supereffective|p2b: Ursaluna
|-crit|p2b: Ursaluna
|-damage|p2b: Ursaluna|0 fnt
|faint|p2b: Ursaluna
|-hitcount|p2: Ursaluna|2
|move|p1a: Lunala|Moongeist Beam|p2a: Calyrex
|-supereffective|p2a: Calyrex
|-damage|p2a: Calyrex|0 fnt
|faint|p2a: Calyrex
|
|win|Serbol03
|raw|Serbol03's rating: 1211 &rarr; <strong>1243</strong><br />(+32 for winning)
|raw|konkonmatcha's rating: 1315 &rarr; <strong>1289</strong><br />(-26 for losing)
