|j|☆Luka0320
|j|☆zhz2021
|t:|1750835421
|gametype|doubles
|player|p1|Luka0320|1|1640
|player|p2|zhz2021|marley|1549
|teamsize|p1|6
|teamsize|p2|6
|gen|9
|tier|[Gen 9] VGC 2025 Reg I
|rated|
|rule|Species Clause: Limit one of each Pokémon
|rule|Item Clause: Limit 1 of each item
|clearpoke
|poke|p1|Miraidon, L50|
|poke|p1|Calyrex-Ice, L50|
|poke|p1|Iron Hands, L50|
|poke|p1|Ogerpon-Hearthflame, L50, F|
|poke|p1|Farigiraf, L50, M|
|poke|p1|Whimsicott, L50, F|
|poke|p2|Murkrow, L50, F|
|poke|p2|Scream Tail, L50|
|poke|p2|Miraidon, L50|
|poke|p2|Annihilape, L50, F|
|poke|p2|Calyrex-Ice, L50|
|poke|p2|Araquanid, L50, F|
|teampreview|4
|inactive|Battle timer is ON: inactive players will automatically lose when time's up. (requested by zhz2021)
|inactive|Luka0320 has 60 seconds left.
|inactive|Luka0320 has 30 seconds left.
|inactive|Luka0320 has 20 seconds left.
|inactive|Luka0320 has 15 seconds left.
|inactive|Luka0320 has 10 seconds left.
|inactive|Luka0320 has 5 seconds left.
|
|t:|1750835543
|start
|switch|p1a: Miraidon|Miraidon, L50|100/100
|switch|p1b: Calyrex|Calyrex-Ice, L50|100/100
|switch|p2a: Murkrow|Murkrow, L50, F|100/100
|switch|p2b: Annihilape|Annihilape, L50, F|100/100
|-ability|p1b: Calyrex|As One
|-ability|p1b: Calyrex|Unnerve
|-fieldstart|move: Electric Terrain|[from] ability: Hadron Engine|[of] p1a: Miraidon
|turn|1
|inactive|Luka0320 has 30 seconds left.
|
|t:|1750835576
|-terastallize|p1b: Calyrex|Fire
|move|p1a: Miraidon|Volt Switch|p2b: Annihilape
|-damage|p2b: Annihilape|30/100
|
|t:|1750835583
|switch|p1a: Iron Hands|Iron Hands, L50|100/100|[from] Volt Switch
|-activate|p1a: Iron Hands|ability: Quark Drive
|-start|p1a: Iron Hands|quarkdriveatk
|move|p2b: Annihilape|Final Gambit|p1a: Iron Hands
|-damage|p1a: Iron Hands|76/100
|faint|p2b: Annihilape
|move|p2a: Murkrow|Foul Play|p1b: Calyrex
|-damage|p1b: Calyrex|65/100
|move|p1b: Calyrex|Glacial Lance|p2a: Murkrow
|-supereffective|p2a: Murkrow
|-enditem|p2a: Murkrow|Focus Sash
|-damage|p2a: Murkrow|1/100
|
|upkeep
|
|t:|1750835593
|switch|p2b: Miraidon|Miraidon, L50|100/100
|-activate|p2b: Miraidon|ability: Hadron Engine
|turn|2
|
|t:|1750835603
|switch|p2a: Calyrex|Calyrex-Ice, L50|100/100
|-ability|p2a: Calyrex|As One
|-ability|p2a: Calyrex|Unnerve
|move|p2b: Miraidon|Protect|p2b: Miraidon
|-singleturn|p2b: Miraidon|Protect
|move|p1a: Iron Hands|Fake Out|p2b: Miraidon
|-activate|p2b: Miraidon|move: Protect
|move|p1b: Calyrex|Glacial Lance|p2b: Miraidon|[spread] p2a
|-activate|p2b: Miraidon|move: Protect
|-resisted|p2a: Calyrex
|-damage|p2a: Calyrex|83/100
|
|upkeep
|turn|3
|inactive|Luka0320 has 30 seconds left.
|inactive|zhz2021 has 30 seconds left.
|
|t:|1750835636
|move|p1b: Calyrex|Protect|p1b: Calyrex
|-singleturn|p1b: Calyrex|Protect
|move|p2b: Miraidon|Electro Drift|p1b: Calyrex
|-activate|p1b: Calyrex|move: Protect
|move|p2a: Calyrex|High Horsepower|p1a: Iron Hands
|-supereffective|p1a: Iron Hands
|-damage|p1a: Iron Hands|31/100
|move|p1a: Iron Hands|Drain Punch|p2b: Miraidon
|-damage|p2b: Miraidon|58/100
|-heal|p1a: Iron Hands|48/100|[from] drain|[of] p2b: Miraidon
|
|upkeep
|turn|4
|inactive|Luka0320 has 30 seconds left.
|inactive|zhz2021 has 30 seconds left.
|
|t:|1750835663
|switch|p1b: Miraidon|Miraidon, L50|100/100
|-activate|p1b: Miraidon|ability: Hadron Engine
|move|p2b: Miraidon|Electro Drift|p1b: Miraidon
|-resisted|p1b: Miraidon
|-damage|p1b: Miraidon|75/100
|-damage|p2b: Miraidon|48/100|[from] item: Life Orb
|move|p2a: Calyrex|High Horsepower|p1a: Iron Hands
|-supereffective|p1a: Iron Hands
|-damage|p1a: Iron Hands|0 fnt
|faint|p1a: Iron Hands
|-end|p1a: Iron Hands|Quark Drive|[silent]
|-ability|p2a: Calyrex|Chilling Neigh|boost
|-boost|p2a: Calyrex|atk|1
|
|upkeep
|
|t:|1750835679
|switch|p1a: Ogerpon|Ogerpon-Hearthflame, L50, F|100/100
|-ability|p1a: Ogerpon|Mold Breaker
|turn|5
|inactive|zhz2021 has 30 seconds left.
|
|t:|1750835710
|move|p2b: Miraidon|Protect|p2b: Miraidon
|-singleturn|p2b: Miraidon|Protect
|move|p2a: Calyrex|Protect|p2a: Calyrex
|-singleturn|p2a: Calyrex|Protect
|move|p1b: Miraidon|Draco Meteor|p2b: Miraidon
|-activate|p2b: Miraidon|move: Protect
|move|p1a: Ogerpon|Ivy Cudgel|p2a: Calyrex|[anim] Ivy Cudgel Fire
|-activate|p2a: Calyrex|move: Protect
|
|-fieldend|move: Electric Terrain
|upkeep
|turn|6
|
|t:|1750835727
|-terastallize|p2a: Calyrex|Ground
|move|p1b: Miraidon|Draco Meteor|p2a: Calyrex
|-damage|p2a: Calyrex|38/100
|-unboost|p1b: Miraidon|spa|2
|move|p2b: Miraidon|Volt Switch|p1a: Ogerpon
|-resisted|p1a: Ogerpon
|-damage|p1a: Ogerpon|75/100
|-damage|p2b: Miraidon|38/100|[from] item: Life Orb
|
|t:|1750835742
|switch|p2b: Murkrow|Murkrow, L50, F|1/100|[from] Volt Switch
|move|p1a: Ogerpon|Ivy Cudgel|p2a: Calyrex|[anim] Ivy Cudgel Fire
|-crit|p2a: Calyrex
|-damage|p2a: Calyrex|0 fnt
|faint|p2a: Calyrex
|
|upkeep
|
|t:|1750835744
|switch|p2a: Miraidon|Miraidon, L50|38/100
|-fieldstart|move: Electric Terrain|[from] ability: Hadron Engine|[of] p2a: Miraidon
|turn|7
|
|t:|1750835761
|move|p1a: Ogerpon|Spiky Shield|p1a: Ogerpon
|-singleturn|p1a: Ogerpon|move: Protect
|move|p2b: Murkrow|Tailwind|p2b: Murkrow
|-sidestart|p2: zhz2021|move: Tailwind
|move|p2a: Miraidon|Draco Meteor|p1b: Miraidon
|-supereffective|p1b: Miraidon
|-damage|p1b: Miraidon|0 fnt
|-unboost|p2a: Miraidon|spa|2
|faint|p1b: Miraidon
|-damage|p2a: Miraidon|29/100|[from] item: Life Orb
|
|upkeep
|-message|zhz2021 forfeited.
|
|win|Luka0320
|raw|Luka0320's rating: 1640 &rarr; <strong>1656</strong><br />(+16 for winning)
|raw|zhz2021's rating: 1563 &rarr; <strong>1547</strong><br />(-16 for losing)
|l|☆zhz2021
|player|p2|
|l|☆Luka0320
|player|p1|
