|j|☆ForgotPasswordz
|j|☆patrickthisisnt
|t:|1750844409
|gametype|doubles
|player|p1|ForgotPasswordz|psychic-gen4|1337
|player|p2|patrickthisisnt|102|1303
|teamsize|p1|6
|teamsize|p2|6
|gen|9
|tier|[Gen 9] VGC 2025 Reg I
|rated|
|rule|Species Clause: Limit one of each Pokémon
|rule|Item Clause: Limit 1 of each item
|clearpoke
|poke|p1|Ho-Oh, L50|
|poke|p1|Eternatus, L50|
|poke|p1|Quagsire, L50, M|
|poke|p1|Grimmsnarl, L50, M|
|poke|p1|Ting-Lu, L50|
|poke|p1|Rhydon, L50, M|
|poke|p2|Koraidon, L50|
|poke|p2|Lunala, L50|
|poke|p2|Ursaluna, L50, F|
|poke|p2|Flutter Mane, L50|
|poke|p2|Brute Bonnet, L50|
|poke|p2|Raging Bolt, L50|
|teampreview|4
|inactive|Battle timer is ON: inactive players will automatically lose when time's up. (requested by patrickthisisnt)
patrickthisisnt has agreed to open team sheets.
|inactive|ForgotPasswordz has 60 seconds left.
|
|t:|1750844454
|start
|switch|p1a: Ho-Oh|Ho-Oh, L50|100/100
|switch|p1b: Eternatus|Eternatus, L50|100/100
|switch|p2a: frieza|Lunala, L50|100/100
|switch|p2b: piccolo|Brute Bonnet, L50|100/100
|-ability|p1b: Eternatus|Pressure
|turn|1
|
|t:|1750844471
|-terastallize|p1a: Ho-Oh|Grass
|-terastallize|p2b: piccolo|Water
|move|p1b: Eternatus|Fire Spin|p2a: frieza
|-damage|p2a: frieza|96/100
|-activate|p2a: frieza|move: Fire Spin|[of] p1b: Eternatus
|move|p2a: frieza|Meteor Beam||[still]
|-prepare|p2a: frieza|Meteor Beam
|-boost|p2a: frieza|spa|1
|-enditem|p2a: frieza|Power Herb
|-anim|p2a: frieza|Meteor Beam|p1a: Ho-Oh|[miss]
|-miss|p2a: frieza|p1a: Ho-Oh
|move|p1a: Ho-Oh|Sacred Fire|p2b: piccolo
|-resisted|p2b: piccolo
|-damage|p2b: piccolo|85/100
|move|p2b: piccolo|Spore|p1b: Eternatus
|-status|p1b: Eternatus|slp|[from] move: Spore
|
|-damage|p2a: frieza|84/100|[from] move: Fire Spin|[partiallytrapped]
|upkeep
|turn|2
|inactive|patrickthisisnt has 30 seconds left.
|
|t:|1750844504
|-end|p2b: piccolo|Protosynthesis|[silent]
|switch|p2b: broly|Ursaluna, L50, F|100/100
|cant|p1b: Eternatus|slp
|move|p2a: frieza|Moongeist Beam|p1a: Ho-Oh
|-damage|p1a: Ho-Oh|50/100
|move|p1a: Ho-Oh|Whirlwind|p2b: broly
|drag|p2b: goku|Koraidon, L50|100/100
|-weather|SunnyDay|[from] ability: Orichalcum Pulse|[of] p2b: goku
|-activate|p2b: goku|Orichalcum Pulse|[source]
|
|-weather|SunnyDay|[upkeep]
|-damage|p2a: frieza|72/100|[from] move: Fire Spin|[partiallytrapped]
|upkeep
|turn|3
|
|t:|1750844519
|switch|p1a: Grimmsnarl|Grimmsnarl, L50, M|100/100
|move|p2b: goku|Flame Charge|p1a: Grimmsnarl
|-damage|p1a: Grimmsnarl|68/100
|-boost|p2b: goku|spe|1
|cant|p1b: Eternatus|slp
|move|p2a: frieza|Moongeist Beam|p1b: Eternatus
|-damage|p1b: Eternatus|48/100 slp
|
|-weather|SunnyDay|[upkeep]
|-damage|p2a: frieza|59/100|[from] move: Fire Spin|[partiallytrapped]
|upkeep
|turn|4
|
|t:|1750844542
|switch|p2b: broly|Ursaluna, L50, F|100/100
|move|p1a: Grimmsnarl|Light Screen|p1a: Grimmsnarl
|-sidestart|p1: ForgotPasswordz|move: Light Screen
|cant|p1b: Eternatus|slp
|move|p2a: frieza|Moongeist Beam|p1b: Eternatus
|-damage|p1b: Eternatus|13/100 slp
|
|-weather|SunnyDay|[upkeep]
|-damage|p2a: frieza|47/100|[from] move: Fire Spin|[partiallytrapped]
|-status|p2b: broly|brn|[from] item: Flame Orb
|upkeep
|turn|5
|
|t:|1750844561
|move|p1a: Grimmsnarl|Reflect|p1a: Grimmsnarl
|-sidestart|p1: ForgotPasswordz|Reflect
|-curestatus|p1b: Eternatus|slp|[msg]
|move|p1b: Eternatus|Cosmic Power|p1b: Eternatus
|-boost|p1b: Eternatus|def|1
|-boost|p1b: Eternatus|spd|1
|move|p2a: frieza|Moongeist Beam|p1b: Eternatus
|-damage|p1b: Eternatus|0 fnt
|faint|p1b: Eternatus
|move|p2b: broly|Headlong Rush|p1a: Grimmsnarl
|-damage|p1a: Grimmsnarl|10/100
|-unboost|p2b: broly|def|1
|-unboost|p2b: broly|spd|1
|
|-weather|SunnyDay|[upkeep]
|-damage|p2b: broly|95/100 brn|[from] brn
|-end|p2a: frieza|Fire Spin|[partiallytrapped]|[silent]
|upkeep
|
|t:|1750844565
|switch|p1b: Ho-Oh|Ho-Oh, L50, tera:Grass|83/100
|turn|6
|
|t:|1750844584
|switch|p2a: goku|Koraidon, L50|100/100
|-activate|p2a: goku|ability: Orichalcum Pulse
|move|p1a: Grimmsnarl|Thunder Wave|p2a: goku
|-status|p2a: goku|par
|move|p1b: Ho-Oh|Life Dew|p1b: Ho-Oh|[spread] p1a,p1b
|-heal|p1a: Grimmsnarl|36/100
|-heal|p1b: Ho-Oh|100/100
|move|p2b: broly|Facade|p1a: Grimmsnarl
|-damage|p1a: Grimmsnarl|0 fnt
|faint|p1a: Grimmsnarl
|
|-weather|none
|-damage|p2b: broly|89/100 brn|[from] brn
|upkeep
|
|t:|1750844603
|switch|p1a: Quagsire|Quagsire, L50, M|100/100
|turn|7
|
|t:|1750844625
|switch|p2a: piccolo|Brute Bonnet, L50, tera:Water|85/100
|move|p2b: broly|Facade|p1a: Quagsire
|-damage|p1a: Quagsire|42/100
|move|p1a: Quagsire|Earth Power|p2a: piccolo
|-crit|p2a: piccolo
|-damage|p2a: piccolo|58/100
|move|p1b: Ho-Oh|Whirlwind|p2b: broly
|drag|p2b: frieza|Lunala, L50|47/100
|
|-heal|p1a: Quagsire|48/100|[from] item: Leftovers
|upkeep
|turn|8
|
|t:|1750844637
|move|p2b: frieza|Moongeist Beam|p1b: Ho-Oh
|-damage|p1b: Ho-Oh|80/100
|move|p1b: Ho-Oh|Sacred Fire|p2b: frieza
|-damage|p2b: frieza|6/100
|-status|p2b: frieza|brn
|move|p2a: piccolo|Seed Bomb|p1a: Quagsire
|-supereffective|p1a: Quagsire
|-damage|p1a: Quagsire|0 fnt
|faint|p1a: Quagsire
|
|-damage|p2b: frieza|0 fnt|[from] brn
|faint|p2b: frieza
|upkeep
|
|t:|1750844638
|switch|p2b: goku|Koraidon, L50|100/100 par
|-weather|SunnyDay|[from] ability: Orichalcum Pulse|[of] p2b: goku
|-activate|p2a: piccolo|ability: Protosynthesis
|-start|p2a: piccolo|protosynthesisdef
|-activate|p2b: goku|Orichalcum Pulse|[source]
|turn|9
|-message|ForgotPasswordz forfeited.
|
|win|patrickthisisnt
|raw|ForgotPasswordz's rating: 1337 &rarr; <strong>1315</strong><br />(-22 for losing)
|raw|patrickthisisnt's rating: 1303 &rarr; <strong>1325</strong><br />(+22 for winning)
|l|☆ForgotPasswordz
|player|p1|
|l|☆patrickthisisnt
|player|p2|
