|j|☆senhoritalo_test2
|j|☆totma
|t:|1750855641
|gametype|doubles
|player|p1|senhoritalo_test2|265|1332
|player|p2|totma|unknown|1396
|teamsize|p1|6
|teamsize|p2|6
|gen|9
|tier|[Gen 9] VGC 2025 Reg I
|rated|
|rule|Species Clause: Limit one of each Pokémon
|rule|Item Clause: Limit 1 of each item
|clearpoke
|poke|p1|Miraidon, L50|
|poke|p1|Zamazenta-*, L50|
|poke|p1|Farigiraf, L50, F|
|poke|p1|Ogerpon-Cornerstone, L50, F|
|poke|p1|Iron Valiant, L50|
|poke|p1|Chien-Pao, L50|
|poke|p2|Miraidon, L50|
|poke|p2|Hitmontop, L50, M|
|poke|p2|Calyrex-Ice, L50|
|poke|p2|Iron Hands, L50|
|poke|p2|Farigiraf, L50, M|
|poke|p2|Chi-Yu, L50|
|teampreview|4
|j| Sdold1
|inactive|Battle timer is ON: inactive players will automatically lose when time's up. (requested by senhoritalo_test2)
senhoritalo_test2 rejected open team sheets.
|
|t:|1750855700
|start
|switch|p1a: Chien-Pao|Chien-Pao, L50|100/100
|switch|p1b: Miraidon|Miraidon, L50|100/100
|switch|p2a: Miraidon|Miraidon, L50|100/100
|switch|p2b: Chi-Yu|Chi-Yu, L50|100/100
|-fieldstart|move: Electric Terrain|[from] ability: Hadron Engine|[of] p2a: Miraidon
|-activate|p1b: Miraidon|ability: Hadron Engine
|-ability|p1a: Chien-Pao|Sword of Ruin
|-ability|p2b: Chi-Yu|Beads of Ruin
|turn|1
|inactive|senhoritalo_test2 has 30 seconds left.
|
|t:|1750855726
|-terastallize|p1b: Miraidon|Fairy
|move|p2a: Miraidon|Volt Switch|p1b: Miraidon
|-damage|p1b: Miraidon|29/100
|
|t:|1750855734
|switch|p2a: Hitmontop|Hitmontop, L50, M|100/100|[from] Volt Switch
|-ability|p2a: Hitmontop|Intimidate|boost
|-unboost|p1a: Chien-Pao|atk|1
|-unboost|p1b: Miraidon|atk|1
|move|p1b: Miraidon|Dazzling Gleam|p2b: Chi-Yu|[spread] p2a,p2b
|-supereffective|p2a: Hitmontop
|-damage|p2a: Hitmontop|0 fnt
|-damage|p2b: Chi-Yu|34/100
|faint|p2a: Hitmontop
|move|p1a: Chien-Pao|Ice Spinner|p2b: Chi-Yu
|-resisted|p2b: Chi-Yu
|-damage|p2b: Chi-Yu|4/100
|-fieldend|move: Electric Terrain
|move|p2b: Chi-Yu|Heat Wave|p1a: Chien-Pao|[spread] p1a,p1b
|-supereffective|p1a: Chien-Pao
|-enditem|p1a: Chien-Pao|Focus Sash
|-damage|p1a: Chien-Pao|1/100
|-damage|p1b: Miraidon|0 fnt
|faint|p1b: Miraidon
|
|upkeep
|
|t:|1750855757
|switch|p1b: Farigiraf|Farigiraf, L50, F|100/100
|switch|p2a: Miraidon|Miraidon, L50|100/100
|-fieldstart|move: Electric Terrain|[from] ability: Hadron Engine|[of] p2a: Miraidon
|-enditem|p1b: Farigiraf|Electric Seed
|-boost|p1b: Farigiraf|def|1|[from] item: Electric Seed
|turn|2
|
|t:|1750855777
|move|p1a: Chien-Pao|Sucker Punch|p2b: Chi-Yu
|-resisted|p2b: Chi-Yu
|-damage|p2b: Chi-Yu|0 fnt
|faint|p2b: Chi-Yu
|move|p2a: Miraidon|Snarl|p1a: Chien-Pao|[spread] p1a,p1b
|-resisted|p1a: Chien-Pao
|-supereffective|p1b: Farigiraf
|-damage|p1a: Chien-Pao|0 fnt
|-damage|p1b: Farigiraf|65/100
|-unboost|p1b: Farigiraf|spa|1
|faint|p1a: Chien-Pao
|move|p1b: Farigiraf|Psychic|p2a: Miraidon
|-damage|p2a: Miraidon|80/100
|
|upkeep
|
|t:|1750855789
|switch|p1a: Zamazenta|Zamazenta-Crowned, L50|100/100
|switch|p2b: Calyrex|Calyrex-Ice, L50|100/100
|-ability|p2b: Calyrex|As One
|-ability|p2b: Calyrex|Unnerve
|-ability|p1a: Zamazenta|Dauntless Shield|boost
|-boost|p1a: Zamazenta|def|1
|turn|3
|
|t:|1750855801
|move|p1a: Zamazenta|Wide Guard|p1a: Zamazenta
|-singleturn|p1a: Zamazenta|Wide Guard
|move|p2a: Miraidon|Snarl|p1b: Farigiraf|[spread] 
|-activate|p1a: Zamazenta|move: Wide Guard
|-activate|p1b: Farigiraf|move: Wide Guard
|move|p1b: Farigiraf|Foul Play|p2b: Calyrex
|-supereffective|p2b: Calyrex
|-damage|p2b: Calyrex|46/100
|move|p2b: Calyrex|High Horsepower|p1a: Zamazenta
|-supereffective|p1a: Zamazenta
|-damage|p1a: Zamazenta|71/100
|
|upkeep
|turn|4
|
|t:|1750855817
|-terastallize|p2b: Calyrex|Fire
|move|p1a: Zamazenta|Wide Guard|p1a: Zamazenta
|-singleturn|p1a: Zamazenta|Wide Guard
|move|p2a: Miraidon|Snarl|p1a: Zamazenta|[spread] 
|-activate|p1a: Zamazenta|move: Wide Guard
|-activate|p1b: Farigiraf|move: Wide Guard
|move|p1b: Farigiraf|Foul Play|p2b: Calyrex
|-damage|p2b: Calyrex|18/100
|move|p2b: Calyrex|High Horsepower|p1a: Zamazenta
|-supereffective|p1a: Zamazenta
|-damage|p1a: Zamazenta|40/100
|
|upkeep
|turn|5
|
|t:|1750855834
|move|p1a: Zamazenta|Wide Guard|p1a: Zamazenta
|-singleturn|p1a: Zamazenta|Wide Guard
|move|p2a: Miraidon|Snarl|p1a: Zamazenta|[spread] 
|-activate|p1a: Zamazenta|move: Wide Guard
|-activate|p1b: Farigiraf|move: Wide Guard
|move|p1b: Farigiraf|Foul Play|p2b: Calyrex
|-crit|p2b: Calyrex
|-damage|p2b: Calyrex|0 fnt
|faint|p2b: Calyrex
|
|upkeep
|turn|6
|-message|totma forfeited.
|
|win|senhoritalo_test2
|raw|senhoritalo_test2's rating: 1332 &rarr; <strong>1356</strong><br />(+24 for winning)
|raw|totma's rating: 1396 &rarr; <strong>1372</strong><br />(-24 for losing)
|l|☆totma
|player|p2|
|l|☆senhoritalo_test2
|player|p1|
