|j|☆Mishima14
|j|☆Lei43
|t:|1750743571
|gametype|doubles
|player|p1|Mishima14|101|1648
|player|p2|Lei43|unknown|1542
|teamsize|p1|6
|teamsize|p2|6
|gen|9
|tier|[Gen 9] VGC 2025 Reg I
|rated|
|rule|Species Clause: Limit one of each Pokémon
|rule|Item Clause: Limit 1 of each item
|clearpoke
|poke|p1|Calyrex-Ice, L50|
|poke|p1|Incineroar, L50, F|
|poke|p1|Landorus, L50, M|
|poke|p1|Farigiraf, L50, M|
|poke|p1|Miraidon, L50|
|poke|p1|Urshifu-*, L50, F|
|poke|p2|Zamazenta-*, L50|
|poke|p2|Chien-Pao, L50|
|poke|p2|Grimmsnarl, L50, M|
|poke|p2|Volcarona, L50, F|
|poke|p2|Iron Hands, L50|
|poke|p2|Miraidon, L50|
|teampreview|4
|inactive|Battle timer is ON: inactive players will automatically lose when time's up. (requested by Mishima14)
|j| weiyumo
|l| weiyumo
|inactive|Mishima14 has 60 seconds left.
|inactive|Lei43 has 60 seconds left.
|
|t:|1750743615
|start
|switch|p1a: Miraidon|Miraidon, L50|100/100
|switch|p1b: Urshifu|Urshifu-Rapid-Strike, L50, F|100/100
|switch|p2a: Zamazenta|Zamazenta-Crowned, L50|100/100
|switch|p2b: Chien-Pao|Chien-Pao, L50|100/100
|-fieldstart|move: Electric Terrain|[from] ability: Hadron Engine|[of] p1a: Miraidon
|-ability|p2b: Chien-Pao|Sword of Ruin
|-ability|p2a: Zamazenta|Dauntless Shield|boost
|-boost|p2a: Zamazenta|def|1
|turn|1
|
|t:|1750743638
|move|p1a: Miraidon|Volt Switch|p2b: Chien-Pao
|-enditem|p2b: Chien-Pao|Focus Sash
|-damage|p2b: Chien-Pao|1/100
|
|t:|1750743641
|switch|p1a: Calyrex|Calyrex-Ice, L50|100/100|[from] Volt Switch
|-ability|p1a: Calyrex|As One
|-ability|p1a: Calyrex|Unnerve
|move|p2b: Chien-Pao|Icicle Crash|p1a: Calyrex
|-resisted|p1a: Calyrex
|-damage|p1a: Calyrex|83/100
|move|p2a: Zamazenta|Body Press|p1b: Urshifu
|-damage|p1b: Urshifu|3/100
|move|p1b: Urshifu|U-turn|p2b: Chien-Pao
|-supereffective|p2b: Chien-Pao
|-damage|p2b: Chien-Pao|0 fnt
|faint|p2b: Chien-Pao
|
|t:|1750743654
|switch|p1b: Landorus|Landorus, L50, M|100/100|[from] U-turn
|
|-heal|p1a: Calyrex|89/100|[from] item: Leftovers
|upkeep
|
|t:|1750743659
|switch|p2b: Miraidon|Miraidon, L50|100/100
|-activate|p2b: Miraidon|ability: Hadron Engine
|turn|2
|
|t:|1750743666
|-terastallize|p2b: Miraidon|Fairy
|move|p2b: Miraidon|Dazzling Gleam|p1a: Calyrex|[spread] p1a,p1b
|-damage|p1a: Calyrex|50/100
|-damage|p1b: Landorus|27/100
|move|p2a: Zamazenta|Body Press|p1b: Landorus
|-resisted|p1b: Landorus
|-damage|p1b: Landorus|0 fnt
|faint|p1b: Landorus
|move|p1a: Calyrex|Leech Seed|p2a: Zamazenta
|-start|p2a: Zamazenta|move: Leech Seed
|
|-heal|p1a: Calyrex|56/100|[from] item: Leftovers
|-damage|p2a: Zamazenta|88/100|[from] Leech Seed|[of] p1a: Calyrex
|-heal|p1a: Calyrex|67/100|[silent]
|upkeep
|
|t:|1750743678
|switch|p1b: Miraidon|Miraidon, L50|100/100
|-activate|p1b: Miraidon|ability: Hadron Engine
|turn|3
|
|t:|1750743691
|move|p1b: Miraidon|Electro Drift|p2b: Miraidon
|-crit|p2b: Miraidon
|-damage|p2b: Miraidon|0 fnt
|faint|p2b: Miraidon
|move|p2a: Zamazenta|Behemoth Bash|p1a: Calyrex
|-supereffective|p1a: Calyrex
|-damage|p1a: Calyrex|15/100
|move|p1a: Calyrex|Trick Room|p1a: Calyrex
|-fieldstart|move: Trick Room|[of] p1a: Calyrex
|
|-heal|p1a: Calyrex|21/100|[from] item: Leftovers
|-damage|p2a: Zamazenta|76/100|[from] Leech Seed|[of] p1a: Calyrex
|-heal|p1a: Calyrex|32/100|[silent]
|upkeep
|
|t:|1750743699
|switch|p2b: Iron Hands|Iron Hands, L50|100/100
|-activate|p2b: Iron Hands|ability: Quark Drive
|-start|p2b: Iron Hands|quarkdriveatk
|turn|4
|
|t:|1750743707
|switch|p1b: Urshifu|Urshifu-Rapid-Strike, L50, F|3/100
|move|p1a: Calyrex|Protect|p1a: Calyrex
|-singleturn|p1a: Calyrex|Protect
|move|p2b: Iron Hands|Low Kick|p1a: Calyrex
|-activate|p1a: Calyrex|move: Protect
|move|p2a: Zamazenta|Body Press|p1b: Urshifu
|-damage|p1b: Urshifu|0 fnt
|faint|p1b: Urshifu
|
|-heal|p1a: Calyrex|38/100|[from] item: Leftovers
|-damage|p2a: Zamazenta|63/100|[from] Leech Seed|[of] p1a: Calyrex
|-heal|p1a: Calyrex|50/100|[silent]
|upkeep
|
|t:|1750743717
|switch|p1b: Miraidon|Miraidon, L50|100/100
|-activate|p1b: Miraidon|ability: Hadron Engine
|turn|5
|
|t:|1750743742
|-terastallize|p1a: Calyrex|Water
|move|p2b: Iron Hands|Low Kick|p1b: Miraidon
|-damage|p1b: Miraidon|13/100
|move|p2a: Zamazenta|Body Press|p1b: Miraidon
|-damage|p1b: Miraidon|0 fnt
|faint|p1b: Miraidon
|move|p1a: Calyrex|Trick Room|p1a: Calyrex
|-fieldend|move: Trick Room
|
|-heal|p1a: Calyrex|56/100|[from] item: Leftovers
|-damage|p2a: Zamazenta|51/100|[from] Leech Seed|[of] p1a: Calyrex
|-heal|p1a: Calyrex|67/100|[silent]
|-fieldend|move: Electric Terrain
|-end|p2b: Iron Hands|Quark Drive
|upkeep
|turn|6
|
|t:|1750743758
|move|p1a: Calyrex|Protect|p1a: Calyrex
|-singleturn|p1a: Calyrex|Protect
|move|p2a: Zamazenta|Body Press|p1a: Calyrex
|-activate|p1a: Calyrex|move: Protect
|move|p2b: Iron Hands|Wild Charge|p1a: Calyrex
|-activate|p1a: Calyrex|move: Protect
|
|-heal|p1a: Calyrex|73/100|[from] item: Leftovers
|-damage|p2a: Zamazenta|39/100|[from] Leech Seed|[of] p1a: Calyrex
|-heal|p1a: Calyrex|85/100|[silent]
|upkeep
|turn|7
|
|t:|1750743771
|move|p2a: Zamazenta|Body Press|p1a: Calyrex
|-damage|p1a: Calyrex|37/100
|move|p1a: Calyrex|Leech Seed|p2b: Iron Hands
|-start|p2b: Iron Hands|move: Leech Seed
|move|p2b: Iron Hands|Wild Charge|p1a: Calyrex
|-supereffective|p1a: Calyrex
|-crit|p1a: Calyrex
|-damage|p1a: Calyrex|0 fnt
|faint|p1a: Calyrex
|-damage|p2b: Iron Hands|93/100|[from] Recoil
|
|win|Lei43
|raw|Mishima14's rating: 1648 &rarr; <strong>1622</strong><br />(-26 for losing)
|raw|Lei43's rating: 1542 &rarr; <strong>1568</strong><br />(+26 for winning)
|l|☆Mishima14
|player|p1|
|l|☆Lei43
|player|p2|
