|j|☆jabuticabo
|j|☆mrgoma2022
|t:|1750861617
|gametype|doubles
|player|p1|jabuticabo|2|1063
|player|p2|mrgoma2022|170|1098
|teamsize|p1|6
|teamsize|p2|6
|gen|9
|tier|[Gen 9] VGC 2025 Reg I
|rated|
|rule|Species Clause: Limit one of each Pokémon
|rule|Item Clause: Limit 1 of each item
|clearpoke
|poke|p1|Incineroar, L50, M|
|poke|p1|Urshifu-*, L50, F|
|poke|p1|Calyrex-Ice, L50|
|poke|p1|Amoonguss, L50, M|
|poke|p1|Kyogre, L50|
|poke|p1|Tornadus, L50, M|
|poke|p2|Torterra, L50, F|
|poke|p2|Latios, L50, M|
|poke|p2|Dialga, L50|
|poke|p2|Kyogre, L50|
|poke|p2|Iron Hands, L50|
|poke|p2|Empoleon, L50, F|
|teampreview|4
|
|t:|1750861657
|start
|switch|p1a: Urshifu|Urshifu-Rapid-Strike, L50, F|100/100
|switch|p1b: Calyrex|Calyrex-Ice, L50|100/100
|switch|p2a: Empoleon|Empoleon, L50, F, shiny|100/100
|switch|p2b: Latios|Latios, L50, M|100/100
|-ability|p1b: Calyrex|As One
|-ability|p1b: Calyrex|Unnerve
|turn|1
|inactive|Battle timer is ON: inactive players will automatically lose when time's up. (requested by jabuticabo)
|
|t:|1750861700
|move|p2b: Latios|Ally Switch|p2b: Latios
|swap|p2b: Latios|0|[from] move: Ally Switch
|move|p1a: Urshifu|Coaching|p1b: Calyrex
|-boost|p1b: Calyrex|atk|1
|-boost|p1b: Calyrex|def|1
|move|p2b: Empoleon|Flash Cannon|p1b: Calyrex
|-supereffective|p1b: Calyrex
|-damage|p1b: Calyrex|51/100
|move|p1b: Calyrex|Trick Room|p1b: Calyrex
|-fieldstart|move: Trick Room|[of] p1b: Calyrex
|
|upkeep
|turn|2
|
|t:|1750861719
|switch|p2b: Iron Hands|Iron Hands, L50, shiny|100/100
|move|p1b: Calyrex|Glacial Lance|p2a: Latios|[spread] p2a,p2b
|-supereffective|p2a: Latios
|-damage|p2a: Latios|0 fnt
|-damage|p2b: Iron Hands|43/100
|faint|p2a: Latios
|-ability|p1b: Calyrex|Chilling Neigh|boost
|-boost|p1b: Calyrex|atk|1
|move|p1a: Urshifu|Close Combat|p2b: Iron Hands
|-damage|p2b: Iron Hands|5/100
|-unboost|p1a: Urshifu|def|1
|-unboost|p1a: Urshifu|spd|1
|
|upkeep
|
|t:|1750861732
|switch|p2a: Kyogre|Kyogre, L50|100/100
|-weather|RainDance|[from] ability: Drizzle|[of] p2a: Kyogre
|turn|3
|
|t:|1750861751
|-terastallize|p2a: Kyogre|Water
|move|p2b: Iron Hands|Fake Out|p1b: Calyrex
|-damage|p1b: Calyrex|44/100
|cant|p1b: Calyrex|flinch
|move|p2a: Kyogre|Water Spout|p1a: Urshifu|[spread] p1a,p1b
|-resisted|p1a: Urshifu
|-enditem|p1a: Urshifu|Focus Sash
|-damage|p1a: Urshifu|1/100
|-damage|p1b: Calyrex|0 fnt
|faint|p1b: Calyrex
|move|p1a: Urshifu|Coaching|p1: Calyrex|[notarget]
|-fail|p1a: Urshifu
|
|-weather|RainDance|[upkeep]
|upkeep
|
|t:|1750861769
|switch|p1b: Amoonguss|Amoonguss, L50, M|100/100
|turn|4
|
|t:|1750861791
|move|p1a: Urshifu|Aqua Jet|p2b: Iron Hands
|-damage|p2b: Iron Hands|0 fnt
|faint|p2b: Iron Hands
|-end|p2b: Iron Hands|Quark Drive|[silent]
|move|p1b: Amoonguss|Spore|p2a: Kyogre
|-status|p2a: Kyogre|slp|[from] move: Spore
|cant|p2a: Kyogre|slp
|
|-weather|RainDance|[upkeep]
|upkeep
|
|t:|1750861799
|switch|p2b: Empoleon|Empoleon, L50, F, shiny|100/100
|turn|5
|
|t:|1750861813
|-curestatus|p2a: Kyogre|slp|[msg]
|move|p2a: Kyogre|Protect|p2a: Kyogre
|-singleturn|p2a: Kyogre|Protect
|move|p1b: Amoonguss|Pollen Puff|p1a: Urshifu
|-heal|p1a: Urshifu|51/100
|move|p2b: Empoleon|Flash Cannon|p1a: Urshifu
|-resisted|p1a: Urshifu
|-crit|p1a: Urshifu
|-damage|p1a: Urshifu|0 fnt
|faint|p1a: Urshifu
|
|-weather|RainDance|[upkeep]
|-fieldend|move: Trick Room
|upkeep
|
|t:|1750861828
|switch|p1a: Incineroar|Incineroar, L50, M|100/100
|-ability|p1a: Incineroar|Intimidate|boost
|-unboost|p2a: Kyogre|atk|1
|-unboost|p2b: Empoleon|atk|1
|-ability|p2b: Empoleon|Competitive|boost
|-boost|p2b: Empoleon|spa|2
|turn|6
|
|t:|1750861843
|move|p1a: Incineroar|Fake Out|p2a: Kyogre
|-damage|p2a: Kyogre|92/100
|move|p1b: Amoonguss|Rage Powder|p1b: Amoonguss
|-singleturn|p1b: Amoonguss|move: Rage Powder
|move|p2b: Empoleon|Flash Cannon|p1b: Amoonguss
|-damage|p1b: Amoonguss|34/100
|-enditem|p1b: Amoonguss|Sitrus Berry|[eat]
|-heal|p1b: Amoonguss|59/100|[from] item: Sitrus Berry
|cant|p2a: Kyogre|flinch
|
|-weather|RainDance|[upkeep]
|upkeep
|turn|7
|inactive|jabuticabo has 30 seconds left.
|inactive|jabuticabo has 20 seconds left.
|inactive|jabuticabo has 15 seconds left.
|inactive|jabuticabo has 10 seconds left.
|
|t:|1750861890
|-terastallize|p1b: Amoonguss|Grass
|move|p2b: Empoleon|Flash Cannon|p1b: Amoonguss
|-crit|p1b: Amoonguss
|-damage|p1b: Amoonguss|0 fnt
|faint|p1b: Amoonguss
|move|p2a: Kyogre|Water Spout|p1a: Incineroar
|-supereffective|p1a: Incineroar
|-damage|p1a: Incineroar|0 fnt
|faint|p1a: Incineroar
|
|win|mrgoma2022
|raw|jabuticabo's rating: 1063 &rarr; <strong>1046</strong><br />(-17 for losing)
|raw|mrgoma2022's rating: 1098 &rarr; <strong>1121</strong><br />(+23 for winning)
|l|☆jabuticabo
|player|p1|
|l|☆mrgoma2022
|player|p2|
