|j|☆Jaker0125
|j|☆MalteseShark
|t:|1750861915
|gametype|doubles
|player|p1|Jaker0125|red|1355
|player|p2|MalteseShark|acetrainer-gen4dp|1424
|teamsize|p1|6
|teamsize|p2|6
|gen|9
|tier|[Gen 9] VGC 2025 Reg I
|rated|
|rule|Species Clause: Limit one of each Pokémon
|rule|Item Clause: Limit 1 of each item
|clearpoke
|poke|p1|Calyrex-Ice, L50|
|poke|p1|Kyogre, L50|
|poke|p1|Blastoise, L50, F|
|poke|p1|Amoonguss, L50, M|
|poke|p1|Flutter Mane, L50|
|poke|p1|Kingdra, L50, M|
|poke|p2|Miraidon, L50|
|poke|p2|Calyrex-Ice, L50|
|poke|p2|Amoonguss, L50, F|
|poke|p2|Flutter Mane, L50|
|poke|p2|Garchomp, L50, M|
|poke|p2|Ogerpon-Wellspring, L50, F|
|teampreview|4
|inactive|Battle timer is ON: inactive players will automatically lose when time's up. (requested by Jaker0125)
|inactive|Jaker0125 has 60 seconds left.
|
|t:|1750861966
|start
|switch|p1a: Blastoise|Blastoise, L50, F|100/100
|switch|p1b: Kyogre|Kyogre, L50|100/100
|switch|p2a: Calyrex|Calyrex-Ice, L50|100/100
|switch|p2b: Amoonguss|Amoonguss, L50, F|100/100
|-ability|p2a: Calyrex|As One
|-ability|p2a: Calyrex|Unnerve
|-weather|RainDance|[from] ability: Drizzle|[of] p1b: Kyogre
|turn|1
|inactive|Jaker0125 has 30 seconds left.
|inactive|MalteseShark has 30 seconds left.
|inactive|Jaker0125 has 20 seconds left.
|inactive|MalteseShark has 20 seconds left.
|inactive|Jaker0125 has 15 seconds left.
|inactive|MalteseShark has 15 seconds left.
|inactive|Jaker0125 has 10 seconds left.
|inactive|Jaker0125 has 5 seconds left.
|
|t:|1750862017
|switch|p2a: Ogerpon|Ogerpon-Wellspring, L50, F|100/100
|move|p1a: Blastoise|Fake Out|p2b: Amoonguss
|-damage|p2b: Amoonguss|94/100
|move|p1b: Kyogre|Water Spout|p2a: Ogerpon|[spread] p2b
|-immune|p2a: Ogerpon|[from] ability: Water Absorb
|-resisted|p2b: Amoonguss
|-damage|p2b: Amoonguss|36/100
|move|p2b: Amoonguss|Spore|p1b: Kyogre
|-status|p1b: Kyogre|slp|[from] move: Spore
|
|-weather|RainDance|[upkeep]
|upkeep
|turn|2
|inactive|Jaker0125 has 30 seconds left.
|inactive|Jaker0125 has 20 seconds left.
|inactive|Jaker0125 has 15 seconds left.
|inactive|Jaker0125 has 10 seconds left.
|inactive|Jaker0125 has 5 seconds left.
|
|t:|1750862068
|switch|p2b: Miraidon|Miraidon, L50|100/100
|-fieldstart|move: Electric Terrain|[from] ability: Hadron Engine|[of] p2b: Miraidon
|-enditem|p2b: Miraidon|Electric Seed
|-boost|p2b: Miraidon|def|1|[from] item: Electric Seed
|cant|p1b: Kyogre|slp
|move|p2a: Ogerpon|Ivy Cudgel|p1b: Kyogre|[anim] Ivy Cudgel Water
|-resisted|p1b: Kyogre
|-damage|p1b: Kyogre|61/100 slp
|move|p1a: Blastoise|Flip Turn|p2b: Miraidon
|-resisted|p2b: Miraidon
|-damage|p2b: Miraidon|93/100
|
|t:|1750862084
|switch|p1a: Amoonguss|Amoonguss, L50, M|100/100|[from] Flip Turn
|
|-weather|RainDance|[upkeep]
|upkeep
|turn|3
|
|t:|1750862104
|-terastallize|p1b: Kyogre|Grass
|move|p2b: Miraidon|Calm Mind|p2b: Miraidon
|-boost|p2b: Miraidon|spa|1
|-boost|p2b: Miraidon|spd|1
|-curestatus|p1b: Kyogre|slp|[msg]
|move|p1b: Kyogre|Origin Pulse|p2a: Ogerpon|[spread] p2b
|-immune|p2a: Ogerpon|[from] ability: Water Absorb
|-resisted|p2b: Miraidon
|-damage|p2b: Miraidon|69/100
|move|p2a: Ogerpon|Ivy Cudgel|p1b: Kyogre|[anim] Ivy Cudgel Water
|-resisted|p1b: Kyogre
|-damage|p1b: Kyogre|24/100
|move|p1a: Amoonguss|Sludge Bomb|p2a: Ogerpon
|-supereffective|p2a: Ogerpon
|-damage|p2a: Ogerpon|52/100
|
|-weather|RainDance|[upkeep]
|upkeep
|turn|4
|inactive|Jaker0125 has 30 seconds left.
|inactive|MalteseShark has 30 seconds left.
|inactive|MalteseShark has 20 seconds left.
|inactive|MalteseShark has 15 seconds left.
|
|t:|1750862145
|switch|p2a: Amoonguss|Amoonguss, L50, F|69/100
|move|p1a: Amoonguss|Rage Powder|p1a: Amoonguss
|-singleturn|p1a: Amoonguss|move: Rage Powder
|move|p2b: Miraidon|Electro Drift|p1a: Amoonguss
|-resisted|p1a: Amoonguss
|-damage|p1a: Amoonguss|58/100
|move|p1b: Kyogre|Origin Pulse|p2b: Miraidon|[spread] p2a
|-miss|p1b: Kyogre|p2b: Miraidon
|-resisted|p2a: Amoonguss
|-damage|p2a: Amoonguss|28/100
|
|-weather|RainDance|[upkeep]
|upkeep
|turn|5
|
|t:|1750862166
|-terastallize|p2b: Miraidon|Electric
|move|p2a: Amoonguss|Protect|p2a: Amoonguss
|-singleturn|p2a: Amoonguss|Protect
|move|p1a: Amoonguss|Rage Powder|p1a: Amoonguss
|-singleturn|p1a: Amoonguss|move: Rage Powder
|move|p2b: Miraidon|Parabolic Charge|p1b: Kyogre|[spread] p1a,p1b
|-activate|p2a: Amoonguss|move: Protect
|-resisted|p1a: Amoonguss
|-resisted|p1b: Kyogre
|-damage|p1a: Amoonguss|27/100
|-heal|p2b: Miraidon|85/100|[from] drain|[of] p1a: Amoonguss
|-damage|p1b: Kyogre|0 fnt
|-heal|p2b: Miraidon|95/100|[from] drain|[of] p1b: Kyogre
|faint|p1b: Kyogre
|
|-weather|none
|upkeep
|inactive|Jaker0125 has 30 seconds left.
|
|t:|1750862197
|switch|p1b: Calyrex|Calyrex-Ice, L50|100/100
|-ability|p1b: Calyrex|As One
|-ability|p1b: Calyrex|Unnerve
|turn|6
|
|t:|1750862217
|switch|p2a: Calyrex|Calyrex-Ice, L50|100/100
|-ability|p2a: Calyrex|As One
|-ability|p2a: Calyrex|Unnerve
|move|p1a: Amoonguss|Rage Powder|p1a: Amoonguss
|-singleturn|p1a: Amoonguss|move: Rage Powder
|move|p2b: Miraidon|Electro Drift|p1a: Amoonguss
|-resisted|p1a: Amoonguss
|-damage|p1a: Amoonguss|0 fnt
|faint|p1a: Amoonguss
|move|p1b: Calyrex|Glacial Lance|p2a: Calyrex|[spread] p2a,p2b
|-resisted|p2a: Calyrex
|-damage|p2a: Calyrex|85/100
|-damage|p2b: Miraidon|68/100
|
|-fieldend|move: Electric Terrain
|upkeep
|-message|Jaker0125 forfeited.
|
|win|MalteseShark
|raw|Jaker0125's rating: 1355 &rarr; <strong>1339</strong><br />(-16 for losing)
|raw|MalteseShark's rating: 1424 &rarr; <strong>1440</strong><br />(+16 for winning)
|l|☆Jaker0125
|player|p1|
|l|☆MalteseShark
|player|p2|
