|j|☆Marlin85
|j|☆iqofnothing
|t:|1750871917
|gametype|doubles
|player|p1|Marlin85|101|1320
|player|p2|iqofnothing|clown|1273
|teamsize|p1|6
|teamsize|p2|6
|gen|9
|tier|[Gen 9] VGC 2025 Reg I
|rated|
|rule|Species Clause: Limit one of each Pokémon
|rule|Item Clause: Limit 1 of each item
|clearpoke
|poke|p1|Calyrex-Ice, L50|
|poke|p1|Indeedee-F, L50, F|
|poke|p1|Koraidon, L50|
|poke|p1|Ursaluna-Bloodmoon, L50, M|
|poke|p1|Urshifu-*, L50, F|
|poke|p1|Flutter Mane, L50|
|poke|p2|Kyogre, L50|
|poke|p2|Roaring Moon, L50|
|poke|p2|Landorus, L50, M|
|poke|p2|Bruxish, L50, M|
|poke|p2|Indeedee-F, L50, F|
|poke|p2|Scizor, L50, F|
|teampreview|4
|inactive|Battle timer is ON: inactive players will automatically lose when time's up. (requested by Marlin85)
|
|t:|1750871970
|start
|switch|p1a: Calyrex|Calyrex-Ice, L50|100/100
|switch|p1b: Urshifu|Urshifu, L50, F|100/100
|switch|p2a: Kyogre|Kyogre, L50|100/100
|switch|p2b: Roaring Moon|Roaring Moon, L50|100/100
|-ability|p1a: Calyrex|As One
|-ability|p1a: Calyrex|Unnerve
|-weather|RainDance|[from] ability: Drizzle|[of] p2a: Kyogre
|-enditem|p2b: Roaring Moon|Booster Energy
|-activate|p2b: Roaring Moon|ability: Protosynthesis|[fromitem]
|-start|p2b: Roaring Moon|protosynthesisspe
|turn|1
|
|t:|1750871987
|switch|p1a: Koraidon|Koraidon, L50|100/100
|-weather|SunnyDay|[from] ability: Orichalcum Pulse|[of] p1a: Koraidon
|-activate|p1a: Koraidon|Orichalcum Pulse|[source]
|move|p2b: Roaring Moon|Tailwind|p2b: Roaring Moon
|-sidestart|p2: iqofnothing|move: Tailwind
|move|p2a: Kyogre|Water Spout|p1a: Koraidon|[spread] p1a,p1b
|-resisted|p1a: Koraidon
|-crit|p1a: Koraidon
|-damage|p1a: Koraidon|60/100
|-damage|p1b: Urshifu|33/100
|move|p1b: Urshifu|Wicked Blow|p2a: Kyogre
|-crit|p2a: Kyogre
|-damage|p2a: Kyogre|0 fnt
|faint|p2a: Kyogre
|
|-weather|SunnyDay|[upkeep]
|upkeep
|
|t:|1750872000
|switch|p2a: Indeedee|Indeedee-F, L50, F|100/100
|turn|2
|
|t:|1750872017
|switch|p1a: Indeedee|Indeedee-F, L50, F|100/100
|-fieldstart|move: Psychic Terrain|[from] ability: Psychic Surge|[of] p1a: Indeedee
|-enditem|p1a: Indeedee|Psychic Seed
|-boost|p1a: Indeedee|spd|1|[from] item: Psychic Seed
|move|p2a: Indeedee|Fake Out|p1a: Indeedee
|-activate|p1a: Indeedee|move: Psychic Terrain
|move|p2b: Roaring Moon|Acrobatics|p1b: Urshifu
|-supereffective|p1b: Urshifu
|-damage|p1b: Urshifu|0 fnt
|faint|p1b: Urshifu
|
|-weather|SunnyDay|[upkeep]
|upkeep
|
|t:|1750872035
|switch|p1b: Calyrex|Calyrex-Ice, L50|100/100
|-ability|p1b: Calyrex|As One
|-ability|p1b: Calyrex|Unnerve
|turn|3
|
|t:|1750872049
|move|p2a: Indeedee|Helping Hand|p2b: Roaring Moon
|-singleturn|p2b: Roaring Moon|Helping Hand|[of] p2a: Indeedee
|move|p1a: Indeedee|Follow Me|p1a: Indeedee
|-singleturn|p1a: Indeedee|move: Follow Me
|move|p2b: Roaring Moon|Knock Off|p1a: Indeedee
|-supereffective|p1a: Indeedee
|-damage|p1a: Indeedee|0 fnt
|faint|p1a: Indeedee
|move|p1b: Calyrex|Glacial Lance|p2b: Roaring Moon|[spread] p2a,p2b
|-supereffective|p2b: Roaring Moon
|-damage|p2a: Indeedee|21/100
|-damage|p2b: Roaring Moon|0 fnt
|faint|p2b: Roaring Moon
|-end|p2b: Roaring Moon|Protosynthesis|[silent]
|-ability|p1b: Calyrex|Chilling Neigh|boost
|-boost|p1b: Calyrex|atk|1
|
|-weather|SunnyDay|[upkeep]
|upkeep
|
|t:|1750872062
|switch|p2b: Scizor|Scizor, L50, F|100/100
|switch|p1a: Koraidon|Koraidon, L50|60/100
|-activate|p1a: Koraidon|ability: Orichalcum Pulse
|turn|4
|inactive|iqofnothing has 30 seconds left.
|
|t:|1750872092
|-terastallize|p2b: Scizor|Steel
|move|p2a: Indeedee|Follow Me|p2a: Indeedee
|-singleturn|p2a: Indeedee|move: Follow Me
|move|p2b: Scizor|Bullet Punch|p1b: Calyrex
|-activate|p1b: Calyrex|move: Psychic Terrain
|move|p1a: Koraidon|Flare Blitz|p2a: Indeedee
|-damage|p2a: Indeedee|0 fnt
|-damage|p1a: Koraidon|43/100|[from] item: Rocky Helmet|[of] p2a: Indeedee
|faint|p2a: Indeedee
|-damage|p1a: Koraidon|36/100|[from] Recoil
|move|p1b: Calyrex|Glacial Lance|p2b: Scizor
|-resisted|p2b: Scizor
|-damage|p2b: Scizor|40/100
|
|-weather|SunnyDay|[upkeep]
|-sideend|p2: iqofnothing|move: Tailwind
|upkeep
|turn|5
|-message|iqofnothing forfeited.
|
|win|Marlin85
|raw|Marlin85's rating: 1320 &rarr; <strong>1337</strong><br />(+17 for winning)
|raw|iqofnothing's rating: 1273 &rarr; <strong>1251</strong><br />(-22 for losing)
|l|☆iqofnothing
|player|p2|
|l|☆Marlin85
|player|p1|
