|j|☆85e
|j|☆OpenDaSheetsCoward
|t:|1750706431
|gametype|doubles
|player|p1|85e|pokemaniac|1152
|player|p2|OpenDaSheetsCoward|ariana|1146
|teamsize|p1|6
|teamsize|p2|6
|gen|9
|tier|[Gen 9] VGC 2025 Reg I
|rated|
|rule|Species Clause: Limit one of each Pokémon
|rule|Item Clause: Limit 1 of each item
|clearpoke
|poke|p1|Calyrex-Ice, L50|
|poke|p1|Urshifu-*, L50, F|
|poke|p1|Grimmsnarl, L50, M|
|poke|p1|Incineroar, L50, F|
|poke|p1|Miraidon, L50|
|poke|p1|Landorus, L50, M|
|poke|p2|Charmander, L50, M|
|poke|p2|Squirtle, L50, F|
|poke|p2|Bulbasaur, L50, M|
|poke|p2|Chi-Yu, L50|
|poke|p2|Flutter Mane, L50|
|poke|p2|Groudon, L50|
|teampreview|4
|inactive|Battle timer is ON: inactive players will automatically lose when time's up. (requested by OpenDaSheetsCoward)
OpenDaSheetsCoward has agreed to open team sheets.
|inactive|85e has 60 seconds left.
|inactive|OpenDaSheetsCoward has 60 seconds left.
85e has agreed to open team sheets.
|showteam|p1|Calyrex-Ice||Leftovers|AsOneGlastrier|GlacialLance,LeechSeed,TrickRoom,Protect||||||50|,,,,,Water]Urshifu-Rapid-Strike||ChoiceBand|UnseenFist|SurgingStrikes,CloseCombat,AquaJet,Uturn|||F|||50|,,,,,Ghost]Grimmsnarl||LightClay|Prankster|SpiritBreak,ThunderWave,LightScreen,Reflect|||M|||50|,,,,,Ghost]Incineroar||AssaultVest|Intimidate|FlareBlitz,KnockOff,FakeOut,Uturn|||F|||50|,,,,,Grass]Miraidon||ChoiceSpecs|HadronEngine|ElectroDrift,VoltSwitch,DracoMeteor,DazzlingGleam||||||50|,,,,,Fairy]Landorus||LifeOrb|SheerForce|EarthPower,SludgeBomb,Taunt,Protect|||M|||50|,,,,,Poison
|showteam|p2|Charmander||ChoiceScarf|SolarPower|HeatWave,TeraBlast,WeatherBall,DragonPulse|||M|||50|,,,,,Electric]Squirtle||Eviolite|RainDish|IcyWind,Yawn,FakeOut,AquaJet|||F|||50|,,,,,Fire]Bulbasaur||FocusSash|Chlorophyll|SleepPowder,GigaDrain,SweetScent,Protect|||M|||50|,,,,,Ghost]Chi-Yu||ChoiceSpecs|BeadsofRuin|HeatWave,Snarl,DarkPulse,Flamethrower||||||50|,,,,,Ghost]Flutter Mane||BoosterEnergy|Protosynthesis|IcyWind,Moonblast,SunnyDay,Protect||||||50|,,,,,Grass]Groudon||WeaknessPolicy|Drought|HeatCrash,PrecipiceBlades,RockSlide,Protect||||||50|,,,,,Fire
|inactive|OpenDaSheetsCoward has 30 seconds left.
|
|t:|1750706492
|start
|switch|p1a: Calyrex|Calyrex-Ice, L50|100/100
|switch|p1b: Grimmsnarl|Grimmsnarl, L50, M|100/100
|switch|p2a: Squirtle|Squirtle, L50, F|100/100
|switch|p2b: Groudon|Groudon, L50|100/100
|-ability|p1a: Calyrex|As One
|-ability|p1a: Calyrex|Unnerve
|-weather|SunnyDay|[from] ability: Drought|[of] p2b: Groudon
|turn|1
|inactive|85e has 30 seconds left.
|inactive|OpenDaSheetsCoward has 30 seconds left.
|inactive|OpenDaSheetsCoward has 20 seconds left.
|inactive|OpenDaSheetsCoward has 15 seconds left.
|
|t:|1750706534
|-terastallize|p2b: Groudon|Fire
|move|p1a: Calyrex|Protect|p1a: Calyrex
|-singleturn|p1a: Calyrex|Protect
|move|p2a: Squirtle|Fake Out|p1a: Calyrex
|-activate|p1a: Calyrex|move: Protect
|move|p1b: Grimmsnarl|Reflect|p1b: Grimmsnarl
|-sidestart|p1: 85e|Reflect
|move|p2b: Groudon|Heat Crash|p1b: Grimmsnarl
|-damage|p1b: Grimmsnarl|32/100
|
|-weather|SunnyDay|[upkeep]
|upkeep
|turn|2
|
|t:|1750706557
|-terastallize|p1a: Calyrex|Water
|move|p1b: Grimmsnarl|Thunder Wave|p2b: Groudon
|-status|p2b: Groudon|par
|move|p2a: Squirtle|Aqua Jet|p2b: Groudon
|-supereffective|p2b: Groudon
|-damage|p2b: Groudon|97/100 par
|-enditem|p2b: Groudon|Weakness Policy
|-boost|p2b: Groudon|atk|2|[from] item: Weakness Policy
|-boost|p2b: Groudon|spa|2|[from] item: Weakness Policy
|move|p2b: Groudon|Rock Slide|p1a: Calyrex|[spread] p1a,p1b
|-damage|p1a: Calyrex|84/100
|-damage|p1b: Grimmsnarl|0 fnt
|faint|p1b: Grimmsnarl
|cant|p1a: Calyrex|flinch
|
|-weather|SunnyDay|[upkeep]
|-heal|p1a: Calyrex|89/100|[from] item: Leftovers
|upkeep
|
|t:|1750706577
|switch|p1b: Landorus|Landorus, L50, M|100/100
|turn|3
|
|t:|1750706598
|move|p1b: Landorus|Earth Power|p2b: Groudon
|-supereffective|p2b: Groudon
|-damage|p2b: Groudon|0 fnt
|faint|p2b: Groudon
|move|p1a: Calyrex|Leech Seed|p2a: Squirtle
|-start|p2a: Squirtle|move: Leech Seed
|move|p2a: Squirtle|Yawn|p1a: Calyrex
|-start|p1a: Calyrex|move: Yawn|[of] p2a: Squirtle
|
|-weather|SunnyDay|[upkeep]
|-heal|p1a: Calyrex|95/100|[from] item: Leftovers
|-damage|p2a: Squirtle|89/100|[from] Leech Seed|[of] p1a: Calyrex
|-heal|p1a: Calyrex|100/100|[silent]
|upkeep
|
|t:|1750706616
|switch|p2b: Flutter Mane|Flutter Mane, L50, shiny|100/100
|-activate|p2b: Flutter Mane|ability: Protosynthesis
|-start|p2b: Flutter Mane|protosynthesisspe
|turn|4
|
|t:|1750706634
|switch|p1a: Miraidon|Miraidon, L50|100/100
|-fieldstart|move: Electric Terrain|[from] ability: Hadron Engine|[of] p1a: Miraidon
|move|p2b: Flutter Mane|Moonblast|p1a: Miraidon
|-supereffective|p1a: Miraidon
|-damage|p1a: Miraidon|45/100
|-unboost|p1a: Miraidon|spa|1
|move|p1b: Landorus|Sludge Bomb|p2b: Flutter Mane
|-damage|p2b: Flutter Mane|62/100
|move|p2a: Squirtle|Yawn|p1b: Landorus
|-start|p1b: Landorus|move: Yawn|[of] p2a: Squirtle
|
|-weather|SunnyDay|[upkeep]
|-damage|p2a: Squirtle|77/100|[from] Leech Seed|[of] p1a: Miraidon
|-heal|p1a: Miraidon|54/100|[silent]
|upkeep
|turn|5
|inactive|85e has 30 seconds left.
|
|t:|1750706660
|move|p2b: Flutter Mane|Moonblast|p1a: Miraidon
|-supereffective|p1a: Miraidon
|-damage|p1a: Miraidon|0 fnt
|faint|p1a: Miraidon
|move|p1b: Landorus|Earth Power|p2b: Flutter Mane
|-damage|p2b: Flutter Mane|1/100
|move|p2a: Squirtle|Icy Wind|p1b: Landorus
|-supereffective|p1b: Landorus
|-damage|p1b: Landorus|70/100
|-unboost|p1b: Landorus|spe|1
|
|-weather|none
|-end|p2b: Flutter Mane|Protosynthesis
|-end|p1b: Landorus|move: Yawn|[silent]
|-status|p1b: Landorus|slp
|upkeep
|-enditem|p2b: Flutter Mane|Booster Energy
|-activate|p2b: Flutter Mane|ability: Protosynthesis|[fromitem]
|-start|p2b: Flutter Mane|protosynthesisspe
|
|t:|1750706677
|switch|p1a: Calyrex|Calyrex-Ice, L50, tera:Water|100/100
|-ability|p1a: Calyrex|As One
|-ability|p1a: Calyrex|Unnerve
|turn|6
|
|t:|1750706691
|switch|p2a: Chi-Yu|Chi-Yu, L50|100/100
|-ability|p2a: Chi-Yu|Beads of Ruin
|move|p2b: Flutter Mane|Sunny Day|p2b: Flutter Mane
|-weather|SunnyDay
|cant|p1b: Landorus|slp
|move|p1a: Calyrex|Glacial Lance|p2b: Flutter Mane|[spread] p2a,p2b
|-resisted|p2a: Chi-Yu
|-damage|p2a: Chi-Yu|55/100
|-damage|p2b: Flutter Mane|0 fnt
|faint|p2b: Flutter Mane
|-end|p2b: Flutter Mane|Protosynthesis|[silent]
|-ability|p1a: Calyrex|Chilling Neigh|boost
|-boost|p1a: Calyrex|atk|1
|
|-weather|SunnyDay|[upkeep]
|upkeep
|
|t:|1750706707
|switch|p2b: Squirtle|Squirtle, L50, F|77/100
|turn|7
|
|t:|1750706716
|move|p2b: Squirtle|Fake Out|p1a: Calyrex
|-damage|p1a: Calyrex|99/100
|move|p2a: Chi-Yu|Dark Pulse|p1a: Calyrex
|-damage|p1a: Calyrex|49/100
|-curestatus|p1b: Landorus|slp|[msg]
|move|p1b: Landorus|Earth Power|p2b: Squirtle
|-damage|p2b: Squirtle|0 fnt
|faint|p2b: Squirtle
|cant|p1a: Calyrex|flinch
|
|-weather|SunnyDay|[upkeep]
|-heal|p1a: Calyrex|55/100|[from] item: Leftovers
|upkeep
|turn|8
|
|t:|1750706733
|move|p1a: Calyrex|Protect|p1a: Calyrex
|-singleturn|p1a: Calyrex|Protect
|move|p2a: Chi-Yu|Dark Pulse|p1a: Calyrex
|-activate|p1a: Calyrex|move: Protect
|move|p1b: Landorus|Earth Power|p2a: Chi-Yu
|-supereffective|p2a: Chi-Yu
|-damage|p2a: Chi-Yu|0 fnt
|faint|p2a: Chi-Yu
|
|win|85e
|raw|85e's rating: 1152 &rarr; <strong>1177</strong><br />(+25 for winning)
|raw|OpenDaSheetsCoward's rating: 1146 &rarr; <strong>1121</strong><br />(-25 for losing)
|l|☆85e
|player|p1|
|l|☆OpenDaSheetsCoward
|player|p2|
