|j|☆KheaVGC
|j|☆Theproswagonist
|t:|1750877311
|gametype|doubles
|player|p1|KheaVGC|266|1372
|player|p2|Theproswagonist|101|1471
|teamsize|p1|6
|teamsize|p2|6
|gen|9
|tier|[Gen 9] VGC 2025 Reg I
|rated|
|rule|Species Clause: Limit one of each Pokémon
|rule|Item Clause: Limit 1 of each item
|clearpoke
|poke|p1|Volcarona, L50, M|
|poke|p1|Zamazenta-*, L50|
|poke|p1|Koraidon, L50|
|poke|p1|Raging Bolt, L50|
|poke|p1|Flutter Mane, L50|
|poke|p1|Incineroar, L50, M|
|poke|p2|Tinkaton, L50, F|
|poke|p2|Kyurem-Black, L50|
|poke|p2|Landorus, L50, M|
|poke|p2|Whimsicott, L50, F|
|poke|p2|Kyogre, L50|
|poke|p2|Urshifu-*, L50, M|
|teampreview|4
|inactive|Battle timer is ON: inactive players will automatically lose when time's up. (requested by Theproswagonist)
|inactive|Theproswagonist has 60 seconds left.
|
|t:|1750877358
|start
|switch|p1a: Raging Bolt|Raging Bolt, L50|100/100
|switch|p1b: Volcarona|Volcarona, L50, M|100/100
|switch|p2a: Landorus|Landorus, L50, M|100/100
|switch|p2b: Kyogre|Kyogre, L50|100/100
|-weather|RainDance|[from] ability: Drizzle|[of] p2b: Kyogre
|turn|1
|inactive|KheaVGC has 30 seconds left.
|inactive|KheaVGC has 20 seconds left.
|
|t:|1750877395
|switch|p2b: Kyurem|Kyurem-Black, L50|100/100
|-ability|p2b: Kyurem|Teravolt
|move|p1a: Raging Bolt|Thunderclap||[still]
|-fail|p1a: Raging Bolt
|move|p2a: Landorus|Sandsear Storm|p1b: Volcarona|[spread] p1a,p1b
|-supereffective|p1a: Raging Bolt
|-damage|p1a: Raging Bolt|43/100
|-damage|p1b: Volcarona|48/100
|move|p1b: Volcarona|Tailwind|p1b: Volcarona
|-sidestart|p1: KheaVGC|move: Tailwind
|
|-weather|RainDance|[upkeep]
|upkeep
|turn|2
|inactive|Theproswagonist has 30 seconds left.
|inactive|Theproswagonist has 20 seconds left.
|
|t:|1750877432
|switch|p2b: Whimsicott|Whimsicott, L50, F|100/100
|move|p2a: Landorus|Protect|p2a: Landorus
|-singleturn|p2a: Landorus|Protect
|move|p1b: Volcarona|Struggle Bug|p2b: Whimsicott|[spread] p2b
|-activate|p2a: Landorus|move: Protect
|-damage|p2b: Whimsicott|81/100
|move|p1a: Raging Bolt|Draco Meteor|p2b: Whimsicott
|-immune|p2b: Whimsicott
|
|-weather|RainDance|[upkeep]
|upkeep
|turn|3
|
|t:|1750877452
|move|p2b: Whimsicott|Tailwind|p2b: Whimsicott
|-sidestart|p2: Theproswagonist|move: Tailwind
|move|p2a: Landorus|Sandsear Storm|p1b: Volcarona|[spread] p1a,p1b
|-supereffective|p1a: Raging Bolt
|-damage|p1a: Raging Bolt|0 fnt
|-damage|p1b: Volcarona|0 fnt
|faint|p1a: Raging Bolt
|-end|p1a: Raging Bolt|Protosynthesis|[silent]
|faint|p1b: Volcarona
|
|-weather|RainDance|[upkeep]
|upkeep
|
|t:|1750877455
|switch|p1b: Zamazenta|Zamazenta-Crowned, L50|100/100
|switch|p1a: Koraidon|Koraidon, L50|100/100
|-weather|SunnyDay|[from] ability: Orichalcum Pulse|[of] p1a: Koraidon
|-activate|p1a: Koraidon|Orichalcum Pulse|[source]
|-ability|p1b: Zamazenta|Dauntless Shield|boost
|-boost|p1b: Zamazenta|def|1
|turn|4
|inactive|Theproswagonist has 30 seconds left.
|
|t:|1750877481
|move|p2a: Landorus|Protect|p2a: Landorus
|-singleturn|p2a: Landorus|Protect
|move|p1a: Koraidon|Flame Charge|p2b: Whimsicott
|-supereffective|p2b: Whimsicott
|-damage|p2b: Whimsicott|2/100
|-boost|p1a: Koraidon|spe|1
|move|p2b: Whimsicott|Moonblast|p1a: Koraidon
|-supereffective|p1a: Koraidon
|-damage|p1a: Koraidon|0 fnt
|faint|p1a: Koraidon
|move|p1b: Zamazenta|Body Press|p2a: Landorus
|-activate|p2a: Landorus|move: Protect
|
|-weather|SunnyDay|[upkeep]
|-sideend|p1: KheaVGC|move: Tailwind
|upkeep
|turn|5
|-message|KheaVGC forfeited.
|
|win|Theproswagonist
|raw|KheaVGC's rating: 1372 &rarr; <strong>1358</strong><br />(-14 for losing)
|raw|Theproswagonist's rating: 1471 &rarr; <strong>1485</strong><br />(+14 for winning)
|l|☆KheaVGC
|player|p1|
|l|☆Theproswagonist
|player|p2|
