|j|☆wuhanyiluanma
|j|☆BroFungus
|t:|1750842157
|gametype|doubles
|player|p1|wuhanyiluanma|266|1529
|player|p2|BroFungus|ninjaboy|1513
|teamsize|p1|6
|teamsize|p2|6
|gen|9
|tier|[Gen 9] VGC 2025 Reg I
|rated|
|rule|Species Clause: Limit one of each Pokémon
|rule|Item Clause: Limit 1 of each item
|clearpoke
|poke|p1|Okidogi, L50, M|
|poke|p1|Palkia, L50|
|poke|p1|Lanturn, L50, M|
|poke|p1|Miraidon, L50|
|poke|p1|Grimmsnarl, L50, M|
|poke|p1|Oranguru, L50, M|
|poke|p2|Calyrex-Shadow, L50|
|poke|p2|Zamazenta-*, L50|
|poke|p2|Incineroar, L50, F|
|poke|p2|Rillaboom, L50, M|
|poke|p2|Amoonguss, L50, M|
|poke|p2|Urshifu-*, L50, M|
|teampreview|4
|inactive|Battle timer is ON: inactive players will automatically lose when time's up. (requested by BroFungus)
|inactive|BroFungus has 60 seconds left.
|
|t:|1750842208
|start
|switch|p1a: Grimmsnarl|Grimmsnarl, L50, M|100/100
|switch|p1b: Okidogi|Okidogi, L50, M|100/100
|switch|p2a: Calyrex|Calyrex-Shadow, L50|100/100
|switch|p2b: Incineroar|Incineroar, L50, F|100/100
|-ability|p2a: Calyrex|As One
|-ability|p2a: Calyrex|Unnerve
|-ability|p2b: Incineroar|Intimidate|boost
|-unboost|p1a: Grimmsnarl|atk|1
|-ability|p1b: Okidogi|Guard Dog|boost
|-boost|p1b: Okidogi|atk|1
|turn|1
|inactive|BroFungus has 30 seconds left.
|inactive|BroFungus has 20 seconds left.
|
|t:|1750842246
|-terastallize|p1b: Okidogi|Dark
|move|p1b: Okidogi|Upper Hand|p2b: Incineroar
|-supereffective|p2b: Incineroar
|-damage|p2b: Incineroar|28/100
|cant|p2b: Incineroar|flinch
|move|p1a: Grimmsnarl|Light Screen|p1a: Grimmsnarl
|-sidestart|p1: wuhanyiluanma|move: Light Screen
|move|p2a: Calyrex|Astral Barrage|p1b: Okidogi|[spread] p1a,p1b
|-resisted|p1a: Grimmsnarl
|-resisted|p1b: Okidogi
|-damage|p1a: Grimmsnarl|85/100
|-damage|p1b: Okidogi|89/100
|
|upkeep
|turn|2
|inactive|BroFungus has 30 seconds left.
|inactive|BroFungus has 20 seconds left.
|inactive|BroFungus has 15 seconds left.
|inactive|BroFungus has 10 seconds left.
|
|t:|1750842291
|move|p2a: Calyrex|Encore|p1b: Okidogi
|-start|p1b: Okidogi|Encore
|move|p1b: Okidogi|Upper Hand||[still]
|-fail|p1b: Okidogi
|move|p1a: Grimmsnarl|Spirit Break|p2a: Calyrex
|-damage|p2a: Calyrex|78/100
|-unboost|p2a: Calyrex|spa|1
|move|p2b: Incineroar|Taunt|p1a: Grimmsnarl
|-start|p1a: Grimmsnarl|move: Taunt
|
|upkeep
|turn|3
|
|t:|1750842314
|switch|p2a: Amoonguss|Amoonguss, L50, M|100/100
|switch|p1b: Oranguru|Oranguru, L50, M|100/100
|move|p1a: Grimmsnarl|Spirit Break|p2a: Amoonguss
|-resisted|p2a: Amoonguss
|-damage|p2a: Amoonguss|91/100
|-unboost|p2a: Amoonguss|spa|1
|move|p2b: Incineroar|Knock Off|p1b: Oranguru
|-supereffective|p1b: Oranguru
|-damage|p1b: Oranguru|37/100
|-enditem|p1b: Oranguru|Mental Herb|[from] move: Knock Off|[of] p2b: Incineroar
|
|upkeep
|turn|4
|inactive|BroFungus has 30 seconds left.
|inactive|BroFungus has 20 seconds left.
|inactive|BroFungus has 15 seconds left.
|
|t:|1750842357
|switch|p1a: Miraidon|Miraidon, L50|100/100
|-fieldstart|move: Electric Terrain|[from] ability: Hadron Engine|[of] p1a: Miraidon
|switch|p1b: Okidogi|Okidogi, L50, M, tera:Dark|89/100
|move|p2b: Incineroar|Knock Off|p1b: Okidogi
|-resisted|p1b: Okidogi
|-damage|p1b: Okidogi|75/100
|-enditem|p1b: Okidogi|Assault Vest|[from] move: Knock Off|[of] p2b: Incineroar
|move|p2a: Amoonguss|Pollen Puff|p2b: Incineroar
|-heal|p2b: Incineroar|78/100
|
|upkeep
|turn|5
|inactive|BroFungus has 30 seconds left.
|
|t:|1750842382
|switch|p2b: Rillaboom|Rillaboom, L50, M|100/100
|-fieldstart|move: Grassy Terrain|[from] ability: Grassy Surge|[of] p2b: Rillaboom
|move|p1a: Miraidon|Calm Mind|p1a: Miraidon
|-boost|p1a: Miraidon|spa|1
|-boost|p1a: Miraidon|spd|1
|move|p1b: Okidogi|Drain Punch|p2b: Rillaboom
|-damage|p2b: Rillaboom|58/100
|-heal|p1b: Okidogi|97/100|[from] drain|[of] p2b: Rillaboom
|move|p2a: Amoonguss|Spore|p1b: Okidogi
|-status|p1b: Okidogi|slp|[from] move: Spore
|
|-heal|p2b: Rillaboom|64/100|[from] Grassy Terrain
|-heal|p1b: Okidogi|100/100 slp|[from] Grassy Terrain
|-heal|p2a: Amoonguss|97/100|[from] Grassy Terrain
|upkeep
|turn|6
|
|t:|1750842406
|move|p1a: Miraidon|Parabolic Charge|p2b: Rillaboom|[spread] p1b,p2a,p2b
|-resisted|p2a: Amoonguss
|-resisted|p2b: Rillaboom
|-damage|p1b: Okidogi|75/100 slp
|-damage|p2a: Amoonguss|85/100
|-damage|p2b: Rillaboom|54/100
|move|p2b: Rillaboom|U-turn|p1b: Okidogi
|-supereffective|p1b: Okidogi
|-damage|p1b: Okidogi|39/100 slp
|
|t:|1750842416
|switch|p2b: Calyrex|Calyrex-Shadow, L50|78/100|[from] U-turn
|-ability|p2b: Calyrex|As One
|-ability|p2b: Calyrex|Unnerve
|cant|p1b: Okidogi|slp
|move|p2a: Amoonguss|Spore|p1a: Miraidon
|-status|p1a: Miraidon|slp|[from] move: Spore
|
|-heal|p2b: Calyrex|84/100|[from] Grassy Terrain
|-heal|p1b: Okidogi|46/100 slp|[from] Grassy Terrain
|-heal|p2a: Amoonguss|91/100|[from] Grassy Terrain
|upkeep
|turn|7
|
|t:|1750842436
|-terastallize|p2b: Calyrex|Ghost
|move|p2a: Amoonguss|Rage Powder|p2a: Amoonguss
|-singleturn|p2a: Amoonguss|move: Rage Powder
|move|p2b: Calyrex|Astral Barrage|p1b: Okidogi|[spread] p1a,p1b
|-resisted|p1b: Okidogi
|-damage|p1a: Miraidon|75/100 slp
|-damage|p1b: Okidogi|19/100 slp
|cant|p1a: Miraidon|slp
|cant|p1b: Okidogi|slp
|
|-heal|p2b: Calyrex|90/100|[from] Grassy Terrain
|-heal|p1a: Miraidon|81/100 slp|[from] Grassy Terrain
|-heal|p1b: Okidogi|26/100 slp|[from] Grassy Terrain
|-heal|p2a: Amoonguss|97/100|[from] Grassy Terrain
|upkeep
|turn|8
|
|t:|1750842453
|move|p2a: Amoonguss|Rage Powder|p2a: Amoonguss
|-singleturn|p2a: Amoonguss|move: Rage Powder
|move|p2b: Calyrex|Astral Barrage|p1b: Okidogi|[spread] p1a,p1b
|-resisted|p1b: Okidogi
|-damage|p1a: Miraidon|58/100 slp
|-damage|p1b: Okidogi|2/100 slp
|-curestatus|p1a: Miraidon|slp|[msg]
|move|p1a: Miraidon|Parabolic Charge|p2a: Amoonguss|[spread] p1b,p2a,p2b
|-resisted|p2a: Amoonguss
|-damage|p1b: Okidogi|0 fnt
|-heal|p1a: Miraidon|59/100|[from] drain|[of] p1b: Okidogi
|-damage|p2a: Amoonguss|85/100
|-heal|p1a: Miraidon|66/100|[from] drain|[of] p2a: Amoonguss
|-damage|p2b: Calyrex|57/100
|-heal|p1a: Miraidon|80/100|[from] drain|[of] p2b: Calyrex
|faint|p1b: Okidogi
|
|-heal|p2b: Calyrex|64/100|[from] Grassy Terrain
|-heal|p1a: Miraidon|86/100|[from] Grassy Terrain
|-heal|p2a: Amoonguss|91/100|[from] Grassy Terrain
|-sideend|p1: wuhanyiluanma|move: Light Screen
|upkeep
|inactive|wuhanyiluanma has 30 seconds left.
|
|t:|1750842482
|switch|p1b: Grimmsnarl|Grimmsnarl, L50, M|85/100
|turn|9
|inactive|BroFungus has 30 seconds left.
|
|t:|1750842510
|switch|p1a: Oranguru|Oranguru, L50, M|37/100
|move|p2b: Calyrex|Protect|p2b: Calyrex
|-singleturn|p2b: Calyrex|Protect
|move|p1b: Grimmsnarl|Parting Shot|p2b: Calyrex
|-activate|p2b: Calyrex|move: Protect
|move|p2a: Amoonguss|Spore|p1a: Oranguru
|-status|p1a: Oranguru|slp|[from] move: Spore
|
|-heal|p2b: Calyrex|70/100|[from] Grassy Terrain
|-heal|p1b: Grimmsnarl|91/100|[from] Grassy Terrain
|-heal|p1a: Oranguru|43/100 slp|[from] Grassy Terrain
|-heal|p2a: Amoonguss|96/100|[from] Grassy Terrain
|-fieldend|move: Grassy Terrain
|upkeep
|turn|10
|
|t:|1750842532
|switch|p2b: Rillaboom|Rillaboom, L50, M|54/100
|-fieldstart|move: Grassy Terrain|[from] ability: Grassy Surge|[of] p2b: Rillaboom
|move|p1b: Grimmsnarl|Parting Shot|p2b: Rillaboom
|-unboost|p2b: Rillaboom|atk|1
|-unboost|p2b: Rillaboom|spa|1
|
|t:|1750842541
|switch|p1b: Miraidon|Miraidon, L50|86/100|[from] Parting Shot
|-fieldstart|move: Electric Terrain|[from] ability: Hadron Engine|[of] p1b: Miraidon
|move|p2a: Amoonguss|Spore|p1b: Miraidon
|-activate|p1b: Miraidon|move: Electric Terrain
|cant|p1a: Oranguru|slp
|
|upkeep
|turn|11
|
|t:|1750842556
|move|p1b: Miraidon|Parabolic Charge|p2a: Amoonguss|[spread] p2a,p2b
|-activate|p1a: Oranguru|ability: Telepathy
|-resisted|p2a: Amoonguss
|-resisted|p2b: Rillaboom
|-damage|p2a: Amoonguss|81/100
|-heal|p1b: Miraidon|94/100|[from] drain|[of] p2a: Amoonguss
|-damage|p2b: Rillaboom|42/100
|-heal|p1b: Miraidon|99/100|[from] drain|[of] p2b: Rillaboom
|move|p2b: Rillaboom|U-turn|p1a: Oranguru
|-supereffective|p1a: Oranguru
|-crit|p1a: Oranguru
|-damage|p1a: Oranguru|0 fnt
|faint|p1a: Oranguru
|inactive|BroFungus has 30 seconds left.
|
|t:|1750842590
|switch|p2b: Incineroar|Incineroar, L50, F|78/100|[from] U-turn
|-ability|p2b: Incineroar|Intimidate|boost
|-unboost|p1b: Miraidon|atk|1
|move|p2a: Amoonguss|Pollen Puff|p2b: Incineroar
|-heal|p2b: Incineroar|100/100
|
|upkeep
|
|t:|1750842600
|switch|p1a: Grimmsnarl|Grimmsnarl, L50, M|91/100
|turn|12
|
|t:|1750842618
|move|p1a: Grimmsnarl|Reflect|p1a: Grimmsnarl
|-sidestart|p1: wuhanyiluanma|Reflect
|move|p1b: Miraidon|Calm Mind|p1b: Miraidon
|-boost|p1b: Miraidon|spa|1
|-boost|p1b: Miraidon|spd|1
|move|p2b: Incineroar|Parting Shot|p1b: Miraidon
|-unboost|p1b: Miraidon|atk|1
|-unboost|p1b: Miraidon|spa|1
|
|t:|1750842624
|switch|p2b: Rillaboom|Rillaboom, L50, M|42/100|[from] Parting Shot
|-fieldstart|move: Grassy Terrain|[from] ability: Grassy Surge|[of] p2b: Rillaboom
|move|p2a: Amoonguss|Pollen Puff|p2b: Rillaboom
|-heal|p2b: Rillaboom|92/100
|
|-heal|p1b: Miraidon|100/100|[from] Grassy Terrain
|-heal|p2b: Rillaboom|98/100|[from] Grassy Terrain
|-heal|p1a: Grimmsnarl|97/100|[from] Grassy Terrain
|-heal|p2a: Amoonguss|87/100|[from] Grassy Terrain
|upkeep
|turn|13
|inactive|BroFungus has 30 seconds left.
|
|t:|1750842654
|move|p1b: Miraidon|Protect|p1b: Miraidon
|-singleturn|p1b: Miraidon|Protect
|move|p2b: Rillaboom|U-turn|p1a: Grimmsnarl
|-damage|p1a: Grimmsnarl|82/100
|
|t:|1750842659
|switch|p2b: Calyrex|Calyrex-Shadow, L50, tera:Ghost|70/100|[from] U-turn
|-ability|p2b: Calyrex|As One
|-ability|p2b: Calyrex|Unnerve
|move|p1a: Grimmsnarl|Spirit Break|p2a: Amoonguss
|-resisted|p2a: Amoonguss
|-damage|p2a: Amoonguss|72/100
|-unboost|p2a: Amoonguss|spa|1
|move|p2a: Amoonguss|Spore|p1a: Grimmsnarl
|-status|p1a: Grimmsnarl|slp|[from] move: Spore
|
|-heal|p2b: Calyrex|76/100|[from] Grassy Terrain
|-heal|p1a: Grimmsnarl|88/100 slp|[from] Grassy Terrain
|-heal|p2a: Amoonguss|78/100|[from] Grassy Terrain
|upkeep
|turn|14
|
|t:|1750842679
|switch|p2a: Incineroar|Incineroar, L50, F|100/100
|-ability|p2a: Incineroar|Intimidate|boost
|-unboost|p1a: Grimmsnarl|atk|1
|-unboost|p1b: Miraidon|atk|1
|cant|p1a: Grimmsnarl|slp
|move|p2b: Calyrex|Encore|p1b: Miraidon
|-start|p1b: Miraidon|Encore
|move|p1b: Miraidon|Protect||[still]
|-fail|p1b: Miraidon
|
|-heal|p2b: Calyrex|82/100|[from] Grassy Terrain
|-heal|p1a: Grimmsnarl|94/100 slp|[from] Grassy Terrain
|upkeep
|turn|15
|
|t:|1750842703
|move|p1b: Miraidon|Protect|p1b: Miraidon
|-singleturn|p1b: Miraidon|Protect
|-curestatus|p1a: Grimmsnarl|slp|[msg]
|move|p1a: Grimmsnarl|Light Screen|p1a: Grimmsnarl
|-sidestart|p1: wuhanyiluanma|move: Light Screen
|move|p2b: Calyrex|Astral Barrage|p1b: Miraidon|[spread] p1a
|-activate|p1b: Miraidon|move: Protect
|-resisted|p1a: Grimmsnarl
|-damage|p1a: Grimmsnarl|72/100
|move|p2a: Incineroar|Knock Off|p1a: Grimmsnarl
|-resisted|p1a: Grimmsnarl
|-damage|p1a: Grimmsnarl|66/100
|-enditem|p1a: Grimmsnarl|Light Clay|[from] move: Knock Off|[of] p2a: Incineroar
|
|-heal|p2b: Calyrex|89/100|[from] Grassy Terrain
|-heal|p1a: Grimmsnarl|72/100|[from] Grassy Terrain
|upkeep
|turn|16
|inactive|BroFungus has 30 seconds left.
|inactive|BroFungus has 20 seconds left.
|
|t:|1750842723
|move|p1b: Miraidon|Protect||[still]
|-fail|p1b: Miraidon
|move|p2b: Calyrex|Astral Barrage|p1a: Grimmsnarl|[spread] p1a,p1b
|-resisted|p1a: Grimmsnarl
|-damage|p1a: Grimmsnarl|51/100
|-damage|p1b: Miraidon|76/100
|move|p1a: Grimmsnarl|Spirit Break|p2b: Calyrex
|-crit|p2b: Calyrex
|-damage|p2b: Calyrex|41/100
|-unboost|p2b: Calyrex|spa|1
|move|p2a: Incineroar|Taunt|p1b: Miraidon
|-start|p1b: Miraidon|move: Taunt
|
|-heal|p2b: Calyrex|47/100|[from] Grassy Terrain
|-heal|p1b: Miraidon|82/100|[from] Grassy Terrain
|-heal|p1a: Grimmsnarl|57/100|[from] Grassy Terrain
|-end|p1b: Miraidon|Encore
|-fieldend|move: Grassy Terrain
|upkeep
|turn|17
|inactive|BroFungus has 20 seconds left this turn.
|inactive|BroFungus has 15 seconds left.
|inactive|BroFungus has 10 seconds left.
|inactive|BroFungus has 5 seconds left.
|
|t:|1750842747
|move|p2b: Calyrex|Protect|p2b: Calyrex
|-singleturn|p2b: Calyrex|Protect
|move|p1a: Grimmsnarl|Parting Shot|p2b: Calyrex
|-activate|p2b: Calyrex|move: Protect
|move|p1b: Miraidon|Parabolic Charge|p2b: Calyrex|[spread] p1a,p2a
|-activate|p2b: Calyrex|move: Protect
|-damage|p1a: Grimmsnarl|42/100
|-heal|p1b: Miraidon|89/100|[from] drain|[of] p1a: Grimmsnarl
|-damage|p2a: Incineroar|79/100
|-heal|p1b: Miraidon|99/100|[from] drain|[of] p2a: Incineroar
|move|p2a: Incineroar|Parting Shot|p1a: Grimmsnarl
|-unboost|p1a: Grimmsnarl|atk|1
|-unboost|p1a: Grimmsnarl|spa|1
|inactive|BroFungus has 5 seconds left this turn.
|
|t:|1750842750
|switch|p2a: Rillaboom|Rillaboom, L50, M|98/100|[from] Parting Shot
|-fieldstart|move: Grassy Terrain|[from] ability: Grassy Surge|[of] p2a: Rillaboom
|
|-heal|p2b: Calyrex|53/100|[from] Grassy Terrain
|-heal|p1b: Miraidon|100/100|[from] Grassy Terrain
|-heal|p2a: Rillaboom|100/100|[from] Grassy Terrain
|-heal|p1a: Grimmsnarl|48/100|[from] Grassy Terrain
|upkeep
|turn|18
|inactive|BroFungus has 5 seconds left this turn.
|-message|BroFungus lost due to inactivity.
|
|win|wuhanyiluanma
|raw|wuhanyiluanma's rating: 1529 &rarr; <strong>1548</strong><br />(+19 for winning)
|raw|BroFungus's rating: 1513 &rarr; <strong>1494</strong><br />(-19 for losing)
|l|☆BroFungus
|player|p2|
|l|☆wuhanyiluanma
|player|p1|
