|j|☆Pacasa33
|j|☆xxf0rtn1teg0dxx
|t:|1750791492
|gametype|doubles
|player|p1|Pacasa33|170|1146
|player|p2|xxf0rtn1teg0dxx|liko|1116
|teamsize|p1|6
|teamsize|p2|6
|gen|9
|tier|[Gen 9] VGC 2025 Reg I
|rated|
|rule|Species Clause: Limit one of each Pokémon
|rule|Item Clause: Limit 1 of each item
|clearpoke
|poke|p1|Miraidon, L50|
|poke|p1|Lunala, L50|
|poke|p1|Ursaluna, L50, M|
|poke|p1|Amoonguss, L50, M|
|poke|p1|Grimmsnarl, L50, M|
|poke|p1|Incineroar, L50, M|
|poke|p2|Koraidon, L50|
|poke|p2|Terapagos, L50, M|
|poke|p2|Flutter Mane, L50|
|poke|p2|Rillaboom, L50, F|
|poke|p2|Incineroar, L50, F|
|poke|p2|Volcarona, L50, M|
|teampreview|4
|inactive|Battle timer is ON: inactive players will automatically lose when time's up. (requested by xxf0rtn1teg0dxx)
|inactive|Pacasa33 has 60 seconds left.
|
|t:|1750791549
|start
|switch|p1a: Grimmsnarl|Grimmsnarl, L50, M|100/100
|switch|p1b: Miraidon|Miraidon, L50|100/100
|switch|p2a: Koraidon|Koraidon, L50|100/100
|switch|p2b: Rillaboom|Rillaboom, L50, F|100/100
|-weather|SunnyDay|[from] ability: Orichalcum Pulse|[of] p2a: Koraidon
|-activate|p2a: Koraidon|Orichalcum Pulse|[source]
|-fieldstart|move: Electric Terrain|[from] ability: Hadron Engine|[of] p1b: Miraidon
|-fieldstart|move: Grassy Terrain|[from] ability: Grassy Surge|[of] p2b: Rillaboom
|turn|1
|inactive|xxf0rtn1teg0dxx has 30 seconds left.
|
|t:|1750791581
|switch|p1a: Lunala|Lunala, L50|100/100
|-terastallize|p1b: Miraidon|Electric
|move|p2b: Rillaboom|Fake Out|p1b: Miraidon
|-damage|p1b: Miraidon|89/100
|move|p2a: Koraidon|Close Combat|p1a: Lunala
|-immune|p1a: Lunala
|cant|p1b: Miraidon|flinch
|
|-weather|SunnyDay|[upkeep]
|-heal|p1b: Miraidon|95/100|[from] Grassy Terrain
|upkeep
|turn|2
|inactive|Pacasa33 has 30 seconds left.
|inactive|xxf0rtn1teg0dxx has 30 seconds left.
|
|t:|1750791614
|move|p2a: Koraidon|Close Combat|p1b: Miraidon
|-damage|p1b: Miraidon|0 fnt
|-unboost|p2a: Koraidon|def|1
|-unboost|p2a: Koraidon|spd|1
|faint|p1b: Miraidon
|-damage|p2a: Koraidon|91/100|[from] item: Life Orb
|move|p1a: Lunala|Moongeist Beam|p2a: Koraidon
|-damage|p2a: Koraidon|1/100
|move|p2b: Rillaboom|Wood Hammer|p1a: Lunala
|-crit|p1a: Lunala
|-damage|p1a: Lunala|61/100
|-damage|p2b: Rillaboom|86/100|[from] Recoil
|
|-weather|SunnyDay|[upkeep]
|-heal|p2a: Koraidon|7/100|[from] Grassy Terrain
|-heal|p1a: Lunala|67/100|[from] Grassy Terrain
|-heal|p2b: Rillaboom|92/100|[from] Grassy Terrain
|upkeep
|
|t:|1750791632
|switch|p1b: Incineroar|Incineroar, L50, M|100/100
|-ability|p1b: Incineroar|Intimidate|boost
|-unboost|p2a: Koraidon|atk|1
|-unboost|p2b: Rillaboom|atk|1
|turn|3
|
|t:|1750791654
|move|p2a: Koraidon|Protect|p2a: Koraidon
|-singleturn|p2a: Koraidon|Protect
|move|p1b: Incineroar|Fake Out|p2a: Koraidon
|-activate|p2a: Koraidon|move: Protect
|move|p1a: Lunala|Moongeist Beam|p2b: Rillaboom
|-damage|p2b: Rillaboom|55/100
|move|p2b: Rillaboom|U-turn|p1a: Lunala
|-damage|p1a: Lunala|56/100
|
|t:|1750791665
|switch|p2b: Flutter Mane|Flutter Mane, L50|100/100|[from] U-turn
|-activate|p2b: Flutter Mane|ability: Protosynthesis
|-start|p2b: Flutter Mane|protosynthesisspe
|
|-weather|SunnyDay|[upkeep]
|-heal|p2a: Koraidon|12/100|[from] Grassy Terrain
|-heal|p1a: Lunala|62/100|[from] Grassy Terrain
|upkeep
|turn|4
|
|t:|1750791690
|switch|p1a: Grimmsnarl|Grimmsnarl, L50, M|100/100
|move|p2b: Flutter Mane|Icy Wind|p1b: Incineroar|[spread] p1a,p1b
|-resisted|p1b: Incineroar
|-damage|p1a: Grimmsnarl|87/100
|-damage|p1b: Incineroar|95/100
|-unboost|p1a: Grimmsnarl|spe|1
|move|p2a: Koraidon|Close Combat|p1b: Incineroar
|-supereffective|p1b: Incineroar
|-damage|p1b: Incineroar|0 fnt
|-unboost|p2a: Koraidon|def|1
|-unboost|p2a: Koraidon|spd|1
|faint|p1b: Incineroar
|-damage|p2a: Koraidon|3/100|[from] item: Life Orb
|
|-weather|SunnyDay|[upkeep]
|-heal|p2a: Koraidon|8/100|[from] Grassy Terrain
|-heal|p1a: Grimmsnarl|93/100|[from] Grassy Terrain
|upkeep
|
|t:|1750791706
|switch|p1b: Lunala|Lunala, L50|62/100
|turn|5
|
|t:|1750791727
|-terastallize|p2b: Flutter Mane|Stellar
|move|p1a: Grimmsnarl|Light Screen|p1a: Grimmsnarl
|-sidestart|p1: Pacasa33|move: Light Screen
|move|p2b: Flutter Mane|Icy Wind|p1a: Grimmsnarl|[spread] p1a,p1b
|-crit|p1a: Grimmsnarl
|-damage|p1a: Grimmsnarl|69/100
|-damage|p1b: Lunala|53/100
|-unboost|p1a: Grimmsnarl|spe|1
|-unboost|p1b: Lunala|spe|1
|move|p2a: Koraidon|Close Combat|p1a: Grimmsnarl
|-damage|p1a: Grimmsnarl|0 fnt
|-unboost|p2a: Koraidon|def|1
|-unboost|p2a: Koraidon|spd|1
|faint|p1a: Grimmsnarl
|-damage|p2a: Koraidon|0 fnt|[from] item: Life Orb
|faint|p2a: Koraidon
|move|p1b: Lunala|Moongeist Beam|p2b: Flutter Mane
|-supereffective|p2b: Flutter Mane
|-enditem|p2b: Flutter Mane|Focus Sash
|-damage|p2b: Flutter Mane|1/100
|
|-weather|none
|-end|p2b: Flutter Mane|Protosynthesis
|-heal|p2b: Flutter Mane|7/100|[from] Grassy Terrain
|-heal|p1b: Lunala|59/100|[from] Grassy Terrain
|-fieldend|move: Grassy Terrain
|upkeep
|inactive|xxf0rtn1teg0dxx has 30 seconds left.
|
|t:|1750791755
|switch|p2a: Terapagos|Terapagos, L50, M|100/100
|-activate|p2a: Terapagos|ability: Tera Shift
|detailschange|p2a: Terapagos|Terapagos-Terastal, L50, M
|-heal|p2a: Terapagos|100/100|[silent]
|turn|6
|inactive|Pacasa33 has 30 seconds left.
|
|t:|1750791787
|move|p2b: Flutter Mane|Protect|p2b: Flutter Mane
|-singleturn|p2b: Flutter Mane|Protect
|move|p2a: Terapagos|Calm Mind|p2a: Terapagos
|-boost|p2a: Terapagos|spa|1
|-boost|p2a: Terapagos|spd|1
|move|p1b: Lunala|Moonblast|p2b: Flutter Mane
|-activate|p2b: Flutter Mane|move: Protect
|
|upkeep
|turn|7
|
|t:|1750791798
|move|p2b: Flutter Mane|Shadow Ball|p1b: Lunala
|-supereffective|p1b: Lunala
|-damage|p1b: Lunala|0 fnt
|faint|p1b: Lunala
|
|win|xxf0rtn1teg0dxx
|raw|Pacasa33's rating: 1146 &rarr; <strong>1119</strong><br />(-27 for losing)
|raw|xxf0rtn1teg0dxx's rating: 1116 &rarr; <strong>1143</strong><br />(+27 for winning)
|l|☆Pacasa33
|player|p1|
