|j|☆Brezz998
|j|☆DaWormGod
|t:|1750870838
|gametype|doubles
|player|p1|Brezz998|marshal|1120
|player|p2|DaWormGod|n|1070
|teamsize|p1|6
|teamsize|p2|6
|gen|9
|tier|[Gen 9] VGC 2025 Reg I
|rated|
|rule|Species Clause: Limit one of each Pokémon
|rule|Item Clause: Limit 1 of each item
|clearpoke
|poke|p1|Miraidon, L50|
|poke|p1|Kyogre, L50|
|poke|p1|Tornadus, L50, M|
|poke|p1|Archaludon, L50, M|
|poke|p1|Eelektross, L50, F|
|poke|p1|Rillaboom, L50, F|
|poke|p2|Goodra-Hisui, L50, F|
|poke|p2|Ribombee, L50, M|
|poke|p2|Ceruledge, L50, F|
|poke|p2|Breloom, L50, F|
|poke|p2|Gardevoir, L50, M|
|poke|p2|Gyarados, L50, F|
|teampreview|4
|
|t:|1750870871
|start
|switch|p1a: Miraidon|Miraidon, L50|100/100
|switch|p1b: Kyogre|Kyogre, L50|100/100
|switch|p2a: Goodra|Goodra-Hisui, L50, F|100/100
|switch|p2b: Ribombee|Ribombee, L50, M, shiny|100/100
|-fieldstart|move: Electric Terrain|[from] ability: Hadron Engine|[of] p1a: Miraidon
|-weather|RainDance|[from] ability: Drizzle|[of] p1b: Kyogre
|turn|1
|
|t:|1750870895
|move|p1a: Miraidon|Volt Switch|p2b: Ribombee
|-damage|p2b: Ribombee|7/100
|
|t:|1750870900
|switch|p1a: Archaludon|Archaludon, L50, M|100/100|[from] Volt Switch
|move|p2b: Ribombee|Dazzling Gleam|p1b: Kyogre|[spread] p1a,p1b
|-damage|p1a: Archaludon|72/100
|-damage|p1b: Kyogre|89/100
|-ability|p1a: Archaludon|Stamina|boost
|-boost|p1a: Archaludon|def|1
|move|p1b: Kyogre|Muddy Water|p2b: Ribombee|[spread] p2a,p2b
|-resisted|p2a: Goodra
|-damage|p2a: Goodra|89/100
|-damage|p2b: Ribombee|0 fnt
|-unboost|p2a: Goodra|accuracy|1
|faint|p2b: Ribombee
|move|p2a: Goodra|Dragon Pulse|p1a: Archaludon
|-damage|p1a: Archaludon|11/100
|-ability|p1a: Archaludon|Stamina|boost
|-boost|p1a: Archaludon|def|1
|
|-weather|RainDance|[upkeep]
|upkeep
|
|t:|1750870918
|switch|p2b: :)|Breloom, L50, F|100/100
|turn|2
|
|t:|1750870932
|move|p2b: :)|Bullet Seed|p1b: Kyogre
|-supereffective|p1b: Kyogre
|-damage|p1b: Kyogre|17/100
|-supereffective|p1b: Kyogre
|-damage|p1b: Kyogre|0 fnt
|faint|p1b: Kyogre
|-hitcount|p1: Kyogre|2
|move|p1a: Archaludon|Electro Shot||[still]
|-prepare|p1a: Archaludon|Electro Shot
|-boost|p1a: Archaludon|spa|1
|-anim|p1a: Archaludon|Electro Shot|p2a: Goodra
|-resisted|p2a: Goodra
|-damage|p2a: Goodra|71/100
|move|p2a: Goodra|Dragon Pulse|p1a: Archaludon
|-damage|p1a: Archaludon|0 fnt
|faint|p1a: Archaludon
|
|-weather|RainDance|[upkeep]
|upkeep
|
|t:|1750870937
|switch|p1b: Rillaboom|Rillaboom, L50, F|100/100
|switch|p1a: Miraidon|Miraidon, L50|100/100
|-activate|p1a: Miraidon|ability: Hadron Engine
|-fieldstart|move: Grassy Terrain|[from] ability: Grassy Surge|[of] p1b: Rillaboom
|turn|3
|
|t:|1750870954
|-terastallize|p1a: Miraidon|Electric
|move|p1b: Rillaboom|Fake Out|p2b: :)
|-damage|p2b: :)|79/100
|move|p1a: Miraidon|Electro Drift|p2a: Goodra
|-resisted|p2a: Goodra
|-damage|p2a: Goodra|53/100
|cant|p2b: :)|flinch
|move|p2a: Goodra|Dragon Pulse|p1a: Miraidon
|-damage|p1a: Miraidon|64/100
|
|-weather|RainDance|[upkeep]
|-heal|p1a: Miraidon|70/100|[from] Grassy Terrain
|-heal|p2b: :)|85/100|[from] Grassy Terrain
|-heal|p2a: Goodra|59/100|[from] Grassy Terrain
|upkeep
|turn|4
|
|t:|1750870983
|move|p1a: Miraidon|Light Screen|p1a: Miraidon
|-sidestart|p1: Brezz998|move: Light Screen
|move|p2b: :)|Bullet Seed|p1a: Miraidon
|-damage|p1a: Miraidon|23/100
|-damage|p1a: Miraidon|0 fnt
|faint|p1a: Miraidon
|-hitcount|p1: Miraidon|2
|move|p1b: Rillaboom|Knock Off|p2a: Goodra
|-damage|p2a: Goodra|28/100
|-enditem|p2a: Goodra|Assault Vest|[from] move: Knock Off|[of] p1b: Rillaboom
|move|p2a: Goodra|Ice Beam|p1b: Rillaboom
|-supereffective|p1b: Rillaboom
|-damage|p1b: Rillaboom|60/100
|
|-weather|RainDance|[upkeep]
|-heal|p2b: :)|91/100|[from] Grassy Terrain
|-heal|p1b: Rillaboom|66/100|[from] Grassy Terrain
|-heal|p1b: Rillaboom|72/100|[from] item: Leftovers
|-heal|p2a: Goodra|34/100|[from] Grassy Terrain
|upkeep
|turn|5
|
|t:|1750871001
|-terastallize|p2a: Goodra|Dragon
|move|p2b: :)|Bullet Seed|p1b: Rillaboom
|-resisted|p1b: Rillaboom
|-damage|p1b: Rillaboom|53/100
|-resisted|p1b: Rillaboom
|-damage|p1b: Rillaboom|33/100
|-resisted|p1b: Rillaboom
|-damage|p1b: Rillaboom|15/100
|-hitcount|p1b: Rillaboom|3
|move|p1b: Rillaboom|Knock Off|p2b: :)
|-resisted|p2b: :)
|-damage|p2b: :)|65/100
|-enditem|p2b: :)|Choice Band|[from] move: Knock Off|[of] p1b: Rillaboom
|move|p2a: Goodra|Dragon Pulse|p1b: Rillaboom
|-damage|p1b: Rillaboom|0 fnt
|faint|p1b: Rillaboom
|
|win|DaWormGod
|raw|Brezz998's rating: 1120 &rarr; <strong>1091</strong><br />(-29 for losing)
|raw|DaWormGod's rating: 1070 &rarr; <strong>1104</strong><br />(+34 for winning)
|l|☆Brezz998
|player|p1|
|l|☆DaWormGod
|player|p2|
