|j|☆thesuperbadtrainer
|j|☆Sallust
|t:|1750769157
|gametype|doubles
|player|p1|thesuperbadtrainer|265|1305
|player|p2|Sallust|li|1339
|teamsize|p1|6
|teamsize|p2|6
|gen|9
|tier|[Gen 9] VGC 2025 Reg I
|rated|
|rule|Species Clause: Limit one of each Pokémon
|rule|Item Clause: Limit 1 of each item
|clearpoke
|poke|p1|Kyogre, L50|
|poke|p1|Tornadus, L50, M|
|poke|p1|Terapagos, L50, M|
|poke|p1|Archaludon, L50, F|
|poke|p1|Rillaboom, L50, F|
|poke|p1|Incineroar, L50, F|
|poke|p2|Calyrex-Shadow, L50|
|poke|p2|Lunala, L50|
|poke|p2|Incineroar, L50, M|
|poke|p2|Hitmontop, L50, M|
|poke|p2|Urshifu-*, L50, M|
|poke|p2|Ursaluna, L50, F|
|teampreview|4
|inactive|Battle timer is ON: inactive players will automatically lose when time's up. (requested by thesuperbadtrainer)
|
|t:|1750769177
|start
|switch|p1a: Tornadus|Tornadus, L50, M|100/100
|switch|p1b: Kyogre|Kyogre, L50|100/100
|switch|p2a: Lunala|Lunala, L50|100/100
|switch|p2b: Urshifu|Urshifu-Rapid-Strike, L50, M|100/100
|-weather|RainDance|[from] ability: Drizzle|[of] p1b: Kyogre
|turn|1
|
|t:|1750769192
|-terastallize|p1b: Kyogre|Water
|move|p2a: Lunala|Wide Guard|p2a: Lunala
|-singleturn|p2a: Lunala|Wide Guard
|move|p1a: Tornadus|Tailwind|p1a: Tornadus
|-sidestart|p1: thesuperbadtrainer|move: Tailwind
|move|p1b: Kyogre|Water Spout|p2b: Urshifu|[spread] 
|-activate|p2a: Lunala|move: Wide Guard
|-activate|p2b: Urshifu|move: Wide Guard
|move|p2b: Urshifu|Surging Strikes|p1b: Kyogre
|-resisted|p1b: Kyogre
|-crit|p1b: Kyogre
|-damage|p1b: Kyogre|85/100
|-resisted|p1b: Kyogre
|-crit|p1b: Kyogre
|-damage|p1b: Kyogre|68/100
|-resisted|p1b: Kyogre
|-crit|p1b: Kyogre
|-damage|p1b: Kyogre|53/100
|-hitcount|p1b: Kyogre|3
|
|-weather|RainDance|[upkeep]
|upkeep
|turn|2
|inactive|thesuperbadtrainer has 30 seconds left.
|
|t:|1750769217
|move|p2a: Lunala|Wide Guard|p2a: Lunala
|-singleturn|p2a: Lunala|Wide Guard
|move|p1a: Tornadus|Taunt|p2a: Lunala
|-start|p2a: Lunala|move: Taunt
|move|p1b: Kyogre|Thunder|p2b: Urshifu
|-supereffective|p2b: Urshifu
|-damage|p2b: Urshifu|0 fnt
|faint|p2b: Urshifu
|
|-weather|RainDance|[upkeep]
|upkeep
|
|t:|1750769228
|switch|p2b: Hitmontop|Hitmontop, L50, M|100/100
|-ability|p2b: Hitmontop|Intimidate|boost
|-unboost|p1a: Tornadus|atk|1
|-unboost|p1b: Kyogre|atk|1
|turn|3
|
|t:|1750769236
|move|p1b: Kyogre|Protect|p1b: Kyogre
|-singleturn|p1b: Kyogre|Protect
|move|p2b: Hitmontop|Wide Guard|p2b: Hitmontop
|-singleturn|p2b: Hitmontop|Wide Guard
|move|p1a: Tornadus|Bleakwind Storm|p2a: Lunala|[spread] 
|-activate|p2a: Lunala|move: Wide Guard
|-activate|p2b: Hitmontop|move: Wide Guard
|move|p2a: Lunala|Meteor Beam||[still]
|-prepare|p2a: Lunala|Meteor Beam
|-boost|p2a: Lunala|spa|1
|-enditem|p2a: Lunala|Power Herb
|-anim|p2a: Lunala|Meteor Beam|p1a: Tornadus
|-supereffective|p1a: Tornadus
|-damage|p1a: Tornadus|0 fnt
|faint|p1a: Tornadus
|
|-weather|RainDance|[upkeep]
|upkeep
|
|t:|1750769251
|switch|p1a: Incineroar|Incineroar, L50, F|100/100
|-ability|p1a: Incineroar|Intimidate|boost
|-unboost|p2a: Lunala|atk|1
|-unboost|p2b: Hitmontop|atk|1
|turn|4
|inactive|thesuperbadtrainer has 30 seconds left.
|
|t:|1750769283
|move|p1a: Incineroar|Fake Out|p2b: Hitmontop
|-damage|p2b: Hitmontop|89/100
|-enditem|p2b: Hitmontop|Eject Button
|
|t:|1750769287
|switch|p2b: Ursaluna|Ursaluna, L50, F|100/100
|move|p1b: Kyogre|Water Spout|p2b: Ursaluna|[spread] p2a,p2b
|-supereffective|p2b: Ursaluna
|-damage|p2a: Lunala|79/100
|-damage|p2b: Ursaluna|0 fnt
|faint|p2b: Ursaluna
|move|p2a: Lunala|Moongeist Beam|p1b: Kyogre
|-damage|p1b: Kyogre|3/100
|-enditem|p1b: Kyogre|Sitrus Berry|[eat]
|-heal|p1b: Kyogre|28/100|[from] item: Sitrus Berry
|
|-weather|RainDance|[upkeep]
|-sideend|p1: thesuperbadtrainer|move: Tailwind
|upkeep
|
|t:|1750769290
|switch|p2b: Hitmontop|Hitmontop, L50, M|89/100
|-ability|p2b: Hitmontop|Intimidate|boost
|-unboost|p1a: Incineroar|atk|1
|-unboost|p1b: Kyogre|atk|1
|turn|5
|
|t:|1750769308
|move|p1b: Kyogre|Protect|p1b: Kyogre
|-singleturn|p1b: Kyogre|Protect
|move|p2a: Lunala|Moongeist Beam|p1b: Kyogre
|-activate|p1b: Kyogre|move: Protect
|move|p2b: Hitmontop|Close Combat|p1a: Incineroar
|-supereffective|p1a: Incineroar
|-damage|p1a: Incineroar|25/100
|-unboost|p2b: Hitmontop|def|1
|-unboost|p2b: Hitmontop|spd|1
|move|p1a: Incineroar|Knock Off|p2a: Lunala
|-supereffective|p2a: Lunala
|-damage|p2a: Lunala|26/100
|
|-weather|none
|-end|p2a: Lunala|move: Taunt
|upkeep
|turn|6
|
|t:|1750769332
|switch|p1b: Terapagos|Terapagos, L50, M|100/100
|-activate|p1b: Terapagos|ability: Tera Shift
|detailschange|p1b: Terapagos|Terapagos-Terastal, L50, M
|-heal|p1b: Terapagos|100/100|[silent]
|-terastallize|p2a: Lunala|Fairy
|move|p2b: Hitmontop|Wide Guard|p2b: Hitmontop
|-singleturn|p2b: Hitmontop|Wide Guard
|move|p1a: Incineroar|Snarl|p2b: Hitmontop|[spread] 
|-activate|p2a: Lunala|move: Wide Guard
|-activate|p2b: Hitmontop|move: Wide Guard
|move|p2a: Lunala|Trick Room|p2a: Lunala
|-fieldstart|move: Trick Room|[of] p2a: Lunala
|
|upkeep
|turn|7
|inactive|thesuperbadtrainer has 30 seconds left.
|
|t:|1750769359
|move|p1a: Incineroar|Parting Shot|p2a: Lunala
|-unboost|p2a: Lunala|atk|1
|-unboost|p2a: Lunala|spa|1
|
|t:|1750769362
|switch|p1a: Kyogre|Kyogre, L50, tera:Water|28/100|[from] Parting Shot
|-weather|RainDance|[from] ability: Drizzle|[of] p1a: Kyogre
|move|p2b: Hitmontop|Close Combat|p1b: Terapagos
|-activate|p1b: Terapagos|ability: Tera Shell
|-resisted|p1b: Terapagos
|-damage|p1b: Terapagos|81/100
|-unboost|p2b: Hitmontop|def|1
|-unboost|p2b: Hitmontop|spd|1
|move|p2a: Lunala|Moongeist Beam|p1a: Kyogre
|-damage|p1a: Kyogre|0 fnt
|faint|p1a: Kyogre
|move|p1b: Terapagos|Calm Mind|p1b: Terapagos
|-boost|p1b: Terapagos|spa|1
|-boost|p1b: Terapagos|spd|1
|
|-weather|RainDance|[upkeep]
|-heal|p1b: Terapagos|87/100|[from] item: Leftovers
|upkeep
|
|t:|1750769379
|switch|p1a: Incineroar|Incineroar, L50, F|25/100
|-ability|p1a: Incineroar|Intimidate|boost
|-unboost|p2a: Lunala|atk|1
|-unboost|p2b: Hitmontop|atk|1
|turn|8
|
|t:|1750769389
|move|p1a: Incineroar|Fake Out|p2a: Lunala
|-damage|p2a: Lunala|18/100
|cant|p2a: Lunala|flinch
|move|p2b: Hitmontop|Close Combat|p1b: Terapagos
|-supereffective|p1b: Terapagos
|-damage|p1b: Terapagos|38/100
|-unboost|p2b: Hitmontop|def|1
|-unboost|p2b: Hitmontop|spd|1
|move|p1b: Terapagos|Tera Starstorm|p2a: Lunala
|-damage|p2a: Lunala|0 fnt
|faint|p2a: Lunala
|
|-weather|RainDance|[upkeep]
|-heal|p1b: Terapagos|44/100|[from] item: Leftovers
|upkeep
|turn|9
|
|t:|1750769409
|move|p1a: Incineroar|Knock Off|p2b: Hitmontop
|-resisted|p2b: Hitmontop
|-damage|p2b: Hitmontop|53/100
|move|p2b: Hitmontop|Close Combat|p1b: Terapagos
|-supereffective|p1b: Terapagos
|-damage|p1b: Terapagos|0 fnt
|-unboost|p2b: Hitmontop|def|1
|-unboost|p2b: Hitmontop|spd|1
|faint|p1b: Terapagos
|
|-weather|RainDance|[upkeep]
|upkeep
|turn|10
|
|t:|1750769423
|move|p1a: Incineroar|Knock Off|p2b: Hitmontop
|-resisted|p2b: Hitmontop
|-damage|p2b: Hitmontop|11/100
|move|p2b: Hitmontop|Close Combat|p1a: Incineroar
|-supereffective|p1a: Incineroar
|-damage|p1a: Incineroar|0 fnt
|-unboost|p2b: Hitmontop|def|1
|-unboost|p2b: Hitmontop|spd|1
|faint|p1a: Incineroar
|
|win|Sallust
|raw|thesuperbadtrainer's rating: 1305 &rarr; <strong>1287</strong><br />(-18 for losing)
|raw|Sallust's rating: 1339 &rarr; <strong>1357</strong><br />(+18 for winning)
|c|☆Sallust|this will be close
|l|☆thesuperbadtrainer
|player|p1|
|c|☆Sallust|damn
|c|☆Sallust|ggs
|c|☆Sallust|well played
|l|☆Sallust
|player|p2|
