|j|☆funnylion
|j|☆Cecila3
|t:|1750710906
|gametype|doubles
|player|p1|funnylion|2|1160
|player|p2|Cecila3|1|1242
|teamsize|p1|6
|teamsize|p2|6
|gen|9
|tier|[Gen 9] VGC 2025 Reg I
|rated|
|rule|Species Clause: Limit one of each Pokémon
|rule|Item Clause: Limit 1 of each item
|clearpoke
|poke|p1|Lunala, L50|
|poke|p1|Koraidon, L50|
|poke|p1|Ditto, L50|
|poke|p1|Jumpluff, L50, M|
|poke|p1|Incineroar, L50, M|
|poke|p1|Ursaluna, L50, M|
|poke|p2|Kyogre, L50|
|poke|p2|Calyrex-Ice, L50|
|poke|p2|Archaludon, L50, M|
|poke|p2|Rillaboom, L50, M|
|poke|p2|Basculegion, L50, M|
|poke|p2|Farigiraf, L50, F|
|teampreview|4
|inactive|Battle timer is ON: inactive players will automatically lose when time's up. (requested by funnylion)
funnylion has agreed to open team sheets.
|
|t:|1750710929
|start
|switch|p1a: Momonga|Lunala, L50|100/100
|switch|p1b: Big Justice|Incineroar, L50, M|100/100
|switch|p2a: Calyrex|Calyrex-Ice, L50|100/100
|switch|p2b: Basculegion|Basculegion, L50, M|100/100
|-ability|p2a: Calyrex|As One
|-ability|p2a: Calyrex|Unnerve
|-ability|p1b: Big Justice|Intimidate|boost
|-unboost|p2a: Calyrex|atk|1
|-unboost|p2b: Basculegion|atk|1
|turn|1
|inactive|funnylion has 30 seconds left.
|
|t:|1750710955
|-terastallize|p1a: Momonga|Water
|move|p2a: Calyrex|Protect|p2a: Calyrex
|-singleturn|p2a: Calyrex|Protect
|move|p1b: Big Justice|Fake Out|p2a: Calyrex
|-activate|p2a: Calyrex|move: Protect
|move|p1a: Momonga|Moongeist Beam|p2b: Basculegion
|-supereffective|p2b: Basculegion
|-damage|p2b: Basculegion|0 fnt
|faint|p2b: Basculegion
|
|upkeep
|
|t:|1750710979
|switch|p2b: Rillaboom|Rillaboom, L50, M|100/100
|-fieldstart|move: Grassy Terrain|[from] ability: Grassy Surge|[of] p2b: Rillaboom
|turn|2
|
|t:|1750710996
|switch|p1a: Big Boom AJ|Koraidon, L50|100/100
|-weather|SunnyDay|[from] ability: Orichalcum Pulse|[of] p1a: Big Boom AJ
|-activate|p1a: Big Boom AJ|Orichalcum Pulse|[source]
|-terastallize|p2a: Calyrex|Fire
|move|p2b: Rillaboom|Fake Out|p1b: Big Justice
|-damage|p1b: Big Justice|90/100
|cant|p1b: Big Justice|flinch
|move|p2a: Calyrex|Trick Room|p2a: Calyrex
|-fieldstart|move: Trick Room|[of] p2a: Calyrex
|
|-weather|SunnyDay|[upkeep]
|-heal|p1b: Big Justice|96/100|[from] Grassy Terrain
|upkeep
|turn|3
|
|t:|1750711020
|move|p1a: Big Boom AJ|Protect|p1a: Big Boom AJ
|-singleturn|p1a: Big Boom AJ|Protect
|move|p2a: Calyrex|Glacial Lance|p1b: Big Justice|[spread] p1b
|-activate|p1a: Big Boom AJ|move: Protect
|-resisted|p1b: Big Justice
|-damage|p1b: Big Justice|80/100
|move|p1b: Big Justice|U-turn|p2b: Rillaboom
|-supereffective|p2b: Rillaboom
|-damage|p2b: Rillaboom|67/100
|
|t:|1750711036
|switch|p1b: Momonga|Lunala, L50, tera:Water|100/100|[from] U-turn
|move|p2b: Rillaboom|U-turn|p1a: Big Boom AJ
|-activate|p1a: Big Boom AJ|move: Protect
|
|-weather|SunnyDay|[upkeep]
|-heal|p2b: Rillaboom|73/100|[from] Grassy Terrain
|upkeep
|turn|4
|
|t:|1750711047
|switch|p2a: Kyogre|Kyogre, L50|100/100
|-weather|RainDance|[from] ability: Drizzle|[of] p2a: Kyogre
|switch|p1a: Big Justice|Incineroar, L50, M|80/100
|-ability|p1a: Big Justice|Intimidate|boost
|-unboost|p2a: Kyogre|atk|1
|-unboost|p2b: Rillaboom|atk|1
|move|p2b: Rillaboom|Grassy Glide|p1b: Momonga
|-supereffective|p1b: Momonga
|-damage|p1b: Momonga|80/100
|move|p1b: Momonga|Trick Room|p1b: Momonga
|-fieldend|move: Trick Room
|
|-weather|RainDance|[upkeep]
|-heal|p1b: Momonga|87/100|[from] Grassy Terrain
|-heal|p2b: Rillaboom|79/100|[from] Grassy Terrain
|-heal|p1a: Big Justice|86/100|[from] Grassy Terrain
|upkeep
|turn|5
|
|t:|1750711066
|move|p1a: Big Justice|Fake Out|p2a: Kyogre
|-damage|p2a: Kyogre|90/100
|move|p1b: Momonga|Meteor Beam||[still]
|-prepare|p1b: Momonga|Meteor Beam
|-boost|p1b: Momonga|spa|1
|-enditem|p1b: Momonga|Power Herb
|-anim|p1b: Momonga|Meteor Beam|p2a: Kyogre
|-damage|p2a: Kyogre|48/100
|cant|p2a: Kyogre|flinch
|move|p2b: Rillaboom|U-turn|p1b: Momonga
|-damage|p1b: Momonga|73/100
|
|t:|1750711077
|switch|p2b: Calyrex|Calyrex-Ice, L50, tera:Fire|100/100|[from] U-turn
|-ability|p2b: Calyrex|As One
|-ability|p2b: Calyrex|Unnerve
|
|-weather|RainDance|[upkeep]
|-heal|p1b: Momonga|79/100|[from] Grassy Terrain
|-heal|p2a: Kyogre|54/100|[from] Grassy Terrain
|-heal|p1a: Big Justice|92/100|[from] Grassy Terrain
|upkeep
|turn|6
|
|t:|1750711094
|move|p1b: Momonga|Wide Guard|p1b: Momonga
|-singleturn|p1b: Momonga|Wide Guard
|move|p2a: Kyogre|Hydro Pump|p1b: Momonga
|-resisted|p1b: Momonga
|-damage|p1b: Momonga|38/100
|move|p1a: Big Justice|U-turn|p2a: Kyogre
|-damage|p2a: Kyogre|35/100
|
|t:|1750711102
|switch|p1a: Big Boom AJ|Koraidon, L50|100/100|[from] U-turn
|-weather|SunnyDay|[from] ability: Orichalcum Pulse|[of] p1a: Big Boom AJ
|-activate|p1a: Big Boom AJ|Orichalcum Pulse|[source]
|move|p2b: Calyrex|Glacial Lance|p1a: Big Boom AJ|[spread] 
|-activate|p1a: Big Boom AJ|move: Wide Guard
|-activate|p1b: Momonga|move: Wide Guard
|
|-weather|SunnyDay|[upkeep]
|-heal|p1b: Momonga|44/100|[from] Grassy Terrain
|-heal|p2a: Kyogre|41/100|[from] Grassy Terrain
|-fieldend|move: Grassy Terrain
|upkeep
|turn|7
|
|t:|1750711117
|switch|p2b: Rillaboom|Rillaboom, L50, M|79/100
|-fieldstart|move: Grassy Terrain|[from] ability: Grassy Surge|[of] p2b: Rillaboom
|move|p2a: Kyogre|Protect|p2a: Kyogre
|-singleturn|p2a: Kyogre|Protect
|move|p1a: Big Boom AJ|Close Combat|p2a: Kyogre
|-activate|p2a: Kyogre|move: Protect
|move|p1b: Momonga|Moongeist Beam|p2b: Rillaboom
|-damage|p2b: Rillaboom|8/100
|
|-weather|SunnyDay|[upkeep]
|-heal|p1b: Momonga|50/100|[from] Grassy Terrain
|-heal|p2a: Kyogre|47/100|[from] Grassy Terrain
|-heal|p2b: Rillaboom|14/100|[from] Grassy Terrain
|upkeep
|turn|8
|
|t:|1750711136
|switch|p2a: Calyrex|Calyrex-Ice, L50, tera:Fire|100/100
|-ability|p2a: Calyrex|As One
|-ability|p2a: Calyrex|Unnerve
|move|p1a: Big Boom AJ|Protect|p1a: Big Boom AJ
|-singleturn|p1a: Big Boom AJ|Protect
|move|p1b: Momonga|Moongeist Beam|p2a: Calyrex
|-damage|p2a: Calyrex|49/100
|move|p2b: Rillaboom|U-turn|p1b: Momonga
|-damage|p1b: Momonga|31/100
|
|t:|1750711139
|switch|p2b: Kyogre|Kyogre, L50|47/100|[from] U-turn
|-weather|RainDance|[from] ability: Drizzle|[of] p2b: Kyogre
|
|-weather|RainDance|[upkeep]
|-heal|p1b: Momonga|38/100|[from] Grassy Terrain
|-heal|p2b: Kyogre|53/100|[from] Grassy Terrain
|-heal|p2a: Calyrex|55/100|[from] Grassy Terrain
|-heal|p2a: Calyrex|61/100|[from] item: Leftovers
|upkeep
|turn|9
|
|t:|1750711159
|move|p1a: Big Boom AJ|Close Combat|p2b: Kyogre
|-damage|p2b: Kyogre|0 fnt
|-unboost|p1a: Big Boom AJ|def|1
|-unboost|p1a: Big Boom AJ|spd|1
|faint|p2b: Kyogre
|-damage|p1a: Big Boom AJ|91/100|[from] item: Life Orb
|move|p1b: Momonga|Moongeist Beam|p2a: Calyrex
|-damage|p2a: Calyrex|7/100
|move|p2a: Calyrex|Glacial Lance|p1a: Big Boom AJ|[spread] p1a,p1b
|-supereffective|p1a: Big Boom AJ
|-resisted|p1b: Momonga
|-damage|p1a: Big Boom AJ|0 fnt
|-damage|p1b: Momonga|15/100
|faint|p1a: Big Boom AJ
|-ability|p2a: Calyrex|Chilling Neigh|boost
|-boost|p2a: Calyrex|atk|1
|
|-weather|RainDance|[upkeep]
|-heal|p1b: Momonga|21/100|[from] Grassy Terrain
|-heal|p2a: Calyrex|13/100|[from] Grassy Terrain
|-heal|p2a: Calyrex|19/100|[from] item: Leftovers
|upkeep
|-message|Cecila3 forfeited.
|
|win|funnylion
|raw|funnylion's rating: 1160 &rarr; <strong>1191</strong><br />(+31 for winning)
|raw|Cecila3's rating: 1242 &rarr; <strong>1211</strong><br />(-31 for losing)
|l|☆Cecila3
|player|p2|
