|j|☆aurabankai173
|j|☆ChampWassili
|t:|1750862888
|gametype|doubles
|player|p1|aurabankai173|cynthia-gen4|1177
|player|p2|ChampWassili|wallace|1147
|teamsize|p1|6
|teamsize|p2|6
|gen|9
|tier|[Gen 9] VGC 2025 Reg I
|rated|
|rule|Species Clause: Limit one of each Pokémon
|rule|Item Clause: Limit 1 of each item
|clearpoke
|poke|p1|Koraidon, L50|
|poke|p1|Calyrex-Shadow, L50|
|poke|p1|Roaring Moon, L50|
|poke|p1|Amoonguss, L50, M|
|poke|p1|Incineroar, L50, M|
|poke|p1|Urshifu-*, L50, M|
|poke|p2|Charizard, L50, M|
|poke|p2|Pelipper, L50, F|
|poke|p2|Luvdisc, L50, F|
|poke|p2|Virizion, L50|
|poke|p2|Empoleon, L50, M|
|poke|p2|Cryogonal, L50|
|teampreview|4
|inactive|Battle timer is ON: inactive players will automatically lose when time's up. (requested by aurabankai173)
|
|t:|1750862913
|start
|switch|p1a: Urshifu|Urshifu-Rapid-Strike, L50, M|100/100
|switch|p1b: Roaring Moon|Roaring Moon, L50|100/100
|switch|p2a: Toilet|Pelipper, L50, F|100/100
|switch|p2b: GADNUK|Luvdisc, L50, F|100/100
|-weather|RainDance|[from] ability: Drizzle|[of] p2a: Toilet
|turn|1
|
|t:|1750862926
|move|p2b: GADNUK|Ice Beam|p1b: Roaring Moon
|-supereffective|p1b: Roaring Moon
|-damage|p1b: Roaring Moon|53/100
|-status|p1b: Roaring Moon|frz
|cant|p1b: Roaring Moon|frz
|move|p1a: Urshifu|U-turn|p2b: GADNUK
|-damage|p2b: GADNUK|9/100
|
|t:|1750862934
|switch|p1a: Koraidon|Koraidon, L50|100/100|[from] U-turn
|-weather|SunnyDay|[from] ability: Orichalcum Pulse|[of] p1a: Koraidon
|-activate|p1b: Roaring Moon|ability: Protosynthesis
|-start|p1b: Roaring Moon|protosynthesisspe
|-activate|p1a: Koraidon|Orichalcum Pulse|[source]
|move|p2a: Toilet|Tailwind|p2a: Toilet
|-sidestart|p2: ChampWassili|move: Tailwind
|
|-weather|SunnyDay|[upkeep]
|upkeep
|turn|2
|
|t:|1750862958
|-terastallize|p1a: Koraidon|Fire
|move|p2b: GADNUK|Ice Beam|p1b: Roaring Moon
|-supereffective|p1b: Roaring Moon
|-damage|p1b: Roaring Moon|4/100 frz
|cant|p1b: Roaring Moon|frz
|move|p1a: Koraidon|Flame Charge|p2b: GADNUK
|-resisted|p2b: GADNUK
|-damage|p2b: GADNUK|0 fnt
|-boost|p1a: Koraidon|spe|1
|faint|p2b: GADNUK
|-damage|p1a: Koraidon|91/100|[from] item: Life Orb
|move|p2a: Toilet|U-turn|p1b: Roaring Moon
|-supereffective|p1b: Roaring Moon
|-damage|p1b: Roaring Moon|0 fnt
|faint|p1b: Roaring Moon
|-end|p1b: Roaring Moon|Protosynthesis|[silent]
|
|t:|1750862969
|switch|p2a: Sriracha|Charizard, L50, M, shiny|100/100|[from] U-turn
|
|-weather|SunnyDay|[upkeep]
|-damage|p2a: Sriracha|88/100|[from] ability: Solar Power|[of] p2a: Sriracha
|upkeep
|
|t:|1750862975
|switch|p1b: Urshifu|Urshifu-Rapid-Strike, L50, M|100/100
|switch|p2b: Toilet|Pelipper, L50, F|100/100
|-weather|RainDance|[from] ability: Drizzle|[of] p2b: Toilet
|turn|3
|inactive|aurabankai173 has 30 seconds left.
|
|t:|1750863002
|switch|p1b: Amoonguss|Amoonguss, L50, M|100/100
|-terastallize|p2a: Sriracha|Water
|move|p1a: Koraidon|Protect|p1a: Koraidon
|-singleturn|p1a: Koraidon|Protect
|move|p2a: Sriracha|Weather Ball|p1a: Koraidon
|-activate|p1a: Koraidon|move: Protect
|move|p2b: Toilet|Hydro Pump|p1b: Amoonguss|[miss]
|-miss|p2b: Toilet|p1b: Amoonguss
|
|-weather|RainDance|[upkeep]
|upkeep
|turn|4
|
|t:|1750863023
|move|p1b: Amoonguss|Rage Powder|p1b: Amoonguss
|-singleturn|p1b: Amoonguss|move: Rage Powder
|move|p2a: Sriracha|Hurricane|p1b: Amoonguss
|-supereffective|p1b: Amoonguss
|-damage|p1b: Amoonguss|0 fnt
|faint|p1b: Amoonguss
|-damage|p2a: Sriracha|78/100|[from] item: Life Orb
|move|p1a: Koraidon|Close Combat|p2a: Sriracha
|-damage|p2a: Sriracha|0 fnt
|-unboost|p1a: Koraidon|def|1
|-unboost|p1a: Koraidon|spd|1
|faint|p2a: Sriracha
|-damage|p1a: Koraidon|82/100|[from] item: Life Orb
|move|p2b: Toilet|Hydro Pump|p1a: Koraidon
|-supereffective|p1a: Koraidon
|-damage|p1a: Koraidon|0 fnt
|faint|p1a: Koraidon
|
|-weather|RainDance|[upkeep]
|-sideend|p2: ChampWassili|move: Tailwind
|upkeep
|
|t:|1750863040
|switch|p2a: McFlurry|Cryogonal, L50|100/100
|switch|p1b: Urshifu|Urshifu-Rapid-Strike, L50, M|100/100
|turn|5
|inactive|ChampWassili has 30 seconds left.
|
|t:|1750863069
|move|p2a: McFlurry|Freeze-Dry|p1b: Urshifu
|-supereffective|p1b: Urshifu
|-damage|p1b: Urshifu|12/100
|move|p1b: Urshifu|Close Combat|p2a: McFlurry
|-supereffective|p2a: McFlurry
|-damage|p2a: McFlurry|0 fnt
|-unboost|p1b: Urshifu|def|1
|-unboost|p1b: Urshifu|spd|1
|faint|p2a: McFlurry
|move|p2b: Toilet|Hydro Pump|p1b: Urshifu|[miss]
|-miss|p2b: Toilet|p1b: Urshifu
|
|-weather|RainDance|[upkeep]
|upkeep
|turn|6
|
|t:|1750863087
|move|p1b: Urshifu|Close Combat|p2b: Toilet
|-resisted|p2b: Toilet
|-damage|p2b: Toilet|52/100
|-unboost|p1b: Urshifu|def|1
|-unboost|p1b: Urshifu|spd|1
|move|p2b: Toilet|Ice Beam|p1b: Urshifu
|-resisted|p1b: Urshifu
|-damage|p1b: Urshifu|0 fnt
|faint|p1b: Urshifu
|
|win|ChampWassili
|raw|aurabankai173's rating: 1177 &rarr; <strong>1150</strong><br />(-27 for losing)
|raw|ChampWassili's rating: 1147 &rarr; <strong>1174</strong><br />(+27 for winning)
|l|☆aurabankai173
|player|p1|
|l|☆ChampWassili
|player|p2|
