|j|☆kylosrosephoenix
|j|☆itzlenaluv
|t:|1750770079
|gametype|doubles
|player|p1|kylosrosephoenix|nate|1105
|player|p2|itzlenaluv|1|1075
|teamsize|p1|6
|teamsize|p2|6
|gen|9
|tier|[Gen 9] VGC 2025 Reg I
|rated|
|rule|Species Clause: Limit one of each Pokémon
|rule|Item Clause: Limit 1 of each item
|clearpoke
|poke|p1|Whimsicott, L50, M|
|poke|p1|Roaring Moon, L50|
|poke|p1|Kyogre, L50|
|poke|p1|Flutter Mane, L50|
|poke|p1|Zamazenta-*, L50|
|poke|p1|Ogerpon-Hearthflame, L50, F|
|poke|p2|Ninetales-Alola, L50, F|
|poke|p2|Miraidon, L50|
|poke|p2|Kyurem-White, L50|
|poke|p2|Whimsicott, L50, M|
|poke|p2|Iron Hands, L50|
|poke|p2|Incineroar, L50, M|
|teampreview|4
|
|t:|1750770100
|start
|switch|p1a: Roaring Moon|Roaring Moon, L50|100/100
|switch|p1b: Whimsicott|Whimsicott, L50, M|100/100
|switch|p2a: Ninetales|Ninetales-Alola, L50, F|100/100
|switch|p2b: Whimsicott|Whimsicott, L50, M|100/100
|-weather|Snowscape|[from] ability: Snow Warning|[of] p2a: Ninetales
|-enditem|p1a: Roaring Moon|Booster Energy
|-activate|p1a: Roaring Moon|ability: Protosynthesis|[fromitem]
|-start|p1a: Roaring Moon|protosynthesisspe
|turn|1
|inactive|Battle timer is ON: inactive players will automatically lose when time's up. (requested by kylosrosephoenix)
|
|t:|1750770110
|move|p1b: Whimsicott|Taunt|p2b: Whimsicott
|-start|p2b: Whimsicott|move: Taunt
|cant|p2b: Whimsicott|move: Taunt|Tailwind
|move|p1a: Roaring Moon|Taunt|p2a: Ninetales
|-start|p2a: Ninetales|move: Taunt
|cant|p2a: Ninetales|move: Taunt|Aurora Veil
|
|-weather|Snowscape|[upkeep]
|upkeep
|turn|2
|inactive|kylosrosephoenix has 30 seconds left.
|
|t:|1750770136
|-end|p1a: Roaring Moon|Protosynthesis|[silent]
|switch|p1a: Zamazenta|Zamazenta-Crowned, L50|100/100
|-ability|p1a: Zamazenta|Dauntless Shield|boost
|-boost|p1a: Zamazenta|def|1
|move|p1b: Whimsicott|Tailwind|p1b: Whimsicott
|-sidestart|p1: kylosrosephoenix|move: Tailwind
|move|p2a: Ninetales|Blizzard|p1b: Whimsicott|[spread] p1a,p1b
|-resisted|p1a: Zamazenta
|-supereffective|p1b: Whimsicott
|-damage|p1a: Zamazenta|92/100
|-damage|p1b: Whimsicott|38/100
|move|p2b: Whimsicott|Moonblast|p1a: Zamazenta
|-damage|p1a: Zamazenta|72/100
|
|-weather|Snowscape|[upkeep]
|upkeep
|turn|3
|
|t:|1750770155
|switch|p2a: Miraidon|Miraidon, L50|100/100
|-fieldstart|move: Electric Terrain|[from] ability: Hadron Engine|[of] p2a: Miraidon
|move|p1b: Whimsicott|Dazzling Gleam|p2b: Whimsicott|[spread] p2a,p2b
|-supereffective|p2a: Miraidon
|-damage|p2a: Miraidon|73/100
|-damage|p2b: Whimsicott|80/100
|move|p1a: Zamazenta|Behemoth Bash|p2a: Miraidon
|-resisted|p2a: Miraidon
|-damage|p2a: Miraidon|52/100
|move|p2b: Whimsicott|Moonblast|p1b: Whimsicott
|-damage|p1b: Whimsicott|2/100
|
|-weather|Snowscape|[upkeep]
|-end|p2b: Whimsicott|move: Taunt
|upkeep
|turn|4
|
|t:|1750770172
|switch|p1b: Roaring Moon|Roaring Moon, L50|100/100
|-terastallize|p2a: Miraidon|Fairy
|move|p2b: Whimsicott|Helping Hand|p2a: Miraidon
|-singleturn|p2a: Miraidon|Helping Hand|[of] p2b: Whimsicott
|move|p1a: Zamazenta|Behemoth Bash|p2b: Whimsicott
|-supereffective|p2b: Whimsicott
|-damage|p2b: Whimsicott|0 fnt
|faint|p2b: Whimsicott
|move|p2a: Miraidon|Dazzling Gleam|p1b: Roaring Moon|[spread] p1a,p1b
|-supereffective|p1b: Roaring Moon
|-damage|p1a: Zamazenta|1/100
|-damage|p1b: Roaring Moon|0 fnt
|faint|p1b: Roaring Moon
|-end|p1b: Roaring Moon|Protosynthesis|[silent]
|
|-weather|Snowscape|[upkeep]
|upkeep
|
|t:|1750770189
|switch|p1b: Kyogre|Kyogre, L50|100/100
|switch|p2b: Ninetales|Ninetales-Alola, L50, F|100/100
|-weather|RainDance|[from] ability: Drizzle|[of] p1b: Kyogre
|-weather|Snowscape|[from] ability: Snow Warning|[of] p2b: Ninetales
|turn|5
|
|t:|1750770206
|move|p1a: Zamazenta|Behemoth Bash|p2b: Ninetales
|-supereffective|p2b: Ninetales
|-damage|p2b: Ninetales|0 fnt
|faint|p2b: Ninetales
|move|p1b: Kyogre|Origin Pulse|p2a: Miraidon|[miss]
|-miss|p1b: Kyogre|p2a: Miraidon
|move|p2a: Miraidon|Dazzling Gleam|p1a: Zamazenta|[spread] p1a,p1b
|-damage|p1a: Zamazenta|0 fnt
|-damage|p1b: Kyogre|52/100
|faint|p1a: Zamazenta
|
|-weather|Snowscape|[upkeep]
|-sideend|p1: kylosrosephoenix|move: Tailwind
|upkeep
|
|t:|1750770214
|switch|p2b: Kyurem|Kyurem-White, L50, shiny|100/100
|switch|p1a: Whimsicott|Whimsicott, L50, M|2/100
|-ability|p2b: Kyurem|Turboblaze
|turn|6
|
|t:|1750770222
|-terastallize|p1b: Kyogre|Water
|move|p1a: Whimsicott|Tailwind|p1a: Whimsicott
|-sidestart|p1: kylosrosephoenix|move: Tailwind
|move|p1b: Kyogre|Origin Pulse|p2b: Kyurem|[spread] p2a
|-miss|p1b: Kyogre|p2b: Kyurem
|-damage|p2a: Miraidon|0 fnt
|faint|p2a: Miraidon
|move|p2b: Kyurem|Freeze-Dry|p1b: Kyogre
|-supereffective|p1b: Kyogre
|-damage|p1b: Kyogre|0 fnt
|faint|p1b: Kyogre
|
|-weather|Snowscape|[upkeep]
|upkeep
|turn|7
|
|t:|1750770234
|move|p1a: Whimsicott|Dazzling Gleam|p2b: Kyurem
|-supereffective|p2b: Kyurem
|-damage|p2b: Kyurem|78/100
|move|p2b: Kyurem|Blizzard|p1a: Whimsicott
|-supereffective|p1a: Whimsicott
|-damage|p1a: Whimsicott|0 fnt
|faint|p1a: Whimsicott
|
|win|itzlenaluv
|raw|kylosrosephoenix's rating: 1105 &rarr; <strong>1078</strong><br />(-27 for losing)
|raw|itzlenaluv's rating: 1075 &rarr; <strong>1106</strong><br />(+31 for winning)
