|j|☆Duskr4y
|j|☆LostCityofAtlanta
|t:|1750857728
|gametype|doubles
|player|p1|Duskr4y|shadowtriad|1090
|player|p2|LostCityofAtlanta|169|1161
|teamsize|p1|6
|teamsize|p2|6
|gen|9
|tier|[Gen 9] VGC 2025 Reg I
|rated|
|rule|Species Clause: Limit one of each Pokémon
|rule|Item Clause: Limit 1 of each item
|clearpoke
|poke|p1|Arcanine-Hisui, L50, F|
|poke|p1|Whimsicott, L50, F|
|poke|p1|Archaludon, L50, M|
|poke|p1|Thundurus-Therian, L50, M|
|poke|p1|Miraidon, L50|
|poke|p1|Iron Bundle, L50|
|poke|p2|Mewtwo, L50|
|poke|p2|Smeargle, L50, F|
|poke|p2|Calyrex-Shadow, L50|
|poke|p2|Rillaboom, L50, M|
|poke|p2|Incineroar, L50, F|
|poke|p2|Grimmsnarl, L50, M|
|teampreview|4
|
|t:|1750857743
|start
|switch|p1a: Archaludon|Archaludon, L50, M|100/100
|switch|p1b: Thundurus|Thundurus-Therian, L50, M|100/100
|switch|p2a: Smeargle|Smeargle, L50, F|100/100
|switch|p2b: Rillaboom|Rillaboom, L50, M|100/100
|-fieldstart|move: Grassy Terrain|[from] ability: Grassy Surge|[of] p2b: Rillaboom
|turn|1
|
|t:|1750857753
|switch|p2b: Mewtwo|Mewtwo, L50|100/100
|-ability|p2b: Mewtwo|Pressure
|-terastallize|p1a: Archaludon|Dark
|move|p1b: Thundurus|U-turn|p1a: Archaludon
|-supereffective|p1a: Archaludon
|-damage|p1a: Archaludon|73/100
|-ability|p1a: Archaludon|Stamina|boost
|-boost|p1a: Archaludon|def|1
|-enditem|p1a: Archaludon|Weakness Policy
|-boost|p1a: Archaludon|atk|2|[from] item: Weakness Policy
|-boost|p1a: Archaludon|spa|2|[from] item: Weakness Policy
|
|t:|1750857770
|switch|p1b: Miraidon|Miraidon, L50|100/100|[from] U-turn
|-fieldstart|move: Electric Terrain|[from] ability: Hadron Engine|[of] p1b: Miraidon
|move|p1a: Archaludon|Aura Sphere|p2a: Smeargle
|-supereffective|p2a: Smeargle
|-enditem|p2a: Smeargle|Focus Sash
|-damage|p2a: Smeargle|1/100
|move|p2a: Smeargle|Entrainment|p2b: Mewtwo
|-endability|p2b: Mewtwo|Pressure|[from] move: Entrainment
|-ability|p2b: Mewtwo|Moody|[from] move: Entrainment
|
|-ability|p2b: Mewtwo|Moody|boost
|-boost|p2b: Mewtwo|spd|2
|-unboost|p2b: Mewtwo|atk|1
|-ability|p2a: Smeargle|Moody|boost
|-boost|p2a: Smeargle|atk|2
|-unboost|p2a: Smeargle|spd|1
|upkeep
|turn|2
|
|t:|1750857784
|switch|p2a: Rillaboom|Rillaboom, L50, M|100/100
|-fieldstart|move: Grassy Terrain|[from] ability: Grassy Surge|[of] p2a: Rillaboom
|move|p2b: Mewtwo|Protect|p2b: Mewtwo
|-singleturn|p2b: Mewtwo|Protect
|move|p1b: Miraidon|Electro Drift|p2a: Rillaboom
|-resisted|p2a: Rillaboom
|-damage|p2a: Rillaboom|74/100
|move|p1a: Archaludon|Dark Pulse|p2b: Mewtwo
|-activate|p2b: Mewtwo|move: Protect
|
|-heal|p1a: Archaludon|79/100|[from] Grassy Terrain
|-heal|p2a: Rillaboom|80/100|[from] Grassy Terrain
|-ability|p2b: Mewtwo|Moody|boost
|-boost|p2b: Mewtwo|spa|2
|-unboost|p2b: Mewtwo|atk|1
|upkeep
|turn|3
|
|t:|1750857815
|move|p2a: Rillaboom|Fake Out|p1a: Archaludon
|-damage|p1a: Archaludon|71/100
|-ability|p1a: Archaludon|Stamina|boost
|-boost|p1a: Archaludon|def|1
|move|p1b: Miraidon|Electro Drift|p2b: Mewtwo
|-damage|p2b: Mewtwo|67/100
|cant|p1a: Archaludon|flinch
|move|p2b: Mewtwo|Aura Sphere|p1a: Archaludon
|-supereffective|p1a: Archaludon
|-damage|p1a: Archaludon|0 fnt
|faint|p1a: Archaludon
|
|-heal|p2b: Mewtwo|74/100|[from] Grassy Terrain
|-heal|p2b: Mewtwo|80/100|[from] item: Leftovers
|-heal|p2a: Rillaboom|86/100|[from] Grassy Terrain
|-ability|p2b: Mewtwo|Moody|boost
|-boost|p2b: Mewtwo|atk|2
|-unboost|p2b: Mewtwo|def|1
|upkeep
|
|t:|1750857832
|switch|p1a: Thundurus|Thundurus-Therian, L50, M|100/100
|turn|4
|
|t:|1750857838
|move|p2b: Mewtwo|Protect|p2b: Mewtwo
|-singleturn|p2b: Mewtwo|Protect
|move|p1a: Thundurus|Wildbolt Storm|p2b: Mewtwo|[spread] p2a
|-activate|p2b: Mewtwo|move: Protect
|-resisted|p2a: Rillaboom
|-damage|p2a: Rillaboom|72/100
|move|p1b: Miraidon|Electro Drift|p2b: Mewtwo
|-activate|p2b: Mewtwo|move: Protect
|move|p2a: Rillaboom|U-turn|p1b: Miraidon
|-damage|p1b: Miraidon|72/100
|
|t:|1750857850
|switch|p2a: Calyrex|Calyrex-Shadow, L50|100/100|[from] U-turn
|-ability|p2a: Calyrex|As One
|-ability|p2a: Calyrex|Unnerve
|
|-heal|p1b: Miraidon|78/100|[from] Grassy Terrain
|-heal|p2b: Mewtwo|86/100|[from] Grassy Terrain
|-heal|p2b: Mewtwo|92/100|[from] item: Leftovers
|-ability|p2b: Mewtwo|Moody|boost
|-boost|p2b: Mewtwo|spe|2
|-unboost|p2b: Mewtwo|spd|1
|upkeep
|turn|5
|
|t:|1750857858
|move|p2b: Mewtwo|Stored Power|p1a: Thundurus
|-damage|p1a: Thundurus|0 fnt
|faint|p1a: Thundurus
|move|p2a: Calyrex|Disable|p1b: Miraidon
|-start|p1b: Miraidon|Disable|Electro Drift
|cant|p1b: Miraidon|Disable|Electro Drift
|
|-heal|p2b: Mewtwo|99/100|[from] Grassy Terrain
|-heal|p2b: Mewtwo|100/100|[from] item: Leftovers
|-heal|p1b: Miraidon|84/100|[from] Grassy Terrain
|-ability|p2b: Mewtwo|Moody|boost
|-boost|p2b: Mewtwo|spa|2
|-unboost|p2b: Mewtwo|atk|1
|upkeep
|
|t:|1750857861
|switch|p1a: Arcanine|Arcanine-Hisui, L50, F|100/100
|turn|6
|
|t:|1750857879
|switch|p2a: Smeargle|Smeargle, L50, F|1/100
|move|p2b: Mewtwo|Protect|p2b: Mewtwo
|-singleturn|p2b: Mewtwo|Protect
|-activate|p1b: Miraidon|move: Struggle
|move|p1b: Miraidon|Struggle|p2a: Smeargle
|-damage|p2a: Smeargle|0 fnt
|faint|p2a: Smeargle
|-damage|p1b: Miraidon|59/100|[from] recoil
|move|p1a: Arcanine|Head Smash|p2b: Mewtwo
|-activate|p2b: Mewtwo|move: Protect
|
|-heal|p1b: Miraidon|64/100|[from] Grassy Terrain
|-fieldend|move: Grassy Terrain
|-ability|p2b: Mewtwo|Moody|boost
|-boost|p2b: Mewtwo|spa|2
|-unboost|p2b: Mewtwo|spd|1
|upkeep
|
|t:|1750857881
|switch|p2a: Rillaboom|Rillaboom, L50, M|72/100
|-fieldstart|move: Grassy Terrain|[from] ability: Grassy Surge|[of] p2a: Rillaboom
|turn|7
|
|t:|1750857896
|move|p2a: Rillaboom|Fake Out|p1a: Arcanine
|-resisted|p1a: Arcanine
|-damage|p1a: Arcanine|92/100
|move|p2b: Mewtwo|Aura Sphere|p1a: Arcanine
|-supereffective|p1a: Arcanine
|-damage|p1a: Arcanine|0 fnt
|faint|p1a: Arcanine
|-activate|p1b: Miraidon|move: Struggle
|move|p1b: Miraidon|Struggle|p2a: Rillaboom
|-damage|p2a: Rillaboom|62/100
|-damage|p1b: Miraidon|39/100|[from] recoil
|
|-heal|p1b: Miraidon|45/100|[from] Grassy Terrain
|-heal|p2a: Rillaboom|68/100|[from] Grassy Terrain
|-ability|p2b: Mewtwo|Moody|boost
|-boost|p2b: Mewtwo|def|2
|-unboost|p2b: Mewtwo|spd|1
|upkeep
|turn|8
|
|t:|1750857904
|move|p2b: Mewtwo|Stored Power|p1b: Miraidon
|-damage|p1b: Miraidon|0 fnt
|faint|p1b: Miraidon
|
|win|LostCityofAtlanta
|raw|Duskr4y's rating: 1090 &rarr; <strong>1071</strong><br />(-19 for losing)
|raw|LostCityofAtlanta's rating: 1161 &rarr; <strong>1181</strong><br />(+20 for winning)
|l|☆Duskr4y
|player|p1|
