|j|☆wuhanyiluanma
|j|☆CamNewtontheGOAT
|t:|1750742814
|gametype|doubles
|player|p1|wuhanyiluanma|169|1390
|player|p2|CamNewtontheGOAT|265|1458
|teamsize|p1|6
|teamsize|p2|6
|gen|9
|tier|[Gen 9] VGC 2025 Reg I
|rated|
|rule|Species Clause: Limit one of each Pokémon
|rule|Item Clause: Limit 1 of each item
|clearpoke
|poke|p1|Okidogi, L50, M|
|poke|p1|Palkia, L50|
|poke|p1|Lanturn, L50, F|
|poke|p1|Miraidon, L50|
|poke|p1|Grimmsnarl, L50, M|
|poke|p1|Oranguru, L50, F|
|poke|p2|Koraidon, L50|
|poke|p2|Flutter Mane, L50|
|poke|p2|Chi-Yu, L50|
|poke|p2|Calyrex-Shadow, L50|
|poke|p2|Rillaboom, L50, M|
|poke|p2|Smeargle, L50, F|
|teampreview|4
|inactive|Battle timer is ON: inactive players will automatically lose when time's up. (requested by CamNewtontheGOAT)
CamNewtontheGOAT rejected open team sheets.
|inactive|CamNewtontheGOAT has 60 seconds left.
|
|t:|1750742872
|start
|switch|p1a: Grimmsnarl|Grimmsnarl, L50, M|100/100
|switch|p1b: Okidogi|Okidogi, L50, M|100/100
|switch|p2a: Smeargle|Smeargle, L50, F|100/100
|switch|p2b: Chi-Yu|Chi-Yu, L50|100/100
|-ability|p2b: Chi-Yu|Beads of Ruin
|turn|1
|
|t:|1750742894
|move|p2a: Smeargle|Fake Out|p1a: Grimmsnarl
|-damage|p1a: Grimmsnarl|92/100
|cant|p1a: Grimmsnarl|flinch
|move|p2b: Chi-Yu|Overheat|p1a: Grimmsnarl
|-damage|p1a: Grimmsnarl|1/100
|-unboost|p2b: Chi-Yu|spa|2
|move|p1b: Okidogi|Drain Punch|p2b: Chi-Yu
|-supereffective|p2b: Chi-Yu
|-damage|p2b: Chi-Yu|0 fnt
|faint|p2b: Chi-Yu
|
|-ability|p2a: Smeargle|Moody|boost
|-boost|p2a: Smeargle|spa|2
|-unboost|p2a: Smeargle|def|1
|upkeep
|
|t:|1750742917
|switch|p2b: Flutter Mane|Flutter Mane, L50|100/100
|turn|2
|
|t:|1750742927
|-terastallize|p2b: Flutter Mane|Fairy
|move|p2a: Smeargle|Follow Me|p2a: Smeargle
|-singleturn|p2a: Smeargle|move: Follow Me
|move|p1a: Grimmsnarl|Light Screen|p1a: Grimmsnarl
|-sidestart|p1: wuhanyiluanma|move: Light Screen
|move|p2b: Flutter Mane|Dazzling Gleam|p1b: Okidogi|[spread] p1a,p1b
|-supereffective|p1a: Grimmsnarl
|-damage|p1a: Grimmsnarl|0 fnt
|-damage|p1b: Okidogi|76/100
|faint|p1a: Grimmsnarl
|move|p1b: Okidogi|Knock Off|p2a: Smeargle
|-enditem|p2a: Smeargle|Focus Sash
|-damage|p2a: Smeargle|1/100
|
|-ability|p2a: Smeargle|Moody|boost
|-boost|p2a: Smeargle|atk|2
|-unboost|p2a: Smeargle|spd|1
|upkeep
|
|t:|1750742944
|switch|p1a: Miraidon|Miraidon, L50|100/100
|-fieldstart|move: Electric Terrain|[from] ability: Hadron Engine|[of] p1a: Miraidon
|turn|3
|
|t:|1750742951
|-terastallize|p1a: Miraidon|Fairy
|move|p2b: Flutter Mane|Dazzling Gleam|p1b: Okidogi|[spread] p1a,p1b
|-damage|p1a: Miraidon|72/100
|-damage|p1b: Okidogi|53/100
|move|p1a: Miraidon|Parabolic Charge|p2b: Flutter Mane|[spread] p1b,p2a,p2b
|-damage|p1b: Okidogi|35/100
|-heal|p1a: Miraidon|80/100|[from] drain|[of] p1b: Okidogi
|-damage|p2a: Smeargle|0 fnt
|-heal|p1a: Miraidon|81/100|[from] drain|[of] p2a: Smeargle
|-damage|p2b: Flutter Mane|62/100
|-heal|p1a: Miraidon|95/100|[from] drain|[of] p2b: Flutter Mane
|faint|p2a: Smeargle
|move|p1b: Okidogi|Poison Jab|p2b: Flutter Mane
|-supereffective|p2b: Flutter Mane
|-damage|p2b: Flutter Mane|0 fnt
|faint|p2b: Flutter Mane
|-end|p2b: Flutter Mane|Protosynthesis|[silent]
|
|upkeep
|
|t:|1750742962
|switch|p2b: Koraidon|Koraidon, L50|100/100
|-weather|SunnyDay|[from] ability: Orichalcum Pulse|[of] p2b: Koraidon
|-activate|p2b: Koraidon|Orichalcum Pulse|[source]
|turn|4
|
|t:|1750742980
|move|p1a: Miraidon|Protect|p1a: Miraidon
|-singleturn|p1a: Miraidon|Protect
|move|p2b: Koraidon|Flare Blitz|p1a: Miraidon
|-activate|p1a: Miraidon|move: Protect
|move|p1b: Okidogi|Knock Off|p2b: Koraidon
|-resisted|p2b: Koraidon
|-damage|p2b: Koraidon|86/100
|-enditem|p2b: Koraidon|Clear Amulet|[from] move: Knock Off|[of] p1b: Okidogi
|
|-weather|SunnyDay|[upkeep]
|upkeep
|turn|5
|
|t:|1750742995
|move|p2b: Koraidon|Flare Blitz|p1a: Miraidon
|-damage|p1a: Miraidon|40/100
|-damage|p2b: Koraidon|65/100|[from] Recoil
|move|p1a: Miraidon|Calm Mind|p1a: Miraidon
|-boost|p1a: Miraidon|spa|1
|-boost|p1a: Miraidon|spd|1
|move|p1b: Okidogi|Drain Punch|p2b: Koraidon
|-damage|p2b: Koraidon|30/100
|-heal|p1b: Okidogi|51/100|[from] drain|[of] p2b: Koraidon
|
|-weather|SunnyDay|[upkeep]
|upkeep
|turn|6
|-message|CamNewtontheGOAT forfeited.
|
|win|wuhanyiluanma
|raw|wuhanyiluanma's rating: 1390 &rarr; <strong>1414</strong><br />(+24 for winning)
|raw|CamNewtontheGOAT's rating: 1458 &rarr; <strong>1434</strong><br />(-24 for losing)
|l|☆CamNewtontheGOAT
|player|p2|
|l|☆wuhanyiluanma
|player|p1|
