|j|☆drewskiloo
|j|☆parrotboy
|t:|1750739902
|gametype|doubles
|player|p1|drewskiloo|shadowtriad|1321
|player|p2|parrotboy|hiker-gen4|1370
|teamsize|p1|6
|teamsize|p2|6
|gen|9
|tier|[Gen 9] VGC 2025 Reg I
|rated|
|rule|Species Clause: Limit one of each Pokémon
|rule|Item Clause: Limit 1 of each item
|clearpoke
|poke|p1|Calyrex-Shadow, L50|
|poke|p1|Koraidon, L50|
|poke|p1|Weezing-Galar, L50, M|
|poke|p1|Raging Bolt, L50|
|poke|p1|Ditto, L50|
|poke|p1|Jumpluff, L50, M|
|poke|p2|Wartortle, L50, M|
|poke|p2|Calyrex-Shadow, L50|
|poke|p2|Koraidon, L50|
|poke|p2|Chi-Yu, L50|
|poke|p2|Flutter Mane, L50|
|poke|p2|Clodsire, L50, M|
|teampreview|4
|inactive|Battle timer is ON: inactive players will automatically lose when time's up. (requested by drewskiloo)
|inactive|drewskiloo has 60 seconds left.
|
|t:|1750739936
|start
|switch|p1a: Jumpluff|Jumpluff, L50, M|100/100
|switch|p1b: Koraidon|Koraidon, L50|100/100
|switch|p2a: Chi-Yu|Chi-Yu, L50|100/100
|switch|p2b: Flutter Mane|Flutter Mane, L50|100/100
|-ability|p2a: Chi-Yu|Beads of Ruin
|-weather|SunnyDay|[from] ability: Orichalcum Pulse|[of] p1b: Koraidon
|-activate|p2b: Flutter Mane|ability: Protosynthesis
|-start|p2b: Flutter Mane|protosynthesisspe
|-activate|p1b: Koraidon|Orichalcum Pulse|[source]
|turn|1
|
|t:|1750739952
|-terastallize|p1b: Koraidon|Fire
|move|p1a: Jumpluff|Tailwind|p1a: Jumpluff
|-sidestart|p1: drewskiloo|move: Tailwind
|move|p1b: Koraidon|Flame Charge|p2b: Flutter Mane
|-enditem|p2b: Flutter Mane|Focus Sash
|-damage|p2b: Flutter Mane|1/100
|-boost|p1b: Koraidon|spe|1
|move|p2b: Flutter Mane|Taunt|p1a: Jumpluff
|-start|p1a: Jumpluff|move: Taunt
|-enditem|p1a: Jumpluff|Mental Herb
|-end|p1a: Jumpluff|move: Taunt
|move|p2a: Chi-Yu|Heat Wave|p1a: Jumpluff|[spread] p1a,p1b
|-supereffective|p1a: Jumpluff
|-resisted|p1b: Koraidon
|-damage|p1a: Jumpluff|0 fnt
|-damage|p1b: Koraidon|64/100
|faint|p1a: Jumpluff
|
|-weather|SunnyDay|[upkeep]
|upkeep
|
|t:|1750739957
|switch|p1a: Ditto|Ditto, L50, shiny|100/100
|-transform|p1a: Ditto|p2b: Flutter Mane|[from] ability: Imposter
|turn|2
|
|t:|1750739975
|-terastallize|p2a: Chi-Yu|Ghost
|move|p2b: Flutter Mane|Protect|p2b: Flutter Mane
|-singleturn|p2b: Flutter Mane|Protect
|move|p1a: Ditto|Moonblast|p2a: Chi-Yu
|-damage|p2a: Chi-Yu|46/100
|-unboost|p2a: Chi-Yu|spa|1
|move|p1b: Koraidon|Collision Course|p2a: Chi-Yu
|-immune|p2a: Chi-Yu
|move|p2a: Chi-Yu|Heat Wave|p1a: Ditto|[spread] p1b
|-miss|p2a: Chi-Yu|p1a: Ditto
|-resisted|p1b: Koraidon
|-damage|p1b: Koraidon|40/100
|
|-weather|SunnyDay|[upkeep]
|upkeep
|turn|3
|
|t:|1750740004
|move|p2b: Flutter Mane|Protect||[still]
|-fail|p2b: Flutter Mane
|move|p1a: Ditto|Moonblast|p2b: Flutter Mane
|-damage|p2b: Flutter Mane|0 fnt
|faint|p2b: Flutter Mane
|-end|p2b: Flutter Mane|Protosynthesis|[silent]
|move|p1b: Koraidon|Collision Course|p2a: Chi-Yu
|-immune|p2a: Chi-Yu
|move|p2a: Chi-Yu|Heat Wave|p1b: Koraidon|[spread] p1a,p1b
|-resisted|p1b: Koraidon
|-damage|p1a: Ditto|59/100
|-damage|p1b: Koraidon|17/100
|
|-weather|SunnyDay|[upkeep]
|upkeep
|c|☆drewskiloo|oops
|
|t:|1750740017
|switch|p2b: Koraidon|Koraidon, L50|100/100
|-activate|p2b: Koraidon|ability: Orichalcum Pulse
|turn|4
|
|t:|1750740024
|move|p2b: Koraidon|Protect|p2b: Koraidon
|-singleturn|p2b: Koraidon|Protect
|move|p1a: Ditto|Moonblast|p2b: Koraidon
|-activate|p2b: Koraidon|move: Protect
|move|p1b: Koraidon|Flare Blitz|p2a: Chi-Yu
|-damage|p2a: Chi-Yu|0 fnt
|faint|p2a: Chi-Yu
|-damage|p1b: Koraidon|7/100|[from] Recoil
|
|-weather|SunnyDay|[upkeep]
|-sideend|p1: drewskiloo|move: Tailwind
|upkeep
|
|t:|1750740032
|switch|p2a: Calyrex|Calyrex-Shadow, L50|100/100
|-ability|p2a: Calyrex|As One
|-ability|p2a: Calyrex|Unnerve
|turn|5
|
|t:|1750740041
|move|p2a: Calyrex|Protect|p2a: Calyrex
|-singleturn|p2a: Calyrex|Protect
|move|p1a: Ditto|Moonblast|p2b: Koraidon
|-supereffective|p2b: Koraidon
|-damage|p2b: Koraidon|0 fnt
|faint|p2b: Koraidon
|move|p1b: Koraidon|Flare Blitz|p2a: Calyrex
|-activate|p2a: Calyrex|move: Protect
|
|-weather|none
|upkeep
|turn|6
|
|t:|1750740046
|move|p1a: Ditto|Moonblast|p2a: Calyrex
|-damage|p2a: Calyrex|49/100
|move|p1b: Koraidon|Flare Blitz|p2a: Calyrex
|-damage|p2a: Calyrex|0 fnt
|faint|p2a: Calyrex
|-damage|p1b: Koraidon|0 fnt|[from] Recoil
|faint|p1b: Koraidon
|
|win|drewskiloo
|raw|drewskiloo's rating: 1321 &rarr; <strong>1344</strong><br />(+23 for winning)
|raw|parrotboy's rating: 1370 &rarr; <strong>1347</strong><br />(-23 for losing)
|l|☆parrotboy
|player|p2|
|l|☆drewskiloo
|player|p1|
