|j|☆Mathethe
|j|☆Garr3ttB3tz
|t:|1750814911
|gametype|doubles
|player|p1|Mathethe|266|1109
|player|p2|Garr3ttB3tz|plasmagrunt|1058
|teamsize|p1|6
|teamsize|p2|6
|gen|9
|tier|[Gen 9] VGC 2025 Reg I
|rated|
|rule|Species Clause: Limit one of each Pokémon
|rule|Item Clause: Limit 1 of each item
|clearpoke
|poke|p1|Tornadus, L50, M|
|poke|p1|Calyrex-Shadow, L50|
|poke|p1|Terapagos, L50, M|
|poke|p1|Indeedee-F, L50, F|
|poke|p1|Iron Valiant, L50|
|poke|p1|Garganacl, L50, F|
|poke|p2|Incineroar, L50, F|
|poke|p2|Scream Tail, L50|
|poke|p2|Koraidon, L50|
|poke|p2|Gothitelle, L50, F|
|poke|p2|Giratina-Origin, L50|
|poke|p2|Rillaboom, L50, F|
|teampreview|4
|
|t:|1750814979
|start
|switch|p1a: Iron Valiant|Iron Valiant, L50|100/100
|switch|p1b: Tornadus|Tornadus, L50, M|100/100
|switch|p2a: Scream Tail|Scream Tail, L50|100/100
|switch|p2b: Giratina|Giratina-Origin, L50, shiny|100/100
|-enditem|p2a: Scream Tail|Booster Energy
|-activate|p2a: Scream Tail|ability: Protosynthesis|[fromitem]
|-start|p2a: Scream Tail|protosynthesisspe
|turn|1
|
|t:|1750814999
|move|p2b: Giratina|Protect|p2b: Giratina
|-singleturn|p2b: Giratina|Protect
|move|p1b: Tornadus|Taunt|p2a: Scream Tail
|-start|p2a: Scream Tail|move: Taunt
|cant|p2a: Scream Tail|move: Taunt|Howl
|move|p1a: Iron Valiant|Knock Off|p2b: Giratina
|-activate|p2b: Giratina|move: Protect
|
|upkeep
|turn|2
|
|t:|1750815023
|-end|p2a: Scream Tail|Protosynthesis|[silent]
|switch|p2a: Koraidon|Koraidon, L50|100/100
|-weather|SunnyDay|[from] ability: Orichalcum Pulse|[of] p2a: Koraidon
|-activate|p2a: Koraidon|Orichalcum Pulse|[source]
|-terastallize|p2b: Giratina|Fire
|move|p1a: Iron Valiant|Knock Off|p2b: Giratina
|-damage|p2b: Giratina|81/100
|-damage|p1a: Iron Valiant|91/100|[from] item: Life Orb
|move|p1b: Tornadus|Bleakwind Storm|p2a: Koraidon|[spread] p2b
|-miss|p1b: Tornadus|p2a: Koraidon
|-damage|p2b: Giratina|57/100
|move|p2b: Giratina|Poltergeist|p1a: Iron Valiant
|-activate|p1a: Iron Valiant|move: Poltergeist|Life Orb
|-damage|p1a: Iron Valiant|0 fnt
|faint|p1a: Iron Valiant
|-end|p1a: Iron Valiant|Quark Drive|[silent]
|
|-weather|SunnyDay|[upkeep]
|upkeep
|
|t:|1750815041
|switch|p1a: Calyrex|Calyrex-Shadow, L50|100/100
|-ability|p1a: Calyrex|As One
|-ability|p1a: Calyrex|Unnerve
|turn|3
|
|t:|1750815056
|move|p2b: Giratina|Shadow Sneak|p1a: Calyrex
|-supereffective|p1a: Calyrex
|-enditem|p1a: Calyrex|Focus Sash
|-damage|p1a: Calyrex|1/100
|move|p1a: Calyrex|Astral Barrage|p2a: Koraidon|[spread] p2a,p2b
|-damage|p2a: Koraidon|48/100
|-damage|p2b: Giratina|19/100
|move|p2a: Koraidon|Flare Blitz|p1a: Calyrex
|-damage|p1a: Calyrex|0 fnt
|faint|p1a: Calyrex
|-damage|p2a: Koraidon|48/100|[from] Recoil
|-damage|p2a: Koraidon|38/100|[from] item: Life Orb
|move|p1b: Tornadus|Bleakwind Storm|p2b: Giratina|[spread] p2a,p2b
|-supereffective|p2a: Koraidon
|-damage|p2a: Koraidon|0 fnt
|-damage|p2b: Giratina|0 fnt
|faint|p2a: Koraidon
|faint|p2b: Giratina
|
|-weather|SunnyDay|[upkeep]
|upkeep
|
|t:|1750815075
|switch|p1a: Terapagos|Terapagos, L50, M|100/100
|switch|p2a: Incineroar|Incineroar, L50, F|100/100
|switch|p2b: Scream Tail|Scream Tail, L50|100/100
|-activate|p1a: Terapagos|ability: Tera Shift
|detailschange|p1a: Terapagos|Terapagos-Terastal, L50, M
|-heal|p1a: Terapagos|100/100|[silent]
|-ability|p2a: Incineroar|Intimidate|boost
|-unboost|p1a: Terapagos|atk|1
|-unboost|p1b: Tornadus|atk|1
|-activate|p2b: Scream Tail|ability: Protosynthesis
|-start|p2b: Scream Tail|protosynthesisspe
|turn|4
|
|t:|1750815088
|move|p1b: Tornadus|Protect|p1b: Tornadus
|-singleturn|p1b: Tornadus|Protect
|move|p1a: Terapagos|Protect|p1a: Terapagos
|-singleturn|p1a: Terapagos|Protect
|move|p2b: Scream Tail|Perish Song|p2b: Scream Tail
|-start|p1a: Terapagos|perish3|[silent]
|-start|p1b: Tornadus|perish3|[silent]
|-start|p2a: Incineroar|perish3|[silent]
|-start|p2b: Scream Tail|perish3|[silent]
|-fieldactivate|move: Perish Song
|move|p2a: Incineroar|Flare Blitz|p1a: Terapagos
|-activate|p1a: Terapagos|move: Protect
|
|-weather|SunnyDay|[upkeep]
|-start|p2b: Scream Tail|perish3
|-start|p1b: Tornadus|perish3
|-start|p1a: Terapagos|perish3
|-start|p2a: Incineroar|perish3
|upkeep
|turn|5
|
|t:|1750815115
|-terastallize|p1a: Terapagos|Stellar
|detailschange|p1a: Terapagos|Terapagos-Stellar, L50, M, tera:Stellar
|-heal|p1a: Terapagos|100/100|[silent]
|-ability|p1a: Terapagos|Teraform Zero
|-weather|none
|-end|p2b: Scream Tail|Protosynthesis
|move|p2b: Scream Tail|Protect|p2b: Scream Tail
|-singleturn|p2b: Scream Tail|Protect
|move|p2a: Incineroar|Protect|p2a: Incineroar
|-singleturn|p2a: Incineroar|Protect
|move|p1b: Tornadus|Taunt|p2b: Scream Tail
|-activate|p2b: Scream Tail|move: Protect
|move|p1a: Terapagos|Tera Starstorm|p2b: Scream Tail|[spread] 
|-activate|p2a: Incineroar|move: Protect
|-activate|p2b: Scream Tail|move: Protect
|
|-start|p1b: Tornadus|perish2
|-start|p2b: Scream Tail|perish2
|-start|p1a: Terapagos|perish2
|-start|p2a: Incineroar|perish2
|upkeep
|turn|6
|
|t:|1750815143
|move|p1b: Tornadus|Bleakwind Storm|p2b: Scream Tail|[spread] p2a
|-miss|p1b: Tornadus|p2b: Scream Tail
|-damage|p2a: Incineroar|75/100
|move|p2b: Scream Tail|Disable|p1b: Tornadus
|-start|p1b: Tornadus|Disable|Bleakwind Storm
|-enditem|p1b: Tornadus|Mental Herb
|-end|p1b: Tornadus|Disable
|move|p1a: Terapagos|Tera Starstorm|p2a: Incineroar|[spread] p2a,p2b
|-damage|p2a: Incineroar|46/100
|-damage|p2b: Scream Tail|76/100
|move|p2a: Incineroar|Parting Shot|p1a: Terapagos
|-unboost|p1a: Terapagos|atk|1
|-unboost|p1a: Terapagos|spa|1
|
|-start|p1b: Tornadus|perish1
|-start|p2b: Scream Tail|perish1
|-start|p1a: Terapagos|perish1
|-start|p2a: Incineroar|perish1
|upkeep
|turn|7
|
|t:|1750815193
|move|p2b: Scream Tail|Protect|p2b: Scream Tail
|-singleturn|p2b: Scream Tail|Protect
|move|p2a: Incineroar|Protect|p2a: Incineroar
|-singleturn|p2a: Incineroar|Protect
|move|p1b: Tornadus|Bleakwind Storm|p2a: Incineroar|[spread] 
|-activate|p2a: Incineroar|move: Protect
|-activate|p2b: Scream Tail|move: Protect
|move|p1a: Terapagos|Tera Starstorm|p2a: Incineroar|[spread] 
|-activate|p2a: Incineroar|move: Protect
|-activate|p2b: Scream Tail|move: Protect
|
|-start|p1b: Tornadus|perish0
|-start|p2b: Scream Tail|perish0
|-start|p1a: Terapagos|perish0
|-start|p2a: Incineroar|perish0
|faint|p1b: Tornadus
|faint|p2b: Scream Tail
|-end|p2b: Scream Tail|Protosynthesis|[silent]
|faint|p1a: Terapagos
|detailschange|p1: Terapagos|Terapagos, L50, M|[silent]
|faint|p2a: Incineroar
|
|win|Garr3ttB3tz
|raw|Mathethe's rating: 1109 &rarr; <strong>1080</strong><br />(-29 for losing)
|raw|Garr3ttB3tz's rating: 1058 &rarr; <strong>1094</strong><br />(+36 for winning)
