|j|☆tebesjuak
|j|☆KilamanolaVGC
|t:|1750717059
|gametype|doubles
|player|p1|tebesjuak|2|1131
|player|p2|KilamanolaVGC|red|1147
|teamsize|p1|6
|teamsize|p2|6
|gen|9
|tier|[Gen 9] VGC 2025 Reg I
|rated|
|rule|Species Clause: Limit one of each Pokémon
|rule|Item Clause: Limit 1 of each item
|clearpoke
|poke|p1|Groudon, L50|
|poke|p1|Ho-Oh, L50|
|poke|p1|Tornadus, L50, M|
|poke|p1|Walking Wake, L50|
|poke|p1|Venusaur, L50, M|
|poke|p1|Gardevoir, L50, F|
|poke|p2|Noivern, L50, F|
|poke|p2|Shiftry, L50, M|
|poke|p2|Calyrex-Shadow, L50|
|poke|p2|Zamazenta-*, L50|
|poke|p2|Chi-Yu, L50|
|poke|p2|Urshifu-*, L50, M|
|teampreview|4
|inactive|Battle timer is ON: inactive players will automatically lose when time's up. (requested by KilamanolaVGC)
|inactive|KilamanolaVGC has 60 seconds left.
|
|t:|1750717092
|start
|switch|p1a: Groudon|Groudon, L50|100/100
|switch|p1b: Venusaur|Venusaur, L50, M|100/100
|switch|p2a: Noivern|Noivern, L50, F|100/100
|switch|p2b: Urshifu|Urshifu-Rapid-Strike, L50, M|100/100
|-weather|SunnyDay|[from] ability: Drought|[of] p1a: Groudon
|turn|1
|inactive|tebesjuak has 30 seconds left.
|
|t:|1750717123
|switch|p1a: Gardevoir|Gardevoir, L50, F|100/100
|switch|p2b: Shiftry|Shiftry, L50, M|100/100
|move|p1b: Venusaur|Leaf Storm|p2b: Shiftry
|-resisted|p2b: Shiftry
|-damage|p2b: Shiftry|55/100
|-unboost|p1b: Venusaur|spa|2
|move|p2a: Noivern|Tailwind|p2a: Noivern
|-sidestart|p2: KilamanolaVGC|move: Tailwind
|-ability|p2b: Shiftry|Wind Rider|boost
|-boost|p2b: Shiftry|atk|1
|
|-weather|SunnyDay|[upkeep]
|upkeep
|turn|2
|
|t:|1750717144
|switch|p1b: Ho-Oh|Ho-Oh, L50|100/100
|move|p2a: Noivern|Hurricane|p2b: Shiftry
|-ability|p2b: Shiftry|Wind Rider|boost
|-boost|p2b: Shiftry|atk|1
|move|p2b: Shiftry|Explosion|p1a: Gardevoir|[spread] p1a,p1b
|-activate|p2a: Noivern|ability: Telepathy
|-enditem|p2b: Shiftry|Normal Gem|[from] gem
|-damage|p1a: Gardevoir|0 fnt
|-damage|p1b: Ho-Oh|0 fnt
|faint|p2b: Shiftry
|faint|p1a: Gardevoir
|faint|p1b: Ho-Oh
|
|-weather|SunnyDay|[upkeep]
|upkeep
|
|t:|1750717160
|switch|p1a: Venusaur|Venusaur, L50, M|100/100
|switch|p2b: Calyrex|Calyrex-Shadow, L50|100/100
|switch|p1b: Groudon|Groudon, L50|100/100
|-ability|p2b: Calyrex|As One
|-ability|p2b: Calyrex|Unnerve
|turn|3
|
|t:|1750717177
|move|p1b: Groudon|Protect|p1b: Groudon
|-singleturn|p1b: Groudon|Protect
|move|p2b: Calyrex|Psychic|p1a: Venusaur
|-supereffective|p1a: Venusaur
|-enditem|p1a: Venusaur|Focus Sash
|-damage|p1a: Venusaur|1/100
|-damage|p2b: Calyrex|91/100|[from] item: Life Orb
|move|p2a: Noivern|Hurricane|p1a: Venusaur|[miss]
|-miss|p2a: Noivern|p1a: Venusaur
|move|p1a: Venusaur|Sleep Powder|p2b: Calyrex
|-status|p2b: Calyrex|slp|[from] move: Sleep Powder
|
|-weather|SunnyDay|[upkeep]
|upkeep
|turn|4
|
|t:|1750717198
|switch|p2b: Urshifu|Urshifu-Rapid-Strike, L50, M|100/100
|-terastallize|p1b: Groudon|Fire
|move|p1a: Venusaur|Protect|p1a: Venusaur
|-singleturn|p1a: Venusaur|Protect
|move|p2a: Noivern|Draco Meteor|p1a: Venusaur
|-activate|p1a: Venusaur|move: Protect
|move|p1b: Groudon|Heat Crash|p2b: Urshifu
|-resisted|p2b: Urshifu
|-damage|p2b: Urshifu|49/100
|
|-weather|SunnyDay|[upkeep]
|-sideend|p2: KilamanolaVGC|move: Tailwind
|upkeep
|turn|5
|
|t:|1750717214
|move|p2b: Urshifu|Aqua Jet|p1a: Venusaur
|-resisted|p1a: Venusaur
|-damage|p1a: Venusaur|0 fnt
|faint|p1a: Venusaur
|move|p2a: Noivern|Draco Meteor|p1b: Groudon
|-damage|p1b: Groudon|52/100
|-unboost|p2a: Noivern|spa|2
|move|p1b: Groudon|Heat Crash|p2a: Noivern
|-resisted|p2a: Noivern
|-damage|p2a: Noivern|44/100
|
|-weather|none
|upkeep
|turn|6
|
|t:|1750717225
|move|p2a: Noivern|Draco Meteor|p1b: Groudon
|-damage|p1b: Groudon|30/100
|-unboost|p2a: Noivern|spa|2
|move|p1b: Groudon|Earthquake|p2a: Noivern|[spread] p2b
|-immune|p2a: Noivern
|-damage|p2b: Urshifu|6/100
|move|p2b: Urshifu|Surging Strikes|p1b: Groudon
|-supereffective|p1b: Groudon
|-crit|p1b: Groudon
|-damage|p1b: Groudon|0 fnt
|faint|p1b: Groudon
|-hitcount|p1: Groudon|1
|
|win|KilamanolaVGC
|raw|tebesjuak's rating: 1131 &rarr; <strong>1107</strong><br />(-24 for losing)
|raw|KilamanolaVGC's rating: 1147 &rarr; <strong>1171</strong><br />(+24 for winning)
|l|☆tebesjuak
|player|p1|
