|j|☆Typostyty
|j|☆InekoAki
|t:|1750733290
|gametype|doubles
|player|p1|Typostyty|2|1565
|player|p2|InekoAki|lady|1552
|teamsize|p1|6
|teamsize|p2|6
|gen|9
|tier|[Gen 9] VGC 2025 Reg I
|rated|
|rule|Species Clause: Limit one of each Pokémon
|rule|Item Clause: Limit 1 of each item
|clearpoke
|poke|p1|Calyrex-Ice, L50|
|poke|p1|Groudon, L50|
|poke|p1|Indeedee-F, L50, F|
|poke|p1|Armarouge, L50, M|
|poke|p1|Lilligant-Hisui, L50, F|
|poke|p1|Garganacl, L50, F|
|poke|p2|Calyrex-Shadow, L50|
|poke|p2|Zamazenta-*, L50|
|poke|p2|Chien-Pao, L50|
|poke|p2|Raging Bolt, L50|
|poke|p2|Rillaboom, L50, F|
|poke|p2|Tornadus, L50, M|
|teampreview|4
|inactive|Battle timer is ON: inactive players will automatically lose when time's up. (requested by Typostyty)
|
|t:|1750733439
|start
|switch|p1a: Garganacl|Garganacl, L50, F|100/100
|switch|p1b: Calyrex|Calyrex-Ice, L50|100/100
|switch|p2a: Calyrex|Calyrex-Shadow, L50|100/100
|switch|p2b: Zamazenta|Zamazenta-Crowned, L50|100/100
|-ability|p2a: Calyrex|As One
|-ability|p2a: Calyrex|Unnerve
|-ability|p1b: Calyrex|As One
|-ability|p1b: Calyrex|Unnerve
|-ability|p2b: Zamazenta|Dauntless Shield|boost
|-boost|p2b: Zamazenta|def|1
|turn|1
|inactive|Typostyty has 30 seconds left.
|inactive|InekoAki has 30 seconds left.
|inactive|Typostyty has 20 seconds left.
|inactive|InekoAki has 20 seconds left.
|inactive|Typostyty has 15 seconds left.
|
|t:|1750733481
|-terastallize|p1a: Garganacl|Bug
|move|p1a: Garganacl|Wide Guard|p1a: Garganacl
|-singleturn|p1a: Garganacl|Wide Guard
|move|p2a: Calyrex|Psychic|p1a: Garganacl
|-damage|p1a: Garganacl|53/100
|move|p2b: Zamazenta|Body Press|p1a: Garganacl
|-resisted|p1a: Garganacl
|-damage|p1a: Garganacl|34/100
|move|p1b: Calyrex|Trick Room|p1b: Calyrex
|-fieldstart|move: Trick Room|[of] p1b: Calyrex
|
|-heal|p1a: Garganacl|40/100|[from] item: Leftovers
|upkeep
|turn|2
|inactive|InekoAki has 30 seconds left.
|inactive|InekoAki has 20 seconds left.
|
|t:|1750733519
|move|p2b: Zamazenta|Protect|p2b: Zamazenta
|-singleturn|p2b: Zamazenta|Protect
|move|p1a: Garganacl|Salt Cure|p2a: Calyrex
|-damage|p2a: Calyrex|83/100
|-start|p2a: Calyrex|Salt Cure
|move|p1b: Calyrex|Crunch|p2a: Calyrex
|-supereffective|p2a: Calyrex
|-damage|p2a: Calyrex|0 fnt
|faint|p2a: Calyrex
|-ability|p1b: Calyrex|Chilling Neigh|boost
|-boost|p1b: Calyrex|atk|1
|
|-heal|p1a: Garganacl|46/100|[from] item: Leftovers
|upkeep
|inactive|InekoAki has 30 seconds left.
|inactive|InekoAki has 20 seconds left.
|c|☆Typostyty|yeah... I have crunch specifically for this matchup
|inactive|InekoAki has 15 seconds left.
|inactive|InekoAki has 10 seconds left.
|
|t:|1750733566
|switch|p2a: Chien-Pao|Chien-Pao, L50|100/100
|-ability|p2a: Chien-Pao|Sword of Ruin
|turn|3
|inactive|Typostyty has 30 seconds left.
|
|t:|1750733593
|move|p1b: Calyrex|Protect|p1b: Calyrex
|-singleturn|p1b: Calyrex|Protect
|move|p1a: Garganacl|Salt Cure|p2a: Chien-Pao
|-supereffective|p2a: Chien-Pao
|-damage|p2a: Chien-Pao|63/100
|-start|p2a: Chien-Pao|Salt Cure
|move|p2a: Chien-Pao|Crunch|p1a: Garganacl
|-damage|p1a: Garganacl|0 fnt
|faint|p1a: Garganacl
|-damage|p2a: Chien-Pao|53/100|[from] item: Life Orb
|move|p2b: Zamazenta|Behemoth Bash|p1b: Calyrex
|-activate|p1b: Calyrex|move: Protect
|
|-damage|p2a: Chien-Pao|41/100|[from] Salt Cure
|upkeep
|
|t:|1750733614
|switch|p1a: Armarouge|Armarouge, L50, M|100/100
|turn|4
|inactive|Typostyty has 30 seconds left.
|inactive|InekoAki has 30 seconds left.
|inactive|Typostyty has 20 seconds left.
|inactive|Typostyty has 15 seconds left.
|inactive|Typostyty has 10 seconds left.
|inactive|Typostyty has 5 seconds left.
|
|t:|1750733665
|switch|p1b: Indeedee|Indeedee-F, L50, F|100/100
|-fieldstart|move: Psychic Terrain|[from] ability: Psychic Surge|[of] p1b: Indeedee
|switch|p2a: Raging Bolt|Raging Bolt, L50|100/100
|-enditem|p2a: Raging Bolt|Booster Energy
|-activate|p2a: Raging Bolt|ability: Protosynthesis|[fromitem]
|-start|p2a: Raging Bolt|protosynthesisspa
|move|p2b: Zamazenta|Wide Guard|p2b: Zamazenta
|-singleturn|p2b: Zamazenta|Wide Guard
|move|p1a: Armarouge|Armor Cannon|p2a: Raging Bolt
|-resisted|p2a: Raging Bolt
|-damage|p2a: Raging Bolt|75/100
|-unboost|p1a: Armarouge|def|1
|-unboost|p1a: Armarouge|spd|1
|
|upkeep
|turn|5
|inactive|Typostyty has 30 seconds left.
|inactive|InekoAki has 30 seconds left.
|inactive|Typostyty has 20 seconds left.
|inactive|InekoAki has 20 seconds left.
|inactive|Typostyty has 15 seconds left.
|inactive|InekoAki has 15 seconds left.
|inactive|InekoAki has 10 seconds left.
|
|t:|1750733711
|switch|p1a: Calyrex|Calyrex-Ice, L50|100/100
|-ability|p1a: Calyrex|As One
|-ability|p1a: Calyrex|Unnerve
|-enditem|p1a: Calyrex|Psychic Seed
|-boost|p1a: Calyrex|spd|1|[from] item: Psychic Seed
|-terastallize|p2b: Zamazenta|Dragon
|move|p1b: Indeedee|Psychic|p2b: Zamazenta
|-damage|p2b: Zamazenta|74/100
|move|p2a: Raging Bolt|Thunderbolt|p1a: Calyrex
|-damage|p1a: Calyrex|70/100
|move|p2b: Zamazenta|Body Press|p1a: Calyrex
|-damage|p1a: Calyrex|30/100
|
|-fieldend|move: Trick Room
|upkeep
|turn|6
|inactive|InekoAki has 30 seconds left.
|inactive|InekoAki has 20 seconds left.
|inactive|Typostyty has 30 seconds left.
|inactive|InekoAki has 15 seconds left.
|
|t:|1750733754
|move|p1a: Calyrex|Protect|p1a: Calyrex
|-singleturn|p1a: Calyrex|Protect
|move|p2b: Zamazenta|Body Press|p1b: Indeedee
|-damage|p1b: Indeedee|37/100
|move|p2a: Raging Bolt|Thunderbolt|p1b: Indeedee
|-damage|p1b: Indeedee|0 fnt
|faint|p1b: Indeedee
|
|upkeep
|
|t:|1750733761
|switch|p1b: Armarouge|Armarouge, L50, M|100/100
|turn|7
|inactive|InekoAki has 30 seconds left.
|inactive|InekoAki has 20 seconds left.
|inactive|InekoAki has 15 seconds left.
|inactive|InekoAki has 10 seconds left.
|
|t:|1750733807
|move|p1a: Calyrex|Protect||[still]
|-fail|p1a: Calyrex
|move|p2b: Zamazenta|Body Press|p1a: Calyrex
|-damage|p1a: Calyrex|0 fnt
|faint|p1a: Calyrex
|move|p2a: Raging Bolt|Thunderbolt|p1b: Armarouge
|-damage|p1b: Armarouge|20/100
|move|p1b: Armarouge|Trick Room|p1b: Armarouge
|-fieldstart|move: Trick Room|[of] p1b: Armarouge
|
|upkeep
|turn|8
|
|t:|1750733826
|move|p2a: Raging Bolt|Thunderclap|p1b: Armarouge
|-activate|p1b: Armarouge|move: Psychic Terrain
|move|p1b: Armarouge|Meteor Beam||[still]
|-prepare|p1b: Armarouge|Meteor Beam
|-boost|p1b: Armarouge|spa|1
|-enditem|p1b: Armarouge|Power Herb
|-anim|p1b: Armarouge|Meteor Beam|p2a: Raging Bolt
|-damage|p2a: Raging Bolt|25/100
|move|p2b: Zamazenta|Behemoth Bash|p1b: Armarouge
|-resisted|p1b: Armarouge
|-damage|p1b: Armarouge|0 fnt
|faint|p1b: Armarouge
|
|win|InekoAki
|raw|Typostyty's rating: 1565 &rarr; <strong>1543</strong><br />(-22 for losing)
|raw|InekoAki's rating: 1536 &rarr; <strong>1558</strong><br />(+22 for winning)
|l|☆Typostyty
|player|p1|
|l|☆InekoAki
|player|p2|
