|j|☆D1 Sinnoy Glazer
|j|☆bman311
|t:|1750826010
|gametype|doubles
|player|p1|D1 Sinnoy Glazer|elaine|
|player|p2|bman311|elesa-masters|
|teamsize|p1|6
|teamsize|p2|6
|gen|9
|tier|[Gen 9] VGC 2025 Reg I
|rated|Tournament battle
|rule|Species Clause: Limit one of each Pokémon
|rule|Item Clause: Limit 1 of each item
|clearpoke
|poke|p1|Raging Bolt, L50|
|poke|p1|Flutter Mane, L50|
|poke|p1|Rillaboom, L50, F|
|poke|p1|Koraidon, L50|
|poke|p1|Lunala, L50|
|poke|p1|Incineroar, L50, F|
|poke|p2|Miraidon, L50|
|poke|p2|Lunala, L50|
|poke|p2|Incineroar, L50, M|
|poke|p2|Ursaluna, L50, M|
|poke|p2|Urshifu-*, L50, M|
|poke|p2|Whimsicott, L50, F|
|teampreview|4
|inactive|Battle timer is ON: inactive players will automatically lose when time's up. (requested by D1 Sinnoy Glazer)
|inactive|bman311 also wants the timer to be on.
|c|☆D1 Sinnoy Glazer|hf
|j| X2Muz
|j| that1willow
|j| Ducktilesomid
|j| turtle100000000
D1 Sinnoy Glazer has agreed to open team sheets.
|c|☆bman311|glhf
bman311 has agreed to open team sheets.
|showteam|p1|Raging Bolt||Magnet|Protosynthesis|Thunderbolt,Thunderclap,DracoMeteor,Protect||||||50|,,,,,Electric]Flutter Mane||FocusSash|Protosynthesis|Moonblast,ShadowBall,IcyWind,Protect||||||50|,,,,,Normal]Rillaboom||AssaultVest|GrassySurge|WoodHammer,GrassyGlide,Uturn,FakeOut|||F|||50|,,,,,Fire]Koraidon||LifeOrb|OrichalcumPulse|FlareBlitz,CloseCombat,FlameCharge,Protect||||||50|,,,,,Fire]Lunala||Leftovers|ShadowShield|MoongeistBeam,Moonblast,Protect,CalmMind||||||50|,,,,,Fairy]Incineroar||RockyHelmet|Intimidate|FakeOut,KnockOff,WillOWisp,PartingShot|||F|||50|,,,,,Bug
|showteam|p2|Miraidon||ChoiceSpecs|HadronEngine|ElectroDrift,DracoMeteor,DazzlingGleam,VoltSwitch||||||50|,,,,,Fairy]Lunala||ElectricSeed|ShadowShield|MoongeistBeam,Moonblast,WideGuard,TrickRoom||||||50|,,,,,Fairy]Incineroar||AssaultVest|Intimidate|FakeOut,FlareBlitz,KnockOff,Uturn|||M|||50|,,,,,Bug]Ursaluna||FlameOrb|Guts|Facade,HeadlongRush,Earthquake,Protect|||M|||50|,,,,,Ghost]Urshifu-Rapid-Strike||ChoiceBand|UnseenFist|SurgingStrikes,CloseCombat,AquaJet,Uturn|||M|||50|,,,,,Ghost]Whimsicott||CovertCloak|Prankster|Tailwind,Moonblast,LightScreen,Encore|||F|||50|,,,,,Water
|l| that1willow
|inactive|D1 Sinnoy Glazer has 60 seconds left.
|inactive|bman311 has 60 seconds left.
|j| imgoldshark07
|
|t:|1750826064
|start
|switch|p1a: Flutter Mane|Flutter Mane, L50|100/100
|switch|p1b: Koraidon|Koraidon, L50|100/100
|switch|p2a: Lunala|Lunala, L50|100/100
|switch|p2b: Whimsicott|Whimsicott, L50, F|100/100
|-weather|SunnyDay|[from] ability: Orichalcum Pulse|[of] p1b: Koraidon
|-activate|p1a: Flutter Mane|ability: Protosynthesis
|-start|p1a: Flutter Mane|protosynthesisspe
|-activate|p1b: Koraidon|Orichalcum Pulse|[source]
|turn|1
|l| X2Muz
|j| X2Muz
|j| sheepie_sheep
|inactive|bman311 has 30 seconds left.
|inactive|bman311 has 20 seconds left.
|c| sheepie_sheep|who tf let geph make it to semis ;-;
|inactive|bman311 has 15 seconds left.
|l| X2Muz
|inactive|bman311 has 10 seconds left.
|
|t:|1750826111
|switch|p2b: Incineroar|Incineroar, L50, M|100/100
|-ability|p2b: Incineroar|Intimidate|boost
|-unboost|p1a: Flutter Mane|atk|1
|-unboost|p1b: Koraidon|atk|1
|-terastallize|p1b: Koraidon|Fire
|-terastallize|p2a: Lunala|Fairy
|move|p1a: Flutter Mane|Icy Wind|p2a: Lunala|[spread] p2a,p2b
|-resisted|p2b: Incineroar
|-damage|p2a: Lunala|94/100
|-damage|p2b: Incineroar|96/100
|-unboost|p2a: Lunala|spe|1
|-unboost|p2b: Incineroar|spe|1
|move|p1b: Koraidon|Flame Charge|p2a: Lunala
|-damage|p2a: Lunala|55/100
|-boost|p1b: Koraidon|spe|1
|-damage|p1b: Koraidon|91/100|[from] item: Life Orb
|move|p2a: Lunala|Trick Room|p2a: Lunala
|-fieldstart|move: Trick Room|[of] p2a: Lunala
|
|-weather|SunnyDay|[upkeep]
|upkeep
|turn|2
|
|t:|1750826124
|-end|p1a: Flutter Mane|Protosynthesis|[silent]
|switch|p1a: Lunala|Lunala, L50|100/100
|move|p2b: Incineroar|U-turn|p1a: Lunala
|-damage|p1a: Lunala|92/100
|
|t:|1750826129
|switch|p2b: Miraidon|Miraidon, L50|100/100|[from] U-turn
|-fieldstart|move: Electric Terrain|[from] ability: Hadron Engine|[of] p2b: Miraidon
|-enditem|p2a: Lunala|Electric Seed
|-boost|p2a: Lunala|def|1|[from] item: Electric Seed
|move|p2a: Lunala|Moongeist Beam|p1a: Lunala
|-supereffective|p1a: Lunala
|-damage|p1a: Lunala|0 fnt
|faint|p1a: Lunala
|move|p1b: Koraidon|Close Combat|p2b: Miraidon
|-damage|p2b: Miraidon|25/100
|-unboost|p1b: Koraidon|def|1
|-unboost|p1b: Koraidon|spd|1
|-damage|p1b: Koraidon|81/100|[from] item: Life Orb
|
|-weather|SunnyDay|[upkeep]
|upkeep
|
|t:|1750826134
|switch|p1a: Rillaboom|Rillaboom, L50, F|100/100
|-fieldstart|move: Grassy Terrain|[from] ability: Grassy Surge|[of] p1a: Rillaboom
|turn|3
|j| X2Muz
|j| AthenaStrive9
|j| incorrigible human
|
|t:|1750826145
|move|p2a: Lunala|Moongeist Beam|p1b: Koraidon
|-damage|p1b: Koraidon|0 fnt
|faint|p1b: Koraidon
|move|p1a: Rillaboom|U-turn|p2b: Miraidon
|-damage|p2b: Miraidon|3/100
|
|t:|1750826148
|switch|p1a: Flutter Mane|Flutter Mane, L50|100/100|[from] U-turn
|-activate|p1a: Flutter Mane|ability: Protosynthesis
|-start|p1a: Flutter Mane|protosynthesisspe
|move|p2b: Miraidon|Volt Switch|p1a: Flutter Mane
|-damage|p1a: Flutter Mane|40/100
|
|t:|1750826156
|switch|p2b: Incineroar|Incineroar, L50, M|96/100|[from] Volt Switch
|-ability|p2b: Incineroar|Intimidate|boost
|-unboost|p1a: Flutter Mane|atk|1
|
|-weather|SunnyDay|[upkeep]
|-heal|p2a: Lunala|61/100|[from] Grassy Terrain
|-heal|p2b: Incineroar|100/100|[from] Grassy Terrain
|-heal|p1a: Flutter Mane|46/100|[from] Grassy Terrain
|upkeep
|
|t:|1750826159
|switch|p1b: Rillaboom|Rillaboom, L50, F|100/100
|turn|4
|c| incorrigible human|Yo homies what's up
|
|t:|1750826172
|move|p1a: Flutter Mane|Protect|p1a: Flutter Mane
|-singleturn|p1a: Flutter Mane|Protect
|move|p1b: Rillaboom|Fake Out|p2a: Lunala
|-damage|p2a: Lunala|54/100
|cant|p2a: Lunala|flinch
|move|p2b: Incineroar|Flare Blitz|p1a: Flutter Mane
|-activate|p1a: Flutter Mane|move: Protect
|
|-weather|SunnyDay|[upkeep]
|-heal|p2a: Lunala|60/100|[from] Grassy Terrain
|-heal|p1a: Flutter Mane|52/100|[from] Grassy Terrain
|upkeep
|turn|5
|
|t:|1750826185
|move|p2a: Lunala|Moongeist Beam|p1a: Flutter Mane
|-supereffective|p1a: Flutter Mane
|-damage|p1a: Flutter Mane|0 fnt
|faint|p1a: Flutter Mane
|-end|p1a: Flutter Mane|Protosynthesis|[silent]
|move|p2b: Incineroar|Flare Blitz|p1b: Rillaboom
|-supereffective|p1b: Rillaboom
|-damage|p1b: Rillaboom|0 fnt
|faint|p1b: Rillaboom
|-damage|p2b: Incineroar|67/100|[from] Recoil
|
|win|bman311
|n|☆D1 Sinnoy Glazer|d1sinnoyglazer
|n|☆bman311|bman311
|n| Ducktilesomid|ducktilesomid
|n| turtle100000000|turtle100000000
|n| imgoldshark07|imgoldshark07
|n| sheepie_sheep|sheepiesheep
|n| X2Muz|x2muz
|n| AthenaStrive9|athenastrive9
|n| incorrigible human|incorrigiblehuman
|n| Iamsliverfish|ducktilesomid
|c|☆D1 Sinnoy Glazer|oh well
|l| X2Muz
|l| sheepie_sheep
|c|☆bman311|gg
