|j|☆anubisjr
|j|☆Yankiken
|t:|1750821063
|gametype|doubles
|player|p1|anubisjr|102|1517
|player|p2|Yankiken|lady-gen4|1589
|teamsize|p1|6
|teamsize|p2|6
|gen|9
|tier|[Gen 9] VGC 2025 Reg I
|rated|
|rule|Species Clause: Limit one of each Pokémon
|rule|Item Clause: Limit 1 of each item
|clearpoke
|poke|p1|Calyrex-Shadow, L50|
|poke|p1|Miraidon, L50|
|poke|p1|Whimsicott, L50, M|
|poke|p1|Iron Treads, L50|
|poke|p1|Urshifu-*, L50, F|
|poke|p1|Iron Hands, L50|
|poke|p2|Muk-Alola, L50, M|
|poke|p2|Smeargle, L50, M|
|poke|p2|Calyrex-Shadow, L50|
|poke|p2|Zamazenta-*, L50|
|poke|p2|Urshifu-*, L50, F|
|poke|p2|Ditto, L50|
|teampreview|4
|inactive|Battle timer is ON: inactive players will automatically lose when time's up. (requested by Yankiken)
|j| bosafa
|inactive|anubisjr has 60 seconds left.
|j| GameLurker69
|inactive|anubisjr has 30 seconds left.
|l| GameLurker69
|
|t:|1750821128
|start
|switch|p1a: Whimsicott|Whimsicott, L50, M|100/100
|switch|p1b: Miraidon|Miraidon, L50|100/100
|switch|p2a: Vô đạo|Muk-Alola, L50, M|100/100
|switch|p2b: Bất lương|Smeargle, L50, M|100/100
|-fieldstart|move: Electric Terrain|[from] ability: Hadron Engine|[of] p1b: Miraidon
|turn|1
|inactive|anubisjr has 30 seconds left.
|
|t:|1750821162
|move|p2b: Bất lương|Spiky Shield|p2b: Bất lương
|-singleturn|p2b: Bất lương|move: Protect
|move|p2a: Vô đạo|Protect|p2a: Vô đạo
|-singleturn|p2a: Vô đạo|Protect
|move|p1a: Whimsicott|Taunt|p2b: Bất lương
|-activate|p2b: Bất lương|move: Protect
|move|p1b: Miraidon|Dazzling Gleam|p2a: Vô đạo|[spread] 
|-activate|p2a: Vô đạo|move: Protect
|-activate|p2b: Bất lương|move: Protect
|
|-ability|p2b: Bất lương|Moody|boost
|-boost|p2b: Bất lương|spa|2
|-unboost|p2b: Bất lương|spe|1
|upkeep
|turn|2
|
|t:|1750821180
|move|p1a: Whimsicott|Encore|p2b: Bất lương
|-start|p2b: Bất lương|Encore
|move|p1b: Miraidon|Dazzling Gleam|p2b: Bất lương|[spread] p2a,p2b
|-damage|p2a: Vô đạo|64/100
|-damage|p2b: Bất lương|11/100
|move|p2b: Bất lương|Spiky Shield||[still]
|-fail|p2b: Bất lương
|move|p2a: Vô đạo|Minimize|p2a: Vô đạo
|-boost|p2a: Vô đạo|evasion|2
|
|-heal|p2a: Vô đạo|70/100|[from] item: Leftovers
|-ability|p2b: Bất lương|Moody|boost
|-boost|p2b: Bất lương|spa|2
|-unboost|p2b: Bất lương|spd|1
|upkeep
|turn|3
|
|t:|1750821190
|move|p2b: Bất lương|Spiky Shield|p2b: Bất lương
|-singleturn|p2b: Bất lương|move: Protect
|move|p2a: Vô đạo|Protect|p2a: Vô đạo
|-singleturn|p2a: Vô đạo|Protect
|move|p1b: Miraidon|Dazzling Gleam|p2a: Vô đạo|[spread] 
|-activate|p2a: Vô đạo|move: Protect
|-activate|p2b: Bất lương|move: Protect
|move|p1a: Whimsicott|Moonblast|p2a: Vô đạo
|-activate|p2a: Vô đạo|move: Protect
|
|-heal|p2a: Vô đạo|76/100|[from] item: Leftovers
|-ability|p2b: Bất lương|Moody|boost
|-boost|p2b: Bất lương|spe|2
|-unboost|p2b: Bất lương|spa|1
|upkeep
|turn|4
|
|t:|1750821211
|move|p2b: Bất lương|Spiky Shield||[still]
|-fail|p2b: Bất lương
|move|p1b: Miraidon|Dazzling Gleam|p2b: Bất lương|[spread] p2a,p2b
|-damage|p2a: Vô đạo|42/100
|-damage|p2b: Bất lương|0 fnt
|faint|p2b: Bất lương
|-ability|p2a: Vô đạo|Moody|[from] ability: Power of Alchemy|[of] p2b: Bất lương
|move|p1a: Whimsicott|Moonblast|p2a: Vô đạo|[miss]
|-miss|p1a: Whimsicott|p2a: Vô đạo
|move|p2a: Vô đạo|Minimize|p2a: Vô đạo
|-boost|p2a: Vô đạo|evasion|2
|
|-heal|p2a: Vô đạo|48/100|[from] item: Leftovers
|-ability|p2a: Vô đạo|Moody|boost
|-boost|p2a: Vô đạo|spd|2
|-unboost|p2a: Vô đạo|spa|1
|upkeep
|
|t:|1750821220
|switch|p2b: Ditto|Ditto, L50|100/100
|-transform|p2b: Ditto|p1a: Whimsicott|[from] ability: Imposter
|turn|5
|
|t:|1750821237
|-terastallize|p1b: Miraidon|Fairy
|move|p2a: Vô đạo|Protect|p2a: Vô đạo
|-singleturn|p2a: Vô đạo|Protect
|move|p1a: Whimsicott|Taunt|p2b: Ditto
|-start|p2b: Ditto|move: Taunt
|move|p1b: Miraidon|Dazzling Gleam|p2b: Ditto|[spread] p2b
|-activate|p2a: Vô đạo|move: Protect
|-damage|p2b: Ditto|0 fnt
|faint|p2b: Ditto
|
|-heal|p2a: Vô đạo|54/100|[from] item: Leftovers
|-fieldend|move: Electric Terrain
|-ability|p2a: Vô đạo|Moody|boost
|-boost|p2a: Vô đạo|def|2
|-unboost|p2a: Vô đạo|spd|1
|upkeep
|
|t:|1750821241
|switch|p2b: Calyrex|Calyrex-Shadow, L50|100/100
|-ability|p2b: Calyrex|As One
|-ability|p2b: Calyrex|Unnerve
|turn|6
|
|t:|1750821256
|move|p1a: Whimsicott|Tailwind|p1a: Whimsicott
|-sidestart|p1: anubisjr|move: Tailwind
|move|p1b: Miraidon|Dazzling Gleam|p2a: Vô đạo|[spread] p2b
|-miss|p1b: Miraidon|p2a: Vô đạo
|-damage|p2b: Calyrex|51/100
|move|p2b: Calyrex|Psych Up|p2a: Vô đạo
|-copyboost|p2b: Calyrex|p2a: Vô đạo|[from] move: Psych Up
|move|p2a: Vô đạo|Minimize|p2a: Vô đạo
|-boost|p2a: Vô đạo|evasion|2
|
|-heal|p2a: Vô đạo|60/100|[from] item: Leftovers
|-ability|p2a: Vô đạo|Moody|boost
|-boost|p2a: Vô đạo|spe|2
|-unboost|p2a: Vô đạo|atk|1
|upkeep
|turn|7
|
|t:|1750821269
|move|p2b: Calyrex|Protect|p2b: Calyrex
|-singleturn|p2b: Calyrex|Protect
|move|p2a: Vô đạo|Protect|p2a: Vô đạo
|-singleturn|p2a: Vô đạo|Protect
|move|p1a: Whimsicott|Encore|p2b: Calyrex
|-activate|p2b: Calyrex|move: Protect
|move|p1b: Miraidon|Dazzling Gleam|p2a: Vô đạo|[spread] 
|-activate|p2a: Vô đạo|move: Protect
|-activate|p2b: Calyrex|move: Protect
|
|-heal|p2a: Vô đạo|67/100|[from] item: Leftovers
|-ability|p2a: Vô đạo|Moody|boost
|-boost|p2a: Vô đạo|spd|2
|-unboost|p2a: Vô đạo|def|1
|upkeep
|turn|8
|
|t:|1750821277
|move|p1a: Whimsicott|Encore|p2b: Calyrex|[miss]
|-miss|p1a: Whimsicott|p2b: Calyrex
|move|p1b: Miraidon|Dazzling Gleam|p2b: Calyrex|[spread] 
|-miss|p1b: Miraidon|p2a: Vô đạo
|-miss|p1b: Miraidon|p2b: Calyrex
|move|p2b: Calyrex|Psych Up|p2a: Vô đạo
|-copyboost|p2b: Calyrex|p2a: Vô đạo|[from] move: Psych Up
|move|p2a: Vô đạo|Substitute|p2a: Vô đạo
|-start|p2a: Vô đạo|Substitute
|-damage|p2a: Vô đạo|42/100
|
|-heal|p2a: Vô đạo|48/100|[from] item: Leftovers
|-ability|p2a: Vô đạo|Moody|boost
|-boost|p2a: Vô đạo|spe|2
|-unboost|p2a: Vô đạo|spd|1
|upkeep
|turn|9
|
|t:|1750821292
|move|p2b: Calyrex|Protect|p2b: Calyrex
|-singleturn|p2b: Calyrex|Protect
|move|p2a: Vô đạo|Protect|p2a: Vô đạo
|-singleturn|p2a: Vô đạo|Protect
|move|p1a: Whimsicott|Encore|p2b: Calyrex
|-activate|p2b: Calyrex|move: Protect
|move|p1b: Miraidon|Dazzling Gleam|p2b: Calyrex|[spread] 
|-activate|p2a: Vô đạo|move: Protect
|-activate|p2b: Calyrex|move: Protect
|
|-heal|p2a: Vô đạo|54/100|[from] item: Leftovers
|-sideend|p1: anubisjr|move: Tailwind
|-ability|p2a: Vô đạo|Moody|boost
|-boost|p2a: Vô đạo|atk|2
|-unboost|p2a: Vô đạo|def|1
|upkeep
|turn|10
|
|t:|1750821304
|move|p1a: Whimsicott|Encore|p2b: Calyrex
|-start|p2b: Calyrex|Encore
|move|p2b: Calyrex|Protect|p2b: Calyrex
|-singleturn|p2b: Calyrex|Protect
|move|p2a: Vô đạo|Knock Off|p1a: Whimsicott
|-resisted|p1a: Whimsicott
|-damage|p1a: Whimsicott|70/100
|-enditem|p1a: Whimsicott|Covert Cloak|[from] move: Knock Off|[of] p2a: Vô đạo
|move|p1b: Miraidon|Dazzling Gleam|p2a: Vô đạo|[spread] 
|-activate|p2b: Calyrex|move: Protect
|-miss|p1b: Miraidon|p2a: Vô đạo
|
|-heal|p2a: Vô đạo|60/100|[from] item: Leftovers
|-ability|p2a: Vô đạo|Moody|boost
|-boost|p2a: Vô đạo|spd|2
|-unboost|p2a: Vô đạo|def|1
|upkeep
|turn|11
|inactive|anubisjr has 30 seconds left.
|
|t:|1750821334
|move|p2b: Calyrex|Protect||[still]
|-fail|p2b: Calyrex
|move|p1a: Whimsicott|Tailwind|p1a: Whimsicott
|-sidestart|p1: anubisjr|move: Tailwind
|move|p1b: Miraidon|Dazzling Gleam|p2b: Calyrex|[spread] 
|-miss|p1b: Miraidon|p2a: Vô đạo
|-miss|p1b: Miraidon|p2b: Calyrex
|move|p2a: Vô đạo|Knock Off|p1a: Whimsicott
|-resisted|p1a: Whimsicott
|-damage|p1a: Whimsicott|50/100
|
|-heal|p2a: Vô đạo|66/100|[from] item: Leftovers
|-ability|p2a: Vô đạo|Moody|boost
|-boost|p2a: Vô đạo|spe|2
|-unboost|p2a: Vô đạo|spa|1
|upkeep
|turn|12
|
|t:|1750821343
|move|p2b: Calyrex|Protect|p2b: Calyrex
|-singleturn|p2b: Calyrex|Protect
|move|p2a: Vô đạo|Protect|p2a: Vô đạo
|-singleturn|p2a: Vô đạo|Protect
|move|p1b: Miraidon|Dazzling Gleam|p2a: Vô đạo|[spread] 
|-activate|p2a: Vô đạo|move: Protect
|-activate|p2b: Calyrex|move: Protect
|move|p1a: Whimsicott|Moonblast|p2b: Calyrex
|-activate|p2b: Calyrex|move: Protect
|
|-heal|p2a: Vô đạo|72/100|[from] item: Leftovers
|-end|p2b: Calyrex|Encore
|-ability|p2a: Vô đạo|Moody|boost
|-boost|p2a: Vô đạo|def|2
|-unboost|p2a: Vô đạo|spd|1
|upkeep
|turn|13
|
|t:|1750821354
|move|p2b: Calyrex|Psych Up|p2a: Vô đạo
|-copyboost|p2b: Calyrex|p2a: Vô đạo|[from] move: Psych Up
|move|p1b: Miraidon|Dazzling Gleam|p2b: Calyrex|[spread] p2a,p2b
|-activate|p2a: Vô đạo|move: Substitute|[damage]
|-damage|p2b: Calyrex|33/100
|move|p1a: Whimsicott|Moonblast|p2b: Calyrex|[miss]
|-miss|p1a: Whimsicott|p2b: Calyrex
|move|p2a: Vô đạo|Knock Off|p1a: Whimsicott
|-resisted|p1a: Whimsicott
|-damage|p1a: Whimsicott|29/100
|
|-heal|p2a: Vô đạo|78/100|[from] item: Leftovers
|-ability|p2a: Vô đạo|Moody|boost
|-boost|p2a: Vô đạo|def|2
|-unboost|p2a: Vô đạo|spd|1
|upkeep
|turn|14
|
|t:|1750821370
|move|p2a: Vô đạo|Protect|p2a: Vô đạo
|-singleturn|p2a: Vô đạo|Protect
|move|p1a: Whimsicott|Encore|p2b: Calyrex|[miss]
|-miss|p1a: Whimsicott|p2b: Calyrex
|move|p2b: Calyrex|Astral Barrage|p1a: Whimsicott|[spread] p1a,p1b
|-damage|p1a: Whimsicott|0 fnt
|-damage|p1b: Miraidon|71/100
|faint|p1a: Whimsicott
|-ability|p2b: Calyrex|Grim Neigh|boost
|-boost|p2b: Calyrex|spa|1
|-damage|p2b: Calyrex|23/100|[from] item: Life Orb
|move|p1b: Miraidon|Dazzling Gleam|p2b: Calyrex|[spread] 
|-activate|p2a: Vô đạo|move: Protect
|-miss|p1b: Miraidon|p2b: Calyrex
|
|-heal|p2a: Vô đạo|84/100|[from] item: Leftovers
|-sideend|p1: anubisjr|move: Tailwind
|-ability|p2a: Vô đạo|Moody|boost
|-boost|p2a: Vô đạo|def|2
|-unboost|p2a: Vô đạo|spe|1
|upkeep
|
|t:|1750821382
|switch|p1a: Urshifu|Urshifu, L50, F|100/100
|turn|15
|
|t:|1750821392
|move|p2b: Calyrex|Astral Barrage|p1a: Urshifu|[spread] p1a,p1b
|-resisted|p1a: Urshifu
|-damage|p1a: Urshifu|67/100
|-damage|p1b: Miraidon|31/100
|-damage|p2b: Calyrex|14/100|[from] item: Life Orb
|move|p2a: Vô đạo|Knock Off|p1a: Urshifu
|-resisted|p1a: Urshifu
|-damage|p1a: Urshifu|55/100
|-enditem|p1a: Urshifu|Focus Sash|[from] move: Knock Off|[of] p2a: Vô đạo
|move|p1b: Miraidon|Dazzling Gleam|p2a: Vô đạo|[spread] 
|-miss|p1b: Miraidon|p2a: Vô đạo
|-miss|p1b: Miraidon|p2b: Calyrex
|move|p1a: Urshifu|Wicked Blow|p2b: Calyrex|[miss]
|-miss|p1a: Urshifu|p2b: Calyrex
|
|-heal|p2a: Vô đạo|91/100|[from] item: Leftovers
|-ability|p2a: Vô đạo|Moody|boost
|-boost|p2a: Vô đạo|spd|2
|-unboost|p2a: Vô đạo|def|1
|upkeep
|turn|16
|c| bosafa|wow
|
|t:|1750821416
|move|p1a: Urshifu|Sucker Punch|p2b: Calyrex|[miss]
|-miss|p1a: Urshifu|p2b: Calyrex
|move|p2b: Calyrex|Astral Barrage|p1a: Urshifu|[spread] p1a,p1b
|-resisted|p1a: Urshifu
|-damage|p1a: Urshifu|20/100
|-damage|p1b: Miraidon|0 fnt
|faint|p1b: Miraidon
|-ability|p2b: Calyrex|Grim Neigh|boost
|-boost|p2b: Calyrex|spa|1
|-damage|p2b: Calyrex|4/100|[from] item: Life Orb
|move|p2a: Vô đạo|Knock Off|p1a: Urshifu
|-resisted|p1a: Urshifu
|-damage|p1a: Urshifu|11/100
|
|-heal|p2a: Vô đạo|97/100|[from] item: Leftovers
|-ability|p2a: Vô đạo|Moody|boost
|-boost|p2a: Vô đạo|atk|2
|-unboost|p2a: Vô đạo|spd|1
|upkeep
|
|t:|1750821419
|switch|p1b: Calyrex|Calyrex-Shadow, L50|100/100
|-ability|p1b: Calyrex|As One
|-ability|p1b: Calyrex|Unnerve
|turn|17
|
|t:|1750821430
|move|p1a: Urshifu|Sucker Punch|p2b: Calyrex|[miss]
|-miss|p1a: Urshifu|p2b: Calyrex
|move|p2b: Calyrex|Astral Barrage|p1b: Calyrex|[spread] p1a,p1b
|-resisted|p1a: Urshifu
|-supereffective|p1b: Calyrex
|-crit|p1b: Calyrex
|-damage|p1a: Urshifu|0 fnt
|-damage|p1b: Calyrex|0 fnt
|faint|p1a: Urshifu
|faint|p1b: Calyrex
|-damage|p2b: Calyrex|0 fnt|[from] item: Life Orb
|faint|p2b: Calyrex
|
|win|Yankiken
|raw|anubisjr's rating: 1517 &rarr; <strong>1501</strong><br />(-16 for losing)
|raw|Yankiken's rating: 1589 &rarr; <strong>1605</strong><br />(+16 for winning)
|l|☆anubisjr
|player|p1|
|l|☆Yankiken
|player|p2|
|j|☆Yankiken
|player|p2|Yankiken|lady-gen4|
|l|☆Yankiken
|player|p2|
|l| bosafa
