|j|☆Boltsy VGC
|j|☆NotCassieMD
|html|<table width="100%"><tr><td align="left">Boltsy VGC</td><td align="right">NotCassieMD</tr><tr><td align="left"><i class="fa fa-circle-o"></i> <i class="fa fa-circle-o"></i> </td><td align="right"><i class="fa fa-circle-o"></i> <i class="fa fa-circle"></i> </tr></table>
|uhtml|bestof|<h2><strong>Game 2</strong> of <a href="/game-bestof3-gen9vgc2025regi-2391305096">a best-of-3</a></h2>
|t:|1750832791
|gametype|doubles
|player|p1|Boltsy VGC|cynthia|
|player|p2|NotCassieMD|caitlin-masters|
|teamsize|p1|6
|teamsize|p2|6
|gen|9
|tier|[Gen 9] VGC 2025 Reg I
|rule|Species Clause: Limit one of each Pokémon
|rule|Item Clause: Limit 1 of each item
|rule|Evasion Moves Clause: Evasion moves are banned
|raw|<div class="infobox"><details class="readmore"><summary><strong>38 custom rules:</strong></summary> Force Open Team Sheets, Best Of = 3, -calyrex-shadow-rider, -miraidon, -rusted shield, -koraidon, -lunala, -calyrex-ice-rider, -kyogre, -terapagos, -rusted-sword, -ho-oh, -urshifu-rapid-strike, -incineroar, -rillaboom, -tornadus-incarnate, -iron hands, -cornerstone mask, -chi-yu, -flutter mane, -raging bolt, -farigiraf, -hearthflame mask, -amoonguss, -chien-pao, -indeedee-f, -whimsicott, -grimmsnarl, -brute bonnet, -landorus-incarnate, -ursaluna, +ursaluna-bloodmoon, -ditto, -urshifu, -smeargle, -Tatsugiri, -bright powder, Evasion Moves Clause</details></div>
|clearpoke
|poke|p1|Scream Tail, L50|
|poke|p1|Gothitelle, L50, F|
|poke|p1|Groudon, L50|
|poke|p1|Zacian-*, L50|
|poke|p1|Walking Wake, L50|
|poke|p1|Kingambit, L50, F|
|poke|p2|Zacian-*, L50|
|poke|p2|Talonflame, L50, F|
|poke|p2|Zamazenta-*, L50|
|poke|p2|Sinistcha, L50|
|poke|p2|Heatran, L50, F|
|poke|p2|Ogerpon-Wellspring, L50, F|
|teampreview|4
|showteam|p1|Scream Tail||BoosterEnergy|Protosynthesis|Protect,Encore,Disable,PerishSong||||||50|,,,,,Dark]Gothitelle||SitrusBerry|ShadowTag|Protect,FakeOut,TrickRoom,Psychic|||F|||50|,,,,,Water]Groudon||ClearAmulet|Drought|Protect,PrecipiceBlades,HeatCrash,SwordsDance||||||50|,,,,,Water]Zacian||ChoiceBand|IntrepidSword|PlayRough,SacredSword,Crunch,TeraBlast||||||50|,,,,,Fire]Walking Wake||LifeOrb|Protosynthesis|Protect,HydroSteam,DracoMeteor,Flamethrower||||||50|,,,,,Fire]Kingambit||BlackGlasses|Defiant|Protect,KowtowCleave,IronHead,SuckerPunch|||F|||50|,,,,,Fire
|showteam|p2|Zacian||ExpertBelt|IntrepidSword|PlayRough,PsychicFangs,SacredSword,Protect||||||50|,,,,,Psychic]Talonflame||MentalHerb|GaleWings|Tailwind,DualWingbeat,WillOWisp,Protect|||F|||50|,,,,,Ghost]Zamazenta||ClearAmulet|DauntlessShield|IronDefense,BodyPress,HeavySlam,Protect||||||50|,,,,,Steel]Sinistcha||OccaBerry|Hospitality|RagePowder,MatchaGotcha,Protect,LifeDew||||||50|,,,,,Water]Heatran||AssaultVest|FlashFire|HeatWave,FlashCannon,MagmaStorm,EarthPower|||F|||50|,,,,,Grass]Ogerpon-Wellspring||WellspringMask|WaterAbsorb|FollowMe,SpikyShield,IvyCudgel,WoodHammer|||F|||50|,,,,,Water
NotCassieMD has agreed to open team sheets.
|c|☆NotCassieMD|glhf
|c|☆Boltsy VGC|glhf
|c|☆Boltsy VGC|that read on scream tail's disable was nice btw
|c|☆NotCassieMD|thanks
|
|t:|1750832884
|start
|switch|p1a: Zacian|Zacian, L50|100/100
|switch|p1b: Groudon|Groudon, L50|100/100
|switch|p2a: Talonflame|Talonflame, L50, F|100/100
|switch|p2b: Zacian|Zacian, L50|100/100
|-ability|p1a: Zacian|Intrepid Sword|boost
|-boost|p1a: Zacian|atk|1
|-ability|p2b: Zacian|Intrepid Sword|boost
|-boost|p2b: Zacian|atk|1
|-weather|SunnyDay|[from] ability: Drought|[of] p1b: Groudon
|turn|1
|
|t:|1750832943
|switch|p1b: Walking Wake|Walking Wake, L50|100/100
|-activate|p1b: Walking Wake|ability: Protosynthesis
|-start|p1b: Walking Wake|protosynthesisspe
|move|p2b: Zacian|Protect|p2b: Zacian
|-singleturn|p2b: Zacian|Protect
|move|p2a: Talonflame|Tailwind|p2a: Talonflame
|-sidestart|p2: NotCassieMD|move: Tailwind
|move|p1a: Zacian|Play Rough|p2a: Talonflame
|-resisted|p2a: Talonflame
|-damage|p2a: Talonflame|41/100
|-unboost|p2a: Talonflame|atk|1
|
|-weather|SunnyDay|[upkeep]
|upkeep
|turn|2
|
|t:|1750833007
|-terastallize|p1b: Walking Wake|Fire
|move|p2a: Talonflame|Will-O-Wisp|p1a: Zacian
|-status|p1a: Zacian|brn
|move|p2b: Zacian|Play Rough|p1b: Walking Wake
|-resisted|p1b: Walking Wake
|-damage|p1b: Walking Wake|67/100
|move|p1b: Walking Wake|Flamethrower|p2b: Zacian
|-damage|p2b: Zacian|14/100
|-damage|p1b: Walking Wake|58/100|[from] item: Life Orb
|move|p1a: Zacian|Play Rough|p2a: Talonflame
|-resisted|p2a: Talonflame
|-damage|p2a: Talonflame|9/100
|
|-weather|SunnyDay|[upkeep]
|-damage|p1a: Zacian|95/100 brn|[from] brn
|upkeep
|turn|3
|
|t:|1750833063
|move|p2a: Talonflame|Dual Wingbeat|p1a: Zacian
|-damage|p1a: Zacian|86/100 brn
|-damage|p1a: Zacian|77/100 brn
|-hitcount|p1a: Zacian|2
|move|p2b: Zacian|Sacred Sword|p1b: Walking Wake
|-damage|p1b: Walking Wake|11/100
|move|p1b: Walking Wake|Hydro Steam|p2a: Talonflame
|-supereffective|p2a: Talonflame
|-damage|p2a: Talonflame|0 fnt
|faint|p2a: Talonflame
|-damage|p1b: Walking Wake|1/100|[from] item: Life Orb
|move|p1a: Zacian|Play Rough|p2b: Zacian
|-damage|p2b: Zacian|0 fnt
|faint|p2b: Zacian
|
|-weather|SunnyDay|[upkeep]
|-damage|p1a: Zacian|71/100 brn|[from] brn
|upkeep
|
|t:|1750833079
|switch|p2a: Sinistcha|Sinistcha, L50|100/100
|switch|p2b: Zamazenta|Zamazenta, L50|100/100
|-ability|p2b: Zamazenta|Dauntless Shield|boost
|-boost|p2b: Zamazenta|def|1
|turn|4
|
|t:|1750833126
|-terastallize|p2a: Sinistcha|Water
|move|p2a: Sinistcha|Rage Powder|p2a: Sinistcha
|-singleturn|p2a: Sinistcha|move: Rage Powder
|move|p2b: Zamazenta|Iron Defense|p2b: Zamazenta
|-boost|p2b: Zamazenta|def|2
|move|p1b: Walking Wake|Flamethrower|p2a: Sinistcha
|-resisted|p2a: Sinistcha
|-damage|p2a: Sinistcha|62/100
|-damage|p1b: Walking Wake|0 fnt|[from] item: Life Orb
|faint|p1b: Walking Wake
|-end|p1b: Walking Wake|Protosynthesis|[silent]
|move|p1a: Zacian|Play Rough|p2a: Sinistcha
|-damage|p2a: Sinistcha|13/100
|
|-weather|SunnyDay|[upkeep]
|-damage|p1a: Zacian|65/100 brn|[from] brn
|-sideend|p2: NotCassieMD|move: Tailwind
|upkeep
|
|t:|1750833149
|switch|p1b: Groudon|Groudon, L50|100/100
|turn|5
|
|t:|1750833164
|move|p2b: Zamazenta|Heavy Slam|p1a: Zacian
|-supereffective|p1a: Zacian
|-damage|p1a: Zacian|43/100 brn
|move|p1a: Zacian|Play Rough|p2a: Sinistcha
|-damage|p2a: Sinistcha|0 fnt
|faint|p2a: Sinistcha
|move|p1b: Groudon|Heat Crash|p2b: Zamazenta
|-damage|p2b: Zamazenta|81/100
|
|-weather|none
|-damage|p1a: Zacian|37/100 brn|[from] brn
|upkeep
|turn|6
|
|t:|1750833198
|switch|p1a: Kingambit|Kingambit, L50, F|100/100
|move|p2b: Zamazenta|Heavy Slam|p1a: Kingambit
|-resisted|p1a: Kingambit
|-damage|p1a: Kingambit|97/100
|move|p1b: Groudon|Heat Crash|p2b: Zamazenta
|-damage|p2b: Zamazenta|68/100
|
|upkeep
|turn|7
|
|t:|1750833211
|move|p2b: Zamazenta|Body Press|p1b: Groudon
|-damage|p1b: Groudon|37/100
|move|p1b: Groudon|Precipice Blades|p2b: Zamazenta
|-damage|p2b: Zamazenta|47/100
|move|p1a: Kingambit|Kowtow Cleave|p2b: Zamazenta
|-resisted|p2b: Zamazenta
|-damage|p2b: Zamazenta|38/100
|
|upkeep
|turn|8
|
|t:|1750833223
|move|p2b: Zamazenta|Body Press|p1a: Kingambit
|-supereffective|p1a: Kingambit
|-damage|p1a: Kingambit|0 fnt
|faint|p1a: Kingambit
|move|p1b: Groudon|Heat Crash|p2b: Zamazenta
|-damage|p2b: Zamazenta|25/100
|
|upkeep
|
|t:|1750833229
|switch|p1a: Zacian|Zacian, L50|37/100 brn
|turn|9
|
|t:|1750833235
|move|p2b: Zamazenta|Protect|p2b: Zamazenta
|-singleturn|p2b: Zamazenta|Protect
|move|p1a: Zacian|Play Rough|p2b: Zamazenta
|-activate|p2b: Zamazenta|move: Protect
|move|p1b: Groudon|Heat Crash|p2b: Zamazenta
|-activate|p2b: Zamazenta|move: Protect
|
|-damage|p1a: Zacian|31/100 brn|[from] brn
|upkeep
|turn|10
|
|t:|1750833243
|move|p1a: Zacian|Play Rough|p2b: Zamazenta
|-supereffective|p2b: Zamazenta
|-damage|p2b: Zamazenta|2/100
|move|p2b: Zamazenta|Body Press|p1b: Groudon
|-damage|p1b: Groudon|0 fnt
|faint|p1b: Groudon
|
|-damage|p1a: Zacian|25/100 brn|[from] brn
|upkeep
|turn|11
|
|t:|1750833252
|move|p2b: Zamazenta|Protect|p2b: Zamazenta
|-singleturn|p2b: Zamazenta|Protect
|move|p1a: Zacian|Play Rough|p2b: Zamazenta
|-activate|p2b: Zamazenta|move: Protect
|
|-damage|p1a: Zacian|20/100 brn|[from] brn
|upkeep
|turn|12
|
|t:|1750833260
|move|p2b: Zamazenta|Heavy Slam|p1a: Zacian
|-supereffective|p1a: Zacian
|-damage|p1a: Zacian|0 fnt
|faint|p1a: Zacian
|
|win|NotCassieMD
|c|☆Boltsy VGC|ggs
|c|☆NotCassieMD|damn that was a speed tie gg
|c|☆NotCassieMD|ggs
|c|☆Boltsy VGC|I think I threw by switching zacian
|c|☆NotCassieMD|possibly yeah
|c|☆Boltsy VGC|i was thinking that too, speed tie made it interesting
|c|☆NotCassieMD|for sure
|c|☆NotCassieMD|I'm jolly max defense on Zama btw
|c|☆Boltsy VGC|DAYUM
|c|☆Boltsy VGC|That Zama was so hard to break through
|c|☆NotCassieMD|after losing to a similar Zama myself I was I know what to build with next
|c|☆Boltsy VGC|also sinistcha tera water was also tough to get by
|c|☆Boltsy VGC|that's fair lol
|c|☆NotCassieMD|I think I also stole Sinistcha tera idea from an opponent lol
|c|☆Boltsy VGC|that's fair, I stole 4/6s of the team, but I think I'm gonna replace zacian probs so it'll only be 3/6 stolen mons
|c|☆NotCassieMD|so tempted to try heatproof just for the dopamine tbh
|c|☆NotCassieMD|50% stolen is a great place to be
|c|☆Boltsy VGC|that's me with perish trap then i lose and am like oh
|c|☆NotCassieMD|as i've recently been informed it's apparently the hardest archetype to use
