|j|☆tavares vgc
|j|☆bruh096521
|t:|1750795305
|gametype|doubles
|player|p1|tavares vgc|hilbert|1349
|player|p2|bruh096521|265|1323
|teamsize|p1|6
|teamsize|p2|6
|gen|9
|tier|[Gen 9] VGC 2025 Reg I
|rated|
|rule|Species Clause: Limit one of each Pokémon
|rule|Item Clause: Limit 1 of each item
|clearpoke
|poke|p1|Raging Bolt, L50|
|poke|p1|Whimsicott, L50, M|
|poke|p1|Miraidon, L50|
|poke|p1|Iron Bundle, L50|
|poke|p1|Farigiraf, L50, F|
|poke|p1|Groudon, L50|
|poke|p2|Groudon, L50|
|poke|p2|Raging Bolt, L50|
|poke|p2|Heatran, L50, F|
|poke|p2|Amoonguss, L50, F|
|poke|p2|Lunala, L50|
|poke|p2|Incineroar, L50, F|
|teampreview|4
bruh096521 has agreed to open team sheets.
|inactive|Battle timer is ON: inactive players will automatically lose when time's up. (requested by bruh096521)
|inactive|bruh096521 has 60 seconds left.
|inactive|bruh096521 has 30 seconds left.
|inactive|bruh096521 has 20 seconds left.
|inactive|bruh096521 has 15 seconds left.
|inactive|bruh096521 has 10 seconds left.
|
|t:|1750795399
|start
|switch|p1a: Miraidon|Miraidon, L50|100/100
|switch|p1b: Groudon|Groudon, L50|100/100
|switch|p2a: Incineroar|Incineroar, L50, F|100/100
|switch|p2b: Lunala|Lunala, L50|100/100
|-fieldstart|move: Electric Terrain|[from] ability: Hadron Engine|[of] p1a: Miraidon
|-weather|SunnyDay|[from] ability: Drought|[of] p1b: Groudon
|-ability|p2a: Incineroar|Intimidate|boost
|-unboost|p1a: Miraidon|atk|1
|-unboost|p1b: Groudon|atk|1
|turn|1
|inactive|tavares vgc has 30 seconds left.
|
|t:|1750795431
|move|p2a: Incineroar|Fake Out|p1a: Miraidon
|-crit|p1a: Miraidon
|-damage|p1a: Miraidon|81/100
|cant|p1a: Miraidon|flinch
|move|p1b: Groudon|Swords Dance|p1b: Groudon
|-boost|p1b: Groudon|atk|2
|move|p2b: Lunala|Trick Room|p2b: Lunala
|-fieldstart|move: Trick Room|[of] p2b: Lunala
|
|-weather|SunnyDay|[upkeep]
|upkeep
|turn|2
|inactive|tavares vgc has 30 seconds left.
|inactive|bruh096521 has 30 seconds left.
|inactive|tavares vgc has 20 seconds left.
|inactive|tavares vgc has 15 seconds left.
|
|t:|1750795475
|move|p2b: Lunala|Wide Guard|p2b: Lunala
|-singleturn|p2b: Lunala|Wide Guard
|move|p2a: Incineroar|Parting Shot|p1b: Groudon
|-unboost|p1b: Groudon|atk|1
|-unboost|p1b: Groudon|spa|1
|
|t:|1750795486
|switch|p2a: Heatran|Heatran, L50, F|100/100|[from] Parting Shot
|move|p1b: Groudon|Swords Dance|p1b: Groudon
|-boost|p1b: Groudon|atk|2
|move|p1a: Miraidon|Volt Switch|p2b: Lunala
|-damage|p2b: Lunala|69/100
|
|t:|1750795500
|switch|p1a: Farigiraf|Farigiraf, L50, F|100/100|[from] Volt Switch
|
|-weather|SunnyDay|[upkeep]
|upkeep
|turn|3
|inactive|tavares vgc has 30 seconds left.
|inactive|bruh096521 has 30 seconds left.
|inactive|bruh096521 has 20 seconds left.
|inactive|bruh096521 has 15 seconds left.
|
|t:|1750795540
|switch|p2b: Incineroar|Incineroar, L50, F|100/100
|-ability|p2b: Incineroar|Intimidate|boost
|-unboost|p1a: Farigiraf|atk|1
|-unboost|p1b: Groudon|atk|1
|-terastallize|p2a: Heatran|Grass
|move|p1a: Farigiraf|Helping Hand|p1b: Groudon
|-singleturn|p1b: Groudon|Helping Hand|[of] p1a: Farigiraf
|move|p2a: Heatran|Heat Wave|p1b: Groudon|[spread] p1a,p1b
|-crit|p1b: Groudon
|-damage|p1a: Farigiraf|25/100
|-damage|p1b: Groudon|2/100
|-status|p1a: Farigiraf|brn
|move|p1b: Groudon|Heat Crash|p2b: Incineroar
|-resisted|p2b: Incineroar
|-damage|p2b: Incineroar|38/100
|
|-weather|SunnyDay|[upkeep]
|-damage|p1a: Farigiraf|19/100 brn|[from] brn
|upkeep
|turn|4
|inactive|tavares vgc has 30 seconds left.
|inactive|bruh096521 has 30 seconds left.
|
|t:|1750795572
|switch|p2b: Groudon|Groudon, L50, shiny|100/100
|move|p1b: Groudon|Protect|p1b: Groudon
|-singleturn|p1b: Groudon|Protect
|move|p1a: Farigiraf|Hyper Voice|p2b: Groudon|[spread] p2a,p2b
|-damage|p2a: Heatran|79/100
|-damage|p2b: Groudon|80/100
|-enditem|p1a: Farigiraf|Throat Spray
|-boost|p1a: Farigiraf|spa|1|[from] item: Throat Spray
|move|p2a: Heatran|Heat Wave|p1b: Groudon|[spread] p1a
|-activate|p1b: Groudon|move: Protect
|-damage|p1a: Farigiraf|0 fnt
|faint|p1a: Farigiraf
|
|-weather|SunnyDay|[upkeep]
|upkeep
|inactive|tavares vgc has 30 seconds left.
|
|t:|1750795604
|switch|p1a: Raging Bolt|Raging Bolt, L50|100/100
|-activate|p1a: Raging Bolt|ability: Protosynthesis
|-start|p1a: Raging Bolt|protosynthesisspa
|turn|5
|
|t:|1750795628
|switch|p2a: Incineroar|Incineroar, L50, F|38/100
|-ability|p2a: Incineroar|Intimidate|boost
|-unboost|p1a: Raging Bolt|atk|1
|-unboost|p1b: Groudon|atk|1
|move|p1a: Raging Bolt|Protect|p1a: Raging Bolt
|-singleturn|p1a: Raging Bolt|Protect
|move|p1b: Groudon|Precipice Blades|p2a: Incineroar|[spread] p2a,p2b
|-supereffective|p2a: Incineroar
|-damage|p2a: Incineroar|0 fnt
|-damage|p2b: Groudon|54/100
|faint|p2a: Incineroar
|move|p2b: Groudon|Precipice Blades|p1b: Groudon|[spread] 
|-activate|p1a: Raging Bolt|move: Protect
|-miss|p2b: Groudon|p1b: Groudon
|
|-weather|none
|-end|p1a: Raging Bolt|Protosynthesis
|-fieldend|move: Trick Room
|-fieldend|move: Electric Terrain
|upkeep
|
|t:|1750795646
|switch|p2a: Lunala|Lunala, L50|69/100
|turn|6
|inactive|tavares vgc has 30 seconds left.
|inactive|bruh096521 has 30 seconds left.
|inactive|tavares vgc has 20 seconds left.
|
|t:|1750795683
|move|p2b: Groudon|Precipice Blades|p1b: Groudon|[spread] p1a,p1b
|-supereffective|p1a: Raging Bolt
|-damage|p1a: Raging Bolt|18/100
|-damage|p1b: Groudon|0 fnt
|faint|p1b: Groudon
|move|p1a: Raging Bolt|Draco Meteor|p2b: Groudon
|-damage|p2b: Groudon|0 fnt
|-unboost|p1a: Raging Bolt|spa|2
|faint|p2b: Groudon
|-damage|p1a: Raging Bolt|8/100|[from] item: Life Orb
|move|p2a: Lunala|Trick Room|p2a: Lunala
|-fieldstart|move: Trick Room|[of] p2a: Lunala
|
|upkeep
|
|t:|1750795695
|switch|p1b: Miraidon|Miraidon, L50|81/100
|switch|p2b: Heatran|Heatran, L50, F, tera:Grass|79/100
|-fieldstart|move: Electric Terrain|[from] ability: Hadron Engine|[of] p1b: Miraidon
|turn|7
|inactive|tavares vgc has 30 seconds left.
|inactive|tavares vgc has 20 seconds left.
|inactive|tavares vgc has 15 seconds left.
|inactive|tavares vgc has 10 seconds left.
|inactive|tavares vgc has 5 seconds left.
|
|t:|1750795746
|-terastallize|p1b: Miraidon|Fire
|move|p1a: Raging Bolt|Thunderclap|p2a: Lunala
|-damage|p2a: Lunala|46/100
|-damage|p1a: Raging Bolt|0 fnt|[from] item: Life Orb
|faint|p1a: Raging Bolt
|-end|p1a: Raging Bolt|Protosynthesis|[silent]
|move|p2b: Heatran|Heat Wave|p1b: Miraidon|[miss]
|-miss|p2b: Heatran|p1b: Miraidon
|move|p2a: Lunala|Moongeist Beam|p1b: Miraidon
|-damage|p1b: Miraidon|31/100
|move|p1b: Miraidon|Overheat|p2a: Lunala
|-damage|p2a: Lunala|0 fnt
|-unboost|p1b: Miraidon|spa|2
|faint|p2a: Lunala
|
|upkeep
|turn|8
|
|t:|1750795768
|move|p2b: Heatran|Heat Wave|p1b: Miraidon
|-resisted|p1b: Miraidon
|-damage|p1b: Miraidon|0 fnt
|faint|p1b: Miraidon
|
|win|bruh096521
|raw|tavares vgc's rating: 1349 &rarr; <strong>1328</strong><br />(-21 for losing)
|raw|bruh096521's rating: 1323 &rarr; <strong>1344</strong><br />(+21 for winning)
|l|☆tavares vgc
|player|p1|
|l|☆bruh096521
|player|p2|
