|j|☆Jakobwsmurfing
|j|☆phonecount
|t:|1750771957
|gametype|doubles
|player|p1|Jakobwsmurfing|102|1268
|player|p2|phonecount|169|1289
|teamsize|p1|6
|teamsize|p2|6
|gen|9
|tier|[Gen 9] VGC 2025 Reg I
|rated|
|rule|Species Clause: Limit one of each Pokémon
|rule|Item Clause: Limit 1 of each item
|clearpoke
|poke|p1|Giratina, L50|
|poke|p1|Miraidon, L50|
|poke|p1|Rillaboom, L50, M|
|poke|p1|Incineroar, L50, F|
|poke|p1|Pelipper, L50, F|
|poke|p1|Iron Boulder, L50|
|poke|p2|Terapagos, L50, M|
|poke|p2|Urshifu-*, L50, M|
|poke|p2|Calyrex-Shadow, L50|
|poke|p2|Whimsicott, L50, F|
|poke|p2|Sneasler, L50, F|
|poke|p2|Grimmsnarl, L50, M|
|teampreview|4
|inactive|Battle timer is ON: inactive players will automatically lose when time's up. (requested by phonecount)
|inactive|Jakobwsmurfing has 60 seconds left.
|
|t:|1750772020
|start
|switch|p1a: Miraidon|Miraidon, L50|100/100
|switch|p1b: Incineroar|Incineroar, L50, F|100/100
|switch|p2a: Sneasler|Sneasler, L50, F|100/100
|switch|p2b: Calyrex|Calyrex-Shadow, L50|100/100
|-ability|p2b: Calyrex|As One
|-ability|p2b: Calyrex|Unnerve
|-fieldstart|move: Electric Terrain|[from] ability: Hadron Engine|[of] p1a: Miraidon
|-ability|p1b: Incineroar|Intimidate|boost
|-unboost|p2a: Sneasler|atk|1
|-unboost|p2b: Calyrex|atk|1
|turn|1
|inactive|phonecount has 30 seconds left.
|
|t:|1750772045
|-terastallize|p2b: Calyrex|Fairy
|move|p2a: Sneasler|Fake Out|p1b: Incineroar
|-enditem|p2a: Sneasler|Normal Gem|[from] gem
|-damage|p1b: Incineroar|91/100
|move|p1a: Miraidon|Snarl|p2b: Calyrex|[spread] p2a,p2b
|-resisted|p2a: Sneasler
|-resisted|p2b: Calyrex
|-damage|p2a: Sneasler|84/100
|-damage|p2b: Calyrex|90/100
|-unboost|p2a: Sneasler|spa|1
|-unboost|p2b: Calyrex|spa|1
|move|p2b: Calyrex|Tera Blast|p1a: Miraidon|[anim] Tera Blast Fairy
|-supereffective|p1a: Miraidon
|-damage|p1a: Miraidon|44/100
|cant|p1b: Incineroar|flinch
|
|upkeep
|turn|2
|
|t:|1750772065
|move|p2a: Sneasler|Close Combat|p1a: Miraidon
|-damage|p1a: Miraidon|4/100
|-unboost|p2a: Sneasler|def|1
|-unboost|p2a: Sneasler|spd|1
|move|p1a: Miraidon|Snarl|p2a: Sneasler|[spread] p2a,p2b
|-resisted|p2a: Sneasler
|-resisted|p2b: Calyrex
|-damage|p2a: Sneasler|64/100
|-damage|p2b: Calyrex|78/100
|-unboost|p2a: Sneasler|spa|1
|-unboost|p2b: Calyrex|spa|1
|move|p2b: Calyrex|Tera Blast|p1a: Miraidon|[anim] Tera Blast Fairy
|-supereffective|p1a: Miraidon
|-damage|p1a: Miraidon|0 fnt
|faint|p1a: Miraidon
|-ability|p2b: Calyrex|Grim Neigh|boost
|-boost|p2b: Calyrex|spa|1
|move|p1b: Incineroar|Parting Shot|p2b: Calyrex
|-unboost|p2b: Calyrex|atk|1
|-unboost|p2b: Calyrex|spa|1
|
|t:|1750772076
|switch|p1b: Giratina|Giratina, L50|100/100|[from] Parting Shot
|-enditem|p1b: Giratina|Electric Seed
|-boost|p1b: Giratina|def|1|[from] item: Electric Seed
|
|upkeep
|
|t:|1750772079
|switch|p1a: Incineroar|Incineroar, L50, F|91/100
|-ability|p1a: Incineroar|Intimidate|boost
|-unboost|p2a: Sneasler|atk|1
|-unboost|p2b: Calyrex|atk|1
|turn|3
|
|t:|1750772093
|switch|p2a: Grimmsnarl|Grimmsnarl, L50, M|100/100
|switch|p2b: Terapagos|Terapagos, L50, M|100/100
|-activate|p2b: Terapagos|ability: Tera Shift
|detailschange|p2b: Terapagos|Terapagos-Terastal, L50, M
|-heal|p2b: Terapagos|100/100|[silent]
|move|p1a: Incineroar|Fake Out|p2b: Terapagos
|-activate|p2b: Terapagos|ability: Tera Shell
|-resisted|p2b: Terapagos
|-damage|p2b: Terapagos|96/100
|move|p1b: Giratina|Calm Mind|p1b: Giratina
|-boost|p1b: Giratina|spa|1
|-boost|p1b: Giratina|spd|1
|
|upkeep
|turn|4
|
|t:|1750772110
|move|p2a: Grimmsnarl|Light Screen|p2a: Grimmsnarl
|-sidestart|p2: phonecount|move: Light Screen
|move|p1b: Giratina|Calm Mind|p1b: Giratina
|-boost|p1b: Giratina|spa|1
|-boost|p1b: Giratina|spd|1
|move|p2b: Terapagos|Calm Mind|p2b: Terapagos
|-boost|p2b: Terapagos|spa|1
|-boost|p2b: Terapagos|spd|1
|move|p1a: Incineroar|Taunt|p2a: Grimmsnarl
|-start|p2a: Grimmsnarl|move: Taunt
|
|upkeep
|turn|5
|
|t:|1750772126
|move|p2b: Terapagos|Earth Power|p1a: Incineroar
|-supereffective|p1a: Incineroar
|-damage|p1a: Incineroar|0 fnt
|faint|p1a: Incineroar
|-damage|p2b: Terapagos|86/100|[from] item: Life Orb
|move|p1b: Giratina|Calm Mind|p1b: Giratina
|-boost|p1b: Giratina|spa|1
|-boost|p1b: Giratina|spd|1
|move|p2a: Grimmsnarl|Spirit Break|p1b: Giratina
|-supereffective|p1b: Giratina
|-damage|p1b: Giratina|77/100
|-unboost|p1b: Giratina|spa|1
|
|-fieldend|move: Electric Terrain
|upkeep
|
|t:|1750772133
|switch|p1a: Iron Boulder|Iron Boulder, L50|100/100
|turn|6
|
|t:|1750772151
|-terastallize|p1a: Iron Boulder|Fighting
|move|p1a: Iron Boulder|Sacred Sword|p2b: Terapagos
|-supereffective|p2b: Terapagos
|-damage|p2b: Terapagos|11/100
|move|p1b: Giratina|Dragon Pulse|p2b: Terapagos
|-damage|p2b: Terapagos|0 fnt
|faint|p2b: Terapagos
|move|p2a: Grimmsnarl|Spirit Break|p1b: Giratina
|-supereffective|p1b: Giratina
|-damage|p1b: Giratina|53/100
|-unboost|p1b: Giratina|spa|1
|
|upkeep
|
|t:|1750772172
|switch|p2b: Calyrex|Calyrex-Shadow, L50, tera:Fairy|78/100
|-ability|p2b: Calyrex|As One
|-ability|p2b: Calyrex|Unnerve
|turn|7
|
|t:|1750772180
|move|p1b: Giratina|Protect|p1b: Giratina
|-singleturn|p1b: Giratina|Protect
|move|p2b: Calyrex|Psychic|p1a: Iron Boulder
|-supereffective|p1a: Iron Boulder
|-damage|p1a: Iron Boulder|0 fnt
|faint|p1a: Iron Boulder
|-end|p1a: Iron Boulder|Quark Drive|[silent]
|-ability|p2b: Calyrex|Grim Neigh|boost
|-boost|p2b: Calyrex|spa|1
|move|p2a: Grimmsnarl|Spirit Break|p1b: Giratina
|-activate|p1b: Giratina|move: Protect
|
|-end|p2a: Grimmsnarl|move: Taunt
|upkeep
|turn|8
|-message|Jakobwsmurfing forfeited.
|
|win|phonecount
|raw|Jakobwsmurfing's rating: 1268 &rarr; <strong>1246</strong><br />(-22 for losing)
|raw|phonecount's rating: 1311 &rarr; <strong>1329</strong><br />(+18 for winning)
|l|☆Jakobwsmurfing
|player|p1|
|l|☆phonecount
|player|p2|
