|j|☆Rizz-Khalifa69
|j|☆column11
|t:|1750737876
|gametype|doubles
|player|p1|Rizz-Khalifa69|chuck|1324
|player|p2|column11|ninjaboy|1385
|teamsize|p1|6
|teamsize|p2|6
|gen|9
|tier|[Gen 9] VGC 2025 Reg I
|rated|
|rule|Species Clause: Limit one of each Pokémon
|rule|Item Clause: Limit 1 of each item
|clearpoke
|poke|p1|Kyogre, L50|
|poke|p1|Overqwil, L50, M|
|poke|p1|Raichu, L50, F|
|poke|p1|Rillaboom, L50, F|
|poke|p1|Tornadus, L50, M|
|poke|p1|Zacian-*, L50|
|poke|p2|Clefairy, L50, M|
|poke|p2|Rillaboom, L50, F|
|poke|p2|Grimmsnarl, L50, M|
|poke|p2|Iron Jugulis, L50|
|poke|p2|Calyrex-Shadow, L50|
|poke|p2|Zamazenta-*, L50|
|teampreview|4
|
|t:|1750737921
|start
|switch|p1a: Kyogre|Kyogre, L50|100/100
|switch|p1b: Tornadus|Tornadus, L50, M|100/100
|switch|p2a: Clefairy|Clefairy, L50, M|100/100
|switch|p2b: Calyrex|Calyrex-Shadow, L50|100/100
|-ability|p2b: Calyrex|As One
|-ability|p2b: Calyrex|Unnerve
|-weather|RainDance|[from] ability: Drizzle|[of] p1a: Kyogre
|turn|1
|
|t:|1750737937
|move|p2a: Clefairy|Helping Hand|p2b: Calyrex
|-singleturn|p2b: Calyrex|Helping Hand|[of] p2a: Clefairy
|move|p1b: Tornadus|Tailwind|p1b: Tornadus
|-sidestart|p1: Rizz-Khalifa69|move: Tailwind
|move|p1a: Kyogre|Water Spout|p2b: Calyrex|[spread] p2a,p2b
|-damage|p2a: Clefairy|17/100
|-damage|p2b: Calyrex|12/100
|move|p2b: Calyrex|Astral Barrage|p1a: Kyogre|[spread] p1a,p1b
|-damage|p1a: Kyogre|50/100
|-damage|p1b: Tornadus|14/100
|
|-weather|RainDance|[upkeep]
|upkeep
|turn|2
|
|t:|1750737986
|switch|p2b: Zamazenta|Zamazenta-Crowned, L50, shiny|100/100
|-ability|p2b: Zamazenta|Dauntless Shield|boost
|-boost|p2b: Zamazenta|def|1
|move|p1a: Kyogre|Protect|p1a: Kyogre
|-singleturn|p1a: Kyogre|Protect
|move|p2a: Clefairy|Follow Me|p2a: Clefairy
|-singleturn|p2a: Clefairy|move: Follow Me
|move|p1b: Tornadus|Bleakwind Storm|p2b: Zamazenta|[spread] p2a,p2b
|-damage|p2a: Clefairy|0 fnt
|-damage|p2b: Zamazenta|81/100
|faint|p2a: Clefairy
|
|-weather|RainDance|[upkeep]
|upkeep
|
|t:|1750737990
|switch|p2a: Grimmsnarl|Grimmsnarl, L50, M, shiny|100/100
|turn|3
|
|t:|1750738001
|-terastallize|p2b: Zamazenta|Grass
|move|p2a: Grimmsnarl|Fake Out|p1b: Tornadus
|-damage|p1b: Tornadus|3/100
|move|p1b: Tornadus|Taunt|p2b: Zamazenta
|-start|p2b: Zamazenta|move: Taunt
|move|p1a: Kyogre|Origin Pulse|p2a: Grimmsnarl|[spread] p2a,p2b
|-resisted|p2b: Zamazenta
|-damage|p2a: Grimmsnarl|3/100
|-damage|p2b: Zamazenta|45/100
|-enditem|p2a: Grimmsnarl|Sitrus Berry|[eat]
|-heal|p2a: Grimmsnarl|27/100|[from] item: Sitrus Berry
|move|p2b: Zamazenta|Body Press|p1a: Kyogre
|-damage|p1a: Kyogre|0 fnt
|faint|p1a: Kyogre
|
|-weather|RainDance|[upkeep]
|upkeep
|
|t:|1750738009
|switch|p1a: Overqwil|Overqwil, L50, M|100/100
|turn|4
|
|t:|1750738028
|move|p2a: Grimmsnarl|Thunder Wave|p1b: Tornadus
|-status|p1b: Tornadus|par
|move|p1a: Overqwil|Gunk Shot|p2b: Zamazenta
|-supereffective|p2b: Zamazenta
|-damage|p2b: Zamazenta|0 fnt
|faint|p2b: Zamazenta
|-damage|p1a: Overqwil|91/100|[from] item: Life Orb
|move|p1b: Tornadus|Bleakwind Storm|p2a: Grimmsnarl
|-damage|p2a: Grimmsnarl|0 fnt
|faint|p2a: Grimmsnarl
|
|-weather|RainDance|[upkeep]
|-sideend|p1: Rizz-Khalifa69|move: Tailwind
|upkeep
|
|t:|1750738034
|switch|p2b: Calyrex|Calyrex-Shadow, L50|12/100
|-ability|p2b: Calyrex|As One
|-ability|p2b: Calyrex|Unnerve
|turn|5
|
|t:|1750738042
|move|p2b: Calyrex|Protect|p2b: Calyrex
|-singleturn|p2b: Calyrex|Protect
|move|p1b: Tornadus|Tailwind|p1b: Tornadus
|-sidestart|p1: Rizz-Khalifa69|move: Tailwind
|move|p1a: Overqwil|Throat Chop|p2b: Calyrex
|-activate|p2b: Calyrex|move: Protect
|
|-weather|none
|upkeep
|turn|6
|
|t:|1750738048
|cant|p1b: Tornadus|par
|move|p1a: Overqwil|Throat Chop|p2b: Calyrex
|-supereffective|p2b: Calyrex
|-damage|p2b: Calyrex|0 fnt
|faint|p2b: Calyrex
|-damage|p1a: Overqwil|81/100|[from] item: Life Orb
|
|win|Rizz-Khalifa69
|raw|Rizz-Khalifa69's rating: 1324 &rarr; <strong>1347</strong><br />(+23 for winning)
|raw|column11's rating: 1385 &rarr; <strong>1362</strong><br />(-23 for losing)
|l|☆column11
|player|p2|
|l|☆Rizz-Khalifa69
|player|p1|
