|j|☆Jaker0125
|j|☆MikkelDKGamer
|t:|1750848039
|gametype|doubles
|player|p1|Jaker0125|red|1253
|player|p2|MikkelDKGamer|ghetsis|1227
|teamsize|p1|6
|teamsize|p2|6
|gen|9
|tier|[Gen 9] VGC 2025 Reg I
|rated|
|rule|Species Clause: Limit one of each Pokémon
|rule|Item Clause: Limit 1 of each item
|clearpoke
|poke|p1|Calyrex-Ice, L50|
|poke|p1|Kyogre, L50|
|poke|p1|Blastoise, L50, F|
|poke|p1|Amoonguss, L50, F|
|poke|p1|Flutter Mane, L50|
|poke|p1|Kingdra, L50, F|
|poke|p2|Calyrex-Ice, L50|
|poke|p2|Zamazenta-*, L50|
|poke|p2|Farigiraf, L50, M|
|poke|p2|Grimmsnarl, L50, M|
|poke|p2|Rillaboom, L50, F|
|poke|p2|Ursaluna, L50, F|
|teampreview|4
|inactive|Battle timer is ON: inactive players will automatically lose when time's up. (requested by MikkelDKGamer)
|inactive|Jaker0125 also wants the timer to be on.
|inactive|Jaker0125 has 60 seconds left.
MikkelDKGamer has agreed to open team sheets.
|
|t:|1750848096
|start
|switch|p1a: Kyogre|Kyogre, L50|100/100
|switch|p1b: Blastoise|Blastoise, L50, F|100/100
|switch|p2a: Rillaboom|Rillaboom, L50, F, shiny|100/100
|switch|p2b: Zamazenta|Zamazenta-Crowned, L50, shiny|100/100
|-ability|p2b: Zamazenta|Dauntless Shield|boost
|-boost|p2b: Zamazenta|def|1
|-weather|RainDance|[from] ability: Drizzle|[of] p1a: Kyogre
|-fieldstart|move: Grassy Terrain|[from] ability: Grassy Surge|[of] p2a: Rillaboom
|turn|1
|inactive|Jaker0125 has 30 seconds left.
|inactive|MikkelDKGamer has 30 seconds left.
|inactive|Jaker0125 has 20 seconds left.
|inactive|Jaker0125 has 15 seconds left.
|inactive|Jaker0125 has 10 seconds left.
|
|t:|1750848146
|switch|p1a: Amoonguss|Amoonguss, L50, F|100/100
|move|p2b: Zamazenta|Wide Guard|p2b: Zamazenta
|-singleturn|p2b: Zamazenta|Wide Guard
|move|p2a: Rillaboom|Wood Hammer|p1a: Amoonguss
|-resisted|p1a: Amoonguss
|-damage|p1a: Amoonguss|84/100
|-damage|p2a: Rillaboom|95/100|[from] Recoil
|move|p1b: Blastoise|Flip Turn|p2b: Zamazenta
|-damage|p2b: Zamazenta|91/100
|inactive|Jaker0125 has 30 seconds left.
|inactive|Jaker0125 has 20 seconds left.
|
|t:|1750848181
|switch|p1b: Calyrex|Calyrex-Ice, L50|100/100|[from] Flip Turn
|-ability|p1b: Calyrex|As One
|-ability|p1b: Calyrex|Unnerve
|
|-weather|RainDance|[upkeep]
|-heal|p2b: Zamazenta|96/100|[from] Grassy Terrain
|-heal|p2a: Rillaboom|100/100|[from] Grassy Terrain
|-heal|p1a: Amoonguss|90/100|[from] Grassy Terrain
|upkeep
|turn|2
|inactive|MikkelDKGamer has 30 seconds left.
|inactive|MikkelDKGamer has 20 seconds left.
|inactive|MikkelDKGamer has 15 seconds left.
|inactive|MikkelDKGamer has 10 seconds left.
|inactive|MikkelDKGamer has 5 seconds left.
|
|t:|1750848236
|move|p1b: Calyrex|Protect|p1b: Calyrex
|-singleturn|p1b: Calyrex|Protect
|move|p2b: Zamazenta|Body Press|p1a: Amoonguss
|-resisted|p1a: Amoonguss
|-damage|p1a: Amoonguss|60/100
|move|p2a: Rillaboom|Brick Break|p1a: Amoonguss
|-resisted|p1a: Amoonguss
|-damage|p1a: Amoonguss|50/100
|move|p1a: Amoonguss|Spore|p2b: Zamazenta
|-status|p2b: Zamazenta|slp|[from] move: Spore
|
|-weather|RainDance|[upkeep]
|-heal|p2b: Zamazenta|100/100 slp|[from] Grassy Terrain
|-heal|p1a: Amoonguss|56/100|[from] Grassy Terrain
|upkeep
|turn|3
|inactive|Jaker0125 has 30 seconds left.
|inactive|MikkelDKGamer has 30 seconds left.
|inactive|MikkelDKGamer has 20 seconds left.
|inactive|MikkelDKGamer has 15 seconds left.
|inactive|MikkelDKGamer has 10 seconds left.
|inactive|Jaker0125 has 20 seconds left.
|inactive|MikkelDKGamer has 5 seconds left.
|
|t:|1750848291
|switch|p1a: Blastoise|Blastoise, L50, F|100/100
|cant|p2b: Zamazenta|slp
|move|p2a: Rillaboom|Brick Break|p1b: Calyrex
|-damage|p1b: Calyrex|88/100
|move|p1b: Calyrex|Glacial Lance|p2b: Zamazenta|[spread] p2a,p2b
|-supereffective|p2a: Rillaboom
|-resisted|p2b: Zamazenta
|-damage|p2a: Rillaboom|15/100
|-damage|p2b: Zamazenta|91/100 slp
|
|-weather|RainDance|[upkeep]
|-heal|p2b: Zamazenta|97/100 slp|[from] Grassy Terrain
|-heal|p2a: Rillaboom|20/100|[from] Grassy Terrain
|-heal|p1b: Calyrex|94/100|[from] Grassy Terrain
|-heal|p1b: Calyrex|99/100|[from] item: Leftovers
|upkeep
|turn|4
|inactive|Jaker0125 has 30 seconds left.
|inactive|MikkelDKGamer has 30 seconds left.
|inactive|Jaker0125 has 20 seconds left.
|inactive|MikkelDKGamer has 20 seconds left.
|inactive|Jaker0125 has 15 seconds left.
|inactive|MikkelDKGamer has 15 seconds left.
|inactive|MikkelDKGamer has 10 seconds left.
|inactive|MikkelDKGamer has 5 seconds left.
|
|t:|1750848346
|-curestatus|p2b: Zamazenta|slp|[msg]
|move|p2b: Zamazenta|Body Press|p1a: Blastoise
|-damage|p1a: Blastoise|49/100
|move|p2a: Rillaboom|Brick Break|p1b: Calyrex
|-damage|p1b: Calyrex|87/100
|move|p1a: Blastoise|Flip Turn|p2a: Rillaboom
|-resisted|p2a: Rillaboom
|-damage|p2a: Rillaboom|10/100
|
|t:|1750848364
|switch|p1a: Kyogre|Kyogre, L50|100/100|[from] Flip Turn
|move|p1b: Calyrex|Glacial Lance|p2b: Zamazenta|[spread] p2a,p2b
|-supereffective|p2a: Rillaboom
|-resisted|p2b: Zamazenta
|-damage|p2a: Rillaboom|0 fnt
|-damage|p2b: Zamazenta|87/100
|faint|p2a: Rillaboom
|-ability|p1b: Calyrex|Chilling Neigh|boost
|-boost|p1b: Calyrex|atk|1
|
|-weather|RainDance|[upkeep]
|-heal|p2b: Zamazenta|93/100|[from] Grassy Terrain
|-heal|p1b: Calyrex|93/100|[from] Grassy Terrain
|-heal|p1b: Calyrex|99/100|[from] item: Leftovers
|upkeep
|
|t:|1750848374
|switch|p2a: Grimmsnarl|Grimmsnarl, L50, M, shiny|100/100
|turn|5
|
|t:|1750848396
|switch|p1a: Amoonguss|Amoonguss, L50, F|89/100
|move|p2b: Zamazenta|Wide Guard|p2b: Zamazenta
|-singleturn|p2b: Zamazenta|Wide Guard
|move|p2a: Grimmsnarl|Thunder Wave|p1a: Amoonguss
|-status|p1a: Amoonguss|par
|move|p1b: Calyrex|Leech Seed|p2b: Zamazenta
|-start|p2b: Zamazenta|move: Leech Seed
|
|-weather|none
|-heal|p2b: Zamazenta|99/100|[from] Grassy Terrain
|-heal|p1b: Calyrex|100/100|[from] Grassy Terrain
|-heal|p1a: Amoonguss|95/100 par|[from] Grassy Terrain
|-damage|p2b: Zamazenta|87/100|[from] Leech Seed|[of] p1b: Calyrex
|-fieldend|move: Grassy Terrain
|upkeep
|turn|6
|inactive|Jaker0125 has 30 seconds left.
|inactive|MikkelDKGamer has 30 seconds left.
|inactive|Jaker0125 has 20 seconds left.
|inactive|Jaker0125 has 15 seconds left.
|inactive|Jaker0125 has 10 seconds left.
|
|t:|1750848444
|switch|p2b: Calyrex|Calyrex-Ice, L50|100/100
|-ability|p2b: Calyrex|As One
|-ability|p2b: Calyrex|Unnerve
|move|p2a: Grimmsnarl|Thunder Wave|p1b: Calyrex
|-status|p1b: Calyrex|par
|move|p1a: Amoonguss|Spore|p2b: Calyrex
|-status|p2b: Calyrex|slp|[from] move: Spore
|move|p1b: Calyrex|Trick Room|p1b: Calyrex
|-fieldstart|move: Trick Room|[of] p1b: Calyrex
|
|upkeep
|turn|7
|inactive|MikkelDKGamer has 30 seconds left.
|inactive|MikkelDKGamer has 20 seconds left.
|inactive|MikkelDKGamer has 15 seconds left.
|inactive|MikkelDKGamer has 10 seconds left.
|inactive|MikkelDKGamer has 5 seconds left.
|
|t:|1750848499
|move|p2a: Grimmsnarl|Light Screen|p2a: Grimmsnarl
|-sidestart|p2: MikkelDKGamer|move: Light Screen
|move|p1a: Amoonguss|Spore|p2a: Grimmsnarl
|-status|p2a: Grimmsnarl|slp|[from] move: Spore
|move|p1b: Calyrex|Glacial Lance|p2b: Calyrex|[spread] p2a,p2b
|-resisted|p2b: Calyrex
|-damage|p2a: Grimmsnarl|31/100 slp
|-damage|p2b: Calyrex|78/100 slp
|cant|p2b: Calyrex|slp
|
|upkeep
|turn|8
|inactive|Jaker0125 has 30 seconds left.
|inactive|MikkelDKGamer has 30 seconds left.
|inactive|MikkelDKGamer has 20 seconds left.
|inactive|MikkelDKGamer has 15 seconds left.
|inactive|MikkelDKGamer has 10 seconds left.
|inactive|MikkelDKGamer has 5 seconds left.
|
|t:|1750848554
|switch|p1a: Blastoise|Blastoise, L50, F|49/100
|cant|p2a: Grimmsnarl|slp
|move|p1b: Calyrex|Glacial Lance|p2b: Calyrex|[spread] p2a,p2b
|-resisted|p2b: Calyrex
|-damage|p2a: Grimmsnarl|0 fnt
|-damage|p2b: Calyrex|58/100 slp
|faint|p2a: Grimmsnarl
|-ability|p1b: Calyrex|Chilling Neigh|boost
|-boost|p1b: Calyrex|atk|1
|cant|p2b: Calyrex|slp
|
|upkeep
|inactive|MikkelDKGamer has 30 seconds left.
|inactive|MikkelDKGamer has 20 seconds left.
|inactive|MikkelDKGamer has 15 seconds left.
|inactive|MikkelDKGamer has 10 seconds left.
|inactive|MikkelDKGamer has 5 seconds left.
|
|t:|1750848609
|switch|p2a: Zamazenta|Zamazenta-Crowned, L50, shiny|87/100
|turn|9
|inactive|MikkelDKGamer has 15 seconds left this turn.
|inactive|MikkelDKGamer has 10 seconds left.
|inactive|MikkelDKGamer has 5 seconds left.
|-message|MikkelDKGamer lost due to inactivity.
|
|win|Jaker0125
|raw|Jaker0125's rating: 1253 &rarr; <strong>1276</strong><br />(+23 for winning)
|raw|MikkelDKGamer's rating: 1227 &rarr; <strong>1204</strong><br />(-23 for losing)
|l|☆Jaker0125
|player|p1|
