|j|☆scp040
|j|☆porymorph
|t:|1750780649
|gametype|doubles
|player|p1|scp040|bugsy|1044
|player|p2|porymorph|roxanne|1119
|teamsize|p1|6
|teamsize|p2|6
|gen|9
|tier|[Gen 9] VGC 2025 Reg I
|rated|
|rule|Species Clause: Limit one of each Pokémon
|rule|Item Clause: Limit 1 of each item
|clearpoke
|poke|p1|Volbeat, L50, M|
|poke|p1|Araquanid, L50, M|
|poke|p1|Kleavor, L50, M|
|poke|p1|Volcarona, L50, F|
|poke|p1|Heracross, L50, M|
|poke|p1|Vivillon-Pokeball, L50, F|
|poke|p2|Calyrex-Shadow, L50|
|poke|p2|Koraidon, L50|
|poke|p2|Incineroar, L50, F|
|poke|p2|Flutter Mane, L50|
|poke|p2|Alcremie-Rainbow-Swirl, L50, F|
|poke|p2|Tornadus, L50, M|
|teampreview|4
|inactive|Battle timer is ON: inactive players will automatically lose when time's up. (requested by scp040)
porymorph has agreed to open team sheets.
|
|t:|1750780681
|start
|switch|p1a: Vivillon|Vivillon-Pokeball, L50, F|100/100
|switch|p1b: Kleavor|Kleavor, L50, M|100/100
|switch|p2a: Tornadus|Tornadus, L50, M|100/100
|switch|p2b: Koraidon|Koraidon, L50|100/100
|-weather|SunnyDay|[from] ability: Orichalcum Pulse|[of] p2b: Koraidon
|-activate|p2b: Koraidon|Orichalcum Pulse|[source]
|turn|1
|
|t:|1750780702
|move|p1b: Kleavor|Feint|p2b: Koraidon
|-damage|p2b: Koraidon|91/100
|move|p2a: Tornadus|Tailwind|p2a: Tornadus
|-sidestart|p2: porymorph|move: Tailwind
|move|p2b: Koraidon|Collision Course|p1b: Kleavor
|-damage|p1b: Kleavor|23/100
|move|p1a: Vivillon|Sleep Powder|p2a: Tornadus
|-status|p2a: Tornadus|slp|[from] move: Sleep Powder
|
|-weather|SunnyDay|[upkeep]
|upkeep
|turn|2
|inactive|scp040 has 30 seconds left.
|
|t:|1750780730
|switch|p2a: Incineroar|Incineroar, L50, F|100/100
|-ability|p2a: Incineroar|Intimidate|boost
|-unboost|p1a: Vivillon|atk|1
|-fail|p1b: Kleavor|unboost|[from] item: Clear Amulet|[of] p1b: Kleavor
|switch|p1b: Volbeat|Volbeat, L50, M|100/100
|move|p2b: Koraidon|Protect|p2b: Koraidon
|-singleturn|p2b: Koraidon|Protect
|move|p1a: Vivillon|Sleep Powder|p2b: Koraidon
|-activate|p2b: Koraidon|move: Protect
|
|-weather|SunnyDay|[upkeep]
|upkeep
|turn|3
|
|t:|1750780751
|move|p2a: Incineroar|Fake Out|p1b: Volbeat
|-damage|p1b: Volbeat|83/100
|move|p1b: Volbeat|Rain Dance|p1b: Volbeat
|-weather|RainDance
|move|p2b: Koraidon|Flame Charge|p1a: Vivillon
|-supereffective|p1a: Vivillon
|-damage|p1a: Vivillon|65/100
|-boost|p2b: Koraidon|spe|1
|move|p1a: Vivillon|Sleep Powder|p2b: Koraidon
|-status|p2b: Koraidon|slp|[from] move: Sleep Powder
|
|-weather|RainDance|[upkeep]
|upkeep
|turn|4
|inactive|scp040 has 30 seconds left.
|inactive|porymorph has 30 seconds left.
|
|t:|1750780786
|switch|p2b: Tornadus|Tornadus, L50, M|100/100 slp
|switch|p1b: Araquanid|Araquanid, L50, M|100/100
|move|p1a: Vivillon|Protect|p1a: Vivillon
|-singleturn|p1a: Vivillon|Protect
|move|p2a: Incineroar|Flare Blitz|p1a: Vivillon
|-activate|p1a: Vivillon|move: Protect
|
|-weather|RainDance|[upkeep]
|-sideend|p2: porymorph|move: Tailwind
|upkeep
|turn|5
|
|t:|1750780809
|switch|p2a: Koraidon|Koraidon, L50|91/100 slp
|-weather|SunnyDay|[from] ability: Orichalcum Pulse|[of] p2a: Koraidon
|-activate|p2a: Koraidon|Orichalcum Pulse|[source]
|move|p1a: Vivillon|Hurricane|p2a: Koraidon
|-supereffective|p2a: Koraidon
|-damage|p2a: Koraidon|0 fnt
|faint|p2a: Koraidon
|cant|p2b: Tornadus|slp
|move|p1b: Araquanid|Liquidation|p2b: Tornadus
|-damage|p2b: Tornadus|67/100 slp
|
|-weather|SunnyDay|[upkeep]
|upkeep
|
|t:|1750780822
|switch|p2a: Calyrex|Calyrex-Shadow, L50|100/100
|-ability|p2a: Calyrex|As One
|-ability|p2a: Calyrex|Unnerve
|turn|6
|
|t:|1750780844
|-curestatus|p2b: Tornadus|slp|[msg]
|move|p2b: Tornadus|Tailwind|p2b: Tornadus
|-sidestart|p2: porymorph|move: Tailwind
|move|p2a: Calyrex|Astral Barrage|p1a: Vivillon|[spread] p1a,p1b
|-damage|p1a: Vivillon|0 fnt
|-damage|p1b: Araquanid|61/100
|faint|p1a: Vivillon
|-ability|p2a: Calyrex|Grim Neigh|boost
|-boost|p2a: Calyrex|spa|1
|-damage|p2a: Calyrex|91/100|[from] item: Life Orb
|move|p1b: Araquanid|Mirror Coat|p2a: Calyrex
|-damage|p2a: Calyrex|13/100
|
|-weather|SunnyDay|[upkeep]
|upkeep
|
|t:|1750780858
|switch|p1a: Volbeat|Volbeat, L50, M|83/100
|turn|7
|
|t:|1750780867
|move|p2a: Calyrex|Protect|p2a: Calyrex
|-singleturn|p2a: Calyrex|Protect
|move|p1a: Volbeat|Rain Dance|p1a: Volbeat
|-weather|RainDance
|move|p2b: Tornadus|Air Slash|p1b: Araquanid
|-supereffective|p1b: Araquanid
|-damage|p1b: Araquanid|25/100
|move|p1b: Araquanid|Mirror Coat|p2b: Tornadus
|-damage|p2b: Tornadus|0 fnt
|faint|p2b: Tornadus
|
|-weather|RainDance|[upkeep]
|upkeep
|
|t:|1750780877
|switch|p2b: Incineroar|Incineroar, L50, F|100/100
|-ability|p2b: Incineroar|Intimidate|boost
|-unboost|p1a: Volbeat|atk|1
|-unboost|p1b: Araquanid|atk|1
|turn|8
|
|t:|1750780901
|move|p2b: Incineroar|Fake Out|p1a: Volbeat
|-damage|p1a: Volbeat|68/100
|move|p1a: Volbeat|Tailwind|p1a: Volbeat
|-sidestart|p1: scp040|move: Tailwind
|move|p2a: Calyrex|Astral Barrage|p1b: Araquanid|[spread] p1a,p1b
|-damage|p1a: Volbeat|0 fnt
|-damage|p1b: Araquanid|0 fnt
|faint|p1a: Volbeat
|faint|p1b: Araquanid
|-ability|p2a: Calyrex|Grim Neigh|boost
|-boost|p2a: Calyrex|spa|2
|-damage|p2a: Calyrex|3/100|[from] item: Life Orb
|
|-weather|RainDance|[upkeep]
|upkeep
|
|t:|1750780915
|switch|p1a: Kleavor|Kleavor, L50, M|23/100
|turn|9
|
|t:|1750780923
|move|p2a: Calyrex|Astral Barrage|p1a: Kleavor
|-damage|p1a: Kleavor|0 fnt
|faint|p1a: Kleavor
|-damage|p2a: Calyrex|0 fnt|[from] item: Life Orb
|faint|p2a: Calyrex
|
|win|porymorph
|raw|scp040's rating: 1044 &rarr; <strong>1031</strong><br />(-13 for losing)
|raw|porymorph's rating: 1119 &rarr; <strong>1139</strong><br />(+20 for winning)
|l|☆scp040
|player|p1|
