|j|☆what the pizza
|j|☆ren122333
|t:|1750801736
|gametype|doubles
|player|p1|what the pizza|colress|1454
|player|p2|ren122333|pokemonrangerf-gen4|1361
|teamsize|p1|6
|teamsize|p2|6
|gen|9
|tier|[Gen 9] VGC 2025 Reg I
|rated|
|rule|Species Clause: Limit one of each Pokémon
|rule|Item Clause: Limit 1 of each item
|clearpoke
|poke|p1|Giratina-Origin, L50|
|poke|p1|Zamazenta-*, L50|
|poke|p1|Annihilape, L50, M|
|poke|p1|Murkrow, L50, M|
|poke|p1|Ogerpon, L50, F|
|poke|p1|Pikachu-Partner, L50, M|
|poke|p2|Koraidon, L50|
|poke|p2|Jumpluff, L50, M|
|poke|p2|Indeedee-F, L50, F|
|poke|p2|Calyrex-Shadow, L50|
|poke|p2|Scream Tail, L50|
|poke|p2|Torkoal, L50, M|
|teampreview|4
|inactive|Battle timer is ON: inactive players will automatically lose when time's up. (requested by what the pizza)
what the pizza has agreed to open team sheets.
ren122333 has agreed to open team sheets.
|showteam|p1|Giratina-Origin||GriseousCore|Levitate|ShadowSneak,ShadowForce,BreakingSwipe,Protect||||||50|,,,,,Fire]Zamazenta-Crowned||RustedShield|DauntlessShield|BodyPress,WideGuard,Protect,behemothbash||||||50|,,,,,Ghost]Annihilape||ChoiceScarf|VitalSpirit|ShadowClaw,CloseCombat,FinalGambit,Coaching|||M|||50|,,,,,Grass]Murkrow||Eviolite|Prankster|Haze,FoulPlay,Quash,Tailwind|||M|||50|,,,,,Ghost]Ogerpon||ScopeLens|Defiant|IvyCudgel,Encore,KnockOff,SpikyShield|||F|||50|,,,,,Grass]Pikachu-Partner||FocusSash|LightningRod|FakeOut,Feint,Endeavor,Encore|||M|||50|,,,,,Ghost
|showteam|p2|Koraidon||ClearAmulet|OrichalcumPulse|CloseCombat,FlareBlitz,FlameCharge,Protect||||||50|,,,,,Fire]Jumpluff||FocusSash|Chlorophyll|Tailwind,RagePowder,HelpingHand,SleepPowder|||M|||50|,,,,,Dark]Indeedee-F||SafetyGoggles|PsychicSurge|HelpingHand,Imprison,FollowMe,TrickRoom|||F|||50|,,,,,Fire]Calyrex-Shadow||LifeOrb|AsOneSpectrier|AstralBarrage,ShadowBall,Disable,NastyPlot||||||50|,,,,,Normal]Scream Tail||BoosterEnergy|Protosynthesis|Protect,Encore,Disable,FakeTears||||||50|,,,,,Ghost]Torkoal||ChoiceSpecs|Drought|Eruption,EarthPower,HeatWave,SolarBeam|||M|||50|,,,,,Fire
|inactive|what the pizza has 60 seconds left.
|
|t:|1750801777
|start
|switch|p1a: Murkrow|Murkrow, L50, M, shiny|100/100
|switch|p1b: Ogerpon|Ogerpon, L50, F|100/100
|switch|p2a: Jumpluff|Jumpluff, L50, M|100/100
|switch|p2b: Koraidon|Koraidon, L50|100/100
|-weather|SunnyDay|[from] ability: Orichalcum Pulse|[of] p2b: Koraidon
|-activate|p2b: Koraidon|Orichalcum Pulse|[source]
|turn|1
|inactive|what the pizza has 30 seconds left.
|inactive|ren122333 has 30 seconds left.
|
|t:|1750801807
|switch|p1a: Giratina|Giratina-Origin, L50, shiny|100/100
|move|p2a: Jumpluff|Tailwind|p2a: Jumpluff
|-sidestart|p2: ren122333|move: Tailwind
|move|p2b: Koraidon|Flame Charge|p1a: Giratina
|-resisted|p1a: Giratina
|-damage|p1a: Giratina|88/100
|-boost|p2b: Koraidon|spe|1
|move|p1b: Ogerpon|Encore|p2a: Jumpluff
|-start|p2a: Jumpluff|Encore
|
|-weather|SunnyDay|[upkeep]
|upkeep
|turn|2
|
|t:|1750801826
|switch|p2a: Scream Tail|Scream Tail, L50|100/100
|-activate|p2a: Scream Tail|ability: Protosynthesis
|-start|p2a: Scream Tail|protosynthesisspe
|-terastallize|p2b: Koraidon|Fire
|move|p1b: Ogerpon|Spiky Shield|p1b: Ogerpon
|-singleturn|p1b: Ogerpon|move: Protect
|move|p2b: Koraidon|Flare Blitz|p1b: Ogerpon
|-activate|p1b: Ogerpon|move: Protect
|-damage|p2b: Koraidon|88/100|[from] Spiky Shield|[of] p1b: Ogerpon
|move|p1a: Giratina|Breaking Swipe|p2b: Koraidon|[spread] p2b
|-immune|p2a: Scream Tail
|-damage|p2b: Koraidon|63/100
|
|-weather|SunnyDay|[upkeep]
|upkeep
|turn|3
|inactive|what the pizza has 30 seconds left.
|inactive|what the pizza has 20 seconds left.
|
|t:|1750801864
|switch|p1b: Murkrow|Murkrow, L50, M, shiny|100/100
|move|p2b: Koraidon|Flare Blitz|p1b: Murkrow
|-crit|p1b: Murkrow
|-damage|p1b: Murkrow|0 fnt
|faint|p1b: Murkrow
|-damage|p2b: Koraidon|32/100|[from] Recoil
|move|p2a: Scream Tail|Disable|p1a: Giratina
|-start|p1a: Giratina|Disable|Breaking Swipe
|move|p1a: Giratina|Shadow Force||[still]
|-prepare|p1a: Giratina|Shadow Force
|
|-weather|SunnyDay|[upkeep]
|upkeep
|
|t:|1750801880
|switch|p1b: Ogerpon|Ogerpon, L50, F|100/100
|turn|4
|
|t:|1750801886
|move|p2b: Koraidon|Protect|p2b: Koraidon
|-singleturn|p2b: Koraidon|Protect
|move|p2a: Scream Tail|Protect|p2a: Scream Tail
|-singleturn|p2a: Scream Tail|Protect
|move|p1b: Ogerpon|Spiky Shield|p1b: Ogerpon
|-singleturn|p1b: Ogerpon|move: Protect
|move|p1a: Giratina|Shadow Force|p2a: Scream Tail|[from] lockedmove
|-activate|p2a: Scream Tail|move: Shadow Force|[broken]
|-supereffective|p2a: Scream Tail
|-damage|p2a: Scream Tail|0 fnt
|faint|p2a: Scream Tail
|-end|p2a: Scream Tail|Protosynthesis|[silent]
|
|-weather|SunnyDay|[upkeep]
|-sideend|p2: ren122333|move: Tailwind
|upkeep
|
|t:|1750801890
|switch|p2a: Calyrex|Calyrex-Shadow, L50|100/100
|-ability|p2a: Calyrex|As One
|-ability|p2a: Calyrex|Unnerve
|turn|5
|
|t:|1750801903
|move|p1a: Giratina|Shadow Sneak|p2a: Calyrex
|-supereffective|p2a: Calyrex
|-damage|p2a: Calyrex|0 fnt
|faint|p2a: Calyrex
|move|p2b: Koraidon|Flare Blitz|p1b: Ogerpon
|-supereffective|p1b: Ogerpon
|-crit|p1b: Ogerpon
|-damage|p1b: Ogerpon|0 fnt
|faint|p1b: Ogerpon
|-damage|p2b: Koraidon|3/100|[from] Recoil
|
|-weather|none
|upkeep
|-message|ren122333 forfeited.
|
|win|what the pizza
|raw|what the pizza's rating: 1454 &rarr; <strong>1469</strong><br />(+15 for winning)
|raw|ren122333's rating: 1361 &rarr; <strong>1346</strong><br />(-15 for losing)
|l|☆ren122333
|player|p2|
|l|☆what the pizza
|player|p1|
|j|☆what the pizza
|player|p1|what the pizza|colress|
|l|☆what the pizza
|player|p1|
