|j|☆hdlshshxvqjw
|j|☆ArosConPollo85
|t:|1750745551
|gametype|doubles
|player|p1|hdlshshxvqjw|102|1345
|player|p2|ArosConPollo85|2|1440
|teamsize|p1|6
|teamsize|p2|6
|gen|9
|tier|[Gen 9] VGC 2025 Reg I
|rated|
|rule|Species Clause: Limit one of each Pokémon
|rule|Item Clause: Limit 1 of each item
|clearpoke
|poke|p1|Ho-Oh, L50|
|poke|p1|Calyrex-Shadow, L50|
|poke|p1|Walking Wake, L50|
|poke|p1|Incineroar, L50, F|
|poke|p1|Landorus, L50, M|
|poke|p1|Toxapex, L50, M|
|poke|p2|Araquanid, L50, F|
|poke|p2|Miraidon, L50|
|poke|p2|Incineroar, L50, F|
|poke|p2|Iron Leaves, L50|
|poke|p2|Calyrex-Ice, L50|
|poke|p2|Farigiraf, L50, M|
|teampreview|4
|inactive|Battle timer is ON: inactive players will automatically lose when time's up. (requested by ArosConPollo85)
|inactive|ArosConPollo85 has 60 seconds left.
|
|t:|1750745582
|start
|switch|p1a: Calyrex|Calyrex-Shadow, L50|100/100
|switch|p1b: Toxapex|Toxapex, L50, M|100/100
|switch|p2a: Farigiraf|Farigiraf, L50, M|100/100
|switch|p2b: Miraidon|Miraidon, L50|100/100
|-ability|p1a: Calyrex|As One
|-ability|p1a: Calyrex|Unnerve
|-fieldstart|move: Electric Terrain|[from] ability: Hadron Engine|[of] p2b: Miraidon
|turn|1
|
|t:|1750745592
|move|p1a: Calyrex|Protect|p1a: Calyrex
|-singleturn|p1a: Calyrex|Protect
|move|p1b: Toxapex|Baneful Bunker|p1b: Toxapex
|-singleturn|p1b: Toxapex|move: Protect
|move|p2b: Miraidon|Volt Switch|p1a: Calyrex
|-activate|p1a: Calyrex|move: Protect
|move|p2a: Farigiraf|Trick Room|p2a: Farigiraf
|-fieldstart|move: Trick Room|[of] p2a: Farigiraf
|
|upkeep
|turn|2
|
|t:|1750745610
|switch|p1a: Incineroar|Incineroar, L50, F|100/100
|-ability|p1a: Incineroar|Intimidate|boost
|-unboost|p2a: Farigiraf|atk|1
|-unboost|p2b: Miraidon|atk|1
|-terastallize|p1b: Toxapex|Dark
|move|p1b: Toxapex|Toxic Spikes|p2b: Miraidon
|-sidestart|p2: ArosConPollo85|move: Toxic Spikes
|move|p2a: Farigiraf|Psychic|p1b: Toxapex
|-immune|p1b: Toxapex
|move|p2b: Miraidon|Volt Switch|p1a: Incineroar
|-damage|p1a: Incineroar|47/100
|
|t:|1750745623
|switch|p2b: Calyrex|Calyrex-Ice, L50|100/100|[from] Volt Switch
|-ability|p2b: Calyrex|As One
|-ability|p2b: Calyrex|Unnerve
|-status|p2b: Calyrex|psn
|
|-damage|p2b: Calyrex|88/100 psn|[from] psn
|upkeep
|turn|3
|
|t:|1750745638
|switch|p1a: Ho-Oh|Ho-Oh, L50|100/100
|move|p2a: Farigiraf|Helping Hand|p2b: Calyrex
|-singleturn|p2b: Calyrex|Helping Hand|[of] p2a: Farigiraf
|move|p1b: Toxapex|Wide Guard|p1b: Toxapex
|-singleturn|p1b: Toxapex|Wide Guard
|move|p2b: Calyrex|High Horsepower|p1a: Ho-Oh
|-immune|p1a: Ho-Oh
|
|-damage|p2b: Calyrex|76/100 psn|[from] psn
|upkeep
|turn|4
|
|t:|1750745650
|move|p2a: Farigiraf|Helping Hand|p2b: Calyrex
|-singleturn|p2b: Calyrex|Helping Hand|[of] p2a: Farigiraf
|move|p1b: Toxapex|Wide Guard|p1b: Toxapex
|-singleturn|p1b: Toxapex|Wide Guard
|move|p2b: Calyrex|Glacial Lance|p1b: Toxapex|[spread] 
|-activate|p1a: Ho-Oh|move: Wide Guard
|-activate|p1b: Toxapex|move: Wide Guard
|move|p1a: Ho-Oh|Sacred Fire|p2a: Farigiraf
|-damage|p2a: Farigiraf|60/100
|
|-damage|p2b: Calyrex|64/100 psn|[from] psn
|upkeep
|turn|5
|
|t:|1750745673
|move|p2a: Farigiraf|Helping Hand|p2b: Calyrex
|-singleturn|p2b: Calyrex|Helping Hand|[of] p2a: Farigiraf
|move|p1b: Toxapex|Wide Guard|p1b: Toxapex
|-singleturn|p1b: Toxapex|Wide Guard
|move|p2b: Calyrex|Glacial Lance|p1a: Ho-Oh|[spread] 
|-activate|p1a: Ho-Oh|move: Wide Guard
|-activate|p1b: Toxapex|move: Wide Guard
|move|p1a: Ho-Oh|Whirlwind|p2a: Farigiraf
|drag|p2a: Miraidon|Miraidon, L50|100/100
|-status|p2a: Miraidon|psn
|-activate|p2a: Miraidon|ability: Hadron Engine
|
|-damage|p2b: Calyrex|51/100 psn|[from] psn
|-damage|p2a: Miraidon|88/100 psn|[from] psn
|-fieldend|move: Trick Room
|-fieldend|move: Electric Terrain
|upkeep
|turn|6
|inactive|ArosConPollo85 has 30 seconds left.
|
|t:|1750745705
|move|p1a: Ho-Oh|Protect|p1a: Ho-Oh
|-singleturn|p1a: Ho-Oh|Protect
|move|p2a: Miraidon|Electro Drift|p1a: Ho-Oh
|-activate|p1a: Ho-Oh|move: Protect
|move|p2b: Calyrex|High Horsepower|p1b: Toxapex
|-damage|p1b: Toxapex|71/100
|move|p1b: Toxapex|Infestation|p2a: Miraidon
|-damage|p2a: Miraidon|86/100 psn
|-activate|p2a: Miraidon|move: Infestation|[of] p1b: Toxapex
|
|-damage|p2a: Miraidon|74/100 psn|[from] psn
|-damage|p2b: Calyrex|39/100 psn|[from] psn
|-damage|p2a: Miraidon|62/100 psn|[from] move: Infestation|[partiallytrapped]
|upkeep
|turn|7
|
|t:|1750745719
|switch|p1a: Incineroar|Incineroar, L50, F|47/100
|-ability|p1a: Incineroar|Intimidate|boost
|-unboost|p2a: Miraidon|atk|1
|-unboost|p2b: Calyrex|atk|1
|move|p1b: Toxapex|Baneful Bunker|p1b: Toxapex
|-singleturn|p1b: Toxapex|move: Protect
|move|p2a: Miraidon|Electro Drift|p1b: Toxapex
|-activate|p1b: Toxapex|move: Protect
|move|p2b: Calyrex|Glacial Lance|p1a: Incineroar|[spread] p1a
|-activate|p1b: Toxapex|move: Protect
|-resisted|p1a: Incineroar
|-damage|p1a: Incineroar|33/100
|
|-damage|p2a: Miraidon|50/100 psn|[from] psn
|-damage|p2b: Calyrex|27/100 psn|[from] psn
|-damage|p2a: Miraidon|38/100 psn|[from] move: Infestation|[partiallytrapped]
|upkeep
|turn|8
|
|t:|1750745733
|move|p1a: Incineroar|Fake Out|p2a: Miraidon
|-damage|p2a: Miraidon|27/100 psn
|cant|p2a: Miraidon|flinch
|move|p2b: Calyrex|High Horsepower|p1a: Incineroar
|-supereffective|p1a: Incineroar
|-damage|p1a: Incineroar|0 fnt
|faint|p1a: Incineroar
|-ability|p2b: Calyrex|Chilling Neigh|boost
|-boost|p2b: Calyrex|atk|1
|move|p1b: Toxapex|Infestation|p2b: Calyrex
|-supereffective|p2b: Calyrex
|-damage|p2b: Calyrex|24/100 psn
|-activate|p2b: Calyrex|move: Infestation|[of] p1b: Toxapex
|
|-damage|p2a: Miraidon|15/100 psn|[from] psn
|-damage|p2b: Calyrex|11/100 psn|[from] psn
|-damage|p2a: Miraidon|3/100 psn|[from] move: Infestation|[partiallytrapped]
|-damage|p2b: Calyrex|0 fnt|[from] move: Infestation|[partiallytrapped]
|faint|p2b: Calyrex
|upkeep
|
|t:|1750745744
|switch|p1a: Calyrex|Calyrex-Shadow, L50|100/100
|switch|p2b: Araquanid|Araquanid, L50, F|100/100
|-ability|p1a: Calyrex|As One
|-ability|p1a: Calyrex|Unnerve
|-status|p2b: Araquanid|psn
|turn|9
|
|t:|1750745750
|move|p1a: Calyrex|Protect|p1a: Calyrex
|-singleturn|p1a: Calyrex|Protect
|move|p1b: Toxapex|Baneful Bunker|p1b: Toxapex
|-singleturn|p1b: Toxapex|move: Protect
|move|p2b: Araquanid|Wide Guard|p2b: Araquanid
|-singleturn|p2b: Araquanid|Wide Guard
|move|p2a: Miraidon|Electro Drift|p1a: Calyrex
|-activate|p1a: Calyrex|move: Protect
|
|-damage|p2a: Miraidon|0 fnt|[from] psn
|faint|p2a: Miraidon
|-damage|p2b: Araquanid|88/100 psn|[from] psn
|upkeep
|
|t:|1750745752
|switch|p2a: Farigiraf|Farigiraf, L50, M|60/100
|-status|p2a: Farigiraf|psn
|turn|10
|
|t:|1750745758
|move|p1a: Calyrex|Encore|p2b: Araquanid
|-start|p2b: Araquanid|Encore
|move|p1b: Toxapex|Infestation|p2a: Farigiraf
|-supereffective|p2a: Farigiraf
|-damage|p2a: Farigiraf|55/100 psn
|-activate|p2a: Farigiraf|move: Infestation|[of] p1b: Toxapex
|move|p2b: Araquanid|Wide Guard|p2b: Araquanid
|-singleturn|p2b: Araquanid|Wide Guard
|move|p2a: Farigiraf|Trick Room|p2a: Farigiraf
|-fieldstart|move: Trick Room|[of] p2a: Farigiraf
|
|-damage|p2b: Araquanid|76/100 psn|[from] psn
|-damage|p2a: Farigiraf|43/100 psn|[from] psn
|-damage|p2a: Farigiraf|30/100 psn|[from] move: Infestation|[partiallytrapped]
|upkeep
|turn|11
|
|t:|1750745767
|move|p2b: Araquanid|Wide Guard|p2b: Araquanid
|-singleturn|p2b: Araquanid|Wide Guard
|move|p1b: Toxapex|Infestation|p2b: Araquanid
|-damage|p2b: Araquanid|73/100 psn
|-activate|p2b: Araquanid|move: Infestation|[of] p1b: Toxapex
|move|p2a: Farigiraf|Shadow Ball|p1a: Calyrex
|-supereffective|p1a: Calyrex
|-damage|p1a: Calyrex|26/100
|move|p1a: Calyrex|Disable|p2b: Araquanid
|-start|p2b: Araquanid|Disable|Wide Guard
|
|-damage|p2b: Araquanid|61/100 psn|[from] psn
|-damage|p2a: Farigiraf|18/100 psn|[from] psn
|-damage|p2b: Araquanid|49/100 psn|[from] move: Infestation|[partiallytrapped]
|-damage|p2a: Farigiraf|6/100 psn|[from] move: Infestation|[partiallytrapped]
|upkeep
|turn|12
|
|t:|1750745778
|switch|p1a: Ho-Oh|Ho-Oh, L50|100/100
|-activate|p2b: Araquanid|move: Struggle
|move|p2b: Araquanid|Struggle|p1b: Toxapex
|-damage|p1b: Toxapex|61/100
|-damage|p2b: Araquanid|24/100 psn|[from] recoil
|move|p1b: Toxapex|Infestation|p2b: Araquanid
|-damage|p2b: Araquanid|21/100 psn
|move|p2a: Farigiraf|Shadow Ball|p1a: Ho-Oh
|-damage|p1a: Ho-Oh|91/100
|
|-damage|p2b: Araquanid|9/100 psn|[from] psn
|-damage|p2a: Farigiraf|0 fnt|[from] psn
|faint|p2a: Farigiraf
|-damage|p2b: Araquanid|0 fnt|[from] move: Infestation|[partiallytrapped]
|faint|p2b: Araquanid
|
|win|hdlshshxvqjw
|raw|hdlshshxvqjw's rating: 1345 &rarr; <strong>1370</strong><br />(+25 for winning)
|raw|ArosConPollo85's rating: 1440 &rarr; <strong>1415</strong><br />(-25 for losing)
|c|☆ArosConPollo85|Gg
|l|☆hdlshshxvqjw
|player|p1|
|l|☆ArosConPollo85
|player|p2|
