|j|☆swbb
|j|‽jonbon22
|t:|1750859715
|gametype|doubles
|player|p1|swbb|170|1260
|player|p2|jonbon22|169|1202
|teamsize|p1|4
|teamsize|p2|6
|gen|9
|tier|[Gen 9] VGC 2025 Reg I
|rated|
|rule|Species Clause: Limit one of each Pokémon
|rule|Item Clause: Limit 1 of each item
|clearpoke
|poke|p1|Kyogre, L50|
|poke|p1|Psyduck, L50, F|
|poke|p1|Rillaboom, L50, M|
|poke|p1|Farigiraf, L50, M|
|poke|p2|Ursaluna, L50, M|
|poke|p2|Reshiram, L50|
|poke|p2|Kyurem-Black, L50|
|poke|p2|Indeedee-F, L50, F|
|poke|p2|Torkoal, L50, M|
|poke|p2|Sneasler, L50, M|
|teampreview|4
|inactive|Battle timer is ON: inactive players will automatically lose when time's up. (requested by swbb)
|
|t:|1750859740
|start
|switch|p1a: Kyogre|Kyogre, L50|100/100
|switch|p1b: Psyduck|Psyduck, L50, F|100/100
|switch|p2a: Indeedee|Indeedee-F, L50, F|100/100
|switch|p2b: Kyurem|Kyurem-Black, L50|100/100
|-ability|p2b: Kyurem|Teravolt
|-weather|RainDance|[from] ability: Drizzle|[of] p1a: Kyogre
|-fieldstart|move: Psychic Terrain|[from] ability: Psychic Surge|[of] p2a: Indeedee
|turn|1
|inactive|jonbon22 has 30 seconds left.
|
|t:|1750859767
|-terastallize|p1a: Kyogre|Water
|move|p1b: Psyduck|Skill Swap|p1a: Kyogre
|-activate|p1b: Psyduck|move: Skill Swap|||[of] p1a: Kyogre
|move|p1a: Kyogre|Water Spout|p2a: Indeedee|[spread] p2a,p2b
|-resisted|p2b: Kyurem
|-damage|p2a: Indeedee|0 fnt
|-damage|p2b: Kyurem|0 fnt
|faint|p2a: Indeedee
|faint|p2b: Kyurem
|
|-weather|RainDance|[upkeep]
|upkeep
|
|t:|1750859777
|switch|p2b: Reshiram|Reshiram, L50|100/100
|switch|p2a: Torkoal|Torkoal, L50, M|100/100
|-ability|p2b: Reshiram|Turboblaze
|-weather|SunnyDay|[from] ability: Drought|[of] p2a: Torkoal
|turn|2
|
|t:|1750859802
|switch|p1a: Rillaboom|Rillaboom, L50, M|100/100
|-fieldstart|move: Grassy Terrain|[from] ability: Grassy Surge|[of] p1a: Rillaboom
|switch|p1b: Farigiraf|Farigiraf, L50, M|100/100
|-terastallize|p2a: Torkoal|Fire
|move|p2a: Torkoal|Protect|p2a: Torkoal
|-singleturn|p2a: Torkoal|Protect
|move|p2b: Reshiram|Draco Meteor|p1a: Rillaboom
|-damage|p1a: Rillaboom|7/100
|-unboost|p2b: Reshiram|spa|2
|
|-weather|SunnyDay|[upkeep]
|-heal|p1a: Rillaboom|13/100|[from] Grassy Terrain
|upkeep
|turn|3
|inactive|swbb has 30 seconds left.
|inactive|swbb has 20 seconds left.
|
|t:|1750859837
|move|p1a: Rillaboom|Fake Out|p2a: Torkoal
|-damage|p2a: Torkoal|88/100
|move|p2b: Reshiram|Draco Meteor|p1b: Farigiraf
|-damage|p1b: Farigiraf|32/100
|-unboost|p2b: Reshiram|spa|2
|move|p1b: Farigiraf|Foul Play|p2b: Reshiram
|-damage|p2b: Reshiram|83/100
|cant|p2a: Torkoal|flinch
|
|-weather|SunnyDay|[upkeep]
|-heal|p2b: Reshiram|89/100|[from] Grassy Terrain
|-heal|p1a: Rillaboom|18/100|[from] Grassy Terrain
|-heal|p1b: Farigiraf|38/100|[from] Grassy Terrain
|-heal|p2a: Torkoal|94/100|[from] Grassy Terrain
|upkeep
|turn|4
|inactive|swbb has 30 seconds left.
|inactive|swbb has 20 seconds left.
|inactive|swbb has 15 seconds left.
|inactive|swbb has 10 seconds left.
|inactive|swbb has 5 seconds left.
|
|t:|1750859892
|move|p1b: Farigiraf|Ally Switch|p1b: Farigiraf
|swap|p1b: Farigiraf|0|[from] move: Ally Switch
|move|p1b: Rillaboom|Grassy Glide|p2a: Torkoal
|-resisted|p2a: Torkoal
|-damage|p2a: Torkoal|78/100
|move|p2b: Reshiram|Draco Meteor|p1b: Rillaboom
|-damage|p1b: Rillaboom|0 fnt
|-unboost|p2b: Reshiram|spa|2
|faint|p1b: Rillaboom
|move|p2a: Torkoal|Eruption|p1a: Farigiraf
|-damage|p1a: Farigiraf|0 fnt
|faint|p1a: Farigiraf
|
|-weather|SunnyDay|[upkeep]
|-heal|p2b: Reshiram|95/100|[from] Grassy Terrain
|-heal|p2a: Torkoal|85/100|[from] Grassy Terrain
|upkeep
|
|t:|1750859910
|switch|p1b: Psyduck|Psyduck, L50, F|100/100
|switch|p1a: Kyogre|Kyogre, L50, tera:Water|100/100
|-weather|RainDance|[from] ability: Drizzle|[of] p1a: Kyogre
|turn|5
|
|t:|1750859917
|move|p1b: Psyduck|Helping Hand|p1a: Kyogre
|-singleturn|p1a: Kyogre|Helping Hand|[of] p1b: Psyduck
|move|p2a: Torkoal|Protect|p2a: Torkoal
|-singleturn|p2a: Torkoal|Protect
|move|p1a: Kyogre|Water Spout|p2a: Torkoal|[spread] p2b
|-activate|p2a: Torkoal|move: Protect
|-damage|p2b: Reshiram|0 fnt
|faint|p2b: Reshiram
|
|-weather|RainDance|[upkeep]
|-heal|p2a: Torkoal|91/100|[from] Grassy Terrain
|upkeep
|turn|6
|-message|jonbon22 forfeited.
|
|win|swbb
|raw|swbb's rating: 1260 &rarr; <strong>1281</strong><br />(+21 for winning)
|raw|jonbon22's rating: 1202 &rarr; <strong>1181</strong><br />(-21 for losing)
|l|‽jonbon22
|player|p2|
|l|☆swbb
|player|p1|
