|j|☆IfUforfeitUsuck
|j|‽bloobrry
|t:|1750865408
|gametype|doubles
|player|p1|IfUforfeitUsuck|1|1171
|player|p2|bloobrry|emmet|1105
|teamsize|p1|6
|teamsize|p2|6
|gen|9
|tier|[Gen 9] VGC 2025 Reg I
|rated|
|rule|Species Clause: Limit one of each Pokémon
|rule|Item Clause: Limit 1 of each item
|clearpoke
|poke|p1|Lunala, L50|
|poke|p1|Rillaboom, L50, F|
|poke|p1|Groudon, L50|
|poke|p1|Lilligant-Hisui, L50, F|
|poke|p1|Sableye, L50, F|
|poke|p1|Persian-Alola, L50, F|
|poke|p2|Sceptile, L50, M|
|poke|p2|Tornadus, L50, M|
|poke|p2|Iron Valiant, L50|
|poke|p2|Miraidon, L50|
|poke|p2|Ho-Oh, L50|
|poke|p2|Landorus-Therian, L50, M|
|teampreview|4
IfUforfeitUsuck has agreed to open team sheets.
|l|‽bloobrry
|player|p2|
|j|☆bloobrry
|player|p2|bloobrry|emmet|
|inactive|Battle timer is ON: inactive players will automatically lose when time's up. (requested by bloobrry)
|
|t:|1750865456
|start
|switch|p1a: Lunala|Lunala, L50|100/100
|switch|p1b: Rillaboom|Rillaboom, L50, F|100/100
|switch|p2a: Tornadus|Tornadus, L50, M|100/100
|switch|p2b: Sceptile|Sceptile, L50, M|100/100
|-fieldstart|move: Grassy Terrain|[from] ability: Grassy Surge|[of] p1b: Rillaboom
|-enditem|p1a: Lunala|Grassy Seed
|-boost|p1a: Lunala|def|1|[from] item: Grassy Seed
|turn|1
|
|t:|1750865477
|-terastallize|p2b: Sceptile|Flying
|move|p2a: Tornadus|Swagger|p2b: Sceptile
|-boost|p2b: Sceptile|atk|2
|-start|p2b: Sceptile|confusion
|-enditem|p2b: Sceptile|Lum Berry|[eat]
|-end|p2b: Sceptile|confusion
|move|p2b: Sceptile|Acrobatics|p1b: Rillaboom
|-supereffective|p1b: Rillaboom
|-damage|p1b: Rillaboom|0 fnt
|faint|p1b: Rillaboom
|move|p1a: Lunala|Moongeist Beam|p2a: Tornadus
|-damage|p2a: Tornadus|37/100
|
|upkeep
|
|t:|1750865492
|switch|p1b: Sableye|Sableye, L50, F|100/100
|turn|2
|
|t:|1750865503
|move|p2a: Tornadus|Tailwind|p2a: Tornadus
|-sidestart|p2: bloobrry|move: Tailwind
|move|p1b: Sableye|Gravity|p1b: Sableye
|-fieldstart|move: Gravity
|move|p2b: Sceptile|Acrobatics|p1b: Sableye
|-damage|p1b: Sableye|0 fnt
|faint|p1b: Sableye
|move|p1a: Lunala|Hypnosis|p2b: Sceptile
|-status|p2b: Sceptile|slp|[from] move: Hypnosis
|
|-heal|p2a: Tornadus|43/100|[from] Grassy Terrain
|upkeep
|
|t:|1750865511
|switch|p1b: Groudon|Groudon, L50|100/100
|-weather|SunnyDay|[from] ability: Drought|[of] p1b: Groudon
|turn|3
|
|t:|1750865535
|cant|p2b: Sceptile|slp
|move|p2a: Tornadus|Bleakwind Storm|p1a: Lunala|[spread] p1a,p1b
|-damage|p1a: Lunala|88/100
|-damage|p1b: Groudon|74/100
|move|p1a: Lunala|Moongeist Beam|p2b: Sceptile
|-damage|p2b: Sceptile|15/100 slp
|move|p1b: Groudon|Heat Crash|p2b: Sceptile
|-damage|p2b: Sceptile|0 fnt
|faint|p2b: Sceptile
|
|-weather|SunnyDay|[upkeep]
|-heal|p2a: Tornadus|49/100|[from] Grassy Terrain
|-heal|p1a: Lunala|94/100|[from] Grassy Terrain
|-heal|p1b: Groudon|80/100|[from] Grassy Terrain
|upkeep
|
|t:|1750865546
|switch|p2b: Landorus|Landorus-Therian, L50, M|100/100
|-ability|p2b: Landorus|Intimidate|boost
|-unboost|p1a: Lunala|atk|1
|-fail|p1b: Groudon|unboost|[from] item: Clear Amulet|[of] p1b: Groudon
|turn|4
|inactive|IfUforfeitUsuck has 30 seconds left.
|
|t:|1750865573
|move|p2a: Tornadus|Bleakwind Storm|p1a: Lunala|[spread] p1a,p1b
|-damage|p1a: Lunala|68/100
|-damage|p1b: Groudon|52/100
|move|p2b: Landorus|Stomping Tantrum|p1b: Groudon
|-damage|p1b: Groudon|0 fnt
|faint|p1b: Groudon
|move|p1a: Lunala|Moongeist Beam|p2b: Landorus
|-damage|p2b: Landorus|35/100
|
|-weather|SunnyDay|[upkeep]
|-heal|p2a: Tornadus|55/100|[from] Grassy Terrain
|-heal|p2b: Landorus|42/100|[from] Grassy Terrain
|-heal|p1a: Lunala|74/100|[from] Grassy Terrain
|upkeep
|turn|5
|
|t:|1750865597
|move|p2a: Tornadus|Bleakwind Storm|p1a: Lunala
|-damage|p1a: Lunala|40/100
|move|p2b: Landorus|Stomping Tantrum|p1a: Lunala
|-damage|p1a: Lunala|5/100
|move|p1a: Lunala|Hypnosis|p2b: Landorus
|-status|p2b: Landorus|slp|[from] move: Hypnosis
|
|-weather|SunnyDay|[upkeep]
|-heal|p2a: Tornadus|61/100|[from] Grassy Terrain
|-heal|p2b: Landorus|48/100 slp|[from] Grassy Terrain
|-heal|p1a: Lunala|11/100|[from] Grassy Terrain
|-sideend|p2: bloobrry|move: Tailwind
|-fieldend|move: Grassy Terrain
|upkeep
|turn|6
|
|t:|1750865606
|move|p1a: Lunala|Protect|p1a: Lunala
|-singleturn|p1a: Lunala|Protect
|move|p2a: Tornadus|Bleakwind Storm|p1a: Lunala
|-activate|p1a: Lunala|move: Protect
|cant|p2b: Landorus|slp
|
|-weather|SunnyDay|[upkeep]
|-fieldend|move: Gravity
|upkeep
|turn|7
|
|t:|1750865616
|move|p2a: Tornadus|Tailwind|p2a: Tornadus
|-sidestart|p2: bloobrry|move: Tailwind
|cant|p2b: Landorus|slp
|move|p1a: Lunala|Dazzling Gleam|p2b: Landorus|[spread] p2a,p2b
|-damage|p2a: Tornadus|32/100
|-damage|p2b: Landorus|18/100 slp
|
|-weather|none
|upkeep
|turn|8
|
|t:|1750865626
|move|p2a: Tornadus|Bleakwind Storm|p1a: Lunala
|-damage|p1a: Lunala|0 fnt
|faint|p1a: Lunala
|
|win|bloobrry
|raw|IfUforfeitUsuck's rating: 1171 &rarr; <strong>1141</strong><br />(-30 for losing)
|raw|bloobrry's rating: 1105 &rarr; <strong>1135</strong><br />(+30 for winning)
|l|☆IfUforfeitUsuck
|player|p1|
|l|☆bloobrry
|player|p2|
