|j|☆willscharnagl
|j|☆Redhoundoom
|t:|1750739725
|gametype|doubles
|player|p1|willscharnagl|266|1405
|player|p2|Redhoundoom|266|1424
|teamsize|p1|6
|teamsize|p2|6
|gen|9
|tier|[Gen 9] VGC 2025 Reg I
|rated|
|rule|Species Clause: Limit one of each Pokémon
|rule|Item Clause: Limit 1 of each item
|clearpoke
|poke|p1|Venusaur, L50, M|
|poke|p1|Groudon, L50|
|poke|p1|Flutter Mane, L50|
|poke|p1|Calyrex-Ice, L50|
|poke|p1|Raging Bolt, L50|
|poke|p1|Chi-Yu, L50|
|poke|p2|Incineroar, L50, M|
|poke|p2|Calyrex-Shadow, L50|
|poke|p2|Dondozo, L50, M|
|poke|p2|Tatsugiri, L50, F|
|poke|p2|Zamazenta-*, L50|
|poke|p2|Rillaboom, L50, M|
|teampreview|4
|inactive|Battle timer is ON: inactive players will automatically lose when time's up. (requested by Redhoundoom)
|
|t:|1750739748
|start
|switch|p1a: Groudon|Groudon, L50|100/100
|switch|p1b: Flutter Mane|Flutter Mane, L50|100/100
|switch|p2a: 🤓|Calyrex-Shadow, L50|100/100
|switch|p2b: Zentai|Zamazenta-Crowned, L50|100/100
|-ability|p2a: 🤓|As One
|-ability|p2a: 🤓|Unnerve
|-ability|p2b: Zentai|Dauntless Shield|boost
|-boost|p2b: Zentai|def|1
|-weather|SunnyDay|[from] ability: Drought|[of] p1a: Groudon
|-activate|p1b: Flutter Mane|ability: Protosynthesis
|-start|p1b: Flutter Mane|protosynthesisspe
|turn|1
|
|t:|1750739764
|-terastallize|p2a: 🤓|Ghost
|-terastallize|p1a: Groudon|Fire
|move|p2b: Zentai|Wide Guard|p2b: Zentai
|-singleturn|p2b: Zentai|Wide Guard
|move|p1b: Flutter Mane|Thunder Wave|p2b: Zentai
|-status|p2b: Zentai|par
|move|p2a: 🤓|Astral Barrage|p1b: Flutter Mane|[spread] p1a,p1b
|-supereffective|p1b: Flutter Mane
|-damage|p1a: Groudon|60/100
|-enditem|p1b: Flutter Mane|Focus Sash
|-damage|p1b: Flutter Mane|1/100
|move|p1a: Groudon|Heat Crash|p2a: 🤓
|-enditem|p2a: 🤓|Focus Sash
|-damage|p2a: 🤓|1/100
|
|-weather|SunnyDay|[upkeep]
|upkeep
|turn|2
|inactive|willscharnagl has 30 seconds left.
|inactive|Redhoundoom has 30 seconds left.
|inactive|Redhoundoom has 20 seconds left.
|inactive|Redhoundoom has 15 seconds left.
|inactive|Redhoundoom has 10 seconds left.
|
|t:|1750739812
|switch|p2a: HomerMmmm|Tatsugiri, L50, F|100/100
|switch|p2b: Dondito|Dondozo, L50, M|100/100
|-activate|p2a: HomerMmmm|ability: Commander|[of] p2b: Dondito
|-boost|p2b: Dondito|atk|2
|-boost|p2b: Dondito|spa|2
|-boost|p2b: Dondito|spe|2
|-boost|p2b: Dondito|def|2
|-boost|p2b: Dondito|spd|2
|move|p1b: Flutter Mane|Protect|p1b: Flutter Mane
|-singleturn|p1b: Flutter Mane|Protect
|move|p1a: Groudon|High Horsepower|p2b: Dondito
|-damage|p2b: Dondito|82/100
|
|-weather|SunnyDay|[upkeep]
|-heal|p2b: Dondito|88/100|[from] item: Leftovers
|upkeep
|turn|3
|
|t:|1750739833
|move|p1b: Flutter Mane|Thunder Wave|p2b: Dondito
|-status|p2b: Dondito|par
|move|p1a: Groudon|Rock Slide|p2a: HomerMmmm|[spread] p2b
|-miss|p1a: Groudon|p2a: HomerMmmm
|-damage|p2b: Dondito|81/100 par
|move|p2b: Dondito|Order Up|p1a: Groudon
|-damage|p1a: Groudon|30/100
|-boost|p2b: Dondito|atk|1
|
|-weather|SunnyDay|[upkeep]
|-heal|p2b: Dondito|87/100 par|[from] item: Leftovers
|upkeep
|turn|4
|
|t:|1750739840
|-end|p1b: Flutter Mane|Protosynthesis|[silent]
|switch|p1b: Calyrex|Calyrex-Ice, L50|100/100
|-ability|p1b: Calyrex|As One
|-ability|p1b: Calyrex|Unnerve
|move|p1a: Groudon|Rock Slide|p2a: HomerMmmm|[spread] p2b
|-miss|p1a: Groudon|p2a: HomerMmmm
|-damage|p2b: Dondito|81/100 par
|cant|p2b: Dondito|flinch
|
|-weather|SunnyDay|[upkeep]
|-heal|p2b: Dondito|87/100 par|[from] item: Leftovers
|upkeep
|turn|5
|
|t:|1750739852
|move|p1a: Groudon|Rock Slide|p2b: Dondito|[spread] p2b
|-miss|p1a: Groudon|p2a: HomerMmmm
|-damage|p2b: Dondito|80/100 par
|move|p1b: Calyrex|Leech Seed|p2b: Dondito
|-start|p2b: Dondito|move: Leech Seed
|move|p2b: Dondito|Order Up|p1a: Groudon
|-damage|p1a: Groudon|0 fnt
|faint|p1a: Groudon
|-boost|p2b: Dondito|atk|1
|
|-weather|none
|-heal|p2b: Dondito|86/100 par|[from] item: Leftovers
|-damage|p2b: Dondito|73/100 par|[from] Leech Seed|[of] p1b: Calyrex
|upkeep
|
|t:|1750739866
|switch|p1a: Raging Bolt|Raging Bolt, L50|100/100
|turn|6
|inactive|Redhoundoom has 30 seconds left.
|
|t:|1750739891
|move|p1a: Raging Bolt|Thunderbolt|p2b: Dondito
|-supereffective|p2b: Dondito
|-damage|p2b: Dondito|19/100 par
|move|p2b: Dondito|Order Up|p1a: Raging Bolt
|-supereffective|p1a: Raging Bolt
|-damage|p1a: Raging Bolt|0 fnt
|faint|p1a: Raging Bolt
|-end|p1a: Raging Bolt|Protosynthesis|[silent]
|-boost|p2b: Dondito|atk|1
|move|p1b: Calyrex|Trick Room|p1b: Calyrex
|-fieldstart|move: Trick Room|[of] p1b: Calyrex
|
|-heal|p2b: Dondito|25/100 par|[from] item: Leftovers
|-damage|p2b: Dondito|13/100 par|[from] Leech Seed|[of] p1b: Calyrex
|upkeep
|
|t:|1750739897
|switch|p1a: Flutter Mane|Flutter Mane, L50|1/100
|turn|7
|
|t:|1750739917
|move|p1a: Flutter Mane|Protect|p1a: Flutter Mane
|-singleturn|p1a: Flutter Mane|Protect
|move|p2b: Dondito|Waterfall|p1b: Calyrex
|-damage|p1b: Calyrex|37/100
|-enditem|p1b: Calyrex|Sitrus Berry|[eat]
|-heal|p1b: Calyrex|62/100|[from] item: Sitrus Berry
|cant|p1b: Calyrex|flinch
|
|-heal|p2b: Dondito|19/100 par|[from] item: Leftovers
|-damage|p2b: Dondito|7/100 par|[from] Leech Seed|[of] p1b: Calyrex
|-heal|p1b: Calyrex|76/100|[silent]
|upkeep
|turn|8
|
|t:|1750739930
|cant|p2b: Dondito|par
|move|p1b: Calyrex|Glacial Lance|p2a: HomerMmmm|[spread] p2b
|-miss|p1b: Calyrex|p2a: HomerMmmm
|-resisted|p2b: Dondito
|-damage|p2b: Dondito|0 fnt
|faint|p2b: Dondito
|-ability|p1b: Calyrex|Chilling Neigh|boost
|-boost|p1b: Calyrex|atk|1
|move|p1a: Flutter Mane|Moonblast|p2a: HomerMmmm
|-supereffective|p2a: HomerMmmm
|-damage|p2a: HomerMmmm|0 fnt
|faint|p2a: HomerMmmm
|
|upkeep
|
|t:|1750739936
|switch|p2b: Zentai|Zamazenta-Crowned, L50|100/100 par
|switch|p2a: 🤓|Calyrex-Shadow, L50, tera:Ghost|1/100
|-ability|p2a: 🤓|As One
|-ability|p2a: 🤓|Unnerve
|turn|9
|inactive|Redhoundoom has 30 seconds left.
|inactive|Redhoundoom has 20 seconds left.
|
|t:|1750739973
|cant|p2b: Zentai|par
|move|p1b: Calyrex|Leech Seed|p2b: Zentai
|-start|p2b: Zentai|move: Leech Seed
|move|p1a: Flutter Mane|Moonblast|p2a: 🤓
|-damage|p2a: 🤓|0 fnt
|faint|p2a: 🤓
|
|-damage|p2b: Zentai|88/100 par|[from] Leech Seed|[of] p1b: Calyrex
|-heal|p1b: Calyrex|88/100|[silent]
|upkeep
|turn|10
|
|t:|1750739982
|move|p2b: Zentai|Heavy Slam|p1a: Flutter Mane
|-supereffective|p1a: Flutter Mane
|-damage|p1a: Flutter Mane|0 fnt
|faint|p1a: Flutter Mane
|-end|p1a: Flutter Mane|Protosynthesis|[silent]
|move|p1b: Calyrex|Glacial Lance|p2b: Zentai
|-resisted|p2b: Zentai
|-damage|p2b: Zentai|59/100 par
|
|-damage|p2b: Zentai|47/100 par|[from] Leech Seed|[of] p1b: Calyrex
|-heal|p1b: Calyrex|99/100|[silent]
|-fieldend|move: Trick Room
|upkeep
|turn|11
|
|t:|1750739991
|move|p1b: Calyrex|Glacial Lance|p2b: Zentai
|-resisted|p2b: Zentai
|-damage|p2b: Zentai|20/100 par
|move|p2b: Zentai|Body Press|p1b: Calyrex
|-damage|p1b: Calyrex|73/100
|
|-damage|p2b: Zentai|8/100 par|[from] Leech Seed|[of] p1b: Calyrex
|-heal|p1b: Calyrex|85/100|[silent]
|upkeep
|turn|12
|
|t:|1750739996
|move|p1b: Calyrex|Glacial Lance|p2b: Zentai
|-resisted|p2b: Zentai
|-damage|p2b: Zentai|0 fnt
|faint|p2b: Zentai
|
|win|willscharnagl
|raw|willscharnagl's rating: 1405 &rarr; <strong>1426</strong><br />(+21 for winning)
|raw|Redhoundoom's rating: 1424 &rarr; <strong>1403</strong><br />(-21 for losing)
|l|☆Redhoundoom
|player|p2|
