|j|☆dst020530
|j|☆umbrella999
|t:|1750752626
|gametype|doubles
|player|p1|dst020530|101|1398
|player|p2|umbrella999|nate|1361
|teamsize|p1|6
|teamsize|p2|6
|gen|9
|tier|[Gen 9] VGC 2025 Reg I
|rated|
|rule|Species Clause: Limit one of each Pokémon
|rule|Item Clause: Limit 1 of each item
|clearpoke
|poke|p1|Miraidon, L50|
|poke|p1|Urshifu-*, L50, M|
|poke|p1|Ho-Oh, L50|
|poke|p1|Sinistcha-Masterpiece, L50|
|poke|p1|Incineroar, L50, F|
|poke|p1|Moltres-Galar, L50|
|poke|p2|Calyrex-Shadow, L50|
|poke|p2|Koraidon, L50|
|poke|p2|Indeedee-F, L50, F|
|poke|p2|Brute Bonnet, L50|
|poke|p2|Chi-Yu, L50|
|poke|p2|Whimsicott, L50, M|
|teampreview|4
|inactive|Battle timer is ON: inactive players will automatically lose when time's up. (requested by umbrella999)
|
|t:|1750752662
|start
|switch|p1a: Ho-Oh|Ho-Oh, L50|100/100
|switch|p1b: Moltres|Moltres-Galar, L50|100/100
|switch|p2a: Calyrex|Calyrex-Shadow, L50|100/100
|switch|p2b: Chi-Yu|Chi-Yu, L50|100/100
|-ability|p2a: Calyrex|As One
|-ability|p2a: Calyrex|Unnerve
|-ability|p2b: Chi-Yu|Beads of Ruin
|turn|1
|
|t:|1750752685
|-terastallize|p2a: Calyrex|Ghost
|move|p2b: Chi-Yu|Heat Wave|p1a: Ho-Oh|[spread] p1b
|-miss|p2b: Chi-Yu|p1a: Ho-Oh
|-damage|p1b: Moltres|77/100
|move|p2a: Calyrex|Astral Barrage|p1a: Ho-Oh|[spread] p1a,p1b
|-resisted|p1b: Moltres
|-damage|p1a: Ho-Oh|11/100
|-damage|p1b: Moltres|43/100
|-ability|p1b: Moltres|Berserk|boost
|-boost|p1b: Moltres|spa|1
|move|p1b: Moltres|Snarl|p2b: Chi-Yu|[spread] p2a,p2b
|-supereffective|p2a: Calyrex
|-resisted|p2b: Chi-Yu
|-damage|p2a: Calyrex|39/100
|-damage|p2b: Chi-Yu|87/100
|-unboost|p2a: Calyrex|spa|1
|-unboost|p2b: Chi-Yu|spa|1
|move|p1a: Ho-Oh|Tailwind|p1a: Ho-Oh
|-sidestart|p1: dst020530|move: Tailwind
|
|upkeep
|turn|2
|
|t:|1750752709
|switch|p2a: Koraidon|Koraidon, L50|100/100
|-weather|SunnyDay|[from] ability: Orichalcum Pulse|[of] p2a: Koraidon
|-activate|p2a: Koraidon|Orichalcum Pulse|[source]
|switch|p1a: Incineroar|Incineroar, L50, F|100/100
|-ability|p1a: Incineroar|Intimidate|boost
|-fail|p2a: Koraidon|unboost|[from] item: Clear Amulet|[of] p2a: Koraidon
|-unboost|p2b: Chi-Yu|atk|1
|move|p1b: Moltres|Fiery Wrath|p2b: Chi-Yu|[spread] p2a,p2b
|-resisted|p2a: Koraidon
|-resisted|p2b: Chi-Yu
|-damage|p2a: Koraidon|77/100
|-damage|p2b: Chi-Yu|67/100
|move|p2b: Chi-Yu|Heat Wave|p1b: Moltres|[spread] p1a,p1b
|-resisted|p1a: Incineroar
|-damage|p1a: Incineroar|82/100
|-damage|p1b: Moltres|16/100
|
|-weather|SunnyDay|[upkeep]
|upkeep
|turn|3
|
|t:|1750752732
|switch|p2b: Indeedee|Indeedee-F, L50, F|100/100
|-fieldstart|move: Psychic Terrain|[from] ability: Psychic Surge|[of] p2b: Indeedee
|move|p1a: Incineroar|Fake Out|p2a: Koraidon
|-activate|p2a: Koraidon|move: Psychic Terrain
|move|p1b: Moltres|Air Slash|p2b: Indeedee
|-damage|p2b: Indeedee|64/100
|move|p2a: Koraidon|Drain Punch|p1b: Moltres
|-damage|p1b: Moltres|0 fnt
|-heal|p2a: Koraidon|85/100|[from] drain|[of] p1b: Moltres
|faint|p1b: Moltres
|
|-weather|SunnyDay|[upkeep]
|upkeep
|
|t:|1750752749
|switch|p1b: Ho-Oh|Ho-Oh, L50|45/100
|turn|4
|
|t:|1750752755
|switch|p2b: Chi-Yu|Chi-Yu, L50|67/100
|-ability|p2b: Chi-Yu|Beads of Ruin
|move|p2a: Koraidon|Protect|p2a: Koraidon
|-singleturn|p2a: Koraidon|Protect
|move|p1b: Ho-Oh|Sacred Fire|p2a: Koraidon
|-activate|p2a: Koraidon|move: Protect
|move|p1a: Incineroar|Knock Off|p2b: Chi-Yu
|-resisted|p2b: Chi-Yu
|-damage|p2b: Chi-Yu|38/100
|-enditem|p2b: Chi-Yu|Choice Scarf|[from] move: Knock Off|[of] p1a: Incineroar
|
|-weather|SunnyDay|[upkeep]
|-sideend|p1: dst020530|move: Tailwind
|upkeep
|turn|5
|
|t:|1750752775
|move|p1a: Incineroar|Protect|p1a: Incineroar
|-singleturn|p1a: Incineroar|Protect
|move|p2a: Koraidon|Collision Course|p1a: Incineroar
|-activate|p1a: Incineroar|move: Protect
|move|p2b: Chi-Yu|Dark Pulse|p1b: Ho-Oh
|-damage|p1b: Ho-Oh|12/100
|move|p1b: Ho-Oh|Tailwind|p1b: Ho-Oh
|-sidestart|p1: dst020530|move: Tailwind
|
|-weather|SunnyDay|[upkeep]
|upkeep
|turn|6
|inactive|dst020530 has 30 seconds left.
|
|t:|1750752800
|move|p2a: Koraidon|Protect|p2a: Koraidon
|-singleturn|p2a: Koraidon|Protect
|move|p1b: Ho-Oh|Brave Bird|p2a: Koraidon
|-activate|p2a: Koraidon|move: Protect
|move|p2b: Chi-Yu|Dark Pulse|p1a: Incineroar
|-resisted|p1a: Incineroar
|-damage|p1a: Incineroar|62/100
|move|p1a: Incineroar|Parting Shot|p2b: Chi-Yu
|-unboost|p2b: Chi-Yu|atk|1
|-unboost|p2b: Chi-Yu|spa|1
|
|t:|1750752812
|switch|p1a: Miraidon|Miraidon, L50|100/100|[from] Parting Shot
|-fieldstart|move: Electric Terrain|[from] ability: Hadron Engine|[of] p1a: Miraidon
|
|-weather|none
|upkeep
|turn|7
|
|t:|1750752827
|switch|p2a: Indeedee|Indeedee-F, L50, F|64/100
|-fieldstart|move: Psychic Terrain|[from] ability: Psychic Surge|[of] p2a: Indeedee
|move|p1a: Miraidon|Draco Meteor|p2a: Indeedee
|-damage|p2a: Indeedee|0 fnt
|-unboost|p1a: Miraidon|spa|2
|faint|p2a: Indeedee
|-damage|p1a: Miraidon|91/100|[from] item: Life Orb
|move|p1b: Ho-Oh|Brave Bird|p2b: Chi-Yu
|-damage|p2b: Chi-Yu|0 fnt
|faint|p2b: Chi-Yu
|-damage|p1b: Ho-Oh|5/100|[from] Recoil
|
|upkeep
|
|t:|1750752835
|switch|p2b: Calyrex|Calyrex-Shadow, L50, tera:Ghost|39/100
|switch|p2a: Koraidon|Koraidon, L50|85/100
|-ability|p2b: Calyrex|As One
|-ability|p2b: Calyrex|Unnerve
|-weather|SunnyDay|[from] ability: Orichalcum Pulse|[of] p2a: Koraidon
|-activate|p2a: Koraidon|Orichalcum Pulse|[source]
|turn|8
|inactive|dst020530 has 30 seconds left.
|
|t:|1750752864
|switch|p1b: Incineroar|Incineroar, L50, F|62/100
|-ability|p1b: Incineroar|Intimidate|boost
|-fail|p2a: Koraidon|unboost|[from] item: Clear Amulet|[of] p2a: Koraidon
|-unboost|p2b: Calyrex|atk|1
|move|p2a: Koraidon|Protect|p2a: Koraidon
|-singleturn|p2a: Koraidon|Protect
|move|p1a: Miraidon|Volt Switch|p2b: Calyrex
|-damage|p2b: Calyrex|15/100
|-damage|p1a: Miraidon|82/100|[from] item: Life Orb
|
|t:|1750752875
|switch|p1a: Ho-Oh|Ho-Oh, L50|38/100|[from] Volt Switch
|move|p2b: Calyrex|Astral Barrage|p1b: Incineroar|[spread] p1a,p1b
|-resisted|p1b: Incineroar
|-damage|p1a: Ho-Oh|0 fnt
|-damage|p1b: Incineroar|23/100
|faint|p1a: Ho-Oh
|-ability|p2b: Calyrex|Grim Neigh|boost
|-boost|p2b: Calyrex|spa|1
|
|-weather|SunnyDay|[upkeep]
|-sideend|p1: dst020530|move: Tailwind
|upkeep
|
|t:|1750752888
|switch|p1a: Miraidon|Miraidon, L50|82/100
|-fieldstart|move: Electric Terrain|[from] ability: Hadron Engine|[of] p1a: Miraidon
|turn|9
|
|t:|1750752905
|-terastallize|p1a: Miraidon|Electric
|move|p2b: Calyrex|Astral Barrage|p1a: Miraidon|[spread] p1a,p1b
|-resisted|p1b: Incineroar
|-damage|p1a: Miraidon|0 fnt
|-damage|p1b: Incineroar|0 fnt
|faint|p1a: Miraidon
|faint|p1b: Incineroar
|
|win|umbrella999
|raw|dst020530's rating: 1398 &rarr; <strong>1376</strong><br />(-22 for losing)
|raw|umbrella999's rating: 1361 &rarr; <strong>1383</strong><br />(+22 for winning)
|l|☆dst020530
|player|p1|
|l|☆umbrella999
|player|p2|
