|j|☆bananahammuck
|j|☆something123
|t:|1750740880
|gametype|doubles
|player|p1|bananahammuck|266|1539
|player|p2|something123|102|1706
|teamsize|p1|6
|teamsize|p2|6
|gen|9
|tier|[Gen 9] VGC 2025 Reg I
|rated|
|rule|Species Clause: Limit one of each Pokémon
|rule|Item Clause: Limit 1 of each item
|clearpoke
|poke|p1|Calyrex-Ice, L50|
|poke|p1|Miraidon, L50|
|poke|p1|Raichu-Alola, L50, M|
|poke|p1|Volcarona, L50, F|
|poke|p1|Scraggy, L50, M|
|poke|p1|Ogerpon-Cornerstone, L50, F|
|poke|p2|Calyrex-Ice, L50|
|poke|p2|Kyogre, L50|
|poke|p2|Iron Jugulis, L50|
|poke|p2|Urshifu-*, L50, F|
|poke|p2|Rhyperior, L50, M|
|poke|p2|Amoonguss, L50, F|
|teampreview|4
|inactive|Battle timer is ON: inactive players will automatically lose when time's up. (requested by bananahammuck)
|inactive|bananahammuck has 60 seconds left.
|
|t:|1750740990
|start
|switch|p1a: Ogerpon|Ogerpon-Cornerstone, L50, F|100/100
|switch|p1b: Miraidon|Miraidon, L50|100/100
|switch|p2a: Kyogre|Kyogre, L50|100/100
|switch|p2b: Iron Jugulis|Iron Jugulis, L50|100/100
|-fieldstart|move: Electric Terrain|[from] ability: Hadron Engine|[of] p1b: Miraidon
|-activate|p2b: Iron Jugulis|ability: Quark Drive
|-start|p2b: Iron Jugulis|quarkdrivespe
|-weather|RainDance|[from] ability: Drizzle|[of] p2a: Kyogre
|turn|1
|inactive|bananahammuck has 30 seconds left.
|inactive|something123 has 30 seconds left.
|inactive|something123 has 20 seconds left.
|inactive|something123 has 15 seconds left.
|
|t:|1750741033
|-terastallize|p2b: Iron Jugulis|Fire
|move|p2b: Iron Jugulis|Tailwind|p2b: Iron Jugulis
|-sidestart|p2: something123|move: Tailwind
|move|p2a: Kyogre|Origin Pulse|p1a: Ogerpon|[spread] p1a,p1b
|-resisted|p1b: Miraidon
|-ability|p1a: Ogerpon|Sturdy
|-damage|p1a: Ogerpon|1/100
|-damage|p1b: Miraidon|43/100
|move|p1b: Miraidon|Draco Meteor|p2a: Kyogre
|-damage|p2a: Kyogre|0 fnt
|-unboost|p1b: Miraidon|spa|2
|faint|p2a: Kyogre
|move|p1a: Ogerpon|Horn Leech|p2b: Iron Jugulis
|-resisted|p2b: Iron Jugulis
|-damage|p2b: Iron Jugulis|75/100
|-heal|p1a: Ogerpon|18/100|[from] drain|[of] p2b: Iron Jugulis
|
|-weather|RainDance|[upkeep]
|upkeep
|
|t:|1750741050
|switch|p2a: Calyrex|Calyrex-Ice, L50|100/100
|-ability|p2a: Calyrex|As One
|-ability|p2a: Calyrex|Unnerve
|turn|2
|inactive|something123 has 30 seconds left.
|inactive|something123 has 20 seconds left.
|
|t:|1750741087
|switch|p1b: Calyrex|Calyrex-Ice, L50|100/100
|-ability|p1b: Calyrex|As One
|-ability|p1b: Calyrex|Unnerve
|move|p1a: Ogerpon|Spiky Shield|p1a: Ogerpon
|-singleturn|p1a: Ogerpon|move: Protect
|move|p2b: Iron Jugulis|Snarl|p1b: Calyrex|[spread] p1b
|-activate|p1a: Ogerpon|move: Protect
|-supereffective|p1b: Calyrex
|-damage|p1b: Calyrex|79/100
|move|p2a: Calyrex|Glacial Lance|p1a: Ogerpon|[spread] p1b
|-activate|p1a: Ogerpon|move: Protect
|-resisted|p1b: Calyrex
|-damage|p1b: Calyrex|62/100
|
|-weather|RainDance|[upkeep]
|upkeep
|turn|3
|inactive|bananahammuck has 30 seconds left.
|
|t:|1750741122
|switch|p1a: Scraggy|Scraggy, L50, M|100/100
|-ability|p1a: Scraggy|Intimidate|boost
|-fail|p2a: Calyrex|unboost|[from] item: Clear Amulet|[of] p2a: Calyrex
|-unboost|p2b: Iron Jugulis|atk|1
|move|p2b: Iron Jugulis|Hurricane|p1b: Calyrex
|-damage|p1b: Calyrex|32/100
|move|p2a: Calyrex|Glacial Lance|p1a: Scraggy|[spread] p1a,p1b
|-resisted|p1b: Calyrex
|-damage|p1a: Scraggy|57/100
|-damage|p1b: Calyrex|15/100
|move|p1b: Calyrex|Trick Room|p1b: Calyrex
|-fieldstart|move: Trick Room|[of] p1b: Calyrex
|
|-weather|RainDance|[upkeep]
|upkeep
|turn|4
|inactive|bananahammuck has 30 seconds left.
|inactive|bananahammuck has 20 seconds left.
|inactive|bananahammuck has 15 seconds left.
|
|t:|1750741162
|move|p1a: Scraggy|Foul Play|p2a: Calyrex
|-supereffective|p2a: Calyrex
|-damage|p2a: Calyrex|24/100
|move|p1b: Calyrex|High Horsepower|p2b: Iron Jugulis
|-supereffective|p2b: Iron Jugulis
|-damage|p2b: Iron Jugulis|0 fnt
|faint|p2b: Iron Jugulis
|-end|p2b: Iron Jugulis|Quark Drive|[silent]
|-ability|p1b: Calyrex|Chilling Neigh|boost
|-boost|p1b: Calyrex|atk|1
|move|p2a: Calyrex|Glacial Lance|p1a: Scraggy|[spread] p1a,p1b
|-resisted|p1b: Calyrex
|-damage|p1a: Scraggy|15/100
|-damage|p1b: Calyrex|0 fnt
|faint|p1b: Calyrex
|-ability|p2a: Calyrex|Chilling Neigh|boost
|-boost|p2a: Calyrex|atk|1
|
|-weather|RainDance|[upkeep]
|-sideend|p2: something123|move: Tailwind
|upkeep
|
|t:|1750741182
|switch|p1b: Ogerpon|Ogerpon-Cornerstone, L50, F|18/100
|switch|p2b: Rhyperior|Rhyperior, L50, M|100/100
|turn|5
|inactive|bananahammuck has 30 seconds left.
|inactive|bananahammuck has 20 seconds left.
|inactive|bananahammuck has 15 seconds left.
|inactive|bananahammuck has 10 seconds left.
|inactive|bananahammuck has 5 seconds left.
|
|t:|1750741237
|move|p1a: Scraggy|Fake Out||[still]
|-hint|Fake Out only works on your first turn out.
|-fail|p1a: Scraggy
|move|p1b: Ogerpon|Follow Me|p1b: Ogerpon
|-singleturn|p1b: Ogerpon|move: Follow Me
|move|p2b: Rhyperior|High Horsepower|p1b: Ogerpon
|-damage|p1b: Ogerpon|0 fnt
|faint|p1b: Ogerpon
|move|p2a: Calyrex|Glacial Lance|p1a: Scraggy
|-damage|p1a: Scraggy|0 fnt
|faint|p1a: Scraggy
|-ability|p2a: Calyrex|Chilling Neigh|boost
|-boost|p2a: Calyrex|atk|1
|
|-weather|none
|-fieldend|move: Electric Terrain
|upkeep
|j| Lavenderawa
|inactive|bananahammuck has 30 seconds left.
|l|☆bananahammuck
|inactive|bananahammuck disconnected and has a minute to reconnect!
|player|p1|
|inactive|bananahammuck has 20 seconds left.
|inactive|bananahammuck has 15 seconds left.
|inactive|bananahammuck has 10 seconds left.
|inactive|bananahammuck has 5 seconds left.
|-message|bananahammuck lost due to inactivity.
|
|win|something123
|raw|bananahammuck's rating: 1539 &rarr; <strong>1528</strong><br />(-11 for losing)
|raw|something123's rating: 1706 &rarr; <strong>1717</strong><br />(+11 for winning)
|l| Lavenderawa
|l|☆something123
|player|p2|
