|j|☆Alpacapazzo
|j|☆bandito54
|t:|1750774736
|gametype|doubles
|player|p1|Alpacapazzo|1|1299
|player|p2|bandito54|266|1232
|teamsize|p1|6
|teamsize|p2|6
|gen|9
|tier|[Gen 9] VGC 2025 Reg I
|rated|
|rule|Species Clause: Limit one of each Pokémon
|rule|Item Clause: Limit 1 of each item
|clearpoke
|poke|p1|Calyrex-Ice, L50|
|poke|p1|Zamazenta-*, L50|
|poke|p1|Incineroar, L50, M|
|poke|p1|Glimmora, L50, M|
|poke|p1|Grimmsnarl, L50, M|
|poke|p1|Urshifu-*, L50, M|
|poke|p2|Koraidon, L50|
|poke|p2|Flutter Mane, L50|
|poke|p2|Incineroar, L50, F|
|poke|p2|Terapagos, L50, M|
|poke|p2|Rillaboom, L50, M|
|poke|p2|Volcarona, L50, M|
|teampreview|4
|inactive|Battle timer is ON: inactive players will automatically lose when time's up. (requested by bandito54)
bandito54 has agreed to open team sheets.
|inactive|bandito54 has 60 seconds left.
|
|t:|1750774796
|start
|switch|p1a: Glimmora|Glimmora, L50, M|100/100
|switch|p1b: Grimmsnarl|Grimmsnarl, L50, M|100/100
|switch|p2a: Koraidon|Koraidon, L50|100/100
|switch|p2b: Incineroar|Incineroar, L50, F|100/100
|-weather|SunnyDay|[from] ability: Orichalcum Pulse|[of] p2a: Koraidon
|-activate|p2a: Koraidon|Orichalcum Pulse|[source]
|-ability|p2b: Incineroar|Intimidate|boost
|-unboost|p1a: Glimmora|atk|1
|-unboost|p1b: Grimmsnarl|atk|1
|turn|1
|inactive|Alpacapazzo has 30 seconds left.
|inactive|bandito54 has 30 seconds left.
|inactive|bandito54 has 20 seconds left.
|
|t:|1750774831
|switch|p1b: Incineroar|Incineroar, L50, M|100/100
|-ability|p1b: Incineroar|Intimidate|boost
|-unboost|p2a: Koraidon|atk|1
|-unboost|p2b: Incineroar|atk|1
|move|p2b: Incineroar|Fake Out|p1a: Glimmora
|-resisted|p1a: Glimmora
|-damage|p1a: Glimmora|96/100
|-activate|p1a: Glimmora|ability: Toxic Debris
|-sidestart|p2: bandito54|move: Toxic Spikes
|move|p2a: Koraidon|Flame Charge|p1b: Incineroar
|-resisted|p1b: Incineroar
|-damage|p1b: Incineroar|88/100
|-boost|p2a: Koraidon|spe|1
|-damage|p2a: Koraidon|91/100|[from] item: Life Orb
|cant|p1a: Glimmora|flinch
|
|-weather|SunnyDay|[upkeep]
|upkeep
|turn|2
|inactive|Alpacapazzo has 30 seconds left.
|inactive|bandito54 has 30 seconds left.
|
|t:|1750774864
|switch|p2a: Volcarona|Volcarona, L50, M|100/100
|-status|p2a: Volcarona|psn
|move|p1b: Incineroar|Fake Out|p2a: Volcarona
|-damage|p2a: Volcarona|91/100 psn
|-damage|p1b: Incineroar|72/100|[from] item: Rocky Helmet|[of] p2a: Volcarona
|move|p1a: Glimmora|Sludge Bomb|p2a: Volcarona
|-damage|p2a: Volcarona|46/100 psn
|move|p2b: Incineroar|Knock Off|p1b: Incineroar
|-resisted|p1b: Incineroar
|-damage|p1b: Incineroar|61/100
|-enditem|p1b: Incineroar|Safety Goggles|[from] move: Knock Off|[of] p2b: Incineroar
|
|-weather|SunnyDay|[upkeep]
|-damage|p2a: Volcarona|34/100 psn|[from] psn
|upkeep
|turn|3
|inactive|bandito54 has 30 seconds left.
|
|t:|1750774894
|move|p1a: Glimmora|Power Gem|p2a: Volcarona
|-supereffective|p2a: Volcarona
|-damage|p2a: Volcarona|0 fnt
|faint|p2a: Volcarona
|move|p2b: Incineroar|U-turn|p1b: Incineroar
|-damage|p1b: Incineroar|51/100
|
|t:|1750774902
|switch|p2b: Koraidon|Koraidon, L50|91/100|[from] U-turn
|-status|p2b: Koraidon|psn
|-activate|p2b: Koraidon|ability: Orichalcum Pulse
|move|p1b: Incineroar|Parting Shot|p2b: Koraidon
|-unboost|p2b: Koraidon|atk|1
|-unboost|p2b: Koraidon|spa|1
|
|t:|1750774911
|switch|p1b: Grimmsnarl|Grimmsnarl, L50, M|100/100|[from] Parting Shot
|
|-weather|SunnyDay|[upkeep]
|-damage|p2b: Koraidon|79/100 psn|[from] psn
|upkeep
|
|t:|1750774918
|switch|p2a: Rillaboom|Rillaboom, L50, M|100/100
|-status|p2a: Rillaboom|psn
|-fieldstart|move: Grassy Terrain|[from] ability: Grassy Surge|[of] p2a: Rillaboom
|turn|4
|
|t:|1750774936
|switch|p2b: Incineroar|Incineroar, L50, F|100/100
|-status|p2b: Incineroar|psn
|-ability|p2b: Incineroar|Intimidate|boost
|-unboost|p1a: Glimmora|atk|1
|-unboost|p1b: Grimmsnarl|atk|1
|move|p2a: Rillaboom|Fake Out|p1b: Grimmsnarl
|-damage|p1b: Grimmsnarl|88/100
|cant|p1b: Grimmsnarl|flinch
|move|p1a: Glimmora|Sludge Bomb|p2a: Rillaboom
|-supereffective|p2a: Rillaboom
|-damage|p2a: Rillaboom|45/100 psn
|
|-weather|SunnyDay|[upkeep]
|-heal|p1a: Glimmora|100/100|[from] Grassy Terrain
|-heal|p2a: Rillaboom|51/100 psn|[from] Grassy Terrain
|-heal|p1b: Grimmsnarl|94/100|[from] Grassy Terrain
|-damage|p2a: Rillaboom|39/100 psn|[from] psn
|-damage|p2b: Incineroar|88/100 psn|[from] psn
|upkeep
|turn|5
|inactive|bandito54 has 30 seconds left.
|
|t:|1750774968
|move|p1b: Grimmsnarl|Reflect|p1b: Grimmsnarl
|-sidestart|p1: Alpacapazzo|Reflect
|move|p1a: Glimmora|Sludge Bomb|p2a: Rillaboom
|-supereffective|p2a: Rillaboom
|-damage|p2a: Rillaboom|0 fnt
|faint|p2a: Rillaboom
|move|p2b: Incineroar|Knock Off|p1a: Glimmora
|-damage|p1a: Glimmora|68/100
|-activate|p1a: Glimmora|ability: Toxic Debris
|-sidestart|p2: bandito54|move: Toxic Spikes
|-enditem|p1a: Glimmora|Focus Sash|[from] move: Knock Off|[of] p2b: Incineroar
|
|-weather|none
|-heal|p1a: Glimmora|73/100|[from] Grassy Terrain
|-heal|p2b: Incineroar|94/100 psn|[from] Grassy Terrain
|-heal|p1b: Grimmsnarl|99/100|[from] Grassy Terrain
|-damage|p2b: Incineroar|82/100 psn|[from] psn
|upkeep
|
|t:|1750774981
|switch|p2a: Koraidon|Koraidon, L50|79/100 psn
|-weather|SunnyDay|[from] ability: Orichalcum Pulse|[of] p2a: Koraidon
|-activate|p2a: Koraidon|Orichalcum Pulse|[source]
|turn|6
|
|t:|1750774996
|-terastallize|p2a: Koraidon|Fire
|move|p2a: Koraidon|Close Combat|p1b: Grimmsnarl
|-damage|p1b: Grimmsnarl|27/100
|-unboost|p2a: Koraidon|def|1
|-unboost|p2a: Koraidon|spd|1
|-damage|p2a: Koraidon|69/100 psn|[from] item: Life Orb
|move|p1a: Glimmora|Power Gem|p2b: Incineroar
|-supereffective|p2b: Incineroar
|-damage|p2b: Incineroar|1/100 psn
|move|p2b: Incineroar|Knock Off|p1b: Grimmsnarl
|-resisted|p1b: Grimmsnarl
|-damage|p1b: Grimmsnarl|21/100
|-enditem|p1b: Grimmsnarl|Light Clay|[from] move: Knock Off|[of] p2b: Incineroar
|move|p1b: Grimmsnarl|Spirit Break|p2a: Koraidon
|-resisted|p2a: Koraidon
|-damage|p2a: Koraidon|56/100 psn
|-unboost|p2a: Koraidon|spa|1
|
|-weather|SunnyDay|[upkeep]
|-heal|p2a: Koraidon|62/100 psn|[from] Grassy Terrain
|-heal|p1a: Glimmora|79/100|[from] Grassy Terrain
|-heal|p2b: Incineroar|7/100 psn|[from] Grassy Terrain
|-heal|p1b: Grimmsnarl|27/100|[from] Grassy Terrain
|-damage|p2a: Koraidon|50/100 psn|[from] psn
|-damage|p2b: Incineroar|0 fnt|[from] psn
|faint|p2b: Incineroar
|upkeep
|turn|7
|-message|bandito54 forfeited.
|
|win|Alpacapazzo
|raw|Alpacapazzo's rating: 1299 &rarr; <strong>1319</strong><br />(+20 for winning)
|raw|bandito54's rating: 1232 &rarr; <strong>1212</strong><br />(-20 for losing)
|l|☆bandito54
|player|p2|
|l|☆Alpacapazzo
|player|p1|
