|j|‽heelkey
|j|☆sryhersg
|t:|1750749771
|gametype|doubles
|player|p1|heelkey|red|1295
|player|p2|sryhersg|101|1261
|teamsize|p1|6
|teamsize|p2|6
|gen|9
|tier|[Gen 9] VGC 2025 Reg I
|rated|
|rule|Species Clause: Limit one of each Pokémon
|rule|Item Clause: Limit 1 of each item
|clearpoke
|poke|p1|Koraidon, L50|
|poke|p1|Flutter Mane, L50|
|poke|p1|Scream Tail, L50|
|poke|p1|Incineroar, L50, M|
|poke|p1|Gothitelle, L50, F|
|poke|p1|Miraidon, L50|
|poke|p2|Calyrex-Shadow, L50|
|poke|p2|Terapagos, L50, M|
|poke|p2|Incineroar, L50, F|
|poke|p2|Ogerpon-Cornerstone, L50, F|
|poke|p2|Rillaboom, L50, M|
|poke|p2|Amoonguss, L50, M|
|teampreview|4
|inactive|Battle timer is ON: inactive players will automatically lose when time's up. (requested by sryhersg)
|
|t:|1750749797
|start
|switch|p1a: Gothitelle|Gothitelle, L50, F|100/100
|switch|p1b: Scream Tail|Scream Tail, L50|100/100
|switch|p2a: Incineroar|Incineroar, L50, F|100/100
|switch|p2b: Rillaboom|Rillaboom, L50, M|100/100
|-fieldstart|move: Grassy Terrain|[from] ability: Grassy Surge|[of] p2b: Rillaboom
|-ability|p2a: Incineroar|Intimidate|boost
|-unboost|p1a: Gothitelle|atk|1
|-unboost|p1b: Scream Tail|atk|1
|-enditem|p1b: Scream Tail|Booster Energy
|-activate|p1b: Scream Tail|ability: Protosynthesis|[fromitem]
|-start|p1b: Scream Tail|protosynthesisspe
|turn|1
|inactive|heelkey has 30 seconds left.
|inactive|sryhersg has 30 seconds left.
|inactive|heelkey has 20 seconds left.
|
|t:|1750749832
|move|p1b: Scream Tail|Protect|p1b: Scream Tail
|-singleturn|p1b: Scream Tail|Protect
|move|p1a: Gothitelle|Protect|p1a: Gothitelle
|-singleturn|p1a: Gothitelle|Protect
|move|p2b: Rillaboom|Fake Out|p1b: Scream Tail
|-activate|p1b: Scream Tail|move: Protect
|move|p2a: Incineroar|Fake Out|p1a: Gothitelle
|-activate|p1a: Gothitelle|move: Protect
|
|upkeep
|turn|2
|inactive|heelkey has 30 seconds left.
|inactive|heelkey has 20 seconds left.
|inactive|heelkey has 15 seconds left.
|
|t:|1750749875
|-terastallize|p1a: Gothitelle|Water
|move|p1b: Scream Tail|Encore|p2b: Rillaboom
|-start|p2b: Rillaboom|Encore
|move|p2b: Rillaboom|Fake Out||[still]
|-hint|Fake Out only works on your first turn out.
|-fail|p2b: Rillaboom
|move|p2a: Incineroar|Flare Blitz|p1a: Gothitelle
|-resisted|p1a: Gothitelle
|-damage|p1a: Gothitelle|75/100
|-damage|p2a: Incineroar|93/100|[from] Recoil
|move|p1a: Gothitelle|Taunt|p2a: Incineroar
|-start|p2a: Incineroar|move: Taunt
|
|-heal|p2a: Incineroar|99/100|[from] Grassy Terrain
|-heal|p1a: Gothitelle|81/100|[from] Grassy Terrain
|-heal|p1a: Gothitelle|88/100|[from] item: Leftovers
|upkeep
|turn|3
|inactive|heelkey has 30 seconds left.
|
|t:|1750749915
|move|p1a: Gothitelle|Protect|p1a: Gothitelle
|-singleturn|p1a: Gothitelle|Protect
|move|p2b: Rillaboom|Fake Out||[still]
|-hint|Fake Out only works on your first turn out.
|-fail|p2b: Rillaboom
|move|p1b: Scream Tail|Disable|p2b: Rillaboom
|-start|p2b: Rillaboom|Disable|Fake Out
|move|p2a: Incineroar|Knock Off|p1a: Gothitelle
|-activate|p1a: Gothitelle|move: Protect
|
|-heal|p2a: Incineroar|100/100|[from] Grassy Terrain
|-heal|p1a: Gothitelle|94/100|[from] Grassy Terrain
|-heal|p1a: Gothitelle|99/100|[from] item: Leftovers
|upkeep
|turn|4
|inactive|heelkey has 30 seconds left.
|inactive|heelkey has 20 seconds left.
|
|t:|1750749954
|move|p1b: Scream Tail|Perish Song|p1b: Scream Tail
|-start|p1a: Gothitelle|perish3|[silent]
|-start|p1b: Scream Tail|perish3|[silent]
|-start|p2a: Incineroar|perish3|[silent]
|-start|p2b: Rillaboom|perish3|[silent]
|-fieldactivate|move: Perish Song
|-activate|p2b: Rillaboom|move: Struggle
|move|p2b: Rillaboom|Struggle|p1b: Scream Tail
|-damage|p1b: Scream Tail|87/100
|-damage|p2b: Rillaboom|75/100|[from] recoil
|move|p2a: Incineroar|Knock Off|p1a: Gothitelle
|-damage|p1a: Gothitelle|59/100
|-enditem|p1a: Gothitelle|Leftovers|[from] move: Knock Off|[of] p2a: Incineroar
|move|p1a: Gothitelle|Psychic|p2b: Rillaboom
|-damage|p2b: Rillaboom|57/100
|
|-heal|p1b: Scream Tail|93/100|[from] Grassy Terrain
|-heal|p2b: Rillaboom|62/100|[from] Grassy Terrain
|-heal|p1a: Gothitelle|65/100|[from] Grassy Terrain
|-end|p2b: Rillaboom|Encore
|-start|p1b: Scream Tail|perish3
|-start|p2b: Rillaboom|perish3
|-start|p2a: Incineroar|perish3
|-start|p1a: Gothitelle|perish3
|upkeep
|turn|5
|inactive|heelkey has 30 seconds left.
|inactive|heelkey has 20 seconds left.
|inactive|sryhersg has 30 seconds left.
|
|t:|1750749989
|move|p1a: Gothitelle|Protect|p1a: Gothitelle
|-singleturn|p1a: Gothitelle|Protect
|move|p2b: Rillaboom|Grassy Glide|p1a: Gothitelle
|-activate|p1a: Gothitelle|move: Protect
|move|p1b: Scream Tail|Disable|p2a: Incineroar
|-start|p2a: Incineroar|Disable|Knock Off
|cant|p2a: Incineroar|Disable|Knock Off
|
|-heal|p1b: Scream Tail|99/100|[from] Grassy Terrain
|-heal|p2b: Rillaboom|68/100|[from] Grassy Terrain
|-heal|p1a: Gothitelle|72/100|[from] Grassy Terrain
|-end|p2a: Incineroar|move: Taunt
|-start|p1b: Scream Tail|perish2
|-start|p2b: Rillaboom|perish2
|-start|p2a: Incineroar|perish2
|-start|p1a: Gothitelle|perish2
|-fieldend|move: Grassy Terrain
|upkeep
|turn|6
|inactive|heelkey has 30 seconds left.
|inactive|heelkey has 20 seconds left.
|
|t:|1750750025
|move|p1b: Scream Tail|Disable||[still]
|-fail|p1b: Scream Tail
|move|p2b: Rillaboom|Grassy Glide|p1a: Gothitelle
|-supereffective|p1a: Gothitelle
|-damage|p1a: Gothitelle|20/100
|move|p2a: Incineroar|Flare Blitz|p1a: Gothitelle
|-resisted|p1a: Gothitelle
|-damage|p1a: Gothitelle|0 fnt
|faint|p1a: Gothitelle
|-damage|p2a: Incineroar|95/100|[from] Recoil
|
|-start|p1b: Scream Tail|perish1
|-start|p2b: Rillaboom|perish1
|-start|p2a: Incineroar|perish1
|upkeep
|
|t:|1750750045
|switch|p1a: Koraidon|Koraidon, L50|100/100
|-weather|SunnyDay|[from] ability: Orichalcum Pulse|[of] p1a: Koraidon
|-activate|p1a: Koraidon|Orichalcum Pulse|[source]
|turn|7
|
|t:|1750750067
|-end|p1b: Scream Tail|Protosynthesis|[silent]
|switch|p1b: Miraidon|Miraidon, L50|100/100
|-fieldstart|move: Electric Terrain|[from] ability: Hadron Engine|[of] p1b: Miraidon
|switch|p2b: Terapagos|Terapagos, L50, M|100/100
|-activate|p2b: Terapagos|ability: Tera Shift
|detailschange|p2b: Terapagos|Terapagos-Terastal, L50, M
|-heal|p2b: Terapagos|100/100|[silent]
|switch|p2a: Calyrex|Calyrex-Shadow, L50|100/100
|-ability|p2a: Calyrex|As One
|-ability|p2a: Calyrex|Unnerve
|move|p1a: Koraidon|Close Combat|p2b: Terapagos
|-activate|p2b: Terapagos|ability: Tera Shell
|-resisted|p2b: Terapagos
|-damage|p2b: Terapagos|59/100
|-unboost|p1a: Koraidon|def|1
|-unboost|p1a: Koraidon|spd|1
|-damage|p1a: Koraidon|91/100|[from] item: Life Orb
|
|-weather|SunnyDay|[upkeep]
|-heal|p2b: Terapagos|66/100|[from] item: Leftovers
|upkeep
|turn|8
|inactive|heelkey has 30 seconds left.
|inactive|sryhersg has 30 seconds left.
|inactive|heelkey has 20 seconds left.
|inactive|heelkey has 15 seconds left.
|inactive|heelkey has 10 seconds left.
|
|t:|1750750116
|-terastallize|p2b: Terapagos|Stellar
|detailschange|p2b: Terapagos|Terapagos-Stellar, L50, M, tera:Stellar
|-heal|p2b: Terapagos|74/100|[silent]
|-ability|p2b: Terapagos|Teraform Zero
|-weather|none
|-fieldend|move: Electric Terrain
|move|p1b: Miraidon|Protect|p1b: Miraidon
|-singleturn|p1b: Miraidon|Protect
|move|p2a: Calyrex|Disable|p1a: Koraidon
|-start|p1a: Koraidon|Disable|Close Combat
|cant|p1a: Koraidon|Disable|Close Combat
|move|p2b: Terapagos|Tera Starstorm|p1b: Miraidon|[spread] p1a
|-activate|p1b: Miraidon|move: Protect
|-damage|p1a: Koraidon|39/100
|
|-heal|p2b: Terapagos|81/100|[from] item: Leftovers
|upkeep
|turn|9
|inactive|heelkey has 30 seconds left.
|
|t:|1750750146
|move|p2a: Calyrex|Encore|p1b: Miraidon
|-start|p1b: Miraidon|Encore
|move|p1b: Miraidon|Protect|p1b: Miraidon
|-singleturn|p1b: Miraidon|Protect
|move|p1a: Koraidon|Flare Blitz|p2a: Calyrex
|-damage|p2a: Calyrex|32/100
|-damage|p1a: Koraidon|16/100|[from] Recoil
|-damage|p1a: Koraidon|7/100|[from] item: Life Orb
|move|p2b: Terapagos|Tera Starstorm|p1a: Koraidon|[spread] p1a
|-activate|p1b: Miraidon|move: Protect
|-damage|p1a: Koraidon|0 fnt
|faint|p1a: Koraidon
|
|-heal|p2b: Terapagos|87/100|[from] item: Leftovers
|upkeep
|
|t:|1750750163
|switch|p1a: Scream Tail|Scream Tail, L50|99/100
|turn|10
|
|t:|1750750175
|move|p1b: Miraidon|Protect||[still]
|-fail|p1b: Miraidon
|move|p2a: Calyrex|Astral Barrage|p1b: Miraidon|[spread] p1a,p1b
|-supereffective|p1a: Scream Tail
|-damage|p1a: Scream Tail|17/100
|-damage|p1b: Miraidon|54/100
|move|p1a: Scream Tail|Disable|p2b: Terapagos
|-start|p2b: Terapagos|Disable|Tera Starstorm
|cant|p2b: Terapagos|Disable|Tera Starstorm
|
|-heal|p2b: Terapagos|93/100|[from] item: Leftovers
|upkeep
|turn|11
|
|t:|1750750198
|move|p1b: Miraidon|Protect|p1b: Miraidon
|-singleturn|p1b: Miraidon|Protect
|move|p2a: Calyrex|Astral Barrage|p1b: Miraidon|[spread] p1a
|-activate|p1b: Miraidon|move: Protect
|-supereffective|p1a: Scream Tail
|-damage|p1a: Scream Tail|0 fnt
|faint|p1a: Scream Tail
|-end|p1a: Scream Tail|Protosynthesis|[silent]
|-ability|p2a: Calyrex|Grim Neigh|boost
|-boost|p2a: Calyrex|spa|1
|move|p2b: Terapagos|Earth Power|p1b: Miraidon
|-activate|p1b: Miraidon|move: Protect
|
|-heal|p2b: Terapagos|99/100|[from] item: Leftovers
|-end|p1b: Miraidon|Encore
|upkeep
|turn|12
|-message|heelkey forfeited.
|
|win|sryhersg
|raw|heelkey's rating: 1295 &rarr; <strong>1268</strong><br />(-27 for losing)
|raw|sryhersg's rating: 1261 &rarr; <strong>1288</strong><br />(+27 for winning)
|l|‽heelkey
|player|p1|
