|j|☆Ryth5
|j|☆zefiro9999
|t:|1750880153
|gametype|doubles
|player|p1|Ryth5|266|1262
|player|p2|zefiro9999|n|1339
|teamsize|p1|6
|teamsize|p2|6
|gen|9
|tier|[Gen 9] VGC 2025 Reg I
|rated|
|rule|Species Clause: Limit one of each Pokémon
|rule|Item Clause: Limit 1 of each item
|clearpoke
|poke|p1|Riolu, L50, F|
|poke|p1|Annihilape, L50, F|
|poke|p1|Calyrex-Ice, L50|
|poke|p1|Koraidon, L50|
|poke|p1|Raging Bolt, L50|
|poke|p1|Clefairy, L50, M|
|poke|p2|Lunala, L50|
|poke|p2|Groudon, L50|
|poke|p2|Walking Wake, L50|
|poke|p2|Urshifu-*, L50, F|
|poke|p2|Rillaboom, L50, F|
|poke|p2|Iron Treads, L50|
|teampreview|4
|inactive|Battle timer is ON: inactive players will automatically lose when time's up. (requested by Ryth5)
|l|☆Ryth5
|inactive|Ryth5 disconnected and has a minute to reconnect!
|player|p1|
|j|☆Ryth5
|inactive|Ryth5 reconnected and has 70 seconds left.
|player|p1|Ryth5|266|
|inactive|Ryth5 has 60 seconds left.
|inactive|zefiro9999 has 60 seconds left.
|
|t:|1750880199
|start
|switch|p1a: Annihilape|Annihilape, L50, F|100/100
|switch|p1b: Calyrex|Calyrex-Ice, L50|100/100
|switch|p2a: Lunala|Lunala, L50|100/100
|switch|p2b: Rillaboom|Rillaboom, L50, F|100/100
|-ability|p1b: Calyrex|As One
|-ability|p1b: Calyrex|Unnerve
|-fieldstart|move: Grassy Terrain|[from] ability: Grassy Surge|[of] p2b: Rillaboom
|turn|1
|
|t:|1750880214
|move|p1b: Calyrex|Protect|p1b: Calyrex
|-singleturn|p1b: Calyrex|Protect
|move|p2b: Rillaboom|Fake Out|p1b: Calyrex
|-activate|p1b: Calyrex|move: Protect
|move|p1a: Annihilape|Shadow Claw|p2a: Lunala
|-supereffective|p2a: Lunala
|-crit|p2a: Lunala
|-damage|p2a: Lunala|33/100
|move|p2a: Lunala|Meteor Beam||[still]
|-prepare|p2a: Lunala|Meteor Beam
|-boost|p2a: Lunala|spa|1
|-enditem|p2a: Lunala|Power Herb
|-anim|p2a: Lunala|Meteor Beam|p1b: Calyrex
|-activate|p1b: Calyrex|move: Protect
|
|-heal|p2a: Lunala|39/100|[from] Grassy Terrain
|upkeep
|turn|2
|inactive|Ryth5 has 30 seconds left.
|
|t:|1750880242
|-terastallize|p2a: Lunala|Dark
|move|p1a: Annihilape|Shadow Claw|p2a: Lunala
|-resisted|p2a: Lunala
|-crit|p2a: Lunala
|-damage|p2a: Lunala|23/100
|move|p2a: Lunala|Moongeist Beam|p1b: Calyrex
|-supereffective|p1b: Calyrex
|-damage|p1b: Calyrex|0 fnt
|faint|p1b: Calyrex
|move|p2b: Rillaboom|U-turn|p1a: Annihilape
|-resisted|p1a: Annihilape
|-damage|p1a: Annihilape|95/100
|
|t:|1750880255
|switch|p2b: Walking Wake|Walking Wake, L50|100/100|[from] U-turn
|
|-heal|p1a: Annihilape|100/100|[from] Grassy Terrain
|-heal|p2a: Lunala|29/100|[from] Grassy Terrain
|upkeep
|
|t:|1750880266
|switch|p1b: Koraidon|Koraidon, L50|100/100
|-weather|SunnyDay|[from] ability: Orichalcum Pulse|[of] p1b: Koraidon
|-activate|p2b: Walking Wake|ability: Protosynthesis
|-start|p2b: Walking Wake|protosynthesisspa
|-activate|p1b: Koraidon|Orichalcum Pulse|[source]
|turn|3
|
|t:|1750880287
|switch|p1a: Riolu|Riolu, L50, F|100/100
|move|p1b: Koraidon|U-turn|p2a: Lunala
|-supereffective|p2a: Lunala
|-damage|p2a: Lunala|0 fnt
|faint|p2a: Lunala
|
|t:|1750880293
|switch|p1b: Annihilape|Annihilape, L50, F|100/100|[from] U-turn
|move|p2b: Walking Wake|Draco Meteor|p1b: Annihilape
|-damage|p1b: Annihilape|0 fnt
|-unboost|p2b: Walking Wake|spa|2
|faint|p1b: Annihilape
|-damage|p2b: Walking Wake|91/100|[from] item: Life Orb
|
|-weather|SunnyDay|[upkeep]
|-heal|p2b: Walking Wake|96/100|[from] Grassy Terrain
|upkeep
|
|t:|1750880301
|switch|p1b: Koraidon|Koraidon, L50|100/100
|switch|p2a: Rillaboom|Rillaboom, L50, F|100/100
|-activate|p1b: Koraidon|ability: Orichalcum Pulse
|turn|4
|
|t:|1750880312
|move|p1a: Riolu|Quick Guard|p1a: Riolu
|-singleturn|p1a: Riolu|Quick Guard
|move|p2a: Rillaboom|Fake Out|p1b: Koraidon
|-activate|p1b: Koraidon|move: Quick Guard
|move|p1b: Koraidon|Outrage|p2b: Walking Wake
|-supereffective|p2b: Walking Wake
|-damage|p2b: Walking Wake|0 fnt
|faint|p2b: Walking Wake
|-end|p2b: Walking Wake|Protosynthesis|[silent]
|
|-weather|SunnyDay|[upkeep]
|upkeep
|
|t:|1750880319
|switch|p2b: Groudon|Groudon, L50|100/100
|turn|5
|
|t:|1750880327
|move|p2b: Groudon|Protect|p2b: Groudon
|-singleturn|p2b: Groudon|Protect
|move|p1a: Riolu|Coaching|p1b: Koraidon
|-boost|p1b: Koraidon|atk|1
|-boost|p1b: Koraidon|def|1
|move|p1b: Koraidon|Outrage|p2a: Rillaboom|[from] lockedmove
|-damage|p2a: Rillaboom|0 fnt
|faint|p2a: Rillaboom
|-start|p1b: Koraidon|confusion|[fatigue]
|
|-weather|SunnyDay|[upkeep]
|-fieldend|move: Grassy Terrain
|upkeep
|turn|6
|
|t:|1750880339
|move|p1a: Riolu|Coaching|p1b: Koraidon
|-boost|p1b: Koraidon|atk|1
|-boost|p1b: Koraidon|def|1
|-activate|p1b: Koraidon|confusion
|move|p1b: Koraidon|Outrage|p2b: Groudon
|-damage|p2b: Groudon|0 fnt
|faint|p2b: Groudon
|
|win|Ryth5
|raw|Ryth5's rating: 1262 &rarr; <strong>1292</strong><br />(+30 for winning)
|raw|zefiro9999's rating: 1339 &rarr; <strong>1315</strong><br />(-24 for losing)
|l|☆Ryth5
|player|p1|
|l|☆zefiro9999
|player|p2|
