|j|☆Hemz0 0
|j|☆A Regu1ar Guy
|t:|1750712751
|gametype|doubles
|player|p1|Hemz0 0|1|1563
|player|p2|A Regu1ar Guy|elesa|1663
|teamsize|p1|6
|teamsize|p2|6
|gen|9
|tier|[Gen 9] VGC 2025 Reg I
|rated|
|rule|Species Clause: Limit one of each Pokémon
|rule|Item Clause: Limit 1 of each item
|clearpoke
|poke|p1|Miraidon, L50|
|poke|p1|Terapagos, L50, M|
|poke|p1|Sinistcha, L50|
|poke|p1|Incineroar, L50, M|
|poke|p1|Iron Treads, L50|
|poke|p1|Urshifu-*, L50, F|
|poke|p2|Calyrex-Shadow, L50|
|poke|p2|Zamazenta-*, L50|
|poke|p2|Chien-Pao, L50|
|poke|p2|Rillaboom, L50, F|
|poke|p2|Raging Bolt, L50|
|poke|p2|Ogerpon-Hearthflame, L50, F|
|teampreview|4
|inactive|Battle timer is ON: inactive players will automatically lose when time's up. (requested by Hemz0 0)
|inactive|A Regu1ar Guy has 60 seconds left.
|
|t:|1750712858
|start
|switch|p1a: Miraidon|Miraidon, L50|100/100
|switch|p1b: Terapagos|Terapagos, L50, M|100/100
|switch|p2a: Calyrex|Calyrex-Shadow, L50|100/100
|switch|p2b: Ogerpon|Ogerpon-Hearthflame, L50, F|100/100
|-activate|p1b: Terapagos|ability: Tera Shift
|detailschange|p1b: Terapagos|Terapagos-Terastal, L50, M
|-heal|p1b: Terapagos|100/100|[silent]
|-ability|p2a: Calyrex|As One
|-ability|p2a: Calyrex|Unnerve
|-fieldstart|move: Electric Terrain|[from] ability: Hadron Engine|[of] p1a: Miraidon
|-enditem|p1b: Terapagos|Electric Seed
|-boost|p1b: Terapagos|def|1|[from] item: Electric Seed
|-ability|p2b: Ogerpon|Mold Breaker
|turn|1
|
|t:|1750712878
|switch|p2a: Rillaboom|Rillaboom, L50, F|100/100
|-fieldstart|move: Grassy Terrain|[from] ability: Grassy Surge|[of] p2a: Rillaboom
|-terastallize|p2b: Ogerpon|Fire
|detailschange|p2b: Ogerpon|Ogerpon-Hearthflame-Tera, L50, F, tera:Fire
|-ability|p2b: Ogerpon|Embody Aspect (Hearthflame)|boost
|-boost|p2b: Ogerpon|atk|1
|move|p1a: Miraidon|Volt Switch|p2a: Rillaboom
|-resisted|p2a: Rillaboom
|-damage|p2a: Rillaboom|86/100
|
|t:|1750712882
|switch|p1a: Incineroar|Incineroar, L50, M, shiny|100/100|[from] Volt Switch
|-ability|p1a: Incineroar|Intimidate|boost
|-unboost|p2a: Rillaboom|atk|1
|-unboost|p2b: Ogerpon|atk|1
|move|p2b: Ogerpon|Ivy Cudgel|p1a: Incineroar|[anim] Ivy Cudgel Fire
|-resisted|p1a: Incineroar
|-damage|p1a: Incineroar|68/100
|move|p1b: Terapagos|Calm Mind|p1b: Terapagos
|-boost|p1b: Terapagos|spa|1
|-boost|p1b: Terapagos|spd|1
|
|-heal|p2a: Rillaboom|92/100|[from] Grassy Terrain
|-heal|p1a: Incineroar|74/100|[from] Grassy Terrain
|upkeep
|turn|2
|
|t:|1750712897
|switch|p2b: Zamazenta|Zamazenta-Crowned, L50|100/100
|-ability|p2b: Zamazenta|Dauntless Shield|boost
|-boost|p2b: Zamazenta|def|1
|move|p2a: Rillaboom|Fake Out|p1b: Terapagos
|-activate|p1b: Terapagos|ability: Tera Shell
|-resisted|p1b: Terapagos
|-crit|p1b: Terapagos
|-damage|p1b: Terapagos|93/100
|cant|p1b: Terapagos|flinch
|move|p1a: Incineroar|Knock Off|p2a: Rillaboom
|-damage|p2a: Rillaboom|52/100
|-enditem|p2a: Rillaboom|Assault Vest|[from] move: Knock Off|[of] p1a: Incineroar
|
|-heal|p2a: Rillaboom|58/100|[from] Grassy Terrain
|-heal|p1b: Terapagos|99/100|[from] Grassy Terrain
|-heal|p1a: Incineroar|80/100|[from] Grassy Terrain
|upkeep
|turn|3
|
|t:|1750712905
|switch|p1a: Sinistcha|Sinistcha, L50|100/100
|-heal|p1b: Terapagos|100/100|[from] ability: Hospitality|[of] p1a: Sinistcha
|move|p1b: Terapagos|Protect|p1b: Terapagos
|-singleturn|p1b: Terapagos|Protect
|move|p2b: Zamazenta|Heavy Slam|p1a: Sinistcha
|-damage|p1a: Sinistcha|43/100
|move|p2a: Rillaboom|U-turn|p1a: Sinistcha
|-damage|p1a: Sinistcha|24/100
|
|t:|1750712913
|switch|p2a: Calyrex|Calyrex-Shadow, L50|100/100|[from] U-turn
|-ability|p2a: Calyrex|As One
|-ability|p2a: Calyrex|Unnerve
|
|-heal|p1a: Sinistcha|30/100|[from] Grassy Terrain
|upkeep
|turn|4
|
|t:|1750712930
|move|p1a: Sinistcha|Protect|p1a: Sinistcha
|-singleturn|p1a: Sinistcha|Protect
|move|p2a: Calyrex|Astral Barrage|p1b: Terapagos|[spread] 
|-activate|p1a: Sinistcha|move: Protect
|-immune|p1b: Terapagos
|move|p2b: Zamazenta|Body Press|p1b: Terapagos
|-activate|p1b: Terapagos|ability: Tera Shell
|-resisted|p1b: Terapagos
|-damage|p1b: Terapagos|85/100
|move|p1b: Terapagos|Calm Mind|p1b: Terapagos
|-boost|p1b: Terapagos|spa|1
|-boost|p1b: Terapagos|spd|1
|
|-heal|p1a: Sinistcha|37/100|[from] Grassy Terrain
|-heal|p1b: Terapagos|91/100|[from] Grassy Terrain
|upkeep
|turn|5
|
|t:|1750712943
|switch|p1a: Miraidon|Miraidon, L50|100/100
|-fieldstart|move: Electric Terrain|[from] ability: Hadron Engine|[of] p1a: Miraidon
|-terastallize|p1b: Terapagos|Stellar
|detailschange|p1b: Terapagos|Terapagos-Stellar, L50, M, tera:Stellar
|-heal|p1b: Terapagos|93/100|[silent]
|-ability|p1b: Terapagos|Teraform Zero
|-fieldend|move: Electric Terrain
|move|p2a: Calyrex|Astral Barrage|p1a: Miraidon|[spread] p1a
|-immune|p1b: Terapagos
|-damage|p1a: Miraidon|71/100
|move|p2b: Zamazenta|Body Press|p1b: Terapagos
|-supereffective|p1b: Terapagos
|-damage|p1b: Terapagos|48/100
|move|p1b: Terapagos|Earth Power|p2b: Zamazenta
|-supereffective|p2b: Zamazenta
|-damage|p2b: Zamazenta|0 fnt
|faint|p2b: Zamazenta
|
|upkeep
|
|t:|1750712965
|switch|p2b: Ogerpon|Ogerpon-Hearthflame-Tera, L50, F, tera:Fire|100/100
|-ability|p2b: Ogerpon|Embody Aspect (Hearthflame)|boost
|-boost|p2b: Ogerpon|atk|1
|turn|6
|
|t:|1750712978
|move|p2a: Calyrex|Psychic|p1b: Terapagos
|-damage|p1b: Terapagos|30/100
|move|p1a: Miraidon|Volt Switch|p2b: Ogerpon
|-damage|p2b: Ogerpon|63/100
|
|t:|1750712982
|switch|p1a: Incineroar|Incineroar, L50, M, shiny|80/100|[from] Volt Switch
|-ability|p1a: Incineroar|Intimidate|boost
|-unboost|p2a: Calyrex|atk|1
|-unboost|p2b: Ogerpon|atk|1
|move|p2b: Ogerpon|Ivy Cudgel|p1b: Terapagos|[anim] Ivy Cudgel Fire
|-damage|p1b: Terapagos|5/100
|move|p1b: Terapagos|Tera Starstorm|p2a: Calyrex|[spread] p2a,p2b
|-supereffective|p2b: Ogerpon
|-damage|p2a: Calyrex|39/100
|-damage|p2b: Ogerpon|0 fnt
|faint|p2b: Ogerpon
|detailschange|p2: Ogerpon|Ogerpon-Hearthflame, L50, F|[silent]
|
|upkeep
|
|t:|1750712992
|switch|p2b: Rillaboom|Rillaboom, L50, F|58/100
|-fieldstart|move: Grassy Terrain|[from] ability: Grassy Surge|[of] p2b: Rillaboom
|turn|7
|
|t:|1750713013
|switch|p1a: Sinistcha|Sinistcha, L50|37/100
|-heal|p1b: Terapagos|30/100|[from] ability: Hospitality|[of] p1a: Sinistcha
|move|p1b: Terapagos|Protect|p1b: Terapagos
|-singleturn|p1b: Terapagos|Protect
|move|p2b: Rillaboom|Fake Out|p1a: Sinistcha
|-immune|p1a: Sinistcha
|move|p2a: Calyrex|Psychic|p1b: Terapagos
|-activate|p1b: Terapagos|move: Protect
|
|-heal|p2a: Calyrex|45/100|[from] Grassy Terrain
|-heal|p1a: Sinistcha|43/100|[from] Grassy Terrain
|-heal|p1b: Terapagos|36/100|[from] Grassy Terrain
|-heal|p2b: Rillaboom|64/100|[from] Grassy Terrain
|upkeep
|turn|8
|inactive|Hemz0 0 has 30 seconds left.
|
|t:|1750713041
|move|p1a: Sinistcha|Rage Powder|p1a: Sinistcha
|-singleturn|p1a: Sinistcha|move: Rage Powder
|move|p2a: Calyrex|Encore|p1a: Sinistcha
|-start|p1a: Sinistcha|Encore
|move|p1b: Terapagos|Tera Starstorm|p2a: Calyrex|[spread] p2a,p2b
|-damage|p2a: Calyrex|0 fnt
|-damage|p2b: Rillaboom|0 fnt
|faint|p2a: Calyrex
|faint|p2b: Rillaboom
|
|win|Hemz0 0
|raw|Hemz0 0's rating: 1563 &rarr; <strong>1589</strong><br />(+26 for winning)
|raw|A Regu1ar Guy's rating: 1663 &rarr; <strong>1637</strong><br />(-26 for losing)
|l|☆A Regu1ar Guy
|player|p2|
|l|☆Hemz0 0
|player|p1|
