|j|☆nokkinoheya
|j|☆WiFiRequired
|t:|1750740460
|gametype|doubles
|player|p1|nokkinoheya|101|1281
|player|p2|WiFiRequired|steven|1186
|teamsize|p1|4
|teamsize|p2|6
|gen|9
|tier|[Gen 9] VGC 2025 Reg I
|rated|
|rule|Species Clause: Limit one of each Pokémon
|rule|Item Clause: Limit 1 of each item
|clearpoke
|poke|p1|Incineroar, L50, F|
|poke|p1|Miraidon, L50|
|poke|p1|Urshifu-*, L50, M|
|poke|p1|Calyrex-Shadow, L50|
|poke|p2|Metagross, L50|
|poke|p2|Spiritomb, L50, M|
|poke|p2|Kyogre, L50|
|poke|p2|Urshifu-*, L50, M|
|poke|p2|Zoroark-Hisui, L50, M|
|poke|p2|Landorus, L50, M|
|teampreview|4
|inactive|Battle timer is ON: inactive players will automatically lose when time's up. (requested by nokkinoheya)
|inactive|WiFiRequired has 60 seconds left.
|
|t:|1750740494
|start
|switch|p1a: Incineroar|Incineroar, L50, F|100/100
|switch|p1b: Miraidon|Miraidon, L50|100/100
|switch|p2a: Landorus|Landorus, L50, M|100/100
|switch|p2b: Kyogre|Kyogre, L50|100/100
|-fieldstart|move: Electric Terrain|[from] ability: Hadron Engine|[of] p1b: Miraidon
|-weather|RainDance|[from] ability: Drizzle|[of] p2b: Kyogre
|-ability|p1a: Incineroar|Intimidate|boost
|-unboost|p2a: Landorus|atk|1
|-unboost|p2b: Kyogre|atk|1
|turn|1
|
|t:|1750740510
|-terastallize|p1b: Miraidon|Fairy
|move|p2b: Kyogre|Protect|p2b: Kyogre
|-singleturn|p2b: Kyogre|Protect
|move|p2a: Landorus|Sandsear Storm|p1b: Miraidon|[spread] p1a,p1b
|-supereffective|p1a: Incineroar
|-damage|p1a: Incineroar|0 fnt
|-damage|p1b: Miraidon|57/100
|faint|p1a: Incineroar
|move|p1b: Miraidon|Dazzling Gleam|p2b: Kyogre|[spread] p2a
|-activate|p2b: Kyogre|move: Protect
|-damage|p2a: Landorus|4/100
|
|-weather|RainDance|[upkeep]
|upkeep
|
|t:|1750740524
|switch|p1a: Urshifu|Urshifu-Rapid-Strike, L50, M|100/100
|turn|2
|
|t:|1750740539
|switch|p2b: Ferrum|Metagross, L50, shiny|100/100
|move|p1a: Urshifu|Rock Slide|p2a: Landorus|[spread] p2a,p2b
|-resisted|p2b: Ferrum
|-damage|p2a: Landorus|0 fnt
|-damage|p2b: Ferrum|92/100
|faint|p2a: Landorus
|move|p1b: Miraidon|Dazzling Gleam|p2b: Ferrum
|-resisted|p2b: Ferrum
|-damage|p2b: Ferrum|57/100
|
|-weather|RainDance|[upkeep]
|upkeep
|
|t:|1750740550
|switch|p2a: Kyogre|Kyogre, L50|100/100
|turn|3
|inactive|WiFiRequired has 30 seconds left.
|inactive|WiFiRequired has 20 seconds left.
|
|t:|1750740588
|-terastallize|p2a: Kyogre|Electric
|move|p2b: Ferrum|Bullet Punch|p1b: Miraidon
|-supereffective|p1b: Miraidon
|-damage|p1b: Miraidon|13/100
|move|p1a: Urshifu|Rock Slide|p2b: Ferrum|[spread] p2a,p2b
|-resisted|p2b: Ferrum
|-damage|p2a: Kyogre|80/100
|-damage|p2b: Ferrum|49/100
|move|p1b: Miraidon|Dazzling Gleam|p2b: Ferrum|[spread] p2a,p2b
|-resisted|p2b: Ferrum
|-damage|p2a: Kyogre|33/100
|-damage|p2b: Ferrum|25/100
|cant|p2a: Kyogre|flinch
|
|-weather|RainDance|[upkeep]
|upkeep
|turn|4
|
|t:|1750740609
|move|p2b: Ferrum|Bullet Punch|p1b: Miraidon
|-supereffective|p1b: Miraidon
|-damage|p1b: Miraidon|0 fnt
|faint|p1b: Miraidon
|move|p1a: Urshifu|Rock Slide|p2a: Kyogre|[spread] 
|-miss|p1a: Urshifu|p2a: Kyogre
|-miss|p1a: Urshifu|p2b: Ferrum
|move|p2a: Kyogre|Thunder|p1a: Urshifu
|-supereffective|p1a: Urshifu
|-damage|p1a: Urshifu|0 fnt
|faint|p1a: Urshifu
|
|-weather|RainDance|[upkeep]
|upkeep
|
|t:|1750740624
|switch|p1b: Calyrex|Calyrex-Shadow, L50|100/100
|-ability|p1b: Calyrex|As One
|-ability|p1b: Calyrex|Unnerve
|turn|5
|
|t:|1750740634
|move|p2a: Kyogre|Protect|p2a: Kyogre
|-singleturn|p2a: Kyogre|Protect
|move|p2b: Ferrum|Bullet Punch|p1b: Calyrex
|-damage|p1b: Calyrex|70/100
|move|p1b: Calyrex|Astral Barrage|p2b: Ferrum|[spread] p2b
|-activate|p2a: Kyogre|move: Protect
|-supereffective|p2b: Ferrum
|-damage|p2b: Ferrum|0 fnt
|faint|p2b: Ferrum
|-ability|p1b: Calyrex|Grim Neigh|boost
|-boost|p1b: Calyrex|spa|1
|
|-weather|none
|-fieldend|move: Electric Terrain
|upkeep
|
|t:|1750740640
|switch|p2b: Zoroark|Zoroark-Hisui, L50, M|100/100
|turn|6
|
|t:|1750740651
|move|p1b: Calyrex|Astral Barrage|p2b: Zoroark|[spread] p2a
|-immune|p2b: Zoroark
|-damage|p2a: Kyogre|0 fnt
|faint|p2a: Kyogre
|-ability|p1b: Calyrex|Grim Neigh|boost
|-boost|p1b: Calyrex|spa|1
|move|p2b: Zoroark|Bitter Malice|p1b: Calyrex
|-supereffective|p1b: Calyrex
|-damage|p1b: Calyrex|0 fnt
|faint|p1b: Calyrex
|
|win|WiFiRequired
|raw|nokkinoheya's rating: 1281 &rarr; <strong>1249</strong><br />(-32 for losing)
|raw|WiFiRequired's rating: 1186 &rarr; <strong>1218</strong><br />(+32 for winning)
|l|☆nokkinoheya
|player|p1|
