|j|☆skidi2689
|j|☆TwiztedMelmetal
|t:|1750813336
|gametype|doubles
|player|p1|skidi2689|266|1051
|player|p2|TwiztedMelmetal|policeman|1126
|teamsize|p1|6
|teamsize|p2|6
|gen|9
|tier|[Gen 9] VGC 2025 Reg I
|rated|
|rule|Species Clause: Limit one of each Pokémon
|rule|Item Clause: Limit 1 of each item
|clearpoke
|poke|p1|Toxapex, L50, F|
|poke|p1|Persian-Alola, L50, F|
|poke|p1|Dialga, L50|
|poke|p1|Zamazenta-*, L50|
|poke|p1|Rhydon, L50, M|
|poke|p1|Flutter Mane, L50|
|poke|p2|Ditto, L50|
|poke|p2|Raging Bolt, L50|
|poke|p2|Groudon, L50|
|poke|p2|Lilligant-Hisui, L50, F|
|poke|p2|Calyrex-Ice, L50|
|poke|p2|Oranguru, L50, M|
|teampreview|4
|inactive|Battle timer is ON: inactive players will automatically lose when time's up. (requested by skidi2689)
|inactive|TwiztedMelmetal has 60 seconds left.
|inactive|TwiztedMelmetal has 30 seconds left.
|
|t:|1750813450
|start
|switch|p1a: Zamazenta|Zamazenta-Crowned, L50|100/100
|switch|p1b: Persian|Persian-Alola, L50, F|100/100
|switch|p2a: Groudon|Groudon, L50|100/100
|switch|p2b: Oranguru|Oranguru, L50, M|100/100
|-ability|p1a: Zamazenta|Dauntless Shield|boost
|-boost|p1a: Zamazenta|def|1
|-weather|SunnyDay|[from] ability: Drought|[of] p2a: Groudon
|turn|1
|inactive|skidi2689 has 30 seconds left.
|
|t:|1750813476
|move|p1b: Persian|Fake Out|p2a: Groudon
|-damage|p2a: Groudon|95/100
|move|p1a: Zamazenta|Iron Defense|p1a: Zamazenta
|-boost|p1a: Zamazenta|def|2
|cant|p2a: Groudon|flinch
|move|p2b: Oranguru|Trick Room|p2b: Oranguru
|-fieldstart|move: Trick Room|[of] p2b: Oranguru
|
|-weather|SunnyDay|[upkeep]
|upkeep
|turn|2
|inactive|skidi2689 has 30 seconds left.
|
|t:|1750813503
|-terastallize|p1a: Zamazenta|Fighting
|move|p2b: Oranguru|Protect|p2b: Oranguru
|-singleturn|p2b: Oranguru|Protect
|move|p1b: Persian|Protect|p1b: Persian
|-singleturn|p1b: Persian|Protect
|move|p2a: Groudon|Precipice Blades|p1b: Persian|[spread] p1a
|-activate|p1b: Persian|move: Protect
|-damage|p1a: Zamazenta|88/100
|move|p1a: Zamazenta|Body Press|p2a: Groudon
|-damage|p2a: Groudon|0 fnt
|faint|p2a: Groudon
|
|-weather|SunnyDay|[upkeep]
|upkeep
|
|t:|1750813516
|switch|p2a: Calyrex|Calyrex-Ice, L50|100/100
|-ability|p2a: Calyrex|As One
|-ability|p2a: Calyrex|Unnerve
|turn|3
|
|t:|1750813534
|switch|p2b: Ditto|Ditto, L50|100/100
|-transform|p2b: Ditto|p1a: Zamazenta|[from] ability: Imposter
|-ability|p2b: Ditto|Dauntless Shield|boost
|-boost|p2b: Ditto|def|1
|move|p1a: Zamazenta|Wide Guard|p1a: Zamazenta
|-singleturn|p1a: Zamazenta|Wide Guard
|move|p2a: Calyrex|Leech Seed|p1a: Zamazenta
|-start|p1a: Zamazenta|move: Leech Seed
|move|p1b: Persian|Foul Play|p2a: Calyrex
|-supereffective|p2a: Calyrex
|-damage|p2a: Calyrex|47/100
|
|-weather|SunnyDay|[upkeep]
|-heal|p2a: Calyrex|53/100|[from] item: Leftovers
|-damage|p1a: Zamazenta|76/100|[from] Leech Seed|[of] p2a: Calyrex
|-heal|p2a: Calyrex|65/100|[silent]
|upkeep
|-start|p2b: Ditto|typechange|Fighting/Steel|[silent]
|turn|4
|inactive|TwiztedMelmetal has 30 seconds left.
|inactive|skidi2689 has 30 seconds left.
|
|t:|1750813564
|move|p2a: Calyrex|Protect|p2a: Calyrex
|-singleturn|p2a: Calyrex|Protect
|move|p1a: Zamazenta|Body Press|p2b: Ditto
|-supereffective|p2b: Ditto
|-damage|p2b: Ditto|20/100
|move|p2b: Ditto|Body Press|p1b: Persian
|-supereffective|p1b: Persian
|-enditem|p1b: Persian|Focus Sash
|-damage|p1b: Persian|1/100
|move|p1b: Persian|Foul Play|p2a: Calyrex
|-activate|p2a: Calyrex|move: Protect
|
|-weather|SunnyDay|[upkeep]
|-heal|p2a: Calyrex|71/100|[from] item: Leftovers
|-damage|p1a: Zamazenta|64/100|[from] Leech Seed|[of] p2a: Calyrex
|-heal|p2a: Calyrex|83/100|[silent]
|upkeep
|turn|5
|
|t:|1750813585
|move|p1b: Persian|Protect|p1b: Persian
|-singleturn|p1b: Persian|Protect
|move|p2a: Calyrex|Glacial Lance|p1b: Persian|[spread] p1a
|-activate|p1b: Persian|move: Protect
|-damage|p1a: Zamazenta|53/100
|move|p2b: Ditto|Body Press|p1a: Zamazenta
|-damage|p1a: Zamazenta|25/100
|move|p1a: Zamazenta|Body Press|p2a: Calyrex
|-damage|p2a: Calyrex|19/100
|
|-weather|none
|-heal|p2a: Calyrex|25/100|[from] item: Leftovers
|-damage|p1a: Zamazenta|13/100|[from] Leech Seed|[of] p2a: Calyrex
|-heal|p2a: Calyrex|36/100|[silent]
|-fieldend|move: Trick Room
|upkeep
|turn|6
|inactive|skidi2689 has 30 seconds left.
|inactive|TwiztedMelmetal has 30 seconds left.
|
|t:|1750813620
|move|p2a: Calyrex|Protect|p2a: Calyrex
|-singleturn|p2a: Calyrex|Protect
|move|p1b: Persian|Foul Play|p2a: Calyrex
|-activate|p2a: Calyrex|move: Protect
|move|p1a: Zamazenta|Body Press|p2b: Ditto
|-supereffective|p2b: Ditto
|-damage|p2b: Ditto|0 fnt
|faint|p2b: Ditto
|
|-heal|p2a: Calyrex|42/100|[from] item: Leftovers
|-damage|p1a: Zamazenta|0 fnt|[from] Leech Seed|[of] p2a: Calyrex
|-heal|p2a: Calyrex|54/100|[silent]
|faint|p1a: Zamazenta
|upkeep
|
|t:|1750813629
|switch|p1a: Dialga|Dialga, L50|100/100
|switch|p2b: Oranguru|Oranguru, L50, M|100/100
|-ability|p1a: Dialga|Pressure
|turn|7
|
|t:|1750813645
|-terastallize|p2a: Calyrex|Water
|move|p1b: Persian|Foul Play|p2a: Calyrex
|-damage|p2a: Calyrex|31/100
|move|p1a: Dialga|Iron Defense|p1a: Dialga
|-boost|p1a: Dialga|def|2
|move|p2a: Calyrex|Leech Seed|p1a: Dialga
|-start|p1a: Dialga|move: Leech Seed
|move|p2b: Oranguru|Foul Play|p1b: Persian
|-resisted|p1b: Persian
|-damage|p1b: Persian|0 fnt
|faint|p1b: Persian
|
|-heal|p2a: Calyrex|36/100|[from] item: Leftovers
|-damage|p1a: Dialga|88/100|[from] Leech Seed|[of] p2a: Calyrex
|-heal|p2a: Calyrex|49/100|[silent]
|upkeep
|
|t:|1750813651
|switch|p1b: Toxapex|Toxapex, L50, F|100/100
|turn|8
|inactive|TwiztedMelmetal has 30 seconds left.
|
|t:|1750813680
|move|p1a: Dialga|Body Press|p2a: Calyrex
|-damage|p2a: Calyrex|27/100
|move|p2a: Calyrex|Leech Seed|p1b: Toxapex
|-start|p1b: Toxapex|move: Leech Seed
|move|p1b: Toxapex|Toxic|p2b: Oranguru
|-status|p2b: Oranguru|tox
|move|p2b: Oranguru|Trick Room|p2b: Oranguru
|-fieldstart|move: Trick Room|[of] p2b: Oranguru
|
|-heal|p2a: Calyrex|33/100|[from] item: Leftovers
|-damage|p1b: Toxapex|88/100|[from] Leech Seed|[of] p2a: Calyrex
|-heal|p2a: Calyrex|42/100|[silent]
|-damage|p1a: Dialga|76/100|[from] Leech Seed|[of] p2a: Calyrex
|-heal|p2a: Calyrex|54/100|[silent]
|-damage|p2b: Oranguru|94/100 tox|[from] psn
|upkeep
|turn|9
|
|t:|1750813699
|move|p1b: Toxapex|Infestation|p2b: Oranguru
|-supereffective|p2b: Oranguru
|-damage|p2b: Oranguru|90/100 tox
|-activate|p2b: Oranguru|move: Infestation|[of] p1b: Toxapex
|move|p2b: Oranguru|Foul Play|p1a: Dialga
|-damage|p1a: Dialga|69/100
|move|p2a: Calyrex|Glacial Lance|p1b: Toxapex|[spread] p1a,p1b
|-resisted|p1b: Toxapex
|-damage|p1a: Dialga|50/100
|-damage|p1b: Toxapex|74/100
|move|p1a: Dialga|Body Press|p2b: Oranguru
|-damage|p2b: Oranguru|48/100 tox
|
|-heal|p1b: Toxapex|80/100|[from] item: Black Sludge
|-heal|p2a: Calyrex|60/100|[from] item: Leftovers
|-damage|p1b: Toxapex|68/100|[from] Leech Seed|[of] p2a: Calyrex
|-heal|p2a: Calyrex|69/100|[silent]
|-damage|p1a: Dialga|38/100|[from] Leech Seed|[of] p2a: Calyrex
|-heal|p2a: Calyrex|82/100|[silent]
|-damage|p2b: Oranguru|36/100 tox|[from] psn
|-damage|p2b: Oranguru|23/100 tox|[from] move: Infestation|[partiallytrapped]
|upkeep
|turn|10
|
|t:|1750813723
|move|p1a: Dialga|Protect|p1a: Dialga
|-singleturn|p1a: Dialga|Protect
|move|p1b: Toxapex|Toxic|p2a: Calyrex
|-status|p2a: Calyrex|tox
|move|p2b: Oranguru|Instruct|p2a: Calyrex
|-singleturn|p2a: Calyrex|move: Instruct|[of] p2b: Oranguru
|move|p2a: Calyrex|Glacial Lance|p1b: Toxapex|[spread] p1b
|-activate|p1a: Dialga|move: Protect
|-resisted|p1b: Toxapex
|-damage|p1b: Toxapex|51/100
|move|p2a: Calyrex|Glacial Lance|p1a: Dialga|[spread] p1b
|-activate|p1a: Dialga|move: Protect
|-resisted|p1b: Toxapex
|-damage|p1b: Toxapex|36/100
|
|-heal|p1b: Toxapex|42/100|[from] item: Black Sludge
|-heal|p2a: Calyrex|88/100 tox|[from] item: Leftovers
|-damage|p1b: Toxapex|30/100|[from] Leech Seed|[of] p2a: Calyrex
|-heal|p2a: Calyrex|97/100 tox|[silent]
|-damage|p1a: Dialga|26/100|[from] Leech Seed|[of] p2a: Calyrex
|-heal|p2a: Calyrex|100/100 tox|[silent]
|-damage|p2b: Oranguru|5/100 tox|[from] psn
|-damage|p2a: Calyrex|95/100 tox|[from] psn
|-damage|p2b: Oranguru|0 fnt|[from] move: Infestation|[partiallytrapped]
|faint|p2b: Oranguru
|upkeep
|turn|11
|inactive|skidi2689 has 30 seconds left.
|
|t:|1750813752
|move|p1b: Toxapex|Wide Guard|p1b: Toxapex
|-singleturn|p1b: Toxapex|Wide Guard
|move|p2a: Calyrex|Glacial Lance|p1b: Toxapex|[spread] 
|-activate|p1a: Dialga|move: Wide Guard
|-activate|p1b: Toxapex|move: Wide Guard
|move|p1a: Dialga|Body Press|p2a: Calyrex
|-damage|p2a: Calyrex|75/100 tox
|
|-heal|p1b: Toxapex|36/100|[from] item: Black Sludge
|-heal|p2a: Calyrex|81/100 tox|[from] item: Leftovers
|-damage|p1b: Toxapex|23/100|[from] Leech Seed|[of] p2a: Calyrex
|-heal|p2a: Calyrex|90/100 tox|[silent]
|-damage|p1a: Dialga|14/100|[from] Leech Seed|[of] p2a: Calyrex
|-heal|p2a: Calyrex|100/100 tox|[silent]
|-damage|p2a: Calyrex|89/100 tox|[from] psn
|upkeep
|turn|12
|
|t:|1750813774
|move|p2a: Calyrex|Protect|p2a: Calyrex
|-singleturn|p2a: Calyrex|Protect
|move|p1b: Toxapex|Wide Guard|p1b: Toxapex
|-singleturn|p1b: Toxapex|Wide Guard
|move|p1a: Dialga|Flash Cannon|p2a: Calyrex
|-activate|p2a: Calyrex|move: Protect
|
|-heal|p1b: Toxapex|29/100|[from] item: Black Sludge
|-heal|p2a: Calyrex|95/100 tox|[from] item: Leftovers
|-damage|p1b: Toxapex|17/100|[from] Leech Seed|[of] p2a: Calyrex
|-heal|p2a: Calyrex|100/100 tox|[silent]
|-damage|p1a: Dialga|1/100|[from] Leech Seed|[of] p2a: Calyrex
|-damage|p2a: Calyrex|83/100 tox|[from] psn
|-fieldend|move: Trick Room
|upkeep
|turn|13
|inactive|TwiztedMelmetal has 30 seconds left.
|
|t:|1750813807
|move|p2a: Calyrex|Protect|p2a: Calyrex
|-singleturn|p2a: Calyrex|Protect
|move|p1b: Toxapex|Wide Guard|p1b: Toxapex
|-singleturn|p1b: Toxapex|Wide Guard
|move|p1a: Dialga|Flash Cannon|p2a: Calyrex
|-activate|p2a: Calyrex|move: Protect
|
|-heal|p2a: Calyrex|89/100 tox|[from] item: Leftovers
|-heal|p1b: Toxapex|23/100|[from] item: Black Sludge
|-damage|p1a: Dialga|0 fnt|[from] Leech Seed|[of] p2a: Calyrex
|-heal|p2a: Calyrex|90/100 tox|[silent]
|faint|p1a: Dialga
|-damage|p1b: Toxapex|11/100|[from] Leech Seed|[of] p2a: Calyrex
|-heal|p2a: Calyrex|99/100 tox|[silent]
|-damage|p2a: Calyrex|75/100 tox|[from] psn
|upkeep
|turn|14
|
|t:|1750813821
|move|p1b: Toxapex|Wide Guard|p1b: Toxapex
|-singleturn|p1b: Toxapex|Wide Guard
|move|p2a: Calyrex|Trick Room|p2a: Calyrex
|-fieldstart|move: Trick Room|[of] p2a: Calyrex
|
|-heal|p1b: Toxapex|16/100|[from] item: Black Sludge
|-heal|p2a: Calyrex|81/100 tox|[from] item: Leftovers
|-damage|p1b: Toxapex|4/100|[from] Leech Seed|[of] p2a: Calyrex
|-heal|p2a: Calyrex|91/100 tox|[silent]
|-damage|p2a: Calyrex|61/100 tox|[from] psn
|upkeep
|turn|15
|
|t:|1750813826
|move|p1b: Toxapex|Baneful Bunker||[still]
|-fail|p1b: Toxapex
|move|p2a: Calyrex|Protect||[still]
|-fail|p2a: Calyrex
|
|-heal|p1b: Toxapex|10/100|[from] item: Black Sludge
|-heal|p2a: Calyrex|67/100 tox|[from] item: Leftovers
|-damage|p1b: Toxapex|0 fnt|[from] Leech Seed|[of] p2a: Calyrex
|-heal|p2a: Calyrex|74/100 tox|[silent]
|faint|p1b: Toxapex
|
|win|TwiztedMelmetal
|raw|skidi2689's rating: 1051 &rarr; <strong>1037</strong><br />(-14 for losing)
|raw|TwiztedMelmetal's rating: 1126 &rarr; <strong>1146</strong><br />(+20 for winning)
|l|☆TwiztedMelmetal
|player|p2|
|l|☆skidi2689
|player|p1|
