|j|☆Jmariowo
|j|☆Terminator7006
|t:|1750746480
|gametype|doubles
|player|p1|Jmariowo|iono|1478
|player|p2|Terminator7006|drayden|1489
|teamsize|p1|6
|teamsize|p2|6
|gen|9
|tier|[Gen 9] VGC 2025 Reg I
|rated|
|rule|Species Clause: Limit one of each Pokémon
|rule|Item Clause: Limit 1 of each item
|clearpoke
|poke|p1|Lunala, L50|
|poke|p1|Zamazenta-*, L50|
|poke|p1|Rillaboom, L50, M|
|poke|p1|Chien-Pao, L50|
|poke|p1|Urshifu-*, L50, M|
|poke|p1|Volcarona, L50, M|
|poke|p2|Lunala, L50|
|poke|p2|Kommo-o, L50, M|
|poke|p2|Incineroar, L50, M|
|poke|p2|Amoonguss, L50, M|
|poke|p2|Kyogre, L50|
|poke|p2|Chien-Pao, L50|
|teampreview|4
|inactive|Battle timer is ON: inactive players will automatically lose when time's up. (requested by Terminator7006)
|j| ZodiacSheep
|
|t:|1750746511
|start
|switch|p1a: Volcarona|Volcarona, L50, M|100/100
|switch|p1b: Lunala|Lunala, L50|100/100
|switch|p2a: Lunala|Lunala, L50, shiny|100/100
|switch|p2b: Incineroar|Incineroar, L50, M, shiny|100/100
|-ability|p2b: Incineroar|Intimidate|boost
|-unboost|p1a: Volcarona|atk|1
|-unboost|p1b: Lunala|atk|1
|turn|1
|inactive|Terminator7006 has 30 seconds left.
|inactive|Terminator7006 has 20 seconds left.
|inactive|Terminator7006 has 15 seconds left.
|
|t:|1750746552
|switch|p2b: Kyogre|Kyogre, L50|100/100
|-weather|RainDance|[from] ability: Drizzle|[of] p2b: Kyogre
|-terastallize|p2a: Lunala|Fairy
|move|p1a: Volcarona|Struggle Bug|p2a: Lunala|[spread] p2a,p2b
|-resisted|p2a: Lunala
|-damage|p2a: Lunala|98/100
|-damage|p2b: Kyogre|90/100
|-unboost|p2a: Lunala|spa|1
|-unboost|p2b: Kyogre|spa|1
|move|p1b: Lunala|Meteor Beam||[still]
|-prepare|p1b: Lunala|Meteor Beam
|-boost|p1b: Lunala|spa|1
|-enditem|p1b: Lunala|Power Herb
|-anim|p1b: Lunala|Meteor Beam|p2b: Kyogre
|-damage|p2b: Kyogre|46/100
|move|p2a: Lunala|Trick Room|p2a: Lunala
|-fieldstart|move: Trick Room|[of] p2a: Lunala
|
|-weather|RainDance|[upkeep]
|upkeep
|turn|2
|
|t:|1750746577
|-terastallize|p1b: Lunala|Fairy
|move|p2b: Kyogre|Hydro Pump|p1b: Lunala
|-damage|p1b: Lunala|77/100
|move|p2a: Lunala|Meteor Beam||[still]
|-prepare|p2a: Lunala|Meteor Beam
|-boost|p2a: Lunala|spa|1
|-enditem|p2a: Lunala|Power Herb
|-anim|p2a: Lunala|Meteor Beam|p1a: Volcarona
|-supereffective|p1a: Volcarona
|-damage|p1a: Volcarona|0 fnt
|faint|p1a: Volcarona
|move|p1b: Lunala|Moongeist Beam|p2b: Kyogre
|-damage|p2b: Kyogre|0 fnt
|faint|p2b: Kyogre
|
|-weather|RainDance|[upkeep]
|upkeep
|
|t:|1750746588
|switch|p2b: Kommo-o|Kommo-o, L50, M|100/100
|switch|p1a: Zamazenta|Zamazenta-Crowned, L50|100/100
|-ability|p1a: Zamazenta|Dauntless Shield|boost
|-boost|p1a: Zamazenta|def|1
|turn|3
|
|t:|1750746612
|switch|p2a: Incineroar|Incineroar, L50, M, shiny|100/100
|-ability|p2a: Incineroar|Intimidate|boost
|-unboost|p1a: Zamazenta|atk|1
|-unboost|p1b: Lunala|atk|1
|move|p2b: Kommo-o|Flash Cannon|p1b: Lunala
|-supereffective|p1b: Lunala
|-damage|p1b: Lunala|30/100
|-damage|p2b: Kommo-o|90/100|[from] item: Life Orb
|move|p1b: Lunala|Moongeist Beam|p2b: Kommo-o
|-damage|p2b: Kommo-o|0 fnt
|faint|p2b: Kommo-o
|move|p1a: Zamazenta|Body Press|p2a: Incineroar
|-supereffective|p2a: Incineroar
|-damage|p2a: Incineroar|0 fnt
|faint|p2a: Incineroar
|
|-weather|RainDance|[upkeep]
|upkeep
|
|t:|1750746625
|switch|p2b: Lunala|Lunala, L50, shiny, tera:Fairy|98/100
|turn|4
|
|t:|1750746631
|move|p2b: Lunala|Moongeist Beam|p1b: Lunala
|-damage|p1b: Lunala|0 fnt
|faint|p1b: Lunala
|move|p1a: Zamazenta|Heavy Slam|p2b: Lunala
|-supereffective|p2b: Lunala
|-damage|p2b: Lunala|42/100
|
|-weather|RainDance|[upkeep]
|upkeep
|
|t:|1750746640
|switch|p1b: Chien-Pao|Chien-Pao, L50|100/100
|-ability|p1b: Chien-Pao|Sword of Ruin
|turn|5
|
|t:|1750746645
|move|p2b: Lunala|Moonblast|p1b: Chien-Pao
|-supereffective|p1b: Chien-Pao
|-enditem|p1b: Chien-Pao|Focus Sash
|-damage|p1b: Chien-Pao|1/100
|move|p1a: Zamazenta|Heavy Slam|p2b: Lunala
|-supereffective|p2b: Lunala
|-damage|p2b: Lunala|0 fnt
|faint|p2b: Lunala
|
|win|Jmariowo
|raw|Jmariowo's rating: 1478 &rarr; <strong>1499</strong><br />(+21 for winning)
|raw|Terminator7006's rating: 1489 &rarr; <strong>1468</strong><br />(-21 for losing)
|l| ZodiacSheep
|l|☆Jmariowo
|player|p1|
|l|☆Terminator7006
|player|p2|
