|j|☆NeodymeBE09
|j|☆Adam2E
|t:|1750776612
|gametype|doubles
|player|p1|NeodymeBE09|hilda-masters2|1398
|player|p2|Adam2E|170|1390
|teamsize|p1|6
|teamsize|p2|6
|gen|9
|tier|[Gen 9] VGC 2025 Reg I
|rated|
|rule|Species Clause: Limit one of each Pokémon
|rule|Item Clause: Limit 1 of each item
|clearpoke
|poke|p1|Miraidon, L50|
|poke|p1|Calyrex-Ice, L50|
|poke|p1|Incineroar, L50, F|
|poke|p1|Landorus, L50, M|
|poke|p1|Urshifu-*, L50, F|
|poke|p1|Farigiraf, L50, M|
|poke|p2|Calyrex-Shadow, L50|
|poke|p2|Koraidon, L50|
|poke|p2|Garganacl, L50, M|
|poke|p2|Rillaboom, L50, F|
|poke|p2|Incineroar, L50, M|
|poke|p2|Urshifu-*, L50, M|
|teampreview|4
|inactive|Battle timer is ON: inactive players will automatically lose when time's up. (requested by Adam2E)
|
|t:|1750776676
|start
|switch|p1a: Incineroar|Incineroar, L50, F, shiny|100/100
|switch|p1b: Calyrex|Calyrex-Ice, L50|100/100
|switch|p2a: Calyrex|Calyrex-Shadow, L50|100/100
|switch|p2b: Garganacl|Garganacl, L50, M|100/100
|-ability|p2a: Calyrex|As One
|-ability|p2a: Calyrex|Unnerve
|-ability|p1b: Calyrex|As One
|-ability|p1b: Calyrex|Unnerve
|-ability|p1a: Incineroar|Intimidate|boost
|-unboost|p2a: Calyrex|atk|1
|-unboost|p2b: Garganacl|atk|1
|turn|1
|
|t:|1750776692
|switch|p1b: Farigiraf|Farigiraf, L50, M, shiny|100/100
|switch|p2b: Incineroar|Incineroar, L50, M|100/100
|-ability|p2b: Incineroar|Intimidate|boost
|-unboost|p1a: Incineroar|atk|1
|-unboost|p1b: Farigiraf|atk|1
|move|p2a: Calyrex|Astral Barrage|p1a: Incineroar|[spread] p1a
|-immune|p1b: Farigiraf
|-resisted|p1a: Incineroar
|-damage|p1a: Incineroar|83/100
|move|p1a: Incineroar|Knock Off|p2a: Calyrex
|-supereffective|p2a: Calyrex
|-enditem|p2a: Calyrex|Focus Sash
|-damage|p2a: Calyrex|1/100
|
|upkeep
|turn|2
|
|t:|1750776716
|move|p2a: Calyrex|Dark Pulse|p1b: Farigiraf
|-supereffective|p1b: Farigiraf
|-damage|p1b: Farigiraf|34/100
|move|p1a: Incineroar|U-turn|p2a: Calyrex
|-damage|p2a: Calyrex|0 fnt
|faint|p2a: Calyrex
|
|t:|1750776727
|switch|p1a: Calyrex|Calyrex-Ice, L50|100/100|[from] U-turn
|-ability|p1a: Calyrex|As One
|-ability|p1a: Calyrex|Unnerve
|move|p2b: Incineroar|Parting Shot|p1a: Calyrex
|-unboost|p1a: Calyrex|atk|1
|-unboost|p1a: Calyrex|spa|1
|
|t:|1750776736
|switch|p2b: Garganacl|Garganacl, L50, M|100/100|[from] Parting Shot
|move|p1b: Farigiraf|Trick Room|p1b: Farigiraf
|-fieldstart|move: Trick Room|[of] p1b: Farigiraf
|
|upkeep
|
|t:|1750776738
|switch|p2a: Incineroar|Incineroar, L50, M|100/100
|-ability|p2a: Incineroar|Intimidate|boost
|-unboost|p1a: Calyrex|atk|1
|-unboost|p1b: Farigiraf|atk|1
|turn|3
|
|t:|1750776751
|switch|p1a: Incineroar|Incineroar, L50, F, shiny|83/100
|-ability|p1a: Incineroar|Intimidate|boost
|-unboost|p2a: Incineroar|atk|1
|-unboost|p2b: Garganacl|atk|1
|move|p2b: Garganacl|Iron Defense|p2b: Garganacl
|-boost|p2b: Garganacl|def|2
|move|p2a: Incineroar|Knock Off|p1b: Farigiraf
|-supereffective|p1b: Farigiraf
|-damage|p1b: Farigiraf|0 fnt
|-enditem|p1b: Farigiraf|Electric Seed|[from] move: Knock Off|[of] p2a: Incineroar
|faint|p1b: Farigiraf
|
|upkeep
|
|t:|1750776761
|switch|p1b: Calyrex|Calyrex-Ice, L50|100/100
|-ability|p1b: Calyrex|As One
|-ability|p1b: Calyrex|Unnerve
|turn|4
|
|t:|1750776777
|move|p1a: Incineroar|Fake Out|p2a: Incineroar
|-damage|p2a: Incineroar|90/100
|move|p2b: Garganacl|Salt Cure|p1b: Calyrex
|-supereffective|p1b: Calyrex
|-damage|p1b: Calyrex|89/100
|-start|p1b: Calyrex|Salt Cure
|move|p1b: Calyrex|Leech Seed|p2b: Garganacl
|-start|p2b: Garganacl|move: Leech Seed
|cant|p2a: Incineroar|flinch
|
|-heal|p1b: Calyrex|95/100|[from] item: Leftovers
|-damage|p2b: Garganacl|88/100|[from] Leech Seed|[of] p1b: Calyrex
|-heal|p1b: Calyrex|100/100|[silent]
|-damage|p1b: Calyrex|88/100|[from] Salt Cure
|upkeep
|turn|5
|inactive|NeodymeBE09 has 30 seconds left.
|
|t:|1750776803
|-terastallize|p1b: Calyrex|Water
|move|p2b: Garganacl|Iron Defense|p2b: Garganacl
|-boost|p2b: Garganacl|def|2
|move|p1b: Calyrex|Glacial Lance|p2b: Garganacl|[spread] p2a,p2b
|-resisted|p2a: Incineroar
|-damage|p2a: Incineroar|69/100
|-damage|p2b: Garganacl|75/100
|move|p2a: Incineroar|Knock Off|p1b: Calyrex
|-damage|p1b: Calyrex|72/100
|-enditem|p1b: Calyrex|Leftovers|[from] move: Knock Off|[of] p2a: Incineroar
|move|p1a: Incineroar|Knock Off|p2b: Garganacl
|-damage|p2b: Garganacl|63/100
|-enditem|p2b: Garganacl|Leftovers|[from] move: Knock Off|[of] p1a: Incineroar
|
|-damage|p2b: Garganacl|51/100|[from] Leech Seed|[of] p1b: Calyrex
|-heal|p1b: Calyrex|85/100|[silent]
|-damage|p1b: Calyrex|60/100|[from] Salt Cure
|upkeep
|turn|6
|
|t:|1750776826
|move|p2b: Garganacl|Body Press|p1b: Calyrex
|-damage|p1b: Calyrex|18/100
|move|p1b: Calyrex|Leech Seed|p2a: Incineroar|[miss]
|-miss|p1b: Calyrex|p2a: Incineroar
|move|p2a: Incineroar|Parting Shot|p1b: Calyrex
|-unboost|p1b: Calyrex|atk|1
|-unboost|p1b: Calyrex|spa|1
|
|t:|1750776833
|switch|p2a: Rillaboom|Rillaboom, L50, F|100/100|[from] Parting Shot
|-fieldstart|move: Grassy Terrain|[from] ability: Grassy Surge|[of] p2a: Rillaboom
|move|p1a: Incineroar|U-turn|p2a: Rillaboom
|-supereffective|p2a: Rillaboom
|-damage|p2a: Rillaboom|58/100
|
|t:|1750776840
|switch|p1a: Miraidon|Miraidon, L50|100/100|[from] U-turn
|-fieldstart|move: Electric Terrain|[from] ability: Hadron Engine|[of] p1a: Miraidon
|
|-damage|p2b: Garganacl|39/100|[from] Leech Seed|[of] p1b: Calyrex
|-heal|p1b: Calyrex|30/100|[silent]
|-damage|p1b: Calyrex|5/100|[from] Salt Cure
|-fieldend|move: Trick Room
|upkeep
|turn|7
|inactive|NeodymeBE09 has 30 seconds left.
|
|t:|1750776867
|switch|p1b: Incineroar|Incineroar, L50, F, shiny|83/100
|-ability|p1b: Incineroar|Intimidate|boost
|-unboost|p2a: Rillaboom|atk|1
|-unboost|p2b: Garganacl|atk|1
|move|p2a: Rillaboom|Fake Out|p1a: Miraidon
|-damage|p1a: Miraidon|91/100
|cant|p1a: Miraidon|flinch
|move|p2b: Garganacl|Recover|p2b: Garganacl
|-heal|p2b: Garganacl|89/100
|
|-damage|p2b: Garganacl|77/100|[from] Leech Seed|[of] p1b: Incineroar
|-heal|p1b: Incineroar|95/100|[silent]
|upkeep
|turn|8
|inactive|NeodymeBE09 has 30 seconds left.
|
|t:|1750776894
|switch|p2a: Incineroar|Incineroar, L50, M|69/100
|-ability|p2a: Incineroar|Intimidate|boost
|-unboost|p1a: Miraidon|atk|1
|-unboost|p1b: Incineroar|atk|1
|move|p1b: Incineroar|Fake Out|p2b: Garganacl
|-resisted|p2b: Garganacl
|-damage|p2b: Garganacl|76/100
|move|p1a: Miraidon|Dazzling Gleam|p2b: Garganacl|[spread] p2a,p2b
|-damage|p2a: Incineroar|36/100
|-damage|p2b: Garganacl|49/100
|cant|p2b: Garganacl|flinch
|
|-damage|p2b: Garganacl|37/100|[from] Leech Seed|[of] p1b: Incineroar
|-heal|p1b: Incineroar|100/100|[silent]
|upkeep
|turn|9
|inactive|NeodymeBE09 has 30 seconds left.
|
|t:|1750776925
|move|p2a: Incineroar|Fake Out|p1a: Miraidon
|-damage|p1a: Miraidon|80/100
|cant|p1a: Miraidon|flinch
|move|p1b: Incineroar|Knock Off|p2a: Incineroar
|-resisted|p2a: Incineroar
|-damage|p2a: Incineroar|22/100
|-enditem|p2a: Incineroar|Safety Goggles|[from] move: Knock Off|[of] p1b: Incineroar
|move|p2b: Garganacl|Body Press|p1b: Incineroar
|-supereffective|p1b: Incineroar
|-damage|p1b: Incineroar|0 fnt
|faint|p1b: Incineroar
|
|upkeep
|
|t:|1750776935
|switch|p1b: Calyrex|Calyrex-Ice, L50, tera:Water|5/100
|-ability|p1b: Calyrex|As One
|-ability|p1b: Calyrex|Unnerve
|turn|10
|
|t:|1750776952
|move|p1a: Miraidon|Dazzling Gleam|p2b: Garganacl|[spread] p2a,p2b
|-damage|p2a: Incineroar|0 fnt
|-damage|p2b: Garganacl|8/100
|faint|p2a: Incineroar
|move|p2b: Garganacl|Body Press|p1a: Miraidon
|-crit|p1a: Miraidon
|-damage|p1a: Miraidon|0 fnt
|faint|p1a: Miraidon
|move|p1b: Calyrex|Trick Room|p1b: Calyrex
|-fieldstart|move: Trick Room|[of] p1b: Calyrex
|
|-damage|p2b: Garganacl|0 fnt|[from] Leech Seed|[of] p1b: Calyrex
|-heal|p1b: Calyrex|13/100|[silent]
|faint|p2b: Garganacl
|-fieldend|move: Electric Terrain
|upkeep
|
|t:|1750776958
|switch|p2b: Rillaboom|Rillaboom, L50, F|58/100
|-fieldstart|move: Grassy Terrain|[from] ability: Grassy Surge|[of] p2b: Rillaboom
|turn|11
|
|t:|1750776970
|move|p1b: Calyrex|Protect|p1b: Calyrex
|-singleturn|p1b: Calyrex|Protect
|move|p2b: Rillaboom|Fake Out|p1b: Calyrex
|-activate|p1b: Calyrex|move: Protect
|
|-heal|p1b: Calyrex|18/100|[from] Grassy Terrain
|-heal|p2b: Rillaboom|64/100|[from] Grassy Terrain
|upkeep
|turn|12
|
|t:|1750776977
|-terastallize|p2b: Rillaboom|Fire
|move|p1b: Calyrex|Glacial Lance|p2b: Rillaboom
|-resisted|p2b: Rillaboom
|-damage|p2b: Rillaboom|32/100
|move|p2b: Rillaboom|Wood Hammer|p1b: Calyrex
|-supereffective|p1b: Calyrex
|-damage|p1b: Calyrex|0 fnt
|faint|p1b: Calyrex
|-damage|p2b: Rillaboom|26/100|[from] Recoil
|
|win|Adam2E
|raw|NeodymeBE09's rating: 1398 &rarr; <strong>1378</strong><br />(-20 for losing)
|raw|Adam2E's rating: 1390 &rarr; <strong>1410</strong><br />(+20 for winning)
|l|☆NeodymeBE09
|player|p1|
|l|☆Adam2E
|player|p2|
