|j|☆unitz_afm
|j|☆RetroDude42YT
|html|<table width="100%"><tr><td align="left">unitz_afm</td><td align="right">RetroDude42YT</tr><tr><td align="left"><i class="fa fa-circle-o"></i> <i class="fa fa-circle-o"></i> </td><td align="right"><i class="fa fa-circle-o"></i> <i class="fa fa-circle-o"></i> </tr></table>
|uhtml|bestof|<h2><strong>Game 1</strong> of <a href="/game-bestof3-gen9vgc2025regi-2391570917">a best-of-3</a></h2>
|t:|1750871314
|gametype|doubles
|player|p1|unitz_afm|shelly|
|player|p2|RetroDude42YT|hilbert|
|teamsize|p1|6
|teamsize|p2|6
|gen|9
|tier|[Gen 9] VGC 2025 Reg I
|rule|Species Clause: Limit one of each Pokémon
|rule|Item Clause: Limit 1 of each item
|rule|Terastal Clause: You cannot Terastallize
|raw|<div class="infobox"><details class="readmore"><summary><strong>51 custom rules:</strong></summary> Terastal Clause, -All Pokemon, +Unobtainable, +Past, !!Min Source Gen = 1, bestof=3, -ND Uber, -ND AG, -ND OU, -ND UUBL, -ND UU, -ND RUBL, -ND RU, -ND NFE, -ND LC, +Tyranitar-Base, +Masquerain, +Electrode-Base, +Arctozolt, +Honchkrow, +Mienshao, +Simisage, +Luvdisc, +Quaquaval, +Toedscruel, +Grapploct, +Slowking-Base, +Smeargle, +Tangrowth, +Furfrou, +Rabsca, +Drakloak, +Mimikyu-Base, +Uxie, +Primeape, +Purugly, +Orbeetle, +Glimmora, +Klawf, +Archeops, +Espeon, +Arbok, +Dugtrio-Alola, +Slowking-Galar, +Ditto, +Bruxish, +Escavalier, +Simipour, +Calyrex-Base, +Lunatone, -Tyranitarite</details></div>
|clearpoke
|poke|p1|Slowking-Galar, L50, M|
|poke|p1|Mienshao, L50, F|
|poke|p1|Arctozolt, L50|
|poke|p1|Escavalier, L50, M|
|poke|p1|Tyranitar, L50, F|
|poke|p1|Ditto, L50|
|poke|p2|Smeargle, L50, M|
|poke|p2|Toedscruel, L50, F|
|poke|p2|Glimmora, L50, F|
|poke|p2|Tyranitar, L50, F|
|poke|p2|Dugtrio-Alola, L50, F|
|poke|p2|Mienshao, L50, F|
|teampreview|4
RetroDude42YT has agreed to open team sheets.
unitz_afm has agreed to open team sheets.
|showteam|p1|Slowking-Galar||ColburBerry|Regenerator|ChillyReception,TrickRoom,SludgeWave,Protect|||M|||50|]Mienshao||FocusSash|InnerFocus|FakeOut,Coaching,CloseCombat,Taunt|||F|||50|]Arctozolt||SafetyGoggles|SlushRush|LowKick,Blizzard,BoltBeak,Protect||||||50|]Escavalier||LifeOrb|Overcoat|Taunt,IronHead,Megahorn,Protect|||M|||50|]Tyranitar||ChopleBerry|Unnerve|Earthquake,Protect,FireBlast,KnockOff|||F|||50|]Ditto||RedCard|Imposter|Transform||||||50|
|showteam|p2|Smeargle||FocusSash|Moody|FakeOut,FollowMe,Decorate,SpikyShield|||M|||50|]Toedscruel||CovertCloak|MyceliumMight|EarthPower,GigaDrain,Spore,RagePowder|||F|||50|]Glimmora||PowerHerb|ToxicDebris|MeteorBeam,DazzlingGleam,SludgeBomb,SpikyShield|||F|||50|]Tyranitar||AssaultVest|SandStream|RockSlide,KnockOff,LowKick,HighHorsepower|||F|||50|]Dugtrio-Alola||LifeOrb|SandForce|IronHead,HighHorsepower,RockSlide,Protect|||F|||50|]Mienshao||SafetyGoggles|InnerFocus|FakeOut,CloseCombat,TripleAxel,Uturn|||F|||50|
|c|☆RetroDude42YT|Glhf!
|c|☆unitz_afm|u2
|
|t:|1750871435
|start
|switch|p1a: Slowking|Slowking-Galar, L50, M|100/100
|switch|p1b: Mienshao|Mienshao, L50, F|100/100
|switch|p2a: Toedscruel|Toedscruel, L50, F|100/100
|switch|p2b: Mienshao|Mienshao, L50, F|100/100
|turn|1
|j| TheRealWhimsicott
|c| TheRealWhimsicott|i hope the mienshao wins (im so funny)
|
|t:|1750871494
|move|p2b: Mienshao|Fake Out|p1a: Slowking
|-damage|p1a: Slowking|90/100
|move|p1b: Mienshao|Taunt|p2a: Toedscruel
|-start|p2a: Toedscruel|move: Taunt
|move|p2a: Toedscruel|Earth Power|p1a: Slowking
|-supereffective|p1a: Slowking
|-damage|p1a: Slowking|36/100
|-prepare|p1a: Slowking|Chilly Reception|[premajor]
|cant|p1a: Slowking|flinch
|
|upkeep
|turn|2
|
|t:|1750871515
|move|p1a: Slowking|Protect|p1a: Slowking
|-singleturn|p1a: Slowking|Protect
|move|p2b: Mienshao|U-turn|p1b: Mienshao
|-resisted|p1b: Mienshao
|-damage|p1b: Mienshao|77/100
|
|t:|1750871524
|switch|p2b: Glimmora|Glimmora, L50, F|100/100|[from] U-turn
|move|p1b: Mienshao|Close Combat|p2b: Glimmora
|-damage|p2b: Glimmora|30/100
|-unboost|p1b: Mienshao|def|1
|-unboost|p1b: Mienshao|spd|1
|-activate|p2b: Glimmora|ability: Toxic Debris
|-sidestart|p1: unitz_afm|move: Toxic Spikes
|move|p2a: Toedscruel|Earth Power|p1a: Slowking
|-activate|p1a: Slowking|move: Protect
|
|upkeep
|turn|3
|
|t:|1750871551
|switch|p1a: Ditto|Ditto, L50|100/100
|-status|p1a: Ditto|psn
|-transform|p1a: Ditto|p2b: Glimmora|[from] ability: Imposter
|move|p2b: Glimmora|Spiky Shield|p2b: Glimmora
|-singleturn|p2b: Glimmora|move: Protect
|move|p1b: Mienshao|Close Combat|p2a: Toedscruel
|-damage|p2a: Toedscruel|1/100
|-unboost|p1b: Mienshao|def|1
|-unboost|p1b: Mienshao|spd|1
|move|p2a: Toedscruel|Earth Power|p1a: Ditto
|-supereffective|p1a: Ditto
|-damage|p1a: Ditto|0 fnt
|faint|p1a: Ditto
|
|-end|p2a: Toedscruel|move: Taunt
|upkeep
|
|t:|1750871564
|switch|p1a: Slowking|Slowking-Galar, L50, M|69/100
|-sideend|p1: unitz_afm|move: Toxic Spikes|[of] p1a: Slowking
|turn|4
|
|t:|1750871624
|move|p2a: Toedscruel|Rage Powder|p2a: Toedscruel
|-singleturn|p2a: Toedscruel|move: Rage Powder
|move|p1b: Mienshao|Close Combat|p2a: Toedscruel
|-damage|p2a: Toedscruel|0 fnt
|-unboost|p1b: Mienshao|def|1
|-unboost|p1b: Mienshao|spd|1
|faint|p2a: Toedscruel
|move|p2b: Glimmora|Meteor Beam||[still]
|-prepare|p2b: Glimmora|Meteor Beam
|-boost|p2b: Glimmora|spa|1
|-enditem|p2b: Glimmora|Power Herb
|-anim|p2b: Glimmora|Meteor Beam|p1b: Mienshao
|-resisted|p1b: Mienshao
|-damage|p1b: Mienshao|0 fnt
|faint|p1b: Mienshao
|-prepare|p1a: Slowking|Chilly Reception|[premajor]
|move|p1a: Slowking|Chilly Reception|p1a: Slowking
|-weather|Snowscape
|
|t:|1750871629
|switch|p1a: Arctozolt|Arctozolt, L50|100/100|[from] Chilly Reception
|
|-weather|Snowscape|[upkeep]
|upkeep
|
|t:|1750871643
|switch|p1b: Slowking|Slowking-Galar, L50, M|100/100
|switch|p2a: Mienshao|Mienshao, L50, F|100/100
|turn|5
|
|t:|1750871656
|move|p1a: Arctozolt|Protect|p1a: Arctozolt
|-singleturn|p1a: Arctozolt|Protect
|move|p1b: Slowking|Protect|p1b: Slowking
|-singleturn|p1b: Slowking|Protect
|move|p2a: Mienshao|Fake Out|p1a: Arctozolt
|-activate|p1a: Arctozolt|move: Protect
|move|p2b: Glimmora|Dazzling Gleam|p1a: Arctozolt|[spread] 
|-activate|p1a: Arctozolt|move: Protect
|-activate|p1b: Slowking|move: Protect
|
|-weather|Snowscape|[upkeep]
|upkeep
|turn|6
|
|t:|1750871678
|move|p1a: Arctozolt|Bolt Beak|p2a: Mienshao
|-damage|p2a: Mienshao|0 fnt
|faint|p2a: Mienshao
|move|p2b: Glimmora|Sludge Bomb|p1a: Arctozolt
|-damage|p1a: Arctozolt|0 fnt
|faint|p1a: Arctozolt
|move|p1b: Slowking|Sludge Wave|p2b: Glimmora
|-resisted|p2b: Glimmora
|-damage|p2b: Glimmora|18/100
|
|-weather|Snowscape|[upkeep]
|upkeep
|
|t:|1750871688
|switch|p2a: Dugtrio|Dugtrio-Alola, L50, F|100/100
|turn|7
|
|t:|1750871707
|move|p2a: Dugtrio|High Horsepower|p1b: Slowking
|-supereffective|p1b: Slowking
|-damage|p1b: Slowking|26/100
|-damage|p2a: Dugtrio|90/100|[from] item: Life Orb
|move|p2b: Glimmora|Sludge Bomb|p1b: Slowking
|-resisted|p1b: Slowking
|-damage|p1b: Slowking|0 fnt
|faint|p1b: Slowking
|
|win|RetroDude42YT
||unitz_afm is ready for game 2.
|c|☆RetroDude42YT|gg
||RetroDude42YT is ready for game 2.
|uhtml|next|Next: <a href="/battle-gen9vgc2025regi-2391574703"><strong>Game 2 of 3</strong></a>
