|j|☆Eatinny
|j|☆ArticMoney
|t:|1750864417
|gametype|doubles
|player|p1|Eatinny|101|1055
|player|p2|ArticMoney|hugh|1068
|teamsize|p1|6
|teamsize|p2|6
|gen|9
|tier|[Gen 9] VGC 2025 Reg I
|rated|
|rule|Species Clause: Limit one of each Pokémon
|rule|Item Clause: Limit 1 of each item
|clearpoke
|poke|p1|Clefairy, L50, F|
|poke|p1|Calyrex-Shadow, L50|
|poke|p1|Miraidon, L50|
|poke|p1|Urshifu-*, L50, M|
|poke|p1|Indeedee-F, L50, F|
|poke|p1|Incineroar, L50, M|
|poke|p2|Staraptor, L50, F|
|poke|p2|Raichu, L50, F|
|poke|p2|Enamorus, L50, F|
|poke|p2|Flygon, L50, F|
|poke|p2|Scrafty, L50, F|
|poke|p2|Amoonguss, L50, M|
|teampreview|4
|
|t:|1750864434
|start
|switch|p1a: Clefairy|Clefairy, L50, F|100/100
|switch|p1b: Calyrex|Calyrex-Shadow, L50|100/100
|switch|p2a: Raichu|Raichu, L50, F|100/100
|switch|p2b: Staraptor|Staraptor, L50, F|100/100
|-ability|p1b: Calyrex|As One
|-ability|p1b: Calyrex|Unnerve
|-ability|p2b: Staraptor|Intimidate|boost
|-unboost|p1a: Clefairy|atk|1
|-unboost|p1b: Calyrex|atk|1
|turn|1
|
|t:|1750864469
|move|p1a: Clefairy|Follow Me|p1a: Clefairy
|-singleturn|p1a: Clefairy|move: Follow Me
|move|p2b: Staraptor|Brave Bird|p1a: Clefairy
|-damage|p1a: Clefairy|58/100
|-damage|p2b: Staraptor|87/100|[from] Recoil
|move|p1b: Calyrex|Astral Barrage|p2a: Raichu|[spread] p2a
|-immune|p2b: Staraptor
|-damage|p2a: Raichu|23/100
|move|p2a: Raichu|Electroweb|p1a: Clefairy|[spread] p1a,p1b
|-damage|p1a: Clefairy|49/100
|-damage|p1b: Calyrex|93/100
|-unboost|p1a: Clefairy|spe|1
|-unboost|p1b: Calyrex|spe|1
|
|-heal|p1b: Calyrex|99/100|[from] item: Leftovers
|upkeep
|turn|2
|
|t:|1750864501
|-terastallize|p1b: Calyrex|Fairy
|move|p1a: Clefairy|Helping Hand|p1b: Calyrex
|-singleturn|p1b: Calyrex|Helping Hand|[of] p1a: Clefairy
|move|p2b: Staraptor|Brave Bird|p1a: Clefairy
|-damage|p1a: Clefairy|6/100
|-damage|p2b: Staraptor|74/100|[from] Recoil
|move|p2a: Raichu|Eerie Impulse|p1b: Calyrex
|-unboost|p1b: Calyrex|spa|2
|move|p1b: Calyrex|Draining Kiss|p2b: Staraptor
|-damage|p2b: Staraptor|44/100
|-heal|p1b: Calyrex|100/100|[from] drain|[of] p2b: Staraptor
|
|upkeep
|turn|3
|
|t:|1750864522
|move|p1a: Clefairy|Follow Me|p1a: Clefairy
|-singleturn|p1a: Clefairy|move: Follow Me
|move|p2b: Staraptor|Brave Bird|p1a: Clefairy
|-damage|p1a: Clefairy|0 fnt
|faint|p1a: Clefairy
|-damage|p2b: Staraptor|43/100|[from] Recoil
|move|p2a: Raichu|Electroweb|p1b: Calyrex
|-damage|p1b: Calyrex|86/100
|-unboost|p1b: Calyrex|spe|1
|move|p1b: Calyrex|Nasty Plot|p1b: Calyrex
|-boost|p1b: Calyrex|spa|2
|
|-heal|p1b: Calyrex|92/100|[from] item: Leftovers
|upkeep
|
|t:|1750864540
|switch|p1a: Miraidon|Miraidon, L50|100/100
|-fieldstart|move: Electric Terrain|[from] ability: Hadron Engine|[of] p1a: Miraidon
|turn|4
|
|t:|1750864559
|move|p2b: Staraptor|Brave Bird|p1b: Calyrex
|-damage|p1b: Calyrex|39/100
|-damage|p2b: Staraptor|25/100|[from] Recoil
|move|p2a: Raichu|Eerie Impulse|p1a: Miraidon
|-unboost|p1a: Miraidon|spa|2
|move|p1a: Miraidon|Electro Drift|p2a: Raichu
|-activate|p2a: Raichu|ability: Lightning Rod
|-ability|p2a: Raichu|Lightning Rod|boost
|-boost|p2a: Raichu|spa|1
|move|p1b: Calyrex|Nasty Plot|p1b: Calyrex
|-boost|p1b: Calyrex|spa|2
|
|-heal|p1b: Calyrex|45/100|[from] item: Leftovers
|upkeep
|turn|5
|
|t:|1750864596
|move|p1b: Calyrex|Protect|p1b: Calyrex
|-singleturn|p1b: Calyrex|Protect
|move|p2b: Staraptor|Brave Bird|p1b: Calyrex
|-activate|p1b: Calyrex|move: Protect
|move|p2a: Raichu|Eerie Impulse|p1b: Calyrex
|-activate|p1b: Calyrex|move: Protect
|move|p1a: Miraidon|Dazzling Gleam|p2b: Staraptor|[spread] p2a,p2b
|-damage|p2a: Raichu|0 fnt
|-damage|p2b: Staraptor|6/100
|faint|p2a: Raichu
|
|-heal|p1b: Calyrex|50/100|[from] item: Leftovers
|upkeep
|
|t:|1750864608
|switch|p2a: Enamorus|Enamorus, L50, F|100/100
|turn|6
|
|t:|1750864627
|move|p2b: Staraptor|Brave Bird|p1b: Calyrex
|-damage|p1b: Calyrex|1/100
|-damage|p2b: Staraptor|0 fnt|[from] Recoil
|faint|p2b: Staraptor
|move|p1a: Miraidon|Dazzling Gleam|p2a: Enamorus
|-damage|p2a: Enamorus|71/100
|move|p2a: Enamorus|Moonblast|p1a: Miraidon
|-supereffective|p1a: Miraidon
|-damage|p1a: Miraidon|0 fnt
|faint|p1a: Miraidon
|-damage|p2a: Enamorus|62/100|[from] item: Life Orb
|move|p1b: Calyrex|Astral Barrage|p2a: Enamorus
|-damage|p2a: Enamorus|0 fnt
|faint|p2a: Enamorus
|-ability|p1b: Calyrex|Grim Neigh|boost
|-boost|p1b: Calyrex|spa|1
|
|-heal|p1b: Calyrex|7/100|[from] item: Leftovers
|upkeep
|
|t:|1750864649
|switch|p1a: Urshifu|Urshifu-Rapid-Strike, L50, M|100/100
|switch|p2b: Amoonguss|Amoonguss, L50, M|100/100
|turn|7
|
|t:|1750864662
|move|p1b: Calyrex|Protect|p1b: Calyrex
|-singleturn|p1b: Calyrex|Protect
|move|p1a: Urshifu|Close Combat|p2b: Amoonguss
|-resisted|p2b: Amoonguss
|-damage|p2b: Amoonguss|76/100
|-unboost|p1a: Urshifu|def|1
|-unboost|p1a: Urshifu|spd|1
|-status|p1a: Urshifu|par|[from] ability: Effect Spore|[of] p2b: Amoonguss
|move|p2b: Amoonguss|Synthesis|p2b: Amoonguss
|-heal|p2b: Amoonguss|100/100
|
|-heal|p1b: Calyrex|13/100|[from] item: Leftovers
|upkeep
|turn|8
|
|t:|1750864693
|move|p1a: Urshifu|Detect|p1a: Urshifu
|-singleturn|p1a: Urshifu|Protect
|move|p1b: Calyrex|Draining Kiss|p2b: Amoonguss
|-resisted|p2b: Amoonguss
|-damage|p2b: Amoonguss|58/100
|-heal|p1b: Calyrex|50/100|[from] drain|[of] p2b: Amoonguss
|move|p2b: Amoonguss|Clear Smog|p1b: Calyrex
|-supereffective|p1b: Calyrex
|-damage|p1b: Calyrex|20/100
|-clearboost|p1b: Calyrex
|
|-heal|p1b: Calyrex|26/100|[from] item: Leftovers
|-heal|p2b: Amoonguss|64/100|[from] item: Black Sludge
|-fieldend|move: Electric Terrain
|upkeep
|turn|9
|
|t:|1750864719
|move|p1b: Calyrex|Protect|p1b: Calyrex
|-singleturn|p1b: Calyrex|Protect
|move|p1a: Urshifu|Poison Jab|p2b: Amoonguss
|-damage|p2b: Amoonguss|42/100
|move|p2b: Amoonguss|Synthesis|p2b: Amoonguss
|-heal|p2b: Amoonguss|91/100
|
|-heal|p1b: Calyrex|32/100|[from] item: Leftovers
|-heal|p2b: Amoonguss|97/100|[from] item: Black Sludge
|upkeep
|turn|10
|
|t:|1750864741
|move|p1b: Calyrex|Astral Barrage|p2b: Amoonguss
|-crit|p2b: Amoonguss
|-damage|p2b: Amoonguss|4/100
|move|p1a: Urshifu|Surging Strikes|p2b: Amoonguss
|-resisted|p2b: Amoonguss
|-crit|p2b: Amoonguss
|-damage|p2b: Amoonguss|0 fnt
|faint|p2b: Amoonguss
|-hitcount|p2: Amoonguss|1
|
|win|Eatinny
|raw|Eatinny's rating: 1055 &rarr; <strong>1088</strong><br />(+33 for winning)
|raw|ArticMoney's rating: 1068 &rarr; <strong>1047</strong><br />(-21 for losing)
|l|☆ArticMoney
|player|p2|
|l|☆Eatinny
|player|p1|
