|j|☆bryght
|j|☆InekoAki
|t:|1750831493
|gametype|doubles
|player|p1|bryght|scientist-gen4|1556
|player|p2|InekoAki|lady|1593
|teamsize|p1|6
|teamsize|p2|6
|gen|9
|tier|[Gen 9] VGC 2025 Reg I
|rated|
|rule|Species Clause: Limit one of each Pokémon
|rule|Item Clause: Limit 1 of each item
|clearpoke
|poke|p1|Calyrex-Shadow, L50|
|poke|p1|Zamazenta-*, L50|
|poke|p1|Incineroar, L50, F|
|poke|p1|Rillaboom, L50, M|
|poke|p1|Ogerpon-Hearthflame, L50, F|
|poke|p1|Raging Bolt, L50|
|poke|p2|Calyrex-Shadow, L50|
|poke|p2|Zamazenta-*, L50|
|poke|p2|Chien-Pao, L50|
|poke|p2|Raging Bolt, L50|
|poke|p2|Rillaboom, L50, F|
|poke|p2|Entei, L50|
|teampreview|4
|inactive|Battle timer is ON: inactive players will automatically lose when time's up. (requested by bryght)
|inactive|InekoAki has 60 seconds left.
|
|t:|1750831536
|start
|switch|p1a: Zamazenta|Zamazenta-Crowned, L50|100/100
|switch|p1b: Calyrex|Calyrex-Shadow, L50|100/100
|switch|p2a: Calyrex|Calyrex-Shadow, L50|100/100
|switch|p2b: Entei|Entei, L50|100/100
|-ability|p2a: Calyrex|As One
|-ability|p2a: Calyrex|Unnerve
|-ability|p1b: Calyrex|As One
|-ability|p1b: Calyrex|Unnerve
|-ability|p1a: Zamazenta|Dauntless Shield|boost
|-boost|p1a: Zamazenta|def|1
|turn|1
|inactive|InekoAki has 30 seconds left.
|inactive|InekoAki has 20 seconds left.
|inactive|InekoAki has 15 seconds left.
|
|t:|1750831578
|switch|p1a: Incineroar|Incineroar, L50, F|100/100
|-ability|p1a: Incineroar|Intimidate|boost
|-unboost|p2a: Calyrex|atk|1
|-fail|p2b: Entei|unboost|Attack|[from] ability: Inner Focus|[of] p2b: Entei
|-terastallize|p2b: Entei|Normal
|move|p2a: Calyrex|Psychic|p1a: Incineroar
|-immune|p1a: Incineroar
|move|p1b: Calyrex|Astral Barrage|p2a: Calyrex|[spread] p2a
|-immune|p2b: Entei
|-supereffective|p2a: Calyrex
|-enditem|p2a: Calyrex|Focus Sash
|-damage|p2a: Calyrex|1/100
|-damage|p1b: Calyrex|91/100|[from] item: Life Orb
|move|p2b: Entei|Flare Blitz|p1a: Incineroar
|-resisted|p1a: Incineroar
|-damage|p1a: Incineroar|65/100
|-damage|p2b: Entei|84/100|[from] item: Rocky Helmet|[of] p1a: Incineroar
|-damage|p2b: Entei|73/100|[from] Recoil
|
|upkeep
|turn|2
|inactive|bryght has 30 seconds left.
|inactive|InekoAki has 30 seconds left.
|inactive|InekoAki has 20 seconds left.
|inactive|InekoAki has 15 seconds left.
|inactive|InekoAki has 10 seconds left.
|
|t:|1750831627
|switch|p2a: Chien-Pao|Chien-Pao, L50|100/100
|-ability|p2a: Chien-Pao|Sword of Ruin
|move|p1b: Calyrex|Astral Barrage|p2a: Chien-Pao|[spread] p2a
|-immune|p2b: Entei
|-resisted|p2a: Chien-Pao
|-damage|p2a: Chien-Pao|56/100
|-damage|p1b: Calyrex|81/100|[from] item: Life Orb
|move|p2b: Entei|Flare Blitz|p1b: Calyrex
|-damage|p1b: Calyrex|0 fnt
|faint|p1b: Calyrex
|-damage|p2b: Entei|50/100|[from] Recoil
|move|p1a: Incineroar|Knock Off|p2a: Chien-Pao
|-resisted|p2a: Chien-Pao
|-damage|p2a: Chien-Pao|29/100
|-enditem|p2a: Chien-Pao|Life Orb|[from] move: Knock Off|[of] p1a: Incineroar
|
|upkeep
|
|t:|1750831644
|switch|p1b: Zamazenta|Zamazenta-Crowned, L50|100/100
|turn|3
|inactive|InekoAki has 30 seconds left.
|inactive|InekoAki has 20 seconds left.
|inactive|InekoAki has 15 seconds left.
|inactive|InekoAki has 10 seconds left.
|
|t:|1750831693
|move|p2a: Chien-Pao|Protect|p2a: Chien-Pao
|-singleturn|p2a: Chien-Pao|Protect
|move|p1b: Zamazenta|Protect|p1b: Zamazenta
|-singleturn|p1b: Zamazenta|Protect
|move|p2b: Entei|Flare Blitz|p1b: Zamazenta
|-activate|p1b: Zamazenta|move: Protect
|move|p1a: Incineroar|Parting Shot|p2b: Entei
|-unboost|p2b: Entei|atk|1
|-unboost|p2b: Entei|spa|1
|
|t:|1750831704
|switch|p1a: Rillaboom|Rillaboom, L50, M|100/100|[from] Parting Shot
|-fieldstart|move: Grassy Terrain|[from] ability: Grassy Surge|[of] p1a: Rillaboom
|
|-heal|p2a: Chien-Pao|34/100|[from] Grassy Terrain
|-heal|p2b: Entei|56/100|[from] Grassy Terrain
|upkeep
|turn|4
|inactive|InekoAki has 30 seconds left.
|inactive|bryght has 30 seconds left.
|
|t:|1750831744
|switch|p2a: Zamazenta|Zamazenta-Crowned, L50|100/100
|-ability|p2a: Zamazenta|Dauntless Shield|boost
|-boost|p2a: Zamazenta|def|1
|switch|p1b: Incineroar|Incineroar, L50, F|65/100
|-ability|p1b: Incineroar|Intimidate|boost
|-unboost|p2a: Zamazenta|atk|1
|-fail|p2b: Entei|unboost|Attack|[from] ability: Inner Focus|[of] p2b: Entei
|switch|p2b: Calyrex|Calyrex-Shadow, L50|1/100
|-ability|p2b: Calyrex|As One
|-ability|p2b: Calyrex|Unnerve
|-terastallize|p1a: Rillaboom|Fire
|move|p1a: Rillaboom|Wood Hammer|p2b: Calyrex
|-damage|p2b: Calyrex|0 fnt
|faint|p2b: Calyrex
|-damage|p1a: Rillaboom|99/100|[from] Recoil
|
|-heal|p1a: Rillaboom|100/100|[from] Grassy Terrain
|-heal|p1b: Incineroar|71/100|[from] Grassy Terrain
|upkeep
|inactive|InekoAki has 30 seconds left.
|inactive|InekoAki has 20 seconds left.
|
|t:|1750831780
|switch|p2b: Chien-Pao|Chien-Pao, L50|34/100
|-ability|p2b: Chien-Pao|Sword of Ruin
|turn|5
|
|t:|1750831794
|move|p2b: Chien-Pao|Protect|p2b: Chien-Pao
|-singleturn|p2b: Chien-Pao|Protect
|move|p1b: Incineroar|Fake Out|p2a: Zamazenta
|-resisted|p2a: Zamazenta
|-damage|p2a: Zamazenta|97/100
|move|p1a: Rillaboom|Grassy Glide|p2b: Chien-Pao
|-activate|p2b: Chien-Pao|move: Protect
|cant|p2a: Zamazenta|flinch
|
|-heal|p2a: Zamazenta|100/100|[from] Grassy Terrain
|-heal|p2b: Chien-Pao|40/100|[from] Grassy Terrain
|-heal|p1b: Incineroar|77/100|[from] Grassy Terrain
|upkeep
|turn|6
|inactive|InekoAki has 30 seconds left.
|
|t:|1750831822
|move|p1b: Incineroar|Helping Hand|p1a: Rillaboom
|-singleturn|p1a: Rillaboom|Helping Hand|[of] p1b: Incineroar
|move|p1a: Rillaboom|Grassy Glide|p2b: Chien-Pao
|-damage|p2b: Chien-Pao|0 fnt
|faint|p2b: Chien-Pao
|move|p2a: Zamazenta|Body Press|p1b: Incineroar
|-supereffective|p1b: Incineroar
|-damage|p1b: Incineroar|0 fnt
|-damage|p2a: Zamazenta|84/100|[from] item: Rocky Helmet|[of] p1b: Incineroar
|faint|p1b: Incineroar
|
|-heal|p2a: Zamazenta|90/100|[from] Grassy Terrain
|upkeep
|
|t:|1750831837
|switch|p2b: Entei|Entei, L50, tera:Normal|56/100
|switch|p1b: Zamazenta|Zamazenta-Crowned, L50|100/100
|turn|7
|
|t:|1750831861
|move|p1b: Zamazenta|Protect|p1b: Zamazenta
|-singleturn|p1b: Zamazenta|Protect
|move|p2b: Entei|Extreme Speed|p1a: Rillaboom
|-damage|p1a: Rillaboom|44/100
|move|p2a: Zamazenta|Body Press|p1b: Zamazenta
|-activate|p1b: Zamazenta|move: Protect
|move|p1a: Rillaboom|Wood Hammer|p2b: Entei
|-damage|p2b: Entei|0 fnt
|faint|p2b: Entei
|-damage|p1a: Rillaboom|24/100|[from] Recoil
|
|-heal|p2a: Zamazenta|97/100|[from] Grassy Terrain
|-heal|p1a: Rillaboom|30/100|[from] Grassy Terrain
|-fieldend|move: Grassy Terrain
|upkeep
|turn|8
|
|t:|1750831879
|move|p2a: Zamazenta|Body Press|p1b: Zamazenta
|-supereffective|p1b: Zamazenta
|-damage|p1b: Zamazenta|30/100
|move|p1b: Zamazenta|Body Press|p2a: Zamazenta
|-supereffective|p2a: Zamazenta
|-damage|p2a: Zamazenta|59/100
|move|p1a: Rillaboom|Wood Hammer|p2a: Zamazenta
|-resisted|p2a: Zamazenta
|-damage|p2a: Zamazenta|47/100
|-damage|p1a: Rillaboom|27/100|[from] Recoil
|
|upkeep
|turn|9
|
|t:|1750831892
|move|p2a: Zamazenta|Protect|p2a: Zamazenta
|-singleturn|p2a: Zamazenta|Protect
|move|p1b: Zamazenta|Body Press|p2a: Zamazenta
|-activate|p2a: Zamazenta|move: Protect
|move|p1a: Rillaboom|Wood Hammer|p2a: Zamazenta
|-activate|p2a: Zamazenta|move: Protect
|
|upkeep
|turn|10
|
|t:|1750831909
|move|p1b: Zamazenta|Protect|p1b: Zamazenta
|-singleturn|p1b: Zamazenta|Protect
|move|p2a: Zamazenta|Body Press|p1b: Zamazenta
|-activate|p1b: Zamazenta|move: Protect
|move|p1a: Rillaboom|Wood Hammer|p2a: Zamazenta
|-resisted|p2a: Zamazenta
|-damage|p2a: Zamazenta|36/100
|-damage|p1a: Rillaboom|23/100|[from] Recoil
|
|upkeep
|turn|11
|
|t:|1750831920
|move|p2a: Zamazenta|Body Press|p1b: Zamazenta
|-supereffective|p1b: Zamazenta
|-damage|p1b: Zamazenta|0 fnt
|faint|p1b: Zamazenta
|move|p1a: Rillaboom|Wood Hammer|p2a: Zamazenta
|-resisted|p2a: Zamazenta
|-damage|p2a: Zamazenta|24/100
|-damage|p1a: Rillaboom|20/100|[from] Recoil
|
|upkeep
|turn|12
|
|t:|1750831930
|move|p2a: Zamazenta|Body Press|p1a: Rillaboom
|-damage|p1a: Rillaboom|0 fnt
|faint|p1a: Rillaboom
|
|win|InekoAki
|raw|bryght's rating: 1556 &rarr; <strong>1538</strong><br />(-18 for losing)
|raw|InekoAki's rating: 1593 &rarr; <strong>1611</strong><br />(+18 for winning)
