|j|☆Yuans Reive
|j|☆Emirnent
|t:|1750713152
|gametype|doubles
|player|p1|Yuans Reive|2|1547
|player|p2|Emirnent|265|1740
|teamsize|p1|6
|teamsize|p2|6
|gen|9
|tier|[Gen 9] VGC 2025 Reg I
|rated|
|rule|Species Clause: Limit one of each Pokémon
|rule|Item Clause: Limit 1 of each item
|clearpoke
|poke|p1|Koraidon, L50|
|poke|p1|Lunala, L50|
|poke|p1|Incineroar, L50, F|
|poke|p1|Rillaboom, L50, M|
|poke|p1|Scream Tail, L50|
|poke|p1|Raging Bolt, L50|
|poke|p2|Calyrex-Ice, L50|
|poke|p2|Zamazenta-*, L50|
|poke|p2|Smeargle, L50, F|
|poke|p2|Raging Bolt, L50|
|poke|p2|Tornadus, L50, M|
|poke|p2|Landorus, L50, M|
|teampreview|4
Yuans Reive has agreed to open team sheets.
|inactive|Battle timer is ON: inactive players will automatically lose when time's up. (requested by Emirnent)
|
|t:|1750713183
|start
|switch|p1a: Koraidon|Koraidon, L50|100/100
|switch|p1b: Scream Tail|Scream Tail, L50|100/100
|switch|p2a: Tornadus|Tornadus, L50, M|100/100
|switch|p2b: Landorus|Landorus, L50, M|100/100
|-weather|SunnyDay|[from] ability: Orichalcum Pulse|[of] p1a: Koraidon
|-activate|p1b: Scream Tail|ability: Protosynthesis
|-start|p1b: Scream Tail|protosynthesisspe
|-activate|p1a: Koraidon|Orichalcum Pulse|[source]
|turn|1
|
|t:|1750713201
|move|p2a: Tornadus|Tailwind|p2a: Tornadus
|-sidestart|p2: Emirnent|move: Tailwind
|move|p2b: Landorus|Sandsear Storm|p1a: Koraidon|[spread] p1a
|-miss|p2b: Landorus|p1b: Scream Tail
|-damage|p1a: Koraidon|29/100
|move|p1b: Scream Tail|Encore|p2a: Tornadus
|-start|p2a: Tornadus|Encore
|move|p1a: Koraidon|Flare Blitz|p2b: Landorus
|-damage|p2b: Landorus|0 fnt
|faint|p2b: Landorus
|-damage|p1a: Koraidon|0 fnt|[from] Recoil
|faint|p1a: Koraidon
|
|-weather|SunnyDay|[upkeep]
|upkeep
|
|t:|1750713218
|switch|p1a: Lunala|Lunala, L50|100/100
|switch|p2b: Calyrex|Calyrex-Ice, L50|100/100
|-ability|p2b: Calyrex|As One
|-ability|p2b: Calyrex|Unnerve
|turn|2
|
|t:|1750713227
|-end|p1b: Scream Tail|Protosynthesis|[silent]
|switch|p1b: Incineroar|Incineroar, L50, F|100/100
|-ability|p1b: Incineroar|Intimidate|boost
|-unboost|p2a: Tornadus|atk|1
|-unboost|p2b: Calyrex|atk|1
|switch|p2a: Raging Bolt|Raging Bolt, L50|100/100
|-activate|p2a: Raging Bolt|ability: Protosynthesis
|-start|p2a: Raging Bolt|protosynthesisspa
|move|p2b: Calyrex|Glacial Lance|p1a: Lunala|[spread] p1a,p1b
|-resisted|p1b: Incineroar
|-damage|p1a: Lunala|87/100
|-damage|p1b: Incineroar|87/100
|move|p1a: Lunala|Moongeist Beam|p2b: Calyrex
|-supereffective|p2b: Calyrex
|-damage|p2b: Calyrex|48/100
|
|-weather|SunnyDay|[upkeep]
|-heal|p1a: Lunala|93/100|[from] item: Leftovers
|upkeep
|turn|3
|
|t:|1750713237
|-terastallize|p2a: Raging Bolt|Electric
|move|p1b: Incineroar|Fake Out|p2a: Raging Bolt
|-damage|p2a: Raging Bolt|91/100
|cant|p2a: Raging Bolt|flinch
|move|p2b: Calyrex|Crunch|p1a: Lunala
|-supereffective|p1a: Lunala
|-damage|p1a: Lunala|29/100
|move|p1a: Lunala|Moongeist Beam|p2b: Calyrex
|-supereffective|p2b: Calyrex
|-damage|p2b: Calyrex|0 fnt
|faint|p2b: Calyrex
|
|-weather|SunnyDay|[upkeep]
|-heal|p1a: Lunala|35/100|[from] item: Leftovers
|upkeep
|
|t:|1750713242
|switch|p2b: Tornadus|Tornadus, L50, M|100/100
|turn|4
|
|t:|1750713260
|move|p2b: Tornadus|Bleakwind Storm|p1a: Lunala|[spread] p1a,p1b
|-damage|p1a: Lunala|6/100
|-damage|p1b: Incineroar|44/100
|move|p2a: Raging Bolt|Thunderbolt|p1b: Incineroar
|-damage|p1b: Incineroar|0 fnt
|faint|p1b: Incineroar
|move|p1a: Lunala|Moongeist Beam|p2b: Tornadus
|-damage|p2b: Tornadus|43/100
|
|-weather|SunnyDay|[upkeep]
|-heal|p1a: Lunala|12/100|[from] item: Leftovers
|-sideend|p2: Emirnent|move: Tailwind
|upkeep
|
|t:|1750713265
|switch|p1b: Scream Tail|Scream Tail, L50|100/100
|-activate|p1b: Scream Tail|ability: Protosynthesis
|-start|p1b: Scream Tail|protosynthesisspe
|turn|5
|
|t:|1750713276
|move|p1a: Lunala|Protect|p1a: Lunala
|-singleturn|p1a: Lunala|Protect
|move|p2b: Tornadus|Taunt|p1b: Scream Tail
|-start|p1b: Scream Tail|move: Taunt
|move|p2a: Raging Bolt|Thunderclap||[still]
|-fail|p2a: Raging Bolt
|cant|p1b: Scream Tail|move: Taunt|Disable
|
|-weather|none
|-end|p1b: Scream Tail|Protosynthesis
|-end|p2a: Raging Bolt|Protosynthesis
|-heal|p1a: Lunala|18/100|[from] item: Leftovers
|upkeep
|-enditem|p2a: Raging Bolt|Booster Energy
|-activate|p2a: Raging Bolt|ability: Protosynthesis|[fromitem]
|-start|p2a: Raging Bolt|protosynthesisspa
|turn|6
|
|t:|1750713285
|move|p2a: Raging Bolt|Thunderclap||[still]
|-fail|p2a: Raging Bolt
|move|p1b: Scream Tail|Psychic Fangs|p2b: Tornadus
|-damage|p2b: Tornadus|22/100
|move|p2b: Tornadus|Bleakwind Storm|p1a: Lunala|[spread] p1a,p1b
|-damage|p1a: Lunala|0 fnt
|-damage|p1b: Scream Tail|67/100
|faint|p1a: Lunala
|
|upkeep
|turn|7
|
|t:|1750713291
|move|p1b: Scream Tail|Psychic Fangs|p2b: Tornadus
|-damage|p2b: Tornadus|0 fnt
|faint|p2b: Tornadus
|move|p2a: Raging Bolt|Thunderbolt|p1b: Scream Tail
|-damage|p1b: Scream Tail|0 fnt
|faint|p1b: Scream Tail
|-end|p1b: Scream Tail|Protosynthesis|[silent]
|
|win|Emirnent
|raw|Yuans Reive's rating: 1547 &rarr; <strong>1537</strong><br />(-10 for losing)
|raw|Emirnent's rating: 1740 &rarr; <strong>1750</strong><br />(+10 for winning)
|l|☆Emirnent
|player|p2|
|l|☆Yuans Reive
|player|p1|
