|j|☆CamNewtontheGOAT
|j|☆Megaman087
|t:|1750742145
|gametype|doubles
|player|p1|CamNewtontheGOAT|265|1412
|player|p2|Megaman087|lucas|1401
|teamsize|p1|6
|teamsize|p2|6
|gen|9
|tier|[Gen 9] VGC 2025 Reg I
|rated|
|rule|Species Clause: Limit one of each Pokémon
|rule|Item Clause: Limit 1 of each item
|clearpoke
|poke|p1|Koraidon, L50|
|poke|p1|Flutter Mane, L50|
|poke|p1|Chi-Yu, L50|
|poke|p1|Calyrex-Shadow, L50|
|poke|p1|Rillaboom, L50, M|
|poke|p1|Smeargle, L50, M|
|poke|p2|Eternatus, L50|
|poke|p2|Grimmsnarl, L50, M|
|poke|p2|Wo-Chien, L50|
|poke|p2|Qwilfish-Hisui, L50, F|
|poke|p2|Cresselia, L50, F|
|poke|p2|Dialga-Origin, L50|
|teampreview|4
|
|t:|1750742176
|start
|switch|p1a: Smeargle|Smeargle, L50, M|100/100
|switch|p1b: Flutter Mane|Flutter Mane, L50|100/100
|switch|p2a: Grimmsnarl|Grimmsnarl, L50, M|100/100
|switch|p2b: Qwilfish|Qwilfish-Hisui, L50, F, shiny|100/100
|-ability|p2b: Qwilfish|Intimidate|boost
|-unboost|p1a: Smeargle|atk|1
|-unboost|p1b: Flutter Mane|atk|1
|turn|1
|inactive|Battle timer is ON: inactive players will automatically lose when time's up. (requested by Megaman087)
|
|t:|1750742189
|move|p1a: Smeargle|Fake Out|p2a: Grimmsnarl
|-damage|p2a: Grimmsnarl|96/100
|cant|p2a: Grimmsnarl|flinch
|move|p1b: Flutter Mane|Moonblast|p2a: Grimmsnarl
|-supereffective|p2a: Grimmsnarl
|-damage|p2a: Grimmsnarl|0 fnt
|faint|p2a: Grimmsnarl
|move|p2b: Qwilfish|Toxic Spikes|p1b: Flutter Mane
|-sidestart|p1: CamNewtontheGOAT|move: Toxic Spikes
|
|-ability|p1a: Smeargle|Moody|boost
|-boost|p1a: Smeargle|def|2
|-unboost|p1a: Smeargle|spa|1
|upkeep
|j| cynthiaisgoated
|
|t:|1750742200
|switch|p2a: Dialga|Dialga-Origin, L50|100/100
|-ability|p2a: Dialga|Pressure
|turn|2
|
|t:|1750742205
|move|p1b: Flutter Mane|Moonblast|p2a: Dialga
|-damage|p2a: Dialga|53/100
|move|p1a: Smeargle|Spore|p2a: Dialga
|-status|p2a: Dialga|slp|[from] move: Spore
|cant|p2a: Dialga|slp
|move|p2b: Qwilfish|Toxic Spikes|p1b: Flutter Mane
|-sidestart|p1: CamNewtontheGOAT|move: Toxic Spikes
|
|-ability|p1a: Smeargle|Moody|boost
|-boost|p1a: Smeargle|spd|2
|-unboost|p1a: Smeargle|atk|1
|upkeep
|turn|3
|l| cynthiaisgoated
|
|t:|1750742221
|-terastallize|p1b: Flutter Mane|Fairy
|move|p2b: Qwilfish|Protect|p2b: Qwilfish
|-singleturn|p2b: Qwilfish|Protect
|move|p1b: Flutter Mane|Moonblast|p2a: Dialga
|-damage|p2a: Dialga|0 fnt
|faint|p2a: Dialga
|move|p1a: Smeargle|Decorate|p1b: Flutter Mane
|-boost|p1b: Flutter Mane|atk|2
|-boost|p1b: Flutter Mane|spa|2
|
|-ability|p1a: Smeargle|Moody|boost
|-boost|p1a: Smeargle|spd|2
|-unboost|p1a: Smeargle|def|1
|upkeep
|
|t:|1750742229
|switch|p2a: Eternatus|Eternatus, L50|100/100
|-ability|p2a: Eternatus|Pressure
|turn|4
|
|t:|1750742238
|-terastallize|p2a: Eternatus|Fairy
|move|p1a: Smeargle|Follow Me|p1a: Smeargle
|-singleturn|p1a: Smeargle|move: Follow Me
|move|p1b: Flutter Mane|Moonblast|p2b: Qwilfish
|-damage|p2b: Qwilfish|0 fnt
|faint|p2b: Qwilfish
|move|p2a: Eternatus|Cosmic Power|p2a: Eternatus
|-boost|p2a: Eternatus|def|1
|-boost|p2a: Eternatus|spd|1
|
|-ability|p1a: Smeargle|Moody|boost
|-boost|p1a: Smeargle|spa|2
|-unboost|p1a: Smeargle|spe|1
|upkeep
|turn|5
|
|t:|1750742250
|move|p1b: Flutter Mane|Moonblast|p2a: Eternatus
|-damage|p2a: Eternatus|39/100
|move|p2a: Eternatus|Cosmic Power|p2a: Eternatus
|-boost|p2a: Eternatus|def|1
|-boost|p2a: Eternatus|spd|1
|move|p1a: Smeargle|Spore|p2a: Eternatus
|-status|p2a: Eternatus|slp|[from] move: Spore
|
|-ability|p1a: Smeargle|Moody|boost
|-boost|p1a: Smeargle|spe|2
|-unboost|p1a: Smeargle|def|1
|upkeep
|turn|6
|-message|Megaman087 forfeited.
|
|win|CamNewtontheGOAT
|raw|CamNewtontheGOAT's rating: 1412 &rarr; <strong>1431</strong><br />(+19 for winning)
|raw|Megaman087's rating: 1401 &rarr; <strong>1382</strong><br />(-19 for losing)
|l|☆Megaman087
|player|p2|
|l|☆CamNewtontheGOAT
|player|p1|
