|j|☆Npc red panther
|j|☆ted31625
|t:|1750871754
|gametype|doubles
|player|p1|Npc red panther|170|1465
|player|p2|ted31625|roark|1657
|teamsize|p1|6
|teamsize|p2|6
|gen|9
|tier|[Gen 9] VGC 2025 Reg I
|rated|
|rule|Species Clause: Limit one of each Pokémon
|rule|Item Clause: Limit 1 of each item
|clearpoke
|poke|p1|Smeargle, L50, M|
|poke|p1|Calyrex-Ice, L50|
|poke|p1|Rillaboom, L50, F|
|poke|p1|Ditto, L50|
|poke|p1|Grimmsnarl, L50, M|
|poke|p1|Miraidon, L50|
|poke|p2|Miraidon, L50|
|poke|p2|Chien-Pao, L50|
|poke|p2|Zamazenta-*, L50|
|poke|p2|Cresselia, L50, F|
|poke|p2|Ursaluna, L50, M|
|poke|p2|Volcarona, L50, M|
|teampreview|4
ted31625 has agreed to open team sheets.
|inactive|Battle timer is ON: inactive players will automatically lose when time's up. (requested by ted31625)
|
|t:|1750871785
|start
|switch|p1a: Smeargle|Smeargle, L50, M|100/100
|switch|p1b: Calyrex|Calyrex-Ice, L50|100/100
|switch|p2a: Zamazenta|Zamazenta-Crowned, L50|100/100
|switch|p2b: Volcarona|Volcarona, L50, M|100/100
|-ability|p1b: Calyrex|As One
|-ability|p1b: Calyrex|Unnerve
|-ability|p2a: Zamazenta|Dauntless Shield|boost
|-boost|p2a: Zamazenta|def|1
|turn|1
|
|t:|1750871803
|-terastallize|p1b: Calyrex|Fire
|move|p2a: Zamazenta|Body Press|p1a: Smeargle
|-supereffective|p1a: Smeargle
|-enditem|p1a: Smeargle|Focus Sash
|-damage|p1a: Smeargle|1/100
|move|p2b: Volcarona|Struggle Bug|p1a: Smeargle|[spread] p1a,p1b
|-resisted|p1b: Calyrex
|-damage|p1a: Smeargle|0 fnt
|-damage|p1b: Calyrex|95/100
|-unboost|p1b: Calyrex|spa|1
|faint|p1a: Smeargle
|move|p1b: Calyrex|Leech Seed|p2a: Zamazenta
|-start|p2a: Zamazenta|move: Leech Seed
|
|-heal|p1b: Calyrex|100/100|[from] item: Leftovers
|-damage|p2a: Zamazenta|88/100|[from] Leech Seed|[of] p1b: Calyrex
|upkeep
|
|t:|1750871814
|switch|p1a: Ditto|Ditto, L50|100/100
|-transform|p1a: Ditto|p2b: Volcarona|[from] ability: Imposter
|turn|2
|
|t:|1750871835
|move|p1a: Ditto|Flamethrower|p2a: Zamazenta
|-supereffective|p2a: Zamazenta
|-damage|p2a: Zamazenta|32/100
|move|p2a: Zamazenta|Body Press|p1b: Calyrex
|-damage|p1b: Calyrex|57/100
|move|p2b: Volcarona|Quiver Dance|p2b: Volcarona
|-boost|p2b: Volcarona|spa|1
|-boost|p2b: Volcarona|spd|1
|-boost|p2b: Volcarona|spe|1
|move|p1b: Calyrex|Leech Seed|p2b: Volcarona
|-start|p2b: Volcarona|move: Leech Seed
|
|-heal|p1b: Calyrex|63/100|[from] item: Leftovers
|-damage|p2b: Volcarona|88/100|[from] Leech Seed|[of] p1b: Calyrex
|-heal|p1b: Calyrex|74/100|[silent]
|-damage|p2a: Zamazenta|20/100|[from] Leech Seed|[of] p1b: Calyrex
|-heal|p1b: Calyrex|86/100|[silent]
|upkeep
|turn|3
|
|t:|1750871854
|move|p1b: Calyrex|Protect|p1b: Calyrex
|-singleturn|p1b: Calyrex|Protect
|move|p1a: Ditto|Flamethrower|p2b: Volcarona
|-damage|p2b: Volcarona|64/100
|move|p2b: Volcarona|Struggle Bug|p1b: Calyrex|[spread] p1a
|-activate|p1b: Calyrex|move: Protect
|-resisted|p1a: Ditto
|-damage|p1a: Ditto|88/100
|-unboost|p1a: Ditto|spa|1
|move|p2a: Zamazenta|Body Press|p1b: Calyrex
|-activate|p1b: Calyrex|move: Protect
|
|-heal|p2b: Volcarona|70/100|[from] item: Leftovers
|-heal|p1b: Calyrex|92/100|[from] item: Leftovers
|-damage|p2b: Volcarona|58/100|[from] Leech Seed|[of] p1b: Calyrex
|-heal|p1b: Calyrex|100/100|[silent]
|-damage|p2a: Zamazenta|8/100|[from] Leech Seed|[of] p1b: Calyrex
|upkeep
|turn|4
|
|t:|1750871874
|switch|p2b: Cresselia|Cresselia, L50, F|100/100
|move|p1a: Ditto|Flamethrower|p2b: Cresselia
|-damage|p2b: Cresselia|86/100
|move|p2a: Zamazenta|Body Press|p1b: Calyrex
|-damage|p1b: Calyrex|56/100
|move|p1b: Calyrex|Glacial Lance|p2a: Zamazenta|[spread] p2a,p2b
|-resisted|p2a: Zamazenta
|-damage|p2a: Zamazenta|0 fnt
|-damage|p2b: Cresselia|48/100
|faint|p2a: Zamazenta
|-ability|p1b: Calyrex|Chilling Neigh|boost
|-boost|p1b: Calyrex|atk|1
|
|-heal|p1b: Calyrex|61/100|[from] item: Leftovers
|upkeep
|
|t:|1750871885
|switch|p2a: Miraidon|Miraidon, L50|100/100
|-fieldstart|move: Electric Terrain|[from] ability: Hadron Engine|[of] p2a: Miraidon
|-enditem|p2b: Cresselia|Electric Seed
|-boost|p2b: Cresselia|def|1|[from] item: Electric Seed
|turn|5
|
|t:|1750871894
|switch|p1a: Rillaboom|Rillaboom, L50, F|100/100
|-fieldstart|move: Grassy Terrain|[from] ability: Grassy Surge|[of] p1a: Rillaboom
|-terastallize|p2a: Miraidon|Electric
|move|p2b: Cresselia|Helping Hand|p2a: Miraidon
|-singleturn|p2a: Miraidon|Helping Hand|[of] p2b: Cresselia
|move|p1b: Calyrex|Protect|p1b: Calyrex
|-singleturn|p1b: Calyrex|Protect
|move|p2a: Miraidon|Electro Drift|p1a: Rillaboom
|-resisted|p1a: Rillaboom
|-damage|p1a: Rillaboom|65/100
|
|-heal|p1a: Rillaboom|71/100|[from] Grassy Terrain
|-heal|p1b: Calyrex|67/100|[from] Grassy Terrain
|-heal|p1b: Calyrex|73/100|[from] item: Leftovers
|upkeep
|turn|6
|
|t:|1750871913
|switch|p2a: Volcarona|Volcarona, L50, M|58/100
|move|p1a: Rillaboom|Fake Out|p2b: Cresselia
|-damage|p2b: Cresselia|42/100
|cant|p2b: Cresselia|flinch
|move|p1b: Calyrex|Glacial Lance|p2b: Cresselia|[spread] p2a,p2b
|-resisted|p2a: Volcarona
|-damage|p2a: Volcarona|7/100
|-damage|p2b: Cresselia|5/100
|
|-heal|p2a: Volcarona|14/100|[from] Grassy Terrain
|-heal|p2a: Volcarona|20/100|[from] item: Leftovers
|-heal|p1a: Rillaboom|77/100|[from] Grassy Terrain
|-heal|p1b: Calyrex|79/100|[from] Grassy Terrain
|-heal|p1b: Calyrex|85/100|[from] item: Leftovers
|upkeep
|turn|7
|
|t:|1750871933
|switch|p2a: Miraidon|Miraidon, L50, tera:Electric|100/100
|-fieldstart|move: Electric Terrain|[from] ability: Hadron Engine|[of] p2a: Miraidon
|switch|p1a: Ditto|Ditto, L50|88/100
|-transform|p1a: Ditto|p2b: Cresselia|[from] ability: Imposter
|move|p2b: Cresselia|Lunar Blessing|p2b: Cresselia|[spread] p2a,p2b
|-heal|p2b: Cresselia|30/100
|move|p1b: Calyrex|Glacial Lance|p2b: Cresselia|[spread] p2a,p2b
|-damage|p2a: Miraidon|16/100
|-damage|p2b: Cresselia|0 fnt
|faint|p2b: Cresselia
|-ability|p1b: Calyrex|Chilling Neigh|boost
|-boost|p1b: Calyrex|atk|1
|
|-heal|p1b: Calyrex|90/100|[from] item: Leftovers
|upkeep
|
|t:|1750871947
|switch|p2b: Volcarona|Volcarona, L50, M|20/100
|turn|8
|
|t:|1750871959
|move|p1b: Calyrex|Protect|p1b: Calyrex
|-singleturn|p1b: Calyrex|Protect
|move|p2a: Miraidon|Electro Drift|p1a: Ditto
|-damage|p1a: Ditto|0 fnt
|faint|p1a: Ditto
|move|p2b: Volcarona|Flamethrower|p1b: Calyrex
|-activate|p1b: Calyrex|move: Protect
|
|-heal|p2b: Volcarona|26/100|[from] item: Leftovers
|-heal|p1b: Calyrex|96/100|[from] item: Leftovers
|upkeep
|
|t:|1750871965
|switch|p1a: Rillaboom|Rillaboom, L50, F|77/100
|-fieldstart|move: Grassy Terrain|[from] ability: Grassy Surge|[of] p1a: Rillaboom
|turn|9
|
|t:|1750871973
|move|p1a: Rillaboom|Fake Out|p2a: Miraidon
|-damage|p2a: Miraidon|3/100
|cant|p2a: Miraidon|flinch
|move|p2b: Volcarona|Flamethrower|p1a: Rillaboom
|-supereffective|p1a: Rillaboom
|-damage|p1a: Rillaboom|28/100
|move|p1b: Calyrex|Glacial Lance|p2a: Miraidon|[spread] p2a,p2b
|-resisted|p2b: Volcarona
|-damage|p2a: Miraidon|0 fnt
|-damage|p2b: Volcarona|0 fnt
|faint|p2a: Miraidon
|faint|p2b: Volcarona
|
|win|Npc red panther
|raw|Npc red panther's rating: 1465 &rarr; <strong>1495</strong><br />(+30 for winning)
|raw|ted31625's rating: 1657 &rarr; <strong>1627</strong><br />(-30 for losing)
|l|☆ted31625
|player|p2|
|l|☆Npc red panther
|player|p1|
