|j|☆Mobile Bunny
|j|‽laron13
|t:|1750824720
|gametype|doubles
|player|p1|Mobile Bunny|miku-water|1389
|player|p2|laron13|2|1411
|teamsize|p1|6
|teamsize|p2|6
|gen|9
|tier|[Gen 9] VGC 2025 Reg I
|rated|
|rule|Species Clause: Limit one of each Pokémon
|rule|Item Clause: Limit 1 of each item
|clearpoke
|poke|p1|Eternatus, L50|
|poke|p1|Incineroar, L50, M|
|poke|p1|Smeargle, L50, M|
|poke|p1|Tornadus, L50, M|
|poke|p1|Rillaboom, L50, F|
|poke|p1|Terapagos, L50, M|
|poke|p2|Zacian-*, L50|
|poke|p2|Kyogre, L50|
|poke|p2|Urshifu-*, L50, F|
|poke|p2|Tornadus, L50, M|
|poke|p2|Brute Bonnet, L50|
|poke|p2|Indeedee-F, L50, F|
|teampreview|4
Mobile Bunny has agreed to open team sheets.
|j| johnkharkiv
|
|t:|1750824760
|start
|switch|p1a: Tornadus|Tornadus, L50, M|100/100
|switch|p1b: Incineroar|Incineroar, L50, M|100/100
|switch|p2a: Zacian|Zacian-Crowned, L50|100/100
|switch|p2b: Kyogre|Kyogre, L50|100/100
|-ability|p2a: Zacian|Intrepid Sword|boost
|-boost|p2a: Zacian|atk|1
|-weather|RainDance|[from] ability: Drizzle|[of] p2b: Kyogre
|-ability|p1b: Incineroar|Intimidate|boost
|-unboost|p2a: Zacian|atk|1
|-unboost|p2b: Kyogre|atk|1
|turn|1
|
|t:|1750824798
|-terastallize|p1b: Incineroar|Ghost
|move|p1b: Incineroar|Fake Out|p2b: Kyogre
|-damage|p2b: Kyogre|90/100
|move|p1a: Tornadus|Tailwind|p1a: Tornadus
|-sidestart|p1: Mobile Bunny|move: Tailwind
|move|p2a: Zacian|Sacred Sword|p1b: Incineroar
|-immune|p1b: Incineroar
|cant|p2b: Kyogre|flinch
|
|-weather|RainDance|[upkeep]
|upkeep
|turn|2
|
|t:|1750824825
|move|p1a: Tornadus|Bleakwind Storm|p2b: Kyogre|[spread] p2a,p2b
|-resisted|p2a: Zacian
|-damage|p2a: Zacian|86/100
|-damage|p2b: Kyogre|67/100
|-unboost|p2b: Kyogre|spe|1
|move|p2a: Zacian|Behemoth Blade|p1a: Tornadus
|-damage|p1a: Tornadus|36/100
|move|p1b: Incineroar|Parting Shot|p2a: Zacian
|-unboost|p2a: Zacian|atk|1
|-unboost|p2a: Zacian|spa|1
|
|t:|1750824846
|switch|p1b: Terapagos|Terapagos, L50, M|100/100|[from] Parting Shot
|-activate|p1b: Terapagos|ability: Tera Shift
|detailschange|p1b: Terapagos|Terapagos-Terastal, L50, M
|-heal|p1b: Terapagos|100/100|[silent]
|move|p2b: Kyogre|Water Spout|p1a: Tornadus|[spread] p1a,p1b
|-activate|p1b: Terapagos|ability: Tera Shell
|-resisted|p1b: Terapagos
|-damage|p1a: Tornadus|0 fnt
|-damage|p1b: Terapagos|64/100
|faint|p1a: Tornadus
|
|-weather|RainDance|[upkeep]
|upkeep
|
|t:|1750824859
|switch|p1a: Incineroar|Incineroar, L50, M, tera:Ghost|100/100
|-ability|p1a: Incineroar|Intimidate|boost
|-unboost|p2a: Zacian|atk|1
|-unboost|p2b: Kyogre|atk|1
|turn|3
|
|t:|1750824885
|switch|p2a: Indeedee|Indeedee-F, L50, F|100/100
|-fieldstart|move: Psychic Terrain|[from] ability: Psychic Surge|[of] p2a: Indeedee
|move|p1b: Terapagos|Tera Starstorm|p2b: Kyogre
|-damage|p2b: Kyogre|29/100
|move|p1a: Incineroar|Parting Shot|p2b: Kyogre
|-unboost|p2b: Kyogre|atk|1
|-unboost|p2b: Kyogre|spa|1
|
|t:|1750824901
|switch|p1a: Smeargle|Smeargle, L50, M|100/100|[from] Parting Shot
|move|p2b: Kyogre|Origin Pulse|p1b: Terapagos|[spread] p1a,p1b
|-enditem|p1a: Smeargle|Focus Sash
|-damage|p1a: Smeargle|1/100
|-damage|p1b: Terapagos|13/100
|-enditem|p1b: Terapagos|Sitrus Berry|[eat]
|-heal|p1b: Terapagos|38/100|[from] item: Sitrus Berry
|
|-weather|RainDance|[upkeep]
|-ability|p1a: Smeargle|Moody|boost
|-boost|p1a: Smeargle|atk|2
|-unboost|p1a: Smeargle|spa|1
|upkeep
|turn|4
|
|t:|1750824932
|switch|p2a: Brute Bonnet|Brute Bonnet, L50|100/100
|-enditem|p2a: Brute Bonnet|Booster Energy
|-activate|p2a: Brute Bonnet|ability: Protosynthesis|[fromitem]
|-start|p2a: Brute Bonnet|protosynthesisspd
|move|p2b: Kyogre|Protect|p2b: Kyogre
|-singleturn|p2b: Kyogre|Protect
|move|p1a: Smeargle|Spore|p2b: Kyogre
|-activate|p2b: Kyogre|move: Protect
|move|p1b: Terapagos|Tera Starstorm|p2a: Brute Bonnet
|-damage|p2a: Brute Bonnet|74/100
|
|-weather|RainDance|[upkeep]
|-sideend|p1: Mobile Bunny|move: Tailwind
|-ability|p1a: Smeargle|Moody|boost
|-boost|p1a: Smeargle|spe|2
|-unboost|p1a: Smeargle|atk|1
|upkeep
|turn|5
|
|t:|1750824973
|-terastallize|p2b: Kyogre|Grass
|move|p1a: Smeargle|Decorate|p1b: Terapagos
|-boost|p1b: Terapagos|atk|2
|-boost|p1b: Terapagos|spa|2
|move|p1b: Terapagos|Tera Starstorm|p2b: Kyogre
|-damage|p2b: Kyogre|0 fnt
|faint|p2b: Kyogre
|move|p2a: Brute Bonnet|Seed Bomb|p1b: Terapagos
|-damage|p1b: Terapagos|10/100
|
|-weather|none
|-ability|p1a: Smeargle|Moody|boost
|-boost|p1a: Smeargle|def|2
|-unboost|p1a: Smeargle|spe|1
|upkeep
|
|t:|1750824997
|switch|p2b: Zacian|Zacian-Crowned, L50|86/100
|turn|6
|
|t:|1750825019
|move|p2b: Zacian|Protect|p2b: Zacian
|-singleturn|p2b: Zacian|Protect
|move|p1a: Smeargle|Follow Me|p1a: Smeargle
|-singleturn|p1a: Smeargle|move: Follow Me
|move|p1b: Terapagos|Tera Starstorm|p2a: Brute Bonnet
|-damage|p2a: Brute Bonnet|28/100
|move|p2a: Brute Bonnet|Spore|p1a: Smeargle
|-status|p1a: Smeargle|slp|[from] move: Spore
|
|-ability|p1a: Smeargle|Moody|boost
|-boost|p1a: Smeargle|def|2
|-unboost|p1a: Smeargle|atk|1
|upkeep
|turn|7
|
|t:|1750825036
|switch|p1a: Incineroar|Incineroar, L50, M, tera:Ghost|100/100
|-ability|p1a: Incineroar|Intimidate|boost
|-unboost|p2a: Brute Bonnet|atk|1
|-unboost|p2b: Zacian|atk|1
|move|p1b: Terapagos|Protect|p1b: Terapagos
|-singleturn|p1b: Terapagos|Protect
|move|p2b: Zacian|Behemoth Blade|p1b: Terapagos
|-activate|p1b: Terapagos|move: Protect
|move|p2a: Brute Bonnet|Seed Bomb|p1a: Incineroar
|-damage|p1a: Incineroar|82/100
|
|-fieldend|move: Psychic Terrain
|upkeep
|turn|8
|
|t:|1750825070
|move|p2b: Zacian|Protect|p2b: Zacian
|-singleturn|p2b: Zacian|Protect
|move|p2a: Brute Bonnet|Protect|p2a: Brute Bonnet
|-singleturn|p2a: Brute Bonnet|Protect
|move|p1a: Incineroar|Fake Out|p2b: Zacian
|-activate|p2b: Zacian|move: Protect
|move|p1b: Terapagos|Tera Starstorm|p2a: Brute Bonnet
|-activate|p2a: Brute Bonnet|move: Protect
|
|upkeep
|turn|9
|
|t:|1750825091
|move|p1b: Terapagos|Protect|p1b: Terapagos
|-singleturn|p1b: Terapagos|Protect
|move|p2a: Brute Bonnet|Sucker Punch|p1a: Incineroar
|-supereffective|p1a: Incineroar
|-damage|p1a: Incineroar|52/100
|move|p2b: Zacian|Behemoth Blade|p1a: Incineroar
|-damage|p1a: Incineroar|24/100
|move|p1a: Incineroar|Flare Blitz|p2b: Zacian
|-supereffective|p2b: Zacian
|-damage|p2b: Zacian|0 fnt
|faint|p2b: Zacian
|-damage|p1a: Incineroar|0 fnt|[from] Recoil
|faint|p1a: Incineroar
|
|upkeep
|
|t:|1750825103
|switch|p2b: Indeedee|Indeedee-F, L50, F|100/100
|switch|p1a: Smeargle|Smeargle, L50, M|1/100 slp
|-fieldstart|move: Psychic Terrain|[from] ability: Psychic Surge|[of] p2b: Indeedee
|turn|10
|
|t:|1750825117
|cant|p1a: Smeargle|slp
|move|p2b: Indeedee|Follow Me|p2b: Indeedee
|-singleturn|p2b: Indeedee|move: Follow Me
|move|p1b: Terapagos|Dark Pulse|p2b: Indeedee
|-supereffective|p2b: Indeedee
|-damage|p2b: Indeedee|15/100
|move|p2a: Brute Bonnet|Seed Bomb|p1b: Terapagos
|-damage|p1b: Terapagos|0 fnt
|faint|p1b: Terapagos
|
|-ability|p1a: Smeargle|Moody|boost
|-boost|p1a: Smeargle|def|2
|-unboost|p1a: Smeargle|atk|1
|upkeep
|turn|11
|-message|Mobile Bunny forfeited.
|
|win|laron13
|raw|Mobile Bunny's rating: 1389 &rarr; <strong>1370</strong><br />(-19 for losing)
|raw|laron13's rating: 1411 &rarr; <strong>1430</strong><br />(+19 for winning)
|l|☆Mobile Bunny
|player|p1|
|l|‽laron13
|player|p2|
