|j|☆natsuki aoya
|j|☆doc FULLWHITE
|t:|1750837388
|gametype|doubles
|player|p1|natsuki aoya|erika|1315
|player|p2|doc FULLWHITE|dragontamer|1351
|teamsize|p1|6
|teamsize|p2|6
|gen|9
|tier|[Gen 9] VGC 2025 Reg I
|rated|
|rule|Species Clause: Limit one of each Pokémon
|rule|Item Clause: Limit 1 of each item
|clearpoke
|poke|p1|Calyrex-Ice, L50|
|poke|p1|Kyogre, L50|
|poke|p1|Whimsicott, L50, F|
|poke|p1|Tsareena, L50, F|
|poke|p1|Raging Bolt, L50|
|poke|p1|Swampert, L50, M|
|poke|p2|Miraidon, L50|
|poke|p2|Lunala, L50|
|poke|p2|Incineroar, L50, M|
|poke|p2|Grimmsnarl, L50, M|
|poke|p2|Iron Hands, L50|
|poke|p2|Iron Bundle, L50|
|teampreview|4
|inactive|Battle timer is ON: inactive players will automatically lose when time's up. (requested by doc FULLWHITE)
|inactive|doc FULLWHITE has 60 seconds left.
|
|t:|1750837435
|start
|switch|p1a: Whimsicott|Whimsicott, L50, F|100/100
|switch|p1b: Raging Bolt|Raging Bolt, L50|100/100
|switch|p2a: Iron Bundle|Iron Bundle, L50|100/100
|switch|p2b: Miraidon|Miraidon, L50|100/100
|-fieldstart|move: Electric Terrain|[from] ability: Hadron Engine|[of] p2b: Miraidon
|-activate|p2a: Iron Bundle|ability: Quark Drive
|-start|p2a: Iron Bundle|quarkdrivespe
|turn|1
|inactive|natsuki aoya has 30 seconds left.
|inactive|doc FULLWHITE has 30 seconds left.
|inactive|natsuki aoya has 20 seconds left.
|
|t:|1750837471
|move|p1b: Raging Bolt|Protect|p1b: Raging Bolt
|-singleturn|p1b: Raging Bolt|Protect
|move|p2a: Iron Bundle|Icy Wind|p1b: Raging Bolt|[spread] p1a
|-activate|p1b: Raging Bolt|move: Protect
|-supereffective|p1a: Whimsicott
|-damage|p1a: Whimsicott|61/100
|-unboost|p1a: Whimsicott|spe|1
|move|p2b: Miraidon|Volt Switch|p1b: Raging Bolt
|-activate|p1b: Raging Bolt|move: Protect
|move|p1a: Whimsicott|Trick Room|p1a: Whimsicott
|-fieldstart|move: Trick Room|[of] p1a: Whimsicott
|
|upkeep
|turn|2
|inactive|natsuki aoya has 30 seconds left.
|inactive|natsuki aoya has 20 seconds left.
|inactive|natsuki aoya has 15 seconds left.
|inactive|natsuki aoya has 10 seconds left.
|
|t:|1750837519
|switch|p2b: Lunala|Lunala, L50|100/100
|move|p2a: Iron Bundle|Protect|p2a: Iron Bundle
|-singleturn|p2a: Iron Bundle|Protect
|move|p1a: Whimsicott|Memento|p2b: Lunala
|-unboost|p2b: Lunala|atk|2
|-unboost|p2b: Lunala|spa|2
|faint|p1a: Whimsicott
|move|p1b: Raging Bolt|Draco Meteor|p2a: Iron Bundle
|-activate|p2a: Iron Bundle|move: Protect
|
|upkeep
|
|t:|1750837536
|switch|p1a: Kyogre|Kyogre, L50|100/100
|-weather|RainDance|[from] ability: Drizzle|[of] p1a: Kyogre
|turn|3
|
|t:|1750837561
|-end|p2a: Iron Bundle|Quark Drive|[silent]
|switch|p2a: Iron Hands|Iron Hands, L50|100/100
|-activate|p2a: Iron Hands|ability: Quark Drive
|-start|p2a: Iron Hands|quarkdriveatk
|-terastallize|p1a: Kyogre|Water
|move|p2b: Lunala|Protect|p2b: Lunala
|-singleturn|p2b: Lunala|Protect
|move|p1b: Raging Bolt|Thunder|p2b: Lunala
|-activate|p2b: Lunala|move: Protect
|move|p1a: Kyogre|Water Spout|p2a: Iron Hands|[spread] p2a
|-activate|p2b: Lunala|move: Protect
|-damage|p2a: Iron Hands|0 fnt
|faint|p2a: Iron Hands
|-end|p2a: Iron Hands|Quark Drive|[silent]
|
|-weather|RainDance|[upkeep]
|upkeep
|
|t:|1750837583
|switch|p2a: Iron Bundle|Iron Bundle, L50|100/100
|-activate|p2a: Iron Bundle|ability: Quark Drive
|-start|p2a: Iron Bundle|quarkdrivespe
|turn|4
|inactive|natsuki aoya has 30 seconds left.
|
|t:|1750837617
|switch|p2b: Miraidon|Miraidon, L50|100/100
|-activate|p2b: Miraidon|ability: Hadron Engine
|move|p1b: Raging Bolt|Thunder|p2a: Iron Bundle
|-supereffective|p2a: Iron Bundle
|-enditem|p2a: Iron Bundle|Focus Sash
|-damage|p2a: Iron Bundle|1/100
|-damage|p1b: Raging Bolt|91/100|[from] item: Life Orb
|move|p1a: Kyogre|Water Spout|p2a: Iron Bundle|[spread] p2a,p2b
|-resisted|p2a: Iron Bundle
|-resisted|p2b: Miraidon
|-damage|p2a: Iron Bundle|0 fnt
|-damage|p2b: Miraidon|2/100
|faint|p2a: Iron Bundle
|-end|p2a: Iron Bundle|Quark Drive|[silent]
|
|-weather|RainDance|[upkeep]
|upkeep
|
|t:|1750837631
|switch|p2a: Lunala|Lunala, L50|100/100
|turn|5
|inactive|natsuki aoya has 30 seconds left.
|inactive|natsuki aoya has 20 seconds left.
|inactive|natsuki aoya has 15 seconds left.
|inactive|natsuki aoya has 10 seconds left.
|
|t:|1750837677
|move|p2a: Lunala|Protect|p2a: Lunala
|-singleturn|p2a: Lunala|Protect
|move|p1b: Raging Bolt|Thunder|p2b: Miraidon
|-resisted|p2b: Miraidon
|-damage|p2b: Miraidon|0 fnt
|faint|p2b: Miraidon
|-damage|p1b: Raging Bolt|81/100|[from] item: Life Orb
|move|p1a: Kyogre|Water Spout|p2a: Lunala
|-activate|p2a: Lunala|move: Protect
|
|-weather|RainDance|[upkeep]
|-fieldend|move: Trick Room
|-fieldend|move: Electric Terrain
|upkeep
|turn|6
|
|t:|1750837698
|move|p2a: Lunala|Calm Mind|p2a: Lunala
|-boost|p2a: Lunala|spa|1
|-boost|p2a: Lunala|spd|1
|move|p1a: Kyogre|Water Spout|p2a: Lunala
|-damage|p2a: Lunala|32/100
|move|p1b: Raging Bolt|Thunder|p2a: Lunala
|-damage|p2a: Lunala|0 fnt
|faint|p2a: Lunala
|-damage|p1b: Raging Bolt|72/100|[from] item: Life Orb
|
|win|natsuki aoya
|raw|natsuki aoya's rating: 1315 &rarr; <strong>1337</strong><br />(+22 for winning)
|raw|doc FULLWHITE's rating: 1351 &rarr; <strong>1329</strong><br />(-22 for losing)
