|j|☆ihopeafairmatch
|j|☆Wildgoobys
|t:|1750755634
|gametype|doubles
|player|p1|ihopeafairmatch|ghetsis|1481
|player|p2|Wildgoobys|ethan|1517
|teamsize|p1|6
|teamsize|p2|6
|gen|9
|tier|[Gen 9] VGC 2025 Reg I
|rated|
|rule|Species Clause: Limit one of each Pokémon
|rule|Item Clause: Limit 1 of each item
|clearpoke
|poke|p1|Miraidon, L50|
|poke|p1|Terapagos, L50, M|
|poke|p1|Grimmsnarl, L50, M|
|poke|p1|Sinistcha, L50|
|poke|p1|Incineroar, L50, F|
|poke|p1|Iron Hands, L50|
|poke|p2|Lapras, L50, M|
|poke|p2|Scream Tail, L50|
|poke|p2|Gothitelle, L50, F|
|poke|p2|Koraidon, L50|
|poke|p2|Zamazenta-*, L50|
|poke|p2|Iron Treads, L50|
|teampreview|4
|inactive|Battle timer is ON: inactive players will automatically lose when time's up. (requested by ihopeafairmatch)
|inactive|ihopeafairmatch has 60 seconds left.
|
|t:|1750755672
|start
|switch|p1a: Incineroar|Incineroar, L50, F|100/100
|switch|p1b: Miraidon|Miraidon, L50|100/100
|switch|p2a: Scream Tail|Scream Tail, L50|100/100
|switch|p2b: Koraidon|Koraidon, L50|100/100
|-weather|SunnyDay|[from] ability: Orichalcum Pulse|[of] p2b: Koraidon
|-activate|p2a: Scream Tail|ability: Protosynthesis
|-start|p2a: Scream Tail|protosynthesisspe
|-activate|p2b: Koraidon|Orichalcum Pulse|[source]
|-fieldstart|move: Electric Terrain|[from] ability: Hadron Engine|[of] p1b: Miraidon
|-ability|p1a: Incineroar|Intimidate|boost
|-unboost|p2a: Scream Tail|atk|1
|-unboost|p2b: Koraidon|atk|1
|turn|1
|
|t:|1750755687
|-end|p2a: Scream Tail|Protosynthesis|[silent]
|switch|p2a: Iron Treads|Iron Treads, L50|100/100
|-activate|p2a: Iron Treads|ability: Quark Drive
|-start|p2a: Iron Treads|quarkdrivespe
|move|p2b: Koraidon|Protect|p2b: Koraidon
|-singleturn|p2b: Koraidon|Protect
|move|p1a: Incineroar|Fake Out|p2b: Koraidon
|-activate|p2b: Koraidon|move: Protect
|move|p1b: Miraidon|Volt Switch|p2a: Iron Treads
|-immune|p2a: Iron Treads
|
|-weather|SunnyDay|[upkeep]
|upkeep
|turn|2
|inactive|ihopeafairmatch has 30 seconds left.
|inactive|Wildgoobys has 30 seconds left.
|
|t:|1750755715
|switch|p1b: Sinistcha|Sinistcha, L50|100/100
|-terastallize|p2b: Koraidon|Fire
|move|p2a: Iron Treads|High Horsepower|p1b: Sinistcha
|-resisted|p1b: Sinistcha
|-damage|p1b: Sinistcha|81/100
|move|p2b: Koraidon|Close Combat|p1a: Incineroar
|-supereffective|p1a: Incineroar
|-damage|p1a: Incineroar|0 fnt
|-unboost|p2b: Koraidon|def|1
|-unboost|p2b: Koraidon|spd|1
|-damage|p2b: Koraidon|84/100|[from] item: Rocky Helmet|[of] p1a: Incineroar
|faint|p1a: Incineroar
|-damage|p2b: Koraidon|74/100|[from] item: Life Orb
|
|-weather|SunnyDay|[upkeep]
|upkeep
|
|t:|1750755728
|switch|p1a: Miraidon|Miraidon, L50|100/100
|-activate|p1a: Miraidon|ability: Hadron Engine
|turn|3
|
|t:|1750755739
|move|p1b: Sinistcha|Rage Powder|p1b: Sinistcha
|-singleturn|p1b: Sinistcha|move: Rage Powder
|move|p2a: Iron Treads|Ice Spinner|p1b: Sinistcha
|-supereffective|p1b: Sinistcha
|-damage|p1b: Sinistcha|36/100
|-fieldend|move: Electric Terrain
|-end|p2a: Iron Treads|Quark Drive
|move|p2b: Koraidon|Flare Blitz|p1b: Sinistcha
|-supereffective|p1b: Sinistcha
|-damage|p1b: Sinistcha|0 fnt
|faint|p1b: Sinistcha
|-damage|p2b: Koraidon|62/100|[from] Recoil
|-damage|p2b: Koraidon|52/100|[from] item: Life Orb
|move|p1a: Miraidon|Volt Switch|p2b: Koraidon
|-damage|p2b: Koraidon|0 fnt
|faint|p2b: Koraidon
|
|t:|1750755743
|switch|p1a: Terapagos|Terapagos, L50, M|100/100|[from] Volt Switch
|-activate|p1a: Terapagos|ability: Tera Shift
|detailschange|p1a: Terapagos|Terapagos-Terastal, L50, M
|-heal|p1a: Terapagos|100/100|[silent]
|
|-weather|SunnyDay|[upkeep]
|upkeep
|
|t:|1750755754
|switch|p2b: Scream Tail|Scream Tail, L50|100/100
|switch|p1b: Miraidon|Miraidon, L50|100/100
|-fieldstart|move: Electric Terrain|[from] ability: Hadron Engine|[of] p1b: Miraidon
|-activate|p2a: Iron Treads|ability: Quark Drive
|-start|p2a: Iron Treads|quarkdrivespe
|-enditem|p1a: Terapagos|Electric Seed
|-boost|p1a: Terapagos|def|1|[from] item: Electric Seed
|-activate|p2b: Scream Tail|ability: Protosynthesis
|-start|p2b: Scream Tail|protosynthesisspe
|turn|4
|
|t:|1750755776
|-terastallize|p1a: Terapagos|Stellar
|detailschange|p1a: Terapagos|Terapagos-Stellar, L50, M, tera:Stellar
|-heal|p1a: Terapagos|100/100|[silent]
|-ability|p1a: Terapagos|Teraform Zero
|-weather|none
|-end|p2b: Scream Tail|Protosynthesis
|-fieldend|move: Electric Terrain
|-end|p2a: Iron Treads|Quark Drive
|-enditem|p2b: Scream Tail|Booster Energy
|-activate|p2b: Scream Tail|ability: Protosynthesis|[fromitem]
|-start|p2b: Scream Tail|protosynthesisspe
|move|p2b: Scream Tail|Perish Song|p2b: Scream Tail
|-start|p1a: Terapagos|perish3|[silent]
|-start|p1b: Miraidon|perish3|[silent]
|-start|p2a: Iron Treads|perish3|[silent]
|-start|p2b: Scream Tail|perish3|[silent]
|-fieldactivate|move: Perish Song
|move|p1b: Miraidon|Electro Drift|p2b: Scream Tail
|-damage|p2b: Scream Tail|45/100
|move|p2a: Iron Treads|High Horsepower|p1b: Miraidon
|-supereffective|p1b: Miraidon
|-damage|p1b: Miraidon|23/100
|move|p1a: Terapagos|Tera Starstorm|p2b: Scream Tail|[spread] p2a,p2b
|-damage|p2a: Iron Treads|71/100
|-damage|p2b: Scream Tail|23/100
|
|-start|p2b: Scream Tail|perish3
|-start|p1b: Miraidon|perish3
|-start|p2a: Iron Treads|perish3
|-start|p1a: Terapagos|perish3
|upkeep
|turn|5
|inactive|Wildgoobys has 30 seconds left.
|inactive|Wildgoobys has 20 seconds left.
|inactive|Wildgoobys has 15 seconds left.
|
|t:|1750755817
|move|p2b: Scream Tail|Disable|p1b: Miraidon
|-start|p1b: Miraidon|Disable|Electro Drift
|cant|p1b: Miraidon|Disable|Electro Drift
|move|p2a: Iron Treads|Iron Head|p1a: Terapagos
|-damage|p1a: Terapagos|86/100
|move|p1a: Terapagos|Calm Mind|p1a: Terapagos
|-boost|p1a: Terapagos|spa|1
|-boost|p1a: Terapagos|spd|1
|
|-start|p2b: Scream Tail|perish2
|-start|p1b: Miraidon|perish2
|-start|p2a: Iron Treads|perish2
|-start|p1a: Terapagos|perish2
|upkeep
|turn|6
|
|t:|1750755831
|move|p2b: Scream Tail|Encore|p1a: Terapagos
|-start|p1a: Terapagos|Encore
|-activate|p1b: Miraidon|move: Struggle
|move|p1b: Miraidon|Struggle|p2b: Scream Tail
|-crit|p2b: Scream Tail
|-damage|p2b: Scream Tail|13/100
|-damage|p1b: Miraidon|0 fnt|[from] recoil
|faint|p1b: Miraidon
|move|p2a: Iron Treads|High Horsepower|p1a: Terapagos
|-damage|p1a: Terapagos|70/100
|move|p1a: Terapagos|Calm Mind|p1a: Terapagos
|-boost|p1a: Terapagos|spa|1
|-boost|p1a: Terapagos|spd|1
|
|-start|p2b: Scream Tail|perish1
|-start|p2a: Iron Treads|perish1
|-start|p1a: Terapagos|perish1
|upkeep
|turn|7
|c|☆ihopeafairmatch|F u c k you
|-message|ihopeafairmatch forfeited.
|
|win|Wildgoobys
