|j|☆Lewissquire
|j|☆itsmemichiel
|t:|1750801110
|gametype|doubles
|player|p1|Lewissquire|170|1374
|player|p2|itsmemichiel|266|1380
|teamsize|p1|6
|teamsize|p2|6
|gen|9
|tier|[Gen 9] VGC 2025 Reg I
|rated|
|rule|Species Clause: Limit one of each Pokémon
|rule|Item Clause: Limit 1 of each item
|clearpoke
|poke|p1|Zamazenta-*, L50|
|poke|p1|Raging Bolt, L50|
|poke|p1|Incineroar, L50, F|
|poke|p1|Rillaboom, L50, M|
|poke|p1|Ogerpon-Hearthflame, L50, F|
|poke|p1|Calyrex-Shadow, L50|
|poke|p2|Kyogre, L50|
|poke|p2|Urshifu-*, L50, M|
|poke|p2|Enamorus-Therian, L50, F|
|poke|p2|Calyrex-Ice, L50|
|poke|p2|Incineroar, L50, M|
|poke|p2|Amoonguss, L50, M|
|teampreview|4
|j| jmcantador10
|
|t:|1750801167
|start
|switch|p1a: Calyrex|Calyrex-Shadow, L50|100/100
|switch|p1b: Incineroar|Incineroar, L50, F|100/100
|switch|p2a: Calyrex|Calyrex-Ice, L50|100/100
|switch|p2b: Incineroar|Incineroar, L50, M|100/100
|-ability|p1a: Calyrex|As One
|-ability|p1a: Calyrex|Unnerve
|-ability|p2a: Calyrex|As One
|-ability|p2a: Calyrex|Unnerve
|-ability|p2b: Incineroar|Intimidate|boost
|-unboost|p1a: Calyrex|atk|1
|-unboost|p1b: Incineroar|atk|1
|-ability|p1b: Incineroar|Intimidate|boost
|-fail|p2a: Calyrex|unboost|[from] item: Clear Amulet|[of] p2a: Calyrex
|-unboost|p2b: Incineroar|atk|1
|turn|1
|
|t:|1750801192
|switch|p1a: Zamazenta|Zamazenta-Crowned, L50|100/100
|-ability|p1a: Zamazenta|Dauntless Shield|boost
|-boost|p1a: Zamazenta|def|1
|move|p2a: Calyrex|Protect|p2a: Calyrex
|-singleturn|p2a: Calyrex|Protect
|move|p2b: Incineroar|Parting Shot|p1a: Zamazenta
|-unboost|p1a: Zamazenta|atk|1
|-unboost|p1a: Zamazenta|spa|1
|
|t:|1750801202
|switch|p2b: Amoonguss|Amoonguss, L50, M|100/100|[from] Parting Shot
|move|p1b: Incineroar|Knock Off|p2a: Calyrex
|-activate|p2a: Calyrex|move: Protect
|
|upkeep
|turn|2
|
|t:|1750801231
|move|p1a: Zamazenta|Protect|p1a: Zamazenta
|-singleturn|p1a: Zamazenta|Protect
|move|p2b: Amoonguss|Rage Powder|p2b: Amoonguss
|-singleturn|p2b: Amoonguss|move: Rage Powder
|move|p1b: Incineroar|Will-O-Wisp|p2b: Amoonguss
|-status|p2b: Amoonguss|brn
|move|p2a: Calyrex|Trick Room|p2a: Calyrex
|-fieldstart|move: Trick Room|[of] p2a: Calyrex
|
|-damage|p2b: Amoonguss|95/100 brn|[from] brn
|upkeep
|turn|3
|
|t:|1750801268
|-terastallize|p2a: Calyrex|Fire
|move|p2a: Calyrex|Stomping Tantrum|p1b: Incineroar
|-supereffective|p1b: Incineroar
|-damage|p1b: Incineroar|59/100
|-damage|p2a: Calyrex|84/100|[from] item: Rocky Helmet|[of] p1b: Incineroar
|move|p2b: Amoonguss|Spore|p1a: Zamazenta
|-status|p1a: Zamazenta|slp|[from] move: Spore
|move|p1b: Incineroar|Knock Off|p2a: Calyrex
|-damage|p2a: Calyrex|72/100
|-enditem|p2a: Calyrex|Clear Amulet|[from] move: Knock Off|[of] p1b: Incineroar
|cant|p1a: Zamazenta|slp
|
|-damage|p2b: Amoonguss|89/100 brn|[from] brn
|upkeep
|turn|4
|
|t:|1750801304
|switch|p2b: Enamorus|Enamorus-Therian, L50, F|100/100
|cant|p1a: Zamazenta|slp
|move|p2a: Calyrex|Glacial Lance|p1b: Incineroar|[spread] p1a,p1b
|-resisted|p1a: Zamazenta
|-resisted|p1b: Incineroar
|-damage|p1a: Zamazenta|92/100 slp
|-damage|p1b: Incineroar|41/100
|move|p1b: Incineroar|Parting Shot|p2a: Calyrex
|-unboost|p2a: Calyrex|atk|1
|-unboost|p2a: Calyrex|spa|1
|
|t:|1750801316
|switch|p1b: Rillaboom|Rillaboom, L50, M|100/100|[from] Parting Shot
|-fieldstart|move: Grassy Terrain|[from] ability: Grassy Surge|[of] p1b: Rillaboom
|
|-heal|p2a: Calyrex|78/100|[from] Grassy Terrain
|-heal|p1a: Zamazenta|98/100 slp|[from] Grassy Terrain
|upkeep
|turn|5
|
|t:|1750801343
|move|p1b: Rillaboom|Fake Out|p2b: Enamorus
|-damage|p2b: Enamorus|84/100
|move|p2a: Calyrex|Glacial Lance|p1b: Rillaboom|[spread] p1a,p1b
|-resisted|p1a: Zamazenta
|-supereffective|p1b: Rillaboom
|-damage|p1a: Zamazenta|92/100 slp
|-damage|p1b: Rillaboom|41/100
|cant|p2b: Enamorus|flinch
|-curestatus|p1a: Zamazenta|slp|[msg]
|move|p1a: Zamazenta|Body Press|p2a: Calyrex
|-damage|p2a: Calyrex|45/100
|
|-heal|p2a: Calyrex|51/100|[from] Grassy Terrain
|-heal|p1b: Rillaboom|47/100|[from] Grassy Terrain
|-heal|p1a: Zamazenta|98/100|[from] Grassy Terrain
|upkeep
|turn|6
|
|t:|1750801362
|switch|p1b: Incineroar|Incineroar, L50, F|41/100
|-ability|p1b: Incineroar|Intimidate|boost
|-unboost|p2a: Calyrex|atk|1
|-unboost|p2b: Enamorus|atk|1
|move|p1a: Zamazenta|Protect|p1a: Zamazenta
|-singleturn|p1a: Zamazenta|Protect
|move|p2a: Calyrex|Glacial Lance|p1b: Incineroar|[spread] p1b
|-activate|p1a: Zamazenta|move: Protect
|-resisted|p1b: Incineroar
|-damage|p1b: Incineroar|31/100
|move|p2b: Enamorus|Earth Power|p1b: Incineroar
|-supereffective|p1b: Incineroar
|-damage|p1b: Incineroar|0 fnt
|faint|p1b: Incineroar
|
|-heal|p2a: Calyrex|57/100|[from] Grassy Terrain
|-heal|p1a: Zamazenta|100/100|[from] Grassy Terrain
|-fieldend|move: Trick Room
|upkeep
|
|t:|1750801381
|switch|p1b: Calyrex|Calyrex-Shadow, L50|100/100
|-ability|p1b: Calyrex|As One
|-ability|p1b: Calyrex|Unnerve
|turn|7
|inactive|Battle timer is ON: inactive players will automatically lose when time's up. (requested by Lewissquire)
|
|t:|1750801406
|move|p2a: Calyrex|Protect|p2a: Calyrex
|-singleturn|p2a: Calyrex|Protect
|move|p1b: Calyrex|Astral Barrage|p2b: Enamorus|[spread] p2b
|-activate|p2a: Calyrex|move: Protect
|-damage|p2b: Enamorus|45/100
|-damage|p1b: Calyrex|91/100|[from] item: Life Orb
|move|p1a: Zamazenta|Body Press|p2a: Calyrex
|-activate|p2a: Calyrex|move: Protect
|move|p2b: Enamorus|Earth Power|p1a: Zamazenta
|-supereffective|p1a: Zamazenta
|-damage|p1a: Zamazenta|54/100
|
|-heal|p1b: Calyrex|97/100|[from] Grassy Terrain
|-heal|p1a: Zamazenta|60/100|[from] Grassy Terrain
|-heal|p2a: Calyrex|63/100|[from] Grassy Terrain
|upkeep
|turn|8
|inactive|itsmemichiel has 30 seconds left.
|
|t:|1750801433
|move|p1b: Calyrex|Astral Barrage|p2b: Enamorus|[spread] p2a,p2b
|-damage|p2a: Calyrex|21/100
|-damage|p2b: Enamorus|2/100
|-damage|p1b: Calyrex|87/100|[from] item: Life Orb
|move|p1a: Zamazenta|Body Press|p2a: Calyrex
|-damage|p2a: Calyrex|0 fnt
|faint|p2a: Calyrex
|move|p2b: Enamorus|Earth Power|p1a: Zamazenta
|-supereffective|p1a: Zamazenta
|-crit|p1a: Zamazenta
|-damage|p1a: Zamazenta|0 fnt
|faint|p1a: Zamazenta
|
|-heal|p1b: Calyrex|93/100|[from] Grassy Terrain
|-fieldend|move: Grassy Terrain
|upkeep
|
|t:|1750801452
|switch|p1a: Rillaboom|Rillaboom, L50, M|47/100
|switch|p2a: Incineroar|Incineroar, L50, M|100/100
|-fieldstart|move: Grassy Terrain|[from] ability: Grassy Surge|[of] p1a: Rillaboom
|-ability|p2a: Incineroar|Intimidate|boost
|-unboost|p1a: Rillaboom|atk|1
|-unboost|p1b: Calyrex|atk|1
|turn|9
|inactive|itsmemichiel has 30 seconds left.
|
|t:|1750801487
|switch|p2b: Amoonguss|Amoonguss, L50, M|100/100 brn
|move|p1a: Rillaboom|Fake Out|p2a: Incineroar
|-damage|p2a: Incineroar|91/100
|move|p1b: Calyrex|Astral Barrage|p2b: Amoonguss|[spread] p2a,p2b
|-resisted|p2a: Incineroar
|-crit|p2b: Amoonguss
|-damage|p2a: Incineroar|69/100
|-damage|p2b: Amoonguss|34/100 brn
|-damage|p1b: Calyrex|84/100|[from] item: Life Orb
|move|p2a: Incineroar|Flare Blitz|p1b: Calyrex
|-damage|p1b: Calyrex|39/100
|-damage|p2a: Incineroar|55/100|[from] Recoil
|
|-heal|p1b: Calyrex|45/100|[from] Grassy Terrain
|-heal|p1a: Rillaboom|53/100|[from] Grassy Terrain
|-heal|p2a: Incineroar|61/100|[from] Grassy Terrain
|-heal|p2b: Amoonguss|40/100 brn|[from] Grassy Terrain
|-damage|p2b: Amoonguss|34/100 brn|[from] brn
|upkeep
|turn|10
|inactive|Lewissquire has 30 seconds left.
|
|t:|1750801518
|move|p2b: Amoonguss|Rage Powder|p2b: Amoonguss
|-singleturn|p2b: Amoonguss|move: Rage Powder
|move|p1b: Calyrex|Astral Barrage|p2a: Incineroar|[spread] p2a,p2b
|-resisted|p2a: Incineroar
|-damage|p2a: Incineroar|38/100
|-damage|p2b: Amoonguss|0 fnt
|faint|p2b: Amoonguss
|-ability|p1b: Calyrex|Grim Neigh|boost
|-boost|p1b: Calyrex|spa|1
|-damage|p1b: Calyrex|35/100|[from] item: Life Orb
|move|p1a: Rillaboom|Wood Hammer|p2a: Incineroar
|-resisted|p2a: Incineroar
|-damage|p2a: Incineroar|10/100
|-damage|p1a: Rillaboom|44/100|[from] Recoil
|move|p2a: Incineroar|Flare Blitz|p1b: Calyrex
|-damage|p1b: Calyrex|0 fnt
|faint|p1b: Calyrex
|-damage|p2a: Incineroar|0 fnt|[from] Recoil
|faint|p2a: Incineroar
|
|-heal|p1a: Rillaboom|50/100|[from] Grassy Terrain
|upkeep
|
|t:|1750801533
|switch|p2b: Enamorus|Enamorus-Therian, L50, F|2/100
|turn|11
|c|☆Lewissquire|Gg
|
|t:|1750801552
|move|p1a: Rillaboom|Grassy Glide|p2b: Enamorus
|-resisted|p2b: Enamorus
|-damage|p2b: Enamorus|0 fnt
|faint|p2b: Enamorus
|
|win|Lewissquire
|raw|Lewissquire's rating: 1374 &rarr; <strong>1394</strong><br />(+20 for winning)
|raw|itsmemichiel's rating: 1380 &rarr; <strong>1360</strong><br />(-20 for losing)
|l|☆itsmemichiel
|player|p2|
|l| jmcantador10
