|j|☆anubisjr
|j|☆ilikebluebanana
|t:|1750807587
|gametype|doubles
|player|p1|anubisjr|265|1546
|player|p2|ilikebluebanana|102|1587
|teamsize|p1|6
|teamsize|p2|6
|gen|9
|tier|[Gen 9] VGC 2025 Reg I
|rated|
|rule|Species Clause: Limit one of each Pokémon
|rule|Item Clause: Limit 1 of each item
|clearpoke
|poke|p1|Calyrex-Shadow, L50|
|poke|p1|Miraidon, L50|
|poke|p1|Whimsicott, L50, F|
|poke|p1|Iron Treads, L50|
|poke|p1|Urshifu-*, L50, F|
|poke|p1|Iron Hands, L50|
|poke|p2|Ting-Lu, L50|
|poke|p2|Calyrex-Shadow, L50|
|poke|p2|Rillaboom, L50, M|
|poke|p2|Indeedee-F, L50, F|
|poke|p2|Zamazenta-*, L50|
|poke|p2|Comfey, L50, F|
|teampreview|4
|inactive|Battle timer is ON: inactive players will automatically lose when time's up. (requested by ilikebluebanana)
|
|t:|1750807611
|start
|switch|p1a: Calyrex|Calyrex-Shadow, L50|100/100
|switch|p1b: Iron Hands|Iron Hands, L50|100/100
|switch|p2a: Calyrex|Calyrex-Shadow, L50|100/100
|switch|p2b: Rillaboom|Rillaboom, L50, M|100/100
|-ability|p2a: Calyrex|As One
|-ability|p2a: Calyrex|Unnerve
|-ability|p1a: Calyrex|As One
|-ability|p1a: Calyrex|Unnerve
|-fieldstart|move: Grassy Terrain|[from] ability: Grassy Surge|[of] p2b: Rillaboom
|turn|1
|
|t:|1750807630
|-terastallize|p1a: Calyrex|Dark
|move|p1b: Iron Hands|Fake Out|p2b: Rillaboom
|-damage|p2b: Rillaboom|86/100
|move|p2a: Calyrex|Trick|p1b: Iron Hands
|-activate|p2a: Calyrex|move: Trick|[of] p1b: Iron Hands
|-item|p1b: Iron Hands|Choice Scarf|[from] move: Trick
|-item|p2a: Calyrex|Assault Vest|[from] move: Trick
|move|p1a: Calyrex|Nasty Plot|p1a: Calyrex
|-boost|p1a: Calyrex|spa|2
|cant|p2b: Rillaboom|flinch
|
|-heal|p2b: Rillaboom|92/100|[from] Grassy Terrain
|upkeep
|turn|2
|inactive|anubisjr has 30 seconds left.
|
|t:|1750807665
|switch|p2a: Ting-Lu|Ting-Lu, L50|100/100
|-ability|p2a: Ting-Lu|Vessel of Ruin
|-end|p1b: Iron Hands|Quark Drive|[silent]
|switch|p1b: Miraidon|Miraidon, L50|100/100
|-fieldstart|move: Electric Terrain|[from] ability: Hadron Engine|[of] p1b: Miraidon
|move|p1a: Calyrex|Astral Barrage|p2b: Rillaboom|[spread] p2a,p2b
|-resisted|p2a: Ting-Lu
|-damage|p2a: Ting-Lu|69/100
|-damage|p2b: Rillaboom|13/100
|-damage|p1a: Calyrex|91/100|[from] item: Life Orb
|move|p2b: Rillaboom|Wood Hammer|p1a: Calyrex
|-damage|p1a: Calyrex|4/100
|-damage|p2b: Rillaboom|0 fnt|[from] Recoil
|faint|p2b: Rillaboom
|
|-heal|p2a: Ting-Lu|75/100|[from] item: Leftovers
|upkeep
|
|t:|1750807685
|switch|p2b: Calyrex|Calyrex-Shadow, L50|100/100
|-ability|p2b: Calyrex|As One
|-ability|p2b: Calyrex|Unnerve
|turn|3
|
|t:|1750807696
|move|p1a: Calyrex|Protect|p1a: Calyrex
|-singleturn|p1a: Calyrex|Protect
|move|p2b: Calyrex|Astral Barrage|p1a: Calyrex|[spread] p1b
|-activate|p1a: Calyrex|move: Protect
|-crit|p1b: Miraidon
|-damage|p1b: Miraidon|47/100
|move|p1b: Miraidon|Volt Switch|p2b: Calyrex
|-damage|p2b: Calyrex|53/100
|
|t:|1750807702
|switch|p1b: Iron Treads|Iron Treads, L50|100/100|[from] Volt Switch
|-activate|p1b: Iron Treads|ability: Quark Drive
|-start|p1b: Iron Treads|quarkdrivespe
|move|p2a: Ting-Lu|Whirlwind|p1a: Calyrex
|drag|p1a: Iron Hands|Iron Hands, L50|100/100
|-activate|p1a: Iron Hands|ability: Quark Drive
|-start|p1a: Iron Hands|quarkdriveatk
|
|-heal|p2a: Ting-Lu|81/100|[from] item: Leftovers
|upkeep
|turn|4
|inactive|ilikebluebanana has 30 seconds left.
|
|t:|1750807736
|switch|p2b: Zamazenta|Zamazenta-Crowned, L50|100/100
|-ability|p2b: Zamazenta|Dauntless Shield|boost
|-boost|p2b: Zamazenta|def|1
|move|p2a: Ting-Lu|Protect|p2a: Ting-Lu
|-singleturn|p2a: Ting-Lu|Protect
|move|p1b: Iron Treads|Steel Roller|p2b: Zamazenta
|-resisted|p2b: Zamazenta
|-damage|p2b: Zamazenta|89/100
|-fieldend|move: Electric Terrain
|-end|p1b: Iron Treads|Quark Drive
|-end|p1a: Iron Hands|Quark Drive
|move|p1a: Iron Hands|Low Kick|p2a: Ting-Lu
|-activate|p2a: Ting-Lu|move: Protect
|
|-heal|p2a: Ting-Lu|88/100|[from] item: Leftovers
|upkeep
|turn|5
|inactive|anubisjr has 30 seconds left.
|
|t:|1750807762
|-end|p1a: Iron Hands|Quark Drive|[silent]
|switch|p1a: Miraidon|Miraidon, L50|47/100
|-fieldstart|move: Electric Terrain|[from] ability: Hadron Engine|[of] p1a: Miraidon
|-activate|p1b: Iron Treads|ability: Quark Drive
|-start|p1b: Iron Treads|quarkdrivespe
|switch|p2a: Calyrex|Calyrex-Shadow, L50|53/100
|-ability|p2a: Calyrex|As One
|-ability|p2a: Calyrex|Unnerve
|-terastallize|p2b: Zamazenta|Ghost
|move|p1b: Iron Treads|High Horsepower|p2b: Zamazenta
|-damage|p2b: Zamazenta|72/100
|move|p2b: Zamazenta|Iron Defense|p2b: Zamazenta
|-boost|p2b: Zamazenta|def|2
|
|upkeep
|turn|6
|inactive|anubisjr has 30 seconds left.
|inactive|ilikebluebanana has 30 seconds left.
|inactive|anubisjr has 20 seconds left.
|inactive|anubisjr has 15 seconds left.
|inactive|anubisjr has 10 seconds left.
|inactive|anubisjr has 5 seconds left.
|
|t:|1750807815
|switch|p2a: Ting-Lu|Ting-Lu, L50|88/100
|-ability|p2a: Ting-Lu|Vessel of Ruin
|move|p1b: Iron Treads|Protect|p1b: Iron Treads
|-singleturn|p1b: Iron Treads|Protect
|move|p1a: Miraidon|Electro Drift|p2b: Zamazenta
|-damage|p2b: Zamazenta|8/100
|move|p2b: Zamazenta|Body Press|p1b: Iron Treads
|-activate|p1b: Iron Treads|move: Protect
|
|-heal|p2a: Ting-Lu|94/100|[from] item: Leftovers
|upkeep
|turn|7
|
|t:|1750807839
|-end|p1b: Iron Treads|Quark Drive|[silent]
|switch|p1b: Calyrex|Calyrex-Shadow, L50, tera:Dark|4/100
|-ability|p1b: Calyrex|As One
|-ability|p1b: Calyrex|Unnerve
|move|p2b: Zamazenta|Protect|p2b: Zamazenta
|-singleturn|p2b: Zamazenta|Protect
|move|p1a: Miraidon|Electro Drift|p2b: Zamazenta
|-activate|p2b: Zamazenta|move: Protect
|move|p2a: Ting-Lu|Stomping Tantrum|p1b: Calyrex
|-damage|p1b: Calyrex|0 fnt
|faint|p1b: Calyrex
|
|-heal|p2a: Ting-Lu|99/100|[from] item: Leftovers
|upkeep
|
|t:|1750807862
|switch|p1b: Iron Hands|Iron Hands, L50|100/100
|-activate|p1b: Iron Hands|ability: Quark Drive
|-start|p1b: Iron Hands|quarkdriveatk
|turn|8
|j| womp monk
|
|t:|1750807876
|move|p2b: Zamazenta|Protect||[still]
|-fail|p2b: Zamazenta
|move|p2a: Ting-Lu|Protect|p2a: Ting-Lu
|-singleturn|p2a: Ting-Lu|Protect
|move|p1a: Miraidon|Electro Drift|p2b: Zamazenta
|-damage|p2b: Zamazenta|0 fnt
|faint|p2b: Zamazenta
|move|p1b: Iron Hands|Low Kick|p2a: Ting-Lu
|-activate|p2a: Ting-Lu|move: Protect
|
|-heal|p2a: Ting-Lu|100/100|[from] item: Leftovers
|upkeep
|
|t:|1750807879
|switch|p2b: Calyrex|Calyrex-Shadow, L50|53/100
|-ability|p2b: Calyrex|As One
|-ability|p2b: Calyrex|Unnerve
|turn|9
|inactive|anubisjr has 30 seconds left.
|
|t:|1750807905
|switch|p1a: Iron Treads|Iron Treads, L50|100/100
|-activate|p1a: Iron Treads|ability: Quark Drive
|-start|p1a: Iron Treads|quarkdrivespe
|move|p2b: Calyrex|Astral Barrage|p1b: Iron Hands|[spread] p1a,p1b
|-damage|p1a: Iron Treads|44/100
|-damage|p1b: Iron Hands|64/100
|move|p1b: Iron Hands|Low Kick|p2a: Ting-Lu
|-supereffective|p2a: Ting-Lu
|-damage|p2a: Ting-Lu|0 fnt
|faint|p2a: Ting-Lu
|
|-fieldend|move: Electric Terrain
|-end|p1a: Iron Treads|Quark Drive
|-end|p1b: Iron Hands|Quark Drive
|upkeep
|turn|10
|
|t:|1750807918
|-end|p1b: Iron Hands|Quark Drive|[silent]
|switch|p1b: Miraidon|Miraidon, L50|47/100
|-fieldstart|move: Electric Terrain|[from] ability: Hadron Engine|[of] p1b: Miraidon
|-activate|p1a: Iron Treads|ability: Quark Drive
|-start|p1a: Iron Treads|quarkdrivespe
|move|p1a: Iron Treads|Steel Roller|p2b: Calyrex
|-damage|p2b: Calyrex|0 fnt
|-fieldend|move: Electric Terrain
|-end|p1a: Iron Treads|Quark Drive
|faint|p2b: Calyrex
|
|win|anubisjr
|raw|anubisjr's rating: 1546 &rarr; <strong>1568</strong><br />(+22 for winning)
|raw|ilikebluebanana's rating: 1587 &rarr; <strong>1565</strong><br />(-22 for losing)
|c|☆anubisjr|gg well played
|c|☆anubisjr|I really thought I was done for
