|j|☆we moveing
|j|☆syunx2
|t:|1750834698
|gametype|doubles
|player|p1|we moveing|266|1206
|player|p2|syunx2|marley|1206
|teamsize|p1|6
|teamsize|p2|6
|gen|9
|tier|[Gen 9] VGC 2025 Reg I
|rated|
|rule|Species Clause: Limit one of each Pokémon
|rule|Item Clause: Limit 1 of each item
|clearpoke
|poke|p1|Groudon, L50|
|poke|p1|Walking Wake, L50|
|poke|p1|Incineroar, L50, M|
|poke|p1|Scovillain, L50, F|
|poke|p1|Miraidon, L50|
|poke|p1|Ogerpon-Cornerstone, L50, F|
|poke|p2|Chi-Yu, L50|
|poke|p2|Glimmora, L50, M|
|poke|p2|Calyrex-Shadow, L50|
|poke|p2|Zamazenta-*, L50|
|poke|p2|Raging Bolt, L50|
|poke|p2|Rillaboom, L50, F|
|teampreview|4
|inactive|Battle timer is ON: inactive players will automatically lose when time's up. (requested by syunx2)
|inactive|syunx2 has 60 seconds left.
|
|t:|1750834747
|start
|switch|p1a: Miraidon|Miraidon, L50|100/100
|switch|p1b: Ogerpon|Ogerpon-Cornerstone, L50, F|100/100
|switch|p2a: Calyrex|Calyrex-Shadow, L50|100/100
|switch|p2b: Glimmora|Glimmora, L50, M|100/100
|-ability|p2a: Calyrex|As One
|-ability|p2a: Calyrex|Unnerve
|-fieldstart|move: Electric Terrain|[from] ability: Hadron Engine|[of] p1a: Miraidon
|turn|1
|
|t:|1750834770
|move|p2a: Calyrex|Protect|p2a: Calyrex
|-singleturn|p2a: Calyrex|Protect
|move|p1a: Miraidon|Electro Drift|p2a: Calyrex
|-activate|p2a: Calyrex|move: Protect
|move|p1b: Ogerpon|Ivy Cudgel|p2a: Calyrex|[anim] Ivy Cudgel Rock
|-activate|p2a: Calyrex|move: Protect
|move|p2b: Glimmora|Mortal Spin|p1a: Miraidon|[spread] p1a,p1b
|-damage|p1a: Miraidon|96/100
|-damage|p1b: Ogerpon|94/100
|-status|p1a: Miraidon|psn
|-status|p1b: Ogerpon|psn
|
|-damage|p1a: Miraidon|84/100 psn|[from] psn
|-damage|p1b: Ogerpon|82/100 psn|[from] psn
|upkeep
|turn|2
|inactive|syunx2 has 30 seconds left.
|
|t:|1750834798
|switch|p2a: Zamazenta|Zamazenta-Crowned, L50|100/100
|-ability|p2a: Zamazenta|Dauntless Shield|boost
|-boost|p2a: Zamazenta|def|1
|move|p1a: Miraidon|Electro Drift|p2a: Zamazenta
|-damage|p2a: Zamazenta|25/100
|move|p1b: Ogerpon|Horn Leech|p2b: Glimmora
|-crit|p2b: Glimmora
|-damage|p2b: Glimmora|40/100
|-heal|p1b: Ogerpon|100/100 psn|[from] drain|[of] p2b: Glimmora
|-activate|p2b: Glimmora|ability: Toxic Debris
|-sidestart|p1: we moveing|move: Toxic Spikes
|-enditem|p2b: Glimmora|Red Card|[of] p1b: Ogerpon
|drag|p1b: Groudon|Groudon, L50|100/100
|-status|p1b: Groudon|psn
|-weather|SunnyDay|[from] ability: Drought|[of] p1b: Groudon
|move|p2b: Glimmora|Earth Power|p1a: Miraidon
|-supereffective|p1a: Miraidon
|-damage|p1a: Miraidon|45/100 psn
|
|-weather|SunnyDay|[upkeep]
|-damage|p1a: Miraidon|33/100 psn|[from] psn
|-damage|p1b: Groudon|88/100 psn|[from] psn
|upkeep
|turn|3
|inactive|we moveing has 30 seconds left.
|inactive|we moveing has 20 seconds left.
|
|t:|1750834834
|move|p2a: Zamazenta|Wide Guard|p2a: Zamazenta
|-singleturn|p2a: Zamazenta|Wide Guard
|move|p1a: Miraidon|Electro Drift|p2a: Zamazenta
|-crit|p2a: Zamazenta
|-damage|p2a: Zamazenta|0 fnt
|faint|p2a: Zamazenta
|move|p2b: Glimmora|Earth Power|p1b: Groudon
|-damage|p1b: Groudon|66/100 psn
|move|p1b: Groudon|Heat Crash|p2b: Glimmora
|-resisted|p2b: Glimmora
|-damage|p2b: Glimmora|9/100
|-activate|p2b: Glimmora|ability: Toxic Debris
|-sidestart|p1: we moveing|move: Toxic Spikes
|
|-weather|SunnyDay|[upkeep]
|-damage|p1a: Miraidon|21/100 psn|[from] psn
|-damage|p1b: Groudon|54/100 psn|[from] psn
|upkeep
|
|t:|1750834853
|switch|p2a: Calyrex|Calyrex-Shadow, L50|100/100
|-ability|p2a: Calyrex|As One
|-ability|p2a: Calyrex|Unnerve
|turn|4
|
|t:|1750834865
|switch|p1a: Ogerpon|Ogerpon-Cornerstone, L50, F|100/100 psn
|switch|p2b: Chi-Yu|Chi-Yu, L50|100/100
|-ability|p2b: Chi-Yu|Beads of Ruin
|move|p1b: Groudon|Protect|p1b: Groudon
|-singleturn|p1b: Groudon|Protect
|move|p2a: Calyrex|Astral Barrage|p1a: Ogerpon|[spread] p1a
|-activate|p1b: Groudon|move: Protect
|-damage|p1a: Ogerpon|11/100 psn
|
|-weather|SunnyDay|[upkeep]
|-damage|p1a: Ogerpon|0 fnt|[from] psn
|faint|p1a: Ogerpon
|-damage|p1b: Groudon|42/100 psn|[from] psn
|upkeep
|
|t:|1750834882
|switch|p1a: Miraidon|Miraidon, L50|21/100 psn
|-activate|p1a: Miraidon|ability: Hadron Engine
|turn|5
|inactive|we moveing has 30 seconds left.
|
|t:|1750834912
|switch|p2b: Glimmora|Glimmora, L50, M|9/100
|switch|p1b: Scovillain|Scovillain, L50, F|100/100
|-status|p1b: Scovillain|tox
|-terastallize|p1a: Miraidon|Fairy
|move|p1a: Miraidon|Dazzling Gleam|p2a: Calyrex|[spread] p2a,p2b
|-resisted|p2b: Glimmora
|-damage|p2a: Calyrex|50/100
|-damage|p2b: Glimmora|0 fnt
|faint|p2b: Glimmora
|move|p2a: Calyrex|Astral Barrage|p1a: Miraidon|[spread] p1a,p1b
|-damage|p1a: Miraidon|0 fnt
|-damage|p1b: Scovillain|5/100 tox
|faint|p1a: Miraidon
|-ability|p2a: Calyrex|Grim Neigh|boost
|-boost|p2a: Calyrex|spa|1
|
|-weather|SunnyDay|[upkeep]
|-damage|p1b: Scovillain|0 fnt|[from] psn
|faint|p1b: Scovillain
|-fieldend|move: Electric Terrain
|upkeep
|
|t:|1750834926
|switch|p1b: Groudon|Groudon, L50|42/100 psn
|switch|p2b: Chi-Yu|Chi-Yu, L50|100/100
|-ability|p2b: Chi-Yu|Beads of Ruin
|turn|6
|
|t:|1750834933
|move|p2b: Chi-Yu|Flamethrower|p1b: Groudon
|-damage|p1b: Groudon|0 fnt
|faint|p1b: Groudon
|
|win|syunx2
|raw|we moveing's rating: 1206 &rarr; <strong>1181</strong><br />(-25 for losing)
|raw|syunx2's rating: 1206 &rarr; <strong>1231</strong><br />(+25 for winning)
|l|☆syunx2
|player|p2|
