|j|☆maodawang
|j|☆ghi345
|t:|1750743279
|gametype|doubles
|player|p1|maodawang|266|1309
|player|p2|ghi345|101|1350
|teamsize|p1|6
|teamsize|p2|6
|gen|9
|tier|[Gen 9] VGC 2025 Reg I
|rated|
|rule|Species Clause: Limit one of each Pokémon
|rule|Item Clause: Limit 1 of each item
|clearpoke
|poke|p1|Incineroar, L50, F|
|poke|p1|Zacian-*, L50|
|poke|p1|Urshifu-*, L50, M|
|poke|p1|Landorus, L50, M|
|poke|p1|Whimsicott, L50, F|
|poke|p1|Zamazenta-*, L50|
|poke|p2|Clefairy, L50, M|
|poke|p2|Iron Bundle, L50|
|poke|p2|Calyrex-Shadow, L50|
|poke|p2|Iron Hands, L50|
|poke|p2|Miraidon, L50|
|poke|p2|Whimsicott, L50, M|
|teampreview|4
|inactive|Battle timer is ON: inactive players will automatically lose when time's up. (requested by maodawang)
|
|t:|1750743307
|start
|switch|p1a: Zamazenta|Zamazenta-Crowned, L50|100/100
|switch|p1b: Landorus|Landorus, L50, M|100/100
|switch|p2a: Iron Bundle|Iron Bundle, L50|100/100
|switch|p2b: Calyrex|Calyrex-Shadow, L50|100/100
|-ability|p2b: Calyrex|As One
|-ability|p2b: Calyrex|Unnerve
|-ability|p1a: Zamazenta|Dauntless Shield|boost
|-boost|p1a: Zamazenta|def|1
|-enditem|p2a: Iron Bundle|Booster Energy
|-activate|p2a: Iron Bundle|ability: Quark Drive|[fromitem]
|-start|p2a: Iron Bundle|quarkdrivespe
|turn|1
|
|t:|1750743327
|switch|p1b: Incineroar|Incineroar, L50, F|100/100
|-ability|p1b: Incineroar|Intimidate|boost
|-unboost|p2a: Iron Bundle|atk|1
|-unboost|p2b: Calyrex|atk|1
|move|p2a: Iron Bundle|Protect|p2a: Iron Bundle
|-singleturn|p2a: Iron Bundle|Protect
|move|p2b: Calyrex|Protect|p2b: Calyrex
|-singleturn|p2b: Calyrex|Protect
|move|p1a: Zamazenta|Body Press|p2a: Iron Bundle
|-activate|p2a: Iron Bundle|move: Protect
|
|upkeep
|turn|2
|inactive|maodawang has 30 seconds left.
|inactive|ghi345 has 30 seconds left.
|
|t:|1750743360
|-end|p2a: Iron Bundle|Quark Drive|[silent]
|switch|p2a: Whimsicott|Whimsicott, L50, M|100/100
|-terastallize|p2b: Calyrex|Ground
|move|p1a: Zamazenta|Protect|p1a: Zamazenta
|-singleturn|p1a: Zamazenta|Protect
|move|p2b: Calyrex|Tera Blast|p1a: Zamazenta|[anim] Tera Blast Ground
|-activate|p1a: Zamazenta|move: Protect
|move|p1b: Incineroar|Knock Off|p2b: Calyrex
|-damage|p2b: Calyrex|58/100
|-enditem|p2b: Calyrex|Focus Sash|[from] move: Knock Off|[of] p1b: Incineroar
|
|upkeep
|turn|3
|
|t:|1750743377
|switch|p1a: Whimsicott|Whimsicott, L50, F|100/100
|move|p2a: Whimsicott|Encore||[still]
|-fail|p2a: Whimsicott
|move|p2b: Calyrex|Tera Blast|p1b: Incineroar|[anim] Tera Blast Ground
|-supereffective|p1b: Incineroar
|-damage|p1b: Incineroar|37/100
|move|p1b: Incineroar|Snarl|p2a: Whimsicott|[spread] p2a,p2b
|-resisted|p2a: Whimsicott
|-damage|p2a: Whimsicott|91/100
|-damage|p2b: Calyrex|47/100
|-unboost|p2b: Calyrex|spa|1
|
|upkeep
|turn|4
|
|t:|1750743397
|move|p2a: Whimsicott|Tailwind|p2a: Whimsicott
|-sidestart|p2: ghi345|move: Tailwind
|move|p2b: Calyrex|Tera Blast|p1b: Incineroar|[anim] Tera Blast Ground
|-supereffective|p1b: Incineroar
|-damage|p1b: Incineroar|0 fnt
|faint|p1b: Incineroar
|-ability|p2b: Calyrex|Grim Neigh|boost
|-boost|p2b: Calyrex|spa|1
|move|p1a: Whimsicott|Moonblast|p2b: Calyrex
|-damage|p2b: Calyrex|20/100
|
|upkeep
|
|t:|1750743414
|switch|p1b: Zamazenta|Zamazenta-Crowned, L50|100/100
|turn|5
|
|t:|1750743429
|move|p2b: Calyrex|Protect|p2b: Calyrex
|-singleturn|p2b: Calyrex|Protect
|move|p1b: Zamazenta|Protect|p1b: Zamazenta
|-singleturn|p1b: Zamazenta|Protect
|move|p2a: Whimsicott|Encore|p1a: Whimsicott
|-start|p1a: Whimsicott|Encore
|move|p1a: Whimsicott|Moonblast|p2b: Calyrex
|-activate|p2b: Calyrex|move: Protect
|
|upkeep
|turn|6
|
|t:|1750743444
|switch|p1b: Landorus|Landorus, L50, M|100/100
|move|p2a: Whimsicott|Encore||[still]
|-fail|p2a: Whimsicott
|move|p2b: Calyrex|Draining Kiss|p1a: Whimsicott
|-damage|p1a: Whimsicott|80/100
|-heal|p2b: Calyrex|35/100|[from] drain|[of] p1a: Whimsicott
|move|p1a: Whimsicott|Moonblast|p2b: Calyrex
|-damage|p2b: Calyrex|9/100
|
|upkeep
|turn|7
|
|t:|1750743465
|move|p2b: Calyrex|Astral Barrage|p1b: Landorus|[spread] p1a,p1b
|-damage|p1a: Whimsicott|24/100
|-damage|p1b: Landorus|30/100
|move|p2a: Whimsicott|Moonblast|p1a: Whimsicott
|-damage|p1a: Whimsicott|0 fnt
|faint|p1a: Whimsicott
|move|p1b: Landorus|Sludge Bomb|p2a: Whimsicott
|-supereffective|p2a: Whimsicott
|-damage|p2a: Whimsicott|0 fnt
|faint|p2a: Whimsicott
|
|-sideend|p2: ghi345|move: Tailwind
|upkeep
|
|t:|1750743480
|switch|p2a: Iron Bundle|Iron Bundle, L50|100/100
|switch|p1a: Zamazenta|Zamazenta-Crowned, L50|100/100
|turn|8
|inactive|maodawang has 30 seconds left.
|
|t:|1750743511
|move|p2b: Calyrex|Protect|p2b: Calyrex
|-singleturn|p2b: Calyrex|Protect
|move|p2a: Iron Bundle|Protect|p2a: Iron Bundle
|-singleturn|p2a: Iron Bundle|Protect
|move|p1b: Landorus|Protect|p1b: Landorus
|-singleturn|p1b: Landorus|Protect
|move|p1a: Zamazenta|Heavy Slam|p2b: Calyrex
|-activate|p2b: Calyrex|move: Protect
|
|upkeep
|turn|9
|-message|maodawang forfeited.
|
|win|ghi345
|raw|maodawang's rating: 1309 &rarr; <strong>1291</strong><br />(-18 for losing)
|raw|ghi345's rating: 1350 &rarr; <strong>1368</strong><br />(+18 for winning)
|l|☆maodawang
|player|p1|
|l|☆ghi345
|player|p2|
