|j|☆PRIMAOFFICIAL
|j|☆Arismendy
|t:|1750796630
|gametype|doubles
|player|p1|PRIMAOFFICIAL|swimmer-gen4dp|1116
|player|p2|Arismendy|265|1139
|teamsize|p1|6
|teamsize|p2|6
|gen|9
|tier|[Gen 9] VGC 2025 Reg I
|rated|
|rule|Species Clause: Limit one of each Pokémon
|rule|Item Clause: Limit 1 of each item
|clearpoke
|poke|p1|Terapagos, L50, M|
|poke|p1|Lunala, L50|
|poke|p1|Oranguru, L50, F|
|poke|p1|Amoonguss, L50, F|
|poke|p1|Incineroar, L50, F|
|poke|p1|Urshifu-*, L50, M|
|poke|p2|Dialga, L50|
|poke|p2|Pelipper, L50, F|
|poke|p2|Annihilape, L50, F|
|poke|p2|Carbink, L50|
|poke|p2|Malamar, L50, M|
|poke|p2|Ampharos, L50, F|
|teampreview|4
|inactive|Battle timer is ON: inactive players will automatically lose when time's up. (requested by Arismendy)
|
|t:|1750796656
|start
|switch|p1a: Terapagos|Terapagos, L50, M|100/100
|switch|p1b: Oranguru|Oranguru, L50, F|100/100
|switch|p2a: Malamar|Malamar, L50, M, shiny|100/100
|switch|p2b: Ampharos|Ampharos, L50, F|100/100
|-activate|p1a: Terapagos|ability: Tera Shift
|detailschange|p1a: Terapagos|Terapagos-Terastal, L50, M
|-heal|p1a: Terapagos|100/100|[silent]
|turn|1
|inactive|PRIMAOFFICIAL has 30 seconds left.
|
|t:|1750796683
|move|p1a: Terapagos|Protect|p1a: Terapagos
|-singleturn|p1a: Terapagos|Protect
|move|p2a: Malamar|Knock Off|p1b: Oranguru
|-supereffective|p1b: Oranguru
|-damage|p1b: Oranguru|32/100
|-enditem|p1b: Oranguru|Leftovers|[from] move: Knock Off|[of] p2a: Malamar
|move|p2b: Ampharos|Zap Cannon|p1a: Terapagos
|-activate|p1a: Terapagos|move: Protect
|move|p1b: Oranguru|Trick Room|p1b: Oranguru
|-fieldstart|move: Trick Room|[of] p1b: Oranguru
|
|upkeep
|turn|2
|
|t:|1750796704
|move|p1b: Oranguru|Yawn|p2a: Malamar
|-start|p2a: Malamar|move: Yawn|[of] p1b: Oranguru
|move|p2b: Ampharos|Thunder|p1b: Oranguru
|-damage|p1b: Oranguru|0 fnt
|faint|p1b: Oranguru
|-damage|p2b: Ampharos|91/100|[from] item: Life Orb
|move|p2a: Malamar|Superpower|p1a: Terapagos
|-activate|p1a: Terapagos|ability: Tera Shell
|-resisted|p1a: Terapagos
|-damage|p1a: Terapagos|89/100
|-boost|p2a: Malamar|atk|1
|-boost|p2a: Malamar|def|1
|move|p1a: Terapagos|Calm Mind|p1a: Terapagos
|-boost|p1a: Terapagos|spa|1
|-boost|p1a: Terapagos|spd|1
|
|upkeep
|
|t:|1750796721
|switch|p1b: Amoonguss|Amoonguss, L50, F|100/100
|turn|3
|
|t:|1750796729
|move|p1b: Amoonguss|Rage Powder|p1b: Amoonguss
|-singleturn|p1b: Amoonguss|move: Rage Powder
|move|p2b: Ampharos|Zap Cannon|p1b: Amoonguss|[miss]
|-miss|p2b: Ampharos|p1b: Amoonguss
|move|p2a: Malamar|Psycho Cut|p1b: Amoonguss
|-supereffective|p1b: Amoonguss
|-damage|p1b: Amoonguss|23/100
|move|p1a: Terapagos|Calm Mind|p1a: Terapagos
|-boost|p1a: Terapagos|spa|1
|-boost|p1a: Terapagos|spd|1
|
|-end|p2a: Malamar|move: Yawn|[silent]
|-status|p2a: Malamar|slp
|upkeep
|turn|4
|
|t:|1750796746
|move|p1b: Amoonguss|Rage Powder|p1b: Amoonguss
|-singleturn|p1b: Amoonguss|move: Rage Powder
|move|p2b: Ampharos|Zap Cannon|p1b: Amoonguss
|-resisted|p1b: Amoonguss
|-damage|p1b: Amoonguss|0 fnt
|faint|p1b: Amoonguss
|-damage|p2b: Ampharos|81/100|[from] item: Life Orb
|cant|p2a: Malamar|slp
|move|p1a: Terapagos|Earth Power|p2b: Ampharos
|-supereffective|p2b: Ampharos
|-damage|p2b: Ampharos|0 fnt
|faint|p2b: Ampharos
|
|upkeep
|inactive|Arismendy has 30 seconds left.
|
|t:|1750796774
|switch|p1b: Lunala|Lunala, L50|100/100
|switch|p2b: Pelipper|Pelipper, L50, F, shiny|100/100
|-weather|RainDance|[from] ability: Drizzle|[of] p2b: Pelipper
|turn|5
|
|t:|1750796787
|-terastallize|p1a: Terapagos|Stellar
|detailschange|p1a: Terapagos|Terapagos-Stellar, L50, M, tera:Stellar
|-heal|p1a: Terapagos|92/100|[silent]
|-ability|p1a: Terapagos|Teraform Zero
|-weather|none
|move|p2b: Pelipper|Protect|p2b: Pelipper
|-singleturn|p2b: Pelipper|Protect
|cant|p2a: Malamar|slp
|move|p1a: Terapagos|Tera Starstorm|p2b: Pelipper|[spread] p2a
|-activate|p2b: Pelipper|move: Protect
|-damage|p2a: Malamar|40/100 slp
|move|p1b: Lunala|Moonblast|p2a: Malamar
|-supereffective|p2a: Malamar
|-damage|p2a: Malamar|0 fnt
|faint|p2a: Malamar
|
|-fieldend|move: Trick Room
|upkeep
|
|t:|1750796808
|switch|p2a: Annihilape|Annihilape, L50, F, shiny|100/100
|turn|6
|
|t:|1750796831
|move|p2a: Annihilape|Protect|p2a: Annihilape
|-singleturn|p2a: Annihilape|Protect
|move|p1b: Lunala|Moonblast|p2a: Annihilape
|-activate|p2a: Annihilape|move: Protect
|move|p1a: Terapagos|Tera Starstorm|p2b: Pelipper|[spread] p2b
|-activate|p2a: Annihilape|move: Protect
|-damage|p2b: Pelipper|9/100
|move|p2b: Pelipper|Muddy Water|p1b: Lunala|[spread] p1a,p1b
|-damage|p1a: Terapagos|83/100
|-damage|p1b: Lunala|91/100
|
|upkeep
|turn|7
|inactive|Arismendy has 30 seconds left.
|
|t:|1750796859
|move|p2a: Annihilape|Drain Punch|p1a: Terapagos
|-supereffective|p1a: Terapagos
|-damage|p1a: Terapagos|45/100
|move|p1b: Lunala|Moonblast|p2a: Annihilape
|-supereffective|p2a: Annihilape
|-damage|p2a: Annihilape|44/100
|move|p1a: Terapagos|Tera Starstorm|p2a: Annihilape|[spread] p2a,p2b
|-damage|p2a: Annihilape|0 fnt
|-damage|p2b: Pelipper|0 fnt
|faint|p2a: Annihilape
|faint|p2b: Pelipper
|
|win|PRIMAOFFICIAL
|raw|PRIMAOFFICIAL's rating: 1116 &rarr; <strong>1143</strong><br />(+27 for winning)
|raw|Arismendy's rating: 1139 &rarr; <strong>1112</strong><br />(-27 for losing)
|l|☆Arismendy
|player|p2|
|l|☆PRIMAOFFICIAL
|player|p1|
