|j|☆WildWallyWest
|j|☆ZEATHS
|t:|1750748048
|gametype|doubles
|player|p1|WildWallyWest|101|1000
|player|p2|ZEATHS|pokemaniac|1018
|teamsize|p1|6
|teamsize|p2|6
|gen|9
|tier|[Gen 9] VGC 2025 Reg I
|rated|
|rule|Species Clause: Limit one of each Pokémon
|rule|Item Clause: Limit 1 of each item
|clearpoke
|poke|p1|Appletun, L50, M|
|poke|p1|Rillaboom, L50, F|
|poke|p1|Stantler, L50, M|
|poke|p1|Lapras, L50, F|
|poke|p1|Farigiraf, L50, F|
|poke|p1|Snorlax, L50, M|
|poke|p2|Grimmsnarl, L50, M|
|poke|p2|Kyogre, L50|
|poke|p2|Urshifu-*, L50, M|
|poke|p2|Terapagos, L50, M|
|poke|p2|Archaludon, L50, F|
|poke|p2|Smeargle, L50, M|
|teampreview|4
ZEATHS has agreed to open team sheets.
|
|t:|1750748077
|start
|switch|p1a: Queen Kong|Rillaboom, L50, F|100/100
|switch|p1b: Rudof|Farigiraf, L50, F, shiny|100/100
|switch|p2a: Grimmsnarl|Grimmsnarl, L50, M, shiny|100/100
|switch|p2b: Kyogre|Kyogre, L50, shiny|100/100
|-weather|RainDance|[from] ability: Drizzle|[of] p2b: Kyogre
|-fieldstart|move: Grassy Terrain|[from] ability: Grassy Surge|[of] p1a: Queen Kong
|turn|1
|
|t:|1750748094
|-terastallize|p2b: Kyogre|Grass
|move|p1a: Queen Kong|Grassy Glide|p2b: Kyogre
|-resisted|p2b: Kyogre
|-damage|p2b: Kyogre|70/100
|move|p2a: Grimmsnarl|Reflect|p2a: Grimmsnarl
|-sidestart|p2: ZEATHS|Reflect
|move|p2b: Kyogre|Water Spout|p1a: Queen Kong|[spread] p1a,p1b
|-resisted|p1a: Queen Kong
|-crit|p1a: Queen Kong
|-damage|p1a: Queen Kong|34/100
|-damage|p1b: Rudof|21/100
|move|p1b: Rudof|Trick Room|p1b: Rudof
|-fieldstart|move: Trick Room|[of] p1b: Rudof
|
|-weather|RainDance|[upkeep]
|-heal|p1b: Rudof|27/100|[from] Grassy Terrain
|-heal|p1a: Queen Kong|39/100|[from] Grassy Terrain
|-heal|p2b: Kyogre|75/100|[from] Grassy Terrain
|upkeep
|turn|2
|
|t:|1750748114
|move|p2a: Grimmsnarl|Light Screen|p2a: Grimmsnarl
|-sidestart|p2: ZEATHS|move: Light Screen
|move|p1a: Queen Kong|Grassy Glide|p2a: Grimmsnarl
|-crit|p2a: Grimmsnarl
|-damage|p2a: Grimmsnarl|3/100
|move|p1b: Rudof|Hyper Voice|p2a: Grimmsnarl|[spread] p2a,p2b
|-damage|p2a: Grimmsnarl|0 fnt
|-damage|p2b: Kyogre|58/100
|faint|p2a: Grimmsnarl
|-enditem|p1b: Rudof|Throat Spray
|-boost|p1b: Rudof|spa|1|[from] item: Throat Spray
|move|p2b: Kyogre|Origin Pulse|p1a: Queen Kong|[spread] p1a
|-miss|p2b: Kyogre|p1b: Rudof
|-resisted|p1a: Queen Kong
|-damage|p1a: Queen Kong|0 fnt
|faint|p1a: Queen Kong
|
|-weather|RainDance|[upkeep]
|-heal|p1b: Rudof|34/100|[from] Grassy Terrain
|-heal|p2b: Kyogre|63/100|[from] Grassy Terrain
|upkeep
|
|t:|1750748130
|switch|p2a: Archaludon|Archaludon, L50, F, shiny|100/100
|switch|p1a: Mr. Apple|Appletun, L50, M, shiny|100/100
|turn|3
|
|t:|1750748149
|move|p1a: Mr. Apple|Apple Acid|p2b: Kyogre
|-resisted|p2b: Kyogre
|-damage|p2b: Kyogre|51/100
|-unboost|p2b: Kyogre|spd|1
|move|p1b: Rudof|Psychic|p2b: Kyogre
|-damage|p2b: Kyogre|3/100
|-unboost|p2b: Kyogre|spd|1
|move|p2a: Archaludon|Electro Shot||[still]
|-prepare|p2a: Archaludon|Electro Shot
|-boost|p2a: Archaludon|spa|1
|-anim|p2a: Archaludon|Electro Shot|p1b: Rudof
|-damage|p1b: Rudof|0 fnt
|faint|p1b: Rudof
|move|p2b: Kyogre|Ice Beam|p1a: Mr. Apple
|-supereffective|p1a: Mr. Apple
|-damage|p1a: Mr. Apple|57/100
|-status|p1a: Mr. Apple|frz
|
|-weather|RainDance|[upkeep]
|-heal|p1a: Mr. Apple|63/100 frz|[from] Grassy Terrain
|-heal|p2b: Kyogre|8/100|[from] Grassy Terrain
|upkeep
|
|t:|1750748167
|switch|p1b: Big Sonic|Snorlax, L50, M, shiny|100/100
|turn|4
|c|☆ZEATHS|no way
|
|t:|1750748186
|move|p2b: Kyogre|Protect|p2b: Kyogre
|-singleturn|p2b: Kyogre|Protect
|move|p1b: Big Sonic|Belly Drum|p1b: Big Sonic
|-damage|p1b: Big Sonic|50/100
|-setboost|p1b: Big Sonic|atk|6|[from] move: Belly Drum
|-enditem|p1b: Big Sonic|Aguav Berry|[eat]
|-heal|p1b: Big Sonic|84/100|[from] item: Aguav Berry
|cant|p1a: Mr. Apple|frz
|move|p2a: Archaludon|Electro Shot||[still]
|-prepare|p2a: Archaludon|Electro Shot
|-boost|p2a: Archaludon|spa|1
|-anim|p2a: Archaludon|Electro Shot|p1a: Mr. Apple
|-resisted|p1a: Mr. Apple
|-damage|p1a: Mr. Apple|50/100 frz
|
|-weather|RainDance|[upkeep]
|-heal|p1b: Big Sonic|90/100|[from] Grassy Terrain
|-heal|p1a: Mr. Apple|56/100 frz|[from] Grassy Terrain
|-heal|p2b: Kyogre|14/100|[from] Grassy Terrain
|upkeep
|turn|5
|
|t:|1750748214
|-curestatus|p1a: Mr. Apple|frz|[msg]
|move|p1a: Mr. Apple|Apple Acid|p2b: Kyogre
|-resisted|p2b: Kyogre
|-damage|p2b: Kyogre|0 fnt
|faint|p2b: Kyogre
|move|p1b: Big Sonic|Body Slam|p2a: Archaludon
|-resisted|p2a: Archaludon
|-damage|p2a: Archaludon|50/100
|-ability|p2a: Archaludon|Stamina|boost
|-boost|p2a: Archaludon|def|1
|move|p2a: Archaludon|Draco Meteor|p1b: Big Sonic|[miss]
|-miss|p2a: Archaludon|p1b: Big Sonic
|
|-weather|none
|-heal|p1a: Mr. Apple|62/100|[from] Grassy Terrain
|-heal|p1b: Big Sonic|96/100|[from] Grassy Terrain
|-heal|p2a: Archaludon|56/100|[from] Grassy Terrain
|-fieldend|move: Trick Room
|-fieldend|move: Grassy Terrain
|upkeep
|c|☆ZEATHS|MISSED??
|
|t:|1750748231
|switch|p2b: Smeargle|Smeargle, L50, M, shiny|100/100
|turn|6
|
|t:|1750748245
|move|p2b: Smeargle|Fake Out|p1b: Big Sonic
|-damage|p1b: Big Sonic|91/100
|move|p2a: Archaludon|Draco Meteor|p1a: Mr. Apple
|-supereffective|p1a: Mr. Apple
|-damage|p1a: Mr. Apple|0 fnt
|-unboost|p2a: Archaludon|spa|2
|faint|p1a: Mr. Apple
|cant|p1b: Big Sonic|flinch
|
|-ability|p2b: Smeargle|Moody|boost
|-boost|p2b: Smeargle|def|2
|-unboost|p2b: Smeargle|spa|1
|upkeep
|turn|7
|j| capybaradude
|
|t:|1750748261
|move|p2a: Archaludon|Body Press|p1b: Big Sonic
|-supereffective|p1b: Big Sonic
|-damage|p1b: Big Sonic|20/100
|move|p2b: Smeargle|Spore|p1b: Big Sonic
|-status|p1b: Big Sonic|slp|[from] move: Spore
|cant|p1b: Big Sonic|slp
|
|-ability|p2b: Smeargle|Moody|boost
|-boost|p2b: Smeargle|atk|2
|-unboost|p2b: Smeargle|spa|1
|upkeep
|turn|8
|
|t:|1750748272
|move|p2a: Archaludon|Body Press|p1b: Big Sonic
|-supereffective|p1b: Big Sonic
|-damage|p1b: Big Sonic|0 fnt
|faint|p1b: Big Sonic
|
|win|ZEATHS
|raw|WildWallyWest's rating: 1000 &rarr; <strong>1000</strong><br />(+0 for losing)
|raw|ZEATHS's rating: 1018 &rarr; <strong>1053</strong><br />(+35 for winning)
|l| capybaradude
|c|☆ZEATHS|GG'
|l|☆WildWallyWest
|player|p1|
