|j|☆Iusjs
|j|‽GabyBaby22
|t:|1750739442
|gametype|doubles
|player|p1|Iusjs|102|1205
|player|p2|GabyBaby22|170|1221
|teamsize|p1|6
|teamsize|p2|6
|gen|9
|tier|[Gen 9] VGC 2025 Reg I
|rated|
|rule|Species Clause: Limit one of each Pokémon
|rule|Item Clause: Limit 1 of each item
|clearpoke
|poke|p1|Mudsdale, L50, M|
|poke|p1|Dialga, L50|
|poke|p1|Gallade, L50, M|
|poke|p1|Incineroar, L50, F|
|poke|p1|Indeedee-F, L50, F|
|poke|p1|Lunala, L50|
|poke|p2|Kyogre, L50|
|poke|p2|Calyrex-Ice, L50|
|poke|p2|Dondozo, L50, F|
|poke|p2|Tatsugiri, L50, M|
|poke|p2|Ursaluna, L50, M|
|poke|p2|Basculegion, L50, M|
|teampreview|4
Iusjs has agreed to open team sheets.
|
|t:|1750739522
|start
|switch|p1a: Gallade|Gallade, L50, M|100/100
|switch|p1b: Lunala|Lunala, L50|100/100
|switch|p2a: Kyogre|Kyogre, L50|100/100
|switch|p2b: Calyrex|Calyrex-Ice, L50|100/100
|-ability|p2b: Calyrex|As One
|-ability|p2b: Calyrex|Unnerve
|-weather|RainDance|[from] ability: Drizzle|[of] p2a: Kyogre
|turn|1
|
|t:|1750739537
|move|p2a: Kyogre|Protect|p2a: Kyogre
|-singleturn|p2a: Kyogre|Protect
|move|p1b: Lunala|Wide Guard|p1b: Lunala
|-singleturn|p1b: Lunala|Wide Guard
|move|p1a: Gallade|Trick Room|p1a: Gallade
|-fieldstart|move: Trick Room|[of] p1a: Gallade
|move|p2b: Calyrex|Trick Room|p2b: Calyrex
|-fieldend|move: Trick Room
|
|-weather|RainDance|[upkeep]
|upkeep
|turn|2
|
|t:|1750739559
|move|p1a: Gallade|Wide Guard|p1a: Gallade
|-singleturn|p1a: Gallade|Wide Guard
|move|p1b: Lunala|Moongeist Beam|p2b: Calyrex
|-supereffective|p2b: Calyrex
|-damage|p2b: Calyrex|28/100
|move|p2a: Kyogre|Ice Beam|p1b: Lunala
|-damage|p1b: Lunala|86/100
|move|p2b: Calyrex|Glacial Lance|p1b: Lunala|[spread] 
|-activate|p1a: Gallade|move: Wide Guard
|-activate|p1b: Lunala|move: Wide Guard
|
|-weather|RainDance|[upkeep]
|upkeep
|turn|3
|
|t:|1750739585
|move|p2b: Calyrex|Protect|p2b: Calyrex
|-singleturn|p2b: Calyrex|Protect
|move|p1a: Gallade|Wide Guard|p1a: Gallade
|-singleturn|p1a: Gallade|Wide Guard
|move|p1b: Lunala|Moongeist Beam|p2a: Kyogre
|-damage|p2a: Kyogre|66/100
|move|p2a: Kyogre|Thunder|p1b: Lunala
|-damage|p1b: Lunala|47/100
|
|-weather|RainDance|[upkeep]
|upkeep
|turn|4
|
|t:|1750739620
|switch|p2b: Ursaluna|Ursaluna, L50, M|100/100
|move|p1b: Lunala|Wide Guard|p1b: Lunala
|-singleturn|p1b: Lunala|Wide Guard
|move|p1a: Gallade|Sacred Sword|p2b: Ursaluna
|-supereffective|p2b: Ursaluna
|-damage|p2b: Ursaluna|0 fnt
|faint|p2b: Ursaluna
|move|p2a: Kyogre|Thunder|p1b: Lunala
|-damage|p1b: Lunala|12/100
|
|-weather|RainDance|[upkeep]
|upkeep
|
|t:|1750739635
|switch|p2b: Calyrex|Calyrex-Ice, L50|28/100
|-ability|p2b: Calyrex|As One
|-ability|p2b: Calyrex|Unnerve
|turn|5
|
|t:|1750739651
|switch|p1b: Mudsdale|Mudsdale, L50, M|100/100
|move|p2b: Calyrex|Protect|p2b: Calyrex
|-singleturn|p2b: Calyrex|Protect
|move|p2a: Kyogre|Thunder|p1b: Mudsdale
|-immune|p1b: Mudsdale
|move|p1a: Gallade|Trick Room|p1a: Gallade
|-fieldstart|move: Trick Room|[of] p1a: Gallade
|
|-weather|none
|upkeep
|turn|6
|
|t:|1750739673
|move|p1b: Mudsdale|Earthquake|p2b: Calyrex|[spread] p1a,p2a,p2b
|-damage|p1a: Gallade|4/100
|-damage|p2a: Kyogre|1/100
|-damage|p2b: Calyrex|0 fnt
|faint|p2b: Calyrex
|move|p2a: Kyogre|Water Spout|p1a: Gallade|[spread] p1a,p1b
|-supereffective|p1b: Mudsdale
|-damage|p1a: Gallade|3/100
|-damage|p1b: Mudsdale|99/100
|move|p1a: Gallade|Sacred Sword|p2a: Kyogre
|-damage|p2a: Kyogre|0 fnt
|faint|p2a: Kyogre
|
|upkeep
|-message|GabyBaby22 forfeited.
|
|win|Iusjs
|raw|Iusjs's rating: 1205 &rarr; <strong>1231</strong><br />(+26 for winning)
|raw|GabyBaby22's rating: 1221 &rarr; <strong>1195</strong><br />(-26 for losing)
|l|‽GabyBaby22
|player|p2|
|l|☆Iusjs
|player|p1|
|j|☆Iusjs
|player|p1|Iusjs|102|
