|j|☆BigBusted
|j|☆Qmqmqmqm
|t:|1750817016
|gametype|doubles
|player|p1|BigBusted|unknown|1175
|player|p2|Qmqmqmqm|101|1070
|teamsize|p1|6
|teamsize|p2|6
|gen|9
|tier|[Gen 9] VGC 2025 Reg I
|rated|
|rule|Species Clause: Limit one of each Pokémon
|rule|Item Clause: Limit 1 of each item
|clearpoke
|poke|p1|Entei, L50|
|poke|p1|Salamence, L50, F|
|poke|p1|Ceruledge, L50, M|
|poke|p1|Koraidon, L50|
|poke|p1|Scream Tail, L50|
|poke|p1|Heatran, L50, M|
|poke|p2|Calyrex-Shadow, L50|
|poke|p2|Miraidon, L50|
|poke|p2|Indeedee-F, L50, F|
|poke|p2|Farigiraf, L50, F|
|poke|p2|Regieleki, L50|
|poke|p2|Gothitelle, L50, F|
|teampreview|4
|inactive|Battle timer is ON: inactive players will automatically lose when time's up. (requested by BigBusted)
|inactive|Qmqmqmqm has 60 seconds left.
|
|t:|1750817076
|start
|switch|p1a: Salamence|Salamence, L50, F|100/100
|switch|p1b: Ceruledge|Ceruledge, L50, M|100/100
|switch|p2a: Calyrex|Calyrex-Shadow, L50|100/100
|switch|p2b: Indeedee|Indeedee-F, L50, F|100/100
|-ability|p2a: Calyrex|As One
|-ability|p2a: Calyrex|Unnerve
|-ability|p1a: Salamence|Intimidate|boost
|-unboost|p2a: Calyrex|atk|1
|-fail|p2b: Indeedee|unboost|Attack|[from] ability: Own Tempo|[of] p2b: Indeedee
|turn|1
|
|t:|1750817095
|move|p2b: Indeedee|Helping Hand|p2a: Calyrex
|-singleturn|p2a: Calyrex|Helping Hand|[of] p2b: Indeedee
|move|p1b: Ceruledge|Protect|p1b: Ceruledge
|-singleturn|p1b: Ceruledge|Protect
|move|p2a: Calyrex|Astral Barrage|p1b: Ceruledge|[spread] p1a
|-activate|p1b: Ceruledge|move: Protect
|-damage|p1a: Salamence|9/100
|move|p1a: Salamence|Bulldoze|p2b: Indeedee|[spread] p2a,p2b
|-activate|p1b: Ceruledge|move: Protect
|-damage|p2a: Calyrex|84/100
|-damage|p2b: Indeedee|80/100
|-unboost|p2a: Calyrex|spe|1
|-unboost|p2b: Indeedee|spe|1
|
|upkeep
|turn|2
|inactive|BigBusted has 30 seconds left.
|
|t:|1750817125
|move|p1b: Ceruledge|Shadow Sneak|p2a: Calyrex
|-supereffective|p2a: Calyrex
|-damage|p2a: Calyrex|16/100
|move|p1a: Salamence|Bulldoze|p2a: Calyrex|[spread] p1b,p2a,p2b
|-supereffective|p1b: Ceruledge
|-crit|p2a: Calyrex
|-damage|p1b: Ceruledge|68/100
|-damage|p2a: Calyrex|0 fnt
|-damage|p2b: Indeedee|57/100
|-unboost|p1b: Ceruledge|spe|1
|-unboost|p2b: Indeedee|spe|1
|-ability|p1b: Ceruledge|Weak Armor|boost
|-unboost|p1b: Ceruledge|def|1
|-boost|p1b: Ceruledge|spe|2
|-enditem|p1b: Ceruledge|Weakness Policy
|-boost|p1b: Ceruledge|atk|2|[from] item: Weakness Policy
|-boost|p1b: Ceruledge|spa|2|[from] item: Weakness Policy
|faint|p2a: Calyrex
|move|p2b: Indeedee|Psychic|p1a: Salamence
|-damage|p1a: Salamence|0 fnt
|faint|p1a: Salamence
|
|upkeep
|
|t:|1750817145
|switch|p2a: Miraidon|Miraidon, L50|100/100
|switch|p1a: Scream Tail|Scream Tail, L50|100/100
|-fieldstart|move: Electric Terrain|[from] ability: Hadron Engine|[of] p2a: Miraidon
|-enditem|p1a: Scream Tail|Booster Energy
|-activate|p1a: Scream Tail|ability: Protosynthesis|[fromitem]
|-start|p1a: Scream Tail|protosynthesisspe
|turn|3
|
|t:|1750817163
|-terastallize|p2a: Miraidon|Electric
|move|p1a: Scream Tail|Protect|p1a: Scream Tail
|-singleturn|p1a: Scream Tail|Protect
|move|p1b: Ceruledge|Protect|p1b: Ceruledge
|-singleturn|p1b: Ceruledge|Protect
|move|p2a: Miraidon|Electro Drift|p1a: Scream Tail
|-activate|p1a: Scream Tail|move: Protect
|move|p2b: Indeedee|Psychic|p1b: Ceruledge
|-activate|p1b: Ceruledge|move: Protect
|
|upkeep
|turn|4
|
|t:|1750817180
|move|p1a: Scream Tail|Disable|p2a: Miraidon
|-start|p2a: Miraidon|Disable|Electro Drift
|cant|p2a: Miraidon|Disable|Electro Drift
|move|p1b: Ceruledge|Bitter Blade|p2a: Miraidon
|-damage|p2a: Miraidon|20/100
|-heal|p1b: Ceruledge|100/100|[from] drain|[of] p2a: Miraidon
|move|p2b: Indeedee|Psychic|p1b: Ceruledge
|-damage|p1b: Ceruledge|74/100
|
|upkeep
|turn|5
|
|t:|1750817197
|move|p1a: Scream Tail|Encore|p2b: Indeedee
|-start|p2b: Indeedee|Encore
|move|p2a: Miraidon|Draco Meteor|p1b: Ceruledge
|-damage|p1b: Ceruledge|0 fnt
|-unboost|p2a: Miraidon|spa|2
|faint|p1b: Ceruledge
|-damage|p2a: Miraidon|10/100|[from] item: Life Orb
|move|p2b: Indeedee|Psychic|p1a: Scream Tail
|-resisted|p1a: Scream Tail
|-damage|p1a: Scream Tail|89/100
|
|upkeep
|
|t:|1750817207
|switch|p1b: Heatran|Heatran, L50, M|100/100
|turn|6
|
|t:|1750817223
|move|p1a: Scream Tail|Encore|p2a: Miraidon
|-start|p2a: Miraidon|Encore
|move|p2a: Miraidon|Draco Meteor|p1b: Heatran
|-resisted|p1b: Heatran
|-damage|p1b: Heatran|76/100
|-unboost|p2a: Miraidon|spa|2
|-damage|p2a: Miraidon|0 fnt|[from] item: Life Orb
|faint|p2a: Miraidon
|move|p1b: Heatran|Magma Storm|p2b: Indeedee
|-crit|p2b: Indeedee
|-damage|p2b: Indeedee|0 fnt
|faint|p2b: Indeedee
|
|-heal|p1b: Heatran|82/100|[from] item: Leftovers
|upkeep
|
|t:|1750817239
|switch|p2b: Regieleki|Regieleki, L50|100/100
|turn|7
|
|t:|1750817249
|move|p1b: Heatran|Protect|p1b: Heatran
|-singleturn|p1b: Heatran|Protect
|move|p1a: Scream Tail|Disable||[still]
|-fail|p1a: Scream Tail
|move|p2b: Regieleki|Thunderbolt|p1b: Heatran
|-activate|p1b: Heatran|move: Protect
|
|-heal|p1b: Heatran|88/100|[from] item: Leftovers
|-fieldend|move: Electric Terrain
|upkeep
|turn|8
|
|t:|1750817265
|move|p1a: Scream Tail|Disable|p2b: Regieleki
|-start|p2b: Regieleki|Disable|Thunderbolt
|cant|p2b: Regieleki|Disable|Thunderbolt
|move|p1b: Heatran|Earth Power|p2b: Regieleki
|-supereffective|p2b: Regieleki
|-damage|p2b: Regieleki|0 fnt
|faint|p2b: Regieleki
|
|win|BigBusted
|raw|BigBusted's rating: 1175 &rarr; <strong>1193</strong><br />(+18 for winning)
|raw|Qmqmqmqm's rating: 1070 &rarr; <strong>1056</strong><br />(-14 for losing)
|l|☆Qmqmqmqm
|player|p2|
|l|☆BigBusted
|player|p1|
