|j|☆Dandraker
|j|‽Dark Maste777
|t:|1750869606
|gametype|doubles
|player|p1|Dandraker|102|1259
|player|p2|Dark Maste777|roughneck|1348
|teamsize|p1|6
|teamsize|p2|6
|gen|9
|tier|[Gen 9] VGC 2025 Reg I
|rated|
|rule|Species Clause: Limit one of each Pokémon
|rule|Item Clause: Limit 1 of each item
|clearpoke
|poke|p1|Incineroar, L50, M|
|poke|p1|Kyogre, L50|
|poke|p1|Rillaboom, L50, M|
|poke|p1|Volcarona, L50, M|
|poke|p1|Zacian-*, L50|
|poke|p1|Garchomp, L50, M|
|poke|p2|Kingdra, L50, F|
|poke|p2|Kyogre, L50|
|poke|p2|Iron Valiant, L50|
|poke|p2|Exeggutor-Alola, L50, F|
|poke|p2|Necrozma-Dusk-Mane, L50|
|poke|p2|Rillaboom, L50, M|
|teampreview|4
|inactive|Battle timer is ON: inactive players will automatically lose when time's up. (requested by Dark Maste777)
|
|t:|1750869629
|start
|switch|p1a: Zacian|Zacian-Crowned, L50|100/100
|switch|p1b: Rillaboom|Rillaboom, L50, M|100/100
|switch|p2a: Kyogre|Kyogre, L50|100/100
|switch|p2b: Necrozma|Necrozma-Dusk-Mane, L50, shiny|100/100
|-ability|p1a: Zacian|Intrepid Sword|boost
|-boost|p1a: Zacian|atk|1
|-fieldstart|move: Grassy Terrain|[from] ability: Grassy Surge|[of] p1b: Rillaboom
|-weather|RainDance|[from] ability: Drizzle|[of] p2a: Kyogre
|turn|1
|
|t:|1750869642
|move|p2a: Kyogre|Protect|p2a: Kyogre
|-singleturn|p2a: Kyogre|Protect
|move|p1a: Zacian|Sacred Sword|p2b: Necrozma
|-damage|p2b: Necrozma|58/100
|move|p1b: Rillaboom|U-turn|p2b: Necrozma
|-damage|p2b: Necrozma|41/100
|
|t:|1750869649
|switch|p1b: Kyogre|Kyogre, L50|100/100|[from] U-turn
|move|p2b: Necrozma|Trick Room|p2b: Necrozma
|-fieldstart|move: Trick Room|[of] p2b: Necrozma
|
|-weather|RainDance|[upkeep]
|-heal|p2b: Necrozma|47/100|[from] Grassy Terrain
|upkeep
|turn|2
|inactive|Dandraker has 30 seconds left.
|inactive|Dark Maste777 has 30 seconds left.
|
|t:|1750869680
|switch|p1a: Rillaboom|Rillaboom, L50, M|100/100
|move|p2b: Necrozma|Gravity|p2b: Necrozma
|-fieldstart|move: Gravity
|move|p2a: Kyogre|Water Spout|p1b: Kyogre|[spread] p1a,p1b
|-resisted|p1a: Rillaboom
|-resisted|p1b: Kyogre
|-damage|p1a: Rillaboom|62/100
|-damage|p1b: Kyogre|59/100
|move|p1b: Kyogre|Thunder|p2a: Kyogre
|-supereffective|p2a: Kyogre
|-damage|p2a: Kyogre|41/100
|
|-weather|RainDance|[upkeep]
|-heal|p2b: Necrozma|52/100|[from] Grassy Terrain
|-heal|p2a: Kyogre|46/100|[from] Grassy Terrain
|-heal|p1a: Rillaboom|68/100|[from] Grassy Terrain
|-heal|p1b: Kyogre|65/100|[from] Grassy Terrain
|upkeep
|turn|3
|
|t:|1750869697
|move|p1a: Rillaboom|Grassy Glide|p2a: Kyogre
|-supereffective|p2a: Kyogre
|-damage|p2a: Kyogre|0 fnt
|faint|p2a: Kyogre
|move|p2b: Necrozma|Stone Edge|p1a: Rillaboom
|-damage|p1a: Rillaboom|24/100
|move|p1b: Kyogre|Origin Pulse|p2b: Necrozma
|-damage|p2b: Necrozma|0 fnt
|faint|p2b: Necrozma
|
|-weather|RainDance|[upkeep]
|-heal|p1a: Rillaboom|30/100|[from] Grassy Terrain
|-heal|p1b: Kyogre|72/100|[from] Grassy Terrain
|upkeep
|
|t:|1750869707
|switch|p2b: Exeggutor|Exeggutor-Alola, L50, F|100/100
|switch|p2a: Kingdra|Kingdra, L50, F|100/100
|-item|p1a: Rillaboom|Assault Vest|[from] ability: Frisk|[of] p2b: Exeggutor
|-item|p1b: Kyogre|Mystic Water|[from] ability: Frisk|[of] p2b: Exeggutor
|turn|4
|inactive|Dark Maste777 has 30 seconds left.
|
|t:|1750869734
|-terastallize|p1b: Kyogre|Electric
|move|p2b: Exeggutor|Dragon Cheer|p2a: Kingdra
|-start|p2a: Kingdra|move: Dragon Cheer
|move|p2a: Kingdra|Muddy Water|p1a: Rillaboom|[spread] p1a,p1b
|-resisted|p1a: Rillaboom
|-crit|p1a: Rillaboom
|-crit|p1b: Kyogre
|-damage|p1a: Rillaboom|0 fnt
|-damage|p1b: Kyogre|0 fnt
|faint|p1a: Rillaboom
|faint|p1b: Kyogre
|
|-weather|RainDance|[upkeep]
|upkeep
|
|t:|1750869750
|switch|p1a: Incineroar|Incineroar, L50, M|100/100
|switch|p1b: Zacian|Zacian-Crowned, L50|100/100
|-ability|p1a: Incineroar|Intimidate|boost
|-unboost|p2a: Kingdra|atk|1
|-unboost|p2b: Exeggutor|atk|1
|turn|5
|
|t:|1750869768
|move|p2a: Kingdra|Protect|p2a: Kingdra
|-singleturn|p2a: Kingdra|Protect
|move|p2b: Exeggutor|Sleep Powder|p1a: Incineroar
|-status|p1a: Incineroar|slp|[from] move: Sleep Powder
|cant|p1a: Incineroar|slp
|move|p1b: Zacian|Behemoth Blade|p2b: Exeggutor
|-damage|p2b: Exeggutor|57/100
|
|-weather|none
|-heal|p2b: Exeggutor|63/100|[from] Grassy Terrain
|-fieldend|move: Trick Room
|-fieldend|move: Grassy Terrain
|upkeep
|turn|6
|
|t:|1750869790
|-terastallize|p2a: Kingdra|Fairy
|move|p1b: Zacian|Protect|p1b: Zacian
|-singleturn|p1b: Zacian|Protect
|cant|p1a: Incineroar|slp
|move|p2a: Kingdra|Muddy Water|p1b: Zacian|[spread] p1a
|-activate|p1b: Zacian|move: Protect
|-supereffective|p1a: Incineroar
|-crit|p1a: Incineroar
|-damage|p1a: Incineroar|0 fnt
|faint|p1a: Incineroar
|move|p2b: Exeggutor|Trick Room|p2b: Exeggutor
|-fieldstart|move: Trick Room|[of] p2b: Exeggutor
|
|-fieldend|move: Gravity
|upkeep
|turn|7
|
|t:|1750869804
|move|p2a: Kingdra|Protect|p2a: Kingdra
|-singleturn|p2a: Kingdra|Protect
|move|p2b: Exeggutor|Sleep Powder|p1b: Zacian
|-status|p1b: Zacian|slp|[from] move: Sleep Powder
|cant|p1b: Zacian|slp
|
|upkeep
|turn|8
|-message|Dandraker forfeited.
|
|win|Dark Maste777
|raw|Dandraker's rating: 1259 &rarr; <strong>1240</strong><br />(-19 for losing)
|raw|Dark Maste777's rating: 1348 &rarr; <strong>1363</strong><br />(+15 for winning)
|l|☆Dandraker
|player|p1|
