|j|☆radijiu
|j|☆dippingsoup
|t:|1750710996
|gametype|doubles
|player|p1|radijiu|benga|1064
|player|p2|dippingsoup|101|1053
|teamsize|p1|6
|teamsize|p2|6
|gen|9
|tier|[Gen 9] VGC 2025 Reg I
|rated|
|rule|Species Clause: Limit one of each Pokémon
|rule|Item Clause: Limit 1 of each item
|clearpoke
|poke|p1|Sceptile, L50, F|
|poke|p1|Miraidon, L50|
|poke|p1|Iron Hands, L50|
|poke|p1|Incineroar, L50, M|
|poke|p1|Farigiraf, L50, M|
|poke|p1|Whimsicott, L50, M|
|poke|p2|Grimmsnarl, L50, M|
|poke|p2|Amoonguss, L50, M|
|poke|p2|Incineroar, L50, M|
|poke|p2|Kyogre, L50|
|poke|p2|Rillaboom, L50, F|
|poke|p2|Raging Bolt, L50|
|teampreview|4
|inactive|Battle timer is ON: inactive players will automatically lose when time's up. (requested by dippingsoup)
|
|t:|1750711011
|start
|switch|p1a: Incineroar|Incineroar, L50, M|100/100
|switch|p1b: Farigiraf|Farigiraf, L50, M|100/100
|switch|p2a: Rillaboom|Rillaboom, L50, F|100/100
|switch|p2b: Kyogre|Kyogre, L50|100/100
|-weather|RainDance|[from] ability: Drizzle|[of] p2b: Kyogre
|-fieldstart|move: Grassy Terrain|[from] ability: Grassy Surge|[of] p2a: Rillaboom
|-ability|p1a: Incineroar|Intimidate|boost
|-unboost|p2a: Rillaboom|atk|1
|-unboost|p2b: Kyogre|atk|1
|turn|1
|
|t:|1750711030
|move|p2a: Rillaboom|Fake Out|p1a: Incineroar
|-damage|p1a: Incineroar|92/100
|cant|p1a: Incineroar|flinch
|move|p2b: Kyogre|Calm Mind|p2b: Kyogre
|-boost|p2b: Kyogre|spa|1
|-boost|p2b: Kyogre|spd|1
|move|p1b: Farigiraf|Nasty Plot|p1b: Farigiraf
|-boost|p1b: Farigiraf|spa|2
|
|-weather|RainDance|[upkeep]
|-heal|p1a: Incineroar|98/100|[from] Grassy Terrain
|upkeep
|turn|2
|
|t:|1750711049
|move|p1b: Farigiraf|Protect|p1b: Farigiraf
|-singleturn|p1b: Farigiraf|Protect
|move|p2b: Kyogre|Origin Pulse|p1a: Incineroar|[spread] p1a
|-activate|p1b: Farigiraf|move: Protect
|-supereffective|p1a: Incineroar
|-damage|p1a: Incineroar|0 fnt
|faint|p1a: Incineroar
|move|p2a: Rillaboom|U-turn|p1b: Farigiraf
|-activate|p1b: Farigiraf|move: Protect
|
|-weather|RainDance|[upkeep]
|upkeep
|
|t:|1750711058
|switch|p1a: Miraidon|Miraidon, L50|100/100
|-fieldstart|move: Electric Terrain|[from] ability: Hadron Engine|[of] p1a: Miraidon
|turn|3
|
|t:|1750711069
|move|p2b: Kyogre|Protect|p2b: Kyogre
|-singleturn|p2b: Kyogre|Protect
|move|p1a: Miraidon|Electro Drift|p2b: Kyogre
|-activate|p2b: Kyogre|move: Protect
|move|p2a: Rillaboom|U-turn|p1b: Farigiraf
|-supereffective|p1b: Farigiraf
|-damage|p1b: Farigiraf|70/100
|
|t:|1750711083
|switch|p2a: Raging Bolt|Raging Bolt, L50|100/100|[from] U-turn
|-enditem|p2a: Raging Bolt|Booster Energy
|-activate|p2a: Raging Bolt|ability: Protosynthesis|[fromitem]
|-start|p2a: Raging Bolt|protosynthesisspa
|move|p1b: Farigiraf|Baton Pass|p1b: Farigiraf
|
|t:|1750711089
|switch|p1b: Sceptile|Sceptile, L50, F|100/100|[from] Baton Pass
|-enditem|p1b: Sceptile|Electric Seed
|-boost|p1b: Sceptile|def|1|[from] item: Electric Seed
|
|-weather|RainDance|[upkeep]
|upkeep
|turn|4
|
|t:|1750711102
|-terastallize|p1a: Miraidon|Steel
|-terastallize|p2b: Kyogre|Grass
|move|p1b: Sceptile|Dragon Pulse|p2a: Raging Bolt
|-supereffective|p2a: Raging Bolt
|-damage|p2a: Raging Bolt|0 fnt
|faint|p2a: Raging Bolt
|-end|p2a: Raging Bolt|Protosynthesis|[silent]
|move|p1a: Miraidon|Electro Drift|p2b: Kyogre
|-resisted|p2b: Kyogre
|-damage|p2b: Kyogre|68/100
|move|p2b: Kyogre|Ice Beam|p1b: Sceptile
|-supereffective|p1b: Sceptile
|-damage|p1b: Sceptile|0 fnt
|faint|p1b: Sceptile
|
|-weather|RainDance|[upkeep]
|-heal|p2b: Kyogre|74/100|[from] item: Leftovers
|upkeep
|
|t:|1750711117
|switch|p1b: Farigiraf|Farigiraf, L50, M|70/100
|switch|p2a: Incineroar|Incineroar, L50, M|100/100
|-ability|p2a: Incineroar|Intimidate|boost
|-unboost|p1a: Miraidon|atk|1
|-unboost|p1b: Farigiraf|atk|1
|turn|5
|
|t:|1750711130
|move|p1b: Farigiraf|Protect|p1b: Farigiraf
|-singleturn|p1b: Farigiraf|Protect
|move|p2a: Incineroar|Fake Out|p1a: Miraidon
|-resisted|p1a: Miraidon
|-damage|p1a: Miraidon|95/100
|cant|p1a: Miraidon|flinch
|move|p2b: Kyogre|Origin Pulse|p1a: Miraidon|[spread] p1a
|-activate|p1b: Farigiraf|move: Protect
|-damage|p1a: Miraidon|0 fnt
|faint|p1a: Miraidon
|
|-weather|none
|-heal|p2b: Kyogre|80/100|[from] item: Leftovers
|upkeep
|turn|6
|
|t:|1750711148
|move|p2b: Kyogre|Origin Pulse|p1b: Farigiraf
|-damage|p1b: Farigiraf|10/100
|-enditem|p1b: Farigiraf|Sitrus Berry|[eat]
|-heal|p1b: Farigiraf|35/100|[from] item: Sitrus Berry
|move|p2a: Incineroar|Knock Off|p1b: Farigiraf
|-supereffective|p1b: Farigiraf
|-damage|p1b: Farigiraf|0 fnt
|faint|p1b: Farigiraf
|
|win|dippingsoup
|raw|radijiu's rating: 1064 &rarr; <strong>1044</strong><br />(-20 for losing)
|raw|dippingsoup's rating: 1053 &rarr; <strong>1086</strong><br />(+33 for winning)
|l|☆radijiu
|player|p1|
|l|☆dippingsoup
|player|p2|
