|j|☆luoxuedacongming
|j|☆tessrain7
|t:|1750843237
|gametype|doubles
|player|p1|luoxuedacongming|dawn|1388
|player|p2|tessrain7|lass-gen4dp|1486
|teamsize|p1|6
|teamsize|p2|6
|gen|9
|tier|[Gen 9] VGC 2025 Reg I
|rated|
|rule|Species Clause: Limit one of each Pokémon
|rule|Item Clause: Limit 1 of each item
|clearpoke
|poke|p1|Calyrex-Shadow, L50|
|poke|p1|Kyogre, L50|
|poke|p1|Whimsicott, L50, F|
|poke|p1|Amoonguss, L50, F|
|poke|p1|Maushold-Four, L50|
|poke|p1|Indeedee-F, L50, F|
|poke|p2|Kyogre, L50|
|poke|p2|Calyrex-Ice, L50|
|poke|p2|Smeargle, L50, F|
|poke|p2|Volcarona, L50, F|
|poke|p2|Farigiraf, L50, F|
|poke|p2|Maushold, L50|
|teampreview|4
|
|t:|1750843271
|start
|switch|p1a: Calyrex|Calyrex-Shadow, L50|100/100
|switch|p1b: Maushold|Maushold-Four, L50|100/100
|switch|p2a: Calyrex|Calyrex-Ice, L50|100/100
|switch|p2b: Smeargle|Smeargle, L50, F, shiny|100/100
|-ability|p1a: Calyrex|As One
|-ability|p1a: Calyrex|Unnerve
|-ability|p2a: Calyrex|As One
|-ability|p2a: Calyrex|Unnerve
|turn|1
|
|t:|1750843318
|-terastallize|p1a: Calyrex|Ghost
|-terastallize|p2a: Calyrex|Grass
|move|p2b: Smeargle|Fake Out|p1b: Maushold
|-damage|p1b: Maushold|90/100
|cant|p1b: Maushold|flinch
|move|p1a: Calyrex|Astral Barrage|p2a: Calyrex|[spread] p2a
|-immune|p2b: Smeargle
|-damage|p2a: Calyrex|47/100
|move|p2a: Calyrex|Glacial Lance|p1b: Maushold|[spread] p1a,p1b
|-damage|p1a: Calyrex|35/100
|-damage|p1b: Maushold|4/100
|
|-ability|p2b: Smeargle|Moody|boost
|-boost|p2b: Smeargle|atk|2
|-unboost|p2b: Smeargle|spd|1
|upkeep
|turn|2
|
|t:|1750843358
|switch|p2a: Farigiraf|Farigiraf, L50, F, shiny|100/100
|move|p1a: Calyrex|Astral Barrage|p2b: Smeargle|[spread] 
|-immune|p2a: Farigiraf
|-immune|p2b: Smeargle
|move|p1b: Maushold|Population Bomb|p2b: Smeargle
|-damage|p2b: Smeargle|73/100
|-damage|p2b: Smeargle|47/100
|-damage|p2b: Smeargle|20/100
|-damage|p2b: Smeargle|0 fnt
|faint|p2b: Smeargle
|-hitcount|p2: Smeargle|4
|
|upkeep
|
|t:|1750843376
|switch|p2b: Kyogre|Kyogre, L50, shiny|100/100
|-weather|RainDance|[from] ability: Drizzle|[of] p2b: Kyogre
|turn|3
|
|t:|1750843389
|move|p2a: Farigiraf|Helping Hand|p2b: Kyogre
|-singleturn|p2b: Kyogre|Helping Hand|[of] p2a: Farigiraf
|move|p1b: Maushold|Feint||[still]
|cant|p2a: Farigiraf|ability: Armor Tail|Feint|[of] p1b: Maushold
|move|p2b: Kyogre|Water Spout|p1b: Maushold|[spread] p1a,p1b
|-damage|p1a: Calyrex|0 fnt
|-damage|p1b: Maushold|0 fnt
|faint|p1a: Calyrex
|faint|p1b: Maushold
|
|-weather|RainDance|[upkeep]
|upkeep
|
|t:|1750843403
|switch|p1a: Whimsicott|Whimsicott, L50, F|100/100
|switch|p1b: Indeedee|Indeedee-F, L50, F|100/100
|-fieldstart|move: Psychic Terrain|[from] ability: Psychic Surge|[of] p1b: Indeedee
|turn|4
|
|t:|1750843422
|move|p2a: Farigiraf|Helping Hand|p2b: Kyogre
|-singleturn|p2b: Kyogre|Helping Hand|[of] p2a: Farigiraf
|move|p2b: Kyogre|Water Spout|p1a: Whimsicott|[spread] p1a,p1b
|-resisted|p1a: Whimsicott
|-damage|p1a: Whimsicott|5/100
|-damage|p1b: Indeedee|0 fnt
|faint|p1b: Indeedee
|move|p1a: Whimsicott|Moonblast|p2b: Kyogre
|-damage|p2b: Kyogre|80/100
|
|-weather|RainDance|[upkeep]
|upkeep
|turn|5
|inactive|Battle timer is ON: inactive players will automatically lose when time's up. (requested by tessrain7)
|-message|luoxuedacongming forfeited.
|
|win|tessrain7
|raw|luoxuedacongming's rating: 1388 &rarr; <strong>1373</strong><br />(-15 for losing)
|raw|tessrain7's rating: 1486 &rarr; <strong>1501</strong><br />(+15 for winning)
|l|☆luoxuedacongming
|player|p1|
|l|☆tessrain7
|player|p2|
