|j|☆Gang-ho
|j|☆superduce2
|t:|1750801859
|gametype|doubles
|player|p1|Gang-ho|red|1392
|player|p2|superduce2|winona|1460
|teamsize|p1|6
|teamsize|p2|6
|gen|9
|tier|[Gen 9] VGC 2025 Reg I
|rated|
|rule|Species Clause: Limit one of each Pokémon
|rule|Item Clause: Limit 1 of each item
|clearpoke
|poke|p1|Charizard, L50, M|
|poke|p1|Groudon, L50|
|poke|p1|Koraidon, L50|
|poke|p1|Murkrow, L50, M|
|poke|p1|Raging Bolt, L50|
|poke|p1|Flutter Mane, L50|
|poke|p2|Tornadus, L50, M|
|poke|p2|Smeargle, L50, F|
|poke|p2|Calyrex-Shadow, L50|
|poke|p2|Zamazenta-*, L50|
|poke|p2|Rillaboom, L50, M|
|poke|p2|Chi-Yu, L50|
|teampreview|4
|
|t:|1750801895
|start
|switch|p1a: Flutter Mane|Flutter Mane, L50|100/100
|switch|p1b: Groudon|Groudon, L50|100/100
|switch|p2a: Tornadus|Tornadus, L50, M|100/100
|switch|p2b: Calyrex|Calyrex-Shadow, L50|100/100
|-ability|p2b: Calyrex|As One
|-ability|p2b: Calyrex|Unnerve
|-weather|SunnyDay|[from] ability: Drought|[of] p1b: Groudon
|-activate|p1a: Flutter Mane|ability: Protosynthesis
|-start|p1a: Flutter Mane|protosynthesisspe
|turn|1
|
|t:|1750801929
|move|p2b: Calyrex|Protect|p2b: Calyrex
|-singleturn|p2b: Calyrex|Protect
|move|p2a: Tornadus|Tailwind|p2a: Tornadus
|-sidestart|p2: superduce2|move: Tailwind
|move|p1b: Groudon|High Horsepower|p2b: Calyrex
|-activate|p2b: Calyrex|move: Protect
|move|p1a: Flutter Mane|Trick Room|p1a: Flutter Mane
|-fieldstart|move: Trick Room|[of] p1a: Flutter Mane
|
|-weather|SunnyDay|[upkeep]
|upkeep
|turn|2
|inactive|Battle timer is ON: inactive players will automatically lose when time's up. (requested by Gang-ho)
|
|t:|1750801949
|move|p1b: Groudon|High Horsepower|p2b: Calyrex
|-damage|p2b: Calyrex|5/100
|move|p2a: Tornadus|Bleakwind Storm|p1a: Flutter Mane|[spread] p1a,p1b
|-damage|p1a: Flutter Mane|59/100
|-damage|p1b: Groudon|59/100
|-unboost|p1a: Flutter Mane|spe|1
|move|p1a: Flutter Mane|Moonblast|p2b: Calyrex
|-damage|p2b: Calyrex|0 fnt
|faint|p2b: Calyrex
|
|-weather|SunnyDay|[upkeep]
|upkeep
|
|t:|1750801963
|switch|p2b: Zamazenta|Zamazenta-Crowned, L50|100/100
|-ability|p2b: Zamazenta|Dauntless Shield|boost
|-boost|p2b: Zamazenta|def|1
|turn|3
|
|t:|1750801972
|-terastallize|p2b: Zamazenta|Water
|move|p1b: Groudon|High Horsepower|p2b: Zamazenta
|-damage|p2b: Zamazenta|71/100
|move|p1a: Flutter Mane|Moonblast|p2b: Zamazenta
|-damage|p2b: Zamazenta|33/100
|move|p2a: Tornadus|Bleakwind Storm|p1b: Groudon|[spread] p1a,p1b
|-damage|p1a: Flutter Mane|17/100
|-damage|p1b: Groudon|14/100
|-unboost|p1b: Groudon|spe|1
|move|p2b: Zamazenta|Heavy Slam|p1a: Flutter Mane
|-supereffective|p1a: Flutter Mane
|-damage|p1a: Flutter Mane|0 fnt
|faint|p1a: Flutter Mane
|-end|p1a: Flutter Mane|Protosynthesis|[silent]
|
|-weather|SunnyDay|[upkeep]
|upkeep
|
|t:|1750801988
|switch|p1a: Charizard|Charizard, L50, M|100/100
|turn|4
|inactive|Gang-ho has 30 seconds left.
|
|t:|1750802021
|move|p2a: Tornadus|Protect|p2a: Tornadus
|-singleturn|p2a: Tornadus|Protect
|move|p2b: Zamazenta|Protect|p2b: Zamazenta
|-singleturn|p2b: Zamazenta|Protect
|move|p1b: Groudon|High Horsepower|p2b: Zamazenta
|-activate|p2b: Zamazenta|move: Protect
|move|p1a: Charizard|Weather Ball|p2b: Zamazenta
|-activate|p2b: Zamazenta|move: Protect
|
|-weather|SunnyDay|[upkeep]
|-damage|p1a: Charizard|88/100|[from] ability: Solar Power|[of] p1a: Charizard
|-sideend|p2: superduce2|move: Tailwind
|upkeep
|turn|5
|
|t:|1750802043
|move|p1b: Groudon|High Horsepower|p2b: Zamazenta
|-damage|p2b: Zamazenta|1/100
|move|p2a: Tornadus|Bleakwind Storm|p1b: Groudon|[spread] p1a
|-miss|p2a: Tornadus|p1b: Groudon
|-damage|p1a: Charizard|34/100
|move|p2b: Zamazenta|Body Press|p1a: Charizard
|-resisted|p1a: Charizard
|-damage|p1a: Charizard|0 fnt
|faint|p1a: Charizard
|
|-weather|none
|-fieldend|move: Trick Room
|upkeep
|
|t:|1750802052
|switch|p1a: Koraidon|Koraidon, L50|100/100
|-weather|SunnyDay|[from] ability: Orichalcum Pulse|[of] p1a: Koraidon
|-activate|p1a: Koraidon|Orichalcum Pulse|[source]
|turn|6
|
|t:|1750802075
|-terastallize|p1a: Koraidon|Ghost
|move|p2a: Tornadus|Tailwind|p2a: Tornadus
|-sidestart|p2: superduce2|move: Tailwind
|move|p2b: Zamazenta|Body Press|p1b: Groudon
|-damage|p1b: Groudon|0 fnt
|faint|p1b: Groudon
|move|p1a: Koraidon|Wild Charge|p2a: Tornadus
|-supereffective|p2a: Tornadus
|-damage|p2a: Tornadus|0 fnt
|faint|p2a: Tornadus
|-damage|p1a: Koraidon|74/100|[from] Recoil
|-damage|p1a: Koraidon|64/100|[from] item: Life Orb
|
|-weather|SunnyDay|[upkeep]
|upkeep
|
|t:|1750802087
|switch|p2a: Chi-Yu|Chi-Yu, L50|100/100
|-ability|p2a: Chi-Yu|Beads of Ruin
|turn|7
|
|t:|1750802096
|move|p2a: Chi-Yu|Dark Pulse|p1a: Koraidon
|-supereffective|p1a: Koraidon
|-damage|p1a: Koraidon|0 fnt
|faint|p1a: Koraidon
|
|win|superduce2
|raw|Gang-ho's rating: 1392 &rarr; <strong>1376</strong><br />(-16 for losing)
|raw|superduce2's rating: 1460 &rarr; <strong>1476</strong><br />(+16 for winning)
|l|☆superduce2
|player|p2|
|l|☆Gang-ho
|player|p1|
