|j|☆czaryia
|j|☆JammyPhantom
|t:|1750716605
|gametype|doubles
|player|p1|czaryia|plasmagruntf-gen5bw|1053
|player|p2|JammyPhantom|170|1000
|teamsize|p1|6
|teamsize|p2|6
|gen|9
|tier|[Gen 9] VGC 2025 Reg I
|rated|
|rule|Species Clause: Limit one of each Pokémon
|rule|Item Clause: Limit 1 of each item
|clearpoke
|poke|p1|Granbull, L50, F|
|poke|p1|Ditto, L50|
|poke|p1|Wo-Chien, L50|
|poke|p1|Hydreigon, L50, M|
|poke|p1|Rotom-Wash, L50|
|poke|p1|Iron Valiant, L50|
|poke|p2|Sinistcha, L50|
|poke|p2|Clefairy, L50, M|
|poke|p2|Snorlax, L50, M|
|poke|p2|Iron Hands, L50|
|poke|p2|Kommo-o, L50, M|
|poke|p2|Iron Bundle, L50|
|teampreview|4
JammyPhantom has agreed to open team sheets.
|
|t:|1750716637
|start
|switch|p1a: Rotom|Rotom-Wash, L50|100/100
|switch|p1b: Wo-Chien|Wo-Chien, L50|100/100
|switch|p2a: Sinistcha|Sinistcha, L50|100/100
|switch|p2b: Clefairy|Clefairy, L50, M|100/100
|-ability|p1b: Wo-Chien|Tablets of Ruin
|turn|1
|
|t:|1750716655
|move|p2b: Clefairy|Follow Me|p2b: Clefairy
|-singleturn|p2b: Clefairy|move: Follow Me
|move|p1a: Rotom|Will-O-Wisp|p2b: Clefairy
|-status|p2b: Clefairy|brn
|move|p1b: Wo-Chien|Leech Seed|p2b: Clefairy
|-start|p2b: Clefairy|move: Leech Seed
|move|p2a: Sinistcha|Trick Room|p2a: Sinistcha
|-fieldstart|move: Trick Room|[of] p2a: Sinistcha
|
|-damage|p2b: Clefairy|88/100 brn|[from] Leech Seed|[of] p1b: Wo-Chien
|-damage|p2b: Clefairy|82/100 brn|[from] brn
|upkeep
|turn|2
|
|t:|1750716690
|move|p2b: Clefairy|Encore|p1b: Wo-Chien
|-start|p1b: Wo-Chien|Encore
|move|p1b: Wo-Chien|Leech Seed|p2a: Sinistcha
|-immune|p2a: Sinistcha
|move|p2a: Sinistcha|Matcha Gotcha|p1a: Rotom|[spread] p1a,p1b
|-supereffective|p1a: Rotom
|-resisted|p1b: Wo-Chien
|-damage|p1a: Rotom|65/100
|-damage|p1b: Wo-Chien|94/100
|-status|p1a: Rotom|brn
|-status|p1b: Wo-Chien|brn
|move|p1a: Rotom|Will-O-Wisp|p2a: Sinistcha|[miss]
|-miss|p1a: Rotom|p2a: Sinistcha
|
|-heal|p1b: Wo-Chien|100/100 brn|[from] item: Leftovers
|-damage|p2b: Clefairy|70/100 brn|[from] Leech Seed|[of] p1b: Wo-Chien
|-damage|p2b: Clefairy|64/100 brn|[from] brn
|-damage|p1b: Wo-Chien|94/100 brn|[from] brn
|-damage|p1a: Rotom|59/100 brn|[from] brn
|upkeep
|turn|3
|c|☆czaryia|GLHF
|
|t:|1750716720
|switch|p2b: Snorlax|Snorlax, L50, M|100/100
|switch|p1b: Ditto|Ditto, L50|100/100
|-transform|p1b: Ditto|p2a: Sinistcha|[from] ability: Imposter
|-heal|p1a: Rotom|84/100 brn|[from] ability: Hospitality|[of] p1b: Ditto
|move|p2a: Sinistcha|Matcha Gotcha|p1a: Rotom|[spread] p1a,p1b
|-supereffective|p1a: Rotom
|-resisted|p1b: Ditto
|-damage|p1a: Rotom|46/100 brn
|-damage|p1b: Ditto|89/100
|move|p1a: Rotom|Will-O-Wisp|p2a: Sinistcha|[miss]
|-miss|p1a: Rotom|p2a: Sinistcha
|
|-damage|p1a: Rotom|40/100 brn|[from] brn
|upkeep
|turn|4
|
|t:|1750716744
|move|p1a: Rotom|Protect|p1a: Rotom
|-singleturn|p1a: Rotom|Protect
|move|p2a: Sinistcha|Rage Powder|p2a: Sinistcha
|-singleturn|p2a: Sinistcha|move: Rage Powder
|move|p2b: Snorlax|Belly Drum|p2b: Snorlax
|-damage|p2b: Snorlax|51/100
|-setboost|p2b: Snorlax|atk|6|[from] move: Belly Drum
|move|p1b: Ditto|Matcha Gotcha|p2b: Snorlax|[spread] p2a,p2b
|-resisted|p2a: Sinistcha
|-damage|p2a: Sinistcha|82/100
|-heal|p1b: Ditto|98/100|[from] drain|[of] p2a: Sinistcha
|-damage|p2b: Snorlax|29/100
|-heal|p1b: Ditto|100/100|[from] drain|[of] p2b: Snorlax
|-enditem|p2b: Snorlax|Sitrus Berry|[eat]
|-heal|p2b: Snorlax|54/100|[from] item: Sitrus Berry
|-damage|p1b: Ditto|91/100|[from] item: Life Orb
|
|-damage|p1a: Rotom|34/100 brn|[from] brn
|upkeep
|turn|5
|
|t:|1750716806
|move|p2b: Snorlax|Facade|p1b: Ditto
|-immune|p1b: Ditto
|move|p1b: Ditto|Matcha Gotcha|p2b: Snorlax|[spread] p2a,p2b
|-resisted|p2a: Sinistcha
|-crit|p2b: Snorlax
|-damage|p2a: Sinistcha|64/100
|-heal|p1b: Ditto|99/100|[from] drain|[of] p2a: Sinistcha
|-damage|p2b: Snorlax|19/100
|-heal|p1b: Ditto|100/100|[from] drain|[of] p2b: Snorlax
|-damage|p1b: Ditto|91/100|[from] item: Life Orb
|move|p2a: Sinistcha|Matcha Gotcha|p1a: Rotom|[spread] p1a,p1b
|-supereffective|p1a: Rotom
|-resisted|p1b: Ditto
|-damage|p1a: Rotom|0 fnt
|-heal|p2a: Sinistcha|83/100|[from] drain|[of] p1a: Rotom
|-damage|p1b: Ditto|79/100
|-heal|p2a: Sinistcha|89/100|[from] drain|[of] p1b: Ditto
|-status|p1b: Ditto|brn
|faint|p1a: Rotom
|
|-damage|p1b: Ditto|73/100 brn|[from] brn
|-fieldend|move: Trick Room
|upkeep
|
|t:|1750716831
|switch|p1a: Granbull|Granbull, L50, F|100/100
|-ability|p1a: Granbull|Intimidate|boost
|-unboost|p2a: Sinistcha|atk|1
|-unboost|p2b: Snorlax|atk|1
|turn|6
|
|t:|1750716845
|-terastallize|p1a: Granbull|Steel
|move|p2b: Snorlax|Protect|p2b: Snorlax
|-singleturn|p2b: Snorlax|Protect
|move|p1b: Ditto|Matcha Gotcha|p2b: Snorlax|[spread] p2a
|-activate|p2b: Snorlax|move: Protect
|-resisted|p2a: Sinistcha
|-crit|p2a: Sinistcha
|-damage|p2a: Sinistcha|65/100
|-heal|p1b: Ditto|85/100 brn|[from] drain|[of] p2a: Sinistcha
|-damage|p1b: Ditto|75/100 brn|[from] item: Life Orb
|move|p1a: Granbull|Ice Punch|p2a: Sinistcha
|-supereffective|p2a: Sinistcha
|-crit|p2a: Sinistcha
|-damage|p2a: Sinistcha|0 fnt
|faint|p2a: Sinistcha
|
|-damage|p1b: Ditto|70/100 brn|[from] brn
|upkeep
|
|t:|1750716862
|switch|p2a: Clefairy|Clefairy, L50, M|64/100 brn
|turn|7
|
|t:|1750716875
|move|p1b: Ditto|Matcha Gotcha|p2a: Clefairy|[spread] p2a,p2b
|-damage|p2a: Clefairy|36/100 brn
|-heal|p1b: Ditto|82/100 brn|[from] drain|[of] p2a: Clefairy
|-damage|p2b: Snorlax|1/100
|-heal|p1b: Ditto|96/100 brn|[from] drain|[of] p2b: Snorlax
|-damage|p1b: Ditto|86/100 brn|[from] item: Life Orb
|move|p1a: Granbull|Low Kick|p2b: Snorlax
|-supereffective|p2b: Snorlax
|-damage|p2b: Snorlax|0 fnt
|faint|p2b: Snorlax
|move|p2a: Clefairy|Heal Pulse|p2: Snorlax|[notarget]
|-fail|p2a: Clefairy
|
|-damage|p1b: Ditto|80/100 brn|[from] brn
|-damage|p2a: Clefairy|30/100 brn|[from] brn
|upkeep
|
|t:|1750716879
|switch|p2b: Iron Hands|Iron Hands, L50|100/100
|turn|8
|
|t:|1750716898
|move|p2b: Iron Hands|Fake Out|p1a: Granbull
|-resisted|p1a: Granbull
|-crit|p1a: Granbull
|-damage|p1a: Granbull|88/100
|move|p2a: Clefairy|Follow Me|p2a: Clefairy
|-singleturn|p2a: Clefairy|move: Follow Me
|move|p1b: Ditto|Matcha Gotcha|p2b: Iron Hands|[spread] p2a,p2b
|-damage|p2a: Clefairy|3/100 brn
|-heal|p1b: Ditto|93/100 brn|[from] drain|[of] p2a: Clefairy
|-damage|p2b: Iron Hands|81/100
|-heal|p1b: Ditto|100/100 brn|[from] drain|[of] p2b: Iron Hands
|-status|p2b: Iron Hands|brn
|-damage|p1b: Ditto|91/100 brn|[from] item: Life Orb
|cant|p1a: Granbull|flinch
|
|-heal|p2b: Iron Hands|87/100 brn|[from] item: Leftovers
|-damage|p1b: Ditto|85/100 brn|[from] brn
|-damage|p2b: Iron Hands|81/100 brn|[from] brn
|-damage|p2a: Clefairy|0 fnt|[from] brn
|faint|p2a: Clefairy
|upkeep
|turn|9
|
|t:|1750716924
|move|p1b: Ditto|Rage Powder|p1b: Ditto
|-singleturn|p1b: Ditto|move: Rage Powder
|move|p2b: Iron Hands|Close Combat|p1b: Ditto
|-immune|p1b: Ditto
|move|p1a: Granbull|Play Rough|p2b: Iron Hands
|-supereffective|p2b: Iron Hands
|-damage|p2b: Iron Hands|16/100 brn
|
|-heal|p2b: Iron Hands|22/100 brn|[from] item: Leftovers
|-damage|p1b: Ditto|79/100 brn|[from] brn
|-damage|p2b: Iron Hands|16/100 brn|[from] brn
|upkeep
|turn|10
|
|t:|1750716940
|move|p1b: Ditto|Rage Powder|p1b: Ditto
|-singleturn|p1b: Ditto|move: Rage Powder
|move|p2b: Iron Hands|Volt Switch|p1b: Ditto
|-resisted|p1b: Ditto
|-damage|p1b: Ditto|71/100 brn
|move|p1a: Granbull|Play Rough|p2b: Iron Hands
|-supereffective|p2b: Iron Hands
|-damage|p2b: Iron Hands|0 fnt
|faint|p2b: Iron Hands
|-end|p2b: Iron Hands|Quark Drive|[silent]
|
|win|czaryia
|raw|czaryia's rating: 1053 &rarr; <strong>1080</strong><br />(+27 for winning)
|raw|JammyPhantom's rating: 1000 &rarr; <strong>1000</strong><br />(+0 for losing)
|l|☆JammyPhantom
|player|p2|
|c|☆czaryia|GG!
