|j|☆spirhul
|j|☆ptyago07
|t:|1750770584
|gametype|doubles
|player|p1|spirhul|101|1197
|player|p2|ptyago07|volkner|1194
|teamsize|p1|6
|teamsize|p2|6
|gen|9
|tier|[Gen 9] VGC 2025 Reg I
|rated|
|rule|Species Clause: Limit one of each Pokémon
|rule|Item Clause: Limit 1 of each item
|clearpoke
|poke|p1|Miraidon, L50|
|poke|p1|Kyogre, L50|
|poke|p1|Iron Treads, L50|
|poke|p1|Sandy Shocks, L50|
|poke|p1|Iron Leaves, L50|
|poke|p1|Indeedee-F, L50, F|
|poke|p2|Entei, L50|
|poke|p2|Raikou, L50|
|poke|p2|Grimmsnarl, L50, M|
|poke|p2|Groudon, L50|
|poke|p2|Miraidon, L50|
|poke|p2|Incineroar, L50, M|
|teampreview|4
|inactive|Battle timer is ON: inactive players will automatically lose when time's up. (requested by ptyago07)
|
|t:|1750770609
|start
|switch|p1a: Sandy Shocks|Sandy Shocks, L50|100/100
|switch|p1b: Iron Treads|Iron Treads, L50|100/100
|switch|p2a: Raikou|Raikou, L50, shiny|100/100
|switch|p2b: Incineroar|Incineroar, L50, M, shiny|100/100
|-ability|p2b: Incineroar|Intimidate|boost
|-unboost|p1a: Sandy Shocks|atk|1
|-unboost|p1b: Iron Treads|atk|1
|turn|1
|inactive|spirhul has 30 seconds left.
|inactive|ptyago07 has 30 seconds left.
|inactive|ptyago07 has 20 seconds left.
|inactive|ptyago07 has 15 seconds left.
|
|t:|1750770653
|switch|p2a: Groudon|Groudon, L50, shiny|100/100
|-weather|SunnyDay|[from] ability: Drought|[of] p2a: Groudon
|-activate|p1a: Sandy Shocks|ability: Protosynthesis
|-start|p1a: Sandy Shocks|protosynthesisspa
|-end|p1b: Iron Treads|Quark Drive|[silent]
|switch|p1b: Indeedee|Indeedee-F, L50, F|100/100
|-fieldstart|move: Psychic Terrain|[from] ability: Psychic Surge|[of] p1b: Indeedee
|move|p1a: Sandy Shocks|Scorching Sands|p2b: Incineroar
|-supereffective|p2b: Incineroar
|-damage|p2b: Incineroar|0 fnt
|faint|p2b: Incineroar
|-damage|p1a: Sandy Shocks|91/100|[from] item: Life Orb
|
|-weather|SunnyDay|[upkeep]
|upkeep
|
|t:|1750770676
|switch|p2b: Miraidon|Miraidon, L50|100/100
|-fieldstart|move: Electric Terrain|[from] ability: Hadron Engine|[of] p2b: Miraidon
|turn|2
|inactive|spirhul has 30 seconds left.
|inactive|ptyago07 has 30 seconds left.
|
|t:|1750770703
|-terastallize|p1a: Sandy Shocks|Normal
|move|p2b: Miraidon|Draco Meteor|p1a: Sandy Shocks
|-damage|p1a: Sandy Shocks|0 fnt
|-unboost|p2b: Miraidon|spa|2
|faint|p1a: Sandy Shocks
|-end|p1a: Sandy Shocks|Protosynthesis|[silent]
|move|p2a: Groudon|Precipice Blades|p1b: Indeedee
|-damage|p1b: Indeedee|0 fnt
|faint|p1b: Indeedee
|
|-weather|SunnyDay|[upkeep]
|upkeep
|
|t:|1750770716
|switch|p1a: Kyogre|Kyogre, L50|100/100
|switch|p1b: Iron Treads|Iron Treads, L50|100/100
|-weather|RainDance|[from] ability: Drizzle|[of] p1a: Kyogre
|-enditem|p1b: Iron Treads|Electric Seed
|-boost|p1b: Iron Treads|def|1|[from] item: Electric Seed
|-activate|p1b: Iron Treads|ability: Quark Drive
|-start|p1b: Iron Treads|quarkdrivedef
|turn|3
|
|t:|1750770737
|switch|p2a: Raikou|Raikou, L50, shiny|100/100
|-enditem|p2a: Raikou|Electric Seed
|-boost|p2a: Raikou|def|1|[from] item: Electric Seed
|-terastallize|p2b: Miraidon|Fairy
|move|p2b: Miraidon|Draco Meteor|p1a: Kyogre
|-crit|p1a: Kyogre
|-damage|p1a: Kyogre|19/100
|-unboost|p2b: Miraidon|spa|2
|move|p1a: Kyogre|Icy Wind|p2a: Raikou|[spread] p2a,p2b
|-damage|p2a: Raikou|89/100
|-damage|p2b: Miraidon|85/100
|-unboost|p2a: Raikou|spe|1
|-unboost|p2b: Miraidon|spe|1
|move|p1b: Iron Treads|Body Press|p2b: Miraidon
|-resisted|p2b: Miraidon
|-damage|p2b: Miraidon|64/100
|
|-weather|RainDance|[upkeep]
|upkeep
|turn|4
|inactive|spirhul has 30 seconds left.
|inactive|ptyago07 has 30 seconds left.
|inactive|spirhul has 20 seconds left.
|
|t:|1750770776
|switch|p2a: Groudon|Groudon, L50, shiny|100/100
|-weather|SunnyDay|[from] ability: Drought|[of] p2a: Groudon
|move|p2b: Miraidon|Draco Meteor|p1a: Kyogre
|-damage|p1a: Kyogre|1/100
|-unboost|p2b: Miraidon|spa|2
|move|p1a: Kyogre|Thunder|p2b: Miraidon|[miss]
|-miss|p1a: Kyogre|p2b: Miraidon
|move|p1b: Iron Treads|High Horsepower|p2a: Groudon
|-damage|p2a: Groudon|68/100
|
|-weather|SunnyDay|[upkeep]
|upkeep
|turn|5
|inactive|spirhul has 30 seconds left.
|inactive|spirhul has 20 seconds left.
|
|t:|1750770811
|switch|p2b: Raikou|Raikou, L50, shiny|89/100
|move|p2a: Groudon|Protect|p2a: Groudon
|-singleturn|p2a: Groudon|Protect
|move|p1a: Kyogre|Icy Wind|p2a: Groudon|[spread] p2b
|-activate|p2a: Groudon|move: Protect
|-damage|p2b: Raikou|76/100
|-unboost|p2b: Raikou|spe|1
|move|p1b: Iron Treads|Body Press|p2a: Groudon
|-activate|p2a: Groudon|move: Protect
|
|-weather|SunnyDay|[upkeep]
|upkeep
|turn|6
|inactive|spirhul has 30 seconds left.
|
|t:|1750770842
|move|p1a: Kyogre|Icy Wind|p2b: Raikou|[spread] p2a,p2b
|-supereffective|p2a: Groudon
|-damage|p2a: Groudon|37/100
|-damage|p2b: Raikou|63/100
|-unboost|p2b: Raikou|spe|1
|move|p1b: Iron Treads|High Horsepower|p2a: Groudon
|-damage|p2a: Groudon|8/100
|move|p2a: Groudon|Precipice Blades|p1a: Kyogre|[spread] p1a,p1b
|-supereffective|p1b: Iron Treads
|-damage|p1a: Kyogre|0 fnt
|-damage|p1b: Iron Treads|68/100
|faint|p1a: Kyogre
|move|p2b: Raikou|Thunderbolt|p1b: Iron Treads
|-immune|p1b: Iron Treads
|
|-weather|SunnyDay|[upkeep]
|-fieldend|move: Electric Terrain
|-end|p1b: Iron Treads|Quark Drive
|upkeep
|turn|7
|
|t:|1750770862
|move|p2b: Raikou|Helping Hand|p2a: Groudon
|-singleturn|p2a: Groudon|Helping Hand|[of] p2b: Raikou
|move|p1b: Iron Treads|Iron Head|p2a: Groudon
|-damage|p2a: Groudon|0 fnt
|faint|p2a: Groudon
|
|-weather|SunnyDay|[upkeep]
|upkeep
|
|t:|1750770870
|switch|p2a: Miraidon|Miraidon, L50, tera:Fairy|64/100
|-fieldstart|move: Electric Terrain|[from] ability: Hadron Engine|[of] p2a: Miraidon
|-activate|p1b: Iron Treads|ability: Quark Drive
|-start|p1b: Iron Treads|quarkdrivedef
|turn|8
|
|t:|1750770880
|move|p2b: Raikou|Helping Hand|p2a: Miraidon
|-singleturn|p2a: Miraidon|Helping Hand|[of] p2b: Raikou
|move|p1b: Iron Treads|Protect|p1b: Iron Treads
|-singleturn|p1b: Iron Treads|Protect
|move|p2a: Miraidon|Draco Meteor|p1b: Iron Treads
|-activate|p1b: Iron Treads|move: Protect
|
|-weather|none
|upkeep
|turn|9
|
|t:|1750770892
|move|p2b: Raikou|Helping Hand|p2a: Miraidon
|-singleturn|p2a: Miraidon|Helping Hand|[of] p2b: Raikou
|move|p2a: Miraidon|Draco Meteor|p1b: Iron Treads
|-resisted|p1b: Iron Treads
|-damage|p1b: Iron Treads|0 fnt
|-unboost|p2a: Miraidon|spa|2
|faint|p1b: Iron Treads
|-end|p1b: Iron Treads|Quark Drive|[silent]
|
|win|ptyago07
|raw|spirhul's rating: 1197 &rarr; <strong>1172</strong><br />(-25 for losing)
|raw|ptyago07's rating: 1194 &rarr; <strong>1219</strong><br />(+25 for winning)
|l|☆spirhul
|player|p1|
|l|☆ptyago07
|player|p2|
