|j|☆Zakmancho
|j|☆juacox300
|t:|1750811046
|gametype|doubles
|player|p1|Zakmancho|2|1577
|player|p2|juacox300|unknown|1695
|teamsize|p1|6
|teamsize|p2|6
|gen|9
|tier|[Gen 9] VGC 2025 Reg I
|rated|
|rule|Species Clause: Limit one of each Pokémon
|rule|Item Clause: Limit 1 of each item
|clearpoke
|poke|p1|Calyrex-Ice, L50|
|poke|p1|Miraidon, L50|
|poke|p1|Grimmsnarl, L50, M|
|poke|p1|Urshifu-*, L50, F|
|poke|p1|Incineroar, L50, F|
|poke|p1|Landorus, L50, M|
|poke|p2|Miraidon, L50|
|poke|p2|Iron Hands, L50|
|poke|p2|Calyrex-Ice, L50|
|poke|p2|Incineroar, L50, M|
|poke|p2|Chi-Yu, L50|
|poke|p2|Alcremie-Salted-Cream, L50, F|
|teampreview|4
|inactive|Battle timer is ON: inactive players will automatically lose when time's up. (requested by Zakmancho)
|inactive|juacox300 has 60 seconds left.
|
|t:|1750811094
|start
|switch|p1a: Urshifu|Urshifu-Rapid-Strike, L50, F|100/100
|switch|p1b: Incineroar|Incineroar, L50, F|100/100
|switch|p2a: Helena|Alcremie-Salted-Cream, L50, F|100/100
|switch|p2b: Miraidon|Miraidon, L50|100/100
|-fieldstart|move: Electric Terrain|[from] ability: Hadron Engine|[of] p2b: Miraidon
|-ability|p1b: Incineroar|Intimidate|boost
|-unboost|p2a: Helena|atk|1
|-unboost|p2b: Miraidon|atk|1
|turn|1
|
|t:|1750811109
|switch|p2b: FerroNalgada|Iron Hands, L50|100/100
|-activate|p2b: FerroNalgada|ability: Quark Drive
|-start|p2b: FerroNalgada|quarkdriveatk
|move|p1b: Incineroar|Fake Out|p2b: FerroNalgada
|-damage|p2b: FerroNalgada|94/100
|move|p1a: Urshifu|Surging Strikes|p2a: Helena
|-crit|p2a: Helena
|-damage|p2a: Helena|65/100
|-crit|p2a: Helena
|-damage|p2a: Helena|34/100
|-crit|p2a: Helena
|-damage|p2a: Helena|2/100
|-hitcount|p2a: Helena|3
|move|p2a: Helena|Alluring Voice|p1a: Urshifu
|-supereffective|p1a: Urshifu
|-damage|p1a: Urshifu|31/100
|
|upkeep
|turn|2
|inactive|Zakmancho has 30 seconds left.
|inactive|Zakmancho has 20 seconds left.
|
|t:|1750811147
|switch|p1a: Calyrex|Calyrex-Ice, L50|100/100
|-ability|p1a: Calyrex|As One
|-ability|p1a: Calyrex|Unnerve
|-terastallize|p1b: Incineroar|Grass
|move|p2b: FerroNalgada|Fake Out|p1a: Calyrex
|-damage|p1a: Calyrex|89/100
|move|p2a: Helena|Encore|p1b: Incineroar
|-start|p1b: Incineroar|Encore
|move|p1b: Incineroar|Fake Out||[still]
|-hint|Fake Out only works on your first turn out.
|-fail|p1b: Incineroar
|
|-heal|p1a: Calyrex|95/100|[from] item: Leftovers
|upkeep
|turn|3
|j| joli.sv
|inactive|Zakmancho has 30 seconds left.
|inactive|juacox300 has 30 seconds left.
|
|t:|1750811174
|move|p1b: Incineroar|Fake Out||[still]
|-hint|Fake Out only works on your first turn out.
|-fail|p1b: Incineroar
|move|p2a: Helena|Decorate|p2b: FerroNalgada
|-boost|p2b: FerroNalgada|atk|2
|-boost|p2b: FerroNalgada|spa|2
|move|p1a: Calyrex|Glacial Lance|p2a: Helena|[spread] p2a,p2b
|-damage|p2a: Helena|0 fnt
|-damage|p2b: FerroNalgada|61/100
|faint|p2a: Helena
|-ability|p1a: Calyrex|Chilling Neigh|boost
|-boost|p1a: Calyrex|atk|1
|move|p2b: FerroNalgada|Low Kick|p1a: Calyrex
|-damage|p1a: Calyrex|0 fnt
|faint|p1a: Calyrex
|
|upkeep
|
|t:|1750811196
|switch|p2a: Calyrex|Calyrex-Ice, L50|100/100
|switch|p1a: Miraidon|Miraidon, L50|100/100
|-ability|p2a: Calyrex|As One
|-ability|p2a: Calyrex|Unnerve
|-activate|p1a: Miraidon|ability: Hadron Engine
|turn|4
|
|t:|1750811211
|switch|p1b: Urshifu|Urshifu-Rapid-Strike, L50, F|31/100
|move|p1a: Miraidon|Electro Drift|p2a: Calyrex
|-damage|p2a: Calyrex|45/100
|move|p2b: FerroNalgada|Low Kick|p1a: Miraidon
|-damage|p1a: Miraidon|0 fnt
|faint|p1a: Miraidon
|move|p2a: Calyrex|Glacial Lance|p1b: Urshifu
|-resisted|p1b: Urshifu
|-damage|p1b: Urshifu|0 fnt
|faint|p1b: Urshifu
|-ability|p2a: Calyrex|Chilling Neigh|boost
|-boost|p2a: Calyrex|atk|1
|
|upkeep
|
|t:|1750811219
|switch|p1b: Incineroar|Incineroar, L50, F, tera:Grass|100/100
|-ability|p1b: Incineroar|Intimidate|boost
|-fail|p2a: Calyrex|unboost|[from] item: Clear Amulet|[of] p2a: Calyrex
|-unboost|p2b: FerroNalgada|atk|1
|turn|5
|-message|Zakmancho forfeited.
|
|win|juacox300
|raw|Zakmancho's rating: 1577 &rarr; <strong>1564</strong><br />(-13 for losing)
|raw|juacox300's rating: 1695 &rarr; <strong>1708</strong><br />(+13 for winning)
|l|☆Zakmancho
|player|p1|
|l|☆juacox300
|player|p2|
|l| joli.sv
