|j|☆berg0123
|j|☆he0
|t:|1750868885
|gametype|doubles
|player|p1|berg0123|102|1495
|player|p2|he0|cynthia-masters|1471
|teamsize|p1|6
|teamsize|p2|6
|gen|9
|tier|[Gen 9] VGC 2025 Reg I
|rated|
|rule|Species Clause: Limit one of each Pokémon
|rule|Item Clause: Limit 1 of each item
|clearpoke
|poke|p1|Lunala, L50|
|poke|p1|Miraidon, L50|
|poke|p1|Chi-Yu, L50|
|poke|p1|Ursaluna, L50, M|
|poke|p1|Grimmsnarl, L50, M|
|poke|p1|Urshifu-*, L50, M|
|poke|p2|Lunala, L50|
|poke|p2|Koraidon, L50|
|poke|p2|Chi-Yu, L50|
|poke|p2|Iron Moth, L50|
|poke|p2|Whimsicott, L50, F|
|poke|p2|Ursaluna, L50, M|
|teampreview|4
|inactive|Battle timer is ON: inactive players will automatically lose when time's up. (requested by berg0123)
|
|t:|1750868904
|start
|switch|p1a: Miraidon|Miraidon, L50|100/100
|switch|p1b: Lunala|Lunala, L50|100/100
|switch|p2a: 怕水的鱼|Chi-Yu, L50|100/100
|switch|p2b: Iron Moth|Iron Moth, L50|100/100
|-ability|p2a: 怕水的鱼|Beads of Ruin
|-fieldstart|move: Electric Terrain|[from] ability: Hadron Engine|[of] p1a: Miraidon
|-activate|p2b: Iron Moth|ability: Quark Drive
|-start|p2b: Iron Moth|quarkdrivespe
|-enditem|p1b: Lunala|Electric Seed
|-boost|p1b: Lunala|def|1|[from] item: Electric Seed
|turn|1
|
|t:|1750868918
|-terastallize|p1b: Lunala|Normal
|move|p2b: Iron Moth|Acid Spray|p1b: Lunala
|-damage|p1b: Lunala|92/100
|-unboost|p1b: Lunala|spd|2
|move|p2a: 怕水的鱼|Fire Blast|p1b: Lunala
|-damage|p1b: Lunala|0 fnt
|faint|p1b: Lunala
|move|p1a: Miraidon|Volt Switch|p2a: 怕水的鱼
|-damage|p2a: 怕水的鱼|22/100
|
|t:|1750868924
|switch|p1a: Grimmsnarl|Grimmsnarl, L50, M|100/100|[from] Volt Switch
|
|upkeep
|
|t:|1750868927
|switch|p1b: Miraidon|Miraidon, L50|100/100
|-activate|p1b: Miraidon|ability: Hadron Engine
|turn|2
|
|t:|1750868935
|move|p1a: Grimmsnarl|Light Screen|p1a: Grimmsnarl
|-sidestart|p1: berg0123|move: Light Screen
|move|p2b: Iron Moth|Acid Spray|p1a: Grimmsnarl
|-supereffective|p1a: Grimmsnarl
|-damage|p1a: Grimmsnarl|69/100
|-unboost|p1a: Grimmsnarl|spd|2
|move|p2a: 怕水的鱼|Fire Blast|p1a: Grimmsnarl
|-damage|p1a: Grimmsnarl|0 fnt
|faint|p1a: Grimmsnarl
|move|p1b: Miraidon|Dazzling Gleam|p2a: 怕水的鱼|[spread] p2a,p2b
|-resisted|p2b: Iron Moth
|-damage|p2a: 怕水的鱼|0 fnt
|-damage|p2b: Iron Moth|93/100
|faint|p2a: 怕水的鱼
|
|upkeep
|
|t:|1750868947
|switch|p2a: 月神怕鬼|Lunala, L50|100/100
|switch|p1a: Ursaluna|Ursaluna, L50, M|100/100
|turn|3
|inactive|he0 has 30 seconds left.
|
|t:|1750868982
|move|p2b: Iron Moth|Struggle Bug|p1a: Ursaluna|[spread] p1a,p1b
|-damage|p1a: Ursaluna|94/100
|-damage|p1b: Miraidon|96/100
|-unboost|p1a: Ursaluna|spa|1
|-unboost|p1b: Miraidon|spa|1
|move|p1b: Miraidon|Electro Drift|p2a: 月神怕鬼
|-damage|p2a: 月神怕鬼|82/100
|move|p2a: 月神怕鬼|Meteor Beam||[still]
|-prepare|p2a: 月神怕鬼|Meteor Beam
|-boost|p2a: 月神怕鬼|spa|1
|-enditem|p2a: 月神怕鬼|Power Herb
|-anim|p2a: 月神怕鬼|Meteor Beam|p1a: Ursaluna
|-resisted|p1a: Ursaluna
|-damage|p1a: Ursaluna|78/100
|move|p1a: Ursaluna|Headlong Rush|p2b: Iron Moth
|-supereffective|p2b: Iron Moth
|-damage|p2b: Iron Moth|0 fnt
|-unboost|p1a: Ursaluna|def|1
|-unboost|p1a: Ursaluna|spd|1
|faint|p2b: Iron Moth
|-end|p2b: Iron Moth|Quark Drive|[silent]
|
|-status|p1a: Ursaluna|brn|[from] item: Flame Orb
|upkeep
|
|t:|1750868995
|switch|p2b: 五指拳心剑|Koraidon, L50|100/100
|-weather|SunnyDay|[from] ability: Orichalcum Pulse|[of] p2b: 五指拳心剑
|-activate|p2b: 五指拳心剑|Orichalcum Pulse|[source]
|turn|4
|inactive|he0 has 30 seconds left.
|
|t:|1750869024
|move|p2b: 五指拳心剑|Protect|p2b: 五指拳心剑
|-singleturn|p2b: 五指拳心剑|Protect
|move|p1a: Ursaluna|Protect|p1a: Ursaluna
|-singleturn|p1a: Ursaluna|Protect
|move|p1b: Miraidon|Draco Meteor|p2b: 五指拳心剑
|-activate|p2b: 五指拳心剑|move: Protect
|move|p2a: 月神怕鬼|Moongeist Beam|p1b: Miraidon
|-damage|p1b: Miraidon|70/100
|
|-weather|SunnyDay|[upkeep]
|-damage|p1a: Ursaluna|72/100 brn|[from] brn
|upkeep
|turn|5
|
|t:|1750869046
|-terastallize|p2b: 五指拳心剑|Fire
|move|p1a: Ursaluna|Protect||[still]
|-fail|p1a: Ursaluna
|move|p2b: 五指拳心剑|Flare Blitz|p1a: Ursaluna
|-damage|p1a: Ursaluna|0 fnt
|faint|p1a: Ursaluna
|-damage|p2b: 五指拳心剑|70/100|[from] Recoil
|-damage|p2b: 五指拳心剑|60/100|[from] item: Life Orb
|move|p1b: Miraidon|Draco Meteor|p2b: 五指拳心剑
|-damage|p2b: 五指拳心剑|7/100
|-unboost|p1b: Miraidon|spa|2
|move|p2a: 月神怕鬼|Moongeist Beam|p1b: Miraidon
|-damage|p1b: Miraidon|41/100
|
|-weather|SunnyDay|[upkeep]
|-fieldend|move: Electric Terrain
|upkeep
|turn|6
|
|t:|1750869066
|move|p2b: 五指拳心剑|Protect|p2b: 五指拳心剑
|-singleturn|p2b: 五指拳心剑|Protect
|move|p1b: Miraidon|Dazzling Gleam|p2b: 五指拳心剑|[spread] p2a
|-activate|p2b: 五指拳心剑|move: Protect
|-damage|p2a: 月神怕鬼|76/100
|move|p2a: 月神怕鬼|Moongeist Beam|p1b: Miraidon
|-damage|p1b: Miraidon|15/100
|
|-weather|SunnyDay|[upkeep]
|upkeep
|turn|7
|l|☆berg0123
|inactive|berg0123 disconnected and has a minute to reconnect!
|player|p1|
|inactive|berg0123 has 30 seconds left.
|inactive|berg0123 has 20 seconds left.
|inactive|berg0123 has 15 seconds left.
|inactive|berg0123 has 10 seconds left.
|inactive|berg0123 has 5 seconds left.
|-message|berg0123 lost due to inactivity.
|
|win|he0
|raw|berg0123's rating: 1495 &rarr; <strong>1474</strong><br />(-21 for losing)
|raw|he0's rating: 1471 &rarr; <strong>1492</strong><br />(+21 for winning)
