|j|‽xGSx3ntr0py
|j|☆actuary97
|t:|1750725330
|gametype|doubles
|player|p1|xGSx3ntr0py|101|1540
|player|p2|actuary97|sabrina-frlg|1487
|teamsize|p1|6
|teamsize|p2|6
|gen|9
|tier|[Gen 9] VGC 2025 Reg I
|rated|
|rule|Species Clause: Limit one of each Pokémon
|rule|Item Clause: Limit 1 of each item
|clearpoke
|poke|p1|Calyrex-Ice, L50|
|poke|p1|Smeargle, L50, F|
|poke|p1|Incineroar, L50, M|
|poke|p1|Rillaboom, L50, M|
|poke|p1|Lunala, L50|
|poke|p1|Muk-Alola, L50, M|
|poke|p2|Whimsicott, L50, F|
|poke|p2|Calyrex-Ice, L50|
|poke|p2|Archaludon, L50, F|
|poke|p2|Kyogre, L50|
|poke|p2|Spectrier, L50|
|poke|p2|Indeedee-F, L50, F|
|teampreview|4
|
|t:|1750725360
|start
|switch|p1a: Calyrex|Calyrex-Ice, L50|100/100
|switch|p1b: Smeargle|Smeargle, L50, F|100/100
|switch|p2a: Mischief Mother|Whimsicott, L50, F, shiny|100/100
|switch|p2b: Spectrier|Spectrier, L50|100/100
|-ability|p1a: Calyrex|As One
|-ability|p1a: Calyrex|Unnerve
|turn|1
|
|t:|1750725384
|move|p2b: Spectrier|Protect|p2b: Spectrier
|-singleturn|p2b: Spectrier|Protect
|move|p1b: Smeargle|Wide Guard|p1b: Smeargle
|-singleturn|p1b: Smeargle|Wide Guard
|move|p2a: Mischief Mother|Moonblast|p1b: Smeargle
|-damage|p1b: Smeargle|37/100
|-unboost|p1b: Smeargle|spa|1
|move|p1a: Calyrex|Trick Room|p1a: Calyrex
|-fieldstart|move: Trick Room|[of] p1a: Calyrex
|
|-ability|p1b: Smeargle|Moody|boost
|-boost|p1b: Smeargle|def|2
|-unboost|p1b: Smeargle|spd|1
|upkeep
|turn|2
|
|t:|1750725412
|switch|p2b: Big Blind Fish|Kyogre, L50, shiny|100/100
|-weather|RainDance|[from] ability: Drizzle|[of] p2b: Big Blind Fish
|move|p1a: Calyrex|Protect|p1a: Calyrex
|-singleturn|p1a: Calyrex|Protect
|move|p2a: Mischief Mother|Encore|p1a: Calyrex
|-activate|p1a: Calyrex|move: Protect
|move|p1b: Smeargle|Coaching|p1a: Calyrex
|-boost|p1a: Calyrex|atk|1
|-boost|p1a: Calyrex|def|1
|
|-weather|RainDance|[upkeep]
|-ability|p1b: Smeargle|Moody|boost
|-boost|p1b: Smeargle|spe|2
|-unboost|p1b: Smeargle|atk|1
|upkeep
|turn|3
|
|t:|1750725425
|move|p1b: Smeargle|Follow Me|p1b: Smeargle
|-singleturn|p1b: Smeargle|move: Follow Me
|move|p2a: Mischief Mother|Encore|p1b: Smeargle
|-start|p1b: Smeargle|Encore
|move|p1a: Calyrex|Glacial Lance|p2a: Mischief Mother|[spread] p2a,p2b
|-supereffective|p2a: Mischief Mother
|-resisted|p2b: Big Blind Fish
|-enditem|p2a: Mischief Mother|Focus Sash
|-damage|p2a: Mischief Mother|1/100
|-damage|p2b: Big Blind Fish|64/100
|move|p2b: Big Blind Fish|Origin Pulse|p1a: Calyrex|[spread] p1a,p1b
|-damage|p1a: Calyrex|54/100
|-damage|p1b: Smeargle|0 fnt
|faint|p1b: Smeargle
|
|-weather|RainDance|[upkeep]
|upkeep
|
|t:|1750725440
|switch|p1b: Lunala|Lunala, L50|100/100
|turn|4
|
|t:|1750725446
|switch|p2a: Bridget|Archaludon, L50, F, shiny|100/100
|move|p2b: Big Blind Fish|Protect|p2b: Big Blind Fish
|-singleturn|p2b: Big Blind Fish|Protect
|move|p1a: Calyrex|Glacial Lance|p2b: Big Blind Fish|[spread] p2a
|-activate|p2b: Big Blind Fish|move: Protect
|-damage|p2a: Bridget|35/100
|-ability|p2a: Bridget|Stamina|boost
|-boost|p2a: Bridget|def|1
|move|p1b: Lunala|Moonblast|p2b: Big Blind Fish
|-activate|p2b: Big Blind Fish|move: Protect
|
|-weather|RainDance|[upkeep]
|upkeep
|turn|5
|
|t:|1750725461
|move|p1a: Calyrex|Glacial Lance|p2a: Bridget|[spread] p2a,p2b
|-resisted|p2b: Big Blind Fish
|-damage|p2a: Bridget|0 fnt
|-damage|p2b: Big Blind Fish|24/100
|faint|p2a: Bridget
|-ability|p1a: Calyrex|Chilling Neigh|boost
|-boost|p1a: Calyrex|atk|1
|move|p1b: Lunala|Moonblast|p2b: Big Blind Fish
|-damage|p2b: Big Blind Fish|0 fnt
|faint|p2b: Big Blind Fish
|
|-weather|RainDance|[upkeep]
|-fieldend|move: Trick Room
|upkeep
|
|t:|1750725464
|switch|p2b: Spectrier|Spectrier, L50|100/100
|switch|p2a: Mischief Mother|Whimsicott, L50, F, shiny|1/100
|turn|6
|
|t:|1750725483
|switch|p1a: Incineroar|Incineroar, L50, M|100/100
|-ability|p1a: Incineroar|Intimidate|boost
|-unboost|p2a: Mischief Mother|atk|1
|-unboost|p2b: Spectrier|atk|1
|-terastallize|p2b: Spectrier|Dark
|-terastallize|p1b: Lunala|Fairy
|move|p2a: Mischief Mother|Moonblast|p1b: Lunala
|-damage|p1b: Lunala|87/100
|-unboost|p1b: Lunala|spa|1
|move|p2b: Spectrier|Snarl|p1b: Lunala|[spread] p1a,p1b
|-resisted|p1a: Incineroar
|-resisted|p1b: Lunala
|-damage|p1a: Incineroar|92/100
|-damage|p1b: Lunala|79/100
|-unboost|p1a: Incineroar|spa|1
|-unboost|p1b: Lunala|spa|1
|-enditem|p2b: Spectrier|Throat Spray
|-boost|p2b: Spectrier|spa|1|[from] item: Throat Spray
|move|p1b: Lunala|Trick Room|p1b: Lunala
|-fieldstart|move: Trick Room|[of] p1b: Lunala
|
|-weather|none
|-heal|p1b: Lunala|85/100|[from] item: Leftovers
|upkeep
|turn|7
|
|t:|1750725510
|move|p1a: Incineroar|Fake Out|p2a: Mischief Mother
|-crit|p2a: Mischief Mother
|-damage|p2a: Mischief Mother|0 fnt
|faint|p2a: Mischief Mother
|move|p1b: Lunala|Psych Up|p2b: Spectrier
|-copyboost|p1b: Lunala|p2b: Spectrier|[from] move: Psych Up
|move|p2b: Spectrier|Shadow Ball|p1b: Lunala
|-damage|p1b: Lunala|42/100
|-unboost|p1b: Lunala|spd|1
|
|-heal|p1b: Lunala|48/100|[from] item: Leftovers
|upkeep
|turn|8
|
|t:|1750725525
|switch|p1a: Calyrex|Calyrex-Ice, L50|54/100
|-ability|p1a: Calyrex|As One
|-ability|p1a: Calyrex|Unnerve
|move|p2b: Spectrier|Protect|p2b: Spectrier
|-singleturn|p2b: Spectrier|Protect
|move|p1b: Lunala|Moonblast|p2b: Spectrier
|-activate|p2b: Spectrier|move: Protect
|
|-heal|p1b: Lunala|55/100|[from] item: Leftovers
|upkeep
|turn|9
|
|t:|1750725537
|move|p1a: Calyrex|Glacial Lance|p2b: Spectrier
|-damage|p2b: Spectrier|19/100
|move|p1b: Lunala|Moonblast|p2b: Spectrier
|-supereffective|p2b: Spectrier
|-damage|p2b: Spectrier|0 fnt
|faint|p2b: Spectrier
|
|win|xGSx3ntr0py
|raw|xGSx3ntr0py's rating: 1540 &rarr; <strong>1557</strong><br />(+17 for winning)
|raw|actuary97's rating: 1487 &rarr; <strong>1470</strong><br />(-17 for losing)
|l|‽xGSx3ntr0py
|player|p1|
|l|☆actuary97
|player|p2|
