|j|☆DBZsolos
|j|☆naoseijogaristo
|t:|1750862344
|gametype|doubles
|player|p1|DBZsolos|juan|1220
|player|p2|naoseijogaristo|265|1189
|teamsize|p1|6
|teamsize|p2|6
|gen|9
|tier|[Gen 9] VGC 2025 Reg I
|rated|
|rule|Species Clause: Limit one of each Pokémon
|rule|Item Clause: Limit 1 of each item
|clearpoke
|poke|p1|Chi-Yu, L50|
|poke|p1|Weezing-Galar, L50, M|
|poke|p1|Walking Wake, L50|
|poke|p1|Calyrex-Shadow, L50|
|poke|p1|Brute Bonnet, L50|
|poke|p1|Koraidon, L50|
|poke|p2|Koraidon, L50|
|poke|p2|Miraidon, L50|
|poke|p2|Roaring Moon, L50|
|poke|p2|Sceptile, L50, M|
|poke|p2|Iron Bundle, L50|
|poke|p2|Incineroar, L50, F|
|teampreview|4
|inactive|Battle timer is ON: inactive players will automatically lose when time's up. (requested by naoseijogaristo)
|inactive|DBZsolos also wants the timer to be on.
|inactive|DBZsolos has 60 seconds left.
|inactive|naoseijogaristo has 60 seconds left.
|inactive|DBZsolos has 30 seconds left.
|c|☆naoseijogaristo|glhf
|inactive|DBZsolos has 20 seconds left.
|inactive|DBZsolos has 15 seconds left.
|inactive|DBZsolos has 10 seconds left.
|
|t:|1750862424
|start
|switch|p1a: Chi-Yu|Chi-Yu, L50|100/100
|switch|p1b: Calyrex|Calyrex-Shadow, L50|100/100
|switch|p2a: Roaring Moon|Roaring Moon, L50|100/100
|switch|p2b: Incineroar|Incineroar, L50, F|100/100
|-ability|p1b: Calyrex|As One
|-ability|p1b: Calyrex|Unnerve
|-ability|p1a: Chi-Yu|Beads of Ruin
|-ability|p2b: Incineroar|Intimidate|boost
|-unboost|p1a: Chi-Yu|atk|1
|-unboost|p1b: Calyrex|atk|1
|turn|1
|inactive|DBZsolos has 30 seconds left.
|
|t:|1750862453
|switch|p1b: Koraidon|Koraidon, L50|100/100
|-weather|SunnyDay|[from] ability: Orichalcum Pulse|[of] p1b: Koraidon
|-activate|p2a: Roaring Moon|ability: Protosynthesis
|-start|p2a: Roaring Moon|protosynthesisspe
|-activate|p1b: Koraidon|Orichalcum Pulse|[source]
|move|p2b: Incineroar|Fake Out|p1a: Chi-Yu
|-damage|p1a: Chi-Yu|83/100
|move|p2a: Roaring Moon|Knock Off|p1b: Koraidon
|-resisted|p1b: Koraidon
|-damage|p1b: Koraidon|81/100
|-enditem|p1b: Koraidon|Ability Shield|[from] move: Knock Off|[of] p2a: Roaring Moon
|cant|p1a: Chi-Yu|flinch
|
|-weather|SunnyDay|[upkeep]
|upkeep
|turn|2
|inactive|DBZsolos has 30 seconds left.
|inactive|naoseijogaristo has 30 seconds left.
|inactive|DBZsolos has 20 seconds left.
|
|t:|1750862489
|-terastallize|p1b: Koraidon|Fire
|move|p2a: Roaring Moon|Tailwind|p2a: Roaring Moon
|-sidestart|p2: naoseijogaristo|move: Tailwind
|move|p1a: Chi-Yu|Heat Wave|p2b: Incineroar|[spread] p2a
|-miss|p1a: Chi-Yu|p2b: Incineroar
|-resisted|p2a: Roaring Moon
|-damage|p2a: Roaring Moon|64/100
|move|p2b: Incineroar|Parting Shot|p1b: Koraidon
|-unboost|p1b: Koraidon|atk|1
|-unboost|p1b: Koraidon|spa|1
|
|t:|1750862503
|switch|p2b: Koraidon|Koraidon, L50|100/100|[from] Parting Shot
|-activate|p2b: Koraidon|ability: Orichalcum Pulse
|move|p1b: Koraidon|Flame Charge|p2a: Roaring Moon
|-resisted|p2a: Roaring Moon
|-damage|p2a: Roaring Moon|36/100
|-boost|p1b: Koraidon|spe|1
|
|-weather|SunnyDay|[upkeep]
|upkeep
|turn|3
|inactive|DBZsolos has 30 seconds left.
|inactive|DBZsolos has 20 seconds left.
|inactive|naoseijogaristo has 30 seconds left.
|inactive|naoseijogaristo has 20 seconds left.
|
|t:|1750862551
|switch|p1a: Walking Wake|Walking Wake, L50|100/100
|-activate|p1a: Walking Wake|ability: Protosynthesis
|-start|p1a: Walking Wake|protosynthesisspe
|move|p2a: Roaring Moon|Dragon Cheer|p2b: Koraidon
|-start|p2b: Koraidon|move: Dragon Cheer
|move|p2b: Koraidon|Collision Course|p1a: Walking Wake
|-crit|p1a: Walking Wake
|-damage|p1a: Walking Wake|0 fnt
|faint|p1a: Walking Wake
|-end|p1a: Walking Wake|Protosynthesis|[silent]
|move|p1b: Koraidon|Collision Course|p2a: Roaring Moon
|-supereffective|p2a: Roaring Moon
|-damage|p2a: Roaring Moon|0 fnt
|faint|p2a: Roaring Moon
|-end|p2a: Roaring Moon|Protosynthesis|[silent]
|
|-weather|SunnyDay|[upkeep]
|upkeep
|inactive|DBZsolos has 30 seconds left.
|
|t:|1750862577
|switch|p2a: Incineroar|Incineroar, L50, F|100/100
|switch|p1a: Chi-Yu|Chi-Yu, L50|83/100
|-ability|p1a: Chi-Yu|Beads of Ruin
|-ability|p2a: Incineroar|Intimidate|boost
|-unboost|p1a: Chi-Yu|atk|1
|-unboost|p1b: Koraidon|atk|1
|turn|4
|
|t:|1750862593
|switch|p1a: Calyrex|Calyrex-Shadow, L50|100/100
|-ability|p1a: Calyrex|As One
|-ability|p1a: Calyrex|Unnerve
|-terastallize|p2b: Koraidon|Fire
|move|p1b: Koraidon|Protect|p1b: Koraidon
|-singleturn|p1b: Koraidon|Protect
|move|p2a: Incineroar|Fake Out|p1b: Koraidon
|-activate|p1b: Koraidon|move: Protect
|move|p2b: Koraidon|Collision Course|p1a: Calyrex
|-immune|p1a: Calyrex
|
|-weather|SunnyDay|[upkeep]
|upkeep
|turn|5
|inactive|DBZsolos has 30 seconds left.
|inactive|DBZsolos has 20 seconds left.
|inactive|DBZsolos has 15 seconds left.
|inactive|DBZsolos has 10 seconds left.
|
|t:|1750862642
|switch|p1b: Chi-Yu|Chi-Yu, L50|83/100
|-ability|p1b: Chi-Yu|Beads of Ruin
|move|p2b: Koraidon|Collision Course|p1b: Chi-Yu
|-supereffective|p1b: Chi-Yu
|-crit|p1b: Chi-Yu
|-damage|p1b: Chi-Yu|0 fnt
|faint|p1b: Chi-Yu
|move|p1a: Calyrex|Encore|p2a: Incineroar
|-start|p2a: Incineroar|Encore
|move|p2a: Incineroar|Fake Out||[still]
|-hint|Fake Out only works on your first turn out.
|-fail|p2a: Incineroar
|
|-weather|none
|-sideend|p2: naoseijogaristo|move: Tailwind
|upkeep
|
|t:|1750862658
|switch|p1b: Koraidon|Koraidon, L50, tera:Fire|81/100
|-weather|SunnyDay|[from] ability: Orichalcum Pulse|[of] p1b: Koraidon
|-activate|p1b: Koraidon|Orichalcum Pulse|[source]
|turn|6
|inactive|DBZsolos has 30 seconds left.
|inactive|DBZsolos has 20 seconds left.
|
|t:|1750862693
|switch|p2a: Iron Bundle|Iron Bundle, L50|100/100
|move|p1a: Calyrex|Astral Barrage|p2a: Iron Bundle|[spread] p2a,p2b
|-damage|p2a: Iron Bundle|6/100
|-damage|p2b: Koraidon|49/100
|move|p2b: Koraidon|Flame Charge|p1a: Calyrex
|-crit|p1a: Calyrex
|-enditem|p1a: Calyrex|Focus Sash
|-damage|p1a: Calyrex|1/100
|-boost|p2b: Koraidon|spe|1
|move|p1b: Koraidon|Collision Course|p2a: Iron Bundle
|-supereffective|p2a: Iron Bundle
|-crit|p2a: Iron Bundle
|-damage|p2a: Iron Bundle|0 fnt
|faint|p2a: Iron Bundle
|-end|p2a: Iron Bundle|Quark Drive|[silent]
|
|-weather|SunnyDay|[upkeep]
|upkeep
|
|t:|1750862707
|switch|p2a: Incineroar|Incineroar, L50, F|100/100
|-ability|p2a: Incineroar|Intimidate|boost
|-unboost|p1a: Calyrex|atk|1
|-unboost|p1b: Koraidon|atk|1
|turn|7
|
|t:|1750862730
|move|p1a: Calyrex|Protect|p1a: Calyrex
|-singleturn|p1a: Calyrex|Protect
|move|p1b: Koraidon|Protect|p1b: Koraidon
|-singleturn|p1b: Koraidon|Protect
|move|p2a: Incineroar|Fake Out|p1b: Koraidon
|-activate|p1b: Koraidon|move: Protect
|move|p2b: Koraidon|Flame Charge|p1a: Calyrex
|-activate|p1a: Calyrex|move: Protect
|
|-weather|SunnyDay|[upkeep]
|upkeep
|turn|8
|inactive|naoseijogaristo has 30 seconds left.
|
|t:|1750862755
|move|p2b: Koraidon|Collision Course|p1b: Koraidon
|-crit|p1b: Koraidon
|-damage|p1b: Koraidon|8/100
|move|p1a: Calyrex|Astral Barrage|p2a: Incineroar|[spread] p2a,p2b
|-resisted|p2a: Incineroar
|-damage|p2a: Incineroar|74/100
|-damage|p2b: Koraidon|0 fnt
|faint|p2b: Koraidon
|-ability|p1a: Calyrex|Grim Neigh|boost
|-boost|p1a: Calyrex|spa|1
|move|p1b: Koraidon|Collision Course|p2a: Incineroar
|-supereffective|p2a: Incineroar
|-damage|p2a: Incineroar|0 fnt
|faint|p2a: Incineroar
|
|win|DBZsolos
|raw|DBZsolos's rating: 1220 &rarr; <strong>1243</strong><br />(+23 for winning)
|raw|naoseijogaristo's rating: 1189 &rarr; <strong>1166</strong><br />(-23 for losing)
|c|☆DBZsolos|Gg
|c|☆naoseijogaristo|gg
|l|☆DBZsolos
|player|p1|
