|j|☆dax92
|j|☆DuelingCat149
|t:|1750745112
|gametype|doubles
|player|p1|dax92|blue|1319
|player|p2|DuelingCat149|lucas|1304
|teamsize|p1|6
|teamsize|p2|6
|gen|9
|tier|[Gen 9] VGC 2025 Reg I
|rated|
|rule|Species Clause: Limit one of each Pokémon
|rule|Item Clause: Limit 1 of each item
|clearpoke
|poke|p1|Tornadus, L50, M|
|poke|p1|Ceruledge, L50, M|
|poke|p1|Zacian-*, L50|
|poke|p1|Kyogre, L50|
|poke|p1|Incineroar, L50, F|
|poke|p1|Grimmsnarl, L50, M|
|poke|p2|Koraidon, L50|
|poke|p2|Flutter Mane, L50|
|poke|p2|Lunala, L50|
|poke|p2|Rillaboom, L50, M|
|poke|p2|Incineroar, L50, M|
|poke|p2|Amoonguss, L50, F|
|teampreview|4
|
|t:|1750745136
|start
|switch|p1a: Tornadus|Tornadus, L50, M|100/100
|switch|p1b: Ceruledge|Ceruledge, L50, M|100/100
|switch|p2a: Lunala|Lunala, L50, shiny|100/100
|switch|p2b: Incineroar|Incineroar, L50, M|100/100
|-ability|p2b: Incineroar|Intimidate|boost
|-unboost|p1a: Tornadus|atk|1
|-fail|p1b: Ceruledge|unboost|[from] item: Clear Amulet|[of] p1b: Ceruledge
|turn|1
|inactive|Battle timer is ON: inactive players will automatically lose when time's up. (requested by dax92)
|
|t:|1750745151
|-terastallize|p2a: Lunala|Fairy
|move|p1a: Tornadus|Protect|p1a: Tornadus
|-singleturn|p1a: Tornadus|Protect
|move|p1b: Ceruledge|Protect|p1b: Ceruledge
|-singleturn|p1b: Ceruledge|Protect
|move|p2a: Lunala|Calm Mind|p2a: Lunala
|-boost|p2a: Lunala|spa|1
|-boost|p2a: Lunala|spd|1
|move|p2b: Incineroar|Knock Off|p1a: Tornadus
|-activate|p1a: Tornadus|move: Protect
|
|upkeep
|turn|2
|
|t:|1750745171
|-terastallize|p1b: Ceruledge|Grass
|move|p1a: Tornadus|Tailwind|p1a: Tornadus
|-sidestart|p1: dax92|move: Tailwind
|move|p1b: Ceruledge|Bulk Up|p1b: Ceruledge
|-boost|p1b: Ceruledge|atk|1
|-boost|p1b: Ceruledge|def|1
|move|p2a: Lunala|Moonblast|p1a: Tornadus
|-enditem|p1a: Tornadus|Focus Sash
|-damage|p1a: Tornadus|1/100
|move|p2b: Incineroar|Knock Off|p1a: Tornadus
|-damage|p1a: Tornadus|0 fnt
|faint|p1a: Tornadus
|
|upkeep
|
|t:|1750745188
|switch|p1a: Kyogre|Kyogre, L50|100/100
|-weather|RainDance|[from] ability: Drizzle|[of] p1a: Kyogre
|turn|3
|
|t:|1750745201
|move|p2a: Lunala|Protect|p2a: Lunala
|-singleturn|p2a: Lunala|Protect
|move|p1a: Kyogre|Water Spout|p2b: Incineroar|[spread] p2b
|-activate|p2a: Lunala|move: Protect
|-supereffective|p2b: Incineroar
|-damage|p2b: Incineroar|0 fnt
|faint|p2b: Incineroar
|-damage|p1a: Kyogre|91/100|[from] item: Life Orb
|move|p1b: Ceruledge|Bitter Blade|p2a: Lunala
|-activate|p2a: Lunala|move: Protect
|
|-weather|RainDance|[upkeep]
|upkeep
|
|t:|1750745215
|switch|p2b: Rillaboom|Rillaboom, L50, M|100/100
|-fieldstart|move: Grassy Terrain|[from] ability: Grassy Surge|[of] p2b: Rillaboom
|turn|4
|
|t:|1750745231
|move|p1a: Kyogre|Protect|p1a: Kyogre
|-singleturn|p1a: Kyogre|Protect
|move|p1b: Ceruledge|Protect|p1b: Ceruledge
|-singleturn|p1b: Ceruledge|Protect
|move|p2b: Rillaboom|Fake Out|p1a: Kyogre
|-activate|p1a: Kyogre|move: Protect
|move|p2a: Lunala|Moongeist Beam|p1b: Ceruledge
|-activate|p1b: Ceruledge|move: Protect
|
|-weather|RainDance|[upkeep]
|-heal|p1a: Kyogre|97/100|[from] Grassy Terrain
|upkeep
|turn|5
|
|t:|1750745251
|switch|p1a: Zacian|Zacian-Crowned, L50|100/100
|-ability|p1a: Zacian|Intrepid Sword|boost
|-boost|p1a: Zacian|atk|1
|move|p2b: Rillaboom|Grassy Glide|p1a: Zacian
|-resisted|p1a: Zacian
|-damage|p1a: Zacian|81/100
|move|p1b: Ceruledge|Bitter Blade|p2b: Rillaboom
|-supereffective|p2b: Rillaboom
|-damage|p2b: Rillaboom|44/100
|move|p2a: Lunala|Moongeist Beam|p1a: Zacian
|-damage|p1a: Zacian|2/100
|
|-weather|RainDance|[upkeep]
|-heal|p1a: Zacian|8/100|[from] Grassy Terrain
|-heal|p2b: Rillaboom|50/100|[from] Grassy Terrain
|-sideend|p1: dax92|move: Tailwind
|upkeep
|turn|6
|inactive|DuelingCat149 has 30 seconds left.
|
|t:|1750745279
|move|p1a: Zacian|Protect|p1a: Zacian
|-singleturn|p1a: Zacian|Protect
|move|p2a: Lunala|Moongeist Beam|p1b: Ceruledge
|-damage|p1b: Ceruledge|26/100
|move|p2b: Rillaboom|U-turn|p1b: Ceruledge
|-supereffective|p1b: Ceruledge
|-damage|p1b: Ceruledge|0 fnt
|faint|p1b: Ceruledge
|
|t:|1750745288
|switch|p2b: Koraidon|Koraidon, L50|100/100|[from] U-turn
|-weather|SunnyDay|[from] ability: Orichalcum Pulse|[of] p2b: Koraidon
|-activate|p2b: Koraidon|Orichalcum Pulse|[source]
|
|-weather|SunnyDay|[upkeep]
|-heal|p1a: Zacian|14/100|[from] Grassy Terrain
|upkeep
|
|t:|1750745296
|switch|p1b: Kyogre|Kyogre, L50|97/100
|-weather|RainDance|[from] ability: Drizzle|[of] p1b: Kyogre
|turn|7
|
|t:|1750745311
|switch|p2b: Rillaboom|Rillaboom, L50, M|50/100
|move|p2a: Lunala|Protect|p2a: Lunala
|-singleturn|p2a: Lunala|Protect
|move|p1a: Zacian|Play Rough|p2b: Rillaboom
|-damage|p2b: Rillaboom|0 fnt
|faint|p2b: Rillaboom
|move|p1b: Kyogre|Water Spout|p2a: Lunala
|-activate|p2a: Lunala|move: Protect
|
|-weather|RainDance|[upkeep]
|-heal|p1a: Zacian|20/100|[from] Grassy Terrain
|-heal|p1b: Kyogre|100/100|[from] Grassy Terrain
|upkeep
|
|t:|1750745321
|switch|p2b: Koraidon|Koraidon, L50|100/100
|-weather|SunnyDay|[from] ability: Orichalcum Pulse|[of] p2b: Koraidon
|-activate|p2b: Koraidon|Orichalcum Pulse|[source]
|turn|8
|
|t:|1750745343
|move|p2b: Koraidon|Protect|p2b: Koraidon
|-singleturn|p2b: Koraidon|Protect
|move|p1a: Zacian|Behemoth Blade|p2a: Lunala
|-supereffective|p2a: Lunala
|-damage|p2a: Lunala|38/100
|move|p1b: Kyogre|Origin Pulse|p2a: Lunala|[spread] 
|-activate|p2b: Koraidon|move: Protect
|-miss|p1b: Kyogre|p2a: Lunala
|move|p2a: Lunala|Moongeist Beam|p1a: Zacian
|-damage|p1a: Zacian|0 fnt
|faint|p1a: Zacian
|
|-weather|SunnyDay|[upkeep]
|-heal|p2a: Lunala|45/100|[from] Grassy Terrain
|-heal|p2a: Lunala|51/100|[from] item: Leftovers
|-fieldend|move: Grassy Terrain
|upkeep
|turn|9
|
|t:|1750745366
|move|p2b: Koraidon|Close Combat|p1b: Kyogre
|-damage|p1b: Kyogre|0 fnt
|-unboost|p2b: Koraidon|def|1
|-unboost|p2b: Koraidon|spd|1
|faint|p1b: Kyogre
|-damage|p2b: Koraidon|91/100|[from] item: Life Orb
|
|win|DuelingCat149
|raw|dax92's rating: 1319 &rarr; <strong>1298</strong><br />(-21 for losing)
|raw|DuelingCat149's rating: 1304 &rarr; <strong>1325</strong><br />(+21 for winning)
|l|☆dax92
|player|p1|
|l|☆DuelingCat149
|player|p2|
