|j|☆imperial lemons
|j|☆bandit tim
|t:|1750719848
|gametype|doubles
|player|p1|imperial lemons|2|1284
|player|p2|bandit tim|smasher|1234
|teamsize|p1|6
|teamsize|p2|6
|gen|9
|tier|[Gen 9] VGC 2025 Reg I
|rated|
|rule|Species Clause: Limit one of each Pokémon
|rule|Item Clause: Limit 1 of each item
|clearpoke
|poke|p1|Zamazenta-*, L50|
|poke|p1|Miraidon, L50|
|poke|p1|Chien-Pao, L50|
|poke|p1|Volcarona, L50, F|
|poke|p1|Whimsicott, L50, F|
|poke|p1|Urshifu-*, L50, F|
|poke|p2|Zacian-*, L50|
|poke|p2|Lunala, L50|
|poke|p2|Incineroar, L50, M|
|poke|p2|Iron Valiant, L50|
|poke|p2|Ursaluna, L50, M|
|poke|p2|Grimmsnarl, L50, M|
|teampreview|4
bandit tim has agreed to open team sheets.
|
|t:|1750719881
|start
|switch|p1a: Urshifu|Urshifu-Rapid-Strike, L50, F|100/100
|switch|p1b: Miraidon|Miraidon, L50|100/100
|switch|p2a: Lunala|Lunala, L50|100/100
|switch|p2b: Incineroar|Incineroar, L50, M|100/100
|-fieldstart|move: Electric Terrain|[from] ability: Hadron Engine|[of] p1b: Miraidon
|-ability|p2b: Incineroar|Intimidate|boost
|-unboost|p1a: Urshifu|atk|1
|-unboost|p1b: Miraidon|atk|1
|turn|1
|
|t:|1750719898
|move|p2b: Incineroar|Fake Out|p1a: Urshifu
|-damage|p1a: Urshifu|91/100
|move|p1b: Miraidon|Volt Switch|p2a: Lunala
|-damage|p2a: Lunala|64/100
|
|t:|1750719901
|switch|p1b: Volcarona|Volcarona, L50, F|100/100|[from] Volt Switch
|-enditem|p1b: Volcarona|Electric Seed
|-boost|p1b: Volcarona|def|1|[from] item: Electric Seed
|cant|p1a: Urshifu|flinch
|move|p2a: Lunala|Moonblast|p1a: Urshifu
|-supereffective|p1a: Urshifu
|-damage|p1a: Urshifu|1/100
|
|-heal|p2a: Lunala|70/100|[from] item: Leftovers
|upkeep
|turn|2
|
|t:|1750719935
|-terastallize|p1a: Urshifu|Water
|move|p1b: Volcarona|Rage Powder|p1b: Volcarona
|-singleturn|p1b: Volcarona|move: Rage Powder
|move|p1a: Urshifu|Surging Strikes|p2a: Lunala
|-crit|p2a: Lunala
|-damage|p2a: Lunala|44/100
|-crit|p2a: Lunala
|-damage|p2a: Lunala|18/100
|-crit|p2a: Lunala
|-damage|p2a: Lunala|0 fnt
|faint|p2a: Lunala
|-hitcount|p2: Lunala|3
|move|p2b: Incineroar|U-turn|p1b: Volcarona
|-resisted|p1b: Volcarona
|-damage|p1b: Volcarona|93/100
|
|t:|1750719947
|switch|p2b: Zacian|Zacian-Crowned, L50|100/100|[from] U-turn
|-ability|p2b: Zacian|Intrepid Sword|boost
|-boost|p2b: Zacian|atk|1
|
|upkeep
|
|t:|1750719959
|switch|p2a: Iron Valiant|Iron Valiant, L50|100/100
|-activate|p2a: Iron Valiant|ability: Quark Drive
|-start|p2a: Iron Valiant|quarkdrivespe
|turn|3
|
|t:|1750719984
|move|p1a: Urshifu|Detect|p1a: Urshifu
|-singleturn|p1a: Urshifu|Protect
|move|p2a: Iron Valiant|Spirit Break|p1b: Volcarona
|-resisted|p1b: Volcarona
|-damage|p1b: Volcarona|77/100
|-unboost|p1b: Volcarona|spa|1
|-status|p2a: Iron Valiant|brn|[from] ability: Flame Body|[of] p1b: Volcarona
|move|p2b: Zacian|Sacred Sword|p1a: Urshifu
|-activate|p1a: Urshifu|move: Protect
|move|p1b: Volcarona|Fiery Dance|p2b: Zacian
|-supereffective|p2b: Zacian
|-damage|p2b: Zacian|52/100
|
|-damage|p2a: Iron Valiant|94/100 brn|[from] brn
|upkeep
|turn|4
|
|t:|1750720023
|move|p1a: Urshifu|Aqua Jet|p2b: Zacian
|-damage|p2b: Zacian|33/100
|move|p2a: Iron Valiant|Disable|p1b: Volcarona
|-start|p1b: Volcarona|Disable|Fiery Dance
|move|p2b: Zacian|Sacred Sword|p1a: Urshifu
|-damage|p1a: Urshifu|0 fnt
|faint|p1a: Urshifu
|cant|p1b: Volcarona|Disable|Fiery Dance
|
|-damage|p2a: Iron Valiant|88/100 brn|[from] brn
|upkeep
|
|t:|1750720050
|switch|p1a: Miraidon|Miraidon, L50|100/100
|-activate|p1a: Miraidon|ability: Hadron Engine
|turn|5
|
|t:|1750720063
|move|p1b: Volcarona|Rage Powder|p1b: Volcarona
|-singleturn|p1b: Volcarona|move: Rage Powder
|move|p2a: Iron Valiant|Spirit Break|p1b: Volcarona
|-resisted|p1b: Volcarona
|-damage|p1b: Volcarona|69/100
|-unboost|p1b: Volcarona|spa|1
|move|p2b: Zacian|Sacred Sword|p1b: Volcarona
|-resisted|p1b: Volcarona
|-damage|p1b: Volcarona|34/100
|move|p1a: Miraidon|Volt Switch|p2a: Iron Valiant
|-damage|p2a: Iron Valiant|0 fnt
|faint|p2a: Iron Valiant
|-end|p2a: Iron Valiant|Quark Drive|[silent]
|
|t:|1750720072
|switch|p1a: Chien-Pao|Chien-Pao, L50|100/100|[from] Volt Switch
|-ability|p1a: Chien-Pao|Sword of Ruin
|
|-fieldend|move: Electric Terrain
|upkeep
|
|t:|1750720079
|switch|p2a: Incineroar|Incineroar, L50, M|100/100
|-ability|p2a: Incineroar|Intimidate|boost
|-unboost|p1a: Chien-Pao|atk|1
|-unboost|p1b: Volcarona|atk|1
|turn|6
|
|t:|1750720120
|move|p2a: Incineroar|Fake Out|p1b: Volcarona
|-damage|p1b: Volcarona|22/100
|cant|p1b: Volcarona|flinch
|move|p1a: Chien-Pao|Crunch|p2b: Zacian
|-resisted|p2b: Zacian
|-damage|p2b: Zacian|16/100
|-damage|p1a: Chien-Pao|91/100|[from] item: Life Orb
|move|p2b: Zacian|Sacred Sword|p1a: Chien-Pao
|-supereffective|p1a: Chien-Pao
|-damage|p1a: Chien-Pao|0 fnt
|faint|p1a: Chien-Pao
|
|upkeep
|
|t:|1750720127
|switch|p1a: Miraidon|Miraidon, L50|100/100
|-fieldstart|move: Electric Terrain|[from] ability: Hadron Engine|[of] p1a: Miraidon
|turn|7
|
|t:|1750720157
|move|p1b: Volcarona|Rage Powder|p1b: Volcarona
|-singleturn|p1b: Volcarona|move: Rage Powder
|move|p2b: Zacian|Play Rough|p1b: Volcarona
|-resisted|p1b: Volcarona
|-damage|p1b: Volcarona|0 fnt
|-status|p2b: Zacian|brn|[from] ability: Flame Body|[of] p1b: Volcarona
|faint|p1b: Volcarona
|move|p1a: Miraidon|Dazzling Gleam|p2a: Incineroar|[spread] p2a,p2b
|-resisted|p2b: Zacian
|-damage|p2a: Incineroar|77/100
|-damage|p2b: Zacian|0 fnt
|faint|p2b: Zacian
|move|p2a: Incineroar|Knock Off|p1a: Miraidon
|-damage|p1a: Miraidon|59/100
|-enditem|p1a: Miraidon|Choice Specs|[from] move: Knock Off|[of] p2a: Incineroar
|
|upkeep
|turn|8
|
|t:|1750720181
|-terastallize|p2a: Incineroar|Bug
|move|p1a: Miraidon|Electro Drift|p2a: Incineroar
|-damage|p2a: Incineroar|20/100
|move|p2a: Incineroar|Flare Blitz|p1a: Miraidon
|-resisted|p1a: Miraidon
|-damage|p1a: Miraidon|34/100
|-damage|p2a: Incineroar|13/100|[from] Recoil
|
|upkeep
|turn|9
|
|t:|1750720191
|move|p1a: Miraidon|Electro Drift|p2a: Incineroar
|-damage|p2a: Incineroar|0 fnt
|faint|p2a: Incineroar
|
|win|imperial lemons
|raw|imperial lemons's rating: 1284 &rarr; <strong>1305</strong><br />(+21 for winning)
|raw|bandit tim's rating: 1234 &rarr; <strong>1213</strong><br />(-21 for losing)
|l|☆bandit tim
|player|p2|
