|j|☆FlyingDingo
|j|☆It'sJustKen VGC
|t:|1750718248
|gametype|doubles
|player|p1|FlyingDingo|hilda-wonderlauncher|1530
|player|p2|It'sJustKen VGC|caitlin|1565
|teamsize|p1|6
|teamsize|p2|6
|gen|9
|tier|[Gen 9] VGC 2025 Reg I
|rated|
|rule|Species Clause: Limit one of each Pokémon
|rule|Item Clause: Limit 1 of each item
|clearpoke
|poke|p1|Giratina-Origin, L50|
|poke|p1|Kleavor, L50, F|
|poke|p1|Zamazenta-*, L50|
|poke|p1|Rillaboom, L50, M|
|poke|p1|Chi-Yu, L50|
|poke|p1|Urshifu-*, L50, M|
|poke|p2|Incineroar, L50, M|
|poke|p2|Urshifu-*, L50, M|
|poke|p2|Amoonguss, L50, F|
|poke|p2|Calyrex-Shadow, L50|
|poke|p2|Tornadus, L50, M|
|poke|p2|Terapagos, L50, M|
|teampreview|4
|inactive|Battle timer is ON: inactive players will automatically lose when time's up. (requested by It'sJustKen VGC)
|inactive|It'sJustKen VGC has 60 seconds left.
|inactive|It'sJustKen VGC has 30 seconds left.
|
|t:|1750718311
|start
|switch|p1a: Kleavor|Kleavor, L50, F|100/100
|switch|p1b: Chi-Yu|Chi-Yu, L50|100/100
|switch|p2a: Steven He|Urshifu-Rapid-Strike, L50, M|100/100
|switch|p2b: TTE|Tornadus, L50, M|100/100
|-ability|p1b: Chi-Yu|Beads of Ruin
|turn|1
|inactive|FlyingDingo has 30 seconds left.
|inactive|FlyingDingo has 20 seconds left.
|
|t:|1750718347
|-terastallize|p1a: Kleavor|Grass
|move|p2b: TTE|Tailwind|p2b: TTE
|-sidestart|p2: It'sJustKen VGC|move: Tailwind
|move|p2a: Steven He|Surging Strikes|p1b: Chi-Yu
|-supereffective|p1b: Chi-Yu
|-crit|p1b: Chi-Yu
|-damage|p1b: Chi-Yu|30/100
|-supereffective|p1b: Chi-Yu
|-crit|p1b: Chi-Yu
|-damage|p1b: Chi-Yu|0 fnt
|faint|p1b: Chi-Yu
|-hitcount|p1: Chi-Yu|2
|move|p1a: Kleavor|Stone Axe|p2b: TTE
|-supereffective|p2b: TTE
|-enditem|p2b: TTE|Focus Sash
|-damage|p2b: TTE|1/100
|-sidestart|p2: It'sJustKen VGC|move: Stealth Rock
|
|upkeep
|
|t:|1750718360
|switch|p1b: Giratina|Giratina-Origin, L50|100/100
|turn|2
|
|t:|1750718367
|move|p1b: Giratina|Shadow Sneak|p2b: TTE
|-damage|p2b: TTE|0 fnt
|faint|p2b: TTE
|move|p2a: Steven He|Surging Strikes|p1a: Kleavor
|-resisted|p1a: Kleavor
|-crit|p1a: Kleavor
|-damage|p1a: Kleavor|87/100
|-resisted|p1a: Kleavor
|-crit|p1a: Kleavor
|-damage|p1a: Kleavor|73/100
|-resisted|p1a: Kleavor
|-crit|p1a: Kleavor
|-damage|p1a: Kleavor|59/100
|-hitcount|p1a: Kleavor|3
|move|p1a: Kleavor|Tailwind|p1a: Kleavor
|-sidestart|p1: FlyingDingo|move: Tailwind
|
|upkeep
|
|t:|1750718375
|switch|p2b: Chicken Jockey|Calyrex-Shadow, L50|100/100
|-ability|p2b: Chicken Jockey|As One
|-ability|p2b: Chicken Jockey|Unnerve
|-damage|p2b: Chicken Jockey|88/100|[from] Stealth Rock
|turn|3
|
|t:|1750718390
|switch|p2a: @Not Wolfe Glick|Incineroar, L50, M|100/100
|-damage|p2a: @Not Wolfe Glick|75/100|[from] Stealth Rock
|-ability|p2a: @Not Wolfe Glick|Intimidate|boost
|-unboost|p1a: Kleavor|atk|1
|-unboost|p1b: Giratina|atk|1
|-terastallize|p2b: Chicken Jockey|Ghost
|move|p1b: Giratina|Shadow Sneak|p2b: Chicken Jockey
|-supereffective|p2b: Chicken Jockey
|-damage|p2b: Chicken Jockey|47/100
|move|p2b: Chicken Jockey|Astral Barrage|p1b: Giratina|[spread] p1a,p1b
|-supereffective|p1b: Giratina
|-damage|p1a: Kleavor|0 fnt
|-damage|p1b: Giratina|0 fnt
|faint|p1a: Kleavor
|faint|p1b: Giratina
|-ability|p2b: Chicken Jockey|Grim Neigh|boost
|-boost|p2b: Chicken Jockey|spa|2
|-damage|p2b: Chicken Jockey|38/100|[from] item: Life Orb
|
|upkeep
|
|t:|1750718401
|switch|p1a: Zamazenta|Zamazenta-Crowned, L50|100/100
|-ability|p1a: Zamazenta|Dauntless Shield|boost
|-boost|p1a: Zamazenta|def|1
|turn|4
|
|t:|1750718422
|move|p1a: Zamazenta|Protect|p1a: Zamazenta
|-singleturn|p1a: Zamazenta|Protect
|move|p2a: @Not Wolfe Glick|Fake Out|p1a: Zamazenta
|-activate|p1a: Zamazenta|move: Protect
|move|p2b: Chicken Jockey|Astral Barrage|p1a: Zamazenta
|-activate|p1a: Zamazenta|move: Protect
|
|-sideend|p2: It'sJustKen VGC|move: Tailwind
|upkeep
|turn|5
|
|t:|1750718429
|switch|p2a: Steven He|Urshifu-Rapid-Strike, L50, M|100/100
|-damage|p2a: Steven He|94/100|[from] Stealth Rock
|move|p2b: Chicken Jockey|Protect|p2b: Chicken Jockey
|-singleturn|p2b: Chicken Jockey|Protect
|move|p1a: Zamazenta|Heavy Slam|p2b: Chicken Jockey
|-activate|p2b: Chicken Jockey|move: Protect
|
|-sideend|p1: FlyingDingo|move: Tailwind
|upkeep
|turn|6
|
|t:|1750718438
|move|p2a: Steven He|Surging Strikes|p1a: Zamazenta
|-crit|p1a: Zamazenta
|-damage|p1a: Zamazenta|88/100
|-crit|p1a: Zamazenta
|-damage|p1a: Zamazenta|75/100
|-crit|p1a: Zamazenta
|-damage|p1a: Zamazenta|62/100
|-hitcount|p1a: Zamazenta|3
|move|p2b: Chicken Jockey|Astral Barrage|p1a: Zamazenta
|-damage|p1a: Zamazenta|0 fnt
|faint|p1a: Zamazenta
|-damage|p2b: Chicken Jockey|28/100|[from] item: Life Orb
|
|win|It'sJustKen VGC
|raw|FlyingDingo's rating: 1530 &rarr; <strong>1513</strong><br />(-17 for losing)
|raw|It&apos;sJustKen VGC's rating: 1585 &rarr; <strong>1602</strong><br />(+17 for winning)
|l|☆FlyingDingo
|player|p1|
