|j|☆johnkharkiv
|j|☆chardoub
|t:|1750757337
|gametype|doubles
|player|p1|johnkharkiv|swimmerf-gen4dp|1078
|player|p2|chardoub|2|1186
|teamsize|p1|6
|teamsize|p2|6
|gen|9
|tier|[Gen 9] VGC 2025 Reg I
|rated|
|rule|Species Clause: Limit one of each Pokémon
|rule|Item Clause: Limit 1 of each item
|clearpoke
|poke|p1|Ho-Oh, L50|
|poke|p1|Annihilape, L50, F|
|poke|p1|Electivire, L50, F|
|poke|p1|Whimsicott, L50, F|
|poke|p1|Indeedee-F, L50, F|
|poke|p1|Miraidon, L50|
|poke|p2|Calyrex-Shadow, L50|
|poke|p2|Koraidon, L50|
|poke|p2|Whimsicott, L50, F|
|poke|p2|Urshifu-*, L50, M|
|poke|p2|Iron Treads, L50|
|poke|p2|Raging Bolt, L50|
|teampreview|4
|inactive|Battle timer is ON: inactive players will automatically lose when time's up. (requested by chardoub)
|
|t:|1750757378
|start
|switch|p1a: Whimsicott|Whimsicott, L50, F, shiny|100/100
|switch|p1b: Annihilape|Annihilape, L50, F, shiny|100/100
|switch|p2a: Whimsicott|Whimsicott, L50, F|100/100
|switch|p2b: Koraidon|Koraidon, L50|100/100
|-weather|SunnyDay|[from] ability: Orichalcum Pulse|[of] p2b: Koraidon
|-activate|p2b: Koraidon|Orichalcum Pulse|[source]
|turn|1
|
|t:|1750757394
|-terastallize|p1a: Whimsicott|Dark
|move|p2b: Koraidon|Protect|p2b: Koraidon
|-singleturn|p2b: Koraidon|Protect
|move|p2a: Whimsicott|Taunt|p1a: Whimsicott
|-hint|Since gen 7, Dark is immune to Prankster moves.
|-immune|p1a: Whimsicott
|move|p1a: Whimsicott|Tailwind|p1a: Whimsicott
|-sidestart|p1: johnkharkiv|move: Tailwind
|move|p1b: Annihilape|Final Gambit|p2b: Koraidon
|-activate|p2b: Koraidon|move: Protect
|
|-weather|SunnyDay|[upkeep]
|upkeep
|turn|2
|inactive|johnkharkiv has 30 seconds left.
|inactive|chardoub has 30 seconds left.
|
|t:|1750757426
|switch|p1b: Ho-Oh|Ho-Oh, L50, shiny|100/100
|move|p1a: Whimsicott|Encore|p2a: Whimsicott
|-start|p2a: Whimsicott|Encore
|move|p2a: Whimsicott|Taunt|p1a: Whimsicott
|-hint|Since gen 7, Dark is immune to Prankster moves.
|-immune|p1a: Whimsicott
|move|p2b: Koraidon|Close Combat|p1a: Whimsicott
|-supereffective|p1a: Whimsicott
|-damage|p1a: Whimsicott|0 fnt
|-unboost|p2b: Koraidon|def|1
|-unboost|p2b: Koraidon|spd|1
|faint|p1a: Whimsicott
|-damage|p2b: Koraidon|91/100|[from] item: Life Orb
|
|-weather|SunnyDay|[upkeep]
|upkeep
|
|t:|1750757439
|switch|p1a: Annihilape|Annihilape, L50, F, shiny|100/100
|turn|3
|
|t:|1750757452
|move|p2b: Koraidon|Protect|p2b: Koraidon
|-singleturn|p2b: Koraidon|Protect
|move|p2a: Whimsicott|Taunt|p1b: Ho-Oh
|-start|p1b: Ho-Oh|move: Taunt
|move|p1a: Annihilape|Shadow Claw|p2b: Koraidon
|-activate|p2b: Koraidon|move: Protect
|move|p1b: Ho-Oh|Flame Charge|p2a: Whimsicott
|-supereffective|p2a: Whimsicott
|-damage|p2a: Whimsicott|3/100
|-boost|p1b: Ho-Oh|spe|1
|
|-weather|SunnyDay|[upkeep]
|upkeep
|turn|4
|
|t:|1750757477
|move|p2b: Koraidon|Protect||[still]
|-fail|p2b: Koraidon
|move|p2a: Whimsicott|Taunt|p1a: Annihilape
|-start|p1a: Annihilape|move: Taunt
|move|p1a: Annihilape|Shadow Claw|p2a: Whimsicott
|-damage|p2a: Whimsicott|0 fnt
|faint|p2a: Whimsicott
|move|p1b: Ho-Oh|Brave Bird|p2b: Koraidon
|-supereffective|p2b: Koraidon
|-damage|p2b: Koraidon|0 fnt
|faint|p2b: Koraidon
|-damage|p1b: Ho-Oh|72/100|[from] Recoil
|
|-weather|SunnyDay|[upkeep]
|-sideend|p1: johnkharkiv|move: Tailwind
|upkeep
|
|t:|1750757494
|switch|p2b: Calyrex|Calyrex-Shadow, L50|100/100
|switch|p2a: Iron Treads|Iron Treads, L50|100/100
|-ability|p2b: Calyrex|As One
|-ability|p2b: Calyrex|Unnerve
|-enditem|p2a: Iron Treads|Booster Energy
|-activate|p2a: Iron Treads|ability: Quark Drive|[fromitem]
|-start|p2a: Iron Treads|quarkdrivespe
|turn|5
|inactive|johnkharkiv has 30 seconds left.
|
|t:|1750757520
|move|p2a: Iron Treads|Knock Off|p1a: Annihilape
|-damage|p1a: Annihilape|71/100
|-enditem|p1a: Annihilape|Choice Scarf|[from] move: Knock Off|[of] p2a: Iron Treads
|move|p2b: Calyrex|Astral Barrage|p1b: Ho-Oh|[spread] p1a,p1b
|-supereffective|p1a: Annihilape
|-damage|p1a: Annihilape|0 fnt
|-damage|p1b: Ho-Oh|46/100
|faint|p1a: Annihilape
|-ability|p2b: Calyrex|Grim Neigh|boost
|-boost|p2b: Calyrex|spa|1
|move|p1b: Ho-Oh|Flame Charge|p2a: Iron Treads
|-supereffective|p2a: Iron Treads
|-damage|p2a: Iron Treads|23/100
|-boost|p1b: Ho-Oh|spe|1
|
|-weather|none
|-end|p1b: Ho-Oh|move: Taunt
|upkeep
|
|t:|1750757523
|switch|p1a: Indeedee|Indeedee-F, L50, F, shiny|100/100
|-fieldstart|move: Psychic Terrain|[from] ability: Psychic Surge|[of] p1a: Indeedee
|turn|6
|
|t:|1750757545
|move|p2b: Calyrex|Protect|p2b: Calyrex
|-singleturn|p2b: Calyrex|Protect
|move|p1a: Indeedee|Follow Me|p1a: Indeedee
|-singleturn|p1a: Indeedee|move: Follow Me
|move|p1b: Ho-Oh|Sacred Fire|p2b: Calyrex
|-activate|p2b: Calyrex|move: Protect
|move|p2a: Iron Treads|Ice Spinner|p1a: Indeedee
|-damage|p1a: Indeedee|75/100
|-damage|p2a: Iron Treads|7/100|[from] item: Rocky Helmet|[of] p1a: Indeedee
|-fieldend|move: Psychic Terrain
|
|upkeep
|turn|7
|
|t:|1750757571
|move|p1b: Ho-Oh|Earthquake|p2b: Calyrex|[spread] p1a,p2a,p2b
|-supereffective|p2a: Iron Treads
|-damage|p1a: Indeedee|46/100
|-damage|p2a: Iron Treads|0 fnt
|-damage|p2b: Calyrex|68/100
|faint|p2a: Iron Treads
|-end|p2a: Iron Treads|Quark Drive|[silent]
|move|p2b: Calyrex|Astral Barrage|p1b: Ho-Oh|[spread] p1b
|-immune|p1a: Indeedee
|-damage|p1b: Ho-Oh|11/100
|move|p1a: Indeedee|Shadow Ball|p2b: Calyrex
|-supereffective|p2b: Calyrex
|-crit|p2b: Calyrex
|-damage|p2b: Calyrex|0 fnt
|faint|p2b: Calyrex
|
|win|johnkharkiv
|raw|johnkharkiv's rating: 1078 &rarr; <strong>1115</strong><br />(+37 for winning)
|raw|chardoub's rating: 1186 &rarr; <strong>1153</strong><br />(-33 for losing)
|l|☆chardoub
|player|p2|
