|j|☆Redbama
|j|☆TeamStarGrungi
|t:|1750729292
|gametype|doubles
|player|p1|Redbama|red-masters2|1441
|player|p2|TeamStarGrungi|stargrunt-v|1380
|teamsize|p1|6
|teamsize|p2|6
|gen|9
|tier|[Gen 9] VGC 2025 Reg I
|rated|
|rule|Species Clause: Limit one of each Pokémon
|rule|Item Clause: Limit 1 of each item
|clearpoke
|poke|p1|Terapagos, L50, M|
|poke|p1|Miraidon, L50|
|poke|p1|Incineroar, L50, M|
|poke|p1|Urshifu-*, L50, M|
|poke|p1|Sinistcha, L50|
|poke|p1|Tornadus, L50, M|
|poke|p2|Rayquaza, L50|
|poke|p2|Lunala, L50|
|poke|p2|Amoonguss, L50, M|
|poke|p2|Iron Jugulis, L50|
|poke|p2|Chien-Pao, L50|
|poke|p2|Incineroar, L50, F|
|teampreview|4
|inactive|Battle timer is ON: inactive players will automatically lose when time's up. (requested by Redbama)
|
|t:|1750729316
|start
|switch|p1a: Big boy tricycle|Miraidon, L50|100/100
|switch|p1b: Cenaroar|Incineroar, L50, M, shiny|100/100
|switch|p2a: Rayquaza|Rayquaza, L50, shiny|100/100
|switch|p2b: Incineroar|Incineroar, L50, F, shiny|100/100
|-fieldstart|move: Electric Terrain|[from] ability: Hadron Engine|[of] p1a: Big boy tricycle
|-ability|p2a: Rayquaza|Air Lock
|-ability|p1b: Cenaroar|Intimidate|boost
|-fail|p2a: Rayquaza|unboost|[from] item: Clear Amulet|[of] p2a: Rayquaza
|-unboost|p2b: Incineroar|atk|1
|-ability|p2b: Incineroar|Intimidate|boost
|-unboost|p1a: Big boy tricycle|atk|1
|-unboost|p1b: Cenaroar|atk|1
|turn|1
|
|t:|1750729343
|move|p2a: Rayquaza|Protect|p2a: Rayquaza
|-singleturn|p2a: Rayquaza|Protect
|move|p1b: Cenaroar|Fake Out|p2a: Rayquaza
|-activate|p2a: Rayquaza|move: Protect
|move|p1a: Big boy tricycle|Dazzling Gleam|p2b: Incineroar|[spread] p2b
|-activate|p2a: Rayquaza|move: Protect
|-damage|p2b: Incineroar|76/100
|move|p2b: Incineroar|U-turn|p1a: Big boy tricycle
|-crit|p1a: Big boy tricycle
|-damage|p1a: Big boy tricycle|74/100
|
|t:|1750729354
|switch|p2b: Chien-Pao|Chien-Pao, L50|100/100|[from] U-turn
|-ability|p2b: Chien-Pao|Sword of Ruin
|
|upkeep
|turn|2
|
|t:|1750729370
|switch|p1a: Teakwando|Urshifu-Rapid-Strike, L50, M|100/100
|-terastallize|p2a: Rayquaza|Normal
|move|p2b: Chien-Pao|Ice Spinner|p1a: Teakwando
|-resisted|p1a: Teakwando
|-damage|p1a: Teakwando|76/100
|-fieldend|move: Electric Terrain
|move|p2a: Rayquaza|Swords Dance|p2a: Rayquaza
|-boost|p2a: Rayquaza|atk|2
|move|p1b: Cenaroar|Parting Shot|p2b: Chien-Pao
|-unboost|p2b: Chien-Pao|atk|1
|-unboost|p2b: Chien-Pao|spa|1
|
|t:|1750729383
|switch|p1b: Big boy tricycle|Miraidon, L50|74/100|[from] Parting Shot
|-fieldstart|move: Electric Terrain|[from] ability: Hadron Engine|[of] p1b: Big boy tricycle
|
|upkeep
|turn|3
|inactive|TeamStarGrungi has 30 seconds left.
|inactive|TeamStarGrungi has 20 seconds left.
|
|t:|1750729422
|switch|p1b: Cenaroar|Incineroar, L50, M, shiny|100/100
|-ability|p1b: Cenaroar|Intimidate|boost
|-fail|p2a: Rayquaza|unboost|[from] item: Clear Amulet|[of] p2a: Rayquaza
|-unboost|p2b: Chien-Pao|atk|1
|move|p2a: Rayquaza|Extreme Speed|p1a: Teakwando
|-damage|p1a: Teakwando|0 fnt
|faint|p1a: Teakwando
|move|p2b: Chien-Pao|Ice Spinner|p1b: Cenaroar
|-resisted|p1b: Cenaroar
|-damage|p1b: Cenaroar|89/100
|-fieldend|move: Electric Terrain
|
|upkeep
|
|t:|1750729440
|switch|p1a: Big boy tricycle|Miraidon, L50|74/100
|-fieldstart|move: Electric Terrain|[from] ability: Hadron Engine|[of] p1a: Big boy tricycle
|turn|4
|
|t:|1750729450
|switch|p2b: Incineroar|Incineroar, L50, F, shiny|76/100
|-ability|p2b: Incineroar|Intimidate|boost
|-unboost|p1a: Big boy tricycle|atk|1
|-unboost|p1b: Cenaroar|atk|1
|move|p2a: Rayquaza|Protect|p2a: Rayquaza
|-singleturn|p2a: Rayquaza|Protect
|move|p1b: Cenaroar|Fake Out|p2a: Rayquaza
|-activate|p2a: Rayquaza|move: Protect
|move|p1a: Big boy tricycle|Volt Switch|p2b: Incineroar
|-damage|p2b: Incineroar|28/100
|
|t:|1750729456
|switch|p1a: Turbie|Terapagos, L50, M|100/100|[from] Volt Switch
|-activate|p1a: Turbie|ability: Tera Shift
|detailschange|p1a: Turbie|Terapagos-Terastal, L50, M
|-heal|p1a: Turbie|100/100|[silent]
|-enditem|p1a: Turbie|Electric Seed
|-boost|p1a: Turbie|def|1|[from] item: Electric Seed
|
|upkeep
|turn|5
|
|t:|1750729474
|move|p1a: Turbie|Protect|p1a: Turbie
|-singleturn|p1a: Turbie|Protect
|move|p2b: Incineroar|Fake Out|p1a: Turbie
|-activate|p1a: Turbie|move: Protect
|move|p2a: Rayquaza|Dragon Ascent|p1b: Cenaroar
|-damage|p1b: Cenaroar|0 fnt
|-unboost|p2a: Rayquaza|def|1
|-unboost|p2a: Rayquaza|spd|1
|faint|p1b: Cenaroar
|
|upkeep
|
|t:|1750729482
|switch|p1b: Big boy tricycle|Miraidon, L50|74/100
|-activate|p1b: Big boy tricycle|ability: Hadron Engine
|turn|6
|
|t:|1750729497
|-terastallize|p1a: Turbie|Stellar
|detailschange|p1a: Turbie|Terapagos-Stellar, L50, M, tera:Stellar
|-heal|p1a: Turbie|100/100|[silent]
|-ability|p1a: Turbie|Teraform Zero
|-fieldend|move: Electric Terrain
|move|p2a: Rayquaza|Extreme Speed|p1b: Big boy tricycle
|-damage|p1b: Big boy tricycle|0 fnt
|faint|p1b: Big boy tricycle
|move|p1a: Turbie|Tera Starstorm|p2a: Rayquaza|[spread] p2a,p2b
|-supereffective|p2a: Rayquaza
|-damage|p2a: Rayquaza|0 fnt
|-damage|p2b: Incineroar|7/100
|faint|p2a: Rayquaza
|move|p2b: Incineroar|U-turn|p1a: Turbie
|-damage|p1a: Turbie|93/100
|
|t:|1750729513
|switch|p2b: Chien-Pao|Chien-Pao, L50|100/100|[from] U-turn
|-ability|p2b: Chien-Pao|Sword of Ruin
|
|upkeep
|
|t:|1750729516
|switch|p2a: Incineroar|Incineroar, L50, F, shiny|7/100
|-ability|p2a: Incineroar|Intimidate|boost
|-unboost|p1a: Turbie|atk|1
|turn|7
|l|☆Redbama
|inactive|Redbama disconnected and has a minute to reconnect!
|player|p1|
|inactive|Redbama has 30 seconds left.
|inactive|Redbama has 20 seconds left.
|inactive|Redbama has 15 seconds left.
|j|☆Redbama
|inactive|Redbama reconnected and has 15 seconds left.
|player|p1|Redbama|red-masters2|
|inactive|Redbama has 10 seconds left.
|
|t:|1750729564
|move|p1a: Turbie|Protect|p1a: Turbie
|-singleturn|p1a: Turbie|Protect
|move|p2a: Incineroar|Fake Out|p1a: Turbie
|-activate|p1a: Turbie|move: Protect
|move|p2b: Chien-Pao|Sacred Sword|p1a: Turbie
|-activate|p1a: Turbie|move: Protect
|
|upkeep
|turn|8
|
|t:|1750729572
|move|p2b: Chien-Pao|Sacred Sword|p1a: Turbie
|-supereffective|p1a: Turbie
|-damage|p1a: Turbie|49/100
|move|p1a: Turbie|Tera Starstorm|p2a: Incineroar|[spread] p2a,p2b
|-damage|p2a: Incineroar|0 fnt
|-damage|p2b: Chien-Pao|44/100
|faint|p2a: Incineroar
|
|upkeep
|
|t:|1750729579
|switch|p2a: Lunala|Lunala, L50|100/100
|turn|9
|
|t:|1750729585
|move|p2b: Chien-Pao|Sacred Sword|p1a: Turbie
|-supereffective|p1a: Turbie
|-damage|p1a: Turbie|5/100
|move|p2a: Lunala|Meteor Beam||[still]
|-prepare|p2a: Lunala|Meteor Beam
|-boost|p2a: Lunala|spa|1
|-enditem|p2a: Lunala|Power Herb
|-anim|p2a: Lunala|Meteor Beam|p1a: Turbie|[miss]
|-miss|p2a: Lunala|p1a: Turbie
|move|p1a: Turbie|Tera Starstorm|p2b: Chien-Pao|[spread] p2a,p2b
|-damage|p2a: Lunala|89/100
|-damage|p2b: Chien-Pao|0 fnt
|faint|p2b: Chien-Pao
|
|upkeep
|turn|10
|
|t:|1750729596
|move|p2a: Lunala|Meteor Beam||[still]
|-prepare|p2a: Lunala|Meteor Beam
|-boost|p2a: Lunala|spa|1
|move|p1a: Turbie|Tera Starstorm|p2a: Lunala
|-damage|p2a: Lunala|59/100
|
|upkeep
|turn|11
|
|t:|1750729607
|move|p1a: Turbie|Protect|p1a: Turbie
|-singleturn|p1a: Turbie|Protect
|move|p2a: Lunala|Meteor Beam|p1a: Turbie|[from] lockedmove
|-activate|p1a: Turbie|move: Protect
|
|upkeep
|turn|12
|
|t:|1750729615
|move|p2a: Lunala|Wide Guard|p2a: Lunala
|-singleturn|p2a: Lunala|Wide Guard
|move|p1a: Turbie|Tera Starstorm|p2a: Lunala
|-activate|p2a: Lunala|move: Wide Guard
|
|upkeep
|turn|13
|
|t:|1750729620
|move|p2a: Lunala|Wide Guard|p2a: Lunala
|-singleturn|p2a: Lunala|Wide Guard
|move|p1a: Turbie|Earth Power|p2a: Lunala
|-damage|p2a: Lunala|32/100
|
|upkeep
|turn|14
|
|t:|1750729628
|move|p2a: Lunala|Meteor Beam||[still]
|-prepare|p2a: Lunala|Meteor Beam
|-boost|p2a: Lunala|spa|1
|move|p1a: Turbie|Earth Power|p2a: Lunala
|-damage|p2a: Lunala|6/100
|
|upkeep
|turn|15
|
|t:|1750729636
|move|p1a: Turbie|Protect|p1a: Turbie
|-singleturn|p1a: Turbie|Protect
|move|p2a: Lunala|Meteor Beam|p1a: Turbie|[from] lockedmove
|-activate|p1a: Turbie|move: Protect
|
|upkeep
|turn|16
|
|t:|1750729643
|move|p2a: Lunala|Wide Guard|p2a: Lunala
|-singleturn|p2a: Lunala|Wide Guard
|move|p1a: Turbie|Earth Power|p2a: Lunala
|-damage|p2a: Lunala|0 fnt
|faint|p2a: Lunala
|
|win|Redbama
|raw|Redbama's rating: 1441 &rarr; <strong>1458</strong><br />(+17 for winning)
|raw|TeamStarGrungi's rating: 1380 &rarr; <strong>1363</strong><br />(-17 for losing)
|l|☆TeamStarGrungi
|player|p2|
