|j|☆aryecki
|j|☆qbking3
|html|<table width="100%"><tr><td align="left">aryecki</td><td align="right">qbking3</tr><tr><td align="left"><i class="fa fa-circle"></i> <i class="fa fa-circle-o"></i> </td><td align="right"><i class="fa fa-circle-o"></i> <i class="fa fa-circle"></i> </tr></table>
|uhtml|bestof|<h2><strong>Game 3</strong> of <a href="/game-bestof3-gen9vgc2025regi-2391321756">a best-of-3</a></h2>
|t:|1750836308
|gametype|doubles
|player|p1|aryecki|doubleteam|
|player|p2|qbking3|marnie-league|
|teamsize|p1|6
|teamsize|p2|6
|gen|9
|tier|[Gen 9] VGC 2025 Reg I
|rule|Species Clause: Limit one of each Pokémon
|rule|Item Clause: Limit 1 of each item
|rule|Terastal Clause: You cannot Terastallize
|raw|<div class="infobox"><details class="readmore"><summary><strong>51 custom rules:</strong></summary> Terastal Clause, -All Pokemon, +Unobtainable, +Past, !!Min Source Gen = 1, bestof=3, -ND Uber, -ND AG, -ND OU, -ND UUBL, -ND UU, -ND RUBL, -ND RU, -ND NFE, -ND LC, +Tyranitar-Base, +Masquerain, +Electrode-Base, +Arctozolt, +Honchkrow, +Mienshao, +Simisage, +Luvdisc, +Quaquaval, +Toedscruel, +Grapploct, +Slowking-Base, +Smeargle, +Tangrowth, +Furfrou, +Rabsca, +Drakloak, +Mimikyu-Base, +Uxie, +Primeape, +Purugly, +Orbeetle, +Glimmora, +Klawf, +Archeops, +Espeon, +Arbok, +Dugtrio-Alola, +Slowking-Galar, +Ditto, +Bruxish, +Escavalier, +Simipour, +Calyrex-Base, +Lunatone, -Tyranitarite</details></div>
|clearpoke
|poke|p1|Honchkrow, L50, F|
|poke|p1|Bruxish, L50, F|
|poke|p1|Tangrowth, L50, F|
|poke|p1|Archeops, L50, F|
|poke|p1|Arbok, L50, M|
|poke|p1|Escavalier, L50, F|
|poke|p2|Mimikyu, L50, F|
|poke|p2|Escavalier, L50, M|
|poke|p2|Slowking-Galar, L50, F|
|poke|p2|Mienshao, L50, M|
|poke|p2|Tyranitar, L50, M|
|poke|p2|Smeargle, L50, M|
|teampreview|4
qbking3 has agreed to open team sheets.
aryecki has agreed to open team sheets.
|showteam|p1|Honchkrow||ScopeLens|SuperLuck|Tailwind,Protect,NightSlash,BraveBird|||F|||50|]Bruxish||AssaultVest|Dazzling|IcyWind,SuperFang,Surf,PsychicNoise|||F|||50|]Tangrowth||EjectPack|Regenerator|RagePowder,Protect,KnockOff,LeafStorm|||F|||50|]Archeops||ChoiceBand|Defeatist|Earthquake,StoneEdge,Uturn,DualWingbeat|||F|||50|]Arbok||CovertCloak|Intimidate|Protect,Earthquake,GunkShot,Coil|||M|||50|]Escavalier||SitrusBerry|Overcoat|CloseCombat,IronHead,KnockOff,Megahorn|||F|||50|
|showteam|p2|Mimikyu||MentalHerb|Disguise|ShadowSneak,Taunt,WillOWisp,TrickRoom|||F|||50|]Escavalier||LifeOrb|Overcoat|Megahorn,IronHead,CloseCombat,Protect|||M|||50|]Slowking-Galar||WeaknessPolicy|Regenerator|SludgeWave,Flamethrower,FocusBlast,Protect|||F|||50|]Mienshao||EjectPack|InnerFocus|FakeOut,CloseCombat,Feint,WideGuard|||M|||50|]Tyranitar||LumBerry|SandStream|RockSlide,KnockOff,LowKick,DragonDance|||M|||50|]Smeargle||FocusSash|Moody|FollowMe,LovelyKiss,Decorate,BurningBulwark|||M|||50|
|
|t:|1750836361
|start
|switch|p1a: Honchkrow|Honchkrow, L50, F|100/100
|switch|p1b: Archeops|Archeops, L50, F|100/100
|switch|p2a: Mimikyu|Mimikyu, L50, F|100/100
|switch|p2b: Escavalier|Escavalier, L50, M|100/100
|turn|1
|
|t:|1750836391
|switch|p2a: Tyranitar|Tyranitar, L50, M|100/100
|-weather|Sandstorm|[from] ability: Sand Stream|[of] p2a: Tyranitar
|move|p1b: Archeops|Earthquake|p2b: Escavalier|[spread] p2a,p2b
|-immune|p1a: Honchkrow
|-supereffective|p2a: Tyranitar
|-damage|p2a: Tyranitar|14/100
|-damage|p2b: Escavalier|60/100
|move|p1a: Honchkrow|Night Slash|p2a: Tyranitar
|-resisted|p2a: Tyranitar
|-crit|p2a: Tyranitar
|-damage|p2a: Tyranitar|0 fnt
|faint|p2a: Tyranitar
|move|p2b: Escavalier|Iron Head|p1b: Archeops
|-supereffective|p1b: Archeops
|-damage|p1b: Archeops|0 fnt
|faint|p1b: Archeops
|-damage|p2b: Escavalier|50/100|[from] item: Life Orb
|
|-weather|Sandstorm|[upkeep]
|-damage|p1a: Honchkrow|95/100|[from] Sandstorm
|upkeep
|
|t:|1750836413
|switch|p1b: Arbok|Arbok, L50, M|100/100
|switch|p2a: Mimikyu|Mimikyu, L50, F|100/100
|-ability|p1b: Arbok|Intimidate|boost
|-unboost|p2a: Mimikyu|atk|1
|-unboost|p2b: Escavalier|atk|1
|turn|2
|c|☆aryecki|"I want that twink OBLITERATED"
|c|☆qbking3|LMAAAAAAAAAAAAAAAAAAAAO
|
|t:|1750836482
|move|p2b: Escavalier|Protect|p2b: Escavalier
|-singleturn|p2b: Escavalier|Protect
|move|p1b: Arbok|Earthquake|p2b: Escavalier|[spread] p2a
|-activate|p2b: Escavalier|move: Protect
|-immune|p1a: Honchkrow
|-activate|p2a: Mimikyu|ability: Disguise
|-damage|p2a: Mimikyu|100/100
|detailschange|p2a: Mimikyu|Mimikyu-Busted, L50, F
|-damage|p2a: Mimikyu|88/100|[from] pokemon: Mimikyu-Busted
|move|p1a: Honchkrow|Night Slash|p2b: Escavalier
|-activate|p2b: Escavalier|move: Protect
|move|p2a: Mimikyu|Trick Room|p2a: Mimikyu
|-fieldstart|move: Trick Room|[of] p2a: Mimikyu
|
|-weather|Sandstorm|[upkeep]
|-damage|p1a: Honchkrow|89/100|[from] Sandstorm
|-damage|p1b: Arbok|95/100|[from] Sandstorm
|-damage|p2a: Mimikyu|82/100|[from] Sandstorm
|upkeep
|turn|3
|c|☆aryecki|(it's up to your interpretetion wchich one the twink is)
|
|t:|1750836510
|move|p2b: Escavalier|Megahorn|p1a: Honchkrow
|-damage|p1a: Honchkrow|4/100
|-damage|p2b: Escavalier|41/100|[from] item: Life Orb
|move|p1a: Honchkrow|Night Slash|p2a: Mimikyu
|-crit|p2a: Mimikyu
|-damage|p2a: Mimikyu|30/100
|move|p1b: Arbok|Earthquake|p2a: Mimikyu|[spread] p2a,p2b
|-immune|p1a: Honchkrow
|-damage|p2a: Mimikyu|10/100
|-damage|p2b: Escavalier|17/100
|move|p2a: Mimikyu|Will-O-Wisp|p1b: Arbok
|-status|p1b: Arbok|brn
|
|-weather|Sandstorm|[upkeep]
|-damage|p1a: Honchkrow|0 fnt|[from] Sandstorm
|-damage|p1b: Arbok|89/100 brn|[from] Sandstorm
|-damage|p2a: Mimikyu|4/100|[from] Sandstorm
|faint|p1a: Honchkrow
|-damage|p1b: Arbok|83/100 brn|[from] brn
|upkeep
|
|t:|1750836528
|switch|p1a: Escavalier|Escavalier, L50, F|100/100
|turn|4
|c|☆qbking3|wow it just barelyu lived that
|c|☆aryecki|well it dies now soooo
|c|☆aryecki|mission failed succesfully
|
|t:|1750836581
|move|p2b: Escavalier|Protect|p2b: Escavalier
|-singleturn|p2b: Escavalier|Protect
|move|p1a: Escavalier|Knock Off|p2b: Escavalier
|-activate|p2b: Escavalier|move: Protect
|move|p1b: Arbok|Coil|p1b: Arbok
|-boost|p1b: Arbok|atk|1
|-boost|p1b: Arbok|def|1
|-boost|p1b: Arbok|accuracy|1
|move|p2a: Mimikyu|Will-O-Wisp|p1a: Escavalier
|-status|p1a: Escavalier|brn
|
|-weather|Sandstorm|[upkeep]
|-damage|p1b: Arbok|78/100 brn|[from] Sandstorm
|-damage|p2a: Mimikyu|0 fnt|[from] Sandstorm
|faint|p2a: Mimikyu
|-damage|p1a: Escavalier|94/100 brn|[from] brn
|-damage|p1b: Arbok|72/100 brn|[from] brn
|upkeep
|
|t:|1750836588
|switch|p2a: Slowking|Slowking-Galar, L50, F|100/100
|turn|5
|
|t:|1750836609
|move|p1b: Arbok|Protect|p1b: Arbok
|-singleturn|p1b: Arbok|Protect
|move|p1a: Escavalier|Knock Off|p2a: Slowking
|-supereffective|p2a: Slowking
|-damage|p2a: Slowking|57/100
|-enditem|p2a: Slowking|Weakness Policy
|-boost|p2a: Slowking|atk|2|[from] item: Weakness Policy
|-boost|p2a: Slowking|spa|2|[from] item: Weakness Policy
|move|p2b: Escavalier|Close Combat|p1a: Escavalier
|-damage|p1a: Escavalier|54/100 brn
|-unboost|p2b: Escavalier|def|1
|-unboost|p2b: Escavalier|spd|1
|-damage|p2b: Escavalier|7/100|[from] item: Life Orb
|move|p2a: Slowking|Flamethrower|p1b: Arbok
|-activate|p1b: Arbok|move: Protect
|
|-weather|none
|-damage|p1a: Escavalier|48/100 brn|[from] brn
|-damage|p1b: Arbok|66/100 brn|[from] brn
|upkeep
|-enditem|p1a: Escavalier|Sitrus Berry|[eat]
|-heal|p1a: Escavalier|73/100 brn|[from] item: Sitrus Berry
|turn|6
|
|t:|1750836651
|move|p1a: Escavalier|Megahorn|p2a: Slowking
|-damage|p2a: Slowking|20/100
|move|p2b: Escavalier|Iron Head|p1a: Escavalier
|-resisted|p1a: Escavalier
|-damage|p1a: Escavalier|51/100 brn
|-damage|p2b: Escavalier|0 fnt|[from] item: Life Orb
|faint|p2b: Escavalier
|move|p2a: Slowking|Flamethrower|p1b: Arbok
|-damage|p1b: Arbok|0 fnt
|faint|p1b: Arbok
|
|-damage|p1a: Escavalier|45/100 brn|[from] brn
|-fieldend|move: Trick Room
|upkeep
|turn|7
|c|☆qbking3|gg
|c|☆aryecki|gg
|
|t:|1750836665
|move|p2a: Slowking|Flamethrower|p1a: Escavalier
|-supereffective|p1a: Escavalier
|-damage|p1a: Escavalier|0 fnt
|faint|p1a: Escavalier
|
|win|qbking3
