|j|☆cali28
|j|☆MolassesPotato
|t:|1750738735
|gametype|doubles
|player|p1|cali28|bellelba|1164
|player|p2|MolassesPotato|jogger|1171
|teamsize|p1|6
|teamsize|p2|6
|gen|9
|tier|[Gen 9] VGC 2025 Reg I
|rated|
|rule|Species Clause: Limit one of each Pokémon
|rule|Item Clause: Limit 1 of each item
|clearpoke
|poke|p1|Eternatus, L50|
|poke|p1|Wo-Chien, L50|
|poke|p1|Kyogre, L50|
|poke|p1|Tornadus, L50, M|
|poke|p1|Incineroar, L50, F|
|poke|p1|Landorus, L50, M|
|poke|p2|Terapagos, L50, M|
|poke|p2|Calyrex-Shadow, L50|
|poke|p2|Incineroar, L50, F|
|poke|p2|Rillaboom, L50, F|
|poke|p2|Scream Tail, L50|
|poke|p2|Ogerpon-Cornerstone, L50, F|
|teampreview|4
|inactive|Battle timer is ON: inactive players will automatically lose when time's up. (requested by cali28)
MolassesPotato has agreed to open team sheets.
|inactive|cali28 has 60 seconds left.
|inactive|MolassesPotato has 60 seconds left.
|
|t:|1750738783
|start
|switch|p1a: Tornadus|Tornadus, L50, M|100/100
|switch|p1b: Wo-Chien|Wo-Chien, L50|100/100
|switch|p2a: Rillaboom|Rillaboom, L50, F|100/100
|switch|p2b: Ogerpon|Ogerpon-Cornerstone, L50, F|100/100
|-fieldstart|move: Grassy Terrain|[from] ability: Grassy Surge|[of] p2a: Rillaboom
|-ability|p1b: Wo-Chien|Tablets of Ruin
|turn|1
|inactive|cali28 has 30 seconds left.
|inactive|MolassesPotato has 30 seconds left.
|inactive|cali28 has 20 seconds left.
|inactive|cali28 has 15 seconds left.
|inactive|cali28 has 10 seconds left.
|
|t:|1750738829
|-terastallize|p1a: Tornadus|Water
|move|p2a: Rillaboom|Fake Out|p1a: Tornadus
|-damage|p1a: Tornadus|84/100
|move|p1a: Tornadus|Tailwind|p1a: Tornadus
|-sidestart|p1: cali28|move: Tailwind
|move|p1b: Wo-Chien|Taunt|p2b: Ogerpon
|-start|p2b: Ogerpon|move: Taunt
|move|p2b: Ogerpon|Ivy Cudgel|p1a: Tornadus|[anim] Ivy Cudgel Rock
|-damage|p1a: Tornadus|10/100
|
|-heal|p1a: Tornadus|16/100|[from] Grassy Terrain
|upkeep
|turn|2
|inactive|cali28 has 30 seconds left.
|
|t:|1750738863
|move|p1a: Tornadus|Bleakwind Storm|p2a: Rillaboom|[spread] p2b
|-miss|p1a: Tornadus|p2a: Rillaboom
|-damage|p2b: Ogerpon|59/100
|move|p1b: Wo-Chien|Snarl|p2a: Rillaboom|[spread] p2a,p2b
|-damage|p2a: Rillaboom|88/100
|-damage|p2b: Ogerpon|43/100
|-unboost|p2a: Rillaboom|spa|1
|-unboost|p2b: Ogerpon|spa|1
|move|p2b: Ogerpon|Ivy Cudgel|p1b: Wo-Chien|[anim] Ivy Cudgel Rock
|-damage|p1b: Wo-Chien|54/100
|move|p2a: Rillaboom|U-turn|p1a: Tornadus
|-damage|p1a: Tornadus|0 fnt
|faint|p1a: Tornadus
|
|t:|1750738878
|switch|p2a: Terapagos|Terapagos, L50, M|100/100|[from] U-turn
|-activate|p2a: Terapagos|ability: Tera Shift
|detailschange|p2a: Terapagos|Terapagos-Terastal, L50, M
|-heal|p2a: Terapagos|100/100|[silent]
|
|-heal|p1b: Wo-Chien|60/100|[from] Grassy Terrain
|-heal|p1b: Wo-Chien|66/100|[from] item: Leftovers
|-heal|p2b: Ogerpon|49/100|[from] Grassy Terrain
|upkeep
|
|t:|1750738891
|switch|p1a: Kyogre|Kyogre, L50|100/100
|-weather|RainDance|[from] ability: Drizzle|[of] p1a: Kyogre
|turn|3
|inactive|MolassesPotato has 30 seconds left.
|
|t:|1750738920
|switch|p2b: Rillaboom|Rillaboom, L50, F|88/100
|move|p1b: Wo-Chien|Snarl|p2a: Terapagos|[spread] p2a,p2b
|-activate|p2a: Terapagos|ability: Tera Shell
|-resisted|p2a: Terapagos
|-damage|p2a: Terapagos|96/100
|-damage|p2b: Rillaboom|75/100
|-unboost|p2a: Terapagos|spa|1
|-unboost|p2b: Rillaboom|spa|1
|move|p1a: Kyogre|Water Spout|p2a: Terapagos|[spread] p2a,p2b
|-resisted|p2b: Rillaboom
|-damage|p2a: Terapagos|4/100
|-damage|p2b: Rillaboom|19/100
|move|p2a: Terapagos|Calm Mind|p2a: Terapagos
|-boost|p2a: Terapagos|spa|1
|-boost|p2a: Terapagos|spd|1
|
|-weather|RainDance|[upkeep]
|-heal|p1b: Wo-Chien|72/100|[from] Grassy Terrain
|-heal|p1b: Wo-Chien|78/100|[from] item: Leftovers
|-heal|p2b: Rillaboom|25/100|[from] Grassy Terrain
|-heal|p2a: Terapagos|10/100|[from] Grassy Terrain
|-heal|p2a: Terapagos|16/100|[from] item: Leftovers
|upkeep
|turn|4
|inactive|cali28 has 30 seconds left.
|inactive|MolassesPotato has 30 seconds left.
|inactive|MolassesPotato has 20 seconds left.
|inactive|MolassesPotato has 15 seconds left.
|inactive|MolassesPotato has 10 seconds left.
|
|t:|1750738966
|move|p2a: Terapagos|Protect|p2a: Terapagos
|-singleturn|p2a: Terapagos|Protect
|move|p2b: Rillaboom|Grassy Glide|p1a: Kyogre
|-supereffective|p1a: Kyogre
|-damage|p1a: Kyogre|53/100
|move|p1a: Kyogre|Origin Pulse|p2b: Rillaboom|[spread] p2b
|-activate|p2a: Terapagos|move: Protect
|-resisted|p2b: Rillaboom
|-damage|p2b: Rillaboom|0 fnt
|faint|p2b: Rillaboom
|move|p1b: Wo-Chien|Snarl|p2a: Terapagos
|-activate|p2a: Terapagos|move: Protect
|
|-weather|RainDance|[upkeep]
|-heal|p1a: Kyogre|59/100|[from] Grassy Terrain
|-heal|p1b: Wo-Chien|83/100|[from] Grassy Terrain
|-heal|p1b: Wo-Chien|89/100|[from] item: Leftovers
|-heal|p2a: Terapagos|22/100|[from] Grassy Terrain
|-heal|p2a: Terapagos|28/100|[from] item: Leftovers
|-sideend|p1: cali28|move: Tailwind
|upkeep
|
|t:|1750738985
|switch|p2b: Ogerpon|Ogerpon-Cornerstone, L50, F|49/100
|turn|5
|inactive|MolassesPotato has 30 seconds left.
|
|t:|1750739011
|-terastallize|p2a: Terapagos|Stellar
|detailschange|p2a: Terapagos|Terapagos-Stellar, L50, M, tera:Stellar
|-heal|p2a: Terapagos|46/100|[silent]
|-ability|p2a: Terapagos|Teraform Zero
|-weather|none
|-fieldend|move: Grassy Terrain
|move|p2b: Ogerpon|Spiky Shield|p2b: Ogerpon
|-singleturn|p2b: Ogerpon|move: Protect
|move|p1a: Kyogre|Protect|p1a: Kyogre
|-singleturn|p1a: Kyogre|Protect
|move|p1b: Wo-Chien|Leech Seed|p2a: Terapagos
|-start|p2a: Terapagos|move: Leech Seed
|move|p2a: Terapagos|Tera Starstorm|p1b: Wo-Chien|[spread] p1b
|-activate|p1a: Kyogre|move: Protect
|-damage|p1b: Wo-Chien|62/100
|
|-heal|p1b: Wo-Chien|68/100|[from] item: Leftovers
|-heal|p2a: Terapagos|52/100|[from] item: Leftovers
|-damage|p2a: Terapagos|39/100|[from] Leech Seed|[of] p1b: Wo-Chien
|-heal|p1b: Wo-Chien|88/100|[silent]
|upkeep
|turn|6
|inactive|cali28 has 30 seconds left.
|inactive|MolassesPotato has 30 seconds left.
|
|t:|1750739041
|switch|p1a: Eternatus|Eternatus, L50|100/100
|-ability|p1a: Eternatus|Pressure
|switch|p2a: Incineroar|Incineroar, L50, F|100/100
|-ability|p2a: Incineroar|Intimidate|boost
|-unboost|p1a: Eternatus|atk|1
|-unboost|p1b: Wo-Chien|atk|1
|move|p2b: Ogerpon|Power Whip|p1a: Eternatus
|-resisted|p1a: Eternatus
|-damage|p1a: Eternatus|91/100
|move|p1b: Wo-Chien|Snarl|p2b: Ogerpon|[spread] p2a
|-miss|p1b: Wo-Chien|p2b: Ogerpon
|-resisted|p2a: Incineroar
|-damage|p2a: Incineroar|95/100
|-unboost|p2a: Incineroar|spa|1
|
|-heal|p1a: Eternatus|97/100|[from] item: Black Sludge
|-heal|p1b: Wo-Chien|93/100|[from] item: Leftovers
|upkeep
|turn|7
|inactive|MolassesPotato has 30 seconds left.
|
|t:|1750739069
|move|p1a: Eternatus|Protect|p1a: Eternatus
|-singleturn|p1a: Eternatus|Protect
|move|p1b: Wo-Chien|Protect|p1b: Wo-Chien
|-singleturn|p1b: Wo-Chien|Protect
|move|p2b: Ogerpon|Ivy Cudgel|p1b: Wo-Chien|[anim] Ivy Cudgel Rock
|-activate|p1b: Wo-Chien|move: Protect
|move|p2a: Incineroar|Flare Blitz|p1b: Wo-Chien
|-activate|p1b: Wo-Chien|move: Protect
|
|-heal|p1a: Eternatus|100/100|[from] item: Black Sludge
|-heal|p1b: Wo-Chien|99/100|[from] item: Leftovers
|upkeep
|turn|8
|-message|MolassesPotato forfeited.
|
|win|cali28
|raw|cali28's rating: 1164 &rarr; <strong>1190</strong><br />(+26 for winning)
|raw|MolassesPotato's rating: 1171 &rarr; <strong>1145</strong><br />(-26 for losing)
|l|☆MolassesPotato
|player|p2|
|l|☆cali28
|player|p1|
