|j|☆Yoshimitsu Kaidou
|j|☆krolol
|t:|1750857291
|gametype|doubles
|player|p1|Yoshimitsu Kaidou|drayden|1120
|player|p2|krolol|170|1085
|teamsize|p1|6
|teamsize|p2|6
|gen|9
|tier|[Gen 9] VGC 2025 Reg I
|rated|
|rule|Species Clause: Limit one of each Pokémon
|rule|Item Clause: Limit 1 of each item
|clearpoke
|poke|p1|Regice, L50|
|poke|p1|Grimmsnarl, L50, M|
|poke|p1|Ninetales-Alola, L50, F|
|poke|p1|Ogerpon-Wellspring, L50, F|
|poke|p1|Landorus, L50, M|
|poke|p1|Urshifu-*, L50, M|
|poke|p2|Lunala, L50|
|poke|p2|Ursaluna, L50, F|
|poke|p2|Urshifu-*, L50, M|
|poke|p2|Miraidon, L50|
|poke|p2|Grimmsnarl, L50, M|
|poke|p2|Incineroar, L50, F|
|teampreview|4
|inactive|Battle timer is ON: inactive players will automatically lose when time's up. (requested by Yoshimitsu Kaidou)
|
|t:|1750857349
|start
|switch|p1a: Regice|Regice, L50, shiny|100/100
|switch|p1b: Grimmsnarl|Grimmsnarl, L50, M, shiny|100/100
|switch|p2a: Miraidon|Miraidon, L50|100/100
|switch|p2b: Incineroar|Incineroar, L50, F|100/100
|-fieldstart|move: Electric Terrain|[from] ability: Hadron Engine|[of] p2a: Miraidon
|-ability|p2b: Incineroar|Intimidate|boost
|-unboost|p1a: Regice|atk|1
|-unboost|p1b: Grimmsnarl|atk|1
|turn|1
|inactive|krolol has 30 seconds left.
|inactive|krolol has 20 seconds left.
|
|t:|1750857386
|move|p1a: Regice|Protect|p1a: Regice
|-singleturn|p1a: Regice|Protect
|move|p1b: Grimmsnarl|Light Screen|p1b: Grimmsnarl
|-sidestart|p1: Yoshimitsu Kaidou|move: Light Screen
|move|p2a: Miraidon|Volt Switch|p1b: Grimmsnarl
|-damage|p1b: Grimmsnarl|64/100
|
|t:|1750857395
|switch|p2a: Urshifu|Urshifu-Rapid-Strike, L50, M|100/100|[from] Volt Switch
|move|p2b: Incineroar|Knock Off|p1a: Regice
|-activate|p1a: Regice|move: Protect
|
|upkeep
|turn|2
|inactive|Yoshimitsu Kaidou has 30 seconds left.
|
|t:|1750857424
|move|p1b: Grimmsnarl|Parting Shot|p2a: Urshifu
|-unboost|p2a: Urshifu|atk|1
|-unboost|p2a: Urshifu|spa|1
|
|t:|1750857430
|switch|p1b: Ninetales|Ninetales-Alola, L50, F, shiny|100/100|[from] Parting Shot
|-weather|Snowscape|[from] ability: Snow Warning|[of] p1b: Ninetales
|move|p2a: Urshifu|Surging Strikes|p1b: Ninetales
|-crit|p1b: Ninetales
|-damage|p1b: Ninetales|70/100
|-crit|p1b: Ninetales
|-damage|p1b: Ninetales|36/100
|-crit|p1b: Ninetales
|-damage|p1b: Ninetales|3/100
|-hitcount|p1b: Ninetales|3
|move|p2b: Incineroar|Knock Off|p1a: Regice
|-damage|p1a: Regice|78/100
|-enditem|p1a: Regice|Leftovers|[from] move: Knock Off|[of] p2b: Incineroar
|move|p1a: Regice|Body Press|p2a: Urshifu
|-damage|p2a: Urshifu|83/100
|
|-weather|Snowscape|[upkeep]
|-heal|p1a: Regice|83/100|[from] ability: Ice Body
|upkeep
|turn|3
|inactive|Yoshimitsu Kaidou has 30 seconds left.
|inactive|krolol has 30 seconds left.
|
|t:|1750857463
|move|p1b: Ninetales|Moonblast|p2a: Urshifu
|-supereffective|p2a: Urshifu
|-damage|p2a: Urshifu|0 fnt
|faint|p2a: Urshifu
|move|p2b: Incineroar|Knock Off|p1b: Ninetales
|-resisted|p1b: Ninetales
|-damage|p1b: Ninetales|0 fnt
|-enditem|p1b: Ninetales|Choice Specs|[from] move: Knock Off|[of] p2b: Incineroar
|faint|p1b: Ninetales
|move|p1a: Regice|Blizzard|p2b: Incineroar
|-resisted|p2b: Incineroar
|-crit|p2b: Incineroar
|-damage|p2b: Incineroar|75/100
|
|-weather|Snowscape|[upkeep]
|-heal|p1a: Regice|89/100|[from] ability: Ice Body
|upkeep
|
|t:|1750857487
|switch|p1b: Urshifu|Urshifu-Rapid-Strike, L50, M|100/100
|switch|p2a: Miraidon|Miraidon, L50|100/100
|-activate|p2a: Miraidon|ability: Hadron Engine
|turn|4
|inactive|Yoshimitsu Kaidou has 30 seconds left.
|inactive|krolol has 30 seconds left.
|inactive|Yoshimitsu Kaidou has 20 seconds left.
|inactive|krolol has 20 seconds left.
|inactive|Yoshimitsu Kaidou has 15 seconds left.
|inactive|krolol has 15 seconds left.
|
|t:|1750857531
|-terastallize|p2a: Miraidon|Electric
|-terastallize|p1a: Regice|Ice
|move|p1b: Urshifu|Surging Strikes|p2b: Incineroar
|-supereffective|p2b: Incineroar
|-crit|p2b: Incineroar
|-damage|p2b: Incineroar|34/100
|-damage|p1b: Urshifu|84/100|[from] item: Rocky Helmet|[of] p2b: Incineroar
|-supereffective|p2b: Incineroar
|-crit|p2b: Incineroar
|-damage|p2b: Incineroar|0 fnt
|-damage|p1b: Urshifu|67/100|[from] item: Rocky Helmet|[of] p2b: Incineroar
|faint|p2b: Incineroar
|-hitcount|p2: Incineroar|2
|move|p2a: Miraidon|Electro Drift|p1b: Urshifu
|-supereffective|p1b: Urshifu
|-damage|p1b: Urshifu|0 fnt
|faint|p1b: Urshifu
|move|p1a: Regice|Blizzard|p2a: Miraidon
|-damage|p2a: Miraidon|76/100
|
|-weather|Snowscape|[upkeep]
|-heal|p1a: Regice|95/100|[from] ability: Ice Body
|upkeep
|
|t:|1750857555
|switch|p1b: Grimmsnarl|Grimmsnarl, L50, M, shiny|64/100
|switch|p2b: Lunala|Lunala, L50|100/100
|-enditem|p2b: Lunala|Electric Seed
|-boost|p2b: Lunala|def|1|[from] item: Electric Seed
|turn|5
|inactive|krolol has 30 seconds left.
|
|t:|1750857586
|move|p1b: Grimmsnarl|Parting Shot|p2a: Miraidon
|-unboost|p2a: Miraidon|atk|1
|-unboost|p2a: Miraidon|spa|1
|move|p2a: Miraidon|Electro Drift|p1b: Grimmsnarl
|-damage|p1b: Grimmsnarl|20/100
|move|p2b: Lunala|Moongeist Beam|p1a: Regice
|-damage|p1a: Regice|80/100
|move|p1a: Regice|Blizzard|p2b: Lunala|[spread] p2a,p2b
|-damage|p2a: Miraidon|56/100
|-damage|p2b: Lunala|86/100
|
|-weather|Snowscape|[upkeep]
|-heal|p1a: Regice|86/100|[from] ability: Ice Body
|-fieldend|move: Electric Terrain
|upkeep
|turn|6
|inactive|Yoshimitsu Kaidou has 30 seconds left.
|
|t:|1750857617
|move|p1b: Grimmsnarl|Sucker Punch|p2b: Lunala
|-supereffective|p2b: Lunala
|-damage|p2b: Lunala|32/100
|move|p2a: Miraidon|Electro Drift|p1b: Grimmsnarl
|-damage|p1b: Grimmsnarl|0 fnt
|faint|p1b: Grimmsnarl
|move|p2b: Lunala|Moongeist Beam|p1a: Regice
|-damage|p1a: Regice|69/100
|move|p1a: Regice|Blizzard|p2a: Miraidon|[spread] p2a,p2b
|-damage|p2a: Miraidon|37/100
|-damage|p2b: Lunala|7/100
|
|-weather|none
|upkeep
|turn|7
|
|t:|1750857641
|move|p2a: Miraidon|Electro Drift|p1a: Regice
|-damage|p1a: Regice|55/100
|move|p2b: Lunala|Moongeist Beam|p1a: Regice
|-damage|p1a: Regice|38/100
|move|p1a: Regice|Blizzard|p2b: Lunala|[spread] p2a,p2b
|-damage|p2a: Miraidon|16/100
|-damage|p2b: Lunala|0 fnt
|faint|p2b: Lunala
|
|upkeep
|turn|8
|inactive|Yoshimitsu Kaidou has 30 seconds left.
|inactive|krolol has 30 seconds left.
|
|t:|1750857672
|move|p2a: Miraidon|Electro Drift|p2: Lunala|[notarget]
|-fail|p2a: Miraidon
|move|p1a: Regice|Blizzard|p2a: Miraidon
|-damage|p2a: Miraidon|0 fnt
|faint|p2a: Miraidon
|
|win|Yoshimitsu Kaidou
|raw|Yoshimitsu Kaidou's rating: 1120 &rarr; <strong>1142</strong><br />(+22 for winning)
|raw|krolol's rating: 1085 &rarr; <strong>1065</strong><br />(-20 for losing)
|l|☆krolol
|player|p2|
|l|☆Yoshimitsu Kaidou
|player|p1|
