|j|☆dinglustan
|j|☆It'sJustKen VGC
|t:|1750732061
|gametype|doubles
|player|p1|dinglustan|2|1611
|player|p2|It'sJustKen VGC|player-go|1577
|teamsize|p1|6
|teamsize|p2|6
|gen|9
|tier|[Gen 9] VGC 2025 Reg I
|rated|
|rule|Species Clause: Limit one of each Pokémon
|rule|Item Clause: Limit 1 of each item
|clearpoke
|poke|p1|Miraidon, L50|
|poke|p1|Calyrex-Ice, L50|
|poke|p1|Grimmsnarl, L50, M|
|poke|p1|Incineroar, L50, M|
|poke|p1|Urshifu-*, L50, M|
|poke|p1|Sinistcha, L50|
|poke|p2|Incineroar, L50, M|
|poke|p2|Urshifu-*, L50, F|
|poke|p2|Amoonguss, L50, F|
|poke|p2|Calyrex-Shadow, L50|
|poke|p2|Tornadus, L50, M|
|poke|p2|Terapagos, L50, M|
|teampreview|4
|inactive|Battle timer is ON: inactive players will automatically lose when time's up. (requested by dinglustan)
|inactive|It'sJustKen VGC also wants the timer to be on.
|j| haxorus321
|inactive|dinglustan has 60 seconds left.
|l| haxorus321
|j| haxorus321
|inactive|dinglustan has 30 seconds left.
|inactive|dinglustan has 20 seconds left.
|inactive|dinglustan has 15 seconds left.
|inactive|dinglustan has 10 seconds left.
|
|t:|1750732142
|start
|switch|p1a: Miraidon|Miraidon, L50|100/100
|switch|p1b: Grimmsnarl|Grimmsnarl, L50, M|100/100
|switch|p2a: @Not Wolfe Glick|Incineroar, L50, M|100/100
|switch|p2b: Chicken Jockey|Calyrex-Shadow, L50|100/100
|-ability|p2b: Chicken Jockey|As One
|-ability|p2b: Chicken Jockey|Unnerve
|-fieldstart|move: Electric Terrain|[from] ability: Hadron Engine|[of] p1a: Miraidon
|-ability|p2a: @Not Wolfe Glick|Intimidate|boost
|-unboost|p1a: Miraidon|atk|1
|-unboost|p1b: Grimmsnarl|atk|1
|turn|1
|inactive|dinglustan has 30 seconds left.
|inactive|It'sJustKen VGC has 30 seconds left.
|inactive|It'sJustKen VGC has 20 seconds left.
|inactive|It'sJustKen VGC has 15 seconds left.
|inactive|It'sJustKen VGC has 10 seconds left.
|
|t:|1750732191
|-terastallize|p2b: Chicken Jockey|Ghost
|move|p2a: @Not Wolfe Glick|Fake Out|p1a: Miraidon
|-damage|p1a: Miraidon|86/100
|move|p1b: Grimmsnarl|Light Screen|p1b: Grimmsnarl
|-sidestart|p1: dinglustan|move: Light Screen
|cant|p1a: Miraidon|flinch
|move|p2b: Chicken Jockey|Astral Barrage|p1b: Grimmsnarl|[spread] p1a,p1b
|-resisted|p1b: Grimmsnarl
|-damage|p1a: Miraidon|18/100
|-damage|p1b: Grimmsnarl|65/100
|-damage|p2b: Chicken Jockey|91/100|[from] item: Life Orb
|
|upkeep
|turn|2
|
|t:|1750732207
|move|p2b: Chicken Jockey|Protect|p2b: Chicken Jockey
|-singleturn|p2b: Chicken Jockey|Protect
|move|p1b: Grimmsnarl|Thunder Wave|p2b: Chicken Jockey
|-activate|p2b: Chicken Jockey|move: Protect
|move|p1a: Miraidon|Volt Switch|p2a: @Not Wolfe Glick
|-damage|p2a: @Not Wolfe Glick|33/100
|
|t:|1750732221
|switch|p1a: Incineroar|Incineroar, L50, M|100/100|[from] Volt Switch
|-ability|p1a: Incineroar|Intimidate|boost
|-unboost|p2a: @Not Wolfe Glick|atk|1
|-unboost|p2b: Chicken Jockey|atk|1
|move|p2a: @Not Wolfe Glick|U-turn|p1b: Grimmsnarl
|-damage|p1b: Grimmsnarl|50/100
|inactive|It'sJustKen VGC has 30 seconds left.
|inactive|It'sJustKen VGC has 20 seconds left.
|inactive|It'sJustKen VGC has 15 seconds left.
|inactive|It'sJustKen VGC has 10 seconds left.
|inactive|It'sJustKen VGC has 5 seconds left.
|
|t:|1750732276
|switch|p2a: PTSD Mushroom|Amoonguss, L50, F|100/100|[from] U-turn
|
|upkeep
|turn|3
|inactive|dinglustan has 30 seconds left.
|inactive|It'sJustKen VGC has 30 seconds left.
|inactive|It'sJustKen VGC has 20 seconds left.
|
|t:|1750732314
|move|p2a: PTSD Mushroom|Rage Powder|p2a: PTSD Mushroom
|-singleturn|p2a: PTSD Mushroom|move: Rage Powder
|move|p1b: Grimmsnarl|Reflect|p1b: Grimmsnarl
|-sidestart|p1: dinglustan|Reflect
|move|p2b: Chicken Jockey|Astral Barrage|p1b: Grimmsnarl|[spread] p1a,p1b
|-resisted|p1a: Incineroar
|-resisted|p1b: Grimmsnarl
|-damage|p1a: Incineroar|79/100
|-damage|p1b: Grimmsnarl|18/100
|-damage|p2b: Chicken Jockey|81/100|[from] item: Life Orb
|move|p1a: Incineroar|Flare Blitz|p2a: PTSD Mushroom
|-supereffective|p2a: PTSD Mushroom
|-damage|p2a: PTSD Mushroom|23/100
|-enditem|p2a: PTSD Mushroom|Sitrus Berry|[eat]
|-heal|p2a: PTSD Mushroom|48/100|[from] item: Sitrus Berry
|-damage|p1a: Incineroar|52/100|[from] Recoil
|
|upkeep
|turn|4
|inactive|dinglustan has 30 seconds left.
|
|t:|1750732341
|move|p2a: PTSD Mushroom|Rage Powder|p2a: PTSD Mushroom
|-singleturn|p2a: PTSD Mushroom|move: Rage Powder
|move|p1b: Grimmsnarl|Thunder Wave|p2a: PTSD Mushroom|[miss]
|-miss|p1b: Grimmsnarl|p2a: PTSD Mushroom
|move|p2b: Chicken Jockey|Astral Barrage|p1b: Grimmsnarl|[spread] p1a,p1b
|-resisted|p1a: Incineroar
|-resisted|p1b: Grimmsnarl
|-damage|p1a: Incineroar|31/100
|-damage|p1b: Grimmsnarl|0 fnt
|faint|p1b: Grimmsnarl
|-ability|p2b: Chicken Jockey|Grim Neigh|boost
|-boost|p2b: Chicken Jockey|spa|1
|-damage|p2b: Chicken Jockey|72/100|[from] item: Life Orb
|move|p1a: Incineroar|Flare Blitz|p2a: PTSD Mushroom
|-supereffective|p2a: PTSD Mushroom
|-damage|p2a: PTSD Mushroom|0 fnt
|faint|p2a: PTSD Mushroom
|-damage|p1a: Incineroar|14/100|[from] Recoil
|
|upkeep
|
|t:|1750732350
|switch|p1b: Calyrex|Calyrex-Ice, L50|100/100
|switch|p2a: @Not Wolfe Glick|Incineroar, L50, M|33/100
|-ability|p1b: Calyrex|As One
|-ability|p1b: Calyrex|Unnerve
|-ability|p2a: @Not Wolfe Glick|Intimidate|boost
|-unboost|p1a: Incineroar|atk|1
|-unboost|p1b: Calyrex|atk|1
|turn|5
|
|t:|1750732357
|switch|p2a: Steven He|Urshifu-Rapid-Strike, L50, F|100/100
|move|p1b: Calyrex|Protect|p1b: Calyrex
|-singleturn|p1b: Calyrex|Protect
|move|p2b: Chicken Jockey|Astral Barrage|p1b: Calyrex|[spread] p1a
|-activate|p1b: Calyrex|move: Protect
|-resisted|p1a: Incineroar
|-damage|p1a: Incineroar|0 fnt
|faint|p1a: Incineroar
|-ability|p2b: Chicken Jockey|Grim Neigh|boost
|-boost|p2b: Chicken Jockey|spa|1
|-damage|p2b: Chicken Jockey|62/100|[from] item: Life Orb
|
|-fieldend|move: Electric Terrain
|upkeep
|
|t:|1750732360
|switch|p1a: Miraidon|Miraidon, L50|18/100
|-fieldstart|move: Electric Terrain|[from] ability: Hadron Engine|[of] p1a: Miraidon
|turn|6
|
|t:|1750732370
|-terastallize|p1b: Calyrex|Fire
|move|p2b: Chicken Jockey|Protect|p2b: Chicken Jockey
|-singleturn|p2b: Chicken Jockey|Protect
|move|p2a: Steven He|Close Combat|p1a: Miraidon
|-damage|p1a: Miraidon|0 fnt
|-unboost|p2a: Steven He|def|1
|-unboost|p2a: Steven He|spd|1
|faint|p1a: Miraidon
|move|p1b: Calyrex|Trick Room|p1b: Calyrex
|-fieldstart|move: Trick Room|[of] p1b: Calyrex
|
|upkeep
|turn|7
|
|t:|1750732394
|switch|p2a: @Not Wolfe Glick|Incineroar, L50, M|33/100
|-ability|p2a: @Not Wolfe Glick|Intimidate|boost
|-unboost|p1b: Calyrex|atk|1
|move|p1b: Calyrex|Glacial Lance|p2b: Chicken Jockey|[spread] p2a,p2b
|-resisted|p2a: @Not Wolfe Glick
|-damage|p2a: @Not Wolfe Glick|20/100
|-damage|p2b: Chicken Jockey|32/100
|move|p2b: Chicken Jockey|Astral Barrage|p1b: Calyrex
|-damage|p1b: Calyrex|0 fnt
|faint|p1b: Calyrex
|-damage|p2b: Chicken Jockey|22/100|[from] item: Life Orb
|
|win|It'sJustKen VGC
|raw|dinglustan's rating: 1611 &rarr; <strong>1592</strong><br />(-19 for losing)
|raw|It&apos;sJustKen VGC's rating: 1622 &rarr; <strong>1641</strong><br />(+19 for winning)
