|j|☆TheHillMann
|j|☆Feeling Fantastic
|t:|1750768817
|gametype|doubles
|player|p1|TheHillMann|170|1606
|player|p2|Feeling Fantastic|ghetsis|1505
|teamsize|p1|6
|teamsize|p2|6
|gen|9
|tier|[Gen 9] VGC 2025 Reg I
|rated|
|rule|Species Clause: Limit one of each Pokémon
|rule|Item Clause: Limit 1 of each item
|clearpoke
|poke|p1|Groudon, L50|
|poke|p1|Calyrex-Ice, L50|
|poke|p1|Jumpluff, L50, F|
|poke|p1|Raging Bolt, L50|
|poke|p1|Chi-Yu, L50|
|poke|p1|Raichu, L50, M|
|poke|p2|Calyrex-Shadow, L50|
|poke|p2|Koraidon, L50|
|poke|p2|Incineroar, L50, F|
|poke|p2|Iron Treads, L50|
|poke|p2|Amoonguss, L50, M|
|poke|p2|Walking Wake, L50|
|teampreview|4
|inactive|Battle timer is ON: inactive players will automatically lose when time's up. (requested by TheHillMann)
|
|t:|1750768841
|start
|switch|p1a: Groudon|Groudon, L50|100/100
|switch|p1b: Jumpluff|Jumpluff, L50, F|100/100
|switch|p2a: Koraidon|Koraidon, L50|100/100
|switch|p2b: Incineroar|Incineroar, L50, F|100/100
|-weather|SunnyDay|[from] ability: Orichalcum Pulse|[of] p2a: Koraidon
|-activate|p2a: Koraidon|Orichalcum Pulse|[source]
|-ability|p2b: Incineroar|Intimidate|boost
|-unboost|p1a: Groudon|atk|1
|-unboost|p1b: Jumpluff|atk|1
|turn|1
|
|t:|1750768859
|switch|p2a: Amoonguss|Amoonguss, L50, M|100/100
|-terastallize|p2b: Incineroar|Bug
|move|p1b: Jumpluff|Tailwind|p1b: Jumpluff
|-sidestart|p1: TheHillMann|move: Tailwind
|move|p1a: Groudon|Precipice Blades|p2b: Incineroar|[spread] p2a,p2b
|-resisted|p2b: Incineroar
|-damage|p2a: Amoonguss|68/100
|-damage|p2b: Incineroar|83/100
|move|p2b: Incineroar|Will-O-Wisp|p1a: Groudon
|-status|p1a: Groudon|brn
|
|-weather|SunnyDay|[upkeep]
|-damage|p1a: Groudon|95/100 brn|[from] brn
|upkeep
|turn|2
|
|t:|1750768881
|move|p1b: Jumpluff|Pollen Puff|p2a: Amoonguss
|-damage|p2a: Amoonguss|57/100
|move|p1a: Groudon|Precipice Blades|p2a: Amoonguss|[spread] p2a,p2b
|-resisted|p2b: Incineroar
|-damage|p2a: Amoonguss|43/100
|-damage|p2b: Incineroar|73/100
|move|p2b: Incineroar|Knock Off|p1a: Groudon
|-damage|p1a: Groudon|67/100 brn
|-enditem|p1a: Groudon|Assault Vest|[from] move: Knock Off|[of] p2b: Incineroar
|move|p2a: Amoonguss|Spore|p1b: Jumpluff
|-immune|p1b: Jumpluff
|
|-weather|SunnyDay|[upkeep]
|-damage|p1a: Groudon|62/100 brn|[from] brn
|upkeep
|turn|3
|inactive|Feeling Fantastic has 30 seconds left.
|
|t:|1750768911
|switch|p2a: Walking Wake|Walking Wake, L50|100/100
|-activate|p2a: Walking Wake|ability: Protosynthesis
|-start|p2a: Walking Wake|protosynthesisspe
|move|p1b: Jumpluff|Pollen Puff|p1a: Groudon
|-heal|p1a: Groudon|100/100 brn
|move|p1a: Groudon|Heat Crash|p2a: Walking Wake
|-resisted|p2a: Walking Wake
|-damage|p2a: Walking Wake|96/100
|move|p2b: Incineroar|Parting Shot|p1a: Groudon
|-unboost|p1a: Groudon|atk|1
|-unboost|p1a: Groudon|spa|1
|
|t:|1750768922
|switch|p2b: Koraidon|Koraidon, L50|100/100|[from] Parting Shot
|-activate|p2b: Koraidon|ability: Orichalcum Pulse
|
|-weather|SunnyDay|[upkeep]
|-damage|p1a: Groudon|95/100 brn|[from] brn
|upkeep
|turn|4
|
|t:|1750768944
|switch|p1a: Raging Bolt|Raging Bolt, L50|100/100
|-activate|p1a: Raging Bolt|ability: Protosynthesis
|-start|p1a: Raging Bolt|protosynthesisspa
|move|p1b: Jumpluff|Sleep Powder|p2b: Koraidon
|-status|p2b: Koraidon|slp|[from] move: Sleep Powder
|move|p2a: Walking Wake|Weather Ball|p1b: Jumpluff
|-supereffective|p1b: Jumpluff
|-damage|p1b: Jumpluff|0 fnt
|faint|p1b: Jumpluff
|cant|p2b: Koraidon|slp
|
|-weather|SunnyDay|[upkeep]
|-sideend|p1: TheHillMann|move: Tailwind
|upkeep
|
|t:|1750768954
|switch|p1b: Chi-Yu|Chi-Yu, L50|100/100
|-ability|p1b: Chi-Yu|Beads of Ruin
|turn|5
|inactive|TheHillMann has 30 seconds left.
|inactive|Feeling Fantastic has 30 seconds left.
|
|t:|1750768985
|move|p2a: Walking Wake|Draco Meteor|p1a: Raging Bolt
|-supereffective|p1a: Raging Bolt
|-damage|p1a: Raging Bolt|0 fnt
|-unboost|p2a: Walking Wake|spa|2
|faint|p1a: Raging Bolt
|-end|p1a: Raging Bolt|Protosynthesis|[silent]
|move|p1b: Chi-Yu|Snarl|p2a: Walking Wake|[spread] p2a,p2b
|-resisted|p2b: Koraidon
|-damage|p2a: Walking Wake|70/100
|-damage|p2b: Koraidon|85/100 slp
|-unboost|p2a: Walking Wake|spa|1
|cant|p2b: Koraidon|slp
|
|-weather|none
|-end|p2a: Walking Wake|Protosynthesis
|upkeep
|
|t:|1750768988
|switch|p1a: Groudon|Groudon, L50|95/100 brn
|-weather|SunnyDay|[from] ability: Drought|[of] p1a: Groudon
|-activate|p2a: Walking Wake|ability: Protosynthesis
|-start|p2a: Walking Wake|protosynthesisspe
|turn|6
|-message|TheHillMann forfeited.
|
|win|Feeling Fantastic
|raw|TheHillMann's rating: 1606 &rarr; <strong>1580</strong><br />(-26 for losing)
|raw|Feeling Fantastic's rating: 1505 &rarr; <strong>1531</strong><br />(+26 for winning)
|l|☆TheHillMann
|player|p1|
|l|☆Feeling Fantastic
|player|p2|
