|j|☆jaffro1738
|j|☆93w
|t:|1750776474
|gametype|doubles
|player|p1|jaffro1738|266|1403
|player|p2|93w|lacey|1528
|teamsize|p1|6
|teamsize|p2|6
|gen|9
|tier|[Gen 9] VGC 2025 Reg I
|rated|
|rule|Species Clause: Limit one of each Pokémon
|rule|Item Clause: Limit 1 of each item
|clearpoke
|poke|p1|Calyrex-Ice, L50|
|poke|p1|Regidrago, L50|
|poke|p1|Dusclops, L50, F|
|poke|p1|Oranguru, L50, M|
|poke|p1|Terapagos, L50, M|
|poke|p1|Chi-Yu, L50|
|poke|p2|Miraidon, L50|
|poke|p2|Calyrex-Ice, L50|
|poke|p2|Farigiraf, L50, M|
|poke|p2|Volcarona, L50, F|
|poke|p2|Urshifu-*, L50, F|
|poke|p2|Landorus, L50, M|
|teampreview|4
jaffro1738 rejected open team sheets.
|inactive|Battle timer is ON: inactive players will automatically lose when time's up. (requested by jaffro1738)
|
|t:|1750776493
|start
|switch|p1a: Oranguru|Oranguru, L50, M|100/100
|switch|p1b: Chi-Yu|Chi-Yu, L50|100/100
|switch|p2a: Calyrex|Calyrex-Ice, L50|100/100
|switch|p2b: Miraidon|Miraidon, L50|100/100
|-ability|p2a: Calyrex|As One
|-ability|p2a: Calyrex|Unnerve
|-ability|p1b: Chi-Yu|Beads of Ruin
|-fieldstart|move: Electric Terrain|[from] ability: Hadron Engine|[of] p2b: Miraidon
|turn|1
|inactive|jaffro1738 has 30 seconds left.
|inactive|jaffro1738 has 20 seconds left.
|
|t:|1750776529
|-terastallize|p2a: Calyrex|Water
|move|p1b: Chi-Yu|Snarl|p2b: Miraidon|[spread] p2a,p2b
|-damage|p2a: Calyrex|80/100
|-damage|p2b: Miraidon|79/100
|-unboost|p2b: Miraidon|spa|1
|move|p2b: Miraidon|Volt Switch|p1a: Oranguru
|-damage|p1a: Oranguru|37/100
|
|t:|1750776542
|switch|p2b: Urshifu|Urshifu-Rapid-Strike, L50, F|100/100|[from] Volt Switch
|move|p2a: Calyrex|High Horsepower|p1b: Chi-Yu|[miss]
|-miss|p2a: Calyrex|p1b: Chi-Yu
|move|p1a: Oranguru|Trick Room|p1a: Oranguru
|-fieldstart|move: Trick Room|[of] p1a: Oranguru
|
|upkeep
|turn|2
|
|t:|1750776562
|move|p2b: Urshifu|Protect|p2b: Urshifu
|-singleturn|p2b: Urshifu|Protect
|move|p2a: Calyrex|High Horsepower|p1b: Chi-Yu
|-supereffective|p1b: Chi-Yu
|-damage|p1b: Chi-Yu|0 fnt
|faint|p1b: Chi-Yu
|-ability|p2a: Calyrex|Chilling Neigh|boost
|-boost|p2a: Calyrex|atk|1
|move|p1a: Oranguru|Instruct|p1: Chi-Yu|[notarget]
|-fail|p1a: Oranguru
|
|upkeep
|
|t:|1750776583
|switch|p1b: Regidrago|Regidrago, L50|100/100
|turn|3
|inactive|93w has 30 seconds left.
|
|t:|1750776615
|switch|p2b: Farigiraf|Farigiraf, L50, M|100/100
|-enditem|p2b: Farigiraf|Electric Seed
|-boost|p2b: Farigiraf|def|1|[from] item: Electric Seed
|-terastallize|p1b: Regidrago|Dragon
|move|p1b: Regidrago|Dragon Energy|p2b: Farigiraf|[spread] p2a,p2b
|-damage|p2a: Calyrex|6/100
|-damage|p2b: Farigiraf|18/100
|move|p2a: Calyrex|Glacial Lance|p1b: Regidrago|[spread] p1a,p1b
|-supereffective|p1b: Regidrago
|-damage|p1a: Oranguru|0 fnt
|-damage|p1b: Regidrago|0 fnt
|faint|p1a: Oranguru
|faint|p1b: Regidrago
|-ability|p2a: Calyrex|Chilling Neigh|boost
|-boost|p2a: Calyrex|atk|2
|
|upkeep
|
|t:|1750776623
|switch|p1b: Calyrex|Calyrex-Ice, L50|100/100
|-ability|p1b: Calyrex|As One
|-ability|p1b: Calyrex|Unnerve
|turn|4
|
|t:|1750776647
|move|p2a: Calyrex|Protect|p2a: Calyrex
|-singleturn|p2a: Calyrex|Protect
|move|p1b: Calyrex|Glacial Lance|p2b: Farigiraf|[spread] p2b
|-activate|p2a: Calyrex|move: Protect
|-damage|p2b: Farigiraf|0 fnt
|faint|p2b: Farigiraf
|-ability|p1b: Calyrex|Chilling Neigh|boost
|-boost|p1b: Calyrex|atk|1
|
|upkeep
|
|t:|1750776652
|switch|p2b: Urshifu|Urshifu-Rapid-Strike, L50, F|100/100
|turn|5
|
|t:|1750776657
|move|p2a: Calyrex|Glacial Lance|p1b: Calyrex
|-resisted|p1b: Calyrex
|-damage|p1b: Calyrex|50/100
|move|p1b: Calyrex|Glacial Lance|p2a: Calyrex|[spread] p2a,p2b
|-resisted|p2a: Calyrex
|-resisted|p2b: Urshifu
|-damage|p2a: Calyrex|0 fnt
|-damage|p2b: Urshifu|64/100
|faint|p2a: Calyrex
|-ability|p1b: Calyrex|Chilling Neigh|boost
|-boost|p1b: Calyrex|atk|1
|move|p2b: Urshifu|Surging Strikes|p1b: Calyrex
|-crit|p1b: Calyrex
|-damage|p1b: Calyrex|37/100
|-crit|p1b: Calyrex
|-damage|p1b: Calyrex|23/100
|-crit|p1b: Calyrex
|-damage|p1b: Calyrex|11/100
|-hitcount|p1b: Calyrex|3
|
|-fieldend|move: Trick Room
|-fieldend|move: Electric Terrain
|upkeep
|
|t:|1750776659
|switch|p2a: Miraidon|Miraidon, L50|79/100
|-fieldstart|move: Electric Terrain|[from] ability: Hadron Engine|[of] p2a: Miraidon
|turn|6
|
|t:|1750776663
|move|p2a: Miraidon|Electro Drift|p1b: Calyrex
|-damage|p1b: Calyrex|0 fnt
|faint|p1b: Calyrex
|
|win|93w
|raw|jaffro1738's rating: 1403 &rarr; <strong>1390</strong><br />(-13 for losing)
|raw|93w's rating: 1528 &rarr; <strong>1541</strong><br />(+13 for winning)
|l|☆93w
|player|p2|
|l|☆jaffro1738
|player|p1|
