|j|☆limaozin140794
|j|☆sshhooii
|t:|1750853642
|gametype|doubles
|player|p1|limaozin140794|101|1507
|player|p2|sshhooii|169|1492
|teamsize|p1|6
|teamsize|p2|6
|gen|9
|tier|[Gen 9] VGC 2025 Reg I
|rated|
|rule|Species Clause: Limit one of each Pokémon
|rule|Item Clause: Limit 1 of each item
|clearpoke
|poke|p1|Whimsicott, L50, F|
|poke|p1|Calyrex-Shadow, L50|
|poke|p1|Zamazenta-*, L50|
|poke|p1|Flutter Mane, L50|
|poke|p1|Chi-Yu, L50|
|poke|p1|Urshifu-*, L50, F|
|poke|p2|Miraidon, L50|
|poke|p2|Rayquaza, L50|
|poke|p2|Iron Bundle, L50|
|poke|p2|Glimmora, L50, M|
|poke|p2|Incineroar, L50, M|
|poke|p2|Urshifu-*, L50, M|
|teampreview|4
|inactive|Battle timer is ON: inactive players will automatically lose when time's up. (requested by limaozin140794)
|
|t:|1750853675
|start
|switch|p1a: Whimsicott|Whimsicott, L50, F|100/100
|switch|p1b: Chi-Yu|Chi-Yu, L50|100/100
|switch|p2a: Miraidon|Miraidon, L50|100/100
|switch|p2b: Iron Bundle|Iron Bundle, L50, shiny|100/100
|-fieldstart|move: Electric Terrain|[from] ability: Hadron Engine|[of] p2a: Miraidon
|-activate|p2b: Iron Bundle|ability: Quark Drive
|-start|p2b: Iron Bundle|quarkdrivespe
|-ability|p1b: Chi-Yu|Beads of Ruin
|turn|1
|inactive|limaozin140794 has 30 seconds left.
|inactive|sshhooii has 30 seconds left.
|inactive|limaozin140794 has 20 seconds left.
|inactive|limaozin140794 has 15 seconds left.
|inactive|limaozin140794 has 10 seconds left.
|
|t:|1750853724
|-terastallize|p1b: Chi-Yu|Ground
|move|p1a: Whimsicott|Tailwind|p1a: Whimsicott
|-sidestart|p1: limaozin140794|move: Tailwind
|move|p1b: Chi-Yu|Tera Blast|p2a: Miraidon|[anim] Tera Blast Ground
|-supereffective|p2a: Miraidon
|-damage|p2a: Miraidon|0 fnt
|faint|p2a: Miraidon
|-damage|p1b: Chi-Yu|91/100|[from] item: Life Orb
|move|p2b: Iron Bundle|Icy Wind|p1b: Chi-Yu|[spread] p1a,p1b
|-supereffective|p1a: Whimsicott
|-supereffective|p1b: Chi-Yu
|-damage|p1a: Whimsicott|11/100
|-damage|p1b: Chi-Yu|43/100
|-unboost|p1a: Whimsicott|spe|1
|-unboost|p1b: Chi-Yu|spe|1
|
|upkeep
|inactive|sshhooii has 30 seconds left.
|inactive|sshhooii has 20 seconds left.
|
|t:|1750853763
|switch|p2a: Rayquaza|Rayquaza, L50, shiny|100/100
|-ability|p2a: Rayquaza|Air Lock
|turn|2
|
|t:|1750853772
|move|p2a: Rayquaza|Extreme Speed|p1b: Chi-Yu
|-damage|p1b: Chi-Yu|0 fnt
|faint|p1b: Chi-Yu
|move|p2b: Iron Bundle|Icy Wind|p1a: Whimsicott
|-supereffective|p1a: Whimsicott
|-damage|p1a: Whimsicott|0 fnt
|faint|p1a: Whimsicott
|
|upkeep
|
|t:|1750853782
|switch|p1a: Zamazenta|Zamazenta-Crowned, L50|100/100
|switch|p1b: Calyrex|Calyrex-Shadow, L50|100/100
|-ability|p1b: Calyrex|As One
|-ability|p1b: Calyrex|Unnerve
|-ability|p1a: Zamazenta|Dauntless Shield|boost
|-boost|p1a: Zamazenta|def|1
|turn|3
|
|t:|1750853806
|-terastallize|p2b: Iron Bundle|Ghost
|move|p1a: Zamazenta|Wide Guard|p1a: Zamazenta
|-singleturn|p1a: Zamazenta|Wide Guard
|move|p1b: Calyrex|Astral Barrage|p2a: Rayquaza|[spread] p2a,p2b
|-supereffective|p2b: Iron Bundle
|-damage|p2a: Rayquaza|55/100
|-enditem|p2b: Iron Bundle|Focus Sash
|-damage|p2b: Iron Bundle|1/100
|move|p2b: Iron Bundle|Freeze-Dry|p1b: Calyrex
|-crit|p1b: Calyrex
|-damage|p1b: Calyrex|41/100
|move|p2a: Rayquaza|Dragon Ascent|p1b: Calyrex
|-damage|p1b: Calyrex|0 fnt
|-unboost|p2a: Rayquaza|def|1
|-unboost|p2a: Rayquaza|spd|1
|faint|p1b: Calyrex
|
|upkeep
|turn|4
|
|t:|1750853830
|move|p1a: Zamazenta|Heavy Slam|p2a: Rayquaza
|-crit|p2a: Rayquaza
|-damage|p2a: Rayquaza|0 fnt
|faint|p2a: Rayquaza
|move|p2b: Iron Bundle|Encore|p1a: Zamazenta
|-start|p1a: Zamazenta|Encore
|
|-sideend|p1: limaozin140794|move: Tailwind
|upkeep
|
|t:|1750853836
|switch|p2a: Incineroar|Incineroar, L50, M|100/100
|-ability|p2a: Incineroar|Intimidate|boost
|-unboost|p1a: Zamazenta|atk|1
|turn|5
|
|t:|1750853845
|move|p2b: Iron Bundle|Freeze-Dry|p1a: Zamazenta
|-resisted|p1a: Zamazenta
|-damage|p1a: Zamazenta|88/100
|move|p1a: Zamazenta|Heavy Slam|p2b: Iron Bundle
|-damage|p2b: Iron Bundle|0 fnt
|faint|p2b: Iron Bundle
|-end|p2b: Iron Bundle|Quark Drive|[silent]
|move|p2a: Incineroar|Flare Blitz|p1a: Zamazenta
|-supereffective|p1a: Zamazenta
|-damage|p1a: Zamazenta|41/100
|-damage|p2a: Incineroar|87/100|[from] Recoil
|
|-fieldend|move: Electric Terrain
|upkeep
|turn|6
|
|t:|1750853857
|move|p1a: Zamazenta|Heavy Slam|p2a: Incineroar
|-resisted|p2a: Incineroar
|-damage|p2a: Incineroar|73/100
|move|p2a: Incineroar|Flare Blitz|p1a: Zamazenta
|-supereffective|p1a: Zamazenta
|-damage|p1a: Zamazenta|0 fnt
|faint|p1a: Zamazenta
|-damage|p2a: Incineroar|61/100|[from] Recoil
|
|win|sshhooii
|raw|limaozin140794's rating: 1507 &rarr; <strong>1486</strong><br />(-21 for losing)
|raw|sshhooii's rating: 1492 &rarr; <strong>1513</strong><br />(+21 for winning)
|l|☆limaozin140794
|player|p1|
|l|☆sshhooii
|player|p2|
