|j|‽Dark Maste777
|j|☆SQUAK6
|t:|1750870058
|gametype|doubles
|player|p1|Dark Maste777|roughneck|1347
|player|p2|SQUAK6|266|1391
|teamsize|p1|6
|teamsize|p2|6
|gen|9
|tier|[Gen 9] VGC 2025 Reg I
|rated|
|rule|Species Clause: Limit one of each Pokémon
|rule|Item Clause: Limit 1 of each item
|clearpoke
|poke|p1|Kingdra, L50, F|
|poke|p1|Kyogre, L50|
|poke|p1|Iron Valiant, L50|
|poke|p1|Exeggutor-Alola, L50, F|
|poke|p1|Necrozma-Dusk-Mane, L50|
|poke|p1|Indeedee-F, L50, F|
|poke|p2|Calyrex-Shadow, L50|
|poke|p2|Urshifu-*, L50, F|
|poke|p2|Rillaboom, L50, M|
|poke|p2|Tornadus, L50, M|
|poke|p2|Chien-Pao, L50|
|poke|p2|Zamazenta-*, L50|
|teampreview|4
|inactive|Battle timer is ON: inactive players will automatically lose when time's up. (requested by Dark Maste777)
|
|t:|1750870082
|start
|switch|p1a: Kyogre|Kyogre, L50|100/100
|switch|p1b: Iron Valiant|Iron Valiant, L50|100/100
|switch|p2a: Chien-Pao|Chien-Pao, L50|100/100
|switch|p2b: Rillaboom|Rillaboom, L50, M|100/100
|-ability|p2a: Chien-Pao|Sword of Ruin
|-fieldstart|move: Grassy Terrain|[from] ability: Grassy Surge|[of] p2b: Rillaboom
|-weather|RainDance|[from] ability: Drizzle|[of] p1a: Kyogre
|turn|1
|inactive|SQUAK6 has 30 seconds left.
|
|t:|1750870109
|move|p1a: Kyogre|Protect|p1a: Kyogre
|-singleturn|p1a: Kyogre|Protect
|move|p2b: Rillaboom|Fake Out|p1b: Iron Valiant
|-damage|p1b: Iron Valiant|87/100
|move|p2a: Chien-Pao|Crunch|p1a: Kyogre
|-activate|p1a: Kyogre|move: Protect
|move|p1b: Iron Valiant|Trick Room|p1b: Iron Valiant
|-fieldstart|move: Trick Room|[of] p1b: Iron Valiant
|
|-weather|RainDance|[upkeep]
|-heal|p1b: Iron Valiant|93/100|[from] Grassy Terrain
|upkeep
|turn|2
|
|t:|1750870129
|-terastallize|p1a: Kyogre|Dragon
|move|p2a: Chien-Pao|Protect|p2a: Chien-Pao
|-singleturn|p2a: Chien-Pao|Protect
|move|p2b: Rillaboom|Grassy Glide|p1a: Kyogre
|-resisted|p1a: Kyogre
|-damage|p1a: Kyogre|78/100
|move|p1a: Kyogre|Blizzard|p2a: Chien-Pao|[spread] 
|-activate|p2a: Chien-Pao|move: Protect
|-miss|p1a: Kyogre|p2b: Rillaboom
|move|p1b: Iron Valiant|Moonblast|p2a: Chien-Pao
|-activate|p2a: Chien-Pao|move: Protect
|
|-weather|RainDance|[upkeep]
|-heal|p1a: Kyogre|84/100|[from] Grassy Terrain
|-heal|p1b: Iron Valiant|99/100|[from] Grassy Terrain
|upkeep
|turn|3
|inactive|SQUAK6 has 30 seconds left.
|inactive|SQUAK6 has 20 seconds left.
|inactive|SQUAK6 has 15 seconds left.
|
|t:|1750870172
|switch|p2a: Zamazenta|Zamazenta-Crowned, L50|100/100
|-ability|p2a: Zamazenta|Dauntless Shield|boost
|-boost|p2a: Zamazenta|def|1
|move|p1a: Kyogre|Blizzard|p2b: Rillaboom|[spread] p2a,p2b
|-resisted|p2a: Zamazenta
|-supereffective|p2b: Rillaboom
|-damage|p2a: Zamazenta|88/100
|-damage|p2b: Rillaboom|39/100
|move|p1b: Iron Valiant|Moonblast|p2a: Zamazenta
|-damage|p2a: Zamazenta|63/100
|-unboost|p2a: Zamazenta|spa|1
|move|p2b: Rillaboom|Wood Hammer|p1b: Iron Valiant
|-damage|p1b: Iron Valiant|39/100
|-damage|p2b: Rillaboom|18/100|[from] Recoil
|
|-weather|RainDance|[upkeep]
|-heal|p1a: Kyogre|89/100|[from] Grassy Terrain
|-heal|p1b: Iron Valiant|45/100|[from] Grassy Terrain
|-heal|p2b: Rillaboom|24/100|[from] Grassy Terrain
|-heal|p2a: Zamazenta|69/100|[from] Grassy Terrain
|upkeep
|turn|4
|inactive|SQUAK6 has 30 seconds left.
|
|t:|1750870202
|move|p2a: Zamazenta|Protect|p2a: Zamazenta
|-singleturn|p2a: Zamazenta|Protect
|move|p1a: Kyogre|Water Spout|p2b: Rillaboom|[spread] p2b
|-activate|p2a: Zamazenta|move: Protect
|-resisted|p2b: Rillaboom
|-damage|p2b: Rillaboom|0 fnt
|faint|p2b: Rillaboom
|move|p1b: Iron Valiant|Imprison|p1b: Iron Valiant
|-start|p1b: Iron Valiant|move: Imprison
|
|-weather|RainDance|[upkeep]
|-heal|p1a: Kyogre|95/100|[from] Grassy Terrain
|-heal|p1b: Iron Valiant|51/100|[from] Grassy Terrain
|-heal|p2a: Zamazenta|75/100|[from] Grassy Terrain
|upkeep
|
|t:|1750870219
|switch|p2b: Chien-Pao|Chien-Pao, L50|100/100
|-ability|p2b: Chien-Pao|Sword of Ruin
|turn|5
|
|t:|1750870234
|move|p1a: Kyogre|Water Spout|p2a: Zamazenta|[spread] p2a,p2b
|-damage|p2a: Zamazenta|2/100
|-enditem|p2b: Chien-Pao|Focus Sash
|-damage|p2b: Chien-Pao|1/100
|move|p1b: Iron Valiant|Moonblast|p2b: Chien-Pao
|-supereffective|p2b: Chien-Pao
|-damage|p2b: Chien-Pao|0 fnt
|faint|p2b: Chien-Pao
|move|p2a: Zamazenta|Behemoth Bash|p1b: Iron Valiant
|-supereffective|p1b: Iron Valiant
|-damage|p1b: Iron Valiant|0 fnt
|faint|p1b: Iron Valiant
|-end|p1b: Iron Valiant|Quark Drive|[silent]
|
|-weather|none
|-heal|p1a: Kyogre|100/100|[from] Grassy Terrain
|-heal|p2a: Zamazenta|8/100|[from] Grassy Terrain
|-fieldend|move: Trick Room
|-fieldend|move: Grassy Terrain
|upkeep
|
|t:|1750870247
|switch|p2b: Calyrex|Calyrex-Shadow, L50|100/100
|switch|p1b: Kingdra|Kingdra, L50, F|100/100
|-ability|p2b: Calyrex|As One
|-ability|p2b: Calyrex|Unnerve
|turn|6
|
|t:|1750870262
|switch|p1b: Exeggutor|Exeggutor-Alola, L50, F|100/100
|-item|p2a: Zamazenta|Rusted Shield|[from] ability: Frisk|[of] p1b: Exeggutor
|-item|p2b: Calyrex|Life Orb|[from] ability: Frisk|[of] p1b: Exeggutor
|-terastallize|p2b: Calyrex|Dark
|move|p2a: Zamazenta|Wide Guard|p2a: Zamazenta
|-singleturn|p2a: Zamazenta|Wide Guard
|move|p2b: Calyrex|Astral Barrage|p1a: Kyogre|[spread] p1a,p1b
|-damage|p1a: Kyogre|51/100
|-damage|p1b: Exeggutor|14/100
|-damage|p2b: Calyrex|91/100|[from] item: Life Orb
|move|p1a: Kyogre|Water Spout|p2a: Zamazenta|[spread] 
|-activate|p2a: Zamazenta|move: Wide Guard
|-activate|p2b: Calyrex|move: Wide Guard
|
|upkeep
|turn|7
|-message|Dark Maste777 forfeited.
|
|win|SQUAK6
|raw|Dark Maste777's rating: 1347 &rarr; <strong>1330</strong><br />(-17 for losing)
|raw|SQUAK6's rating: 1391 &rarr; <strong>1408</strong><br />(+17 for winning)
|l|‽Dark Maste777
|player|p1|
|l|☆SQUAK6
|player|p2|
