|j|☆FOOTKNEES
|j|☆Aze77
|t:|1750868694
|gametype|doubles
|player|p1|FOOTKNEES|169|1090
|player|p2|Aze77|101|1136
|teamsize|p1|6
|teamsize|p2|6
|gen|9
|tier|[Gen 9] VGC 2025 Reg I
|rated|
|rule|Species Clause: Limit one of each Pokémon
|rule|Item Clause: Limit 1 of each item
|clearpoke
|poke|p1|Kyogre, L50|
|poke|p1|Tornadus, L50, M|
|poke|p1|Archaludon, L50, F|
|poke|p1|Brute Bonnet, L50|
|poke|p1|Zamazenta-*, L50|
|poke|p1|Walking Wake, L50|
|poke|p2|Koraidon, L50|
|poke|p2|Calyrex-Shadow, L50|
|poke|p2|Incineroar, L50, F|
|poke|p2|Tornadus, L50, M|
|poke|p2|Amoonguss, L50, F|
|poke|p2|Raging Bolt, L50|
|teampreview|4
|inactive|Battle timer is ON: inactive players will automatically lose when time's up. (requested by Aze77)
|inactive|FOOTKNEES has 60 seconds left.
|inactive|Aze77 has 60 seconds left.
|
|t:|1750868741
|start
|switch|p1a: Walking Wake|Walking Wake, L50|100/100
|switch|p1b: Kyogre|Kyogre, L50|100/100
|switch|p2a: Tornadus|Tornadus, L50, M|100/100
|switch|p2b: Incineroar|Incineroar, L50, F, shiny|100/100
|-weather|RainDance|[from] ability: Drizzle|[of] p1b: Kyogre
|-ability|p2b: Incineroar|Intimidate|boost
|-unboost|p1a: Walking Wake|atk|1
|-unboost|p1b: Kyogre|atk|1
|-enditem|p1a: Walking Wake|Booster Energy
|-activate|p1a: Walking Wake|ability: Protosynthesis|[fromitem]
|-start|p1a: Walking Wake|protosynthesisspa
|turn|1
|
|t:|1750868763
|move|p2b: Incineroar|Fake Out|p1b: Kyogre
|-damage|p1b: Kyogre|90/100
|move|p2a: Tornadus|Tailwind|p2a: Tornadus
|-sidestart|p2: Aze77|move: Tailwind
|move|p1a: Walking Wake|Hydro Steam|p2b: Incineroar
|-supereffective|p2b: Incineroar
|-damage|p2b: Incineroar|0 fnt
|faint|p2b: Incineroar
|cant|p1b: Kyogre|flinch
|
|-weather|RainDance|[upkeep]
|upkeep
|
|t:|1750868776
|switch|p2b: Koraidon|Koraidon, L50|100/100
|-weather|SunnyDay|[from] ability: Orichalcum Pulse|[of] p2b: Koraidon
|-activate|p2b: Koraidon|Orichalcum Pulse|[source]
|turn|2
|inactive|Aze77 has 30 seconds left.
|inactive|Aze77 has 20 seconds left.
|inactive|FOOTKNEES has 30 seconds left.
|inactive|FOOTKNEES has 20 seconds left.
|
|t:|1750868827
|switch|p1b: Zamazenta|Zamazenta-Crowned, L50|100/100
|-ability|p1b: Zamazenta|Dauntless Shield|boost
|-boost|p1b: Zamazenta|def|1
|move|p2b: Koraidon|Close Combat|p1b: Zamazenta
|-supereffective|p1b: Zamazenta
|-damage|p1b: Zamazenta|14/100
|-unboost|p2b: Koraidon|def|1
|-unboost|p2b: Koraidon|spd|1
|-damage|p2b: Koraidon|91/100|[from] item: Life Orb
|move|p2a: Tornadus|Bleakwind Storm|p1b: Zamazenta|[spread] p1b
|-miss|p2a: Tornadus|p1a: Walking Wake
|-damage|p1b: Zamazenta|0 fnt
|faint|p1b: Zamazenta
|move|p1a: Walking Wake|Hydro Steam|p2a: Tornadus
|-damage|p2a: Tornadus|21/100
|
|-weather|SunnyDay|[upkeep]
|upkeep
|
|t:|1750868844
|switch|p1b: Kyogre|Kyogre, L50|90/100
|-weather|RainDance|[from] ability: Drizzle|[of] p1b: Kyogre
|turn|3
|inactive|Aze77 has 30 seconds left.
|
|t:|1750868874
|switch|p1b: Brute Bonnet|Brute Bonnet, L50|100/100
|move|p2b: Koraidon|Protect|p2b: Koraidon
|-singleturn|p2b: Koraidon|Protect
|move|p2a: Tornadus|Bleakwind Storm|p1b: Brute Bonnet|[spread] p1a,p1b
|-supereffective|p1b: Brute Bonnet
|-damage|p1a: Walking Wake|66/100
|-damage|p1b: Brute Bonnet|61/100
|-unboost|p1a: Walking Wake|spe|1
|move|p1a: Walking Wake|Hurricane|p2b: Koraidon
|-activate|p2b: Koraidon|move: Protect
|
|-weather|RainDance|[upkeep]
|-heal|p1b: Brute Bonnet|67/100|[from] item: Leftovers
|upkeep
|turn|4
|inactive|Aze77 has 30 seconds left.
|
|t:|1750868903
|move|p2a: Tornadus|Taunt|p1b: Brute Bonnet
|-hint|Since gen 7, Dark is immune to Prankster moves.
|-immune|p1b: Brute Bonnet
|move|p1b: Brute Bonnet|Sucker Punch||[still]
|-fail|p1b: Brute Bonnet
|move|p2b: Koraidon|Close Combat|p1a: Walking Wake
|-damage|p1a: Walking Wake|0 fnt
|-unboost|p2b: Koraidon|def|1
|-unboost|p2b: Koraidon|spd|1
|faint|p1a: Walking Wake
|-end|p1a: Walking Wake|Protosynthesis|[silent]
|-damage|p2b: Koraidon|81/100|[from] item: Life Orb
|
|-weather|RainDance|[upkeep]
|-heal|p1b: Brute Bonnet|73/100|[from] item: Leftovers
|-sideend|p2: Aze77|move: Tailwind
|upkeep
|
|t:|1750868916
|switch|p1a: Kyogre|Kyogre, L50|90/100
|turn|5
|
|t:|1750868925
|move|p2b: Koraidon|Protect|p2b: Koraidon
|-singleturn|p2b: Koraidon|Protect
|move|p2a: Tornadus|Bleakwind Storm|p1a: Kyogre|[spread] p1a,p1b
|-supereffective|p1b: Brute Bonnet
|-damage|p1a: Kyogre|78/100
|-damage|p1b: Brute Bonnet|36/100
|move|p1a: Kyogre|Water Spout|p2b: Koraidon|[spread] p2a
|-activate|p2b: Koraidon|move: Protect
|-damage|p2a: Tornadus|0 fnt
|faint|p2a: Tornadus
|move|p1b: Brute Bonnet|Spore|p2b: Koraidon
|-activate|p2b: Koraidon|move: Protect
|
|-weather|RainDance|[upkeep]
|-heal|p1b: Brute Bonnet|42/100|[from] item: Leftovers
|upkeep
|
|t:|1750868941
|switch|p2a: Raging Bolt|Raging Bolt, L50|100/100
|turn|6
|
|t:|1750868960
|move|p2b: Koraidon|Flare Blitz|p1b: Brute Bonnet
|-supereffective|p1b: Brute Bonnet
|-damage|p1b: Brute Bonnet|0 fnt
|faint|p1b: Brute Bonnet
|-end|p1b: Brute Bonnet|Protosynthesis|[silent]
|-damage|p2b: Koraidon|67/100|[from] Recoil
|-damage|p2b: Koraidon|57/100|[from] item: Life Orb
|move|p1a: Kyogre|Ice Beam|p2b: Koraidon
|-supereffective|p2b: Koraidon
|-damage|p2b: Koraidon|0 fnt
|faint|p2b: Koraidon
|move|p2a: Raging Bolt|Thunderbolt|p1a: Kyogre
|-supereffective|p1a: Kyogre
|-damage|p1a: Kyogre|40/100
|
|-weather|RainDance|[upkeep]
|upkeep
|turn|7
|
|t:|1750868983
|-terastallize|p1a: Kyogre|Water
|-terastallize|p2a: Raging Bolt|Steel
|move|p1a: Kyogre|Ice Beam|p2a: Raging Bolt
|-resisted|p2a: Raging Bolt
|-damage|p2a: Raging Bolt|92/100
|move|p2a: Raging Bolt|Draco Meteor|p1a: Kyogre
|-damage|p1a: Kyogre|9/100
|-unboost|p2a: Raging Bolt|spa|2
|
|-weather|none
|upkeep
|turn|8
|
|t:|1750869000
|move|p2a: Raging Bolt|Thunderclap|p1a: Kyogre
|-supereffective|p1a: Kyogre
|-damage|p1a: Kyogre|0 fnt
|faint|p1a: Kyogre
|
|win|Aze77
|raw|FOOTKNEES's rating: 1090 &rarr; <strong>1070</strong><br />(-20 for losing)
|raw|Aze77's rating: 1136 &rarr; <strong>1158</strong><br />(+22 for winning)
|l|☆FOOTKNEES
|player|p1|
