|j|☆Redhoundoom
|j|☆Moosewii7
|t:|1750817333
|gametype|doubles
|player|p1|Redhoundoom|102|1397
|player|p2|Moosewii7|170|1509
|teamsize|p1|6
|teamsize|p2|6
|gen|9
|tier|[Gen 9] VGC 2025 Reg I
|rated|
|rule|Species Clause: Limit one of each Pokémon
|rule|Item Clause: Limit 1 of each item
|clearpoke
|poke|p1|Rillaboom, L50, F|
|poke|p1|Zamazenta-*, L50|
|poke|p1|Urshifu-*, L50, F|
|poke|p1|Ho-Oh, L50|
|poke|p1|Flutter Mane, L50|
|poke|p1|Raging Bolt, L50|
|poke|p2|Calyrex-Shadow, L50|
|poke|p2|Indeedee-F, L50, F|
|poke|p2|Kyogre, L50|
|poke|p2|Maushold-Four, L50|
|poke|p2|Garganacl, L50, M|
|poke|p2|Regieleki, L50|
|teampreview|4
|inactive|Battle timer is ON: inactive players will automatically lose when time's up. (requested by Redhoundoom)
|j| stage4LC
|inactive|Moosewii7 has 60 seconds left.
|
|t:|1750817366
|start
|switch|p1a: Rillaboom|Rillaboom, L50, F|100/100
|switch|p1b: Ho-Oh|Ho-Oh, L50|100/100
|switch|p2a: Indeedee|Indeedee-F, L50, F|100/100
|switch|p2b: Regieleki|Regieleki, L50|100/100
|-fieldstart|move: Grassy Terrain|[from] ability: Grassy Surge|[of] p1a: Rillaboom
|-fieldstart|move: Psychic Terrain|[from] ability: Psychic Surge|[of] p2a: Indeedee
|turn|1
|inactive|Redhoundoom has 30 seconds left.
|
|t:|1750817401
|move|p2a: Indeedee|Follow Me|p2a: Indeedee
|-singleturn|p2a: Indeedee|move: Follow Me
|move|p2b: Regieleki|Electroweb|p1b: Ho-Oh|[spread] p1a,p1b
|-resisted|p1a: Rillaboom
|-supereffective|p1b: Ho-Oh
|-damage|p1a: Rillaboom|90/100
|-damage|p1b: Ho-Oh|64/100
|-unboost|p1a: Rillaboom|spe|1
|-unboost|p1b: Ho-Oh|spe|1
|move|p1b: Ho-Oh|Sacred Fire|p2a: Indeedee
|-damage|p2a: Indeedee|47/100
|-status|p2a: Indeedee|brn
|move|p1a: Rillaboom|Wood Hammer|p2a: Indeedee
|-damage|p2a: Indeedee|0 fnt
|faint|p2a: Indeedee
|-damage|p1a: Rillaboom|77/100|[from] Recoil
|
|upkeep
|inactive|Moosewii7 has 30 seconds left.
|inactive|Moosewii7 has 20 seconds left.
|inactive|Moosewii7 has 15 seconds left.
|
|t:|1750817443
|switch|p2a: Kyogre|Kyogre, L50|100/100
|-weather|RainDance|[from] ability: Drizzle|[of] p2a: Kyogre
|turn|2
|inactive|Redhoundoom has 30 seconds left.
|inactive|Redhoundoom has 20 seconds left.
|
|t:|1750817479
|switch|p1a: Urshifu|Urshifu-Rapid-Strike, L50, F|100/100
|-terastallize|p2a: Kyogre|Water
|move|p1b: Ho-Oh|Protect|p1b: Ho-Oh
|-singleturn|p1b: Ho-Oh|Protect
|move|p2b: Regieleki|Electroweb|p1a: Urshifu|[spread] p1a
|-activate|p1b: Ho-Oh|move: Protect
|-supereffective|p1a: Urshifu
|-damage|p1a: Urshifu|8/100
|-unboost|p1a: Urshifu|spe|1
|move|p2a: Kyogre|Water Spout|p1b: Ho-Oh|[spread] p1a
|-activate|p1b: Ho-Oh|move: Protect
|-resisted|p1a: Urshifu
|-damage|p1a: Urshifu|0 fnt
|faint|p1a: Urshifu
|
|-weather|RainDance|[upkeep]
|upkeep
|l| stage4LC
|
|t:|1750817487
|switch|p1a: Rillaboom|Rillaboom, L50, F|77/100
|-fieldstart|move: Grassy Terrain|[from] ability: Grassy Surge|[of] p1a: Rillaboom
|turn|3
|
|t:|1750817509
|move|p2a: Kyogre|Protect|p2a: Kyogre
|-singleturn|p2a: Kyogre|Protect
|move|p2b: Regieleki|Electroweb|p1a: Rillaboom|[spread] p1a,p1b
|-resisted|p1a: Rillaboom
|-supereffective|p1b: Ho-Oh
|-damage|p1a: Rillaboom|68/100
|-damage|p1b: Ho-Oh|26/100
|-unboost|p1a: Rillaboom|spe|1
|-unboost|p1b: Ho-Oh|spe|1
|move|p1a: Rillaboom|Wood Hammer|p2b: Regieleki
|-damage|p2b: Regieleki|0 fnt
|faint|p2b: Regieleki
|-damage|p1a: Rillaboom|38/100|[from] Recoil
|move|p1b: Ho-Oh|Tailwind|p1b: Ho-Oh
|-sidestart|p1: Redhoundoom|move: Tailwind
|
|-weather|RainDance|[upkeep]
|-heal|p1a: Rillaboom|43/100|[from] Grassy Terrain
|upkeep
|
|t:|1750817527
|switch|p2b: Calyrex|Calyrex-Shadow, L50|100/100
|-ability|p2b: Calyrex|As One
|-ability|p2b: Calyrex|Unnerve
|turn|4
|
|t:|1750817542
|switch|p1b: Zamazenta|Zamazenta-Crowned, L50|100/100
|-ability|p1b: Zamazenta|Dauntless Shield|boost
|-boost|p1b: Zamazenta|def|1
|move|p2a: Kyogre|Protect|p2a: Kyogre
|-singleturn|p2a: Kyogre|Protect
|move|p1a: Rillaboom|Grassy Glide|p2a: Kyogre
|-activate|p2a: Kyogre|move: Protect
|move|p2b: Calyrex|Astral Barrage|p1a: Rillaboom|[spread] p1a,p1b
|-damage|p1a: Rillaboom|5/100
|-damage|p1b: Zamazenta|67/100
|
|-weather|RainDance|[upkeep]
|-heal|p1b: Zamazenta|73/100|[from] Grassy Terrain
|-heal|p1a: Rillaboom|11/100|[from] Grassy Terrain
|upkeep
|turn|5
|inactive|Redhoundoom has 30 seconds left.
|inactive|Moosewii7 has 30 seconds left.
|
|t:|1750817579
|move|p1b: Zamazenta|Wide Guard|p1b: Zamazenta
|-singleturn|p1b: Zamazenta|Wide Guard
|move|p2b: Calyrex|Expanding Force|p1a: Rillaboom
|-damage|p1a: Rillaboom|0 fnt
|faint|p1a: Rillaboom
|-ability|p2b: Calyrex|Grim Neigh|boost
|-boost|p2b: Calyrex|spa|1
|move|p2a: Kyogre|Hydro Pump|p1b: Zamazenta|[miss]
|-miss|p2a: Kyogre|p1b: Zamazenta
|
|-weather|RainDance|[upkeep]
|-heal|p1b: Zamazenta|79/100|[from] Grassy Terrain
|upkeep
|
|t:|1750817584
|switch|p1a: Ho-Oh|Ho-Oh, L50|60/100
|turn|6
|
|t:|1750817605
|move|p1b: Zamazenta|Body Press|p2a: Kyogre
|-damage|p2a: Kyogre|41/100
|move|p1a: Ho-Oh|Brave Bird|p2a: Kyogre
|-damage|p2a: Kyogre|0 fnt
|faint|p2a: Kyogre
|-damage|p1a: Ho-Oh|47/100|[from] Recoil
|move|p2b: Calyrex|Astral Barrage|p1a: Ho-Oh|[spread] p1a,p1b
|-damage|p1a: Ho-Oh|0 fnt
|-damage|p1b: Zamazenta|31/100
|faint|p1a: Ho-Oh
|-ability|p2b: Calyrex|Grim Neigh|boost
|-boost|p2b: Calyrex|spa|1
|
|-weather|none
|-heal|p1b: Zamazenta|37/100|[from] Grassy Terrain
|-sideend|p1: Redhoundoom|move: Tailwind
|upkeep
|turn|7
|
|t:|1750817624
|move|p1b: Zamazenta|Protect|p1b: Zamazenta
|-singleturn|p1b: Zamazenta|Protect
|move|p2b: Calyrex|Expanding Force|p1b: Zamazenta
|-activate|p1b: Zamazenta|move: Protect
|
|-heal|p1b: Zamazenta|43/100|[from] Grassy Terrain
|-fieldend|move: Grassy Terrain
|upkeep
|turn|8
|
|t:|1750817634
|move|p2b: Calyrex|Expanding Force|p1b: Zamazenta
|-damage|p1b: Zamazenta|0 fnt
|faint|p1b: Zamazenta
|
|win|Moosewii7
|raw|Redhoundoom's rating: 1397 &rarr; <strong>1383</strong><br />(-14 for losing)
|raw|Moosewii7's rating: 1509 &rarr; <strong>1523</strong><br />(+14 for winning)
|l|☆Moosewii7
|player|p2|
|l|☆Redhoundoom
|player|p1|
