|j|☆Bigkm8
|j|☆pkmnboo
|t:|1750804162
|gametype|doubles
|player|p1|Bigkm8|266|1055
|player|p2|pkmnboo|rood|1052
|teamsize|p1|6
|teamsize|p2|6
|gen|9
|tier|[Gen 9] VGC 2025 Reg I
|rated|
|rule|Species Clause: Limit one of each Pokémon
|rule|Item Clause: Limit 1 of each item
|clearpoke
|poke|p1|Arcanine-Hisui, L50, M|
|poke|p1|Typhlosion-Hisui, L50, F|
|poke|p1|Goodra-Hisui, L50, M|
|poke|p1|Decidueye-Hisui, L50, M|
|poke|p1|Samurott-Hisui, L50, M|
|poke|p1|Zoroark-Hisui, L50, M|
|poke|p2|Ogerpon, L50, F|
|poke|p2|Calyrex-Shadow, L50|
|poke|p2|Rillaboom, L50, F|
|poke|p2|Incineroar, L50, F|
|poke|p2|Urshifu-*, L50, M|
|poke|p2|Zacian-*, L50|
|teampreview|4
|
|t:|1750804210
|start
|switch|p1a: Samurott|Samurott-Hisui, L50, M|100/100
|switch|p1b: Typhlosion|Typhlosion-Hisui, L50, F|100/100
|switch|p2a: Urshifu|Urshifu-Rapid-Strike, L50, M|100/100
|switch|p2b: Calyrex|Calyrex-Shadow, L50|100/100
|-ability|p2b: Calyrex|As One
|-ability|p2b: Calyrex|Unnerve
|turn|1
|
|t:|1750804241
|move|p2b: Calyrex|Protect|p2b: Calyrex
|-singleturn|p2b: Calyrex|Protect
|move|p2a: Urshifu|U-turn|p1a: Samurott
|-resisted|p1a: Samurott
|-damage|p1a: Samurott|75/100
|replace|p1a: Zoroark|Zoroark-Hisui, L50, M
|-end|p1a: Zoroark|Illusion
|
|t:|1750804248
|switch|p2a: Incineroar|Incineroar, L50, F|100/100|[from] U-turn
|-ability|p2a: Incineroar|Intimidate|boost
|-unboost|p1a: Zoroark|atk|1
|-unboost|p1b: Typhlosion|atk|1
|move|p1a: Zoroark|Grass Knot|p2a: Incineroar
|-resisted|p2a: Incineroar
|-damage|p2a: Incineroar|88/100
|move|p1b: Typhlosion|Eruption|p2a: Incineroar|[spread] p2a
|-activate|p2b: Calyrex|move: Protect
|-resisted|p2a: Incineroar
|-damage|p2a: Incineroar|64/100
|
|upkeep
|turn|2
|
|t:|1750804267
|switch|p2b: Urshifu|Urshifu-Rapid-Strike, L50, M|100/100
|move|p1a: Zoroark|Dark Pulse|p2b: Urshifu
|-resisted|p2b: Urshifu
|-damage|p2b: Urshifu|79/100
|move|p1b: Typhlosion|Shadow Ball|p2b: Urshifu
|-damage|p2b: Urshifu|22/100
|move|p2a: Incineroar|Knock Off|p1b: Typhlosion
|-supereffective|p1b: Typhlosion
|-damage|p1b: Typhlosion|0 fnt
|-enditem|p1b: Typhlosion|Weakness Policy|[from] move: Knock Off|[of] p2a: Incineroar
|faint|p1b: Typhlosion
|
|upkeep
|
|t:|1750804279
|switch|p1b: Samurott|Samurott-Hisui, L50, M|100/100
|turn|3
|
|t:|1750804309
|switch|p2a: Calyrex|Calyrex-Shadow, L50|100/100
|-ability|p2a: Calyrex|As One
|-ability|p2a: Calyrex|Unnerve
|-terastallize|p1a: Zoroark|Fire
|move|p2b: Urshifu|U-turn|p1b: Samurott
|-supereffective|p1b: Samurott
|-damage|p1b: Samurott|36/100
|
|t:|1750804318
|switch|p2b: Incineroar|Incineroar, L50, F|64/100|[from] U-turn
|-ability|p2b: Incineroar|Intimidate|boost
|-unboost|p1a: Zoroark|atk|1
|-unboost|p1b: Samurott|atk|1
|move|p1a: Zoroark|Grass Knot|p2b: Incineroar
|-resisted|p2b: Incineroar
|-damage|p2b: Incineroar|53/100
|move|p1b: Samurott|Sacred Sword|p2a: Calyrex
|-immune|p2a: Calyrex
|
|upkeep
|turn|4
|c|☆pkmnboo|please use restricteds
|
|t:|1750804353
|switch|p1b: Arcanine|Arcanine-Hisui, L50, M|100/100
|-ability|p1b: Arcanine|Intimidate|boost
|-unboost|p2a: Calyrex|atk|1
|-unboost|p2b: Incineroar|atk|1
|move|p2a: Calyrex|Protect|p2a: Calyrex
|-singleturn|p2a: Calyrex|Protect
|move|p1a: Zoroark|Flamethrower|p2b: Incineroar
|-resisted|p2b: Incineroar
|-damage|p2b: Incineroar|30/100
|move|p2b: Incineroar|Parting Shot|p1a: Zoroark
|-unboost|p1a: Zoroark|atk|1
|-unboost|p1a: Zoroark|spa|1
|
|t:|1750804360
|switch|p2b: Zacian|Zacian-Crowned, L50|100/100|[from] Parting Shot
|-ability|p2b: Zacian|Intrepid Sword|boost
|-boost|p2b: Zacian|atk|1
|
|upkeep
|turn|5
|
|t:|1750804381
|-terastallize|p2b: Zacian|Water
|move|p2b: Zacian|Swords Dance|p2b: Zacian
|-boost|p2b: Zacian|atk|2
|move|p2a: Calyrex|Astral Barrage|p1b: Arcanine|[spread] p1a,p1b
|-damage|p1a: Zoroark|0 fnt
|-damage|p1b: Arcanine|21/100
|faint|p1a: Zoroark
|-ability|p2a: Calyrex|Grim Neigh|boost
|-boost|p2a: Calyrex|spa|1
|move|p1b: Arcanine|Flare Blitz|p2a: Calyrex
|-damage|p2a: Calyrex|21/100
|-damage|p1b: Arcanine|0 fnt|[from] Recoil
|faint|p1b: Arcanine
|
|upkeep
|
|t:|1750804398
|switch|p1a: Samurott|Samurott-Hisui, L50, M|36/100
|turn|6
|
|t:|1750804406
|move|p2a: Calyrex|Protect|p2a: Calyrex
|-singleturn|p2a: Calyrex|Protect
|move|p2b: Zacian|Play Rough|p1a: Samurott
|-supereffective|p1a: Samurott
|-damage|p1a: Samurott|0 fnt
|faint|p1a: Samurott
|
|win|pkmnboo
|raw|Bigkm8's rating: 1055 &rarr; <strong>1037</strong><br />(-18 for losing)
|raw|pkmnboo's rating: 1052 &rarr; <strong>1084</strong><br />(+32 for winning)
|l|☆Bigkm8
|player|p1|
