|j|☆phoenix of rage
|j|☆Cecilego3
|t:|1750856043
|gametype|doubles
|player|p1|phoenix of rage|birdkeeper-gen4dp|1511
|player|p2|Cecilego3|2|1444
|teamsize|p1|6
|teamsize|p2|6
|gen|9
|tier|[Gen 9] VGC 2025 Reg I
|rated|
|rule|Species Clause: Limit one of each Pokémon
|rule|Item Clause: Limit 1 of each item
|clearpoke
|poke|p1|Kyogre, L50|
|poke|p1|Archaludon, L50, F|
|poke|p1|Miraidon, L50|
|poke|p1|Farigiraf, L50, M|
|poke|p1|Flutter Mane, L50|
|poke|p1|Pelipper, L50, F|
|poke|p2|Miraidon, L50|
|poke|p2|Zamazenta-*, L50|
|poke|p2|Grimmsnarl, L50, M|
|poke|p2|Chien-Pao, L50|
|poke|p2|Volcarona, L50, M|
|poke|p2|Iron Hands, L50|
|teampreview|4
|inactive|Battle timer is ON: inactive players will automatically lose when time's up. (requested by phoenix of rage)
Cecilego3 has agreed to open team sheets.
|inactive|phoenix of rage has 60 seconds left.
|
|t:|1750856074
|start
|switch|p1a: Pelipper|Pelipper, L50, F|100/100
|switch|p1b: Farigiraf|Farigiraf, L50, M|100/100
|switch|p2a: Miraidon|Miraidon, L50|100/100
|switch|p2b: Iron Hands|Iron Hands, L50|100/100
|-fieldstart|move: Electric Terrain|[from] ability: Hadron Engine|[of] p2a: Miraidon
|-activate|p2b: Iron Hands|ability: Quark Drive
|-start|p2b: Iron Hands|quarkdriveatk
|-enditem|p1b: Farigiraf|Electric Seed
|-boost|p1b: Farigiraf|def|1|[from] item: Electric Seed
|-weather|RainDance|[from] ability: Drizzle|[of] p1a: Pelipper
|turn|1
|
|t:|1750856099
|switch|p1b: Miraidon|Miraidon, L50|100/100
|-activate|p1b: Miraidon|ability: Hadron Engine
|move|p1a: Pelipper|Protect|p1a: Pelipper
|-singleturn|p1a: Pelipper|Protect
|move|p2a: Miraidon|Dazzling Gleam|p1a: Pelipper|[spread] p1b
|-activate|p1a: Pelipper|move: Protect
|-supereffective|p1b: Miraidon
|-damage|p1b: Miraidon|24/100
|move|p2b: Iron Hands|Wild Charge|p1a: Pelipper
|-activate|p1a: Pelipper|move: Protect
|
|-weather|RainDance|[upkeep]
|upkeep
|turn|2
|inactive|phoenix of rage has 30 seconds left.
|
|t:|1750856127
|-terastallize|p2a: Miraidon|Fairy
|-terastallize|p1b: Miraidon|Fairy
|move|p1b: Miraidon|Dazzling Gleam|p2b: Iron Hands|[spread] p2a,p2b
|-supereffective|p2b: Iron Hands
|-damage|p2a: Miraidon|37/100
|-damage|p2b: Iron Hands|29/100
|move|p2a: Miraidon|Dazzling Gleam|p1a: Pelipper|[spread] p1a,p1b
|-enditem|p1a: Pelipper|Focus Sash
|-damage|p1a: Pelipper|1/100
|-damage|p1b: Miraidon|0 fnt
|faint|p1b: Miraidon
|move|p1a: Pelipper|Weather Ball|p2b: Iron Hands
|-damage|p2b: Iron Hands|0 fnt
|faint|p2b: Iron Hands
|-end|p2b: Iron Hands|Quark Drive|[silent]
|
|-weather|RainDance|[upkeep]
|upkeep
|
|t:|1750856150
|switch|p1b: Kyogre|Kyogre, L50|100/100
|switch|p2b: Zamazenta|Zamazenta-Crowned, L50|100/100
|-ability|p2b: Zamazenta|Dauntless Shield|boost
|-boost|p2b: Zamazenta|def|1
|turn|3
|
|t:|1750856165
|move|p1a: Pelipper|Wide Guard|p1a: Pelipper
|-singleturn|p1a: Pelipper|Wide Guard
|move|p2a: Miraidon|Dazzling Gleam|p1a: Pelipper|[spread] 
|-activate|p1a: Pelipper|move: Wide Guard
|-activate|p1b: Kyogre|move: Wide Guard
|move|p2b: Zamazenta|Body Press|p1b: Kyogre
|-damage|p1b: Kyogre|43/100
|move|p1b: Kyogre|Water Spout|p2b: Zamazenta|[spread] p2a,p2b
|-damage|p2a: Miraidon|0 fnt
|-damage|p2b: Zamazenta|73/100
|faint|p2a: Miraidon
|
|-weather|RainDance|[upkeep]
|upkeep
|
|t:|1750856178
|switch|p2a: Chien-Pao|Chien-Pao, L50|100/100
|-ability|p2a: Chien-Pao|Sword of Ruin
|turn|4
|inactive|phoenix of rage has 30 seconds left.
|j| BRDilas
|inactive|phoenix of rage has 20 seconds left.
|
|t:|1750856217
|move|p1a: Pelipper|Protect||[still]
|-fail|p1a: Pelipper
|move|p2a: Chien-Pao|Crunch|p1a: Pelipper
|-damage|p1a: Pelipper|0 fnt
|faint|p1a: Pelipper
|move|p2b: Zamazenta|Body Press|p1b: Kyogre
|-damage|p1b: Kyogre|0 fnt
|faint|p1b: Kyogre
|
|-weather|RainDance|[upkeep]
|upkeep
|
|t:|1750856225
|switch|p1b: Farigiraf|Farigiraf, L50, M|100/100
|turn|5
|
|t:|1750856238
|move|p2a: Chien-Pao|Crunch|p1b: Farigiraf
|-supereffective|p1b: Farigiraf
|-damage|p1b: Farigiraf|12/100
|move|p2b: Zamazenta|Body Press|p1b: Farigiraf
|-damage|p1b: Farigiraf|0 fnt
|faint|p1b: Farigiraf
|
|win|Cecilego3
|raw|phoenix of rage's rating: 1511 &rarr; <strong>1487</strong><br />(-24 for losing)
|raw|Cecilego3's rating: 1444 &rarr; <strong>1468</strong><br />(+24 for winning)
|l|☆phoenix of rage
|player|p1|
|l|☆Cecilego3
|player|p2|
|l| BRDilas
