|j|☆Mayia Beiser
|j|☆DivinesilaPatrick
|t:|1750724744
|gametype|doubles
|player|p1|Mayia Beiser|swimmerf|1291
|player|p2|DivinesilaPatrick|1|1216
|teamsize|p1|6
|teamsize|p2|6
|gen|9
|tier|[Gen 9] VGC 2025 Reg I
|rated|
|rule|Species Clause: Limit one of each Pokémon
|rule|Item Clause: Limit 1 of each item
|clearpoke
|poke|p1|Cresselia, L50, F|
|poke|p1|Iron Hands, L50|
|poke|p1|Calyrex-Shadow, L50|
|poke|p1|Miraidon, L50|
|poke|p1|Ursaluna, L50, M|
|poke|p1|Sneasler, L50, M|
|poke|p2|Miraidon, L50|
|poke|p2|Iron Hands, L50|
|poke|p2|Farigiraf, L50, M|
|poke|p2|Calyrex-Ice, L50|
|poke|p2|Rillaboom, L50, M|
|poke|p2|Heatran, L50, M|
|teampreview|4
|inactive|Battle timer is ON: inactive players will automatically lose when time's up. (requested by DivinesilaPatrick)
|
|t:|1750724765
|start
|switch|p1a: Ducktile's bike|Miraidon, L50|100/100
|switch|p1b: Duckhand|Iron Hands, L50|100/100
|switch|p2a: Gojo|Miraidon, L50|100/100
|switch|p2b: Todo|Iron Hands, L50, shiny|100/100
|-fieldstart|move: Electric Terrain|[from] ability: Hadron Engine|[of] p1a: Ducktile's bike
|-activate|p1b: Duckhand|ability: Quark Drive
|-start|p1b: Duckhand|quarkdriveatk
|-activate|p2b: Todo|ability: Quark Drive
|-start|p2b: Todo|quarkdriveatk
|-activate|p2a: Gojo|ability: Hadron Engine
|turn|1
|
|t:|1750724788
|move|p1b: Duckhand|Fake Out|p2a: Gojo
|-damage|p2a: Gojo|81/100
|move|p2b: Todo|Fake Out|p1a: Ducktile's bike
|-damage|p1a: Ducktile's bike|83/100
|cant|p1a: Ducktile's bike|flinch
|cant|p2a: Gojo|flinch
|
|upkeep
|turn|2
|inactive|DivinesilaPatrick has 30 seconds left.
|inactive|DivinesilaPatrick has 20 seconds left.
|inactive|DivinesilaPatrick has 15 seconds left.
|
|t:|1750724829
|move|p1a: Ducktile's bike|Volt Switch|p2a: Gojo
|-resisted|p2a: Gojo
|-damage|p2a: Gojo|67/100
|
|t:|1750724833
|switch|p1a: Ducktile's sheep|Cresselia, L50, F|100/100|[from] Volt Switch
|-enditem|p1a: Ducktile's sheep|Electric Seed
|-boost|p1a: Ducktile's sheep|def|1|[from] item: Electric Seed
|move|p2a: Gojo|Volt Switch|p1a: Ducktile's sheep
|-damage|p1a: Ducktile's sheep|36/100
|
|t:|1750724842
|switch|p2a: Nanami|Farigiraf, L50, M, shiny|100/100|[from] Volt Switch
|-enditem|p2a: Nanami|Electric Seed
|-boost|p2a: Nanami|def|1|[from] item: Electric Seed
|move|p1b: Duckhand|Low Kick|p2b: Todo
|-damage|p2b: Todo|40/100
|move|p2b: Todo|Wild Charge|p1a: Ducktile's sheep
|-damage|p1a: Ducktile's sheep|0 fnt
|faint|p1a: Ducktile's sheep
|-damage|p2b: Todo|33/100|[from] Recoil
|
|upkeep
|inactive|Mayia Beiser has 30 seconds left.
|
|t:|1750724877
|switch|p1a: Ducktile's bike|Miraidon, L50|83/100
|-activate|p1a: Ducktile's bike|ability: Hadron Engine
|turn|3
|
|t:|1750724901
|-terastallize|p2a: Nanami|Ground
|move|p1a: Ducktile's bike|Electro Drift|p2a: Nanami
|-immune|p2a: Nanami
|move|p1b: Duckhand|Low Kick|p2b: Todo
|-damage|p2b: Todo|0 fnt
|faint|p2b: Todo
|-end|p2b: Todo|Quark Drive|[silent]
|move|p2a: Nanami|Psychic Noise|p1b: Duckhand
|-supereffective|p1b: Duckhand
|-damage|p1b: Duckhand|71/100
|-start|p1b: Duckhand|move: Heal Block
|
|upkeep
|
|t:|1750724921
|switch|p2b: Sukana|Calyrex-Ice, L50|100/100
|-ability|p2b: Sukana|As One
|-ability|p2b: Sukana|Unnerve
|turn|4
|
|t:|1750724932
|move|p2b: Sukana|Protect|p2b: Sukana
|-singleturn|p2b: Sukana|Protect
|move|p1a: Ducktile's bike|Electro Drift|p2b: Sukana
|-activate|p2b: Sukana|move: Protect
|move|p1b: Duckhand|Low Kick|p2b: Sukana
|-activate|p2b: Sukana|move: Protect
|move|p2a: Nanami|Trick Room|p2a: Nanami
|-fieldstart|move: Trick Room|[of] p2a: Nanami
|
|-end|p1b: Duckhand|move: Heal Block
|upkeep
|turn|5
|
|t:|1750724949
|-terastallize|p1b: Duckhand|Water
|move|p2a: Nanami|Tera Blast|p1b: Duckhand|[anim] Tera Blast Ground
|-crit|p1b: Duckhand
|-damage|p1b: Duckhand|48/100
|move|p2b: Sukana|Glacial Lance|p1b: Duckhand|[spread] p1a,p1b
|-supereffective|p1a: Ducktile's bike
|-resisted|p1b: Duckhand
|-damage|p1a: Ducktile's bike|0 fnt
|-damage|p1b: Duckhand|29/100
|faint|p1a: Ducktile's bike
|-ability|p2b: Sukana|Chilling Neigh|boost
|-boost|p2b: Sukana|atk|1
|move|p1b: Duckhand|Low Kick|p2b: Sukana
|-damage|p2b: Sukana|48/100
|
|-fieldend|move: Electric Terrain
|-end|p1b: Duckhand|Quark Drive
|upkeep
|
|t:|1750724963
|switch|p1a: Ducktile|Ursaluna, L50, M|100/100
|turn|6
|inactive|DivinesilaPatrick has 30 seconds left.
|
|t:|1750724990
|move|p1a: Ducktile|Protect|p1a: Ducktile
|-singleturn|p1a: Ducktile|Protect
|move|p2b: Sukana|Glacial Lance|p1a: Ducktile|[spread] p1b
|-activate|p1a: Ducktile|move: Protect
|-resisted|p1b: Duckhand
|-damage|p1b: Duckhand|3/100
|move|p1b: Duckhand|Drain Punch|p2a: Nanami
|-damage|p2a: Nanami|72/100
|-heal|p1b: Duckhand|16/100|[from] drain|[of] p2a: Nanami
|move|p2a: Nanami|Trick Room|p2a: Nanami
|-fieldend|move: Trick Room
|
|-status|p1a: Ducktile|brn|[from] item: Flame Orb
|upkeep
|turn|7
|inactive|DivinesilaPatrick has 30 seconds left.
|inactive|DivinesilaPatrick has 20 seconds left.
|
|t:|1750725026
|move|p2b: Sukana|Protect|p2b: Sukana
|-singleturn|p2b: Sukana|Protect
|move|p1b: Duckhand|Drain Punch|p2b: Sukana
|-activate|p2b: Sukana|move: Protect
|move|p2a: Nanami|Psychic Noise|p1b: Duckhand
|-damage|p1b: Duckhand|2/100
|-start|p1b: Duckhand|move: Heal Block
|move|p1a: Ducktile|Facade|p2b: Sukana
|-activate|p2b: Sukana|move: Protect
|
|-damage|p1a: Ducktile|94/100 brn|[from] brn
|upkeep
|turn|8
|l|☆Mayia Beiser
|inactive|Mayia Beiser disconnected and has a minute to reconnect!
|player|p1|
|inactive|Mayia Beiser has 30 seconds left.
|inactive|DivinesilaPatrick has 30 seconds left.
|j|☆Mayia Beiser
|inactive|Mayia Beiser reconnected and has 25 seconds left.
|player|p1|Mayia Beiser|swimmerf|
|inactive|Mayia Beiser has 20 seconds left.
|inactive|Mayia Beiser has 15 seconds left.
|inactive|Mayia Beiser has 10 seconds left.
|
|t:|1750725072
|move|p1b: Duckhand|Low Kick|p2a: Nanami
|-damage|p2a: Nanami|38/100
|move|p2b: Sukana|Glacial Lance|p1a: Ducktile|[spread] p1a,p1b
|-supereffective|p1a: Ducktile
|-resisted|p1b: Duckhand
|-damage|p1a: Ducktile|0 fnt
|-damage|p1b: Duckhand|0 fnt
|faint|p1a: Ducktile
|faint|p1b: Duckhand
|-end|p1b: Duckhand|Quark Drive|[silent]
|
|win|DivinesilaPatrick
|raw|Mayia Beiser's rating: 1291 &rarr; <strong>1261</strong><br />(-30 for losing)
|raw|DivinesilaPatrick's rating: 1216 &rarr; <strong>1246</strong><br />(+30 for winning)
