|j|☆Highjack #14
|j|☆NobleHermes
|t:|1750881731
|gametype|doubles
|player|p1|Highjack #14|266|1370
|player|p2|NobleHermes|blue|1324
|teamsize|p1|6
|teamsize|p2|6
|gen|9
|tier|[Gen 9] VGC 2025 Reg I
|rated|
|rule|Species Clause: Limit one of each Pokémon
|rule|Item Clause: Limit 1 of each item
|clearpoke
|poke|p1|Kleavor, L50, F|
|poke|p1|Calyrex-Shadow, L50|
|poke|p1|Blaziken, L50, M|
|poke|p1|Zamazenta-*, L50|
|poke|p1|Urshifu-*, L50, F|
|poke|p1|Rillaboom, L50, F|
|poke|p2|Miraidon, L50|
|poke|p2|Lunala, L50|
|poke|p2|Incineroar, L50, M|
|poke|p2|Sneasler, L50, F|
|poke|p2|Grimmsnarl, L50, M|
|poke|p2|Ursaluna, L50, F|
|teampreview|4
|inactive|Battle timer is ON: inactive players will automatically lose when time's up. (requested by NobleHermes)
Highjack #14 has agreed to open team sheets.
|inactive|NobleHermes has 60 seconds left.
|
|t:|1750881766
|start
|switch|p1a: Kleavor|Kleavor, L50, F|100/100
|switch|p1b: Rillaboom|Rillaboom, L50, F|100/100
|switch|p2a: Sneasler|Sneasler, L50, F|100/100
|switch|p2b: Miraidon|Miraidon, L50|100/100
|-fieldstart|move: Electric Terrain|[from] ability: Hadron Engine|[of] p2b: Miraidon
|-enditem|p2a: Sneasler|Electric Seed
|-boost|p2a: Sneasler|def|1|[from] item: Electric Seed
|-fieldstart|move: Grassy Terrain|[from] ability: Grassy Surge|[of] p1b: Rillaboom
|turn|1
|inactive|Highjack #14 has 30 seconds left.
|inactive|Highjack #14 has 20 seconds left.
|inactive|Highjack #14 has 15 seconds left.
|
|t:|1750881807
|-terastallize|p1a: Kleavor|Ghost
|move|p2a: Sneasler|Fake Out|p1b: Rillaboom
|-damage|p1b: Rillaboom|87/100
|cant|p1b: Rillaboom|flinch
|move|p1a: Kleavor|Stone Axe|p2b: Miraidon
|-damage|p2b: Miraidon|52/100
|-sidestart|p2: NobleHermes|move: Stealth Rock
|move|p2b: Miraidon|Volt Switch|p1b: Rillaboom
|-resisted|p1b: Rillaboom
|-damage|p1b: Rillaboom|64/100
|
|t:|1750881821
|switch|p2b: Incineroar|Incineroar, L50, M|100/100|[from] Volt Switch
|-damage|p2b: Incineroar|76/100|[from] Stealth Rock
|-ability|p2b: Incineroar|Intimidate|boost
|-unboost|p1a: Kleavor|atk|1
|-unboost|p1b: Rillaboom|atk|1
|
|-heal|p1b: Rillaboom|70/100|[from] Grassy Terrain
|-heal|p2b: Incineroar|82/100|[from] Grassy Terrain
|upkeep
|turn|2
|
|t:|1750881834
|switch|p1b: Zamazenta|Zamazenta-Crowned, L50|100/100
|-ability|p1b: Zamazenta|Dauntless Shield|boost
|-boost|p1b: Zamazenta|def|1
|move|p2a: Sneasler|Throat Chop|p1a: Kleavor
|-supereffective|p1a: Kleavor
|-damage|p1a: Kleavor|23/100
|-start|p1a: Kleavor|Throat Chop|[silent]
|move|p1a: Kleavor|Stone Axe|p2b: Incineroar
|-supereffective|p2b: Incineroar
|-damage|p2b: Incineroar|22/100
|-damage|p1a: Kleavor|7/100|[from] item: Rocky Helmet|[of] p2b: Incineroar
|move|p2b: Incineroar|Flare Blitz|p1b: Zamazenta
|-supereffective|p1b: Zamazenta
|-damage|p1b: Zamazenta|56/100
|-damage|p2b: Incineroar|8/100|[from] Recoil
|
|-heal|p1a: Kleavor|13/100|[from] Grassy Terrain
|-heal|p1b: Zamazenta|62/100|[from] Grassy Terrain
|-heal|p2b: Incineroar|14/100|[from] Grassy Terrain
|upkeep
|turn|3
|
|t:|1750881859
|move|p1b: Zamazenta|Protect|p1b: Zamazenta
|-singleturn|p1b: Zamazenta|Protect
|move|p2a: Sneasler|Close Combat|p1b: Zamazenta
|-activate|p1b: Zamazenta|move: Protect
|move|p1a: Kleavor|Stone Axe|p2a: Sneasler
|-resisted|p2a: Sneasler
|-damage|p2a: Sneasler|82/100
|move|p2b: Incineroar|Knock Off|p1a: Kleavor
|-supereffective|p1a: Kleavor
|-damage|p1a: Kleavor|0 fnt
|-enditem|p1a: Kleavor|Choice Scarf|[from] move: Knock Off|[of] p2b: Incineroar
|faint|p1a: Kleavor
|
|-heal|p2a: Sneasler|88/100|[from] Grassy Terrain
|-heal|p1b: Zamazenta|68/100|[from] Grassy Terrain
|-heal|p2b: Incineroar|20/100|[from] Grassy Terrain
|upkeep
|
|t:|1750881872
|switch|p1a: Rillaboom|Rillaboom, L50, F|70/100
|turn|4
|
|t:|1750881889
|move|p1a: Rillaboom|Fake Out|p2a: Sneasler
|-damage|p2a: Sneasler|71/100
|cant|p2a: Sneasler|flinch
|move|p1b: Zamazenta|Heavy Slam|p2a: Sneasler
|-damage|p2a: Sneasler|13/100
|move|p2b: Incineroar|Flare Blitz|p1a: Rillaboom
|-supereffective|p1a: Rillaboom
|-damage|p1a: Rillaboom|0 fnt
|faint|p1a: Rillaboom
|-damage|p2b: Incineroar|0 fnt|[from] Recoil
|faint|p2b: Incineroar
|
|-heal|p2a: Sneasler|19/100|[from] Grassy Terrain
|-heal|p1b: Zamazenta|74/100|[from] Grassy Terrain
|upkeep
|
|t:|1750881909
|switch|p1a: Calyrex|Calyrex-Shadow, L50|100/100
|switch|p2b: Miraidon|Miraidon, L50|52/100
|-ability|p1a: Calyrex|As One
|-ability|p1a: Calyrex|Unnerve
|-damage|p2b: Miraidon|40/100|[from] Stealth Rock
|-fieldstart|move: Electric Terrain|[from] ability: Hadron Engine|[of] p2b: Miraidon
|turn|5
|inactive|NobleHermes has 30 seconds left.
|
|t:|1750881937
|-terastallize|p2a: Sneasler|Dark
|move|p1a: Calyrex|Protect|p1a: Calyrex
|-singleturn|p1a: Calyrex|Protect
|move|p2a: Sneasler|Throat Chop|p1a: Calyrex
|-activate|p1a: Calyrex|move: Protect
|move|p2b: Miraidon|Electro Drift|p1b: Zamazenta
|-damage|p1b: Zamazenta|0 fnt
|faint|p1b: Zamazenta
|
|upkeep
|turn|6
|
|t:|1750881953
|move|p2a: Sneasler|Throat Chop|p1a: Calyrex
|-supereffective|p1a: Calyrex
|-damage|p1a: Calyrex|0 fnt
|faint|p1a: Calyrex
|
|win|NobleHermes
|raw|Highjack #14's rating: 1370 &rarr; <strong>1347</strong><br />(-23 for losing)
|raw|NobleHermes's rating: 1324 &rarr; <strong>1347</strong><br />(+23 for winning)
|l|☆Highjack #14
|player|p1|
|l|☆NobleHermes
|player|p2|
