|j|☆Phkalra
|j|☆Insanemate
|t:|1750769122
|gametype|doubles
|player|p1|Phkalra|169|1158
|player|p2|Insanemate|1|1139
|teamsize|p1|6
|teamsize|p2|6
|gen|9
|tier|[Gen 9] VGC 2025 Reg I
|rated|
|rule|Species Clause: Limit one of each Pokémon
|rule|Item Clause: Limit 1 of each item
|clearpoke
|poke|p1|Kyogre, L50|
|poke|p1|Urshifu-*, L50, F|
|poke|p1|Incineroar, L50, M|
|poke|p1|Calyrex-Ice, L50|
|poke|p1|Rillaboom, L50, F|
|poke|p1|Amoonguss, L50, M|
|poke|p2|Calyrex-Ice, L50|
|poke|p2|Kyurem-Black, L50|
|poke|p2|Ninetales-Alola, L50, M|
|poke|p2|Iron Valiant, L50|
|poke|p2|Empoleon, L50, M|
|poke|p2|Sceptile, L50, M|
|teampreview|4
|
|t:|1750769165
|start
|switch|p1a: Kyogre|Kyogre, L50|100/100
|switch|p1b: Incineroar|Incineroar, L50, M|100/100
|switch|p2a: Empoleon|Empoleon, L50, M|100/100
|switch|p2b: Sceptile|Sceptile, L50, M|100/100
|-weather|RainDance|[from] ability: Drizzle|[of] p1a: Kyogre
|-ability|p1b: Incineroar|Intimidate|boost
|-unboost|p2a: Empoleon|atk|1
|-ability|p2a: Empoleon|Competitive|boost
|-boost|p2a: Empoleon|spa|2
|-unboost|p2b: Sceptile|atk|1
|turn|1
|
|t:|1750769193
|-terastallize|p1a: Kyogre|Grass
|move|p2b: Sceptile|Protect|p2b: Sceptile
|-singleturn|p2b: Sceptile|Protect
|move|p2a: Empoleon|Protect|p2a: Empoleon
|-singleturn|p2a: Empoleon|Protect
|move|p1b: Incineroar|Fake Out|p2a: Empoleon
|-activate|p2a: Empoleon|move: Protect
|move|p1a: Kyogre|Water Spout|p2a: Empoleon|[spread] 
|-activate|p2a: Empoleon|move: Protect
|-activate|p2b: Sceptile|move: Protect
|
|-weather|RainDance|[upkeep]
|upkeep
|turn|2
|
|t:|1750769227
|move|p1a: Kyogre|Water Spout|p2a: Empoleon|[spread] p2a,p2b
|-resisted|p2a: Empoleon
|-resisted|p2b: Sceptile
|-damage|p2a: Empoleon|59/100
|-damage|p2b: Sceptile|46/100
|move|p2b: Sceptile|Shed Tail|p2b: Sceptile
|-fail|p2b: Sceptile|move: Shed Tail|[weak]
|move|p2a: Empoleon|Air Slash|p1a: Kyogre
|-supereffective|p1a: Kyogre
|-damage|p1a: Kyogre|24/100
|move|p1b: Incineroar|U-turn|p2b: Sceptile
|-supereffective|p2b: Sceptile
|-damage|p2b: Sceptile|0 fnt
|faint|p2b: Sceptile
|
|t:|1750769245
|switch|p1b: Amoonguss|Amoonguss, L50, M|100/100|[from] U-turn
|
|-weather|RainDance|[upkeep]
|upkeep
|
|t:|1750769287
|switch|p2b: Kyurem|Kyurem-Black, L50|100/100
|-ability|p2b: Kyurem|Teravolt
|turn|3
|
|t:|1750769301
|switch|p1a: Incineroar|Incineroar, L50, M|100/100
|-ability|p1a: Incineroar|Intimidate|boost
|-unboost|p2a: Empoleon|atk|1
|-ability|p2a: Empoleon|Competitive|boost
|-boost|p2a: Empoleon|spa|2
|-unboost|p2b: Kyurem|atk|1
|move|p1b: Amoonguss|Protect|p1b: Amoonguss
|-singleturn|p1b: Amoonguss|Protect
|move|p2b: Kyurem|Icicle Spear|p1b: Amoonguss
|-activate|p1b: Amoonguss|move: Protect
|move|p2a: Empoleon|Air Slash|p1b: Amoonguss
|-activate|p1b: Amoonguss|move: Protect
|
|-weather|RainDance|[upkeep]
|upkeep
|turn|4
|
|t:|1750769322
|move|p1a: Incineroar|Fake Out|p2b: Kyurem
|-damage|p2b: Kyurem|91/100
|cant|p2b: Kyurem|flinch
|move|p2a: Empoleon|Air Slash|p1b: Amoonguss
|-supereffective|p1b: Amoonguss
|-damage|p1b: Amoonguss|0 fnt
|faint|p1b: Amoonguss
|
|-weather|RainDance|[upkeep]
|upkeep
|
|t:|1750769335
|switch|p1b: Kyogre|Kyogre, L50, tera:Grass|24/100
|turn|5
|
|t:|1750769349
|move|p1b: Kyogre|Thunder|p2a: Empoleon
|-supereffective|p2a: Empoleon
|-damage|p2a: Empoleon|0 fnt
|faint|p2a: Empoleon
|move|p2b: Kyurem|Icicle Spear|p1b: Kyogre
|-supereffective|p1b: Kyogre
|-damage|p1b: Kyogre|0 fnt
|faint|p1b: Kyogre
|-hitcount|p1: Kyogre|1
|move|p1a: Incineroar|U-turn|p2b: Kyurem
|-damage|p2b: Kyurem|75/100
|
|t:|1750769364
|switch|p1a: Calyrex|Calyrex-Ice, L50|100/100|[from] U-turn
|-ability|p1a: Calyrex|As One
|-ability|p1a: Calyrex|Unnerve
|
|-weather|none
|upkeep
|
|t:|1750769372
|switch|p1b: Incineroar|Incineroar, L50, M|100/100
|switch|p2a: Calyrex|Calyrex-Ice, L50|100/100
|-ability|p2a: Calyrex|As One
|-ability|p2a: Calyrex|Unnerve
|-ability|p1b: Incineroar|Intimidate|boost
|-unboost|p2a: Calyrex|atk|1
|-unboost|p2b: Kyurem|atk|1
|turn|6
|
|t:|1750769404
|move|p2b: Kyurem|Protect|p2b: Kyurem
|-singleturn|p2b: Kyurem|Protect
|move|p2a: Calyrex|Protect|p2a: Calyrex
|-singleturn|p2a: Calyrex|Protect
|move|p1b: Incineroar|Knock Off|p2a: Calyrex
|-activate|p2a: Calyrex|move: Protect
|move|p1a: Calyrex|Glacial Lance|p2b: Kyurem|[spread] 
|-activate|p2a: Calyrex|move: Protect
|-activate|p2b: Kyurem|move: Protect
|
|upkeep
|turn|7
|
|t:|1750769450
|move|p2b: Kyurem|Fusion Bolt|p1a: Calyrex
|-damage|p1a: Calyrex|86/100
|move|p1b: Incineroar|Flare Blitz|p2a: Calyrex
|-supereffective|p2a: Calyrex
|-damage|p2a: Calyrex|37/100
|-status|p2a: Calyrex|brn
|-enditem|p2a: Calyrex|Weakness Policy
|-boost|p2a: Calyrex|atk|2|[from] item: Weakness Policy
|-boost|p2a: Calyrex|spa|2|[from] item: Weakness Policy
|-damage|p1b: Incineroar|77/100|[from] Recoil
|move|p2a: Calyrex|Body Press|p1b: Incineroar
|-supereffective|p1b: Incineroar
|-damage|p1b: Incineroar|54/100
|move|p1a: Calyrex|Glacial Lance|p2a: Calyrex|[spread] p2a,p2b
|-resisted|p2a: Calyrex
|-damage|p2a: Calyrex|22/100 brn
|-damage|p2b: Kyurem|36/100
|
|-damage|p2a: Calyrex|16/100 brn|[from] brn
|upkeep
|turn|8
|
|t:|1750769481
|move|p2a: Calyrex|Protect|p2a: Calyrex
|-singleturn|p2a: Calyrex|Protect
|move|p2b: Kyurem|Fusion Bolt|p1b: Incineroar
|-damage|p1b: Incineroar|33/100
|move|p1b: Incineroar|Flare Blitz|p2b: Kyurem
|-damage|p2b: Kyurem|0 fnt
|faint|p2b: Kyurem
|-damage|p1b: Incineroar|19/100|[from] Recoil
|move|p1a: Calyrex|Glacial Lance|p2a: Calyrex
|-activate|p2a: Calyrex|move: Protect
|
|-damage|p2a: Calyrex|10/100 brn|[from] brn
|upkeep
|turn|9
|
|t:|1750769501
|-terastallize|p2a: Calyrex|Fire
|move|p1b: Incineroar|Flare Blitz|p2a: Calyrex
|-resisted|p2a: Calyrex
|-damage|p2a: Calyrex|0 fnt
|faint|p2a: Calyrex
|-damage|p1b: Incineroar|15/100|[from] Recoil
|
|win|Phkalra
|raw|Phkalra's rating: 1158 &rarr; <strong>1182</strong><br />(+24 for winning)
|raw|Insanemate's rating: 1139 &rarr; <strong>1115</strong><br />(-24 for losing)
|l|☆Phkalra
|player|p1|
|l|☆Insanemate
|player|p2|
