|j|☆Cecilego3
|j|☆Dakimakura69
|t:|1750856674
|gametype|doubles
|player|p1|Cecilego3|2|1461
|player|p2|Dakimakura69|cynthia|1403
|teamsize|p1|6
|teamsize|p2|6
|gen|9
|tier|[Gen 9] VGC 2025 Reg I
|rated|
|rule|Species Clause: Limit one of each Pokémon
|rule|Item Clause: Limit 1 of each item
|clearpoke
|poke|p1|Miraidon, L50|
|poke|p1|Zamazenta-*, L50|
|poke|p1|Grimmsnarl, L50, M|
|poke|p1|Chien-Pao, L50|
|poke|p1|Volcarona, L50, F|
|poke|p1|Iron Hands, L50|
|poke|p2|Lunala, L50|
|poke|p2|Koraidon, L50|
|poke|p2|Flutter Mane, L50|
|poke|p2|Indeedee-F, L50, F|
|poke|p2|Ogerpon-Cornerstone, L50, F|
|poke|p2|Chi-Yu, L50|
|teampreview|4
Cecilego3 has agreed to open team sheets.
Dakimakura69 rejected open team sheets.
|inactive|Battle timer is ON: inactive players will automatically lose when time's up. (requested by Dakimakura69)
|
|t:|1750856692
|start
|switch|p1a: Miraidon|Miraidon, L50|100/100
|switch|p1b: Iron Hands|Iron Hands, L50|100/100
|switch|p2a: Koraidon|Koraidon, L50|100/100
|switch|p2b: Flutter Mane|Flutter Mane, L50|100/100
|-fieldstart|move: Electric Terrain|[from] ability: Hadron Engine|[of] p1a: Miraidon
|-activate|p1b: Iron Hands|ability: Quark Drive
|-start|p1b: Iron Hands|quarkdriveatk
|-weather|SunnyDay|[from] ability: Orichalcum Pulse|[of] p2a: Koraidon
|-activate|p2b: Flutter Mane|ability: Protosynthesis
|-start|p2b: Flutter Mane|protosynthesisspe
|-activate|p2a: Koraidon|Orichalcum Pulse|[source]
|turn|1
|inactive|Dakimakura69 has 30 seconds left.
|inactive|Dakimakura69 has 20 seconds left.
|
|t:|1750856730
|-terastallize|p1a: Miraidon|Fairy
|move|p2a: Koraidon|Protect|p2a: Koraidon
|-singleturn|p2a: Koraidon|Protect
|move|p1b: Iron Hands|Fake Out|p2b: Flutter Mane
|-immune|p2b: Flutter Mane
|move|p2b: Flutter Mane|Icy Wind|p1a: Miraidon|[spread] p1a,p1b
|-damage|p1a: Miraidon|87/100
|-damage|p1b: Iron Hands|92/100
|-unboost|p1a: Miraidon|spe|1
|-unboost|p1b: Iron Hands|spe|1
|move|p1a: Miraidon|Dazzling Gleam|p2b: Flutter Mane|[spread] p2b
|-activate|p2a: Koraidon|move: Protect
|-damage|p2b: Flutter Mane|39/100
|
|-weather|SunnyDay|[upkeep]
|upkeep
|turn|2
|inactive|Dakimakura69 has 30 seconds left.
|inactive|Dakimakura69 has 20 seconds left.
|inactive|Dakimakura69 has 15 seconds left.
|
|t:|1750856772
|switch|p1a: Zamazenta|Zamazenta-Crowned, L50|100/100
|-ability|p1a: Zamazenta|Dauntless Shield|boost
|-boost|p1a: Zamazenta|def|1
|-terastallize|p2a: Koraidon|Fire
|move|p2b: Flutter Mane|Moonblast|p1b: Iron Hands
|-supereffective|p1b: Iron Hands
|-damage|p1b: Iron Hands|34/100
|move|p2a: Koraidon|Flare Blitz|p1a: Zamazenta
|-supereffective|p1a: Zamazenta
|-damage|p1a: Zamazenta|0 fnt
|faint|p1a: Zamazenta
|-damage|p2a: Koraidon|64/100|[from] Recoil
|-damage|p2a: Koraidon|55/100|[from] item: Life Orb
|move|p1b: Iron Hands|Low Kick|p2a: Koraidon
|-damage|p2a: Koraidon|0 fnt
|faint|p2a: Koraidon
|
|-weather|SunnyDay|[upkeep]
|upkeep
|
|t:|1750856794
|switch|p2a: Indeedee|Indeedee-F, L50, F|100/100
|switch|p1a: Miraidon|Miraidon, L50, tera:Fairy|87/100
|-activate|p1a: Miraidon|ability: Hadron Engine
|-fieldstart|move: Psychic Terrain|[from] ability: Psychic Surge|[of] p2a: Indeedee
|-end|p1b: Iron Hands|Quark Drive
|turn|3
|
|t:|1750856816
|move|p2a: Indeedee|Follow Me|p2a: Indeedee
|-singleturn|p2a: Indeedee|move: Follow Me
|move|p2b: Flutter Mane|Moonblast|p1b: Iron Hands
|-supereffective|p1b: Iron Hands
|-damage|p1b: Iron Hands|0 fnt
|faint|p1b: Iron Hands
|-end|p1b: Iron Hands|Quark Drive|[silent]
|move|p1a: Miraidon|Volt Switch|p2a: Indeedee
|-damage|p2a: Indeedee|51/100
|
|t:|1750856824
|switch|p1a: Chien-Pao|Chien-Pao, L50|100/100|[from] Volt Switch
|-ability|p1a: Chien-Pao|Sword of Ruin
|
|-weather|SunnyDay|[upkeep]
|upkeep
|
|t:|1750856830
|switch|p1b: Miraidon|Miraidon, L50, tera:Fairy|87/100
|-fieldstart|move: Electric Terrain|[from] ability: Hadron Engine|[of] p1b: Miraidon
|turn|4
|
|t:|1750856844
|switch|p2a: Lunala|Lunala, L50|100/100
|move|p2b: Flutter Mane|Protect|p2b: Flutter Mane
|-singleturn|p2b: Flutter Mane|Protect
|move|p1b: Miraidon|Dazzling Gleam|p2b: Flutter Mane|[spread] p2a
|-activate|p2b: Flutter Mane|move: Protect
|-damage|p2a: Lunala|78/100
|move|p1a: Chien-Pao|Crunch|p2b: Flutter Mane
|-activate|p2b: Flutter Mane|move: Protect
|
|-weather|SunnyDay|[upkeep]
|upkeep
|turn|5
|inactive|Dakimakura69 has 30 seconds left.
|
|t:|1750856874
|switch|p2a: Indeedee|Indeedee-F, L50, F|51/100
|-fieldstart|move: Psychic Terrain|[from] ability: Psychic Surge|[of] p2a: Indeedee
|move|p2b: Flutter Mane|Icy Wind|p1a: Chien-Pao|[spread] p1a,p1b
|-resisted|p1a: Chien-Pao
|-damage|p1a: Chien-Pao|88/100
|-damage|p1b: Miraidon|73/100
|-unboost|p1a: Chien-Pao|spe|1
|-unboost|p1b: Miraidon|spe|1
|move|p1b: Miraidon|Dazzling Gleam|p2b: Flutter Mane|[spread] p2a,p2b
|-damage|p2a: Indeedee|3/100
|-damage|p2b: Flutter Mane|0 fnt
|faint|p2b: Flutter Mane
|-end|p2b: Flutter Mane|Protosynthesis|[silent]
|move|p1a: Chien-Pao|Crunch|p2a: Indeedee
|-supereffective|p2a: Indeedee
|-damage|p2a: Indeedee|0 fnt
|-damage|p1a: Chien-Pao|71/100|[from] item: Rocky Helmet|[of] p2a: Indeedee
|faint|p2a: Indeedee
|
|-weather|none
|upkeep
|
|t:|1750856892
|switch|p2b: Lunala|Lunala, L50|78/100
|turn|6
|
|t:|1750856898
|move|p2b: Lunala|Meteor Beam||[still]
|-prepare|p2b: Lunala|Meteor Beam
|-boost|p2b: Lunala|spa|1
|-enditem|p2b: Lunala|Power Herb
|-anim|p2b: Lunala|Meteor Beam|p1a: Chien-Pao
|-supereffective|p1a: Chien-Pao
|-damage|p1a: Chien-Pao|0 fnt
|faint|p1a: Chien-Pao
|move|p1b: Miraidon|Dazzling Gleam|p2b: Lunala
|-crit|p2b: Lunala
|-damage|p2b: Lunala|7/100
|
|upkeep
|turn|7
|c|☆Dakimakura69|ah damk nit
|
|t:|1750856916
|move|p2b: Lunala|Expanding Force|p1b: Miraidon
|-damage|p1b: Miraidon|0 fnt
|faint|p1b: Miraidon
|
|win|Dakimakura69
|raw|Cecilego3's rating: 1461 &rarr; <strong>1438</strong><br />(-23 for losing)
|raw|Dakimakura69's rating: 1403 &rarr; <strong>1426</strong><br />(+23 for winning)
|c|☆Dakimakura69|ok nvm
|c|☆Dakimakura69|:>
