|j|☆TotallyNotAutistic
|j|☆KilamanolaVGC
|t:|1750814918
|gametype|doubles
|player|p1|TotallyNotAutistic|1|1192
|player|p2|KilamanolaVGC|red|1152
|teamsize|p1|6
|teamsize|p2|6
|gen|9
|tier|[Gen 9] VGC 2025 Reg I
|rated|
|rule|Species Clause: Limit one of each Pokémon
|rule|Item Clause: Limit 1 of each item
|clearpoke
|poke|p1|Reshiram, L50|
|poke|p1|Malamar, L50, F|
|poke|p1|Miraidon, L50|
|poke|p1|Farigiraf, L50, F|
|poke|p1|Iron Hands, L50|
|poke|p1|Gastrodon, L50, F|
|poke|p2|Scream Tail, L50|
|poke|p2|Gothitelle, L50, F|
|poke|p2|Koraidon, L50|
|poke|p2|Calyrex-Shadow, L50|
|poke|p2|Incineroar, L50, M|
|poke|p2|Amoonguss, L50, M|
|teampreview|4
|inactive|Battle timer is ON: inactive players will automatically lose when time's up. (requested by KilamanolaVGC)
|
|t:|1750814939
|start
|switch|p1a: Reshiram|Reshiram, L50|100/100
|switch|p1b: Malamar|Malamar, L50, F|100/100
|switch|p2a: Gothitelle|Gothitelle, L50, F, shiny|100/100
|switch|p2b: Scream Tail|Scream Tail, L50, shiny|100/100
|-ability|p1a: Reshiram|Turboblaze
|-enditem|p2b: Scream Tail|Booster Energy
|-activate|p2b: Scream Tail|ability: Protosynthesis|[fromitem]
|-start|p2b: Scream Tail|protosynthesisspe
|turn|1
|inactive|KilamanolaVGC has 30 seconds left.
|
|t:|1750814974
|move|p2b: Scream Tail|Perish Song|p2b: Scream Tail
|-start|p1a: Reshiram|perish3|[silent]
|-start|p1b: Malamar|perish3|[silent]
|-start|p2a: Gothitelle|perish3|[silent]
|-start|p2b: Scream Tail|perish3|[silent]
|-fieldactivate|move: Perish Song
|move|p1a: Reshiram|Overheat|p2a: Gothitelle
|-damage|p2a: Gothitelle|10/100
|-unboost|p1a: Reshiram|spa|2
|-damage|p1a: Reshiram|91/100|[from] item: Life Orb
|move|p2a: Gothitelle|Taunt|p1b: Malamar
|-start|p1b: Malamar|move: Taunt
|cant|p1b: Malamar|move: Taunt|Trick Room
|
|-heal|p2a: Gothitelle|16/100|[from] item: Leftovers
|-start|p2b: Scream Tail|perish3
|-start|p1b: Malamar|perish3
|-start|p2a: Gothitelle|perish3
|-start|p1a: Reshiram|perish3
|upkeep
|turn|2
|inactive|KilamanolaVGC has 30 seconds left.
|
|t:|1750815003
|move|p2a: Gothitelle|Protect|p2a: Gothitelle
|-singleturn|p2a: Gothitelle|Protect
|move|p2b: Scream Tail|Disable|p1a: Reshiram
|-start|p1a: Reshiram|Disable|Overheat
|move|p1b: Malamar|Foul Play|p2b: Scream Tail
|-damage|p2b: Scream Tail|88/100
|move|p1a: Reshiram|Heat Wave|p2a: Gothitelle|[spread] p2b
|-activate|p2a: Gothitelle|move: Protect
|-damage|p2b: Scream Tail|68/100
|-damage|p1a: Reshiram|81/100|[from] item: Life Orb
|
|-heal|p2a: Gothitelle|22/100|[from] item: Leftovers
|-start|p2b: Scream Tail|perish2
|-start|p1b: Malamar|perish2
|-start|p2a: Gothitelle|perish2
|-start|p1a: Reshiram|perish2
|upkeep
|turn|3
|inactive|KilamanolaVGC has 30 seconds left.
|inactive|KilamanolaVGC has 20 seconds left.
|inactive|KilamanolaVGC has 15 seconds left.
|inactive|KilamanolaVGC has 10 seconds left.
|inactive|KilamanolaVGC has 5 seconds left.
|
|t:|1750815056
|-terastallize|p2a: Gothitelle|Water
|move|p2b: Scream Tail|Disable|p1b: Malamar
|-start|p1b: Malamar|Disable|Foul Play
|cant|p1b: Malamar|Disable|Foul Play
|move|p2a: Gothitelle|Psychic|p1a: Reshiram
|-damage|p1a: Reshiram|59/100
|move|p1a: Reshiram|Heat Wave|p2a: Gothitelle|[spread] p2a,p2b
|-resisted|p2a: Gothitelle
|-damage|p2a: Gothitelle|10/100
|-damage|p2b: Scream Tail|46/100
|-status|p2a: Gothitelle|brn
|-damage|p1a: Reshiram|49/100|[from] item: Life Orb
|
|-heal|p2a: Gothitelle|16/100 brn|[from] item: Leftovers
|-damage|p2a: Gothitelle|10/100 brn|[from] brn
|-end|p1b: Malamar|move: Taunt
|-start|p2b: Scream Tail|perish1
|-start|p1b: Malamar|perish1
|-start|p2a: Gothitelle|perish1
|-start|p1a: Reshiram|perish1
|upkeep
|turn|4
|inactive|TotallyNotAutistic has 30 seconds left.
|inactive|KilamanolaVGC has 30 seconds left.
|inactive|TotallyNotAutistic has 20 seconds left.
|
|t:|1750815093
|-end|p2b: Scream Tail|Protosynthesis|[silent]
|switch|p2b: Koraidon|Koraidon, L50|100/100
|-weather|SunnyDay|[from] ability: Orichalcum Pulse|[of] p2b: Koraidon
|-activate|p2b: Koraidon|Orichalcum Pulse|[source]
|move|p2a: Gothitelle|Protect|p2a: Gothitelle
|-singleturn|p2a: Gothitelle|Protect
|move|p1a: Reshiram|Heat Wave|p2a: Gothitelle|[spread] p2b
|-activate|p2a: Gothitelle|move: Protect
|-resisted|p2b: Koraidon
|-damage|p2b: Koraidon|77/100
|-damage|p1a: Reshiram|39/100|[from] item: Life Orb
|move|p1b: Malamar|Trick Room|p1b: Malamar
|-fieldstart|move: Trick Room|[of] p1b: Malamar
|
|-weather|SunnyDay|[upkeep]
|-heal|p2a: Gothitelle|16/100 brn|[from] item: Leftovers
|-damage|p2a: Gothitelle|10/100 brn|[from] brn
|-start|p1a: Reshiram|perish0
|-start|p2a: Gothitelle|perish0
|-start|p1b: Malamar|perish0
|faint|p1a: Reshiram
|faint|p2a: Gothitelle
|faint|p1b: Malamar
|upkeep
|
|t:|1750815116
|switch|p2a: Calyrex|Calyrex-Shadow, L50|100/100
|switch|p1a: Miraidon|Miraidon, L50|100/100
|switch|p1b: Farigiraf|Farigiraf, L50, F|100/100
|-ability|p2a: Calyrex|As One
|-ability|p2a: Calyrex|Unnerve
|-fieldstart|move: Electric Terrain|[from] ability: Hadron Engine|[of] p1a: Miraidon
|-enditem|p1b: Farigiraf|Electric Seed
|-boost|p1b: Farigiraf|def|1|[from] item: Electric Seed
|turn|5
|
|t:|1750815136
|-terastallize|p1a: Miraidon|Fairy
|move|p1b: Farigiraf|Helping Hand|p1a: Miraidon
|-singleturn|p1a: Miraidon|Helping Hand|[of] p1b: Farigiraf
|move|p1a: Miraidon|Dazzling Gleam|p2a: Calyrex|[spread] p2a,p2b
|-supereffective|p2b: Koraidon
|-damage|p2a: Calyrex|25/100
|-damage|p2b: Koraidon|0 fnt
|faint|p2b: Koraidon
|move|p2a: Calyrex|Astral Barrage|p1a: Miraidon|[spread] p1a
|-immune|p1b: Farigiraf
|-damage|p1a: Miraidon|71/100
|
|-weather|SunnyDay|[upkeep]
|upkeep
|
|t:|1750815142
|switch|p2b: Scream Tail|Scream Tail, L50, shiny|46/100
|-activate|p2b: Scream Tail|ability: Protosynthesis
|-start|p2b: Scream Tail|protosynthesisspe
|turn|6
|-message|KilamanolaVGC forfeited.
|
|win|TotallyNotAutistic
|raw|TotallyNotAutistic's rating: 1192 &rarr; <strong>1214</strong><br />(+22 for winning)
|raw|KilamanolaVGC's rating: 1152 &rarr; <strong>1130</strong><br />(-22 for losing)
|l|☆KilamanolaVGC
|player|p2|
