|j|☆ilikeeatcheese
|j|☆Scottyboi3
|t:|1750856489
|gametype|doubles
|player|p1|ilikeeatcheese|2|1095
|player|p2|Scottyboi3|101|1047
|teamsize|p1|6
|teamsize|p2|6
|gen|9
|tier|[Gen 9] VGC 2025 Reg I
|rated|
|rule|Species Clause: Limit one of each Pokémon
|rule|Item Clause: Limit 1 of each item
|clearpoke
|poke|p1|Koraidon, L50|
|poke|p1|Lunala, L50|
|poke|p1|Incineroar, L50, M|
|poke|p1|Grimmsnarl, L50, M|
|poke|p1|Rillaboom, L50, M|
|poke|p1|Landorus-Therian, L50, M|
|poke|p2|Incineroar, L50, M|
|poke|p2|Kyogre, L50|
|poke|p2|Tornadus, L50, M|
|poke|p2|Amoonguss, L50, M|
|poke|p2|Roaring Moon, L50|
|poke|p2|Ting-Lu, L50|
|teampreview|4
|
|t:|1750856517
|start
|switch|p1a: Koraidon|Koraidon, L50|100/100
|switch|p1b: Rillaboom|Rillaboom, L50, M|100/100
|switch|p2a: Incineroar|Incineroar, L50, M|100/100
|switch|p2b: Tornadus|Tornadus, L50, M|100/100
|-weather|SunnyDay|[from] ability: Orichalcum Pulse|[of] p1a: Koraidon
|-activate|p1a: Koraidon|Orichalcum Pulse|[source]
|-fieldstart|move: Grassy Terrain|[from] ability: Grassy Surge|[of] p1b: Rillaboom
|-ability|p2a: Incineroar|Intimidate|boost
|-unboost|p1a: Koraidon|atk|1
|-unboost|p1b: Rillaboom|atk|1
|turn|1
|inactive|Battle timer is ON: inactive players will automatically lose when time's up. (requested by ilikeeatcheese)
|
|t:|1750856544
|move|p1b: Rillaboom|Fake Out|p2a: Incineroar
|-damage|p2a: Incineroar|93/100
|cant|p2a: Incineroar|flinch
|move|p2b: Tornadus|Tailwind|p2b: Tornadus
|-sidestart|p2: Scottyboi3|move: Tailwind
|move|p1a: Koraidon|Flare Blitz|p2b: Tornadus
|-enditem|p2b: Tornadus|Focus Sash
|-damage|p2b: Tornadus|1/100
|-status|p2b: Tornadus|brn
|-damage|p1a: Koraidon|71/100|[from] Recoil
|-damage|p1a: Koraidon|62/100|[from] item: Life Orb
|
|-weather|SunnyDay|[upkeep]
|-heal|p1a: Koraidon|67/100|[from] Grassy Terrain
|-heal|p2a: Incineroar|99/100|[from] Grassy Terrain
|-damage|p2b: Tornadus|0 fnt|[from] brn
|faint|p2b: Tornadus
|upkeep
|
|t:|1750856563
|switch|p2b: Kyogre|Kyogre, L50|100/100
|-weather|RainDance|[from] ability: Drizzle|[of] p2b: Kyogre
|turn|2
|inactive|ilikeeatcheese has 30 seconds left.
|
|t:|1750856588
|move|p1a: Koraidon|Protect|p1a: Koraidon
|-singleturn|p1a: Koraidon|Protect
|move|p1b: Rillaboom|Grassy Glide|p2b: Kyogre
|-supereffective|p2b: Kyogre
|-damage|p2b: Kyogre|59/100
|move|p2b: Kyogre|Water Spout|p1a: Koraidon|[spread] p1b
|-activate|p1a: Koraidon|move: Protect
|-resisted|p1b: Rillaboom
|-damage|p1b: Rillaboom|73/100
|move|p2a: Incineroar|Flare Blitz|p1b: Rillaboom
|-supereffective|p1b: Rillaboom
|-damage|p1b: Rillaboom|31/100
|-damage|p2a: Incineroar|86/100|[from] Recoil
|
|-weather|RainDance|[upkeep]
|-heal|p2b: Kyogre|64/100|[from] Grassy Terrain
|-heal|p1a: Koraidon|73/100|[from] Grassy Terrain
|-heal|p2a: Incineroar|92/100|[from] Grassy Terrain
|-heal|p1b: Rillaboom|36/100|[from] Grassy Terrain
|upkeep
|turn|3
|inactive|Scottyboi3 has 30 seconds left.
|
|t:|1750856621
|move|p2b: Kyogre|Protect|p2b: Kyogre
|-singleturn|p2b: Kyogre|Protect
|move|p1b: Rillaboom|Grassy Glide|p2b: Kyogre
|-activate|p2b: Kyogre|move: Protect
|move|p1a: Koraidon|Close Combat|p2a: Incineroar
|-supereffective|p2a: Incineroar
|-damage|p2a: Incineroar|0 fnt
|-unboost|p1a: Koraidon|def|1
|-unboost|p1a: Koraidon|spd|1
|faint|p2a: Incineroar
|-damage|p1a: Koraidon|63/100|[from] item: Life Orb
|
|-weather|RainDance|[upkeep]
|-heal|p2b: Kyogre|70/100|[from] Grassy Terrain
|-heal|p1a: Koraidon|69/100|[from] Grassy Terrain
|-heal|p1b: Rillaboom|42/100|[from] Grassy Terrain
|upkeep
|
|t:|1750856638
|switch|p2a: Roaring Moon|Roaring Moon, L50|100/100
|-enditem|p2a: Roaring Moon|Booster Energy
|-activate|p2a: Roaring Moon|ability: Protosynthesis|[fromitem]
|-start|p2a: Roaring Moon|protosynthesisatk
|turn|4
|inactive|Scottyboi3 has 30 seconds left.
|inactive|Scottyboi3 has 20 seconds left.
|inactive|Scottyboi3 has 15 seconds left.
|inactive|Scottyboi3 has 10 seconds left.
|
|t:|1750856686
|move|p2a: Roaring Moon|Protect|p2a: Roaring Moon
|-singleturn|p2a: Roaring Moon|Protect
|move|p2b: Kyogre|Origin Pulse|p1b: Rillaboom|[spread] p1a,p1b
|-resisted|p1a: Koraidon
|-resisted|p1b: Rillaboom
|-damage|p1a: Koraidon|12/100
|-damage|p1b: Rillaboom|12/100
|move|p1a: Koraidon|Close Combat|p2a: Roaring Moon
|-activate|p2a: Roaring Moon|move: Protect
|move|p1b: Rillaboom|Wood Hammer|p2b: Kyogre
|-supereffective|p2b: Kyogre
|-damage|p2b: Kyogre|0 fnt
|faint|p2b: Kyogre
|-damage|p1b: Rillaboom|0 fnt|[from] Recoil
|faint|p1b: Rillaboom
|
|-weather|RainDance|[upkeep]
|-heal|p1a: Koraidon|18/100|[from] Grassy Terrain
|-sideend|p2: Scottyboi3|move: Tailwind
|upkeep
|
|t:|1750856702
|switch|p1b: Incineroar|Incineroar, L50, M|100/100
|-ability|p1b: Incineroar|Intimidate|boost
|-unboost|p2a: Roaring Moon|atk|1
|turn|5
|
|t:|1750856714
|move|p2a: Roaring Moon|Protect||[still]
|-fail|p2a: Roaring Moon
|move|p1b: Incineroar|Fake Out|p2a: Roaring Moon
|-damage|p2a: Roaring Moon|85/100
|move|p1a: Koraidon|Close Combat|p2a: Roaring Moon
|-supereffective|p2a: Roaring Moon
|-crit|p2a: Roaring Moon
|-damage|p2a: Roaring Moon|0 fnt
|-unboost|p1a: Koraidon|def|1
|-unboost|p1a: Koraidon|spd|1
|faint|p2a: Roaring Moon
|-end|p2a: Roaring Moon|Protosynthesis|[silent]
|-damage|p1a: Koraidon|8/100|[from] item: Life Orb
|
|win|ilikeeatcheese
|raw|ilikeeatcheese's rating: 1095 &rarr; <strong>1117</strong><br />(+22 for winning)
|raw|Scottyboi3's rating: 1047 &rarr; <strong>1032</strong><br />(-15 for losing)
