|j|☆TCBro89
|j|☆konothedrew
|t:|1750775307
|gametype|doubles
|player|p1|TCBro89|red|1539
|player|p2|konothedrew|170|1566
|teamsize|p1|6
|teamsize|p2|6
|gen|9
|tier|[Gen 9] VGC 2025 Reg I
|rated|
|rule|Species Clause: Limit one of each Pokémon
|rule|Item Clause: Limit 1 of each item
|clearpoke
|poke|p1|Miraidon, L50|
|poke|p1|Iron Bundle, L50|
|poke|p1|Groudon, L50|
|poke|p1|Whimsicott, L50, F|
|poke|p1|Raging Bolt, L50|
|poke|p1|Farigiraf, L50, F|
|poke|p2|Calyrex-Ice, L50|
|poke|p2|Miraidon, L50|
|poke|p2|Landorus, L50, M|
|poke|p2|Farigiraf, L50, M|
|poke|p2|Incineroar, L50, F|
|poke|p2|Urshifu-*, L50, M|
|teampreview|4
|
|t:|1750775364
|start
|switch|p1a: Groudon|Groudon, L50|100/100
|switch|p1b: Raging Bolt|Raging Bolt, L50|100/100
|switch|p2a: Calyrex|Calyrex-Ice, L50|100/100
|switch|p2b: Horse Hater #1|Incineroar, L50, F|100/100
|-ability|p2a: Calyrex|As One
|-ability|p2a: Calyrex|Unnerve
|-weather|SunnyDay|[from] ability: Drought|[of] p1a: Groudon
|-activate|p1b: Raging Bolt|ability: Protosynthesis
|-start|p1b: Raging Bolt|protosynthesisspa
|-ability|p2b: Horse Hater #1|Intimidate|boost
|-fail|p1a: Groudon|unboost|[from] item: Clear Amulet|[of] p1a: Groudon
|-unboost|p1b: Raging Bolt|atk|1
|turn|1
|
|t:|1750775385
|move|p1b: Raging Bolt|Protect|p1b: Raging Bolt
|-singleturn|p1b: Raging Bolt|Protect
|move|p2b: Horse Hater #1|Fake Out|p1a: Groudon
|-damage|p1a: Groudon|92/100
|cant|p1a: Groudon|flinch
|move|p2a: Calyrex|Trick Room|p2a: Calyrex
|-fieldstart|move: Trick Room|[of] p2a: Calyrex
|
|-weather|SunnyDay|[upkeep]
|upkeep
|turn|2
|
|t:|1750775412
|switch|p1a: Miraidon|Miraidon, L50|100/100
|-fieldstart|move: Electric Terrain|[from] ability: Hadron Engine|[of] p1a: Miraidon
|-terastallize|p1b: Raging Bolt|Electric
|move|p1b: Raging Bolt|Rising Voltage|p2a: Calyrex
|-hint|Rising Voltage's BP doubled on grounded target.
|-damage|p2a: Calyrex|0 fnt
|faint|p2a: Calyrex
|move|p2b: Horse Hater #1|Knock Off|p1a: Miraidon
|-damage|p1a: Miraidon|58/100
|-enditem|p1a: Miraidon|Choice Specs|[from] move: Knock Off|[of] p2b: Horse Hater #1
|
|-weather|SunnyDay|[upkeep]
|upkeep
|c|☆konothedrew|what in the world just happened
|
|t:|1750775439
|switch|p2a: Landorus|Landorus, L50, M|100/100
|turn|3
|
|t:|1750775470
|switch|p1a: Groudon|Groudon, L50|92/100
|move|p1b: Raging Bolt|Draco Meteor|p2a: Landorus
|-damage|p2a: Landorus|13/100
|-unboost|p1b: Raging Bolt|spa|2
|move|p2b: Horse Hater #1|U-turn|p1b: Raging Bolt
|-damage|p1b: Raging Bolt|85/100
|
|t:|1750775478
|switch|p2b: Miraidon|Miraidon, L50|100/100|[from] U-turn
|-activate|p2b: Miraidon|ability: Hadron Engine
|move|p2a: Landorus|Sandsear Storm|p1a: Groudon|[spread] p1a
|-miss|p2a: Landorus|p1b: Raging Bolt
|-damage|p1a: Groudon|36/100
|
|-weather|SunnyDay|[upkeep]
|upkeep
|turn|4
|
|t:|1750775511
|-terastallize|p2b: Miraidon|Fairy
|move|p2a: Landorus|Protect|p2a: Landorus
|-singleturn|p2a: Landorus|Protect
|move|p1b: Raging Bolt|Draco Meteor|p2a: Landorus
|-activate|p2a: Landorus|move: Protect
|move|p1a: Groudon|Precipice Blades|p2a: Landorus|[spread] p2b
|-activate|p2a: Landorus|move: Protect
|-damage|p2b: Miraidon|43/100
|move|p2b: Miraidon|Volt Switch|p1b: Raging Bolt
|-resisted|p1b: Raging Bolt
|-damage|p1b: Raging Bolt|44/100
|
|t:|1750775521
|switch|p2b: Horse Hater #1|Incineroar, L50, F|100/100|[from] Volt Switch
|-ability|p2b: Horse Hater #1|Intimidate|boost
|-fail|p1a: Groudon|unboost|[from] item: Clear Amulet|[of] p1a: Groudon
|-unboost|p1b: Raging Bolt|atk|1
|
|-weather|SunnyDay|[upkeep]
|upkeep
|turn|5
|
|t:|1750775559
|move|p2b: Horse Hater #1|Fake Out|p1b: Raging Bolt
|-damage|p1b: Raging Bolt|35/100
|cant|p1b: Raging Bolt|flinch
|move|p1a: Groudon|Heat Crash|p2a: Landorus
|-damage|p2a: Landorus|0 fnt
|faint|p2a: Landorus
|
|-weather|none
|-end|p1b: Raging Bolt|Protosynthesis
|-fieldend|move: Trick Room
|upkeep
|
|t:|1750775567
|switch|p2a: Miraidon|Miraidon, L50, tera:Fairy|43/100
|-activate|p2a: Miraidon|ability: Hadron Engine
|turn|6
|
|t:|1750775584
|move|p1a: Groudon|Protect|p1a: Groudon
|-singleturn|p1a: Groudon|Protect
|move|p1b: Raging Bolt|Protect|p1b: Raging Bolt
|-singleturn|p1b: Raging Bolt|Protect
|move|p2a: Miraidon|Dazzling Gleam|p1b: Raging Bolt|[spread] 
|-activate|p1a: Groudon|move: Protect
|-activate|p1b: Raging Bolt|move: Protect
|move|p2b: Horse Hater #1|Flare Blitz|p1b: Raging Bolt
|-activate|p1b: Raging Bolt|move: Protect
|
|-fieldend|move: Electric Terrain
|upkeep
|turn|7
|
|t:|1750775602
|move|p1b: Raging Bolt|Thunderclap|p2a: Miraidon
|-damage|p2a: Miraidon|19/100
|move|p2a: Miraidon|Dazzling Gleam|p1a: Groudon|[spread] p1a,p1b
|-damage|p1a: Groudon|0 fnt
|-damage|p1b: Raging Bolt|0 fnt
|faint|p1a: Groudon
|faint|p1b: Raging Bolt
|-end|p1b: Raging Bolt|Protosynthesis|[silent]
|move|p2b: Horse Hater #1|Flare Blitz|p1: Groudon|[notarget]
|-fail|p2b: Horse Hater #1
|
|upkeep
|
|t:|1750775610
|switch|p1a: Miraidon|Miraidon, L50|58/100
|switch|p1b: Iron Bundle|Iron Bundle, L50|100/100
|-fieldstart|move: Electric Terrain|[from] ability: Hadron Engine|[of] p1a: Miraidon
|-activate|p1b: Iron Bundle|ability: Quark Drive
|-start|p1b: Iron Bundle|quarkdrivespe
|turn|8
|
|t:|1750775628
|move|p1b: Iron Bundle|Ice Beam|p2a: Miraidon
|-damage|p2a: Miraidon|0 fnt
|faint|p2a: Miraidon
|move|p1a: Miraidon|Electro Drift|p2b: Horse Hater #1
|-damage|p2b: Horse Hater #1|39/100
|move|p2b: Horse Hater #1|Flare Blitz|p1b: Iron Bundle
|-damage|p1b: Iron Bundle|36/100
|-damage|p2b: Horse Hater #1|25/100|[from] Recoil
|
|upkeep
|turn|9
|
|t:|1750775641
|move|p1b: Iron Bundle|Ice Beam|p2b: Horse Hater #1
|-resisted|p2b: Horse Hater #1
|-damage|p2b: Horse Hater #1|13/100
|move|p1a: Miraidon|Electro Drift|p2b: Horse Hater #1
|-damage|p2b: Horse Hater #1|0 fnt
|faint|p2b: Horse Hater #1
|
|win|TCBro89
|raw|TCBro89's rating: 1539 &rarr; <strong>1561</strong><br />(+22 for winning)
|raw|konothedrew's rating: 1566 &rarr; <strong>1544</strong><br />(-22 for losing)
|l|☆TCBro89
|player|p1|
|l|☆konothedrew
|player|p2|
|j|☆konothedrew
|player|p2|konothedrew|170|
