|j|☆demitribien
|j|☆ad_theprocess
|t:|1750825401
|gametype|doubles
|player|p1|demitribien|266|1120
|player|p2|ad_theprocess|102|1152
|teamsize|p1|6
|teamsize|p2|6
|gen|9
|tier|[Gen 9] VGC 2025 Reg I
|rated|
|rule|Species Clause: Limit one of each Pokémon
|rule|Item Clause: Limit 1 of each item
|clearpoke
|poke|p1|Zacian-*, L50|
|poke|p1|Lunala, L50|
|poke|p1|Whimsicott, L50, F|
|poke|p1|Indeedee-F, L50, F|
|poke|p1|Raging Bolt, L50|
|poke|p1|Incineroar, L50, M|
|poke|p2|Koraidon, L50|
|poke|p2|Scream Tail, L50|
|poke|p2|Gothitelle, L50, M|
|poke|p2|Incineroar, L50, F|
|poke|p2|Giratina-Origin, L50|
|poke|p2|Brute Bonnet, L50|
|teampreview|4
|inactive|Battle timer is ON: inactive players will automatically lose when time's up. (requested by demitribien)
|
|t:|1750825451
|start
|switch|p1a: Incineroar|Incineroar, L50, M|100/100
|switch|p1b: Lunala|Lunala, L50|100/100
|switch|p2a: Koraidon|Koraidon, L50|100/100
|switch|p2b: Gothitelle|Gothitelle, L50, M|100/100
|-weather|SunnyDay|[from] ability: Orichalcum Pulse|[of] p2a: Koraidon
|-activate|p2a: Koraidon|Orichalcum Pulse|[source]
|-ability|p1a: Incineroar|Intimidate|boost
|-fail|p2a: Koraidon|unboost|[from] item: Clear Amulet|[of] p2a: Koraidon
|-unboost|p2b: Gothitelle|atk|1
|turn|1
|inactive|ad_theprocess has 30 seconds left.
|
|t:|1750825483
|move|p2b: Gothitelle|Fake Out|p1a: Incineroar
|-damage|p1a: Incineroar|97/100
|cant|p1a: Incineroar|flinch
|move|p2a: Koraidon|Flame Charge|p1b: Lunala
|-damage|p1b: Lunala|84/100
|-boost|p2a: Koraidon|spe|1
|move|p1b: Lunala|Expanding Force|p2a: Koraidon
|-supereffective|p2a: Koraidon
|-damage|p2a: Koraidon|7/100
|
|-weather|SunnyDay|[upkeep]
|upkeep
|turn|2
|inactive|demitribien has 30 seconds left.
|inactive|ad_theprocess has 30 seconds left.
|inactive|ad_theprocess has 20 seconds left.
|inactive|demitribien has 20 seconds left.
|
|t:|1750825525
|-terastallize|p1a: Incineroar|Ghost
|move|p2a: Koraidon|Close Combat|p1a: Incineroar
|-immune|p1a: Incineroar
|move|p1b: Lunala|Meteor Beam||[still]
|-prepare|p1b: Lunala|Meteor Beam
|-boost|p1b: Lunala|spa|1
|-enditem|p1b: Lunala|Power Herb
|-anim|p1b: Lunala|Meteor Beam|p2a: Koraidon
|-resisted|p2a: Koraidon
|-damage|p2a: Koraidon|0 fnt
|faint|p2a: Koraidon
|move|p2b: Gothitelle|Taunt|p1b: Lunala
|-start|p1b: Lunala|move: Taunt
|move|p1a: Incineroar|Knock Off|p2b: Gothitelle
|-supereffective|p2b: Gothitelle
|-damage|p2b: Gothitelle|12/100
|-enditem|p2b: Gothitelle|Leftovers|[from] move: Knock Off|[of] p1a: Incineroar
|
|-weather|SunnyDay|[upkeep]
|upkeep
|
|t:|1750825545
|switch|p2a: Brute Bonnet|Brute Bonnet, L50|100/100
|-activate|p2a: Brute Bonnet|ability: Protosynthesis
|-start|p2a: Brute Bonnet|protosynthesisdef
|turn|3
|inactive|demitribien has 30 seconds left.
|
|t:|1750825576
|switch|p1a: Whimsicott|Whimsicott, L50, F|100/100
|move|p2b: Gothitelle|Protect|p2b: Gothitelle
|-singleturn|p2b: Gothitelle|Protect
|move|p1b: Lunala|Moongeist Beam|p2b: Gothitelle
|-activate|p2b: Gothitelle|move: Protect
|move|p2a: Brute Bonnet|Spore|p1b: Lunala
|-status|p1b: Lunala|slp|[from] move: Spore
|
|-weather|SunnyDay|[upkeep]
|upkeep
|turn|4
|inactive|ad_theprocess has 30 seconds left.
|
|t:|1750825606
|switch|p1b: Incineroar|Incineroar, L50, M, tera:Ghost|97/100
|-ability|p1b: Incineroar|Intimidate|boost
|-unboost|p2a: Brute Bonnet|atk|1
|-unboost|p2b: Gothitelle|atk|1
|-end|p2a: Brute Bonnet|Protosynthesis|[silent]
|switch|p2a: Scream Tail|Scream Tail, L50|100/100
|-activate|p2a: Scream Tail|ability: Protosynthesis
|-start|p2a: Scream Tail|protosynthesisspe
|move|p1a: Whimsicott|Moonblast|p2a: Scream Tail
|-damage|p2a: Scream Tail|82/100
|move|p2b: Gothitelle|Psychic|p1a: Whimsicott
|-damage|p1a: Whimsicott|63/100
|
|-weather|SunnyDay|[upkeep]
|upkeep
|turn|5
|inactive|ad_theprocess has 30 seconds left.
|
|t:|1750825632
|switch|p2b: Brute Bonnet|Brute Bonnet, L50|100/100
|-activate|p2b: Brute Bonnet|ability: Protosynthesis
|-start|p2b: Brute Bonnet|protosynthesisdef
|move|p2a: Scream Tail|Protect|p2a: Scream Tail
|-singleturn|p2a: Scream Tail|Protect
|move|p1b: Incineroar|Fake Out|p2a: Scream Tail
|-activate|p2a: Scream Tail|move: Protect
|move|p1a: Whimsicott|Moonblast|p2a: Scream Tail
|-activate|p2a: Scream Tail|move: Protect
|
|-weather|none
|-end|p2a: Scream Tail|Protosynthesis
|-end|p2b: Brute Bonnet|Protosynthesis
|upkeep
|-enditem|p2a: Scream Tail|Booster Energy
|-activate|p2a: Scream Tail|ability: Protosynthesis|[fromitem]
|-start|p2a: Scream Tail|protosynthesisspe
|turn|6
|inactive|ad_theprocess has 30 seconds left.
|inactive|ad_theprocess has 20 seconds left.
|
|t:|1750825668
|-terastallize|p2b: Brute Bonnet|Water
|move|p1a: Whimsicott|Taunt|p2b: Brute Bonnet
|-start|p2b: Brute Bonnet|move: Taunt
|move|p2a: Scream Tail|Disable|p1a: Whimsicott
|-start|p1a: Whimsicott|Disable|Taunt
|move|p1b: Incineroar|Knock Off|p2a: Scream Tail
|-damage|p2a: Scream Tail|56/100
|move|p2b: Brute Bonnet|Body Press|p1b: Incineroar
|-immune|p1b: Incineroar
|
|upkeep
|turn|7
|
|t:|1750825690
|move|p1a: Whimsicott|Encore|p2b: Brute Bonnet
|-start|p2b: Brute Bonnet|Encore
|move|p2b: Brute Bonnet|Body Press|p1b: Incineroar
|-immune|p1b: Incineroar
|move|p2a: Scream Tail|Encore||[still]
|-fail|p2a: Scream Tail
|move|p1b: Incineroar|Flare Blitz|p2a: Scream Tail
|-damage|p2a: Scream Tail|10/100
|-status|p2a: Scream Tail|brn
|-damage|p1b: Incineroar|80/100|[from] Recoil
|
|-damage|p2a: Scream Tail|4/100 brn|[from] brn
|upkeep
|turn|8
|
|t:|1750825714
|-end|p2b: Brute Bonnet|Protosynthesis|[silent]
|switch|p2b: Gothitelle|Gothitelle, L50, M|12/100
|move|p1a: Whimsicott|Tailwind|p1a: Whimsicott
|-sidestart|p1: demitribien|move: Tailwind
|move|p2a: Scream Tail|Encore|p1a: Whimsicott
|-start|p1a: Whimsicott|Encore
|move|p1b: Incineroar|Parting Shot|p2b: Gothitelle
|-unboost|p2b: Gothitelle|atk|1
|-unboost|p2b: Gothitelle|spa|1
|
|t:|1750825725
|switch|p1b: Zacian|Zacian-Crowned, L50|100/100|[from] Parting Shot
|-ability|p1b: Zacian|Intrepid Sword|boost
|-boost|p1b: Zacian|atk|1
|
|-damage|p2a: Scream Tail|0 fnt|[from] brn
|faint|p2a: Scream Tail
|-end|p2a: Scream Tail|Protosynthesis|[silent]
|upkeep
|
|t:|1750825734
|switch|p2a: Brute Bonnet|Brute Bonnet, L50, tera:Water|100/100
|turn|9
|
|t:|1750825757
|move|p2b: Gothitelle|Fake Out|p1b: Zacian
|-resisted|p1b: Zacian
|-damage|p1b: Zacian|99/100
|move|p1a: Whimsicott|Tailwind||[still]
|-fail|p1a: Whimsicott
|cant|p1b: Zacian|flinch
|move|p2a: Brute Bonnet|Spore|p1b: Zacian
|-status|p1b: Zacian|slp|[from] move: Spore
|
|upkeep
|turn|10
|inactive|ad_theprocess has 30 seconds left.
|inactive|ad_theprocess has 20 seconds left.
|inactive|ad_theprocess has 15 seconds left.
|inactive|ad_theprocess has 10 seconds left.
|inactive|ad_theprocess has 5 seconds left.
|
|t:|1750825812
|move|p2b: Gothitelle|Fake Out||[still]
|-hint|Fake Out only works on your first turn out.
|-fail|p2b: Gothitelle
|move|p1a: Whimsicott|Tailwind||[still]
|-fail|p1a: Whimsicott
|cant|p1b: Zacian|slp
|move|p2a: Brute Bonnet|Spore|p1b: Zacian
|-fail|p1b: Zacian|slp
|
|-end|p1a: Whimsicott|Disable
|upkeep
|turn|11
|-message|ad_theprocess forfeited.
|
|win|demitribien
|raw|demitribien's rating: 1120 &rarr; <strong>1147</strong><br />(+27 for winning)
|raw|ad_theprocess's rating: 1152 &rarr; <strong>1125</strong><br />(-27 for losing)
|l|☆ad_theprocess
|player|p2|
|l|☆demitribien
|player|p1|
