|j|☆alice7575
|j|☆forgottenbladelost
|t:|1750801727
|gametype|doubles
|player|p1|alice7575|nurse|1434
|player|p2|forgottenbladelost|riley|1354
|teamsize|p1|6
|teamsize|p2|6
|gen|9
|tier|[Gen 9] VGC 2025 Reg I
|rated|
|rule|Species Clause: Limit one of each Pokémon
|rule|Item Clause: Limit 1 of each item
|clearpoke
|poke|p1|Calyrex-Shadow, L50|
|poke|p1|Maushold-Four, L50|
|poke|p1|Indeedee-F, L50, F|
|poke|p1|Flutter Mane, L50|
|poke|p1|Roaring Moon, L50|
|poke|p1|Groudon, L50|
|poke|p2|Zamazenta-*, L50|
|poke|p2|Terapagos, L50, M|
|poke|p2|Whimsicott, L50, M|
|poke|p2|Flutter Mane, L50|
|poke|p2|Urshifu-*, L50, M|
|poke|p2|Moltres, L50|
|teampreview|4
|
|t:|1750801759
|start
|switch|p1a: Flutter Mane|Flutter Mane, L50|100/100
|switch|p1b: Groudon|Groudon, L50|100/100
|switch|p2a: Moltres|Moltres, L50|100/100
|switch|p2b: Flutter Mane|Flutter Mane, L50|100/100
|-weather|SunnyDay|[from] ability: Drought|[of] p1b: Groudon
|-activate|p1a: Flutter Mane|ability: Protosynthesis
|-start|p1a: Flutter Mane|protosynthesisspe
|-activate|p2b: Flutter Mane|ability: Protosynthesis
|-start|p2b: Flutter Mane|protosynthesisspa
|turn|1
|
|t:|1750801788
|move|p2b: Flutter Mane|Protect|p2b: Flutter Mane
|-singleturn|p2b: Flutter Mane|Protect
|move|p1a: Flutter Mane|Taunt|p2a: Moltres
|-start|p2a: Moltres|move: Taunt
|move|p2a: Moltres|Solar Beam||[still]
|-prepare|p2a: Moltres|Solar Beam
|-anim|p2a: Moltres|Solar Beam|p1b: Groudon
|-supereffective|p1b: Groudon
|-damage|p1b: Groudon|20/100
|move|p1b: Groudon|Heat Crash|p2b: Flutter Mane
|-activate|p2b: Flutter Mane|move: Protect
|
|-weather|SunnyDay|[upkeep]
|upkeep
|turn|2
|
|t:|1750801811
|-end|p2b: Flutter Mane|Protosynthesis|[silent]
|switch|p2b: Terapagos|Terapagos, L50, M|100/100
|-activate|p2b: Terapagos|ability: Tera Shift
|detailschange|p2b: Terapagos|Terapagos-Terastal, L50, M
|-heal|p2b: Terapagos|100/100|[silent]
|move|p1a: Flutter Mane|Icy Wind|p2a: Moltres|[spread] p2a,p2b
|-activate|p2b: Terapagos|ability: Tera Shell
|-resisted|p2b: Terapagos
|-damage|p2a: Moltres|83/100
|-damage|p2b: Terapagos|93/100
|-unboost|p2a: Moltres|spe|1
|-unboost|p2b: Terapagos|spe|1
|move|p1b: Groudon|Heat Crash|p2b: Terapagos
|-damage|p2b: Terapagos|23/100
|move|p2a: Moltres|Solar Beam||[still]
|-prepare|p2a: Moltres|Solar Beam
|-anim|p2a: Moltres|Solar Beam|p1b: Groudon
|-supereffective|p1b: Groudon
|-damage|p1b: Groudon|0 fnt
|faint|p1b: Groudon
|
|-weather|SunnyDay|[upkeep]
|upkeep
|
|t:|1750801837
|switch|p1b: Calyrex|Calyrex-Shadow, L50|100/100
|-ability|p1b: Calyrex|As One
|-ability|p1b: Calyrex|Unnerve
|turn|3
|
|t:|1750801851
|switch|p2a: Flutter Mane|Flutter Mane, L50|100/100
|-activate|p2a: Flutter Mane|ability: Protosynthesis
|-start|p2a: Flutter Mane|protosynthesisspa
|switch|p2b: Zamazenta|Zamazenta-Crowned, L50|100/100
|-ability|p2b: Zamazenta|Dauntless Shield|boost
|-boost|p2b: Zamazenta|def|1
|move|p1a: Flutter Mane|Moonblast|p2a: Flutter Mane
|-damage|p2a: Flutter Mane|43/100
|-unboost|p2a: Flutter Mane|spa|1
|move|p1b: Calyrex|Expanding Force|p2a: Flutter Mane
|-damage|p2a: Flutter Mane|0 fnt
|faint|p2a: Flutter Mane
|-end|p2a: Flutter Mane|Protosynthesis|[silent]
|-ability|p1b: Calyrex|Grim Neigh|boost
|-boost|p1b: Calyrex|spa|1
|
|-weather|SunnyDay|[upkeep]
|upkeep
|
|t:|1750801871
|switch|p2a: Terapagos|Terapagos-Terastal, L50, M|23/100
|turn|4
|
|t:|1750801878
|-terastallize|p2a: Terapagos|Stellar
|detailschange|p2a: Terapagos|Terapagos-Stellar, L50, M, tera:Stellar
|-heal|p2a: Terapagos|44/100|[silent]
|-ability|p2a: Terapagos|Teraform Zero
|-weather|none
|-end|p1a: Flutter Mane|Protosynthesis
|move|p1b: Calyrex|Expanding Force|p2a: Terapagos
|-damage|p2a: Terapagos|0 fnt
|faint|p2a: Terapagos
|detailschange|p2: Terapagos|Terapagos, L50, M|[silent]
|-ability|p1b: Calyrex|Grim Neigh|boost
|-boost|p1b: Calyrex|spa|1
|move|p1a: Flutter Mane|Taunt|p2b: Zamazenta
|-start|p2b: Zamazenta|move: Taunt
|move|p2b: Zamazenta|Heavy Slam|p1a: Flutter Mane
|-supereffective|p1a: Flutter Mane
|-enditem|p1a: Flutter Mane|Focus Sash
|-damage|p1a: Flutter Mane|1/100
|
|upkeep
|
|t:|1750801897
|switch|p2a: Moltres|Moltres, L50|83/100
|turn|5
|inactive|Battle timer is ON: inactive players will automatically lose when time's up. (requested by alice7575)
|inactive|alice7575 has 60 seconds left.
|inactive|alice7575 has 30 seconds left.
|inactive|alice7575 has 20 seconds left.
|inactive|alice7575 has 15 seconds left.
|inactive|alice7575 has 10 seconds left.
|inactive|alice7575 has 5 seconds left.
|
|t:|1750802025
|move|p1a: Flutter Mane|Protect|p1a: Flutter Mane
|-singleturn|p1a: Flutter Mane|Protect
|move|p1b: Calyrex|Expanding Force|p2b: Zamazenta
|-crit|p2b: Zamazenta
|-damage|p2b: Zamazenta|0 fnt
|faint|p2b: Zamazenta
|-ability|p1b: Calyrex|Grim Neigh|boost
|-boost|p1b: Calyrex|spa|1
|move|p2a: Moltres|Solar Beam||[still]
|-prepare|p2a: Moltres|Solar Beam
|-enditem|p2a: Moltres|Power Herb
|-anim|p2a: Moltres|Solar Beam|p1b: Calyrex
|-damage|p1b: Calyrex|51/100
|
|upkeep
|turn|6
|
|t:|1750802044
|move|p1b: Calyrex|Expanding Force|p2a: Moltres
|-damage|p2a: Moltres|0 fnt
|faint|p2a: Moltres
|
|win|alice7575
|raw|alice7575's rating: 1434 &rarr; <strong>1449</strong><br />(+15 for winning)
|raw|forgottenbladelost's rating: 1354 &rarr; <strong>1339</strong><br />(-15 for losing)
|l|☆alice7575
|player|p1|
