|j|☆phalap
|j|☆actuary97
|t:|1750726018
|gametype|doubles
|player|p1|phalap|lucas-gen4pt|1527
|player|p2|actuary97|sabrina-frlg|1509
|teamsize|p1|6
|teamsize|p2|6
|gen|9
|tier|[Gen 9] VGC 2025 Reg I
|rated|
|rule|Species Clause: Limit one of each Pokémon
|rule|Item Clause: Limit 1 of each item
|clearpoke
|poke|p1|Miraidon, L50|
|poke|p1|Calyrex-Ice, L50|
|poke|p1|Incineroar, L50, M|
|poke|p1|Farigiraf, L50, F|
|poke|p1|Urshifu-*, L50, M|
|poke|p1|Landorus, L50, M|
|poke|p2|Whimsicott, L50, F|
|poke|p2|Calyrex-Ice, L50|
|poke|p2|Archaludon, L50, F|
|poke|p2|Kyogre, L50|
|poke|p2|Spectrier, L50|
|poke|p2|Indeedee-F, L50, F|
|teampreview|4
|inactive|Battle timer is ON: inactive players will automatically lose when time's up. (requested by phalap)
|inactive|phalap has 60 seconds left.
|inactive|actuary97 has 60 seconds left.
|inactive|phalap has 30 seconds left.
|inactive|actuary97 has 30 seconds left.
|
|t:|1750726092
|start
|switch|p1a: Calyrex|Calyrex-Ice, L50|100/100
|switch|p1b: Urshifu|Urshifu-Rapid-Strike, L50, M|100/100
|switch|p2a: Mischief Mother|Whimsicott, L50, F, shiny|100/100
|switch|p2b: Calyrex|Calyrex-Ice, L50|100/100
|-ability|p2b: Calyrex|As One
|-ability|p2b: Calyrex|Unnerve
|-ability|p1a: Calyrex|As One
|-ability|p1a: Calyrex|Unnerve
|turn|1
|
|t:|1750726112
|move|p1b: Urshifu|U-turn|p2b: Calyrex
|-supereffective|p2b: Calyrex
|-damage|p2b: Calyrex|58/100
|-enditem|p2b: Calyrex|Weakness Policy
|-boost|p2b: Calyrex|atk|2|[from] item: Weakness Policy
|-boost|p2b: Calyrex|spa|2|[from] item: Weakness Policy
|
|t:|1750726116
|switch|p1b: Incineroar|Incineroar, L50, M|100/100|[from] U-turn
|-ability|p1b: Incineroar|Intimidate|boost
|-unboost|p2a: Mischief Mother|atk|1
|-unboost|p2b: Calyrex|atk|1
|move|p2a: Mischief Mother|Moonblast|p1b: Incineroar
|-damage|p1b: Incineroar|81/100
|-unboost|p1b: Incineroar|spa|1
|move|p2b: Calyrex|Seed Bomb|p1b: Incineroar
|-resisted|p1b: Incineroar
|-damage|p1b: Incineroar|64/100
|move|p1a: Calyrex|Glacial Lance|p2a: Mischief Mother|[spread] p2a,p2b
|-supereffective|p2a: Mischief Mother
|-resisted|p2b: Calyrex
|-enditem|p2a: Mischief Mother|Focus Sash
|-damage|p2a: Mischief Mother|1/100
|-damage|p2b: Calyrex|43/100
|
|upkeep
|turn|2
|
|t:|1750726135
|switch|p2a: Big Blind Fish|Kyogre, L50, shiny|100/100
|-weather|RainDance|[from] ability: Drizzle|[of] p2a: Big Blind Fish
|move|p2b: Calyrex|Protect|p2b: Calyrex
|-singleturn|p2b: Calyrex|Protect
|move|p1b: Incineroar|Flare Blitz|p2b: Calyrex
|-activate|p2b: Calyrex|move: Protect
|move|p1a: Calyrex|Glacial Lance|p2b: Calyrex|[spread] p2a
|-activate|p2b: Calyrex|move: Protect
|-resisted|p2a: Big Blind Fish
|-crit|p2a: Big Blind Fish
|-damage|p2a: Big Blind Fish|69/100
|
|-weather|RainDance|[upkeep]
|upkeep
|turn|3
|
|t:|1750726148
|switch|p1b: Urshifu|Urshifu-Rapid-Strike, L50, M|100/100
|-terastallize|p1a: Calyrex|Water
|move|p2a: Big Blind Fish|Origin Pulse|p1b: Urshifu|[spread] p1a,p1b
|-resisted|p1a: Calyrex
|-resisted|p1b: Urshifu
|-damage|p1a: Calyrex|80/100
|-damage|p1b: Urshifu|49/100
|move|p2b: Calyrex|Glacial Lance|p1a: Calyrex|[spread] p1a,p1b
|-resisted|p1a: Calyrex
|-resisted|p1b: Urshifu
|-damage|p1a: Calyrex|58/100
|-damage|p1b: Urshifu|7/100
|move|p1a: Calyrex|Glacial Lance|p2b: Calyrex|[spread] p2a,p2b
|-resisted|p2a: Big Blind Fish
|-resisted|p2b: Calyrex
|-damage|p2a: Big Blind Fish|49/100
|-damage|p2b: Calyrex|27/100
|
|-weather|RainDance|[upkeep]
|-heal|p1a: Calyrex|63/100|[from] item: Leftovers
|upkeep
|turn|4
|
|t:|1750726167
|switch|p1a: Incineroar|Incineroar, L50, M|64/100
|-ability|p1a: Incineroar|Intimidate|boost
|-unboost|p2a: Big Blind Fish|atk|1
|-unboost|p2b: Calyrex|atk|1
|move|p1b: Urshifu|Surging Strikes|p2a: Big Blind Fish
|-resisted|p2a: Big Blind Fish
|-crit|p2a: Big Blind Fish
|-damage|p2a: Big Blind Fish|34/100
|-resisted|p2a: Big Blind Fish
|-crit|p2a: Big Blind Fish
|-damage|p2a: Big Blind Fish|20/100
|-resisted|p2a: Big Blind Fish
|-crit|p2a: Big Blind Fish
|-damage|p2a: Big Blind Fish|7/100
|-hitcount|p2a: Big Blind Fish|3
|move|p2a: Big Blind Fish|Origin Pulse|p1a: Incineroar|[spread] p1a,p1b
|-supereffective|p1a: Incineroar
|-resisted|p1b: Urshifu
|-damage|p1a: Incineroar|0 fnt
|-damage|p1b: Urshifu|0 fnt
|faint|p1a: Incineroar
|faint|p1b: Urshifu
|move|p2b: Calyrex|Seed Bomb|p1: Incineroar|[notarget]
|-fail|p2b: Calyrex
|
|-weather|RainDance|[upkeep]
|upkeep
|
|t:|1750726175
|switch|p1b: Calyrex|Calyrex-Ice, L50, tera:Water|63/100
|switch|p1a: Miraidon|Miraidon, L50|100/100
|-ability|p1b: Calyrex|As One
|-ability|p1b: Calyrex|Unnerve
|-fieldstart|move: Electric Terrain|[from] ability: Hadron Engine|[of] p1a: Miraidon
|turn|5
|
|t:|1750726189
|move|p2b: Calyrex|Protect|p2b: Calyrex
|-singleturn|p2b: Calyrex|Protect
|move|p1a: Miraidon|Dazzling Gleam|p2b: Calyrex|[spread] p2a
|-activate|p2b: Calyrex|move: Protect
|-damage|p2a: Big Blind Fish|0 fnt
|faint|p2a: Big Blind Fish
|move|p1b: Calyrex|Trick Room|p1b: Calyrex
|-fieldstart|move: Trick Room|[of] p1b: Calyrex
|
|-weather|RainDance|[upkeep]
|-heal|p1b: Calyrex|69/100|[from] item: Leftovers
|upkeep
|inactive|actuary97 has 30 seconds left.
|
|t:|1750726216
|switch|p2a: Mischief Mother|Whimsicott, L50, F, shiny|1/100
|turn|6
|
|t:|1750726221
|move|p2a: Mischief Mother|Encore|p1b: Calyrex
|-start|p1b: Calyrex|Encore
|move|p1b: Calyrex|Trick Room|p1b: Calyrex
|-fieldend|move: Trick Room
|move|p1a: Miraidon|Dazzling Gleam|p2a: Mischief Mother|[spread] p2a,p2b
|-damage|p2a: Mischief Mother|0 fnt
|-damage|p2b: Calyrex|0 fnt
|faint|p2a: Mischief Mother
|faint|p2b: Calyrex
|
|-weather|none
|-heal|p1b: Calyrex|75/100|[from] item: Leftovers
|upkeep
|
|t:|1750726227
|switch|p2b: Spectrier|Spectrier, L50|100/100
|turn|7
|
|t:|1750726231
|move|p1a: Miraidon|Dazzling Gleam|p2b: Spectrier
|-damage|p2b: Spectrier|42/100
|move|p2b: Spectrier|Snarl|p1b: Calyrex|[spread] p1a,p1b
|-crit|p1b: Calyrex
|-damage|p1a: Miraidon|89/100
|-damage|p1b: Calyrex|61/100
|-unboost|p1a: Miraidon|spa|1
|-unboost|p1b: Calyrex|spa|1
|-enditem|p2b: Spectrier|Throat Spray
|-boost|p2b: Spectrier|spa|1|[from] item: Throat Spray
|move|p1b: Calyrex|Trick Room|p1b: Calyrex
|-fieldstart|move: Trick Room|[of] p1b: Calyrex
|
|-heal|p1b: Calyrex|67/100|[from] item: Leftovers
|upkeep
|turn|8
|
|t:|1750726247
|move|p2b: Spectrier|Shadow Ball|p1a: Miraidon
|-damage|p1a: Miraidon|40/100
|move|p1a: Miraidon|Dazzling Gleam|p2b: Spectrier
|-crit|p2b: Spectrier
|-damage|p2b: Spectrier|0 fnt
|faint|p2b: Spectrier
|
|win|phalap
|raw|phalap's rating: 1527 &rarr; <strong>1546</strong><br />(+19 for winning)
|raw|actuary97's rating: 1509 &rarr; <strong>1490</strong><br />(-19 for losing)
|c|☆phalap|gg
|c|☆actuary97|gg
|l|☆actuary97
|player|p2|
|l|☆phalap
|player|p1|
