|j|☆Gappee
|j|☆bman311
|t:|1750825574
|gametype|doubles
|player|p1|Gappee|101|
|player|p2|bman311|elesa-masters|
|teamsize|p1|6
|teamsize|p2|6
|gen|9
|tier|[Gen 9] VGC 2025 Reg I
|rated|Tournament battle
|rule|Species Clause: Limit one of each Pokémon
|rule|Item Clause: Limit 1 of each item
|clearpoke
|poke|p1|Koraidon, L50|
|poke|p1|Gothitelle, L50, M|
|poke|p1|Scream Tail, L50|
|poke|p1|Incineroar, L50, M|
|poke|p1|Amoonguss, L50, M|
|poke|p1|Calyrex-Ice, L50|
|poke|p2|Miraidon, L50|
|poke|p2|Lunala, L50|
|poke|p2|Incineroar, L50, F|
|poke|p2|Ursaluna, L50, F|
|poke|p2|Urshifu-*, L50, M|
|poke|p2|Whimsicott, L50, M|
|teampreview|4
|inactive|Battle timer is ON: inactive players will automatically lose when time's up. (requested by bman311)
|inactive|Gappee also wants the timer to be on.
|j| sillE roverT
|
|t:|1750825604
|start
|switch|p1a: Koraidon|Koraidon, L50|100/100
|switch|p1b: Calyrex|Calyrex-Ice, L50|100/100
|switch|p2a: Lunala|Lunala, L50|100/100
|switch|p2b: Whimsicott|Whimsicott, L50, M|100/100
|-ability|p1b: Calyrex|As One
|-ability|p1b: Calyrex|Unnerve
|-weather|SunnyDay|[from] ability: Orichalcum Pulse|[of] p1a: Koraidon
|-activate|p1a: Koraidon|Orichalcum Pulse|[source]
|turn|1
|
|t:|1750825624
|switch|p2b: Incineroar|Incineroar, L50, F|100/100
|-ability|p2b: Incineroar|Intimidate|boost
|-unboost|p1a: Koraidon|atk|1
|-unboost|p1b: Calyrex|atk|1
|-terastallize|p1b: Calyrex|Water
|move|p1a: Koraidon|Protect|p1a: Koraidon
|-singleturn|p1a: Koraidon|Protect
|move|p2a: Lunala|Moongeist Beam|p1b: Calyrex
|-damage|p1b: Calyrex|66/100
|move|p1b: Calyrex|Leech Seed|p2a: Lunala
|-start|p2a: Lunala|move: Leech Seed
|
|-weather|SunnyDay|[upkeep]
|-heal|p1b: Calyrex|72/100|[from] item: Leftovers
|-damage|p2a: Lunala|88/100|[from] Leech Seed|[of] p1b: Calyrex
|-heal|p1b: Calyrex|85/100|[silent]
|upkeep
|turn|2
|
|t:|1750825648
|switch|p1a: Incineroar|Incineroar, L50, M|100/100
|-ability|p1a: Incineroar|Intimidate|boost
|-unboost|p2a: Lunala|atk|1
|-unboost|p2b: Incineroar|atk|1
|move|p1b: Calyrex|Protect|p1b: Calyrex
|-singleturn|p1b: Calyrex|Protect
|move|p2b: Incineroar|Fake Out|p1a: Incineroar
|-damage|p1a: Incineroar|94/100
|move|p2a: Lunala|Moonblast|p1a: Incineroar
|-damage|p1a: Incineroar|64/100
|-unboost|p1a: Incineroar|spa|1
|
|-weather|SunnyDay|[upkeep]
|-heal|p1b: Calyrex|91/100|[from] item: Leftovers
|-damage|p2a: Lunala|76/100|[from] Leech Seed|[of] p1b: Calyrex
|-heal|p1b: Calyrex|100/100|[silent]
|upkeep
|turn|3
|
|t:|1750825669
|switch|p2a: Whimsicott|Whimsicott, L50, M|100/100
|move|p2b: Incineroar|Knock Off|p1b: Calyrex
|-damage|p1b: Calyrex|83/100
|-enditem|p1b: Calyrex|Leftovers|[from] move: Knock Off|[of] p2b: Incineroar
|move|p1a: Incineroar|Knock Off|p2a: Whimsicott
|-resisted|p2a: Whimsicott
|-damage|p2a: Whimsicott|80/100
|-enditem|p2a: Whimsicott|Covert Cloak|[from] move: Knock Off|[of] p1a: Incineroar
|move|p1b: Calyrex|Trick Room|p1b: Calyrex
|-fieldstart|move: Trick Room|[of] p1b: Calyrex
|
|-weather|SunnyDay|[upkeep]
|upkeep
|turn|4
|
|t:|1750825685
|switch|p1a: Amoonguss|Amoonguss, L50, M|100/100
|-terastallize|p2a: Whimsicott|Water
|move|p2a: Whimsicott|Encore|p1b: Calyrex
|-start|p1b: Calyrex|Encore
|move|p1b: Calyrex|Trick Room|p1b: Calyrex
|-fieldend|move: Trick Room
|move|p2b: Incineroar|U-turn|p1a: Amoonguss
|-damage|p1a: Amoonguss|89/100
|
|t:|1750825694
|switch|p2b: Miraidon|Miraidon, L50|100/100|[from] U-turn
|-fieldstart|move: Electric Terrain|[from] ability: Hadron Engine|[of] p2b: Miraidon
|
|-weather|SunnyDay|[upkeep]
|upkeep
|turn|5
|
|t:|1750825714
|switch|p2a: Incineroar|Incineroar, L50, F|100/100
|-ability|p2a: Incineroar|Intimidate|boost
|-unboost|p1a: Amoonguss|atk|1
|-unboost|p1b: Calyrex|atk|1
|switch|p1b: Koraidon|Koraidon, L50|100/100
|-activate|p1b: Koraidon|ability: Orichalcum Pulse
|move|p2b: Miraidon|Electro Drift|p1b: Koraidon
|-resisted|p1b: Koraidon
|-damage|p1b: Koraidon|19/100
|move|p1a: Amoonguss|Spore|p2b: Miraidon
|-activate|p2b: Miraidon|move: Electric Terrain
|
|-weather|none
|upkeep
|turn|6
|
|t:|1750825736
|switch|p2b: Whimsicott|Whimsicott, L50, M, tera:Water|80/100
|move|p1b: Koraidon|Protect|p1b: Koraidon
|-singleturn|p1b: Koraidon|Protect
|move|p1a: Amoonguss|Protect|p1a: Amoonguss
|-singleturn|p1a: Amoonguss|Protect
|move|p2a: Incineroar|Fake Out|p1b: Koraidon
|-activate|p1b: Koraidon|move: Protect
|
|upkeep
|turn|7
|
|t:|1750825748
|switch|p1a: Calyrex|Calyrex-Ice, L50, tera:Water|83/100
|-ability|p1a: Calyrex|As One
|-ability|p1a: Calyrex|Unnerve
|move|p2b: Whimsicott|Encore|p1b: Koraidon
|-start|p1b: Koraidon|Encore
|move|p1b: Koraidon|Protect||[still]
|-fail|p1b: Koraidon
|move|p2a: Incineroar|Flare Blitz|p1a: Calyrex
|-resisted|p1a: Calyrex
|-damage|p1a: Calyrex|66/100
|-damage|p2a: Incineroar|95/100|[from] Recoil
|
|upkeep
|turn|8
|
|t:|1750825763
|switch|p1b: Incineroar|Incineroar, L50, M|64/100
|-ability|p1b: Incineroar|Intimidate|boost
|-unboost|p2a: Incineroar|atk|1
|-unboost|p2b: Whimsicott|atk|1
|move|p2b: Whimsicott|Moonblast|p1a: Calyrex
|-damage|p1a: Calyrex|49/100
|-unboost|p1a: Calyrex|spa|1
|move|p2a: Incineroar|U-turn|p1a: Calyrex
|-damage|p1a: Calyrex|41/100
|
|t:|1750825772
|switch|p2a: Lunala|Lunala, L50|76/100|[from] U-turn
|-enditem|p2a: Lunala|Electric Seed
|-boost|p2a: Lunala|def|1|[from] item: Electric Seed
|move|p1a: Calyrex|Glacial Lance|p2b: Whimsicott|[spread] p2a,p2b
|-resisted|p2b: Whimsicott
|-damage|p2a: Lunala|49/100
|-damage|p2b: Whimsicott|51/100
|
|-fieldend|move: Electric Terrain
|upkeep
|turn|9
|j| turtle100000000
|
|t:|1750825786
|switch|p2b: Incineroar|Incineroar, L50, F|95/100
|-ability|p2b: Incineroar|Intimidate|boost
|-unboost|p1a: Calyrex|atk|1
|-unboost|p1b: Incineroar|atk|1
|move|p2a: Lunala|Moongeist Beam|p1a: Calyrex
|-damage|p1a: Calyrex|6/100
|move|p1b: Incineroar|Knock Off|p2a: Lunala
|-supereffective|p2a: Lunala
|-damage|p2a: Lunala|12/100
|move|p1a: Calyrex|Glacial Lance|p2a: Lunala|[spread] p2a,p2b
|-resisted|p2b: Incineroar
|-damage|p2a: Lunala|0 fnt
|-damage|p2b: Incineroar|81/100
|faint|p2a: Lunala
|-ability|p1a: Calyrex|Chilling Neigh|boost
|-boost|p1a: Calyrex|atk|1
|
|upkeep
|
|t:|1750825796
|switch|p2a: Miraidon|Miraidon, L50|100/100
|-fieldstart|move: Electric Terrain|[from] ability: Hadron Engine|[of] p2a: Miraidon
|turn|10
|inactive|Gappee has 30 seconds left.
|
|t:|1750825826
|switch|p1a: Amoonguss|Amoonguss, L50, M|100/100
|move|p2a: Miraidon|Volt Switch|p1b: Incineroar
|-damage|p1b: Incineroar|0 fnt
|faint|p1b: Incineroar
|
|t:|1750825830
|switch|p2a: Whimsicott|Whimsicott, L50, M, tera:Water|51/100|[from] Volt Switch
|move|p2b: Incineroar|U-turn|p1a: Amoonguss
|-damage|p1a: Amoonguss|86/100
|
|t:|1750825832
|switch|p2b: Miraidon|Miraidon, L50|100/100|[from] U-turn
|-activate|p2b: Miraidon|ability: Hadron Engine
|
|upkeep
|
|t:|1750825838
|switch|p1b: Calyrex|Calyrex-Ice, L50, tera:Water|6/100
|-ability|p1b: Calyrex|As One
|-ability|p1b: Calyrex|Unnerve
|turn|11
|
|t:|1750825854
|move|p1a: Amoonguss|Rage Powder|p1a: Amoonguss
|-singleturn|p1a: Amoonguss|move: Rage Powder
|move|p2a: Whimsicott|Tailwind|p2a: Whimsicott
|-sidestart|p2: bman311|move: Tailwind
|move|p2b: Miraidon|Dazzling Gleam|p1a: Amoonguss|[spread] p1a,p1b
|-resisted|p1a: Amoonguss
|-damage|p1a: Amoonguss|63/100
|-damage|p1b: Calyrex|0 fnt
|faint|p1b: Calyrex
|
|upkeep
|
|t:|1750825861
|switch|p1b: Koraidon|Koraidon, L50|19/100
|-weather|SunnyDay|[from] ability: Orichalcum Pulse|[of] p1b: Koraidon
|-activate|p1b: Koraidon|Orichalcum Pulse|[source]
|turn|12
|
|t:|1750825875
|move|p1b: Koraidon|Protect|p1b: Koraidon
|-singleturn|p1b: Koraidon|Protect
|move|p2a: Whimsicott|Encore|p1a: Amoonguss
|-start|p1a: Amoonguss|Encore
|-enditem|p1a: Amoonguss|Mental Herb
|-end|p1a: Amoonguss|Encore
|move|p2b: Miraidon|Dazzling Gleam|p1b: Koraidon|[spread] p1a
|-activate|p1b: Koraidon|move: Protect
|-resisted|p1a: Amoonguss
|-damage|p1a: Amoonguss|41/100
|move|p1a: Amoonguss|Pollen Puff|p2b: Miraidon
|-damage|p2b: Miraidon|86/100
|
|-weather|SunnyDay|[upkeep]
|upkeep
|turn|13
|-message|Gappee forfeited.
|
|win|bman311
|n|☆Gappee|gappee
|n|☆bman311|bman311
|n| sillE roverT|sillerovert
|n| turtle100000000|turtle100000000
|l|☆Gappee
|player|p1|
|c|☆bman311|gg
