|j|☆IceColdZekrom
|j|☆yaasuto
|t:|1750743258
|gametype|doubles
|player|p1|IceColdZekrom|101|1355
|player|p2|yaasuto|hilbert|1460
|teamsize|p1|6
|teamsize|p2|6
|gen|9
|tier|[Gen 9] VGC 2025 Reg I
|rated|
|rule|Species Clause: Limit one of each Pokémon
|rule|Item Clause: Limit 1 of each item
|clearpoke
|poke|p1|Thundurus, L50, M|
|poke|p1|Golurk, L50|
|poke|p1|Calyrex-Ice, L50|
|poke|p1|Rillaboom, L50, F|
|poke|p1|Zamazenta-*, L50|
|poke|p1|Farigiraf, L50, F|
|poke|p2|Ho-Oh, L50|
|poke|p2|Eternatus, L50|
|poke|p2|Wo-Chien, L50|
|poke|p2|Incineroar, L50, M|
|poke|p2|Rillaboom, L50, M|
|poke|p2|Ting-Lu, L50|
|teampreview|4
|inactive|Battle timer is ON: inactive players will automatically lose when time's up. (requested by yaasuto)
|
|t:|1750743285
|start
|switch|p1a: Rillaboom|Rillaboom, L50, F|100/100
|switch|p1b: Calyrex|Calyrex-Ice, L50|100/100
|switch|p2a: Eternatus|Eternatus, L50|100/100
|switch|p2b: Incineroar|Incineroar, L50, M|100/100
|-ability|p1b: Calyrex|As One
|-ability|p1b: Calyrex|Unnerve
|-ability|p2a: Eternatus|Pressure
|-fieldstart|move: Grassy Terrain|[from] ability: Grassy Surge|[of] p1a: Rillaboom
|-ability|p2b: Incineroar|Intimidate|boost
|-unboost|p1a: Rillaboom|atk|1
|-fail|p1b: Calyrex|unboost|[from] item: Clear Amulet|[of] p1b: Calyrex
|turn|1
|inactive|IceColdZekrom has 30 seconds left.
|inactive|IceColdZekrom has 20 seconds left.
|
|t:|1750743325
|move|p1a: Rillaboom|Fake Out|p2b: Incineroar
|-damage|p2b: Incineroar|93/100
|cant|p2b: Incineroar|flinch
|move|p2a: Eternatus|Substitute|p2a: Eternatus
|-start|p2a: Eternatus|Substitute
|-damage|p2a: Eternatus|76/100
|move|p1b: Calyrex|Glacial Lance|p2a: Eternatus|[spread] p2a,p2b
|-supereffective|p2a: Eternatus
|-end|p2a: Eternatus|Substitute
|-resisted|p2b: Incineroar
|-damage|p2b: Incineroar|71/100
|
|-heal|p2a: Eternatus|82/100|[from] Grassy Terrain
|-heal|p2a: Eternatus|88/100|[from] item: Black Sludge
|-heal|p2b: Incineroar|77/100|[from] Grassy Terrain
|upkeep
|turn|2
|inactive|IceColdZekrom has 30 seconds left.
|
|t:|1750743354
|switch|p1a: Golurk|Golurk, L50|100/100
|move|p2a: Eternatus|Substitute|p2a: Eternatus
|-start|p2a: Eternatus|Substitute
|-damage|p2a: Eternatus|63/100
|move|p2b: Incineroar|Knock Off|p1b: Calyrex
|-supereffective|p1b: Calyrex
|-damage|p1b: Calyrex|68/100
|-enditem|p1b: Calyrex|Clear Amulet|[from] move: Knock Off|[of] p2b: Incineroar
|move|p1b: Calyrex|Glacial Lance|p2a: Eternatus|[spread] p2a,p2b
|-supereffective|p2a: Eternatus
|-end|p2a: Eternatus|Substitute
|-resisted|p2b: Incineroar
|-damage|p2b: Incineroar|56/100
|
|-heal|p2a: Eternatus|69/100|[from] Grassy Terrain
|-heal|p2a: Eternatus|75/100|[from] item: Black Sludge
|-heal|p2b: Incineroar|62/100|[from] Grassy Terrain
|-heal|p1b: Calyrex|73/100|[from] Grassy Terrain
|upkeep
|turn|3
|
|t:|1750743369
|move|p2a: Eternatus|Protect|p2a: Eternatus
|-singleturn|p2a: Eternatus|Protect
|move|p1b: Calyrex|Protect|p1b: Calyrex
|-singleturn|p1b: Calyrex|Protect
|move|p2b: Incineroar|Parting Shot|p1b: Calyrex
|-activate|p1b: Calyrex|move: Protect
|move|p1a: Golurk|Earthquake|p2a: Eternatus|[spread] p2b
|-activate|p1b: Calyrex|move: Protect
|-activate|p2a: Eternatus|move: Protect
|-supereffective|p2b: Incineroar
|-damage|p2b: Incineroar|26/100
|
|-heal|p2a: Eternatus|81/100|[from] Grassy Terrain
|-heal|p2a: Eternatus|87/100|[from] item: Black Sludge
|-heal|p2b: Incineroar|32/100|[from] Grassy Terrain
|-heal|p1b: Calyrex|79/100|[from] Grassy Terrain
|upkeep
|turn|4
|
|t:|1750743384
|move|p2a: Eternatus|Substitute|p2a: Eternatus
|-start|p2a: Eternatus|Substitute
|-damage|p2a: Eternatus|63/100
|move|p2b: Incineroar|Parting Shot|p1b: Calyrex
|-unboost|p1b: Calyrex|atk|1
|-unboost|p1b: Calyrex|spa|1
|
|t:|1750743386
|switch|p2b: Ho-Oh|Ho-Oh, L50|100/100|[from] Parting Shot
|move|p1a: Golurk|High Horsepower|p2a: Eternatus
|-supereffective|p2a: Eternatus
|-end|p2a: Eternatus|Substitute
|move|p1b: Calyrex|Trick Room|p1b: Calyrex
|-fieldstart|move: Trick Room|[of] p1b: Calyrex
|
|-heal|p1b: Calyrex|85/100|[from] Grassy Terrain
|-heal|p2a: Eternatus|69/100|[from] Grassy Terrain
|-heal|p2a: Eternatus|75/100|[from] item: Black Sludge
|upkeep
|turn|5
|
|t:|1750743395
|move|p2a: Eternatus|Protect|p2a: Eternatus
|-singleturn|p2a: Eternatus|Protect
|move|p1a: Golurk|Poltergeist|p2b: Ho-Oh
|-activate|p2b: Ho-Oh|move: Poltergeist|Rocky Helmet
|-damage|p2b: Ho-Oh|54/100
|move|p1b: Calyrex|Glacial Lance|p2b: Ho-Oh|[spread] p2b
|-activate|p2a: Eternatus|move: Protect
|-damage|p2b: Ho-Oh|32/100
|move|p2b: Ho-Oh|Sacred Fire|p1a: Golurk
|-damage|p1a: Golurk|53/100
|
|-heal|p1a: Golurk|59/100|[from] Grassy Terrain
|-heal|p1b: Calyrex|91/100|[from] Grassy Terrain
|-heal|p2a: Eternatus|81/100|[from] Grassy Terrain
|-heal|p2a: Eternatus|87/100|[from] item: Black Sludge
|-fieldend|move: Grassy Terrain
|upkeep
|turn|6
|inactive|IceColdZekrom has 30 seconds left.
|
|t:|1750743421
|switch|p2b: Incineroar|Incineroar, L50, M|32/100
|-ability|p2b: Incineroar|Intimidate|boost
|-unboost|p1a: Golurk|atk|1
|-unboost|p1b: Calyrex|atk|1
|-terastallize|p2a: Eternatus|Poison
|move|p1a: Golurk|Dynamic Punch|p2b: Incineroar
|-supereffective|p2b: Incineroar
|-damage|p2b: Incineroar|0 fnt
|faint|p2b: Incineroar
|move|p1b: Calyrex|Glacial Lance|p2a: Eternatus
|-damage|p2a: Eternatus|65/100
|move|p2a: Eternatus|Substitute|p2a: Eternatus
|-start|p2a: Eternatus|Substitute
|-damage|p2a: Eternatus|40/100
|
|-heal|p2a: Eternatus|46/100|[from] item: Black Sludge
|upkeep
|
|t:|1750743429
|switch|p2b: Ho-Oh|Ho-Oh, L50|66/100
|turn|7
|inactive|IceColdZekrom has 30 seconds left.
|
|t:|1750743457
|switch|p1b: Rillaboom|Rillaboom, L50, F|100/100
|-fieldstart|move: Grassy Terrain|[from] ability: Grassy Surge|[of] p1b: Rillaboom
|move|p2a: Eternatus|Protect|p2a: Eternatus
|-singleturn|p2a: Eternatus|Protect
|move|p1a: Golurk|High Horsepower|p2a: Eternatus
|-activate|p2a: Eternatus|move: Protect
|move|p2b: Ho-Oh|Life Dew|p2b: Ho-Oh|[spread] p2a,p2b
|-heal|p2a: Eternatus|72/100
|-heal|p2b: Ho-Oh|91/100
|
|-heal|p1a: Golurk|65/100|[from] Grassy Terrain
|-heal|p2a: Eternatus|78/100|[from] Grassy Terrain
|-heal|p2a: Eternatus|84/100|[from] item: Black Sludge
|upkeep
|turn|8
|
|t:|1750743480
|move|p1b: Rillaboom|Fake Out|p2b: Ho-Oh
|-damage|p2b: Ho-Oh|80/100
|-damage|p1b: Rillaboom|84/100|[from] item: Rocky Helmet|[of] p2b: Ho-Oh
|move|p1a: Golurk|Poltergeist|p2b: Ho-Oh
|-activate|p2b: Ho-Oh|move: Poltergeist|Rocky Helmet
|-damage|p2b: Ho-Oh|52/100
|cant|p2b: Ho-Oh|flinch
|move|p2a: Eternatus|Toxic|p1a: Golurk
|-status|p1a: Golurk|tox
|
|-heal|p1a: Golurk|71/100 tox|[from] Grassy Terrain
|-heal|p1b: Rillaboom|90/100|[from] Grassy Terrain
|-heal|p2a: Eternatus|90/100|[from] Grassy Terrain
|-heal|p2a: Eternatus|96/100|[from] item: Black Sludge
|-damage|p1a: Golurk|65/100 tox|[from] psn
|-fieldend|move: Trick Room
|upkeep
|turn|9
|
|t:|1750743491
|move|p1b: Rillaboom|Grassy Glide|p2a: Eternatus
|-resisted|p2a: Eternatus
|-activate|p2a: Eternatus|move: Substitute|[damage]
|move|p2a: Eternatus|Toxic|p1b: Rillaboom
|-status|p1b: Rillaboom|tox
|move|p2b: Ho-Oh|Life Dew|p2b: Ho-Oh|[spread] p2a,p2b
|-heal|p2a: Eternatus|100/100
|-heal|p2b: Ho-Oh|77/100
|move|p1a: Golurk|High Horsepower|p2a: Eternatus
|-supereffective|p2a: Eternatus
|-end|p2a: Eternatus|Substitute
|
|-heal|p1b: Rillaboom|95/100 tox|[from] Grassy Terrain
|-heal|p1a: Golurk|71/100 tox|[from] Grassy Terrain
|-damage|p1b: Rillaboom|90/100 tox|[from] psn
|-damage|p1a: Golurk|59/100 tox|[from] psn
|upkeep
|turn|10
|
|t:|1750743502
|move|p1b: Rillaboom|Grassy Glide|p2b: Ho-Oh
|-resisted|p2b: Ho-Oh
|-damage|p2b: Ho-Oh|70/100
|-damage|p1b: Rillaboom|73/100 tox|[from] item: Rocky Helmet|[of] p2b: Ho-Oh
|move|p2a: Eternatus|Substitute|p2a: Eternatus
|-start|p2a: Eternatus|Substitute
|-damage|p2a: Eternatus|76/100
|move|p2b: Ho-Oh|Sacred Fire|p1b: Rillaboom
|-supereffective|p1b: Rillaboom
|-damage|p1b: Rillaboom|0 fnt
|faint|p1b: Rillaboom
|move|p1a: Golurk|Poltergeist|p2b: Ho-Oh
|-activate|p2b: Ho-Oh|move: Poltergeist|Rocky Helmet
|-damage|p2b: Ho-Oh|43/100
|
|-heal|p2a: Eternatus|82/100|[from] Grassy Terrain
|-heal|p2a: Eternatus|88/100|[from] item: Black Sludge
|-heal|p1a: Golurk|65/100 tox|[from] Grassy Terrain
|-damage|p1a: Golurk|46/100 tox|[from] psn
|upkeep
|
|t:|1750743506
|switch|p1b: Calyrex|Calyrex-Ice, L50|91/100
|-ability|p1b: Calyrex|As One
|-ability|p1b: Calyrex|Unnerve
|turn|11
|
|t:|1750743531
|switch|p2b: Wo-Chien|Wo-Chien, L50|100/100
|-ability|p2b: Wo-Chien|Tablets of Ruin
|move|p2a: Eternatus|Toxic|p1b: Calyrex
|-status|p1b: Calyrex|tox
|move|p1b: Calyrex|High Horsepower|p2a: Eternatus
|-supereffective|p2a: Eternatus
|-end|p2a: Eternatus|Substitute
|move|p1a: Golurk|High Horsepower|p2a: Eternatus
|-supereffective|p2a: Eternatus
|-damage|p2a: Eternatus|56/100
|
|-heal|p2a: Eternatus|62/100|[from] Grassy Terrain
|-heal|p2a: Eternatus|68/100|[from] item: Black Sludge
|-heal|p1b: Calyrex|97/100 tox|[from] Grassy Terrain
|-heal|p1a: Golurk|53/100 tox|[from] Grassy Terrain
|-damage|p1b: Calyrex|91/100 tox|[from] psn
|-damage|p1a: Golurk|28/100 tox|[from] psn
|-fieldend|move: Grassy Terrain
|upkeep
|turn|12
|
|t:|1750743541
|move|p2a: Eternatus|Substitute|p2a: Eternatus
|-start|p2a: Eternatus|Substitute
|-damage|p2a: Eternatus|44/100
|move|p2b: Wo-Chien|Leech Seed|p1b: Calyrex
|-start|p1b: Calyrex|move: Leech Seed
|move|p1b: Calyrex|High Horsepower|p2b: Wo-Chien
|-resisted|p2b: Wo-Chien
|-damage|p2b: Wo-Chien|92/100
|move|p1a: Golurk|Dynamic Punch|p2b: Wo-Chien
|-supereffective|p2b: Wo-Chien
|-damage|p2b: Wo-Chien|65/100
|-start|p2b: Wo-Chien|confusion
|
|-heal|p2a: Eternatus|50/100|[from] item: Black Sludge
|-damage|p1b: Calyrex|79/100 tox|[from] Leech Seed|[of] p2b: Wo-Chien
|-heal|p2b: Wo-Chien|78/100|[silent]
|-damage|p1b: Calyrex|67/100 tox|[from] psn
|-damage|p1a: Golurk|0 fnt|[from] psn
|faint|p1a: Golurk
|upkeep
|-message|IceColdZekrom forfeited.
|
|win|yaasuto
|raw|IceColdZekrom's rating: 1355 &rarr; <strong>1341</strong><br />(-14 for losing)
|raw|yaasuto's rating: 1460 &rarr; <strong>1474</strong><br />(+14 for winning)
|l|☆IceColdZekrom
|player|p1|
|l|☆yaasuto
|player|p2|
