|j|☆NotASmeeree
|j|☆NarutoUzumaki1234
|t:|1750831015
|gametype|doubles
|player|p1|NotASmeeree|nate|1107
|player|p2|NarutoUzumaki1234|1|1158
|teamsize|p1|6
|teamsize|p2|6
|gen|9
|tier|[Gen 9] VGC 2025 Reg I
|rated|
|rule|Species Clause: Limit one of each Pokémon
|rule|Item Clause: Limit 1 of each item
|clearpoke
|poke|p1|Incineroar, L50, F|
|poke|p1|Calyrex-Shadow, L50|
|poke|p1|Koraidon, L50|
|poke|p1|Scream Tail, L50|
|poke|p1|Flutter Mane, L50|
|poke|p1|Ogerpon-Wellspring, L50, F|
|poke|p2|Terapagos, L50, M|
|poke|p2|Calyrex-Shadow, L50|
|poke|p2|Indeedee-F, L50, F|
|poke|p2|Hitmontop, L50, M|
|poke|p2|Chi-Yu, L50|
|poke|p2|Gallade, L50, M|
|teampreview|4
|inactive|Battle timer is ON: inactive players will automatically lose when time's up. (requested by NotASmeeree)
|
|t:|1750831049
|start
|switch|p1a: Koraidon|Koraidon, L50|100/100
|switch|p1b: Scream Tail|Scream Tail, L50|100/100
|switch|p2a: Chi-Yu|Chi-Yu, L50|100/100
|switch|p2b: Calyrex|Calyrex-Shadow, L50|100/100
|-ability|p2b: Calyrex|As One
|-ability|p2b: Calyrex|Unnerve
|-weather|SunnyDay|[from] ability: Orichalcum Pulse|[of] p1a: Koraidon
|-activate|p1b: Scream Tail|ability: Protosynthesis
|-start|p1b: Scream Tail|protosynthesisspe
|-activate|p1a: Koraidon|Orichalcum Pulse|[source]
|-ability|p2a: Chi-Yu|Beads of Ruin
|turn|1
|inactive|NotASmeeree has 30 seconds left.
|inactive|NarutoUzumaki1234 has 30 seconds left.
|inactive|NarutoUzumaki1234 has 20 seconds left.
|
|t:|1750831088
|switch|p1a: Ogerpon|Ogerpon-Wellspring, L50, F|100/100
|switch|p2a: Hitmontop|Hitmontop, L50, M|100/100
|-ability|p2a: Hitmontop|Intimidate|boost
|-unboost|p1a: Ogerpon|atk|1
|-unboost|p1b: Scream Tail|atk|1
|move|p1b: Scream Tail|Protect|p1b: Scream Tail
|-singleturn|p1b: Scream Tail|Protect
|move|p2b: Calyrex|Expanding Force|p1a: Ogerpon
|-damage|p1a: Ogerpon|51/100
|
|-weather|SunnyDay|[upkeep]
|upkeep
|turn|2
|
|t:|1750831108
|move|p2a: Hitmontop|Fake Out|p1b: Scream Tail
|-damage|p1b: Scream Tail|93/100
|move|p1b: Scream Tail|Disable|p2b: Calyrex
|-start|p2b: Calyrex|Disable|Expanding Force
|move|p2b: Calyrex|Astral Barrage|p1b: Scream Tail|[spread] p1a,p1b
|-supereffective|p1b: Scream Tail
|-damage|p1a: Ogerpon|0 fnt
|-damage|p1b: Scream Tail|16/100
|faint|p1a: Ogerpon
|-ability|p2b: Calyrex|Grim Neigh|boost
|-boost|p2b: Calyrex|spa|1
|
|-weather|SunnyDay|[upkeep]
|upkeep
|
|t:|1750831120
|switch|p1a: Flutter Mane|Flutter Mane, L50|100/100
|-activate|p1a: Flutter Mane|ability: Protosynthesis
|-start|p1a: Flutter Mane|protosynthesisspe
|turn|3
|inactive|NarutoUzumaki1234 has 30 seconds left.
|inactive|NarutoUzumaki1234 has 20 seconds left.
|inactive|NarutoUzumaki1234 has 15 seconds left.
|
|t:|1750831163
|-terastallize|p2b: Calyrex|Normal
|move|p2a: Hitmontop|Feint|p1b: Scream Tail
|-damage|p1b: Scream Tail|10/100
|move|p1a: Flutter Mane|Shadow Ball|p2b: Calyrex
|-immune|p2b: Calyrex
|move|p1b: Scream Tail|Disable||[still]
|-fail|p1b: Scream Tail
|move|p2b: Calyrex|Astral Barrage|p1b: Scream Tail|[spread] p1a,p1b
|-supereffective|p1a: Flutter Mane
|-supereffective|p1b: Scream Tail
|-enditem|p1a: Flutter Mane|Focus Sash
|-damage|p1a: Flutter Mane|1/100
|-damage|p1b: Scream Tail|0 fnt
|faint|p1b: Scream Tail
|-end|p1b: Scream Tail|Protosynthesis|[silent]
|-ability|p2b: Calyrex|Grim Neigh|boost
|-boost|p2b: Calyrex|spa|1
|
|-weather|SunnyDay|[upkeep]
|upkeep
|
|t:|1750831180
|switch|p1b: Koraidon|Koraidon, L50|100/100
|-activate|p1b: Koraidon|ability: Orichalcum Pulse
|turn|4
|
|t:|1750831194
|move|p2a: Hitmontop|Helping Hand|p2b: Calyrex
|-singleturn|p2b: Calyrex|Helping Hand|[of] p2a: Hitmontop
|move|p1a: Flutter Mane|Protect|p1a: Flutter Mane
|-singleturn|p1a: Flutter Mane|Protect
|move|p2b: Calyrex|Astral Barrage|p1a: Flutter Mane|[spread] p1b
|-activate|p1a: Flutter Mane|move: Protect
|-damage|p1b: Koraidon|0 fnt
|faint|p1b: Koraidon
|-ability|p2b: Calyrex|Grim Neigh|boost
|-boost|p2b: Calyrex|spa|1
|
|-weather|SunnyDay|[upkeep]
|upkeep
|turn|5
|-message|NotASmeeree forfeited.
|
|win|NarutoUzumaki1234
|raw|NotASmeeree's rating: 1107 &rarr; <strong>1086</strong><br />(-21 for losing)
|raw|NarutoUzumaki1234's rating: 1158 &rarr; <strong>1179</strong><br />(+21 for winning)
|l|☆NotASmeeree
|player|p1|
