|j|☆testdummystuff
|j|☆cyanide55
|t:|1750729224
|gametype|doubles
|player|p1|testdummystuff|miku-ground|
|player|p2|cyanide55|rosa|
|teamsize|p1|6
|teamsize|p2|6
|gen|9
|tier|[Gen 9] VGC 2025 Reg I
|rule|Species Clause: Limit one of each Pokémon
|rule|Item Clause: Limit 1 of each item
|clearpoke
|poke|p1|Lunala, L50|
|poke|p1|Kyurem-Black, L50|
|poke|p1|Farigiraf, L50, F|
|poke|p1|Incineroar, L50, F|
|poke|p1|Rillaboom, L50, M|
|poke|p1|Urshifu-*, L50, F|
|poke|p2|Lunala, L50|
|poke|p2|Kyurem-Black, L50|
|poke|p2|Farigiraf, L50, F|
|poke|p2|Incineroar, L50, F|
|poke|p2|Rillaboom, L50, M|
|poke|p2|Urshifu-*, L50, M|
|teampreview|4
|inactive|Battle timer is ON: inactive players will automatically lose when time's up. (requested by testdummystuff)
|inactiveoff|Battle timer is now OFF.
|
|t:|1750729249
|start
|switch|p1a: Broly|Rillaboom, L50, M|100/100
|switch|p1b: King|Incineroar, L50, F|100/100
|switch|p2a: King|Incineroar, L50, F|100/100
|switch|p2b: Broly|Rillaboom, L50, M|100/100
|-fieldstart|move: Grassy Terrain|[from] ability: Grassy Surge|[of] p1a: Broly
|-ability|p1b: King|Intimidate|boost
|-unboost|p2a: King|atk|1
|-unboost|p2b: Broly|atk|1
|-ability|p2a: King|Intimidate|boost
|-unboost|p1a: Broly|atk|1
|-unboost|p1b: King|atk|1
|turn|1
|c|☆cyanide55|lol
|c|☆testdummystuff|awesome lmao
|
|t:|1750729279
|-terastallize|p1b: King|Ghost
|move|p2b: Broly|Fake Out|p1b: King
|-immune|p1b: King
|move|p1a: Broly|Fake Out|p2b: Broly
|-crit|p2b: Broly
|-damage|p2b: Broly|83/100
|move|p2a: King|Fake Out|p1a: Broly
|-damage|p1a: Broly|94/100
|move|p1b: King|Taunt|p2a: King
|-start|p2a: King|move: Taunt
|
|-heal|p2b: Broly|89/100|[from] Grassy Terrain
|-heal|p1a: Broly|99/100|[from] Grassy Terrain
|upkeep
|turn|2
|c|☆cyanide55|XD
|c|☆cyanide55|almost the same start
|c|☆testdummystuff|true ^_^
|
|t:|1750729311
|move|p1a: Broly|U-turn|p2b: Broly
|-supereffective|p2b: Broly
|-damage|p2b: Broly|62/100
|
|t:|1750729315
|switch|p1a: Alatreon|Kyurem-Black, L50, shiny|100/100|[from] U-turn
|-ability|p1a: Alatreon|Teravolt
|move|p2b: Broly|U-turn|p1b: King
|-resisted|p1b: King
|-damage|p1b: King|94/100
|
|t:|1750729323
|switch|p2b: Nebby|Lunala, L50|100/100|[from] U-turn
|move|p1b: King|Parting Shot|p2b: Nebby
|-unboost|p2b: Nebby|atk|1
|-unboost|p2b: Nebby|spa|1
|
|t:|1750729328
|switch|p1b: Broly|Rillaboom, L50, M|99/100|[from] Parting Shot
|move|p2a: King|Knock Off|p1a: Alatreon
|-damage|p1a: Alatreon|79/100
|-enditem|p1a: Alatreon|Loaded Dice|[from] move: Knock Off|[of] p2a: King
|
|-heal|p1a: Alatreon|85/100|[from] Grassy Terrain
|-heal|p1b: Broly|100/100|[from] Grassy Terrain
|upkeep
|turn|3
|
|t:|1750729356
|-terastallize|p2b: Nebby|Fairy
|move|p2b: Nebby|Protect|p2b: Nebby
|-singleturn|p2b: Nebby|Protect
|move|p1a: Alatreon|Scale Shot|p2a: King
|-damage|p2a: King|85/100
|-damage|p2a: King|68/100
|-crit|p2a: King
|-damage|p2a: King|45/100
|-enditem|p2a: King|Sitrus Berry|[eat]
|-heal|p2a: King|69/100|[from] item: Sitrus Berry
|-hitcount|p2a: King|3
|-unboost|p1a: Alatreon|def|1
|-boost|p1a: Alatreon|spe|1
|move|p1b: Broly|Wood Hammer|p2b: Nebby
|-activate|p2b: Nebby|move: Protect
|move|p2a: King|Knock Off|p1b: Broly
|-damage|p1b: Broly|75/100
|-enditem|p1b: Broly|Assault Vest|[from] move: Knock Off|[of] p2a: King
|
|-heal|p1a: Alatreon|91/100|[from] Grassy Terrain
|-heal|p1b: Broly|81/100|[from] Grassy Terrain
|-heal|p2a: King|75/100|[from] Grassy Terrain
|upkeep
|turn|4
|
|t:|1750729387
|switch|p2a: Alatreon|Kyurem-Black, L50, shiny|100/100
|-ability|p2a: Alatreon|Teravolt
|move|p1a: Alatreon|Icicle Spear|p2b: Nebby
|-damage|p2b: Nebby|95/100
|-damage|p2b: Nebby|82/100
|-hitcount|p2b: Nebby|2
|move|p2b: Nebby|Moonblast|p1a: Alatreon
|-supereffective|p1a: Alatreon
|-damage|p1a: Alatreon|38/100
|move|p1b: Broly|Wood Hammer|p2b: Nebby
|-damage|p2b: Nebby|29/100
|-damage|p1b: Broly|58/100|[from] Recoil
|
|-heal|p1a: Alatreon|44/100|[from] Grassy Terrain
|-heal|p2b: Nebby|35/100|[from] Grassy Terrain
|-heal|p2b: Nebby|41/100|[from] item: Leftovers
|-heal|p1b: Broly|64/100|[from] Grassy Terrain
|upkeep
|turn|5
|
|t:|1750729413
|switch|p1b: King|Incineroar, L50, F, tera:Ghost|94/100
|-ability|p1b: King|Intimidate|boost
|-unboost|p2a: Alatreon|atk|1
|-unboost|p2b: Nebby|atk|1
|move|p1a: Alatreon|Scale Shot|p2a: Alatreon
|-supereffective|p2a: Alatreon
|-damage|p2a: Alatreon|73/100
|-supereffective|p2a: Alatreon
|-damage|p2a: Alatreon|45/100
|-hitcount|p2a: Alatreon|2
|-unboost|p1a: Alatreon|def|1
|-boost|p1a: Alatreon|spe|1
|move|p2b: Nebby|Calm Mind|p2b: Nebby
|-boost|p2b: Nebby|spa|1
|-boost|p2b: Nebby|spd|1
|move|p2a: Alatreon|Icicle Spear|p1b: King
|-damage|p1b: King|83/100
|-damage|p1b: King|73/100
|-damage|p1b: King|62/100
|-crit|p1b: King
|-damage|p1b: King|39/100
|-enditem|p1b: King|Sitrus Berry|[eat]
|-heal|p1b: King|64/100|[from] item: Sitrus Berry
|-damage|p1b: King|53/100
|-hitcount|p1b: King|5
|
|-heal|p1a: Alatreon|50/100|[from] Grassy Terrain
|-heal|p2b: Nebby|47/100|[from] Grassy Terrain
|-heal|p2b: Nebby|54/100|[from] item: Leftovers
|-heal|p2a: Alatreon|51/100|[from] Grassy Terrain
|-heal|p1b: King|59/100|[from] Grassy Terrain
|-fieldend|move: Grassy Terrain
|upkeep
|turn|6
|
|t:|1750729453
|move|p2a: Alatreon|Protect|p2a: Alatreon
|-singleturn|p2a: Alatreon|Protect
|move|p1b: King|Fake Out|p2b: Nebby
|-damage|p2b: Nebby|45/100
|move|p1a: Alatreon|Scale Shot|p2a: Alatreon
|-activate|p2a: Alatreon|move: Protect
|cant|p2b: Nebby|flinch
|
|-heal|p2b: Nebby|51/100|[from] item: Leftovers
|upkeep
|turn|7
|
|t:|1750729473
|switch|p2a: King|Incineroar, L50, F|75/100
|-ability|p2a: King|Intimidate|boost
|-unboost|p1a: Alatreon|atk|1
|-unboost|p1b: King|atk|1
|move|p1a: Alatreon|Scale Shot|p2a: King
|-damage|p2a: King|65/100
|-damage|p2a: King|53/100
|-damage|p2a: King|43/100
|-damage|p2a: King|32/100
|-hitcount|p2a: King|4
|-unboost|p1a: Alatreon|def|1
|-boost|p1a: Alatreon|spe|1
|move|p2b: Nebby|Moonblast|p1a: Alatreon
|-supereffective|p1a: Alatreon
|-damage|p1a: Alatreon|0 fnt
|faint|p1a: Alatreon
|move|p1b: King|Parting Shot|p2b: Nebby
|-unboost|p2b: Nebby|atk|1
|-unboost|p2b: Nebby|spa|1
|
|t:|1750729483
|switch|p1b: Broly|Rillaboom, L50, M|64/100|[from] Parting Shot
|-fieldstart|move: Grassy Terrain|[from] ability: Grassy Surge|[of] p1b: Broly
|
|-heal|p2b: Nebby|57/100|[from] Grassy Terrain
|-heal|p2b: Nebby|64/100|[from] item: Leftovers
|-heal|p1b: Broly|70/100|[from] Grassy Terrain
|-heal|p2a: King|38/100|[from] Grassy Terrain
|upkeep
|
|t:|1750729485
|switch|p1a: Shifu Town Hall|Urshifu-Rapid-Strike, L50, F|100/100
|turn|8
|
|t:|1750729513
|move|p1b: Broly|Fake Out|p2a: King
|-damage|p2a: King|26/100
|cant|p2a: King|flinch
|move|p1a: Shifu Town Hall|Surging Strikes|p2b: Nebby
|-crit|p2b: Nebby
|-damage|p2b: Nebby|37/100
|-crit|p2b: Nebby
|-damage|p2b: Nebby|12/100
|-crit|p2b: Nebby
|-damage|p2b: Nebby|0 fnt
|faint|p2b: Nebby
|-hitcount|p2: Nebby|3
|
|-heal|p1b: Broly|76/100|[from] Grassy Terrain
|-heal|p2a: King|32/100|[from] Grassy Terrain
|upkeep
|
|t:|1750729531
|switch|p2b: Alatreon|Kyurem-Black, L50, shiny|51/100
|-ability|p2b: Alatreon|Teravolt
|turn|9
|
|t:|1750729559
|switch|p1a: King|Incineroar, L50, F, tera:Ghost|59/100
|-ability|p1a: King|Intimidate|boost
|-unboost|p2a: King|atk|1
|-unboost|p2b: Alatreon|atk|1
|move|p2b: Alatreon|Fusion Bolt|p1a: King
|-damage|p1a: King|31/100
|move|p1b: Broly|U-turn|p2a: King
|-damage|p2a: King|12/100
|
|t:|1750729567
|switch|p1b: Shifu Town Hall|Urshifu-Rapid-Strike, L50, F|100/100|[from] U-turn
|move|p2a: King|Parting Shot|p1b: Shifu Town Hall
|-unboost|p1b: Shifu Town Hall|atk|1
|-unboost|p1b: Shifu Town Hall|spa|1
|
|t:|1750729574
|switch|p2a: Broly|Rillaboom, L50, M|62/100|[from] Parting Shot
|
|-heal|p2b: Alatreon|58/100|[from] Grassy Terrain
|-heal|p2a: Broly|67/100|[from] Grassy Terrain
|-heal|p1a: King|37/100|[from] Grassy Terrain
|upkeep
|turn|10
|
|t:|1750729591
|move|p2b: Alatreon|Protect|p2b: Alatreon
|-singleturn|p2b: Alatreon|Protect
|move|p2a: Broly|Fake Out|p1b: Shifu Town Hall
|-damage|p1b: Shifu Town Hall|88/100
|move|p1a: King|Fake Out|p2b: Alatreon
|-activate|p2b: Alatreon|move: Protect
|cant|p1b: Shifu Town Hall|flinch
|
|-heal|p1b: Shifu Town Hall|94/100|[from] Grassy Terrain
|-heal|p2b: Alatreon|64/100|[from] Grassy Terrain
|-heal|p2a: Broly|73/100|[from] Grassy Terrain
|-heal|p1a: King|43/100|[from] Grassy Terrain
|upkeep
|turn|11
|
|t:|1750729610
|move|p1b: Shifu Town Hall|Close Combat|p2b: Alatreon
|-supereffective|p2b: Alatreon
|-damage|p2b: Alatreon|0 fnt
|-unboost|p1b: Shifu Town Hall|def|1
|-unboost|p1b: Shifu Town Hall|spd|1
|faint|p2b: Alatreon
|move|p2a: Broly|Wood Hammer|p1b: Shifu Town Hall
|-supereffective|p1b: Shifu Town Hall
|-damage|p1b: Shifu Town Hall|0 fnt
|faint|p1b: Shifu Town Hall
|-damage|p2a: Broly|44/100|[from] Recoil
|move|p1a: King|Parting Shot|p2a: Broly
|-unboost|p2a: Broly|atk|1
|-unboost|p2a: Broly|spa|1
|
|t:|1750729617
|switch|p1a: Broly|Rillaboom, L50, M|76/100|[from] Parting Shot
|
|-heal|p2a: Broly|50/100|[from] Grassy Terrain
|-heal|p1a: Broly|82/100|[from] Grassy Terrain
|-fieldend|move: Grassy Terrain
|upkeep
|
|t:|1750729623
|switch|p1b: King|Incineroar, L50, F, tera:Ghost|43/100
|switch|p2b: King|Incineroar, L50, F|12/100
|-ability|p1b: King|Intimidate|boost
|-unboost|p2a: Broly|atk|1
|-unboost|p2b: King|atk|1
|-ability|p2b: King|Intimidate|boost
|-unboost|p1a: Broly|atk|1
|-unboost|p1b: King|atk|1
|turn|12
|c|☆testdummystuff|and so we end where we start lmfao
|c|☆cyanide55|thats pretty rare XDD
|c|☆cyanide55|but
|c|☆cyanide55|youll win
|c|☆testdummystuff|would i
|c|☆cyanide55|i have no chance
|
|t:|1750729691
|move|p1a: Broly|Fake Out|p2a: Broly
|-damage|p2a: Broly|41/100
|move|p1b: King|Fake Out|p2b: King
|-damage|p2b: King|6/100
|cant|p2a: Broly|flinch
|cant|p2b: King|flinch
|
|upkeep
|turn|13
|c|☆testdummystuff|hey man, i came back from worse
|c|☆testdummystuff|u played well tho ^_^
|c|☆cyanide55|its not like im messed up rn
|c|☆cyanide55|but im messed uprn XD
|c|☆cyanide55|up rn
|c|☆testdummystuff|its aight lol
|
|t:|1750729759
|move|p1a: Broly|U-turn|p2b: King
|-damage|p2b: King|0 fnt
|faint|p2b: King
|move|p2a: Broly|U-turn|p1a: Broly
|-supereffective|p1a: Broly
|-damage|p1a: Broly|59/100
|move|p1b: King|Knock Off|p2a: Broly
|-damage|p2a: Broly|18/100
|-enditem|p2a: Broly|Assault Vest|[from] move: Knock Off|[of] p1b: King
|
|upkeep
|turn|14
|
|t:|1750729782
|move|p2a: Broly|U-turn|p1a: Broly
|-supereffective|p1a: Broly
|-damage|p1a: Broly|36/100
|move|p1a: Broly|U-turn|p2a: Broly
|-supereffective|p2a: Broly
|-damage|p2a: Broly|0 fnt
|faint|p2a: Broly
|
|win|testdummystuff
|c|☆cyanide55|ggs
|c|☆testdummystuff|gg :>
|c|☆cyanide55|i want a rematch lol
|c|☆testdummystuff|okay
|c|☆cyanide55|i know i can do better
|c|☆testdummystuff|want me to use a different team?
