|j|☆Garebare1213
|j|☆DaevEV
|t:|1750718687
|gametype|doubles
|player|p1|Garebare1213|2|1317
|player|p2|DaevEV|drayden|1302
|teamsize|p1|6
|teamsize|p2|6
|gen|9
|tier|[Gen 9] VGC 2025 Reg I
|rated|
|rule|Species Clause: Limit one of each Pokémon
|rule|Item Clause: Limit 1 of each item
|clearpoke
|poke|p1|Farigiraf, L50, F|
|poke|p1|Kingambit, L50, M|
|poke|p1|Palkia, L50|
|poke|p1|Calyrex-Ice, L50|
|poke|p1|Ogerpon-Wellspring, L50, F|
|poke|p1|Azumarill, L50, M|
|poke|p2|Kyogre, L50|
|poke|p2|Moltres-Galar, L50|
|poke|p2|Grimmsnarl, L50, M|
|poke|p2|Chandelure, L50, F|
|poke|p2|Koraidon, L50|
|poke|p2|Rhyperior, L50, M|
|teampreview|4
|inactive|Battle timer is ON: inactive players will automatically lose when time's up. (requested by Garebare1213)
|inactive|Garebare1213 has 60 seconds left.
|
|t:|1750718734
|start
|switch|p1a: Calyrex|Calyrex-Ice, L50|100/100
|switch|p1b: Ogerpon|Ogerpon-Wellspring, L50, F|100/100
|switch|p2a: Grimmsnarl|Grimmsnarl, L50, M, shiny|100/100
|switch|p2b: Chandelure|Chandelure, L50, F, shiny|100/100
|-ability|p1a: Calyrex|As One
|-ability|p1a: Calyrex|Unnerve
|turn|1
|
|t:|1750718747
|move|p1a: Calyrex|Protect|p1a: Calyrex
|-singleturn|p1a: Calyrex|Protect
|move|p2b: Chandelure|Heat Wave|p1b: Ogerpon|[spread] p1b
|-activate|p1a: Calyrex|move: Protect
|-damage|p1b: Ogerpon|58/100
|move|p1b: Ogerpon|Ivy Cudgel|p2b: Chandelure|[anim] Ivy Cudgel Water
|-supereffective|p2b: Chandelure
|-enditem|p2b: Chandelure|Focus Sash
|-damage|p2b: Chandelure|1/100
|move|p2a: Grimmsnarl|Spirit Break|p1b: Ogerpon
|-damage|p1b: Ogerpon|10/100
|-unboost|p1b: Ogerpon|spa|1
|
|upkeep
|turn|2
|inactive|Garebare1213 has 30 seconds left.
|inactive|Garebare1213 has 20 seconds left.
|inactive|Garebare1213 has 15 seconds left.
|inactive|Garebare1213 has 10 seconds left.
|
|t:|1750718795
|move|p2a: Grimmsnarl|Sucker Punch|p1b: Ogerpon
|-damage|p1b: Ogerpon|0 fnt
|faint|p1b: Ogerpon
|move|p2b: Chandelure|Imprison|p2b: Chandelure
|-start|p2b: Chandelure|move: Imprison
|cant|p1a: Calyrex|move: Imprison|Trick Room
|
|upkeep
|
|t:|1750718806
|switch|p1b: Azumarill|Azumarill, L50, M|100/100
|turn|3
|
|t:|1750718812
|move|p2b: Chandelure|Shadow Ball|p1b: Azumarill
|-damage|p1b: Azumarill|48/100
|-enditem|p1b: Azumarill|Sitrus Berry|[eat]
|-heal|p1b: Azumarill|73/100|[from] item: Sitrus Berry
|move|p2a: Grimmsnarl|Spirit Break|p1b: Azumarill
|-damage|p1b: Azumarill|36/100
|-unboost|p1b: Azumarill|spa|1
|move|p1b: Azumarill|Belly Drum||[still]
|-fail|p1b: Azumarill
|move|p1a: Calyrex|Glacial Lance|p2b: Chandelure|[spread] p2a,p2b
|-resisted|p2b: Chandelure
|-damage|p2a: Grimmsnarl|29/100
|-damage|p2b: Chandelure|0 fnt
|faint|p2b: Chandelure
|-ability|p1a: Calyrex|Chilling Neigh|boost
|-boost|p1a: Calyrex|atk|1
|
|upkeep
|
|t:|1750718827
|switch|p2b: Koraidon|Koraidon, L50|100/100
|-weather|SunnyDay|[from] ability: Orichalcum Pulse|[of] p2b: Koraidon
|-activate|p2b: Koraidon|Orichalcum Pulse|[source]
|turn|4
|inactive|Garebare1213 has 30 seconds left.
|inactive|Garebare1213 has 20 seconds left.
|
|t:|1750718864
|-terastallize|p2b: Koraidon|Fire
|-terastallize|p1a: Calyrex|Fighting
|move|p1b: Azumarill|Aqua Jet|p2a: Grimmsnarl
|-damage|p2a: Grimmsnarl|15/100
|move|p2b: Koraidon|Flare Blitz|p1a: Calyrex
|-damage|p1a: Calyrex|26/100
|-damage|p2b: Koraidon|71/100|[from] Recoil
|move|p2a: Grimmsnarl|Spirit Break|p1b: Azumarill
|-damage|p1b: Azumarill|2/100
|-unboost|p1b: Azumarill|spa|1
|move|p1a: Calyrex|Trick Room|p1a: Calyrex
|-fieldstart|move: Trick Room|[of] p1a: Calyrex
|
|-weather|SunnyDay|[upkeep]
|upkeep
|turn|5
|inactive|Garebare1213 has 30 seconds left.
|inactive|Garebare1213 has 20 seconds left.
|inactive|Garebare1213 has 15 seconds left.
|
|t:|1750718908
|move|p1b: Azumarill|Aqua Jet|p2b: Koraidon
|-supereffective|p2b: Koraidon
|-damage|p2b: Koraidon|54/100
|move|p2a: Grimmsnarl|Sucker Punch||[still]
|-fail|p2a: Grimmsnarl
|move|p1a: Calyrex|Glacial Lance|p2a: Grimmsnarl|[spread] p2a,p2b
|-resisted|p2b: Koraidon
|-damage|p2a: Grimmsnarl|0 fnt
|-damage|p2b: Koraidon|14/100
|faint|p2a: Grimmsnarl
|-ability|p1a: Calyrex|Chilling Neigh|boost
|-boost|p1a: Calyrex|atk|1
|move|p2b: Koraidon|Collision Course|p1a: Calyrex
|-damage|p1a: Calyrex|0 fnt
|faint|p1a: Calyrex
|
|-weather|SunnyDay|[upkeep]
|upkeep
|
|t:|1750718924
|switch|p1a: Palkia|Palkia, L50|100/100
|switch|p2a: Moltres|Moltres-Galar, L50|100/100
|turn|6
|
|t:|1750718935
|move|p2a: Moltres|Protect|p2a: Moltres
|-singleturn|p2a: Moltres|Protect
|move|p2b: Koraidon|Protect|p2b: Koraidon
|-singleturn|p2b: Koraidon|Protect
|move|p1b: Azumarill|Aqua Jet|p2b: Koraidon
|-activate|p2b: Koraidon|move: Protect
|move|p1a: Palkia|Spacial Rend|p2a: Moltres
|-activate|p2a: Moltres|move: Protect
|
|-weather|SunnyDay|[upkeep]
|upkeep
|turn|7
|
|t:|1750718955
|move|p1b: Azumarill|Play Rough|p2a: Moltres|[miss]
|-miss|p1b: Azumarill|p2a: Moltres
|move|p1a: Palkia|Spacial Rend|p2b: Koraidon
|-damage|p2b: Koraidon|0 fnt
|faint|p2b: Koraidon
|-damage|p1a: Palkia|91/100|[from] item: Life Orb
|move|p2a: Moltres|Fiery Wrath|p1a: Palkia|[spread] p1a,p1b
|-resisted|p1b: Azumarill
|-damage|p1a: Palkia|64/100
|-damage|p1b: Azumarill|0 fnt
|faint|p1b: Azumarill
|
|-weather|SunnyDay|[upkeep]
|upkeep
|turn|8
|
|t:|1750718973
|move|p2a: Moltres|Protect|p2a: Moltres
|-singleturn|p2a: Moltres|Protect
|move|p1a: Palkia|Spacial Rend|p2a: Moltres
|-activate|p2a: Moltres|move: Protect
|
|-weather|none
|-fieldend|move: Trick Room
|upkeep
|turn|9
|
|t:|1750718984
|move|p2a: Moltres|Fiery Wrath|p1a: Palkia
|-damage|p1a: Palkia|29/100
|move|p1a: Palkia|Spacial Rend|p2a: Moltres
|-damage|p2a: Moltres|34/100
|-ability|p2a: Moltres|Berserk|boost
|-boost|p2a: Moltres|spa|1
|-damage|p1a: Palkia|20/100|[from] item: Life Orb
|
|-heal|p2a: Moltres|40/100|[from] item: Leftovers
|upkeep
|turn|10
|c|☆DaevEV|gg
|
|t:|1750718997
|move|p2a: Moltres|Fiery Wrath|p1a: Palkia
|-damage|p1a: Palkia|0 fnt
|faint|p1a: Palkia
|
|win|DaevEV
|raw|Garebare1213's rating: 1317 &rarr; <strong>1296</strong><br />(-21 for losing)
|raw|DaevEV's rating: 1302 &rarr; <strong>1323</strong><br />(+21 for winning)
|l|☆Garebare1213
|player|p1|
|l|☆DaevEV
|player|p2|
