|j|☆little haemorrhoid
|j|☆cauejoaosinho
|t:|1750777591
|gametype|doubles
|player|p1|little haemorrhoid|101|1135
|player|p2|cauejoaosinho|n|1157
|teamsize|p1|6
|teamsize|p2|6
|gen|9
|tier|[Gen 9] VGC 2025 Reg I
|rated|
|rule|Species Clause: Limit one of each Pokémon
|rule|Item Clause: Limit 1 of each item
|clearpoke
|poke|p1|Incineroar, L50, M|
|poke|p1|Flutter Mane, L50|
|poke|p1|Landorus, L50, M|
|poke|p1|Miraidon, L50|
|poke|p1|Koraidon, L50|
|poke|p1|Drifblim, L50, M|
|poke|p2|Regigigas, L50|
|poke|p2|Weezing-Galar, L50, F|
|poke|p2|Hydreigon, L50, M|
|poke|p2|Incineroar, L50, F|
|poke|p2|Muk-Alola, L50, M|
|poke|p2|Palkia-Origin, L50|
|teampreview|4
|inactive|Battle timer is ON: inactive players will automatically lose when time's up. (requested by little haemorrhoid)
|
|t:|1750777609
|start
|switch|p1a: Drifblim|Drifblim, L50, M|100/100
|switch|p1b: Miraidon|Miraidon, L50|100/100
|switch|p2a: Incineroar|Incineroar, L50, F, shiny|100/100
|switch|p2b: Palkia|Palkia-Origin, L50|100/100
|-ability|p2b: Palkia|Pressure
|-fieldstart|move: Electric Terrain|[from] ability: Hadron Engine|[of] p1b: Miraidon
|-enditem|p1a: Drifblim|Electric Seed
|-boost|p1a: Drifblim|def|1|[from] item: Electric Seed
|-ability|p2a: Incineroar|Intimidate|boost
|-unboost|p1a: Drifblim|atk|1
|-unboost|p1b: Miraidon|atk|1
|turn|1
|inactive|little haemorrhoid has 30 seconds left.
|
|t:|1750777641
|switch|p1b: Incineroar|Incineroar, L50, M|100/100
|-ability|p1b: Incineroar|Intimidate|boost
|-unboost|p2a: Incineroar|atk|1
|-unboost|p2b: Palkia|atk|1
|move|p2a: Incineroar|Fake Out|p1b: Incineroar
|-damage|p1b: Incineroar|94/100
|move|p1a: Drifblim|Tailwind|p1a: Drifblim
|-sidestart|p1: little haemorrhoid|move: Tailwind
|move|p2b: Palkia|Thunder|p1a: Drifblim
|-supereffective|p1a: Drifblim
|-damage|p1a: Drifblim|7/100
|
|upkeep
|turn|2
|inactive|cauejoaosinho has 30 seconds left.
|
|t:|1750777667
|switch|p2b: Muk|Muk-Alola, L50, M|100/100
|move|p1b: Incineroar|Fake Out|p2a: Incineroar
|-damage|p2a: Incineroar|91/100
|move|p1a: Drifblim|Destiny Bond|p1a: Drifblim
|-singlemove|p1a: Drifblim|Destiny Bond
|cant|p2a: Incineroar|flinch
|
|upkeep
|turn|3
|
|t:|1750777686
|move|p1a: Drifblim|Will-O-Wisp|p2b: Muk|[miss]
|-miss|p1a: Drifblim|p2b: Muk
|move|p1b: Incineroar|U-turn|p2a: Incineroar
|-damage|p2a: Incineroar|72/100
|
|t:|1750777691
|switch|p1b: Miraidon|Miraidon, L50|100/100|[from] U-turn
|-activate|p1b: Miraidon|ability: Hadron Engine
|move|p2a: Incineroar|Parting Shot|p1b: Miraidon
|-unboost|p1b: Miraidon|atk|1
|-unboost|p1b: Miraidon|spa|1
|
|t:|1750777699
|switch|p2a: Palkia|Palkia-Origin, L50|100/100|[from] Parting Shot
|-ability|p2a: Palkia|Pressure
|move|p2b: Muk|Gunk Shot|p1b: Miraidon
|-damage|p1b: Miraidon|45/100
|-status|p1b: Miraidon|psn
|
|-damage|p1b: Miraidon|33/100 psn|[from] psn
|upkeep
|turn|4
|
|t:|1750777719
|-terastallize|p2a: Palkia|Ground
|move|p2b: Muk|Shadow Sneak|p1a: Drifblim
|-supereffective|p1a: Drifblim
|-damage|p1a: Drifblim|0 fnt
|faint|p1a: Drifblim
|move|p1b: Miraidon|Electro Drift|p2b: Muk
|-damage|p2b: Muk|49/100
|move|p2a: Palkia|Hydro Pump|p1b: Miraidon
|-resisted|p1b: Miraidon
|-damage|p1b: Miraidon|0 fnt
|faint|p1b: Miraidon
|
|-sideend|p1: little haemorrhoid|move: Tailwind
|upkeep
|
|t:|1750777730
|switch|p1b: Incineroar|Incineroar, L50, M|94/100
|switch|p1a: Koraidon|Koraidon, L50|100/100
|-weather|SunnyDay|[from] ability: Orichalcum Pulse|[of] p1a: Koraidon
|-activate|p1a: Koraidon|Orichalcum Pulse|[source]
|-ability|p1b: Incineroar|Intimidate|boost
|-unboost|p2a: Palkia|atk|1
|-unboost|p2b: Muk|atk|1
|turn|5
|
|t:|1750777748
|switch|p2b: Incineroar|Incineroar, L50, F, shiny|72/100
|-ability|p2b: Incineroar|Intimidate|boost
|-fail|p1a: Koraidon|unboost|[from] item: Clear Amulet|[of] p1a: Koraidon
|-unboost|p1b: Incineroar|atk|1
|move|p1b: Incineroar|Fake Out|p2a: Palkia
|-crit|p2a: Palkia
|-damage|p2a: Palkia|84/100
|cant|p2a: Palkia|flinch
|move|p1a: Koraidon|Close Combat|p2b: Incineroar
|-supereffective|p2b: Incineroar
|-crit|p2b: Incineroar
|-damage|p2b: Incineroar|0 fnt
|-unboost|p1a: Koraidon|def|1
|-unboost|p1a: Koraidon|spd|1
|faint|p2b: Incineroar
|
|-weather|SunnyDay|[upkeep]
|-fieldend|move: Electric Terrain
|upkeep
|
|t:|1750777761
|switch|p2b: Hydreigon|Hydreigon, L50, M|100/100
|turn|6
|
|t:|1750777773
|-terastallize|p1a: Koraidon|Fire
|move|p2b: Hydreigon|Draco Meteor|p1a: Koraidon
|-damage|p1a: Koraidon|0 fnt
|-unboost|p2b: Hydreigon|spa|2
|faint|p1a: Koraidon
|move|p2a: Palkia|Spacial Rend|p1b: Incineroar
|-damage|p1b: Incineroar|50/100
|move|p1b: Incineroar|Knock Off|p2a: Palkia
|-damage|p2a: Palkia|67/100
|
|-weather|SunnyDay|[upkeep]
|upkeep
|turn|7
|-message|little haemorrhoid forfeited.
|
|win|cauejoaosinho
|raw|little haemorrhoid's rating: 1135 &rarr; <strong>1112</strong><br />(-23 for losing)
|raw|cauejoaosinho's rating: 1157 &rarr; <strong>1180</strong><br />(+23 for winning)
|l|☆little haemorrhoid
|player|p1|
|l|☆cauejoaosinho
|player|p2|
