|j|☆Matias_DCP
|j|☆TJRaynes
|t:|1750844479
|gametype|doubles
|player|p1|Matias_DCP|lucas|1371
|player|p2|TJRaynes|marley|1462
|teamsize|p1|6
|teamsize|p2|6
|gen|9
|tier|[Gen 9] VGC 2025 Reg I
|rated|
|rule|Species Clause: Limit one of each Pokémon
|rule|Item Clause: Limit 1 of each item
|clearpoke
|poke|p1|Calyrex-Ice, L50|
|poke|p1|Miraidon, L50|
|poke|p1|Grimmsnarl, L50, M|
|poke|p1|Urshifu-*, L50, F|
|poke|p1|Incineroar, L50, M|
|poke|p1|Landorus, L50, M|
|poke|p2|Koraidon, L50|
|poke|p2|Urshifu-*, L50, M|
|poke|p2|Rillaboom, L50, F|
|poke|p2|Flutter Mane, L50|
|poke|p2|Raging Bolt, L50|
|poke|p2|Dialga-Origin, L50|
|teampreview|4
TJRaynes has agreed to open team sheets.
|inactive|Battle timer is ON: inactive players will automatically lose when time's up. (requested by Matias_DCP)
|
|t:|1750844508
|start
|switch|p1a: Grimmsnarl|Grimmsnarl, L50, M, shiny|100/100
|switch|p1b: Miraidon|Miraidon, L50|100/100
|switch|p2a: Dialga|Dialga-Origin, L50|100/100
|switch|p2b: Flutter Mane|Flutter Mane, L50|100/100
|-fieldstart|move: Electric Terrain|[from] ability: Hadron Engine|[of] p1b: Miraidon
|-ability|p2a: Dialga|Pressure
|turn|1
|inactive|Matias_DCP has 30 seconds left.
|inactive|Matias_DCP has 20 seconds left.
|
|t:|1750844544
|-terastallize|p1b: Miraidon|Fairy
|move|p2b: Flutter Mane|Protect|p2b: Flutter Mane
|-singleturn|p2b: Flutter Mane|Protect
|move|p1a: Grimmsnarl|Light Screen|p1a: Grimmsnarl
|-sidestart|p1: Matias_DCP|move: Light Screen
|move|p1b: Miraidon|Dazzling Gleam|p2b: Flutter Mane|[spread] p2a
|-activate|p2b: Flutter Mane|move: Protect
|-damage|p2a: Dialga|56/100
|move|p2a: Dialga|Flash Cannon|p1a: Grimmsnarl
|-supereffective|p1a: Grimmsnarl
|-crit|p1a: Grimmsnarl
|-damage|p1a: Grimmsnarl|0 fnt
|faint|p1a: Grimmsnarl
|
|upkeep
|
|t:|1750844560
|switch|p1a: Landorus|Landorus, L50, M, shiny|100/100
|turn|2
|
|t:|1750844567
|move|p2b: Flutter Mane|Icy Wind|p1a: Landorus|[spread] p1a,p1b
|-supereffective|p1a: Landorus
|-damage|p1a: Landorus|68/100
|-damage|p1b: Miraidon|95/100
|-unboost|p1a: Landorus|spe|1
|-unboost|p1b: Miraidon|spe|1
|move|p2a: Dialga|Flash Cannon|p1b: Miraidon
|-supereffective|p1b: Miraidon
|-damage|p1b: Miraidon|40/100
|move|p1b: Miraidon|Dazzling Gleam|p2b: Flutter Mane|[spread] p2a,p2b
|-damage|p2a: Dialga|11/100
|-damage|p2b: Flutter Mane|42/100
|move|p1a: Landorus|Earth Power|p2a: Dialga
|-supereffective|p2a: Dialga
|-damage|p2a: Dialga|0 fnt
|faint|p2a: Dialga
|
|upkeep
|
|t:|1750844582
|switch|p2a: Urshifu|Urshifu, L50, M|100/100
|turn|3
|
|t:|1750844593
|switch|p1b: Calyrex|Calyrex-Ice, L50|100/100
|-ability|p1b: Calyrex|As One
|-ability|p1b: Calyrex|Unnerve
|move|p2b: Flutter Mane|Moonblast|p1b: Calyrex
|-damage|p1b: Calyrex|80/100
|move|p2a: Urshifu|Wicked Blow|p1a: Landorus
|-crit|p1a: Landorus
|-damage|p1a: Landorus|6/100
|move|p1a: Landorus|Sludge Bomb|p2b: Flutter Mane
|-damage|p2b: Flutter Mane|0 fnt
|faint|p2b: Flutter Mane
|-end|p2b: Flutter Mane|Protosynthesis|[silent]
|
|-heal|p1b: Calyrex|86/100|[from] item: Leftovers
|upkeep
|
|t:|1750844605
|switch|p2b: Koraidon|Koraidon, L50|100/100
|-weather|SunnyDay|[from] ability: Orichalcum Pulse|[of] p2b: Koraidon
|-activate|p2b: Koraidon|Orichalcum Pulse|[source]
|turn|4
|
|t:|1750844615
|-terastallize|p2a: Urshifu|Dark
|move|p1a: Landorus|Protect|p1a: Landorus
|-singleturn|p1a: Landorus|Protect
|move|p2b: Koraidon|Flame Charge|p1a: Landorus
|-activate|p1a: Landorus|move: Protect
|move|p2a: Urshifu|Wicked Blow|p1b: Calyrex
|-supereffective|p1b: Calyrex
|-crit|p1b: Calyrex
|-damage|p1b: Calyrex|0 fnt
|faint|p1b: Calyrex
|
|-weather|SunnyDay|[upkeep]
|upkeep
|
|t:|1750844629
|switch|p1b: Miraidon|Miraidon, L50, tera:Fairy|40/100
|-activate|p1b: Miraidon|ability: Hadron Engine
|turn|5
|
|t:|1750844641
|move|p2b: Koraidon|Flare Blitz|p1b: Miraidon
|-damage|p1b: Miraidon|0 fnt
|faint|p1b: Miraidon
|-damage|p2b: Koraidon|86/100|[from] Recoil
|-damage|p2b: Koraidon|76/100|[from] item: Life Orb
|move|p2a: Urshifu|Wicked Blow|p1a: Landorus
|-crit|p1a: Landorus
|-damage|p1a: Landorus|0 fnt
|faint|p1a: Landorus
|
|win|TJRaynes
|raw|Matias_DCP's rating: 1371 &rarr; <strong>1356</strong><br />(-15 for losing)
|raw|TJRaynes's rating: 1462 &rarr; <strong>1477</strong><br />(+15 for winning)
|l|☆Matias_DCP
|player|p1|
