|j|☆dawnsmons
|j|☆c4rlosm4gno
|t:|1750866560
|gametype|doubles
|player|p1|dawnsmons|dawn-gen4pt|1269
|player|p2|c4rlosm4gno|ethan-gen2c|1268
|teamsize|p1|6
|teamsize|p2|6
|gen|9
|tier|[Gen 9] VGC 2025 Reg I
|rated|
|rule|Species Clause: Limit one of each Pokémon
|rule|Item Clause: Limit 1 of each item
|clearpoke
|poke|p1|Koraidon, L50|
|poke|p1|Weezing-Galar, L50, F|
|poke|p1|Calyrex-Shadow, L50|
|poke|p1|Chi-Yu, L50|
|poke|p1|Walking Wake, L50|
|poke|p1|Brute Bonnet, L50|
|poke|p2|Groudon, L50|
|poke|p2|Grimmsnarl, L50, M|
|poke|p2|Miraidon, L50|
|poke|p2|Flutter Mane, L50|
|poke|p2|Incineroar, L50, M|
|poke|p2|Urshifu-*, L50, F|
|teampreview|4
|inactive|Battle timer is ON: inactive players will automatically lose when time's up. (requested by c4rlosm4gno)
|
|t:|1750866590
|start
|switch|p1a: Koraidon|Koraidon, L50|100/100
|switch|p1b: Weezing|Weezing-Galar, L50, F, shiny|100/100
|switch|p2a: Flutter Mane|Flutter Mane, L50|100/100
|switch|p2b: Groudon|Groudon, L50, shiny|100/100
|-ability|p1b: Weezing|Neutralizing Gas
|-block|p1a: Koraidon|item: Ability Shield
|-weather|SunnyDay|[from] ability: Orichalcum Pulse|[of] p1a: Koraidon
|-activate|p1a: Koraidon|Orichalcum Pulse|[source]
|turn|1
|
|t:|1750866613
|-terastallize|p1a: Koraidon|Fire
|move|p1b: Weezing|Protect|p1b: Weezing
|-singleturn|p1b: Weezing|Protect
|move|p2a: Flutter Mane|Icy Wind|p1a: Koraidon|[spread] p1a
|-activate|p1b: Weezing|move: Protect
|-resisted|p1a: Koraidon
|-damage|p1a: Koraidon|93/100
|-unboost|p1a: Koraidon|spe|1
|move|p1a: Koraidon|Flare Blitz|p2a: Flutter Mane
|-enditem|p2a: Flutter Mane|Focus Sash
|-damage|p2a: Flutter Mane|1/100
|-damage|p1a: Koraidon|68/100|[from] Recoil
|move|p2b: Groudon|Precipice Blades|p1a: Koraidon|[spread] p1a
|-activate|p1b: Weezing|move: Protect
|-supereffective|p1a: Koraidon
|-damage|p1a: Koraidon|0 fnt
|faint|p1a: Koraidon
|
|-weather|SunnyDay|[upkeep]
|upkeep
|inactive|dawnsmons has 30 seconds left.
|
|t:|1750866639
|switch|p1a: Calyrex|Calyrex-Shadow, L50|100/100
|-ability|p1a: Calyrex|As One
|-ability|p1a: Calyrex|Unnerve
|turn|2
|
|t:|1750866652
|-end|p2a: Flutter Mane|Protosynthesis|[silent]
|switch|p2a: Grimmsnarl|Grimmsnarl, L50, M|100/100
|-end|p1b: Weezing|ability: Neutralizing Gas
|switch|p1b: Walking Wake|Walking Wake, L50|100/100
|-activate|p1b: Walking Wake|ability: Protosynthesis
|-start|p1b: Walking Wake|protosynthesisspe
|move|p1a: Calyrex|Astral Barrage|p2b: Groudon|[spread] p2a,p2b
|-resisted|p2a: Grimmsnarl
|-damage|p2a: Grimmsnarl|68/100
|-damage|p2b: Groudon|58/100
|-damage|p1a: Calyrex|91/100|[from] item: Life Orb
|move|p2b: Groudon|High Horsepower|p1b: Walking Wake
|-damage|p1b: Walking Wake|45/100
|
|-weather|SunnyDay|[upkeep]
|upkeep
|turn|3
|inactive|dawnsmons has 30 seconds left.
|inactive|c4rlosm4gno has 30 seconds left.
|
|t:|1750866679
|move|p1a: Calyrex|Protect|p1a: Calyrex
|-singleturn|p1a: Calyrex|Protect
|move|p2a: Grimmsnarl|Thunder Wave|p1a: Calyrex
|-activate|p1a: Calyrex|move: Protect
|move|p1b: Walking Wake|Hydro Steam|p2b: Groudon
|-supereffective|p2b: Groudon
|-damage|p2b: Groudon|0 fnt
|faint|p2b: Groudon
|
|-weather|SunnyDay|[upkeep]
|upkeep
|
|t:|1750866687
|switch|p2b: Flutter Mane|Flutter Mane, L50|1/100
|-activate|p2b: Flutter Mane|ability: Protosynthesis
|-start|p2b: Flutter Mane|protosynthesisspe
|turn|4
|
|t:|1750866696
|-end|p1b: Walking Wake|Protosynthesis|[silent]
|switch|p1b: Weezing|Weezing-Galar, L50, F, shiny|100/100
|-ability|p1b: Weezing|Neutralizing Gas
|move|p1a: Calyrex|Astral Barrage|p2a: Grimmsnarl|[spread] p2a,p2b
|-resisted|p2a: Grimmsnarl
|-supereffective|p2b: Flutter Mane
|-damage|p2a: Grimmsnarl|37/100
|-damage|p2b: Flutter Mane|0 fnt
|faint|p2b: Flutter Mane
|-end|p2b: Flutter Mane|Protosynthesis|[silent]
|-ability|p1a: Calyrex|Grim Neigh|boost
|-boost|p1a: Calyrex|spa|1
|-damage|p1a: Calyrex|81/100|[from] item: Life Orb
|move|p2a: Grimmsnarl|Thunder Wave|p1a: Calyrex
|-status|p1a: Calyrex|par
|
|-weather|SunnyDay|[upkeep]
|upkeep
|
|t:|1750866711
|switch|p2b: Miraidon|Miraidon, L50|100/100
|turn|5
|
|t:|1750866727
|move|p1a: Calyrex|Protect|p1a: Calyrex
|-singleturn|p1a: Calyrex|Protect
|move|p2b: Miraidon|Electro Drift|p1b: Weezing
|-damage|p1b: Weezing|3/100
|move|p1b: Weezing|Poison Gas|p2a: Grimmsnarl|[spread] p2a,p2b
|-status|p2a: Grimmsnarl|psn
|-status|p2b: Miraidon|psn
|move|p2a: Grimmsnarl|Light Screen|p2a: Grimmsnarl
|-sidestart|p2: c4rlosm4gno|move: Light Screen
|
|-weather|none
|-damage|p2b: Miraidon|88/100 psn|[from] psn
|-damage|p2a: Grimmsnarl|24/100 psn|[from] psn
|upkeep
|turn|6
|inactive|dawnsmons has 30 seconds left.
|inactive|dawnsmons has 20 seconds left.
|inactive|dawnsmons has 15 seconds left.
|
|t:|1750866767
|move|p2b: Miraidon|Electro Drift|p1a: Calyrex
|-damage|p1a: Calyrex|0 fnt
|faint|p1a: Calyrex
|move|p1b: Weezing|Play Rough|p2b: Miraidon
|-supereffective|p2b: Miraidon
|-damage|p2b: Miraidon|39/100 psn
|-unboost|p2b: Miraidon|atk|1
|move|p2a: Grimmsnarl|Foul Play|p1b: Weezing
|-resisted|p1b: Weezing
|-damage|p1b: Weezing|0 fnt
|faint|p1b: Weezing
|-end|p1b: Weezing|ability: Neutralizing Gas
|-fieldstart|move: Electric Terrain|[from] ability: Hadron Engine|[of] p2b: Miraidon
|
|-damage|p2b: Miraidon|27/100 psn|[from] psn
|-damage|p2a: Grimmsnarl|12/100 psn|[from] psn
|upkeep
|
|t:|1750866779
|switch|p1a: Walking Wake|Walking Wake, L50|45/100
|turn|7
|
|t:|1750866797
|move|p2a: Grimmsnarl|Thunder Wave|p1a: Walking Wake
|-status|p1a: Walking Wake|par
|move|p2b: Miraidon|Electro Drift|p1a: Walking Wake
|-damage|p1a: Walking Wake|0 fnt
|faint|p1a: Walking Wake
|-end|p1a: Walking Wake|Protosynthesis|[silent]
|
|win|c4rlosm4gno
|raw|dawnsmons's rating: 1269 &rarr; <strong>1244</strong><br />(-25 for losing)
|raw|c4rlosm4gno's rating: 1268 &rarr; <strong>1293</strong><br />(+25 for winning)
