|j|☆Fulgurotek
|j|☆Ludikrik
|t:|1750847141
|gametype|doubles
|player|p1|Fulgurotek|102|1560
|player|p2|Ludikrik|chili|1591
|teamsize|p1|6
|teamsize|p2|6
|gen|9
|tier|[Gen 9] VGC 2025 Reg I
|rated|
|rule|Species Clause: Limit one of each Pokémon
|rule|Item Clause: Limit 1 of each item
|clearpoke
|poke|p1|Calyrex-Shadow, L50|
|poke|p1|Zamazenta-*, L50|
|poke|p1|Raging Bolt, L50|
|poke|p1|Rillaboom, L50, M|
|poke|p1|Tornadus, L50, M|
|poke|p1|Smeargle, L50, M|
|poke|p2|Groudon, L50|
|poke|p2|Lunala, L50|
|poke|p2|Scream Tail, L50|
|poke|p2|Ogerpon-Hearthflame, L50, F|
|poke|p2|Incineroar, L50, F|
|poke|p2|Grimmsnarl, L50, M|
|teampreview|4
Ludikrik has agreed to open team sheets.
|j| BRDilas
|
|t:|1750847183
|start
|switch|p1a: Zamazenta|Zamazenta-Crowned, L50|100/100
|switch|p1b: Rillaboom|Rillaboom, L50, M|100/100
|switch|p2a: Scream Tail|Scream Tail, L50|100/100
|switch|p2b: INFERNOOOOOOOOO|Incineroar, L50, F|100/100
|-ability|p1a: Zamazenta|Dauntless Shield|boost
|-boost|p1a: Zamazenta|def|1
|-fieldstart|move: Grassy Terrain|[from] ability: Grassy Surge|[of] p1b: Rillaboom
|-ability|p2b: INFERNOOOOOOOOO|Intimidate|boost
|-unboost|p1a: Zamazenta|atk|1
|-unboost|p1b: Rillaboom|atk|1
|-enditem|p2a: Scream Tail|Booster Energy
|-activate|p2a: Scream Tail|ability: Protosynthesis|[fromitem]
|-start|p2a: Scream Tail|protosynthesisspe
|turn|1
|
|t:|1750847217
|switch|p2b: Moom|Lunala, L50|100/100
|move|p2a: Scream Tail|Protect|p2a: Scream Tail
|-singleturn|p2a: Scream Tail|Protect
|move|p1b: Rillaboom|Fake Out|p2a: Scream Tail
|-activate|p2a: Scream Tail|move: Protect
|move|p1a: Zamazenta|Body Press|p2b: Moom
|-immune|p2b: Moom
|
|upkeep
|turn|2
|
|t:|1750847235
|move|p2a: Scream Tail|Encore|p1a: Zamazenta
|-start|p1a: Zamazenta|Encore
|move|p1a: Zamazenta|Body Press|p2a: Scream Tail
|-resisted|p2a: Scream Tail
|-damage|p2a: Scream Tail|88/100
|move|p2b: Moom|Calm Mind|p2b: Moom
|-boost|p2b: Moom|spa|1
|-boost|p2b: Moom|spd|1
|move|p1b: Rillaboom|U-turn|p2b: Moom
|-damage|p2b: Moom|95/100
|
|t:|1750847257
|switch|p1b: Calyrex|Calyrex-Shadow, L50|100/100|[from] U-turn
|-ability|p1b: Calyrex|As One
|-ability|p1b: Calyrex|Unnerve
|
|-heal|p2a: Scream Tail|94/100|[from] Grassy Terrain
|-heal|p2b: Moom|100/100|[from] Grassy Terrain
|upkeep
|turn|3
|
|t:|1750847286
|switch|p1a: Rillaboom|Rillaboom, L50, M|100/100
|-terastallize|p2b: Moom|Fairy
|move|p2a: Scream Tail|Protect|p2a: Scream Tail
|-singleturn|p2a: Scream Tail|Protect
|move|p1b: Calyrex|Protect|p1b: Calyrex
|-singleturn|p1b: Calyrex|Protect
|move|p2b: Moom|Moonblast|p1b: Calyrex
|-activate|p1b: Calyrex|move: Protect
|
|-heal|p2a: Scream Tail|99/100|[from] Grassy Terrain
|upkeep
|turn|4
|
|t:|1750847328
|switch|p1b: Zamazenta|Zamazenta-Crowned, L50|100/100
|move|p2a: Scream Tail|Protect||[still]
|-fail|p2a: Scream Tail
|move|p2b: Moom|Protect|p2b: Moom
|-singleturn|p2b: Moom|Protect
|move|p1a: Rillaboom|Wood Hammer|p2b: Moom
|-activate|p2b: Moom|move: Protect
|
|-heal|p2a: Scream Tail|100/100|[from] Grassy Terrain
|upkeep
|turn|5
|
|t:|1750847381
|-end|p2a: Scream Tail|Protosynthesis|[silent]
|switch|p2a: INFERNOOOOOOOOO|Incineroar, L50, F|100/100
|-ability|p2a: INFERNOOOOOOOOO|Intimidate|boost
|-unboost|p1a: Rillaboom|atk|1
|-unboost|p1b: Zamazenta|atk|1
|move|p1b: Zamazenta|Heavy Slam|p2a: INFERNOOOOOOOOO
|-resisted|p2a: INFERNOOOOOOOOO
|-damage|p2a: INFERNOOOOOOOOO|89/100
|move|p2b: Moom|Moongeist Beam|p1b: Zamazenta
|-damage|p1b: Zamazenta|44/100
|move|p1a: Rillaboom|Wood Hammer|p2b: Moom
|-damage|p2b: Moom|79/100
|-damage|p1a: Rillaboom|92/100|[from] Recoil
|
|-heal|p1b: Zamazenta|50/100|[from] Grassy Terrain
|-heal|p2b: Moom|85/100|[from] Grassy Terrain
|-heal|p2b: Moom|91/100|[from] item: Leftovers
|-heal|p1a: Rillaboom|98/100|[from] Grassy Terrain
|-heal|p2a: INFERNOOOOOOOOO|95/100|[from] Grassy Terrain
|-fieldend|move: Grassy Terrain
|upkeep
|turn|6
|
|t:|1750847414
|move|p2a: INFERNOOOOOOOOO|Fake Out|p1a: Rillaboom
|-damage|p1a: Rillaboom|89/100
|move|p1b: Zamazenta|Heavy Slam|p2b: Moom
|-supereffective|p2b: Moom
|-damage|p2b: Moom|42/100
|move|p2b: Moom|Moonblast|p1a: Rillaboom
|-damage|p1a: Rillaboom|43/100
|cant|p1a: Rillaboom|flinch
|
|-heal|p2b: Moom|48/100|[from] item: Leftovers
|upkeep
|turn|7
|
|t:|1750847441
|switch|p1a: Raging Bolt|Raging Bolt, L50|100/100
|-enditem|p1a: Raging Bolt|Booster Energy
|-activate|p1a: Raging Bolt|ability: Protosynthesis|[fromitem]
|-start|p1a: Raging Bolt|protosynthesisspa
|move|p2b: Moom|Protect|p2b: Moom
|-singleturn|p2b: Moom|Protect
|move|p1b: Zamazenta|Heavy Slam|p2b: Moom
|-activate|p2b: Moom|move: Protect
|move|p2a: INFERNOOOOOOOOO|Flare Blitz|p1b: Zamazenta
|-supereffective|p1b: Zamazenta
|-damage|p1b: Zamazenta|0 fnt
|faint|p1b: Zamazenta
|-damage|p2a: INFERNOOOOOOOOO|79/100|[from] Recoil
|
|-heal|p2b: Moom|54/100|[from] item: Leftovers
|upkeep
|
|t:|1750847452
|switch|p1b: Rillaboom|Rillaboom, L50, M|43/100
|-fieldstart|move: Grassy Terrain|[from] ability: Grassy Surge|[of] p1b: Rillaboom
|turn|8
|
|t:|1750847480
|move|p2b: Moom|Calm Mind|p2b: Moom
|-boost|p2b: Moom|spa|1
|-boost|p2b: Moom|spd|1
|move|p1b: Rillaboom|U-turn|p2a: INFERNOOOOOOOOO
|-damage|p2a: INFERNOOOOOOOOO|64/100
|
|t:|1750847487
|switch|p1b: Calyrex|Calyrex-Shadow, L50|100/100|[from] U-turn
|-ability|p1b: Calyrex|As One
|-ability|p1b: Calyrex|Unnerve
|move|p1a: Raging Bolt|Thunderbolt|p2b: Moom
|-damage|p2b: Moom|31/100
|move|p2a: INFERNOOOOOOOOO|Flare Blitz|p1b: Calyrex
|-damage|p1b: Calyrex|51/100
|-damage|p2a: INFERNOOOOOOOOO|48/100|[from] Recoil
|
|-heal|p1b: Calyrex|57/100|[from] Grassy Terrain
|-heal|p2b: Moom|37/100|[from] Grassy Terrain
|-heal|p2b: Moom|44/100|[from] item: Leftovers
|-heal|p2a: INFERNOOOOOOOOO|54/100|[from] Grassy Terrain
|upkeep
|turn|9
|
|t:|1750847516
|move|p2b: Moom|Protect|p2b: Moom
|-singleturn|p2b: Moom|Protect
|move|p1b: Calyrex|Astral Barrage|p2b: Moom|[spread] p2a
|-activate|p2b: Moom|move: Protect
|-resisted|p2a: INFERNOOOOOOOOO
|-damage|p2a: INFERNOOOOOOOOO|35/100
|-damage|p1b: Calyrex|48/100|[from] item: Life Orb
|move|p1a: Raging Bolt|Thunderbolt|p2a: INFERNOOOOOOOOO
|-damage|p2a: INFERNOOOOOOOOO|0 fnt
|faint|p2a: INFERNOOOOOOOOO
|
|-heal|p1b: Calyrex|54/100|[from] Grassy Terrain
|-heal|p2b: Moom|50/100|[from] Grassy Terrain
|-heal|p2b: Moom|56/100|[from] item: Leftovers
|upkeep
|
|t:|1750847530
|switch|p2a: Goudron|Groudon, L50|100/100
|-weather|SunnyDay|[from] ability: Drought|[of] p2a: Goudron
|turn|10
|inactive|Battle timer is ON: inactive players will automatically lose when time's up. (requested by Ludikrik)
|
|t:|1750847554
|-terastallize|p1a: Raging Bolt|Electric
|move|p1b: Calyrex|Astral Barrage|p2b: Moom|[spread] p2a,p2b
|-crit|p2a: Goudron
|-damage|p2a: Goudron|16/100
|-damage|p2b: Moom|33/100
|-damage|p1b: Calyrex|44/100|[from] item: Life Orb
|move|p2b: Moom|Moonblast|p1b: Calyrex
|-damage|p1b: Calyrex|0 fnt
|faint|p1b: Calyrex
|move|p2a: Goudron|Precipice Blades|p1a: Raging Bolt
|-supereffective|p1a: Raging Bolt
|-damage|p1a: Raging Bolt|0 fnt
|faint|p1a: Raging Bolt
|-end|p1a: Raging Bolt|Protosynthesis|[silent]
|
|-weather|SunnyDay|[upkeep]
|-heal|p2b: Moom|40/100|[from] Grassy Terrain
|-heal|p2b: Moom|46/100|[from] item: Leftovers
|-heal|p2a: Goudron|22/100|[from] Grassy Terrain
|upkeep
|-message|Fulgurotek forfeited.
|
|win|Ludikrik
|raw|Fulgurotek's rating: 1536 &rarr; <strong>1519</strong><br />(-17 for losing)
|raw|Ludikrik's rating: 1591 &rarr; <strong>1608</strong><br />(+17 for winning)
|l|☆Fulgurotek
|player|p1|
