|j|‽Yuliis
|j|☆willycoult
|t:|1750817392
|gametype|doubles
|player|p1|Yuliis|265|1115
|player|p2|willycoult|crasherwake|1055
|teamsize|p1|6
|teamsize|p2|6
|gen|9
|tier|[Gen 9] VGC 2025 Reg I
|rated|
|rule|Species Clause: Limit one of each Pokémon
|rule|Item Clause: Limit 1 of each item
|clearpoke
|poke|p1|Miraidon, L50|
|poke|p1|Incineroar, L50, M|
|poke|p1|Iron Hands, L50|
|poke|p1|Dewgong, L50, M|
|poke|p1|Groudon, L50|
|poke|p1|Flutter Mane, L50|
|poke|p2|Conkeldurr, L50, F|
|poke|p2|Lucario, L50, M|
|poke|p2|Ho-Oh, L50|
|poke|p2|Sableye, L50, M|
|poke|p2|Mewtwo, L50|
|poke|p2|Ariados, L50, M|
|teampreview|4
|inactive|Battle timer is ON: inactive players will automatically lose when time's up. (requested by Yuliis)
|inactive|Yuliis has 60 seconds left.
|
|t:|1750817436
|start
|switch|p1a: Dewgong|Dewgong, L50, M, shiny|100/100
|switch|p1b: Groudon|Groudon, L50|100/100
|switch|p2a: Ho-Oh|Ho-Oh, L50|100/100
|switch|p2b: Ariados|Ariados, L50, M|100/100
|-weather|SunnyDay|[from] ability: Drought|[of] p1b: Groudon
|turn|1
|inactive|Yuliis has 30 seconds left.
|
|t:|1750817467
|move|p1b: Groudon|Protect|p1b: Groudon
|-singleturn|p1b: Groudon|Protect
|move|p2a: Ho-Oh|Sacred Fire|p1a: Dewgong
|-damage|p1a: Dewgong|61/100
|move|p1a: Dewgong|Icy Wind|p2a: Ho-Oh|[spread] p2a,p2b
|-damage|p2a: Ho-Oh|93/100
|-damage|p2b: Ariados|87/100
|-unboost|p2a: Ho-Oh|spe|1
|-unboost|p2b: Ariados|spe|1
|move|p2b: Ariados|Sticky Web|p1b: Groudon
|-sidestart|p1: Yuliis|move: Sticky Web
|
|-weather|SunnyDay|[upkeep]
|upkeep
|turn|2
|inactive|willycoult has 30 seconds left.
|inactive|Yuliis has 30 seconds left.
|
|t:|1750817498
|-terastallize|p1b: Groudon|Fire
|move|p1a: Dewgong|Aqua Jet|p1b: Groudon
|-supereffective|p1b: Groudon
|-damage|p1b: Groudon|94/100
|-enditem|p1b: Groudon|Weakness Policy
|-boost|p1b: Groudon|atk|2|[from] item: Weakness Policy
|-boost|p1b: Groudon|spa|2|[from] item: Weakness Policy
|-enditem|p2a: Ho-Oh|Mirror Herb
|-boost|p2a: Ho-Oh|atk|2|[from] item: Mirror Herb
|-boost|p2a: Ho-Oh|spa|2|[from] item: Mirror Herb
|move|p1b: Groudon|Precipice Blades|p2b: Ariados|[spread] p2b
|-immune|p2a: Ho-Oh
|-damage|p2b: Ariados|0 fnt
|faint|p2b: Ariados
|move|p2a: Ho-Oh|Sacred Fire|p1a: Dewgong
|-damage|p1a: Dewgong|0 fnt
|faint|p1a: Dewgong
|
|-weather|SunnyDay|[upkeep]
|upkeep
|
|t:|1750817519
|switch|p1a: Miraidon|Miraidon, L50|100/100
|switch|p2b: Lucario|Lucario, L50, M|100/100
|-activate|p1a: Miraidon|move: Sticky Web
|-unboost|p1a: Miraidon|spe|1
|-fieldstart|move: Electric Terrain|[from] ability: Hadron Engine|[of] p1a: Miraidon
|turn|3
|
|t:|1750817540
|-terastallize|p2a: Ho-Oh|Ground
|move|p1b: Groudon|Protect|p1b: Groudon
|-singleturn|p1b: Groudon|Protect
|move|p1a: Miraidon|Electro Drift|p2a: Ho-Oh
|-immune|p2a: Ho-Oh
|move|p2b: Lucario|Close Combat|p1a: Miraidon
|-damage|p1a: Miraidon|43/100
|-unboost|p2b: Lucario|def|1
|-unboost|p2b: Lucario|spd|1
|move|p2a: Ho-Oh|Earthquake|p1b: Groudon|[spread] p2b,p1a
|-activate|p1b: Groudon|move: Protect
|-supereffective|p2b: Lucario
|-supereffective|p1a: Miraidon
|-enditem|p2b: Lucario|Focus Sash
|-damage|p2b: Lucario|1/100
|-damage|p1a: Miraidon|0 fnt
|faint|p1a: Miraidon
|
|-weather|SunnyDay|[upkeep]
|upkeep
|
|t:|1750817560
|switch|p1a: Incineroar|Incineroar, L50, M|100/100
|-activate|p1a: Incineroar|move: Sticky Web
|-unboost|p1a: Incineroar|spe|1
|-ability|p1a: Incineroar|Intimidate|boost
|-unboost|p2a: Ho-Oh|atk|1
|-fail|p2b: Lucario|unboost|Attack|[from] ability: Inner Focus|[of] p2b: Lucario
|turn|4
|
|t:|1750817579
|move|p2a: Ho-Oh|Protect|p2a: Ho-Oh
|-singleturn|p2a: Ho-Oh|Protect
|move|p1a: Incineroar|Fake Out|p2b: Lucario
|-resisted|p2b: Lucario
|-damage|p2b: Lucario|0 fnt
|faint|p2b: Lucario
|move|p1b: Groudon|Heat Crash|p2a: Ho-Oh
|-activate|p2a: Ho-Oh|move: Protect
|
|-weather|SunnyDay|[upkeep]
|upkeep
|
|t:|1750817591
|switch|p2b: Conkeldurr|Conkeldurr, L50, F|100/100
|turn|5
|
|t:|1750817603
|move|p1a: Incineroar|Protect|p1a: Incineroar
|-singleturn|p1a: Incineroar|Protect
|move|p2b: Conkeldurr|Wide Guard|p2b: Conkeldurr
|-singleturn|p2b: Conkeldurr|Wide Guard
|move|p1b: Groudon|Earthquake|p2a: Ho-Oh|[spread] 
|-activate|p2a: Ho-Oh|move: Wide Guard
|-activate|p2b: Conkeldurr|move: Wide Guard
|-activate|p1a: Incineroar|move: Protect
|move|p2a: Ho-Oh|Earthquake|p1a: Incineroar|[spread] p1b
|-activate|p2b: Conkeldurr|move: Wide Guard
|-activate|p1a: Incineroar|move: Protect
|-supereffective|p1b: Groudon
|-damage|p1b: Groudon|12/100
|
|-weather|none
|upkeep
|turn|6
|inactive|Yuliis has 30 seconds left.
|
|t:|1750817634
|move|p1b: Groudon|Heat Crash|p2a: Ho-Oh
|-damage|p2a: Ho-Oh|0 fnt
|faint|p2a: Ho-Oh
|move|p2b: Conkeldurr|Close Combat|p1a: Incineroar
|-supereffective|p1a: Incineroar
|-damage|p1a: Incineroar|0 fnt
|-unboost|p2b: Conkeldurr|def|1
|-unboost|p2b: Conkeldurr|spd|1
|faint|p1a: Incineroar
|
|upkeep
|turn|7
|
|t:|1750817650
|move|p2b: Conkeldurr|Mach Punch|p1b: Groudon
|-damage|p1b: Groudon|0 fnt
|faint|p1b: Groudon
|
|win|willycoult
|raw|Yuliis's rating: 1115 &rarr; <strong>1086</strong><br />(-29 for losing)
|raw|willycoult's rating: 1055 &rarr; <strong>1092</strong><br />(+37 for winning)
|l|‽Yuliis
|player|p1|
|l|☆willycoult
|player|p2|
