|j|☆IceColdZekrom
|j|☆StarmanWilliam
|t:|1750876406
|gametype|doubles
|player|p1|IceColdZekrom|102|1349
|player|p2|StarmanWilliam|1|1313
|teamsize|p1|6
|teamsize|p2|6
|gen|9
|tier|[Gen 9] VGC 2025 Reg I
|rated|
|rule|Species Clause: Limit one of each Pokémon
|rule|Item Clause: Limit 1 of each item
|clearpoke
|poke|p1|Groudon, L50|
|poke|p1|Miraidon, L50|
|poke|p1|Entei, L50|
|poke|p1|Flutter Mane, L50|
|poke|p1|Tornadus, L50, M|
|poke|p1|Iron Valiant, L50|
|poke|p2|Decidueye-Hisui, L50, F|
|poke|p2|Calyrex-Ice, L50|
|poke|p2|Ogerpon-Wellspring, L50, F|
|poke|p2|Iron Hands, L50|
|poke|p2|Torkoal, L50, F|
|poke|p2|Miraidon, L50|
|teampreview|4
|
|t:|1750876457
|start
|switch|p1a: Entei|Entei, L50|100/100
|switch|p1b: Groudon|Groudon, L50|100/100
|switch|p2a: Ogerpon|Ogerpon-Wellspring, L50, F|100/100
|switch|p2b: Calyrex|Calyrex-Ice, L50|100/100
|-ability|p2b: Calyrex|As One
|-ability|p2b: Calyrex|Unnerve
|-weather|SunnyDay|[from] ability: Drought|[of] p1b: Groudon
|turn|1
|
|t:|1750876481
|move|p2a: Ogerpon|Follow Me|p2a: Ogerpon
|-singleturn|p2a: Ogerpon|move: Follow Me
|move|p1a: Entei|Sacred Fire|p2a: Ogerpon
|-damage|p2a: Ogerpon|23/100
|-damage|p1a: Entei|90/100|[from] item: Life Orb
|move|p1b: Groudon|Precipice Blades|p2b: Calyrex|[spread] p2a,p2b
|-resisted|p2a: Ogerpon
|-damage|p2a: Ogerpon|1/100
|-damage|p2b: Calyrex|67/100
|move|p2b: Calyrex|Trick Room|p2b: Calyrex
|-fieldstart|move: Trick Room|[of] p2b: Calyrex
|
|-weather|SunnyDay|[upkeep]
|upkeep
|turn|2
|
|t:|1750876499
|move|p1b: Groudon|Protect|p1b: Groudon
|-singleturn|p1b: Groudon|Protect
|move|p1a: Entei|Extreme Speed|p2a: Ogerpon
|-damage|p2a: Ogerpon|0 fnt
|faint|p2a: Ogerpon
|-damage|p1a: Entei|80/100|[from] item: Life Orb
|move|p2b: Calyrex|Glacial Lance|p1b: Groudon|[spread] p1a
|-activate|p1b: Groudon|move: Protect
|-resisted|p1a: Entei
|-damage|p1a: Entei|46/100
|
|-weather|SunnyDay|[upkeep]
|upkeep
|
|t:|1750876513
|switch|p2a: Decidueye|Decidueye-Hisui, L50, F|100/100
|-enditem|p2a: Decidueye|Room Service
|-unboost|p2a: Decidueye|spe|1|[from] item: Room Service
|turn|3
|
|t:|1750876525
|switch|p1a: Flutter Mane|Flutter Mane, L50|100/100
|-activate|p1a: Flutter Mane|ability: Protosynthesis
|-start|p1a: Flutter Mane|protosynthesisspe
|move|p2a: Decidueye|Coaching|p2b: Calyrex
|-boost|p2b: Calyrex|atk|1
|-boost|p2b: Calyrex|def|1
|move|p2b: Calyrex|Glacial Lance|p1b: Groudon|[spread] p1a,p1b
|-supereffective|p1b: Groudon
|-enditem|p1a: Flutter Mane|Focus Sash
|-damage|p1a: Flutter Mane|1/100
|-damage|p1b: Groudon|0 fnt
|faint|p1b: Groudon
|-ability|p2b: Calyrex|Chilling Neigh|boost
|-boost|p2b: Calyrex|atk|1
|
|-weather|SunnyDay|[upkeep]
|upkeep
|
|t:|1750876538
|switch|p1b: Entei|Entei, L50|46/100
|turn|4
|
|t:|1750876548
|move|p2a: Decidueye|Shadow Sneak|p1a: Flutter Mane
|-supereffective|p1a: Flutter Mane
|-damage|p1a: Flutter Mane|0 fnt
|faint|p1a: Flutter Mane
|-end|p1a: Flutter Mane|Protosynthesis|[silent]
|move|p2b: Calyrex|Glacial Lance|p1b: Entei
|-resisted|p1b: Entei
|-damage|p1b: Entei|0 fnt
|faint|p1b: Entei
|-ability|p2b: Calyrex|Chilling Neigh|boost
|-boost|p2b: Calyrex|atk|1
|
|-weather|SunnyDay|[upkeep]
|upkeep
|
|t:|1750876552
|switch|p1b: Miraidon|Miraidon, L50|100/100
|-fieldstart|move: Electric Terrain|[from] ability: Hadron Engine|[of] p1b: Miraidon
|turn|5
|c|☆StarmanWilliam|Gg
|l|☆IceColdZekrom
|player|p1|
|c|☆StarmanWilliam|Yea ok thanks bud
|inactive|Battle timer is ON: inactive players will automatically lose when time's up. (requested by StarmanWilliam)
|inactive|IceColdZekrom has 30 seconds to reconnect!
|inactive|IceColdZekrom has 20 seconds to reconnect!
|inactive|IceColdZekrom has 15 seconds to reconnect!
|inactive|IceColdZekrom has 10 seconds to reconnect!
|inactive|IceColdZekrom has 5 seconds to reconnect!
|-message|IceColdZekrom lost due to inactivity.
|
|win|StarmanWilliam
|raw|IceColdZekrom's rating: 1349 &rarr; <strong>1327</strong><br />(-22 for losing)
|raw|StarmanWilliam's rating: 1313 &rarr; <strong>1335</strong><br />(+22 for winning)
|l|☆StarmanWilliam
|player|p2|
