|j|☆treallyreal
|j|‽jomle
|t:|1750875200
|gametype|doubles
|player|p1|treallyreal|pokemaniac|1350
|player|p2|jomle|170|1368
|teamsize|p1|6
|teamsize|p2|6
|gen|9
|tier|[Gen 9] VGC 2025 Reg I
|rated|
|rule|Species Clause: Limit one of each Pokémon
|rule|Item Clause: Limit 1 of each item
|clearpoke
|poke|p1|Zamazenta-*, L50|
|poke|p1|Ursaluna, L50, M|
|poke|p1|Smeargle, L50, M|
|poke|p1|Scream Tail, L50|
|poke|p1|Tatsugiri-Stretchy, L50, M|
|poke|p1|Calyrex-Shadow, L50|
|poke|p2|Kyogre, L50|
|poke|p2|Zacian-*, L50|
|poke|p2|Tornadus, L50, M|
|poke|p2|Urshifu-*, L50, M|
|poke|p2|Rillaboom, L50, M|
|poke|p2|Incineroar, L50, M|
|teampreview|4
|
|t:|1750875222
|start
|switch|p1a: Trippie Redd|Smeargle, L50, M, shiny|100/100
|switch|p1b: Nigiri|Tatsugiri-Stretchy, L50, M|100/100
|switch|p2a: Incineroar|Incineroar, L50, M|100/100
|switch|p2b: Kyogre|Kyogre, L50|100/100
|-weather|RainDance|[from] ability: Drizzle|[of] p2b: Kyogre
|-ability|p2a: Incineroar|Intimidate|boost
|-unboost|p1a: Trippie Redd|atk|1
|-unboost|p1b: Nigiri|atk|1
|turn|1
|
|t:|1750875241
|move|p1a: Trippie Redd|Fake Out|p2a: Incineroar
|-damage|p2a: Incineroar|97/100
|-damage|p1a: Trippie Redd|84/100|[from] item: Rocky Helmet|[of] p2a: Incineroar
|cant|p2a: Incineroar|flinch
|move|p1b: Nigiri|Muddy Water|p2b: Kyogre|[spread] p2a,p2b
|-supereffective|p2a: Incineroar
|-resisted|p2b: Kyogre
|-damage|p2a: Incineroar|7/100
|-damage|p2b: Kyogre|82/100
|move|p2b: Kyogre|Thunder|p1a: Trippie Redd
|-damage|p1a: Trippie Redd|0 fnt
|faint|p1a: Trippie Redd
|
|-weather|RainDance|[upkeep]
|upkeep
|
|t:|1750875281
|switch|p1a: Johnny Blaze|Calyrex-Shadow, L50|100/100
|-ability|p1a: Johnny Blaze|As One
|-ability|p1a: Johnny Blaze|Unnerve
|turn|2
|
|t:|1750875305
|move|p1a: Johnny Blaze|Disable|p2b: Kyogre
|-start|p2b: Kyogre|Disable|Thunder
|move|p1b: Nigiri|Muddy Water|p2b: Kyogre|[spread] p2a,p2b
|-supereffective|p2a: Incineroar
|-resisted|p2b: Kyogre
|-damage|p2a: Incineroar|0 fnt
|-damage|p2b: Kyogre|62/100
|-unboost|p2b: Kyogre|accuracy|1
|faint|p2a: Incineroar
|move|p2b: Kyogre|Origin Pulse|p1a: Johnny Blaze|[spread] p1a
|-ability|p1b: Nigiri|Storm Drain|boost
|-boost|p1b: Nigiri|spa|1
|-damage|p1a: Johnny Blaze|18/100
|
|-weather|RainDance|[upkeep]
|upkeep
|
|t:|1750875318
|switch|p2a: Rillaboom|Rillaboom, L50, M|100/100
|-fieldstart|move: Grassy Terrain|[from] ability: Grassy Surge|[of] p2a: Rillaboom
|turn|3
|
|t:|1750875328
|move|p1a: Johnny Blaze|Protect|p1a: Johnny Blaze
|-singleturn|p1a: Johnny Blaze|Protect
|move|p2b: Kyogre|Protect|p2b: Kyogre
|-singleturn|p2b: Kyogre|Protect
|move|p2a: Rillaboom|Grassy Glide|p1a: Johnny Blaze
|-activate|p1a: Johnny Blaze|move: Protect
|move|p1b: Nigiri|Muddy Water|p2a: Rillaboom|[spread] p2a
|-activate|p2b: Kyogre|move: Protect
|-resisted|p2a: Rillaboom
|-damage|p2a: Rillaboom|72/100
|
|-weather|RainDance|[upkeep]
|-heal|p1a: Johnny Blaze|24/100|[from] Grassy Terrain
|-heal|p2b: Kyogre|68/100|[from] Grassy Terrain
|-heal|p2a: Rillaboom|78/100|[from] Grassy Terrain
|upkeep
|turn|4
|
|t:|1750875346
|switch|p1a: Zamazenta|Zamazenta-Crowned, L50, shiny|100/100
|-ability|p1a: Zamazenta|Dauntless Shield|boost
|-boost|p1a: Zamazenta|def|1
|move|p2b: Kyogre|Protect||[still]
|-fail|p2b: Kyogre
|move|p2a: Rillaboom|Grassy Glide|p1a: Zamazenta
|-resisted|p1a: Zamazenta
|-damage|p1a: Zamazenta|91/100
|move|p1b: Nigiri|Muddy Water|p2b: Kyogre|[spread] p2a,p2b
|-resisted|p2a: Rillaboom
|-resisted|p2b: Kyogre
|-damage|p2a: Rillaboom|51/100
|-damage|p2b: Kyogre|39/100
|-unboost|p2b: Kyogre|accuracy|1
|
|-weather|RainDance|[upkeep]
|-heal|p1a: Zamazenta|97/100|[from] Grassy Terrain
|-heal|p2b: Kyogre|45/100|[from] Grassy Terrain
|-heal|p2a: Rillaboom|57/100|[from] Grassy Terrain
|upkeep
|turn|5
|
|t:|1750875378
|switch|p2b: Zacian|Zacian-Crowned, L50|100/100
|-ability|p2b: Zacian|Intrepid Sword|boost
|-boost|p2b: Zacian|atk|1
|move|p1b: Nigiri|Muddy Water|p2b: Zacian|[spread] p2a,p2b
|-resisted|p2a: Rillaboom
|-crit|p2b: Zacian
|-damage|p2a: Rillaboom|26/100
|-damage|p2b: Zacian|1/100
|move|p1a: Zamazenta|Body Press|p2a: Rillaboom
|-crit|p2a: Rillaboom
|-damage|p2a: Rillaboom|0 fnt
|faint|p2a: Rillaboom
|
|-weather|none
|-heal|p2b: Zacian|7/100|[from] Grassy Terrain
|-heal|p1a: Zamazenta|100/100|[from] Grassy Terrain
|upkeep
|
|t:|1750875398
|switch|p2a: Kyogre|Kyogre, L50|45/100
|-weather|RainDance|[from] ability: Drizzle|[of] p2a: Kyogre
|turn|6
|inactive|Battle timer is ON: inactive players will automatically lose when time's up. (requested by jomle)
|
|t:|1750875416
|move|p1b: Nigiri|Muddy Water|p2b: Zacian|[spread] p2a,p2b
|-resisted|p2a: Kyogre
|-damage|p2a: Kyogre|19/100
|-damage|p2b: Zacian|0 fnt
|-unboost|p2a: Kyogre|accuracy|1
|faint|p2b: Zacian
|move|p1a: Zamazenta|Body Press|p2a: Kyogre
|-damage|p2a: Kyogre|0 fnt
|faint|p2a: Kyogre
|
|win|treallyreal
|raw|treallyreal's rating: 1350 &rarr; <strong>1371</strong><br />(+21 for winning)
|raw|jomle's rating: 1368 &rarr; <strong>1347</strong><br />(-21 for losing)
|l|‽jomle
|player|p2|
|l|☆treallyreal
|player|p1|
