|j|☆NoodleDude2355
|j|☆BlvckTheGamer
|t:|1750834220
|gametype|doubles
|player|p1|NoodleDude2355|blackbelt-gen4dp|1562
|player|p2|BlvckTheGamer|169|1643
|teamsize|p1|6
|teamsize|p2|6
|gen|9
|tier|[Gen 9] VGC 2025 Reg I
|rated|
|rule|Species Clause: Limit one of each Pokémon
|rule|Item Clause: Limit 1 of each item
|clearpoke
|poke|p1|Zamazenta-*, L50|
|poke|p1|Lunala, L50|
|poke|p1|Rillaboom, L50, M|
|poke|p1|Incineroar, L50, M|
|poke|p1|Ursaluna, L50, F|
|poke|p1|Raging Bolt, L50|
|poke|p2|Scovillain, L50, F|
|poke|p2|Koraidon, L50|
|poke|p2|Lunala, L50|
|poke|p2|Urshifu-*, L50, F|
|poke|p2|Indeedee-F, L50, F|
|poke|p2|Amoonguss, L50, M|
|teampreview|4
|inactive|Battle timer is ON: inactive players will automatically lose when time's up. (requested by NoodleDude2355)
|inactive|NoodleDude2355 has 60 seconds left.
|inactive|BlvckTheGamer has 60 seconds left.
|inactive|NoodleDude2355 has 30 seconds left.
|
|t:|1750834284
|start
|switch|p1a: Incineroar|Incineroar, L50, M|100/100
|switch|p1b: Lunala|Lunala, L50|100/100
|switch|p2a: Urshifu|Urshifu, L50, F|100/100
|switch|p2b: Koraidon|Koraidon, L50|100/100
|-weather|SunnyDay|[from] ability: Orichalcum Pulse|[of] p2b: Koraidon
|-activate|p2b: Koraidon|Orichalcum Pulse|[source]
|-ability|p1a: Incineroar|Intimidate|boost
|-unboost|p2a: Urshifu|atk|1
|-fail|p2b: Koraidon|unboost|[from] item: Clear Amulet|[of] p2b: Koraidon
|turn|1
|
|t:|1750834307
|switch|p2a: Indeedee|Indeedee-F, L50, F|100/100
|-fieldstart|move: Psychic Terrain|[from] ability: Psychic Surge|[of] p2a: Indeedee
|-terastallize|p2b: Koraidon|Fire
|-terastallize|p1b: Lunala|Fairy
|move|p2b: Koraidon|Collision Course|p1a: Incineroar
|-supereffective|p1a: Incineroar
|-damage|p1a: Incineroar|0 fnt
|faint|p1a: Incineroar
|move|p1b: Lunala|Trick Room|p1b: Lunala
|-fieldstart|move: Trick Room|[of] p1b: Lunala
|
|-weather|SunnyDay|[upkeep]
|upkeep
|
|t:|1750834333
|switch|p1a: Ursaluna|Ursaluna, L50, F|100/100
|turn|2
|inactive|NoodleDude2355 has 30 seconds left.
|inactive|NoodleDude2355 has 20 seconds left.
|inactive|NoodleDude2355 has 15 seconds left.
|inactive|NoodleDude2355 has 10 seconds left.
|inactive|NoodleDude2355 has 5 seconds left.
|
|t:|1750834388
|move|p2b: Koraidon|Protect|p2b: Koraidon
|-singleturn|p2b: Koraidon|Protect
|move|p1a: Ursaluna|Facade|p2b: Koraidon
|-activate|p2b: Koraidon|move: Protect
|move|p1b: Lunala|Moonblast|p2b: Koraidon
|-activate|p2b: Koraidon|move: Protect
|move|p2a: Indeedee|Trick Room|p2a: Indeedee
|-fieldend|move: Trick Room
|
|-weather|SunnyDay|[upkeep]
|-status|p1a: Ursaluna|brn|[from] item: Flame Orb
|upkeep
|turn|3
|inactive|NoodleDude2355 has 30 seconds left.
|inactive|BlvckTheGamer has 30 seconds left.
|inactive|NoodleDude2355 has 20 seconds left.
|inactive|NoodleDude2355 has 15 seconds left.
|inactive|NoodleDude2355 has 10 seconds left.
|inactive|BlvckTheGamer has 20 seconds left.
|inactive|NoodleDude2355 has 5 seconds left.
|inactive|BlvckTheGamer has 15 seconds left.
|
|t:|1750834443
|move|p2b: Koraidon|Flare Blitz|p1b: Lunala
|-damage|p1b: Lunala|46/100
|-status|p1b: Lunala|brn
|-damage|p2b: Koraidon|77/100|[from] Recoil
|move|p1b: Lunala|Moonblast|p2b: Koraidon
|-resisted|p2b: Koraidon
|-damage|p2b: Koraidon|48/100
|move|p2a: Indeedee|Psychic|p1b: Lunala
|-damage|p1b: Lunala|16/100 brn
|move|p1a: Ursaluna|Facade|p2a: Indeedee
|-crit|p2a: Indeedee
|-damage|p2a: Indeedee|0 fnt
|faint|p2a: Indeedee
|
|-weather|SunnyDay|[upkeep]
|-heal|p1b: Lunala|22/100 brn|[from] item: Leftovers
|-damage|p1b: Lunala|16/100 brn|[from] brn
|-damage|p1a: Ursaluna|95/100 brn|[from] brn
|upkeep
|
|t:|1750834464
|switch|p2a: Lunala|Lunala, L50|100/100
|-enditem|p2a: Lunala|Psychic Seed
|-boost|p2a: Lunala|spd|1|[from] item: Psychic Seed
|turn|4
|inactive|NoodleDude2355 has 30 seconds left.
|inactive|NoodleDude2355 has 20 seconds left.
|inactive|NoodleDude2355 has 15 seconds left.
|inactive|NoodleDude2355 has 10 seconds left.
|inactive|NoodleDude2355 has 5 seconds left.
|
|t:|1750834519
|move|p2b: Koraidon|Flare Blitz|p1b: Lunala
|-damage|p1b: Lunala|0 fnt
|faint|p1b: Lunala
|-damage|p2b: Koraidon|41/100|[from] Recoil
|move|p2a: Lunala|Expanding Force|p1a: Ursaluna
|-damage|p1a: Ursaluna|13/100 brn
|move|p1a: Ursaluna|Facade|p2a: Lunala
|-immune|p2a: Lunala
|
|-weather|SunnyDay|[upkeep]
|-damage|p1a: Ursaluna|7/100 brn|[from] brn
|upkeep
|inactive|NoodleDude2355 has 30 seconds left.
|inactive|NoodleDude2355 has 20 seconds left.
|inactive|NoodleDude2355 has 15 seconds left.
|inactive|NoodleDude2355 has 10 seconds left.
|inactive|NoodleDude2355 has 5 seconds left.
|
|t:|1750834574
|switch|p1b: Zamazenta|Zamazenta-Crowned, L50|100/100
|-ability|p1b: Zamazenta|Dauntless Shield|boost
|-boost|p1b: Zamazenta|def|1
|turn|5
|
|t:|1750834594
|move|p1a: Ursaluna|Protect|p1a: Ursaluna
|-singleturn|p1a: Ursaluna|Protect
|move|p2b: Koraidon|Flare Blitz|p1b: Zamazenta
|-supereffective|p1b: Zamazenta
|-damage|p1b: Zamazenta|0 fnt
|faint|p1b: Zamazenta
|-damage|p2b: Koraidon|9/100|[from] Recoil
|move|p2a: Lunala|Moonblast|p1a: Ursaluna
|-activate|p1a: Ursaluna|move: Protect
|
|-weather|none
|-damage|p1a: Ursaluna|1/100 brn|[from] brn
|-fieldend|move: Psychic Terrain
|upkeep
|turn|6
|-message|NoodleDude2355 forfeited.
|
|win|BlvckTheGamer
|raw|NoodleDude2355's rating: 1562 &rarr; <strong>1547</strong><br />(-15 for losing)
|raw|BlvckTheGamer's rating: 1643 &rarr; <strong>1658</strong><br />(+15 for winning)
|l|☆NoodleDude2355
|player|p1|
|l|☆BlvckTheGamer
|player|p2|
