|j|☆TJRaynes
|j|☆not vgc lugia
|t:|1750844669
|gametype|doubles
|player|p1|TJRaynes|marley|1477
|player|p2|not vgc lugia|ethan|1476
|teamsize|p1|6
|teamsize|p2|6
|gen|9
|tier|[Gen 9] VGC 2025 Reg I
|rated|
|rule|Species Clause: Limit one of each Pokémon
|rule|Item Clause: Limit 1 of each item
|clearpoke
|poke|p1|Koraidon, L50|
|poke|p1|Urshifu-*, L50, M|
|poke|p1|Rillaboom, L50, F|
|poke|p1|Flutter Mane, L50|
|poke|p1|Raging Bolt, L50|
|poke|p1|Dialga-Origin, L50|
|poke|p2|Lugia, L50|
|poke|p2|Miraidon, L50|
|poke|p2|Chien-Pao, L50|
|poke|p2|Iron Hands, L50|
|poke|p2|Ogerpon-Wellspring, L50, F|
|poke|p2|Entei, L50|
|teampreview|4
|inactive|Battle timer is ON: inactive players will automatically lose when time's up. (requested by not vgc lugia)
TJRaynes has agreed to open team sheets.
|inactive|not vgc lugia has 60 seconds left.
|
|t:|1750844713
|start
|switch|p1a: Urshifu|Urshifu, L50, M|100/100
|switch|p1b: Flutter Mane|Flutter Mane, L50|100/100
|switch|p2a: Lugia|Lugia, L50|100/100
|switch|p2b: Miraidon|Miraidon, L50|100/100
|-fieldstart|move: Electric Terrain|[from] ability: Hadron Engine|[of] p2b: Miraidon
|-enditem|p2a: Lugia|Electric Seed
|-boost|p2a: Lugia|def|1|[from] item: Electric Seed
|turn|1
|
|t:|1750844734
|switch|p1a: Koraidon|Koraidon, L50|100/100
|-weather|SunnyDay|[from] ability: Orichalcum Pulse|[of] p1a: Koraidon
|-activate|p1b: Flutter Mane|ability: Protosynthesis
|-start|p1b: Flutter Mane|protosynthesisspe
|-activate|p1a: Koraidon|Orichalcum Pulse|[source]
|-terastallize|p2a: Lugia|Fairy
|move|p1b: Flutter Mane|Moonblast|p2b: Miraidon
|-supereffective|p2b: Miraidon
|-damage|p2b: Miraidon|19/100
|move|p2b: Miraidon|Volt Switch|p1a: Koraidon
|-resisted|p1a: Koraidon
|-damage|p1a: Koraidon|66/100
|
|t:|1750844747
|switch|p2b: Iron Hands|Iron Hands, L50|100/100|[from] Volt Switch
|-activate|p2b: Iron Hands|ability: Quark Drive
|-start|p2b: Iron Hands|quarkdriveatk
|move|p2a: Lugia|Calm Mind|p2a: Lugia
|-boost|p2a: Lugia|spa|1
|-boost|p2a: Lugia|spd|1
|
|-weather|SunnyDay|[upkeep]
|upkeep
|turn|2
|
|t:|1750844761
|move|p1a: Koraidon|Protect|p1a: Koraidon
|-singleturn|p1a: Koraidon|Protect
|move|p1b: Flutter Mane|Moonblast|p2b: Iron Hands
|-supereffective|p2b: Iron Hands
|-damage|p2b: Iron Hands|49/100
|move|p2a: Lugia|Calm Mind|p2a: Lugia
|-boost|p2a: Lugia|spa|1
|-boost|p2a: Lugia|spd|1
|move|p2b: Iron Hands|Wild Charge|p1b: Flutter Mane
|-damage|p1b: Flutter Mane|0 fnt
|faint|p1b: Flutter Mane
|-end|p1b: Flutter Mane|Protosynthesis|[silent]
|-damage|p2b: Iron Hands|34/100|[from] Recoil
|
|-weather|SunnyDay|[upkeep]
|upkeep
|
|t:|1750844774
|switch|p1b: Raging Bolt|Raging Bolt, L50|100/100
|-activate|p1b: Raging Bolt|ability: Protosynthesis
|-start|p1b: Raging Bolt|protosynthesisspa
|turn|3
|
|t:|1750844788
|-terastallize|p1a: Koraidon|Fire
|move|p1a: Koraidon|Flame Charge|p2b: Iron Hands
|-damage|p2b: Iron Hands|0 fnt
|-boost|p1a: Koraidon|spe|1
|faint|p2b: Iron Hands
|-end|p2b: Iron Hands|Quark Drive|[silent]
|-damage|p1a: Koraidon|57/100|[from] item: Life Orb
|move|p2a: Lugia|Aeroblast|p1a: Koraidon
|-damage|p1a: Koraidon|0 fnt
|faint|p1a: Koraidon
|move|p1b: Raging Bolt|Thunderbolt|p2a: Lugia
|-damage|p2a: Lugia|87/100
|
|-weather|SunnyDay|[upkeep]
|upkeep
|
|t:|1750844802
|switch|p1a: Urshifu|Urshifu, L50, M|100/100
|switch|p2b: Chien-Pao|Chien-Pao, L50|100/100
|-ability|p2b: Chien-Pao|Sword of Ruin
|turn|4
|
|t:|1750844810
|move|p1a: Urshifu|Sucker Punch|p2b: Chien-Pao
|-resisted|p2b: Chien-Pao
|-damage|p2b: Chien-Pao|75/100
|move|p1b: Raging Bolt|Thunderclap|p2b: Chien-Pao
|-damage|p2b: Chien-Pao|0 fnt
|faint|p2b: Chien-Pao
|move|p2a: Lugia|Aeroblast|p1a: Urshifu
|-supereffective|p1a: Urshifu
|-enditem|p1a: Urshifu|Focus Sash
|-damage|p1a: Urshifu|1/100
|
|-weather|SunnyDay|[upkeep]
|upkeep
|
|t:|1750844817
|switch|p2b: Miraidon|Miraidon, L50|19/100
|-activate|p2b: Miraidon|ability: Hadron Engine
|turn|5
|
|t:|1750844834
|move|p1a: Urshifu|Sucker Punch|p2b: Miraidon
|-crit|p2b: Miraidon
|-damage|p2b: Miraidon|0 fnt
|faint|p2b: Miraidon
|move|p2a: Lugia|Aeroblast|p1b: Raging Bolt
|-resisted|p1b: Raging Bolt
|-damage|p1b: Raging Bolt|63/100
|move|p1b: Raging Bolt|Thunderbolt|p2a: Lugia
|-damage|p2a: Lugia|60/100
|
|-weather|none
|-end|p1b: Raging Bolt|Protosynthesis
|-fieldend|move: Electric Terrain
|upkeep
|turn|6
|
|t:|1750844848
|move|p2a: Lugia|Recover|p2a: Lugia
|-heal|p2a: Lugia|100/100
|move|p1a: Urshifu|Wicked Blow|p2a: Lugia
|-resisted|p2a: Lugia
|-crit|p2a: Lugia
|-damage|p2a: Lugia|89/100
|move|p1b: Raging Bolt|Thunderbolt|p2a: Lugia
|-damage|p2a: Lugia|72/100
|
|upkeep
|turn|7
|
|t:|1750844860
|move|p2a: Lugia|Aeroblast|p1a: Urshifu
|-supereffective|p1a: Urshifu
|-crit|p1a: Urshifu
|-damage|p1a: Urshifu|0 fnt
|faint|p1a: Urshifu
|move|p1b: Raging Bolt|Thunderbolt|p2a: Lugia
|-damage|p2a: Lugia|55/100
|
|upkeep
|turn|8
|
|t:|1750844864
|move|p2a: Lugia|Recover|p2a: Lugia
|-heal|p2a: Lugia|100/100
|move|p1b: Raging Bolt|Thunderbolt|p2a: Lugia
|-damage|p2a: Lugia|92/100
|
|upkeep
|turn|9
|
|t:|1750844871
|move|p2a: Lugia|Calm Mind|p2a: Lugia
|-boost|p2a: Lugia|spa|1
|-boost|p2a: Lugia|spd|1
|move|p1b: Raging Bolt|Thunderbolt|p2a: Lugia
|-damage|p2a: Lugia|77/100
|
|upkeep
|turn|10
|
|t:|1750844876
|move|p2a: Lugia|Aeroblast|p1b: Raging Bolt
|-resisted|p1b: Raging Bolt
|-damage|p1b: Raging Bolt|20/100
|-enditem|p1b: Raging Bolt|Sitrus Berry|[eat]
|-heal|p1b: Raging Bolt|45/100|[from] item: Sitrus Berry
|move|p1b: Raging Bolt|Thunderbolt|p2a: Lugia
|-damage|p2a: Lugia|63/100
|
|upkeep
|turn|11
|
|t:|1750844884
|move|p2a: Lugia|Recover|p2a: Lugia
|-heal|p2a: Lugia|100/100
|move|p1b: Raging Bolt|Thunderbolt|p2a: Lugia
|-damage|p2a: Lugia|94/100
|
|upkeep
|turn|12
|
|t:|1750844889
|move|p2a: Lugia|Aeroblast|p1b: Raging Bolt
|-resisted|p1b: Raging Bolt
|-damage|p1b: Raging Bolt|3/100
|move|p1b: Raging Bolt|Thunderbolt|p2a: Lugia
|-damage|p2a: Lugia|78/100
|
|upkeep
|turn|13
|
|t:|1750844896
|move|p1b: Raging Bolt|Thunderclap|p2a: Lugia
|-crit|p2a: Lugia
|-damage|p2a: Lugia|37/100
|move|p2a: Lugia|Aeroblast|p1b: Raging Bolt
|-resisted|p1b: Raging Bolt
|-damage|p1b: Raging Bolt|0 fnt
|faint|p1b: Raging Bolt
|-end|p1b: Raging Bolt|Protosynthesis|[silent]
|
|win|not vgc lugia
|raw|TJRaynes's rating: 1477 &rarr; <strong>1457</strong><br />(-20 for losing)
|raw|not vgc lugia's rating: 1476 &rarr; <strong>1496</strong><br />(+20 for winning)
|l|☆not vgc lugia
|player|p2|
