|j|☆parrotboy
|j|☆Samurai701
|t:|1750742831
|gametype|doubles
|player|p1|parrotboy|hiker-gen4|1305
|player|p2|Samurai701|janitor|1372
|teamsize|p1|6
|teamsize|p2|6
|gen|9
|tier|[Gen 9] VGC 2025 Reg I
|rated|
|rule|Species Clause: Limit one of each Pokémon
|rule|Item Clause: Limit 1 of each item
|clearpoke
|poke|p1|Flutter Mane, L50|
|poke|p1|Koraidon, L50|
|poke|p1|Scream Tail, L50|
|poke|p1|Gothitelle, L50, F|
|poke|p1|Incineroar, L50, F|
|poke|p1|Calyrex-Ice, L50|
|poke|p2|Calyrex-Ice, L50|
|poke|p2|Miraidon, L50|
|poke|p2|Grimmsnarl, L50, M|
|poke|p2|Urshifu-*, L50, M|
|poke|p2|Incineroar, L50, M|
|poke|p2|Landorus, L50, M|
|teampreview|4
|inactive|Battle timer is ON: inactive players will automatically lose when time's up. (requested by parrotboy)
Samurai701 has agreed to open team sheets.
|inactive|Samurai701 has 60 seconds left.
|inactive|parrotboy has 60 seconds left.
|inactive|Samurai701 has 30 seconds left.
|
|t:|1750742895
|start
|switch|p1a: Calyrex|Calyrex-Ice, L50|100/100
|switch|p1b: Gothitelle|Gothitelle, L50, F|100/100
|switch|p2a: Incineroar|Incineroar, L50, M|100/100
|switch|p2b: Miraidon|Miraidon, L50|100/100
|-ability|p1a: Calyrex|As One
|-ability|p1a: Calyrex|Unnerve
|-fieldstart|move: Electric Terrain|[from] ability: Hadron Engine|[of] p2b: Miraidon
|-ability|p2a: Incineroar|Intimidate|boost
|-fail|p1a: Calyrex|unboost|[from] item: Clear Amulet|[of] p1a: Calyrex
|-unboost|p1b: Gothitelle|atk|1
|turn|1
|inactive|Samurai701 has 30 seconds left.
|inactive|parrotboy has 30 seconds left.
|inactive|parrotboy has 20 seconds left.
|inactive|Samurai701 has 20 seconds left.
|inactive|parrotboy has 15 seconds left.
|inactive|Samurai701 has 15 seconds left.
|inactive|Samurai701 has 10 seconds left.
|
|t:|1750742949
|-terastallize|p1a: Calyrex|Ground
|move|p2a: Incineroar|Fake Out|p1b: Gothitelle
|-damage|p1b: Gothitelle|91/100
|cant|p1b: Gothitelle|flinch
|move|p2b: Miraidon|Volt Switch|p1a: Calyrex
|-immune|p1a: Calyrex
|move|p1a: Calyrex|High Horsepower|p2a: Incineroar
|-supereffective|p2a: Incineroar
|-damage|p2a: Incineroar|0 fnt
|faint|p2a: Incineroar
|-ability|p1a: Calyrex|Chilling Neigh|boost
|-boost|p1a: Calyrex|atk|1
|
|-heal|p1b: Gothitelle|97/100|[from] item: Leftovers
|upkeep
|
|t:|1750742967
|switch|p2a: Urshifu|Urshifu-Rapid-Strike, L50, M|100/100
|turn|2
|
|t:|1750742979
|switch|p1b: Koraidon|Koraidon, L50|100/100
|-weather|SunnyDay|[from] ability: Orichalcum Pulse|[of] p1b: Koraidon
|-activate|p1b: Koraidon|Orichalcum Pulse|[source]
|move|p2b: Miraidon|Volt Switch|p1b: Koraidon
|-resisted|p1b: Koraidon
|-damage|p1b: Koraidon|54/100
|
|t:|1750742986
|switch|p2b: Calyrex|Calyrex-Ice, L50|100/100|[from] Volt Switch
|-ability|p2b: Calyrex|As One
|-ability|p2b: Calyrex|Unnerve
|move|p2a: Urshifu|Surging Strikes|p1a: Calyrex
|-supereffective|p1a: Calyrex
|-crit|p1a: Calyrex
|-damage|p1a: Calyrex|83/100
|-supereffective|p1a: Calyrex
|-crit|p1a: Calyrex
|-damage|p1a: Calyrex|63/100
|-supereffective|p1a: Calyrex
|-crit|p1a: Calyrex
|-damage|p1a: Calyrex|43/100
|-hitcount|p1a: Calyrex|3
|move|p1a: Calyrex|Trick Room|p1a: Calyrex
|-fieldstart|move: Trick Room|[of] p1a: Calyrex
|
|-weather|SunnyDay|[upkeep]
|upkeep
|turn|3
|
|t:|1750743008
|switch|p1b: Gothitelle|Gothitelle, L50, F|97/100
|move|p1a: Calyrex|High Horsepower|p2a: Urshifu
|-damage|p2a: Urshifu|5/100
|move|p2b: Calyrex|Glacial Lance|p1b: Gothitelle|[spread] p1a,p1b
|-supereffective|p1a: Calyrex
|-damage|p1a: Calyrex|0 fnt
|-damage|p1b: Gothitelle|52/100
|faint|p1a: Calyrex
|-ability|p2b: Calyrex|Chilling Neigh|boost
|-boost|p2b: Calyrex|atk|1
|move|p2a: Urshifu|Surging Strikes|p1b: Gothitelle
|-crit|p1b: Gothitelle
|-damage|p1b: Gothitelle|38/100
|-crit|p1b: Gothitelle
|-damage|p1b: Gothitelle|24/100
|-crit|p1b: Gothitelle
|-damage|p1b: Gothitelle|10/100
|-hitcount|p1b: Gothitelle|3
|
|-weather|SunnyDay|[upkeep]
|-heal|p1b: Gothitelle|16/100|[from] item: Leftovers
|upkeep
|
|t:|1750743014
|switch|p1a: Koraidon|Koraidon, L50|54/100
|-activate|p1a: Koraidon|ability: Orichalcum Pulse
|turn|4
|
|t:|1750743031
|move|p1b: Gothitelle|Fake Out|p2b: Calyrex
|-damage|p2b: Calyrex|97/100
|cant|p2b: Calyrex|flinch
|move|p2a: Urshifu|Surging Strikes|p1a: Koraidon
|-resisted|p1a: Koraidon
|-crit|p1a: Koraidon
|-damage|p1a: Koraidon|48/100
|-resisted|p1a: Koraidon
|-crit|p1a: Koraidon
|-damage|p1a: Koraidon|41/100
|-resisted|p1a: Koraidon
|-crit|p1a: Koraidon
|-damage|p1a: Koraidon|35/100
|-hitcount|p1a: Koraidon|3
|move|p1a: Koraidon|Flare Blitz|p2b: Calyrex
|-supereffective|p2b: Calyrex
|-damage|p2b: Calyrex|0 fnt
|faint|p2b: Calyrex
|-damage|p1a: Koraidon|0 fnt|[from] Recoil
|faint|p1a: Koraidon
|
|-weather|SunnyDay|[upkeep]
|-heal|p1b: Gothitelle|23/100|[from] item: Leftovers
|upkeep
|
|t:|1750743049
|switch|p2b: Miraidon|Miraidon, L50|100/100
|switch|p1a: Scream Tail|Scream Tail, L50|100/100
|-activate|p2b: Miraidon|ability: Hadron Engine
|-activate|p1a: Scream Tail|ability: Protosynthesis
|-start|p1a: Scream Tail|protosynthesisspe
|turn|5
|
|t:|1750743068
|-terastallize|p2b: Miraidon|Fairy
|move|p1b: Gothitelle|Shadow Ball|p2a: Urshifu
|-damage|p2a: Urshifu|0 fnt
|faint|p2a: Urshifu
|move|p2b: Miraidon|Electro Drift|p1a: Scream Tail
|-damage|p1a: Scream Tail|10/100
|move|p1a: Scream Tail|Disable|p2b: Miraidon
|-start|p2b: Miraidon|Disable|Electro Drift
|
|-weather|SunnyDay|[upkeep]
|-heal|p1b: Gothitelle|29/100|[from] item: Leftovers
|-fieldend|move: Electric Terrain
|upkeep
|turn|6
|
|t:|1750743083
|move|p1b: Gothitelle|Heal Pulse|p1a: Scream Tail
|-heal|p1a: Scream Tail|60/100
|-activate|p2b: Miraidon|move: Struggle
|move|p2b: Miraidon|Struggle|p1b: Gothitelle
|-damage|p1b: Gothitelle|20/100
|-damage|p2b: Miraidon|76/100|[from] recoil
|move|p1a: Scream Tail|Perish Song|p1a: Scream Tail
|-start|p1a: Scream Tail|perish3|[silent]
|-start|p1b: Gothitelle|perish3|[silent]
|-start|p2b: Miraidon|perish3|[silent]
|-fieldactivate|move: Perish Song
|
|-weather|none
|-end|p1a: Scream Tail|Protosynthesis
|-heal|p1b: Gothitelle|26/100|[from] item: Leftovers
|-start|p1b: Gothitelle|perish3
|-start|p2b: Miraidon|perish3
|-start|p1a: Scream Tail|perish3
|-fieldend|move: Trick Room
|upkeep
|-enditem|p1a: Scream Tail|Booster Energy
|-activate|p1a: Scream Tail|ability: Protosynthesis|[fromitem]
|-start|p1a: Scream Tail|protosynthesisspe
|turn|7
|
|t:|1750743099
|move|p1a: Scream Tail|Dazzling Gleam|p2b: Miraidon
|-damage|p2b: Miraidon|62/100
|-activate|p2b: Miraidon|move: Struggle
|move|p2b: Miraidon|Struggle|p1a: Scream Tail
|-damage|p1a: Scream Tail|53/100
|-damage|p2b: Miraidon|38/100|[from] recoil
|move|p1b: Gothitelle|Heal Pulse|p1a: Scream Tail
|-heal|p1a: Scream Tail|100/100
|
|-heal|p1b: Gothitelle|32/100|[from] item: Leftovers
|-start|p1a: Scream Tail|perish2
|-start|p2b: Miraidon|perish2
|-start|p1b: Gothitelle|perish2
|upkeep
|turn|8
|
|t:|1750743116
|move|p1a: Scream Tail|Dazzling Gleam|p2b: Miraidon
|-damage|p2b: Miraidon|23/100
|-activate|p2b: Miraidon|move: Struggle
|move|p2b: Miraidon|Struggle|p1a: Scream Tail
|-damage|p1a: Scream Tail|93/100
|-damage|p2b: Miraidon|0 fnt|[from] recoil
|faint|p2b: Miraidon
|
|win|parrotboy
|raw|parrotboy's rating: 1305 &rarr; <strong>1329</strong><br />(+24 for winning)
|raw|Samurai701's rating: 1372 &rarr; <strong>1348</strong><br />(-24 for losing)
|l|☆Samurai701
|player|p2|
|l|☆parrotboy
|player|p1|
