|j|☆Raicuta
|j|☆StarmanWilliam
|t:|1750879604
|gametype|doubles
|player|p1|Raicuta|hugh|1426
|player|p2|StarmanWilliam|1|1350
|teamsize|p1|6
|teamsize|p2|6
|gen|9
|tier|[Gen 9] VGC 2025 Reg I
|rated|
|rule|Species Clause: Limit one of each Pokémon
|rule|Item Clause: Limit 1 of each item
|clearpoke
|poke|p1|Ho-Oh, L50|
|poke|p1|Koraidon, L50|
|poke|p1|Incineroar, L50, M|
|poke|p1|Farigiraf, L50, F|
|poke|p1|Rhydon, L50, M|
|poke|p1|Flutter Mane, L50|
|poke|p2|Decidueye-Hisui, L50, F|
|poke|p2|Calyrex-Ice, L50|
|poke|p2|Ogerpon-Wellspring, L50, F|
|poke|p2|Iron Hands, L50|
|poke|p2|Torkoal, L50, F|
|poke|p2|Miraidon, L50|
|teampreview|4
|inactive|Battle timer is ON: inactive players will automatically lose when time's up. (requested by Raicuta)
|inactive|Raicuta has 60 seconds left.
|inactive|StarmanWilliam has 60 seconds left.
|inactive|Raicuta has 30 seconds left.
|inactive|Raicuta has 20 seconds left.
|l|☆StarmanWilliam
|inactive|StarmanWilliam disconnected and has a minute to reconnect!
|player|p2|
|inactive|Raicuta has 15 seconds left.
|j|☆StarmanWilliam
|inactive|StarmanWilliam reconnected.
|player|p2|StarmanWilliam|1|
|inactive|Raicuta has 10 seconds left.
|inactive|Raicuta has 5 seconds left.
|
|t:|1750879694
|start
|switch|p1a: Koraidon|Koraidon, L50|100/100
|switch|p1b: Missmargius|Flutter Mane, L50, shiny|100/100
|switch|p2a: Ogerpon|Ogerpon-Wellspring, L50, F|100/100
|switch|p2b: Calyrex|Calyrex-Ice, L50|100/100
|-ability|p2b: Calyrex|As One
|-ability|p2b: Calyrex|Unnerve
|-weather|SunnyDay|[from] ability: Orichalcum Pulse|[of] p1a: Koraidon
|-activate|p1b: Missmargius|ability: Protosynthesis
|-start|p1b: Missmargius|protosynthesisspe
|-activate|p1a: Koraidon|Orichalcum Pulse|[source]
|turn|1
|inactive|Raicuta has 30 seconds left.
|inactive|Raicuta has 20 seconds left.
|inactive|Raicuta has 15 seconds left.
|inactive|Raicuta has 10 seconds left.
|
|t:|1750879741
|switch|p1a: Faridgiraf|Farigiraf, L50, F, shiny|100/100
|move|p2a: Ogerpon|Follow Me|p2a: Ogerpon
|-singleturn|p2a: Ogerpon|move: Follow Me
|move|p1b: Missmargius|Shadow Ball|p2a: Ogerpon
|-damage|p2a: Ogerpon|56/100
|move|p2b: Calyrex|Trick Room|p2b: Calyrex
|-fieldstart|move: Trick Room|[of] p2b: Calyrex
|
|-weather|SunnyDay|[upkeep]
|upkeep
|turn|2
|
|t:|1750879766
|-terastallize|p2b: Calyrex|Fire
|move|p1b: Missmargius|Protect|p1b: Missmargius
|-singleturn|p1b: Missmargius|Protect
|move|p2b: Calyrex|Glacial Lance|p1a: Faridgiraf|[spread] p1a
|-activate|p1b: Missmargius|move: Protect
|-damage|p1a: Faridgiraf|47/100
|move|p2a: Ogerpon|Taunt|p1a: Faridgiraf
|-start|p1a: Faridgiraf|move: Taunt
|cant|p1a: Faridgiraf|move: Taunt|Trick Room
|
|-weather|SunnyDay|[upkeep]
|upkeep
|turn|3
|
|t:|1750879784
|move|p2b: Calyrex|Glacial Lance|p1a: Faridgiraf|[spread] p1a,p1b
|-damage|p1a: Faridgiraf|0 fnt
|-enditem|p1b: Missmargius|Focus Sash
|-damage|p1b: Missmargius|1/100
|faint|p1a: Faridgiraf
|-ability|p2b: Calyrex|Chilling Neigh|boost
|-boost|p2b: Calyrex|atk|1
|move|p2a: Ogerpon|Ivy Cudgel|p1b: Missmargius|[anim] Ivy Cudgel Water
|-damage|p1b: Missmargius|0 fnt
|faint|p1b: Missmargius
|-end|p1b: Missmargius|Protosynthesis|[silent]
|
|-weather|SunnyDay|[upkeep]
|upkeep
|
|t:|1750879797
|switch|p1a: Koraidon|Koraidon, L50|100/100
|switch|p1b: ven|Rhydon, L50, M|100/100
|-activate|p1a: Koraidon|ability: Orichalcum Pulse
|turn|4
|
|t:|1750879815
|move|p1b: ven|Protect|p1b: ven
|-singleturn|p1b: ven|Protect
|move|p1a: Koraidon|Protect|p1a: Koraidon
|-singleturn|p1a: Koraidon|Protect
|move|p2a: Ogerpon|Follow Me|p2a: Ogerpon
|-singleturn|p2a: Ogerpon|move: Follow Me
|move|p2b: Calyrex|Glacial Lance|p1b: ven|[spread] 
|-activate|p1a: Koraidon|move: Protect
|-activate|p1b: ven|move: Protect
|
|-weather|SunnyDay|[upkeep]
|upkeep
|turn|5
|
|t:|1750879828
|move|p1b: ven|Protect|p1b: ven
|-singleturn|p1b: ven|Protect
|move|p1a: Koraidon|Protect|p1a: Koraidon
|-singleturn|p1a: Koraidon|Protect
|move|p2b: Calyrex|Glacial Lance|p1b: ven|[spread] 
|-activate|p1a: Koraidon|move: Protect
|-activate|p1b: ven|move: Protect
|move|p2a: Ogerpon|Ivy Cudgel|p1b: ven|[anim] Ivy Cudgel Water
|-activate|p1b: ven|move: Protect
|
|-weather|none
|-fieldend|move: Trick Room
|upkeep
|turn|6
|
|t:|1750879845
|move|p2a: Ogerpon|Follow Me|p2a: Ogerpon
|-singleturn|p2a: Ogerpon|move: Follow Me
|move|p1a: Koraidon|Close Combat|p2a: Ogerpon
|-damage|p2a: Ogerpon|0 fnt
|-unboost|p1a: Koraidon|def|1
|-unboost|p1a: Koraidon|spd|1
|faint|p2a: Ogerpon
|-damage|p1a: Koraidon|91/100|[from] item: Life Orb
|move|p1b: ven|Swords Dance|p1b: ven
|-boost|p1b: ven|atk|2
|move|p2b: Calyrex|Trick Room|p2b: Calyrex
|-fieldstart|move: Trick Room|[of] p2b: Calyrex
|
|upkeep
|
|t:|1750879859
|switch|p2a: Decidueye|Decidueye-Hisui, L50, F|100/100
|-enditem|p2a: Decidueye|Room Service
|-unboost|p2a: Decidueye|spe|1|[from] item: Room Service
|turn|7
|
|t:|1750879872
|-terastallize|p1b: ven|Fairy
|move|p1a: Koraidon|Protect|p1a: Koraidon
|-singleturn|p1a: Koraidon|Protect
|move|p1b: ven|High Horsepower|p2b: Calyrex
|-supereffective|p2b: Calyrex
|-damage|p2b: Calyrex|0 fnt
|faint|p2b: Calyrex
|move|p2a: Decidueye|Coaching|p2: Calyrex|[notarget]
|-fail|p2a: Decidueye
|
|upkeep
|
|t:|1750879879
|switch|p2b: Miraidon|Miraidon, L50|100/100
|-fieldstart|move: Electric Terrain|[from] ability: Hadron Engine|[of] p2b: Miraidon
|turn|8
|
|t:|1750879898
|move|p1b: ven|High Horsepower|p2b: Miraidon|[miss]
|-miss|p1b: ven|p2b: Miraidon
|move|p2a: Decidueye|Triple Arrows|p1a: Koraidon
|-damage|p1a: Koraidon|31/100
|-unboost|p1a: Koraidon|def|1
|move|p2b: Miraidon|Dazzling Gleam|p1b: ven|[spread] p1a,p1b
|-supereffective|p1a: Koraidon
|-damage|p1a: Koraidon|0 fnt
|-damage|p1b: ven|78/100
|faint|p1a: Koraidon
|
|upkeep
|turn|9
|
|t:|1750879912
|move|p1b: ven|High Horsepower|p2b: Miraidon
|-supereffective|p2b: Miraidon
|-damage|p2b: Miraidon|0 fnt
|faint|p2b: Miraidon
|move|p2a: Decidueye|Triple Arrows|p1b: ven
|-resisted|p1b: ven
|-damage|p1b: ven|67/100
|-unboost|p1b: ven|def|1
|
|upkeep
|turn|10
|c|☆StarmanWilliam|Damn
|c|☆StarmanWilliam|well played homie
|c|☆StarmanWilliam|Shoulda put more respect
|inactive|StarmanWilliam has 30 seconds left.
|
|t:|1750879943
|move|p1b: ven|High Horsepower|p2a: Decidueye
|-resisted|p2a: Decidueye
|-damage|p2a: Decidueye|48/100
|move|p2a: Decidueye|Triple Arrows|p1b: ven
|-resisted|p1b: ven
|-damage|p1b: ven|50/100
|
|-fieldend|move: Trick Room
|upkeep
|turn|11
|c|☆Raicuta|ggs
|
|t:|1750879953
|move|p2a: Decidueye|Shadow Sneak|p1b: ven
|-damage|p1b: ven|39/100
|move|p1b: ven|High Horsepower|p2a: Decidueye
|-resisted|p2a: Decidueye
|-damage|p2a: Decidueye|2/100
|
|upkeep
|turn|12
|c|☆StarmanWilliam|Gg
|
|t:|1750879967
|move|p2a: Decidueye|Triple Arrows|p1b: ven
|-resisted|p1b: ven
|-damage|p1b: ven|22/100
|move|p1b: ven|High Horsepower|p2a: Decidueye
|-resisted|p2a: Decidueye
|-damage|p2a: Decidueye|0 fnt
|faint|p2a: Decidueye
|
|win|Raicuta
|raw|Raicuta's rating: 1426 &rarr; <strong>1442</strong><br />(+16 for winning)
|raw|StarmanWilliam's rating: 1350 &rarr; <strong>1334</strong><br />(-16 for losing)
|l|☆Raicuta
|player|p1|
|l|☆StarmanWilliam
|player|p2|
