|j|☆popomrpopo
|j|☆willscharnagl
|t:|1750740691
|gametype|doubles
|player|p1|popomrpopo|170|1301
|player|p2|willscharnagl|266|1355
|teamsize|p1|6
|teamsize|p2|6
|gen|9
|tier|[Gen 9] VGC 2025 Reg I
|rated|
|rule|Species Clause: Limit one of each Pokémon
|rule|Item Clause: Limit 1 of each item
|clearpoke
|poke|p1|Lunala, L50|
|poke|p1|Incineroar, L50, F|
|poke|p1|Raging Bolt, L50|
|poke|p1|Rillaboom, L50, F|
|poke|p1|Amoonguss, L50, F|
|poke|p1|Koraidon, L50|
|poke|p2|Venusaur, L50, F|
|poke|p2|Groudon, L50|
|poke|p2|Flutter Mane, L50|
|poke|p2|Calyrex-Ice, L50|
|poke|p2|Raging Bolt, L50|
|poke|p2|Ogerpon-Cornerstone, L50, F|
|teampreview|4
|inactive|Battle timer is ON: inactive players will automatically lose when time's up. (requested by willscharnagl)
|inactive|popomrpopo has 60 seconds left.
|inactive|popomrpopo has 30 seconds left.
|inactive|popomrpopo has 20 seconds left.
|inactive|popomrpopo has 15 seconds left.
|inactive|popomrpopo has 10 seconds left.
|inactive|popomrpopo has 5 seconds left.
|
|t:|1750740780
|start
|switch|p1a: Koraidon|Koraidon, L50|100/100
|switch|p1b: Incineroar|Incineroar, L50, F|100/100
|switch|p2a: Calyrex|Calyrex-Ice, L50|100/100
|switch|p2b: Venusaur|Venusaur, L50, F|100/100
|-ability|p2a: Calyrex|As One
|-ability|p2a: Calyrex|Unnerve
|-weather|SunnyDay|[from] ability: Orichalcum Pulse|[of] p1a: Koraidon
|-activate|p1a: Koraidon|Orichalcum Pulse|[source]
|-ability|p1b: Incineroar|Intimidate|boost
|-unboost|p2a: Calyrex|atk|1
|-unboost|p2b: Venusaur|atk|1
|turn|1
|
|t:|1750740798
|-terastallize|p1a: Koraidon|Fire
|-terastallize|p2a: Calyrex|Water
|move|p2b: Venusaur|Sleep Powder|p1a: Koraidon
|-status|p1a: Koraidon|slp|[from] move: Sleep Powder
|cant|p1a: Koraidon|slp
|move|p1b: Incineroar|Flare Blitz|p2a: Calyrex
|-resisted|p2a: Calyrex
|-damage|p2a: Calyrex|76/100
|-damage|p1b: Incineroar|92/100|[from] Recoil
|move|p2a: Calyrex|Trick Room|p2a: Calyrex
|-fieldstart|move: Trick Room|[of] p2a: Calyrex
|
|-weather|SunnyDay|[upkeep]
|upkeep
|turn|2
|
|t:|1750740822
|move|p2a: Calyrex|Leech Seed|p1a: Koraidon
|-start|p1a: Koraidon|move: Leech Seed
|move|p1b: Incineroar|Flare Blitz|p2b: Venusaur
|-supereffective|p2b: Venusaur
|-damage|p2b: Venusaur|0 fnt
|faint|p2b: Venusaur
|-damage|p1b: Incineroar|63/100|[from] Recoil
|cant|p1a: Koraidon|slp
|
|-weather|SunnyDay|[upkeep]
|-damage|p1a: Koraidon|88/100 slp|[from] Leech Seed|[of] p2a: Calyrex
|-heal|p2a: Calyrex|89/100|[silent]
|upkeep
|
|t:|1750740832
|switch|p2b: Raging Bolt|Raging Bolt, L50|100/100
|-activate|p2b: Raging Bolt|ability: Protosynthesis
|-start|p2b: Raging Bolt|protosynthesisspa
|turn|3
|
|t:|1750740846
|switch|p1a: Amoonguss|Amoonguss, L50, F|100/100
|move|p2a: Calyrex|Glacial Lance|p1a: Amoonguss|[spread] p1a,p1b
|-supereffective|p1a: Amoonguss
|-resisted|p1b: Incineroar
|-damage|p1a: Amoonguss|51/100
|-damage|p1b: Incineroar|47/100
|move|p1b: Incineroar|Parting Shot|p2a: Calyrex
|-unboost|p2a: Calyrex|atk|1
|-unboost|p2a: Calyrex|spa|1
|
|t:|1750740862
|switch|p1b: Koraidon|Koraidon, L50, tera:Fire|88/100 slp|[from] Parting Shot
|-activate|p1b: Koraidon|ability: Orichalcum Pulse
|move|p2b: Raging Bolt|Thunderbolt|p1b: Koraidon
|-damage|p1b: Koraidon|16/100 slp
|
|-weather|SunnyDay|[upkeep]
|upkeep
|turn|4
|
|t:|1750740882
|switch|p1a: Incineroar|Incineroar, L50, F|47/100
|-ability|p1a: Incineroar|Intimidate|boost
|-unboost|p2a: Calyrex|atk|1
|-unboost|p2b: Raging Bolt|atk|1
|move|p2a: Calyrex|Glacial Lance|p1a: Incineroar|[spread] p1a,p1b
|-resisted|p1a: Incineroar
|-resisted|p1b: Koraidon
|-damage|p1a: Incineroar|39/100
|-damage|p1b: Koraidon|9/100 slp
|move|p2b: Raging Bolt|Dragon Pulse|p1a: Incineroar
|-damage|p1a: Incineroar|0 fnt
|faint|p1a: Incineroar
|cant|p1b: Koraidon|slp
|
|-weather|SunnyDay|[upkeep]
|upkeep
|
|t:|1750740898
|switch|p1a: Lunala|Lunala, L50|100/100
|turn|5
|
|t:|1750740904
|-curestatus|p1b: Koraidon|slp|[msg]
|move|p1b: Koraidon|Protect|p1b: Koraidon
|-singleturn|p1b: Koraidon|Protect
|move|p2b: Raging Bolt|Thunderclap||[still]
|-fail|p2b: Raging Bolt
|move|p2a: Calyrex|Leech Seed|p1a: Lunala|[miss]
|-miss|p2a: Calyrex|p1a: Lunala
|move|p1a: Lunala|Calm Mind|p1a: Lunala
|-boost|p1a: Lunala|spa|1
|-boost|p1a: Lunala|spd|1
|
|-weather|none
|-end|p2b: Raging Bolt|Protosynthesis
|-fieldend|move: Trick Room
|upkeep
|turn|6
|inactive|popomrpopo has 30 seconds left.
|inactive|popomrpopo has 20 seconds left.
|
|t:|1750740940
|move|p1b: Koraidon|Collision Course|p2a: Calyrex
|-damage|p2a: Calyrex|64/100
|move|p1a: Lunala|Calm Mind|p1a: Lunala
|-boost|p1a: Lunala|spa|1
|-boost|p1a: Lunala|spd|1
|move|p2b: Raging Bolt|Thunderbolt|p1a: Lunala
|-damage|p1a: Lunala|89/100
|move|p2a: Calyrex|Glacial Lance|p1b: Koraidon|[spread] p1a,p1b
|-resisted|p1b: Koraidon
|-damage|p1a: Lunala|74/100
|-damage|p1b: Koraidon|1/100
|
|-heal|p1a: Lunala|80/100|[from] item: Leftovers
|upkeep
|turn|7
|
|t:|1750740963
|move|p2b: Raging Bolt|Thunderclap|p1b: Koraidon
|-damage|p1b: Koraidon|0 fnt
|faint|p1b: Koraidon
|move|p1a: Lunala|Dazzling Gleam|p2b: Raging Bolt|[spread] p2a,p2b
|-supereffective|p2b: Raging Bolt
|-damage|p2a: Calyrex|33/100
|-damage|p2b: Raging Bolt|30/100
|-enditem|p2a: Calyrex|Sitrus Berry|[eat]
|-heal|p2a: Calyrex|58/100|[from] item: Sitrus Berry
|move|p2a: Calyrex|Leech Seed|p1a: Lunala
|-start|p1a: Lunala|move: Leech Seed
|
|-heal|p1a: Lunala|87/100|[from] item: Leftovers
|-damage|p1a: Lunala|74/100|[from] Leech Seed|[of] p2a: Calyrex
|-heal|p2a: Calyrex|72/100|[silent]
|upkeep
|
|t:|1750740973
|switch|p1b: Amoonguss|Amoonguss, L50, F|85/100
|turn|8
|j| Soham79
|inactive|popomrpopo has 30 seconds left.
|
|t:|1750741000
|switch|p2a: Ogerpon|Ogerpon-Cornerstone, L50, F|100/100
|move|p2b: Raging Bolt|Protect|p2b: Raging Bolt
|-singleturn|p2b: Raging Bolt|Protect
|move|p1a: Lunala|Dazzling Gleam|p2b: Raging Bolt|[spread] p2a
|-activate|p2b: Raging Bolt|move: Protect
|-damage|p2a: Ogerpon|48/100
|move|p1b: Amoonguss|Spore|p2a: Ogerpon
|-immune|p2a: Ogerpon
|
|-heal|p1a: Lunala|80/100|[from] item: Leftovers
|-damage|p1a: Lunala|68/100|[from] Leech Seed|[of] p2a: Ogerpon
|-heal|p2a: Ogerpon|66/100|[silent]
|upkeep
|turn|9
|
|t:|1750741014
|move|p2b: Raging Bolt|Thunderclap|p1a: Lunala
|-damage|p1a: Lunala|50/100
|move|p2a: Ogerpon|Ivy Cudgel|p1a: Lunala|[anim] Ivy Cudgel Rock
|-damage|p1a: Lunala|9/100
|move|p1a: Lunala|Dazzling Gleam|p2a: Ogerpon|[spread] p2a,p2b
|-crit|p2a: Ogerpon
|-supereffective|p2b: Raging Bolt
|-damage|p2a: Ogerpon|0 fnt
|-damage|p2b: Raging Bolt|0 fnt
|faint|p2a: Ogerpon
|faint|p2b: Raging Bolt
|-end|p2b: Raging Bolt|Protosynthesis|[silent]
|move|p1b: Amoonguss|Pollen Puff|p1a: Lunala
|-heal|p1a: Lunala|59/100
|
|-heal|p1a: Lunala|65/100|[from] item: Leftovers
|upkeep
|
|t:|1750741022
|switch|p2a: Calyrex|Calyrex-Ice, L50, tera:Water|72/100
|-ability|p2a: Calyrex|As One
|-ability|p2a: Calyrex|Unnerve
|turn|10
|
|t:|1750741035
|move|p1a: Lunala|Moongeist Beam|p2a: Calyrex
|-crit|p2a: Calyrex
|-damage|p2a: Calyrex|0 fnt
|faint|p2a: Calyrex
|
|win|popomrpopo
|raw|popomrpopo's rating: 1301 &rarr; <strong>1324</strong><br />(+23 for winning)
|raw|willscharnagl's rating: 1355 &rarr; <strong>1332</strong><br />(-23 for losing)
|l|☆willscharnagl
|player|p2|
|l| Soham79
|l|☆popomrpopo
|player|p1|
