|j|☆Charzard_289
|j|☆yanszinツ
|t:|1750821045
|gametype|doubles
|player|p1|Charzard_289|lucas|1277
|player|p2|yanszinツ|guitarist|1246
|teamsize|p1|6
|teamsize|p2|6
|gen|9
|tier|[Gen 9] VGC 2025 Reg I
|rated|
|rule|Species Clause: Limit one of each Pokémon
|rule|Item Clause: Limit 1 of each item
|clearpoke
|poke|p1|Calyrex-Shadow, L50|
|poke|p1|Miraidon, L50|
|poke|p1|Urshifu-*, L50, M|
|poke|p1|Whimsicott, L50, M|
|poke|p1|Chi-Yu, L50|
|poke|p1|Maushold, L50|
|poke|p2|Calyrex-Ice, L50|
|poke|p2|Zamazenta-*, L50|
|poke|p2|Incineroar, L50, M|
|poke|p2|Ogerpon-Wellspring, L50, F|
|poke|p2|Indeedee-F, L50, F|
|poke|p2|Amoonguss, L50, M|
|teampreview|4
|inactive|Battle timer is ON: inactive players will automatically lose when time's up. (requested by Charzard_289)
Charzard_289 has agreed to open team sheets.
yanszinツ rejected open team sheets.
|
|t:|1750821075
|start
|switch|p1a: Maushold|Maushold, L50, shiny|100/100
|switch|p1b: Chi-Yu|Chi-Yu, L50|100/100
|switch|p2a: Prince|Calyrex-Ice, L50|100/100
|switch|p2b: She|Indeedee-F, L50, F|100/100
|-ability|p2a: Prince|As One
|-ability|p2a: Prince|Unnerve
|-ability|p1b: Chi-Yu|Beads of Ruin
|-fieldstart|move: Psychic Terrain|[from] ability: Psychic Surge|[of] p2b: She
|-enditem|p2b: She|Psychic Seed
|-boost|p2b: She|spd|1|[from] item: Psychic Seed
|turn|1
|inactive|yanszinツ has 30 seconds left.
|inactive|Charzard_289 has 30 seconds left.
|
|t:|1750821111
|move|p1a: Maushold|Helping Hand|p1b: Chi-Yu
|-singleturn|p1b: Chi-Yu|Helping Hand|[of] p1a: Maushold
|move|p2a: Prince|Protect|p2a: Prince
|-singleturn|p2a: Prince|Protect
|move|p1b: Chi-Yu|Dark Pulse|p2a: Prince
|-activate|p2a: Prince|move: Protect
|move|p2b: She|Trick Room|p2b: She
|-fieldstart|move: Trick Room|[of] p2b: She
|
|upkeep
|turn|2
|
|t:|1750821130
|-terastallize|p2a: Prince|Fairy
|move|p2b: She|Helping Hand|p2a: Prince
|-singleturn|p2a: Prince|Helping Hand|[of] p2b: She
|move|p1a: Maushold|Helping Hand|p1b: Chi-Yu
|-singleturn|p1b: Chi-Yu|Helping Hand|[of] p1a: Maushold
|move|p2a: Prince|High Horsepower|p1b: Chi-Yu|[miss]
|-miss|p2a: Prince|p1b: Chi-Yu
|move|p1b: Chi-Yu|Dark Pulse|p2a: Prince
|-resisted|p2a: Prince
|-damage|p2a: Prince|52/100
|
|upkeep
|turn|3
|
|t:|1750821147
|move|p2b: She|Helping Hand|p2a: Prince
|-singleturn|p2a: Prince|Helping Hand|[of] p2b: She
|move|p1a: Maushold|Follow Me|p1a: Maushold
|-singleturn|p1a: Maushold|move: Follow Me
|move|p2a: Prince|High Horsepower|p1a: Maushold
|-damage|p1a: Maushold|34/100
|move|p1b: Chi-Yu|Dark Pulse|p2b: She
|-supereffective|p2b: She
|-crit|p2b: She
|-damage|p2b: She|0 fnt
|faint|p2b: She
|
|-heal|p1a: Maushold|40/100|[from] item: Leftovers
|upkeep
|
|t:|1750821159
|switch|p2b: Tragedy|Ogerpon-Wellspring, L50, F|100/100
|turn|4
|
|t:|1750821169
|switch|p1b: Calyrex|Calyrex-Shadow, L50|100/100
|-ability|p1b: Calyrex|As One
|-ability|p1b: Calyrex|Unnerve
|move|p1a: Maushold|Follow Me|p1a: Maushold
|-singleturn|p1a: Maushold|move: Follow Me
|move|p2a: Prince|Glacial Lance|p1a: Maushold|[spread] p1a,p1b
|-damage|p1a: Maushold|0 fnt
|-damage|p1b: Calyrex|49/100
|faint|p1a: Maushold
|-ability|p2a: Prince|Chilling Neigh|boost
|-boost|p2a: Prince|atk|1
|move|p2b: Tragedy|Ivy Cudgel|p1b: Calyrex|[anim] Ivy Cudgel Water
|-damage|p1b: Calyrex|0 fnt
|faint|p1b: Calyrex
|
|upkeep
|
|t:|1750821184
|switch|p1a: Urshifu|Urshifu-Rapid-Strike, L50, M|100/100
|switch|p1b: Chi-Yu|Chi-Yu, L50|100/100
|-ability|p1b: Chi-Yu|Beads of Ruin
|turn|5
|
|t:|1750821199
|move|p1a: Urshifu|Detect|p1a: Urshifu
|-singleturn|p1a: Urshifu|Protect
|move|p2b: Tragedy|Follow Me|p2b: Tragedy
|-singleturn|p2b: Tragedy|move: Follow Me
|move|p2a: Prince|Glacial Lance|p1a: Urshifu|[spread] p1b
|-activate|p1a: Urshifu|move: Protect
|-resisted|p1b: Chi-Yu
|-damage|p1b: Chi-Yu|31/100
|move|p1b: Chi-Yu|Heat Wave|p2a: Prince|[spread] p2a,p2b
|-damage|p2a: Prince|0 fnt
|-damage|p2b: Tragedy|26/100
|faint|p2a: Prince
|
|-fieldend|move: Trick Room
|-fieldend|move: Psychic Terrain
|upkeep
|
|t:|1750821214
|switch|p2a: Zamazenta|Zamazenta-Crowned, L50|100/100
|-ability|p2a: Zamazenta|Dauntless Shield|boost
|-boost|p2a: Zamazenta|def|1
|turn|6
|
|t:|1750821227
|-terastallize|p1a: Urshifu|Stellar
|move|p2a: Zamazenta|Protect|p2a: Zamazenta
|-singleturn|p2a: Zamazenta|Protect
|move|p1b: Chi-Yu|Heat Wave|p2b: Tragedy|[spread] p2b
|-activate|p2a: Zamazenta|move: Protect
|-damage|p2b: Tragedy|0 fnt
|faint|p2b: Tragedy
|move|p1a: Urshifu|Close Combat|p2a: Zamazenta
|-supereffective|p2a: Zamazenta
|-crit|p2a: Zamazenta
|-damage|p2a: Zamazenta|0 fnt
|-unboost|p1a: Urshifu|def|1
|-unboost|p1a: Urshifu|spd|1
|faint|p2a: Zamazenta
|
|win|Charzard_289
|raw|Charzard_289's rating: 1277 &rarr; <strong>1300</strong><br />(+23 for winning)
|raw|yanszinツ's rating: 1246 &rarr; <strong>1223</strong><br />(-23 for losing)
|l|☆yanszinツ
|player|p2|
|l|☆Charzard_289
|player|p1|
