|j|☆BroFungus
|j|☆sicknessuntodeath
|t:|1750842944
|gametype|doubles
|player|p1|BroFungus|ninjaboy|1494
|player|p2|sicknessuntodeath|steven|1528
|teamsize|p1|6
|teamsize|p2|6
|gen|9
|tier|[Gen 9] VGC 2025 Reg I
|rated|
|rule|Species Clause: Limit one of each Pokémon
|rule|Item Clause: Limit 1 of each item
|clearpoke
|poke|p1|Calyrex-Shadow, L50|
|poke|p1|Zamazenta-*, L50|
|poke|p1|Incineroar, L50, F|
|poke|p1|Rillaboom, L50, M|
|poke|p1|Amoonguss, L50, F|
|poke|p1|Urshifu-*, L50, M|
|poke|p2|Miraidon, L50|
|poke|p2|Kyogre, L50|
|poke|p2|Farigiraf, L50, F|
|poke|p2|Annihilape, L50, M|
|poke|p2|Iron Hands, L50|
|poke|p2|Basculegion, L50, M|
|teampreview|4
|inactive|Battle timer is ON: inactive players will automatically lose when time's up. (requested by BroFungus)
|inactive|BroFungus has 60 seconds left.
|inactive|sicknessuntodeath has 60 seconds left.
|inactive|BroFungus has 30 seconds left.
|
|t:|1750843019
|start
|switch|p1a: Rillaboom|Rillaboom, L50, M|100/100
|switch|p1b: Urshifu|Urshifu, L50, M|100/100
|switch|p2a: Kyogre|Kyogre, L50|100/100
|switch|p2b: Basculegion|Basculegion, L50, M|100/100
|-weather|RainDance|[from] ability: Drizzle|[of] p2a: Kyogre
|-fieldstart|move: Grassy Terrain|[from] ability: Grassy Surge|[of] p1a: Rillaboom
|turn|1
|inactive|BroFungus has 30 seconds left.
|inactive|sicknessuntodeath has 30 seconds left.
|
|t:|1750843048
|switch|p2a: Farigiraf|Farigiraf, L50, F|100/100
|move|p1a: Rillaboom|Fake Out||[still]
|cant|p2a: Farigiraf|ability: Armor Tail|Fake Out|[of] p1a: Rillaboom
|move|p2b: Basculegion|Icy Wind|p1b: Urshifu|[spread] p1a,p1b
|-supereffective|p1a: Rillaboom
|-damage|p1a: Rillaboom|92/100
|-damage|p1b: Urshifu|88/100
|-unboost|p1a: Rillaboom|spe|1
|-unboost|p1b: Urshifu|spe|1
|move|p1b: Urshifu|Wicked Blow|p2a: Farigiraf
|-supereffective|p2a: Farigiraf
|-crit|p2a: Farigiraf
|-damage|p2a: Farigiraf|0 fnt
|faint|p2a: Farigiraf
|
|-weather|RainDance|[upkeep]
|-heal|p1b: Urshifu|94/100|[from] Grassy Terrain
|-heal|p1a: Rillaboom|98/100|[from] Grassy Terrain
|upkeep
|
|t:|1750843060
|switch|p2a: Kyogre|Kyogre, L50|100/100
|turn|2
|
|t:|1750843075
|switch|p2b: Miraidon|Miraidon, L50|100/100
|-fieldstart|move: Electric Terrain|[from] ability: Hadron Engine|[of] p2b: Miraidon
|-terastallize|p2a: Kyogre|Water
|move|p1b: Urshifu|Detect|p1b: Urshifu
|-singleturn|p1b: Urshifu|Protect
|move|p2a: Kyogre|Water Spout|p1a: Rillaboom|[spread] p1a
|-activate|p1b: Urshifu|move: Protect
|-resisted|p1a: Rillaboom
|-damage|p1a: Rillaboom|48/100
|move|p1a: Rillaboom|U-turn|p2b: Miraidon
|-crit|p2b: Miraidon
|-damage|p2b: Miraidon|68/100
|
|t:|1750843089
|switch|p1a: Zamazenta|Zamazenta-Crowned, L50|100/100|[from] U-turn
|-ability|p1a: Zamazenta|Dauntless Shield|boost
|-boost|p1a: Zamazenta|def|1
|
|-weather|RainDance|[upkeep]
|upkeep
|turn|3
|inactive|BroFungus has 30 seconds left.
|inactive|BroFungus has 20 seconds left.
|
|t:|1750843125
|move|p1a: Zamazenta|Protect|p1a: Zamazenta
|-singleturn|p1a: Zamazenta|Protect
|move|p1b: Urshifu|Sucker Punch|p2b: Miraidon
|-damage|p2b: Miraidon|24/100
|move|p2b: Miraidon|Volt Switch|p1a: Zamazenta
|-activate|p1a: Zamazenta|move: Protect
|move|p2a: Kyogre|Tera Blast|p1a: Zamazenta|[anim] Tera Blast Water
|-activate|p1a: Zamazenta|move: Protect
|
|-weather|RainDance|[upkeep]
|upkeep
|turn|4
|inactive|BroFungus has 30 seconds left.
|inactive|BroFungus has 20 seconds left.
|inactive|BroFungus has 15 seconds left.
|
|t:|1750843167
|switch|p2b: Basculegion|Basculegion, L50, M|100/100
|move|p1b: Urshifu|Sucker Punch|p2a: Kyogre
|-damage|p2a: Kyogre|48/100
|move|p1a: Zamazenta|Body Press|p2a: Kyogre
|-damage|p2a: Kyogre|0 fnt
|faint|p2a: Kyogre
|
|-weather|RainDance|[upkeep]
|upkeep
|
|t:|1750843174
|switch|p2a: Miraidon|Miraidon, L50|24/100
|-activate|p2a: Miraidon|ability: Hadron Engine
|turn|5
|-message|sicknessuntodeath forfeited.
|
|win|BroFungus
|raw|BroFungus's rating: 1494 &rarr; <strong>1516</strong><br />(+22 for winning)
|raw|sicknessuntodeath's rating: 1528 &rarr; <strong>1506</strong><br />(-22 for losing)
|l|☆sicknessuntodeath
|player|p2|
|l|☆BroFungus
|player|p1|
