|j|☆RaiNotGodIV
|j|☆reineon101
|html|<table width="100%"><tr><td align="left">RaiNotGodIV</td><td align="right">reineon101</tr><tr><td align="left"><i class="fa fa-circle-o"></i> <i class="fa fa-circle-o"></i> </td><td align="right"><i class="fa fa-circle-o"></i> <i class="fa fa-circle-o"></i> </tr></table>
|uhtml|bestof|<h2><strong>Game 1</strong> of <a href="/game-bestof3-gen9vgc2025regi-2391573351">a best-of-3</a></h2>
|t:|1750871572
|gametype|doubles
|player|p1|RaiNotGodIV|hilda|
|player|p2|reineon101|hilbert-wonderlauncher|
|teamsize|p1|6
|teamsize|p2|6
|gen|9
|tier|[Gen 9] VGC 2025 Reg I
|rule|Species Clause: Limit one of each Pokémon
|rule|Item Clause: Limit 1 of each item
|raw|<div class="infobox"><details class="readmore" open><summary><strong>1 custom rule:</strong></summary> Best of = 3</details></div>
|clearpoke
|poke|p1|Incineroar, L50, M|
|poke|p1|Pikachu, L50, M|
|poke|p1|Kyogre, L50|
|poke|p1|Calyrex-Ice, L50|
|poke|p1|Ursaluna-Bloodmoon, L50, M|
|poke|p1|Comfey, L50, F|
|poke|p2|Miraidon, L50|
|poke|p2|Lunala, L50|
|poke|p2|Incineroar, L50, M|
|poke|p2|Grimmsnarl, L50, M|
|poke|p2|Urshifu-*, L50, F|
|poke|p2|Ursaluna, L50, F|
|teampreview|4
RaiNotGodIV has agreed to open team sheets.
reineon101 has agreed to open team sheets.
|showteam|p1|Incineroar||RedCard|Intimidate|FakeOut,PartingShot,WillOWisp,KnockOff|||M|||50|,,,,,Ghost]Pikachu||FocusSash|LightningRod|Nuzzle,Endeavor,HelpingHand,FakeOut|||M|||50|,,,,,Ghost]Kyogre||DampRock|Drizzle|Protect,OriginPulse,IceBeam,Thunder||||||50|,,,,,Water]Calyrex-Ice||Leftovers|AsOneGlastrier|GlacialLance,LeechSeed,TrickRoom,Protect||||||50|,,,,,Water]Ursaluna-Bloodmoon||SilkScarf|MindsEye|BloodMoon,HyperVoice,Protect,Moonlight|||M|||50|,,,,,Normal]Comfey||SitrusBerry|Triage|DrainingKiss,FloralHealing,TrickRoom,Protect|||F|||50|,,,,,Water
|showteam|p2|Miraidon||ChoiceSpecs|HadronEngine|ElectroDrift,DracoMeteor,VoltSwitch,DazzlingGleam||||||50|,,,,,Fairy]Lunala||ElectricSeed|ShadowShield|MoongeistBeam,Moonblast,WideGuard,TrickRoom||||||50|,,,,,Fairy]Incineroar||RockyHelmet|Intimidate|FakeOut,KnockOff,PartingShot,WillOWisp|||M|||50|,,,,,Bug]Grimmsnarl||LightClay|Prankster|SpiritBreak,Reflect,LightScreen,ThunderWave|||M|||50|,,,,,Ghost]Urshifu-Rapid-Strike||MysticWater|UnseenFist|SurgingStrikes,CloseCombat,AquaJet,Detect|||F|||50|,,,,,Water]Ursaluna||FlameOrb|Guts|Earthquake,Facade,HeadlongRush,Protect|||F|||50|,,,,,Ghost
|
|t:|1750871706
|start
|switch|p1a: Kyogre|Kyogre, L50|100/100
|switch|p1b: Pikachu|Pikachu, L50, M|100/100
|switch|p2a: Lunala|Lunala, L50|100/100
|switch|p2b: Miraidon|Miraidon, L50|100/100
|-fieldstart|move: Electric Terrain|[from] ability: Hadron Engine|[of] p2b: Miraidon
|-enditem|p2a: Lunala|Electric Seed
|-boost|p2a: Lunala|def|1|[from] item: Electric Seed
|-weather|RainDance|[from] ability: Drizzle|[of] p1a: Kyogre
|turn|1
|
|t:|1750871742
|-terastallize|p1a: Kyogre|Water
|move|p1b: Pikachu|Fake Out|p2b: Miraidon
|-damage|p2b: Miraidon|91/100
|cant|p2b: Miraidon|flinch
|move|p1a: Kyogre|Origin Pulse|p2a: Lunala|[spread] p2a,p2b
|-resisted|p2b: Miraidon
|-damage|p2a: Lunala|70/100
|-damage|p2b: Miraidon|49/100
|move|p2a: Lunala|Trick Room|p2a: Lunala
|-fieldstart|move: Trick Room|[of] p2a: Lunala
|
|-weather|RainDance|[upkeep]
|upkeep
|turn|2
|
|t:|1750871772
|move|p1b: Pikachu|Helping Hand|p1a: Kyogre
|-singleturn|p1a: Kyogre|Helping Hand|[of] p1b: Pikachu
|move|p2a: Lunala|Wide Guard|p2a: Lunala
|-singleturn|p2a: Lunala|Wide Guard
|move|p1a: Kyogre|Ice Beam|p2b: Miraidon
|-supereffective|p2b: Miraidon
|-damage|p2b: Miraidon|0 fnt
|faint|p2b: Miraidon
|
|-weather|RainDance|[upkeep]
|upkeep
|
|t:|1750871787
|switch|p2b: Incineroar|Incineroar, L50, M, shiny|100/100
|-ability|p2b: Incineroar|Intimidate|boost
|-unboost|p1a: Kyogre|atk|1
|-unboost|p1b: Pikachu|atk|1
|turn|3
|
|t:|1750871822
|switch|p1b: Comfey|Comfey, L50, F|100/100
|move|p1a: Kyogre|Protect|p1a: Kyogre
|-singleturn|p1a: Kyogre|Protect
|move|p2b: Incineroar|Fake Out|p1b: Comfey
|-damage|p1b: Comfey|90/100
|move|p2a: Lunala|Wide Guard||[still]
|-fail|p2a: Lunala
|
|-weather|RainDance|[upkeep]
|upkeep
|turn|4
|
|t:|1750871852
|move|p1b: Comfey|Protect|p1b: Comfey
|-singleturn|p1b: Comfey|Protect
|move|p2b: Incineroar|Parting Shot|p1a: Kyogre
|-unboost|p1a: Kyogre|atk|1
|-unboost|p1a: Kyogre|spa|1
|
|t:|1750871857
|switch|p2b: Ursaluna|Ursaluna, L50, F|100/100|[from] Parting Shot
|move|p2a: Lunala|Moongeist Beam|p1b: Comfey
|-activate|p1b: Comfey|move: Protect
|move|p1a: Kyogre|Thunder|p2b: Ursaluna
|-immune|p2b: Ursaluna
|
|-weather|RainDance|[upkeep]
|-status|p2b: Ursaluna|brn|[from] item: Flame Orb
|upkeep
|turn|5
|c|☆reineon101|i dont feel so good
|
|t:|1750871920
|switch|p1a: Incineroar|Incineroar, L50, M|100/100
|-ability|p1a: Incineroar|Intimidate|boost
|-unboost|p2a: Lunala|atk|1
|-unboost|p2b: Ursaluna|atk|1
|move|p1b: Comfey|Draining Kiss|p2a: Lunala
|-damage|p2a: Lunala|60/100
|-heal|p1b: Comfey|100/100|[from] drain|[of] p2a: Lunala
|move|p2b: Ursaluna|Facade|p1b: Comfey
|-damage|p1b: Comfey|20/100
|-enditem|p1b: Comfey|Sitrus Berry|[eat]
|-heal|p1b: Comfey|45/100|[from] item: Sitrus Berry
|move|p2a: Lunala|Moongeist Beam|p1b: Comfey
|-damage|p1b: Comfey|0 fnt
|faint|p1b: Comfey
|
|-weather|RainDance|[upkeep]
|-damage|p2b: Ursaluna|95/100 brn|[from] brn
|-fieldend|move: Trick Room
|-fieldend|move: Electric Terrain
|upkeep
|
|t:|1750871954
|switch|p1b: Kyogre|Kyogre, L50, tera:Water|100/100
|turn|6
|
|t:|1750871985
|move|p2a: Lunala|Wide Guard|p2a: Lunala
|-singleturn|p2a: Lunala|Wide Guard
|move|p1a: Incineroar|Fake Out|p2b: Ursaluna
|-damage|p2b: Ursaluna|85/100 brn
|move|p1b: Kyogre|Thunder|p2a: Lunala
|-damage|p2a: Lunala|34/100
|-status|p2a: Lunala|par
|cant|p2b: Ursaluna|flinch
|
|-weather|RainDance|[upkeep]
|-damage|p2b: Ursaluna|79/100 brn|[from] brn
|upkeep
|turn|7
|
|t:|1750872036
|switch|p2a: Incineroar|Incineroar, L50, M, shiny|100/100
|-ability|p2a: Incineroar|Intimidate|boost
|-unboost|p1a: Incineroar|atk|1
|-unboost|p1b: Kyogre|atk|1
|move|p1b: Kyogre|Origin Pulse|p2b: Ursaluna|[spread] p2a,p2b
|-supereffective|p2a: Incineroar
|-crit|p2a: Incineroar
|-supereffective|p2b: Ursaluna
|-damage|p2a: Incineroar|0 fnt
|-damage|p2b: Ursaluna|0 fnt
|faint|p2a: Incineroar
|faint|p2b: Ursaluna
|move|p1a: Incineroar|Parting Shot|p2: Incineroar|[notarget]
|-fail|p1a: Incineroar
|
|-weather|RainDance|[upkeep]
|upkeep
|
|t:|1750872055
|switch|p2a: Lunala|Lunala, L50|34/100 par
|turn|8
|c|☆RaiNotGodIV|Missed.
|c|☆reineon101|right
|
|t:|1750872082
|-terastallize|p2a: Lunala|Fairy
|move|p1b: Kyogre|Ice Beam|p2a: Lunala
|-damage|p2a: Lunala|11/100 par
|move|p1a: Incineroar|Knock Off|p2a: Lunala
|-resisted|p2a: Lunala
|-damage|p2a: Lunala|5/100 par
|move|p2a: Lunala|Moonblast|p1a: Incineroar
|-damage|p1a: Incineroar|57/100
|
|-weather|none
|upkeep
|turn|9
|
|t:|1750872105
|move|p1b: Kyogre|Ice Beam|p2a: Lunala
|-damage|p2a: Lunala|0 fnt
|faint|p2a: Lunala
|
|win|RaiNotGodIV
||RaiNotGodIV is ready for game 2.
||reineon101 is ready for game 2.
|uhtml|next|Next: <a href="/battle-gen9vgc2025regi-2391578451"><strong>Game 2 of 3</strong></a>
