|j|☆EIDIL_YT
|j|☆Megaman087
|t:|1750738450
|gametype|doubles
|player|p1|EIDIL_YT|hilbert-wonderlauncher|1376
|player|p2|Megaman087|lucas|1386
|teamsize|p1|6
|teamsize|p2|6
|gen|9
|tier|[Gen 9] VGC 2025 Reg I
|rated|
|rule|Species Clause: Limit one of each Pokémon
|rule|Item Clause: Limit 1 of each item
|clearpoke
|poke|p1|Koraidon, L50|
|poke|p1|Miraidon, L50|
|poke|p1|Iron Hands, L50|
|poke|p1|Whimsicott, L50, F|
|poke|p1|Farigiraf, L50, M|
|poke|p1|Iron Valiant, L50|
|poke|p2|Eternatus, L50|
|poke|p2|Grimmsnarl, L50, M|
|poke|p2|Wo-Chien, L50|
|poke|p2|Qwilfish-Hisui, L50, F|
|poke|p2|Cresselia, L50, F|
|poke|p2|Dialga-Origin, L50|
|teampreview|4
|inactive|Battle timer is ON: inactive players will automatically lose when time's up. (requested by EIDIL_YT)
|inactive|EIDIL_YT has 60 seconds left.
|inactive|Megaman087 has 60 seconds left.
|
|t:|1750738501
|start
|switch|p1a: Miraidon|Miraidon, L50|100/100
|switch|p1b: Koraidon|Koraidon, L50|100/100
|switch|p2a: Qwilfish|Qwilfish-Hisui, L50, F, shiny|100/100
|switch|p2b: Grimmsnarl|Grimmsnarl, L50, M|100/100
|-weather|SunnyDay|[from] ability: Orichalcum Pulse|[of] p1b: Koraidon
|-activate|p1b: Koraidon|Orichalcum Pulse|[source]
|-fieldstart|move: Electric Terrain|[from] ability: Hadron Engine|[of] p1a: Miraidon
|-ability|p2a: Qwilfish|Intimidate|boost
|-unboost|p1a: Miraidon|atk|1
|-unboost|p1b: Koraidon|atk|1
|turn|1
|
|t:|1750738523
|switch|p1b: Farigiraf|Farigiraf, L50, M|100/100
|-enditem|p1b: Farigiraf|Electric Seed
|-boost|p1b: Farigiraf|def|1|[from] item: Electric Seed
|move|p2a: Qwilfish|Protect|p2a: Qwilfish
|-singleturn|p2a: Qwilfish|Protect
|move|p2b: Grimmsnarl|Reflect|p2b: Grimmsnarl
|-sidestart|p2: Megaman087|Reflect
|move|p1a: Miraidon|Volt Switch|p2a: Qwilfish
|-activate|p2a: Qwilfish|move: Protect
|
|-weather|SunnyDay|[upkeep]
|upkeep
|turn|2
|
|t:|1750738548
|move|p1b: Farigiraf|Ally Switch|p1b: Farigiraf
|swap|p1b: Farigiraf|0|[from] move: Ally Switch
|move|p2b: Grimmsnarl|Light Screen|p2b: Grimmsnarl
|-sidestart|p2: Megaman087|move: Light Screen
|move|p1b: Miraidon|Volt Switch|p2a: Qwilfish
|-damage|p2a: Qwilfish|48/100
|
|t:|1750738553
|switch|p1b: Koraidon|Koraidon, L50|100/100|[from] Volt Switch
|-activate|p1b: Koraidon|ability: Orichalcum Pulse
|move|p2a: Qwilfish|Toxic Spikes|p1b: Koraidon
|-sidestart|p1: EIDIL_YT|move: Toxic Spikes
|
|-weather|SunnyDay|[upkeep]
|upkeep
|turn|3
|
|t:|1750738578
|move|p1b: Koraidon|U-turn|p2a: Qwilfish
|-damage|p2a: Qwilfish|24/100
|-damage|p1b: Koraidon|91/100|[from] item: Life Orb
|
|t:|1750738581
|switch|p1b: Miraidon|Miraidon, L50|100/100|[from] U-turn
|-status|p1b: Miraidon|psn
|-activate|p1b: Miraidon|ability: Hadron Engine
|move|p2a: Qwilfish|Toxic Spikes|p1b: Miraidon
|-sidestart|p1: EIDIL_YT|move: Toxic Spikes
|move|p2b: Grimmsnarl|Foul Play|p1b: Miraidon
|-damage|p1b: Miraidon|81/100 psn
|move|p1a: Farigiraf|Hyper Voice|p2b: Grimmsnarl|[spread] p2a,p2b
|-damage|p2a: Qwilfish|10/100
|-damage|p2b: Grimmsnarl|82/100
|
|-weather|SunnyDay|[upkeep]
|-damage|p1b: Miraidon|69/100 psn|[from] psn
|upkeep
|turn|4
|inactive|EIDIL_YT has 30 seconds left.
|
|t:|1750738607
|switch|p2b: Eternatus|Eternatus, L50|100/100
|-ability|p2b: Eternatus|Pressure
|move|p1b: Miraidon|Dazzling Gleam|p2a: Qwilfish|[spread] p2a,p2b
|-damage|p2a: Qwilfish|0 fnt
|-damage|p2b: Eternatus|82/100
|faint|p2a: Qwilfish
|move|p1a: Farigiraf|Hyper Voice|p2b: Eternatus
|-damage|p2b: Eternatus|69/100
|
|-weather|SunnyDay|[upkeep]
|-damage|p1b: Miraidon|56/100 psn|[from] psn
|upkeep
|
|t:|1750738623
|switch|p2a: Dialga|Dialga-Origin, L50|100/100
|-ability|p2a: Dialga|Pressure
|turn|5
|
|t:|1750738630
|switch|p1b: Iron Hands|Iron Hands, L50|100/100
|-status|p1b: Iron Hands|tox
|-activate|p1b: Iron Hands|ability: Quark Drive
|-start|p1b: Iron Hands|quarkdriveatk
|move|p2a: Dialga|Protect|p2a: Dialga
|-singleturn|p2a: Dialga|Protect
|move|p2b: Eternatus|Cosmic Power|p2b: Eternatus
|-boost|p2b: Eternatus|def|1
|-boost|p2b: Eternatus|spd|1
|move|p1a: Farigiraf|Trick Room|p1a: Farigiraf
|-fieldstart|move: Trick Room|[of] p1a: Farigiraf
|
|-weather|none
|-damage|p1b: Iron Hands|94/100 tox|[from] psn
|-fieldend|move: Electric Terrain
|-end|p1b: Iron Hands|Quark Drive
|upkeep
|turn|6
|inactive|EIDIL_YT has 30 seconds left.
|inactive|EIDIL_YT has 20 seconds left.
|inactive|EIDIL_YT has 15 seconds left.
|
|t:|1750738672
|switch|p2a: Grimmsnarl|Grimmsnarl, L50, M|82/100
|move|p1a: Farigiraf|Ally Switch|p1a: Farigiraf
|swap|p1a: Farigiraf|1|[from] move: Ally Switch
|move|p1a: Iron Hands|Close Combat|p2a: Grimmsnarl
|-damage|p2a: Grimmsnarl|42/100
|-unboost|p1a: Iron Hands|def|1
|-unboost|p1a: Iron Hands|spd|1
|move|p2b: Eternatus|Cosmic Power|p2b: Eternatus
|-boost|p2b: Eternatus|def|1
|-boost|p2b: Eternatus|spd|1
|
|-damage|p1a: Iron Hands|82/100 tox|[from] psn
|upkeep
|turn|7
|inactive|EIDIL_YT has 30 seconds left.
|inactive|Megaman087 has 30 seconds left.
|
|t:|1750738698
|move|p1a: Iron Hands|Wild Charge|p2a: Grimmsnarl
|-damage|p2a: Grimmsnarl|11/100
|-damage|p1a: Iron Hands|76/100 tox|[from] Recoil
|move|p2a: Grimmsnarl|Foul Play|p1a: Iron Hands
|-resisted|p1a: Iron Hands
|-damage|p1a: Iron Hands|49/100 tox
|move|p1b: Farigiraf|Hyper Voice|p2b: Eternatus|[spread] p2a,p2b
|-damage|p2a: Grimmsnarl|0 fnt
|-damage|p2b: Eternatus|64/100
|faint|p2a: Grimmsnarl
|move|p2b: Eternatus|Fire Spin|p1a: Iron Hands
|-damage|p1a: Iron Hands|39/100 tox
|-activate|p1a: Iron Hands|move: Fire Spin|[of] p2b: Eternatus
|
|-damage|p1a: Iron Hands|21/100 tox|[from] psn
|-damage|p1a: Iron Hands|8/100 tox|[from] move: Fire Spin|[partiallytrapped]
|upkeep
|
|t:|1750738714
|switch|p2a: Dialga|Dialga-Origin, L50|100/100
|-ability|p2a: Dialga|Pressure
|turn|8
|
|t:|1750738724
|move|p1b: Farigiraf|Protect|p1b: Farigiraf
|-singleturn|p1b: Farigiraf|Protect
|move|p1a: Iron Hands|Close Combat|p2a: Dialga
|-supereffective|p2a: Dialga
|-damage|p2a: Dialga|42/100
|-unboost|p1a: Iron Hands|def|1
|-unboost|p1a: Iron Hands|spd|1
|move|p2a: Dialga|Psych Up|p2b: Eternatus
|-copyboost|p2a: Dialga|p2b: Eternatus|[from] move: Psych Up
|move|p2b: Eternatus|Cosmic Power|p2b: Eternatus
|-boost|p2b: Eternatus|def|1
|-boost|p2b: Eternatus|spd|1
|
|-damage|p1a: Iron Hands|0 fnt|[from] psn
|faint|p1a: Iron Hands
|-end|p1a: Iron Hands|Quark Drive|[silent]
|-sideend|p2: Megaman087|Reflect
|upkeep
|
|t:|1750738740
|switch|p1a: Miraidon|Miraidon, L50|56/100 psn
|-fieldstart|move: Electric Terrain|[from] ability: Hadron Engine|[of] p1a: Miraidon
|turn|9
|
|t:|1750738749
|move|p2a: Dialga|Protect|p2a: Dialga
|-singleturn|p2a: Dialga|Protect
|move|p2b: Eternatus|Protect|p2b: Eternatus
|-singleturn|p2b: Eternatus|Protect
|move|p1b: Farigiraf|Ally Switch|p1b: Farigiraf
|swap|p1b: Farigiraf|0|[from] move: Ally Switch
|move|p1b: Miraidon|Draco Meteor|p2b: Eternatus
|-activate|p2b: Eternatus|move: Protect
|
|-damage|p1b: Miraidon|44/100 psn|[from] psn
|-sideend|p2: Megaman087|move: Light Screen
|-fieldend|move: Trick Room
|upkeep
|turn|10
|
|t:|1750738765
|-terastallize|p2b: Eternatus|Fairy
|move|p1b: Miraidon|Draco Meteor|p2b: Eternatus
|-immune|p2b: Eternatus
|move|p2b: Eternatus|Fire Spin|p1a: Farigiraf
|-damage|p1a: Farigiraf|90/100
|-activate|p1a: Farigiraf|move: Fire Spin|[of] p2b: Eternatus
|move|p2a: Dialga|Dragon Pulse|p1b: Miraidon
|-supereffective|p1b: Miraidon
|-damage|p1b: Miraidon|0 fnt
|faint|p1b: Miraidon
|move|p1a: Farigiraf|Trick Room|p1a: Farigiraf
|-fieldstart|move: Trick Room|[of] p1a: Farigiraf
|
|-damage|p1a: Farigiraf|78/100|[from] move: Fire Spin|[partiallytrapped]
|upkeep
|
|t:|1750738777
|switch|p1b: Koraidon|Koraidon, L50|91/100
|-status|p1b: Koraidon|tox
|-weather|SunnyDay|[from] ability: Orichalcum Pulse|[of] p1b: Koraidon
|-activate|p1b: Koraidon|Orichalcum Pulse|[source]
|turn|11
|
|t:|1750738797
|move|p1a: Farigiraf|Protect|p1a: Farigiraf
|-singleturn|p1a: Farigiraf|Protect
|move|p2a: Dialga|Protect|p2a: Dialga
|-singleturn|p2a: Dialga|Protect
|move|p1b: Koraidon|Protect|p1b: Koraidon
|-singleturn|p1b: Koraidon|Protect
|move|p2b: Eternatus|Cosmic Power|p2b: Eternatus
|-boost|p2b: Eternatus|def|1
|-boost|p2b: Eternatus|spd|1
|
|-weather|SunnyDay|[upkeep]
|-damage|p1b: Koraidon|85/100 tox|[from] psn
|-damage|p1a: Farigiraf|66/100|[from] move: Fire Spin|[partiallytrapped]
|upkeep
|turn|12
|inactive|EIDIL_YT has 30 seconds left.
|
|t:|1750738831
|-terastallize|p1b: Koraidon|Fire
|move|p1a: Farigiraf|Ally Switch|p1a: Farigiraf
|swap|p1a: Farigiraf|1|[from] move: Ally Switch
|move|p2a: Dialga|Psych Up|p2b: Eternatus
|-copyboost|p2a: Dialga|p2b: Eternatus|[from] move: Psych Up
|move|p2b: Eternatus|Fire Spin|p1b: Farigiraf
|-damage|p1b: Farigiraf|50/100
|move|p1a: Koraidon|Close Combat|p2a: Dialga
|-supereffective|p2a: Dialga
|-damage|p2a: Dialga|0 fnt
|-unboost|p1a: Koraidon|def|1
|-unboost|p1a: Koraidon|spd|1
|faint|p2a: Dialga
|-damage|p1a: Koraidon|76/100 tox|[from] item: Life Orb
|
|-weather|SunnyDay|[upkeep]
|-damage|p1a: Koraidon|64/100 tox|[from] psn
|-damage|p1b: Farigiraf|38/100|[from] move: Fire Spin|[partiallytrapped]
|upkeep
|turn|13
|inactive|EIDIL_YT has 30 seconds left.
|
|t:|1750738857
|move|p1b: Farigiraf|Ally Switch||[still]
|-fail|p1b: Farigiraf
|move|p2b: Eternatus|Fire Spin|p1a: Koraidon
|-resisted|p1a: Koraidon
|-damage|p1a: Koraidon|52/100 tox
|-activate|p1a: Koraidon|move: Fire Spin|[of] p2b: Eternatus
|move|p1a: Koraidon|Flare Blitz|p2b: Eternatus
|-damage|p2b: Eternatus|19/100
|-damage|p1a: Koraidon|34/100 tox|[from] Recoil
|-damage|p1a: Koraidon|24/100 tox|[from] item: Life Orb
|
|-weather|SunnyDay|[upkeep]
|-damage|p1a: Koraidon|7/100 tox|[from] psn
|-damage|p1b: Farigiraf|26/100|[from] move: Fire Spin|[partiallytrapped]
|-damage|p1a: Koraidon|0 fnt|[from] move: Fire Spin|[partiallytrapped]
|faint|p1a: Koraidon
|-fieldend|move: Electric Terrain
|upkeep
|turn|14
|inactive|Megaman087 has 30 seconds left.
|
|t:|1750738882
|move|p2b: Eternatus|Protect|p2b: Eternatus
|-singleturn|p2b: Eternatus|Protect
|move|p1b: Farigiraf|Hyper Voice|p2b: Eternatus
|-activate|p2b: Eternatus|move: Protect
|
|-weather|SunnyDay|[upkeep]
|-damage|p1b: Farigiraf|13/100|[from] move: Fire Spin|[partiallytrapped]
|-fieldend|move: Trick Room
|upkeep
|turn|15
|-message|EIDIL_YT forfeited.
|
|win|Megaman087
|raw|EIDIL_YT's rating: 1376 &rarr; <strong>1357</strong><br />(-19 for losing)
|raw|Megaman087's rating: 1386 &rarr; <strong>1405</strong><br />(+19 for winning)
|l|☆EIDIL_YT
|player|p1|
|l|☆Megaman087
|player|p2|
