|j|☆D3XT3R08
|j|☆Isegrimm
|t:|1750838772
|gametype|doubles
|player|p1|D3XT3R08|brock|1086
|player|p2|Isegrimm|gambler|1158
|teamsize|p1|6
|teamsize|p2|6
|gen|9
|tier|[Gen 9] VGC 2025 Reg I
|rated|
|rule|Species Clause: Limit one of each Pokémon
|rule|Item Clause: Limit 1 of each item
|clearpoke
|poke|p1|Oranguru, L50, M|
|poke|p1|Typhlosion-Hisui, L50, F|
|poke|p1|Palkia-Origin, L50|
|poke|p1|Kyogre, L50|
|poke|p1|Regidrago, L50|
|poke|p1|Clefable, L50, M|
|poke|p2|Ceruledge, L50, M|
|poke|p2|Zebstrika, L50, F|
|poke|p2|Kyogre, L50|
|poke|p2|Amoonguss, L50, M|
|poke|p2|Zamazenta-*, L50|
|poke|p2|Ting-Lu, L50|
|teampreview|4
|inactive|Battle timer is ON: inactive players will automatically lose when time's up. (requested by D3XT3R08)
|
|t:|1750838804
|start
|switch|p1a: Regidrago|Regidrago, L50|100/100
|switch|p1b: Clefable|Clefable, L50, M|100/100
|switch|p2a: Ting-Lu|Ting-Lu, L50|100/100
|switch|p2b: Amoonguss|Amoonguss, L50, M, shiny|100/100
|-ability|p2a: Ting-Lu|Vessel of Ruin
|turn|1
|
|t:|1750838825
|move|p1b: Clefable|Follow Me|p1b: Clefable
|-singleturn|p1b: Clefable|move: Follow Me
|move|p1a: Regidrago|Dragon Energy|p2b: Amoonguss|[spread] p2a,p2b
|-damage|p2a: Ting-Lu|69/100
|-damage|p2b: Amoonguss|39/100
|move|p2a: Ting-Lu|Ruination|p1b: Clefable
|-damage|p1b: Clefable|50/100
|-enditem|p1b: Clefable|Sitrus Berry|[eat]
|-heal|p1b: Clefable|75/100|[from] item: Sitrus Berry
|move|p2b: Amoonguss|Spore|p1b: Clefable
|-status|p1b: Clefable|slp|[from] move: Spore
|
|upkeep
|turn|2
|
|t:|1750838850
|cant|p1b: Clefable|slp
|move|p1a: Regidrago|Dragon Energy|p2a: Ting-Lu|[spread] p2a,p2b
|-crit|p2b: Amoonguss
|-damage|p2a: Ting-Lu|37/100
|-damage|p2b: Amoonguss|0 fnt
|faint|p2b: Amoonguss
|move|p2a: Ting-Lu|Ruination|p1a: Regidrago
|-damage|p1a: Regidrago|51/100
|
|upkeep
|
|t:|1750838860
|switch|p2b: Kyogre|Kyogre, L50|100/100
|-weather|RainDance|[from] ability: Drizzle|[of] p2b: Kyogre
|turn|3
|
|t:|1750838874
|move|p2b: Kyogre|Water Spout|p1a: Regidrago|[spread] p1a,p1b
|-resisted|p1a: Regidrago
|-damage|p1a: Regidrago|9/100
|-damage|p1b: Clefable|21/100 slp
|move|p1a: Regidrago|Dragon Energy|p2b: Kyogre|[spread] p2a,p2b
|-damage|p2a: Ting-Lu|34/100
|-damage|p2b: Kyogre|95/100
|cant|p1b: Clefable|slp
|move|p2a: Ting-Lu|Snarl|p1a: Regidrago|[spread] p1a,p1b
|-resisted|p1b: Clefable
|-damage|p1a: Regidrago|0 fnt
|-damage|p1b: Clefable|18/100 slp
|-unboost|p1b: Clefable|spa|1
|faint|p1a: Regidrago
|
|-weather|RainDance|[upkeep]
|upkeep
|
|t:|1750838886
|switch|p1a: Kyogre|Kyogre, L50|100/100
|turn|4
|inactive|D3XT3R08 has 30 seconds left.
|inactive|D3XT3R08 has 20 seconds left.
|inactive|D3XT3R08 has 15 seconds left.
|
|t:|1750838928
|move|p2b: Kyogre|Water Spout|p1b: Clefable|[spread] p1a,p1b
|-resisted|p1a: Kyogre
|-damage|p1a: Kyogre|76/100
|-damage|p1b: Clefable|0 fnt
|faint|p1b: Clefable
|move|p1a: Kyogre|Thunder|p2b: Kyogre
|-supereffective|p2b: Kyogre
|-damage|p2b: Kyogre|45/100
|move|p2a: Ting-Lu|Ruination|p1a: Kyogre
|-damage|p1a: Kyogre|39/100
|
|-weather|RainDance|[upkeep]
|-heal|p1a: Kyogre|44/100|[from] item: Leftovers
|upkeep
|
|t:|1750838938
|switch|p1b: Palkia|Palkia-Origin, L50|100/100
|-ability|p1b: Palkia|Pressure
|turn|5
|inactive|D3XT3R08 has 30 seconds left.
|
|t:|1750838966
|move|p2b: Kyogre|Water Spout|p1a: Kyogre|[spread] p1a,p1b
|-resisted|p1a: Kyogre
|-resisted|p1b: Palkia
|-damage|p1a: Kyogre|32/100
|-damage|p1b: Palkia|93/100
|move|p1b: Palkia|Spacial Rend|p2b: Kyogre
|-crit|p2b: Kyogre
|-damage|p2b: Kyogre|0 fnt
|faint|p2b: Kyogre
|move|p1a: Kyogre|Origin Pulse|p2a: Ting-Lu
|-supereffective|p2a: Ting-Lu
|-damage|p2a: Ting-Lu|0 fnt
|faint|p2a: Ting-Lu
|
|-weather|RainDance|[upkeep]
|-heal|p1a: Kyogre|38/100|[from] item: Leftovers
|upkeep
|
|t:|1750838970
|switch|p2b: Zamazenta|Zamazenta-Crowned, L50|100/100
|-ability|p2b: Zamazenta|Dauntless Shield|boost
|-boost|p2b: Zamazenta|def|1
|turn|6
|inactive|D3XT3R08 has 30 seconds left.
|inactive|D3XT3R08 has 20 seconds left.
|inactive|D3XT3R08 has 15 seconds left.
|inactive|D3XT3R08 has 10 seconds left.
|
|t:|1750839015
|-terastallize|p1a: Kyogre|Water
|-terastallize|p2b: Zamazenta|Water
|move|p1b: Palkia|Draco Meteor|p2b: Zamazenta
|-damage|p2b: Zamazenta|52/100
|-unboost|p1b: Palkia|spa|2
|move|p1a: Kyogre|Origin Pulse|p2b: Zamazenta
|-resisted|p2b: Zamazenta
|-damage|p2b: Zamazenta|13/100
|move|p2b: Zamazenta|Body Press|p1a: Kyogre
|-damage|p1a: Kyogre|0 fnt
|faint|p1a: Kyogre
|
|-weather|RainDance|[upkeep]
|upkeep
|turn|7
|
|t:|1750839034
|move|p1b: Palkia|Spacial Rend|p2b: Zamazenta
|-damage|p2b: Zamazenta|0 fnt
|faint|p2b: Zamazenta
|
|win|D3XT3R08
|raw|D3XT3R08's rating: 1086 &rarr; <strong>1119</strong><br />(+33 for winning)
|raw|Isegrimm's rating: 1158 &rarr; <strong>1128</strong><br />(-30 for losing)
|l|☆Isegrimm
|player|p2|
|l|☆D3XT3R08
|player|p1|
