|j|☆lamebagels
|j|☆MariMari_EN Feet
|t:|1750780094
|gametype|doubles
|player|p1|lamebagels|1|1016
|player|p2|MariMari_EN Feet|169|1039
|teamsize|p1|6
|teamsize|p2|6
|gen|9
|tier|[Gen 9] VGC 2025 Reg I
|rated|
|rule|Species Clause: Limit one of each Pokémon
|rule|Item Clause: Limit 1 of each item
|clearpoke
|poke|p1|Vivillon-Pokeball, L50, M|
|poke|p1|Vaporeon, L50, M|
|poke|p1|Dragalge, L50, M|
|poke|p1|Enamorus-Therian, L50, F|
|poke|p1|Lugia, L50|
|poke|p1|Palkia, L50|
|poke|p2|Zamazenta-*, L50|
|poke|p2|Calyrex-Shadow, L50|
|poke|p2|Urshifu-*, L50, F|
|poke|p2|Tornadus, L50, M|
|poke|p2|Ogerpon-Hearthflame, L50, F|
|poke|p2|Chien-Pao, L50|
|teampreview|4
|
|t:|1750780128
|start
|switch|p1a: MBARI|Lugia, L50, shiny|100/100
|switch|p1b: Tanama|Vivillon-Pokeball, L50, M|100/100
|switch|p2a: Ogerpon|Ogerpon-Hearthflame, L50, F|100/100
|switch|p2b: Tornadus|Tornadus, L50, M|100/100
|-ability|p2a: Ogerpon|Mold Breaker
|turn|1
|
|t:|1750780144
|move|p2a: Ogerpon|Spiky Shield|p2a: Ogerpon
|-singleturn|p2a: Ogerpon|move: Protect
|move|p2b: Tornadus|Tailwind|p2b: Tornadus
|-sidestart|p2: MariMari_EN Feet|move: Tailwind
|move|p1b: Tanama|Pollen Puff|p2a: Ogerpon
|-activate|p2a: Ogerpon|move: Protect
|move|p1a: MBARI|Brave Bird|p2a: Ogerpon
|-activate|p2a: Ogerpon|move: Protect
|-damage|p1a: MBARI|88/100|[from] Spiky Shield|[of] p2a: Ogerpon
|
|upkeep
|turn|2
|
|t:|1750780165
|move|p2b: Tornadus|Taunt|p1b: Tanama
|-start|p1b: Tanama|move: Taunt
|move|p2a: Ogerpon|Wood Hammer|p1a: MBARI
|-resisted|p1a: MBARI
|-damage|p1a: MBARI|67/100
|-damage|p2a: Ogerpon|92/100|[from] Recoil
|move|p1b: Tanama|Pollen Puff|p1a: MBARI
|-heal|p1a: MBARI|100/100
|move|p1a: MBARI|Brave Bird|p2a: Ogerpon
|-supereffective|p2a: Ogerpon
|-damage|p2a: Ogerpon|0 fnt
|faint|p2a: Ogerpon
|-damage|p1a: MBARI|74/100|[from] Recoil
|
|upkeep
|
|t:|1750780188
|switch|p2a: Calyrex|Calyrex-Shadow, L50|100/100
|-ability|p2a: Calyrex|As One
|-ability|p2a: Calyrex|Unnerve
|turn|3
|
|t:|1750780204
|-terastallize|p1a: MBARI|Normal
|move|p2a: Calyrex|Astral Barrage|p1b: Tanama|[spread] p1b
|-immune|p1a: MBARI
|-enditem|p1b: Tanama|Focus Sash
|-damage|p1b: Tanama|1/100
|-damage|p2a: Calyrex|91/100|[from] item: Life Orb
|move|p2b: Tornadus|Bleakwind Storm|p1a: MBARI|[spread] p1b
|-miss|p2b: Tornadus|p1a: MBARI
|-supereffective|p1b: Tanama
|-damage|p1b: Tanama|0 fnt
|faint|p1b: Tanama
|move|p1a: MBARI|Brave Bird|p2a: Calyrex
|-damage|p2a: Calyrex|34/100
|-damage|p1a: MBARI|58/100|[from] Recoil
|
|upkeep
|
|t:|1750780210
|switch|p1b: Atabeysu|Vaporeon, L50, M, shiny|100/100
|turn|4
|
|t:|1750780245
|move|p2a: Calyrex|Protect|p2a: Calyrex
|-singleturn|p2a: Calyrex|Protect
|move|p2b: Tornadus|Bleakwind Storm|p1a: MBARI|[spread] p1a,p1b
|-damage|p1a: MBARI|40/100
|-damage|p1b: Atabeysu|83/100
|-unboost|p1b: Atabeysu|spe|1
|move|p1a: MBARI|Recover|p1a: MBARI
|-heal|p1a: MBARI|90/100
|move|p1b: Atabeysu|Shadow Ball|p2a: Calyrex
|-activate|p2a: Calyrex|move: Protect
|
|-sideend|p2: MariMari_EN Feet|move: Tailwind
|upkeep
|turn|5
|
|t:|1750780262
|move|p2b: Tornadus|Tailwind|p2b: Tornadus
|-sidestart|p2: MariMari_EN Feet|move: Tailwind
|move|p2a: Calyrex|Psychic|p1a: MBARI
|-damage|p1a: MBARI|54/100
|-damage|p2a: Calyrex|25/100|[from] item: Life Orb
|move|p1a: MBARI|Brave Bird|p2b: Tornadus
|-damage|p2b: Tornadus|55/100
|-damage|p1a: MBARI|41/100|[from] Recoil
|move|p1b: Atabeysu|Shadow Ball|p2a: Calyrex
|-supereffective|p2a: Calyrex
|-damage|p2a: Calyrex|0 fnt
|faint|p2a: Calyrex
|
|upkeep
|
|t:|1750780276
|switch|p2a: Zamazenta|Zamazenta-Crowned, L50|100/100
|-ability|p2a: Zamazenta|Dauntless Shield|boost
|-boost|p2a: Zamazenta|def|1
|turn|6
|
|t:|1750780291
|move|p2a: Zamazenta|Body Press|p1a: MBARI
|-supereffective|p1a: MBARI
|-damage|p1a: MBARI|0 fnt
|faint|p1a: MBARI
|move|p2b: Tornadus|Bleakwind Storm|p1b: Atabeysu
|-damage|p1b: Atabeysu|61/100
|move|p1b: Atabeysu|Scald|p2a: Zamazenta
|-damage|p2a: Zamazenta|69/100
|-status|p2a: Zamazenta|brn
|
|-damage|p2a: Zamazenta|63/100 brn|[from] brn
|upkeep
|
|t:|1750780302
|switch|p1a: Yúcahu|Palkia, L50, shiny|100/100
|-ability|p1a: Yúcahu|Pressure
|turn|7
|
|t:|1750780337
|move|p2a: Zamazenta|Body Press|p1a: Yúcahu
|-damage|p1a: Yúcahu|65/100
|move|p2b: Tornadus|Bleakwind Storm|p1b: Atabeysu|[spread] p1a
|-miss|p2b: Tornadus|p1b: Atabeysu
|-damage|p1a: Yúcahu|46/100
|move|p1a: Yúcahu|Surf|p2a: Zamazenta|[spread] p2a,p2b
|-heal|p1b: Atabeysu|86/100|[from] ability: Water Absorb|[of] p1a: Yúcahu
|-damage|p2a: Zamazenta|29/100 brn
|-damage|p2b: Tornadus|5/100
|move|p1b: Atabeysu|Scald|p2b: Tornadus
|-damage|p2b: Tornadus|0 fnt
|faint|p2b: Tornadus
|
|-damage|p2a: Zamazenta|23/100 brn|[from] brn
|upkeep
|turn|8
|
|t:|1750780357
|-terastallize|p2a: Zamazenta|Dragon
|move|p2a: Zamazenta|Wide Guard|p2a: Zamazenta
|-singleturn|p2a: Zamazenta|Wide Guard
|move|p1a: Yúcahu|Rain Dance|p1a: Yúcahu
|-weather|RainDance
|move|p1b: Atabeysu|Scald|p2a: Zamazenta
|-resisted|p2a: Zamazenta
|-damage|p2a: Zamazenta|0 fnt
|faint|p2a: Zamazenta
|
|win|lamebagels
|raw|lamebagels's rating: 1016 &rarr; <strong>1056</strong><br />(+40 for winning)
|raw|MariMari_EN Feet's rating: 1039 &rarr; <strong>1022</strong><br />(-17 for losing)
|l|☆MariMari_EN Feet
|player|p2|
