|j|☆anaverageguitarist
|j|☆aludeku
|t:|1750737811
|gametype|doubles
|player|p1|anaverageguitarist|benga|1213
|player|p2|aludeku|hugh|1150
|teamsize|p1|6
|teamsize|p2|6
|gen|9
|tier|[Gen 9] VGC 2025 Reg I
|rated|
|rule|Species Clause: Limit one of each Pokémon
|rule|Item Clause: Limit 1 of each item
|clearpoke
|poke|p1|Raging Bolt, L50|
|poke|p1|Koraidon, L50|
|poke|p1|Lunala, L50|
|poke|p1|Flutter Mane, L50|
|poke|p1|Incineroar, L50, F|
|poke|p1|Rillaboom, L50, M|
|poke|p2|Kyurem-White, L50|
|poke|p2|Ninetales-Alola, L50, M|
|poke|p2|Milotic, L50, F|
|poke|p2|Urshifu-*, L50, M|
|poke|p2|Ursaluna-Bloodmoon, L50, M|
|poke|p2|Indeedee-F, L50, F|
|teampreview|4
anaverageguitarist has agreed to open team sheets.
|
|t:|1750737859
|start
|switch|p1a: Lunala|Lunala, L50|100/100
|switch|p1b: Incineroar|Incineroar, L50, F|100/100
|switch|p2a: Ninetales|Ninetales-Alola, L50, M, shiny|100/100
|switch|p2b: Milotic|Milotic, L50, F, shiny|100/100
|-weather|Snowscape|[from] ability: Snow Warning|[of] p2a: Ninetales
|-ability|p1b: Incineroar|Intimidate|boost
|-unboost|p2a: Ninetales|atk|1
|-unboost|p2b: Milotic|atk|1
|-ability|p2b: Milotic|Competitive|boost
|-boost|p2b: Milotic|spa|2
|turn|1
|
|t:|1750737887
|switch|p1b: Koraidon|Koraidon, L50|100/100
|-weather|SunnyDay|[from] ability: Orichalcum Pulse|[of] p1b: Koraidon
|-activate|p1b: Koraidon|Orichalcum Pulse|[source]
|move|p2a: Ninetales|Aurora Veil||[still]
|-fail|p2a: Ninetales
|move|p1a: Lunala|Calm Mind|p1a: Lunala
|-boost|p1a: Lunala|spa|1
|-boost|p1a: Lunala|spd|1
|move|p2b: Milotic|Coil|p2b: Milotic
|-boost|p2b: Milotic|atk|1
|-boost|p2b: Milotic|def|1
|-boost|p2b: Milotic|accuracy|1
|
|-weather|SunnyDay|[upkeep]
|upkeep
|turn|2
|
|t:|1750737911
|switch|p2a: Urshifu|Urshifu-Rapid-Strike, L50, M|100/100
|-terastallize|p1b: Koraidon|Fire
|move|p1b: Koraidon|Flame Charge|p2a: Urshifu
|-resisted|p2a: Urshifu
|-damage|p2a: Urshifu|58/100
|-boost|p1b: Koraidon|spe|1
|-damage|p1b: Koraidon|91/100|[from] item: Life Orb
|move|p1a: Lunala|Moongeist Beam|p2b: Milotic
|-damage|p2b: Milotic|50/100
|move|p2b: Milotic|Hypnosis|p1a: Lunala
|-status|p1a: Lunala|slp|[from] move: Hypnosis
|
|-weather|SunnyDay|[upkeep]
|-heal|p2b: Milotic|55/100|[from] item: Leftovers
|upkeep
|turn|3
|
|t:|1750737936
|move|p1b: Koraidon|Close Combat|p2a: Urshifu
|-crit|p2a: Urshifu
|-damage|p2a: Urshifu|0 fnt
|-unboost|p1b: Koraidon|def|1
|-unboost|p1b: Koraidon|spd|1
|faint|p2a: Urshifu
|-damage|p1b: Koraidon|81/100|[from] item: Life Orb
|cant|p1a: Lunala|slp
|move|p2b: Milotic|Life Dew|p2b: Milotic
|-heal|p2b: Milotic|81/100
|
|-weather|SunnyDay|[upkeep]
|-heal|p2b: Milotic|87/100|[from] item: Leftovers
|upkeep
|
|t:|1750737947
|switch|p2a: Ninetales|Ninetales-Alola, L50, M, shiny|100/100
|-weather|Snowscape|[from] ability: Snow Warning|[of] p2a: Ninetales
|turn|4
|
|t:|1750737969
|move|p1b: Koraidon|Flare Blitz|p2a: Ninetales
|-supereffective|p2a: Ninetales
|-enditem|p2a: Ninetales|Focus Sash
|-damage|p2a: Ninetales|1/100
|-damage|p1b: Koraidon|54/100|[from] Recoil
|-damage|p1b: Koraidon|44/100|[from] item: Life Orb
|move|p2a: Ninetales|Aurora Veil|p2a: Ninetales
|-sidestart|p2: aludeku|move: Aurora Veil
|cant|p1a: Lunala|slp
|move|p2b: Milotic|Hypnosis|p1b: Koraidon
|-status|p1b: Koraidon|slp|[from] move: Hypnosis
|
|-weather|Snowscape|[upkeep]
|-heal|p2b: Milotic|93/100|[from] item: Leftovers
|upkeep
|turn|5
|
|t:|1750737990
|cant|p1b: Koraidon|slp
|move|p2a: Ninetales|Blizzard|p1a: Lunala|[spread] p1a,p1b
|-resisted|p1b: Koraidon
|-damage|p1a: Lunala|93/100 slp
|-damage|p1b: Koraidon|22/100 slp
|-curestatus|p1a: Lunala|slp|[msg]
|move|p1a: Lunala|Moongeist Beam|p2b: Milotic
|-damage|p2b: Milotic|58/100
|move|p2b: Milotic|Scald|p1a: Lunala
|-damage|p1a: Lunala|68/100
|
|-weather|Snowscape|[upkeep]
|-heal|p1a: Lunala|74/100|[from] item: Leftovers
|-heal|p2b: Milotic|64/100|[from] item: Leftovers
|upkeep
|turn|6
|
|t:|1750738013
|switch|p1b: Incineroar|Incineroar, L50, F|100/100
|-ability|p1b: Incineroar|Intimidate|boost
|-unboost|p2a: Ninetales|atk|1
|-unboost|p2b: Milotic|atk|1
|-ability|p2b: Milotic|Competitive|boost
|-boost|p2b: Milotic|spa|2
|move|p1a: Lunala|Protect|p1a: Lunala
|-singleturn|p1a: Lunala|Protect
|move|p2a: Ninetales|Blizzard|p1a: Lunala|[spread] p1b
|-activate|p1a: Lunala|move: Protect
|-resisted|p1b: Incineroar
|-damage|p1b: Incineroar|90/100
|move|p2b: Milotic|Hypnosis|p1a: Lunala
|-activate|p1a: Lunala|move: Protect
|
|-weather|Snowscape|[upkeep]
|-heal|p1a: Lunala|80/100|[from] item: Leftovers
|-heal|p2b: Milotic|70/100|[from] item: Leftovers
|upkeep
|turn|7
|
|t:|1750738036
|switch|p2b: Kyurem|Kyurem-White, L50, shiny|100/100
|-ability|p2b: Kyurem|Turboblaze
|move|p1b: Incineroar|Fake Out|p2b: Kyurem
|-damage|p2b: Kyurem|96/100
|move|p2a: Ninetales|Fake Tears|p1a: Lunala
|-unboost|p1a: Lunala|spd|2
|move|p1a: Lunala|Calm Mind|p1a: Lunala
|-boost|p1a: Lunala|spa|1
|-boost|p1a: Lunala|spd|1
|
|-weather|Snowscape|[upkeep]
|-heal|p1a: Lunala|87/100|[from] item: Leftovers
|upkeep
|turn|8
|
|t:|1750738060
|move|p2a: Ninetales|Moonblast|p1a: Lunala
|-damage|p1a: Lunala|62/100
|-unboost|p1a: Lunala|spa|1
|move|p1a: Lunala|Moonblast|p2b: Kyurem
|-supereffective|p2b: Kyurem
|-damage|p2b: Kyurem|60/100
|move|p2b: Kyurem|Blizzard|p1b: Incineroar|[spread] p1a,p1b
|-resisted|p1b: Incineroar
|-damage|p1a: Lunala|19/100
|-damage|p1b: Incineroar|68/100
|move|p1b: Incineroar|Knock Off|p2a: Ninetales
|-resisted|p2a: Ninetales
|-damage|p2a: Ninetales|0 fnt
|faint|p2a: Ninetales
|
|-weather|none
|-heal|p1a: Lunala|25/100|[from] item: Leftovers
|-sideend|p2: aludeku|move: Aurora Veil
|upkeep
|
|t:|1750738072
|switch|p2a: Milotic|Milotic, L50, F, shiny|70/100
|turn|9
|
|t:|1750738082
|switch|p1b: Koraidon|Koraidon, L50, tera:Fire|22/100 slp
|-weather|SunnyDay|[from] ability: Orichalcum Pulse|[of] p1b: Koraidon
|-activate|p1b: Koraidon|Orichalcum Pulse|[source]
|-terastallize|p2b: Kyurem|Fairy
|move|p1a: Lunala|Protect|p1a: Lunala
|-singleturn|p1a: Lunala|Protect
|move|p2b: Kyurem|Blizzard|p1a: Lunala|[spread] p1b
|-activate|p1a: Lunala|move: Protect
|-resisted|p1b: Koraidon
|-damage|p1b: Koraidon|0 fnt
|faint|p1b: Koraidon
|move|p2a: Milotic|Life Dew|p2a: Milotic|[spread] p2a,p2b
|-heal|p2a: Milotic|96/100
|-heal|p2b: Kyurem|85/100
|
|-weather|SunnyDay|[upkeep]
|-heal|p1a: Lunala|31/100|[from] item: Leftovers
|-heal|p2a: Milotic|100/100|[from] item: Leftovers
|upkeep
|
|t:|1750738094
|switch|p1b: Flutter Mane|Flutter Mane, L50|100/100
|-activate|p1b: Flutter Mane|ability: Protosynthesis
|-start|p1b: Flutter Mane|protosynthesisspe
|turn|10
|
|t:|1750738129
|move|p1b: Flutter Mane|Moonblast|p2a: Milotic
|-damage|p2a: Milotic|71/100
|move|p1a: Lunala|Moongeist Beam|p2a: Milotic
|-damage|p2a: Milotic|20/100
|move|p2b: Kyurem|Fusion Flare|p1b: Flutter Mane
|-damage|p1b: Flutter Mane|22/100
|move|p2a: Milotic|Scald|p1a: Lunala
|-damage|p1a: Lunala|22/100
|
|-weather|SunnyDay|[upkeep]
|-heal|p1a: Lunala|28/100|[from] item: Leftovers
|-heal|p2a: Milotic|26/100|[from] item: Leftovers
|upkeep
|turn|11
|
|t:|1750738149
|move|p1b: Flutter Mane|Moonblast|p2a: Milotic
|-damage|p2a: Milotic|0 fnt
|faint|p2a: Milotic
|move|p1a: Lunala|Moonblast|p2b: Kyurem
|-damage|p2b: Kyurem|56/100
|move|p2b: Kyurem|Blizzard|p1b: Flutter Mane|[spread] p1b
|-miss|p2b: Kyurem|p1a: Lunala
|-damage|p1b: Flutter Mane|0 fnt
|faint|p1b: Flutter Mane
|-end|p1b: Flutter Mane|Protosynthesis|[silent]
|
|-weather|SunnyDay|[upkeep]
|-heal|p1a: Lunala|34/100|[from] item: Leftovers
|upkeep
|
|t:|1750738152
|switch|p1b: Incineroar|Incineroar, L50, F|68/100
|-ability|p1b: Incineroar|Intimidate|boost
|-unboost|p2b: Kyurem|atk|1
|turn|12
|
|t:|1750738166
|move|p1b: Incineroar|Fake Out|p2b: Kyurem
|-damage|p2b: Kyurem|47/100
|cant|p2b: Kyurem|flinch
|move|p1a: Lunala|Moongeist Beam|p2b: Kyurem
|-damage|p2b: Kyurem|3/100
|
|-weather|SunnyDay|[upkeep]
|-heal|p1a: Lunala|40/100|[from] item: Leftovers
|upkeep
|turn|13
|
|t:|1750738177
|move|p2b: Kyurem|Earth Power|p1b: Incineroar
|-supereffective|p1b: Incineroar
|-damage|p1b: Incineroar|4/100
|move|p1a: Lunala|Moongeist Beam|p2b: Kyurem
|-damage|p2b: Kyurem|0 fnt
|faint|p2b: Kyurem
|
|win|anaverageguitarist
|raw|anaverageguitarist's rating: 1213 &rarr; <strong>1234</strong><br />(+21 for winning)
|raw|aludeku's rating: 1150 &rarr; <strong>1129</strong><br />(-21 for losing)
|l|☆anaverageguitarist
|player|p1|
