|j|☆alethor
|j|☆ZethisTheSecond
|t:|1750848526
|gametype|doubles
|player|p1|alethor|gambler|1113
|player|p2|ZethisTheSecond|101|1000
|teamsize|p1|6
|teamsize|p2|6
|gen|9
|tier|[Gen 9] VGC 2025 Reg I
|rated|
|rule|Species Clause: Limit one of each Pokémon
|rule|Item Clause: Limit 1 of each item
|clearpoke
|poke|p1|Primarina, L50, F|
|poke|p1|Gothitelle, L50, M|
|poke|p1|Grimmsnarl, L50, M|
|poke|p1|Flutter Mane, L50|
|poke|p1|Dugtrio, L50, M|
|poke|p1|Clefairy, L50, M|
|poke|p2|Sableye, L50, M|
|poke|p2|Regidrago, L50|
|poke|p2|Indeedee, L50, M|
|poke|p2|Incineroar, L50, F|
|poke|p2|Amoonguss, L50, M|
|poke|p2|Masquerain, L50, M|
|teampreview|4
|inactive|Battle timer is ON: inactive players will automatically lose when time's up. (requested by alethor)
|inactive|ZethisTheSecond has 60 seconds left.
|
|t:|1750848560
|start
|switch|p1a: Primarina|Primarina, L50, F|100/100
|switch|p1b: Dugtrio|Dugtrio, L50, M|100/100
|switch|p2a: Incineroar|Incineroar, L50, F|100/100
|switch|p2b: Masquerain|Masquerain, L50, M|100/100
|-ability|p2b: Masquerain|Intimidate|boost
|-unboost|p1a: Primarina|atk|1
|-unboost|p1b: Dugtrio|atk|1
|-ability|p2a: Incineroar|Intimidate|boost
|-unboost|p1a: Primarina|atk|1
|-unboost|p1b: Dugtrio|atk|1
|turn|1
|
|t:|1750848577
|move|p2a: Incineroar|Fake Out|p1a: Primarina
|-damage|p1a: Primarina|83/100
|move|p1b: Dugtrio|Dig||[still]
|-prepare|p1b: Dugtrio|Dig
|cant|p1a: Primarina|flinch
|move|p2b: Masquerain|Quiver Dance|p2b: Masquerain
|-boost|p2b: Masquerain|spa|1
|-boost|p2b: Masquerain|spd|1
|-boost|p2b: Masquerain|spe|1
|
|-heal|p1a: Primarina|89/100|[from] item: Leftovers
|upkeep
|turn|2
|inactive|ZethisTheSecond has 30 seconds left.
|
|t:|1750848603
|move|p2a: Incineroar|Protect|p2a: Incineroar
|-singleturn|p2a: Incineroar|Protect
|move|p1b: Dugtrio|Dig|p2a: Incineroar|[from] lockedmove
|-activate|p2a: Incineroar|move: Protect
|move|p2b: Masquerain|Quiver Dance|p2b: Masquerain
|-boost|p2b: Masquerain|spa|1
|-boost|p2b: Masquerain|spd|1
|-boost|p2b: Masquerain|spe|1
|move|p1a: Primarina|Perish Song|p1a: Primarina
|-start|p1a: Primarina|perish3|[silent]
|-start|p1b: Dugtrio|perish3|[silent]
|-start|p2a: Incineroar|perish3|[silent]
|-start|p2b: Masquerain|perish3|[silent]
|-fieldactivate|move: Perish Song
|
|-heal|p1a: Primarina|95/100|[from] item: Leftovers
|-start|p2b: Masquerain|perish3
|-start|p1b: Dugtrio|perish3
|-start|p1a: Primarina|perish3
|-start|p2a: Incineroar|perish3
|upkeep
|turn|3
|
|t:|1750848627
|move|p1b: Dugtrio|Protect|p1b: Dugtrio
|-singleturn|p1b: Dugtrio|Protect
|move|p1a: Primarina|Protect|p1a: Primarina
|-singleturn|p1a: Primarina|Protect
|move|p2b: Masquerain|Quiver Dance|p2b: Masquerain
|-boost|p2b: Masquerain|spa|1
|-boost|p2b: Masquerain|spd|1
|-boost|p2b: Masquerain|spe|1
|move|p2a: Incineroar|Parting Shot|p1a: Primarina
|-activate|p1a: Primarina|move: Protect
|
|-heal|p1a: Primarina|100/100|[from] item: Leftovers
|-start|p2b: Masquerain|perish2
|-start|p1b: Dugtrio|perish2
|-start|p1a: Primarina|perish2
|-start|p2a: Incineroar|perish2
|upkeep
|turn|4
|inactive|ZethisTheSecond has 30 seconds left.
|inactive|ZethisTheSecond has 20 seconds left.
|
|t:|1750848664
|move|p2b: Masquerain|Baton Pass|p2b: Masquerain
|
|t:|1750848683
|switch|p2b: Amoonguss|Amoonguss, L50, M|100/100|[from] Baton Pass
|move|p1b: Dugtrio|Dig||[still]
|-prepare|p1b: Dugtrio|Dig
|move|p1a: Primarina|Flip Turn|p2a: Incineroar
|-supereffective|p2a: Incineroar
|-damage|p2a: Incineroar|86/100
|
|t:|1750848692
|switch|p1a: Flutter Mane|Flutter Mane, L50|100/100|[from] Flip Turn
|-enditem|p1a: Flutter Mane|Booster Energy
|-activate|p1a: Flutter Mane|ability: Protosynthesis|[fromitem]
|-start|p1a: Flutter Mane|protosynthesisspe
|move|p2a: Incineroar|Parting Shot|p1a: Flutter Mane
|-unboost|p1a: Flutter Mane|atk|1
|-unboost|p1a: Flutter Mane|spa|1
|
|t:|1750848706
|switch|p2a: Masquerain|Masquerain, L50, M|100/100|[from] Parting Shot
|-ability|p2a: Masquerain|Intimidate|boost
|-unboost|p1a: Flutter Mane|atk|1
|-unboost|p1b: Dugtrio|atk|1
|
|-start|p1b: Dugtrio|perish1
|-start|p2b: Amoonguss|perish1
|upkeep
|turn|5
|inactive|ZethisTheSecond has 30 seconds left.
|
|t:|1750848738
|move|p1a: Flutter Mane|Phantom Force||[still]
|-prepare|p1a: Flutter Mane|Phantom Force
|move|p1b: Dugtrio|Dig|p2a: Masquerain|[from] lockedmove
|-immune|p2a: Masquerain
|move|p2b: Amoonguss|Sludge Bomb|p1a: Flutter Mane|[miss]
|-miss|p2b: Amoonguss|p1a: Flutter Mane
|move|p2a: Masquerain|Quiver Dance|p2a: Masquerain
|-boost|p2a: Masquerain|spa|1
|-boost|p2a: Masquerain|spd|1
|-boost|p2a: Masquerain|spe|1
|
|-start|p1b: Dugtrio|perish0
|-start|p2b: Amoonguss|perish0
|faint|p1b: Dugtrio
|faint|p2b: Amoonguss
|upkeep
|
|t:|1750848752
|switch|p1b: Primarina|Primarina, L50, F|100/100
|switch|p2b: Sableye|Sableye, L50, M|100/100
|turn|6
|
|t:|1750848772
|move|p1a: Flutter Mane|Phantom Force|p2a: Masquerain|[from] lockedmove
|-damage|p2a: Masquerain|86/100
|move|p2a: Masquerain|Quiver Dance|p2a: Masquerain
|-boost|p2a: Masquerain|spa|1
|-boost|p2a: Masquerain|spd|1
|-boost|p2a: Masquerain|spe|1
|move|p1b: Primarina|Perish Song|p1b: Primarina
|-start|p1a: Flutter Mane|perish3|[silent]
|-start|p1b: Primarina|perish3|[silent]
|-start|p2a: Masquerain|perish3|[silent]
|-start|p2b: Sableye|perish3|[silent]
|-fieldactivate|move: Perish Song
|move|p2b: Sableye|Snarl|p1a: Flutter Mane|[spread] p1a,p1b
|-resisted|p1b: Primarina
|-damage|p1a: Flutter Mane|92/100
|-damage|p1b: Primarina|96/100
|-unboost|p1a: Flutter Mane|spa|1
|-unboost|p1b: Primarina|spa|1
|
|-heal|p1b: Primarina|100/100|[from] item: Leftovers
|-start|p1a: Flutter Mane|perish3
|-start|p2a: Masquerain|perish3
|-start|p1b: Primarina|perish3
|-start|p2b: Sableye|perish3
|upkeep
|turn|7
|inactive|alethor has 30 seconds left.
|inactive|ZethisTheSecond has 30 seconds left.
|
|t:|1750848807
|move|p1a: Flutter Mane|Phantom Force||[still]
|-prepare|p1a: Flutter Mane|Phantom Force
|move|p2a: Masquerain|Quiver Dance|p2a: Masquerain
|-boost|p2a: Masquerain|spa|1
|-boost|p2a: Masquerain|spd|1
|-boost|p2a: Masquerain|spe|1
|move|p1b: Primarina|Flip Turn|p2a: Masquerain
|-damage|p2a: Masquerain|63/100
|
|t:|1750848816
|switch|p1b: Gothitelle|Gothitelle, L50, M|100/100|[from] Flip Turn
|move|p2b: Sableye|Encore||[still]
|-fail|p2b: Sableye
|
|-start|p1a: Flutter Mane|perish2
|-start|p2a: Masquerain|perish2
|-start|p2b: Sableye|perish2
|upkeep
|turn|8
|
|t:|1750848834
|-terastallize|p2a: Masquerain|Bug
|move|p1b: Gothitelle|Fake Out|p2a: Masquerain
|-damage|p2a: Masquerain|53/100
|move|p1a: Flutter Mane|Phantom Force|p2a: Masquerain|[from] lockedmove
|-damage|p2a: Masquerain|39/100
|cant|p2a: Masquerain|flinch
|move|p2b: Sableye|Disable|p1a: Flutter Mane
|-start|p1a: Flutter Mane|Disable|Phantom Force
|
|-start|p1a: Flutter Mane|perish1
|-start|p2a: Masquerain|perish1
|-start|p2b: Sableye|perish1
|upkeep
|turn|9
|-message|ZethisTheSecond forfeited.
|
|win|alethor
|raw|alethor's rating: 1113 &rarr; <strong>1130</strong><br />(+17 for winning)
|raw|ZethisTheSecond's rating: 1000 &rarr; <strong>1000</strong><br />(+0 for losing)
|l|☆ZethisTheSecond
|player|p2|
