|j|☆meotachuldong
|j|☆trashbros
|t:|1750714198
|gametype|doubles
|player|p1|meotachuldong|twins-gen4dp|1399
|player|p2|trashbros|rood|1426
|teamsize|p1|6
|teamsize|p2|6
|gen|9
|tier|[Gen 9] VGC 2025 Reg I
|rated|
|rule|Species Clause: Limit one of each Pokémon
|rule|Item Clause: Limit 1 of each item
|clearpoke
|poke|p1|Calyrex-Shadow, L50|
|poke|p1|Incineroar, L50, M|
|poke|p1|Ogerpon-Wellspring, L50, F|
|poke|p1|Rillaboom, L50, M|
|poke|p1|Zamazenta-*, L50|
|poke|p1|Raging Bolt, L50|
|poke|p2|Miraidon, L50|
|poke|p2|Calyrex-Ice, L50|
|poke|p2|Grimmsnarl, L50, M|
|poke|p2|Incineroar, L50, M|
|poke|p2|Pelipper, L50, M|
|poke|p2|Urshifu-*, L50, M|
|teampreview|4
|
|t:|1750714266
|start
|switch|p1a: Irving|Calyrex-Shadow, L50|100/100
|switch|p1b: Davis|Rillaboom, L50, M|100/100
|switch|p2a: Dr Pepper|Urshifu-Rapid-Strike, L50, M|100/100
|switch|p2b: Mr Pibb|Incineroar, L50, M, shiny|100/100
|-ability|p1a: Irving|As One
|-ability|p1a: Irving|Unnerve
|-ability|p2b: Mr Pibb|Intimidate|boost
|-unboost|p1a: Irving|atk|1
|-unboost|p1b: Davis|atk|1
|-fieldstart|move: Grassy Terrain|[from] ability: Grassy Surge|[of] p1b: Davis
|turn|1
|
|t:|1750714288
|switch|p1a: Flagg|Zamazenta-Crowned, L50|100/100
|-ability|p1a: Flagg|Dauntless Shield|boost
|-boost|p1a: Flagg|def|1
|move|p2b: Mr Pibb|Fake Out|p1b: Davis
|-damage|p1b: Davis|91/100
|cant|p1b: Davis|flinch
|move|p2a: Dr Pepper|U-turn|p1b: Davis
|-supereffective|p1b: Davis
|-damage|p1b: Davis|15/100
|
|t:|1750714302
|switch|p2a: The Frozen One|Calyrex-Ice, L50|100/100|[from] U-turn
|-ability|p2a: The Frozen One|As One
|-ability|p2a: The Frozen One|Unnerve
|
|-heal|p1b: Davis|20/100|[from] Grassy Terrain
|upkeep
|turn|2
|
|t:|1750714325
|switch|p1b: Washington|Ogerpon-Wellspring, L50, F|100/100
|-terastallize|p2b: Mr Pibb|Grass
|move|p1a: Flagg|Body Press|p2b: Mr Pibb
|-damage|p2b: Mr Pibb|34/100
|move|p2b: Mr Pibb|U-turn|p1b: Washington
|-supereffective|p1b: Washington
|-damage|p1b: Washington|69/100
|
|t:|1750714336
|switch|p2b: Dr Pepper|Urshifu-Rapid-Strike, L50, M|100/100|[from] U-turn
|move|p2a: The Frozen One|Leech Seed|p1a: Flagg
|-start|p1a: Flagg|move: Leech Seed
|
|-heal|p1b: Washington|75/100|[from] Grassy Terrain
|-damage|p1a: Flagg|88/100|[from] Leech Seed|[of] p2a: The Frozen One
|upkeep
|turn|3
|
|t:|1750714349
|move|p1a: Flagg|Body Press|p2a: The Frozen One
|-damage|p2a: The Frozen One|60/100
|move|p2b: Dr Pepper|U-turn|p1b: Washington
|-supereffective|p1b: Washington
|-damage|p1b: Washington|14/100
|
|t:|1750714355
|switch|p2b: Mr Pibb|Incineroar, L50, M, shiny, tera:Grass|34/100|[from] U-turn
|-ability|p2b: Mr Pibb|Intimidate|boost
|-unboost|p1a: Flagg|atk|1
|-unboost|p1b: Washington|atk|1
|move|p1b: Washington|Ivy Cudgel|p2a: The Frozen One|[anim] Ivy Cudgel Water
|-damage|p2a: The Frozen One|40/100
|move|p2a: The Frozen One|Glacial Lance|p1b: Washington|[spread] p1a,p1b
|-resisted|p1a: Flagg
|-damage|p1a: Flagg|78/100
|-damage|p1b: Washington|0 fnt
|faint|p1b: Washington
|-ability|p2a: The Frozen One|Chilling Neigh|boost
|-boost|p2a: The Frozen One|atk|1
|
|-heal|p1a: Flagg|84/100|[from] Grassy Terrain
|-heal|p2b: Mr Pibb|39/100|[from] Grassy Terrain
|-heal|p2a: The Frozen One|46/100|[from] Grassy Terrain
|-heal|p2a: The Frozen One|52/100|[from] item: Leftovers
|-damage|p1a: Flagg|72/100|[from] Leech Seed|[of] p2a: The Frozen One
|-heal|p2a: The Frozen One|63/100|[silent]
|upkeep
|
|t:|1750714365
|switch|p1b: Irving|Calyrex-Shadow, L50|100/100
|-ability|p1b: Irving|As One
|-ability|p1b: Irving|Unnerve
|turn|4
|
|t:|1750714373
|switch|p2b: Larry|Pelipper, L50, M|100/100
|-weather|RainDance|[from] ability: Drizzle|[of] p2b: Larry
|move|p2a: The Frozen One|Protect|p2a: The Frozen One
|-singleturn|p2a: The Frozen One|Protect
|move|p1b: Irving|Nasty Plot|p1b: Irving
|-boost|p1b: Irving|spa|2
|move|p1a: Flagg|Body Press|p2b: Larry
|-resisted|p2b: Larry
|-damage|p2b: Larry|65/100
|
|-weather|RainDance|[upkeep]
|-heal|p1a: Flagg|77/100|[from] Grassy Terrain
|-heal|p2a: The Frozen One|69/100|[from] Grassy Terrain
|-heal|p2a: The Frozen One|75/100|[from] item: Leftovers
|-damage|p1a: Flagg|65/100|[from] Leech Seed|[of] p2a: The Frozen One
|-heal|p2a: The Frozen One|87/100|[silent]
|upkeep
|turn|5
|
|t:|1750714389
|move|p1b: Irving|Psychic|p2a: The Frozen One
|-resisted|p2a: The Frozen One
|-damage|p2a: The Frozen One|45/100
|-damage|p1b: Irving|91/100|[from] item: Life Orb
|move|p1a: Flagg|Body Press|p2a: The Frozen One
|-damage|p2a: The Frozen One|3/100
|move|p2b: Larry|Weather Ball|p1a: Flagg
|-damage|p1a: Flagg|18/100
|move|p2a: The Frozen One|Leech Seed|p1b: Irving
|-start|p1b: Irving|move: Leech Seed
|
|-weather|RainDance|[upkeep]
|-heal|p1b: Irving|97/100|[from] Grassy Terrain
|-heal|p1a: Flagg|24/100|[from] Grassy Terrain
|-heal|p2a: The Frozen One|9/100|[from] Grassy Terrain
|-heal|p2a: The Frozen One|15/100|[from] item: Leftovers
|-damage|p1b: Irving|85/100|[from] Leech Seed|[of] p2a: The Frozen One
|-heal|p2a: The Frozen One|26/100|[silent]
|-damage|p1a: Flagg|12/100|[from] Leech Seed|[of] p2a: The Frozen One
|-heal|p2a: The Frozen One|37/100|[silent]
|-fieldend|move: Grassy Terrain
|upkeep
|turn|6
|
|t:|1750714410
|move|p2a: The Frozen One|Protect|p2a: The Frozen One
|-singleturn|p2a: The Frozen One|Protect
|move|p2b: Larry|Wide Guard|p2b: Larry
|-singleturn|p2b: Larry|Wide Guard
|move|p1b: Irving|Psychic|p2b: Larry
|-damage|p2b: Larry|0 fnt
|faint|p2b: Larry
|-ability|p1b: Irving|Grim Neigh|boost
|-boost|p1b: Irving|spa|1
|-damage|p1b: Irving|75/100|[from] item: Life Orb
|move|p1a: Flagg|Body Press|p2a: The Frozen One
|-activate|p2a: The Frozen One|move: Protect
|
|-weather|RainDance|[upkeep]
|-heal|p2a: The Frozen One|43/100|[from] item: Leftovers
|-damage|p1b: Irving|63/100|[from] Leech Seed|[of] p2a: The Frozen One
|-heal|p2a: The Frozen One|54/100|[silent]
|-damage|p1a: Flagg|0 fnt|[from] Leech Seed|[of] p2a: The Frozen One
|-heal|p2a: The Frozen One|65/100|[silent]
|faint|p1a: Flagg
|upkeep
|
|t:|1750714423
|switch|p1a: Davis|Rillaboom, L50, M|20/100
|switch|p2b: Dr Pepper|Urshifu-Rapid-Strike, L50, M|100/100
|-fieldstart|move: Grassy Terrain|[from] ability: Grassy Surge|[of] p1a: Davis
|turn|7
|
|t:|1750714431
|move|p1a: Davis|Fake Out|p2b: Dr Pepper
|-damage|p2b: Dr Pepper|86/100
|cant|p2b: Dr Pepper|flinch
|move|p1b: Irving|Astral Barrage|p2a: The Frozen One|[spread] p2a,p2b
|-supereffective|p2a: The Frozen One
|-damage|p2a: The Frozen One|0 fnt
|-damage|p2b: Dr Pepper|0 fnt
|faint|p2a: The Frozen One
|faint|p2b: Dr Pepper
|-ability|p1b: Irving|Grim Neigh|boost
|-boost|p1b: Irving|spa|2
|-damage|p1b: Irving|54/100|[from] item: Life Orb
|
|-weather|RainDance|[upkeep]
|-heal|p1b: Irving|60/100|[from] Grassy Terrain
|-heal|p1a: Davis|26/100|[from] Grassy Terrain
|upkeep
|-message|trashbros forfeited.
|
|win|meotachuldong
|raw|meotachuldong's rating: 1399 &rarr; <strong>1421</strong><br />(+22 for winning)
|raw|trashbros's rating: 1426 &rarr; <strong>1404</strong><br />(-22 for losing)
|l|☆trashbros
|player|p2|
