|j|☆Joe Dirtwo
|j|☆Azemon
|t:|1750777860
|gametype|doubles
|player|p1|Joe Dirtwo|gentleman|1481
|player|p2|Azemon|170|1483
|teamsize|p1|6
|teamsize|p2|6
|gen|9
|tier|[Gen 9] VGC 2025 Reg I
|rated|
|rule|Species Clause: Limit one of each Pokémon
|rule|Item Clause: Limit 1 of each item
|clearpoke
|poke|p1|Kyogre, L50|
|poke|p1|Rillaboom, L50, F|
|poke|p1|Incineroar, L50, M|
|poke|p1|Farigiraf, L50, F|
|poke|p1|Lugia, L50|
|poke|p1|Raichu, L50, M|
|poke|p2|Kyogre, L50|
|poke|p2|Raichu, L50, F|
|poke|p2|Tornadus, L50, M|
|poke|p2|Farigiraf, L50, M|
|poke|p2|Sneasler, L50, M|
|poke|p2|Zacian-*, L50|
|teampreview|4
|c|☆Joe Dirtwo|raichu believers unite
|inactive|Battle timer is ON: inactive players will automatically lose when time's up. (requested by Azemon)
|
|t:|1750777899
|start
|switch|p1a: Lugia|Lugia, L50|100/100
|switch|p1b: Incineroar|Incineroar, L50, M|100/100
|switch|p2a: Kyogre|Kyogre, L50|100/100
|switch|p2b: Sneasler|Sneasler, L50, M|100/100
|-weather|RainDance|[from] ability: Drizzle|[of] p2a: Kyogre
|-ability|p1b: Incineroar|Intimidate|boost
|-unboost|p2a: Kyogre|atk|1
|-unboost|p2b: Sneasler|atk|1
|turn|1
|
|t:|1750777918
|switch|p1b: Farigiraf|Farigiraf, L50, F|100/100
|-terastallize|p2a: Kyogre|Water
|-terastallize|p1a: Lugia|Water
|move|p2b: Sneasler|Fake Out||[still]
|cant|p1b: Farigiraf|ability: Armor Tail|Fake Out|[of] p2b: Sneasler
|move|p2a: Kyogre|Water Spout|p1a: Lugia|[spread] p1a,p1b
|-resisted|p1a: Lugia
|-damage|p1a: Lugia|79/100
|-damage|p1b: Farigiraf|0 fnt
|faint|p1b: Farigiraf
|move|p1a: Lugia|Calm Mind|p1a: Lugia
|-boost|p1a: Lugia|spa|1
|-boost|p1a: Lugia|spd|1
|
|-weather|RainDance|[upkeep]
|-heal|p1a: Lugia|85/100|[from] item: Leftovers
|upkeep
|
|t:|1750777935
|switch|p1b: Incineroar|Incineroar, L50, M|100/100
|-ability|p1b: Incineroar|Intimidate|boost
|-unboost|p2a: Kyogre|atk|1
|-unboost|p2b: Sneasler|atk|1
|turn|2
|
|t:|1750777943
|switch|p2b: Farigiraf|Farigiraf, L50, M|100/100
|move|p1b: Incineroar|Fake Out||[still]
|cant|p2b: Farigiraf|ability: Armor Tail|Fake Out|[of] p1b: Incineroar
|move|p2a: Kyogre|Water Spout|p1b: Incineroar|[spread] p1a,p1b
|-resisted|p1a: Lugia
|-supereffective|p1b: Incineroar
|-damage|p1a: Lugia|56/100
|-damage|p1b: Incineroar|0 fnt
|faint|p1b: Incineroar
|move|p1a: Lugia|Calm Mind|p1a: Lugia
|-boost|p1a: Lugia|spa|1
|-boost|p1a: Lugia|spd|1
|
|-weather|RainDance|[upkeep]
|-heal|p1a: Lugia|62/100|[from] item: Leftovers
|upkeep
|
|t:|1750777946
|switch|p1b: Kyogre|Kyogre, L50|100/100
|turn|3
|
|t:|1750777965
|move|p1b: Kyogre|Protect|p1b: Kyogre
|-singleturn|p1b: Kyogre|Protect
|move|p2a: Kyogre|Water Spout|p1a: Lugia|[spread] p1a
|-activate|p1b: Kyogre|move: Protect
|-resisted|p1a: Lugia
|-damage|p1a: Lugia|40/100
|move|p1a: Lugia|Recover|p1a: Lugia
|-heal|p1a: Lugia|90/100
|move|p2b: Farigiraf|Psychic Noise|p1b: Kyogre
|-activate|p1b: Kyogre|move: Protect
|
|-weather|RainDance|[upkeep]
|-heal|p1a: Lugia|96/100|[from] item: Leftovers
|upkeep
|turn|4
|
|t:|1750777985
|move|p2a: Kyogre|Water Spout|p1b: Kyogre|[spread] p1a,p1b
|-resisted|p1a: Lugia
|-resisted|p1b: Kyogre
|-crit|p1b: Kyogre
|-damage|p1a: Lugia|73/100
|-damage|p1b: Kyogre|29/100
|move|p1a: Lugia|Hurricane|p2a: Kyogre
|-damage|p2a: Kyogre|22/100
|move|p1b: Kyogre|Origin Pulse|p2b: Farigiraf|[spread] p2a,p2b
|-resisted|p2a: Kyogre
|-damage|p2a: Kyogre|0 fnt
|-damage|p2b: Farigiraf|16/100
|faint|p2a: Kyogre
|move|p2b: Farigiraf|Psychic Noise|p1a: Lugia
|-damage|p1a: Lugia|64/100
|-start|p1a: Lugia|move: Heal Block
|
|-weather|RainDance|[upkeep]
|upkeep
|
|t:|1750778003
|switch|p2a: Sneasler|Sneasler, L50, M|100/100
|turn|5
|
|t:|1750778025
|move|p1b: Kyogre|Protect|p1b: Kyogre
|-singleturn|p1b: Kyogre|Protect
|move|p2a: Sneasler|Dire Claw|p1a: Lugia
|-damage|p1a: Lugia|35/100
|-status|p1a: Lugia|psn
|move|p1a: Lugia|Psyshock|p2b: Farigiraf
|-resisted|p2b: Farigiraf
|-damage|p2b: Farigiraf|0 fnt
|faint|p2b: Farigiraf
|
|-weather|none
|-damage|p1a: Lugia|22/100 psn|[from] psn
|-end|p1a: Lugia|move: Heal Block
|upkeep
|
|t:|1750778040
|switch|p2b: Zacian|Zacian-Crowned, L50|100/100
|-ability|p2b: Zacian|Intrepid Sword|boost
|-boost|p2b: Zacian|atk|1
|turn|6
|
|t:|1750778053
|move|p2b: Zacian|Play Rough|p1b: Kyogre
|-damage|p1b: Kyogre|0 fnt
|faint|p1b: Kyogre
|move|p2a: Sneasler|Dire Claw|p1a: Lugia
|-damage|p1a: Lugia|0 fnt
|faint|p1a: Lugia
|
|win|Azemon
|raw|Joe Dirtwo's rating: 1481 &rarr; <strong>1461</strong><br />(-20 for losing)
|raw|Azemon's rating: 1483 &rarr; <strong>1503</strong><br />(+20 for winning)
|l|☆Joe Dirtwo
|player|p1|
|l|☆Azemon
|player|p2|
