|j|☆bimbo mafioso
|j|☆Gurrasnurra5
|t:|1750759020
|gametype|doubles
|player|p1|bimbo mafioso|swimmerf|
|player|p2|Gurrasnurra5|wattson|
|teamsize|p1|6
|teamsize|p2|6
|gen|9
|tier|[Gen 9] VGC 2025 Reg I
|rated|Tournament battle
|rule|Species Clause: Limit one of each Pokémon
|rule|Item Clause: Limit 1 of each item
|raw|<div class="infobox"><details class="readmore" open><summary><strong>2 custom rules:</strong></summary> Force Open Team Sheets, !Open Team Sheets</details></div>
|clearpoke
|poke|p1|Urshifu-*, L50, M|
|poke|p1|Rillaboom, L50, M|
|poke|p1|Incineroar, L50, M|
|poke|p1|Zamazenta-*, L50|
|poke|p1|Ogerpon-Cornerstone, L50, F|
|poke|p1|Calyrex-Shadow, L50|
|poke|p2|Koraidon, L50|
|poke|p2|Whimsicott, L50, M|
|poke|p2|Chi-Yu, L50|
|poke|p2|Calyrex-Shadow, L50|
|poke|p2|Smeargle, L50, F|
|poke|p2|Rillaboom, L50, F|
|teampreview|4
|showteam|p1|Urshifu-Rapid-Strike||ChoiceScarf|UnseenFist|SurgingStrikes,CloseCombat,AquaJet,Uturn|||M|||50|,,,,,Water]Rillaboom||AssaultVest|GrassySurge|FakeOut,GrassyGlide,WoodHammer,Uturn|||M|||50|,,,,,Water]Incineroar||RockyHelmet|Intimidate|FakeOut,KnockOff,HelpingHand,PartingShot|||M|||50|,,,,,Bug]Zamazenta-Crowned||RustedShield|DauntlessShield|BodyPress,HeavySlam,WideGuard,Protect||||||50|,,,,,Dragon]Ogerpon-Cornerstone||CornerstoneMask|Sturdy|IvyCudgel,PowerWhip,FollowMe,SpikyShield|||F|||50|,,,,,Rock]Calyrex-Shadow||LifeOrb|AsOneSpectrier|AstralBarrage,Psychic,NastyPlot,Protect||||||50|,,,,,Dark
|showteam|p2|Koraidon||LifeOrb|OrichalcumPulse|Protect,FlameCharge,FlareBlitz,CloseCombat||||||50|,,,,,Fire]Whimsicott||CovertCloak|Prankster|LightScreen,Tailwind,Encore,Moonblast|||M|||50|,,,,,Dark]Chi-Yu||ChoiceScarf|BeadsofRuin|Overheat,HeatWave,DarkPulse,Snarl||||||50|,,,,,Ghost]Calyrex-Shadow||SpookyPlate|AsOneSpectrier|Protect,AstralBarrage,Psychic,NastyPlot||||||50|,,,,,Dark]Smeargle||FocusSash|Moody|Spore,FollowMe,Decorate,FakeOut|||F|||50|,,,,,Grass]Rillaboom||AssaultVest|GrassySurge|WoodHammer,GrassyGlide,Uturn,FakeOut|||F|||50|,,,,,Fire
|inactive|Battle timer is ON: inactive players will automatically lose when time's up. (requested by bimbo mafioso)
|c|☆bimbo mafioso|glhf!
|c|☆Gurrasnurra5|you too!
|inactive|bimbo mafioso has 60 seconds left.
|j| misty goggles vgc
|inactive|bimbo mafioso has 30 seconds left.
|
|t:|1750759080
|start
|switch|p1a: Ogerpon|Ogerpon-Cornerstone, L50, F|100/100
|switch|p1b: Zamazenta|Zamazenta-Crowned, L50|100/100
|switch|p2a: Smeargle|Smeargle, L50, F|100/100
|switch|p2b: Calyrex|Calyrex-Shadow, L50|100/100
|-ability|p2b: Calyrex|As One
|-ability|p2b: Calyrex|Unnerve
|-ability|p1b: Zamazenta|Dauntless Shield|boost
|-boost|p1b: Zamazenta|def|1
|turn|1
|l| misty goggles vgc
|
|t:|1750759100
|move|p2a: Smeargle|Fake Out|p1a: Ogerpon
|-resisted|p1a: Ogerpon
|-damage|p1a: Ogerpon|97/100
|move|p2b: Calyrex|Nasty Plot|p2b: Calyrex
|-boost|p2b: Calyrex|spa|2
|cant|p1a: Ogerpon|flinch
|move|p1b: Zamazenta|Heavy Slam|p2b: Calyrex
|-damage|p2b: Calyrex|43/100
|
|-ability|p2a: Smeargle|Moody|boost
|-boost|p2a: Smeargle|atk|2
|-unboost|p2a: Smeargle|def|1
|upkeep
|turn|2
|inactive|bimbo mafioso has 30 seconds left.
|
|t:|1750759134
|switch|p1a: Incineroar|Incineroar, L50, M|100/100
|-ability|p1a: Incineroar|Intimidate|boost
|-unboost|p2a: Smeargle|atk|1
|-unboost|p2b: Calyrex|atk|1
|move|p1b: Zamazenta|Protect|p1b: Zamazenta
|-singleturn|p1b: Zamazenta|Protect
|move|p2a: Smeargle|Follow Me|p2a: Smeargle
|-singleturn|p2a: Smeargle|move: Follow Me
|move|p2b: Calyrex|Psychic|p1a: Incineroar
|-immune|p1a: Incineroar
|
|-ability|p2a: Smeargle|Moody|boost
|-boost|p2a: Smeargle|spa|2
|-unboost|p2a: Smeargle|def|1
|upkeep
|turn|3
|j| Hy3llo
|
|t:|1750759155
|move|p2b: Calyrex|Protect|p2b: Calyrex
|-singleturn|p2b: Calyrex|Protect
|move|p1a: Incineroar|Fake Out|p2a: Smeargle
|-damage|p2a: Smeargle|59/100
|move|p1b: Zamazenta|Body Press|p2a: Smeargle
|-supereffective|p2a: Smeargle
|-damage|p2a: Smeargle|0 fnt
|faint|p2a: Smeargle
|
|upkeep
|j| misty goggles vgc
|j| irufuse
|l| misty goggles vgc
|j| Iamsliverfish
|
|t:|1750759163
|switch|p2a: Koraidon|Koraidon, L50|100/100
|-weather|SunnyDay|[from] ability: Orichalcum Pulse|[of] p2a: Koraidon
|-activate|p2a: Koraidon|Orichalcum Pulse|[source]
|turn|4
|j| Indigo mask
|inactive|bimbo mafioso has 30 seconds left.
|l| Indigo mask
|inactive|bimbo mafioso has 20 seconds left.
|inactive|bimbo mafioso has 15 seconds left.
|inactive|bimbo mafioso has 10 seconds left.
|inactive|bimbo mafioso has 5 seconds left.
|
|t:|1750759214
|move|p2b: Calyrex|Astral Barrage|p1b: Zamazenta|[spread] p1a,p1b
|-resisted|p1a: Incineroar
|-damage|p1a: Incineroar|55/100
|-damage|p1b: Zamazenta|11/100
|move|p2a: Koraidon|Close Combat|p1a: Incineroar
|-supereffective|p1a: Incineroar
|-damage|p1a: Incineroar|0 fnt
|-unboost|p2a: Koraidon|def|1
|-unboost|p2a: Koraidon|spd|1
|-damage|p2a: Koraidon|84/100|[from] item: Rocky Helmet|[of] p1a: Incineroar
|faint|p1a: Incineroar
|-damage|p2a: Koraidon|75/100|[from] item: Life Orb
|move|p1b: Zamazenta|Body Press|p2a: Koraidon
|-damage|p2a: Koraidon|0 fnt
|faint|p2a: Koraidon
|
|-weather|SunnyDay|[upkeep]
|upkeep
|
|t:|1750759229
|switch|p2a: Chi-Yu|Chi-Yu, L50|100/100
|switch|p1a: Calyrex|Calyrex-Shadow, L50|100/100
|-ability|p1a: Calyrex|As One
|-ability|p1a: Calyrex|Unnerve
|-ability|p2a: Chi-Yu|Beads of Ruin
|turn|5
|
|t:|1750759245
|move|p1a: Calyrex|Protect|p1a: Calyrex
|-singleturn|p1a: Calyrex|Protect
|move|p1b: Zamazenta|Protect|p1b: Zamazenta
|-singleturn|p1b: Zamazenta|Protect
|move|p2a: Chi-Yu|Overheat|p1a: Calyrex
|-activate|p1a: Calyrex|move: Protect
|move|p2b: Calyrex|Psychic|p1b: Zamazenta
|-activate|p1b: Zamazenta|move: Protect
|
|-weather|SunnyDay|[upkeep]
|upkeep
|turn|6
|
|t:|1750759265
|switch|p1a: Ogerpon|Ogerpon-Cornerstone, L50, F|97/100
|-terastallize|p2b: Calyrex|Dark
|move|p1b: Zamazenta|Protect||[still]
|-fail|p1b: Zamazenta
|move|p2a: Chi-Yu|Overheat|p1a: Ogerpon
|-damage|p1a: Ogerpon|0 fnt
|-unboost|p2a: Chi-Yu|spa|2
|faint|p1a: Ogerpon
|move|p2b: Calyrex|Psychic|p1b: Zamazenta
|-damage|p1b: Zamazenta|0 fnt
|faint|p1b: Zamazenta
|-ability|p2b: Calyrex|Grim Neigh|boost
|-boost|p2b: Calyrex|spa|1
|
|-weather|SunnyDay|[upkeep]
|upkeep
|
|t:|1750759278
|switch|p1b: Calyrex|Calyrex-Shadow, L50|100/100
|-ability|p1b: Calyrex|As One
|-ability|p1b: Calyrex|Unnerve
|turn|7
|c|☆bimbo mafioso|ggs bro
|
|t:|1750759286
|-terastallize|p1b: Calyrex|Dark
|move|p2a: Chi-Yu|Overheat|p1b: Calyrex
|-damage|p1b: Calyrex|22/100
|-unboost|p2a: Chi-Yu|spa|2
|move|p1b: Calyrex|Astral Barrage|p2a: Chi-Yu|[spread] p2a,p2b
|-resisted|p2a: Chi-Yu
|-resisted|p2b: Calyrex
|-damage|p2a: Chi-Yu|59/100
|-damage|p2b: Calyrex|3/100
|-damage|p1b: Calyrex|13/100|[from] item: Life Orb
|move|p2b: Calyrex|Astral Barrage|p1b: Calyrex
|-resisted|p1b: Calyrex
|-damage|p1b: Calyrex|0 fnt
|faint|p1b: Calyrex
|
|win|Gurrasnurra5
|n|☆bimbo mafioso|bimbomafioso
|n|☆Gurrasnurra5|gurrasnurra5
|n| Hy3llo|hy3llo
|n| irufuse|irufuse
|n| Iamsliverfish|iamsliverfish
|c|☆Gurrasnurra5|ggwp!
|l|☆Gurrasnurra5
|player|p2|
|l| irufuse
|l| Hy3llo
|l| Iamsliverfish
