|j|☆GoofballBTW
|j|☆Cloud Uwu
|t:|1750870500
|gametype|doubles
|player|p1|GoofballBTW|sonia|1328
|player|p2|Cloud Uwu|parasollady|1280
|teamsize|p1|6
|teamsize|p2|6
|gen|9
|tier|[Gen 9] VGC 2025 Reg I
|rated|
|rule|Species Clause: Limit one of each Pokémon
|rule|Item Clause: Limit 1 of each item
|clearpoke
|poke|p1|Lunala, L50|
|poke|p1|Incineroar, L50, F|
|poke|p1|Miraidon, L50|
|poke|p1|Urshifu-*, L50, M|
|poke|p1|Grimmsnarl, L50, M|
|poke|p1|Ursaluna, L50, F|
|poke|p2|Terapagos, L50, M|
|poke|p2|Kyogre, L50|
|poke|p2|Tsareena, L50, F|
|poke|p2|Talonflame, L50, F|
|poke|p2|Clefairy, L50, F|
|poke|p2|Smeargle, L50, F|
|teampreview|4
Cloud Uwu rejected open team sheets.
|inactive|Battle timer is ON: inactive players will automatically lose when time's up. (requested by GoofballBTW)
|
|t:|1750870515
|start
|switch|p1a: Miraidon|Miraidon, L50|100/100
|switch|p1b: Lunala|Lunala, L50|100/100
|switch|p2a: Paige|Terapagos, L50, M|100/100
|switch|p2b: Frida|Smeargle, L50, F, shiny|100/100
|-activate|p2a: Paige|ability: Tera Shift
|detailschange|p2a: Paige|Terapagos-Terastal, L50, M
|-heal|p2a: Paige|100/100|[silent]
|-fieldstart|move: Electric Terrain|[from] ability: Hadron Engine|[of] p1a: Miraidon
|-enditem|p1b: Lunala|Electric Seed
|-boost|p1b: Lunala|def|1|[from] item: Electric Seed
|turn|1
|
|t:|1750870537
|-terastallize|p2a: Paige|Stellar
|detailschange|p2a: Paige|Terapagos-Stellar, L50, M, tera:Stellar
|-heal|p2a: Paige|100/100|[silent]
|-ability|p2a: Paige|Teraform Zero
|-fieldend|move: Electric Terrain
|move|p2a: Paige|Protect|p2a: Paige
|-singleturn|p2a: Paige|Protect
|move|p1a: Miraidon|Volt Switch|p2a: Paige
|-activate|p2a: Paige|move: Protect
|move|p2b: Frida|Spore|p1a: Miraidon
|-status|p1a: Miraidon|slp|[from] move: Spore
|move|p1b: Lunala|Trick Room|p1b: Lunala
|-fieldstart|move: Trick Room|[of] p1b: Lunala
|
|upkeep
|turn|2
|
|t:|1750870558
|move|p2a: Paige|Tera Starstorm|p1a: Miraidon|[spread] p1a,p1b
|-damage|p1a: Miraidon|80/100 slp
|-damage|p1b: Lunala|86/100
|move|p1b: Lunala|Moonblast|p2a: Paige
|-damage|p2a: Paige|78/100
|-unboost|p2a: Paige|spa|1
|move|p2b: Frida|Decorate|p2a: Paige
|-boost|p2a: Paige|atk|2
|-boost|p2a: Paige|spa|2
|cant|p1a: Miraidon|slp
|
|-heal|p2a: Paige|84/100|[from] item: Leftovers
|upkeep
|turn|3
|
|t:|1750870578
|move|p2a: Paige|Protect|p2a: Paige
|-singleturn|p2a: Paige|Protect
|move|p1b: Lunala|Wide Guard|p1b: Lunala
|-singleturn|p1b: Lunala|Wide Guard
|move|p2b: Frida|Decorate|p2a: Paige
|-boost|p2a: Paige|atk|2
|-boost|p2a: Paige|spa|2
|cant|p1a: Miraidon|slp
|
|-heal|p2a: Paige|90/100|[from] item: Leftovers
|upkeep
|turn|4
|
|t:|1750870590
|move|p1b: Lunala|Wide Guard|p1b: Lunala
|-singleturn|p1b: Lunala|Wide Guard
|move|p2a: Paige|Earth Power|p1a: Miraidon
|-supereffective|p1a: Miraidon
|-damage|p1a: Miraidon|0 fnt
|faint|p1a: Miraidon
|move|p2b: Frida|Spore|p1b: Lunala
|-status|p1b: Lunala|slp|[from] move: Spore
|
|-heal|p2a: Paige|96/100|[from] item: Leftovers
|upkeep
|
|t:|1750870596
|switch|p1a: Ursaluna|Ursaluna, L50, F|100/100
|turn|5
|-message|GoofballBTW forfeited.
|
|win|Cloud Uwu
|raw|GoofballBTW's rating: 1328 &rarr; <strong>1305</strong><br />(-23 for losing)
|raw|Cloud Uwu's rating: 1280 &rarr; <strong>1308</strong><br />(+28 for winning)
|l|☆GoofballBTW
|player|p1|
