|j|☆nicopejo
|j|☆rtuyiopyuoihooo
|t:|1750856317
|gametype|doubles
|player|p1|nicopejo|blaine|1183
|player|p2|rtuyiopyuoihooo|will|1082
|teamsize|p1|6
|teamsize|p2|6
|gen|9
|tier|[Gen 9] VGC 2025 Reg I
|rated|
|rule|Species Clause: Limit one of each Pokémon
|rule|Item Clause: Limit 1 of each item
|clearpoke
|poke|p1|Miraidon, L50|
|poke|p1|Kyogre, L50|
|poke|p1|Iron Hands, L50|
|poke|p1|Farigiraf, L50, F|
|poke|p1|Regieleki, L50|
|poke|p1|Ogerpon-Wellspring, L50, F|
|poke|p2|Clodsire, L50, F|
|poke|p2|Regieleki, L50|
|poke|p2|Dragonite, L50, M|
|poke|p2|Calyrex-Shadow, L50|
|poke|p2|Kingambit, L50, F|
|poke|p2|Magmortar, L50, F|
|teampreview|4
|
|t:|1750856332
|start
|switch|p1a: Miraidon|Miraidon, L50|100/100
|switch|p1b: Regieleki|Regieleki, L50|100/100
|switch|p2a: Regieleki|Regieleki, L50|100/100
|switch|p2b: Dragonite|Dragonite, L50, M|100/100
|-fieldstart|move: Electric Terrain|[from] ability: Hadron Engine|[of] p1a: Miraidon
|turn|1
|inactive|Battle timer is ON: inactive players will automatically lose when time's up. (requested by rtuyiopyuoihooo)
|
|t:|1750856373
|-terastallize|p1a: Miraidon|Fairy
|-terastallize|p2b: Dragonite|Normal
|move|p2b: Dragonite|Extreme Speed|p1a: Miraidon
|-damage|p1a: Miraidon|48/100
|move|p2a: Regieleki|Electroweb|p1b: Regieleki|[spread] p1a,p1b
|-resisted|p1b: Regieleki
|-damage|p1a: Miraidon|18/100
|-damage|p1b: Regieleki|64/100
|-unboost|p1a: Miraidon|spe|1
|-unboost|p1b: Regieleki|spe|1
|move|p1b: Regieleki|Reflect|p1b: Regieleki
|-sidestart|p1: nicopejo|Reflect
|move|p1a: Miraidon|Calm Mind|p1a: Miraidon
|-boost|p1a: Miraidon|spa|1
|-boost|p1a: Miraidon|spd|1
|
|-heal|p1a: Miraidon|24/100|[from] item: Leftovers
|upkeep
|turn|2
|inactive|nicopejo has 30 seconds left.
|
|t:|1750856404
|move|p2a: Regieleki|Protect|p2a: Regieleki
|-singleturn|p2a: Regieleki|Protect
|move|p1a: Miraidon|Protect|p1a: Miraidon
|-singleturn|p1a: Miraidon|Protect
|move|p2b: Dragonite|Extreme Speed|p1a: Miraidon
|-activate|p1a: Miraidon|move: Protect
|move|p1b: Regieleki|Volt Switch|p2b: Dragonite
|-damage|p2b: Dragonite|46/100
|
|t:|1750856414
|switch|p1b: Iron Hands|Iron Hands, L50|100/100|[from] Volt Switch
|-enditem|p1b: Iron Hands|Electric Seed
|-boost|p1b: Iron Hands|def|1|[from] item: Electric Seed
|-activate|p1b: Iron Hands|ability: Quark Drive
|-start|p1b: Iron Hands|quarkdrivedef
|
|-heal|p1a: Miraidon|29/100|[from] item: Leftovers
|upkeep
|turn|3
|
|t:|1750856430
|move|p1b: Iron Hands|Fake Out|p2b: Dragonite
|-damage|p2b: Dragonite|34/100
|move|p2b: Dragonite|Extreme Speed|p1b: Iron Hands
|-damage|p1b: Iron Hands|84/100
|move|p2a: Regieleki|Volt Switch|p1a: Miraidon
|-damage|p1a: Miraidon|0 fnt
|faint|p1a: Miraidon
|
|t:|1750856434
|switch|p2a: Calyrex|Calyrex-Shadow, L50|100/100|[from] Volt Switch
|-ability|p2a: Calyrex|As One
|-ability|p2a: Calyrex|Unnerve
|
|upkeep
|
|t:|1750856448
|switch|p1a: Regieleki|Regieleki, L50|64/100
|turn|4
|
|t:|1750856461
|move|p2b: Dragonite|Extreme Speed|p1a: Regieleki
|-damage|p1a: Regieleki|0 fnt
|faint|p1a: Regieleki
|move|p2a: Calyrex|Astral Barrage|p1b: Iron Hands
|-damage|p1b: Iron Hands|35/100
|move|p1b: Iron Hands|Supercell Slam|p2a: Calyrex
|-damage|p2a: Calyrex|23/100
|
|upkeep
|
|t:|1750856472
|switch|p1a: Kyogre|Kyogre, L50|100/100
|-weather|RainDance|[from] ability: Drizzle|[of] p1a: Kyogre
|turn|5
|
|t:|1750856481
|move|p2b: Dragonite|Extreme Speed|p1a: Kyogre
|-damage|p1a: Kyogre|48/100
|move|p2a: Calyrex|Astral Barrage|p1a: Kyogre|[spread] p1a,p1b
|-damage|p1a: Kyogre|10/100
|-damage|p1b: Iron Hands|2/100
|move|p1a: Kyogre|Origin Pulse|p2a: Calyrex|[spread] p2a,p2b
|-damage|p2a: Calyrex|0 fnt
|-damage|p2b: Dragonite|0 fnt
|faint|p2a: Calyrex
|faint|p2b: Dragonite
|move|p1b: Iron Hands|Drain Punch|p2: Calyrex|[notarget]
|-fail|p1b: Iron Hands
|
|-weather|RainDance|[upkeep]
|-fieldend|move: Electric Terrain
|-end|p1b: Iron Hands|Quark Drive
|upkeep
|
|t:|1750856484
|switch|p2a: Regieleki|Regieleki, L50|100/100
|switch|p2b: Magmortar|Magmortar, L50, F|100/100
|turn|6
|
|t:|1750856505
|move|p1a: Kyogre|Protect|p1a: Kyogre
|-singleturn|p1a: Kyogre|Protect
|move|p2b: Magmortar|Follow Me|p2b: Magmortar
|-singleturn|p2b: Magmortar|move: Follow Me
|move|p2a: Regieleki|Electroweb|p1b: Iron Hands|[spread] p1b
|-activate|p1a: Kyogre|move: Protect
|-resisted|p1b: Iron Hands
|-damage|p1b: Iron Hands|0 fnt
|faint|p1b: Iron Hands
|-end|p1b: Iron Hands|Quark Drive|[silent]
|
|-weather|RainDance|[upkeep]
|upkeep
|turn|7
|-message|nicopejo forfeited.
|
|win|rtuyiopyuoihooo
|raw|nicopejo's rating: 1183 &rarr; <strong>1151</strong><br />(-32 for losing)
|raw|rtuyiopyuoihooo's rating: 1082 &rarr; <strong>1118</strong><br />(+36 for winning)
|l|☆nicopejo
|player|p1|
|l|☆rtuyiopyuoihooo
|player|p2|
