|j|☆Swiftstorm
|j|☆Marcel113
|t:|1750854242
|gametype|doubles
|player|p1|Swiftstorm|1|1340
|player|p2|Marcel113|266|1367
|teamsize|p1|6
|teamsize|p2|6
|gen|9
|tier|[Gen 9] VGC 2025 Reg I
|rated|
|rule|Species Clause: Limit one of each Pokémon
|rule|Item Clause: Limit 1 of each item
|clearpoke
|poke|p1|Zamazenta-*, L50|
|poke|p1|Eternatus, L50|
|poke|p1|Raichu, L50, M|
|poke|p1|Weavile, L50, F|
|poke|p1|Politoed, L50, M|
|poke|p1|Great Tusk, L50|
|poke|p2|Miraidon, L50|
|poke|p2|Incineroar, L50, F|
|poke|p2|Primarina, L50, M|
|poke|p2|Gothitelle, L50, F|
|poke|p2|Landorus, L50, M|
|poke|p2|Calyrex-Ice, L50|
|teampreview|4
Marcel113 has agreed to open team sheets.
|inactive|Battle timer is ON: inactive players will automatically lose when time's up. (requested by Marcel113)
|inactive|Swiftstorm has 60 seconds left.
|
|t:|1750854288
|start
|switch|p1a: Zamazenta|Zamazenta-Crowned, L50|100/100
|switch|p1b: Weavile|Weavile, L50, F|100/100
|switch|p2a: Incineroar|Incineroar, L50, F|100/100
|switch|p2b: Calyrex|Calyrex-Ice, L50|100/100
|-ability|p2b: Calyrex|As One
|-ability|p2b: Calyrex|Unnerve
|-ability|p1a: Zamazenta|Dauntless Shield|boost
|-boost|p1a: Zamazenta|def|1
|-ability|p2a: Incineroar|Intimidate|boost
|-unboost|p1a: Zamazenta|atk|1
|-unboost|p1b: Weavile|atk|1
|turn|1
|
|t:|1750854305
|switch|p1b: Politoed|Politoed, L50, M|100/100
|-weather|RainDance|[from] ability: Drizzle|[of] p1b: Politoed
|-terastallize|p2b: Calyrex|Water
|move|p1a: Zamazenta|Wide Guard|p1a: Zamazenta
|-singleturn|p1a: Zamazenta|Wide Guard
|move|p2a: Incineroar|Flare Blitz|p1b: Politoed
|-resisted|p1b: Politoed
|-damage|p1b: Politoed|90/100
|-damage|p2a: Incineroar|97/100|[from] Recoil
|move|p2b: Calyrex|Glacial Lance|p1b: Politoed|[spread] 
|-activate|p1a: Zamazenta|move: Wide Guard
|-activate|p1b: Politoed|move: Wide Guard
|
|-weather|RainDance|[upkeep]
|-heal|p1b: Politoed|96/100|[from] item: Leftovers
|upkeep
|turn|2
|inactive|Marcel113 has 30 seconds left.
|
|t:|1750854336
|switch|p2b: Miraidon|Miraidon, L50|100/100
|-fieldstart|move: Electric Terrain|[from] ability: Hadron Engine|[of] p2b: Miraidon
|move|p1a: Zamazenta|Iron Defense|p1a: Zamazenta
|-boost|p1a: Zamazenta|def|2
|move|p2a: Incineroar|U-turn|p1b: Politoed
|-damage|p1b: Politoed|77/100
|
|t:|1750854345
|switch|p2a: Calyrex|Calyrex-Ice, L50, tera:Water|100/100|[from] U-turn
|-ability|p2a: Calyrex|As One
|-ability|p2a: Calyrex|Unnerve
|move|p1b: Politoed|Weather Ball|p2a: Calyrex
|-resisted|p2a: Calyrex
|-damage|p2a: Calyrex|85/100
|
|-weather|RainDance|[upkeep]
|-heal|p1b: Politoed|83/100|[from] item: Leftovers
|upkeep
|turn|3
|
|t:|1750854367
|switch|p1b: Raichu|Raichu, L50, M|100/100
|move|p2b: Miraidon|Electro Drift|p1b: Raichu
|-activate|p1b: Raichu|ability: Lightning Rod
|-ability|p1b: Raichu|Lightning Rod|boost
|-boost|p1b: Raichu|spa|1
|move|p1a: Zamazenta|Body Press|p2b: Miraidon
|-damage|p2b: Miraidon|8/100
|move|p2a: Calyrex|High Horsepower|p1b: Raichu
|-supereffective|p1b: Raichu
|-damage|p1b: Raichu|0 fnt
|faint|p1b: Raichu
|-ability|p2a: Calyrex|Chilling Neigh|boost
|-boost|p2a: Calyrex|atk|1
|
|-weather|RainDance|[upkeep]
|upkeep
|
|t:|1750854384
|switch|p1b: Weavile|Weavile, L50, F|100/100
|turn|4
|
|t:|1750854393
|switch|p2b: Incineroar|Incineroar, L50, F|97/100
|-ability|p2b: Incineroar|Intimidate|boost
|-unboost|p1a: Zamazenta|atk|1
|-unboost|p1b: Weavile|atk|1
|move|p1b: Weavile|Ice Shard|p2b: Incineroar
|-resisted|p2b: Incineroar
|-damage|p2b: Incineroar|91/100
|move|p1a: Zamazenta|Iron Defense|p1a: Zamazenta
|-boost|p1a: Zamazenta|def|2
|move|p2a: Calyrex|High Horsepower|p1b: Weavile
|-enditem|p1b: Weavile|Focus Sash
|-damage|p1b: Weavile|1/100
|-enditem|p2a: Calyrex|Choice Band|[silent]|[from] ability: Pickpocket|[of] p2a: Calyrex
|-item|p1b: Weavile|Choice Band|[from] ability: Pickpocket|[of] p2a: Calyrex
|
|-weather|RainDance|[upkeep]
|upkeep
|turn|5
|inactive|Marcel113 has 30 seconds left.
|
|t:|1750854421
|move|p1b: Weavile|Protect|p1b: Weavile
|-singleturn|p1b: Weavile|Protect
|move|p1a: Zamazenta|Protect|p1a: Zamazenta
|-singleturn|p1a: Zamazenta|Protect
|move|p2b: Incineroar|Fake Out|p1a: Zamazenta
|-activate|p1a: Zamazenta|move: Protect
|move|p2a: Calyrex|High Horsepower|p1a: Zamazenta
|-activate|p1a: Zamazenta|move: Protect
|
|-weather|none
|upkeep
|turn|6
|
|t:|1750854443
|switch|p1b: Politoed|Politoed, L50, M|83/100
|-weather|RainDance|[from] ability: Drizzle|[of] p1b: Politoed
|move|p1a: Zamazenta|Body Press|p2a: Calyrex
|-damage|p2a: Calyrex|0 fnt
|faint|p2a: Calyrex
|move|p2b: Incineroar|U-turn|p1a: Zamazenta
|-resisted|p1a: Zamazenta
|-damage|p1a: Zamazenta|99/100
|
|t:|1750854454
|switch|p2b: Landorus|Landorus, L50, M|100/100|[from] U-turn
|
|-weather|RainDance|[upkeep]
|-heal|p1b: Politoed|89/100|[from] item: Leftovers
|-fieldend|move: Electric Terrain
|upkeep
|
|t:|1750854460
|switch|p2a: Miraidon|Miraidon, L50|8/100
|-fieldstart|move: Electric Terrain|[from] ability: Hadron Engine|[of] p2a: Miraidon
|turn|7
|
|t:|1750854472
|move|p1a: Zamazenta|Protect|p1a: Zamazenta
|-singleturn|p1a: Zamazenta|Protect
|move|p2a: Miraidon|Electro Drift|p1a: Zamazenta
|-activate|p1a: Zamazenta|move: Protect
|move|p2b: Landorus|U-turn|p1b: Politoed
|-damage|p1b: Politoed|65/100
|-damage|p2b: Landorus|91/100|[from] item: Life Orb
|
|t:|1750854483
|switch|p2b: Incineroar|Incineroar, L50, F|91/100|[from] U-turn
|-ability|p2b: Incineroar|Intimidate|boost
|-unboost|p1a: Zamazenta|atk|1
|-unboost|p1b: Politoed|atk|1
|move|p1b: Politoed|Icy Wind|p2b: Incineroar|[spread] p2a,p2b
|-supereffective|p2a: Miraidon
|-resisted|p2b: Incineroar
|-damage|p2a: Miraidon|0 fnt
|-damage|p2b: Incineroar|88/100
|-unboost|p2b: Incineroar|spe|1
|faint|p2a: Miraidon
|
|-weather|RainDance|[upkeep]
|-heal|p1b: Politoed|72/100|[from] item: Leftovers
|upkeep
|
|t:|1750854495
|switch|p2a: Landorus|Landorus, L50, M|91/100
|turn|8
|
|t:|1750854501
|-terastallize|p1a: Zamazenta|Grass
|move|p2b: Incineroar|Fake Out|p1a: Zamazenta
|-damage|p1a: Zamazenta|98/100
|cant|p1a: Zamazenta|flinch
|move|p2a: Landorus|Earth Power|p1a: Zamazenta
|-resisted|p1a: Zamazenta
|-crit|p1a: Zamazenta
|-damage|p1a: Zamazenta|59/100
|move|p1b: Politoed|Weather Ball|p2a: Landorus
|-supereffective|p2a: Landorus
|-damage|p2a: Landorus|0 fnt
|faint|p2a: Landorus
|
|-weather|RainDance|[upkeep]
|-heal|p1b: Politoed|78/100|[from] item: Leftovers
|upkeep
|turn|9
|c|☆Marcel113|gg wp
|
|t:|1750854524
|move|p1a: Zamazenta|Body Press|p2b: Incineroar
|-supereffective|p2b: Incineroar
|-damage|p2b: Incineroar|0 fnt
|faint|p2b: Incineroar
|
|win|Swiftstorm
|raw|Swiftstorm's rating: 1340 &rarr; <strong>1362</strong><br />(+22 for winning)
|raw|Marcel113's rating: 1367 &rarr; <strong>1345</strong><br />(-22 for losing)
|l|☆Swiftstorm
|player|p1|
