|j|☆shef603
|j|☆crayons_7110
|t:|1750797727
|gametype|doubles
|player|p1|shef603|steven|1426
|player|p2|crayons_7110|2|1416
|teamsize|p1|6
|teamsize|p2|6
|gen|9
|tier|[Gen 9] VGC 2025 Reg I
|rated|
|rule|Species Clause: Limit one of each Pokémon
|rule|Item Clause: Limit 1 of each item
|clearpoke
|poke|p1|Calyrex-Ice, L50|
|poke|p1|Miraidon, L50|
|poke|p1|Incineroar, L50, F|
|poke|p1|Iron Hands, L50|
|poke|p1|Farigiraf, L50, F|
|poke|p1|Seedot, L50, F|
|poke|p2|Kyogre, L50|
|poke|p2|Zacian-*, L50|
|poke|p2|Amoonguss, L50, M|
|poke|p2|Incineroar, L50, F|
|poke|p2|Urshifu-*, L50, F|
|poke|p2|Farigiraf, L50, F|
|teampreview|4
|inactive|Battle timer is ON: inactive players will automatically lose when time's up. (requested by crayons_7110)
|inactive|crayons_7110 has 60 seconds left.
|c|☆crayons_7110|Seedot is cool
|inactive|crayons_7110 has 30 seconds left.
|c|☆shef603|oh yeah
|inactive|crayons_7110 has 20 seconds left.
|
|t:|1750797799
|start
|switch|p1a: Miraidon|Miraidon, L50|100/100
|switch|p1b: Farigiraf|Farigiraf, L50, F|100/100
|switch|p2a: Kyogre|Kyogre, L50|100/100
|switch|p2b: Farigiraf|Farigiraf, L50, F|100/100
|-weather|RainDance|[from] ability: Drizzle|[of] p2a: Kyogre
|-fieldstart|move: Electric Terrain|[from] ability: Hadron Engine|[of] p1a: Miraidon
|-enditem|p1b: Farigiraf|Electric Seed
|-boost|p1b: Farigiraf|def|1|[from] item: Electric Seed
|turn|1
|c|☆crayons_7110|Do you use him or is he just there for support?
|inactive|shef603 has 30 seconds left.
|inactive|shef603 has 20 seconds left.
|inactive|shef603 has 15 seconds left.
|inactive|shef603 has 10 seconds left.
|c|☆shef603|support but he comes in sometimes. only usable in bo1 closed team sheet really lol
|
|t:|1750797846
|-terastallize|p2a: Kyogre|Grass
|move|p2b: Farigiraf|Helping Hand|p2a: Kyogre
|-singleturn|p2a: Kyogre|Helping Hand|[of] p2b: Farigiraf
|move|p2a: Kyogre|Water Spout|p1a: Miraidon|[spread] p1a,p1b
|-resisted|p1a: Miraidon
|-damage|p1a: Miraidon|37/100
|-damage|p1b: Farigiraf|0 fnt
|faint|p1b: Farigiraf
|move|p1a: Miraidon|Volt Switch|p2b: Farigiraf
|-damage|p2b: Farigiraf|19/100
|-enditem|p2b: Farigiraf|Sitrus Berry|[eat]
|-heal|p2b: Farigiraf|44/100|[from] item: Sitrus Berry
|c|☆crayons_7110|Lol
|
|t:|1750797862
|switch|p1a: Calyrex|Calyrex-Ice, L50|100/100|[from] Volt Switch
|-ability|p1a: Calyrex|As One
|-ability|p1a: Calyrex|Unnerve
|
|-weather|RainDance|[upkeep]
|upkeep
|
|t:|1750797877
|switch|p1b: Seedot|Seedot, L50, F|100/100
|turn|2
|c|☆crayons_7110|What does he do
|c|☆crayons_7110|Or I’ll see I guess
|inactive|shef603 has 30 seconds left.
|inactive|crayons_7110 has 30 seconds left.
|c|☆shef603|i'll try and show it if i can
|inactive|crayons_7110 has 20 seconds left.
|inactive|crayons_7110 has 15 seconds left.
|inactive|crayons_7110 has 10 seconds left.
|inactive|crayons_7110 has 5 seconds left.
|
|t:|1750797928
|-terastallize|p1a: Calyrex|Water
|move|p2b: Farigiraf|Helping Hand|p2a: Kyogre
|-singleturn|p2a: Kyogre|Helping Hand|[of] p2b: Farigiraf
|move|p2a: Kyogre|Water Spout|p1a: Calyrex|[spread] p1a,p1b
|-resisted|p1a: Calyrex
|-resisted|p1b: Seedot
|-damage|p1a: Calyrex|47/100
|-enditem|p1b: Seedot|Focus Sash
|-damage|p1b: Seedot|1/100
|move|p1b: Seedot|Endeavor|p2a: Kyogre
|-damage|p2a: Kyogre|1/100
|move|p1a: Calyrex|Trick Room|p1a: Calyrex
|-fieldstart|move: Trick Room|[of] p1a: Calyrex
|
|-weather|RainDance|[upkeep]
|upkeep
|turn|3
|c|☆crayons_7110|Cool
|inactive|shef603 has 30 seconds left.
|
|t:|1750797955
|move|p1b: Seedot|Endure|p1b: Seedot
|-singleturn|p1b: Seedot|move: Endure
|move|p1a: Calyrex|Glacial Lance|p2b: Farigiraf|[spread] p2a,p2b
|-supereffective|p2a: Kyogre
|-damage|p2a: Kyogre|0 fnt
|-damage|p2b: Farigiraf|0 fnt
|faint|p2a: Kyogre
|faint|p2b: Farigiraf
|-ability|p1a: Calyrex|Chilling Neigh|boost
|-boost|p1a: Calyrex|atk|2
|
|-weather|RainDance|[upkeep]
|upkeep
|c|☆crayons_7110|I had to surch if it gets wide guard lol
|
|t:|1750797970
|switch|p2b: Incineroar|Incineroar, L50, F|100/100
|switch|p2a: Zacian|Zacian-Crowned, L50|100/100
|-ability|p2b: Incineroar|Intimidate|boost
|-fail|p1a: Calyrex|unboost|[from] item: Clear Amulet|[of] p1a: Calyrex
|-unboost|p1b: Seedot|atk|1
|-ability|p2a: Zacian|Intrepid Sword|boost
|-boost|p2a: Zacian|atk|1
|turn|4
|c|☆shef603|haha
|
|t:|1750797989
|move|p1b: Seedot|Endure||[still]
|-fail|p1b: Seedot
|move|p1a: Calyrex|Protect|p1a: Calyrex
|-singleturn|p1a: Calyrex|Protect
|move|p2b: Incineroar|Fake Out|p1a: Calyrex
|-activate|p1a: Calyrex|move: Protect
|move|p2a: Zacian|Play Rough|p1a: Calyrex
|-activate|p1a: Calyrex|move: Protect
|
|-weather|RainDance|[upkeep]
|upkeep
|turn|5
|c|☆crayons_7110|I’ve see. To many random pokemon
|inactive|crayons_7110 has 30 seconds left.
|
|t:|1750798022
|move|p2a: Zacian|Protect|p2a: Zacian
|-singleturn|p2a: Zacian|Protect
|move|p1b: Seedot|Endeavor|p2a: Zacian
|-activate|p2a: Zacian|move: Protect
|move|p1a: Calyrex|High Horsepower|p2b: Incineroar
|-supereffective|p2b: Incineroar
|-damage|p2b: Incineroar|0 fnt
|faint|p2b: Incineroar
|-ability|p1a: Calyrex|Chilling Neigh|boost
|-boost|p1a: Calyrex|atk|1
|
|-weather|none
|-fieldend|move: Electric Terrain
|upkeep
|turn|6
|
|t:|1750798039
|move|p2a: Zacian|Protect||[still]
|-fail|p2a: Zacian
|move|p1b: Seedot|Endeavor|p2a: Zacian
|-damage|p2a: Zacian|1/100
|move|p1a: Calyrex|Glacial Lance|p2a: Zacian
|-resisted|p2a: Zacian
|-damage|p2a: Zacian|0 fnt
|faint|p2a: Zacian
|
|win|shef603
|raw|shef603's rating: 1426 &rarr; <strong>1445</strong><br />(+19 for winning)
|raw|crayons_7110's rating: 1416 &rarr; <strong>1397</strong><br />(-19 for losing)
|c|☆crayons_7110|Gg
|c|☆shef603|gg
|l|☆crayons_7110
|player|p2|
|l|☆shef603
|player|p1|
