|j|☆chico linguiceta
|j|☆Epicveggie
|t:|1750828057
|gametype|doubles
|player|p1|chico linguiceta|harlequin|1336
|player|p2|Epicveggie|waiter-gen4dp|1259
|teamsize|p1|6
|teamsize|p2|6
|gen|9
|tier|[Gen 9] VGC 2025 Reg I
|rated|
|rule|Species Clause: Limit one of each Pokémon
|rule|Item Clause: Limit 1 of each item
|clearpoke
|poke|p1|Incineroar, L50, F|
|poke|p1|Calyrex-Ice, L50|
|poke|p1|Indeedee-F, L50, F|
|poke|p1|Ursaluna-Bloodmoon, L50, M|
|poke|p1|Oranguru, L50, M|
|poke|p1|Poliwrath, L50, F|
|poke|p2|Koraidon, L50|
|poke|p2|Incineroar, L50, M|
|poke|p2|Calyrex-Shadow, L50|
|poke|p2|Rillaboom, L50, F|
|poke|p2|Urshifu-*, L50, M|
|poke|p2|Jumpluff, L50, F|
|teampreview|4
|inactive|Battle timer is ON: inactive players will automatically lose when time's up. (requested by Epicveggie)
|j| poorboywinston
|inactive|Epicveggie has 60 seconds left.
|
|t:|1750828109
|start
|switch|p1a: Oranguru|Oranguru, L50, M, shiny|100/100
|switch|p1b: Incineroar|Incineroar, L50, F, shiny|100/100
|switch|p2a: Urshifu|Urshifu, L50, M|100/100
|switch|p2b: Koraidon|Koraidon, L50|100/100
|-weather|SunnyDay|[from] ability: Orichalcum Pulse|[of] p2b: Koraidon
|-activate|p2b: Koraidon|Orichalcum Pulse|[source]
|-ability|p1b: Incineroar|Intimidate|boost
|-unboost|p2a: Urshifu|atk|1
|-unboost|p2b: Koraidon|atk|1
|turn|1
|inactive|Epicveggie has 30 seconds left.
|inactive|Epicveggie has 20 seconds left.
|
|t:|1750828147
|move|p1b: Incineroar|Fake Out|p2b: Koraidon
|-damage|p2b: Koraidon|91/100
|cant|p2b: Koraidon|flinch
|move|p2a: Urshifu|Wicked Blow|p1a: Oranguru
|-supereffective|p1a: Oranguru
|-crit|p1a: Oranguru
|-damage|p1a: Oranguru|0 fnt
|faint|p1a: Oranguru
|
|-weather|SunnyDay|[upkeep]
|upkeep
|c| poorboywinston|wow. just one restricted chico?
|inactive|chico linguiceta has 30 seconds left.
|
|t:|1750828173
|switch|p1a: Calyrex|Calyrex-Ice, L50|100/100
|-ability|p1a: Calyrex|As One
|-ability|p1a: Calyrex|Unnerve
|turn|2
|
|t:|1750828188
|-terastallize|p1a: Calyrex|Dragon
|move|p2b: Koraidon|Flare Blitz|p1a: Calyrex
|-resisted|p1a: Calyrex
|-damage|p1a: Calyrex|82/100
|-damage|p2b: Koraidon|84/100|[from] Recoil
|-damage|p2b: Koraidon|74/100|[from] item: Life Orb
|move|p2a: Urshifu|Wicked Blow|p1a: Calyrex
|-crit|p1a: Calyrex
|-damage|p1a: Calyrex|42/100
|move|p1b: Incineroar|Will-O-Wisp|p2a: Urshifu
|-status|p2a: Urshifu|brn
|move|p1a: Calyrex|Glacial Lance|p2b: Koraidon|[spread] p2a,p2b
|-supereffective|p2b: Koraidon
|-damage|p2a: Urshifu|4/100 brn
|-damage|p2b: Koraidon|0 fnt
|faint|p2b: Koraidon
|-ability|p1a: Calyrex|Chilling Neigh|boost
|-boost|p1a: Calyrex|atk|1
|
|-weather|SunnyDay|[upkeep]
|-damage|p2a: Urshifu|0 fnt|[from] brn
|faint|p2a: Urshifu
|upkeep
|
|t:|1750828210
|switch|p2b: Jumpluff|Jumpluff, L50, F|100/100
|switch|p2a: Incineroar|Incineroar, L50, M, shiny|100/100
|-ability|p2a: Incineroar|Intimidate|boost
|-unboost|p1a: Calyrex|atk|1
|-unboost|p1b: Incineroar|atk|1
|turn|3
|
|t:|1750828232
|move|p2a: Incineroar|Fake Out|p1b: Incineroar
|-damage|p1b: Incineroar|92/100
|-enditem|p1b: Incineroar|Eject Button
|
|t:|1750828235
|switch|p1b: Ursaluna|Ursaluna-Bloodmoon, L50, M|100/100
|move|p2b: Jumpluff|Sleep Powder|p1a: Calyrex
|-status|p1a: Calyrex|slp|[from] move: Sleep Powder
|cant|p1a: Calyrex|slp
|
|-weather|SunnyDay|[upkeep]
|upkeep
|turn|4
|l| poorboywinston
|
|t:|1750828249
|switch|p1a: Incineroar|Incineroar, L50, F, shiny|92/100
|-ability|p1a: Incineroar|Intimidate|boost
|-unboost|p2a: Incineroar|atk|1
|-unboost|p2b: Jumpluff|atk|1
|move|p2b: Jumpluff|Sleep Powder|p1b: Ursaluna|[miss]
|-miss|p2b: Jumpluff|p1b: Ursaluna
|move|p2a: Incineroar|Knock Off|p1a: Incineroar
|-resisted|p1a: Incineroar
|-damage|p1a: Incineroar|84/100
|move|p1b: Ursaluna|Hyper Voice|p2a: Incineroar|[spread] p2a,p2b
|-damage|p2a: Incineroar|63/100
|-damage|p2b: Jumpluff|45/100
|-damage|p1b: Ursaluna|90/100|[from] item: Life Orb
|
|-weather|SunnyDay|[upkeep]
|upkeep
|turn|5
|inactive|Epicveggie has 30 seconds left.
|inactive|Epicveggie has 20 seconds left.
|inactive|Epicveggie has 15 seconds left.
|
|t:|1750828291
|switch|p1a: Calyrex|Calyrex-Ice, L50, tera:Dragon|42/100 slp
|-ability|p1a: Calyrex|As One
|-ability|p1a: Calyrex|Unnerve
|move|p2b: Jumpluff|Sleep Powder|p1a: Calyrex
|-fail|p1a: Calyrex|slp
|move|p2a: Incineroar|Knock Off|p1b: Ursaluna
|-damage|p1b: Ursaluna|71/100
|-enditem|p1b: Ursaluna|Life Orb|[from] move: Knock Off|[of] p2a: Incineroar
|move|p1b: Ursaluna|Hyper Voice|p2b: Jumpluff|[spread] p2a,p2b
|-damage|p2a: Incineroar|30/100
|-damage|p2b: Jumpluff|7/100
|
|-weather|none
|upkeep
|turn|6
|
|t:|1750828314
|switch|p1a: Incineroar|Incineroar, L50, F, shiny|84/100
|-ability|p1a: Incineroar|Intimidate|boost
|-unboost|p2a: Incineroar|atk|1
|-unboost|p2b: Jumpluff|atk|1
|move|p2b: Jumpluff|Sleep Powder|p1b: Ursaluna
|-status|p1b: Ursaluna|slp|[from] move: Sleep Powder
|move|p2a: Incineroar|Knock Off|p1a: Incineroar
|-resisted|p1a: Incineroar
|-damage|p1a: Incineroar|78/100
|cant|p1b: Ursaluna|slp
|
|upkeep
|turn|7
|
|t:|1750828332
|move|p2b: Jumpluff|Protect|p2b: Jumpluff
|-singleturn|p2b: Jumpluff|Protect
|move|p1a: Incineroar|Fake Out|p2b: Jumpluff
|-activate|p2b: Jumpluff|move: Protect
|move|p2a: Incineroar|Flare Blitz|p1b: Ursaluna
|-damage|p1b: Ursaluna|54/100 slp
|-damage|p2a: Incineroar|24/100|[from] Recoil
|cant|p1b: Ursaluna|slp
|
|upkeep
|turn|8
|c|☆chico linguiceta|gg wp
|
|t:|1750828347
|switch|p1a: Calyrex|Calyrex-Ice, L50, tera:Dragon|42/100 slp
|-ability|p1a: Calyrex|As One
|-ability|p1a: Calyrex|Unnerve
|move|p2b: Jumpluff|Encore||[still]
|-fail|p2b: Jumpluff
|move|p2a: Incineroar|Knock Off|p1a: Calyrex
|-damage|p1a: Calyrex|30/100 slp
|-enditem|p1a: Calyrex|Choice Band|[from] move: Knock Off|[of] p2a: Incineroar
|-curestatus|p1b: Ursaluna|slp|[msg]
|move|p1b: Ursaluna|Hyper Voice|p2b: Jumpluff|[spread] p2a,p2b
|-damage|p2a: Incineroar|0 fnt
|-damage|p2b: Jumpluff|0 fnt
|faint|p2a: Incineroar
|faint|p2b: Jumpluff
|
|win|chico linguiceta
|raw|chico linguiceta's rating: 1336 &rarr; <strong>1352</strong><br />(+16 for winning)
|raw|Epicveggie's rating: 1259 &rarr; <strong>1239</strong><br />(-20 for losing)
|l|☆chico linguiceta
|player|p1|
|l|☆Epicveggie
|player|p2|
