|j|☆one hat trick
|j|☆UnluckyTogekissZ
|t:|1750719604
|gametype|doubles
|player|p1|one hat trick|miriam|1218
|player|p2|UnluckyTogekissZ|169|1348
|teamsize|p1|6
|teamsize|p2|6
|gen|9
|tier|[Gen 9] VGC 2025 Reg I
|rated|
|rule|Species Clause: Limit one of each Pokémon
|rule|Item Clause: Limit 1 of each item
|clearpoke
|poke|p1|Miraidon, L50|
|poke|p1|Iron Valiant, L50|
|poke|p1|Calyrex-Ice, L50|
|poke|p1|Urshifu-*, L50, F|
|poke|p1|Ogerpon-Cornerstone, L50, F|
|poke|p1|Incineroar, L50, F|
|poke|p2|Ho-Oh, L50|
|poke|p2|Overqwil, L50, F|
|poke|p2|Ting-Lu, L50|
|poke|p2|Calyrex-Ice, L50|
|poke|p2|Rillaboom, L50, M|
|poke|p2|Ogerpon-Wellspring, L50, F|
|teampreview|4
|
|t:|1750719646
|start
|switch|p1a: Incineroar|Incineroar, L50, F|100/100
|switch|p1b: Ogerpon|Ogerpon-Cornerstone, L50, F|100/100
|switch|p2a: Overqwil|Overqwil, L50, F|100/100
|switch|p2b: Ho-Oh|Ho-Oh, L50|100/100
|-ability|p2a: Overqwil|Intimidate|boost
|-unboost|p1a: Incineroar|atk|1
|-unboost|p1b: Ogerpon|atk|1
|-ability|p1a: Incineroar|Intimidate|boost
|-unboost|p2a: Overqwil|atk|1
|-unboost|p2b: Ho-Oh|atk|1
|turn|1
|
|t:|1750719664
|move|p2b: Ho-Oh|Protect|p2b: Ho-Oh
|-singleturn|p2b: Ho-Oh|Protect
|move|p2a: Overqwil|Protect|p2a: Overqwil
|-singleturn|p2a: Overqwil|Protect
|move|p1b: Ogerpon|Ivy Cudgel|p2b: Ho-Oh|[anim] Ivy Cudgel Rock
|-activate|p2b: Ho-Oh|move: Protect
|move|p1a: Incineroar|U-turn|p2a: Overqwil
|-activate|p2a: Overqwil|move: Protect
|
|upkeep
|turn|2
|
|t:|1750719676
|switch|p2b: Ting-Lu|Ting-Lu, L50|100/100
|-ability|p2b: Ting-Lu|Vessel of Ruin
|move|p1b: Ogerpon|Ivy Cudgel|p2b: Ting-Lu|[anim] Ivy Cudgel Rock
|-resisted|p2b: Ting-Lu
|-damage|p2b: Ting-Lu|90/100
|move|p2a: Overqwil|Toxic Spikes|p1a: Incineroar
|-sidestart|p1: one hat trick|move: Toxic Spikes
|move|p1a: Incineroar|U-turn|p2a: Overqwil
|-damage|p2a: Overqwil|84/100
|
|t:|1750719689
|switch|p1a: Calyrex|Calyrex-Ice, L50|100/100|[from] U-turn
|-ability|p1a: Calyrex|As One
|-ability|p1a: Calyrex|Unnerve
|-status|p1a: Calyrex|psn
|
|-heal|p2a: Overqwil|90/100|[from] item: Black Sludge
|-damage|p1a: Calyrex|88/100 psn|[from] psn
|upkeep
|turn|3
|
|t:|1750719710
|move|p1b: Ogerpon|Wood Hammer|p2b: Ting-Lu
|-supereffective|p2b: Ting-Lu
|-damage|p2b: Ting-Lu|36/100
|-damage|p1b: Ogerpon|73/100|[from] Recoil
|move|p2a: Overqwil|Throat Chop|p1a: Calyrex
|-supereffective|p1a: Calyrex
|-damage|p1a: Calyrex|64/100 psn
|-start|p1a: Calyrex|Throat Chop|[silent]
|move|p2b: Ting-Lu|Throat Chop|p1a: Calyrex
|-supereffective|p1a: Calyrex
|-damage|p1a: Calyrex|0 fnt
|faint|p1a: Calyrex
|
|-heal|p2a: Overqwil|96/100|[from] item: Black Sludge
|upkeep
|
|t:|1750719723
|switch|p1a: Incineroar|Incineroar, L50, F|100/100
|-status|p1a: Incineroar|psn
|-ability|p1a: Incineroar|Intimidate|boost
|-unboost|p2a: Overqwil|atk|1
|-unboost|p2b: Ting-Lu|atk|1
|turn|4
|
|t:|1750719742
|-terastallize|p1b: Ogerpon|Rock
|detailschange|p1b: Ogerpon|Ogerpon-Cornerstone-Tera, L50, F, tera:Rock
|-ability|p1b: Ogerpon|Embody Aspect (Cornerstone)|boost
|-boost|p1b: Ogerpon|def|1
|move|p1b: Ogerpon|Ivy Cudgel|p2b: Ting-Lu|[anim] Ivy Cudgel Rock
|-resisted|p2b: Ting-Lu
|-crit|p2b: Ting-Lu
|-damage|p2b: Ting-Lu|1/100
|move|p2a: Overqwil|Toxic Spikes|p1b: Ogerpon
|-sidestart|p1: one hat trick|move: Toxic Spikes
|move|p1a: Incineroar|U-turn|p2b: Ting-Lu
|-supereffective|p2b: Ting-Lu
|-damage|p2b: Ting-Lu|0 fnt
|faint|p2b: Ting-Lu
|
|t:|1750719751
|switch|p1a: Urshifu|Urshifu, L50, F|100/100|[from] U-turn
|-status|p1a: Urshifu|tox
|
|-heal|p2a: Overqwil|100/100|[from] item: Black Sludge
|-damage|p1a: Urshifu|95/100 tox|[from] psn
|upkeep
|
|t:|1750719760
|switch|p2b: Ogerpon|Ogerpon-Wellspring, L50, F|100/100
|turn|5
|
|t:|1750719778
|move|p1b: Ogerpon|Spiky Shield|p1b: Ogerpon
|-singleturn|p1b: Ogerpon|move: Protect
|move|p1a: Urshifu|Wicked Blow|p2b: Ogerpon
|-crit|p2b: Ogerpon
|-damage|p2b: Ogerpon|45/100
|move|p2b: Ogerpon|Ivy Cudgel|p1b: Ogerpon|[anim] Ivy Cudgel Water
|-activate|p1b: Ogerpon|move: Protect
|move|p2a: Overqwil|Barb Barrage|p1a: Urshifu
|-damage|p1a: Urshifu|68/100 tox
|
|-damage|p1a: Urshifu|57/100 tox|[from] psn
|upkeep
|turn|6
|
|t:|1750719799
|switch|p2b: Ho-Oh|Ho-Oh, L50|100/100
|move|p2a: Overqwil|Protect|p2a: Overqwil
|-singleturn|p2a: Overqwil|Protect
|move|p1b: Ogerpon|Ivy Cudgel|p2b: Ho-Oh|[anim] Ivy Cudgel Rock
|-supereffective|p2b: Ho-Oh
|-damage|p2b: Ho-Oh|0 fnt
|faint|p2b: Ho-Oh
|move|p1a: Urshifu|Close Combat|p2a: Overqwil
|-damage|p2a: Overqwil|39/100
|-unboost|p1a: Urshifu|def|1
|-unboost|p1a: Urshifu|spd|1
|
|-heal|p2a: Overqwil|45/100|[from] item: Black Sludge
|-damage|p1a: Urshifu|40/100 tox|[from] psn
|upkeep
|c|☆UnluckyTogekissZ|noooooooooooo
|-message|UnluckyTogekissZ forfeited.
|
|win|one hat trick
|raw|one hat trick's rating: 1218 &rarr; <strong>1252</strong><br />(+34 for winning)
|raw|UnluckyTogekissZ's rating: 1348 &rarr; <strong>1321</strong><br />(-27 for losing)
|l|☆UnluckyTogekissZ
|player|p2|
|c|☆one hat trick|ggs
