|j|☆breadstickckck
|j|☆feffixxd4
|t:|1750867265
|gametype|doubles
|player|p1|breadstickckck|1|1195
|player|p2|feffixxd4|ghetsis-gen5bw|1112
|teamsize|p1|6
|teamsize|p2|6
|gen|9
|tier|[Gen 9] VGC 2025 Reg I
|rated|
|rule|Species Clause: Limit one of each Pokémon
|rule|Item Clause: Limit 1 of each item
|clearpoke
|poke|p1|Terapagos, L50, M|
|poke|p1|Miraidon, L50|
|poke|p1|Smeargle, L50, F|
|poke|p1|Incineroar, L50, F|
|poke|p1|Raging Bolt, L50|
|poke|p1|Volcarona, L50, M|
|poke|p2|Malamar, L50, F|
|poke|p2|Amoonguss, L50, F|
|poke|p2|Calyrex-Shadow, L50|
|poke|p2|Talonflame, L50, F|
|poke|p2|Zamazenta-*, L50|
|poke|p2|Iron Hands, L50|
|teampreview|4
|inactive|Battle timer is ON: inactive players will automatically lose when time's up. (requested by feffixxd4)
|inactive|feffixxd4 has 60 seconds left.
|
|t:|1750867308
|start
|switch|p1a: bike|Miraidon, L50|100/100
|switch|p1b: artist|Smeargle, L50, F|100/100
|switch|p2a: Calyrex|Calyrex-Shadow, L50|100/100
|switch|p2b: Zamazenta|Zamazenta-Crowned, L50|100/100
|-ability|p2a: Calyrex|As One
|-ability|p2a: Calyrex|Unnerve
|-fieldstart|move: Electric Terrain|[from] ability: Hadron Engine|[of] p1a: bike
|-ability|p2b: Zamazenta|Dauntless Shield|boost
|-boost|p2b: Zamazenta|def|1
|turn|1
|
|t:|1750867326
|move|p2a: Calyrex|Protect|p2a: Calyrex
|-singleturn|p2a: Calyrex|Protect
|move|p2b: Zamazenta|Protect|p2b: Zamazenta
|-singleturn|p2b: Zamazenta|Protect
|move|p1b: artist|Fake Out|p2b: Zamazenta
|-activate|p2b: Zamazenta|move: Protect
|move|p1a: bike|Volt Switch|p2a: Calyrex
|-activate|p2a: Calyrex|move: Protect
|
|-ability|p1b: artist|Moody|boost
|-boost|p1b: artist|spa|2
|-unboost|p1b: artist|def|1
|upkeep
|turn|2
|inactive|feffixxd4 has 30 seconds left.
|
|t:|1750867351
|switch|p2b: Amoonguss|Amoonguss, L50, F|100/100
|move|p2a: Calyrex|Encore|p1b: artist
|-start|p1b: artist|Encore
|move|p1a: bike|Volt Switch|p2a: Calyrex
|-enditem|p2a: Calyrex|Focus Sash
|-damage|p2a: Calyrex|1/100
|
|t:|1750867360
|switch|p1a: Save the turtles|Terapagos, L50, M|100/100|[from] Volt Switch
|-activate|p1a: Save the turtles|ability: Tera Shift
|detailschange|p1a: Save the turtles|Terapagos-Terastal, L50, M
|-heal|p1a: Save the turtles|100/100|[silent]
|-enditem|p1a: Save the turtles|Electric Seed
|-boost|p1a: Save the turtles|def|1|[from] item: Electric Seed
|move|p1b: artist|Fake Out||[still]
|-hint|Fake Out only works on your first turn out.
|-fail|p1b: artist
|
|-ability|p1b: artist|Moody|boost
|-boost|p1b: artist|spe|2
|-unboost|p1b: artist|def|1
|upkeep
|turn|3
|inactive|feffixxd4 has 30 seconds left.
|inactive|feffixxd4 has 20 seconds left.
|inactive|feffixxd4 has 15 seconds left.
|inactive|breadstickckck has 30 seconds left.
|
|t:|1750867415
|switch|p1b: Volcarona|Volcarona, L50, M|100/100
|switch|p2a: Iron Hands|Iron Hands, L50|100/100
|-activate|p2a: Iron Hands|ability: Quark Drive
|-start|p2a: Iron Hands|quarkdriveatk
|move|p1a: Save the turtles|Calm Mind|p1a: Save the turtles
|-boost|p1a: Save the turtles|spa|1
|-boost|p1a: Save the turtles|spd|1
|move|p2b: Amoonguss|Pollen Puff|p2a: Iron Hands
|
|upkeep
|turn|4
|inactive|feffixxd4 has 30 seconds left.
|inactive|breadstickckck has 30 seconds left.
|
|t:|1750867446
|switch|p2b: Zamazenta|Zamazenta-Crowned, L50|100/100
|-terastallize|p1a: Save the turtles|Stellar
|detailschange|p1a: Save the turtles|Terapagos-Stellar, L50, M, tera:Stellar
|-heal|p1a: Save the turtles|100/100|[silent]
|-ability|p1a: Save the turtles|Teraform Zero
|-fieldend|move: Electric Terrain
|-end|p2a: Iron Hands|Quark Drive
|-enditem|p2a: Iron Hands|Booster Energy
|-activate|p2a: Iron Hands|ability: Quark Drive|[fromitem]
|-start|p2a: Iron Hands|quarkdriveatk
|move|p1b: Volcarona|Rage Powder|p1b: Volcarona
|-singleturn|p1b: Volcarona|move: Rage Powder
|move|p1a: Save the turtles|Tera Starstorm|p2a: Iron Hands|[spread] p2a,p2b
|-damage|p2a: Iron Hands|58/100
|-damage|p2b: Zamazenta|60/100
|move|p2a: Iron Hands|Drain Punch|p1b: Volcarona
|-resisted|p1b: Volcarona
|-damage|p1b: Volcarona|67/100
|-heal|p2a: Iron Hands|71/100|[from] drain|[of] p1b: Volcarona
|
|upkeep
|turn|5
|inactive|feffixxd4 has 30 seconds left.
|
|t:|1750867472
|move|p2b: Zamazenta|Wide Guard|p2b: Zamazenta
|-singleturn|p2b: Zamazenta|Wide Guard
|move|p1b: Volcarona|Rage Powder|p1b: Volcarona
|-singleturn|p1b: Volcarona|move: Rage Powder
|move|p1a: Save the turtles|Tera Starstorm|p2a: Iron Hands|[spread] 
|-activate|p2a: Iron Hands|move: Wide Guard
|-activate|p2b: Zamazenta|move: Wide Guard
|move|p2a: Iron Hands|Drain Punch|p1b: Volcarona
|-resisted|p1b: Volcarona
|-damage|p1b: Volcarona|35/100
|-heal|p2a: Iron Hands|83/100|[from] drain|[of] p1b: Volcarona
|-enditem|p1b: Volcarona|Sitrus Berry|[eat]
|-heal|p1b: Volcarona|60/100|[from] item: Sitrus Berry
|
|upkeep
|turn|6
|
|t:|1750867493
|move|p2b: Zamazenta|Wide Guard|p2b: Zamazenta
|-singleturn|p2b: Zamazenta|Wide Guard
|move|p1a: Save the turtles|Calm Mind|p1a: Save the turtles
|-boost|p1a: Save the turtles|spa|1
|-boost|p1a: Save the turtles|spd|1
|move|p1b: Volcarona|Giga Drain|p2a: Iron Hands
|-damage|p2a: Iron Hands|65/100
|-heal|p1b: Volcarona|72/100|[from] drain|[of] p2a: Iron Hands
|move|p2a: Iron Hands|Drain Punch|p1b: Volcarona
|-resisted|p1b: Volcarona
|-damage|p1b: Volcarona|41/100
|-heal|p2a: Iron Hands|77/100|[from] drain|[of] p1b: Volcarona
|
|upkeep
|turn|7
|
|t:|1750867513
|switch|p1b: bike|Miraidon, L50|100/100
|-fieldstart|move: Electric Terrain|[from] ability: Hadron Engine|[of] p1b: bike
|move|p2b: Zamazenta|Body Press|p1a: Save the turtles
|-supereffective|p1a: Save the turtles
|-damage|p1a: Save the turtles|50/100
|move|p1a: Save the turtles|Calm Mind|p1a: Save the turtles
|-boost|p1a: Save the turtles|spa|1
|-boost|p1a: Save the turtles|spd|1
|move|p2a: Iron Hands|Drain Punch|p1b: bike
|-damage|p1b: bike|53/100
|-heal|p2a: Iron Hands|93/100|[from] drain|[of] p1b: bike
|
|upkeep
|turn|8
|inactive|feffixxd4 has 30 seconds left.
|
|t:|1750867543
|move|p2b: Zamazenta|Wide Guard|p2b: Zamazenta
|-singleturn|p2b: Zamazenta|Wide Guard
|move|p1b: bike|Electro Drift|p2b: Zamazenta
|-damage|p2b: Zamazenta|0 fnt
|faint|p2b: Zamazenta
|move|p1a: Save the turtles|Tera Starstorm|p2a: Iron Hands
|-activate|p2a: Iron Hands|move: Wide Guard
|move|p2a: Iron Hands|Swords Dance|p2a: Iron Hands
|-boost|p2a: Iron Hands|atk|2
|
|upkeep
|
|t:|1750867556
|switch|p2b: Amoonguss|Amoonguss, L50, F|100/100
|turn|9
|
|t:|1750867562
|move|p2b: Amoonguss|Rage Powder|p2b: Amoonguss
|-singleturn|p2b: Amoonguss|move: Rage Powder
|move|p1b: bike|Electro Drift|p2b: Amoonguss
|-resisted|p2b: Amoonguss
|-damage|p2b: Amoonguss|38/100
|-damage|p1b: bike|36/100|[from] item: Rocky Helmet|[of] p2b: Amoonguss
|move|p1a: Save the turtles|Tera Starstorm|p2a: Iron Hands|[spread] p2a,p2b
|-damage|p2a: Iron Hands|20/100
|-damage|p2b: Amoonguss|0 fnt
|faint|p2b: Amoonguss
|move|p2a: Iron Hands|Drain Punch|p1a: Save the turtles
|-supereffective|p1a: Save the turtles
|-damage|p1a: Save the turtles|0 fnt
|-heal|p2a: Iron Hands|43/100|[from] drain|[of] p1a: Save the turtles
|faint|p1a: Save the turtles
|detailschange|p1: Save the turtles|Terapagos, L50, M|[silent]
|
|upkeep
|
|t:|1750867580
|switch|p1a: artist|Smeargle, L50, F|100/100
|switch|p2b: Calyrex|Calyrex-Shadow, L50|1/100
|-ability|p2b: Calyrex|As One
|-ability|p2b: Calyrex|Unnerve
|turn|10
|
|t:|1750867593
|move|p2b: Calyrex|Protect|p2b: Calyrex
|-singleturn|p2b: Calyrex|Protect
|move|p2a: Iron Hands|Detect|p2a: Iron Hands
|-singleturn|p2a: Iron Hands|Protect
|move|p1a: artist|Follow Me|p1a: artist
|-singleturn|p1a: artist|move: Follow Me
|move|p1b: bike|Electro Drift|p2b: Calyrex
|-activate|p2b: Calyrex|move: Protect
|
|-ability|p1a: artist|Moody|boost
|-boost|p1a: artist|spe|2
|-unboost|p1a: artist|spa|1
|upkeep
|turn|11
|
|t:|1750867611
|move|p1a: artist|Follow Me|p1a: artist
|-singleturn|p1a: artist|move: Follow Me
|move|p2b: Calyrex|Astral Barrage|p1a: artist|[spread] p1b
|-immune|p1a: artist
|-damage|p1b: bike|0 fnt
|faint|p1b: bike
|-ability|p2b: Calyrex|Grim Neigh|boost
|-boost|p2b: Calyrex|spa|1
|move|p2a: Iron Hands|Drain Punch|p1a: artist
|-supereffective|p1a: artist
|-enditem|p1a: artist|Focus Sash
|-damage|p1a: artist|1/100
|-heal|p2a: Iron Hands|75/100|[from] drain|[of] p1a: artist
|
|-fieldend|move: Electric Terrain
|-ability|p1a: artist|Moody|boost
|-boost|p1a: artist|spd|2
|-unboost|p1a: artist|spe|1
|upkeep
|
|t:|1750867619
|switch|p1b: Volcarona|Volcarona, L50, M|41/100
|turn|12
|c|☆feffixxd4|I played like Crazy
|inactive|feffixxd4 has 30 seconds left.
|inactive|feffixxd4 has 20 seconds left.
|
|t:|1750867656
|move|p1a: artist|Spiky Shield|p1a: artist
|-singleturn|p1a: artist|move: Protect
|move|p2b: Calyrex|Astral Barrage|p1a: artist|[spread] p1b
|-activate|p1a: artist|move: Protect
|-damage|p1b: Volcarona|0 fnt
|faint|p1b: Volcarona
|-ability|p2b: Calyrex|Grim Neigh|boost
|-boost|p2b: Calyrex|spa|1
|move|p2a: Iron Hands|Drain Punch|p1a: artist
|-activate|p1a: artist|move: Protect
|-damage|p2a: Iron Hands|63/100|[from] Spiky Shield|[of] p1a: artist
|
|-ability|p1a: artist|Moody|boost
|-boost|p1a: artist|spd|2
|-unboost|p1a: artist|spe|1
|upkeep
|turn|13
|-message|breadstickckck forfeited.
|
|win|feffixxd4
|raw|breadstickckck's rating: 1195 &rarr; <strong>1164</strong><br />(-31 for losing)
|raw|feffixxd4's rating: 1112 &rarr; <strong>1143</strong><br />(+31 for winning)
|l|☆breadstickckck
|player|p1|
