|j|☆Somie
|j|☆DimensionalFool
|t:|1750783383
|gametype|doubles
|player|p1|Somie|marnie|1524
|player|p2|DimensionalFool|1|1528
|teamsize|p1|6
|teamsize|p2|6
|gen|9
|tier|[Gen 9] VGC 2025 Reg I
|rated|
|rule|Species Clause: Limit one of each Pokémon
|rule|Item Clause: Limit 1 of each item
|clearpoke
|poke|p1|Whimsicott, L50, F|
|poke|p1|Miraidon, L50|
|poke|p1|Farigiraf, L50, M|
|poke|p1|Iron Crown, L50|
|poke|p1|Ho-Oh, L50|
|poke|p1|Sneasler, L50, F|
|poke|p2|Calyrex-Ice, L50|
|poke|p2|Miraidon, L50|
|poke|p2|Grimmsnarl, L50, M|
|poke|p2|Urshifu-*, L50, F|
|poke|p2|Incineroar, L50, F|
|poke|p2|Landorus, L50, M|
|teampreview|4
|inactive|Battle timer is ON: inactive players will automatically lose when time's up. (requested by DimensionalFool)
|inactive|Somie also wants the timer to be on.
|inactive|Somie has 60 seconds left.
DimensionalFool rejected open team sheets.
|
|t:|1750783441
|start
|switch|p1a: Miraidon|Miraidon, L50|100/100
|switch|p1b: Iron Crown|Iron Crown, L50|100/100
|switch|p2a: Incineroar|Incineroar, L50, F|100/100
|switch|p2b: Urshifu|Urshifu-Rapid-Strike, L50, F|100/100
|-fieldstart|move: Electric Terrain|[from] ability: Hadron Engine|[of] p1a: Miraidon
|-activate|p1b: Iron Crown|ability: Quark Drive
|-start|p1b: Iron Crown|quarkdrivespe
|-ability|p2a: Incineroar|Intimidate|boost
|-unboost|p1a: Miraidon|atk|1
|-unboost|p1b: Iron Crown|atk|1
|turn|1
|j| zagmaer
|
|t:|1750783457
|switch|p1a: Farigiraf|Farigiraf, L50, M|100/100
|-enditem|p1a: Farigiraf|Electric Seed
|-boost|p1a: Farigiraf|def|1|[from] item: Electric Seed
|-terastallize|p2b: Urshifu|Ghost
|move|p2a: Incineroar|Fake Out||[still]
|cant|p1a: Farigiraf|ability: Armor Tail|Fake Out|[of] p2a: Incineroar
|move|p1b: Iron Crown|Psychic|p2b: Urshifu
|-damage|p2b: Urshifu|34/100
|-damage|p1b: Iron Crown|91/100|[from] item: Life Orb
|move|p2b: Urshifu|Surging Strikes|p1b: Iron Crown
|-crit|p1b: Iron Crown
|-damage|p1b: Iron Crown|58/100
|-crit|p1b: Iron Crown
|-damage|p1b: Iron Crown|22/100
|-crit|p1b: Iron Crown
|-damage|p1b: Iron Crown|0 fnt
|faint|p1b: Iron Crown
|-end|p1b: Iron Crown|Quark Drive|[silent]
|-hitcount|p1: Iron Crown|3
|
|upkeep
|
|t:|1750783471
|switch|p1b: Miraidon|Miraidon, L50|100/100
|-activate|p1b: Miraidon|ability: Hadron Engine
|turn|2
|l| zagmaer
|
|t:|1750783484
|move|p1b: Miraidon|Electro Drift|p2a: Incineroar
|-damage|p2a: Incineroar|42/100
|move|p2a: Incineroar|Knock Off|p1b: Miraidon
|-damage|p1b: Miraidon|61/100
|-enditem|p1b: Miraidon|Assault Vest|[from] move: Knock Off|[of] p2a: Incineroar
|move|p2b: Urshifu|Surging Strikes|p1a: Farigiraf
|-crit|p1a: Farigiraf
|-damage|p1a: Farigiraf|75/100
|-crit|p1a: Farigiraf
|-damage|p1a: Farigiraf|48/100
|-crit|p1a: Farigiraf
|-damage|p1a: Farigiraf|24/100
|-hitcount|p1a: Farigiraf|3
|move|p1a: Farigiraf|Foul Play|p2b: Urshifu
|-supereffective|p2b: Urshifu
|-crit|p2b: Urshifu
|-damage|p2b: Urshifu|0 fnt
|faint|p2b: Urshifu
|
|upkeep
|
|t:|1750783499
|switch|p2b: Grimmsnarl|Grimmsnarl, L50, M|100/100
|turn|3
|j| zagmaer
|l| zagmaer
|
|t:|1750783522
|-terastallize|p1b: Miraidon|Fairy
|move|p2b: Grimmsnarl|Light Screen|p2b: Grimmsnarl
|-sidestart|p2: DimensionalFool|move: Light Screen
|move|p1b: Miraidon|Dazzling Gleam|p2a: Incineroar|[spread] p2a,p2b
|-supereffective|p2b: Grimmsnarl
|-damage|p2a: Incineroar|25/100
|-damage|p2b: Grimmsnarl|49/100
|move|p2a: Incineroar|Knock Off|p1a: Farigiraf
|-supereffective|p1a: Farigiraf
|-damage|p1a: Farigiraf|0 fnt
|faint|p1a: Farigiraf
|
|upkeep
|
|t:|1750783527
|switch|p1a: Sneasler|Sneasler, L50, F|100/100
|turn|4
|
|t:|1750783549
|switch|p2a: Miraidon|Miraidon, L50|100/100
|-activate|p2a: Miraidon|ability: Hadron Engine
|move|p1a: Sneasler|Fake Out|p2a: Miraidon
|-damage|p2a: Miraidon|88/100
|move|p2b: Grimmsnarl|Thunder Wave|p1b: Miraidon
|-status|p1b: Miraidon|par
|move|p1b: Miraidon|Dazzling Gleam|p2b: Grimmsnarl|[spread] p2a,p2b
|-supereffective|p2a: Miraidon
|-supereffective|p2b: Grimmsnarl
|-crit|p2b: Grimmsnarl
|-damage|p2a: Miraidon|47/100
|-damage|p2b: Grimmsnarl|0 fnt
|faint|p2b: Grimmsnarl
|
|upkeep
|
|t:|1750783559
|switch|p2b: Incineroar|Incineroar, L50, F|25/100
|-ability|p2b: Incineroar|Intimidate|boost
|-unboost|p1a: Sneasler|atk|1
|-unboost|p1b: Miraidon|atk|1
|turn|5
|
|t:|1750783568
|move|p2b: Incineroar|Fake Out|p1a: Sneasler
|-damage|p1a: Sneasler|81/100
|cant|p1a: Sneasler|flinch
|move|p2a: Miraidon|Electro Drift|p1b: Miraidon
|-damage|p1b: Miraidon|0 fnt
|faint|p1b: Miraidon
|
|-fieldend|move: Electric Terrain
|upkeep
|turn|6
|
|t:|1750783577
|move|p1a: Sneasler|Close Combat|p2a: Miraidon
|-damage|p2a: Miraidon|12/100
|-unboost|p1a: Sneasler|def|1
|-unboost|p1a: Sneasler|spd|1
|move|p2a: Miraidon|Electro Drift|p1a: Sneasler
|-damage|p1a: Sneasler|0 fnt
|faint|p1a: Sneasler
|
|win|DimensionalFool
|raw|Somie's rating: 1524 &rarr; <strong>1504</strong><br />(-20 for losing)
|raw|DimensionalFool's rating: 1528 &rarr; <strong>1548</strong><br />(+20 for winning)
