|j|☆SuperiorPangoro
|j|☆JaLax06
|html|<table width="100%"><tr><td align="left">SuperiorPangoro</td><td align="right">JaLax06</tr><tr><td align="left"><i class="fa fa-circle-o"></i> <i class="fa fa-circle-o"></i> </td><td align="right"><i class="fa fa-circle-o"></i> <i class="fa fa-circle"></i> </tr></table>
|uhtml|bestof|<h2><strong>Game 2</strong> of <a href="/game-bestof3-gen9vgc2025regi-2390599388">a best-of-3</a></h2>
|t:|1750734653
|gametype|doubles
|player|p1|SuperiorPangoro|ghetsis|
|player|p2|JaLax06|266|
|teamsize|p1|6
|teamsize|p2|6
|gen|9
|tier|[Gen 9] VGC 2025 Reg I
|rule|Species Clause: Limit one of each Pokémon
|rule|Item Clause: Limit 1 of each item
|raw|<div class="infobox"><details class="readmore" open><summary><strong>1 custom rule:</strong></summary> Best of = 3</details></div>
|clearpoke
|poke|p1|Calyrex-Shadow, L50|
|poke|p1|Incineroar, L50, M|
|poke|p1|Urshifu-*, L50, M|
|poke|p1|Zamazenta-*, L50|
|poke|p1|Rillaboom, L50, F|
|poke|p1|Chien-Pao, L50|
|poke|p2|Lunala, L50|
|poke|p2|Koraidon, L50|
|poke|p2|Flutter Mane, L50|
|poke|p2|Indeedee-F, L50, F|
|poke|p2|Ogerpon-Cornerstone, L50, F|
|poke|p2|Chi-Yu, L50|
|teampreview|4
|inactive|Battle timer is ON: inactive players will automatically lose when time's up. (requested by SuperiorPangoro)
|
|t:|1750734684
|start
|switch|p1a: Calyrex|Calyrex-Shadow, L50|100/100
|switch|p1b: Incineroar|Incineroar, L50, M, shiny|100/100
|switch|p2a: Koraidon|Koraidon, L50|100/100
|switch|p2b: Chi-Yu|Chi-Yu, L50|100/100
|-ability|p1a: Calyrex|As One
|-ability|p1a: Calyrex|Unnerve
|-ability|p2b: Chi-Yu|Beads of Ruin
|-weather|SunnyDay|[from] ability: Orichalcum Pulse|[of] p2a: Koraidon
|-activate|p2a: Koraidon|Orichalcum Pulse|[source]
|-ability|p1b: Incineroar|Intimidate|boost
|-unboost|p2a: Koraidon|atk|1
|-unboost|p2b: Chi-Yu|atk|1
|turn|1
|inactive|JaLax06 has 30 seconds left.
|
|t:|1750734716
|switch|p2b: Indeedee|Indeedee-F, L50, F|100/100
|-fieldstart|move: Psychic Terrain|[from] ability: Psychic Surge|[of] p2b: Indeedee
|-terastallize|p2a: Koraidon|Fire
|move|p1b: Incineroar|Fake Out|p2b: Indeedee
|-activate|p2b: Indeedee|move: Psychic Terrain
|move|p1a: Calyrex|Draining Kiss|p2a: Koraidon
|-resisted|p2a: Koraidon
|-damage|p2a: Koraidon|89/100
|move|p2a: Koraidon|Flame Charge|p1a: Calyrex
|-damage|p1a: Calyrex|41/100
|-boost|p2a: Koraidon|spe|1
|-damage|p2a: Koraidon|80/100|[from] item: Life Orb
|
|-weather|SunnyDay|[upkeep]
|upkeep
|turn|2
|inactive|SuperiorPangoro has 30 seconds left.
|inactive|JaLax06 has 30 seconds left.
|inactive|JaLax06 has 20 seconds left.
|inactive|JaLax06 has 15 seconds left.
|
|t:|1750734758
|-terastallize|p1b: Incineroar|Ghost
|move|p1a: Calyrex|Protect|p1a: Calyrex
|-singleturn|p1a: Calyrex|Protect
|move|p2a: Koraidon|Close Combat|p1b: Incineroar
|-immune|p1b: Incineroar
|move|p2b: Indeedee|Shadow Ball|p1a: Calyrex
|-activate|p1a: Calyrex|move: Protect
|move|p1b: Incineroar|Parting Shot|p2a: Koraidon
|-unboost|p2a: Koraidon|atk|1
|-unboost|p2a: Koraidon|spa|1
|
|t:|1750734771
|switch|p1b: Zamazenta|Zamazenta-Crowned, L50|100/100|[from] Parting Shot
|-ability|p1b: Zamazenta|Dauntless Shield|boost
|-boost|p1b: Zamazenta|def|1
|
|-weather|SunnyDay|[upkeep]
|upkeep
|turn|3
|inactive|JaLax06 has 30 seconds left.
|
|t:|1750734802
|switch|p2a: Chi-Yu|Chi-Yu, L50|100/100
|-ability|p2a: Chi-Yu|Beads of Ruin
|switch|p1a: Incineroar|Incineroar, L50, M, shiny, tera:Ghost|100/100
|-ability|p1a: Incineroar|Intimidate|boost
|-unboost|p2a: Chi-Yu|atk|1
|-unboost|p2b: Indeedee|atk|1
|move|p2b: Indeedee|Follow Me|p2b: Indeedee
|-singleturn|p2b: Indeedee|move: Follow Me
|move|p1b: Zamazenta|Body Press|p2b: Indeedee
|-damage|p2b: Indeedee|34/100
|-damage|p1b: Zamazenta|84/100|[from] item: Rocky Helmet|[of] p2b: Indeedee
|
|-weather|SunnyDay|[upkeep]
|upkeep
|turn|4
|inactive|JaLax06 has 30 seconds left.
|
|t:|1750734828
|move|p2b: Indeedee|Helping Hand|p2a: Chi-Yu
|-singleturn|p2a: Chi-Yu|Helping Hand|[of] p2b: Indeedee
|move|p1b: Zamazenta|Wide Guard|p1b: Zamazenta
|-singleturn|p1b: Zamazenta|Wide Guard
|move|p2a: Chi-Yu|Heat Wave|p1b: Zamazenta|[spread] 
|-activate|p1a: Incineroar|move: Wide Guard
|-activate|p1b: Zamazenta|move: Wide Guard
|move|p1a: Incineroar|Knock Off|p2b: Indeedee
|-supereffective|p2b: Indeedee
|-damage|p2b: Indeedee|0 fnt
|-damage|p1a: Incineroar|84/100|[from] item: Rocky Helmet|[of] p2b: Indeedee
|-enditem|p2b: Indeedee|Rocky Helmet|[from] move: Knock Off|[of] p1a: Incineroar
|faint|p2b: Indeedee
|
|-weather|SunnyDay|[upkeep]
|upkeep
|
|t:|1750734839
|switch|p2b: Koraidon|Koraidon, L50, tera:Fire|80/100
|-activate|p2b: Koraidon|ability: Orichalcum Pulse
|turn|5
|inactive|JaLax06 has 30 seconds left.
|
|t:|1750734873
|switch|p2a: Flutter Mane|Flutter Mane, L50|100/100
|-activate|p2a: Flutter Mane|ability: Protosynthesis
|-start|p2a: Flutter Mane|protosynthesisspe
|move|p2b: Koraidon|Flare Blitz|p1a: Incineroar
|-damage|p1a: Incineroar|0 fnt
|faint|p1a: Incineroar
|-damage|p2b: Koraidon|49/100|[from] Recoil
|-damage|p2b: Koraidon|39/100|[from] item: Life Orb
|move|p1b: Zamazenta|Body Press|p2a: Flutter Mane
|-immune|p2a: Flutter Mane
|
|-weather|none
|-end|p2a: Flutter Mane|Protosynthesis
|-fieldend|move: Psychic Terrain
|upkeep
|
|t:|1750734886
|switch|p1a: Rillaboom|Rillaboom, L50, F|100/100
|-fieldstart|move: Grassy Terrain|[from] ability: Grassy Surge|[of] p1a: Rillaboom
|turn|6
|
|t:|1750734909
|switch|p2b: Chi-Yu|Chi-Yu, L50|100/100
|-ability|p2b: Chi-Yu|Beads of Ruin
|move|p2a: Flutter Mane|Protect|p2a: Flutter Mane
|-singleturn|p2a: Flutter Mane|Protect
|move|p1a: Rillaboom|Fake Out|p2b: Chi-Yu
|-damage|p2b: Chi-Yu|77/100
|move|p1b: Zamazenta|Heavy Slam|p2a: Flutter Mane
|-activate|p2a: Flutter Mane|move: Protect
|
|-heal|p2b: Chi-Yu|83/100|[from] Grassy Terrain
|-heal|p1b: Zamazenta|90/100|[from] Grassy Terrain
|upkeep
|turn|7
|inactive|SuperiorPangoro has 30 seconds left.
|inactive|JaLax06 has 30 seconds left.
|inactive|SuperiorPangoro has 20 seconds left.
|inactive|SuperiorPangoro has 15 seconds left.
|
|t:|1750734953
|-end|p2a: Flutter Mane|Protosynthesis|[silent]
|switch|p2a: Koraidon|Koraidon, L50, tera:Fire|39/100
|-weather|SunnyDay|[from] ability: Orichalcum Pulse|[of] p2a: Koraidon
|-activate|p2a: Koraidon|Orichalcum Pulse|[source]
|move|p1b: Zamazenta|Wide Guard|p1b: Zamazenta
|-singleturn|p1b: Zamazenta|Wide Guard
|move|p2b: Chi-Yu|Overheat|p1a: Rillaboom
|-supereffective|p1a: Rillaboom
|-damage|p1a: Rillaboom|0 fnt
|-unboost|p2b: Chi-Yu|spa|2
|faint|p1a: Rillaboom
|
|-weather|SunnyDay|[upkeep]
|-heal|p2b: Chi-Yu|89/100|[from] Grassy Terrain
|-heal|p2a: Koraidon|45/100|[from] Grassy Terrain
|-heal|p1b: Zamazenta|96/100|[from] Grassy Terrain
|upkeep
|
|t:|1750734961
|switch|p1a: Calyrex|Calyrex-Shadow, L50|41/100
|-ability|p1a: Calyrex|As One
|-ability|p1a: Calyrex|Unnerve
|turn|8
|
|t:|1750734985
|switch|p2b: Flutter Mane|Flutter Mane, L50|100/100
|-activate|p2b: Flutter Mane|ability: Protosynthesis
|-start|p2b: Flutter Mane|protosynthesisspe
|move|p1a: Calyrex|Astral Barrage|p2a: Koraidon|[spread] p2a,p2b
|-supereffective|p2b: Flutter Mane
|-damage|p2a: Koraidon|0 fnt
|-enditem|p2b: Flutter Mane|Focus Sash
|-damage|p2b: Flutter Mane|1/100
|faint|p2a: Koraidon
|-ability|p1a: Calyrex|Grim Neigh|boost
|-boost|p1a: Calyrex|spa|1
|move|p1b: Zamazenta|Body Press|p2b: Flutter Mane
|-immune|p2b: Flutter Mane
|
|-weather|SunnyDay|[upkeep]
|-heal|p2b: Flutter Mane|7/100|[from] Grassy Terrain
|-heal|p1a: Calyrex|47/100|[from] Grassy Terrain
|-heal|p1b: Zamazenta|100/100|[from] Grassy Terrain
|upkeep
|
|t:|1750735001
|switch|p2a: Chi-Yu|Chi-Yu, L50|89/100
|-ability|p2a: Chi-Yu|Beads of Ruin
|turn|9
|
|t:|1750735023
|move|p2b: Flutter Mane|Shadow Ball|p1a: Calyrex
|-supereffective|p1a: Calyrex
|-damage|p1a: Calyrex|0 fnt
|faint|p1a: Calyrex
|move|p2a: Chi-Yu|Overheat|p1b: Zamazenta
|-supereffective|p1b: Zamazenta
|-damage|p1b: Zamazenta|0 fnt
|-unboost|p2a: Chi-Yu|spa|2
|faint|p1b: Zamazenta
|
|win|JaLax06
|l|☆SuperiorPangoro
|player|p1|
