|j|☆TheDecommissioner
|j|☆peripon_poke
|t:|1750810623
|gametype|doubles
|player|p1|TheDecommissioner|preschooler|1299
|player|p2|peripon_poke|swimmer-gen4dp|1289
|teamsize|p1|6
|teamsize|p2|6
|gen|9
|tier|[Gen 9] VGC 2025 Reg I
|rated|
|rule|Species Clause: Limit one of each Pokémon
|rule|Item Clause: Limit 1 of each item
|clearpoke
|poke|p1|Walking Wake, L50|
|poke|p1|Torkoal, L50, M|
|poke|p1|Indeedee-F, L50, F|
|poke|p1|Koraidon, L50|
|poke|p1|Lilligant-Hisui, L50, F|
|poke|p1|Archaludon, L50, F|
|poke|p2|Kyogre, L50|
|poke|p2|Calyrex-Ice, L50|
|poke|p2|Urshifu-*, L50, M|
|poke|p2|Amoonguss, L50, F|
|poke|p2|Roaring Moon, L50|
|poke|p2|Raichu, L50, M|
|teampreview|4
|inactive|Battle timer is ON: inactive players will automatically lose when time's up. (requested by TheDecommissioner)
|inactive|peripon_poke has 60 seconds left.
|inactive|peripon_poke has 30 seconds left.
|inactive|peripon_poke has 20 seconds left.
|inactive|peripon_poke has 15 seconds left.
|inactive|peripon_poke has 10 seconds left.
|inactive|peripon_poke has 5 seconds left.
|
|t:|1750810711
|start
|switch|p1a: Talking|Lilligant-Hisui, L50, F|100/100
|switch|p1b: Koraidon|Koraidon, L50|100/100
|switch|p2a: Calyrex|Calyrex-Ice, L50|100/100
|switch|p2b: Raichu|Raichu, L50, M, shiny|100/100
|-ability|p2a: Calyrex|As One
|-ability|p2a: Calyrex|Unnerve
|-weather|SunnyDay|[from] ability: Orichalcum Pulse|[of] p1b: Koraidon
|-activate|p1b: Koraidon|Orichalcum Pulse|[source]
|turn|1
|inactive|peripon_poke has 30 seconds left.
|
|t:|1750810737
|switch|p1b: Is|Archaludon, L50, F|100/100
|switch|p2b: Kyogre|Kyogre, L50, shiny|100/100
|-weather|RainDance|[from] ability: Drizzle|[of] p2b: Kyogre
|move|p1a: Talking|Bullet Seed|p1b: Is
|-resisted|p1b: Is
|-damage|p1b: Is|98/100
|-ability|p1b: Is|Stamina|boost
|-boost|p1b: Is|def|1
|-resisted|p1b: Is
|-damage|p1b: Is|97/100
|-ability|p1b: Is|Stamina|boost
|-boost|p1b: Is|def|1
|-resisted|p1b: Is
|-damage|p1b: Is|96/100
|-ability|p1b: Is|Stamina|boost
|-boost|p1b: Is|def|1
|-resisted|p1b: Is
|-damage|p1b: Is|95/100
|-ability|p1b: Is|Stamina|boost
|-boost|p1b: Is|def|1
|-resisted|p1b: Is
|-damage|p1b: Is|95/100
|-ability|p1b: Is|Stamina|boost
|-boost|p1b: Is|def|1
|-hitcount|p1b: Is|5
|move|p2a: Calyrex|Glacial Lance|p1a: Talking|[spread] p1a,p1b
|-supereffective|p1a: Talking
|-damage|p1a: Talking|0 fnt
|-damage|p1b: Is|84/100
|-ability|p1b: Is|Stamina|boost
|-boost|p1b: Is|def|1
|faint|p1a: Talking
|-ability|p2a: Calyrex|Chilling Neigh|boost
|-boost|p2a: Calyrex|atk|1
|
|-weather|RainDance|[upkeep]
|upkeep
|
|t:|1750810742
|switch|p1a: Koraidon|Koraidon, L50|100/100
|-weather|SunnyDay|[from] ability: Orichalcum Pulse|[of] p1a: Koraidon
|-activate|p1a: Koraidon|Orichalcum Pulse|[source]
|turn|2
|inactive|peripon_poke has 30 seconds left.
|inactive|peripon_poke has 20 seconds left.
|inactive|peripon_poke has 15 seconds left.
|inactive|peripon_poke has 10 seconds left.
|inactive|peripon_poke has 5 seconds left.
|
|t:|1750810794
|switch|p2b: Roaring Moon|Roaring Moon, L50, shiny|100/100
|-activate|p2b: Roaring Moon|ability: Protosynthesis
|-start|p2b: Roaring Moon|protosynthesisspe
|-terastallize|p1a: Koraidon|Fire
|move|p2a: Calyrex|Protect|p2a: Calyrex
|-singleturn|p2a: Calyrex|Protect
|move|p1a: Koraidon|Collision Course|p2b: Roaring Moon
|-supereffective|p2b: Roaring Moon
|-damage|p2b: Roaring Moon|0 fnt
|faint|p2b: Roaring Moon
|-end|p2b: Roaring Moon|Protosynthesis|[silent]
|move|p1b: Is|Body Press|p2a: Calyrex
|-activate|p2a: Calyrex|move: Protect
|
|-weather|SunnyDay|[upkeep]
|upkeep
|inactive|peripon_poke has 30 seconds left.
|inactive|peripon_poke has 20 seconds left.
|
|t:|1750810834
|switch|p2b: Raichu|Raichu, L50, M, shiny|100/100
|turn|3
|inactive|peripon_poke has 30 seconds left.
|
|t:|1750810868
|-terastallize|p2a: Calyrex|Fairy
|move|p2b: Raichu|Fake Out|p1b: Is
|-resisted|p1b: Is
|-damage|p1b: Is|83/100
|move|p1a: Koraidon|Collision Course|p2a: Calyrex
|-resisted|p2a: Calyrex
|-damage|p2a: Calyrex|77/100
|cant|p1b: Is|flinch
|move|p2a: Calyrex|Trick Room|p2a: Calyrex
|-fieldstart|move: Trick Room|[of] p2a: Calyrex
|
|-weather|SunnyDay|[upkeep]
|upkeep
|turn|4
|inactive|peripon_poke has 30 seconds left.
|
|t:|1750810896
|move|p2a: Calyrex|High Horsepower|p1a: Koraidon
|-supereffective|p1a: Koraidon
|-damage|p1a: Koraidon|5/100
|move|p1b: Is|Body Press|p2b: Raichu
|-enditem|p2b: Raichu|Focus Sash
|-damage|p2b: Raichu|1/100
|move|p2b: Raichu|Volt Switch|p1b: Is
|-resisted|p1b: Is
|-damage|p1b: Is|74/100
|
|t:|1750810906
|switch|p2b: Kyogre|Kyogre, L50, shiny|100/100|[from] Volt Switch
|-weather|RainDance|[from] ability: Drizzle|[of] p2b: Kyogre
|move|p1a: Koraidon|Collision Course|p2b: Kyogre
|-damage|p2b: Kyogre|52/100
|
|-weather|RainDance|[upkeep]
|upkeep
|turn|5
|
|t:|1750810930
|move|p2a: Calyrex|Glacial Lance|p1b: Is|[spread] p1a,p1b
|-resisted|p1a: Koraidon
|-damage|p1a: Koraidon|0 fnt
|-damage|p1b: Is|59/100
|faint|p1a: Koraidon
|-ability|p2a: Calyrex|Chilling Neigh|boost
|-boost|p2a: Calyrex|atk|1
|move|p1b: Is|Electro Shot||[still]
|-prepare|p1b: Is|Electro Shot
|-boost|p1b: Is|spa|1
|-anim|p1b: Is|Electro Shot|p2b: Kyogre
|-supereffective|p2b: Kyogre
|-damage|p2b: Kyogre|0 fnt
|faint|p2b: Kyogre
|
|-weather|RainDance|[upkeep]
|upkeep
|
|t:|1750810945
|switch|p2b: Raichu|Raichu, L50, M, shiny|1/100
|switch|p1a: Scotland|Walking Wake, L50|100/100
|-enditem|p1a: Scotland|Booster Energy
|-activate|p1a: Scotland|ability: Protosynthesis|[fromitem]
|-start|p1a: Scotland|protosynthesisspe
|turn|6
|inactive|TheDecommissioner has 30 seconds left.
|
|t:|1750810974
|move|p1a: Scotland|Protect|p1a: Scotland
|-singleturn|p1a: Scotland|Protect
|move|p2b: Raichu|Fake Out|p1b: Is
|-resisted|p1b: Is
|-damage|p1b: Is|58/100
|move|p2a: Calyrex|Glacial Lance|p1a: Scotland|[spread] p1b
|-activate|p1a: Scotland|move: Protect
|-damage|p1b: Is|36/100
|cant|p1b: Is|flinch
|
|-weather|RainDance|[upkeep]
|upkeep
|turn|7
|
|t:|1750810992
|move|p2a: Calyrex|Glacial Lance|p1b: Is|[spread] p1a,p1b
|-damage|p1a: Scotland|0 fnt
|-damage|p1b: Is|16/100
|faint|p1a: Scotland
|-end|p1a: Scotland|Protosynthesis|[silent]
|-ability|p2a: Calyrex|Chilling Neigh|boost
|-boost|p2a: Calyrex|atk|1
|move|p1b: Is|Body Press|p2b: Raichu
|-damage|p2b: Raichu|0 fnt
|faint|p2b: Raichu
|
|-weather|RainDance|[upkeep]
|-fieldend|move: Trick Room
|upkeep
|turn|8
|
|t:|1750811006
|move|p1b: Is|Electro Shot||[still]
|-prepare|p1b: Is|Electro Shot
|-boost|p1b: Is|spa|1
|-anim|p1b: Is|Electro Shot|p2a: Calyrex
|-crit|p2a: Calyrex
|-damage|p2a: Calyrex|2/100
|move|p2a: Calyrex|High Horsepower|p1b: Is
|-supereffective|p1b: Is
|-damage|p1b: Is|0 fnt
|faint|p1b: Is
|
|win|peripon_poke
|raw|TheDecommissioner's rating: 1299 &rarr; <strong>1273</strong><br />(-26 for losing)
|raw|peripon_poke's rating: 1289 &rarr; <strong>1315</strong><br />(+26 for winning)
|l|☆TheDecommissioner
|player|p1|
