|j|☆WeWantBreathOfFire
|j|☆pom123123123
|t:|1750856132
|gametype|doubles
|player|p1|WeWantBreathOfFire|pryce|1685
|player|p2|pom123123123|wattson|1799
|teamsize|p1|6
|teamsize|p2|6
|gen|9
|tier|[Gen 9] VGC 2025 Reg I
|rated|
|rule|Species Clause: Limit one of each Pokémon
|rule|Item Clause: Limit 1 of each item
|clearpoke
|poke|p1|Rillaboom, L50, F|
|poke|p1|Urshifu-*, L50, M|
|poke|p1|Eternatus, L50|
|poke|p1|Kyogre, L50|
|poke|p1|Incineroar, L50, M|
|poke|p1|Wo-Chien, L50|
|poke|p2|Calyrex-Ice, L50|
|poke|p2|Kyogre, L50|
|poke|p2|Farigiraf, L50, M|
|poke|p2|Rillaboom, L50, M|
|poke|p2|Urshifu-*, L50, M|
|poke|p2|Smeargle, L50, F|
|teampreview|4
|inactive|Battle timer is ON: inactive players will automatically lose when time's up. (requested by pom123123123)
|inactive|WeWantBreathOfFire has 60 seconds left.
|inactive|pom123123123 has 60 seconds left.
|
|t:|1750856169
|start
|switch|p1a: Eternatus|Eternatus, L50|100/100
|switch|p1b: Urshifu|Urshifu, L50, M|100/100
|switch|p2a: Kanne|Calyrex-Ice, L50|100/100
|switch|p2b: Pablo Picaso|Smeargle, L50, F|100/100
|-ability|p2a: Kanne|As One
|-ability|p2a: Kanne|Unnerve
|-ability|p1a: Eternatus|Pressure
|turn|1
|
|t:|1750856181
|switch|p1b: Incineroar|Incineroar, L50, M|100/100
|-ability|p1b: Incineroar|Intimidate|boost
|-fail|p2a: Kanne|unboost|[from] item: Clear Amulet|[of] p2a: Kanne
|-unboost|p2b: Pablo Picaso|atk|1
|-terastallize|p1a: Eternatus|Fairy
|-terastallize|p2a: Kanne|Fire
|move|p1a: Eternatus|Substitute|p1a: Eternatus
|-start|p1a: Eternatus|Substitute
|-damage|p1a: Eternatus|76/100
|move|p2b: Pablo Picaso|Spore|p1b: Incineroar
|-activate|p1b: Incineroar|item: Safety Goggles|Spore
|move|p2a: Kanne|Glacial Lance|p1b: Incineroar|[spread] p1a,p1b
|-end|p1a: Eternatus|Substitute
|-resisted|p1b: Incineroar
|-damage|p1b: Incineroar|79/100
|
|-heal|p1a: Eternatus|82/100|[from] item: Leftovers
|upkeep
|turn|2
|inactive|pom123123123 has 30 seconds left.
|inactive|pom123123123 has 20 seconds left.
|
|t:|1750856217
|move|p1b: Incineroar|Fake Out|p2b: Pablo Picaso
|-damage|p2b: Pablo Picaso|75/100
|move|p1a: Eternatus|Cosmic Power|p1a: Eternatus
|-boost|p1a: Eternatus|def|1
|-boost|p1a: Eternatus|spd|1
|cant|p2b: Pablo Picaso|flinch
|move|p2a: Kanne|Trick Room|p2a: Kanne
|-fieldstart|move: Trick Room|[of] p2a: Kanne
|
|-heal|p1a: Eternatus|88/100|[from] item: Leftovers
|upkeep
|turn|3
|
|t:|1750856236
|switch|p2b: Lawine|Kyogre, L50|100/100
|-weather|RainDance|[from] ability: Drizzle|[of] p2b: Lawine
|move|p2a: Kanne|Glacial Lance|p1b: Incineroar|[spread] p1a,p1b
|-resisted|p1b: Incineroar
|-damage|p1a: Eternatus|64/100
|-damage|p1b: Incineroar|59/100
|move|p1b: Incineroar|Knock Off|p2a: Kanne
|-damage|p2a: Kanne|75/100
|-enditem|p2a: Kanne|Clear Amulet|[from] move: Knock Off|[of] p1b: Incineroar
|move|p1a: Eternatus|Substitute|p1a: Eternatus
|-start|p1a: Eternatus|Substitute
|-damage|p1a: Eternatus|40/100
|
|-weather|RainDance|[upkeep]
|-heal|p1a: Eternatus|46/100|[from] item: Leftovers
|upkeep
|turn|4
|
|t:|1750856254
|move|p2b: Lawine|Water Spout|p1b: Incineroar|[spread] p1a,p1b
|-end|p1a: Eternatus|Substitute
|-supereffective|p1b: Incineroar
|-damage|p1b: Incineroar|0 fnt
|faint|p1b: Incineroar
|move|p2a: Kanne|Glacial Lance|p1a: Eternatus
|-damage|p1a: Eternatus|16/100
|move|p1a: Eternatus|Recover|p1a: Eternatus
|-heal|p1a: Eternatus|66/100
|
|-weather|RainDance|[upkeep]
|-heal|p1a: Eternatus|73/100|[from] item: Leftovers
|upkeep
|
|t:|1750856259
|switch|p1b: Urshifu|Urshifu, L50, M|100/100
|turn|5
|inactive|WeWantBreathOfFire has 30 seconds left.
|
|t:|1750856293
|switch|p2b: Pablo Picaso|Smeargle, L50, F|75/100
|move|p1b: Urshifu|Protect|p1b: Urshifu
|-singleturn|p1b: Urshifu|Protect
|move|p2a: Kanne|Glacial Lance|p1a: Eternatus|[spread] p1a
|-activate|p1b: Urshifu|move: Protect
|-crit|p1a: Eternatus
|-damage|p1a: Eternatus|24/100
|move|p1a: Eternatus|Recover|p1a: Eternatus
|-heal|p1a: Eternatus|74/100
|
|-weather|RainDance|[upkeep]
|-heal|p1a: Eternatus|80/100|[from] item: Leftovers
|upkeep
|turn|6
|inactive|pom123123123 has 30 seconds left.
|
|t:|1750856318
|switch|p2a: Slippery Bear|Urshifu-Rapid-Strike, L50, M|100/100
|move|p2b: Pablo Picaso|Spore|p1b: Urshifu
|-status|p1b: Urshifu|slp|[from] move: Spore
|cant|p1b: Urshifu|slp
|move|p1a: Eternatus|Substitute|p1a: Eternatus
|-start|p1a: Eternatus|Substitute
|-damage|p1a: Eternatus|56/100
|
|-weather|RainDance|[upkeep]
|-heal|p1a: Eternatus|62/100|[from] item: Leftovers
|-fieldend|move: Trick Room
|upkeep
|turn|7
|inactive|WeWantBreathOfFire has 30 seconds left.
|j| 1212kkekrk
|inactive|WeWantBreathOfFire has 20 seconds left.
|
|t:|1750856357
|move|p2a: Slippery Bear|Surging Strikes|p1a: Eternatus
|-crit|p1a: Eternatus
|-activate|p1a: Eternatus|move: Substitute|[damage]
|-crit|p1a: Eternatus
|-end|p1a: Eternatus|Substitute
|-crit|p1a: Eternatus
|-damage|p1a: Eternatus|43/100
|-hitcount|p1a: Eternatus|3
|move|p1a: Eternatus|Sludge Bomb|p2b: Pablo Picaso
|-damage|p2b: Pablo Picaso|0 fnt
|faint|p2b: Pablo Picaso
|cant|p1b: Urshifu|slp
|
|-weather|none
|-heal|p1a: Eternatus|49/100|[from] item: Leftovers
|upkeep
|
|t:|1750856370
|switch|p2b: Lawine|Kyogre, L50|100/100
|-weather|RainDance|[from] ability: Drizzle|[of] p2b: Lawine
|turn|8
|
|t:|1750856395
|switch|p1a: Kyogre|Kyogre, L50|100/100
|-curestatus|p1b: Urshifu|slp|[msg]
|move|p1b: Urshifu|Sucker Punch|p2b: Lawine
|-damage|p2b: Lawine|61/100
|move|p2a: Slippery Bear|Surging Strikes|p1a: Kyogre
|-resisted|p1a: Kyogre
|-crit|p1a: Kyogre
|-damage|p1a: Kyogre|80/100
|-resisted|p1a: Kyogre
|-crit|p1a: Kyogre
|-damage|p1a: Kyogre|63/100
|-resisted|p1a: Kyogre
|-crit|p1a: Kyogre
|-damage|p1a: Kyogre|42/100
|-hitcount|p1a: Kyogre|3
|move|p2b: Lawine|Hydro Pump|p1b: Urshifu
|-enditem|p1b: Urshifu|Focus Sash
|-damage|p1b: Urshifu|1/100
|
|-weather|RainDance|[upkeep]
|upkeep
|turn|9
|inactive|WeWantBreathOfFire has 30 seconds left.
|
|t:|1750856429
|move|p1a: Kyogre|Thunder|p2a: Slippery Bear
|-supereffective|p2a: Slippery Bear
|-damage|p2a: Slippery Bear|0 fnt
|faint|p2a: Slippery Bear
|move|p1b: Urshifu|Wicked Blow|p2b: Lawine
|-crit|p2b: Lawine
|-damage|p2b: Lawine|5/100
|move|p2b: Lawine|Thunder|p1a: Kyogre
|-supereffective|p1a: Kyogre
|-damage|p1a: Kyogre|0 fnt
|faint|p1a: Kyogre
|
|-weather|RainDance|[upkeep]
|upkeep
|
|t:|1750856434
|switch|p1a: Eternatus|Eternatus, L50, tera:Fairy|49/100
|switch|p2a: Kanne|Calyrex-Ice, L50, tera:Fire|75/100
|-ability|p2a: Kanne|As One
|-ability|p2a: Kanne|Unnerve
|-ability|p1a: Eternatus|Pressure
|turn|10
|
|t:|1750856452
|move|p2b: Lawine|Protect|p2b: Lawine
|-singleturn|p2b: Lawine|Protect
|move|p1a: Eternatus|Recover|p1a: Eternatus
|-heal|p1a: Eternatus|99/100
|move|p1b: Urshifu|Wicked Blow|p2b: Lawine
|-crit|p2b: Lawine
|-damage|p2b: Lawine|0 fnt
|faint|p2b: Lawine
|move|p2a: Kanne|High Horsepower|p1b: Urshifu
|-damage|p1b: Urshifu|0 fnt
|faint|p1b: Urshifu
|-ability|p2a: Kanne|Chilling Neigh|boost
|-boost|p2a: Kanne|atk|1
|
|-weather|RainDance|[upkeep]
|-heal|p1a: Eternatus|100/100|[from] item: Leftovers
|upkeep
|turn|11
|
|t:|1750856464
|move|p1a: Eternatus|Cosmic Power|p1a: Eternatus
|-boost|p1a: Eternatus|def|1
|-boost|p1a: Eternatus|spd|1
|move|p2a: Kanne|High Horsepower|p1a: Eternatus
|-damage|p1a: Eternatus|75/100
|
|-weather|RainDance|[upkeep]
|-heal|p1a: Eternatus|81/100|[from] item: Leftovers
|upkeep
|turn|12
|-message|pom123123123 forfeited.
|
|win|WeWantBreathOfFire
|raw|WeWantBreathOfFire's rating: 1685 &rarr; <strong>1711</strong><br />(+26 for winning)
|raw|pom123123123's rating: 1799 &rarr; <strong>1773</strong><br />(-26 for losing)
|l|☆pom123123123
|player|p2|
|j|☆pom123123123
|player|p2|pom123123123|wattson|
|l|☆pom123123123
|player|p2|
|l|☆WeWantBreathOfFire
|player|p1|
|l| 1212kkekrk
