|j|☆Mulaticoxxx
|j|☆Masrur_Khan3324442
|t:|1750824280
|gametype|doubles
|player|p1|Mulaticoxxx|265|1123
|player|p2|Masrur_Khan3324442|265|1116
|teamsize|p1|6
|teamsize|p2|6
|gen|9
|tier|[Gen 9] VGC 2025 Reg I
|rated|
|rule|Species Clause: Limit one of each Pokémon
|rule|Item Clause: Limit 1 of each item
|clearpoke
|poke|p1|Rillaboom, L50, M|
|poke|p1|Lunala, L50|
|poke|p1|Walking Wake, L50|
|poke|p1|Incineroar, L50, M|
|poke|p1|Groudon, L50|
|poke|p1|Annihilape, L50, M|
|poke|p2|Calyrex-Shadow, L50|
|poke|p2|Miraidon, L50|
|poke|p2|Farigiraf, L50, F|
|poke|p2|Urshifu-*, L50, F|
|poke|p2|Incineroar, L50, F|
|poke|p2|Landorus, L50, M|
|teampreview|4
|inactive|Battle timer is ON: inactive players will automatically lose when time's up. (requested by Mulaticoxxx)
|
|t:|1750824312
|start
|switch|p1a: Annihilape|Annihilape, L50, M|100/100
|switch|p1b: Lunala|Lunala, L50|100/100
|switch|p2a: Calyrex|Calyrex-Shadow, L50|100/100
|switch|p2b: Urshifu|Urshifu-Rapid-Strike, L50, F|100/100
|-ability|p2a: Calyrex|As One
|-ability|p2a: Calyrex|Unnerve
|turn|1
|inactive|Masrur_Khan3324442 has 30 seconds left.
|inactive|Masrur_Khan3324442 has 20 seconds left.
|inactive|Masrur_Khan3324442 has 15 seconds left.
|inactive|Masrur_Khan3324442 has 10 seconds left.
|inactive|Masrur_Khan3324442 has 5 seconds left.
|
|t:|1750824364
|-terastallize|p2a: Calyrex|Normal
|move|p1b: Lunala|Wide Guard|p1b: Lunala
|-singleturn|p1b: Lunala|Wide Guard
|move|p2b: Urshifu|Aqua Jet|p1b: Lunala
|-damage|p1b: Lunala|93/100
|move|p2a: Calyrex|Astral Barrage|p1b: Lunala|[spread] 
|-activate|p1a: Annihilape|move: Wide Guard
|-activate|p1b: Lunala|move: Wide Guard
|move|p1a: Annihilape|Rage Fist|p2a: Calyrex
|-immune|p2a: Calyrex
|
|upkeep
|turn|2
|inactive|Mulaticoxxx has 30 seconds left.
|
|t:|1750824391
|switch|p2b: Miraidon|Miraidon, L50|100/100
|-fieldstart|move: Electric Terrain|[from] ability: Hadron Engine|[of] p2b: Miraidon
|move|p2a: Calyrex|Protect|p2a: Calyrex
|-singleturn|p2a: Calyrex|Protect
|move|p1b: Lunala|Wide Guard|p1b: Lunala
|-singleturn|p1b: Lunala|Wide Guard
|move|p1a: Annihilape|Drain Punch|p2a: Calyrex
|-activate|p2a: Calyrex|move: Protect
|
|upkeep
|turn|3
|inactive|Mulaticoxxx has 30 seconds left.
|
|t:|1750824417
|switch|p2a: Farigiraf|Farigiraf, L50, F|100/100
|switch|p1a: Groudon|Groudon, L50|100/100
|-weather|SunnyDay|[from] ability: Drought|[of] p1a: Groudon
|move|p1b: Lunala|Wide Guard|p1b: Lunala
|-singleturn|p1b: Lunala|Wide Guard
|move|p2b: Miraidon|Electro Drift|p1b: Lunala
|-damage|p1b: Lunala|8/100
|
|-weather|SunnyDay|[upkeep]
|upkeep
|turn|4
|inactive|Masrur_Khan3324442 has 30 seconds left.
|inactive|Masrur_Khan3324442 has 20 seconds left.
|inactive|Masrur_Khan3324442 has 15 seconds left.
|
|t:|1750824459
|switch|p1b: Walking Wake|Walking Wake, L50|100/100
|-activate|p1b: Walking Wake|ability: Protosynthesis
|-start|p1b: Walking Wake|protosynthesisspa
|move|p2b: Miraidon|Electro Drift|p1b: Walking Wake
|-damage|p1b: Walking Wake|0 fnt
|faint|p1b: Walking Wake
|-end|p1b: Walking Wake|Protosynthesis|[silent]
|move|p1a: Groudon|Precipice Blades|p2a: Farigiraf|[spread] p2a,p2b
|-supereffective|p2b: Miraidon
|-damage|p2a: Farigiraf|42/100
|-damage|p2b: Miraidon|0 fnt
|faint|p2b: Miraidon
|move|p2a: Farigiraf|Twin Beam|p1a: Groudon
|-damage|p1a: Groudon|81/100
|-damage|p1a: Groudon|61/100
|-hitcount|p1a: Groudon|2
|
|-weather|SunnyDay|[upkeep]
|upkeep
|
|t:|1750824480
|switch|p2b: Urshifu|Urshifu-Rapid-Strike, L50, F|100/100
|switch|p1b: Annihilape|Annihilape, L50, M|100/100
|turn|5
|
|t:|1750824503
|switch|p1a: Lunala|Lunala, L50|8/100
|move|p2a: Farigiraf|Helping Hand|p2b: Urshifu
|-singleturn|p2b: Urshifu|Helping Hand|[of] p2a: Farigiraf
|move|p2b: Urshifu|Close Combat|p1a: Lunala
|-immune|p1a: Lunala
|move|p1b: Annihilape|Rage Fist|p2b: Urshifu
|-crit|p2b: Urshifu
|-damage|p2b: Urshifu|66/100
|
|-weather|SunnyDay|[upkeep]
|upkeep
|turn|6
|
|t:|1750824527
|switch|p2b: Calyrex|Calyrex-Shadow, L50, tera:Normal|100/100
|-ability|p2b: Calyrex|As One
|-ability|p2b: Calyrex|Unnerve
|move|p1a: Lunala|Expanding Force|p2b: Calyrex
|-damage|p2b: Calyrex|67/100
|move|p1b: Annihilape|Bulk Up|p1b: Annihilape
|-boost|p1b: Annihilape|atk|1
|-boost|p1b: Annihilape|def|1
|move|p2a: Farigiraf|Twin Beam|p1b: Annihilape
|-supereffective|p1b: Annihilape
|-damage|p1b: Annihilape|73/100
|-supereffective|p1b: Annihilape
|-damage|p1b: Annihilape|42/100
|-hitcount|p1b: Annihilape|2
|
|-weather|SunnyDay|[upkeep]
|-fieldend|move: Electric Terrain
|upkeep
|turn|7
|inactive|Mulaticoxxx has 30 seconds left.
|inactive|Masrur_Khan3324442 has 30 seconds left.
|
|t:|1750824556
|move|p1a: Lunala|Wide Guard|p1a: Lunala
|-singleturn|p1a: Lunala|Wide Guard
|move|p2b: Calyrex|Psychic|p1b: Annihilape
|-supereffective|p1b: Annihilape
|-damage|p1b: Annihilape|0 fnt
|faint|p1b: Annihilape
|-ability|p2b: Calyrex|Grim Neigh|boost
|-boost|p2b: Calyrex|spa|1
|move|p2a: Farigiraf|Twin Beam|p1a: Lunala
|-resisted|p1a: Lunala
|-damage|p1a: Lunala|2/100
|-resisted|p1a: Lunala
|-damage|p1a: Lunala|0 fnt
|faint|p1a: Lunala
|-hitcount|p1: Lunala|2
|
|-weather|none
|upkeep
|-message|Mulaticoxxx forfeited.
|
|win|Masrur_Khan3324442
|raw|Mulaticoxxx's rating: 1123 &rarr; <strong>1097</strong><br />(-26 for losing)
|raw|Masrur_Khan3324442's rating: 1116 &rarr; <strong>1142</strong><br />(+26 for winning)
|l|☆Mulaticoxxx
|player|p1|
|l|☆Masrur_Khan3324442
|player|p2|
