|j|☆helo hru
|j|☆Aragon_Neotrix
|t:|1750774619
|gametype|doubles
|player|p1|helo hru|unknownf|1312
|player|p2|Aragon_Neotrix|cheren-gen5bw2|1229
|teamsize|p1|6
|teamsize|p2|6
|gen|9
|tier|[Gen 9] VGC 2025 Reg I
|rated|
|rule|Species Clause: Limit one of each Pokémon
|rule|Item Clause: Limit 1 of each item
|clearpoke
|poke|p1|Avalugg, L50, F|
|poke|p1|Ninetales-Alola, L50, F|
|poke|p1|Miraidon, L50|
|poke|p1|Ho-Oh, L50|
|poke|p1|Farigiraf, L50, M|
|poke|p1|Iron Treads, L50|
|poke|p2|Goodra-Hisui, L50, F|
|poke|p2|Tyranitar, L50, F|
|poke|p2|Necrozma-Dusk-Mane, L50|
|poke|p2|Groudon, L50|
|poke|p2|Flutter Mane, L50|
|poke|p2|Weavile, L50, M|
|teampreview|4
|inactive|Battle timer is ON: inactive players will automatically lose when time's up. (requested by Aragon_Neotrix)
|
|t:|1750774653
|start
|switch|p1a: Baguette|Farigiraf, L50, M|100/100
|switch|p1b: Oh-Ho|Ho-Oh, L50|100/100
|switch|p2a: Tyranitar|Tyranitar, L50, F|100/100
|switch|p2b: Flutter Mane|Flutter Mane, L50|100/100
|-weather|Sandstorm|[from] ability: Sand Stream|[of] p2a: Tyranitar
|-enditem|p2b: Flutter Mane|Booster Energy
|-activate|p2b: Flutter Mane|ability: Protosynthesis|[fromitem]
|-start|p2b: Flutter Mane|protosynthesisspe
|turn|1
|inactive|Aragon_Neotrix has 30 seconds left.
|inactive|Aragon_Neotrix has 20 seconds left.
|
|t:|1750774689
|-end|p2b: Flutter Mane|Protosynthesis|[silent]
|switch|p2b: Necrozma|Necrozma-Dusk-Mane, L50|100/100
|move|p1a: Baguette|Protect|p1a: Baguette
|-singleturn|p1a: Baguette|Protect
|move|p1b: Oh-Ho|Brave Bird|p2b: Necrozma
|-resisted|p2b: Necrozma
|-damage|p2b: Necrozma|80/100
|-damage|p1b: Oh-Ho|94/100|[from] Recoil
|move|p2a: Tyranitar|Rock Slide|p1a: Baguette|[spread] p1b
|-activate|p1a: Baguette|move: Protect
|-supereffective|p1b: Oh-Ho
|-damage|p1b: Oh-Ho|0 fnt
|faint|p1b: Oh-Ho
|
|-weather|Sandstorm|[upkeep]
|-damage|p1a: Baguette|94/100|[from] Sandstorm
|upkeep
|
|t:|1750774697
|switch|p1b: GEM|Avalugg, L50, F|100/100
|turn|2
|
|t:|1750774717
|move|p2b: Necrozma|Sunsteel Strike|p1b: GEM
|-supereffective|p1b: GEM
|-damage|p1b: GEM|50/100
|move|p2a: Tyranitar|Rock Slide|p1a: Baguette|[spread] p1a,p1b
|-supereffective|p1b: GEM
|-damage|p1a: Baguette|70/100
|-damage|p1b: GEM|23/100
|cant|p1b: GEM|flinch
|move|p1a: Baguette|Trick Room|p1a: Baguette
|-fieldstart|move: Trick Room|[of] p1a: Baguette
|
|-weather|Sandstorm|[upkeep]
|-damage|p1b: GEM|17/100|[from] Sandstorm
|-damage|p1a: Baguette|64/100|[from] Sandstorm
|upkeep
|turn|3
|inactive|Aragon_Neotrix has 30 seconds left.
|
|t:|1750774743
|switch|p1a: Keii|Miraidon, L50|100/100
|-fieldstart|move: Electric Terrain|[from] ability: Hadron Engine|[of] p1a: Keii
|-enditem|p1b: GEM|Electric Seed
|-boost|p1b: GEM|def|1|[from] item: Electric Seed
|move|p2a: Tyranitar|Protect|p2a: Tyranitar
|-singleturn|p2a: Tyranitar|Protect
|move|p1b: GEM|Recover|p1b: GEM
|-heal|p1b: GEM|67/100
|move|p2b: Necrozma|Sunsteel Strike|p1b: GEM
|-supereffective|p1b: GEM
|-damage|p1b: GEM|35/100
|
|-weather|Sandstorm|[upkeep]
|-damage|p1b: GEM|29/100|[from] Sandstorm
|-damage|p1a: Keii|95/100|[from] Sandstorm
|upkeep
|turn|4
|inactive|Aragon_Neotrix has 30 seconds left.
|inactive|helo hru has 30 seconds left.
|
|t:|1750774781
|-terastallize|p1b: GEM|Fighting
|move|p1b: GEM|Body Press|p2a: Tyranitar
|-supereffective|p2a: Tyranitar
|-damage|p2a: Tyranitar|0 fnt
|faint|p2a: Tyranitar
|move|p2b: Necrozma|Photon Geyser|p1a: Keii
|-damage|p1a: Keii|41/100
|move|p1a: Keii|Electro Drift|p2b: Necrozma
|-damage|p2b: Necrozma|11/100
|
|-weather|Sandstorm|[upkeep]
|-damage|p1b: GEM|23/100|[from] Sandstorm
|-damage|p1a: Keii|35/100|[from] Sandstorm
|upkeep
|
|t:|1750774800
|switch|p2a: Groudon|Groudon, L50|100/100
|-weather|SunnyDay|[from] ability: Drought|[of] p2a: Groudon
|turn|5
|
|t:|1750774814
|switch|p1a: Baguette|Farigiraf, L50, M|64/100
|move|p2a: Groudon|Protect|p2a: Groudon
|-singleturn|p2a: Groudon|Protect
|move|p1b: GEM|Recover|p1b: GEM
|-heal|p1b: GEM|73/100
|move|p2b: Necrozma|Photon Geyser|p1b: GEM
|-supereffective|p1b: GEM
|-damage|p1b: GEM|36/100
|
|-weather|SunnyDay|[upkeep]
|upkeep
|turn|6
|inactive|helo hru has 30 seconds left.
|
|t:|1750774840
|move|p1b: GEM|Recover|p1b: GEM
|-heal|p1b: GEM|86/100
|move|p2b: Necrozma|Photon Geyser|p1b: GEM
|-supereffective|p1b: GEM
|-damage|p1b: GEM|52/100
|move|p1a: Baguette|Foul Play|p2b: Necrozma
|-supereffective|p2b: Necrozma
|-damage|p2b: Necrozma|0 fnt
|faint|p2b: Necrozma
|move|p2a: Groudon|Precipice Blades|p1a: Baguette|[spread] p1b
|-miss|p2a: Groudon|p1a: Baguette
|-damage|p1b: GEM|40/100
|
|-weather|SunnyDay|[upkeep]
|-fieldend|move: Trick Room
|upkeep
|
|t:|1750774851
|switch|p2b: Flutter Mane|Flutter Mane, L50|100/100
|-activate|p2b: Flutter Mane|ability: Protosynthesis
|-start|p2b: Flutter Mane|protosynthesisspe
|turn|7
|
|t:|1750774878
|move|p1b: GEM|Wide Guard|p1b: GEM
|-singleturn|p1b: GEM|Wide Guard
|move|p2b: Flutter Mane|Dazzling Gleam|p1b: GEM|[spread] 
|-activate|p1a: Baguette|move: Wide Guard
|-activate|p1b: GEM|move: Wide Guard
|move|p2a: Groudon|Precipice Blades|p1b: GEM|[spread] 
|-activate|p1a: Baguette|move: Wide Guard
|-activate|p1b: GEM|move: Wide Guard
|move|p1a: Baguette|Trick Room|p1a: Baguette
|-fieldstart|move: Trick Room|[of] p1a: Baguette
|
|-weather|SunnyDay|[upkeep]
|-fieldend|move: Electric Terrain
|upkeep
|turn|8
|inactive|helo hru has 30 seconds left.
|
|t:|1750774905
|move|p1a: Baguette|Helping Hand|p1b: GEM
|-singleturn|p1b: GEM|Helping Hand|[of] p1a: Baguette
|move|p2a: Groudon|Protect|p2a: Groudon
|-singleturn|p2a: Groudon|Protect
|move|p1b: GEM|Body Press|p2a: Groudon
|-activate|p2a: Groudon|move: Protect
|move|p2b: Flutter Mane|Dazzling Gleam|p1a: Baguette|[spread] p1a,p1b
|-supereffective|p1b: GEM
|-damage|p1a: Baguette|36/100
|-damage|p1b: GEM|0 fnt
|faint|p1b: GEM
|
|-weather|SunnyDay|[upkeep]
|upkeep
|
|t:|1750774910
|switch|p1b: Keii|Miraidon, L50|35/100
|-fieldstart|move: Electric Terrain|[from] ability: Hadron Engine|[of] p1b: Keii
|turn|9
|
|t:|1750774927
|move|p1a: Baguette|Foul Play|p2a: Groudon
|-damage|p2a: Groudon|76/100
|move|p2a: Groudon|Precipice Blades|p1b: Keii|[spread] p1b
|-miss|p2a: Groudon|p1a: Baguette
|-supereffective|p1b: Keii
|-damage|p1b: Keii|0 fnt
|faint|p1b: Keii
|move|p2b: Flutter Mane|Dazzling Gleam|p1a: Baguette
|-damage|p1a: Baguette|0 fnt
|faint|p1a: Baguette
|
|win|Aragon_Neotrix
|raw|helo hru's rating: 1312 &rarr; <strong>1287</strong><br />(-25 for losing)
|raw|Aragon_Neotrix's rating: 1229 &rarr; <strong>1260</strong><br />(+31 for winning)
|l|☆Aragon_Neotrix
|player|p2|
