|j|☆devadyuti
|j|☆Novicebest
|t:|1750742492
|gametype|doubles
|player|p1|devadyuti|cynthia-gen4|1560
|player|p2|Novicebest|265|1602
|teamsize|p1|6
|teamsize|p2|6
|gen|9
|tier|[Gen 9] VGC 2025 Reg I
|rated|
|rule|Species Clause: Limit one of each Pokémon
|rule|Item Clause: Limit 1 of each item
|clearpoke
|poke|p1|Calyrex-Shadow, L50|
|poke|p1|Zamazenta-*, L50|
|poke|p1|Incineroar, L50, M|
|poke|p1|Flutter Mane, L50|
|poke|p1|Indeedee-F, L50, F|
|poke|p1|Raging Bolt, L50|
|poke|p2|Lunala, L50|
|poke|p2|Miraidon, L50|
|poke|p2|Urshifu-*, L50, F|
|poke|p2|Incineroar, L50, M|
|poke|p2|Whimsicott, L50, F|
|poke|p2|Ursaluna, L50, F|
|teampreview|4
|inactive|Battle timer is ON: inactive players will automatically lose when time's up. (requested by Novicebest)
|inactive|devadyuti has 60 seconds left.
|
|t:|1750742541
|start
|switch|p1a: Zamazenta|Zamazenta-Crowned, L50|100/100
|switch|p1b: Incineroar|Incineroar, L50, M|100/100
|switch|p2a: Lunala|Lunala, L50|100/100
|switch|p2b: Miraidon|Miraidon, L50|100/100
|-fieldstart|move: Electric Terrain|[from] ability: Hadron Engine|[of] p2b: Miraidon
|-enditem|p2a: Lunala|Electric Seed
|-boost|p2a: Lunala|def|1|[from] item: Electric Seed
|-ability|p1a: Zamazenta|Dauntless Shield|boost
|-boost|p1a: Zamazenta|def|1
|-ability|p1b: Incineroar|Intimidate|boost
|-unboost|p2a: Lunala|atk|1
|-unboost|p2b: Miraidon|atk|1
|turn|1
|inactive|devadyuti has 30 seconds left.
|inactive|devadyuti has 20 seconds left.
|inactive|devadyuti has 15 seconds left.
|
|t:|1750742584
|move|p1b: Incineroar|Fake Out|p2b: Miraidon
|-damage|p2b: Miraidon|89/100
|cant|p2b: Miraidon|flinch
|move|p1a: Zamazenta|Body Press|p2b: Miraidon
|-damage|p2b: Miraidon|29/100
|move|p2a: Lunala|Moongeist Beam|p1a: Zamazenta
|-damage|p1a: Zamazenta|64/100
|
|upkeep
|turn|2
|
|t:|1750742607
|move|p1a: Zamazenta|Protect|p1a: Zamazenta
|-singleturn|p1a: Zamazenta|Protect
|move|p2b: Miraidon|Volt Switch|p1b: Incineroar
|-damage|p1b: Incineroar|61/100
|
|t:|1750742613
|switch|p2b: Incineroar|Incineroar, L50, M|100/100|[from] Volt Switch
|-ability|p2b: Incineroar|Intimidate|boost
|-unboost|p1a: Zamazenta|atk|1
|-unboost|p1b: Incineroar|atk|1
|move|p2a: Lunala|Moongeist Beam|p1a: Zamazenta
|-activate|p1a: Zamazenta|move: Protect
|move|p1b: Incineroar|Knock Off|p2a: Lunala
|-supereffective|p2a: Lunala
|-damage|p2a: Lunala|81/100
|
|upkeep
|turn|3
|inactive|devadyuti has 30 seconds left.
|inactive|Novicebest has 30 seconds left.
|
|t:|1750742639
|move|p2b: Incineroar|Fake Out|p1a: Zamazenta
|-resisted|p1a: Zamazenta
|-damage|p1a: Zamazenta|62/100
|cant|p1a: Zamazenta|flinch
|move|p2a: Lunala|Moongeist Beam|p1a: Zamazenta
|-damage|p1a: Zamazenta|22/100
|move|p1b: Incineroar|Knock Off|p2a: Lunala
|-supereffective|p2a: Lunala
|-damage|p2a: Lunala|43/100
|
|upkeep
|turn|4
|inactive|devadyuti has 30 seconds left.
|
|t:|1750742671
|-terastallize|p2b: Incineroar|Bug
|move|p1a: Zamazenta|Body Press|p2b: Incineroar
|-resisted|p2b: Incineroar
|-damage|p2b: Incineroar|75/100
|-damage|p1a: Zamazenta|6/100|[from] item: Rocky Helmet|[of] p2b: Incineroar
|move|p2a: Lunala|Moongeist Beam|p1a: Zamazenta
|-damage|p1a: Zamazenta|0 fnt
|faint|p1a: Zamazenta
|move|p1b: Incineroar|Flare Blitz|p2b: Incineroar
|-supereffective|p2b: Incineroar
|-damage|p2b: Incineroar|27/100
|-damage|p1b: Incineroar|45/100|[from] item: Rocky Helmet|[of] p2b: Incineroar
|-damage|p1b: Incineroar|29/100|[from] Recoil
|move|p2b: Incineroar|Parting Shot|p1b: Incineroar
|-unboost|p1b: Incineroar|atk|1
|-unboost|p1b: Incineroar|spa|1
|
|t:|1750742690
|switch|p2b: Ursaluna|Ursaluna, L50, F|100/100|[from] Parting Shot
|
|-status|p2b: Ursaluna|brn|[from] item: Flame Orb
|upkeep
|
|t:|1750742699
|switch|p1a: Calyrex|Calyrex-Shadow, L50|100/100
|-ability|p1a: Calyrex|As One
|-ability|p1a: Calyrex|Unnerve
|turn|5
|
|t:|1750742717
|move|p1a: Calyrex|Protect|p1a: Calyrex
|-singleturn|p1a: Calyrex|Protect
|move|p2a: Lunala|Wide Guard|p2a: Lunala
|-singleturn|p2a: Lunala|Wide Guard
|move|p1b: Incineroar|U-turn|p2a: Lunala
|-damage|p2a: Lunala|37/100
|
|t:|1750742725
|switch|p1b: Indeedee|Indeedee-F, L50, F|100/100|[from] U-turn
|-fieldstart|move: Psychic Terrain|[from] ability: Psychic Surge|[of] p1b: Indeedee
|-enditem|p1b: Indeedee|Psychic Seed
|-boost|p1b: Indeedee|spd|1|[from] item: Psychic Seed
|move|p2b: Ursaluna|Earthquake|p1b: Indeedee|[spread] p1b
|-activate|p2a: Lunala|move: Wide Guard
|-activate|p1a: Calyrex|move: Protect
|-damage|p1b: Indeedee|32/100
|
|-damage|p2b: Ursaluna|95/100 brn|[from] brn
|upkeep
|turn|6
|inactive|devadyuti has 30 seconds left.
|inactive|Novicebest has 30 seconds left.
|inactive|Novicebest has 20 seconds left.
|inactive|Novicebest has 15 seconds left.
|
|t:|1750742765
|-terastallize|p1a: Calyrex|Dark
|move|p2b: Ursaluna|Protect|p2b: Ursaluna
|-singleturn|p2b: Ursaluna|Protect
|move|p1a: Calyrex|Psychic|p2b: Ursaluna
|-activate|p2b: Ursaluna|move: Protect
|move|p1b: Indeedee|Psychic|p2b: Ursaluna
|-activate|p2b: Ursaluna|move: Protect
|move|p2a: Lunala|Trick Room|p2a: Lunala
|-fieldstart|move: Trick Room|[of] p2a: Lunala
|
|-damage|p2b: Ursaluna|89/100 brn|[from] brn
|upkeep
|turn|7
|j| DesertGardener
|inactive|devadyuti has 30 seconds left.
|inactive|Novicebest has 30 seconds left.
|
|t:|1750742797
|move|p2a: Lunala|Wide Guard|p2a: Lunala
|-singleturn|p2a: Lunala|Wide Guard
|move|p1b: Indeedee|Follow Me|p1b: Indeedee
|-singleturn|p1b: Indeedee|move: Follow Me
|move|p2b: Ursaluna|Earthquake|p1b: Indeedee|[spread] p1a,p1b
|-activate|p2a: Lunala|move: Wide Guard
|-damage|p1a: Calyrex|22/100
|-damage|p1b: Indeedee|0 fnt
|faint|p1b: Indeedee
|move|p1a: Calyrex|Astral Barrage|p2b: Ursaluna|[spread] 
|-activate|p2a: Lunala|move: Wide Guard
|-activate|p2b: Ursaluna|move: Wide Guard
|
|-damage|p2b: Ursaluna|83/100 brn|[from] brn
|upkeep
|
|t:|1750742814
|switch|p1b: Incineroar|Incineroar, L50, M|29/100
|-ability|p1b: Incineroar|Intimidate|boost
|-unboost|p2a: Lunala|atk|1
|-unboost|p2b: Ursaluna|atk|1
|turn|8
|inactive|devadyuti has 30 seconds left.
|
|t:|1750742844
|move|p2b: Ursaluna|Protect|p2b: Ursaluna
|-singleturn|p2b: Ursaluna|Protect
|move|p1b: Incineroar|Fake Out|p2b: Ursaluna
|-activate|p2b: Ursaluna|move: Psychic Terrain
|move|p2a: Lunala|Moonblast|p1a: Calyrex
|-supereffective|p1a: Calyrex
|-damage|p1a: Calyrex|0 fnt
|faint|p1a: Calyrex
|
|-damage|p2b: Ursaluna|77/100 brn|[from] brn
|upkeep
|turn|9
|-message|devadyuti forfeited.
|
|win|Novicebest
|raw|devadyuti's rating: 1560 &rarr; <strong>1542</strong><br />(-18 for losing)
|raw|Novicebest's rating: 1602 &rarr; <strong>1620</strong><br />(+18 for winning)
|l|☆devadyuti
|player|p1|
|l|☆Novicebest
|player|p2|
|l| DesertGardener
