|j|☆Aichita
|j|☆Limbolei
|t:|1750845216
|gametype|doubles
|player|p1|Aichita|1|1111
|player|p2|Limbolei|169|1054
|teamsize|p1|6
|teamsize|p2|6
|gen|9
|tier|[Gen 9] VGC 2025 Reg I
|rated|
|rule|Species Clause: Limit one of each Pokémon
|rule|Item Clause: Limit 1 of each item
|clearpoke
|poke|p1|Ogerpon-Cornerstone, L50, F|
|poke|p1|Amoonguss, L50, M|
|poke|p1|Terapagos, L50, M|
|poke|p1|Incineroar, L50, M|
|poke|p1|Rillaboom, L50, M|
|poke|p1|Calyrex-Shadow, L50|
|poke|p2|Flareon, L50, F|
|poke|p2|Chien-Pao, L50|
|poke|p2|Tauros-Paldea-Aqua, L50, M|
|poke|p2|Farigiraf, L50, F|
|poke|p2|Garchomp, L50, F|
|poke|p2|Amoonguss, L50, M|
|teampreview|4
|l|☆Aichita
|player|p1|
|j|☆Aichita
|player|p1|Aichita|1|
|inactive|Battle timer is ON: inactive players will automatically lose when time's up. (requested by Limbolei)
|inactiveoff|Battle timer is now OFF.
|
|t:|1750845357
|start
|switch|p1a: Terapagos|Terapagos, L50, M|100/100
|switch|p1b: Rillaboom|Rillaboom, L50, M|100/100
|switch|p2a: Flareon|Flareon, L50, F|100/100
|switch|p2b: Farigiraf|Farigiraf, L50, F|100/100
|-activate|p1a: Terapagos|ability: Tera Shift
|detailschange|p1a: Terapagos|Terapagos-Terastal, L50, M
|-heal|p1a: Terapagos|100/100|[silent]
|-fieldstart|move: Grassy Terrain|[from] ability: Grassy Surge|[of] p1b: Rillaboom
|turn|1
|
|t:|1750845380
|move|p1b: Rillaboom|Fake Out||[still]
|cant|p2b: Farigiraf|ability: Armor Tail|Fake Out|[of] p1b: Rillaboom
|move|p1a: Terapagos|Calm Mind|p1a: Terapagos
|-boost|p1a: Terapagos|spa|1
|-boost|p1a: Terapagos|spd|1
|move|p2a: Flareon|Will-O-Wisp|p1b: Rillaboom
|-status|p1b: Rillaboom|brn
|move|p2b: Farigiraf|Hyper Voice|p1b: Rillaboom|[spread] p1a,p1b
|-activate|p1a: Terapagos|ability: Tera Shell
|-resisted|p1a: Terapagos
|-damage|p1a: Terapagos|92/100
|-damage|p1b: Rillaboom|83/100 brn
|-enditem|p2b: Farigiraf|Throat Spray
|-boost|p2b: Farigiraf|spa|1|[from] item: Throat Spray
|
|-heal|p1a: Terapagos|98/100|[from] Grassy Terrain
|-heal|p1a: Terapagos|100/100|[from] item: Leftovers
|-heal|p1b: Rillaboom|88/100 brn|[from] Grassy Terrain
|-damage|p1b: Rillaboom|83/100 brn|[from] brn
|upkeep
|turn|2
|
|t:|1750845412
|move|p2a: Flareon|Protect|p2a: Flareon
|-singleturn|p2a: Flareon|Protect
|move|p1a: Terapagos|Calm Mind|p1a: Terapagos
|-boost|p1a: Terapagos|spa|1
|-boost|p1a: Terapagos|spd|1
|move|p1b: Rillaboom|U-turn|p2b: Farigiraf
|-supereffective|p2b: Farigiraf
|-damage|p2b: Farigiraf|77/100
|
|t:|1750845426
|switch|p1b: Incineroar|Incineroar, L50, M|100/100|[from] U-turn
|-ability|p1b: Incineroar|Intimidate|boost
|-unboost|p2a: Flareon|atk|1
|-unboost|p2b: Farigiraf|atk|1
|move|p2b: Farigiraf|Hyper Voice|p1b: Incineroar|[spread] p1a,p1b
|-activate|p1a: Terapagos|ability: Tera Shell
|-resisted|p1a: Terapagos
|-damage|p1a: Terapagos|92/100
|-damage|p1b: Incineroar|54/100
|
|-heal|p1a: Terapagos|98/100|[from] Grassy Terrain
|-heal|p1a: Terapagos|100/100|[from] item: Leftovers
|-heal|p1b: Incineroar|60/100|[from] Grassy Terrain
|-heal|p2b: Farigiraf|84/100|[from] Grassy Terrain
|upkeep
|turn|3
|
|t:|1750845448
|switch|p2a: Tauros|Tauros-Paldea-Aqua, L50, M|100/100
|-ability|p2a: Tauros|Intimidate|boost
|-unboost|p1a: Terapagos|atk|1
|-unboost|p1b: Incineroar|atk|1
|move|p2b: Farigiraf|Protect|p2b: Farigiraf
|-singleturn|p2b: Farigiraf|Protect
|move|p1b: Incineroar|Fake Out||[still]
|cant|p2b: Farigiraf|ability: Armor Tail|Fake Out|[of] p1b: Incineroar
|move|p1a: Terapagos|Earth Power|p2a: Tauros
|-damage|p2a: Tauros|37/100
|
|-heal|p2a: Tauros|43/100|[from] Grassy Terrain
|-heal|p1b: Incineroar|66/100|[from] Grassy Terrain
|-heal|p2b: Farigiraf|90/100|[from] Grassy Terrain
|upkeep
|turn|4
|
|t:|1750845481
|move|p2a: Tauros|Close Combat|p1a: Terapagos
|-activate|p1a: Terapagos|ability: Tera Shell
|-resisted|p1a: Terapagos
|-damage|p1a: Terapagos|80/100
|-unboost|p2a: Tauros|def|1
|-unboost|p2a: Tauros|spd|1
|move|p1a: Terapagos|Tera Starstorm|p2a: Tauros
|-damage|p2a: Tauros|0 fnt
|faint|p2a: Tauros
|move|p1b: Incineroar|Knock Off|p2b: Farigiraf
|-supereffective|p2b: Farigiraf
|-damage|p2b: Farigiraf|59/100
|move|p2b: Farigiraf|Hyper Voice|p1b: Incineroar|[spread] p1a,p1b
|-damage|p1a: Terapagos|60/100
|-damage|p1b: Incineroar|24/100
|
|-heal|p1a: Terapagos|66/100|[from] Grassy Terrain
|-heal|p1a: Terapagos|72/100|[from] item: Leftovers
|-heal|p1b: Incineroar|30/100|[from] Grassy Terrain
|-heal|p2b: Farigiraf|65/100|[from] Grassy Terrain
|upkeep
|
|t:|1750845502
|switch|p2a: Amoonguss|Amoonguss, L50, M|100/100
|turn|5
|
|t:|1750845537
|move|p1a: Terapagos|Protect|p1a: Terapagos
|-singleturn|p1a: Terapagos|Protect
|move|p1b: Incineroar|Knock Off|p2a: Amoonguss
|-damage|p2a: Amoonguss|77/100
|-enditem|p2a: Amoonguss|Sitrus Berry|[from] move: Knock Off|[of] p1b: Incineroar
|move|p2a: Amoonguss|Spore|p1a: Terapagos
|-activate|p1a: Terapagos|move: Protect
|move|p2b: Farigiraf|Trick Room|p2b: Farigiraf
|-fieldstart|move: Trick Room|[of] p2b: Farigiraf
|
|-heal|p2a: Amoonguss|84/100|[from] Grassy Terrain
|-heal|p2b: Farigiraf|71/100|[from] Grassy Terrain
|-heal|p1b: Incineroar|36/100|[from] Grassy Terrain
|-heal|p1a: Terapagos|79/100|[from] Grassy Terrain
|-heal|p1a: Terapagos|85/100|[from] item: Leftovers
|-fieldend|move: Grassy Terrain
|upkeep
|turn|6
|
|t:|1750845573
|switch|p1b: Rillaboom|Rillaboom, L50, M|83/100 brn
|-fieldstart|move: Grassy Terrain|[from] ability: Grassy Surge|[of] p1b: Rillaboom
|-terastallize|p1a: Terapagos|Stellar
|detailschange|p1a: Terapagos|Terapagos-Stellar, L50, M, tera:Stellar
|-heal|p1a: Terapagos|89/100|[silent]
|-ability|p1a: Terapagos|Teraform Zero
|-fieldend|move: Grassy Terrain
|move|p2a: Amoonguss|Sludge Bomb|p1b: Rillaboom
|-supereffective|p1b: Rillaboom
|-damage|p1b: Rillaboom|47/100 brn
|move|p2b: Farigiraf|Hyper Voice|p1a: Terapagos|[spread] p1a,p1b
|-damage|p1a: Terapagos|73/100
|-damage|p1b: Rillaboom|19/100 brn
|move|p1a: Terapagos|Tera Starstorm|p2b: Farigiraf|[spread] p2a,p2b
|-damage|p2a: Amoonguss|22/100
|-damage|p2b: Farigiraf|5/100
|
|-heal|p1a: Terapagos|79/100|[from] item: Leftovers
|-damage|p1b: Rillaboom|14/100 brn|[from] brn
|upkeep
|turn|7
|
|t:|1750845598
|move|p2a: Amoonguss|Spore|p1a: Terapagos
|-status|p1a: Terapagos|slp|[from] move: Spore
|move|p2b: Farigiraf|Hyper Voice|p1a: Terapagos|[spread] p1a,p1b
|-damage|p1a: Terapagos|64/100 slp
|-damage|p1b: Rillaboom|0 fnt
|faint|p1b: Rillaboom
|cant|p1a: Terapagos|slp
|
|-heal|p1a: Terapagos|71/100 slp|[from] item: Leftovers
|upkeep
|
|t:|1750845609
|switch|p1b: Calyrex|Calyrex-Shadow, L50|100/100
|-ability|p1b: Calyrex|As One
|-ability|p1b: Calyrex|Unnerve
|turn|8
|
|t:|1750845630
|-terastallize|p2b: Farigiraf|Normal
|move|p2a: Amoonguss|Spore|p1b: Calyrex
|-status|p1b: Calyrex|slp|[from] move: Spore
|move|p2b: Farigiraf|Psychic|p1a: Terapagos
|-damage|p1a: Terapagos|51/100 slp
|-curestatus|p1a: Terapagos|slp|[msg]
|move|p1a: Terapagos|Tera Starstorm|p2a: Amoonguss|[spread] p2a,p2b
|-supereffective|p2b: Farigiraf
|-damage|p2a: Amoonguss|0 fnt
|-damage|p2b: Farigiraf|0 fnt
|faint|p2a: Amoonguss
|faint|p2b: Farigiraf
|cant|p1b: Calyrex|slp
|
|-heal|p1a: Terapagos|57/100|[from] item: Leftovers
|upkeep
|
|t:|1750845643
|switch|p2b: Flareon|Flareon, L50, F|100/100
|turn|9
|
|t:|1750845655
|move|p1a: Terapagos|Protect|p1a: Terapagos
|-singleturn|p1a: Terapagos|Protect
|move|p2b: Flareon|Temper Flare|p1a: Terapagos
|-activate|p1a: Terapagos|move: Protect
|cant|p1b: Calyrex|slp
|
|-heal|p1a: Terapagos|63/100|[from] item: Leftovers
|-fieldend|move: Trick Room
|upkeep
|turn|10
|
|t:|1750845673
|-curestatus|p1b: Calyrex|slp|[msg]
|move|p1b: Calyrex|Astral Barrage|p2b: Flareon
|-damage|p2b: Flareon|21/100
|move|p1a: Terapagos|Earth Power|p2b: Flareon
|-supereffective|p2b: Flareon
|-damage|p2b: Flareon|0 fnt
|faint|p2b: Flareon
|
|win|Aichita
|raw|Aichita's rating: 1111 &rarr; <strong>1132</strong><br />(+21 for winning)
|raw|Limbolei's rating: 1054 &rarr; <strong>1039</strong><br />(-15 for losing)
|l|☆Limbolei
|player|p2|
|l|☆Aichita
|player|p1|
