|j|☆PelegoVGC
|j|☆rotom-uzi
|t:|1750780847
|gametype|doubles
|player|p1|PelegoVGC|pilot|1293
|player|p2|rotom-uzi|265|1199
|teamsize|p1|6
|teamsize|p2|6
|gen|9
|tier|[Gen 9] VGC 2025 Reg I
|rated|
|rule|Species Clause: Limit one of each Pokémon
|rule|Item Clause: Limit 1 of each item
|clearpoke
|poke|p1|Terapagos, L50, M|
|poke|p1|Grimmsnarl, L50, M|
|poke|p1|Ogerpon-Cornerstone, L50, F|
|poke|p1|Volcarona, L50, F|
|poke|p1|Calyrex-Shadow, L50|
|poke|p1|Iron Hands, L50|
|poke|p2|Rayquaza, L50|
|poke|p2|Chien-Pao, L50|
|poke|p2|Rillaboom, L50, M|
|poke|p2|Dondozo, L50, F|
|poke|p2|Incineroar, L50, F|
|poke|p2|Lunala, L50|
|teampreview|4
|inactive|Battle timer is ON: inactive players will automatically lose when time's up. (requested by rotom-uzi)
|
|t:|1750780909
|start
|switch|p1a: Grimmsnarl|Grimmsnarl, L50, M|100/100
|switch|p1b: Terapagos|Terapagos, L50, M|100/100
|switch|p2a: Lunala|Lunala, L50|100/100
|switch|p2b: Chien-Pao|Chien-Pao, L50|100/100
|-activate|p1b: Terapagos|ability: Tera Shift
|detailschange|p1b: Terapagos|Terapagos-Terastal, L50, M
|-heal|p1b: Terapagos|100/100|[silent]
|-ability|p2b: Chien-Pao|Sword of Ruin
|turn|1
|inactive|rotom-uzi has 30 seconds left.
|
|t:|1750780936
|move|p1a: Grimmsnarl|Reflect|p1a: Grimmsnarl
|-sidestart|p1: PelegoVGC|Reflect
|move|p2b: Chien-Pao|Ice Spinner|p1a: Grimmsnarl
|-damage|p1a: Grimmsnarl|65/100
|move|p2a: Lunala|Meteor Beam||[still]
|-prepare|p2a: Lunala|Meteor Beam
|-boost|p2a: Lunala|spa|1
|-enditem|p2a: Lunala|Power Herb
|-anim|p2a: Lunala|Meteor Beam|p1a: Grimmsnarl
|-crit|p1a: Grimmsnarl
|-damage|p1a: Grimmsnarl|0 fnt
|faint|p1a: Grimmsnarl
|move|p1b: Terapagos|Calm Mind|p1b: Terapagos
|-boost|p1b: Terapagos|spa|1
|-boost|p1b: Terapagos|spd|1
|
|upkeep
|
|t:|1750780954
|switch|p1a: Bob Sapp|Iron Hands, L50|100/100
|-enditem|p1a: Bob Sapp|Booster Energy
|-activate|p1a: Bob Sapp|ability: Quark Drive|[fromitem]
|-start|p1a: Bob Sapp|quarkdriveatk
|turn|2
|
|t:|1750780967
|move|p2b: Chien-Pao|Protect|p2b: Chien-Pao
|-singleturn|p2b: Chien-Pao|Protect
|move|p2a: Lunala|Wide Guard|p2a: Lunala
|-singleturn|p2a: Lunala|Wide Guard
|move|p1a: Bob Sapp|Fake Out|p2b: Chien-Pao
|-activate|p2b: Chien-Pao|move: Protect
|move|p1b: Terapagos|Calm Mind|p1b: Terapagos
|-boost|p1b: Terapagos|spa|1
|-boost|p1b: Terapagos|spd|1
|
|upkeep
|turn|3
|inactive|PelegoVGC has 30 seconds left.
|inactive|PelegoVGC has 20 seconds left.
|inactive|PelegoVGC has 15 seconds left.
|inactive|PelegoVGC has 10 seconds left.
|
|t:|1750781017
|move|p2b: Chien-Pao|Sacred Sword|p1b: Terapagos
|-activate|p1b: Terapagos|ability: Tera Shell
|-resisted|p1b: Terapagos
|-damage|p1b: Terapagos|91/100
|move|p2a: Lunala|Moongeist Beam|p1a: Bob Sapp
|-damage|p1a: Bob Sapp|17/100
|move|p1b: Terapagos|Earth Power|p2b: Chien-Pao
|-crit|p2b: Chien-Pao
|-enditem|p2b: Chien-Pao|Focus Sash
|-damage|p2b: Chien-Pao|1/100
|move|p1a: Bob Sapp|Low Kick|p2b: Chien-Pao
|-supereffective|p2b: Chien-Pao
|-damage|p2b: Chien-Pao|0 fnt
|faint|p2b: Chien-Pao
|
|-heal|p1b: Terapagos|97/100|[from] item: Leftovers
|upkeep
|
|t:|1750781036
|switch|p2b: Incineroar|Incineroar, L50, F|100/100
|-ability|p2b: Incineroar|Intimidate|boost
|-unboost|p1a: Bob Sapp|atk|1
|-unboost|p1b: Terapagos|atk|1
|turn|4
|
|t:|1750781048
|move|p2b: Incineroar|Fake Out|p1b: Terapagos
|-damage|p1b: Terapagos|92/100
|move|p2a: Lunala|Moongeist Beam|p1a: Bob Sapp
|-damage|p1a: Bob Sapp|0 fnt
|faint|p1a: Bob Sapp
|-end|p1a: Bob Sapp|Quark Drive|[silent]
|cant|p1b: Terapagos|flinch
|
|-heal|p1b: Terapagos|98/100|[from] item: Leftovers
|upkeep
|
|t:|1750781060
|switch|p1a: Calyrex|Calyrex-Shadow, L50|100/100
|-ability|p1a: Calyrex|As One
|-ability|p1a: Calyrex|Unnerve
|turn|5
|
|t:|1750781084
|-terastallize|p2a: Lunala|Normal
|move|p1a: Calyrex|Protect|p1a: Calyrex
|-singleturn|p1a: Calyrex|Protect
|move|p2a: Lunala|Tailwind|p2a: Lunala
|-sidestart|p2: rotom-uzi|move: Tailwind
|move|p2b: Incineroar|Flare Blitz|p1a: Calyrex
|-activate|p1a: Calyrex|move: Protect
|move|p1b: Terapagos|Earth Power|p2b: Incineroar
|-supereffective|p2b: Incineroar
|-damage|p2b: Incineroar|24/100
|-unboost|p2b: Incineroar|spd|1
|
|-heal|p1b: Terapagos|100/100|[from] item: Leftovers
|upkeep
|turn|6
|inactive|PelegoVGC has 30 seconds left.
|inactive|PelegoVGC has 20 seconds left.
|inactive|PelegoVGC has 15 seconds left.
|inactive|PelegoVGC has 10 seconds left.
|inactive|PelegoVGC has 5 seconds left.
|
|t:|1750781139
|move|p2a: Lunala|Moongeist Beam|p1a: Calyrex
|-supereffective|p1a: Calyrex
|-enditem|p1a: Calyrex|Focus Sash
|-damage|p1a: Calyrex|1/100
|move|p1a: Calyrex|Psychic|p2a: Lunala
|-damage|p2a: Lunala|80/100
|move|p2b: Incineroar|Parting Shot|p1b: Terapagos
|-unboost|p1b: Terapagos|atk|1
|-unboost|p1b: Terapagos|spa|1
|
|t:|1750781148
|switch|p2b: Rayquaza|Rayquaza, L50|100/100|[from] Parting Shot
|-ability|p2b: Rayquaza|Air Lock
|move|p1b: Terapagos|Earth Power|p2a: Lunala
|-damage|p2a: Lunala|54/100
|
|upkeep
|turn|7
|inactive|PelegoVGC has 30 seconds left.
|
|t:|1750781175
|move|p1a: Calyrex|Protect|p1a: Calyrex
|-singleturn|p1a: Calyrex|Protect
|move|p2a: Lunala|Moongeist Beam|p1a: Calyrex
|-activate|p1a: Calyrex|move: Protect
|move|p2b: Rayquaza|Swords Dance|p2b: Rayquaza
|-boost|p2b: Rayquaza|atk|2
|move|p1b: Terapagos|Earth Power|p2a: Lunala
|-damage|p2a: Lunala|25/100
|
|upkeep
|turn|8
|inactive|PelegoVGC has 30 seconds left.
|
|t:|1750781204
|-terastallize|p1b: Terapagos|Stellar
|detailschange|p1b: Terapagos|Terapagos-Stellar, L50, M, tera:Stellar
|-heal|p1b: Terapagos|100/100|[silent]
|move|p1a: Calyrex|Protect|p1a: Calyrex
|-singleturn|p1a: Calyrex|Protect
|move|p2b: Rayquaza|Extreme Speed|p1b: Terapagos
|-damage|p1b: Terapagos|74/100
|move|p2a: Lunala|Moongeist Beam|p1a: Calyrex
|-activate|p1a: Calyrex|move: Protect
|move|p1b: Terapagos|Tera Starstorm|p2b: Rayquaza|[spread] p2a,p2b
|-supereffective|p2a: Lunala
|-damage|p2a: Lunala|0 fnt
|-damage|p2b: Rayquaza|52/100
|faint|p2a: Lunala
|
|-heal|p1b: Terapagos|80/100|[from] item: Leftovers
|-sideend|p1: PelegoVGC|Reflect
|-sideend|p2: rotom-uzi|move: Tailwind
|upkeep
|
|t:|1750781218
|switch|p2a: Incineroar|Incineroar, L50, F|24/100
|-ability|p2a: Incineroar|Intimidate|boost
|-unboost|p1a: Calyrex|atk|1
|-unboost|p1b: Terapagos|atk|1
|turn|9
|inactive|PelegoVGC has 30 seconds left.
|inactive|PelegoVGC has 20 seconds left.
|
|t:|1750781255
|move|p1b: Terapagos|Protect|p1b: Terapagos
|-singleturn|p1b: Terapagos|Protect
|move|p2a: Incineroar|Fake Out|p1b: Terapagos
|-activate|p1b: Terapagos|move: Protect
|move|p1a: Calyrex|Astral Barrage|p2b: Rayquaza|[spread] p2a,p2b
|-resisted|p2a: Incineroar
|-crit|p2a: Incineroar
|-damage|p2a: Incineroar|0 fnt
|-damage|p2b: Rayquaza|0 fnt
|faint|p2a: Incineroar
|faint|p2b: Rayquaza
|
|win|PelegoVGC
|raw|PelegoVGC's rating: 1293 &rarr; <strong>1311</strong><br />(+18 for winning)
|raw|rotom-uzi's rating: 1199 &rarr; <strong>1181</strong><br />(-18 for losing)
|l|☆rotom-uzi
|player|p2|
