|j|☆dingdanglin
|j|☆bubert_ps
|t:|1750730638
|gametype|doubles
|player|p1|dingdanglin|266|1273
|player|p2|bubert_ps|1|1314
|teamsize|p1|6
|teamsize|p2|6
|gen|9
|tier|[Gen 9] VGC 2025 Reg I
|rated|
|rule|Species Clause: Limit one of each Pokémon
|rule|Item Clause: Limit 1 of each item
|clearpoke
|poke|p1|Calyrex-Ice, L50|
|poke|p1|Miraidon, L50|
|poke|p1|Urshifu-*, L50, M|
|poke|p1|Pelipper, L50, F|
|poke|p1|Grimmsnarl, L50, M|
|poke|p1|Incineroar, L50, M|
|poke|p2|Calyrex-Ice, L50|
|poke|p2|Scraggy, L50, F|
|poke|p2|Landorus-Therian, L50, M|
|poke|p2|Miraidon, L50|
|poke|p2|Cresselia, L50, F|
|poke|p2|Incineroar, L50, M|
|teampreview|4
|
|t:|1750730685
|start
|switch|p1a: Calyrex|Calyrex-Ice, L50|100/100
|switch|p1b: Grimmsnarl|Grimmsnarl, L50, M|100/100
|switch|p2a: Calyrex|Calyrex-Ice, L50|100/100
|switch|p2b: Landorus|Landorus-Therian, L50, M|100/100
|-ability|p1a: Calyrex|As One
|-ability|p1a: Calyrex|Unnerve
|-ability|p2a: Calyrex|As One
|-ability|p2a: Calyrex|Unnerve
|-ability|p2b: Landorus|Intimidate|boost
|-fail|p1a: Calyrex|unboost|[from] item: Clear Amulet|[of] p1a: Calyrex
|-unboost|p1b: Grimmsnarl|atk|1
|turn|1
|inactive|Battle timer is ON: inactive players will automatically lose when time's up. (requested by dingdanglin)
|inactive|dingdanglin has 60 seconds left.
|inactive|bubert_ps has 60 seconds left.
|
|t:|1750730720
|move|p1b: Grimmsnarl|Fake Out|p2b: Landorus
|-damage|p2b: Landorus|93/100
|cant|p2b: Landorus|flinch
|move|p1a: Calyrex|Glacial Lance|p2a: Calyrex|[spread] p2a,p2b
|-resisted|p2a: Calyrex
|-supereffective|p2b: Landorus
|-damage|p2a: Calyrex|81/100
|-damage|p2b: Landorus|0 fnt
|faint|p2b: Landorus
|-ability|p1a: Calyrex|Chilling Neigh|boost
|-boost|p1a: Calyrex|atk|1
|move|p2a: Calyrex|Leech Seed|p1a: Calyrex
|-start|p1a: Calyrex|move: Leech Seed
|
|-heal|p2a: Calyrex|86/100|[from] item: Leftovers
|-damage|p1a: Calyrex|88/100|[from] Leech Seed|[of] p2a: Calyrex
|-heal|p2a: Calyrex|99/100|[silent]
|upkeep
|
|t:|1750730734
|switch|p2b: Scraggy|Scraggy, L50, F|100/100
|-ability|p2b: Scraggy|Intimidate|boost
|-fail|p1a: Calyrex|unboost|[from] item: Clear Amulet|[of] p1a: Calyrex
|-unboost|p1b: Grimmsnarl|atk|1
|turn|2
|inactive|dingdanglin has 30 seconds left.
|
|t:|1750730767
|move|p1b: Grimmsnarl|Reflect|p1b: Grimmsnarl
|-sidestart|p1: dingdanglin|Reflect
|move|p2b: Scraggy|Coaching|p2a: Calyrex
|-boost|p2a: Calyrex|atk|1
|-boost|p2a: Calyrex|def|1
|move|p1a: Calyrex|Glacial Lance|p2b: Scraggy|[spread] p2a,p2b
|-resisted|p2a: Calyrex
|-damage|p2a: Calyrex|80/100
|-damage|p2b: Scraggy|17/100
|move|p2a: Calyrex|Glacial Lance|p1a: Calyrex|[spread] p1a,p1b
|-resisted|p1a: Calyrex
|-damage|p1a: Calyrex|72/100
|-damage|p1b: Grimmsnarl|45/100
|
|-heal|p2a: Calyrex|86/100|[from] item: Leftovers
|-damage|p1a: Calyrex|60/100|[from] Leech Seed|[of] p2a: Calyrex
|-heal|p2a: Calyrex|98/100|[silent]
|upkeep
|turn|3
|inactive|bubert_ps has 30 seconds left.
|
|t:|1750730792
|move|p1b: Grimmsnarl|Parting Shot|p2a: Calyrex
|-unboost|p2a: Calyrex|atk|1
|-unboost|p2a: Calyrex|spa|1
|
|t:|1750730803
|switch|p1b: Urshifu|Urshifu-Rapid-Strike, L50, M|100/100|[from] Parting Shot
|move|p2b: Scraggy|Endeavor|p1a: Calyrex
|-damage|p1a: Calyrex|13/100
|move|p1a: Calyrex|Glacial Lance|p2a: Calyrex|[spread] p2a,p2b
|-resisted|p2a: Calyrex
|-damage|p2a: Calyrex|79/100
|-damage|p2b: Scraggy|0 fnt
|faint|p2b: Scraggy
|-ability|p1a: Calyrex|Chilling Neigh|boost
|-boost|p1a: Calyrex|atk|1
|move|p2a: Calyrex|Glacial Lance|p1a: Calyrex|[spread] p1a,p1b
|-resisted|p1a: Calyrex
|-resisted|p1b: Urshifu
|-damage|p1a: Calyrex|2/100
|-damage|p1b: Urshifu|84/100
|
|-heal|p2a: Calyrex|85/100|[from] item: Leftovers
|-damage|p1a: Calyrex|0 fnt|[from] Leech Seed|[of] p2a: Calyrex
|-heal|p2a: Calyrex|86/100|[silent]
|faint|p1a: Calyrex
|upkeep
|inactive|dingdanglin has 30 seconds left.
|inactive|dingdanglin has 20 seconds left.
|inactive|dingdanglin has 15 seconds left.
|inactive|dingdanglin has 10 seconds left.
|
|t:|1750730849
|switch|p2b: Miraidon|Miraidon, L50|100/100
|switch|p1a: Pelipper|Pelipper, L50, F|100/100
|-fieldstart|move: Electric Terrain|[from] ability: Hadron Engine|[of] p2b: Miraidon
|-weather|RainDance|[from] ability: Drizzle|[of] p1a: Pelipper
|turn|4
|
|t:|1750730872
|switch|p1a: Grimmsnarl|Grimmsnarl, L50, M|45/100
|-terastallize|p2a: Calyrex|Water
|move|p1b: Urshifu|Protect|p1b: Urshifu
|-singleturn|p1b: Urshifu|Protect
|move|p2b: Miraidon|Volt Switch|p1b: Urshifu
|-activate|p1b: Urshifu|move: Protect
|move|p2a: Calyrex|Leech Seed|p1a: Grimmsnarl
|-start|p1a: Grimmsnarl|move: Leech Seed
|
|-weather|RainDance|[upkeep]
|-heal|p2a: Calyrex|92/100|[from] item: Leftovers
|-damage|p1a: Grimmsnarl|33/100|[from] Leech Seed|[of] p2a: Calyrex
|-heal|p2a: Calyrex|100/100|[silent]
|upkeep
|turn|5
|inactive|dingdanglin has 30 seconds left.
|j| falafal hunk chunk
|
|t:|1750730907
|move|p1a: Grimmsnarl|Fake Out|p2b: Miraidon
|-damage|p2b: Miraidon|91/100
|cant|p2b: Miraidon|flinch
|move|p1b: Urshifu|Close Combat|p2b: Miraidon
|-crit|p2b: Miraidon
|-damage|p2b: Miraidon|0 fnt
|-unboost|p1b: Urshifu|def|1
|-unboost|p1b: Urshifu|spd|1
|faint|p2b: Miraidon
|-damage|p1b: Urshifu|74/100|[from] item: Life Orb
|move|p2a: Calyrex|Glacial Lance|p1a: Grimmsnarl|[spread] p1a,p1b
|-resisted|p1b: Urshifu
|-damage|p1a: Grimmsnarl|0 fnt
|-damage|p1b: Urshifu|52/100
|faint|p1a: Grimmsnarl
|-ability|p2a: Calyrex|Chilling Neigh|boost
|-boost|p2a: Calyrex|atk|1
|
|-weather|RainDance|[upkeep]
|upkeep
|
|t:|1750730926
|switch|p1a: Pelipper|Pelipper, L50, F|100/100
|turn|6
|
|t:|1750730948
|move|p1b: Urshifu|Close Combat|p2a: Calyrex
|-crit|p2a: Calyrex
|-damage|p2a: Calyrex|15/100
|-unboost|p1b: Urshifu|def|1
|-unboost|p1b: Urshifu|spd|1
|-damage|p1b: Urshifu|43/100|[from] item: Life Orb
|move|p1a: Pelipper|Hurricane|p2a: Calyrex
|-damage|p2a: Calyrex|0 fnt
|faint|p2a: Calyrex
|
|win|dingdanglin
|raw|dingdanglin's rating: 1273 &rarr; <strong>1301</strong><br />(+28 for winning)
|raw|bubert_ps's rating: 1314 &rarr; <strong>1292</strong><br />(-22 for losing)
|l|☆bubert_ps
|player|p2|
