|j|☆lemonalt
|j|☆KatKraydel
|t:|1750775763
|gametype|doubles
|player|p1|lemonalt|plasmagrunt|1341
|player|p2|KatKraydel|courtney|1249
|teamsize|p1|6
|teamsize|p2|6
|gen|9
|tier|[Gen 9] VGC 2025 Reg I
|rated|
|rule|Species Clause: Limit one of each Pokémon
|rule|Item Clause: Limit 1 of each item
|clearpoke
|poke|p1|Muk-Alola, L50, F|
|poke|p1|Smeargle, L50, F|
|poke|p1|Mewtwo, L50|
|poke|p1|Dondozo, L50, F|
|poke|p1|Tatsugiri-Droopy, L50, M|
|poke|p1|Zamazenta-*, L50|
|poke|p2|Calyrex-Shadow, L50|
|poke|p2|Zamazenta-*, L50|
|poke|p2|Pyroar, L50, F|
|poke|p2|Appletun, L50, M|
|poke|p2|Gastrodon, L50, F|
|poke|p2|Rhydon, L50, M|
|teampreview|4
|inactive|Battle timer is ON: inactive players will automatically lose when time's up. (requested by lemonalt)
|
|t:|1750775793
|start
|switch|p1a: Muk|Muk-Alola, L50, F|100/100
|switch|p1b: Smeargle|Smeargle, L50, F|100/100
|switch|p2a: My Little Pony|Calyrex-Shadow, L50|100/100
|switch|p2b: Gastrodon|Gastrodon, L50, F, shiny|100/100
|-ability|p2a: My Little Pony|As One
|-ability|p2a: My Little Pony|Unnerve
|turn|1
|
|t:|1750775805
|move|p2a: My Little Pony|Protect|p2a: My Little Pony
|-singleturn|p2a: My Little Pony|Protect
|move|p1b: Smeargle|Fake Out|p2b: Gastrodon
|-damage|p2b: Gastrodon|96/100
|move|p1a: Muk|Minimize|p1a: Muk
|-boost|p1a: Muk|evasion|2
|cant|p2b: Gastrodon|flinch
|
|-heal|p2b: Gastrodon|100/100|[from] item: Leftovers
|-ability|p1b: Smeargle|Moody|boost
|-boost|p1b: Smeargle|spa|2
|-unboost|p1b: Smeargle|atk|1
|upkeep
|turn|2
|
|t:|1750775816
|-terastallize|p2a: My Little Pony|Fighting
|move|p2a: My Little Pony|Tera Blast|p1a: Muk|[anim] Tera Blast Fighting|[miss]
|-miss|p2a: My Little Pony|p1a: Muk
|move|p1b: Smeargle|Spore|p2b: Gastrodon
|-status|p2b: Gastrodon|slp|[from] move: Spore
|move|p1a: Muk|Minimize|p1a: Muk
|-boost|p1a: Muk|evasion|2
|cant|p2b: Gastrodon|slp
|
|-ability|p1b: Smeargle|Moody|boost
|-boost|p1b: Smeargle|spa|2
|-unboost|p1b: Smeargle|spe|1
|upkeep
|turn|3
|
|t:|1750775836
|move|p2a: My Little Pony|Tera Blast|p1a: Muk|[anim] Tera Blast Fighting|[miss]
|-miss|p2a: My Little Pony|p1a: Muk
|move|p1b: Smeargle|Spore|p2a: My Little Pony
|-status|p2a: My Little Pony|slp|[from] move: Spore
|move|p1a: Muk|Minimize|p1a: Muk
|-boost|p1a: Muk|evasion|2
|-curestatus|p2b: Gastrodon|slp|[msg]
|move|p2b: Gastrodon|Earth Power|p1a: Muk
|-supereffective|p1a: Muk
|-damage|p1a: Muk|52/100
|
|-heal|p1a: Muk|59/100|[from] item: Leftovers
|-ability|p1b: Smeargle|Moody|boost
|-boost|p1b: Smeargle|spd|2
|-unboost|p1b: Smeargle|spe|1
|upkeep
|turn|4
|
|t:|1750775855
|move|p1b: Smeargle|Follow Me|p1b: Smeargle
|-singleturn|p1b: Smeargle|move: Follow Me
|cant|p2a: My Little Pony|slp
|move|p1a: Muk|Poison Gas||[still]|[spread] p2a,p2b
|-fail|p1a: Muk
|-status|p2b: Gastrodon|psn
|move|p2b: Gastrodon|Yawn|p1b: Smeargle
|-start|p1b: Smeargle|move: Yawn|[of] p2b: Gastrodon
|
|-heal|p1a: Muk|65/100|[from] item: Leftovers
|-damage|p2b: Gastrodon|88/100 psn|[from] psn
|-ability|p1b: Smeargle|Moody|boost
|-boost|p1b: Smeargle|spd|2
|-unboost|p1b: Smeargle|def|1
|upkeep
|turn|5
|
|t:|1750775877
|cant|p2a: My Little Pony|slp
|move|p1b: Smeargle|Follow Me|p1b: Smeargle
|-singleturn|p1b: Smeargle|move: Follow Me
|move|p1a: Muk|Knock Off|p2b: Gastrodon
|-crit|p2b: Gastrodon
|-damage|p2b: Gastrodon|42/100 psn
|-enditem|p2b: Gastrodon|Leftovers|[from] move: Knock Off|[of] p1a: Muk
|move|p2b: Gastrodon|Yawn||[still]
|-fail|p2b: Gastrodon
|
|-heal|p1a: Muk|71/100|[from] item: Leftovers
|-damage|p2b: Gastrodon|30/100 psn|[from] psn
|-end|p1b: Smeargle|move: Yawn|[silent]
|-status|p1b: Smeargle|slp
|-ability|p1b: Smeargle|Moody|boost
|-boost|p1b: Smeargle|spa|2
|-unboost|p1b: Smeargle|atk|1
|upkeep
|turn|6
|
|t:|1750775901
|cant|p1b: Smeargle|slp
|cant|p2a: My Little Pony|slp
|move|p1a: Muk|Knock Off|p2b: Gastrodon
|-crit|p2b: Gastrodon
|-damage|p2b: Gastrodon|0 fnt
|faint|p2b: Gastrodon
|
|-heal|p1a: Muk|77/100|[from] item: Leftovers
|-ability|p1b: Smeargle|Moody|boost
|-boost|p1b: Smeargle|atk|2
|-unboost|p1b: Smeargle|spa|1
|upkeep
|
|t:|1750775911
|switch|p2b: Rubeus J|Zamazenta-Crowned, L50|100/100
|-ability|p2b: Rubeus J|Dauntless Shield|boost
|-boost|p2b: Rubeus J|def|1
|turn|7
|
|t:|1750775926
|move|p1a: Muk|Protect|p1a: Muk
|-singleturn|p1a: Muk|Protect
|cant|p1b: Smeargle|slp
|-curestatus|p2a: My Little Pony|slp|[msg]
|move|p2a: My Little Pony|Tera Blast|p1a: Muk|[anim] Tera Blast Fighting
|-activate|p1a: Muk|move: Protect
|move|p2b: Rubeus J|Body Press|p1a: Muk
|-activate|p1a: Muk|move: Protect
|
|-heal|p1a: Muk|83/100|[from] item: Leftovers
|-ability|p1b: Smeargle|Moody|boost
|-boost|p1b: Smeargle|spa|1
|-unboost|p1b: Smeargle|spe|1
|upkeep
|turn|8
|
|t:|1750775943
|move|p2b: Rubeus J|Wide Guard|p2b: Rubeus J
|-singleturn|p2b: Rubeus J|Wide Guard
|-curestatus|p1b: Smeargle|slp|[msg]
|move|p1b: Smeargle|Follow Me|p1b: Smeargle
|-singleturn|p1b: Smeargle|move: Follow Me
|move|p2a: My Little Pony|Tera Blast|p1b: Smeargle|[anim] Tera Blast Fighting
|-supereffective|p1b: Smeargle
|-damage|p1b: Smeargle|9/100
|-damage|p2a: My Little Pony|91/100|[from] item: Life Orb
|move|p1a: Muk|Knock Off|p2a: My Little Pony
|-resisted|p2a: My Little Pony
|-damage|p2a: My Little Pony|70/100
|-enditem|p2a: My Little Pony|Life Orb|[from] move: Knock Off|[of] p1a: Muk
|
|-heal|p1a: Muk|89/100|[from] item: Leftovers
|-ability|p1b: Smeargle|Moody|boost
|-boost|p1b: Smeargle|spe|2
|-unboost|p1b: Smeargle|spd|1
|upkeep
|turn|9
|
|t:|1750775966
|move|p1b: Smeargle|Follow Me|p1b: Smeargle
|-singleturn|p1b: Smeargle|move: Follow Me
|move|p2a: My Little Pony|Tera Blast|p1b: Smeargle|[anim] Tera Blast Fighting
|-supereffective|p1b: Smeargle
|-damage|p1b: Smeargle|0 fnt
|faint|p1b: Smeargle
|-ability|p1a: Muk|Moody|[from] ability: Power of Alchemy|[of] p1b: Smeargle
|-ability|p2a: My Little Pony|Grim Neigh|boost
|-boost|p2a: My Little Pony|spa|1
|move|p2b: Rubeus J|Body Press|p1a: Muk|[miss]
|-miss|p2b: Rubeus J|p1a: Muk
|move|p1a: Muk|Poison Gas|p2a: My Little Pony|[spread] p2a,p2b
|-status|p2a: My Little Pony|psn
|-immune|p2b: Rubeus J
|
|-heal|p1a: Muk|95/100|[from] item: Leftovers
|-damage|p2a: My Little Pony|58/100 psn|[from] psn
|-ability|p1a: Muk|Moody|boost
|-boost|p1a: Muk|spa|2
|-unboost|p1a: Muk|def|1
|upkeep
|
|t:|1750775983
|switch|p1b: Zamazenta|Zamazenta-Crowned, L50|100/100
|-ability|p1b: Zamazenta|Dauntless Shield|boost
|-boost|p1b: Zamazenta|def|1
|turn|10
|
|t:|1750775989
|move|p2a: My Little Pony|Tera Blast|p1b: Zamazenta|[anim] Tera Blast Fighting
|-supereffective|p1b: Zamazenta
|-damage|p1b: Zamazenta|0 fnt
|faint|p1b: Zamazenta
|-ability|p2a: My Little Pony|Grim Neigh|boost
|-boost|p2a: My Little Pony|spa|1
|move|p2b: Rubeus J|Imprison|p2b: Rubeus J
|-start|p2b: Rubeus J|move: Imprison
|move|p1a: Muk|Knock Off|p2a: My Little Pony
|-resisted|p2a: My Little Pony
|-damage|p2a: My Little Pony|44/100 psn
|
|-heal|p1a: Muk|100/100|[from] item: Leftovers
|-damage|p2a: My Little Pony|32/100 psn|[from] psn
|-ability|p1a: Muk|Moody|boost
|-boost|p1a: Muk|spe|2
|-unboost|p1a: Muk|atk|1
|upkeep
|
|t:|1750776007
|switch|p1b: Mewtwo|Mewtwo, L50|100/100
|-ability|p1b: Mewtwo|Pressure
|turn|11
|
|t:|1750776016
|-terastallize|p1b: Mewtwo|Fairy
|move|p2a: My Little Pony|Astral Barrage|p1a: Muk|[spread] p1a,p1b
|-resisted|p1a: Muk
|-damage|p1a: Muk|57/100
|-damage|p1b: Mewtwo|0 fnt
|faint|p1b: Mewtwo
|-ability|p2a: My Little Pony|Grim Neigh|boost
|-boost|p2a: My Little Pony|spa|1
|move|p2b: Rubeus J|Body Press|p1a: Muk|[miss]
|-miss|p2b: Rubeus J|p1a: Muk
|move|p1a: Muk|Knock Off|p2a: My Little Pony
|-resisted|p2a: My Little Pony
|-damage|p2a: My Little Pony|22/100 psn
|
|-heal|p1a: Muk|63/100|[from] item: Leftovers
|-damage|p2a: My Little Pony|10/100 psn|[from] psn
|-ability|p1a: Muk|Moody|boost
|-boost|p1a: Muk|spa|2
|-unboost|p1a: Muk|def|1
|upkeep
|turn|12
|
|t:|1750776032
|move|p2a: My Little Pony|Tera Blast|p1a: Muk|[anim] Tera Blast Fighting|[miss]
|-miss|p2a: My Little Pony|p1a: Muk
|move|p2b: Rubeus J|Body Press|p1a: Muk
|-damage|p1a: Muk|0 fnt
|faint|p1a: Muk
|
|win|KatKraydel
|raw|lemonalt's rating: 1341 &rarr; <strong>1316</strong><br />(-25 for losing)
|raw|KatKraydel's rating: 1249 &rarr; <strong>1280</strong><br />(+31 for winning)
|l|☆lemonalt
|player|p1|
|l|☆KatKraydel
|player|p2|
