|j|☆sunnypp
|j|☆TCBro89
|t:|1750848331
|gametype|doubles
|player|p1|sunnypp|arven-s|1532
|player|p2|TCBro89|red|1615
|teamsize|p1|6
|teamsize|p2|6
|gen|9
|tier|[Gen 9] VGC 2025 Reg I
|rated|
|rule|Species Clause: Limit one of each Pokémon
|rule|Item Clause: Limit 1 of each item
|clearpoke
|poke|p1|Koraidon, L50|
|poke|p1|Groudon, L50|
|poke|p1|Hariyama, L50, M|
|poke|p1|Chien-Pao, L50|
|poke|p1|Flutter Mane, L50|
|poke|p1|Ogerpon-Cornerstone, L50, F|
|poke|p2|Miraidon, L50|
|poke|p2|Iron Bundle, L50|
|poke|p2|Groudon, L50|
|poke|p2|Whimsicott, L50, M|
|poke|p2|Raging Bolt, L50|
|poke|p2|Farigiraf, L50, F|
|teampreview|4
|inactive|Battle timer is ON: inactive players will automatically lose when time's up. (requested by sunnypp)
|inactive|sunnypp has 60 seconds left.
|inactive|TCBro89 has 60 seconds left.
|
|t:|1750848380
|start
|switch|p1a: Koraidon|Koraidon, L50|100/100
|switch|p1b: Hariyama|Hariyama, L50, M|100/100
|switch|p2a: Miraidon|Miraidon, L50|100/100
|switch|p2b: Iron Bundle|Iron Bundle, L50|100/100
|-fieldstart|move: Electric Terrain|[from] ability: Hadron Engine|[of] p2a: Miraidon
|-activate|p2b: Iron Bundle|ability: Quark Drive
|-start|p2b: Iron Bundle|quarkdrivespe
|-weather|SunnyDay|[from] ability: Orichalcum Pulse|[of] p1a: Koraidon
|-activate|p1a: Koraidon|Orichalcum Pulse|[source]
|turn|1
|inactive|TCBro89 has 30 seconds left.
|
|t:|1750848415
|switch|p2a: Whimsicott|Whimsicott, L50, M|100/100
|move|p1b: Hariyama|Wide Guard|p1b: Hariyama
|-singleturn|p1b: Hariyama|Wide Guard
|move|p2b: Iron Bundle|Icy Wind|p1b: Hariyama|[spread] 
|-activate|p1a: Koraidon|move: Wide Guard
|-activate|p1b: Hariyama|move: Wide Guard
|move|p1a: Koraidon|Flame Charge|p2a: Whimsicott
|-supereffective|p2a: Whimsicott
|-damage|p2a: Whimsicott|18/100
|-boost|p1a: Koraidon|spe|1
|
|-weather|SunnyDay|[upkeep]
|upkeep
|turn|2
|
|t:|1750848437
|move|p1a: Koraidon|Protect|p1a: Koraidon
|-singleturn|p1a: Koraidon|Protect
|move|p2a: Whimsicott|Tailwind|p2a: Whimsicott
|-sidestart|p2: TCBro89|move: Tailwind
|move|p2b: Iron Bundle|Taunt|p1b: Hariyama
|-start|p1b: Hariyama|move: Taunt
|cant|p1b: Hariyama|move: Taunt|Coaching
|
|-weather|SunnyDay|[upkeep]
|upkeep
|turn|3
|
|t:|1750848456
|switch|p1a: Flutter Mane|Flutter Mane, L50|100/100
|-activate|p1a: Flutter Mane|ability: Protosynthesis
|-start|p1a: Flutter Mane|protosynthesisspe
|move|p2a: Whimsicott|Encore||[still]
|-fail|p2a: Whimsicott
|move|p2b: Iron Bundle|Icy Wind|p1a: Flutter Mane|[spread] p1a,p1b
|-damage|p1a: Flutter Mane|82/100
|-damage|p1b: Hariyama|91/100
|-unboost|p1a: Flutter Mane|spe|1
|-unboost|p1b: Hariyama|spe|1
|move|p1b: Hariyama|Low Kick|p2b: Iron Bundle
|-supereffective|p2b: Iron Bundle
|-crit|p2b: Iron Bundle
|-damage|p2b: Iron Bundle|37/100
|
|-weather|SunnyDay|[upkeep]
|upkeep
|turn|4
|j| nanshan
|inactive|sunnypp has 30 seconds left.
|inactive|TCBro89 has 30 seconds left.
|
|t:|1750848488
|switch|p1b: Groudon|Groudon, L50|100/100
|move|p2b: Iron Bundle|Ice Beam|p1a: Flutter Mane
|-damage|p1a: Flutter Mane|41/100
|move|p2a: Whimsicott|Moonblast|p1a: Flutter Mane
|-damage|p1a: Flutter Mane|16/100
|move|p1a: Flutter Mane|Dazzling Gleam|p2a: Whimsicott|[spread] p2a,p2b
|-damage|p2a: Whimsicott|0 fnt
|-damage|p2b: Iron Bundle|0 fnt
|faint|p2a: Whimsicott
|faint|p2b: Iron Bundle
|-end|p2b: Iron Bundle|Quark Drive|[silent]
|
|-weather|SunnyDay|[upkeep]
|upkeep
|
|t:|1750848500
|switch|p2b: Groudon|Groudon, L50|100/100
|switch|p2a: Miraidon|Miraidon, L50|100/100
|-activate|p2a: Miraidon|ability: Hadron Engine
|turn|5
|j| Lei43
|
|t:|1750848512
|-terastallize|p2a: Miraidon|Fairy
|move|p2a: Miraidon|Dazzling Gleam|p1a: Flutter Mane|[spread] p1a,p1b
|-damage|p1a: Flutter Mane|0 fnt
|-damage|p1b: Groudon|63/100
|faint|p1a: Flutter Mane
|-end|p1a: Flutter Mane|Protosynthesis|[silent]
|move|p2b: Groudon|Bulk Up|p2b: Groudon
|-boost|p2b: Groudon|atk|1
|-boost|p2b: Groudon|def|1
|move|p1b: Groudon|Precipice Blades|p2b: Groudon|[spread] p2a,p2b
|-crit|p2a: Miraidon
|-damage|p2a: Miraidon|29/100
|-damage|p2b: Groudon|75/100
|
|-weather|none
|-sideend|p2: TCBro89|move: Tailwind
|-fieldend|move: Electric Terrain
|upkeep
|j| piplupBOSS
|
|t:|1750848528
|switch|p1a: Hariyama|Hariyama, L50, M|91/100
|turn|6
|
|t:|1750848537
|move|p1a: Hariyama|Wide Guard|p1a: Hariyama
|-singleturn|p1a: Hariyama|Wide Guard
|move|p2a: Miraidon|Dazzling Gleam|p1b: Groudon|[spread] 
|-activate|p1a: Hariyama|move: Wide Guard
|-activate|p1b: Groudon|move: Wide Guard
|move|p2b: Groudon|Heat Crash|p1a: Hariyama
|-damage|p1a: Hariyama|70/100
|move|p1b: Groudon|High Horsepower|p2a: Miraidon
|-damage|p2a: Miraidon|0 fnt
|faint|p2a: Miraidon
|
|upkeep
|turn|7
|-message|TCBro89 forfeited.
|
|win|sunnypp
|raw|sunnypp's rating: 1532 &rarr; <strong>1557</strong><br />(+25 for winning)
|raw|TCBro89's rating: 1615 &rarr; <strong>1590</strong><br />(-25 for losing)
|l| piplupBOSS
|l|☆TCBro89
|player|p2|
|l|☆sunnypp
|player|p1|
|l| Lei43
