|j|☆University12
|j|☆UtterlyIncapable
|t:|1750844829
|gametype|doubles
|player|p1|University12|2|1006
|player|p2|UtterlyIncapable|firebreather|1052
|teamsize|p1|6
|teamsize|p2|6
|gen|9
|tier|[Gen 9] VGC 2025 Reg I
|rated|
|rule|Species Clause: Limit one of each Pokémon
|rule|Item Clause: Limit 1 of each item
|clearpoke
|poke|p1|Rillaboom, L50, M|
|poke|p1|Incineroar, L50, M|
|poke|p1|Urshifu-*, L50, M|
|poke|p1|Zamazenta-*, L50|
|poke|p1|Amoonguss, L50, F|
|poke|p1|Miraidon, L50|
|poke|p2|Riolu, L50, F|
|poke|p2|Calyrex-Ice, L50|
|poke|p2|Koraidon, L50|
|poke|p2|Annihilape, L50, F|
|poke|p2|Clefairy, L50, F|
|poke|p2|Raging Bolt, L50|
|teampreview|4
|
|t:|1750844865
|start
|switch|p1a: Zamazenta|Zamazenta-Crowned, L50|100/100
|switch|p1b: Incineroar|Incineroar, L50, M|100/100
|switch|p2a: Calyrex|Calyrex-Ice, L50|100/100
|switch|p2b: Riolu|Riolu, L50, F|100/100
|-ability|p2a: Calyrex|As One
|-ability|p2a: Calyrex|Unnerve
|-ability|p1a: Zamazenta|Dauntless Shield|boost
|-boost|p1a: Zamazenta|def|1
|-ability|p1b: Incineroar|Intimidate|boost
|-fail|p2a: Calyrex|unboost|[from] item: Clear Amulet|[of] p2a: Calyrex
|-unboost|p2b: Riolu|atk|1
|turn|1
|
|t:|1750844916
|move|p2b: Riolu|Quick Guard|p2b: Riolu
|-singleturn|p2b: Riolu|Quick Guard
|move|p1b: Incineroar|Fake Out|p2a: Calyrex
|-activate|p2a: Calyrex|move: Quick Guard
|move|p1a: Zamazenta|Coaching|p1b: Incineroar
|-boost|p1b: Incineroar|atk|1
|-boost|p1b: Incineroar|def|1
|move|p2a: Calyrex|Trick Room|p2a: Calyrex
|-fieldstart|move: Trick Room|[of] p2a: Calyrex
|
|upkeep
|turn|2
|l|☆University12
|player|p1|
|inactive|Battle timer is ON: inactive players will automatically lose when time's up. (requested by UtterlyIncapable)
|inactive|University12 has 30 seconds to reconnect!
|inactive|University12 has 20 seconds to reconnect!
|inactive|University12 has 15 seconds to reconnect!
|j|☆University12
|inactive|University12 reconnected and has 45 seconds left.
|player|p1|University12|2|
|
|t:|1750845093
|move|p2b: Riolu|Coaching|p2a: Calyrex
|-boost|p2a: Calyrex|atk|1
|-boost|p2a: Calyrex|def|1
|move|p2a: Calyrex|High Horsepower|p1b: Incineroar
|-supereffective|p1b: Incineroar
|-damage|p1b: Incineroar|3/100
|move|p1b: Incineroar|Flare Blitz|p2a: Calyrex
|-supereffective|p2a: Calyrex
|-damage|p2a: Calyrex|30/100
|-damage|p1b: Incineroar|0 fnt|[from] Recoil
|faint|p1b: Incineroar
|move|p1a: Zamazenta|Body Press|p2a: Calyrex
|-damage|p2a: Calyrex|2/100
|
|upkeep
|
|t:|1750845109
|switch|p1b: Rillaboom|Rillaboom, L50, M|100/100
|-fieldstart|move: Grassy Terrain|[from] ability: Grassy Surge|[of] p1b: Rillaboom
|turn|3
|
|t:|1750845122
|move|p2b: Riolu|Quick Guard|p2b: Riolu
|-singleturn|p2b: Riolu|Quick Guard
|move|p1b: Rillaboom|Fake Out|p2a: Calyrex
|-activate|p2a: Calyrex|move: Quick Guard
|move|p2a: Calyrex|High Horsepower|p1a: Zamazenta
|-supereffective|p1a: Zamazenta
|-damage|p1a: Zamazenta|48/100
|move|p1a: Zamazenta|Body Press|p2b: Riolu
|-enditem|p2b: Riolu|Focus Sash
|-damage|p2b: Riolu|1/100
|
|-heal|p2a: Calyrex|8/100|[from] Grassy Terrain
|-heal|p2b: Riolu|7/100|[from] Grassy Terrain
|-heal|p1a: Zamazenta|54/100|[from] Grassy Terrain
|upkeep
|turn|4
|
|t:|1750845143
|move|p2b: Riolu|Feint|p1b: Rillaboom
|-damage|p1b: Rillaboom|95/100
|move|p1b: Rillaboom|Grassy Glide|p2a: Calyrex
|-damage|p2a: Calyrex|0 fnt
|faint|p2a: Calyrex
|move|p1a: Zamazenta|Body Press|p2b: Riolu
|-damage|p2b: Riolu|0 fnt
|faint|p2b: Riolu
|
|-heal|p1b: Rillaboom|100/100|[from] Grassy Terrain
|-heal|p1a: Zamazenta|60/100|[from] Grassy Terrain
|upkeep
|
|t:|1750845147
|switch|p2a: Koraidon|Koraidon, L50|100/100
|switch|p2b: Annihilape|Annihilape, L50, F|100/100
|-weather|SunnyDay|[from] ability: Orichalcum Pulse|[of] p2a: Koraidon
|-activate|p2a: Koraidon|Orichalcum Pulse|[source]
|turn|5
|inactive|University12 has 30 seconds left.
|inactive|UtterlyIncapable has 30 seconds left.
|inactive|University12 has 20 seconds left.
|inactive|University12 has 15 seconds left.
|inactive|UtterlyIncapable has 20 seconds left.
|inactive|UtterlyIncapable has 15 seconds left.
|
|t:|1750845198
|-terastallize|p2a: Koraidon|Fire
|move|p1b: Rillaboom|Grassy Glide|p2b: Annihilape
|-damage|p2b: Annihilape|63/100
|move|p1a: Zamazenta|Behemoth Bash|p2a: Koraidon
|-resisted|p2a: Koraidon
|-damage|p2a: Koraidon|79/100
|move|p2a: Koraidon|Flame Charge|p1b: Rillaboom
|-supereffective|p1b: Rillaboom
|-damage|p1b: Rillaboom|0 fnt
|-boost|p2a: Koraidon|spe|1
|faint|p1b: Rillaboom
|-damage|p2a: Koraidon|69/100|[from] item: Life Orb
|move|p2b: Annihilape|Coaching|p2a: Koraidon
|-boost|p2a: Koraidon|atk|1
|-boost|p2a: Koraidon|def|1
|
|-weather|SunnyDay|[upkeep]
|-heal|p1a: Zamazenta|66/100|[from] Grassy Terrain
|-heal|p2b: Annihilape|69/100|[from] Grassy Terrain
|-heal|p2a: Koraidon|75/100|[from] Grassy Terrain
|-fieldend|move: Trick Room
|upkeep
|
|t:|1750845221
|switch|p1b: Miraidon|Miraidon, L50|100/100
|-fieldstart|move: Electric Terrain|[from] ability: Hadron Engine|[of] p1b: Miraidon
|turn|6
|
|t:|1750845232
|move|p2a: Koraidon|Protect|p2a: Koraidon
|-singleturn|p2a: Koraidon|Protect
|move|p1b: Miraidon|Protect|p1b: Miraidon
|-singleturn|p1b: Miraidon|Protect
|move|p2b: Annihilape|Coaching|p2a: Koraidon
|-boost|p2a: Koraidon|atk|1
|-boost|p2a: Koraidon|def|1
|move|p1a: Zamazenta|Body Press|p2a: Koraidon
|-activate|p2a: Koraidon|move: Protect
|
|-weather|SunnyDay|[upkeep]
|upkeep
|turn|7
|
|t:|1750845253
|move|p1b: Miraidon|Protect||[still]
|-fail|p1b: Miraidon
|move|p2a: Koraidon|Flare Blitz|p1b: Miraidon
|-resisted|p1b: Miraidon
|-damage|p1b: Miraidon|0 fnt
|faint|p1b: Miraidon
|-damage|p2a: Koraidon|42/100|[from] Recoil
|-damage|p2a: Koraidon|32/100|[from] item: Life Orb
|move|p2b: Annihilape|Coaching|p2a: Koraidon
|-boost|p2a: Koraidon|atk|1
|-boost|p2a: Koraidon|def|1
|move|p1a: Zamazenta|Body Press|p2a: Koraidon
|-damage|p2a: Koraidon|6/100
|
|-weather|SunnyDay|[upkeep]
|upkeep
|turn|8
|inactive|University12 has 30 seconds left.
|l|☆University12
|inactive|University12 disconnected and has a minute to reconnect!
|player|p1|
|inactive|University12 has 20 seconds left.
|inactive|University12 has 15 seconds left.
|inactive|University12 has 10 seconds left.
|inactive|University12 has 5 seconds left.
|-message|University12 lost due to inactivity.
|
|win|UtterlyIncapable
|raw|University12's rating: 1006 &rarr; <strong>1000</strong><br />(-6 for losing)
|raw|UtterlyIncapable's rating: 1052 &rarr; <strong>1080</strong><br />(+28 for winning)
