|j|☆crj2002
|j|☆1shing1
|t:|1750738513
|gametype|doubles
|player|p1|crj2002|rosa|1471
|player|p2|1shing1|266|1444
|teamsize|p1|6
|teamsize|p2|6
|gen|9
|tier|[Gen 9] VGC 2025 Reg I
|rated|
|rule|Species Clause: Limit one of each Pokémon
|rule|Item Clause: Limit 1 of each item
|clearpoke
|poke|p1|Kyogre, L50|
|poke|p1|Calyrex-Ice, L50|
|poke|p1|Incineroar, L50, M|
|poke|p1|Rillaboom, L50, F|
|poke|p1|Urshifu-*, L50, F|
|poke|p1|Tornadus, L50, M|
|poke|p2|Lunala, L50|
|poke|p2|Ho-Oh, L50|
|poke|p2|Rillaboom, L50, M|
|poke|p2|Amoonguss, L50, M|
|poke|p2|Zoroark-Hisui, L50, M|
|poke|p2|Swampert, L50, M|
|teampreview|4
|inactive|Battle timer is ON: inactive players will automatically lose when time's up. (requested by 1shing1)
|
|t:|1750738568
|start
|switch|p1a: Calyrex|Calyrex-Ice, L50|100/100
|switch|p1b: Incineroar|Incineroar, L50, M|100/100
|switch|p2a: Lunala|Lunala, L50|100/100
|switch|p2b: Rillaboom|Rillaboom, L50, M|100/100
|-ability|p1a: Calyrex|As One
|-ability|p1a: Calyrex|Unnerve
|-fieldstart|move: Grassy Terrain|[from] ability: Grassy Surge|[of] p2b: Rillaboom
|-ability|p1b: Incineroar|Intimidate|boost
|-unboost|p2a: Lunala|atk|1
|-unboost|p2b: Rillaboom|atk|1
|turn|1
|
|t:|1750738585
|move|p2b: Rillaboom|Fake Out|p1b: Incineroar
|-damage|p1b: Incineroar|94/100
|-damage|p2b: Rillaboom|84/100|[from] item: Rocky Helmet|[of] p1b: Incineroar
|move|p2a: Lunala|Calm Mind|p2a: Lunala
|-boost|p2a: Lunala|spa|1
|-boost|p2a: Lunala|spd|1
|cant|p1b: Incineroar|flinch
|move|p1a: Calyrex|Glacial Lance|p2a: Lunala|[spread] p2a,p2b
|-supereffective|p2b: Rillaboom
|-damage|p2a: Lunala|79/100
|-damage|p2b: Rillaboom|0 fnt
|faint|p2b: Rillaboom
|-ability|p1a: Calyrex|Chilling Neigh|boost
|-boost|p1a: Calyrex|atk|1
|
|-heal|p2a: Lunala|86/100|[from] Grassy Terrain
|-heal|p2a: Lunala|92/100|[from] item: Leftovers
|-heal|p1b: Incineroar|99/100|[from] Grassy Terrain
|upkeep
|
|t:|1750738588
|switch|p2b: Ho-Oh|Ho-Oh, L50|100/100
|turn|2
|
|t:|1750738611
|-terastallize|p2a: Lunala|Fairy
|-terastallize|p1a: Calyrex|Water
|move|p2a: Lunala|Dazzling Gleam|p1b: Incineroar|[spread] p1a,p1b
|-crit|p1a: Calyrex
|-damage|p1a: Calyrex|58/100
|-damage|p1b: Incineroar|53/100
|move|p2b: Ho-Oh|Sacred Fire|p1a: Calyrex
|-resisted|p1a: Calyrex
|-damage|p1a: Calyrex|43/100
|-status|p1a: Calyrex|brn
|move|p1b: Incineroar|Parting Shot|p2a: Lunala
|-unboost|p2a: Lunala|atk|1
|-unboost|p2a: Lunala|spa|1
|
|t:|1750738624
|switch|p1b: Kyogre|Kyogre, L50|100/100|[from] Parting Shot
|-weather|RainDance|[from] ability: Drizzle|[of] p1b: Kyogre
|move|p1a: Calyrex|Trick Room|p1a: Calyrex
|-fieldstart|move: Trick Room|[of] p1a: Calyrex
|
|-weather|RainDance|[upkeep]
|-heal|p1a: Calyrex|49/100 brn|[from] Grassy Terrain
|-heal|p1a: Calyrex|55/100 brn|[from] item: Leftovers
|-heal|p2a: Lunala|98/100|[from] Grassy Terrain
|-heal|p2a: Lunala|100/100|[from] item: Leftovers
|-damage|p1a: Calyrex|49/100 brn|[from] brn
|upkeep
|turn|3
|inactive|crj2002 has 30 seconds left.
|inactive|1shing1 has 30 seconds left.
|inactive|1shing1 has 20 seconds left.
|inactive|1shing1 has 15 seconds left.
|inactive|1shing1 has 10 seconds left.
|inactive|1shing1 has 5 seconds left.
|
|t:|1750738679
|switch|p1b: Incineroar|Incineroar, L50, M|53/100
|-ability|p1b: Incineroar|Intimidate|boost
|-unboost|p2a: Lunala|atk|1
|-unboost|p2b: Ho-Oh|atk|1
|move|p1a: Calyrex|Leech Seed|p2a: Lunala
|-start|p2a: Lunala|move: Leech Seed
|move|p2b: Ho-Oh|Sacred Fire|p1b: Incineroar
|-resisted|p1b: Incineroar
|-damage|p1b: Incineroar|47/100
|move|p2a: Lunala|Moongeist Beam|p1a: Calyrex
|-damage|p1a: Calyrex|18/100 brn
|
|-weather|RainDance|[upkeep]
|-heal|p1a: Calyrex|24/100 brn|[from] Grassy Terrain
|-heal|p1a: Calyrex|30/100 brn|[from] item: Leftovers
|-heal|p1b: Incineroar|53/100|[from] Grassy Terrain
|-damage|p2a: Lunala|88/100|[from] Leech Seed|[of] p1a: Calyrex
|-heal|p1a: Calyrex|45/100 brn|[silent]
|-damage|p1a: Calyrex|39/100 brn|[from] brn
|upkeep
|turn|4
|inactive|crj2002 has 30 seconds left.
|inactive|1shing1 has 30 seconds left.
|inactive|1shing1 has 20 seconds left.
|inactive|1shing1 has 15 seconds left.
|inactive|1shing1 has 10 seconds left.
|inactive|1shing1 has 5 seconds left.
|
|t:|1750738734
|move|p1a: Calyrex|Protect|p1a: Calyrex
|-singleturn|p1a: Calyrex|Protect
|move|p1b: Incineroar|Parting Shot|p2a: Lunala
|-unboost|p2a: Lunala|atk|1
|-unboost|p2a: Lunala|spa|1
|
|t:|1750738741
|switch|p1b: Kyogre|Kyogre, L50|100/100|[from] Parting Shot
|move|p2b: Ho-Oh|Sacred Fire|p1b: Kyogre
|-resisted|p1b: Kyogre
|-damage|p1b: Kyogre|94/100
|move|p2a: Lunala|Moongeist Beam|p1b: Kyogre
|-damage|p1b: Kyogre|70/100
|
|-weather|RainDance|[upkeep]
|-heal|p1a: Calyrex|45/100 brn|[from] Grassy Terrain
|-heal|p1a: Calyrex|51/100 brn|[from] item: Leftovers
|-heal|p1b: Kyogre|76/100|[from] Grassy Terrain
|-heal|p2a: Lunala|94/100|[from] Grassy Terrain
|-heal|p2a: Lunala|100/100|[from] item: Leftovers
|-damage|p2a: Lunala|88/100|[from] Leech Seed|[of] p1a: Calyrex
|-heal|p1a: Calyrex|66/100 brn|[silent]
|-damage|p1a: Calyrex|60/100 brn|[from] brn
|upkeep
|turn|5
|inactive|1shing1 has 30 seconds left.
|inactive|1shing1 has 20 seconds left.
|inactive|1shing1 has 15 seconds left.
|inactive|1shing1 has 10 seconds left.
|inactive|1shing1 has 5 seconds left.
|
|t:|1750738796
|move|p1a: Calyrex|Glacial Lance|p2b: Ho-Oh|[spread] p2a,p2b
|-damage|p2a: Lunala|58/100
|-damage|p2b: Ho-Oh|75/100
|move|p1b: Kyogre|Water Spout|p2a: Lunala|[spread] p2a,p2b
|-supereffective|p2b: Ho-Oh
|-damage|p2a: Lunala|12/100
|-damage|p2b: Ho-Oh|0 fnt
|faint|p2b: Ho-Oh
|move|p2a: Lunala|Moongeist Beam|p1a: Calyrex
|-damage|p1a: Calyrex|38/100 brn
|
|-weather|RainDance|[upkeep]
|-heal|p1a: Calyrex|44/100 brn|[from] Grassy Terrain
|-heal|p1a: Calyrex|50/100 brn|[from] item: Leftovers
|-heal|p1b: Kyogre|82/100|[from] Grassy Terrain
|-heal|p2a: Lunala|18/100|[from] Grassy Terrain
|-heal|p2a: Lunala|24/100|[from] item: Leftovers
|-damage|p2a: Lunala|12/100|[from] Leech Seed|[of] p1a: Calyrex
|-heal|p1a: Calyrex|65/100 brn|[silent]
|-damage|p1a: Calyrex|59/100 brn|[from] brn
|-fieldend|move: Grassy Terrain
|upkeep
|inactive|1shing1 has 30 seconds left.
|c|☆crj2002|your AI is playing better than you lol
|inactive|1shing1 has 20 seconds left.
|inactive|1shing1 has 15 seconds left.
|inactive|1shing1 has 10 seconds left.
|inactive|1shing1 has 5 seconds left.
|
|t:|1750738851
|switch|p2b: Swampert|Swampert, L50, M|100/100
|turn|6
|-message|1shing1 forfeited.
|
|win|crj2002
|raw|crj2002's rating: 1471 &rarr; <strong>1489</strong><br />(+18 for winning)
|raw|1shing1's rating: 1444 &rarr; <strong>1426</strong><br />(-18 for losing)
|l|☆1shing1
|player|p2|
|l|☆crj2002
|player|p1|
