|j|☆xeno24
|j|☆Terminator7006
|t:|1750745550
|gametype|doubles
|player|p1|xeno24|1|1307
|player|p2|Terminator7006|drayden|1402
|teamsize|p1|6
|teamsize|p2|6
|gen|9
|tier|[Gen 9] VGC 2025 Reg I
|rated|
|rule|Species Clause: Limit one of each Pokémon
|rule|Item Clause: Limit 1 of each item
|clearpoke
|poke|p1|Miraidon, L50|
|poke|p1|Incineroar, L50, F|
|poke|p1|Calyrex-Ice, L50|
|poke|p1|Landorus, L50, M|
|poke|p1|Urshifu-*, L50, F|
|poke|p1|Farigiraf, L50, F|
|poke|p2|Lunala, L50|
|poke|p2|Kommo-o, L50, M|
|poke|p2|Incineroar, L50, M|
|poke|p2|Amoonguss, L50, M|
|poke|p2|Kyogre, L50|
|poke|p2|Chien-Pao, L50|
|teampreview|4
|inactive|Battle timer is ON: inactive players will automatically lose when time's up. (requested by xeno24)
|
|t:|1750745573
|start
|switch|p1a: Miraidon|Miraidon, L50|100/100
|switch|p1b: Urshifu|Urshifu-Rapid-Strike, L50, F|100/100
|switch|p2a: Lunala|Lunala, L50, shiny|100/100
|switch|p2b: Chien-Pao|Chien-Pao, L50|100/100
|-fieldstart|move: Electric Terrain|[from] ability: Hadron Engine|[of] p1a: Miraidon
|-ability|p2b: Chien-Pao|Sword of Ruin
|turn|1
|inactive|xeno24 has 30 seconds left.
|
|t:|1750745602
|-terastallize|p1a: Miraidon|Fairy
|move|p1b: Urshifu|U-turn|p2a: Lunala
|-damage|p2a: Lunala|86/100
|
|t:|1750745609
|switch|p1b: Farigiraf|Farigiraf, L50, F|100/100|[from] U-turn
|-enditem|p1b: Farigiraf|Electric Seed
|-boost|p1b: Farigiraf|def|1|[from] item: Electric Seed
|move|p1a: Miraidon|Dazzling Gleam|p2a: Lunala|[spread] p2a,p2b
|-supereffective|p2b: Chien-Pao
|-damage|p2a: Lunala|46/100
|-enditem|p2b: Chien-Pao|Focus Sash
|-damage|p2b: Chien-Pao|1/100
|move|p2b: Chien-Pao|Ice Spinner|p1a: Miraidon
|-damage|p1a: Miraidon|47/100
|-fieldend|move: Electric Terrain
|move|p2a: Lunala|Trick Room|p2a: Lunala
|-fieldstart|move: Trick Room|[of] p2a: Lunala
|
|upkeep
|turn|2
|inactive|xeno24 has 30 seconds left.
|
|t:|1750745636
|switch|p1a: Calyrex|Calyrex-Ice, L50|100/100
|-ability|p1a: Calyrex|As One
|-ability|p1a: Calyrex|Unnerve
|move|p1b: Farigiraf|Foul Play|p2a: Lunala
|-supereffective|p2a: Lunala
|-damage|p2a: Lunala|0 fnt
|faint|p2a: Lunala
|move|p2b: Chien-Pao|Crunch|p1b: Farigiraf
|-supereffective|p1b: Farigiraf
|-damage|p1b: Farigiraf|36/100
|
|upkeep
|
|t:|1750745645
|switch|p2a: Kyogre|Kyogre, L50|100/100
|-weather|RainDance|[from] ability: Drizzle|[of] p2a: Kyogre
|turn|3
|
|t:|1750745656
|move|p2b: Chien-Pao|Sucker Punch||[still]
|cant|p1b: Farigiraf|ability: Armor Tail|Sucker Punch|[of] p2b: Chien-Pao
|move|p2a: Kyogre|Water Spout|p1a: Calyrex|[spread] p1a,p1b
|-damage|p1a: Calyrex|40/100
|-damage|p1b: Farigiraf|0 fnt
|faint|p1b: Farigiraf
|move|p1a: Calyrex|Glacial Lance|p2b: Chien-Pao|[spread] p2a,p2b
|-resisted|p2a: Kyogre
|-resisted|p2b: Chien-Pao
|-damage|p2a: Kyogre|68/100
|-damage|p2b: Chien-Pao|0 fnt
|faint|p2b: Chien-Pao
|-ability|p1a: Calyrex|Chilling Neigh|boost
|-boost|p1a: Calyrex|atk|1
|
|-weather|RainDance|[upkeep]
|-heal|p1a: Calyrex|45/100|[from] item: Leftovers
|upkeep
|
|t:|1750745670
|switch|p1b: Urshifu|Urshifu-Rapid-Strike, L50, F|100/100
|switch|p2b: Kommo-o|Kommo-o, L50, M|100/100
|turn|4
|
|t:|1750745685
|-terastallize|p2a: Kyogre|Water
|move|p1a: Calyrex|Protect|p1a: Calyrex
|-singleturn|p1a: Calyrex|Protect
|move|p2a: Kyogre|Water Spout|p1b: Urshifu|[spread] p1b
|-activate|p1a: Calyrex|move: Protect
|-resisted|p1b: Urshifu
|-damage|p1b: Urshifu|24/100
|move|p2b: Kommo-o|Clanging Scales|p1b: Urshifu|[spread] p1b
|-activate|p1a: Calyrex|move: Protect
|-damage|p1b: Urshifu|0 fnt
|faint|p1b: Urshifu
|-unboost|p2b: Kommo-o|def|1
|-damage|p2b: Kommo-o|90/100|[from] item: Life Orb
|
|-weather|RainDance|[upkeep]
|-heal|p1a: Calyrex|51/100|[from] item: Leftovers
|upkeep
|
|t:|1750745696
|switch|p1b: Miraidon|Miraidon, L50, tera:Fairy|47/100
|-fieldstart|move: Electric Terrain|[from] ability: Hadron Engine|[of] p1b: Miraidon
|turn|5
|
|t:|1750745705
|move|p2b: Kommo-o|Protect|p2b: Kommo-o
|-singleturn|p2b: Kommo-o|Protect
|move|p2a: Kyogre|Water Spout|p1b: Miraidon|[spread] p1a,p1b
|-damage|p1a: Calyrex|0 fnt
|-damage|p1b: Miraidon|0 fnt
|faint|p1a: Calyrex
|faint|p1b: Miraidon
|
|win|Terminator7006
|raw|xeno24's rating: 1307 &rarr; <strong>1292</strong><br />(-15 for losing)
|raw|Terminator7006's rating: 1402 &rarr; <strong>1417</strong><br />(+15 for winning)
|l|☆xeno24
|player|p1|
|l|☆Terminator7006
|player|p2|
