|j|☆StillFantasy
|j|‽heelkey
|t:|1750747457
|gametype|doubles
|player|p1|StillFantasy|clerkf|1384
|player|p2|heelkey|red|1342
|teamsize|p1|6
|teamsize|p2|6
|gen|9
|tier|[Gen 9] VGC 2025 Reg I
|rated|
|rule|Species Clause: Limit one of each Pokémon
|rule|Item Clause: Limit 1 of each item
|clearpoke
|poke|p1|Indeedee-F, L50, F|
|poke|p1|Smeargle, L50, M|
|poke|p1|Urshifu-*, L50, M|
|poke|p1|Calyrex-Ice, L50|
|poke|p1|Lunala, L50|
|poke|p1|Torkoal, L50, M|
|poke|p2|Koraidon, L50|
|poke|p2|Flutter Mane, L50|
|poke|p2|Scream Tail, L50|
|poke|p2|Lugia, L50|
|poke|p2|Incineroar, L50, F|
|poke|p2|Raging Bolt, L50|
|teampreview|4
|
|t:|1750747485
|start
|switch|p1a: Indeedee|Indeedee-F, L50, F, shiny|100/100
|switch|p1b: Lunala|Lunala, L50, shiny|100/100
|switch|p2a: Incineroar|Incineroar, L50, F|100/100
|switch|p2b: Scream Tail|Scream Tail, L50|100/100
|-fieldstart|move: Psychic Terrain|[from] ability: Psychic Surge|[of] p1a: Indeedee
|-ability|p2a: Incineroar|Intimidate|boost
|-unboost|p1a: Indeedee|atk|1
|-unboost|p1b: Lunala|atk|1
|-enditem|p2b: Scream Tail|Booster Energy
|-activate|p2b: Scream Tail|ability: Protosynthesis|[fromitem]
|-start|p2b: Scream Tail|protosynthesisspe
|turn|1
|inactive|Battle timer is ON: inactive players will automatically lose when time's up. (requested by StillFantasy)
|
|t:|1750747511
|move|p2b: Scream Tail|Protect|p2b: Scream Tail
|-singleturn|p2b: Scream Tail|Protect
|move|p2a: Incineroar|Protect|p2a: Incineroar
|-singleturn|p2a: Incineroar|Protect
|move|p1b: Lunala|Meteor Beam||[still]
|-prepare|p1b: Lunala|Meteor Beam
|-boost|p1b: Lunala|spa|1
|-enditem|p1b: Lunala|Power Herb
|-anim|p1b: Lunala|Meteor Beam|p2a: Incineroar
|-activate|p2a: Incineroar|move: Protect
|move|p1a: Indeedee|Trick Room|p1a: Indeedee
|-fieldstart|move: Trick Room|[of] p1a: Indeedee
|
|upkeep
|turn|2
|inactive|heelkey has 30 seconds left.
|
|t:|1750747546
|-end|p2b: Scream Tail|Protosynthesis|[silent]
|switch|p2b: Lugia|Lugia, L50|100/100
|move|p1a: Indeedee|Follow Me|p1a: Indeedee
|-singleturn|p1a: Indeedee|move: Follow Me
|move|p2a: Incineroar|Knock Off|p1a: Indeedee
|-supereffective|p1a: Indeedee
|-damage|p1a: Indeedee|21/100
|-damage|p2a: Incineroar|84/100|[from] item: Rocky Helmet|[of] p1a: Indeedee
|-enditem|p1a: Indeedee|Rocky Helmet|[from] move: Knock Off|[of] p2a: Incineroar
|move|p1b: Lunala|Expanding Force|p2b: Lugia|[spread] p2b
|-immune|p2a: Incineroar
|-resisted|p2b: Lugia
|-crit|p2b: Lugia
|-damage|p2b: Lugia|78/100
|
|upkeep
|turn|3
|
|t:|1750747567
|move|p1a: Indeedee|Follow Me|p1a: Indeedee
|-singleturn|p1a: Indeedee|move: Follow Me
|move|p2a: Incineroar|Knock Off|p1a: Indeedee
|-supereffective|p1a: Indeedee
|-damage|p1a: Indeedee|0 fnt
|faint|p1a: Indeedee
|move|p1b: Lunala|Moongeist Beam|p2b: Lugia
|-supereffective|p2b: Lugia
|-damage|p2b: Lugia|0 fnt
|faint|p2b: Lugia
|
|upkeep
|
|t:|1750747580
|switch|p1a: Calyrex|Calyrex-Ice, L50|100/100
|switch|p2b: Scream Tail|Scream Tail, L50|100/100
|-ability|p1a: Calyrex|As One
|-ability|p1a: Calyrex|Unnerve
|turn|4
|inactive|StillFantasy has 30 seconds left.
|inactive|StillFantasy has 20 seconds left.
|inactive|StillFantasy has 15 seconds left.
|
|t:|1750747624
|-terastallize|p1b: Lunala|Water
|move|p2a: Incineroar|Protect|p2a: Incineroar
|-singleturn|p2a: Incineroar|Protect
|move|p2b: Scream Tail|Protect|p2b: Scream Tail
|-singleturn|p2b: Scream Tail|Protect
|move|p1a: Calyrex|Trick Room|p1a: Calyrex
|-fieldend|move: Trick Room
|move|p1b: Lunala|Trick Room|p1b: Lunala
|-fieldstart|move: Trick Room|[of] p1b: Lunala
|
|upkeep
|turn|5
|inactive|StillFantasy has 30 seconds left.
|inactive|heelkey has 30 seconds left.
|inactive|heelkey has 20 seconds left.
|inactive|heelkey has 15 seconds left.
|
|t:|1750747666
|move|p1a: Calyrex|High Horsepower|p2a: Incineroar|[miss]
|-miss|p1a: Calyrex|p2a: Incineroar
|move|p2a: Incineroar|Knock Off|p1a: Calyrex
|-supereffective|p1a: Calyrex
|-damage|p1a: Calyrex|56/100
|-enditem|p1a: Calyrex|Clear Amulet|[from] move: Knock Off|[of] p2a: Incineroar
|move|p1b: Lunala|Moongeist Beam|p2b: Scream Tail
|-supereffective|p2b: Scream Tail
|-damage|p2b: Scream Tail|0 fnt
|faint|p2b: Scream Tail
|-end|p2b: Scream Tail|Protosynthesis|[silent]
|
|-fieldend|move: Psychic Terrain
|upkeep
|
|t:|1750747681
|switch|p2b: Koraidon|Koraidon, L50|100/100
|-weather|SunnyDay|[from] ability: Orichalcum Pulse|[of] p2b: Koraidon
|-activate|p2b: Koraidon|Orichalcum Pulse|[source]
|turn|6
|inactive|heelkey has 30 seconds left.
|l|☆StillFantasy
|inactive|StillFantasy disconnected and has a minute to reconnect!
|player|p1|
|
|t:|1750747713
|move|p2b: Koraidon|Protect|p2b: Koraidon
|-singleturn|p2b: Koraidon|Protect
|move|p1a: Calyrex|High Horsepower|p2a: Incineroar|[miss]
|-miss|p1a: Calyrex|p2a: Incineroar
|move|p2a: Incineroar|Parting Shot|p1b: Lunala
|-unboost|p1b: Lunala|atk|1
|-unboost|p1b: Lunala|spa|1
|move|p1b: Lunala|Moongeist Beam|p2a: Incineroar
|-resisted|p2a: Incineroar
|-damage|p2a: Incineroar|66/100
|
|-weather|SunnyDay|[upkeep]
|upkeep
|turn|7
|inactive|StillFantasy has 30 seconds left.
|inactive|heelkey has 30 seconds left.
|j|☆StillFantasy
|inactive|StillFantasy reconnected and has 25 seconds left.
|player|p1|StillFantasy|clerkf|
|inactive|StillFantasy has 20 seconds left.
|inactive|heelkey has 20 seconds left.
|
|t:|1750747754
|move|p1a: Calyrex|High Horsepower|p2a: Incineroar
|-supereffective|p2a: Incineroar
|-damage|p2a: Incineroar|0 fnt
|faint|p2a: Incineroar
|-ability|p1a: Calyrex|Chilling Neigh|boost
|-boost|p1a: Calyrex|atk|1
|move|p1b: Lunala|Moongeist Beam|p2b: Koraidon
|-damage|p2b: Koraidon|42/100
|move|p2b: Koraidon|Close Combat|p1a: Calyrex
|-damage|p1a: Calyrex|0 fnt
|-unboost|p2b: Koraidon|def|1
|-unboost|p2b: Koraidon|spd|1
|faint|p1a: Calyrex
|-damage|p2b: Koraidon|32/100|[from] item: Life Orb
|
|-weather|SunnyDay|[upkeep]
|upkeep
|
|t:|1750747766
|switch|p1a: Torkoal|Torkoal, L50, M, shiny|100/100
|turn|8
|
|t:|1750747776
|move|p2b: Koraidon|Protect|p2b: Koraidon
|-singleturn|p2b: Koraidon|Protect
|move|p1a: Torkoal|Eruption|p2b: Koraidon
|-activate|p2b: Koraidon|move: Protect
|move|p1b: Lunala|Expanding Force|p2b: Koraidon
|-activate|p2b: Koraidon|move: Protect
|
|-weather|SunnyDay|[upkeep]
|-fieldend|move: Trick Room
|upkeep
|turn|9
|
|t:|1750747788
|move|p2b: Koraidon|Close Combat|p1b: Lunala
|-damage|p1b: Lunala|64/100
|-unboost|p2b: Koraidon|def|1
|-unboost|p2b: Koraidon|spd|1
|-damage|p2b: Koraidon|22/100|[from] item: Life Orb
|move|p1b: Lunala|Expanding Force|p2b: Koraidon
|-supereffective|p2b: Koraidon
|-damage|p2b: Koraidon|0 fnt
|faint|p2b: Koraidon
|
|win|StillFantasy
|raw|StillFantasy's rating: 1384 &rarr; <strong>1402</strong><br />(+18 for winning)
|raw|heelkey's rating: 1342 &rarr; <strong>1324</strong><br />(-18 for losing)
|l|☆StillFantasy
|player|p1|
|l|‽heelkey
|player|p2|
