|j|☆Decimi
|j|☆K1eLuvsA
|t:|1750733507
|gametype|doubles
|player|p1|Decimi|miku-ground|
|player|p2|K1eLuvsA|265|
|teamsize|p1|6
|teamsize|p2|6
|gen|9
|tier|[Gen 9] VGC 2025 Reg I
|rule|Species Clause: Limit one of each Pokémon
|rule|Item Clause: Limit 1 of each item
|clearpoke
|poke|p1|Calyrex-Shadow, L50|
|poke|p1|Miraidon, L50|
|poke|p1|Rillaboom, L50, F|
|poke|p1|Incineroar, L50, F|
|poke|p1|Ogerpon-Hearthflame, L50, F|
|poke|p1|Urshifu-*, L50, M|
|poke|p2|Kyogre, L50|
|poke|p2|Urshifu-*, L50, F|
|poke|p2|Iron Hands, L50|
|poke|p2|Tornadus, L50, M|
|poke|p2|Palkia, L50|
|poke|p2|Ursaluna, L50, M|
|teampreview|4
|inactive|Battle timer is ON: inactive players will automatically lose when time's up. (requested by Decimi)
Decimi has agreed to open team sheets.
K1eLuvsA has agreed to open team sheets.
|showteam|p1|Calyrex-Shadow||FocusSash|AsOneSpectrier|AstralBarrage,TeraBlast,Encore,Protect||||||50|,,,,,Fighting]Miraidon||LifeOrb|HadronEngine|VoltSwitch,ElectroDrift,DracoMeteor,Overheat||||||50|,,,,,Fire]Rillaboom||AssaultVest|GrassySurge|FakeOut,WoodHammer,GrassyGlide,Uturn|||F|||50|,,,,,Fire]Incineroar||RockyHelmet|Intimidate|FakeOut,KnockOff,FlareBlitz,PartingShot|||F|||50|,,,,,Bug]Ogerpon-Hearthflame||HearthflameMask|MoldBreaker|IvyCudgel,FollowMe,SpikyShield,WoodHammer|||F|||50|,,,,,Fire]Urshifu-Rapid-Strike||ChoiceScarf|UnseenFist|SurgingStrikes,CloseCombat,Uturn,AquaJet|||M|||50|,,,,,Water
|showteam|p2|Kyogre||ClearAmulet|Drizzle|WaterSpout,OriginPulse,IceBeam,Thunder||||||50|,,,,,Electric]Urshifu-Rapid-Strike||ChoiceScarf|UnseenFist|CloseCombat,SurgingStrikes,AquaJet,Uturn|||F|||50|,,,,,Water]Iron Hands||AssaultVest|QuarkDrive|FakeOut,LowKick,DrainPunch,HeavySlam||||||50|,,,,,Fighting]Tornadus||CovertCloak|Prankster|Tailwind,BleakwindStorm,Taunt,RainDance|||M|||50|,,,,,Electric]Palkia||LustrousOrb|Telepathy|SpacialRend,Protect,Liquidation,TrickRoom||||||50|,,,,,Fairy]Ursaluna||FlameOrb|Guts|Facade,HeadlongRush,Protect,Earthquake|||M|||50|,,,,,Ghost
|
|t:|1750733536
|start
|switch|p1a: Calyrex|Calyrex-Shadow, L50|100/100
|switch|p1b: Rillaboom|Rillaboom, L50, F, shiny|100/100
|switch|p2a: Palkia|Palkia, L50|100/100
|switch|p2b: Iron Hands|Iron Hands, L50|100/100
|-ability|p1a: Calyrex|As One
|-ability|p1a: Calyrex|Unnerve
|-fieldstart|move: Grassy Terrain|[from] ability: Grassy Surge|[of] p1b: Rillaboom
|turn|1
|
|t:|1750733556
|move|p1b: Rillaboom|Fake Out|p2a: Palkia
|-damage|p2a: Palkia|89/100
|move|p2b: Iron Hands|Fake Out|p1b: Rillaboom
|-damage|p1b: Rillaboom|85/100
|move|p1a: Calyrex|Astral Barrage|p2b: Iron Hands|[spread] p2a,p2b
|-damage|p2a: Palkia|45/100
|-damage|p2b: Iron Hands|74/100
|cant|p2a: Palkia|flinch
|
|-heal|p2a: Palkia|51/100|[from] Grassy Terrain
|-heal|p1b: Rillaboom|91/100|[from] Grassy Terrain
|-heal|p2b: Iron Hands|80/100|[from] Grassy Terrain
|upkeep
|turn|2
|
|t:|1750733575
|-end|p2b: Iron Hands|Quark Drive|[silent]
|switch|p2b: Ursaluna|Ursaluna, L50, M|100/100
|move|p1b: Rillaboom|Grassy Glide|p2a: Palkia
|-damage|p2a: Palkia|20/100
|move|p1a: Calyrex|Astral Barrage|p2b: Ursaluna|[spread] p2a
|-immune|p2b: Ursaluna
|-damage|p2a: Palkia|0 fnt
|faint|p2a: Palkia
|-ability|p1a: Calyrex|Grim Neigh|boost
|-boost|p1a: Calyrex|spa|1
|
|-heal|p1b: Rillaboom|97/100|[from] Grassy Terrain
|-status|p2b: Ursaluna|brn|[from] item: Flame Orb
|upkeep
|
|t:|1750733586
|switch|p2a: Iron Hands|Iron Hands, L50|80/100
|turn|3
|
|t:|1750733596
|-terastallize|p1a: Calyrex|Fighting
|move|p2a: Iron Hands|Fake Out|p1b: Rillaboom
|-damage|p1b: Rillaboom|82/100
|move|p1a: Calyrex|Tera Blast|p2b: Ursaluna|[anim] Tera Blast Fighting
|-supereffective|p2b: Ursaluna
|-damage|p2b: Ursaluna|0 fnt
|faint|p2b: Ursaluna
|-ability|p1a: Calyrex|Grim Neigh|boost
|-boost|p1a: Calyrex|spa|1
|cant|p1b: Rillaboom|flinch
|
|-heal|p1b: Rillaboom|87/100|[from] Grassy Terrain
|-heal|p2a: Iron Hands|86/100|[from] Grassy Terrain
|upkeep
|
|t:|1750733603
|switch|p2b: Kyogre|Kyogre, L50|100/100
|-weather|RainDance|[from] ability: Drizzle|[of] p2b: Kyogre
|turn|4
|
|t:|1750733618
|move|p1b: Rillaboom|Grassy Glide|p2b: Kyogre
|-supereffective|p2b: Kyogre
|-damage|p2b: Kyogre|24/100
|move|p1a: Calyrex|Astral Barrage|p2b: Kyogre|[spread] p2a,p2b
|-damage|p2a: Iron Hands|34/100
|-damage|p2b: Kyogre|0 fnt
|faint|p2b: Kyogre
|-ability|p1a: Calyrex|Grim Neigh|boost
|-boost|p1a: Calyrex|spa|1
|move|p2a: Iron Hands|Drain Punch|p1b: Rillaboom
|-damage|p1b: Rillaboom|45/100
|-heal|p2a: Iron Hands|52/100|[from] drain|[of] p1b: Rillaboom
|
|-weather|RainDance|[upkeep]
|-heal|p1b: Rillaboom|50/100|[from] Grassy Terrain
|-heal|p2a: Iron Hands|58/100|[from] Grassy Terrain
|upkeep
|turn|5
|
|t:|1750733637
|move|p1b: Rillaboom|Grassy Glide|p2a: Iron Hands
|-damage|p2a: Iron Hands|33/100
|move|p1a: Calyrex|Astral Barrage|p2a: Iron Hands
|-damage|p2a: Iron Hands|0 fnt
|faint|p2a: Iron Hands
|-end|p2a: Iron Hands|Quark Drive|[silent]
|
|win|Decimi
