|j|‽xGSx3ntr0py
|j|☆Jameson Murray
|t:|1750738130
|gametype|doubles
|player|p1|xGSx3ntr0py|169|1478
|player|p2|Jameson Murray|elesa|1514
|teamsize|p1|6
|teamsize|p2|6
|gen|9
|tier|[Gen 9] VGC 2025 Reg I
|rated|
|rule|Species Clause: Limit one of each Pokémon
|rule|Item Clause: Limit 1 of each item
|clearpoke
|poke|p1|Calyrex-Ice, L50|
|poke|p1|Smeargle, L50, M|
|poke|p1|Incineroar, L50, M|
|poke|p1|Rillaboom, L50, M|
|poke|p1|Lunala, L50|
|poke|p1|Muk-Alola, L50, F|
|poke|p2|Lunala, L50|
|poke|p2|Groudon, L50|
|poke|p2|Raging Bolt, L50|
|poke|p2|Ogerpon-Hearthflame, L50, F|
|poke|p2|Amoonguss, L50, F|
|poke|p2|Incineroar, L50, F|
|teampreview|4
|
|t:|1750738172
|start
|switch|p1a: Lunala|Lunala, L50|100/100
|switch|p1b: Smeargle|Smeargle, L50, M|100/100
|switch|p2a: Groudon|Groudon, L50|100/100
|switch|p2b: Ogerpon|Ogerpon-Hearthflame, L50, F|100/100
|-ability|p2b: Ogerpon|Mold Breaker
|-weather|SunnyDay|[from] ability: Drought|[of] p2a: Groudon
|turn|1
|
|t:|1750738196
|move|p1b: Smeargle|Wide Guard|p1b: Smeargle
|-singleturn|p1b: Smeargle|Wide Guard
|move|p2b: Ogerpon|Follow Me|p2b: Ogerpon
|-singleturn|p2b: Ogerpon|move: Follow Me
|move|p1a: Lunala|Moonblast|p2b: Ogerpon
|-resisted|p2b: Ogerpon
|-damage|p2b: Ogerpon|79/100
|move|p2a: Groudon|Precipice Blades|p1a: Lunala|[spread] 
|-activate|p1a: Lunala|move: Wide Guard
|-activate|p1b: Smeargle|move: Wide Guard
|
|-weather|SunnyDay|[upkeep]
|-ability|p1b: Smeargle|Moody|boost
|-boost|p1b: Smeargle|spa|2
|-unboost|p1b: Smeargle|atk|1
|upkeep
|turn|2
|
|t:|1750738232
|switch|p1b: Incineroar|Incineroar, L50, M|100/100
|-ability|p1b: Incineroar|Intimidate|boost
|-fail|p2a: Groudon|unboost|[from] item: Clear Amulet|[of] p2a: Groudon
|-unboost|p2b: Ogerpon|atk|1
|move|p2a: Groudon|Protect|p2a: Groudon
|-singleturn|p2a: Groudon|Protect
|move|p2b: Ogerpon|Ivy Cudgel|p1b: Incineroar|[anim] Ivy Cudgel Fire
|-resisted|p1b: Incineroar
|-damage|p1b: Incineroar|74/100
|move|p1a: Lunala|Moonblast|p2a: Groudon
|-activate|p2a: Groudon|move: Protect
|
|-weather|SunnyDay|[upkeep]
|upkeep
|turn|3
|
|t:|1750738248
|move|p1b: Incineroar|Fake Out|p2a: Groudon
|-damage|p2a: Groudon|93/100
|move|p2b: Ogerpon|Ivy Cudgel|p1a: Lunala|[anim] Ivy Cudgel Fire
|-damage|p1a: Lunala|79/100
|move|p1a: Lunala|Moonblast|p2a: Groudon
|-damage|p2a: Groudon|57/100
|cant|p2a: Groudon|flinch
|
|-weather|SunnyDay|[upkeep]
|-heal|p1a: Lunala|85/100|[from] item: Leftovers
|upkeep
|turn|4
|
|t:|1750738271
|-terastallize|p2b: Ogerpon|Fire
|detailschange|p2b: Ogerpon|Ogerpon-Hearthflame-Tera, L50, F, tera:Fire
|-ability|p2b: Ogerpon|Embody Aspect (Hearthflame)|boost
|-boost|p2b: Ogerpon|atk|1
|-terastallize|p1b: Incineroar|Ghost
|move|p1a: Lunala|Protect|p1a: Lunala
|-singleturn|p1a: Lunala|Protect
|move|p2b: Ogerpon|Ivy Cudgel|p1a: Lunala|[anim] Ivy Cudgel Fire
|-activate|p1a: Lunala|move: Protect
|move|p2a: Groudon|Precipice Blades|p1a: Lunala|[spread] p1b
|-activate|p1a: Lunala|move: Protect
|-damage|p1b: Incineroar|23/100
|move|p1b: Incineroar|Will-O-Wisp|p2a: Groudon
|-status|p2a: Groudon|brn
|
|-weather|SunnyDay|[upkeep]
|-heal|p1a: Lunala|91/100|[from] item: Leftovers
|-damage|p2a: Groudon|51/100 brn|[from] brn
|upkeep
|turn|5
|
|t:|1750738301
|switch|p1b: Smeargle|Smeargle, L50, M|100/100
|move|p2b: Ogerpon|Ivy Cudgel|p1a: Lunala|[anim] Ivy Cudgel Fire
|-damage|p1a: Lunala|5/100
|move|p1a: Lunala|Moonblast|p2a: Groudon
|-damage|p2a: Groudon|17/100 brn
|move|p2a: Groudon|Precipice Blades|p1a: Lunala|[spread] p1a,p1b
|-damage|p1a: Lunala|0 fnt
|-damage|p1b: Smeargle|55/100
|faint|p1a: Lunala
|
|-weather|none
|-damage|p2a: Groudon|11/100 brn|[from] brn
|-ability|p1b: Smeargle|Moody|boost
|-boost|p1b: Smeargle|spa|2
|-unboost|p1b: Smeargle|spd|1
|upkeep
|
|t:|1750738313
|switch|p1a: Calyrex|Calyrex-Ice, L50|100/100
|-ability|p1a: Calyrex|As One
|-ability|p1a: Calyrex|Unnerve
|turn|6
|
|t:|1750738336
|switch|p2b: Incineroar|Incineroar, L50, F|100/100
|-ability|p2b: Incineroar|Intimidate|boost
|-fail|p1a: Calyrex|unboost|[from] item: Clear Amulet|[of] p1a: Calyrex
|-unboost|p1b: Smeargle|atk|1
|move|p1b: Smeargle|Follow Me|p1b: Smeargle
|-singleturn|p1b: Smeargle|move: Follow Me
|move|p2a: Groudon|Precipice Blades|p1b: Smeargle|[spread] p1a
|-miss|p2a: Groudon|p1b: Smeargle
|-damage|p1a: Calyrex|83/100
|move|p1a: Calyrex|Trick Room|p1a: Calyrex
|-fieldstart|move: Trick Room|[of] p1a: Calyrex
|
|-damage|p2a: Groudon|5/100 brn|[from] brn
|-ability|p1b: Smeargle|Moody|boost
|-boost|p1b: Smeargle|atk|2
|-unboost|p1b: Smeargle|def|1
|upkeep
|turn|7
|
|t:|1750738355
|move|p2a: Groudon|Protect|p2a: Groudon
|-singleturn|p2a: Groudon|Protect
|move|p1b: Smeargle|Decorate|p1a: Calyrex
|-boost|p1a: Calyrex|atk|2
|-boost|p1a: Calyrex|spa|2
|move|p1a: Calyrex|Glacial Lance|p2a: Groudon|[spread] p2b
|-activate|p2a: Groudon|move: Protect
|-resisted|p2b: Incineroar
|-damage|p2b: Incineroar|53/100
|move|p2b: Incineroar|Knock Off|p1a: Calyrex
|-supereffective|p1a: Calyrex
|-damage|p1a: Calyrex|36/100
|-enditem|p1a: Calyrex|Clear Amulet|[from] move: Knock Off|[of] p2b: Incineroar
|
|-damage|p2a: Groudon|0 fnt|[from] brn
|faint|p2a: Groudon
|-ability|p1b: Smeargle|Moody|boost
|-boost|p1b: Smeargle|spa|2
|-unboost|p1b: Smeargle|def|1
|upkeep
|
|t:|1750738370
|switch|p2a: Lunala|Lunala, L50, shiny|100/100
|turn|8
|
|t:|1750738385
|switch|p2b: Ogerpon|Ogerpon-Hearthflame-Tera, L50, F, tera:Fire|79/100
|-ability|p2b: Ogerpon|Embody Aspect (Hearthflame)|boost
|-boost|p2b: Ogerpon|atk|1
|move|p1b: Smeargle|Follow Me|p1b: Smeargle
|-singleturn|p1b: Smeargle|move: Follow Me
|move|p1a: Calyrex|Crunch|p2a: Lunala
|-supereffective|p2a: Lunala
|-damage|p2a: Lunala|0 fnt
|faint|p2a: Lunala
|-ability|p1a: Calyrex|Chilling Neigh|boost
|-boost|p1a: Calyrex|atk|1
|
|-ability|p1b: Smeargle|Moody|boost
|-boost|p1b: Smeargle|spd|2
|-unboost|p1b: Smeargle|def|1
|upkeep
|
|t:|1750738394
|switch|p2a: Incineroar|Incineroar, L50, F|53/100
|-ability|p2a: Incineroar|Intimidate|boost
|-unboost|p1a: Calyrex|atk|1
|-unboost|p1b: Smeargle|atk|1
|turn|9
|
|t:|1750738409
|move|p1a: Calyrex|Protect|p1a: Calyrex
|-singleturn|p1a: Calyrex|Protect
|move|p1b: Smeargle|Decorate|p1a: Calyrex
|-boost|p1a: Calyrex|atk|2
|-boost|p1a: Calyrex|spa|2
|move|p2a: Incineroar|Knock Off|p1b: Smeargle
|-damage|p1b: Smeargle|0 fnt
|-enditem|p1b: Smeargle|Focus Sash|[from] move: Knock Off|[of] p2a: Incineroar
|faint|p1b: Smeargle
|move|p2b: Ogerpon|Ivy Cudgel|p1a: Calyrex|[anim] Ivy Cudgel Fire
|-activate|p1a: Calyrex|move: Protect
|
|upkeep
|
|t:|1750738418
|switch|p1b: Incineroar|Incineroar, L50, M, tera:Ghost|23/100
|-ability|p1b: Incineroar|Intimidate|boost
|-unboost|p2a: Incineroar|atk|1
|-unboost|p2b: Ogerpon|atk|1
|turn|10
|
|t:|1750738435
|move|p2b: Ogerpon|Spiky Shield|p2b: Ogerpon
|-singleturn|p2b: Ogerpon|move: Protect
|move|p1a: Calyrex|Glacial Lance|p2b: Ogerpon|[spread] p2a
|-activate|p2b: Ogerpon|move: Protect
|-resisted|p2a: Incineroar
|-damage|p2a: Incineroar|0 fnt
|faint|p2a: Incineroar
|-ability|p1a: Calyrex|Chilling Neigh|boost
|-boost|p1a: Calyrex|atk|1
|move|p1b: Incineroar|Knock Off|p2b: Ogerpon
|-activate|p2b: Ogerpon|move: Protect
|-damage|p1b: Incineroar|11/100|[from] Spiky Shield|[of] p2b: Ogerpon
|
|-fieldend|move: Trick Room
|upkeep
|turn|11
|
|t:|1750738446
|move|p1a: Calyrex|Protect|p1a: Calyrex
|-singleturn|p1a: Calyrex|Protect
|move|p2b: Ogerpon|Ivy Cudgel|p1a: Calyrex|[anim] Ivy Cudgel Fire
|-activate|p1a: Calyrex|move: Protect
|move|p1b: Incineroar|Knock Off|p2b: Ogerpon
|-damage|p2b: Ogerpon|45/100
|
|upkeep
|turn|12
|
|t:|1750738459
|move|p2b: Ogerpon|Ivy Cudgel|p1a: Calyrex|[anim] Ivy Cudgel Fire
|-supereffective|p1a: Calyrex
|-damage|p1a: Calyrex|0 fnt
|faint|p1a: Calyrex
|move|p1b: Incineroar|Knock Off|p2b: Ogerpon
|-damage|p2b: Ogerpon|10/100
|
|upkeep
|turn|13
|
|t:|1750738464
|move|p2b: Ogerpon|Ivy Cudgel|p1b: Incineroar|[anim] Ivy Cudgel Fire
|-damage|p1b: Incineroar|0 fnt
|faint|p1b: Incineroar
|
|win|Jameson Murray
|raw|xGSx3ntr0py's rating: 1478 &rarr; <strong>1460</strong><br />(-18 for losing)
|raw|Jameson Murray's rating: 1514 &rarr; <strong>1532</strong><br />(+18 for winning)
|l|‽xGSx3ntr0py
|player|p1|
