|j|‽laron13
|j|☆AmarnaLetters
|t:|1750824423
|gametype|doubles
|player|p1|laron13|2|1387
|player|p2|AmarnaLetters|102|1453
|teamsize|p1|6
|teamsize|p2|6
|gen|9
|tier|[Gen 9] VGC 2025 Reg I
|rated|
|rule|Species Clause: Limit one of each Pokémon
|rule|Item Clause: Limit 1 of each item
|clearpoke
|poke|p1|Zacian-*, L50|
|poke|p1|Kyogre, L50|
|poke|p1|Urshifu-*, L50, F|
|poke|p1|Tornadus, L50, M|
|poke|p1|Brute Bonnet, L50|
|poke|p1|Indeedee-F, L50, F|
|poke|p2|Rillaboom, L50, M|
|poke|p2|Terapagos, L50, M|
|poke|p2|Clefairy, L50, F|
|poke|p2|Flutter Mane, L50|
|poke|p2|Incineroar, L50, F|
|poke|p2|Ho-Oh, L50|
|teampreview|4
|inactive|Battle timer is ON: inactive players will automatically lose when time's up. (requested by AmarnaLetters)
|inactive|laron13 has 60 seconds left.
|inactive|AmarnaLetters has 60 seconds left.
|inactive|AmarnaLetters has 30 seconds left.
|
|t:|1750824492
|start
|switch|p1a: Tornadus|Tornadus, L50, M|100/100
|switch|p1b: Kyogre|Kyogre, L50|100/100
|switch|p2a: Terapagos|Terapagos, L50, M|100/100
|switch|p2b: Rillaboom|Rillaboom, L50, M|100/100
|-activate|p2a: Terapagos|ability: Tera Shift
|detailschange|p2a: Terapagos|Terapagos-Terastal, L50, M
|-heal|p2a: Terapagos|100/100|[silent]
|-weather|RainDance|[from] ability: Drizzle|[of] p1b: Kyogre
|-fieldstart|move: Grassy Terrain|[from] ability: Grassy Surge|[of] p2b: Rillaboom
|turn|1
|
|t:|1750824507
|move|p1b: Kyogre|Protect|p1b: Kyogre
|-singleturn|p1b: Kyogre|Protect
|move|p2b: Rillaboom|Fake Out|p1b: Kyogre
|-activate|p1b: Kyogre|move: Protect
|move|p1a: Tornadus|Bleakwind Storm|p2b: Rillaboom|[spread] p2a,p2b
|-activate|p2a: Terapagos|ability: Tera Shell
|-resisted|p2a: Terapagos
|-supereffective|p2b: Rillaboom
|-damage|p2a: Terapagos|89/100
|-damage|p2b: Rillaboom|48/100
|-unboost|p2a: Terapagos|spe|1
|move|p2a: Terapagos|Tera Starstorm|p1b: Kyogre
|-activate|p1b: Kyogre|move: Protect
|
|-weather|RainDance|[upkeep]
|-heal|p2b: Rillaboom|54/100|[from] Grassy Terrain
|-heal|p2a: Terapagos|95/100|[from] Grassy Terrain
|upkeep
|turn|2
|inactive|AmarnaLetters has 30 seconds left.
|inactive|AmarnaLetters has 20 seconds left.
|
|t:|1750824542
|move|p2b: Rillaboom|Grassy Glide|p1b: Kyogre
|-supereffective|p1b: Kyogre
|-damage|p1b: Kyogre|12/100
|move|p1b: Kyogre|Water Spout|p2b: Rillaboom|[spread] p2a,p2b
|-resisted|p2b: Rillaboom
|-damage|p2a: Terapagos|85/100
|-damage|p2b: Rillaboom|49/100
|move|p1a: Tornadus|Bleakwind Storm|p2b: Rillaboom|[spread] p2a,p2b
|-supereffective|p2b: Rillaboom
|-damage|p2a: Terapagos|58/100
|-damage|p2b: Rillaboom|0 fnt
|faint|p2b: Rillaboom
|move|p2a: Terapagos|Tera Starstorm|p1b: Kyogre
|-damage|p1b: Kyogre|0 fnt
|faint|p1b: Kyogre
|
|-weather|RainDance|[upkeep]
|-heal|p2a: Terapagos|64/100|[from] Grassy Terrain
|upkeep
|inactive|AmarnaLetters has 30 seconds left.
|
|t:|1750824572
|switch|p1b: Urshifu|Urshifu-Rapid-Strike, L50, F|100/100
|switch|p2b: Ho-Oh|Ho-Oh, L50|100/100
|turn|3
|inactive|laron13 has 30 seconds left.
|inactive|laron13 has 20 seconds left.
|inactive|laron13 has 15 seconds left.
|
|t:|1750824619
|switch|p2a: Incineroar|Incineroar, L50, F|100/100
|-ability|p2a: Incineroar|Intimidate|boost
|-unboost|p1a: Tornadus|atk|1
|-unboost|p1b: Urshifu|atk|1
|-terastallize|p1b: Urshifu|Water
|-terastallize|p2b: Ho-Oh|Grass
|move|p1b: Urshifu|Close Combat|p2a: Incineroar
|-supereffective|p2a: Incineroar
|-damage|p2a: Incineroar|40/100
|-unboost|p1b: Urshifu|def|1
|-unboost|p1b: Urshifu|spd|1
|-damage|p1b: Urshifu|84/100|[from] item: Rocky Helmet|[of] p2a: Incineroar
|move|p1a: Tornadus|Bleakwind Storm|p2a: Incineroar|[spread] p2a,p2b
|-supereffective|p2b: Ho-Oh
|-damage|p2a: Incineroar|10/100
|-damage|p2b: Ho-Oh|67/100
|move|p2b: Ho-Oh|Tailwind|p2b: Ho-Oh
|-sidestart|p2: AmarnaLetters|move: Tailwind
|
|-weather|RainDance|[upkeep]
|-heal|p2b: Ho-Oh|73/100|[from] Grassy Terrain
|-heal|p1b: Urshifu|90/100|[from] Grassy Terrain
|-heal|p2a: Incineroar|16/100|[from] Grassy Terrain
|upkeep
|turn|4
|inactive|laron13 has 30 seconds left.
|inactive|AmarnaLetters has 30 seconds left.
|inactive|AmarnaLetters has 20 seconds left.
|
|t:|1750824654
|move|p2a: Incineroar|Fake Out|p1b: Urshifu
|-damage|p1b: Urshifu|75/100
|move|p2b: Ho-Oh|Brave Bird|p1b: Urshifu
|-damage|p1b: Urshifu|0 fnt
|faint|p1b: Urshifu
|-damage|p2b: Ho-Oh|52/100|[from] Recoil
|move|p1a: Tornadus|Bleakwind Storm|p2b: Ho-Oh|[spread] p2a,p2b
|-supereffective|p2b: Ho-Oh
|-damage|p2a: Incineroar|0 fnt
|-damage|p2b: Ho-Oh|17/100
|faint|p2a: Incineroar
|
|-weather|RainDance|[upkeep]
|-heal|p2b: Ho-Oh|24/100|[from] Grassy Terrain
|upkeep
|
|t:|1750824666
|switch|p1b: Zacian|Zacian-Crowned, L50|100/100
|switch|p2a: Terapagos|Terapagos-Terastal, L50, M|64/100
|-ability|p1b: Zacian|Intrepid Sword|boost
|-boost|p1b: Zacian|atk|1
|turn|5
|
|t:|1750824680
|move|p1a: Tornadus|Tailwind|p1a: Tornadus
|-sidestart|p1: laron13|move: Tailwind
|move|p1b: Zacian|Behemoth Blade|p2b: Ho-Oh
|-damage|p2b: Ho-Oh|0 fnt
|faint|p2b: Ho-Oh
|move|p2a: Terapagos|Tera Starstorm|p1b: Zacian
|-resisted|p1b: Zacian
|-damage|p1b: Zacian|61/100
|
|-weather|none
|-heal|p1b: Zacian|67/100|[from] Grassy Terrain
|-heal|p2a: Terapagos|70/100|[from] Grassy Terrain
|-fieldend|move: Grassy Terrain
|upkeep
|turn|6
|
|t:|1750824696
|move|p1b: Zacian|Protect|p1b: Zacian
|-singleturn|p1b: Zacian|Protect
|move|p1a: Tornadus|Rain Dance|p1a: Tornadus
|-weather|RainDance
|move|p2a: Terapagos|Tera Starstorm|p1b: Zacian
|-activate|p1b: Zacian|move: Protect
|
|-weather|RainDance|[upkeep]
|-sideend|p2: AmarnaLetters|move: Tailwind
|upkeep
|turn|7
|
|t:|1750824704
|move|p1b: Zacian|Sacred Sword|p2a: Terapagos
|-supereffective|p2a: Terapagos
|-damage|p2a: Terapagos|0 fnt
|faint|p2a: Terapagos
|
|win|laron13
|raw|laron13's rating: 1387 &rarr; <strong>1411</strong><br />(+24 for winning)
|raw|AmarnaLetters's rating: 1453 &rarr; <strong>1429</strong><br />(-24 for losing)
|l|☆AmarnaLetters
|player|p2|
|l|‽laron13
|player|p1|
