|j|☆szoob busziness
|j|☆Weredude08
|t:|1750835542
|gametype|doubles
|player|p1|szoob busziness|miku-ground|1223
|player|p2|Weredude08|steven|1309
|teamsize|p1|6
|teamsize|p2|6
|gen|9
|tier|[Gen 9] VGC 2025 Reg I
|rated|
|rule|Species Clause: Limit one of each Pokémon
|rule|Item Clause: Limit 1 of each item
|clearpoke
|poke|p1|Regidrago, L50|
|poke|p1|Necrozma-Dawn-Wings, L50|
|poke|p1|Walking Wake, L50|
|poke|p1|Regieleki, L50|
|poke|p1|Indeedee-F, L50, F|
|poke|p1|Koraidon, L50|
|poke|p2|Zacian-*, L50|
|poke|p2|Miraidon, L50|
|poke|p2|Incineroar, L50, F|
|poke|p2|Ogerpon-Cornerstone, L50, F|
|poke|p2|Farigiraf, L50, M|
|poke|p2|Urshifu-*, L50, F|
|teampreview|4
|inactive|Battle timer is ON: inactive players will automatically lose when time's up. (requested by Weredude08)
Weredude08 has agreed to open team sheets.
szoob busziness has agreed to open team sheets.
|showteam|p1|Regidrago||ChoiceScarf|DragonsMaw|DragonEnergy,DracoMeteor,EarthPower,DragonPulse||||||50|,,,,,Dragon]Necrozma-Dawn-Wings||PowerHerb|PrismArmor|ExpandingForce,MeteorBeam,MoongeistBeam,Protect||||||50|,,,,,Normal]Walking Wake||ChoiceSpecs|Protosynthesis|DracoMeteor,Flamethrower,HydroSteam,Snarl||||||50|,,,,,Normal]Regieleki||CovertCloak|Transistor|Electroweb,Thunderbolt,VoltSwitch,Protect||||||50|,,,,,Electric]Indeedee-F||SitrusBerry|PsychicSurge|FollowMe,Imprison,HelpingHand,TrickRoom|||F|||50|,,,,,Grass]Koraidon||LifeOrb|OrichalcumPulse|CloseCombat,FlareBlitz,FlameCharge,Protect||||||50|,,,,,Fire
|showteam|p2|Zacian-Crowned||RustedSword|IntrepidSword|Protect,behemothblade,PlayRough,SwordsDance||||||50|,,,,,Ground]Miraidon||ChoiceScarf|HadronEngine|ElectroDrift,VoltSwitch,DracoMeteor,Snarl||||||50|,,,,,Electric]Incineroar||AssaultVest|Intimidate|FakeOut,FlareBlitz,KnockOff,Uturn|||F|||50|,,,,,Grass]Ogerpon-Cornerstone||CornerstoneMask|Sturdy|SpikyShield,FollowMe,IvyCudgel,PowerWhip|||F|||50|,,,,,Rock]Farigiraf||ElectricSeed|ArmorTail|FoulPlay,Psychic,TrickRoom,HelpingHand|||M|||50|,,,,,Water]Urshifu-Rapid-Strike||FocusSash|UnseenFist|Detect,SurgingStrikes,CloseCombat,AquaJet|||F|||50|,,,,,Water
|inactive|szoob busziness has 60 seconds left.
|
|t:|1750835580
|start
|switch|p1a: Regidrago|Regidrago, L50|100/100
|switch|p1b: Indeedee|Indeedee-F, L50, F|100/100
|switch|p2a: Incineroar|Incineroar, L50, F|100/100
|switch|p2b: Miraidon|Miraidon, L50|100/100
|-fieldstart|move: Electric Terrain|[from] ability: Hadron Engine|[of] p2b: Miraidon
|-fieldstart|move: Psychic Terrain|[from] ability: Psychic Surge|[of] p1b: Indeedee
|-ability|p2a: Incineroar|Intimidate|boost
|-unboost|p1a: Regidrago|atk|1
|-unboost|p1b: Indeedee|atk|1
|turn|1
|inactive|Weredude08 has 30 seconds left.
|inactive|Weredude08 has 20 seconds left.
|
|t:|1750835618
|-terastallize|p1a: Regidrago|Dragon
|move|p1b: Indeedee|Follow Me|p1b: Indeedee
|-singleturn|p1b: Indeedee|move: Follow Me
|move|p2b: Miraidon|Volt Switch|p1b: Indeedee
|-damage|p1b: Indeedee|67/100
|
|t:|1750835625
|switch|p2b: Zacian|Zacian-Crowned, L50|100/100|[from] Volt Switch
|-ability|p2b: Zacian|Intrepid Sword|boost
|-boost|p2b: Zacian|atk|1
|move|p1a: Regidrago|Dragon Energy|p2b: Zacian|[spread] p2a
|-immune|p2b: Zacian
|-damage|p2a: Incineroar|33/100
|move|p2a: Incineroar|Knock Off|p1b: Indeedee
|-supereffective|p1b: Indeedee
|-damage|p1b: Indeedee|0 fnt
|-enditem|p1b: Indeedee|Sitrus Berry|[from] move: Knock Off|[of] p2a: Incineroar
|faint|p1b: Indeedee
|
|upkeep
|
|t:|1750835640
|switch|p1b: Walking Wake|Walking Wake, L50|100/100
|turn|2
|
|t:|1750835652
|switch|p1a: Koraidon|Koraidon, L50|100/100
|-weather|SunnyDay|[from] ability: Orichalcum Pulse|[of] p1a: Koraidon
|-activate|p1b: Walking Wake|ability: Protosynthesis
|-start|p1b: Walking Wake|protosynthesisspe
|-activate|p1a: Koraidon|Orichalcum Pulse|[source]
|move|p2b: Zacian|Protect|p2b: Zacian
|-singleturn|p2b: Zacian|Protect
|move|p1b: Walking Wake|Flamethrower|p2b: Zacian
|-activate|p2b: Zacian|move: Protect
|move|p2a: Incineroar|U-turn|p1b: Walking Wake
|-damage|p1b: Walking Wake|79/100
|
|t:|1750835668
|switch|p2a: Miraidon|Miraidon, L50|100/100|[from] U-turn
|-fieldstart|move: Electric Terrain|[from] ability: Hadron Engine|[of] p2a: Miraidon
|
|-weather|SunnyDay|[upkeep]
|upkeep
|turn|3
|
|t:|1750835680
|-terastallize|p2a: Miraidon|Electric
|move|p1a: Koraidon|Protect|p1a: Koraidon
|-singleturn|p1a: Koraidon|Protect
|move|p1b: Walking Wake|Flamethrower|p2b: Zacian
|-supereffective|p2b: Zacian
|-damage|p2b: Zacian|0 fnt
|faint|p2b: Zacian
|move|p2a: Miraidon|Volt Switch|p1b: Walking Wake
|-damage|p1b: Walking Wake|0 fnt
|faint|p1b: Walking Wake
|-end|p1b: Walking Wake|Protosynthesis|[silent]
|
|t:|1750835692
|switch|p2a: Incineroar|Incineroar, L50, F|33/100|[from] Volt Switch
|-ability|p2a: Incineroar|Intimidate|boost
|-unboost|p1a: Koraidon|atk|1
|
|-weather|SunnyDay|[upkeep]
|upkeep
|
|t:|1750835697
|switch|p2b: Miraidon|Miraidon, L50, tera:Electric|100/100
|switch|p1b: Regidrago|Regidrago, L50, tera:Dragon|100/100
|-activate|p2b: Miraidon|ability: Hadron Engine
|turn|4
|
|t:|1750835710
|move|p2a: Incineroar|Fake Out|p1b: Regidrago
|-damage|p1b: Regidrago|89/100
|move|p2b: Miraidon|Draco Meteor|p1a: Koraidon|[miss]
|-miss|p2b: Miraidon|p1a: Koraidon
|cant|p1b: Regidrago|flinch
|move|p1a: Koraidon|Close Combat|p2b: Miraidon
|-damage|p2b: Miraidon|19/100
|-unboost|p1a: Koraidon|def|1
|-unboost|p1a: Koraidon|spd|1
|-damage|p1a: Koraidon|91/100|[from] item: Life Orb
|
|-weather|SunnyDay|[upkeep]
|upkeep
|turn|5
|
|t:|1750835731
|move|p1a: Koraidon|Protect|p1a: Koraidon
|-singleturn|p1a: Koraidon|Protect
|move|p2b: Miraidon|Draco Meteor|p1b: Regidrago
|-supereffective|p1b: Regidrago
|-damage|p1b: Regidrago|0 fnt
|-unboost|p2b: Miraidon|spa|2
|faint|p1b: Regidrago
|move|p2a: Incineroar|U-turn|p1a: Koraidon
|-activate|p1a: Koraidon|move: Protect
|
|-weather|SunnyDay|[upkeep]
|upkeep
|turn|6
|
|t:|1750835743
|move|p2b: Miraidon|Draco Meteor|p1a: Koraidon
|-supereffective|p1a: Koraidon
|-damage|p1a: Koraidon|0 fnt
|-unboost|p2b: Miraidon|spa|2
|faint|p1a: Koraidon
|
|win|Weredude08
|raw|szoob busziness's rating: 1223 &rarr; <strong>1204</strong><br />(-19 for losing)
|raw|Weredude08's rating: 1309 &rarr; <strong>1324</strong><br />(+15 for winning)
|l|☆Weredude08
|player|p2|
|l|☆szoob busziness
|player|p1|
