|j|☆Diestoise
|j|☆spividi
|t:|1750876467
|gametype|doubles
|player|p1|Diestoise|blue|1723
|player|p2|spividi|blackbelt-gen4dp|1634
|teamsize|p1|6
|teamsize|p2|6
|gen|9
|tier|[Gen 9] VGC 2025 Reg I
|rated|
|rule|Species Clause: Limit one of each Pokémon
|rule|Item Clause: Limit 1 of each item
|clearpoke
|poke|p1|Kyogre, L50|
|poke|p1|Zamazenta-*, L50|
|poke|p1|Rillaboom, L50, M|
|poke|p1|Whimsicott, L50, F|
|poke|p1|Chien-Pao, L50|
|poke|p1|Chandelure, L50, F|
|poke|p2|Regigigas, L50|
|poke|p2|Weezing-Galar, L50, M|
|poke|p2|Calyrex-Shadow, L50|
|poke|p2|Koraidon, L50|
|poke|p2|Raging Bolt, L50|
|poke|p2|Grimmsnarl, L50, M|
|teampreview|4
|inactive|Battle timer is ON: inactive players will automatically lose when time's up. (requested by spividi)
|inactive|Diestoise has 60 seconds left.
|inactive|spividi has 60 seconds left.
|
|t:|1750876503
|start
|switch|p1a: Zamazenta|Zamazenta-Crowned, L50|100/100
|switch|p1b: Chien-Pao|Chien-Pao, L50|100/100
|switch|p2a: Koraidon|Koraidon, L50|100/100
|switch|p2b: Weezing|Weezing-Galar, L50, M|100/100
|-ability|p2b: Weezing|Neutralizing Gas
|-block|p2a: Koraidon|item: Ability Shield
|-weather|SunnyDay|[from] ability: Orichalcum Pulse|[of] p2a: Koraidon
|-activate|p2a: Koraidon|Orichalcum Pulse|[source]
|turn|1
|j| elwafle
|inactive|spividi has 30 seconds left.
|inactive|spividi has 20 seconds left.
|j| BRDilas
|inactive|spividi has 15 seconds left.
|inactive|spividi has 10 seconds left.
|inactive|spividi has 5 seconds left.
|
|t:|1750876557
|-terastallize|p2a: Koraidon|Fire
|-terastallize|p1a: Zamazenta|Ghost
|move|p2b: Weezing|Protect|p2b: Weezing
|-singleturn|p2b: Weezing|Protect
|move|p2a: Koraidon|Flame Charge|p1b: Chien-Pao
|-supereffective|p1b: Chien-Pao
|-crit|p1b: Chien-Pao
|-enditem|p1b: Chien-Pao|Focus Sash
|-damage|p1b: Chien-Pao|1/100
|-boost|p2a: Koraidon|spe|1
|move|p1b: Chien-Pao|Crunch|p2a: Koraidon
|-damage|p2a: Koraidon|64/100
|move|p1a: Zamazenta|Iron Defense|p1a: Zamazenta
|-boost|p1a: Zamazenta|def|2
|
|-weather|SunnyDay|[upkeep]
|upkeep
|turn|2
|inactive|Diestoise has 30 seconds left.
|inactive|spividi has 30 seconds left.
|inactive|Diestoise has 20 seconds left.
|inactive|Diestoise has 15 seconds left.
|inactive|spividi has 20 seconds left.
|inactive|spividi has 15 seconds left.
|
|t:|1750876603
|switch|p1b: Chandelure|Chandelure, L50, F|100/100
|move|p2a: Koraidon|Collision Course|p1b: Chandelure
|-immune|p1b: Chandelure
|move|p1a: Zamazenta|Heavy Slam|p2b: Weezing
|-supereffective|p2b: Weezing
|-damage|p2b: Weezing|20/100
|-enditem|p2b: Weezing|Sitrus Berry|[eat]
|-heal|p2b: Weezing|45/100|[from] item: Sitrus Berry
|move|p2b: Weezing|Toxic Spikes|p1b: Chandelure
|-sidestart|p1: Diestoise|move: Toxic Spikes
|
|-weather|SunnyDay|[upkeep]
|upkeep
|turn|3
|
|t:|1750876624
|move|p2b: Weezing|Protect|p2b: Weezing
|-singleturn|p2b: Weezing|Protect
|move|p2a: Koraidon|Flare Blitz|p1a: Zamazenta
|-damage|p1a: Zamazenta|66/100
|-damage|p2a: Koraidon|52/100|[from] Recoil
|move|p1a: Zamazenta|Body Press|p2a: Koraidon
|-damage|p2a: Koraidon|0 fnt
|faint|p2a: Koraidon
|move|p1b: Chandelure|Trick Room|p1b: Chandelure
|-fieldstart|move: Trick Room|[of] p1b: Chandelure
|
|-weather|SunnyDay|[upkeep]
|upkeep
|
|t:|1750876633
|switch|p2a: Raging Bolt|Raging Bolt, L50|100/100
|turn|4
|inactive|Diestoise has 30 seconds left.
|
|t:|1750876659
|move|p2b: Weezing|Sludge Bomb|p1a: Zamazenta
|-resisted|p1a: Zamazenta
|-damage|p1a: Zamazenta|57/100
|move|p2a: Raging Bolt|Snarl|p1b: Chandelure|[spread] p1a,p1b
|-supereffective|p1a: Zamazenta
|-supereffective|p1b: Chandelure
|-damage|p1a: Zamazenta|37/100
|-damage|p1b: Chandelure|71/100
|-unboost|p1a: Zamazenta|spa|1
|-unboost|p1b: Chandelure|spa|1
|move|p1b: Chandelure|Shadow Ball|p2b: Weezing
|-damage|p2b: Weezing|23/100
|move|p1a: Zamazenta|Heavy Slam|p2b: Weezing
|-supereffective|p2b: Weezing
|-damage|p2b: Weezing|0 fnt
|faint|p2b: Weezing
|-end|p2b: Weezing|ability: Neutralizing Gas
|-activate|p2a: Raging Bolt|ability: Protosynthesis
|-start|p2a: Raging Bolt|protosynthesisspa
|-ability|p1a: Zamazenta|Dauntless Shield|boost
|-boost|p1a: Zamazenta|def|1
|
|-weather|SunnyDay|[upkeep]
|upkeep
|
|t:|1750876667
|switch|p2b: Calyrex|Calyrex-Shadow, L50|100/100
|-ability|p2b: Calyrex|As One
|-ability|p2b: Calyrex|Unnerve
|turn|5
|
|t:|1750876685
|move|p2b: Calyrex|Protect|p2b: Calyrex
|-singleturn|p2b: Calyrex|Protect
|move|p2a: Raging Bolt|Thunderbolt|p1a: Zamazenta
|-crit|p1a: Zamazenta
|-damage|p1a: Zamazenta|0 fnt
|faint|p1a: Zamazenta
|move|p1b: Chandelure|Heat Wave|p2a: Raging Bolt|[spread] p2a
|-activate|p2b: Calyrex|move: Protect
|-resisted|p2a: Raging Bolt
|-damage|p2a: Raging Bolt|90/100
|
|-weather|none
|-end|p2a: Raging Bolt|Protosynthesis
|upkeep
|inactive|Diestoise has 30 seconds left.
|
|t:|1750876718
|switch|p1a: Kyogre|Kyogre, L50|100/100
|-status|p1a: Kyogre|psn
|-weather|RainDance|[from] ability: Drizzle|[of] p1a: Kyogre
|turn|6
|
|t:|1750876745
|move|p1a: Kyogre|Protect|p1a: Kyogre
|-singleturn|p1a: Kyogre|Protect
|move|p2a: Raging Bolt|Thunderclap||[still]
|-fail|p2a: Raging Bolt
|move|p1b: Chandelure|Shadow Ball|p2b: Calyrex
|-supereffective|p2b: Calyrex
|-enditem|p2b: Calyrex|Focus Sash
|-damage|p2b: Calyrex|1/100
|move|p2b: Calyrex|Astral Barrage|p1b: Chandelure|[spread] p1b
|-activate|p1a: Kyogre|move: Protect
|-supereffective|p1b: Chandelure
|-damage|p1b: Chandelure|0 fnt
|faint|p1b: Chandelure
|-ability|p2b: Calyrex|Grim Neigh|boost
|-boost|p2b: Calyrex|spa|1
|
|-weather|RainDance|[upkeep]
|-damage|p1a: Kyogre|88/100 psn|[from] psn
|upkeep
|
|t:|1750876758
|switch|p1b: Chien-Pao|Chien-Pao, L50|1/100
|-status|p1b: Chien-Pao|psn
|-ability|p1b: Chien-Pao|Sword of Ruin
|turn|7
|inactive|Diestoise has 30 seconds left.
|
|t:|1750876784
|move|p1a: Kyogre|Protect||[still]
|-fail|p1a: Kyogre
|move|p2b: Calyrex|Protect|p2b: Calyrex
|-singleturn|p2b: Calyrex|Protect
|move|p2a: Raging Bolt|Thunderclap||[still]
|-fail|p2a: Raging Bolt
|move|p1b: Chien-Pao|Icicle Crash|p2a: Raging Bolt
|-supereffective|p2a: Raging Bolt
|-damage|p2a: Raging Bolt|2/100
|
|-weather|RainDance|[upkeep]
|-heal|p1a: Kyogre|94/100 psn|[from] item: Leftovers
|-damage|p1a: Kyogre|82/100 psn|[from] psn
|-damage|p1b: Chien-Pao|0 fnt|[from] psn
|faint|p1b: Chien-Pao
|-fieldend|move: Trick Room
|upkeep
|turn|8
|
|t:|1750876802
|move|p2a: Raging Bolt|Thunderclap|p1a: Kyogre
|-supereffective|p1a: Kyogre
|-damage|p1a: Kyogre|30/100 psn
|move|p2b: Calyrex|Encore|p1a: Kyogre
|-start|p1a: Kyogre|Encore
|move|p1a: Kyogre|Protect||[still]
|-fail|p1a: Kyogre
|
|-weather|RainDance|[upkeep]
|-heal|p1a: Kyogre|36/100 psn|[from] item: Leftovers
|-damage|p1a: Kyogre|24/100 psn|[from] psn
|upkeep
|turn|9
|l| elwafle
|
|t:|1750876812
|move|p1a: Kyogre|Protect|p1a: Kyogre
|-singleturn|p1a: Kyogre|Protect
|move|p2b: Calyrex|Astral Barrage|p1a: Kyogre
|-activate|p1a: Kyogre|move: Protect
|move|p2a: Raging Bolt|Thunderbolt|p1a: Kyogre
|-activate|p1a: Kyogre|move: Protect
|
|-weather|RainDance|[upkeep]
|-heal|p1a: Kyogre|30/100 psn|[from] item: Leftovers
|-damage|p1a: Kyogre|18/100 psn|[from] psn
|upkeep
|turn|10
|j| elwafle
|l| elwafle
|
|t:|1750876816
|move|p1a: Kyogre|Protect|p1a: Kyogre
|-singleturn|p1a: Kyogre|Protect
|move|p2b: Calyrex|Astral Barrage|p1a: Kyogre
|-activate|p1a: Kyogre|move: Protect
|move|p2a: Raging Bolt|Thunderbolt|p1a: Kyogre
|-activate|p1a: Kyogre|move: Protect
|
|-weather|none
|-heal|p1a: Kyogre|24/100 psn|[from] item: Leftovers
|-damage|p1a: Kyogre|12/100 psn|[from] psn
|-end|p1a: Kyogre|Encore
|upkeep
|turn|11
|
|t:|1750876822
|move|p2b: Calyrex|Astral Barrage|p1a: Kyogre
|-damage|p1a: Kyogre|0 fnt
|faint|p1a: Kyogre
|
|win|spividi
|raw|Diestoise's rating: 1723 &rarr; <strong>1698</strong><br />(-25 for losing)
|raw|spividi's rating: 1634 &rarr; <strong>1659</strong><br />(+25 for winning)
|l|☆Diestoise
|player|p1|
|l|☆spividi
|player|p2|
|l| BRDilas
