|j|☆chardoub
|j|☆TMD99
|t:|1750869327
|gametype|doubles
|player|p1|chardoub|2|1306
|player|p2|TMD99|grimsley|1265
|teamsize|p1|6
|teamsize|p2|6
|gen|9
|tier|[Gen 9] VGC 2025 Reg I
|rated|
|rule|Species Clause: Limit one of each Pokémon
|rule|Item Clause: Limit 1 of each item
|clearpoke
|poke|p1|Calyrex-Shadow, L50|
|poke|p1|Koraidon, L50|
|poke|p1|Whimsicott, L50, F|
|poke|p1|Urshifu-*, L50, M|
|poke|p1|Iron Treads, L50|
|poke|p1|Raging Bolt, L50|
|poke|p2|Gothitelle, L50, M|
|poke|p2|Incineroar, L50, M|
|poke|p2|Amoonguss, L50, F|
|poke|p2|Scream Tail, L50|
|poke|p2|Calyrex-Shadow, L50|
|poke|p2|Koraidon, L50|
|teampreview|4
|c|☆TMD99|Glhf
|inactive|Battle timer is ON: inactive players will automatically lose when time's up. (requested by chardoub)
|c|☆TMD99|Looks like we both have caly korai
|inactive|TMD99 has 60 seconds left.
|
|t:|1750869397
|start
|switch|p1a: Whimsicott|Whimsicott, L50, F|100/100
|switch|p1b: Calyrex|Calyrex-Shadow, L50|100/100
|switch|p2a: Scream Tail|Scream Tail, L50, shiny|100/100
|switch|p2b: Incineroar|Incineroar, L50, M|100/100
|-ability|p1b: Calyrex|As One
|-ability|p1b: Calyrex|Unnerve
|-ability|p2b: Incineroar|Intimidate|boost
|-unboost|p1a: Whimsicott|atk|1
|-unboost|p1b: Calyrex|atk|1
|-enditem|p2a: Scream Tail|Booster Energy
|-activate|p2a: Scream Tail|ability: Protosynthesis|[fromitem]
|-start|p2a: Scream Tail|protosynthesisspe
|turn|1
|c|☆chardoub|Glhf
|
|t:|1750869418
|move|p1b: Calyrex|Protect|p1b: Calyrex
|-singleturn|p1b: Calyrex|Protect
|move|p2b: Incineroar|Fake Out|p1a: Whimsicott
|-damage|p1a: Whimsicott|88/100
|move|p1a: Whimsicott|Taunt|p2a: Scream Tail
|-start|p2a: Scream Tail|move: Taunt
|cant|p2a: Scream Tail|move: Taunt|Perish Song
|
|upkeep
|turn|2
|
|t:|1750869441
|-end|p2a: Scream Tail|Protosynthesis|[silent]
|switch|p2a: Amoonguss|Amoonguss, L50, F|100/100
|-terastallize|p1b: Calyrex|Fighting
|move|p1b: Calyrex|Nasty Plot|p1b: Calyrex
|-boost|p1b: Calyrex|spa|2
|move|p1a: Whimsicott|Moonblast|p2b: Incineroar
|-damage|p2b: Incineroar|79/100
|move|p2b: Incineroar|Flare Blitz|p1a: Whimsicott
|-supereffective|p1a: Whimsicott
|-damage|p1a: Whimsicott|0 fnt
|faint|p1a: Whimsicott
|-damage|p2b: Incineroar|55/100|[from] Recoil
|
|upkeep
|
|t:|1750869458
|switch|p1a: Koraidon|Koraidon, L50|100/100
|-weather|SunnyDay|[from] ability: Orichalcum Pulse|[of] p1a: Koraidon
|-activate|p1a: Koraidon|Orichalcum Pulse|[source]
|turn|3
|
|t:|1750869480
|move|p2a: Amoonguss|Rage Powder|p2a: Amoonguss
|-singleturn|p2a: Amoonguss|move: Rage Powder
|move|p1b: Calyrex|Astral Barrage|p2b: Incineroar|[spread] p2a,p2b
|-resisted|p2b: Incineroar
|-damage|p2a: Amoonguss|16/100
|-damage|p2b: Incineroar|10/100
|-enditem|p2a: Amoonguss|Eject Button
|
|t:|1750869490
|switch|p2a: Gothitelle|Gothitelle, L50, M|100/100
|move|p1a: Koraidon|Taunt|p2a: Gothitelle
|-start|p2a: Gothitelle|move: Taunt
|move|p2b: Incineroar|Parting Shot|p1b: Calyrex
|-unboost|p1b: Calyrex|atk|1
|-unboost|p1b: Calyrex|spa|1
|
|t:|1750869493
|switch|p2b: Scream Tail|Scream Tail, L50, shiny|100/100|[from] Parting Shot
|-activate|p2b: Scream Tail|ability: Protosynthesis
|-start|p2b: Scream Tail|protosynthesisspe
|
|-weather|SunnyDay|[upkeep]
|upkeep
|turn|4
|inactive|TMD99 has 30 seconds left.
|
|t:|1750869518
|move|p2a: Gothitelle|Fake Out|p1b: Calyrex
|-damage|p1b: Calyrex|93/100
|move|p2b: Scream Tail|Perish Song|p2b: Scream Tail
|-start|p1a: Koraidon|perish3|[silent]
|-start|p1b: Calyrex|perish3|[silent]
|-start|p2a: Gothitelle|perish3|[silent]
|-start|p2b: Scream Tail|perish3|[silent]
|-fieldactivate|move: Perish Song
|cant|p1b: Calyrex|flinch
|move|p1a: Koraidon|Taunt|p2b: Scream Tail
|-start|p2b: Scream Tail|move: Taunt
|
|-weather|SunnyDay|[upkeep]
|-start|p2b: Scream Tail|perish3
|-start|p1b: Calyrex|perish3
|-start|p1a: Koraidon|perish3
|-start|p2a: Gothitelle|perish3
|upkeep
|turn|5
|
|t:|1750869540
|-end|p2b: Scream Tail|Protosynthesis|[silent]
|switch|p2b: Amoonguss|Amoonguss, L50, F|49/100
|switch|p2a: Incineroar|Incineroar, L50, M|10/100
|-ability|p2a: Incineroar|Intimidate|boost
|-unboost|p1a: Koraidon|atk|1
|-unboost|p1b: Calyrex|atk|1
|move|p1b: Calyrex|Astral Barrage|p2b: Amoonguss|[spread] p2a,p2b
|-resisted|p2a: Incineroar
|-damage|p2a: Incineroar|0 fnt
|-damage|p2b: Amoonguss|0 fnt
|faint|p2a: Incineroar
|faint|p2b: Amoonguss
|-ability|p1b: Calyrex|Grim Neigh|boost
|-boost|p1b: Calyrex|spa|2
|move|p1a: Koraidon|Flare Blitz|p2: Incineroar|[notarget]
|-fail|p1a: Koraidon
|
|-weather|SunnyDay|[upkeep]
|-start|p1b: Calyrex|perish2
|-start|p1a: Koraidon|perish2
|upkeep
|
|t:|1750869542
|switch|p2a: Gothitelle|Gothitelle, L50, M|100/100
|switch|p2b: Scream Tail|Scream Tail, L50, shiny|100/100
|-activate|p2b: Scream Tail|ability: Protosynthesis
|-start|p2b: Scream Tail|protosynthesisspe
|turn|6
|inactive|chardoub has 30 seconds left.
|
|t:|1750869570
|move|p2a: Gothitelle|Fake Out|p1a: Koraidon
|-damage|p1a: Koraidon|95/100
|move|p2b: Scream Tail|Disable|p1b: Calyrex
|-start|p1b: Calyrex|Disable|Astral Barrage
|cant|p1b: Calyrex|Disable|Astral Barrage
|cant|p1a: Koraidon|flinch
|
|-weather|SunnyDay|[upkeep]
|-start|p1b: Calyrex|perish1
|-start|p1a: Koraidon|perish1
|upkeep
|turn|7
|
|t:|1750869593
|move|p2b: Scream Tail|Protect|p2b: Scream Tail
|-singleturn|p2b: Scream Tail|Protect
|move|p2a: Gothitelle|Protect|p2a: Gothitelle
|-singleturn|p2a: Gothitelle|Protect
|move|p1b: Calyrex|Tera Blast|p2a: Gothitelle|[anim] Tera Blast Fighting
|-activate|p2a: Gothitelle|move: Protect
|move|p1a: Koraidon|Flare Blitz|p2b: Scream Tail
|-activate|p2b: Scream Tail|move: Protect
|
|-weather|none
|-end|p2b: Scream Tail|Protosynthesis
|-start|p1b: Calyrex|perish0
|-start|p1a: Koraidon|perish0
|faint|p1b: Calyrex
|faint|p1a: Koraidon
|upkeep
|
|t:|1750869609
|switch|p1b: Urshifu|Urshifu, L50, M|100/100
|turn|8
|inactive|TMD99 has 30 seconds left.
|
|t:|1750869643
|-terastallize|p2a: Gothitelle|Fairy
|move|p2b: Scream Tail|Perish Song|p2b: Scream Tail
|-start|p1b: Urshifu|perish3|[silent]
|-start|p2a: Gothitelle|perish3|[silent]
|-start|p2b: Scream Tail|perish3|[silent]
|-fieldactivate|move: Perish Song
|move|p1b: Urshifu|Poison Jab|p2b: Scream Tail
|-supereffective|p2b: Scream Tail
|-damage|p2b: Scream Tail|46/100
|-status|p2b: Scream Tail|psn
|move|p2a: Gothitelle|Taunt|p1b: Urshifu
|-start|p1b: Urshifu|move: Taunt
|
|-damage|p2b: Scream Tail|33/100 psn|[from] psn
|-start|p2b: Scream Tail|perish3
|-start|p1b: Urshifu|perish3
|-start|p2a: Gothitelle|perish3
|upkeep
|turn|9
|
|t:|1750869660
|move|p2a: Gothitelle|Protect|p2a: Gothitelle
|-singleturn|p2a: Gothitelle|Protect
|move|p2b: Scream Tail|Disable|p1b: Urshifu
|-start|p1b: Urshifu|Disable|Poison Jab
|cant|p1b: Urshifu|Disable|Poison Jab
|
|-damage|p2b: Scream Tail|21/100 psn|[from] psn
|-start|p2b: Scream Tail|perish2
|-start|p1b: Urshifu|perish2
|-start|p2a: Gothitelle|perish2
|upkeep
|turn|10
|
|t:|1750869674
|move|p2a: Gothitelle|Protect||[still]
|-fail|p2a: Gothitelle
|move|p2b: Scream Tail|Encore|p1b: Urshifu
|-start|p1b: Urshifu|Encore
|cant|p1b: Urshifu|Disable|Poison Jab
|
|-damage|p2b: Scream Tail|9/100 psn|[from] psn
|-start|p2b: Scream Tail|perish1
|-start|p1b: Urshifu|perish1
|-start|p2a: Gothitelle|perish1
|upkeep
|turn|11
|
|t:|1750869690
|move|p2b: Scream Tail|Protect|p2b: Scream Tail
|-singleturn|p2b: Scream Tail|Protect
|-activate|p1b: Urshifu|move: Struggle
|move|p1b: Urshifu|Struggle|p2a: Gothitelle
|-damage|p2a: Gothitelle|82/100
|-damage|p1b: Urshifu|75/100|[from] recoil
|move|p2a: Gothitelle|Psychic|p1b: Urshifu
|-immune|p1b: Urshifu
|
|-damage|p2b: Scream Tail|0 fnt|[from] psn
|faint|p2b: Scream Tail
|-end|p2b: Scream Tail|Protosynthesis|[silent]
|-end|p1b: Urshifu|move: Taunt
|-start|p1b: Urshifu|perish0
|-start|p2a: Gothitelle|perish0
|upkeep
|faint|p1b: Urshifu
|faint|p2a: Gothitelle
|
|win|TMD99
|raw|chardoub's rating: 1306 &rarr; <strong>1284</strong><br />(-22 for losing)
|raw|TMD99's rating: 1265 &rarr; <strong>1293</strong><br />(+28 for winning)
|c|☆TMD99|Gg wp
