|j|☆figglewiggle
|j|☆Darkrium
|html|<table width="100%"><tr><td align="left">figglewiggle</td><td align="right">Darkrium</tr><tr><td align="left"><i class="fa fa-circle-o"></i> <i class="fa fa-circle-o"></i> </td><td align="right"><i class="fa fa-circle-o"></i> <i class="fa fa-circle-o"></i> </tr></table>
|uhtml|bestof|<h2><strong>Game 1</strong> of <a href="/game-bestof3-gen9vgc2025regi-2391195893">a best-of-3</a></h2>
|t:|1750814873
|gametype|doubles
|player|p1|figglewiggle|2|
|player|p2|Darkrium|102|
|teamsize|p1|6
|teamsize|p2|6
|gen|9
|tier|[Gen 9] VGC 2025 Reg I
|rated|Tournament battle
|rule|Species Clause: Limit one of each Pokémon
|rule|Item Clause: Limit 1 of each item
|raw|<div class="infobox"><details class="readmore" open><summary><strong>3 custom rules:</strong></summary> Force Open Team Sheets, !Open Team Sheets, Best of = 3</details></div>
|clearpoke
|poke|p1|Volcarona, L50, F|
|poke|p1|Miraidon, L50|
|poke|p1|Incineroar, L50, M|
|poke|p1|Calyrex-Ice, L50|
|poke|p1|Smeargle, L50, F|
|poke|p1|Landorus, L50, M|
|poke|p2|Calyrex-Ice, L50|
|poke|p2|Miraidon, L50|
|poke|p2|Incineroar, L50, M|
|poke|p2|Farigiraf, L50, M|
|poke|p2|Iron Hands, L50|
|poke|p2|Urshifu-*, L50, F|
|teampreview|4
|showteam|p1|Volcarona||ElectricSeed|FlameBody|Flamethrower,QuiverDance,StruggleBug,Protect|||F|||50|,,,,,Dark]Miraidon||ChoiceScarf|HadronEngine|DracoMeteor,ElectroDrift,Snarl,VoltSwitch||||||50|,,,,,Electric]Incineroar||AssaultVest|Intimidate|KnockOff,FlareBlitz,FakeOut,Uturn|||M|||50|,,,,,Bug]Calyrex-Ice||ClearAmulet|AsOneGlastrier|GlacialLance,HighHorsepower,Protect,TrickRoom||||||50|,,,,,Fire]Smeargle||FocusSash|OwnTempo|Decorate,FollowMe,FakeOut,Spore|||F|||50|,,,,,Ghost]Landorus||LifeOrb|SheerForce|SludgeBomb,EarthPower,Taunt,Protect|||M|||50|,,,,,Poison
|showteam|p2|Calyrex-Ice||ClearAmulet|AsOneGlastrier|GlacialLance,HighHorsepower,Protect,TrickRoom||||||50|,,,,,Fire]Miraidon||ChoiceSpecs|HadronEngine|VoltSwitch,ElectroDrift,DazzlingGleam,DracoMeteor||||||50|,,,,,Fairy]Incineroar||RockyHelmet|Intimidate|FakeOut,KnockOff,Uturn,FlareBlitz|||M|||50|,,,,,Ghost]Farigiraf||ElectricSeed|ArmorTail|TrickRoom,Roar,Psychic,HelpingHand|||M|||50|,,,,,Water]Iron Hands||AssaultVest|QuarkDrive|LowKick,DrainPunch,HeavySlam,FakeOut||||||50|,,,,,Bug]Urshifu||ChoiceBand|UnseenFist|WickedBlow,CloseCombat,SuckerPunch,Uturn|||F|||50|,,,,,Poison
|inactive|Battle timer is ON: inactive players will automatically lose when time's up. (requested by figglewiggle)
|c|☆Darkrium|gl hf
|c|☆figglewiggle|glhf
|c|☆figglewiggle|caly mirai showdown
|inactive|figglewiggle has 60 seconds left.
|inactive|figglewiggle has 30 seconds left.
|
|t:|1750814940
|start
|switch|p1a: Landorus|Landorus, L50, M|100/100
|switch|p1b: Incineroar|Incineroar, L50, M|100/100
|switch|p2a: Miraidon|Miraidon, L50|100/100
|switch|p2b: Iron Hands|Iron Hands, L50|100/100
|-fieldstart|move: Electric Terrain|[from] ability: Hadron Engine|[of] p2a: Miraidon
|-activate|p2b: Iron Hands|ability: Quark Drive
|-start|p2b: Iron Hands|quarkdriveatk
|-ability|p1b: Incineroar|Intimidate|boost
|-unboost|p2a: Miraidon|atk|1
|-unboost|p2b: Iron Hands|atk|1
|turn|1
|
|t:|1750814962
|-terastallize|p2a: Miraidon|Fairy
|move|p1a: Landorus|Protect|p1a: Landorus
|-singleturn|p1a: Landorus|Protect
|move|p1b: Incineroar|Fake Out|p2a: Miraidon
|-damage|p2a: Miraidon|88/100
|move|p2b: Iron Hands|Fake Out|p1a: Landorus
|-activate|p1a: Landorus|move: Protect
|cant|p2a: Miraidon|flinch
|
|upkeep
|turn|2
|inactive|figglewiggle has 30 seconds left.
|
|t:|1750814997
|switch|p1b: Volcarona|Volcarona, L50, F|100/100
|-enditem|p1b: Volcarona|Electric Seed
|-boost|p1b: Volcarona|def|1|[from] item: Electric Seed
|-end|p2b: Iron Hands|Quark Drive|[silent]
|switch|p2b: Urshifu|Urshifu, L50, F|100/100
|move|p2a: Miraidon|Draco Meteor|p1a: Landorus|[miss]
|-miss|p2a: Miraidon|p1a: Landorus
|move|p1a: Landorus|Sludge Bomb|p2a: Miraidon
|-supereffective|p2a: Miraidon
|-crit|p2a: Miraidon
|-damage|p2a: Miraidon|0 fnt
|faint|p2a: Miraidon
|
|upkeep
|
|t:|1750815012
|switch|p2a: Calyrex|Calyrex-Ice, L50|100/100
|-ability|p2a: Calyrex|As One
|-ability|p2a: Calyrex|Unnerve
|turn|3
|
|t:|1750815031
|move|p1a: Landorus|Taunt|p2a: Calyrex
|-start|p2a: Calyrex|move: Taunt
|move|p1b: Volcarona|Quiver Dance|p1b: Volcarona
|-boost|p1b: Volcarona|spa|1
|-boost|p1b: Volcarona|spd|1
|-boost|p1b: Volcarona|spe|1
|move|p2b: Urshifu|Wicked Blow|p1b: Volcarona
|-crit|p1b: Volcarona
|-damage|p1b: Volcarona|0 fnt
|-status|p2b: Urshifu|brn|[from] ability: Flame Body|[of] p1b: Volcarona
|faint|p1b: Volcarona
|move|p2a: Calyrex|Glacial Lance|p1a: Landorus
|-supereffective|p1a: Landorus
|-damage|p1a: Landorus|0 fnt
|faint|p1a: Landorus
|-ability|p2a: Calyrex|Chilling Neigh|boost
|-boost|p2a: Calyrex|atk|1
|
|-damage|p2b: Urshifu|95/100 brn|[from] brn
|upkeep
|
|t:|1750815048
|switch|p1a: Incineroar|Incineroar, L50, M|100/100
|switch|p1b: Miraidon|Miraidon, L50|100/100
|-activate|p1b: Miraidon|ability: Hadron Engine
|-ability|p1a: Incineroar|Intimidate|boost
|-fail|p2a: Calyrex|unboost|[from] item: Clear Amulet|[of] p2a: Calyrex
|-unboost|p2b: Urshifu|atk|1
|turn|4
|inactive|figglewiggle has 30 seconds left.
|inactive|figglewiggle has 20 seconds left.
|inactive|figglewiggle has 15 seconds left.
|
|t:|1750815091
|-terastallize|p1b: Miraidon|Electric
|move|p1a: Incineroar|Fake Out|p2b: Urshifu
|-damage|p2b: Urshifu|83/100 brn
|move|p1b: Miraidon|Electro Drift|p2a: Calyrex
|-damage|p2a: Calyrex|13/100
|cant|p2b: Urshifu|flinch
|move|p2a: Calyrex|Glacial Lance|p1b: Miraidon|[spread] p1a,p1b
|-resisted|p1a: Incineroar
|-damage|p1a: Incineroar|69/100
|-damage|p1b: Miraidon|19/100
|
|-damage|p2b: Urshifu|78/100 brn|[from] brn
|upkeep
|turn|5
|
|t:|1750815108
|switch|p2b: Iron Hands|Iron Hands, L50|100/100
|-activate|p2b: Iron Hands|ability: Quark Drive
|-start|p2b: Iron Hands|quarkdriveatk
|move|p1b: Miraidon|Electro Drift|p2b: Iron Hands
|-resisted|p2b: Iron Hands
|-damage|p2b: Iron Hands|60/100
|move|p1a: Incineroar|Knock Off|p2a: Calyrex
|-supereffective|p2a: Calyrex
|-damage|p2a: Calyrex|0 fnt
|-enditem|p2a: Calyrex|Clear Amulet|[from] move: Knock Off|[of] p1a: Incineroar
|faint|p2a: Calyrex
|
|-fieldend|move: Electric Terrain
|-end|p2b: Iron Hands|Quark Drive
|upkeep
|
|t:|1750815118
|switch|p2a: Urshifu|Urshifu, L50, F|78/100 brn
|turn|6
|inactive|figglewiggle has 30 seconds left.
|inactive|figglewiggle has 20 seconds left.
|
|t:|1750815155
|move|p2b: Iron Hands|Fake Out|p1a: Incineroar
|-damage|p1a: Incineroar|57/100
|move|p2a: Urshifu|Sucker Punch|p1b: Miraidon
|-damage|p1b: Miraidon|0 fnt
|faint|p1b: Miraidon
|cant|p1a: Incineroar|flinch
|
|-damage|p2a: Urshifu|72/100 brn|[from] brn
|upkeep
|turn|7
|-message|figglewiggle forfeited.
|
|win|Darkrium
