|j|☆dscleon
|j|☆thee unbalanced
|t:|1750785680
|gametype|doubles
|player|p1|dscleon|1|1108
|player|p2|thee unbalanced|lucas|1106
|teamsize|p1|6
|teamsize|p2|6
|gen|9
|tier|[Gen 9] VGC 2025 Reg I
|rated|
|rule|Species Clause: Limit one of each Pokémon
|rule|Item Clause: Limit 1 of each item
|clearpoke
|poke|p1|Kyogre, L50|
|poke|p1|Basculegion, L50, M|
|poke|p1|Amoonguss, L50, F|
|poke|p1|Tornadus, L50, M|
|poke|p1|Rillaboom, L50, M|
|poke|p1|Incineroar, L50, F|
|poke|p2|Iron Hands, L50|
|poke|p2|Miraidon, L50|
|poke|p2|Ting-Lu, L50|
|poke|p2|Incineroar, L50, M|
|poke|p2|Whimsicott, L50, F|
|poke|p2|Calyrex-Ice, L50|
|teampreview|4
|inactive|Battle timer is ON: inactive players will automatically lose when time's up. (requested by dscleon)
|
|t:|1750785703
|start
|switch|p1a: Rillaboom|Rillaboom, L50, M|100/100
|switch|p1b: Tornadus|Tornadus, L50, M|100/100
|switch|p2a: Miraidon|Miraidon, L50|100/100
|switch|p2b: Whimsicott|Whimsicott, L50, F|100/100
|-fieldstart|move: Electric Terrain|[from] ability: Hadron Engine|[of] p2a: Miraidon
|-fieldstart|move: Grassy Terrain|[from] ability: Grassy Surge|[of] p1a: Rillaboom
|turn|1
|
|t:|1750785720
|move|p1a: Rillaboom|Fake Out|p2a: Miraidon
|-damage|p2a: Miraidon|87/100
|move|p2b: Whimsicott|Tailwind|p2b: Whimsicott
|-sidestart|p2: thee unbalanced|move: Tailwind
|move|p1b: Tornadus|Tailwind|p1b: Tornadus
|-sidestart|p1: dscleon|move: Tailwind
|cant|p2a: Miraidon|flinch
|
|-heal|p2a: Miraidon|93/100|[from] Grassy Terrain
|upkeep
|turn|2
|inactive|dscleon has 30 seconds left.
|inactive|dscleon has 20 seconds left.
|inactive|dscleon has 15 seconds left.
|
|t:|1750785763
|move|p2b: Whimsicott|Encore|p1b: Tornadus
|-start|p1b: Tornadus|Encore
|move|p2a: Miraidon|Volt Switch|p1a: Rillaboom
|-resisted|p1a: Rillaboom
|-damage|p1a: Rillaboom|81/100
|
|t:|1750785771
|switch|p2a: Incineroar|Incineroar, L50, M|100/100|[from] Volt Switch
|-ability|p2a: Incineroar|Intimidate|boost
|-unboost|p1a: Rillaboom|atk|1
|-unboost|p1b: Tornadus|atk|1
|move|p1b: Tornadus|Tailwind||[still]
|-fail|p1b: Tornadus
|move|p1a: Rillaboom|High Horsepower|p2a: Incineroar
|-supereffective|p2a: Incineroar
|-damage|p2a: Incineroar|68/100
|-damage|p1a: Rillaboom|65/100|[from] item: Rocky Helmet|[of] p2a: Incineroar
|
|-heal|p1a: Rillaboom|71/100|[from] Grassy Terrain
|-heal|p2a: Incineroar|74/100|[from] Grassy Terrain
|upkeep
|turn|3
|
|t:|1750785796
|switch|p2b: Miraidon|Miraidon, L50|93/100
|-fieldstart|move: Electric Terrain|[from] ability: Hadron Engine|[of] p2b: Miraidon
|switch|p1b: Kyogre|Kyogre, L50|100/100
|-weather|RainDance|[from] ability: Drizzle|[of] p1b: Kyogre
|move|p2a: Incineroar|Fake Out|p1a: Rillaboom
|-damage|p1a: Rillaboom|60/100
|cant|p1a: Rillaboom|flinch
|
|-weather|RainDance|[upkeep]
|upkeep
|turn|4
|inactive|thee unbalanced has 30 seconds left.
|
|t:|1750785822
|switch|p2a: Iron Hands|Iron Hands, L50|100/100
|-activate|p2a: Iron Hands|ability: Quark Drive
|-start|p2a: Iron Hands|quarkdriveatk
|-terastallize|p1b: Kyogre|Grass
|move|p2b: Miraidon|Volt Switch|p1b: Kyogre
|-resisted|p1b: Kyogre
|-crit|p1b: Kyogre
|-damage|p1b: Kyogre|51/100
|
|t:|1750785839
|switch|p2b: Whimsicott|Whimsicott, L50, F|100/100|[from] Volt Switch
|move|p1b: Kyogre|Ice Beam|p2b: Whimsicott
|-supereffective|p2b: Whimsicott
|-damage|p2b: Whimsicott|0 fnt
|faint|p2b: Whimsicott
|move|p1a: Rillaboom|High Horsepower|p2a: Iron Hands|[miss]
|-miss|p1a: Rillaboom|p2a: Iron Hands
|
|-weather|RainDance|[upkeep]
|-heal|p1b: Kyogre|57/100|[from] item: Leftovers
|-sideend|p2: thee unbalanced|move: Tailwind
|-sideend|p1: dscleon|move: Tailwind
|upkeep
|
|t:|1750785848
|switch|p2b: Incineroar|Incineroar, L50, M|74/100
|-ability|p2b: Incineroar|Intimidate|boost
|-unboost|p1a: Rillaboom|atk|1
|-unboost|p1b: Kyogre|atk|1
|turn|5
|inactive|dscleon has 30 seconds left.
|inactive|thee unbalanced has 30 seconds left.
|
|t:|1750785881
|switch|p1b: Tornadus|Tornadus, L50, M|100/100
|move|p2b: Incineroar|Fake Out|p1a: Rillaboom
|-damage|p1a: Rillaboom|50/100
|move|p2a: Iron Hands|Fake Out|p1b: Tornadus
|-damage|p1b: Tornadus|82/100
|cant|p1a: Rillaboom|flinch
|
|-weather|RainDance|[upkeep]
|upkeep
|turn|6
|
|t:|1750785902
|move|p1b: Tornadus|Tailwind|p1b: Tornadus
|-sidestart|p1: dscleon|move: Tailwind
|move|p1a: Rillaboom|High Horsepower|p2a: Iron Hands
|-supereffective|p2a: Iron Hands
|-damage|p2a: Iron Hands|80/100
|move|p2b: Incineroar|Taunt|p1b: Tornadus
|-start|p1b: Tornadus|move: Taunt
|move|p2a: Iron Hands|Wild Charge|p1b: Tornadus
|-supereffective|p1b: Tornadus
|-damage|p1b: Tornadus|0 fnt
|faint|p1b: Tornadus
|-damage|p2a: Iron Hands|65/100|[from] Recoil
|
|-weather|RainDance|[upkeep]
|upkeep
|
|t:|1750785915
|switch|p1b: Kyogre|Kyogre, L50, tera:Grass|57/100
|turn|7
|
|t:|1750785930
|move|p1a: Rillaboom|High Horsepower|p2b: Incineroar
|-supereffective|p2b: Incineroar
|-damage|p2b: Incineroar|49/100
|-damage|p1a: Rillaboom|33/100|[from] item: Rocky Helmet|[of] p2b: Incineroar
|move|p1b: Kyogre|Origin Pulse|p2b: Incineroar|[spread] p2a
|-miss|p1b: Kyogre|p2b: Incineroar
|-damage|p2a: Iron Hands|22/100
|move|p2b: Incineroar|Knock Off|p1b: Kyogre
|-damage|p1b: Kyogre|22/100
|-enditem|p1b: Kyogre|Leftovers|[from] move: Knock Off|[of] p2b: Incineroar
|move|p2a: Iron Hands|Low Kick|p1b: Kyogre
|-damage|p1b: Kyogre|0 fnt
|faint|p1b: Kyogre
|
|-weather|none
|-fieldend|move: Electric Terrain
|-end|p2a: Iron Hands|Quark Drive
|upkeep
|
|t:|1750785945
|switch|p1b: Basculegion|Basculegion, L50, M|100/100
|turn|8
|
|t:|1750785960
|move|p1b: Basculegion|Last Respects|p2a: Iron Hands
|-damage|p2a: Iron Hands|0 fnt
|faint|p2a: Iron Hands
|-end|p2a: Iron Hands|Quark Drive|[silent]
|move|p1a: Rillaboom|High Horsepower|p2b: Incineroar
|-supereffective|p2b: Incineroar
|-damage|p2b: Incineroar|24/100
|-damage|p1a: Rillaboom|17/100|[from] item: Rocky Helmet|[of] p2b: Incineroar
|move|p2b: Incineroar|Knock Off|p1b: Basculegion
|-supereffective|p1b: Basculegion
|-damage|p1b: Basculegion|0 fnt
|-enditem|p1b: Basculegion|Choice Band|[from] move: Knock Off|[of] p2b: Incineroar
|faint|p1b: Basculegion
|
|upkeep
|
|t:|1750785973
|switch|p2a: Miraidon|Miraidon, L50|93/100
|-fieldstart|move: Electric Terrain|[from] ability: Hadron Engine|[of] p2a: Miraidon
|turn|9
|-message|dscleon forfeited.
|
|win|thee unbalanced
|raw|dscleon's rating: 1108 &rarr; <strong>1083</strong><br />(-25 for losing)
|raw|thee unbalanced's rating: 1106 &rarr; <strong>1131</strong><br />(+25 for winning)
|l|☆dscleon
|player|p1|
