|j|☆harrisxo
|j|☆Malfous
|t:|1750774369
|gametype|doubles
|player|p1|harrisxo|cynthia-gen4|1298
|player|p2|Malfous|101|1280
|teamsize|p1|6
|teamsize|p2|6
|gen|9
|tier|[Gen 9] VGC 2025 Reg I
|rated|
|rule|Species Clause: Limit one of each Pokémon
|rule|Item Clause: Limit 1 of each item
|clearpoke
|poke|p1|Calyrex-Shadow, L50|
|poke|p1|Miraidon, L50|
|poke|p1|Incineroar, L50, F|
|poke|p1|Farigiraf, L50, M|
|poke|p1|Urshifu-*, L50, F|
|poke|p1|Whimsicott, L50, M|
|poke|p2|Ho-Oh, L50|
|poke|p2|Eternatus, L50|
|poke|p2|Quagsire, L50, F|
|poke|p2|Grimmsnarl, L50, M|
|poke|p2|Ting-Lu, L50|
|poke|p2|Rhydon, L50, F|
|teampreview|4
|inactive|Battle timer is ON: inactive players will automatically lose when time's up. (requested by harrisxo)
|
|t:|1750774392
|start
|switch|p1a: Miraidon|Miraidon, L50|100/100
|switch|p1b: Whimsicott|Whimsicott, L50, M|100/100
|switch|p2a: Grimmsnarl|Grimmsnarl, L50, M|100/100
|switch|p2b: Ting-Lu|Ting-Lu, L50|100/100
|-fieldstart|move: Electric Terrain|[from] ability: Hadron Engine|[of] p1a: Miraidon
|-ability|p2b: Ting-Lu|Vessel of Ruin
|turn|1
|
|t:|1750774409
|-terastallize|p1a: Miraidon|Fairy
|move|p1b: Whimsicott|Tailwind|p1b: Whimsicott
|-sidestart|p1: harrisxo|move: Tailwind
|move|p2a: Grimmsnarl|Light Screen|p2a: Grimmsnarl
|-sidestart|p2: Malfous|move: Light Screen
|move|p1a: Miraidon|Dazzling Gleam|p2a: Grimmsnarl|[spread] p2a,p2b
|-supereffective|p2a: Grimmsnarl
|-supereffective|p2b: Ting-Lu
|-damage|p2a: Grimmsnarl|23/100
|-damage|p2b: Ting-Lu|76/100
|move|p2b: Ting-Lu|Snarl|p1b: Whimsicott|[spread] p1a,p1b
|-resisted|p1a: Miraidon
|-resisted|p1b: Whimsicott
|-damage|p1a: Miraidon|97/100
|-damage|p1b: Whimsicott|95/100
|-unboost|p1a: Miraidon|spa|1
|
|upkeep
|turn|2
|inactive|Malfous has 30 seconds left.
|
|t:|1750774441
|move|p1b: Whimsicott|Encore|p2a: Grimmsnarl
|-hint|Since gen 7, Dark is immune to Prankster moves.
|-immune|p2a: Grimmsnarl
|move|p2a: Grimmsnarl|Thunder Wave|p1a: Miraidon
|-status|p1a: Miraidon|par
|move|p1a: Miraidon|Dazzling Gleam|p2a: Grimmsnarl|[spread] p2a,p2b
|-supereffective|p2a: Grimmsnarl
|-supereffective|p2b: Ting-Lu
|-damage|p2a: Grimmsnarl|0 fnt
|-damage|p2b: Ting-Lu|59/100
|faint|p2a: Grimmsnarl
|move|p2b: Ting-Lu|Sand Tomb|p1a: Miraidon
|-damage|p1a: Miraidon|84/100 par
|-activate|p1a: Miraidon|move: Sand Tomb|[of] p2b: Ting-Lu
|
|-damage|p1a: Miraidon|72/100 par|[from] move: Sand Tomb|[partiallytrapped]
|upkeep
|inactive|Malfous has 30 seconds left.
|
|t:|1750774468
|switch|p2a: Quagsire|Quagsire, L50, F|100/100
|turn|3
|
|t:|1750774484
|move|p1b: Whimsicott|Moonblast|p2b: Ting-Lu
|-supereffective|p2b: Ting-Lu
|-damage|p2b: Ting-Lu|48/100
|-unboost|p2b: Ting-Lu|spa|1
|move|p1a: Miraidon|Dazzling Gleam|p2a: Quagsire|[spread] p2a,p2b
|-supereffective|p2b: Ting-Lu
|-damage|p2a: Quagsire|74/100
|-damage|p2b: Ting-Lu|33/100
|move|p2b: Ting-Lu|Sand Tomb|p1b: Whimsicott
|-resisted|p1b: Whimsicott
|-damage|p1b: Whimsicott|87/100
|-activate|p1b: Whimsicott|move: Sand Tomb|[of] p2b: Ting-Lu
|move|p2a: Quagsire|Toxic|p1b: Whimsicott
|-status|p1b: Whimsicott|tox
|
|-heal|p2a: Quagsire|80/100|[from] item: Leftovers
|-damage|p1b: Whimsicott|81/100 tox|[from] psn
|-damage|p1b: Whimsicott|69/100 tox|[from] move: Sand Tomb|[partiallytrapped]
|-damage|p1a: Miraidon|60/100 par|[from] move: Sand Tomb|[partiallytrapped]
|upkeep
|turn|4
|inactive|Malfous has 30 seconds left.
|
|t:|1750774514
|move|p2a: Quagsire|Protect|p2a: Quagsire
|-singleturn|p2a: Quagsire|Protect
|move|p1b: Whimsicott|Encore|p2a: Quagsire
|-activate|p2a: Quagsire|move: Protect
|move|p1a: Miraidon|Dazzling Gleam|p2a: Quagsire|[spread] p2b
|-activate|p2a: Quagsire|move: Protect
|-supereffective|p2b: Ting-Lu
|-damage|p2b: Ting-Lu|14/100
|move|p2b: Ting-Lu|Stomping Tantrum|p1a: Miraidon
|-damage|p1a: Miraidon|34/100 par
|
|-heal|p2a: Quagsire|86/100|[from] item: Leftovers
|-damage|p1b: Whimsicott|57/100 tox|[from] psn
|-damage|p1b: Whimsicott|45/100 tox|[from] move: Sand Tomb|[partiallytrapped]
|-damage|p1a: Miraidon|22/100 par|[from] move: Sand Tomb|[partiallytrapped]
|-sideend|p1: harrisxo|move: Tailwind
|upkeep
|turn|5
|
|t:|1750774537
|switch|p2a: Eternatus|Eternatus, L50|100/100
|-ability|p2a: Eternatus|Pressure
|move|p1b: Whimsicott|Encore||[still]
|-fail|p1b: Whimsicott
|move|p1a: Miraidon|Dazzling Gleam|p2a: Eternatus|[spread] p2a,p2b
|-crit|p2a: Eternatus
|-supereffective|p2b: Ting-Lu
|-damage|p2a: Eternatus|56/100
|-damage|p2b: Ting-Lu|0 fnt
|faint|p2b: Ting-Lu
|
|-damage|p1b: Whimsicott|28/100 tox|[from] psn
|-end|p1b: Whimsicott|Sand Tomb|[partiallytrapped]|[silent]
|-end|p1a: Miraidon|Sand Tomb|[partiallytrapped]|[silent]
|-fieldend|move: Electric Terrain
|upkeep
|
|t:|1750774551
|switch|p2b: Quagsire|Quagsire, L50, F|86/100
|turn|6
|
|t:|1750774572
|move|p2a: Eternatus|Protect|p2a: Eternatus
|-singleturn|p2a: Eternatus|Protect
|move|p2b: Quagsire|Protect|p2b: Quagsire
|-singleturn|p2b: Quagsire|Protect
|move|p1b: Whimsicott|Tailwind|p1b: Whimsicott
|-sidestart|p1: harrisxo|move: Tailwind
|move|p1a: Miraidon|Dazzling Gleam|p2b: Quagsire|[spread] 
|-activate|p2a: Eternatus|move: Protect
|-activate|p2b: Quagsire|move: Protect
|
|-heal|p2b: Quagsire|92/100|[from] item: Leftovers
|-damage|p1b: Whimsicott|6/100 tox|[from] psn
|upkeep
|turn|7
|inactive|Malfous has 30 seconds left.
|
|t:|1750774602
|move|p2a: Eternatus|Protect||[still]
|-fail|p2a: Eternatus
|move|p1b: Whimsicott|Encore|p2a: Eternatus
|-start|p2a: Eternatus|Encore
|move|p1a: Miraidon|Dazzling Gleam|p2a: Eternatus|[spread] p2a,p2b
|-damage|p2a: Eternatus|43/100
|-damage|p2b: Quagsire|67/100
|move|p2b: Quagsire|Earth Power|p1a: Miraidon
|-damage|p1a: Miraidon|4/100 par
|
|-heal|p2b: Quagsire|73/100|[from] item: Leftovers
|-damage|p1b: Whimsicott|0 fnt|[from] psn
|faint|p1b: Whimsicott
|upkeep
|
|t:|1750774617
|switch|p1b: Calyrex|Calyrex-Shadow, L50|100/100
|-ability|p1b: Calyrex|As One
|-ability|p1b: Calyrex|Unnerve
|turn|8
|
|t:|1750774637
|move|p2a: Eternatus|Protect|p2a: Eternatus
|-singleturn|p2a: Eternatus|Protect
|move|p1b: Calyrex|Astral Barrage|p2a: Eternatus|[spread] p2b
|-activate|p2a: Eternatus|move: Protect
|-damage|p2b: Quagsire|28/100
|move|p1a: Miraidon|Dazzling Gleam|p2a: Eternatus|[spread] p2b
|-activate|p2a: Eternatus|move: Protect
|-damage|p2b: Quagsire|2/100
|move|p2b: Quagsire|Toxic|p1b: Calyrex|[miss]
|-miss|p2b: Quagsire|p1b: Calyrex
|
|-heal|p2b: Quagsire|8/100|[from] item: Leftovers
|-sideend|p2: Malfous|move: Light Screen
|upkeep
|turn|9
|-message|Malfous forfeited.
|
|win|harrisxo
|raw|harrisxo's rating: 1298 &rarr; <strong>1322</strong><br />(+24 for winning)
|raw|Malfous's rating: 1280 &rarr; <strong>1256</strong><br />(-24 for losing)
|l|☆Malfous
|player|p2|
|l|☆harrisxo
|player|p1|
