|j|☆chaostnt
|j|☆Serdra
|t:|1750711436
|gametype|doubles
|player|p1|chaostnt|1|1281
|player|p2|Serdra|170|1277
|teamsize|p1|6
|teamsize|p2|6
|gen|9
|tier|[Gen 9] VGC 2025 Reg I
|rated|
|rule|Species Clause: Limit one of each Pokémon
|rule|Item Clause: Limit 1 of each item
|clearpoke
|poke|p1|Miraidon, L50|
|poke|p1|Farigiraf, L50, F|
|poke|p1|Okidogi, L50, M|
|poke|p1|Urshifu-*, L50, F|
|poke|p1|Lurantis, L50, M|
|poke|p1|Groudon, L50|
|poke|p2|Miraidon, L50|
|poke|p2|Urshifu-*, L50, M|
|poke|p2|Incineroar, L50, M|
|poke|p2|Whimsicott, L50, F|
|poke|p2|Lunala, L50|
|poke|p2|Grimmsnarl, L50, M|
|teampreview|4
|inactive|Battle timer is ON: inactive players will automatically lose when time's up. (requested by Serdra)
chaostnt has agreed to open team sheets.
|
|t:|1750711465
|start
|switch|p1a: Lurantis|Lurantis, L50, M|100/100
|switch|p1b: Groudon|Groudon, L50|100/100
|switch|p2a: Lunala|Lunala, L50|100/100
|switch|p2b: Whimsicott|Whimsicott, L50, F|100/100
|-weather|SunnyDay|[from] ability: Drought|[of] p1b: Groudon
|turn|1
|inactive|Serdra has 30 seconds left.
|inactive|Serdra has 20 seconds left.
|
|t:|1750711503
|move|p2b: Whimsicott|Tailwind|p2b: Whimsicott
|-sidestart|p2: Serdra|move: Tailwind
|move|p2a: Lunala|Meteor Beam||[still]
|-prepare|p2a: Lunala|Meteor Beam
|-boost|p2a: Lunala|spa|1
|-enditem|p2a: Lunala|Power Herb
|-anim|p2a: Lunala|Meteor Beam|p1b: Groudon
|-resisted|p1b: Groudon
|-damage|p1b: Groudon|70/100
|move|p1b: Groudon|Heat Crash|p2b: Whimsicott
|-supereffective|p2b: Whimsicott
|-damage|p2b: Whimsicott|0 fnt
|faint|p2b: Whimsicott
|move|p1a: Lurantis|Leech Life|p2a: Lunala
|-damage|p2a: Lunala|91/100
|
|-weather|SunnyDay|[upkeep]
|upkeep
|
|t:|1750711517
|switch|p2b: Urshifu|Urshifu-Rapid-Strike, L50, M|100/100
|turn|2
|
|t:|1750711530
|move|p2b: Urshifu|Surging Strikes|p1b: Groudon
|-supereffective|p1b: Groudon
|-crit|p1b: Groudon
|-damage|p1b: Groudon|54/100
|-supereffective|p1b: Groudon
|-crit|p1b: Groudon
|-damage|p1b: Groudon|39/100
|-supereffective|p1b: Groudon
|-crit|p1b: Groudon
|-damage|p1b: Groudon|24/100
|-hitcount|p1b: Groudon|3
|move|p2a: Lunala|Moongeist Beam|p1a: Lurantis
|-damage|p1a: Lurantis|7/100
|-enditem|p1a: Lurantis|Sitrus Berry|[eat]
|-heal|p1a: Lurantis|32/100|[from] item: Sitrus Berry
|move|p1b: Groudon|Precipice Blades|p2b: Urshifu|[spread] p2a
|-miss|p1b: Groudon|p2b: Urshifu
|-enditem|p1b: Groudon|Blunder Policy
|-boost|p1b: Groudon|spe|2
|-damage|p2a: Lunala|48/100
|move|p1a: Lurantis|Superpower|p2b: Urshifu
|-damage|p2b: Urshifu|68/100
|-boost|p1a: Lurantis|atk|1
|-boost|p1a: Lurantis|def|1
|
|-weather|SunnyDay|[upkeep]
|upkeep
|turn|3
|inactive|Serdra has 30 seconds left.
|inactive|Serdra has 20 seconds left.
|inactive|Serdra has 15 seconds left.
|
|t:|1750711571
|move|p2b: Urshifu|Surging Strikes|p1b: Groudon
|-supereffective|p1b: Groudon
|-crit|p1b: Groudon
|-damage|p1b: Groudon|9/100
|-supereffective|p1b: Groudon
|-crit|p1b: Groudon
|-damage|p1b: Groudon|0 fnt
|faint|p1b: Groudon
|-hitcount|p1: Groudon|2
|move|p2a: Lunala|Moongeist Beam|p1a: Lurantis
|-damage|p1a: Lurantis|0 fnt
|faint|p1a: Lurantis
|
|-weather|SunnyDay|[upkeep]
|upkeep
|
|t:|1750711575
|switch|p1b: Miraidon|Miraidon, L50|100/100
|switch|p1a: Farigiraf|Farigiraf, L50, F|100/100
|-fieldstart|move: Electric Terrain|[from] ability: Hadron Engine|[of] p1b: Miraidon
|turn|4
|
|t:|1750711593
|move|p1a: Farigiraf|Helping Hand|p1b: Miraidon
|-singleturn|p1b: Miraidon|Helping Hand|[of] p1a: Farigiraf
|move|p2b: Urshifu|Surging Strikes|p1a: Farigiraf
|-crit|p1a: Farigiraf
|-damage|p1a: Farigiraf|92/100
|-crit|p1a: Farigiraf
|-damage|p1a: Farigiraf|82/100
|-crit|p1a: Farigiraf
|-damage|p1a: Farigiraf|73/100
|-hitcount|p1a: Farigiraf|3
|move|p2a: Lunala|Moonblast|p1b: Miraidon
|-supereffective|p1b: Miraidon
|-damage|p1b: Miraidon|1/100
|move|p1b: Miraidon|Dazzling Gleam|p2a: Lunala|[spread] p2a,p2b
|-supereffective|p2b: Urshifu
|-damage|p2a: Lunala|7/100
|-damage|p2b: Urshifu|0 fnt
|faint|p2b: Urshifu
|
|-weather|SunnyDay|[upkeep]
|-sideend|p2: Serdra|move: Tailwind
|upkeep
|
|t:|1750711611
|switch|p2b: Miraidon|Miraidon, L50|100/100
|-activate|p2b: Miraidon|ability: Hadron Engine
|turn|5
|
|t:|1750711632
|-terastallize|p1b: Miraidon|Fairy
|-terastallize|p2b: Miraidon|Electric
|move|p1a: Farigiraf|Helping Hand|p1b: Miraidon
|-singleturn|p1b: Miraidon|Helping Hand|[of] p1a: Farigiraf
|move|p2b: Miraidon|Electro Drift|p1b: Miraidon
|-damage|p1b: Miraidon|0 fnt
|faint|p1b: Miraidon
|move|p2a: Lunala|Moonblast|p1a: Farigiraf
|-damage|p1a: Farigiraf|22/100
|
|-weather|none
|upkeep
|turn|6
|-message|chaostnt forfeited.
|
|win|Serdra
|raw|chaostnt's rating: 1281 &rarr; <strong>1256</strong><br />(-25 for losing)
|raw|Serdra's rating: 1277 &rarr; <strong>1302</strong><br />(+25 for winning)
|l|☆chaostnt
|player|p1|
