|j|☆ehehahahhehe
|j|☆Gang-ho
|t:|1750720523
|gametype|doubles
|player|p1|ehehahahhehe|266|1209
|player|p2|Gang-ho|red-gen1main|1295
|teamsize|p1|6
|teamsize|p2|6
|gen|9
|tier|[Gen 9] VGC 2025 Reg I
|rated|
|rule|Species Clause: Limit one of each Pokémon
|rule|Item Clause: Limit 1 of each item
|clearpoke
|poke|p1|Vivillon-Fancy, L50, F|
|poke|p1|Flutter Mane, L50|
|poke|p1|Koraidon, L50|
|poke|p1|Calyrex-Shadow, L50|
|poke|p1|Indeedee-F, L50, F|
|poke|p1|Incineroar, L50, F|
|poke|p2|Charizard, L50, M|
|poke|p2|Groudon, L50|
|poke|p2|Zamazenta-*, L50|
|poke|p2|Murkrow, L50, F|
|poke|p2|Raging Bolt, L50|
|poke|p2|Flutter Mane, L50|
|teampreview|4
|inactive|Battle timer is ON: inactive players will automatically lose when time's up. (requested by Gang-ho)
|inactive|ehehahahhehe has 60 seconds left.
|
|t:|1750720576
|start
|switch|p1a: Vivillon|Vivillon-Fancy, L50, F, shiny|100/100
|switch|p1b: Flutter Mane|Flutter Mane, L50|100/100
|switch|p2a: Groudon|Groudon, L50|100/100
|switch|p2b: Flutter Mane|Flutter Mane, L50|100/100
|-weather|SunnyDay|[from] ability: Drought|[of] p2a: Groudon
|-activate|p1b: Flutter Mane|ability: Protosynthesis
|-start|p1b: Flutter Mane|protosynthesisspe
|-activate|p2b: Flutter Mane|ability: Protosynthesis
|-start|p2b: Flutter Mane|protosynthesisspe
|turn|1
|
|t:|1750720597
|move|p2b: Flutter Mane|Icy Wind|p1a: Vivillon|[spread] p1a,p1b
|-supereffective|p1a: Vivillon
|-damage|p1a: Vivillon|40/100
|-damage|p1b: Flutter Mane|85/100
|-unboost|p1a: Vivillon|spe|1
|-unboost|p1b: Flutter Mane|spe|1
|move|p1b: Flutter Mane|Icy Wind|p2a: Groudon|[spread] p2a,p2b
|-supereffective|p2a: Groudon
|-damage|p2a: Groudon|66/100
|-damage|p2b: Flutter Mane|85/100
|-unboost|p2b: Flutter Mane|spe|1
|move|p2a: Groudon|Heat Crash|p1a: Vivillon
|-supereffective|p1a: Vivillon
|-damage|p1a: Vivillon|0 fnt
|faint|p1a: Vivillon
|
|-weather|SunnyDay|[upkeep]
|upkeep
|
|t:|1750720616
|switch|p1a: Calyrex|Calyrex-Shadow, L50|100/100
|-ability|p1a: Calyrex|As One
|-ability|p1a: Calyrex|Unnerve
|turn|2
|inactive|Gang-ho has 30 seconds left.
|
|t:|1750720646
|move|p1a: Calyrex|Astral Barrage|p2b: Flutter Mane|[spread] p2a,p2b
|-supereffective|p2b: Flutter Mane
|-damage|p2a: Groudon|0 fnt
|-damage|p2b: Flutter Mane|0 fnt
|faint|p2a: Groudon
|faint|p2b: Flutter Mane
|-end|p2b: Flutter Mane|Protosynthesis|[silent]
|-ability|p1a: Calyrex|Grim Neigh|boost
|-boost|p1a: Calyrex|spa|2
|-damage|p1a: Calyrex|91/100|[from] item: Life Orb
|move|p1b: Flutter Mane|Moonblast|p2: Groudon|[notarget]
|-fail|p1b: Flutter Mane
|
|-weather|SunnyDay|[upkeep]
|upkeep
|
|t:|1750720654
|switch|p2b: Charizard|Charizard, L50, M|100/100
|switch|p2a: Zamazenta|Zamazenta-Crowned, L50|100/100
|-ability|p2a: Zamazenta|Dauntless Shield|boost
|-boost|p2a: Zamazenta|def|1
|turn|3
|inactive|ehehahahhehe has 30 seconds left.
|inactive|ehehahahhehe has 20 seconds left.
|
|t:|1750720693
|-terastallize|p2b: Charizard|Fire
|move|p1a: Calyrex|Protect|p1a: Calyrex
|-singleturn|p1a: Calyrex|Protect
|move|p2b: Charizard|Heat Wave|p1b: Flutter Mane|[spread] p1b
|-activate|p1a: Calyrex|move: Protect
|-damage|p1b: Flutter Mane|0 fnt
|faint|p1b: Flutter Mane
|-end|p1b: Flutter Mane|Protosynthesis|[silent]
|move|p2a: Zamazenta|Behemoth Bash|p1a: Calyrex
|-activate|p1a: Calyrex|move: Protect
|
|-weather|SunnyDay|[upkeep]
|-damage|p2b: Charizard|88/100|[from] ability: Solar Power|[of] p2b: Charizard
|upkeep
|
|t:|1750720702
|switch|p1b: Koraidon|Koraidon, L50|100/100
|-activate|p1b: Koraidon|ability: Orichalcum Pulse
|turn|4
|
|t:|1750720723
|move|p2b: Charizard|Heat Wave|p1a: Calyrex|[spread] p1b
|-miss|p2b: Charizard|p1a: Calyrex
|-resisted|p1b: Koraidon
|-damage|p1b: Koraidon|42/100
|move|p1a: Calyrex|Expanding Force|p2b: Charizard
|-damage|p2b: Charizard|0 fnt
|faint|p2b: Charizard
|-ability|p1a: Calyrex|Grim Neigh|boost
|-boost|p1a: Calyrex|spa|1
|-damage|p1a: Calyrex|81/100|[from] item: Life Orb
|move|p1b: Koraidon|Flame Charge|p2a: Zamazenta
|-supereffective|p2a: Zamazenta
|-damage|p2a: Zamazenta|47/100
|-boost|p1b: Koraidon|spe|1
|move|p2a: Zamazenta|Body Press|p1b: Koraidon
|-damage|p1b: Koraidon|0 fnt
|faint|p1b: Koraidon
|
|-weather|SunnyDay|[upkeep]
|upkeep
|turn|5
|
|t:|1750720742
|move|p1a: Calyrex|Astral Barrage|p2a: Zamazenta
|-damage|p2a: Zamazenta|0 fnt
|faint|p2a: Zamazenta
|-damage|p1a: Calyrex|71/100|[from] item: Life Orb
|
|win|ehehahahhehe
|raw|ehehahahhehe's rating: 1209 &rarr; <strong>1240</strong><br />(+31 for winning)
|raw|Gang-ho's rating: 1295 &rarr; <strong>1264</strong><br />(-31 for losing)
|l|☆Gang-ho
|player|p2|
|l|☆ehehahahhehe
|player|p1|
