|j|☆Patpat4408
|j|☆Zillowzest
|t:|1750864598
|gametype|doubles
|player|p1|Patpat4408|hilbert|1084
|player|p2|Zillowzest|pokemonbreederf-gen4|1133
|teamsize|p1|6
|teamsize|p2|6
|gen|9
|tier|[Gen 9] VGC 2025 Reg I
|rated|
|rule|Species Clause: Limit one of each Pokémon
|rule|Item Clause: Limit 1 of each item
|clearpoke
|poke|p1|Incineroar, L50, F|
|poke|p1|Urshifu-*, L50, M|
|poke|p1|Miraidon, L50|
|poke|p1|Iron Hands, L50|
|poke|p1|Kyogre, L50|
|poke|p1|Basculegion, L50, M|
|poke|p2|Weezing-Galar, L50, M|
|poke|p2|Lilligant-Hisui, L50, F|
|poke|p2|Oricorio-Sensu, L50, F|
|poke|p2|Volcarona, L50, M|
|poke|p2|Miraidon, L50|
|poke|p2|Calyrex-Ice, L50|
|teampreview|4
|
|t:|1750864627
|start
|switch|p1a: Miraidon|Miraidon, L50|100/100
|switch|p1b: Urshifu|Urshifu-Rapid-Strike, L50, M|100/100
|switch|p2a: Miraidon|Miraidon, L50|100/100
|switch|p2b: Volcarona|Volcarona, L50, M|100/100
|-fieldstart|move: Electric Terrain|[from] ability: Hadron Engine|[of] p1a: Miraidon
|-enditem|p2b: Volcarona|Electric Seed
|-boost|p2b: Volcarona|def|1|[from] item: Electric Seed
|-activate|p2a: Miraidon|ability: Hadron Engine
|turn|1
|inactive|Battle timer is ON: inactive players will automatically lose when time's up. (requested by Zillowzest)
|
|t:|1750864667
|-terastallize|p2b: Volcarona|Grass
|move|p1a: Miraidon|Draco Meteor|p2a: Miraidon
|-supereffective|p2a: Miraidon
|-damage|p2a: Miraidon|0 fnt
|-unboost|p1a: Miraidon|spa|2
|faint|p2a: Miraidon
|move|p1b: Urshifu|Surging Strikes|p2b: Volcarona
|-resisted|p2b: Volcarona
|-crit|p2b: Volcarona
|-damage|p2b: Volcarona|80/100
|-resisted|p2b: Volcarona
|-crit|p2b: Volcarona
|-damage|p2b: Volcarona|62/100
|-status|p1b: Urshifu|brn|[from] ability: Flame Body|[of] p2b: Volcarona
|-resisted|p2b: Volcarona
|-crit|p2b: Volcarona
|-damage|p2b: Volcarona|52/100
|-hitcount|p2b: Volcarona|3
|move|p2b: Volcarona|Quiver Dance|p2b: Volcarona
|-boost|p2b: Volcarona|spa|1
|-boost|p2b: Volcarona|spd|1
|-boost|p2b: Volcarona|spe|1
|
|-damage|p1b: Urshifu|94/100 brn|[from] brn
|upkeep
|
|t:|1750864679
|switch|p2a: Oricorio|Oricorio-Sensu, L50, F|100/100
|turn|2
|inactive|Patpat4408 has 30 seconds left.
|
|t:|1750864704
|switch|p1a: Kyogre|Kyogre, L50|100/100
|-weather|RainDance|[from] ability: Drizzle|[of] p1a: Kyogre
|switch|p1b: Incineroar|Incineroar, L50, F|100/100
|-ability|p1b: Incineroar|Intimidate|boost
|-unboost|p2a: Oricorio|atk|1
|-unboost|p2b: Volcarona|atk|1
|move|p2a: Oricorio|Helping Hand|p2b: Volcarona
|-singleturn|p2b: Volcarona|Helping Hand|[of] p2a: Oricorio
|move|p2b: Volcarona|Giga Drain|p1b: Incineroar
|-resisted|p1b: Incineroar
|-damage|p1b: Incineroar|72/100
|-heal|p2b: Volcarona|67/100|[from] drain|[of] p1b: Incineroar
|
|-weather|RainDance|[upkeep]
|upkeep
|turn|3
|inactive|Patpat4408 has 30 seconds left.
|
|t:|1750864734
|move|p2b: Volcarona|Protect|p2b: Volcarona
|-singleturn|p2b: Volcarona|Protect
|move|p2a: Oricorio|Protect|p2a: Oricorio
|-singleturn|p2a: Oricorio|Protect
|move|p1b: Incineroar|Fake Out|p2b: Volcarona
|-activate|p2b: Volcarona|move: Protect
|move|p1a: Kyogre|Water Spout|p2b: Volcarona|[spread] 
|-activate|p2a: Oricorio|move: Protect
|-activate|p2b: Volcarona|move: Protect
|
|-weather|RainDance|[upkeep]
|upkeep
|turn|4
|
|t:|1750864748
|switch|p1b: Miraidon|Miraidon, L50|100/100
|-activate|p1b: Miraidon|ability: Hadron Engine
|move|p2a: Oricorio|Helping Hand|p2b: Volcarona
|-singleturn|p2b: Volcarona|Helping Hand|[of] p2a: Oricorio
|move|p2b: Volcarona|Giga Drain|p1a: Kyogre
|-supereffective|p1a: Kyogre
|-damage|p1a: Kyogre|0 fnt
|-heal|p2b: Volcarona|100/100|[from] drain|[of] p1a: Kyogre
|faint|p1a: Kyogre
|
|-weather|RainDance|[upkeep]
|upkeep
|
|t:|1750864763
|switch|p1a: Urshifu|Urshifu-Rapid-Strike, L50, M|94/100 brn
|turn|5
|inactive|Patpat4408 has 30 seconds left.
|
|t:|1750864792
|move|p2a: Oricorio|Helping Hand|p2b: Volcarona
|-singleturn|p2b: Volcarona|Helping Hand|[of] p2a: Oricorio
|move|p1b: Miraidon|Draco Meteor|p2b: Volcarona
|-damage|p2b: Volcarona|50/100
|-unboost|p1b: Miraidon|spa|2
|move|p2b: Volcarona|Giga Drain|p1a: Urshifu
|-supereffective|p1a: Urshifu
|-damage|p1a: Urshifu|0 fnt
|-heal|p2b: Volcarona|93/100|[from] drain|[of] p1a: Urshifu
|faint|p1a: Urshifu
|
|-weather|RainDance|[upkeep]
|-fieldend|move: Electric Terrain
|upkeep
|-message|Patpat4408 forfeited.
|
|win|Zillowzest
|raw|Patpat4408's rating: 1084 &rarr; <strong>1065</strong><br />(-19 for losing)
|raw|Zillowzest's rating: 1133 &rarr; <strong>1154</strong><br />(+21 for winning)
|l|☆Patpat4408
|player|p1|
|l|☆Zillowzest
|player|p2|
