|j|☆Ravenclawed07
|j|☆CarlinhosDoador
|t:|1750770748
|gametype|doubles
|player|p1|Ravenclawed07|larry|1329
|player|p2|CarlinhosDoador|170|1237
|teamsize|p1|6
|teamsize|p2|6
|gen|9
|tier|[Gen 9] VGC 2025 Reg I
|rated|
|rule|Species Clause: Limit one of each Pokémon
|rule|Item Clause: Limit 1 of each item
|clearpoke
|poke|p1|Eternatus, L50|
|poke|p1|Lugia, L50|
|poke|p1|Wo-Chien, L50|
|poke|p1|Comfey, L50, F|
|poke|p1|Dondozo, L50, M|
|poke|p1|Tatsugiri, L50, F|
|poke|p2|Koraidon, L50|
|poke|p2|Calyrex-Ice, L50|
|poke|p2|Brute Bonnet, L50|
|poke|p2|Iron Hands, L50|
|poke|p2|Flutter Mane, L50|
|poke|p2|Chi-Yu, L50|
|teampreview|4
|inactive|Battle timer is ON: inactive players will automatically lose when time's up. (requested by Ravenclawed07)
|inactive|CarlinhosDoador has 60 seconds left.
|
|t:|1750770785
|start
|switch|p1a: Eternal|Eternatus, L50|100/100
|switch|p1b: Fey|Comfey, L50, F|100/100
|switch|p2a: Calyrex|Calyrex-Ice, L50|100/100
|switch|p2b: Iron Hands|Iron Hands, L50|100/100
|-ability|p2a: Calyrex|As One
|-ability|p2a: Calyrex|Unnerve
|-ability|p1a: Eternal|Pressure
|turn|1
|
|t:|1750770797
|move|p2b: Iron Hands|Fake Out|p1a: Eternal
|-damage|p1a: Eternal|89/100
|cant|p1a: Eternal|flinch
|move|p1b: Fey|Leech Seed|p2a: Calyrex
|-start|p2a: Calyrex|move: Leech Seed
|move|p2a: Calyrex|Trick Room|p2a: Calyrex
|-fieldstart|move: Trick Room|[of] p2a: Calyrex
|
|-damage|p2a: Calyrex|88/100|[from] Leech Seed|[of] p1b: Fey
|upkeep
|turn|2
|
|t:|1750770819
|move|p2b: Iron Hands|Low Kick|p1a: Eternal
|-resisted|p1a: Eternal
|-damage|p1a: Eternal|66/100
|move|p2a: Calyrex|Glacial Lance|p1b: Fey|[spread] p1a,p1b
|-supereffective|p1a: Eternal
|-damage|p1a: Eternal|0 fnt
|-damage|p1b: Fey|44/100
|faint|p1a: Eternal
|-ability|p2a: Calyrex|Chilling Neigh|boost
|-boost|p2a: Calyrex|atk|1
|move|p1b: Fey|Leech Seed|p2b: Iron Hands
|-start|p2b: Iron Hands|move: Leech Seed
|
|-damage|p2b: Iron Hands|88/100|[from] Leech Seed|[of] p1b: Fey
|-heal|p1b: Fey|63/100|[silent]
|-damage|p2a: Calyrex|76/100|[from] Leech Seed|[of] p1b: Fey
|-heal|p1b: Fey|78/100|[silent]
|upkeep
|
|t:|1750770832
|switch|p1a: Luigia|Lugia, L50, shiny|100/100
|turn|3
|
|t:|1750770847
|switch|p2a: Brute Bonnet|Brute Bonnet, L50|100/100
|-terastallize|p1a: Luigia|Electric
|move|p1b: Fey|Draining Kiss|p2a: Brute Bonnet
|-supereffective|p2a: Brute Bonnet
|-damage|p2a: Brute Bonnet|78/100
|-heal|p1b: Fey|100/100|[from] drain|[of] p2a: Brute Bonnet
|move|p2b: Iron Hands|Wild Charge|p1a: Luigia
|-resisted|p1a: Luigia
|-damage|p1a: Luigia|94/100
|-damage|p2b: Iron Hands|86/100|[from] Recoil
|move|p1a: Luigia|Aeroblast|p2b: Iron Hands
|-damage|p2b: Iron Hands|70/100
|
|-heal|p1a: Luigia|99/100|[from] item: Leftovers
|-damage|p2b: Iron Hands|58/100|[from] Leech Seed|[of] p1b: Fey
|upkeep
|turn|4
|
|t:|1750770872
|move|p1b: Fey|Draining Kiss|p2b: Iron Hands
|-supereffective|p2b: Iron Hands
|-crit|p2b: Iron Hands
|-damage|p2b: Iron Hands|35/100
|move|p2b: Iron Hands|Drain Punch|p1a: Luigia
|-damage|p1a: Luigia|75/100
|-heal|p2b: Iron Hands|46/100|[from] drain|[of] p1a: Luigia
|move|p2a: Brute Bonnet|Spore|p1a: Luigia
|-status|p1a: Luigia|slp|[from] move: Spore
|cant|p1a: Luigia|slp
|
|-heal|p1a: Luigia|81/100 slp|[from] item: Leftovers
|-damage|p2b: Iron Hands|34/100|[from] Leech Seed|[of] p1b: Fey
|upkeep
|turn|5
|
|t:|1750770893
|-end|p2b: Iron Hands|Quark Drive|[silent]
|switch|p2b: Calyrex|Calyrex-Ice, L50|76/100
|-ability|p2b: Calyrex|As One
|-ability|p2b: Calyrex|Unnerve
|move|p1b: Fey|Draining Kiss|p2a: Brute Bonnet
|-supereffective|p2a: Brute Bonnet
|-damage|p2a: Brute Bonnet|56/100
|move|p2a: Brute Bonnet|Spore|p1b: Fey
|-status|p1b: Fey|slp|[from] move: Spore
|cant|p1a: Luigia|slp
|
|-heal|p1a: Luigia|87/100 slp|[from] item: Leftovers
|-fieldend|move: Trick Room
|upkeep
|turn|6
|
|t:|1750770911
|cant|p1b: Fey|slp
|-curestatus|p1a: Luigia|slp|[msg]
|move|p1a: Luigia|Aeroblast|p2a: Brute Bonnet
|-supereffective|p2a: Brute Bonnet
|-crit|p2a: Brute Bonnet
|-damage|p2a: Brute Bonnet|0 fnt
|faint|p2a: Brute Bonnet
|-end|p2a: Brute Bonnet|Protosynthesis|[silent]
|move|p2b: Calyrex|High Horsepower|p1a: Luigia
|-supereffective|p1a: Luigia
|-damage|p1a: Luigia|43/100
|
|-heal|p1a: Luigia|49/100|[from] item: Leftovers
|upkeep
|
|t:|1750770918
|switch|p2a: Koraidon|Koraidon, L50|100/100
|-weather|SunnyDay|[from] ability: Orichalcum Pulse|[of] p2a: Koraidon
|-activate|p2a: Koraidon|Orichalcum Pulse|[source]
|turn|7
|
|t:|1750770930
|-terastallize|p2a: Koraidon|Fire
|cant|p1b: Fey|slp
|move|p2a: Koraidon|Flare Blitz|p1b: Fey
|-damage|p1b: Fey|0 fnt
|faint|p1b: Fey
|-damage|p2a: Koraidon|71/100|[from] Recoil
|-damage|p2a: Koraidon|61/100|[from] item: Life Orb
|move|p1a: Luigia|Aeroblast|p2a: Koraidon
|-damage|p2a: Koraidon|32/100
|move|p2b: Calyrex|Glacial Lance|p1a: Luigia
|-damage|p1a: Luigia|7/100
|
|-weather|SunnyDay|[upkeep]
|-heal|p1a: Luigia|13/100|[from] item: Leftovers
|upkeep
|
|t:|1750770945
|switch|p1b: Woo-Hoo|Wo-Chien, L50|100/100
|-ability|p1b: Woo-Hoo|Tablets of Ruin
|turn|8
|
|t:|1750770953
|move|p2a: Koraidon|Protect|p2a: Koraidon
|-singleturn|p2a: Koraidon|Protect
|move|p1a: Luigia|Aeroblast|p2a: Koraidon
|-activate|p2a: Koraidon|move: Protect
|move|p1b: Woo-Hoo|Foul Play|p2b: Calyrex
|-supereffective|p2b: Calyrex
|-damage|p2b: Calyrex|0 fnt
|faint|p2b: Calyrex
|
|-weather|SunnyDay|[upkeep]
|-heal|p1a: Luigia|19/100|[from] item: Leftovers
|upkeep
|
|t:|1750770962
|switch|p2b: Iron Hands|Iron Hands, L50|34/100
|turn|9
|
|t:|1750770970
|move|p1a: Luigia|Protect|p1a: Luigia
|-singleturn|p1a: Luigia|Protect
|move|p1b: Woo-Hoo|Protect|p1b: Woo-Hoo
|-singleturn|p1b: Woo-Hoo|Protect
|move|p2a: Koraidon|Flare Blitz|p1b: Woo-Hoo
|-activate|p1b: Woo-Hoo|move: Protect
|move|p2b: Iron Hands|Low Kick|p1a: Luigia
|-activate|p1a: Luigia|move: Protect
|
|-weather|SunnyDay|[upkeep]
|-heal|p1a: Luigia|25/100|[from] item: Leftovers
|upkeep
|turn|10
|
|t:|1750770987
|move|p2a: Koraidon|Protect|p2a: Koraidon
|-singleturn|p2a: Koraidon|Protect
|move|p1a: Luigia|Recover|p1a: Luigia
|-heal|p1a: Luigia|75/100
|move|p1b: Woo-Hoo|Foul Play|p2a: Koraidon
|-activate|p2a: Koraidon|move: Protect
|move|p2b: Iron Hands|Drain Punch|p1b: Woo-Hoo
|-supereffective|p1b: Woo-Hoo
|-crit|p1b: Woo-Hoo
|-damage|p1b: Woo-Hoo|13/100
|-heal|p2b: Iron Hands|69/100|[from] drain|[of] p1b: Woo-Hoo
|-enditem|p1b: Woo-Hoo|Sitrus Berry|[eat]
|-heal|p1b: Woo-Hoo|37/100|[from] item: Sitrus Berry
|
|-weather|SunnyDay|[upkeep]
|-heal|p1a: Luigia|81/100|[from] item: Leftovers
|upkeep
|turn|11
|inactive|Ravenclawed07 has 30 seconds left.
|inactive|CarlinhosDoador has 30 seconds left.
|inactive|CarlinhosDoador has 20 seconds left.
|inactive|CarlinhosDoador has 15 seconds left.
|
|t:|1750771029
|move|p2a: Koraidon|Flare Blitz|p1b: Woo-Hoo
|-supereffective|p1b: Woo-Hoo
|-damage|p1b: Woo-Hoo|0 fnt
|faint|p1b: Woo-Hoo
|-damage|p2a: Koraidon|19/100|[from] Recoil
|-damage|p2a: Koraidon|9/100|[from] item: Life Orb
|move|p1a: Luigia|Aeroblast|p2a: Koraidon
|-damage|p2a: Koraidon|0 fnt
|faint|p2a: Koraidon
|move|p2b: Iron Hands|Low Kick|p1a: Luigia
|-damage|p1a: Luigia|46/100
|
|-weather|none
|-heal|p1a: Luigia|52/100|[from] item: Leftovers
|upkeep
|turn|12
|
|t:|1750771045
|move|p1a: Luigia|Recover|p1a: Luigia
|-heal|p1a: Luigia|100/100
|move|p2b: Iron Hands|Low Kick|p1a: Luigia
|-damage|p1a: Luigia|82/100
|
|-heal|p1a: Luigia|88/100|[from] item: Leftovers
|upkeep
|turn|13
|
|t:|1750771049
|move|p1a: Luigia|Calm Mind|p1a: Luigia
|-boost|p1a: Luigia|spa|1
|-boost|p1a: Luigia|spd|1
|move|p2b: Iron Hands|Drain Punch|p1a: Luigia
|-damage|p1a: Luigia|67/100
|-heal|p2b: Iron Hands|78/100|[from] drain|[of] p1a: Luigia
|
|-heal|p1a: Luigia|73/100|[from] item: Leftovers
|upkeep
|turn|14
|-message|CarlinhosDoador forfeited.
|
|win|Ravenclawed07
|raw|Ravenclawed07's rating: 1329 &rarr; <strong>1344</strong><br />(+15 for winning)
|raw|CarlinhosDoador's rating: 1237 &rarr; <strong>1218</strong><br />(-19 for losing)
|l|☆CarlinhosDoador
|player|p2|
|l|☆Ravenclawed07
|player|p1|
