|j|☆curfy622
|j|☆okstew
|t:|1750709455
|gametype|doubles
|player|p1|curfy622|169|1377
|player|p2|okstew|schoolkid-gen4dp|1410
|teamsize|p1|6
|teamsize|p2|6
|gen|9
|tier|[Gen 9] VGC 2025 Reg I
|rated|
|rule|Species Clause: Limit one of each Pokémon
|rule|Item Clause: Limit 1 of each item
|clearpoke
|poke|p1|Koraidon, L50|
|poke|p1|Lunala, L50|
|poke|p1|Ursaluna, L50, F|
|poke|p1|Brute Bonnet, L50|
|poke|p1|Volcarona, L50, F|
|poke|p1|Flutter Mane, L50|
|poke|p2|Calyrex-Shadow, L50|
|poke|p2|Ho-Oh, L50|
|poke|p2|Garganacl, L50, F|
|poke|p2|Clodsire, L50, F|
|poke|p2|Incineroar, L50, F|
|poke|p2|Rillaboom, L50, F|
|teampreview|4
okstew has agreed to open team sheets.
curfy622 has agreed to open team sheets.
|showteam|p1|Koraidon||ClearAmulet|OrichalcumPulse|CollisionCourse,FlareBlitz,Uturn,Protect||||||50|,,,,,Fire]Lunala||SafetyGoggles|ShadowShield|MoongeistBeam,Moonblast,TrickRoom,WideGuard||||||50|,,,,,Fairy]Ursaluna||FlameOrb|Guts|HeadlongRush,Facade,Earthquake,Protect|||F|||50|,,,,,Ghost]Brute Bonnet||CovertCloak|Protosynthesis|SeedBomb,SuckerPunch,Spore,RagePowder||||||50|,,,,,Water]Volcarona||RockyHelmet|FlameBody|Overheat,StruggleBug,RagePowder,MorningSun|||F|||50|,,,,,Grass]Flutter Mane||FocusSash|Protosynthesis|Moonblast,IcyWind,Taunt,Protect||||||50|,,,,,Fairy
|showteam|p2|Calyrex-Shadow||FocusSash|AsOneSpectrier|AstralBarrage,Hex,PollenPuff,Protect||||||50|,,,,,Ghost]Ho-Oh||ClearAmulet|Regenerator|SacredFire,BraveBird,Tailwind,Protect||||||50|,,,,,Grass]Garganacl||RockyHelmet|PurifyingSalt|SaltCure,HelpingHand,WideGuard,Protect|||F|||50|,,,,,Bug]Clodsire||Leftovers|WaterAbsorb|Toxic,HelpingHand,AfterYou,Protect|||F|||50|,,,,,Fire]Incineroar||SafetyGoggles|Intimidate|FakeOut,KnockOff,WillOWisp,PartingShot|||F|||50|,,,,,Ghost]Rillaboom||AssaultVest|GrassySurge|WoodHammer,Uturn,HighHorsepower,FakeOut|||F|||50|,,,,,Water
|inactive|Battle timer is ON: inactive players will automatically lose when time's up. (requested by curfy622)
|
|t:|1750709504
|start
|switch|p1a: Flutter Mane|Flutter Mane, L50|100/100
|switch|p1b: Koraidon|Koraidon, L50|100/100
|switch|p2a: Rillaboom|Rillaboom, L50, F|100/100
|switch|p2b: Ho-Oh|Ho-Oh, L50|100/100
|-weather|SunnyDay|[from] ability: Orichalcum Pulse|[of] p1b: Koraidon
|-activate|p1a: Flutter Mane|ability: Protosynthesis
|-start|p1a: Flutter Mane|protosynthesisspe
|-activate|p1b: Koraidon|Orichalcum Pulse|[source]
|-fieldstart|move: Grassy Terrain|[from] ability: Grassy Surge|[of] p2a: Rillaboom
|turn|1
|
|t:|1750709526
|-terastallize|p1b: Koraidon|Fire
|move|p2a: Rillaboom|Fake Out|p1b: Koraidon
|-damage|p1b: Koraidon|89/100
|move|p1a: Flutter Mane|Taunt|p2b: Ho-Oh
|-start|p2b: Ho-Oh|move: Taunt
|cant|p1b: Koraidon|flinch
|cant|p2b: Ho-Oh|move: Taunt|Tailwind
|
|-weather|SunnyDay|[upkeep]
|-heal|p1b: Koraidon|95/100|[from] Grassy Terrain
|upkeep
|turn|2
|
|t:|1750709545
|-terastallize|p2a: Rillaboom|Water
|move|p1a: Flutter Mane|Protect|p1a: Flutter Mane
|-singleturn|p1a: Flutter Mane|Protect
|move|p1b: Koraidon|Flare Blitz|p2a: Rillaboom
|-resisted|p2a: Rillaboom
|-damage|p2a: Rillaboom|32/100
|-damage|p1b: Koraidon|68/100|[from] Recoil
|move|p2b: Ho-Oh|Brave Bird|p1b: Koraidon
|-damage|p1b: Koraidon|16/100
|-damage|p2b: Ho-Oh|86/100|[from] Recoil
|move|p2a: Rillaboom|High Horsepower|p1b: Koraidon
|-supereffective|p1b: Koraidon
|-damage|p1b: Koraidon|0 fnt
|faint|p1b: Koraidon
|
|-weather|SunnyDay|[upkeep]
|-heal|p2a: Rillaboom|38/100|[from] Grassy Terrain
|upkeep
|
|t:|1750709568
|switch|p1b: Brute Bonnet|Brute Bonnet, L50|100/100
|-activate|p1b: Brute Bonnet|ability: Protosynthesis
|-start|p1b: Brute Bonnet|protosynthesisdef
|turn|3
|
|t:|1750709588
|move|p1a: Flutter Mane|Moonblast|p2a: Rillaboom
|-damage|p2a: Rillaboom|0 fnt
|faint|p2a: Rillaboom
|move|p2b: Ho-Oh|Brave Bird|p1b: Brute Bonnet
|-supereffective|p1b: Brute Bonnet
|-damage|p1b: Brute Bonnet|51/100
|-damage|p2b: Ho-Oh|70/100|[from] Recoil
|move|p1b: Brute Bonnet|Spore|p2b: Ho-Oh
|-status|p2b: Ho-Oh|slp|[from] move: Spore
|
|-weather|SunnyDay|[upkeep]
|-heal|p1b: Brute Bonnet|57/100|[from] Grassy Terrain
|-end|p2b: Ho-Oh|move: Taunt
|upkeep
|
|t:|1750709604
|switch|p2a: Calyrex|Calyrex-Shadow, L50|100/100
|-ability|p2a: Calyrex|As One
|-ability|p2a: Calyrex|Unnerve
|turn|4
|
|t:|1750709620
|move|p1b: Brute Bonnet|Sucker Punch|p2a: Calyrex
|-supereffective|p2a: Calyrex
|-enditem|p2a: Calyrex|Focus Sash
|-damage|p2a: Calyrex|1/100
|move|p1a: Flutter Mane|Icy Wind|p2a: Calyrex|[spread] p2a,p2b
|-damage|p2a: Calyrex|0 fnt
|-damage|p2b: Ho-Oh|61/100 slp
|faint|p2a: Calyrex
|cant|p2b: Ho-Oh|slp
|
|-weather|SunnyDay|[upkeep]
|-heal|p1b: Brute Bonnet|63/100|[from] Grassy Terrain
|upkeep
|
|t:|1750709626
|switch|p2a: Clodsire|Clodsire, L50, F|100/100
|turn|5
|
|t:|1750709645
|move|p1b: Brute Bonnet|Rage Powder|p1b: Brute Bonnet
|-singleturn|p1b: Brute Bonnet|move: Rage Powder
|move|p1a: Flutter Mane|Taunt|p2a: Clodsire
|-start|p2a: Clodsire|move: Taunt
|-curestatus|p2b: Ho-Oh|slp|[msg]
|move|p2b: Ho-Oh|Sacred Fire|p1b: Brute Bonnet
|-supereffective|p1b: Brute Bonnet
|-damage|p1b: Brute Bonnet|0 fnt
|faint|p1b: Brute Bonnet
|-end|p1b: Brute Bonnet|Protosynthesis|[silent]
|cant|p2a: Clodsire|move: Taunt|Toxic
|
|-weather|none
|-end|p1a: Flutter Mane|Protosynthesis
|-fieldend|move: Grassy Terrain
|upkeep
|
|t:|1750709657
|switch|p1b: Lunala|Lunala, L50|100/100
|turn|6
|
|t:|1750709666
|move|p1a: Flutter Mane|Moonblast|p2b: Ho-Oh
|-resisted|p2b: Ho-Oh
|-damage|p2b: Ho-Oh|46/100
|move|p1b: Lunala|Moongeist Beam|p2b: Ho-Oh
|-damage|p2b: Ho-Oh|14/100
|move|p2b: Ho-Oh|Sacred Fire|p1b: Lunala
|-damage|p1b: Lunala|79/100
|-activate|p2a: Clodsire|move: Struggle
|move|p2a: Clodsire|Struggle|p1a: Flutter Mane
|-damage|p1a: Flutter Mane|84/100
|-damage|p2a: Clodsire|76/100|[from] recoil
|
|-heal|p2a: Clodsire|82/100|[from] item: Leftovers
|upkeep
|turn|7
|-message|okstew forfeited.
|
|win|curfy622
|raw|curfy622's rating: 1377 &rarr; <strong>1399</strong><br />(+22 for winning)
|raw|okstew's rating: 1410 &rarr; <strong>1388</strong><br />(-22 for losing)
|l|☆okstew
|player|p2|
|l|☆curfy622
|player|p1|
