|j|☆ampersandwich
|j|☆Ryan2412
|t:|1750715452
|gametype|doubles
|player|p1|ampersandwich|rocketgruntf|1137
|player|p2|Ryan2412|brock|1174
|teamsize|p1|6
|teamsize|p2|6
|gen|9
|tier|[Gen 9] VGC 2025 Reg I
|rated|
|rule|Species Clause: Limit one of each Pokémon
|rule|Item Clause: Limit 1 of each item
|clearpoke
|poke|p1|Miraidon, L50|
|poke|p1|Lunala, L50|
|poke|p1|Incineroar, L50, F|
|poke|p1|Grimmsnarl, L50, M|
|poke|p1|Landorus, L50, M|
|poke|p1|Ogerpon-Wellspring, L50, F|
|poke|p2|Ho-Oh, L50|
|poke|p2|Koraidon, L50|
|poke|p2|Ursaluna, L50, M|
|poke|p2|Flutter Mane, L50|
|poke|p2|Walking Wake, L50|
|poke|p2|Iron Valiant, L50|
|teampreview|4
|inactive|Battle timer is ON: inactive players will automatically lose when time's up. (requested by Ryan2412)
|inactive|Ryan2412 has 60 seconds left.
|
|t:|1750715486
|start
|switch|p1a: Miraidon|Miraidon, L50|100/100
|switch|p1b: Lunala|Lunala, L50|100/100
|switch|p2a: Ho-Oh|Ho-Oh, L50, shiny|100/100
|switch|p2b: Koraidon|Koraidon, L50|100/100
|-fieldstart|move: Electric Terrain|[from] ability: Hadron Engine|[of] p1a: Miraidon
|-enditem|p1b: Lunala|Electric Seed
|-boost|p1b: Lunala|def|1|[from] item: Electric Seed
|-weather|SunnyDay|[from] ability: Orichalcum Pulse|[of] p2b: Koraidon
|-activate|p2b: Koraidon|Orichalcum Pulse|[source]
|turn|1
|inactive|ampersandwich has 30 seconds left.
|inactive|ampersandwich has 20 seconds left.
|
|t:|1750715525
|switch|p2a: Ursaluna|Ursaluna, L50, M|100/100
|-terastallize|p2b: Koraidon|Fire
|-terastallize|p1b: Lunala|Fairy
|move|p1a: Miraidon|Draco Meteor|p2b: Koraidon
|-damage|p2b: Koraidon|0 fnt
|-unboost|p1a: Miraidon|spa|2
|faint|p2b: Koraidon
|move|p1b: Lunala|Calm Mind|p1b: Lunala
|-boost|p1b: Lunala|spa|1
|-boost|p1b: Lunala|spd|1
|
|-weather|SunnyDay|[upkeep]
|-status|p2a: Ursaluna|brn|[from] item: Flame Orb
|upkeep
|
|t:|1750715547
|switch|p2b: Ho-Oh|Ho-Oh, L50, shiny|100/100
|turn|2
|inactive|ampersandwich has 30 seconds left.
|inactive|Ryan2412 has 30 seconds left.
|
|t:|1750715576
|switch|p1a: Ogerpon|Ogerpon-Wellspring, L50, F|100/100
|move|p2b: Ho-Oh|Protect|p2b: Ho-Oh
|-singleturn|p2b: Ho-Oh|Protect
|move|p1b: Lunala|Moongeist Beam|p2a: Ursaluna
|-immune|p2a: Ursaluna
|move|p2a: Ursaluna|Earthquake|p1a: Ogerpon|[spread] p1a,p1b
|-activate|p2b: Ho-Oh|move: Protect
|-resisted|p1a: Ogerpon
|-damage|p1a: Ogerpon|65/100
|-damage|p1b: Lunala|85/100
|
|-weather|SunnyDay|[upkeep]
|-damage|p2a: Ursaluna|95/100 brn|[from] brn
|upkeep
|turn|3
|
|t:|1750715599
|move|p1a: Ogerpon|Ivy Cudgel|p2a: Ursaluna|[anim] Ivy Cudgel Water
|-supereffective|p2a: Ursaluna
|-damage|p2a: Ursaluna|56/100 brn
|move|p1b: Lunala|Moongeist Beam|p2b: Ho-Oh
|-damage|p2b: Ho-Oh|51/100
|move|p2b: Ho-Oh|Brave Bird|p1a: Ogerpon
|-supereffective|p1a: Ogerpon
|-damage|p1a: Ogerpon|0 fnt
|faint|p1a: Ogerpon
|-damage|p2b: Ho-Oh|33/100|[from] Recoil
|move|p2a: Ursaluna|Earthquake|p1b: Lunala|[spread] p1b
|-immune|p2b: Ho-Oh
|-damage|p1b: Lunala|54/100
|
|-weather|SunnyDay|[upkeep]
|-damage|p2a: Ursaluna|50/100 brn|[from] brn
|upkeep
|
|t:|1750715618
|switch|p1a: Landorus|Landorus, L50, M|100/100
|turn|4
|
|t:|1750715641
|move|p1a: Landorus|Sandsear Storm|p2a: Ursaluna|[spread] p2a
|-immune|p2b: Ho-Oh
|-damage|p2a: Ursaluna|0 fnt
|faint|p2a: Ursaluna
|move|p1b: Lunala|Moonblast|p2b: Ho-Oh
|-resisted|p2b: Ho-Oh
|-damage|p2b: Ho-Oh|10/100
|move|p2b: Ho-Oh|Recover|p2b: Ho-Oh
|-heal|p2b: Ho-Oh|61/100
|
|-weather|SunnyDay|[upkeep]
|upkeep
|
|t:|1750715654
|switch|p2a: Flutter Mane|Flutter Mane, L50, shiny|100/100
|-activate|p2a: Flutter Mane|ability: Protosynthesis
|-start|p2a: Flutter Mane|protosynthesisspe
|turn|5
|
|t:|1750715676
|move|p2a: Flutter Mane|Moonblast|p1b: Lunala
|-damage|p1b: Lunala|27/100
|move|p1a: Landorus|Sludge Bomb|p2a: Flutter Mane
|-damage|p2a: Flutter Mane|47/100
|move|p1b: Lunala|Moongeist Beam|p2b: Ho-Oh
|-crit|p2b: Ho-Oh
|-damage|p2b: Ho-Oh|0 fnt
|faint|p2b: Ho-Oh
|
|-weather|none
|-end|p2a: Flutter Mane|Protosynthesis
|-fieldend|move: Electric Terrain
|upkeep
|turn|6
|-message|Ryan2412 forfeited.
|
|win|ampersandwich
|raw|ampersandwich's rating: 1137 &rarr; <strong>1165</strong><br />(+28 for winning)
|raw|Ryan2412's rating: 1174 &rarr; <strong>1146</strong><br />(-28 for losing)
|l|☆Ryan2412
|player|p2|
