|j|☆boat glue
|j|☆drsithlord
|t:|1750873751
|gametype|doubles
|player|p1|boat glue|byron|1607
|player|p2|drsithlord|rood|1673
|teamsize|p1|6
|teamsize|p2|6
|gen|9
|tier|[Gen 9] VGC 2025 Reg I
|rated|
|rule|Species Clause: Limit one of each Pokémon
|rule|Item Clause: Limit 1 of each item
|clearpoke
|poke|p1|Ho-Oh, L50|
|poke|p1|Koraidon, L50|
|poke|p1|Raging Bolt, L50|
|poke|p1|Flutter Mane, L50|
|poke|p1|Brute Bonnet, L50|
|poke|p1|Iron Treads, L50|
|poke|p2|Iron Hands, L50|
|poke|p2|Volcarona, L50, M|
|poke|p2|Chien-Pao, L50|
|poke|p2|Miraidon, L50|
|poke|p2|Grimmsnarl, L50, M|
|poke|p2|Zamazenta-*, L50|
|teampreview|4
boat glue has agreed to open team sheets.
|inactive|Battle timer is ON: inactive players will automatically lose when time's up. (requested by boat glue)
|
|t:|1750873791
|start
|switch|p1a: Iron Treads|Iron Treads, L50|100/100
|switch|p1b: Ho-Oh|Ho-Oh, L50|100/100
|switch|p2a: Grimmsnarl|Grimmsnarl, L50, M|100/100
|switch|p2b: Zamazenta|Zamazenta-Crowned, L50|100/100
|-ability|p2b: Zamazenta|Dauntless Shield|boost
|-boost|p2b: Zamazenta|def|1
|turn|1
|j| stewpeed
|
|t:|1750873806
|-terastallize|p1a: Iron Treads|Ghost
|-terastallize|p2b: Zamazenta|Ghost
|move|p2a: Grimmsnarl|Reflect|p2a: Grimmsnarl
|-sidestart|p2: drsithlord|Reflect
|move|p1a: Iron Treads|Iron Head|p2a: Grimmsnarl
|-supereffective|p2a: Grimmsnarl
|-damage|p2a: Grimmsnarl|26/100
|move|p2b: Zamazenta|Body Press|p1a: Iron Treads
|-immune|p1a: Iron Treads
|move|p1b: Ho-Oh|Tailwind|p1b: Ho-Oh
|-sidestart|p1: boat glue|move: Tailwind
|
|upkeep
|turn|2
|
|t:|1750873820
|move|p2a: Grimmsnarl|Thunder Wave|p1a: Iron Treads|[miss]
|-miss|p2a: Grimmsnarl|p1a: Iron Treads
|move|p1a: Iron Treads|Iron Head|p2a: Grimmsnarl
|-supereffective|p2a: Grimmsnarl
|-damage|p2a: Grimmsnarl|0 fnt
|faint|p2a: Grimmsnarl
|move|p1b: Ho-Oh|Sacred Fire|p2b: Zamazenta
|-damage|p2b: Zamazenta|86/100
|-status|p2b: Zamazenta|brn
|move|p2b: Zamazenta|Behemoth Bash|p1a: Iron Treads
|-damage|p1a: Iron Treads|82/100
|
|-damage|p2b: Zamazenta|80/100 brn|[from] brn
|upkeep
|
|t:|1750873841
|switch|p2a: Miraidon|Miraidon, L50|100/100
|-fieldstart|move: Electric Terrain|[from] ability: Hadron Engine|[of] p2a: Miraidon
|-activate|p1a: Iron Treads|ability: Quark Drive
|-start|p1a: Iron Treads|quarkdrivespe
|turn|3
|
|t:|1750873861
|-end|p1a: Iron Treads|Quark Drive|[silent]
|switch|p1a: Raging Bolt|Raging Bolt, L50|100/100
|move|p1b: Ho-Oh|Protect|p1b: Ho-Oh
|-singleturn|p1b: Ho-Oh|Protect
|move|p2a: Miraidon|Electro Drift|p1b: Ho-Oh
|-activate|p1b: Ho-Oh|move: Protect
|move|p2b: Zamazenta|Behemoth Bash|p1a: Raging Bolt
|-resisted|p1a: Raging Bolt
|-damage|p1a: Raging Bolt|92/100
|
|-damage|p2b: Zamazenta|74/100 brn|[from] brn
|upkeep
|turn|4
|
|t:|1750873878
|switch|p1b: Koraidon|Koraidon, L50|100/100
|-weather|SunnyDay|[from] ability: Orichalcum Pulse|[of] p1b: Koraidon
|-activate|p1a: Raging Bolt|ability: Protosynthesis
|-start|p1a: Raging Bolt|protosynthesisspa
|-activate|p1b: Koraidon|Orichalcum Pulse|[source]
|move|p1a: Raging Bolt|Dragon Pulse|p2a: Miraidon
|-supereffective|p2a: Miraidon
|-damage|p2a: Miraidon|0 fnt
|faint|p2a: Miraidon
|move|p2b: Zamazenta|Body Press|p1a: Raging Bolt
|-damage|p1a: Raging Bolt|61/100
|
|-weather|SunnyDay|[upkeep]
|-damage|p2b: Zamazenta|68/100 brn|[from] brn
|-sideend|p1: boat glue|move: Tailwind
|upkeep
|
|t:|1750873890
|switch|p2a: Chien-Pao|Chien-Pao, L50|100/100
|-ability|p2a: Chien-Pao|Sword of Ruin
|turn|5
|inactive|boat glue has 30 seconds left.
|inactive|boat glue has 20 seconds left.
|inactive|boat glue has 15 seconds left.
|l| stewpeed
|inactive|boat glue has 10 seconds left.
|inactive|boat glue has 5 seconds left.
|j| YSE-Mill
|
|t:|1750873943
|switch|p1b: Iron Treads|Iron Treads, L50, tera:Ghost|82/100
|-activate|p1b: Iron Treads|ability: Quark Drive
|-start|p1b: Iron Treads|quarkdrivespe
|move|p1a: Raging Bolt|Thunderclap|p2a: Chien-Pao
|-enditem|p2a: Chien-Pao|Focus Sash
|-damage|p2a: Chien-Pao|1/100
|move|p2a: Chien-Pao|Icicle Crash|p1b: Iron Treads
|-damage|p1b: Iron Treads|27/100
|move|p2b: Zamazenta|Body Press|p1a: Raging Bolt
|-damage|p1a: Raging Bolt|19/100
|
|-weather|SunnyDay|[upkeep]
|-damage|p2b: Zamazenta|62/100 brn|[from] brn
|upkeep
|turn|6
|
|t:|1750873963
|move|p2a: Chien-Pao|Sucker Punch|p1b: Iron Treads
|-supereffective|p1b: Iron Treads
|-damage|p1b: Iron Treads|0 fnt
|faint|p1b: Iron Treads
|-end|p1b: Iron Treads|Quark Drive|[silent]
|move|p1a: Raging Bolt|Thunderclap|p2b: Zamazenta
|-damage|p2b: Zamazenta|18/100 brn
|move|p2b: Zamazenta|Body Press|p1a: Raging Bolt
|-damage|p1a: Raging Bolt|0 fnt
|faint|p1a: Raging Bolt
|-end|p1a: Raging Bolt|Protosynthesis|[silent]
|
|-weather|SunnyDay|[upkeep]
|-damage|p2b: Zamazenta|12/100 brn|[from] brn
|upkeep
|
|t:|1750873972
|switch|p1b: Koraidon|Koraidon, L50|100/100
|switch|p1a: Ho-Oh|Ho-Oh, L50|100/100
|-activate|p1b: Koraidon|ability: Orichalcum Pulse
|turn|7
|
|t:|1750873984
|move|p2a: Chien-Pao|Crunch|p1a: Ho-Oh
|-damage|p1a: Ho-Oh|45/100
|move|p1b: Koraidon|Breaking Swipe|p2a: Chien-Pao|[spread] p2a,p2b
|-crit|p2b: Zamazenta
|-damage|p2a: Chien-Pao|0 fnt
|-damage|p2b: Zamazenta|0 fnt
|faint|p2a: Chien-Pao
|faint|p2b: Zamazenta
|-damage|p1b: Koraidon|91/100|[from] item: Life Orb
|
|win|boat glue
|raw|boat glue's rating: 1607 &rarr; <strong>1631</strong><br />(+24 for winning)
|raw|drsithlord's rating: 1673 &rarr; <strong>1649</strong><br />(-24 for losing)
|l|☆drsithlord
|player|p2|
|l|☆boat glue
|player|p1|
