|j|☆Liko FWD
|j|☆Cameronvgc
|t:|1750857411
|gametype|doubles
|player|p1|Liko FWD|lady|1156
|player|p2|Cameronvgc|roughneck-gen4|1110
|teamsize|p1|6
|teamsize|p2|6
|gen|9
|tier|[Gen 9] VGC 2025 Reg I
|rated|
|rule|Species Clause: Limit one of each Pokémon
|rule|Item Clause: Limit 1 of each item
|clearpoke
|poke|p1|Calyrex-Ice, L50|
|poke|p1|Miraidon, L50|
|poke|p1|Farigiraf, L50, F|
|poke|p1|Incineroar, L50, F|
|poke|p1|Raging Bolt, L50|
|poke|p1|Urshifu-*, L50, M|
|poke|p2|Calyrex-Shadow, L50|
|poke|p2|Chi-Yu, L50|
|poke|p2|Indeedee-F, L50, F|
|poke|p2|Brute Bonnet, L50|
|poke|p2|Koraidon, L50|
|poke|p2|Gardevoir, L50, M|
|teampreview|4
Liko FWD has agreed to open team sheets.
|inactive|Battle timer is ON: inactive players will automatically lose when time's up. (requested by Liko FWD)
|
|t:|1750857442
|start
|switch|p1a: Miraidon|Miraidon, L50|100/100
|switch|p1b: Incineroar|Incineroar, L50, F|100/100
|switch|p2a: Calyrex|Calyrex-Shadow, L50|100/100
|switch|p2b: Gardevoir|Gardevoir, L50, M|100/100
|-ability|p2a: Calyrex|As One
|-ability|p2a: Calyrex|Unnerve
|-fieldstart|move: Electric Terrain|[from] ability: Hadron Engine|[of] p1a: Miraidon
|-ability|p2b: Gardevoir|Intimidate|boost
|-unboost|p1a: Miraidon|atk|1
|-unboost|p1b: Incineroar|atk|1
|-ability|p2b: Gardevoir|Intimidate|[from] ability: Trace|[of] p1b: Incineroar
|-ability|p1b: Incineroar|Intimidate|boost
|-unboost|p2a: Calyrex|atk|1
|-unboost|p2b: Gardevoir|atk|1
|turn|1
|
|t:|1750857466
|-terastallize|p2a: Calyrex|Ghost
|-terastallize|p1a: Miraidon|Fairy
|move|p1b: Incineroar|Fake Out|p2b: Gardevoir
|-damage|p2b: Gardevoir|89/100
|cant|p2b: Gardevoir|flinch
|move|p2a: Calyrex|Astral Barrage|p1a: Miraidon|[spread] p1a,p1b
|-resisted|p1b: Incineroar
|-damage|p1a: Miraidon|38/100
|-damage|p1b: Incineroar|74/100
|move|p1a: Miraidon|Electro Drift|p2a: Calyrex
|-damage|p2a: Calyrex|0 fnt
|faint|p2a: Calyrex
|
|upkeep
|
|t:|1750857485
|switch|p2a: Koraidon|Koraidon, L50|100/100
|-weather|SunnyDay|[from] ability: Orichalcum Pulse|[of] p2a: Koraidon
|-activate|p2a: Koraidon|Orichalcum Pulse|[source]
|turn|2
|
|t:|1750857506
|move|p2a: Koraidon|Flare Blitz|p1a: Miraidon
|-damage|p1a: Miraidon|0 fnt
|faint|p1a: Miraidon
|-damage|p2a: Koraidon|88/100|[from] Recoil
|-damage|p2a: Koraidon|78/100|[from] item: Life Orb
|move|p2b: Gardevoir|Moonblast|p1b: Incineroar
|-damage|p1b: Incineroar|44/100
|move|p1b: Incineroar|Parting Shot|p2a: Koraidon
|-unboost|p2a: Koraidon|atk|1
|-unboost|p2a: Koraidon|spa|1
|
|t:|1750857520
|switch|p1b: Calyrex|Calyrex-Ice, L50|100/100|[from] Parting Shot
|-ability|p1b: Calyrex|As One
|-ability|p1b: Calyrex|Unnerve
|
|-weather|SunnyDay|[upkeep]
|upkeep
|
|t:|1750857528
|switch|p1a: Incineroar|Incineroar, L50, F|44/100
|-ability|p1a: Incineroar|Intimidate|boost
|-unboost|p2a: Koraidon|atk|1
|-unboost|p2b: Gardevoir|atk|1
|turn|3
|
|t:|1750857539
|move|p2a: Koraidon|Protect|p2a: Koraidon
|-singleturn|p2a: Koraidon|Protect
|move|p1a: Incineroar|Fake Out|p2a: Koraidon
|-activate|p2a: Koraidon|move: Protect
|move|p2b: Gardevoir|Moonblast|p1a: Incineroar
|-damage|p1a: Incineroar|17/100
|move|p1b: Calyrex|Glacial Lance|p2b: Gardevoir|[spread] p2b
|-activate|p2a: Koraidon|move: Protect
|-damage|p2b: Gardevoir|1/100
|
|-weather|SunnyDay|[upkeep]
|upkeep
|turn|4
|inactive|Liko FWD has 30 seconds left.
|
|t:|1750857565
|move|p2b: Gardevoir|Helping Hand|p2a: Koraidon
|-singleturn|p2a: Koraidon|Helping Hand|[of] p2b: Gardevoir
|move|p2a: Koraidon|Flare Blitz|p1b: Calyrex
|-supereffective|p1b: Calyrex
|-crit|p1b: Calyrex
|-damage|p1b: Calyrex|0 fnt
|faint|p1b: Calyrex
|-damage|p2a: Koraidon|39/100|[from] Recoil
|-damage|p2a: Koraidon|30/100|[from] item: Life Orb
|move|p1a: Incineroar|Parting Shot|p2a: Koraidon
|-unboost|p2a: Koraidon|atk|1
|-unboost|p2a: Koraidon|spa|1
|
|t:|1750857572
|switch|p1a: Raging Bolt|Raging Bolt, L50|100/100|[from] Parting Shot
|-activate|p1a: Raging Bolt|ability: Protosynthesis
|-start|p1a: Raging Bolt|protosynthesisspa
|
|-weather|SunnyDay|[upkeep]
|upkeep
|
|t:|1750857574
|switch|p1b: Incineroar|Incineroar, L50, F|17/100
|-ability|p1b: Incineroar|Intimidate|boost
|-unboost|p2a: Koraidon|atk|1
|-unboost|p2b: Gardevoir|atk|1
|turn|5
|
|t:|1750857582
|switch|p2a: Brute Bonnet|Brute Bonnet, L50|100/100
|-activate|p2a: Brute Bonnet|ability: Protosynthesis
|-start|p2a: Brute Bonnet|protosynthesisdef
|move|p1b: Incineroar|Fake Out|p2b: Gardevoir
|-damage|p2b: Gardevoir|0 fnt
|faint|p2b: Gardevoir
|move|p1a: Raging Bolt|Thunderclap||[still]
|-fail|p1a: Raging Bolt
|
|-weather|SunnyDay|[upkeep]
|-fieldend|move: Electric Terrain
|upkeep
|
|t:|1750857589
|switch|p2b: Koraidon|Koraidon, L50|30/100
|-activate|p2b: Koraidon|ability: Orichalcum Pulse
|turn|6
|c|☆Liko FWD|are you fucking serious rn
|
|t:|1750857607
|move|p2a: Brute Bonnet|Rage Powder|p2a: Brute Bonnet
|-singleturn|p2a: Brute Bonnet|move: Rage Powder
|move|p1a: Raging Bolt|Thunderclap||[still]
|-fail|p1a: Raging Bolt
|move|p2b: Koraidon|Dragon Claw|p1a: Raging Bolt
|-supereffective|p1a: Raging Bolt
|-damage|p1a: Raging Bolt|0 fnt
|faint|p1a: Raging Bolt
|-end|p1a: Raging Bolt|Protosynthesis|[silent]
|-damage|p2b: Koraidon|20/100|[from] item: Life Orb
|move|p1b: Incineroar|Flare Blitz|p2a: Brute Bonnet
|-supereffective|p2a: Brute Bonnet
|-damage|p2a: Brute Bonnet|22/100
|-enditem|p2a: Brute Bonnet|Sitrus Berry|[eat]
|-heal|p2a: Brute Bonnet|47/100|[from] item: Sitrus Berry
|-damage|p1b: Incineroar|0 fnt|[from] Recoil
|faint|p1b: Incineroar
|
|win|Cameronvgc
|raw|Liko FWD's rating: 1156 &rarr; <strong>1128</strong><br />(-28 for losing)
|raw|Cameronvgc's rating: 1110 &rarr; <strong>1138</strong><br />(+28 for winning)
|l|☆Cameronvgc
|player|p2|
|l|☆Liko FWD
|player|p1|
