|j|☆NotNoper
|j|☆Leonihen
|t:|1750710945
|gametype|doubles
|player|p1|NotNoper|doctor|
|player|p2|Leonihen|gentleman-gen4|
|teamsize|p1|6
|teamsize|p2|4
|gen|9
|tier|[Gen 9] VGC 2025 Reg I
|rule|Species Clause: Limit one of each Pokémon
|rule|Item Clause: Limit 1 of each item
|clearpoke
|poke|p1|Miraidon, L50|
|poke|p1|Iron Hands, L50|
|poke|p1|Bellibolt, L50, F|
|poke|p1|Iron Bundle, L50|
|poke|p1|Sableye, L50, M|
|poke|p1|Iron Leaves, L50|
|poke|p2|Maushold-Four, L50|
|poke|p2|Archaludon, L50, M|
|poke|p2|Oranguru, L50, F|
|poke|p2|Kyogre, L50|
|teampreview|4
|inactive|Battle timer is ON: inactive players will automatically lose when time's up. (requested by NotNoper)
|inactive|Leonihen also wants the timer to be on.
|
|t:|1750710957
|start
|switch|p1a: Bellibolt|Bellibolt, L50, F|100/100
|switch|p1b: Sableye|Sableye, L50, M|100/100
|switch|p2a: Maushold|Maushold-Four, L50|100/100
|switch|p2b: Archaludon|Archaludon, L50, M|100/100
|turn|1
|inactive|Leonihen has 30 seconds left.
|c|☆NotNoper|i WoNdEr WhAt YoUr LeAd Is
|
|t:|1750710989
|-terastallize|p2b: Archaludon|Fighting
|move|p2a: Maushold|Follow Me|p2a: Maushold
|-singleturn|p2a: Maushold|move: Follow Me
|move|p1b: Sableye|Skill Swap|p2a: Maushold
|-activate|p1b: Sableye|move: Skill Swap|Friend Guard|Prankster|[of] p2a: Maushold
|move|p2b: Archaludon|Draco Meteor|p1b: Sableye|[miss]
|-miss|p2b: Archaludon|p1b: Sableye
|move|p1a: Bellibolt|Thunder Wave|p2a: Maushold
|-status|p2a: Maushold|par
|
|upkeep
|turn|2
|c|☆Leonihen|...
|
|t:|1750711013
|switch|p1b: Iron Leaves|Iron Leaves, L50|100/100
|move|p2a: Maushold|Follow Me|p2a: Maushold
|-singleturn|p2a: Maushold|move: Follow Me
|move|p2b: Archaludon|Draco Meteor|p1b: Iron Leaves
|-damage|p1b: Iron Leaves|24/100
|-unboost|p2b: Archaludon|spa|2
|move|p1a: Bellibolt|Electric Terrain|p1a: Bellibolt
|-fieldstart|move: Electric Terrain
|-activate|p1b: Iron Leaves|ability: Quark Drive
|-start|p1b: Iron Leaves|quarkdriveatk
|
|upkeep
|turn|3
|inactive|NotNoper has 30 seconds left.
|inactive|Leonihen has 30 seconds left.
|
|t:|1750711039
|switch|p1a: Sableye|Sableye, L50, M|100/100
|move|p1b: Iron Leaves|Psyblade|p2b: Archaludon
|-supereffective|p2b: Archaludon
|-damage|p2b: Archaludon|0 fnt
|faint|p2b: Archaludon
|-damage|p1b: Iron Leaves|14/100|[from] item: Life Orb
|move|p2a: Maushold|Population Bomb|p2: Archaludon|[notarget]
|-fail|p2a: Maushold
|
|upkeep
|
|t:|1750711055
|switch|p2b: Oranguru|Oranguru, L50, F|100/100
|turn|4
|
|t:|1750711071
|-end|p1b: Iron Leaves|Quark Drive|[silent]
|switch|p1b: Bellibolt|Bellibolt, L50, F|100/100
|cant|p2a: Maushold|par
|move|p1a: Sableye|Skill Swap|p1b: Bellibolt
|-activate|p1a: Sableye|move: Skill Swap|||[of] p1b: Bellibolt
|move|p2b: Oranguru|Trick Room|p2b: Oranguru
|-fieldstart|move: Trick Room|[of] p2b: Oranguru
|
|upkeep
|turn|5
|inactive|NotNoper has 30 seconds left.
|inactive|Leonihen has 30 seconds left.
|
|t:|1750711106
|move|p1b: Bellibolt|Thunder Wave|p2a: Maushold
|-fail|p2a: Maushold|par
|move|p1a: Sableye|Encore|p2b: Oranguru
|-start|p2b: Oranguru|Encore
|-enditem|p2b: Oranguru|Mental Herb
|-end|p2b: Oranguru|Encore
|move|p2b: Oranguru|Taunt|p1b: Bellibolt
|-start|p1b: Bellibolt|move: Taunt
|move|p2a: Maushold|Beat Up|p1a: Sableye
|-damage|p1a: Sableye|98/100
|-damage|p1a: Sableye|96/100
|-crit|p1a: Sableye
|-damage|p1a: Sableye|91/100
|-hitcount|p1a: Sableye|3
|-enditem|p1a: Sableye|Eject Button
|
|t:|1750711118
|switch|p1a: Miraidon|Miraidon, L50|100/100
|-activate|p1a: Miraidon|ability: Hadron Engine
|
|upkeep
|turn|6
|c|☆NotNoper|hmmm
|
|t:|1750711133
|switch|p2b: Kyogre|Kyogre, L50|100/100
|-weather|RainDance|[from] ability: Drizzle|[of] p2b: Kyogre
|switch|p1a: Sableye|Sableye, L50, M|91/100
|move|p2a: Maushold|Follow Me|p2a: Maushold
|-singleturn|p2a: Maushold|move: Follow Me
|-activate|p1b: Bellibolt|move: Struggle
|move|p1b: Bellibolt|Struggle|p2a: Maushold
|-damage|p2a: Maushold|93/100 par
|-damage|p1b: Bellibolt|75/100|[from] recoil
|
|-weather|RainDance|[upkeep]
|-fieldend|move: Electric Terrain
|upkeep
|turn|7
|c|☆Leonihen|struggle
|c|☆Leonihen|thats crazy
|
|t:|1750711155
|cant|p2a: Maushold|par
|move|p1a: Sableye|Thunder Wave|p2b: Kyogre|[miss]
|-miss|p1a: Sableye|p2b: Kyogre
|-activate|p1b: Bellibolt|move: Struggle
|move|p1b: Bellibolt|Struggle|p2b: Kyogre
|-damage|p2b: Kyogre|95/100
|-damage|p1b: Bellibolt|50/100|[from] recoil
|-enditem|p1b: Bellibolt|Sitrus Berry|[eat]
|-heal|p1b: Bellibolt|75/100|[from] item: Sitrus Berry
|move|p2b: Kyogre|Water Spout|p1a: Sableye|[spread] p1a,p1b
|-damage|p1a: Sableye|0 fnt
|-damage|p1b: Bellibolt|0 fnt
|faint|p1a: Sableye
|faint|p1b: Bellibolt
|
|-weather|RainDance|[upkeep]
|upkeep
|
|t:|1750711170
|switch|p1a: Miraidon|Miraidon, L50|100/100
|switch|p1b: Iron Leaves|Iron Leaves, L50|14/100
|-fieldstart|move: Electric Terrain|[from] ability: Hadron Engine|[of] p1a: Miraidon
|-activate|p1b: Iron Leaves|ability: Quark Drive
|-start|p1b: Iron Leaves|quarkdriveatk
|turn|8
|c|☆Leonihen|no way...
|c|☆NotNoper|ya know
|c|☆NotNoper|pokemon is very luck based
|c|☆NotNoper|u got the
|c|☆NotNoper|the
|c|☆NotNoper|the
|c|☆NotNoper|luck
|c|☆NotNoper|ya know?
|c|☆NotNoper|its very
|c|☆NotNoper|chance
|inactive|NotNoper has 30 seconds left.
|inactive|NotNoper no longer wants the timer on, but the timer is staying on because leonihen still does.
|inactive|NotNoper has 20 seconds left.
|inactive|NotNoper has 15 seconds left.
|
|t:|1750711214
|-terastallize|p1a: Miraidon|Electric
|move|p2a: Maushold|Follow Me|p2a: Maushold
|-singleturn|p2a: Maushold|move: Follow Me
|move|p2b: Kyogre|Ice Beam|p1a: Miraidon
|-damage|p1a: Miraidon|68/100
|-status|p1a: Miraidon|frz
|move|p1b: Iron Leaves|Leaf Blade|p2a: Maushold
|-crit|p2a: Maushold
|-damage|p2a: Maushold|0 fnt
|faint|p2a: Maushold
|-damage|p1b: Iron Leaves|5/100|[from] item: Life Orb
|cant|p1a: Miraidon|frz
|
|-weather|RainDance|[upkeep]
|-fieldend|move: Trick Room
|upkeep
|c|☆Leonihen|L
|
|t:|1750711228
|switch|p2a: Oranguru|Oranguru, L50, F|100/100
|turn|9
|
|t:|1750711238
|move|p2b: Kyogre|Protect|p2b: Kyogre
|-singleturn|p2b: Kyogre|Protect
|cant|p1a: Miraidon|frz
|move|p1b: Iron Leaves|Leaf Blade|p2b: Kyogre
|-activate|p2b: Kyogre|move: Protect
|move|p2a: Oranguru|Trick Room|p2a: Oranguru
|-fieldstart|move: Trick Room|[of] p2a: Oranguru
|
|-weather|RainDance|[upkeep]
|upkeep
|turn|10
|
|t:|1750711253
|move|p2a: Oranguru|Instruct|p2b: Kyogre
|-singleturn|p2b: Kyogre|move: Instruct|[of] p2a: Oranguru
|move|p2b: Kyogre|Protect||[still]
|-fail|p2b: Kyogre
|move|p2b: Kyogre|Water Spout|p1a: Miraidon|[spread] p1a,p1b
|-crit|p1a: Miraidon
|-resisted|p1b: Iron Leaves
|-damage|p1a: Miraidon|0 fnt
|-damage|p1b: Iron Leaves|0 fnt
|faint|p1a: Miraidon
|faint|p1b: Iron Leaves
|-end|p1b: Iron Leaves|Quark Drive|[silent]
|
|win|Leonihen
|l|☆NotNoper
|player|p1|
|c|☆Leonihen|...
