|j|☆Wishmkroro
|j|☆THE_GREASY_SACK
|t:|1750731612
|gametype|doubles
|player|p1|Wishmkroro|caitlin|1193
|player|p2|THE_GREASY_SACK|aromalady|1241
|teamsize|p1|6
|teamsize|p2|6
|gen|9
|tier|[Gen 9] VGC 2025 Reg I
|rated|
|rule|Species Clause: Limit one of each Pokémon
|rule|Item Clause: Limit 1 of each item
|clearpoke
|poke|p1|Calyrex-Ice, L50|
|poke|p1|Smeargle, L50, M|
|poke|p1|Indeedee, L50, M|
|poke|p1|Gastrodon, L50, M|
|poke|p1|Dialga-Origin, L50|
|poke|p1|Skeledirge, L50, F|
|poke|p2|Eternatus, L50|
|poke|p2|Calyrex-Ice, L50|
|poke|p2|Grimmsnarl, L50, M|
|poke|p2|Incineroar, L50, M|
|poke|p2|Salazzle, L50, F|
|poke|p2|Regirock, L50|
|teampreview|4
|inactive|Battle timer is ON: inactive players will automatically lose when time's up. (requested by THE_GREASY_SACK)
THE_GREASY_SACK rejected open team sheets.
|inactive|Wishmkroro has 60 seconds left.
|inactive|THE_GREASY_SACK has 60 seconds left.
|
|t:|1750731653
|start
|switch|p1a: Calyrex|Calyrex-Ice, L50|100/100
|switch|p1b: Indeedee|Indeedee, L50, M|100/100
|switch|p2a: Salazzle|Salazzle, L50, F|100/100
|switch|p2b: UIIUIUIUIUIIU|Regirock, L50|100/100
|-ability|p1a: Calyrex|As One
|-ability|p1a: Calyrex|Unnerve
|-fieldstart|move: Psychic Terrain|[from] ability: Psychic Surge|[of] p1b: Indeedee
|turn|1
|inactive|Wishmkroro has 30 seconds left.
|
|t:|1750731686
|move|p1a: Calyrex|Protect|p1a: Calyrex
|-singleturn|p1a: Calyrex|Protect
|move|p2a: Salazzle|Poison Gas|p1b: Indeedee|[spread] p1b
|-activate|p1a: Calyrex|move: Protect
|-status|p1b: Indeedee|psn
|move|p2b: UIIUIUIUIUIIU|Iron Defense|p2b: UIIUIUIUIUIIU
|-boost|p2b: UIIUIUIUIUIIU|def|2
|move|p1b: Indeedee|Trick Room|p1b: Indeedee
|-fieldstart|move: Trick Room|[of] p1b: Indeedee
|
|-damage|p1b: Indeedee|88/100 psn|[from] psn
|upkeep
|turn|2
|
|t:|1750731707
|switch|p1b: Dialga|Dialga-Origin, L50, shiny|100/100
|-ability|p1b: Dialga|Pressure
|move|p2a: Salazzle|Protect|p2a: Salazzle
|-singleturn|p2a: Salazzle|Protect
|move|p2b: UIIUIUIUIUIIU|Body Press|p1b: Dialga
|-supereffective|p1b: Dialga
|-damage|p1b: Dialga|0 fnt
|faint|p1b: Dialga
|move|p1a: Calyrex|High Horsepower|p2a: Salazzle
|-activate|p2a: Salazzle|move: Protect
|
|upkeep
|
|t:|1750731722
|switch|p1b: Skeledirge|Skeledirge, L50, F, shiny|100/100
|turn|3
|
|t:|1750731742
|-terastallize|p2b: UIIUIUIUIUIIU|Water
|move|p2b: UIIUIUIUIUIIU|Sand Tomb|p1b: Skeledirge
|-supereffective|p1b: Skeledirge
|-damage|p1b: Skeledirge|86/100
|-activate|p1b: Skeledirge|move: Sand Tomb|[of] p2b: UIIUIUIUIUIIU
|move|p1a: Calyrex|High Horsepower|p2a: Salazzle
|-supereffective|p2a: Salazzle
|-enditem|p2a: Salazzle|Focus Sash
|-damage|p2a: Salazzle|1/100
|move|p1b: Skeledirge|Torch Song|p2a: Salazzle
|-resisted|p2a: Salazzle
|-damage|p2a: Salazzle|0 fnt
|-boost|p1b: Skeledirge|spa|1
|faint|p2a: Salazzle
|
|-damage|p1b: Skeledirge|74/100|[from] move: Sand Tomb|[partiallytrapped]
|upkeep
|
|t:|1750731758
|switch|p2a: Calyrex|Calyrex-Ice, L50|100/100
|-ability|p2a: Calyrex|As One
|-ability|p2a: Calyrex|Unnerve
|turn|4
|inactive|THE_GREASY_SACK has 30 seconds left.
|
|t:|1750731787
|move|p1a: Calyrex|Protect|p1a: Calyrex
|-singleturn|p1a: Calyrex|Protect
|move|p2a: Calyrex|Protect|p2a: Calyrex
|-singleturn|p2a: Calyrex|Protect
|move|p2b: UIIUIUIUIUIIU|Sand Tomb|p1b: Skeledirge
|-supereffective|p1b: Skeledirge
|-damage|p1b: Skeledirge|60/100
|move|p1b: Skeledirge|Torch Song|p2a: Calyrex
|-activate|p2a: Calyrex|move: Protect
|
|-damage|p1b: Skeledirge|47/100|[from] move: Sand Tomb|[partiallytrapped]
|upkeep
|turn|5
|inactive|THE_GREASY_SACK has 30 seconds left.
|inactive|THE_GREASY_SACK has 20 seconds left.
|
|t:|1750731823
|move|p1a: Calyrex|Glacial Lance|p2a: Calyrex|[spread] p2a,p2b
|-resisted|p2a: Calyrex
|-resisted|p2b: UIIUIUIUIUIIU
|-damage|p2a: Calyrex|85/100
|-damage|p2b: UIIUIUIUIUIIU|94/100
|move|p2b: UIIUIUIUIUIIU|Iron Defense|p2b: UIIUIUIUIUIIU
|-boost|p2b: UIIUIUIUIUIIU|def|2
|move|p1b: Skeledirge|Slack Off|p1b: Skeledirge
|-heal|p1b: Skeledirge|97/100
|move|p2a: Calyrex|Leech Seed|p1b: Skeledirge
|-start|p1b: Skeledirge|move: Leech Seed
|
|-heal|p2a: Calyrex|90/100|[from] item: Leftovers
|-damage|p1b: Skeledirge|85/100|[from] Leech Seed|[of] p2a: Calyrex
|-heal|p2a: Calyrex|100/100|[silent]
|-damage|p1b: Skeledirge|72/100|[from] move: Sand Tomb|[partiallytrapped]
|-fieldend|move: Trick Room
|-fieldend|move: Psychic Terrain
|upkeep
|turn|6
|inactive|Wishmkroro has 30 seconds left.
|inactive|THE_GREASY_SACK has 30 seconds left.
|
|t:|1750731854
|move|p2a: Calyrex|Leech Seed|p1a: Calyrex
|-start|p1a: Calyrex|move: Leech Seed
|move|p1b: Skeledirge|Earth Power|p2b: UIIUIUIUIUIIU
|-damage|p2b: UIIUIUIUIUIIU|50/100
|move|p2b: UIIUIUIUIUIIU|Sand Tomb|p1a: Calyrex
|-damage|p1a: Calyrex|95/100
|-activate|p1a: Calyrex|move: Sand Tomb|[of] p2b: UIIUIUIUIUIIU
|move|p1a: Calyrex|Trick Room|p1a: Calyrex
|-fieldstart|move: Trick Room|[of] p1a: Calyrex
|
|-damage|p1a: Calyrex|83/100|[from] Leech Seed|[of] p2a: Calyrex
|-damage|p1b: Skeledirge|60/100|[from] Leech Seed|[of] p2a: Calyrex
|-damage|p1a: Calyrex|71/100|[from] move: Sand Tomb|[partiallytrapped]
|-damage|p1b: Skeledirge|48/100|[from] move: Sand Tomb|[partiallytrapped]
|upkeep
|turn|7
|inactive|Wishmkroro has 30 seconds left.
|inactive|THE_GREASY_SACK has 30 seconds left.
|
|t:|1750731886
|move|p1a: Calyrex|High Horsepower|p2a: Calyrex
|-damage|p2a: Calyrex|77/100
|move|p2b: UIIUIUIUIUIIU|Rest|p2b: UIIUIUIUIUIIU
|-status|p2b: UIIUIUIUIUIIU|slp|[from] move: Rest
|-heal|p2b: UIIUIUIUIUIIU|100/100 slp|[silent]
|move|p1b: Skeledirge|Earth Power|p2b: UIIUIUIUIUIIU
|-damage|p2b: UIIUIUIUIUIIU|60/100 slp
|move|p2a: Calyrex|Glacial Lance|p1a: Calyrex|[spread] p1a,p1b
|-resisted|p1a: Calyrex
|-resisted|p1b: Skeledirge
|-damage|p1a: Calyrex|57/100
|-damage|p1b: Skeledirge|27/100
|
|-heal|p2a: Calyrex|83/100|[from] item: Leftovers
|-damage|p1a: Calyrex|45/100|[from] Leech Seed|[of] p2a: Calyrex
|-heal|p2a: Calyrex|95/100|[silent]
|-damage|p1b: Skeledirge|15/100|[from] Leech Seed|[of] p2a: Calyrex
|-heal|p2a: Calyrex|100/100|[silent]
|-damage|p1a: Calyrex|33/100|[from] move: Sand Tomb|[partiallytrapped]
|-end|p1b: Skeledirge|Sand Tomb|[partiallytrapped]
|upkeep
|turn|8
|inactive|Wishmkroro has 30 seconds left.
|inactive|THE_GREASY_SACK has 30 seconds left.
|inactive|Wishmkroro has 20 seconds left.
|inactive|THE_GREASY_SACK has 20 seconds left.
|
|t:|1750731925
|move|p1a: Calyrex|Glacial Lance|p2b: UIIUIUIUIUIIU|[spread] p2a,p2b
|-resisted|p2a: Calyrex
|-crit|p2a: Calyrex
|-resisted|p2b: UIIUIUIUIUIIU
|-damage|p2a: Calyrex|78/100
|-damage|p2b: UIIUIUIUIUIIU|56/100 slp
|cant|p2b: UIIUIUIUIUIIU|slp
|move|p1b: Skeledirge|Slack Off|p1b: Skeledirge
|-heal|p1b: Skeledirge|65/100
|move|p2a: Calyrex|Iron Defense|p2a: Calyrex
|-boost|p2a: Calyrex|def|2
|
|-heal|p2a: Calyrex|84/100|[from] item: Leftovers
|-damage|p1a: Calyrex|20/100|[from] Leech Seed|[of] p2a: Calyrex
|-heal|p2a: Calyrex|96/100|[silent]
|-damage|p1b: Skeledirge|52/100|[from] Leech Seed|[of] p2a: Calyrex
|-heal|p2a: Calyrex|100/100|[silent]
|-damage|p1a: Calyrex|8/100|[from] move: Sand Tomb|[partiallytrapped]
|upkeep
|turn|9
|
|t:|1750731946
|move|p1a: Calyrex|Glacial Lance|p2b: UIIUIUIUIUIIU|[spread] p2a,p2b
|-resisted|p2a: Calyrex
|-resisted|p2b: UIIUIUIUIUIIU
|-damage|p2a: Calyrex|93/100
|-damage|p2b: UIIUIUIUIUIIU|51/100 slp
|cant|p2b: UIIUIUIUIUIIU|slp
|move|p1b: Skeledirge|Torch Song|p2a: Calyrex
|-supereffective|p2a: Calyrex
|-damage|p2a: Calyrex|14/100
|-boost|p1b: Skeledirge|spa|1
|move|p2a: Calyrex|Glacial Lance|p1a: Calyrex|[spread] p1a,p1b
|-resisted|p1a: Calyrex
|-resisted|p1b: Skeledirge
|-crit|p1b: Skeledirge
|-damage|p1a: Calyrex|0 fnt
|-damage|p1b: Skeledirge|22/100
|-enditem|p2b: UIIUIUIUIUIIU|Chesto Berry|[eat]
|-curestatus|p2b: UIIUIUIUIUIIU|slp|[msg]
|faint|p1a: Calyrex
|-ability|p2a: Calyrex|Chilling Neigh|boost
|-boost|p2a: Calyrex|atk|1
|
|-heal|p2a: Calyrex|20/100|[from] item: Leftovers
|-damage|p1b: Skeledirge|10/100|[from] Leech Seed|[of] p2a: Calyrex
|-heal|p2a: Calyrex|32/100|[silent]
|upkeep
|
|t:|1750731968
|switch|p1a: Indeedee|Indeedee, L50, M|88/100 psn
|-fieldstart|move: Psychic Terrain|[from] ability: Psychic Surge|[of] p1a: Indeedee
|turn|10
|
|t:|1750731978
|move|p2a: Calyrex|Protect|p2a: Calyrex
|-singleturn|p2a: Calyrex|Protect
|move|p2b: UIIUIUIUIUIIU|Body Press|p1a: Indeedee
|-damage|p1a: Indeedee|0 fnt
|faint|p1a: Indeedee
|move|p1b: Skeledirge|Slack Off|p1b: Skeledirge
|-heal|p1b: Skeledirge|60/100
|
|-heal|p2a: Calyrex|38/100|[from] item: Leftovers
|-damage|p1b: Skeledirge|48/100|[from] Leech Seed|[of] p2a: Calyrex
|-heal|p2a: Calyrex|51/100|[silent]
|-fieldend|move: Trick Room
|upkeep
|turn|11
|
|t:|1750731992
|move|p2a: Calyrex|Glacial Lance|p1b: Skeledirge
|-resisted|p1b: Skeledirge
|-damage|p1b: Skeledirge|19/100
|move|p1b: Skeledirge|Torch Song|p2a: Calyrex
|-supereffective|p2a: Calyrex
|-damage|p2a: Calyrex|0 fnt
|-boost|p1b: Skeledirge|spa|1
|faint|p2a: Calyrex
|move|p2b: UIIUIUIUIUIIU|Sand Tomb|p1b: Skeledirge|[miss]
|-miss|p2b: UIIUIUIUIUIIU|p1b: Skeledirge
|
|upkeep
|
|t:|1750732003
|switch|p2a: Eternatus|Eternatus, L50|100/100
|-ability|p2a: Eternatus|Pressure
|turn|12
|c|☆THE_GREASY_SACK|u die now
|
|t:|1750732018
|move|p2a: Eternatus|Fire Spin|p1b: Skeledirge
|-resisted|p1b: Skeledirge
|-damage|p1b: Skeledirge|13/100
|-activate|p1b: Skeledirge|move: Fire Spin|[of] p2a: Eternatus
|move|p1b: Skeledirge|Slack Off|p1b: Skeledirge
|-heal|p1b: Skeledirge|63/100
|move|p2b: UIIUIUIUIUIIU|Sand Tomb|p1b: Skeledirge|[miss]
|-miss|p2b: UIIUIUIUIUIIU|p1b: Skeledirge
|
|-damage|p1b: Skeledirge|50/100|[from] Leech Seed|[of] p2a: Eternatus
|-damage|p1b: Skeledirge|34/100|[from] move: Fire Spin|[partiallytrapped]
|upkeep
|turn|13
|
|t:|1750732034
|move|p2a: Eternatus|Cosmic Power|p2a: Eternatus
|-boost|p2a: Eternatus|def|1
|-boost|p2a: Eternatus|spd|1
|move|p1b: Skeledirge|Earth Power|p2a: Eternatus
|-supereffective|p2a: Eternatus
|-damage|p2a: Eternatus|0 fnt
|faint|p2a: Eternatus
|move|p2b: UIIUIUIUIUIIU|Sand Tomb|p1b: Skeledirge
|-supereffective|p1b: Skeledirge
|-damage|p1b: Skeledirge|19/100
|
|-end|p1b: Skeledirge|Fire Spin|[partiallytrapped]|[silent]
|upkeep
|turn|14
|
|t:|1750732048
|move|p1b: Skeledirge|Slack Off|p1b: Skeledirge
|-heal|p1b: Skeledirge|69/100
|move|p2b: UIIUIUIUIUIIU|Sand Tomb|p1b: Skeledirge
|-supereffective|p1b: Skeledirge
|-damage|p1b: Skeledirge|54/100
|-activate|p1b: Skeledirge|move: Sand Tomb|[of] p2b: UIIUIUIUIUIIU
|
|-damage|p1b: Skeledirge|42/100|[from] move: Sand Tomb|[partiallytrapped]
|-fieldend|move: Psychic Terrain
|upkeep
|turn|15
|
|t:|1750732059
|move|p1b: Skeledirge|Earth Power|p2b: UIIUIUIUIUIIU
|-damage|p2b: UIIUIUIUIUIIU|0 fnt
|faint|p2b: UIIUIUIUIUIIU
|
|win|Wishmkroro
|raw|Wishmkroro's rating: 1193 &rarr; <strong>1221</strong><br />(+28 for winning)
|raw|THE_GREASY_SACK's rating: 1241 &rarr; <strong>1213</strong><br />(-28 for losing)
|c|☆THE_GREASY_SACK|i die now
|l|☆THE_GREASY_SACK
|player|p2|
|l|☆Wishmkroro
|player|p1|
