|j|☆LaMaR4417
|j|☆calvinbradford
|t:|1750722175
|gametype|doubles
|player|p1|LaMaR4417|266|1108
|player|p2|calvinbradford|pokemaniac|1190
|teamsize|p1|6
|teamsize|p2|6
|gen|9
|tier|[Gen 9] VGC 2025 Reg I
|rated|
|rule|Species Clause: Limit one of each Pokémon
|rule|Item Clause: Limit 1 of each item
|clearpoke
|poke|p1|Rampardos, L50, F|
|poke|p1|Tornadus, L50, M|
|poke|p1|Rayquaza, L50|
|poke|p1|Zamazenta-*, L50|
|poke|p1|Grimmsnarl, L50, M|
|poke|p1|Chien-Pao, L50|
|poke|p2|Kyogre, L50|
|poke|p2|Incineroar, L50, F|
|poke|p2|Calyrex-Ice, L50|
|poke|p2|Iron Hands, L50|
|poke|p2|Chien-Pao, L50|
|poke|p2|Whimsicott, L50, M|
|teampreview|4
|inactive|Battle timer is ON: inactive players will automatically lose when time's up. (requested by LaMaR4417)
|inactive|LaMaR4417 has 60 seconds left.
|inactive|LaMaR4417 has 30 seconds left.
|inactive|LaMaR4417 has 20 seconds left.
|inactive|LaMaR4417 has 15 seconds left.
|
|t:|1750722253
|start
|switch|p1a: Tornadus|Tornadus, L50, M|100/100
|switch|p1b: Grimmsnarl|Grimmsnarl, L50, M|100/100
|switch|p2a: Kyogre|Kyogre, L50|100/100
|switch|p2b: Incineroar|Incineroar, L50, F|100/100
|-weather|RainDance|[from] ability: Drizzle|[of] p2a: Kyogre
|-ability|p2b: Incineroar|Intimidate|boost
|-unboost|p1a: Tornadus|atk|1
|-unboost|p1b: Grimmsnarl|atk|1
|turn|1
|
|t:|1750722266
|move|p1a: Tornadus|Protect|p1a: Tornadus
|-singleturn|p1a: Tornadus|Protect
|move|p2b: Incineroar|Fake Out|p1a: Tornadus
|-activate|p1a: Tornadus|move: Protect
|move|p1b: Grimmsnarl|Light Screen|p1b: Grimmsnarl
|-sidestart|p1: LaMaR4417|move: Light Screen
|move|p2a: Kyogre|Water Spout|p1a: Tornadus|[spread] p1b
|-activate|p1a: Tornadus|move: Protect
|-damage|p1b: Grimmsnarl|37/100
|
|-weather|RainDance|[upkeep]
|upkeep
|turn|2
|inactive|LaMaR4417 has 30 seconds left.
|
|t:|1750722292
|-terastallize|p2a: Kyogre|Grass
|move|p1a: Tornadus|Tailwind|p1a: Tornadus
|-sidestart|p1: LaMaR4417|move: Tailwind
|move|p1b: Grimmsnarl|Thunder Wave|p2a: Kyogre
|-status|p2a: Kyogre|par
|move|p2b: Incineroar|U-turn|p1b: Grimmsnarl
|-damage|p1b: Grimmsnarl|15/100
|
|t:|1750722301
|switch|p2b: Calyrex|Calyrex-Ice, L50|100/100|[from] U-turn
|-ability|p2b: Calyrex|As One
|-ability|p2b: Calyrex|Unnerve
|move|p2a: Kyogre|Water Spout|p1a: Tornadus|[spread] p1a,p1b
|-damage|p1a: Tornadus|27/100
|-damage|p1b: Grimmsnarl|0 fnt
|faint|p1b: Grimmsnarl
|
|-weather|RainDance|[upkeep]
|upkeep
|
|t:|1750722312
|switch|p1b: Rampardos|Rampardos, L50, F|100/100
|turn|3
|
|t:|1750722323
|move|p1a: Tornadus|Leer|p2b: Calyrex|[spread] p2a,p2b
|-unboost|p2a: Kyogre|def|1
|-fail|p2b: Calyrex|unboost|[from] item: Clear Amulet|[of] p2b: Calyrex
|move|p1b: Rampardos|Head Smash|p2b: Calyrex|[miss]
|-miss|p1b: Rampardos|p2b: Calyrex
|move|p2a: Kyogre|Water Spout|p1b: Rampardos|[spread] p1a,p1b
|-supereffective|p1b: Rampardos
|-damage|p1a: Tornadus|0 fnt
|-damage|p1b: Rampardos|0 fnt
|faint|p1a: Tornadus
|faint|p1b: Rampardos
|move|p2b: Calyrex|Trick Room|p2b: Calyrex
|-fieldstart|move: Trick Room|[of] p2b: Calyrex
|
|-weather|RainDance|[upkeep]
|upkeep
|c|☆LaMaR4417|lol
|c|☆LaMaR4417|GG
|
|t:|1750722336
|switch|p1a: Rayquaza|Rayquaza, L50|100/100
|-ability|p1a: Rayquaza|Air Lock
|turn|4
|l|☆LaMaR4417
|inactive|LaMaR4417 disconnected and has a minute to reconnect!
|player|p1|
|
|t:|1750722345
|move|p1a: Rayquaza|Protect|p1a: Rayquaza
|-singleturn|p1a: Rayquaza|Protect
|move|p2b: Calyrex|Glacial Lance|p1a: Rayquaza
|-activate|p1a: Rayquaza|move: Protect
|move|p2a: Kyogre|Thunder|p1a: Rayquaza
|-activate|p1a: Rayquaza|move: Protect
|
|-weather|RainDance|[upkeep]
|upkeep
|turn|5
|inactive|LaMaR4417 has 30 seconds left.
|inactive|LaMaR4417 has 20 seconds left.
|inactive|LaMaR4417 has 15 seconds left.
|inactive|LaMaR4417 has 10 seconds left.
|inactive|LaMaR4417 has 5 seconds left.
|-message|LaMaR4417 lost due to inactivity.
|
|win|calvinbradford
|raw|LaMaR4417's rating: 1108 &rarr; <strong>1089</strong><br />(-19 for losing)
|raw|calvinbradford's rating: 1190 &rarr; <strong>1209</strong><br />(+19 for winning)
