|j|☆Pietplezier7
|j|☆peasantbread
|t:|1750864842
|gametype|doubles
|player|p1|Pietplezier7|grimsley-gen7|1496
|player|p2|peasantbread|170|1464
|teamsize|p1|6
|teamsize|p2|6
|gen|9
|tier|[Gen 9] VGC 2025 Reg I
|rated|
|rule|Species Clause: Limit one of each Pokémon
|rule|Item Clause: Limit 1 of each item
|clearpoke
|poke|p1|Calyrex-Ice, L50|
|poke|p1|Reshiram, L50|
|poke|p1|Grimmsnarl, L50, M|
|poke|p1|Rillaboom, L50, M|
|poke|p1|Urshifu-*, L50, M|
|poke|p1|Incineroar, L50, F|
|poke|p2|Calyrex-Ice, L50|
|poke|p2|Kyogre, L50|
|poke|p2|Grimmsnarl, L50, M|
|poke|p2|Amoonguss, L50, M|
|poke|p2|Rillaboom, L50, M|
|poke|p2|Comfey, L50, M|
|teampreview|4
|inactive|Battle timer is ON: inactive players will automatically lose when time's up. (requested by Pietplezier7)
|inactive|Pietplezier7 has 60 seconds left.
|inactive|peasantbread has 60 seconds left.
|
|t:|1750864884
|start
|switch|p1a: Calyrex|Calyrex-Ice, L50|100/100
|switch|p1b: Rillaboom|Rillaboom, L50, M|100/100
|switch|p2a: Calyrex|Calyrex-Ice, L50|100/100
|switch|p2b: Grimmsnarl|Grimmsnarl, L50, M|100/100
|-ability|p2a: Calyrex|As One
|-ability|p2a: Calyrex|Unnerve
|-ability|p1a: Calyrex|As One
|-ability|p1a: Calyrex|Unnerve
|-fieldstart|move: Grassy Terrain|[from] ability: Grassy Surge|[of] p1b: Rillaboom
|turn|1
|
|t:|1750864903
|move|p1b: Rillaboom|Fake Out|p2a: Calyrex
|-damage|p2a: Calyrex|93/100
|move|p2b: Grimmsnarl|Reflect|p2b: Grimmsnarl
|-sidestart|p2: peasantbread|Reflect
|move|p1a: Calyrex|Leech Seed|p2a: Calyrex|[miss]
|-miss|p1a: Calyrex|p2a: Calyrex
|cant|p2a: Calyrex|flinch
|
|-heal|p2a: Calyrex|99/100|[from] Grassy Terrain
|-heal|p2a: Calyrex|100/100|[from] item: Leftovers
|upkeep
|turn|2
|inactive|peasantbread has 30 seconds left.
|
|t:|1750864934
|move|p2b: Grimmsnarl|Parting Shot|p1a: Calyrex
|-unboost|p1a: Calyrex|atk|1
|-unboost|p1a: Calyrex|spa|1
|
|t:|1750864938
|switch|p2b: Amoonguss|Amoonguss, L50, M|100/100|[from] Parting Shot
|move|p1b: Rillaboom|U-turn|p2a: Calyrex
|-supereffective|p2a: Calyrex
|-damage|p2a: Calyrex|81/100
|
|t:|1750864944
|switch|p1b: Reshiram|Reshiram, L50|100/100|[from] U-turn
|-ability|p1b: Reshiram|Turboblaze
|move|p1a: Calyrex|Leech Seed|p2a: Calyrex
|-start|p2a: Calyrex|move: Leech Seed
|move|p2a: Calyrex|Trick Room|p2a: Calyrex
|-fieldstart|move: Trick Room|[of] p2a: Calyrex
|
|-heal|p2a: Calyrex|87/100|[from] Grassy Terrain
|-heal|p2a: Calyrex|93/100|[from] item: Leftovers
|-damage|p2a: Calyrex|81/100|[from] Leech Seed|[of] p1a: Calyrex
|upkeep
|turn|3
|inactive|peasantbread has 30 seconds left.
|inactive|peasantbread has 20 seconds left.
|inactive|peasantbread has 15 seconds left.
|inactive|peasantbread has 10 seconds left.
|inactive|peasantbread has 5 seconds left.
|
|t:|1750864997
|switch|p2a: Kyogre|Kyogre, L50|100/100
|-weather|RainDance|[from] ability: Drizzle|[of] p2a: Kyogre
|move|p2b: Amoonguss|Spore|p1b: Reshiram
|-status|p1b: Reshiram|slp|[from] move: Spore
|move|p1a: Calyrex|Glacial Lance|p2b: Amoonguss|[spread] p2a,p2b
|-resisted|p2a: Kyogre
|-supereffective|p2b: Amoonguss
|-damage|p2a: Kyogre|90/100
|-damage|p2b: Amoonguss|64/100
|cant|p1b: Reshiram|slp
|
|-weather|RainDance|[upkeep]
|-heal|p2b: Amoonguss|70/100|[from] Grassy Terrain
|-heal|p2a: Kyogre|96/100|[from] Grassy Terrain
|upkeep
|turn|4
|
|t:|1750865018
|switch|p1a: Rillaboom|Rillaboom, L50, M|100/100
|move|p2b: Amoonguss|Spore|p1a: Rillaboom
|-immune|p1a: Rillaboom
|move|p2a: Kyogre|Water Spout|p1a: Rillaboom|[spread] p1a,p1b
|-resisted|p1a: Rillaboom
|-damage|p1a: Rillaboom|66/100
|-damage|p1b: Reshiram|20/100 slp
|cant|p1b: Reshiram|slp
|
|-weather|RainDance|[upkeep]
|-heal|p2b: Amoonguss|75/100|[from] Grassy Terrain
|-heal|p2a: Kyogre|100/100|[from] Grassy Terrain
|-heal|p1b: Reshiram|26/100 slp|[from] Grassy Terrain
|-heal|p1a: Rillaboom|71/100|[from] Grassy Terrain
|upkeep
|turn|5
|inactive|Pietplezier7 has 30 seconds left.
|
|t:|1750865045
|switch|p2b: Calyrex|Calyrex-Ice, L50|81/100
|-ability|p2b: Calyrex|As One
|-ability|p2b: Calyrex|Unnerve
|move|p2a: Kyogre|Protect|p2a: Kyogre
|-singleturn|p2a: Kyogre|Protect
|move|p1a: Rillaboom|Fake Out|p2a: Kyogre
|-activate|p2a: Kyogre|move: Protect
|cant|p1b: Reshiram|slp
|
|-weather|RainDance|[upkeep]
|-heal|p2b: Calyrex|86/100|[from] Grassy Terrain
|-heal|p2b: Calyrex|92/100|[from] item: Leftovers
|-heal|p1b: Reshiram|32/100 slp|[from] Grassy Terrain
|-heal|p1a: Rillaboom|77/100|[from] Grassy Terrain
|-fieldend|move: Grassy Terrain
|upkeep
|turn|6
|inactive|Pietplezier7 has 30 seconds left.
|inactive|peasantbread has 30 seconds left.
|
|t:|1750865072
|switch|p2a: Amoonguss|Amoonguss, L50, M|100/100
|-curestatus|p1b: Reshiram|slp|[msg]
|move|p1b: Reshiram|Protect|p1b: Reshiram
|-singleturn|p1b: Reshiram|Protect
|move|p2b: Calyrex|Glacial Lance|p1b: Reshiram|[spread] p1a
|-activate|p1b: Reshiram|move: Protect
|-supereffective|p1a: Rillaboom
|-damage|p1a: Rillaboom|0 fnt
|faint|p1a: Rillaboom
|-ability|p2b: Calyrex|Chilling Neigh|boost
|-boost|p2b: Calyrex|atk|1
|
|-weather|RainDance|[upkeep]
|-heal|p2b: Calyrex|98/100|[from] item: Leftovers
|-fieldend|move: Trick Room
|upkeep
|
|t:|1750865077
|switch|p1a: Calyrex|Calyrex-Ice, L50|100/100
|-ability|p1a: Calyrex|As One
|-ability|p1a: Calyrex|Unnerve
|turn|7
|inactive|peasantbread has 30 seconds left.
|
|t:|1750865102
|-terastallize|p2a: Amoonguss|Water
|move|p2a: Amoonguss|Rage Powder|p2a: Amoonguss
|-singleturn|p2a: Amoonguss|move: Rage Powder
|move|p1b: Reshiram|Draco Meteor|p2a: Amoonguss
|-damage|p2a: Amoonguss|5/100
|-unboost|p1b: Reshiram|spa|2
|-damage|p1b: Reshiram|23/100|[from] item: Life Orb
|move|p1a: Calyrex|Glacial Lance|p2a: Amoonguss|[spread] p2a,p2b
|-resisted|p2a: Amoonguss
|-resisted|p2b: Calyrex
|-damage|p2a: Amoonguss|0 fnt
|-damage|p2b: Calyrex|87/100
|faint|p2a: Amoonguss
|-ability|p1a: Calyrex|Chilling Neigh|boost
|-boost|p1a: Calyrex|atk|1
|move|p2b: Calyrex|Trick Room|p2b: Calyrex
|-fieldstart|move: Trick Room|[of] p2b: Calyrex
|
|-weather|none
|-heal|p2b: Calyrex|93/100|[from] item: Leftovers
|upkeep
|
|t:|1750865118
|switch|p2a: Kyogre|Kyogre, L50|100/100
|-weather|RainDance|[from] ability: Drizzle|[of] p2a: Kyogre
|turn|8
|
|t:|1750865140
|move|p1b: Reshiram|Protect|p1b: Reshiram
|-singleturn|p1b: Reshiram|Protect
|move|p1a: Calyrex|Glacial Lance|p2a: Kyogre|[spread] p2a,p2b
|-resisted|p2a: Kyogre
|-resisted|p2b: Calyrex
|-damage|p2a: Kyogre|76/100
|-damage|p2b: Calyrex|75/100
|move|p2b: Calyrex|Glacial Lance|p1a: Calyrex|[spread] p1a
|-activate|p1b: Reshiram|move: Protect
|-resisted|p1a: Calyrex
|-damage|p1a: Calyrex|74/100
|move|p2a: Kyogre|Water Spout|p1a: Calyrex|[spread] p1a
|-activate|p1b: Reshiram|move: Protect
|-damage|p1a: Calyrex|15/100
|
|-weather|RainDance|[upkeep]
|-heal|p1a: Calyrex|21/100|[from] item: Leftovers
|-heal|p2b: Calyrex|81/100|[from] item: Leftovers
|-sideend|p2: peasantbread|Reflect
|upkeep
|turn|9
|
|t:|1750865164
|switch|p1b: Urshifu|Urshifu-Rapid-Strike, L50, M|100/100
|move|p1a: Calyrex|Glacial Lance|p2a: Kyogre|[spread] p2a,p2b
|-resisted|p2a: Kyogre
|-resisted|p2b: Calyrex
|-damage|p2a: Kyogre|38/100
|-damage|p2b: Calyrex|57/100
|move|p2b: Calyrex|Glacial Lance|p1b: Urshifu|[spread] p1a,p1b
|-resisted|p1a: Calyrex
|-resisted|p1b: Urshifu
|-damage|p1a: Calyrex|0 fnt
|-damage|p1b: Urshifu|62/100
|faint|p1a: Calyrex
|-ability|p2b: Calyrex|Chilling Neigh|boost
|-boost|p2b: Calyrex|atk|1
|move|p2a: Kyogre|Water Spout|p1b: Urshifu
|-resisted|p1b: Urshifu
|-damage|p1b: Urshifu|16/100
|
|-weather|RainDance|[upkeep]
|-heal|p2b: Calyrex|62/100|[from] item: Leftovers
|upkeep
|
|t:|1750865172
|switch|p1a: Reshiram|Reshiram, L50|23/100
|-ability|p1a: Reshiram|Turboblaze
|turn|10
|
|t:|1750865186
|move|p1a: Reshiram|Protect|p1a: Reshiram
|-singleturn|p1a: Reshiram|Protect
|move|p1b: Urshifu|Detect|p1b: Urshifu
|-singleturn|p1b: Urshifu|Protect
|move|p2b: Calyrex|Glacial Lance|p1b: Urshifu|[spread] 
|-activate|p1a: Reshiram|move: Protect
|-activate|p1b: Urshifu|move: Protect
|move|p2a: Kyogre|Thunder|p1b: Urshifu
|-activate|p1b: Urshifu|move: Protect
|
|-weather|RainDance|[upkeep]
|-heal|p2b: Calyrex|68/100|[from] item: Leftovers
|upkeep
|turn|11
|
|t:|1750865191
|move|p1a: Reshiram|Protect|p1a: Reshiram
|-singleturn|p1a: Reshiram|Protect
|move|p1b: Urshifu|Detect|p1b: Urshifu
|-singleturn|p1b: Urshifu|Protect
|move|p2b: Calyrex|Glacial Lance|p1b: Urshifu|[spread] 
|-activate|p1a: Reshiram|move: Protect
|-activate|p1b: Urshifu|move: Protect
|move|p2a: Kyogre|Thunder|p1b: Urshifu
|-activate|p1b: Urshifu|move: Protect
|
|-weather|RainDance|[upkeep]
|-heal|p2b: Calyrex|74/100|[from] item: Leftovers
|-fieldend|move: Trick Room
|upkeep
|turn|12
|c|☆peasantbread|What?!!!!
|inactive|Pietplezier7 has 30 seconds left.
|inactive|peasantbread has 30 seconds left.
|
|t:|1750865221
|-terastallize|p1a: Reshiram|Fire
|move|p1b: Urshifu|Close Combat|p2a: Kyogre
|-damage|p2a: Kyogre|0 fnt
|-unboost|p1b: Urshifu|def|1
|-unboost|p1b: Urshifu|spd|1
|faint|p2a: Kyogre
|move|p1a: Reshiram|Blue Flare|p2b: Calyrex
|-supereffective|p2b: Calyrex
|-damage|p2b: Calyrex|0 fnt
|faint|p2b: Calyrex
|-damage|p1a: Reshiram|13/100|[from] item: Life Orb
|
|-weather|none
|upkeep
|
|t:|1750865227
|switch|p2b: Grimmsnarl|Grimmsnarl, L50, M|100/100
|turn|13
|
|t:|1750865240
|move|p1b: Urshifu|Surging Strikes|p2b: Grimmsnarl
|-crit|p2b: Grimmsnarl
|-damage|p2b: Grimmsnarl|76/100
|-crit|p2b: Grimmsnarl
|-damage|p2b: Grimmsnarl|54/100
|-crit|p2b: Grimmsnarl
|-damage|p2b: Grimmsnarl|30/100
|-hitcount|p2b: Grimmsnarl|3
|move|p1a: Reshiram|Blue Flare|p2b: Grimmsnarl|[miss]
|-miss|p1a: Reshiram|p2b: Grimmsnarl
|move|p2b: Grimmsnarl|Spirit Break|p1b: Urshifu
|-supereffective|p1b: Urshifu
|-damage|p1b: Urshifu|0 fnt
|faint|p1b: Urshifu
|
|upkeep
|turn|14
|c|☆peasantbread|I dont even care
|c|☆peasantbread|Double double protect?
|
|t:|1750865257
|move|p1a: Reshiram|Heat Wave|p2b: Grimmsnarl
|-damage|p2b: Grimmsnarl|0 fnt
|faint|p2b: Grimmsnarl
|-damage|p1a: Reshiram|4/100|[from] item: Life Orb
|
|win|Pietplezier7
|raw|Pietplezier7's rating: 1496 &rarr; <strong>1514</strong><br />(+18 for winning)
|raw|peasantbread's rating: 1464 &rarr; <strong>1446</strong><br />(-18 for losing)
|l|☆peasantbread
|player|p2|
