|j|☆k1lerium
|j|☆landerfanter
|t:|1750877726
|gametype|doubles
|player|p1|k1lerium|2|1105
|player|p2|landerfanter|1|1051
|teamsize|p1|6
|teamsize|p2|6
|gen|9
|tier|[Gen 9] VGC 2025 Reg I
|rated|
|rule|Species Clause: Limit one of each Pokémon
|rule|Item Clause: Limit 1 of each item
|clearpoke
|poke|p1|Miraidon, L50|
|poke|p1|Lunala, L50|
|poke|p1|Ursaluna, L50, M|
|poke|p1|Urshifu-*, L50, M|
|poke|p1|Incineroar, L50, F|
|poke|p1|Whimsicott, L50, F|
|poke|p2|Slaking, L50, F|
|poke|p2|Medicham, L50, M|
|poke|p2|Koraidon, L50|
|poke|p2|Calyrex-Shadow, L50|
|poke|p2|Incineroar, L50, M|
|poke|p2|Amoonguss, L50, F|
|teampreview|4
|
|t:|1750877741
|start
|switch|p1a: Ursaluna|Ursaluna, L50, M|100/100
|switch|p1b: Lunala|Lunala, L50|100/100
|switch|p2a: Medicham|Medicham, L50, M|100/100
|switch|p2b: Slaking|Slaking, L50, F|100/100
|turn|1
|inactive|Battle timer is ON: inactive players will automatically lose when time's up. (requested by k1lerium)
|inactive|landerfanter has 60 seconds left.
|
|t:|1750877776
|move|p1a: Ursaluna|Protect|p1a: Ursaluna
|-singleturn|p1a: Ursaluna|Protect
|move|p2b: Slaking|Drain Punch|p1a: Ursaluna
|-activate|p1a: Ursaluna|move: Protect
|move|p2a: Medicham|Skill Swap|p2b: Slaking
|-activate|p2a: Medicham|move: Skill Swap|||[of] p2b: Slaking
|move|p1b: Lunala|Moongeist Beam|p2a: Medicham
|-supereffective|p2a: Medicham
|-enditem|p2a: Medicham|Focus Sash
|-damage|p2a: Medicham|1/100
|
|-status|p1a: Ursaluna|brn|[from] item: Flame Orb
|upkeep
|turn|2
|inactive|k1lerium has 30 seconds left.
|inactive|landerfanter has 30 seconds left.
|inactive|landerfanter has 20 seconds left.
|inactive|landerfanter has 15 seconds left.
|inactive|landerfanter has 10 seconds left.
|inactive|landerfanter has 5 seconds left.
|
|t:|1750877831
|switch|p1b: Incineroar|Incineroar, L50, F|100/100
|-ability|p1b: Incineroar|Intimidate|boost
|-unboost|p2a: Medicham|atk|1
|-unboost|p2b: Slaking|atk|1
|-terastallize|p1a: Ursaluna|Ghost
|move|p2b: Slaking|Protect|p2b: Slaking
|-singleturn|p2b: Slaking|Protect
|cant|p2a: Medicham|ability: Truant
|move|p1a: Ursaluna|Facade|p2b: Slaking
|-activate|p2b: Slaking|move: Protect
|
|-damage|p1a: Ursaluna|95/100 brn|[from] brn
|upkeep
|turn|3
|inactive|landerfanter has 30 seconds left.
|inactive|landerfanter has 20 seconds left.
|inactive|landerfanter has 15 seconds left.
|inactive|landerfanter has 10 seconds left.
|
|t:|1750877876
|move|p1b: Incineroar|Fake Out|p2a: Medicham
|-damage|p2a: Medicham|0 fnt
|faint|p2a: Medicham
|move|p2b: Slaking|Play Rough|p1a: Ursaluna
|-damage|p1a: Ursaluna|56/100 brn
|move|p1a: Ursaluna|Facade|p2b: Slaking
|-crit|p2b: Slaking
|-damage|p2b: Slaking|0 fnt
|faint|p2b: Slaking
|
|-damage|p1a: Ursaluna|50/100 brn|[from] brn
|upkeep
|
|t:|1750877893
|switch|p2b: Calyrex|Calyrex-Shadow, L50|100/100
|switch|p2a: Koraidon|Koraidon, L50|100/100
|-ability|p2b: Calyrex|As One
|-ability|p2b: Calyrex|Unnerve
|-weather|SunnyDay|[from] ability: Orichalcum Pulse|[of] p2a: Koraidon
|-activate|p2a: Koraidon|Orichalcum Pulse|[source]
|turn|4
|
|t:|1750877920
|switch|p1b: Lunala|Lunala, L50|100/100
|move|p1a: Ursaluna|Protect|p1a: Ursaluna
|-singleturn|p1a: Ursaluna|Protect
|move|p2b: Calyrex|Astral Barrage|p1b: Lunala|[spread] p1b
|-activate|p1a: Ursaluna|move: Protect
|-supereffective|p1b: Lunala
|-damage|p1b: Lunala|23/100
|move|p2a: Koraidon|Flame Charge|p1b: Lunala
|-damage|p1b: Lunala|0 fnt
|-boost|p2a: Koraidon|spe|1
|faint|p1b: Lunala
|-damage|p2a: Koraidon|91/100|[from] item: Life Orb
|
|-weather|SunnyDay|[upkeep]
|-damage|p1a: Ursaluna|44/100 brn|[from] brn
|upkeep
|inactive|k1lerium has 30 seconds left.
|
|t:|1750877945
|switch|p1b: Incineroar|Incineroar, L50, F|100/100
|-ability|p1b: Incineroar|Intimidate|boost
|-unboost|p2a: Koraidon|atk|1
|-unboost|p2b: Calyrex|atk|1
|turn|5
|
|t:|1750877960
|switch|p1a: Miraidon|Miraidon, L50|100/100
|-fieldstart|move: Electric Terrain|[from] ability: Hadron Engine|[of] p1a: Miraidon
|move|p1b: Incineroar|Fake Out|p2a: Koraidon
|-damage|p2a: Koraidon|76/100
|cant|p2a: Koraidon|flinch
|move|p2b: Calyrex|Astral Barrage|p1a: Miraidon|[spread] p1a,p1b
|-resisted|p1b: Incineroar
|-damage|p1a: Miraidon|54/100
|-damage|p1b: Incineroar|74/100
|
|-weather|SunnyDay|[upkeep]
|upkeep
|turn|6
|inactive|k1lerium has 30 seconds left.
|inactive|landerfanter has 30 seconds left.
|
|t:|1750877993
|move|p2a: Koraidon|Close Combat|p1b: Incineroar
|-supereffective|p1b: Incineroar
|-damage|p1b: Incineroar|0 fnt
|-unboost|p2a: Koraidon|def|1
|-unboost|p2a: Koraidon|spd|1
|faint|p1b: Incineroar
|-damage|p2a: Koraidon|67/100|[from] item: Life Orb
|move|p2b: Calyrex|Astral Barrage|p1a: Miraidon
|-damage|p1a: Miraidon|0 fnt
|faint|p1a: Miraidon
|-ability|p2b: Calyrex|Grim Neigh|boost
|-boost|p2b: Calyrex|spa|1
|
|-weather|SunnyDay|[upkeep]
|upkeep
|-message|k1lerium forfeited.
|
|win|landerfanter
|raw|k1lerium's rating: 1105 &rarr; <strong>1076</strong><br />(-29 for losing)
|raw|landerfanter's rating: 1051 &rarr; <strong>1088</strong><br />(+37 for winning)
|l|☆k1lerium
|player|p1|
|l|☆landerfanter
|player|p2|
