|j|☆Doorda
|j|☆OKCCTV
|t:|1750836305
|gametype|doubles
|player|p1|Doorda|hilda-wonderlauncher|1143
|player|p2|OKCCTV|266|1050
|teamsize|p1|6
|teamsize|p2|6
|gen|9
|tier|[Gen 9] VGC 2025 Reg I
|rated|
|rule|Species Clause: Limit one of each Pokémon
|rule|Item Clause: Limit 1 of each item
|clearpoke
|poke|p1|Calyrex-Ice, L50|
|poke|p1|Miraidon, L50|
|poke|p1|Grimmsnarl, L50, M|
|poke|p1|Urshifu-*, L50, M|
|poke|p1|Incineroar, L50, F|
|poke|p1|Landorus, L50, M|
|poke|p2|Regigigas, L50|
|poke|p2|Sableye, L50, F|
|poke|p2|Weezing-Galar, L50, M|
|poke|p2|Zacian-*, L50|
|poke|p2|Ogerpon-Cornerstone, L50, F|
|poke|p2|Eternatus, L50|
|teampreview|4
|
|t:|1750836319
|start
|switch|p1a: Calyrex|Calyrex-Ice, L50|100/100
|switch|p1b: Incineroar|Incineroar, L50, F|100/100
|switch|p2a: Sableye|Sableye, L50, F|100/100
|switch|p2b: Zacian|Zacian-Crowned, L50|100/100
|-ability|p1a: Calyrex|As One
|-ability|p1a: Calyrex|Unnerve
|-ability|p2b: Zacian|Intrepid Sword|boost
|-boost|p2b: Zacian|atk|1
|-ability|p1b: Incineroar|Intimidate|boost
|-unboost|p2a: Sableye|atk|1
|-unboost|p2b: Zacian|atk|1
|turn|1
|inactive|Battle timer is ON: inactive players will automatically lose when time's up. (requested by Doorda)
|inactive|Doorda has 60 seconds left.
|
|t:|1750836365
|switch|p1a: Miraidon|Miraidon, L50|100/100
|-fieldstart|move: Electric Terrain|[from] ability: Hadron Engine|[of] p1a: Miraidon
|move|p2b: Zacian|Protect|p2b: Zacian
|-singleturn|p2b: Zacian|Protect
|move|p1b: Incineroar|Fake Out|p2b: Zacian
|-activate|p2b: Zacian|move: Protect
|move|p2a: Sableye|Taunt|p1a: Miraidon
|-start|p1a: Miraidon|move: Taunt
|
|upkeep
|turn|2
|
|t:|1750836386
|move|p2a: Sableye|Quash|p1a: Miraidon
|-activate|p1a: Miraidon|move: Quash
|move|p2b: Zacian|Play Rough|p1a: Miraidon
|-supereffective|p1a: Miraidon
|-damage|p1a: Miraidon|16/100
|move|p1b: Incineroar|Knock Off|p2a: Sableye
|-damage|p2a: Sableye|64/100
|-enditem|p2a: Sableye|Safety Goggles|[from] move: Knock Off|[of] p1b: Incineroar
|move|p1a: Miraidon|Electro Drift|p2b: Zacian
|-crit|p2b: Zacian
|-damage|p2b: Zacian|0 fnt
|faint|p2b: Zacian
|
|upkeep
|
|t:|1750836400
|switch|p2b: Eternatus|Eternatus, L50|100/100
|-ability|p2b: Eternatus|Pressure
|turn|3
|
|t:|1750836414
|switch|p1a: Landorus|Landorus, L50, M|100/100
|switch|p2a: Weezing|Weezing-Galar, L50, M|100/100
|-ability|p2a: Weezing|Neutralizing Gas
|-terastallize|p2b: Eternatus|Fire
|move|p2b: Eternatus|Sludge Wave|p1b: Incineroar|[spread] p2a,p1a,p1b
|-resisted|p1a: Landorus
|-damage|p2a: Weezing|62/100
|-damage|p1a: Landorus|83/100
|-damage|p1b: Incineroar|75/100
|move|p1b: Incineroar|Flare Blitz|p2a: Weezing
|-damage|p2a: Weezing|20/100
|-enditem|p2a: Weezing|Sitrus Berry|[eat]
|-heal|p2a: Weezing|45/100|[from] item: Sitrus Berry
|-damage|p1b: Incineroar|63/100|[from] Recoil
|
|upkeep
|turn|4
|
|t:|1750836431
|move|p2a: Weezing|Protect|p2a: Weezing
|-singleturn|p2a: Weezing|Protect
|move|p2b: Eternatus|Meteor Beam||[still]
|-prepare|p2b: Eternatus|Meteor Beam
|-boost|p2b: Eternatus|spa|1
|-enditem|p2b: Eternatus|Power Herb
|-anim|p2b: Eternatus|Meteor Beam|p1a: Landorus
|-damage|p1a: Landorus|24/100
|move|p1b: Incineroar|Knock Off|p2b: Eternatus
|-damage|p2b: Eternatus|78/100
|move|p1a: Landorus|Earth Power|p2a: Weezing
|-activate|p2a: Weezing|move: Protect
|
|upkeep
|turn|5
|
|t:|1750836450
|move|p2b: Eternatus|Sludge Wave|p1a: Landorus|[spread] p2a,p1a,p1b
|-resisted|p1a: Landorus
|-damage|p2a: Weezing|0 fnt
|-damage|p1a: Landorus|0 fnt
|-damage|p1b: Incineroar|21/100
|faint|p2a: Weezing
|-end|p2a: Weezing|ability: Neutralizing Gas
|-ability|p2b: Eternatus|Pressure
|-ability|p1b: Incineroar|Intimidate|boost
|-unboost|p2b: Eternatus|atk|1
|faint|p1a: Landorus
|move|p1b: Incineroar|U-turn|p2b: Eternatus
|-resisted|p2b: Eternatus
|-damage|p2b: Eternatus|70/100
|
|t:|1750836456
|switch|p1b: Calyrex|Calyrex-Ice, L50|100/100|[from] U-turn
|-ability|p1b: Calyrex|As One
|-ability|p1b: Calyrex|Unnerve
|
|-fieldend|move: Electric Terrain
|upkeep
|
|t:|1750836461
|switch|p1a: Miraidon|Miraidon, L50|16/100
|switch|p2a: Sableye|Sableye, L50, F|64/100
|-fieldstart|move: Electric Terrain|[from] ability: Hadron Engine|[of] p1a: Miraidon
|turn|6
|
|t:|1750836477
|move|p2a: Sableye|Will-O-Wisp|p1b: Calyrex
|-status|p1b: Calyrex|brn
|move|p2b: Eternatus|Sludge Wave|p1b: Calyrex|[spread] p2a,p1a,p1b
|-resisted|p2a: Sableye
|-damage|p2a: Sableye|15/100
|-damage|p1a: Miraidon|0 fnt
|-damage|p1b: Calyrex|66/100 brn
|faint|p1a: Miraidon
|move|p1b: Calyrex|Leech Seed|p2b: Eternatus
|-start|p2b: Eternatus|move: Leech Seed
|
|-heal|p1b: Calyrex|72/100 brn|[from] item: Leftovers
|-damage|p2b: Eternatus|58/100|[from] Leech Seed|[of] p1b: Calyrex
|-heal|p1b: Calyrex|84/100 brn|[silent]
|-damage|p1b: Calyrex|78/100 brn|[from] brn
|upkeep
|
|t:|1750836484
|switch|p1a: Incineroar|Incineroar, L50, F|21/100
|-ability|p1a: Incineroar|Intimidate|boost
|-unboost|p2a: Sableye|atk|1
|-unboost|p2b: Eternatus|atk|1
|turn|7
|
|t:|1750836493
|move|p1a: Incineroar|Fake Out|p2b: Eternatus
|-damage|p2b: Eternatus|49/100
|move|p2a: Sableye|Encore|p1b: Calyrex
|-start|p1b: Calyrex|Encore
|cant|p2b: Eternatus|flinch
|move|p1b: Calyrex|Leech Seed|p2a: Sableye
|-start|p2a: Sableye|move: Leech Seed
|
|-heal|p1b: Calyrex|84/100 brn|[from] item: Leftovers
|-damage|p2b: Eternatus|37/100|[from] Leech Seed|[of] p1b: Calyrex
|-heal|p1b: Calyrex|97/100 brn|[silent]
|-damage|p2a: Sableye|3/100|[from] Leech Seed|[of] p1b: Calyrex
|-heal|p1b: Calyrex|100/100 brn|[silent]
|-damage|p1b: Calyrex|95/100 brn|[from] brn
|upkeep
|turn|8
|inactive|OKCCTV has 30 seconds left.
|
|t:|1750836518
|move|p2a: Sableye|Taunt|p1b: Calyrex
|-start|p1b: Calyrex|move: Taunt
|move|p2b: Eternatus|Sludge Wave|p1a: Incineroar|[spread] p2a,p1a,p1b
|-resisted|p2a: Sableye
|-damage|p2a: Sableye|0 fnt
|-damage|p1a: Incineroar|0 fnt
|-damage|p1b: Calyrex|61/100 brn
|faint|p2a: Sableye
|faint|p1a: Incineroar
|cant|p1b: Calyrex|move: Taunt|Leech Seed
|
|-heal|p1b: Calyrex|67/100 brn|[from] item: Leftovers
|-damage|p2b: Eternatus|25/100|[from] Leech Seed|[of] p1b: Calyrex
|-heal|p1b: Calyrex|80/100 brn|[silent]
|-damage|p1b: Calyrex|74/100 brn|[from] brn
|upkeep
|turn|9
|
|t:|1750836528
|move|p2b: Eternatus|Fire Blast|p1b: Calyrex
|-supereffective|p1b: Calyrex
|-damage|p1b: Calyrex|0 fnt
|faint|p1b: Calyrex
|
|win|OKCCTV
|raw|Doorda's rating: 1143 &rarr; <strong>1111</strong><br />(-32 for losing)
|raw|OKCCTV's rating: 1050 &rarr; <strong>1091</strong><br />(+41 for winning)
|l|☆Doorda
|player|p1|
