|j|☆Galact7adi
|j|☆GreenMidoriVerde
|t:|1750738703
|gametype|doubles
|player|p1|Galact7adi|n|1427
|player|p2|GreenMidoriVerde|miku-ground|1407
|teamsize|p1|6
|teamsize|p2|6
|gen|9
|tier|[Gen 9] VGC 2025 Reg I
|rated|
|rule|Species Clause: Limit one of each Pokémon
|rule|Item Clause: Limit 1 of each item
|clearpoke
|poke|p1|Urshifu-*, L50, F|
|poke|p1|Calyrex-Shadow, L50|
|poke|p1|Miraidon, L50|
|poke|p1|Whimsicott, L50, M|
|poke|p1|Clefairy, L50, M|
|poke|p1|Rillaboom, L50, F|
|poke|p2|Tornadus, L50, M|
|poke|p2|Urshifu-*, L50, F|
|poke|p2|Kyogre, L50|
|poke|p2|Zamazenta-*, L50|
|poke|p2|Incineroar, L50, M|
|poke|p2|Rillaboom, L50, M|
|teampreview|4
|inactive|Battle timer is ON: inactive players will automatically lose when time's up. (requested by GreenMidoriVerde)
|inactive|Galact7adi also wants the timer to be on.
|inactive|Galact7adi has 60 seconds left.
|inactive|GreenMidoriVerde has 60 seconds left.
|
|t:|1750738744
|start
|switch|p1a: Calyrex|Calyrex-Shadow, L50|100/100
|switch|p1b: Whimsicott|Whimsicott, L50, M|100/100
|switch|p2a: Macho Nacho|Incineroar, L50, M|100/100
|switch|p2b: Fujin|Tornadus, L50, M|100/100
|-ability|p1a: Calyrex|As One
|-ability|p1a: Calyrex|Unnerve
|-ability|p2a: Macho Nacho|Intimidate|boost
|-unboost|p1a: Calyrex|atk|1
|-unboost|p1b: Whimsicott|atk|1
|turn|1
|inactive|Galact7adi has 30 seconds left.
|
|t:|1750738778
|-terastallize|p1a: Calyrex|Ghost
|move|p2b: Fujin|Tailwind|p2b: Fujin
|-sidestart|p2: GreenMidoriVerde|move: Tailwind
|move|p1b: Whimsicott|Fake Tears|p2a: Macho Nacho
|-hint|Since gen 7, Dark is immune to Prankster moves.
|-immune|p2a: Macho Nacho
|move|p1a: Calyrex|Astral Barrage|p2a: Macho Nacho|[spread] p2a,p2b
|-resisted|p2a: Macho Nacho
|-damage|p2a: Macho Nacho|70/100
|-damage|p2b: Fujin|6/100
|move|p2a: Macho Nacho|Knock Off|p1a: Calyrex
|-supereffective|p1a: Calyrex
|-damage|p1a: Calyrex|7/100
|-enditem|p1a: Calyrex|Focus Sash|[from] move: Knock Off|[of] p2a: Macho Nacho
|
|upkeep
|turn|2
|
|t:|1750738801
|move|p2b: Fujin|Protect|p2b: Fujin
|-singleturn|p2b: Fujin|Protect
|move|p1b: Whimsicott|Tailwind|p1b: Whimsicott
|-sidestart|p1: Galact7adi|move: Tailwind
|move|p1a: Calyrex|Astral Barrage|p2b: Fujin|[spread] p2a
|-activate|p2b: Fujin|move: Protect
|-resisted|p2a: Macho Nacho
|-damage|p2a: Macho Nacho|41/100
|move|p2a: Macho Nacho|Knock Off|p1a: Calyrex
|-supereffective|p1a: Calyrex
|-damage|p1a: Calyrex|0 fnt
|faint|p1a: Calyrex
|
|upkeep
|
|t:|1750738814
|switch|p1a: Miraidon|Miraidon, L50|100/100
|-fieldstart|move: Electric Terrain|[from] ability: Hadron Engine|[of] p1a: Miraidon
|turn|3
|
|t:|1750738834
|switch|p2b: Zamazenta|Zamazenta-Crowned, L50, shiny|100/100
|-ability|p2b: Zamazenta|Dauntless Shield|boost
|-boost|p2b: Zamazenta|def|1
|move|p1a: Miraidon|Volt Switch|p2a: Macho Nacho
|-damage|p2a: Macho Nacho|0 fnt
|faint|p2a: Macho Nacho
|
|t:|1750738842
|switch|p1a: Clefairy|Clefairy, L50, M|100/100|[from] Volt Switch
|move|p1b: Whimsicott|Moonblast|p2b: Zamazenta
|-damage|p2b: Zamazenta|83/100
|-unboost|p2b: Zamazenta|spa|1
|
|upkeep
|
|t:|1750738847
|switch|p2a: Fujin|Tornadus, L50, M|6/100
|turn|4
|
|t:|1750738864
|move|p1a: Clefairy|Follow Me|p1a: Clefairy
|-singleturn|p1a: Clefairy|move: Follow Me
|move|p2a: Fujin|Bleakwind Storm|p1a: Clefairy|[spread] p1a,p1b
|-supereffective|p1b: Whimsicott
|-crit|p1b: Whimsicott
|-damage|p1a: Clefairy|73/100
|-damage|p1b: Whimsicott|0 fnt
|faint|p1b: Whimsicott
|move|p2b: Zamazenta|Behemoth Bash|p1a: Clefairy
|-supereffective|p1a: Clefairy
|-damage|p1a: Clefairy|6/100
|
|-sideend|p2: GreenMidoriVerde|move: Tailwind
|upkeep
|
|t:|1750738872
|switch|p1b: Miraidon|Miraidon, L50|100/100
|-activate|p1b: Miraidon|ability: Hadron Engine
|turn|5
|
|t:|1750738888
|-terastallize|p2b: Zamazenta|Grass
|move|p1a: Clefairy|Helping Hand|p1b: Miraidon
|-singleturn|p1b: Miraidon|Helping Hand|[of] p1a: Clefairy
|move|p2a: Fujin|Tailwind|p2a: Fujin
|-sidestart|p2: GreenMidoriVerde|move: Tailwind
|move|p1b: Miraidon|Electro Drift|p2b: Zamazenta
|-resisted|p2b: Zamazenta
|-damage|p2b: Zamazenta|24/100
|move|p2b: Zamazenta|Body Press|p1b: Miraidon
|-damage|p1b: Miraidon|54/100
|
|-sideend|p1: Galact7adi|move: Tailwind
|upkeep
|turn|6
|
|t:|1750738906
|move|p1a: Clefairy|Follow Me|p1a: Clefairy
|-singleturn|p1a: Clefairy|move: Follow Me
|move|p2a: Fujin|Bleakwind Storm|p1a: Clefairy|[spread] p1a,p1b
|-resisted|p1b: Miraidon
|-damage|p1a: Clefairy|0 fnt
|-damage|p1b: Miraidon|42/100
|-unboost|p1b: Miraidon|spe|1
|faint|p1a: Clefairy
|move|p2b: Zamazenta|Body Press|p1b: Miraidon
|-damage|p1b: Miraidon|0 fnt
|faint|p1b: Miraidon
|
|win|GreenMidoriVerde
|raw|Galact7adi's rating: 1427 &rarr; <strong>1406</strong><br />(-21 for losing)
|raw|GreenMidoriVerde's rating: 1407 &rarr; <strong>1428</strong><br />(+21 for winning)
|l|☆Galact7adi
|player|p1|
|l|☆GreenMidoriVerde
|player|p2|
