|j|☆JSNJS
|j|☆JRNINJAYT
|t:|1750820345
|gametype|doubles
|player|p1|JSNJS|265|1112
|player|p2|JRNINJAYT|emmet|1107
|teamsize|p1|6
|teamsize|p2|6
|gen|9
|tier|[Gen 9] VGC 2025 Reg I
|rated|
|rule|Species Clause: Limit one of each Pokémon
|rule|Item Clause: Limit 1 of each item
|clearpoke
|poke|p1|Zebstrika, L50, F|
|poke|p1|Mudsdale, L50, M|
|poke|p1|Spectrier, L50|
|poke|p1|Glastrier, L50|
|poke|p1|Calyrex-Shadow, L50|
|poke|p1|Farigiraf, L50, F|
|poke|p2|Inteleon, L50, M|
|poke|p2|Meowscarada, L50, M|
|poke|p2|Tauros-Paldea-Blaze, L50, M|
|poke|p2|Miraidon, L50|
|poke|p2|Kyogre, L50|
|poke|p2|Grimmsnarl, L50, M|
|teampreview|4
|
|t:|1750820353
|start
|switch|p1a: Spectrier|Spectrier, L50|100/100
|switch|p1b: Calyrex|Calyrex-Shadow, L50|100/100
|switch|p2a: Miraidon|Miraidon, L50|100/100
|switch|p2b: Kyogre|Kyogre, L50|100/100
|-ability|p1b: Calyrex|As One
|-ability|p1b: Calyrex|Unnerve
|-fieldstart|move: Electric Terrain|[from] ability: Hadron Engine|[of] p2a: Miraidon
|-weather|RainDance|[from] ability: Drizzle|[of] p2b: Kyogre
|turn|1
|inactive|Battle timer is ON: inactive players will automatically lose when time's up. (requested by JRNINJAYT)
|
|t:|1750820370
|move|p1a: Spectrier|Shadow Ball|p2b: Kyogre
|-damage|p2b: Kyogre|66/100
|move|p1b: Calyrex|Astral Barrage|p2b: Kyogre|[spread] p2a,p2b
|-damage|p2a: Miraidon|47/100
|-damage|p2b: Kyogre|22/100
|move|p2a: Miraidon|Dazzling Gleam|p1a: Spectrier|[spread] p1a,p1b
|-damage|p1a: Spectrier|47/100
|-damage|p1b: Calyrex|60/100
|move|p2b: Kyogre|Icy Wind|p1a: Spectrier|[spread] p1a,p1b
|-crit|p1a: Spectrier
|-damage|p1a: Spectrier|18/100
|-damage|p1b: Calyrex|42/100
|-unboost|p1a: Spectrier|spe|1
|-unboost|p1b: Calyrex|spe|1
|
|-weather|RainDance|[upkeep]
|upkeep
|turn|2
|
|t:|1750820390
|move|p1b: Calyrex|Protect|p1b: Calyrex
|-singleturn|p1b: Calyrex|Protect
|move|p2a: Miraidon|Dazzling Gleam|p1b: Calyrex|[spread] p1a
|-activate|p1b: Calyrex|move: Protect
|-damage|p1a: Spectrier|0 fnt
|faint|p1a: Spectrier
|move|p2b: Kyogre|Origin Pulse|p1b: Calyrex
|-activate|p1b: Calyrex|move: Protect
|
|-weather|RainDance|[upkeep]
|upkeep
|
|t:|1750820399
|switch|p1a: Zebstrika|Zebstrika, L50, F|100/100
|turn|3
|
|t:|1750820406
|switch|p1b: Farigiraf|Farigiraf, L50, F|100/100
|move|p2b: Kyogre|Protect|p2b: Kyogre
|-singleturn|p2b: Kyogre|Protect
|move|p2a: Miraidon|Dazzling Gleam|p1a: Zebstrika|[spread] p1a,p1b
|-damage|p1a: Zebstrika|30/100
|-damage|p1b: Farigiraf|64/100
|move|p1a: Zebstrika|Light Screen|p1a: Zebstrika
|-sidestart|p1: JSNJS|move: Light Screen
|
|-weather|RainDance|[upkeep]
|upkeep
|turn|4
|
|t:|1750820423
|move|p2a: Miraidon|Dazzling Gleam|p1b: Farigiraf|[spread] p1a,p1b
|-damage|p1a: Zebstrika|0 fnt
|-damage|p1b: Farigiraf|42/100
|faint|p1a: Zebstrika
|move|p2b: Kyogre|Origin Pulse|p1b: Farigiraf
|-damage|p1b: Farigiraf|0 fnt
|faint|p1b: Farigiraf
|
|-weather|RainDance|[upkeep]
|upkeep
|
|t:|1750820426
|switch|p1b: Calyrex|Calyrex-Shadow, L50|42/100
|-ability|p1b: Calyrex|As One
|-ability|p1b: Calyrex|Unnerve
|turn|5
|
|t:|1750820438
|-terastallize|p2a: Miraidon|Fairy
|move|p1b: Calyrex|Astral Barrage|p2b: Kyogre|[spread] p2a,p2b
|-damage|p2a: Miraidon|0 fnt
|-damage|p2b: Kyogre|0 fnt
|faint|p2a: Miraidon
|faint|p2b: Kyogre
|-ability|p1b: Calyrex|Grim Neigh|boost
|-boost|p1b: Calyrex|spa|2
|
|-weather|RainDance|[upkeep]
|-fieldend|move: Electric Terrain
|upkeep
|
|t:|1750820448
|switch|p2a: Grimmsnarl|Grimmsnarl, L50, M|100/100
|switch|p2b: Tauros|Tauros-Paldea-Blaze, L50, M|100/100
|turn|6
|
|t:|1750820465
|-terastallize|p1b: Calyrex|Fairy
|move|p2b: Tauros|Protect|p2b: Tauros
|-singleturn|p2b: Tauros|Protect
|move|p2a: Grimmsnarl|Parting Shot|p1b: Calyrex
|-unboost|p1b: Calyrex|atk|1
|-unboost|p1b: Calyrex|spa|1
|move|p1b: Calyrex|Astral Barrage|p2b: Tauros|[spread] p2a
|-activate|p2b: Tauros|move: Protect
|-resisted|p2a: Grimmsnarl
|-crit|p2a: Grimmsnarl
|-damage|p2a: Grimmsnarl|56/100
|
|-weather|RainDance|[upkeep]
|upkeep
|turn|7
|
|t:|1750820486
|move|p2a: Grimmsnarl|Light Screen|p2a: Grimmsnarl
|-sidestart|p2: JRNINJAYT|move: Light Screen
|move|p1b: Calyrex|Psychic|p2b: Tauros
|-supereffective|p2b: Tauros
|-damage|p2b: Tauros|0 fnt
|faint|p2b: Tauros
|-ability|p1b: Calyrex|Grim Neigh|boost
|-boost|p1b: Calyrex|spa|1
|
|-weather|RainDance|[upkeep]
|-sideend|p1: JSNJS|move: Light Screen
|upkeep
|turn|8
|
|t:|1750820496
|move|p2a: Grimmsnarl|Parting Shot|p1b: Calyrex
|-unboost|p1b: Calyrex|atk|1
|-unboost|p1b: Calyrex|spa|1
|move|p1b: Calyrex|Astral Barrage|p2a: Grimmsnarl
|-resisted|p2a: Grimmsnarl
|-damage|p2a: Grimmsnarl|25/100
|
|-weather|none
|upkeep
|turn|9
|
|t:|1750820505
|move|p1b: Calyrex|Astral Barrage|p2a: Grimmsnarl
|-resisted|p2a: Grimmsnarl
|-damage|p2a: Grimmsnarl|0 fnt
|faint|p2a: Grimmsnarl
|
|win|JSNJS
|raw|JSNJS's rating: 1112 &rarr; <strong>1137</strong><br />(+25 for winning)
|raw|JRNINJAYT's rating: 1107 &rarr; <strong>1082</strong><br />(-25 for losing)
|l|☆JRNINJAYT
|player|p2|
|l|☆JSNJS
|player|p1|
