|j|☆that1guy1998
|j|☆weezing in the sun
|t:|1750871603
|gametype|doubles
|player|p1|that1guy1998|2|1245
|player|p2|weezing in the sun|pokefan|1322
|teamsize|p1|6
|teamsize|p2|6
|gen|9
|tier|[Gen 9] VGC 2025 Reg I
|rated|
|rule|Species Clause: Limit one of each Pokémon
|rule|Item Clause: Limit 1 of each item
|clearpoke
|poke|p1|Porygon2, L50|
|poke|p1|Munkidori, L50, M|
|poke|p1|Raging Bolt, L50|
|poke|p1|Zoroark-Hisui, L50, F|
|poke|p1|Zacian-*, L50|
|poke|p1|Koraidon, L50|
|poke|p2|Calyrex-Shadow, L50|
|poke|p2|Koraidon, L50|
|poke|p2|Chi-Yu, L50|
|poke|p2|Brute Bonnet, L50|
|poke|p2|Weezing-Galar, L50, M|
|poke|p2|Walking Wake, L50|
|teampreview|4
|inactive|Battle timer is ON: inactive players will automatically lose when time's up. (requested by weezing in the sun)
|
|t:|1750871632
|start
|switch|p1a: Munkidori|Munkidori, L50, M|100/100
|switch|p1b: Porygon2|Porygon2, L50|100/100
|switch|p2a: Koraidon|Koraidon, L50|100/100
|switch|p2b: Chi-Yu|Chi-Yu, L50|100/100
|-ability|p2b: Chi-Yu|Beads of Ruin
|-weather|SunnyDay|[from] ability: Orichalcum Pulse|[of] p2a: Koraidon
|-activate|p2a: Koraidon|Orichalcum Pulse|[source]
|turn|1
|inactive|that1guy1998 has 30 seconds left.
|inactive|weezing in the sun has 30 seconds left.
|inactive|weezing in the sun has 20 seconds left.
|inactive|weezing in the sun has 15 seconds left.
|
|t:|1750871673
|move|p2a: Koraidon|Protect|p2a: Koraidon
|-singleturn|p2a: Koraidon|Protect
|move|p1a: Munkidori|Fake Out|p2b: Chi-Yu
|-damage|p2b: Chi-Yu|90/100
|move|p1b: Porygon2|Bitter Malice|p2a: Koraidon
|-activate|p2a: Koraidon|move: Protect
|cant|p2b: Chi-Yu|flinch
|
|-weather|SunnyDay|[upkeep]
|upkeep
|turn|2
|inactive|that1guy1998 has 30 seconds left.
|
|t:|1750871699
|switch|p1b: Porygon2|Porygon2, L50|100/100
|-ability|p1b: Porygon2|Download|boost
|-boost|p1b: Porygon2|atk|1
|-terastallize|p2a: Koraidon|Fire
|move|p2b: Chi-Yu|Snarl|p1a: Munkidori|[spread] p1a,p1b
|-supereffective|p1a: Munkidori
|-damage|p1a: Munkidori|26/100
|-damage|p1b: Porygon2|80/100
|-unboost|p1a: Munkidori|spa|1
|-unboost|p1b: Porygon2|spa|1
|move|p2a: Koraidon|Flame Charge|p1b: Porygon2
|-damage|p1b: Porygon2|32/100
|-boost|p2a: Koraidon|spe|1
|move|p1a: Munkidori|Psychic|p2a: Koraidon
|-crit|p2a: Koraidon
|-damage|p2a: Koraidon|17/100
|
|-weather|SunnyDay|[upkeep]
|upkeep
|turn|3
|inactive|that1guy1998 has 30 seconds left.
|
|t:|1750871726
|switch|p1a: Munkidori|Munkidori, L50, M|100/100
|move|p1b: Porygon2|Protect|p1b: Porygon2
|-singleturn|p1b: Porygon2|Protect
|move|p2a: Koraidon|Collision Course|p1b: Porygon2
|-activate|p1b: Porygon2|move: Protect
|move|p2b: Chi-Yu|Snarl|p1a: Munkidori|[spread] p1a
|-activate|p1b: Porygon2|move: Protect
|-supereffective|p1a: Munkidori
|-damage|p1a: Munkidori|0 fnt
|replace|p1a: Zoroark|Zoroark-Hisui, L50, F
|-end|p1a: Zoroark|Illusion
|faint|p1a: Zoroark
|
|-weather|SunnyDay|[upkeep]
|upkeep
|
|t:|1750871743
|switch|p1a: Munkidori|Munkidori, L50, M|26/100
|turn|4
|
|t:|1750871754
|move|p2a: Koraidon|Protect|p2a: Koraidon
|-singleturn|p2a: Koraidon|Protect
|move|p1a: Munkidori|Fake Out|p2a: Koraidon
|-activate|p2a: Koraidon|move: Protect
|move|p2b: Chi-Yu|Snarl|p1a: Munkidori|[spread] p1a,p1b
|-supereffective|p1a: Munkidori
|-damage|p1a: Munkidori|0 fnt
|-damage|p1b: Porygon2|12/100
|-unboost|p1b: Porygon2|spa|1
|faint|p1a: Munkidori
|move|p1b: Porygon2|Tri Attack|p2b: Chi-Yu
|-damage|p2b: Chi-Yu|70/100
|
|-weather|SunnyDay|[upkeep]
|upkeep
|
|t:|1750871757
|switch|p1a: Zacian|Zacian-Crowned, L50|100/100
|-ability|p1a: Zacian|Intrepid Sword|boost
|-boost|p1a: Zacian|atk|1
|turn|5
|
|t:|1750871773
|switch|p2b: Walking Wake|Walking Wake, L50|100/100
|-activate|p2b: Walking Wake|ability: Protosynthesis
|-start|p2b: Walking Wake|protosynthesisspe
|-terastallize|p1a: Zacian|Fire
|move|p1b: Porygon2|Protect|p1b: Porygon2
|-singleturn|p1b: Porygon2|Protect
|move|p2a: Koraidon|Collision Course|p1b: Porygon2
|-activate|p1b: Porygon2|move: Protect
|move|p1a: Zacian|Sacred Sword|p2b: Walking Wake
|-damage|p2b: Walking Wake|51/100
|
|-weather|none
|-end|p2b: Walking Wake|Protosynthesis
|upkeep
|turn|6
|
|t:|1750871789
|move|p2a: Koraidon|Collision Course|p1b: Porygon2
|-supereffective|p1b: Porygon2
|-damage|p1b: Porygon2|0 fnt
|faint|p1b: Porygon2
|move|p1a: Zacian|Sacred Sword|p2a: Koraidon
|-damage|p2a: Koraidon|0 fnt
|faint|p2a: Koraidon
|move|p2b: Walking Wake|Hydro Steam|p1a: Zacian
|-supereffective|p1a: Zacian
|-damage|p1a: Zacian|28/100
|
|upkeep
|
|t:|1750871794
|switch|p2a: HOERS|Calyrex-Shadow, L50|100/100
|-ability|p2a: HOERS|As One
|-ability|p2a: HOERS|Unnerve
|turn|7
|-message|that1guy1998 forfeited.
|
|win|weezing in the sun
|raw|that1guy1998's rating: 1245 &rarr; <strong>1225</strong><br />(-20 for losing)
|raw|weezing in the sun's rating: 1322 &rarr; <strong>1338</strong><br />(+16 for winning)
|l|☆that1guy1998
|player|p1|
|l|☆weezing in the sun
|player|p2|
