|j|☆sillynator
|j|☆Ferrous2 000
|t:|1750746522
|gametype|doubles
|player|p1|sillynator|emmet|1334
|player|p2|Ferrous2 000|hiker|1279
|teamsize|p1|6
|teamsize|p2|6
|gen|9
|tier|[Gen 9] VGC 2025 Reg I
|rated|
|rule|Species Clause: Limit one of each Pokémon
|rule|Item Clause: Limit 1 of each item
|clearpoke
|poke|p1|Miraidon, L50|
|poke|p1|Basculegion, L50, M|
|poke|p1|Kyogre, L50|
|poke|p1|Incineroar, L50, F|
|poke|p1|Ogerpon-Cornerstone, L50, F|
|poke|p1|Murkrow, L50, F|
|poke|p2|Koraidon, L50|
|poke|p2|Incineroar, L50, M|
|poke|p2|Volcarona, L50, M|
|poke|p2|Solgaleo, L50|
|poke|p2|Ogerpon-Cornerstone, L50, F|
|poke|p2|Flutter Mane, L50|
|teampreview|4
|inactive|Battle timer is ON: inactive players will automatically lose when time's up. (requested by sillynator)
|inactive|Ferrous2 000 has 60 seconds left.
|
|t:|1750746559
|start
|switch|p1a: Kyogre|Kyogre, L50, shiny|100/100
|switch|p1b: Ogerpon|Ogerpon-Cornerstone, L50, F|100/100
|switch|p2a: Ivy|Ogerpon-Cornerstone, L50, F|100/100
|switch|p2b: Nalgaechineunmeori|Flutter Mane, L50|100/100
|-weather|RainDance|[from] ability: Drizzle|[of] p1a: Kyogre
|turn|1
|inactive|sillynator has 30 seconds left.
|inactive|Ferrous2 000 has 30 seconds left.
|inactive|Ferrous2 000 has 20 seconds left.
|inactive|Ferrous2 000 has 15 seconds left.
|inactive|Ferrous2 000 has 10 seconds left.
|inactive|Ferrous2 000 has 5 seconds left.
|
|t:|1750746612
|move|p1a: Kyogre|Protect|p1a: Kyogre
|-singleturn|p1a: Kyogre|Protect
|move|p2b: Nalgaechineunmeori|Dazzling Gleam|p1b: Ogerpon|[spread] p1b
|-activate|p1a: Kyogre|move: Protect
|-damage|p1b: Ogerpon|67/100
|move|p1b: Ogerpon|Wood Hammer|p2b: Nalgaechineunmeori
|-damage|p2b: Nalgaechineunmeori|0 fnt
|faint|p2b: Nalgaechineunmeori
|-end|p2b: Nalgaechineunmeori|Protosynthesis|[silent]
|-damage|p1b: Ogerpon|42/100|[from] Recoil
|move|p2a: Ivy|Ivy Cudgel|p1a: Kyogre|[anim] Ivy Cudgel Rock
|-activate|p1a: Kyogre|move: Protect
|
|-weather|RainDance|[upkeep]
|upkeep
|
|t:|1750746618
|switch|p2b: Koraidon|Koraidon, L50|100/100
|-weather|SunnyDay|[from] ability: Orichalcum Pulse|[of] p2b: Koraidon
|-activate|p2b: Koraidon|Orichalcum Pulse|[source]
|turn|2
|inactive|Ferrous2 000 has 30 seconds left.
|
|t:|1750746651
|switch|p1b: Basculegion|Basculegion, L50, M|100/100
|switch|p1a: Miraidon|Miraidon, L50|100/100
|-fieldstart|move: Electric Terrain|[from] ability: Hadron Engine|[of] p1a: Miraidon
|move|p2a: Ivy|Ivy Cudgel|p1a: Miraidon|[anim] Ivy Cudgel Rock
|-damage|p1a: Miraidon|30/100
|move|p2b: Koraidon|Flame Charge|p1b: Basculegion
|-resisted|p1b: Basculegion
|-damage|p1b: Basculegion|77/100
|-boost|p2b: Koraidon|spe|1
|
|-weather|SunnyDay|[upkeep]
|upkeep
|turn|3
|inactive|sillynator has 30 seconds left.
|
|t:|1750746681
|move|p2b: Koraidon|Protect|p2b: Koraidon
|-singleturn|p2b: Koraidon|Protect
|move|p1b: Basculegion|Protect|p1b: Basculegion
|-singleturn|p1b: Basculegion|Protect
|move|p1a: Miraidon|Dazzling Gleam|p2b: Koraidon|[spread] p2a
|-activate|p2b: Koraidon|move: Protect
|-damage|p2a: Ivy|48/100
|move|p2a: Ivy|Wood Hammer|p1b: Basculegion
|-activate|p1b: Basculegion|move: Protect
|
|-weather|SunnyDay|[upkeep]
|upkeep
|turn|4
|
|t:|1750746701
|switch|p1b: Ogerpon|Ogerpon-Cornerstone, L50, F|42/100
|move|p2b: Koraidon|Close Combat|p1a: Miraidon
|-damage|p1a: Miraidon|0 fnt
|-unboost|p2b: Koraidon|def|1
|-unboost|p2b: Koraidon|spd|1
|faint|p1a: Miraidon
|move|p2a: Ivy|Wood Hammer|p1b: Ogerpon
|-damage|p1b: Ogerpon|0 fnt
|faint|p1b: Ogerpon
|-damage|p2a: Ivy|33/100|[from] Recoil
|
|-weather|SunnyDay|[upkeep]
|upkeep
|
|t:|1750746717
|switch|p1a: Kyogre|Kyogre, L50, shiny|100/100
|switch|p1b: Basculegion|Basculegion, L50, M|77/100
|-weather|RainDance|[from] ability: Drizzle|[of] p1a: Kyogre
|turn|5
|inactive|sillynator has 30 seconds left.
|inactive|Ferrous2 000 has 30 seconds left.
|
|t:|1750746743
|move|p1b: Basculegion|Wave Crash|p2b: Koraidon
|-resisted|p2b: Koraidon
|-damage|p2b: Koraidon|37/100
|-damage|p1b: Basculegion|55/100|[from] Recoil
|-damage|p1b: Basculegion|45/100|[from] item: Life Orb
|move|p2b: Koraidon|Close Combat|p1a: Kyogre
|-damage|p1a: Kyogre|40/100
|-unboost|p2b: Koraidon|def|1
|-unboost|p2b: Koraidon|spd|1
|move|p2a: Ivy|Wood Hammer|p1b: Basculegion
|-supereffective|p1b: Basculegion
|-damage|p1b: Basculegion|0 fnt
|faint|p1b: Basculegion
|-damage|p2a: Ivy|14/100|[from] Recoil
|move|p1a: Kyogre|Water Spout|p2b: Koraidon|[spread] p2a,p2b
|-resisted|p2b: Koraidon
|-damage|p2a: Ivy|0 fnt
|-damage|p2b: Koraidon|0 fnt
|faint|p2a: Ivy
|faint|p2b: Koraidon
|
|-weather|RainDance|[upkeep]
|upkeep
|c|☆sillynator|Meant to click last respects
|
|t:|1750746762
|switch|p2b: Solgaleo|Solgaleo, L50|100/100
|turn|6
|
|t:|1750746770
|-terastallize|p2b: Solgaleo|Grass
|move|p2b: Solgaleo|Psychic Fangs|p1a: Kyogre
|-damage|p1a: Kyogre|0 fnt
|faint|p1a: Kyogre
|-damage|p2b: Solgaleo|91/100|[from] item: Life Orb
|
|win|Ferrous2 000
|raw|sillynator's rating: 1334 &rarr; <strong>1311</strong><br />(-23 for losing)
|raw|Ferrous2 000's rating: 1279 &rarr; <strong>1308</strong><br />(+29 for winning)
|l|☆sillynator
|player|p1|
|l|☆Ferrous2 000
|player|p2|
