|j|☆Phantom_rook
|j|☆booghost23
|t:|1750766751
|gametype|doubles
|player|p1|Phantom_rook|169|1261
|player|p2|booghost23|policeman-gen4|1187
|teamsize|p1|6
|teamsize|p2|6
|gen|9
|tier|[Gen 9] VGC 2025 Reg I
|rated|
|rule|Species Clause: Limit one of each Pokémon
|rule|Item Clause: Limit 1 of each item
|clearpoke
|poke|p1|Miraidon, L50|
|poke|p1|Lunala, L50|
|poke|p1|Chi-Yu, L50|
|poke|p1|Whimsicott, L50, F|
|poke|p1|Iron Hands, L50|
|poke|p1|Urshifu-*, L50, F|
|poke|p2|Dusclops, L50, M|
|poke|p2|Groudon, L50|
|poke|p2|Charizard, L50, M|
|poke|p2|Arcanine, L50, M|
|poke|p2|Koraidon, L50|
|poke|p2|Golem, L50, M|
|teampreview|4
|inactive|Battle timer is ON: inactive players will automatically lose when time's up. (requested by Phantom_rook)
|
|t:|1750766781
|start
|switch|p1a: Miraidon|Miraidon, L50|100/100
|switch|p1b: Chi-Yu|Chi-Yu, L50|100/100
|switch|p2a: The Don|Groudon, L50|100/100
|switch|p2b: Rock ON|Golem, L50, M|100/100
|-ability|p1b: Chi-Yu|Beads of Ruin
|-fieldstart|move: Electric Terrain|[from] ability: Hadron Engine|[of] p1a: Miraidon
|-weather|SunnyDay|[from] ability: Drought|[of] p2a: The Don
|turn|1
|inactive|booghost23 has 30 seconds left.
|
|t:|1750766806
|-terastallize|p1a: Miraidon|Fairy
|move|p2b: Rock ON|Wide Guard|p2b: Rock ON
|-singleturn|p2b: Rock ON|Wide Guard
|move|p1b: Chi-Yu|Overheat|p2a: The Don
|-damage|p2a: The Don|0 fnt
|-unboost|p1b: Chi-Yu|spa|2
|faint|p2a: The Don
|move|p1a: Miraidon|Dazzling Gleam|p2b: Rock ON
|-activate|p2b: Rock ON|move: Wide Guard
|
|-weather|SunnyDay|[upkeep]
|upkeep
|
|t:|1750766819
|switch|p2a: VVulf|Arcanine, L50, M|100/100
|-ability|p2a: VVulf|Intimidate|boost
|-unboost|p1a: Miraidon|atk|1
|-unboost|p1b: Chi-Yu|atk|1
|turn|2
|
|t:|1750766834
|switch|p1b: Iron Hands|Iron Hands, L50|100/100
|-activate|p1b: Iron Hands|ability: Quark Drive
|-start|p1b: Iron Hands|quarkdriveatk
|switch|p1a: Lunala|Lunala, L50|100/100
|move|p2b: Rock ON|Wide Guard|p2b: Rock ON
|-singleturn|p2b: Rock ON|Wide Guard
|move|p2a: VVulf|Flare Blitz|p1a: Lunala
|-damage|p1a: Lunala|49/100
|-damage|p2a: VVulf|76/100|[from] Recoil
|
|-weather|SunnyDay|[upkeep]
|upkeep
|turn|3
|
|t:|1750766858
|move|p1b: Iron Hands|Fake Out|p2a: VVulf
|-damage|p2a: VVulf|49/100
|cant|p2a: VVulf|flinch
|move|p1a: Lunala|Meteor Beam||[still]
|-prepare|p1a: Lunala|Meteor Beam
|-boost|p1a: Lunala|spa|1
|-enditem|p1a: Lunala|Power Herb
|-anim|p1a: Lunala|Meteor Beam|p2a: VVulf
|-supereffective|p2a: VVulf
|-damage|p2a: VVulf|0 fnt
|faint|p2a: VVulf
|move|p2b: Rock ON|Rock Slide|p1b: Iron Hands|[spread] p1a,p1b
|-resisted|p1b: Iron Hands
|-damage|p1a: Lunala|26/100
|-damage|p1b: Iron Hands|91/100
|
|-weather|SunnyDay|[upkeep]
|upkeep
|
|t:|1750766871
|switch|p2a: Ride or Die|Koraidon, L50|100/100
|-activate|p2a: Ride or Die|ability: Orichalcum Pulse
|turn|4
|
|t:|1750766895
|move|p2a: Ride or Die|Flare Blitz|p1a: Lunala
|-damage|p1a: Lunala|0 fnt
|faint|p1a: Lunala
|-damage|p2a: Ride or Die|89/100|[from] Recoil
|move|p2b: Rock ON|Stone Edge|p1b: Iron Hands
|-resisted|p1b: Iron Hands
|-damage|p1b: Iron Hands|74/100
|move|p1b: Iron Hands|Low Kick|p2b: Rock ON
|-supereffective|p2b: Rock ON
|-ability|p2b: Rock ON|Sturdy
|-damage|p2b: Rock ON|1/100
|
|-weather|SunnyDay|[upkeep]
|upkeep
|
|t:|1750766911
|switch|p1a: Chi-Yu|Chi-Yu, L50|100/100
|-ability|p1a: Chi-Yu|Beads of Ruin
|turn|5
|inactive|booghost23 has 30 seconds left.
|
|t:|1750766938
|move|p1a: Chi-Yu|Overheat|p2a: Ride or Die
|-resisted|p2a: Ride or Die
|-damage|p2a: Ride or Die|12/100
|-unboost|p1a: Chi-Yu|spa|2
|move|p2a: Ride or Die|Collision Course|p1a: Chi-Yu
|-supereffective|p1a: Chi-Yu
|-damage|p1a: Chi-Yu|0 fnt
|faint|p1a: Chi-Yu
|move|p2b: Rock ON|Rock Slide|p1b: Iron Hands
|-resisted|p1b: Iron Hands
|-crit|p1b: Iron Hands
|-damage|p1b: Iron Hands|56/100
|move|p1b: Iron Hands|Drain Punch|p2b: Rock ON
|-supereffective|p2b: Rock ON
|-damage|p2b: Rock ON|0 fnt
|-heal|p1b: Iron Hands|56/100|[from] drain|[of] p2b: Rock ON
|faint|p2b: Rock ON
|
|-weather|none
|-fieldend|move: Electric Terrain
|-end|p1b: Iron Hands|Quark Drive
|upkeep
|
|t:|1750766945
|switch|p1a: Miraidon|Miraidon, L50, tera:Fairy|100/100
|-fieldstart|move: Electric Terrain|[from] ability: Hadron Engine|[of] p1a: Miraidon
|-activate|p1b: Iron Hands|ability: Quark Drive
|-start|p1b: Iron Hands|quarkdriveatk
|turn|6
|-message|booghost23 forfeited.
|
|win|Phantom_rook
|raw|Phantom_rook's rating: 1261 &rarr; <strong>1281</strong><br />(+20 for winning)
|raw|booghost23's rating: 1187 &rarr; <strong>1167</strong><br />(-20 for losing)
|l|☆booghost23
|player|p2|
|l|☆Phantom_rook
|player|p1|
