|j|☆A_AstroFakemons
|j|‽rxinfinitygamer
|t:|1750867388
|gametype|doubles
|player|p1|A_AstroFakemons|kieran-champion|1244
|player|p2|rxinfinitygamer|cynthia-gen4|1262
|teamsize|p1|4
|teamsize|p2|6
|gen|9
|tier|[Gen 9] VGC 2025 Reg I
|rated|
|rule|Species Clause: Limit one of each Pokémon
|rule|Item Clause: Limit 1 of each item
|clearpoke
|poke|p1|Terapagos, L50, M|
|poke|p1|Calyrex-Ice, L50|
|poke|p1|Hakamo-o, L50, M|
|poke|p1|Weezing-Galar, L50, M|
|poke|p2|Dialga-Origin, L50|
|poke|p2|Zamazenta-*, L50|
|poke|p2|Incineroar, L50, M|
|poke|p2|Pelipper, L50, M|
|poke|p2|Rillaboom, L50, M|
|poke|p2|Urshifu-*, L50, F|
|teampreview|4
|inactive|Battle timer is ON: inactive players will automatically lose when time's up. (requested by rxinfinitygamer)
|inactive|A_AstroFakemons also wants the timer to be on.
|
|t:|1750867417
|start
|switch|p1a: Rex and Valguero|Calyrex-Ice, L50|100/100
|switch|p1b: Kid Sensei|Hakamo-o, L50, M|100/100
|switch|p2a: Dialga|Dialga-Origin, L50|100/100
|switch|p2b: Incineroar|Incineroar, L50, M, shiny|100/100
|-ability|p1a: Rex and Valguero|As One
|-ability|p1a: Rex and Valguero|Unnerve
|-ability|p2b: Incineroar|Intimidate|boost
|-fail|p1a: Rex and Valguero|unboost|[from] item: Clear Amulet|[of] p1a: Rex and Valguero
|-unboost|p1b: Kid Sensei|atk|1
|turn|1
|
|t:|1750867435
|-terastallize|p1a: Rex and Valguero|Fire
|move|p2b: Incineroar|Fake Out|p1b: Kid Sensei
|-damage|p1b: Kid Sensei|92/100
|cant|p1b: Kid Sensei|flinch
|move|p2a: Dialga|Flash Cannon|p1a: Rex and Valguero
|-resisted|p1a: Rex and Valguero
|-damage|p1a: Rex and Valguero|84/100
|move|p1a: Rex and Valguero|High Horsepower|p2b: Incineroar
|-supereffective|p2b: Incineroar
|-damage|p2b: Incineroar|29/100
|
|upkeep
|turn|2
|
|t:|1750867451
|-terastallize|p2a: Dialga|Water
|move|p2b: Incineroar|Protect|p2b: Incineroar
|-singleturn|p2b: Incineroar|Protect
|move|p1a: Rex and Valguero|Protect|p1a: Rex and Valguero
|-singleturn|p1a: Rex and Valguero|Protect
|move|p2a: Dialga|Tera Blast|p1a: Rex and Valguero|[anim] Tera Blast Water
|-activate|p1a: Rex and Valguero|move: Protect
|move|p1b: Kid Sensei|Coaching|p1a: Rex and Valguero
|-boost|p1a: Rex and Valguero|atk|1
|-boost|p1a: Rex and Valguero|def|1
|
|upkeep
|turn|3
|
|t:|1750867473
|switch|p2b: Zamazenta|Zamazenta-Crowned, L50|100/100
|-ability|p2b: Zamazenta|Dauntless Shield|boost
|-boost|p2b: Zamazenta|def|1
|move|p2a: Dialga|Tera Blast|p1a: Rex and Valguero|[anim] Tera Blast Water
|-supereffective|p1a: Rex and Valguero
|-damage|p1a: Rex and Valguero|28/100
|move|p1b: Kid Sensei|Coaching|p1a: Rex and Valguero
|-boost|p1a: Rex and Valguero|atk|1
|-boost|p1a: Rex and Valguero|def|1
|move|p1a: Rex and Valguero|Trick Room|p1a: Rex and Valguero
|-fieldstart|move: Trick Room|[of] p1a: Rex and Valguero
|
|upkeep
|turn|4
|inactive|A_AstroFakemons has 30 seconds left.
|
|t:|1750867498
|move|p1a: Rex and Valguero|Protect|p1a: Rex and Valguero
|-singleturn|p1a: Rex and Valguero|Protect
|move|p2b: Zamazenta|Protect|p2b: Zamazenta
|-singleturn|p2b: Zamazenta|Protect
|move|p1b: Kid Sensei|Coaching|p1a: Rex and Valguero
|-boost|p1a: Rex and Valguero|atk|1
|-boost|p1a: Rex and Valguero|def|1
|move|p2a: Dialga|Tera Blast|p1a: Rex and Valguero|[anim] Tera Blast Water
|-activate|p1a: Rex and Valguero|move: Protect
|
|upkeep
|turn|5
|
|t:|1750867512
|switch|p2b: Incineroar|Incineroar, L50, M, shiny|29/100
|-ability|p2b: Incineroar|Intimidate|boost
|-fail|p1a: Rex and Valguero|unboost|[from] item: Clear Amulet|[of] p1a: Rex and Valguero
|-unboost|p1b: Kid Sensei|atk|1
|move|p1a: Rex and Valguero|High Horsepower|p2a: Dialga
|-damage|p2a: Dialga|31/100
|move|p1b: Kid Sensei|Breaking Swipe|p2b: Incineroar|[spread] p2a,p2b
|-damage|p2a: Dialga|26/100
|-damage|p2b: Incineroar|23/100
|-unboost|p2a: Dialga|atk|1
|-unboost|p2b: Incineroar|atk|1
|move|p2a: Dialga|Tera Blast|p1a: Rex and Valguero|[anim] Tera Blast Water
|-supereffective|p1a: Rex and Valguero
|-damage|p1a: Rex and Valguero|0 fnt
|faint|p1a: Rex and Valguero
|
|upkeep
|
|t:|1750867529
|switch|p1a: Paldea|Terapagos, L50, M|100/100
|-activate|p1a: Paldea|ability: Tera Shift
|detailschange|p1a: Paldea|Terapagos-Terastal, L50, M
|-heal|p1a: Paldea|100/100|[silent]
|turn|6
|
|t:|1750867539
|move|p1b: Kid Sensei|Upper Hand|p2b: Incineroar
|-supereffective|p2b: Incineroar
|-damage|p2b: Incineroar|4/100
|cant|p2b: Incineroar|flinch
|move|p1a: Paldea|Calm Mind|p1a: Paldea
|-boost|p1a: Paldea|spa|1
|-boost|p1a: Paldea|spd|1
|move|p2a: Dialga|Draco Meteor|p1b: Kid Sensei
|-supereffective|p1b: Kid Sensei
|-damage|p1b: Kid Sensei|0 fnt
|-unboost|p2a: Dialga|spa|2
|faint|p1b: Kid Sensei
|
|upkeep
|
|t:|1750867552
|switch|p1b: Smoker and Gus|Weezing-Galar, L50, M, shiny|100/100
|-fieldstart|move: Misty Terrain|[from] ability: Misty Surge|[of] p1b: Smoker and Gus
|turn|7
|
|t:|1750867568
|switch|p2a: Zamazenta|Zamazenta-Crowned, L50|100/100
|move|p1b: Smoker and Gus|Strange Steam|p2b: Incineroar
|-damage|p2b: Incineroar|0 fnt
|faint|p2b: Incineroar
|move|p1a: Paldea|Calm Mind|p1a: Paldea
|-boost|p1a: Paldea|spa|1
|-boost|p1a: Paldea|spd|1
|
|-fieldend|move: Trick Room
|upkeep
|
|t:|1750867577
|switch|p2b: Dialga|Dialga-Origin, L50, tera:Water|26/100
|turn|8
|
|t:|1750867588
|move|p2a: Zamazenta|Body Press|p1a: Paldea
|-activate|p1a: Paldea|ability: Tera Shell
|-resisted|p1a: Paldea
|-damage|p1a: Paldea|84/100
|move|p2b: Dialga|Flash Cannon|p1b: Smoker and Gus
|-supereffective|p1b: Smoker and Gus
|-damage|p1b: Smoker and Gus|0 fnt
|faint|p1b: Smoker and Gus
|move|p1a: Paldea|Earth Power|p2a: Zamazenta
|-supereffective|p2a: Zamazenta
|-damage|p2a: Zamazenta|40/100
|
|-heal|p1a: Paldea|89/100|[from] item: Leftovers
|upkeep
|turn|9
|
|t:|1750867601
|move|p1a: Paldea|Protect|p1a: Paldea
|-singleturn|p1a: Paldea|Protect
|move|p2a: Zamazenta|Body Press|p1a: Paldea
|-activate|p1a: Paldea|move: Protect
|move|p2b: Dialga|Tera Blast|p1a: Paldea|[anim] Tera Blast Water
|-activate|p1a: Paldea|move: Protect
|
|-heal|p1a: Paldea|95/100|[from] item: Leftovers
|upkeep
|turn|10
|
|t:|1750867613
|move|p2a: Zamazenta|Body Press|p1a: Paldea
|-supereffective|p1a: Paldea
|-damage|p1a: Paldea|18/100
|move|p2b: Dialga|Tera Blast|p1a: Paldea|[anim] Tera Blast Water
|-damage|p1a: Paldea|0 fnt
|faint|p1a: Paldea
|
|win|rxinfinitygamer
|raw|A_AstroFakemons's rating: 1244 &rarr; <strong>1220</strong><br />(-24 for losing)
|raw|rxinfinitygamer's rating: 1262 &rarr; <strong>1286</strong><br />(+24 for winning)
|l|☆A_AstroFakemons
|player|p1|
