|j|☆britboy6821
|j|☆JoeGurt_Gaming
|t:|1750800223
|gametype|doubles
|player|p1|britboy6821|266|1109
|player|p2|JoeGurt_Gaming|265|1147
|teamsize|p1|6
|teamsize|p2|6
|gen|9
|tier|[Gen 9] VGC 2025 Reg I
|rated|
|rule|Species Clause: Limit one of each Pokémon
|rule|Item Clause: Limit 1 of each item
|clearpoke
|poke|p1|Zamazenta-*, L50|
|poke|p1|Koraidon, L50|
|poke|p1|Walking Wake, L50|
|poke|p1|Rillaboom, L50, F|
|poke|p1|Jumpluff, L50, F|
|poke|p1|Incineroar, L50, M|
|poke|p2|Miraidon, L50|
|poke|p2|Kyogre, L50|
|poke|p2|Tornadus, L50, M|
|poke|p2|Lumineon, L50, F|
|poke|p2|Iron Hands, L50|
|poke|p2|Incineroar, L50, F|
|teampreview|4
JoeGurt_Gaming has agreed to open team sheets.
britboy6821 has agreed to open team sheets.
|showteam|p1|Zamazenta-Crowned||RustedShield|DauntlessShield|BodyPress,WideGuard,Protect,HeavySlam||||||50|,,,,,Grass]Koraidon||LifeOrb|OrichalcumPulse|CloseCombat,DragonClaw,Protect,FlareBlitz||||||50|,,,,,Fire]Walking Wake||AssaultVest|Protosynthesis|Scald,Snarl,DracoMeteor,Flamethrower||||||50|,,,,,Dark]Rillaboom||RockyHelmet|GrassySurge|DrumBeating,FakeOut,GrassyGlide,Protect|||F|||50|,,,,,Grass]Jumpluff||FocusSash|Chlorophyll|Encore,PollenPuff,Tailwind,SleepPowder|||F|||50|,,,,,Water]Incineroar||SafetyGoggles|Intimidate|Taunt,FakeOut,KnockOff,PartingShot|||M|||50|,,,,,Ghost
|showteam|p2|Miraidon||ChoiceSpecs|HadronEngine|DragonPulse,DazzlingGleam,ElectroDrift,VoltSwitch||||||50|,,,,,Fairy]Kyogre||MysticWater|Drizzle|WaterSpout,OriginPulse,IceBeam,Protect||||||50|,,,,,Water]Tornadus||MentalHerb|Prankster|Tailwind,RainDance,BleakwindStorm,Protect|||M|||50|,,,,,Ghost]Lumineon||Leftovers|SwiftSwim|HydroPump,HelpingHand,Tailwind,Protect|||F|||50|,,,,,Grass]Iron Hands||AssaultVest|QuarkDrive|FakeOut,LowKick,DrainPunch,WildCharge||||||50|,,,,,Water]Incineroar||SitrusBerry|Intimidate|KnockOff,FakeOut,FlareBlitz,PartingShot|||F|||50|,,,,,Grass
|inactive|Battle timer is ON: inactive players will automatically lose when time's up. (requested by JoeGurt_Gaming)
|
|t:|1750800277
|start
|switch|p1a: Rillaboom|Rillaboom, L50, F|100/100
|switch|p1b: Jumpluff|Jumpluff, L50, F, shiny|100/100
|switch|p2a: Miraidon|Miraidon, L50|100/100
|switch|p2b: Lumineon|Lumineon, L50, F|100/100
|-fieldstart|move: Electric Terrain|[from] ability: Hadron Engine|[of] p2a: Miraidon
|-fieldstart|move: Grassy Terrain|[from] ability: Grassy Surge|[of] p1a: Rillaboom
|turn|1
|inactive|JoeGurt_Gaming has 30 seconds left.
|
|t:|1750800310
|switch|p2a: Kyogre|Kyogre, L50|100/100
|-weather|RainDance|[from] ability: Drizzle|[of] p2a: Kyogre
|move|p1a: Rillaboom|Grassy Glide|p2b: Lumineon
|-supereffective|p2b: Lumineon
|-damage|p2b: Lumineon|22/100
|move|p2b: Lumineon|Tailwind|p2b: Lumineon
|-sidestart|p2: JoeGurt_Gaming|move: Tailwind
|move|p1b: Jumpluff|Tailwind|p1b: Jumpluff
|-sidestart|p1: britboy6821|move: Tailwind
|
|-weather|RainDance|[upkeep]
|-heal|p2b: Lumineon|28/100|[from] Grassy Terrain
|-heal|p2b: Lumineon|35/100|[from] item: Leftovers
|upkeep
|turn|2
|inactive|JoeGurt_Gaming has 30 seconds left.
|inactive|JoeGurt_Gaming has 20 seconds left.
|inactive|JoeGurt_Gaming has 15 seconds left.
|inactive|JoeGurt_Gaming has 10 seconds left.
|
|t:|1750800355
|switch|p1b: Koraidon|Koraidon, L50|100/100
|-weather|SunnyDay|[from] ability: Orichalcum Pulse|[of] p1b: Koraidon
|-activate|p1b: Koraidon|Orichalcum Pulse|[source]
|-terastallize|p2a: Kyogre|Water
|move|p2b: Lumineon|Helping Hand|p2a: Kyogre
|-singleturn|p2a: Kyogre|Helping Hand|[of] p2b: Lumineon
|move|p1a: Rillaboom|Grassy Glide|p2b: Lumineon
|-supereffective|p2b: Lumineon
|-damage|p2b: Lumineon|0 fnt
|faint|p2b: Lumineon
|move|p2a: Kyogre|Origin Pulse|p1a: Rillaboom|[spread] p1a,p1b
|-resisted|p1a: Rillaboom
|-resisted|p1b: Koraidon
|-damage|p1a: Rillaboom|63/100
|-damage|p1b: Koraidon|70/100
|
|-weather|SunnyDay|[upkeep]
|-heal|p1b: Koraidon|77/100|[from] Grassy Terrain
|-heal|p1a: Rillaboom|68/100|[from] Grassy Terrain
|upkeep
|
|t:|1750800372
|switch|p2b: Iron Hands|Iron Hands, L50|100/100
|turn|3
|
|t:|1750800380
|switch|p2a: Miraidon|Miraidon, L50|100/100
|-fieldstart|move: Electric Terrain|[from] ability: Hadron Engine|[of] p2a: Miraidon
|-activate|p2b: Iron Hands|ability: Quark Drive
|-start|p2b: Iron Hands|quarkdriveatk
|move|p2b: Iron Hands|Fake Out|p1b: Koraidon
|-damage|p1b: Koraidon|60/100
|cant|p1b: Koraidon|flinch
|move|p1a: Rillaboom|Drum Beating|p2a: Miraidon
|-resisted|p2a: Miraidon
|-damage|p2a: Miraidon|81/100
|-unboost|p2a: Miraidon|spe|1
|
|-weather|SunnyDay|[upkeep]
|upkeep
|turn|4
|inactive|JoeGurt_Gaming has 30 seconds left.
|inactive|JoeGurt_Gaming has 20 seconds left.
|
|t:|1750800417
|switch|p1a: Zamazenta|Zamazenta-Crowned, L50|100/100
|-ability|p1a: Zamazenta|Dauntless Shield|boost
|-boost|p1a: Zamazenta|def|1
|switch|p2a: Kyogre|Kyogre, L50, tera:Water|100/100
|-weather|RainDance|[from] ability: Drizzle|[of] p2a: Kyogre
|move|p1b: Koraidon|Protect|p1b: Koraidon
|-singleturn|p1b: Koraidon|Protect
|move|p2b: Iron Hands|Low Kick|p1b: Koraidon
|-activate|p1b: Koraidon|move: Protect
|
|-weather|RainDance|[upkeep]
|-sideend|p2: JoeGurt_Gaming|move: Tailwind
|-sideend|p1: britboy6821|move: Tailwind
|upkeep
|turn|5
|
|t:|1750800439
|switch|p1b: Rillaboom|Rillaboom, L50, F|68/100
|-fieldstart|move: Grassy Terrain|[from] ability: Grassy Surge|[of] p1b: Rillaboom
|-end|p2b: Iron Hands|Quark Drive
|-terastallize|p1a: Zamazenta|Grass
|move|p1a: Zamazenta|Wide Guard|p1a: Zamazenta
|-singleturn|p1a: Zamazenta|Wide Guard
|move|p2a: Kyogre|Ice Beam|p1b: Rillaboom
|-supereffective|p1b: Rillaboom
|-damage|p1b: Rillaboom|0 fnt
|faint|p1b: Rillaboom
|move|p2b: Iron Hands|Low Kick|p1a: Zamazenta
|-damage|p1a: Zamazenta|75/100
|
|-weather|RainDance|[upkeep]
|-heal|p1a: Zamazenta|81/100|[from] Grassy Terrain
|upkeep
|
|t:|1750800448
|switch|p1b: Koraidon|Koraidon, L50|60/100
|-weather|SunnyDay|[from] ability: Orichalcum Pulse|[of] p1b: Koraidon
|-activate|p1b: Koraidon|Orichalcum Pulse|[source]
|turn|6
|
|t:|1750800463
|switch|p2a: Miraidon|Miraidon, L50|81/100
|-fieldstart|move: Electric Terrain|[from] ability: Hadron Engine|[of] p2a: Miraidon
|-activate|p2b: Iron Hands|ability: Quark Drive
|-start|p2b: Iron Hands|quarkdriveatk
|move|p1b: Koraidon|Dragon Claw|p2a: Miraidon
|-supereffective|p2a: Miraidon
|-damage|p2a: Miraidon|0 fnt
|faint|p2a: Miraidon
|-damage|p1b: Koraidon|50/100|[from] item: Life Orb
|move|p1a: Zamazenta|Body Press|p2b: Iron Hands
|-damage|p2b: Iron Hands|45/100
|move|p2b: Iron Hands|Low Kick|p1b: Koraidon
|-damage|p1b: Koraidon|0 fnt
|faint|p1b: Koraidon
|
|-weather|SunnyDay|[upkeep]
|upkeep
|
|t:|1750800477
|switch|p2a: Kyogre|Kyogre, L50, tera:Water|100/100
|switch|p1b: Jumpluff|Jumpluff, L50, F, shiny|100/100
|-weather|RainDance|[from] ability: Drizzle|[of] p2a: Kyogre
|turn|7
|
|t:|1750800497
|move|p1b: Jumpluff|Sleep Powder|p2a: Kyogre
|-activate|p2a: Kyogre|move: Electric Terrain
|move|p1a: Zamazenta|Body Press|p2b: Iron Hands
|-damage|p2b: Iron Hands|0 fnt
|faint|p2b: Iron Hands
|-end|p2b: Iron Hands|Quark Drive|[silent]
|move|p2a: Kyogre|Ice Beam|p1b: Jumpluff
|-supereffective|p1b: Jumpluff
|-enditem|p1b: Jumpluff|Focus Sash
|-damage|p1b: Jumpluff|1/100
|
|-weather|RainDance|[upkeep]
|upkeep
|turn|8
|
|t:|1750800514
|move|p1b: Jumpluff|Sleep Powder|p2a: Kyogre
|-activate|p2a: Kyogre|move: Electric Terrain
|move|p1a: Zamazenta|Body Press|p2a: Kyogre
|-damage|p2a: Kyogre|23/100
|move|p2a: Kyogre|Origin Pulse|p1b: Jumpluff|[spread] p1a,p1b
|-resisted|p1a: Zamazenta
|-resisted|p1b: Jumpluff
|-damage|p1a: Zamazenta|31/100
|-damage|p1b: Jumpluff|0 fnt
|faint|p1b: Jumpluff
|
|-weather|RainDance|[upkeep]
|upkeep
|turn|9
|
|t:|1750800530
|move|p2a: Kyogre|Protect|p2a: Kyogre
|-singleturn|p2a: Kyogre|Protect
|move|p1a: Zamazenta|Body Press|p2a: Kyogre
|-activate|p2a: Kyogre|move: Protect
|
|-weather|RainDance|[upkeep]
|upkeep
|turn|10
|
|t:|1750800540
|move|p1a: Zamazenta|Body Press|p2a: Kyogre
|-damage|p2a: Kyogre|0 fnt
|faint|p2a: Kyogre
|
|win|britboy6821
|raw|britboy6821's rating: 1109 &rarr; <strong>1137</strong><br />(+28 for winning)
|raw|JoeGurt_Gaming's rating: 1147 &rarr; <strong>1119</strong><br />(-28 for losing)
|l|☆britboy6821
|player|p1|
|l|☆JoeGurt_Gaming
|player|p2|
