|j|☆Niitsa
|j|☆fntzz
|t:|1750859603
|gametype|doubles
|player|p1|Niitsa|1|1253
|player|p2|fntzz|clown|1187
|teamsize|p1|6
|teamsize|p2|6
|gen|9
|tier|[Gen 9] VGC 2025 Reg I
|rated|
|rule|Species Clause: Limit one of each Pokémon
|rule|Item Clause: Limit 1 of each item
|clearpoke
|poke|p1|Zamazenta-*, L50|
|poke|p1|Amoonguss, L50, M|
|poke|p1|Incineroar, L50, F|
|poke|p1|Urshifu-*, L50, F|
|poke|p1|Chien-Pao, L50|
|poke|p1|Calyrex-Shadow, L50|
|poke|p2|Koraidon, L50|
|poke|p2|Zamazenta-*, L50|
|poke|p2|Chi-Yu, L50|
|poke|p2|Whimsicott, L50, F|
|poke|p2|Raging Bolt, L50|
|poke|p2|Weezing-Galar, L50, M|
|teampreview|4
|
|t:|1750859669
|start
|switch|p1a: Zamazenta|Zamazenta-Crowned, L50|100/100
|switch|p1b: Chien-Pao|Chien-Pao, L50|100/100
|switch|p2a: Koraidon|Koraidon, L50|100/100
|switch|p2b: Whimsicott|Whimsicott, L50, F|100/100
|-weather|SunnyDay|[from] ability: Orichalcum Pulse|[of] p2a: Koraidon
|-activate|p2a: Koraidon|Orichalcum Pulse|[source]
|-ability|p1b: Chien-Pao|Sword of Ruin
|-ability|p1a: Zamazenta|Dauntless Shield|boost
|-boost|p1a: Zamazenta|def|1
|turn|1
|
|t:|1750859700
|-terastallize|p2a: Koraidon|Fire
|-terastallize|p1a: Zamazenta|Dragon
|move|p2b: Whimsicott|Tailwind|p2b: Whimsicott
|-sidestart|p2: fntzz|move: Tailwind
|move|p2a: Koraidon|Flame Charge|p1b: Chien-Pao
|-supereffective|p1b: Chien-Pao
|-enditem|p1b: Chien-Pao|Focus Sash
|-damage|p1b: Chien-Pao|1/100
|-boost|p2a: Koraidon|spe|1
|move|p1b: Chien-Pao|Icicle Crash|p2b: Whimsicott
|-supereffective|p2b: Whimsicott
|-damage|p2b: Whimsicott|0 fnt
|faint|p2b: Whimsicott
|move|p1a: Zamazenta|Body Press|p2a: Koraidon
|-damage|p2a: Koraidon|15/100
|
|-weather|SunnyDay|[upkeep]
|upkeep
|
|t:|1750859720
|switch|p2b: Raging Bolt|Raging Bolt, L50|100/100
|-activate|p2b: Raging Bolt|ability: Protosynthesis
|-start|p2b: Raging Bolt|protosynthesisspa
|turn|2
|
|t:|1750859729
|move|p2a: Koraidon|Protect|p2a: Koraidon
|-singleturn|p2a: Koraidon|Protect
|move|p1b: Chien-Pao|Sucker Punch||[still]
|-fail|p1b: Chien-Pao
|move|p2b: Raging Bolt|Draco Meteor|p1a: Zamazenta|[miss]
|-miss|p2b: Raging Bolt|p1a: Zamazenta
|move|p1a: Zamazenta|Body Press|p2b: Raging Bolt
|-damage|p2b: Raging Bolt|22/100
|
|-weather|SunnyDay|[upkeep]
|upkeep
|turn|3
|
|t:|1750859753
|move|p2b: Raging Bolt|Thunderclap|p1b: Chien-Pao
|-damage|p1b: Chien-Pao|0 fnt
|faint|p1b: Chien-Pao
|move|p2a: Koraidon|Collision Course|p1a: Zamazenta
|-damage|p1a: Zamazenta|70/100
|move|p1a: Zamazenta|Body Press|p2a: Koraidon
|-damage|p2a: Koraidon|0 fnt
|faint|p2a: Koraidon
|
|-weather|SunnyDay|[upkeep]
|upkeep
|
|t:|1750859765
|switch|p2a: Zamazenta|Zamazenta-Crowned, L50|100/100
|switch|p1b: Incineroar|Incineroar, L50, F|100/100
|-ability|p2a: Zamazenta|Dauntless Shield|boost
|-boost|p2a: Zamazenta|def|1
|-ability|p1b: Incineroar|Intimidate|boost
|-unboost|p2a: Zamazenta|atk|1
|-unboost|p2b: Raging Bolt|atk|1
|turn|4
|
|t:|1750859778
|move|p1b: Incineroar|Fake Out|p2a: Zamazenta
|-resisted|p2a: Zamazenta
|-damage|p2a: Zamazenta|98/100
|cant|p2a: Zamazenta|flinch
|move|p2b: Raging Bolt|Draco Meteor|p1a: Zamazenta
|-supereffective|p1a: Zamazenta
|-damage|p1a: Zamazenta|0 fnt
|-unboost|p2b: Raging Bolt|spa|2
|faint|p1a: Zamazenta
|
|-weather|SunnyDay|[upkeep]
|-sideend|p2: fntzz|move: Tailwind
|upkeep
|
|t:|1750859788
|switch|p1a: Calyrex|Calyrex-Shadow, L50|100/100
|-ability|p1a: Calyrex|As One
|-ability|p1a: Calyrex|Unnerve
|turn|5
|
|t:|1750859823
|move|p2a: Zamazenta|Wide Guard|p2a: Zamazenta
|-singleturn|p2a: Zamazenta|Wide Guard
|move|p2b: Raging Bolt|Thunderclap|p1a: Calyrex
|-damage|p1a: Calyrex|79/100
|move|p1a: Calyrex|Astral Barrage|p2b: Raging Bolt|[spread] 
|-activate|p2a: Zamazenta|move: Wide Guard
|-activate|p2b: Raging Bolt|move: Wide Guard
|move|p1b: Incineroar|Knock Off|p2a: Zamazenta
|-resisted|p2a: Zamazenta
|-damage|p2a: Zamazenta|94/100
|
|-weather|none
|-end|p2b: Raging Bolt|Protosynthesis
|upkeep
|turn|6
|
|t:|1750859859
|move|p1a: Calyrex|Psychic|p2a: Zamazenta
|-damage|p2a: Zamazenta|49/100
|-damage|p1a: Calyrex|69/100|[from] item: Life Orb
|move|p2a: Zamazenta|Body Press|p1b: Incineroar
|-supereffective|p1b: Incineroar
|-damage|p1b: Incineroar|1/100
|move|p2b: Raging Bolt|Electroweb|p1b: Incineroar|[spread] p1a,p1b
|-crit|p1a: Calyrex
|-damage|p1a: Calyrex|40/100
|-damage|p1b: Incineroar|0 fnt
|-unboost|p1a: Calyrex|spe|1
|faint|p1b: Incineroar
|
|upkeep
|turn|7
|
|t:|1750859885
|move|p2a: Zamazenta|Wide Guard|p2a: Zamazenta
|-singleturn|p2a: Zamazenta|Wide Guard
|move|p1a: Calyrex|Astral Barrage|p2a: Zamazenta|[spread] 
|-activate|p2a: Zamazenta|move: Wide Guard
|-activate|p2b: Raging Bolt|move: Wide Guard
|move|p2b: Raging Bolt|Draco Meteor|p1a: Calyrex
|-damage|p1a: Calyrex|14/100
|-unboost|p2b: Raging Bolt|spa|2
|
|upkeep
|turn|8
|
|t:|1750859900
|move|p2a: Zamazenta|Wide Guard|p2a: Zamazenta
|-singleturn|p2a: Zamazenta|Wide Guard
|move|p2b: Raging Bolt|Thunderclap|p1a: Calyrex
|-damage|p1a: Calyrex|3/100
|move|p1a: Calyrex|Astral Barrage|p2b: Raging Bolt|[spread] 
|-activate|p2a: Zamazenta|move: Wide Guard
|-activate|p2b: Raging Bolt|move: Wide Guard
|
|upkeep
|turn|9
|
|t:|1750859911
|move|p2a: Zamazenta|Wide Guard|p2a: Zamazenta
|-singleturn|p2a: Zamazenta|Wide Guard
|move|p2b: Raging Bolt|Thunderclap|p1a: Calyrex
|-damage|p1a: Calyrex|0 fnt
|faint|p1a: Calyrex
|
|win|fntzz
|raw|Niitsa's rating: 1253 &rarr; <strong>1223</strong><br />(-30 for losing)
|raw|fntzz's rating: 1187 &rarr; <strong>1217</strong><br />(+30 for winning)
|l|☆Niitsa
|player|p1|
