|j|‽hayniu
|j|☆TheNoblePeasant
|t:|1750772809
|gametype|doubles
|player|p1|hayniu|2|1181
|player|p2|TheNoblePeasant|swimmer-gen4dp|1167
|teamsize|p1|6
|teamsize|p2|6
|gen|9
|tier|[Gen 9] VGC 2025 Reg I
|rated|
|rule|Species Clause: Limit one of each Pokémon
|rule|Item Clause: Limit 1 of each item
|clearpoke
|poke|p1|Miraidon, L50|
|poke|p1|Calyrex-Ice, L50|
|poke|p1|Incineroar, L50, F|
|poke|p1|Indeedee-F, L50, F|
|poke|p1|Chesnaught, L50, F|
|poke|p1|Iron Hands, L50|
|poke|p2|Rillaboom, L50, F|
|poke|p2|Incineroar, L50, M|
|poke|p2|Kyogre, L50|
|poke|p2|Brute Bonnet, L50|
|poke|p2|Koraidon, L50|
|poke|p2|Flutter Mane, L50|
|teampreview|4
|
|t:|1750772855
|start
|switch|p1a: Calyrex|Calyrex-Ice, L50|100/100
|switch|p1b: Indeedee|Indeedee-F, L50, F|100/100
|switch|p2a: Koraidon|Koraidon, L50|100/100
|switch|p2b: Flutter Mane|Flutter Mane, L50|100/100
|-ability|p1a: Calyrex|As One
|-ability|p1a: Calyrex|Unnerve
|-weather|SunnyDay|[from] ability: Orichalcum Pulse|[of] p2a: Koraidon
|-activate|p2b: Flutter Mane|ability: Protosynthesis
|-start|p2b: Flutter Mane|protosynthesisspe
|-activate|p2a: Koraidon|Orichalcum Pulse|[source]
|-fieldstart|move: Psychic Terrain|[from] ability: Psychic Surge|[of] p1b: Indeedee
|turn|1
|inactive|Battle timer is ON: inactive players will automatically lose when time's up. (requested by hayniu)
|
|t:|1750772923
|-terastallize|p2a: Koraidon|Fire
|move|p1a: Calyrex|Protect|p1a: Calyrex
|-singleturn|p1a: Calyrex|Protect
|move|p2b: Flutter Mane|Dazzling Gleam|p1a: Calyrex|[spread] p1b
|-activate|p1a: Calyrex|move: Protect
|-damage|p1b: Indeedee|75/100
|move|p2a: Koraidon|Flare Blitz|p1a: Calyrex
|-activate|p1a: Calyrex|move: Protect
|move|p1b: Indeedee|Trick Room|p1b: Indeedee
|-fieldstart|move: Trick Room|[of] p1b: Indeedee
|
|-weather|SunnyDay|[upkeep]
|upkeep
|turn|2
|inactive|hayniu has 30 seconds left.
|
|t:|1750772954
|move|p1b: Indeedee|Helping Hand|p1a: Calyrex
|-singleturn|p1a: Calyrex|Helping Hand|[of] p1b: Indeedee
|move|p2a: Koraidon|Protect|p2a: Koraidon
|-singleturn|p2a: Koraidon|Protect
|move|p1a: Calyrex|High Horsepower|p2a: Koraidon
|-activate|p2a: Koraidon|move: Protect
|move|p2b: Flutter Mane|Shadow Ball|p1a: Calyrex
|-supereffective|p1a: Calyrex
|-damage|p1a: Calyrex|29/100
|
|-weather|SunnyDay|[upkeep]
|upkeep
|turn|3
|
|t:|1750772972
|switch|p2a: Kyogre|Kyogre, L50|100/100
|-weather|RainDance|[from] ability: Drizzle|[of] p2a: Kyogre
|-end|p2b: Flutter Mane|Protosynthesis
|move|p1b: Indeedee|Helping Hand|p1a: Calyrex
|-singleturn|p1a: Calyrex|Helping Hand|[of] p1b: Indeedee
|move|p1a: Calyrex|Glacial Lance|p2b: Flutter Mane|[spread] p2a,p2b
|-resisted|p2a: Kyogre
|-damage|p2a: Kyogre|59/100
|-enditem|p2b: Flutter Mane|Focus Sash
|-damage|p2b: Flutter Mane|1/100
|move|p2b: Flutter Mane|Shadow Ball|p1a: Calyrex
|-supereffective|p1a: Calyrex
|-damage|p1a: Calyrex|0 fnt
|faint|p1a: Calyrex
|
|-weather|RainDance|[upkeep]
|upkeep
|
|t:|1750772982
|switch|p1a: Chesnaught|Chesnaught, L50, F|100/100
|turn|4
|inactive|TheNoblePeasant has 30 seconds left.
|
|t:|1750773014
|switch|p2a: Rillaboom|Rillaboom, L50, F|100/100
|-fieldstart|move: Grassy Terrain|[from] ability: Grassy Surge|[of] p2a: Rillaboom
|move|p2b: Flutter Mane|Protect|p2b: Flutter Mane
|-singleturn|p2b: Flutter Mane|Protect
|move|p1a: Chesnaught|Leech Seed|p2a: Rillaboom
|-immune|p2a: Rillaboom
|move|p1b: Indeedee|Dazzling Gleam|p2a: Rillaboom|[spread] p2a
|-activate|p2b: Flutter Mane|move: Protect
|-damage|p2a: Rillaboom|89/100
|
|-weather|RainDance|[upkeep]
|-heal|p1b: Indeedee|81/100|[from] Grassy Terrain
|-heal|p2a: Rillaboom|95/100|[from] Grassy Terrain
|-heal|p2b: Flutter Mane|7/100|[from] Grassy Terrain
|upkeep
|turn|5
|inactive|TheNoblePeasant has 30 seconds left.
|
|t:|1750773042
|switch|p1b: Miraidon|Miraidon, L50|100/100
|-fieldstart|move: Electric Terrain|[from] ability: Hadron Engine|[of] p1b: Miraidon
|-end|p2b: Flutter Mane|Protosynthesis|[silent]
|switch|p2b: Koraidon|Koraidon, L50, tera:Fire|100/100
|-weather|SunnyDay|[from] ability: Orichalcum Pulse|[of] p2b: Koraidon
|-activate|p2b: Koraidon|Orichalcum Pulse|[source]
|move|p1a: Chesnaught|Wide Guard|p1a: Chesnaught
|-singleturn|p1a: Chesnaught|Wide Guard
|move|p2a: Rillaboom|Fake Out|p1b: Miraidon
|-damage|p1b: Miraidon|86/100
|
|-weather|SunnyDay|[upkeep]
|-fieldend|move: Trick Room
|upkeep
|turn|6
|inactive|TheNoblePeasant has 30 seconds left.
|
|t:|1750773068
|move|p1a: Chesnaught|Helping Hand|p1b: Miraidon
|-singleturn|p1b: Miraidon|Helping Hand|[of] p1a: Chesnaught
|move|p2b: Koraidon|Close Combat|p1b: Miraidon
|-damage|p1b: Miraidon|0 fnt
|-unboost|p2b: Koraidon|def|1
|-unboost|p2b: Koraidon|spd|1
|faint|p1b: Miraidon
|-damage|p2b: Koraidon|91/100|[from] item: Life Orb
|move|p2a: Rillaboom|U-turn|p1a: Chesnaught
|-damage|p1a: Chesnaught|84/100
|-message|hayniu forfeited.
|l|‽hayniu
|inactive|hayniu disconnected and has a minute to reconnect!
|player|p1|
|
|win|TheNoblePeasant
|raw|hayniu's rating: 1181 &rarr; <strong>1155</strong><br />(-26 for losing)
|raw|TheNoblePeasant's rating: 1167 &rarr; <strong>1193</strong><br />(+26 for winning)
|l|☆TheNoblePeasant
|player|p2|
