|j|☆leshoegg
|j|☆Professor_J93
|t:|1750799480
|gametype|doubles
|player|p1|leshoegg|101|1354
|player|p2|Professor_J93|265|1431
|teamsize|p1|6
|teamsize|p2|6
|gen|9
|tier|[Gen 9] VGC 2025 Reg I
|rated|
|rule|Species Clause: Limit one of each Pokémon
|rule|Item Clause: Limit 1 of each item
|clearpoke
|poke|p1|Miraidon, L50|
|poke|p1|Calyrex-Ice, L50|
|poke|p1|Ogerpon-Wellspring, L50, F|
|poke|p1|Altaria, L50, F|
|poke|p1|Farigiraf, L50, M|
|poke|p1|Incineroar, L50, M|
|poke|p2|Zacian-*, L50|
|poke|p2|Palkia-Origin, L50|
|poke|p2|Chandelure, L50, M|
|poke|p2|Landorus-Therian, L50, M|
|poke|p2|Grimmsnarl, L50, M|
|poke|p2|Rillaboom, L50, M|
|teampreview|4
|inactive|Battle timer is ON: inactive players will automatically lose when time's up. (requested by Professor_J93)
|inactive|leshoegg also wants the timer to be on.
leshoegg has agreed to open team sheets.
Professor_J93 has agreed to open team sheets.
|showteam|p1|Miraidon||LifeOrb|HadronEngine|ElectroDrift,ParabolicCharge,DazzlingGleam,Protect||||||50|,,,,,Fairy]Calyrex-Ice||Leftovers|AsOneGlastrier|GlacialLance,TrickRoom,Protect,HighHorsepower||||||50|,,,,,Water]Ogerpon-Wellspring||WellspringMask|WaterAbsorb|IvyCudgel,HornLeech,FollowMe,SpikyShield|||F|||50|,,,,,Water]Altaria||FocusSash|CloudNine|HelpingHand,Moonblast,DragonPulse,Protect|||F|||50|,,,,,Steel]Farigiraf||ElectricSeed|ArmorTail|FoulPlay,Psychic,TrickRoom,HelpingHand|||M|||50|,,,,,Water]Incineroar||SafetyGoggles|Intimidate|FakeOut,PartingShot,KnockOff,FlareBlitz|||M|||50|,,,,,Fire
|showteam|p2|Zacian-Crowned||RustedSword|IntrepidSword|behemothblade,SacredSword,PlayRough,Protect||||||50|,,,,,Stellar]Palkia-Origin||LustrousGlobe|Pressure|HydroPump,SpacialRend,Gravity,Protect||||||50|,,,,,Water]Chandelure||LifeOrb|FlashFire|Protect,HeatWave,TrickRoom,ShadowBall|||M|||50|,,,,,Grass]Landorus-Therian||ChoiceScarf|Intimidate|StompingTantrum,RockSlide,BrickBreak,Uturn|||M|||50|,,,,,Ghost]Grimmsnarl||LightClay|Prankster|Reflect,SpiritBreak,LightScreen,SuckerPunch|||M|||50|,,,,,Ghost]Rillaboom||AssaultVest|GrassySurge|GrassyGlide,Uturn,FakeOut,DrumBeating|||M|||50|,,,,,Grass
|inactive|leshoegg has 60 seconds left.
|
|t:|1750799517
|start
|switch|p1a: Farigiraf|Farigiraf, L50, M|100/100
|switch|p1b: Miraidon|Miraidon, L50|100/100
|switch|p2a: Rillaboom|Rillaboom, L50, M|100/100
|switch|p2b: Palkia|Palkia-Origin, L50|100/100
|-fieldstart|move: Electric Terrain|[from] ability: Hadron Engine|[of] p1b: Miraidon
|-enditem|p1a: Farigiraf|Electric Seed
|-boost|p1a: Farigiraf|def|1|[from] item: Electric Seed
|-ability|p2b: Palkia|Pressure
|-fieldstart|move: Grassy Terrain|[from] ability: Grassy Surge|[of] p2a: Rillaboom
|turn|1
|
|t:|1750799528
|-terastallize|p1b: Miraidon|Fairy
|move|p2b: Palkia|Protect|p2b: Palkia
|-singleturn|p2b: Palkia|Protect
|move|p1b: Miraidon|Dazzling Gleam|p2a: Rillaboom|[spread] p2a
|-activate|p2b: Palkia|move: Protect
|-damage|p2a: Rillaboom|69/100
|-damage|p1b: Miraidon|91/100|[from] item: Life Orb
|move|p2a: Rillaboom|U-turn|p1a: Farigiraf
|-supereffective|p1a: Farigiraf
|-damage|p1a: Farigiraf|77/100
|
|t:|1750799537
|switch|p2a: Chandelure|Chandelure, L50, M|100/100|[from] U-turn
|move|p1a: Farigiraf|Trick Room|p1a: Farigiraf
|-fieldstart|move: Trick Room|[of] p1a: Farigiraf
|
|-heal|p1a: Farigiraf|84/100|[from] Grassy Terrain
|-heal|p1b: Miraidon|96/100|[from] Grassy Terrain
|upkeep
|turn|2
|
|t:|1750799558
|switch|p2b: Rillaboom|Rillaboom, L50, M|69/100
|move|p1a: Farigiraf|Helping Hand|p1b: Miraidon
|-singleturn|p1b: Miraidon|Helping Hand|[of] p1a: Farigiraf
|move|p2a: Chandelure|Heat Wave|p1a: Farigiraf|[spread] p1a,p1b
|-damage|p1a: Farigiraf|32/100
|-damage|p1b: Miraidon|49/100
|-damage|p2a: Chandelure|91/100|[from] item: Life Orb
|move|p1b: Miraidon|Electro Drift|p2b: Rillaboom
|-resisted|p2b: Rillaboom
|-damage|p2b: Rillaboom|32/100
|-damage|p1b: Miraidon|39/100|[from] item: Life Orb
|
|-heal|p1a: Farigiraf|38/100|[from] Grassy Terrain
|-heal|p2a: Chandelure|97/100|[from] Grassy Terrain
|-heal|p2b: Rillaboom|38/100|[from] Grassy Terrain
|-heal|p1b: Miraidon|45/100|[from] Grassy Terrain
|upkeep
|turn|3
|
|t:|1750799574
|switch|p1a: Incineroar|Incineroar, L50, M|100/100
|-ability|p1a: Incineroar|Intimidate|boost
|-unboost|p2a: Chandelure|atk|1
|-unboost|p2b: Rillaboom|atk|1
|move|p1b: Miraidon|Protect|p1b: Miraidon
|-singleturn|p1b: Miraidon|Protect
|move|p2a: Chandelure|Heat Wave|p1a: Incineroar|[spread] p1a
|-activate|p1b: Miraidon|move: Protect
|-resisted|p1a: Incineroar
|-damage|p1a: Incineroar|75/100
|-damage|p2a: Chandelure|87/100|[from] item: Life Orb
|move|p2b: Rillaboom|U-turn|p1a: Incineroar
|-damage|p1a: Incineroar|62/100
|
|t:|1750799587
|switch|p2b: Palkia|Palkia-Origin, L50|100/100|[from] U-turn
|-ability|p2b: Palkia|Pressure
|
|-heal|p1a: Incineroar|68/100|[from] Grassy Terrain
|-heal|p2a: Chandelure|93/100|[from] Grassy Terrain
|-heal|p1b: Miraidon|51/100|[from] Grassy Terrain
|upkeep
|turn|4
|
|t:|1750799608
|switch|p1b: Calyrex|Calyrex-Ice, L50|100/100
|-ability|p1b: Calyrex|As One
|-ability|p1b: Calyrex|Unnerve
|move|p2a: Chandelure|Protect|p2a: Chandelure
|-singleturn|p2a: Chandelure|Protect
|move|p1a: Incineroar|Knock Off|p2a: Chandelure
|-activate|p2a: Chandelure|move: Protect
|move|p2b: Palkia|Hydro Pump|p1a: Incineroar
|-supereffective|p1a: Incineroar
|-damage|p1a: Incineroar|0 fnt
|faint|p1a: Incineroar
|
|-heal|p2a: Chandelure|99/100|[from] Grassy Terrain
|upkeep
|
|t:|1750799617
|switch|p1a: Miraidon|Miraidon, L50, tera:Fairy|51/100
|-fieldstart|move: Electric Terrain|[from] ability: Hadron Engine|[of] p1a: Miraidon
|turn|5
|
|t:|1750799629
|switch|p2b: Rillaboom|Rillaboom, L50, M|38/100
|-fieldstart|move: Grassy Terrain|[from] ability: Grassy Surge|[of] p2b: Rillaboom
|move|p1b: Calyrex|Glacial Lance|p2b: Rillaboom|[spread] p2a,p2b
|-resisted|p2a: Chandelure
|-supereffective|p2b: Rillaboom
|-damage|p2a: Chandelure|67/100
|-damage|p2b: Rillaboom|0 fnt
|faint|p2b: Rillaboom
|-ability|p1b: Calyrex|Chilling Neigh|boost
|-boost|p1b: Calyrex|atk|1
|move|p2a: Chandelure|Shadow Ball|p1a: Miraidon
|-damage|p1a: Miraidon|0 fnt
|faint|p1a: Miraidon
|-damage|p2a: Chandelure|57/100|[from] item: Life Orb
|
|-heal|p2a: Chandelure|63/100|[from] Grassy Terrain
|-fieldend|move: Trick Room
|upkeep
|
|t:|1750799646
|switch|p1a: Farigiraf|Farigiraf, L50, M|38/100
|switch|p2b: Fuwawa|Zacian-Crowned, L50, shiny|100/100
|-ability|p2b: Fuwawa|Intrepid Sword|boost
|-boost|p2b: Fuwawa|atk|1
|turn|6
|
|t:|1750799653
|-terastallize|p2b: Fuwawa|Stellar
|move|p1b: Calyrex|Protect|p1b: Calyrex
|-singleturn|p1b: Calyrex|Protect
|move|p2b: Fuwawa|Behemoth Blade|p1b: Calyrex
|-activate|p1b: Calyrex|move: Protect
|move|p2a: Chandelure|Heat Wave|p1a: Farigiraf|[spread] p1a
|-activate|p1b: Calyrex|move: Protect
|-damage|p1a: Farigiraf|0 fnt
|faint|p1a: Farigiraf
|-damage|p2a: Chandelure|53/100|[from] item: Life Orb
|
|-heal|p2a: Chandelure|59/100|[from] Grassy Terrain
|upkeep
|turn|7
|-message|leshoegg forfeited.
|
|win|Professor_J93
|raw|leshoegg's rating: 1354 &rarr; <strong>1338</strong><br />(-16 for losing)
|raw|Professor_J93's rating: 1431 &rarr; <strong>1447</strong><br />(+16 for winning)
|l|☆leshoegg
|player|p1|
|l|☆Professor_J93
|player|p2|
