|j|☆bonobobohemio
|j|☆NobodyOCE
|t:|1750842222
|gametype|doubles
|player|p1|bonobobohemio|drayden|1339
|player|p2|NobodyOCE|veteran|1416
|teamsize|p1|6
|teamsize|p2|6
|gen|9
|tier|[Gen 9] VGC 2025 Reg I
|rated|
|rule|Species Clause: Limit one of each Pokémon
|rule|Item Clause: Limit 1 of each item
|clearpoke
|poke|p1|Kyogre, L50|
|poke|p1|Kyurem-Black, L50|
|poke|p1|Dondozo, L50, F|
|poke|p1|Tatsugiri, L50, M|
|poke|p1|Tornadus, L50, M|
|poke|p1|Rillaboom, L50, M|
|poke|p2|Kyogre, L50|
|poke|p2|Zacian-*, L50|
|poke|p2|Tornadus, L50, M|
|poke|p2|Urshifu-*, L50, M|
|poke|p2|Rillaboom, L50, M|
|poke|p2|Incineroar, L50, M|
|teampreview|4
|inactive|Battle timer is ON: inactive players will automatically lose when time's up. (requested by bonobobohemio)
|inactive|bonobobohemio has 60 seconds left.
|inactive|NobodyOCE has 60 seconds left.
|inactive|NobodyOCE has 30 seconds left.
|inactive|NobodyOCE has 20 seconds left.
|inactive|NobodyOCE has 15 seconds left.
|
|t:|1750842301
|start
|switch|p1a: Kyogre|Kyogre, L50|100/100
|switch|p1b: Kyurem|Kyurem-Black, L50|100/100
|switch|p2a: Rillaboom|Rillaboom, L50, M|100/100
|switch|p2b: Zacian|Zacian-Crowned, L50|100/100
|-weather|RainDance|[from] ability: Drizzle|[of] p1a: Kyogre
|-ability|p2b: Zacian|Intrepid Sword|boost
|-boost|p2b: Zacian|atk|1
|-ability|p1b: Kyurem|Teravolt
|-fieldstart|move: Grassy Terrain|[from] ability: Grassy Surge|[of] p2a: Rillaboom
|turn|1
|inactive|bonobobohemio has 30 seconds left.
|
|t:|1750842330
|move|p2a: Rillaboom|Grassy Glide|p1a: Kyogre
|-supereffective|p1a: Kyogre
|-damage|p1a: Kyogre|18/100
|move|p1a: Kyogre|Water Spout|p2b: Zacian|[spread] p2a,p2b
|-resisted|p2a: Rillaboom
|-damage|p2a: Rillaboom|95/100
|-damage|p2b: Zacian|87/100
|move|p2b: Zacian|Behemoth Blade|p1b: Kyurem
|-supereffective|p1b: Kyurem
|-damage|p1b: Kyurem|0 fnt
|faint|p1b: Kyurem
|
|-weather|RainDance|[upkeep]
|-heal|p1a: Kyogre|24/100|[from] Grassy Terrain
|-heal|p2b: Zacian|94/100|[from] Grassy Terrain
|-heal|p2a: Rillaboom|100/100|[from] Grassy Terrain
|upkeep
|
|t:|1750842333
|switch|p1b: Dondozo|Dondozo, L50, F|100/100
|turn|2
|
|t:|1750842354
|switch|p1a: Tatsugiri|Tatsugiri, L50, M|100/100
|-activate|p1a: Tatsugiri|ability: Commander|[of] p1b: Dondozo
|-boost|p1b: Dondozo|atk|2
|-boost|p1b: Dondozo|spa|2
|-boost|p1b: Dondozo|spe|2
|-boost|p1b: Dondozo|def|2
|-boost|p1b: Dondozo|spd|2
|-terastallize|p1b: Dondozo|Grass
|move|p2b: Zacian|Play Rough|p1a: Tatsugiri|[miss]
|-miss|p2b: Zacian|p1a: Tatsugiri
|move|p1b: Dondozo|Wave Crash|p2b: Zacian
|-damage|p2b: Zacian|0 fnt
|faint|p2b: Zacian
|-damage|p1b: Dondozo|76/100|[from] Recoil
|move|p2a: Rillaboom|Wood Hammer|p1b: Dondozo
|-resisted|p1b: Dondozo
|-damage|p1b: Dondozo|63/100
|-damage|p2a: Rillaboom|96/100|[from] Recoil
|
|-weather|RainDance|[upkeep]
|-heal|p1b: Dondozo|69/100|[from] Grassy Terrain
|-heal|p1b: Dondozo|75/100|[from] item: Leftovers
|-heal|p2a: Rillaboom|100/100|[from] Grassy Terrain
|upkeep
|
|t:|1750842378
|switch|p2b: Kyogre|Kyogre, L50|100/100
|turn|3
|
|t:|1750842391
|move|p1b: Dondozo|Protect|p1b: Dondozo
|-singleturn|p1b: Dondozo|Protect
|move|p2b: Kyogre|Ice Beam|p1b: Dondozo
|-activate|p1b: Dondozo|move: Protect
|move|p2a: Rillaboom|U-turn|p1b: Dondozo
|-activate|p1b: Dondozo|move: Protect
|
|-weather|RainDance|[upkeep]
|-heal|p1b: Dondozo|80/100|[from] Grassy Terrain
|-heal|p1b: Dondozo|86/100|[from] item: Leftovers
|upkeep
|turn|4
|
|t:|1750842402
|move|p1b: Dondozo|Order Up|p2b: Kyogre
|-damage|p2b: Kyogre|59/100
|-boost|p1b: Dondozo|atk|1
|move|p2b: Kyogre|Ice Beam|p1b: Dondozo
|-supereffective|p1b: Dondozo
|-damage|p1b: Dondozo|56/100
|move|p2a: Rillaboom|U-turn|p1b: Dondozo
|-supereffective|p1b: Dondozo
|-damage|p1b: Dondozo|39/100
|
|t:|1750842410
|switch|p2a: Tornadus|Tornadus, L50, M|100/100|[from] U-turn
|
|-weather|RainDance|[upkeep]
|-heal|p1b: Dondozo|44/100|[from] Grassy Terrain
|-heal|p1b: Dondozo|50/100|[from] item: Leftovers
|-heal|p2b: Kyogre|66/100|[from] Grassy Terrain
|-heal|p2b: Kyogre|72/100|[from] item: Leftovers
|upkeep
|turn|5
|
|t:|1750842426
|move|p2a: Tornadus|Tailwind|p2a: Tornadus
|-sidestart|p2: NobodyOCE|move: Tailwind
|move|p2b: Kyogre|Calm Mind|p2b: Kyogre
|-boost|p2b: Kyogre|spa|1
|-boost|p2b: Kyogre|spd|1
|move|p1b: Dondozo|Wave Crash|p2a: Tornadus
|-damage|p2a: Tornadus|0 fnt
|faint|p2a: Tornadus
|-damage|p1b: Dondozo|25/100|[from] Recoil
|
|-weather|none
|-heal|p2b: Kyogre|78/100|[from] Grassy Terrain
|-heal|p2b: Kyogre|84/100|[from] item: Leftovers
|-heal|p1b: Dondozo|31/100|[from] Grassy Terrain
|-heal|p1b: Dondozo|36/100|[from] item: Leftovers
|-fieldend|move: Grassy Terrain
|upkeep
|
|t:|1750842439
|switch|p2a: Rillaboom|Rillaboom, L50, M|100/100
|-fieldstart|move: Grassy Terrain|[from] ability: Grassy Surge|[of] p2a: Rillaboom
|turn|6
|
|t:|1750842446
|move|p1b: Dondozo|Protect|p1b: Dondozo
|-singleturn|p1b: Dondozo|Protect
|move|p2a: Rillaboom|Fake Out|p1b: Dondozo
|-activate|p1b: Dondozo|move: Protect
|move|p2b: Kyogre|Ice Beam|p1b: Dondozo
|-activate|p1b: Dondozo|move: Protect
|
|-heal|p2b: Kyogre|91/100|[from] Grassy Terrain
|-heal|p2b: Kyogre|97/100|[from] item: Leftovers
|-heal|p1b: Dondozo|42/100|[from] Grassy Terrain
|-heal|p1b: Dondozo|48/100|[from] item: Leftovers
|upkeep
|turn|7
|
|t:|1750842458
|move|p2b: Kyogre|Ice Beam|p1b: Dondozo
|-supereffective|p1b: Dondozo
|-damage|p1b: Dondozo|21/100
|move|p2a: Rillaboom|Wood Hammer|p1b: Dondozo
|-resisted|p1b: Dondozo
|-damage|p1b: Dondozo|7/100
|-damage|p2a: Rillaboom|95/100|[from] Recoil
|move|p1b: Dondozo|Order Up|p2a: Rillaboom
|-damage|p2a: Rillaboom|42/100
|-boost|p1b: Dondozo|atk|1
|
|-heal|p2b: Kyogre|100/100|[from] Grassy Terrain
|-heal|p2a: Rillaboom|48/100|[from] Grassy Terrain
|-heal|p1b: Dondozo|13/100|[from] Grassy Terrain
|-heal|p1b: Dondozo|19/100|[from] item: Leftovers
|upkeep
|turn|8
|
|t:|1750842480
|move|p1b: Dondozo|Protect|p1b: Dondozo
|-singleturn|p1b: Dondozo|Protect
|move|p2b: Kyogre|Ice Beam|p1b: Dondozo
|-activate|p1b: Dondozo|move: Protect
|move|p2a: Rillaboom|Wood Hammer|p1a: Tatsugiri|[miss]
|-miss|p2a: Rillaboom|p1a: Tatsugiri
|
|-heal|p2a: Rillaboom|54/100|[from] Grassy Terrain
|-heal|p1b: Dondozo|25/100|[from] Grassy Terrain
|-heal|p1b: Dondozo|31/100|[from] item: Leftovers
|-sideend|p2: NobodyOCE|move: Tailwind
|upkeep
|turn|9
|
|t:|1750842492
|move|p1b: Dondozo|Order Up|p2a: Rillaboom
|-damage|p2a: Rillaboom|0 fnt
|faint|p2a: Rillaboom
|-boost|p1b: Dondozo|atk|1
|move|p2b: Kyogre|Ice Beam|p1b: Dondozo
|-supereffective|p1b: Dondozo
|-damage|p1b: Dondozo|0 fnt
|faint|p1b: Dondozo
|
|upkeep
|
|t:|1750842499
|switch|p1b: Kyogre|Kyogre, L50|24/100
|-weather|RainDance|[from] ability: Drizzle|[of] p1b: Kyogre
|turn|10
|
|t:|1750842509
|move|p1b: Kyogre|Origin Pulse|p2b: Kyogre
|-resisted|p2b: Kyogre
|-damage|p2b: Kyogre|79/100
|move|p1a: Tatsugiri|Muddy Water|p2b: Kyogre
|-resisted|p2b: Kyogre
|-crit|p2b: Kyogre
|-damage|p2b: Kyogre|44/100
|move|p2b: Kyogre|Origin Pulse|p1a: Tatsugiri|[spread] p1a,p1b
|-resisted|p1a: Tatsugiri
|-resisted|p1b: Kyogre
|-damage|p1a: Tatsugiri|67/100
|-damage|p1b: Kyogre|0 fnt
|faint|p1b: Kyogre
|
|-weather|RainDance|[upkeep]
|-heal|p1a: Tatsugiri|73/100|[from] Grassy Terrain
|-heal|p2b: Kyogre|50/100|[from] Grassy Terrain
|-heal|p2b: Kyogre|56/100|[from] item: Leftovers
|-fieldend|move: Grassy Terrain
|upkeep
|turn|11
|
|t:|1750842523
|move|p2b: Kyogre|Protect|p2b: Kyogre
|-singleturn|p2b: Kyogre|Protect
|move|p1a: Tatsugiri|Draco Meteor|p2b: Kyogre
|-activate|p2b: Kyogre|move: Protect
|
|-weather|RainDance|[upkeep]
|-heal|p2b: Kyogre|62/100|[from] item: Leftovers
|upkeep
|turn|12
|
|t:|1750842530
|move|p1a: Tatsugiri|Draco Meteor|p2b: Kyogre
|-damage|p2b: Kyogre|34/100
|-unboost|p1a: Tatsugiri|spa|2
|move|p2b: Kyogre|Ice Beam|p1a: Tatsugiri
|-damage|p1a: Tatsugiri|3/100
|
|-weather|RainDance|[upkeep]
|-heal|p2b: Kyogre|40/100|[from] item: Leftovers
|upkeep
|turn|13
|
|t:|1750842538
|move|p2b: Kyogre|Protect|p2b: Kyogre
|-singleturn|p2b: Kyogre|Protect
|move|p1a: Tatsugiri|Draco Meteor|p2b: Kyogre
|-activate|p2b: Kyogre|move: Protect
|
|-weather|RainDance|[upkeep]
|-heal|p2b: Kyogre|46/100|[from] item: Leftovers
|upkeep
|turn|14
|
|t:|1750842545
|move|p1a: Tatsugiri|Draco Meteor|p2b: Kyogre
|-damage|p2b: Kyogre|29/100
|-unboost|p1a: Tatsugiri|spa|2
|move|p2b: Kyogre|Ice Beam|p1a: Tatsugiri
|-damage|p1a: Tatsugiri|0 fnt
|faint|p1a: Tatsugiri
|
|win|NobodyOCE
|raw|bonobobohemio's rating: 1339 &rarr; <strong>1323</strong><br />(-16 for losing)
|raw|NobodyOCE's rating: 1416 &rarr; <strong>1432</strong><br />(+16 for winning)
|l|☆bonobobohemio
|player|p1|
|l|☆NobodyOCE
|player|p2|
