|j|☆Lavanda.17
|j|☆kris7443
|t:|1750856106
|gametype|doubles
|player|p1|Lavanda.17|kimonogirl|1486
|player|p2|kris7443|teamrocket|1395
|teamsize|p1|6
|teamsize|p2|6
|gen|9
|tier|[Gen 9] VGC 2025 Reg I
|rated|
|rule|Species Clause: Limit one of each Pokémon
|rule|Item Clause: Limit 1 of each item
|clearpoke
|poke|p1|Miraidon, L50|
|poke|p1|Zamazenta-*, L50|
|poke|p1|Chien-Pao, L50|
|poke|p1|Volcarona, L50, M|
|poke|p1|Rillaboom, L50, M|
|poke|p1|Grimmsnarl, L50, M|
|poke|p2|Groudon, L50|
|poke|p2|Flutter Mane, L50|
|poke|p2|Murkrow, L50, M|
|poke|p2|Charizard, L50, M|
|poke|p2|Koraidon, L50|
|poke|p2|Raging Bolt, L50|
|teampreview|4
|
|t:|1750856136
|start
|switch|p1a: Grimmsnarl|Grimmsnarl, L50, M|100/100
|switch|p1b: Zamazenta|Zamazenta-Crowned, L50, shiny|100/100
|switch|p2a: Just Dies|Flutter Mane, L50|100/100
|switch|p2b: Physical Godzilla|Groudon, L50|100/100
|-ability|p1b: Zamazenta|Dauntless Shield|boost
|-boost|p1b: Zamazenta|def|1
|-weather|SunnyDay|[from] ability: Drought|[of] p2b: Physical Godzilla
|-activate|p2a: Just Dies|ability: Protosynthesis
|-start|p2a: Just Dies|protosynthesisspe
|turn|1
|inactive|Battle timer is ON: inactive players will automatically lose when time's up. (requested by Lavanda.17)
|
|t:|1750856160
|-terastallize|p1b: Zamazenta|Water
|move|p1a: Grimmsnarl|Thunder Wave|p2a: Just Dies
|-status|p2a: Just Dies|par
|move|p1b: Zamazenta|Heavy Slam|p2a: Just Dies
|-supereffective|p2a: Just Dies
|-enditem|p2a: Just Dies|Focus Sash
|-damage|p2a: Just Dies|1/100 par
|move|p2a: Just Dies|Taunt|p1a: Grimmsnarl
|-start|p1a: Grimmsnarl|move: Taunt
|move|p2b: Physical Godzilla|Swords Dance|p2b: Physical Godzilla
|-boost|p2b: Physical Godzilla|atk|2
|
|-weather|SunnyDay|[upkeep]
|upkeep
|turn|2
|inactive|Lavanda.17 has 30 seconds left.
|inactive|kris7443 has 30 seconds left.
|inactive|kris7443 has 20 seconds left.
|
|t:|1750856197
|move|p1b: Zamazenta|Heavy Slam|p2a: Just Dies
|-supereffective|p2a: Just Dies
|-damage|p2a: Just Dies|0 fnt
|faint|p2a: Just Dies
|-end|p2a: Just Dies|Protosynthesis|[silent]
|move|p2b: Physical Godzilla|Precipice Blades|p1b: Zamazenta|[spread] p1a,p1b
|-damage|p1a: Grimmsnarl|0 fnt
|-damage|p1b: Zamazenta|60/100
|faint|p1a: Grimmsnarl
|
|-weather|SunnyDay|[upkeep]
|upkeep
|
|t:|1750856210
|switch|p2a: On Steroids|Charizard, L50, M|100/100
|switch|p1a: Chien-Pao|Chien-Pao, L50|100/100
|-ability|p1a: Chien-Pao|Sword of Ruin
|turn|3
|inactive|kris7443 has 30 seconds left.
|
|t:|1750856240
|-terastallize|p2b: Physical Godzilla|Fire
|move|p1a: Chien-Pao|Crunch|p2a: On Steroids
|-damage|p2a: On Steroids|11/100
|move|p1b: Zamazenta|Body Press|p2a: On Steroids
|-resisted|p2a: On Steroids
|-damage|p2a: On Steroids|0 fnt
|faint|p2a: On Steroids
|move|p2b: Physical Godzilla|Heat Crash|p1a: Chien-Pao
|-supereffective|p1a: Chien-Pao
|-enditem|p1a: Chien-Pao|Focus Sash
|-damage|p1a: Chien-Pao|1/100
|
|-weather|SunnyDay|[upkeep]
|upkeep
|
|t:|1750856252
|switch|p2a: Fire Lizard|Koraidon, L50|100/100
|-activate|p2a: Fire Lizard|ability: Orichalcum Pulse
|turn|4
|
|t:|1750856273
|move|p1a: Chien-Pao|Sucker Punch|p2b: Physical Godzilla
|-damage|p2b: Physical Godzilla|65/100
|move|p2a: Fire Lizard|Close Combat|p1b: Zamazenta
|-damage|p1b: Zamazenta|0 fnt
|-unboost|p2a: Fire Lizard|def|1
|-unboost|p2a: Fire Lizard|spd|1
|faint|p1b: Zamazenta
|-damage|p2a: Fire Lizard|91/100|[from] item: Life Orb
|move|p2b: Physical Godzilla|Heat Crash|p1a: Chien-Pao
|-supereffective|p1a: Chien-Pao
|-damage|p1a: Chien-Pao|0 fnt
|faint|p1a: Chien-Pao
|
|-weather|SunnyDay|[upkeep]
|upkeep
|
|t:|1750856290
|switch|p1b: Miraidon|Miraidon, L50|100/100
|-fieldstart|move: Electric Terrain|[from] ability: Hadron Engine|[of] p1b: Miraidon
|turn|5
|inactive|Lavanda.17 has 30 seconds left.
|
|t:|1750856319
|move|p2a: Fire Lizard|Close Combat|p1b: Miraidon
|-crit|p1b: Miraidon
|-damage|p1b: Miraidon|0 fnt
|-unboost|p2a: Fire Lizard|def|1
|-unboost|p2a: Fire Lizard|spd|1
|faint|p1b: Miraidon
|-damage|p2a: Fire Lizard|81/100|[from] item: Life Orb
|
|win|kris7443
|raw|Lavanda.17's rating: 1486 &rarr; <strong>1461</strong><br />(-25 for losing)
|raw|kris7443's rating: 1395 &rarr; <strong>1420</strong><br />(+25 for winning)
|l|☆Lavanda.17
|player|p1|
|l|☆kris7443
|player|p2|
