|j|☆journeyvgc
|j|☆Ren Hiyama
|t:|1750740502
|gametype|doubles
|player|p1|journeyvgc|169|1085
|player|p2|Ren Hiyama|cyrus|1087
|teamsize|p1|6
|teamsize|p2|6
|gen|9
|tier|[Gen 9] VGC 2025 Reg I
|rated|
|rule|Species Clause: Limit one of each Pokémon
|rule|Item Clause: Limit 1 of each item
|clearpoke
|poke|p1|Urshifu-*, L50, F|
|poke|p1|Kyurem-Black, L50|
|poke|p1|Vulpix-Alola, L50, F|
|poke|p1|Amoonguss, L50, M|
|poke|p1|Calyrex-Ice, L50|
|poke|p1|Charizard, L50, F|
|poke|p2|Articuno, L50|
|poke|p2|Ninetales-Alola, L50, F|
|poke|p2|Hitmontop, L50, M|
|poke|p2|Tornadus, L50, M|
|poke|p2|Ogerpon-Wellspring, L50, F|
|poke|p2|Miraidon, L50|
|teampreview|4
|inactive|Battle timer is ON: inactive players will automatically lose when time's up. (requested by journeyvgc)
|
|t:|1750740546
|start
|switch|p1a: Urshifu|Urshifu-Rapid-Strike, L50, F|100/100
|switch|p1b: Charizard|Charizard, L50, F, shiny|100/100
|switch|p2a: Ninetales|Ninetales-Alola, L50, F, shiny|100/100
|switch|p2b: Hitmontop|Hitmontop, L50, M|100/100
|-weather|Snowscape|[from] ability: Snow Warning|[of] p2a: Ninetales
|-ability|p2b: Hitmontop|Intimidate|boost
|-unboost|p1a: Urshifu|atk|1
|-unboost|p1b: Charizard|atk|1
|turn|1
|inactive|journeyvgc has 30 seconds left.
|inactive|Ren Hiyama has 30 seconds left.
|inactive|Ren Hiyama has 20 seconds left.
|inactive|Ren Hiyama has 15 seconds left.
|
|t:|1750740588
|-terastallize|p1a: Urshifu|Stellar
|move|p2b: Hitmontop|Fake Out|p1b: Charizard
|-damage|p1b: Charizard|82/100
|move|p2a: Ninetales|Aurora Veil|p2a: Ninetales
|-sidestart|p2: Ren Hiyama|move: Aurora Veil
|cant|p1b: Charizard|flinch
|move|p1a: Urshifu|Surging Strikes|p2a: Ninetales
|-crit|p2a: Ninetales
|-damage|p2a: Ninetales|71/100
|-crit|p2a: Ninetales
|-damage|p2a: Ninetales|41/100
|-crit|p2a: Ninetales
|-damage|p2a: Ninetales|13/100
|-hitcount|p2a: Ninetales|3
|
|-weather|Snowscape|[upkeep]
|upkeep
|turn|2
|inactive|Ren Hiyama has 30 seconds left.
|inactive|journeyvgc has 30 seconds left.
|inactive|Ren Hiyama has 20 seconds left.
|inactive|Ren Hiyama has 15 seconds left.
|inactive|Ren Hiyama has 10 seconds left.
|inactive|Ren Hiyama has 5 seconds left.
|
|t:|1750740640
|switch|p2b: Ogerpon|Ogerpon-Wellspring, L50, F|100/100
|move|p1a: Urshifu|Aqua Jet|p2a: Ninetales
|-damage|p2a: Ninetales|3/100
|move|p2a: Ninetales|Moonblast|p1a: Urshifu
|-supereffective|p1a: Urshifu
|-enditem|p1a: Urshifu|Focus Sash
|-damage|p1a: Urshifu|1/100
|move|p1b: Charizard|Hurricane|p2b: Ogerpon|[miss]
|-miss|p1b: Charizard|p2b: Ogerpon
|
|-weather|Snowscape|[upkeep]
|upkeep
|turn|3
|inactive|Ren Hiyama has 30 seconds left.
|inactive|Ren Hiyama has 20 seconds left.
|
|t:|1750740678
|switch|p1b: Kyurem|Kyurem-Black, L50|100/100
|-ability|p1b: Kyurem|Teravolt
|-terastallize|p2b: Ogerpon|Water
|detailschange|p2b: Ogerpon|Ogerpon-Wellspring-Tera, L50, F, tera:Water
|-ability|p2b: Ogerpon|Embody Aspect (Wellspring)|boost
|-boost|p2b: Ogerpon|spd|1
|move|p2a: Ninetales|Helping Hand|p2b: Ogerpon
|-singleturn|p2b: Ogerpon|Helping Hand|[of] p2a: Ninetales
|move|p1a: Urshifu|Aqua Jet|p2a: Ninetales
|-damage|p2a: Ninetales|0 fnt
|faint|p2a: Ninetales
|move|p2b: Ogerpon|Ivy Cudgel|p1b: Kyurem|[anim] Ivy Cudgel Water
|-resisted|p1b: Kyurem
|-damage|p1b: Kyurem|65/100
|
|-weather|Snowscape|[upkeep]
|upkeep
|inactive|Ren Hiyama has 30 seconds left.
|
|t:|1750740708
|switch|p2a: Articuno|Articuno, L50, shiny|100/100
|turn|4
|inactive|Ren Hiyama has 30 seconds left.
|
|t:|1750740738
|move|p1a: Urshifu|Aqua Jet|p2a: Articuno
|-damage|p2a: Articuno|94/100
|move|p2b: Ogerpon|Ivy Cudgel|p1a: Urshifu|[anim] Ivy Cudgel Water
|-resisted|p1a: Urshifu
|-damage|p1a: Urshifu|0 fnt
|faint|p1a: Urshifu
|move|p1b: Kyurem|Iron Head|p2a: Articuno
|-supereffective|p2a: Articuno
|-damage|p2a: Articuno|69/100
|cant|p2a: Articuno|flinch
|
|-weather|Snowscape|[upkeep]
|upkeep
|
|t:|1750740755
|switch|p1a: Calyrex|Calyrex-Ice, L50|100/100
|-ability|p1a: Calyrex|As One
|-ability|p1a: Calyrex|Unnerve
|turn|5
|inactive|Ren Hiyama has 30 seconds left.
|inactive|Ren Hiyama has 20 seconds left.
|inactive|Ren Hiyama has 15 seconds left.
|inactive|Ren Hiyama has 10 seconds left.
|inactive|Ren Hiyama has 5 seconds left.
|
|t:|1750740806
|move|p2b: Ogerpon|Spiky Shield|p2b: Ogerpon
|-singleturn|p2b: Ogerpon|move: Protect
|move|p1b: Kyurem|Iron Head|p2a: Articuno
|-supereffective|p2a: Articuno
|-damage|p2a: Articuno|44/100
|move|p2a: Articuno|Blizzard|p1b: Kyurem|[spread] p1a,p1b
|-resisted|p1a: Calyrex
|-damage|p1a: Calyrex|81/100
|-damage|p1b: Kyurem|15/100
|move|p1a: Calyrex|Glacial Lance|p2b: Ogerpon|[spread] p2a
|-activate|p2b: Ogerpon|move: Protect
|-damage|p2a: Articuno|21/100
|
|-weather|none
|upkeep
|turn|6
|inactive|journeyvgc has 30 seconds left.
|inactive|Ren Hiyama has 30 seconds left.
|
|t:|1750740834
|move|p2b: Ogerpon|Ivy Cudgel|p1b: Kyurem|[anim] Ivy Cudgel Water
|-resisted|p1b: Kyurem
|-damage|p1b: Kyurem|0 fnt
|faint|p1b: Kyurem
|move|p2a: Articuno|Blizzard|p1a: Calyrex
|-resisted|p1a: Calyrex
|-damage|p1a: Calyrex|55/100
|move|p1a: Calyrex|Trick Room|p1a: Calyrex
|-fieldstart|move: Trick Room|[of] p1a: Calyrex
|
|upkeep
|
|t:|1750740844
|switch|p1b: Charizard|Charizard, L50, F, shiny|82/100
|turn|7
|
|t:|1750740866
|move|p1a: Calyrex|Glacial Lance|p2b: Ogerpon|[spread] p2a,p2b
|-resisted|p2b: Ogerpon
|-damage|p2a: Articuno|0 fnt
|-damage|p2b: Ogerpon|72/100
|faint|p2a: Articuno
|-ability|p1a: Calyrex|Chilling Neigh|boost
|-boost|p1a: Calyrex|atk|1
|move|p1b: Charizard|Hurricane|p2b: Ogerpon
|-damage|p2b: Ogerpon|33/100
|move|p2b: Ogerpon|Ivy Cudgel|p1b: Charizard|[anim] Ivy Cudgel Water
|-supereffective|p1b: Charizard
|-damage|p1b: Charizard|0 fnt
|faint|p1b: Charizard
|
|upkeep
|
|t:|1750740881
|switch|p2a: Hitmontop|Hitmontop, L50, M|100/100
|-ability|p2a: Hitmontop|Intimidate|boost
|-unboost|p1a: Calyrex|atk|1
|turn|8
|
|t:|1750740893
|move|p2a: Hitmontop|Fake Out|p1a: Calyrex
|-damage|p1a: Calyrex|47/100
|-damage|p2a: Hitmontop|84/100|[from] item: Rocky Helmet|[of] p1a: Calyrex
|cant|p1a: Calyrex|flinch
|move|p2b: Ogerpon|Ivy Cudgel|p1a: Calyrex|[anim] Ivy Cudgel Water
|-damage|p1a: Calyrex|0 fnt
|faint|p1a: Calyrex
|
|win|Ren Hiyama
|raw|journeyvgc's rating: 1085 &rarr; <strong>1062</strong><br />(-23 for losing)
|raw|Ren Hiyama's rating: 1087 &rarr; <strong>1114</strong><br />(+27 for winning)
|l|☆journeyvgc
|player|p1|
|l|☆Ren Hiyama
|player|p2|
