|j|☆AngelilloVGC
|j|☆iqofnothing
|t:|1750815755
|gametype|doubles
|player|p1|AngelilloVGC|2|1182
|player|p2|iqofnothing|clown|1259
|teamsize|p1|6
|teamsize|p2|6
|gen|9
|tier|[Gen 9] VGC 2025 Reg I
|rated|
|rule|Species Clause: Limit one of each Pokémon
|rule|Item Clause: Limit 1 of each item
|clearpoke
|poke|p1|Miraidon, L50|
|poke|p1|Kyurem-White, L50|
|poke|p1|Ninetales-Alola, L50, M|
|poke|p1|Rillaboom, L50, F|
|poke|p1|Suicune, L50|
|poke|p1|Incineroar, L50, F|
|poke|p2|Kyogre, L50|
|poke|p2|Roaring Moon, L50|
|poke|p2|Landorus, L50, M|
|poke|p2|Bruxish, L50, M|
|poke|p2|Indeedee-F, L50, F|
|poke|p2|Scizor, L50, F|
|teampreview|4
|inactive|Battle timer is ON: inactive players will automatically lose when time's up. (requested by AngelilloVGC)
|
|t:|1750815793
|start
|switch|p1a: Suicune|Suicune, L50, shiny|100/100
|switch|p1b: Ninetales|Ninetales-Alola, L50, M|100/100
|switch|p2a: Bruxish|Bruxish, L50, M|100/100
|switch|p2b: Scizor|Scizor, L50, F|100/100
|-weather|Snowscape|[from] ability: Snow Warning|[of] p1b: Ninetales
|turn|1
|inactive|AngelilloVGC has 30 seconds left.
|inactive|iqofnothing has 30 seconds left.
|inactive|AngelilloVGC has 20 seconds left.
|
|t:|1750815828
|switch|p1b: Rillaboom|Rillaboom, L50, F|100/100
|-fieldstart|move: Grassy Terrain|[from] ability: Grassy Surge|[of] p1b: Rillaboom
|move|p2a: Bruxish|Psychic Fangs|p1a: Suicune
|-damage|p1a: Suicune|69/100
|move|p1a: Suicune|Scald|p2b: Scizor
|-damage|p2b: Scizor|65/100
|move|p2b: Scizor|Bug Bite|p1a: Suicune
|-damage|p1a: Suicune|16/100
|
|-weather|Snowscape|[upkeep]
|-heal|p1a: Suicune|22/100|[from] Grassy Terrain
|-heal|p1a: Suicune|28/100|[from] item: Leftovers
|-heal|p2b: Scizor|71/100|[from] Grassy Terrain
|upkeep
|turn|2
|
|t:|1750815850
|move|p1a: Suicune|Protect|p1a: Suicune
|-singleturn|p1a: Suicune|Protect
|move|p2a: Bruxish|Super Fang|p1b: Rillaboom|[miss]
|-miss|p2a: Bruxish|p1b: Rillaboom
|move|p1b: Rillaboom|Wood Hammer|p2a: Bruxish
|-supereffective|p2a: Bruxish
|-enditem|p2a: Bruxish|Focus Sash
|-damage|p2a: Bruxish|1/100
|-damage|p1b: Rillaboom|78/100|[from] Recoil
|move|p2b: Scizor|Bug Bite|p1b: Rillaboom
|-supereffective|p1b: Rillaboom
|-damage|p1b: Rillaboom|0 fnt
|faint|p1b: Rillaboom
|
|-weather|Snowscape|[upkeep]
|-heal|p2a: Bruxish|7/100|[from] Grassy Terrain
|-heal|p1a: Suicune|34/100|[from] Grassy Terrain
|-heal|p1a: Suicune|40/100|[from] item: Leftovers
|-heal|p2b: Scizor|77/100|[from] Grassy Terrain
|upkeep
|
|t:|1750815867
|switch|p1b: Kyurem|Kyurem-White, L50, shiny|100/100
|-ability|p1b: Kyurem|Turboblaze
|turn|3
|
|t:|1750815888
|switch|p2b: Kyogre|Kyogre, L50|100/100
|-weather|RainDance|[from] ability: Drizzle|[of] p2b: Kyogre
|-terastallize|p1b: Kyurem|Ice
|move|p2a: Bruxish|Super Fang|p1b: Kyurem
|-damage|p1b: Kyurem|51/100
|move|p1a: Suicune|Scald|p2b: Kyogre
|-resisted|p2b: Kyogre
|-damage|p2b: Kyogre|85/100
|-status|p2b: Kyogre|brn
|move|p1b: Kyurem|Blizzard|p2a: Bruxish|[spread] p2a
|-miss|p1b: Kyurem|p2b: Kyogre
|-resisted|p2a: Bruxish
|-damage|p2a: Bruxish|0 fnt
|faint|p2a: Bruxish
|-damage|p1b: Kyurem|41/100|[from] item: Life Orb
|
|-weather|RainDance|[upkeep]
|-heal|p2b: Kyogre|91/100 brn|[from] Grassy Terrain
|-heal|p1b: Kyurem|47/100|[from] Grassy Terrain
|-heal|p1a: Suicune|45/100|[from] Grassy Terrain
|-heal|p1a: Suicune|51/100|[from] item: Leftovers
|-damage|p2b: Kyogre|85/100 brn|[from] brn
|upkeep
|inactive|iqofnothing has 30 seconds left.
|
|t:|1750815915
|switch|p2a: Scizor|Scizor, L50, F|77/100
|turn|4
|inactive|AngelilloVGC has 30 seconds left.
|inactive|iqofnothing has 30 seconds left.
|
|t:|1750815960
|-terastallize|p2a: Scizor|Steel
|move|p1b: Kyurem|Protect|p1b: Kyurem
|-singleturn|p1b: Kyurem|Protect
|move|p2a: Scizor|Bullet Punch|p1b: Kyurem
|-activate|p1b: Kyurem|move: Protect
|move|p2b: Kyogre|Thunder|p1a: Suicune
|-supereffective|p1a: Suicune
|-damage|p1a: Suicune|0 fnt
|faint|p1a: Suicune
|
|-weather|RainDance|[upkeep]
|-heal|p2b: Kyogre|91/100 brn|[from] Grassy Terrain
|-heal|p1b: Kyurem|53/100|[from] Grassy Terrain
|-heal|p2a: Scizor|84/100|[from] Grassy Terrain
|-damage|p2b: Kyogre|85/100 brn|[from] brn
|upkeep
|
|t:|1750815970
|switch|p1a: Ninetales|Ninetales-Alola, L50, M|100/100
|-weather|Snowscape|[from] ability: Snow Warning|[of] p1a: Ninetales
|turn|5
|
|t:|1750815981
|switch|p2b: Landorus|Landorus, L50, M|100/100
|move|p2a: Scizor|Bullet Punch|p1b: Kyurem
|-supereffective|p1b: Kyurem
|-damage|p1b: Kyurem|0 fnt
|faint|p1b: Kyurem
|move|p1a: Ninetales|Icy Wind|p2b: Landorus|[spread] p2a,p2b
|-resisted|p2a: Scizor
|-supereffective|p2b: Landorus
|-damage|p2a: Scizor|76/100
|-damage|p2b: Landorus|35/100
|-unboost|p2a: Scizor|spe|1
|-unboost|p2b: Landorus|spe|1
|
|-weather|Snowscape|[upkeep]
|-heal|p2a: Scizor|82/100|[from] Grassy Terrain
|-fieldend|move: Grassy Terrain
|upkeep
|turn|6
|-message|AngelilloVGC forfeited.
|
|win|iqofnothing
|raw|AngelilloVGC's rating: 1182 &rarr; <strong>1162</strong><br />(-20 for losing)
|raw|iqofnothing's rating: 1259 &rarr; <strong>1279</strong><br />(+20 for winning)
|l|☆AngelilloVGC
|player|p1|
|l|☆iqofnothing
|player|p2|
