|j|☆regitron 21
|j|☆GalacticBoba
|t:|1750822657
|gametype|doubles
|player|p1|regitron 21|shauntal|1140
|player|p2|GalacticBoba|102|1258
|teamsize|p1|6
|teamsize|p2|6
|gen|9
|tier|[Gen 9] VGC 2025 Reg I
|rated|
|rule|Species Clause: Limit one of each Pokémon
|rule|Item Clause: Limit 1 of each item
|clearpoke
|poke|p1|Indeedee-F, L50, F|
|poke|p1|Reshiram, L50|
|poke|p1|Koraidon, L50|
|poke|p1|Chi-Yu, L50|
|poke|p1|Lilligant-Hisui, L50, F|
|poke|p1|Whimsicott, L50, F|
|poke|p2|Kyogre, L50|
|poke|p2|Archaludon, L50, F|
|poke|p2|Miraidon, L50|
|poke|p2|Incineroar, L50, M|
|poke|p2|Urshifu-*, L50, F|
|poke|p2|Farigiraf, L50, M|
|teampreview|4
|c|☆regitron 21|hey good luck bro
|c|☆regitron 21|nice team
regitron 21 has agreed to open team sheets.
|inactive|Battle timer is ON: inactive players will automatically lose when time's up. (requested by GalacticBoba)
|
|t:|1750822697
|start
|switch|p1a: Algodoncin|Whimsicott, L50, F|100/100
|switch|p1b: Goldie|Chi-Yu, L50|100/100
|switch|p2a: Urshifu|Urshifu-Rapid-Strike, L50, F|100/100
|switch|p2b: Farigiraf|Farigiraf, L50, M|100/100
|-ability|p1b: Goldie|Beads of Ruin
|turn|1
|
|t:|1750822715
|-terastallize|p1b: Goldie|Grass
|move|p2a: Urshifu|Close Combat|p1b: Goldie
|-damage|p1b: Goldie|5/100
|-unboost|p2a: Urshifu|def|1
|-unboost|p2a: Urshifu|spd|1
|move|p1a: Algodoncin|Moonblast|p2a: Urshifu
|-supereffective|p2a: Urshifu
|-damage|p2a: Urshifu|0 fnt
|faint|p2a: Urshifu
|move|p1b: Goldie|Dark Pulse|p2b: Farigiraf
|-supereffective|p2b: Farigiraf
|-damage|p2b: Farigiraf|0 fnt
|faint|p2b: Farigiraf
|-damage|p1b: Goldie|0 fnt|[from] item: Life Orb
|faint|p1b: Goldie
|
|upkeep
|
|t:|1750822731
|switch|p1b: Churrito|Koraidon, L50|100/100
|switch|p2a: Archaludon|Archaludon, L50, F|100/100
|switch|p2b: Kyogre|Kyogre, L50|100/100
|-weather|SunnyDay|[from] ability: Orichalcum Pulse|[of] p1b: Churrito
|-activate|p1b: Churrito|Orichalcum Pulse|[source]
|-weather|RainDance|[from] ability: Drizzle|[of] p2b: Kyogre
|turn|2
|inactive|GalacticBoba has 30 seconds left.
|
|t:|1750822759
|switch|p1b: Eileen|Lilligant-Hisui, L50, F|100/100
|-terastallize|p2a: Archaludon|Electric
|move|p1a: Algodoncin|Tailwind|p1a: Algodoncin
|-sidestart|p1: regitron 21|move: Tailwind
|move|p2b: Kyogre|Water Spout|p1b: Eileen|[spread] p1a,p1b
|-resisted|p1a: Algodoncin
|-resisted|p1b: Eileen
|-damage|p1a: Algodoncin|12/100
|-damage|p1b: Eileen|19/100
|move|p2a: Archaludon|Electro Shot||[still]
|-prepare|p2a: Archaludon|Electro Shot
|-boost|p2a: Archaludon|spa|1
|-anim|p2a: Archaludon|Electro Shot|p1b: Eileen
|-resisted|p1b: Eileen
|-damage|p1b: Eileen|0 fnt
|faint|p1b: Eileen
|
|-weather|RainDance|[upkeep]
|upkeep
|
|t:|1750822769
|switch|p1b: Churrito|Koraidon, L50|100/100
|-weather|SunnyDay|[from] ability: Orichalcum Pulse|[of] p1b: Churrito
|-activate|p1b: Churrito|Orichalcum Pulse|[source]
|turn|3
|
|t:|1750822792
|move|p1a: Algodoncin|Encore|p2a: Archaludon
|-start|p2a: Archaludon|Encore
|move|p1b: Churrito|Collision Course|p2b: Kyogre
|-damage|p2b: Kyogre|22/100
|move|p2b: Kyogre|Origin Pulse|p1b: Churrito|[spread] p1b
|-miss|p2b: Kyogre|p1a: Algodoncin
|-resisted|p1b: Churrito
|-damage|p1b: Churrito|90/100
|move|p2a: Archaludon|Electro Shot||[still]
|-prepare|p2a: Archaludon|Electro Shot
|-boost|p2a: Archaludon|spa|1
|
|-weather|SunnyDay|[upkeep]
|-heal|p2b: Kyogre|28/100|[from] item: Leftovers
|upkeep
|turn|4
|inactive|regitron 21 has 30 seconds left.
|inactive|regitron 21 has 20 seconds left.
|inactive|regitron 21 has 15 seconds left.
|
|t:|1750822835
|move|p2b: Kyogre|Protect|p2b: Kyogre
|-singleturn|p2b: Kyogre|Protect
|move|p1a: Algodoncin|Moonblast|p2b: Kyogre
|-activate|p2b: Kyogre|move: Protect
|move|p1b: Churrito|Collision Course|p2b: Kyogre
|-activate|p2b: Kyogre|move: Protect
|move|p2a: Archaludon|Electro Shot|p1b: Churrito|[from] lockedmove
|-resisted|p1b: Churrito
|-damage|p1b: Churrito|31/100
|
|-weather|SunnyDay|[upkeep]
|-heal|p2b: Kyogre|34/100|[from] item: Leftovers
|upkeep
|turn|5
|
|t:|1750822852
|move|p2b: Kyogre|Protect|p2b: Kyogre
|-singleturn|p2b: Kyogre|Protect
|move|p1a: Algodoncin|Moonblast|p2a: Archaludon
|-damage|p2a: Archaludon|76/100
|-ability|p2a: Archaludon|Stamina|boost
|-boost|p2a: Archaludon|def|1
|move|p1b: Churrito|Collision Course|p2b: Kyogre
|-activate|p2b: Kyogre|move: Protect
|move|p2a: Archaludon|Electro Shot||[still]
|-prepare|p2a: Archaludon|Electro Shot
|-boost|p2a: Archaludon|spa|1
|
|-weather|SunnyDay|[upkeep]
|-heal|p2b: Kyogre|40/100|[from] item: Leftovers
|-end|p2a: Archaludon|Encore
|-sideend|p1: regitron 21|move: Tailwind
|upkeep
|turn|6
|inactive|GalacticBoba has 30 seconds left.
|
|t:|1750822881
|move|p1b: Churrito|Protect|p1b: Churrito
|-singleturn|p1b: Churrito|Protect
|move|p2b: Kyogre|Protect||[still]
|-fail|p2b: Kyogre
|move|p1a: Algodoncin|Encore|p2b: Kyogre
|-start|p2b: Kyogre|Encore
|move|p2a: Archaludon|Electro Shot|p1b: Churrito|[from] lockedmove
|-activate|p1b: Churrito|move: Protect
|
|-weather|SunnyDay|[upkeep]
|-heal|p2b: Kyogre|45/100|[from] item: Leftovers
|upkeep
|turn|7
|inactive|regitron 21 has 30 seconds left.
|
|t:|1750822914
|move|p2b: Kyogre|Protect|p2b: Kyogre
|-singleturn|p2b: Kyogre|Protect
|move|p1a: Algodoncin|Encore|p2a: Archaludon
|-start|p2a: Archaludon|Encore
|move|p1b: Churrito|Collision Course|p2a: Archaludon
|-damage|p2a: Archaludon|40/100
|-ability|p2a: Archaludon|Stamina|boost
|-boost|p2a: Archaludon|def|1
|move|p2a: Archaludon|Electro Shot||[still]
|-prepare|p2a: Archaludon|Electro Shot
|-boost|p2a: Archaludon|spa|1
|
|-weather|none
|-heal|p2b: Kyogre|51/100|[from] item: Leftovers
|upkeep
|turn|8
|
|t:|1750822925
|move|p2b: Kyogre|Protect|p2b: Kyogre
|-singleturn|p2b: Kyogre|Protect
|move|p1a: Algodoncin|Moonblast|p2a: Archaludon
|-damage|p2a: Archaludon|15/100
|-unboost|p2a: Archaludon|spa|1
|-ability|p2a: Archaludon|Stamina|boost
|-boost|p2a: Archaludon|def|1
|move|p1b: Churrito|Collision Course|p2a: Archaludon
|-damage|p2a: Archaludon|0 fnt
|faint|p2a: Archaludon
|
|-heal|p2b: Kyogre|57/100|[from] item: Leftovers
|upkeep
|turn|9
|inactive|GalacticBoba has 30 seconds left.
|inactive|GalacticBoba has 20 seconds left.
|inactive|GalacticBoba has 15 seconds left.
|inactive|GalacticBoba has 10 seconds left.
|inactive|GalacticBoba has 5 seconds left.
|
|t:|1750822980
|move|p2b: Kyogre|Protect||[still]
|-fail|p2b: Kyogre
|move|p1a: Algodoncin|Moonblast|p2b: Kyogre
|-damage|p2b: Kyogre|33/100
|-unboost|p2b: Kyogre|spa|1
|move|p1b: Churrito|Collision Course|p2b: Kyogre
|-damage|p2b: Kyogre|0 fnt
|faint|p2b: Kyogre
|
|win|regitron 21
|raw|regitron 21's rating: 1140 &rarr; <strong>1173</strong><br />(+33 for winning)
|raw|GalacticBoba's rating: 1258 &rarr; <strong>1225</strong><br />(-33 for losing)
|c|☆regitron 21|gg bro nice team
|c|☆regitron 21|its really good
