|j|☆phatyoloswag
|j|☆aiden yap pak lik
|t:|1750748087
|gametype|doubles
|player|p1|phatyoloswag|170|1159
|player|p2|aiden yap pak lik|1|1258
|teamsize|p1|6
|teamsize|p2|6
|gen|9
|tier|[Gen 9] VGC 2025 Reg I
|rated|
|rule|Species Clause: Limit one of each Pokémon
|rule|Item Clause: Limit 1 of each item
|clearpoke
|poke|p1|Volcarona, L50, M|
|poke|p1|Lunala, L50|
|poke|p1|Oranguru, L50, F|
|poke|p1|Miraidon, L50|
|poke|p1|Iron Treads, L50|
|poke|p1|Zapdos-Galar, L50|
|poke|p2|Calyrex-Shadow, L50|
|poke|p2|Incineroar, L50, M|
|poke|p2|Miraidon, L50|
|poke|p2|Whimsicott, L50, F|
|poke|p2|Sinistcha-Masterpiece, L50|
|poke|p2|Urshifu-*, L50, M|
|teampreview|4
|inactive|Battle timer is ON: inactive players will automatically lose when time's up. (requested by phatyoloswag)
aiden yap pak lik has agreed to open team sheets.
|inactive|phatyoloswag has 60 seconds left.
|
|t:|1750748132
|start
|switch|p1a: Lunala|Lunala, L50|100/100
|switch|p1b: Oranguru|Oranguru, L50, F|100/100
|switch|p2a: Calyrex|Calyrex-Shadow, L50|100/100
|switch|p2b: Sinistcha|Sinistcha-Masterpiece, L50|100/100
|-ability|p2a: Calyrex|As One
|-ability|p2a: Calyrex|Unnerve
|turn|1
|
|t:|1750748151
|-terastallize|p2a: Calyrex|Dark
|-terastallize|p1a: Lunala|Psychic
|move|p2a: Calyrex|Taunt|p1a: Lunala
|-start|p1a: Lunala|move: Taunt
|cant|p1a: Lunala|move: Taunt|Calm Mind
|move|p2b: Sinistcha|Imprison|p2b: Sinistcha
|-start|p2b: Sinistcha|move: Imprison
|move|p1b: Oranguru|Instruct||[still]
|-fail|p1b: Oranguru
|
|upkeep
|turn|2
|
|t:|1750748174
|move|p2a: Calyrex|Taunt|p1b: Oranguru
|-start|p1b: Oranguru|move: Taunt
|move|p1a: Lunala|Moongeist Beam|p2a: Calyrex
|-resisted|p2a: Calyrex
|-crit|p2a: Calyrex
|-damage|p2a: Calyrex|70/100
|move|p2b: Sinistcha|Matcha Gotcha|p1a: Lunala|[spread] p1a,p1b
|-damage|p1a: Lunala|94/100
|-damage|p1b: Oranguru|82/100
|cant|p1b: Oranguru|move: Taunt|Instruct
|
|-heal|p1b: Oranguru|88/100|[from] item: Leftovers
|upkeep
|turn|3
|
|t:|1750748193
|move|p2a: Calyrex|Astral Barrage|p1b: Oranguru|[spread] p1a
|-immune|p1b: Oranguru
|-supereffective|p1a: Lunala
|-damage|p1a: Lunala|28/100
|-damage|p2a: Calyrex|60/100|[from] item: Life Orb
|move|p1a: Lunala|Meteor Beam||[still]
|-prepare|p1a: Lunala|Meteor Beam
|-boost|p1a: Lunala|spa|1
|-enditem|p1a: Lunala|Power Herb
|-activate|p1b: Oranguru|ability: Symbiosis|Leftovers|[of] p1a: Lunala
|-anim|p1a: Lunala|Meteor Beam|p2a: Calyrex
|-damage|p2a: Calyrex|15/100
|move|p2b: Sinistcha|Matcha Gotcha|p1b: Oranguru|[spread] p1a
|-miss|p2b: Sinistcha|p1b: Oranguru
|-damage|p1a: Lunala|15/100
|move|p1b: Oranguru|Psychic|p2b: Sinistcha
|-damage|p2b: Sinistcha|75/100
|
|-heal|p1a: Lunala|22/100|[from] item: Leftovers
|-heal|p2b: Sinistcha|81/100|[from] item: Leftovers
|-end|p1a: Lunala|move: Taunt
|upkeep
|turn|4
|inactive|phatyoloswag has 30 seconds left.
|inactive|aiden yap pak lik has 30 seconds left.
|
|t:|1750748226
|switch|p1b: Zapdos|Zapdos-Galar, L50|100/100
|move|p1a: Lunala|Wide Guard|p1a: Lunala
|-singleturn|p1a: Lunala|Wide Guard
|move|p2a: Calyrex|Astral Barrage|p1b: Zapdos|[spread] 
|-activate|p1a: Lunala|move: Wide Guard
|-activate|p1b: Zapdos|move: Wide Guard
|move|p2b: Sinistcha|Matcha Gotcha|p1a: Lunala|[spread] 
|-activate|p1a: Lunala|move: Wide Guard
|-activate|p1b: Zapdos|move: Wide Guard
|
|-heal|p1a: Lunala|28/100|[from] item: Leftovers
|-heal|p2b: Sinistcha|88/100|[from] item: Leftovers
|upkeep
|turn|5
|
|t:|1750748246
|move|p1a: Lunala|Wide Guard|p1a: Lunala
|-singleturn|p1a: Lunala|Wide Guard
|move|p2b: Sinistcha|Rage Powder|p2b: Sinistcha
|-singleturn|p2b: Sinistcha|move: Rage Powder
|move|p2a: Calyrex|Taunt|p1a: Lunala
|-start|p1a: Lunala|move: Taunt
|move|p1b: Zapdos|Thunderous Kick|p2b: Sinistcha
|-immune|p2b: Sinistcha
|
|-heal|p1a: Lunala|34/100|[from] item: Leftovers
|-heal|p2b: Sinistcha|94/100|[from] item: Leftovers
|upkeep
|turn|6
|
|t:|1750748264
|move|p2b: Sinistcha|Rage Powder|p2b: Sinistcha
|-singleturn|p2b: Sinistcha|move: Rage Powder
|move|p2a: Calyrex|Astral Barrage|p1b: Zapdos|[spread] p1a,p1b
|-supereffective|p1a: Lunala
|-damage|p1a: Lunala|0 fnt
|-damage|p1b: Zapdos|50/100
|faint|p1a: Lunala
|-ability|p2a: Calyrex|Grim Neigh|boost
|-boost|p2a: Calyrex|spa|1
|-damage|p2a: Calyrex|5/100|[from] item: Life Orb
|move|p1b: Zapdos|Drill Peck|p2b: Sinistcha
|-supereffective|p2b: Sinistcha
|-damage|p2b: Sinistcha|29/100
|
|-heal|p2b: Sinistcha|35/100|[from] item: Leftovers
|upkeep
|
|t:|1750748283
|switch|p1a: Oranguru|Oranguru, L50, F|88/100
|turn|7
|
|t:|1750748301
|move|p1a: Oranguru|Protect|p1a: Oranguru
|-singleturn|p1a: Oranguru|Protect
|move|p2b: Sinistcha|Rage Powder|p2b: Sinistcha
|-singleturn|p2b: Sinistcha|move: Rage Powder
|move|p2a: Calyrex|Astral Barrage|p1a: Oranguru|[spread] p1b
|-activate|p1a: Oranguru|move: Protect
|-damage|p1b: Zapdos|0 fnt
|faint|p1b: Zapdos
|-ability|p2a: Calyrex|Grim Neigh|boost
|-boost|p2a: Calyrex|spa|1
|-damage|p2a: Calyrex|0 fnt|[from] item: Life Orb
|faint|p2a: Calyrex
|
|-heal|p2b: Sinistcha|41/100|[from] item: Leftovers
|upkeep
|
|t:|1750748317
|switch|p2a: Miraidon|Miraidon, L50|100/100
|switch|p1b: Volcarona|Volcarona, L50, M|100/100
|-fieldstart|move: Electric Terrain|[from] ability: Hadron Engine|[of] p2a: Miraidon
|turn|8
|
|t:|1750748331
|move|p2b: Sinistcha|Rage Powder|p2b: Sinistcha
|-singleturn|p2b: Sinistcha|move: Rage Powder
|move|p2a: Miraidon|Electro Drift|p1b: Volcarona
|-damage|p1b: Volcarona|0 fnt
|-status|p2a: Miraidon|brn|[from] ability: Flame Body|[of] p1b: Volcarona
|faint|p1b: Volcarona
|move|p1a: Oranguru|Instruct|p2b: Sinistcha
|-singleturn|p2b: Sinistcha|move: Instruct|[of] p1a: Oranguru
|move|p2b: Sinistcha|Rage Powder||[still]
|-fail|p2b: Sinistcha
|
|-heal|p2b: Sinistcha|47/100|[from] item: Leftovers
|-damage|p2a: Miraidon|95/100 brn|[from] brn
|upkeep
|turn|9
|-message|phatyoloswag forfeited.
|
|win|aiden yap pak lik
|raw|phatyoloswag's rating: 1159 &rarr; <strong>1141</strong><br />(-18 for losing)
|raw|aiden yap pak lik's rating: 1258 &rarr; <strong>1276</strong><br />(+18 for winning)
|l|☆phatyoloswag
|player|p1|
