|j|☆TheBallistic1
|j|☆413XPlayz
|html|<table width="100%"><tr><td align="left">TheBallistic1</td><td align="right">413XPlayz</tr><tr><td align="left"><i class="fa fa-circle-o"></i> <i class="fa fa-circle-o"></i> </td><td align="right"><i class="fa fa-circle-o"></i> <i class="fa fa-circle"></i> </tr></table>
|uhtml|bestof|<h2><strong>Game 2</strong> of <a href="/game-bestof3-gen9vgc2025regi-2390574656">a best-of-3</a></h2>
|t:|1750731073
|gametype|doubles
|player|p1|TheBallistic1|265|
|player|p2|413XPlayz|psychic|
|teamsize|p1|6
|teamsize|p2|6
|gen|9
|tier|[Gen 9] VGC 2025 Reg I
|rated|Tournament battle
|rule|Species Clause: Limit one of each Pokémon
|rule|Item Clause: Limit 1 of each item
|raw|<div class="infobox"><details class="readmore" open><summary><strong>3 custom rules:</strong></summary> Force Open Team Sheets, !Open Team Sheets, Best of = 3</details></div>
|clearpoke
|poke|p1|Koraidon, L50|
|poke|p1|Calyrex-Shadow, L50|
|poke|p1|Farigiraf, L50, M|
|poke|p1|Whimsicott, L50, F|
|poke|p1|Garchomp, L50, M|
|poke|p1|Brute Bonnet, L50|
|poke|p2|Koraidon, L50|
|poke|p2|Calyrex-Shadow, L50|
|poke|p2|Incineroar, L50, M|
|poke|p2|Jumpluff, L50, M|
|poke|p2|Iron Treads, L50|
|poke|p2|Urshifu-*, L50, M|
|teampreview|4
|showteam|p1|Koraidon||LifeOrb|OrichalcumPulse|CloseCombat,FlareBlitz,FlameCharge,Protect||||||50|,,,,,Fire]Calyrex-Shadow||FocusSash|AsOneSpectrier|AstralBarrage,PollenPuff,Psychic,Protect||||||50|,,,,,Grass]Farigiraf||ThroatSpray|ArmorTail|Imprison,TrickRoom,HyperVoice,Protect|||M|||50|,,,,,Fire]Whimsicott||CovertCloak|Prankster|Tailwind,Moonblast,Encore,Taunt|||F|||50|,,,,,Dark]Garchomp||ChoiceScarf|RoughSkin|IronHead,DragonClaw,StompingTantrum,Crunch|||M|||50|,,,,,Steel]Brute Bonnet||BoosterEnergy|Protosynthesis|Spore,RagePowder,SuckerPunch,SeedBomb||||||50|,,,,,Water
|showteam|p2|Koraidon||ClearAmulet|OrichalcumPulse|CollisionCourse,FlareBlitz,FlameCharge,Protect||||||50|,,,,,Fire]Calyrex-Shadow||FocusSash|AsOneSpectrier|AstralBarrage,Psychic,Encore,Protect||||||50|,,,,,Ghost]Incineroar||AssaultVest|Intimidate|KnockOff,FlareBlitz,Uturn,FakeOut|||M|||50|,,,,,Bug]Jumpluff||CovertCloak|Chlorophyll|Tailwind,SleepPowder,RagePowder,Protect|||M|||50|,,,,,Dark]Iron Treads||LifeOrb|QuarkDrive|SteelRoller,HighHorsepower,KnockOff,Protect||||||50|,,,,,Ghost]Urshifu||BlackGlasses|UnseenFist|WickedBlow,CloseCombat,SuckerPunch,Detect|||M|||50|,,,,,Dark
|
|t:|1750731088
|start
|switch|p1a: Honse|Calyrex-Shadow, L50|100/100
|switch|p1b: Cotton Candy|Whimsicott, L50, F, shiny|100/100
|switch|p2a: Koraidon|Koraidon, L50|100/100
|switch|p2b: Jumpluff|Jumpluff, L50, M|100/100
|-ability|p1a: Honse|As One
|-ability|p1a: Honse|Unnerve
|-weather|SunnyDay|[from] ability: Orichalcum Pulse|[of] p2a: Koraidon
|-activate|p2a: Koraidon|Orichalcum Pulse|[source]
|turn|1
|
|t:|1750731116
|switch|p2b: Incineroar|Incineroar, L50, M|100/100
|-ability|p2b: Incineroar|Intimidate|boost
|-unboost|p1a: Honse|atk|1
|-unboost|p1b: Cotton Candy|atk|1
|-terastallize|p2a: Koraidon|Fire
|move|p1b: Cotton Candy|Tailwind|p1b: Cotton Candy
|-sidestart|p1: TheBallistic1|move: Tailwind
|move|p1a: Honse|Astral Barrage|p2a: Koraidon|[spread] p2a,p2b
|-resisted|p2b: Incineroar
|-damage|p2a: Koraidon|54/100
|-damage|p2b: Incineroar|87/100
|move|p2a: Koraidon|Flame Charge|p1b: Cotton Candy
|-supereffective|p1b: Cotton Candy
|-damage|p1b: Cotton Candy|0 fnt
|-boost|p2a: Koraidon|spe|1
|faint|p1b: Cotton Candy
|
|-weather|SunnyDay|[upkeep]
|upkeep
|
|t:|1750731130
|switch|p1b: Brute Bonnet|Brute Bonnet, L50|100/100
|-activate|p1b: Brute Bonnet|ability: Protosynthesis
|-start|p1b: Brute Bonnet|protosynthesisdef
|turn|2
|
|t:|1750731171
|move|p2b: Incineroar|Fake Out|p1b: Brute Bonnet
|-damage|p1b: Brute Bonnet|95/100
|cant|p1b: Brute Bonnet|flinch
|move|p1a: Honse|Psychic|p2a: Koraidon
|-damage|p2a: Koraidon|5/100
|move|p2a: Koraidon|Collision Course|p1b: Brute Bonnet
|-supereffective|p1b: Brute Bonnet
|-damage|p1b: Brute Bonnet|3/100
|
|-weather|SunnyDay|[upkeep]
|upkeep
|turn|3
|
|t:|1750731200
|switch|p1a: Sammich|Koraidon, L50|100/100
|-activate|p1a: Sammich|ability: Orichalcum Pulse
|switch|p2b: Jumpluff|Jumpluff, L50, M|100/100
|move|p2a: Koraidon|Protect|p2a: Koraidon
|-singleturn|p2a: Koraidon|Protect
|move|p1b: Brute Bonnet|Spore|p2b: Jumpluff
|-immune|p2b: Jumpluff
|
|-weather|SunnyDay|[upkeep]
|upkeep
|turn|4
|
|t:|1750731223
|move|p2b: Jumpluff|Protect|p2b: Jumpluff
|-singleturn|p2b: Jumpluff|Protect
|move|p1b: Brute Bonnet|Sucker Punch|p2a: Koraidon
|-damage|p2a: Koraidon|0 fnt
|faint|p2a: Koraidon
|move|p1a: Sammich|Flare Blitz|p2b: Jumpluff
|-activate|p2b: Jumpluff|move: Protect
|
|-weather|SunnyDay|[upkeep]
|-sideend|p1: TheBallistic1|move: Tailwind
|upkeep
|
|t:|1750731239
|switch|p2a: Calyrex|Calyrex-Shadow, L50|100/100
|-ability|p2a: Calyrex|As One
|-ability|p2a: Calyrex|Unnerve
|turn|5
|
|t:|1750731250
|move|p2a: Calyrex|Protect|p2a: Calyrex
|-singleturn|p2a: Calyrex|Protect
|move|p1b: Brute Bonnet|Sucker Punch||[still]
|-fail|p1b: Brute Bonnet
|move|p2b: Jumpluff|Tailwind|p2b: Jumpluff
|-sidestart|p2: 413XPlayz|move: Tailwind
|move|p1a: Sammich|Flare Blitz|p2b: Jumpluff
|-supereffective|p2b: Jumpluff
|-damage|p2b: Jumpluff|0 fnt
|faint|p2b: Jumpluff
|-damage|p1a: Sammich|67/100|[from] Recoil
|-damage|p1a: Sammich|58/100|[from] item: Life Orb
|
|-weather|none
|-end|p1b: Brute Bonnet|Protosynthesis
|upkeep
|-enditem|p1b: Brute Bonnet|Booster Energy
|-activate|p1b: Brute Bonnet|ability: Protosynthesis|[fromitem]
|-start|p1b: Brute Bonnet|protosynthesisdef
|
|t:|1750731252
|switch|p2b: Incineroar|Incineroar, L50, M|87/100
|-ability|p2b: Incineroar|Intimidate|boost
|-unboost|p1a: Sammich|atk|1
|-unboost|p1b: Brute Bonnet|atk|1
|turn|6
|
|t:|1750731266
|move|p2b: Incineroar|Fake Out|p1b: Brute Bonnet
|-damage|p1b: Brute Bonnet|0 fnt
|faint|p1b: Brute Bonnet
|-end|p1b: Brute Bonnet|Protosynthesis|[silent]
|move|p2a: Calyrex|Astral Barrage|p1a: Sammich
|-damage|p1a: Sammich|0 fnt
|faint|p1a: Sammich
|-ability|p2a: Calyrex|Grim Neigh|boost
|-boost|p2a: Calyrex|spa|1
|
|upkeep
|
|t:|1750731274
|switch|p1b: Honse|Calyrex-Shadow, L50|100/100
|-ability|p1b: Honse|As One
|-ability|p1b: Honse|Unnerve
|turn|7
|
|t:|1750731280
|-terastallize|p1b: Honse|Grass
|move|p2a: Calyrex|Astral Barrage|p1b: Honse
|-enditem|p1b: Honse|Focus Sash
|-damage|p1b: Honse|1/100
|move|p1b: Honse|Astral Barrage|p2a: Calyrex|[spread] p2a,p2b
|-supereffective|p2a: Calyrex
|-resisted|p2b: Incineroar
|-enditem|p2a: Calyrex|Focus Sash
|-damage|p2a: Calyrex|1/100
|-damage|p2b: Incineroar|73/100
|move|p2b: Incineroar|Knock Off|p1b: Honse
|-damage|p1b: Honse|0 fnt
|faint|p1b: Honse
|
|win|413XPlayz
|c|☆413XPlayz|gg
|c|☆TheBallistic1|gg
|l|☆TheBallistic1
|player|p1|
