|j|☆Pizzzaguy9
|j|☆bbqsus
|t:|1750811810
|gametype|doubles
|player|p1|Pizzzaguy9|blue|1394
|player|p2|bbqsus|pokekid|1388
|teamsize|p1|6
|teamsize|p2|6
|gen|9
|tier|[Gen 9] VGC 2025 Reg I
|rated|
|rule|Species Clause: Limit one of each Pokémon
|rule|Item Clause: Limit 1 of each item
|clearpoke
|poke|p1|Ho-Oh, L50|
|poke|p1|Groudon, L50|
|poke|p1|Raging Bolt, L50|
|poke|p1|Flutter Mane, L50|
|poke|p1|Indeedee-F, L50, F|
|poke|p1|Gholdengo, L50|
|poke|p2|Torkoal, L50, F|
|poke|p2|Lunala, L50|
|poke|p2|Indeedee-F, L50, F|
|poke|p2|Calyrex-Ice, L50|
|poke|p2|Rampardos, L50, M|
|poke|p2|Rillaboom, L50, M|
|teampreview|4
|inactive|Battle timer is ON: inactive players will automatically lose when time's up. (requested by bbqsus)
|inactive|Pizzzaguy9 has 60 seconds left.
|inactive|Pizzzaguy9 has 30 seconds left.
|inactive|Pizzzaguy9 has 20 seconds left.
|inactive|Pizzzaguy9 has 15 seconds left.
|inactive|Pizzzaguy9 has 10 seconds left.
|inactive|Pizzzaguy9 has 5 seconds left.
|
|t:|1750811896
|start
|switch|p1a: Gholdengo|Gholdengo, L50|100/100
|switch|p1b: Indeedee|Indeedee-F, L50, F|100/100
|switch|p2a: Lunala|Lunala, L50, shiny|100/100
|switch|p2b: Indeedee|Indeedee-F, L50, F, shiny|100/100
|-fieldstart|move: Psychic Terrain|[from] ability: Psychic Surge|[of] p2b: Indeedee
|turn|1
|
|t:|1750811914
|-terastallize|p2a: Lunala|Normal
|move|p1b: Indeedee|Follow Me|p1b: Indeedee
|-singleturn|p1b: Indeedee|move: Follow Me
|move|p1a: Gholdengo|Nasty Plot|p1a: Gholdengo
|-boost|p1a: Gholdengo|spa|2
|move|p2a: Lunala|Meteor Beam||[still]
|-prepare|p2a: Lunala|Meteor Beam
|-boost|p2a: Lunala|spa|1
|-enditem|p2a: Lunala|Power Herb
|-anim|p2a: Lunala|Meteor Beam|p1b: Indeedee
|-damage|p1b: Indeedee|38/100
|move|p2b: Indeedee|Trick Room|p2b: Indeedee
|-fieldstart|move: Trick Room|[of] p2b: Indeedee
|
|upkeep
|turn|2
|inactive|Pizzzaguy9 has 30 seconds left.
|
|t:|1750811940
|-terastallize|p1a: Gholdengo|Normal
|move|p2b: Indeedee|Helping Hand|p2a: Lunala
|-singleturn|p2a: Lunala|Helping Hand|[of] p2b: Indeedee
|move|p1b: Indeedee|Follow Me|p1b: Indeedee
|-singleturn|p1b: Indeedee|move: Follow Me
|move|p2a: Lunala|Expanding Force|p1a: Gholdengo|[spread] p1a,p1b
|-resisted|p1b: Indeedee
|-damage|p1a: Gholdengo|0 fnt
|-damage|p1b: Indeedee|0 fnt
|faint|p1a: Gholdengo
|faint|p1b: Indeedee
|
|upkeep
|c|☆bbqsus|gg
|
|t:|1750811954
|switch|p1b: Ho-Oh|Ho-Oh, L50|100/100
|switch|p1a: Groudon|Groudon, L50|100/100
|-weather|SunnyDay|[from] ability: Drought|[of] p1a: Groudon
|turn|3
|
|t:|1750811964
|move|p2b: Indeedee|Helping Hand|p2a: Lunala
|-singleturn|p2a: Lunala|Helping Hand|[of] p2b: Indeedee
|move|p2a: Lunala|Expanding Force|p1a: Groudon|[spread] p1a,p1b
|-damage|p1a: Groudon|0 fnt
|-damage|p1b: Ho-Oh|16/100
|faint|p1a: Groudon
|move|p1b: Ho-Oh|Sacred Fire|p2a: Lunala
|-damage|p2a: Lunala|75/100
|-status|p2a: Lunala|brn
|
|-weather|SunnyDay|[upkeep]
|-damage|p2a: Lunala|69/100 brn|[from] brn
|upkeep
|turn|4
|
|t:|1750811988
|move|p1b: Ho-Oh|Protect|p1b: Ho-Oh
|-singleturn|p1b: Ho-Oh|Protect
|move|p2b: Indeedee|Dazzling Gleam|p1b: Ho-Oh
|-activate|p1b: Ho-Oh|move: Protect
|move|p2a: Lunala|Expanding Force|p1b: Ho-Oh
|-activate|p1b: Ho-Oh|move: Protect
|
|-weather|SunnyDay|[upkeep]
|-damage|p2a: Lunala|63/100 brn|[from] brn
|upkeep
|turn|5
|inactive|Pizzzaguy9 has 30 seconds left.
|inactive|Pizzzaguy9 has 20 seconds left.
|inactive|Pizzzaguy9 has 15 seconds left.
|inactive|Pizzzaguy9 has 10 seconds left.
|inactive|Pizzzaguy9 has 5 seconds left.
|
|t:|1750812043
|move|p1b: Ho-Oh|Protect||[still]
|-fail|p1b: Ho-Oh
|move|p2b: Indeedee|Dazzling Gleam|p1b: Ho-Oh
|-resisted|p1b: Ho-Oh
|-crit|p1b: Ho-Oh
|-damage|p1b: Ho-Oh|8/100
|move|p2a: Lunala|Expanding Force|p1b: Ho-Oh
|-damage|p1b: Ho-Oh|0 fnt
|faint|p1b: Ho-Oh
|
|win|bbqsus
|raw|Pizzzaguy9's rating: 1394 &rarr; <strong>1374</strong><br />(-20 for losing)
|raw|bbqsus's rating: 1388 &rarr; <strong>1408</strong><br />(+20 for winning)
|l|☆bbqsus
|player|p2|
|l|☆Pizzzaguy9
|player|p1|
