|j|☆tobi29493
|j|☆hyper143
|t:|1750862293
|gametype|doubles
|player|p1|tobi29493|1|1389
|player|p2|hyper143|benga|1378
|teamsize|p1|6
|teamsize|p2|6
|gen|9
|tier|[Gen 9] VGC 2025 Reg I
|rated|
|rule|Species Clause: Limit one of each Pokémon
|rule|Item Clause: Limit 1 of each item
|clearpoke
|poke|p1|Calyrex-Ice, L50|
|poke|p1|Miraidon, L50|
|poke|p1|Grimmsnarl, L50, M|
|poke|p1|Urshifu-*, L50, F|
|poke|p1|Incineroar, L50, F|
|poke|p1|Landorus, L50, M|
|poke|p2|Zacian-*, L50|
|poke|p2|Perrserker, L50, F|
|poke|p2|Heatran, L50, F|
|poke|p2|Kingambit, L50, F|
|poke|p2|Gholdengo, L50|
|poke|p2|Zamazenta-*, L50|
|teampreview|4
|inactive|Battle timer is ON: inactive players will automatically lose when time's up. (requested by tobi29493)
|
|t:|1750862375
|start
|switch|p1a: Miraidon|Miraidon, L50|100/100
|switch|p1b: Urshifu|Urshifu-Rapid-Strike, L50, F|100/100
|switch|p2a: Kingambit|Kingambit, L50, F|100/100
|switch|p2b: Gholdengo|Gholdengo, L50|100/100
|-fieldstart|move: Electric Terrain|[from] ability: Hadron Engine|[of] p1a: Miraidon
|turn|1
|inactive|tobi29493 has 30 seconds left.
|
|t:|1750862402
|move|p2b: Gholdengo|Thunderbolt|p1b: Urshifu
|-supereffective|p1b: Urshifu
|-damage|p1b: Urshifu|7/100
|-status|p1b: Urshifu|par
|move|p1a: Miraidon|Volt Switch|p2b: Gholdengo
|-damage|p2b: Gholdengo|2/100
|
|t:|1750862409
|switch|p1a: Landorus|Landorus, L50, M|100/100|[from] Volt Switch
|move|p1b: Urshifu|Surging Strikes|p2a: Kingambit
|-crit|p2a: Kingambit
|-damage|p2a: Kingambit|77/100
|-crit|p2a: Kingambit
|-damage|p2a: Kingambit|54/100
|-crit|p2a: Kingambit
|-damage|p2a: Kingambit|30/100
|-hitcount|p2a: Kingambit|3
|move|p2a: Kingambit|Swords Dance|p2a: Kingambit
|-boost|p2a: Kingambit|atk|2
|
|upkeep
|turn|2
|inactive|tobi29493 has 30 seconds left.
|inactive|hyper143 has 30 seconds left.
|
|t:|1750862444
|switch|p2b: Zacian|Zacian-Crowned, L50|100/100
|-ability|p2b: Zacian|Intrepid Sword|boost
|-boost|p2b: Zacian|atk|1
|switch|p1b: Incineroar|Incineroar, L50, F|100/100
|-ability|p1b: Incineroar|Intimidate|boost
|-unboost|p2a: Kingambit|atk|1
|-ability|p2a: Kingambit|Defiant|boost
|-boost|p2a: Kingambit|atk|2
|-unboost|p2b: Zacian|atk|1
|move|p2a: Kingambit|Sucker Punch|p1a: Landorus
|-damage|p1a: Landorus|7/100
|move|p1a: Landorus|Earth Power|p2a: Kingambit
|-supereffective|p2a: Kingambit
|-damage|p2a: Kingambit|0 fnt
|faint|p2a: Kingambit
|
|upkeep
|inactive|hyper143 has 30 seconds left.
|
|t:|1750862471
|switch|p2a: Zamazenta|Zamazenta-Crowned, L50|100/100
|-ability|p2a: Zamazenta|Dauntless Shield|boost
|-boost|p2a: Zamazenta|def|1
|turn|3
|
|t:|1750862496
|move|p1b: Incineroar|Fake Out|p2b: Zacian
|-resisted|p2b: Zacian
|-damage|p2b: Zacian|96/100
|cant|p2b: Zacian|flinch
|move|p2a: Zamazenta|Body Press|p1a: Landorus
|-resisted|p1a: Landorus
|-damage|p1a: Landorus|0 fnt
|faint|p1a: Landorus
|
|upkeep
|
|t:|1750862506
|switch|p1a: Miraidon|Miraidon, L50|100/100
|-activate|p1a: Miraidon|ability: Hadron Engine
|turn|4
|inactive|tobi29493 has 30 seconds left.
|inactive|hyper143 has 30 seconds left.
|inactive|hyper143 has 20 seconds left.
|inactive|hyper143 has 15 seconds left.
|inactive|hyper143 has 10 seconds left.
|
|t:|1750862561
|-terastallize|p2a: Zamazenta|Dragon
|-terastallize|p1a: Miraidon|Fairy
|move|p2b: Zacian|Behemoth Blade|p1a: Miraidon
|-supereffective|p1a: Miraidon
|-damage|p1a: Miraidon|3/100
|move|p2a: Zamazenta|Body Press|p1a: Miraidon
|-resisted|p1a: Miraidon
|-damage|p1a: Miraidon|0 fnt
|faint|p1a: Miraidon
|move|p1b: Incineroar|Flare Blitz|p2b: Zacian
|-supereffective|p2b: Zacian
|-damage|p2b: Zacian|17/100
|-damage|p1b: Incineroar|77/100|[from] Recoil
|
|upkeep
|
|t:|1750862575
|switch|p1a: Urshifu|Urshifu-Rapid-Strike, L50, F|7/100 par
|turn|5
|
|t:|1750862581
|move|p2b: Zacian|Behemoth Blade|p1a: Urshifu
|-resisted|p1a: Urshifu
|-damage|p1a: Urshifu|0 fnt
|faint|p1a: Urshifu
|move|p2a: Zamazenta|Body Press|p1b: Incineroar
|-supereffective|p1b: Incineroar
|-damage|p1b: Incineroar|0 fnt
|faint|p1b: Incineroar
|
|win|hyper143
|raw|tobi29493's rating: 1389 &rarr; <strong>1368</strong><br />(-21 for losing)
|raw|hyper143's rating: 1378 &rarr; <strong>1399</strong><br />(+21 for winning)
|l|☆tobi29493
|player|p1|
|l|☆hyper143
|player|p2|
