|j|☆forgottenbladelost
|j|☆Alexfind
|t:|1750798613
|gametype|doubles
|player|p1|forgottenbladelost|riley|1332
|player|p2|Alexfind|101|1364
|teamsize|p1|6
|teamsize|p2|6
|gen|9
|tier|[Gen 9] VGC 2025 Reg I
|rated|
|rule|Species Clause: Limit one of each Pokémon
|rule|Item Clause: Limit 1 of each item
|clearpoke
|poke|p1|Zamazenta-*, L50|
|poke|p1|Terapagos, L50, M|
|poke|p1|Whimsicott, L50, F|
|poke|p1|Flutter Mane, L50|
|poke|p1|Urshifu-*, L50, M|
|poke|p1|Moltres, L50|
|poke|p2|Stonjourner, L50, M|
|poke|p2|Koraidon, L50|
|poke|p2|Calyrex-Ice, L50|
|poke|p2|Slither Wing, L50|
|poke|p2|Roaring Moon, L50|
|poke|p2|Ursaluna-Bloodmoon, L50, M|
|teampreview|4
|
|t:|1750798654
|start
|switch|p1a: Flutter Mane|Flutter Mane, L50|100/100
|switch|p1b: Zamazenta|Zamazenta-Crowned, L50|100/100
|switch|p2a: Calyrex|Calyrex-Ice, L50|100/100
|switch|p2b: Stonjourner|Stonjourner, L50, M|100/100
|-ability|p2a: Calyrex|As One
|-ability|p2a: Calyrex|Unnerve
|-ability|p1b: Zamazenta|Dauntless Shield|boost
|-boost|p1b: Zamazenta|def|1
|-enditem|p1a: Flutter Mane|Booster Energy
|-activate|p1a: Flutter Mane|ability: Protosynthesis|[fromitem]
|-start|p1a: Flutter Mane|protosynthesisspa
|turn|1
|
|t:|1750798692
|-terastallize|p2a: Calyrex|Water
|move|p1a: Flutter Mane|Shadow Ball|p2a: Calyrex
|-damage|p2a: Calyrex|73/100
|move|p1b: Zamazenta|Body Press|p2a: Calyrex
|-damage|p2a: Calyrex|28/100
|move|p2b: Stonjourner|Bulldoze|p1b: Zamazenta|[spread] p2a,p1a,p1b
|-supereffective|p1b: Zamazenta
|-damage|p2a: Calyrex|20/100
|-damage|p1a: Flutter Mane|69/100
|-damage|p1b: Zamazenta|91/100
|-unboost|p2a: Calyrex|spe|1
|-unboost|p1a: Flutter Mane|spe|1
|-unboost|p1b: Zamazenta|spe|1
|move|p2a: Calyrex|Crunch|p1a: Flutter Mane
|-damage|p1a: Flutter Mane|0 fnt
|faint|p1a: Flutter Mane
|-end|p1a: Flutter Mane|Protosynthesis|[silent]
|-ability|p2a: Calyrex|Chilling Neigh|boost
|-boost|p2a: Calyrex|atk|1
|
|upkeep
|
|t:|1750798712
|switch|p1a: Moltres|Moltres, L50|100/100
|turn|2
|
|t:|1750798722
|move|p1a: Moltres|Solar Beam||[still]
|-prepare|p1a: Moltres|Solar Beam
|-enditem|p1a: Moltres|Power Herb
|-anim|p1a: Moltres|Solar Beam|p2b: Stonjourner
|-supereffective|p2b: Stonjourner
|-enditem|p2b: Stonjourner|Focus Sash
|-damage|p2b: Stonjourner|1/100
|move|p2b: Stonjourner|Body Press|p1b: Zamazenta
|-supereffective|p1b: Zamazenta
|-damage|p1b: Zamazenta|68/100
|move|p1b: Zamazenta|Body Press|p2a: Calyrex
|-damage|p2a: Calyrex|0 fnt
|faint|p2a: Calyrex
|
|upkeep
|
|t:|1750798737
|switch|p2a: Koraidon|Koraidon, L50|100/100
|-weather|SunnyDay|[from] ability: Orichalcum Pulse|[of] p2a: Koraidon
|-activate|p2a: Koraidon|Orichalcum Pulse|[source]
|turn|3
|
|t:|1750798759
|move|p1b: Zamazenta|Protect|p1b: Zamazenta
|-singleturn|p1b: Zamazenta|Protect
|move|p2a: Koraidon|Breaking Swipe|p1b: Zamazenta|[spread] p1a
|-activate|p1b: Zamazenta|move: Protect
|-damage|p1a: Moltres|55/100
|-unboost|p1a: Moltres|atk|1
|move|p1a: Moltres|Air Slash|p2a: Koraidon
|-supereffective|p2a: Koraidon
|-damage|p2a: Koraidon|27/100
|move|p2b: Stonjourner|Body Press|p1b: Zamazenta
|-activate|p1b: Zamazenta|move: Protect
|
|-weather|SunnyDay|[upkeep]
|upkeep
|turn|4
|
|t:|1750798780
|move|p2a: Koraidon|Breaking Swipe|p1a: Moltres|[spread] p1a,p1b
|-resisted|p1b: Zamazenta
|-damage|p1a: Moltres|10/100
|-damage|p1b: Zamazenta|60/100
|-unboost|p1a: Moltres|atk|1
|-unboost|p1b: Zamazenta|atk|1
|move|p1a: Moltres|Air Slash|p2a: Koraidon
|-supereffective|p2a: Koraidon
|-damage|p2a: Koraidon|0 fnt
|faint|p2a: Koraidon
|move|p2b: Stonjourner|Body Press|p1b: Zamazenta
|-supereffective|p1b: Zamazenta
|-damage|p1b: Zamazenta|38/100
|move|p1b: Zamazenta|Body Press|p2b: Stonjourner
|-supereffective|p2b: Stonjourner
|-damage|p2b: Stonjourner|0 fnt
|faint|p2b: Stonjourner
|
|-weather|SunnyDay|[upkeep]
|upkeep
|
|t:|1750798790
|switch|p2b: Slither Wing|Slither Wing, L50|100/100
|-activate|p2b: Slither Wing|ability: Protosynthesis
|-start|p2b: Slither Wing|protosynthesisspd
|turn|5
|
|t:|1750798809
|move|p1b: Zamazenta|Wide Guard|p1b: Zamazenta
|-singleturn|p1b: Zamazenta|Wide Guard
|move|p2b: Slither Wing|First Impression|p1a: Moltres
|-resisted|p1a: Moltres
|-damage|p1a: Moltres|0 fnt
|-status|p2b: Slither Wing|brn|[from] ability: Flame Body|[of] p1a: Moltres
|faint|p1a: Moltres
|
|-weather|SunnyDay|[upkeep]
|-damage|p2b: Slither Wing|94/100 brn|[from] brn
|upkeep
|
|t:|1750798814
|switch|p1a: Terapagos|Terapagos, L50, M|100/100
|-activate|p1a: Terapagos|ability: Tera Shift
|detailschange|p1a: Terapagos|Terapagos-Terastal, L50, M
|-heal|p1a: Terapagos|100/100|[silent]
|turn|6
|inactive|Battle timer is ON: inactive players will automatically lose when time's up. (requested by Alexfind)
|
|t:|1750798824
|-terastallize|p1a: Terapagos|Stellar
|detailschange|p1a: Terapagos|Terapagos-Stellar, L50, M, tera:Stellar
|-heal|p1a: Terapagos|100/100|[silent]
|-ability|p1a: Terapagos|Teraform Zero
|-weather|none
|-end|p2b: Slither Wing|Protosynthesis
|move|p1a: Terapagos|Hyper Beam|p2b: Slither Wing
|-damage|p2b: Slither Wing|0 fnt
|-mustrecharge|p1a: Terapagos
|faint|p2b: Slither Wing
|-end|p2b: Slither Wing|Protosynthesis|[silent]
|
|win|forgottenbladelost
|raw|forgottenbladelost's rating: 1332 &rarr; <strong>1354</strong><br />(+22 for winning)
|raw|Alexfind's rating: 1364 &rarr; <strong>1342</strong><br />(-22 for losing)
|l|☆Alexfind
|player|p2|
|l|☆forgottenbladelost
|player|p1|
