|j|☆Sallust
|j|☆Kicks10
|t:|1750770594
|gametype|doubles
|player|p1|Sallust|li|1357
|player|p2|Kicks10|dahlia|1342
|teamsize|p1|6
|teamsize|p2|6
|gen|9
|tier|[Gen 9] VGC 2025 Reg I
|rated|
|rule|Species Clause: Limit one of each Pokémon
|rule|Item Clause: Limit 1 of each item
|clearpoke
|poke|p1|Calyrex-Shadow, L50|
|poke|p1|Lunala, L50|
|poke|p1|Incineroar, L50, F|
|poke|p1|Hitmontop, L50, M|
|poke|p1|Urshifu-*, L50, F|
|poke|p1|Ursaluna, L50, F|
|poke|p2|Roaring Moon, L50|
|poke|p2|Gyarados, L50, M|
|poke|p2|Kyogre, L50|
|poke|p2|Weezing-Galar, L50, M|
|poke|p2|Rhyperior, L50, F|
|poke|p2|Lunala, L50|
|teampreview|4
|inactive|Battle timer is ON: inactive players will automatically lose when time's up. (requested by Kicks10)
|inactive|Sallust has 60 seconds left.
|
|t:|1750770625
|start
|switch|p1a: Lunala|Lunala, L50|100/100
|switch|p1b: Incineroar|Incineroar, L50, F|100/100
|switch|p2a: Roaring Moon|Roaring Moon, L50|100/100
|switch|p2b: Kyogre|Kyogre, L50|100/100
|-weather|RainDance|[from] ability: Drizzle|[of] p2b: Kyogre
|-ability|p1b: Incineroar|Intimidate|boost
|-unboost|p2a: Roaring Moon|atk|1
|-unboost|p2b: Kyogre|atk|1
|-enditem|p2a: Roaring Moon|Booster Energy
|-activate|p2a: Roaring Moon|ability: Protosynthesis|[fromitem]
|-start|p2a: Roaring Moon|protosynthesisspe
|turn|1
|inactive|Kicks10 has 30 seconds left.
|inactive|Kicks10 has 20 seconds left.
|inactive|Kicks10 has 15 seconds left.
|inactive|Kicks10 has 10 seconds left.
|
|t:|1750770673
|switch|p2b: Gyarados|Gyarados, L50, M|100/100
|-ability|p2b: Gyarados|Intimidate|boost
|-unboost|p1a: Lunala|atk|1
|-unboost|p1b: Incineroar|atk|1
|move|p1b: Incineroar|Fake Out|p2b: Gyarados
|-crit|p2b: Gyarados
|-damage|p2b: Gyarados|77/100
|move|p2a: Roaring Moon|Knock Off|p1a: Lunala
|-supereffective|p1a: Lunala
|-damage|p1a: Lunala|51/100
|-enditem|p1a: Lunala|Power Herb|[from] move: Knock Off|[of] p2a: Roaring Moon
|move|p1a: Lunala|Trick Room|p1a: Lunala
|-fieldstart|move: Trick Room|[of] p1a: Lunala
|
|-weather|RainDance|[upkeep]
|upkeep
|turn|2
|inactive|Kicks10 has 30 seconds left.
|
|t:|1750770701
|move|p1b: Incineroar|U-turn|p2a: Roaring Moon
|-supereffective|p2a: Roaring Moon
|-damage|p2a: Roaring Moon|60/100
|
|t:|1750770705
|switch|p1b: Hitmontop|Hitmontop, L50, M|100/100|[from] U-turn
|-ability|p1b: Hitmontop|Intimidate|boost
|-unboost|p2a: Roaring Moon|atk|1
|-unboost|p2b: Gyarados|atk|1
|move|p1a: Lunala|Meteor Beam||[still]
|-prepare|p1a: Lunala|Meteor Beam
|-boost|p1a: Lunala|spa|1
|move|p2b: Gyarados|Waterfall|p1b: Hitmontop
|-damage|p1b: Hitmontop|48/100
|-enditem|p1b: Hitmontop|Eject Button
|-damage|p2b: Gyarados|68/100|[from] item: Life Orb
|
|t:|1750770719
|switch|p1b: Incineroar|Incineroar, L50, F|100/100
|-ability|p1b: Incineroar|Intimidate|boost
|-unboost|p2a: Roaring Moon|atk|1
|-unboost|p2b: Gyarados|atk|1
|move|p2a: Roaring Moon|Knock Off|p1b: Incineroar
|-resisted|p1b: Incineroar
|-damage|p1b: Incineroar|91/100
|-enditem|p1b: Incineroar|Assault Vest|[from] move: Knock Off|[of] p2a: Roaring Moon
|
|-weather|RainDance|[upkeep]
|upkeep
|turn|3
|
|t:|1750770735
|move|p2b: Gyarados|Protect|p2b: Gyarados
|-singleturn|p2b: Gyarados|Protect
|move|p2a: Roaring Moon|Protect|p2a: Roaring Moon
|-singleturn|p2a: Roaring Moon|Protect
|move|p1b: Incineroar|Fake Out|p2a: Roaring Moon
|-activate|p2a: Roaring Moon|move: Protect
|move|p1a: Lunala|Meteor Beam|p2b: Gyarados|[from] lockedmove
|-activate|p2b: Gyarados|move: Protect
|
|-weather|RainDance|[upkeep]
|upkeep
|turn|4
|inactive|Kicks10 has 30 seconds left.
|
|t:|1750770760
|move|p1b: Incineroar|U-turn|p2a: Roaring Moon
|-supereffective|p2a: Roaring Moon
|-damage|p2a: Roaring Moon|5/100
|
|t:|1750770763
|switch|p1b: Hitmontop|Hitmontop, L50, M|48/100|[from] U-turn
|-ability|p1b: Hitmontop|Intimidate|boost
|-unboost|p2a: Roaring Moon|atk|1
|-unboost|p2b: Gyarados|atk|1
|move|p1a: Lunala|Moongeist Beam|p2b: Gyarados
|-damage|p2b: Gyarados|0 fnt
|faint|p2b: Gyarados
|move|p2a: Roaring Moon|Acrobatics|p1b: Hitmontop
|-supereffective|p1b: Hitmontop
|-damage|p1b: Hitmontop|20/100
|
|-weather|RainDance|[upkeep]
|upkeep
|
|t:|1750770777
|switch|p2b: Lunala|Lunala, L50|100/100
|turn|5
|
|t:|1750770793
|move|p1b: Hitmontop|Helping Hand|p1a: Lunala
|-singleturn|p1a: Lunala|Helping Hand|[of] p1b: Hitmontop
|move|p2b: Lunala|Protect|p2b: Lunala
|-singleturn|p2b: Lunala|Protect
|move|p2a: Roaring Moon|Protect|p2a: Roaring Moon
|-singleturn|p2a: Roaring Moon|Protect
|move|p1a: Lunala|Moongeist Beam|p2b: Lunala
|-activate|p2b: Lunala|move: Protect
|
|-weather|none
|-fieldend|move: Trick Room
|upkeep
|turn|6
|
|t:|1750770814
|move|p1b: Hitmontop|Helping Hand|p1a: Lunala
|-singleturn|p1a: Lunala|Helping Hand|[of] p1b: Hitmontop
|move|p2a: Roaring Moon|Acrobatics|p1b: Hitmontop
|-supereffective|p1b: Hitmontop
|-damage|p1b: Hitmontop|0 fnt
|faint|p1b: Hitmontop
|move|p2b: Lunala|Moongeist Beam|p1a: Lunala
|-supereffective|p1a: Lunala
|-damage|p1a: Lunala|0 fnt
|faint|p1a: Lunala
|
|upkeep
|
|t:|1750770824
|switch|p1a: Calyrex|Calyrex-Shadow, L50|100/100
|switch|p1b: Incineroar|Incineroar, L50, F|91/100
|-ability|p1a: Calyrex|As One
|-ability|p1a: Calyrex|Unnerve
|-ability|p1b: Incineroar|Intimidate|boost
|-unboost|p2a: Roaring Moon|atk|1
|-unboost|p2b: Lunala|atk|1
|turn|7
|
|t:|1750770837
|move|p1a: Calyrex|Protect|p1a: Calyrex
|-singleturn|p1a: Calyrex|Protect
|move|p2a: Roaring Moon|Tailwind|p2a: Roaring Moon
|-sidestart|p2: Kicks10|move: Tailwind
|move|p2b: Lunala|Moongeist Beam|p1a: Calyrex
|-activate|p1a: Calyrex|move: Protect
|move|p1b: Incineroar|Knock Off|p2b: Lunala
|-supereffective|p2b: Lunala
|-damage|p2b: Lunala|17/100
|-enditem|p2b: Lunala|Power Herb|[from] move: Knock Off|[of] p1b: Incineroar
|
|upkeep
|turn|8
|
|t:|1750770859
|move|p1a: Calyrex|Protect|p1a: Calyrex
|-singleturn|p1a: Calyrex|Protect
|move|p2a: Roaring Moon|Knock Off|p1a: Calyrex
|-activate|p1a: Calyrex|move: Protect
|move|p2b: Lunala|Moongeist Beam|p1a: Calyrex
|-activate|p1a: Calyrex|move: Protect
|move|p1b: Incineroar|U-turn|p2a: Roaring Moon
|-supereffective|p2a: Roaring Moon
|-damage|p2a: Roaring Moon|0 fnt
|faint|p2a: Roaring Moon
|-end|p2a: Roaring Moon|Protosynthesis|[silent]
|
|upkeep
|
|t:|1750770862
|switch|p2a: Kyogre|Kyogre, L50|100/100
|-weather|RainDance|[from] ability: Drizzle|[of] p2a: Kyogre
|turn|9
|
|t:|1750770881
|-terastallize|p2a: Kyogre|Water
|-terastallize|p1b: Incineroar|Grass
|move|p2a: Kyogre|Water Spout|p1a: Calyrex|[spread] p1a,p1b
|-resisted|p1b: Incineroar
|-enditem|p1a: Calyrex|Focus Sash
|-damage|p1a: Calyrex|1/100
|-damage|p1b: Incineroar|18/100
|move|p2b: Lunala|Moongeist Beam|p1a: Calyrex
|-supereffective|p1a: Calyrex
|-damage|p1a: Calyrex|0 fnt
|faint|p1a: Calyrex
|move|p1b: Incineroar|Knock Off|p2b: Lunala
|-supereffective|p2b: Lunala
|-damage|p2b: Lunala|0 fnt
|faint|p2b: Lunala
|
|-weather|RainDance|[upkeep]
|upkeep
|turn|10
|-message|Sallust forfeited.
|
|win|Kicks10
|raw|Sallust's rating: 1357 &rarr; <strong>1336</strong><br />(-21 for losing)
|raw|Kicks10's rating: 1342 &rarr; <strong>1363</strong><br />(+21 for winning)
|l|☆Sallust
|player|p1|
|l|☆Kicks10
|player|p2|
