|j|☆clownedtocrowned
|j|☆Acorbett45
|t:|1750781552
|gametype|doubles
|player|p1|clownedtocrowned|grimsley-gen7|1503
|player|p2|Acorbett45|101|1410
|teamsize|p1|6
|teamsize|p2|6
|gen|9
|tier|[Gen 9] VGC 2025 Reg I
|rated|
|rule|Species Clause: Limit one of each Pokémon
|rule|Item Clause: Limit 1 of each item
|clearpoke
|poke|p1|Lunala, L50|
|poke|p1|Zacian-*, L50|
|poke|p1|Indeedee-F, L50, F|
|poke|p1|Regidrago, L50|
|poke|p1|Tornadus, L50, M|
|poke|p1|Gallade, L50, M|
|poke|p2|Whimsicott, L50, M|
|poke|p2|Incineroar, L50, F|
|poke|p2|Flutter Mane, L50|
|poke|p2|Archaludon, L50, M|
|poke|p2|Groudon, L50|
|poke|p2|Chi-Yu, L50|
|teampreview|4
|inactive|Battle timer is ON: inactive players will automatically lose when time's up. (requested by Acorbett45)
|inactive|clownedtocrowned has 60 seconds left.
|inactive|Acorbett45 has 60 seconds left.
|inactive|clownedtocrowned has 30 seconds left.
|inactive|clownedtocrowned has 20 seconds left.
|inactive|clownedtocrowned has 15 seconds left.
|
|t:|1750781629
|start
|switch|p1a: Tornadus|Tornadus, L50, M|100/100
|switch|p1b: Lunala|Lunala, L50, shiny|100/100
|switch|p2a: Whimsicott|Whimsicott, L50, M|100/100
|switch|p2b: Archaludon|Archaludon, L50, M|100/100
|turn|1
|inactive|clownedtocrowned has 30 seconds left.
|inactive|Acorbett45 has 30 seconds left.
|
|t:|1750781661
|-terastallize|p2b: Archaludon|Electric
|move|p2a: Whimsicott|Helping Hand|p2b: Archaludon
|-singleturn|p2b: Archaludon|Helping Hand|[of] p2a: Whimsicott
|move|p1a: Tornadus|Taunt|p2a: Whimsicott
|-start|p2a: Whimsicott|move: Taunt
|move|p1b: Lunala|Moongeist Beam|p2b: Archaludon
|-damage|p2b: Archaludon|24/100
|move|p2b: Archaludon|Electro Shot||[still]
|-prepare|p2b: Archaludon|Electro Shot
|-boost|p2b: Archaludon|spa|1
|-enditem|p2b: Archaludon|Power Herb
|-anim|p2b: Archaludon|Electro Shot|p1b: Lunala
|-damage|p1b: Lunala|48/100
|
|upkeep
|turn|2
|inactive|clownedtocrowned has 30 seconds left.
|
|t:|1750781688
|switch|p2a: Flutter Mane|Flutter Mane, L50|100/100
|switch|p2b: Groudon|Groudon, L50|100/100
|-weather|SunnyDay|[from] ability: Drought|[of] p2b: Groudon
|-activate|p2a: Flutter Mane|ability: Protosynthesis
|-start|p2a: Flutter Mane|protosynthesisspe
|move|p1a: Tornadus|Tailwind|p1a: Tornadus
|-sidestart|p1: clownedtocrowned|move: Tailwind
|move|p1b: Lunala|Moongeist Beam|p2b: Groudon
|-damage|p2b: Groudon|47/100
|
|-weather|SunnyDay|[upkeep]
|upkeep
|turn|3
|inactive|clownedtocrowned has 30 seconds left.
|inactive|Acorbett45 has 30 seconds left.
|
|t:|1750781715
|switch|p1b: Indeedee|Indeedee-F, L50, F|100/100
|-fieldstart|move: Psychic Terrain|[from] ability: Psychic Surge|[of] p1b: Indeedee
|move|p2a: Flutter Mane|Protect|p2a: Flutter Mane
|-singleturn|p2a: Flutter Mane|Protect
|move|p1a: Tornadus|Bleakwind Storm|p2b: Groudon|[spread] p2b
|-activate|p2a: Flutter Mane|move: Protect
|-damage|p2b: Groudon|13/100
|move|p2b: Groudon|Heat Crash|p1b: Indeedee
|-damage|p1b: Indeedee|22/100
|
|-weather|SunnyDay|[upkeep]
|upkeep
|turn|4
|inactive|clownedtocrowned has 30 seconds left.
|inactive|Acorbett45 has 30 seconds left.
|inactive|clownedtocrowned has 20 seconds left.
|inactive|Acorbett45 has 20 seconds left.
|
|t:|1750781753
|move|p1b: Indeedee|Helping Hand|p1a: Tornadus
|-singleturn|p1a: Tornadus|Helping Hand|[of] p1b: Indeedee
|move|p2b: Groudon|Protect|p2b: Groudon
|-singleturn|p2b: Groudon|Protect
|move|p1a: Tornadus|Bleakwind Storm|p2a: Flutter Mane|[spread] p2a
|-activate|p2b: Groudon|move: Protect
|-damage|p2a: Flutter Mane|40/100
|move|p2a: Flutter Mane|Dazzling Gleam|p1b: Indeedee|[spread] p1a,p1b
|-damage|p1a: Tornadus|39/100
|-damage|p1b: Indeedee|0 fnt
|faint|p1b: Indeedee
|-damage|p2a: Flutter Mane|30/100|[from] item: Life Orb
|
|-weather|SunnyDay|[upkeep]
|upkeep
|
|t:|1750781767
|switch|p1b: Zacian|Zacian-Crowned, L50, shiny|100/100
|-ability|p1b: Zacian|Intrepid Sword|boost
|-boost|p1b: Zacian|atk|1
|turn|5
|
|t:|1750781785
|move|p2a: Flutter Mane|Protect|p2a: Flutter Mane
|-singleturn|p2a: Flutter Mane|Protect
|move|p1b: Zacian|Behemoth Blade|p2b: Groudon
|-damage|p2b: Groudon|0 fnt
|faint|p2b: Groudon
|move|p1a: Tornadus|Bleakwind Storm|p2a: Flutter Mane
|-activate|p2a: Flutter Mane|move: Protect
|
|-weather|SunnyDay|[upkeep]
|-sideend|p1: clownedtocrowned|move: Tailwind
|upkeep
|
|t:|1750781794
|switch|p2b: Whimsicott|Whimsicott, L50, M|100/100
|turn|6
|inactive|clownedtocrowned has 30 seconds left.
|inactive|Acorbett45 has 30 seconds left.
|inactive|Acorbett45 has 20 seconds left.
|inactive|Acorbett45 has 15 seconds left.
|
|t:|1750781836
|move|p2b: Whimsicott|Tailwind|p2b: Whimsicott
|-sidestart|p2: Acorbett45|move: Tailwind
|move|p1a: Tornadus|Tailwind|p1a: Tornadus
|-sidestart|p1: clownedtocrowned|move: Tailwind
|move|p2a: Flutter Mane|Moonblast|p1b: Zacian
|-resisted|p1b: Zacian
|-damage|p1b: Zacian|73/100
|-unboost|p1b: Zacian|spa|1
|-damage|p2a: Flutter Mane|20/100|[from] item: Life Orb
|move|p1b: Zacian|Behemoth Blade|p2a: Flutter Mane
|-supereffective|p2a: Flutter Mane
|-damage|p2a: Flutter Mane|0 fnt
|faint|p2a: Flutter Mane
|-end|p2a: Flutter Mane|Protosynthesis|[silent]
|
|-weather|none
|upkeep
|
|t:|1750781845
|switch|p2a: Archaludon|Archaludon, L50, M, tera:Electric|24/100
|turn|7
|
|t:|1750781861
|move|p2b: Whimsicott|Taunt|p1a: Tornadus
|-start|p1a: Tornadus|move: Taunt
|cant|p1a: Tornadus|move: Taunt|Taunt
|move|p1b: Zacian|Behemoth Blade|p2a: Archaludon
|-resisted|p2a: Archaludon
|-damage|p2a: Archaludon|0 fnt
|faint|p2a: Archaludon
|
|-fieldend|move: Psychic Terrain
|upkeep
|turn|8
|-message|Acorbett45 forfeited.
|
|win|clownedtocrowned
|raw|clownedtocrowned's rating: 1503 &rarr; <strong>1518</strong><br />(+15 for winning)
|raw|Acorbett45's rating: 1410 &rarr; <strong>1395</strong><br />(-15 for losing)
|l|☆Acorbett45
|player|p2|
|l|☆clownedtocrowned
|player|p1|
