|j|☆KhankoRex
|j|☆tavares vgc
|t:|1750729395
|gametype|doubles
|player|p1|KhankoRex|1|1476
|player|p2|tavares vgc|hilbert|1464
|teamsize|p1|6
|teamsize|p2|6
|gen|9
|tier|[Gen 9] VGC 2025 Reg I
|rated|
|rule|Species Clause: Limit one of each Pokémon
|rule|Item Clause: Limit 1 of each item
|clearpoke
|poke|p1|Okidogi, L50, M|
|poke|p1|Calyrex-Shadow, L50|
|poke|p1|Miraidon, L50|
|poke|p1|Chien-Pao, L50|
|poke|p1|Talonflame, L50, F|
|poke|p1|Ogerpon-Cornerstone, L50, F|
|poke|p2|Groudon, L50|
|poke|p2|Raging Bolt, L50|
|poke|p2|Whimsicott, L50, M|
|poke|p2|Miraidon, L50|
|poke|p2|Iron Bundle, L50|
|poke|p2|Farigiraf, L50, M|
|teampreview|4
|inactive|Battle timer is ON: inactive players will automatically lose when time's up. (requested by KhankoRex)
|
|t:|1750729436
|start
|switch|p1a: Chien-Pao|Chien-Pao, L50|100/100
|switch|p1b: Talonflame|Talonflame, L50, F|100/100
|switch|p2a: Miraidon|Miraidon, L50|100/100
|switch|p2b: Farigiraf|Farigiraf, L50, M|100/100
|-fieldstart|move: Electric Terrain|[from] ability: Hadron Engine|[of] p2a: Miraidon
|-enditem|p2b: Farigiraf|Electric Seed
|-boost|p2b: Farigiraf|def|1|[from] item: Electric Seed
|-ability|p1a: Chien-Pao|Sword of Ruin
|turn|1
|
|t:|1750729460
|-terastallize|p2a: Miraidon|Fire
|move|p1b: Talonflame|Tailwind|p1b: Talonflame
|-sidestart|p1: KhankoRex|move: Tailwind
|move|p1a: Chien-Pao|Ice Spinner|p2a: Miraidon
|-resisted|p2a: Miraidon
|-crit|p2a: Miraidon
|-damage|p2a: Miraidon|63/100
|-fieldend|move: Electric Terrain
|move|p2a: Miraidon|Volt Switch|p1b: Talonflame
|-supereffective|p1b: Talonflame
|-damage|p1b: Talonflame|0 fnt
|faint|p1b: Talonflame
|inactive|tavares vgc has 30 seconds left.
|inactive|tavares vgc has 20 seconds left.
|
|t:|1750729496
|switch|p2a: Raging Bolt|Raging Bolt, L50|100/100|[from] Volt Switch
|move|p2b: Farigiraf|Trick Room|p2b: Farigiraf
|-fieldstart|move: Trick Room|[of] p2b: Farigiraf
|
|upkeep
|
|t:|1750729513
|switch|p1b: Calyrex|Calyrex-Shadow, L50|100/100
|-ability|p1b: Calyrex|As One
|-ability|p1b: Calyrex|Unnerve
|turn|2
|inactive|tavares vgc has 30 seconds left.
|inactive|tavares vgc has 20 seconds left.
|inactive|tavares vgc has 15 seconds left.
|inactive|tavares vgc has 10 seconds left.
|
|t:|1750729560
|move|p1b: Calyrex|Protect|p1b: Calyrex
|-singleturn|p1b: Calyrex|Protect
|move|p2b: Farigiraf|Psychic|p1b: Calyrex
|-activate|p1b: Calyrex|move: Protect
|move|p2a: Raging Bolt|Rising Voltage|p1a: Chien-Pao
|-damage|p1a: Chien-Pao|0 fnt
|faint|p1a: Chien-Pao
|-damage|p2a: Raging Bolt|91/100|[from] item: Life Orb
|
|upkeep
|
|t:|1750729572
|switch|p1a: Miraidon|Miraidon, L50|100/100
|-fieldstart|move: Electric Terrain|[from] ability: Hadron Engine|[of] p1a: Miraidon
|turn|3
|
|t:|1750729592
|-terastallize|p1a: Miraidon|Electric
|move|p2b: Farigiraf|Psychic|p1b: Calyrex
|-resisted|p1b: Calyrex
|-damage|p1b: Calyrex|83/100
|move|p2a: Raging Bolt|Draco Meteor|p1a: Miraidon
|-damage|p1a: Miraidon|6/100
|-unboost|p2a: Raging Bolt|spa|2
|-damage|p2a: Raging Bolt|81/100|[from] item: Life Orb
|move|p1b: Calyrex|Astral Barrage|p2a: Raging Bolt|[spread] p2a
|-immune|p2b: Farigiraf
|-damage|p2a: Raging Bolt|32/100
|move|p1a: Miraidon|Electro Drift|p2b: Farigiraf
|-damage|p2b: Farigiraf|0 fnt
|faint|p2b: Farigiraf
|
|upkeep
|inactive|tavares vgc has 30 seconds left.
|
|t:|1750729621
|switch|p2b: Miraidon|Miraidon, L50, tera:Fire|63/100
|-activate|p2b: Miraidon|ability: Hadron Engine
|turn|4
|inactive|tavares vgc has 30 seconds left.
|inactive|tavares vgc has 20 seconds left.
|
|t:|1750729659
|move|p1b: Calyrex|Protect|p1b: Calyrex
|-singleturn|p1b: Calyrex|Protect
|move|p2a: Raging Bolt|Thunderclap|p1a: Miraidon
|-resisted|p1a: Miraidon
|-damage|p1a: Miraidon|0 fnt
|faint|p1a: Miraidon
|-damage|p2a: Raging Bolt|22/100|[from] item: Life Orb
|move|p2b: Miraidon|Overheat|p1b: Calyrex
|-activate|p1b: Calyrex|move: Protect
|
|-sideend|p1: KhankoRex|move: Tailwind
|upkeep
|turn|5
|inactive|tavares vgc has 30 seconds left.
|
|t:|1750729685
|move|p1b: Calyrex|Protect||[still]
|-fail|p1b: Calyrex
|move|p2a: Raging Bolt|Draco Meteor|p1b: Calyrex
|-damage|p1b: Calyrex|34/100
|-unboost|p2a: Raging Bolt|spa|2
|-damage|p2a: Raging Bolt|12/100|[from] item: Life Orb
|move|p2b: Miraidon|Overheat|p1b: Calyrex
|-damage|p1b: Calyrex|0 fnt
|-unboost|p2b: Miraidon|spa|2
|faint|p1b: Calyrex
|
|win|tavares vgc
|raw|KhankoRex's rating: 1476 &rarr; <strong>1455</strong><br />(-21 for losing)
|raw|tavares vgc's rating: 1464 &rarr; <strong>1485</strong><br />(+21 for winning)
|l|☆KhankoRex
|player|p1|
|l|☆tavares vgc
|player|p2|
