|j|☆promariokartist
|j|☆YoshiKing94
|t:|1750781394
|gametype|doubles
|player|p1|promariokartist|102|1254
|player|p2|YoshiKing94|caitlin|1215
|teamsize|p1|6
|teamsize|p2|6
|gen|9
|tier|[Gen 9] VGC 2025 Reg I
|rated|
|rule|Species Clause: Limit one of each Pokémon
|rule|Item Clause: Limit 1 of each item
|clearpoke
|poke|p1|Calyrex-Shadow, L50|
|poke|p1|Koraidon, L50|
|poke|p1|Incineroar, L50, F|
|poke|p1|Rillaboom, L50, M|
|poke|p1|Urshifu-*, L50, F|
|poke|p1|Clefairy, L50, M|
|poke|p2|Calyrex-Shadow, L50|
|poke|p2|Indeedee-F, L50, F|
|poke|p2|Roaring Moon, L50|
|poke|p2|Landorus, L50, M|
|poke|p2|Zamazenta-*, L50|
|poke|p2|Urshifu-*, L50, M|
|teampreview|4
|
|t:|1750781453
|start
|switch|p1a: Calyrex|Calyrex-Shadow, L50|100/100
|switch|p1b: Clefairy|Clefairy, L50, M, shiny|100/100
|switch|p2a: Landorus|Landorus, L50, M|100/100
|switch|p2b: Indeedee|Indeedee-F, L50, F|100/100
|-ability|p1a: Calyrex|As One
|-ability|p1a: Calyrex|Unnerve
|-fieldstart|move: Psychic Terrain|[from] ability: Psychic Surge|[of] p2b: Indeedee
|turn|1
|
|t:|1750781486
|move|p1b: Clefairy|Follow Me|p1b: Clefairy
|-singleturn|p1b: Clefairy|move: Follow Me
|move|p1a: Calyrex|Nasty Plot|p1a: Calyrex
|-boost|p1a: Calyrex|spa|2
|move|p2a: Landorus|U-turn|p1b: Clefairy
|-resisted|p1b: Clefairy
|-damage|p1b: Clefairy|91/100
|-damage|p2a: Landorus|91/100|[from] item: Life Orb
|
|t:|1750781495
|switch|p2a: Calyrex|Calyrex-Shadow, L50|100/100|[from] U-turn
|-ability|p2a: Calyrex|As One
|-ability|p2a: Calyrex|Unnerve
|move|p2b: Indeedee|Trick Room|p2b: Indeedee
|-fieldstart|move: Trick Room|[of] p2b: Indeedee
|
|upkeep
|turn|2
|
|t:|1750781528
|-terastallize|p1a: Calyrex|Fairy
|move|p2a: Calyrex|Protect|p2a: Calyrex
|-singleturn|p2a: Calyrex|Protect
|move|p1b: Clefairy|After You|p1a: Calyrex
|-activate|p1a: Calyrex|move: After You
|move|p1a: Calyrex|Astral Barrage|p2a: Calyrex|[spread] 
|-activate|p2a: Calyrex|move: Protect
|-immune|p2b: Indeedee
|move|p2b: Indeedee|Psychic|p1b: Clefairy
|-damage|p1b: Clefairy|58/100
|
|upkeep
|turn|3
|
|t:|1750781546
|-terastallize|p2a: Calyrex|Dark
|move|p1b: Clefairy|After You|p1a: Calyrex
|-activate|p1a: Calyrex|move: After You
|move|p1a: Calyrex|Astral Barrage|p2b: Indeedee|[spread] p2a
|-immune|p2b: Indeedee
|-resisted|p2a: Calyrex
|-damage|p2a: Calyrex|44/100
|move|p2b: Indeedee|Psychic|p1a: Calyrex
|-damage|p1a: Calyrex|71/100
|move|p2a: Calyrex|Expanding Force|p1b: Clefairy|[spread] p1a,p1b
|-damage|p1a: Calyrex|10/100
|-damage|p1b: Clefairy|0 fnt
|faint|p1b: Clefairy
|-ability|p2a: Calyrex|Grim Neigh|boost
|-boost|p2a: Calyrex|spa|1
|
|upkeep
|
|t:|1750781565
|switch|p1b: Incineroar|Incineroar, L50, F, shiny|100/100
|-ability|p1b: Incineroar|Intimidate|boost
|-unboost|p2a: Calyrex|atk|1
|-unboost|p2b: Indeedee|atk|1
|turn|4
|
|t:|1750781586
|move|p2b: Indeedee|Follow Me|p2b: Indeedee
|-singleturn|p2b: Indeedee|move: Follow Me
|move|p1b: Incineroar|Knock Off|p2b: Indeedee
|-supereffective|p2b: Indeedee
|-damage|p2b: Indeedee|8/100
|-damage|p1b: Incineroar|84/100|[from] item: Rocky Helmet|[of] p2b: Indeedee
|-enditem|p2b: Indeedee|Rocky Helmet|[from] move: Knock Off|[of] p1b: Incineroar
|move|p2a: Calyrex|Astral Barrage|p1a: Calyrex|[spread] p1a,p1b
|-resisted|p1b: Incineroar
|-damage|p1a: Calyrex|0 fnt
|-damage|p1b: Incineroar|46/100
|faint|p1a: Calyrex
|-ability|p2a: Calyrex|Grim Neigh|boost
|-boost|p2a: Calyrex|spa|1
|
|upkeep
|
|t:|1750781598
|switch|p1a: Koraidon|Koraidon, L50|100/100
|-weather|SunnyDay|[from] ability: Orichalcum Pulse|[of] p1a: Koraidon
|-activate|p1a: Koraidon|Orichalcum Pulse|[source]
|turn|5
|
|t:|1750781613
|move|p1b: Incineroar|Flare Blitz|p2a: Calyrex
|-damage|p2a: Calyrex|0 fnt
|-enditem|p1b: Incineroar|Sitrus Berry|[eat]
|-heal|p1b: Incineroar|70/100|[from] item: Sitrus Berry
|faint|p2a: Calyrex
|-damage|p1b: Incineroar|57/100|[from] Recoil
|move|p2b: Indeedee|Hyper Voice|p1a: Koraidon|[spread] p1a,p1b
|-damage|p1a: Koraidon|78/100
|-damage|p1b: Incineroar|37/100
|move|p1a: Koraidon|Flame Charge|p2b: Indeedee
|-damage|p2b: Indeedee|0 fnt
|-boost|p1a: Koraidon|spe|1
|faint|p2b: Indeedee
|-damage|p1a: Koraidon|69/100|[from] item: Life Orb
|
|-weather|SunnyDay|[upkeep]
|-fieldend|move: Trick Room
|-fieldend|move: Psychic Terrain
|upkeep
|
|t:|1750781629
|switch|p2a: Zamazenta|Zamazenta-Crowned, L50|100/100
|switch|p2b: Landorus|Landorus, L50, M|91/100
|-ability|p2a: Zamazenta|Dauntless Shield|boost
|-boost|p2a: Zamazenta|def|1
|turn|6
|
|t:|1750781642
|move|p2a: Zamazenta|Protect|p2a: Zamazenta
|-singleturn|p2a: Zamazenta|Protect
|move|p1a: Koraidon|Close Combat|p2a: Zamazenta
|-activate|p2a: Zamazenta|move: Protect
|move|p2b: Landorus|Earth Power|p1b: Incineroar
|-supereffective|p1b: Incineroar
|-damage|p1b: Incineroar|0 fnt
|faint|p1b: Incineroar
|
|-weather|SunnyDay|[upkeep]
|upkeep
|turn|7
|
|t:|1750781656
|move|p1a: Koraidon|Close Combat|p2a: Zamazenta
|-supereffective|p2a: Zamazenta
|-damage|p2a: Zamazenta|30/100
|-unboost|p1a: Koraidon|def|1
|-unboost|p1a: Koraidon|spd|1
|-damage|p1a: Koraidon|59/100|[from] item: Life Orb
|move|p2b: Landorus|Earth Power|p1a: Koraidon
|-damage|p1a: Koraidon|0 fnt
|faint|p1a: Koraidon
|
|win|YoshiKing94
|raw|promariokartist's rating: 1254 &rarr; <strong>1226</strong><br />(-28 for losing)
|raw|YoshiKing94's rating: 1215 &rarr; <strong>1243</strong><br />(+28 for winning)
|l|☆promariokartist
|player|p1|
