|j|☆bluebleh
|j|☆ross1234567
|t:|1750831207
|gametype|doubles
|player|p1|bluebleh|gentleman-gen4dp|1056
|player|p2|ross1234567|steven|1119
|teamsize|p1|6
|teamsize|p2|6
|gen|9
|tier|[Gen 9] VGC 2025 Reg I
|rated|
|rule|Species Clause: Limit one of each Pokémon
|rule|Item Clause: Limit 1 of each item
|clearpoke
|poke|p1|Lilligant-Hisui, L50, F|
|poke|p1|Groudon, L50|
|poke|p1|Kleavor, L50, M|
|poke|p1|Ho-Oh, L50|
|poke|p1|Magnezone, L50|
|poke|p1|Walking Wake, L50|
|poke|p2|Ho-Oh, L50|
|poke|p2|Lunala, L50|
|poke|p2|Ursaluna, L50, F|
|poke|p2|Incineroar, L50, M|
|poke|p2|Indeedee-F, L50, F|
|poke|p2|Grimmsnarl, L50, M|
|teampreview|4
bluebleh rejected open team sheets.
|
|t:|1750831297
|start
|switch|p1a: Bosphoramus|Kleavor, L50, M|100/100
|switch|p1b: Irony|Magnezone, L50, shiny|100/100
|switch|p2a: Lunala|Lunala, L50, shiny|100/100
|switch|p2b: Indeedee|Indeedee-F, L50, F|100/100
|-fieldstart|move: Psychic Terrain|[from] ability: Psychic Surge|[of] p2b: Indeedee
|turn|1
|
|t:|1750831322
|-terastallize|p1a: Bosphoramus|Bug
|move|p2a: Lunala|Protect|p2a: Lunala
|-singleturn|p2a: Lunala|Protect
|move|p1a: Bosphoramus|X-Scissor|p2b: Indeedee
|-supereffective|p2b: Indeedee
|-damage|p2b: Indeedee|0 fnt
|-damage|p1a: Bosphoramus|84/100|[from] item: Rocky Helmet|[of] p2b: Indeedee
|faint|p2b: Indeedee
|move|p1b: Irony|Thunder|p2a: Lunala
|-activate|p2a: Lunala|move: Protect
|
|upkeep
|
|t:|1750831337
|switch|p2b: Incineroar|Incineroar, L50, M, shiny|100/100
|-ability|p2b: Incineroar|Intimidate|boost
|-unboost|p1a: Bosphoramus|atk|1
|-unboost|p1b: Irony|atk|1
|turn|2
|
|t:|1750831353
|switch|p1b: Groudon|Groudon, L50|100/100
|-weather|SunnyDay|[from] ability: Drought|[of] p1b: Groudon
|move|p2b: Incineroar|Fake Out|p1a: Bosphoramus
|-activate|p1a: Bosphoramus|move: Psychic Terrain
|move|p2a: Lunala|Expanding Force|p1a: Bosphoramus|[spread] p1a,p1b
|-damage|p1a: Bosphoramus|25/100
|-damage|p1b: Groudon|48/100
|move|p1a: Bosphoramus|Stone Axe|p2b: Incineroar
|-supereffective|p2b: Incineroar
|-damage|p2b: Incineroar|38/100
|-sidestart|p2: ross1234567|move: Stealth Rock
|
|-weather|SunnyDay|[upkeep]
|upkeep
|turn|3
|
|t:|1750831387
|move|p2a: Lunala|Expanding Force|p1a: Bosphoramus|[spread] p1a,p1b
|-damage|p1a: Bosphoramus|0 fnt
|-damage|p1b: Groudon|0 fnt
|faint|p1a: Bosphoramus
|faint|p1b: Groudon
|move|p2b: Incineroar|Knock Off|p1: Bosphoramus|[notarget]
|-fail|p2b: Incineroar
|
|-weather|SunnyDay|[upkeep]
|upkeep
|
|t:|1750831394
|switch|p1b: Ho-Oh|Ho-Oh, L50|100/100
|switch|p1a: Irony|Magnezone, L50, shiny|100/100
|turn|4
|
|t:|1750831414
|move|p2a: Lunala|Protect|p2a: Lunala
|-singleturn|p2a: Lunala|Protect
|move|p1b: Ho-Oh|Life Dew||[still]|[still]|[spread] 
|-fail|p1a: Irony|heal
|-fail|p1b: Ho-Oh|heal
|move|p2b: Incineroar|Flare Blitz|p1a: Irony
|-supereffective|p1a: Irony
|-damage|p1a: Irony|0 fnt
|faint|p1a: Irony
|-damage|p2b: Incineroar|6/100|[from] Recoil
|
|-weather|SunnyDay|[upkeep]
|upkeep
|turn|5
|
|t:|1750831436
|move|p2a: Lunala|Expanding Force|p1b: Ho-Oh
|-damage|p1b: Ho-Oh|48/100
|move|p1b: Ho-Oh|Sacred Fire|p2a: Lunala
|-damage|p2a: Lunala|65/100
|-status|p2a: Lunala|brn
|move|p2b: Incineroar|Knock Off|p1b: Ho-Oh
|-damage|p1b: Ho-Oh|14/100
|-enditem|p1b: Ho-Oh|Blunder Policy|[from] move: Knock Off|[of] p2b: Incineroar
|
|-weather|SunnyDay|[upkeep]
|-heal|p2a: Lunala|71/100 brn|[from] item: Leftovers
|-damage|p2a: Lunala|65/100 brn|[from] brn
|-fieldend|move: Psychic Terrain
|upkeep
|turn|6
|-message|bluebleh forfeited.
|
|win|ross1234567
|raw|bluebleh's rating: 1056 &rarr; <strong>1041</strong><br />(-15 for losing)
|raw|ross1234567's rating: 1119 &rarr; <strong>1140</strong><br />(+21 for winning)
|l|☆bluebleh
|player|p1|
|l|☆ross1234567
|player|p2|
