|j|☆GhostWindShowdown
|j|☆TotallyNotAutistic
|t:|1750827158
|gametype|doubles
|player|p1|GhostWindShowdown|brycenman|1291
|player|p2|TotallyNotAutistic|n|1178
|teamsize|p1|6
|teamsize|p2|6
|gen|9
|tier|[Gen 9] VGC 2025 Reg I
|rated|
|rule|Species Clause: Limit one of each Pokémon
|rule|Item Clause: Limit 1 of each item
|clearpoke
|poke|p1|Sneasler, L50, F|
|poke|p1|Miraidon, L50|
|poke|p1|Maushold-Four, L50|
|poke|p1|Archaludon, L50, F|
|poke|p1|Sinistcha, L50|
|poke|p1|Kyogre, L50|
|poke|p2|Reshiram, L50|
|poke|p2|Malamar, L50, F|
|poke|p2|Miraidon, L50|
|poke|p2|Farigiraf, L50, F|
|poke|p2|Iron Hands, L50|
|poke|p2|Gastrodon, L50, F|
|teampreview|4
|inactive|Battle timer is ON: inactive players will automatically lose when time's up. (requested by GhostWindShowdown)
GhostWindShowdown has agreed to open team sheets.
|inactive|GhostWindShowdown has 60 seconds left.
TotallyNotAutistic has agreed to open team sheets.
|showteam|p1|Sneasler||ElectricSeed|Unburden|ThroatChop,FakeOut,CloseCombat,DireClaw|||F|||50|,,,,,Flying]Miraidon||LifeOrb|HadronEngine|ElectroDrift,DazzlingGleam,DracoMeteor,Snarl||||||50|,,,,,Fairy]Maushold-Four||WideLens|FriendGuard|PopulationBomb,FollowMe,FakeTears,Protect||||||50|,,,,,Ghost]Archaludon||PowerHerb|Stamina|BodyPress,ElectroShot,FlashCannon,Protect|||F|||50|,,,,,Grass]Sinistcha||CovertCloak|Hospitality|Curse,MatchaGotcha,Protect,RagePowder||||||50|,,,,,Fire]Kyogre||MysticWater|Drizzle|Protect,OriginPulse,WaterSpout,IceBeam||||||50|,,,,,Grass
|showteam|p2|Reshiram||LifeOrb|Turboblaze|DracoMeteor,Overheat,HeatWave,Protect||||||50|,,,,,Fire]Malamar||CovertCloak|Contrary|FoulPlay,TrickRoom,Protect,TopsyTurvy|||F|||50|,,,,,Grass]Miraidon||AssaultVest|HadronEngine|ElectroDrift,DracoMeteor,DazzlingGleam,VoltSwitch||||||50|,,,,,Fairy]Farigiraf||ElectricSeed|ArmorTail|DazzlingGleam,HelpingHand,TrickRoom,Protect|||F|||50|,,,,,Grass]Iron Hands||SitrusBerry|QuarkDrive|WildCharge,CloseCombat,FakeOut,Detect||||||50|,,,,,Bug]Gastrodon||Leftovers|StormDrain|MuddyWater,EarthPower,Protect,RainDance|||F|||50|,,,,,Fire
|inactive|TotallyNotAutistic has 60 seconds left.
|inactive|TotallyNotAutistic has 30 seconds left.
|inactive|TotallyNotAutistic has 20 seconds left.
|inactive|TotallyNotAutistic has 15 seconds left.
|
|t:|1750827244
|start
|switch|p1a: Sneasler|Sneasler, L50, F|100/100
|switch|p1b: Miraidon|Miraidon, L50|100/100
|switch|p2a: Reshiram|Reshiram, L50|100/100
|switch|p2b: Malamar|Malamar, L50, F|100/100
|-fieldstart|move: Electric Terrain|[from] ability: Hadron Engine|[of] p1b: Miraidon
|-enditem|p1a: Sneasler|Electric Seed
|-boost|p1a: Sneasler|def|1|[from] item: Electric Seed
|-ability|p2a: Reshiram|Turboblaze
|turn|1
|inactive|GhostWindShowdown has 30 seconds left.
|inactive|TotallyNotAutistic has 30 seconds left.
|
|t:|1750827274
|-terastallize|p1b: Miraidon|Fairy
|-terastallize|p2a: Reshiram|Fire
|move|p1a: Sneasler|Fake Out|p2a: Reshiram
|-damage|p2a: Reshiram|87/100
|move|p1b: Miraidon|Dazzling Gleam|p2b: Malamar|[spread] p2a,p2b
|-resisted|p2a: Reshiram
|-supereffective|p2b: Malamar
|-damage|p2a: Reshiram|65/100
|-damage|p2b: Malamar|8/100
|-damage|p1b: Miraidon|91/100|[from] item: Life Orb
|cant|p2a: Reshiram|flinch
|move|p2b: Malamar|Trick Room|p2b: Malamar
|-fieldstart|move: Trick Room|[of] p2b: Malamar
|
|upkeep
|turn|2
|
|t:|1750827294
|move|p2b: Malamar|Foul Play|p1a: Sneasler
|-resisted|p1a: Sneasler
|-damage|p1a: Sneasler|68/100
|move|p2a: Reshiram|Heat Wave|p1b: Miraidon|[spread] p1a,p1b
|-damage|p1a: Sneasler|0 fnt
|-damage|p1b: Miraidon|19/100
|faint|p1a: Sneasler
|-damage|p2a: Reshiram|55/100|[from] item: Life Orb
|move|p1b: Miraidon|Snarl|p2a: Reshiram|[spread] p2a,p2b
|-damage|p2a: Reshiram|35/100
|-damage|p2b: Malamar|0 fnt
|-unboost|p2a: Reshiram|spa|1
|faint|p2b: Malamar
|-damage|p1b: Miraidon|10/100|[from] item: Life Orb
|
|upkeep
|
|t:|1750827308
|switch|p2b: Gastrodon|Gastrodon, L50, F|100/100
|switch|p1a: Kyogre|Kyogre, L50|100/100
|-weather|RainDance|[from] ability: Drizzle|[of] p1a: Kyogre
|turn|3
|
|t:|1750827319
|switch|p1b: Maushold|Maushold-Four, L50|100/100
|move|p2b: Gastrodon|Muddy Water|p1a: Kyogre|[spread] p1a,p1b
|-resisted|p1a: Kyogre
|-damage|p1a: Kyogre|91/100
|-damage|p1b: Maushold|48/100
|-unboost|p1b: Maushold|accuracy|1
|move|p2a: Reshiram|Draco Meteor|p1a: Kyogre
|-damage|p1a: Kyogre|38/100
|-unboost|p2a: Reshiram|spa|2
|-damage|p2a: Reshiram|26/100|[from] item: Life Orb
|move|p1a: Kyogre|Ice Beam|p2b: Gastrodon
|-damage|p2b: Gastrodon|71/100
|
|-weather|RainDance|[upkeep]
|-heal|p2b: Gastrodon|77/100|[from] item: Leftovers
|upkeep
|turn|4
|inactive|TotallyNotAutistic has 30 seconds left.
|
|t:|1750827345
|move|p1a: Kyogre|Protect|p1a: Kyogre
|-singleturn|p1a: Kyogre|Protect
|move|p1b: Maushold|Protect|p1b: Maushold
|-singleturn|p1b: Maushold|Protect
|move|p2b: Gastrodon|Muddy Water|p1a: Kyogre|[spread] 
|-activate|p1a: Kyogre|move: Protect
|-activate|p1b: Maushold|move: Protect
|move|p2a: Reshiram|Draco Meteor|p1a: Kyogre
|-activate|p1a: Kyogre|move: Protect
|
|-weather|RainDance|[upkeep]
|-heal|p2b: Gastrodon|83/100|[from] item: Leftovers
|upkeep
|turn|5
|inactive|GhostWindShowdown has 30 seconds left.
|
|t:|1750827378
|move|p1a: Kyogre|Protect|p1a: Kyogre
|-singleturn|p1a: Kyogre|Protect
|move|p2b: Gastrodon|Muddy Water|p1b: Maushold|[spread] p1b
|-activate|p1a: Kyogre|move: Protect
|-damage|p1b: Maushold|0 fnt
|faint|p1b: Maushold
|move|p2a: Reshiram|Heat Wave|p1a: Kyogre
|-activate|p1a: Kyogre|move: Protect
|
|-weather|RainDance|[upkeep]
|-heal|p2b: Gastrodon|89/100|[from] item: Leftovers
|-fieldend|move: Trick Room
|-fieldend|move: Electric Terrain
|upkeep
|
|t:|1750827389
|switch|p1b: Miraidon|Miraidon, L50, tera:Fairy|10/100
|-fieldstart|move: Electric Terrain|[from] ability: Hadron Engine|[of] p1b: Miraidon
|turn|6
|
|t:|1750827404
|move|p2a: Reshiram|Protect|p2a: Reshiram
|-singleturn|p2a: Reshiram|Protect
|move|p1b: Miraidon|Snarl|p2a: Reshiram|[spread] p2b
|-activate|p2a: Reshiram|move: Protect
|-damage|p2b: Gastrodon|63/100
|-unboost|p2b: Gastrodon|spa|1
|-damage|p1b: Miraidon|0 fnt|[from] item: Life Orb
|faint|p1b: Miraidon
|move|p1a: Kyogre|Ice Beam|p2b: Gastrodon
|-damage|p2b: Gastrodon|31/100
|move|p2b: Gastrodon|Muddy Water|p1a: Kyogre
|-resisted|p1a: Kyogre
|-damage|p1a: Kyogre|26/100
|
|-weather|RainDance|[upkeep]
|-heal|p2b: Gastrodon|37/100|[from] item: Leftovers
|upkeep
|turn|7
|
|t:|1750827424
|move|p1a: Kyogre|Ice Beam|p2b: Gastrodon
|-crit|p2b: Gastrodon
|-damage|p2b: Gastrodon|0 fnt
|faint|p2b: Gastrodon
|move|p2a: Reshiram|Overheat|p1a: Kyogre|[miss]
|-miss|p2a: Reshiram|p1a: Kyogre
|
|-weather|none
|upkeep
|
|t:|1750827430
|switch|p2b: Farigiraf|Farigiraf, L50, F|100/100
|-enditem|p2b: Farigiraf|Electric Seed
|-boost|p2b: Farigiraf|def|1|[from] item: Electric Seed
|turn|8
|
|t:|1750827434
|move|p2a: Reshiram|Protect|p2a: Reshiram
|-singleturn|p2a: Reshiram|Protect
|move|p1a: Kyogre|Origin Pulse|p2a: Reshiram|[spread] 
|-activate|p2a: Reshiram|move: Protect
|-miss|p1a: Kyogre|p2b: Farigiraf
|move|p2b: Farigiraf|Trick Room|p2b: Farigiraf
|-fieldstart|move: Trick Room|[of] p2b: Farigiraf
|
|upkeep
|turn|9
|-message|GhostWindShowdown forfeited.
|
|win|TotallyNotAutistic
|raw|GhostWindShowdown's rating: 1291 &rarr; <strong>1258</strong><br />(-33 for losing)
|raw|TotallyNotAutistic's rating: 1178 &rarr; <strong>1211</strong><br />(+33 for winning)
|c|☆GhostWindShowdown|gg
|c|☆TotallyNotAutistic|ggs
|c|☆TotallyNotAutistic|wp
|c|☆TotallyNotAutistic|dam I couldnt even do what I wanted to
|c|☆TotallyNotAutistic|I have topsy turvy
|c|☆GhostWindShowdown|None in my team are setup mons, but thats a fun idea
|c|☆TotallyNotAutistic|its worked swimmingly so far
|c|☆TotallyNotAutistic|only downsides are the misses
|c|☆GhostWindShowdown|Maybe Topsy Resh after meteor to boost  spa?
|c|☆TotallyNotAutistic|nah cause then its at +1
|c|☆TotallyNotAutistic|raw topsy gives it +2
|c|☆GhostWindShowdown|I imagine its good against SCalyrex
|c|☆TotallyNotAutistic|the life orb gives res the dmg boost it needs beforehand anyway
|c|☆TotallyNotAutistic|oh yea
|c|☆TotallyNotAutistic|overheat + trick room turn one
|c|☆TotallyNotAutistic|then +2 heat wave if its got a sash
|c|☆GhostWindShowdown|And Gastrodon is great as a Miraidon + Kyogre counter
|l|☆GhostWindShowdown
|player|p1|
|l|☆TotallyNotAutistic
|player|p2|
