|j|☆suc vat vk
|j|☆Cameronvgc
|t:|1750849292
|gametype|doubles
|player|p1|suc vat vk|kimonogirl|1163
|player|p2|Cameronvgc|roughneck-gen4|1157
|teamsize|p1|6
|teamsize|p2|6
|gen|9
|tier|[Gen 9] VGC 2025 Reg I
|rated|
|rule|Species Clause: Limit one of each Pokémon
|rule|Item Clause: Limit 1 of each item
|clearpoke
|poke|p1|Incineroar, L50, F|
|poke|p1|Grimmsnarl, L50, M|
|poke|p1|Lunala, L50|
|poke|p1|Ogerpon-Hearthflame, L50, F|
|poke|p1|Koraidon, L50|
|poke|p1|Chien-Pao, L50|
|poke|p2|Calyrex-Shadow, L50|
|poke|p2|Chi-Yu, L50|
|poke|p2|Indeedee-F, L50, F|
|poke|p2|Brute Bonnet, L50|
|poke|p2|Koraidon, L50|
|poke|p2|Gardevoir, L50, F|
|teampreview|4
|inactive|Battle timer is ON: inactive players will automatically lose when time's up. (requested by suc vat vk)
|
|t:|1750849359
|start
|switch|p1a: Grimmsnarl|Grimmsnarl, L50, M, shiny|100/100
|switch|p1b: Lunala|Lunala, L50|100/100
|switch|p2a: Calyrex|Calyrex-Shadow, L50|100/100
|switch|p2b: Gardevoir|Gardevoir, L50, F|100/100
|-ability|p2a: Calyrex|As One
|-ability|p2a: Calyrex|Unnerve
|-ability|p2b: Gardevoir|Shadow Shield|[from] ability: Trace|[of] p1b: Lunala
|turn|1
|inactive|Cameronvgc has 30 seconds left.
|
|t:|1750849390
|-terastallize|p2a: Calyrex|Ghost
|-terastallize|p1b: Lunala|Fairy
|move|p2b: Gardevoir|Shadow Sneak|p2a: Calyrex
|-supereffective|p2a: Calyrex
|-damage|p2a: Calyrex|88/100
|-enditem|p2a: Calyrex|Weakness Policy
|-boost|p2a: Calyrex|atk|2|[from] item: Weakness Policy
|-boost|p2a: Calyrex|spa|2|[from] item: Weakness Policy
|move|p1a: Grimmsnarl|Light Screen|p1a: Grimmsnarl
|-sidestart|p1: suc vat vk|move: Light Screen
|move|p2a: Calyrex|Astral Barrage|p1b: Lunala|[spread] p1a,p1b
|-resisted|p1a: Grimmsnarl
|-damage|p1a: Grimmsnarl|65/100
|-damage|p1b: Lunala|70/100
|move|p1b: Lunala|Calm Mind|p1b: Lunala
|-boost|p1b: Lunala|spa|1
|-boost|p1b: Lunala|spd|1
|
|-heal|p1b: Lunala|77/100|[from] item: Leftovers
|upkeep
|turn|2
|inactive|suc vat vk has 30 seconds left.
|
|t:|1750849416
|move|p2b: Gardevoir|Helping Hand|p2a: Calyrex
|-singleturn|p2a: Calyrex|Helping Hand|[of] p2b: Gardevoir
|move|p1a: Grimmsnarl|Parting Shot|p2a: Calyrex
|-unboost|p2a: Calyrex|atk|1
|-unboost|p2a: Calyrex|spa|1
|
|t:|1750849420
|switch|p1a: Incineroar|Incineroar, L50, F, shiny|100/100|[from] Parting Shot
|-ability|p1a: Incineroar|Intimidate|boost
|-unboost|p2a: Calyrex|atk|1
|-unboost|p2b: Gardevoir|atk|1
|move|p2a: Calyrex|Astral Barrage|p1a: Incineroar|[spread] p1a,p1b
|-resisted|p1a: Incineroar
|-damage|p1a: Incineroar|67/100
|-damage|p1b: Lunala|29/100
|move|p1b: Lunala|Moonblast|p2a: Calyrex
|-damage|p2a: Calyrex|14/100
|
|-heal|p1b: Lunala|35/100|[from] item: Leftovers
|upkeep
|turn|3
|
|t:|1750849441
|move|p1b: Lunala|Protect|p1b: Lunala
|-singleturn|p1b: Lunala|Protect
|move|p2a: Calyrex|Astral Barrage|p1b: Lunala|[spread] p1a
|-activate|p1b: Lunala|move: Protect
|-resisted|p1a: Incineroar
|-damage|p1a: Incineroar|45/100
|move|p2b: Gardevoir|Pain Split|p2a: Calyrex
|-sethp|p2a: Calyrex|57/100|[from] move: Pain Split|[silent]
|-sethp|p2b: Gardevoir|57/100|[from] move: Pain Split
|move|p1a: Incineroar|Knock Off|p2a: Calyrex
|-supereffective|p2a: Calyrex
|-damage|p2a: Calyrex|0 fnt
|faint|p2a: Calyrex
|
|-heal|p1b: Lunala|41/100|[from] item: Leftovers
|upkeep
|
|t:|1750849457
|switch|p2a: Koraidon|Koraidon, L50|100/100
|-weather|SunnyDay|[from] ability: Orichalcum Pulse|[of] p2a: Koraidon
|-activate|p2a: Koraidon|Orichalcum Pulse|[source]
|turn|4
|
|t:|1750849473
|move|p2b: Gardevoir|Helping Hand|p2a: Koraidon
|-singleturn|p2a: Koraidon|Helping Hand|[of] p2b: Gardevoir
|move|p2a: Koraidon|Flame Charge|p1b: Lunala
|-damage|p1b: Lunala|5/100
|-boost|p2a: Koraidon|spe|1
|move|p1b: Lunala|Moonblast|p2a: Koraidon
|-supereffective|p2a: Koraidon
|-damage|p2a: Koraidon|0 fnt
|faint|p2a: Koraidon
|move|p1a: Incineroar|U-turn|p2b: Gardevoir
|-damage|p2b: Gardevoir|30/100
|
|t:|1750849480
|switch|p1a: Grimmsnarl|Grimmsnarl, L50, M, shiny|65/100|[from] U-turn
|
|-weather|SunnyDay|[upkeep]
|-heal|p1b: Lunala|11/100|[from] item: Leftovers
|upkeep
|
|t:|1750849491
|switch|p2a: Indeedee|Indeedee-F, L50, F, shiny|100/100
|-fieldstart|move: Psychic Terrain|[from] ability: Psychic Surge|[of] p2a: Indeedee
|-enditem|p2a: Indeedee|Psychic Seed
|-boost|p2a: Indeedee|spd|1|[from] item: Psychic Seed
|turn|5
|inactive|suc vat vk has 30 seconds left.
|
|t:|1750849520
|move|p1b: Lunala|Moonblast|p2a: Indeedee
|-damage|p2a: Indeedee|70/100
|-unboost|p2a: Indeedee|spa|1
|move|p2b: Gardevoir|Mystical Fire|p1b: Lunala
|-damage|p1b: Lunala|1/100
|-unboost|p1b: Lunala|spa|1
|move|p1a: Grimmsnarl|Spirit Break|p2b: Gardevoir
|-damage|p2b: Gardevoir|0 fnt
|faint|p2b: Gardevoir
|move|p2a: Indeedee|Trick Room|p2a: Indeedee
|-fieldstart|move: Trick Room|[of] p2a: Indeedee
|
|-weather|SunnyDay|[upkeep]
|-heal|p1b: Lunala|7/100|[from] item: Leftovers
|upkeep
|turn|6
|-message|Cameronvgc forfeited.
|
|win|suc vat vk
|raw|suc vat vk's rating: 1148 &rarr; <strong>1174</strong><br />(+26 for winning)
|raw|Cameronvgc's rating: 1157 &rarr; <strong>1131</strong><br />(-26 for losing)
|l|☆Cameronvgc
|player|p2|
|l|☆suc vat vk
|player|p1|
