|j|‽Gin06134
|j|☆M256888
|t:|1750842471
|gametype|doubles
|player|p1|Gin06134|red|1505
|player|p2|M256888|cyrus|1483
|teamsize|p1|6
|teamsize|p2|6
|gen|9
|tier|[Gen 9] VGC 2025 Reg I
|rated|
|rule|Species Clause: Limit one of each Pokémon
|rule|Item Clause: Limit 1 of each item
|clearpoke
|poke|p1|Sinistcha, L50|
|poke|p1|Kyogre, L50|
|poke|p1|Incineroar, L50, M|
|poke|p1|Zacian-*, L50|
|poke|p1|Urshifu-*, L50, M|
|poke|p1|Ursaluna, L50, M|
|poke|p2|Calyrex-Shadow, L50|
|poke|p2|Incineroar, L50, F|
|poke|p2|Rillaboom, L50, F|
|poke|p2|Urshifu-*, L50, F|
|poke|p2|Zamazenta-*, L50|
|poke|p2|Ogerpon-Hearthflame, L50, F|
|teampreview|4
|inactive|Battle timer is ON: inactive players will automatically lose when time's up. (requested by Gin06134)
|inactive|M256888 also wants the timer to be on.
|
|t:|1750842491
|start
|switch|p1a: Sinistcha|Sinistcha, L50|100/100
|switch|p1b: Incineroar|Incineroar, L50, M|100/100
|switch|p2a: Incineroar|Incineroar, L50, F, shiny|100/100
|switch|p2b: Calyrex|Calyrex-Shadow, L50|100/100
|-ability|p2b: Calyrex|As One
|-ability|p2b: Calyrex|Unnerve
|-ability|p1b: Incineroar|Intimidate|boost
|-unboost|p2a: Incineroar|atk|1
|-unboost|p2b: Calyrex|atk|1
|-ability|p2a: Incineroar|Intimidate|boost
|-unboost|p1a: Sinistcha|atk|1
|-unboost|p1b: Incineroar|atk|1
|turn|1
|inactive|M256888 has 30 seconds left.
|
|t:|1750842522
|-terastallize|p2b: Calyrex|Dark
|-terastallize|p1a: Sinistcha|Grass
|move|p1b: Incineroar|Fake Out|p2a: Incineroar
|-damage|p2a: Incineroar|94/100
|-damage|p1b: Incineroar|84/100|[from] item: Rocky Helmet|[of] p2a: Incineroar
|move|p2b: Calyrex|Nasty Plot|p2b: Calyrex
|-boost|p2b: Calyrex|spa|2
|cant|p2a: Incineroar|flinch
|move|p1a: Sinistcha|Trick Room|p1a: Sinistcha
|-fieldstart|move: Trick Room|[of] p1a: Sinistcha
|
|upkeep
|turn|2
|inactive|M256888 has 30 seconds left.
|
|t:|1750842547
|move|p2b: Calyrex|Protect|p2b: Calyrex
|-singleturn|p2b: Calyrex|Protect
|move|p2a: Incineroar|Parting Shot|p1a: Sinistcha
|-unboost|p1a: Sinistcha|atk|1
|-unboost|p1a: Sinistcha|spa|1
|
|t:|1750842557
|switch|p2a: Ogerpon|Ogerpon-Hearthflame, L50, F|100/100|[from] Parting Shot
|-ability|p2a: Ogerpon|Mold Breaker
|move|p1b: Incineroar|Knock Off|p2b: Calyrex
|-activate|p2b: Calyrex|move: Protect
|move|p1a: Sinistcha|Matcha Gotcha|p2a: Ogerpon|[spread] p2a
|-activate|p2b: Calyrex|move: Protect
|-resisted|p2a: Ogerpon
|-damage|p2a: Ogerpon|95/100
|
|upkeep
|turn|3
|
|t:|1750842581
|move|p1b: Incineroar|Knock Off|p2b: Calyrex
|-resisted|p2b: Calyrex
|-damage|p2b: Calyrex|85/100
|-enditem|p2b: Calyrex|Life Orb|[from] move: Knock Off|[of] p1b: Incineroar
|move|p1a: Sinistcha|Matcha Gotcha|p2b: Calyrex|[spread] p2a,p2b
|-resisted|p2a: Ogerpon
|-damage|p2a: Ogerpon|89/100
|-damage|p2b: Calyrex|61/100
|move|p2a: Ogerpon|Ivy Cudgel|p1a: Sinistcha|[anim] Ivy Cudgel Fire
|-supereffective|p1a: Sinistcha
|-damage|p1a: Sinistcha|2/100
|move|p2b: Calyrex|Astral Barrage|p1a: Sinistcha|[spread] p1a,p1b
|-resisted|p1b: Incineroar
|-damage|p1a: Sinistcha|0 fnt
|-damage|p1b: Incineroar|34/100
|faint|p1a: Sinistcha
|-ability|p2b: Calyrex|Grim Neigh|boost
|-boost|p2b: Calyrex|spa|1
|
|upkeep
|
|t:|1750842597
|switch|p1a: Kyogre|Kyogre, L50|100/100
|-weather|RainDance|[from] ability: Drizzle|[of] p1a: Kyogre
|turn|4
|inactive|M256888 has 30 seconds left.
|inactive|M256888 has 20 seconds left.
|inactive|M256888 has 15 seconds left.
|
|t:|1750842638
|switch|p1b: Ursaluna|Ursaluna, L50, M|100/100
|move|p2b: Calyrex|Protect|p2b: Calyrex
|-singleturn|p2b: Calyrex|Protect
|move|p1a: Kyogre|Water Spout|p2b: Calyrex|[spread] p2a
|-activate|p2b: Calyrex|move: Protect
|-damage|p2a: Ogerpon|0 fnt
|faint|p2a: Ogerpon
|
|-weather|RainDance|[upkeep]
|-status|p1b: Ursaluna|brn|[from] item: Flame Orb
|upkeep
|
|t:|1750842659
|switch|p2a: Incineroar|Incineroar, L50, F, shiny|94/100
|-ability|p2a: Incineroar|Intimidate|boost
|-unboost|p1a: Kyogre|atk|1
|-unboost|p1b: Ursaluna|atk|1
|turn|5
|
|t:|1750842678
|switch|p2b: Zamazenta|Zamazenta-Crowned, L50, shiny|100/100
|-ability|p2b: Zamazenta|Dauntless Shield|boost
|-boost|p2b: Zamazenta|def|1
|move|p2a: Incineroar|Fake Out|p1a: Kyogre
|-damage|p1a: Kyogre|90/100
|move|p1b: Ursaluna|Facade|p2b: Zamazenta
|-resisted|p2b: Zamazenta
|-damage|p2b: Zamazenta|86/100
|cant|p1a: Kyogre|flinch
|
|-weather|RainDance|[upkeep]
|-damage|p1b: Ursaluna|95/100 brn|[from] brn
|-fieldend|move: Trick Room
|upkeep
|turn|6
|
|t:|1750842702
|move|p2b: Zamazenta|Body Press|p1b: Ursaluna
|-supereffective|p1b: Ursaluna
|-damage|p1b: Ursaluna|0 fnt
|faint|p1b: Ursaluna
|move|p2a: Incineroar|Parting Shot|p1a: Kyogre
|-unboost|p1a: Kyogre|atk|1
|-unboost|p1a: Kyogre|spa|1
|
|t:|1750842708
|switch|p2a: Calyrex|Calyrex-Shadow, L50, tera:Dark|61/100|[from] Parting Shot
|-ability|p2a: Calyrex|As One
|-ability|p2a: Calyrex|Unnerve
|move|p1a: Kyogre|Thunder|p2a: Calyrex
|-damage|p2a: Calyrex|30/100
|
|-weather|RainDance|[upkeep]
|upkeep
|
|t:|1750842718
|switch|p1b: Incineroar|Incineroar, L50, M|34/100
|-ability|p1b: Incineroar|Intimidate|boost
|-unboost|p2a: Calyrex|atk|1
|-unboost|p2b: Zamazenta|atk|1
|turn|7
|
|t:|1750842729
|move|p2a: Calyrex|Protect|p2a: Calyrex
|-singleturn|p2a: Calyrex|Protect
|move|p2b: Zamazenta|Protect|p2b: Zamazenta
|-singleturn|p2b: Zamazenta|Protect
|move|p1b: Incineroar|Will-O-Wisp|p2b: Zamazenta
|-activate|p2b: Zamazenta|move: Protect
|move|p1a: Kyogre|Origin Pulse|p2b: Zamazenta|[spread] 
|-activate|p2a: Calyrex|move: Protect
|-activate|p2b: Zamazenta|move: Protect
|
|-weather|RainDance|[upkeep]
|upkeep
|turn|8
|inactive|M256888 has 30 seconds left.
|
|t:|1750842764
|move|p2a: Calyrex|Astral Barrage|p1a: Kyogre|[spread] p1a,p1b
|-resisted|p1b: Incineroar
|-damage|p1a: Kyogre|69/100
|-damage|p1b: Incineroar|11/100
|move|p2b: Zamazenta|Body Press|p1b: Incineroar
|-supereffective|p1b: Incineroar
|-damage|p1b: Incineroar|0 fnt
|faint|p1b: Incineroar
|move|p1a: Kyogre|Origin Pulse|p2b: Zamazenta|[spread] p2a,p2b
|-damage|p2a: Calyrex|0 fnt
|-damage|p2b: Zamazenta|50/100
|faint|p2a: Calyrex
|
|-weather|none
|upkeep
|
|t:|1750842779
|switch|p2a: Incineroar|Incineroar, L50, F, shiny|94/100
|-ability|p2a: Incineroar|Intimidate|boost
|-unboost|p1a: Kyogre|atk|1
|turn|9
|inactive|Gin06134 has 30 seconds left.
|inactive|Gin06134 has 20 seconds left.
|inactive|Gin06134 has 15 seconds left.
|inactive|Gin06134 has 10 seconds left.
|inactive|Gin06134 has 5 seconds left.
|
|t:|1750842834
|move|p2a: Incineroar|Fake Out|p1a: Kyogre
|-damage|p1a: Kyogre|58/100
|move|p2b: Zamazenta|Body Press|p1a: Kyogre
|-damage|p1a: Kyogre|0 fnt
|faint|p1a: Kyogre
|
|win|M256888
|raw|Gin06134's rating: 1505 &rarr; <strong>1484</strong><br />(-21 for losing)
|raw|M256888's rating: 1483 &rarr; <strong>1504</strong><br />(+21 for winning)
|l|☆M256888
|player|p2|
