|j|☆phoenix of rage
|j|☆alfre22
|t:|1750856693
|gametype|doubles
|player|p1|phoenix of rage|birdkeeper-gen4dp|1526
|player|p2|alfre22|benga|1513
|teamsize|p1|6
|teamsize|p2|6
|gen|9
|tier|[Gen 9] VGC 2025 Reg I
|rated|
|rule|Species Clause: Limit one of each Pokémon
|rule|Item Clause: Limit 1 of each item
|clearpoke
|poke|p1|Kyogre, L50|
|poke|p1|Archaludon, L50, F|
|poke|p1|Miraidon, L50|
|poke|p1|Farigiraf, L50, M|
|poke|p1|Flutter Mane, L50|
|poke|p1|Pelipper, L50, M|
|poke|p2|Miraidon, L50|
|poke|p2|Calyrex-Ice, L50|
|poke|p2|Grimmsnarl, L50, M|
|poke|p2|Incineroar, L50, M|
|poke|p2|Volcarona, L50, M|
|poke|p2|Glimmora, L50, M|
|teampreview|4
|inactive|Battle timer is ON: inactive players will automatically lose when time's up. (requested by alfre22)
|inactive|phoenix of rage also wants the timer to be on.
|inactive|phoenix of rage has 60 seconds left.
|inactive|alfre22 has 60 seconds left.
|
|t:|1750856731
|start
|switch|p1a: Farigiraf|Farigiraf, L50, M|100/100
|switch|p1b: Miraidon|Miraidon, L50|100/100
|switch|p2a: Grimmsnarl|Grimmsnarl, L50, M, shiny|100/100
|switch|p2b: Miraidon|Miraidon, L50|100/100
|-fieldstart|move: Electric Terrain|[from] ability: Hadron Engine|[of] p1b: Miraidon
|-enditem|p1a: Farigiraf|Electric Seed
|-boost|p1a: Farigiraf|def|1|[from] item: Electric Seed
|-activate|p2b: Miraidon|ability: Hadron Engine
|turn|1
|inactive|alfre22 has 30 seconds left.
|
|t:|1750856759
|switch|p2b: Volcarona|Volcarona, L50, M|100/100
|-enditem|p2b: Volcarona|Electric Seed
|-boost|p2b: Volcarona|def|1|[from] item: Electric Seed
|-terastallize|p1b: Miraidon|Fairy
|move|p1a: Farigiraf|Helping Hand|p1b: Miraidon
|-singleturn|p1b: Miraidon|Helping Hand|[of] p1a: Farigiraf
|move|p2a: Grimmsnarl|Light Screen|p2a: Grimmsnarl
|-sidestart|p2: alfre22|move: Light Screen
|move|p1b: Miraidon|Dazzling Gleam|p2b: Volcarona|[spread] p2a,p2b
|-supereffective|p2a: Grimmsnarl
|-resisted|p2b: Volcarona
|-damage|p2a: Grimmsnarl|0 fnt
|-damage|p2b: Volcarona|75/100
|faint|p2a: Grimmsnarl
|
|upkeep
|
|t:|1750856774
|switch|p2a: Miraidon|Miraidon, L50|100/100
|-activate|p2a: Miraidon|ability: Hadron Engine
|turn|2
|
|t:|1750856791
|-terastallize|p2a: Miraidon|Fairy
|move|p1b: Miraidon|Dazzling Gleam|p2a: Miraidon|[spread] p2a,p2b
|-resisted|p2b: Volcarona
|-damage|p2a: Miraidon|70/100
|-damage|p2b: Volcarona|58/100
|move|p2a: Miraidon|Electro Drift|p1b: Miraidon
|-damage|p1b: Miraidon|0 fnt
|faint|p1b: Miraidon
|move|p2b: Volcarona|Giga Drain|p1a: Farigiraf
|-damage|p1a: Farigiraf|78/100
|-heal|p2b: Volcarona|72/100|[from] drain|[of] p1a: Farigiraf
|move|p1a: Farigiraf|Trick Room|p1a: Farigiraf
|-fieldstart|move: Trick Room|[of] p1a: Farigiraf
|
|upkeep
|
|t:|1750856808
|switch|p1b: Kyogre|Kyogre, L50|100/100
|-weather|RainDance|[from] ability: Drizzle|[of] p1b: Kyogre
|turn|3
|
|t:|1750856822
|move|p1a: Farigiraf|Helping Hand|p1b: Kyogre
|-singleturn|p1b: Kyogre|Helping Hand|[of] p1a: Farigiraf
|move|p1b: Kyogre|Water Spout|p2a: Miraidon|[spread] p2a,p2b
|-supereffective|p2b: Volcarona
|-damage|p2a: Miraidon|0 fnt
|-damage|p2b: Volcarona|0 fnt
|faint|p2a: Miraidon
|faint|p2b: Volcarona
|
|-weather|RainDance|[upkeep]
|upkeep
|
|t:|1750856828
|switch|p2b: Calyrex|Calyrex-Ice, L50|100/100
|-ability|p2b: Calyrex|As One
|-ability|p2b: Calyrex|Unnerve
|turn|4
|
|t:|1750856843
|move|p1a: Farigiraf|Helping Hand|p1b: Kyogre
|-singleturn|p1b: Kyogre|Helping Hand|[of] p1a: Farigiraf
|move|p2b: Calyrex|Leech Seed|p1b: Kyogre
|-start|p1b: Kyogre|move: Leech Seed
|move|p1b: Kyogre|Thunder|p2b: Calyrex
|-damage|p2b: Calyrex|68/100
|
|-weather|RainDance|[upkeep]
|-heal|p2b: Calyrex|74/100|[from] item: Leftovers
|-damage|p1b: Kyogre|88/100|[from] Leech Seed|[of] p2b: Calyrex
|-heal|p2b: Calyrex|86/100|[silent]
|upkeep
|turn|5
|
|t:|1750856857
|move|p2b: Calyrex|Leech Seed|p1a: Farigiraf|[miss]
|-miss|p2b: Calyrex|p1a: Farigiraf
|move|p1a: Farigiraf|Foul Play|p2b: Calyrex
|-supereffective|p2b: Calyrex
|-damage|p2b: Calyrex|38/100
|move|p1b: Kyogre|Thunder|p2b: Calyrex
|-damage|p2b: Calyrex|15/100
|-status|p2b: Calyrex|par
|
|-weather|RainDance|[upkeep]
|-heal|p2b: Calyrex|21/100 par|[from] item: Leftovers
|-damage|p1b: Kyogre|76/100|[from] Leech Seed|[of] p2b: Calyrex
|-heal|p2b: Calyrex|33/100 par|[silent]
|-fieldend|move: Electric Terrain
|upkeep
|turn|6
|
|t:|1750856871
|cant|p2b: Calyrex|par
|move|p1a: Farigiraf|Foul Play|p2b: Calyrex
|-supereffective|p2b: Calyrex
|-damage|p2b: Calyrex|0 fnt
|faint|p2b: Calyrex
|
|win|phoenix of rage
|raw|phoenix of rage's rating: 1526 &rarr; <strong>1545</strong><br />(+19 for winning)
|raw|alfre22's rating: 1513 &rarr; <strong>1494</strong><br />(-19 for losing)
