|j|☆pom321321321
|j|☆Pidpidpid
|t:|1750861193
|gametype|doubles
|player|p1|pom321321321|wattson|1531
|player|p2|Pidpidpid|birdkeeper-gen4dp|1418
|teamsize|p1|6
|teamsize|p2|6
|gen|9
|tier|[Gen 9] VGC 2025 Reg I
|rated|
|rule|Species Clause: Limit one of each Pokémon
|rule|Item Clause: Limit 1 of each item
|clearpoke
|poke|p1|Lunala, L50|
|poke|p1|Groudon, L50|
|poke|p1|Iron Valiant, L50|
|poke|p1|Sableye, L50, F|
|poke|p1|Incineroar, L50, F|
|poke|p1|Rillaboom, L50, M|
|poke|p2|Giratina, L50|
|poke|p2|Terapagos, L50, M|
|poke|p2|Iron Treads, L50|
|poke|p2|Armarouge, L50, M|
|poke|p2|Glimmora, L50, F|
|poke|p2|Rillaboom, L50, F|
|teampreview|4
|inactive|Battle timer is ON: inactive players will automatically lose when time's up. (requested by pom321321321)
|inactive|Pidpidpid has 60 seconds left.
|inactive|Pidpidpid has 30 seconds left.
|inactive|Pidpidpid has 20 seconds left.
|inactive|Pidpidpid has 15 seconds left.
|inactive|Pidpidpid has 10 seconds left.
|
|t:|1750861276
|start
|switch|p1a: Cerus|Lunala, L50|100/100
|switch|p1b: Sableye|Sableye, L50, F|100/100
|switch|p2a: Terapagos|Terapagos, L50, M|100/100
|switch|p2b: Rillaboom|Rillaboom, L50, F|100/100
|-activate|p2a: Terapagos|ability: Tera Shift
|detailschange|p2a: Terapagos|Terapagos-Terastal, L50, M
|-heal|p2a: Terapagos|100/100|[silent]
|-fieldstart|move: Grassy Terrain|[from] ability: Grassy Surge|[of] p2b: Rillaboom
|-enditem|p2a: Terapagos|Grassy Seed
|-boost|p2a: Terapagos|def|1|[from] item: Grassy Seed
|turn|1
|
|t:|1750861307
|move|p1b: Sableye|Gravity|p1b: Sableye
|-fieldstart|move: Gravity
|move|p1a: Cerus|Hypnosis|p2a: Terapagos
|-status|p2a: Terapagos|slp|[from] move: Hypnosis
|cant|p2a: Terapagos|slp
|move|p2b: Rillaboom|U-turn|p1b: Sableye
|-damage|p1b: Sableye|64/100
|
|t:|1750861319
|switch|p2b: Glimmora|Glimmora, L50, F|100/100|[from] U-turn
|
|-heal|p1b: Sableye|69/100|[from] Grassy Terrain
|upkeep
|turn|2
|
|t:|1750861334
|switch|p1b: Groudon|Groudon, L50|100/100
|-weather|SunnyDay|[from] ability: Drought|[of] p1b: Groudon
|move|p2b: Glimmora|Mortal Spin|p1a: Cerus|[spread] p1a,p1b
|-resisted|p1a: Cerus
|-resisted|p1b: Groudon
|-damage|p1a: Cerus|99/100
|-damage|p1b: Groudon|99/100
|-status|p1a: Cerus|psn
|-status|p1b: Groudon|psn
|move|p1a: Cerus|Hypnosis|p2b: Glimmora
|-status|p2b: Glimmora|slp|[from] move: Hypnosis
|cant|p2a: Terapagos|slp
|
|-weather|SunnyDay|[upkeep]
|-heal|p1a: Cerus|100/100 psn|[from] Grassy Terrain
|-heal|p1b: Groudon|100/100 psn|[from] Grassy Terrain
|-damage|p1a: Cerus|88/100 psn|[from] psn
|-damage|p1b: Groudon|88/100 psn|[from] psn
|upkeep
|turn|3
|inactive|Pidpidpid has 30 seconds left.
|inactive|Pidpidpid has 20 seconds left.
|inactive|Pidpidpid has 15 seconds left.
|
|t:|1750861379
|cant|p2b: Glimmora|slp
|move|p1a: Cerus|Dream Eater|p2a: Terapagos
|-activate|p2a: Terapagos|ability: Tera Shell
|-resisted|p2a: Terapagos
|-damage|p2a: Terapagos|77/100 slp
|-heal|p1a: Cerus|98/100 psn|[from] drain|[of] p2a: Terapagos
|move|p1b: Groudon|Swords Dance|p1b: Groudon
|-boost|p1b: Groudon|atk|2
|-curestatus|p2a: Terapagos|slp|[msg]
|move|p2a: Terapagos|Calm Mind|p2a: Terapagos
|-boost|p2a: Terapagos|spa|1
|-boost|p2a: Terapagos|spd|1
|
|-weather|SunnyDay|[upkeep]
|-heal|p1a: Cerus|100/100 psn|[from] Grassy Terrain
|-heal|p1b: Groudon|94/100 psn|[from] Grassy Terrain
|-heal|p2a: Terapagos|83/100|[from] Grassy Terrain
|-damage|p1a: Cerus|88/100 psn|[from] psn
|-damage|p1b: Groudon|82/100 psn|[from] psn
|upkeep
|turn|4
|inactive|pom321321321 has 30 seconds left.
|inactive|Pidpidpid has 30 seconds left.
|inactive|Pidpidpid has 20 seconds left.
|
|t:|1750861417
|move|p2a: Terapagos|Protect|p2a: Terapagos
|-singleturn|p2a: Terapagos|Protect
|cant|p2b: Glimmora|slp
|move|p1a: Cerus|Calm Mind|p1a: Cerus
|-boost|p1a: Cerus|spa|1
|-boost|p1a: Cerus|spd|1
|move|p1b: Groudon|Precipice Blades|p2a: Terapagos|[spread] p2b
|-activate|p2a: Terapagos|move: Protect
|-supereffective|p2b: Glimmora
|-enditem|p2b: Glimmora|Focus Sash
|-damage|p2b: Glimmora|1/100 slp
|-activate|p2b: Glimmora|ability: Toxic Debris
|-sidestart|p1: pom321321321|move: Toxic Spikes
|
|-weather|SunnyDay|[upkeep]
|-heal|p2b: Glimmora|7/100 slp|[from] Grassy Terrain
|-heal|p1a: Cerus|94/100 psn|[from] Grassy Terrain
|-heal|p1a: Cerus|100/100 psn|[from] item: Leftovers
|-heal|p1b: Groudon|88/100 psn|[from] Grassy Terrain
|-heal|p2a: Terapagos|89/100|[from] Grassy Terrain
|-damage|p1a: Cerus|88/100 psn|[from] psn
|-damage|p1b: Groudon|75/100 psn|[from] psn
|upkeep
|turn|5
|inactive|Pidpidpid has 30 seconds left.
|
|t:|1750861447
|-terastallize|p2a: Terapagos|Stellar
|detailschange|p2a: Terapagos|Terapagos-Stellar, L50, M, tera:Stellar
|-heal|p2a: Terapagos|92/100|[silent]
|-ability|p2a: Terapagos|Teraform Zero
|-weather|none
|-fieldend|move: Grassy Terrain
|-curestatus|p2b: Glimmora|slp|[msg]
|move|p2b: Glimmora|Spiky Shield|p2b: Glimmora
|-singleturn|p2b: Glimmora|move: Protect
|move|p1a: Cerus|Hypnosis|p2a: Terapagos
|-status|p2a: Terapagos|slp|[from] move: Hypnosis
|move|p1b: Groudon|Precipice Blades|p2b: Glimmora|[spread] p2a
|-activate|p2b: Glimmora|move: Protect
|-damage|p2a: Terapagos|46/100 slp
|cant|p2a: Terapagos|slp
|
|-heal|p1a: Cerus|94/100 psn|[from] item: Leftovers
|-damage|p1a: Cerus|82/100 psn|[from] psn
|-damage|p1b: Groudon|63/100 psn|[from] psn
|-fieldend|move: Gravity
|upkeep
|turn|6
|inactive|pom321321321 has 30 seconds left.
|inactive|Pidpidpid has 30 seconds left.
|
|t:|1750861480
|-curestatus|p2a: Terapagos|slp|[msg]
|move|p2a: Terapagos|Protect|p2a: Terapagos
|-singleturn|p2a: Terapagos|Protect
|move|p2b: Glimmora|Power Gem|p1a: Cerus
|-damage|p1a: Cerus|61/100 psn
|move|p1a: Cerus|Dream Eater|p2a: Terapagos
|-activate|p2a: Terapagos|move: Protect
|move|p1b: Groudon|Precipice Blades|p2a: Terapagos|[spread] p2b
|-activate|p2a: Terapagos|move: Protect
|-supereffective|p2b: Glimmora
|-damage|p2b: Glimmora|0 fnt
|-activate|p2b: Glimmora|ability: Toxic Debris
|-sidestart|p1: pom321321321|move: Toxic Spikes
|faint|p2b: Glimmora
|
|-heal|p1a: Cerus|67/100 psn|[from] item: Leftovers
|-damage|p1a: Cerus|55/100 psn|[from] psn
|-damage|p1b: Groudon|50/100 psn|[from] psn
|upkeep
|inactive|Pidpidpid has 30 seconds left.
|
|t:|1750861506
|switch|p2b: Giratina|Giratina, L50|100/100
|-ability|p2b: Giratina|Pressure
|turn|7
|
|t:|1750861526
|move|p1a: Cerus|Moongeist Beam|p2b: Giratina
|-supereffective|p2b: Giratina
|-crit|p2b: Giratina
|-damage|p2b: Giratina|0 fnt
|faint|p2b: Giratina
|move|p1b: Groudon|Precipice Blades|p2a: Terapagos
|-damage|p2a: Terapagos|0 fnt
|faint|p2a: Terapagos
|detailschange|p2: Terapagos|Terapagos, L50, M|[silent]
|
|-heal|p1a: Cerus|61/100 psn|[from] item: Leftovers
|-damage|p1a: Cerus|49/100 psn|[from] psn
|-damage|p1b: Groudon|38/100 psn|[from] psn
|upkeep
|-message|Pidpidpid forfeited.
|
|win|pom321321321
|raw|pom321321321's rating: 1531 &rarr; <strong>1545</strong><br />(+14 for winning)
|raw|Pidpidpid's rating: 1418 &rarr; <strong>1404</strong><br />(-14 for losing)
|l|☆Pidpidpid
|player|p2|
|l|☆pom321321321
|player|p1|
