|j|☆TannerIGuess
|j|☆vlasz
|t:|1750706343
|gametype|doubles
|player|p1|TannerIGuess|flannery|1243
|player|p2|vlasz|blackbelt|1227
|teamsize|p1|6
|teamsize|p2|6
|gen|9
|tier|[Gen 9] VGC 2025 Reg I
|rated|
|rule|Species Clause: Limit one of each Pokémon
|rule|Item Clause: Limit 1 of each item
|clearpoke
|poke|p1|Whimsicott, L50, F|
|poke|p1|Calyrex-Shadow, L50|
|poke|p1|Miraidon, L50|
|poke|p1|Iron Hands, L50|
|poke|p1|Chi-Yu, L50|
|poke|p1|Glalie, L50, M|
|poke|p2|Lunala, L50|
|poke|p2|Ursaluna, L50, F|
|poke|p2|Urshifu-*, L50, M|
|poke|p2|Miraidon, L50|
|poke|p2|Grimmsnarl, L50, M|
|poke|p2|Incineroar, L50, M|
|teampreview|4
TannerIGuess has agreed to open team sheets.
|inactive|Battle timer is ON: inactive players will automatically lose when time's up. (requested by TannerIGuess)
vlasz rejected open team sheets.
|
|t:|1750706381
|start
|switch|p1a: Miraidon|Miraidon, L50|100/100
|switch|p1b: Glalie|Glalie, L50, M|100/100
|switch|p2a: Lunala|Lunala, L50|100/100
|switch|p2b: Grimmsnarl|Grimmsnarl, L50, M|100/100
|-fieldstart|move: Electric Terrain|[from] ability: Hadron Engine|[of] p1a: Miraidon
|-enditem|p2a: Lunala|Electric Seed
|-boost|p2a: Lunala|def|1|[from] item: Electric Seed
|turn|1
|inactive|TannerIGuess has 30 seconds left.
|
|t:|1750706415
|-terastallize|p1a: Miraidon|Fairy
|-terastallize|p2a: Lunala|Fairy
|move|p2b: Grimmsnarl|Light Screen|p2b: Grimmsnarl
|-sidestart|p2: vlasz|move: Light Screen
|move|p1b: Glalie|Switcheroo|p2a: Lunala
|-activate|p1b: Glalie|move: Trick|[of] p2a: Lunala
|-item|p2a: Lunala|Choice Scarf|[from] move: Switcheroo
|-enditem|p1b: Glalie|Choice Scarf|[silent]|[from] move: Switcheroo
|move|p1a: Miraidon|Dazzling Gleam|p2b: Grimmsnarl|[spread] p2a,p2b
|-supereffective|p2b: Grimmsnarl
|-damage|p2a: Lunala|86/100
|-damage|p2b: Grimmsnarl|32/100
|move|p2a: Lunala|Moonblast|p1a: Miraidon
|-damage|p1a: Miraidon|56/100
|-unboost|p1a: Miraidon|spa|1
|
|upkeep
|turn|2
|inactive|vlasz has 30 seconds left.
|
|t:|1750706448
|move|p2b: Grimmsnarl|Reflect|p2b: Grimmsnarl
|-sidestart|p2: vlasz|Reflect
|move|p1a: Miraidon|Dazzling Gleam|p2a: Lunala|[spread] p2a,p2b
|-supereffective|p2b: Grimmsnarl
|-damage|p2a: Lunala|66/100
|-damage|p2b: Grimmsnarl|0 fnt
|faint|p2b: Grimmsnarl
|move|p2a: Lunala|Moonblast|p1a: Miraidon
|-damage|p1a: Miraidon|12/100
|move|p1b: Glalie|Fake Tears|p2a: Lunala
|-unboost|p2a: Lunala|spd|2
|
|upkeep
|
|t:|1750706458
|switch|p2b: Urshifu|Urshifu-Rapid-Strike, L50, M|100/100
|turn|3
|
|t:|1750706476
|move|p1a: Miraidon|Dazzling Gleam|p2a: Lunala|[spread] p2a,p2b
|-crit|p2a: Lunala
|-supereffective|p2b: Urshifu
|-damage|p2a: Lunala|0 fnt
|-damage|p2b: Urshifu|33/100
|faint|p2a: Lunala
|move|p1b: Glalie|Switcheroo|p2b: Urshifu
|-activate|p1b: Glalie|move: Trick|[of] p2b: Urshifu
|-enditem|p2b: Urshifu|Choice Band|[silent]|[from] move: Switcheroo
|-item|p1b: Glalie|Choice Band|[from] move: Switcheroo
|move|p2b: Urshifu|Close Combat|p1b: Glalie
|-supereffective|p1b: Glalie
|-damage|p1b: Glalie|0 fnt
|-unboost|p2b: Urshifu|def|1
|-unboost|p2b: Urshifu|spd|1
|faint|p1b: Glalie
|
|upkeep
|
|t:|1750706490
|switch|p1b: Whimsicott|Whimsicott, L50, F, shiny|100/100
|switch|p2a: Miraidon|Miraidon, L50|100/100
|-activate|p2a: Miraidon|ability: Hadron Engine
|turn|4
|inactive|vlasz has 30 seconds left.
|inactive|vlasz has 20 seconds left.
|
|t:|1750706525
|move|p1b: Whimsicott|Tailwind|p1b: Whimsicott
|-sidestart|p1: TannerIGuess|move: Tailwind
|move|p2b: Urshifu|Aqua Jet|p1a: Miraidon
|-damage|p1a: Miraidon|0 fnt
|faint|p1a: Miraidon
|move|p2a: Miraidon|Electro Drift|p1b: Whimsicott
|-resisted|p1b: Whimsicott
|-damage|p1b: Whimsicott|40/100
|
|upkeep
|
|t:|1750706534
|switch|p1a: Calyrex|Calyrex-Shadow, L50|100/100
|-ability|p1a: Calyrex|As One
|-ability|p1a: Calyrex|Unnerve
|turn|5
|inactive|TannerIGuess has 30 seconds left.
|
|t:|1750706563
|move|p1a: Calyrex|Protect|p1a: Calyrex
|-singleturn|p1a: Calyrex|Protect
|move|p2b: Urshifu|Aqua Jet|p1a: Calyrex
|-damage|p1a: Calyrex|73/100
|move|p1b: Whimsicott|Moonblast|p2b: Urshifu
|-supereffective|p2b: Urshifu
|-damage|p2b: Urshifu|0 fnt
|faint|p2b: Urshifu
|move|p2a: Miraidon|Snarl|p1b: Whimsicott|[spread] p1b
|-activate|p1a: Calyrex|move: Protect
|-resisted|p1b: Whimsicott
|-damage|p1b: Whimsicott|29/100
|
|-fieldend|move: Electric Terrain
|upkeep
|turn|6
|inactive|vlasz has 30 seconds left.
|
|t:|1750706590
|move|p1b: Whimsicott|Encore|p2a: Miraidon
|-start|p2a: Miraidon|Encore
|move|p1a: Calyrex|Disable|p2a: Miraidon
|-start|p2a: Miraidon|Disable|Snarl
|cant|p2a: Miraidon|Disable|Snarl
|
|upkeep
|turn|7
|
|t:|1750706600
|move|p1b: Whimsicott|Fake Tears|p2a: Miraidon
|-unboost|p2a: Miraidon|spd|2
|move|p1a: Calyrex|Astral Barrage|p2a: Miraidon
|-damage|p2a: Miraidon|50/100
|-activate|p2a: Miraidon|move: Struggle
|move|p2a: Miraidon|Struggle|p1a: Calyrex
|-damage|p1a: Calyrex|63/100
|-damage|p2a: Miraidon|25/100|[from] recoil
|
|-sideend|p1: TannerIGuess|move: Tailwind
|upkeep
|turn|8
|
|t:|1750706619
|move|p1b: Whimsicott|Tailwind|p1b: Whimsicott
|-sidestart|p1: TannerIGuess|move: Tailwind
|move|p1a: Calyrex|Astral Barrage|p2a: Miraidon
|-damage|p2a: Miraidon|0 fnt
|faint|p2a: Miraidon
|
|win|TannerIGuess
|raw|TannerIGuess's rating: 1243 &rarr; <strong>1267</strong><br />(+24 for winning)
|raw|vlasz's rating: 1227 &rarr; <strong>1203</strong><br />(-24 for losing)
|l|☆vlasz
|player|p2|
|l|☆TannerIGuess
|player|p1|
