|j|☆UltraKingVGC
|j|☆GhostWindShowdown
|t:|1750828538
|gametype|doubles
|player|p1|UltraKingVGC|hilbert|1168
|player|p2|GhostWindShowdown|brycenman|1195
|teamsize|p1|6
|teamsize|p2|6
|gen|9
|tier|[Gen 9] VGC 2025 Reg I
|rated|
|rule|Species Clause: Limit one of each Pokémon
|rule|Item Clause: Limit 1 of each item
|clearpoke
|poke|p1|Necrozma-Dawn-Wings, L50|
|poke|p1|Miraidon, L50|
|poke|p1|Pawmot, L50, M|
|poke|p1|Hydrapple, L50, F|
|poke|p1|Incineroar, L50, F|
|poke|p1|Porygon2, L50|
|poke|p2|Sneasler, L50, M|
|poke|p2|Miraidon, L50|
|poke|p2|Maushold-Four, L50|
|poke|p2|Archaludon, L50, F|
|poke|p2|Sinistcha, L50|
|poke|p2|Kyogre, L50|
|teampreview|4
|inactive|Battle timer is ON: inactive players will automatically lose when time's up. (requested by GhostWindShowdown)
GhostWindShowdown has agreed to open team sheets.
|inactive|GhostWindShowdown has 60 seconds left.
UltraKingVGC has agreed to open team sheets.
|showteam|p1|Necrozma-Dawn-Wings||WeaknessPolicy|PrismArmor|MoongeistBeam,StoredPower,Protect,IronDefense||||||50|,,,,,Ghost]Miraidon||LifeOrb|HadronEngine|ElectroDrift,DracoMeteor,Protect,ParabolicCharge||||||50|,,,,,Electric]Pawmot||FocusSash|VoltAbsorb|CloseCombat,DoubleShock,FakeOut,Nuzzle|||M|||50|,,,,,Electric]Hydrapple||AssaultVest|SupersweetSyrup|FickleBeam,GigaDrain,PollenPuff,TeraBlast|||F|||50|,,,,,Water]Incineroar||CovertCloak|Intimidate|KnockOff,PartingShot,WillOWisp,FakeOut|||F|||50|,,,,,Grass]Porygon2||Eviolite|Trace|TeraBlast,ShadowBall,TrickRoom,Recover||||||50|,,,,,Fairy
|showteam|p2|Sneasler||ElectricSeed|Unburden|ThroatChop,FakeOut,CloseCombat,DireClaw|||M|||50|,,,,,Flying]Miraidon||LifeOrb|HadronEngine|ElectroDrift,DazzlingGleam,DracoMeteor,Snarl||||||50|,,,,,Fairy]Maushold-Four||WideLens|FriendGuard|PopulationBomb,FollowMe,FakeTears,Protect||||||50|,,,,,Ghost]Archaludon||PowerHerb|Stamina|BodyPress,ElectroShot,FlashCannon,Protect|||F|||50|,,,,,Water]Sinistcha||CovertCloak|Hospitality|Curse,MatchaGotcha,Protect,RagePowder||||||50|,,,,,Fire]Kyogre||MysticWater|Drizzle|Protect,OriginPulse,WaterSpout,IceBeam||||||50|,,,,,Grass
|
|t:|1750828577
|start
|switch|p1a: Pawmot|Pawmot, L50, M, shiny|100/100
|switch|p1b: Miraidon|Miraidon, L50|100/100
|switch|p2a: Sneasler|Sneasler, L50, M|100/100
|switch|p2b: Miraidon|Miraidon, L50|100/100
|-fieldstart|move: Electric Terrain|[from] ability: Hadron Engine|[of] p2b: Miraidon
|-enditem|p2a: Sneasler|Electric Seed
|-boost|p2a: Sneasler|def|1|[from] item: Electric Seed
|-activate|p1b: Miraidon|ability: Hadron Engine
|turn|1
|inactive|UltraKingVGC has 30 seconds left.
|inactive|UltraKingVGC has 20 seconds left.
|inactive|UltraKingVGC has 15 seconds left.
|inactive|UltraKingVGC has 10 seconds left.
|
|t:|1750828624
|-terastallize|p2b: Miraidon|Fairy
|move|p1b: Miraidon|Protect|p1b: Miraidon
|-singleturn|p1b: Miraidon|Protect
|move|p2a: Sneasler|Fake Out|p1a: Pawmot
|-damage|p1a: Pawmot|72/100
|move|p2b: Miraidon|Dazzling Gleam|p1b: Miraidon|[spread] p1a
|-activate|p1b: Miraidon|move: Protect
|-supereffective|p1a: Pawmot
|-damage|p1a: Pawmot|0 fnt
|faint|p1a: Pawmot
|-damage|p2b: Miraidon|91/100|[from] item: Life Orb
|
|upkeep
|
|t:|1750828638
|switch|p1a: Incineroar|Incineroar, L50, F, shiny|100/100
|-ability|p1a: Incineroar|Intimidate|boost
|-unboost|p2a: Sneasler|atk|1
|-unboost|p2b: Miraidon|atk|1
|turn|2
|inactive|UltraKingVGC has 30 seconds left.
|inactive|GhostWindShowdown has 30 seconds left.
|
|t:|1750828670
|-terastallize|p1b: Miraidon|Electric
|move|p1a: Incineroar|Fake Out|p2a: Sneasler
|-damage|p2a: Sneasler|88/100
|cant|p2a: Sneasler|flinch
|move|p2b: Miraidon|Snarl|p1b: Miraidon|[spread] p1a,p1b
|-resisted|p1a: Incineroar
|-damage|p1a: Incineroar|91/100
|-damage|p1b: Miraidon|80/100
|-unboost|p1b: Miraidon|spa|1
|-damage|p2b: Miraidon|81/100|[from] item: Life Orb
|move|p1b: Miraidon|Electro Drift|p2b: Miraidon
|-damage|p2b: Miraidon|1/100
|-damage|p1b: Miraidon|70/100|[from] item: Life Orb
|
|upkeep
|turn|3
|inactive|GhostWindShowdown has 30 seconds left.
|inactive|UltraKingVGC has 30 seconds left.
|inactive|UltraKingVGC has 20 seconds left.
|
|t:|1750828715
|move|p1b: Miraidon|Protect|p1b: Miraidon
|-singleturn|p1b: Miraidon|Protect
|move|p2a: Sneasler|Close Combat|p1a: Incineroar
|-supereffective|p1a: Incineroar
|-damage|p1a: Incineroar|11/100
|-unboost|p2a: Sneasler|def|1
|-unboost|p2a: Sneasler|spd|1
|move|p2b: Miraidon|Draco Meteor|p1b: Miraidon
|-activate|p1b: Miraidon|move: Protect
|move|p1a: Incineroar|Knock Off|p2a: Sneasler
|-resisted|p2a: Sneasler
|-damage|p2a: Sneasler|64/100
|
|upkeep
|turn|4
|inactive|UltraKingVGC has 30 seconds left.
|inactive|GhostWindShowdown has 30 seconds left.
|
|t:|1750828747
|move|p2a: Sneasler|Throat Chop|p1a: Incineroar
|-resisted|p1a: Incineroar
|-damage|p1a: Incineroar|2/100
|move|p2b: Miraidon|Snarl|p1b: Miraidon|[spread] p1a,p1b
|-resisted|p1a: Incineroar
|-damage|p1a: Incineroar|0 fnt
|-damage|p1b: Miraidon|53/100
|-unboost|p1b: Miraidon|spa|1
|faint|p1a: Incineroar
|-damage|p2b: Miraidon|0 fnt|[from] item: Life Orb
|faint|p2b: Miraidon
|move|p1b: Miraidon|Parabolic Charge|p2a: Sneasler
|-damage|p2a: Sneasler|0 fnt
|-heal|p1b: Miraidon|77/100|[from] drain|[of] p2a: Sneasler
|faint|p2a: Sneasler
|-damage|p1b: Miraidon|67/100|[from] item: Life Orb
|
|upkeep
|
|t:|1750828761
|switch|p2b: Archaludon|Archaludon, L50, F|100/100
|switch|p2a: Maushold|Maushold-Four, L50|100/100
|switch|p1a: Hydrapple|Hydrapple, L50, F, shiny|100/100
|-ability|p1a: Hydrapple|Supersweet Syrup
|-unboost|p2a: Maushold|evasion|1
|-unboost|p2b: Archaludon|evasion|1
|turn|5
|inactive|GhostWindShowdown has 30 seconds left.
|
|t:|1750828790
|move|p2b: Archaludon|Protect|p2b: Archaludon
|-singleturn|p2b: Archaludon|Protect
|move|p1b: Miraidon|Electro Drift|p2a: Maushold
|-damage|p2a: Maushold|3/100
|-damage|p1b: Miraidon|58/100|[from] item: Life Orb
|move|p2a: Maushold|Population Bomb|p1b: Miraidon
|-damage|p1b: Miraidon|51/100
|-damage|p1b: Miraidon|44/100
|-damage|p1b: Miraidon|38/100
|-damage|p1b: Miraidon|32/100
|-damage|p1b: Miraidon|26/100
|-damage|p1b: Miraidon|19/100
|-damage|p1b: Miraidon|13/100
|-damage|p1b: Miraidon|7/100
|-crit|p1b: Miraidon
|-damage|p1b: Miraidon|0 fnt
|faint|p1b: Miraidon
|-hitcount|p1: Miraidon|9
|move|p1a: Hydrapple|Pollen Puff|p1: Miraidon|[notarget]
|-fail|p1a: Hydrapple
|
|-fieldend|move: Electric Terrain
|upkeep
|turn|6
|inactive|UltraKingVGC has 30 seconds left.
|inactive|GhostWindShowdown has 30 seconds left.
|
|t:|1750828822
|move|p2a: Maushold|Population Bomb|p2b: Archaludon
|-resisted|p2b: Archaludon
|-damage|p2b: Archaludon|98/100
|-ability|p2b: Archaludon|Stamina|boost
|-boost|p2b: Archaludon|def|1
|-resisted|p2b: Archaludon
|-damage|p2b: Archaludon|97/100
|-ability|p2b: Archaludon|Stamina|boost
|-boost|p2b: Archaludon|def|1
|-resisted|p2b: Archaludon
|-damage|p2b: Archaludon|96/100
|-ability|p2b: Archaludon|Stamina|boost
|-boost|p2b: Archaludon|def|1
|-resisted|p2b: Archaludon
|-damage|p2b: Archaludon|96/100
|-ability|p2b: Archaludon|Stamina|boost
|-boost|p2b: Archaludon|def|1
|-resisted|p2b: Archaludon
|-damage|p2b: Archaludon|95/100
|-ability|p2b: Archaludon|Stamina|boost
|-boost|p2b: Archaludon|def|1
|-resisted|p2b: Archaludon
|-damage|p2b: Archaludon|95/100
|-ability|p2b: Archaludon|Stamina|boost
|-boost|p2b: Archaludon|def|1
|-resisted|p2b: Archaludon
|-damage|p2b: Archaludon|94/100
|-resisted|p2b: Archaludon
|-damage|p2b: Archaludon|94/100
|-resisted|p2b: Archaludon
|-damage|p2b: Archaludon|93/100
|-resisted|p2b: Archaludon
|-damage|p2b: Archaludon|93/100
|-hitcount|p2b: Archaludon|10
|move|p2b: Archaludon|Electro Shot||[still]
|-prepare|p2b: Archaludon|Electro Shot
|-boost|p2b: Archaludon|spa|1
|-enditem|p2b: Archaludon|Power Herb
|-anim|p2b: Archaludon|Electro Shot|p1a: Hydrapple
|-resisted|p1a: Hydrapple
|-damage|p1a: Hydrapple|90/100
|move|p1a: Hydrapple|Giga Drain|p2a: Maushold
|-damage|p2a: Maushold|0 fnt
|-heal|p1a: Hydrapple|91/100|[from] drain|[of] p2a: Maushold
|faint|p2a: Maushold
|
|upkeep
|turn|7
|inactive|UltraKingVGC has 30 seconds left.
|inactive|UltraKingVGC has 20 seconds left.
|
|t:|1750828858
|move|p2b: Archaludon|Body Press|p1a: Hydrapple
|-damage|p1a: Hydrapple|13/100
|move|p1a: Hydrapple|Fickle Beam|p2b: Archaludon
|-damage|p2b: Archaludon|44/100
|
|upkeep
|turn|8
|
|t:|1750828878
|move|p2b: Archaludon|Body Press|p1a: Hydrapple
|-damage|p1a: Hydrapple|0 fnt
|faint|p1a: Hydrapple
|
|win|GhostWindShowdown
|raw|UltraKingVGC's rating: 1168 &rarr; <strong>1145</strong><br />(-23 for losing)
|raw|GhostWindShowdown's rating: 1195 &rarr; <strong>1218</strong><br />(+23 for winning)
|l|☆UltraKingVGC
|player|p1|
|l|☆GhostWindShowdown
|player|p2|
