|j|☆dutchdutchVGC
|j|☆kirbyhat5
|t:|1750882005
|gametype|doubles
|player|p1|dutchdutchVGC|gentleman-gen4|1131
|player|p2|kirbyhat5|102|1130
|teamsize|p1|6
|teamsize|p2|6
|gen|9
|tier|[Gen 9] VGC 2025 Reg I
|rated|
|rule|Species Clause: Limit one of each Pokémon
|rule|Item Clause: Limit 1 of each item
|clearpoke
|poke|p1|Groudon, L50|
|poke|p1|Flutter Mane, L50|
|poke|p1|Iron Bundle, L50|
|poke|p1|Farigiraf, L50, F|
|poke|p1|Tornadus-Therian, L50, M|
|poke|p1|Raging Bolt, L50|
|poke|p2|Rayquaza, L50|
|poke|p2|Zacian-*, L50|
|poke|p2|Chien-Pao, L50|
|poke|p2|Suicune, L50|
|poke|p2|Rillaboom, L50, M|
|poke|p2|Armarouge, L50, M|
|teampreview|4
kirbyhat5 has agreed to open team sheets.
|
|t:|1750882051
|start
|switch|p1a: Farigiraf|Farigiraf, L50, F|100/100
|switch|p1b: Tornadus|Tornadus-Therian, L50, M|100/100
|switch|p2a: Rayquaza|Rayquaza, L50|100/100
|switch|p2b: Suicune|Suicune, L50|100/100
|-ability|p2a: Rayquaza|Air Lock
|turn|1
|
|t:|1750882065
|move|p1b: Tornadus|Tailwind|p1b: Tornadus
|-sidestart|p1: dutchdutchVGC|move: Tailwind
|move|p1a: Farigiraf|Thunder Wave|p2a: Rayquaza
|-status|p2a: Rayquaza|par
|move|p2b: Suicune|Tailwind|p2b: Suicune
|-sidestart|p2: kirbyhat5|move: Tailwind
|cant|p2a: Rayquaza|par
|
|upkeep
|turn|2
|inactive|Battle timer is ON: inactive players will automatically lose when time's up. (requested by dutchdutchVGC)
|
|t:|1750882165
|switch|p1b: Flutter Mane|Flutter Mane, L50|100/100
|move|p2b: Suicune|Snarl|p1a: Farigiraf|[spread] p1a,p1b
|-supereffective|p1a: Farigiraf
|-damage|p1a: Farigiraf|82/100
|-damage|p1b: Flutter Mane|87/100
|-unboost|p1a: Farigiraf|spa|1
|-unboost|p1b: Flutter Mane|spa|1
|move|p1a: Farigiraf|Sunny Day|p1a: Farigiraf
|-weather|SunnyDay
|move|p2a: Rayquaza|Swords Dance|p2a: Rayquaza
|-boost|p2a: Rayquaza|atk|2
|
|-weather|SunnyDay|[upkeep]
|upkeep
|turn|3
|
|t:|1750882181
|-terastallize|p1b: Flutter Mane|Fairy
|-terastallize|p2a: Rayquaza|Normal
|move|p1a: Farigiraf|Helping Hand|p1b: Flutter Mane
|-singleturn|p1b: Flutter Mane|Helping Hand|[of] p1a: Farigiraf
|move|p1b: Flutter Mane|Moonblast|p2a: Rayquaza
|-damage|p2a: Rayquaza|31/100 par
|move|p2b: Suicune|Snarl|p1b: Flutter Mane|[spread] p1a,p1b
|-supereffective|p1a: Farigiraf
|-resisted|p1b: Flutter Mane
|-damage|p1a: Farigiraf|63/100
|-damage|p1b: Flutter Mane|81/100
|-unboost|p1a: Farigiraf|spa|1
|-unboost|p1b: Flutter Mane|spa|1
|move|p2a: Rayquaza|Dragon Ascent|p1a: Farigiraf
|-damage|p1a: Farigiraf|0 fnt
|-unboost|p2a: Rayquaza|def|1
|-unboost|p2a: Rayquaza|spd|1
|faint|p1a: Farigiraf
|
|-weather|SunnyDay|[upkeep]
|upkeep
|
|t:|1750882196
|switch|p1a: Raging Bolt|Raging Bolt, L50|100/100
|turn|4
|inactive|kirbyhat5 has 30 seconds left.
|inactive|kirbyhat5 has 20 seconds left.
|inactive|kirbyhat5 has 15 seconds left.
|
|t:|1750882239
|move|p2a: Rayquaza|Protect|p2a: Rayquaza
|-singleturn|p2a: Rayquaza|Protect
|move|p1a: Raging Bolt|Thunderclap|p2b: Suicune
|-supereffective|p2b: Suicune
|-damage|p2b: Suicune|31/100
|-enditem|p2b: Suicune|Sitrus Berry|[eat]
|-heal|p2b: Suicune|57/100|[from] item: Sitrus Berry
|move|p1b: Flutter Mane|Moonblast|p2a: Rayquaza
|-activate|p2a: Rayquaza|move: Protect
|move|p2b: Suicune|Snarl|p1a: Raging Bolt|[spread] p1b
|-miss|p2b: Suicune|p1a: Raging Bolt
|-resisted|p1b: Flutter Mane
|-damage|p1b: Flutter Mane|75/100
|-unboost|p1b: Flutter Mane|spa|1
|
|-weather|SunnyDay|[upkeep]
|-sideend|p1: dutchdutchVGC|move: Tailwind
|-sideend|p2: kirbyhat5|move: Tailwind
|upkeep
|turn|5
|
|t:|1750882262
|cant|p2a: Rayquaza|par
|move|p1a: Raging Bolt|Thunderclap||[still]
|-fail|p1a: Raging Bolt
|move|p1b: Flutter Mane|Moonblast|p2a: Rayquaza
|-damage|p2a: Rayquaza|0 fnt
|faint|p2a: Rayquaza
|-activate|p1b: Flutter Mane|ability: Protosynthesis
|-start|p1b: Flutter Mane|protosynthesisspe
|-activate|p1a: Raging Bolt|ability: Protosynthesis
|-start|p1a: Raging Bolt|protosynthesisspa
|move|p2b: Suicune|Snarl|p1a: Raging Bolt|[spread] p1a,p1b
|-resisted|p1b: Flutter Mane
|-damage|p1a: Raging Bolt|94/100
|-damage|p1b: Flutter Mane|69/100
|-unboost|p1a: Raging Bolt|spa|1
|-unboost|p1b: Flutter Mane|spa|1
|
|-weather|SunnyDay|[upkeep]
|upkeep
|inactive|kirbyhat5 has 30 seconds left.
|inactive|kirbyhat5 has 20 seconds left.
|inactive|kirbyhat5 has 15 seconds left.
|inactive|kirbyhat5 has 10 seconds left.
|
|t:|1750882310
|switch|p2a: Zacian|Zacian-Crowned, L50|100/100
|-ability|p2a: Zacian|Intrepid Sword|boost
|-boost|p2a: Zacian|atk|1
|turn|6
|
|t:|1750882316
|-end|p1b: Flutter Mane|Protosynthesis|[silent]
|switch|p1b: Tornadus|Tornadus-Therian, L50, M|100/100
|move|p2a: Zacian|Play Rough|p1a: Raging Bolt
|-supereffective|p1a: Raging Bolt
|-damage|p1a: Raging Bolt|0 fnt
|faint|p1a: Raging Bolt
|-end|p1a: Raging Bolt|Protosynthesis|[silent]
|move|p2b: Suicune|Snarl|p1b: Tornadus
|-damage|p1b: Tornadus|84/100
|-unboost|p1b: Tornadus|spa|1
|
|-weather|none
|upkeep
|
|t:|1750882324
|switch|p1a: Flutter Mane|Flutter Mane, L50, tera:Fairy|69/100
|turn|7
|
|t:|1750882342
|move|p2a: Zacian|Behemoth Blade|p1a: Flutter Mane
|-supereffective|p1a: Flutter Mane
|-damage|p1a: Flutter Mane|0 fnt
|faint|p1a: Flutter Mane
|-end|p1a: Flutter Mane|Protosynthesis|[silent]
|move|p1b: Tornadus|Tailwind|p1b: Tornadus
|-sidestart|p1: dutchdutchVGC|move: Tailwind
|move|p2b: Suicune|Ice Beam|p1b: Tornadus
|-supereffective|p1b: Tornadus
|-damage|p1b: Tornadus|27/100
|
|upkeep
|turn|8
|-message|dutchdutchVGC forfeited.
|
|win|kirbyhat5
|raw|dutchdutchVGC's rating: 1131 &rarr; <strong>1106</strong><br />(-25 for losing)
|raw|kirbyhat5's rating: 1130 &rarr; <strong>1155</strong><br />(+25 for winning)
|l|☆dutchdutchVGC
|player|p1|
|l|☆kirbyhat5
|player|p2|
