|j|☆pkmnboo
|j|☆Zard6453
|t:|1750855571
|gametype|doubles
|player|p1|pkmnboo|rood|1247
|player|p2|Zard6453|101|1343
|teamsize|p1|6
|teamsize|p2|6
|gen|9
|tier|[Gen 9] VGC 2025 Reg I
|rated|
|rule|Species Clause: Limit one of each Pokémon
|rule|Item Clause: Limit 1 of each item
|clearpoke
|poke|p1|Ogerpon, L50, F|
|poke|p1|Calyrex-Shadow, L50|
|poke|p1|Rillaboom, L50, M|
|poke|p1|Incineroar, L50, F|
|poke|p1|Urshifu-*, L50, F|
|poke|p1|Zacian-*, L50|
|poke|p2|Calyrex-Shadow, L50|
|poke|p2|Smeargle, L50, F|
|poke|p2|Whimsicott, L50, M|
|poke|p2|Urshifu-*, L50, F|
|poke|p2|Miraidon, L50|
|poke|p2|Iron Treads, L50|
|teampreview|4
|inactive|Battle timer is ON: inactive players will automatically lose when time's up. (requested by pkmnboo)
|inactive|Zard6453 has 60 seconds left.
|
|t:|1750855608
|start
|switch|p1a: Calyrex|Calyrex-Shadow, L50|100/100
|switch|p1b: Ogerpon|Ogerpon, L50, F|100/100
|switch|p2a: Calyrex|Calyrex-Shadow, L50|100/100
|switch|p2b: Smeargle|Smeargle, L50, F|100/100
|-ability|p1a: Calyrex|As One
|-ability|p1a: Calyrex|Unnerve
|-ability|p2a: Calyrex|As One
|-ability|p2a: Calyrex|Unnerve
|turn|1
|inactive|pkmnboo has 30 seconds left.
|inactive|pkmnboo has 20 seconds left.
|
|t:|1750855644
|-terastallize|p2a: Calyrex|Ghost
|move|p2b: Smeargle|Fake Out|p1a: Calyrex
|-immune|p1a: Calyrex
|move|p2a: Calyrex|Astral Barrage|p1a: Calyrex|[spread] p1a,p1b
|-supereffective|p1a: Calyrex
|-enditem|p1a: Calyrex|Focus Sash
|-damage|p1a: Calyrex|1/100
|-damage|p1b: Ogerpon|0 fnt
|faint|p1b: Ogerpon
|-ability|p2a: Calyrex|Grim Neigh|boost
|-boost|p2a: Calyrex|spa|1
|move|p1a: Calyrex|Astral Barrage|p2b: Smeargle|[spread] p2a
|-immune|p2b: Smeargle
|-supereffective|p2a: Calyrex
|-damage|p2a: Calyrex|0 fnt
|faint|p2a: Calyrex
|-ability|p1a: Calyrex|Grim Neigh|boost
|-boost|p1a: Calyrex|spa|1
|
|-ability|p2b: Smeargle|Moody|boost
|-boost|p2b: Smeargle|spa|2
|-unboost|p2b: Smeargle|def|1
|upkeep
|inactive|pkmnboo has 30 seconds left.
|
|t:|1750855673
|switch|p2a: Iron Treads|Iron Treads, L50|100/100
|switch|p1b: Rillaboom|Rillaboom, L50, M|100/100
|-fieldstart|move: Grassy Terrain|[from] ability: Grassy Surge|[of] p1b: Rillaboom
|turn|2
|inactive|Zard6453 has 30 seconds left.
|
|t:|1750855698
|move|p2a: Iron Treads|Protect|p2a: Iron Treads
|-singleturn|p2a: Iron Treads|Protect
|move|p1b: Rillaboom|Fake Out|p2a: Iron Treads
|-activate|p2a: Iron Treads|move: Protect
|move|p2b: Smeargle|Feint|p1a: Calyrex
|-immune|p1a: Calyrex
|move|p1a: Calyrex|Astral Barrage|p2b: Smeargle|[spread] 
|-activate|p2a: Iron Treads|move: Protect
|-immune|p2b: Smeargle
|
|-heal|p1a: Calyrex|7/100|[from] Grassy Terrain
|-ability|p2b: Smeargle|Moody|boost
|-boost|p2b: Smeargle|spe|2
|-unboost|p2b: Smeargle|spd|1
|upkeep
|turn|3
|
|t:|1750855718
|switch|p2b: Miraidon|Miraidon, L50|100/100
|-fieldstart|move: Electric Terrain|[from] ability: Hadron Engine|[of] p2b: Miraidon
|-activate|p2a: Iron Treads|ability: Quark Drive
|-start|p2a: Iron Treads|quarkdrivespe
|switch|p1b: Urshifu|Urshifu-Rapid-Strike, L50, F|100/100
|move|p2a: Iron Treads|Iron Head|p1a: Calyrex
|-damage|p1a: Calyrex|0 fnt
|faint|p1a: Calyrex
|-damage|p2a: Iron Treads|91/100|[from] item: Life Orb
|
|upkeep
|
|t:|1750855728
|switch|p1a: Rillaboom|Rillaboom, L50, M|100/100
|-fieldstart|move: Grassy Terrain|[from] ability: Grassy Surge|[of] p1a: Rillaboom
|-end|p2a: Iron Treads|Quark Drive
|turn|4
|
|t:|1750855741
|switch|p2b: Smeargle|Smeargle, L50, F|100/100
|move|p1a: Rillaboom|Fake Out|p2b: Smeargle
|-damage|p2b: Smeargle|72/100
|move|p1b: Urshifu|Close Combat|p2b: Smeargle
|-supereffective|p2b: Smeargle
|-damage|p2b: Smeargle|0 fnt
|-unboost|p1b: Urshifu|def|1
|-unboost|p1b: Urshifu|spd|1
|faint|p2b: Smeargle
|move|p2a: Iron Treads|Megahorn|p1a: Rillaboom
|-supereffective|p1a: Rillaboom
|-damage|p1a: Rillaboom|4/100
|-damage|p2a: Iron Treads|81/100|[from] item: Life Orb
|
|-heal|p2a: Iron Treads|87/100|[from] Grassy Terrain
|-heal|p1a: Rillaboom|10/100|[from] Grassy Terrain
|upkeep
|
|t:|1750855745
|switch|p2b: Miraidon|Miraidon, L50|100/100
|-fieldstart|move: Electric Terrain|[from] ability: Hadron Engine|[of] p2b: Miraidon
|-activate|p2a: Iron Treads|ability: Quark Drive
|-start|p2a: Iron Treads|quarkdrivespe
|turn|5
|-message|pkmnboo forfeited.
|
|win|Zard6453
|raw|pkmnboo's rating: 1247 &rarr; <strong>1229</strong><br />(-18 for losing)
|raw|Zard6453's rating: 1343 &rarr; <strong>1358</strong><br />(+15 for winning)
|l|☆pkmnboo
|player|p1|
|l|☆Zard6453
|player|p2|
