|j|☆queen_lel
|j|☆thejigglypuff03
|t:|1750859260
|gametype|doubles
|player|p1|queen_lel|169|1223
|player|p2|thejigglypuff03|266|1189
|teamsize|p1|6
|teamsize|p2|6
|gen|9
|tier|[Gen 9] VGC 2025 Reg I
|rated|
|rule|Species Clause: Limit one of each Pokémon
|rule|Item Clause: Limit 1 of each item
|clearpoke
|poke|p1|Zamazenta-*, L50|
|poke|p1|Volcarona, L50, F|
|poke|p1|Calyrex-Shadow, L50|
|poke|p1|Ogerpon-Wellspring, L50, F|
|poke|p1|Rillaboom, L50, F|
|poke|p1|Iron Hands, L50|
|poke|p2|Calyrex-Ice, L50|
|poke|p2|Jigglypuff, L50, F|
|poke|p2|Miraidon, L50|
|poke|p2|Incineroar, L50, M|
|poke|p2|Ursaluna, L50, F|
|poke|p2|Flutter Mane, L50|
|teampreview|4
|inactive|Battle timer is ON: inactive players will automatically lose when time's up. (requested by queen_lel)
|
|t:|1750859278
|start
|switch|p1a: Calyrex|Calyrex-Shadow, L50|100/100
|switch|p1b: Rillaboom|Rillaboom, L50, F|100/100
|switch|p2a: Jigglypuff|Jigglypuff, L50, F|100/100
|switch|p2b: Calyrex|Calyrex-Ice, L50|100/100
|-ability|p1a: Calyrex|As One
|-ability|p1a: Calyrex|Unnerve
|-ability|p2b: Calyrex|As One
|-ability|p2b: Calyrex|Unnerve
|-fieldstart|move: Grassy Terrain|[from] ability: Grassy Surge|[of] p1b: Rillaboom
|turn|1
|
|t:|1750859299
|move|p2b: Calyrex|Protect|p2b: Calyrex
|-singleturn|p2b: Calyrex|Protect
|move|p1b: Rillaboom|Fake Out|p2b: Calyrex
|-activate|p2b: Calyrex|move: Protect
|move|p1a: Calyrex|Astral Barrage|p2b: Calyrex|[spread] 
|-activate|p2b: Calyrex|move: Protect
|-immune|p2a: Jigglypuff
|move|p2a: Jigglypuff|Icy Wind|p1b: Rillaboom|[spread] p1a,p1b
|-supereffective|p1b: Rillaboom
|-damage|p1a: Calyrex|95/100
|-damage|p1b: Rillaboom|93/100
|-unboost|p1a: Calyrex|spe|1
|-unboost|p1b: Rillaboom|spe|1
|
|-heal|p1a: Calyrex|100/100|[from] Grassy Terrain
|-heal|p1b: Rillaboom|99/100|[from] Grassy Terrain
|upkeep
|turn|2
|
|t:|1750859322
|switch|p1b: Zamazenta|Zamazenta-Crowned, L50|100/100
|-ability|p1b: Zamazenta|Dauntless Shield|boost
|-boost|p1b: Zamazenta|def|1
|move|p1a: Calyrex|Astral Barrage|p2b: Calyrex|[spread] p2b
|-immune|p2a: Jigglypuff
|-supereffective|p2b: Calyrex
|-damage|p2b: Calyrex|18/100
|move|p2a: Jigglypuff|Heal Pulse|p2b: Calyrex
|-heal|p2b: Calyrex|68/100
|move|p2b: Calyrex|Trick Room|p2b: Calyrex
|-fieldstart|move: Trick Room|[of] p2b: Calyrex
|
|-heal|p2b: Calyrex|74/100|[from] Grassy Terrain
|-heal|p2b: Calyrex|80/100|[from] item: Leftovers
|upkeep
|turn|3
|inactive|thejigglypuff03 has 30 seconds left.
|
|t:|1750859353
|-terastallize|p2b: Calyrex|Water
|move|p2a: Jigglypuff|Helping Hand|p2b: Calyrex
|-singleturn|p2b: Calyrex|Helping Hand|[of] p2a: Jigglypuff
|move|p2b: Calyrex|Glacial Lance|p1b: Zamazenta|[spread] p1a,p1b
|-resisted|p1b: Zamazenta
|-damage|p1a: Calyrex|0 fnt
|-damage|p1b: Zamazenta|83/100
|faint|p1a: Calyrex
|-ability|p2b: Calyrex|Chilling Neigh|boost
|-boost|p2b: Calyrex|atk|1
|move|p1b: Zamazenta|Behemoth Bash|p2a: Jigglypuff
|-supereffective|p2a: Jigglypuff
|-damage|p2a: Jigglypuff|0 fnt
|faint|p2a: Jigglypuff
|
|-heal|p2b: Calyrex|86/100|[from] Grassy Terrain
|-heal|p2b: Calyrex|91/100|[from] item: Leftovers
|-heal|p1b: Zamazenta|89/100|[from] Grassy Terrain
|upkeep
|
|t:|1750859375
|switch|p2a: Miraidon|Miraidon, L50|100/100
|switch|p1a: Volcarona|Volcarona, L50, F|100/100
|-fieldstart|move: Electric Terrain|[from] ability: Hadron Engine|[of] p2a: Miraidon
|turn|4
|inactive|queen_lel has 30 seconds left.
|
|t:|1750859401
|switch|p1a: Rillaboom|Rillaboom, L50, F|99/100
|-fieldstart|move: Grassy Terrain|[from] ability: Grassy Surge|[of] p1a: Rillaboom
|move|p1b: Zamazenta|Protect|p1b: Zamazenta
|-singleturn|p1b: Zamazenta|Protect
|move|p2b: Calyrex|Leech Seed|p1b: Zamazenta
|-activate|p1b: Zamazenta|move: Protect
|move|p2a: Miraidon|Electro Drift|p1a: Rillaboom
|-resisted|p1a: Rillaboom
|-damage|p1a: Rillaboom|65/100
|
|-heal|p2b: Calyrex|97/100|[from] Grassy Terrain
|-heal|p2b: Calyrex|100/100|[from] item: Leftovers
|-heal|p1a: Rillaboom|71/100|[from] Grassy Terrain
|-heal|p1b: Zamazenta|95/100|[from] Grassy Terrain
|upkeep
|turn|5
|
|t:|1750859420
|move|p1a: Rillaboom|Fake Out|p2b: Calyrex
|-damage|p2b: Calyrex|92/100
|cant|p2b: Calyrex|flinch
|move|p1b: Zamazenta|Iron Defense|p1b: Zamazenta
|-boost|p1b: Zamazenta|def|2
|move|p2a: Miraidon|Electro Drift|p1b: Zamazenta
|-damage|p1b: Zamazenta|28/100
|
|-heal|p2b: Calyrex|98/100|[from] Grassy Terrain
|-heal|p2b: Calyrex|100/100|[from] item: Leftovers
|-heal|p1a: Rillaboom|77/100|[from] Grassy Terrain
|-heal|p1b: Zamazenta|34/100|[from] Grassy Terrain
|upkeep
|turn|6
|inactive|queen_lel has 30 seconds left.
|
|t:|1750859448
|switch|p1a: Volcarona|Volcarona, L50, F|100/100
|move|p2b: Calyrex|Protect|p2b: Calyrex
|-singleturn|p2b: Calyrex|Protect
|move|p1b: Zamazenta|Protect|p1b: Zamazenta
|-singleturn|p1b: Zamazenta|Protect
|move|p2a: Miraidon|Electro Drift|p1b: Zamazenta
|-activate|p1b: Zamazenta|move: Protect
|
|-heal|p1b: Zamazenta|40/100|[from] Grassy Terrain
|-fieldend|move: Trick Room
|upkeep
|turn|7
|inactive|queen_lel has 30 seconds left.
|
|t:|1750859473
|move|p1a: Volcarona|Rage Powder|p1a: Volcarona
|-singleturn|p1a: Volcarona|move: Rage Powder
|move|p2a: Miraidon|Electro Drift|p1a: Volcarona
|-damage|p1a: Volcarona|41/100
|-damage|p2a: Miraidon|84/100|[from] item: Rocky Helmet|[of] p1a: Volcarona
|move|p1b: Zamazenta|Body Press|p2a: Miraidon
|-damage|p2a: Miraidon|0 fnt
|faint|p2a: Miraidon
|move|p2b: Calyrex|Glacial Lance|p1a: Volcarona|[spread] p1a,p1b
|-resisted|p1a: Volcarona
|-resisted|p1b: Zamazenta
|-damage|p1a: Volcarona|0 fnt
|-damage|p1b: Zamazenta|29/100
|faint|p1a: Volcarona
|-ability|p2b: Calyrex|Chilling Neigh|boost
|-boost|p2b: Calyrex|atk|1
|
|-heal|p1b: Zamazenta|35/100|[from] Grassy Terrain
|upkeep
|
|t:|1750859489
|switch|p2a: Ursaluna|Ursaluna, L50, F|100/100
|switch|p1a: Rillaboom|Rillaboom, L50, F|77/100
|turn|8
|
|t:|1750859510
|move|p2b: Calyrex|Protect|p2b: Calyrex
|-singleturn|p2b: Calyrex|Protect
|move|p2a: Ursaluna|Protect|p2a: Ursaluna
|-singleturn|p2a: Ursaluna|Protect
|move|p1b: Zamazenta|Body Press|p2b: Calyrex
|-activate|p2b: Calyrex|move: Protect
|move|p1a: Rillaboom|Drum Beating|p2b: Calyrex
|-activate|p2b: Calyrex|move: Protect
|
|-heal|p1b: Zamazenta|41/100|[from] Grassy Terrain
|-heal|p1a: Rillaboom|83/100|[from] Grassy Terrain
|-fieldend|move: Grassy Terrain
|-status|p2a: Ursaluna|brn|[from] item: Flame Orb
|upkeep
|turn|9
|
|t:|1750859534
|move|p1b: Zamazenta|Body Press|p2b: Calyrex
|-damage|p2b: Calyrex|27/100
|move|p1a: Rillaboom|Drum Beating|p2b: Calyrex
|-supereffective|p2b: Calyrex
|-damage|p2b: Calyrex|0 fnt
|faint|p2b: Calyrex
|move|p2a: Ursaluna|Facade|p1b: Zamazenta
|-resisted|p1b: Zamazenta
|-damage|p1b: Zamazenta|25/100
|
|-damage|p2a: Ursaluna|95/100 brn|[from] brn
|upkeep
|turn|10
|
|t:|1750859550
|move|p1b: Zamazenta|Body Press|p2a: Ursaluna
|-supereffective|p2a: Ursaluna
|-damage|p2a: Ursaluna|0 fnt
|faint|p2a: Ursaluna
|
|win|queen_lel
|raw|queen_lel's rating: 1241 &rarr; <strong>1262</strong><br />(+21 for winning)
|raw|thejigglypuff03's rating: 1189 &rarr; <strong>1168</strong><br />(-21 for losing)
|l|☆thejigglypuff03
|player|p2|
|l|☆queen_lel
|player|p1|
