|j|☆Tophat Bunny
|j|☆i_epix
|t:|1750777678
|gametype|doubles
|player|p1|Tophat Bunny|lass-gen4dp|1303
|player|p2|i_epix|pokekid|1337
|teamsize|p1|6
|teamsize|p2|6
|gen|9
|tier|[Gen 9] VGC 2025 Reg I
|rated|
|rule|Species Clause: Limit one of each Pokémon
|rule|Item Clause: Limit 1 of each item
|clearpoke
|poke|p1|Calyrex-Shadow, L50|
|poke|p1|Urshifu-*, L50, M|
|poke|p1|Talonflame, L50, F|
|poke|p1|Sylveon, L50, F|
|poke|p1|Gothitelle, L50, M|
|poke|p1|Miraidon, L50|
|poke|p2|Iron Boulder, L50|
|poke|p2|Miraidon, L50|
|poke|p2|Ho-Oh, L50|
|poke|p2|Whimsicott, L50, F|
|poke|p2|Urshifu-*, L50, M|
|poke|p2|Ogerpon-Wellspring, L50, F|
|teampreview|4
|inactive|Battle timer is ON: inactive players will automatically lose when time's up. (requested by i_epix)
|inactive|Tophat Bunny has 60 seconds left.
|
|t:|1750777728
|start
|switch|p1a: Sylveon|Sylveon, L50, F|100/100
|switch|p1b: Gothitelle|Gothitelle, L50, M|100/100
|switch|p2a: Whimsicott|Whimsicott, L50, F|100/100
|switch|p2b: Iron Boulder|Iron Boulder, L50|100/100
|turn|1
|inactive|Tophat Bunny has 30 seconds left.
|
|t:|1750777758
|-terastallize|p1a: Sylveon|Fairy
|move|p1b: Gothitelle|Fake Out|p2b: Iron Boulder
|-resisted|p2b: Iron Boulder
|-damage|p2b: Iron Boulder|96/100
|cant|p2b: Iron Boulder|flinch
|move|p2a: Whimsicott|Moonblast|p1b: Gothitelle
|-damage|p1b: Gothitelle|74/100
|move|p1a: Sylveon|Hyper Voice|p2a: Whimsicott|[spread] p2a,p2b
|-damage|p2a: Whimsicott|25/100
|-damage|p2b: Iron Boulder|34/100
|
|upkeep
|turn|2
|inactive|Tophat Bunny has 30 seconds left.
|
|t:|1750777790
|switch|p1b: Calyrex|Calyrex-Shadow, L50|100/100
|-ability|p1b: Calyrex|As One
|-ability|p1b: Calyrex|Unnerve
|move|p1a: Sylveon|Detect|p1a: Sylveon
|-singleturn|p1a: Sylveon|Protect
|move|p2a: Whimsicott|Encore||[still]
|-fail|p2a: Whimsicott
|move|p2b: Iron Boulder|Mighty Cleave|p1a: Sylveon
|-damage|p1a: Sylveon|4/100
|
|upkeep
|turn|3
|inactive|Tophat Bunny has 30 seconds left.
|
|t:|1750777825
|switch|p1a: Miraidon|Miraidon, L50|100/100
|-fieldstart|move: Electric Terrain|[from] ability: Hadron Engine|[of] p1a: Miraidon
|-activate|p2b: Iron Boulder|ability: Quark Drive
|-start|p2b: Iron Boulder|quarkdrivespe
|move|p2a: Whimsicott|Tailwind|p2a: Whimsicott
|-sidestart|p2: i_epix|move: Tailwind
|move|p2b: Iron Boulder|Mighty Cleave|p1b: Calyrex
|-damage|p1b: Calyrex|10/100
|move|p1b: Calyrex|Astral Barrage|p2b: Iron Boulder|[spread] p2a,p2b
|-supereffective|p2b: Iron Boulder
|-damage|p2a: Whimsicott|0 fnt
|-damage|p2b: Iron Boulder|0 fnt
|faint|p2a: Whimsicott
|faint|p2b: Iron Boulder
|-end|p2b: Iron Boulder|Quark Drive|[silent]
|-ability|p1b: Calyrex|Grim Neigh|boost
|-boost|p1b: Calyrex|spa|2
|-damage|p1b: Calyrex|0 fnt|[from] item: Life Orb
|faint|p1b: Calyrex
|
|upkeep
|inactive|Tophat Bunny has 30 seconds left.
|
|t:|1750777850
|switch|p1b: Gothitelle|Gothitelle, L50, M|74/100
|switch|p2b: Miraidon|Miraidon, L50|100/100
|switch|p2a: Urshifu|Urshifu, L50, M|100/100
|-activate|p2b: Miraidon|ability: Hadron Engine
|turn|4
|inactive|Tophat Bunny has 30 seconds left.
|inactive|i_epix has 30 seconds left.
|inactive|Tophat Bunny has 20 seconds left.
|inactive|Tophat Bunny has 15 seconds left.
|inactive|Tophat Bunny has 10 seconds left.
|
|t:|1750777898
|-terastallize|p2b: Miraidon|Electric
|move|p1b: Gothitelle|Fake Out|p2b: Miraidon
|-damage|p2b: Miraidon|96/100
|move|p2a: Urshifu|Wicked Blow|p1b: Gothitelle
|-supereffective|p1b: Gothitelle
|-crit|p1b: Gothitelle
|-damage|p1b: Gothitelle|0 fnt
|faint|p1b: Gothitelle
|cant|p2b: Miraidon|flinch
|move|p1a: Miraidon|Electro Drift|p2b: Miraidon
|-resisted|p2b: Miraidon
|-damage|p2b: Miraidon|59/100
|
|upkeep
|
|t:|1750777911
|switch|p1b: Sylveon|Sylveon, L50, F, tera:Fairy|4/100
|turn|5
|
|t:|1750777934
|move|p2a: Urshifu|Wicked Blow|p1b: Sylveon
|-resisted|p1b: Sylveon
|-crit|p1b: Sylveon
|-damage|p1b: Sylveon|0 fnt
|faint|p1b: Sylveon
|move|p2b: Miraidon|Electro Drift|p1a: Miraidon
|-resisted|p1a: Miraidon
|-damage|p1a: Miraidon|69/100
|move|p1a: Miraidon|Electro Drift|p2a: Urshifu
|-enditem|p2a: Urshifu|Focus Sash
|-damage|p2a: Urshifu|1/100
|
|upkeep
|turn|6
|
|t:|1750777947
|move|p2a: Urshifu|Wicked Blow|p1a: Miraidon
|-crit|p1a: Miraidon
|-damage|p1a: Miraidon|6/100
|move|p2b: Miraidon|Electro Drift|p1a: Miraidon
|-resisted|p1a: Miraidon
|-damage|p1a: Miraidon|0 fnt
|faint|p1a: Miraidon
|
|win|i_epix
|raw|Tophat Bunny's rating: 1303 &rarr; <strong>1285</strong><br />(-18 for losing)
|raw|i_epix's rating: 1337 &rarr; <strong>1355</strong><br />(+18 for winning)
|l|☆Tophat Bunny
|player|p1|
|l|☆i_epix
|player|p2|
|j|☆Tophat Bunny
|player|p1|Tophat Bunny|lass-gen4dp|
