|j|☆daming20009
|j|☆SpinnerVGC
|t:|1750713211
|gametype|doubles
|player|p1|daming20009|170|1180
|player|p2|SpinnerVGC|benga|1281
|teamsize|p1|6
|teamsize|p2|6
|gen|9
|tier|[Gen 9] VGC 2025 Reg I
|rated|
|rule|Species Clause: Limit one of each Pokémon
|rule|Item Clause: Limit 1 of each item
|clearpoke
|poke|p1|Calyrex-Shadow, L50|
|poke|p1|Koraidon, L50|
|poke|p1|Weezing-Galar, L50, F|
|poke|p1|Chi-Yu, L50|
|poke|p1|Walking Wake, L50|
|poke|p1|Brute Bonnet, L50|
|poke|p2|Calyrex-Ice, L50|
|poke|p2|Mewtwo, L50|
|poke|p2|Indeedee-F, L50, F|
|poke|p2|Incineroar, L50, M|
|poke|p2|Urshifu-*, L50, M|
|poke|p2|Ogerpon-Cornerstone, L50, F|
|teampreview|4
|inactive|Battle timer is ON: inactive players will automatically lose when time's up. (requested by SpinnerVGC)
SpinnerVGC rejected open team sheets.
|inactive|SpinnerVGC has 60 seconds left.
|
|t:|1750713258
|start
|switch|p1a: Koraidon|Koraidon, L50|100/100
|switch|p1b: Weezing|Weezing-Galar, L50, F, shiny|100/100
|switch|p2a: Calyrex|Calyrex-Ice, L50|100/100
|switch|p2b: Incineroar|Incineroar, L50, M, shiny|100/100
|-ability|p1b: Weezing|Neutralizing Gas
|-block|p1a: Koraidon|item: Ability Shield
|-ability|p2a: Calyrex|As One
|-ability|p2a: Calyrex|Unnerve
|-weather|SunnyDay|[from] ability: Orichalcum Pulse|[of] p1a: Koraidon
|-activate|p1a: Koraidon|Orichalcum Pulse|[source]
|turn|1
|
|t:|1750713275
|move|p1a: Koraidon|Protect|p1a: Koraidon
|-singleturn|p1a: Koraidon|Protect
|move|p2b: Incineroar|Fake Out|p1a: Koraidon
|-activate|p1a: Koraidon|move: Protect
|move|p1b: Weezing|Taunt|p2a: Calyrex
|-start|p2a: Calyrex|move: Taunt
|cant|p2a: Calyrex|move: Taunt|Trick Room
|
|-weather|SunnyDay|[upkeep]
|upkeep
|turn|2
|inactive|daming20009 has 30 seconds left.
|
|t:|1750713303
|-terastallize|p1a: Koraidon|Fire
|-terastallize|p2a: Calyrex|Ice
|move|p1a: Koraidon|Collision Course|p2b: Incineroar
|-supereffective|p2b: Incineroar
|-damage|p2b: Incineroar|0 fnt
|-damage|p1a: Koraidon|84/100|[from] item: Rocky Helmet|[of] p2b: Incineroar
|faint|p2b: Incineroar
|move|p1b: Weezing|Poison Gas|p2a: Calyrex
|-status|p2a: Calyrex|psn
|move|p2a: Calyrex|Glacial Lance|p1a: Koraidon|[spread] p1a,p1b
|-resisted|p1a: Koraidon
|-damage|p1a: Koraidon|40/100
|-damage|p1b: Weezing|5/100
|-damage|p2a: Calyrex|91/100 psn|[from] item: Life Orb
|
|-weather|SunnyDay|[upkeep]
|-damage|p2a: Calyrex|79/100 psn|[from] psn
|upkeep
|
|t:|1750713313
|switch|p2b: Indeedee|Indeedee-F, L50, F|100/100
|turn|3
|
|t:|1750713332
|move|p1b: Weezing|Protect|p1b: Weezing
|-singleturn|p1b: Weezing|Protect
|move|p2b: Indeedee|Follow Me|p2b: Indeedee
|-singleturn|p2b: Indeedee|move: Follow Me
|move|p1a: Koraidon|Collision Course|p2b: Indeedee
|-damage|p2b: Indeedee|24/100
|move|p2a: Calyrex|Glacial Lance|p1b: Weezing|[spread] p1a
|-activate|p1b: Weezing|move: Protect
|-resisted|p1a: Koraidon
|-damage|p1a: Koraidon|0 fnt
|faint|p1a: Koraidon
|-ability|p2a: Calyrex|Chilling Neigh|boost
|-boost|p2a: Calyrex|atk|1
|-damage|p2a: Calyrex|69/100 psn|[from] item: Life Orb
|
|-weather|SunnyDay|[upkeep]
|-damage|p2a: Calyrex|57/100 psn|[from] psn
|-end|p2a: Calyrex|move: Taunt
|upkeep
|
|t:|1750713353
|switch|p1a: Calyrex|Calyrex-Shadow, L50|100/100
|-ability|p1a: Calyrex|As One
|-ability|p1a: Calyrex|Unnerve
|turn|4
|inactive|daming20009 has 30 seconds left.
|
|t:|1750713380
|move|p1a: Calyrex|Psychic|p2a: Calyrex
|-damage|p2a: Calyrex|21/100 psn
|move|p1b: Weezing|Taunt|p2b: Indeedee
|-start|p2b: Indeedee|move: Taunt
|move|p2a: Calyrex|Glacial Lance|p1b: Weezing|[spread] p1a,p1b
|-damage|p1a: Calyrex|0 fnt
|-damage|p1b: Weezing|0 fnt
|faint|p1a: Calyrex
|faint|p1b: Weezing
|-end|p1b: Weezing|ability: Neutralizing Gas
|-fieldstart|move: Psychic Terrain|[from] ability: Psychic Surge|[of] p2b: Indeedee
|-ability|p2a: Calyrex|Chilling Neigh|boost
|-boost|p2a: Calyrex|atk|2
|-damage|p2a: Calyrex|11/100 psn|[from] item: Life Orb
|cant|p2b: Indeedee|move: Taunt|Trick Room
|
|-weather|SunnyDay|[upkeep]
|-damage|p2a: Calyrex|0 fnt|[from] psn
|faint|p2a: Calyrex
|upkeep
|
|t:|1750713402
|switch|p1b: Walking Wake|Walking Wake, L50|100/100
|switch|p2a: Mewtwo|Mewtwo, L50, shiny|100/100
|-ability|p2a: Mewtwo|Pressure
|-activate|p1b: Walking Wake|ability: Protosynthesis
|-start|p1b: Walking Wake|protosynthesisspe
|turn|5
|
|t:|1750713416
|move|p1b: Walking Wake|Snarl|p2b: Indeedee|[spread] p2a,p2b
|-supereffective|p2a: Mewtwo
|-supereffective|p2b: Indeedee
|-damage|p2a: Mewtwo|74/100
|-damage|p2b: Indeedee|2/100
|-unboost|p2a: Mewtwo|spa|1
|-unboost|p2b: Indeedee|spa|1
|move|p2a: Mewtwo|Psystrike|p1b: Walking Wake
|-damage|p1b: Walking Wake|50/100
|move|p2b: Indeedee|Hyper Voice|p1b: Walking Wake
|-damage|p1b: Walking Wake|35/100
|
|-weather|none
|-end|p1b: Walking Wake|Protosynthesis
|upkeep
|turn|6
|
|t:|1750713437
|move|p2a: Mewtwo|Psystrike|p1b: Walking Wake
|-damage|p1b: Walking Wake|0 fnt
|faint|p1b: Walking Wake
|-end|p1b: Walking Wake|Protosynthesis|[silent]
|
|win|SpinnerVGC
|raw|daming20009's rating: 1180 &rarr; <strong>1162</strong><br />(-18 for losing)
|raw|SpinnerVGC's rating: 1281 &rarr; <strong>1299</strong><br />(+18 for winning)
