|j|☆okstew
|j|☆Like Texas
|t:|1750808695
|gametype|doubles
|player|p1|okstew|schoolkid-gen4dp|1405
|player|p2|Like Texas|silver-gen2|1443
|teamsize|p1|6
|teamsize|p2|6
|gen|9
|tier|[Gen 9] VGC 2025 Reg I
|rated|
|rule|Species Clause: Limit one of each Pokémon
|rule|Item Clause: Limit 1 of each item
|clearpoke
|poke|p1|Calyrex-Shadow, L50|
|poke|p1|Ho-Oh, L50|
|poke|p1|Garganacl, L50, M|
|poke|p1|Clodsire, L50, F|
|poke|p1|Incineroar, L50, F|
|poke|p1|Rillaboom, L50, F|
|poke|p2|Grimmsnarl, L50, M|
|poke|p2|Miraidon, L50|
|poke|p2|Calyrex-Ice, L50|
|poke|p2|Incineroar, L50, M|
|poke|p2|Ursaluna, L50, M|
|poke|p2|Urshifu-*, L50, F|
|teampreview|4
okstew has agreed to open team sheets.
|inactive|Battle timer is ON: inactive players will automatically lose when time's up. (requested by okstew)
|
|t:|1750808771
|start
|switch|p1a: Rillaboom|Rillaboom, L50, F|100/100
|switch|p1b: Calyrex|Calyrex-Shadow, L50|100/100
|switch|p2a: Calyrex|Calyrex-Ice, L50|100/100
|switch|p2b: Incineroar|Incineroar, L50, M, shiny|100/100
|-ability|p1b: Calyrex|As One
|-ability|p1b: Calyrex|Unnerve
|-ability|p2a: Calyrex|As One
|-ability|p2a: Calyrex|Unnerve
|-fieldstart|move: Grassy Terrain|[from] ability: Grassy Surge|[of] p1a: Rillaboom
|-ability|p2b: Incineroar|Intimidate|boost
|-unboost|p1a: Rillaboom|atk|1
|-unboost|p1b: Calyrex|atk|1
|turn|1
|inactive|okstew has 30 seconds left.
|inactive|Like Texas has 30 seconds left.
|
|t:|1750808805
|move|p2a: Calyrex|Protect|p2a: Calyrex
|-singleturn|p2a: Calyrex|Protect
|move|p1a: Rillaboom|Fake Out|p2b: Incineroar
|-damage|p2b: Incineroar|94/100
|-damage|p1a: Rillaboom|84/100|[from] item: Rocky Helmet|[of] p2b: Incineroar
|move|p1b: Calyrex|Astral Barrage|p2b: Incineroar|[spread] p2b
|-activate|p2a: Calyrex|move: Protect
|-resisted|p2b: Incineroar
|-damage|p2b: Incineroar|67/100
|cant|p2b: Incineroar|flinch
|
|-heal|p1a: Rillaboom|90/100|[from] Grassy Terrain
|-heal|p2b: Incineroar|73/100|[from] Grassy Terrain
|upkeep
|turn|2
|inactive|okstew has 30 seconds left.
|
|t:|1750808831
|switch|p2a: Ursaluna|Ursaluna, L50, M, shiny|100/100
|move|p1b: Calyrex|Protect|p1b: Calyrex
|-singleturn|p1b: Calyrex|Protect
|move|p1a: Rillaboom|U-turn|p2a: Ursaluna
|-damage|p2a: Ursaluna|90/100
|
|t:|1750808840
|switch|p1a: Ho-Oh|Ho-Oh, L50|100/100|[from] U-turn
|move|p2b: Incineroar|Will-O-Wisp|p1a: Ho-Oh|[miss]
|-miss|p2b: Incineroar|p1a: Ho-Oh
|
|-heal|p2b: Incineroar|79/100|[from] Grassy Terrain
|-heal|p2a: Ursaluna|96/100|[from] Grassy Terrain
|-status|p2a: Ursaluna|brn|[from] item: Flame Orb
|upkeep
|turn|3
|inactive|Like Texas has 30 seconds left.
|
|t:|1750808874
|switch|p1b: Rillaboom|Rillaboom, L50, F|90/100
|move|p1a: Ho-Oh|Brave Bird|p2a: Ursaluna
|-damage|p2a: Ursaluna|57/100 brn
|-damage|p1a: Ho-Oh|86/100|[from] Recoil
|move|p2b: Incineroar|Parting Shot|p1b: Rillaboom
|-unboost|p1b: Rillaboom|atk|1
|-unboost|p1b: Rillaboom|spa|1
|
|t:|1750808883
|switch|p2b: Urshifu|Urshifu-Rapid-Strike, L50, F|100/100|[from] Parting Shot
|move|p2a: Ursaluna|Facade|p1a: Ho-Oh
|-damage|p1a: Ho-Oh|0 fnt
|faint|p1a: Ho-Oh
|
|-heal|p1b: Rillaboom|96/100|[from] Grassy Terrain
|-heal|p2a: Ursaluna|63/100 brn|[from] Grassy Terrain
|-damage|p2a: Ursaluna|57/100 brn|[from] brn
|upkeep
|inactive|okstew has 30 seconds left.
|
|t:|1750808909
|switch|p1a: Calyrex|Calyrex-Shadow, L50|100/100
|-ability|p1a: Calyrex|As One
|-ability|p1a: Calyrex|Unnerve
|turn|4
|j| womp monk
|inactive|Like Texas has 30 seconds left.
|inactive|Like Texas has 20 seconds left.
|
|t:|1750808947
|switch|p1a: Clodsire|Clodsire, L50, F|100/100
|switch|p2b: Incineroar|Incineroar, L50, M, shiny|79/100
|-ability|p2b: Incineroar|Intimidate|boost
|-unboost|p1a: Clodsire|atk|1
|-unboost|p1b: Rillaboom|atk|1
|move|p1b: Rillaboom|Wood Hammer|p2a: Ursaluna
|-supereffective|p2a: Ursaluna
|-damage|p2a: Ursaluna|0 fnt
|faint|p2a: Ursaluna
|-damage|p1b: Rillaboom|74/100|[from] Recoil
|
|-heal|p1b: Rillaboom|80/100|[from] Grassy Terrain
|-heal|p2b: Incineroar|85/100|[from] Grassy Terrain
|upkeep
|
|t:|1750808963
|switch|p2a: Calyrex|Calyrex-Ice, L50|100/100
|-ability|p2a: Calyrex|As One
|-ability|p2a: Calyrex|Unnerve
|turn|5
|inactive|okstew has 30 seconds left.
|inactive|okstew has 20 seconds left.
|inactive|okstew has 15 seconds left.
|
|t:|1750809008
|move|p1a: Clodsire|Protect|p1a: Clodsire
|-singleturn|p1a: Clodsire|Protect
|move|p1b: Rillaboom|Wood Hammer|p2a: Calyrex
|-damage|p2a: Calyrex|77/100
|-damage|p1b: Rillaboom|72/100|[from] Recoil
|move|p2b: Incineroar|Will-O-Wisp|p1b: Rillaboom
|-status|p1b: Rillaboom|brn
|move|p2a: Calyrex|Trick Room|p2a: Calyrex
|-fieldstart|move: Trick Room|[of] p2a: Calyrex
|
|-heal|p2a: Calyrex|83/100|[from] Grassy Terrain
|-heal|p2a: Calyrex|88/100|[from] item: Leftovers
|-heal|p2b: Incineroar|91/100|[from] Grassy Terrain
|-heal|p1b: Rillaboom|78/100 brn|[from] Grassy Terrain
|-damage|p1b: Rillaboom|72/100 brn|[from] brn
|-fieldend|move: Grassy Terrain
|upkeep
|turn|6
|inactive|Like Texas has 30 seconds left.
|
|t:|1750809038
|move|p1a: Clodsire|Toxic|p2a: Calyrex
|-status|p2a: Calyrex|tox
|move|p2a: Calyrex|Glacial Lance|p1b: Rillaboom|[spread] p1a,p1b
|-supereffective|p1a: Clodsire
|-crit|p1a: Clodsire
|-supereffective|p1b: Rillaboom
|-damage|p1a: Clodsire|0 fnt
|-damage|p1b: Rillaboom|0 fnt
|faint|p1a: Clodsire
|faint|p1b: Rillaboom
|-ability|p2a: Calyrex|Chilling Neigh|boost
|-boost|p2a: Calyrex|atk|2
|move|p2b: Incineroar|Will-O-Wisp|p1: Clodsire|[notarget]
|-fail|p2b: Incineroar
|
|-heal|p2a: Calyrex|94/100 tox|[from] item: Leftovers
|-damage|p2a: Calyrex|88/100 tox|[from] psn
|upkeep
|-message|okstew forfeited.
|
|win|Like Texas
|raw|okstew's rating: 1405 &rarr; <strong>1387</strong><br />(-18 for losing)
|raw|Like Texas's rating: 1443 &rarr; <strong>1461</strong><br />(+18 for winning)
|l|☆okstew
|player|p1|
|c|☆Like Texas|gg
