|j|☆Dryxz
|j|☆pokeman2007
|t:|1750795734
|gametype|doubles
|player|p1|Dryxz|riley|1142
|player|p2|pokeman2007|266|1114
|teamsize|p1|6
|teamsize|p2|6
|gen|9
|tier|[Gen 9] VGC 2025 Reg I
|rated|
|rule|Species Clause: Limit one of each Pokémon
|rule|Item Clause: Limit 1 of each item
|clearpoke
|poke|p1|Miraidon, L50|
|poke|p1|Hawlucha, L50, M|
|poke|p1|Iron Hands, L50|
|poke|p1|Kyogre, L50|
|poke|p1|Sableye, L50, M|
|poke|p1|Rotom-Wash, L50|
|poke|p2|Tyranitar, L50, M|
|poke|p2|Terapagos, L50, M|
|poke|p2|Zacian-*, L50|
|poke|p2|Chandelure, L50, M|
|poke|p2|Grimmsnarl, L50, M|
|poke|p2|Clefairy, L50, F|
|teampreview|4
|
|t:|1750795800
|start
|switch|p1a: Kyogre|Kyogre, L50|100/100
|switch|p1b: Sableye|Sableye, L50, M|100/100
|switch|p2a: Zacian|Zacian-Crowned, L50|100/100
|switch|p2b: Grimmsnarl|Grimmsnarl, L50, M|100/100
|-ability|p2a: Zacian|Intrepid Sword|boost
|-boost|p2a: Zacian|atk|1
|-weather|RainDance|[from] ability: Drizzle|[of] p1a: Kyogre
|turn|1
|
|t:|1750795844
|move|p2b: Grimmsnarl|Fake Out|p1a: Kyogre
|-damage|p1a: Kyogre|88/100
|move|p1b: Sableye|Gravity|p1b: Sableye
|-fieldstart|move: Gravity
|move|p2a: Zacian|Play Rough|p1b: Sableye
|-supereffective|p1b: Sableye
|-enditem|p1b: Sableye|Focus Sash
|-damage|p1b: Sableye|1/100
|cant|p1a: Kyogre|flinch
|
|-weather|RainDance|[upkeep]
|upkeep
|turn|2
|
|t:|1750795877
|move|p2b: Grimmsnarl|Taunt|p1b: Sableye
|-hint|Since gen 7, Dark is immune to Prankster moves.
|-immune|p1b: Sableye
|move|p1b: Sableye|Encore|p2b: Grimmsnarl
|-hint|Since gen 7, Dark is immune to Prankster moves.
|-immune|p2b: Grimmsnarl
|move|p2a: Zacian|Behemoth Blade|p1a: Kyogre
|-resisted|p1a: Kyogre
|-damage|p1a: Kyogre|42/100
|move|p1a: Kyogre|Origin Pulse|p2b: Grimmsnarl|[spread] p2a,p2b
|-damage|p2a: Zacian|19/100
|-damage|p2b: Grimmsnarl|31/100
|-damage|p1a: Kyogre|32/100|[from] item: Life Orb
|
|-weather|RainDance|[upkeep]
|upkeep
|turn|3
|
|t:|1750795906
|switch|p2b: Tyranitar|Tyranitar, L50, M|100/100
|-weather|Sandstorm|[from] ability: Sand Stream|[of] p2b: Tyranitar
|move|p2a: Zacian|Behemoth Blade|p1a: Kyogre
|-resisted|p1a: Kyogre
|-damage|p1a: Kyogre|0 fnt
|faint|p1a: Kyogre
|move|p1b: Sableye|Foul Play|p2b: Tyranitar
|-resisted|p2b: Tyranitar
|-damage|p2b: Tyranitar|86/100
|
|-weather|Sandstorm|[upkeep]
|-damage|p1b: Sableye|0 fnt|[from] Sandstorm
|faint|p1b: Sableye
|upkeep
|
|t:|1750795919
|switch|p1a: Miraidon|Miraidon, L50|100/100
|switch|p1b: Hawlucha|Hawlucha, L50, M|100/100
|-fieldstart|move: Electric Terrain|[from] ability: Hadron Engine|[of] p1a: Miraidon
|-enditem|p1b: Hawlucha|Electric Seed
|-boost|p1b: Hawlucha|def|1|[from] item: Electric Seed
|turn|4
|
|t:|1750795953
|move|p2b: Tyranitar|Protect|p2b: Tyranitar
|-singleturn|p2b: Tyranitar|Protect
|move|p1b: Hawlucha|Body Press|p2b: Tyranitar
|-activate|p2b: Tyranitar|move: Protect
|move|p2a: Zacian|Play Rough|p1b: Hawlucha
|-supereffective|p1b: Hawlucha
|-damage|p1b: Hawlucha|0 fnt
|faint|p1b: Hawlucha
|move|p1a: Miraidon|Dazzling Gleam|p2a: Zacian|[spread] p2a
|-activate|p2b: Tyranitar|move: Protect
|-resisted|p2a: Zacian
|-damage|p2a: Zacian|6/100
|
|-weather|Sandstorm|[upkeep]
|-damage|p1a: Miraidon|95/100|[from] Sandstorm
|upkeep
|turn|5
|
|t:|1750795973
|-terastallize|p1a: Miraidon|Fairy
|move|p2a: Zacian|Play Rough|p1a: Miraidon
|-damage|p1a: Miraidon|19/100
|-unboost|p1a: Miraidon|atk|1
|move|p1a: Miraidon|Discharge|p2b: Tyranitar|[spread] p2a,p2b
|-damage|p2a: Zacian|0 fnt
|-damage|p2b: Tyranitar|48/100
|-enditem|p2b: Tyranitar|Sitrus Berry|[eat]
|-heal|p2b: Tyranitar|72/100|[from] item: Sitrus Berry
|faint|p2a: Zacian
|move|p2b: Tyranitar|Knock Off|p1a: Miraidon
|-resisted|p1a: Miraidon
|-damage|p1a: Miraidon|0 fnt
|-enditem|p1a: Miraidon|Magnet|[from] move: Knock Off|[of] p2b: Tyranitar
|faint|p1a: Miraidon
|
|win|pokeman2007
|raw|Dryxz's rating: 1142 &rarr; <strong>1115</strong><br />(-27 for losing)
|raw|pokeman2007's rating: 1114 &rarr; <strong>1141</strong><br />(+27 for winning)
|l|☆pokeman2007
|player|p2|
|l|☆Dryxz
|player|p1|
