|j|☆L3o_Just
|j|☆booghost23
|t:|1750766962
|gametype|doubles
|player|p1|L3o_Just|170|1224
|player|p2|booghost23|policeman-gen4|1167
|teamsize|p1|6
|teamsize|p2|6
|gen|9
|tier|[Gen 9] VGC 2025 Reg I
|rated|
|rule|Species Clause: Limit one of each Pokémon
|rule|Item Clause: Limit 1 of each item
|clearpoke
|poke|p1|Terapagos, L50, M|
|poke|p1|Miraidon, L50|
|poke|p1|Incineroar, L50, M|
|poke|p1|Iron Treads, L50|
|poke|p1|Sinistcha, L50|
|poke|p1|Urshifu-*, L50, F|
|poke|p2|Dusclops, L50, M|
|poke|p2|Groudon, L50|
|poke|p2|Charizard, L50, M|
|poke|p2|Arcanine, L50, M|
|poke|p2|Koraidon, L50|
|poke|p2|Golem, L50, M|
|teampreview|4
|inactive|Battle timer is ON: inactive players will automatically lose when time's up. (requested by booghost23)
booghost23 rejected open team sheets.
|
|t:|1750766993
|start
|switch|p1a: Incineroar|Incineroar, L50, M|100/100
|switch|p1b: Terapagos|Terapagos, L50, M|100/100
|switch|p2a: The Don|Groudon, L50|100/100
|switch|p2b: VVulf|Arcanine, L50, M|100/100
|-activate|p1b: Terapagos|ability: Tera Shift
|detailschange|p1b: Terapagos|Terapagos-Terastal, L50, M
|-heal|p1b: Terapagos|100/100|[silent]
|-weather|SunnyDay|[from] ability: Drought|[of] p2a: The Don
|-ability|p2b: VVulf|Intimidate|boost
|-unboost|p1a: Incineroar|atk|1
|-unboost|p1b: Terapagos|atk|1
|-ability|p1a: Incineroar|Intimidate|boost
|-fail|p2a: The Don|unboost|[from] item: Clear Amulet|[of] p2a: The Don
|-unboost|p2b: VVulf|atk|1
|turn|1
|inactive|L3o_Just has 30 seconds left.
|inactive|booghost23 has 30 seconds left.
|
|t:|1750767026
|move|p1a: Incineroar|Fake Out|p2a: The Don
|-damage|p2a: The Don|93/100
|cant|p2a: The Don|flinch
|move|p2b: VVulf|Close Combat|p1b: Terapagos
|-activate|p1b: Terapagos|ability: Tera Shell
|-resisted|p1b: Terapagos
|-damage|p1b: Terapagos|83/100
|-unboost|p2b: VVulf|def|1
|-unboost|p2b: VVulf|spd|1
|move|p1b: Terapagos|Calm Mind|p1b: Terapagos
|-boost|p1b: Terapagos|spa|1
|-boost|p1b: Terapagos|spd|1
|
|-weather|SunnyDay|[upkeep]
|upkeep
|turn|2
|inactive|L3o_Just has 30 seconds left.
|
|t:|1750767059
|move|p1b: Terapagos|Protect|p1b: Terapagos
|-singleturn|p1b: Terapagos|Protect
|move|p2a: The Don|Precipice Blades|p1b: Terapagos|[spread] p1a
|-activate|p1b: Terapagos|move: Protect
|-supereffective|p1a: Incineroar
|-damage|p1a: Incineroar|0 fnt
|faint|p1a: Incineroar
|move|p2b: VVulf|Close Combat|p1b: Terapagos
|-activate|p1b: Terapagos|move: Protect
|
|-weather|SunnyDay|[upkeep]
|upkeep
|
|t:|1750767071
|switch|p1a: Miraidon|Miraidon, L50|100/100
|-fieldstart|move: Electric Terrain|[from] ability: Hadron Engine|[of] p1a: Miraidon
|-enditem|p1b: Terapagos|Electric Seed
|-boost|p1b: Terapagos|def|1|[from] item: Electric Seed
|turn|3
|inactive|L3o_Just has 30 seconds left.
|
|t:|1750767098
|switch|p2b: Dusclops|Dusclops, L50, M, shiny|100/100
|-item|p1a: Miraidon|Assault Vest|[from] ability: Frisk|[of] p2b: Dusclops
|-terastallize|p1b: Terapagos|Stellar
|detailschange|p1b: Terapagos|Terapagos-Stellar, L50, M, tera:Stellar
|-heal|p1b: Terapagos|87/100|[silent]
|-ability|p1b: Terapagos|Teraform Zero
|-weather|none
|-fieldend|move: Electric Terrain
|move|p2a: The Don|Precipice Blades|p1b: Terapagos|[spread] p1a
|-miss|p2a: The Don|p1b: Terapagos
|-supereffective|p1a: Miraidon
|-damage|p1a: Miraidon|16/100
|move|p1a: Miraidon|Electro Drift|p2b: Dusclops
|-damage|p2b: Dusclops|67/100
|move|p1b: Terapagos|Tera Starstorm|p2a: The Don|[spread] p2a,p2b
|-crit|p2a: The Don
|-damage|p2a: The Don|0 fnt
|-damage|p2b: Dusclops|34/100
|faint|p2a: The Don
|
|upkeep
|
|t:|1750767119
|switch|p2a: Charcoal|Charizard, L50, M, shiny|100/100
|turn|4
|
|t:|1750767134
|switch|p1a: Sinistcha|Sinistcha, L50|100/100
|-heal|p1b: Terapagos|100/100|[from] ability: Hospitality|[of] p1a: Sinistcha
|move|p2a: Charcoal|Protect|p2a: Charcoal
|-singleturn|p2a: Charcoal|Protect
|move|p1b: Terapagos|Tera Starstorm|p2b: Dusclops|[spread] p2b
|-activate|p2a: Charcoal|move: Protect
|-damage|p2b: Dusclops|1/100
|move|p2b: Dusclops|Shadow Ball|p1a: Sinistcha
|-supereffective|p1a: Sinistcha
|-damage|p1a: Sinistcha|49/100
|
|upkeep
|turn|5
|
|t:|1750767158
|move|p2b: Dusclops|Protect|p2b: Dusclops
|-singleturn|p2b: Dusclops|Protect
|move|p1a: Sinistcha|Rage Powder|p1a: Sinistcha
|-singleturn|p1a: Sinistcha|move: Rage Powder
|move|p2a: Charcoal|Heat Wave|p1a: Sinistcha|[spread] p1b
|-miss|p2a: Charcoal|p1a: Sinistcha
|-damage|p1b: Terapagos|84/100
|-damage|p2a: Charcoal|91/100|[from] item: Life Orb
|move|p1b: Terapagos|Tera Starstorm|p2b: Dusclops|[spread] p2a
|-activate|p2b: Dusclops|move: Protect
|-damage|p2a: Charcoal|8/100
|
|upkeep
|turn|6
|
|t:|1750767176
|move|p1a: Sinistcha|Protect|p1a: Sinistcha
|-singleturn|p1a: Sinistcha|Protect
|move|p2a: Charcoal|Overheat|p1b: Terapagos
|-damage|p1b: Terapagos|53/100
|-unboost|p2a: Charcoal|spa|2
|-damage|p2a: Charcoal|0 fnt|[from] item: Life Orb
|faint|p2a: Charcoal
|move|p1b: Terapagos|Tera Starstorm|p2b: Dusclops
|-damage|p2b: Dusclops|0 fnt
|faint|p2b: Dusclops
|
|upkeep
|
|t:|1750767188
|switch|p2a: VVulf|Arcanine, L50, M|100/100
|-ability|p2a: VVulf|Intimidate|boost
|-unboost|p1a: Sinistcha|atk|1
|-unboost|p1b: Terapagos|atk|1
|turn|7
|
|t:|1750767197
|-terastallize|p2a: VVulf|Normal
|move|p1a: Sinistcha|Rage Powder|p1a: Sinistcha
|-singleturn|p1a: Sinistcha|move: Rage Powder
|move|p2a: VVulf|Close Combat|p1a: Sinistcha
|-immune|p1a: Sinistcha
|move|p1b: Terapagos|Earth Power|p2a: VVulf
|-damage|p2a: VVulf|16/100
|
|upkeep
|turn|8
|-message|booghost23 forfeited.
|
|win|L3o_Just
|raw|L3o_Just's rating: 1224 &rarr; <strong>1245</strong><br />(+21 for winning)
|raw|booghost23's rating: 1167 &rarr; <strong>1146</strong><br />(-21 for losing)
|l|☆booghost23
|player|p2|
|l|☆L3o_Just
|player|p1|
