|j|‽Finnigan132
|j|☆GlovesSplendid
|t:|1750750464
|gametype|doubles
|player|p1|Finnigan132|swimmerf-gen4dp|1099
|player|p2|GlovesSplendid|265|1040
|teamsize|p1|6
|teamsize|p2|6
|gen|9
|tier|[Gen 9] VGC 2025 Reg I
|rated|
|rule|Species Clause: Limit one of each Pokémon
|rule|Item Clause: Limit 1 of each item
|clearpoke
|poke|p1|Groudon, L50|
|poke|p1|Sableye, L50, M|
|poke|p1|Venusaur, L50, F|
|poke|p1|Raging Bolt, L50|
|poke|p1|Entei, L50|
|poke|p1|Flutter Mane, L50|
|poke|p2|Groudon, L50|
|poke|p2|Tornadus, L50, M|
|poke|p2|Flutter Mane, L50|
|poke|p2|Ceruledge, L50, F|
|poke|p2|Amoonguss, L50, F|
|poke|p2|Incineroar, L50, M|
|teampreview|4
|inactive|Battle timer is ON: inactive players will automatically lose when time's up. (requested by Finnigan132)
|inactive|Finnigan132 has 60 seconds left.
|
|t:|1750750507
|start
|switch|p1a: Sableye|Sableye, L50, M|100/100
|switch|p1b: Venusaur|Venusaur, L50, F|100/100
|switch|p2a: Groudon|Groudon, L50|100/100
|switch|p2b: Tornadus|Tornadus, L50, M|100/100
|-weather|SunnyDay|[from] ability: Drought|[of] p2a: Groudon
|turn|1
|inactive|Finnigan132 has 30 seconds left.
|inactive|Finnigan132 has 20 seconds left.
|inactive|Finnigan132 has 15 seconds left.
|
|t:|1750750551
|move|p2a: Groudon|Protect|p2a: Groudon
|-singleturn|p2a: Groudon|Protect
|move|p1a: Sableye|Fake Out|p2a: Groudon
|-activate|p2a: Groudon|move: Protect
|move|p2b: Tornadus|Tailwind|p2b: Tornadus
|-sidestart|p2: GlovesSplendid|move: Tailwind
|move|p1b: Venusaur|Sleep Powder|p2b: Tornadus
|-activate|p2b: Tornadus|item: Safety Goggles|Sleep Powder
|
|-weather|SunnyDay|[upkeep]
|upkeep
|turn|2
|inactive|GlovesSplendid has 30 seconds left.
|
|t:|1750750584
|move|p1a: Sableye|Gravity|p1a: Sableye
|-fieldstart|move: Gravity
|move|p2b: Tornadus|Bleakwind Storm|p1a: Sableye|[spread] p1a,p1b
|-supereffective|p1b: Venusaur
|-damage|p1a: Sableye|43/100
|-damage|p1b: Venusaur|31/100
|move|p1b: Venusaur|Sleep Powder|p2a: Groudon
|-status|p2a: Groudon|slp|[from] move: Sleep Powder
|cant|p2a: Groudon|slp
|
|-weather|SunnyDay|[upkeep]
|-heal|p1b: Venusaur|37/100|[from] item: Leftovers
|upkeep
|turn|3
|
|t:|1750750600
|switch|p1a: Groudon|Groudon, L50|100/100
|move|p2b: Tornadus|Bleakwind Storm|p1b: Venusaur|[spread] p1a,p1b
|-supereffective|p1b: Venusaur
|-damage|p1a: Groudon|72/100
|-damage|p1b: Venusaur|0 fnt
|faint|p1b: Venusaur
|cant|p2a: Groudon|slp
|
|-weather|SunnyDay|[upkeep]
|upkeep
|
|t:|1750750611
|switch|p1b: Flutter Mane|Flutter Mane, L50|100/100
|-activate|p1b: Flutter Mane|ability: Protosynthesis
|-start|p1b: Flutter Mane|protosynthesisspe
|turn|4
|
|t:|1750750621
|move|p2b: Tornadus|Bleakwind Storm|p1a: Groudon|[spread] p1a,p1b
|-damage|p1a: Groudon|43/100
|-damage|p1b: Flutter Mane|70/100
|move|p1b: Flutter Mane|Hex|p2a: Groudon
|-damage|p2a: Groudon|22/100 slp
|cant|p2a: Groudon|slp
|move|p1a: Groudon|Precipice Blades|p2a: Groudon|[spread] p2a,p2b
|-crit|p2b: Tornadus
|-damage|p2a: Groudon|0 fnt
|-damage|p2b: Tornadus|0 fnt
|faint|p2a: Groudon
|faint|p2b: Tornadus
|
|-weather|SunnyDay|[upkeep]
|-sideend|p2: GlovesSplendid|move: Tailwind
|upkeep
|
|t:|1750750637
|switch|p2b: Flutter Mane|Flutter Mane, L50|100/100
|switch|p2a: Incineroar|Incineroar, L50, M|100/100
|-ability|p2a: Incineroar|Intimidate|boost
|-fail|p1a: Groudon|unboost|[from] item: Clear Amulet|[of] p1a: Groudon
|-unboost|p1b: Flutter Mane|atk|1
|-activate|p2b: Flutter Mane|ability: Protosynthesis
|-start|p2b: Flutter Mane|protosynthesisspe
|turn|5
|inactive|Finnigan132 has 30 seconds left.
|inactive|GlovesSplendid has 30 seconds left.
|
|t:|1750750669
|-end|p1b: Flutter Mane|Protosynthesis|[silent]
|switch|p1b: Sableye|Sableye, L50, M|43/100
|-terastallize|p2b: Flutter Mane|Fairy
|move|p1a: Groudon|Protect|p1a: Groudon
|-singleturn|p1a: Groudon|Protect
|move|p2a: Incineroar|Fake Out|p1a: Groudon
|-activate|p1a: Groudon|move: Protect
|move|p2b: Flutter Mane|Dazzling Gleam|p1b: Sableye|[spread] p1b
|-activate|p1a: Groudon|move: Protect
|-supereffective|p1b: Sableye
|-damage|p1b: Sableye|0 fnt
|faint|p1b: Sableye
|
|-weather|none
|-end|p2b: Flutter Mane|Protosynthesis
|upkeep
|
|t:|1750750689
|switch|p1b: Flutter Mane|Flutter Mane, L50|70/100
|turn|6
|inactive|Finnigan132 has 30 seconds left.
|
|t:|1750750716
|-terastallize|p1a: Groudon|Fire
|move|p2b: Flutter Mane|Dazzling Gleam|p1a: Groudon|[spread] p1a,p1b
|-resisted|p1a: Groudon
|-damage|p1a: Groudon|24/100
|-damage|p1b: Flutter Mane|22/100
|move|p1b: Flutter Mane|Dazzling Gleam|p2a: Incineroar|[spread] p2a,p2b
|-damage|p2a: Incineroar|68/100
|-damage|p2b: Flutter Mane|52/100
|move|p1a: Groudon|Precipice Blades|p2a: Incineroar|[spread] p2a,p2b
|-supereffective|p2a: Incineroar
|-damage|p2a: Incineroar|0 fnt
|-damage|p2b: Flutter Mane|0 fnt
|faint|p2a: Incineroar
|faint|p2b: Flutter Mane
|-end|p2b: Flutter Mane|Protosynthesis|[silent]
|
|win|Finnigan132
|raw|Finnigan132's rating: 1099 &rarr; <strong>1120</strong><br />(+21 for winning)
|raw|GlovesSplendid's rating: 1040 &rarr; <strong>1027</strong><br />(-13 for losing)
|l|‽Finnigan132
|player|p1|
|l|☆GlovesSplendid
|player|p2|
