|j|☆Davirtson
|j|☆Fitz-Chivalery
|t:|1750774449
|gametype|doubles
|player|p1|Davirtson|n|1215
|player|p2|Fitz-Chivalery|burglar|1165
|teamsize|p1|6
|teamsize|p2|6
|gen|9
|tier|[Gen 9] VGC 2025 Reg I
|rated|
|rule|Species Clause: Limit one of each Pokémon
|rule|Item Clause: Limit 1 of each item
|clearpoke
|poke|p1|Miraidon, L50|
|poke|p1|Terapagos, L50, M|
|poke|p1|Amoonguss, L50, M|
|poke|p1|Flutter Mane, L50|
|poke|p1|Chi-Yu, L50|
|poke|p1|Iron Valiant, L50|
|poke|p2|Iron Crown, L50|
|poke|p2|Miraidon, L50|
|poke|p2|Ogerpon-Hearthflame, L50, F|
|poke|p2|Calyrex-Ice, L50|
|poke|p2|Iron Hands, L50|
|poke|p2|Farigiraf, L50, M|
|teampreview|4
|inactive|Battle timer is ON: inactive players will automatically lose when time's up. (requested by Davirtson)
|
|t:|1750774474
|start
|switch|p1a: Terapagos|Terapagos, L50, M|100/100
|switch|p1b: Chi-Yu|Chi-Yu, L50|100/100
|switch|p2a: Miraidon|Miraidon, L50|100/100
|switch|p2b: Iron Hands|Iron Hands, L50|100/100
|-activate|p1a: Terapagos|ability: Tera Shift
|detailschange|p1a: Terapagos|Terapagos-Terastal, L50, M
|-heal|p1a: Terapagos|100/100|[silent]
|-ability|p1b: Chi-Yu|Beads of Ruin
|-fieldstart|move: Electric Terrain|[from] ability: Hadron Engine|[of] p2a: Miraidon
|-activate|p2b: Iron Hands|ability: Quark Drive
|-start|p2b: Iron Hands|quarkdriveatk
|turn|1
|inactive|Fitz-Chivalery has 30 seconds left.
|
|t:|1750774501
|switch|p1b: Amoonguss|Amoonguss, L50, M|100/100
|move|p1a: Terapagos|Protect|p1a: Terapagos
|-singleturn|p1a: Terapagos|Protect
|move|p2b: Iron Hands|Fake Out|p1b: Amoonguss
|-damage|p1b: Amoonguss|84/100
|move|p2a: Miraidon|Dazzling Gleam|p1b: Amoonguss|[spread] p1b
|-activate|p1a: Terapagos|move: Protect
|-resisted|p1b: Amoonguss
|-damage|p1b: Amoonguss|67/100
|
|upkeep
|turn|2
|inactive|Fitz-Chivalery has 30 seconds left.
|
|t:|1750774531
|switch|p2a: Ogerpon|Ogerpon-Hearthflame, L50, F|100/100
|-ability|p2a: Ogerpon|Mold Breaker
|move|p1a: Terapagos|Calm Mind|p1a: Terapagos
|-boost|p1a: Terapagos|spa|1
|-boost|p1a: Terapagos|spd|1
|move|p2b: Iron Hands|Drain Punch|p1a: Terapagos
|-activate|p1a: Terapagos|ability: Tera Shell
|-resisted|p1a: Terapagos
|-damage|p1a: Terapagos|77/100
|move|p1b: Amoonguss|Pollen Puff|p1a: Terapagos
|-heal|p1a: Terapagos|100/100
|
|upkeep
|turn|3
|
|t:|1750774552
|move|p2a: Ogerpon|Ivy Cudgel|p1b: Amoonguss|[anim] Ivy Cudgel Fire
|-supereffective|p1b: Amoonguss
|-damage|p1b: Amoonguss|0 fnt
|faint|p1b: Amoonguss
|move|p1a: Terapagos|Calm Mind|p1a: Terapagos
|-boost|p1a: Terapagos|spa|1
|-boost|p1a: Terapagos|spd|1
|move|p2b: Iron Hands|Drain Punch|p1a: Terapagos
|-activate|p1a: Terapagos|ability: Tera Shell
|-resisted|p1a: Terapagos
|-damage|p1a: Terapagos|77/100
|
|-heal|p1a: Terapagos|83/100|[from] item: Leftovers
|upkeep
|
|t:|1750774559
|switch|p1b: Chi-Yu|Chi-Yu, L50|100/100
|-ability|p1b: Chi-Yu|Beads of Ruin
|turn|4
|inactive|Fitz-Chivalery has 30 seconds left.
|
|t:|1750774588
|-terastallize|p1a: Terapagos|Stellar
|detailschange|p1a: Terapagos|Terapagos-Stellar, L50, M, tera:Stellar
|-heal|p1a: Terapagos|87/100|[silent]
|-ability|p1a: Terapagos|Teraform Zero
|-fieldend|move: Electric Terrain
|-end|p2b: Iron Hands|Quark Drive
|move|p1b: Chi-Yu|Heat Wave|p2a: Ogerpon|[spread] p2a,p2b
|-damage|p2a: Ogerpon|52/100
|-damage|p2b: Iron Hands|77/100
|move|p2a: Ogerpon|Ivy Cudgel|p1a: Terapagos|[anim] Ivy Cudgel Fire
|-damage|p1a: Terapagos|54/100
|move|p1a: Terapagos|Tera Starstorm|p2b: Iron Hands|[spread] p2a,p2b
|-damage|p2a: Ogerpon|0 fnt
|-damage|p2b: Iron Hands|24/100
|faint|p2a: Ogerpon
|move|p2b: Iron Hands|Drain Punch|p1a: Terapagos
|-supereffective|p1a: Terapagos
|-damage|p1a: Terapagos|5/100
|-heal|p2b: Iron Hands|52/100|[from] drain|[of] p1a: Terapagos
|
|-heal|p1a: Terapagos|11/100|[from] item: Leftovers
|upkeep
|
|t:|1750774608
|switch|p2a: Miraidon|Miraidon, L50|100/100
|-fieldstart|move: Electric Terrain|[from] ability: Hadron Engine|[of] p2a: Miraidon
|-activate|p2b: Iron Hands|ability: Quark Drive
|-start|p2b: Iron Hands|quarkdriveatk
|turn|5
|
|t:|1750774624
|-terastallize|p2a: Miraidon|Fairy
|move|p1a: Terapagos|Protect|p1a: Terapagos
|-singleturn|p1a: Terapagos|Protect
|move|p1b: Chi-Yu|Heat Wave|p2b: Iron Hands|[spread] p2a,p2b
|-damage|p2a: Miraidon|58/100
|-damage|p2b: Iron Hands|24/100
|move|p2a: Miraidon|Dazzling Gleam|p1b: Chi-Yu|[spread] p1b
|-activate|p1a: Terapagos|move: Protect
|-damage|p1b: Chi-Yu|24/100
|move|p2b: Iron Hands|Drain Punch|p1a: Terapagos
|-activate|p1a: Terapagos|move: Protect
|
|-heal|p1a: Terapagos|17/100|[from] item: Leftovers
|upkeep
|turn|6
|inactive|Fitz-Chivalery has 30 seconds left.
|inactive|Davirtson has 30 seconds left.
|inactive|Fitz-Chivalery has 20 seconds left.
|inactive|Fitz-Chivalery has 15 seconds left.
|
|t:|1750774668
|move|p1b: Chi-Yu|Heat Wave|p2a: Miraidon|[spread] p2a,p2b
|-damage|p2a: Miraidon|14/100
|-damage|p2b: Iron Hands|0 fnt
|faint|p2b: Iron Hands
|-end|p2b: Iron Hands|Quark Drive|[silent]
|move|p2a: Miraidon|Dazzling Gleam|p1a: Terapagos|[spread] p1a,p1b
|-damage|p1a: Terapagos|0 fnt
|-damage|p1b: Chi-Yu|0 fnt
|faint|p1a: Terapagos
|detailschange|p1: Terapagos|Terapagos, L50, M|[silent]
|faint|p1b: Chi-Yu
|
|upkeep
|
|t:|1750774677
|switch|p1b: Miraidon|Miraidon, L50|100/100
|switch|p2b: Iron Crown|Iron Crown, L50|100/100
|-activate|p1b: Miraidon|ability: Hadron Engine
|-activate|p2b: Iron Crown|ability: Quark Drive
|-start|p2b: Iron Crown|quarkdrivespe
|turn|7
|
|t:|1750774693
|move|p2b: Iron Crown|Tachyon Cutter|p1b: Miraidon
|-resisted|p1b: Miraidon
|-damage|p1b: Miraidon|93/100
|-resisted|p1b: Miraidon
|-damage|p1b: Miraidon|84/100
|-hitcount|p1b: Miraidon|2
|-damage|p2b: Iron Crown|91/100|[from] item: Life Orb
|move|p2a: Miraidon|Dazzling Gleam|p1b: Miraidon
|-supereffective|p1b: Miraidon
|-damage|p1b: Miraidon|0 fnt
|faint|p1b: Miraidon
|
|win|Fitz-Chivalery
|raw|Davirtson's rating: 1215 &rarr; <strong>1186</strong><br />(-29 for losing)
|raw|Fitz-Chivalery's rating: 1165 &rarr; <strong>1194</strong><br />(+29 for winning)
