|j|☆THE420weedGod
|j|☆c06253
|t:|1750846811
|gametype|doubles
|player|p1|THE420weedGod|juggler|1075
|player|p2|c06253|266|1000
|teamsize|p1|6
|teamsize|p2|6
|gen|9
|tier|[Gen 9] VGC 2025 Reg I
|rated|
|rule|Species Clause: Limit one of each Pokémon
|rule|Item Clause: Limit 1 of each item
|clearpoke
|poke|p1|Reshiram, L50|
|poke|p1|Zacian-*, L50|
|poke|p1|Ogerpon-Wellspring, L50, F|
|poke|p1|Rillaboom, L50, M|
|poke|p1|Urshifu-*, L50, M|
|poke|p1|Tornadus, L50, M|
|poke|p2|Calyrex-Ice, L50|
|poke|p2|Miraidon, L50|
|poke|p2|Incineroar, L50, F|
|poke|p2|Landorus, L50, M|
|poke|p2|Farigiraf, L50, F|
|poke|p2|Grimmsnarl, L50, M|
|teampreview|4
|
|t:|1750846833
|start
|switch|p1a: Reshiram|Reshiram, L50|100/100
|switch|p1b: Zacian|Zacian-Crowned, L50|100/100
|switch|p2a: Calyrex|Calyrex-Ice, L50|100/100
|switch|p2b: Miraidon|Miraidon, L50|100/100
|-ability|p2a: Calyrex|As One
|-ability|p2a: Calyrex|Unnerve
|-ability|p1b: Zacian|Intrepid Sword|boost
|-boost|p1b: Zacian|atk|1
|-fieldstart|move: Electric Terrain|[from] ability: Hadron Engine|[of] p2b: Miraidon
|-ability|p1a: Reshiram|Turboblaze
|turn|1
|
|t:|1750846878
|-terastallize|p1a: Reshiram|Steel
|-terastallize|p2a: Calyrex|Water
|move|p1b: Zacian|Play Rough|p2b: Miraidon
|-supereffective|p2b: Miraidon
|-damage|p2b: Miraidon|0 fnt
|faint|p2b: Miraidon
|move|p1a: Reshiram|Earth Power|p2a: Calyrex
|-damage|p2a: Calyrex|76/100
|move|p2a: Calyrex|Trick Room|p2a: Calyrex
|-fieldstart|move: Trick Room|[of] p2a: Calyrex
|
|upkeep
|
|t:|1750846894
|switch|p2b: Incineroar|Incineroar, L50, F|100/100
|-ability|p2b: Incineroar|Intimidate|boost
|-unboost|p1a: Reshiram|atk|1
|-unboost|p1b: Zacian|atk|1
|turn|2
|
|t:|1750846907
|move|p1b: Zacian|Protect|p1b: Zacian
|-singleturn|p1b: Zacian|Protect
|move|p2b: Incineroar|Fake Out|p1b: Zacian
|-activate|p1b: Zacian|move: Protect
|move|p2a: Calyrex|High Horsepower|p1a: Reshiram
|-supereffective|p1a: Reshiram
|-damage|p1a: Reshiram|36/100
|move|p1a: Reshiram|Shadow Ball|p2a: Calyrex
|-damage|p2a: Calyrex|56/100
|
|upkeep
|turn|3
|
|t:|1750846933
|switch|p1a: Rillaboom|Rillaboom, L50, M|100/100
|-fieldstart|move: Grassy Terrain|[from] ability: Grassy Surge|[of] p1a: Rillaboom
|move|p2a: Calyrex|High Horsepower|p1b: Zacian
|-supereffective|p1b: Zacian
|-damage|p1b: Zacian|30/100
|move|p2b: Incineroar|Parting Shot|p1b: Zacian
|-unboost|p1b: Zacian|atk|1
|-unboost|p1b: Zacian|spa|1
|
|t:|1750846944
|switch|p2b: Grimmsnarl|Grimmsnarl, L50, M|100/100|[from] Parting Shot
|move|p1b: Zacian|Sacred Sword|p2b: Grimmsnarl
|-damage|p2b: Grimmsnarl|76/100
|
|-heal|p2a: Calyrex|62/100|[from] Grassy Terrain
|-heal|p2b: Grimmsnarl|82/100|[from] Grassy Terrain
|-heal|p1b: Zacian|36/100|[from] Grassy Terrain
|upkeep
|turn|4
|
|t:|1750846968
|move|p2b: Grimmsnarl|Reflect|p2b: Grimmsnarl
|-sidestart|p2: c06253|Reflect
|move|p1a: Rillaboom|Grassy Glide|p2a: Calyrex
|-supereffective|p2a: Calyrex
|-damage|p2a: Calyrex|27/100
|move|p2a: Calyrex|Glacial Lance|p1b: Zacian|[spread] p1a,p1b
|-supereffective|p1a: Rillaboom
|-resisted|p1b: Zacian
|-damage|p1a: Rillaboom|0 fnt
|-damage|p1b: Zacian|6/100
|faint|p1a: Rillaboom
|-ability|p2a: Calyrex|Chilling Neigh|boost
|-boost|p2a: Calyrex|atk|1
|move|p1b: Zacian|Behemoth Blade|p2a: Calyrex
|-resisted|p2a: Calyrex
|-damage|p2a: Calyrex|19/100
|
|-heal|p2a: Calyrex|25/100|[from] Grassy Terrain
|-heal|p2b: Grimmsnarl|88/100|[from] Grassy Terrain
|-heal|p1b: Zacian|12/100|[from] Grassy Terrain
|upkeep
|
|t:|1750846984
|switch|p1a: Urshifu|Urshifu, L50, M|100/100
|turn|5
|
|t:|1750846999
|move|p1a: Urshifu|Detect|p1a: Urshifu
|-singleturn|p1a: Urshifu|Protect
|move|p1b: Zacian|Protect|p1b: Zacian
|-singleturn|p1b: Zacian|Protect
|move|p2a: Calyrex|Glacial Lance|p1b: Zacian|[spread] 
|-activate|p1a: Urshifu|move: Protect
|-activate|p1b: Zacian|move: Protect
|move|p2b: Grimmsnarl|Spirit Break|p1a: Urshifu
|-activate|p1a: Urshifu|move: Protect
|
|-heal|p2a: Calyrex|31/100|[from] Grassy Terrain
|-heal|p2b: Grimmsnarl|94/100|[from] Grassy Terrain
|-heal|p1b: Zacian|18/100|[from] Grassy Terrain
|-fieldend|move: Trick Room
|upkeep
|turn|6
|
|t:|1750847037
|switch|p2a: Incineroar|Incineroar, L50, F|100/100
|-ability|p2a: Incineroar|Intimidate|boost
|-unboost|p1a: Urshifu|atk|1
|-unboost|p1b: Zacian|atk|1
|move|p1b: Zacian|Behemoth Blade|p2b: Grimmsnarl
|-supereffective|p2b: Grimmsnarl
|-damage|p2b: Grimmsnarl|51/100
|move|p1a: Urshifu|Wicked Blow|p2a: Incineroar
|-resisted|p2a: Incineroar
|-crit|p2a: Incineroar
|-damage|p2a: Incineroar|81/100
|-damage|p1a: Urshifu|84/100|[from] item: Rocky Helmet|[of] p2a: Incineroar
|move|p2b: Grimmsnarl|Spirit Break|p1a: Urshifu
|-supereffective|p1a: Urshifu
|-damage|p1a: Urshifu|0 fnt
|faint|p1a: Urshifu
|
|-heal|p1b: Zacian|24/100|[from] Grassy Terrain
|-heal|p2b: Grimmsnarl|57/100|[from] Grassy Terrain
|-heal|p2a: Incineroar|87/100|[from] Grassy Terrain
|upkeep
|
|t:|1750847049
|switch|p1a: Reshiram|Reshiram, L50, tera:Steel|36/100
|-ability|p1a: Reshiram|Turboblaze
|turn|7
|
|t:|1750847090
|switch|p2a: Calyrex|Calyrex-Ice, L50, tera:Water|31/100
|-ability|p2a: Calyrex|As One
|-ability|p2a: Calyrex|Unnerve
|move|p1b: Zacian|Protect|p1b: Zacian
|-singleturn|p1b: Zacian|Protect
|move|p2b: Grimmsnarl|Light Screen|p2b: Grimmsnarl
|-sidestart|p2: c06253|move: Light Screen
|move|p1a: Reshiram|Earth Power|p2a: Calyrex
|-damage|p2a: Calyrex|16/100
|
|-heal|p1b: Zacian|30/100|[from] Grassy Terrain
|-heal|p1a: Reshiram|42/100|[from] Grassy Terrain
|-heal|p2b: Grimmsnarl|63/100|[from] Grassy Terrain
|-heal|p2a: Calyrex|22/100|[from] Grassy Terrain
|-fieldend|move: Grassy Terrain
|upkeep
|turn|8
|
|t:|1750847114
|switch|p2b: Incineroar|Incineroar, L50, F|87/100
|-ability|p2b: Incineroar|Intimidate|boost
|-unboost|p1a: Reshiram|atk|1
|-unboost|p1b: Zacian|atk|1
|move|p2a: Calyrex|Protect|p2a: Calyrex
|-singleturn|p2a: Calyrex|Protect
|move|p1b: Zacian|Behemoth Blade|p2a: Calyrex
|-activate|p2a: Calyrex|move: Protect
|move|p1a: Reshiram|Shadow Ball|p2a: Calyrex
|-activate|p2a: Calyrex|move: Protect
|
|upkeep
|turn|9
|
|t:|1750847133
|move|p2b: Incineroar|Fake Out|p1a: Reshiram
|-resisted|p1a: Reshiram
|-damage|p1a: Reshiram|37/100
|move|p1b: Zacian|Sacred Sword|p2b: Incineroar
|-supereffective|p2b: Incineroar
|-damage|p2b: Incineroar|72/100
|-damage|p1b: Zacian|14/100|[from] item: Rocky Helmet|[of] p2b: Incineroar
|cant|p1a: Reshiram|flinch
|move|p2a: Calyrex|Trick Room|p2a: Calyrex
|-fieldstart|move: Trick Room|[of] p2a: Calyrex
|
|upkeep
|turn|10
|-message|THE420weedGod forfeited.
|
|win|c06253
|raw|THE420weedGod's rating: 1075 &rarr; <strong>1049</strong><br />(-26 for losing)
|raw|c06253's rating: 1000 &rarr; <strong>1049</strong><br />(+49 for winning)
|l|☆THE420weedGod
|player|p1|
