|j|☆Isisjdhc
|j|☆prettiest trainer
|t:|1750830814
|gametype|doubles
|player|p1|Isisjdhc|101|1052
|player|p2|prettiest trainer|266|1063
|teamsize|p1|6
|teamsize|p2|6
|gen|9
|tier|[Gen 9] VGC 2025 Reg I
|rated|
|rule|Species Clause: Limit one of each Pokémon
|rule|Item Clause: Limit 1 of each item
|clearpoke
|poke|p1|Tornadus, L50, M|
|poke|p1|Urshifu-*, L50, F|
|poke|p1|Sinistcha, L50|
|poke|p1|Grimmsnarl, L50, M|
|poke|p1|Kyogre, L50|
|poke|p1|Calyrex-Shadow, L50|
|poke|p2|Pincurchin, L50, F|
|poke|p2|Pawmot, L50, M|
|poke|p2|Rotom-Wash, L50|
|poke|p2|Vikavolt, L50, F|
|poke|p2|Kilowattrel, L50, F|
|poke|p2|Electabuzz, L50, M|
|teampreview|4
|
|t:|1750830847
|start
|switch|p1a: Grimmsnarl|Grimmsnarl, L50, M|100/100
|switch|p1b: Kyogre|Kyogre, L50|100/100
|switch|p2a: Kilowattrel|Kilowattrel, L50, F, shiny|100/100
|switch|p2b: Pincurchin|Pincurchin, L50, F, shiny|100/100
|-weather|RainDance|[from] ability: Drizzle|[of] p1b: Kyogre
|-fieldstart|move: Electric Terrain|[from] ability: Electric Surge|[of] p2b: Pincurchin
|turn|1
|
|t:|1750830863
|-terastallize|p1b: Kyogre|Grass
|move|p1a: Grimmsnarl|Fake Out|p2a: Kilowattrel
|-damage|p2a: Kilowattrel|78/100
|cant|p2a: Kilowattrel|flinch
|move|p1b: Kyogre|Calm Mind|p1b: Kyogre
|-boost|p1b: Kyogre|spa|1
|-boost|p1b: Kyogre|spd|1
|move|p2b: Pincurchin|Supercell Slam|p1b: Kyogre
|-resisted|p1b: Kyogre
|-damage|p1b: Kyogre|68/100
|
|-weather|RainDance|[upkeep]
|upkeep
|turn|2
|
|t:|1750830882
|move|p1a: Grimmsnarl|Light Screen|p1a: Grimmsnarl
|-sidestart|p1: Isisjdhc|move: Light Screen
|move|p2a: Kilowattrel|Tailwind|p2a: Kilowattrel
|-sidestart|p2: prettiest trainer|move: Tailwind
|-start|p2a: Kilowattrel|Charge|Tailwind|[from] ability: Wind Power
|move|p1b: Kyogre|Origin Pulse|p2b: Pincurchin|[spread] p2a,p2b
|-damage|p2a: Kilowattrel|0 fnt
|-damage|p2b: Pincurchin|0 fnt
|faint|p2a: Kilowattrel
|faint|p2b: Pincurchin
|
|-weather|RainDance|[upkeep]
|upkeep
|
|t:|1750830893
|switch|p2a: Rotom|Rotom-Wash, L50|100/100
|switch|p2b: Pawmot|Pawmot, L50, M|100/100
|turn|3
|
|t:|1750830918
|-terastallize|p2b: Pawmot|Ice
|move|p1a: Grimmsnarl|Reflect|p1a: Grimmsnarl
|-sidestart|p1: Isisjdhc|Reflect
|move|p2b: Pawmot|Ice Punch|p1b: Kyogre
|-supereffective|p1b: Kyogre
|-damage|p1b: Kyogre|0 fnt
|faint|p1b: Kyogre
|-damage|p2b: Pawmot|91/100|[from] item: Life Orb
|move|p2a: Rotom|Volt Switch|p1a: Grimmsnarl
|-damage|p1a: Grimmsnarl|81/100
|
|-weather|RainDance|[upkeep]
|upkeep
|
|t:|1750830933
|switch|p1b: Calyrex|Calyrex-Shadow, L50|100/100
|-ability|p1b: Calyrex|As One
|-ability|p1b: Calyrex|Unnerve
|turn|4
|
|t:|1750830953
|switch|p1a: Tornadus|Tornadus, L50, M|100/100
|move|p2b: Pawmot|Supercell Slam|p1b: Calyrex
|-damage|p1b: Calyrex|31/100
|-damage|p2b: Pawmot|81/100|[from] item: Life Orb
|move|p1b: Calyrex|Astral Barrage|p2b: Pawmot|[spread] p2a,p2b
|-damage|p2a: Rotom|35/100
|-damage|p2b: Pawmot|0 fnt
|faint|p2b: Pawmot
|-ability|p1b: Calyrex|Grim Neigh|boost
|-boost|p1b: Calyrex|spa|1
|move|p2a: Rotom|Hydro Pump|p1a: Tornadus|[miss]
|-miss|p2a: Rotom|p1a: Tornadus
|
|-weather|RainDance|[upkeep]
|-heal|p2a: Rotom|40/100|[from] item: Leftovers
|upkeep
|turn|5
|-message|prettiest trainer forfeited.
|
|win|Isisjdhc
|raw|Isisjdhc's rating: 1052 &rarr; <strong>1085</strong><br />(+33 for winning)
|raw|prettiest trainer's rating: 1063 &rarr; <strong>1043</strong><br />(-20 for losing)
|l|☆prettiest trainer
|player|p2|
|l|☆Isisjdhc
|player|p1|
