|j|☆gackajink
|j|☆21Kieran
|html|<table width="100%"><tr><td align="left">gackajink</td><td align="right">21Kieran</tr><tr><td align="left"><i class="fa fa-circle-o"></i> <i class="fa fa-circle-o"></i> </td><td align="right"><i class="fa fa-circle-o"></i> <i class="fa fa-circle-o"></i> </tr></table>
|uhtml|bestof|<h2><strong>Game 1</strong> of <a href="/game-bestof3-gen9vgc2025regi-2390571173">a best-of-3</a></h2>
|t:|1750730437
|gametype|doubles
|player|p1|gackajink|miku-flying|
|player|p2|21Kieran|hau-masters|
|teamsize|p1|6
|teamsize|p2|6
|gen|9
|tier|[Gen 9] VGC 2025 Reg I
|rated|Tournament battle
|rule|Species Clause: Limit one of each Pokémon
|rule|Item Clause: Limit 1 of each item
|raw|<div class="infobox"><details class="readmore" open><summary><strong>3 custom rules:</strong></summary> Force Open Team Sheets, !Open Team Sheets, Best of = 3</details></div>
|clearpoke
|poke|p1|Kyurem-White, L50|
|poke|p1|Ninetales-Alola, L50, F|
|poke|p1|Landorus-Therian, L50, M|
|poke|p1|Farigiraf, L50, F|
|poke|p1|Miraidon, L50|
|poke|p1|Tornadus, L50, M|
|poke|p2|Miraidon, L50|
|poke|p2|Terapagos, L50, M|
|poke|p2|Urshifu-*, L50, F|
|poke|p2|Incineroar, L50, F|
|poke|p2|Sinistcha, L50|
|poke|p2|Landorus, L50, M|
|teampreview|4
|showteam|p1|Kyurem-White||AssaultVest|Turboblaze|Blizzard,FusionFlare,FreezeDry,EarthPower||||||50|,,,,,Ground]Ninetales-Alola||LightClay|SnowWarning|AuroraVeil,Moonblast,HelpingHand,Protect|||F|||50|,,,,,Dark]Landorus-Therian||ChoiceBand|Intimidate|BrickBreak,RockSlide,Uturn,StompingTantrum|||M|||50|,,,,,Ground]Farigiraf||FocusSash|ArmorTail|TrickRoom,FoulPlay,Imprison,HelpingHand|||F|||50|,,,,,Normal]Miraidon||LifeOrb|HadronEngine|ElectroDrift,Protect,DazzlingGleam,VoltSwitch||||||50|,,,,,Fairy]Tornadus||CovertCloak|Prankster|Snowscape,Tailwind,Taunt,BleakwindStorm|||M|||50|,,,,,Dark
|showteam|p2|Miraidon||AssaultVest|HadronEngine|ElectroDrift,VoltSwitch,DracoMeteor,Snarl||||||50|,,,,,Electric]Terapagos||ElectricSeed|TeraShift|TeraStarstorm,EarthPower,CalmMind,Protect|||M|||50|,,,,,Stellar]Urshifu-Rapid-Strike||ChoiceScarf|UnseenFist|SurgingStrikes,CloseCombat,RainDance,Uturn|||F|||50|,,,,,Water]Incineroar||RockyHelmet|Intimidate|FakeOut,PartingShot,KnockOff,FlareBlitz|||F|||50|,,,,,Ghost]Sinistcha||FocusSash|Hospitality|ShadowBall,RagePowder,LifeDew,Protect||||||50|,,,,,Fire]Landorus||LifeOrb|SheerForce|EarthPower,SludgeBomb,Protect,SandsearStorm|||M|||50|,,,,,Poison
|c|☆gackajink|well well well
|c|☆gackajink|wee meet ageen
|j| Iamsliverfish
|c|☆21Kieran|yeah yeah get to clicking buttons
|j| JustAnAlpaca
|c|☆gackajink|nah id stall
|
|t:|1750730473
|start
|switch|p1a: Aurora|Ninetales-Alola, L50, F, shiny|100/100
|switch|p1b: Aeroplane|Tornadus, L50, M|100/100
|switch|p2a: Miraidon|Miraidon, L50|100/100
|switch|p2b: Terapagos|Terapagos, L50, M|100/100
|-activate|p2b: Terapagos|ability: Tera Shift
|detailschange|p2b: Terapagos|Terapagos-Terastal, L50, M
|-heal|p2b: Terapagos|100/100|[silent]
|-fieldstart|move: Electric Terrain|[from] ability: Hadron Engine|[of] p2a: Miraidon
|-enditem|p2b: Terapagos|Electric Seed
|-boost|p2b: Terapagos|def|1|[from] item: Electric Seed
|-weather|Snowscape|[from] ability: Snow Warning|[of] p1a: Aurora
|turn|1
|inactive|Battle timer is ON: inactive players will automatically lose when time's up. (requested by 21Kieran)
|
|t:|1750730490
|move|p1b: Aeroplane|Taunt|p2b: Terapagos
|-start|p2b: Terapagos|move: Taunt
|move|p2a: Miraidon|Electro Drift|p1a: Aurora
|-damage|p1a: Aurora|24/100
|move|p1a: Aurora|Aurora Veil|p1a: Aurora
|-sidestart|p1: gackajink|move: Aurora Veil
|move|p2b: Terapagos|Tera Starstorm|p1b: Aeroplane
|-damage|p1b: Aeroplane|71/100
|
|-weather|Snowscape|[upkeep]
|upkeep
|turn|2
|j| camala64
|
|t:|1750730512
|switch|p2a: Incineroar|Incineroar, L50, F, shiny|100/100
|-ability|p2a: Incineroar|Intimidate|boost
|-unboost|p1a: Aurora|atk|1
|-unboost|p1b: Aeroplane|atk|1
|move|p1b: Aeroplane|Tailwind|p1b: Aeroplane
|-sidestart|p1: gackajink|move: Tailwind
|move|p1a: Aurora|Moonblast|p2b: Terapagos
|-activate|p2b: Terapagos|ability: Tera Shell
|-resisted|p2b: Terapagos
|-damage|p2b: Terapagos|89/100
|move|p2b: Terapagos|Tera Starstorm|p1a: Aurora
|-damage|p1a: Aurora|0 fnt
|faint|p1a: Aurora
|
|-weather|Snowscape|[upkeep]
|upkeep
|
|t:|1750730527
|switch|p1a: Volta|Miraidon, L50|100/100
|-activate|p1a: Volta|ability: Hadron Engine
|turn|3
|
|t:|1750730534
|move|p1a: Volta|Protect|p1a: Volta
|-singleturn|p1a: Volta|Protect
|move|p2a: Incineroar|Fake Out|p1a: Volta
|-activate|p1a: Volta|move: Protect
|move|p1b: Aeroplane|Bleakwind Storm|p2b: Terapagos|[spread] p2b
|-miss|p1b: Aeroplane|p2a: Incineroar
|-damage|p2b: Terapagos|60/100
|move|p2b: Terapagos|Tera Starstorm|p1b: Aeroplane
|-crit|p1b: Aeroplane
|-damage|p1b: Aeroplane|1/100
|
|-weather|Snowscape|[upkeep]
|-end|p2b: Terapagos|move: Taunt
|upkeep
|turn|4
|c|☆21Kieran|funny
|c|☆gackajink|crit did not matter :)
|inactive|gackajink has 30 seconds left.
|
|t:|1750730560
|switch|p2a: Sinistcha|Sinistcha, L50|100/100
|-heal|p2b: Terapagos|85/100|[from] ability: Hospitality|[of] p2a: Sinistcha
|-terastallize|p2b: Terapagos|Stellar
|detailschange|p2b: Terapagos|Terapagos-Stellar, L50, M, tera:Stellar
|-heal|p2b: Terapagos|89/100|[silent]
|-ability|p2b: Terapagos|Teraform Zero
|-weather|none
|-fieldend|move: Electric Terrain
|move|p1a: Volta|Volt Switch|p2b: Terapagos
|-damage|p2b: Terapagos|57/100
|-damage|p1a: Volta|91/100|[from] item: Life Orb
|c|☆21Kieran|oh it will matter
|
|t:|1750730572
|switch|p1a: Harmonia|Kyurem-White, L50, shiny|100/100|[from] Volt Switch
|-ability|p1a: Harmonia|Turboblaze
|move|p1b: Aeroplane|Bleakwind Storm|p2a: Sinistcha|[spread] p2a,p2b
|-supereffective|p2a: Sinistcha
|-damage|p2a: Sinistcha|50/100
|-damage|p2b: Terapagos|38/100
|move|p2b: Terapagos|Tera Starstorm|p1b: Aeroplane|[spread] p1a,p1b
|-damage|p1a: Harmonia|88/100
|-damage|p1b: Aeroplane|0 fnt
|faint|p1b: Aeroplane
|
|upkeep
|c|☆gackajink|noo my snow :(
|
|t:|1750730584
|switch|p1b: Volta|Miraidon, L50|91/100
|-fieldstart|move: Electric Terrain|[from] ability: Hadron Engine|[of] p1b: Volta
|turn|5
|
|t:|1750730596
|switch|p2a: Incineroar|Incineroar, L50, F, shiny|100/100
|-ability|p2a: Incineroar|Intimidate|boost
|-unboost|p1a: Harmonia|atk|1
|-unboost|p1b: Volta|atk|1
|move|p2b: Terapagos|Protect|p2b: Terapagos
|-singleturn|p2b: Terapagos|Protect
|move|p1b: Volta|Electro Drift|p2b: Terapagos
|-activate|p2b: Terapagos|move: Protect
|move|p1a: Harmonia|Freeze-Dry|p2a: Incineroar
|-resisted|p2a: Incineroar
|-damage|p2a: Incineroar|80/100
|
|-sideend|p1: gackajink|move: Tailwind
|upkeep
|turn|6
|c|☆gackajink|why would you do that? thats mean!
|inactive|gackajink has 30 seconds left.
|c|☆21Kieran|!dt yawn
|raw|<ul class="utilichart"><li class="result"><span class="col movenamecol"><a href="https://dex.pokemonshowdown.com/moves/yawn">Yawn</a></span> <span class="col typecol"><img src="//play.pokemonshowdown.com/sprites/types/Normal.png" alt="Normal" width="32" height="14"><img src="//play.pokemonshowdown.com/sprites/categories/Status.png" alt="Status" width="32" height="14"></span> <span class="col widelabelcol"><em>Accuracy</em><br>—</span> <span class="col pplabelcol"><em>PP</em><br>16</span> <span class="col movedesccol">Puts the target to sleep after 1 turn.</span> </li><li style="clear:both"></li></ul>
|raw|<font size="1"><font color="#686868">Priority:</font> 0&nbsp;|&ThickSpace;<font color="#686868">Gen:</font> 3&nbsp;|&ThickSpace;&#10003; Bounceable&nbsp;|&ThickSpace;<font color="#686868">Z-Effect:</font>  Speed +1&nbsp;|&ThickSpace;<font color="#686868">Target:</font> One Adjacent Pokémon</font>

|c|☆21Kieran|click buttons buddy
|inactive|gackajink has 20 seconds left.
|inactive|gackajink has 15 seconds left.
|
|t:|1750730638
|-terastallize|p1b: Volta|Fairy
|move|p2a: Incineroar|Fake Out|p1b: Volta
|-damage|p1b: Volta|84/100
|cant|p1b: Volta|flinch
|move|p1a: Harmonia|Earth Power|p2a: Incineroar
|-supereffective|p2a: Incineroar
|-damage|p2a: Incineroar|0 fnt
|faint|p2a: Incineroar
|move|p2b: Terapagos|Calm Mind|p2b: Terapagos
|-boost|p2b: Terapagos|spa|1
|-boost|p2b: Terapagos|spd|1
|
|upkeep
|
|t:|1750730646
|switch|p2a: Sinistcha|Sinistcha, L50|50/100
|-heal|p2b: Terapagos|63/100|[from] ability: Hospitality|[of] p2a: Sinistcha
|turn|7
|c|☆gackajink|why did u read me
|c|☆gackajink|wait no its fine its fine
|
|t:|1750730669
|move|p1b: Volta|Protect|p1b: Volta
|-singleturn|p1b: Volta|Protect
|move|p2a: Sinistcha|Rage Powder|p2a: Sinistcha
|-singleturn|p2a: Sinistcha|move: Rage Powder
|move|p1a: Harmonia|Blizzard|p2b: Terapagos|[spread] p2b
|-miss|p1a: Harmonia|p2a: Sinistcha
|-damage|p2b: Terapagos|39/100
|move|p2b: Terapagos|Tera Starstorm|p1a: Harmonia|[spread] p1a
|-activate|p1b: Volta|move: Protect
|-damage|p1a: Harmonia|69/100
|
|upkeep
|turn|8
|j| Infernape314
|c|☆gackajink|rigged
|c| Iamsliverfish|mish
|l| Infernape314
|
|t:|1750730693
|move|p2b: Terapagos|Protect|p2b: Terapagos
|-singleturn|p2b: Terapagos|Protect
|move|p2a: Sinistcha|Protect|p2a: Sinistcha
|-singleturn|p2a: Sinistcha|Protect
|move|p1b: Volta|Dazzling Gleam|p2a: Sinistcha|[spread] 
|-activate|p2a: Sinistcha|move: Protect
|-activate|p2b: Terapagos|move: Protect
|move|p1a: Harmonia|Freeze-Dry|p2b: Terapagos
|-activate|p2b: Terapagos|move: Protect
|
|-sideend|p1: gackajink|move: Aurora Veil
|upkeep
|turn|9
|c|☆gackajink|stalling out my veil? rude
|
|t:|1750730716
|move|p1b: Volta|Protect|p1b: Volta
|-singleturn|p1b: Volta|Protect
|move|p1a: Harmonia|Freeze-Dry|p2a: Sinistcha
|-supereffective|p2a: Sinistcha
|-crit|p2a: Sinistcha
|-damage|p2a: Sinistcha|0 fnt
|faint|p2a: Sinistcha
|move|p2b: Terapagos|Tera Starstorm|p1b: Volta|[spread] p1a
|-activate|p1b: Volta|move: Protect
|-damage|p1a: Harmonia|45/100
|
|-fieldend|move: Electric Terrain
|upkeep
|
|t:|1750730721
|switch|p2a: Miraidon|Miraidon, L50|100/100
|-fieldstart|move: Electric Terrain|[from] ability: Hadron Engine|[of] p2a: Miraidon
|turn|10
|c| Iamsliverfish|why would you
|c|☆21Kieran|ahh crit
|c| Iamsliverfish|protect
|c| Iamsliverfish|you can just
|c|☆gackajink|crit sooo mattered
|c| Iamsliverfish|dgleam+freeze dry
|c| Iamsliverfish|._.
|c|☆gackajink|im not sure pagos wouldve died
|inactive|gackajink has 30 seconds left.
|
|t:|1750730756
|move|p1b: Volta|Dazzling Gleam|p2a: Miraidon|[spread] p2a,p2b
|-supereffective|p2a: Miraidon
|-damage|p2a: Miraidon|40/100
|-damage|p2b: Terapagos|17/100
|-damage|p1b: Volta|74/100|[from] item: Life Orb
|move|p2a: Miraidon|Electro Drift|p1b: Volta
|-damage|p1b: Volta|0 fnt
|faint|p1b: Volta
|move|p1a: Harmonia|Blizzard|p2a: Miraidon|[spread] 
|-miss|p1a: Harmonia|p2a: Miraidon
|-miss|p1a: Harmonia|p2b: Terapagos
|move|p2b: Terapagos|Tera Starstorm|p1a: Harmonia
|-damage|p1a: Harmonia|11/100
|
|upkeep
|turn|11
|c|☆gackajink|see
|c|☆gackajink|MISHED?!
|c|☆gackajink|RIGGED!
|c| Iamsliverfish|bro
|
|t:|1750730775
|move|p2a: Miraidon|Electro Drift|p1a: Harmonia
|-resisted|p1a: Harmonia
|-damage|p1a: Harmonia|0 fnt
|faint|p1a: Harmonia
|
|win|21Kieran
