|j|☆bodeylee
|j|☆Lolkilz
|t:|1750806223
|gametype|doubles
|player|p1|bodeylee|101|1114
|player|p2|Lolkilz|2|1099
|teamsize|p1|6
|teamsize|p2|6
|gen|9
|tier|[Gen 9] VGC 2025 Reg I
|rated|
|rule|Species Clause: Limit one of each Pokémon
|rule|Item Clause: Limit 1 of each item
|clearpoke
|poke|p1|Calyrex-Shadow, L50|
|poke|p1|Zamazenta-*, L50|
|poke|p1|Incineroar, L50, F|
|poke|p1|Rillaboom, L50, F|
|poke|p1|Raging Bolt, L50|
|poke|p1|Ursaluna-Bloodmoon, L50, M|
|poke|p2|Kyurem-Black, L50|
|poke|p2|Zacian-*, L50|
|poke|p2|Incineroar, L50, M|
|poke|p2|Sinistcha, L50|
|poke|p2|Rotom-Wash, L50|
|poke|p2|Iron Boulder, L50|
|teampreview|4
|
|t:|1750806257
|start
|switch|p1a: Ursaluna|Ursaluna-Bloodmoon, L50, M|100/100
|switch|p1b: Rillaboom|Rillaboom, L50, F|100/100
|switch|p2a: Incineroar|Incineroar, L50, M|100/100
|switch|p2b: Rotom|Rotom-Wash, L50|100/100
|-fieldstart|move: Grassy Terrain|[from] ability: Grassy Surge|[of] p1b: Rillaboom
|-ability|p2a: Incineroar|Intimidate|boost
|-unboost|p1a: Ursaluna|atk|1
|-unboost|p1b: Rillaboom|atk|1
|turn|1
|
|t:|1750806281
|move|p1a: Ursaluna|Protect|p1a: Ursaluna
|-singleturn|p1a: Ursaluna|Protect
|move|p1b: Rillaboom|Fake Out|p2a: Incineroar
|-damage|p2a: Incineroar|92/100
|move|p2b: Rotom|Will-O-Wisp|p1b: Rillaboom|[miss]
|-miss|p2b: Rotom|p1b: Rillaboom
|cant|p2a: Incineroar|flinch
|
|-heal|p2a: Incineroar|98/100|[from] Grassy Terrain
|upkeep
|turn|2
|
|t:|1750806301
|move|p1b: Rillaboom|Grassy Glide|p2b: Rotom
|-supereffective|p2b: Rotom
|-damage|p2b: Rotom|32/100
|move|p2b: Rotom|Will-O-Wisp|p1b: Rillaboom
|-status|p1b: Rillaboom|brn
|move|p2a: Incineroar|Parting Shot|p1a: Ursaluna
|-unboost|p1a: Ursaluna|atk|1
|-unboost|p1a: Ursaluna|spa|1
|
|t:|1750806313
|switch|p2a: Kyurem|Kyurem-Black, L50|100/100|[from] Parting Shot
|-ability|p2a: Kyurem|Teravolt
|move|p1a: Ursaluna|Blood Moon|p2b: Rotom
|-damage|p2b: Rotom|0 fnt
|faint|p2b: Rotom
|
|-damage|p1b: Rillaboom|95/100 brn|[from] brn
|upkeep
|
|t:|1750806326
|switch|p2b: Incineroar|Incineroar, L50, M|98/100
|-ability|p2b: Incineroar|Intimidate|boost
|-unboost|p1a: Ursaluna|atk|1
|-unboost|p1b: Rillaboom|atk|1
|turn|3
|
|t:|1750806350
|switch|p1a: Zamazenta|Zamazenta-Crowned, L50|100/100
|-ability|p1a: Zamazenta|Dauntless Shield|boost
|-boost|p1a: Zamazenta|def|1
|move|p2a: Kyurem|Rock Slide|p1b: Rillaboom|[spread] p1a,p1b
|-resisted|p1a: Zamazenta
|-damage|p1a: Zamazenta|98/100
|-damage|p1b: Rillaboom|70/100 brn
|cant|p1b: Rillaboom|flinch
|move|p2b: Incineroar|Flare Blitz|p1a: Zamazenta
|-supereffective|p1a: Zamazenta
|-damage|p1a: Zamazenta|45/100
|-status|p1a: Zamazenta|brn
|-damage|p2b: Incineroar|83/100|[from] Recoil
|
|-heal|p1a: Zamazenta|51/100 brn|[from] Grassy Terrain
|-heal|p1b: Rillaboom|76/100 brn|[from] Grassy Terrain
|-heal|p2b: Incineroar|89/100|[from] Grassy Terrain
|-damage|p1a: Zamazenta|45/100 brn|[from] brn
|-damage|p1b: Rillaboom|70/100 brn|[from] brn
|upkeep
|turn|4
|
|t:|1750806382
|move|p1a: Zamazenta|Body Press|p2a: Kyurem
|-supereffective|p2a: Kyurem
|-damage|p2a: Kyurem|50/100
|move|p1b: Rillaboom|U-turn|p2b: Incineroar
|-damage|p2b: Incineroar|84/100
|
|t:|1750806389
|switch|p1b: Ursaluna|Ursaluna-Bloodmoon, L50, M|100/100|[from] U-turn
|move|p2b: Incineroar|Parting Shot|p1a: Zamazenta
|-unboost|p1a: Zamazenta|atk|1
|-unboost|p1a: Zamazenta|spa|1
|
|t:|1750806396
|switch|p2b: Zacian|Zacian-Crowned, L50|100/100|[from] Parting Shot
|-ability|p2b: Zacian|Intrepid Sword|boost
|-boost|p2b: Zacian|atk|1
|move|p2a: Kyurem|Avalanche|p1b: Ursaluna
|-supereffective|p1b: Ursaluna
|-damage|p1b: Ursaluna|35/100
|
|-heal|p1a: Zamazenta|51/100 brn|[from] Grassy Terrain
|-heal|p2a: Kyurem|56/100|[from] Grassy Terrain
|-heal|p1b: Ursaluna|41/100|[from] Grassy Terrain
|-heal|p1b: Ursaluna|47/100|[from] item: Leftovers
|-damage|p1a: Zamazenta|45/100 brn|[from] brn
|upkeep
|turn|5
|
|t:|1750806425
|move|p1b: Ursaluna|Protect|p1b: Ursaluna
|-singleturn|p1b: Ursaluna|Protect
|move|p2b: Zacian|Close Combat|p1b: Ursaluna
|-activate|p1b: Ursaluna|move: Protect
|move|p1a: Zamazenta|Body Press|p2a: Kyurem
|-supereffective|p2a: Kyurem
|-damage|p2a: Kyurem|11/100
|move|p2a: Kyurem|Rock Slide|p1a: Zamazenta|[spread] p1a
|-activate|p1b: Ursaluna|move: Protect
|-resisted|p1a: Zamazenta
|-damage|p1a: Zamazenta|42/100 brn
|
|-heal|p1a: Zamazenta|48/100 brn|[from] Grassy Terrain
|-heal|p2a: Kyurem|17/100|[from] Grassy Terrain
|-heal|p1b: Ursaluna|53/100|[from] Grassy Terrain
|-heal|p1b: Ursaluna|59/100|[from] item: Leftovers
|-damage|p1a: Zamazenta|42/100 brn|[from] brn
|-fieldend|move: Grassy Terrain
|upkeep
|turn|6
|
|t:|1750806456
|switch|p1b: Calyrex|Calyrex-Shadow, L50|100/100
|-ability|p1b: Calyrex|As One
|-ability|p1b: Calyrex|Unnerve
|move|p1a: Zamazenta|Wide Guard|p1a: Zamazenta
|-singleturn|p1a: Zamazenta|Wide Guard
|move|p2b: Zacian|Close Combat|p1a: Zamazenta
|-supereffective|p1a: Zamazenta
|-damage|p1a: Zamazenta|0 fnt
|-unboost|p2b: Zacian|def|1
|-unboost|p2b: Zacian|spd|1
|faint|p1a: Zamazenta
|move|p2a: Kyurem|Dragon Claw|p1b: Calyrex
|-damage|p1b: Calyrex|38/100
|
|upkeep
|
|t:|1750806474
|switch|p1a: Rillaboom|Rillaboom, L50, F|70/100 brn
|-fieldstart|move: Grassy Terrain|[from] ability: Grassy Surge|[of] p1a: Rillaboom
|turn|7
|
|t:|1750806487
|switch|p2b: Incineroar|Incineroar, L50, M|84/100
|-ability|p2b: Incineroar|Intimidate|boost
|-unboost|p1a: Rillaboom|atk|1
|-unboost|p1b: Calyrex|atk|1
|move|p1a: Rillaboom|Fake Out|p2b: Incineroar
|-damage|p2b: Incineroar|79/100
|move|p1b: Calyrex|Astral Barrage|p2a: Kyurem|[spread] p2a,p2b
|-resisted|p2b: Incineroar
|-damage|p2a: Kyurem|0 fnt
|-damage|p2b: Incineroar|53/100
|faint|p2a: Kyurem
|-ability|p1b: Calyrex|Grim Neigh|boost
|-boost|p1b: Calyrex|spa|1
|
|-heal|p1b: Calyrex|44/100|[from] Grassy Terrain
|-heal|p1a: Rillaboom|76/100 brn|[from] Grassy Terrain
|-heal|p2b: Incineroar|59/100|[from] Grassy Terrain
|-damage|p1a: Rillaboom|70/100 brn|[from] brn
|upkeep
|
|t:|1750806505
|switch|p2a: Zacian|Zacian-Crowned, L50|100/100
|turn|8
|
|t:|1750806515
|move|p2b: Incineroar|Fake Out|p1a: Rillaboom
|-damage|p1a: Rillaboom|57/100 brn
|move|p1b: Calyrex|Astral Barrage|p2b: Incineroar|[spread] p2a,p2b
|-resisted|p2b: Incineroar
|-damage|p2a: Zacian|23/100
|-damage|p2b: Incineroar|16/100
|move|p2a: Zacian|Crunch|p1b: Calyrex
|-supereffective|p1b: Calyrex
|-damage|p1b: Calyrex|0 fnt
|faint|p1b: Calyrex
|cant|p1a: Rillaboom|flinch
|
|-heal|p2a: Zacian|29/100|[from] Grassy Terrain
|-heal|p1a: Rillaboom|63/100 brn|[from] Grassy Terrain
|-heal|p2b: Incineroar|22/100|[from] Grassy Terrain
|-damage|p1a: Rillaboom|57/100 brn|[from] brn
|upkeep
|
|t:|1750806531
|switch|p1b: Ursaluna|Ursaluna-Bloodmoon, L50, M|59/100
|turn|9
|
|t:|1750806548
|-terastallize|p1b: Ursaluna|Fairy
|move|p2a: Zacian|Psychic Fangs|p1a: Rillaboom
|-damage|p1a: Rillaboom|23/100 brn
|move|p1a: Rillaboom|Drum Beating|p2a: Zacian
|-resisted|p2a: Zacian
|-damage|p2a: Zacian|21/100
|-unboost|p2a: Zacian|spe|1
|move|p2b: Incineroar|Flare Blitz|p1a: Rillaboom
|-supereffective|p1a: Rillaboom
|-damage|p1a: Rillaboom|0 fnt
|faint|p1a: Rillaboom
|-damage|p2b: Incineroar|15/100|[from] Recoil
|move|p1b: Ursaluna|Moonblast|p2b: Incineroar
|-damage|p2b: Incineroar|0 fnt
|faint|p2b: Incineroar
|
|-heal|p2a: Zacian|27/100|[from] Grassy Terrain
|-heal|p1b: Ursaluna|65/100|[from] Grassy Terrain
|-heal|p1b: Ursaluna|70/100|[from] item: Leftovers
|upkeep
|turn|10
|
|t:|1750806576
|move|p1b: Ursaluna|Protect|p1b: Ursaluna
|-singleturn|p1b: Ursaluna|Protect
|move|p2a: Zacian|Behemoth Blade|p1b: Ursaluna
|-activate|p1b: Ursaluna|move: Protect
|
|-heal|p2a: Zacian|33/100|[from] Grassy Terrain
|-heal|p1b: Ursaluna|76/100|[from] Grassy Terrain
|-heal|p1b: Ursaluna|82/100|[from] item: Leftovers
|upkeep
|turn|11
|
|t:|1750806589
|move|p2a: Zacian|Behemoth Blade|p1b: Ursaluna
|-supereffective|p1b: Ursaluna
|-damage|p1b: Ursaluna|8/100
|move|p1b: Ursaluna|Earth Power|p2a: Zacian
|-supereffective|p2a: Zacian
|-damage|p2a: Zacian|0 fnt
|faint|p2a: Zacian
|
|win|bodeylee
|raw|bodeylee's rating: 1114 &rarr; <strong>1138</strong><br />(+24 for winning)
|raw|Lolkilz's rating: 1099 &rarr; <strong>1075</strong><br />(-24 for losing)
|l|☆bodeylee
|player|p1|
|l|☆Lolkilz
|player|p2|
