|j|☆iqofnothing
|j|‽Kmhhhh
|t:|1750807236
|gametype|doubles
|player|p1|iqofnothing|unknown|1181
|player|p2|Kmhhhh|byron|1178
|teamsize|p1|6
|teamsize|p2|6
|gen|9
|tier|[Gen 9] VGC 2025 Reg I
|rated|
|rule|Species Clause: Limit one of each Pokémon
|rule|Item Clause: Limit 1 of each item
|clearpoke
|poke|p1|Furret, L50, M|
|poke|p1|Urshifu-*, L50, M|
|poke|p1|Amoonguss, L50, F|
|poke|p1|Grimmsnarl, L50, M|
|poke|p1|Calyrex-Ice, L50|
|poke|p1|Lunala, L50|
|poke|p2|Miraidon, L50|
|poke|p2|Incineroar, L50, M|
|poke|p2|Urshifu-*, L50, M|
|poke|p2|Ursaluna, L50, F|
|poke|p2|Whimsicott, L50, F|
|poke|p2|Zacian-*, L50|
|teampreview|4
|inactive|Battle timer is ON: inactive players will automatically lose when time's up. (requested by Kmhhhh)
Kmhhhh rejected open team sheets.
|inactive|iqofnothing has 60 seconds left.
|
|t:|1750807295
|start
|switch|p1a: Walk|Furret, L50, M, shiny|100/100
|switch|p1b: Calyrex|Calyrex-Ice, L50|100/100
|switch|p2a: Zacian|Zacian-Crowned, L50|100/100
|switch|p2b: Miraidon|Miraidon, L50|100/100
|-ability|p1b: Calyrex|As One
|-ability|p1b: Calyrex|Unnerve
|-ability|p2a: Zacian|Intrepid Sword|boost
|-boost|p2a: Zacian|atk|1
|-fieldstart|move: Electric Terrain|[from] ability: Hadron Engine|[of] p2b: Miraidon
|-item|p2a: Zacian|Rusted Sword|[from] ability: Frisk|[of] p1a: Walk
|-item|p2b: Miraidon|Choice Specs|[from] ability: Frisk|[of] p1a: Walk
|turn|1
|inactive|Kmhhhh has 30 seconds left.
|inactive|Kmhhhh has 20 seconds left.
|inactive|Kmhhhh has 15 seconds left.
|inactive|Kmhhhh has 10 seconds left.
|inactive|Kmhhhh has 5 seconds left.
|
|t:|1750807347
|move|p2a: Zacian|Protect|p2a: Zacian
|-singleturn|p2a: Zacian|Protect
|move|p1a: Walk|Follow Me|p1a: Walk
|-singleturn|p1a: Walk|move: Follow Me
|move|p2b: Miraidon|Electro Drift|p1a: Walk
|-enditem|p1a: Walk|Focus Sash
|-damage|p1a: Walk|1/100
|move|p1b: Calyrex|Trick Room|p1b: Calyrex
|-fieldstart|move: Trick Room|[of] p1b: Calyrex
|
|upkeep
|turn|2
|
|t:|1750807362
|-terastallize|p2b: Miraidon|Fairy
|move|p1b: Calyrex|Glacial Lance|p2a: Zacian|[spread] p2a,p2b
|-resisted|p2a: Zacian
|-crit|p2b: Miraidon
|-damage|p2a: Zacian|79/100
|-damage|p2b: Miraidon|25/100
|move|p1a: Walk|Reversal|p2a: Zacian
|-damage|p2a: Zacian|24/100
|move|p2b: Miraidon|Electro Drift|p1b: Calyrex
|-damage|p1b: Calyrex|9/100
|move|p2a: Zacian|Behemoth Blade|p1b: Calyrex
|-supereffective|p1b: Calyrex
|-damage|p1b: Calyrex|0 fnt
|faint|p1b: Calyrex
|
|upkeep
|
|t:|1750807379
|switch|p1b: Lunala|Lunala, L50|100/100
|turn|3
|
|t:|1750807385
|switch|p2b: Ursaluna|Ursaluna, L50, F, shiny|100/100
|switch|p2a: Incineroar|Incineroar, L50, M, shiny|100/100
|-ability|p2a: Incineroar|Intimidate|boost
|-unboost|p1a: Walk|atk|1
|-unboost|p1b: Lunala|atk|1
|move|p1a: Walk|Reversal|p2a: Incineroar
|-supereffective|p2a: Incineroar
|-damage|p2a: Incineroar|45/100
|move|p1b: Lunala|Meteor Beam||[still]
|-prepare|p1b: Lunala|Meteor Beam
|-boost|p1b: Lunala|spa|1
|-enditem|p1b: Lunala|Power Herb
|-anim|p1b: Lunala|Meteor Beam|p2b: Ursaluna
|-resisted|p2b: Ursaluna
|-damage|p2b: Ursaluna|69/100
|
|-status|p2b: Ursaluna|brn|[from] item: Flame Orb
|upkeep
|turn|4
|
|t:|1750807400
|-terastallize|p1b: Lunala|Fairy
|move|p2a: Incineroar|Fake Out|p1a: Walk
|-damage|p1a: Walk|0 fnt
|faint|p1a: Walk
|move|p2b: Ursaluna|Headlong Rush|p1b: Lunala
|-damage|p1b: Lunala|63/100
|-unboost|p2b: Ursaluna|def|1
|-unboost|p2b: Ursaluna|spd|1
|move|p1b: Lunala|Moonblast|p2b: Ursaluna
|-damage|p2b: Ursaluna|0 fnt
|faint|p2b: Ursaluna
|
|upkeep
|
|t:|1750807409
|switch|p2b: Zacian|Zacian-Crowned, L50|24/100
|switch|p1a: Amoonguss|Amoonguss, L50, F|100/100
|turn|5
|
|t:|1750807427
|move|p2b: Zacian|Protect|p2b: Zacian
|-singleturn|p2b: Zacian|Protect
|move|p1a: Amoonguss|Spore|p2a: Incineroar
|-activate|p2a: Incineroar|move: Electric Terrain
|move|p2a: Incineroar|Flare Blitz|p1a: Amoonguss
|-supereffective|p1a: Amoonguss
|-damage|p1a: Amoonguss|21/100
|-damage|p2a: Incineroar|29/100|[from] item: Rocky Helmet|[of] p1a: Amoonguss
|-damage|p2a: Incineroar|0 fnt|[from] Recoil
|faint|p2a: Incineroar
|move|p1b: Lunala|Moongeist Beam|p2b: Zacian
|-activate|p2b: Zacian|move: Protect
|
|-fieldend|move: Trick Room
|-fieldend|move: Electric Terrain
|upkeep
|
|t:|1750807438
|switch|p2a: Miraidon|Miraidon, L50, tera:Fairy|25/100
|-fieldstart|move: Electric Terrain|[from] ability: Hadron Engine|[of] p2a: Miraidon
|turn|6
|c|☆iqofnothing|gg
|
|t:|1750807457
|move|p2b: Zacian|Behemoth Blade|p1b: Lunala
|-supereffective|p1b: Lunala
|-damage|p1b: Lunala|0 fnt
|faint|p1b: Lunala
|move|p2a: Miraidon|Electro Drift|p1a: Amoonguss
|-resisted|p1a: Amoonguss
|-damage|p1a: Amoonguss|0 fnt
|-damage|p2a: Miraidon|9/100|[from] item: Rocky Helmet|[of] p1a: Amoonguss
|faint|p1a: Amoonguss
|
|win|Kmhhhh
|raw|iqofnothing's rating: 1181 &rarr; <strong>1156</strong><br />(-25 for losing)
|raw|Kmhhhh's rating: 1178 &rarr; <strong>1203</strong><br />(+25 for winning)
|l|‽Kmhhhh
|player|p2|
|l|☆iqofnothing
|player|p1|
