|j|☆phonecount
|j|☆DrSadow
|t:|1750842429
|gametype|doubles
|player|p1|phonecount|169|1354
|player|p2|DrSadow|2|1301
|teamsize|p1|6
|teamsize|p2|6
|gen|9
|tier|[Gen 9] VGC 2025 Reg I
|rated|
|rule|Species Clause: Limit one of each Pokémon
|rule|Item Clause: Limit 1 of each item
|clearpoke
|poke|p1|Terapagos, L50, M|
|poke|p1|Calyrex-Shadow, L50|
|poke|p1|Whimsicott, L50, F|
|poke|p1|Sneasler, L50, M|
|poke|p1|Grimmsnarl, L50, M|
|poke|p1|Torkoal, L50, F|
|poke|p2|Zamazenta-*, L50|
|poke|p2|Lunala, L50|
|poke|p2|Incineroar, L50, F|
|poke|p2|Rillaboom, L50, M|
|poke|p2|Brute Bonnet, L50|
|poke|p2|Chien-Pao, L50|
|teampreview|4
phonecount has agreed to open team sheets.
|inactive|Battle timer is ON: inactive players will automatically lose when time's up. (requested by phonecount)
DrSadow has agreed to open team sheets.
|showteam|p1|Terapagos||LifeOrb|TeraShift|TeraStarstorm,CalmMind,EarthPower,Protect|||M|||50|,,,,,Stellar]Calyrex-Shadow||FocusSash|AsOneSpectrier|AstralBarrage,Psychic,TeraBlast,Protect||||||50|,,,,,Fairy]Whimsicott||CovertCloak|Prankster|Tailwind,Moonblast,FakeTears,Encore|||F|||50|,,,,,Steel]Sneasler||NormalGem|Unburden|FakeOut,CloseCombat,DireClaw,Acrobatics|||M|||50|,,,,,Flying]Grimmsnarl||LightClay|Prankster|LightScreen,Reflect,ThunderWave,SpiritBreak|||M|||50|,,,,,Dark]Torkoal||ChoiceSpecs|Drought|Eruption,HeatWave,Flamethrower,SolarBeam|||F|||50|,,,,,Fire
|showteam|p2|Zamazenta-Crowned||RustedShield|DauntlessShield|BodyPress,WideGuard,HeavySlam,IronDefense||||||50|,,,,,Grass]Lunala||Leftovers|ShadowShield|MoongeistBeam,Moonblast,CalmMind,Protect||||||50|,,,,,Fairy]Incineroar||SitrusBerry|Intimidate|FakeOut,FlareBlitz,KnockOff,PartingShot|||F|||50|,,,,,Bug]Rillaboom||AssaultVest|GrassySurge|FakeOut,WoodHammer,GrassyGlide,Uturn|||M|||50|,,,,,Poison]Brute Bonnet||BoosterEnergy|Protosynthesis|Spore,RagePowder,Protect,SuckerPunch||||||50|,,,,,Fire]Chien-Pao||FocusSash|SwordofRuin|IceSpinner,Protect,PsychicFangs,SuckerPunch||||||50|,,,,,Dark
|inactive|phonecount has 60 seconds left.
|inactive|DrSadow has 60 seconds left.
|
|t:|1750842479
|start
|switch|p1a: Calyrex|Calyrex-Shadow, L50|100/100
|switch|p1b: Sneasler|Sneasler, L50, M|100/100
|switch|p2a: Lunala|Lunala, L50|100/100
|switch|p2b: Incineroar|Incineroar, L50, F, shiny|100/100
|-ability|p1a: Calyrex|As One
|-ability|p1a: Calyrex|Unnerve
|-ability|p2b: Incineroar|Intimidate|boost
|-unboost|p1a: Calyrex|atk|1
|-unboost|p1b: Sneasler|atk|1
|turn|1
|
|t:|1750842497
|move|p1b: Sneasler|Fake Out|p2b: Incineroar
|-enditem|p1b: Sneasler|Normal Gem|[from] gem
|-damage|p2b: Incineroar|92/100
|move|p1a: Calyrex|Astral Barrage|p2b: Incineroar|[spread] p2a,p2b
|-supereffective|p2a: Lunala
|-resisted|p2b: Incineroar
|-damage|p2a: Lunala|19/100
|-damage|p2b: Incineroar|67/100
|move|p2a: Lunala|Moongeist Beam|p1a: Calyrex
|-supereffective|p1a: Calyrex
|-enditem|p1a: Calyrex|Focus Sash
|-damage|p1a: Calyrex|1/100
|cant|p2b: Incineroar|flinch
|
|-heal|p2a: Lunala|24/100|[from] item: Leftovers
|upkeep
|turn|2
|
|t:|1750842514
|switch|p2b: Rillaboom|Rillaboom, L50, M|100/100
|-fieldstart|move: Grassy Terrain|[from] ability: Grassy Surge|[of] p2b: Rillaboom
|move|p2a: Lunala|Protect|p2a: Lunala
|-singleturn|p2a: Lunala|Protect
|move|p1b: Sneasler|Close Combat|p2b: Rillaboom
|-damage|p2b: Rillaboom|63/100
|-unboost|p1b: Sneasler|def|1
|-unboost|p1b: Sneasler|spd|1
|move|p1a: Calyrex|Astral Barrage|p2b: Rillaboom|[spread] p2b
|-activate|p2a: Lunala|move: Protect
|-damage|p2b: Rillaboom|23/100
|
|-heal|p1a: Calyrex|7/100|[from] Grassy Terrain
|-heal|p2b: Rillaboom|29/100|[from] Grassy Terrain
|-heal|p2a: Lunala|30/100|[from] Grassy Terrain
|-heal|p2a: Lunala|36/100|[from] item: Leftovers
|upkeep
|turn|3
|
|t:|1750842533
|switch|p2a: Incineroar|Incineroar, L50, F, shiny|67/100
|-ability|p2a: Incineroar|Intimidate|boost
|-unboost|p1a: Calyrex|atk|1
|-unboost|p1b: Sneasler|atk|1
|move|p1a: Calyrex|Protect|p1a: Calyrex
|-singleturn|p1a: Calyrex|Protect
|move|p2b: Rillaboom|Fake Out|p1b: Sneasler
|-damage|p1b: Sneasler|70/100
|cant|p1b: Sneasler|flinch
|
|-heal|p1b: Sneasler|77/100|[from] Grassy Terrain
|-heal|p1a: Calyrex|12/100|[from] Grassy Terrain
|-heal|p2b: Rillaboom|35/100|[from] Grassy Terrain
|-heal|p2a: Incineroar|73/100|[from] Grassy Terrain
|upkeep
|turn|4
|c|☆DrSadow|normal gem?
|
|t:|1750842554
|switch|p1b: Terapagos|Terapagos, L50, M|100/100
|-activate|p1b: Terapagos|ability: Tera Shift
|detailschange|p1b: Terapagos|Terapagos-Terastal, L50, M
|-heal|p1b: Terapagos|100/100|[silent]
|switch|p1a: Grimmsnarl|Grimmsnarl, L50, M|100/100
|move|p2b: Rillaboom|Grassy Glide|p1a: Grimmsnarl
|-damage|p1a: Grimmsnarl|66/100
|move|p2a: Incineroar|Flare Blitz|p1b: Terapagos
|-activate|p1b: Terapagos|ability: Tera Shell
|-resisted|p1b: Terapagos
|-damage|p1b: Terapagos|82/100
|-damage|p2a: Incineroar|67/100|[from] Recoil
|
|-heal|p1b: Terapagos|88/100|[from] Grassy Terrain
|-heal|p2b: Rillaboom|41/100|[from] Grassy Terrain
|-heal|p1a: Grimmsnarl|72/100|[from] Grassy Terrain
|-heal|p2a: Incineroar|73/100|[from] Grassy Terrain
|upkeep
|turn|5
|
|t:|1750842573
|-terastallize|p1b: Terapagos|Stellar
|detailschange|p1b: Terapagos|Terapagos-Stellar, L50, M, tera:Stellar
|-heal|p1b: Terapagos|91/100|[silent]
|-ability|p1b: Terapagos|Teraform Zero
|-fieldend|move: Grassy Terrain
|move|p1a: Grimmsnarl|Reflect|p1a: Grimmsnarl
|-sidestart|p1: phonecount|Reflect
|move|p1b: Terapagos|Tera Starstorm|p2b: Rillaboom|[spread] p2a,p2b
|-damage|p2a: Incineroar|27/100
|-damage|p2b: Rillaboom|6/100
|-enditem|p2a: Incineroar|Sitrus Berry|[eat]
|-heal|p2a: Incineroar|51/100|[from] item: Sitrus Berry
|-damage|p1b: Terapagos|81/100|[from] item: Life Orb
|move|p2b: Rillaboom|Wood Hammer|p1b: Terapagos
|-damage|p1b: Terapagos|59/100
|-damage|p2b: Rillaboom|0 fnt|[from] Recoil
|faint|p2b: Rillaboom
|move|p2a: Incineroar|Knock Off|p1b: Terapagos
|-damage|p1b: Terapagos|42/100
|-enditem|p1b: Terapagos|Life Orb|[from] move: Knock Off|[of] p2a: Incineroar
|
|upkeep
|
|t:|1750842586
|switch|p2b: Zamazenta|Zamazenta-Crowned, L50|100/100
|-ability|p2b: Zamazenta|Dauntless Shield|boost
|-boost|p2b: Zamazenta|def|1
|turn|6
|
|t:|1750842606
|move|p1a: Grimmsnarl|Thunder Wave|p2b: Zamazenta
|-status|p2b: Zamazenta|par
|move|p1b: Terapagos|Earth Power|p2a: Incineroar
|-supereffective|p2a: Incineroar
|-damage|p2a: Incineroar|0 fnt
|faint|p2a: Incineroar
|move|p2b: Zamazenta|Heavy Slam|p1a: Grimmsnarl
|-supereffective|p1a: Grimmsnarl
|-damage|p1a: Grimmsnarl|0 fnt
|faint|p1a: Grimmsnarl
|
|upkeep
|
|t:|1750842618
|switch|p1a: Sneasler|Sneasler, L50, M|77/100
|switch|p2a: Lunala|Lunala, L50|36/100
|turn|7
|
|t:|1750842642
|-terastallize|p2b: Zamazenta|Grass
|move|p1a: Sneasler|Fake Out|p2b: Zamazenta
|-damage|p2b: Zamazenta|93/100 par
|move|p1b: Terapagos|Tera Starstorm|p2a: Lunala|[spread] p2a,p2b
|-supereffective|p2b: Zamazenta
|-damage|p2a: Lunala|8/100
|-damage|p2b: Zamazenta|20/100 par
|move|p2a: Lunala|Moongeist Beam|p1a: Sneasler
|-damage|p1a: Sneasler|9/100
|cant|p2b: Zamazenta|flinch
|
|-heal|p2a: Lunala|14/100|[from] item: Leftovers
|upkeep
|turn|8
|
|t:|1750842661
|move|p2b: Zamazenta|Wide Guard|p2b: Zamazenta
|-singleturn|p2b: Zamazenta|Wide Guard
|move|p1a: Sneasler|Acrobatics|p2a: Lunala
|-damage|p2a: Lunala|0 fnt
|faint|p2a: Lunala
|move|p1b: Terapagos|Tera Starstorm|p2b: Zamazenta
|-activate|p2b: Zamazenta|move: Wide Guard
|
|upkeep
|turn|9
|-message|DrSadow forfeited.
|
|win|phonecount
|raw|phonecount's rating: 1354 &rarr; <strong>1371</strong><br />(+17 for winning)
|raw|DrSadow's rating: 1301 &rarr; <strong>1284</strong><br />(-17 for losing)
|l|☆DrSadow
|player|p2|
|l|☆phonecount
|player|p1|
