|j|☆phatyoloswag
|j|☆skyg00
|t:|1750749296
|gametype|doubles
|player|p1|phatyoloswag|170|1132
|player|p2|skyg00|170|1178
|teamsize|p1|6
|teamsize|p2|6
|gen|9
|tier|[Gen 9] VGC 2025 Reg I
|rated|
|rule|Species Clause: Limit one of each Pokémon
|rule|Item Clause: Limit 1 of each item
|clearpoke
|poke|p1|Volcarona, L50, M|
|poke|p1|Lunala, L50|
|poke|p1|Florges, L50, F|
|poke|p1|Miraidon, L50|
|poke|p1|Iron Treads, L50|
|poke|p1|Zapdos-Galar, L50|
|poke|p2|Clefairy, L50, M|
|poke|p2|Kyogre, L50|
|poke|p2|Tornadus, L50, M|
|poke|p2|Flutter Mane, L50|
|poke|p2|Raichu, L50, F|
|poke|p2|Urshifu-*, L50, F|
|teampreview|4
|inactive|Battle timer is ON: inactive players will automatically lose when time's up. (requested by phatyoloswag)
|inactive|phatyoloswag has 60 seconds left.
|
|t:|1750749332
|start
|switch|p1a: Volcarona|Volcarona, L50, M|100/100
|switch|p1b: Florges|Florges, L50, F|100/100
|switch|p2a: Tornadus|Tornadus, L50, M|100/100
|switch|p2b: Urshifu|Urshifu-Rapid-Strike, L50, F|100/100
|turn|1
|
|t:|1750749354
|-terastallize|p1a: Volcarona|Grass
|move|p2b: Urshifu|Surging Strikes|p1b: Florges
|-crit|p1b: Florges
|-damage|p1b: Florges|73/100
|-crit|p1b: Florges
|-damage|p1b: Florges|48/100
|-crit|p1b: Florges
|-damage|p1b: Florges|19/100
|-hitcount|p1b: Florges|3
|move|p2a: Tornadus|Bleakwind Storm|p1a: Volcarona|[spread] p1a
|-miss|p2a: Tornadus|p1b: Florges
|-supereffective|p1a: Volcarona
|-damage|p1a: Volcarona|37/100
|-enditem|p1a: Volcarona|Sitrus Berry|[eat]
|-heal|p1a: Volcarona|62/100|[from] item: Sitrus Berry
|-activate|p1b: Florges|ability: Symbiosis|Leftovers|[of] p1a: Volcarona
|move|p1a: Volcarona|Quiver Dance|p1a: Volcarona
|-boost|p1a: Volcarona|spa|1
|-boost|p1a: Volcarona|spd|1
|-boost|p1a: Volcarona|spe|1
|move|p1b: Florges|Alluring Voice|p2b: Urshifu
|-supereffective|p2b: Urshifu
|-damage|p2b: Urshifu|0 fnt
|faint|p2b: Urshifu
|
|-heal|p1a: Volcarona|68/100|[from] item: Leftovers
|upkeep
|
|t:|1750749377
|switch|p2b: Flutter Mane|Flutter Mane, L50|100/100
|-enditem|p2b: Flutter Mane|Booster Energy
|-activate|p2b: Flutter Mane|ability: Protosynthesis|[fromitem]
|-start|p2b: Flutter Mane|protosynthesisspa
|turn|2
|
|t:|1750749388
|move|p1a: Volcarona|Struggle Bug|p2a: Tornadus|[spread] p2a,p2b
|-resisted|p2a: Tornadus
|-resisted|p2b: Flutter Mane
|-damage|p2a: Tornadus|82/100
|-damage|p2b: Flutter Mane|94/100
|-unboost|p2a: Tornadus|spa|1
|-unboost|p2b: Flutter Mane|spa|1
|-enditem|p2a: Tornadus|Red Card|[of] p1a: Volcarona
|drag|p1a: Lunala|Lunala, L50|100/100
|move|p2b: Flutter Mane|Calm Mind|p2b: Flutter Mane
|-boost|p2b: Flutter Mane|spa|1
|-boost|p2b: Flutter Mane|spd|1
|move|p2a: Tornadus|Bleakwind Storm|p1b: Florges|[spread] p1a,p1b
|-crit|p1b: Florges
|-damage|p1a: Lunala|95/100
|-damage|p1b: Florges|0 fnt
|faint|p1b: Florges
|
|upkeep
|
|t:|1750749404
|switch|p1b: Miraidon|Miraidon, L50|100/100
|-fieldstart|move: Electric Terrain|[from] ability: Hadron Engine|[of] p1b: Miraidon
|-enditem|p1b: Miraidon|Electric Seed
|-boost|p1b: Miraidon|def|1|[from] item: Electric Seed
|turn|3
|
|t:|1750749428
|switch|p2a: Raichu|Raichu, L50, F|100/100
|-terastallize|p2b: Flutter Mane|Fairy
|move|p1a: Lunala|Wide Guard|p1a: Lunala
|-singleturn|p1a: Lunala|Wide Guard
|move|p2b: Flutter Mane|Shadow Ball|p1a: Lunala
|-supereffective|p1a: Lunala
|-damage|p1a: Lunala|0 fnt
|faint|p1a: Lunala
|move|p1b: Miraidon|Parabolic Charge|p2b: Flutter Mane|[spread] p2b
|-ability|p2a: Raichu|Lightning Rod|boost
|-boost|p2a: Raichu|spa|1
|-damage|p2b: Flutter Mane|62/100
|
|upkeep
|
|t:|1750749443
|switch|p1a: Volcarona|Volcarona, L50, M, tera:Grass|68/100
|turn|4
|
|t:|1750749452
|move|p2a: Raichu|Fake Out|p1a: Volcarona
|-damage|p1a: Volcarona|55/100
|-status|p2a: Raichu|brn|[from] ability: Flame Body|[of] p1a: Volcarona
|move|p2b: Flutter Mane|Dazzling Gleam|p1b: Miraidon|[spread] p1a,p1b
|-supereffective|p1b: Miraidon
|-damage|p1a: Volcarona|3/100
|-damage|p1b: Miraidon|9/100
|move|p1b: Miraidon|Flash Cannon|p2b: Flutter Mane
|-supereffective|p2b: Flutter Mane
|-damage|p2b: Flutter Mane|13/100
|cant|p1a: Volcarona|flinch
|
|-heal|p1a: Volcarona|9/100|[from] item: Leftovers
|-damage|p2a: Raichu|95/100 brn|[from] brn
|upkeep
|turn|5
|inactive|phatyoloswag has 30 seconds left.
|inactive|skyg00 has 30 seconds left.
|
|t:|1750749486
|switch|p2a: Tornadus|Tornadus, L50, M|82/100
|move|p2b: Flutter Mane|Dazzling Gleam|p1b: Miraidon|[spread] p1a,p1b
|-supereffective|p1b: Miraidon
|-damage|p1a: Volcarona|0 fnt
|-damage|p1b: Miraidon|0 fnt
|faint|p1a: Volcarona
|faint|p1b: Miraidon
|
|win|skyg00
|raw|phatyoloswag's rating: 1132 &rarr; <strong>1110</strong><br />(-22 for losing)
|raw|skyg00's rating: 1178 &rarr; <strong>1200</strong><br />(+22 for winning)
|l|☆skyg00
|player|p2|
