|j|☆bapdabo
|j|☆Bodoque31
|t:|1750869056
|gametype|doubles
|player|p1|bapdabo|hugh|1220
|player|p2|Bodoque31|skyla|1164
|teamsize|p1|6
|teamsize|p2|6
|gen|9
|tier|[Gen 9] VGC 2025 Reg I
|rated|
|rule|Species Clause: Limit one of each Pokémon
|rule|Item Clause: Limit 1 of each item
|clearpoke
|poke|p1|Palafin, L50, M|
|poke|p1|Raichu, L50, M|
|poke|p1|Lugia, L50|
|poke|p1|Zacian-*, L50|
|poke|p1|Kingambit, L50, M|
|poke|p1|Politoed, L50, F|
|poke|p2|Miraidon, L50|
|poke|p2|Zamazenta-*, L50|
|poke|p2|Riolu, L50, M|
|poke|p2|Chi-Yu, L50|
|poke|p2|Rillaboom, L50, M|
|poke|p2|Ditto, L50|
|teampreview|4
|inactive|Battle timer is ON: inactive players will automatically lose when time's up. (requested by Bodoque31)
Bodoque31 rejected open team sheets.
|inactive|bapdabo has 60 seconds left.
|
|t:|1750869102
|start
|switch|p1a: Lugia|Lugia, L50|100/100
|switch|p1b: Palafin|Palafin, L50, M|100/100
|switch|p2a: Lucas|Riolu, L50, M, shiny|100/100
|switch|p2b: Dante|Zamazenta-Crowned, L50, shiny|100/100
|-ability|p2b: Dante|Dauntless Shield|boost
|-boost|p2b: Dante|def|1
|turn|1
|
|t:|1750869113
|move|p2a: Lucas|Coaching|p2b: Dante
|-boost|p2b: Dante|atk|1
|-boost|p2b: Dante|def|1
|move|p2b: Dante|Body Press|p1b: Palafin
|-damage|p1b: Palafin|0 fnt
|faint|p1b: Palafin
|move|p1a: Lugia|Calm Mind|p1a: Lugia
|-boost|p1a: Lugia|spa|1
|-boost|p1a: Lugia|spd|1
|
|upkeep
|
|t:|1750869127
|switch|p1b: Zacian|Zacian-Crowned, L50|100/100
|-ability|p1b: Zacian|Intrepid Sword|boost
|-boost|p1b: Zacian|atk|1
|turn|2
|
|t:|1750869133
|-terastallize|p2b: Dante|Dragon
|move|p1b: Zacian|Protect|p1b: Zacian
|-singleturn|p1b: Zacian|Protect
|move|p2a: Lucas|Coaching|p2b: Dante
|-boost|p2b: Dante|atk|1
|-boost|p2b: Dante|def|1
|move|p2b: Dante|Body Press|p1b: Zacian
|-activate|p1b: Zacian|move: Protect
|move|p1a: Lugia|Earth Power|p2b: Dante
|-damage|p2b: Dante|72/100
|-unboost|p2b: Dante|spd|1
|
|upkeep
|turn|3
|
|t:|1750869154
|move|p2b: Dante|Protect|p2b: Dante
|-singleturn|p2b: Dante|Protect
|move|p2a: Lucas|Coaching|p2b: Dante
|-boost|p2b: Dante|atk|1
|-boost|p2b: Dante|def|1
|move|p1b: Zacian|Sacred Sword|p2b: Dante
|-activate|p2b: Dante|move: Protect
|move|p1a: Lugia|Aeroblast|p2b: Dante
|-activate|p2b: Dante|move: Protect
|
|upkeep
|turn|4
|
|t:|1750869172
|switch|p2a: Maestra Picsis|Chi-Yu, L50|100/100
|-ability|p2a: Maestra Picsis|Beads of Ruin
|move|p1b: Zacian|Sacred Sword|p2b: Dante
|-damage|p2b: Dante|40/100
|move|p2b: Dante|Body Press|p1b: Zacian
|-damage|p1b: Zacian|0 fnt
|faint|p1b: Zacian
|move|p1a: Lugia|Aeroblast|p2b: Dante
|-crit|p2b: Dante
|-damage|p2b: Dante|0 fnt
|faint|p2b: Dante
|
|upkeep
|
|t:|1750869186
|switch|p1b: Raichu|Raichu, L50, M|100/100
|switch|p2b: Lucas|Riolu, L50, M, shiny|100/100
|turn|5
|
|t:|1750869196
|move|p2b: Lucas|Quick Guard|p2b: Lucas
|-singleturn|p2b: Lucas|Quick Guard
|move|p1b: Raichu|Fake Out|p2b: Lucas
|-activate|p2b: Lucas|move: Quick Guard
|move|p2a: Maestra Picsis|Snarl|p1a: Lugia|[spread] p1a,p1b
|-supereffective|p1a: Lugia
|-damage|p1a: Lugia|90/100
|-damage|p1b: Raichu|50/100
|-unboost|p1a: Lugia|spa|1
|-unboost|p1b: Raichu|spa|1
|-enditem|p1a: Lugia|Weakness Policy
|-boost|p1a: Lugia|atk|2|[from] item: Weakness Policy
|-boost|p1a: Lugia|spa|2|[from] item: Weakness Policy
|move|p1a: Lugia|Aeroblast|p2a: Maestra Picsis
|-damage|p2a: Maestra Picsis|0 fnt
|faint|p2a: Maestra Picsis
|
|upkeep
|
|t:|1750869203
|switch|p2a: Sandwich|Miraidon, L50|100/100
|-fieldstart|move: Electric Terrain|[from] ability: Hadron Engine|[of] p2a: Sandwich
|turn|6
|
|t:|1750869222
|-terastallize|p1a: Lugia|Ground
|move|p2b: Lucas|Helping Hand|p2a: Sandwich
|-singleturn|p2a: Sandwich|Helping Hand|[of] p2b: Lucas
|move|p2a: Sandwich|Dazzling Gleam|p1b: Raichu|[spread] p1a,p1b
|-damage|p1a: Lugia|66/100
|-damage|p1b: Raichu|0 fnt
|faint|p1b: Raichu
|move|p1a: Lugia|Earth Power|p2a: Sandwich
|-supereffective|p2a: Sandwich
|-damage|p2a: Sandwich|0 fnt
|faint|p2a: Sandwich
|
|upkeep
|turn|7
|inactive|Bodoque31 has 30 seconds left.
|-message|Bodoque31 forfeited.
|
|win|bapdabo
|raw|bapdabo's rating: 1220 &rarr; <strong>1241</strong><br />(+21 for winning)
|raw|Bodoque31's rating: 1164 &rarr; <strong>1143</strong><br />(-21 for losing)
|l|☆Bodoque31
|player|p2|
|l|☆bapdabo
|player|p1|
