|j|☆gyaradosgodz
|j|☆yyfyyfyyf
|t:|1750821199
|gametype|doubles
|player|p1|gyaradosgodz|101|1136
|player|p2|yyfyyfyyf|2|1165
|teamsize|p1|6
|teamsize|p2|6
|gen|9
|tier|[Gen 9] VGC 2025 Reg I
|rated|
|rule|Species Clause: Limit one of each Pokémon
|rule|Item Clause: Limit 1 of each item
|clearpoke
|poke|p1|Landorus, L50, M|
|poke|p1|Tyranitar, L50, F|
|poke|p1|Garchomp, L50, M|
|poke|p1|Wugtrio, L50, F|
|poke|p1|Zacian-*, L50|
|poke|p1|Dialga, L50|
|poke|p2|Calyrex-Ice, L50|
|poke|p2|Lunala, L50|
|poke|p2|Indeedee-F, L50, F|
|poke|p2|Smeargle, L50, F|
|poke|p2|Torkoal, L50, F|
|poke|p2|Urshifu-*, L50, F|
|teampreview|4
|inactive|Battle timer is ON: inactive players will automatically lose when time's up. (requested by yyfyyfyyf)
|inactive|gyaradosgodz also wants the timer to be on.
|inactive|gyaradosgodz has 60 seconds left.
|inactive|yyfyyfyyf has 60 seconds left.
|
|t:|1750821241
|start
|switch|p1a: Tyranitar|Tyranitar, L50, F|100/100
|switch|p1b: Landorus|Landorus, L50, M|100/100
|switch|p2a: Calyrex|Calyrex-Ice, L50|100/100
|switch|p2b: Indeedee|Indeedee-F, L50, F|100/100
|-ability|p2a: Calyrex|As One
|-ability|p2a: Calyrex|Unnerve
|-weather|Sandstorm|[from] ability: Sand Stream|[of] p1a: Tyranitar
|-fieldstart|move: Psychic Terrain|[from] ability: Psychic Surge|[of] p2b: Indeedee
|-enditem|p2b: Indeedee|Psychic Seed
|-boost|p2b: Indeedee|spd|1|[from] item: Psychic Seed
|turn|1
|
|t:|1750821266
|move|p2b: Indeedee|Follow Me|p2b: Indeedee
|-singleturn|p2b: Indeedee|move: Follow Me
|move|p1b: Landorus|Sandsear Storm|p2a: Calyrex|[spread] p2a,p2b
|-damage|p2a: Calyrex|57/100
|-damage|p2b: Indeedee|62/100
|move|p1a: Tyranitar|Knock Off|p2b: Indeedee
|-supereffective|p2b: Indeedee
|-damage|p2b: Indeedee|0 fnt
|faint|p2b: Indeedee
|move|p2a: Calyrex|Trick Room|p2a: Calyrex
|-fieldstart|move: Trick Room|[of] p2a: Calyrex
|
|-weather|Sandstorm|[upkeep]
|-damage|p2a: Calyrex|51/100|[from] Sandstorm
|upkeep
|
|t:|1750821279
|switch|p2b: Torkoal|Torkoal, L50, F|100/100
|-weather|SunnyDay|[from] ability: Drought|[of] p2b: Torkoal
|turn|2
|
|t:|1750821293
|switch|p1b: Wugtrio|Wugtrio, L50, F|100/100
|move|p2b: Torkoal|Eruption|p1a: Tyranitar|[spread] p1a,p1b
|-resisted|p1a: Tyranitar
|-resisted|p1b: Wugtrio
|-crit|p1b: Wugtrio
|-damage|p1a: Tyranitar|77/100
|-damage|p1b: Wugtrio|0 fnt
|faint|p1b: Wugtrio
|move|p2a: Calyrex|Glacial Lance|p1a: Tyranitar
|-damage|p1a: Tyranitar|24/100
|move|p1a: Tyranitar|Knock Off|p2a: Calyrex
|-supereffective|p2a: Calyrex
|-damage|p2a: Calyrex|0 fnt
|-enditem|p2a: Calyrex|Clear Amulet|[from] move: Knock Off|[of] p1a: Tyranitar
|faint|p2a: Calyrex
|
|-weather|SunnyDay|[upkeep]
|upkeep
|
|t:|1750821313
|switch|p2a: Lunala|Lunala, L50|100/100
|switch|p1b: Landorus|Landorus, L50, M|100/100
|turn|3
|
|t:|1750821326
|move|p2b: Torkoal|Eruption|p1a: Tyranitar|[spread] p1a,p1b
|-resisted|p1a: Tyranitar
|-damage|p1a: Tyranitar|1/100
|-damage|p1b: Landorus|0 fnt
|faint|p1b: Landorus
|move|p1a: Tyranitar|Knock Off|p2a: Lunala
|-supereffective|p2a: Lunala
|-damage|p2a: Lunala|28/100
|-enditem|p2a: Lunala|Leftovers|[from] move: Knock Off|[of] p1a: Tyranitar
|move|p2a: Lunala|Moongeist Beam|p1a: Tyranitar
|-resisted|p1a: Tyranitar
|-damage|p1a: Tyranitar|0 fnt
|faint|p1a: Tyranitar
|
|-weather|SunnyDay|[upkeep]
|upkeep
|
|t:|1750821338
|switch|p1b: Zacian|Zacian-Crowned, L50|100/100
|-ability|p1b: Zacian|Intrepid Sword|boost
|-boost|p1b: Zacian|atk|1
|turn|4
|
|t:|1750821348
|-terastallize|p1b: Zacian|Water
|move|p2b: Torkoal|Eruption|p1b: Zacian
|-resisted|p1b: Zacian
|-damage|p1b: Zacian|47/100
|move|p2a: Lunala|Moongeist Beam|p1b: Zacian
|-damage|p1b: Zacian|1/100
|move|p1b: Zacian|Behemoth Blade|p2b: Torkoal
|-resisted|p2b: Torkoal
|-damage|p2b: Torkoal|70/100
|
|-weather|SunnyDay|[upkeep]
|upkeep
|turn|5
|
|t:|1750821364
|move|p1b: Zacian|Protect|p1b: Zacian
|-singleturn|p1b: Zacian|Protect
|move|p2b: Torkoal|Eruption|p1b: Zacian
|-activate|p1b: Zacian|move: Protect
|move|p2a: Lunala|Moongeist Beam|p1b: Zacian
|-activate|p1b: Zacian|move: Protect
|
|-weather|SunnyDay|[upkeep]
|-fieldend|move: Trick Room
|-fieldend|move: Psychic Terrain
|upkeep
|turn|6
|
|t:|1750821379
|move|p1b: Zacian|Behemoth Blade|p2a: Lunala
|-damage|p2a: Lunala|0 fnt
|faint|p2a: Lunala
|move|p2b: Torkoal|Weather Ball|p1b: Zacian
|-resisted|p1b: Zacian
|-damage|p1b: Zacian|0 fnt
|faint|p1b: Zacian
|
|win|yyfyyfyyf
|raw|gyaradosgodz's rating: 1136 &rarr; <strong>1113</strong><br />(-23 for losing)
|raw|yyfyyfyyf's rating: 1165 &rarr; <strong>1188</strong><br />(+23 for winning)
|l|☆gyaradosgodz
|player|p1|
|l|☆yyfyyfyyf
|player|p2|
