|j|☆Pluber
|j|☆azefsgrxdchfjv
|t:|1750743104
|gametype|doubles
|player|p1|Pluber|pokemonrangerf|1168
|player|p2|azefsgrxdchfjv|102|1156
|teamsize|p1|6
|teamsize|p2|6
|gen|9
|tier|[Gen 9] VGC 2025 Reg I
|rated|
|rule|Species Clause: Limit one of each Pokémon
|rule|Item Clause: Limit 1 of each item
|clearpoke
|poke|p1|Calyrex-Ice, L50|
|poke|p1|Miraidon, L50|
|poke|p1|Incineroar, L50, F|
|poke|p1|Amoonguss, L50, F|
|poke|p1|Sableye, L50, F|
|poke|p1|Urshifu-*, L50, M|
|poke|p2|Calyrex-Shadow, L50|
|poke|p2|Raging Bolt, L50|
|poke|p2|Ogerpon-Hearthflame, L50, F|
|poke|p2|Indeedee-F, L50, F|
|poke|p2|Koraidon, L50|
|poke|p2|Garganacl, L50, M|
|teampreview|4
Pluber has agreed to open team sheets.
|c|☆Pluber|glhf!
|
|t:|1750743165
|start
|switch|p1a: Calyrex|Calyrex-Ice, L50|100/100
|switch|p1b: Incineroar|Incineroar, L50, F|100/100
|switch|p2a: Ogerpon|Ogerpon-Hearthflame, L50, F|100/100
|switch|p2b: Koraidon|Koraidon, L50|100/100
|-ability|p1a: Calyrex|As One
|-ability|p1a: Calyrex|Unnerve
|-weather|SunnyDay|[from] ability: Orichalcum Pulse|[of] p2b: Koraidon
|-activate|p2b: Koraidon|Orichalcum Pulse|[source]
|-ability|p2a: Ogerpon|Mold Breaker
|-ability|p1b: Incineroar|Intimidate|boost
|-unboost|p2a: Ogerpon|atk|1
|-fail|p2b: Koraidon|unboost|[from] item: Clear Amulet|[of] p2b: Koraidon
|turn|1
|
|t:|1750743193
|switch|p2a: Indeedee|Indeedee-F, L50, F|100/100
|-fieldstart|move: Psychic Terrain|[from] ability: Psychic Surge|[of] p2a: Indeedee
|-enditem|p2a: Indeedee|Psychic Seed
|-boost|p2a: Indeedee|spd|1|[from] item: Psychic Seed
|-terastallize|p1a: Calyrex|Water
|move|p1b: Incineroar|Fake Out|p2b: Koraidon
|-activate|p2b: Koraidon|move: Psychic Terrain
|move|p2b: Koraidon|Collision Course|p1a: Calyrex
|-damage|p1a: Calyrex|57/100
|move|p1a: Calyrex|Swords Dance|p1a: Calyrex
|-boost|p1a: Calyrex|atk|2
|
|-weather|SunnyDay|[upkeep]
|upkeep
|turn|2
|
|t:|1750743220
|switch|p1b: Miraidon|Miraidon, L50|100/100
|-fieldstart|move: Electric Terrain|[from] ability: Hadron Engine|[of] p1b: Miraidon
|move|p2a: Indeedee|Helping Hand|p2b: Koraidon
|-singleturn|p2b: Koraidon|Helping Hand|[of] p2a: Indeedee
|move|p1a: Calyrex|Protect|p1a: Calyrex
|-singleturn|p1a: Calyrex|Protect
|move|p2b: Koraidon|Collision Course|p1a: Calyrex
|-activate|p1a: Calyrex|move: Protect
|
|-weather|SunnyDay|[upkeep]
|upkeep
|turn|3
|
|t:|1750743259
|-terastallize|p2b: Koraidon|Fire
|move|p2a: Indeedee|Helping Hand|p2b: Koraidon
|-singleturn|p2b: Koraidon|Helping Hand|[of] p2a: Indeedee
|move|p2b: Koraidon|Dragon Claw|p1b: Miraidon
|-supereffective|p1b: Miraidon
|-damage|p1b: Miraidon|0 fnt
|faint|p1b: Miraidon
|move|p1a: Calyrex|Glacial Lance|p2a: Indeedee|[spread] p2a,p2b
|-resisted|p2b: Koraidon
|-damage|p2a: Indeedee|0 fnt
|-damage|p2b: Koraidon|50/100
|faint|p2a: Indeedee
|-ability|p1a: Calyrex|Chilling Neigh|boost
|-boost|p1a: Calyrex|atk|1
|
|-weather|SunnyDay|[upkeep]
|upkeep
|
|t:|1750743278
|switch|p1b: Sableye|Sableye, L50, F|100/100
|switch|p2a: Garganacl|Garganacl, L50, M|100/100
|turn|4
|
|t:|1750743292
|move|p2b: Koraidon|Protect|p2b: Koraidon
|-singleturn|p2b: Koraidon|Protect
|move|p2a: Garganacl|Protect|p2a: Garganacl
|-singleturn|p2a: Garganacl|Protect
|move|p1b: Sableye|Quash|p2b: Koraidon
|-activate|p2b: Koraidon|move: Protect
|move|p1a: Calyrex|Glacial Lance|p2a: Garganacl|[spread] 
|-activate|p2a: Garganacl|move: Protect
|-activate|p2b: Koraidon|move: Protect
|
|-weather|SunnyDay|[upkeep]
|upkeep
|turn|5
|
|t:|1750743314
|move|p1a: Calyrex|Protect|p1a: Calyrex
|-singleturn|p1a: Calyrex|Protect
|move|p2a: Garganacl|Wide Guard|p2a: Garganacl
|-singleturn|p2a: Garganacl|Wide Guard
|move|p2b: Koraidon|Flare Blitz|p1b: Sableye
|-damage|p1b: Sableye|0 fnt
|faint|p1b: Sableye
|-damage|p2b: Koraidon|26/100|[from] Recoil
|
|-weather|none
|upkeep
|
|t:|1750743323
|switch|p1b: Incineroar|Incineroar, L50, F|100/100
|-ability|p1b: Incineroar|Intimidate|boost
|-unboost|p2a: Garganacl|atk|1
|-fail|p2b: Koraidon|unboost|[from] item: Clear Amulet|[of] p2b: Koraidon
|turn|6
|
|t:|1750743341
|move|p2b: Koraidon|Protect|p2b: Koraidon
|-singleturn|p2b: Koraidon|Protect
|move|p2a: Garganacl|Protect||[still]
|-fail|p2a: Garganacl
|move|p1b: Incineroar|Fake Out|p2b: Koraidon
|-activate|p2b: Koraidon|move: Protect
|move|p1a: Calyrex|High Horsepower|p2a: Garganacl
|-supereffective|p2a: Garganacl
|-damage|p2a: Garganacl|0 fnt
|faint|p2a: Garganacl
|-ability|p1a: Calyrex|Chilling Neigh|boost
|-boost|p1a: Calyrex|atk|1
|
|-fieldend|move: Electric Terrain
|upkeep
|
|t:|1750743349
|switch|p2a: Ogerpon|Ogerpon-Hearthflame, L50, F|100/100
|-ability|p2a: Ogerpon|Mold Breaker
|turn|7
|
|t:|1750743361
|move|p2a: Ogerpon|Follow Me|p2a: Ogerpon
|-singleturn|p2a: Ogerpon|move: Follow Me
|move|p2b: Koraidon|Collision Course|p1b: Incineroar
|-supereffective|p1b: Incineroar
|-damage|p1b: Incineroar|0 fnt
|faint|p1b: Incineroar
|move|p1a: Calyrex|Glacial Lance|p2a: Ogerpon|[spread] p2a,p2b
|-resisted|p2b: Koraidon
|-damage|p2a: Ogerpon|0 fnt
|-damage|p2b: Koraidon|0 fnt
|faint|p2a: Ogerpon
|faint|p2b: Koraidon
|
|win|Pluber
|raw|Pluber's rating: 1168 &rarr; <strong>1192</strong><br />(+24 for winning)
|raw|azefsgrxdchfjv's rating: 1156 &rarr; <strong>1132</strong><br />(-24 for losing)
|l|☆azefsgrxdchfjv
|player|p2|
|c|☆Pluber|gg
|l|☆Pluber
|player|p1|
