|j|☆Greederus
|j|☆Geezerlad45
|t:|1750836395
|gametype|doubles
|player|p1|Greederus|veteran|1349
|player|p2|Geezerlad45|cynthia-gen4|1456
|teamsize|p1|6
|teamsize|p2|6
|gen|9
|tier|[Gen 9] VGC 2025 Reg I
|rated|
|rule|Species Clause: Limit one of each Pokémon
|rule|Item Clause: Limit 1 of each item
|clearpoke
|poke|p1|Lunala, L50|
|poke|p1|Incineroar, L50, M|
|poke|p1|Miraidon, L50|
|poke|p1|Grimmsnarl, L50, M|
|poke|p1|Urshifu-*, L50, M|
|poke|p1|Sinistcha, L50|
|poke|p2|Chien-Pao, L50|
|poke|p2|Urshifu-*, L50, F|
|poke|p2|Tornadus, L50, M|
|poke|p2|Kyogre, L50|
|poke|p2|Zacian-*, L50|
|poke|p2|Rillaboom, L50, F|
|teampreview|4
|inactive|Battle timer is ON: inactive players will automatically lose when time's up. (requested by Geezerlad45)
|inactive|Greederus also wants the timer to be on.
|inactive|Greederus has 60 seconds left.
|
|t:|1750836435
|start
|switch|p1a: Incineroar|Incineroar, L50, M|100/100
|switch|p1b: Lunala|Lunala, L50|100/100
|switch|p2a: Urshifu|Urshifu-Rapid-Strike, L50, F|100/100
|switch|p2b: Kyogre|Kyogre, L50|100/100
|-weather|RainDance|[from] ability: Drizzle|[of] p2b: Kyogre
|-ability|p1a: Incineroar|Intimidate|boost
|-unboost|p2a: Urshifu|atk|1
|-unboost|p2b: Kyogre|atk|1
|turn|1
|inactive|Greederus has 30 seconds left.
|inactive|Greederus has 20 seconds left.
|inactive|Greederus has 15 seconds left.
|
|t:|1750836479
|-terastallize|p2a: Urshifu|Ghost
|move|p1a: Incineroar|Fake Out|p2b: Kyogre
|-damage|p2b: Kyogre|90/100
|move|p2a: Urshifu|Surging Strikes|p1b: Lunala
|-crit|p1b: Lunala
|-damage|p1b: Lunala|87/100
|-crit|p1b: Lunala
|-damage|p1b: Lunala|58/100
|-crit|p1b: Lunala
|-damage|p1b: Lunala|30/100
|-hitcount|p1b: Lunala|3
|cant|p2b: Kyogre|flinch
|move|p1b: Lunala|Calm Mind|p1b: Lunala
|-boost|p1b: Lunala|spa|1
|-boost|p1b: Lunala|spd|1
|
|-weather|RainDance|[upkeep]
|upkeep
|turn|2
|
|t:|1750836497
|switch|p1a: Sinistcha|Sinistcha, L50|100/100
|-heal|p1b: Lunala|55/100|[from] ability: Hospitality|[of] p1a: Sinistcha
|move|p2a: Urshifu|Surging Strikes|p1b: Lunala
|-crit|p1b: Lunala
|-damage|p1b: Lunala|25/100
|-crit|p1b: Lunala
|-damage|p1b: Lunala|0 fnt
|faint|p1b: Lunala
|-hitcount|p1: Lunala|2
|move|p2b: Kyogre|Water Spout|p1a: Sinistcha
|-resisted|p1a: Sinistcha
|-damage|p1a: Sinistcha|30/100
|
|-weather|RainDance|[upkeep]
|-heal|p1a: Sinistcha|36/100|[from] item: Leftovers
|upkeep
|
|t:|1750836507
|switch|p1b: Miraidon|Miraidon, L50|100/100
|-fieldstart|move: Electric Terrain|[from] ability: Hadron Engine|[of] p1b: Miraidon
|turn|3
|inactive|Greederus has 30 seconds left.
|
|t:|1750836536
|move|p1b: Miraidon|Electro Drift|p2b: Kyogre
|-supereffective|p2b: Kyogre
|-damage|p2b: Kyogre|0 fnt
|faint|p2b: Kyogre
|move|p2a: Urshifu|Surging Strikes|p1b: Miraidon
|-resisted|p1b: Miraidon
|-crit|p1b: Miraidon
|-damage|p1b: Miraidon|77/100
|-resisted|p1b: Miraidon
|-crit|p1b: Miraidon
|-damage|p1b: Miraidon|55/100
|-resisted|p1b: Miraidon
|-crit|p1b: Miraidon
|-damage|p1b: Miraidon|32/100
|-hitcount|p1b: Miraidon|3
|move|p1a: Sinistcha|Matcha Gotcha|p2a: Urshifu
|-damage|p2a: Urshifu|56/100
|-heal|p1a: Sinistcha|61/100|[from] drain|[of] p2a: Urshifu
|
|-weather|RainDance|[upkeep]
|-heal|p1a: Sinistcha|67/100|[from] item: Leftovers
|upkeep
|
|t:|1750836555
|switch|p2b: Rillaboom|Rillaboom, L50, F|100/100
|-fieldstart|move: Grassy Terrain|[from] ability: Grassy Surge|[of] p2b: Rillaboom
|turn|4
|
|t:|1750836575
|switch|p1b: Incineroar|Incineroar, L50, M|100/100
|-ability|p1b: Incineroar|Intimidate|boost
|-unboost|p2a: Urshifu|atk|1
|-unboost|p2b: Rillaboom|atk|1
|move|p2b: Rillaboom|Fake Out|p1b: Incineroar
|-damage|p1b: Incineroar|92/100
|move|p1a: Sinistcha|Rage Powder|p1a: Sinistcha
|-singleturn|p1a: Sinistcha|move: Rage Powder
|move|p2a: Urshifu|Surging Strikes|p1a: Sinistcha
|-resisted|p1a: Sinistcha
|-crit|p1a: Sinistcha
|-damage|p1a: Sinistcha|48/100
|-resisted|p1a: Sinistcha
|-crit|p1a: Sinistcha
|-damage|p1a: Sinistcha|28/100
|-resisted|p1a: Sinistcha
|-crit|p1a: Sinistcha
|-damage|p1a: Sinistcha|6/100
|-hitcount|p1a: Sinistcha|3
|
|-weather|RainDance|[upkeep]
|-heal|p2a: Urshifu|62/100|[from] Grassy Terrain
|-heal|p1b: Incineroar|98/100|[from] Grassy Terrain
|-heal|p1a: Sinistcha|12/100|[from] Grassy Terrain
|-heal|p1a: Sinistcha|18/100|[from] item: Leftovers
|upkeep
|turn|5
|inactive|Greederus has 30 seconds left.
|inactive|Greederus has 20 seconds left.
|inactive|Greederus has 15 seconds left.
|inactive|Greederus has 10 seconds left.
|inactive|Greederus has 5 seconds left.
|
|t:|1750836628
|-terastallize|p1b: Incineroar|Bug
|move|p1b: Incineroar|Fake Out|p2b: Rillaboom
|-damage|p2b: Rillaboom|90/100
|move|p2a: Urshifu|Surging Strikes|p1b: Incineroar
|-crit|p1b: Incineroar
|-damage|p1b: Incineroar|67/100
|-crit|p1b: Incineroar
|-damage|p1b: Incineroar|34/100
|-enditem|p1b: Incineroar|Sitrus Berry|[eat]
|-heal|p1b: Incineroar|59/100|[from] item: Sitrus Berry
|-crit|p1b: Incineroar
|-damage|p1b: Incineroar|24/100
|-hitcount|p1b: Incineroar|3
|cant|p2b: Rillaboom|flinch
|move|p1a: Sinistcha|Strength Sap|p2b: Rillaboom
|-unboost|p2b: Rillaboom|atk|1
|-heal|p1a: Sinistcha|88/100
|
|-weather|none
|-heal|p2a: Urshifu|68/100|[from] Grassy Terrain
|-heal|p2b: Rillaboom|96/100|[from] Grassy Terrain
|-heal|p1b: Incineroar|30/100|[from] Grassy Terrain
|-heal|p1a: Sinistcha|94/100|[from] Grassy Terrain
|-heal|p1a: Sinistcha|100/100|[from] item: Leftovers
|upkeep
|turn|6
|inactive|Geezerlad45 has 30 seconds left.
|
|t:|1750836655
|move|p1a: Sinistcha|Rage Powder|p1a: Sinistcha
|-singleturn|p1a: Sinistcha|move: Rage Powder
|move|p2a: Urshifu|Surging Strikes|p1a: Sinistcha
|-resisted|p1a: Sinistcha
|-crit|p1a: Sinistcha
|-damage|p1a: Sinistcha|88/100
|-resisted|p1a: Sinistcha
|-crit|p1a: Sinistcha
|-damage|p1a: Sinistcha|74/100
|-resisted|p1a: Sinistcha
|-crit|p1a: Sinistcha
|-damage|p1a: Sinistcha|61/100
|-hitcount|p1a: Sinistcha|3
|move|p2b: Rillaboom|Knock Off|p1b: Incineroar
|-damage|p1b: Incineroar|21/100
|move|p1b: Incineroar|Knock Off|p2a: Urshifu
|-supereffective|p2a: Urshifu
|-damage|p2a: Urshifu|4/100
|-enditem|p2a: Urshifu|Choice Band|[from] move: Knock Off|[of] p1b: Incineroar
|
|-heal|p2a: Urshifu|10/100|[from] Grassy Terrain
|-heal|p2b: Rillaboom|100/100|[from] Grassy Terrain
|-heal|p1b: Incineroar|27/100|[from] Grassy Terrain
|-heal|p1a: Sinistcha|67/100|[from] Grassy Terrain
|-heal|p1a: Sinistcha|74/100|[from] item: Leftovers
|upkeep
|turn|7
|inactive|Geezerlad45 has 30 seconds left.
|
|t:|1750836687
|move|p1a: Sinistcha|Rage Powder|p1a: Sinistcha
|-singleturn|p1a: Sinistcha|move: Rage Powder
|move|p2a: Urshifu|Surging Strikes|p1a: Sinistcha
|-resisted|p1a: Sinistcha
|-crit|p1a: Sinistcha
|-damage|p1a: Sinistcha|63/100
|-resisted|p1a: Sinistcha
|-crit|p1a: Sinistcha
|-damage|p1a: Sinistcha|54/100
|-resisted|p1a: Sinistcha
|-crit|p1a: Sinistcha
|-damage|p1a: Sinistcha|44/100
|-hitcount|p1a: Sinistcha|3
|move|p2b: Rillaboom|Knock Off|p1b: Incineroar
|-damage|p1b: Incineroar|18/100
|move|p1b: Incineroar|Knock Off|p2a: Urshifu
|-supereffective|p2a: Urshifu
|-damage|p2a: Urshifu|0 fnt
|faint|p2a: Urshifu
|
|-heal|p1b: Incineroar|24/100|[from] Grassy Terrain
|-heal|p1a: Sinistcha|50/100|[from] Grassy Terrain
|-heal|p1a: Sinistcha|57/100|[from] item: Leftovers
|upkeep
|
|t:|1750836706
|switch|p2a: Zacian|Zacian-Crowned, L50|100/100
|-ability|p2a: Zacian|Intrepid Sword|boost
|-boost|p2a: Zacian|atk|1
|turn|8
|
|t:|1750836725
|move|p2a: Zacian|Behemoth Blade|p1a: Sinistcha
|-damage|p1a: Sinistcha|0 fnt
|faint|p1a: Sinistcha
|move|p2b: Rillaboom|Knock Off|p1b: Incineroar
|-damage|p1b: Incineroar|16/100
|move|p1b: Incineroar|Parting Shot|p2a: Zacian
|-unboost|p2a: Zacian|atk|1
|-unboost|p2a: Zacian|spa|1
|
|t:|1750836729
|switch|p1b: Miraidon|Miraidon, L50|32/100|[from] Parting Shot
|-fieldstart|move: Electric Terrain|[from] ability: Hadron Engine|[of] p1b: Miraidon
|
|upkeep
|
|t:|1750836730
|switch|p1a: Incineroar|Incineroar, L50, M, tera:Bug|16/100
|-ability|p1a: Incineroar|Intimidate|boost
|-unboost|p2a: Zacian|atk|1
|-unboost|p2b: Rillaboom|atk|1
|turn|9
|
|t:|1750836751
|move|p2a: Zacian|Protect|p2a: Zacian
|-singleturn|p2a: Zacian|Protect
|move|p1a: Incineroar|Fake Out|p2a: Zacian
|-activate|p2a: Zacian|move: Protect
|move|p1b: Miraidon|Electro Drift|p2b: Rillaboom
|-resisted|p2b: Rillaboom
|-damage|p2b: Rillaboom|66/100
|move|p2b: Rillaboom|Knock Off|p1b: Miraidon
|-damage|p1b: Miraidon|18/100
|-enditem|p1b: Miraidon|Choice Scarf|[from] move: Knock Off|[of] p2b: Rillaboom
|
|upkeep
|turn|10
|
|t:|1750836769
|move|p2a: Zacian|Play Rough|p1b: Miraidon
|-supereffective|p1b: Miraidon
|-damage|p1b: Miraidon|0 fnt
|faint|p1b: Miraidon
|move|p2b: Rillaboom|Knock Off|p1a: Incineroar
|-damage|p1a: Incineroar|8/100
|move|p1a: Incineroar|Flare Blitz|p2a: Zacian
|-supereffective|p2a: Zacian
|-damage|p2a: Zacian|18/100
|-damage|p1a: Incineroar|0 fnt|[from] Recoil
|faint|p1a: Incineroar
|
|win|Geezerlad45
|raw|Greederus's rating: 1349 &rarr; <strong>1335</strong><br />(-14 for losing)
|raw|Geezerlad45's rating: 1456 &rarr; <strong>1470</strong><br />(+14 for winning)
|l|☆Geezerlad45
|player|p2|
|l|☆Greederus
|player|p1|
