|j|☆dst020530
|j|☆GoofyRonald756
|t:|1750752283
|gametype|doubles
|player|p1|dst020530|101|1416
|player|p2|GoofyRonald756|barry|1446
|teamsize|p1|6
|teamsize|p2|6
|gen|9
|tier|[Gen 9] VGC 2025 Reg I
|rated|
|rule|Species Clause: Limit one of each Pokémon
|rule|Item Clause: Limit 1 of each item
|clearpoke
|poke|p1|Miraidon, L50|
|poke|p1|Urshifu-*, L50, M|
|poke|p1|Ho-Oh, L50|
|poke|p1|Sinistcha-Masterpiece, L50|
|poke|p1|Incineroar, L50, M|
|poke|p1|Moltres-Galar, L50|
|poke|p2|Miraidon, L50|
|poke|p2|Lunala, L50|
|poke|p2|Sylveon, L50, F|
|poke|p2|Incineroar, L50, F|
|poke|p2|Iron Hands, L50|
|poke|p2|Urshifu-*, L50, F|
|teampreview|4
|
|t:|1750752312
|start
|switch|p1a: Miraidon|Miraidon, L50|100/100
|switch|p1b: Incineroar|Incineroar, L50, M|100/100
|switch|p2a: Miraidon|Miraidon, L50|100/100
|switch|p2b: Iron Hands|Iron Hands, L50|100/100
|-fieldstart|move: Electric Terrain|[from] ability: Hadron Engine|[of] p1a: Miraidon
|-activate|p2b: Iron Hands|ability: Quark Drive
|-start|p2b: Iron Hands|quarkdriveatk
|-activate|p2a: Miraidon|ability: Hadron Engine
|-ability|p1b: Incineroar|Intimidate|boost
|-unboost|p2a: Miraidon|atk|1
|-unboost|p2b: Iron Hands|atk|1
|turn|1
|
|t:|1750752341
|switch|p2a: Lunala|Lunala, L50|100/100
|-enditem|p2a: Lunala|Electric Seed
|-boost|p2a: Lunala|def|1|[from] item: Electric Seed
|move|p1a: Miraidon|Protect|p1a: Miraidon
|-singleturn|p1a: Miraidon|Protect
|move|p1b: Incineroar|Protect|p1b: Incineroar
|-singleturn|p1b: Incineroar|Protect
|move|p2b: Iron Hands|Fake Out|p1a: Miraidon
|-activate|p1a: Miraidon|move: Protect
|
|upkeep
|turn|2
|
|t:|1750752363
|move|p1a: Miraidon|Volt Switch|p2a: Lunala
|-damage|p2a: Lunala|70/100
|-damage|p1a: Miraidon|91/100|[from] item: Life Orb
|
|t:|1750752371
|switch|p1a: Ho-Oh|Ho-Oh, L50|100/100|[from] Volt Switch
|move|p1b: Incineroar|Knock Off|p2a: Lunala
|-supereffective|p2a: Lunala
|-crit|p2a: Lunala
|-damage|p2a: Lunala|0 fnt
|faint|p2a: Lunala
|move|p2b: Iron Hands|Low Kick|p1b: Incineroar
|-supereffective|p1b: Incineroar
|-damage|p1b: Incineroar|34/100
|-damage|p2b: Iron Hands|84/100|[from] item: Rocky Helmet|[of] p1b: Incineroar
|
|upkeep
|
|t:|1750752376
|switch|p2a: Miraidon|Miraidon, L50|100/100
|-activate|p2a: Miraidon|ability: Hadron Engine
|turn|3
|
|t:|1750752396
|-terastallize|p1a: Ho-Oh|Grass
|move|p1b: Incineroar|Protect|p1b: Incineroar
|-singleturn|p1b: Incineroar|Protect
|move|p2a: Miraidon|Volt Switch|p1b: Incineroar
|-activate|p1b: Incineroar|move: Protect
|move|p1a: Ho-Oh|Sacred Fire|p2b: Iron Hands
|-damage|p2b: Iron Hands|46/100
|move|p2b: Iron Hands|Volt Switch|p1a: Ho-Oh
|-resisted|p1a: Ho-Oh
|-crit|p1a: Ho-Oh
|-damage|p1a: Ho-Oh|92/100
|
|t:|1750752399
|-end|p2b: Iron Hands|Quark Drive|[silent]
|switch|p2b: Sylveon|Sylveon, L50, F, shiny|100/100|[from] Volt Switch
|
|upkeep
|turn|4
|
|t:|1750752417
|move|p2a: Miraidon|Volt Switch|p1b: Incineroar
|-damage|p1b: Incineroar|0 fnt
|faint|p1b: Incineroar
|
|t:|1750752419
|switch|p2a: Iron Hands|Iron Hands, L50|46/100|[from] Volt Switch
|-activate|p2a: Iron Hands|ability: Quark Drive
|-start|p2a: Iron Hands|quarkdriveatk
|move|p1a: Ho-Oh|Tailwind|p1a: Ho-Oh
|-sidestart|p1: dst020530|move: Tailwind
|move|p2b: Sylveon|Hyper Voice|p1a: Ho-Oh
|-damage|p1a: Ho-Oh|53/100
|
|upkeep
|
|t:|1750752432
|switch|p1b: Sinistcha|Sinistcha-Masterpiece, L50|100/100
|-heal|p1a: Ho-Oh|78/100|[from] ability: Hospitality|[of] p1b: Sinistcha
|turn|5
|
|t:|1750752446
|switch|p2b: Miraidon|Miraidon, L50|100/100
|-activate|p2b: Miraidon|ability: Hadron Engine
|move|p1a: Ho-Oh|Protect|p1a: Ho-Oh
|-singleturn|p1a: Ho-Oh|Protect
|move|p1b: Sinistcha|Matcha Gotcha|p2a: Iron Hands|[spread] p2a,p2b
|-resisted|p2b: Miraidon
|-damage|p2a: Iron Hands|35/100
|-damage|p2b: Miraidon|90/100
|move|p2a: Iron Hands|Low Kick|p1a: Ho-Oh
|-activate|p1a: Ho-Oh|move: Protect
|
|-fieldend|move: Electric Terrain
|-end|p2a: Iron Hands|Quark Drive
|upkeep
|turn|6
|
|t:|1750752472
|move|p1a: Ho-Oh|Sacred Fire|p2a: Iron Hands
|-damage|p2a: Iron Hands|3/100
|move|p2b: Miraidon|Draco Meteor|p1b: Sinistcha
|-damage|p1b: Sinistcha|0 fnt
|-unboost|p2b: Miraidon|spa|2
|faint|p1b: Sinistcha
|move|p2a: Iron Hands|Volt Switch|p1a: Ho-Oh
|-resisted|p1a: Ho-Oh
|-damage|p1a: Ho-Oh|74/100
|
|t:|1750752477
|-end|p2a: Iron Hands|Quark Drive|[silent]
|switch|p2a: Sylveon|Sylveon, L50, F, shiny|100/100|[from] Volt Switch
|
|upkeep
|
|t:|1750752486
|switch|p1b: Miraidon|Miraidon, L50|91/100
|-fieldstart|move: Electric Terrain|[from] ability: Hadron Engine|[of] p1b: Miraidon
|turn|7
|
|t:|1750752510
|-terastallize|p2b: Miraidon|Fairy
|move|p1b: Miraidon|Electro Drift|p2a: Sylveon
|-damage|p2a: Sylveon|17/100
|-damage|p1b: Miraidon|82/100|[from] item: Life Orb
|move|p1a: Ho-Oh|Sacred Fire|p2b: Miraidon
|-damage|p2b: Miraidon|35/100
|move|p2b: Miraidon|Draco Meteor|p1b: Miraidon
|-supereffective|p1b: Miraidon
|-damage|p1b: Miraidon|0 fnt
|-unboost|p2b: Miraidon|spa|2
|faint|p1b: Miraidon
|move|p2a: Sylveon|Hyper Voice|p1a: Ho-Oh
|-damage|p1a: Ho-Oh|39/100
|
|-sideend|p1: dst020530|move: Tailwind
|upkeep
|turn|8
|
|t:|1750752530
|switch|p2b: Iron Hands|Iron Hands, L50|3/100
|-activate|p2b: Iron Hands|ability: Quark Drive
|-start|p2b: Iron Hands|quarkdriveatk
|move|p1a: Ho-Oh|Sacred Fire|p2a: Sylveon
|-damage|p2a: Sylveon|0 fnt
|faint|p2a: Sylveon
|
|upkeep
|
|t:|1750752539
|switch|p2a: Miraidon|Miraidon, L50, tera:Fairy|35/100
|-activate|p2a: Miraidon|ability: Hadron Engine
|turn|9
|
|t:|1750752548
|move|p1a: Ho-Oh|Protect|p1a: Ho-Oh
|-singleturn|p1a: Ho-Oh|Protect
|move|p2b: Iron Hands|Fake Out|p1a: Ho-Oh
|-activate|p1a: Ho-Oh|move: Protect
|move|p2a: Miraidon|Electro Drift|p1a: Ho-Oh
|-activate|p1a: Ho-Oh|move: Protect
|
|upkeep
|turn|10
|
|t:|1750752559
|move|p2a: Miraidon|Electro Drift|p1a: Ho-Oh
|-resisted|p1a: Ho-Oh
|-damage|p1a: Ho-Oh|0 fnt
|faint|p1a: Ho-Oh
|
|win|GoofyRonald756
|raw|dst020530's rating: 1416 &rarr; <strong>1398</strong><br />(-18 for losing)
|raw|GoofyRonald756's rating: 1446 &rarr; <strong>1464</strong><br />(+18 for winning)
|l|☆dst020530
|player|p1|
|l|☆GoofyRonald756
|player|p2|
