|j|‽sonicteamrocket
|j|☆grenwog
|t:|1750732103
|gametype|doubles
|player|p1|sonicteamrocket|rocketgrunt|1316
|player|p2|grenwog|2|1233
|teamsize|p1|6
|teamsize|p2|6
|gen|9
|tier|[Gen 9] VGC 2025 Reg I
|rated|
|rule|Species Clause: Limit one of each Pokémon
|rule|Item Clause: Limit 1 of each item
|clearpoke
|poke|p1|Terapagos, L50, M|
|poke|p1|Rillaboom, L50, F|
|poke|p1|Flutter Mane, L50|
|poke|p1|Amoonguss, L50, F|
|poke|p1|Kyogre, L50|
|poke|p1|Incineroar, L50, F|
|poke|p2|Revavroom, L50, M|
|poke|p2|Calyrex-Ice, L50|
|poke|p2|Miraidon, L50|
|poke|p2|Oranguru, L50, M|
|poke|p2|Incineroar, L50, F|
|poke|p2|Whimsicott, L50, F|
|teampreview|4
|inactive|Battle timer is ON: inactive players will automatically lose when time's up. (requested by grenwog)
|inactive|sonicteamrocket has 60 seconds left.
|
|t:|1750732146
|start
|switch|p1a: Flutter Mane|Flutter Mane, L50|100/100
|switch|p1b: Rillaboom|Rillaboom, L50, F|100/100
|switch|p2a: Miraidon|Miraidon, L50|100/100
|switch|p2b: Incineroar|Incineroar, L50, F|100/100
|-fieldstart|move: Electric Terrain|[from] ability: Hadron Engine|[of] p2a: Miraidon
|-fieldstart|move: Grassy Terrain|[from] ability: Grassy Surge|[of] p1b: Rillaboom
|-ability|p2b: Incineroar|Intimidate|boost
|-unboost|p1a: Flutter Mane|atk|1
|-unboost|p1b: Rillaboom|atk|1
|turn|1
|inactive|grenwog has 30 seconds left.
|
|t:|1750732172
|switch|p2a: Revavroom|Revavroom, L50, M|100/100
|move|p1b: Rillaboom|Fake Out|p2b: Incineroar
|-damage|p2b: Incineroar|92/100
|move|p1a: Flutter Mane|Moonblast|p2a: Revavroom
|-resisted|p2a: Revavroom
|-damage|p2a: Revavroom|85/100
|cant|p2b: Incineroar|flinch
|
|-heal|p2a: Revavroom|91/100|[from] Grassy Terrain
|-heal|p2b: Incineroar|98/100|[from] Grassy Terrain
|upkeep
|turn|2
|
|t:|1750732194
|-end|p1a: Flutter Mane|Protosynthesis|[silent]
|switch|p1a: Amoonguss|Amoonguss, L50, F|100/100
|move|p2a: Revavroom|Spin Out|p1a: Amoonguss
|-damage|p1a: Amoonguss|60/100
|-unboost|p2a: Revavroom|spe|2
|-damage|p2a: Revavroom|74/100|[from] item: Rocky Helmet|[of] p1a: Amoonguss
|move|p1b: Rillaboom|U-turn|p2b: Incineroar
|-damage|p2b: Incineroar|83/100
|
|t:|1750732203
|switch|p1b: Terapagos|Terapagos, L50, M|100/100|[from] U-turn
|-activate|p1b: Terapagos|ability: Tera Shift
|detailschange|p1b: Terapagos|Terapagos-Terastal, L50, M
|-heal|p1b: Terapagos|100/100|[silent]
|move|p2b: Incineroar|U-turn|p1b: Terapagos
|-activate|p1b: Terapagos|ability: Tera Shell
|-resisted|p1b: Terapagos
|-damage|p1b: Terapagos|94/100
|
|t:|1750732214
|switch|p2b: Whimsicott|Whimsicott, L50, F|100/100|[from] U-turn
|
|-heal|p1b: Terapagos|99/100|[from] Grassy Terrain
|-heal|p1b: Terapagos|100/100|[from] item: Leftovers
|-heal|p2a: Revavroom|80/100|[from] Grassy Terrain
|-heal|p1a: Amoonguss|66/100|[from] Grassy Terrain
|upkeep
|turn|3
|
|t:|1750732229
|-terastallize|p1b: Terapagos|Stellar
|detailschange|p1b: Terapagos|Terapagos-Stellar, L50, M, tera:Stellar
|-heal|p1b: Terapagos|100/100|[silent]
|-ability|p1b: Terapagos|Teraform Zero
|-fieldend|move: Grassy Terrain
|move|p1a: Amoonguss|Rage Powder|p1a: Amoonguss
|-singleturn|p1a: Amoonguss|move: Rage Powder
|move|p2b: Whimsicott|Moonblast|p1b: Terapagos
|-damage|p1b: Terapagos|76/100
|move|p1b: Terapagos|Calm Mind|p1b: Terapagos
|-boost|p1b: Terapagos|spa|1
|-boost|p1b: Terapagos|spd|1
|move|p2a: Revavroom|Spin Out|p1b: Terapagos
|-damage|p1b: Terapagos|51/100
|-unboost|p2a: Revavroom|spe|2
|
|-heal|p1b: Terapagos|57/100|[from] item: Leftovers
|upkeep
|turn|4
|
|t:|1750732244
|move|p2b: Whimsicott|Encore|p1b: Terapagos
|-start|p1b: Terapagos|Encore
|move|p1b: Terapagos|Calm Mind|p1b: Terapagos
|-boost|p1b: Terapagos|spa|1
|-boost|p1b: Terapagos|spd|1
|move|p1a: Amoonguss|Spore|p2a: Revavroom
|-immune|p2a: Revavroom|[from] ability: Overcoat
|move|p2a: Revavroom|Spin Out|p1b: Terapagos
|-damage|p1b: Terapagos|29/100
|-unboost|p2a: Revavroom|spe|2
|
|-heal|p1b: Terapagos|35/100|[from] item: Leftovers
|upkeep
|turn|5
|
|t:|1750732262
|move|p1a: Amoonguss|Rage Powder|p1a: Amoonguss
|-singleturn|p1a: Amoonguss|move: Rage Powder
|move|p2b: Whimsicott|Moonblast|p1b: Terapagos
|-damage|p1b: Terapagos|22/100
|move|p1b: Terapagos|Calm Mind|p1b: Terapagos
|-boost|p1b: Terapagos|spa|1
|-boost|p1b: Terapagos|spd|1
|move|p2a: Revavroom|Spin Out|p1b: Terapagos
|-damage|p1b: Terapagos|0 fnt
|faint|p1b: Terapagos
|detailschange|p1: Terapagos|Terapagos, L50, M|[silent]
|
|upkeep
|
|t:|1750732265
|switch|p1b: Rillaboom|Rillaboom, L50, F|100/100
|-fieldstart|move: Grassy Terrain|[from] ability: Grassy Surge|[of] p1b: Rillaboom
|turn|6
|
|t:|1750732278
|switch|p2a: Incineroar|Incineroar, L50, F|83/100
|-ability|p2a: Incineroar|Intimidate|boost
|-unboost|p1a: Amoonguss|atk|1
|-unboost|p1b: Rillaboom|atk|1
|move|p1a: Amoonguss|Protect|p1a: Amoonguss
|-singleturn|p1a: Amoonguss|Protect
|move|p2b: Whimsicott|Tailwind|p2b: Whimsicott
|-sidestart|p2: grenwog|move: Tailwind
|move|p1b: Rillaboom|Wood Hammer|p2a: Incineroar
|-resisted|p2a: Incineroar
|-damage|p2a: Incineroar|58/100
|-damage|p1b: Rillaboom|93/100|[from] Recoil
|
|-heal|p2a: Incineroar|64/100|[from] Grassy Terrain
|-heal|p1b: Rillaboom|99/100|[from] Grassy Terrain
|-heal|p1a: Amoonguss|72/100|[from] Grassy Terrain
|upkeep
|turn|7
|-message|sonicteamrocket forfeited.
|
|win|grenwog
|raw|sonicteamrocket's rating: 1316 &rarr; <strong>1291</strong><br />(-25 for losing)
|raw|grenwog's rating: 1233 &rarr; <strong>1264</strong><br />(+31 for winning)
|l|‽sonicteamrocket
|player|p1|
|l|☆grenwog
|player|p2|
