|j|☆idontwearsweaters
|j|☆dominicce
|t:|1750873566
|gametype|doubles
|player|p1|idontwearsweaters|lady-gen4|1065
|player|p2|dominicce|riley|1086
|teamsize|p1|6
|teamsize|p2|6
|gen|9
|tier|[Gen 9] VGC 2025 Reg I
|rated|
|rule|Species Clause: Limit one of each Pokémon
|rule|Item Clause: Limit 1 of each item
|clearpoke
|poke|p1|Lunala, L50|
|poke|p1|Toxtricity, L50, M|
|poke|p1|Stonjourner, L50, M|
|poke|p1|Indeedee-F, L50, F|
|poke|p1|Calyrex-Shadow, L50|
|poke|p1|Rabsca, L50, M|
|poke|p2|Raichu, L50, F|
|poke|p2|Infernape, L50, M|
|poke|p2|Palkia, L50|
|poke|p2|Excadrill, L50, M|
|poke|p2|Rillaboom, L50, M|
|poke|p2|Tyranitar, L50, M|
|teampreview|4
|inactive|Battle timer is ON: inactive players will automatically lose when time's up. (requested by idontwearsweaters)
|
|t:|1750873594
|start
|switch|p1a: INdeed|Indeedee-F, L50, F|100/100
|switch|p1b: Honse|Calyrex-Shadow, L50|100/100
|switch|p2a: Excadrill|Excadrill, L50, M|100/100
|switch|p2b: Tyranitar|Tyranitar, L50, M|100/100
|-ability|p1b: Honse|As One
|-ability|p1b: Honse|Unnerve
|-fieldstart|move: Psychic Terrain|[from] ability: Psychic Surge|[of] p1a: INdeed
|-weather|Sandstorm|[from] ability: Sand Stream|[of] p2b: Tyranitar
|turn|1
|
|t:|1750873618
|-terastallize|p1b: Honse|Fairy
|-terastallize|p2b: Tyranitar|Flying
|move|p1a: INdeed|Follow Me|p1a: INdeed
|-singleturn|p1a: INdeed|move: Follow Me
|move|p2a: Excadrill|Earthquake|p1b: Honse|[spread] p1a,p1b
|-immune|p2b: Tyranitar
|-damage|p1a: INdeed|33/100
|-damage|p1b: Honse|42/100
|-enditem|p1a: INdeed|Eject Button
|
|t:|1750873628
|switch|p1a: Brit|Stonjourner, L50, M, shiny|100/100
|move|p1b: Honse|Draining Kiss|p2b: Tyranitar
|-damage|p2b: Tyranitar|77/100
|-heal|p1b: Honse|62/100|[from] drain|[of] p2b: Tyranitar
|move|p2b: Tyranitar|Knock Off|p1b: Honse
|-resisted|p1b: Honse
|-crit|p1b: Honse
|-damage|p1b: Honse|12/100
|-enditem|p1b: Honse|Colbur Berry|[from] move: Knock Off|[of] p2b: Tyranitar
|
|-weather|Sandstorm|[upkeep]
|-damage|p1b: Honse|7/100|[from] Sandstorm
|-damage|p2b: Tyranitar|72/100|[from] Sandstorm
|upkeep
|turn|2
|inactive|dominicce has 30 seconds left.
|
|t:|1750873656
|move|p1a: Brit|Wide Guard|p1a: Brit
|-singleturn|p1a: Brit|Wide Guard
|move|p2a: Excadrill|Earthquake|p1b: Honse|[spread] 
|-activate|p1a: Brit|move: Wide Guard
|-activate|p1b: Honse|move: Wide Guard
|-immune|p2b: Tyranitar
|move|p1b: Honse|Astral Barrage|p2a: Excadrill|[spread] p2a,p2b
|-damage|p2a: Excadrill|9/100
|-damage|p2b: Tyranitar|28/100
|move|p2b: Tyranitar|Knock Off|p1a: Brit
|-damage|p1a: Brit|54/100
|-enditem|p1a: Brit|Focus Sash|[from] move: Knock Off|[of] p2b: Tyranitar
|
|-weather|Sandstorm|[upkeep]
|-damage|p1b: Honse|1/100|[from] Sandstorm
|-damage|p2b: Tyranitar|22/100|[from] Sandstorm
|upkeep
|turn|3
|
|t:|1750873681
|switch|p2b: Rillaboom|Rillaboom, L50, M|100/100
|-fieldstart|move: Grassy Terrain|[from] ability: Grassy Surge|[of] p2b: Rillaboom
|move|p1a: Brit|Protect|p1a: Brit
|-singleturn|p1a: Brit|Protect
|move|p2a: Excadrill|Earthquake|p1a: Brit|[spread] p2b,p1b
|-activate|p1a: Brit|move: Protect
|-resisted|p2b: Rillaboom
|-crit|p2b: Rillaboom
|-damage|p2b: Rillaboom|82/100
|-damage|p1b: Honse|0 fnt
|faint|p1b: Honse
|
|-weather|Sandstorm|[upkeep]
|-damage|p2b: Rillaboom|76/100|[from] Sandstorm
|-heal|p2a: Excadrill|15/100|[from] Grassy Terrain
|-heal|p2b: Rillaboom|82/100|[from] Grassy Terrain
|-heal|p2b: Rillaboom|88/100|[from] item: Leftovers
|-heal|p1a: Brit|61/100|[from] Grassy Terrain
|upkeep
|
|t:|1750873690
|switch|p1b: Moon|Lunala, L50|100/100
|turn|4
|inactive|dominicce has 30 seconds left.
|
|t:|1750873715
|switch|p2a: Palkia|Palkia, L50|100/100
|-ability|p2a: Palkia|Pressure
|switch|p1a: INdeed|Indeedee-F, L50, F|33/100
|-fieldstart|move: Psychic Terrain|[from] ability: Psychic Surge|[of] p1a: INdeed
|move|p1b: Moon|Tailwind|p1b: Moon
|-sidestart|p1: idontwearsweaters|move: Tailwind
|move|p2b: Rillaboom|Drum Beating|p1a: INdeed
|-damage|p1a: INdeed|0 fnt
|faint|p1a: INdeed
|
|-weather|Sandstorm|[upkeep]
|-damage|p1b: Moon|94/100|[from] Sandstorm
|-damage|p2a: Palkia|94/100|[from] Sandstorm
|-damage|p2b: Rillaboom|82/100|[from] Sandstorm
|-heal|p2b: Rillaboom|88/100|[from] item: Leftovers
|upkeep
|
|t:|1750873732
|switch|p1a: Brit|Stonjourner, L50, M, shiny|61/100
|turn|5
|
|t:|1750873747
|move|p1b: Moon|Meteor Beam||[still]
|-prepare|p1b: Moon|Meteor Beam
|-boost|p1b: Moon|spa|1
|-enditem|p1b: Moon|Power Herb
|-anim|p1b: Moon|Meteor Beam|p2a: Palkia
|-damage|p2a: Palkia|14/100
|move|p1a: Brit|Rock Slide|p2b: Rillaboom|[spread] p2a,p2b
|-damage|p2a: Palkia|0 fnt
|-damage|p2b: Rillaboom|55/100
|faint|p2a: Palkia
|move|p2b: Rillaboom|U-turn|p1a: Brit
|-damage|p1a: Brit|42/100
|
|t:|1750873761
|switch|p2b: Excadrill|Excadrill, L50, M|15/100|[from] U-turn
|
|-weather|none
|upkeep
|
|t:|1750873768
|switch|p2a: Tyranitar|Tyranitar, L50, M, tera:Flying|22/100
|-weather|Sandstorm|[from] ability: Sand Stream|[of] p2a: Tyranitar
|turn|6
|
|t:|1750873781
|move|p2b: Excadrill|X-Scissor|p1b: Moon
|-damage|p1b: Moon|67/100
|move|p1b: Moon|Moongeist Beam|p2a: Tyranitar
|-damage|p2a: Tyranitar|0 fnt
|faint|p2a: Tyranitar
|move|p1a: Brit|Heavy Slam|p2b: Excadrill
|-resisted|p2b: Excadrill
|-crit|p2b: Excadrill
|-damage|p2b: Excadrill|0 fnt
|faint|p2b: Excadrill
|
|-weather|Sandstorm|[upkeep]
|-damage|p1b: Moon|61/100|[from] Sandstorm
|upkeep
|inactive|dominicce has 30 seconds left.
|inactive|dominicce has 20 seconds left.
|inactive|dominicce has 15 seconds left.
|inactive|dominicce has 10 seconds left.
|inactive|dominicce has 5 seconds left.
|
|t:|1750873836
|switch|p2a: Rillaboom|Rillaboom, L50, M|55/100
|-fieldstart|move: Grassy Terrain|[from] ability: Grassy Surge|[of] p2a: Rillaboom
|turn|7
|inactive|dominicce has 30 seconds left.
|inactive|dominicce has 20 seconds left.
|c|☆idontwearsweaters|really?
|inactive|dominicce has 15 seconds left.
|inactive|dominicce has 10 seconds left.
|inactive|dominicce has 5 seconds left.
|
|t:|1750873891
|move|p2a: Rillaboom|Fake Out|p1b: Moon
|-immune|p1b: Moon
|move|p1b: Moon|Moongeist Beam|p2a: Rillaboom
|-damage|p2a: Rillaboom|0 fnt
|faint|p2a: Rillaboom
|
|win|idontwearsweaters
|raw|idontwearsweaters's rating: 1065 &rarr; <strong>1097</strong><br />(+32 for winning)
|raw|dominicce's rating: 1086 &rarr; <strong>1062</strong><br />(-24 for losing)
