|j|☆Lopezabn
|j|☆Sylverfsh
|t:|1750796723
|gametype|doubles
|player|p1|Lopezabn|101|1116
|player|p2|Sylverfsh|169|1191
|teamsize|p1|6
|teamsize|p2|6
|gen|9
|tier|[Gen 9] VGC 2025 Reg I
|rated|
|rule|Species Clause: Limit one of each Pokémon
|rule|Item Clause: Limit 1 of each item
|clearpoke
|poke|p1|Incineroar, L50, M|
|poke|p1|Scream Tail, L50|
|poke|p1|Koraidon, L50|
|poke|p1|Flutter Mane, L50|
|poke|p1|Gothitelle, L50, M|
|poke|p1|Meganium, L50, F|
|poke|p2|Calyrex-Shadow, L50|
|poke|p2|Koraidon, L50|
|poke|p2|Chi-Yu, L50|
|poke|p2|Whimsicott, L50, F|
|poke|p2|Incineroar, L50, F|
|poke|p2|Amoonguss, L50, M|
|teampreview|4
|inactive|Battle timer is ON: inactive players will automatically lose when time's up. (requested by Sylverfsh)
|inactive|Sylverfsh has 60 seconds left.
|
|t:|1750796771
|start
|switch|p1a: Incineroar|Incineroar, L50, M|100/100
|switch|p1b: Flutter Mane|Flutter Mane, L50|100/100
|switch|p2a: Incineroar|Incineroar, L50, F, shiny|100/100
|switch|p2b: Calyrex|Calyrex-Shadow, L50|100/100
|-ability|p2b: Calyrex|As One
|-ability|p2b: Calyrex|Unnerve
|-ability|p2a: Incineroar|Intimidate|boost
|-unboost|p1a: Incineroar|atk|1
|-unboost|p1b: Flutter Mane|atk|1
|-ability|p1a: Incineroar|Intimidate|boost
|-unboost|p2a: Incineroar|atk|1
|-unboost|p2b: Calyrex|atk|1
|turn|1
|
|t:|1750796796
|move|p2a: Incineroar|Fake Out|p1a: Incineroar
|-damage|p1a: Incineroar|94/100
|cant|p1a: Incineroar|flinch
|move|p2b: Calyrex|Astral Barrage|p1b: Flutter Mane|[spread] p1a,p1b
|-resisted|p1a: Incineroar
|-supereffective|p1b: Flutter Mane
|-damage|p1a: Incineroar|69/100
|-enditem|p1b: Flutter Mane|Focus Sash
|-damage|p1b: Flutter Mane|1/100
|move|p1b: Flutter Mane|Shadow Ball|p2b: Calyrex
|-supereffective|p2b: Calyrex
|-enditem|p2b: Calyrex|Focus Sash
|-damage|p2b: Calyrex|1/100
|
|upkeep
|turn|2
|inactive|Sylverfsh has 30 seconds left.
|
|t:|1750796824
|-terastallize|p1b: Flutter Mane|Normal
|move|p2b: Calyrex|Protect|p2b: Calyrex
|-singleturn|p2b: Calyrex|Protect
|move|p1a: Incineroar|Protect|p1a: Incineroar
|-singleturn|p1a: Incineroar|Protect
|move|p1b: Flutter Mane|Shadow Ball|p2b: Calyrex
|-activate|p2b: Calyrex|move: Protect
|move|p2a: Incineroar|Knock Off|p1b: Flutter Mane
|-damage|p1b: Flutter Mane|0 fnt
|faint|p1b: Flutter Mane
|-end|p1b: Flutter Mane|Protosynthesis|[silent]
|
|upkeep
|
|t:|1750796832
|switch|p1b: Koraidon|Koraidon, L50|100/100
|-weather|SunnyDay|[from] ability: Orichalcum Pulse|[of] p1b: Koraidon
|-activate|p1b: Koraidon|Orichalcum Pulse|[source]
|turn|3
|
|t:|1750796857
|-terastallize|p2b: Calyrex|Fairy
|move|p1b: Koraidon|Protect|p1b: Koraidon
|-singleturn|p1b: Koraidon|Protect
|move|p2b: Calyrex|Draining Kiss|p1b: Koraidon
|-activate|p1b: Koraidon|move: Protect
|move|p2a: Incineroar|Knock Off|p1b: Koraidon
|-activate|p1b: Koraidon|move: Protect
|move|p1a: Incineroar|Flare Blitz|p2b: Calyrex
|-damage|p2b: Calyrex|0 fnt
|faint|p2b: Calyrex
|-damage|p1a: Incineroar|68/100|[from] Recoil
|
|-weather|SunnyDay|[upkeep]
|upkeep
|
|t:|1750796868
|switch|p2b: Amoonguss|Amoonguss, L50, M|100/100
|turn|4
|
|t:|1750796885
|move|p1a: Incineroar|Protect|p1a: Incineroar
|-singleturn|p1a: Incineroar|Protect
|move|p2b: Amoonguss|Protect|p2b: Amoonguss
|-singleturn|p2b: Amoonguss|Protect
|move|p1b: Koraidon|Flame Charge|p2b: Amoonguss
|-activate|p2b: Amoonguss|move: Protect
|move|p2a: Incineroar|Knock Off|p1b: Koraidon
|-resisted|p1b: Koraidon
|-damage|p1b: Koraidon|88/100
|-enditem|p1b: Koraidon|Life Orb|[from] move: Knock Off|[of] p2a: Incineroar
|
|-weather|SunnyDay|[upkeep]
|upkeep
|turn|5
|
|t:|1750796902
|switch|p1a: Meganium|Meganium, L50, F|100/100
|switch|p2b: Chi-Yu|Chi-Yu, L50|100/100
|-ability|p2b: Chi-Yu|Beads of Ruin
|move|p1b: Koraidon|Flame Charge|p2b: Chi-Yu
|-resisted|p2b: Chi-Yu
|-damage|p2b: Chi-Yu|79/100
|-boost|p1b: Koraidon|spe|1
|move|p2a: Incineroar|Parting Shot|p1b: Koraidon
|-unboost|p1b: Koraidon|atk|1
|-unboost|p1b: Koraidon|spa|1
|
|t:|1750796916
|switch|p2a: Amoonguss|Amoonguss, L50, M|100/100|[from] Parting Shot
|
|-weather|SunnyDay|[upkeep]
|upkeep
|turn|6
|
|t:|1750796941
|switch|p2b: Incineroar|Incineroar, L50, F, shiny|100/100
|-ability|p2b: Incineroar|Intimidate|boost
|-unboost|p1a: Meganium|atk|1
|-unboost|p1b: Koraidon|atk|1
|switch|p1a: Incineroar|Incineroar, L50, M|68/100
|-ability|p1a: Incineroar|Intimidate|boost
|-unboost|p2a: Amoonguss|atk|1
|-unboost|p2b: Incineroar|atk|1
|move|p1b: Koraidon|Close Combat|p2b: Incineroar
|-supereffective|p2b: Incineroar
|-damage|p2b: Incineroar|14/100
|-unboost|p1b: Koraidon|def|1
|-unboost|p1b: Koraidon|spd|1
|-enditem|p2b: Incineroar|Sitrus Berry|[eat]
|-heal|p2b: Incineroar|39/100|[from] item: Sitrus Berry
|move|p2a: Amoonguss|Sludge Bomb|p1a: Incineroar
|-damage|p1a: Incineroar|45/100
|
|-weather|SunnyDay|[upkeep]
|upkeep
|turn|7
|
|t:|1750796964
|switch|p1b: Meganium|Meganium, L50, F|100/100
|move|p2b: Incineroar|Fake Out|p1b: Meganium
|-damage|p1b: Meganium|94/100
|move|p2a: Amoonguss|Rage Powder|p2a: Amoonguss
|-singleturn|p2a: Amoonguss|move: Rage Powder
|move|p1a: Incineroar|Flare Blitz|p2b: Incineroar
|-resisted|p2b: Incineroar
|-crit|p2b: Incineroar
|-damage|p2b: Incineroar|0 fnt
|faint|p2b: Incineroar
|-damage|p1a: Incineroar|32/100|[from] Recoil
|
|-weather|none
|upkeep
|
|t:|1750796973
|switch|p2b: Chi-Yu|Chi-Yu, L50|79/100
|-ability|p2b: Chi-Yu|Beads of Ruin
|turn|8
|
|t:|1750796990
|switch|p1b: Koraidon|Koraidon, L50|88/100
|-weather|SunnyDay|[from] ability: Orichalcum Pulse|[of] p1b: Koraidon
|-activate|p1b: Koraidon|Orichalcum Pulse|[source]
|move|p2b: Chi-Yu|Psychic|p1b: Koraidon
|-supereffective|p1b: Koraidon
|-damage|p1b: Koraidon|0 fnt
|faint|p1b: Koraidon
|move|p1a: Incineroar|Parting Shot|p2b: Chi-Yu
|-unboost|p2b: Chi-Yu|atk|1
|-unboost|p2b: Chi-Yu|spa|1
|
|t:|1750797001
|switch|p1a: Meganium|Meganium, L50, F|94/100|[from] Parting Shot
|move|p2a: Amoonguss|Spore|p1a: Meganium
|-immune|p1a: Meganium
|
|-weather|SunnyDay|[upkeep]
|upkeep
|
|t:|1750797010
|switch|p1b: Incineroar|Incineroar, L50, M|32/100
|-ability|p1b: Incineroar|Intimidate|boost
|-unboost|p2a: Amoonguss|atk|1
|-unboost|p2b: Chi-Yu|atk|1
|turn|9
|
|t:|1750797024
|move|p1b: Incineroar|Protect|p1b: Incineroar
|-singleturn|p1b: Incineroar|Protect
|move|p2b: Chi-Yu|Psychic|p1a: Meganium
|-damage|p1a: Meganium|68/100
|move|p1a: Meganium|Light Screen|p1a: Meganium
|-sidestart|p1: Lopezabn|move: Light Screen
|move|p2a: Amoonguss|Sludge Bomb|p1a: Meganium
|-supereffective|p1a: Meganium
|-damage|p1a: Meganium|27/100
|
|-weather|SunnyDay|[upkeep]
|upkeep
|turn|10
|
|t:|1750797043
|move|p1a: Meganium|Protect|p1a: Meganium
|-singleturn|p1a: Meganium|Protect
|move|p2b: Chi-Yu|Psychic|p1a: Meganium
|-activate|p1a: Meganium|move: Protect
|move|p1b: Incineroar|Flare Blitz|p2a: Amoonguss
|-supereffective|p2a: Amoonguss
|-damage|p2a: Amoonguss|0 fnt
|faint|p2a: Amoonguss
|-damage|p1b: Incineroar|0 fnt|[from] Recoil
|faint|p1b: Incineroar
|
|-weather|SunnyDay|[upkeep]
|upkeep
|turn|11
|
|t:|1750797053
|move|p2b: Chi-Yu|Psychic|p1a: Meganium
|-damage|p1a: Meganium|7/100
|move|p1a: Meganium|Leech Seed|p2b: Chi-Yu
|-start|p2b: Chi-Yu|move: Leech Seed
|
|-weather|SunnyDay|[upkeep]
|-damage|p2b: Chi-Yu|66/100|[from] Leech Seed|[of] p1a: Meganium
|-heal|p1a: Meganium|17/100|[silent]
|upkeep
|turn|12
|
|t:|1750797062
|move|p1a: Meganium|Protect|p1a: Meganium
|-singleturn|p1a: Meganium|Protect
|move|p2b: Chi-Yu|Psychic|p1a: Meganium
|-activate|p1a: Meganium|move: Protect
|
|-weather|none
|-damage|p2b: Chi-Yu|54/100|[from] Leech Seed|[of] p1a: Meganium
|-heal|p1a: Meganium|27/100|[silent]
|upkeep
|turn|13
|
|t:|1750797071
|move|p1a: Meganium|Protect||[still]
|-fail|p1a: Meganium
|move|p2b: Chi-Yu|Psychic|p1a: Meganium
|-damage|p1a: Meganium|11/100
|
|-damage|p2b: Chi-Yu|42/100|[from] Leech Seed|[of] p1a: Meganium
|-heal|p1a: Meganium|21/100|[silent]
|upkeep
|turn|14
|
|t:|1750797079
|move|p1a: Meganium|Protect|p1a: Meganium
|-singleturn|p1a: Meganium|Protect
|move|p2b: Chi-Yu|Psychic|p1a: Meganium
|-activate|p1a: Meganium|move: Protect
|
|-damage|p2b: Chi-Yu|30/100|[from] Leech Seed|[of] p1a: Meganium
|-heal|p1a: Meganium|31/100|[silent]
|upkeep
|turn|15
|
|t:|1750797088
|move|p1a: Meganium|Protect||[still]
|-fail|p1a: Meganium
|move|p2b: Chi-Yu|Psychic|p1a: Meganium
|-damage|p1a: Meganium|12/100
|
|-damage|p2b: Chi-Yu|18/100|[from] Leech Seed|[of] p1a: Meganium
|-heal|p1a: Meganium|23/100|[silent]
|upkeep
|turn|16
|
|t:|1750797098
|move|p1a: Meganium|Protect|p1a: Meganium
|-singleturn|p1a: Meganium|Protect
|move|p2b: Chi-Yu|Psychic|p1a: Meganium
|-activate|p1a: Meganium|move: Protect
|
|-damage|p2b: Chi-Yu|5/100|[from] Leech Seed|[of] p1a: Meganium
|-heal|p1a: Meganium|33/100|[silent]
|-sideend|p1: Lopezabn|move: Light Screen
|upkeep
|turn|17
|
|t:|1750797107
|move|p1a: Meganium|Protect||[still]
|-fail|p1a: Meganium
|move|p2b: Chi-Yu|Psychic|p1a: Meganium
|-damage|p1a: Meganium|6/100
|
|-damage|p2b: Chi-Yu|0 fnt|[from] Leech Seed|[of] p1a: Meganium
|-heal|p1a: Meganium|10/100|[silent]
|faint|p2b: Chi-Yu
|
|win|Lopezabn
|raw|Lopezabn's rating: 1116 &rarr; <strong>1146</strong><br />(+30 for winning)
|raw|Sylverfsh's rating: 1191 &rarr; <strong>1161</strong><br />(-30 for losing)
|l|☆Lopezabn
|player|p1|
|l|☆Sylverfsh
|player|p2|
