|j|☆beast4.01
|j|☆Jordan88
|t:|1750749923
|gametype|doubles
|player|p1|beast4.01|265|1096
|player|p2|Jordan88|dancer|1171
|teamsize|p1|4
|teamsize|p2|6
|gen|9
|tier|[Gen 9] VGC 2025 Reg I
|rated|
|rule|Species Clause: Limit one of each Pokémon
|rule|Item Clause: Limit 1 of each item
|clearpoke
|poke|p1|Zamazenta-*, L50|
|poke|p1|Incineroar, L50, M|
|poke|p1|Gholdengo, L50|
|poke|p1|Chien-Pao, L50|
|poke|p2|Dragapult, L50, F|
|poke|p2|Kyurem-White, L50|
|poke|p2|Groudon, L50|
|poke|p2|Grimmsnarl, L50, M|
|poke|p2|Moltres-Galar, L50|
|poke|p2|Whimsicott, L50, F|
|teampreview|4
|inactive|Battle timer is ON: inactive players will automatically lose when time's up. (requested by Jordan88)
|inactive|beast4.01 also wants the timer to be on.
|
|t:|1750749950
|start
|switch|p1a: Zamazenta|Zamazenta-Crowned, L50, shiny|100/100
|switch|p1b: Gholdengo|Gholdengo, L50|100/100
|switch|p2a: Dragapult|Dragapult, L50, F|100/100
|switch|p2b: Whimsicott|Whimsicott, L50, F|100/100
|-ability|p1a: Zamazenta|Dauntless Shield|boost
|-boost|p1a: Zamazenta|def|1
|turn|1
|
|t:|1750749964
|move|p2b: Whimsicott|Tailwind|p2b: Whimsicott
|-sidestart|p2: Jordan88|move: Tailwind
|move|p2a: Dragapult|Will-O-Wisp|p1a: Zamazenta
|-status|p1a: Zamazenta|brn
|move|p1a: Zamazenta|Iron Defense|p1a: Zamazenta
|-boost|p1a: Zamazenta|def|2
|move|p1b: Gholdengo|Nasty Plot|p1b: Gholdengo
|-boost|p1b: Gholdengo|spa|2
|
|-damage|p1a: Zamazenta|94/100 brn|[from] brn
|upkeep
|turn|2
|
|t:|1750749986
|move|p2b: Whimsicott|Encore|p1b: Gholdengo
|-immune|p1b: Gholdengo|[from] ability: Good as Gold
|move|p2a: Dragapult|Hex|p1a: Zamazenta
|-damage|p1a: Zamazenta|62/100 brn
|move|p1a: Zamazenta|Iron Defense|p1a: Zamazenta
|-boost|p1a: Zamazenta|def|2
|move|p1b: Gholdengo|Nasty Plot|p1b: Gholdengo
|-boost|p1b: Gholdengo|spa|2
|
|-damage|p1a: Zamazenta|56/100 brn|[from] brn
|upkeep
|turn|3
|inactive|beast4.01 has 30 seconds left.
|inactive|beast4.01 has 20 seconds left.
|
|t:|1750750024
|move|p2b: Whimsicott|Encore|p1a: Zamazenta
|-start|p1a: Zamazenta|Encore
|move|p2a: Dragapult|Thunder Wave|p1b: Gholdengo
|-immune|p1b: Gholdengo|[from] ability: Good as Gold
|move|p1a: Zamazenta|Iron Defense|p1a: Zamazenta
|-boost|p1a: Zamazenta|def|1
|move|p1b: Gholdengo|Dazzling Gleam|p2b: Whimsicott|[spread] p2a,p2b
|-supereffective|p2a: Dragapult
|-enditem|p2a: Dragapult|Focus Sash
|-damage|p2a: Dragapult|1/100
|-damage|p2b: Whimsicott|27/100
|-damage|p1b: Gholdengo|91/100|[from] item: Life Orb
|
|-damage|p1a: Zamazenta|50/100 brn|[from] brn
|upkeep
|turn|4
|inactive|Jordan88 has 30 seconds left.
|
|t:|1750750058
|move|p2a: Dragapult|Hex|p1a: Zamazenta
|-damage|p1a: Zamazenta|22/100 brn
|move|p2b: Whimsicott|Moonblast|p1b: Gholdengo
|-resisted|p1b: Gholdengo
|-damage|p1b: Gholdengo|74/100
|move|p1a: Zamazenta|Iron Defense|p1a: Zamazenta
|-boost|p1a: Zamazenta|def|0
|move|p1b: Gholdengo|Dazzling Gleam|p2a: Dragapult|[spread] p2a,p2b
|-supereffective|p2a: Dragapult
|-damage|p2a: Dragapult|0 fnt
|-damage|p2b: Whimsicott|0 fnt
|faint|p2a: Dragapult
|faint|p2b: Whimsicott
|-damage|p1b: Gholdengo|64/100|[from] item: Life Orb
|
|-damage|p1a: Zamazenta|16/100 brn|[from] brn
|-sideend|p2: Jordan88|move: Tailwind
|upkeep
|
|t:|1750750077
|switch|p2a: Groudon|Groudon, L50|100/100
|switch|p2b: Kyurem|Kyurem-White, L50|100/100
|-ability|p2b: Kyurem|Turboblaze
|-weather|SunnyDay|[from] ability: Drought|[of] p2a: Groudon
|turn|5
|
|t:|1750750098
|-terastallize|p2b: Kyurem|Fire
|move|p1a: Zamazenta|Iron Defense|p1a: Zamazenta
|-boost|p1a: Zamazenta|def|0
|move|p2b: Kyurem|Fusion Flare|p1b: Gholdengo
|-supereffective|p1b: Gholdengo
|-damage|p1b: Gholdengo|0 fnt
|faint|p1b: Gholdengo
|move|p2a: Groudon|Precipice Blades|p1a: Zamazenta
|-supereffective|p1a: Zamazenta
|-crit|p1a: Zamazenta
|-damage|p1a: Zamazenta|0 fnt
|faint|p1a: Zamazenta
|
|-weather|SunnyDay|[upkeep]
|upkeep
|
|t:|1750750109
|switch|p1a: Incineroar|Incineroar, L50, M, shiny|100/100
|switch|p1b: Chien-Pao|Chien-Pao, L50|100/100
|-ability|p1b: Chien-Pao|Sword of Ruin
|-ability|p1a: Incineroar|Intimidate|boost
|-fail|p2a: Groudon|unboost|[from] item: Clear Amulet|[of] p2a: Groudon
|-unboost|p2b: Kyurem|atk|1
|turn|6
|inactive|beast4.01 has 30 seconds left.
|
|t:|1750750136
|move|p2b: Kyurem|Protect|p2b: Kyurem
|-singleturn|p2b: Kyurem|Protect
|move|p2a: Groudon|Protect|p2a: Groudon
|-singleturn|p2a: Groudon|Protect
|move|p1a: Incineroar|Fake Out|p2a: Groudon
|-activate|p2a: Groudon|move: Protect
|move|p1b: Chien-Pao|Icicle Crash|p2a: Groudon
|-activate|p2a: Groudon|move: Protect
|
|-weather|SunnyDay|[upkeep]
|upkeep
|turn|7
|inactive|beast4.01 has 30 seconds left.
|
|t:|1750750162
|move|p2a: Groudon|Protect||[still]
|-fail|p2a: Groudon
|move|p1b: Chien-Pao|Icicle Crash|p2a: Groudon
|-supereffective|p2a: Groudon
|-crit|p2a: Groudon
|-damage|p2a: Groudon|0 fnt
|faint|p2a: Groudon
|move|p2b: Kyurem|Fusion Flare|p1b: Chien-Pao
|-supereffective|p1b: Chien-Pao
|-damage|p1b: Chien-Pao|0 fnt
|faint|p1b: Chien-Pao
|move|p1a: Incineroar|Knock Off|p2b: Kyurem
|-damage|p2b: Kyurem|53/100
|-enditem|p2b: Kyurem|Salac Berry|[from] move: Knock Off|[of] p1a: Incineroar
|
|-weather|SunnyDay|[upkeep]
|upkeep
|turn|8
|inactive|beast4.01 has 30 seconds left.
|inactive|beast4.01 has 20 seconds left.
|
|t:|1750750199
|move|p2b: Kyurem|Draco Meteor|p1a: Incineroar
|-damage|p1a: Incineroar|25/100
|-unboost|p2b: Kyurem|spa|2
|move|p1a: Incineroar|Double-Edge|p2b: Kyurem
|-damage|p2b: Kyurem|15/100
|-damage|p1a: Incineroar|12/100|[from] Recoil
|
|-weather|SunnyDay|[upkeep]
|upkeep
|turn|9
|
|t:|1750750215
|-terastallize|p1a: Incineroar|Fire
|move|p2b: Kyurem|Draco Meteor|p1a: Incineroar
|-damage|p1a: Incineroar|0 fnt
|-unboost|p2b: Kyurem|spa|2
|faint|p1a: Incineroar
|
|win|Jordan88
|raw|beast4.01's rating: 1096 &rarr; <strong>1077</strong><br />(-19 for losing)
|raw|Jordan88's rating: 1171 &rarr; <strong>1191</strong><br />(+20 for winning)
|l|☆beast4.01
|player|p1|
|l|☆Jordan88
|player|p2|
