|j|☆Dlotr
|j|☆Beapboop
|t:|1750800650
|gametype|doubles
|player|p1|Dlotr|nate|1276
|player|p2|Beapboop|2|1325
|teamsize|p1|6
|teamsize|p2|6
|gen|9
|tier|[Gen 9] VGC 2025 Reg I
|rated|
|rule|Species Clause: Limit one of each Pokémon
|rule|Item Clause: Limit 1 of each item
|clearpoke
|poke|p1|Calyrex-Shadow, L50|
|poke|p1|Indeedee-F, L50, F|
|poke|p1|Zamazenta-*, L50|
|poke|p1|Incineroar, L50, M|
|poke|p1|Pachirisu, L50, M|
|poke|p1|Ursaluna-Bloodmoon, L50, M|
|poke|p2|Calyrex-Shadow, L50|
|poke|p2|Zamazenta-*, L50|
|poke|p2|Incineroar, L50, M|
|poke|p2|Rillaboom, L50, M|
|poke|p2|Smeargle, L50, M|
|poke|p2|Urshifu-*, L50, M|
|teampreview|4
|inactive|Battle timer is ON: inactive players will automatically lose when time's up. (requested by Beapboop)
|
|t:|1750800676
|start
|switch|p1a: Ursaluna|Ursaluna-Bloodmoon, L50, M|100/100
|switch|p1b: Pachirisu|Pachirisu, L50, M|100/100
|switch|p2a: Incineroar|Incineroar, L50, M|100/100
|switch|p2b: Urshifu|Urshifu-Rapid-Strike, L50, M|100/100
|-ability|p2a: Incineroar|Intimidate|boost
|-unboost|p1a: Ursaluna|atk|1
|-unboost|p1b: Pachirisu|atk|1
|turn|1
|
|t:|1750800695
|-terastallize|p1a: Ursaluna|Ghost
|move|p2a: Incineroar|Fake Out|p1b: Pachirisu
|-damage|p1b: Pachirisu|83/100
|cant|p1b: Pachirisu|flinch
|move|p2b: Urshifu|Surging Strikes|p1a: Ursaluna
|-crit|p1a: Ursaluna
|-damage|p1a: Ursaluna|80/100
|-crit|p1a: Ursaluna
|-damage|p1a: Ursaluna|60/100
|-crit|p1a: Ursaluna
|-damage|p1a: Ursaluna|41/100
|-hitcount|p1a: Ursaluna|3
|move|p1a: Ursaluna|Moonblast|p2b: Urshifu
|-supereffective|p2b: Urshifu
|-damage|p2b: Urshifu|0 fnt
|faint|p2b: Urshifu
|
|upkeep
|
|t:|1750800710
|switch|p2b: Calyrex|Calyrex-Shadow, L50|100/100
|-ability|p2b: Calyrex|As One
|-ability|p2b: Calyrex|Unnerve
|turn|2
|
|t:|1750800727
|switch|p1a: Wolfey's child|Incineroar, L50, M|100/100
|-ability|p1a: Wolfey's child|Intimidate|boost
|-unboost|p2a: Incineroar|atk|1
|-unboost|p2b: Calyrex|atk|1
|-terastallize|p2b: Calyrex|Ghost
|move|p2b: Calyrex|Astral Barrage|p1b: Pachirisu|[spread] p1a,p1b
|-resisted|p1a: Wolfey's child
|-damage|p1a: Wolfey's child|60/100
|-damage|p1b: Pachirisu|0 fnt
|faint|p1b: Pachirisu
|-ability|p2b: Calyrex|Grim Neigh|boost
|-boost|p2b: Calyrex|spa|1
|-damage|p2b: Calyrex|91/100|[from] item: Life Orb
|move|p2a: Incineroar|Knock Off|p1a: Wolfey's child
|-resisted|p1a: Wolfey's child
|-damage|p1a: Wolfey's child|50/100
|-enditem|p1a: Wolfey's child|Sitrus Berry|[from] move: Knock Off|[of] p2a: Incineroar
|
|upkeep
|
|t:|1750800731
|switch|p1b: Angry dogo|Zamazenta-Crowned, L50|100/100
|-ability|p1b: Angry dogo|Dauntless Shield|boost
|-boost|p1b: Angry dogo|def|1
|turn|3
|
|t:|1750800751
|move|p2b: Calyrex|Protect|p2b: Calyrex
|-singleturn|p2b: Calyrex|Protect
|move|p2a: Incineroar|Protect|p2a: Incineroar
|-singleturn|p2a: Incineroar|Protect
|move|p1b: Angry dogo|Wide Guard|p1b: Angry dogo
|-singleturn|p1b: Angry dogo|Wide Guard
|move|p1a: Wolfey's child|Knock Off|p2b: Calyrex
|-activate|p2b: Calyrex|move: Protect
|
|upkeep
|turn|4
|inactive|Beapboop has 30 seconds left.
|
|t:|1750800777
|switch|p2b: Zamazenta|Zamazenta-Crowned, L50, shiny|100/100
|-ability|p2b: Zamazenta|Dauntless Shield|boost
|-boost|p2b: Zamazenta|def|1
|move|p1b: Angry dogo|Protect||[still]
|-fail|p1b: Angry dogo
|move|p2a: Incineroar|Parting Shot|p1a: Wolfey's child
|-unboost|p1a: Wolfey's child|atk|1
|-unboost|p1a: Wolfey's child|spa|1
|
|t:|1750800785
|switch|p2a: Calyrex|Calyrex-Shadow, L50, tera:Ghost|91/100|[from] Parting Shot
|-ability|p2a: Calyrex|As One
|-ability|p2a: Calyrex|Unnerve
|move|p1a: Wolfey's child|Knock Off|p2b: Zamazenta
|-resisted|p2b: Zamazenta
|-damage|p2b: Zamazenta|97/100
|
|upkeep
|turn|5
|
|t:|1750800801
|move|p2a: Calyrex|Protect|p2a: Calyrex
|-singleturn|p2a: Calyrex|Protect
|move|p1b: Angry dogo|Wide Guard|p1b: Angry dogo
|-singleturn|p1b: Angry dogo|Wide Guard
|move|p2b: Zamazenta|Body Press|p1a: Wolfey's child
|-supereffective|p1a: Wolfey's child
|-damage|p1a: Wolfey's child|0 fnt
|faint|p1a: Wolfey's child
|
|upkeep
|
|t:|1750800804
|switch|p1a: Ursaluna|Ursaluna-Bloodmoon, L50, M, tera:Ghost|41/100
|turn|6
|-message|Dlotr forfeited.
|
|win|Beapboop
|raw|Dlotr's rating: 1276 &rarr; <strong>1255</strong><br />(-21 for losing)
|raw|Beapboop's rating: 1325 &rarr; <strong>1342</strong><br />(+17 for winning)
|l|☆Dlotr
|player|p1|
|l|☆Beapboop
|player|p2|
