|j|☆mpds44
|j|☆syunx2
|t:|1750844336
|gametype|doubles
|player|p1|mpds44|170|1259
|player|p2|syunx2|marley|1281
|teamsize|p1|6
|teamsize|p2|6
|gen|9
|tier|[Gen 9] VGC 2025 Reg I
|rated|
|rule|Species Clause: Limit one of each Pokémon
|rule|Item Clause: Limit 1 of each item
|clearpoke
|poke|p1|Koraidon, L50|
|poke|p1|Weezing-Galar, L50, F|
|poke|p1|Calyrex-Shadow, L50|
|poke|p1|Chi-Yu, L50|
|poke|p1|Dondozo, L50, M|
|poke|p1|Tatsugiri, L50, F|
|poke|p2|Chi-Yu, L50|
|poke|p2|Glimmora, L50, M|
|poke|p2|Calyrex-Shadow, L50|
|poke|p2|Zamazenta-*, L50|
|poke|p2|Raging Bolt, L50|
|poke|p2|Rillaboom, L50, F|
|teampreview|4
|inactive|Battle timer is ON: inactive players will automatically lose when time's up. (requested by syunx2)
|
|t:|1750844350
|start
|switch|p1a: Koraidon|Koraidon, L50|100/100
|switch|p1b: Weezing|Weezing-Galar, L50, F|100/100
|switch|p2a: Glimmora|Glimmora, L50, M|100/100
|switch|p2b: Calyrex|Calyrex-Shadow, L50|100/100
|-ability|p1b: Weezing|Neutralizing Gas
|-block|p1a: Koraidon|item: Ability Shield
|-ability|p2b: Calyrex|As One
|-ability|p2b: Calyrex|Unnerve
|-weather|SunnyDay|[from] ability: Orichalcum Pulse|[of] p1a: Koraidon
|-activate|p1a: Koraidon|Orichalcum Pulse|[source]
|turn|1
|
|t:|1750844372
|-terastallize|p1a: Koraidon|Fire
|move|p2b: Calyrex|Psychic|p1b: Weezing
|-supereffective|p1b: Weezing
|-damage|p1b: Weezing|0 fnt
|faint|p1b: Weezing
|-end|p1b: Weezing|ability: Neutralizing Gas
|-ability|p2b: Calyrex|Grim Neigh|boost
|-boost|p2b: Calyrex|spa|1
|move|p1a: Koraidon|Flame Charge|p2b: Calyrex
|-damage|p2b: Calyrex|15/100
|-boost|p1a: Koraidon|spe|1
|move|p2a: Glimmora|Earth Power|p1a: Koraidon
|-supereffective|p1a: Koraidon
|-damage|p1a: Koraidon|43/100
|
|-weather|SunnyDay|[upkeep]
|upkeep
|
|t:|1750844378
|switch|p1b: Chi-Yu|Chi-Yu, L50|100/100
|-ability|p1b: Chi-Yu|Beads of Ruin
|turn|2
|
|t:|1750844393
|move|p2b: Calyrex|Protect|p2b: Calyrex
|-singleturn|p2b: Calyrex|Protect
|move|p1a: Koraidon|Flare Blitz|p2a: Glimmora
|-resisted|p2a: Glimmora
|-damage|p2a: Glimmora|45/100
|-activate|p2a: Glimmora|ability: Toxic Debris
|-sidestart|p1: mpds44|move: Toxic Spikes
|-damage|p1a: Koraidon|23/100|[from] Recoil
|-enditem|p2a: Glimmora|Red Card|[of] p1a: Koraidon
|drag|p1a: Calyrex|Calyrex-Shadow, L50|100/100
|-ability|p1a: Calyrex|As One
|-ability|p1a: Calyrex|Unnerve
|-status|p1a: Calyrex|psn
|move|p1b: Chi-Yu|Snarl|p2a: Glimmora|[spread] p2a
|-activate|p2b: Calyrex|move: Protect
|-damage|p2a: Glimmora|10/100
|-unboost|p2a: Glimmora|spa|1
|move|p2a: Glimmora|Mortal Spin|p1b: Chi-Yu|[spread] p1a,p1b
|-resisted|p1a: Calyrex
|-damage|p1a: Calyrex|98/100 psn
|-damage|p1b: Chi-Yu|95/100
|-status|p1b: Chi-Yu|psn
|
|-weather|SunnyDay|[upkeep]
|-damage|p1b: Chi-Yu|83/100 psn|[from] psn
|-damage|p1a: Calyrex|86/100 psn|[from] psn
|upkeep
|turn|3
|inactive|syunx2 has 30 seconds left.
|
|t:|1750844422
|switch|p1a: Koraidon|Koraidon, L50, tera:Fire|23/100
|-status|p1a: Koraidon|psn
|-activate|p1a: Koraidon|ability: Orichalcum Pulse
|move|p2a: Glimmora|Spiky Shield|p2a: Glimmora
|-singleturn|p2a: Glimmora|move: Protect
|move|p1b: Chi-Yu|Snarl|p2a: Glimmora|[spread] p2b
|-activate|p2a: Glimmora|move: Protect
|-supereffective|p2b: Calyrex
|-damage|p2b: Calyrex|0 fnt
|faint|p2b: Calyrex
|
|-weather|SunnyDay|[upkeep]
|-damage|p1b: Chi-Yu|70/100 psn|[from] psn
|-damage|p1a: Koraidon|11/100 psn|[from] psn
|upkeep
|
|t:|1750844445
|switch|p2b: Raging Bolt|Raging Bolt, L50|100/100
|-activate|p2b: Raging Bolt|ability: Protosynthesis
|-start|p2b: Raging Bolt|protosynthesisspa
|turn|4
|
|t:|1750844455
|switch|p1a: Calyrex|Calyrex-Shadow, L50|86/100 psn
|-ability|p1a: Calyrex|As One
|-ability|p1a: Calyrex|Unnerve
|move|p2b: Raging Bolt|Thunderclap|p1b: Chi-Yu
|-damage|p1b: Chi-Yu|4/100 psn
|move|p1b: Chi-Yu|Snarl|p2a: Glimmora|[spread] p2a,p2b
|-damage|p2a: Glimmora|0 fnt
|-damage|p2b: Raging Bolt|80/100
|-unboost|p2b: Raging Bolt|spa|1
|faint|p2a: Glimmora
|
|-weather|SunnyDay|[upkeep]
|-damage|p1b: Chi-Yu|0 fnt|[from] psn
|faint|p1b: Chi-Yu
|-damage|p1a: Calyrex|74/100 psn|[from] psn
|upkeep
|
|t:|1750844466
|switch|p1b: Koraidon|Koraidon, L50, tera:Fire|11/100 psn
|switch|p2a: Chi-Yu|Chi-Yu, L50|100/100
|-ability|p2a: Chi-Yu|Beads of Ruin
|-activate|p1b: Koraidon|ability: Orichalcum Pulse
|turn|5
|
|t:|1750844478
|move|p1b: Koraidon|Protect|p1b: Koraidon
|-singleturn|p1b: Koraidon|Protect
|move|p2b: Raging Bolt|Thunderclap||[still]
|-fail|p2b: Raging Bolt
|move|p2a: Chi-Yu|Dark Pulse|p1a: Calyrex
|-supereffective|p1a: Calyrex
|-damage|p1a: Calyrex|0 fnt
|faint|p1a: Calyrex
|
|-weather|none
|-end|p2b: Raging Bolt|Protosynthesis
|-damage|p1b: Koraidon|0 fnt|[from] psn
|faint|p1b: Koraidon
|
|win|syunx2
|raw|mpds44's rating: 1259 &rarr; <strong>1236</strong><br />(-23 for losing)
|raw|syunx2's rating: 1281 &rarr; <strong>1304</strong><br />(+23 for winning)
|l|☆mpds44
|player|p1|
|c|☆syunx2|gg
|l|☆syunx2
|player|p2|
