|j|☆Abstrakt17
|j|☆spidyyyyyyyy
|t:|1750737723
|gametype|doubles
|player|p1|Abstrakt17|cynthia-gen4|1256
|player|p2|spidyyyyyyyy|red|1187
|teamsize|p1|6
|teamsize|p2|6
|gen|9
|tier|[Gen 9] VGC 2025 Reg I
|rated|
|rule|Species Clause: Limit one of each Pokémon
|rule|Item Clause: Limit 1 of each item
|clearpoke
|poke|p1|Koraidon, L50|
|poke|p1|Flutter Mane, L50|
|poke|p1|Weezing-Galar, L50, F|
|poke|p1|Armarouge, L50, M|
|poke|p1|Amoonguss, L50, M|
|poke|p1|Calyrex-Ice, L50|
|poke|p2|Miraidon, L50|
|poke|p2|Calyrex-Shadow, L50|
|poke|p2|Iron Hands, L50|
|poke|p2|Amoonguss, L50, M|
|poke|p2|Chi-Yu, L50|
|poke|p2|Ting-Lu, L50|
|teampreview|4
|
|t:|1750737761
|start
|switch|p1a: Koraidon|Koraidon, L50|100/100
|switch|p1b: Flutter Mane|Flutter Mane, L50, shiny|100/100
|switch|p2a: Miraidon|Miraidon, L50|100/100
|switch|p2b: Iron Hands|Iron Hands, L50|100/100
|-fieldstart|move: Electric Terrain|[from] ability: Hadron Engine|[of] p2a: Miraidon
|-activate|p2b: Iron Hands|ability: Quark Drive
|-start|p2b: Iron Hands|quarkdriveatk
|-weather|SunnyDay|[from] ability: Orichalcum Pulse|[of] p1a: Koraidon
|-activate|p1b: Flutter Mane|ability: Protosynthesis
|-start|p1b: Flutter Mane|protosynthesisspe
|-activate|p1a: Koraidon|Orichalcum Pulse|[source]
|turn|1
|inactive|Battle timer is ON: inactive players will automatically lose when time's up. (requested by spidyyyyyyyy)
|
|t:|1750737789
|switch|p1a: Weezing|Weezing-Galar, L50, F|100/100
|-ability|p1a: Weezing|Neutralizing Gas
|-terastallize|p2a: Miraidon|Fairy
|move|p1b: Flutter Mane|Moonblast|p2a: Miraidon
|-damage|p2a: Miraidon|52/100
|move|p2a: Miraidon|Draco Meteor|p1a: Weezing
|-immune|p1a: Weezing
|move|p2b: Iron Hands|Heavy Slam|p1b: Flutter Mane
|-supereffective|p1b: Flutter Mane
|-enditem|p1b: Flutter Mane|Focus Sash
|-damage|p1b: Flutter Mane|1/100
|
|-weather|SunnyDay|[upkeep]
|upkeep
|turn|2
|inactive|Abstrakt17 has 30 seconds left.
|inactive|spidyyyyyyyy has 30 seconds left.
|
|t:|1750737820
|switch|p2a: Chi-Yu|Chi-Yu, L50|100/100
|move|p1b: Flutter Mane|Protect|p1b: Flutter Mane
|-singleturn|p1b: Flutter Mane|Protect
|move|p2b: Iron Hands|Heavy Slam|p1a: Weezing
|-supereffective|p1a: Weezing
|-damage|p1a: Weezing|20/100
|-enditem|p1a: Weezing|Sitrus Berry|[eat]
|-heal|p1a: Weezing|45/100|[from] item: Sitrus Berry
|move|p1a: Weezing|Will-O-Wisp|p2b: Iron Hands
|-status|p2b: Iron Hands|brn
|
|-weather|SunnyDay|[upkeep]
|-damage|p2b: Iron Hands|95/100 brn|[from] brn
|upkeep
|turn|3
|inactive|Abstrakt17 has 30 seconds left.
|inactive|spidyyyyyyyy has 30 seconds left.
|inactive|Abstrakt17 has 20 seconds left.
|
|t:|1750737857
|-end|p1a: Weezing|ability: Neutralizing Gas
|-ability|p2a: Chi-Yu|Beads of Ruin
|switch|p1a: Koraidon|Koraidon, L50|100/100
|-activate|p1a: Koraidon|ability: Orichalcum Pulse
|-terastallize|p1b: Flutter Mane|Rock
|move|p1b: Flutter Mane|Power Gem|p2a: Chi-Yu
|-supereffective|p2a: Chi-Yu
|-damage|p2a: Chi-Yu|2/100
|move|p2a: Chi-Yu|Heat Wave|p1b: Flutter Mane|[spread] p1a,p1b
|-resisted|p1a: Koraidon
|-resisted|p1b: Flutter Mane
|-damage|p1a: Koraidon|62/100
|-damage|p1b: Flutter Mane|0 fnt
|faint|p1b: Flutter Mane
|-end|p1b: Flutter Mane|Protosynthesis|[silent]
|move|p2b: Iron Hands|Heavy Slam|p1a: Koraidon
|-damage|p1a: Koraidon|54/100
|
|-weather|SunnyDay|[upkeep]
|-damage|p2b: Iron Hands|89/100 brn|[from] brn
|upkeep
|c|☆Abstrakt17|wow
|
|t:|1750737879
|switch|p1b: Calyrex|Calyrex-Ice, L50|100/100
|-ability|p1b: Calyrex|As One
|-ability|p1b: Calyrex|Unnerve
|turn|4
|
|t:|1750737889
|move|p2a: Chi-Yu|Heat Wave|p1b: Calyrex|[spread] p1a,p1b
|-resisted|p1a: Koraidon
|-supereffective|p1b: Calyrex
|-damage|p1a: Koraidon|14/100
|-damage|p1b: Calyrex|10/100
|move|p1a: Koraidon|Flare Blitz|p2a: Chi-Yu
|-resisted|p2a: Chi-Yu
|-damage|p2a: Chi-Yu|0 fnt
|faint|p2a: Chi-Yu
|-damage|p1a: Koraidon|13/100|[from] Recoil
|move|p2b: Iron Hands|Drain Punch|p1a: Koraidon
|-damage|p1a: Koraidon|0 fnt
|-heal|p2b: Iron Hands|93/100 brn|[from] drain|[of] p1a: Koraidon
|faint|p1a: Koraidon
|move|p1b: Calyrex|Trick Room|p1b: Calyrex
|-fieldstart|move: Trick Room|[of] p1b: Calyrex
|
|-weather|SunnyDay|[upkeep]
|-heal|p1b: Calyrex|16/100|[from] item: Leftovers
|-damage|p2b: Iron Hands|88/100 brn|[from] brn
|upkeep
|inactive|spidyyyyyyyy has 30 seconds left.
|
|t:|1750737918
|switch|p2a: Calyrex|Calyrex-Shadow, L50|100/100
|switch|p1a: Weezing|Weezing-Galar, L50, F|45/100
|-ability|p1a: Weezing|Neutralizing Gas
|-ability|p2a: Calyrex|As One
|-ability|p2a: Calyrex|Unnerve
|turn|5
|-message|Abstrakt17 forfeited.
|
|win|spidyyyyyyyy
|raw|Abstrakt17's rating: 1256 &rarr; <strong>1226</strong><br />(-30 for losing)
|raw|spidyyyyyyyy's rating: 1187 &rarr; <strong>1217</strong><br />(+30 for winning)
|l|☆Abstrakt17
|player|p1|
|l|☆spidyyyyyyyy
|player|p2|
