|j|☆Jmariowo
|j|☆3Anna
|t:|1750832082
|gametype|doubles
|player|p1|Jmariowo|iono|1574
|player|p2|3Anna|101|1494
|teamsize|p1|6
|teamsize|p2|6
|gen|9
|tier|[Gen 9] VGC 2025 Reg I
|rated|
|rule|Species Clause: Limit one of each Pokémon
|rule|Item Clause: Limit 1 of each item
|clearpoke
|poke|p1|Lunala, L50|
|poke|p1|Zamazenta-*, L50|
|poke|p1|Ogerpon-Hearthflame, L50, F|
|poke|p1|Rillaboom, L50, M|
|poke|p1|Chien-Pao, L50|
|poke|p1|Thundurus, L50, M|
|poke|p2|Calyrex-Shadow, L50|
|poke|p2|Zamazenta-*, L50|
|poke|p2|Chien-Pao, L50|
|poke|p2|Raging Bolt, L50|
|poke|p2|Ting-Lu, L50|
|poke|p2|Dondozo, L50, F|
|teampreview|4
|inactive|Battle timer is ON: inactive players will automatically lose when time's up. (requested by Jmariowo)
|
|t:|1750832135
|start
|switch|p1a: Rillaboom|Rillaboom, L50, M|100/100
|switch|p1b: Ogerpon|Ogerpon-Hearthflame, L50, F|100/100
|switch|p2a: Calyrex|Calyrex-Shadow, L50|100/100
|switch|p2b: Raging Bolt|Raging Bolt, L50|100/100
|-ability|p2a: Calyrex|As One
|-ability|p2a: Calyrex|Unnerve
|-ability|p1b: Ogerpon|Mold Breaker
|-fieldstart|move: Grassy Terrain|[from] ability: Grassy Surge|[of] p1a: Rillaboom
|turn|1
|
|t:|1750832155
|-terastallize|p2a: Calyrex|Ghost
|-terastallize|p1b: Ogerpon|Fire
|detailschange|p1b: Ogerpon|Ogerpon-Hearthflame-Tera, L50, F, tera:Fire
|-ability|p1b: Ogerpon|Embody Aspect (Hearthflame)|boost
|-boost|p1b: Ogerpon|atk|1
|move|p1b: Ogerpon|Grassy Glide|p2a: Calyrex
|-damage|p2a: Calyrex|29/100
|move|p1a: Rillaboom|Grassy Glide|p2a: Calyrex
|-damage|p2a: Calyrex|0 fnt
|faint|p2a: Calyrex
|move|p2b: Raging Bolt|Electroweb|p1b: Ogerpon|[spread] p1a,p1b
|-resisted|p1a: Rillaboom
|-crit|p1b: Ogerpon
|-damage|p1a: Rillaboom|94/100
|-damage|p1b: Ogerpon|59/100
|-unboost|p1a: Rillaboom|spe|1
|-unboost|p1b: Ogerpon|spe|1
|
|-heal|p1b: Ogerpon|65/100|[from] Grassy Terrain
|-heal|p1a: Rillaboom|99/100|[from] Grassy Terrain
|upkeep
|
|t:|1750832173
|switch|p2a: Zamazenta|Zamazenta-Crowned, L50|100/100
|-ability|p2a: Zamazenta|Dauntless Shield|boost
|-boost|p2a: Zamazenta|def|1
|turn|2
|inactive|Jmariowo has 30 seconds left.
|
|t:|1750832202
|switch|p1b: Lunala|Lunala, L50|100/100
|move|p2a: Zamazenta|Body Press|p1b: Lunala
|-immune|p1b: Lunala
|move|p2b: Raging Bolt|Draco Meteor|p1a: Rillaboom
|-damage|p1a: Rillaboom|53/100
|-unboost|p2b: Raging Bolt|spa|2
|move|p1a: Rillaboom|U-turn|p2b: Raging Bolt
|-damage|p2b: Raging Bolt|82/100
|
|t:|1750832212
|switch|p1a: Ogerpon|Ogerpon-Hearthflame-Tera, L50, F, tera:Fire|65/100|[from] U-turn
|-ability|p1a: Ogerpon|Embody Aspect (Hearthflame)|boost
|-boost|p1a: Ogerpon|atk|1
|
|-heal|p1a: Ogerpon|71/100|[from] Grassy Terrain
|-heal|p2b: Raging Bolt|88/100|[from] Grassy Terrain
|upkeep
|turn|3
|inactive|Jmariowo has 30 seconds left.
|inactive|3Anna has 30 seconds left.
|inactive|Jmariowo has 20 seconds left.
|
|t:|1750832250
|move|p2a: Zamazenta|Crunch|p1b: Lunala
|-supereffective|p1b: Lunala
|-damage|p1b: Lunala|72/100
|move|p1a: Ogerpon|Ivy Cudgel|p2a: Zamazenta|[anim] Ivy Cudgel Fire
|-supereffective|p2a: Zamazenta
|-damage|p2a: Zamazenta|0 fnt
|faint|p2a: Zamazenta
|move|p1b: Lunala|Moongeist Beam|p2b: Raging Bolt
|-damage|p2b: Raging Bolt|42/100
|move|p2b: Raging Bolt|Electroweb|p1b: Lunala|[spread] p1a,p1b
|-damage|p1a: Ogerpon|56/100
|-damage|p1b: Lunala|63/100
|-unboost|p1a: Ogerpon|spe|1
|-unboost|p1b: Lunala|spe|1
|
|-heal|p1a: Ogerpon|61/100|[from] Grassy Terrain
|-heal|p2b: Raging Bolt|49/100|[from] Grassy Terrain
|-heal|p1b: Lunala|69/100|[from] Grassy Terrain
|upkeep
|
|t:|1750832255
|switch|p2a: Chien-Pao|Chien-Pao, L50|100/100
|-ability|p2a: Chien-Pao|Sword of Ruin
|turn|4
|
|t:|1750832273
|switch|p1b: Rillaboom|Rillaboom, L50, M|53/100
|move|p1a: Ogerpon|Spiky Shield|p1a: Ogerpon
|-singleturn|p1a: Ogerpon|move: Protect
|move|p2b: Raging Bolt|Thunderclap||[still]
|-fail|p2b: Raging Bolt
|move|p2a: Chien-Pao|Sacred Sword|p1a: Ogerpon
|-activate|p1a: Ogerpon|move: Protect
|-damage|p2a: Chien-Pao|88/100|[from] Spiky Shield|[of] p1a: Ogerpon
|
|-heal|p2a: Chien-Pao|94/100|[from] Grassy Terrain
|-heal|p1a: Ogerpon|67/100|[from] Grassy Terrain
|-heal|p1b: Rillaboom|58/100|[from] Grassy Terrain
|-heal|p2b: Raging Bolt|55/100|[from] Grassy Terrain
|upkeep
|turn|5
|inactive|3Anna has 30 seconds left.
|inactive|3Anna has 20 seconds left.
|inactive|3Anna has 15 seconds left.
|inactive|3Anna has 10 seconds left.
|
|t:|1750832321
|move|p1b: Rillaboom|Fake Out|p2a: Chien-Pao
|-damage|p2a: Chien-Pao|77/100
|move|p2b: Raging Bolt|Thunderclap|p1a: Ogerpon
|-damage|p1a: Ogerpon|40/100
|cant|p2a: Chien-Pao|flinch
|move|p1a: Ogerpon|Ivy Cudgel|p2b: Raging Bolt|[anim] Ivy Cudgel Fire
|-resisted|p2b: Raging Bolt
|-damage|p2b: Raging Bolt|0 fnt
|faint|p2b: Raging Bolt
|-end|p2b: Raging Bolt|Protosynthesis|[silent]
|
|-heal|p2a: Chien-Pao|82/100|[from] Grassy Terrain
|-heal|p1a: Ogerpon|46/100|[from] Grassy Terrain
|-heal|p1b: Rillaboom|64/100|[from] Grassy Terrain
|-fieldend|move: Grassy Terrain
|upkeep
|turn|6
|-message|3Anna forfeited.
|
|win|Jmariowo
|raw|Jmariowo's rating: 1574 &rarr; <strong>1589</strong><br />(+15 for winning)
|raw|3Anna's rating: 1494 &rarr; <strong>1479</strong><br />(-15 for losing)
|l|☆3Anna
|player|p2|
|l|☆Jmariowo
|player|p1|
