|j|☆Thevanmanbird
|j|☆QuagsireJelly
|t:|1750829280
|gametype|doubles
|player|p1|Thevanmanbird|2|1067
|player|p2|QuagsireJelly|266|1063
|teamsize|p1|6
|teamsize|p2|6
|gen|9
|tier|[Gen 9] VGC 2025 Reg I
|rated|
|rule|Species Clause: Limit one of each Pokémon
|rule|Item Clause: Limit 1 of each item
|clearpoke
|poke|p1|Terapagos, L50, M|
|poke|p1|Ditto, L50|
|poke|p1|Incineroar, L50, M|
|poke|p1|Koraidon, L50|
|poke|p1|Raging Bolt, L50|
|poke|p1|Rillaboom, L50, F|
|poke|p2|Smeargle, L50, F|
|poke|p2|Muk-Alola, L50, M|
|poke|p2|Flamigo, L50, F|
|poke|p2|Calyrex-Ice, L50|
|poke|p2|Porygon2, L50|
|poke|p2|Ursaluna-Bloodmoon, L50, M|
|teampreview|4
|inactive|Battle timer is ON: inactive players will automatically lose when time's up. (requested by QuagsireJelly)
|
|t:|1750829298
|start
|switch|p1a: Ditto|Ditto, L50|100/100
|switch|p1b: Incineroar|Incineroar, L50, M|100/100
|switch|p2a: Smeargle|Smeargle, L50, F|100/100
|switch|p2b: Muk|Muk-Alola, L50, M|100/100
|-transform|p1a: Ditto|p2b: Muk|[from] ability: Imposter
|-ability|p1b: Incineroar|Intimidate|boost
|-unboost|p2a: Smeargle|atk|1
|-unboost|p2b: Muk|atk|1
|turn|1
|
|t:|1750829316
|move|p2a: Smeargle|Fake Out|p1b: Incineroar
|-damage|p1b: Incineroar|96/100
|-damage|p2a: Smeargle|84/100|[from] item: Rocky Helmet|[of] p1b: Incineroar
|cant|p1b: Incineroar|flinch
|move|p1a: Ditto|Knock Off|p2a: Smeargle
|-damage|p2a: Smeargle|0 fnt
|-enditem|p2a: Smeargle|Focus Sash|[from] move: Knock Off|[of] p1a: Ditto
|faint|p2a: Smeargle
|-ability|p2b: Muk|Moody|[from] ability: Power of Alchemy|[of] p2a: Smeargle
|move|p2b: Muk|Minimize|p2b: Muk
|-boost|p2b: Muk|evasion|2
|
|-ability|p2b: Muk|Moody|boost
|-boost|p2b: Muk|spd|2
|-unboost|p2b: Muk|def|1
|upkeep
|
|t:|1750829334
|switch|p2a: Porygon2|Porygon2, L50|100/100
|-ability|p2a: Porygon2|Download|boost
|-boost|p2a: Porygon2|spa|1
|turn|2
|
|t:|1750829351
|move|p1a: Ditto|Knock Off|p2a: Porygon2
|-damage|p2a: Porygon2|77/100
|-enditem|p2a: Porygon2|Eviolite|[from] move: Knock Off|[of] p1a: Ditto
|move|p1b: Incineroar|Flare Blitz|p2b: Muk|[miss]
|-miss|p1b: Incineroar|p2b: Muk
|move|p2b: Muk|Minimize|p2b: Muk
|-boost|p2b: Muk|evasion|2
|move|p2a: Porygon2|Trick Room|p2a: Porygon2
|-fieldstart|move: Trick Room|[of] p2a: Porygon2
|
|-ability|p2b: Muk|Moody|boost
|-boost|p2b: Muk|def|2
|-unboost|p2b: Muk|spa|1
|upkeep
|turn|3
|
|t:|1750829372
|switch|p1a: Terapagos|Terapagos, L50, M|100/100
|-activate|p1a: Terapagos|ability: Tera Shift
|detailschange|p1a: Terapagos|Terapagos-Terastal, L50, M
|-heal|p1a: Terapagos|100/100|[silent]
|-terastallize|p2a: Porygon2|Fighting
|move|p2b: Muk|Minimize|p2b: Muk
|-boost|p2b: Muk|evasion|2
|move|p2a: Porygon2|Tera Blast|p1b: Incineroar|[anim] Tera Blast Fighting
|-supereffective|p1b: Incineroar
|-damage|p1b: Incineroar|6/100
|move|p1b: Incineroar|Flare Blitz|p2b: Muk
|-damage|p2b: Muk|77/100
|-damage|p1b: Incineroar|0 fnt|[from] Recoil
|faint|p1b: Incineroar
|
|-heal|p2b: Muk|84/100|[from] item: Leftovers
|-ability|p2b: Muk|Moody|boost
|-boost|p2b: Muk|def|2
|-unboost|p2b: Muk|spd|1
|upkeep
|
|t:|1750829389
|switch|p1b: Ditto|Ditto, L50|100/100
|-transform|p1b: Ditto|p2a: Porygon2|[from] ability: Imposter
|-ability|p1b: Ditto|Download|boost
|-boost|p1b: Ditto|spa|1
|-start|p1b: Ditto|typechange|Normal|[silent]
|turn|4
|
|t:|1750829401
|-terastallize|p1a: Terapagos|Stellar
|detailschange|p1a: Terapagos|Terapagos-Stellar, L50, M, tera:Stellar
|-heal|p1a: Terapagos|100/100|[silent]
|move|p2b: Muk|Poison Jab|p1b: Ditto
|-damage|p1b: Ditto|77/100
|move|p2a: Porygon2|Tera Blast|p1b: Ditto|[anim] Tera Blast Fighting
|-supereffective|p1b: Ditto
|-damage|p1b: Ditto|4/100
|move|p1a: Terapagos|Tera Starstorm|p2a: Porygon2|[spread] p2a
|-miss|p1a: Terapagos|p2b: Muk
|-supereffective|p2a: Porygon2
|-damage|p2a: Porygon2|25/100
|move|p1b: Ditto|Trick Room|p1b: Ditto
|-fieldend|move: Trick Room
|
|-heal|p2b: Muk|90/100|[from] item: Leftovers
|-ability|p2b: Muk|Moody|boost
|-boost|p2b: Muk|spe|2
|-unboost|p2b: Muk|spa|1
|upkeep
|turn|5
|
|t:|1750829417
|switch|p1b: Koraidon|Koraidon, L50|100/100
|-weather|SunnyDay|[from] ability: Orichalcum Pulse|[of] p1b: Koraidon
|-activate|p1b: Koraidon|Orichalcum Pulse|[source]
|move|p2a: Porygon2|Protect|p2a: Porygon2
|-singleturn|p2a: Porygon2|Protect
|move|p2b: Muk|Poison Jab|p1b: Koraidon
|-damage|p1b: Koraidon|83/100
|move|p1a: Terapagos|Tera Starstorm|p2a: Porygon2|[spread] p2b
|-activate|p2a: Porygon2|move: Protect
|-damage|p2b: Muk|69/100
|
|-weather|SunnyDay|[upkeep]
|-heal|p2b: Muk|75/100|[from] item: Leftovers
|-ability|p2b: Muk|Moody|boost
|-boost|p2b: Muk|spd|2
|-unboost|p2b: Muk|atk|1
|upkeep
|turn|6
|
|t:|1750829435
|move|p1b: Koraidon|Close Combat|p2b: Muk|[miss]
|-miss|p1b: Koraidon|p2b: Muk
|move|p2b: Muk|Poison Jab|p1a: Terapagos
|-damage|p1a: Terapagos|92/100
|move|p1a: Terapagos|Tera Starstorm|p2a: Porygon2|[spread] p2a
|-miss|p1a: Terapagos|p2b: Muk
|-supereffective|p2a: Porygon2
|-damage|p2a: Porygon2|0 fnt
|faint|p2a: Porygon2
|
|-weather|SunnyDay|[upkeep]
|-heal|p2b: Muk|82/100|[from] item: Leftovers
|-heal|p1a: Terapagos|98/100|[from] item: Leftovers
|-ability|p2b: Muk|Moody|boost
|-boost|p2b: Muk|def|2
|-unboost|p2b: Muk|spe|1
|upkeep
|
|t:|1750829451
|switch|p2a: Flamigo|Flamigo, L50, F|100/100
|-copyboost|p2a: Flamigo|p2b: Muk|[from] ability: Costar
|turn|7
|
|t:|1750829458
|move|p2a: Flamigo|Brave Bird|p1b: Koraidon
|-supereffective|p1b: Koraidon
|-damage|p1b: Koraidon|18/100
|-damage|p2a: Flamigo|76/100|[from] Recoil
|move|p1b: Koraidon|Close Combat|p2b: Muk
|-damage|p2b: Muk|56/100
|-unboost|p1b: Koraidon|def|1
|-unboost|p1b: Koraidon|spd|1
|-damage|p1b: Koraidon|8/100|[from] item: Life Orb
|move|p1a: Terapagos|Tera Starstorm|p2b: Muk|[spread] p2a,p2b
|-damage|p2a: Flamigo|51/100
|-damage|p2b: Muk|42/100
|move|p2b: Muk|Knock Off|p1b: Koraidon
|-resisted|p1b: Koraidon
|-damage|p1b: Koraidon|0 fnt
|-enditem|p1b: Koraidon|Life Orb|[from] move: Knock Off|[of] p2b: Muk
|faint|p1b: Koraidon
|
|-weather|SunnyDay|[upkeep]
|-heal|p1a: Terapagos|100/100|[from] item: Leftovers
|-heal|p2b: Muk|49/100|[from] item: Leftovers
|-ability|p2b: Muk|Moody|boost
|-boost|p2b: Muk|atk|2
|-unboost|p2b: Muk|spe|1
|upkeep
|
|t:|1750829470
|switch|p1b: Ditto|Ditto, L50|4/100
|-transform|p1b: Ditto|p2a: Flamigo|[from] ability: Imposter
|-copyboost|p1b: Ditto|p1a: Terapagos|[from] ability: Costar
|turn|8
|
|t:|1750829489
|move|p2a: Flamigo|Close Combat|p1a: Terapagos
|-supereffective|p1a: Terapagos
|-damage|p1a: Terapagos|58/100
|-unboost|p2a: Flamigo|def|1
|-unboost|p2a: Flamigo|spd|1
|move|p1b: Ditto|Liquidation|p2b: Muk
|-damage|p2b: Muk|46/100
|move|p1a: Terapagos|Tera Starstorm|p2b: Muk|[spread] p2a
|-miss|p1a: Terapagos|p2b: Muk
|-damage|p2a: Flamigo|20/100
|move|p2b: Muk|Poison Jab|p1b: Ditto
|-damage|p1b: Ditto|0 fnt
|faint|p1b: Ditto
|
|-weather|SunnyDay|[upkeep]
|-heal|p1a: Terapagos|65/100|[from] item: Leftovers
|-heal|p2b: Muk|52/100|[from] item: Leftovers
|-ability|p2b: Muk|Moody|boost
|-boost|p2b: Muk|atk|2
|-unboost|p2b: Muk|spa|1
|upkeep
|turn|9
|
|t:|1750829501
|move|p2a: Flamigo|Close Combat|p1a: Terapagos
|-supereffective|p1a: Terapagos
|-damage|p1a: Terapagos|23/100
|-unboost|p2a: Flamigo|def|1
|-unboost|p2a: Flamigo|spd|1
|move|p1a: Terapagos|Tera Starstorm|p2a: Flamigo|[spread] 
|-miss|p1a: Terapagos|p2a: Flamigo
|-miss|p1a: Terapagos|p2b: Muk
|move|p2b: Muk|Knock Off|p1a: Terapagos
|-damage|p1a: Terapagos|0 fnt
|-enditem|p1a: Terapagos|Leftovers|[from] move: Knock Off|[of] p2b: Muk
|faint|p1a: Terapagos
|detailschange|p1: Terapagos|Terapagos, L50, M|[silent]
|
|win|QuagsireJelly
|raw|Thevanmanbird's rating: 1067 &rarr; <strong>1047</strong><br />(-20 for losing)
|raw|QuagsireJelly's rating: 1063 &rarr; <strong>1094</strong><br />(+31 for winning)
|l|☆QuagsireJelly
|player|p2|
|l|☆Thevanmanbird
|player|p1|
