|j|☆naibot2814
|j|☆Useless0o0
|t:|1750868790
|gametype|doubles
|player|p1|naibot2814|ghetsis|1542
|player|p2|Useless0o0|170|1564
|teamsize|p1|6
|teamsize|p2|6
|gen|9
|tier|[Gen 9] VGC 2025 Reg I
|rated|
|rule|Species Clause: Limit one of each Pokémon
|rule|Item Clause: Limit 1 of each item
|clearpoke
|poke|p1|Zamazenta-*, L50|
|poke|p1|Ogerpon-Hearthflame, L50, F|
|poke|p1|Calyrex-Shadow, L50|
|poke|p1|Incineroar, L50, M|
|poke|p1|Rillaboom, L50, M|
|poke|p1|Raging Bolt, L50|
|poke|p2|Calyrex-Ice, L50|
|poke|p2|Kyogre, L50|
|poke|p2|Iron Jugulis, L50|
|poke|p2|Basculegion, L50, M|
|poke|p2|Rillaboom, L50, M|
|poke|p2|Electabuzz, L50, F|
|teampreview|4
|inactive|Battle timer is ON: inactive players will automatically lose when time's up. (requested by Useless0o0)
|inactive|naibot2814 has 60 seconds left.
|j| Prasoooon
|
|t:|1750868850
|start
|switch|p1a: Raging Bolt|Raging Bolt, L50|100/100
|switch|p1b: Zamazenta|Zamazenta-Crowned, L50|100/100
|switch|p2a: Kyogre|Kyogre, L50|100/100
|switch|p2b: Iron Mugulis|Iron Jugulis, L50|100/100
|-ability|p1b: Zamazenta|Dauntless Shield|boost
|-boost|p1b: Zamazenta|def|1
|-weather|RainDance|[from] ability: Drizzle|[of] p2a: Kyogre
|-enditem|p2b: Iron Mugulis|Booster Energy
|-activate|p2b: Iron Mugulis|ability: Quark Drive|[fromitem]
|-start|p2b: Iron Mugulis|quarkdrivespe
|-enditem|p1a: Raging Bolt|Booster Energy
|-activate|p1a: Raging Bolt|ability: Protosynthesis|[fromitem]
|-start|p1a: Raging Bolt|protosynthesisspa
|turn|1
|
|t:|1750868866
|-terastallize|p2a: Kyogre|Grass
|move|p1a: Raging Bolt|Thunderclap|p2a: Kyogre
|-resisted|p2a: Kyogre
|-damage|p2a: Kyogre|84/100
|move|p2b: Iron Mugulis|Tailwind|p2b: Iron Mugulis
|-sidestart|p2: Useless0o0|move: Tailwind
|move|p2a: Kyogre|Water Spout|p1b: Zamazenta|[spread] p1a,p1b
|-resisted|p1a: Raging Bolt
|-damage|p1a: Raging Bolt|58/100
|-damage|p1b: Zamazenta|25/100
|move|p1b: Zamazenta|Body Press|p2b: Iron Mugulis
|-damage|p2b: Iron Mugulis|25/100
|
|-weather|RainDance|[upkeep]
|upkeep
|turn|2
|j| imstuckat1300
|inactive|Useless0o0 has 30 seconds left.
|
|t:|1750868894
|-end|p2b: Iron Mugulis|Quark Drive|[silent]
|switch|p2b: Calyrex|Calyrex-Ice, L50|100/100
|-ability|p2b: Calyrex|As One
|-ability|p2b: Calyrex|Unnerve
|move|p1b: Zamazenta|Protect|p1b: Zamazenta
|-singleturn|p1b: Zamazenta|Protect
|move|p1a: Raging Bolt|Thunderclap||[still]
|-fail|p1a: Raging Bolt
|move|p2a: Kyogre|Hydro Pump|p1b: Zamazenta
|-activate|p1b: Zamazenta|move: Protect
|
|-weather|RainDance|[upkeep]
|upkeep
|turn|3
|
|t:|1750868914
|-terastallize|p1a: Raging Bolt|Electric
|move|p1b: Zamazenta|Wide Guard|p1b: Zamazenta
|-singleturn|p1b: Zamazenta|Wide Guard
|move|p2a: Kyogre|Hydro Pump|p1b: Zamazenta
|-damage|p1b: Zamazenta|0 fnt
|faint|p1b: Zamazenta
|move|p2b: Calyrex|Glacial Lance|p1a: Raging Bolt
|-activate|p1a: Raging Bolt|move: Wide Guard
|move|p1a: Raging Bolt|Thunderbolt|p2b: Calyrex
|-damage|p2b: Calyrex|48/100
|
|-weather|RainDance|[upkeep]
|upkeep
|l| imstuckat1300
|j| imstuckat1300
|
|t:|1750868934
|switch|p1b: Rillaboom|Rillaboom, L50, M|100/100
|-fieldstart|move: Grassy Terrain|[from] ability: Grassy Surge|[of] p1b: Rillaboom
|turn|4
|
|t:|1750868944
|move|p1a: Raging Bolt|Protect|p1a: Raging Bolt
|-singleturn|p1a: Raging Bolt|Protect
|move|p1b: Rillaboom|Fake Out|p2b: Calyrex
|-damage|p2b: Calyrex|39/100
|move|p2a: Kyogre|Water Spout|p1b: Rillaboom|[spread] p1b
|-activate|p1a: Raging Bolt|move: Protect
|-resisted|p1b: Rillaboom
|-damage|p1b: Rillaboom|65/100
|cant|p2b: Calyrex|flinch
|
|-weather|RainDance|[upkeep]
|-heal|p2a: Kyogre|90/100|[from] Grassy Terrain
|-heal|p2b: Calyrex|45/100|[from] Grassy Terrain
|-heal|p1b: Rillaboom|71/100|[from] Grassy Terrain
|-heal|p1a: Raging Bolt|64/100|[from] Grassy Terrain
|-sideend|p2: Useless0o0|move: Tailwind
|upkeep
|turn|5
|inactive|naibot2814 has 30 seconds left.
|
|t:|1750868969
|switch|p2a: Iron Mugulis|Iron Jugulis, L50|25/100
|move|p2b: Calyrex|Protect|p2b: Calyrex
|-singleturn|p2b: Calyrex|Protect
|move|p1b: Rillaboom|U-turn|p2a: Iron Mugulis
|-damage|p2a: Iron Mugulis|1/100
|
|t:|1750868976
|switch|p1b: Calyrex|Calyrex-Shadow, L50|100/100|[from] U-turn
|-ability|p1b: Calyrex|As One
|-ability|p1b: Calyrex|Unnerve
|move|p1a: Raging Bolt|Thunderbolt|p2b: Calyrex
|-activate|p2b: Calyrex|move: Protect
|
|-weather|none
|-heal|p1a: Raging Bolt|70/100|[from] Grassy Terrain
|-heal|p2b: Calyrex|51/100|[from] Grassy Terrain
|upkeep
|turn|6
|
|t:|1750868994
|move|p1a: Raging Bolt|Thunderclap|p2b: Calyrex
|-damage|p2b: Calyrex|11/100
|move|p1b: Calyrex|Astral Barrage|p2a: Iron Mugulis|[spread] p2a,p2b
|-resisted|p2a: Iron Mugulis
|-supereffective|p2b: Calyrex
|-damage|p2a: Iron Mugulis|0 fnt
|-damage|p2b: Calyrex|0 fnt
|faint|p2a: Iron Mugulis
|-end|p2a: Iron Mugulis|Quark Drive|[silent]
|faint|p2b: Calyrex
|-ability|p1b: Calyrex|Grim Neigh|boost
|-boost|p1b: Calyrex|spa|2
|-damage|p1b: Calyrex|91/100|[from] item: Life Orb
|
|-heal|p1b: Calyrex|97/100|[from] Grassy Terrain
|-heal|p1a: Raging Bolt|76/100|[from] Grassy Terrain
|upkeep
|
|t:|1750868997
|switch|p2a: Kyogre|Kyogre, L50, tera:Grass|90/100
|switch|p2b: Basculegion|Basculegion, L50, M|100/100
|-weather|RainDance|[from] ability: Drizzle|[of] p2a: Kyogre
|turn|7
|
|t:|1750869020
|move|p1b: Calyrex|Protect|p1b: Calyrex
|-singleturn|p1b: Calyrex|Protect
|move|p1a: Raging Bolt|Protect|p1a: Raging Bolt
|-singleturn|p1a: Raging Bolt|Protect
|move|p2b: Basculegion|Last Respects|p1b: Calyrex
|-activate|p1b: Calyrex|move: Protect
|move|p2a: Kyogre|Water Spout|p1a: Raging Bolt|[spread] 
|-activate|p1a: Raging Bolt|move: Protect
|-activate|p1b: Calyrex|move: Protect
|
|-weather|RainDance|[upkeep]
|-heal|p1b: Calyrex|100/100|[from] Grassy Terrain
|-heal|p2a: Kyogre|96/100|[from] Grassy Terrain
|-heal|p1a: Raging Bolt|82/100|[from] Grassy Terrain
|upkeep
|turn|8
|
|t:|1750869037
|move|p1a: Raging Bolt|Thunderclap|p2b: Basculegion
|-supereffective|p2b: Basculegion
|-damage|p2b: Basculegion|0 fnt
|faint|p2b: Basculegion
|move|p1b: Calyrex|Astral Barrage|p2a: Kyogre
|-damage|p2a: Kyogre|0 fnt
|faint|p2a: Kyogre
|-damage|p1b: Calyrex|91/100|[from] item: Life Orb
|
|win|naibot2814
|raw|naibot2814's rating: 1542 &rarr; <strong>1563</strong><br />(+21 for winning)
|raw|Useless0o0's rating: 1564 &rarr; <strong>1543</strong><br />(-21 for losing)
|l|☆Useless0o0
|player|p2|
|l| Prasoooon
|l|☆naibot2814
|player|p1|
|l| imstuckat1300
