|j|☆cacoblu
|j|☆A0Y
|t:|1750860763
|gametype|doubles
|player|p1|cacoblu|265|1058
|player|p2|A0Y|102|1057
|teamsize|p1|6
|teamsize|p2|6
|gen|9
|tier|[Gen 9] VGC 2025 Reg I
|rated|
|rule|Species Clause: Limit one of each Pokémon
|rule|Item Clause: Limit 1 of each item
|clearpoke
|poke|p1|Kyogre, L50|
|poke|p1|Scrafty, L50, M|
|poke|p1|Zamazenta-*, L50|
|poke|p1|Basculegion-F, L50, F|
|poke|p1|Sneasler, L50, M|
|poke|p1|Chi-Yu, L50|
|poke|p2|Reshiram, L50|
|poke|p2|Bastiodon, L50, F|
|poke|p2|Rillaboom, L50, F|
|poke|p2|Incineroar, L50, F|
|poke|p2|Kyurem-Black, L50|
|poke|p2|Urshifu-*, L50, F|
|teampreview|4
|inactive|Battle timer is ON: inactive players will automatically lose when time's up. (requested by A0Y)
cacoblu has agreed to open team sheets.
|
|t:|1750860788
|start
|switch|p1a: Kyogre|Kyogre, L50|100/100
|switch|p1b: Basculegion|Basculegion-F, L50, F|100/100
|switch|p2a: Bastiodon|Bastiodon, L50, F|100/100
|switch|p2b: Rillaboom|Rillaboom, L50, F|100/100
|-weather|RainDance|[from] ability: Drizzle|[of] p1a: Kyogre
|-fieldstart|move: Grassy Terrain|[from] ability: Grassy Surge|[of] p2b: Rillaboom
|turn|1
|inactive|cacoblu has 30 seconds left.
|inactive|A0Y has 30 seconds left.
|
|t:|1750860818
|move|p2b: Rillaboom|Fake Out|p1a: Kyogre
|-damage|p1a: Kyogre|83/100
|move|p1b: Basculegion|Icy Wind|p2b: Rillaboom|[spread] p2a,p2b
|-resisted|p2a: Bastiodon
|-supereffective|p2b: Rillaboom
|-damage|p2a: Bastiodon|96/100
|-damage|p2b: Rillaboom|84/100
|-unboost|p2a: Bastiodon|spe|1
|-unboost|p2b: Rillaboom|spe|1
|cant|p1a: Kyogre|flinch
|move|p2a: Bastiodon|Body Press|p1a: Kyogre
|-damage|p1a: Kyogre|38/100
|
|-weather|RainDance|[upkeep]
|-heal|p1a: Kyogre|43/100|[from] Grassy Terrain
|-heal|p2b: Rillaboom|90/100|[from] Grassy Terrain
|-heal|p2a: Bastiodon|100/100|[from] Grassy Terrain
|upkeep
|turn|2
|inactive|cacoblu has 30 seconds left.
|
|t:|1750860851
|move|p2b: Rillaboom|Grassy Glide|p1b: Basculegion
|-supereffective|p1b: Basculegion
|-damage|p1b: Basculegion|0 fnt
|-damage|p2b: Rillaboom|73/100|[from] item: Rocky Helmet|[of] p1b: Basculegion
|faint|p1b: Basculegion
|move|p1a: Kyogre|Origin Pulse|p2a: Bastiodon|[spread] p2a,p2b
|-supereffective|p2a: Bastiodon
|-resisted|p2b: Rillaboom
|-ability|p2a: Bastiodon|Sturdy
|-damage|p2a: Bastiodon|1/100
|-damage|p2b: Rillaboom|40/100
|-damage|p1a: Kyogre|34/100|[from] item: Life Orb
|move|p2a: Bastiodon|Body Press|p1a: Kyogre
|-damage|p1a: Kyogre|0 fnt
|faint|p1a: Kyogre
|
|-weather|RainDance|[upkeep]
|-heal|p2b: Rillaboom|46/100|[from] Grassy Terrain
|-heal|p2a: Bastiodon|7/100|[from] Grassy Terrain
|-heal|p2a: Bastiodon|13/100|[from] item: Leftovers
|upkeep
|
|t:|1750860871
|switch|p1a: Zamazenta|Zamazenta-Crowned, L50|100/100
|switch|p1b: Scrafty|Scrafty, L50, M|100/100
|-ability|p1a: Zamazenta|Dauntless Shield|boost
|-boost|p1a: Zamazenta|def|1
|-ability|p1b: Scrafty|Intimidate|boost
|-unboost|p2a: Bastiodon|atk|1
|-unboost|p2b: Rillaboom|atk|1
|turn|3
|
|t:|1750860890
|move|p2a: Bastiodon|Protect|p2a: Bastiodon
|-singleturn|p2a: Bastiodon|Protect
|move|p1b: Scrafty|Fake Out|p2b: Rillaboom
|-damage|p2b: Rillaboom|37/100
|move|p1a: Zamazenta|Body Press|p2a: Bastiodon
|-activate|p2a: Bastiodon|move: Protect
|cant|p2b: Rillaboom|flinch
|
|-weather|RainDance|[upkeep]
|-heal|p2b: Rillaboom|43/100|[from] Grassy Terrain
|-heal|p2a: Bastiodon|19/100|[from] Grassy Terrain
|-heal|p2a: Bastiodon|25/100|[from] item: Leftovers
|upkeep
|turn|4
|inactive|A0Y has 30 seconds left.
|
|t:|1750860916
|move|p1a: Zamazenta|Body Press|p2a: Bastiodon
|-supereffective|p2a: Bastiodon
|-damage|p2a: Bastiodon|0 fnt
|faint|p2a: Bastiodon
|move|p1b: Scrafty|Foul Play|p2b: Rillaboom
|-damage|p2b: Rillaboom|8/100
|move|p2b: Rillaboom|U-turn|p1b: Scrafty
|-damage|p1b: Scrafty|85/100
|
|t:|1750860927
|switch|p2b: Reshiram|Reshiram, L50|100/100|[from] U-turn
|-ability|p2b: Reshiram|Turboblaze
|
|-weather|RainDance|[upkeep]
|-heal|p1b: Scrafty|91/100|[from] Grassy Terrain
|upkeep
|
|t:|1750860935
|switch|p2a: Kyurem|Kyurem-Black, L50|100/100
|-ability|p2a: Kyurem|Teravolt
|turn|5
|
|t:|1750860958
|move|p2a: Kyurem|Protect|p2a: Kyurem
|-singleturn|p2a: Kyurem|Protect
|move|p1a: Zamazenta|Iron Defense|p1a: Zamazenta
|-boost|p1a: Zamazenta|def|2
|-enditem|p2b: Reshiram|Mirror Herb
|-boost|p2b: Reshiram|def|2|[from] item: Mirror Herb
|move|p2b: Reshiram|Dragon Cheer|p2a: Kyurem
|-start|p2a: Kyurem|move: Dragon Cheer
|move|p1b: Scrafty|Foul Play|p2b: Reshiram
|-damage|p2b: Reshiram|87/100
|
|-weather|none
|-heal|p2b: Reshiram|93/100|[from] Grassy Terrain
|-heal|p1b: Scrafty|97/100|[from] Grassy Terrain
|-fieldend|move: Grassy Terrain
|upkeep
|turn|6
|
|t:|1750860981
|move|p1a: Zamazenta|Body Press|p2a: Kyurem
|-supereffective|p2a: Kyurem
|-damage|p2a: Kyurem|0 fnt
|faint|p2a: Kyurem
|move|p2b: Reshiram|Fusion Flare|p1a: Zamazenta
|-supereffective|p1a: Zamazenta
|-damage|p1a: Zamazenta|37/100
|move|p1b: Scrafty|Foul Play|p2b: Reshiram
|-damage|p2b: Reshiram|79/100
|
|upkeep
|
|t:|1750860993
|switch|p2a: Rillaboom|Rillaboom, L50, F|8/100
|-fieldstart|move: Grassy Terrain|[from] ability: Grassy Surge|[of] p2a: Rillaboom
|turn|7
|
|t:|1750861008
|move|p2a: Rillaboom|Fake Out|p1b: Scrafty
|-damage|p1b: Scrafty|82/100
|move|p1a: Zamazenta|Body Press|p2b: Reshiram
|-damage|p2b: Reshiram|38/100
|move|p2b: Reshiram|Fusion Flare|p1a: Zamazenta
|-supereffective|p1a: Zamazenta
|-damage|p1a: Zamazenta|0 fnt
|faint|p1a: Zamazenta
|cant|p1b: Scrafty|flinch
|
|-heal|p2b: Reshiram|44/100|[from] Grassy Terrain
|-heal|p2a: Rillaboom|14/100|[from] Grassy Terrain
|-heal|p1b: Scrafty|88/100|[from] Grassy Terrain
|upkeep
|turn|8
|inactive|A0Y has 30 seconds left.
|
|t:|1750861037
|move|p2b: Reshiram|Fusion Flare|p1b: Scrafty
|-damage|p1b: Scrafty|55/100
|move|p2a: Rillaboom|Knock Off|p1b: Scrafty
|-resisted|p1b: Scrafty
|-damage|p1b: Scrafty|46/100
|-enditem|p1b: Scrafty|Focus Sash|[from] move: Knock Off|[of] p2a: Rillaboom
|move|p1b: Scrafty|Foul Play|p2a: Rillaboom
|-damage|p2a: Rillaboom|0 fnt
|faint|p2a: Rillaboom
|
|-heal|p2b: Reshiram|50/100|[from] Grassy Terrain
|-heal|p1b: Scrafty|52/100|[from] Grassy Terrain
|upkeep
|turn|9
|
|t:|1750861053
|move|p2b: Reshiram|Fusion Flare|p1b: Scrafty
|-damage|p1b: Scrafty|17/100
|move|p1b: Scrafty|Foul Play|p2b: Reshiram
|-damage|p2b: Reshiram|35/100
|
|-heal|p2b: Reshiram|41/100|[from] Grassy Terrain
|-heal|p1b: Scrafty|23/100|[from] Grassy Terrain
|upkeep
|turn|10
|
|t:|1750861067
|-terastallize|p1b: Scrafty|Fairy
|move|p2b: Reshiram|Fusion Flare|p1b: Scrafty
|-damage|p1b: Scrafty|0 fnt
|faint|p1b: Scrafty
|
|win|A0Y
|raw|cacoblu's rating: 1058 &rarr; <strong>1039</strong><br />(-19 for losing)
|raw|A0Y's rating: 1057 &rarr; <strong>1089</strong><br />(+32 for winning)
|l|☆A0Y
|player|p2|
|l|☆cacoblu
|player|p1|
