|j|☆Yukki.2k
|j|☆Yo-Yo Slime
|t:|1750815337
|gametype|doubles
|player|p1|Yukki.2k|shadowtriad|1118
|player|p2|Yo-Yo Slime|1|1063
|teamsize|p1|6
|teamsize|p2|6
|gen|9
|tier|[Gen 9] VGC 2025 Reg I
|rated|
|rule|Species Clause: Limit one of each Pokémon
|rule|Item Clause: Limit 1 of each item
|clearpoke
|poke|p1|Calyrex-Ice, L50|
|poke|p1|Miraidon, L50|
|poke|p1|Iron Hands, L50|
|poke|p1|Farigiraf, L50, F|
|poke|p1|Scraggy, L50, M|
|poke|p1|Iron Valiant, L50|
|poke|p2|Swalot, L50, F|
|poke|p2|Calyrex-Ice, L50|
|poke|p2|Groudon, L50|
|poke|p2|Indeedee-F, L50, F|
|poke|p2|Raging Bolt, L50|
|poke|p2|Brute Bonnet, L50|
|teampreview|4
|
|t:|1750815361
|start
|switch|p1a: Calyrex|Calyrex-Ice, L50|100/100
|switch|p1b: Scraggy|Scraggy, L50, M|100/100
|switch|p2a: Swalot|Swalot, L50, F|100/100
|switch|p2b: Groudon|Groudon, L50|100/100
|-ability|p1a: Calyrex|As One
|-ability|p1a: Calyrex|Unnerve
|-weather|SunnyDay|[from] ability: Drought|[of] p2b: Groudon
|-ability|p1b: Scraggy|Intimidate|boost
|-unboost|p2a: Swalot|atk|1
|-unboost|p2b: Groudon|atk|1
|turn|1
|
|t:|1750815379
|move|p1b: Scraggy|Fake Out|p2b: Groudon
|-damage|p2b: Groudon|95/100
|cant|p2b: Groudon|flinch
|move|p2a: Swalot|Solar Beam||[still]
|-prepare|p2a: Swalot|Solar Beam
|-anim|p2a: Swalot|Solar Beam|p1a: Calyrex
|-damage|p1a: Calyrex|81/100
|move|p1a: Calyrex|Trick Room|p1a: Calyrex
|-fieldstart|move: Trick Room|[of] p1a: Calyrex
|
|-weather|SunnyDay|[upkeep]
|upkeep
|turn|2
|
|t:|1750815399
|-terastallize|p1a: Calyrex|Water
|-terastallize|p2b: Groudon|Fire
|move|p2a: Swalot|Helping Hand|p2b: Groudon
|-singleturn|p2b: Groudon|Helping Hand|[of] p2a: Swalot
|move|p1b: Scraggy|Coaching|p1a: Calyrex
|-boost|p1a: Calyrex|atk|1
|-boost|p1a: Calyrex|def|1
|move|p1a: Calyrex|High Horsepower|p2a: Swalot
|-supereffective|p2a: Swalot
|-damage|p2a: Swalot|0 fnt
|faint|p2a: Swalot
|-ability|p1a: Calyrex|Chilling Neigh|boost
|-boost|p1a: Calyrex|atk|1
|move|p2b: Groudon|Heat Crash|p1a: Calyrex
|-resisted|p1a: Calyrex
|-damage|p1a: Calyrex|74/100
|
|-weather|SunnyDay|[upkeep]
|upkeep
|
|t:|1750815415
|switch|p2a: Indeedee|Indeedee-F, L50, F|100/100
|-fieldstart|move: Psychic Terrain|[from] ability: Psychic Surge|[of] p2a: Indeedee
|turn|3
|
|t:|1750815423
|switch|p2b: Calyrex|Calyrex-Ice, L50|100/100
|-ability|p2b: Calyrex|As One
|-ability|p2b: Calyrex|Unnerve
|move|p2a: Indeedee|Follow Me|p2a: Indeedee
|-singleturn|p2a: Indeedee|move: Follow Me
|move|p1b: Scraggy|Coaching|p1a: Calyrex
|-boost|p1a: Calyrex|atk|1
|-boost|p1a: Calyrex|def|1
|move|p1a: Calyrex|Glacial Lance|p2a: Indeedee|[spread] p2a,p2b
|-resisted|p2b: Calyrex
|-damage|p2a: Indeedee|0 fnt
|-damage|p2b: Calyrex|57/100
|faint|p2a: Indeedee
|-ability|p1a: Calyrex|Chilling Neigh|boost
|-boost|p1a: Calyrex|atk|1
|
|-weather|SunnyDay|[upkeep]
|upkeep
|
|t:|1750815435
|switch|p2a: Groudon|Groudon, L50, tera:Fire|95/100
|turn|4
|
|t:|1750815448
|move|p1b: Scraggy|Coaching|p1a: Calyrex
|-boost|p1a: Calyrex|atk|1
|-boost|p1a: Calyrex|def|1
|move|p1a: Calyrex|Glacial Lance|p2b: Calyrex|[spread] p2a,p2b
|-resisted|p2a: Groudon
|-resisted|p2b: Calyrex
|-damage|p2a: Groudon|35/100
|-damage|p2b: Calyrex|0 fnt
|faint|p2b: Calyrex
|-ability|p1a: Calyrex|Chilling Neigh|boost
|-boost|p1a: Calyrex|atk|1
|move|p2a: Groudon|Precipice Blades|p1b: Scraggy|[spread] p1a,p1b
|-damage|p1a: Calyrex|62/100
|-damage|p1b: Scraggy|23/100
|
|-weather|SunnyDay|[upkeep]
|upkeep
|turn|5
|
|t:|1750815463
|move|p1b: Scraggy|Coaching|p1a: Calyrex
|-boost|p1a: Calyrex|atk|0
|-boost|p1a: Calyrex|def|1
|move|p1a: Calyrex|Glacial Lance|p2a: Groudon
|-resisted|p2a: Groudon
|-damage|p2a: Groudon|0 fnt
|faint|p2a: Groudon
|
|win|Yukki.2k
|raw|Yukki.2k's rating: 1118 &rarr; <strong>1139</strong><br />(+21 for winning)
|raw|Yo-Yo Slime's rating: 1063 &rarr; <strong>1047</strong><br />(-16 for losing)
|l|☆Yo-Yo Slime
|player|p2|
|l|☆Yukki.2k
|player|p1|
