|j|☆mpds44
|j|☆rbblade
|t:|1750870974
|gametype|doubles
|player|p1|mpds44|lucas|1234
|player|p2|rbblade|2|1197
|teamsize|p1|6
|teamsize|p2|6
|gen|9
|tier|[Gen 9] VGC 2025 Reg I
|rated|
|rule|Species Clause: Limit one of each Pokémon
|rule|Item Clause: Limit 1 of each item
|clearpoke
|poke|p1|Koraidon, L50|
|poke|p1|Weezing-Galar, L50, F|
|poke|p1|Calyrex-Shadow, L50|
|poke|p1|Chi-Yu, L50|
|poke|p1|Walking Wake, L50|
|poke|p1|Brute Bonnet, L50|
|poke|p2|Annihilape, L50, M|
|poke|p2|Grimmsnarl, L50, M|
|poke|p2|Flutter Mane, L50|
|poke|p2|Glastrier, L50|
|poke|p2|Koraidon, L50|
|poke|p2|Solgaleo, L50|
|teampreview|4
|inactive|Battle timer is ON: inactive players will automatically lose when time's up. (requested by mpds44)
|inactive|mpds44 has 60 seconds left.
|inactive|rbblade has 60 seconds left.
|inactive|rbblade has 30 seconds left.
|inactive|rbblade has 20 seconds left.
|inactive|rbblade has 15 seconds left.
|inactive|rbblade has 10 seconds left.
|inactive|rbblade has 5 seconds left.
|
|t:|1750871064
|start
|switch|p1a: Koraidon|Koraidon, L50|100/100
|switch|p1b: Weezing|Weezing-Galar, L50, F|100/100
|switch|p2a: Annihilape|Annihilape, L50, M|100/100
|switch|p2b: Grimmsnarl|Grimmsnarl, L50, M|100/100
|-ability|p1b: Weezing|Neutralizing Gas
|-block|p1a: Koraidon|item: Ability Shield
|-weather|SunnyDay|[from] ability: Orichalcum Pulse|[of] p1a: Koraidon
|-activate|p1a: Koraidon|Orichalcum Pulse|[source]
|turn|1
|inactive|mpds44 has 30 seconds left.
|inactive|rbblade has 30 seconds left.
|inactive|mpds44 has 20 seconds left.
|inactive|rbblade has 20 seconds left.
|inactive|mpds44 has 15 seconds left.
|inactive|rbblade has 15 seconds left.
|inactive|mpds44 has 10 seconds left.
|inactive|rbblade has 10 seconds left.
|inactive|mpds44 has 5 seconds left.
|inactive|rbblade has 5 seconds left.
|
|t:|1750871119
|move|p1a: Koraidon|Protect|p1a: Koraidon
|-singleturn|p1a: Koraidon|Protect
|move|p2a: Annihilape|Drain Punch|p1a: Koraidon
|-activate|p1a: Koraidon|move: Protect
|move|p1b: Weezing|Taunt|p2b: Grimmsnarl
|-start|p2b: Grimmsnarl|move: Taunt
|cant|p2b: Grimmsnarl|move: Taunt|Reflect
|
|-weather|SunnyDay|[upkeep]
|upkeep
|turn|2
|inactive|rbblade has 30 seconds left.
|inactive|rbblade has 20 seconds left.
|inactive|rbblade has 15 seconds left.
|inactive|rbblade has 10 seconds left.
|inactive|rbblade has 5 seconds left.
|
|t:|1750871174
|-terastallize|p1a: Koraidon|Fire
|move|p1a: Koraidon|Flame Charge|p2a: Annihilape
|-damage|p2a: Annihilape|22/100
|-boost|p1a: Koraidon|spe|1
|-enditem|p2a: Annihilape|Red Card|[of] p1a: Koraidon
|drag|p1a: Brute Bonnet|Brute Bonnet, L50|100/100
|move|p2a: Annihilape|Drain Punch|p1a: Brute Bonnet
|-supereffective|p1a: Brute Bonnet
|-damage|p1a: Brute Bonnet|56/100
|-heal|p2a: Annihilape|48/100|[from] drain|[of] p1a: Brute Bonnet
|-damage|p2a: Annihilape|32/100|[from] item: Rocky Helmet|[of] p1a: Brute Bonnet
|move|p1b: Weezing|Strange Steam|p2a: Annihilape|[miss]
|-miss|p1b: Weezing|p2a: Annihilape
|move|p2b: Grimmsnarl|Spirit Break|p1a: Brute Bonnet
|-supereffective|p1a: Brute Bonnet
|-damage|p1a: Brute Bonnet|20/100
|-unboost|p1a: Brute Bonnet|spa|1
|-damage|p2b: Grimmsnarl|84/100|[from] item: Rocky Helmet|[of] p1a: Brute Bonnet
|
|-weather|SunnyDay|[upkeep]
|upkeep
|turn|3
|inactive|mpds44 has 30 seconds left.
|inactive|rbblade has 30 seconds left.
|inactive|mpds44 has 20 seconds left.
|inactive|rbblade has 20 seconds left.
|inactive|mpds44 has 15 seconds left.
|inactive|rbblade has 15 seconds left.
|inactive|mpds44 has 10 seconds left.
|inactive|rbblade has 10 seconds left.
|inactive|mpds44 has 5 seconds left.
|inactive|rbblade has 5 seconds left.
|
|t:|1750871229
|move|p2a: Annihilape|Drain Punch|p1b: Weezing
|-resisted|p1b: Weezing
|-damage|p1b: Weezing|94/100
|-heal|p2a: Annihilape|35/100|[from] drain|[of] p1b: Weezing
|move|p1b: Weezing|Strange Steam|p2b: Grimmsnarl
|-supereffective|p2b: Grimmsnarl
|-damage|p2b: Grimmsnarl|40/100
|move|p2b: Grimmsnarl|Spirit Break|p1a: Brute Bonnet
|-supereffective|p1a: Brute Bonnet
|-damage|p1a: Brute Bonnet|0 fnt
|-damage|p2b: Grimmsnarl|23/100|[from] item: Rocky Helmet|[of] p1a: Brute Bonnet
|faint|p1a: Brute Bonnet
|-end|p1a: Brute Bonnet|Protosynthesis|[silent]
|
|-weather|SunnyDay|[upkeep]
|-end|p2b: Grimmsnarl|move: Taunt
|upkeep
|
|t:|1750871243
|switch|p1a: Koraidon|Koraidon, L50, tera:Fire|100/100
|-activate|p1a: Koraidon|ability: Orichalcum Pulse
|turn|4
|inactive|rbblade has 30 seconds left.
|inactive|rbblade has 20 seconds left.
|inactive|rbblade has 15 seconds left.
|inactive|rbblade has 10 seconds left.
|inactive|rbblade has 5 seconds left.
|
|t:|1750871298
|move|p1a: Koraidon|Flame Charge|p2a: Annihilape
|-damage|p2a: Annihilape|0 fnt
|-boost|p1a: Koraidon|spe|1
|faint|p2a: Annihilape
|move|p1b: Weezing|Strange Steam|p2b: Grimmsnarl
|-supereffective|p2b: Grimmsnarl
|-damage|p2b: Grimmsnarl|0 fnt
|faint|p2b: Grimmsnarl
|
|-weather|SunnyDay|[upkeep]
|upkeep
|inactive|rbblade has 30 seconds left.
|inactive|rbblade has 20 seconds left.
|inactive|rbblade has 15 seconds left.
|inactive|rbblade has 10 seconds left.
|inactive|rbblade has 5 seconds left.
|
|t:|1750871353
|switch|p2a: Flutter Mane|Flutter Mane, L50|100/100
|switch|p2b: Glastrier|Glastrier, L50|100/100
|turn|5
|inactive|rbblade has 30 seconds left.
|inactive|rbblade has 20 seconds left.
|inactive|rbblade has 15 seconds left.
|inactive|rbblade has 10 seconds left.
|inactive|rbblade has 5 seconds left.
|
|t:|1750871408
|move|p1a: Koraidon|Flare Blitz|p2b: Glastrier
|-supereffective|p2b: Glastrier
|-crit|p2b: Glastrier
|-damage|p2b: Glastrier|0 fnt
|faint|p2b: Glastrier
|-damage|p1a: Koraidon|62/100|[from] Recoil
|move|p2a: Flutter Mane|Dazzling Gleam|p1a: Koraidon|[spread] p1a,p1b
|-resisted|p1a: Koraidon
|-resisted|p1b: Weezing
|-damage|p1a: Koraidon|45/100
|-damage|p1b: Weezing|79/100
|move|p1b: Weezing|Poison Gas|p2a: Flutter Mane
|-status|p2a: Flutter Mane|psn
|
|-weather|none
|-damage|p2a: Flutter Mane|88/100 psn|[from] psn
|upkeep
|turn|6
|inactive|mpds44 has 30 seconds left.
|inactive|rbblade has 30 seconds left.
|inactive|rbblade has 20 seconds left.
|inactive|rbblade has 15 seconds left.
|inactive|rbblade has 10 seconds left.
|inactive|rbblade has 5 seconds left.
|
|t:|1750871463
|move|p1a: Koraidon|Flare Blitz|p2a: Flutter Mane
|-damage|p2a: Flutter Mane|0 fnt
|faint|p2a: Flutter Mane
|-end|p2a: Flutter Mane|Protosynthesis|[silent]
|-damage|p1a: Koraidon|23/100|[from] Recoil
|
|win|mpds44
|raw|mpds44's rating: 1234 &rarr; <strong>1256</strong><br />(+22 for winning)
|raw|rbblade's rating: 1197 &rarr; <strong>1175</strong><br />(-22 for losing)
|l|☆mpds44
|player|p1|
