|j|☆raezan
|j|☆Jmariowo
|t:|1750839697
|gametype|doubles
|player|p1|raezan|hugh|1593
|player|p2|Jmariowo|iono|1596
|teamsize|p1|6
|teamsize|p2|6
|gen|9
|tier|[Gen 9] VGC 2025 Reg I
|rated|
|rule|Species Clause: Limit one of each Pokémon
|rule|Item Clause: Limit 1 of each item
|clearpoke
|poke|p1|Incineroar, L50, M|
|poke|p1|Indeedee-F, L50, F|
|poke|p1|Calyrex-Shadow, L50|
|poke|p1|Brute Bonnet, L50|
|poke|p1|Koraidon, L50|
|poke|p1|Scovillain, L50, M|
|poke|p2|Lunala, L50|
|poke|p2|Zamazenta-*, L50|
|poke|p2|Ogerpon-Hearthflame, L50, F|
|poke|p2|Rillaboom, L50, M|
|poke|p2|Chien-Pao, L50|
|poke|p2|Thundurus, L50, M|
|teampreview|4
|
|t:|1750839759
|start
|switch|p1a: Koraidon|Koraidon, L50|100/100
|switch|p1b: Scovillain|Scovillain, L50, M|100/100
|switch|p2a: Lunala|Lunala, L50|100/100
|switch|p2b: Chien-Pao|Chien-Pao, L50|100/100
|-ability|p2b: Chien-Pao|Sword of Ruin
|-weather|SunnyDay|[from] ability: Orichalcum Pulse|[of] p1a: Koraidon
|-activate|p1a: Koraidon|Orichalcum Pulse|[source]
|turn|1
|
|t:|1750839785
|-terastallize|p1a: Koraidon|Fire
|move|p1b: Scovillain|Rage Powder|p1b: Scovillain
|-singleturn|p1b: Scovillain|move: Rage Powder
|move|p2b: Chien-Pao|Ice Spinner|p1b: Scovillain
|-damage|p1b: Scovillain|8/100
|move|p1a: Koraidon|Flame Charge|p2b: Chien-Pao
|-supereffective|p2b: Chien-Pao
|-enditem|p2b: Chien-Pao|Focus Sash
|-damage|p2b: Chien-Pao|1/100
|-boost|p1a: Koraidon|spe|1
|move|p2a: Lunala|Meteor Beam||[still]
|-prepare|p2a: Lunala|Meteor Beam
|-boost|p2a: Lunala|spa|1
|-enditem|p2a: Lunala|Power Herb
|-anim|p2a: Lunala|Meteor Beam|p1b: Scovillain
|-supereffective|p1b: Scovillain
|-damage|p1b: Scovillain|0 fnt
|faint|p1b: Scovillain
|
|-weather|SunnyDay|[upkeep]
|upkeep
|
|t:|1750839803
|switch|p1b: Brute Bonnet|Brute Bonnet, L50|100/100
|-activate|p1b: Brute Bonnet|ability: Protosynthesis
|-start|p1b: Brute Bonnet|protosynthesisdef
|turn|2
|
|t:|1750839828
|switch|p2a: Rillaboom|Rillaboom, L50, M|100/100
|-fieldstart|move: Grassy Terrain|[from] ability: Grassy Surge|[of] p2a: Rillaboom
|move|p1a: Koraidon|Flame Charge|p2b: Chien-Pao
|-supereffective|p2b: Chien-Pao
|-damage|p2b: Chien-Pao|0 fnt
|-boost|p1a: Koraidon|spe|1
|faint|p2b: Chien-Pao
|move|p1b: Brute Bonnet|Spore|p2a: Rillaboom
|-immune|p2a: Rillaboom
|
|-weather|SunnyDay|[upkeep]
|upkeep
|
|t:|1750839839
|switch|p2b: Lunala|Lunala, L50|100/100
|turn|3
|
|t:|1750839851
|move|p2a: Rillaboom|Fake Out|p1b: Brute Bonnet
|-damage|p1b: Brute Bonnet|95/100
|move|p1a: Koraidon|Flame Charge|p2a: Rillaboom
|-supereffective|p2a: Rillaboom
|-damage|p2a: Rillaboom|0 fnt
|-boost|p1a: Koraidon|spe|1
|faint|p2a: Rillaboom
|move|p2b: Lunala|Moongeist Beam|p1a: Koraidon
|-damage|p1a: Koraidon|43/100
|cant|p1b: Brute Bonnet|flinch
|
|-weather|SunnyDay|[upkeep]
|-heal|p1a: Koraidon|49/100|[from] Grassy Terrain
|-heal|p1b: Brute Bonnet|100/100|[from] Grassy Terrain
|upkeep
|
|t:|1750839859
|switch|p2a: Zamazenta|Zamazenta-Crowned, L50|100/100
|-ability|p2a: Zamazenta|Dauntless Shield|boost
|-boost|p2a: Zamazenta|def|1
|turn|4
|
|t:|1750839866
|-terastallize|p2a: Zamazenta|Dragon
|move|p1b: Brute Bonnet|Sucker Punch|p2b: Lunala
|-supereffective|p2b: Lunala
|-crit|p2b: Lunala
|-damage|p2b: Lunala|32/100
|move|p1a: Koraidon|Flare Blitz|p2b: Lunala
|-damage|p2b: Lunala|0 fnt
|faint|p2b: Lunala
|-damage|p1a: Koraidon|35/100|[from] Recoil
|move|p2a: Zamazenta|Body Press|p1b: Brute Bonnet
|-supereffective|p1b: Brute Bonnet
|-damage|p1b: Brute Bonnet|32/100
|
|-weather|SunnyDay|[upkeep]
|-heal|p1a: Koraidon|41/100|[from] Grassy Terrain
|-heal|p1b: Brute Bonnet|38/100|[from] Grassy Terrain
|upkeep
|turn|5
|-message|Jmariowo forfeited.
|
|win|raezan
|raw|raezan's rating: 1593 &rarr; <strong>1613</strong><br />(+20 for winning)
|raw|Jmariowo's rating: 1596 &rarr; <strong>1576</strong><br />(-20 for losing)
|l|☆Jmariowo
|player|p2|
|l|☆raezan
|player|p1|
