|j|☆DBWaffles
|j|☆Top1PercentPlayer
|t:|1750712089
|gametype|doubles
|player|p1|DBWaffles|102|1229
|player|p2|Top1PercentPlayer|266|1171
|teamsize|p1|5
|teamsize|p2|6
|gen|9
|tier|[Gen 9] VGC 2025 Reg I
|rated|
|rule|Species Clause: Limit one of each Pokémon
|rule|Item Clause: Limit 1 of each item
|clearpoke
|poke|p1|Masquerain, L50, M|
|poke|p1|Incineroar, L50, M|
|poke|p1|Miraidon, L50|
|poke|p1|Rillaboom, L50, M|
|poke|p1|Zacian-*, L50|
|poke|p2|Calyrex-Ice, L50|
|poke|p2|Trevenant, L50, F|
|poke|p2|Ogerpon-Cornerstone, L50, F|
|poke|p2|Lunala, L50|
|poke|p2|Indeedee-F, L50, F|
|poke|p2|Incineroar, L50, F|
|teampreview|4
Top1PercentPlayer rejected open team sheets.
|inactive|Battle timer is ON: inactive players will automatically lose when time's up. (requested by Top1PercentPlayer)
|inactive|DBWaffles has 60 seconds left.
|
|t:|1750712151
|start
|switch|p1a: Incineroar|Incineroar, L50, M|100/100
|switch|p1b: Miraidon|Miraidon, L50|100/100
|switch|p2a: Indeedee|Indeedee-F, L50, F|100/100
|switch|p2b: Calyrex|Calyrex-Ice, L50|100/100
|-ability|p2b: Calyrex|As One
|-ability|p2b: Calyrex|Unnerve
|-fieldstart|move: Electric Terrain|[from] ability: Hadron Engine|[of] p1b: Miraidon
|-fieldstart|move: Psychic Terrain|[from] ability: Psychic Surge|[of] p2a: Indeedee
|-enditem|p2a: Indeedee|Psychic Seed
|-boost|p2a: Indeedee|spd|1|[from] item: Psychic Seed
|-ability|p1a: Incineroar|Intimidate|boost
|-unboost|p2a: Indeedee|atk|1
|-fail|p2b: Calyrex|unboost|[from] item: Clear Amulet|[of] p2b: Calyrex
|turn|1
|inactive|DBWaffles has 30 seconds left.
|inactive|Top1PercentPlayer has 30 seconds left.
|inactive|Top1PercentPlayer has 20 seconds left.
|
|t:|1750712187
|move|p1b: Miraidon|Draco Meteor|p2a: Indeedee
|-damage|p2a: Indeedee|32/100
|-unboost|p1b: Miraidon|spa|2
|move|p2b: Calyrex|Glacial Lance|p1a: Incineroar|[spread] p1a,p1b
|-resisted|p1a: Incineroar
|-supereffective|p1b: Miraidon
|-damage|p1a: Incineroar|75/100
|-damage|p1b: Miraidon|0 fnt
|faint|p1b: Miraidon
|-ability|p2b: Calyrex|Chilling Neigh|boost
|-boost|p2b: Calyrex|atk|1
|move|p1a: Incineroar|Roar|p2b: Calyrex
|drag|p2b: Incineroar|Incineroar, L50, F|100/100
|-ability|p2b: Incineroar|Intimidate|boost
|-unboost|p1a: Incineroar|atk|1
|move|p2a: Indeedee|Trick Room|p2a: Indeedee
|-fieldstart|move: Trick Room|[of] p2a: Indeedee
|
|upkeep
|
|t:|1750712199
|switch|p1b: Zacian|Zacian-Crowned, L50|100/100
|-ability|p1b: Zacian|Intrepid Sword|boost
|-boost|p1b: Zacian|atk|1
|turn|2
|
|t:|1750712223
|switch|p1a: Masquerain|Masquerain, L50, M|100/100
|-ability|p1a: Masquerain|Intimidate|boost
|-unboost|p2a: Indeedee|atk|1
|-unboost|p2b: Incineroar|atk|1
|move|p2a: Indeedee|Follow Me|p2a: Indeedee
|-singleturn|p2a: Indeedee|move: Follow Me
|move|p2b: Incineroar|Flare Blitz|p1b: Zacian
|-supereffective|p1b: Zacian
|-damage|p1b: Zacian|40/100
|-damage|p2b: Incineroar|81/100|[from] Recoil
|move|p1b: Zacian|Swords Dance|p1b: Zacian
|-boost|p1b: Zacian|atk|2
|
|upkeep
|turn|3
|
|t:|1750712247
|move|p1b: Zacian|Protect|p1b: Zacian
|-singleturn|p1b: Zacian|Protect
|move|p2a: Indeedee|Follow Me|p2a: Indeedee
|-singleturn|p2a: Indeedee|move: Follow Me
|move|p2b: Incineroar|U-turn|p1a: Masquerain
|-resisted|p1a: Masquerain
|-damage|p1a: Masquerain|91/100
|
|t:|1750712254
|switch|p2b: Calyrex|Calyrex-Ice, L50|100/100|[from] U-turn
|-ability|p2b: Calyrex|As One
|-ability|p2b: Calyrex|Unnerve
|move|p1a: Masquerain|U-turn|p2a: Indeedee
|-supereffective|p2a: Indeedee
|-damage|p2a: Indeedee|2/100
|
|t:|1750712257
|switch|p1a: Incineroar|Incineroar, L50, M|75/100|[from] U-turn
|-ability|p1a: Incineroar|Intimidate|boost
|-unboost|p2a: Indeedee|atk|1
|-fail|p2b: Calyrex|unboost|[from] item: Clear Amulet|[of] p2b: Calyrex
|
|upkeep
|turn|4
|
|t:|1750712266
|move|p2a: Indeedee|Helping Hand|p2b: Calyrex
|-singleturn|p2b: Calyrex|Helping Hand|[of] p2a: Indeedee
|move|p2b: Calyrex|High Horsepower|p1b: Zacian
|-supereffective|p1b: Zacian
|-damage|p1b: Zacian|0 fnt
|faint|p1b: Zacian
|-ability|p2b: Calyrex|Chilling Neigh|boost
|-boost|p2b: Calyrex|atk|1
|move|p1a: Incineroar|Knock Off|p2b: Calyrex
|-supereffective|p2b: Calyrex
|-damage|p2b: Calyrex|56/100
|-enditem|p2b: Calyrex|Clear Amulet|[from] move: Knock Off|[of] p1a: Incineroar
|
|upkeep
|
|t:|1750712273
|switch|p1b: Masquerain|Masquerain, L50, M|91/100
|-ability|p1b: Masquerain|Intimidate|boost
|-unboost|p2a: Indeedee|atk|1
|-unboost|p2b: Calyrex|atk|1
|turn|5
|-message|DBWaffles forfeited.
|
|win|Top1PercentPlayer
|raw|DBWaffles's rating: 1229 &rarr; <strong>1200</strong><br />(-29 for losing)
|raw|Top1PercentPlayer's rating: 1171 &rarr; <strong>1200</strong><br />(+29 for winning)
|l|☆DBWaffles
|player|p1|
|l|☆Top1PercentPlayer
|player|p2|
