|j|☆sean098765
|j|☆Mashi's
|t:|1750875060
|gametype|doubles
|player|p1|sean098765|fisherman-gen4|1118
|player|p2|Mashi's|lady-gen4|1088
|teamsize|p1|6
|teamsize|p2|6
|gen|9
|tier|[Gen 9] VGC 2025 Reg I
|rated|
|rule|Species Clause: Limit one of each Pokémon
|rule|Item Clause: Limit 1 of each item
|clearpoke
|poke|p1|Terapagos, L50, M|
|poke|p1|Miraidon, L50|
|poke|p1|Smeargle, L50, M|
|poke|p1|Comfey, L50, M|
|poke|p1|Incineroar, L50, M|
|poke|p1|Urshifu-*, L50, M|
|poke|p2|Goodra-Hisui, L50, M|
|poke|p2|Vaporeon, L50, F|
|poke|p2|Volcarona, L50, F|
|poke|p2|Slither Wing, L50|
|poke|p2|Tsareena, L50, F|
|poke|p2|Armarouge, L50, M|
|teampreview|4
|inactive|Battle timer is ON: inactive players will automatically lose when time's up. (requested by Mashi's)
|inactive|Mashi's has 60 seconds left.
|
|t:|1750875101
|start
|switch|p1a: Terapagos|Terapagos, L50, M|100/100
|switch|p1b: Smeargle|Smeargle, L50, M|100/100
|switch|p2a: Tsareena|Tsareena, L50, F|100/100
|switch|p2b: Volcarona|Volcarona, L50, F|100/100
|-activate|p1a: Terapagos|ability: Tera Shift
|detailschange|p1a: Terapagos|Terapagos-Terastal, L50, M
|-heal|p1a: Terapagos|100/100|[silent]
|turn|1
|inactive|Mashi's has 30 seconds left.
|
|t:|1750875126
|move|p1b: Smeargle|Decorate|p1a: Terapagos
|-boost|p1a: Terapagos|atk|2
|-boost|p1a: Terapagos|spa|2
|move|p2b: Volcarona|Tailwind|p2b: Volcarona
|-sidestart|p2: Mashi's|move: Tailwind
|move|p2a: Tsareena|Play Rough|p1b: Smeargle
|-damage|p1b: Smeargle|23/100
|-damage|p2a: Tsareena|91/100|[from] item: Life Orb
|move|p1a: Terapagos|Calm Mind|p1a: Terapagos
|-boost|p1a: Terapagos|spa|1
|-boost|p1a: Terapagos|spd|1
|
|-ability|p1b: Smeargle|Moody|boost
|-boost|p1b: Smeargle|spd|2
|-unboost|p1b: Smeargle|def|1
|upkeep
|turn|2
|inactive|Mashi's has 30 seconds left.
|
|t:|1750875152
|switch|p1b: Miraidon|Miraidon, L50|100/100
|-fieldstart|move: Electric Terrain|[from] ability: Hadron Engine|[of] p1b: Miraidon
|-enditem|p1a: Terapagos|Electric Seed
|-boost|p1a: Terapagos|def|1|[from] item: Electric Seed
|-terastallize|p1a: Terapagos|Stellar
|detailschange|p1a: Terapagos|Terapagos-Stellar, L50, M, tera:Stellar
|-heal|p1a: Terapagos|100/100|[silent]
|-ability|p1a: Terapagos|Teraform Zero
|-fieldend|move: Electric Terrain
|move|p2b: Volcarona|Struggle Bug|p1a: Terapagos|[spread] p1a,p1b
|-crit|p1b: Miraidon
|-damage|p1a: Terapagos|93/100
|-damage|p1b: Miraidon|78/100
|-unboost|p1a: Terapagos|spa|1
|move|p2a: Tsareena|Play Rough|p1a: Terapagos
|-damage|p1a: Terapagos|80/100
|-damage|p2a: Tsareena|82/100|[from] item: Life Orb
|move|p1a: Terapagos|Tera Starstorm|p2a: Tsareena|[spread] p2a,p2b
|-damage|p2a: Tsareena|0 fnt
|-damage|p2b: Volcarona|20/100
|faint|p2a: Tsareena
|
|upkeep
|
|t:|1750875176
|switch|p2a: Vaporeon|Vaporeon, L50, F|100/100
|turn|3
|
|t:|1750875187
|move|p2b: Volcarona|Struggle Bug|p1a: Terapagos|[spread] p1a,p1b
|-damage|p1a: Terapagos|73/100
|-damage|p1b: Miraidon|62/100
|-unboost|p1a: Terapagos|spa|1
|move|p1b: Miraidon|Volt Switch|p2a: Vaporeon
|-supereffective|p2a: Vaporeon
|-damage|p2a: Vaporeon|47/100
|-enditem|p2a: Vaporeon|Sitrus Berry|[eat]
|-heal|p2a: Vaporeon|72/100|[from] item: Sitrus Berry
|
|t:|1750875196
|switch|p1b: Comfey|Comfey, L50, M|100/100|[from] Volt Switch
|move|p2a: Vaporeon|Scald|p1a: Terapagos
|-damage|p1a: Terapagos|60/100
|move|p1a: Terapagos|Tera Starstorm|p2b: Volcarona|[spread] p2a,p2b
|-damage|p2a: Vaporeon|28/100
|-damage|p2b: Volcarona|0 fnt
|faint|p2b: Volcarona
|
|upkeep
|
|t:|1750875206
|switch|p2b: Slither Wing|Slither Wing, L50|100/100
|turn|4
|
|t:|1750875218
|move|p1b: Comfey|Floral Healing|p1a: Terapagos
|-heal|p1a: Terapagos|100/100
|move|p2b: Slither Wing|Close Combat|p1a: Terapagos
|-supereffective|p1a: Terapagos
|-crit|p1a: Terapagos
|-damage|p1a: Terapagos|0 fnt
|-unboost|p2b: Slither Wing|def|1
|-unboost|p2b: Slither Wing|spd|1
|faint|p1a: Terapagos
|detailschange|p1: Terapagos|Terapagos, L50, M|[silent]
|move|p2a: Vaporeon|Scald|p1b: Comfey
|-damage|p1b: Comfey|71/100
|
|-sideend|p2: Mashi's|move: Tailwind
|upkeep
|
|t:|1750875226
|switch|p1a: Smeargle|Smeargle, L50, M|23/100
|turn|5
|
|t:|1750875243
|switch|p1b: Miraidon|Miraidon, L50|62/100
|-fieldstart|move: Electric Terrain|[from] ability: Hadron Engine|[of] p1b: Miraidon
|move|p1a: Smeargle|Decorate|p1b: Miraidon
|-boost|p1b: Miraidon|atk|2
|-boost|p1b: Miraidon|spa|2
|move|p2b: Slither Wing|Earthquake|p1a: Smeargle|[spread] p2a,p1a,p1b
|-supereffective|p1b: Miraidon
|-damage|p2a: Vaporeon|5/100
|-damage|p1a: Smeargle|0 fnt
|-damage|p1b: Miraidon|6/100
|faint|p1a: Smeargle
|move|p2a: Vaporeon|Scald|p1b: Miraidon
|-resisted|p1b: Miraidon
|-damage|p1b: Miraidon|0 fnt
|faint|p1b: Miraidon
|
|upkeep
|
|t:|1750875246
|switch|p1b: Comfey|Comfey, L50, M|71/100
|turn|6
|
|t:|1750875264
|move|p1b: Comfey|Draining Kiss|p2a: Vaporeon
|-damage|p2a: Vaporeon|0 fnt
|-heal|p1b: Comfey|76/100|[from] drain|[of] p2a: Vaporeon
|faint|p2a: Vaporeon
|move|p2b: Slither Wing|Wild Charge|p1b: Comfey
|-damage|p1b: Comfey|25/100
|-damage|p2b: Slither Wing|84/100|[from] item: Rocky Helmet|[of] p1b: Comfey
|-damage|p2b: Slither Wing|72/100|[from] Recoil
|
|upkeep
|turn|7
|
|t:|1750875277
|-terastallize|p2b: Slither Wing|Electric
|move|p1b: Comfey|Draining Kiss|p2b: Slither Wing
|-damage|p2b: Slither Wing|58/100
|-heal|p1b: Comfey|37/100|[from] drain|[of] p2b: Slither Wing
|move|p2b: Slither Wing|Wild Charge|p1b: Comfey
|-damage|p1b: Comfey|0 fnt
|-damage|p2b: Slither Wing|42/100|[from] item: Rocky Helmet|[of] p1b: Comfey
|faint|p1b: Comfey
|-damage|p2b: Slither Wing|34/100|[from] Recoil
|
|win|Mashi's
|raw|sean098765's rating: 1118 &rarr; <strong>1091</strong><br />(-27 for losing)
|raw|Mashi&apos;s's rating: 1088 &rarr; <strong>1117</strong><br />(+29 for winning)
|l|☆sean098765
|player|p1|
|l|☆Mashi's
|player|p2|
