|j|☆DonnyBoy766
|j|☆TheBonkobeo
|t:|1750830075
|gametype|doubles
|player|p1|DonnyBoy766|101|1080
|player|p2|TheBonkobeo|red|1080
|teamsize|p1|6
|teamsize|p2|6
|gen|9
|tier|[Gen 9] VGC 2025 Reg I
|rated|
|rule|Species Clause: Limit one of each Pokémon
|rule|Item Clause: Limit 1 of each item
|clearpoke
|poke|p1|Giratina-Origin, L50|
|poke|p1|Sneasler, L50, F|
|poke|p1|Calyrex-Shadow, L50|
|poke|p1|Whimsicott, L50, F|
|poke|p1|Gyarados, L50, F|
|poke|p1|Chi-Yu, L50|
|poke|p2|Ditto, L50|
|poke|p2|Scraggy, L50, M|
|poke|p2|Calyrex-Ice, L50|
|poke|p2|Iron Hands, L50|
|poke|p2|Necrozma-Dawn-Wings, L50|
|poke|p2|Amoonguss, L50, M|
|teampreview|4
|inactive|Battle timer is ON: inactive players will automatically lose when time's up. (requested by TheBonkobeo)
TheBonkobeo rejected open team sheets.
|
|t:|1750830097
|start
|switch|p1a: Whimsicott|Whimsicott, L50, F|100/100
|switch|p1b: Sneasler|Sneasler, L50, F|100/100
|switch|p2a: Amoonguss|Amoonguss, L50, M, shiny|100/100
|switch|p2b: Necrozma|Necrozma-Dawn-Wings, L50, shiny|100/100
|turn|1
|
|t:|1750830111
|move|p2a: Amoonguss|Rage Powder|p2a: Amoonguss
|-singleturn|p2a: Amoonguss|move: Rage Powder
|move|p1a: Whimsicott|Tailwind|p1a: Whimsicott
|-sidestart|p1: DonnyBoy766|move: Tailwind
|move|p1b: Sneasler|Dire Claw|p2a: Amoonguss
|-damage|p2a: Amoonguss|64/100
|move|p2b: Necrozma|Trick Room|p2b: Necrozma
|-fieldstart|move: Trick Room|[of] p2b: Necrozma
|
|-heal|p2a: Amoonguss|69/100|[from] item: Leftovers
|upkeep
|turn|2
|
|t:|1750830135
|switch|p2a: Calyrex|Calyrex-Ice, L50|100/100
|-ability|p2a: Calyrex|As One
|-ability|p2a: Calyrex|Unnerve
|move|p2b: Necrozma|Moongeist Beam|p1b: Sneasler
|-damage|p1b: Sneasler|29/100
|move|p1b: Sneasler|Dire Claw|p2a: Calyrex
|-damage|p2a: Calyrex|76/100
|-status|p2a: Calyrex|par
|move|p1a: Whimsicott|Trick Room|p1a: Whimsicott
|-fieldend|move: Trick Room
|
|upkeep
|turn|3
|inactive|DonnyBoy766 has 30 seconds left.
|
|t:|1750830162
|switch|p2a: Amoonguss|Amoonguss, L50, M, shiny|100/100
|move|p1a: Whimsicott|Light Screen|p1a: Whimsicott
|-sidestart|p1: DonnyBoy766|move: Light Screen
|move|p1b: Sneasler|Dire Claw|p2a: Amoonguss
|-damage|p2a: Amoonguss|67/100
|move|p2b: Necrozma|Trick Room|p2b: Necrozma
|-fieldstart|move: Trick Room|[of] p2b: Necrozma
|
|-heal|p2a: Amoonguss|73/100|[from] item: Leftovers
|upkeep
|turn|4
|
|t:|1750830180
|move|p2a: Amoonguss|Pollen Puff|p1b: Sneasler
|-resisted|p1b: Sneasler
|-damage|p1b: Sneasler|24/100
|move|p1b: Sneasler|Dire Claw|p2b: Necrozma
|-resisted|p2b: Necrozma
|-damage|p2b: Necrozma|85/100
|-status|p2b: Necrozma|psn|[from] ability: Poison Touch|[of] p1b: Sneasler
|move|p1a: Whimsicott|Trick Room|p1a: Whimsicott
|-fieldend|move: Trick Room
|move|p2b: Necrozma|Trick Room|p2b: Necrozma
|-fieldstart|move: Trick Room|[of] p2b: Necrozma
|
|-heal|p2a: Amoonguss|79/100|[from] item: Leftovers
|-damage|p2b: Necrozma|73/100 psn|[from] psn
|-sideend|p1: DonnyBoy766|move: Tailwind
|upkeep
|turn|5
|inactive|DonnyBoy766 has 30 seconds left.
|inactive|TheBonkobeo has 30 seconds left.
|inactive|DonnyBoy766 has 20 seconds left.
|
|t:|1750830218
|switch|p1b: Giratina|Giratina-Origin, L50|100/100
|move|p2a: Amoonguss|Spore|p1b: Giratina
|-status|p1b: Giratina|slp|[from] move: Spore
|move|p2b: Necrozma|Photon Geyser|p1a: Whimsicott
|-damage|p1a: Whimsicott|59/100
|move|p1a: Whimsicott|Dazzling Gleam|p2b: Necrozma|[spread] p2a,p2b
|-resisted|p2a: Amoonguss
|-crit|p2a: Amoonguss
|-damage|p2a: Amoonguss|68/100
|-damage|p2b: Necrozma|60/100 psn
|
|-heal|p2a: Amoonguss|74/100|[from] item: Leftovers
|-damage|p2b: Necrozma|48/100 psn|[from] psn
|upkeep
|-enditem|p2b: Necrozma|Sitrus Berry|[eat]
|-heal|p2b: Necrozma|73/100 psn|[from] item: Sitrus Berry
|turn|6
|
|t:|1750830243
|move|p2a: Amoonguss|Pollen Puff|p1a: Whimsicott
|-damage|p1a: Whimsicott|45/100
|move|p2b: Necrozma|Photon Geyser|p1a: Whimsicott
|-damage|p1a: Whimsicott|5/100
|cant|p1b: Giratina|slp
|move|p1a: Whimsicott|Trick Room|p1a: Whimsicott
|-fieldend|move: Trick Room
|
|-heal|p2a: Amoonguss|80/100|[from] item: Leftovers
|-damage|p2b: Necrozma|61/100 psn|[from] psn
|upkeep
|turn|7
|
|t:|1750830263
|switch|p1a: Sneasler|Sneasler, L50, F|24/100
|switch|p1b: Calyrex|Calyrex-Shadow, L50|100/100
|-ability|p1b: Calyrex|As One
|-ability|p1b: Calyrex|Unnerve
|move|p2a: Amoonguss|Pollen Puff|p1a: Sneasler
|-resisted|p1a: Sneasler
|-damage|p1a: Sneasler|20/100
|move|p2b: Necrozma|Trick Room|p2b: Necrozma
|-fieldstart|move: Trick Room|[of] p2b: Necrozma
|
|-heal|p2a: Amoonguss|86/100|[from] item: Leftovers
|-damage|p2b: Necrozma|49/100 psn|[from] psn
|-sideend|p1: DonnyBoy766|move: Light Screen
|upkeep
|turn|8
|inactive|DonnyBoy766 has 30 seconds left.
|
|t:|1750830295
|move|p1a: Sneasler|Fake Out|p2b: Necrozma
|-immune|p2b: Necrozma
|move|p2a: Amoonguss|Spore|p1b: Calyrex
|-status|p1b: Calyrex|slp|[from] move: Spore
|move|p2b: Necrozma|Photon Geyser|p1a: Sneasler
|-supereffective|p1a: Sneasler
|-damage|p1a: Sneasler|0 fnt
|faint|p1a: Sneasler
|cant|p1b: Calyrex|slp
|
|-heal|p2a: Amoonguss|92/100|[from] item: Leftovers
|-damage|p2b: Necrozma|37/100 psn|[from] psn
|upkeep
|
|t:|1750830302
|switch|p1a: Giratina|Giratina-Origin, L50|100/100 slp
|turn|9
|
|t:|1750830321
|switch|p2a: Calyrex|Calyrex-Ice, L50|76/100 par
|-ability|p2a: Calyrex|As One
|-ability|p2a: Calyrex|Unnerve
|switch|p2b: Scraggy|Scraggy, L50, M, shiny|100/100
|-ability|p2b: Scraggy|Intimidate|boost
|-unboost|p1a: Giratina|atk|1
|-unboost|p1b: Calyrex|atk|1
|-curestatus|p1a: Giratina|slp|[msg]
|move|p1a: Giratina|Poltergeist|p2b: Scraggy
|-activate|p2b: Scraggy|move: Poltergeist|Eviolite
|-resisted|p2b: Scraggy
|-damage|p2b: Scraggy|85/100
|-curestatus|p1b: Calyrex|slp|[msg]
|move|p1b: Calyrex|Astral Barrage|p2b: Scraggy|[spread] p2a,p2b
|-supereffective|p2a: Calyrex
|-resisted|p2b: Scraggy
|-damage|p2a: Calyrex|3/100 par
|-damage|p2b: Scraggy|57/100
|-damage|p1b: Calyrex|91/100|[from] item: Life Orb
|
|upkeep
|turn|10
|inactive|DonnyBoy766 has 30 seconds left.
|inactive|TheBonkobeo has 30 seconds left.
|inactive|DonnyBoy766 has 20 seconds left.
|
|t:|1750830357
|-terastallize|p2a: Calyrex|Ice
|-terastallize|p1b: Calyrex|Psychic
|move|p2b: Scraggy|Helping Hand|p2a: Calyrex
|-singleturn|p2a: Calyrex|Helping Hand|[of] p2b: Scraggy
|move|p2a: Calyrex|Glacial Lance|p1b: Calyrex|[spread] p1a,p1b
|-supereffective|p1a: Giratina
|-damage|p1a: Giratina|0 fnt
|-damage|p1b: Calyrex|0 fnt
|faint|p1a: Giratina
|faint|p1b: Calyrex
|-ability|p2a: Calyrex|Chilling Neigh|boost
|-boost|p2a: Calyrex|atk|2
|
|upkeep
|
|t:|1750830372
|switch|p1b: Whimsicott|Whimsicott, L50, F|5/100
|turn|11
|
|t:|1750830384
|move|p2b: Scraggy|Helping Hand|p2a: Calyrex
|-singleturn|p2a: Calyrex|Helping Hand|[of] p2b: Scraggy
|move|p2a: Calyrex|Glacial Lance|p1b: Whimsicott
|-supereffective|p1b: Whimsicott
|-damage|p1b: Whimsicott|0 fnt
|faint|p1b: Whimsicott
|
|win|TheBonkobeo
|raw|DonnyBoy766's rating: 1080 &rarr; <strong>1058</strong><br />(-22 for losing)
|raw|TheBonkobeo's rating: 1080 &rarr; <strong>1108</strong><br />(+28 for winning)
|l|☆TheBonkobeo
|player|p2|
|l|☆DonnyBoy766
|player|p1|
