|j|☆TimBomb
|j|☆shockeim1
|t:|1750747805
|gametype|doubles
|player|p1|TimBomb|palmer|1132
|player|p2|shockeim1|palmer|1222
|teamsize|p1|6
|teamsize|p2|6
|gen|9
|tier|[Gen 9] VGC 2025 Reg I
|rated|
|rule|Species Clause: Limit one of each Pokémon
|rule|Item Clause: Limit 1 of each item
|clearpoke
|poke|p1|Calyrex-Ice, L50|
|poke|p1|Spectrier, L50|
|poke|p1|Glastrier, L50|
|poke|p1|Volcarona, L50, M|
|poke|p1|Araquanid, L50, F|
|poke|p1|Palkia-Origin, L50|
|poke|p2|Miraidon, L50|
|poke|p2|Calyrex-Shadow, L50|
|poke|p2|Ogerpon-Cornerstone, L50, F|
|poke|p2|Whimsicott, L50, F|
|poke|p2|Iron Hands, L50|
|poke|p2|Urshifu-*, L50, F|
|teampreview|4
TimBomb has agreed to open team sheets.
shockeim1 has agreed to open team sheets.
|showteam|p1|Calyrex-Ice||ClearAmulet|AsOneGlastrier|GlacialLance,HighHorsepower,TrickRoom,Protect||||||50|,,,,,Fairy]Spectrier||FocusSash|GrimNeigh|Taunt,Curse,ShadowBall,Psychic||||||50|,,,,,Normal]Glastrier||AguavBerry|ChillingNeigh|Curse,Avalanche,Bulldoze,HeavySlam||||||50|,,,,,Ghost]Volcarona||SafetyGoggles|FlameBody|WillOWisp,RagePowder,StruggleBug,Overheat|||M|||50|,,,,,Water]Araquanid||Leftovers|WaterBubble|WideGuard,PowerSplit,Liquidation,StickyWeb|||F|||50|,,,,,Water]Palkia-Origin||LustrousGlobe|Pressure|DracoMeteor,Surf,SpacialRend,Protect||||||50|,,,,,Water
|showteam|p2|Miraidon||ChoiceSpecs|HadronEngine|ElectroDrift,DracoMeteor,VoltSwitch,DazzlingGleam||||||50|,,,,,Fairy]Calyrex-Shadow||LifeOrb|AsOneSpectrier|Protect,NastyPlot,Psychic,AstralBarrage||||||50|,,,,,Dark]Ogerpon-Cornerstone||CornerstoneMask|Sturdy|PowerWhip,SpikyShield,FollowMe,IvyCudgel|||F|||50|,,,,,Rock]Whimsicott||CovertCloak|Prankster|Moonblast,Tailwind,Encore,HelpingHand|||F|||50|,,,,,Dark]Iron Hands||AssaultVest|QuarkDrive|FakeOut,WildCharge,DrainPunch,LowKick||||||50|,,,,,Water]Urshifu-Rapid-Strike||ChoiceBand|UnseenFist|SurgingStrikes,CloseCombat,Uturn,AquaJet|||F|||50|,,,,,Ghost
|
|t:|1750747870
|start
|switch|p1a: Calyrex|Calyrex-Ice, L50|100/100
|switch|p1b: Volcarona|Volcarona, L50, M|100/100
|switch|p2a: Miraidon|Miraidon, L50|100/100
|switch|p2b: Calyrex|Calyrex-Shadow, L50|100/100
|-ability|p2b: Calyrex|As One
|-ability|p2b: Calyrex|Unnerve
|-ability|p1a: Calyrex|As One
|-ability|p1a: Calyrex|Unnerve
|-fieldstart|move: Electric Terrain|[from] ability: Hadron Engine|[of] p2a: Miraidon
|turn|1
|
|t:|1750747895
|move|p1a: Calyrex|Protect|p1a: Calyrex
|-singleturn|p1a: Calyrex|Protect
|move|p2b: Calyrex|Astral Barrage|p1b: Volcarona|[spread] p1b
|-activate|p1a: Calyrex|move: Protect
|-damage|p1b: Volcarona|37/100
|-damage|p2b: Calyrex|91/100|[from] item: Life Orb
|move|p2a: Miraidon|Electro Drift|p1b: Volcarona
|-damage|p1b: Volcarona|0 fnt
|faint|p1b: Volcarona
|
|upkeep
|
|t:|1750747910
|switch|p1b: Spectrier|Spectrier, L50|100/100
|turn|2
|
|t:|1750747921
|-terastallize|p2b: Calyrex|Dark
|-terastallize|p1b: Spectrier|Normal
|move|p2b: Calyrex|Astral Barrage|p1a: Calyrex|[spread] p1a
|-immune|p1b: Spectrier
|-supereffective|p1a: Calyrex
|-damage|p1a: Calyrex|8/100
|-damage|p2b: Calyrex|81/100|[from] item: Life Orb
|move|p1b: Spectrier|Shadow Ball|p2b: Calyrex
|-resisted|p2b: Calyrex
|-damage|p2b: Calyrex|57/100
|-unboost|p2b: Calyrex|spd|1
|move|p2a: Miraidon|Electro Drift|p1a: Calyrex
|-damage|p1a: Calyrex|0 fnt
|faint|p1a: Calyrex
|
|upkeep
|
|t:|1750747937
|switch|p1a: Palkia|Palkia-Origin, L50|100/100
|-ability|p1a: Palkia|Pressure
|turn|3
|
|t:|1750747956
|move|p2b: Calyrex|Astral Barrage|p1b: Spectrier|[spread] p1a
|-immune|p1b: Spectrier
|-damage|p1a: Palkia|43/100
|-damage|p2b: Calyrex|48/100|[from] item: Life Orb
|move|p1b: Spectrier|Shadow Ball|p2b: Calyrex
|-resisted|p2b: Calyrex
|-damage|p2b: Calyrex|12/100
|-unboost|p2b: Calyrex|spd|1
|move|p1a: Palkia|Draco Meteor|p2a: Miraidon
|-supereffective|p2a: Miraidon
|-damage|p2a: Miraidon|0 fnt
|-unboost|p1a: Palkia|spa|2
|faint|p2a: Miraidon
|
|upkeep
|
|t:|1750747970
|switch|p2a: Iron Hands|Iron Hands, L50|100/100
|-activate|p2a: Iron Hands|ability: Quark Drive
|-start|p2a: Iron Hands|quarkdriveatk
|turn|4
|
|t:|1750747977
|move|p1a: Palkia|Protect|p1a: Palkia
|-singleturn|p1a: Palkia|Protect
|move|p2b: Calyrex|Psychic|p1b: Spectrier
|-damage|p1b: Spectrier|22/100
|-damage|p2b: Calyrex|3/100|[from] item: Life Orb
|move|p1b: Spectrier|Shadow Ball|p2b: Calyrex
|-resisted|p2b: Calyrex
|-damage|p2b: Calyrex|0 fnt
|faint|p2b: Calyrex
|-ability|p1b: Spectrier|Grim Neigh|boost
|-boost|p1b: Spectrier|spa|1
|move|p2a: Iron Hands|Wild Charge|p1a: Palkia
|-activate|p1a: Palkia|move: Protect
|
|upkeep
|
|t:|1750747984
|switch|p2b: Urshifu|Urshifu-Rapid-Strike, L50, F|100/100
|turn|5
|
|t:|1750747999
|move|p1b: Spectrier|Psychic|p2b: Urshifu
|-supereffective|p2b: Urshifu
|-damage|p2b: Urshifu|0 fnt
|faint|p2b: Urshifu
|-ability|p1b: Spectrier|Grim Neigh|boost
|-boost|p1b: Spectrier|spa|1
|move|p1a: Palkia|Spacial Rend|p2a: Iron Hands
|-damage|p2a: Iron Hands|85/100
|move|p2a: Iron Hands|Wild Charge|p1a: Palkia
|-damage|p1a: Palkia|0 fnt
|faint|p1a: Palkia
|-damage|p2a: Iron Hands|77/100|[from] Recoil
|
|-fieldend|move: Electric Terrain
|-end|p2a: Iron Hands|Quark Drive
|upkeep
|turn|6
|
|t:|1750748013
|move|p1b: Spectrier|Psychic|p2a: Iron Hands
|-supereffective|p2a: Iron Hands
|-damage|p2a: Iron Hands|16/100
|move|p2a: Iron Hands|Drain Punch|p1b: Spectrier
|-supereffective|p1b: Spectrier
|-damage|p1b: Spectrier|0 fnt
|-heal|p2a: Iron Hands|24/100|[from] drain|[of] p1b: Spectrier
|faint|p1b: Spectrier
|
|win|shockeim1
|raw|TimBomb's rating: 1132 &rarr; <strong>1113</strong><br />(-19 for losing)
|raw|shockeim1's rating: 1222 &rarr; <strong>1241</strong><br />(+19 for winning)
|c|☆TimBomb|gg
|c|☆shockeim1|gg
