|j|☆antisocialwalrus
|j|☆WeWantBreathOfFire
|t:|1750716841
|gametype|doubles
|player|p1|antisocialwalrus|dawn|1669
|player|p2|WeWantBreathOfFire|pryce|1699
|teamsize|p1|6
|teamsize|p2|6
|gen|9
|tier|[Gen 9] VGC 2025 Reg I
|rated|
|rule|Species Clause: Limit one of each Pokémon
|rule|Item Clause: Limit 1 of each item
|clearpoke
|poke|p1|Groudon, L50|
|poke|p1|Calyrex-Ice, L50|
|poke|p1|Jumpluff, L50, M|
|poke|p1|Chi-Yu, L50|
|poke|p1|Raging Bolt, L50|
|poke|p1|Flutter Mane, L50|
|poke|p2|Rillaboom, L50, M|
|poke|p2|Urshifu-*, L50, M|
|poke|p2|Eternatus, L50|
|poke|p2|Kyogre, L50|
|poke|p2|Incineroar, L50, M|
|poke|p2|Wo-Chien, L50|
|teampreview|4
|
|t:|1750716870
|start
|switch|p1a: Flutter Mane|Flutter Mane, L50|100/100
|switch|p1b: Calyrex|Calyrex-Ice, L50|100/100
|switch|p2a: Eternatus|Eternatus, L50|100/100
|switch|p2b: Incineroar|Incineroar, L50, M|100/100
|-ability|p1b: Calyrex|As One
|-ability|p1b: Calyrex|Unnerve
|-ability|p2a: Eternatus|Pressure
|-ability|p2b: Incineroar|Intimidate|boost
|-unboost|p1a: Flutter Mane|atk|1
|-unboost|p1b: Calyrex|atk|1
|turn|1
|
|t:|1750716880
|-terastallize|p1b: Calyrex|Water
|move|p2b: Incineroar|Fake Out|p1b: Calyrex
|-damage|p1b: Calyrex|94/100
|move|p1a: Flutter Mane|Moonblast|p2b: Incineroar
|-damage|p2b: Incineroar|50/100
|move|p2a: Eternatus|Sludge Bomb|p1a: Flutter Mane
|-damage|p1a: Flutter Mane|59/100
|-status|p1a: Flutter Mane|psn
|cant|p1b: Calyrex|flinch
|
|-damage|p1a: Flutter Mane|47/100 psn|[from] psn
|upkeep
|turn|2
|
|t:|1750716904
|-terastallize|p2a: Eternatus|Fairy
|move|p1a: Flutter Mane|Moonblast|p2b: Incineroar
|-damage|p2b: Incineroar|0 fnt
|faint|p2b: Incineroar
|move|p2a: Eternatus|Sludge Bomb|p1a: Flutter Mane
|-damage|p1a: Flutter Mane|7/100 psn
|move|p1b: Calyrex|Leech Seed|p2a: Eternatus
|-start|p2a: Eternatus|move: Leech Seed
|
|-damage|p2a: Eternatus|88/100|[from] Leech Seed|[of] p1b: Calyrex
|-heal|p1b: Calyrex|100/100|[silent]
|-damage|p1a: Flutter Mane|0 fnt|[from] psn
|faint|p1a: Flutter Mane
|-end|p1a: Flutter Mane|Protosynthesis|[silent]
|upkeep
|
|t:|1750716916
|switch|p1a: Raging Bolt|Raging Bolt, L50|100/100
|switch|p2b: Urshifu|Urshifu, L50, M|100/100
|turn|3
|
|t:|1750716936
|move|p1a: Raging Bolt|Protect|p1a: Raging Bolt
|-singleturn|p1a: Raging Bolt|Protect
|move|p2a: Eternatus|Cosmic Power|p2a: Eternatus
|-boost|p2a: Eternatus|def|1
|-boost|p2a: Eternatus|spd|1
|move|p2b: Urshifu|Wicked Blow|p1a: Raging Bolt
|-crit|p1a: Raging Bolt
|-damage|p1a: Raging Bolt|44/100
|move|p1b: Calyrex|Glacial Lance|p2b: Urshifu|[spread] p2a,p2b
|-damage|p2a: Eternatus|75/100
|-damage|p2b: Urshifu|62/100
|
|-heal|p2a: Eternatus|81/100|[from] item: Leftovers
|-damage|p2a: Eternatus|69/100|[from] Leech Seed|[of] p1b: Calyrex
|upkeep
|turn|4
|
|t:|1750716950
|move|p2b: Urshifu|Protect|p2b: Urshifu
|-singleturn|p2b: Urshifu|Protect
|move|p1a: Raging Bolt|Thunderclap||[still]
|-fail|p1a: Raging Bolt
|move|p2a: Eternatus|Cosmic Power|p2a: Eternatus
|-boost|p2a: Eternatus|def|1
|-boost|p2a: Eternatus|spd|1
|move|p1b: Calyrex|Glacial Lance|p2b: Urshifu|[spread] p2a
|-activate|p2b: Urshifu|move: Protect
|-damage|p2a: Eternatus|60/100
|
|-heal|p2a: Eternatus|66/100|[from] item: Leftovers
|-damage|p2a: Eternatus|54/100|[from] Leech Seed|[of] p1b: Calyrex
|upkeep
|turn|5
|
|t:|1750716959
|move|p1a: Raging Bolt|Thunderclap|p2b: Urshifu
|-damage|p2b: Urshifu|0 fnt
|faint|p2b: Urshifu
|-damage|p1a: Raging Bolt|34/100|[from] item: Life Orb
|move|p2a: Eternatus|Recover|p2a: Eternatus
|-heal|p2a: Eternatus|100/100
|move|p1b: Calyrex|Glacial Lance|p2a: Eternatus
|-damage|p2a: Eternatus|86/100
|
|-heal|p2a: Eternatus|92/100|[from] item: Leftovers
|-damage|p2a: Eternatus|80/100|[from] Leech Seed|[of] p1b: Calyrex
|upkeep
|
|t:|1750716965
|switch|p2b: Kyogre|Kyogre, L50|100/100
|-weather|RainDance|[from] ability: Drizzle|[of] p2b: Kyogre
|turn|6
|
|t:|1750716972
|-end|p1a: Raging Bolt|Protosynthesis|[silent]
|switch|p1a: Groudon|Groudon, L50|100/100
|-weather|SunnyDay|[from] ability: Drought|[of] p1a: Groudon
|move|p2b: Kyogre|Ice Beam|p1a: Groudon
|-supereffective|p1a: Groudon
|-damage|p1a: Groudon|59/100
|move|p2a: Eternatus|Cosmic Power|p2a: Eternatus
|-boost|p2a: Eternatus|def|1
|-boost|p2a: Eternatus|spd|1
|move|p1b: Calyrex|Glacial Lance|p2b: Kyogre|[spread] p2a,p2b
|-resisted|p2b: Kyogre
|-damage|p2a: Eternatus|71/100
|-damage|p2b: Kyogre|80/100
|
|-weather|SunnyDay|[upkeep]
|-heal|p2a: Eternatus|77/100|[from] item: Leftovers
|-damage|p2a: Eternatus|65/100|[from] Leech Seed|[of] p1b: Calyrex
|upkeep
|turn|7
|
|t:|1750716987
|move|p2b: Kyogre|Ice Beam|p1a: Groudon
|-supereffective|p1a: Groudon
|-damage|p1a: Groudon|20/100
|move|p2a: Eternatus|Cosmic Power|p2a: Eternatus
|-boost|p2a: Eternatus|def|1
|-boost|p2a: Eternatus|spd|1
|move|p1a: Groudon|Precipice Blades|p2a: Eternatus|[spread] p2a,p2b
|-damage|p2a: Eternatus|54/100
|-damage|p2b: Kyogre|16/100
|move|p1b: Calyrex|Leech Seed|p2b: Kyogre
|-start|p2b: Kyogre|move: Leech Seed
|
|-weather|SunnyDay|[upkeep]
|-heal|p2a: Eternatus|60/100|[from] item: Leftovers
|-damage|p2b: Kyogre|4/100|[from] Leech Seed|[of] p1b: Calyrex
|-damage|p2a: Eternatus|48/100|[from] Leech Seed|[of] p1b: Calyrex
|upkeep
|turn|8
|
|t:|1750717006
|move|p2b: Kyogre|Ice Beam|p1a: Groudon
|-supereffective|p1a: Groudon
|-damage|p1a: Groudon|0 fnt
|faint|p1a: Groudon
|move|p2a: Eternatus|Recover|p2a: Eternatus
|-heal|p2a: Eternatus|98/100
|move|p1b: Calyrex|Trick Room|p1b: Calyrex
|-fieldstart|move: Trick Room|[of] p1b: Calyrex
|
|-weather|SunnyDay|[upkeep]
|-heal|p2a: Eternatus|100/100|[from] item: Leftovers
|-damage|p2a: Eternatus|88/100|[from] Leech Seed|[of] p1b: Calyrex
|-damage|p2b: Kyogre|0 fnt|[from] Leech Seed|[of] p1b: Calyrex
|faint|p2b: Kyogre
|upkeep
|
|t:|1750717011
|switch|p1a: Raging Bolt|Raging Bolt, L50|34/100
|-activate|p1a: Raging Bolt|ability: Protosynthesis
|-start|p1a: Raging Bolt|protosynthesisspa
|turn|9
|
|t:|1750717024
|move|p1b: Calyrex|Imprison|p1b: Calyrex
|-start|p1b: Calyrex|move: Imprison
|move|p1a: Raging Bolt|Thunderbolt|p2a: Eternatus
|-damage|p2a: Eternatus|69/100
|-damage|p1a: Raging Bolt|24/100|[from] item: Life Orb
|move|p2a: Eternatus|Substitute|p2a: Eternatus
|-start|p2a: Eternatus|Substitute
|-damage|p2a: Eternatus|45/100
|
|-weather|SunnyDay|[upkeep]
|-heal|p2a: Eternatus|51/100|[from] item: Leftovers
|-damage|p2a: Eternatus|39/100|[from] Leech Seed|[of] p1b: Calyrex
|upkeep
|turn|10
|
|t:|1750717037
|move|p1b: Calyrex|Leech Seed||[still]
|-fail|p1b: Calyrex
|move|p1a: Raging Bolt|Thunderbolt|p2a: Eternatus
|-activate|p2a: Eternatus|move: Substitute|[damage]
|-damage|p1a: Raging Bolt|14/100|[from] item: Life Orb
|move|p2a: Eternatus|Recover|p2a: Eternatus
|-heal|p2a: Eternatus|89/100
|
|-weather|none
|-end|p1a: Raging Bolt|Protosynthesis
|-heal|p2a: Eternatus|95/100|[from] item: Leftovers
|-damage|p2a: Eternatus|83/100|[from] Leech Seed|[of] p1b: Calyrex
|upkeep
|turn|11
|
|t:|1750717046
|move|p1b: Calyrex|Imprison||[still]
|-fail|p1b: Calyrex
|move|p1a: Raging Bolt|Thunderbolt|p2a: Eternatus
|-end|p2a: Eternatus|Substitute
|-damage|p1a: Raging Bolt|4/100|[from] item: Life Orb
|move|p2a: Eternatus|Substitute|p2a: Eternatus
|-start|p2a: Eternatus|Substitute
|-damage|p2a: Eternatus|58/100
|
|-heal|p2a: Eternatus|64/100|[from] item: Leftovers
|-damage|p2a: Eternatus|52/100|[from] Leech Seed|[of] p1b: Calyrex
|upkeep
|turn|12
|
|t:|1750717061
|move|p1b: Calyrex|Imprison||[still]
|-fail|p1b: Calyrex
|move|p1a: Raging Bolt|Thunderbolt|p2a: Eternatus
|-activate|p2a: Eternatus|move: Substitute|[damage]
|-damage|p1a: Raging Bolt|0 fnt|[from] item: Life Orb
|faint|p1a: Raging Bolt
|-end|p1a: Raging Bolt|Protosynthesis|[silent]
|move|p2a: Eternatus|Recover|p2a: Eternatus
|-heal|p2a: Eternatus|100/100
|
|-damage|p2a: Eternatus|88/100|[from] Leech Seed|[of] p1b: Calyrex
|-fieldend|move: Trick Room
|upkeep
|turn|13
|
|t:|1750717067
|move|p2a: Eternatus|Sludge Bomb|p1b: Calyrex
|-damage|p1b: Calyrex|78/100
|move|p1b: Calyrex|Leech Seed||[still]
|-fail|p1b: Calyrex
|
|-heal|p2a: Eternatus|94/100|[from] item: Leftovers
|-damage|p2a: Eternatus|82/100|[from] Leech Seed|[of] p1b: Calyrex
|-heal|p1b: Calyrex|93/100|[silent]
|upkeep
|turn|14
|
|t:|1750717071
|move|p2a: Eternatus|Sludge Bomb|p1b: Calyrex
|-damage|p1b: Calyrex|69/100
|-status|p1b: Calyrex|psn
|move|p1b: Calyrex|Leech Seed||[still]
|-fail|p1b: Calyrex
|
|-heal|p2a: Eternatus|88/100|[from] item: Leftovers
|-damage|p2a: Eternatus|76/100|[from] Leech Seed|[of] p1b: Calyrex
|-heal|p1b: Calyrex|84/100 psn|[silent]
|-damage|p1b: Calyrex|72/100 psn|[from] psn
|upkeep
|turn|15
|-message|antisocialwalrus forfeited.
|
|win|WeWantBreathOfFire
|raw|antisocialwalrus's rating: 1669 &rarr; <strong>1651</strong><br />(-18 for losing)
|raw|WeWantBreathOfFire's rating: 1699 &rarr; <strong>1717</strong><br />(+18 for winning)
|l|☆antisocialwalrus
|player|p1|
|l|☆WeWantBreathOfFire
|player|p2|
