|j|☆dabster2187
|j|☆Chris_vs_Games
|t:|1750833366
|gametype|doubles
|player|p1|dabster2187|170|1082
|player|p2|Chris_vs_Games|brawly|1000
|teamsize|p1|6
|teamsize|p2|6
|gen|9
|tier|[Gen 9] VGC 2025 Reg I
|rated|
|rule|Species Clause: Limit one of each Pokémon
|rule|Item Clause: Limit 1 of each item
|clearpoke
|poke|p1|Flutter Mane, L50|
|poke|p1|Gothitelle, L50, F|
|poke|p1|Incineroar, L50, M|
|poke|p1|Zamazenta-*, L50|
|poke|p1|Koraidon, L50|
|poke|p1|Amoonguss, L50, F|
|poke|p2|Necrozma-Dusk-Mane, L50|
|poke|p2|Archaludon, L50, M|
|poke|p2|Maushold-Four, L50|
|poke|p2|Zamazenta-*, L50|
|poke|p2|Brute Bonnet, L50|
|poke|p2|Incineroar, L50, M|
|teampreview|4
|inactive|Battle timer is ON: inactive players will automatically lose when time's up. (requested by dabster2187)
|inactive|Chris_vs_Games has 60 seconds left.
|
|t:|1750833418
|start
|switch|p1a: Gothitelle|Gothitelle, L50, F|100/100
|switch|p1b: Flutter Mane|Flutter Mane, L50|100/100
|switch|p2a: Incineroar|Incineroar, L50, M|100/100
|switch|p2b: Necrozma|Necrozma-Dusk-Mane, L50, shiny|100/100
|-ability|p2a: Incineroar|Intimidate|boost
|-unboost|p1a: Gothitelle|atk|1
|-unboost|p1b: Flutter Mane|atk|1
|turn|1
|inactive|dabster2187 has 30 seconds left.
|inactive|Chris_vs_Games has 30 seconds left.
|inactive|dabster2187 has 20 seconds left.
|inactive|dabster2187 has 15 seconds left.
|
|t:|1750833461
|move|p2a: Incineroar|Fake Out|p1a: Gothitelle
|-damage|p1a: Gothitelle|91/100
|cant|p1a: Gothitelle|flinch
|move|p1b: Flutter Mane|Perish Song|p1b: Flutter Mane
|-start|p1a: Gothitelle|perish3|[silent]
|-start|p1b: Flutter Mane|perish3|[silent]
|-start|p2a: Incineroar|perish3|[silent]
|-start|p2b: Necrozma|perish3|[silent]
|-fieldactivate|move: Perish Song
|move|p2b: Necrozma|Earthquake|p1a: Gothitelle|[spread] p2a,p1a,p1b
|-supereffective|p2a: Incineroar
|-damage|p2a: Incineroar|46/100
|-damage|p1a: Gothitelle|63/100
|-damage|p1b: Flutter Mane|65/100
|
|-heal|p1a: Gothitelle|69/100|[from] item: Leftovers
|-start|p1b: Flutter Mane|perish3
|-start|p2b: Necrozma|perish3
|-start|p2a: Incineroar|perish3
|-start|p1a: Gothitelle|perish3
|upkeep
|turn|2
|inactive|dabster2187 has 30 seconds left.
|inactive|Chris_vs_Games has 30 seconds left.
|inactive|dabster2187 has 20 seconds left.
|inactive|Chris_vs_Games has 20 seconds left.
|
|t:|1750833499
|move|p1b: Flutter Mane|Shadow Ball|p2b: Necrozma
|-supereffective|p2b: Necrozma
|-damage|p2b: Necrozma|50/100
|-enditem|p2b: Necrozma|Weakness Policy
|-boost|p2b: Necrozma|atk|2|[from] item: Weakness Policy
|-boost|p2b: Necrozma|spa|2|[from] item: Weakness Policy
|move|p2b: Necrozma|Photon Geyser|p1a: Gothitelle
|-resisted|p1a: Gothitelle
|-damage|p1a: Gothitelle|16/100
|move|p2a: Incineroar|Knock Off|p1b: Flutter Mane
|-damage|p1b: Flutter Mane|20/100
|-enditem|p1b: Flutter Mane|Mental Herb|[from] move: Knock Off|[of] p2a: Incineroar
|move|p1a: Gothitelle|Taunt|p2a: Incineroar
|-start|p2a: Incineroar|move: Taunt
|
|-heal|p1a: Gothitelle|23/100|[from] item: Leftovers
|-start|p1b: Flutter Mane|perish2
|-start|p2b: Necrozma|perish2
|-start|p2a: Incineroar|perish2
|-start|p1a: Gothitelle|perish2
|upkeep
|turn|3
|inactive|dabster2187 has 30 seconds left.
|inactive|Chris_vs_Games has 30 seconds left.
|
|t:|1750833530
|move|p1b: Flutter Mane|Protect|p1b: Flutter Mane
|-singleturn|p1b: Flutter Mane|Protect
|move|p1a: Gothitelle|Protect|p1a: Gothitelle
|-singleturn|p1a: Gothitelle|Protect
|move|p2b: Necrozma|Earthquake|p1b: Flutter Mane|[spread] p2a
|-activate|p1a: Gothitelle|move: Protect
|-activate|p1b: Flutter Mane|move: Protect
|-supereffective|p2a: Incineroar
|-damage|p2a: Incineroar|0 fnt
|faint|p2a: Incineroar
|
|-heal|p1a: Gothitelle|29/100|[from] item: Leftovers
|-start|p1b: Flutter Mane|perish1
|-start|p2b: Necrozma|perish1
|-start|p1a: Gothitelle|perish1
|upkeep
|inactive|Chris_vs_Games has 30 seconds left.
|
|t:|1750833555
|switch|p2a: Brute Bonnet|Brute Bonnet, L50, shiny|100/100
|turn|4
|
|t:|1750833588
|-end|p1b: Flutter Mane|Protosynthesis|[silent]
|switch|p1b: Amoonguss|Amoonguss, L50, F|100/100
|move|p2b: Necrozma|Earthquake|p1a: Gothitelle|[spread] p2a,p1a,p1b
|-resisted|p2a: Brute Bonnet
|-damage|p2a: Brute Bonnet|77/100
|-damage|p1a: Gothitelle|0 fnt
|-damage|p1b: Amoonguss|41/100
|faint|p1a: Gothitelle
|-enditem|p1b: Amoonguss|Eject Button
|
|t:|1750833597
|switch|p1b: Flutter Mane|Flutter Mane, L50|20/100
|move|p2a: Brute Bonnet|Pollen Puff|p1b: Flutter Mane
|-resisted|p1b: Flutter Mane
|-damage|p1b: Flutter Mane|17/100
|
|-start|p2b: Necrozma|perish0
|upkeep
|faint|p2b: Necrozma
|
|t:|1750833607
|switch|p2b: Zamazenta|Zamazenta-Crowned, L50, shiny|100/100
|switch|p1a: Amoonguss|Amoonguss, L50, F|74/100
|-ability|p2b: Zamazenta|Dauntless Shield|boost
|-boost|p2b: Zamazenta|def|1
|turn|5
|
|t:|1750833628
|move|p2a: Brute Bonnet|Rage Powder|p2a: Brute Bonnet
|-singleturn|p2a: Brute Bonnet|move: Rage Powder
|move|p1a: Amoonguss|Rage Powder|p1a: Amoonguss
|-singleturn|p1a: Amoonguss|move: Rage Powder
|move|p2b: Zamazenta|Behemoth Bash|p1a: Amoonguss
|-damage|p1a: Amoonguss|37/100
|move|p1b: Flutter Mane|Perish Song|p1b: Flutter Mane
|-start|p1a: Amoonguss|perish3|[silent]
|-start|p1b: Flutter Mane|perish3|[silent]
|-start|p2a: Brute Bonnet|perish3|[silent]
|-start|p2b: Zamazenta|perish3|[silent]
|-fieldactivate|move: Perish Song
|
|-start|p2b: Zamazenta|perish3
|-start|p1b: Flutter Mane|perish3
|-start|p2a: Brute Bonnet|perish3
|-start|p1a: Amoonguss|perish3
|upkeep
|turn|6
|inactive|Chris_vs_Games has 30 seconds left.
|inactive|Chris_vs_Games has 20 seconds left.
|
|t:|1750833663
|-terastallize|p2b: Zamazenta|Fighting
|move|p1b: Flutter Mane|Protect|p1b: Flutter Mane
|-singleturn|p1b: Flutter Mane|Protect
|move|p1a: Amoonguss|Protect|p1a: Amoonguss
|-singleturn|p1a: Amoonguss|Protect
|move|p2a: Brute Bonnet|Rage Powder|p2a: Brute Bonnet
|-singleturn|p2a: Brute Bonnet|move: Rage Powder
|move|p2b: Zamazenta|Behemoth Bash|p1b: Flutter Mane
|-activate|p1b: Flutter Mane|move: Protect
|
|-start|p2b: Zamazenta|perish2
|-start|p1b: Flutter Mane|perish2
|-start|p2a: Brute Bonnet|perish2
|-start|p1a: Amoonguss|perish2
|upkeep
|turn|7
|inactive|Chris_vs_Games has 30 seconds left.
|inactive|Chris_vs_Games has 20 seconds left.
|
|t:|1750833701
|switch|p1a: Koraidon|Koraidon, L50|100/100
|-weather|SunnyDay|[from] ability: Orichalcum Pulse|[of] p1a: Koraidon
|-activate|p1b: Flutter Mane|ability: Protosynthesis
|-start|p1b: Flutter Mane|protosynthesisspe
|-activate|p2a: Brute Bonnet|ability: Protosynthesis
|-start|p2a: Brute Bonnet|protosynthesisdef
|-activate|p1a: Koraidon|Orichalcum Pulse|[source]
|move|p1b: Flutter Mane|Moonblast|p2a: Brute Bonnet
|-supereffective|p2a: Brute Bonnet
|-damage|p2a: Brute Bonnet|13/100
|move|p2b: Zamazenta|Behemoth Bash|p1b: Flutter Mane
|-supereffective|p1b: Flutter Mane
|-damage|p1b: Flutter Mane|0 fnt
|faint|p1b: Flutter Mane
|-end|p1b: Flutter Mane|Protosynthesis|[silent]
|move|p2a: Brute Bonnet|Spore|p1a: Koraidon
|-status|p1a: Koraidon|slp|[from] move: Spore
|
|-weather|SunnyDay|[upkeep]
|-start|p2b: Zamazenta|perish1
|-start|p2a: Brute Bonnet|perish1
|upkeep
|
|t:|1750833720
|switch|p1b: Amoonguss|Amoonguss, L50, F|70/100
|turn|8
|c|☆dabster2187|gg
|
|t:|1750833730
|cant|p1a: Koraidon|slp
|move|p1b: Amoonguss|Protect|p1b: Amoonguss
|-singleturn|p1b: Amoonguss|Protect
|move|p2b: Zamazenta|Body Press|p1a: Koraidon
|-damage|p1a: Koraidon|28/100 slp
|move|p2a: Brute Bonnet|Pollen Puff|p1b: Amoonguss
|-activate|p1b: Amoonguss|move: Protect
|
|-weather|SunnyDay|[upkeep]
|-start|p2b: Zamazenta|perish0
|-start|p2a: Brute Bonnet|perish0
|faint|p2b: Zamazenta
|faint|p2a: Brute Bonnet
|-end|p2a: Brute Bonnet|Protosynthesis|[silent]
|
|win|dabster2187
|raw|dabster2187's rating: 1082 &rarr; <strong>1103</strong><br />(+21 for winning)
|raw|Chris_vs_Games's rating: 1000 &rarr; <strong>1000</strong><br />(+0 for losing)
