|j|☆fyughjhftdrtse
|j|☆CadaverLuke
|t:|1750801643
|gametype|doubles
|player|p1|fyughjhftdrtse|1|1061
|player|p2|CadaverLuke|266|1058
|teamsize|p1|6
|teamsize|p2|6
|gen|9
|tier|[Gen 9] VGC 2025 Reg I
|rated|
|rule|Species Clause: Limit one of each Pokémon
|rule|Item Clause: Limit 1 of each item
|clearpoke
|poke|p1|Grimmsnarl, L50, M|
|poke|p1|Eternatus, L50|
|poke|p1|Overqwil, L50, F|
|poke|p1|Kyogre, L50|
|poke|p1|Scizor, L50, F|
|poke|p1|Iron Treads, L50|
|poke|p2|Cetitan, L50, M|
|poke|p2|Ninetales-Alola, L50, F|
|poke|p2|Indeedee-F, L50, F|
|poke|p2|Abomasnow, L50, F|
|poke|p2|Sableye, L50, M|
|poke|p2|Calyrex-Shadow, L50|
|teampreview|4
|
|t:|1750801669
|start
|switch|p1a: Grimmsnarl|Grimmsnarl, L50, M|100/100
|switch|p1b: Overqwil|Overqwil, L50, F|100/100
|switch|p2a: Cetitan|Cetitan, L50, M|100/100
|switch|p2b: Abomasnow|Abomasnow, L50, F|100/100
|-weather|Snowscape|[from] ability: Snow Warning|[of] p2b: Abomasnow
|turn|1
|
|t:|1750801702
|switch|p2b: Indeedee|Indeedee-F, L50, F|100/100
|-fieldstart|move: Psychic Terrain|[from] ability: Psychic Surge|[of] p2b: Indeedee
|-terastallize|p2a: Cetitan|Ice
|move|p1a: Grimmsnarl|Reflect|p1a: Grimmsnarl
|-sidestart|p1: fyughjhftdrtse|Reflect
|move|p2a: Cetitan|Icicle Spear|p1a: Grimmsnarl
|-damage|p1a: Grimmsnarl|89/100
|-damage|p1a: Grimmsnarl|77/100
|-damage|p1a: Grimmsnarl|66/100
|-damage|p1a: Grimmsnarl|55/100
|-crit|p1a: Grimmsnarl
|-damage|p1a: Grimmsnarl|30/100
|-hitcount|p1a: Grimmsnarl|5
|move|p1b: Overqwil|Toxic Spikes|p2b: Indeedee
|-sidestart|p2: CadaverLuke|move: Toxic Spikes
|
|-weather|Snowscape|[upkeep]
|upkeep
|turn|2
|
|t:|1750801750
|move|p1a: Grimmsnarl|Light Screen|p1a: Grimmsnarl
|-sidestart|p1: fyughjhftdrtse|move: Light Screen
|move|p2a: Cetitan|Icicle Spear|p1a: Grimmsnarl
|-damage|p1a: Grimmsnarl|18/100
|-damage|p1a: Grimmsnarl|8/100
|-damage|p1a: Grimmsnarl|0 fnt
|faint|p1a: Grimmsnarl
|-hitcount|p1: Grimmsnarl|3
|move|p1b: Overqwil|Toxic Spikes|p2b: Indeedee
|-sidestart|p2: CadaverLuke|move: Toxic Spikes
|move|p2b: Indeedee|Psychic|p1b: Overqwil
|-immune|p1b: Overqwil
|
|-weather|Snowscape|[upkeep]
|upkeep
|
|t:|1750801764
|switch|p1a: Scizor|Scizor, L50, F|100/100
|turn|3
|
|t:|1750801789
|move|p2b: Indeedee|Helping Hand|p2a: Cetitan
|-singleturn|p2a: Cetitan|Helping Hand|[of] p2b: Indeedee
|move|p2a: Cetitan|Icicle Spear|p1a: Scizor
|-resisted|p1a: Scizor
|-damage|p1a: Scizor|93/100
|-resisted|p1a: Scizor
|-damage|p1a: Scizor|86/100
|-resisted|p1a: Scizor
|-damage|p1a: Scizor|78/100
|-resisted|p1a: Scizor
|-damage|p1a: Scizor|71/100
|-hitcount|p1a: Scizor|4
|move|p1b: Overqwil|Acupressure|p1a: Scizor
|-boost|p1a: Scizor|accuracy|2
|move|p1a: Scizor|Swords Dance|p1a: Scizor
|-boost|p1a: Scizor|atk|2
|
|-weather|Snowscape|[upkeep]
|upkeep
|turn|4
|
|t:|1750801826
|move|p2b: Indeedee|Helping Hand|p2a: Cetitan
|-singleturn|p2a: Cetitan|Helping Hand|[of] p2b: Indeedee
|move|p2a: Cetitan|Icicle Spear|p1b: Overqwil
|-damage|p1b: Overqwil|83/100
|-damage|p1b: Overqwil|66/100
|-damage|p1b: Overqwil|49/100
|-damage|p1b: Overqwil|33/100
|-damage|p1b: Overqwil|15/100
|-hitcount|p1b: Overqwil|5
|move|p1b: Overqwil|Acupressure|p1a: Scizor
|-boost|p1a: Scizor|spa|2
|move|p1a: Scizor|Close Combat|p2a: Cetitan
|-supereffective|p2a: Cetitan
|-damage|p2a: Cetitan|0 fnt
|-unboost|p1a: Scizor|def|1
|-unboost|p1a: Scizor|spd|1
|faint|p2a: Cetitan
|
|-weather|Snowscape|[upkeep]
|upkeep
|
|t:|1750801854
|switch|p2a: Calyrex|Calyrex-Shadow, L50|100/100
|-ability|p2a: Calyrex|As One
|-ability|p2a: Calyrex|Unnerve
|-status|p2a: Calyrex|tox
|turn|5
|
|t:|1750801880
|move|p2b: Indeedee|Helping Hand|p2a: Calyrex
|-singleturn|p2a: Calyrex|Helping Hand|[of] p2b: Indeedee
|move|p1a: Scizor|Protect|p1a: Scizor
|-singleturn|p1a: Scizor|Protect
|move|p2a: Calyrex|Astral Barrage|p1a: Scizor|[spread] p1b
|-activate|p1a: Scizor|move: Protect
|-resisted|p1b: Overqwil
|-damage|p1b: Overqwil|0 fnt
|faint|p1b: Overqwil
|-ability|p2a: Calyrex|Grim Neigh|boost
|-boost|p2a: Calyrex|spa|1
|
|-weather|none
|-damage|p2a: Calyrex|94/100 tox|[from] psn
|-fieldend|move: Psychic Terrain
|upkeep
|
|t:|1750801889
|switch|p1b: Eternatus|Eternatus, L50|100/100
|-ability|p1b: Eternatus|Pressure
|turn|6
|
|t:|1750801917
|-terastallize|p1b: Eternatus|Dark
|move|p2b: Indeedee|Helping Hand|p2a: Calyrex
|-singleturn|p2a: Calyrex|Helping Hand|[of] p2b: Indeedee
|move|p1a: Scizor|Bullet Punch|p2a: Calyrex
|-damage|p2a: Calyrex|25/100 tox
|move|p2a: Calyrex|Astral Barrage|p1b: Eternatus|[spread] p1a,p1b
|-resisted|p1b: Eternatus
|-damage|p1a: Scizor|0 fnt
|-damage|p1b: Eternatus|58/100
|faint|p1a: Scizor
|-ability|p2a: Calyrex|Grim Neigh|boost
|-boost|p2a: Calyrex|spa|1
|move|p1b: Eternatus|Cosmic Power|p1b: Eternatus
|-boost|p1b: Eternatus|def|1
|-boost|p1b: Eternatus|spd|1
|
|-heal|p1b: Eternatus|64/100|[from] item: Leftovers
|-damage|p2a: Calyrex|13/100 tox|[from] psn
|upkeep
|turn|7
|
|t:|1750801944
|move|p2b: Indeedee|Helping Hand|p2a: Calyrex
|-singleturn|p2a: Calyrex|Helping Hand|[of] p2b: Indeedee
|move|p2a: Calyrex|Astral Barrage|p1b: Eternatus
|-resisted|p1b: Eternatus
|-damage|p1b: Eternatus|13/100
|move|p1b: Eternatus|Recover|p1b: Eternatus
|-heal|p1b: Eternatus|64/100
|
|-heal|p1b: Eternatus|70/100|[from] item: Leftovers
|-damage|p2a: Calyrex|0 fnt|[from] psn
|faint|p2a: Calyrex
|upkeep
|
|t:|1750801957
|switch|p2a: Abomasnow|Abomasnow, L50, F|100/100
|-status|p2a: Abomasnow|tox
|-weather|Snowscape|[from] ability: Snow Warning|[of] p2a: Abomasnow
|turn|8
|
|t:|1750801999
|move|p2b: Indeedee|Helping Hand|p2a: Abomasnow
|-singleturn|p2a: Abomasnow|Helping Hand|[of] p2b: Indeedee
|move|p1b: Eternatus|Cosmic Power|p1b: Eternatus
|-boost|p1b: Eternatus|def|1
|-boost|p1b: Eternatus|spd|1
|move|p2a: Abomasnow|Giga Drain|p1b: Eternatus
|-damage|p1b: Eternatus|61/100
|
|-weather|Snowscape|[upkeep]
|-heal|p1b: Eternatus|67/100|[from] item: Leftovers
|-damage|p2a: Abomasnow|94/100 tox|[from] psn
|-sideend|p1: fyughjhftdrtse|Reflect
|upkeep
|turn|9
|
|t:|1750802039
|move|p1b: Eternatus|Protect|p1b: Eternatus
|-singleturn|p1b: Eternatus|Protect
|move|p2b: Indeedee|Shadow Ball|p1b: Eternatus
|-activate|p1b: Eternatus|move: Protect
|move|p2a: Abomasnow|Giga Drain|p1b: Eternatus
|-activate|p1b: Eternatus|move: Protect
|
|-weather|Snowscape|[upkeep]
|-heal|p1b: Eternatus|73/100|[from] item: Leftovers
|-damage|p2a: Abomasnow|82/100 tox|[from] psn
|-sideend|p1: fyughjhftdrtse|move: Light Screen
|upkeep
|turn|10
|-message|CadaverLuke forfeited.
|
|win|fyughjhftdrtse
|raw|fyughjhftdrtse's rating: 1061 &rarr; <strong>1092</strong><br />(+31 for winning)
|raw|CadaverLuke's rating: 1058 &rarr; <strong>1039</strong><br />(-19 for losing)
|l|☆CadaverLuke
|player|p2|
|l|☆fyughjhftdrtse
|player|p1|
