|j|☆NarutoUzumaki1234
|j|☆coderthegreat
|t:|1750826516
|gametype|doubles
|player|p1|NarutoUzumaki1234|1|1134
|player|p2|coderthegreat|101|1088
|teamsize|p1|6
|teamsize|p2|6
|gen|9
|tier|[Gen 9] VGC 2025 Reg I
|rated|
|rule|Species Clause: Limit one of each Pokémon
|rule|Item Clause: Limit 1 of each item
|clearpoke
|poke|p1|Kyogre, L50|
|poke|p1|Zacian-*, L50|
|poke|p1|Iron Bundle, L50|
|poke|p1|Archaludon, L50, M|
|poke|p1|Raichu, L50, M|
|poke|p1|Overqwil, L50, M|
|poke|p2|Koraidon, L50|
|poke|p2|Miraidon, L50|
|poke|p2|Incineroar, L50, F|
|poke|p2|Flutter Mane, L50|
|poke|p2|Scream Tail, L50|
|poke|p2|Gothitelle, L50, M|
|teampreview|4
|inactive|Battle timer is ON: inactive players will automatically lose when time's up. (requested by coderthegreat)
|inactive|coderthegreat has 60 seconds left.
|
|t:|1750826549
|start
|switch|p1a: Iron Bundle|Iron Bundle, L50|100/100
|switch|p1b: Kyogre|Kyogre, L50, shiny|100/100
|switch|p2a: Miraidon|Miraidon, L50|100/100
|switch|p2b: designed by child|Flutter Mane, L50, shiny|100/100
|-fieldstart|move: Electric Terrain|[from] ability: Hadron Engine|[of] p2a: Miraidon
|-activate|p1a: Iron Bundle|ability: Quark Drive
|-start|p1a: Iron Bundle|quarkdrivespe
|-weather|RainDance|[from] ability: Drizzle|[of] p1b: Kyogre
|turn|1
|inactive|NarutoUzumaki1234 has 30 seconds left.
|inactive|coderthegreat has 30 seconds left.
|
|t:|1750826580
|move|p1b: Kyogre|Protect|p1b: Kyogre
|-singleturn|p1b: Kyogre|Protect
|move|p1a: Iron Bundle|Ice Beam|p2a: Miraidon
|-supereffective|p2a: Miraidon
|-damage|p2a: Miraidon|18/100
|move|p2b: designed by child|Icy Wind|p1a: Iron Bundle|[spread] p1a
|-activate|p1b: Kyogre|move: Protect
|-resisted|p1a: Iron Bundle
|-damage|p1a: Iron Bundle|95/100
|-unboost|p1a: Iron Bundle|spe|1
|move|p2a: Miraidon|Electro Drift|p1b: Kyogre
|-activate|p1b: Kyogre|move: Protect
|
|-weather|RainDance|[upkeep]
|upkeep
|turn|2
|inactive|NarutoUzumaki1234 has 30 seconds left.
|
|t:|1750826611
|move|p2a: Miraidon|Electro Drift|p1b: Kyogre
|-supereffective|p1b: Kyogre
|-damage|p1b: Kyogre|0 fnt
|faint|p1b: Kyogre
|move|p2b: designed by child|Moonblast|p1a: Iron Bundle
|-damage|p1a: Iron Bundle|10/100
|move|p1a: Iron Bundle|Ice Beam|p2a: Miraidon
|-supereffective|p2a: Miraidon
|-damage|p2a: Miraidon|0 fnt
|faint|p2a: Miraidon
|
|-weather|RainDance|[upkeep]
|upkeep
|
|t:|1750826625
|switch|p2a: not miraidon|Koraidon, L50|100/100
|switch|p1b: Zacian|Zacian-Crowned, L50|100/100
|-ability|p1b: Zacian|Intrepid Sword|boost
|-boost|p1b: Zacian|atk|1
|-weather|SunnyDay|[from] ability: Orichalcum Pulse|[of] p2a: not miraidon
|-activate|p2b: designed by child|ability: Protosynthesis
|-start|p2b: designed by child|protosynthesisspe
|-activate|p2a: not miraidon|Orichalcum Pulse|[source]
|turn|3
|
|t:|1750826647
|-end|p1a: Iron Bundle|Quark Drive|[silent]
|switch|p1a: Archaludon|Archaludon, L50, M, shiny|100/100
|-terastallize|p2a: not miraidon|Fire
|move|p1b: Zacian|Protect|p1b: Zacian
|-singleturn|p1b: Zacian|Protect
|move|p2b: designed by child|Icy Wind|p1a: Archaludon|[spread] p1a
|-activate|p1b: Zacian|move: Protect
|-damage|p1a: Archaludon|85/100
|-unboost|p1a: Archaludon|spe|1
|-ability|p1a: Archaludon|Stamina|boost
|-boost|p1a: Archaludon|def|1
|move|p2a: not miraidon|Flare Blitz|p1b: Zacian
|-activate|p1b: Zacian|move: Protect
|
|-weather|SunnyDay|[upkeep]
|upkeep
|turn|4
|inactive|NarutoUzumaki1234 has 30 seconds left.
|inactive|coderthegreat has 30 seconds left.
|inactive|NarutoUzumaki1234 has 20 seconds left.
|inactive|NarutoUzumaki1234 has 15 seconds left.
|inactive|NarutoUzumaki1234 has 10 seconds left.
|
|t:|1750826695
|switch|p1b: Iron Bundle|Iron Bundle, L50|10/100
|-activate|p1b: Iron Bundle|ability: Quark Drive
|-start|p1b: Iron Bundle|quarkdrivespe
|move|p2b: designed by child|Icy Wind|p1a: Archaludon|[spread] p1a,p1b
|-resisted|p1b: Iron Bundle
|-damage|p1a: Archaludon|69/100
|-damage|p1b: Iron Bundle|4/100
|-unboost|p1a: Archaludon|spe|1
|-unboost|p1b: Iron Bundle|spe|1
|-ability|p1a: Archaludon|Stamina|boost
|-boost|p1a: Archaludon|def|1
|move|p2a: not miraidon|Flare Blitz|p1b: Iron Bundle
|-damage|p1b: Iron Bundle|0 fnt
|faint|p1b: Iron Bundle
|-end|p1b: Iron Bundle|Quark Drive|[silent]
|-damage|p2a: not miraidon|99/100|[from] Recoil
|-damage|p2a: not miraidon|90/100|[from] item: Life Orb
|move|p1a: Archaludon|Body Press|p2a: not miraidon
|-damage|p2a: not miraidon|32/100
|
|-weather|SunnyDay|[upkeep]
|upkeep
|
|t:|1750826717
|switch|p1b: Zacian|Zacian-Crowned, L50|100/100
|turn|5
|inactive|NarutoUzumaki1234 has 30 seconds left.
|inactive|NarutoUzumaki1234 has 20 seconds left.
|inactive|NarutoUzumaki1234 has 15 seconds left.
|
|t:|1750826758
|-terastallize|p1b: Zacian|Fire
|move|p2b: designed by child|Moonblast|p1a: Archaludon
|-damage|p1a: Archaludon|13/100
|-unboost|p1a: Archaludon|spa|1
|-ability|p1a: Archaludon|Stamina|boost
|-boost|p1a: Archaludon|def|1
|move|p1b: Zacian|Sacred Sword|p2a: not miraidon
|-damage|p2a: not miraidon|1/100
|move|p2a: not miraidon|Close Combat|p1a: Archaludon
|-supereffective|p1a: Archaludon
|-damage|p1a: Archaludon|0 fnt
|-unboost|p2a: not miraidon|def|1
|-unboost|p2a: not miraidon|spd|1
|faint|p1a: Archaludon
|-damage|p2a: not miraidon|0 fnt|[from] item: Life Orb
|faint|p2a: not miraidon
|
|-weather|SunnyDay|[upkeep]
|-fieldend|move: Electric Terrain
|upkeep
|
|t:|1750826773
|switch|p2a: no u|Scream Tail, L50, shiny|100/100
|-activate|p2a: no u|ability: Protosynthesis
|-start|p2a: no u|protosynthesisspe
|turn|6
|
|t:|1750826786
|move|p2b: designed by child|Protect|p2b: designed by child
|-singleturn|p2b: designed by child|Protect
|move|p2a: no u|Protect|p2a: no u
|-singleturn|p2a: no u|Protect
|move|p1b: Zacian|Behemoth Blade|p2b: designed by child
|-activate|p2b: designed by child|move: Protect
|
|-weather|SunnyDay|[upkeep]
|upkeep
|turn|7
|inactive|coderthegreat has 30 seconds left.
|inactive|NarutoUzumaki1234 has 30 seconds left.
|inactive|NarutoUzumaki1234 has 20 seconds left.
|inactive|NarutoUzumaki1234 has 15 seconds left.
|
|t:|1750826833
|move|p2b: designed by child|Shadow Ball|p1b: Zacian
|-damage|p1b: Zacian|59/100
|move|p2a: no u|Disable|p1b: Zacian
|-start|p1b: Zacian|Disable|Behemoth Blade
|cant|p1b: Zacian|Disable|Behemoth Blade
|
|-weather|none
|-end|p2b: designed by child|Protosynthesis
|-end|p2a: no u|Protosynthesis
|upkeep
|-enditem|p2a: no u|Booster Energy
|-activate|p2a: no u|ability: Protosynthesis|[fromitem]
|-start|p2a: no u|protosynthesisspe
|turn|8
|
|t:|1750826855
|move|p1b: Zacian|Protect|p1b: Zacian
|-singleturn|p1b: Zacian|Protect
|move|p2a: no u|Encore|p1b: Zacian
|-activate|p1b: Zacian|move: Protect
|move|p2b: designed by child|Moonblast|p1b: Zacian
|-activate|p1b: Zacian|move: Protect
|
|upkeep
|turn|9
|
|t:|1750826874
|move|p1b: Zacian|Protect||[still]
|-fail|p1b: Zacian
|move|p2a: no u|Encore|p1b: Zacian
|-start|p1b: Zacian|Encore
|move|p2b: designed by child|Moonblast|p1b: Zacian
|-resisted|p1b: Zacian
|-damage|p1b: Zacian|33/100
|
|upkeep
|turn|10
|
|t:|1750826894
|move|p1b: Zacian|Protect|p1b: Zacian
|-singleturn|p1b: Zacian|Protect
|move|p2a: no u|Disable|p1b: Zacian
|-activate|p1b: Zacian|move: Protect
|move|p2b: designed by child|Moonblast|p1b: Zacian
|-activate|p1b: Zacian|move: Protect
|
|-end|p1b: Zacian|Disable
|upkeep
|turn|11
|
|t:|1750826908
|move|p1b: Zacian|Protect||[still]
|-fail|p1b: Zacian
|move|p2a: no u|Disable|p1b: Zacian
|-start|p1b: Zacian|Disable|Protect
|move|p2b: designed by child|Moonblast|p1b: Zacian
|-resisted|p1b: Zacian
|-damage|p1b: Zacian|11/100
|
|upkeep
|turn|12
|
|t:|1750826923
|move|p2a: no u|Encore||[still]
|-fail|p2a: no u
|-activate|p1b: Zacian|move: Struggle
|move|p1b: Zacian|Struggle|p2b: designed by child
|-damage|p2b: designed by child|60/100
|-damage|p1b: Zacian|0 fnt|[from] recoil
|faint|p1b: Zacian
|
|win|coderthegreat
|raw|NarutoUzumaki1234's rating: 1134 &rarr; <strong>1106</strong><br />(-28 for losing)
|raw|coderthegreat's rating: 1088 &rarr; <strong>1118</strong><br />(+30 for winning)
|l|☆NarutoUzumaki1234
|player|p1|
|l|☆coderthegreat
|player|p2|
