|j|☆walreinoverme
|j|☆Galactico37
|t:|1750772141
|gametype|doubles
|player|p1|walreinoverme|pokemaniac|1306
|player|p2|Galactico37|265|1372
|teamsize|p1|6
|teamsize|p2|6
|gen|9
|tier|[Gen 9] VGC 2025 Reg I
|rated|
|rule|Species Clause: Limit one of each Pokémon
|rule|Item Clause: Limit 1 of each item
|clearpoke
|poke|p1|Calyrex-Ice, L50|
|poke|p1|Kyogre, L50|
|poke|p1|Gastrodon-East, L50, M|
|poke|p1|Cacturne, L50, M|
|poke|p1|Indeedee-F, L50, F|
|poke|p1|Hariyama, L50, F|
|poke|p2|Calyrex-Shadow, L50|
|poke|p2|Koraidon, L50|
|poke|p2|Chi-Yu, L50|
|poke|p2|Incineroar, L50, F|
|poke|p2|Rillaboom, L50, M|
|poke|p2|Ogerpon-Hearthflame, L50, F|
|teampreview|4
|inactive|Battle timer is ON: inactive players will automatically lose when time's up. (requested by walreinoverme)
|inactive|walreinoverme has 60 seconds left.
|
|t:|1750772191
|start
|switch|p1a: Calyrex|Calyrex-Ice, L50|100/100
|switch|p1b: Hariyama|Hariyama, L50, F|100/100
|switch|p2a: Chi-Yu|Chi-Yu, L50|100/100
|switch|p2b: Incineroar|Incineroar, L50, F|100/100
|-ability|p1a: Calyrex|As One
|-ability|p1a: Calyrex|Unnerve
|-ability|p2a: Chi-Yu|Beads of Ruin
|-ability|p2b: Incineroar|Intimidate|boost
|-fail|p1a: Calyrex|unboost|[from] item: Clear Amulet|[of] p1a: Calyrex
|-unboost|p1b: Hariyama|atk|1
|turn|1
|inactive|Galactico37 has 30 seconds left.
|inactive|Galactico37 has 20 seconds left.
|inactive|Galactico37 has 15 seconds left.
|inactive|Galactico37 has 10 seconds left.
|inactive|Galactico37 has 5 seconds left.
|
|t:|1750772245
|move|p1a: Calyrex|Protect|p1a: Calyrex
|-singleturn|p1a: Calyrex|Protect
|move|p2a: Chi-Yu|Heat Wave|p1a: Calyrex|[spread] p1b
|-activate|p1a: Calyrex|move: Protect
|-damage|p1b: Hariyama|77/100
|move|p2b: Incineroar|Knock Off|p1a: Calyrex
|-activate|p1a: Calyrex|move: Protect
|move|p1b: Hariyama|Coaching|p1a: Calyrex
|-boost|p1a: Calyrex|atk|1
|-boost|p1a: Calyrex|def|1
|
|upkeep
|turn|2
|
|t:|1750772270
|switch|p2b: Koraidon|Koraidon, L50|100/100
|-weather|SunnyDay|[from] ability: Orichalcum Pulse|[of] p2b: Koraidon
|-activate|p2b: Koraidon|Orichalcum Pulse|[source]
|-terastallize|p1a: Calyrex|Dragon
|move|p1b: Hariyama|Wide Guard|p1b: Hariyama
|-singleturn|p1b: Hariyama|Wide Guard
|move|p2a: Chi-Yu|Heat Wave|p1a: Calyrex|[spread] 
|-activate|p1a: Calyrex|move: Wide Guard
|-activate|p1b: Hariyama|move: Wide Guard
|move|p1a: Calyrex|Trick Room|p1a: Calyrex
|-fieldstart|move: Trick Room|[of] p1a: Calyrex
|
|-weather|SunnyDay|[upkeep]
|upkeep
|turn|3
|inactive|Galactico37 has 30 seconds left.
|
|t:|1750772296
|-terastallize|p2b: Koraidon|Fire
|move|p1b: Hariyama|Close Combat|p2a: Chi-Yu
|-supereffective|p2a: Chi-Yu
|-damage|p2a: Chi-Yu|0 fnt
|-unboost|p1b: Hariyama|def|1
|-unboost|p1b: Hariyama|spd|1
|faint|p2a: Chi-Yu
|move|p1a: Calyrex|Glacial Lance|p2b: Koraidon
|-resisted|p2b: Koraidon
|-damage|p2b: Koraidon|43/100
|move|p2b: Koraidon|Flame Charge|p1a: Calyrex
|-resisted|p1a: Calyrex
|-damage|p1a: Calyrex|82/100
|-boost|p2b: Koraidon|spe|1
|-damage|p2b: Koraidon|33/100|[from] item: Life Orb
|
|-weather|SunnyDay|[upkeep]
|upkeep
|
|t:|1750772315
|switch|p2a: Incineroar|Incineroar, L50, F|100/100
|-ability|p2a: Incineroar|Intimidate|boost
|-fail|p1a: Calyrex|unboost|[from] item: Clear Amulet|[of] p1a: Calyrex
|-unboost|p1b: Hariyama|atk|1
|turn|4
|
|t:|1750772324
|move|p1a: Calyrex|Protect|p1a: Calyrex
|-singleturn|p1a: Calyrex|Protect
|move|p2b: Koraidon|Protect|p2b: Koraidon
|-singleturn|p2b: Koraidon|Protect
|move|p1b: Hariyama|Coaching|p1a: Calyrex
|-boost|p1a: Calyrex|atk|1
|-boost|p1a: Calyrex|def|1
|move|p2a: Incineroar|Knock Off|p1a: Calyrex
|-activate|p1a: Calyrex|move: Protect
|
|-weather|SunnyDay|[upkeep]
|upkeep
|turn|5
|
|t:|1750772345
|move|p2b: Koraidon|Protect||[still]
|-fail|p2b: Koraidon
|move|p1b: Hariyama|Close Combat|p2a: Incineroar
|-supereffective|p2a: Incineroar
|-damage|p2a: Incineroar|62/100
|-unboost|p1b: Hariyama|def|1
|-unboost|p1b: Hariyama|spd|1
|move|p1a: Calyrex|Glacial Lance|p2a: Incineroar|[spread] p2a,p2b
|-resisted|p2a: Incineroar
|-resisted|p2b: Koraidon
|-damage|p2a: Incineroar|9/100
|-damage|p2b: Koraidon|0 fnt
|faint|p2b: Koraidon
|-ability|p1a: Calyrex|Chilling Neigh|boost
|-boost|p1a: Calyrex|atk|1
|move|p2a: Incineroar|Knock Off|p1a: Calyrex
|-damage|p1a: Calyrex|69/100
|-enditem|p1a: Calyrex|Clear Amulet|[from] move: Knock Off|[of] p2a: Incineroar
|
|-weather|SunnyDay|[upkeep]
|upkeep
|
|t:|1750772364
|switch|p2b: Calyrex|Calyrex-Shadow, L50|100/100
|-ability|p2b: Calyrex|As One
|-ability|p2b: Calyrex|Unnerve
|turn|6
|
|t:|1750772388
|move|p1b: Hariyama|Wide Guard|p1b: Hariyama
|-singleturn|p1b: Hariyama|Wide Guard
|move|p1a: Calyrex|Glacial Lance|p2b: Calyrex|[spread] p2a,p2b
|-resisted|p2a: Incineroar
|-damage|p2a: Incineroar|0 fnt
|-enditem|p2b: Calyrex|Focus Sash
|-damage|p2b: Calyrex|1/100
|faint|p2a: Incineroar
|-ability|p1a: Calyrex|Chilling Neigh|boost
|-boost|p1a: Calyrex|atk|1
|move|p2b: Calyrex|Nasty Plot|p2b: Calyrex
|-boost|p2b: Calyrex|spa|2
|
|-weather|none
|-fieldend|move: Trick Room
|upkeep
|turn|7
|
|t:|1750772411
|move|p1b: Hariyama|Wide Guard|p1b: Hariyama
|-singleturn|p1b: Hariyama|Wide Guard
|move|p2b: Calyrex|Pollen Puff|p1a: Calyrex
|-damage|p1a: Calyrex|18/100
|move|p1a: Calyrex|Glacial Lance|p2b: Calyrex
|-damage|p2b: Calyrex|0 fnt
|faint|p2b: Calyrex
|
|win|walreinoverme
|raw|walreinoverme's rating: 1306 &rarr; <strong>1330</strong><br />(+24 for winning)
|raw|Galactico37's rating: 1372 &rarr; <strong>1348</strong><br />(-24 for losing)
|l|☆walreinoverme
|player|p1|
|l|☆Galactico37
|player|p2|
