|j|☆DrPraykuh
|j|☆jimboukit
|t:|1750814844
|gametype|doubles
|player|p1|DrPraykuh|169|1215
|player|p2|jimboukit|102|1312
|teamsize|p1|6
|teamsize|p2|6
|gen|9
|tier|[Gen 9] VGC 2025 Reg I
|rated|
|rule|Species Clause: Limit one of each Pokémon
|rule|Item Clause: Limit 1 of each item
|clearpoke
|poke|p1|Kyogre, L50|
|poke|p1|Tornadus, L50, M|
|poke|p1|Zacian-*, L50|
|poke|p1|Hitmontop, L50, M|
|poke|p1|Fezandipiti, L50, M|
|poke|p1|Urshifu-*, L50, M|
|poke|p2|Volcarona, L50, F|
|poke|p2|Iron Hands, L50|
|poke|p2|Miraidon, L50|
|poke|p2|Grimmsnarl, L50, M|
|poke|p2|Calyrex-Ice, L50|
|poke|p2|Farigiraf, L50, M|
|teampreview|4
|inactive|Battle timer is ON: inactive players will automatically lose when time's up. (requested by DrPraykuh)
|inactive|DrPraykuh has 60 seconds left.
|inactive|jimboukit has 60 seconds left.
|
|t:|1750814900
|start
|switch|p1a: Fezandipiti|Fezandipiti, L50, M|100/100
|switch|p1b: Kyogre|Kyogre, L50|100/100
|switch|p2a: Iron Hands|Iron Hands, L50|100/100
|switch|p2b: Miraidon|Miraidon, L50|100/100
|-fieldstart|move: Electric Terrain|[from] ability: Hadron Engine|[of] p2b: Miraidon
|-activate|p2a: Iron Hands|ability: Quark Drive
|-start|p2a: Iron Hands|quarkdriveatk
|-weather|RainDance|[from] ability: Drizzle|[of] p1b: Kyogre
|turn|1
|
|t:|1750814924
|move|p1b: Kyogre|Protect|p1b: Kyogre
|-singleturn|p1b: Kyogre|Protect
|move|p2a: Iron Hands|Fake Out|p1b: Kyogre
|-activate|p1b: Kyogre|move: Protect
|move|p2b: Miraidon|Electro Drift|p1a: Fezandipiti
|-damage|p1a: Fezandipiti|34/100
|move|p1a: Fezandipiti|Icy Wind|p2a: Iron Hands|[spread] p2a,p2b
|-supereffective|p2b: Miraidon
|-damage|p2a: Iron Hands|97/100
|-damage|p2b: Miraidon|89/100
|-unboost|p2a: Iron Hands|spe|1
|-unboost|p2b: Miraidon|spe|1
|
|-weather|RainDance|[upkeep]
|upkeep
|turn|2
|inactive|DrPraykuh has 30 seconds left.
|inactive|jimboukit has 30 seconds left.
|inactive|DrPraykuh has 20 seconds left.
|inactive|DrPraykuh has 15 seconds left.
|inactive|DrPraykuh has 10 seconds left.
|
|t:|1750814974
|-terastallize|p1b: Kyogre|Grass
|-terastallize|p2a: Iron Hands|Water
|move|p1a: Fezandipiti|Icy Wind|p2a: Iron Hands|[spread] p2a,p2b
|-resisted|p2a: Iron Hands
|-supereffective|p2b: Miraidon
|-damage|p2a: Iron Hands|96/100
|-damage|p2b: Miraidon|78/100
|-unboost|p2a: Iron Hands|spe|1
|-unboost|p2b: Miraidon|spe|1
|move|p1b: Kyogre|Origin Pulse|p2b: Miraidon|[spread] p2a
|-miss|p1b: Kyogre|p2b: Miraidon
|-resisted|p2a: Iron Hands
|-damage|p2a: Iron Hands|75/100
|move|p2b: Miraidon|Electro Drift|p1a: Fezandipiti
|-damage|p1a: Fezandipiti|0 fnt
|faint|p1a: Fezandipiti
|move|p2a: Iron Hands|Low Kick|p1b: Kyogre
|-damage|p1b: Kyogre|20/100
|
|-weather|RainDance|[upkeep]
|upkeep
|inactive|DrPraykuh has 30 seconds left.
|
|t:|1750815003
|switch|p1a: Hitmontop|Hitmontop, L50, M|100/100
|-ability|p1a: Hitmontop|Intimidate|boost
|-unboost|p2a: Iron Hands|atk|1
|-unboost|p2b: Miraidon|atk|1
|turn|3
|inactive|DrPraykuh has 30 seconds left.
|
|t:|1750815034
|move|p1a: Hitmontop|Close Combat|p2b: Miraidon
|-damage|p2b: Miraidon|30/100
|-unboost|p1a: Hitmontop|def|1
|-unboost|p1a: Hitmontop|spd|1
|move|p1b: Kyogre|Ice Beam|p2b: Miraidon
|-supereffective|p2b: Miraidon
|-damage|p2b: Miraidon|0 fnt
|faint|p2b: Miraidon
|move|p2a: Iron Hands|Low Kick|p1b: Kyogre
|-damage|p1b: Kyogre|0 fnt
|faint|p1b: Kyogre
|
|-weather|RainDance|[upkeep]
|upkeep
|
|t:|1750815048
|switch|p2b: Farigiraf|Farigiraf, L50, M|100/100
|switch|p1b: Zacian|Zacian-Crowned, L50|100/100
|-ability|p1b: Zacian|Intrepid Sword|boost
|-boost|p1b: Zacian|atk|1
|-enditem|p2b: Farigiraf|Electric Seed
|-boost|p2b: Farigiraf|def|1|[from] item: Electric Seed
|turn|4
|
|t:|1750815070
|-end|p2a: Iron Hands|Quark Drive|[silent]
|switch|p2a: Calyrex|Calyrex-Ice, L50|100/100
|-ability|p2a: Calyrex|As One
|-ability|p2a: Calyrex|Unnerve
|move|p1b: Zacian|Play Rough|p2a: Calyrex
|-damage|p2a: Calyrex|51/100
|move|p1a: Hitmontop|Coaching|p1b: Zacian
|-boost|p1b: Zacian|atk|1
|-boost|p1b: Zacian|def|1
|move|p2b: Farigiraf|Trick Room|p2b: Farigiraf
|-fieldstart|move: Trick Room|[of] p2b: Farigiraf
|
|-weather|RainDance|[upkeep]
|upkeep
|turn|5
|inactive|DrPraykuh has 30 seconds left.
|inactive|jimboukit has 30 seconds left.
|
|t:|1750815104
|move|p2a: Calyrex|Protect|p2a: Calyrex
|-singleturn|p2a: Calyrex|Protect
|move|p2b: Farigiraf|Psychic|p1a: Hitmontop
|-supereffective|p1a: Hitmontop
|-enditem|p1a: Hitmontop|Focus Sash
|-damage|p1a: Hitmontop|1/100
|-unboost|p1a: Hitmontop|spd|1
|move|p1a: Hitmontop|Coaching|p1b: Zacian
|-boost|p1b: Zacian|atk|1
|-boost|p1b: Zacian|def|1
|move|p1b: Zacian|Play Rough|p2b: Farigiraf|[miss]
|-miss|p1b: Zacian|p2b: Farigiraf
|
|-weather|none
|-fieldend|move: Electric Terrain
|upkeep
|turn|6
|
|t:|1750815130
|move|p1a: Hitmontop|Protect|p1a: Hitmontop
|-singleturn|p1a: Hitmontop|Protect
|move|p2a: Calyrex|Glacial Lance|p1b: Zacian|[spread] p1b
|-activate|p1a: Hitmontop|move: Protect
|-resisted|p1b: Zacian
|-damage|p1b: Zacian|90/100
|move|p2b: Farigiraf|Foul Play|p1a: Hitmontop
|-activate|p1a: Hitmontop|move: Protect
|move|p1b: Zacian|Play Rough|p2a: Calyrex
|-damage|p2a: Calyrex|0 fnt
|faint|p2a: Calyrex
|
|upkeep
|
|t:|1750815143
|switch|p2a: Iron Hands|Iron Hands, L50, tera:Water|75/100
|turn|7
|inactive|DrPraykuh has 30 seconds left.
|inactive|DrPraykuh has 20 seconds left.
|-message|jimboukit forfeited.
|
|win|DrPraykuh
|raw|DrPraykuh's rating: 1215 &rarr; <strong>1247</strong><br />(+32 for winning)
|raw|jimboukit's rating: 1312 &rarr; <strong>1287</strong><br />(-25 for losing)
|l|☆jimboukit
|player|p2|
|l|☆DrPraykuh
|player|p1|
