|j|☆samongaku
|j|☆OnixBoy423
|t:|1750727256
|gametype|doubles
|player|p1|samongaku|alder|1072
|player|p2|OnixBoy423|170|1050
|teamsize|p1|6
|teamsize|p2|6
|gen|9
|tier|[Gen 9] VGC 2025 Reg I
|rated|
|rule|Species Clause: Limit one of each Pokémon
|rule|Item Clause: Limit 1 of each item
|clearpoke
|poke|p1|Indeedee-F, L50, F|
|poke|p1|Kyogre, L50|
|poke|p1|Tornadus, L50, M|
|poke|p1|Rampardos, L50, F|
|poke|p1|Latios, L50, M|
|poke|p1|Eternatus, L50|
|poke|p2|Groudon, L50|
|poke|p2|Greedent, L50, F|
|poke|p2|Arboliva, L50, M|
|poke|p2|Charizard, L50, F|
|poke|p2|Calyrex-Ice, L50|
|poke|p2|Sylveon, L50, M|
|teampreview|4
|inactive|Battle timer is ON: inactive players will automatically lose when time's up. (requested by samongaku)
samongaku rejected open team sheets.
|inactive|OnixBoy423 has 60 seconds left.
|
|t:|1750727296
|start
|switch|p1a: Eternatus|Eternatus, L50|100/100
|switch|p1b: Latios|Latios, L50, M|100/100
|switch|p2a: Groudon|Groudon, L50|100/100
|switch|p2b: Arboliva|Arboliva, L50, M|100/100
|-ability|p1a: Eternatus|Pressure
|-weather|SunnyDay|[from] ability: Drought|[of] p2a: Groudon
|turn|1
|inactive|OnixBoy423 has 30 seconds left.
|
|t:|1750727327
|move|p1a: Eternatus|Cosmic Power|p1a: Eternatus
|-boost|p1a: Eternatus|def|1
|-boost|p1a: Eternatus|spd|1
|move|p1b: Latios|Simple Beam|p1a: Eternatus
|-endability|p1a: Eternatus|Pressure|[from] move: Simple Beam
|-ability|p1a: Eternatus|Simple|[from] move: Simple Beam
|move|p2a: Groudon|Precipice Blades|p1a: Eternatus|[spread] p1a
|-immune|p1b: Latios|[from] ability: Levitate
|-supereffective|p1a: Eternatus
|-damage|p1a: Eternatus|41/100
|move|p2b: Arboliva|Terrain Pulse|p1b: Latios
|-damage|p1b: Latios|58/100
|-damage|p2b: Arboliva|91/100|[from] item: Life Orb
|
|-weather|SunnyDay|[upkeep]
|upkeep
|turn|2
|inactive|samongaku has 30 seconds left.
|inactive|OnixBoy423 has 30 seconds left.
|
|t:|1750727357
|move|p1a: Eternatus|Dynamax Cannon|p2a: Groudon
|-damage|p2a: Groudon|59/100
|move|p1b: Latios|Ice Beam|p2a: Groudon
|-supereffective|p2a: Groudon
|-damage|p2a: Groudon|5/100
|move|p2a: Groudon|Precipice Blades|p1a: Eternatus|[spread] p1a
|-immune|p1b: Latios|[from] ability: Levitate
|-supereffective|p1a: Eternatus
|-damage|p1a: Eternatus|0 fnt
|faint|p1a: Eternatus
|move|p2b: Arboliva|Solar Beam||[still]
|-prepare|p2b: Arboliva|Solar Beam
|-anim|p2b: Arboliva|Solar Beam|p1b: Latios
|-resisted|p1b: Latios
|-damage|p1b: Latios|11/100
|-damage|p2b: Arboliva|81/100|[from] item: Life Orb
|
|-weather|SunnyDay|[upkeep]
|upkeep
|
|t:|1750727376
|switch|p1a: Kyogre|Kyogre, L50|100/100
|-weather|RainDance|[from] ability: Drizzle|[of] p1a: Kyogre
|turn|3
|
|t:|1750727394
|switch|p2a: Calyrex|Calyrex-Ice, L50|100/100
|-ability|p2a: Calyrex|As One
|-ability|p2a: Calyrex|Unnerve
|move|p1b: Latios|Tailwind|p1b: Latios
|-sidestart|p1: samongaku|move: Tailwind
|move|p1a: Kyogre|Water Spout|p2b: Arboliva|[spread] p2a,p2b
|-resisted|p2b: Arboliva
|-damage|p2a: Calyrex|37/100
|-damage|p2b: Arboliva|34/100
|-fieldstart|move: Grassy Terrain|[from] ability: Seed Sower|[of] p2b: Arboliva
|move|p2b: Arboliva|Terrain Pulse|p1b: Latios
|-resisted|p1b: Latios
|-damage|p1b: Latios|0 fnt
|faint|p1b: Latios
|-damage|p2b: Arboliva|24/100|[from] item: Life Orb
|
|-weather|RainDance|[upkeep]
|-heal|p2a: Calyrex|43/100|[from] Grassy Terrain
|-heal|p2b: Arboliva|30/100|[from] Grassy Terrain
|upkeep
|
|t:|1750727413
|switch|p1b: Rampardos|Rampardos, L50, F|100/100
|turn|4
|
|t:|1750727434
|move|p1a: Kyogre|Water Spout|p2b: Arboliva|[spread] p2a,p2b
|-resisted|p2b: Arboliva
|-damage|p2a: Calyrex|0 fnt
|-damage|p2b: Arboliva|0 fnt
|faint|p2a: Calyrex
|faint|p2b: Arboliva
|move|p1b: Rampardos|Iron Head|p2: Calyrex|[notarget]
|-fail|p1b: Rampardos
|
|-weather|RainDance|[upkeep]
|upkeep
|
|t:|1750727444
|switch|p2a: Charizard|Charizard, L50, F|100/100
|switch|p2b: Groudon|Groudon, L50|5/100
|-weather|SunnyDay|[from] ability: Drought|[of] p2b: Groudon
|turn|5
|
|t:|1750727457
|-terastallize|p2a: Charizard|Grass
|move|p1a: Kyogre|Water Spout|p2b: Groudon|[spread] p2a,p2b
|-resisted|p2a: Charizard
|-supereffective|p2b: Groudon
|-damage|p2a: Charizard|87/100
|-damage|p2b: Groudon|0 fnt
|faint|p2b: Groudon
|move|p2a: Charizard|Solar Beam||[still]
|-prepare|p2a: Charizard|Solar Beam
|-anim|p2a: Charizard|Solar Beam|p1a: Kyogre
|-supereffective|p1a: Kyogre
|-damage|p1a: Kyogre|0 fnt
|faint|p1a: Kyogre
|move|p1b: Rampardos|Rock Slide|p2a: Charizard
|-damage|p2a: Charizard|0 fnt
|faint|p2a: Charizard
|
|win|samongaku
|raw|samongaku's rating: 1072 &rarr; <strong>1099</strong><br />(+27 for winning)
|raw|OnixBoy423's rating: 1050 &rarr; <strong>1034</strong><br />(-16 for losing)
|l|☆OnixBoy423
|player|p2|
|l|☆samongaku
|player|p1|
