|j|☆naibot2814
|j|☆Zakmancho
|t:|1750804297
|gametype|doubles
|player|p1|naibot2814|ghetsis|1690
|player|p2|Zakmancho|2|1652
|teamsize|p1|6
|teamsize|p2|6
|gen|9
|tier|[Gen 9] VGC 2025 Reg I
|rated|
|rule|Species Clause: Limit one of each Pokémon
|rule|Item Clause: Limit 1 of each item
|clearpoke
|poke|p1|Zamazenta-*, L50|
|poke|p1|Ogerpon-Hearthflame, L50, F|
|poke|p1|Calyrex-Shadow, L50|
|poke|p1|Incineroar, L50, M|
|poke|p1|Rillaboom, L50, M|
|poke|p1|Raging Bolt, L50|
|poke|p2|Calyrex-Ice, L50|
|poke|p2|Miraidon, L50|
|poke|p2|Grimmsnarl, L50, M|
|poke|p2|Urshifu-*, L50, M|
|poke|p2|Incineroar, L50, F|
|poke|p2|Landorus, L50, M|
|teampreview|4
|inactive|Battle timer is ON: inactive players will automatically lose when time's up. (requested by Zakmancho)
|
|t:|1750804320
|start
|switch|p1a: Calyrex|Calyrex-Shadow, L50|100/100
|switch|p1b: Rillaboom|Rillaboom, L50, M|100/100
|switch|p2a: Incineroar|Incineroar, L50, F|100/100
|switch|p2b: Grimmsnarl|Grimmsnarl, L50, M|100/100
|-ability|p1a: Calyrex|As One
|-ability|p1a: Calyrex|Unnerve
|-fieldstart|move: Grassy Terrain|[from] ability: Grassy Surge|[of] p1b: Rillaboom
|-ability|p2a: Incineroar|Intimidate|boost
|-unboost|p1a: Calyrex|atk|1
|-unboost|p1b: Rillaboom|atk|1
|turn|1
|inactive|naibot2814 has 30 seconds left.
|
|t:|1750804348
|switch|p1a: Incineroar|Incineroar, L50, M|100/100
|-ability|p1a: Incineroar|Intimidate|boost
|-unboost|p2a: Incineroar|atk|1
|-unboost|p2b: Grimmsnarl|atk|1
|move|p1b: Rillaboom|Fake Out|p2b: Grimmsnarl
|-damage|p2b: Grimmsnarl|91/100
|cant|p2b: Grimmsnarl|flinch
|move|p2a: Incineroar|Flare Blitz|p1b: Rillaboom
|-supereffective|p1b: Rillaboom
|-damage|p1b: Rillaboom|49/100
|-damage|p2a: Incineroar|83/100|[from] Recoil
|
|-heal|p1b: Rillaboom|55/100|[from] Grassy Terrain
|-heal|p2a: Incineroar|89/100|[from] Grassy Terrain
|-heal|p2b: Grimmsnarl|97/100|[from] Grassy Terrain
|upkeep
|turn|2
|
|t:|1750804371
|move|p1a: Incineroar|Fake Out|p2b: Grimmsnarl
|-damage|p2b: Grimmsnarl|86/100
|cant|p2b: Grimmsnarl|flinch
|move|p1b: Rillaboom|U-turn|p2b: Grimmsnarl
|-damage|p2b: Grimmsnarl|69/100
|
|t:|1750804376
|switch|p1b: Zamazenta|Zamazenta-Crowned, L50|100/100|[from] U-turn
|-ability|p1b: Zamazenta|Dauntless Shield|boost
|-boost|p1b: Zamazenta|def|1
|move|p2a: Incineroar|Knock Off|p1b: Zamazenta
|-resisted|p1b: Zamazenta
|-damage|p1b: Zamazenta|97/100
|
|-heal|p1b: Zamazenta|100/100|[from] Grassy Terrain
|-heal|p2a: Incineroar|95/100|[from] Grassy Terrain
|-heal|p2b: Grimmsnarl|75/100|[from] Grassy Terrain
|upkeep
|turn|3
|
|t:|1750804390
|switch|p2a: Miraidon|Miraidon, L50|100/100
|-fieldstart|move: Electric Terrain|[from] ability: Hadron Engine|[of] p2a: Miraidon
|move|p2b: Grimmsnarl|Reflect|p2b: Grimmsnarl
|-sidestart|p2: Zakmancho|Reflect
|move|p1b: Zamazenta|Body Press|p2b: Grimmsnarl
|-damage|p2b: Grimmsnarl|25/100
|move|p1a: Incineroar|Knock Off|p2b: Grimmsnarl
|-resisted|p2b: Grimmsnarl
|-damage|p2b: Grimmsnarl|19/100
|-enditem|p2b: Grimmsnarl|Light Clay|[from] move: Knock Off|[of] p1a: Incineroar
|
|upkeep
|turn|4
|
|t:|1750804413
|switch|p1a: Rillaboom|Rillaboom, L50, M|55/100
|-fieldstart|move: Grassy Terrain|[from] ability: Grassy Surge|[of] p1a: Rillaboom
|move|p2b: Grimmsnarl|Light Screen|p2b: Grimmsnarl
|-sidestart|p2: Zakmancho|move: Light Screen
|move|p1b: Zamazenta|Body Press|p2b: Grimmsnarl
|-damage|p2b: Grimmsnarl|0 fnt
|faint|p2b: Grimmsnarl
|move|p2a: Miraidon|Volt Switch|p1a: Rillaboom
|-resisted|p1a: Rillaboom
|-damage|p1a: Rillaboom|43/100
|
|t:|1750804423
|switch|p2a: Calyrex|Calyrex-Ice, L50|100/100|[from] Volt Switch
|-ability|p2a: Calyrex|As One
|-ability|p2a: Calyrex|Unnerve
|
|-heal|p1a: Rillaboom|49/100|[from] Grassy Terrain
|upkeep
|
|t:|1750804425
|switch|p2b: Miraidon|Miraidon, L50|100/100
|-fieldstart|move: Electric Terrain|[from] ability: Hadron Engine|[of] p2b: Miraidon
|turn|5
|
|t:|1750804437
|move|p1b: Zamazenta|Protect|p1b: Zamazenta
|-singleturn|p1b: Zamazenta|Protect
|move|p2b: Miraidon|Volt Switch|p1b: Zamazenta
|-activate|p1b: Zamazenta|move: Protect
|move|p1a: Rillaboom|U-turn|p2a: Calyrex
|-supereffective|p2a: Calyrex
|-damage|p2a: Calyrex|81/100
|
|t:|1750804445
|switch|p1a: Incineroar|Incineroar, L50, M|100/100|[from] U-turn
|-ability|p1a: Incineroar|Intimidate|boost
|-unboost|p2a: Calyrex|atk|1
|-unboost|p2b: Miraidon|atk|1
|move|p2a: Calyrex|Leech Seed|p1b: Zamazenta
|-activate|p1b: Zamazenta|move: Protect
|
|-heal|p2a: Calyrex|86/100|[from] item: Leftovers
|upkeep
|turn|6
|inactive|naibot2814 has 30 seconds left.
|j| elwafle
|
|t:|1750804474
|move|p1a: Incineroar|Fake Out|p2a: Calyrex
|-damage|p2a: Calyrex|82/100
|move|p1b: Zamazenta|Body Press|p2b: Miraidon
|-damage|p2b: Miraidon|62/100
|move|p2b: Miraidon|Volt Switch|p1a: Incineroar
|-damage|p1a: Incineroar|51/100
|
|t:|1750804482
|switch|p2b: Incineroar|Incineroar, L50, F|95/100|[from] Volt Switch
|-ability|p2b: Incineroar|Intimidate|boost
|-unboost|p1a: Incineroar|atk|1
|-unboost|p1b: Zamazenta|atk|1
|cant|p2a: Calyrex|flinch
|
|-heal|p2a: Calyrex|88/100|[from] item: Leftovers
|upkeep
|turn|7
|
|t:|1750804500
|-terastallize|p2a: Calyrex|Electric
|move|p1b: Zamazenta|Protect|p1b: Zamazenta
|-singleturn|p1b: Zamazenta|Protect
|move|p2b: Incineroar|Fake Out|p1b: Zamazenta
|-activate|p1b: Zamazenta|move: Protect
|move|p1a: Incineroar|Knock Off|p2a: Calyrex
|-damage|p2a: Calyrex|78/100
|-enditem|p2a: Calyrex|Leftovers|[from] move: Knock Off|[of] p1a: Incineroar
|move|p2a: Calyrex|Leech Seed|p1a: Incineroar
|-start|p1a: Incineroar|move: Leech Seed
|
|-damage|p1a: Incineroar|39/100|[from] Leech Seed|[of] p2a: Calyrex
|-heal|p2a: Calyrex|90/100|[silent]
|upkeep
|turn|8
|
|t:|1750804517
|switch|p2b: Miraidon|Miraidon, L50|62/100
|-activate|p2b: Miraidon|ability: Hadron Engine
|move|p1b: Zamazenta|Body Press|p2b: Miraidon
|-damage|p2b: Miraidon|22/100
|move|p1a: Incineroar|Parting Shot|p2a: Calyrex
|-unboost|p2a: Calyrex|atk|1
|-unboost|p2a: Calyrex|spa|1
|j| falafel hunk chunk
|
|t:|1750804526
|switch|p1a: Rillaboom|Rillaboom, L50, M|49/100|[from] Parting Shot
|-fieldstart|move: Grassy Terrain|[from] ability: Grassy Surge|[of] p1a: Rillaboom
|move|p2a: Calyrex|Leech Seed|p1b: Zamazenta
|-start|p1b: Zamazenta|move: Leech Seed
|
|-heal|p2b: Miraidon|28/100|[from] Grassy Terrain
|-heal|p1a: Rillaboom|55/100|[from] Grassy Terrain
|-heal|p2a: Calyrex|96/100|[from] Grassy Terrain
|-damage|p1b: Zamazenta|88/100|[from] Leech Seed|[of] p2a: Calyrex
|-heal|p2a: Calyrex|100/100|[silent]
|-sideend|p2: Zakmancho|move: Light Screen
|upkeep
|turn|9
|
|t:|1750804546
|switch|p2b: Incineroar|Incineroar, L50, F|95/100
|-ability|p2b: Incineroar|Intimidate|boost
|-unboost|p1a: Rillaboom|atk|1
|-unboost|p1b: Zamazenta|atk|1
|move|p1b: Zamazenta|Body Press|p2b: Incineroar
|-supereffective|p2b: Incineroar
|-damage|p2b: Incineroar|1/100
|move|p1a: Rillaboom|U-turn|p2b: Incineroar
|-crit|p2b: Incineroar
|-damage|p2b: Incineroar|0 fnt
|faint|p2b: Incineroar
|
|t:|1750804556
|switch|p1a: Incineroar|Incineroar, L50, M|39/100|[from] U-turn
|-ability|p1a: Incineroar|Intimidate|boost
|-unboost|p2a: Calyrex|atk|1
|move|p2a: Calyrex|Glacial Lance|p1b: Zamazenta|[spread] p1a,p1b
|-resisted|p1a: Incineroar
|-resisted|p1b: Zamazenta
|-damage|p1a: Incineroar|31/100
|-damage|p1b: Zamazenta|84/100
|
|-heal|p1b: Zamazenta|90/100|[from] Grassy Terrain
|-heal|p1a: Incineroar|37/100|[from] Grassy Terrain
|-damage|p1b: Zamazenta|78/100|[from] Leech Seed|[of] p2a: Calyrex
|upkeep
|
|t:|1750804560
|switch|p2b: Miraidon|Miraidon, L50|28/100
|-fieldstart|move: Electric Terrain|[from] ability: Hadron Engine|[of] p2b: Miraidon
|turn|10
|
|t:|1750804577
|switch|p1a: Rillaboom|Rillaboom, L50, M|55/100
|-fieldstart|move: Grassy Terrain|[from] ability: Grassy Surge|[of] p1a: Rillaboom
|move|p2b: Miraidon|Protect|p2b: Miraidon
|-singleturn|p2b: Miraidon|Protect
|move|p1b: Zamazenta|Body Press|p2b: Miraidon
|-activate|p2b: Miraidon|move: Protect
|move|p2a: Calyrex|Leech Seed|p1a: Rillaboom
|-immune|p1a: Rillaboom
|
|-heal|p1b: Zamazenta|84/100|[from] Grassy Terrain
|-heal|p2b: Miraidon|34/100|[from] Grassy Terrain
|-heal|p1a: Rillaboom|61/100|[from] Grassy Terrain
|-damage|p1b: Zamazenta|72/100|[from] Leech Seed|[of] p2a: Calyrex
|-sideend|p2: Zakmancho|Reflect
|upkeep
|turn|11
|
|t:|1750804600
|move|p1b: Zamazenta|Body Press|p2b: Miraidon
|-damage|p2b: Miraidon|0 fnt
|faint|p2b: Miraidon
|move|p1a: Rillaboom|U-turn|p2a: Calyrex
|-damage|p2a: Calyrex|85/100
|
|t:|1750804606
|switch|p1a: Incineroar|Incineroar, L50, M|37/100|[from] U-turn
|-ability|p1a: Incineroar|Intimidate|boost
|-unboost|p2a: Calyrex|atk|1
|move|p2a: Calyrex|Glacial Lance|p1b: Zamazenta|[spread] p1a,p1b
|-resisted|p1a: Incineroar
|-resisted|p1b: Zamazenta
|-damage|p1a: Incineroar|29/100
|-damage|p1b: Zamazenta|69/100
|
|-heal|p1b: Zamazenta|75/100|[from] Grassy Terrain
|-heal|p1a: Incineroar|35/100|[from] Grassy Terrain
|-heal|p2a: Calyrex|91/100|[from] Grassy Terrain
|-damage|p1b: Zamazenta|63/100|[from] Leech Seed|[of] p2a: Calyrex
|-heal|p2a: Calyrex|100/100|[silent]
|upkeep
|turn|12
|
|t:|1750804625
|move|p1b: Zamazenta|Body Press|p2a: Calyrex
|-damage|p2a: Calyrex|57/100
|move|p1a: Incineroar|Parting Shot|p2a: Calyrex
|-unboost|p2a: Calyrex|atk|1
|-unboost|p2a: Calyrex|spa|1
|
|t:|1750804631
|switch|p1a: Rillaboom|Rillaboom, L50, M|61/100|[from] Parting Shot
|move|p2a: Calyrex|Glacial Lance|p1a: Rillaboom|[spread] p1a,p1b
|-supereffective|p1a: Rillaboom
|-resisted|p1b: Zamazenta
|-damage|p1a: Rillaboom|31/100
|-damage|p1b: Zamazenta|60/100
|
|-heal|p1b: Zamazenta|66/100|[from] Grassy Terrain
|-heal|p1a: Rillaboom|37/100|[from] Grassy Terrain
|-heal|p2a: Calyrex|62/100|[from] Grassy Terrain
|-damage|p1b: Zamazenta|54/100|[from] Leech Seed|[of] p2a: Calyrex
|-heal|p2a: Calyrex|73/100|[silent]
|upkeep
|turn|13
|
|t:|1750804646
|move|p1b: Zamazenta|Body Press|p2a: Calyrex
|-damage|p2a: Calyrex|29/100
|move|p1a: Rillaboom|U-turn|p2a: Calyrex
|-damage|p2a: Calyrex|15/100
|-message|Zakmancho forfeited.
|
|win|naibot2814
|raw|naibot2814's rating: 1690 &rarr; <strong>1708</strong><br />(+18 for winning)
|raw|Zakmancho's rating: 1652 &rarr; <strong>1634</strong><br />(-18 for losing)
|l|☆Zakmancho
|player|p2|
|l|☆naibot2814
|player|p1|
|l| elwafle
