|j|☆guga2
|j|☆zsg2006
|t:|1750792616
|gametype|doubles
|player|p1|guga2|2|1202
|player|p2|zsg2006|blackbelt-gen4dp|1195
|teamsize|p1|6
|teamsize|p2|6
|gen|9
|tier|[Gen 9] VGC 2025 Reg I
|rated|
|rule|Species Clause: Limit one of each Pokémon
|rule|Item Clause: Limit 1 of each item
|clearpoke
|poke|p1|Dondozo, L50, M|
|poke|p1|Tatsugiri-Droopy, L50, M|
|poke|p1|Koraidon, L50|
|poke|p1|Calyrex-Shadow, L50|
|poke|p1|Weezing-Galar, L50, M|
|poke|p1|Chi-Yu, L50|
|poke|p2|Miraidon, L50|
|poke|p2|Calyrex-Shadow, L50|
|poke|p2|Clefable, L50, F|
|poke|p2|Flutter Mane, L50|
|poke|p2|Urshifu-*, L50, M|
|poke|p2|Whimsicott, L50, F|
|teampreview|4
zsg2006 has agreed to open team sheets.
|
|t:|1750792670
|start
|switch|p1a: Chi-Yu|Chi-Yu, L50|100/100
|switch|p1b: Calyrex|Calyrex-Shadow, L50|100/100
|switch|p2a: Calyrex|Calyrex-Shadow, L50|100/100
|switch|p2b: Flutter Mane|Flutter Mane, L50|100/100
|-ability|p2a: Calyrex|As One
|-ability|p2a: Calyrex|Unnerve
|-ability|p1b: Calyrex|As One
|-ability|p1b: Calyrex|Unnerve
|-ability|p1a: Chi-Yu|Beads of Ruin
|-enditem|p2b: Flutter Mane|Booster Energy
|-activate|p2b: Flutter Mane|ability: Protosynthesis|[fromitem]
|-start|p2b: Flutter Mane|protosynthesisspe
|turn|1
|
|t:|1750792717
|-terastallize|p1b: Calyrex|Dark
|-terastallize|p2a: Calyrex|Dark
|move|p2b: Flutter Mane|Icy Wind|p1b: Calyrex|[spread] p1a,p1b
|-resisted|p1a: Chi-Yu
|-damage|p1a: Chi-Yu|95/100
|-damage|p1b: Calyrex|84/100
|-unboost|p1a: Chi-Yu|spe|1
|-unboost|p1b: Calyrex|spe|1
|move|p2a: Calyrex|Nasty Plot|p2a: Calyrex
|-boost|p2a: Calyrex|spa|2
|move|p1a: Chi-Yu|Snarl|p2a: Calyrex|[spread] p2a,p2b
|-resisted|p2a: Calyrex
|-damage|p2a: Calyrex|86/100
|-damage|p2b: Flutter Mane|78/100
|-unboost|p2a: Calyrex|spa|1
|-unboost|p2b: Flutter Mane|spa|1
|move|p1b: Calyrex|Astral Barrage|p2a: Calyrex|[spread] p2a,p2b
|-resisted|p2a: Calyrex
|-supereffective|p2b: Flutter Mane
|-crit|p2b: Flutter Mane
|-damage|p2a: Calyrex|35/100
|-damage|p2b: Flutter Mane|0 fnt
|faint|p2b: Flutter Mane
|-end|p2b: Flutter Mane|Protosynthesis|[silent]
|-ability|p1b: Calyrex|Grim Neigh|boost
|-boost|p1b: Calyrex|spa|1
|-damage|p1b: Calyrex|74/100|[from] item: Life Orb
|
|upkeep
|
|t:|1750792733
|switch|p2b: Miraidon|Miraidon, L50|100/100
|-fieldstart|move: Electric Terrain|[from] ability: Hadron Engine|[of] p2b: Miraidon
|turn|2
|
|t:|1750792765
|move|p2a: Calyrex|Astral Barrage|p1a: Chi-Yu|[spread] p1a,p1b
|-resisted|p1a: Chi-Yu
|-resisted|p1b: Calyrex
|-damage|p1a: Chi-Yu|56/100
|-damage|p1b: Calyrex|19/100
|move|p2b: Miraidon|Electro Drift|p1a: Chi-Yu
|-damage|p1a: Chi-Yu|0 fnt
|faint|p1a: Chi-Yu
|move|p1b: Calyrex|Astral Barrage|p2a: Calyrex|[spread] p2a,p2b
|-resisted|p2a: Calyrex
|-damage|p2a: Calyrex|0 fnt
|-damage|p2b: Miraidon|17/100
|faint|p2a: Calyrex
|-ability|p1b: Calyrex|Grim Neigh|boost
|-boost|p1b: Calyrex|spa|1
|-damage|p1b: Calyrex|10/100|[from] item: Life Orb
|
|upkeep
|
|t:|1750792782
|switch|p2a: Clefable|Clefable, L50, F|100/100
|switch|p1a: Dondozo|Dondozo, L50, M|100/100
|turn|3
|
|t:|1750792808
|switch|p1b: Tatsugiri|Tatsugiri-Droopy, L50, M|100/100
|-activate|p1b: Tatsugiri|ability: Commander|[of] p1a: Dondozo
|-boost|p1a: Dondozo|atk|2
|-boost|p1a: Dondozo|spa|2
|-boost|p1a: Dondozo|spe|2
|-boost|p1a: Dondozo|def|2
|-boost|p1a: Dondozo|spd|2
|move|p2a: Clefable|Helping Hand|p2b: Miraidon
|-singleturn|p2b: Miraidon|Helping Hand|[of] p2a: Clefable
|move|p2b: Miraidon|Electro Drift|p1a: Dondozo
|-supereffective|p1a: Dondozo
|-damage|p1a: Dondozo|0 fnt
|faint|p1a: Dondozo
|
|upkeep
|
|t:|1750792821
|switch|p1a: Calyrex|Calyrex-Shadow, L50, tera:Dark|10/100
|-ability|p1a: Calyrex|As One
|-ability|p1a: Calyrex|Unnerve
|turn|4
|
|t:|1750792832
|move|p1a: Calyrex|Protect|p1a: Calyrex
|-singleturn|p1a: Calyrex|Protect
|move|p2b: Miraidon|Electro Drift|p1b: Tatsugiri
|-enditem|p1b: Tatsugiri|Focus Sash
|-damage|p1b: Tatsugiri|1/100
|move|p1b: Tatsugiri|Icy Wind|p2a: Clefable|[spread] p2a,p2b
|-supereffective|p2b: Miraidon
|-damage|p2a: Clefable|89/100
|-damage|p2b: Miraidon|0 fnt
|-unboost|p2a: Clefable|spe|1
|faint|p2b: Miraidon
|move|p2a: Clefable|Moonblast|p1a: Calyrex
|-activate|p1a: Calyrex|move: Protect
|
|upkeep
|turn|5
|
|t:|1750792856
|move|p1a: Calyrex|Astral Barrage|p2a: Clefable
|-crit|p2a: Clefable
|-damage|p2a: Clefable|0 fnt
|faint|p2a: Clefable
|-damage|p1a: Calyrex|0 fnt|[from] item: Life Orb
|faint|p1a: Calyrex
|
|win|guga2
|raw|guga2's rating: 1202 &rarr; <strong>1226</strong><br />(+24 for winning)
|raw|zsg2006's rating: 1195 &rarr; <strong>1171</strong><br />(-24 for losing)
