|j|☆jjkko
|j|☆Ludikrik
|t:|1750846246
|gametype|doubles
|player|p1|jjkko|266|1553
|player|p2|Ludikrik|chili|1588
|teamsize|p1|6
|teamsize|p2|6
|gen|9
|tier|[Gen 9] VGC 2025 Reg I
|rated|
|rule|Species Clause: Limit one of each Pokémon
|rule|Item Clause: Limit 1 of each item
|clearpoke
|poke|p1|Miraidon, L50|
|poke|p1|Calyrex-Ice, L50|
|poke|p1|Incineroar, L50, F|
|poke|p1|Appletun, L50, M|
|poke|p1|Urshifu-*, L50, M|
|poke|p1|Iron Moth, L50|
|poke|p2|Groudon, L50|
|poke|p2|Lunala, L50|
|poke|p2|Walking Wake, L50|
|poke|p2|Ogerpon-Hearthflame, L50, F|
|poke|p2|Incineroar, L50, M|
|poke|p2|Grimmsnarl, L50, M|
|teampreview|4
Ludikrik has agreed to open team sheets.
|
|t:|1750846287
|start
|switch|p1a: Miraidon|Miraidon, L50|100/100
|switch|p1b: Calyrex|Calyrex-Ice, L50|100/100
|switch|p2a: Goudron|Groudon, L50|100/100
|switch|p2b: INFERNOOOOOOOOO|Incineroar, L50, M|100/100
|-ability|p1b: Calyrex|As One
|-ability|p1b: Calyrex|Unnerve
|-fieldstart|move: Electric Terrain|[from] ability: Hadron Engine|[of] p1a: Miraidon
|-weather|SunnyDay|[from] ability: Drought|[of] p2a: Goudron
|-ability|p2b: INFERNOOOOOOOOO|Intimidate|boost
|-unboost|p1a: Miraidon|atk|1
|-fail|p1b: Calyrex|unboost|[from] item: Clear Amulet|[of] p1b: Calyrex
|turn|1
|
|t:|1750846297
|switch|p1a: Appletun|Appletun, L50, M|100/100
|-terastallize|p2a: Goudron|Fire
|move|p1b: Calyrex|Protect|p1b: Calyrex
|-singleturn|p1b: Calyrex|Protect
|move|p2b: INFERNOOOOOOOOO|Fake Out|p1a: Appletun
|-damage|p1a: Appletun|91/100
|move|p2a: Goudron|Precipice Blades|p1b: Calyrex|[spread] p1a
|-activate|p1b: Calyrex|move: Protect
|-resisted|p1a: Appletun
|-damage|p1a: Appletun|71/100
|
|-weather|SunnyDay|[upkeep]
|-heal|p1a: Appletun|77/100|[from] item: Leftovers
|upkeep
|turn|2
|
|t:|1750846323
|move|p2a: Goudron|Precipice Blades|p1b: Calyrex|[spread] p1a,p1b
|-resisted|p1a: Appletun
|-damage|p1a: Appletun|57/100
|-damage|p1b: Calyrex|67/100
|move|p2b: INFERNOOOOOOOOO|U-turn|p1a: Appletun
|-supereffective|p1a: Appletun
|-damage|p1a: Appletun|27/100
|
|t:|1750846332
|switch|p2b: Walking Wake|Walking Wake, L50|100/100|[from] U-turn
|-activate|p2b: Walking Wake|ability: Protosynthesis
|-start|p2b: Walking Wake|protosynthesisspe
|move|p1b: Calyrex|High Horsepower|p2a: Goudron
|-supereffective|p2a: Goudron
|-damage|p2a: Goudron|53/100
|move|p1a: Appletun|Leech Seed|p2a: Goudron
|-start|p2a: Goudron|move: Leech Seed
|
|-weather|SunnyDay|[upkeep]
|-heal|p1a: Appletun|33/100|[from] item: Leftovers
|-damage|p2a: Goudron|41/100|[from] Leech Seed|[of] p1a: Appletun
|-heal|p1a: Appletun|45/100|[silent]
|upkeep
|turn|3
|
|t:|1750846349
|switch|p2a: INFERNOOOOOOOOO|Incineroar, L50, M|100/100
|-ability|p2a: INFERNOOOOOOOOO|Intimidate|boost
|-unboost|p1a: Appletun|atk|1
|-fail|p1b: Calyrex|unboost|[from] item: Clear Amulet|[of] p1b: Calyrex
|move|p1a: Appletun|Protect|p1a: Appletun
|-singleturn|p1a: Appletun|Protect
|move|p2b: Walking Wake|Flamethrower|p1b: Calyrex
|-supereffective|p1b: Calyrex
|-damage|p1b: Calyrex|0 fnt
|faint|p1b: Calyrex
|-damage|p2b: Walking Wake|91/100|[from] item: Life Orb
|
|-weather|SunnyDay|[upkeep]
|-heal|p1a: Appletun|51/100|[from] item: Leftovers
|upkeep
|
|t:|1750846352
|switch|p1b: Incineroar|Incineroar, L50, F|100/100
|-ability|p1b: Incineroar|Intimidate|boost
|-unboost|p2a: INFERNOOOOOOOOO|atk|1
|-unboost|p2b: Walking Wake|atk|1
|turn|4
|
|t:|1750846369
|move|p2b: Walking Wake|Protect|p2b: Walking Wake
|-singleturn|p2b: Walking Wake|Protect
|move|p1b: Incineroar|Fake Out|p2b: Walking Wake
|-activate|p2b: Walking Wake|move: Protect
|move|p2a: INFERNOOOOOOOOO|Fake Out|p1a: Appletun
|-damage|p1a: Appletun|45/100
|cant|p1a: Appletun|flinch
|
|-weather|SunnyDay|[upkeep]
|-heal|p1a: Appletun|51/100|[from] item: Leftovers
|upkeep
|turn|5
|
|t:|1750846384
|-terastallize|p1b: Incineroar|Water
|move|p2b: Walking Wake|Hydro Steam|p1b: Incineroar
|-resisted|p1b: Incineroar
|-damage|p1b: Incineroar|81/100
|-damage|p2b: Walking Wake|81/100|[from] item: Life Orb
|move|p1b: Incineroar|Knock Off|p2b: Walking Wake
|-damage|p2b: Walking Wake|35/100
|-enditem|p2b: Walking Wake|Life Orb|[from] move: Knock Off|[of] p1b: Incineroar
|move|p2a: INFERNOOOOOOOOO|U-turn|p1a: Appletun
|-supereffective|p1a: Appletun
|-damage|p1a: Appletun|32/100
|
|t:|1750846399
|switch|p2a: Goudron|Groudon, L50, tera:Fire|41/100|[from] U-turn
|move|p1a: Appletun|Leech Seed|p2b: Walking Wake
|-start|p2b: Walking Wake|move: Leech Seed
|
|-weather|none
|-end|p2b: Walking Wake|Protosynthesis
|-heal|p1a: Appletun|38/100|[from] item: Leftovers
|-damage|p2b: Walking Wake|23/100|[from] Leech Seed|[of] p1a: Appletun
|-heal|p1a: Appletun|48/100|[silent]
|-fieldend|move: Electric Terrain
|upkeep
|turn|6
|
|t:|1750846412
|move|p1a: Appletun|Protect|p1a: Appletun
|-singleturn|p1a: Appletun|Protect
|move|p2b: Walking Wake|Draco Meteor|p1b: Incineroar
|-damage|p1b: Incineroar|49/100
|-unboost|p2b: Walking Wake|spa|2
|move|p2a: Goudron|Precipice Blades|p1a: Appletun|[spread] p1b
|-activate|p1a: Appletun|move: Protect
|-damage|p1b: Incineroar|4/100
|move|p1b: Incineroar|U-turn|p2a: Goudron
|-resisted|p2a: Goudron
|-damage|p2a: Goudron|35/100
|
|t:|1750846417
|switch|p1b: Miraidon|Miraidon, L50|100/100|[from] U-turn
|-fieldstart|move: Electric Terrain|[from] ability: Hadron Engine|[of] p1b: Miraidon
|
|-heal|p1a: Appletun|54/100|[from] item: Leftovers
|-damage|p2b: Walking Wake|11/100|[from] Leech Seed|[of] p1a: Appletun
|-heal|p1a: Appletun|64/100|[silent]
|upkeep
|turn|7
|
|t:|1750846433
|-end|p2b: Walking Wake|Protosynthesis|[silent]
|switch|p2b: INFERNOOOOOOOOO|Incineroar, L50, M|100/100
|-ability|p2b: INFERNOOOOOOOOO|Intimidate|boost
|-unboost|p1a: Appletun|atk|1
|-unboost|p1b: Miraidon|atk|1
|move|p2a: Goudron|Protect|p2a: Goudron
|-singleturn|p2a: Goudron|Protect
|move|p1b: Miraidon|Volt Switch|p2b: INFERNOOOOOOOOO
|-damage|p2b: INFERNOOOOOOOOO|49/100
|
|t:|1750846439
|switch|p1b: Incineroar|Incineroar, L50, F, tera:Water|4/100|[from] Volt Switch
|-ability|p1b: Incineroar|Intimidate|boost
|-fail|p2a: Goudron|unboost|[from] item: Clear Amulet|[of] p2a: Goudron
|-unboost|p2b: INFERNOOOOOOOOO|atk|1
|move|p1a: Appletun|Leech Seed|p2a: Goudron
|-activate|p2a: Goudron|move: Protect
|
|-heal|p1a: Appletun|70/100|[from] item: Leftovers
|upkeep
|turn|8
|
|t:|1750846453
|switch|p2a: Moom|Lunala, L50|100/100
|move|p1b: Incineroar|Fake Out|p2a: Moom
|-immune|p2a: Moom
|move|p2b: INFERNOOOOOOOOO|U-turn|p1b: Incineroar
|-damage|p1b: Incineroar|0 fnt
|faint|p1b: Incineroar
|
|t:|1750846461
|switch|p2b: Goudron|Groudon, L50, tera:Fire|35/100|[from] U-turn
|-weather|SunnyDay|[from] ability: Drought|[of] p2b: Goudron
|move|p1a: Appletun|Leech Seed|p2a: Moom
|-start|p2a: Moom|move: Leech Seed
|
|-weather|SunnyDay|[upkeep]
|-heal|p1a: Appletun|76/100|[from] item: Leftovers
|-damage|p2a: Moom|88/100|[from] Leech Seed|[of] p1a: Appletun
|-heal|p1a: Appletun|89/100|[silent]
|upkeep
|
|t:|1750846469
|switch|p1b: Miraidon|Miraidon, L50|100/100
|-activate|p1b: Miraidon|ability: Hadron Engine
|turn|9
|
|t:|1750846489
|switch|p2b: INFERNOOOOOOOOO|Incineroar, L50, M|49/100
|-ability|p2b: INFERNOOOOOOOOO|Intimidate|boost
|-unboost|p1a: Appletun|atk|1
|-unboost|p1b: Miraidon|atk|1
|move|p2a: Moom|Protect|p2a: Moom
|-singleturn|p2a: Moom|Protect
|move|p1b: Miraidon|Electro Drift|p2a: Moom
|-activate|p2a: Moom|move: Protect
|move|p1a: Appletun|Leech Seed|p2b: INFERNOOOOOOOOO
|-start|p2b: INFERNOOOOOOOOO|move: Leech Seed
|
|-weather|SunnyDay|[upkeep]
|-heal|p2a: Moom|94/100|[from] item: Leftovers
|-heal|p1a: Appletun|95/100|[from] item: Leftovers
|-damage|p2a: Moom|82/100|[from] Leech Seed|[of] p1a: Appletun
|-heal|p1a: Appletun|100/100|[silent]
|-damage|p2b: INFERNOOOOOOOOO|36/100|[from] Leech Seed|[of] p1a: Appletun
|upkeep
|turn|10
|
|t:|1750846500
|move|p2b: INFERNOOOOOOOOO|Fake Out|p1b: Miraidon
|-damage|p1b: Miraidon|92/100
|cant|p1b: Miraidon|flinch
|move|p2a: Moom|Moonblast|p1b: Miraidon
|-supereffective|p1b: Miraidon
|-damage|p1b: Miraidon|34/100
|-unboost|p1b: Miraidon|spa|1
|move|p1a: Appletun|Grass Knot|p2a: Moom
|-damage|p2a: Moom|61/100
|
|-weather|SunnyDay|[upkeep]
|-heal|p2a: Moom|67/100|[from] item: Leftovers
|-damage|p2a: Moom|54/100|[from] Leech Seed|[of] p1a: Appletun
|-damage|p2b: INFERNOOOOOOOOO|24/100|[from] Leech Seed|[of] p1a: Appletun
|-fieldend|move: Electric Terrain
|upkeep
|turn|11
|inactive|Battle timer is ON: inactive players will automatically lose when time's up. (requested by Ludikrik)
|
|t:|1750846533
|move|p1b: Miraidon|Electro Drift|p2b: INFERNOOOOOOOOO
|-damage|p2b: INFERNOOOOOOOOO|0 fnt
|faint|p2b: INFERNOOOOOOOOO
|move|p2a: Moom|Moonblast|p1b: Miraidon
|-supereffective|p1b: Miraidon
|-damage|p1b: Miraidon|0 fnt
|faint|p1b: Miraidon
|move|p1a: Appletun|Leech Seed||[still]
|-fail|p1a: Appletun
|
|-weather|SunnyDay|[upkeep]
|-heal|p2a: Moom|61/100|[from] item: Leftovers
|-damage|p2a: Moom|48/100|[from] Leech Seed|[of] p1a: Appletun
|upkeep
|
|t:|1750846540
|switch|p2b: Walking Wake|Walking Wake, L50|11/100
|-activate|p2b: Walking Wake|ability: Protosynthesis
|-start|p2b: Walking Wake|protosynthesisspe
|turn|12
|
|t:|1750846545
|switch|p2a: Goudron|Groudon, L50, tera:Fire|35/100
|move|p1a: Appletun|Sucker Punch|p2b: Walking Wake
|-damage|p2b: Walking Wake|4/100
|move|p2b: Walking Wake|Draco Meteor|p1a: Appletun
|-supereffective|p1a: Appletun
|-damage|p1a: Appletun|0 fnt
|-unboost|p2b: Walking Wake|spa|2
|faint|p1a: Appletun
|
|win|Ludikrik
|raw|jjkko's rating: 1553 &rarr; <strong>1535</strong><br />(-18 for losing)
|raw|Ludikrik's rating: 1588 &rarr; <strong>1606</strong><br />(+18 for winning)
|l|☆jjkko
|player|p1|
