|j|☆iamdegenerated
|j|☆shockhornet
|t:|1750727206
|gametype|doubles
|player|p1|iamdegenerated|101|1170
|player|p2|shockhornet|1|1109
|teamsize|p1|6
|teamsize|p2|6
|gen|9
|tier|[Gen 9] VGC 2025 Reg I
|rated|
|rule|Species Clause: Limit one of each Pokémon
|rule|Item Clause: Limit 1 of each item
|clearpoke
|poke|p1|Koraidon, L50|
|poke|p1|Miraidon, L50|
|poke|p1|Whimsicott, L50, F|
|poke|p1|Iron Moth, L50|
|poke|p1|Lumineon, L50, M|
|poke|p1|Archaludon, L50, F|
|poke|p2|Kyogre, L50|
|poke|p2|Calyrex-Shadow, L50|
|poke|p2|Incineroar, L50, M|
|poke|p2|Rillaboom, L50, F|
|poke|p2|Urshifu-*, L50, F|
|poke|p2|Roaring Moon, L50|
|teampreview|4
|inactive|Battle timer is ON: inactive players will automatically lose when time's up. (requested by iamdegenerated)
|inactive|shockhornet has 60 seconds left.
|
|t:|1750727239
|start
|switch|p1a: Miraidon|Miraidon, L50|100/100
|switch|p1b: Iron Moth|Iron Moth, L50|100/100
|switch|p2a: Roaring Moon|Roaring Moon, L50|100/100
|switch|p2b: Incineroar|Incineroar, L50, M|100/100
|-fieldstart|move: Electric Terrain|[from] ability: Hadron Engine|[of] p1a: Miraidon
|-activate|p1b: Iron Moth|ability: Quark Drive
|-start|p1b: Iron Moth|quarkdrivespa
|-ability|p2b: Incineroar|Intimidate|boost
|-unboost|p1a: Miraidon|atk|1
|-unboost|p1b: Iron Moth|atk|1
|-enditem|p2a: Roaring Moon|Booster Energy
|-activate|p2a: Roaring Moon|ability: Protosynthesis|[fromitem]
|-start|p2a: Roaring Moon|protosynthesisspe
|turn|1
|inactive|shockhornet has 30 seconds left.
|
|t:|1750727266
|move|p2b: Incineroar|Fake Out|p1a: Miraidon
|-damage|p1a: Miraidon|90/100
|move|p2a: Roaring Moon|Acrobatics|p1b: Iron Moth
|-damage|p1b: Iron Moth|50/100
|cant|p1a: Miraidon|flinch
|move|p1b: Iron Moth|Dazzling Gleam|p2b: Incineroar|[spread] p2a,p2b
|-supereffective|p2a: Roaring Moon
|-damage|p2a: Roaring Moon|0 fnt
|-damage|p2b: Incineroar|64/100
|faint|p2a: Roaring Moon
|-end|p2a: Roaring Moon|Protosynthesis|[silent]
|-damage|p1b: Iron Moth|40/100|[from] item: Life Orb
|
|upkeep
|
|t:|1750727282
|switch|p2a: Calyrex|Calyrex-Shadow, L50|100/100
|-ability|p2a: Calyrex|As One
|-ability|p2a: Calyrex|Unnerve
|turn|2
|inactive|iamdegenerated has 30 seconds left.
|
|t:|1750727309
|switch|p2b: Rillaboom|Rillaboom, L50, F|100/100
|-fieldstart|move: Grassy Terrain|[from] ability: Grassy Surge|[of] p2b: Rillaboom
|-end|p1b: Iron Moth|Quark Drive
|move|p2a: Calyrex|Astral Barrage|p1b: Iron Moth|[spread] p1a,p1b
|-damage|p1a: Miraidon|48/100
|-damage|p1b: Iron Moth|0 fnt
|faint|p1b: Iron Moth
|-end|p1b: Iron Moth|Quark Drive|[silent]
|-ability|p2a: Calyrex|Grim Neigh|boost
|-boost|p2a: Calyrex|spa|1
|move|p1a: Miraidon|Dazzling Gleam|p2a: Calyrex|[spread] p2a,p2b
|-damage|p2a: Calyrex|67/100
|-damage|p2b: Rillaboom|76/100
|
|-heal|p2a: Calyrex|73/100|[from] Grassy Terrain
|-heal|p1a: Miraidon|54/100|[from] Grassy Terrain
|-heal|p2b: Rillaboom|82/100|[from] Grassy Terrain
|upkeep
|
|t:|1750727318
|switch|p1b: Lumineon|Lumineon, L50, M|100/100
|turn|3
|
|t:|1750727327
|move|p2b: Rillaboom|Fake Out|p1a: Miraidon
|-damage|p1a: Miraidon|40/100
|move|p2a: Calyrex|Astral Barrage|p1a: Miraidon|[spread] p1a,p1b
|-damage|p1a: Miraidon|0 fnt
|-damage|p1b: Lumineon|16/100
|faint|p1a: Miraidon
|-ability|p2a: Calyrex|Grim Neigh|boost
|-boost|p2a: Calyrex|spa|1
|move|p1b: Lumineon|Tailwind|p1b: Lumineon
|-sidestart|p1: iamdegenerated|move: Tailwind
|
|-heal|p1b: Lumineon|22/100|[from] Grassy Terrain
|-heal|p2a: Calyrex|80/100|[from] Grassy Terrain
|-heal|p2b: Rillaboom|89/100|[from] Grassy Terrain
|upkeep
|
|t:|1750727335
|switch|p1a: Archaludon|Archaludon, L50, F|100/100
|turn|4
|
|t:|1750727358
|move|p1b: Lumineon|Dazzling Gleam|p2a: Calyrex|[spread] p2a,p2b
|-damage|p2a: Calyrex|68/100
|-damage|p2b: Rillaboom|82/100
|move|p1a: Archaludon|Dark Pulse|p2a: Calyrex
|-supereffective|p2a: Calyrex
|-damage|p2a: Calyrex|0 fnt
|-enditem|p1b: Lumineon|Sitrus Berry|[eat]
|-heal|p1b: Lumineon|46/100|[from] item: Sitrus Berry
|faint|p2a: Calyrex
|move|p2b: Rillaboom|U-turn|p1a: Archaludon
|-resisted|p1a: Archaludon
|-damage|p1a: Archaludon|90/100
|-ability|p1a: Archaludon|Stamina|boost
|-boost|p1a: Archaludon|def|1
|
|t:|1750727375
|switch|p2b: Incineroar|Incineroar, L50, M|64/100|[from] U-turn
|-ability|p2b: Incineroar|Intimidate|boost
|-unboost|p1a: Archaludon|atk|1
|-unboost|p1b: Lumineon|atk|1
|
|-heal|p1b: Lumineon|52/100|[from] Grassy Terrain
|-heal|p1a: Archaludon|96/100|[from] Grassy Terrain
|-heal|p2b: Incineroar|70/100|[from] Grassy Terrain
|upkeep
|
|t:|1750727377
|switch|p2a: Rillaboom|Rillaboom, L50, F|82/100
|turn|5
|inactive|iamdegenerated has 30 seconds left.
|inactive|shockhornet has 30 seconds left.
|
|t:|1750727407
|move|p2a: Rillaboom|Grassy Glide|p1b: Lumineon
|-supereffective|p1b: Lumineon
|-damage|p1b: Lumineon|0 fnt
|faint|p1b: Lumineon
|move|p1a: Archaludon|Dark Pulse|p2b: Incineroar
|-resisted|p2b: Incineroar
|-damage|p2b: Incineroar|58/100
|move|p2b: Incineroar|Will-O-Wisp|p1a: Archaludon
|-status|p1a: Archaludon|brn
|
|-heal|p1a: Archaludon|100/100 brn|[from] Grassy Terrain
|-heal|p2a: Rillaboom|88/100|[from] Grassy Terrain
|-heal|p2b: Incineroar|64/100|[from] Grassy Terrain
|-damage|p1a: Archaludon|94/100 brn|[from] brn
|upkeep
|turn|6
|
|t:|1750727423
|-terastallize|p1a: Archaludon|Steel
|move|p2a: Rillaboom|Grassy Glide|p1a: Archaludon
|-resisted|p1a: Archaludon
|-damage|p1a: Archaludon|84/100 brn
|-ability|p1a: Archaludon|Stamina|boost
|-boost|p1a: Archaludon|def|1
|move|p1a: Archaludon|Dragon Pulse|p2b: Incineroar
|-damage|p2b: Incineroar|25/100
|move|p2b: Incineroar|Knock Off|p1a: Archaludon
|-damage|p1a: Archaludon|67/100 brn
|-ability|p1a: Archaludon|Stamina|boost
|-boost|p1a: Archaludon|def|1
|-enditem|p1a: Archaludon|Assault Vest|[from] move: Knock Off|[of] p2b: Incineroar
|
|-heal|p1a: Archaludon|73/100 brn|[from] Grassy Terrain
|-heal|p2a: Rillaboom|94/100|[from] Grassy Terrain
|-heal|p2b: Incineroar|31/100|[from] Grassy Terrain
|-damage|p1a: Archaludon|67/100 brn|[from] brn
|-sideend|p1: iamdegenerated|move: Tailwind
|-fieldend|move: Grassy Terrain
|upkeep
|turn|7
|
|t:|1750727446
|move|p1a: Archaludon|Dragon Pulse|p2b: Incineroar
|-damage|p2b: Incineroar|0 fnt
|faint|p2b: Incineroar
|move|p2a: Rillaboom|Wood Hammer|p1a: Archaludon
|-resisted|p1a: Archaludon
|-crit|p1a: Archaludon
|-damage|p1a: Archaludon|25/100 brn
|-ability|p1a: Archaludon|Stamina|boost
|-boost|p1a: Archaludon|def|1
|-damage|p2a: Rillaboom|82/100|[from] Recoil
|
|-damage|p1a: Archaludon|19/100 brn|[from] brn
|upkeep
|turn|8
|c|☆shockhornet|!weak archaludon
|c| shockhornet|/raw <div class="infobox">Archaludon (ignoring abilities):<br /><span class="message-effect-weak">Weaknesses</span>: Fighting, Ground<br /><span class="message-effect-resist">Resistances</span>: Bug, Electric, Flying, <b>Grass</b>, Normal, Psychic, Rock, Steel, Water<br /><span class="message-effect-immune">Immunities</span>: Poison, Sandstorm damage, Toxic</div>
|inactive|shockhornet has 30 seconds left.
|
|t:|1750727473
|move|p1a: Archaludon|Dragon Pulse|p2a: Rillaboom
|-damage|p2a: Rillaboom|48/100
|move|p2a: Rillaboom|U-turn|p1a: Archaludon
|-resisted|p1a: Archaludon
|-damage|p1a: Archaludon|15/100 brn
|-ability|p1a: Archaludon|Stamina|boost
|-boost|p1a: Archaludon|def|1
|
|-damage|p1a: Archaludon|9/100 brn|[from] brn
|upkeep
|turn|9
|
|t:|1750727486
|move|p1a: Archaludon|Flash Cannon|p2a: Rillaboom
|-damage|p2a: Rillaboom|7/100
|move|p2a: Rillaboom|Wood Hammer|p1a: Archaludon
|-resisted|p1a: Archaludon
|-damage|p1a: Archaludon|2/100 brn
|-ability|p1a: Archaludon|Stamina|boost
|-boost|p1a: Archaludon|def|1
|-damage|p2a: Rillaboom|5/100|[from] Recoil
|
|-damage|p1a: Archaludon|0 fnt|[from] brn
|faint|p1a: Archaludon
|
|win|shockhornet
|raw|iamdegenerated's rating: 1170 &rarr; <strong>1141</strong><br />(-29 for losing)
|raw|shockhornet's rating: 1109 &rarr; <strong>1138</strong><br />(+29 for winning)
|l|☆iamdegenerated
|player|p1|
|c|☆shockhornet|gg
|j|☆iamdegenerated
|player|p1|iamdegenerated|101|
|l|☆shockhornet
|player|p2|
|l|☆iamdegenerated
|player|p1|
