|j|☆Agent VGD
|j|☆3vgfhctyr
|t:|1750844318
|gametype|doubles
|player|p1|Agent VGD|camper|1309
|player|p2|3vgfhctyr|266|1298
|teamsize|p1|6
|teamsize|p2|6
|gen|9
|tier|[Gen 9] VGC 2025 Reg I
|rated|
|rule|Species Clause: Limit one of each Pokémon
|rule|Item Clause: Limit 1 of each item
|clearpoke
|poke|p1|Terapagos, L50, M|
|poke|p1|Stonjourner, L50, F|
|poke|p1|Koraidon, L50|
|poke|p1|Walking Wake, L50|
|poke|p1|Iron Moth, L50|
|poke|p1|Brute Bonnet, L50|
|poke|p2|Groudon, L50|
|poke|p2|Lunala, L50|
|poke|p2|Venusaur, L50, F|
|poke|p2|Clefairy, L50, F|
|poke|p2|Roaring Moon, L50|
|poke|p2|Sableye, L50, F|
|teampreview|4
|
|t:|1750844366
|start
|switch|p1a: Stonjourner|Stonjourner, L50, F|100/100
|switch|p1b: Iron Moth|Iron Moth, L50|100/100
|switch|p2a: Groudon|Groudon, L50, shiny|100/100
|switch|p2b: Venusaur|Venusaur, L50, F, shiny|100/100
|-weather|SunnyDay|[from] ability: Drought|[of] p2a: Groudon
|-enditem|p1b: Iron Moth|Booster Energy
|-activate|p1b: Iron Moth|ability: Quark Drive|[fromitem]
|-start|p1b: Iron Moth|quarkdrivespe
|turn|1
|inactive|Battle timer is ON: inactive players will automatically lose when time's up. (requested by 3vgfhctyr)
|
|t:|1750844386
|-terastallize|p1b: Iron Moth|Grass
|move|p1b: Iron Moth|Heat Wave|p2b: Venusaur|[spread] p2a,p2b
|-supereffective|p2b: Venusaur
|-damage|p2a: Groudon|38/100
|-damage|p2b: Venusaur|0 fnt
|faint|p2b: Venusaur
|move|p2a: Groudon|Precipice Blades|p1b: Iron Moth|[spread] p1a,p1b
|-supereffective|p1a: Stonjourner
|-crit|p1a: Stonjourner
|-resisted|p1b: Iron Moth
|-enditem|p1a: Stonjourner|Focus Sash
|-damage|p1a: Stonjourner|1/100
|-damage|p1b: Iron Moth|48/100
|move|p1a: Stonjourner|Heat Crash|p2a: Groudon
|-damage|p2a: Groudon|22/100
|
|-weather|SunnyDay|[upkeep]
|upkeep
|
|t:|1750844400
|switch|p2b: Roaring Moon|Roaring Moon, L50, shiny|100/100
|-activate|p2b: Roaring Moon|ability: Protosynthesis
|-start|p2b: Roaring Moon|protosynthesisspe
|turn|2
|
|t:|1750844411
|move|p1a: Stonjourner|Wide Guard|p1a: Stonjourner
|-singleturn|p1a: Stonjourner|Wide Guard
|move|p2b: Roaring Moon|Knock Off|p1b: Iron Moth
|-crit|p1b: Iron Moth
|-damage|p1b: Iron Moth|0 fnt
|faint|p1b: Iron Moth
|-end|p1b: Iron Moth|Quark Drive|[silent]
|move|p2a: Groudon|Precipice Blades|p1a: Stonjourner
|-activate|p1a: Stonjourner|move: Wide Guard
|
|-weather|SunnyDay|[upkeep]
|upkeep
|
|t:|1750844419
|switch|p1b: Terapagos|Terapagos, L50, M|100/100
|-activate|p1b: Terapagos|ability: Tera Shift
|detailschange|p1b: Terapagos|Terapagos-Terastal, L50, M
|-heal|p1b: Terapagos|100/100|[silent]
|turn|3
|
|t:|1750844437
|move|p1a: Stonjourner|Wide Guard|p1a: Stonjourner
|-singleturn|p1a: Stonjourner|Wide Guard
|move|p2b: Roaring Moon|Knock Off|p1b: Terapagos
|-activate|p1b: Terapagos|ability: Tera Shell
|-resisted|p1b: Terapagos
|-damage|p1b: Terapagos|85/100
|-enditem|p1b: Terapagos|Leftovers|[from] move: Knock Off|[of] p2b: Roaring Moon
|move|p2a: Groudon|Heat Crash|p1b: Terapagos
|-damage|p1b: Terapagos|35/100
|move|p1b: Terapagos|Tera Starstorm|p2a: Groudon
|-damage|p2a: Groudon|0 fnt
|faint|p2a: Groudon
|
|-weather|SunnyDay|[upkeep]
|upkeep
|
|t:|1750844452
|switch|p2a: Lunala|Lunala, L50, shiny|100/100
|turn|4
|
|t:|1750844472
|move|p1b: Terapagos|Protect|p1b: Terapagos
|-singleturn|p1b: Terapagos|Protect
|move|p2b: Roaring Moon|Knock Off|p1a: Stonjourner
|-damage|p1a: Stonjourner|0 fnt
|faint|p1a: Stonjourner
|move|p2a: Lunala|Moonblast|p1b: Terapagos
|-activate|p1b: Terapagos|move: Protect
|
|-weather|SunnyDay|[upkeep]
|upkeep
|
|t:|1750844479
|switch|p1a: Koraidon|Koraidon, L50|100/100
|-activate|p1a: Koraidon|ability: Orichalcum Pulse
|turn|5
|
|t:|1750844488
|-terastallize|p2a: Lunala|Fairy
|move|p2b: Roaring Moon|Tailwind|p2b: Roaring Moon
|-sidestart|p2: 3vgfhctyr|move: Tailwind
|move|p2a: Lunala|Dazzling Gleam|p1a: Koraidon|[spread] p1a,p1b
|-supereffective|p1a: Koraidon
|-damage|p1a: Koraidon|0 fnt
|-damage|p1b: Terapagos|0 fnt
|faint|p1a: Koraidon
|faint|p1b: Terapagos
|-damage|p2a: Lunala|91/100|[from] item: Life Orb
|
|win|3vgfhctyr
|raw|Agent VGD's rating: 1309 &rarr; <strong>1288</strong><br />(-21 for losing)
|raw|3vgfhctyr's rating: 1298 &rarr; <strong>1324</strong><br />(+26 for winning)
|c|☆Agent VGD|Gg
|l|☆Agent VGD
|player|p1|
