|j|☆Gibsteroni
|j|☆TheDecommissioner
|t:|1750741912
|gametype|doubles
|player|p1|Gibsteroni|101|1306
|player|p2|TheDecommissioner|preschooler|1337
|teamsize|p1|6
|teamsize|p2|6
|gen|9
|tier|[Gen 9] VGC 2025 Reg I
|rated|
|rule|Species Clause: Limit one of each Pokémon
|rule|Item Clause: Limit 1 of each item
|clearpoke
|poke|p1|Dialga-Origin, L50|
|poke|p1|Miraidon, L50|
|poke|p1|Incineroar, L50, F|
|poke|p1|Ursaluna, L50, F|
|poke|p1|Pelipper, L50, F|
|poke|p1|Sinistcha, L50|
|poke|p2|Walking Wake, L50|
|poke|p2|Torkoal, L50, F|
|poke|p2|Indeedee-F, L50, F|
|poke|p2|Koraidon, L50|
|poke|p2|Lilligant-Hisui, L50, F|
|poke|p2|Archaludon, L50, M|
|teampreview|4
|inactive|Battle timer is ON: inactive players will automatically lose when time's up. (requested by TheDecommissioner)
|inactive|Gibsteroni has 60 seconds left.
|inactive|TheDecommissioner has 60 seconds left.
|
|t:|1750741961
|start
|switch|p1a: Miraidon|Miraidon, L50|100/100
|switch|p1b: Incineroar|Incineroar, L50, F|100/100
|switch|p2a: Scotland|Walking Wake, L50|100/100
|switch|p2b: Talking|Lilligant-Hisui, L50, F|100/100
|-fieldstart|move: Electric Terrain|[from] ability: Hadron Engine|[of] p1a: Miraidon
|-ability|p1b: Incineroar|Intimidate|boost
|-unboost|p2a: Scotland|atk|1
|-unboost|p2b: Talking|atk|1
|-enditem|p2a: Scotland|Booster Energy
|-activate|p2a: Scotland|ability: Protosynthesis|[fromitem]
|-start|p2a: Scotland|protosynthesisspe
|turn|1
|inactive|TheDecommissioner has 30 seconds left.
|inactive|TheDecommissioner has 20 seconds left.
|inactive|TheDecommissioner has 15 seconds left.
|inactive|TheDecommissioner has 10 seconds left.
|inactive|TheDecommissioner has 5 seconds left.
|
|t:|1750742014
|move|p2a: Scotland|Protect|p2a: Scotland
|-singleturn|p2a: Scotland|Protect
|move|p1b: Incineroar|Fake Out|p2a: Scotland
|-activate|p2a: Scotland|move: Protect
|move|p2b: Talking|Axe Kick|p1b: Incineroar
|-supereffective|p1b: Incineroar
|-damage|p1b: Incineroar|31/100
|-start|p1b: Incineroar|confusion
|move|p1a: Miraidon|Calm Mind|p1a: Miraidon
|-boost|p1a: Miraidon|spa|1
|-boost|p1a: Miraidon|spd|1
|
|upkeep
|turn|2
|inactive|Gibsteroni has 30 seconds left.
|inactive|Gibsteroni has 20 seconds left.
|
|t:|1750742051
|switch|p1b: Dialga|Dialga-Origin, L50|100/100
|move|p2a: Scotland|Draco Meteor|p1a: Miraidon
|-supereffective|p1a: Miraidon
|-damage|p1a: Miraidon|36/100
|-unboost|p2a: Scotland|spa|2
|-enditem|p1a: Miraidon|Sitrus Berry|[eat]
|-heal|p1a: Miraidon|60/100|[from] item: Sitrus Berry
|move|p2b: Talking|Axe Kick|p1a: Miraidon
|-damage|p1a: Miraidon|34/100
|move|p1a: Miraidon|Parabolic Charge|p2b: Talking|[spread] p2a,p2b
|-activate|p1b: Dialga|ability: Telepathy
|-resisted|p2b: Talking
|-damage|p2a: Scotland|31/100
|-heal|p1a: Miraidon|63/100|[from] drain|[of] p2a: Scotland
|-damage|p2b: Talking|53/100
|-heal|p1a: Miraidon|80/100|[from] drain|[of] p2b: Talking
|
|upkeep
|turn|3
|inactive|Gibsteroni has 30 seconds left.
|inactive|Gibsteroni has 20 seconds left.
|inactive|Gibsteroni has 15 seconds left.
|inactive|Gibsteroni has 10 seconds left.
|
|t:|1750742097
|-end|p2a: Scotland|Protosynthesis|[silent]
|switch|p2a: Is|Archaludon, L50, M|100/100
|switch|p1b: Incineroar|Incineroar, L50, F|31/100
|-ability|p1b: Incineroar|Intimidate|boost
|-unboost|p2a: Is|atk|1
|-unboost|p2b: Talking|atk|1
|-terastallize|p1a: Miraidon|Fairy
|move|p2b: Talking|Bullet Seed|p2a: Is
|-resisted|p2a: Is
|-damage|p2a: Is|99/100
|-ability|p2a: Is|Stamina|boost
|-boost|p2a: Is|def|1
|-resisted|p2a: Is
|-damage|p2a: Is|99/100
|-ability|p2a: Is|Stamina|boost
|-boost|p2a: Is|def|1
|-hitcount|p2a: Is|2
|move|p1a: Miraidon|Calm Mind|p1a: Miraidon
|-boost|p1a: Miraidon|spa|1
|-boost|p1a: Miraidon|spd|1
|
|upkeep
|turn|4
|inactive|Gibsteroni has 30 seconds left.
|inactive|Gibsteroni has 20 seconds left.
|
|t:|1750742135
|move|p2b: Talking|Axe Kick|p1b: Incineroar
|-supereffective|p1b: Incineroar
|-damage|p1b: Incineroar|0 fnt
|faint|p1b: Incineroar
|move|p1a: Miraidon|Calm Mind|p1a: Miraidon
|-boost|p1a: Miraidon|spa|1
|-boost|p1a: Miraidon|spd|1
|move|p2a: Is|Snarl|p1a: Miraidon
|-resisted|p1a: Miraidon
|-crit|p1a: Miraidon
|-damage|p1a: Miraidon|72/100
|-unboost|p1a: Miraidon|spa|1
|
|upkeep
|
|t:|1750742150
|switch|p1b: Dialga|Dialga-Origin, L50|100/100
|turn|5
|inactive|TheDecommissioner has 30 seconds left.
|
|t:|1750742179
|move|p1b: Dialga|Protect|p1b: Dialga
|-singleturn|p1b: Dialga|Protect
|move|p2b: Talking|Axe Kick|p1a: Miraidon
|-resisted|p1a: Miraidon
|-damage|p1a: Miraidon|61/100
|move|p1a: Miraidon|Parabolic Charge|p2b: Talking|[spread] p2a,p2b
|-activate|p1b: Dialga|move: Protect
|-resisted|p2a: Is
|-resisted|p2b: Talking
|-crit|p2b: Talking
|-damage|p2a: Is|75/100
|-heal|p1a: Miraidon|73/100|[from] drain|[of] p2a: Is
|-damage|p2b: Talking|0 fnt
|-heal|p1a: Miraidon|91/100|[from] drain|[of] p2b: Talking
|-ability|p2a: Is|Stamina|boost
|-boost|p2a: Is|def|1
|faint|p2b: Talking
|move|p2a: Is|Snarl|p1a: Miraidon|[spread] p1a
|-activate|p1b: Dialga|move: Protect
|-resisted|p1a: Miraidon
|-damage|p1a: Miraidon|89/100
|-unboost|p1a: Miraidon|spa|1
|
|-fieldend|move: Electric Terrain
|upkeep
|
|t:|1750742185
|switch|p2b: Koraidon|Koraidon, L50|100/100
|-weather|SunnyDay|[from] ability: Orichalcum Pulse|[of] p2b: Koraidon
|-activate|p2b: Koraidon|Orichalcum Pulse|[source]
|turn|6
|inactive|Gibsteroni has 30 seconds left.
|
|t:|1750742216
|switch|p1b: Pelipper|Pelipper, L50, F|100/100
|-weather|RainDance|[from] ability: Drizzle|[of] p1b: Pelipper
|-terastallize|p2b: Koraidon|Fire
|move|p2b: Koraidon|Flare Blitz|p1a: Miraidon
|-damage|p1a: Miraidon|66/100
|-damage|p2b: Koraidon|93/100|[from] Recoil
|move|p1a: Miraidon|Tera Blast|p2b: Koraidon|[anim] Tera Blast Fairy
|-resisted|p2b: Koraidon
|-damage|p2b: Koraidon|65/100
|move|p2a: Is|Body Press|p1b: Pelipper
|-resisted|p1b: Pelipper
|-damage|p1b: Pelipper|73/100
|
|-weather|RainDance|[upkeep]
|upkeep
|turn|7
|
|t:|1750742239
|switch|p2b: Scotland|Walking Wake, L50|31/100
|switch|p1b: Dialga|Dialga-Origin, L50|100/100
|move|p1a: Miraidon|Parabolic Charge|p2a: Is|[spread] p2a,p2b
|-activate|p1b: Dialga|ability: Telepathy
|-resisted|p2a: Is
|-damage|p2a: Is|63/100
|-heal|p1a: Miraidon|71/100|[from] drain|[of] p2a: Is
|-damage|p2b: Scotland|0 fnt
|-heal|p1a: Miraidon|84/100|[from] drain|[of] p2b: Scotland
|-ability|p2a: Is|Stamina|boost
|-boost|p2a: Is|def|1
|faint|p2b: Scotland
|-end|p2b: Scotland|Protosynthesis|[silent]
|move|p2a: Is|Electro Shot||[still]
|-prepare|p2a: Is|Electro Shot
|-boost|p2a: Is|spa|1
|-anim|p2a: Is|Electro Shot|p1b: Dialga
|-resisted|p1b: Dialga
|-damage|p1b: Dialga|84/100
|
|-weather|RainDance|[upkeep]
|upkeep
|
|t:|1750742244
|switch|p2b: Koraidon|Koraidon, L50, tera:Fire|65/100
|-weather|SunnyDay|[from] ability: Orichalcum Pulse|[of] p2b: Koraidon
|-activate|p2b: Koraidon|Orichalcum Pulse|[source]
|turn|8
|inactive|Gibsteroni has 30 seconds left.
|inactive|TheDecommissioner has 30 seconds left.
|inactive|Gibsteroni has 20 seconds left.
|inactive|TheDecommissioner has 20 seconds left.
|inactive|TheDecommissioner has 15 seconds left.
|inactive|TheDecommissioner has 10 seconds left.
|inactive|TheDecommissioner has 5 seconds left.
|
|t:|1750742297
|switch|p1b: Pelipper|Pelipper, L50, F|73/100
|-weather|RainDance|[from] ability: Drizzle|[of] p1b: Pelipper
|move|p2b: Koraidon|Stomping Tantrum|p1a: Miraidon
|-damage|p1a: Miraidon|63/100
|move|p1a: Miraidon|Calm Mind|p1a: Miraidon
|-boost|p1a: Miraidon|spa|1
|-boost|p1a: Miraidon|spd|1
|move|p2a: Is|Electro Shot||[still]
|-prepare|p2a: Is|Electro Shot
|-boost|p2a: Is|spa|1
|-anim|p2a: Is|Electro Shot|p1b: Pelipper
|-supereffective|p1b: Pelipper
|-damage|p1b: Pelipper|0 fnt
|faint|p1b: Pelipper
|
|-weather|RainDance|[upkeep]
|upkeep
|
|t:|1750742312
|switch|p1b: Dialga|Dialga-Origin, L50|84/100
|turn|9
|
|t:|1750742321
|move|p1b: Dialga|Protect|p1b: Dialga
|-singleturn|p1b: Dialga|Protect
|move|p2b: Koraidon|Stomping Tantrum|p1b: Dialga
|-activate|p1b: Dialga|move: Protect
|move|p1a: Miraidon|Parabolic Charge|p2a: Is|[spread] p2a,p2b
|-activate|p1b: Dialga|move: Protect
|-resisted|p2a: Is
|-damage|p2a: Is|50/100
|-heal|p1a: Miraidon|70/100|[from] drain|[of] p2a: Is
|-damage|p2b: Koraidon|21/100
|-heal|p1a: Miraidon|91/100|[from] drain|[of] p2b: Koraidon
|-ability|p2a: Is|Stamina|boost
|-boost|p2a: Is|def|1
|move|p2a: Is|Snarl|p1b: Dialga|[spread] p1a
|-activate|p1b: Dialga|move: Protect
|-resisted|p1a: Miraidon
|-damage|p1a: Miraidon|88/100
|-unboost|p1a: Miraidon|spa|1
|
|-weather|RainDance|[upkeep]
|upkeep
|turn|10
|inactive|Gibsteroni has 30 seconds left.
|
|t:|1750742348
|move|p1b: Dialga|Protect||[still]
|-fail|p1b: Dialga
|move|p2b: Koraidon|Stomping Tantrum|p1b: Dialga
|-supereffective|p1b: Dialga
|-crit|p1b: Dialga
|-damage|p1b: Dialga|27/100
|move|p1a: Miraidon|Parabolic Charge|p2a: Is|[spread] p2a,p2b
|-activate|p1b: Dialga|ability: Telepathy
|-resisted|p2a: Is
|-damage|p2a: Is|40/100
|-heal|p1a: Miraidon|93/100|[from] drain|[of] p2a: Is
|-damage|p2b: Koraidon|0 fnt
|-heal|p1a: Miraidon|100/100|[from] drain|[of] p2b: Koraidon
|-ability|p2a: Is|Stamina|boost
|-boost|p2a: Is|def|1
|faint|p2b: Koraidon
|move|p2a: Is|Snarl|p1a: Miraidon|[spread] p1a,p1b
|-resisted|p1a: Miraidon
|-damage|p1a: Miraidon|98/100
|-damage|p1b: Dialga|11/100
|-unboost|p1a: Miraidon|spa|1
|-unboost|p1b: Dialga|spa|1
|
|-weather|RainDance|[upkeep]
|upkeep
|turn|11
|inactive|Gibsteroni has 30 seconds left.
|
|t:|1750742377
|move|p1a: Miraidon|Parabolic Charge|p2a: Is|[spread] p2a
|-activate|p1b: Dialga|ability: Telepathy
|-resisted|p2a: Is
|-damage|p2a: Is|32/100
|-heal|p1a: Miraidon|100/100|[from] drain|[of] p2a: Is
|move|p1b: Dialga|Dragon Pulse|p2a: Is
|-damage|p2a: Is|10/100
|move|p2a: Is|Snarl|p1a: Miraidon|[spread] p1a,p1b
|-resisted|p1a: Miraidon
|-damage|p1a: Miraidon|98/100
|-damage|p1b: Dialga|0 fnt
|-unboost|p1a: Miraidon|spa|1
|faint|p1b: Dialga
|
|-weather|RainDance|[upkeep]
|upkeep
|turn|12
|inactive|TheDecommissioner has 30 seconds left.
|inactive|TheDecommissioner has 20 seconds left.
|
|t:|1750742417
|move|p1a: Miraidon|Tera Blast|p2a: Is|[anim] Tera Blast Fairy
|-crit|p2a: Is
|-damage|p2a: Is|0 fnt
|faint|p2a: Is
|
|win|Gibsteroni
|raw|Gibsteroni's rating: 1306 &rarr; <strong>1328</strong><br />(+22 for winning)
|raw|TheDecommissioner's rating: 1337 &rarr; <strong>1315</strong><br />(-22 for losing)
|c|☆TheDecommissioner|gg
|c|☆Gibsteroni|gg
|l|☆Gibsteroni
|player|p1|
|l|☆TheDecommissioner
|player|p2|
