|j|☆Fryi
|j|☆feffixxd4
|t:|1750831070
|gametype|doubles
|player|p1|Fryi|102|1046
|player|p2|feffixxd4|ghetsis-gen5bw|1093
|teamsize|p1|6
|teamsize|p2|6
|gen|9
|tier|[Gen 9] VGC 2025 Reg I
|rated|
|rule|Species Clause: Limit one of each Pokémon
|rule|Item Clause: Limit 1 of each item
|clearpoke
|poke|p1|Chi-Yu, L50|
|poke|p1|Koraidon, L50|
|poke|p1|Scovillain, L50, M|
|poke|p1|Clefairy, L50, M|
|poke|p1|Calyrex-Shadow, L50|
|poke|p1|Whimsicott, L50, M|
|poke|p2|Malamar, L50, F|
|poke|p2|Amoonguss, L50, F|
|poke|p2|Calyrex-Shadow, L50|
|poke|p2|Talonflame, L50, F|
|poke|p2|Zamazenta-*, L50|
|poke|p2|Iron Hands, L50|
|teampreview|4
|inactive|Battle timer is ON: inactive players will automatically lose when time's up. (requested by feffixxd4)
|inactive|Fryi has 60 seconds left.
|inactive|feffixxd4 has 60 seconds left.
|
|t:|1750831119
|start
|switch|p1a: Whimsicott|Whimsicott, L50, M, shiny|100/100
|switch|p1b: Calyrex|Calyrex-Shadow, L50|100/100
|switch|p2a: Calyrex|Calyrex-Shadow, L50|100/100
|switch|p2b: Talonflame|Talonflame, L50, F|100/100
|-ability|p2a: Calyrex|As One
|-ability|p2a: Calyrex|Unnerve
|-ability|p1b: Calyrex|As One
|-ability|p1b: Calyrex|Unnerve
|turn|1
|
|t:|1750831141
|-terastallize|p1b: Calyrex|Ghost
|move|p1a: Whimsicott|Tailwind|p1a: Whimsicott
|-sidestart|p1: Fryi|move: Tailwind
|move|p2b: Talonflame|Tailwind|p2b: Talonflame
|-sidestart|p2: feffixxd4|move: Tailwind
|move|p1b: Calyrex|Astral Barrage|p2a: Calyrex|[spread] p2a,p2b
|-supereffective|p2a: Calyrex
|-enditem|p2a: Calyrex|Focus Sash
|-damage|p2a: Calyrex|1/100
|-damage|p2b: Talonflame|0 fnt
|faint|p2b: Talonflame
|-ability|p1b: Calyrex|Grim Neigh|boost
|-boost|p1b: Calyrex|spa|1
|move|p2a: Calyrex|Astral Barrage|p1b: Calyrex|[spread] p1a,p1b
|-supereffective|p1b: Calyrex
|-damage|p1a: Whimsicott|30/100
|-damage|p1b: Calyrex|0 fnt
|faint|p1b: Calyrex
|-ability|p2a: Calyrex|Grim Neigh|boost
|-boost|p2a: Calyrex|spa|1
|
|upkeep
|inactive|feffixxd4 has 30 seconds left.
|
|t:|1750831172
|switch|p1b: Koraidon|Koraidon, L50|100/100
|switch|p2b: Iron Hands|Iron Hands, L50|100/100
|-weather|SunnyDay|[from] ability: Orichalcum Pulse|[of] p1b: Koraidon
|-activate|p1b: Koraidon|Orichalcum Pulse|[source]
|-enditem|p2b: Iron Hands|Booster Energy
|-activate|p2b: Iron Hands|ability: Quark Drive|[fromitem]
|-start|p2b: Iron Hands|quarkdriveatk
|turn|2
|
|t:|1750831188
|move|p1b: Koraidon|Protect|p1b: Koraidon
|-singleturn|p1b: Koraidon|Protect
|move|p2b: Iron Hands|Fake Out|p1b: Koraidon
|-activate|p1b: Koraidon|move: Protect
|move|p1a: Whimsicott|Encore|p2b: Iron Hands
|-start|p2b: Iron Hands|Encore
|move|p2a: Calyrex|Astral Barrage|p1b: Koraidon|[spread] p1a
|-activate|p1b: Koraidon|move: Protect
|-damage|p1a: Whimsicott|0 fnt
|faint|p1a: Whimsicott
|-ability|p2a: Calyrex|Grim Neigh|boost
|-boost|p2a: Calyrex|spa|1
|
|-weather|SunnyDay|[upkeep]
|upkeep
|
|t:|1750831197
|switch|p1a: Scovillain|Scovillain, L50, M, shiny|100/100
|turn|3
|c|☆feffixxd4|Gg
|
|t:|1750831208
|-end|p2b: Iron Hands|Quark Drive|[silent]
|switch|p2b: Zamazenta|Zamazenta-Crowned, L50|100/100
|-ability|p2b: Zamazenta|Dauntless Shield|boost
|-boost|p2b: Zamazenta|def|1
|move|p1a: Scovillain|Overheat|p2a: Calyrex
|-damage|p2a: Calyrex|0 fnt
|-unboost|p1a: Scovillain|spa|2
|faint|p2a: Calyrex
|move|p1b: Koraidon|Flame Charge|p2b: Zamazenta
|-supereffective|p2b: Zamazenta
|-damage|p2b: Zamazenta|71/100
|-boost|p1b: Koraidon|spe|1
|
|-weather|SunnyDay|[upkeep]
|upkeep
|
|t:|1750831226
|switch|p2a: Iron Hands|Iron Hands, L50|100/100
|turn|4
|
|t:|1750831241
|move|p1b: Koraidon|Protect|p1b: Koraidon
|-singleturn|p1b: Koraidon|Protect
|move|p1a: Scovillain|Protect|p1a: Scovillain
|-singleturn|p1a: Scovillain|Protect
|move|p2a: Iron Hands|Fake Out|p1b: Koraidon
|-activate|p1b: Koraidon|move: Protect
|move|p2b: Zamazenta|Body Press|p1a: Scovillain
|-activate|p1a: Scovillain|move: Protect
|
|-weather|SunnyDay|[upkeep]
|-sideend|p1: Fryi|move: Tailwind
|-sideend|p2: feffixxd4|move: Tailwind
|upkeep
|turn|5
|inactive|feffixxd4 has 30 seconds left.
|
|t:|1750831271
|move|p1b: Koraidon|Collision Course|p2b: Zamazenta
|-supereffective|p2b: Zamazenta
|-damage|p2b: Zamazenta|0 fnt
|faint|p2b: Zamazenta
|move|p1a: Scovillain|Spicy Extract|p1b: Koraidon
|-fail|p1b: Koraidon|unboost|[from] item: Clear Amulet|[of] p1b: Koraidon
|-boost|p1b: Koraidon|atk|2
|move|p2a: Iron Hands|Drain Punch|p1a: Scovillain
|-damage|p1a: Scovillain|31/100
|
|-weather|SunnyDay|[upkeep]
|upkeep
|turn|6
|
|t:|1750831286
|move|p2a: Iron Hands|Detect|p2a: Iron Hands
|-singleturn|p2a: Iron Hands|Protect
|move|p1b: Koraidon|Flare Blitz|p2a: Iron Hands
|-activate|p2a: Iron Hands|move: Protect
|move|p1a: Scovillain|Overheat|p2a: Iron Hands
|-activate|p2a: Iron Hands|move: Protect
|
|-weather|none
|upkeep
|turn|7
|
|t:|1750831306
|move|p1b: Koraidon|Collision Course|p2a: Iron Hands
|-damage|p2a: Iron Hands|26/100
|move|p1a: Scovillain|Overheat|p2a: Iron Hands
|-damage|p2a: Iron Hands|6/100
|-unboost|p1a: Scovillain|spa|2
|move|p2a: Iron Hands|Drain Punch|p1a: Scovillain
|-damage|p1a: Scovillain|0 fnt
|-heal|p2a: Iron Hands|15/100|[from] drain|[of] p1a: Scovillain
|faint|p1a: Scovillain
|
|upkeep
|turn|8
|
|t:|1750831325
|move|p2a: Iron Hands|Detect|p2a: Iron Hands
|-singleturn|p2a: Iron Hands|Protect
|move|p1b: Koraidon|Collision Course|p2a: Iron Hands
|-activate|p2a: Iron Hands|move: Protect
|
|upkeep
|turn|9
|
|t:|1750831334
|-terastallize|p2a: Iron Hands|Fighting
|move|p2a: Iron Hands|Detect||[still]
|-fail|p2a: Iron Hands
|move|p1b: Koraidon|Flare Blitz|p2a: Iron Hands
|-damage|p2a: Iron Hands|0 fnt
|faint|p2a: Iron Hands
|-end|p2a: Iron Hands|Quark Drive|[silent]
|-damage|p1b: Koraidon|94/100|[from] Recoil
|
|win|Fryi
|raw|Fryi's rating: 1046 &rarr; <strong>1084</strong><br />(+38 for winning)
|raw|feffixxd4's rating: 1093 &rarr; <strong>1066</strong><br />(-27 for losing)
|l|☆feffixxd4
|player|p2|
|l|☆Fryi
|player|p1|
