|j|☆anlingyuze
|j|☆Scythedancer
|t:|1750863445
|gametype|doubles
|player|p1|anlingyuze|169|1435
|player|p2|Scythedancer|janitor|1573
|teamsize|p1|6
|teamsize|p2|6
|gen|9
|tier|[Gen 9] VGC 2025 Reg I
|rated|
|rule|Species Clause: Limit one of each Pokémon
|rule|Item Clause: Limit 1 of each item
|clearpoke
|poke|p1|Groudon, L50|
|poke|p1|Miraidon, L50|
|poke|p1|Gouging Fire, L50|
|poke|p1|Chesnaught, L50, M|
|poke|p1|Farigiraf, L50, F|
|poke|p1|Ogerpon-Cornerstone, L50, F|
|poke|p2|Kyogre, L50|
|poke|p2|Incineroar, L50, M|
|poke|p2|Wo-Chien, L50|
|poke|p2|Sableye, L50, M|
|poke|p2|Maushold, L50|
|poke|p2|Calyrex-Shadow, L50|
|teampreview|4
|
|t:|1750863476
|start
|switch|p1a: Miraidon|Miraidon, L50|100/100
|switch|p1b: Farigiraf|Farigiraf, L50, F|100/100
|switch|p2a: Sableye|Sableye, L50, M|100/100
|switch|p2b: Wo-Chien|Wo-Chien, L50|100/100
|-fieldstart|move: Electric Terrain|[from] ability: Hadron Engine|[of] p1a: Miraidon
|-ability|p2b: Wo-Chien|Tablets of Ruin
|turn|1
|
|t:|1750863508
|move|p1b: Farigiraf|Helping Hand|p1a: Miraidon
|-singleturn|p1a: Miraidon|Helping Hand|[of] p1b: Farigiraf
|move|p2a: Sableye|Light Screen|p2a: Sableye
|-sidestart|p2: Scythedancer|move: Light Screen
|move|p1a: Miraidon|Draco Meteor|p2b: Wo-Chien
|-damage|p2b: Wo-Chien|40/100
|-unboost|p1a: Miraidon|spa|2
|move|p2b: Wo-Chien|Ruination|p1a: Miraidon
|-damage|p1a: Miraidon|51/100
|
|-heal|p2b: Wo-Chien|46/100|[from] item: Leftovers
|upkeep
|turn|2
|j| sl170
|
|t:|1750863532
|switch|p1a: Gouging Fire|Gouging Fire, L50|100/100
|move|p2b: Wo-Chien|Leech Seed|p1a: Gouging Fire
|-start|p1a: Gouging Fire|move: Leech Seed
|move|p2a: Sableye|Foul Play|p1a: Gouging Fire
|-damage|p1a: Gouging Fire|73/100
|move|p1b: Farigiraf|Foul Play|p2a: Sableye
|-damage|p2a: Sableye|90/100
|
|-heal|p2b: Wo-Chien|53/100|[from] item: Leftovers
|-damage|p1a: Gouging Fire|61/100|[from] Leech Seed|[of] p2b: Wo-Chien
|-heal|p2b: Wo-Chien|65/100|[silent]
|upkeep
|turn|3
|
|t:|1750863553
|-end|p1a: Gouging Fire|Protosynthesis|[silent]
|switch|p1a: Miraidon|Miraidon, L50|51/100
|-activate|p1a: Miraidon|ability: Hadron Engine
|switch|p1b: Groudon|Groudon, L50|100/100
|-weather|SunnyDay|[from] ability: Drought|[of] p1b: Groudon
|move|p2a: Sableye|Rain Dance|p2a: Sableye
|-weather|RainDance
|move|p2b: Wo-Chien|Leech Seed|p1b: Groudon
|-start|p1b: Groudon|move: Leech Seed
|
|-weather|RainDance|[upkeep]
|-heal|p2b: Wo-Chien|71/100|[from] item: Leftovers
|-damage|p1b: Groudon|88/100|[from] Leech Seed|[of] p2b: Wo-Chien
|-heal|p2b: Wo-Chien|84/100|[silent]
|upkeep
|turn|4
|
|t:|1750863596
|switch|p1b: Farigiraf|Farigiraf, L50, F|100/100
|move|p1a: Miraidon|Volt Switch|p2a: Sableye
|-damage|p2a: Sableye|16/100
|
|t:|1750863603
|switch|p1a: Groudon|Groudon, L50|88/100|[from] Volt Switch
|-weather|SunnyDay|[from] ability: Drought|[of] p1a: Groudon
|move|p2b: Wo-Chien|Ruination|p1b: Farigiraf
|-damage|p1b: Farigiraf|51/100
|move|p2a: Sableye|Foul Play|p1b: Farigiraf
|-supereffective|p1b: Farigiraf
|-damage|p1b: Farigiraf|17/100
|
|-weather|SunnyDay|[upkeep]
|-heal|p2b: Wo-Chien|91/100|[from] item: Leftovers
|upkeep
|turn|5
|
|t:|1750863626
|switch|p1a: Miraidon|Miraidon, L50|51/100
|-activate|p1a: Miraidon|ability: Hadron Engine
|switch|p1b: Gouging Fire|Gouging Fire, L50|61/100
|-activate|p1b: Gouging Fire|ability: Protosynthesis
|-start|p1b: Gouging Fire|protosynthesisspe
|move|p2b: Wo-Chien|Pollen Puff|p2a: Sableye
|-heal|p2a: Sableye|65/100
|move|p2a: Sableye|Foul Play|p1b: Gouging Fire
|-damage|p1b: Gouging Fire|37/100
|
|-weather|SunnyDay|[upkeep]
|-heal|p2b: Wo-Chien|97/100|[from] item: Leftovers
|-sideend|p2: Scythedancer|move: Light Screen
|-fieldend|move: Electric Terrain
|upkeep
|turn|6
|
|t:|1750863648
|-terastallize|p1b: Gouging Fire|Fire
|move|p2b: Wo-Chien|Protect|p2b: Wo-Chien
|-singleturn|p2b: Wo-Chien|Protect
|move|p2a: Sableye|Light Screen|p2a: Sableye
|-sidestart|p2: Scythedancer|move: Light Screen
|move|p1a: Miraidon|Volt Switch|p2a: Sableye
|-damage|p2a: Sableye|25/100
|
|t:|1750863657
|switch|p1a: Groudon|Groudon, L50|88/100|[from] Volt Switch
|move|p1b: Gouging Fire|Flare Blitz|p2b: Wo-Chien
|-activate|p2b: Wo-Chien|move: Protect
|
|-weather|SunnyDay|[upkeep]
|-heal|p2b: Wo-Chien|100/100|[from] item: Leftovers
|upkeep
|turn|7
|
|t:|1750863675
|move|p2a: Sableye|Rain Dance|p2a: Sableye
|-weather|RainDance
|-end|p1b: Gouging Fire|Protosynthesis
|move|p1b: Gouging Fire|Flare Blitz|p2b: Wo-Chien
|-supereffective|p2b: Wo-Chien
|-damage|p2b: Wo-Chien|50/100
|-damage|p1b: Gouging Fire|20/100|[from] Recoil
|move|p2b: Wo-Chien|Ruination|p1a: Groudon
|-damage|p1a: Groudon|44/100
|move|p1a: Groudon|Heat Crash|p2b: Wo-Chien
|-supereffective|p2b: Wo-Chien
|-damage|p2b: Wo-Chien|20/100
|
|-weather|RainDance|[upkeep]
|-heal|p2b: Wo-Chien|27/100|[from] item: Leftovers
|upkeep
|turn|8
|
|t:|1750863700
|move|p1b: Gouging Fire|Howl|p1b: Gouging Fire|[spread] p1a,p1b
|-boost|p1a: Groudon|atk|1
|-boost|p1b: Gouging Fire|atk|1
|move|p2b: Wo-Chien|Leech Seed|p1a: Groudon
|-start|p1a: Groudon|move: Leech Seed
|move|p1a: Groudon|High Horsepower|p2a: Sableye
|-damage|p2a: Sableye|0 fnt
|faint|p2a: Sableye
|
|-weather|RainDance|[upkeep]
|-heal|p2b: Wo-Chien|33/100|[from] item: Leftovers
|-damage|p1a: Groudon|32/100|[from] Leech Seed|[of] p2b: Wo-Chien
|-heal|p2b: Wo-Chien|46/100|[silent]
|upkeep
|
|t:|1750863707
|switch|p2a: Calyrex|Calyrex-Shadow, L50|100/100
|-ability|p2a: Calyrex|As One
|-ability|p2a: Calyrex|Unnerve
|turn|9
|
|t:|1750863722
|switch|p1a: Farigiraf|Farigiraf, L50, F|17/100
|move|p1b: Gouging Fire|Burning Bulwark|p1b: Gouging Fire
|-singleturn|p1b: Gouging Fire|move: Protect
|move|p2a: Calyrex|Astral Barrage|p1a: Farigiraf|[spread] 
|-activate|p1b: Gouging Fire|move: Protect
|-immune|p1a: Farigiraf
|move|p2b: Wo-Chien|Pollen Puff|p1a: Farigiraf
|-supereffective|p1a: Farigiraf
|-damage|p1a: Farigiraf|0 fnt
|faint|p1a: Farigiraf
|
|-weather|RainDance|[upkeep]
|-heal|p2b: Wo-Chien|52/100|[from] item: Leftovers
|upkeep
|
|t:|1750863739
|switch|p1a: Groudon|Groudon, L50|32/100
|-weather|SunnyDay|[from] ability: Drought|[of] p1a: Groudon
|-activate|p1b: Gouging Fire|ability: Protosynthesis
|-start|p1b: Gouging Fire|protosynthesisatk
|turn|10
|
|t:|1750863770
|switch|p2b: Kyogre|Kyogre, L50|100/100
|-weather|RainDance|[from] ability: Drizzle|[of] p2b: Kyogre
|-end|p1b: Gouging Fire|Protosynthesis
|move|p2a: Calyrex|Astral Barrage|p1b: Gouging Fire|[spread] p1a,p1b
|-damage|p1a: Groudon|0 fnt
|-damage|p1b: Gouging Fire|0 fnt
|faint|p1a: Groudon
|faint|p1b: Gouging Fire
|-end|p1b: Gouging Fire|Protosynthesis|[silent]
|-ability|p2a: Calyrex|Grim Neigh|boost
|-boost|p2a: Calyrex|spa|2
|
|-weather|RainDance|[upkeep]
|-sideend|p2: Scythedancer|move: Light Screen
|upkeep
|
|t:|1750863779
|switch|p1b: Miraidon|Miraidon, L50|51/100
|-fieldstart|move: Electric Terrain|[from] ability: Hadron Engine|[of] p1b: Miraidon
|turn|11
|-message|anlingyuze forfeited.
|
|win|Scythedancer
|raw|anlingyuze's rating: 1435 &rarr; <strong>1423</strong><br />(-12 for losing)
|raw|Scythedancer's rating: 1573 &rarr; <strong>1585</strong><br />(+12 for winning)
|l|☆anlingyuze
|player|p1|
|l| sl170
|l| scythedancer
