|j|☆chipclipz_
|j|☆rodlebg
|t:|1750872182
|gametype|doubles
|player|p1|chipclipz_|102|1083
|player|p2|rodlebg|170|1075
|teamsize|p1|6
|teamsize|p2|6
|gen|9
|tier|[Gen 9] VGC 2025 Reg I
|rated|
|rule|Species Clause: Limit one of each Pokémon
|rule|Item Clause: Limit 1 of each item
|clearpoke
|poke|p1|Ting-Lu, L50|
|poke|p1|Rayquaza, L50|
|poke|p1|Lugia, L50|
|poke|p1|Tinkaton, L50, F|
|poke|p1|Glimmora, L50, F|
|poke|p1|Blastoise, L50, F|
|poke|p2|Lunala, L50|
|poke|p2|Ursaluna, L50, M|
|poke|p2|Urshifu-*, L50, F|
|poke|p2|Miraidon, L50|
|poke|p2|Grimmsnarl, L50, M|
|poke|p2|Incineroar, L50, M|
|teampreview|4
|inactive|Battle timer is ON: inactive players will automatically lose when time's up. (requested by rodlebg)
|inactive|rodlebg has 60 seconds left.
|inactive|rodlebg has 30 seconds left.
|
|t:|1750872245
|start
|switch|p1a: Ting-Lu|Ting-Lu, L50|100/100
|switch|p1b: Rayquaza|Rayquaza, L50, shiny|100/100
|switch|p2a: Urshifu|Urshifu-Rapid-Strike, L50, F|100/100
|switch|p2b: Miraidon|Miraidon, L50|100/100
|-ability|p1b: Rayquaza|Air Lock
|-fieldstart|move: Electric Terrain|[from] ability: Hadron Engine|[of] p2b: Miraidon
|-ability|p1a: Ting-Lu|Vessel of Ruin
|turn|1
|
|t:|1750872264
|-terastallize|p1a: Ting-Lu|Dark
|move|p1b: Rayquaza|Dragon Ascent|p2a: Urshifu
|-supereffective|p2a: Urshifu
|-damage|p2a: Urshifu|0 fnt
|-unboost|p1b: Rayquaza|def|1
|-unboost|p1b: Rayquaza|spd|1
|faint|p2a: Urshifu
|move|p2b: Miraidon|Electro Drift|p1b: Rayquaza
|-damage|p1b: Rayquaza|0 fnt
|faint|p1b: Rayquaza
|move|p1a: Ting-Lu|Earthquake|p2b: Miraidon
|-supereffective|p2b: Miraidon
|-damage|p2b: Miraidon|10/100
|
|upkeep
|
|t:|1750872280
|switch|p1b: Tinkaton|Tinkaton, L50, F|100/100
|switch|p2a: Ursaluna|Ursaluna, L50, M|100/100
|turn|2
|
|t:|1750872294
|move|p2a: Ursaluna|Protect|p2a: Ursaluna
|-singleturn|p2a: Ursaluna|Protect
|move|p1b: Tinkaton|Fake Out|p2b: Miraidon
|-damage|p2b: Miraidon|1/100
|cant|p2b: Miraidon|flinch
|move|p1a: Ting-Lu|Ruination|p2a: Ursaluna
|-activate|p2a: Ursaluna|move: Protect
|
|-status|p2a: Ursaluna|brn|[from] item: Flame Orb
|upkeep
|turn|3
|
|t:|1750872311
|move|p1b: Tinkaton|Protect|p1b: Tinkaton
|-singleturn|p1b: Tinkaton|Protect
|move|p2b: Miraidon|Draco Meteor|p1a: Ting-Lu
|-crit|p1a: Ting-Lu
|-damage|p1a: Ting-Lu|43/100
|-unboost|p2b: Miraidon|spa|2
|move|p1a: Ting-Lu|Earthquake|p2b: Miraidon|[spread] p2a,p2b
|-activate|p1b: Tinkaton|move: Protect
|-supereffective|p2b: Miraidon
|-damage|p2a: Ursaluna|74/100 brn
|-damage|p2b: Miraidon|0 fnt
|faint|p2b: Miraidon
|move|p2a: Ursaluna|Earthquake|p1a: Ting-Lu|[spread] p1a
|-activate|p1b: Tinkaton|move: Protect
|-damage|p1a: Ting-Lu|2/100
|
|-damage|p2a: Ursaluna|68/100 brn|[from] brn
|upkeep
|
|t:|1750872325
|switch|p2b: Lunala|Lunala, L50|100/100
|-enditem|p2b: Lunala|Electric Seed
|-boost|p2b: Lunala|def|1|[from] item: Electric Seed
|turn|4
|inactive|chipclipz_ has 30 seconds left.
|
|t:|1750872351
|move|p2a: Ursaluna|Protect|p2a: Ursaluna
|-singleturn|p2a: Ursaluna|Protect
|move|p1b: Tinkaton|Gigaton Hammer|p2b: Lunala
|-damage|p2b: Lunala|86/100
|move|p1a: Ting-Lu|Lash Out|p2b: Lunala
|-supereffective|p2b: Lunala
|-damage|p2b: Lunala|0 fnt
|faint|p2b: Lunala
|
|-damage|p2a: Ursaluna|62/100 brn|[from] brn
|upkeep
|turn|5
|
|t:|1750872369
|-terastallize|p2a: Ursaluna|Ghost
|move|p1b: Tinkaton|Play Rough|p2a: Ursaluna
|-damage|p2a: Ursaluna|39/100 brn
|move|p1a: Ting-Lu|Ruination|p2a: Ursaluna
|-damage|p2a: Ursaluna|20/100 brn
|move|p2a: Ursaluna|Earthquake|p1a: Ting-Lu|[spread] p1a,p1b
|-supereffective|p1b: Tinkaton
|-damage|p1a: Ting-Lu|0 fnt
|-damage|p1b: Tinkaton|0 fnt
|faint|p1a: Ting-Lu
|faint|p1b: Tinkaton
|
|-damage|p2a: Ursaluna|14/100 brn|[from] brn
|-fieldend|move: Electric Terrain
|upkeep
|
|t:|1750872383
|switch|p1b: Glimmora|Glimmora, L50, F|100/100
|turn|6
|
|t:|1750872388
|move|p1b: Glimmora|Sludge Wave|p2a: Ursaluna
|-resisted|p2a: Ursaluna
|-damage|p2a: Ursaluna|0 fnt
|faint|p2a: Ursaluna
|
|win|chipclipz_
|raw|chipclipz_'s rating: 1083 &rarr; <strong>1110</strong><br />(+27 for winning)
|raw|rodlebg's rating: 1075 &rarr; <strong>1054</strong><br />(-21 for losing)
|l|☆rodlebg
|player|p2|
|l|☆chipclipz_
|player|p1|
