|j|☆Gingerninja890
|j|☆SixthH0kage
|t:|1750805058
|gametype|doubles
|player|p1|Gingerninja890|102|1174
|player|p2|SixthH0kage|1|1090
|teamsize|p1|6
|teamsize|p2|6
|gen|9
|tier|[Gen 9] VGC 2025 Reg I
|rated|
|rule|Species Clause: Limit one of each Pokémon
|rule|Item Clause: Limit 1 of each item
|clearpoke
|poke|p1|Ursaring, L50, M|
|poke|p1|Farigiraf, L50, F|
|poke|p1|Kyogre, L50|
|poke|p1|Incineroar, L50, F|
|poke|p1|Calyrex-Ice, L50|
|poke|p1|Amoonguss, L50, F|
|poke|p2|Cresselia, L50, F|
|poke|p2|Groudon, L50|
|poke|p2|Reshiram, L50|
|poke|p2|Walking Wake, L50|
|poke|p2|Raging Bolt, L50|
|poke|p2|Incineroar, L50, M|
|teampreview|4
|inactive|Battle timer is ON: inactive players will automatically lose when time's up. (requested by SixthH0kage)
|
|t:|1750805078
|start
|switch|p1a: Farigiraf|Farigiraf, L50, F|100/100
|switch|p1b: Kyogre|Kyogre, L50|100/100
|switch|p2a: Cresselia|Cresselia, L50, F|100/100
|switch|p2b: Raging Bolt|Raging Bolt, L50|100/100
|-weather|RainDance|[from] ability: Drizzle|[of] p1b: Kyogre
|turn|1
|
|t:|1750805093
|move|p1b: Kyogre|Protect|p1b: Kyogre
|-singleturn|p1b: Kyogre|Protect
|move|p2b: Raging Bolt|Protect|p2b: Raging Bolt
|-singleturn|p2b: Raging Bolt|Protect
|move|p2a: Cresselia|Light Screen|p2a: Cresselia
|-sidestart|p2: SixthH0kage|move: Light Screen
|move|p1a: Farigiraf|Trick Room|p1a: Farigiraf
|-fieldstart|move: Trick Room|[of] p1a: Farigiraf
|
|-weather|RainDance|[upkeep]
|upkeep
|turn|2
|
|t:|1750805107
|-end|p2b: Raging Bolt|Protosynthesis|[silent]
|switch|p2b: Groudon|Groudon, L50|100/100
|-weather|SunnyDay|[from] ability: Drought|[of] p2b: Groudon
|switch|p1b: Ursaring|Ursaring, L50, M|100/100
|move|p1a: Farigiraf|Dazzling Gleam|p2b: Groudon|[spread] p2a,p2b
|-damage|p2a: Cresselia|95/100
|-damage|p2b: Groudon|90/100
|move|p2a: Cresselia|Thunderbolt|p1b: Ursaring
|-damage|p1b: Ursaring|89/100
|-status|p1b: Ursaring|par
|
|-weather|SunnyDay|[upkeep]
|upkeep
|turn|3
|inactive|SixthH0kage has 30 seconds left.
|
|t:|1750805140
|move|p1b: Ursaring|Body Slam|p2a: Cresselia
|-damage|p2a: Cresselia|52/100
|move|p1a: Farigiraf|Hyper Voice|p2b: Groudon|[spread] p2a,p2b
|-damage|p2a: Cresselia|43/100
|-damage|p2b: Groudon|72/100
|move|p2a: Cresselia|Thunderbolt|p1a: Farigiraf
|-damage|p1a: Farigiraf|85/100
|move|p2b: Groudon|Bulk Up|p2b: Groudon
|-boost|p2b: Groudon|atk|1
|-boost|p2b: Groudon|def|1
|
|-weather|SunnyDay|[upkeep]
|-heal|p1a: Farigiraf|91/100|[from] item: Leftovers
|upkeep
|turn|4
|
|t:|1750805156
|cant|p1b: Ursaring|par
|move|p1a: Farigiraf|Hyper Voice|p2a: Cresselia|[spread] p2a,p2b
|-damage|p2a: Cresselia|34/100
|-damage|p2b: Groudon|56/100
|move|p2a: Cresselia|Lunar Blessing|p2a: Cresselia|[spread] p2a,p2b
|-heal|p2a: Cresselia|60/100
|-heal|p2b: Groudon|81/100
|move|p2b: Groudon|Earthquake|p1a: Farigiraf|[spread] p1a,p1b
|-immune|p2a: Cresselia|[from] ability: Levitate
|-damage|p1a: Farigiraf|22/100
|-damage|p1b: Ursaring|44/100 par
|
|-weather|SunnyDay|[upkeep]
|-heal|p1a: Farigiraf|28/100|[from] item: Leftovers
|upkeep
|turn|5
|
|t:|1750805178
|move|p1b: Ursaring|Body Slam|p2a: Cresselia
|-damage|p2a: Cresselia|15/100
|move|p1a: Farigiraf|Hyper Voice|p2a: Cresselia|[spread] p2a,p2b
|-damage|p2a: Cresselia|6/100
|-damage|p2b: Groudon|62/100
|move|p2a: Cresselia|Lunar Blessing|p2a: Cresselia|[spread] p2a,p2b
|-heal|p2a: Cresselia|31/100
|-heal|p2b: Groudon|87/100
|move|p2b: Groudon|Earthquake|p1a: Farigiraf|[spread] p1a,p1b
|-immune|p2a: Cresselia|[from] ability: Levitate
|-damage|p1a: Farigiraf|0 fnt
|-damage|p1b: Ursaring|0 fnt
|faint|p1a: Farigiraf
|faint|p1b: Ursaring
|
|-weather|SunnyDay|[upkeep]
|-sideend|p2: SixthH0kage|move: Light Screen
|-fieldend|move: Trick Room
|upkeep
|
|t:|1750805193
|switch|p1a: Calyrex|Calyrex-Ice, L50|100/100
|switch|p1b: Kyogre|Kyogre, L50|100/100
|-ability|p1a: Calyrex|As One
|-ability|p1a: Calyrex|Unnerve
|-weather|RainDance|[from] ability: Drizzle|[of] p1b: Kyogre
|turn|6
|
|t:|1750805209
|switch|p2b: Raging Bolt|Raging Bolt, L50|100/100
|move|p1b: Kyogre|Protect|p1b: Kyogre
|-singleturn|p1b: Kyogre|Protect
|move|p2a: Cresselia|Light Screen|p2a: Cresselia
|-sidestart|p2: SixthH0kage|move: Light Screen
|move|p1a: Calyrex|Trick Room|p1a: Calyrex
|-fieldstart|move: Trick Room|[of] p1a: Calyrex
|
|-weather|RainDance|[upkeep]
|upkeep
|turn|7
|inactive|SixthH0kage has 30 seconds left.
|
|t:|1750805235
|-terastallize|p2b: Raging Bolt|Electric
|move|p2a: Cresselia|Helping Hand|p2b: Raging Bolt
|-singleturn|p2b: Raging Bolt|Helping Hand|[of] p2a: Cresselia
|move|p1a: Calyrex|Glacial Lance|p2a: Cresselia|[spread] p2a,p2b
|-damage|p2a: Cresselia|0 fnt
|-damage|p2b: Raging Bolt|72/100
|faint|p2a: Cresselia
|-ability|p1a: Calyrex|Chilling Neigh|boost
|-boost|p1a: Calyrex|atk|1
|move|p2b: Raging Bolt|Volt Switch|p1b: Kyogre
|-supereffective|p1b: Kyogre
|-damage|p1b: Kyogre|23/100
|
|t:|1750805249
|-end|p2b: Raging Bolt|Protosynthesis|[silent]
|switch|p2b: Groudon|Groudon, L50|87/100|[from] Volt Switch
|-weather|SunnyDay|[from] ability: Drought|[of] p2b: Groudon
|move|p1b: Kyogre|Water Spout|p2b: Groudon
|-supereffective|p2b: Groudon
|-damage|p2b: Groudon|75/100
|
|-weather|SunnyDay|[upkeep]
|upkeep
|
|t:|1750805261
|switch|p2a: Raging Bolt|Raging Bolt, L50, tera:Electric|72/100
|-activate|p2a: Raging Bolt|ability: Protosynthesis
|-start|p2a: Raging Bolt|protosynthesisspa
|turn|8
|
|t:|1750805279
|move|p1a: Calyrex|Glacial Lance|p2b: Groudon|[spread] p2a,p2b
|-supereffective|p2b: Groudon
|-damage|p2a: Raging Bolt|33/100
|-damage|p2b: Groudon|0 fnt
|faint|p2b: Groudon
|-ability|p1a: Calyrex|Chilling Neigh|boost
|-boost|p1a: Calyrex|atk|1
|move|p2a: Raging Bolt|Draco Meteor|p1a: Calyrex
|-damage|p1a: Calyrex|48/100
|-unboost|p2a: Raging Bolt|spa|2
|move|p1b: Kyogre|Chilling Water|p2a: Raging Bolt
|-damage|p2a: Raging Bolt|24/100
|-unboost|p2a: Raging Bolt|atk|1
|
|-weather|SunnyDay|[upkeep]
|-heal|p2a: Raging Bolt|30/100|[from] item: Leftovers
|upkeep
|
|t:|1750805296
|switch|p2b: Reshiram|Reshiram, L50|100/100
|-ability|p2b: Reshiram|Turboblaze
|turn|9
|
|t:|1750805306
|move|p2a: Raging Bolt|Protect|p2a: Raging Bolt
|-singleturn|p2a: Raging Bolt|Protect
|move|p1a: Calyrex|Glacial Lance|p2b: Reshiram|[spread] p2b
|-activate|p2a: Raging Bolt|move: Protect
|-damage|p2b: Reshiram|6/100
|move|p1b: Kyogre|Water Spout|p2b: Reshiram|[spread] p2b
|-activate|p2a: Raging Bolt|move: Protect
|-damage|p2b: Reshiram|3/100
|move|p2b: Reshiram|Fusion Flare|p1a: Calyrex
|-supereffective|p1a: Calyrex
|-damage|p1a: Calyrex|0 fnt
|faint|p1a: Calyrex
|
|-weather|SunnyDay|[upkeep]
|-heal|p2a: Raging Bolt|36/100|[from] item: Leftovers
|upkeep
|turn|10
|
|t:|1750805331
|move|p2a: Raging Bolt|Volt Switch|p1b: Kyogre
|-supereffective|p1b: Kyogre
|-damage|p1b: Kyogre|0 fnt
|faint|p1b: Kyogre
|
|win|SixthH0kage
|raw|Gingerninja890's rating: 1174 &rarr; <strong>1143</strong><br />(-31 for losing)
|raw|SixthH0kage's rating: 1090 &rarr; <strong>1123</strong><br />(+33 for winning)
|l|☆SixthH0kage
|player|p2|
|l|☆Gingerninja890
|player|p1|
