|j|☆CadaverLuke
|j|☆paperclip007
|t:|1750746104
|gametype|doubles
|player|p1|CadaverLuke|101|1186
|player|p2|paperclip007|interviewers|1108
|teamsize|p1|6
|teamsize|p2|6
|gen|9
|tier|[Gen 9] VGC 2025 Reg I
|rated|
|rule|Species Clause: Limit one of each Pokémon
|rule|Item Clause: Limit 1 of each item
|clearpoke
|poke|p1|Whimsicott, L50, F|
|poke|p1|Metagross, L50|
|poke|p1|Kyogre, L50|
|poke|p1|Indeedee-F, L50, F|
|poke|p1|Urshifu-*, L50, M|
|poke|p1|Grimmsnarl, L50, M|
|poke|p2|Miraidon, L50|
|poke|p2|Iron Hands, L50|
|poke|p2|Iron Bundle, L50|
|poke|p2|Iron Jugulis, L50|
|poke|p2|Koraidon, L50|
|poke|p2|Iron Crown, L50|
|teampreview|4
|inactive|Battle timer is ON: inactive players will automatically lose when time's up. (requested by CadaverLuke)
|
|t:|1750746130
|start
|switch|p1a: Whimsicott|Whimsicott, L50, F|100/100
|switch|p1b: Metagross|Metagross, L50|100/100
|switch|p2a: Iron Jugulis|Iron Jugulis, L50|100/100
|switch|p2b: Miraidon|Miraidon, L50|100/100
|-fieldstart|move: Electric Terrain|[from] ability: Hadron Engine|[of] p2b: Miraidon
|-activate|p2a: Iron Jugulis|ability: Quark Drive
|-start|p2a: Iron Jugulis|quarkdrivespe
|turn|1
|inactive|paperclip007 has 30 seconds left.
|inactive|paperclip007 has 20 seconds left.
|
|t:|1750746165
|-terastallize|p1a: Whimsicott|Ghost
|move|p1a: Whimsicott|Tailwind|p1a: Whimsicott
|-sidestart|p1: CadaverLuke|move: Tailwind
|move|p2a: Iron Jugulis|Knock Off|p1b: Metagross
|-supereffective|p1b: Metagross
|-damage|p1b: Metagross|54/100
|-enditem|p1b: Metagross|Choice Band|[from] move: Knock Off|[of] p2a: Iron Jugulis
|move|p1b: Metagross|Explosion|p2b: Miraidon|[spread] p2a,p2b
|-immune|p1a: Whimsicott
|-damage|p2a: Iron Jugulis|33/100
|-damage|p2b: Miraidon|26/100
|faint|p1b: Metagross
|move|p2b: Miraidon|Electro Drift|p1a: Whimsicott
|-damage|p1a: Whimsicott|0 fnt
|faint|p1a: Whimsicott
|
|upkeep
|
|t:|1750746182
|switch|p1a: Kyogre|Kyogre, L50|100/100
|switch|p1b: Indeedee|Indeedee-F, L50, F|100/100
|-weather|RainDance|[from] ability: Drizzle|[of] p1a: Kyogre
|-fieldstart|move: Psychic Terrain|[from] ability: Psychic Surge|[of] p1b: Indeedee
|-end|p2a: Iron Jugulis|Quark Drive
|-enditem|p2a: Iron Jugulis|Booster Energy
|-activate|p2a: Iron Jugulis|ability: Quark Drive|[fromitem]
|-start|p2a: Iron Jugulis|quarkdrivespe
|turn|2
|inactive|paperclip007 has 30 seconds left.
|inactive|paperclip007 has 20 seconds left.
|inactive|paperclip007 has 15 seconds left.
|inactive|paperclip007 has 10 seconds left.
|
|t:|1750746230
|switch|p2b: Koraidon|Koraidon, L50|100/100
|-weather|SunnyDay|[from] ability: Orichalcum Pulse|[of] p2b: Koraidon
|-activate|p2b: Koraidon|Orichalcum Pulse|[source]
|move|p1b: Indeedee|Helping Hand|p1a: Kyogre
|-singleturn|p1a: Kyogre|Helping Hand|[of] p1b: Indeedee
|move|p1a: Kyogre|Water Spout|p2b: Koraidon|[spread] p2a,p2b
|-resisted|p2b: Koraidon
|-damage|p2a: Iron Jugulis|0 fnt
|-damage|p2b: Koraidon|58/100
|faint|p2a: Iron Jugulis
|-end|p2a: Iron Jugulis|Quark Drive|[silent]
|
|-weather|SunnyDay|[upkeep]
|upkeep
|
|t:|1750746244
|switch|p2a: Iron Crown|Iron Crown, L50|100/100
|turn|3
|
|t:|1750746262
|move|p2b: Koraidon|Protect|p2b: Koraidon
|-singleturn|p2b: Koraidon|Protect
|move|p1b: Indeedee|Follow Me|p1b: Indeedee
|-singleturn|p1b: Indeedee|move: Follow Me
|move|p1a: Kyogre|Water Spout|p2b: Koraidon|[spread] p2a
|-activate|p2b: Koraidon|move: Protect
|-damage|p2a: Iron Crown|51/100
|move|p2a: Iron Crown|Volt Switch|p1b: Indeedee
|-damage|p1b: Indeedee|75/100
|
|t:|1750746272
|-end|p2a: Iron Crown|Quark Drive|[silent]
|switch|p2a: Miraidon|Miraidon, L50|26/100|[from] Volt Switch
|-fieldstart|move: Electric Terrain|[from] ability: Hadron Engine|[of] p2a: Miraidon
|
|-weather|SunnyDay|[upkeep]
|upkeep
|turn|4
|
|t:|1750746295
|move|p2a: Miraidon|Protect|p2a: Miraidon
|-singleturn|p2a: Miraidon|Protect
|move|p1b: Indeedee|Follow Me|p1b: Indeedee
|-singleturn|p1b: Indeedee|move: Follow Me
|move|p1a: Kyogre|Water Spout|p2b: Koraidon|[spread] p2b
|-activate|p2a: Miraidon|move: Protect
|-resisted|p2b: Koraidon
|-damage|p2b: Koraidon|32/100
|move|p2b: Koraidon|Collision Course|p1b: Indeedee
|-crit|p1b: Indeedee
|-damage|p1b: Indeedee|0 fnt
|faint|p1b: Indeedee
|-damage|p2b: Koraidon|22/100|[from] item: Life Orb
|
|-weather|SunnyDay|[upkeep]
|-sideend|p1: CadaverLuke|move: Tailwind
|upkeep
|turn|5
|inactive|paperclip007 has 30 seconds left.
|
|t:|1750746320
|-terastallize|p2a: Miraidon|Electric
|move|p2a: Miraidon|Electro Drift|p1a: Kyogre
|-supereffective|p1a: Kyogre
|-damage|p1a: Kyogre|0 fnt
|faint|p1a: Kyogre
|
|win|paperclip007
|raw|CadaverLuke's rating: 1186 &rarr; <strong>1155</strong><br />(-31 for losing)
|raw|paperclip007's rating: 1108 &rarr; <strong>1139</strong><br />(+31 for winning)
|l|☆CadaverLuke
|player|p1|
|l|☆paperclip007
|player|p2|
