|j|☆saltvi
|j|☆Soutern_Level06
|t:|1750867971
|gametype|doubles
|player|p1|saltvi|1|1258
|player|p2|Soutern_Level06|2|1280
|teamsize|p1|6
|teamsize|p2|6
|gen|9
|tier|[Gen 9] VGC 2025 Reg I
|rated|
|rule|Species Clause: Limit one of each Pokémon
|rule|Item Clause: Limit 1 of each item
|clearpoke
|poke|p1|Calyrex-Shadow, L50|
|poke|p1|Kyogre, L50|
|poke|p1|Lumineon, L50, M|
|poke|p1|Amoonguss, L50, F|
|poke|p1|Landorus, L50, M|
|poke|p1|Dragonite, L50, M|
|poke|p2|Lunala, L50|
|poke|p2|Incineroar, L50, M|
|poke|p2|Chi-Yu, L50|
|poke|p2|Indeedee-F, L50, F|
|poke|p2|Thundurus, L50, M|
|poke|p2|Koraidon, L50|
|teampreview|4
Soutern_Level06 rejected open team sheets.
|inactive|Battle timer is ON: inactive players will automatically lose when time's up. (requested by Soutern_Level06)
|inactive|Soutern_Level06 has 60 seconds left.
|
|t:|1750868030
|start
|switch|p1a: Kyogre|Kyogre, L50|100/100
|switch|p1b: NOMEGUSTA|Lumineon, L50, M|100/100
|switch|p2a: Indeedee|Indeedee-F, L50, F|100/100
|switch|p2b: Incineroar|Incineroar, L50, M|100/100
|-weather|RainDance|[from] ability: Drizzle|[of] p1a: Kyogre
|-fieldstart|move: Psychic Terrain|[from] ability: Psychic Surge|[of] p2a: Indeedee
|-enditem|p2a: Indeedee|Psychic Seed
|-boost|p2a: Indeedee|spd|1|[from] item: Psychic Seed
|-ability|p2b: Incineroar|Intimidate|boost
|-unboost|p1a: Kyogre|atk|1
|-unboost|p1b: NOMEGUSTA|atk|1
|turn|1
|inactive|Soutern_Level06 has 30 seconds left.
|
|t:|1750868058
|move|p1b: NOMEGUSTA|Tailwind|p1b: NOMEGUSTA
|-sidestart|p1: saltvi|move: Tailwind
|move|p1a: Kyogre|Origin Pulse|p2b: Incineroar|[spread] p2a,p2b
|-supereffective|p2b: Incineroar
|-crit|p2b: Incineroar
|-damage|p2a: Indeedee|58/100
|-damage|p2b: Incineroar|0 fnt
|faint|p2b: Incineroar
|move|p2a: Indeedee|Psychic|p1a: Kyogre
|-damage|p1a: Kyogre|75/100
|
|-weather|RainDance|[upkeep]
|upkeep
|
|t:|1750868068
|switch|p2b: Koraidon|Koraidon, L50|100/100
|-weather|SunnyDay|[from] ability: Orichalcum Pulse|[of] p2b: Koraidon
|-activate|p2b: Koraidon|Orichalcum Pulse|[source]
|turn|2
|inactive|saltvi has 30 seconds left.
|inactive|saltvi has 20 seconds left.
|inactive|Soutern_Level06 has 30 seconds left.
|inactive|saltvi has 15 seconds left.
|
|t:|1750868108
|move|p1b: NOMEGUSTA|Chilling Water|p2b: Koraidon
|-resisted|p2b: Koraidon
|-damage|p2b: Koraidon|98/100
|-unboost|p2b: Koraidon|atk|1
|move|p1a: Kyogre|Ice Beam|p2b: Koraidon
|-supereffective|p2b: Koraidon
|-damage|p2b: Koraidon|21/100
|move|p2b: Koraidon|Close Combat|p1a: Kyogre
|-damage|p1a: Kyogre|5/100
|-unboost|p2b: Koraidon|def|1
|-unboost|p2b: Koraidon|spd|1
|-damage|p2b: Koraidon|11/100|[from] item: Life Orb
|move|p2a: Indeedee|Psychic|p1b: NOMEGUSTA
|-damage|p1b: NOMEGUSTA|56/100
|
|-weather|SunnyDay|[upkeep]
|upkeep
|turn|3
|inactive|saltvi has 30 seconds left.
|
|t:|1750868134
|move|p2a: Indeedee|Follow Me|p2a: Indeedee
|-singleturn|p2a: Indeedee|move: Follow Me
|move|p1b: NOMEGUSTA|Chilling Water|p2a: Indeedee
|-damage|p2a: Indeedee|56/100
|-unboost|p2a: Indeedee|atk|1
|move|p1a: Kyogre|Ice Beam|p2a: Indeedee
|-damage|p2a: Indeedee|36/100
|move|p2b: Koraidon|U-turn|p1a: Kyogre
|-damage|p1a: Kyogre|0 fnt
|faint|p1a: Kyogre
|-damage|p2b: Koraidon|2/100|[from] item: Life Orb
|
|t:|1750868144
|switch|p2b: Lunala|Lunala, L50|100/100|[from] U-turn
|
|-weather|SunnyDay|[upkeep]
|upkeep
|
|t:|1750868160
|switch|p1a: Calyrex|Calyrex-Shadow, L50|100/100
|-ability|p1a: Calyrex|As One
|-ability|p1a: Calyrex|Unnerve
|turn|4
|
|t:|1750868183
|-terastallize|p1a: Calyrex|Dark
|-terastallize|p2b: Lunala|Fairy
|move|p1a: Calyrex|Astral Barrage|p2a: Indeedee|[spread] p2b
|-immune|p2a: Indeedee
|-damage|p2b: Lunala|77/100
|-damage|p1a: Calyrex|91/100|[from] item: Life Orb
|move|p1b: NOMEGUSTA|Encore|p2a: Indeedee
|-start|p2a: Indeedee|Encore
|move|p2b: Lunala|Expanding Force|p1a: Calyrex|[spread] p1b
|-immune|p1a: Calyrex
|-damage|p1b: NOMEGUSTA|0 fnt
|faint|p1b: NOMEGUSTA
|move|p2a: Indeedee|Follow Me|p2a: Indeedee
|-singleturn|p2a: Indeedee|move: Follow Me
|
|-weather|SunnyDay|[upkeep]
|-heal|p2b: Lunala|83/100|[from] item: Leftovers
|-sideend|p1: saltvi|move: Tailwind
|upkeep
|
|t:|1750868199
|switch|p1b: te torras|Landorus, L50, M|100/100
|turn|5
|inactive|Soutern_Level06 has 30 seconds left.
|
|t:|1750868230
|move|p2a: Indeedee|Follow Me|p2a: Indeedee
|-singleturn|p2a: Indeedee|move: Follow Me
|move|p1a: Calyrex|Astral Barrage|p2b: Lunala|[spread] p2b
|-immune|p2a: Indeedee
|-damage|p2b: Lunala|37/100
|-damage|p1a: Calyrex|81/100|[from] item: Life Orb
|move|p1b: te torras|Sludge Bomb|p2a: Indeedee
|-damage|p2a: Indeedee|4/100
|move|p2b: Lunala|Calm Mind|p2b: Lunala
|-boost|p2b: Lunala|spa|1
|-boost|p2b: Lunala|spd|1
|
|-weather|SunnyDay|[upkeep]
|-heal|p2b: Lunala|43/100|[from] item: Leftovers
|-fieldend|move: Psychic Terrain
|upkeep
|turn|6
|
|t:|1750868249
|move|p2b: Lunala|Protect|p2b: Lunala
|-singleturn|p2b: Lunala|Protect
|move|p2a: Indeedee|Follow Me|p2a: Indeedee
|-singleturn|p2a: Indeedee|move: Follow Me
|move|p1a: Calyrex|Psychic|p2a: Indeedee
|-resisted|p2a: Indeedee
|-damage|p2a: Indeedee|0 fnt
|faint|p2a: Indeedee
|-ability|p1a: Calyrex|Grim Neigh|boost
|-boost|p1a: Calyrex|spa|1
|-damage|p1a: Calyrex|71/100|[from] item: Life Orb
|move|p1b: te torras|Sludge Bomb|p2b: Lunala
|-activate|p2b: Lunala|move: Protect
|
|-weather|none
|-heal|p2b: Lunala|49/100|[from] item: Leftovers
|upkeep
|
|t:|1750868262
|switch|p2a: Koraidon|Koraidon, L50|2/100
|-weather|SunnyDay|[from] ability: Orichalcum Pulse|[of] p2a: Koraidon
|-activate|p2a: Koraidon|Orichalcum Pulse|[source]
|turn|7
|
|t:|1750868276
|move|p1a: Calyrex|Astral Barrage|p2a: Koraidon|[spread] p2a,p2b
|-damage|p2a: Koraidon|0 fnt
|-damage|p2b: Lunala|7/100
|faint|p2a: Koraidon
|-ability|p1a: Calyrex|Grim Neigh|boost
|-boost|p1a: Calyrex|spa|1
|-damage|p1a: Calyrex|61/100|[from] item: Life Orb
|move|p1b: te torras|Sludge Bomb|p2b: Lunala
|-supereffective|p2b: Lunala
|-damage|p2b: Lunala|0 fnt
|faint|p2b: Lunala
|
|win|saltvi
|raw|saltvi's rating: 1258 &rarr; <strong>1285</strong><br />(+27 for winning)
|raw|Soutern_Level06's rating: 1280 &rarr; <strong>1253</strong><br />(-27 for losing)
|l|☆saltvi
|player|p1|
|l|☆Soutern_Level06
|player|p2|
