|j|☆Jack_Ankn33
|j|☆duragon312
|t:|1750844503
|gametype|doubles
|player|p1|Jack_Ankn33|medium|1431
|player|p2|duragon312|101|1331
|teamsize|p1|6
|teamsize|p2|6
|gen|9
|tier|[Gen 9] VGC 2025 Reg I
|rated|
|rule|Species Clause: Limit one of each Pokémon
|rule|Item Clause: Limit 1 of each item
|clearpoke
|poke|p1|Whimsicott, L50, F|
|poke|p1|Calyrex-Shadow, L50|
|poke|p1|Miraidon, L50|
|poke|p1|Incineroar, L50, M|
|poke|p1|Iron Hands, L50|
|poke|p1|Chi-Yu, L50|
|poke|p2|Calyrex-Ice, L50|
|poke|p2|Kyogre, L50|
|poke|p2|Iron Jugulis, L50|
|poke|p2|Urshifu-*, L50, F|
|poke|p2|Rhyperior, L50, F|
|poke|p2|Amoonguss, L50, M|
|teampreview|4
Jack_Ankn33 has agreed to open team sheets.
|
|t:|1750844537
|start
|switch|p1a: Miraidon|Miraidon, L50|100/100
|switch|p1b: Incineroar|Incineroar, L50, M|100/100
|switch|p2a: Calyrex|Calyrex-Ice, L50|100/100
|switch|p2b: Amoonguss|Amoonguss, L50, M|100/100
|-ability|p2a: Calyrex|As One
|-ability|p2a: Calyrex|Unnerve
|-fieldstart|move: Electric Terrain|[from] ability: Hadron Engine|[of] p1a: Miraidon
|-ability|p1b: Incineroar|Intimidate|boost
|-fail|p2a: Calyrex|unboost|[from] item: Clear Amulet|[of] p2a: Calyrex
|-unboost|p2b: Amoonguss|atk|1
|turn|1
|
|t:|1750844569
|switch|p2b: Rhyperior|Rhyperior, L50, F|100/100
|move|p1b: Incineroar|Fake Out|p2a: Calyrex
|-damage|p2a: Calyrex|94/100
|move|p1a: Miraidon|Draco Meteor|p2b: Rhyperior|[miss]
|-miss|p1a: Miraidon|p2b: Rhyperior
|cant|p2a: Calyrex|flinch
|
|upkeep
|turn|2
|
|t:|1750844604
|-terastallize|p1a: Miraidon|Fairy
|move|p1a: Miraidon|Draco Meteor|p2a: Calyrex|[miss]
|-miss|p1a: Miraidon|p2a: Calyrex
|move|p1b: Incineroar|Knock Off|p2a: Calyrex
|-supereffective|p2a: Calyrex
|-damage|p2a: Calyrex|46/100
|-enditem|p2a: Calyrex|Clear Amulet|[from] move: Knock Off|[of] p1b: Incineroar
|move|p2b: Rhyperior|High Horsepower|p1a: Miraidon|[miss]
|-miss|p2b: Rhyperior|p1a: Miraidon
|move|p2a: Calyrex|Trick Room|p2a: Calyrex
|-fieldstart|move: Trick Room|[of] p2a: Calyrex
|
|upkeep
|turn|3
|c|☆Jack_Ankn33|yeah ok
|
|t:|1750844635
|move|p2b: Rhyperior|High Horsepower|p1a: Miraidon
|-damage|p1a: Miraidon|52/100
|move|p2a: Calyrex|Glacial Lance|p1a: Miraidon|[spread] p1a,p1b
|-resisted|p1b: Incineroar
|-damage|p1a: Miraidon|0 fnt
|-damage|p1b: Incineroar|70/100
|faint|p1a: Miraidon
|-ability|p2a: Calyrex|Chilling Neigh|boost
|-boost|p2a: Calyrex|atk|1
|move|p1b: Incineroar|Parting Shot|p2a: Calyrex
|-unboost|p2a: Calyrex|atk|1
|-unboost|p2a: Calyrex|spa|1
|
|t:|1750844645
|switch|p1b: Calyrex|Calyrex-Shadow, L50|100/100|[from] Parting Shot
|-ability|p1b: Calyrex|As One
|-ability|p1b: Calyrex|Unnerve
|
|upkeep
|
|t:|1750844651
|switch|p1a: Incineroar|Incineroar, L50, M|70/100
|-ability|p1a: Incineroar|Intimidate|boost
|-unboost|p2a: Calyrex|atk|1
|-unboost|p2b: Rhyperior|atk|1
|turn|4
|
|t:|1750844669
|switch|p2a: Amoonguss|Amoonguss, L50, M|100/100
|move|p1a: Incineroar|Fake Out|p2b: Rhyperior
|-resisted|p2b: Rhyperior
|-damage|p2b: Rhyperior|97/100
|cant|p2b: Rhyperior|flinch
|move|p1b: Calyrex|Astral Barrage|p2b: Rhyperior|[spread] p2a,p2b
|-damage|p2a: Amoonguss|52/100
|-damage|p2b: Rhyperior|58/100
|
|upkeep
|turn|5
|
|t:|1750844715
|move|p2a: Amoonguss|Protect|p2a: Amoonguss
|-singleturn|p2a: Amoonguss|Protect
|move|p2b: Rhyperior|Rock Slide|p1a: Incineroar|[spread] p1a,p1b
|-supereffective|p1a: Incineroar
|-damage|p1a: Incineroar|27/100
|-damage|p1b: Calyrex|72/100
|move|p1a: Incineroar|Parting Shot|p2b: Rhyperior
|-unboost|p2b: Rhyperior|atk|1
|-unboost|p2b: Rhyperior|spa|1
|
|t:|1750844722
|switch|p1a: Chi-Yu|Chi-Yu, L50|100/100|[from] Parting Shot
|-ability|p1a: Chi-Yu|Beads of Ruin
|move|p1b: Calyrex|Psychic|p2a: Amoonguss
|-activate|p2a: Amoonguss|move: Protect
|
|-fieldend|move: Electric Terrain
|upkeep
|turn|6
|
|t:|1750844749
|move|p2a: Amoonguss|Spore|p1b: Calyrex
|-status|p1b: Calyrex|slp|[from] move: Spore
|move|p2b: Rhyperior|Rock Slide|p1a: Chi-Yu|[spread] p1a,p1b
|-supereffective|p1a: Chi-Yu
|-damage|p1a: Chi-Yu|50/100
|-damage|p1b: Calyrex|52/100 slp
|cant|p1b: Calyrex|slp
|move|p1a: Chi-Yu|Heat Wave|p2b: Rhyperior|[spread] p2a,p2b
|-supereffective|p2a: Amoonguss
|-resisted|p2b: Rhyperior
|-damage|p2a: Amoonguss|0 fnt
|-damage|p2b: Rhyperior|40/100
|-status|p2b: Rhyperior|brn
|faint|p2a: Amoonguss
|
|-damage|p2b: Rhyperior|34/100 brn|[from] brn
|-fieldend|move: Trick Room
|upkeep
|
|t:|1750844766
|switch|p2a: Kyogre|Kyogre, L50|100/100
|-weather|RainDance|[from] ability: Drizzle|[of] p2a: Kyogre
|turn|7
|
|t:|1750844788
|move|p1a: Chi-Yu|Heat Wave|p2a: Kyogre|[spread] p2a,p2b
|-resisted|p2a: Kyogre
|-resisted|p2b: Rhyperior
|-damage|p2a: Kyogre|92/100
|-damage|p2b: Rhyperior|26/100 brn
|-curestatus|p1b: Calyrex|slp|[msg]
|move|p1b: Calyrex|Astral Barrage|p2b: Rhyperior|[spread] p2a,p2b
|-crit|p2a: Kyogre
|-damage|p2a: Kyogre|11/100
|-damage|p2b: Rhyperior|0 fnt
|faint|p2b: Rhyperior
|-ability|p1b: Calyrex|Grim Neigh|boost
|-boost|p1b: Calyrex|spa|1
|move|p2a: Kyogre|Water Spout|p1b: Calyrex|[spread] p1a,p1b
|-supereffective|p1a: Chi-Yu
|-damage|p1a: Chi-Yu|13/100
|-damage|p1b: Calyrex|30/100
|
|-weather|RainDance|[upkeep]
|upkeep
|
|t:|1750844803
|switch|p2b: Calyrex|Calyrex-Ice, L50|46/100
|-ability|p2b: Calyrex|As One
|-ability|p2b: Calyrex|Unnerve
|turn|8
|
|t:|1750844821
|-terastallize|p2b: Calyrex|Grass
|move|p1a: Chi-Yu|Heat Wave|p2b: Calyrex|[spread] p2a,p2b
|-resisted|p2a: Kyogre
|-supereffective|p2b: Calyrex
|-damage|p2a: Kyogre|2/100
|-damage|p2b: Calyrex|12/100
|move|p1b: Calyrex|Astral Barrage|p2b: Calyrex|[spread] p2a,p2b
|-damage|p2a: Kyogre|0 fnt
|-damage|p2b: Calyrex|0 fnt
|faint|p2a: Kyogre
|faint|p2b: Calyrex
|
|win|Jack_Ankn33
|raw|Jack_Ankn33's rating: 1431 &rarr; <strong>1445</strong><br />(+14 for winning)
|raw|duragon312's rating: 1331 &rarr; <strong>1317</strong><br />(-14 for losing)
|l|☆Jack_Ankn33
|player|p1|
|l|☆duragon312
|player|p2|
