|j|☆phonekretchy
|j|☆Asuraagni
|t:|1750797743
|gametype|doubles
|player|p1|phonekretchy|idol|1287
|player|p2|Asuraagni|palmer|1368
|teamsize|p1|6
|teamsize|p2|6
|gen|9
|tier|[Gen 9] VGC 2025 Reg I
|rated|
|rule|Species Clause: Limit one of each Pokémon
|rule|Item Clause: Limit 1 of each item
|clearpoke
|poke|p1|Calyrex-Ice, L50|
|poke|p1|Miraidon, L50|
|poke|p1|Abomasnow, L50, M|
|poke|p1|Incineroar, L50, F|
|poke|p1|Ursaluna-Bloodmoon, L50, M|
|poke|p1|Articuno, L50|
|poke|p2|Calyrex-Ice, L50|
|poke|p2|Kyogre, L50|
|poke|p2|Indeedee-F, L50, F|
|poke|p2|Grimmsnarl, L50, M|
|poke|p2|Rillaboom, L50, F|
|poke|p2|Urshifu-*, L50, F|
|teampreview|4
|
|t:|1750797799
|start
|switch|p1a: Miraidon|Miraidon, L50|100/100
|switch|p1b: Abomasnow|Abomasnow, L50, M|100/100
|switch|p2a: Indeedee|Indeedee-F, L50, F|100/100
|switch|p2b: Grimmsnarl|Grimmsnarl, L50, M|100/100
|-fieldstart|move: Electric Terrain|[from] ability: Hadron Engine|[of] p1a: Miraidon
|-fieldstart|move: Psychic Terrain|[from] ability: Psychic Surge|[of] p2a: Indeedee
|-weather|Snowscape|[from] ability: Snow Warning|[of] p1b: Abomasnow
|turn|1
|
|t:|1750797817
|move|p2b: Grimmsnarl|Light Screen|p2b: Grimmsnarl
|-sidestart|p2: Asuraagni|move: Light Screen
|move|p1a: Miraidon|Volt Switch|p2a: Indeedee
|-damage|p2a: Indeedee|71/100
|
|t:|1750797822
|switch|p1a: Calyrex|Calyrex-Ice, L50|100/100|[from] Volt Switch
|-ability|p1a: Calyrex|As One
|-ability|p1a: Calyrex|Unnerve
|move|p1b: Abomasnow|Aurora Veil|p1b: Abomasnow
|-sidestart|p1: phonekretchy|move: Aurora Veil
|move|p2a: Indeedee|Trick Room|p2a: Indeedee
|-fieldstart|move: Trick Room|[of] p2a: Indeedee
|
|-weather|Snowscape|[upkeep]
|upkeep
|turn|2
|
|t:|1750797837
|-terastallize|p1a: Calyrex|Fire
|move|p2a: Indeedee|Helping Hand|p2b: Grimmsnarl
|-singleturn|p2b: Grimmsnarl|Helping Hand|[of] p2a: Indeedee
|move|p1a: Calyrex|Glacial Lance|p2a: Indeedee|[spread] p2a,p2b
|-damage|p2a: Indeedee|0 fnt
|-damage|p2b: Grimmsnarl|45/100
|faint|p2a: Indeedee
|-ability|p1a: Calyrex|Chilling Neigh|boost
|-boost|p1a: Calyrex|atk|1
|move|p2b: Grimmsnarl|Foul Play|p1a: Calyrex
|-damage|p1a: Calyrex|50/100
|move|p1b: Abomasnow|Bulldoze|p2b: Grimmsnarl|[spread] p1a,p2b
|-supereffective|p1a: Calyrex
|-damage|p1a: Calyrex|42/100
|-damage|p2b: Grimmsnarl|36/100
|-unboost|p1a: Calyrex|spe|1
|-unboost|p2b: Grimmsnarl|spe|1
|-enditem|p1a: Calyrex|Weakness Policy
|-boost|p1a: Calyrex|atk|2|[from] item: Weakness Policy
|-boost|p1a: Calyrex|spa|2|[from] item: Weakness Policy
|
|-weather|Snowscape|[upkeep]
|upkeep
|c|☆phonekretchy|(:
|
|t:|1750797880
|switch|p2a: Kyogre|Kyogre, L50|100/100
|-weather|RainDance|[from] ability: Drizzle|[of] p2a: Kyogre
|turn|3
|c|☆phonekretchy|GAAAAAAMBLING TIME
|inactive|Battle timer is ON: inactive players will automatically lose when time's up. (requested by phonekretchy)
|c|☆phonekretchy|will i hit the jackpot ?
|
|t:|1750797939
|move|p1a: Calyrex|Protect|p1a: Calyrex
|-singleturn|p1a: Calyrex|Protect
|move|p2b: Grimmsnarl|Reflect|p2b: Grimmsnarl
|-sidestart|p2: Asuraagni|Reflect
|move|p1b: Abomasnow|Sheer Cold|p2a: Kyogre|[miss]
|-miss|p1b: Abomasnow|p2a: Kyogre
|move|p2a: Kyogre|Origin Pulse|p1a: Calyrex|[spread] 
|-activate|p1a: Calyrex|move: Protect
|-miss|p2a: Kyogre|p1b: Abomasnow
|
|-weather|RainDance|[upkeep]
|upkeep
|turn|4
|c|☆phonekretchy|Nooooooo
|c|☆phonekretchy|gambling part 2!!!!
|inactive|Asuraagni has 30 seconds left.
|c|☆Asuraagni|Lol
|inactive|Asuraagni has 20 seconds left.
|inactive|Asuraagni has 15 seconds left.
|inactive|Asuraagni has 10 seconds left.
|
|t:|1750797989
|move|p1a: Calyrex|Glacial Lance|p2b: Grimmsnarl|[spread] p2a,p2b
|-resisted|p2a: Kyogre
|-damage|p2a: Kyogre|49/100
|-damage|p2b: Grimmsnarl|0 fnt
|faint|p2b: Grimmsnarl
|-ability|p1a: Calyrex|Chilling Neigh|boost
|-boost|p1a: Calyrex|atk|1
|move|p1b: Abomasnow|Sheer Cold|p2a: Kyogre|[miss]
|-miss|p1b: Abomasnow|p2a: Kyogre
|move|p2a: Kyogre|Origin Pulse|p1a: Calyrex|[spread] p1a,p1b
|-supereffective|p1a: Calyrex
|-resisted|p1b: Abomasnow
|-damage|p1a: Calyrex|0 fnt
|-damage|p1b: Abomasnow|73/100
|faint|p1a: Calyrex
|-damage|p2a: Kyogre|39/100|[from] item: Life Orb
|
|-weather|RainDance|[upkeep]
|upkeep
|c|☆phonekretchy|gambling ain’t working what should i do
|
|t:|1750798011
|switch|p1a: Incineroar|Incineroar, L50, F|100/100
|switch|p2b: Urshifu|Urshifu-Rapid-Strike, L50, F|100/100
|-ability|p1a: Incineroar|Intimidate|boost
|-unboost|p2a: Kyogre|atk|1
|-unboost|p2b: Urshifu|atk|1
|turn|5
|
|t:|1750798027
|move|p1a: Incineroar|Fake Out|p2b: Urshifu
|-activate|p2b: Urshifu|move: Psychic Terrain
|move|p1b: Abomasnow|Sheer Cold|p2a: Kyogre|[miss]
|-miss|p1b: Abomasnow|p2a: Kyogre
|move|p2a: Kyogre|Origin Pulse|p1b: Abomasnow|[spread] p1a,p1b
|-supereffective|p1a: Incineroar
|-resisted|p1b: Abomasnow
|-damage|p1a: Incineroar|0 fnt
|-damage|p1b: Abomasnow|44/100
|faint|p1a: Incineroar
|-damage|p2a: Kyogre|29/100|[from] item: Life Orb
|move|p2b: Urshifu|Close Combat|p1b: Abomasnow
|-supereffective|p1b: Abomasnow
|-damage|p1b: Abomasnow|0 fnt
|-unboost|p2b: Urshifu|def|1
|-unboost|p2b: Urshifu|spd|1
|faint|p1b: Abomasnow
|
|-weather|RainDance|[upkeep]
|-fieldend|move: Trick Room
|-fieldend|move: Psychic Terrain
|upkeep
|c|☆phonekretchy|99% of gamblers quit before they hit big
|c|☆phonekretchy|oh oopsi
|c|☆Asuraagni|Sry bud
|
|t:|1750798046
|switch|p1a: Miraidon|Miraidon, L50|100/100
|-fieldstart|move: Electric Terrain|[from] ability: Hadron Engine|[of] p1a: Miraidon
|turn|6
|c|☆phonekretchy|dw
|
|t:|1750798060
|move|p2b: Urshifu|Close Combat|p1a: Miraidon
|-damage|p1a: Miraidon|68/100
|-unboost|p2b: Urshifu|def|1
|-unboost|p2b: Urshifu|spd|1
|move|p1a: Miraidon|Electro Drift|p2b: Urshifu
|-supereffective|p2b: Urshifu
|-damage|p2b: Urshifu|0 fnt
|faint|p2b: Urshifu
|move|p2a: Kyogre|Ice Beam|p1a: Miraidon
|-supereffective|p1a: Miraidon
|-damage|p1a: Miraidon|8/100
|-damage|p2a: Kyogre|19/100|[from] item: Life Orb
|
|-weather|RainDance|[upkeep]
|upkeep
|turn|7
|c|☆phonekretchy|i chose this move
|c|☆phonekretchy|knowing the consequences
|c|☆Asuraagni|Gg
|c|☆phonekretchy|ggs
|inactive|Asuraagni has 30 seconds left.
|inactive|Asuraagni has 20 seconds left.
|inactive|Asuraagni has 15 seconds left.
|inactive|Asuraagni has 10 seconds left.
|
|t:|1750798107
|-terastallize|p2a: Kyogre|Water
|move|p1a: Miraidon|Electro Drift|p2a: Kyogre
|-supereffective|p2a: Kyogre
|-damage|p2a: Kyogre|0 fnt
|faint|p2a: Kyogre
|
|win|phonekretchy
|raw|phonekretchy's rating: 1287 &rarr; <strong>1318</strong><br />(+31 for winning)
|raw|Asuraagni's rating: 1368 &rarr; <strong>1343</strong><br />(-25 for losing)
|l|☆phonekretchy
|player|p1|
|l|☆Asuraagni
|player|p2|
