|j|☆xoBUSox
|j|☆Serbol03
|t:|1750870470
|gametype|doubles
|player|p1|xoBUSox|birdkeeper|1159
|player|p2|Serbol03|giovanni|1244
|teamsize|p1|6
|teamsize|p2|6
|gen|9
|tier|[Gen 9] VGC 2025 Reg I
|rated|
|rule|Species Clause: Limit one of each Pokémon
|rule|Item Clause: Limit 1 of each item
|clearpoke
|poke|p1|Kyogre, L50|
|poke|p1|Zacian-*, L50|
|poke|p1|Incineroar, L50, F|
|poke|p1|Whimsicott, L50, F|
|poke|p1|Moltres-Galar, L50|
|poke|p1|Raichu, L50, F|
|poke|p2|Miraidon, L50|
|poke|p2|Lunala, L50|
|poke|p2|Urshifu-*, L50, F|
|poke|p2|Whimsicott, L50, M|
|poke|p2|Iron Hands, L50|
|poke|p2|Incineroar, L50, M|
|teampreview|4
|inactive|Battle timer is ON: inactive players will automatically lose when time's up. (requested by Serbol03)
|
|t:|1750870507
|start
|switch|p1a: Moltres|Moltres-Galar, L50|100/100
|switch|p1b: Zacian|Zacian-Crowned, L50|100/100
|switch|p2a: Urshifu|Urshifu-Rapid-Strike, L50, F|100/100
|switch|p2b: Whimsicott|Whimsicott, L50, M|100/100
|-ability|p1b: Zacian|Intrepid Sword|boost
|-boost|p1b: Zacian|atk|1
|turn|1
|
|t:|1750870528
|switch|p1a: Incineroar|Incineroar, L50, F|100/100
|-ability|p1a: Incineroar|Intimidate|boost
|-unboost|p2a: Urshifu|atk|1
|-unboost|p2b: Whimsicott|atk|1
|-terastallize|p2a: Urshifu|Water
|move|p2b: Whimsicott|Tailwind|p2b: Whimsicott
|-sidestart|p2: Serbol03|move: Tailwind
|move|p2a: Urshifu|Surging Strikes|p1b: Zacian
|-crit|p1b: Zacian
|-damage|p1b: Zacian|62/100
|-crit|p1b: Zacian
|-damage|p1b: Zacian|23/100
|-crit|p1b: Zacian
|-damage|p1b: Zacian|0 fnt
|faint|p1b: Zacian
|-hitcount|p1: Zacian|3
|
|upkeep
|
|t:|1750870543
|switch|p1b: Moltres|Moltres-Galar, L50|100/100
|turn|2
|
|t:|1750870565
|switch|p2b: Miraidon|Miraidon, L50|100/100
|-fieldstart|move: Electric Terrain|[from] ability: Hadron Engine|[of] p2b: Miraidon
|switch|p2a: Incineroar|Incineroar, L50, M|100/100
|-ability|p2a: Incineroar|Intimidate|boost
|-unboost|p1a: Incineroar|atk|1
|-unboost|p1b: Moltres|atk|1
|move|p1a: Incineroar|Fake Out|p2a: Incineroar
|-damage|p2a: Incineroar|93/100
|move|p1b: Moltres|Fiery Wrath|p2a: Incineroar|[spread] p2a,p2b
|-resisted|p2a: Incineroar
|-damage|p2a: Incineroar|77/100
|-damage|p2b: Miraidon|70/100
|
|upkeep
|turn|3
|inactive|xoBUSox has 30 seconds left.
|inactive|Serbol03 has 30 seconds left.
|
|t:|1750870597
|switch|p1b: Raichu|Raichu, L50, F|100/100
|move|p2a: Incineroar|Fake Out|p1b: Raichu
|-damage|p1b: Raichu|78/100
|move|p2b: Miraidon|Volt Switch|p1b: Raichu
|-activate|p1b: Raichu|ability: Lightning Rod
|-ability|p1b: Raichu|Lightning Rod|boost
|-boost|p1b: Raichu|spa|1
|move|p1a: Incineroar|Parting Shot|p2b: Miraidon
|-unboost|p2b: Miraidon|atk|1
|-unboost|p2b: Miraidon|spa|1
|
|t:|1750870609
|switch|p1a: Moltres|Moltres-Galar, L50|100/100|[from] Parting Shot
|
|upkeep
|turn|4
|
|t:|1750870627
|switch|p2b: Whimsicott|Whimsicott, L50, M|100/100
|move|p1a: Moltres|Protect|p1a: Moltres
|-singleturn|p1a: Moltres|Protect
|move|p1b: Raichu|Nuzzle|p2a: Incineroar
|-damage|p2a: Incineroar|69/100
|-status|p2a: Incineroar|par
|cant|p2a: Incineroar|par
|
|-sideend|p2: Serbol03|move: Tailwind
|upkeep
|turn|5
|inactive|Serbol03 has 30 seconds left.
|
|t:|1750870653
|-terastallize|p1a: Moltres|Fire
|move|p2b: Whimsicott|Encore|p1a: Moltres
|-start|p1a: Moltres|Encore
|move|p1b: Raichu|Iron Tail|p2b: Whimsicott
|-supereffective|p2b: Whimsicott
|-damage|p2b: Whimsicott|45/100
|move|p1a: Moltres|Protect|p1a: Moltres
|-singleturn|p1a: Moltres|Protect
|move|p2a: Incineroar|Knock Off|p1b: Raichu
|-damage|p1b: Raichu|0 fnt
|-enditem|p1b: Raichu|Assault Vest|[from] move: Knock Off|[of] p2a: Incineroar
|faint|p1b: Raichu
|
|upkeep
|
|t:|1750870662
|switch|p1b: Incineroar|Incineroar, L50, F|100/100
|-ability|p1b: Incineroar|Intimidate|boost
|-unboost|p2a: Incineroar|atk|1
|-unboost|p2b: Whimsicott|atk|1
|turn|6
|
|t:|1750870674
|move|p1a: Moltres|Protect||[still]
|-fail|p1a: Moltres
|move|p2b: Whimsicott|Moonblast|p1a: Moltres
|-resisted|p1a: Moltres
|-crit|p1a: Moltres
|-damage|p1a: Moltres|85/100
|move|p1b: Incineroar|Flare Blitz|p2b: Whimsicott
|-supereffective|p2b: Whimsicott
|-damage|p2b: Whimsicott|0 fnt
|faint|p2b: Whimsicott
|-damage|p1b: Incineroar|88/100|[from] Recoil
|move|p2a: Incineroar|Parting Shot|p1b: Incineroar
|-unboost|p1b: Incineroar|atk|1
|-unboost|p1b: Incineroar|spa|1
|
|t:|1750870687
|switch|p2a: Miraidon|Miraidon, L50|70/100|[from] Parting Shot
|-activate|p2a: Miraidon|ability: Hadron Engine
|
|-fieldend|move: Electric Terrain
|upkeep
|
|t:|1750870692
|switch|p2b: Urshifu|Urshifu-Rapid-Strike, L50, F, tera:Water|100/100
|turn|7
|-message|xoBUSox forfeited.
|
|win|Serbol03
|raw|xoBUSox's rating: 1159 &rarr; <strong>1140</strong><br />(-19 for losing)
|raw|Serbol03's rating: 1244 &rarr; <strong>1263</strong><br />(+19 for winning)
