|j|☆elbatracio29
|j|☆bapdabo
|t:|1750856829
|gametype|doubles
|player|p1|elbatracio29|170|1248
|player|p2|bapdabo|hugh|1241
|teamsize|p1|6
|teamsize|p2|6
|gen|9
|tier|[Gen 9] VGC 2025 Reg I
|rated|
|rule|Species Clause: Limit one of each Pokémon
|rule|Item Clause: Limit 1 of each item
|clearpoke
|poke|p1|Urshifu-*, L50, F|
|poke|p1|Regieleki, L50|
|poke|p1|Miraidon, L50|
|poke|p1|Zamazenta-*, L50|
|poke|p1|Whimsicott, L50, M|
|poke|p1|Iron Jugulis, L50|
|poke|p2|Palafin, L50, M|
|poke|p2|Raichu-Alola, L50, F|
|poke|p2|Lugia, L50|
|poke|p2|Zacian-*, L50|
|poke|p2|Kingambit, L50, M|
|poke|p2|Politoed, L50, M|
|teampreview|4
|inactive|Battle timer is ON: inactive players will automatically lose when time's up. (requested by elbatracio29)
|inactive|elbatracio29 has 60 seconds left.
|inactive|bapdabo has 60 seconds left.
bapdabo rejected open team sheets.
|inactive|elbatracio29 has 30 seconds left.
|inactive|elbatracio29 has 20 seconds left.
|inactive|elbatracio29 has 15 seconds left.
|
|t:|1750856908
|start
|switch|p1a: Miraidon|Miraidon, L50|100/100
|switch|p1b: Regieleki|Regieleki, L50|100/100
|switch|p2a: Palafin|Palafin, L50, M|100/100
|switch|p2b: Kingambit|Kingambit, L50, M|100/100
|-fieldstart|move: Electric Terrain|[from] ability: Hadron Engine|[of] p1a: Miraidon
|turn|1
|
|t:|1750856929
|move|p2a: Palafin|Jet Punch|p1b: Regieleki
|-damage|p1b: Regieleki|27/100
|move|p2b: Kingambit|Sucker Punch|p1b: Regieleki
|-damage|p1b: Regieleki|0 fnt
|faint|p1b: Regieleki
|move|p1a: Miraidon|Draco Meteor|p2a: Palafin
|-damage|p2a: Palafin|0 fnt
|-unboost|p1a: Miraidon|spa|2
|faint|p2a: Palafin
|-damage|p1a: Miraidon|91/100|[from] item: Life Orb
|
|upkeep
|
|t:|1750856941
|switch|p1b: Urshifu|Urshifu-Rapid-Strike, L50, F|100/100
|switch|p2a: Lugia|Lugia, L50|100/100
|turn|2
|
|t:|1750856958
|switch|p1a: Iron Jugulis|Iron Jugulis, L50|100/100
|-activate|p1a: Iron Jugulis|ability: Quark Drive
|-start|p1a: Iron Jugulis|quarkdrivespa
|move|p2b: Kingambit|Sucker Punch|p1b: Urshifu
|-resisted|p1b: Urshifu
|-damage|p1b: Urshifu|79/100
|move|p1b: Urshifu|U-turn|p2a: Lugia
|-damage|p2a: Lugia|90/100
|
|t:|1750856964
|switch|p1b: Miraidon|Miraidon, L50|91/100|[from] U-turn
|-activate|p1b: Miraidon|ability: Hadron Engine
|move|p2a: Lugia|Aeroblast|p1b: Miraidon
|-resisted|p1b: Miraidon
|-damage|p1b: Miraidon|72/100
|
|upkeep
|turn|3
|
|t:|1750856982
|-terastallize|p2a: Lugia|Ground
|move|p1b: Miraidon|Protect|p1b: Miraidon
|-singleturn|p1b: Miraidon|Protect
|move|p2b: Kingambit|Sucker Punch||[still]
|-fail|p2b: Kingambit
|move|p1a: Iron Jugulis|Snarl|p2b: Kingambit|[spread] p2a,p2b
|-resisted|p2b: Kingambit
|-damage|p2a: Lugia|72/100
|-damage|p2b: Kingambit|92/100
|-unboost|p2a: Lugia|spa|1
|-unboost|p2b: Kingambit|spa|1
|-ability|p2b: Kingambit|Defiant|boost
|-boost|p2b: Kingambit|atk|2
|move|p2a: Lugia|Earth Power|p1b: Miraidon
|-activate|p1b: Miraidon|move: Protect
|
|upkeep
|turn|4
|inactive|elbatracio29 has 30 seconds left.
|
|t:|1750857009
|switch|p2a: Zacian|Zacian-Crowned, L50|100/100
|-ability|p2a: Zacian|Intrepid Sword|boost
|-boost|p2a: Zacian|atk|1
|move|p2b: Kingambit|Sucker Punch|p1b: Miraidon
|-damage|p1b: Miraidon|0 fnt
|faint|p1b: Miraidon
|move|p1a: Iron Jugulis|Snarl|p2b: Kingambit|[spread] p2a,p2b
|-resisted|p2a: Zacian
|-resisted|p2b: Kingambit
|-damage|p2a: Zacian|87/100
|-damage|p2b: Kingambit|84/100
|-unboost|p2a: Zacian|spa|1
|-unboost|p2b: Kingambit|spa|1
|-ability|p2b: Kingambit|Defiant|boost
|-boost|p2b: Kingambit|atk|2
|
|upkeep
|
|t:|1750857011
|switch|p1b: Urshifu|Urshifu-Rapid-Strike, L50, F|79/100
|turn|5
|inactive|elbatracio29 has 30 seconds left.
|
|t:|1750857044
|move|p2b: Kingambit|Sucker Punch|p1b: Urshifu
|-resisted|p1b: Urshifu
|-damage|p1b: Urshifu|21/100
|move|p1b: Urshifu|Surging Strikes|p2a: Zacian
|-crit|p2a: Zacian
|-damage|p2a: Zacian|66/100
|-crit|p2a: Zacian
|-damage|p2a: Zacian|43/100
|-crit|p2a: Zacian
|-damage|p2a: Zacian|23/100
|-hitcount|p2a: Zacian|3
|move|p2a: Zacian|Behemoth Blade|p1a: Iron Jugulis
|-enditem|p1a: Iron Jugulis|Focus Sash
|-damage|p1a: Iron Jugulis|1/100
|move|p1a: Iron Jugulis|Hurricane|p2a: Zacian|[miss]
|-miss|p1a: Iron Jugulis|p2a: Zacian
|
|-fieldend|move: Electric Terrain
|-end|p1a: Iron Jugulis|Quark Drive
|upkeep
|turn|6
|c|☆elbatracio29|had to miss
|-message|elbatracio29 forfeited.
|
|win|bapdabo
|raw|elbatracio29's rating: 1248 &rarr; <strong>1222</strong><br />(-26 for losing)
|raw|bapdabo's rating: 1241 &rarr; <strong>1267</strong><br />(+26 for winning)
|l|☆elbatracio29
|player|p1|
|c|☆bapdabo|so
|l|☆bapdabo
|player|p2|
