|j|☆jazz hansd
|j|☆mega6816
|t:|1750874934
|gametype|doubles
|player|p1|jazz hansd|2|1111
|player|p2|mega6816|gambler|1081
|teamsize|p1|6
|teamsize|p2|6
|gen|9
|tier|[Gen 9] VGC 2025 Reg I
|rated|
|rule|Species Clause: Limit one of each Pokémon
|rule|Item Clause: Limit 1 of each item
|clearpoke
|poke|p1|Calyrex-Shadow, L50|
|poke|p1|Incineroar, L50, M|
|poke|p1|Koraidon, L50|
|poke|p1|Annihilape, L50, M|
|poke|p1|Ogerpon-Cornerstone, L50, F|
|poke|p1|Heatran, L50, M|
|poke|p2|Incineroar, L50, F|
|poke|p2|Urshifu-*, L50, M|
|poke|p2|Miraidon, L50|
|poke|p2|Calyrex-Shadow, L50|
|poke|p2|Rillaboom, L50, F|
|poke|p2|Grimmsnarl, L50, M|
|teampreview|4
|inactive|Battle timer is ON: inactive players will automatically lose when time's up. (requested by mega6816)
jazz hansd rejected open team sheets.
|inactive|jazz hansd has 60 seconds left.
|
|t:|1750874974
|start
|switch|p1a: Incineroar|Incineroar, L50, M|100/100
|switch|p1b: Calyrex|Calyrex-Shadow, L50|100/100
|switch|p2a: Calyrex|Calyrex-Shadow, L50|100/100
|switch|p2b: Urshifu|Urshifu-Rapid-Strike, L50, M|100/100
|-ability|p1b: Calyrex|As One
|-ability|p1b: Calyrex|Unnerve
|-ability|p2a: Calyrex|As One
|-ability|p2a: Calyrex|Unnerve
|-ability|p1a: Incineroar|Intimidate|boost
|-unboost|p2a: Calyrex|atk|1
|-unboost|p2b: Urshifu|atk|1
|turn|1
|inactive|jazz hansd has 30 seconds left.
|inactive|jazz hansd has 20 seconds left.
|inactive|jazz hansd has 15 seconds left.
|inactive|jazz hansd has 10 seconds left.
|inactive|jazz hansd has 5 seconds left.
|
|t:|1750875027
|-terastallize|p1b: Calyrex|Ghost
|move|p2a: Calyrex|Protect|p2a: Calyrex
|-singleturn|p2a: Calyrex|Protect
|move|p1a: Incineroar|Fake Out|p2b: Urshifu
|-damage|p2b: Urshifu|91/100
|cant|p2b: Urshifu|flinch
|move|p1b: Calyrex|Astral Barrage|p2b: Urshifu|[spread] p2b
|-activate|p2a: Calyrex|move: Protect
|-damage|p2b: Urshifu|0 fnt
|faint|p2b: Urshifu
|-ability|p1b: Calyrex|Grim Neigh|boost
|-boost|p1b: Calyrex|spa|1
|
|upkeep
|
|t:|1750875038
|switch|p2b: Miraidon|Miraidon, L50|100/100
|-fieldstart|move: Electric Terrain|[from] ability: Hadron Engine|[of] p2b: Miraidon
|turn|2
|inactive|jazz hansd has 30 seconds left.
|inactive|jazz hansd has 20 seconds left.
|
|t:|1750875075
|-terastallize|p2a: Calyrex|Ghost
|move|p1b: Calyrex|Protect|p1b: Calyrex
|-singleturn|p1b: Calyrex|Protect
|move|p2a: Calyrex|Astral Barrage|p1b: Calyrex|[spread] p1a
|-activate|p1b: Calyrex|move: Protect
|-resisted|p1a: Incineroar
|-damage|p1a: Incineroar|80/100
|move|p2b: Miraidon|Volt Switch|p1b: Calyrex
|-activate|p1b: Calyrex|move: Protect
|move|p1a: Incineroar|U-turn|p2b: Miraidon
|-damage|p2b: Miraidon|81/100
|
|t:|1750875093
|switch|p1a: Koraidon|Koraidon, L50|100/100|[from] U-turn
|-weather|SunnyDay|[from] ability: Orichalcum Pulse|[of] p1a: Koraidon
|-activate|p1a: Koraidon|Orichalcum Pulse|[source]
|
|-weather|SunnyDay|[upkeep]
|upkeep
|turn|3
|
|t:|1750875110
|move|p1b: Calyrex|Astral Barrage|p2b: Miraidon|[spread] p2a,p2b
|-supereffective|p2a: Calyrex
|-enditem|p2a: Calyrex|Focus Sash
|-damage|p2a: Calyrex|1/100
|-damage|p2b: Miraidon|0 fnt
|faint|p2b: Miraidon
|-ability|p1b: Calyrex|Grim Neigh|boost
|-boost|p1b: Calyrex|spa|1
|move|p2a: Calyrex|Astral Barrage|p1a: Koraidon|[spread] p1a,p1b
|-supereffective|p1b: Calyrex
|-damage|p1a: Koraidon|24/100
|-enditem|p1b: Calyrex|Focus Sash
|-damage|p1b: Calyrex|1/100
|move|p1a: Koraidon|Close Combat|p2a: Calyrex
|-immune|p2a: Calyrex
|
|-weather|SunnyDay|[upkeep]
|upkeep
|
|t:|1750875123
|switch|p2b: Incineroar|Incineroar, L50, F|100/100
|-ability|p2b: Incineroar|Intimidate|boost
|-unboost|p1a: Koraidon|atk|1
|-unboost|p1b: Calyrex|atk|1
|turn|4
|inactive|jazz hansd has 30 seconds left.
|inactive|jazz hansd has 20 seconds left.
|inactive|jazz hansd has 15 seconds left.
|
|t:|1750875167
|switch|p1a: Ogerpon|Ogerpon-Cornerstone, L50, F|100/100
|move|p2a: Calyrex|Protect|p2a: Calyrex
|-singleturn|p2a: Calyrex|Protect
|move|p1b: Calyrex|Astral Barrage|p2a: Calyrex|[spread] p2b
|-activate|p2a: Calyrex|move: Protect
|-resisted|p2b: Incineroar
|-damage|p2b: Incineroar|27/100
|move|p2b: Incineroar|Knock Off|p1b: Calyrex
|-supereffective|p1b: Calyrex
|-damage|p1b: Calyrex|0 fnt
|faint|p1b: Calyrex
|
|-weather|SunnyDay|[upkeep]
|upkeep
|
|t:|1750875180
|switch|p1b: Incineroar|Incineroar, L50, M|80/100
|-ability|p1b: Incineroar|Intimidate|boost
|-unboost|p2a: Calyrex|atk|1
|-unboost|p2b: Incineroar|atk|1
|turn|5
|inactive|jazz hansd has 30 seconds left.
|
|t:|1750875207
|move|p1b: Incineroar|Fake Out|p2b: Incineroar
|-damage|p2b: Incineroar|19/100
|-damage|p1b: Incineroar|64/100|[from] item: Rocky Helmet|[of] p2b: Incineroar
|move|p2a: Calyrex|Astral Barrage|p1b: Incineroar|[spread] p1a,p1b
|-resisted|p1b: Incineroar
|-damage|p1a: Ogerpon|13/100
|-damage|p1b: Incineroar|41/100
|move|p1a: Ogerpon|U-turn|p2a: Calyrex
|-resisted|p2a: Calyrex
|-damage|p2a: Calyrex|0 fnt
|faint|p2a: Calyrex
|-message|mega6816 forfeited.
|
|win|jazz hansd
|raw|jazz hansd's rating: 1111 &rarr; <strong>1134</strong><br />(+23 for winning)
|raw|mega6816's rating: 1081 &rarr; <strong>1061</strong><br />(-20 for losing)
|l|☆mega6816
|player|p2|
|c|☆jazz hansd|GG's
