|j|☆CarlinhosDoador
|j|☆booghost23
|t:|1750771589
|gametype|doubles
|player|p1|CarlinhosDoador|170|1265
|player|p2|booghost23|policeman-gen4|1262
|teamsize|p1|6
|teamsize|p2|6
|gen|9
|tier|[Gen 9] VGC 2025 Reg I
|rated|
|rule|Species Clause: Limit one of each Pokémon
|rule|Item Clause: Limit 1 of each item
|clearpoke
|poke|p1|Zacian-*, L50|
|poke|p1|Kyogre, L50|
|poke|p1|Urshifu-*, L50, F|
|poke|p1|Amoonguss, L50, F|
|poke|p1|Iron Hands, L50|
|poke|p1|Roaring Moon, L50|
|poke|p2|Dusclops, L50, M|
|poke|p2|Groudon, L50|
|poke|p2|Charizard, L50, M|
|poke|p2|Arcanine, L50, M|
|poke|p2|Koraidon, L50|
|poke|p2|Golem, L50, M|
|teampreview|4
|inactive|Battle timer is ON: inactive players will automatically lose when time's up. (requested by CarlinhosDoador)
booghost23 rejected open team sheets.
|
|t:|1750771624
|start
|switch|p1a: Iron Hands|Iron Hands, L50|100/100
|switch|p1b: Roaring Moon|Roaring Moon, L50|100/100
|switch|p2a: Rock ON|Golem, L50, M|100/100
|switch|p2b: Charcoal|Charizard, L50, M, shiny|100/100
|-enditem|p1b: Roaring Moon|Booster Energy
|-activate|p1b: Roaring Moon|ability: Protosynthesis|[fromitem]
|-start|p1b: Roaring Moon|protosynthesisspe
|turn|1
|inactive|booghost23 has 30 seconds left.
|
|t:|1750771655
|move|p1a: Iron Hands|Fake Out|p2a: Rock ON
|-resisted|p2a: Rock ON
|-damage|p2a: Rock ON|93/100
|move|p1b: Roaring Moon|Tailwind|p1b: Roaring Moon
|-sidestart|p1: CarlinhosDoador|move: Tailwind
|move|p2b: Charcoal|Heat Wave|p1a: Iron Hands|[spread] p1b
|-miss|p2b: Charcoal|p1a: Iron Hands
|-resisted|p1b: Roaring Moon
|-damage|p1b: Roaring Moon|81/100
|-damage|p2b: Charcoal|91/100|[from] item: Life Orb
|cant|p2a: Rock ON|flinch
|
|upkeep
|turn|2
|inactive|booghost23 has 30 seconds left.
|
|t:|1750771685
|move|p2b: Charcoal|Protect|p2b: Charcoal
|-singleturn|p2b: Charcoal|Protect
|move|p1b: Roaring Moon|Knock Off|p2b: Charcoal
|-activate|p2b: Charcoal|move: Protect
|move|p1a: Iron Hands|Low Kick|p2a: Rock ON
|-supereffective|p2a: Rock ON
|-damage|p2a: Rock ON|0 fnt
|faint|p2a: Rock ON
|
|upkeep
|
|t:|1750771695
|switch|p2a: VVulf|Arcanine, L50, M|100/100
|-ability|p2a: VVulf|Intimidate|boost
|-unboost|p1a: Iron Hands|atk|1
|-unboost|p1b: Roaring Moon|atk|1
|turn|3
|
|t:|1750771703
|switch|p2a: Ride or Die|Koraidon, L50|100/100
|-weather|SunnyDay|[from] ability: Orichalcum Pulse|[of] p2a: Ride or Die
|-activate|p2a: Ride or Die|Orichalcum Pulse|[source]
|move|p1b: Roaring Moon|Knock Off|p2b: Charcoal
|-damage|p2b: Charcoal|40/100
|-enditem|p2b: Charcoal|Life Orb|[from] move: Knock Off|[of] p1b: Roaring Moon
|move|p2b: Charcoal|Heat Wave|p1b: Roaring Moon|[spread] p1a,p1b
|-resisted|p1b: Roaring Moon
|-damage|p1a: Iron Hands|64/100
|-damage|p1b: Roaring Moon|49/100
|move|p1a: Iron Hands|Wild Charge|p2b: Charcoal
|-supereffective|p2b: Charcoal
|-damage|p2b: Charcoal|0 fnt
|faint|p2b: Charcoal
|-damage|p1a: Iron Hands|58/100|[from] Recoil
|
|-weather|SunnyDay|[upkeep]
|upkeep
|
|t:|1750771718
|switch|p2b: VVulf|Arcanine, L50, M|100/100
|-ability|p2b: VVulf|Intimidate|boost
|-unboost|p1a: Iron Hands|atk|1
|-unboost|p1b: Roaring Moon|atk|1
|turn|4
|
|t:|1750771729
|move|p1b: Roaring Moon|Acrobatics|p2a: Ride or Die
|-supereffective|p2a: Ride or Die
|-damage|p2a: Ride or Die|66/100
|move|p2a: Ride or Die|Flare Blitz|p1a: Iron Hands
|-damage|p1a: Iron Hands|0 fnt
|faint|p1a: Iron Hands
|-end|p1a: Iron Hands|Quark Drive|[silent]
|-damage|p2a: Ride or Die|40/100|[from] Recoil
|move|p2b: VVulf|Wild Charge|p1b: Roaring Moon
|-resisted|p1b: Roaring Moon
|-damage|p1b: Roaring Moon|21/100
|-damage|p2b: VVulf|93/100|[from] Recoil
|
|-weather|SunnyDay|[upkeep]
|-sideend|p1: CarlinhosDoador|move: Tailwind
|upkeep
|
|t:|1750771743
|switch|p1a: Kyogre|Kyogre, L50|100/100
|-weather|RainDance|[from] ability: Drizzle|[of] p1a: Kyogre
|turn|5
|
|t:|1750771750
|move|p2a: Ride or Die|Protect|p2a: Ride or Die
|-singleturn|p2a: Ride or Die|Protect
|move|p1b: Roaring Moon|Tailwind|p1b: Roaring Moon
|-sidestart|p1: CarlinhosDoador|move: Tailwind
|move|p1a: Kyogre|Water Spout|p2b: VVulf|[spread] p2b
|-activate|p2a: Ride or Die|move: Protect
|-supereffective|p2b: VVulf
|-damage|p2b: VVulf|0 fnt
|faint|p2b: VVulf
|
|-weather|RainDance|[upkeep]
|upkeep
|turn|6
|-message|booghost23 forfeited.
|
|win|CarlinhosDoador
|raw|CarlinhosDoador's rating: 1265 &rarr; <strong>1290</strong><br />(+25 for winning)
|raw|booghost23's rating: 1262 &rarr; <strong>1237</strong><br />(-25 for losing)
|l|☆booghost23
|player|p2|
|l|☆CarlinhosDoador
|player|p1|
