|j|☆tte - soprtd
|j|☆SYBR7
|t:|1750834567
|gametype|doubles
|player|p1|tte - soprtd|caitlin|1066
|player|p2|SYBR7|psychic-gen4|1178
|teamsize|p1|6
|teamsize|p2|6
|gen|9
|tier|[Gen 9] VGC 2025 Reg I
|rated|
|rule|Species Clause: Limit one of each Pokémon
|rule|Item Clause: Limit 1 of each item
|clearpoke
|poke|p1|Necrozma-Dusk-Mane, L50|
|poke|p1|Gothitelle, L50, M|
|poke|p1|Hatterene, L50, F|
|poke|p1|Kingambit, L50, M|
|poke|p1|Politoed, L50, F|
|poke|p1|Palkia, L50|
|poke|p2|Annihilape, L50, F|
|poke|p2|Farigiraf, L50, F|
|poke|p2|Ursaluna, L50, F|
|poke|p2|Calyrex-Ice, L50|
|poke|p2|Cresselia, L50, F|
|poke|p2|Raging Bolt, L50|
|teampreview|4
|inactive|Battle timer is ON: inactive players will automatically lose when time's up. (requested by SYBR7)
|inactive|tte - soprtd also wants the timer to be on.
|inactive|SYBR7 has 60 seconds left.
|
|t:|1750834612
|start
|switch|p1a: Necrozma|Necrozma-Dusk-Mane, L50|100/100
|switch|p1b: Gothitelle|Gothitelle, L50, M|100/100
|switch|p2a: Annihilape|Annihilape, L50, F|100/100
|switch|p2b: Ursaluna|Ursaluna, L50, F|100/100
|turn|1
|
|t:|1750834633
|switch|p1b: Kingambit|Kingambit, L50, M|100/100
|move|p2a: Annihilape|Final Gambit|p1a: Necrozma
|-damage|p1a: Necrozma|0 fnt
|faint|p2a: Annihilape
|faint|p1a: Necrozma
|move|p2b: Ursaluna|Earthquake|p1b: Kingambit
|-supereffective|p1b: Kingambit
|-damage|p1b: Kingambit|15/100
|
|-status|p2b: Ursaluna|brn|[from] item: Flame Orb
|upkeep
|
|t:|1750834655
|switch|p2a: Cresselia|Cresselia, L50, F|100/100
|switch|p1a: Gothitelle|Gothitelle, L50, M|100/100
|turn|2
|
|t:|1750834666
|move|p2a: Cresselia|Helping Hand|p2b: Ursaluna
|-singleturn|p2b: Ursaluna|Helping Hand|[of] p2a: Cresselia
|move|p1a: Gothitelle|Fake Out|p2b: Ursaluna
|-damage|p2b: Ursaluna|97/100 brn
|cant|p2b: Ursaluna|flinch
|move|p1b: Kingambit|Kowtow Cleave|p2b: Ursaluna
|-crit|p2b: Ursaluna
|-damage|p2b: Ursaluna|46/100 brn
|
|-damage|p2b: Ursaluna|40/100 brn|[from] brn
|upkeep
|turn|3
|
|t:|1750834683
|move|p1a: Gothitelle|Helping Hand|p1b: Kingambit
|-singleturn|p1b: Kingambit|Helping Hand|[of] p1a: Gothitelle
|move|p2b: Ursaluna|Protect|p2b: Ursaluna
|-singleturn|p2b: Ursaluna|Protect
|move|p1b: Kingambit|Sucker Punch||[still]
|-fail|p1b: Kingambit
|move|p2a: Cresselia|Moonblast|p1b: Kingambit
|-crit|p1b: Kingambit
|-damage|p1b: Kingambit|0 fnt
|faint|p1b: Kingambit
|
|-damage|p2b: Ursaluna|34/100 brn|[from] brn
|upkeep
|
|t:|1750834690
|switch|p1b: Hatterene|Hatterene, L50, F, shiny|100/100
|turn|4
|
|t:|1750834713
|-terastallize|p1b: Hatterene|Fairy
|move|p2a: Cresselia|Lunar Blessing|p2a: Cresselia|[spread] p2a,p2b
|-heal|p2b: Ursaluna|59/100 brn
|-curestatus|p2b: Ursaluna|brn|[msg]
|move|p2b: Ursaluna|Facade|p1b: Hatterene
|-damage|p1b: Hatterene|51/100
|move|p1a: Gothitelle|Psychic|p2b: Ursaluna
|-damage|p2b: Ursaluna|37/100
|move|p1b: Hatterene|Trick Room|p1b: Hatterene
|-fieldstart|move: Trick Room|[of] p1b: Hatterene
|
|-status|p2b: Ursaluna|brn|[from] item: Flame Orb
|upkeep
|turn|5
|
|t:|1750834731
|move|p1b: Hatterene|Dazzling Gleam|p2a: Cresselia|[spread] p2a,p2b
|-damage|p2a: Cresselia|68/100
|-damage|p2b: Ursaluna|0 fnt
|faint|p2b: Ursaluna
|-damage|p1b: Hatterene|41/100|[from] item: Life Orb
|move|p1a: Gothitelle|Taunt|p2a: Cresselia
|-start|p2a: Cresselia|move: Taunt
|-enditem|p2a: Cresselia|Mental Herb
|-end|p2a: Cresselia|move: Taunt
|move|p2a: Cresselia|Lunar Blessing|p2a: Cresselia
|-heal|p2a: Cresselia|93/100
|
|upkeep
|
|t:|1750834735
|switch|p2b: Calyrex|Calyrex-Ice, L50|100/100
|-ability|p2b: Calyrex|As One
|-ability|p2b: Calyrex|Unnerve
|turn|6
|
|t:|1750834746
|-terastallize|p2b: Calyrex|Ice
|move|p1a: Gothitelle|Helping Hand|p1b: Hatterene
|-singleturn|p1b: Hatterene|Helping Hand|[of] p1a: Gothitelle
|move|p2a: Cresselia|Helping Hand|p2b: Calyrex
|-singleturn|p2b: Calyrex|Helping Hand|[of] p2a: Cresselia
|move|p1b: Hatterene|Tera Blast|p2b: Calyrex|[anim] Tera Blast Fairy
|-damage|p2b: Calyrex|21/100
|-damage|p1b: Hatterene|32/100|[from] item: Life Orb
|move|p2b: Calyrex|Glacial Lance|p1a: Gothitelle|[spread] p1a,p1b
|-damage|p1a: Gothitelle|0 fnt
|-damage|p1b: Hatterene|0 fnt
|faint|p1a: Gothitelle
|faint|p1b: Hatterene
|
|win|SYBR7
|raw|tte - soprtd's rating: 1066 &rarr; <strong>1052</strong><br />(-14 for losing)
|raw|SYBR7's rating: 1178 &rarr; <strong>1195</strong><br />(+17 for winning)
