|j|☆falonemax
|j|☆SryI'mBusyAtWork
|t:|1750722156
|gametype|doubles
|player|p1|falonemax|266|1440
|player|p2|SryI'mBusyAtWork|kieran|1505
|teamsize|p1|6
|teamsize|p2|6
|gen|9
|tier|[Gen 9] VGC 2025 Reg I
|rated|
|rule|Species Clause: Limit one of each Pokémon
|rule|Item Clause: Limit 1 of each item
|clearpoke
|poke|p1|Calyrex-Ice, L50|
|poke|p1|Miraidon, L50|
|poke|p1|Volcarona, L50, F|
|poke|p1|Grimmsnarl, L50, M|
|poke|p1|Iron Treads, L50|
|poke|p1|Ursaluna-Bloodmoon, L50, M|
|poke|p2|Tornadus, L50, M|
|poke|p2|Calyrex-Shadow, L50|
|poke|p2|Incineroar, L50, F|
|poke|p2|Clefairy, L50, F|
|poke|p2|Grimmsnarl, L50, M|
|poke|p2|Zamazenta-*, L50|
|teampreview|4
|inactive|Battle timer is ON: inactive players will automatically lose when time's up. (requested by SryI'mBusyAtWork)
|
|t:|1750722181
|start
|switch|p1a: Grimmsnarl|Grimmsnarl, L50, M|100/100
|switch|p1b: Volcarona|Volcarona, L50, F|100/100
|switch|p2a: Grimmsnarl|Grimmsnarl, L50, M|100/100
|switch|p2b: Incineroar|Incineroar, L50, F|100/100
|-ability|p2b: Incineroar|Intimidate|boost
|-unboost|p1a: Grimmsnarl|atk|1
|-unboost|p1b: Volcarona|atk|1
|turn|1
|
|t:|1750722194
|move|p2a: Grimmsnarl|Thunder Wave|p1b: Volcarona
|-status|p1b: Volcarona|par
|move|p1a: Grimmsnarl|Spirit Break|p2a: Grimmsnarl
|-supereffective|p2a: Grimmsnarl
|-damage|p2a: Grimmsnarl|60/100
|-unboost|p2a: Grimmsnarl|spa|1
|move|p2b: Incineroar|Taunt|p1a: Grimmsnarl
|-start|p1a: Grimmsnarl|move: Taunt
|cant|p1b: Volcarona|par
|
|upkeep
|turn|2
|
|t:|1750722216
|move|p2a: Grimmsnarl|Light Screen|p2a: Grimmsnarl
|-sidestart|p2: SryI'mBusyAtWork|move: Light Screen
|move|p1a: Grimmsnarl|Spirit Break|p2a: Grimmsnarl
|-supereffective|p2a: Grimmsnarl
|-damage|p2a: Grimmsnarl|15/100
|-unboost|p2a: Grimmsnarl|spa|1
|move|p2b: Incineroar|Knock Off|p1a: Grimmsnarl
|-resisted|p1a: Grimmsnarl
|-damage|p1a: Grimmsnarl|91/100
|-enditem|p1a: Grimmsnarl|Light Clay|[from] move: Knock Off|[of] p2b: Incineroar
|move|p1b: Volcarona|Struggle Bug|p2a: Grimmsnarl|[spread] p2a,p2b
|-damage|p2a: Grimmsnarl|5/100
|-damage|p2b: Incineroar|90/100
|-unboost|p2a: Grimmsnarl|spa|1
|-unboost|p2b: Incineroar|spa|1
|
|upkeep
|turn|3
|
|t:|1750722232
|move|p2a: Grimmsnarl|Reflect|p2a: Grimmsnarl
|-sidestart|p2: SryI'mBusyAtWork|Reflect
|move|p1a: Grimmsnarl|Spirit Break|p2b: Incineroar
|-damage|p2b: Incineroar|80/100
|-unboost|p2b: Incineroar|spa|1
|move|p2b: Incineroar|Parting Shot|p1b: Volcarona
|-unboost|p1b: Volcarona|atk|1
|-unboost|p1b: Volcarona|spa|1
|
|t:|1750722245
|switch|p2b: Zamazenta|Zamazenta-Crowned, L50|100/100|[from] Parting Shot
|-ability|p2b: Zamazenta|Dauntless Shield|boost
|-boost|p2b: Zamazenta|def|1
|move|p1b: Volcarona|Struggle Bug|p2a: Grimmsnarl|[spread] p2a,p2b
|-resisted|p2b: Zamazenta
|-crit|p2b: Zamazenta
|-damage|p2a: Grimmsnarl|0 fnt
|-damage|p2b: Zamazenta|96/100
|-unboost|p2b: Zamazenta|spa|1
|faint|p2a: Grimmsnarl
|
|upkeep
|
|t:|1750722254
|switch|p2a: Calyrex|Calyrex-Shadow, L50|100/100
|-ability|p2a: Calyrex|As One
|-ability|p2a: Calyrex|Unnerve
|turn|4
|
|t:|1750722262
|-terastallize|p2a: Calyrex|Ghost
|move|p2a: Calyrex|Astral Barrage|p1a: Grimmsnarl|[spread] p1a,p1b
|-resisted|p1a: Grimmsnarl
|-damage|p1a: Grimmsnarl|42/100
|-damage|p1b: Volcarona|8/100 par
|move|p2b: Zamazenta|Heavy Slam|p1a: Grimmsnarl
|-supereffective|p1a: Grimmsnarl
|-damage|p1a: Grimmsnarl|0 fnt
|faint|p1a: Grimmsnarl
|cant|p1b: Volcarona|par
|
|upkeep
|
|t:|1750722271
|switch|p1a: Calyrex|Calyrex-Ice, L50|100/100
|-ability|p1a: Calyrex|As One
|-ability|p1a: Calyrex|Unnerve
|turn|5
|
|t:|1750722292
|move|p2a: Calyrex|Astral Barrage|p1b: Volcarona|[spread] p1a,p1b
|-supereffective|p1a: Calyrex
|-damage|p1a: Calyrex|0 fnt
|-damage|p1b: Volcarona|0 fnt
|faint|p1a: Calyrex
|faint|p1b: Volcarona
|-ability|p2a: Calyrex|Grim Neigh|boost
|-boost|p2a: Calyrex|spa|2
|move|p2b: Zamazenta|Body Press|p1: Calyrex|[notarget]
|-fail|p2b: Zamazenta
|
|upkeep
|
|t:|1750722297
|switch|p1b: Miraidon|Miraidon, L50|100/100
|-fieldstart|move: Electric Terrain|[from] ability: Hadron Engine|[of] p1b: Miraidon
|turn|6
|
|t:|1750722309
|move|p2a: Calyrex|Astral Barrage|p1b: Miraidon
|-damage|p1b: Miraidon|0 fnt
|faint|p1b: Miraidon
|
|win|SryI'mBusyAtWork
|raw|falonemax's rating: 1440 &rarr; <strong>1424</strong><br />(-16 for losing)
|raw|SryI&apos;mBusyAtWork's rating: 1505 &rarr; <strong>1521</strong><br />(+16 for winning)
