|j|☆MadeOutOfCake
|j|☆mpds44
|t:|1750842259
|gametype|doubles
|player|p1|MadeOutOfCake|rosa|1274
|player|p2|mpds44|170|1296
|teamsize|p1|6
|teamsize|p2|6
|gen|9
|tier|[Gen 9] VGC 2025 Reg I
|rated|
|rule|Species Clause: Limit one of each Pokémon
|rule|Item Clause: Limit 1 of each item
|clearpoke
|poke|p1|Koraidon, L50|
|poke|p1|Indeedee, L50, M|
|poke|p1|Lunala, L50|
|poke|p1|Raging Bolt, L50|
|poke|p1|Flutter Mane, L50|
|poke|p1|Ogerpon-Cornerstone, L50, F|
|poke|p2|Calyrex-Shadow, L50|
|poke|p2|Zamazenta-*, L50|
|poke|p2|Incineroar, L50, M|
|poke|p2|Rillaboom, L50, F|
|poke|p2|Urshifu-*, L50, M|
|poke|p2|Raging Bolt, L50|
|teampreview|4
|
|t:|1750842291
|start
|switch|p1a: Indeedee|Indeedee, L50, M|100/100
|switch|p1b: Lunala|Lunala, L50, shiny|100/100
|switch|p2a: Calyrex|Calyrex-Shadow, L50|100/100
|switch|p2b: Incineroar|Incineroar, L50, M|100/100
|-ability|p2a: Calyrex|As One
|-ability|p2a: Calyrex|Unnerve
|-fieldstart|move: Psychic Terrain|[from] ability: Psychic Surge|[of] p1a: Indeedee
|-ability|p2b: Incineroar|Intimidate|boost
|-unboost|p1a: Indeedee|atk|1
|-unboost|p1b: Lunala|atk|1
|turn|1
|
|t:|1750842331
|-terastallize|p2a: Calyrex|Fairy
|move|p1b: Lunala|Protect|p1b: Lunala
|-singleturn|p1b: Lunala|Protect
|move|p2a: Calyrex|Nasty Plot|p2a: Calyrex
|-boost|p2a: Calyrex|spa|2
|move|p2b: Incineroar|Knock Off|p1b: Lunala
|-activate|p1b: Lunala|move: Protect
|move|p1a: Indeedee|Trick Room|p1a: Indeedee
|-fieldstart|move: Trick Room|[of] p1a: Indeedee
|
|upkeep
|turn|2
|j| bethalyn
|
|t:|1750842359
|move|p2b: Incineroar|Knock Off|p1b: Lunala
|-supereffective|p1b: Lunala
|-damage|p1b: Lunala|36/100
|-enditem|p1b: Lunala|Power Herb|[from] move: Knock Off|[of] p2b: Incineroar
|move|p1b: Lunala|Expanding Force|p2a: Calyrex|[spread] p2a
|-immune|p2b: Incineroar
|-damage|p2a: Calyrex|27/100
|move|p1a: Indeedee|Expanding Force|p2b: Incineroar|[spread] p2a
|-immune|p2b: Incineroar
|-damage|p2a: Calyrex|0 fnt
|faint|p2a: Calyrex
|
|upkeep
|
|t:|1750842370
|switch|p2a: Rillaboom|Rillaboom, L50, F|100/100
|-fieldstart|move: Grassy Terrain|[from] ability: Grassy Surge|[of] p2a: Rillaboom
|turn|3
|
|t:|1750842386
|move|p1b: Lunala|Protect|p1b: Lunala
|-singleturn|p1b: Lunala|Protect
|move|p2a: Rillaboom|Fake Out|p1a: Indeedee
|-damage|p1a: Indeedee|73/100
|move|p2b: Incineroar|Knock Off|p1b: Lunala
|-activate|p1b: Lunala|move: Protect
|cant|p1a: Indeedee|flinch
|
|-heal|p1b: Lunala|42/100|[from] Grassy Terrain
|-heal|p1a: Indeedee|79/100|[from] Grassy Terrain
|upkeep
|turn|4
|
|t:|1750842410
|switch|p1b: Koraidon|Koraidon, L50|100/100
|-weather|SunnyDay|[from] ability: Orichalcum Pulse|[of] p1b: Koraidon
|-activate|p1b: Koraidon|Orichalcum Pulse|[source]
|move|p2b: Incineroar|Knock Off|p1b: Koraidon
|-resisted|p1b: Koraidon
|-damage|p1b: Koraidon|85/100
|-enditem|p1b: Koraidon|Life Orb|[from] move: Knock Off|[of] p2b: Incineroar
|move|p2a: Rillaboom|U-turn|p1a: Indeedee
|-supereffective|p1a: Indeedee
|-crit|p1a: Indeedee
|-damage|p1a: Indeedee|0 fnt
|faint|p1a: Indeedee
|
|t:|1750842421
|switch|p2a: Raging Bolt|Raging Bolt, L50|100/100|[from] U-turn
|-activate|p2a: Raging Bolt|ability: Protosynthesis
|-start|p2a: Raging Bolt|protosynthesisspa
|
|-weather|SunnyDay|[upkeep]
|-heal|p1b: Koraidon|91/100|[from] Grassy Terrain
|upkeep
|
|t:|1750842426
|switch|p1a: Flutter Mane|Flutter Mane, L50|100/100
|-activate|p1a: Flutter Mane|ability: Protosynthesis
|-start|p1a: Flutter Mane|protosynthesisspe
|turn|5
|
|t:|1750842438
|move|p1b: Koraidon|Protect|p1b: Koraidon
|-singleturn|p1b: Koraidon|Protect
|move|p1a: Flutter Mane|Protect|p1a: Flutter Mane
|-singleturn|p1a: Flutter Mane|Protect
|move|p2b: Incineroar|Knock Off|p1a: Flutter Mane
|-activate|p1a: Flutter Mane|move: Protect
|move|p2a: Raging Bolt|Draco Meteor|p1b: Koraidon
|-activate|p1b: Koraidon|move: Protect
|
|-weather|SunnyDay|[upkeep]
|-heal|p1b: Koraidon|96/100|[from] Grassy Terrain
|-fieldend|move: Trick Room
|upkeep
|turn|6
|
|t:|1750842456
|move|p2a: Raging Bolt|Protect|p2a: Raging Bolt
|-singleturn|p2a: Raging Bolt|Protect
|move|p1a: Flutter Mane|Moonblast|p2a: Raging Bolt
|-activate|p2a: Raging Bolt|move: Protect
|move|p1b: Koraidon|Close Combat|p2b: Incineroar
|-supereffective|p2b: Incineroar
|-damage|p2b: Incineroar|0 fnt
|-unboost|p1b: Koraidon|def|1
|-unboost|p1b: Koraidon|spd|1
|-damage|p1b: Koraidon|80/100|[from] item: Rocky Helmet|[of] p2b: Incineroar
|faint|p2b: Incineroar
|
|-weather|SunnyDay|[upkeep]
|-heal|p1b: Koraidon|86/100|[from] Grassy Terrain
|upkeep
|
|t:|1750842464
|switch|p2b: Rillaboom|Rillaboom, L50, F|100/100
|turn|7
|
|t:|1750842475
|move|p1b: Koraidon|Protect|p1b: Koraidon
|-singleturn|p1b: Koraidon|Protect
|move|p2b: Rillaboom|Fake Out|p1b: Koraidon
|-activate|p1b: Koraidon|move: Protect
|move|p1a: Flutter Mane|Moonblast|p2a: Raging Bolt
|-supereffective|p2a: Raging Bolt
|-damage|p2a: Raging Bolt|7/100
|move|p2a: Raging Bolt|Draco Meteor|p1b: Koraidon
|-activate|p1b: Koraidon|move: Protect
|
|-weather|SunnyDay|[upkeep]
|-heal|p1b: Koraidon|91/100|[from] Grassy Terrain
|-heal|p2a: Raging Bolt|13/100|[from] Grassy Terrain
|-fieldend|move: Grassy Terrain
|upkeep
|turn|8
|
|t:|1750842489
|move|p2a: Raging Bolt|Protect|p2a: Raging Bolt
|-singleturn|p2a: Raging Bolt|Protect
|move|p1a: Flutter Mane|Icy Wind|p2a: Raging Bolt|[spread] p2b
|-activate|p2a: Raging Bolt|move: Protect
|-supereffective|p2b: Rillaboom
|-damage|p2b: Rillaboom|83/100
|-unboost|p2b: Rillaboom|spe|1
|move|p1b: Koraidon|Flare Blitz|p2b: Rillaboom
|-supereffective|p2b: Rillaboom
|-damage|p2b: Rillaboom|0 fnt
|faint|p2b: Rillaboom
|-damage|p1b: Koraidon|59/100|[from] Recoil
|
|-weather|none
|-end|p1a: Flutter Mane|Protosynthesis
|-end|p2a: Raging Bolt|Protosynthesis
|upkeep
|-enditem|p1a: Flutter Mane|Booster Energy
|-activate|p1a: Flutter Mane|ability: Protosynthesis|[fromitem]
|-start|p1a: Flutter Mane|protosynthesisspe
|-enditem|p2a: Raging Bolt|Booster Energy
|-activate|p2a: Raging Bolt|ability: Protosynthesis|[fromitem]
|-start|p2a: Raging Bolt|protosynthesisspa
|turn|9
|-message|mpds44 forfeited.
|
|win|MadeOutOfCake
|raw|MadeOutOfCake's rating: 1274 &rarr; <strong>1301</strong><br />(+27 for winning)
|raw|mpds44's rating: 1296 &rarr; <strong>1269</strong><br />(-27 for losing)
|l|☆mpds44
|player|p2|
|l|☆MadeOutOfCake
|player|p1|
|l| bethalyn
