|j|☆Bougie Oatmeal
|j|☆yaasuto
|t:|1750781682
|gametype|doubles
|player|p1|Bougie Oatmeal|rowan|1449
|player|p2|yaasuto|hilbert|1564
|teamsize|p1|6
|teamsize|p2|6
|gen|9
|tier|[Gen 9] VGC 2025 Reg I
|rated|
|rule|Species Clause: Limit one of each Pokémon
|rule|Item Clause: Limit 1 of each item
|clearpoke
|poke|p1|Calyrex-Shadow, L50|
|poke|p1|Zamazenta-*, L50|
|poke|p1|Ogerpon-Wellspring, L50, F|
|poke|p1|Indeedee-F, L50, F|
|poke|p1|Incineroar, L50, M|
|poke|p1|Grimmsnarl, L50, M|
|poke|p2|Ho-Oh, L50|
|poke|p2|Eternatus, L50|
|poke|p2|Incineroar, L50, M|
|poke|p2|Rillaboom, L50, M|
|poke|p2|Toxapex, L50, F|
|poke|p2|Ting-Lu, L50|
|teampreview|4
|inactive|Battle timer is ON: inactive players will automatically lose when time's up. (requested by Bougie Oatmeal)
|inactive|yaasuto also wants the timer to be on.
|inactive|yaasuto has 60 seconds left.
|
|t:|1750781722
|start
|switch|p1a: 💪🛡️|Zamazenta-Crowned, L50|100/100
|switch|p1b: 👻🐴|Calyrex-Shadow, L50|100/100
|switch|p2a: Eternatus|Eternatus, L50|100/100
|switch|p2b: Ting-Lu|Ting-Lu, L50|100/100
|-ability|p1b: 👻🐴|As One
|-ability|p1b: 👻🐴|Unnerve
|-ability|p1a: 💪🛡️|Dauntless Shield|boost
|-boost|p1a: 💪🛡️|def|1
|-ability|p2a: Eternatus|Pressure
|-ability|p2b: Ting-Lu|Vessel of Ruin
|turn|1
|
|t:|1750781745
|switch|p2a: Ho-Oh|Ho-Oh, L50|100/100
|-terastallize|p2b: Ting-Lu|Water
|move|p1b: 👻🐴|Protect|p1b: 👻🐴
|-singleturn|p1b: 👻🐴|Protect
|move|p1a: 💪🛡️|Protect|p1a: 💪🛡️
|-singleturn|p1a: 💪🛡️|Protect
|move|p2b: Ting-Lu|Snarl|p1b: 👻🐴|[spread] 
|-activate|p1a: 💪🛡️|move: Protect
|-activate|p1b: 👻🐴|move: Protect
|
|upkeep
|turn|2
|
|t:|1750781762
|switch|p1a: Indeedee|Indeedee-F, L50, F|100/100
|-fieldstart|move: Psychic Terrain|[from] ability: Psychic Surge|[of] p1a: Indeedee
|-enditem|p1a: Indeedee|Psychic Seed
|-boost|p1a: Indeedee|spd|1|[from] item: Psychic Seed
|move|p1b: 👻🐴|Expanding Force|p2a: Ho-Oh|[spread] p2a,p2b
|-crit|p2b: Ting-Lu
|-damage|p2a: Ho-Oh|66/100
|-damage|p2b: Ting-Lu|55/100
|move|p2a: Ho-Oh|Sacred Fire|p1b: 👻🐴
|-damage|p1b: 👻🐴|41/100
|-status|p1b: 👻🐴|brn
|move|p2b: Ting-Lu|Snarl|p1a: Indeedee|[spread] p1a,p1b
|-supereffective|p1a: Indeedee
|-crit|p1a: Indeedee
|-supereffective|p1b: 👻🐴
|-damage|p1a: Indeedee|72/100
|-damage|p1b: 👻🐴|0 fnt
|-unboost|p1a: Indeedee|spa|1
|faint|p1b: 👻🐴
|
|-heal|p2b: Ting-Lu|61/100|[from] item: Leftovers
|upkeep
|
|t:|1750781768
|switch|p1b: 🌿💦|Ogerpon-Wellspring, L50, F|100/100
|turn|3
|
|t:|1750781788
|switch|p2a: Toxapex|Toxapex, L50, F|100/100
|-terastallize|p1b: 🌿💦|Water
|detailschange|p1b: 🌿💦|Ogerpon-Wellspring-Tera, L50, F, tera:Water
|-ability|p1b: 🌿💦|Embody Aspect (Wellspring)|boost
|-boost|p1b: 🌿💦|spd|1
|move|p2b: Ting-Lu|Protect|p2b: Ting-Lu
|-singleturn|p2b: Ting-Lu|Protect
|move|p1a: Indeedee|Follow Me|p1a: Indeedee
|-singleturn|p1a: Indeedee|move: Follow Me
|move|p1b: 🌿💦|Ivy Cudgel|p2a: Toxapex|[anim] Ivy Cudgel Water
|-resisted|p2a: Toxapex
|-damage|p2a: Toxapex|78/100
|
|-heal|p2b: Ting-Lu|67/100|[from] item: Leftovers
|upkeep
|turn|4
|
|t:|1750781805
|switch|p2b: Eternatus|Eternatus, L50|100/100
|-ability|p2b: Eternatus|Pressure
|move|p1a: Indeedee|Helping Hand|p1b: 🌿💦
|-singleturn|p1b: 🌿💦|Helping Hand|[of] p1a: Indeedee
|move|p1b: 🌿💦|Horn Leech|p2b: Eternatus
|-resisted|p2b: Eternatus
|-damage|p2b: Eternatus|92/100
|move|p2a: Toxapex|Toxic|p1b: 🌿💦
|-status|p1b: 🌿💦|tox
|
|-heal|p2b: Eternatus|98/100|[from] item: Black Sludge
|-damage|p1b: 🌿💦|95/100 tox|[from] psn
|upkeep
|turn|5
|-message|Bougie Oatmeal forfeited.
|
|win|yaasuto
|raw|Bougie Oatmeal's rating: 1449 &rarr; <strong>1435</strong><br />(-14 for losing)
|raw|yaasuto's rating: 1564 &rarr; <strong>1578</strong><br />(+14 for winning)
|l|☆Bougie Oatmeal
|player|p1|
|l|☆yaasuto
|player|p2|
