|j|☆le kenje
|j|☆quyencuto2
|t:|1750835086
|gametype|doubles
|player|p1|le kenje|hiker-gen4|1087
|player|p2|quyencuto2|1|1078
|teamsize|p1|6
|teamsize|p2|6
|gen|9
|tier|[Gen 9] VGC 2025 Reg I
|rated|
|rule|Species Clause: Limit one of each Pokémon
|rule|Item Clause: Limit 1 of each item
|clearpoke
|poke|p1|Pelipper, L50, F|
|poke|p1|Barraskewda, L50, M|
|poke|p1|Kilowattrel, L50, M|
|poke|p1|Clodsire, L50, M|
|poke|p1|Amoonguss, L50, M|
|poke|p1|Kingambit, L50, F|
|poke|p2|Calyrex-Ice, L50|
|poke|p2|Miraidon, L50|
|poke|p2|Iron Hands, L50|
|poke|p2|Urshifu-*, L50, F|
|poke|p2|Ogerpon-Cornerstone, L50, F|
|poke|p2|Incineroar, L50, F|
|teampreview|4
le kenje has agreed to open team sheets.
|inactive|Battle timer is ON: inactive players will automatically lose when time's up. (requested by quyencuto2)
quyencuto2 has agreed to open team sheets.
|showteam|p1|Pelipper||FocusSash|Drizzle|Hurricane,WideGuard,WeatherBall,Tailwind|||F|||50|,,,,,Water]Barraskewda||ChoiceBand|SwiftSwim|Liquidation,AquaJet,PsychicFangs,CloseCombat|||M|||50|,,,,,Water]Kilowattrel||LifeOrb|WindPower|Hurricane,Thunder,WeatherBall,Protect|||M|||50|,,,,,Water]Clodsire||AssaultVest|WaterAbsorb|PoisonJab,Liquidation,RockSlide,Earthquake|||M|||50|,,,,,Poison]Amoonguss||SitrusBerry|Regenerator|Spore,RagePowder,SludgeBomb,PollenPuff|||M|||50|,,,,,Grass]Kingambit||BlackGlasses|Defiant|SuckerPunch,KowtowCleave,IronHead,Protect|||F|||50|,,,,,Dark
|showteam|p2|Calyrex-Ice||ClearAmulet|AsOneGlastrier|GlacialLance,HighHorsepower,TrickRoom,Protect||||||50|,,,,,Fire]Miraidon||ChoiceSpecs|HadronEngine|DazzlingGleam,DracoMeteor,ElectroDrift,VoltSwitch||||||50|,,,,,Fairy]Iron Hands||AssaultVest|QuarkDrive|DrainPunch,WildCharge,LowKick,FakeOut||||||50|,,,,,Water]Urshifu-Rapid-Strike||MysticWater|UnseenFist|AquaJet,Uturn,SurgingStrikes,CloseCombat|||F|||50|,,,,,Water]Ogerpon-Cornerstone||CornerstoneMask|Sturdy|IvyCudgel,FollowMe,HornLeech,SpikyShield|||F|||50|,,,,,Rock]Incineroar||SitrusBerry|Intimidate|FakeOut,PartingShot,FlareBlitz,KnockOff|||F|||50|,,,,,Ghost
|c|☆quyencuto2|glhf
|inactive|quyencuto2 has 60 seconds left.
|
|t:|1750835121
|start
|switch|p1a: Clodsire|Clodsire, L50, M|100/100
|switch|p1b: Amoonguss|Amoonguss, L50, M|100/100
|switch|p2a: Iron Hands|Iron Hands, L50|100/100
|switch|p2b: Miraidon|Miraidon, L50|100/100
|-fieldstart|move: Electric Terrain|[from] ability: Hadron Engine|[of] p2b: Miraidon
|-activate|p2a: Iron Hands|ability: Quark Drive
|-start|p2a: Iron Hands|quarkdriveatk
|turn|1
|inactive|le kenje has 30 seconds left.
|
|t:|1750835148
|move|p2a: Iron Hands|Fake Out|p1b: Amoonguss
|-damage|p1b: Amoonguss|79/100
|move|p2b: Miraidon|Draco Meteor|p1b: Amoonguss
|-damage|p1b: Amoonguss|0 fnt
|-unboost|p2b: Miraidon|spa|2
|faint|p1b: Amoonguss
|move|p1a: Clodsire|Earthquake|p2a: Iron Hands|[spread] p2a,p2b
|-supereffective|p2a: Iron Hands
|-supereffective|p2b: Miraidon
|-damage|p2a: Iron Hands|57/100
|-damage|p2b: Miraidon|42/100
|
|upkeep
|
|t:|1750835158
|switch|p1b: Pelipper|Pelipper, L50, F|100/100
|-weather|RainDance|[from] ability: Drizzle|[of] p1b: Pelipper
|turn|2
|
|t:|1750835168
|switch|p2b: Calyrex|Calyrex-Ice, L50|100/100
|-ability|p2b: Calyrex|As One
|-ability|p2b: Calyrex|Unnerve
|-terastallize|p2a: Iron Hands|Water
|move|p1b: Pelipper|Tailwind|p1b: Pelipper
|-sidestart|p1: le kenje|move: Tailwind
|move|p1a: Clodsire|Earthquake|p2b: Calyrex|[spread] p2a,p2b
|-immune|p1b: Pelipper
|-damage|p2a: Iron Hands|34/100
|-damage|p2b: Calyrex|81/100
|move|p2a: Iron Hands|Wild Charge|p1b: Pelipper
|-supereffective|p1b: Pelipper
|-enditem|p1b: Pelipper|Focus Sash
|-damage|p1b: Pelipper|1/100
|-damage|p2a: Iron Hands|16/100|[from] Recoil
|
|-weather|RainDance|[upkeep]
|upkeep
|turn|3
|inactive|le kenje has 30 seconds left.
|
|t:|1750835196
|move|p1b: Pelipper|Weather Ball|p2b: Calyrex
|-damage|p2b: Calyrex|29/100
|move|p1a: Clodsire|Poison Jab|p2b: Calyrex
|-damage|p2b: Calyrex|5/100
|move|p2a: Iron Hands|Wild Charge|p1b: Pelipper
|-supereffective|p1b: Pelipper
|-damage|p1b: Pelipper|0 fnt
|faint|p1b: Pelipper
|-damage|p2a: Iron Hands|16/100|[from] Recoil
|move|p2b: Calyrex|Trick Room|p2b: Calyrex
|-fieldstart|move: Trick Room|[of] p2b: Calyrex
|
|-weather|RainDance|[upkeep]
|upkeep
|
|t:|1750835209
|switch|p1b: Barraskewda|Barraskewda, L50, M|100/100
|turn|4
|
|t:|1750835231
|move|p1b: Barraskewda|Aqua Jet|p2a: Iron Hands
|-resisted|p2a: Iron Hands
|-damage|p2a: Iron Hands|0 fnt
|faint|p2a: Iron Hands
|-end|p2a: Iron Hands|Quark Drive|[silent]
|move|p2b: Calyrex|Glacial Lance|p1b: Barraskewda|[spread] p1a,p1b
|-supereffective|p1a: Clodsire
|-resisted|p1b: Barraskewda
|-damage|p1a: Clodsire|0 fnt
|-damage|p1b: Barraskewda|44/100
|faint|p1a: Clodsire
|-ability|p2b: Calyrex|Chilling Neigh|boost
|-boost|p2b: Calyrex|atk|1
|
|-weather|RainDance|[upkeep]
|upkeep
|
|t:|1750835242
|switch|p2a: Urshifu|Urshifu-Rapid-Strike, L50, F|100/100
|turn|5
|
|t:|1750835248
|-terastallize|p1b: Barraskewda|Water
|move|p2b: Calyrex|Protect|p2b: Calyrex
|-singleturn|p2b: Calyrex|Protect
|move|p1b: Barraskewda|Aqua Jet|p2b: Calyrex
|-activate|p2b: Calyrex|move: Protect
|move|p2a: Urshifu|Surging Strikes|p1b: Barraskewda
|-resisted|p1b: Barraskewda
|-crit|p1b: Barraskewda
|-damage|p1b: Barraskewda|8/100
|-resisted|p1b: Barraskewda
|-crit|p1b: Barraskewda
|-damage|p1b: Barraskewda|0 fnt
|faint|p1b: Barraskewda
|-hitcount|p1: Barraskewda|2
|
|win|quyencuto2
|raw|le kenje's rating: 1087 &rarr; <strong>1063</strong><br />(-24 for losing)
|raw|quyencuto2's rating: 1078 &rarr; <strong>1107</strong><br />(+29 for winning)
|c|☆quyencuto2|gg
|l|☆le kenje
|player|p1|
|l|☆quyencuto2
|player|p2|
