|j|☆Tepig_nNz_498
|j|☆xxcaptainarchiexx
|t:|1750835435
|gametype|doubles
|player|p1|Tepig_nNz_498|102|1430
|player|p2|xxcaptainarchiexx|2|1475
|teamsize|p1|6
|teamsize|p2|6
|gen|9
|tier|[Gen 9] VGC 2025 Reg I
|rated|
|rule|Species Clause: Limit one of each Pokémon
|rule|Item Clause: Limit 1 of each item
|clearpoke
|poke|p1|Ludicolo, L50, M|
|poke|p1|Kyogre, L50|
|poke|p1|Tornadus, L50, M|
|poke|p1|Primarina, L50, F|
|poke|p1|Zacian-*, L50|
|poke|p1|Urshifu-*, L50, M|
|poke|p2|Calyrex-Ice, L50|
|poke|p2|Miraidon, L50|
|poke|p2|Grimmsnarl, L50, M|
|poke|p2|Urshifu-*, L50, M|
|poke|p2|Incineroar, L50, M|
|poke|p2|Landorus, L50, M|
|teampreview|4
|inactive|Battle timer is ON: inactive players will automatically lose when time's up. (requested by xxcaptainarchiexx)
|inactive|xxcaptainarchiexx has 60 seconds left.
|
|t:|1750835477
|start
|switch|p1a: Kyogre|Kyogre, L50|100/100
|switch|p1b: Ludicolo|Ludicolo, L50, M|100/100
|switch|p2a: Calyrex|Calyrex-Ice, L50|100/100
|switch|p2b: Grimmsnarl|Grimmsnarl, L50, M|100/100
|-ability|p2a: Calyrex|As One
|-ability|p2a: Calyrex|Unnerve
|-weather|RainDance|[from] ability: Drizzle|[of] p1a: Kyogre
|turn|1
|
|t:|1750835492
|move|p2a: Calyrex|Protect|p2a: Calyrex
|-singleturn|p2a: Calyrex|Protect
|move|p1b: Ludicolo|Fake Out|p2b: Grimmsnarl
|-damage|p2b: Grimmsnarl|94/100
|cant|p2b: Grimmsnarl|flinch
|move|p1a: Kyogre|Water Spout|p2a: Calyrex|[spread] p2b
|-activate|p2a: Calyrex|move: Protect
|-damage|p2b: Grimmsnarl|0 fnt
|faint|p2b: Grimmsnarl
|-damage|p1a: Kyogre|91/100|[from] item: Life Orb
|
|-weather|RainDance|[upkeep]
|upkeep
|
|t:|1750835502
|switch|p2b: Miraidon|Miraidon, L50|100/100
|-fieldstart|move: Electric Terrain|[from] ability: Hadron Engine|[of] p2b: Miraidon
|turn|2
|
|t:|1750835527
|move|p1b: Ludicolo|Icy Wind|p2b: Miraidon|[spread] p2a,p2b
|-resisted|p2a: Calyrex
|-supereffective|p2b: Miraidon
|-damage|p2a: Calyrex|97/100
|-damage|p2b: Miraidon|85/100
|-unboost|p2a: Calyrex|spe|1
|-unboost|p2b: Miraidon|spe|1
|move|p1a: Kyogre|Water Spout|p2b: Miraidon|[spread] p2a,p2b
|-resisted|p2b: Miraidon
|-damage|p2a: Calyrex|26/100
|-damage|p2b: Miraidon|49/100
|-damage|p1a: Kyogre|81/100|[from] item: Life Orb
|move|p2b: Miraidon|Electro Drift|p1b: Ludicolo
|-damage|p1b: Ludicolo|0 fnt
|faint|p1b: Ludicolo
|move|p2a: Calyrex|Leech Seed|p1a: Kyogre
|-start|p1a: Kyogre|move: Leech Seed
|
|-weather|RainDance|[upkeep]
|-heal|p2a: Calyrex|32/100|[from] item: Leftovers
|-damage|p1a: Kyogre|68/100|[from] Leech Seed|[of] p2a: Calyrex
|-heal|p2a: Calyrex|43/100|[silent]
|upkeep
|inactive|Tepig_nNz_498 has 30 seconds left.
|inactive|Tepig_nNz_498 has 20 seconds left.
|
|t:|1750835563
|switch|p1b: Zacian|Zacian-Crowned, L50, shiny|100/100
|-ability|p1b: Zacian|Intrepid Sword|boost
|-boost|p1b: Zacian|atk|1
|turn|3
|
|t:|1750835576
|switch|p2b: Urshifu|Urshifu-Rapid-Strike, L50, M|100/100
|move|p2a: Calyrex|Protect|p2a: Calyrex
|-singleturn|p2a: Calyrex|Protect
|move|p1b: Zacian|Play Rough|p2a: Calyrex
|-activate|p2a: Calyrex|move: Protect
|move|p1a: Kyogre|Origin Pulse|p2a: Calyrex|[spread] p2b
|-activate|p2a: Calyrex|move: Protect
|-resisted|p2b: Urshifu
|-damage|p2b: Urshifu|46/100
|-damage|p1a: Kyogre|59/100|[from] item: Life Orb
|
|-weather|RainDance|[upkeep]
|-heal|p2a: Calyrex|48/100|[from] item: Leftovers
|-damage|p1a: Kyogre|46/100|[from] Leech Seed|[of] p2a: Calyrex
|-heal|p2a: Calyrex|59/100|[silent]
|upkeep
|turn|4
|
|t:|1750835593
|-terastallize|p2a: Calyrex|Water
|move|p1b: Zacian|Play Rough|p2b: Urshifu|[miss]
|-miss|p1b: Zacian|p2b: Urshifu
|move|p1a: Kyogre|Origin Pulse|p2a: Calyrex|[spread] p2a,p2b
|-resisted|p2a: Calyrex
|-resisted|p2b: Urshifu
|-damage|p2a: Calyrex|32/100
|-damage|p2b: Urshifu|0 fnt
|faint|p2b: Urshifu
|-damage|p1a: Kyogre|36/100|[from] item: Life Orb
|move|p2a: Calyrex|Leech Seed|p1b: Zacian
|-start|p1b: Zacian|move: Leech Seed
|
|-weather|RainDance|[upkeep]
|-heal|p2a: Calyrex|38/100|[from] item: Leftovers
|-damage|p1b: Zacian|88/100|[from] Leech Seed|[of] p2a: Calyrex
|-heal|p2a: Calyrex|48/100|[silent]
|-damage|p1a: Kyogre|24/100|[from] Leech Seed|[of] p2a: Calyrex
|-heal|p2a: Calyrex|59/100|[silent]
|upkeep
|
|t:|1750835599
|switch|p2b: Miraidon|Miraidon, L50|49/100
|-activate|p2b: Miraidon|ability: Hadron Engine
|turn|5
|
|t:|1750835611
|move|p1b: Zacian|Play Rough|p2b: Miraidon
|-supereffective|p2b: Miraidon
|-damage|p2b: Miraidon|0 fnt
|faint|p2b: Miraidon
|move|p1a: Kyogre|Thunder|p2a: Calyrex
|-supereffective|p2a: Calyrex
|-damage|p2a: Calyrex|0 fnt
|faint|p2a: Calyrex
|-damage|p1a: Kyogre|14/100|[from] item: Life Orb
|
|win|Tepig_nNz_498
|raw|Tepig_nNz_498's rating: 1430 &rarr; <strong>1453</strong><br />(+23 for winning)
|raw|xxcaptainarchiexx's rating: 1475 &rarr; <strong>1452</strong><br />(-23 for losing)
|l|☆xxcaptainarchiexx
|player|p2|
|l|☆Tepig_nNz_498
|player|p1|
