|j|‽Wjkelly89
|j|☆Leacenh
|t:|1750738072
|gametype|doubles
|player|p1|Wjkelly89|crasherwake|1237
|player|p2|Leacenh|102|1203
|teamsize|p1|6
|teamsize|p2|6
|gen|9
|tier|[Gen 9] VGC 2025 Reg I
|rated|
|rule|Species Clause: Limit one of each Pokémon
|rule|Item Clause: Limit 1 of each item
|clearpoke
|poke|p1|Incineroar, L50, M|
|poke|p1|Calyrex-Ice, L50|
|poke|p1|Dusclops, L50, F|
|poke|p1|Rillaboom, L50, M|
|poke|p1|Walking Wake, L50|
|poke|p1|Necrozma-Dusk-Mane, L50|
|poke|p2|Calyrex-Shadow, L50|
|poke|p2|Zamazenta-*, L50|
|poke|p2|Incineroar, L50, M|
|poke|p2|Rillaboom, L50, M|
|poke|p2|Raging Bolt, L50|
|poke|p2|Ogerpon-Hearthflame, L50, F|
|teampreview|4
|inactive|Battle timer is ON: inactive players will automatically lose when time's up. (requested by Wjkelly89)
|
|t:|1750738114
|start
|switch|p1a: Dusclops|Dusclops, L50, F|100/100
|switch|p1b: Incineroar|Incineroar, L50, M|100/100
|switch|p2a: Calyrex|Calyrex-Shadow, L50|100/100
|switch|p2b: Zamazenta|Zamazenta-Crowned, L50|100/100
|-ability|p2a: Calyrex|As One
|-ability|p2a: Calyrex|Unnerve
|-ability|p2b: Zamazenta|Dauntless Shield|boost
|-boost|p2b: Zamazenta|def|1
|-ability|p1b: Incineroar|Intimidate|boost
|-unboost|p2a: Calyrex|atk|1
|-unboost|p2b: Zamazenta|atk|1
|-item|p2a: Calyrex|Focus Sash|[from] ability: Frisk|[of] p1a: Dusclops
|-item|p2b: Zamazenta|Rusted Shield|[from] ability: Frisk|[of] p1a: Dusclops
|turn|1
|inactive|Leacenh has 30 seconds left.
|inactive|Leacenh has 20 seconds left.
|
|t:|1750738150
|-terastallize|p1a: Dusclops|Normal
|move|p2a: Calyrex|Nasty Plot|p2a: Calyrex
|-boost|p2a: Calyrex|spa|2
|move|p2b: Zamazenta|Body Press|p1a: Dusclops
|-supereffective|p1a: Dusclops
|-damage|p1a: Dusclops|23/100
|move|p1b: Incineroar|Knock Off|p2a: Calyrex
|-supereffective|p2a: Calyrex
|-enditem|p2a: Calyrex|Focus Sash
|-damage|p2a: Calyrex|1/100
|move|p1a: Dusclops|Trick Room|p1a: Dusclops
|-fieldstart|move: Trick Room|[of] p1a: Dusclops
|
|upkeep
|turn|2
|inactive|Leacenh has 30 seconds left.
|inactive|Leacenh has 20 seconds left.
|
|t:|1750738187
|move|p2a: Calyrex|Protect|p2a: Calyrex
|-singleturn|p2a: Calyrex|Protect
|move|p1a: Dusclops|Pain Split|p2b: Zamazenta
|-sethp|p2b: Zamazenta|58/100|[from] move: Pain Split|[silent]
|-sethp|p1a: Dusclops|87/100|[from] move: Pain Split
|move|p1b: Incineroar|Knock Off|p2a: Calyrex
|-activate|p2a: Calyrex|move: Protect
|move|p2b: Zamazenta|Body Press|p1a: Dusclops
|-supereffective|p1a: Dusclops
|-crit|p1a: Dusclops
|-damage|p1a: Dusclops|0 fnt
|faint|p1a: Dusclops
|
|upkeep
|
|t:|1750738199
|switch|p1a: Calyrex|Calyrex-Ice, L50|100/100
|-ability|p1a: Calyrex|As One
|-ability|p1a: Calyrex|Unnerve
|turn|3
|
|t:|1750738220
|switch|p2a: Incineroar|Incineroar, L50, M|100/100
|-ability|p2a: Incineroar|Intimidate|boost
|-unboost|p1a: Calyrex|atk|1
|-unboost|p1b: Incineroar|atk|1
|move|p1a: Calyrex|Protect|p1a: Calyrex
|-singleturn|p1a: Calyrex|Protect
|move|p2b: Zamazenta|Wide Guard|p2b: Zamazenta
|-singleturn|p2b: Zamazenta|Wide Guard
|move|p1b: Incineroar|Flare Blitz|p2b: Zamazenta
|-supereffective|p2b: Zamazenta
|-damage|p2b: Zamazenta|27/100
|-damage|p1b: Incineroar|91/100|[from] Recoil
|
|upkeep
|turn|4
|inactive|Leacenh has 30 seconds left.
|
|t:|1750738246
|switch|p1a: Walking Wake|Walking Wake, L50|100/100
|-enditem|p1a: Walking Wake|Booster Energy
|-activate|p1a: Walking Wake|ability: Protosynthesis|[fromitem]
|-start|p1a: Walking Wake|protosynthesisspa
|move|p2b: Zamazenta|Protect||[still]
|-fail|p2b: Zamazenta
|move|p1b: Incineroar|Flare Blitz|p2b: Zamazenta
|-supereffective|p2b: Zamazenta
|-damage|p2b: Zamazenta|0 fnt
|faint|p2b: Zamazenta
|-damage|p1b: Incineroar|82/100|[from] Recoil
|move|p2a: Incineroar|Parting Shot|p1a: Walking Wake
|-unboost|p1a: Walking Wake|atk|1
|-unboost|p1a: Walking Wake|spa|1
|
|t:|1750738263
|switch|p2a: Rillaboom|Rillaboom, L50, M|100/100|[from] Parting Shot
|-fieldstart|move: Grassy Terrain|[from] ability: Grassy Surge|[of] p2a: Rillaboom
|
|-heal|p1b: Incineroar|88/100|[from] Grassy Terrain
|upkeep
|
|t:|1750738269
|switch|p2b: Incineroar|Incineroar, L50, M|100/100
|-ability|p2b: Incineroar|Intimidate|boost
|-unboost|p1a: Walking Wake|atk|1
|-unboost|p1b: Incineroar|atk|1
|turn|5
|inactive|Leacenh has 30 seconds left.
|
|t:|1750738296
|move|p1b: Incineroar|Parting Shot|p2a: Rillaboom
|-unboost|p2a: Rillaboom|atk|1
|-unboost|p2a: Rillaboom|spa|1
|
|t:|1750738301
|switch|p1b: Calyrex|Calyrex-Ice, L50|100/100|[from] Parting Shot
|-ability|p1b: Calyrex|As One
|-ability|p1b: Calyrex|Unnerve
|move|p2b: Incineroar|Parting Shot|p1b: Calyrex
|-unboost|p1b: Calyrex|atk|1
|-unboost|p1b: Calyrex|spa|1
|
|t:|1750738310
|switch|p2b: Calyrex|Calyrex-Shadow, L50|1/100|[from] Parting Shot
|-ability|p2b: Calyrex|As One
|-ability|p2b: Calyrex|Unnerve
|move|p2a: Rillaboom|Wood Hammer|p1a: Walking Wake
|-damage|p1a: Walking Wake|33/100
|-damage|p2a: Rillaboom|82/100|[from] Recoil
|move|p1a: Walking Wake|Hydro Steam|p2b: Calyrex
|-damage|p2b: Calyrex|0 fnt
|faint|p2b: Calyrex
|
|-heal|p2a: Rillaboom|87/100|[from] Grassy Terrain
|-heal|p1a: Walking Wake|39/100|[from] Grassy Terrain
|-fieldend|move: Trick Room
|upkeep
|
|t:|1750738324
|switch|p2b: Incineroar|Incineroar, L50, M|100/100
|-ability|p2b: Incineroar|Intimidate|boost
|-unboost|p1a: Walking Wake|atk|1
|-unboost|p1b: Calyrex|atk|1
|turn|6
|-message|Leacenh forfeited.
|
|win|Wjkelly89
|raw|Wjkelly89's rating: 1237 &rarr; <strong>1260</strong><br />(+23 for winning)
|raw|Leacenh's rating: 1203 &rarr; <strong>1180</strong><br />(-23 for losing)
|l|☆Leacenh
|player|p2|
|l|‽Wjkelly89
|player|p1|
