|j|☆Beapboop
|j|☆infernalpie
|t:|1750852582
|gametype|doubles
|player|p1|Beapboop|101|1353
|player|p2|infernalpie|n|1311
|teamsize|p1|6
|teamsize|p2|6
|gen|9
|tier|[Gen 9] VGC 2025 Reg I
|rated|
|rule|Species Clause: Limit one of each Pokémon
|rule|Item Clause: Limit 1 of each item
|clearpoke
|poke|p1|Calyrex-Shadow, L50|
|poke|p1|Smeargle, L50, M|
|poke|p1|Incineroar, L50, M|
|poke|p1|Rillaboom, L50, M|
|poke|p1|Zamazenta-*, L50|
|poke|p1|Flutter Mane, L50|
|poke|p2|Terapagos, L50, M|
|poke|p2|Calyrex-Shadow, L50|
|poke|p2|Grimmsnarl, L50, M|
|poke|p2|Volcarona, L50, F|
|poke|p2|Amoonguss, L50, F|
|poke|p2|Iron Hands, L50|
|teampreview|4
|inactive|Battle timer is ON: inactive players will automatically lose when time's up. (requested by Beapboop)
|inactive|infernalpie has 60 seconds left.
Beapboop rejected open team sheets.
|inactive|infernalpie has 30 seconds left.
|
|t:|1750852645
|start
|switch|p1a: Flutter Mane|Flutter Mane, L50|100/100
|switch|p1b: Incineroar|Incineroar, L50, M|100/100
|switch|p2a: Grimmsnarl|Grimmsnarl, L50, M|100/100
|switch|p2b: Volcarona|Volcarona, L50, F|100/100
|-ability|p1b: Incineroar|Intimidate|boost
|-unboost|p2a: Grimmsnarl|atk|1
|-unboost|p2b: Volcarona|atk|1
|-enditem|p1a: Flutter Mane|Booster Energy
|-activate|p1a: Flutter Mane|ability: Protosynthesis|[fromitem]
|-start|p1a: Flutter Mane|protosynthesisspe
|turn|1
|inactive|Beapboop has 30 seconds left.
|inactive|infernalpie has 30 seconds left.
|
|t:|1750852680
|move|p1b: Incineroar|Fake Out|p2a: Grimmsnarl
|-damage|p2a: Grimmsnarl|91/100
|move|p2b: Volcarona|Rage Powder|p2b: Volcarona
|-singleturn|p2b: Volcarona|move: Rage Powder
|move|p2a: Grimmsnarl|Thunder Wave|p1a: Flutter Mane
|-status|p1a: Flutter Mane|par
|cant|p1a: Flutter Mane|par
|
|upkeep
|turn|2
|
|t:|1750852694
|move|p2a: Grimmsnarl|Thunder Wave|p1b: Incineroar
|-hint|Since gen 7, Dark is immune to Prankster moves.
|-immune|p1b: Incineroar
|move|p1a: Flutter Mane|Icy Wind|p2a: Grimmsnarl|[spread] p2a,p2b
|-resisted|p2b: Volcarona
|-damage|p2a: Grimmsnarl|76/100
|-damage|p2b: Volcarona|94/100
|-unboost|p2b: Volcarona|spe|1
|move|p2b: Volcarona|Flamethrower|p1a: Flutter Mane
|-damage|p1a: Flutter Mane|57/100 par
|move|p1b: Incineroar|Parting Shot|p2b: Volcarona
|-unboost|p2b: Volcarona|atk|1
|-unboost|p2b: Volcarona|spa|1
|
|t:|1750852708
|switch|p1b: Calyrex|Calyrex-Shadow, L50|100/100|[from] Parting Shot
|-ability|p1b: Calyrex|As One
|-ability|p1b: Calyrex|Unnerve
|
|upkeep
|turn|3
|
|t:|1750852724
|switch|p2b: Terapagos|Terapagos, L50, M|100/100
|-activate|p2b: Terapagos|ability: Tera Shift
|detailschange|p2b: Terapagos|Terapagos-Terastal, L50, M
|-heal|p2b: Terapagos|100/100|[silent]
|-terastallize|p1b: Calyrex|Dark
|move|p2a: Grimmsnarl|Thunder Wave|p1b: Calyrex
|-hint|Since gen 7, Dark is immune to Prankster moves.
|-immune|p1b: Calyrex
|move|p1b: Calyrex|Astral Barrage|p2b: Terapagos|[spread] p2a
|-immune|p2b: Terapagos
|-resisted|p2a: Grimmsnarl
|-damage|p2a: Grimmsnarl|45/100
|-damage|p1b: Calyrex|91/100|[from] item: Life Orb
|move|p1a: Flutter Mane|Shadow Ball|p2b: Terapagos
|-immune|p2b: Terapagos
|
|upkeep
|turn|4
|c|☆infernalpie|lol
|c|☆infernalpie|it had to happen somday
|inactive|infernalpie has 30 seconds left.
|inactive|infernalpie has 20 seconds left.
|
|t:|1750852764
|-terastallize|p2b: Terapagos|Stellar
|detailschange|p2b: Terapagos|Terapagos-Stellar, L50, M, tera:Stellar
|-heal|p2b: Terapagos|100/100|[silent]
|move|p1b: Calyrex|Nasty Plot|p1b: Calyrex
|-boost|p1b: Calyrex|spa|2
|move|p1a: Flutter Mane|Moonblast|p2a: Grimmsnarl
|-supereffective|p2a: Grimmsnarl
|-damage|p2a: Grimmsnarl|0 fnt
|faint|p2a: Grimmsnarl
|move|p2b: Terapagos|Tera Starstorm|p1a: Flutter Mane|[spread] p1a,p1b
|-supereffective|p1b: Calyrex
|-damage|p1a: Flutter Mane|14/100 par
|-damage|p1b: Calyrex|15/100
|
|upkeep
|c|☆infernalpie|oh man this thing is so waek
|inactive|infernalpie has 30 seconds left.
|
|t:|1750852791
|switch|p2a: Volcarona|Volcarona, L50, F|94/100
|turn|5
|
|t:|1750852798
|-end|p1a: Flutter Mane|Protosynthesis|[silent]
|switch|p1a: Incineroar|Incineroar, L50, M|100/100
|-ability|p1a: Incineroar|Intimidate|boost
|-unboost|p2a: Volcarona|atk|1
|-unboost|p2b: Terapagos|atk|1
|move|p1b: Calyrex|Protect|p1b: Calyrex
|-singleturn|p1b: Calyrex|Protect
|move|p2a: Volcarona|Rage Powder|p2a: Volcarona
|-singleturn|p2a: Volcarona|move: Rage Powder
|move|p2b: Terapagos|Tera Starstorm|p1b: Calyrex|[spread] p1a
|-activate|p1b: Calyrex|move: Protect
|-damage|p1a: Incineroar|71/100
|
|upkeep
|turn|6
|
|t:|1750852820
|move|p1a: Incineroar|Fake Out|p2a: Volcarona
|-damage|p2a: Volcarona|83/100
|-damage|p1a: Incineroar|54/100|[from] item: Rocky Helmet|[of] p2a: Volcarona
|cant|p2a: Volcarona|flinch
|move|p1b: Calyrex|Psychic|p2b: Terapagos
|-damage|p2b: Terapagos|14/100
|-damage|p1b: Calyrex|6/100|[from] item: Life Orb
|move|p2b: Terapagos|Meteor Beam||[still]
|-prepare|p2b: Terapagos|Meteor Beam
|-boost|p2b: Terapagos|spa|1
|-enditem|p2b: Terapagos|Power Herb
|-anim|p2b: Terapagos|Meteor Beam|p1a: Incineroar
|-supereffective|p1a: Incineroar
|-damage|p1a: Incineroar|0 fnt
|faint|p1a: Incineroar
|
|upkeep
|
|t:|1750852834
|switch|p1a: Zamazenta|Zamazenta-Crowned, L50|100/100
|-ability|p1a: Zamazenta|Dauntless Shield|boost
|-boost|p1a: Zamazenta|def|1
|turn|7
|
|t:|1750852857
|move|p2a: Volcarona|Rage Powder|p2a: Volcarona
|-singleturn|p2a: Volcarona|move: Rage Powder
|move|p1b: Calyrex|Astral Barrage|p2a: Volcarona|[spread] p2a
|-immune|p2b: Terapagos
|-damage|p2a: Volcarona|0 fnt
|faint|p2a: Volcarona
|-ability|p1b: Calyrex|Grim Neigh|boost
|-boost|p1b: Calyrex|spa|1
|-damage|p1b: Calyrex|0 fnt|[from] item: Life Orb
|faint|p1b: Calyrex
|move|p1a: Zamazenta|Body Press|p2b: Terapagos
|-supereffective|p2b: Terapagos
|-damage|p2b: Terapagos|0 fnt
|faint|p2b: Terapagos
|detailschange|p2: Terapagos|Terapagos, L50, M|[silent]
|
|upkeep
|
|t:|1750852873
|switch|p1b: Flutter Mane|Flutter Mane, L50|14/100 par
|switch|p2b: Calyrex|Calyrex-Shadow, L50|100/100
|-ability|p2b: Calyrex|As One
|-ability|p2b: Calyrex|Unnerve
|turn|8
|
|t:|1750852882
|move|p1a: Zamazenta|Protect|p1a: Zamazenta
|-singleturn|p1a: Zamazenta|Protect
|move|p1b: Flutter Mane|Protect|p1b: Flutter Mane
|-singleturn|p1b: Flutter Mane|Protect
|move|p2b: Calyrex|Encore|p1a: Zamazenta
|-activate|p1a: Zamazenta|move: Protect
|
|upkeep
|turn|9
|
|t:|1750852895
|move|p2b: Calyrex|Encore|p1a: Zamazenta
|-start|p1a: Zamazenta|Encore
|move|p1a: Zamazenta|Protect||[still]
|-fail|p1a: Zamazenta
|move|p1b: Flutter Mane|Shadow Ball|p2b: Calyrex
|-supereffective|p2b: Calyrex
|-enditem|p2b: Calyrex|Focus Sash
|-damage|p2b: Calyrex|1/100
|
|upkeep
|turn|10
|
|t:|1750852912
|move|p1a: Zamazenta|Protect|p1a: Zamazenta
|-singleturn|p1a: Zamazenta|Protect
|move|p2b: Calyrex|Astral Barrage|p1b: Flutter Mane|[spread] p1b
|-activate|p1a: Zamazenta|move: Protect
|-supereffective|p1b: Flutter Mane
|-damage|p1b: Flutter Mane|0 fnt
|faint|p1b: Flutter Mane
|-end|p1b: Flutter Mane|Protosynthesis|[silent]
|-ability|p2b: Calyrex|Grim Neigh|boost
|-boost|p2b: Calyrex|spa|1
|
|upkeep
|turn|11
|
|t:|1750852924
|move|p1a: Zamazenta|Protect|p1a: Zamazenta
|-singleturn|p1a: Zamazenta|Protect
|move|p2b: Calyrex|Psychic|p1a: Zamazenta
|-activate|p1a: Zamazenta|move: Protect
|
|-end|p1a: Zamazenta|Encore
|upkeep
|turn|12
|
|t:|1750852933
|move|p2b: Calyrex|Encore|p1a: Zamazenta
|-start|p1a: Zamazenta|Encore
|move|p1a: Zamazenta|Protect||[still]
|-fail|p1a: Zamazenta
|
|upkeep
|turn|13
|
|t:|1750852942
|move|p1a: Zamazenta|Protect|p1a: Zamazenta
|-singleturn|p1a: Zamazenta|Protect
|move|p2b: Calyrex|Psychic|p1a: Zamazenta
|-activate|p1a: Zamazenta|move: Protect
|
|upkeep
|turn|14
|
|t:|1750852948
|move|p1a: Zamazenta|Protect|p1a: Zamazenta
|-singleturn|p1a: Zamazenta|Protect
|move|p2b: Calyrex|Psychic|p1a: Zamazenta
|-activate|p1a: Zamazenta|move: Protect
|
|-end|p1a: Zamazenta|Encore
|upkeep
|turn|15
|c|☆infernalpie|lol
|
|t:|1750852958
|move|p2b: Calyrex|Encore|p1a: Zamazenta
|-start|p1a: Zamazenta|Encore
|move|p1a: Zamazenta|Protect||[still]
|-fail|p1a: Zamazenta
|
|upkeep
|turn|16
|
|t:|1750852964
|move|p1a: Zamazenta|Protect|p1a: Zamazenta
|-singleturn|p1a: Zamazenta|Protect
|move|p2b: Calyrex|Psychic|p1a: Zamazenta
|-activate|p1a: Zamazenta|move: Protect
|
|upkeep
|turn|17
|
|t:|1750852970
|move|p1a: Zamazenta|Protect||[still]
|-fail|p1a: Zamazenta
|move|p2b: Calyrex|Psychic|p1a: Zamazenta
|-damage|p1a: Zamazenta|40/100
|
|-end|p1a: Zamazenta|Encore
|upkeep
|turn|18
|
|t:|1750852979
|move|p2b: Calyrex|Encore|p1a: Zamazenta
|-start|p1a: Zamazenta|Encore
|move|p1a: Zamazenta|Protect||[still]
|-fail|p1a: Zamazenta
|
|upkeep
|turn|19
|
|t:|1750852984
|move|p1a: Zamazenta|Protect|p1a: Zamazenta
|-singleturn|p1a: Zamazenta|Protect
|move|p2b: Calyrex|Psychic|p1a: Zamazenta
|-activate|p1a: Zamazenta|move: Protect
|
|upkeep
|turn|20
|
|t:|1750852991
|move|p1a: Zamazenta|Protect|p1a: Zamazenta
|-singleturn|p1a: Zamazenta|Protect
|move|p2b: Calyrex|Psychic|p1a: Zamazenta
|-activate|p1a: Zamazenta|move: Protect
|
|-end|p1a: Zamazenta|Encore
|upkeep
|turn|21
|
|t:|1750853001
|move|p2b: Calyrex|Encore|p1a: Zamazenta
|-start|p1a: Zamazenta|Encore
|move|p1a: Zamazenta|Protect||[still]
|-fail|p1a: Zamazenta
|
|upkeep
|turn|22
|c|☆infernalpie|dude wtf
|
|t:|1750853007
|move|p1a: Zamazenta|Protect|p1a: Zamazenta
|-singleturn|p1a: Zamazenta|Protect
|move|p2b: Calyrex|Psychic|p1a: Zamazenta
|-activate|p1a: Zamazenta|move: Protect
|
|upkeep
|turn|23
|
|t:|1750853015
|move|p1a: Zamazenta|Protect|p1a: Zamazenta
|-singleturn|p1a: Zamazenta|Protect
|move|p2b: Calyrex|Psychic|p1a: Zamazenta
|-activate|p1a: Zamazenta|move: Protect
|
|-end|p1a: Zamazenta|Encore
|upkeep
|turn|24
|c|☆infernalpie|man how lucky can you be
|
|t:|1750853030
|move|p2b: Calyrex|Encore||[still]
|-fail|p2b: Calyrex
|move|p1a: Zamazenta|Heavy Slam|p2b: Calyrex
|-damage|p2b: Calyrex|0 fnt
|faint|p2b: Calyrex
|
|win|Beapboop
|raw|Beapboop's rating: 1353 &rarr; <strong>1371</strong><br />(+18 for winning)
|raw|infernalpie's rating: 1311 &rarr; <strong>1293</strong><br />(-18 for losing)
|c|☆infernalpie|wtf
|c|☆Beapboop|Can’t believe I won that
|c|☆infernalpie|why it didn't work
