|j|☆sanmie
|j|☆mexim
|t:|1750841981
|gametype|doubles
|player|p1|sanmie|169|1355
|player|p2|mexim|266|1376
|teamsize|p1|6
|teamsize|p2|6
|gen|9
|tier|[Gen 9] VGC 2025 Reg I
|rated|
|rule|Species Clause: Limit one of each Pokémon
|rule|Item Clause: Limit 1 of each item
|clearpoke
|poke|p1|Weezing-Galar, L50, M|
|poke|p1|Slaking, L50, M|
|poke|p1|Garganacl, L50, F|
|poke|p1|Dusclops, L50, F|
|poke|p1|Calyrex-Ice, L50|
|poke|p1|Wo-Chien, L50|
|poke|p2|Calyrex-Ice, L50|
|poke|p2|Miraidon, L50|
|poke|p2|Grimmsnarl, L50, M|
|poke|p2|Urshifu-*, L50, M|
|poke|p2|Incineroar, L50, F|
|poke|p2|Landorus, L50, M|
|teampreview|4
sanmie rejected open team sheets.
|inactive|Battle timer is ON: inactive players will automatically lose when time's up. (requested by sanmie)
|inactive|mexim has 60 seconds left.
|
|t:|1750842024
|start
|switch|p1a: Weezing|Weezing-Galar, L50, M|100/100
|switch|p1b: Slaking|Slaking, L50, M|100/100
|switch|p2a: Landorus|Landorus, L50, M|100/100
|switch|p2b: Urshifu|Urshifu-Rapid-Strike, L50, M|100/100
|-ability|p1a: Weezing|Neutralizing Gas
|turn|1
|inactive|sanmie has 30 seconds left.
|
|t:|1750842056
|-terastallize|p1a: Weezing|Dark
|move|p1b: Slaking|Double-Edge|p2a: Landorus
|-damage|p2a: Landorus|27/100
|-damage|p1b: Slaking|79/100|[from] Recoil
|move|p2a: Landorus|Earth Power|p1a: Weezing
|-damage|p1a: Weezing|24/100
|-enditem|p1a: Weezing|Sitrus Berry|[eat]
|-heal|p1a: Weezing|48/100|[from] item: Sitrus Berry
|-damage|p2a: Landorus|17/100|[from] item: Life Orb
|move|p2b: Urshifu|Surging Strikes|p1b: Slaking
|-crit|p1b: Slaking
|-damage|p1b: Slaking|52/100
|-crit|p1b: Slaking
|-damage|p1b: Slaking|27/100
|-crit|p1b: Slaking
|-damage|p1b: Slaking|3/100
|-hitcount|p1b: Slaking|3
|move|p1a: Weezing|Strange Steam|p2b: Urshifu
|-supereffective|p2b: Urshifu
|-damage|p2b: Urshifu|11/100
|
|upkeep
|turn|2
|inactive|sanmie has 30 seconds left.
|inactive|mexim has 30 seconds left.
|
|t:|1750842086
|move|p1b: Slaking|Rock Slide|p2a: Landorus|[spread] p2a,p2b
|-resisted|p2b: Urshifu
|-damage|p2a: Landorus|0 fnt
|-damage|p2b: Urshifu|0 fnt
|faint|p2a: Landorus
|faint|p2b: Urshifu
|move|p1a: Weezing|Sludge Bomb|p2: Landorus|[notarget]
|-fail|p1a: Weezing
|
|upkeep
|
|t:|1750842094
|switch|p2a: Calyrex|Calyrex-Ice, L50|100/100
|switch|p2b: Incineroar|Incineroar, L50, F|100/100
|-ability|p2a: Calyrex|As One
|-ability|p2a: Calyrex|Unnerve
|turn|3
|inactive|mexim has 30 seconds left.
|
|t:|1750842120
|move|p1b: Slaking|Rock Slide|p2b: Incineroar|[spread] p2a,p2b
|-supereffective|p2a: Calyrex
|-crit|p2a: Calyrex
|-supereffective|p2b: Incineroar
|-damage|p2a: Calyrex|58/100
|-damage|p2b: Incineroar|53/100
|move|p2b: Incineroar|Knock Off|p1b: Slaking
|-damage|p1b: Slaking|0 fnt
|-enditem|p1b: Slaking|Covert Cloak|[from] move: Knock Off|[of] p2b: Incineroar
|faint|p1b: Slaking
|move|p1a: Weezing|Dark Pulse|p2a: Calyrex
|-supereffective|p2a: Calyrex
|-damage|p2a: Calyrex|16/100
|move|p2a: Calyrex|Glacial Lance|p1a: Weezing
|-damage|p1a: Weezing|0 fnt
|faint|p1a: Weezing
|-end|p1a: Weezing|ability: Neutralizing Gas
|-ability|p2a: Calyrex|Chilling Neigh|boost
|-boost|p2a: Calyrex|atk|1
|
|-heal|p2a: Calyrex|22/100|[from] item: Leftovers
|upkeep
|
|t:|1750842133
|switch|p1b: Wo-Chien|Wo-Chien, L50|100/100
|switch|p1a: Calyrex|Calyrex-Ice, L50|100/100
|-ability|p1a: Calyrex|As One
|-ability|p1a: Calyrex|Unnerve
|-ability|p1b: Wo-Chien|Tablets of Ruin
|turn|4
|
|t:|1750842155
|move|p2a: Calyrex|Protect|p2a: Calyrex
|-singleturn|p2a: Calyrex|Protect
|move|p2b: Incineroar|U-turn|p1b: Wo-Chien
|-supereffective|p1b: Wo-Chien
|-damage|p1b: Wo-Chien|45/100
|-damage|p2b: Incineroar|36/100|[from] item: Rocky Helmet|[of] p1b: Wo-Chien
|move|p1b: Wo-Chien|Leech Seed|p2b: Incineroar
|-start|p2b: Incineroar|move: Leech Seed
|move|p1a: Calyrex|Crunch|p2a: Calyrex
|-activate|p2a: Calyrex|move: Protect
|
|-heal|p2a: Calyrex|28/100|[from] item: Leftovers
|-damage|p2b: Incineroar|24/100|[from] Leech Seed|[of] p1b: Wo-Chien
|-heal|p1b: Wo-Chien|58/100|[silent]
|upkeep
|turn|5
|inactive|sanmie has 30 seconds left.
|inactive|mexim has 30 seconds left.
|
|t:|1750842189
|-terastallize|p2a: Calyrex|Water
|move|p1b: Wo-Chien|Protect|p1b: Wo-Chien
|-singleturn|p1b: Wo-Chien|Protect
|move|p2b: Incineroar|Knock Off|p1a: Calyrex
|-supereffective|p1a: Calyrex
|-damage|p1a: Calyrex|66/100
|-enditem|p1a: Calyrex|Assault Vest|[from] move: Knock Off|[of] p2b: Incineroar
|move|p2a: Calyrex|Leech Seed|p1a: Calyrex
|-start|p1a: Calyrex|move: Leech Seed
|move|p1a: Calyrex|Crunch|p2a: Calyrex
|-damage|p2a: Calyrex|13/100
|
|-heal|p2a: Calyrex|18/100|[from] item: Leftovers
|-damage|p2b: Incineroar|11/100|[from] Leech Seed|[of] p1b: Wo-Chien
|-heal|p1b: Wo-Chien|72/100|[silent]
|-damage|p1a: Calyrex|54/100|[from] Leech Seed|[of] p2a: Calyrex
|-heal|p2a: Calyrex|29/100|[silent]
|upkeep
|turn|6
|
|t:|1750842212
|move|p2a: Calyrex|Protect|p2a: Calyrex
|-singleturn|p2a: Calyrex|Protect
|move|p2b: Incineroar|Flare Blitz|p1b: Wo-Chien
|-supereffective|p1b: Wo-Chien
|-damage|p1b: Wo-Chien|7/100
|-damage|p2b: Incineroar|0 fnt|[from] item: Rocky Helmet|[of] p1b: Wo-Chien
|faint|p2b: Incineroar
|move|p1b: Wo-Chien|Reflect|p1b: Wo-Chien
|-sidestart|p1: sanmie|Reflect
|move|p1a: Calyrex|Seed Bomb|p2a: Calyrex
|-activate|p2a: Calyrex|move: Protect
|
|-heal|p2a: Calyrex|35/100|[from] item: Leftovers
|-damage|p1a: Calyrex|41/100|[from] Leech Seed|[of] p2a: Calyrex
|-heal|p2a: Calyrex|45/100|[silent]
|upkeep
|turn|7
|inactive|mexim has 30 seconds left.
|
|t:|1750842238
|move|p2a: Calyrex|Protect||[still]
|-fail|p2a: Calyrex
|move|p1b: Wo-Chien|Ruination|p2a: Calyrex
|-damage|p2a: Calyrex|23/100
|move|p1a: Calyrex|Seed Bomb|p2a: Calyrex
|-supereffective|p2a: Calyrex
|-damage|p2a: Calyrex|0 fnt
|faint|p2a: Calyrex
|
|win|sanmie
|raw|sanmie's rating: 1355 &rarr; <strong>1376</strong><br />(+21 for winning)
|raw|mexim's rating: 1376 &rarr; <strong>1355</strong><br />(-21 for losing)
|l|☆sanmie
|player|p1|
|l|☆mexim
|player|p2|
