|j|☆anubisjr
|j|☆Ludikrik
|t:|1750844652
|gametype|doubles
|player|p1|anubisjr|1|1543
|player|p2|Ludikrik|chili|1632
|teamsize|p1|6
|teamsize|p2|6
|gen|9
|tier|[Gen 9] VGC 2025 Reg I
|rated|
|rule|Species Clause: Limit one of each Pokémon
|rule|Item Clause: Limit 1 of each item
|clearpoke
|poke|p1|Calyrex-Shadow, L50|
|poke|p1|Miraidon, L50|
|poke|p1|Whimsicott, L50, F|
|poke|p1|Iron Treads, L50|
|poke|p1|Urshifu-*, L50, F|
|poke|p1|Iron Hands, L50|
|poke|p2|Groudon, L50|
|poke|p2|Lunala, L50|
|poke|p2|Raging Bolt, L50|
|poke|p2|Ogerpon-Hearthflame, L50, F|
|poke|p2|Incineroar, L50, F|
|poke|p2|Grimmsnarl, L50, M|
|teampreview|4
Ludikrik has agreed to open team sheets.
anubisjr has agreed to open team sheets.
|showteam|p1|Calyrex-Shadow||LifeOrb|AsOneSpectrier|AstralBarrage,NastyPlot,Psychic,Protect||||||50|,,,,,Dark]Miraidon||ChoiceSpecs|HadronEngine|DazzlingGleam,VoltSwitch,DracoMeteor,ElectroDrift||||||50|,,,,,Fairy]Whimsicott||CovertCloak|Prankster|Tailwind,Moonblast,Taunt,Encore|||F|||50|,,,,,Ghost]Iron Treads||ClearAmulet|QuarkDrive|HighHorsepower,MetalSound,SteelRoller,Protect||||||50|,,,,,Grass]Urshifu||FocusSash|UnseenFist|WickedBlow,CloseCombat,SuckerPunch,Detect|||F|||50|,,,,,Dark]Iron Hands||AssaultVest|QuarkDrive|LowKick,WildCharge,FakeOut,VoltSwitch||||||50|,,,,,Grass
|showteam|p2|Groudon||ClearAmulet|Drought|PrecipiceBlades,HeatCrash,Protect,HighHorsepower||||||50|,,,,,Fire]Lunala||Leftovers|ShadowShield|MoongeistBeam,Moonblast,Protect,CalmMind||||||50|,,,,,Fairy]Raging Bolt||AssaultVest|Protosynthesis|Thunderbolt,Thunderclap,DracoMeteor,Snarl||||||50|,,,,,Electric]Ogerpon-Hearthflame||HearthflameMask|MoldBreaker|IvyCudgel,HornLeech,FollowMe,SpikyShield|||F|||50|,,,,,Fire]Incineroar||RockyHelmet|Intimidate|FakeOut,KnockOff,FlareBlitz,PartingShot|||F|||50|,,,,,Bug]Grimmsnarl||LightClay|Prankster|SpiritBreak,LightScreen,Reflect,ThunderWave|||M|||50|,,,,,Ghost
|inactive|Battle timer is ON: inactive players will automatically lose when time's up. (requested by Ludikrik)
|inactive|anubisjr has 60 seconds left.
|
|t:|1750844707
|start
|switch|p1a: Calyrex|Calyrex-Shadow, L50|100/100
|switch|p1b: Iron Hands|Iron Hands, L50|100/100
|switch|p2a: Goudron|Groudon, L50|100/100
|switch|p2b: Très Skillé|Grimmsnarl, L50, M|100/100
|-ability|p1a: Calyrex|As One
|-ability|p1a: Calyrex|Unnerve
|-weather|SunnyDay|[from] ability: Drought|[of] p2a: Goudron
|turn|1
|
|t:|1750844722
|move|p2a: Goudron|Protect|p2a: Goudron
|-singleturn|p2a: Goudron|Protect
|move|p1b: Iron Hands|Fake Out|p2a: Goudron
|-activate|p2a: Goudron|move: Protect
|move|p2b: Très Skillé|Thunder Wave|p1a: Calyrex|[miss]
|-miss|p2b: Très Skillé|p1a: Calyrex
|move|p1a: Calyrex|Nasty Plot|p1a: Calyrex
|-boost|p1a: Calyrex|spa|2
|
|-weather|SunnyDay|[upkeep]
|upkeep
|turn|2
|inactive|anubisjr has 30 seconds left.
|
|t:|1750844754
|-end|p1b: Iron Hands|Quark Drive|[silent]
|switch|p1b: Whimsicott|Whimsicott, L50, F|100/100
|-terastallize|p1a: Calyrex|Dark
|-terastallize|p2a: Goudron|Fire
|move|p2b: Très Skillé|Light Screen|p2b: Très Skillé
|-sidestart|p2: Ludikrik|move: Light Screen
|move|p1a: Calyrex|Astral Barrage|p2a: Goudron|[spread] p2a,p2b
|-resisted|p2b: Très Skillé
|-damage|p2a: Goudron|26/100
|-damage|p2b: Très Skillé|60/100
|-damage|p1a: Calyrex|91/100|[from] item: Life Orb
|move|p2a: Goudron|Heat Crash|p1a: Calyrex
|-damage|p1a: Calyrex|0 fnt
|faint|p1a: Calyrex
|
|-weather|SunnyDay|[upkeep]
|upkeep
|
|t:|1750844771
|switch|p1a: Miraidon|Miraidon, L50|100/100
|-fieldstart|move: Electric Terrain|[from] ability: Hadron Engine|[of] p1a: Miraidon
|turn|3
|inactive|anubisjr has 30 seconds left.
|
|t:|1750844800
|move|p2a: Goudron|Protect|p2a: Goudron
|-singleturn|p2a: Goudron|Protect
|move|p1a: Miraidon|Volt Switch|p2b: Très Skillé
|-damage|p2b: Très Skillé|2/100
|
|t:|1750844801
|switch|p1a: Iron Hands|Iron Hands, L50|100/100|[from] Volt Switch
|-activate|p1a: Iron Hands|ability: Quark Drive
|-start|p1a: Iron Hands|quarkdriveatk
|move|p1b: Whimsicott|Moonblast|p2b: Très Skillé
|-supereffective|p2b: Très Skillé
|-damage|p2b: Très Skillé|0 fnt
|faint|p2b: Très Skillé
|
|-weather|SunnyDay|[upkeep]
|upkeep
|
|t:|1750844812
|switch|p2b: Moom|Lunala, L50|100/100
|turn|4
|inactive|Ludikrik has 30 seconds left.
|
|t:|1750844846
|switch|p2a: INFERNOOOOOOOOO|Incineroar, L50, F|100/100
|-ability|p2a: INFERNOOOOOOOOO|Intimidate|boost
|-unboost|p1a: Iron Hands|atk|1
|-unboost|p1b: Whimsicott|atk|1
|move|p1b: Whimsicott|Encore|p2a: INFERNOOOOOOOOO
|-hint|Since gen 7, Dark is immune to Prankster moves.
|-immune|p2a: INFERNOOOOOOOOO
|move|p2b: Moom|Moonblast|p1a: Iron Hands
|-supereffective|p1a: Iron Hands
|-damage|p1a: Iron Hands|58/100
|move|p1a: Iron Hands|Volt Switch|p2b: Moom
|-damage|p2b: Moom|97/100
|
|t:|1750844853
|-end|p1a: Iron Hands|Quark Drive|[silent]
|switch|p1a: Miraidon|Miraidon, L50|100/100|[from] Volt Switch
|-activate|p1a: Miraidon|ability: Hadron Engine
|
|-weather|SunnyDay|[upkeep]
|-heal|p2b: Moom|100/100|[from] item: Leftovers
|upkeep
|turn|5
|
|t:|1750844868
|move|p2a: INFERNOOOOOOOOO|Fake Out|p1a: Miraidon
|-damage|p1a: Miraidon|90/100
|cant|p1a: Miraidon|flinch
|move|p1b: Whimsicott|Moonblast|p2b: Moom
|-damage|p2b: Moom|96/100
|move|p2b: Moom|Moonblast|p1a: Miraidon
|-supereffective|p1a: Miraidon
|-damage|p1a: Miraidon|29/100
|
|-weather|none
|-heal|p2b: Moom|100/100|[from] item: Leftovers
|upkeep
|turn|6
|inactive|Ludikrik has 30 seconds left.
|inactive|Ludikrik has 20 seconds left.
|
|t:|1750844904
|move|p1a: Miraidon|Volt Switch|p2b: Moom
|-damage|p2b: Moom|81/100
|
|t:|1750844907
|switch|p1a: Iron Hands|Iron Hands, L50|58/100|[from] Volt Switch
|-activate|p1a: Iron Hands|ability: Quark Drive
|-start|p1a: Iron Hands|quarkdriveatk
|move|p1b: Whimsicott|Moonblast|p2b: Moom
|-damage|p2b: Moom|69/100
|move|p2b: Moom|Moonblast|p1a: Iron Hands
|-supereffective|p1a: Iron Hands
|-damage|p1a: Iron Hands|20/100
|move|p2a: INFERNOOOOOOOOO|Knock Off|p1a: Iron Hands
|-resisted|p1a: Iron Hands
|-damage|p1a: Iron Hands|6/100
|-enditem|p1a: Iron Hands|Assault Vest|[from] move: Knock Off|[of] p2a: INFERNOOOOOOOOO
|
|-heal|p2b: Moom|76/100|[from] item: Leftovers
|upkeep
|turn|7
|inactive|anubisjr has 30 seconds left.
|
|t:|1750844934
|move|p2b: Moom|Protect|p2b: Moom
|-singleturn|p2b: Moom|Protect
|move|p1b: Whimsicott|Moonblast|p2b: Moom
|-activate|p2b: Moom|move: Protect
|move|p2a: INFERNOOOOOOOOO|Parting Shot|p1a: Iron Hands
|-unboost|p1a: Iron Hands|atk|1
|-unboost|p1a: Iron Hands|spa|1
|
|t:|1750844944
|switch|p2a: Goudron|Groudon, L50, tera:Fire|26/100|[from] Parting Shot
|-weather|SunnyDay|[from] ability: Drought|[of] p2a: Goudron
|move|p1a: Iron Hands|Low Kick|p2a: Goudron
|-damage|p2a: Goudron|0 fnt
|faint|p2a: Goudron
|
|-weather|SunnyDay|[upkeep]
|-heal|p2b: Moom|82/100|[from] item: Leftovers
|-fieldend|move: Electric Terrain
|-end|p1a: Iron Hands|Quark Drive
|upkeep
|
|t:|1750844950
|switch|p2a: INFERNOOOOOOOOO|Incineroar, L50, F|100/100
|-ability|p2a: INFERNOOOOOOOOO|Intimidate|boost
|-unboost|p1a: Iron Hands|atk|1
|-unboost|p1b: Whimsicott|atk|1
|turn|8
|
|t:|1750844974
|move|p1b: Whimsicott|Encore|p2b: Moom
|-start|p2b: Moom|Encore
|move|p2b: Moom|Protect||[still]
|-fail|p2b: Moom
|move|p2a: INFERNOOOOOOOOO|Flare Blitz|p1b: Whimsicott
|-supereffective|p1b: Whimsicott
|-damage|p1b: Whimsicott|0 fnt
|faint|p1b: Whimsicott
|-damage|p2a: INFERNOOOOOOOOO|73/100|[from] Recoil
|move|p1a: Iron Hands|Volt Switch|p2a: INFERNOOOOOOOOO
|-damage|p2a: INFERNOOOOOOOOO|67/100
|
|t:|1750844978
|-end|p1a: Iron Hands|Quark Drive|[silent]
|switch|p1a: Miraidon|Miraidon, L50|29/100|[from] Volt Switch
|-fieldstart|move: Electric Terrain|[from] ability: Hadron Engine|[of] p1a: Miraidon
|
|-weather|SunnyDay|[upkeep]
|-heal|p2b: Moom|88/100|[from] item: Leftovers
|upkeep
|
|t:|1750844979
|switch|p1b: Iron Hands|Iron Hands, L50|6/100
|-activate|p1b: Iron Hands|ability: Quark Drive
|-start|p1b: Iron Hands|quarkdriveatk
|turn|9
|inactive|anubisjr has 30 seconds left.
|
|t:|1750845005
|move|p2b: Moom|Protect|p2b: Moom
|-singleturn|p2b: Moom|Protect
|move|p1b: Iron Hands|Fake Out|p2a: INFERNOOOOOOOOO
|-damage|p2a: INFERNOOOOOOOOO|53/100
|-damage|p1b: Iron Hands|0 fnt|[from] item: Rocky Helmet|[of] p2a: INFERNOOOOOOOOO
|faint|p1b: Iron Hands
|-end|p1b: Iron Hands|Quark Drive|[silent]
|move|p1a: Miraidon|Electro Drift|p2a: INFERNOOOOOOOOO
|-damage|p2a: INFERNOOOOOOOOO|0 fnt
|-damage|p1a: Miraidon|12/100|[from] item: Rocky Helmet|[of] p2a: INFERNOOOOOOOOO
|faint|p2a: INFERNOOOOOOOOO
|
|-weather|SunnyDay|[upkeep]
|-heal|p2b: Moom|94/100|[from] item: Leftovers
|-sideend|p2: Ludikrik|move: Light Screen
|upkeep
|turn|10
|
|t:|1750845013
|move|p2b: Moom|Protect||[still]
|-fail|p2b: Moom
|move|p1a: Miraidon|Electro Drift|p2b: Moom
|-damage|p2b: Moom|13/100
|
|-weather|SunnyDay|[upkeep]
|-heal|p2b: Moom|20/100|[from] item: Leftovers
|-end|p2b: Moom|Encore
|upkeep
|turn|11
|
|t:|1750845018
|move|p2b: Moom|Protect|p2b: Moom
|-singleturn|p2b: Moom|Protect
|move|p1a: Miraidon|Electro Drift|p2b: Moom
|-activate|p2b: Moom|move: Protect
|
|-weather|none
|-heal|p2b: Moom|26/100|[from] item: Leftovers
|upkeep
|turn|12
|
|t:|1750845021
|move|p1a: Miraidon|Electro Drift|p2b: Moom
|-damage|p2b: Moom|0 fnt
|faint|p2b: Moom
|
|win|anubisjr
|raw|anubisjr's rating: 1543 &rarr; <strong>1568</strong><br />(+25 for winning)
|raw|Ludikrik's rating: 1632 &rarr; <strong>1607</strong><br />(-25 for losing)
|c|☆anubisjr|gg
