|j|☆WillieDangerously
|j|☆chicovirginio
|t:|1750822448
|gametype|doubles
|player|p1|WillieDangerously|roughneck|1156
|player|p2|chicovirginio|101|1140
|teamsize|p1|6
|teamsize|p2|6
|gen|9
|tier|[Gen 9] VGC 2025 Reg I
|rated|
|rule|Species Clause: Limit one of each Pokémon
|rule|Item Clause: Limit 1 of each item
|clearpoke
|poke|p1|Amoonguss, L50, M|
|poke|p1|Indeedee-F, L50, F|
|poke|p1|Ho-Oh, L50|
|poke|p1|Koraidon, L50|
|poke|p1|Walking Wake, L50|
|poke|p1|Heatran, L50, F|
|poke|p2|Koraidon, L50|
|poke|p2|Calyrex-Shadow, L50|
|poke|p2|Clefairy, L50, M|
|poke|p2|Indeedee-F, L50, F|
|poke|p2|Iron Valiant, L50|
|poke|p2|Flutter Mane, L50|
|teampreview|4
|
|t:|1750822476
|start
|switch|p1a: Amoonguss|Amoonguss, L50, M|100/100
|switch|p1b: Walking Wake|Walking Wake, L50|100/100
|switch|p2a: Iron Valiant|Iron Valiant, L50|100/100
|switch|p2b: Koraidon|Koraidon, L50|100/100
|-weather|SunnyDay|[from] ability: Orichalcum Pulse|[of] p2b: Koraidon
|-activate|p1b: Walking Wake|ability: Protosynthesis
|-start|p1b: Walking Wake|protosynthesisspe
|-activate|p2b: Koraidon|Orichalcum Pulse|[source]
|-enditem|p2a: Iron Valiant|Booster Energy
|-activate|p2a: Iron Valiant|ability: Quark Drive|[fromitem]
|-start|p2a: Iron Valiant|quarkdrivespe
|turn|1
|
|t:|1750822511
|-end|p1b: Walking Wake|Protosynthesis|[silent]
|switch|p1b: Ho-Oh|Ho-Oh, L50|100/100
|-terastallize|p1a: Amoonguss|Water
|move|p2a: Iron Valiant|Icy Wind|p1b: Ho-Oh|[spread] p1a,p1b
|-resisted|p1a: Amoonguss
|-crit|p1a: Amoonguss
|-damage|p1a: Amoonguss|94/100
|-damage|p1b: Ho-Oh|93/100
|-unboost|p1a: Amoonguss|spe|1
|-unboost|p1b: Ho-Oh|spe|1
|move|p2b: Koraidon|Dragon Claw|p1b: Ho-Oh
|-damage|p1b: Ho-Oh|28/100
|move|p1a: Amoonguss|Spore|p2b: Koraidon
|-status|p2b: Koraidon|slp|[from] move: Spore
|
|-weather|SunnyDay|[upkeep]
|upkeep
|turn|2
|
|t:|1750822538
|-terastallize|p2b: Koraidon|Fire
|move|p2a: Iron Valiant|Coaching|p2b: Koraidon
|-boost|p2b: Koraidon|atk|1
|-boost|p2b: Koraidon|def|1
|cant|p2b: Koraidon|slp
|move|p1b: Ho-Oh|Brave Bird|p2b: Koraidon
|-damage|p2b: Koraidon|61/100 slp
|-damage|p1b: Ho-Oh|16/100|[from] Recoil
|move|p1a: Amoonguss|Spore|p2a: Iron Valiant
|-status|p2a: Iron Valiant|slp|[from] move: Spore
|
|-weather|SunnyDay|[upkeep]
|upkeep
|turn|3
|
|t:|1750822558
|switch|p1b: Walking Wake|Walking Wake, L50|100/100
|-activate|p1b: Walking Wake|ability: Protosynthesis
|-start|p1b: Walking Wake|protosynthesisspe
|cant|p2a: Iron Valiant|slp
|cant|p2b: Koraidon|slp
|move|p1a: Amoonguss|Clear Smog|p2b: Koraidon
|-damage|p2b: Koraidon|45/100 slp
|-clearboost|p2b: Koraidon
|
|-weather|SunnyDay|[upkeep]
|upkeep
|turn|4
|
|t:|1750822578
|move|p1a: Amoonguss|Rage Powder|p1a: Amoonguss
|-singleturn|p1a: Amoonguss|move: Rage Powder
|-curestatus|p2a: Iron Valiant|slp|[msg]
|move|p2a: Iron Valiant|Spirit Break|p1a: Amoonguss
|-damage|p1a: Amoonguss|58/100
|-unboost|p1a: Amoonguss|spa|1
|move|p1b: Walking Wake|Hydro Steam|p2b: Koraidon
|-supereffective|p2b: Koraidon
|-crit|p2b: Koraidon
|-damage|p2b: Koraidon|0 fnt
|faint|p2b: Koraidon
|
|-weather|SunnyDay|[upkeep]
|upkeep
|
|t:|1750822590
|switch|p2b: Indeedee|Indeedee-F, L50, F|100/100
|-fieldstart|move: Psychic Terrain|[from] ability: Psychic Surge|[of] p2b: Indeedee
|-enditem|p2b: Indeedee|Psychic Seed
|-boost|p2b: Indeedee|spd|1|[from] item: Psychic Seed
|turn|5
|
|t:|1750822613
|move|p1b: Walking Wake|Protect|p1b: Walking Wake
|-singleturn|p1b: Walking Wake|Protect
|move|p2a: Iron Valiant|Icy Wind|p1b: Walking Wake|[spread] p1a
|-activate|p1b: Walking Wake|move: Protect
|-resisted|p1a: Amoonguss
|-damage|p1a: Amoonguss|54/100
|-unboost|p1a: Amoonguss|spe|1
|move|p2b: Indeedee|Dazzling Gleam|p1b: Walking Wake|[spread] p1a
|-activate|p1b: Walking Wake|move: Protect
|-damage|p1a: Amoonguss|43/100
|move|p1a: Amoonguss|Spore|p2b: Indeedee
|-status|p2b: Indeedee|slp|[from] move: Spore
|
|-weather|none
|-end|p1b: Walking Wake|Protosynthesis
|upkeep
|turn|6
|
|t:|1750822629
|move|p1a: Amoonguss|Rage Powder|p1a: Amoonguss
|-singleturn|p1a: Amoonguss|move: Rage Powder
|move|p2a: Iron Valiant|Icy Wind|p1a: Amoonguss|[spread] p1a,p1b
|-resisted|p1a: Amoonguss
|-damage|p1a: Amoonguss|38/100
|-damage|p1b: Walking Wake|88/100
|-unboost|p1a: Amoonguss|spe|1
|move|p1b: Walking Wake|Snarl|p2b: Indeedee|[spread] p2a
|-miss|p1b: Walking Wake|p2b: Indeedee
|-resisted|p2a: Iron Valiant
|-damage|p2a: Iron Valiant|93/100
|-unboost|p2a: Iron Valiant|spa|1
|cant|p2b: Indeedee|slp
|
|upkeep
|turn|7
|
|t:|1750822650
|switch|p1a: Koraidon|Koraidon, L50|100/100
|-weather|SunnyDay|[from] ability: Orichalcum Pulse|[of] p1a: Koraidon
|-activate|p1b: Walking Wake|ability: Protosynthesis
|-start|p1b: Walking Wake|protosynthesisspe
|-activate|p1a: Koraidon|Orichalcum Pulse|[source]
|move|p2a: Iron Valiant|Spirit Break|p1b: Walking Wake
|-supereffective|p1b: Walking Wake
|-damage|p1b: Walking Wake|0 fnt
|faint|p1b: Walking Wake
|-end|p1b: Walking Wake|Protosynthesis|[silent]
|cant|p2b: Indeedee|slp
|
|-weather|SunnyDay|[upkeep]
|upkeep
|
|t:|1750822662
|switch|p1b: Ho-Oh|Ho-Oh, L50|49/100
|turn|8
|
|t:|1750822672
|switch|p1a: Amoonguss|Amoonguss, L50, M, tera:Water|71/100
|move|p2a: Iron Valiant|Spirit Break|p1a: Amoonguss
|-damage|p1a: Amoonguss|39/100
|-unboost|p1a: Amoonguss|spa|1
|move|p1b: Ho-Oh|Tailwind|p1b: Ho-Oh
|-sidestart|p1: WillieDangerously|move: Tailwind
|-curestatus|p2b: Indeedee|slp|[msg]
|move|p2b: Indeedee|Dazzling Gleam|p1b: Ho-Oh|[spread] p1a,p1b
|-resisted|p1b: Ho-Oh
|-damage|p1a: Amoonguss|28/100
|-damage|p1b: Ho-Oh|45/100
|
|-weather|SunnyDay|[upkeep]
|upkeep
|turn|9
|
|t:|1750822692
|move|p1a: Amoonguss|Rage Powder|p1a: Amoonguss
|-singleturn|p1a: Amoonguss|move: Rage Powder
|move|p1b: Ho-Oh|Brave Bird|p2a: Iron Valiant
|-supereffective|p2a: Iron Valiant
|-damage|p2a: Iron Valiant|0 fnt
|faint|p2a: Iron Valiant
|-end|p2a: Iron Valiant|Quark Drive|[silent]
|-damage|p1b: Ho-Oh|21/100|[from] Recoil
|move|p2b: Indeedee|Dazzling Gleam|p1a: Amoonguss|[spread] p1a,p1b
|-resisted|p1b: Ho-Oh
|-damage|p1a: Amoonguss|18/100
|-damage|p1b: Ho-Oh|17/100
|
|-weather|SunnyDay|[upkeep]
|-fieldend|move: Psychic Terrain
|upkeep
|
|t:|1750822703
|switch|p2a: Calyrex|Calyrex-Shadow, L50|100/100
|-ability|p2a: Calyrex|As One
|-ability|p2a: Calyrex|Unnerve
|turn|10
|
|t:|1750822734
|move|p2b: Indeedee|Follow Me|p2b: Indeedee
|-singleturn|p2b: Indeedee|move: Follow Me
|move|p1b: Ho-Oh|Light Screen|p1b: Ho-Oh
|-sidestart|p1: WillieDangerously|move: Light Screen
|move|p2a: Calyrex|Astral Barrage|p1a: Amoonguss|[spread] p1a,p1b
|-damage|p1a: Amoonguss|0 fnt
|-damage|p1b: Ho-Oh|0 fnt
|faint|p1a: Amoonguss
|faint|p1b: Ho-Oh
|-ability|p2a: Calyrex|Grim Neigh|boost
|-boost|p2a: Calyrex|spa|2
|
|-weather|SunnyDay|[upkeep]
|upkeep
|
|t:|1750822740
|switch|p1b: Koraidon|Koraidon, L50|100/100
|-activate|p1b: Koraidon|ability: Orichalcum Pulse
|turn|11
|
|t:|1750822754
|move|p2b: Indeedee|Follow Me|p2b: Indeedee
|-singleturn|p2b: Indeedee|move: Follow Me
|move|p1b: Koraidon|Flare Blitz|p2b: Indeedee
|-damage|p2b: Indeedee|0 fnt
|faint|p2b: Indeedee
|-damage|p1b: Koraidon|72/100|[from] Recoil
|move|p2a: Calyrex|Expanding Force|p1b: Koraidon
|-supereffective|p1b: Koraidon
|-crit|p1b: Koraidon
|-damage|p1b: Koraidon|0 fnt
|faint|p1b: Koraidon
|
|win|chicovirginio
|raw|WillieDangerously's rating: 1156 &rarr; <strong>1130</strong><br />(-26 for losing)
|raw|chicovirginio's rating: 1140 &rarr; <strong>1166</strong><br />(+26 for winning)
