|j|☆RyanExists
|j|☆olaf-18
|t:|1750724578
|gametype|doubles
|player|p1|RyanExists|allister|1337
|player|p2|olaf-18|169|1329
|teamsize|p1|6
|teamsize|p2|6
|gen|9
|tier|[Gen 9] VGC 2025 Reg I
|rated|
|rule|Species Clause: Limit one of each Pokémon
|rule|Item Clause: Limit 1 of each item
|clearpoke
|poke|p1|Koraidon, L50|
|poke|p1|Tornadus, L50, M|
|poke|p1|Annihilape, L50, M|
|poke|p1|Flutter Mane, L50|
|poke|p1|Eternatus, L50|
|poke|p1|Incineroar, L50, F|
|poke|p2|Espathra, L50, M|
|poke|p2|Calyrex-Shadow, L50|
|poke|p2|Miraidon, L50|
|poke|p2|Indeedee-F, L50, F|
|poke|p2|Incineroar, L50, M|
|poke|p2|Volcarona, L50, M|
|teampreview|4
|
|t:|1750724614
|start
|switch|p1a: Annihilape|Annihilape, L50, M|100/100
|switch|p1b: Eternatus|Eternatus, L50|100/100
|switch|p2a: Espathra|Espathra, L50, M|100/100
|switch|p2b: Miraidon|Miraidon, L50|100/100
|-fieldstart|move: Electric Terrain|[from] ability: Hadron Engine|[of] p2b: Miraidon
|-enditem|p2a: Espathra|Electric Seed
|-boost|p2a: Espathra|def|1|[from] item: Electric Seed
|-ability|p1b: Eternatus|Pressure
|turn|1
|inactive|Battle timer is ON: inactive players will automatically lose when time's up. (requested by RyanExists)
|
|t:|1750724638
|move|p2b: Miraidon|Electro Drift|p1a: Annihilape
|-damage|p1a: Annihilape|12/100
|move|p2a: Espathra|Calm Mind|p2a: Espathra
|-boost|p2a: Espathra|spa|1
|-boost|p2a: Espathra|spd|1
|move|p1b: Eternatus|Dynamax Cannon|p2b: Miraidon
|-supereffective|p2b: Miraidon
|-crit|p2b: Miraidon
|-damage|p2b: Miraidon|0 fnt
|faint|p2b: Miraidon
|move|p1a: Annihilape|Bulk Up|p1a: Annihilape
|-boost|p1a: Annihilape|atk|1
|-boost|p1a: Annihilape|def|1
|
|-ability|p2a: Espathra|Speed Boost|boost
|-boost|p2a: Espathra|spe|1
|upkeep
|
|t:|1750724653
|switch|p2b: Indeedee|Indeedee-F, L50, F|100/100
|turn|2
|inactive|RyanExists has 30 seconds left.
|inactive|RyanExists has 20 seconds left.
|inactive|RyanExists has 15 seconds left.
|
|t:|1750724698
|move|p2b: Indeedee|Follow Me|p2b: Indeedee
|-singleturn|p2b: Indeedee|move: Follow Me
|move|p2a: Espathra|Calm Mind|p2a: Espathra
|-boost|p2a: Espathra|spa|1
|-boost|p2a: Espathra|spd|1
|move|p1b: Eternatus|Dynamax Cannon|p2b: Indeedee
|-damage|p2b: Indeedee|58/100
|move|p1a: Annihilape|Drain Punch|p2b: Indeedee
|-damage|p2b: Indeedee|0 fnt
|-heal|p1a: Annihilape|35/100|[from] drain|[of] p2b: Indeedee
|-damage|p1a: Annihilape|19/100|[from] item: Rocky Helmet|[of] p2b: Indeedee
|faint|p2b: Indeedee
|
|-ability|p2a: Espathra|Speed Boost|boost
|-boost|p2a: Espathra|spe|1
|upkeep
|
|t:|1750724708
|switch|p2b: Calyrex|Calyrex-Shadow, L50|100/100
|-ability|p2b: Calyrex|As One
|-ability|p2b: Calyrex|Unnerve
|turn|3
|
|t:|1750724724
|move|p2a: Espathra|Stored Power|p1b: Eternatus
|-supereffective|p1b: Eternatus
|-damage|p1b: Eternatus|1/100
|move|p2b: Calyrex|Astral Barrage|p1b: Eternatus|[spread] p1a,p1b
|-supereffective|p1a: Annihilape
|-damage|p1a: Annihilape|0 fnt
|-damage|p1b: Eternatus|0 fnt
|faint|p1a: Annihilape
|faint|p1b: Eternatus
|-ability|p2b: Calyrex|Grim Neigh|boost
|-boost|p2b: Calyrex|spa|2
|
|-ability|p2a: Espathra|Speed Boost|boost
|-boost|p2a: Espathra|spe|1
|upkeep
|
|t:|1750724729
|switch|p1b: Flutter Mane|Flutter Mane, L50|100/100
|switch|p1a: Koraidon|Koraidon, L50|100/100
|-weather|SunnyDay|[from] ability: Orichalcum Pulse|[of] p1a: Koraidon
|-activate|p1b: Flutter Mane|ability: Protosynthesis
|-start|p1b: Flutter Mane|protosynthesisspe
|-activate|p1a: Koraidon|Orichalcum Pulse|[source]
|turn|4
|
|t:|1750724749
|move|p2b: Calyrex|Protect|p2b: Calyrex
|-singleturn|p2b: Calyrex|Protect
|move|p1a: Koraidon|Protect|p1a: Koraidon
|-singleturn|p1a: Koraidon|Protect
|move|p2a: Espathra|Stored Power|p1a: Koraidon
|-activate|p1a: Koraidon|move: Protect
|move|p1b: Flutter Mane|Trick Room|p1b: Flutter Mane
|-fieldstart|move: Trick Room|[of] p1b: Flutter Mane
|
|-weather|SunnyDay|[upkeep]
|-ability|p2a: Espathra|Speed Boost|boost
|-boost|p2a: Espathra|spe|1
|upkeep
|turn|5
|inactive|RyanExists has 30 seconds left.
|inactive|RyanExists has 20 seconds left.
|
|t:|1750724789
|-terastallize|p2a: Espathra|Fairy
|move|p1a: Koraidon|Flare Blitz|p2a: Espathra
|-damage|p2a: Espathra|18/100
|-damage|p1a: Koraidon|69/100|[from] Recoil
|-damage|p1a: Koraidon|59/100|[from] item: Life Orb
|move|p2b: Calyrex|Astral Barrage|p1a: Koraidon|[spread] p1a,p1b
|-supereffective|p1b: Flutter Mane
|-damage|p1a: Koraidon|0 fnt
|-enditem|p1b: Flutter Mane|Focus Sash
|-damage|p1b: Flutter Mane|1/100
|faint|p1a: Koraidon
|-ability|p2b: Calyrex|Grim Neigh|boost
|-boost|p2b: Calyrex|spa|1
|move|p1b: Flutter Mane|Shadow Ball|p2b: Calyrex
|-supereffective|p2b: Calyrex
|-enditem|p2b: Calyrex|Focus Sash
|-damage|p2b: Calyrex|1/100
|-unboost|p2b: Calyrex|spd|1
|move|p2a: Espathra|Stored Power|p1b: Flutter Mane
|-damage|p1b: Flutter Mane|0 fnt
|faint|p1b: Flutter Mane
|-end|p1b: Flutter Mane|Protosynthesis|[silent]
|
|win|olaf-18
|raw|RyanExists's rating: 1337 &rarr; <strong>1317</strong><br />(-20 for losing)
|raw|olaf-18's rating: 1329 &rarr; <strong>1349</strong><br />(+20 for winning)
|l|☆RyanExists
|player|p1|
|l|☆olaf-18
|player|p2|
