|j|☆yaasuto
|j|☆khe7marak
|t:|1750826874
|gametype|doubles
|player|p1|yaasuto|hilbert|1624
|player|p2|khe7marak|169|1598
|teamsize|p1|6
|teamsize|p2|6
|gen|9
|tier|[Gen 9] VGC 2025 Reg I
|rated|
|rule|Species Clause: Limit one of each Pokémon
|rule|Item Clause: Limit 1 of each item
|clearpoke
|poke|p1|Ho-Oh, L50|
|poke|p1|Eternatus, L50|
|poke|p1|Incineroar, L50, M|
|poke|p1|Rillaboom, L50, M|
|poke|p1|Toxapex, L50, M|
|poke|p1|Ting-Lu, L50|
|poke|p2|Calyrex-Shadow, L50|
|poke|p2|Zamazenta-*, L50|
|poke|p2|Smeargle, L50, M|
|poke|p2|Rillaboom, L50, F|
|poke|p2|Raging Bolt, L50|
|poke|p2|Tornadus, L50, M|
|teampreview|4
|inactive|Battle timer is ON: inactive players will automatically lose when time's up. (requested by yaasuto)
|
|t:|1750826896
|start
|switch|p1a: Eternatus|Eternatus, L50|100/100
|switch|p1b: Ting-Lu|Ting-Lu, L50|100/100
|switch|p2a: Calyrex|Calyrex-Shadow, L50|100/100
|switch|p2b: Smeargle|Smeargle, L50, M|100/100
|-ability|p2a: Calyrex|As One
|-ability|p2a: Calyrex|Unnerve
|-ability|p1a: Eternatus|Pressure
|-ability|p1b: Ting-Lu|Vessel of Ruin
|turn|1
|
|t:|1750826911
|-terastallize|p2a: Calyrex|Dark
|move|p2b: Smeargle|Fake Out|p1b: Ting-Lu
|-damage|p1b: Ting-Lu|98/100
|move|p2a: Calyrex|Nasty Plot|p2a: Calyrex
|-boost|p2a: Calyrex|spa|2
|move|p1a: Eternatus|Substitute|p1a: Eternatus
|-start|p1a: Eternatus|Substitute
|-damage|p1a: Eternatus|76/100
|cant|p1b: Ting-Lu|flinch
|
|-heal|p1a: Eternatus|82/100|[from] item: Black Sludge
|-heal|p1b: Ting-Lu|100/100|[from] item: Leftovers
|-ability|p2b: Smeargle|Moody|boost
|-boost|p2b: Smeargle|atk|2
|-unboost|p2b: Smeargle|spa|1
|upkeep
|turn|2
|
|t:|1750826928
|move|p2b: Smeargle|Follow Me|p2b: Smeargle
|-singleturn|p2b: Smeargle|move: Follow Me
|move|p2a: Calyrex|Astral Barrage|p1b: Ting-Lu|[spread] p1a,p1b
|-end|p1a: Eternatus|Substitute
|-resisted|p1b: Ting-Lu
|-damage|p1b: Ting-Lu|74/100
|-damage|p2a: Calyrex|91/100|[from] item: Life Orb
|move|p1a: Eternatus|Toxic|p2b: Smeargle
|-status|p2b: Smeargle|tox
|move|p1b: Ting-Lu|Snarl|p2b: Smeargle|[spread] p2a,p2b
|-resisted|p2a: Calyrex
|-damage|p2a: Calyrex|87/100
|-damage|p2b: Smeargle|78/100 tox
|-unboost|p2a: Calyrex|spa|1
|-unboost|p2b: Smeargle|spa|1
|
|-heal|p1a: Eternatus|88/100|[from] item: Black Sludge
|-heal|p1b: Ting-Lu|80/100|[from] item: Leftovers
|-damage|p2b: Smeargle|72/100 tox|[from] psn
|-ability|p2b: Smeargle|Moody|boost
|-boost|p2b: Smeargle|spe|2
|-unboost|p2b: Smeargle|atk|1
|upkeep
|turn|3
|inactive|yaasuto has 30 seconds left.
|inactive|khe7marak has 30 seconds left.
|
|t:|1750826955
|move|p2b: Smeargle|Spore|p1a: Eternatus
|-status|p1a: Eternatus|slp|[from] move: Spore
|move|p2a: Calyrex|Astral Barrage|p1a: Eternatus|[spread] p1a,p1b
|-resisted|p1b: Ting-Lu
|-damage|p1a: Eternatus|42/100 slp
|-damage|p1b: Ting-Lu|56/100
|-damage|p2a: Calyrex|77/100|[from] item: Life Orb
|cant|p1a: Eternatus|slp
|move|p1b: Ting-Lu|Snarl|p2a: Calyrex|[spread] p2a,p2b
|-resisted|p2a: Calyrex
|-damage|p2a: Calyrex|73/100
|-damage|p2b: Smeargle|49/100 tox
|-unboost|p2a: Calyrex|spa|1
|-unboost|p2b: Smeargle|spa|1
|
|-heal|p1a: Eternatus|48/100 slp|[from] item: Black Sludge
|-heal|p1b: Ting-Lu|62/100|[from] item: Leftovers
|-damage|p2b: Smeargle|37/100 tox|[from] psn
|-ability|p2b: Smeargle|Moody|boost
|-boost|p2b: Smeargle|spd|2
|-unboost|p2b: Smeargle|def|1
|upkeep
|turn|4
|
|t:|1750826969
|switch|p1a: Incineroar|Incineroar, L50, M|100/100
|-ability|p1a: Incineroar|Intimidate|boost
|-unboost|p2a: Calyrex|atk|1
|-unboost|p2b: Smeargle|atk|1
|move|p1b: Ting-Lu|Protect|p1b: Ting-Lu
|-singleturn|p1b: Ting-Lu|Protect
|move|p2b: Smeargle|Decorate|p2a: Calyrex
|-boost|p2a: Calyrex|atk|2
|-boost|p2a: Calyrex|spa|2
|move|p2a: Calyrex|Astral Barrage|p1a: Incineroar|[spread] p1a
|-activate|p1b: Ting-Lu|move: Protect
|-resisted|p1a: Incineroar
|-damage|p1a: Incineroar|62/100
|-damage|p2a: Calyrex|63/100|[from] item: Life Orb
|
|-heal|p1b: Ting-Lu|68/100|[from] item: Leftovers
|-damage|p2b: Smeargle|19/100 tox|[from] psn
|-ability|p2b: Smeargle|Moody|boost
|-boost|p2b: Smeargle|spe|2
|-unboost|p2b: Smeargle|def|1
|upkeep
|turn|5
|-message|yaasuto forfeited.
|
|win|khe7marak
|raw|yaasuto's rating: 1624 &rarr; <strong>1603</strong><br />(-21 for losing)
|raw|khe7marak's rating: 1598 &rarr; <strong>1619</strong><br />(+21 for winning)
|l|☆yaasuto
|player|p1|
|l|☆khe7marak
|player|p2|
