|j|☆k1lerium
|j|☆TheIsley
|t:|1750858702
|gametype|doubles
|player|p1|k1lerium|169|1209
|player|p2|TheIsley|pokemonranger-gen4|1235
|teamsize|p1|6
|teamsize|p2|6
|gen|9
|tier|[Gen 9] VGC 2025 Reg I
|rated|
|rule|Species Clause: Limit one of each Pokémon
|rule|Item Clause: Limit 1 of each item
|clearpoke
|poke|p1|Miraidon, L50|
|poke|p1|Lunala, L50|
|poke|p1|Ursaluna, L50, F|
|poke|p1|Urshifu-*, L50, F|
|poke|p1|Incineroar, L50, F|
|poke|p1|Whimsicott, L50, M|
|poke|p2|Koraidon, L50|
|poke|p2|Reshiram, L50|
|poke|p2|Tornadus, L50, M|
|poke|p2|Brute Bonnet, L50|
|poke|p2|Flutter Mane, L50|
|poke|p2|Incineroar, L50, M|
|teampreview|4
|inactive|Battle timer is ON: inactive players will automatically lose when time's up. (requested by k1lerium)
k1lerium rejected open team sheets.
|inactive|TheIsley has 60 seconds left.
|
|t:|1750858765
|start
|switch|p1a: Miraidon|Miraidon, L50|100/100
|switch|p1b: Whimsicott|Whimsicott, L50, M|100/100
|switch|p2a: Koraidon|Koraidon, L50|100/100
|switch|p2b: Incineroar|Incineroar, L50, M, shiny|100/100
|-fieldstart|move: Electric Terrain|[from] ability: Hadron Engine|[of] p1a: Miraidon
|-weather|SunnyDay|[from] ability: Orichalcum Pulse|[of] p2a: Koraidon
|-activate|p2a: Koraidon|Orichalcum Pulse|[source]
|-ability|p2b: Incineroar|Intimidate|boost
|-unboost|p1a: Miraidon|atk|1
|-unboost|p1b: Whimsicott|atk|1
|turn|1
|
|t:|1750858782
|switch|p1a: Lunala|Lunala, L50|100/100
|-enditem|p1a: Lunala|Electric Seed
|-boost|p1a: Lunala|def|1|[from] item: Electric Seed
|move|p2b: Incineroar|Fake Out|p1a: Lunala
|-immune|p1a: Lunala
|move|p1b: Whimsicott|Tailwind|p1b: Whimsicott
|-sidestart|p1: k1lerium|move: Tailwind
|move|p2a: Koraidon|U-turn|p1a: Lunala
|-damage|p1a: Lunala|87/100
|
|t:|1750858792
|switch|p2a: Brutoseta|Brute Bonnet, L50|100/100|[from] U-turn
|-activate|p2a: Brutoseta|ability: Protosynthesis
|-start|p2a: Brutoseta|protosynthesisdef
|
|-weather|SunnyDay|[upkeep]
|upkeep
|turn|2
|inactive|k1lerium has 30 seconds left.
|
|t:|1750858822
|move|p2a: Brutoseta|Sucker Punch|p1a: Lunala
|-supereffective|p1a: Lunala
|-damage|p1a: Lunala|26/100
|move|p1b: Whimsicott|Moonblast|p2a: Brutoseta
|-supereffective|p2a: Brutoseta
|-damage|p2a: Brutoseta|62/100
|move|p1a: Lunala|Moonblast|p2a: Brutoseta
|-supereffective|p2a: Brutoseta
|-damage|p2a: Brutoseta|8/100
|-unboost|p2a: Brutoseta|spa|1
|move|p2b: Incineroar|Parting Shot|p1a: Lunala
|-unboost|p1a: Lunala|atk|1
|-unboost|p1a: Lunala|spa|1
|
|t:|1750858835
|switch|p2b: Reshiram|Reshiram, L50, shiny|100/100|[from] Parting Shot
|-ability|p2b: Reshiram|Turboblaze
|
|-weather|SunnyDay|[upkeep]
|upkeep
|turn|3
|
|t:|1750858850
|-end|p2a: Brutoseta|Protosynthesis|[silent]
|switch|p2a: Incineroar|Incineroar, L50, M, shiny|100/100
|-ability|p2a: Incineroar|Intimidate|boost
|-unboost|p1a: Lunala|atk|1
|-unboost|p1b: Whimsicott|atk|1
|move|p1a: Lunala|Wide Guard|p1a: Lunala
|-singleturn|p1a: Lunala|Wide Guard
|move|p1b: Whimsicott|Moonblast|p2a: Incineroar
|-damage|p2a: Incineroar|78/100
|-unboost|p2a: Incineroar|spa|1
|move|p2b: Reshiram|Heat Wave|p1a: Lunala|[spread] 
|-activate|p1a: Lunala|move: Wide Guard
|-activate|p1b: Whimsicott|move: Wide Guard
|
|-weather|SunnyDay|[upkeep]
|-heal|p2a: Incineroar|84/100|[from] item: Leftovers
|upkeep
|turn|4
|inactive|k1lerium has 30 seconds left.
|
|t:|1750858880
|switch|p1a: Miraidon|Miraidon, L50|100/100
|-activate|p1a: Miraidon|ability: Hadron Engine
|move|p2a: Incineroar|Fake Out|p1b: Whimsicott
|-damage|p1b: Whimsicott|92/100
|move|p1b: Whimsicott|Light Screen|p1b: Whimsicott
|-sidestart|p1: k1lerium|move: Light Screen
|move|p2b: Reshiram|Fusion Flare|p1a: Miraidon
|-resisted|p1a: Miraidon
|-damage|p1a: Miraidon|72/100
|
|-weather|SunnyDay|[upkeep]
|-heal|p2a: Incineroar|90/100|[from] item: Leftovers
|-sideend|p1: k1lerium|move: Tailwind
|upkeep
|turn|5
|
|t:|1750858897
|-terastallize|p1a: Miraidon|Fairy
|move|p1b: Whimsicott|Tailwind|p1b: Whimsicott
|-sidestart|p1: k1lerium|move: Tailwind
|move|p1a: Miraidon|Dazzling Gleam|p2b: Reshiram|[spread] p2a,p2b
|-crit|p2a: Incineroar
|-damage|p2a: Incineroar|10/100
|-damage|p2b: Reshiram|67/100
|move|p2b: Reshiram|Heat Wave|p1a: Miraidon|[spread] p1a,p1b
|-supereffective|p1b: Whimsicott
|-damage|p1a: Miraidon|32/100
|-damage|p1b: Whimsicott|0 fnt
|faint|p1b: Whimsicott
|move|p2a: Incineroar|Parting Shot|p1a: Miraidon
|-unboost|p1a: Miraidon|atk|1
|-unboost|p1a: Miraidon|spa|1
|
|t:|1750858910
|switch|p2a: Brutoseta|Brute Bonnet, L50|8/100|[from] Parting Shot
|-activate|p2a: Brutoseta|ability: Protosynthesis
|-start|p2a: Brutoseta|protosynthesisdef
|
|-weather|none
|-end|p2a: Brutoseta|Protosynthesis
|-fieldend|move: Electric Terrain
|upkeep
|
|t:|1750858920
|switch|p1b: Ursaluna|Ursaluna, L50, F|100/100
|turn|6
|
|t:|1750858933
|switch|p1a: Lunala|Lunala, L50|26/100
|move|p1b: Ursaluna|Protect|p1b: Ursaluna
|-singleturn|p1b: Ursaluna|Protect
|move|p2b: Reshiram|Heat Wave|p1a: Lunala|[spread] p1a
|-activate|p1b: Ursaluna|move: Protect
|-crit|p1a: Lunala
|-damage|p1a: Lunala|0 fnt
|faint|p1a: Lunala
|move|p2a: Brutoseta|Spore|p1b: Ursaluna
|-activate|p1b: Ursaluna|move: Protect
|
|-status|p1b: Ursaluna|brn|[from] item: Flame Orb
|upkeep
|
|t:|1750858945
|switch|p1a: Miraidon|Miraidon, L50, tera:Fairy|32/100
|-fieldstart|move: Electric Terrain|[from] ability: Hadron Engine|[of] p1a: Miraidon
|turn|7
|
|t:|1750858963
|move|p2a: Brutoseta|Sucker Punch|p1b: Ursaluna
|-damage|p1b: Ursaluna|79/100 brn
|move|p1a: Miraidon|Draco Meteor|p2b: Reshiram
|-supereffective|p2b: Reshiram
|-damage|p2b: Reshiram|0 fnt
|-unboost|p1a: Miraidon|spa|2
|faint|p2b: Reshiram
|move|p1b: Ursaluna|Earthquake|p2a: Brutoseta|[spread] p1a,p2a
|-resisted|p2a: Brutoseta
|-damage|p1a: Miraidon|0 fnt
|-damage|p2a: Brutoseta|0 fnt
|faint|p1a: Miraidon
|faint|p2a: Brutoseta
|-end|p2a: Brutoseta|Protosynthesis|[silent]
|
|-damage|p1b: Ursaluna|73/100 brn|[from] brn
|upkeep
|
|t:|1750858976
|switch|p2b: Koraidon|Koraidon, L50|100/100
|switch|p2a: Incineroar|Incineroar, L50, M, shiny|10/100
|-weather|SunnyDay|[from] ability: Orichalcum Pulse|[of] p2b: Koraidon
|-activate|p2b: Koraidon|Orichalcum Pulse|[source]
|-ability|p2a: Incineroar|Intimidate|boost
|-unboost|p1b: Ursaluna|atk|1
|turn|8
|
|t:|1750858986
|-terastallize|p2a: Incineroar|Ghost
|move|p1b: Ursaluna|Protect|p1b: Ursaluna
|-singleturn|p1b: Ursaluna|Protect
|move|p2a: Incineroar|Fake Out|p1b: Ursaluna
|-activate|p1b: Ursaluna|move: Protect
|move|p2b: Koraidon|Collision Course|p1b: Ursaluna
|-activate|p1b: Ursaluna|move: Protect
|
|-weather|SunnyDay|[upkeep]
|-heal|p2a: Incineroar|16/100|[from] item: Leftovers
|-damage|p1b: Ursaluna|67/100 brn|[from] brn
|-sideend|p1: k1lerium|move: Light Screen
|-sideend|p1: k1lerium|move: Tailwind
|upkeep
|turn|9
|
|t:|1750859010
|move|p2b: Koraidon|Collision Course|p1b: Ursaluna
|-supereffective|p1b: Ursaluna
|-damage|p1b: Ursaluna|0 fnt
|faint|p1b: Ursaluna
|
|win|TheIsley
|raw|k1lerium's rating: 1209 &rarr; <strong>1186</strong><br />(-23 for losing)
|raw|TheIsley's rating: 1235 &rarr; <strong>1258</strong><br />(+23 for winning)
|l|☆k1lerium
|player|p1|
|l|☆TheIsley
|player|p2|
