|j|‽heelkey
|j|☆rongyin2
|t:|1750743427
|gametype|doubles
|player|p1|heelkey|red|1295
|player|p2|rongyin2|dawn|1364
|teamsize|p1|6
|teamsize|p2|6
|gen|9
|tier|[Gen 9] VGC 2025 Reg I
|rated|
|rule|Species Clause: Limit one of each Pokémon
|rule|Item Clause: Limit 1 of each item
|clearpoke
|poke|p1|Koraidon, L50|
|poke|p1|Flutter Mane, L50|
|poke|p1|Scream Tail, L50|
|poke|p1|Mewtwo, L50|
|poke|p1|Incineroar, L50, F|
|poke|p1|Raging Bolt, L50|
|poke|p2|Calyrex-Shadow, L50|
|poke|p2|Weezing-Galar, L50, F|
|poke|p2|Regigigas, L50|
|poke|p2|Iron Hands, L50|
|poke|p2|Eternatus, L50|
|poke|p2|Incineroar, L50, F|
|teampreview|4
|inactive|Battle timer is ON: inactive players will automatically lose when time's up. (requested by rongyin2)
|inactive|heelkey has 60 seconds left.
|
|t:|1750743470
|start
|switch|p1a: Mewtwo|Mewtwo, L50|100/100
|switch|p1b: Flutter Mane|Flutter Mane, L50|100/100
|switch|p2a: Regigigas|Regigigas, L50|100/100
|switch|p2b: Weezing|Weezing-Galar, L50, F|100/100
|-ability|p2b: Weezing|Neutralizing Gas
|turn|1
|inactive|heelkey has 30 seconds left.
|
|t:|1750743498
|move|p2b: Weezing|Protect|p2b: Weezing
|-singleturn|p2b: Weezing|Protect
|move|p1b: Flutter Mane|Icy Wind|p2b: Weezing|[spread] p2a
|-activate|p2b: Weezing|move: Protect
|-damage|p2a: Regigigas|88/100
|move|p1a: Mewtwo|Psyshock|p2b: Weezing
|-activate|p2b: Weezing|move: Protect
|move|p2a: Regigigas|Knock Off|p1a: Mewtwo
|-supereffective|p1a: Mewtwo
|-damage|p1a: Mewtwo|23/100
|-enditem|p1a: Mewtwo|Choice Specs|[from] move: Knock Off|[of] p2a: Regigigas
|
|upkeep
|turn|2
|inactive|heelkey has 30 seconds left.
|inactive|rongyin2 has 30 seconds left.
|
|t:|1750743527
|-terastallize|p2b: Weezing|Grass
|move|p1b: Flutter Mane|Protect|p1b: Flutter Mane
|-singleturn|p1b: Flutter Mane|Protect
|move|p1a: Mewtwo|Psyshock|p2b: Weezing
|-damage|p2b: Weezing|56/100
|move|p2a: Regigigas|Knock Off|p1b: Flutter Mane
|-activate|p1b: Flutter Mane|move: Protect
|move|p2b: Weezing|Sludge Bomb|p1b: Flutter Mane
|-activate|p1b: Flutter Mane|move: Protect
|
|-heal|p2b: Weezing|62/100|[from] item: Leftovers
|upkeep
|turn|3
|inactive|heelkey has 30 seconds left.
|inactive|heelkey has 20 seconds left.
|
|t:|1750743564
|move|p2b: Weezing|Protect|p2b: Weezing
|-singleturn|p2b: Weezing|Protect
|move|p1b: Flutter Mane|Shadow Ball|p2b: Weezing
|-activate|p2b: Weezing|move: Protect
|move|p1a: Mewtwo|Aura Sphere|p2a: Regigigas
|-supereffective|p2a: Regigigas
|-damage|p2a: Regigigas|39/100
|move|p2a: Regigigas|Knock Off|p1b: Flutter Mane
|-damage|p1b: Flutter Mane|10/100
|-enditem|p1b: Flutter Mane|Focus Sash|[from] move: Knock Off|[of] p2a: Regigigas
|
|-heal|p2b: Weezing|68/100|[from] item: Leftovers
|upkeep
|turn|4
|inactive|heelkey has 30 seconds left.
|inactive|heelkey has 20 seconds left.
|
|t:|1750743603
|move|p1b: Flutter Mane|Moonblast|p2b: Weezing
|-damage|p2b: Weezing|23/100
|move|p1a: Mewtwo|Psyshock|p2b: Weezing
|-damage|p2b: Weezing|0 fnt
|faint|p2b: Weezing
|-end|p2b: Weezing|ability: Neutralizing Gas
|-ability|p1a: Mewtwo|Unnerve
|-start|p2a: Regigigas|ability: Slow Start
|move|p2a: Regigigas|Knock Off|p1a: Mewtwo
|-supereffective|p1a: Mewtwo
|-damage|p1a: Mewtwo|0 fnt
|faint|p1a: Mewtwo
|
|upkeep
|
|t:|1750743624
|switch|p1a: Koraidon|Koraidon, L50|100/100
|switch|p2b: Calyrex|Calyrex-Shadow, L50|100/100
|-ability|p2b: Calyrex|As One
|-ability|p2b: Calyrex|Unnerve
|-weather|SunnyDay|[from] ability: Orichalcum Pulse|[of] p1a: Koraidon
|-activate|p1b: Flutter Mane|ability: Protosynthesis
|-start|p1b: Flutter Mane|protosynthesisspe
|-activate|p1a: Koraidon|Orichalcum Pulse|[source]
|turn|5
|
|t:|1750743647
|-terastallize|p1a: Koraidon|Fire
|move|p2b: Calyrex|Protect|p2b: Calyrex
|-singleturn|p2b: Calyrex|Protect
|move|p1b: Flutter Mane|Moonblast|p2a: Regigigas
|-damage|p2a: Regigigas|0 fnt
|faint|p2a: Regigigas
|-end|p2a: Regigigas|Slow Start|[silent]
|move|p1a: Koraidon|Flare Blitz|p2b: Calyrex
|-activate|p2b: Calyrex|move: Protect
|
|-weather|SunnyDay|[upkeep]
|upkeep
|
|t:|1750743657
|switch|p2a: Eternatus|Eternatus, L50|100/100
|-ability|p2a: Eternatus|Pressure
|turn|6
|
|t:|1750743674
|move|p1b: Flutter Mane|Icy Wind|p2a: Eternatus|[spread] p2a,p2b
|-supereffective|p2a: Eternatus
|-damage|p2a: Eternatus|84/100
|-damage|p2b: Calyrex|86/100
|-unboost|p2a: Eternatus|spe|1
|-unboost|p2b: Calyrex|spe|1
|move|p1a: Koraidon|Flare Blitz|p2b: Calyrex
|-damage|p2b: Calyrex|0 fnt
|faint|p2b: Calyrex
|-damage|p1a: Koraidon|69/100|[from] Recoil
|-damage|p1a: Koraidon|59/100|[from] item: Life Orb
|move|p2a: Eternatus|Sludge Wave|p1b: Flutter Mane|[spread] p1a,p1b
|-damage|p1a: Koraidon|18/100
|-damage|p1b: Flutter Mane|0 fnt
|faint|p1b: Flutter Mane
|-end|p1b: Flutter Mane|Protosynthesis|[silent]
|
|-weather|SunnyDay|[upkeep]
|upkeep
|
|t:|1750743692
|switch|p1b: Incineroar|Incineroar, L50, F|100/100
|-ability|p1b: Incineroar|Intimidate|boost
|-unboost|p2a: Eternatus|atk|1
|turn|7
|
|t:|1750743702
|move|p1b: Incineroar|Fake Out|p2a: Eternatus
|-damage|p2a: Eternatus|77/100
|move|p1a: Koraidon|Close Combat|p2a: Eternatus
|-resisted|p2a: Eternatus
|-damage|p2a: Eternatus|33/100
|-unboost|p1a: Koraidon|def|1
|-unboost|p1a: Koraidon|spd|1
|-damage|p1a: Koraidon|8/100|[from] item: Life Orb
|cant|p2a: Eternatus|flinch
|
|-weather|SunnyDay|[upkeep]
|upkeep
|turn|8
|
|t:|1750743721
|move|p1a: Koraidon|Close Combat|p2a: Eternatus
|-resisted|p2a: Eternatus
|-damage|p2a: Eternatus|0 fnt
|-unboost|p1a: Koraidon|def|1
|-unboost|p1a: Koraidon|spd|1
|faint|p2a: Eternatus
|-damage|p1a: Koraidon|0 fnt|[from] item: Life Orb
|faint|p1a: Koraidon
|
|win|heelkey
|raw|heelkey's rating: 1295 &rarr; <strong>1325</strong><br />(+30 for winning)
|raw|rongyin2's rating: 1364 &rarr; <strong>1340</strong><br />(-24 for losing)
|l|☆rongyin2
|player|p2|
|l|‽heelkey
|player|p1|
