|j|☆Troller313
|j|☆carlitinchi
|t:|1750781826
|gametype|doubles
|player|p1|Troller313|lucas-gen4pt|1401
|player|p2|carlitinchi|1|1483
|teamsize|p1|6
|teamsize|p2|6
|gen|9
|tier|[Gen 9] VGC 2025 Reg I
|rated|
|rule|Species Clause: Limit one of each Pokémon
|rule|Item Clause: Limit 1 of each item
|clearpoke
|poke|p1|Rhydon, L50, M|
|poke|p1|Ho-Oh, L50|
|poke|p1|Suicune, L50|
|poke|p1|Grimmsnarl, L50, M|
|poke|p1|Eternatus, L50|
|poke|p1|Ogerpon-Wellspring, L50, F|
|poke|p2|Calyrex-Ice, L50|
|poke|p2|Overqwil, L50, F|
|poke|p2|Ho-Oh, L50|
|poke|p2|Ting-Lu, L50|
|poke|p2|Rillaboom, L50, F|
|poke|p2|Ogerpon-Wellspring, L50, F|
|teampreview|4
|inactive|Battle timer is ON: inactive players will automatically lose when time's up. (requested by carlitinchi)
|
|t:|1750781871
|start
|switch|p1a: Eternatus|Eternatus, L50|100/100
|switch|p1b: Ogerpon|Ogerpon-Wellspring, L50, F|100/100
|switch|p2a: Calyrex|Calyrex-Ice, L50|100/100
|switch|p2b: Overqwil|Overqwil, L50, F|100/100
|-ability|p2a: Calyrex|As One
|-ability|p2a: Calyrex|Unnerve
|-ability|p1a: Eternatus|Pressure
|-ability|p2b: Overqwil|Intimidate|boost
|-unboost|p1a: Eternatus|atk|1
|-unboost|p1b: Ogerpon|atk|1
|turn|1
|inactive|Troller313 has 30 seconds left.
|
|t:|1750781901
|switch|p1a: Suicune|Suicune, L50|100/100
|move|p1b: Ogerpon|Spiky Shield|p1b: Ogerpon
|-singleturn|p1b: Ogerpon|move: Protect
|move|p2b: Overqwil|Barb Barrage|p1b: Ogerpon
|-activate|p1b: Ogerpon|move: Protect
|move|p2a: Calyrex|Leech Seed|p1a: Suicune|[miss]
|-miss|p2a: Calyrex|p1a: Suicune
|
|upkeep
|turn|2
|inactive|Troller313 has 30 seconds left.
|
|t:|1750781932
|switch|p1b: Ho-Oh|Ho-Oh, L50|100/100
|move|p1a: Suicune|Chilling Water|p2a: Calyrex
|-damage|p2a: Calyrex|89/100
|-unboost|p2a: Calyrex|atk|1
|move|p2b: Overqwil|Barb Barrage|p1b: Ho-Oh
|-damage|p1b: Ho-Oh|82/100
|move|p2a: Calyrex|Leech Seed|p1a: Suicune
|-start|p1a: Suicune|move: Leech Seed
|
|-heal|p1b: Ho-Oh|88/100|[from] item: Leftovers
|-heal|p2a: Calyrex|95/100|[from] item: Leftovers
|-damage|p1a: Suicune|88/100|[from] Leech Seed|[of] p2a: Calyrex
|-heal|p2a: Calyrex|100/100|[silent]
|upkeep
|turn|3
|inactive|Troller313 has 30 seconds left.
|
|t:|1750781959
|-terastallize|p2a: Calyrex|Water
|move|p1a: Suicune|Chilling Water|p2b: Overqwil
|-damage|p2b: Overqwil|85/100
|-unboost|p2b: Overqwil|atk|1
|move|p1b: Ho-Oh|Substitute|p1b: Ho-Oh
|-start|p1b: Ho-Oh|Substitute
|-damage|p1b: Ho-Oh|63/100
|move|p2b: Overqwil|Barb Barrage|p1a: Suicune
|-damage|p1a: Suicune|77/100
|-status|p1a: Suicune|psn
|move|p2a: Calyrex|Leech Seed||[still]
|-fail|p2a: Calyrex
|
|-heal|p1b: Ho-Oh|69/100|[from] item: Leftovers
|-heal|p2b: Overqwil|91/100|[from] item: Black Sludge
|-damage|p1a: Suicune|64/100 psn|[from] Leech Seed|[of] p2a: Calyrex
|-damage|p1a: Suicune|52/100 psn|[from] psn
|upkeep
|turn|4
|inactive|Troller313 has 30 seconds left.
|inactive|carlitinchi has 30 seconds left.
|
|t:|1750781994
|switch|p1a: Eternatus|Eternatus, L50|100/100
|-ability|p1a: Eternatus|Pressure
|switch|p2a: Ting-Lu|Ting-Lu, L50|100/100
|-ability|p2a: Ting-Lu|Vessel of Ruin
|move|p1b: Ho-Oh|Sacred Fire|p2a: Ting-Lu
|-damage|p2a: Ting-Lu|73/100
|-status|p2a: Ting-Lu|brn
|move|p2b: Overqwil|Barb Barrage|p1b: Ho-Oh
|-activate|p1b: Ho-Oh|move: Substitute|[damage]
|
|-heal|p1b: Ho-Oh|75/100|[from] item: Leftovers
|-heal|p2b: Overqwil|97/100|[from] item: Black Sludge
|-damage|p2a: Ting-Lu|67/100 brn|[from] brn
|upkeep
|turn|5
|inactive|Troller313 has 30 seconds left.
|inactive|Troller313 has 20 seconds left.
|inactive|Troller313 has 15 seconds left.
|
|t:|1750782034
|switch|p2b: Calyrex|Calyrex-Ice, L50, tera:Water|100/100
|-ability|p2b: Calyrex|As One
|-ability|p2b: Calyrex|Unnerve
|move|p1a: Eternatus|Dynamax Cannon|p2b: Calyrex
|-damage|p2b: Calyrex|79/100
|move|p1b: Ho-Oh|Sacred Fire|p2b: Calyrex
|-resisted|p2b: Calyrex
|-damage|p2b: Calyrex|69/100
|-status|p2b: Calyrex|brn
|move|p2a: Ting-Lu|Stone Edge|p1b: Ho-Oh|[miss]
|-miss|p2a: Ting-Lu|p1b: Ho-Oh
|
|-heal|p1b: Ho-Oh|82/100|[from] item: Leftovers
|-heal|p2b: Calyrex|74/100 brn|[from] item: Leftovers
|-damage|p2a: Ting-Lu|61/100 brn|[from] brn
|-damage|p2b: Calyrex|69/100 brn|[from] brn
|upkeep
|turn|6
|j| falafel hunk chunk
|inactive|Troller313 has 30 seconds left.
|inactive|Troller313 has 20 seconds left.
|inactive|Troller313 has 15 seconds left.
|l|☆carlitinchi
|inactive|carlitinchi disconnected and has a minute to reconnect!
|player|p2|
|
|t:|1750782074
|switch|p1a: Suicune|Suicune, L50|52/100 psn
|move|p1b: Ho-Oh|Sacred Fire|p2a: Ting-Lu
|-damage|p2a: Ting-Lu|36/100 brn
|move|p2a: Ting-Lu|Stone Edge|p1b: Ho-Oh
|-supereffective|p1b: Ho-Oh
|-end|p1b: Ho-Oh|Substitute
|move|p2b: Calyrex|Leech Seed|p1a: Suicune
|-start|p1a: Suicune|move: Leech Seed
|
|-heal|p1b: Ho-Oh|88/100|[from] item: Leftovers
|-heal|p2b: Calyrex|74/100 brn|[from] item: Leftovers
|-damage|p1a: Suicune|39/100 psn|[from] Leech Seed|[of] p2b: Calyrex
|-heal|p2b: Calyrex|86/100 brn|[silent]
|-damage|p1a: Suicune|27/100 psn|[from] psn
|-damage|p2a: Ting-Lu|30/100 brn|[from] brn
|-damage|p2b: Calyrex|80/100 brn|[from] brn
|upkeep
|turn|7
|j|☆carlitinchi
|inactive|carlitinchi reconnected and has 40 seconds left.
|player|p2|carlitinchi|1|
|inactive|carlitinchi has 30 seconds left.
|
|t:|1750782109
|switch|p2a: Overqwil|Overqwil, L50, F|97/100
|-ability|p2a: Overqwil|Intimidate|boost
|-fail|p1a: Suicune|unboost|Attack|[from] ability: Inner Focus|[of] p1a: Suicune
|-unboost|p1b: Ho-Oh|atk|1
|move|p1a: Suicune|Scald|p2a: Overqwil
|-damage|p2a: Overqwil|72/100
|-status|p2a: Overqwil|brn
|move|p1b: Ho-Oh|Substitute|p1b: Ho-Oh
|-start|p1b: Ho-Oh|Substitute
|-damage|p1b: Ho-Oh|63/100
|move|p2b: Calyrex|Trick Room|p2b: Calyrex
|-fieldstart|move: Trick Room|[of] p2b: Calyrex
|
|-heal|p2b: Calyrex|86/100 brn|[from] item: Leftovers
|-heal|p2a: Overqwil|78/100 brn|[from] item: Black Sludge
|-heal|p1b: Ho-Oh|69/100|[from] item: Leftovers
|-damage|p1a: Suicune|14/100 psn|[from] Leech Seed|[of] p2b: Calyrex
|-heal|p2b: Calyrex|98/100 brn|[silent]
|-damage|p1a: Suicune|2/100 psn|[from] psn
|-damage|p2b: Calyrex|92/100 brn|[from] brn
|-damage|p2a: Overqwil|72/100 brn|[from] brn
|upkeep
|turn|8
|inactive|Troller313 has 30 seconds left.
|inactive|Troller313 has 20 seconds left.
|inactive|Troller313 has 15 seconds left.
|
|t:|1750782150
|switch|p1a: Eternatus|Eternatus, L50|100/100
|-ability|p1a: Eternatus|Pressure
|move|p2b: Calyrex|Glacial Lance|p1b: Ho-Oh|[spread] p1a,p1b
|-activate|p1b: Ho-Oh|move: Substitute|[damage]
|-supereffective|p1a: Eternatus
|-damage|p1a: Eternatus|68/100
|move|p2a: Overqwil|Barb Barrage|p1b: Ho-Oh
|-end|p1b: Ho-Oh|Substitute
|move|p1b: Ho-Oh|Sacred Fire|p2a: Overqwil
|-damage|p2a: Overqwil|44/100 brn
|
|-heal|p2b: Calyrex|98/100 brn|[from] item: Leftovers
|-heal|p2a: Overqwil|50/100 brn|[from] item: Black Sludge
|-heal|p1b: Ho-Oh|75/100|[from] item: Leftovers
|-heal|p1a: Eternatus|74/100|[from] item: Black Sludge
|-damage|p2b: Calyrex|92/100 brn|[from] brn
|-damage|p2a: Overqwil|44/100 brn|[from] brn
|upkeep
|turn|9
|inactive|Troller313 has 30 seconds left.
|inactive|Troller313 has 20 seconds left.
|inactive|Troller313 has 15 seconds left.
|
|t:|1750782193
|move|p1b: Ho-Oh|Protect|p1b: Ho-Oh
|-singleturn|p1b: Ho-Oh|Protect
|move|p2b: Calyrex|Leech Seed|p1b: Ho-Oh
|-activate|p1b: Ho-Oh|move: Protect
|move|p2a: Overqwil|Barb Barrage|p1b: Ho-Oh
|-activate|p1b: Ho-Oh|move: Protect
|move|p1a: Eternatus|Dynamax Cannon|p2a: Overqwil
|-damage|p2a: Overqwil|1/100 brn
|
|-heal|p2b: Calyrex|98/100 brn|[from] item: Leftovers
|-heal|p2a: Overqwil|7/100 brn|[from] item: Black Sludge
|-heal|p1b: Ho-Oh|82/100|[from] item: Leftovers
|-heal|p1a: Eternatus|80/100|[from] item: Black Sludge
|-damage|p2b: Calyrex|92/100 brn|[from] brn
|-damage|p2a: Overqwil|1/100 brn|[from] brn
|upkeep
|turn|10
|inactive|Troller313 has 30 seconds left.
|
|t:|1750782227
|switch|p1b: Suicune|Suicune, L50|2/100 psn
|move|p2b: Calyrex|Leech Seed|p1b: Suicune
|-start|p1b: Suicune|move: Leech Seed
|move|p2a: Overqwil|Barb Barrage|p1b: Suicune
|-damage|p1b: Suicune|0 fnt
|faint|p1b: Suicune
|move|p1a: Eternatus|Dynamax Cannon|p2a: Overqwil
|-damage|p2a: Overqwil|0 fnt
|faint|p2a: Overqwil
|
|-heal|p2b: Calyrex|98/100 brn|[from] item: Leftovers
|-heal|p1a: Eternatus|87/100|[from] item: Black Sludge
|-damage|p2b: Calyrex|92/100 brn|[from] brn
|upkeep
|
|t:|1750782248
|switch|p2a: Ting-Lu|Ting-Lu, L50|30/100 brn
|switch|p1b: Ogerpon|Ogerpon-Wellspring, L50, F|100/100
|-ability|p2a: Ting-Lu|Vessel of Ruin
|turn|11
|inactive|carlitinchi has 30 seconds left.
|
|t:|1750782280
|move|p1b: Ogerpon|Spiky Shield|p1b: Ogerpon
|-singleturn|p1b: Ogerpon|move: Protect
|move|p2b: Calyrex|Glacial Lance|p1b: Ogerpon|[spread] p1a
|-activate|p1b: Ogerpon|move: Protect
|-supereffective|p1a: Eternatus
|-damage|p1a: Eternatus|53/100
|move|p2a: Ting-Lu|Throat Chop|p1b: Ogerpon
|-activate|p1b: Ogerpon|move: Protect
|-damage|p2a: Ting-Lu|18/100 brn|[from] Spiky Shield|[of] p1b: Ogerpon
|move|p1a: Eternatus|Dynamax Cannon|p2a: Ting-Lu
|-damage|p2a: Ting-Lu|0 fnt
|faint|p2a: Ting-Lu
|
|-heal|p2b: Calyrex|98/100 brn|[from] item: Leftovers
|-heal|p1a: Eternatus|59/100|[from] item: Black Sludge
|-damage|p2b: Calyrex|92/100 brn|[from] brn
|-fieldend|move: Trick Room
|upkeep
|
|t:|1750782282
|switch|p2a: Ho-Oh|Ho-Oh, L50|100/100
|turn|12
|inactive|Troller313 has 30 seconds left.
|inactive|Troller313 has 20 seconds left.
|
|t:|1750782322
|-terastallize|p1b: Ogerpon|Water
|detailschange|p1b: Ogerpon|Ogerpon-Wellspring-Tera, L50, F, tera:Water
|-ability|p1b: Ogerpon|Embody Aspect (Wellspring)|boost
|-boost|p1b: Ogerpon|spd|1
|move|p2a: Ho-Oh|Protect|p2a: Ho-Oh
|-singleturn|p2a: Ho-Oh|Protect
|move|p1a: Eternatus|Toxic|p2a: Ho-Oh
|-activate|p2a: Ho-Oh|move: Protect
|move|p1b: Ogerpon|Horn Leech|p2b: Calyrex
|-supereffective|p2b: Calyrex
|-damage|p2b: Calyrex|51/100 brn
|move|p2b: Calyrex|Trick Room|p2b: Calyrex
|-fieldstart|move: Trick Room|[of] p2b: Calyrex
|
|-heal|p2b: Calyrex|57/100 brn|[from] item: Leftovers
|-heal|p1a: Eternatus|65/100|[from] item: Black Sludge
|-damage|p2b: Calyrex|51/100 brn|[from] brn
|upkeep
|turn|13
|inactive|Troller313 has 30 seconds left this turn.
|inactive|Troller313 has 20 seconds left.
|inactive|Troller313 has 15 seconds left.
|inactive|Troller313 has 10 seconds left.
|
|t:|1750782345
|move|p2b: Calyrex|Leech Seed|p1a: Eternatus
|-start|p1a: Eternatus|move: Leech Seed
|move|p2a: Ho-Oh|Sacred Fire|p1b: Ogerpon|[miss]
|-miss|p2a: Ho-Oh|p1b: Ogerpon
|move|p1b: Ogerpon|Ivy Cudgel|p2a: Ho-Oh|[anim] Ivy Cudgel Water
|-supereffective|p2a: Ho-Oh
|-damage|p2a: Ho-Oh|0 fnt
|faint|p2a: Ho-Oh
|move|p1a: Eternatus|Toxic||[still]
|-fail|p1a: Eternatus
|
|-heal|p2b: Calyrex|57/100 brn|[from] item: Leftovers
|-heal|p1a: Eternatus|72/100|[from] item: Black Sludge
|-damage|p1a: Eternatus|59/100|[from] Leech Seed|[of] p2b: Calyrex
|-heal|p2b: Calyrex|72/100 brn|[silent]
|-damage|p2b: Calyrex|66/100 brn|[from] brn
|upkeep
|turn|14
|inactive|Troller313 has 10 seconds left this turn.
|inactive|Troller313 has 5 seconds left.
|-message|Troller313 lost due to inactivity.
|
|win|carlitinchi
|raw|Troller313's rating: 1401 &rarr; <strong>1386</strong><br />(-15 for losing)
|raw|carlitinchi's rating: 1483 &rarr; <strong>1498</strong><br />(+15 for winning)
|l|☆carlitinchi
|player|p2|
|l|☆Troller313
|player|p1|
