|j|☆Fromhard
|j|☆KaseVGC
|t:|1750803042
|gametype|doubles
|player|p1|Fromhard|plasmagrunt-gen5bw|1442
|player|p2|KaseVGC|galacticgruntf|1526
|teamsize|p1|6
|teamsize|p2|6
|gen|9
|tier|[Gen 9] VGC 2025 Reg I
|rated|
|rule|Species Clause: Limit one of each Pokémon
|rule|Item Clause: Limit 1 of each item
|clearpoke
|poke|p1|Calyrex-Shadow, L50|
|poke|p1|Koraidon, L50|
|poke|p1|Weezing-Galar, L50, F|
|poke|p1|Raging Bolt, L50|
|poke|p1|Chi-Yu, L50|
|poke|p1|Walking Wake, L50|
|poke|p2|Calyrex-Shadow, L50|
|poke|p2|Zamazenta-*, L50|
|poke|p2|Maushold, L50|
|poke|p2|Weezing-Galar, L50, F|
|poke|p2|Dondozo, L50, M|
|poke|p2|Tatsugiri-Droopy, L50, M|
|teampreview|4
|inactive|Battle timer is ON: inactive players will automatically lose when time's up. (requested by KaseVGC)
|
|t:|1750803100
|start
|switch|p1a: Raging Bolt|Raging Bolt, L50|100/100
|switch|p1b: Koraidon|Koraidon, L50|100/100
|switch|p2a: Zamazenta|Zamazenta-Crowned, L50|100/100
|switch|p2b: Calyrex|Calyrex-Shadow, L50|100/100
|-ability|p2b: Calyrex|As One
|-ability|p2b: Calyrex|Unnerve
|-weather|SunnyDay|[from] ability: Orichalcum Pulse|[of] p1b: Koraidon
|-activate|p1a: Raging Bolt|ability: Protosynthesis
|-start|p1a: Raging Bolt|protosynthesisspa
|-activate|p1b: Koraidon|Orichalcum Pulse|[source]
|-ability|p2a: Zamazenta|Dauntless Shield|boost
|-boost|p2a: Zamazenta|def|1
|turn|1
|
|t:|1750803124
|-terastallize|p2b: Calyrex|Ghost
|move|p1b: Koraidon|Protect|p1b: Koraidon
|-singleturn|p1b: Koraidon|Protect
|move|p1a: Raging Bolt|Protect|p1a: Raging Bolt
|-singleturn|p1a: Raging Bolt|Protect
|move|p2b: Calyrex|Astral Barrage|p1b: Koraidon|[spread] 
|-activate|p1a: Raging Bolt|move: Protect
|-activate|p1b: Koraidon|move: Protect
|move|p2a: Zamazenta|Body Press|p1a: Raging Bolt
|-activate|p1a: Raging Bolt|move: Protect
|
|-weather|SunnyDay|[upkeep]
|upkeep
|turn|2
|inactive|Fromhard has 30 seconds left.
|
|t:|1750803157
|-terastallize|p1a: Raging Bolt|Electric
|move|p1a: Raging Bolt|Thunderclap|p2b: Calyrex
|-damage|p2b: Calyrex|5/100
|move|p2b: Calyrex|Astral Barrage|p1b: Koraidon|[spread] p1a,p1b
|-damage|p1a: Raging Bolt|15/100
|-damage|p1b: Koraidon|0 fnt
|faint|p1b: Koraidon
|-ability|p2b: Calyrex|Grim Neigh|boost
|-boost|p2b: Calyrex|spa|1
|move|p2a: Zamazenta|Heavy Slam|p1a: Raging Bolt
|-resisted|p1a: Raging Bolt
|-damage|p1a: Raging Bolt|8/100
|
|-weather|SunnyDay|[upkeep]
|upkeep
|
|t:|1750803163
|switch|p1b: Calyrex|Calyrex-Shadow, L50|100/100
|-ability|p1b: Calyrex|As One
|-ability|p1b: Calyrex|Unnerve
|turn|3
|
|t:|1750803188
|move|p1a: Raging Bolt|Protect|p1a: Raging Bolt
|-singleturn|p1a: Raging Bolt|Protect
|move|p2b: Calyrex|Astral Barrage|p1b: Calyrex|[spread] p1b
|-activate|p1a: Raging Bolt|move: Protect
|-supereffective|p1b: Calyrex
|-enditem|p1b: Calyrex|Focus Sash
|-damage|p1b: Calyrex|1/100
|move|p1b: Calyrex|Astral Barrage|p2b: Calyrex|[spread] p2a,p2b
|-supereffective|p2b: Calyrex
|-damage|p2a: Zamazenta|67/100
|-damage|p2b: Calyrex|0 fnt
|faint|p2b: Calyrex
|-ability|p1b: Calyrex|Grim Neigh|boost
|-boost|p1b: Calyrex|spa|1
|move|p2a: Zamazenta|Heavy Slam|p1b: Calyrex
|-damage|p1b: Calyrex|0 fnt
|faint|p1b: Calyrex
|
|-weather|SunnyDay|[upkeep]
|upkeep
|
|t:|1750803206
|switch|p1b: Weezing|Weezing-Galar, L50, F|100/100
|switch|p2b: Tatsugiri|Tatsugiri-Droopy, L50, M|100/100
|-ability|p1b: Weezing|Neutralizing Gas
|turn|4
|
|t:|1750803218
|move|p1a: Raging Bolt|Protect||[still]
|-fail|p1a: Raging Bolt
|move|p2a: Zamazenta|Body Press|p1a: Raging Bolt
|-damage|p1a: Raging Bolt|0 fnt
|faint|p1a: Raging Bolt
|-end|p1a: Raging Bolt|Protosynthesis|[silent]
|move|p2b: Tatsugiri|Icy Wind|p1b: Weezing|[miss]
|-miss|p2b: Tatsugiri|p1b: Weezing
|move|p1b: Weezing|Dazzling Gleam|p2a: Zamazenta|[spread] p2a,p2b
|-supereffective|p2b: Tatsugiri
|-crit|p2b: Tatsugiri
|-damage|p2a: Zamazenta|54/100
|-damage|p2b: Tatsugiri|30/100
|
|-weather|SunnyDay|[upkeep]
|upkeep
|turn|5
|-message|Fromhard forfeited.
|
|win|KaseVGC
|raw|Fromhard's rating: 1442 &rarr; <strong>1427</strong><br />(-15 for losing)
|raw|KaseVGC's rating: 1526 &rarr; <strong>1541</strong><br />(+15 for winning)
|l|☆Fromhard
|player|p1|
|l|☆KaseVGC
|player|p2|
