|j|☆A Regu1ar Guy
|j|☆seemeier
|t:|1750709511
|gametype|doubles
|player|p1|A Regu1ar Guy|elesa|1693
|player|p2|seemeier|265|1729
|teamsize|p1|6
|teamsize|p2|6
|gen|9
|tier|[Gen 9] VGC 2025 Reg I
|rated|
|rule|Species Clause: Limit one of each Pokémon
|rule|Item Clause: Limit 1 of each item
|clearpoke
|poke|p1|Calyrex-Shadow, L50|
|poke|p1|Zamazenta-*, L50|
|poke|p1|Chien-Pao, L50|
|poke|p1|Rillaboom, L50, F|
|poke|p1|Raging Bolt, L50|
|poke|p1|Ogerpon-Hearthflame, L50, F|
|poke|p2|Scizor, L50, F|
|poke|p2|Roaring Moon, L50|
|poke|p2|Okidogi, L50, M|
|poke|p2|Indeedee-F, L50, F|
|poke|p2|Lunala, L50|
|poke|p2|Kyurem-Black, L50|
|teampreview|4
|inactive|Battle timer is ON: inactive players will automatically lose when time's up. (requested by seemeier)
|
|t:|1750709534
|start
|switch|p1a: Zamazenta|Zamazenta-Crowned, L50|100/100
|switch|p1b: Chien-Pao|Chien-Pao, L50|100/100
|switch|p2a: Roaring Moon|Roaring Moon, L50|100/100
|switch|p2b: Lunala|Lunala, L50|100/100
|-ability|p1b: Chien-Pao|Sword of Ruin
|-ability|p1a: Zamazenta|Dauntless Shield|boost
|-boost|p1a: Zamazenta|def|1
|-enditem|p2a: Roaring Moon|Booster Energy
|-activate|p2a: Roaring Moon|ability: Protosynthesis|[fromitem]
|-start|p2a: Roaring Moon|protosynthesisspe
|turn|1
|inactive|seemeier has 30 seconds left.
|
|t:|1750709562
|move|p1b: Chien-Pao|Protect|p1b: Chien-Pao
|-singleturn|p1b: Chien-Pao|Protect
|move|p2a: Roaring Moon|Tailwind|p2a: Roaring Moon
|-sidestart|p2: seemeier|move: Tailwind
|move|p2b: Lunala|Meteor Beam||[still]
|-prepare|p2b: Lunala|Meteor Beam
|-boost|p2b: Lunala|spa|1
|-enditem|p2b: Lunala|Power Herb
|-anim|p2b: Lunala|Meteor Beam|p1b: Chien-Pao
|-activate|p1b: Chien-Pao|move: Protect
|move|p1a: Zamazenta|Body Press|p2a: Roaring Moon
|-supereffective|p2a: Roaring Moon
|-damage|p2a: Roaring Moon|0 fnt
|faint|p2a: Roaring Moon
|-end|p2a: Roaring Moon|Protosynthesis|[silent]
|
|upkeep
|
|t:|1750709568
|switch|p2a: Okidogi|Okidogi, L50, M|100/100
|turn|2
|
|t:|1750709577
|-terastallize|p2b: Lunala|Water
|move|p1b: Chien-Pao|Sucker Punch|p2b: Lunala
|-damage|p2b: Lunala|78/100
|-damage|p1b: Chien-Pao|91/100|[from] item: Life Orb
|move|p2b: Lunala|Moongeist Beam|p1b: Chien-Pao
|-resisted|p1b: Chien-Pao
|-damage|p1b: Chien-Pao|20/100
|move|p2a: Okidogi|Low Kick|p1a: Zamazenta
|-supereffective|p1a: Zamazenta
|-damage|p1a: Zamazenta|36/100
|move|p1a: Zamazenta|Heavy Slam|p2b: Lunala
|-resisted|p2b: Lunala
|-damage|p2b: Lunala|52/100
|
|upkeep
|turn|3
|
|t:|1750709600
|switch|p1a: Calyrex|Calyrex-Shadow, L50|100/100
|-ability|p1a: Calyrex|As One
|-ability|p1a: Calyrex|Unnerve
|-terastallize|p1b: Chien-Pao|Stellar
|move|p1b: Chien-Pao|Sucker Punch|p2b: Lunala
|-crit|p2b: Lunala
|-damage|p2b: Lunala|0 fnt
|faint|p2b: Lunala
|-damage|p1b: Chien-Pao|10/100|[from] item: Life Orb
|move|p2a: Okidogi|Drain Punch|p1b: Chien-Pao
|-supereffective|p1b: Chien-Pao
|-damage|p1b: Chien-Pao|0 fnt
|faint|p1b: Chien-Pao
|
|upkeep
|
|t:|1750709614
|switch|p1b: Zamazenta|Zamazenta-Crowned, L50|36/100
|switch|p2b: Kyurem|Kyurem-Black, L50|100/100
|-ability|p2b: Kyurem|Teravolt
|turn|4
|inactive|seemeier has 30 seconds left.
|
|t:|1750709646
|move|p1a: Calyrex|Protect|p1a: Calyrex
|-singleturn|p1a: Calyrex|Protect
|move|p1b: Zamazenta|Protect|p1b: Zamazenta
|-singleturn|p1b: Zamazenta|Protect
|move|p2a: Okidogi|Low Kick|p1b: Zamazenta
|-activate|p1b: Zamazenta|move: Protect
|move|p2b: Kyurem|Avalanche|p1a: Calyrex
|-activate|p1a: Calyrex|move: Protect
|
|-sideend|p2: seemeier|move: Tailwind
|upkeep
|turn|5
|
|t:|1750709656
|move|p1a: Calyrex|Psychic|p2a: Okidogi
|-supereffective|p2a: Okidogi
|-damage|p2a: Okidogi|0 fnt
|faint|p2a: Okidogi
|-ability|p1a: Calyrex|Grim Neigh|boost
|-boost|p1a: Calyrex|spa|1
|move|p1b: Zamazenta|Body Press|p2b: Kyurem
|-supereffective|p2b: Kyurem
|-damage|p2b: Kyurem|22/100
|move|p2b: Kyurem|Avalanche|p1a: Calyrex
|-damage|p1a: Calyrex|25/100
|
|upkeep
|turn|6
|
|t:|1750709663
|move|p1a: Calyrex|Astral Barrage|p2b: Kyurem
|-damage|p2b: Kyurem|0 fnt
|faint|p2b: Kyurem
|
|win|A Regu1ar Guy
|raw|A Regu1ar Guy's rating: 1693 &rarr; <strong>1715</strong><br />(+22 for winning)
|raw|seemeier's rating: 1729 &rarr; <strong>1707</strong><br />(-22 for losing)
|l|☆seemeier
|player|p2|
|l|☆A Regu1ar Guy
|player|p1|
