|j|☆Binccc
|j|☆soggyMuffins
|t:|1750855601
|gametype|doubles
|player|p1|Binccc|pokekid|1248
|player|p2|soggyMuffins|266|1308
|teamsize|p1|6
|teamsize|p2|6
|gen|9
|tier|[Gen 9] VGC 2025 Reg I
|rated|
|rule|Species Clause: Limit one of each Pokémon
|rule|Item Clause: Limit 1 of each item
|clearpoke
|poke|p1|Koraidon, L50|
|poke|p1|Reshiram, L50|
|poke|p1|Flutter Mane, L50|
|poke|p1|Swampert, L50, M|
|poke|p1|Ogerpon-Hearthflame, L50, F|
|poke|p1|Whimsicott, L50, M|
|poke|p2|Landorus-Therian, L50, M|
|poke|p2|Zamazenta-*, L50|
|poke|p2|Calyrex-Shadow, L50|
|poke|p2|Amoonguss, L50, F|
|poke|p2|Incineroar, L50, M|
|poke|p2|Raging Bolt, L50|
|teampreview|4
|inactive|Battle timer is ON: inactive players will automatically lose when time's up. (requested by soggyMuffins)
|inactive|Binccc also wants the timer to be on.
|inactive|Binccc has 60 seconds left.
|inactive|soggyMuffins has 60 seconds left.
|
|t:|1750855644
|start
|switch|p1a: Reshiram|Reshiram, L50|100/100
|switch|p1b: Swampert|Swampert, L50, M|100/100
|switch|p2a: Raging Bolt|Raging Bolt, L50|100/100
|switch|p2b: Incineroar|Incineroar, L50, M|100/100
|-ability|p1a: Reshiram|Turboblaze
|-ability|p2b: Incineroar|Intimidate|boost
|-unboost|p1a: Reshiram|atk|1
|-fail|p1b: Swampert|unboost|[from] item: Clear Amulet|[of] p1b: Swampert
|turn|1
|inactive|soggyMuffins has 30 seconds left.
|
|t:|1750855676
|move|p1a: Reshiram|Protect|p1a: Reshiram
|-singleturn|p1a: Reshiram|Protect
|move|p2b: Incineroar|Fake Out|p1b: Swampert
|-damage|p1b: Swampert|91/100
|move|p2a: Raging Bolt|Dragon Pulse|p1a: Reshiram
|-activate|p1a: Reshiram|move: Protect
|cant|p1b: Swampert|flinch
|
|upkeep
|turn|2
|
|t:|1750855700
|-terastallize|p1a: Reshiram|Fire
|move|p1a: Reshiram|Heat Wave|p2b: Incineroar|[spread] p2a,p2b
|-resisted|p2a: Raging Bolt
|-resisted|p2b: Incineroar
|-damage|p2a: Raging Bolt|84/100
|-damage|p2b: Incineroar|68/100
|-damage|p1a: Reshiram|91/100|[from] item: Life Orb
|move|p2a: Raging Bolt|Snarl|p1b: Swampert|[spread] p1a,p1b
|-damage|p1a: Reshiram|80/100
|-damage|p1b: Swampert|78/100
|-unboost|p1a: Reshiram|spa|1
|move|p1b: Swampert|High Horsepower|p2b: Incineroar
|-supereffective|p2b: Incineroar
|-damage|p2b: Incineroar|5/100
|move|p2b: Incineroar|Knock Off|p1b: Swampert
|-damage|p1b: Swampert|43/100
|-enditem|p1b: Swampert|Clear Amulet|[from] move: Knock Off|[of] p2b: Incineroar
|
|upkeep
|turn|3
|inactive|soggyMuffins has 30 seconds left.
|inactive|soggyMuffins has 20 seconds left.
|inactive|soggyMuffins has 15 seconds left.
|inactive|soggyMuffins has 10 seconds left.
|inactive|soggyMuffins has 5 seconds left.
|
|t:|1750855753
|switch|p2b: Zamazenta|Zamazenta-Crowned, L50, shiny|100/100
|-ability|p2b: Zamazenta|Dauntless Shield|boost
|-boost|p2b: Zamazenta|def|1
|move|p2a: Raging Bolt|Thunderclap|p1a: Reshiram
|-damage|p1a: Reshiram|57/100
|move|p1a: Reshiram|Heat Wave|p2b: Zamazenta|[spread] p2a,p2b
|-resisted|p2a: Raging Bolt
|-crit|p2a: Raging Bolt
|-supereffective|p2b: Zamazenta
|-damage|p2a: Raging Bolt|58/100
|-damage|p2b: Zamazenta|28/100
|-damage|p1a: Reshiram|48/100|[from] item: Life Orb
|move|p1b: Swampert|High Horsepower|p2a: Raging Bolt|[miss]
|-miss|p1b: Swampert|p2a: Raging Bolt
|
|upkeep
|turn|4
|inactive|soggyMuffins has 30 seconds left.
|inactive|Binccc has 30 seconds left.
|
|t:|1750855785
|switch|p2b: Incineroar|Incineroar, L50, M|5/100
|-ability|p2b: Incineroar|Intimidate|boost
|-unboost|p1a: Reshiram|atk|1
|-unboost|p1b: Swampert|atk|1
|switch|p1a: Ogerpon|Ogerpon-Hearthflame, L50, F|100/100
|-ability|p1a: Ogerpon|Mold Breaker
|switch|p1b: Koraidon|Koraidon, L50|100/100
|-weather|SunnyDay|[from] ability: Orichalcum Pulse|[of] p1b: Koraidon
|-activate|p2a: Raging Bolt|ability: Protosynthesis
|-start|p2a: Raging Bolt|protosynthesisspa
|-activate|p1b: Koraidon|Orichalcum Pulse|[source]
|move|p2a: Raging Bolt|Dragon Pulse|p1a: Ogerpon
|-damage|p1a: Ogerpon|44/100
|
|-weather|SunnyDay|[upkeep]
|upkeep
|turn|5
|inactive|Binccc has 30 seconds left.
|inactive|soggyMuffins has 30 seconds left.
|inactive|soggyMuffins has 20 seconds left.
|
|t:|1750855823
|move|p1a: Ogerpon|Spiky Shield|p1a: Ogerpon
|-singleturn|p1a: Ogerpon|move: Protect
|move|p2b: Incineroar|Fake Out|p1b: Koraidon
|-damage|p1b: Koraidon|92/100
|cant|p1b: Koraidon|flinch
|move|p2a: Raging Bolt|Dragon Pulse|p1a: Ogerpon
|-activate|p1a: Ogerpon|move: Protect
|
|-weather|SunnyDay|[upkeep]
|upkeep
|turn|6
|
|t:|1750855845
|move|p1b: Koraidon|Dragon Claw|p2a: Raging Bolt
|-supereffective|p2a: Raging Bolt
|-damage|p2a: Raging Bolt|0 fnt
|faint|p2a: Raging Bolt
|-end|p2a: Raging Bolt|Protosynthesis|[silent]
|move|p1a: Ogerpon|Horn Leech|p2b: Incineroar
|-resisted|p2b: Incineroar
|-damage|p2b: Incineroar|0 fnt
|-heal|p1a: Ogerpon|47/100|[from] drain|[of] p2b: Incineroar
|faint|p2b: Incineroar
|
|-weather|SunnyDay|[upkeep]
|upkeep
|
|t:|1750855853
|switch|p2a: Calyrex|Calyrex-Shadow, L50|100/100
|switch|p2b: Zamazenta|Zamazenta-Crowned, L50, shiny|28/100
|-ability|p2a: Calyrex|As One
|-ability|p2a: Calyrex|Unnerve
|turn|7
|
|t:|1750855872
|move|p1a: Ogerpon|Spiky Shield|p1a: Ogerpon
|-singleturn|p1a: Ogerpon|move: Protect
|move|p1b: Koraidon|Dragon Claw|p2b: Zamazenta
|-resisted|p2b: Zamazenta
|-damage|p2b: Zamazenta|9/100
|move|p2a: Calyrex|Astral Barrage|p1b: Koraidon|[spread] p1b
|-activate|p1a: Ogerpon|move: Protect
|-damage|p1b: Koraidon|43/100
|move|p2b: Zamazenta|Body Press|p1b: Koraidon
|-damage|p1b: Koraidon|4/100
|
|-weather|SunnyDay|[upkeep]
|upkeep
|turn|8
|
|t:|1750855895
|move|p2b: Zamazenta|Protect|p2b: Zamazenta
|-singleturn|p2b: Zamazenta|Protect
|move|p1a: Ogerpon|Follow Me|p1a: Ogerpon
|-singleturn|p1a: Ogerpon|move: Follow Me
|move|p1b: Koraidon|Dragon Claw|p2b: Zamazenta
|-activate|p2b: Zamazenta|move: Protect
|move|p2a: Calyrex|Astral Barrage|p1a: Ogerpon|[spread] p1a,p1b
|-damage|p1a: Ogerpon|0 fnt
|-damage|p1b: Koraidon|0 fnt
|faint|p1a: Ogerpon
|faint|p1b: Koraidon
|-ability|p2a: Calyrex|Grim Neigh|boost
|-boost|p2a: Calyrex|spa|2
|
|-weather|none
|upkeep
|
|t:|1750855898
|switch|p1a: Swampert|Swampert, L50, M|43/100
|switch|p1b: Reshiram|Reshiram, L50, tera:Fire|48/100
|-ability|p1b: Reshiram|Turboblaze
|turn|9
|
|t:|1750855915
|move|p2b: Zamazenta|Wide Guard|p2b: Zamazenta
|-singleturn|p2b: Zamazenta|Wide Guard
|move|p1a: Swampert|Wide Guard|p1a: Swampert
|-singleturn|p1a: Swampert|Wide Guard
|move|p2a: Calyrex|Astral Barrage|p1b: Reshiram|[spread] 
|-activate|p1a: Swampert|move: Wide Guard
|-activate|p1b: Reshiram|move: Wide Guard
|move|p1b: Reshiram|Heat Wave|p2a: Calyrex|[spread] 
|-activate|p2a: Calyrex|move: Wide Guard
|-activate|p2b: Zamazenta|move: Wide Guard
|
|upkeep
|turn|10
|inactive|soggyMuffins has 30 seconds left.
|
|t:|1750855944
|move|p2a: Calyrex|Psychic|p1b: Reshiram
|-damage|p1b: Reshiram|0 fnt
|faint|p1b: Reshiram
|-ability|p2a: Calyrex|Grim Neigh|boost
|-boost|p2a: Calyrex|spa|1
|move|p2b: Zamazenta|Body Press|p1a: Swampert
|-damage|p1a: Swampert|0 fnt
|faint|p1a: Swampert
|
|win|soggyMuffins
|raw|Binccc's rating: 1248 &rarr; <strong>1227</strong><br />(-21 for losing)
|raw|soggyMuffins's rating: 1308 &rarr; <strong>1325</strong><br />(+17 for winning)
|l|☆Binccc
|player|p1|
|l|☆soggyMuffins
|player|p2|
