|j|☆hdlshshxvqjw
|j|☆Jack Adamstim
|t:|1750833879
|gametype|doubles
|player|p1|hdlshshxvqjw|169|1644
|player|p2|Jack Adamstim|wallace|1643
|teamsize|p1|6
|teamsize|p2|6
|gen|9
|tier|[Gen 9] VGC 2025 Reg I
|rated|
|rule|Species Clause: Limit one of each Pokémon
|rule|Item Clause: Limit 1 of each item
|clearpoke
|poke|p1|Ho-Oh, L50|
|poke|p1|Calyrex-Shadow, L50|
|poke|p1|Walking Wake, L50|
|poke|p1|Incineroar, L50, M|
|poke|p1|Landorus, L50, M|
|poke|p1|Toxapex, L50, M|
|poke|p2|Calyrex-Shadow, L50|
|poke|p2|Zamazenta-*, L50|
|poke|p2|Incineroar, L50, M|
|poke|p2|Whimsicott, L50, F|
|poke|p2|Raging Bolt, L50|
|poke|p2|Rillaboom, L50, M|
|teampreview|4
|j| JasperrepsaJ
|
|t:|1750833908
|start
|switch|p1a: Calyrex|Calyrex-Shadow, L50|100/100
|switch|p1b: Toxapex|Toxapex, L50, M|100/100
|switch|p2a: Whimsicott|Whimsicott, L50, F|100/100
|switch|p2b: Raging Bolt|Raging Bolt, L50|100/100
|-ability|p1a: Calyrex|As One
|-ability|p1a: Calyrex|Unnerve
|turn|1
|inactive|Battle timer is ON: inactive players will automatically lose when time's up. (requested by hdlshshxvqjw)
|
|t:|1750833928
|switch|p1a: Incineroar|Incineroar, L50, M|100/100
|-ability|p1a: Incineroar|Intimidate|boost
|-unboost|p2a: Whimsicott|atk|1
|-unboost|p2b: Raging Bolt|atk|1
|move|p1b: Toxapex|Baneful Bunker|p1b: Toxapex
|-singleturn|p1b: Toxapex|move: Protect
|move|p2a: Whimsicott|Fake Tears|p1a: Incineroar
|-hint|Since gen 7, Dark is immune to Prankster moves.
|-immune|p1a: Incineroar
|move|p2b: Raging Bolt|Thunderbolt|p1a: Incineroar
|-damage|p1a: Incineroar|65/100
|
|upkeep
|turn|2
|
|t:|1750833952
|switch|p2a: Zamazenta|Zamazenta-Crowned, L50|100/100
|-ability|p2a: Zamazenta|Dauntless Shield|boost
|-boost|p2a: Zamazenta|def|1
|-terastallize|p1b: Toxapex|Dark
|move|p2b: Raging Bolt|Thunderbolt|p1b: Toxapex
|-damage|p1b: Toxapex|58/100
|move|p1a: Incineroar|Knock Off|p2b: Raging Bolt
|-damage|p2b: Raging Bolt|72/100
|-enditem|p2b: Raging Bolt|Magnet|[from] move: Knock Off|[of] p1a: Incineroar
|move|p1b: Toxapex|Toxic Spikes|p2b: Raging Bolt
|-sidestart|p2: Jack Adamstim|move: Toxic Spikes
|
|upkeep
|turn|3
|inactive|Jack Adamstim has 30 seconds left.
|
|t:|1750833978
|switch|p1a: Ho-Oh|Ho-Oh, L50|100/100
|switch|p1b: Calyrex|Calyrex-Shadow, L50|100/100
|-ability|p1b: Calyrex|As One
|-ability|p1b: Calyrex|Unnerve
|move|p2a: Zamazenta|Body Press|p1b: Calyrex
|-immune|p1b: Calyrex
|move|p2b: Raging Bolt|Thunderbolt|p1a: Ho-Oh
|-supereffective|p1a: Ho-Oh
|-damage|p1a: Ho-Oh|50/100
|
|upkeep
|turn|4
|l| JasperrepsaJ
|j| JasperrepsaJ
|l| JasperrepsaJ
|inactive|Jack Adamstim has 30 seconds left.
|
|t:|1750834005
|move|p1b: Calyrex|Disable|p2b: Raging Bolt
|-start|p2b: Raging Bolt|Disable|Thunderbolt
|move|p2a: Zamazenta|Heavy Slam|p1b: Calyrex
|-damage|p1b: Calyrex|46/100
|move|p1a: Ho-Oh|Recover|p1a: Ho-Oh
|-heal|p1a: Ho-Oh|99/100
|cant|p2b: Raging Bolt|Disable|Thunderbolt
|
|upkeep
|turn|5
|j| Yusuf y
|
|t:|1750834026
|-end|p2b: Raging Bolt|Protosynthesis|[silent]
|switch|p2b: Whimsicott|Whimsicott, L50, F|100/100
|-status|p2b: Whimsicott|psn
|move|p2a: Zamazenta|Protect|p2a: Zamazenta
|-singleturn|p2a: Zamazenta|Protect
|move|p1b: Calyrex|Disable|p2a: Zamazenta
|-activate|p2a: Zamazenta|move: Protect
|move|p1a: Ho-Oh|Sacred Fire|p2b: Whimsicott
|-supereffective|p2b: Whimsicott
|-damage|p2b: Whimsicott|6/100 psn
|
|-damage|p2b: Whimsicott|0 fnt|[from] psn
|faint|p2b: Whimsicott
|upkeep
|
|t:|1750834039
|switch|p2b: Raging Bolt|Raging Bolt, L50|72/100
|-status|p2b: Raging Bolt|psn
|turn|6
|
|t:|1750834054
|-terastallize|p2b: Raging Bolt|Electric
|move|p1b: Calyrex|Encore|p2a: Zamazenta
|-start|p2a: Zamazenta|Encore
|move|p2a: Zamazenta|Protect||[still]
|-fail|p2a: Zamazenta
|move|p1a: Ho-Oh|Sacred Fire|p2a: Zamazenta
|-supereffective|p2a: Zamazenta
|-damage|p2a: Zamazenta|70/100
|-status|p2a: Zamazenta|brn
|move|p2b: Raging Bolt|Thunderbolt|p1a: Ho-Oh
|-supereffective|p1a: Ho-Oh
|-damage|p1a: Ho-Oh|27/100
|
|-damage|p2b: Raging Bolt|60/100 psn|[from] psn
|-damage|p2a: Zamazenta|64/100 brn|[from] brn
|upkeep
|turn|7
|inactive|Jack Adamstim has 30 seconds left.
|
|t:|1750834083
|switch|p2a: Calyrex|Calyrex-Shadow, L50|100/100
|-ability|p2a: Calyrex|As One
|-ability|p2a: Calyrex|Unnerve
|-status|p2a: Calyrex|psn
|switch|p1a: Incineroar|Incineroar, L50, M|65/100
|-ability|p1a: Incineroar|Intimidate|boost
|-unboost|p2a: Calyrex|atk|1
|-unboost|p2b: Raging Bolt|atk|1
|move|p2b: Raging Bolt|Thunderclap||[still]
|-fail|p2b: Raging Bolt
|move|p1b: Calyrex|Disable|p2b: Raging Bolt
|-start|p2b: Raging Bolt|Disable|Thunderclap
|
|-damage|p2a: Calyrex|88/100 psn|[from] psn
|-damage|p2b: Raging Bolt|48/100 psn|[from] psn
|upkeep
|turn|8
|inactive|hdlshshxvqjw has 30 seconds left.
|inactive|hdlshshxvqjw has 20 seconds left.
|
|t:|1750834119
|switch|p1b: Toxapex|Toxapex, L50, M, tera:Dark|91/100
|move|p2a: Calyrex|Astral Barrage|p1b: Toxapex|[spread] p1a,p1b
|-resisted|p1a: Incineroar
|-resisted|p1b: Toxapex
|-crit|p1b: Toxapex
|-damage|p1a: Incineroar|48/100
|-damage|p1b: Toxapex|64/100
|move|p2b: Raging Bolt|Thunderbolt|p1a: Incineroar
|-damage|p1a: Incineroar|9/100
|move|p1a: Incineroar|Flare Blitz|p2b: Raging Bolt
|-damage|p2b: Raging Bolt|12/100 psn
|-damage|p1a: Incineroar|0 fnt|[from] Recoil
|faint|p1a: Incineroar
|
|-damage|p2a: Calyrex|75/100 psn|[from] psn
|-damage|p2b: Raging Bolt|0 fnt|[from] psn
|faint|p2b: Raging Bolt
|-end|p2b: Raging Bolt|Protosynthesis|[silent]
|upkeep
|
|t:|1750834136
|switch|p2b: Zamazenta|Zamazenta-Crowned, L50|64/100 brn
|switch|p1a: Calyrex|Calyrex-Shadow, L50|46/100
|-ability|p1a: Calyrex|As One
|-ability|p1a: Calyrex|Unnerve
|turn|9
|inactive|Jack Adamstim has 30 seconds left.
|
|t:|1750834161
|move|p1a: Calyrex|Protect|p1a: Calyrex
|-singleturn|p1a: Calyrex|Protect
|move|p2a: Calyrex|Protect|p2a: Calyrex
|-singleturn|p2a: Calyrex|Protect
|move|p1b: Toxapex|Baneful Bunker|p1b: Toxapex
|-singleturn|p1b: Toxapex|move: Protect
|move|p2b: Zamazenta|Body Press|p1b: Toxapex
|-activate|p1b: Toxapex|move: Protect
|
|-damage|p2a: Calyrex|63/100 psn|[from] psn
|-damage|p2b: Zamazenta|58/100 brn|[from] brn
|upkeep
|turn|10
|l| Yusuf y
|
|t:|1750834185
|move|p1b: Toxapex|Wide Guard|p1b: Toxapex
|-singleturn|p1b: Toxapex|Wide Guard
|move|p2a: Calyrex|Encore|p1a: Calyrex
|-start|p1a: Calyrex|Encore
|move|p1a: Calyrex|Protect||[still]
|-fail|p1a: Calyrex
|move|p2b: Zamazenta|Body Press|p1b: Toxapex
|-supereffective|p1b: Toxapex
|-damage|p1b: Toxapex|26/100
|
|-damage|p2a: Calyrex|50/100 psn|[from] psn
|-damage|p2b: Zamazenta|52/100 brn|[from] brn
|upkeep
|turn|11
|
|t:|1750834201
|switch|p1b: Ho-Oh|Ho-Oh, L50|60/100
|move|p1a: Calyrex|Protect|p1a: Calyrex
|-singleturn|p1a: Calyrex|Protect
|move|p2a: Calyrex|Psychic|p1a: Calyrex
|-activate|p1a: Calyrex|move: Protect
|move|p2b: Zamazenta|Body Press|p1b: Ho-Oh
|-resisted|p1b: Ho-Oh
|-damage|p1b: Ho-Oh|51/100
|
|-damage|p2a: Calyrex|38/100 psn|[from] psn
|-damage|p2b: Zamazenta|46/100 brn|[from] brn
|upkeep
|turn|12
|
|t:|1750834220
|switch|p1a: Toxapex|Toxapex, L50, M, tera:Dark|59/100
|move|p1b: Ho-Oh|Protect|p1b: Ho-Oh
|-singleturn|p1b: Ho-Oh|Protect
|move|p2a: Calyrex|Psychic|p1b: Ho-Oh
|-activate|p1b: Ho-Oh|move: Protect
|move|p2b: Zamazenta|Body Press|p1b: Ho-Oh
|-activate|p1b: Ho-Oh|move: Protect
|
|-damage|p2a: Calyrex|25/100 psn|[from] psn
|-damage|p2b: Zamazenta|40/100 brn|[from] brn
|upkeep
|turn|13
|
|t:|1750834232
|switch|p1b: Calyrex|Calyrex-Shadow, L50|46/100
|-ability|p1b: Calyrex|As One
|-ability|p1b: Calyrex|Unnerve
|move|p1a: Toxapex|Wide Guard|p1a: Toxapex
|-singleturn|p1a: Toxapex|Wide Guard
|move|p2a: Calyrex|Astral Barrage|p1a: Toxapex|[spread] 
|-activate|p1a: Toxapex|move: Wide Guard
|-activate|p1b: Calyrex|move: Wide Guard
|move|p2b: Zamazenta|Body Press|p1a: Toxapex
|-supereffective|p1a: Toxapex
|-damage|p1a: Toxapex|21/100
|
|-damage|p2a: Calyrex|13/100 psn|[from] psn
|-damage|p2b: Zamazenta|33/100 brn|[from] brn
|upkeep
|turn|14
|
|t:|1750834244
|move|p1a: Toxapex|Wide Guard|p1a: Toxapex
|-singleturn|p1a: Toxapex|Wide Guard
|move|p1b: Calyrex|Astral Barrage|p2a: Calyrex|[spread] p2a,p2b
|-supereffective|p2a: Calyrex
|-damage|p2a: Calyrex|0 fnt
|-damage|p2b: Zamazenta|0 fnt
|faint|p2a: Calyrex
|faint|p2b: Zamazenta
|
|win|hdlshshxvqjw
|raw|hdlshshxvqjw's rating: 1644 &rarr; <strong>1664</strong><br />(+20 for winning)
|raw|Jack Adamstim's rating: 1643 &rarr; <strong>1623</strong><br />(-20 for losing)
|l|☆hdlshshxvqjw
|player|p1|
|l|☆Jack Adamstim
|player|p2|
