|j|☆caZISA
|j|☆Mars002
|t:|1750864903
|gametype|doubles
|player|p1|caZISA|red|1665
|player|p2|Mars002|169|1612
|teamsize|p1|6
|teamsize|p2|6
|gen|9
|tier|[Gen 9] VGC 2025 Reg I
|rated|
|rule|Species Clause: Limit one of each Pokémon
|rule|Item Clause: Limit 1 of each item
|clearpoke
|poke|p1|Miraidon, L50|
|poke|p1|Calyrex-Ice, L50|
|poke|p1|Urshifu-*, L50, M|
|poke|p1|Landorus, L50, M|
|poke|p1|Volcarona, L50, M|
|poke|p1|Farigiraf, L50, F|
|poke|p2|Groudon, L50|
|poke|p2|Calyrex-Ice, L50|
|poke|p2|Rillaboom, L50, M|
|poke|p2|Annihilape, L50, M|
|poke|p2|Walking Wake, L50|
|poke|p2|Comfey, L50, M|
|teampreview|4
|inactive|Battle timer is ON: inactive players will automatically lose when time's up. (requested by Mars002)
|
|t:|1750864930
|start
|switch|p1a: Miraidon|Miraidon, L50|100/100
|switch|p1b: Seth|Volcarona, L50, M|100/100
|switch|p2a: Annihilape|Annihilape, L50, M|100/100
|switch|p2b: Walking Wake|Walking Wake, L50|100/100
|-fieldstart|move: Electric Terrain|[from] ability: Hadron Engine|[of] p1a: Miraidon
|turn|1
|inactive|Mars002 has 30 seconds left.
|
|t:|1750864962
|switch|p2a: Groudon|Groudon, L50|100/100
|-weather|SunnyDay|[from] ability: Drought|[of] p2a: Groudon
|-activate|p2b: Walking Wake|ability: Protosynthesis
|-start|p2b: Walking Wake|protosynthesisspe
|move|p1b: Seth|Protect|p1b: Seth
|-singleturn|p1b: Seth|Protect
|move|p2b: Walking Wake|Draco Meteor|p1a: Miraidon
|-supereffective|p1a: Miraidon
|-damage|p1a: Miraidon|0 fnt
|-unboost|p2b: Walking Wake|spa|2
|faint|p1a: Miraidon
|
|-weather|SunnyDay|[upkeep]
|upkeep
|
|t:|1750864972
|switch|p1a: Chicken Jockey|Calyrex-Ice, L50|100/100
|-ability|p1a: Chicken Jockey|As One
|-ability|p1a: Chicken Jockey|Unnerve
|turn|2
|inactive|Mars002 has 30 seconds left.
|
|t:|1750865004
|switch|p1b: ChrisBum|Landorus, L50, M|100/100
|-terastallize|p2a: Groudon|Water
|move|p2b: Walking Wake|Draco Meteor|p1a: Chicken Jockey
|-damage|p1a: Chicken Jockey|71/100
|-unboost|p2b: Walking Wake|spa|2
|move|p2a: Groudon|Rock Slide|p1a: Chicken Jockey|[spread] p1a,p1b
|-supereffective|p1a: Chicken Jockey
|-damage|p1a: Chicken Jockey|46/100
|-damage|p1b: ChrisBum|74/100
|cant|p1a: Chicken Jockey|flinch
|
|-weather|SunnyDay|[upkeep]
|upkeep
|turn|3
|
|t:|1750865022
|-end|p2b: Walking Wake|Protosynthesis|[silent]
|switch|p2b: Calyrex|Calyrex-Ice, L50|100/100
|-ability|p2b: Calyrex|As One
|-ability|p2b: Calyrex|Unnerve
|move|p1a: Chicken Jockey|Protect|p1a: Chicken Jockey
|-singleturn|p1a: Chicken Jockey|Protect
|move|p1b: ChrisBum|Earth Power|p2a: Groudon
|-damage|p2a: Groudon|68/100
|move|p2a: Groudon|Heat Crash|p1b: ChrisBum
|-damage|p1b: ChrisBum|0 fnt
|faint|p1b: ChrisBum
|
|-weather|SunnyDay|[upkeep]
|upkeep
|
|t:|1750865027
|switch|p1b: Seth|Volcarona, L50, M|100/100
|turn|4
|
|t:|1750865051
|-terastallize|p1b: Seth|Water
|move|p2b: Calyrex|Protect|p2b: Calyrex
|-singleturn|p2b: Calyrex|Protect
|move|p1b: Seth|Will-O-Wisp|p2a: Groudon
|-status|p2a: Groudon|brn
|move|p2a: Groudon|Rock Slide|p1a: Chicken Jockey|[spread] p1a,p1b
|-supereffective|p1a: Chicken Jockey
|-damage|p1a: Chicken Jockey|32/100
|-damage|p1b: Seth|91/100
|move|p1a: Chicken Jockey|Glacial Lance|p2b: Calyrex|[spread] p2a
|-activate|p2b: Calyrex|move: Protect
|-resisted|p2a: Groudon
|-damage|p2a: Groudon|51/100 brn
|
|-weather|SunnyDay|[upkeep]
|-damage|p2a: Groudon|45/100 brn|[from] brn
|upkeep
|turn|5
|
|t:|1750865073
|move|p1b: Seth|Fiery Dance|p2b: Calyrex
|-supereffective|p2b: Calyrex
|-damage|p2b: Calyrex|31/100
|-boost|p1b: Seth|spa|1
|move|p2a: Groudon|Shadow Claw|p1a: Chicken Jockey
|-supereffective|p1a: Chicken Jockey
|-damage|p1a: Chicken Jockey|16/100
|move|p2b: Calyrex|Seed Bomb|p1b: Seth
|-supereffective|p1b: Seth
|-damage|p1b: Seth|25/100
|move|p1a: Chicken Jockey|Trick Room|p1a: Chicken Jockey
|-fieldstart|move: Trick Room|[of] p1a: Chicken Jockey
|
|-weather|none
|-damage|p2a: Groudon|39/100 brn|[from] brn
|-fieldend|move: Electric Terrain
|upkeep
|turn|6
|inactive|Mars002 has 30 seconds left.
|
|t:|1750865107
|move|p1b: Seth|Protect|p1b: Seth
|-singleturn|p1b: Seth|Protect
|move|p2b: Calyrex|Seed Bomb|p1b: Seth
|-activate|p1b: Seth|move: Protect
|move|p1a: Chicken Jockey|Glacial Lance|p2b: Calyrex|[spread] p2a,p2b
|-resisted|p2a: Groudon
|-resisted|p2b: Calyrex
|-damage|p2a: Groudon|21/100 brn
|-damage|p2b: Calyrex|16/100
|move|p2a: Groudon|Shadow Claw|p1a: Chicken Jockey
|-supereffective|p1a: Chicken Jockey
|-damage|p1a: Chicken Jockey|0 fnt
|faint|p1a: Chicken Jockey
|
|-damage|p2a: Groudon|15/100 brn|[from] brn
|upkeep
|turn|7
|-message|caZISA forfeited.
|
|win|Mars002
|raw|caZISA's rating: 1665 &rarr; <strong>1642</strong><br />(-23 for losing)
|raw|Mars002's rating: 1612 &rarr; <strong>1635</strong><br />(+23 for winning)
|l|☆caZISA
|player|p1|
|l|☆Mars002
|player|p2|
