|j|☆willscharnagl
|j|☆FearlyVGC
|t:|1750739131
|gametype|doubles
|player|p1|willscharnagl|266|1401
|player|p2|FearlyVGC|lance|1356
|teamsize|p1|6
|teamsize|p2|6
|gen|9
|tier|[Gen 9] VGC 2025 Reg I
|rated|
|rule|Species Clause: Limit one of each Pokémon
|rule|Item Clause: Limit 1 of each item
|clearpoke
|poke|p1|Venusaur, L50, F|
|poke|p1|Groudon, L50|
|poke|p1|Flutter Mane, L50|
|poke|p1|Calyrex-Ice, L50|
|poke|p1|Raging Bolt, L50|
|poke|p1|Magmar, L50, M|
|poke|p2|Calyrex-Shadow, L50|
|poke|p2|Mienshao, L50, M|
|poke|p2|Koraidon, L50|
|poke|p2|Urshifu-*, L50, M|
|poke|p2|Indeedee-F, L50, F|
|poke|p2|Raging Bolt, L50|
|teampreview|4
|inactive|Battle timer is ON: inactive players will automatically lose when time's up. (requested by FearlyVGC)
FearlyVGC has agreed to open team sheets.
|
|t:|1750739163
|start
|switch|p1a: Groudon|Groudon, L50|100/100
|switch|p1b: Flutter Mane|Flutter Mane, L50|100/100
|switch|p2a: Mienshao|Mienshao, L50, M|100/100
|switch|p2b: Koraidon|Koraidon, L50|100/100
|-weather|SunnyDay|[from] ability: Orichalcum Pulse|[of] p2b: Koraidon
|-activate|p1b: Flutter Mane|ability: Protosynthesis
|-start|p1b: Flutter Mane|protosynthesisspe
|-activate|p2b: Koraidon|Orichalcum Pulse|[source]
|turn|1
|inactive|willscharnagl has 30 seconds left.
|
|t:|1750739194
|-terastallize|p2b: Koraidon|Fire
|-terastallize|p1a: Groudon|Fire
|move|p1b: Flutter Mane|Protect|p1b: Flutter Mane
|-singleturn|p1b: Flutter Mane|Protect
|move|p2a: Mienshao|Fake Out|p1a: Groudon
|-damage|p1a: Groudon|91/100
|move|p2b: Koraidon|Flame Charge|p1b: Flutter Mane
|-activate|p1b: Flutter Mane|move: Protect
|cant|p1a: Groudon|flinch
|
|-weather|SunnyDay|[upkeep]
|upkeep
|turn|2
|
|t:|1750739208
|-end|p1b: Flutter Mane|Protosynthesis|[silent]
|switch|p1b: Magmar|Magmar, L50, M|100/100
|move|p2a: Mienshao|Wide Guard|p2a: Mienshao
|-singleturn|p2a: Mienshao|Wide Guard
|move|p2b: Koraidon|Flame Charge|p1b: Magmar
|-resisted|p1b: Magmar
|-damage|p1b: Magmar|60/100
|-boost|p2b: Koraidon|spe|1
|-damage|p2b: Koraidon|91/100|[from] item: Life Orb
|move|p1a: Groudon|High Horsepower|p2b: Koraidon
|-supereffective|p2b: Koraidon
|-damage|p2b: Koraidon|2/100
|
|-weather|SunnyDay|[upkeep]
|upkeep
|turn|3
|inactive|FearlyVGC has 30 seconds left.
|
|t:|1750739241
|move|p2a: Mienshao|Upper Hand||[still]
|-fail|p2a: Mienshao
|move|p1b: Magmar|Follow Me|p1b: Magmar
|-singleturn|p1b: Magmar|move: Follow Me
|move|p2b: Koraidon|Close Combat|p1b: Magmar
|-damage|p1b: Magmar|0 fnt
|-unboost|p2b: Koraidon|def|1
|-unboost|p2b: Koraidon|spd|1
|faint|p1b: Magmar
|-damage|p2b: Koraidon|0 fnt|[from] item: Life Orb
|faint|p2b: Koraidon
|move|p1a: Groudon|Heat Crash|p2a: Mienshao
|-enditem|p2a: Mienshao|Focus Sash
|-damage|p2a: Mienshao|1/100
|
|-weather|SunnyDay|[upkeep]
|upkeep
|
|t:|1750739256
|switch|p2b: Calyrex|Calyrex-Shadow, L50|100/100
|switch|p1b: Flutter Mane|Flutter Mane, L50|100/100
|-ability|p2b: Calyrex|As One
|-ability|p2b: Calyrex|Unnerve
|-activate|p1b: Flutter Mane|ability: Protosynthesis
|-start|p1b: Flutter Mane|protosynthesisspe
|turn|4
|
|t:|1750739262
|switch|p2a: Raging Bolt|Raging Bolt, L50|100/100
|-activate|p2a: Raging Bolt|ability: Protosynthesis
|-start|p2a: Raging Bolt|protosynthesisspa
|move|p2b: Calyrex|Protect|p2b: Calyrex
|-singleturn|p2b: Calyrex|Protect
|move|p1b: Flutter Mane|Moonblast|p2a: Raging Bolt
|-supereffective|p2a: Raging Bolt
|-damage|p2a: Raging Bolt|43/100
|-unboost|p2a: Raging Bolt|spa|1
|move|p1a: Groudon|Heat Crash|p2b: Calyrex
|-activate|p2b: Calyrex|move: Protect
|
|-weather|SunnyDay|[upkeep]
|upkeep
|turn|5
|
|t:|1750739275
|move|p2a: Raging Bolt|Thunderclap||[still]
|-fail|p2a: Raging Bolt
|move|p1b: Flutter Mane|Thunder Wave|p2b: Calyrex
|-status|p2b: Calyrex|par
|move|p1a: Groudon|High Horsepower|p2a: Raging Bolt
|-supereffective|p2a: Raging Bolt
|-damage|p2a: Raging Bolt|0 fnt
|faint|p2a: Raging Bolt
|-end|p2a: Raging Bolt|Protosynthesis|[silent]
|move|p2b: Calyrex|Astral Barrage|p1a: Groudon|[spread] p1a,p1b
|-supereffective|p1b: Flutter Mane
|-damage|p1a: Groudon|62/100
|-enditem|p1b: Flutter Mane|Focus Sash
|-damage|p1b: Flutter Mane|1/100
|
|-weather|none
|-end|p1b: Flutter Mane|Protosynthesis
|upkeep
|
|t:|1750739283
|switch|p2a: Mienshao|Mienshao, L50, M|1/100
|turn|6
|-message|FearlyVGC forfeited.
|
|win|willscharnagl
|raw|willscharnagl's rating: 1401 &rarr; <strong>1418</strong><br />(+17 for winning)
|raw|FearlyVGC's rating: 1356 &rarr; <strong>1339</strong><br />(-17 for losing)
|l|☆FearlyVGC
|player|p2|
