|j|☆bimbo mafioso
|j|☆Psyducks in 6
|t:|1750788963
|gametype|doubles
|player|p1|bimbo mafioso|swimmerf|1614
|player|p2|Psyducks in 6|wattson|1706
|teamsize|p1|6
|teamsize|p2|6
|gen|9
|tier|[Gen 9] VGC 2025 Reg I
|rated|
|rule|Species Clause: Limit one of each Pokémon
|rule|Item Clause: Limit 1 of each item
|clearpoke
|poke|p1|Urshifu-*, L50, F|
|poke|p1|Rillaboom, L50, M|
|poke|p1|Incineroar, L50, M|
|poke|p1|Zamazenta-*, L50|
|poke|p1|Ogerpon-Cornerstone, L50, F|
|poke|p1|Calyrex-Shadow, L50|
|poke|p2|Miraidon, L50|
|poke|p2|Lunala, L50|
|poke|p2|Ursaluna, L50, M|
|poke|p2|Incineroar, L50, M|
|poke|p2|Whimsicott, L50, F|
|poke|p2|Urshifu-*, L50, F|
|teampreview|4
|inactive|Battle timer is ON: inactive players will automatically lose when time's up. (requested by bimbo mafioso)
|
|t:|1750788983
|start
|switch|p1a: Rillaboom|Rillaboom, L50, M|100/100
|switch|p1b: Zamazenta|Zamazenta-Crowned, L50|100/100
|switch|p2a: Tokyo Drift|Miraidon, L50|100/100
|switch|p2b: Glitch|Lunala, L50|100/100
|-fieldstart|move: Electric Terrain|[from] ability: Hadron Engine|[of] p2a: Tokyo Drift
|-enditem|p2b: Glitch|Electric Seed
|-boost|p2b: Glitch|def|1|[from] item: Electric Seed
|-ability|p1b: Zamazenta|Dauntless Shield|boost
|-boost|p1b: Zamazenta|def|1
|-fieldstart|move: Grassy Terrain|[from] ability: Grassy Surge|[of] p1a: Rillaboom
|turn|1
|
|t:|1750788996
|switch|p2a: Whimsicott|Whimsicott, L50, F|100/100
|move|p1b: Zamazenta|Body Press|p2a: Whimsicott
|-resisted|p2a: Whimsicott
|-damage|p2a: Whimsicott|57/100
|move|p1a: Rillaboom|U-turn|p2a: Whimsicott
|-damage|p2a: Whimsicott|30/100
|
|t:|1750789005
|switch|p1a: Incineroar|Incineroar, L50, M|100/100|[from] U-turn
|-ability|p1a: Incineroar|Intimidate|boost
|-unboost|p2a: Whimsicott|atk|1
|-unboost|p2b: Glitch|atk|1
|move|p2b: Glitch|Moongeist Beam|p1b: Zamazenta
|-damage|p1b: Zamazenta|57/100
|
|-heal|p1b: Zamazenta|63/100|[from] Grassy Terrain
|-heal|p2a: Whimsicott|36/100|[from] Grassy Terrain
|upkeep
|turn|2
|
|t:|1750789019
|move|p2a: Whimsicott|Tailwind|p2a: Whimsicott
|-sidestart|p2: Psyducks in 6|move: Tailwind
|move|p2b: Glitch|Moongeist Beam|p1b: Zamazenta
|-damage|p1b: Zamazenta|20/100
|move|p1b: Zamazenta|Body Press|p2a: Whimsicott
|-resisted|p2a: Whimsicott
|-damage|p2a: Whimsicott|0 fnt
|faint|p2a: Whimsicott
|move|p1a: Incineroar|Parting Shot|p2b: Glitch
|-unboost|p2b: Glitch|atk|1
|-unboost|p2b: Glitch|spa|1
|
|t:|1750789029
|switch|p1a: Calyrex|Calyrex-Shadow, L50|100/100|[from] Parting Shot
|-ability|p1a: Calyrex|As One
|-ability|p1a: Calyrex|Unnerve
|
|-heal|p1b: Zamazenta|26/100|[from] Grassy Terrain
|upkeep
|
|t:|1750789033
|switch|p2a: Urshifu|Urshifu-Rapid-Strike, L50, F|100/100
|turn|3
|
|t:|1750789053
|switch|p1a: Rillaboom|Rillaboom, L50, M|100/100
|switch|p1b: Incineroar|Incineroar, L50, M|100/100
|-ability|p1b: Incineroar|Intimidate|boost
|-unboost|p2a: Urshifu|atk|1
|-unboost|p2b: Glitch|atk|1
|-terastallize|p2a: Urshifu|Ghost
|move|p2b: Glitch|Wide Guard|p2b: Glitch
|-singleturn|p2b: Glitch|Wide Guard
|move|p2a: Urshifu|Surging Strikes|p1a: Rillaboom
|-resisted|p1a: Rillaboom
|-crit|p1a: Rillaboom
|-damage|p1a: Rillaboom|85/100
|-resisted|p1a: Rillaboom
|-crit|p1a: Rillaboom
|-damage|p1a: Rillaboom|70/100
|-resisted|p1a: Rillaboom
|-crit|p1a: Rillaboom
|-damage|p1a: Rillaboom|53/100
|-hitcount|p1a: Rillaboom|3
|
|-heal|p1a: Rillaboom|59/100|[from] Grassy Terrain
|upkeep
|turn|4
|inactive|bimbo mafioso has 30 seconds left.
|inactive|bimbo mafioso has 20 seconds left.
|
|t:|1750789093
|move|p1b: Incineroar|Helping Hand|p1a: Rillaboom
|-singleturn|p1a: Rillaboom|Helping Hand|[of] p1b: Incineroar
|move|p2a: Urshifu|Surging Strikes|p1a: Rillaboom
|-resisted|p1a: Rillaboom
|-crit|p1a: Rillaboom
|-damage|p1a: Rillaboom|44/100
|-resisted|p1a: Rillaboom
|-crit|p1a: Rillaboom
|-damage|p1a: Rillaboom|27/100
|-resisted|p1a: Rillaboom
|-crit|p1a: Rillaboom
|-damage|p1a: Rillaboom|12/100
|-hitcount|p1a: Rillaboom|3
|move|p2b: Glitch|Moongeist Beam|p1a: Rillaboom
|-damage|p1a: Rillaboom|0 fnt
|faint|p1a: Rillaboom
|
|upkeep
|c|☆bimbo mafioso|crazy
|c|☆bimbo mafioso|wp
|
|t:|1750789117
|switch|p1a: Zamazenta|Zamazenta-Crowned, L50|26/100
|turn|5
|
|t:|1750789125
|move|p2a: Urshifu|Surging Strikes|p1b: Incineroar
|-supereffective|p1b: Incineroar
|-crit|p1b: Incineroar
|-damage|p1b: Incineroar|46/100
|-damage|p2a: Urshifu|84/100|[from] item: Rocky Helmet|[of] p1b: Incineroar
|-supereffective|p1b: Incineroar
|-crit|p1b: Incineroar
|-damage|p1b: Incineroar|0 fnt
|-damage|p2a: Urshifu|67/100|[from] item: Rocky Helmet|[of] p1b: Incineroar
|faint|p1b: Incineroar
|-hitcount|p1: Incineroar|2
|move|p1a: Zamazenta|Heavy Slam|p2b: Glitch
|-damage|p2b: Glitch|88/100
|move|p2b: Glitch|Trick Room|p2b: Glitch
|-fieldstart|move: Trick Room|[of] p2b: Glitch
|
|-heal|p1a: Zamazenta|32/100|[from] Grassy Terrain
|-heal|p2b: Glitch|94/100|[from] Grassy Terrain
|-heal|p2a: Urshifu|73/100|[from] Grassy Terrain
|-sideend|p2: Psyducks in 6|move: Tailwind
|-fieldend|move: Grassy Terrain
|upkeep
|-message|bimbo mafioso forfeited.
|
|win|Psyducks in 6
|raw|bimbo mafioso's rating: 1614 &rarr; <strong>1599</strong><br />(-15 for losing)
|raw|Psyducks in 6's rating: 1706 &rarr; <strong>1721</strong><br />(+15 for winning)
