|j|☆qingyunyunyun
|j|☆not vgc lugia
|t:|1750843251
|gametype|doubles
|player|p1|qingyunyunyun|rosa|1576
|player|p2|not vgc lugia|ethan|1529
|teamsize|p1|6
|teamsize|p2|6
|gen|9
|tier|[Gen 9] VGC 2025 Reg I
|rated|
|rule|Species Clause: Limit one of each Pokémon
|rule|Item Clause: Limit 1 of each item
|clearpoke
|poke|p1|Terapagos, L50, M|
|poke|p1|Rillaboom, L50, M|
|poke|p1|Incineroar, L50, M|
|poke|p1|Lunala, L50|
|poke|p1|Pelipper, L50, F|
|poke|p1|Indeedee-F, L50, F|
|poke|p2|Lugia, L50|
|poke|p2|Miraidon, L50|
|poke|p2|Chien-Pao, L50|
|poke|p2|Iron Hands, L50|
|poke|p2|Ogerpon-Wellspring, L50, F|
|poke|p2|Entei, L50|
|teampreview|4
|inactive|Battle timer is ON: inactive players will automatically lose when time's up. (requested by not vgc lugia)
|inactive|qingyunyunyun also wants the timer to be on.
|inactive|qingyunyunyun has 60 seconds left.
|inactive|not vgc lugia has 60 seconds left.
|
|t:|1750843309
|start
|switch|p1a: Rillaboom|Rillaboom, L50, M|100/100
|switch|p1b: Terapagos|Terapagos, L50, M|100/100
|switch|p2a: Lugia|Lugia, L50|100/100
|switch|p2b: Chien-Pao|Chien-Pao, L50|100/100
|-activate|p1b: Terapagos|ability: Tera Shift
|detailschange|p1b: Terapagos|Terapagos-Terastal, L50, M
|-heal|p1b: Terapagos|100/100|[silent]
|-ability|p2b: Chien-Pao|Sword of Ruin
|-fieldstart|move: Grassy Terrain|[from] ability: Grassy Surge|[of] p1a: Rillaboom
|turn|1
|inactive|not vgc lugia has 30 seconds left.
|
|t:|1750843337
|switch|p1a: Incineroar|Incineroar, L50, M|100/100
|-ability|p1a: Incineroar|Intimidate|boost
|-unboost|p2a: Lugia|atk|1
|-unboost|p2b: Chien-Pao|atk|1
|move|p2b: Chien-Pao|Icicle Crash|p1a: Incineroar
|-resisted|p1a: Incineroar
|-damage|p1a: Incineroar|84/100
|move|p2a: Lugia|Calm Mind|p2a: Lugia
|-boost|p2a: Lugia|spa|1
|-boost|p2a: Lugia|spd|1
|move|p1b: Terapagos|Calm Mind|p1b: Terapagos
|-boost|p1b: Terapagos|spa|1
|-boost|p1b: Terapagos|spd|1
|
|-heal|p1a: Incineroar|90/100|[from] Grassy Terrain
|upkeep
|turn|2
|inactive|not vgc lugia has 30 seconds left.
|
|t:|1750843368
|switch|p2b: Iron Hands|Iron Hands, L50|100/100
|move|p2a: Lugia|Calm Mind|p2a: Lugia
|-boost|p2a: Lugia|spa|1
|-boost|p2a: Lugia|spd|1
|move|p1b: Terapagos|Calm Mind|p1b: Terapagos
|-boost|p1b: Terapagos|spa|1
|-boost|p1b: Terapagos|spd|1
|move|p1a: Incineroar|Knock Off|p2a: Lugia
|-supereffective|p2a: Lugia
|-damage|p2a: Lugia|73/100
|-enditem|p2a: Lugia|Electric Seed|[from] move: Knock Off|[of] p1a: Incineroar
|
|-heal|p1a: Incineroar|96/100|[from] Grassy Terrain
|upkeep
|turn|3
|inactive|not vgc lugia has 30 seconds left.
|inactive|not vgc lugia has 20 seconds left.
|
|t:|1750843404
|move|p1b: Terapagos|Protect|p1b: Terapagos
|-singleturn|p1b: Terapagos|Protect
|move|p2a: Lugia|Aeroblast|p1b: Terapagos
|-activate|p1b: Terapagos|move: Protect
|move|p1a: Incineroar|Parting Shot|p2a: Lugia
|-unboost|p2a: Lugia|atk|1
|-unboost|p2a: Lugia|spa|1
|inactive|qingyunyunyun has 30 seconds left.
|inactive|qingyunyunyun has 20 seconds left.
|inactive|qingyunyunyun has 15 seconds left.
|
|t:|1750843445
|switch|p1a: Rillaboom|Rillaboom, L50, M|100/100|[from] Parting Shot
|move|p2b: Iron Hands|Drain Punch|p1a: Rillaboom
|-damage|p1a: Rillaboom|49/100
|-enditem|p1a: Rillaboom|Sitrus Berry|[eat]
|-heal|p1a: Rillaboom|74/100|[from] item: Sitrus Berry
|
|-heal|p1a: Rillaboom|79/100|[from] Grassy Terrain
|upkeep
|turn|4
|inactive|qingyunyunyun has 30 seconds left.
|inactive|not vgc lugia has 30 seconds left.
|inactive|qingyunyunyun has 20 seconds left.
|inactive|not vgc lugia has 20 seconds left.
|inactive|qingyunyunyun has 15 seconds left.
|inactive|not vgc lugia has 15 seconds left.
|
|t:|1750843486
|-end|p2b: Iron Hands|Quark Drive|[silent]
|switch|p2b: Miraidon|Miraidon, L50|100/100
|-fieldstart|move: Electric Terrain|[from] ability: Hadron Engine|[of] p2b: Miraidon
|move|p2a: Lugia|Calm Mind|p2a: Lugia
|-boost|p2a: Lugia|spa|1
|-boost|p2a: Lugia|spd|1
|move|p1a: Rillaboom|Taunt|p2a: Lugia
|-start|p2a: Lugia|move: Taunt
|move|p1b: Terapagos|Calm Mind|p1b: Terapagos
|-boost|p1b: Terapagos|spa|1
|-boost|p1b: Terapagos|spd|1
|
|upkeep
|turn|5
|inactive|qingyunyunyun has 30 seconds left.
|inactive|qingyunyunyun has 20 seconds left.
|inactive|not vgc lugia has 30 seconds left.
|inactive|qingyunyunyun has 15 seconds left.
|j| nanshan
|inactive|not vgc lugia has 20 seconds left.
|
|t:|1750843535
|switch|p1a: Incineroar|Incineroar, L50, M|96/100
|-ability|p1a: Incineroar|Intimidate|boost
|-unboost|p2a: Lugia|atk|1
|-unboost|p2b: Miraidon|atk|1
|move|p1b: Terapagos|Protect|p1b: Terapagos
|-singleturn|p1b: Terapagos|Protect
|move|p2b: Miraidon|Volt Switch|p1b: Terapagos
|-activate|p1b: Terapagos|move: Protect
|move|p2a: Lugia|Aeroblast|p1a: Incineroar
|-damage|p1a: Incineroar|34/100
|
|upkeep
|turn|6
|inactive|qingyunyunyun has 30 seconds left.
|
|t:|1750843561
|switch|p2b: Iron Hands|Iron Hands, L50|100/100
|-activate|p2b: Iron Hands|ability: Quark Drive
|-start|p2b: Iron Hands|quarkdriveatk
|-terastallize|p1b: Terapagos|Stellar
|detailschange|p1b: Terapagos|Terapagos-Stellar, L50, M, tera:Stellar
|-heal|p1b: Terapagos|100/100|[silent]
|-ability|p1b: Terapagos|Teraform Zero
|-fieldend|move: Electric Terrain
|-end|p2b: Iron Hands|Quark Drive
|move|p1a: Incineroar|Fake Out|p2a: Lugia
|-damage|p2a: Lugia|66/100
|cant|p2a: Lugia|flinch
|move|p1b: Terapagos|Tera Starstorm|p2a: Lugia|[spread] p2a,p2b
|-damage|p2a: Lugia|37/100
|-damage|p2b: Iron Hands|46/100
|
|upkeep
|turn|7
|inactive|qingyunyunyun has 30 seconds left.
|inactive|not vgc lugia has 30 seconds left.
|l| nanshan
|inactive|not vgc lugia has 20 seconds left.
|
|t:|1750843597
|move|p1b: Terapagos|Protect|p1b: Terapagos
|-singleturn|p1b: Terapagos|Protect
|move|p2b: Iron Hands|Fake Out|p1b: Terapagos
|-activate|p1b: Terapagos|move: Protect
|move|p2a: Lugia|Aeroblast|p1a: Incineroar
|-damage|p1a: Incineroar|0 fnt
|faint|p1a: Incineroar
|
|-end|p2a: Lugia|move: Taunt
|upkeep
|
|t:|1750843606
|switch|p1a: Rillaboom|Rillaboom, L50, M|79/100
|-fieldstart|move: Grassy Terrain|[from] ability: Grassy Surge|[of] p1a: Rillaboom
|turn|8
|
|t:|1750843625
|-end|p2b: Iron Hands|Quark Drive|[silent]
|switch|p2b: Miraidon|Miraidon, L50|100/100
|-fieldstart|move: Electric Terrain|[from] ability: Hadron Engine|[of] p2b: Miraidon
|move|p2a: Lugia|Protect|p2a: Lugia
|-singleturn|p2a: Lugia|Protect
|move|p1a: Rillaboom|Fake Out|p2a: Lugia
|-activate|p2a: Lugia|move: Protect
|move|p1b: Terapagos|Tera Starstorm|p2b: Miraidon|[spread] p2b
|-activate|p2a: Lugia|move: Protect
|-damage|p2b: Miraidon|19/100
|
|upkeep
|turn|9
|
|t:|1750843643
|move|p2b: Miraidon|Electro Drift|p1b: Terapagos
|-damage|p1b: Terapagos|78/100
|move|p2a: Lugia|Aeroblast|p1a: Rillaboom
|-supereffective|p1a: Rillaboom
|-crit|p1a: Rillaboom
|-damage|p1a: Rillaboom|0 fnt
|faint|p1a: Rillaboom
|move|p1b: Terapagos|Tera Starstorm|p2a: Lugia|[spread] p2a,p2b
|-damage|p2a: Lugia|11/100
|-damage|p2b: Miraidon|0 fnt
|faint|p2b: Miraidon
|
|-heal|p1b: Terapagos|84/100|[from] item: Leftovers
|upkeep
|
|t:|1750843660
|switch|p2b: Chien-Pao|Chien-Pao, L50|100/100
|switch|p1a: Lunala|Lunala, L50|100/100
|-ability|p2b: Chien-Pao|Sword of Ruin
|turn|10
|
|t:|1750843670
|move|p2b: Chien-Pao|Throat Chop|p1a: Lunala
|-supereffective|p1a: Lunala
|-damage|p1a: Lunala|9/100
|-start|p1a: Lunala|Throat Chop|[silent]
|move|p2a: Lugia|Recover|p2a: Lugia
|-heal|p2a: Lugia|61/100
|move|p1a: Lunala|Meteor Beam||[still]
|-prepare|p1a: Lunala|Meteor Beam
|-boost|p1a: Lunala|spa|1
|-enditem|p1a: Lunala|Power Herb
|-anim|p1a: Lunala|Meteor Beam|p2b: Chien-Pao
|-supereffective|p2b: Chien-Pao
|-enditem|p2b: Chien-Pao|Focus Sash
|-damage|p2b: Chien-Pao|1/100
|move|p1b: Terapagos|Tera Starstorm|p2b: Chien-Pao|[spread] p2a,p2b
|-damage|p2a: Lugia|32/100
|-damage|p2b: Chien-Pao|0 fnt
|faint|p2b: Chien-Pao
|
|-heal|p1b: Terapagos|90/100|[from] item: Leftovers
|upkeep
|
|t:|1750843679
|switch|p2b: Iron Hands|Iron Hands, L50|46/100
|-activate|p2b: Iron Hands|ability: Quark Drive
|-start|p2b: Iron Hands|quarkdriveatk
|turn|11
|
|t:|1750843694
|move|p2b: Iron Hands|Fake Out|p1b: Terapagos
|-damage|p1b: Terapagos|78/100
|move|p2a: Lugia|Aeroblast|p1a: Lunala
|-damage|p1a: Lunala|0 fnt
|faint|p1a: Lunala
|cant|p1b: Terapagos|flinch
|
|-heal|p1b: Terapagos|84/100|[from] item: Leftovers
|upkeep
|turn|12
|
|t:|1750843705
|move|p2a: Lugia|Recover|p2a: Lugia
|-heal|p2a: Lugia|82/100
|move|p1b: Terapagos|Tera Starstorm|p2a: Lugia|[spread] p2a,p2b
|-damage|p2a: Lugia|56/100
|-damage|p2b: Iron Hands|0 fnt
|faint|p2b: Iron Hands
|-end|p2b: Iron Hands|Quark Drive|[silent]
|
|-heal|p1b: Terapagos|90/100|[from] item: Leftovers
|-fieldend|move: Electric Terrain
|upkeep
|turn|13
|
|t:|1750843715
|move|p2a: Lugia|Recover|p2a: Lugia
|-heal|p2a: Lugia|100/100
|move|p1b: Terapagos|Tera Starstorm|p2a: Lugia
|-damage|p2a: Lugia|81/100
|
|-heal|p1b: Terapagos|96/100|[from] item: Leftovers
|upkeep
|turn|14
|
|t:|1750843723
|move|p2a: Lugia|Protect|p2a: Lugia
|-singleturn|p2a: Lugia|Protect
|move|p1b: Terapagos|Calm Mind|p1b: Terapagos
|-boost|p1b: Terapagos|spa|1
|-boost|p1b: Terapagos|spd|1
|
|-heal|p1b: Terapagos|100/100|[from] item: Leftovers
|upkeep
|turn|15
|
|t:|1750843729
|move|p2a: Lugia|Calm Mind|p2a: Lugia
|-boost|p2a: Lugia|spa|1
|-boost|p2a: Lugia|spd|1
|move|p1b: Terapagos|Calm Mind|p1b: Terapagos
|-boost|p1b: Terapagos|spa|1
|-boost|p1b: Terapagos|spd|1
|
|upkeep
|turn|16
|
|t:|1750843750
|move|p2a: Lugia|Calm Mind|p2a: Lugia
|-boost|p2a: Lugia|spa|1
|-boost|p2a: Lugia|spd|1
|move|p1b: Terapagos|Calm Mind|p1b: Terapagos
|-boost|p1b: Terapagos|spa|1
|-boost|p1b: Terapagos|spd|1
|
|upkeep
|turn|17
|
|t:|1750843756
|move|p2a: Lugia|Calm Mind|p2a: Lugia
|-boost|p2a: Lugia|spa|1
|-boost|p2a: Lugia|spd|1
|move|p1b: Terapagos|Tera Starstorm|p2a: Lugia
|-damage|p2a: Lugia|46/100
|
|upkeep
|turn|18
|
|t:|1750843759
|move|p2a: Lugia|Calm Mind|p2a: Lugia
|-boost|p2a: Lugia|spa|1
|-boost|p2a: Lugia|spd|0
|move|p1b: Terapagos|Tera Starstorm|p2a: Lugia
|-damage|p2a: Lugia|10/100
|
|upkeep
|turn|19
|
|t:|1750843774
|move|p2a: Lugia|Recover|p2a: Lugia
|-heal|p2a: Lugia|60/100
|move|p1b: Terapagos|Earth Power|p2a: Lugia
|-immune|p2a: Lugia
|
|upkeep
|turn|20
|
|t:|1750843782
|move|p2a: Lugia|Recover|p2a: Lugia
|-heal|p2a: Lugia|100/100
|move|p1b: Terapagos|Earth Power|p2a: Lugia
|-immune|p2a: Lugia
|
|upkeep
|turn|21
|
|t:|1750843786
|move|p2a: Lugia|Calm Mind|p2a: Lugia
|-boost|p2a: Lugia|spa|0
|-boost|p2a: Lugia|spd|0
|move|p1b: Terapagos|Earth Power|p2a: Lugia
|-immune|p2a: Lugia
|
|upkeep
|turn|22
|
|t:|1750843791
|move|p2a: Lugia|Aeroblast|p1b: Terapagos
|-damage|p1b: Terapagos|74/100
|move|p1b: Terapagos|Calm Mind|p1b: Terapagos
|-boost|p1b: Terapagos|spa|0
|-boost|p1b: Terapagos|spd|0
|
|-heal|p1b: Terapagos|80/100|[from] item: Leftovers
|upkeep
|turn|23
|
|t:|1750843800
|move|p2a: Lugia|Protect|p2a: Lugia
|-singleturn|p2a: Lugia|Protect
|move|p1b: Terapagos|Protect||[still]
|-fail|p1b: Terapagos
|
|-heal|p1b: Terapagos|86/100|[from] item: Leftovers
|upkeep
|turn|24
|
|t:|1750843805
|move|p2a: Lugia|Calm Mind|p2a: Lugia
|-boost|p2a: Lugia|spa|0
|-boost|p2a: Lugia|spd|0
|move|p1b: Terapagos|Calm Mind|p1b: Terapagos
|-boost|p1b: Terapagos|spa|0
|-boost|p1b: Terapagos|spd|0
|
|-heal|p1b: Terapagos|92/100|[from] item: Leftovers
|upkeep
|turn|25
|
|t:|1750843812
|move|p1b: Terapagos|Protect|p1b: Terapagos
|-singleturn|p1b: Terapagos|Protect
|move|p2a: Lugia|Calm Mind|p2a: Lugia
|-boost|p2a: Lugia|spa|0
|-boost|p2a: Lugia|spd|0
|
|-heal|p1b: Terapagos|98/100|[from] item: Leftovers
|upkeep
|turn|26
|
|t:|1750843816
|move|p2a: Lugia|Aeroblast|p1b: Terapagos
|-damage|p1b: Terapagos|69/100
|move|p1b: Terapagos|Calm Mind|p1b: Terapagos
|-boost|p1b: Terapagos|spa|0
|-boost|p1b: Terapagos|spd|0
|
|-heal|p1b: Terapagos|75/100|[from] item: Leftovers
|upkeep
|turn|27
|
|t:|1750843823
|move|p2a: Lugia|Aeroblast|p1b: Terapagos
|-damage|p1b: Terapagos|46/100
|move|p1b: Terapagos|Calm Mind|p1b: Terapagos
|-boost|p1b: Terapagos|spa|0
|-boost|p1b: Terapagos|spd|0
|
|-heal|p1b: Terapagos|52/100|[from] item: Leftovers
|upkeep
|turn|28
|
|t:|1750843827
|move|p2a: Lugia|Protect|p2a: Lugia
|-singleturn|p2a: Lugia|Protect
|move|p1b: Terapagos|Protect||[still]
|-fail|p1b: Terapagos
|
|-heal|p1b: Terapagos|58/100|[from] item: Leftovers
|upkeep
|turn|29
|
|t:|1750843830
|move|p2a: Lugia|Recover||[still]
|-fail|p2a: Lugia|heal
|move|p1b: Terapagos|Calm Mind|p1b: Terapagos
|-boost|p1b: Terapagos|spa|0
|-boost|p1b: Terapagos|spd|0
|
|-heal|p1b: Terapagos|64/100|[from] item: Leftovers
|upkeep
|turn|30
|
|t:|1750843841
|move|p2a: Lugia|Protect|p2a: Lugia
|-singleturn|p2a: Lugia|Protect
|move|p1b: Terapagos|Protect||[still]
|-fail|p1b: Terapagos
|
|-heal|p1b: Terapagos|70/100|[from] item: Leftovers
|upkeep
|turn|31
|
|t:|1750843844
|move|p2a: Lugia|Recover||[still]
|-fail|p2a: Lugia|heal
|move|p1b: Terapagos|Calm Mind|p1b: Terapagos
|-boost|p1b: Terapagos|spa|0
|-boost|p1b: Terapagos|spd|0
|
|-heal|p1b: Terapagos|76/100|[from] item: Leftovers
|upkeep
|turn|32
|
|t:|1750843851
|move|p2a: Lugia|Recover||[still]
|-fail|p2a: Lugia|heal
|move|p1b: Terapagos|Calm Mind|p1b: Terapagos
|-boost|p1b: Terapagos|spa|0
|-boost|p1b: Terapagos|spd|0
|
|-heal|p1b: Terapagos|82/100|[from] item: Leftovers
|upkeep
|turn|33
|
|t:|1750843855
|move|p2a: Lugia|Calm Mind|p2a: Lugia
|-boost|p2a: Lugia|spa|0
|-boost|p2a: Lugia|spd|0
|move|p1b: Terapagos|Calm Mind|p1b: Terapagos
|-boost|p1b: Terapagos|spa|0
|-boost|p1b: Terapagos|spd|0
|
|-heal|p1b: Terapagos|88/100|[from] item: Leftovers
|upkeep
|turn|34
|
|t:|1750843857
|move|p2a: Lugia|Calm Mind|p2a: Lugia
|-boost|p2a: Lugia|spa|0
|-boost|p2a: Lugia|spd|0
|move|p1b: Terapagos|Calm Mind|p1b: Terapagos
|-boost|p1b: Terapagos|spa|0
|-boost|p1b: Terapagos|spd|0
|
|-heal|p1b: Terapagos|94/100|[from] item: Leftovers
|upkeep
|turn|35
|
|t:|1750843860
|move|p2a: Lugia|Calm Mind|p2a: Lugia
|-boost|p2a: Lugia|spa|0
|-boost|p2a: Lugia|spd|0
|move|p1b: Terapagos|Calm Mind|p1b: Terapagos
|-boost|p1b: Terapagos|spa|0
|-boost|p1b: Terapagos|spd|0
|
|-heal|p1b: Terapagos|99/100|[from] item: Leftovers
|upkeep
|turn|36
|
|t:|1750843862
|move|p2a: Lugia|Protect|p2a: Lugia
|-singleturn|p2a: Lugia|Protect
|move|p1b: Terapagos|Calm Mind|p1b: Terapagos
|-boost|p1b: Terapagos|spa|0
|-boost|p1b: Terapagos|spd|0
|
|-heal|p1b: Terapagos|100/100|[from] item: Leftovers
|upkeep
|turn|37
|
|t:|1750843865
|move|p2a: Lugia|Calm Mind|p2a: Lugia
|-boost|p2a: Lugia|spa|0
|-boost|p2a: Lugia|spd|0
|move|p1b: Terapagos|Calm Mind|p1b: Terapagos
|-boost|p1b: Terapagos|spa|0
|-boost|p1b: Terapagos|spd|0
|
|upkeep
|turn|38
|
|t:|1750843870
|move|p2a: Lugia|Protect|p2a: Lugia
|-singleturn|p2a: Lugia|Protect
|move|p1b: Terapagos|Calm Mind|p1b: Terapagos
|-boost|p1b: Terapagos|spa|0
|-boost|p1b: Terapagos|spd|0
|
|upkeep
|turn|39
|
|t:|1750843878
|move|p2a: Lugia|Calm Mind|p2a: Lugia
|-boost|p2a: Lugia|spa|0
|-boost|p2a: Lugia|spd|0
|move|p1b: Terapagos|Calm Mind|p1b: Terapagos
|-boost|p1b: Terapagos|spa|0
|-boost|p1b: Terapagos|spd|0
|
|upkeep
|turn|40
|inactive|qingyunyunyun has 30 seconds left.
|
|t:|1750843884
|move|p2a: Lugia|Calm Mind|p2a: Lugia
|-boost|p2a: Lugia|spa|0
|-boost|p2a: Lugia|spd|0
|move|p1b: Terapagos|Calm Mind|p1b: Terapagos
|-boost|p1b: Terapagos|spa|0
|-boost|p1b: Terapagos|spd|0
|
|upkeep
|turn|41
|inactive|qingyunyunyun has 30 seconds left this turn.
|
|t:|1750843887
|move|p2a: Lugia|Calm Mind|p2a: Lugia
|-boost|p2a: Lugia|spa|0
|-boost|p2a: Lugia|spd|0
|move|p1b: Terapagos|Calm Mind|p1b: Terapagos
|-boost|p1b: Terapagos|spa|0
|-boost|p1b: Terapagos|spd|0
|
|upkeep
|turn|42
|inactive|qingyunyunyun has 30 seconds left this turn.
|c|☆not vgc lugia|besz day of my life
|
|t:|1750843894
|move|p2a: Lugia|Protect|p2a: Lugia
|-singleturn|p2a: Lugia|Protect
|move|p1b: Terapagos|Calm Mind|p1b: Terapagos
|-boost|p1b: Terapagos|spa|0
|-boost|p1b: Terapagos|spd|0
|
|upkeep
|turn|43
|inactive|qingyunyunyun has 30 seconds left this turn.
|
|t:|1750843897
|move|p2a: Lugia|Calm Mind|p2a: Lugia
|-boost|p2a: Lugia|spa|0
|-boost|p2a: Lugia|spd|0
|move|p1b: Terapagos|Calm Mind|p1b: Terapagos
|-boost|p1b: Terapagos|spa|0
|-boost|p1b: Terapagos|spd|0
|
|upkeep
|turn|44
|inactive|qingyunyunyun has 30 seconds left this turn.
|
|t:|1750843901
|move|p2a: Lugia|Calm Mind|p2a: Lugia
|-boost|p2a: Lugia|spa|0
|-boost|p2a: Lugia|spd|0
|move|p1b: Terapagos|Calm Mind|p1b: Terapagos
|-boost|p1b: Terapagos|spa|0
|-boost|p1b: Terapagos|spd|0
|
|upkeep
|turn|45
|inactive|qingyunyunyun has 30 seconds left this turn.
|
|t:|1750843904
|move|p2a: Lugia|Protect|p2a: Lugia
|-singleturn|p2a: Lugia|Protect
|move|p1b: Terapagos|Calm Mind|p1b: Terapagos
|-boost|p1b: Terapagos|spa|0
|-boost|p1b: Terapagos|spd|0
|
|upkeep
|turn|46
|inactive|qingyunyunyun has 30 seconds left this turn.
|
|t:|1750843907
|move|p2a: Lugia|Calm Mind|p2a: Lugia
|-boost|p2a: Lugia|spa|0
|-boost|p2a: Lugia|spd|0
|move|p1b: Terapagos|Calm Mind|p1b: Terapagos
|-boost|p1b: Terapagos|spa|0
|-boost|p1b: Terapagos|spd|0
|
|upkeep
|turn|47
|inactive|qingyunyunyun has 30 seconds left this turn.
|
|t:|1750843909
|move|p2a: Lugia|Calm Mind|p2a: Lugia
|-boost|p2a: Lugia|spa|0
|-boost|p2a: Lugia|spd|0
|move|p1b: Terapagos|Earth Power|p2a: Lugia
|-immune|p2a: Lugia
|
|upkeep
|turn|48
|inactive|qingyunyunyun has 30 seconds left this turn.
|
|t:|1750843911
|move|p2a: Lugia|Calm Mind|p2a: Lugia
|-boost|p2a: Lugia|spa|0
|-boost|p2a: Lugia|spd|0
|move|p1b: Terapagos|Earth Power|p2a: Lugia
|-immune|p2a: Lugia
|
|upkeep
|turn|49
|inactive|qingyunyunyun has 30 seconds left this turn.
|
|t:|1750843914
|move|p2a: Lugia|Calm Mind|p2a: Lugia
|-boost|p2a: Lugia|spa|0
|-boost|p2a: Lugia|spd|0
|move|p1b: Terapagos|Earth Power|p2a: Lugia
|-immune|p2a: Lugia
|
|upkeep
|turn|50
|inactive|qingyunyunyun has 30 seconds left this turn.
|inactive|qingyunyunyun has 20 seconds left.
|c|☆qingyunyunyun|lmo
|
|t:|1750843926
|move|p2a: Lugia|Calm Mind|p2a: Lugia
|-boost|p2a: Lugia|spa|0
|-boost|p2a: Lugia|spd|0
|move|p1b: Terapagos|Calm Mind|p1b: Terapagos
|-boost|p1b: Terapagos|spa|0
|-boost|p1b: Terapagos|spd|0
|
|upkeep
|turn|51
|inactive|qingyunyunyun has 20 seconds left this turn.
|
|t:|1750843930
|move|p2a: Lugia|Calm Mind|p2a: Lugia
|-boost|p2a: Lugia|spa|0
|-boost|p2a: Lugia|spd|0
|move|p1b: Terapagos|Calm Mind|p1b: Terapagos
|-boost|p1b: Terapagos|spa|0
|-boost|p1b: Terapagos|spd|0
|
|upkeep
|turn|52
|inactive|qingyunyunyun has 20 seconds left this turn.
|
|t:|1750843933
|move|p2a: Lugia|Calm Mind|p2a: Lugia
|-boost|p2a: Lugia|spa|0
|-boost|p2a: Lugia|spd|0
|move|p1b: Terapagos|Calm Mind|p1b: Terapagos
|-boost|p1b: Terapagos|spa|0
|-boost|p1b: Terapagos|spd|0
|
|upkeep
|turn|53
|inactive|qingyunyunyun has 20 seconds left this turn.
|inactive|qingyunyunyun has 15 seconds left.
|
|t:|1750843940
|move|p2a: Lugia|Calm Mind|p2a: Lugia
|-boost|p2a: Lugia|spa|0
|-boost|p2a: Lugia|spd|0
|move|p1b: Terapagos|Calm Mind|p1b: Terapagos
|-boost|p1b: Terapagos|spa|0
|-boost|p1b: Terapagos|spd|0
|
|upkeep
|turn|54
|inactive|qingyunyunyun has 15 seconds left this turn.
|inactive|qingyunyunyun has 10 seconds left.
|
|t:|1750843948
|move|p2a: Lugia|Calm Mind|p2a: Lugia
|-boost|p2a: Lugia|spa|0
|-boost|p2a: Lugia|spd|0
|move|p1b: Terapagos|Calm Mind|p1b: Terapagos
|-boost|p1b: Terapagos|spa|0
|-boost|p1b: Terapagos|spd|0
|
|upkeep
|turn|55
|inactive|qingyunyunyun has 10 seconds left this turn.
|
|t:|1750843951
|move|p2a: Lugia|Protect|p2a: Lugia
|-singleturn|p2a: Lugia|Protect
|move|p1b: Terapagos|Protect||[still]
|-fail|p1b: Terapagos
|
|upkeep
|turn|56
|inactive|qingyunyunyun has 10 seconds left this turn.
|
|t:|1750843955
|move|p2a: Lugia|Protect||[still]
|-fail|p2a: Lugia
|move|p1b: Terapagos|Protect||[still]
|-fail|p1b: Terapagos
|
|upkeep
|turn|57
|inactive|qingyunyunyun has 10 seconds left this turn.
|
|t:|1750843960
|move|p1b: Terapagos|Protect|p1b: Terapagos
|-singleturn|p1b: Terapagos|Protect
|move|p2a: Lugia|Calm Mind|p2a: Lugia
|-boost|p2a: Lugia|spa|0
|-boost|p2a: Lugia|spd|0
|
|upkeep
|turn|58
|inactive|qingyunyunyun has 10 seconds left this turn.
|
|t:|1750843963
|move|p1b: Terapagos|Protect||[still]
|-fail|p1b: Terapagos
|move|p2a: Lugia|Calm Mind|p2a: Lugia
|-boost|p2a: Lugia|spa|0
|-boost|p2a: Lugia|spd|0
|
|upkeep
|turn|59
|inactive|qingyunyunyun has 10 seconds left this turn.
|
|t:|1750843967
|move|p1b: Terapagos|Protect|p1b: Terapagos
|-singleturn|p1b: Terapagos|Protect
|move|p2a: Lugia|Calm Mind|p2a: Lugia
|-boost|p2a: Lugia|spa|0
|-boost|p2a: Lugia|spd|0
|
|upkeep
|turn|60
|inactive|qingyunyunyun has 10 seconds left this turn.
|
|t:|1750843971
|move|p1b: Terapagos|Protect||[still]
|-fail|p1b: Terapagos
|move|p2a: Lugia|Calm Mind|p2a: Lugia
|-boost|p2a: Lugia|spa|0
|-boost|p2a: Lugia|spd|0
|
|upkeep
|turn|61
|inactive|qingyunyunyun has 10 seconds left this turn.
|
|t:|1750843975
|move|p2a: Lugia|Protect|p2a: Lugia
|-singleturn|p2a: Lugia|Protect
|move|p1b: Terapagos|Earth Power|p2a: Lugia
|-activate|p2a: Lugia|move: Protect
|
|upkeep
|turn|62
|inactive|qingyunyunyun has 10 seconds left this turn.
|
|t:|1750843979
|move|p2a: Lugia|Protect||[still]
|-fail|p2a: Lugia
|move|p1b: Terapagos|Protect||[still]
|-fail|p1b: Terapagos
|
|upkeep
|turn|63
|inactive|qingyunyunyun has 10 seconds left this turn.
|
|t:|1750843983
|move|p2a: Lugia|Protect|p2a: Lugia
|-singleturn|p2a: Lugia|Protect
|move|p1b: Terapagos|Protect||[still]
|-fail|p1b: Terapagos
|
|upkeep
|turn|64
|inactive|qingyunyunyun has 10 seconds left this turn.
|
|t:|1750843986
|move|p2a: Lugia|Protect||[still]
|-fail|p2a: Lugia
|move|p1b: Terapagos|Protect||[still]
|-fail|p1b: Terapagos
|
|upkeep
|turn|65
|inactive|qingyunyunyun has 10 seconds left this turn.
|
|t:|1750843989
|move|p2a: Lugia|Protect|p2a: Lugia
|-singleturn|p2a: Lugia|Protect
|move|p1b: Terapagos|Earth Power|p2a: Lugia
|-activate|p2a: Lugia|move: Protect
|
|upkeep
|turn|66
|inactive|qingyunyunyun has 10 seconds left this turn.
|
|t:|1750843993
|-activate|p2a: Lugia|move: Struggle
|move|p2a: Lugia|Struggle|p1b: Terapagos
|-damage|p1b: Terapagos|98/100
|-damage|p2a: Lugia|75/100|[from] recoil
|move|p1b: Terapagos|Earth Power|p2a: Lugia
|-immune|p2a: Lugia
|
|-heal|p1b: Terapagos|100/100|[from] item: Leftovers
|upkeep
|turn|67
|inactive|qingyunyunyun has 10 seconds left this turn.
|
|t:|1750844004
|-activate|p2a: Lugia|move: Struggle
|move|p2a: Lugia|Struggle|p1b: Terapagos
|-damage|p1b: Terapagos|98/100
|-damage|p2a: Lugia|50/100|[from] recoil
|move|p1b: Terapagos|Earth Power|p2a: Lugia
|-immune|p2a: Lugia
|
|-heal|p1b: Terapagos|100/100|[from] item: Leftovers
|upkeep
|turn|68
|inactive|qingyunyunyun has 10 seconds left this turn.
|
|t:|1750844009
|-activate|p2a: Lugia|move: Struggle
|move|p2a: Lugia|Struggle|p1b: Terapagos
|-damage|p1b: Terapagos|99/100
|-damage|p2a: Lugia|25/100|[from] recoil
|move|p1b: Terapagos|Earth Power|p2a: Lugia
|-immune|p2a: Lugia
|
|-heal|p1b: Terapagos|100/100|[from] item: Leftovers
|upkeep
|turn|69
|inactive|qingyunyunyun has 10 seconds left this turn.
|
|t:|1750844013
|-activate|p2a: Lugia|move: Struggle
|move|p2a: Lugia|Struggle|p1b: Terapagos
|-damage|p1b: Terapagos|98/100
|-damage|p2a: Lugia|0 fnt|[from] recoil
|faint|p2a: Lugia
|
|win|qingyunyunyun
|raw|qingyunyunyun's rating: 1576 &rarr; <strong>1593</strong><br />(+17 for winning)
|raw|not vgc lugia's rating: 1529 &rarr; <strong>1512</strong><br />(-17 for losing)
|c|☆not vgc lugia|wp
|c|☆not vgc lugia|best game ever
|c|☆qingyunyunyun|luck
|l|☆qingyunyunyun
|player|p1|
|l|☆not vgc lugia
|player|p2|
