|j|☆eevee887
|j|☆AragonVGC
|t:|1750774053
|gametype|doubles
|player|p1|eevee887|n|1104
|player|p2|AragonVGC|265|1141
|teamsize|p1|6
|teamsize|p2|6
|gen|9
|tier|[Gen 9] VGC 2025 Reg I
|rated|
|rule|Species Clause: Limit one of each Pokémon
|rule|Item Clause: Limit 1 of each item
|clearpoke
|poke|p1|Lunala, L50|
|poke|p1|Calyrex-Ice, L50|
|poke|p1|Talonflame, L50, F|
|poke|p1|Dragapult, L50, F|
|poke|p1|Jolteon, L50, M|
|poke|p1|Flutter Mane, L50|
|poke|p2|Calyrex-Ice, L50|
|poke|p2|Indeedee-F, L50, F|
|poke|p2|Necrozma-Dawn-Wings, L50|
|poke|p2|Torkoal, L50, F|
|poke|p2|Raging Bolt, L50|
|poke|p2|Smeargle, L50, M|
|teampreview|4
|c|☆AragonVGC|glhf
|c|☆eevee887|thank you?
|c|☆AragonVGC|good luck have fun
|
|t:|1750774112
|start
|switch|p1a: bood moon|Lunala, L50, shiny|100/100
|switch|p1b: Calyrex|Calyrex-Ice, L50|100/100
|switch|p2a: Smeargle|Smeargle, L50, M, shiny|100/100
|switch|p2b: Calyrex|Calyrex-Ice, L50|100/100
|-ability|p2b: Calyrex|As One
|-ability|p2b: Calyrex|Unnerve
|-ability|p1b: Calyrex|As One
|-ability|p1b: Calyrex|Unnerve
|turn|1
|c|☆eevee887|ik
|c|☆eevee887|ok
|c|☆AragonVGC|then why was there a question mark?
|
|t:|1750774165
|-terastallize|p2b: Calyrex|Fire
|move|p1a: bood moon|Wide Guard|p1a: bood moon
|-singleturn|p1a: bood moon|Wide Guard
|move|p2a: Smeargle|Decorate|p2b: Calyrex
|-boost|p2b: Calyrex|atk|2
|-boost|p2b: Calyrex|spa|2
|move|p2b: Calyrex|Glacial Lance|p1b: Calyrex|[spread] 
|-activate|p1a: bood moon|move: Wide Guard
|-activate|p1b: Calyrex|move: Wide Guard
|move|p1b: Calyrex|Glacial Lance|p2a: Smeargle|[spread] p2a,p2b
|-resisted|p2b: Calyrex
|-enditem|p2a: Smeargle|Focus Sash
|-damage|p2a: Smeargle|1/100
|-damage|p2b: Calyrex|85/100
|
|-ability|p2a: Smeargle|Moody|boost
|-boost|p2a: Smeargle|def|2
|-unboost|p2a: Smeargle|spd|1
|upkeep
|turn|2
|
|t:|1750774204
|move|p2a: Smeargle|Wide Guard|p2a: Smeargle
|-singleturn|p2a: Smeargle|Wide Guard
|move|p1a: bood moon|Wide Guard|p1a: bood moon
|-singleturn|p1a: bood moon|Wide Guard
|move|p1b: Calyrex|High Horsepower|p2b: Calyrex
|-supereffective|p2b: Calyrex
|-damage|p2b: Calyrex|35/100
|move|p2b: Calyrex|Trick Room|p2b: Calyrex
|-fieldstart|move: Trick Room|[of] p2b: Calyrex
|
|-ability|p2a: Smeargle|Moody|boost
|-boost|p2a: Smeargle|atk|2
|-unboost|p2a: Smeargle|spe|1
|upkeep
|turn|3
|
|t:|1750774248
|move|p1a: bood moon|Wide Guard|p1a: bood moon
|-singleturn|p1a: bood moon|Wide Guard
|move|p1b: Calyrex|High Horsepower|p2b: Calyrex
|-supereffective|p2b: Calyrex
|-damage|p2b: Calyrex|0 fnt
|faint|p2b: Calyrex
|-ability|p1b: Calyrex|Chilling Neigh|boost
|-boost|p1b: Calyrex|atk|1
|move|p2a: Smeargle|Spore|p1a: bood moon
|-status|p1a: bood moon|slp|[from] move: Spore
|
|-ability|p2a: Smeargle|Moody|boost
|-boost|p2a: Smeargle|atk|2
|-unboost|p2a: Smeargle|spa|1
|upkeep
|
|t:|1750774261
|switch|p2b: Torkoal|Torkoal, L50, F, shiny|100/100
|-weather|SunnyDay|[from] ability: Drought|[of] p2b: Torkoal
|turn|4
|
|t:|1750774282
|switch|p1a: Talonflame|Talonflame, L50, F|100/100
|move|p1b: Calyrex|Protect|p1b: Calyrex
|-singleturn|p1b: Calyrex|Protect
|move|p2b: Torkoal|Eruption|p1a: Talonflame|[spread] p1a
|-activate|p1b: Calyrex|move: Protect
|-resisted|p1a: Talonflame
|-damage|p1a: Talonflame|36/100
|move|p2a: Smeargle|Decorate|p2b: Torkoal
|-boost|p2b: Torkoal|atk|2
|-boost|p2b: Torkoal|spa|2
|
|-weather|SunnyDay|[upkeep]
|-heal|p1a: Talonflame|41/100|[from] item: Leftovers
|-ability|p2a: Smeargle|Moody|boost
|-boost|p2a: Smeargle|spe|2
|-unboost|p2a: Smeargle|def|1
|upkeep
|turn|5
|
|t:|1750774308
|-terastallize|p1b: Calyrex|Ground
|move|p2a: Smeargle|Follow Me|p2a: Smeargle
|-singleturn|p2a: Smeargle|move: Follow Me
|move|p2b: Torkoal|Eruption|p1b: Calyrex|[spread] p1a,p1b
|-resisted|p1a: Talonflame
|-crit|p1b: Calyrex
|-damage|p1a: Talonflame|0 fnt
|-damage|p1b: Calyrex|0 fnt
|faint|p1a: Talonflame
|faint|p1b: Calyrex
|
|-weather|SunnyDay|[upkeep]
|-ability|p2a: Smeargle|Moody|boost
|-boost|p2a: Smeargle|spe|2
|-unboost|p2a: Smeargle|atk|1
|upkeep
|
|t:|1750774321
|switch|p1b: bood moon|Lunala, L50, shiny|100/100 slp
|switch|p1a: Dragapult|Dragapult, L50, F|100/100
|turn|6
|c|☆eevee887|aaaaaargh you win:(
|c|☆AragonVGC|ggs
|
|t:|1750774347
|cant|p1b: bood moon|slp
|move|p2a: Smeargle|Follow Me|p2a: Smeargle
|-singleturn|p2a: Smeargle|move: Follow Me
|move|p2b: Torkoal|Eruption|p1b: bood moon|[spread] p1a,p1b
|-resisted|p1a: Dragapult
|-damage|p1a: Dragapult|11/100
|-damage|p1b: bood moon|38/100 slp
|move|p1a: Dragapult|Phantom Force||[still]
|-prepare|p1a: Dragapult|Phantom Force
|
|-weather|SunnyDay|[upkeep]
|-fieldend|move: Trick Room
|-ability|p2a: Smeargle|Moody|boost
|-boost|p2a: Smeargle|atk|2
|-unboost|p2a: Smeargle|spa|1
|upkeep
|turn|7
|c|☆AragonVGC|u almost had me
|
|t:|1750774374
|move|p2a: Smeargle|Decorate|p2b: Torkoal
|-boost|p2b: Torkoal|atk|2
|-boost|p2b: Torkoal|spa|2
|move|p1a: Dragapult|Phantom Force|p2b: Torkoal|[from] lockedmove
|-damage|p2b: Torkoal|67/100
|cant|p1b: bood moon|slp
|move|p2b: Torkoal|Eruption|p1a: Dragapult|[spread] p1a,p1b
|-resisted|p1a: Dragapult
|-damage|p1a: Dragapult|0 fnt
|-damage|p1b: bood moon|0 fnt
|faint|p1a: Dragapult
|faint|p1b: bood moon
|
|win|AragonVGC
|raw|eevee887's rating: 1104 &rarr; <strong>1082</strong><br />(-22 for losing)
|raw|AragonVGC's rating: 1141 &rarr; <strong>1163</strong><br />(+22 for winning)
|c|☆eevee887|again?
|c|☆AragonVGC|ah sure
|c|☆eevee887|yesssssssssssssssssssssssssssssssssssssssssssssssssssssssssssssssssss
|c|☆AragonVGC|can i use a dif team?
|c|☆eevee887|what? im brazilian kkk i dont know
|c|☆AragonVGC|can i use a different team
|c|☆eevee887|ok
|l|☆eevee887
|player|p1|
