|j|☆SeanPlayzz
|j|☆6HawtLodes
|t:|1750720519
|gametype|doubles
|player|p1|SeanPlayzz|richboy-gen4|1116
|player|p2|6HawtLodes|cynthia|1206
|teamsize|p1|6
|teamsize|p2|6
|gen|9
|tier|[Gen 9] VGC 2025 Reg I
|rated|
|rule|Species Clause: Limit one of each Pokémon
|rule|Item Clause: Limit 1 of each item
|clearpoke
|poke|p1|Kyogre, L50|
|poke|p1|Gothitelle, L50, F|
|poke|p1|Calyrex-Shadow, L50|
|poke|p1|Tornadus, L50, M|
|poke|p1|Incineroar, L50, M|
|poke|p1|Urshifu-*, L50, M|
|poke|p2|Calyrex-Ice, L50|
|poke|p2|Slowking-Galar, L50, F|
|poke|p2|Glaceon, L50, F|
|poke|p2|Kyurem-White, L50|
|poke|p2|Incineroar, L50, M|
|poke|p2|Ninetales-Alola, L50, M|
|teampreview|4
|inactive|Battle timer is ON: inactive players will automatically lose when time's up. (requested by 6HawtLodes)
|
|t:|1750720549
|start
|switch|p1a: Gothitelle|Gothitelle, L50, F|100/100
|switch|p1b: Calyrex|Calyrex-Shadow, L50|100/100
|switch|p2a: Slowking|Slowking-Galar, L50, F|100/100
|switch|p2b: Incineroar|Incineroar, L50, M|100/100
|-ability|p1b: Calyrex|As One
|-ability|p1b: Calyrex|Unnerve
|-ability|p2b: Incineroar|Intimidate|boost
|-unboost|p1a: Gothitelle|atk|1
|-unboost|p1b: Calyrex|atk|1
|turn|1
|
|t:|1750720567
|move|p1a: Gothitelle|Fake Out|p2b: Incineroar
|-damage|p2b: Incineroar|98/100
|-damage|p1a: Gothitelle|84/100|[from] item: Rocky Helmet|[of] p2b: Incineroar
|cant|p2b: Incineroar|flinch
|move|p1b: Calyrex|Astral Barrage|p2a: Slowking|[spread] p2a,p2b
|-supereffective|p2a: Slowking
|-resisted|p2b: Incineroar
|-damage|p2a: Slowking|22/100
|-damage|p2b: Incineroar|77/100
|move|p2a: Slowking|Trick Room|p2a: Slowking
|-fieldstart|move: Trick Room|[of] p2a: Slowking
|
|upkeep
|turn|2
|
|t:|1750720590
|move|p1b: Calyrex|Protect|p1b: Calyrex
|-singleturn|p1b: Calyrex|Protect
|-prepare|p2a: Slowking|Chilly Reception|[premajor]
|move|p2a: Slowking|Chilly Reception|p2a: Slowking
|-weather|Snowscape
|
|t:|1750720599
|switch|p2a: Calyrex|Calyrex-Ice, L50|100/100|[from] Chilly Reception
|-ability|p2a: Calyrex|As One
|-ability|p2a: Calyrex|Unnerve
|move|p2b: Incineroar|Knock Off|p1b: Calyrex
|-activate|p1b: Calyrex|move: Protect
|move|p1a: Gothitelle|Psychic|p2a: Calyrex
|-resisted|p2a: Calyrex
|-damage|p2a: Calyrex|89/100
|
|-weather|Snowscape|[upkeep]
|upkeep
|turn|3
|
|t:|1750720615
|switch|p1b: Kyogre|Kyogre, L50|100/100
|-weather|RainDance|[from] ability: Drizzle|[of] p1b: Kyogre
|move|p1a: Gothitelle|Protect|p1a: Gothitelle
|-singleturn|p1a: Gothitelle|Protect
|move|p2a: Calyrex|Glacial Lance|p1a: Gothitelle|[spread] p1b
|-activate|p1a: Gothitelle|move: Protect
|-resisted|p1b: Kyogre
|-damage|p1b: Kyogre|72/100
|move|p2b: Incineroar|Knock Off|p1b: Kyogre
|-damage|p1b: Kyogre|37/100
|-enditem|p1b: Kyogre|Assault Vest|[from] move: Knock Off|[of] p2b: Incineroar
|
|-weather|RainDance|[upkeep]
|upkeep
|turn|4
|inactive|SeanPlayzz has 30 seconds left.
|
|t:|1750720641
|switch|p1b: Urshifu|Urshifu-Rapid-Strike, L50, M|100/100
|move|p2a: Calyrex|Glacial Lance|p1a: Gothitelle|[spread] p1a,p1b
|-resisted|p1b: Urshifu
|-damage|p1a: Gothitelle|28/100
|-damage|p1b: Urshifu|71/100
|move|p2b: Incineroar|Parting Shot|p1b: Urshifu
|-unboost|p1b: Urshifu|atk|1
|-unboost|p1b: Urshifu|spa|1
|
|t:|1750720650
|switch|p2b: Kyurem|Kyurem-White, L50|100/100|[from] Parting Shot
|-ability|p2b: Kyurem|Turboblaze
|move|p1a: Gothitelle|Heal Pulse|p1b: Urshifu
|-heal|p1b: Urshifu|100/100
|
|-weather|RainDance|[upkeep]
|upkeep
|turn|5
|
|t:|1750720668
|switch|p1a: Kyogre|Kyogre, L50|37/100
|move|p1b: Urshifu|Protect|p1b: Urshifu
|-singleturn|p1b: Urshifu|Protect
|move|p2a: Calyrex|Glacial Lance|p1a: Kyogre|[spread] p1a
|-activate|p1b: Urshifu|move: Protect
|-resisted|p1a: Kyogre
|-damage|p1a: Kyogre|8/100
|move|p2b: Kyurem|Freeze-Dry|p1b: Urshifu
|-activate|p1b: Urshifu|move: Protect
|
|-weather|RainDance|[upkeep]
|-fieldend|move: Trick Room
|upkeep
|turn|6
|inactive|SeanPlayzz has 30 seconds left.
|inactive|6HawtLodes has 30 seconds left.
|inactive|SeanPlayzz has 20 seconds left.
|inactive|SeanPlayzz has 15 seconds left.
|inactive|6HawtLodes has 20 seconds left.
|inactive|SeanPlayzz has 10 seconds left.
|inactive|6HawtLodes has 15 seconds left.
|
|t:|1750720715
|-terastallize|p2a: Calyrex|Water
|move|p1b: Urshifu|Surging Strikes|p2a: Calyrex
|-resisted|p2a: Calyrex
|-crit|p2a: Calyrex
|-damage|p2a: Calyrex|76/100
|-resisted|p2a: Calyrex
|-crit|p2a: Calyrex
|-damage|p2a: Calyrex|64/100
|-resisted|p2a: Calyrex
|-crit|p2a: Calyrex
|-damage|p2a: Calyrex|52/100
|-hitcount|p2a: Calyrex|3
|move|p1a: Kyogre|Origin Pulse|p2b: Kyurem|[spread] p2a,p2b
|-resisted|p2a: Calyrex
|-resisted|p2b: Kyurem
|-damage|p2a: Calyrex|23/100
|-damage|p2b: Kyurem|81/100
|move|p2b: Kyurem|Freeze-Dry|p1b: Urshifu
|-supereffective|p1b: Urshifu
|-damage|p1b: Urshifu|0 fnt
|faint|p1b: Urshifu
|move|p2a: Calyrex|Glacial Lance|p1a: Kyogre
|-resisted|p1a: Kyogre
|-damage|p1a: Kyogre|0 fnt
|faint|p1a: Kyogre
|-ability|p2a: Calyrex|Chilling Neigh|boost
|-boost|p2a: Calyrex|atk|1
|
|-weather|RainDance|[upkeep]
|upkeep
|
|t:|1750720723
|switch|p1b: Calyrex|Calyrex-Shadow, L50|100/100
|switch|p1a: Gothitelle|Gothitelle, L50, F|28/100
|-ability|p1b: Calyrex|As One
|-ability|p1b: Calyrex|Unnerve
|turn|7
|inactive|6HawtLodes has 30 seconds left.
|
|t:|1750720755
|-terastallize|p1b: Calyrex|Ghost
|move|p2a: Calyrex|Protect|p2a: Calyrex
|-singleturn|p2a: Calyrex|Protect
|move|p1a: Gothitelle|Fake Out|p2b: Kyurem
|-damage|p2b: Kyurem|77/100
|move|p1b: Calyrex|Astral Barrage|p2a: Calyrex|[spread] p2b
|-activate|p2a: Calyrex|move: Protect
|-damage|p2b: Kyurem|44/100
|cant|p2b: Kyurem|flinch
|
|-weather|none
|upkeep
|turn|8
|inactive|SeanPlayzz has 30 seconds left.
|
|t:|1750720781
|move|p1b: Calyrex|Astral Barrage|p2b: Kyurem|[spread] p2a,p2b
|-damage|p2a: Calyrex|0 fnt
|-damage|p2b: Kyurem|10/100
|-enditem|p1a: Gothitelle|Sitrus Berry|[eat]
|-heal|p1a: Gothitelle|53/100|[from] item: Sitrus Berry
|faint|p2a: Calyrex
|-ability|p1b: Calyrex|Grim Neigh|boost
|-boost|p1b: Calyrex|spa|1
|move|p2b: Kyurem|Blizzard|p1b: Calyrex|[spread] p1a
|-miss|p2b: Kyurem|p1b: Calyrex
|-crit|p1a: Gothitelle
|-damage|p1a: Gothitelle|0 fnt
|faint|p1a: Gothitelle
|
|upkeep
|
|t:|1750720798
|switch|p2a: Incineroar|Incineroar, L50, M|77/100
|-ability|p2a: Incineroar|Intimidate|boost
|-unboost|p1b: Calyrex|atk|1
|turn|9
|
|t:|1750720815
|move|p1b: Calyrex|Protect|p1b: Calyrex
|-singleturn|p1b: Calyrex|Protect
|move|p2b: Kyurem|Fusion Flare|p1b: Calyrex
|-activate|p1b: Calyrex|move: Protect
|move|p2a: Incineroar|Knock Off|p1b: Calyrex
|-activate|p1b: Calyrex|move: Protect
|
|upkeep
|turn|10
|
|t:|1750720827
|move|p1b: Calyrex|Astral Barrage|p2b: Kyurem|[spread] p2a,p2b
|-resisted|p2a: Incineroar
|-damage|p2a: Incineroar|35/100
|-damage|p2b: Kyurem|0 fnt
|faint|p2b: Kyurem
|-ability|p1b: Calyrex|Grim Neigh|boost
|-boost|p1b: Calyrex|spa|1
|move|p2a: Incineroar|Knock Off|p1b: Calyrex
|-supereffective|p1b: Calyrex
|-damage|p1b: Calyrex|2/100
|-enditem|p1b: Calyrex|Focus Sash|[from] move: Knock Off|[of] p2a: Incineroar
|
|upkeep
|
|t:|1750720837
|switch|p2b: Slowking|Slowking-Galar, L50, F|55/100
|turn|11
|
|t:|1750720852
|move|p1b: Calyrex|Astral Barrage|p2a: Incineroar|[spread] p2a,p2b
|-resisted|p2a: Incineroar
|-supereffective|p2b: Slowking
|-damage|p2a: Incineroar|0 fnt
|-damage|p2b: Slowking|0 fnt
|faint|p2a: Incineroar
|faint|p2b: Slowking
|
|win|SeanPlayzz
|raw|SeanPlayzz's rating: 1116 &rarr; <strong>1147</strong><br />(+31 for winning)
|raw|6HawtLodes's rating: 1206 &rarr; <strong>1175</strong><br />(-31 for losing)
|l|☆SeanPlayzz
|player|p1|
|l|☆6HawtLodes
|player|p2|
