|j|☆Bokkimano
|j|☆averdin
|t:|1750740001
|gametype|doubles
|player|p1|Bokkimano|skierf|1445
|player|p2|averdin|102|1446
|teamsize|p1|6
|teamsize|p2|6
|gen|9
|tier|[Gen 9] VGC 2025 Reg I
|rated|
|rule|Species Clause: Limit one of each Pokémon
|rule|Item Clause: Limit 1 of each item
|clearpoke
|poke|p1|Terapagos, L50, M|
|poke|p1|Koraidon, L50|
|poke|p1|Flutter Mane, L50|
|poke|p1|Incineroar, L50, F|
|poke|p1|Volcarona, L50, F|
|poke|p1|Rillaboom, L50, F|
|poke|p2|Koraidon, L50|
|poke|p2|Terapagos, L50, M|
|poke|p2|Flutter Mane, L50|
|poke|p2|Rillaboom, L50, M|
|poke|p2|Incineroar, L50, M|
|poke|p2|Volcarona, L50, F|
|teampreview|4
|inactive|Battle timer is ON: inactive players will automatically lose when time's up. (requested by Bokkimano)
|c|☆Bokkimano|Ayo
|inactive|averdin has 60 seconds left.
|
|t:|1750740039
|start
|switch|p1a: Flutter Mane|Flutter Mane, L50|100/100
|switch|p1b: Volcarona|Volcarona, L50, F|100/100
|switch|p2a: Incineroar|Incineroar, L50, M|100/100
|switch|p2b: Terapagos|Terapagos, L50, M|100/100
|-activate|p2b: Terapagos|ability: Tera Shift
|detailschange|p2b: Terapagos|Terapagos-Terastal, L50, M
|-heal|p2b: Terapagos|100/100|[silent]
|-ability|p2a: Incineroar|Intimidate|boost
|-unboost|p1a: Flutter Mane|atk|1
|-unboost|p1b: Volcarona|atk|1
|turn|1
|inactive|averdin has 30 seconds left.
|
|t:|1750740069
|move|p1a: Flutter Mane|Icy Wind|p2a: Incineroar|[spread] p2a,p2b
|-resisted|p2a: Incineroar
|-activate|p2b: Terapagos|ability: Tera Shell
|-resisted|p2b: Terapagos
|-damage|p2a: Incineroar|93/100
|-damage|p2b: Terapagos|94/100
|-unboost|p2a: Incineroar|spe|1
|-unboost|p2b: Terapagos|spe|1
|move|p1b: Volcarona|Struggle Bug|p2a: Incineroar|[spread] p2a,p2b
|-damage|p2a: Incineroar|78/100
|-damage|p2b: Terapagos|80/100
|-unboost|p2a: Incineroar|spa|1
|-unboost|p2b: Terapagos|spa|1
|move|p2b: Terapagos|Calm Mind|p2b: Terapagos
|-boost|p2b: Terapagos|spa|1
|-boost|p2b: Terapagos|spd|1
|move|p2a: Incineroar|Taunt|p1b: Volcarona
|-start|p1b: Volcarona|move: Taunt
|
|-heal|p2b: Terapagos|86/100|[from] item: Leftovers
|upkeep
|turn|2
|inactive|averdin has 30 seconds left.
|
|t:|1750740094
|-terastallize|p2b: Terapagos|Stellar
|detailschange|p2b: Terapagos|Terapagos-Stellar, L50, M, tera:Stellar
|-heal|p2b: Terapagos|90/100|[silent]
|move|p1a: Flutter Mane|Moonblast|p2a: Incineroar
|-damage|p2a: Incineroar|29/100
|move|p1b: Volcarona|Struggle Bug|p2b: Terapagos|[spread] p2a,p2b
|-damage|p2a: Incineroar|12/100
|-damage|p2b: Terapagos|83/100
|-unboost|p2a: Incineroar|spa|1
|-unboost|p2b: Terapagos|spa|1
|move|p2b: Terapagos|Calm Mind|p2b: Terapagos
|-boost|p2b: Terapagos|spa|1
|-boost|p2b: Terapagos|spd|1
|move|p2a: Incineroar|Knock Off|p1a: Flutter Mane
|-damage|p1a: Flutter Mane|16/100
|-enditem|p1a: Flutter Mane|Focus Sash|[from] move: Knock Off|[of] p2a: Incineroar
|
|-heal|p2b: Terapagos|89/100|[from] item: Leftovers
|upkeep
|turn|3
|
|t:|1750740118
|switch|p2a: Volcarona|Volcarona, L50, F|100/100
|move|p1a: Flutter Mane|Moonblast|p2b: Terapagos
|-damage|p2b: Terapagos|72/100
|move|p1b: Volcarona|Struggle Bug|p2b: Terapagos|[spread] p2a,p2b
|-resisted|p2a: Volcarona
|-damage|p2a: Volcarona|94/100
|-damage|p2b: Terapagos|67/100
|-unboost|p2a: Volcarona|spa|1
|-unboost|p2b: Terapagos|spa|1
|move|p2b: Terapagos|Tera Starstorm|p1a: Flutter Mane|[spread] p1a,p1b
|-crit|p1b: Volcarona
|-damage|p1a: Flutter Mane|0 fnt
|-damage|p1b: Volcarona|52/100
|faint|p1a: Flutter Mane
|-end|p1a: Flutter Mane|Protosynthesis|[silent]
|
|-heal|p2b: Terapagos|73/100|[from] item: Leftovers
|upkeep
|
|t:|1750740132
|switch|p1a: Koraidon|Koraidon, L50|100/100
|-weather|SunnyDay|[from] ability: Orichalcum Pulse|[of] p1a: Koraidon
|-activate|p1a: Koraidon|Orichalcum Pulse|[source]
|turn|4
|
|t:|1750740153
|-terastallize|p1a: Koraidon|Fire
|move|p2a: Volcarona|Rage Powder|p2a: Volcarona
|-singleturn|p2a: Volcarona|move: Rage Powder
|move|p1a: Koraidon|Flare Blitz|p2a: Volcarona
|-damage|p2a: Volcarona|0 fnt
|-damage|p1a: Koraidon|84/100|[from] item: Rocky Helmet|[of] p2a: Volcarona
|faint|p2a: Volcarona
|-damage|p1a: Koraidon|50/100|[from] Recoil
|-damage|p1a: Koraidon|40/100|[from] item: Life Orb
|move|p1b: Volcarona|Struggle Bug|p2b: Terapagos
|-damage|p2b: Terapagos|64/100
|-unboost|p2b: Terapagos|spa|1
|move|p2b: Terapagos|Tera Starstorm|p1b: Volcarona|[spread] p1a,p1b
|-supereffective|p1a: Koraidon
|-crit|p1b: Volcarona
|-damage|p1a: Koraidon|0 fnt
|-damage|p1b: Volcarona|19/100
|faint|p1a: Koraidon
|
|-weather|SunnyDay|[upkeep]
|-heal|p2b: Terapagos|71/100|[from] item: Leftovers
|-end|p1b: Volcarona|move: Taunt
|upkeep
|
|t:|1750740173
|switch|p1a: Terapagos|Terapagos, L50, M|100/100
|switch|p2a: Koraidon|Koraidon, L50|100/100
|-activate|p1a: Terapagos|ability: Tera Shift
|detailschange|p1a: Terapagos|Terapagos-Terastal, L50, M
|-heal|p1a: Terapagos|100/100|[silent]
|-activate|p2a: Koraidon|ability: Orichalcum Pulse
|turn|5
|
|t:|1750740186
|move|p2a: Koraidon|Protect|p2a: Koraidon
|-singleturn|p2a: Koraidon|Protect
|move|p1b: Volcarona|Rage Powder|p1b: Volcarona
|-singleturn|p1b: Volcarona|move: Rage Powder
|move|p1a: Terapagos|Calm Mind|p1a: Terapagos
|-boost|p1a: Terapagos|spa|1
|-boost|p1a: Terapagos|spd|1
|move|p2b: Terapagos|Tera Starstorm|p1a: Terapagos|[spread] p1a,p1b
|-activate|p1a: Terapagos|ability: Tera Shell
|-resisted|p1a: Terapagos
|-damage|p1a: Terapagos|94/100
|-damage|p1b: Volcarona|0 fnt
|faint|p1b: Volcarona
|
|-weather|SunnyDay|[upkeep]
|-heal|p1a: Terapagos|99/100|[from] item: Leftovers
|-heal|p2b: Terapagos|77/100|[from] item: Leftovers
|upkeep
|turn|6
|
|t:|1750740205
|switch|p2a: Incineroar|Incineroar, L50, M|12/100
|-ability|p2a: Incineroar|Intimidate|boost
|-unboost|p1a: Terapagos|atk|1
|move|p1a: Terapagos|Protect|p1a: Terapagos
|-singleturn|p1a: Terapagos|Protect
|move|p2b: Terapagos|Tera Starstorm|p1a: Terapagos
|-activate|p1a: Terapagos|move: Protect
|
|-weather|SunnyDay|[upkeep]
|-heal|p1a: Terapagos|100/100|[from] item: Leftovers
|-heal|p2b: Terapagos|83/100|[from] item: Leftovers
|upkeep
|turn|7
|
|t:|1750740220
|move|p1a: Terapagos|Calm Mind|p1a: Terapagos
|-boost|p1a: Terapagos|spa|1
|-boost|p1a: Terapagos|spd|1
|move|p2a: Incineroar|Taunt|p1a: Terapagos
|-start|p1a: Terapagos|move: Taunt
|move|p2b: Terapagos|Tera Starstorm|p1a: Terapagos
|-activate|p1a: Terapagos|ability: Tera Shell
|-resisted|p1a: Terapagos
|-damage|p1a: Terapagos|92/100
|
|-weather|SunnyDay|[upkeep]
|-heal|p1a: Terapagos|98/100|[from] item: Leftovers
|-heal|p2b: Terapagos|89/100|[from] item: Leftovers
|upkeep
|turn|8
|
|t:|1750740240
|move|p1a: Terapagos|Tera Starstorm|p2b: Terapagos
|-damage|p2b: Terapagos|60/100
|move|p2a: Incineroar|Knock Off|p1a: Terapagos
|-damage|p1a: Terapagos|73/100
|-enditem|p1a: Terapagos|Leftovers|[from] move: Knock Off|[of] p2a: Incineroar
|move|p2b: Terapagos|Calm Mind|p2b: Terapagos
|-boost|p2b: Terapagos|spa|1
|-boost|p2b: Terapagos|spd|1
|
|-weather|none
|-heal|p2b: Terapagos|66/100|[from] item: Leftovers
|upkeep
|turn|9
|
|t:|1750740258
|move|p1a: Terapagos|Tera Starstorm|p2b: Terapagos
|-damage|p2b: Terapagos|43/100
|move|p2a: Incineroar|U-turn|p1a: Terapagos
|-damage|p1a: Terapagos|60/100
|
|t:|1750740261
|switch|p2a: Koraidon|Koraidon, L50|100/100|[from] U-turn
|-weather|SunnyDay|[from] ability: Orichalcum Pulse|[of] p2a: Koraidon
|-activate|p2a: Koraidon|Orichalcum Pulse|[source]
|move|p2b: Terapagos|Tera Starstorm|p1a: Terapagos
|-damage|p1a: Terapagos|48/100
|
|-weather|SunnyDay|[upkeep]
|-heal|p2b: Terapagos|49/100|[from] item: Leftovers
|upkeep
|turn|10
|
|t:|1750740272
|move|p2a: Koraidon|Close Combat|p1a: Terapagos
|-supereffective|p1a: Terapagos
|-damage|p1a: Terapagos|0 fnt
|-unboost|p2a: Koraidon|def|1
|-unboost|p2a: Koraidon|spd|1
|faint|p1a: Terapagos
|-damage|p2a: Koraidon|91/100|[from] item: Life Orb
|
|win|averdin
|raw|Bokkimano's rating: 1445 &rarr; <strong>1425</strong><br />(-20 for losing)
|raw|averdin's rating: 1446 &rarr; <strong>1466</strong><br />(+20 for winning)
|l|☆Bokkimano
|player|p1|
|l|☆averdin
|player|p2|
