|j|☆iqofnothing
|j|☆halcyonfury
|t:|1750816175
|gametype|doubles
|player|p1|iqofnothing|clown|1250
|player|p2|halcyonfury|1|1295
|teamsize|p1|6
|teamsize|p2|6
|gen|9
|tier|[Gen 9] VGC 2025 Reg I
|rated|
|rule|Species Clause: Limit one of each Pokémon
|rule|Item Clause: Limit 1 of each item
|clearpoke
|poke|p1|Kyogre, L50|
|poke|p1|Roaring Moon, L50|
|poke|p1|Landorus, L50, M|
|poke|p1|Bruxish, L50, F|
|poke|p1|Indeedee-F, L50, F|
|poke|p1|Scizor, L50, F|
|poke|p2|Zacian-*, L50|
|poke|p2|Kyogre, L50|
|poke|p2|Pikachu, L50, F|
|poke|p2|Moltres-Galar, L50|
|poke|p2|Amoonguss, L50, M|
|poke|p2|Grimmsnarl, L50, M|
|teampreview|4
|inactive|Battle timer is ON: inactive players will automatically lose when time's up. (requested by halcyonfury)
|inactive|iqofnothing has 60 seconds left.
|
|t:|1750816207
|start
|switch|p1a: Roaring Moon|Roaring Moon, L50|100/100
|switch|p1b: Kyogre|Kyogre, L50|100/100
|switch|p2a: Grimmsnarl|Grimmsnarl, L50, M|100/100
|switch|p2b: Moltres|Moltres-Galar, L50|100/100
|-weather|RainDance|[from] ability: Drizzle|[of] p1b: Kyogre
|-enditem|p1a: Roaring Moon|Booster Energy
|-activate|p1a: Roaring Moon|ability: Protosynthesis|[fromitem]
|-start|p1a: Roaring Moon|protosynthesisspe
|turn|1
|
|t:|1750816222
|move|p2a: Grimmsnarl|Fake Out|p1b: Kyogre
|-damage|p1b: Kyogre|90/100
|move|p1a: Roaring Moon|Tailwind|p1a: Roaring Moon
|-sidestart|p1: iqofnothing|move: Tailwind
|cant|p1b: Kyogre|flinch
|move|p2b: Moltres|Tailwind|p2b: Moltres
|-sidestart|p2: halcyonfury|move: Tailwind
|
|-weather|RainDance|[upkeep]
|upkeep
|turn|2
|inactive|iqofnothing has 30 seconds left.
|
|t:|1750816250
|switch|p1b: Indeedee|Indeedee-F, L50, F|100/100
|move|p2a: Grimmsnarl|Scary Face|p1b: Indeedee
|-unboost|p1b: Indeedee|spe|2
|move|p1a: Roaring Moon|Knock Off|p2a: Grimmsnarl
|-resisted|p2a: Grimmsnarl
|-crit|p2a: Grimmsnarl
|-damage|p2a: Grimmsnarl|83/100
|-enditem|p2a: Grimmsnarl|Power Bracer|[from] move: Knock Off|[of] p1a: Roaring Moon
|move|p2b: Moltres|Hurricane|p1b: Indeedee
|-damage|p1b: Indeedee|53/100
|-start|p1b: Indeedee|confusion
|
|-weather|RainDance|[upkeep]
|upkeep
|turn|3
|
|t:|1750816272
|-activate|p1b: Indeedee|confusion
|move|p1b: Indeedee|Fake Out|p2a: Grimmsnarl
|-crit|p2a: Grimmsnarl
|-damage|p2a: Grimmsnarl|70/100
|move|p1a: Roaring Moon|Acrobatics|p2a: Grimmsnarl
|-damage|p2a: Grimmsnarl|36/100
|move|p2b: Moltres|Fiery Wrath|p1b: Indeedee|[spread] p1a,p1b
|-resisted|p1a: Roaring Moon
|-supereffective|p1b: Indeedee
|-damage|p1a: Roaring Moon|87/100
|-damage|p1b: Indeedee|0 fnt
|faint|p1b: Indeedee
|cant|p2a: Grimmsnarl|flinch
|
|-weather|RainDance|[upkeep]
|upkeep
|
|t:|1750816279
|switch|p1b: Scizor|Scizor, L50, F|100/100
|turn|4
|
|t:|1750816297
|move|p1a: Roaring Moon|Protect|p1a: Roaring Moon
|-singleturn|p1a: Roaring Moon|Protect
|move|p1b: Scizor|Bullet Punch|p2a: Grimmsnarl
|-supereffective|p2a: Grimmsnarl
|-damage|p2a: Grimmsnarl|0 fnt
|faint|p2a: Grimmsnarl
|move|p2b: Moltres|Hurricane|p1b: Scizor
|-damage|p1b: Scizor|46/100
|
|-weather|RainDance|[upkeep]
|-sideend|p1: iqofnothing|move: Tailwind
|-sideend|p2: halcyonfury|move: Tailwind
|upkeep
|
|t:|1750816312
|switch|p2a: Zacian|Zacian-Crowned, L50|100/100
|-ability|p2a: Zacian|Intrepid Sword|boost
|-boost|p2a: Zacian|atk|1
|turn|5
|
|t:|1750816326
|-terastallize|p1b: Scizor|Steel
|move|p1b: Scizor|Bullet Punch|p2a: Zacian
|-damage|p2a: Zacian|38/100
|move|p1a: Roaring Moon|Tailwind|p1a: Roaring Moon
|-sidestart|p1: iqofnothing|move: Tailwind
|move|p2a: Zacian|Sacred Sword|p1a: Roaring Moon
|-supereffective|p1a: Roaring Moon
|-damage|p1a: Roaring Moon|0 fnt
|faint|p1a: Roaring Moon
|-end|p1a: Roaring Moon|Protosynthesis|[silent]
|move|p2b: Moltres|Tailwind|p2b: Moltres
|-sidestart|p2: halcyonfury|move: Tailwind
|
|-weather|none
|upkeep
|
|t:|1750816331
|switch|p1a: Kyogre|Kyogre, L50|90/100
|-weather|RainDance|[from] ability: Drizzle|[of] p1a: Kyogre
|turn|6
|inactive|iqofnothing has 30 seconds left.
|
|t:|1750816358
|move|p2a: Zacian|Protect|p2a: Zacian
|-singleturn|p2a: Zacian|Protect
|move|p1b: Scizor|Bullet Punch|p2a: Zacian
|-activate|p2a: Zacian|move: Protect
|move|p1a: Kyogre|Thunder|p2b: Moltres
|-supereffective|p2b: Moltres
|-damage|p2b: Moltres|0 fnt
|faint|p2b: Moltres
|
|-weather|RainDance|[upkeep]
|upkeep
|-message|halcyonfury forfeited.
|
|win|iqofnothing
|raw|iqofnothing's rating: 1250 &rarr; <strong>1278</strong><br />(+28 for winning)
|raw|halcyonfury's rating: 1295 &rarr; <strong>1267</strong><br />(-28 for losing)
|l|☆halcyonfury
|player|p2|
|l|☆iqofnothing
|player|p1|
