|j|☆Fin98
|j|☆Spookidirge
|t:|1750870649
|gametype|doubles
|player|p1|Fin98|265|1077
|player|p2|Spookidirge|266|1050
|teamsize|p1|6
|teamsize|p2|6
|gen|9
|tier|[Gen 9] VGC 2025 Reg I
|rated|
|rule|Species Clause: Limit one of each Pokémon
|rule|Item Clause: Limit 1 of each item
|clearpoke
|poke|p1|Indeedee, L50, M|
|poke|p1|Regieleki, L50|
|poke|p1|Avalugg, L50, F|
|poke|p1|Lunala, L50|
|poke|p1|Whimsicott, L50, F|
|poke|p1|Zamazenta-*, L50|
|poke|p2|Incineroar, L50, M|
|poke|p2|Amoonguss, L50, M|
|poke|p2|Flutter Mane, L50|
|poke|p2|Terapagos, L50, M|
|poke|p2|Calyrex-Shadow, L50|
|poke|p2|Rillaboom, L50, M|
|teampreview|4
Spookidirge has agreed to open team sheets.
|c|☆Spookidirge|Balance in singles and balance in doubles are so different
|
|t:|1750870724
|start
|switch|p1a: Indeedee|Indeedee, L50, M|100/100
|switch|p1b: Regieleki|Regieleki, L50|100/100
|switch|p2a: Amoonguss|Amoonguss, L50, M|100/100
|switch|p2b: Calyrex|Calyrex-Shadow, L50|100/100
|-ability|p2b: Calyrex|As One
|-ability|p2b: Calyrex|Unnerve
|-fieldstart|move: Psychic Terrain|[from] ability: Psychic Surge|[of] p1a: Indeedee
|turn|1
|c|☆Spookidirge|The team structure I mean
|
|t:|1750870770
|switch|p2a: Incineroar|Incineroar, L50, M|100/100
|-ability|p2a: Incineroar|Intimidate|boost
|-unboost|p1a: Indeedee|atk|1
|-unboost|p1b: Regieleki|atk|1
|move|p2b: Calyrex|Protect|p2b: Calyrex
|-singleturn|p2b: Calyrex|Protect
|move|p1b: Regieleki|Thunder Wave|p2b: Calyrex
|-activate|p2b: Calyrex|move: Protect
|move|p1a: Indeedee|Expanding Force|p2a: Incineroar|[spread] 
|-activate|p2b: Calyrex|move: Protect
|-immune|p2a: Incineroar
|
|upkeep
|turn|2
|
|t:|1750870826
|move|p2a: Incineroar|Fake Out|p1b: Regieleki
|-activate|p1b: Regieleki|move: Psychic Terrain
|move|p1b: Regieleki|Thunder Wave|p2b: Calyrex|[miss]
|-miss|p1b: Regieleki|p2b: Calyrex
|move|p2b: Calyrex|Astral Barrage|p1a: Indeedee|[spread] p1b
|-immune|p1a: Indeedee
|-damage|p1b: Regieleki|0 fnt
|faint|p1b: Regieleki
|-ability|p2b: Calyrex|Grim Neigh|boost
|-boost|p2b: Calyrex|spa|1
|-damage|p2b: Calyrex|91/100|[from] item: Life Orb
|move|p1a: Indeedee|Expanding Force|p2a: Incineroar|[spread] p2b
|-immune|p2a: Incineroar
|-resisted|p2b: Calyrex
|-damage|p2b: Calyrex|48/100
|
|upkeep
|
|t:|1750870849
|switch|p1b: Lunala|Lunala, L50|100/100
|turn|3
|
|t:|1750870864
|switch|p1a: Avalugg|Avalugg, L50, F|100/100
|-terastallize|p1b: Lunala|Normal
|move|p2b: Calyrex|Protect|p2b: Calyrex
|-singleturn|p2b: Calyrex|Protect
|move|p1b: Lunala|Moongeist Beam|p2b: Calyrex
|-activate|p2b: Calyrex|move: Protect
|move|p2a: Incineroar|Parting Shot|p1a: Avalugg
|-unboost|p1a: Avalugg|atk|1
|-unboost|p1a: Avalugg|spa|1
|
|t:|1750870880
|switch|p2a: Amoonguss|Amoonguss, L50, M|100/100|[from] Parting Shot
|
|upkeep
|turn|4
|
|t:|1750870913
|switch|p2b: Terapagos|Terapagos, L50, M|100/100
|-activate|p2b: Terapagos|ability: Tera Shift
|detailschange|p2b: Terapagos|Terapagos-Terastal, L50, M
|-heal|p2b: Terapagos|100/100|[silent]
|move|p1b: Lunala|Expanding Force|p2a: Amoonguss|[spread] p2a,p2b
|-supereffective|p2a: Amoonguss
|-activate|p2b: Terapagos|ability: Tera Shell
|-resisted|p2b: Terapagos
|-damage|p2a: Amoonguss|0 fnt
|-damage|p2b: Terapagos|75/100
|faint|p2a: Amoonguss
|move|p1a: Avalugg|Curse|p1a: Avalugg
|-unboost|p1a: Avalugg|spe|1
|-boost|p1a: Avalugg|atk|1
|-boost|p1a: Avalugg|def|1
|
|-heal|p2b: Terapagos|82/100|[from] item: Leftovers
|upkeep
|
|t:|1750870925
|switch|p2a: Incineroar|Incineroar, L50, M|100/100
|-ability|p2a: Incineroar|Intimidate|boost
|-fail|p1a: Avalugg|unboost|Attack|[from] ability: Own Tempo|[of] p1a: Avalugg
|-unboost|p1b: Lunala|atk|1
|turn|5
|
|t:|1750870953
|move|p2a: Incineroar|Fake Out|p1a: Avalugg
|-activate|p1a: Avalugg|move: Psychic Terrain
|move|p1b: Lunala|Meteor Beam||[still]
|-prepare|p1b: Lunala|Meteor Beam
|-boost|p1b: Lunala|spa|1
|-enditem|p1b: Lunala|Power Herb
|-anim|p1b: Lunala|Meteor Beam|p2a: Incineroar
|-supereffective|p2a: Incineroar
|-damage|p2a: Incineroar|0 fnt
|faint|p2a: Incineroar
|move|p2b: Terapagos|Calm Mind|p2b: Terapagos
|-boost|p2b: Terapagos|spa|1
|-boost|p2b: Terapagos|spd|1
|move|p1a: Avalugg|Curse|p1a: Avalugg
|-unboost|p1a: Avalugg|spe|1
|-boost|p1a: Avalugg|atk|1
|-boost|p1a: Avalugg|def|1
|
|-heal|p2b: Terapagos|88/100|[from] item: Leftovers
|-fieldend|move: Psychic Terrain
|upkeep
|
|t:|1750870958
|switch|p2a: Calyrex|Calyrex-Shadow, L50|48/100
|-ability|p2a: Calyrex|As One
|-ability|p2a: Calyrex|Unnerve
|turn|6
|
|t:|1750871012
|move|p2b: Terapagos|Protect|p2b: Terapagos
|-singleturn|p2b: Terapagos|Protect
|move|p2a: Calyrex|Astral Barrage|p1b: Lunala|[spread] p1a
|-immune|p1b: Lunala
|-damage|p1a: Avalugg|0 fnt
|faint|p1a: Avalugg
|-ability|p2a: Calyrex|Grim Neigh|boost
|-boost|p2a: Calyrex|spa|1
|-damage|p2a: Calyrex|39/100|[from] item: Life Orb
|move|p1b: Lunala|Expanding Force|p2b: Terapagos
|-activate|p2b: Terapagos|move: Protect
|
|-heal|p2b: Terapagos|94/100|[from] item: Leftovers
|upkeep
|
|t:|1750871029
|switch|p1a: Indeedee|Indeedee, L50, M|100/100
|-fieldstart|move: Psychic Terrain|[from] ability: Psychic Surge|[of] p1a: Indeedee
|turn|7
|
|t:|1750871059
|-terastallize|p2b: Terapagos|Stellar
|detailschange|p2b: Terapagos|Terapagos-Stellar, L50, M, tera:Stellar
|-heal|p2b: Terapagos|96/100|[silent]
|-ability|p2b: Terapagos|Teraform Zero
|-fieldend|move: Psychic Terrain
|move|p2a: Calyrex|Nasty Plot|p2a: Calyrex
|-boost|p2a: Calyrex|spa|2
|move|p1b: Lunala|Expanding Force|p2b: Terapagos
|-damage|p2b: Terapagos|66/100
|move|p1a: Indeedee|Expanding Force|p2a: Calyrex
|-resisted|p2a: Calyrex
|-damage|p2a: Calyrex|13/100
|move|p2b: Terapagos|Tera Starstorm|p1b: Lunala|[spread] p1a,p1b
|-supereffective|p1b: Lunala
|-damage|p1a: Indeedee|28/100
|-damage|p1b: Lunala|59/100
|
|-heal|p2b: Terapagos|72/100|[from] item: Leftovers
|upkeep
|turn|8
|
|t:|1750871092
|move|p2a: Calyrex|Protect|p2a: Calyrex
|-singleturn|p2a: Calyrex|Protect
|move|p1b: Lunala|Dazzling Gleam|p2a: Calyrex|[spread] p2b
|-activate|p2a: Calyrex|move: Protect
|-damage|p2b: Terapagos|58/100
|move|p1a: Indeedee|Expanding Force|p2b: Terapagos
|-damage|p2b: Terapagos|36/100
|move|p2b: Terapagos|Tera Starstorm|p1a: Indeedee|[spread] p1a,p1b
|-supereffective|p1b: Lunala
|-damage|p1a: Indeedee|0 fnt
|-damage|p1b: Lunala|0 fnt
|faint|p1a: Indeedee
|faint|p1b: Lunala
|
|win|Spookidirge
|raw|Fin98's rating: 1077 &rarr; <strong>1054</strong><br />(-23 for losing)
|raw|Spookidirge's rating: 1050 &rarr; <strong>1085</strong><br />(+35 for winning)
|l|☆Fin98
|player|p1|
|l|☆Spookidirge
|player|p2|
