|j|☆dnn0071297
|j|☆Tepig_nNz_498
|t:|1750832518
|gametype|doubles
|player|p1|dnn0071297|chuck|1345
|player|p2|Tepig_nNz_498|102|1302
|teamsize|p1|6
|teamsize|p2|6
|gen|9
|tier|[Gen 9] VGC 2025 Reg I
|rated|
|rule|Species Clause: Limit one of each Pokémon
|rule|Item Clause: Limit 1 of each item
|clearpoke
|poke|p1|Muk-Alola, L50, M|
|poke|p1|Smeargle, L50, M|
|poke|p1|Calyrex-Shadow, L50|
|poke|p1|Indeedee-F, L50, F|
|poke|p1|Koraidon, L50|
|poke|p1|Flamigo, L50, F|
|poke|p2|Ludicolo, L50, M|
|poke|p2|Kyogre, L50|
|poke|p2|Tornadus, L50, M|
|poke|p2|Primarina, L50, F|
|poke|p2|Zacian-*, L50|
|poke|p2|Urshifu-*, L50, M|
|teampreview|4
|inactive|Battle timer is ON: inactive players will automatically lose when time's up. (requested by dnn0071297)
|
|t:|1750832544
|start
|switch|p1a: Smeargle|Smeargle, L50, M|100/100
|switch|p1b: Muk|Muk-Alola, L50, M, shiny|100/100
|switch|p2a: Tornadus|Tornadus, L50, M|100/100
|switch|p2b: Urshifu|Urshifu-Rapid-Strike, L50, M|100/100
|turn|1
|inactive|dnn0071297 has 30 seconds left.
|
|t:|1750832574
|-terastallize|p1b: Muk|Grass
|move|p1a: Smeargle|Fake Out|p2a: Tornadus
|-damage|p2a: Tornadus|93/100
|cant|p2a: Tornadus|flinch
|move|p2b: Urshifu|Surging Strikes|p1b: Muk
|-resisted|p1b: Muk
|-crit|p1b: Muk
|-damage|p1b: Muk|92/100
|-resisted|p1b: Muk
|-crit|p1b: Muk
|-damage|p1b: Muk|83/100
|-resisted|p1b: Muk
|-crit|p1b: Muk
|-damage|p1b: Muk|74/100
|-hitcount|p1b: Muk|3
|move|p1b: Muk|Minimize|p1b: Muk
|-boost|p1b: Muk|evasion|2
|
|-heal|p1b: Muk|80/100|[from] item: Leftovers
|-ability|p1a: Smeargle|Moody|boost
|-boost|p1a: Smeargle|spd|2
|-unboost|p1a: Smeargle|spa|1
|upkeep
|turn|2
|
|t:|1750832590
|move|p1a: Smeargle|Wide Guard|p1a: Smeargle
|-singleturn|p1a: Smeargle|Wide Guard
|move|p2a: Tornadus|Rain Dance|p2a: Tornadus
|-weather|RainDance
|move|p2b: Urshifu|Surging Strikes|p1a: Smeargle
|-crit|p1a: Smeargle
|-damage|p1a: Smeargle|17/100
|-crit|p1a: Smeargle
|-damage|p1a: Smeargle|0 fnt
|faint|p1a: Smeargle
|-ability|p1b: Muk|Moody|[from] ability: Power of Alchemy|[of] p1a: Smeargle
|-hitcount|p1: Smeargle|2
|move|p1b: Muk|Minimize|p1b: Muk
|-boost|p1b: Muk|evasion|2
|
|-weather|RainDance|[upkeep]
|-heal|p1b: Muk|86/100|[from] item: Leftovers
|-ability|p1b: Muk|Moody|boost
|-boost|p1b: Muk|def|2
|-unboost|p1b: Muk|atk|1
|upkeep
|
|t:|1750832598
|switch|p1a: Koraidon|Koraidon, L50|100/100
|-weather|SunnyDay|[from] ability: Orichalcum Pulse|[of] p1a: Koraidon
|-activate|p1a: Koraidon|Orichalcum Pulse|[source]
|turn|3
|
|t:|1750832609
|move|p2a: Tornadus|Rain Dance|p2a: Tornadus
|-weather|RainDance
|move|p1a: Koraidon|U-turn|p2a: Tornadus
|-resisted|p2a: Tornadus
|-damage|p2a: Tornadus|71/100
|
|t:|1750832613
|switch|p1a: Flamigo|Flamigo, L50, F|100/100|[from] U-turn
|-copyboost|p1a: Flamigo|p1b: Muk|[from] ability: Costar
|-enditem|p1a: Flamigo|White Herb
|-clearnegativeboost|p1a: Flamigo|[silent]
|move|p2b: Urshifu|Surging Strikes|p1a: Flamigo|[miss]
|-miss|p2b: Urshifu|p1a: Flamigo
|move|p1b: Muk|Minimize|p1b: Muk
|-boost|p1b: Muk|evasion|2
|
|-weather|RainDance|[upkeep]
|-heal|p1b: Muk|92/100|[from] item: Leftovers
|-ability|p1b: Muk|Moody|boost
|-boost|p1b: Muk|spe|2
|-unboost|p1b: Muk|spd|1
|upkeep
|turn|4
|
|t:|1750832631
|move|p1a: Flamigo|Wide Guard|p1a: Flamigo
|-singleturn|p1a: Flamigo|Wide Guard
|move|p2b: Urshifu|Surging Strikes|p1a: Flamigo|[miss]
|-miss|p2b: Urshifu|p1a: Flamigo
|move|p2a: Tornadus|Bleakwind Storm|p1b: Muk|[spread] 
|-activate|p1a: Flamigo|move: Wide Guard
|-activate|p1b: Muk|move: Wide Guard
|move|p1b: Muk|Toxic|p2a: Tornadus
|-status|p2a: Tornadus|tox
|
|-weather|RainDance|[upkeep]
|-heal|p1b: Muk|99/100|[from] item: Leftovers
|-damage|p2a: Tornadus|65/100 tox|[from] psn
|-ability|p1b: Muk|Moody|boost
|-boost|p1b: Muk|def|2
|-unboost|p1b: Muk|spa|1
|upkeep
|turn|5
|inactive|dnn0071297 has 30 seconds left.
|
|t:|1750832658
|switch|p1a: Koraidon|Koraidon, L50|100/100
|-weather|SunnyDay|[from] ability: Orichalcum Pulse|[of] p1a: Koraidon
|-activate|p1a: Koraidon|Orichalcum Pulse|[source]
|move|p2a: Tornadus|Taunt|p1a: Koraidon
|-start|p1a: Koraidon|move: Taunt
|move|p2b: Urshifu|Surging Strikes|p1a: Koraidon
|-resisted|p1a: Koraidon
|-crit|p1a: Koraidon
|-damage|p1a: Koraidon|95/100
|-resisted|p1a: Koraidon
|-crit|p1a: Koraidon
|-damage|p1a: Koraidon|91/100
|-resisted|p1a: Koraidon
|-crit|p1a: Koraidon
|-damage|p1a: Koraidon|86/100
|-hitcount|p1a: Koraidon|3
|move|p1b: Muk|Toxic|p2b: Urshifu|[miss]
|-miss|p1b: Muk|p2b: Urshifu
|
|-weather|SunnyDay|[upkeep]
|-heal|p1b: Muk|100/100|[from] item: Leftovers
|-damage|p2a: Tornadus|53/100 tox|[from] psn
|-ability|p1b: Muk|Moody|boost
|-boost|p1b: Muk|atk|2
|-unboost|p1b: Muk|spe|1
|upkeep
|turn|6
|
|t:|1750832675
|move|p2a: Tornadus|Rain Dance|p2a: Tornadus
|-weather|RainDance
|move|p1a: Koraidon|U-turn|p2a: Tornadus
|-resisted|p2a: Tornadus
|-damage|p2a: Tornadus|33/100 tox
|
|t:|1750832679
|switch|p1a: Flamigo|Flamigo, L50, F|100/100|[from] U-turn
|-copyboost|p1a: Flamigo|p1b: Muk|[from] ability: Costar
|move|p2b: Urshifu|Surging Strikes|p1a: Flamigo|[miss]
|-miss|p2b: Urshifu|p1a: Flamigo
|move|p1b: Muk|Toxic|p2b: Urshifu
|-status|p2b: Urshifu|tox
|
|-weather|RainDance|[upkeep]
|-damage|p2b: Urshifu|94/100 tox|[from] psn
|-damage|p2a: Tornadus|16/100 tox|[from] psn
|-ability|p1b: Muk|Moody|boost
|-boost|p1b: Muk|spe|2
|-unboost|p1b: Muk|def|1
|upkeep
|turn|7
|
|t:|1750832693
|move|p1a: Flamigo|Wide Guard|p1a: Flamigo
|-singleturn|p1a: Flamigo|Wide Guard
|move|p2a: Tornadus|Tailwind|p2a: Tornadus
|-sidestart|p2: Tepig_nNz_498|move: Tailwind
|move|p2b: Urshifu|Surging Strikes|p1a: Flamigo|[miss]
|-miss|p2b: Urshifu|p1a: Flamigo
|move|p1b: Muk|Knock Off|p2b: Urshifu
|-resisted|p2b: Urshifu
|-damage|p2b: Urshifu|69/100 tox
|-enditem|p2b: Urshifu|Choice Scarf|[from] move: Knock Off|[of] p1b: Muk
|
|-weather|RainDance|[upkeep]
|-damage|p2a: Tornadus|0 fnt|[from] psn
|faint|p2a: Tornadus
|-damage|p2b: Urshifu|57/100 tox|[from] psn
|-ability|p1b: Muk|Moody|boost
|-boost|p1b: Muk|atk|2
|-unboost|p1b: Muk|def|1
|upkeep
|
|t:|1750832700
|switch|p2a: Kyogre|Kyogre, L50|100/100
|turn|8
|
|t:|1750832715
|move|p2a: Kyogre|Thunder|p1a: Flamigo
|-supereffective|p1a: Flamigo
|-damage|p1a: Flamigo|0 fnt
|faint|p1a: Flamigo
|-damage|p2a: Kyogre|91/100|[from] item: Life Orb
|move|p2b: Urshifu|U-turn|p1b: Muk
|-supereffective|p1b: Muk
|-damage|p1b: Muk|81/100
|
|t:|1750832723
|switch|p2b: Zacian|Zacian-Crowned, L50, shiny|100/100|[from] U-turn
|-ability|p2b: Zacian|Intrepid Sword|boost
|-boost|p2b: Zacian|atk|1
|move|p1b: Muk|Toxic|p2a: Kyogre
|-status|p2a: Kyogre|tox
|
|-weather|RainDance|[upkeep]
|-heal|p1b: Muk|87/100|[from] item: Leftovers
|-damage|p2a: Kyogre|84/100 tox|[from] psn
|-ability|p1b: Muk|Moody|boost
|-boost|p1b: Muk|atk|2
|-unboost|p1b: Muk|spa|1
|upkeep
|
|t:|1750832726
|switch|p1a: Koraidon|Koraidon, L50|86/100
|-weather|SunnyDay|[from] ability: Orichalcum Pulse|[of] p1a: Koraidon
|-activate|p1a: Koraidon|Orichalcum Pulse|[source]
|turn|9
|
|t:|1750832742
|switch|p2a: Urshifu|Urshifu-Rapid-Strike, L50, M|57/100 tox
|move|p2b: Zacian|Play Rough|p1a: Koraidon
|-supereffective|p1a: Koraidon
|-damage|p1a: Koraidon|0 fnt
|faint|p1a: Koraidon
|move|p1b: Muk|Knock Off|p2b: Zacian
|-resisted|p2b: Zacian
|-damage|p2b: Zacian|66/100
|
|-weather|SunnyDay|[upkeep]
|-heal|p1b: Muk|93/100|[from] item: Leftovers
|-damage|p2a: Urshifu|50/100 tox|[from] psn
|-ability|p1b: Muk|Moody|boost
|-boost|p1b: Muk|atk|1
|-unboost|p1b: Muk|spd|1
|upkeep
|turn|10
|
|t:|1750832760
|switch|p2a: Kyogre|Kyogre, L50|84/100 tox
|-weather|RainDance|[from] ability: Drizzle|[of] p2a: Kyogre
|-terastallize|p2b: Zacian|Ground
|move|p2b: Zacian|Tera Blast|p1b: Muk|[anim] Tera Blast Ground
|-resisted|p1b: Muk
|-damage|p1b: Muk|80/100
|move|p1b: Muk|Knock Off|p2b: Zacian
|-damage|p2b: Zacian|0 fnt
|faint|p2b: Zacian
|
|-weather|RainDance|[upkeep]
|-heal|p1b: Muk|86/100|[from] item: Leftovers
|-damage|p2a: Kyogre|78/100 tox|[from] psn
|-sideend|p2: Tepig_nNz_498|move: Tailwind
|-ability|p1b: Muk|Moody|boost
|-boost|p1b: Muk|spd|2
|-unboost|p1b: Muk|atk|1
|upkeep
|
|t:|1750832772
|switch|p2b: Urshifu|Urshifu-Rapid-Strike, L50, M|50/100 tox
|turn|11
|
|t:|1750832777
|move|p1b: Muk|Protect|p1b: Muk
|-singleturn|p1b: Muk|Protect
|move|p2a: Kyogre|Thunder|p1b: Muk
|-activate|p1b: Muk|move: Protect
|move|p2b: Urshifu|Surging Strikes|p1b: Muk|[miss]
|-miss|p2b: Urshifu|p1b: Muk
|
|-weather|RainDance|[upkeep]
|-heal|p1b: Muk|92/100|[from] item: Leftovers
|-damage|p2a: Kyogre|66/100 tox|[from] psn
|-damage|p2b: Urshifu|44/100 tox|[from] psn
|-ability|p1b: Muk|Moody|boost
|-boost|p1b: Muk|spa|2
|-unboost|p1b: Muk|spe|1
|upkeep
|turn|12
|
|t:|1750832790
|move|p2a: Kyogre|Thunder|p1b: Muk
|-resisted|p1b: Muk
|-damage|p1b: Muk|70/100
|-damage|p2a: Kyogre|56/100 tox|[from] item: Life Orb
|move|p2b: Urshifu|Ice Spinner|p1b: Muk|[miss]
|-miss|p2b: Urshifu|p1b: Muk
|move|p1b: Muk|Knock Off|p2a: Kyogre
|-damage|p2a: Kyogre|0 fnt
|-enditem|p2a: Kyogre|Life Orb|[from] move: Knock Off|[of] p1b: Muk
|faint|p2a: Kyogre
|
|-weather|RainDance|[upkeep]
|-heal|p1b: Muk|76/100|[from] item: Leftovers
|-damage|p2b: Urshifu|32/100 tox|[from] psn
|-ability|p1b: Muk|Moody|boost
|-boost|p1b: Muk|def|2
|-unboost|p1b: Muk|spd|1
|upkeep
|turn|13
|
|t:|1750832801
|move|p2b: Urshifu|Ice Spinner|p1b: Muk|[miss]
|-miss|p2b: Urshifu|p1b: Muk
|move|p1b: Muk|Knock Off|p2b: Urshifu
|-resisted|p2b: Urshifu
|-damage|p2b: Urshifu|0 fnt
|faint|p2b: Urshifu
|
|win|dnn0071297
|raw|dnn0071297's rating: 1345 &rarr; <strong>1363</strong><br />(+18 for winning)
|raw|Tepig_nNz_498's rating: 1302 &rarr; <strong>1284</strong><br />(-18 for losing)
|l|☆Tepig_nNz_498
|player|p2|
|l|☆dnn0071297
|player|p1|
