|j|☆WeWantBreathOfFire
|j|☆chaddiestchad
|t:|1750873670
|gametype|doubles
|player|p1|WeWantBreathOfFire|pryce|1624
|player|p2|chaddiestchad|scientist|1624
|teamsize|p1|6
|teamsize|p2|6
|gen|9
|tier|[Gen 9] VGC 2025 Reg I
|rated|
|rule|Species Clause: Limit one of each Pokémon
|rule|Item Clause: Limit 1 of each item
|clearpoke
|poke|p1|Rillaboom, L50, F|
|poke|p1|Urshifu-*, L50, M|
|poke|p1|Eternatus, L50|
|poke|p1|Kyogre, L50|
|poke|p1|Incineroar, L50, M|
|poke|p1|Ditto, L50|
|poke|p2|Kyogre, L50|
|poke|p2|Calyrex-Ice, L50|
|poke|p2|Rillaboom, L50, F|
|poke|p2|Amoonguss, L50, M|
|poke|p2|Urshifu-*, L50, F|
|poke|p2|Iron Jugulis, L50|
|teampreview|4
|inactive|Battle timer is ON: inactive players will automatically lose when time's up. (requested by chaddiestchad)
|j| R15jocker11C
|inactive|chaddiestchad has 60 seconds left.
|
|t:|1750873717
|start
|switch|p1a: Eternatus|Eternatus, L50|100/100
|switch|p1b: Kyogre|Kyogre, L50|100/100
|switch|p2a: Iron Jugulis|Iron Jugulis, L50|100/100
|switch|p2b: Kyogre|Kyogre, L50|100/100
|-weather|RainDance|[from] ability: Drizzle|[of] p1b: Kyogre
|-ability|p1a: Eternatus|Pressure
|-enditem|p2a: Iron Jugulis|Booster Energy
|-activate|p2a: Iron Jugulis|ability: Quark Drive|[fromitem]
|-start|p2a: Iron Jugulis|quarkdrivespe
|turn|1
|inactive|chaddiestchad has 30 seconds left.
|
|t:|1750873743
|move|p1b: Kyogre|Thunder|p2b: Kyogre
|-supereffective|p2b: Kyogre
|-damage|p2b: Kyogre|43/100
|-status|p2b: Kyogre|par
|move|p2a: Iron Jugulis|Tailwind|p2a: Iron Jugulis
|-sidestart|p2: chaddiestchad|move: Tailwind
|move|p1a: Eternatus|Cosmic Power|p1a: Eternatus
|-boost|p1a: Eternatus|def|1
|-boost|p1a: Eternatus|spd|1
|move|p2b: Kyogre|Water Spout|p1a: Eternatus|[spread] p1a,p1b
|-resisted|p1a: Eternatus
|-resisted|p1b: Kyogre
|-damage|p1a: Eternatus|87/100
|-damage|p1b: Kyogre|82/100
|
|-weather|RainDance|[upkeep]
|-heal|p1a: Eternatus|93/100|[from] item: Leftovers
|upkeep
|turn|2
|
|t:|1750873760
|switch|p2b: Calyrex|Calyrex-Ice, L50|100/100
|-ability|p2b: Calyrex|As One
|-ability|p2b: Calyrex|Unnerve
|move|p2a: Iron Jugulis|Snarl|p1b: Kyogre|[spread] p1a,p1b
|-damage|p1a: Eternatus|83/100
|-damage|p1b: Kyogre|68/100
|-unboost|p1a: Eternatus|spa|1
|-unboost|p1b: Kyogre|spa|1
|move|p1b: Kyogre|Thunder|p2a: Iron Jugulis
|-supereffective|p2a: Iron Jugulis
|-damage|p2a: Iron Jugulis|46/100
|move|p1a: Eternatus|Cosmic Power|p1a: Eternatus
|-boost|p1a: Eternatus|def|1
|-boost|p1a: Eternatus|spd|1
|
|-weather|RainDance|[upkeep]
|-heal|p1a: Eternatus|89/100|[from] item: Leftovers
|upkeep
|turn|3
|
|t:|1750873780
|-terastallize|p1a: Eternatus|Fairy
|move|p2a: Iron Jugulis|Hurricane|p1b: Kyogre
|-damage|p1b: Kyogre|30/100
|move|p1b: Kyogre|Thunder|p2a: Iron Jugulis
|-supereffective|p2a: Iron Jugulis
|-damage|p2a: Iron Jugulis|0 fnt
|faint|p2a: Iron Jugulis
|-end|p2a: Iron Jugulis|Quark Drive|[silent]
|move|p2b: Calyrex|Glacial Lance|p1b: Kyogre|[spread] p1a,p1b
|-resisted|p1b: Kyogre
|-damage|p1a: Eternatus|70/100
|-damage|p1b: Kyogre|0 fnt
|faint|p1b: Kyogre
|-ability|p2b: Calyrex|Chilling Neigh|boost
|-boost|p2b: Calyrex|atk|1
|move|p1a: Eternatus|Substitute|p1a: Eternatus
|-start|p1a: Eternatus|Substitute
|-damage|p1a: Eternatus|45/100
|
|-weather|RainDance|[upkeep]
|-heal|p1a: Eternatus|51/100|[from] item: Leftovers
|upkeep
|
|t:|1750873796
|switch|p1b: Urshifu|Urshifu, L50, M|100/100
|switch|p2a: Amoonguss|Amoonguss, L50, M|100/100
|turn|4
|j| stewpeed
|
|t:|1750873812
|switch|p1b: Incineroar|Incineroar, L50, M|100/100
|-ability|p1b: Incineroar|Intimidate|boost
|-unboost|p2a: Amoonguss|atk|1
|-unboost|p2b: Calyrex|atk|1
|-terastallize|p2b: Calyrex|Grass
|move|p2b: Calyrex|Glacial Lance|p1a: Eternatus|[spread] p1a,p1b
|-activate|p1a: Eternatus|move: Substitute|[damage]
|-resisted|p1b: Incineroar
|-damage|p1b: Incineroar|78/100
|move|p1a: Eternatus|Cosmic Power|p1a: Eternatus
|-boost|p1a: Eternatus|def|1
|-boost|p1a: Eternatus|spd|1
|move|p2a: Amoonguss|Spore||[still]
|-fail|p2a: Amoonguss
|
|-weather|RainDance|[upkeep]
|-heal|p1a: Eternatus|57/100|[from] item: Leftovers
|-sideend|p2: chaddiestchad|move: Tailwind
|upkeep
|turn|5
|j| Prasoooon
|
|t:|1750873826
|move|p1b: Incineroar|Fake Out|p2b: Calyrex
|-damage|p2b: Calyrex|94/100
|move|p1a: Eternatus|Cosmic Power|p1a: Eternatus
|-boost|p1a: Eternatus|def|1
|-boost|p1a: Eternatus|spd|1
|cant|p2b: Calyrex|flinch
|move|p2a: Amoonguss|Spore|p1b: Incineroar
|-activate|p1b: Incineroar|item: Safety Goggles|Spore
|
|-weather|none
|-heal|p1a: Eternatus|63/100|[from] item: Leftovers
|upkeep
|turn|6
|
|t:|1750873836
|move|p1a: Eternatus|Cosmic Power|p1a: Eternatus
|-boost|p1a: Eternatus|def|1
|-boost|p1a: Eternatus|spd|1
|move|p2b: Calyrex|Glacial Lance|p1a: Eternatus|[spread] p1a,p1b
|-end|p1a: Eternatus|Substitute
|-resisted|p1b: Incineroar
|-damage|p1b: Incineroar|54/100
|move|p1b: Incineroar|Will-O-Wisp|p2b: Calyrex
|-status|p2b: Calyrex|brn
|move|p2a: Amoonguss|Spore|p1a: Eternatus
|-status|p1a: Eternatus|slp|[from] move: Spore
|
|-heal|p1a: Eternatus|69/100 slp|[from] item: Leftovers
|-damage|p2b: Calyrex|88/100 brn|[from] brn
|upkeep
|turn|7
|
|t:|1750873855
|switch|p2a: Kyogre|Kyogre, L50|43/100 par
|-weather|RainDance|[from] ability: Drizzle|[of] p2a: Kyogre
|cant|p1a: Eternatus|slp
|move|p1b: Incineroar|Knock Off|p2b: Calyrex
|-damage|p2b: Calyrex|67/100 brn
|-enditem|p2b: Calyrex|Never-Melt Ice|[from] move: Knock Off|[of] p1b: Incineroar
|move|p2b: Calyrex|Trick Room|p2b: Calyrex
|-fieldstart|move: Trick Room|[of] p2b: Calyrex
|
|-weather|RainDance|[upkeep]
|-heal|p1a: Eternatus|75/100 slp|[from] item: Leftovers
|-damage|p2b: Calyrex|61/100 brn|[from] brn
|upkeep
|turn|8
|
|t:|1750873876
|move|p2a: Kyogre|Hydro Pump|p1a: Eternatus|[miss]
|-miss|p2a: Kyogre|p1a: Eternatus
|move|p1b: Incineroar|Knock Off|p2a: Kyogre
|-damage|p2a: Kyogre|8/100 par
|-enditem|p2a: Kyogre|Mystic Water|[from] move: Knock Off|[of] p1b: Incineroar
|move|p2b: Calyrex|Glacial Lance|p1b: Incineroar|[spread] p1a,p1b
|-resisted|p1b: Incineroar
|-damage|p1a: Eternatus|71/100 slp
|-damage|p1b: Incineroar|45/100
|-curestatus|p1a: Eternatus|slp|[msg]
|move|p1a: Eternatus|Substitute|p1a: Eternatus
|-start|p1a: Eternatus|Substitute
|-damage|p1a: Eternatus|47/100
|
|-weather|RainDance|[upkeep]
|-heal|p1a: Eternatus|53/100|[from] item: Leftovers
|-damage|p2b: Calyrex|55/100 brn|[from] brn
|upkeep
|turn|9
|-message|chaddiestchad forfeited.
|
|win|WeWantBreathOfFire
|raw|WeWantBreathOfFire's rating: 1624 &rarr; <strong>1644</strong><br />(+20 for winning)
|raw|chaddiestchad's rating: 1624 &rarr; <strong>1604</strong><br />(-20 for losing)
|l|☆chaddiestchad
|player|p2|
|l| R15jocker11C
|l|☆WeWantBreathOfFire
|player|p1|
|l| stewpeed
