|j|☆not vgc lugia
|j|☆Lore805
|t:|1750850699
|gametype|doubles
|player|p1|not vgc lugia|ethan|1534
|player|p2|Lore805|1|1434
|teamsize|p1|6
|teamsize|p2|6
|gen|9
|tier|[Gen 9] VGC 2025 Reg I
|rated|
|rule|Species Clause: Limit one of each Pokémon
|rule|Item Clause: Limit 1 of each item
|clearpoke
|poke|p1|Lugia, L50|
|poke|p1|Miraidon, L50|
|poke|p1|Chien-Pao, L50|
|poke|p1|Iron Hands, L50|
|poke|p1|Ogerpon-Wellspring, L50, F|
|poke|p1|Entei, L50|
|poke|p2|Kyogre, L50|
|poke|p2|Calyrex-Ice, L50|
|poke|p2|Rillaboom, L50, F|
|poke|p2|Volcarona, L50, F|
|poke|p2|Raichu, L50, M|
|poke|p2|Tornadus, L50, M|
|teampreview|4
|inactive|Battle timer is ON: inactive players will automatically lose when time's up. (requested by Lore805)
|inactive|not vgc lugia also wants the timer to be on.
|inactive|not vgc lugia has 60 seconds left.
|inactive|Lore805 has 60 seconds left.
|
|t:|1750850745
|start
|switch|p1a: Miraidon|Miraidon, L50|100/100
|switch|p1b: Chien-Pao|Chien-Pao, L50|100/100
|switch|p2a: Calyrex|Calyrex-Ice, L50|100/100
|switch|p2b: Tornadus|Tornadus, L50, M|100/100
|-ability|p2a: Calyrex|As One
|-ability|p2a: Calyrex|Unnerve
|-fieldstart|move: Electric Terrain|[from] ability: Hadron Engine|[of] p1a: Miraidon
|-ability|p1b: Chien-Pao|Sword of Ruin
|turn|1
|
|t:|1750850773
|-terastallize|p1a: Miraidon|Electric
|move|p2a: Calyrex|Protect|p2a: Calyrex
|-singleturn|p2a: Calyrex|Protect
|move|p2b: Tornadus|Tailwind|p2b: Tornadus
|-sidestart|p2: Lore805|move: Tailwind
|move|p1a: Miraidon|Electro Drift|p2a: Calyrex
|-activate|p2a: Calyrex|move: Protect
|move|p1b: Chien-Pao|Icicle Crash|p2b: Tornadus
|-supereffective|p2b: Tornadus
|-damage|p2b: Tornadus|0 fnt
|faint|p2b: Tornadus
|
|upkeep
|
|t:|1750850792
|switch|p2b: Raichu|Raichu, L50, M|100/100
|turn|2
|
|t:|1750850812
|switch|p1a: Iron Hands|Iron Hands, L50|100/100
|-activate|p1a: Iron Hands|ability: Quark Drive
|-start|p1a: Iron Hands|quarkdriveatk
|move|p1b: Chien-Pao|Protect|p1b: Chien-Pao
|-singleturn|p1b: Chien-Pao|Protect
|move|p2b: Raichu|Volt Tackle|p1b: Chien-Pao
|-activate|p1b: Chien-Pao|move: Protect
|move|p2a: Calyrex|Glacial Lance|p1a: Iron Hands|[spread] p1a
|-activate|p1b: Chien-Pao|move: Protect
|-damage|p1a: Iron Hands|39/100
|
|upkeep
|turn|3
|
|t:|1750850834
|move|p1a: Iron Hands|Fake Out|p2b: Raichu
|-damage|p2b: Raichu|40/100
|cant|p2b: Raichu|flinch
|move|p1b: Chien-Pao|Throat Chop|p2b: Raichu
|-damage|p2b: Raichu|0 fnt
|faint|p2b: Raichu
|move|p2a: Calyrex|Glacial Lance|p1b: Chien-Pao|[spread] p1a,p1b
|-resisted|p1b: Chien-Pao
|-damage|p1a: Iron Hands|0 fnt
|-damage|p1b: Chien-Pao|57/100
|faint|p1a: Iron Hands
|-end|p1a: Iron Hands|Quark Drive|[silent]
|-ability|p2a: Calyrex|Chilling Neigh|boost
|-boost|p2a: Calyrex|atk|1
|
|upkeep
|
|t:|1750850842
|switch|p2b: Kyogre|Kyogre, L50|100/100
|switch|p1a: Lugia|Lugia, L50|100/100
|-weather|RainDance|[from] ability: Drizzle|[of] p2b: Kyogre
|-enditem|p1a: Lugia|Electric Seed
|-boost|p1a: Lugia|def|1|[from] item: Electric Seed
|turn|4
|
|t:|1750850855
|-terastallize|p2b: Kyogre|Water
|move|p1b: Chien-Pao|Protect|p1b: Chien-Pao
|-singleturn|p1b: Chien-Pao|Protect
|move|p1a: Lugia|Protect|p1a: Lugia
|-singleturn|p1a: Lugia|Protect
|move|p2b: Kyogre|Water Spout|p1a: Lugia|[spread] 
|-activate|p1a: Lugia|move: Protect
|-activate|p1b: Chien-Pao|move: Protect
|move|p2a: Calyrex|Glacial Lance|p1a: Lugia|[spread] 
|-activate|p1a: Lugia|move: Protect
|-activate|p1b: Chien-Pao|move: Protect
|
|-weather|RainDance|[upkeep]
|-sideend|p2: Lore805|move: Tailwind
|upkeep
|turn|5
|
|t:|1750850877
|move|p1b: Chien-Pao|Throat Chop|p2a: Calyrex
|-supereffective|p2a: Calyrex
|-damage|p2a: Calyrex|37/100
|-start|p2a: Calyrex|Throat Chop|[silent]
|move|p1a: Lugia|Aeroblast|p2a: Calyrex
|-damage|p2a: Calyrex|9/100
|move|p2b: Kyogre|Water Spout|p1b: Chien-Pao|[spread] p1a,p1b
|-damage|p1a: Lugia|52/100
|-damage|p1b: Chien-Pao|0 fnt
|faint|p1b: Chien-Pao
|move|p2a: Calyrex|Trick Room|p2a: Calyrex
|-fieldstart|move: Trick Room|[of] p2a: Calyrex
|
|-weather|RainDance|[upkeep]
|-fieldend|move: Electric Terrain
|upkeep
|
|t:|1750850887
|switch|p1b: Miraidon|Miraidon, L50, tera:Electric|100/100
|-fieldstart|move: Electric Terrain|[from] ability: Hadron Engine|[of] p1b: Miraidon
|turn|6
|
|t:|1750850902
|move|p2a: Calyrex|Glacial Lance|p1a: Lugia|[spread] p1a,p1b
|-supereffective|p1a: Lugia
|-damage|p1a: Lugia|0 fnt
|-damage|p1b: Miraidon|6/100
|faint|p1a: Lugia
|-ability|p2a: Calyrex|Chilling Neigh|boost
|-boost|p2a: Calyrex|atk|1
|move|p2b: Kyogre|Tera Blast|p1b: Miraidon|[anim] Tera Blast Water
|-crit|p1b: Miraidon
|-damage|p1b: Miraidon|0 fnt
|faint|p1b: Miraidon
|
|win|Lore805
|raw|not vgc lugia's rating: 1534 &rarr; <strong>1508</strong><br />(-26 for losing)
|raw|Lore805's rating: 1434 &rarr; <strong>1460</strong><br />(+26 for winning)
