|j|☆THEDemonISUnholy
|j|☆ThePhantom6969
|t:|1750842946
|gametype|doubles
|player|p1|THEDemonISUnholy|n|1057
|player|p2|ThePhantom6969|gambler|1135
|teamsize|p1|6
|teamsize|p2|6
|gen|9
|tier|[Gen 9] VGC 2025 Reg I
|rated|
|rule|Species Clause: Limit one of each Pokémon
|rule|Item Clause: Limit 1 of each item
|clearpoke
|poke|p1|Mimikyu, L50, F|
|poke|p1|Meowscarada, L50, F|
|poke|p1|Calyrex-Shadow, L50|
|poke|p1|Urshifu-*, L50, M|
|poke|p1|Lunala, L50|
|poke|p1|Annihilape, L50, M|
|poke|p2|Zekrom, L50|
|poke|p2|Reshiram, L50|
|poke|p2|Incineroar, L50, F|
|poke|p2|Whimsicott, L50, M|
|poke|p2|Farigiraf, L50, F|
|poke|p2|Ursaluna-Bloodmoon, L50, M|
|teampreview|4
|inactive|Battle timer is ON: inactive players will automatically lose when time's up. (requested by THEDemonISUnholy)
THEDemonISUnholy has agreed to open team sheets.
|
|t:|1750842974
|start
|switch|p1a: Annihilape|Annihilape, L50, M, shiny|100/100
|switch|p1b: Calyrex|Calyrex-Shadow, L50|100/100
|switch|p2a: Farigiraf|Farigiraf, L50, F|100/100
|switch|p2b: Incineroar|Incineroar, L50, F|100/100
|-ability|p1b: Calyrex|As One
|-ability|p1b: Calyrex|Unnerve
|-ability|p2b: Incineroar|Intimidate|boost
|-unboost|p1a: Annihilape|atk|1
|-ability|p1a: Annihilape|Defiant|boost
|-boost|p1a: Annihilape|atk|2
|-unboost|p1b: Calyrex|atk|1
|turn|1
|
|t:|1750842991
|move|p1b: Calyrex|Nasty Plot|p1b: Calyrex
|-boost|p1b: Calyrex|spa|2
|move|p1a: Annihilape|Close Combat|p2b: Incineroar
|-supereffective|p2b: Incineroar
|-damage|p2b: Incineroar|0 fnt
|-unboost|p1a: Annihilape|def|1
|-unboost|p1a: Annihilape|spd|1
|-damage|p1a: Annihilape|84/100|[from] item: Rocky Helmet|[of] p2b: Incineroar
|faint|p2b: Incineroar
|move|p2a: Farigiraf|Trick Room|p2a: Farigiraf
|-fieldstart|move: Trick Room|[of] p2a: Farigiraf
|
|upkeep
|
|t:|1750843004
|switch|p2b: Zekrom|Zekrom, L50|100/100
|-ability|p2b: Zekrom|Teravolt
|turn|2
|
|t:|1750843018
|-terastallize|p2b: Zekrom|Electric
|move|p2a: Farigiraf|Psychic|p1b: Calyrex
|-resisted|p1b: Calyrex
|-damage|p1b: Calyrex|82/100
|move|p2b: Zekrom|Bolt Strike|p1a: Annihilape
|-damage|p1a: Annihilape|0 fnt
|faint|p1a: Annihilape
|move|p1b: Calyrex|Astral Barrage|p2a: Farigiraf|[spread] p2b
|-immune|p2a: Farigiraf
|-damage|p2b: Zekrom|43/100
|
|-heal|p1b: Calyrex|89/100|[from] item: Leftovers
|upkeep
|
|t:|1750843025
|switch|p1a: Mimikyu|Mimikyu, L50, F, shiny|100/100
|turn|3
|
|t:|1750843033
|-terastallize|p1b: Calyrex|Ghost
|move|p2a: Farigiraf|Psychic|p1a: Mimikyu
|-activate|p1a: Mimikyu|ability: Disguise
|-damage|p1a: Mimikyu|100/100
|detailschange|p1a: Mimikyu|Mimikyu-Busted, L50, F, shiny
|-damage|p1a: Mimikyu|88/100|[from] pokemon: Mimikyu-Busted
|move|p2b: Zekrom|Bolt Strike|p1b: Calyrex
|-damage|p1b: Calyrex|0 fnt
|faint|p1b: Calyrex
|move|p1a: Mimikyu|Swords Dance|p1a: Mimikyu
|-boost|p1a: Mimikyu|atk|2
|
|upkeep
|
|t:|1750843043
|switch|p1b: Lunala|Lunala, L50, shiny|100/100
|turn|4
|
|t:|1750843064
|move|p1b: Lunala|Protect|p1b: Lunala
|-singleturn|p1b: Lunala|Protect
|move|p2a: Farigiraf|Psychic|p1b: Lunala
|-activate|p1b: Lunala|move: Protect
|move|p2b: Zekrom|Bolt Strike|p1a: Mimikyu
|-damage|p1a: Mimikyu|0 fnt
|faint|p1a: Mimikyu
|
|upkeep
|turn|5
|
|t:|1750843075
|move|p1b: Lunala|Protect||[still]
|-fail|p1b: Lunala
|move|p2a: Farigiraf|Psychic|p1b: Lunala
|-resisted|p1b: Lunala
|-damage|p1b: Lunala|94/100
|move|p2b: Zekrom|Bolt Strike|p1b: Lunala
|-damage|p1b: Lunala|3/100
|
|-fieldend|move: Trick Room
|upkeep
|turn|6
|
|t:|1750843084
|move|p1b: Lunala|Moongeist Beam|p2b: Zekrom
|-damage|p2b: Zekrom|14/100
|move|p2b: Zekrom|Fusion Bolt|p1b: Lunala
|-damage|p1b: Lunala|0 fnt
|faint|p1b: Lunala
|
|win|ThePhantom6969
|raw|THEDemonISUnholy's rating: 1057 &rarr; <strong>1043</strong><br />(-14 for losing)
|raw|ThePhantom6969's rating: 1135 &rarr; <strong>1154</strong><br />(+19 for winning)
|l|☆THEDemonISUnholy
|player|p1|
|l|☆ThePhantom6969
|player|p2|
