|j|☆bisharptoe6
|j|☆FishBigBig
|t:|1750846737
|gametype|doubles
|player|p1|bisharptoe6|102|1052
|player|p2|FishBigBig|roxie|1086
|teamsize|p1|6
|teamsize|p2|6
|gen|9
|tier|[Gen 9] VGC 2025 Reg I
|rated|
|rule|Species Clause: Limit one of each Pokémon
|rule|Item Clause: Limit 1 of each item
|clearpoke
|poke|p1|Mimikyu, L50, F|
|poke|p1|Farigiraf, L50, F|
|poke|p1|Calyrex-Ice, L50|
|poke|p1|Kyogre, L50|
|poke|p1|Kingambit, L50, M|
|poke|p1|Tornadus, L50, M|
|poke|p2|Palkia, L50|
|poke|p2|Koraidon, L50|
|poke|p2|Urshifu-*, L50, M|
|poke|p2|Ursaluna, L50, M|
|poke|p2|Whimsicott, L50, F|
|poke|p2|Incineroar, L50, F|
|teampreview|4
|
|t:|1750846757
|start
|switch|p1a: Mimikyu|Mimikyu, L50, F, shiny|100/100
|switch|p1b: Calyrex|Calyrex-Ice, L50|100/100
|switch|p2a: Koraidon|Koraidon, L50|100/100
|switch|p2b: Urshifu|Urshifu, L50, M|100/100
|-ability|p1b: Calyrex|As One
|-ability|p1b: Calyrex|Unnerve
|-weather|SunnyDay|[from] ability: Orichalcum Pulse|[of] p2a: Koraidon
|-activate|p2a: Koraidon|Orichalcum Pulse|[source]
|turn|1
|
|t:|1750846774
|move|p1b: Calyrex|Protect|p1b: Calyrex
|-singleturn|p1b: Calyrex|Protect
|move|p2b: Urshifu|U-turn|p1a: Mimikyu
|-activate|p1a: Mimikyu|ability: Disguise
|-damage|p1a: Mimikyu|100/100
|detailschange|p1a: Mimikyu|Mimikyu-Busted, L50, F, shiny
|-damage|p1a: Mimikyu|88/100|[from] pokemon: Mimikyu-Busted
|inactive|Battle timer is ON: inactive players will automatically lose when time's up. (requested by FishBigBig)
|
|t:|1750846788
|switch|p2b: Ursaluna|Ursaluna, L50, M|100/100|[from] U-turn
|move|p2a: Koraidon|U-turn|p1a: Mimikyu
|-resisted|p1a: Mimikyu
|-damage|p1a: Mimikyu|77/100
|
|t:|1750846796
|switch|p2a: Palkia|Palkia, L50|100/100|[from] U-turn
|move|p1a: Mimikyu|Trick Room|p1a: Mimikyu
|-fieldstart|move: Trick Room|[of] p1a: Mimikyu
|
|-weather|SunnyDay|[upkeep]
|-status|p2b: Ursaluna|brn|[from] item: Flame Orb
|upkeep
|turn|2
|
|t:|1750846814
|-terastallize|p2b: Ursaluna|Ghost
|move|p2b: Ursaluna|Earthquake|p1a: Mimikyu|[spread] p1a,p1b
|-activate|p2a: Palkia|ability: Telepathy
|-damage|p1a: Mimikyu|16/100
|-damage|p1b: Calyrex|61/100
|move|p1b: Calyrex|Glacial Lance|p2b: Ursaluna|[spread] p2a,p2b
|-damage|p2a: Palkia|48/100
|-damage|p2b: Ursaluna|57/100 brn
|move|p1a: Mimikyu|Play Rough|p2b: Ursaluna
|-crit|p2b: Ursaluna
|-damage|p2b: Ursaluna|23/100 brn
|-unboost|p2b: Ursaluna|atk|1
|move|p2a: Palkia|Spacial Rend|p1b: Calyrex
|-damage|p1b: Calyrex|10/100
|-damage|p2a: Palkia|38/100|[from] item: Life Orb
|
|-weather|SunnyDay|[upkeep]
|-damage|p2b: Ursaluna|17/100 brn|[from] brn
|upkeep
|turn|3
|
|t:|1750846839
|move|p2b: Ursaluna|Protect|p2b: Ursaluna
|-singleturn|p2b: Ursaluna|Protect
|move|p1a: Mimikyu|Shadow Sneak|p2b: Ursaluna
|-activate|p2b: Ursaluna|move: Protect
|move|p1b: Calyrex|Glacial Lance|p2a: Palkia|[spread] p2a
|-activate|p2b: Ursaluna|move: Protect
|-damage|p2a: Palkia|0 fnt
|faint|p2a: Palkia
|-ability|p1b: Calyrex|Chilling Neigh|boost
|-boost|p1b: Calyrex|atk|1
|
|-weather|SunnyDay|[upkeep]
|-damage|p2b: Ursaluna|11/100 brn|[from] brn
|upkeep
|
|t:|1750846844
|switch|p2a: Urshifu|Urshifu, L50, M|100/100
|turn|4
|inactive|bisharptoe6 has 30 seconds left.
|
|t:|1750846872
|switch|p2b: Koraidon|Koraidon, L50|100/100
|-activate|p2b: Koraidon|ability: Orichalcum Pulse
|move|p1a: Mimikyu|Shadow Sneak|p2b: Koraidon
|-damage|p2b: Koraidon|90/100
|move|p1b: Calyrex|High Horsepower|p2a: Urshifu
|-damage|p2a: Urshifu|38/100
|move|p2a: Urshifu|Wicked Blow|p1b: Calyrex
|-supereffective|p1b: Calyrex
|-crit|p1b: Calyrex
|-damage|p1b: Calyrex|0 fnt
|faint|p1b: Calyrex
|
|-weather|SunnyDay|[upkeep]
|upkeep
|
|t:|1750846887
|switch|p1b: Kyogre|Kyogre, L50|100/100
|-weather|RainDance|[from] ability: Drizzle|[of] p1b: Kyogre
|turn|5
|
|t:|1750846905
|switch|p2b: Ursaluna|Ursaluna, L50, M, tera:Ghost|11/100 brn
|-terastallize|p1b: Kyogre|Water
|move|p1b: Kyogre|Origin Pulse|p2b: Ursaluna|[spread] p2a,p2b
|-damage|p2a: Urshifu|0 fnt
|-damage|p2b: Ursaluna|0 fnt
|faint|p2a: Urshifu
|faint|p2b: Ursaluna
|-damage|p1b: Kyogre|91/100|[from] item: Life Orb
|move|p1a: Mimikyu|Play Rough|p2: Urshifu|[notarget]
|-fail|p1a: Mimikyu
|
|-weather|RainDance|[upkeep]
|-fieldend|move: Trick Room
|upkeep
|
|t:|1750846911
|switch|p2b: Koraidon|Koraidon, L50|90/100
|-weather|SunnyDay|[from] ability: Orichalcum Pulse|[of] p2b: Koraidon
|-activate|p2b: Koraidon|Orichalcum Pulse|[source]
|turn|6
|-message|FishBigBig forfeited.
|
|win|bisharptoe6
|raw|bisharptoe6's rating: 1052 &rarr; <strong>1087</strong><br />(+35 for winning)
|raw|FishBigBig's rating: 1086 &rarr; <strong>1061</strong><br />(-25 for losing)
|l|☆FishBigBig
|player|p2|
|l|☆bisharptoe6
|player|p1|
