|j|☆Chrisrilla
|j|☆Ahamkara101
|t:|1750730448
|gametype|doubles
|player|p1|Chrisrilla|pokefan-gen4|1114
|player|p2|Ahamkara101|colress|1000
|teamsize|p1|6
|teamsize|p2|6
|gen|9
|tier|[Gen 9] VGC 2025 Reg I
|rated|
|rule|Species Clause: Limit one of each Pokémon
|rule|Item Clause: Limit 1 of each item
|clearpoke
|poke|p1|Incineroar, L50, F|
|poke|p1|Amoonguss, L50, F|
|poke|p1|Miraidon, L50|
|poke|p1|Urshifu-*, L50, F|
|poke|p1|Calyrex-Shadow, L50|
|poke|p1|Pelipper, L50, F|
|poke|p2|Scraggy, L50, M|
|poke|p2|Calyrex-Ice, L50|
|poke|p2|Ninetales-Alola, L50, F|
|poke|p2|Brute Bonnet, L50|
|poke|p2|Necrozma-Dawn-Wings, L50|
|poke|p2|Gastrodon, L50, F|
|teampreview|4
|
|t:|1750730495
|start
|switch|p1a: Pelipper|Pelipper, L50, F, shiny|100/100
|switch|p1b: Urshifu|Urshifu-Rapid-Strike, L50, F|100/100
|switch|p2a: Brute Bonnet|Brute Bonnet, L50|100/100
|switch|p2b: Ninetales|Ninetales-Alola, L50, F, shiny|100/100
|-weather|Snowscape|[from] ability: Snow Warning|[of] p2b: Ninetales
|-weather|RainDance|[from] ability: Drizzle|[of] p1a: Pelipper
|turn|1
|
|t:|1750730526
|switch|p2b: Scraggy|Scraggy, L50, M, shiny|100/100
|-ability|p2b: Scraggy|Intimidate|boost
|-unboost|p1a: Pelipper|atk|1
|-unboost|p1b: Urshifu|atk|1
|move|p1b: Urshifu|Close Combat|p2b: Scraggy
|-supereffective|p2b: Scraggy
|-damage|p2b: Scraggy|0 fnt
|-unboost|p1b: Urshifu|def|1
|-unboost|p1b: Urshifu|spd|1
|faint|p2b: Scraggy
|move|p1a: Pelipper|Hurricane|p2a: Brute Bonnet
|-supereffective|p2a: Brute Bonnet
|-damage|p2a: Brute Bonnet|43/100
|move|p2a: Brute Bonnet|Spore|p1b: Urshifu
|-status|p1b: Urshifu|slp|[from] move: Spore
|
|-weather|RainDance|[upkeep]
|upkeep
|
|t:|1750730541
|switch|p2b: Calyrex|Calyrex-Ice, L50|100/100
|-ability|p2b: Calyrex|As One
|-ability|p2b: Calyrex|Unnerve
|turn|2
|
|t:|1750730553
|move|p1a: Pelipper|Wide Guard|p1a: Pelipper
|-singleturn|p1a: Pelipper|Wide Guard
|move|p2a: Brute Bonnet|Rage Powder|p2a: Brute Bonnet
|-singleturn|p2a: Brute Bonnet|move: Rage Powder
|cant|p1b: Urshifu|slp
|move|p2b: Calyrex|Trick Room|p2b: Calyrex
|-fieldstart|move: Trick Room|[of] p2b: Calyrex
|
|-weather|RainDance|[upkeep]
|upkeep
|turn|3
|
|t:|1750730571
|-end|p2a: Brute Bonnet|Protosynthesis|[silent]
|switch|p2a: Ninetales|Ninetales-Alola, L50, F, shiny|100/100
|-weather|Snowscape|[from] ability: Snow Warning|[of] p2a: Ninetales
|move|p1a: Pelipper|Wide Guard|p1a: Pelipper
|-singleturn|p1a: Pelipper|Wide Guard
|move|p2b: Calyrex|Glacial Lance|p1a: Pelipper|[spread] 
|-activate|p1a: Pelipper|move: Wide Guard
|-activate|p1b: Urshifu|move: Wide Guard
|cant|p1b: Urshifu|slp
|
|-weather|Snowscape|[upkeep]
|upkeep
|turn|4
|
|t:|1750730596
|switch|p2b: Brute Bonnet|Brute Bonnet, L50|43/100
|move|p1a: Pelipper|Wide Guard|p1a: Pelipper
|-singleturn|p1a: Pelipper|Wide Guard
|move|p2a: Ninetales|Aurora Veil|p2a: Ninetales
|-sidestart|p2: Ahamkara101|move: Aurora Veil
|cant|p1b: Urshifu|slp
|
|-weather|Snowscape|[upkeep]
|upkeep
|turn|5
|
|t:|1750730628
|move|p1a: Pelipper|Protect||[still]
|-fail|p1a: Pelipper
|move|p2b: Brute Bonnet|Sucker Punch|p1b: Urshifu
|-resisted|p1b: Urshifu
|-damage|p1b: Urshifu|76/100 slp
|move|p2a: Ninetales|Blizzard|p1a: Pelipper|[spread] p1a,p1b
|-resisted|p1b: Urshifu
|-damage|p1a: Pelipper|70/100
|-damage|p1b: Urshifu|47/100 slp
|-status|p1a: Pelipper|frz
|-curestatus|p1b: Urshifu|slp|[msg]
|move|p1b: Urshifu|Close Combat|p2b: Brute Bonnet
|-supereffective|p2b: Brute Bonnet
|-damage|p2b: Brute Bonnet|0 fnt
|-unboost|p1b: Urshifu|def|1
|-unboost|p1b: Urshifu|spd|1
|-damage|p1b: Urshifu|31/100|[from] item: Rocky Helmet|[of] p2b: Brute Bonnet
|faint|p2b: Brute Bonnet
|-end|p2b: Brute Bonnet|Protosynthesis|[silent]
|
|-weather|Snowscape|[upkeep]
|upkeep
|
|t:|1750730645
|switch|p2b: Calyrex|Calyrex-Ice, L50|100/100
|-ability|p2b: Calyrex|As One
|-ability|p2b: Calyrex|Unnerve
|turn|6
|
|t:|1750730663
|cant|p1a: Pelipper|frz
|move|p2b: Calyrex|Swords Dance|p2b: Calyrex
|-boost|p2b: Calyrex|atk|2
|move|p2a: Ninetales|Blizzard|p1a: Pelipper|[spread] p1a,p1b
|-resisted|p1b: Urshifu
|-crit|p1b: Urshifu
|-damage|p1a: Pelipper|38/100 frz
|-damage|p1b: Urshifu|0 fnt
|faint|p1b: Urshifu
|
|-weather|Snowscape|[upkeep]
|-fieldend|move: Trick Room
|upkeep
|
|t:|1750730679
|switch|p1b: Calyrex|Calyrex-Shadow, L50|100/100
|-ability|p1b: Calyrex|As One
|-ability|p1b: Calyrex|Unnerve
|turn|7
|
|t:|1750730697
|-terastallize|p2b: Calyrex|Steel
|move|p1b: Calyrex|Astral Barrage|p2b: Calyrex|[spread] p2a,p2b
|-damage|p2a: Ninetales|58/100
|-damage|p2b: Calyrex|66/100
|-damage|p1b: Calyrex|91/100|[from] item: Life Orb
|move|p2a: Ninetales|Blizzard|p1a: Pelipper|[spread] p1a,p1b
|-damage|p1a: Pelipper|5/100 frz
|-damage|p1b: Calyrex|65/100
|cant|p1a: Pelipper|frz
|move|p2b: Calyrex|Trick Room|p2b: Calyrex
|-fieldstart|move: Trick Room|[of] p2b: Calyrex
|
|-weather|none
|upkeep
|turn|8
|
|t:|1750730728
|switch|p1a: Miraidon|Miraidon, L50|100/100
|-fieldstart|move: Electric Terrain|[from] ability: Hadron Engine|[of] p1a: Miraidon
|move|p2a: Ninetales|Helping Hand|p2b: Calyrex
|-singleturn|p2b: Calyrex|Helping Hand|[of] p2a: Ninetales
|move|p1b: Calyrex|Protect|p1b: Calyrex
|-singleturn|p1b: Calyrex|Protect
|move|p2b: Calyrex|Glacial Lance|p1a: Miraidon|[spread] p1a
|-activate|p1b: Calyrex|move: Protect
|-supereffective|p1a: Miraidon
|-crit|p1a: Miraidon
|-damage|p1a: Miraidon|0 fnt
|faint|p1a: Miraidon
|-ability|p2b: Calyrex|Chilling Neigh|boost
|-boost|p2b: Calyrex|atk|1
|
|upkeep
|
|t:|1750730745
|switch|p1a: Pelipper|Pelipper, L50, F, shiny|5/100 frz
|-weather|RainDance|[from] ability: Drizzle|[of] p1a: Pelipper
|turn|9
|
|t:|1750730762
|move|p2a: Ninetales|Helping Hand|p2b: Calyrex
|-singleturn|p2b: Calyrex|Helping Hand|[of] p2a: Ninetales
|move|p2b: Calyrex|Glacial Lance|p1b: Calyrex|[spread] p1a,p1b
|-damage|p1a: Pelipper|0 fnt
|-damage|p1b: Calyrex|0 fnt
|faint|p1a: Pelipper
|faint|p1b: Calyrex
|
|win|Ahamkara101
|raw|Chrisrilla's rating: 1095 &rarr; <strong>1064</strong><br />(-31 for losing)
|raw|Ahamkara101's rating: 1000 &rarr; <strong>1051</strong><br />(+51 for winning)
|c|☆Ahamkara101|gg
|l|☆Chrisrilla
|player|p1|
