|j|☆poke\(0w0)/ball
|j|☆walreinoverme
|t:|1750776698
|gametype|doubles
|player|p1|poke\(0w0)/ball|n|1356
|player|p2|walreinoverme|pokemaniac|1345
|teamsize|p1|6
|teamsize|p2|6
|gen|9
|tier|[Gen 9] VGC 2025 Reg I
|rated|
|rule|Species Clause: Limit one of each Pokémon
|rule|Item Clause: Limit 1 of each item
|clearpoke
|poke|p1|Indeedee-F, L50, F|
|poke|p1|Miraidon, L50|
|poke|p1|Raichu-Alola, L50, F|
|poke|p1|Lunala, L50|
|poke|p1|Smeargle, L50, F|
|poke|p1|Incineroar, L50, F|
|poke|p2|Calyrex-Ice, L50|
|poke|p2|Kyogre, L50|
|poke|p2|Gastrodon-East, L50, M|
|poke|p2|Cacturne, L50, M|
|poke|p2|Indeedee-F, L50, F|
|poke|p2|Hariyama, L50, M|
|teampreview|4
|inactive|Battle timer is ON: inactive players will automatically lose when time's up. (requested by walreinoverme)
|
|t:|1750776731
|start
|switch|p1a: Lunala|Lunala, L50|100/100
|switch|p1b: Miraidon|Miraidon, L50|100/100
|switch|p2a: Calyrex|Calyrex-Ice, L50|100/100
|switch|p2b: Indeedee|Indeedee-F, L50, F|100/100
|-ability|p2a: Calyrex|As One
|-ability|p2a: Calyrex|Unnerve
|-fieldstart|move: Electric Terrain|[from] ability: Hadron Engine|[of] p1b: Miraidon
|-fieldstart|move: Psychic Terrain|[from] ability: Psychic Surge|[of] p2b: Indeedee
|-enditem|p2b: Indeedee|Psychic Seed
|-boost|p2b: Indeedee|spd|1|[from] item: Psychic Seed
|turn|1
|
|t:|1750776745
|move|p2b: Indeedee|Follow Me|p2b: Indeedee
|-singleturn|p2b: Indeedee|move: Follow Me
|move|p1b: Miraidon|Volt Switch|p2b: Indeedee
|-damage|p2b: Indeedee|68/100
|
|t:|1750776751
|switch|p1b: Incineroar|Incineroar, L50, F|100/100|[from] Volt Switch
|-ability|p1b: Incineroar|Intimidate|boost
|-fail|p2a: Calyrex|unboost|[from] item: Clear Amulet|[of] p2a: Calyrex
|-unboost|p2b: Indeedee|atk|1
|move|p1a: Lunala|Calm Mind|p1a: Lunala
|-boost|p1a: Lunala|spa|1
|-boost|p1a: Lunala|spd|1
|move|p2a: Calyrex|Glacial Lance|p1a: Lunala|[spread] p1a,p1b
|-resisted|p1b: Incineroar
|-damage|p1a: Lunala|79/100
|-damage|p1b: Incineroar|76/100
|
|-heal|p1a: Lunala|85/100|[from] item: Leftovers
|upkeep
|turn|2
|inactive|poke\(0w0)/ball has 30 seconds left.
|inactive|poke\(0w0)/ball has 20 seconds left.
|
|t:|1750776789
|move|p2b: Indeedee|Follow Me|p2b: Indeedee
|-singleturn|p2b: Indeedee|move: Follow Me
|move|p1a: Lunala|Expanding Force|p2b: Indeedee|[spread] p2a,p2b
|-resisted|p2a: Calyrex
|-resisted|p2b: Indeedee
|-damage|p2a: Calyrex|71/100
|-damage|p2b: Indeedee|38/100
|move|p1b: Incineroar|U-turn|p2b: Indeedee
|-supereffective|p2b: Indeedee
|-damage|p2b: Indeedee|2/100
|
|t:|1750776794
|switch|p1b: Indeedee|Indeedee-F, L50, F|100/100|[from] U-turn
|-enditem|p1b: Indeedee|Psychic Seed
|-boost|p1b: Indeedee|spd|1|[from] item: Psychic Seed
|move|p2a: Calyrex|Leech Seed|p1a: Lunala
|-start|p1a: Lunala|move: Leech Seed
|
|-heal|p1a: Lunala|91/100|[from] item: Leftovers
|-damage|p1a: Lunala|79/100|[from] Leech Seed|[of] p2a: Calyrex
|-heal|p2a: Calyrex|86/100|[silent]
|upkeep
|turn|3
|inactive|poke\(0w0)/ball has 30 seconds left.
|
|t:|1750776828
|move|p1b: Indeedee|Helping Hand|p1a: Lunala
|-singleturn|p1a: Lunala|Helping Hand|[of] p1b: Indeedee
|move|p2b: Indeedee|Follow Me|p2b: Indeedee
|-singleturn|p2b: Indeedee|move: Follow Me
|move|p1a: Lunala|Expanding Force|p2b: Indeedee|[spread] p2a,p2b
|-resisted|p2a: Calyrex
|-crit|p2a: Calyrex
|-resisted|p2b: Indeedee
|-damage|p2a: Calyrex|14/100
|-damage|p2b: Indeedee|0 fnt
|faint|p2b: Indeedee
|move|p2a: Calyrex|Glacial Lance|p1b: Indeedee|[spread] p1a,p1b
|-damage|p1a: Lunala|39/100
|-damage|p1b: Indeedee|36/100
|
|-heal|p1a: Lunala|45/100|[from] item: Leftovers
|-damage|p1a: Lunala|32/100|[from] Leech Seed|[of] p2a: Calyrex
|-heal|p2a: Calyrex|29/100|[silent]
|upkeep
|
|t:|1750776843
|switch|p2b: Kyogre|Kyogre, L50|100/100
|-weather|RainDance|[from] ability: Drizzle|[of] p2b: Kyogre
|turn|4
|inactive|poke\(0w0)/ball has 30 seconds left.
|
|t:|1750776872
|move|p1a: Lunala|Protect|p1a: Lunala
|-singleturn|p1a: Lunala|Protect
|move|p2a: Calyrex|Protect|p2a: Calyrex
|-singleturn|p2a: Calyrex|Protect
|move|p1b: Indeedee|Follow Me|p1b: Indeedee
|-singleturn|p1b: Indeedee|move: Follow Me
|move|p2b: Kyogre|Surf|p1b: Indeedee|[spread] p1b
|-activate|p2a: Calyrex|move: Protect
|-activate|p1a: Lunala|move: Protect
|-damage|p1b: Indeedee|0 fnt
|faint|p1b: Indeedee
|
|-weather|RainDance|[upkeep]
|-heal|p1a: Lunala|39/100|[from] item: Leftovers
|-damage|p1a: Lunala|26/100|[from] Leech Seed|[of] p2a: Calyrex
|-heal|p2a: Calyrex|45/100|[silent]
|upkeep
|
|t:|1750776883
|switch|p1b: Miraidon|Miraidon, L50|100/100
|-fieldstart|move: Electric Terrain|[from] ability: Hadron Engine|[of] p1b: Miraidon
|turn|5
|inactive|poke\(0w0)/ball has 30 seconds left.
|
|t:|1750776917
|switch|p1a: Incineroar|Incineroar, L50, F|76/100
|-ability|p1a: Incineroar|Intimidate|boost
|-fail|p2a: Calyrex|unboost|[from] item: Clear Amulet|[of] p2a: Calyrex
|-unboost|p2b: Kyogre|atk|1
|switch|p2b: Gastrodon|Gastrodon-East, L50, M|100/100
|move|p1b: Miraidon|Electro Drift|p2a: Calyrex
|-damage|p2a: Calyrex|0 fnt
|faint|p2a: Calyrex
|
|-weather|RainDance|[upkeep]
|upkeep
|
|t:|1750776928
|switch|p2a: Kyogre|Kyogre, L50|100/100
|turn|6
|inactive|poke\(0w0)/ball has 30 seconds left.
|
|t:|1750776959
|-terastallize|p1a: Incineroar|Ghost
|move|p1a: Incineroar|Fake Out|p2b: Gastrodon
|-damage|p2b: Gastrodon|90/100
|move|p1b: Miraidon|Electro Drift|p2a: Kyogre
|-supereffective|p2a: Kyogre
|-damage|p2a: Kyogre|0 fnt
|faint|p2a: Kyogre
|cant|p2b: Gastrodon|flinch
|
|-weather|RainDance|[upkeep]
|-heal|p2b: Gastrodon|96/100|[from] item: Leftovers
|upkeep
|turn|7
|
|t:|1750776973
|switch|p1b: Lunala|Lunala, L50|26/100
|move|p1a: Incineroar|U-turn|p2b: Gastrodon
|-damage|p2b: Gastrodon|78/100
|
|t:|1750776978
|switch|p1a: Miraidon|Miraidon, L50|100/100|[from] U-turn
|-activate|p1a: Miraidon|ability: Hadron Engine
|move|p2b: Gastrodon|Earth Power|p1b: Lunala
|-damage|p1b: Lunala|2/100
|
|-weather|RainDance|[upkeep]
|-heal|p1b: Lunala|8/100|[from] item: Leftovers
|-heal|p2b: Gastrodon|84/100|[from] item: Leftovers
|upkeep
|turn|8
|
|t:|1750776990
|move|p1a: Miraidon|Draco Meteor|p2b: Gastrodon
|-damage|p2b: Gastrodon|0 fnt
|-unboost|p1a: Miraidon|spa|2
|faint|p2b: Gastrodon
|
|win|poke\(0w0)/ball
|raw|poke\(0w0)&#x2f;ball's rating: 1356 &rarr; <strong>1375</strong><br />(+19 for winning)
|raw|walreinoverme's rating: 1345 &rarr; <strong>1326</strong><br />(-19 for losing)
|l|☆walreinoverme
|player|p2|
|l|☆poke\(0w0)/ball
|player|p1|
