|j|☆Kuroketts
|j|☆yorknew testers
|t:|1750708754
|gametype|doubles
|player|p1|Kuroketts|shadowtriad|1006
|player|p2|yorknew testers|265|1000
|teamsize|p1|6
|teamsize|p2|6
|gen|9
|tier|[Gen 9] VGC 2025 Reg I
|rated|
|rule|Species Clause: Limit one of each Pokémon
|rule|Item Clause: Limit 1 of each item
|clearpoke
|poke|p1|Weezing-Galar, L50, M|
|poke|p1|Miraidon, L50|
|poke|p1|Solgaleo, L50|
|poke|p1|Indeedee-F, L50, F|
|poke|p1|Arboliva, L50, F|
|poke|p1|Pelipper, L50, M|
|poke|p2|Barraskewda, L50, M|
|poke|p2|Iron Treads, L50|
|poke|p2|Klefki, L50, F|
|poke|p2|Kilowattrel, L50, F|
|poke|p2|Kingambit, L50, F|
|poke|p2|Slither Wing, L50|
|teampreview|4
|
|t:|1750708786
|start
|switch|p1a: Indeedee|Indeedee-F, L50, F|100/100
|switch|p1b: Pelipper|Pelipper, L50, M|100/100
|switch|p2a: Iron Treads|Iron Treads, L50|100/100
|switch|p2b: Kilowattrel|Kilowattrel, L50, F|100/100
|-weather|RainDance|[from] ability: Drizzle|[of] p1b: Pelipper
|-fieldstart|move: Psychic Terrain|[from] ability: Psychic Surge|[of] p1a: Indeedee
|-enditem|p2a: Iron Treads|Booster Energy
|-activate|p2a: Iron Treads|ability: Quark Drive|[fromitem]
|-start|p2a: Iron Treads|quarkdrivespe
|turn|1
|
|t:|1750708837
|switch|p1b: Arboliva|Arboliva, L50, F|100/100
|move|p1a: Indeedee|Follow Me|p1a: Indeedee
|-singleturn|p1a: Indeedee|move: Follow Me
|move|p2a: Iron Treads|Steel Roller|p1a: Indeedee
|-damage|p1a: Indeedee|47/100
|-fieldend|move: Psychic Terrain
|move|p2b: Kilowattrel|Discharge|p1b: Arboliva|[spread] p1a,p1b
|-immune|p2a: Iron Treads
|-resisted|p1b: Arboliva
|-damage|p1a: Indeedee|23/100
|-damage|p1b: Arboliva|92/100
|-fieldstart|move: Grassy Terrain|[from] ability: Seed Sower|[of] p1b: Arboliva
|
|-weather|RainDance|[upkeep]
|-heal|p1a: Indeedee|29/100|[from] Grassy Terrain
|-heal|p1b: Arboliva|98/100|[from] Grassy Terrain
|upkeep
|turn|2
|
|t:|1750708878
|move|p1b: Arboliva|Protect|p1b: Arboliva
|-singleturn|p1b: Arboliva|Protect
|move|p2a: Iron Treads|Steel Roller|p1b: Arboliva
|-activate|p1b: Arboliva|move: Protect
|move|p2b: Kilowattrel|Tailwind|p2b: Kilowattrel
|-sidestart|p2: yorknew testers|move: Tailwind
|move|p1a: Indeedee|Trick|p2a: Iron Treads
|-activate|p1a: Indeedee|move: Trick|[of] p2a: Iron Treads
|-item|p2a: Iron Treads|Lagging Tail|[from] move: Trick
|-enditem|p1a: Indeedee|Lagging Tail|[silent]|[from] move: Trick
|
|-weather|RainDance|[upkeep]
|-heal|p1a: Indeedee|34/100|[from] Grassy Terrain
|-heal|p1b: Arboliva|100/100|[from] Grassy Terrain
|upkeep
|turn|3
|
|t:|1750708915
|move|p2b: Kilowattrel|Discharge|p1b: Arboliva|[spread] p1a,p1b
|-immune|p2a: Iron Treads
|-resisted|p1b: Arboliva
|-damage|p1a: Indeedee|12/100
|-damage|p1b: Arboliva|92/100
|-status|p1a: Indeedee|par
|-status|p1b: Arboliva|par
|move|p1a: Indeedee|Psychic|p2a: Iron Treads
|-resisted|p2a: Iron Treads
|-damage|p2a: Iron Treads|79/100
|move|p1b: Arboliva|Weather Ball|p2a: Iron Treads
|-supereffective|p2a: Iron Treads
|-damage|p2a: Iron Treads|0 fnt
|faint|p2a: Iron Treads
|-end|p2a: Iron Treads|Quark Drive|[silent]
|
|-weather|RainDance|[upkeep]
|-heal|p1a: Indeedee|18/100 par|[from] Grassy Terrain
|-heal|p1b: Arboliva|98/100 par|[from] Grassy Terrain
|upkeep
|
|t:|1750708932
|switch|p2a: Slither Wing|Slither Wing, L50|100/100
|turn|4
|
|t:|1750708945
|move|p1b: Arboliva|Protect|p1b: Arboliva
|-singleturn|p1b: Arboliva|Protect
|move|p2a: Slither Wing|First Impression|p1b: Arboliva
|-activate|p1b: Arboliva|move: Protect
|move|p2b: Kilowattrel|Discharge|p1b: Arboliva|[spread] p2a,p1a
|-activate|p1b: Arboliva|move: Protect
|-crit|p1a: Indeedee
|-damage|p2a: Slither Wing|79/100
|-damage|p1a: Indeedee|0 fnt
|-status|p2a: Slither Wing|par
|faint|p1a: Indeedee
|
|-weather|RainDance|[upkeep]
|-heal|p2a: Slither Wing|85/100 par|[from] Grassy Terrain
|-heal|p1b: Arboliva|100/100 par|[from] Grassy Terrain
|upkeep
|
|t:|1750708962
|switch|p1a: Pelipper|Pelipper, L50, M|100/100
|turn|5
|
|t:|1750708980
|-terastallize|p1b: Arboliva|Stellar
|move|p2b: Kilowattrel|Protect|p2b: Kilowattrel
|-singleturn|p2b: Kilowattrel|Protect
|move|p1a: Pelipper|Wide Guard|p1a: Pelipper
|-singleturn|p1a: Pelipper|Wide Guard
|cant|p2a: Slither Wing|par
|move|p1b: Arboliva|Earth Power|p2a: Slither Wing
|-resisted|p2a: Slither Wing
|-damage|p2a: Slither Wing|63/100 par
|
|-weather|none
|-heal|p2a: Slither Wing|69/100 par|[from] Grassy Terrain
|-sideend|p2: yorknew testers|move: Tailwind
|-fieldend|move: Grassy Terrain
|upkeep
|turn|6
|
|t:|1750708999
|switch|p1a: Weezing|Weezing-Galar, L50, M|100/100
|-fieldstart|move: Misty Terrain|[from] ability: Misty Surge|[of] p1a: Weezing
|cant|p1b: Arboliva|par
|move|p2b: Kilowattrel|Tailwind|p2b: Kilowattrel
|-sidestart|p2: yorknew testers|move: Tailwind
|move|p2a: Slither Wing|U-turn|p1b: Arboliva
|-supereffective|p1b: Arboliva
|-damage|p1b: Arboliva|26/100 par
|-fieldstart|move: Grassy Terrain|[from] ability: Seed Sower|[of] p1b: Arboliva
|
|t:|1750709014
|-end|p2a: Slither Wing|Protosynthesis|[silent]
|switch|p2a: Kingambit|Kingambit, L50, F|100/100|[from] U-turn
|
|-heal|p1b: Arboliva|32/100 par|[from] Grassy Terrain
|upkeep
|turn|7
|
|t:|1750709075
|move|p2a: Kingambit|Protect|p2a: Kingambit
|-singleturn|p2a: Kingambit|Protect
|move|p2b: Kilowattrel|Discharge|p1b: Arboliva|[spread] p1a,p1b
|-activate|p2a: Kingambit|move: Protect
|-resisted|p1b: Arboliva
|-damage|p1a: Weezing|74/100
|-damage|p1b: Arboliva|23/100 par
|-status|p1a: Weezing|par
|cant|p1a: Weezing|par
|move|p1b: Arboliva|Weather Ball|p2a: Kingambit
|-activate|p2a: Kingambit|move: Protect
|
|-heal|p1a: Weezing|80/100 par|[from] Grassy Terrain
|-heal|p1b: Arboliva|29/100 par|[from] Grassy Terrain
|upkeep
|turn|8
|
|t:|1750709108
|switch|p1b: Pelipper|Pelipper, L50, M|100/100
|-weather|RainDance|[from] ability: Drizzle|[of] p1b: Pelipper
|-terastallize|p2a: Kingambit|Fairy
|move|p2b: Kilowattrel|Feather Dance|p1a: Weezing
|-unboost|p1a: Weezing|atk|2
|move|p2a: Kingambit|Kowtow Cleave|p1b: Pelipper
|-damage|p1b: Pelipper|27/100
|move|p1a: Weezing|Sunny Day|p1a: Weezing
|-weather|SunnyDay
|
|-weather|SunnyDay|[upkeep]
|-heal|p1a: Weezing|86/100 par|[from] Grassy Terrain
|upkeep
|turn|9
|
|t:|1750709143
|move|p2b: Kilowattrel|Feather Dance|p1a: Weezing
|-unboost|p1a: Weezing|atk|2
|move|p2a: Kingambit|Kowtow Cleave|p1b: Pelipper
|-damage|p1b: Pelipper|0 fnt
|faint|p1b: Pelipper
|cant|p1a: Weezing|par
|
|-weather|SunnyDay|[upkeep]
|-heal|p1a: Weezing|92/100 par|[from] Grassy Terrain
|-sideend|p2: yorknew testers|move: Tailwind
|upkeep
|
|t:|1750709156
|switch|p1b: Arboliva|Arboliva, L50, F, tera:Stellar|29/100 par
|turn|10
|
|t:|1750709174
|move|p2b: Kilowattrel|Feather Dance|p1a: Weezing
|-unboost|p1a: Weezing|atk|2
|move|p2a: Kingambit|Tera Blast|p1b: Arboliva|[anim] Tera Blast Fairy
|-damage|p1b: Arboliva|0 fnt
|faint|p1b: Arboliva
|move|p1a: Weezing|Sludge Bomb|p2a: Kingambit
|-supereffective|p2a: Kingambit
|-damage|p2a: Kingambit|30/100
|
|-weather|SunnyDay|[upkeep]
|-heal|p2a: Kingambit|36/100|[from] Grassy Terrain
|-heal|p1a: Weezing|98/100 par|[from] Grassy Terrain
|-fieldend|move: Grassy Terrain
|upkeep
|turn|11
|
|t:|1750709204
|move|p2a: Kingambit|Protect|p2a: Kingambit
|-singleturn|p2a: Kingambit|Protect
|move|p2b: Kilowattrel|Discharge|p1a: Weezing|[spread] p1a
|-activate|p2a: Kingambit|move: Protect
|-damage|p1a: Weezing|71/100 par
|move|p1a: Weezing|Sludge Bomb|p2a: Kingambit
|-activate|p2a: Kingambit|move: Protect
|
|-weather|SunnyDay|[upkeep]
|upkeep
|turn|12
|
|t:|1750709230
|move|p2b: Kilowattrel|Feather Dance|p1a: Weezing
|-unboost|p1a: Weezing|atk|0
|move|p2a: Kingambit|Kowtow Cleave|p1a: Weezing
|-resisted|p1a: Weezing
|-damage|p1a: Weezing|45/100 par
|-enditem|p1a: Weezing|Sitrus Berry|[eat]
|-heal|p1a: Weezing|70/100 par|[from] item: Sitrus Berry
|move|p1a: Weezing|Sludge Bomb|p2a: Kingambit
|-supereffective|p2a: Kingambit
|-damage|p2a: Kingambit|0 fnt
|faint|p2a: Kingambit
|
|-weather|none
|upkeep
|
|t:|1750709248
|switch|p2a: Slither Wing|Slither Wing, L50|69/100 par
|turn|13
|
|t:|1750709267
|move|p1a: Weezing|Protect|p1a: Weezing
|-singleturn|p1a: Weezing|Protect
|move|p2a: Slither Wing|First Impression|p1a: Weezing
|-activate|p1a: Weezing|move: Protect
|move|p2b: Kilowattrel|Tailwind|p2b: Kilowattrel
|-sidestart|p2: yorknew testers|move: Tailwind
|
|upkeep
|turn|14
|
|t:|1750709284
|cant|p2a: Slither Wing|par
|move|p2b: Kilowattrel|Discharge|p1a: Weezing|[spread] p2a,p1a
|-damage|p2a: Slither Wing|46/100 par
|-damage|p1a: Weezing|45/100 par
|-enditem|p2a: Slither Wing|Sitrus Berry|[eat]
|-heal|p2a: Slither Wing|71/100 par|[from] item: Sitrus Berry
|move|p1a: Weezing|Sludge Bomb|p2a: Slither Wing
|-damage|p2a: Slither Wing|33/100 par
|
|upkeep
|turn|15
|
|t:|1750709298
|cant|p2a: Slither Wing|par
|move|p1a: Weezing|Protect|p1a: Weezing
|-singleturn|p1a: Weezing|Protect
|move|p2b: Kilowattrel|Discharge|p1a: Weezing|[spread] p2a
|-activate|p1a: Weezing|move: Protect
|-damage|p2a: Slither Wing|9/100 par
|
|upkeep
|turn|16
|
|t:|1750709308
|move|p2a: Slither Wing|Protect|p2a: Slither Wing
|-singleturn|p2a: Slither Wing|Protect
|move|p2b: Kilowattrel|Discharge|p1a: Weezing|[spread] p1a
|-activate|p2a: Slither Wing|move: Protect
|-damage|p1a: Weezing|18/100 par
|move|p1a: Weezing|Sludge Bomb|p2b: Kilowattrel
|-damage|p2b: Kilowattrel|45/100
|
|-sideend|p2: yorknew testers|move: Tailwind
|upkeep
|turn|17
|
|t:|1750709323
|move|p2b: Kilowattrel|Protect|p2b: Kilowattrel
|-singleturn|p2b: Kilowattrel|Protect
|move|p1a: Weezing|Protect|p1a: Weezing
|-singleturn|p1a: Weezing|Protect
|move|p2a: Slither Wing|U-turn|p1a: Weezing
|-activate|p1a: Weezing|move: Protect
|
|upkeep
|turn|18
|
|t:|1750709335
|move|p2a: Slither Wing|Protect|p2a: Slither Wing
|-singleturn|p2a: Slither Wing|Protect
|move|p2b: Kilowattrel|Discharge|p1a: Weezing|[spread] p1a
|-activate|p2a: Slither Wing|move: Protect
|-damage|p1a: Weezing|0 fnt
|faint|p1a: Weezing
|
|win|yorknew testers
|raw|Kuroketts's rating: 1006 &rarr; <strong>1000</strong><br />(-6 for losing)
|raw|yorknew testers's rating: 1000 &rarr; <strong>1041</strong><br />(+41 for winning)
