|j|☆Dixonkr
|j|☆A_AstroFakemons
|t:|1750824476
|gametype|doubles
|player|p1|Dixonkr|lady|1223
|player|p2|A_AstroFakemons|kieran-champion|1220
|teamsize|p1|6
|teamsize|p2|4
|gen|9
|tier|[Gen 9] VGC 2025 Reg I
|rated|
|rule|Species Clause: Limit one of each Pokémon
|rule|Item Clause: Limit 1 of each item
|clearpoke
|poke|p1|Calyrex-Shadow, L50|
|poke|p1|Miraidon, L50|
|poke|p1|Incineroar, L50, F|
|poke|p1|Farigiraf, L50, F|
|poke|p1|Whimsicott, L50, F|
|poke|p1|Urshifu-*, L50, M|
|poke|p2|Terapagos, L50, M|
|poke|p2|Calyrex-Ice, L50|
|poke|p2|Hakamo-o, L50, M|
|poke|p2|Weezing-Galar, L50, M|
|teampreview|4
|inactive|Battle timer is ON: inactive players will automatically lose when time's up. (requested by Dixonkr)
|inactive|A_AstroFakemons also wants the timer to be on.
|inactive|Dixonkr has 60 seconds left.
|
|t:|1750824532
|start
|switch|p1a: Calyrex|Calyrex-Shadow, L50|100/100
|switch|p1b: Whimsicott|Whimsicott, L50, F|100/100
|switch|p2a: Rex and Valguero|Calyrex-Ice, L50|100/100
|switch|p2b: Kid Sensei|Hakamo-o, L50, M|100/100
|-ability|p1a: Calyrex|As One
|-ability|p1a: Calyrex|Unnerve
|-ability|p2a: Rex and Valguero|As One
|-ability|p2a: Rex and Valguero|Unnerve
|turn|1
|inactive|A_AstroFakemons has 30 seconds left.
|inactive|A_AstroFakemons has 20 seconds left.
|inactive|A_AstroFakemons has 15 seconds left.
|
|t:|1750824575
|move|p1a: Calyrex|Astral Barrage|p2b: Kid Sensei|[spread] p2a,p2b
|-supereffective|p2a: Rex and Valguero
|-damage|p2a: Rex and Valguero|34/100
|-damage|p2b: Kid Sensei|56/100
|move|p1b: Whimsicott|Moonblast|p2b: Kid Sensei
|-supereffective|p2b: Kid Sensei
|-damage|p2b: Kid Sensei|0 fnt
|faint|p2b: Kid Sensei
|move|p2a: Rex and Valguero|Glacial Lance|p1a: Calyrex|[spread] p1a,p1b
|-supereffective|p1b: Whimsicott
|-damage|p1a: Calyrex|32/100
|-damage|p1b: Whimsicott|0 fnt
|faint|p1b: Whimsicott
|-ability|p2a: Rex and Valguero|Chilling Neigh|boost
|-boost|p2a: Rex and Valguero|atk|1
|
|upkeep
|
|t:|1750824596
|switch|p1b: Farigiraf|Farigiraf, L50, F|100/100
|switch|p2b: Paldea|Terapagos, L50, M|100/100
|-activate|p2b: Paldea|ability: Tera Shift
|detailschange|p2b: Paldea|Terapagos-Terastal, L50, M
|-heal|p2b: Paldea|100/100|[silent]
|turn|2
|
|t:|1750824621
|move|p2a: Rex and Valguero|Protect|p2a: Rex and Valguero
|-singleturn|p2a: Rex and Valguero|Protect
|move|p1a: Calyrex|Astral Barrage|p2b: Paldea|[spread] 
|-activate|p2a: Rex and Valguero|move: Protect
|-immune|p2b: Paldea
|move|p2b: Paldea|Calm Mind|p2b: Paldea
|-boost|p2b: Paldea|spa|1
|-boost|p2b: Paldea|spd|1
|move|p1b: Farigiraf|Foul Play|p2b: Paldea
|-activate|p2b: Paldea|ability: Tera Shell
|-resisted|p2b: Paldea
|-damage|p2b: Paldea|94/100
|
|-heal|p2b: Paldea|99/100|[from] item: Leftovers
|upkeep
|turn|3
|inactive|A_AstroFakemons has 30 seconds left.
|inactive|A_AstroFakemons has 20 seconds left.
|
|t:|1750824659
|move|p1a: Calyrex|Astral Barrage|p2b: Paldea|[spread] p2a
|-immune|p2b: Paldea
|-supereffective|p2a: Rex and Valguero
|-damage|p2a: Rex and Valguero|0 fnt
|faint|p2a: Rex and Valguero
|-ability|p1a: Calyrex|Grim Neigh|boost
|-boost|p1a: Calyrex|spa|1
|move|p2b: Paldea|Calm Mind|p2b: Paldea
|-boost|p2b: Paldea|spa|1
|-boost|p2b: Paldea|spd|1
|move|p1b: Farigiraf|Psychic|p2b: Paldea
|-damage|p2b: Paldea|88/100
|-unboost|p2b: Paldea|spd|1
|
|-heal|p2b: Paldea|94/100|[from] item: Leftovers
|upkeep
|
|t:|1750824674
|switch|p2a: Smoker and Gus|Weezing-Galar, L50, M, shiny|100/100
|-fieldstart|move: Misty Terrain|[from] ability: Misty Surge|[of] p2a: Smoker and Gus
|turn|4
|
|t:|1750824686
|move|p2b: Paldea|Protect|p2b: Paldea
|-singleturn|p2b: Paldea|Protect
|move|p1a: Calyrex|Psychic|p2a: Smoker and Gus
|-supereffective|p2a: Smoker and Gus
|-crit|p2a: Smoker and Gus
|-damage|p2a: Smoker and Gus|0 fnt
|faint|p2a: Smoker and Gus
|-ability|p1a: Calyrex|Grim Neigh|boost
|-boost|p1a: Calyrex|spa|1
|move|p1b: Farigiraf|Psychic|p2b: Paldea
|-activate|p2b: Paldea|move: Protect
|
|-heal|p2b: Paldea|99/100|[from] item: Leftovers
|upkeep
|turn|5
|
|t:|1750824706
|move|p1a: Calyrex|Psychic|p2b: Paldea
|-damage|p2b: Paldea|42/100
|move|p2b: Paldea|Earth Power|p1a: Calyrex
|-damage|p1a: Calyrex|0 fnt
|faint|p1a: Calyrex
|move|p1b: Farigiraf|Psychic|p2b: Paldea
|-damage|p2b: Paldea|26/100
|
|-heal|p2b: Paldea|32/100|[from] item: Leftovers
|upkeep
|
|t:|1750824717
|switch|p1a: Miraidon|Miraidon, L50|100/100
|-fieldstart|move: Electric Terrain|[from] ability: Hadron Engine|[of] p1a: Miraidon
|-enditem|p1b: Farigiraf|Electric Seed
|-boost|p1b: Farigiraf|def|1|[from] item: Electric Seed
|turn|6
|
|t:|1750824727
|move|p2b: Paldea|Protect|p2b: Paldea
|-singleturn|p2b: Paldea|Protect
|move|p1a: Miraidon|Electro Drift|p2b: Paldea
|-activate|p2b: Paldea|move: Protect
|move|p1b: Farigiraf|Psychic|p2b: Paldea
|-activate|p2b: Paldea|move: Protect
|
|-heal|p2b: Paldea|37/100|[from] item: Leftovers
|upkeep
|turn|7
|
|t:|1750824741
|-terastallize|p2b: Paldea|Stellar
|detailschange|p2b: Paldea|Terapagos-Stellar, L50, M, tera:Stellar
|-heal|p2b: Paldea|53/100|[silent]
|-ability|p2b: Paldea|Teraform Zero
|-fieldend|move: Electric Terrain
|move|p1a: Miraidon|Electro Drift|p2b: Paldea
|-damage|p2b: Paldea|23/100
|move|p2b: Paldea|Earth Power|p1a: Miraidon
|-supereffective|p1a: Miraidon
|-damage|p1a: Miraidon|0 fnt
|faint|p1a: Miraidon
|move|p1b: Farigiraf|Psychic|p2b: Paldea
|-damage|p2b: Paldea|11/100
|
|-heal|p2b: Paldea|17/100|[from] item: Leftovers
|upkeep
|turn|8
|inactive|Dixonkr has 30 seconds left.
|
|t:|1750824772
|move|p2b: Paldea|Calm Mind|p2b: Paldea
|-boost|p2b: Paldea|spa|1
|-boost|p2b: Paldea|spd|1
|move|p1b: Farigiraf|Psychic|p2b: Paldea
|-damage|p2b: Paldea|7/100
|
|-heal|p2b: Paldea|13/100|[from] item: Leftovers
|upkeep
|turn|9
|
|t:|1750824781
|move|p2b: Paldea|Protect|p2b: Paldea
|-singleturn|p2b: Paldea|Protect
|move|p1b: Farigiraf|Psychic|p2b: Paldea
|-activate|p2b: Paldea|move: Protect
|
|-heal|p2b: Paldea|19/100|[from] item: Leftovers
|upkeep
|turn|10
|
|t:|1750824789
|move|p2b: Paldea|Calm Mind|p2b: Paldea
|-boost|p2b: Paldea|spa|1
|-boost|p2b: Paldea|spd|1
|move|p1b: Farigiraf|Psychic|p2b: Paldea
|-damage|p2b: Paldea|12/100
|-unboost|p2b: Paldea|spd|1
|
|-heal|p2b: Paldea|18/100|[from] item: Leftovers
|upkeep
|turn|11
|
|t:|1750824800
|move|p2b: Paldea|Protect|p2b: Paldea
|-singleturn|p2b: Paldea|Protect
|move|p1b: Farigiraf|Psychic|p2b: Paldea
|-activate|p2b: Paldea|move: Protect
|
|-heal|p2b: Paldea|24/100|[from] item: Leftovers
|upkeep
|turn|12
|
|t:|1750824809
|move|p2b: Paldea|Calm Mind|p2b: Paldea
|-boost|p2b: Paldea|spa|1
|-boost|p2b: Paldea|spd|1
|move|p1b: Farigiraf|Psychic|p2b: Paldea
|-damage|p2b: Paldea|15/100
|
|-heal|p2b: Paldea|21/100|[from] item: Leftovers
|upkeep
|turn|13
|
|t:|1750824819
|move|p2b: Paldea|Protect|p2b: Paldea
|-singleturn|p2b: Paldea|Protect
|move|p1b: Farigiraf|Psychic|p2b: Paldea
|-activate|p2b: Paldea|move: Protect
|
|-heal|p2b: Paldea|27/100|[from] item: Leftovers
|upkeep
|turn|14
|c|☆A_AstroFakemons|Im so sorry
|c|☆A_AstroFakemons|But i just wanna win rn
|
|t:|1750824837
|move|p2b: Paldea|Tera Starstorm|p1b: Farigiraf
|-damage|p1b: Farigiraf|0 fnt
|faint|p1b: Farigiraf
|
|win|A_AstroFakemons
|raw|Dixonkr's rating: 1223 &rarr; <strong>1198</strong><br />(-25 for losing)
|raw|A_AstroFakemons's rating: 1220 &rarr; <strong>1245</strong><br />(+25 for winning)
|l|☆Dixonkr
|player|p1|
|j| that1willow
|l| that1willow
|j| sheepie_sheep
|l| sheepie_sheep
|l|☆A_AstroFakemons
|player|p2|
