|j|☆scarysam6
|j|☆Dakimakura69
|t:|1750856262
|gametype|doubles
|player|p1|scarysam6|miku-flying|1393
|player|p2|Dakimakura69|cynthia|1425
|teamsize|p1|6
|teamsize|p2|6
|gen|9
|tier|[Gen 9] VGC 2025 Reg I
|rated|
|rule|Species Clause: Limit one of each Pokémon
|rule|Item Clause: Limit 1 of each item
|clearpoke
|poke|p1|Miraidon, L50|
|poke|p1|Calyrex-Ice, L50|
|poke|p1|Farigiraf, L50, F|
|poke|p1|Ursaluna, L50, F|
|poke|p1|Ogerpon-Cornerstone, L50, F|
|poke|p1|Iron Hands, L50|
|poke|p2|Lunala, L50|
|poke|p2|Koraidon, L50|
|poke|p2|Flutter Mane, L50|
|poke|p2|Indeedee-F, L50, F|
|poke|p2|Ogerpon-Cornerstone, L50, F|
|poke|p2|Chi-Yu, L50|
|teampreview|4
Dakimakura69 rejected open team sheets.
|inactive|Battle timer is ON: inactive players will automatically lose when time's up. (requested by Dakimakura69)
|c|☆Dakimakura69|i am tired of seeing this restricted duo xD
|c|☆scarysam6|fr tho
|inactive|Dakimakura69 has 60 seconds left.
|
|t:|1750856320
|start
|switch|p1a: Bikle|Miraidon, L50|100/100
|switch|p1b: Frgafrafdafrafgaf|Farigiraf, L50, F|100/100
|switch|p2a: Lunala|Lunala, L50|100/100
|switch|p2b: Ogerpon|Ogerpon-Cornerstone, L50, F|100/100
|-fieldstart|move: Electric Terrain|[from] ability: Hadron Engine|[of] p1a: Bikle
|-enditem|p1b: Frgafrafdafrafgaf|Electric Seed
|-boost|p1b: Frgafrafdafrafgaf|def|1|[from] item: Electric Seed
|turn|1
|
|t:|1750856338
|switch|p2b: Indeedee|Indeedee-F, L50, F|100/100
|-fieldstart|move: Psychic Terrain|[from] ability: Psychic Surge|[of] p2b: Indeedee
|move|p2a: Lunala|Meteor Beam||[still]
|-prepare|p2a: Lunala|Meteor Beam
|-boost|p2a: Lunala|spa|1
|-enditem|p2a: Lunala|Power Herb
|-anim|p2a: Lunala|Meteor Beam|p1a: Bikle
|-damage|p1a: Bikle|46/100
|move|p1a: Bikle|Volt Switch|p2a: Lunala
|-damage|p2a: Lunala|80/100
|
|t:|1750856353
|switch|p1a: BEAR|Ursaluna, L50, F|100/100|[from] Volt Switch
|move|p1b: Frgafrafdafrafgaf|Trick Room|p1b: Frgafrafdafrafgaf
|-fieldstart|move: Trick Room|[of] p1b: Frgafrafdafrafgaf
|
|-status|p1a: BEAR|brn|[from] item: Flame Orb
|upkeep
|turn|2
|inactive|Dakimakura69 has 30 seconds left.
|inactive|Dakimakura69 has 20 seconds left.
|
|t:|1750856389
|move|p1b: Frgafrafdafrafgaf|Helping Hand|p1a: BEAR
|-singleturn|p1a: BEAR|Helping Hand|[of] p1b: Frgafrafdafrafgaf
|move|p2a: Lunala|Protect|p2a: Lunala
|-singleturn|p2a: Lunala|Protect
|move|p1a: BEAR|Headlong Rush|p2a: Lunala
|-activate|p2a: Lunala|move: Protect
|move|p2b: Indeedee|Trick Room|p2b: Indeedee
|-fieldend|move: Trick Room
|
|-damage|p1a: BEAR|95/100 brn|[from] brn
|upkeep
|turn|3
|
|t:|1750856407
|move|p2b: Indeedee|Helping Hand|p2a: Lunala
|-singleturn|p2a: Lunala|Helping Hand|[of] p2b: Indeedee
|move|p2a: Lunala|Expanding Force|p1b: Frgafrafdafrafgaf|[spread] p1a,p1b
|-resisted|p1b: Frgafrafdafrafgaf
|-damage|p1a: BEAR|0 fnt
|-damage|p1b: Frgafrafdafrafgaf|47/100
|faint|p1a: BEAR
|move|p1b: Frgafrafdafrafgaf|Trick Room|p1b: Frgafrafdafrafgaf
|-fieldstart|move: Trick Room|[of] p1b: Frgafrafdafrafgaf
|
|upkeep
|
|t:|1750856415
|switch|p1a: SlowHonse|Calyrex-Ice, L50|100/100
|-ability|p1a: SlowHonse|As One
|-ability|p1a: SlowHonse|Unnerve
|turn|4
|inactive|Dakimakura69 has 30 seconds left.
|inactive|Dakimakura69 has 20 seconds left.
|
|t:|1750856454
|-terastallize|p1a: SlowHonse|Fire
|-terastallize|p2a: Lunala|Water
|move|p1b: Frgafrafdafrafgaf|Helping Hand|p1a: SlowHonse
|-singleturn|p1a: SlowHonse|Helping Hand|[of] p1b: Frgafrafdafrafgaf
|move|p2b: Indeedee|Helping Hand|p2a: Lunala
|-singleturn|p2a: Lunala|Helping Hand|[of] p2b: Indeedee
|move|p1a: SlowHonse|Glacial Lance|p2a: Lunala|[spread] p2a,p2b
|-resisted|p2a: Lunala
|-damage|p2a: Lunala|42/100
|-damage|p2b: Indeedee|17/100
|move|p2a: Lunala|Expanding Force|p1a: SlowHonse|[spread] p1a,p1b
|-resisted|p1b: Frgafrafdafrafgaf
|-damage|p1a: SlowHonse|6/100
|-damage|p1b: Frgafrafdafrafgaf|0 fnt
|faint|p1b: Frgafrafdafrafgaf
|
|upkeep
|inactive|scarysam6 has 30 seconds left.
|c|☆scarysam6|u have some very specific counters for this matchup
|
|t:|1750856485
|switch|p1b: Bikle|Miraidon, L50|46/100
|-fieldstart|move: Electric Terrain|[from] ability: Hadron Engine|[of] p1b: Bikle
|turn|5
|c|☆Dakimakura69|feel my resentment XD
|c|☆scarysam6|XD
|inactive|Dakimakura69 has 30 seconds left.
|inactive|Dakimakura69 has 20 seconds left.
|inactive|Dakimakura69 has 15 seconds left.
|inactive|Dakimakura69 has 10 seconds left.
|inactive|Dakimakura69 has 5 seconds left.
|
|t:|1750856536
|move|p2b: Indeedee|Follow Me|p2b: Indeedee
|-singleturn|p2b: Indeedee|move: Follow Me
|move|p1a: SlowHonse|Glacial Lance|p2b: Indeedee|[spread] p2a,p2b
|-resisted|p2a: Lunala
|-damage|p2a: Lunala|14/100
|-damage|p2b: Indeedee|0 fnt
|faint|p2b: Indeedee
|-ability|p1a: SlowHonse|Chilling Neigh|boost
|-boost|p1a: SlowHonse|atk|1
|move|p1b: Bikle|Electro Drift|p2a: Lunala
|-supereffective|p2a: Lunala
|-damage|p2a: Lunala|0 fnt
|faint|p2a: Lunala
|
|upkeep
|c|☆Dakimakura69|ah what
|c|☆Dakimakura69|your bike is slower than my lunala D:
|
|t:|1750856555
|switch|p2b: Koraidon|Koraidon, L50|100/100
|switch|p2a: Ogerpon|Ogerpon-Cornerstone, L50, F|100/100
|-weather|SunnyDay|[from] ability: Orichalcum Pulse|[of] p2b: Koraidon
|-activate|p2b: Koraidon|Orichalcum Pulse|[source]
|turn|6
|c|☆scarysam6|I was suprised to
|c|☆scarysam6|its very fast
|inactive|Dakimakura69 has 30 seconds left.
|
|t:|1750856584
|move|p2a: Ogerpon|Spiky Shield|p2a: Ogerpon
|-singleturn|p2a: Ogerpon|move: Protect
|move|p2b: Koraidon|Protect|p2b: Koraidon
|-singleturn|p2b: Koraidon|Protect
|move|p1a: SlowHonse|Glacial Lance|p2a: Ogerpon|[spread] 
|-activate|p2a: Ogerpon|move: Protect
|-activate|p2b: Koraidon|move: Protect
|move|p1b: Bikle|Electro Drift|p2a: Ogerpon
|-activate|p2a: Ogerpon|move: Protect
|-damage|p1b: Bikle|34/100|[from] Spiky Shield|[of] p2a: Ogerpon
|
|-weather|SunnyDay|[upkeep]
|upkeep
|turn|7
|c|☆Dakimakura69|lets see what I can do here
|c|☆Dakimakura69|i am in a pickle
|inactive|Dakimakura69 has 30 seconds left.
|c|☆scarysam6|I thought I was gonna lose
|inactive|Dakimakura69 has 20 seconds left.
|c|☆scarysam6|i feel like if ur koraidon does the double protect then u win
|inactive|Dakimakura69 has 15 seconds left.
|inactive|Dakimakura69 has 10 seconds left.
|
|t:|1750856633
|move|p2a: Ogerpon|Follow Me|p2a: Ogerpon
|-singleturn|p2a: Ogerpon|move: Follow Me
|move|p1a: SlowHonse|Glacial Lance|p2a: Ogerpon|[spread] p2a,p2b
|-supereffective|p2a: Ogerpon
|-supereffective|p2b: Koraidon
|-ability|p2a: Ogerpon|Sturdy
|-damage|p2a: Ogerpon|1/100
|-damage|p2b: Koraidon|0 fnt
|faint|p2b: Koraidon
|-ability|p1a: SlowHonse|Chilling Neigh|boost
|-boost|p1a: SlowHonse|atk|1
|move|p1b: Bikle|Electro Drift|p2a: Ogerpon
|-resisted|p2a: Ogerpon
|-damage|p2a: Ogerpon|0 fnt
|faint|p2a: Ogerpon
|
|win|scarysam6
|raw|scarysam6's rating: 1393 &rarr; <strong>1415</strong><br />(+22 for winning)
|raw|Dakimakura69's rating: 1425 &rarr; <strong>1403</strong><br />(-22 for losing)
|c|☆scarysam6|ggs
|c|☆Dakimakura69|what
|c|☆scarysam6|that was good
|l|☆scarysam6
|player|p1|
|c|☆Dakimakura69|koraidon just dies D:
|c|☆Dakimakura69|ah man
