|j|☆Honored1
|j|☆Auragami
|t:|1750881176
|gametype|doubles
|player|p1|Honored1|silver|
|player|p2|Auragami|burglar|
|teamsize|p1|6
|teamsize|p2|6
|gen|9
|tier|[Gen 9] VGC 2025 Reg I
|rule|Species Clause: Limit one of each Pokémon
|rule|Item Clause: Limit 1 of each item
|clearpoke
|poke|p1|Calyrex-Ice, L50|
|poke|p1|Miraidon, L50|
|poke|p1|Grimmsnarl, L50, M|
|poke|p1|Urshifu-*, L50, M|
|poke|p1|Infernape, L50, F|
|poke|p1|Landorus, L50, M|
|poke|p2|Slowking, L50, M|
|poke|p2|Weezing-Galar, L50, F|
|poke|p2|Baxcalibur, L50, M|
|poke|p2|Kyogre, L50|
|poke|p2|Indeedee-F, L50, F|
|poke|p2|Smeargle, L50, M|
|teampreview|4
|l|☆Auragami
|player|p2|
|j|☆Auragami
|player|p2|Auragami|burglar|
|
|t:|1750881237
|start
|switch|p1a: Infernape|Infernape, L50, F|100/100
|switch|p1b: Urshifu|Urshifu-Rapid-Strike, L50, M|100/100
|switch|p2a: LOL GG?|Smeargle, L50, M, shiny|100/100
|switch|p2b: CIG WHALE|Kyogre, L50|100/100
|-weather|RainDance|[from] ability: Drizzle|[of] p2b: CIG WHALE
|turn|1
|l|☆Auragami
|player|p2|
|j|☆Auragami
|player|p2|Auragami|burglar|
|
|t:|1750881330
|move|p2a: LOL GG?|Fake Out|p1b: Urshifu
|-damage|p1b: Urshifu|96/100
|move|p2b: CIG WHALE|Origin Pulse|p1a: Infernape|[spread] p1a,p1b
|-supereffective|p1a: Infernape
|-resisted|p1b: Urshifu
|-damage|p1a: Infernape|0 fnt
|-damage|p1b: Urshifu|58/100
|faint|p1a: Infernape
|cant|p1b: Urshifu|flinch
|
|-weather|RainDance|[upkeep]
|-ability|p2a: LOL GG?|Moody|boost
|-boost|p2a: LOL GG?|spe|2
|-unboost|p2a: LOL GG?|atk|1
|upkeep
|
|t:|1750881343
|switch|p1a: Miraidon|Miraidon, L50|100/100
|-fieldstart|move: Electric Terrain|[from] ability: Hadron Engine|[of] p1a: Miraidon
|turn|2
|
|t:|1750881357
|switch|p2b: THIS IS MY LINT|Weezing-Galar, L50, F|100/100
|-ability|p2b: THIS IS MY LINT|Neutralizing Gas
|move|p2a: LOL GG?|Spore|p1a: Miraidon
|-activate|p1a: Miraidon|move: Electric Terrain
|move|p1a: Miraidon|Volt Switch|p2b: THIS IS MY LINT
|-damage|p2b: THIS IS MY LINT|40/100
|
|t:|1750881367
|switch|p1a: Calyrex|Calyrex-Ice, L50|100/100|[from] Volt Switch
|-ability|p1a: Calyrex|As One
|-ability|p1a: Calyrex|Unnerve
|move|p1b: Urshifu|U-turn|p2a: LOL GG?
|-damage|p2a: LOL GG?|14/100
|
|t:|1750881375
|switch|p1b: Miraidon|Miraidon, L50|100/100|[from] U-turn
|
|-weather|RainDance|[upkeep]
|upkeep
|turn|3
|
|t:|1750881389
|-terastallize|p2b: THIS IS MY LINT|Normal
|move|p2a: LOL GG?|Follow Me|p2a: LOL GG?
|-singleturn|p2a: LOL GG?|move: Follow Me
|move|p1b: Miraidon|Dazzling Gleam|p2b: THIS IS MY LINT|[spread] p2a,p2b
|-damage|p2a: LOL GG?|0 fnt
|-damage|p2b: THIS IS MY LINT|14/100
|faint|p2a: LOL GG?
|move|p2b: THIS IS MY LINT|Explosion|p1a: Calyrex|[spread] p1a,p1b
|-damage|p1a: Calyrex|48/100
|-damage|p1b: Miraidon|31/100
|faint|p2b: THIS IS MY LINT
|-end|p2b: THIS IS MY LINT|ability: Neutralizing Gas
|-activate|p1b: Miraidon|ability: Hadron Engine
|move|p1a: Calyrex|Leech Seed|p2: LOL GG?|[notarget]
|-fail|p1a: Calyrex
|
|-weather|RainDance|[upkeep]
|-heal|p1a: Calyrex|54/100|[from] item: Leftovers
|upkeep
|
|t:|1750881408
|switch|p2a: RRR DEM|Baxcalibur, L50, M|100/100
|switch|p2b: CIG WHALE|Kyogre, L50|100/100
|turn|4
|
|t:|1750881428
|-terastallize|p1b: Miraidon|Fairy
|move|p2b: CIG WHALE|Origin Pulse|p1b: Miraidon|[spread] p1a,p1b
|-damage|p1a: Calyrex|15/100
|-damage|p1b: Miraidon|0 fnt
|faint|p1b: Miraidon
|move|p2a: RRR DEM|Scale Shot|p1a: Calyrex
|-damage|p1a: Calyrex|5/100
|-damage|p1a: Calyrex|0 fnt
|faint|p1a: Calyrex
|-hitcount|p1: Calyrex|2
|-unboost|p2a: RRR DEM|def|1
|-boost|p2a: RRR DEM|spe|1
|
|-weather|RainDance|[upkeep]
|upkeep
|
|t:|1750881443
|switch|p1a: Urshifu|Urshifu-Rapid-Strike, L50, M|58/100
|turn|5
|
|t:|1750881454
|move|p2b: CIG WHALE|Origin Pulse|p1a: Urshifu
|-resisted|p1a: Urshifu
|-damage|p1a: Urshifu|3/100
|move|p2a: RRR DEM|Scale Shot|p1a: Urshifu
|-damage|p1a: Urshifu|0 fnt
|faint|p1a: Urshifu
|-hitcount|p1: Urshifu|1
|
|win|Auragami
