|j|☆Bodoque31
|j|☆SnorlaxPikachu1
|t:|1750868898
|gametype|doubles
|player|p1|Bodoque31|skyla|1133
|player|p2|SnorlaxPikachu1|palmer|1225
|teamsize|p1|6
|teamsize|p2|6
|gen|9
|tier|[Gen 9] VGC 2025 Reg I
|rated|
|rule|Species Clause: Limit one of each Pokémon
|rule|Item Clause: Limit 1 of each item
|clearpoke
|poke|p1|Miraidon, L50|
|poke|p1|Zamazenta-*, L50|
|poke|p1|Riolu, L50, M|
|poke|p1|Chi-Yu, L50|
|poke|p1|Rillaboom, L50, M|
|poke|p1|Ditto, L50|
|poke|p2|Calyrex-Ice, L50|
|poke|p2|Smeargle, L50, F|
|poke|p2|Pelipper, L50, F|
|poke|p2|Miraidon, L50|
|poke|p2|Farigiraf, L50, M|
|poke|p2|Incineroar, L50, F|
|teampreview|4
|inactive|Battle timer is ON: inactive players will automatically lose when time's up. (requested by Bodoque31)
Bodoque31 rejected open team sheets.
|
|t:|1750868925
|start
|switch|p1a: Dante|Zamazenta-Crowned, L50, shiny|100/100
|switch|p1b: Lucas|Riolu, L50, M, shiny|100/100
|switch|p2a: Smeargle|Smeargle, L50, F|100/100
|switch|p2b: Calyrex|Calyrex-Ice, L50|100/100
|-ability|p2b: Calyrex|As One
|-ability|p2b: Calyrex|Unnerve
|-ability|p1a: Dante|Dauntless Shield|boost
|-boost|p1a: Dante|def|1
|turn|1
|
|t:|1750868937
|move|p1b: Lucas|Quick Guard|p1b: Lucas
|-singleturn|p1b: Lucas|Quick Guard
|move|p1a: Dante|Body Press|p2a: Smeargle
|-supereffective|p2a: Smeargle
|-enditem|p2a: Smeargle|Focus Sash
|-damage|p2a: Smeargle|1/100
|move|p2a: Smeargle|Decorate|p2b: Calyrex
|-boost|p2b: Calyrex|atk|2
|-boost|p2b: Calyrex|spa|2
|move|p2b: Calyrex|Glacial Lance|p1b: Lucas|[spread] p1a,p1b
|-resisted|p1a: Dante
|-damage|p1a: Dante|77/100
|-enditem|p1b: Lucas|Focus Sash
|-damage|p1b: Lucas|1/100
|
|-ability|p2a: Smeargle|Moody|boost
|-boost|p2a: Smeargle|def|2
|-unboost|p2a: Smeargle|spe|1
|upkeep
|turn|2
|
|t:|1750868957
|-terastallize|p2a: Smeargle|Ghost
|move|p1b: Lucas|Coaching|p1a: Dante
|-boost|p1a: Dante|atk|1
|-boost|p1a: Dante|def|1
|move|p1a: Dante|Body Press|p2b: Calyrex
|-damage|p2b: Calyrex|37/100
|move|p2a: Smeargle|Decorate|p2b: Calyrex
|-boost|p2b: Calyrex|atk|2
|-boost|p2b: Calyrex|spa|2
|move|p2b: Calyrex|High Horsepower|p1a: Dante
|-supereffective|p1a: Dante
|-damage|p1a: Dante|7/100
|
|-ability|p2a: Smeargle|Moody|boost
|-boost|p2a: Smeargle|atk|2
|-unboost|p2a: Smeargle|spe|1
|upkeep
|turn|3
|
|t:|1750868972
|move|p2a: Smeargle|Follow Me|p2a: Smeargle
|-singleturn|p2a: Smeargle|move: Follow Me
|move|p1b: Lucas|Coaching|p1a: Dante
|-boost|p1a: Dante|atk|1
|-boost|p1a: Dante|def|1
|move|p1a: Dante|Body Press|p2a: Smeargle
|-immune|p2a: Smeargle
|move|p2b: Calyrex|Glacial Lance|p1b: Lucas|[spread] p1a,p1b
|-resisted|p1a: Dante
|-damage|p1a: Dante|0 fnt
|-damage|p1b: Lucas|0 fnt
|faint|p1a: Dante
|faint|p1b: Lucas
|-ability|p2b: Calyrex|Chilling Neigh|boost
|-boost|p2b: Calyrex|atk|2
|
|-ability|p2a: Smeargle|Moody|boost
|-boost|p2a: Smeargle|spa|2
|-unboost|p2a: Smeargle|spd|1
|upkeep
|
|t:|1750868977
|switch|p1a: Sandwich|Miraidon, L50|100/100
|switch|p1b: Maestra Picsis|Chi-Yu, L50|100/100
|-ability|p1b: Maestra Picsis|Beads of Ruin
|-fieldstart|move: Electric Terrain|[from] ability: Hadron Engine|[of] p1a: Sandwich
|turn|4
|
|t:|1750868995
|move|p2a: Smeargle|Follow Me|p2a: Smeargle
|-singleturn|p2a: Smeargle|move: Follow Me
|move|p1b: Maestra Picsis|Snarl|p2b: Calyrex|[spread] p2a,p2b
|-supereffective|p2a: Smeargle
|-supereffective|p2b: Calyrex
|-damage|p2a: Smeargle|0 fnt
|-damage|p2b: Calyrex|11/100
|-unboost|p2b: Calyrex|spa|1
|faint|p2a: Smeargle
|move|p1a: Sandwich|Dazzling Gleam|p2b: Calyrex
|-crit|p2b: Calyrex
|-damage|p2b: Calyrex|0 fnt
|faint|p2b: Calyrex
|
|upkeep
|
|t:|1750869000
|switch|p2a: Miraidon|Miraidon, L50|100/100
|switch|p2b: Incineroar|Incineroar, L50, F|100/100
|-activate|p2a: Miraidon|ability: Hadron Engine
|-ability|p2b: Incineroar|Intimidate|boost
|-unboost|p1a: Sandwich|atk|1
|-unboost|p1b: Maestra Picsis|atk|1
|turn|5
|
|t:|1750869020
|-terastallize|p1b: Maestra Picsis|Ground
|move|p2b: Incineroar|Fake Out|p1a: Sandwich
|-damage|p1a: Sandwich|90/100
|move|p2a: Miraidon|Electro Drift|p1b: Maestra Picsis
|-immune|p1b: Maestra Picsis
|move|p1b: Maestra Picsis|Snarl|p2a: Miraidon|[spread] p2a,p2b
|-resisted|p2b: Incineroar
|-damage|p2a: Miraidon|75/100
|-damage|p2b: Incineroar|87/100
|-unboost|p2a: Miraidon|spa|1
|-unboost|p2b: Incineroar|spa|1
|cant|p1a: Sandwich|flinch
|
|upkeep
|turn|6
|
|t:|1750869030
|move|p2a: Miraidon|Electro Drift|p1a: Sandwich
|-resisted|p1a: Sandwich
|-damage|p1a: Sandwich|72/100
|move|p1b: Maestra Picsis|Snarl|p2a: Miraidon|[spread] p2a,p2b
|-resisted|p2b: Incineroar
|-damage|p2a: Miraidon|48/100
|-damage|p2b: Incineroar|73/100
|-unboost|p2a: Miraidon|spa|1
|-unboost|p2b: Incineroar|spa|1
|move|p1a: Sandwich|Dazzling Gleam|p2a: Miraidon|[spread] p2a,p2b
|-supereffective|p2a: Miraidon
|-damage|p2a: Miraidon|0 fnt
|-damage|p2b: Incineroar|19/100
|faint|p2a: Miraidon
|move|p2b: Incineroar|Knock Off|p1b: Maestra Picsis
|-damage|p1b: Maestra Picsis|42/100
|-enditem|p1b: Maestra Picsis|Choice Scarf|[from] move: Knock Off|[of] p2b: Incineroar
|
|upkeep
|turn|7
|
|t:|1750869043
|move|p1a: Sandwich|Dazzling Gleam|p2b: Incineroar
|-damage|p2b: Incineroar|0 fnt
|faint|p2b: Incineroar
|
|win|Bodoque31
|raw|Bodoque31's rating: 1133 &rarr; <strong>1164</strong><br />(+31 for winning)
|raw|SnorlaxPikachu1's rating: 1225 &rarr; <strong>1194</strong><br />(-31 for losing)
|l|☆SnorlaxPikachu1
|player|p2|
|l|☆Bodoque31
|player|p1|
