|j|☆g_bizi
|j|☆klkir
|t:|1750820413
|gametype|doubles
|player|p1|g_bizi|ghetsis-gen5bw|1228
|player|p2|klkir|unknown|1232
|teamsize|p1|6
|teamsize|p2|6
|gen|9
|tier|[Gen 9] VGC 2025 Reg I
|rated|
|rule|Species Clause: Limit one of each Pokémon
|rule|Item Clause: Limit 1 of each item
|clearpoke
|poke|p1|Kyogre, L50|
|poke|p1|Archaludon, L50, M|
|poke|p1|Calyrex-Ice, L50|
|poke|p1|Tornadus, L50, M|
|poke|p1|Breloom, L50, M|
|poke|p1|Urshifu-*, L50, M|
|poke|p2|Calyrex-Shadow, L50|
|poke|p2|Terapagos, L50, M|
|poke|p2|Incineroar, L50, M|
|poke|p2|Ogerpon-Cornerstone, L50, F|
|poke|p2|Rillaboom, L50, M|
|poke|p2|Amoonguss, L50, M|
|teampreview|4
|inactive|Battle timer is ON: inactive players will automatically lose when time's up. (requested by klkir)
|inactive|g_bizi also wants the timer to be on.
klkir rejected open team sheets.
|inactive|g_bizi has 60 seconds left.
|
|t:|1750820461
|start
|switch|p1a: Breloom|Breloom, L50, M|100/100
|switch|p1b: Tornadus|Tornadus, L50, M|100/100
|switch|p2a: Rillaboom|Rillaboom, L50, M|100/100
|switch|p2b: Amoonguss|Amoonguss, L50, M|100/100
|-fieldstart|move: Grassy Terrain|[from] ability: Grassy Surge|[of] p2a: Rillaboom
|turn|1
|
|t:|1750820483
|move|p2a: Rillaboom|Fake Out|p1a: Breloom
|-damage|p1a: Breloom|85/100
|move|p1b: Tornadus|Bleakwind Storm|p2a: Rillaboom|[spread] p2b
|-miss|p1b: Tornadus|p2a: Rillaboom
|-supereffective|p2b: Amoonguss
|-damage|p2b: Amoonguss|46/100
|cant|p1a: Breloom|flinch
|move|p2b: Amoonguss|Spore|p1b: Tornadus
|-status|p1b: Tornadus|slp|[from] move: Spore
|
|-heal|p1a: Breloom|91/100|[from] Grassy Terrain
|-heal|p2b: Amoonguss|52/100|[from] Grassy Terrain
|-status|p1a: Breloom|tox|[from] item: Toxic Orb
|upkeep
|turn|2
|
|t:|1750820502
|cant|p1b: Tornadus|slp
|move|p2b: Amoonguss|Protect|p2b: Amoonguss
|-singleturn|p2b: Amoonguss|Protect
|move|p1a: Breloom|Fling|p2a: Rillaboom
|-damage|p2a: Rillaboom|92/100
|-status|p2a: Rillaboom|tox
|-enditem|p1a: Breloom|Toxic Orb|[from] move: Fling
|move|p2a: Rillaboom|Wood Hammer|p1b: Tornadus
|-resisted|p1b: Tornadus
|-damage|p1b: Tornadus|56/100 slp
|-damage|p2a: Rillaboom|80/100 tox|[from] Recoil
|
|-heal|p1a: Breloom|97/100 tox|[from] Grassy Terrain
|-heal|p2a: Rillaboom|86/100 tox|[from] Grassy Terrain
|-heal|p2b: Amoonguss|58/100|[from] Grassy Terrain
|-heal|p1a: Breloom|100/100 tox|[from] ability: Poison Heal
|-damage|p2a: Rillaboom|80/100 tox|[from] psn
|upkeep
|turn|3
|inactive|g_bizi has 30 seconds left.
|
|t:|1750820528
|switch|p2b: Incineroar|Incineroar, L50, M, shiny|100/100
|-ability|p2b: Incineroar|Intimidate|boost
|-unboost|p1a: Breloom|atk|1
|-unboost|p1b: Tornadus|atk|1
|move|p1a: Breloom|Protect|p1a: Breloom
|-singleturn|p1a: Breloom|Protect
|cant|p1b: Tornadus|slp
|move|p2a: Rillaboom|Wood Hammer|p1b: Tornadus
|-resisted|p1b: Tornadus
|-damage|p1b: Tornadus|13/100 slp
|-damage|p2a: Rillaboom|68/100 tox|[from] Recoil
|
|-heal|p2a: Rillaboom|73/100 tox|[from] Grassy Terrain
|-damage|p2a: Rillaboom|62/100 tox|[from] psn
|upkeep
|turn|4
|inactive|g_bizi has 30 seconds left.
|
|t:|1750820555
|switch|p1b: Kyogre|Kyogre, L50|100/100
|-weather|RainDance|[from] ability: Drizzle|[of] p1b: Kyogre
|switch|p2a: Amoonguss|Amoonguss, L50, M|91/100
|move|p2b: Incineroar|Fake Out|p1b: Kyogre
|-damage|p1b: Kyogre|91/100
|move|p1a: Breloom|Spore|p2b: Incineroar
|-activate|p2b: Incineroar|item: Safety Goggles|Spore
|
|-weather|RainDance|[upkeep]
|-heal|p1b: Kyogre|97/100|[from] Grassy Terrain
|-heal|p2a: Amoonguss|97/100|[from] Grassy Terrain
|upkeep
|turn|5
|
|t:|1750820578
|switch|p1a: Archaludon|Archaludon, L50, M, shiny|100/100
|move|p1b: Kyogre|Protect|p1b: Kyogre
|-singleturn|p1b: Kyogre|Protect
|move|p2b: Incineroar|Flare Blitz|p1a: Archaludon
|-damage|p1a: Archaludon|87/100
|-ability|p1a: Archaludon|Stamina|boost
|-boost|p1a: Archaludon|def|1
|-damage|p2b: Incineroar|96/100|[from] Recoil
|move|p2a: Amoonguss|Spore|p1b: Kyogre
|-activate|p1b: Kyogre|move: Protect
|
|-weather|RainDance|[upkeep]
|-heal|p1b: Kyogre|100/100|[from] Grassy Terrain
|-heal|p1a: Archaludon|93/100|[from] Grassy Terrain
|-heal|p2b: Incineroar|100/100|[from] Grassy Terrain
|-heal|p2a: Amoonguss|100/100|[from] Grassy Terrain
|-fieldend|move: Grassy Terrain
|upkeep
|turn|6
|
|t:|1750820598
|switch|p2b: Rillaboom|Rillaboom, L50, M|62/100 tox
|-fieldstart|move: Grassy Terrain|[from] ability: Grassy Surge|[of] p2b: Rillaboom
|move|p1b: Kyogre|Ice Beam|p2a: Amoonguss
|-supereffective|p2a: Amoonguss
|-damage|p2a: Amoonguss|43/100
|move|p1a: Archaludon|Electro Shot||[still]
|-prepare|p1a: Archaludon|Electro Shot
|-boost|p1a: Archaludon|spa|1
|-anim|p1a: Archaludon|Electro Shot|p2a: Amoonguss
|-resisted|p2a: Amoonguss
|-damage|p2a: Amoonguss|21/100
|move|p2a: Amoonguss|Spore|p1b: Kyogre
|-status|p1b: Kyogre|slp|[from] move: Spore
|
|-weather|RainDance|[upkeep]
|-heal|p2b: Rillaboom|68/100 tox|[from] Grassy Terrain
|-heal|p1a: Archaludon|99/100|[from] Grassy Terrain
|-heal|p2a: Amoonguss|27/100|[from] Grassy Terrain
|-damage|p2b: Rillaboom|62/100 tox|[from] psn
|upkeep
|turn|7
|
|t:|1750820619
|switch|p1b: Tornadus|Tornadus, L50, M|13/100 slp
|-terastallize|p1a: Archaludon|Ghost
|move|p2a: Amoonguss|Protect|p2a: Amoonguss
|-singleturn|p2a: Amoonguss|Protect
|move|p2b: Rillaboom|Wood Hammer|p1b: Tornadus
|-resisted|p1b: Tornadus
|-damage|p1b: Tornadus|0 fnt
|faint|p1b: Tornadus
|-damage|p2b: Rillaboom|58/100 tox|[from] Recoil
|move|p1a: Archaludon|Electro Shot||[still]
|-prepare|p1a: Archaludon|Electro Shot
|-boost|p1a: Archaludon|spa|1
|-anim|p1a: Archaludon|Electro Shot|p2a: Amoonguss
|-activate|p2a: Amoonguss|move: Protect
|
|-weather|RainDance|[upkeep]
|-heal|p2b: Rillaboom|64/100 tox|[from] Grassy Terrain
|-heal|p1a: Archaludon|100/100|[from] Grassy Terrain
|-heal|p2a: Amoonguss|33/100|[from] Grassy Terrain
|-damage|p2b: Rillaboom|53/100 tox|[from] psn
|upkeep
|
|t:|1750820629
|switch|p1b: Kyogre|Kyogre, L50|100/100 slp
|turn|8
|inactive|klkir has 30 seconds left.
|
|t:|1750820659
|switch|p1b: Breloom|Breloom, L50, M|100/100 tox
|switch|p2a: Incineroar|Incineroar, L50, M, shiny|100/100
|-ability|p2a: Incineroar|Intimidate|boost
|-unboost|p1a: Archaludon|atk|1
|-unboost|p1b: Breloom|atk|1
|move|p2b: Rillaboom|Wood Hammer|p1b: Breloom
|-resisted|p1b: Breloom
|-damage|p1b: Breloom|50/100 tox
|-damage|p2b: Rillaboom|40/100 tox|[from] Recoil
|move|p1a: Archaludon|Electro Shot||[still]
|-prepare|p1a: Archaludon|Electro Shot
|-boost|p1a: Archaludon|spa|1
|-anim|p1a: Archaludon|Electro Shot|p2a: Incineroar
|-damage|p2a: Incineroar|25/100
|
|-weather|none
|-heal|p1b: Breloom|56/100 tox|[from] Grassy Terrain
|-heal|p2b: Rillaboom|45/100 tox|[from] Grassy Terrain
|-heal|p2a: Incineroar|31/100|[from] Grassy Terrain
|-heal|p1b: Breloom|68/100 tox|[from] ability: Poison Heal
|-damage|p2b: Rillaboom|28/100 tox|[from] psn
|upkeep
|turn|9
|inactive|g_bizi has 30 seconds left.
|inactive|klkir has 30 seconds left.
|inactive|klkir has 20 seconds left.
|
|t:|1750820699
|move|p1b: Breloom|Protect|p1b: Breloom
|-singleturn|p1b: Breloom|Protect
|move|p2a: Incineroar|Fake Out|p1a: Archaludon
|-immune|p1a: Archaludon
|move|p2b: Rillaboom|U-turn|p1b: Breloom
|-activate|p1b: Breloom|move: Protect
|move|p1a: Archaludon|Electro Shot||[still]
|-prepare|p1a: Archaludon|Electro Shot
|-boost|p1a: Archaludon|spa|1
|
|-heal|p1b: Breloom|74/100 tox|[from] Grassy Terrain
|-heal|p2b: Rillaboom|34/100 tox|[from] Grassy Terrain
|-heal|p2a: Incineroar|37/100|[from] Grassy Terrain
|-heal|p1b: Breloom|86/100 tox|[from] ability: Poison Heal
|-damage|p2b: Rillaboom|11/100 tox|[from] psn
|upkeep
|turn|10
|inactive|klkir has 30 seconds left.
|
|t:|1750820726
|switch|p1b: Kyogre|Kyogre, L50|100/100 slp
|-weather|RainDance|[from] ability: Drizzle|[of] p1b: Kyogre
|switch|p2b: Terapagos|Terapagos, L50, M|100/100
|-activate|p2b: Terapagos|ability: Tera Shift
|detailschange|p2b: Terapagos|Terapagos-Terastal, L50, M
|-heal|p2b: Terapagos|100/100|[silent]
|move|p1a: Archaludon|Electro Shot|p2a: Incineroar|[from] lockedmove
|-damage|p2a: Incineroar|0 fnt
|faint|p2a: Incineroar
|
|-weather|RainDance|[upkeep]
|-fieldend|move: Grassy Terrain
|upkeep
|
|t:|1750820741
|switch|p2a: Rillaboom|Rillaboom, L50, M|11/100 tox
|-fieldstart|move: Grassy Terrain|[from] ability: Grassy Surge|[of] p2a: Rillaboom
|turn|11
|inactive|g_bizi has 30 seconds left.
|
|t:|1750820769
|switch|p1b: Breloom|Breloom, L50, M|86/100 tox
|move|p2a: Rillaboom|Fake Out|p1a: Archaludon
|-immune|p1a: Archaludon
|move|p2b: Terapagos|Calm Mind|p2b: Terapagos
|-boost|p2b: Terapagos|spa|1
|-boost|p2b: Terapagos|spd|1
|move|p1a: Archaludon|Electro Shot||[still]
|-prepare|p1a: Archaludon|Electro Shot
|-boost|p1a: Archaludon|spa|1
|-anim|p1a: Archaludon|Electro Shot|p2b: Terapagos
|-activate|p2b: Terapagos|ability: Tera Shell
|-resisted|p2b: Terapagos
|-damage|p2b: Terapagos|66/100
|
|-weather|RainDance|[upkeep]
|-heal|p1b: Breloom|93/100 tox|[from] Grassy Terrain
|-heal|p2b: Terapagos|72/100|[from] Grassy Terrain
|-heal|p2b: Terapagos|78/100|[from] item: Leftovers
|-heal|p2a: Rillaboom|16/100 tox|[from] Grassy Terrain
|-heal|p1b: Breloom|100/100 tox|[from] ability: Poison Heal
|-damage|p2a: Rillaboom|11/100 tox|[from] psn
|upkeep
|turn|12
|inactive|klkir has 30 seconds left.
|inactive|klkir has 20 seconds left.
|inactive|klkir has 15 seconds left.
|
|t:|1750820811
|switch|p2a: Amoonguss|Amoonguss, L50, M|66/100
|move|p2b: Terapagos|Protect|p2b: Terapagos
|-singleturn|p2b: Terapagos|Protect
|move|p1b: Breloom|Spore|p2b: Terapagos
|-activate|p2b: Terapagos|move: Protect
|move|p1a: Archaludon|Electro Shot||[still]
|-prepare|p1a: Archaludon|Electro Shot
|-boost|p1a: Archaludon|spa|1
|-anim|p1a: Archaludon|Electro Shot|p2b: Terapagos
|-activate|p2b: Terapagos|move: Protect
|
|-weather|RainDance|[upkeep]
|-heal|p2b: Terapagos|84/100|[from] Grassy Terrain
|-heal|p2b: Terapagos|91/100|[from] item: Leftovers
|-heal|p2a: Amoonguss|72/100|[from] Grassy Terrain
|upkeep
|turn|13
|inactive|g_bizi has 30 seconds left.
|inactive|klkir has 30 seconds left.
|
|t:|1750820846
|-terastallize|p2b: Terapagos|Stellar
|detailschange|p2b: Terapagos|Terapagos-Stellar, L50, M, tera:Stellar
|-heal|p2b: Terapagos|93/100|[silent]
|-ability|p2b: Terapagos|Teraform Zero
|-weather|none
|-fieldend|move: Grassy Terrain
|move|p1b: Breloom|Protect|p1b: Breloom
|-singleturn|p1b: Breloom|Protect
|move|p2b: Terapagos|Tera Starstorm|p1a: Archaludon|[spread] p1a
|-activate|p1b: Breloom|move: Protect
|-supereffective|p1a: Archaludon
|-damage|p1a: Archaludon|38/100
|-ability|p1a: Archaludon|Stamina|boost
|-boost|p1a: Archaludon|def|1
|move|p1a: Archaludon|Draco Meteor|p2b: Terapagos
|-damage|p2b: Terapagos|6/100
|-unboost|p1a: Archaludon|spa|2
|move|p2a: Amoonguss|Spore|p1a: Archaludon
|-status|p1a: Archaludon|slp|[from] move: Spore
|
|-heal|p2b: Terapagos|12/100|[from] item: Leftovers
|upkeep
|turn|14
|inactive|g_bizi has 30 seconds left.
|inactive|g_bizi has 20 seconds left.
|
|t:|1750820885
|move|p2b: Terapagos|Protect|p2b: Terapagos
|-singleturn|p2b: Terapagos|Protect
|move|p1b: Breloom|Bullet Seed|p2b: Terapagos
|-activate|p2b: Terapagos|move: Protect
|cant|p1a: Archaludon|slp
|move|p2a: Amoonguss|Pollen Puff|p2b: Terapagos
|-activate|p2b: Terapagos|move: Protect
|
|-heal|p2b: Terapagos|18/100|[from] item: Leftovers
|upkeep
|turn|15
|inactive|klkir has 30 seconds left.
|
|t:|1750820912
|move|p1b: Breloom|Bullet Seed|p2b: Terapagos
|-damage|p2b: Terapagos|12/100
|-damage|p2b: Terapagos|6/100
|-damage|p2b: Terapagos|0 fnt
|faint|p2b: Terapagos
|detailschange|p2: Terapagos|Terapagos, L50, M|[silent]
|-hitcount|p2: Terapagos|3
|cant|p1a: Archaludon|slp
|move|p2a: Amoonguss|Pollen Puff|p2: Terapagos|[notarget]
|-fail|p2a: Amoonguss
|
|upkeep
|
|t:|1750820921
|switch|p2b: Rillaboom|Rillaboom, L50, M|11/100 tox
|-fieldstart|move: Grassy Terrain|[from] ability: Grassy Surge|[of] p2b: Rillaboom
|turn|16
|
|t:|1750820935
|move|p2b: Rillaboom|Fake Out|p1b: Breloom
|-damage|p1b: Breloom|82/100 tox
|cant|p1b: Breloom|flinch
|-curestatus|p1a: Archaludon|slp|[msg]
|move|p1a: Archaludon|Draco Meteor|p2a: Amoonguss
|-damage|p2a: Amoonguss|0 fnt
|-unboost|p1a: Archaludon|spa|2
|faint|p2a: Amoonguss
|
|-heal|p1b: Breloom|88/100 tox|[from] Grassy Terrain
|-heal|p2b: Rillaboom|16/100 tox|[from] Grassy Terrain
|-heal|p1a: Archaludon|44/100|[from] Grassy Terrain
|-heal|p1b: Breloom|99/100 tox|[from] ability: Poison Heal
|-damage|p2b: Rillaboom|11/100 tox|[from] psn
|upkeep
|turn|17
|
|t:|1750820947
|move|p1b: Breloom|Bullet Seed|p2b: Rillaboom
|-resisted|p2b: Rillaboom
|-damage|p2b: Rillaboom|4/100 tox
|-resisted|p2b: Rillaboom
|-crit|p2b: Rillaboom
|-damage|p2b: Rillaboom|0 fnt
|faint|p2b: Rillaboom
|-hitcount|p2: Rillaboom|2
|
|win|g_bizi
|raw|g_bizi's rating: 1228 &rarr; <strong>1253</strong><br />(+25 for winning)
|raw|klkir's rating: 1232 &rarr; <strong>1207</strong><br />(-25 for losing)
|l|☆klkir
|player|p2|
|l|☆g_bizi
|player|p1|
