|j|☆ougobi
|j|☆Dan1eLG
|t:|1750860276
|gametype|doubles
|player|p1|ougobi|169|1417
|player|p2|Dan1eLG|crasherwake|1475
|teamsize|p1|6
|teamsize|p2|6
|gen|9
|tier|[Gen 9] VGC 2025 Reg I
|rated|
|rule|Species Clause: Limit one of each Pokémon
|rule|Item Clause: Limit 1 of each item
|clearpoke
|poke|p1|Raging Bolt, L50|
|poke|p1|Volcarona, L50, F|
|poke|p1|Incineroar, L50, F|
|poke|p1|Miraidon, L50|
|poke|p1|Rillaboom, L50, M|
|poke|p1|Lunala, L50|
|poke|p2|Muk-Alola, L50, F|
|poke|p2|Smeargle, L50, F|
|poke|p2|Flamigo, L50, F|
|poke|p2|Calyrex-Shadow, L50|
|poke|p2|Rillaboom, L50, F|
|poke|p2|Eternatus, L50|
|teampreview|4
|
|t:|1750860285
|start
|switch|p1a: Miraidon|Miraidon, L50|100/100
|switch|p1b: Lunala|Lunala, L50|100/100
|switch|p2a: Muk|Muk-Alola, L50, F|100/100
|switch|p2b: Smeargle|Smeargle, L50, F|100/100
|-fieldstart|move: Electric Terrain|[from] ability: Hadron Engine|[of] p1a: Miraidon
|-enditem|p1b: Lunala|Electric Seed
|-boost|p1b: Lunala|def|1|[from] item: Electric Seed
|turn|1
|inactive|Battle timer is ON: inactive players will automatically lose when time's up. (requested by ougobi)
|j| bobhh
|
|t:|1750860298
|-terastallize|p1a: Miraidon|Electric
|move|p2b: Smeargle|Fake Out|p1a: Miraidon
|-damage|p1a: Miraidon|93/100
|move|p1b: Lunala|Wide Guard|p1b: Lunala
|-singleturn|p1b: Lunala|Wide Guard
|cant|p1a: Miraidon|flinch
|move|p2a: Muk|Minimize|p2a: Muk
|-boost|p2a: Muk|evasion|2
|
|-ability|p2b: Smeargle|Moody|boost
|-boost|p2b: Smeargle|spe|2
|-unboost|p2b: Smeargle|def|1
|upkeep
|turn|2
|
|t:|1750860315
|move|p1b: Lunala|Wide Guard|p1b: Lunala
|-singleturn|p1b: Lunala|Wide Guard
|move|p2b: Smeargle|Follow Me|p2b: Smeargle
|-singleturn|p2b: Smeargle|move: Follow Me
|move|p1a: Miraidon|Discharge|p2b: Smeargle|[spread] p2b
|-activate|p1b: Lunala|move: Wide Guard
|-miss|p1a: Miraidon|p2a: Muk
|-enditem|p2b: Smeargle|Focus Sash
|-damage|p2b: Smeargle|1/100
|-status|p2b: Smeargle|par
|move|p2a: Muk|Minimize|p2a: Muk
|-boost|p2a: Muk|evasion|2
|
|-ability|p2b: Smeargle|Moody|boost
|-boost|p2b: Smeargle|spa|2
|-unboost|p2b: Smeargle|atk|1
|upkeep
|turn|3
|
|t:|1750860332
|move|p1b: Lunala|Wide Guard|p1b: Lunala
|-singleturn|p1b: Lunala|Wide Guard
|move|p2b: Smeargle|Follow Me|p2b: Smeargle
|-singleturn|p2b: Smeargle|move: Follow Me
|move|p1a: Miraidon|Discharge|p2b: Smeargle|[spread] p2b
|-activate|p1b: Lunala|move: Wide Guard
|-miss|p1a: Miraidon|p2a: Muk
|-crit|p2b: Smeargle
|-damage|p2b: Smeargle|0 fnt
|faint|p2b: Smeargle
|-ability|p2a: Muk|Moody|[from] ability: Power of Alchemy|[of] p2b: Smeargle
|move|p2a: Muk|Minimize|p2a: Muk
|-boost|p2a: Muk|evasion|2
|
|-ability|p2a: Muk|Moody|boost
|-boost|p2a: Muk|def|2
|-unboost|p2a: Muk|atk|1
|upkeep
|
|t:|1750860351
|switch|p2b: Flamigo|Flamigo, L50, F|100/100
|-copyboost|p2b: Flamigo|p2a: Muk|[from] ability: Costar
|-enditem|p2b: Flamigo|White Herb
|-clearnegativeboost|p2b: Flamigo|[silent]
|turn|4
|c|☆ougobi|man
|
|t:|1750860362
|move|p2b: Flamigo|Wide Guard|p2b: Flamigo
|-singleturn|p2b: Flamigo|Wide Guard
|move|p1b: Lunala|Wide Guard|p1b: Lunala
|-singleturn|p1b: Lunala|Wide Guard
|move|p1a: Miraidon|Discharge|p2b: Flamigo|[spread] 
|-activate|p1b: Lunala|move: Wide Guard
|-activate|p2a: Muk|move: Wide Guard
|-activate|p2b: Flamigo|move: Wide Guard
|move|p2a: Muk|Knock Off|p1b: Lunala
|-supereffective|p1b: Lunala
|-damage|p1b: Lunala|81/100
|
|-ability|p2a: Muk|Moody|boost
|-boost|p2a: Muk|spe|2
|-unboost|p2a: Muk|spa|1
|upkeep
|turn|5
|
|t:|1750860379
|switch|p1a: Raging Bolt|Raging Bolt, L50|100/100
|-enditem|p1a: Raging Bolt|Booster Energy
|-activate|p1a: Raging Bolt|ability: Protosynthesis|[fromitem]
|-start|p1a: Raging Bolt|protosynthesisspa
|switch|p1b: Incineroar|Incineroar, L50, F|100/100
|-ability|p1b: Incineroar|Intimidate|boost
|-unboost|p2a: Muk|atk|1
|-unboost|p2b: Flamigo|atk|1
|move|p2b: Flamigo|Wide Guard|p2b: Flamigo
|-singleturn|p2b: Flamigo|Wide Guard
|move|p2a: Muk|Poison Gas|p1b: Incineroar|[spread] p1a,p1b
|-status|p1a: Raging Bolt|psn
|-status|p1b: Incineroar|psn
|
|-damage|p1b: Incineroar|88/100 psn|[from] psn
|-damage|p1a: Raging Bolt|88/100 psn|[from] psn
|-fieldend|move: Electric Terrain
|-ability|p2a: Muk|Moody|boost
|-boost|p2a: Muk|atk|2
|-unboost|p2a: Muk|spa|1
|upkeep
|turn|6
|inactive|Dan1eLG has 30 seconds left.
|
|t:|1750860413
|-terastallize|p2b: Flamigo|Steel
|move|p2a: Muk|Protect|p2a: Muk
|-singleturn|p2a: Muk|Protect
|move|p1b: Incineroar|Fake Out|p2a: Muk
|-activate|p2a: Muk|move: Protect
|move|p1a: Raging Bolt|Thunderclap|p2b: Flamigo|[miss]
|-miss|p1a: Raging Bolt|p2b: Flamigo
|move|p2b: Flamigo|Close Combat|p1b: Incineroar
|-supereffective|p1b: Incineroar
|-damage|p1b: Incineroar|18/100 psn
|-unboost|p2b: Flamigo|def|1
|-unboost|p2b: Flamigo|spd|1
|
|-damage|p1b: Incineroar|6/100 psn|[from] psn
|-damage|p1a: Raging Bolt|76/100 psn|[from] psn
|-ability|p2a: Muk|Moody|boost
|-boost|p2a: Muk|atk|2
|-unboost|p2a: Muk|spa|1
|upkeep
|turn|7
|inactive|ougobi has 30 seconds left.
|
|t:|1750860443
|switch|p1b: Lunala|Lunala, L50|81/100
|move|p2b: Flamigo|Detect|p2b: Flamigo
|-singleturn|p2b: Flamigo|Protect
|move|p2a: Muk|Knock Off|p1a: Raging Bolt
|-damage|p1a: Raging Bolt|31/100 psn
|move|p1a: Raging Bolt|Thunderbolt|p2b: Flamigo
|-activate|p2b: Flamigo|move: Protect
|
|-damage|p1a: Raging Bolt|19/100 psn|[from] psn
|-ability|p2a: Muk|Moody|boost
|-boost|p2a: Muk|spa|2
|-unboost|p2a: Muk|atk|1
|upkeep
|turn|8
|inactive|Dan1eLG has 30 seconds left.
|
|t:|1750860476
|-end|p1a: Raging Bolt|Protosynthesis|[silent]
|switch|p1a: Incineroar|Incineroar, L50, F|6/100 psn
|-ability|p1a: Incineroar|Intimidate|boost
|-unboost|p2a: Muk|atk|1
|-unboost|p2b: Flamigo|atk|1
|move|p2b: Flamigo|Acrobatics|p1b: Lunala
|-damage|p1b: Lunala|59/100
|move|p2a: Muk|Knock Off|p1b: Lunala
|-supereffective|p1b: Lunala
|-damage|p1b: Lunala|0 fnt
|faint|p1b: Lunala
|
|-damage|p1a: Incineroar|0 fnt|[from] psn
|faint|p1a: Incineroar
|-ability|p2a: Muk|Moody|boost
|-boost|p2a: Muk|spd|2
|-unboost|p2a: Muk|def|1
|upkeep
|
|t:|1750860490
|switch|p1b: Raging Bolt|Raging Bolt, L50|19/100 psn
|switch|p1a: Miraidon|Miraidon, L50, tera:Electric|93/100
|-fieldstart|move: Electric Terrain|[from] ability: Hadron Engine|[of] p1a: Miraidon
|turn|9
|
|t:|1750860498
|move|p2b: Flamigo|Detect|p2b: Flamigo
|-singleturn|p2b: Flamigo|Protect
|move|p2a: Muk|Protect|p2a: Muk
|-singleturn|p2a: Muk|Protect
|move|p1b: Raging Bolt|Thunderclap||[still]
|-fail|p1b: Raging Bolt
|move|p1a: Miraidon|Discharge|p2b: Flamigo|[spread] p1b
|-activate|p2a: Muk|move: Protect
|-activate|p2b: Flamigo|move: Protect
|-resisted|p1b: Raging Bolt
|-damage|p1b: Raging Bolt|5/100 psn
|
|-damage|p1b: Raging Bolt|0 fnt|[from] psn
|faint|p1b: Raging Bolt
|-end|p1b: Raging Bolt|Protosynthesis|[silent]
|-ability|p2a: Muk|Moody|boost
|-boost|p2a: Muk|spd|2
|-unboost|p2a: Muk|spa|1
|upkeep
|turn|10
|-message|ougobi forfeited.
|
|win|Dan1eLG
|raw|ougobi's rating: 1417 &rarr; <strong>1400</strong><br />(-17 for losing)
|raw|Dan1eLG's rating: 1475 &rarr; <strong>1492</strong><br />(+17 for winning)
|l|☆ougobi
|player|p1|
|l|☆Dan1eLG
|player|p2|
|l| bobhh
