|j|☆PepsiMaxmax
|j|☆arnav.shiv.khare
|t:|1750806926
|gametype|doubles
|player|p1|PepsiMaxmax|fisherman-gen4|1187
|player|p2|arnav.shiv.khare|hilda-wonderlauncher|1198
|teamsize|p1|6
|teamsize|p2|6
|gen|9
|tier|[Gen 9] VGC 2025 Reg I
|rated|
|rule|Species Clause: Limit one of each Pokémon
|rule|Item Clause: Limit 1 of each item
|clearpoke
|poke|p1|Sableye, L50, F|
|poke|p1|Necrozma-Dusk-Mane, L50|
|poke|p1|Electabuzz, L50, F|
|poke|p1|Palkia, L50|
|poke|p1|Fezandipiti, L50, M|
|poke|p1|Ursaluna, L50, M|
|poke|p2|Kyogre, L50|
|poke|p2|Archaludon, L50, F|
|poke|p2|Tornadus, L50, M|
|poke|p2|Incineroar, L50, M|
|poke|p2|Miraidon, L50|
|poke|p2|Sableye, L50, F|
|teampreview|4
|
|t:|1750806986
|start
|switch|p1a: The Goofy Bird|Fezandipiti, L50, M|100/100
|switch|p1b: The Cat|Necrozma-Dusk-Mane, L50|100/100
|switch|p2a: Sableye|Sableye, L50, F|100/100
|switch|p2b: Miraidon|Miraidon, L50|100/100
|-fieldstart|move: Electric Terrain|[from] ability: Hadron Engine|[of] p2b: Miraidon
|turn|1
|
|t:|1750807005
|move|p1a: The Goofy Bird|Protect|p1a: The Goofy Bird
|-singleturn|p1a: The Goofy Bird|Protect
|move|p1b: The Cat|Protect|p1b: The Cat
|-singleturn|p1b: The Cat|Protect
|move|p2a: Sableye|Reflect|p2a: Sableye
|-sidestart|p2: arnav.shiv.khare|Reflect
|move|p2b: Miraidon|Volt Switch|p1b: The Cat
|-activate|p1b: The Cat|move: Protect
|
|upkeep
|turn|2
|
|t:|1750807016
|-terastallize|p1b: The Cat|Ground
|move|p2a: Sableye|Encore|p1a: The Goofy Bird
|-start|p1a: The Goofy Bird|Encore
|move|p2b: Miraidon|Volt Switch|p1a: The Goofy Bird
|-damage|p1a: The Goofy Bird|26/100
|-enditem|p1a: The Goofy Bird|Sitrus Berry|[eat]
|-heal|p1a: The Goofy Bird|51/100|[from] item: Sitrus Berry
|
|t:|1750807022
|switch|p2b: Incineroar|Incineroar, L50, M|100/100|[from] Volt Switch
|-ability|p2b: Incineroar|Intimidate|boost
|-unboost|p1a: The Goofy Bird|atk|1
|-fail|p1b: The Cat|unboost|[from] item: Clear Amulet|[of] p1b: The Cat
|move|p1a: The Goofy Bird|Protect|p1a: The Goofy Bird
|-singleturn|p1a: The Goofy Bird|Protect
|move|p1b: The Cat|Trick Room|p1b: The Cat
|-fieldstart|move: Trick Room|[of] p1b: The Cat
|
|upkeep
|turn|3
|c|☆arnav.shiv.khare|gang
|c|☆arnav.shiv.khare|lock in
|
|t:|1750807040
|switch|p1b: The Thing|Palkia, L50|100/100
|switch|p1a: Ursaluna|Ursaluna, L50, M|100/100
|move|p2a: Sableye|Encore||[still]
|-fail|p2a: Sableye
|move|p2b: Incineroar|Flare Blitz|p1a: Ursaluna
|-damage|p1a: Ursaluna|65/100
|-damage|p2b: Incineroar|84/100|[from] Recoil
|
|-status|p1a: Ursaluna|brn|[from] item: Flame Orb
|upkeep
|turn|4
|
|t:|1750807067
|move|p2a: Sableye|Foul Play|p1a: Ursaluna
|-damage|p1a: Ursaluna|22/100 brn
|move|p1a: Ursaluna|Earthquake|p2a: Sableye|[spread] p2a,p2b
|-activate|p1b: The Thing|ability: Telepathy
|-supereffective|p2b: Incineroar
|-damage|p2a: Sableye|37/100
|-damage|p2b: Incineroar|0 fnt
|faint|p2b: Incineroar
|move|p1b: The Thing|Hydro Pump|p2a: Sableye
|-crit|p2a: Sableye
|-damage|p2a: Sableye|0 fnt
|faint|p2a: Sableye
|
|-damage|p1a: Ursaluna|17/100 brn|[from] brn
|upkeep
|
|t:|1750807078
|switch|p2a: Kyogre|Kyogre, L50|100/100
|switch|p2b: Miraidon|Miraidon, L50|100/100
|-activate|p2b: Miraidon|ability: Hadron Engine
|-weather|RainDance|[from] ability: Drizzle|[of] p2a: Kyogre
|turn|5
|c|☆arnav.shiv.khare|i do just lose though
|c|☆arnav.shiv.khare|gg
|-message|arnav.shiv.khare forfeited.
|
|win|PepsiMaxmax
|raw|PepsiMaxmax's rating: 1187 &rarr; <strong>1213</strong><br />(+26 for winning)
|raw|arnav.shiv.khare's rating: 1198 &rarr; <strong>1172</strong><br />(-26 for losing)
|l|☆arnav.shiv.khare
|player|p2|
|c|☆PepsiMaxmax|gg
|l|☆PepsiMaxmax
|player|p1|
