|j|☆badatthis123
|j|☆Kukino
|t:|1750829609
|gametype|doubles
|player|p1|badatthis123|wattson|1269
|player|p2|Kukino|wattson|1380
|teamsize|p1|6
|teamsize|p2|6
|gen|9
|tier|[Gen 9] VGC 2025 Reg I
|rated|
|rule|Species Clause: Limit one of each Pokémon
|rule|Item Clause: Limit 1 of each item
|clearpoke
|poke|p1|Ho-Oh, L50|
|poke|p1|Groudon, L50|
|poke|p1|Walking Wake, L50|
|poke|p1|Raging Bolt, L50|
|poke|p1|Kingambit, L50, M|
|poke|p1|Incineroar, L50, F|
|poke|p2|Zacian-*, L50|
|poke|p2|Ting-Lu, L50|
|poke|p2|Incineroar, L50, M|
|poke|p2|Thundurus, L50, M|
|poke|p2|Kyogre, L50|
|poke|p2|Annihilape, L50, F|
|teampreview|4
|inactive|Battle timer is ON: inactive players will automatically lose when time's up. (requested by badatthis123)
|inactive|Kukino also wants the timer to be on.
|inactive|badatthis123 has 60 seconds left.
|inactive|Kukino has 60 seconds left.
|
|t:|1750829647
|start
|switch|p1a: Ho-Oh|Ho-Oh, L50|100/100
|switch|p1b: Walking Wake|Walking Wake, L50|100/100
|switch|p2a: Zacian|Zacian-Crowned, L50|100/100
|switch|p2b: Thundurus|Thundurus, L50, M|100/100
|-ability|p2a: Zacian|Intrepid Sword|boost
|-boost|p2a: Zacian|atk|1
|turn|1
|inactive|Kukino has 30 seconds left.
|
|t:|1750829679
|-end|p1b: Walking Wake|Protosynthesis|[silent]
|switch|p1b: Groudon|Groudon, L50|100/100
|-weather|SunnyDay|[from] ability: Drought|[of] p1b: Groudon
|-terastallize|p2a: Zacian|Fire
|move|p2b: Thundurus|Eerie Impulse|p1b: Groudon
|-unboost|p1b: Groudon|spa|2
|move|p2a: Zacian|Play Rough|p1b: Groudon|[miss]
|-miss|p2a: Zacian|p1b: Groudon
|move|p1a: Ho-Oh|Sacred Fire|p2a: Zacian
|-resisted|p2a: Zacian
|-damage|p2a: Zacian|73/100
|
|-weather|SunnyDay|[upkeep]
|upkeep
|turn|2
|inactive|badatthis123 has 30 seconds left.
|inactive|Kukino has 30 seconds left.
|
|t:|1750829707
|switch|p2a: Kyogre|Kyogre, L50|100/100
|-weather|RainDance|[from] ability: Drizzle|[of] p2a: Kyogre
|move|p2b: Thundurus|Wildbolt Storm|p1a: Ho-Oh|[spread] p1a
|-immune|p1b: Groudon
|-supereffective|p1a: Ho-Oh
|-damage|p1a: Ho-Oh|64/100
|move|p1b: Groudon|Rock Slide|p2b: Thundurus|[spread] p2a,p2b
|-supereffective|p2b: Thundurus
|-damage|p2a: Kyogre|84/100
|-damage|p2b: Thundurus|59/100
|move|p1a: Ho-Oh|Tailwind|p1a: Ho-Oh
|-sidestart|p1: badatthis123|move: Tailwind
|
|-weather|RainDance|[upkeep]
|-heal|p2a: Kyogre|90/100|[from] item: Leftovers
|upkeep
|turn|3
|inactive|badatthis123 has 30 seconds left.
|inactive|Kukino has 30 seconds left.
|inactive|badatthis123 has 20 seconds left.
|
|t:|1750829742
|switch|p1a: Walking Wake|Walking Wake, L50|100/100
|switch|p2b: Incineroar|Incineroar, L50, M|100/100
|-ability|p2b: Incineroar|Intimidate|boost
|-unboost|p1a: Walking Wake|atk|1
|-unboost|p1b: Groudon|atk|1
|move|p1b: Groudon|Rock Slide|p2a: Kyogre|[spread] p2a,p2b
|-supereffective|p2b: Incineroar
|-damage|p2a: Kyogre|79/100
|-damage|p2b: Incineroar|71/100
|move|p2a: Kyogre|Origin Pulse|p1b: Groudon|[spread] p1a
|-miss|p2a: Kyogre|p1b: Groudon
|-resisted|p1a: Walking Wake
|-damage|p1a: Walking Wake|82/100
|
|-weather|RainDance|[upkeep]
|-heal|p2a: Kyogre|85/100|[from] item: Leftovers
|upkeep
|turn|4
|inactive|badatthis123 has 30 seconds left.
|inactive|badatthis123 has 20 seconds left.
|inactive|badatthis123 has 15 seconds left.
|inactive|badatthis123 has 10 seconds left.
|inactive|badatthis123 has 5 seconds left.
|
|t:|1750829793
|move|p1a: Walking Wake|Protect|p1a: Walking Wake
|-singleturn|p1a: Walking Wake|Protect
|move|p1b: Groudon|Protect|p1b: Groudon
|-singleturn|p1b: Groudon|Protect
|move|p2b: Incineroar|Fake Out|p1a: Walking Wake
|-activate|p1a: Walking Wake|move: Protect
|move|p2a: Kyogre|Origin Pulse|p1a: Walking Wake|[spread] 
|-activate|p1a: Walking Wake|move: Protect
|-activate|p1b: Groudon|move: Protect
|
|-weather|RainDance|[upkeep]
|-heal|p2a: Kyogre|91/100|[from] item: Leftovers
|upkeep
|turn|5
|inactive|badatthis123 has 30 seconds left.
|
|t:|1750829821
|switch|p2b: Thundurus|Thundurus, L50, M|59/100
|-terastallize|p1b: Groudon|Grass
|move|p1a: Walking Wake|Draco Meteor|p2a: Kyogre
|-damage|p2a: Kyogre|42/100
|-unboost|p1a: Walking Wake|spa|2
|-damage|p1a: Walking Wake|73/100|[from] item: Life Orb
|move|p1b: Groudon|Precipice Blades|p2b: Thundurus|[spread] p2a
|-immune|p2b: Thundurus
|-damage|p2a: Kyogre|16/100
|move|p2a: Kyogre|Origin Pulse|p1a: Walking Wake|[spread] p1a,p1b
|-resisted|p1a: Walking Wake
|-resisted|p1b: Groudon
|-damage|p1a: Walking Wake|55/100
|-damage|p1b: Groudon|73/100
|
|-weather|RainDance|[upkeep]
|-heal|p2a: Kyogre|22/100|[from] item: Leftovers
|-sideend|p1: badatthis123|move: Tailwind
|upkeep
|turn|6
|inactive|Kukino has 30 seconds left.
|inactive|Kukino has 20 seconds left.
|
|t:|1750829858
|move|p2a: Kyogre|Protect|p2a: Kyogre
|-singleturn|p2a: Kyogre|Protect
|move|p1a: Walking Wake|Hydro Steam|p2b: Thundurus
|-damage|p2b: Thundurus|23/100
|-damage|p1a: Walking Wake|45/100|[from] item: Life Orb
|move|p2b: Thundurus|Wildbolt Storm|p1b: Groudon|[spread] p1a,p1b
|-resisted|p1b: Groudon
|-damage|p1a: Walking Wake|10/100
|-damage|p1b: Groudon|60/100
|move|p1b: Groudon|Rock Slide|p2a: Kyogre|[spread] p2b
|-activate|p2a: Kyogre|move: Protect
|-supereffective|p2b: Thundurus
|-damage|p2b: Thundurus|0 fnt
|faint|p2b: Thundurus
|
|-weather|none
|-heal|p2a: Kyogre|29/100|[from] item: Leftovers
|upkeep
|
|t:|1750829880
|switch|p2b: Incineroar|Incineroar, L50, M|71/100
|-ability|p2b: Incineroar|Intimidate|boost
|-unboost|p1a: Walking Wake|atk|1
|-unboost|p1b: Groudon|atk|1
|turn|7
|
|t:|1750829901
|-end|p1a: Walking Wake|Protosynthesis|[silent]
|switch|p1a: Ho-Oh|Ho-Oh, L50|98/100
|switch|p2b: Zacian|Zacian-Crowned, L50, tera:Fire|73/100
|move|p1b: Groudon|Precipice Blades|p2a: Kyogre|[spread] p2a,p2b
|-supereffective|p2b: Zacian
|-damage|p2a: Kyogre|11/100
|-damage|p2b: Zacian|31/100
|move|p2a: Kyogre|Calm Mind|p2a: Kyogre
|-boost|p2a: Kyogre|spa|1
|-boost|p2a: Kyogre|spd|1
|
|-heal|p2a: Kyogre|17/100|[from] item: Leftovers
|upkeep
|turn|8
|-message|Kukino forfeited.
|
|win|badatthis123
|raw|badatthis123's rating: 1269 &rarr; <strong>1302</strong><br />(+33 for winning)
|raw|Kukino's rating: 1380 &rarr; <strong>1354</strong><br />(-26 for losing)
|l|☆Kukino
|player|p2|
|l|☆badatthis123
|player|p1|
