|j|☆The_troker
|j|☆Fred Durst Real
|t:|1750806408
|gametype|doubles
|player|p1|The_troker|cynthia-gen4|1376
|player|p2|Fred Durst Real|hiker-gen4|1365
|teamsize|p1|6
|teamsize|p2|6
|gen|9
|tier|[Gen 9] VGC 2025 Reg I
|rated|
|rule|Species Clause: Limit one of each Pokémon
|rule|Item Clause: Limit 1 of each item
|clearpoke
|poke|p1|Lunala, L50|
|poke|p1|Koraidon, L50|
|poke|p1|Flutter Mane, L50|
|poke|p1|Indeedee-F, L50, F|
|poke|p1|Ogerpon-Cornerstone, L50, F|
|poke|p1|Chi-Yu, L50|
|poke|p2|Zamazenta-*, L50|
|poke|p2|Miraidon, L50|
|poke|p2|Entei, L50|
|poke|p2|Iron Hands, L50|
|poke|p2|Farigiraf, L50, F|
|poke|p2|Chien-Pao, L50|
|teampreview|4
|
|t:|1750806500
|start
|switch|p1a: Indeedee|Indeedee-F, L50, F, shiny|100/100
|switch|p1b: Lunala|Lunala, L50, shiny|100/100
|switch|p2a: Miraidon|Miraidon, L50|100/100
|switch|p2b: Entei|Entei, L50|100/100
|-fieldstart|move: Electric Terrain|[from] ability: Hadron Engine|[of] p2a: Miraidon
|-fieldstart|move: Psychic Terrain|[from] ability: Psychic Surge|[of] p1a: Indeedee
|turn|1
|
|t:|1750806524
|move|p1a: Indeedee|Helping Hand|p1b: Lunala
|-singleturn|p1b: Lunala|Helping Hand|[of] p1a: Indeedee
|move|p2a: Miraidon|Volt Switch|p1b: Lunala
|-damage|p1b: Lunala|85/100
|
|t:|1750806529
|switch|p2a: Chien-Pao|Chien-Pao, L50|100/100|[from] Volt Switch
|-ability|p2a: Chien-Pao|Sword of Ruin
|move|p1b: Lunala|Expanding Force|p2a: Chien-Pao|[spread] p2b
|-immune|p2a: Chien-Pao
|-damage|p2b: Entei|0 fnt
|faint|p2b: Entei
|
|upkeep
|
|t:|1750806538
|switch|p2b: Miraidon|Miraidon, L50|100/100
|-fieldstart|move: Electric Terrain|[from] ability: Hadron Engine|[of] p2b: Miraidon
|turn|2
|
|t:|1750806567
|switch|p1a: Chi-Yu|Chi-Yu, L50|100/100
|-ability|p1a: Chi-Yu|Beads of Ruin
|move|p2a: Chien-Pao|Protect|p2a: Chien-Pao
|-singleturn|p2a: Chien-Pao|Protect
|move|p1b: Lunala|Protect|p1b: Lunala
|-singleturn|p1b: Lunala|Protect
|move|p2b: Miraidon|Volt Switch|p1b: Lunala
|-activate|p1b: Lunala|move: Protect
|
|upkeep
|turn|3
|
|t:|1750806589
|switch|p1b: Indeedee|Indeedee-F, L50, F, shiny|100/100
|-fieldstart|move: Psychic Terrain|[from] ability: Psychic Surge|[of] p1b: Indeedee
|-terastallize|p2b: Miraidon|Electric
|move|p2b: Miraidon|Volt Switch|p1a: Chi-Yu
|-damage|p1a: Chi-Yu|23/100
|
|t:|1750806597
|switch|p2b: Zamazenta|Zamazenta-Crowned, L50|100/100|[from] Volt Switch
|-ability|p2b: Zamazenta|Dauntless Shield|boost
|-boost|p2b: Zamazenta|def|1
|move|p1a: Chi-Yu|Heat Wave|p2a: Chien-Pao|[spread] p2a,p2b
|-supereffective|p2a: Chien-Pao
|-supereffective|p2b: Zamazenta
|-enditem|p2a: Chien-Pao|Focus Sash
|-damage|p2a: Chien-Pao|1/100
|-damage|p2b: Zamazenta|29/100
|-status|p2b: Zamazenta|brn
|move|p2a: Chien-Pao|Crunch|p1b: Indeedee
|-supereffective|p1b: Indeedee
|-damage|p1b: Indeedee|0 fnt
|-damage|p2a: Chien-Pao|0 fnt|[from] item: Rocky Helmet|[of] p1b: Indeedee
|faint|p1b: Indeedee
|faint|p2a: Chien-Pao
|
|-damage|p2b: Zamazenta|23/100 brn|[from] brn
|upkeep
|
|t:|1750806616
|switch|p2a: Miraidon|Miraidon, L50, tera:Electric|100/100
|switch|p1b: Koraidon|Koraidon, L50|100/100
|-fieldstart|move: Electric Terrain|[from] ability: Hadron Engine|[of] p2a: Miraidon
|-weather|SunnyDay|[from] ability: Orichalcum Pulse|[of] p1b: Koraidon
|-activate|p1b: Koraidon|Orichalcum Pulse|[source]
|turn|4
|
|t:|1750806634
|-terastallize|p1b: Koraidon|Fire
|move|p2b: Zamazenta|Wide Guard|p2b: Zamazenta
|-singleturn|p2b: Zamazenta|Wide Guard
|move|p2a: Miraidon|Electro Drift|p1b: Koraidon
|-damage|p1b: Koraidon|0 fnt
|faint|p1b: Koraidon
|move|p1a: Chi-Yu|Heat Wave|p2b: Zamazenta|[spread] 
|-activate|p2a: Miraidon|move: Wide Guard
|-activate|p2b: Zamazenta|move: Wide Guard
|
|-weather|SunnyDay|[upkeep]
|-damage|p2b: Zamazenta|17/100 brn|[from] brn
|upkeep
|
|t:|1750806645
|switch|p1b: Lunala|Lunala, L50, shiny|85/100
|turn|5
|
|t:|1750806658
|move|p2b: Zamazenta|Wide Guard|p2b: Zamazenta
|-singleturn|p2b: Zamazenta|Wide Guard
|move|p2a: Miraidon|Electro Drift|p1b: Lunala
|-damage|p1b: Lunala|0 fnt
|faint|p1b: Lunala
|move|p1a: Chi-Yu|Heat Wave|p2a: Miraidon|[spread] 
|-activate|p2a: Miraidon|move: Wide Guard
|-activate|p2b: Zamazenta|move: Wide Guard
|
|-weather|SunnyDay|[upkeep]
|-damage|p2b: Zamazenta|11/100 brn|[from] brn
|upkeep
|turn|6
|
|t:|1750806671
|move|p2b: Zamazenta|Wide Guard|p2b: Zamazenta
|-singleturn|p2b: Zamazenta|Wide Guard
|move|p2a: Miraidon|Electro Drift|p1a: Chi-Yu
|-damage|p1a: Chi-Yu|0 fnt
|faint|p1a: Chi-Yu
|
|win|Fred Durst Real
|raw|The_troker's rating: 1376 &rarr; <strong>1355</strong><br />(-21 for losing)
|raw|Fred Durst Real's rating: 1365 &rarr; <strong>1386</strong><br />(+21 for winning)
