|j|☆Brakmeritus
|j|☆DLBread
|t:|1750778772
|gametype|doubles
|player|p1|Brakmeritus|lady|1246
|player|p2|DLBread|maid|1159
|teamsize|p1|6
|teamsize|p2|6
|gen|9
|tier|[Gen 9] VGC 2025 Reg I
|rated|
|rule|Species Clause: Limit one of each Pokémon
|rule|Item Clause: Limit 1 of each item
|clearpoke
|poke|p1|Zamazenta-*, L50|
|poke|p1|Calyrex-Shadow, L50|
|poke|p1|Raging Bolt, L50|
|poke|p1|Rillaboom, L50, M|
|poke|p1|Tornadus, L50, M|
|poke|p1|Smeargle, L50, M|
|poke|p2|Dialga-Origin, L50|
|poke|p2|Lunala, L50|
|poke|p2|Incineroar, L50, M|
|poke|p2|Ogerpon-Cornerstone, L50, F|
|poke|p2|Urshifu-*, L50, M|
|poke|p2|Zoroark-Hisui, L50, M|
|teampreview|4
|inactive|Battle timer is ON: inactive players will automatically lose when time's up. (requested by DLBread)
|inactive|Brakmeritus has 60 seconds left.
|inactive|Brakmeritus has 30 seconds left.
|inactive|Brakmeritus has 20 seconds left.
|inactive|Brakmeritus has 15 seconds left.
|
|t:|1750778851
|start
|switch|p1a: Calyrex|Calyrex-Shadow, L50|100/100
|switch|p1b: Smeargle|Smeargle, L50, M|100/100
|switch|p2a: Lunala|Lunala, L50|100/100
|switch|p2b: Incineroar|Incineroar, L50, M|100/100
|-ability|p1a: Calyrex|As One
|-ability|p1a: Calyrex|Unnerve
|-ability|p2b: Incineroar|Intimidate|boost
|-unboost|p1a: Calyrex|atk|1
|-unboost|p1b: Smeargle|atk|1
|turn|1
|inactive|Brakmeritus has 30 seconds left.
|inactive|Brakmeritus has 20 seconds left.
|
|t:|1750778889
|-terastallize|p1a: Calyrex|Dark
|move|p1b: Smeargle|Fake Out|p2b: Incineroar
|-damage|p2b: Incineroar|97/100
|-damage|p1b: Smeargle|84/100|[from] item: Rocky Helmet|[of] p2b: Incineroar
|cant|p2b: Incineroar|flinch
|move|p1a: Calyrex|Nasty Plot|p1a: Calyrex
|-boost|p1a: Calyrex|spa|2
|move|p2a: Lunala|Nasty Plot|p2a: Lunala
|-boost|p2a: Lunala|spa|2
|
|-ability|p1b: Smeargle|Moody|boost
|-boost|p1b: Smeargle|spa|2
|-unboost|p1b: Smeargle|def|1
|upkeep
|turn|2
|inactive|Brakmeritus has 30 seconds left.
|inactive|DLBread has 30 seconds left.
|
|t:|1750778915
|move|p1b: Smeargle|Follow Me|p1b: Smeargle
|-singleturn|p1b: Smeargle|move: Follow Me
|move|p1a: Calyrex|Astral Barrage|p2a: Lunala|[spread] p2b
|-immune|p2a: Lunala
|-resisted|p2b: Incineroar
|-damage|p2b: Incineroar|28/100
|-damage|p1a: Calyrex|91/100|[from] item: Life Orb
|move|p2a: Lunala|Hyper Voice|p1b: Smeargle|[spread] p1a,p1b
|-damage|p1a: Calyrex|36/100
|-damage|p1b: Smeargle|0 fnt
|faint|p1b: Smeargle
|move|p2b: Incineroar|Taunt|p1a: Calyrex
|-start|p1a: Calyrex|move: Taunt
|
|upkeep
|
|t:|1750778940
|switch|p1b: Zamazenta|Zamazenta-Crowned, L50|100/100
|-ability|p1b: Zamazenta|Dauntless Shield|boost
|-boost|p1b: Zamazenta|def|1
|turn|3
|inactive|DLBread has 30 seconds left.
|
|t:|1750778965
|move|p1b: Zamazenta|Wide Guard|p1b: Zamazenta
|-singleturn|p1b: Zamazenta|Wide Guard
|move|p1a: Calyrex|Psychic|p2a: Lunala
|-enditem|p2a: Lunala|Focus Sash
|-damage|p2a: Lunala|1/100
|replace|p2a: Zoroark|Zoroark-Hisui, L50, M
|-end|p2a: Zoroark|Illusion
|-damage|p1a: Calyrex|26/100|[from] item: Life Orb
|move|p2a: Zoroark|Hyper Voice|p1a: Calyrex|[spread] 
|-activate|p1a: Calyrex|move: Wide Guard
|-activate|p1b: Zamazenta|move: Wide Guard
|move|p2b: Incineroar|Parting Shot|p1b: Zamazenta
|-unboost|p1b: Zamazenta|atk|1
|-unboost|p1b: Zamazenta|spa|1
|
|t:|1750778982
|switch|p2b: Lunala|Lunala, L50|100/100|[from] Parting Shot
|
|upkeep
|turn|4
|inactive|Brakmeritus has 30 seconds left.
|
|t:|1750779016
|-terastallize|p2b: Lunala|Dark
|move|p2a: Zoroark|Protect|p2a: Zoroark
|-singleturn|p2a: Zoroark|Protect
|move|p1a: Calyrex|Astral Barrage|p2a: Zoroark|[spread] p2b
|-activate|p2a: Zoroark|move: Protect
|-resisted|p2b: Lunala
|-damage|p2b: Lunala|78/100
|-damage|p1a: Calyrex|16/100|[from] item: Life Orb
|move|p1b: Zamazenta|Heavy Slam|p2a: Zoroark
|-activate|p2a: Zoroark|move: Protect
|move|p2b: Lunala|Moonblast|p1a: Calyrex
|-supereffective|p1a: Calyrex
|-damage|p1a: Calyrex|0 fnt
|faint|p1a: Calyrex
|
|upkeep
|
|t:|1750779032
|switch|p1a: Tornadus|Tornadus, L50, M|100/100
|turn|5
|inactive|Brakmeritus has 30 seconds left.
|
|t:|1750779063
|move|p1a: Tornadus|Tailwind|p1a: Tornadus
|-sidestart|p1: Brakmeritus|move: Tailwind
|move|p1b: Zamazenta|Body Press|p2b: Lunala
|-supereffective|p2b: Lunala
|-damage|p2b: Lunala|0 fnt
|faint|p2b: Lunala
|move|p2a: Zoroark|Shadow Ball|p1b: Zamazenta
|-damage|p1b: Zamazenta|45/100
|
|upkeep
|inactive|DLBread has 30 seconds left.
|
|t:|1750779088
|switch|p2b: Dialga|Dialga-Origin, L50|100/100
|turn|6
|
|t:|1750779112
|move|p2b: Dialga|Protect|p2b: Dialga
|-singleturn|p2b: Dialga|Protect
|move|p1b: Zamazenta|Heavy Slam|p2a: Zoroark
|-damage|p2a: Zoroark|0 fnt
|faint|p2a: Zoroark
|move|p1a: Tornadus|Bleakwind Storm|p2b: Dialga
|-activate|p2b: Dialga|move: Protect
|
|upkeep
|
|t:|1750779122
|switch|p2a: Incineroar|Incineroar, L50, M|28/100
|-ability|p2a: Incineroar|Intimidate|boost
|-unboost|p1a: Tornadus|atk|1
|-unboost|p1b: Zamazenta|atk|1
|turn|7
|inactive|Brakmeritus has 30 seconds left.
|
|t:|1750779151
|move|p1a: Tornadus|Protect|p1a: Tornadus
|-singleturn|p1a: Tornadus|Protect
|move|p1b: Zamazenta|Protect|p1b: Zamazenta
|-singleturn|p1b: Zamazenta|Protect
|move|p2a: Incineroar|Fake Out|p1b: Zamazenta
|-activate|p1b: Zamazenta|move: Protect
|move|p2b: Dialga|Flamethrower|p1b: Zamazenta
|-activate|p1b: Zamazenta|move: Protect
|
|upkeep
|turn|8
|
|t:|1750779176
|move|p1b: Zamazenta|Body Press|p2b: Dialga
|-supereffective|p2b: Dialga
|-damage|p2b: Dialga|0 fnt
|faint|p2b: Dialga
|move|p1a: Tornadus|Bleakwind Storm|p2a: Incineroar|[miss]
|-miss|p1a: Tornadus|p2a: Incineroar
|move|p2a: Incineroar|Knock Off|p1a: Tornadus
|-damage|p1a: Tornadus|46/100
|-enditem|p1a: Tornadus|Sharp Beak|[from] move: Knock Off|[of] p2a: Incineroar
|
|-sideend|p1: Brakmeritus|move: Tailwind
|upkeep
|turn|9
|-message|DLBread forfeited.
|
|win|Brakmeritus
|raw|Brakmeritus's rating: 1246 &rarr; <strong>1265</strong><br />(+19 for winning)
|raw|DLBread's rating: 1159 &rarr; <strong>1140</strong><br />(-19 for losing)
