|j|☆jackon17
|j|☆A Regu1ar Guy
|t:|1750717020
|gametype|doubles
|player|p1|jackon17|169|1627
|player|p2|A Regu1ar Guy|elesa|1637
|teamsize|p1|6
|teamsize|p2|6
|gen|9
|tier|[Gen 9] VGC 2025 Reg I
|rated|
|rule|Species Clause: Limit one of each Pokémon
|rule|Item Clause: Limit 1 of each item
|clearpoke
|poke|p1|Kyogre, L50|
|poke|p1|Urshifu-*, L50, F|
|poke|p1|Rillaboom, L50, M|
|poke|p1|Amoonguss, L50, M|
|poke|p1|Calyrex-Ice, L50|
|poke|p1|Tornadus, L50, M|
|poke|p2|Calyrex-Shadow, L50|
|poke|p2|Zamazenta-*, L50|
|poke|p2|Chien-Pao, L50|
|poke|p2|Rillaboom, L50, M|
|poke|p2|Raging Bolt, L50|
|poke|p2|Ogerpon-Hearthflame, L50, F|
|teampreview|4
|inactive|Battle timer is ON: inactive players will automatically lose when time's up. (requested by jackon17)
|
|t:|1750717044
|start
|switch|p1a: Urshifu|Urshifu-Rapid-Strike, L50, F|100/100
|switch|p1b: Calyrex|Calyrex-Ice, L50|100/100
|switch|p2a: Calyrex|Calyrex-Shadow, L50|100/100
|switch|p2b: Zamazenta|Zamazenta-Crowned, L50|100/100
|-ability|p2a: Calyrex|As One
|-ability|p2a: Calyrex|Unnerve
|-ability|p1b: Calyrex|As One
|-ability|p1b: Calyrex|Unnerve
|-ability|p2b: Zamazenta|Dauntless Shield|boost
|-boost|p2b: Zamazenta|def|1
|turn|1
|j| johnkharkiv
|
|t:|1750717065
|switch|p2a: Raging Bolt|Raging Bolt, L50|100/100
|-enditem|p2a: Raging Bolt|Booster Energy
|-activate|p2a: Raging Bolt|ability: Protosynthesis|[fromitem]
|-start|p2a: Raging Bolt|protosynthesisspa
|switch|p1b: Kyogre|Kyogre, L50|100/100
|-weather|RainDance|[from] ability: Drizzle|[of] p1b: Kyogre
|-terastallize|p1a: Urshifu|Ghost
|move|p2b: Zamazenta|Wide Guard|p2b: Zamazenta
|-singleturn|p2b: Zamazenta|Wide Guard
|move|p1a: Urshifu|Surging Strikes|p2a: Raging Bolt
|-resisted|p2a: Raging Bolt
|-crit|p2a: Raging Bolt
|-damage|p2a: Raging Bolt|88/100
|-resisted|p2a: Raging Bolt
|-crit|p2a: Raging Bolt
|-damage|p2a: Raging Bolt|74/100
|-resisted|p2a: Raging Bolt
|-crit|p2a: Raging Bolt
|-damage|p2a: Raging Bolt|60/100
|-hitcount|p2a: Raging Bolt|3
|
|-weather|RainDance|[upkeep]
|upkeep
|turn|2
|
|t:|1750717086
|switch|p1a: Calyrex|Calyrex-Ice, L50|100/100
|-ability|p1a: Calyrex|As One
|-ability|p1a: Calyrex|Unnerve
|switch|p1b: Amoonguss|Amoonguss, L50, M, shiny|100/100
|move|p2a: Raging Bolt|Thunderclap||[still]
|-fail|p2a: Raging Bolt
|move|p2b: Zamazenta|Heavy Slam|p1a: Calyrex
|-supereffective|p1a: Calyrex
|-damage|p1a: Calyrex|82/100
|
|-weather|RainDance|[upkeep]
|-heal|p1a: Calyrex|88/100|[from] item: Leftovers
|upkeep
|turn|3
|
|t:|1750717096
|move|p2b: Zamazenta|Heavy Slam|p1b: Amoonguss
|-damage|p1b: Amoonguss|60/100
|-damage|p2b: Zamazenta|84/100|[from] item: Rocky Helmet|[of] p1b: Amoonguss
|move|p2a: Raging Bolt|Draco Meteor|p1b: Amoonguss
|-damage|p1b: Amoonguss|0 fnt
|-unboost|p2a: Raging Bolt|spa|2
|faint|p1b: Amoonguss
|move|p1a: Calyrex|Trick Room|p1a: Calyrex
|-fieldstart|move: Trick Room|[of] p1a: Calyrex
|
|-weather|RainDance|[upkeep]
|-heal|p1a: Calyrex|94/100|[from] item: Leftovers
|upkeep
|
|t:|1750717107
|switch|p1b: Kyogre|Kyogre, L50|100/100
|turn|4
|
|t:|1750717122
|-terastallize|p2a: Raging Bolt|Electric
|move|p1a: Calyrex|Leech Seed|p2b: Zamazenta
|-start|p2b: Zamazenta|move: Leech Seed
|move|p2a: Raging Bolt|Thunderbolt|p1b: Kyogre
|-supereffective|p1b: Kyogre
|-damage|p1b: Kyogre|37/100
|move|p1b: Kyogre|Thunder|p2b: Zamazenta
|-damage|p2b: Zamazenta|49/100
|-status|p2b: Zamazenta|par
|move|p2b: Zamazenta|Body Press|p1b: Kyogre
|-damage|p1b: Kyogre|0 fnt
|faint|p1b: Kyogre
|
|-weather|RainDance|[upkeep]
|-heal|p1a: Calyrex|99/100|[from] item: Leftovers
|-damage|p2b: Zamazenta|37/100 par|[from] Leech Seed|[of] p1a: Calyrex
|-heal|p1a: Calyrex|100/100|[silent]
|upkeep
|
|t:|1750717132
|switch|p1b: Urshifu|Urshifu-Rapid-Strike, L50, F, tera:Ghost|100/100
|turn|5
|
|t:|1750717138
|move|p1a: Calyrex|Glacial Lance|p2a: Raging Bolt|[spread] p2a,p2b
|-resisted|p2b: Zamazenta
|-damage|p2a: Raging Bolt|12/100
|-damage|p2b: Zamazenta|25/100 par
|cant|p2b: Zamazenta|par
|move|p2a: Raging Bolt|Thunderbolt|p1b: Urshifu
|-damage|p1b: Urshifu|30/100
|move|p1b: Urshifu|Surging Strikes|p2b: Zamazenta
|-crit|p2b: Zamazenta
|-damage|p2b: Zamazenta|5/100 par
|-crit|p2b: Zamazenta
|-damage|p2b: Zamazenta|0 fnt
|faint|p2b: Zamazenta
|-hitcount|p2: Zamazenta|2
|
|-weather|none
|upkeep
|
|t:|1750717151
|switch|p2b: Calyrex|Calyrex-Shadow, L50|100/100
|-ability|p2b: Calyrex|As One
|-ability|p2b: Calyrex|Unnerve
|turn|6
|
|t:|1750717156
|move|p2a: Raging Bolt|Thunderclap|p1b: Urshifu
|-damage|p1b: Urshifu|0 fnt
|faint|p1b: Urshifu
|move|p1a: Calyrex|Glacial Lance|p2b: Calyrex|[spread] p2a,p2b
|-damage|p2a: Raging Bolt|0 fnt
|-damage|p2b: Calyrex|27/100
|faint|p2a: Raging Bolt
|-end|p2a: Raging Bolt|Protosynthesis|[silent]
|-ability|p1a: Calyrex|Chilling Neigh|boost
|-boost|p1a: Calyrex|atk|1
|move|p2b: Calyrex|Astral Barrage|p1a: Calyrex
|-supereffective|p1a: Calyrex
|-damage|p1a: Calyrex|7/100
|
|-heal|p1a: Calyrex|13/100|[from] item: Leftovers
|upkeep
|
|t:|1750717159
|switch|p2a: Ogerpon|Ogerpon-Hearthflame, L50, F|100/100
|-ability|p2a: Ogerpon|Mold Breaker
|turn|7
|-message|jackon17 forfeited.
|
|win|A Regu1ar Guy
|raw|jackon17's rating: 1627 &rarr; <strong>1608</strong><br />(-19 for losing)
|raw|A Regu1ar Guy's rating: 1637 &rarr; <strong>1656</strong><br />(+19 for winning)
|l|☆jackon17
|player|p1|
|l|☆A Regu1ar Guy
|player|p2|
