|j|☆Jorlawmain
|j|☆jj2435
|t:|1750881902
|gametype|doubles
|player|p1|Jorlawmain|169|1149
|player|p2|jj2435|cynthia-gen4|1081
|teamsize|p1|6
|teamsize|p2|6
|gen|9
|tier|[Gen 9] VGC 2025 Reg I
|rated|
|rule|Species Clause: Limit one of each Pokémon
|rule|Item Clause: Limit 1 of each item
|clearpoke
|poke|p1|Miraidon, L50|
|poke|p1|Sneasler, L50, F|
|poke|p1|Kyogre, L50|
|poke|p1|Whimsicott, L50, F|
|poke|p1|Incineroar, L50, M|
|poke|p1|Urshifu-*, L50, F|
|poke|p2|Iron Thorns, L50|
|poke|p2|Klefki, L50, F|
|poke|p2|Iron Treads, L50|
|poke|p2|Rotom-Wash, L50|
|poke|p2|Kilowattrel, L50, M|
|poke|p2|Kingambit, L50, M|
|teampreview|4
Jorlawmain has agreed to open team sheets.
|inactive|Battle timer is ON: inactive players will automatically lose when time's up. (requested by Jorlawmain)
|
|t:|1750881921
|start
|switch|p1a: Miraidon|Miraidon, L50|100/100
|switch|p1b: Sneasler|Sneasler, L50, F|100/100
|switch|p2a: Kilowattrel|Kilowattrel, L50, M|100/100
|switch|p2b: Rotom|Rotom-Wash, L50|100/100
|-fieldstart|move: Electric Terrain|[from] ability: Hadron Engine|[of] p1a: Miraidon
|-enditem|p1b: Sneasler|Electric Seed
|-boost|p1b: Sneasler|def|1|[from] item: Electric Seed
|turn|1
|
|t:|1750881940
|switch|p2b: Iron Treads|Iron Treads, L50|100/100
|-activate|p2b: Iron Treads|ability: Quark Drive
|-start|p2b: Iron Treads|quarkdrivespe
|move|p1b: Sneasler|Fake Out|p2a: Kilowattrel
|-damage|p2a: Kilowattrel|74/100
|move|p1a: Miraidon|Volt Switch|p2b: Iron Treads
|-immune|p2b: Iron Treads
|cant|p2a: Kilowattrel|flinch
|
|upkeep
|turn|2
|inactive|Jorlawmain has 30 seconds left.
|
|t:|1750881966
|move|p1b: Sneasler|Protect|p1b: Sneasler
|-singleturn|p1b: Sneasler|Protect
|move|p2b: Iron Treads|Protect|p2b: Iron Treads
|-singleturn|p2b: Iron Treads|Protect
|move|p1a: Miraidon|Draco Meteor|p2a: Kilowattrel
|-damage|p2a: Kilowattrel|0 fnt
|-unboost|p1a: Miraidon|spa|2
|faint|p2a: Kilowattrel
|-damage|p1a: Miraidon|91/100|[from] item: Life Orb
|
|upkeep
|
|t:|1750881977
|switch|p2a: Iron Thorns|Iron Thorns, L50|100/100
|-activate|p2a: Iron Thorns|ability: Quark Drive
|-start|p2a: Iron Thorns|quarkdriveatk
|turn|3
|
|t:|1750881991
|move|p2a: Iron Thorns|Protect|p2a: Iron Thorns
|-singleturn|p2a: Iron Thorns|Protect
|move|p1b: Sneasler|Dire Claw|p2a: Iron Thorns
|-activate|p2a: Iron Thorns|move: Protect
|move|p2b: Iron Treads|Earthquake|p1b: Sneasler|[spread] p1a,p1b
|-activate|p2a: Iron Thorns|move: Protect
|-supereffective|p1a: Miraidon
|-supereffective|p1b: Sneasler
|-damage|p1a: Miraidon|22/100
|-damage|p1b: Sneasler|21/100
|move|p1a: Miraidon|Volt Switch|p2a: Iron Thorns
|-activate|p2a: Iron Thorns|move: Protect
|
|upkeep
|turn|4
|
|t:|1750882006
|-terastallize|p2a: Iron Thorns|Flying
|move|p1b: Sneasler|Protect|p1b: Sneasler
|-singleturn|p1b: Sneasler|Protect
|move|p2b: Iron Treads|Earthquake|p1b: Sneasler|[spread] p1a
|-activate|p1b: Sneasler|move: Protect
|-immune|p2a: Iron Thorns
|-supereffective|p1a: Miraidon
|-damage|p1a: Miraidon|0 fnt
|faint|p1a: Miraidon
|move|p2a: Iron Thorns|Dragon Dance|p2a: Iron Thorns
|-boost|p2a: Iron Thorns|atk|1
|-boost|p2a: Iron Thorns|spe|1
|
|upkeep
|
|t:|1750882017
|switch|p1a: Whimsicott|Whimsicott, L50, F|100/100
|turn|5
|
|t:|1750882028
|move|p2b: Iron Treads|Protect|p2b: Iron Treads
|-singleturn|p2b: Iron Treads|Protect
|move|p1a: Whimsicott|Tailwind|p1a: Whimsicott
|-sidestart|p1: Jorlawmain|move: Tailwind
|move|p1b: Sneasler|Dire Claw|p2a: Iron Thorns
|-damage|p2a: Iron Thorns|64/100
|-status|p2a: Iron Thorns|slp
|cant|p2a: Iron Thorns|slp
|
|-fieldend|move: Electric Terrain
|-end|p2b: Iron Treads|Quark Drive
|-end|p2a: Iron Thorns|Quark Drive
|upkeep
|-enditem|p2b: Iron Treads|Booster Energy
|-activate|p2b: Iron Treads|ability: Quark Drive|[fromitem]
|-start|p2b: Iron Treads|quarkdrivespe
|turn|6
|
|t:|1750882058
|-end|p2b: Iron Treads|Quark Drive|[silent]
|switch|p2b: Rotom|Rotom-Wash, L50|100/100
|move|p1a: Whimsicott|Encore||[still]
|-fail|p1a: Whimsicott
|move|p1b: Sneasler|Dire Claw|p2a: Iron Thorns
|-damage|p2a: Iron Thorns|21/100 slp
|cant|p2a: Iron Thorns|slp
|
|upkeep
|turn|7
|
|t:|1750882083
|move|p1b: Sneasler|Protect|p1b: Sneasler
|-singleturn|p1b: Sneasler|Protect
|-curestatus|p2a: Iron Thorns|slp|[msg]
|move|p2a: Iron Thorns|Protect|p2a: Iron Thorns
|-singleturn|p2a: Iron Thorns|Protect
|move|p1a: Whimsicott|Moonblast|p2a: Iron Thorns
|-activate|p2a: Iron Thorns|move: Protect
|move|p2b: Rotom|Will-O-Wisp|p1b: Sneasler
|-activate|p1b: Sneasler|move: Protect
|
|upkeep
|turn|8
|
|t:|1750882101
|-end|p2a: Iron Thorns|Quark Drive|[silent]
|switch|p2a: Iron Treads|Iron Treads, L50|100/100
|move|p1a: Whimsicott|Fake Tears|p2b: Rotom
|-unboost|p2b: Rotom|spd|2
|move|p1b: Sneasler|Dire Claw|p2a: Iron Treads
|-immune|p2a: Iron Treads
|move|p2b: Rotom|Will-O-Wisp|p1b: Sneasler
|-status|p1b: Sneasler|brn
|
|-damage|p1b: Sneasler|15/100 brn|[from] brn
|-sideend|p1: Jorlawmain|move: Tailwind
|upkeep
|turn|9
|inactive|jj2435 has 30 seconds left.
|inactive|jj2435 has 20 seconds left.
|
|t:|1750882137
|switch|p2b: Iron Thorns|Iron Thorns, L50, tera:Flying|21/100
|move|p1a: Whimsicott|Tailwind|p1a: Whimsicott
|-sidestart|p1: Jorlawmain|move: Tailwind
|move|p1b: Sneasler|Dire Claw|p2b: Iron Thorns
|-damage|p2b: Iron Thorns|1/100
|move|p2a: Iron Treads|Earthquake|p1a: Whimsicott|[spread] p1a,p1b
|-immune|p2b: Iron Thorns
|-resisted|p1a: Whimsicott
|-supereffective|p1b: Sneasler
|-damage|p1a: Whimsicott|84/100
|-damage|p1b: Sneasler|0 fnt
|faint|p1b: Sneasler
|
|upkeep
|
|t:|1750882147
|switch|p1b: Kyogre|Kyogre, L50|100/100
|-weather|RainDance|[from] ability: Drizzle|[of] p1b: Kyogre
|turn|10
|-message|jj2435 forfeited.
|
|win|Jorlawmain
|raw|Jorlawmain's rating: 1149 &rarr; <strong>1169</strong><br />(+20 for winning)
|raw|jj2435's rating: 1081 &rarr; <strong>1063</strong><br />(-18 for losing)
|l|☆jj2435
|player|p2|
|l|☆Jorlawmain
|player|p1|
