|j|☆eleffele
|j|☆WeWantBreathOfFire
|t:|1750848131
|gametype|doubles
|player|p1|eleffele|102|1724
|player|p2|WeWantBreathOfFire|pryce|1661
|teamsize|p1|6
|teamsize|p2|6
|gen|9
|tier|[Gen 9] VGC 2025 Reg I
|rated|
|rule|Species Clause: Limit one of each Pokémon
|rule|Item Clause: Limit 1 of each item
|clearpoke
|poke|p1|Incineroar, L50, F|
|poke|p1|Lunala, L50|
|poke|p1|Zamazenta-*, L50|
|poke|p1|Amoonguss, L50, M|
|poke|p1|Indeedee-F, L50, F|
|poke|p1|Tornadus, L50, M|
|poke|p2|Rillaboom, L50, F|
|poke|p2|Urshifu-*, L50, M|
|poke|p2|Eternatus, L50|
|poke|p2|Kyogre, L50|
|poke|p2|Incineroar, L50, M|
|poke|p2|Wo-Chien, L50|
|teampreview|4
|inactive|Battle timer is ON: inactive players will automatically lose when time's up. (requested by eleffele)
|
|t:|1750848161
|start
|switch|p1a: Tornadus|Tornadus, L50, M|100/100
|switch|p1b: Lunala|Lunala, L50|100/100
|switch|p2a: Eternatus|Eternatus, L50|100/100
|switch|p2b: Kyogre|Kyogre, L50|100/100
|-weather|RainDance|[from] ability: Drizzle|[of] p2b: Kyogre
|-ability|p2a: Eternatus|Pressure
|turn|1
|
|t:|1750848181
|-terastallize|p2a: Eternatus|Fairy
|move|p1a: Tornadus|Sunny Day|p1a: Tornadus
|-weather|SunnyDay
|move|p2b: Kyogre|Water Spout|p1b: Lunala|[spread] p1a,p1b
|-damage|p1a: Tornadus|68/100
|-damage|p1b: Lunala|89/100
|move|p2a: Eternatus|Sludge Bomb|p1a: Tornadus
|-damage|p1a: Tornadus|32/100
|move|p1b: Lunala|Meteor Beam||[still]
|-prepare|p1b: Lunala|Meteor Beam
|-boost|p1b: Lunala|spa|1
|-enditem|p1b: Lunala|Power Herb
|-anim|p1b: Lunala|Meteor Beam|p2a: Eternatus
|-damage|p2a: Eternatus|49/100
|
|-weather|SunnyDay|[upkeep]
|-heal|p2a: Eternatus|56/100|[from] item: Leftovers
|upkeep
|turn|2
|
|t:|1750848201
|switch|p1a: Indeedee|Indeedee-F, L50, F|100/100
|-fieldstart|move: Psychic Terrain|[from] ability: Psychic Surge|[of] p1a: Indeedee
|move|p2b: Kyogre|Water Spout|p1b: Lunala|[spread] p1a,p1b
|-crit|p1b: Lunala
|-damage|p1a: Indeedee|67/100
|-damage|p1b: Lunala|55/100
|move|p2a: Eternatus|Recover|p2a: Eternatus
|-heal|p2a: Eternatus|100/100
|move|p1b: Lunala|Expanding Force|p2a: Eternatus|[spread] p2a,p2b
|-damage|p2a: Eternatus|18/100
|-damage|p2b: Kyogre|18/100
|
|-weather|SunnyDay|[upkeep]
|-heal|p2a: Eternatus|24/100|[from] item: Leftovers
|upkeep
|turn|3
|inactive|eleffele has 30 seconds left.
|
|t:|1750848235
|switch|p2b: Urshifu|Urshifu, L50, M|100/100
|switch|p2a: Incineroar|Incineroar, L50, M|100/100
|-ability|p2a: Incineroar|Intimidate|boost
|-unboost|p1a: Indeedee|atk|1
|-unboost|p1b: Lunala|atk|1
|move|p1a: Indeedee|Follow Me|p1a: Indeedee
|-singleturn|p1a: Indeedee|move: Follow Me
|move|p1b: Lunala|Expanding Force|p2b: Urshifu|[spread] 
|-immune|p2a: Incineroar
|-immune|p2b: Urshifu
|
|-weather|SunnyDay|[upkeep]
|upkeep
|turn|4
|
|t:|1750848256
|switch|p1a: Zamazenta|Zamazenta-Crowned, L50|100/100
|-ability|p1a: Zamazenta|Dauntless Shield|boost
|-boost|p1a: Zamazenta|def|1
|-terastallize|p1b: Lunala|Fairy
|move|p2b: Urshifu|Wicked Blow|p1b: Lunala
|-resisted|p1b: Lunala
|-crit|p1b: Lunala
|-damage|p1b: Lunala|27/100
|move|p1b: Lunala|Moongeist Beam|p2b: Urshifu
|-resisted|p2b: Urshifu
|-damage|p2b: Urshifu|29/100
|move|p2a: Incineroar|Knock Off|p1a: Zamazenta
|-resisted|p1a: Zamazenta
|-damage|p1a: Zamazenta|95/100
|
|-weather|SunnyDay|[upkeep]
|upkeep
|turn|5
|inactive|eleffele has 30 seconds left.
|
|t:|1750848284
|move|p2b: Urshifu|Protect|p2b: Urshifu
|-singleturn|p2b: Urshifu|Protect
|move|p1a: Zamazenta|Body Press|p2b: Urshifu
|-activate|p2b: Urshifu|move: Protect
|move|p1b: Lunala|Moongeist Beam|p2a: Incineroar
|-resisted|p2a: Incineroar
|-damage|p2a: Incineroar|61/100
|move|p2a: Incineroar|Will-O-Wisp|p1a: Zamazenta
|-status|p1a: Zamazenta|brn
|
|-weather|none
|-damage|p1a: Zamazenta|90/100 brn|[from] brn
|upkeep
|turn|6
|
|t:|1750848309
|move|p1a: Zamazenta|Body Press|p2b: Urshifu
|-supereffective|p2b: Urshifu
|-damage|p2b: Urshifu|0 fnt
|faint|p2b: Urshifu
|move|p1b: Lunala|Moongeist Beam|p2a: Incineroar
|-resisted|p2a: Incineroar
|-damage|p2a: Incineroar|16/100
|move|p2a: Incineroar|Parting Shot|p1b: Lunala
|-unboost|p1b: Lunala|atk|1
|-unboost|p1b: Lunala|spa|1
|
|t:|1750848319
|switch|p2a: Eternatus|Eternatus, L50, tera:Fairy|24/100|[from] Parting Shot
|-ability|p2a: Eternatus|Pressure
|
|-heal|p2a: Eternatus|30/100|[from] item: Leftovers
|-damage|p1a: Zamazenta|84/100 brn|[from] brn
|-fieldend|move: Psychic Terrain
|upkeep
|
|t:|1750848321
|switch|p2b: Kyogre|Kyogre, L50|18/100
|-weather|RainDance|[from] ability: Drizzle|[of] p2b: Kyogre
|turn|7
|j| piplupBOSS
|
|t:|1750848338
|move|p1a: Zamazenta|Wide Guard|p1a: Zamazenta
|-singleturn|p1a: Zamazenta|Wide Guard
|move|p2b: Kyogre|Thunder|p1b: Lunala
|-damage|p1b: Lunala|0 fnt
|faint|p1b: Lunala
|move|p2a: Eternatus|Recover|p2a: Eternatus
|-heal|p2a: Eternatus|80/100
|
|-weather|RainDance|[upkeep]
|-heal|p2a: Eternatus|86/100|[from] item: Leftovers
|-damage|p1a: Zamazenta|78/100 brn|[from] brn
|upkeep
|
|t:|1750848346
|switch|p1b: Tornadus|Tornadus, L50, M|32/100
|turn|8
|
|t:|1750848369
|move|p1b: Tornadus|Tailwind|p1b: Tornadus
|-sidestart|p1: eleffele|move: Tailwind
|move|p1a: Zamazenta|Body Press|p2b: Kyogre
|-damage|p2b: Kyogre|0 fnt
|faint|p2b: Kyogre
|move|p2a: Eternatus|Cosmic Power|p2a: Eternatus
|-boost|p2a: Eternatus|def|1
|-boost|p2a: Eternatus|spd|1
|
|-weather|RainDance|[upkeep]
|-heal|p2a: Eternatus|92/100|[from] item: Leftovers
|-damage|p1a: Zamazenta|72/100 brn|[from] brn
|upkeep
|
|t:|1750848372
|switch|p2b: Incineroar|Incineroar, L50, M|16/100
|-ability|p2b: Incineroar|Intimidate|boost
|-unboost|p1a: Zamazenta|atk|1
|-unboost|p1b: Tornadus|atk|1
|turn|9
|
|t:|1750848395
|switch|p1a: Indeedee|Indeedee-F, L50, F|67/100
|-fieldstart|move: Psychic Terrain|[from] ability: Psychic Surge|[of] p1a: Indeedee
|move|p2b: Incineroar|Fake Out|p1a: Indeedee
|-activate|p1a: Indeedee|move: Psychic Terrain
|move|p1b: Tornadus|Bleakwind Storm|p2b: Incineroar|[spread] p2a,p2b
|-damage|p2a: Eternatus|77/100
|-damage|p2b: Incineroar|0 fnt
|faint|p2b: Incineroar
|move|p2a: Eternatus|Sludge Bomb|p1b: Tornadus
|-damage|p1b: Tornadus|0 fnt
|faint|p1b: Tornadus
|
|-weather|RainDance|[upkeep]
|-heal|p2a: Eternatus|83/100|[from] item: Leftovers
|upkeep
|
|t:|1750848406
|switch|p1b: Zamazenta|Zamazenta-Crowned, L50|72/100 brn
|turn|10
|
|t:|1750848429
|move|p1b: Zamazenta|Iron Defense|p1b: Zamazenta
|-boost|p1b: Zamazenta|def|2
|move|p1a: Indeedee|Psychic|p2a: Eternatus
|-damage|p2a: Eternatus|63/100
|move|p2a: Eternatus|Recover|p2a: Eternatus
|-heal|p2a: Eternatus|100/100
|
|-weather|RainDance|[upkeep]
|-damage|p1b: Zamazenta|66/100 brn|[from] brn
|upkeep
|turn|11
|
|t:|1750848439
|move|p1b: Zamazenta|Iron Defense|p1b: Zamazenta
|-boost|p1b: Zamazenta|def|2
|move|p1a: Indeedee|Psychic|p2a: Eternatus
|-damage|p2a: Eternatus|82/100
|move|p2a: Eternatus|Cosmic Power|p2a: Eternatus
|-boost|p2a: Eternatus|def|1
|-boost|p2a: Eternatus|spd|1
|
|-weather|none
|-heal|p2a: Eternatus|88/100|[from] item: Leftovers
|-damage|p1b: Zamazenta|61/100 brn|[from] brn
|-sideend|p1: eleffele|move: Tailwind
|upkeep
|turn|12
|
|t:|1750848452
|move|p1b: Zamazenta|Iron Defense|p1b: Zamazenta
|-boost|p1b: Zamazenta|def|2
|move|p2a: Eternatus|Cosmic Power|p2a: Eternatus
|-boost|p2a: Eternatus|def|1
|-boost|p2a: Eternatus|spd|1
|move|p1a: Indeedee|Trick Room|p1a: Indeedee
|-fieldstart|move: Trick Room|[of] p1a: Indeedee
|
|-heal|p2a: Eternatus|94/100|[from] item: Leftovers
|-damage|p1b: Zamazenta|55/100 brn|[from] brn
|upkeep
|turn|13
|
|t:|1750848462
|move|p1a: Indeedee|Helping Hand|p1b: Zamazenta
|-singleturn|p1b: Zamazenta|Helping Hand|[of] p1a: Indeedee
|move|p2a: Eternatus|Cosmic Power|p2a: Eternatus
|-boost|p2a: Eternatus|def|1
|-boost|p2a: Eternatus|spd|1
|move|p1b: Zamazenta|Body Press|p2a: Eternatus
|-resisted|p2a: Eternatus
|-damage|p2a: Eternatus|83/100
|
|-heal|p2a: Eternatus|89/100|[from] item: Leftovers
|-damage|p1b: Zamazenta|49/100 brn|[from] brn
|-fieldend|move: Psychic Terrain
|upkeep
|turn|14
|
|t:|1750848477
|move|p2a: Eternatus|Substitute|p2a: Eternatus
|-start|p2a: Eternatus|Substitute
|-damage|p2a: Eternatus|64/100
|move|p1b: Zamazenta|Heavy Slam|p2a: Eternatus
|-supereffective|p2a: Eternatus
|-activate|p2a: Eternatus|move: Substitute|[damage]
|move|p1a: Indeedee|Trick Room|p1a: Indeedee
|-fieldend|move: Trick Room
|
|-heal|p2a: Eternatus|70/100|[from] item: Leftovers
|-damage|p1b: Zamazenta|43/100 brn|[from] brn
|upkeep
|turn|15
|
|t:|1750848488
|move|p1a: Indeedee|Helping Hand|p1b: Zamazenta
|-singleturn|p1b: Zamazenta|Helping Hand|[of] p1a: Indeedee
|move|p1b: Zamazenta|Heavy Slam|p2a: Eternatus
|-supereffective|p2a: Eternatus
|-activate|p2a: Eternatus|move: Substitute|[damage]
|move|p2a: Eternatus|Sludge Bomb|p1a: Indeedee
|-damage|p1a: Indeedee|27/100
|
|-heal|p2a: Eternatus|76/100|[from] item: Leftovers
|-damage|p1b: Zamazenta|38/100 brn|[from] brn
|upkeep
|turn|16
|-message|eleffele forfeited.
|
|win|WeWantBreathOfFire
|raw|eleffele's rating: 1724 &rarr; <strong>1700</strong><br />(-24 for losing)
|raw|WeWantBreathOfFire's rating: 1661 &rarr; <strong>1685</strong><br />(+24 for winning)
|l|☆eleffele
|player|p1|
|l| piplupBOSS
