|j|☆xdenoniox
|j|☆whade
|t:|1750851809
|gametype|doubles
|player|p1|xdenoniox|lance|1482
|player|p2|whade|2|1434
|teamsize|p1|6
|teamsize|p2|6
|gen|9
|tier|[Gen 9] VGC 2025 Reg I
|rated|
|rule|Species Clause: Limit one of each Pokémon
|rule|Item Clause: Limit 1 of each item
|clearpoke
|poke|p1|Miraidon, L50|
|poke|p1|Zamazenta-*, L50|
|poke|p1|Volcarona, L50, F|
|poke|p1|Chien-Pao, L50|
|poke|p1|Rillaboom, L50, M|
|poke|p1|Ogerpon, L50, F|
|poke|p2|Zacian-*, L50|
|poke|p2|Calyrex-Shadow, L50|
|poke|p2|Whimsicott, L50, M|
|poke|p2|Urshifu-*, L50, F|
|poke|p2|Farigiraf, L50, M|
|poke|p2|Iron Hands, L50|
|teampreview|4
|inactive|Battle timer is ON: inactive players will automatically lose when time's up. (requested by whade)
|inactive|xdenoniox has 60 seconds left.
|
|t:|1750851853
|start
|switch|p1a: Miraidon|Miraidon, L50|100/100
|switch|p1b: Zamazenta|Zamazenta-Crowned, L50, shiny|100/100
|switch|p2a: Whimsicott|Whimsicott, L50, M|100/100
|switch|p2b: Urshifu|Urshifu, L50, F|100/100
|-fieldstart|move: Electric Terrain|[from] ability: Hadron Engine|[of] p1a: Miraidon
|-ability|p1b: Zamazenta|Dauntless Shield|boost
|-boost|p1b: Zamazenta|def|1
|turn|1
|inactive|xdenoniox has 30 seconds left.
|inactive|whade has 30 seconds left.
|inactive|xdenoniox has 20 seconds left.
|
|t:|1750851889
|move|p2a: Whimsicott|Tailwind|p2a: Whimsicott
|-sidestart|p2: whade|move: Tailwind
|move|p2b: Urshifu|Close Combat|p1a: Miraidon
|-damage|p1a: Miraidon|8/100
|-unboost|p2b: Urshifu|def|1
|-unboost|p2b: Urshifu|spd|1
|move|p1a: Miraidon|Volt Switch|p2b: Urshifu
|-damage|p2b: Urshifu|0 fnt
|faint|p2b: Urshifu
|
|t:|1750851902
|switch|p1a: Volcarona|Volcarona, L50, F, shiny|100/100|[from] Volt Switch
|-enditem|p1a: Volcarona|Electric Seed
|-boost|p1a: Volcarona|def|1|[from] item: Electric Seed
|move|p1b: Zamazenta|Behemoth Bash|p2a: Whimsicott
|-supereffective|p2a: Whimsicott
|-damage|p2a: Whimsicott|7/100
|
|upkeep
|
|t:|1750851923
|switch|p2b: Calyrex|Calyrex-Shadow, L50|100/100
|-ability|p2b: Calyrex|As One
|-ability|p2b: Calyrex|Unnerve
|turn|2
|inactive|xdenoniox has 30 seconds left.
|
|t:|1750851956
|move|p1b: Zamazenta|Wide Guard|p1b: Zamazenta
|-singleturn|p1b: Zamazenta|Wide Guard
|move|p2a: Whimsicott|Taunt|p1b: Zamazenta
|-start|p1b: Zamazenta|move: Taunt
|move|p2b: Calyrex|Psychic|p1b: Zamazenta
|-damage|p1b: Zamazenta|62/100
|move|p1a: Volcarona|Quiver Dance|p1a: Volcarona
|-boost|p1a: Volcarona|spa|1
|-boost|p1a: Volcarona|spd|1
|-boost|p1a: Volcarona|spe|1
|
|upkeep
|turn|3
|
|t:|1750851972
|move|p2a: Whimsicott|Encore|p1a: Volcarona
|-start|p1a: Volcarona|Encore
|move|p2b: Calyrex|Astral Barrage|p1b: Zamazenta|[spread] p1a,p1b
|-damage|p1a: Volcarona|70/100
|-damage|p1b: Zamazenta|23/100
|move|p1a: Volcarona|Quiver Dance|p1a: Volcarona
|-boost|p1a: Volcarona|spa|1
|-boost|p1a: Volcarona|spd|1
|-boost|p1a: Volcarona|spe|1
|move|p1b: Zamazenta|Behemoth Bash|p2a: Whimsicott
|-supereffective|p2a: Whimsicott
|-damage|p2a: Whimsicott|0 fnt
|faint|p2a: Whimsicott
|
|upkeep
|
|t:|1750851984
|switch|p2a: Zacian|Zacian-Crowned, L50|100/100
|-ability|p2a: Zacian|Intrepid Sword|boost
|-boost|p2a: Zacian|atk|1
|turn|4
|
|t:|1750851999
|switch|p1b: Rillaboom|Rillaboom, L50, M, shiny|100/100
|-fieldstart|move: Grassy Terrain|[from] ability: Grassy Surge|[of] p1b: Rillaboom
|move|p2b: Calyrex|Astral Barrage|p1b: Rillaboom|[spread] p1a,p1b
|-crit|p1b: Rillaboom
|-damage|p1a: Volcarona|48/100
|-damage|p1b: Rillaboom|43/100
|move|p2a: Zacian|Behemoth Blade|p1a: Volcarona
|-resisted|p1a: Volcarona
|-damage|p1a: Volcarona|13/100
|-status|p2a: Zacian|brn|[from] ability: Flame Body|[of] p1a: Volcarona
|move|p1a: Volcarona|Quiver Dance|p1a: Volcarona
|-boost|p1a: Volcarona|spa|1
|-boost|p1a: Volcarona|spd|1
|-boost|p1a: Volcarona|spe|1
|
|-heal|p1a: Volcarona|19/100|[from] Grassy Terrain
|-heal|p1b: Rillaboom|49/100|[from] Grassy Terrain
|-damage|p2a: Zacian|95/100 brn|[from] brn
|-sideend|p2: whade|move: Tailwind
|upkeep
|turn|5
|inactive|xdenoniox has 30 seconds left.
|
|t:|1750852025
|move|p1b: Rillaboom|Fake Out|p2a: Zacian
|-resisted|p2a: Zacian
|-damage|p2a: Zacian|89/100 brn
|move|p1a: Volcarona|Quiver Dance|p1a: Volcarona
|-boost|p1a: Volcarona|spa|1
|-boost|p1a: Volcarona|spd|1
|-boost|p1a: Volcarona|spe|1
|move|p2b: Calyrex|Astral Barrage|p1b: Rillaboom|[spread] p1a,p1b
|-damage|p1a: Volcarona|3/100
|-damage|p1b: Rillaboom|16/100
|cant|p2a: Zacian|flinch
|
|-heal|p1a: Volcarona|8/100|[from] Grassy Terrain
|-heal|p2a: Zacian|95/100 brn|[from] Grassy Terrain
|-heal|p1b: Rillaboom|22/100|[from] Grassy Terrain
|-damage|p2a: Zacian|89/100 brn|[from] brn
|-end|p1a: Volcarona|Encore
|upkeep
|turn|6
|inactive|xdenoniox has 30 seconds left.
|
|t:|1750852051
|-terastallize|p1a: Volcarona|Grass
|move|p1a: Volcarona|Giga Drain|p2a: Zacian
|-resisted|p2a: Zacian
|-damage|p2a: Zacian|23/100 brn
|-heal|p1a: Volcarona|37/100|[from] drain|[of] p2a: Zacian
|move|p2b: Calyrex|Astral Barrage|p1b: Rillaboom|[spread] p1a,p1b
|-damage|p1a: Volcarona|20/100
|-damage|p1b: Rillaboom|0 fnt
|faint|p1b: Rillaboom
|-ability|p2b: Calyrex|Grim Neigh|boost
|-boost|p2b: Calyrex|spa|1
|move|p2a: Zacian|Behemoth Blade|p1a: Volcarona
|-crit|p1a: Volcarona
|-damage|p1a: Volcarona|0 fnt
|faint|p1a: Volcarona
|
|-heal|p2a: Zacian|29/100 brn|[from] Grassy Terrain
|-damage|p2a: Zacian|23/100 brn|[from] brn
|upkeep
|
|t:|1750852072
|switch|p1a: Miraidon|Miraidon, L50|8/100
|switch|p1b: Zamazenta|Zamazenta-Crowned, L50, shiny|23/100
|-fieldstart|move: Electric Terrain|[from] ability: Hadron Engine|[of] p1a: Miraidon
|turn|7
|
|t:|1750852097
|move|p1a: Miraidon|Volt Switch|p2a: Zacian
|-damage|p2a: Zacian|0 fnt
|faint|p2a: Zacian
|move|p2b: Calyrex|Psychic|p1a: Miraidon
|-damage|p1a: Miraidon|0 fnt
|faint|p1a: Miraidon
|-ability|p2b: Calyrex|Grim Neigh|boost
|-boost|p2b: Calyrex|spa|1
|move|p1b: Zamazenta|Behemoth Bash|p2b: Calyrex
|-damage|p2b: Calyrex|46/100
|
|upkeep
|turn|8
|
|t:|1750852115
|move|p1b: Zamazenta|Protect|p1b: Zamazenta
|-singleturn|p1b: Zamazenta|Protect
|move|p2b: Calyrex|Psychic|p1b: Zamazenta
|-activate|p1b: Zamazenta|move: Protect
|
|upkeep
|turn|9
|
|t:|1750852123
|move|p2b: Calyrex|Psychic|p1b: Zamazenta
|-damage|p1b: Zamazenta|0 fnt
|faint|p1b: Zamazenta
|
|win|whade
|raw|xdenoniox's rating: 1482 &rarr; <strong>1459</strong><br />(-23 for losing)
|raw|whade's rating: 1434 &rarr; <strong>1457</strong><br />(+23 for winning)
