|j|☆ToastTopping
|j|☆ScantilyCladDemon
|t:|1750740709
|gametype|doubles
|player|p1|ToastTopping|hilbert-wonderlauncher|1083
|player|p2|ScantilyCladDemon|cynthia|1052
|teamsize|p1|6
|teamsize|p2|6
|gen|9
|tier|[Gen 9] VGC 2025 Reg I
|rated|
|rule|Species Clause: Limit one of each Pokémon
|rule|Item Clause: Limit 1 of each item
|clearpoke
|poke|p1|Indeedee-F, L50, F|
|poke|p1|Lunala, L50|
|poke|p1|Kyogre, L50|
|poke|p1|Ursaluna, L50, F|
|poke|p1|Flutter Mane, L50|
|poke|p1|Urshifu-*, L50, M|
|poke|p2|Koraidon, L50|
|poke|p2|Calyrex-Shadow, L50|
|poke|p2|Ogerpon-Wellspring, L50, F|
|poke|p2|Whimsicott, L50, F|
|poke|p2|Flutter Mane, L50|
|poke|p2|Amoonguss, L50, F|
|teampreview|4
|
|t:|1750740729
|start
|switch|p1a: Urshifu|Urshifu-Rapid-Strike, L50, M|100/100
|switch|p1b: Indeedee|Indeedee-F, L50, F|100/100
|switch|p2a: Calyrex|Calyrex-Shadow, L50|100/100
|switch|p2b: Whimsicott|Whimsicott, L50, F|100/100
|-ability|p2a: Calyrex|As One
|-ability|p2a: Calyrex|Unnerve
|-fieldstart|move: Psychic Terrain|[from] ability: Psychic Surge|[of] p1b: Indeedee
|turn|1
|inactive|Battle timer is ON: inactive players will automatically lose when time's up. (requested by ScantilyCladDemon)
|
|t:|1750740755
|move|p2b: Whimsicott|Tailwind|p2b: Whimsicott
|-sidestart|p2: ScantilyCladDemon|move: Tailwind
|move|p2a: Calyrex|Psychic|p1a: Urshifu
|-supereffective|p1a: Urshifu
|-damage|p1a: Urshifu|0 fnt
|faint|p1a: Urshifu
|-ability|p2a: Calyrex|Grim Neigh|boost
|-boost|p2a: Calyrex|spa|1
|move|p1b: Indeedee|Trick Room|p1b: Indeedee
|-fieldstart|move: Trick Room|[of] p1b: Indeedee
|
|upkeep
|
|t:|1750740763
|switch|p1a: Kyogre|Kyogre, L50|100/100
|-weather|RainDance|[from] ability: Drizzle|[of] p1a: Kyogre
|turn|2
|
|t:|1750740771
|-terastallize|p1a: Kyogre|Water
|move|p1b: Indeedee|Helping Hand|p1a: Kyogre
|-singleturn|p1a: Kyogre|Helping Hand|[of] p1b: Indeedee
|move|p2b: Whimsicott|Sunny Day|p2b: Whimsicott
|-weather|SunnyDay
|move|p1a: Kyogre|Water Spout|p2b: Whimsicott|[spread] p2a,p2b
|-resisted|p2b: Whimsicott
|-damage|p2a: Calyrex|28/100
|-damage|p2b: Whimsicott|42/100
|move|p2a: Calyrex|Psychic|p1a: Kyogre
|-damage|p1a: Kyogre|32/100
|
|-weather|SunnyDay|[upkeep]
|upkeep
|turn|3
|
|t:|1750740785
|move|p2b: Whimsicott|Protect|p2b: Whimsicott
|-singleturn|p2b: Whimsicott|Protect
|move|p1b: Indeedee|Heal Pulse|p1a: Kyogre
|-heal|p1a: Kyogre|83/100
|move|p1a: Kyogre|Water Spout|p2a: Calyrex|[spread] p2a
|-activate|p2b: Whimsicott|move: Protect
|-damage|p2a: Calyrex|0 fnt
|faint|p2a: Calyrex
|
|-weather|SunnyDay|[upkeep]
|upkeep
|
|t:|1750740796
|switch|p2a: Flutter Mane|Flutter Mane, L50|100/100
|-activate|p2a: Flutter Mane|ability: Protosynthesis
|-start|p2a: Flutter Mane|protosynthesisspe
|turn|4
|
|t:|1750740811
|switch|p1b: Lunala|Lunala, L50|100/100
|move|p1a: Kyogre|Protect|p1a: Kyogre
|-singleturn|p1a: Kyogre|Protect
|move|p2b: Whimsicott|Moonblast|p1a: Kyogre
|-activate|p1a: Kyogre|move: Protect
|move|p2a: Flutter Mane|Trick Room|p2a: Flutter Mane
|-fieldend|move: Trick Room
|
|-weather|SunnyDay|[upkeep]
|-sideend|p2: ScantilyCladDemon|move: Tailwind
|upkeep
|turn|5
|
|t:|1750740830
|switch|p1b: Indeedee|Indeedee-F, L50, F|100/100
|-terastallize|p2a: Flutter Mane|Fairy
|move|p2b: Whimsicott|Tailwind|p2b: Whimsicott
|-sidestart|p2: ScantilyCladDemon|move: Tailwind
|move|p2a: Flutter Mane|Dazzling Gleam|p1a: Kyogre|[spread] p1a,p1b
|-damage|p1a: Kyogre|54/100
|-damage|p1b: Indeedee|55/100
|move|p1a: Kyogre|Ice Beam|p2b: Whimsicott
|-supereffective|p2b: Whimsicott
|-damage|p2b: Whimsicott|0 fnt
|faint|p2b: Whimsicott
|
|-weather|SunnyDay|[upkeep]
|-fieldend|move: Psychic Terrain
|upkeep
|
|t:|1750740843
|switch|p2b: Bonk|Koraidon, L50|100/100
|-activate|p2b: Bonk|ability: Orichalcum Pulse
|turn|6
|
|t:|1750740855
|switch|p1a: Lunala|Lunala, L50|100/100
|move|p2b: Bonk|Dragon Claw|p1a: Lunala
|-damage|p1a: Lunala|71/100
|-damage|p2b: Bonk|91/100|[from] item: Life Orb
|move|p2a: Flutter Mane|Trick Room|p2a: Flutter Mane
|-fieldstart|move: Trick Room|[of] p2a: Flutter Mane
|move|p1b: Indeedee|Trick Room|p1b: Indeedee
|-fieldend|move: Trick Room
|
|-weather|none
|-end|p2a: Flutter Mane|Protosynthesis
|upkeep
|turn|7
|
|t:|1750740876
|move|p1a: Lunala|Wide Guard|p1a: Lunala
|-singleturn|p1a: Lunala|Wide Guard
|move|p2a: Flutter Mane|Dazzling Gleam|p1a: Lunala|[spread] 
|-activate|p1a: Lunala|move: Wide Guard
|-activate|p1b: Indeedee|move: Wide Guard
|move|p2b: Bonk|Close Combat|p1b: Indeedee
|-damage|p1b: Indeedee|0 fnt
|-unboost|p2b: Bonk|def|1
|-unboost|p2b: Bonk|spd|1
|-damage|p2b: Bonk|74/100|[from] item: Rocky Helmet|[of] p1b: Indeedee
|faint|p1b: Indeedee
|-damage|p2b: Bonk|64/100|[from] item: Life Orb
|
|upkeep
|
|t:|1750740885
|switch|p1b: Kyogre|Kyogre, L50, tera:Water|54/100
|-weather|RainDance|[from] ability: Drizzle|[of] p1b: Kyogre
|turn|8
|
|t:|1750740904
|move|p1b: Kyogre|Protect|p1b: Kyogre
|-singleturn|p1b: Kyogre|Protect
|move|p2b: Bonk|U-turn|p1a: Lunala
|-damage|p1a: Lunala|45/100
|-damage|p2b: Bonk|55/100|[from] item: Life Orb
|move|p2a: Flutter Mane|Dazzling Gleam|p1a: Lunala|[spread] p1a
|-activate|p1b: Kyogre|move: Protect
|-damage|p1a: Lunala|13/100
|move|p1a: Lunala|Trick Room|p1a: Lunala
|-fieldstart|move: Trick Room|[of] p1a: Lunala
|
|-weather|RainDance|[upkeep]
|-sideend|p2: ScantilyCladDemon|move: Tailwind
|upkeep
|turn|9
|
|t:|1750740926
|move|p1b: Kyogre|Ice Beam|p2b: Bonk
|-supereffective|p2b: Bonk
|-damage|p2b: Bonk|0 fnt
|faint|p2b: Bonk
|move|p1a: Lunala|Moongeist Beam|p2a: Flutter Mane
|-damage|p2a: Flutter Mane|41/100
|move|p2a: Flutter Mane|Trick Room|p2a: Flutter Mane
|-fieldend|move: Trick Room
|
|-weather|RainDance|[upkeep]
|upkeep
|turn|10
|
|t:|1750740939
|move|p1a: Lunala|Wide Guard|p1a: Lunala
|-singleturn|p1a: Lunala|Wide Guard
|move|p2a: Flutter Mane|Dazzling Gleam|p1b: Kyogre|[spread] 
|-activate|p1a: Lunala|move: Wide Guard
|-activate|p1b: Kyogre|move: Wide Guard
|move|p1b: Kyogre|Ice Beam|p2a: Flutter Mane
|-damage|p2a: Flutter Mane|0 fnt
|faint|p2a: Flutter Mane
|-end|p2a: Flutter Mane|Protosynthesis|[silent]
|
|win|ToastTopping
|raw|ToastTopping's rating: 1083 &rarr; <strong>1108</strong><br />(+25 for winning)
|raw|ScantilyCladDemon's rating: 1052 &rarr; <strong>1036</strong><br />(-16 for losing)
|l|☆ScantilyCladDemon
|player|p2|
