|j|‽xGSx3ntr0py
|j|☆Test-on-calls
|t:|1750723428
|gametype|doubles
|player|p1|xGSx3ntr0py|101|1518
|player|p2|Test-on-calls|169|1500
|teamsize|p1|6
|teamsize|p2|6
|gen|9
|tier|[Gen 9] VGC 2025 Reg I
|rated|
|rule|Species Clause: Limit one of each Pokémon
|rule|Item Clause: Limit 1 of each item
|clearpoke
|poke|p1|Calyrex-Ice, L50|
|poke|p1|Smeargle, L50, M|
|poke|p1|Incineroar, L50, F|
|poke|p1|Rillaboom, L50, F|
|poke|p1|Lunala, L50|
|poke|p1|Muk-Alola, L50, M|
|poke|p2|Chien-Pao, L50|
|poke|p2|Grimmsnarl, L50, M|
|poke|p2|Gouging Fire, L50|
|poke|p2|Giratina-Origin, L50|
|poke|p2|Zamazenta-*, L50|
|poke|p2|Milotic, L50, F|
|teampreview|4
|
|t:|1750723468
|start
|switch|p1a: Muk|Muk-Alola, L50, M|100/100
|switch|p1b: Smeargle|Smeargle, L50, M|100/100
|switch|p2a: Milotic|Milotic, L50, F|100/100
|switch|p2b: Grimmsnarl|Grimmsnarl, L50, M, shiny|100/100
|turn|1
|
|t:|1750723487
|move|p1b: Smeargle|Spiky Shield|p1b: Smeargle
|-singleturn|p1b: Smeargle|move: Protect
|move|p2b: Grimmsnarl|Reflect|p2b: Grimmsnarl
|-sidestart|p2: Test-on-calls|Reflect
|move|p2a: Milotic|Coil|p2a: Milotic
|-boost|p2a: Milotic|atk|1
|-boost|p2a: Milotic|def|1
|-boost|p2a: Milotic|accuracy|1
|move|p1a: Muk|Minimize|p1a: Muk
|-boost|p1a: Muk|evasion|2
|
|-ability|p1b: Smeargle|Moody|boost
|-boost|p1b: Smeargle|spa|2
|-unboost|p1b: Smeargle|spe|1
|upkeep
|turn|2
|
|t:|1750723500
|move|p2b: Grimmsnarl|Thunder Wave|p1b: Smeargle
|-status|p1b: Smeargle|par
|move|p2a: Milotic|Hypnosis||[still]
|-fail|p2a: Milotic
|move|p1a: Muk|Minimize|p1a: Muk
|-boost|p1a: Muk|evasion|2
|move|p1b: Smeargle|Spore|p2a: Milotic
|-status|p2a: Milotic|slp|[from] move: Spore
|
|-ability|p1b: Smeargle|Moody|boost
|-boost|p1b: Smeargle|spa|2
|-unboost|p1b: Smeargle|atk|1
|upkeep
|turn|3
|c|☆Test-on-calls|Oh
|c|☆Test-on-calls|that was silly of me
|
|t:|1750723515
|cant|p2a: Milotic|slp
|move|p2b: Grimmsnarl|Spirit Break|p1b: Smeargle
|-damage|p1b: Smeargle|54/100 par
|-unboost|p1b: Smeargle|spa|1
|move|p1a: Muk|Minimize|p1a: Muk
|-boost|p1a: Muk|evasion|2
|cant|p1b: Smeargle|par
|
|-ability|p1b: Smeargle|Moody|boost
|-boost|p1b: Smeargle|def|2
|-unboost|p1b: Smeargle|spa|1
|upkeep
|turn|4
|
|t:|1750723530
|move|p2b: Grimmsnarl|Light Screen|p2b: Grimmsnarl
|-sidestart|p2: Test-on-calls|move: Light Screen
|cant|p2a: Milotic|slp
|move|p1a: Muk|Toxic||[still]
|-fail|p1a: Muk
|move|p1b: Smeargle|Spore|p2b: Grimmsnarl
|-status|p2b: Grimmsnarl|slp|[from] move: Spore
|
|-ability|p1b: Smeargle|Moody|boost
|-boost|p1b: Smeargle|atk|2
|-unboost|p1b: Smeargle|def|1
|upkeep
|turn|5
|
|t:|1750723547
|cant|p1b: Smeargle|par
|cant|p2b: Grimmsnarl|slp
|cant|p2a: Milotic|slp
|move|p1a: Muk|Toxic||[still]
|-fail|p1a: Muk
|
|-ability|p1b: Smeargle|Moody|boost
|-boost|p1b: Smeargle|spd|2
|-unboost|p1b: Smeargle|spa|1
|upkeep
|turn|6
|
|t:|1750723574
|switch|p2a: Zamazenta|Zamazenta-Crowned, L50, shiny|100/100
|-ability|p2a: Zamazenta|Dauntless Shield|boost
|-boost|p2a: Zamazenta|def|1
|cant|p1b: Smeargle|par
|cant|p2b: Grimmsnarl|slp
|move|p1a: Muk|Toxic|p2a: Zamazenta
|-immune|p2a: Zamazenta
|
|-ability|p1b: Smeargle|Moody|boost
|-boost|p1b: Smeargle|def|2
|-unboost|p1b: Smeargle|spe|1
|upkeep
|turn|7
|
|t:|1750723597
|cant|p1b: Smeargle|par
|move|p2a: Zamazenta|Body Press|p1b: Smeargle
|-supereffective|p1b: Smeargle
|-damage|p1b: Smeargle|0 fnt
|faint|p1b: Smeargle
|-ability|p1a: Muk|Moody|[from] ability: Power of Alchemy|[of] p1b: Smeargle
|cant|p2b: Grimmsnarl|slp
|move|p1a: Muk|Toxic||[still]
|-fail|p1a: Muk
|
|-ability|p1a: Muk|Moody|boost
|-boost|p1a: Muk|spa|2
|-unboost|p1a: Muk|spd|1
|upkeep
|c|☆Test-on-calls|Did you know heavy slam doubles if minimize is used?
|
|t:|1750723621
|switch|p1b: Incineroar|Incineroar, L50, F|100/100
|-ability|p1b: Incineroar|Intimidate|boost
|-unboost|p2a: Zamazenta|atk|1
|-unboost|p2b: Grimmsnarl|atk|1
|turn|8
|c|☆Test-on-calls|Cause I do!
|
|t:|1750723634
|move|p1b: Incineroar|Fake Out|p2a: Zamazenta
|-resisted|p2a: Zamazenta
|-damage|p2a: Zamazenta|99/100
|-curestatus|p2b: Grimmsnarl|slp|[msg]
|move|p2b: Grimmsnarl|Thunder Wave|p1b: Incineroar
|-hint|Since gen 7, Dark is immune to Prankster moves.
|-immune|p1b: Incineroar
|cant|p2a: Zamazenta|flinch
|move|p1a: Muk|Toxic|p2b: Grimmsnarl
|-status|p2b: Grimmsnarl|tox
|
|-damage|p2b: Grimmsnarl|95/100 tox|[from] psn
|-sideend|p2: Test-on-calls|Reflect
|-ability|p1a: Muk|Moody|boost
|-boost|p1a: Muk|spa|2
|-unboost|p1a: Muk|atk|1
|upkeep
|turn|9
|
|t:|1750723661
|switch|p1b: Lunala|Lunala, L50|100/100
|move|p2b: Grimmsnarl|Reflect|p2b: Grimmsnarl
|-sidestart|p2: Test-on-calls|Reflect
|move|p2a: Zamazenta|Body Press|p1b: Lunala
|-immune|p1b: Lunala
|move|p1a: Muk|Drain Punch|p2a: Zamazenta
|-supereffective|p2a: Zamazenta
|-damage|p2a: Zamazenta|94/100
|
|-damage|p2b: Grimmsnarl|83/100 tox|[from] psn
|-ability|p1a: Muk|Moody|boost
|-boost|p1a: Muk|atk|2
|-unboost|p1a: Muk|spd|1
|upkeep
|turn|10
|
|t:|1750723680
|move|p2a: Zamazenta|Protect|p2a: Zamazenta
|-singleturn|p2a: Zamazenta|Protect
|move|p1a: Muk|Protect|p1a: Muk
|-singleturn|p1a: Muk|Protect
|move|p2b: Grimmsnarl|Thunder Wave|p1b: Lunala
|-status|p1b: Lunala|par
|move|p1b: Lunala|Psych Up|p1a: Muk
|-copyboost|p1b: Lunala|p1a: Muk|[from] move: Psych Up
|
|-damage|p2b: Grimmsnarl|65/100 tox|[from] psn
|-ability|p1a: Muk|Moody|boost
|-boost|p1a: Muk|spa|2
|-unboost|p1a: Muk|spe|1
|upkeep
|turn|11
|
|t:|1750723697
|move|p2a: Zamazenta|Heavy Slam|p1a: Muk
|-damage|p1a: Muk|49/100
|move|p2b: Grimmsnarl|Spirit Break|p1b: Lunala|[miss]
|-miss|p2b: Grimmsnarl|p1b: Lunala
|move|p1b: Lunala|Moonblast|p2a: Zamazenta
|-damage|p2a: Zamazenta|37/100
|move|p1a: Muk|Drain Punch|p2a: Zamazenta
|-supereffective|p2a: Zamazenta
|-damage|p2a: Zamazenta|25/100
|-heal|p1a: Muk|54/100|[from] drain|[of] p2a: Zamazenta
|
|-heal|p1a: Muk|60/100|[from] item: Black Sludge
|-damage|p2b: Grimmsnarl|41/100 tox|[from] psn
|-sideend|p2: Test-on-calls|move: Light Screen
|-ability|p1a: Muk|Moody|boost
|-boost|p1a: Muk|spd|2
|-unboost|p1a: Muk|def|1
|upkeep
|turn|12
|
|t:|1750723715
|move|p2a: Zamazenta|Protect|p2a: Zamazenta
|-singleturn|p2a: Zamazenta|Protect
|move|p1a: Muk|Protect|p1a: Muk
|-singleturn|p1a: Muk|Protect
|move|p2b: Grimmsnarl|Spirit Break|p1b: Lunala|[miss]
|-miss|p2b: Grimmsnarl|p1b: Lunala
|move|p1b: Lunala|Moonblast|p2a: Zamazenta
|-activate|p2a: Zamazenta|move: Protect
|
|-heal|p1a: Muk|66/100|[from] item: Black Sludge
|-damage|p2b: Grimmsnarl|11/100 tox|[from] psn
|-ability|p1a: Muk|Moody|boost
|-boost|p1a: Muk|spe|2
|-unboost|p1a: Muk|atk|1
|upkeep
|turn|13
|
|t:|1750723728
|move|p1a: Muk|Protect||[still]
|-fail|p1a: Muk
|move|p2a: Zamazenta|Heavy Slam|p1a: Muk
|-damage|p1a: Muk|0 fnt
|faint|p1a: Muk
|move|p2b: Grimmsnarl|Spirit Break|p1b: Lunala
|-damage|p1b: Lunala|93/100 par
|-unboost|p1b: Lunala|spa|1
|move|p1b: Lunala|Moonblast|p2a: Zamazenta
|-damage|p2a: Zamazenta|0 fnt
|faint|p2a: Zamazenta
|
|-heal|p1b: Lunala|99/100 par|[from] item: Leftovers
|-damage|p2b: Grimmsnarl|0 fnt|[from] psn
|faint|p2b: Grimmsnarl
|upkeep
|
|t:|1750723734
|switch|p2a: Milotic|Milotic, L50, F|100/100 slp
|switch|p2b: Giratina|Giratina-Origin, L50, shiny|100/100
|switch|p1a: Incineroar|Incineroar, L50, F|100/100
|-ability|p1a: Incineroar|Intimidate|boost
|-unboost|p2a: Milotic|atk|1
|-ability|p2a: Milotic|Competitive|boost
|-boost|p2a: Milotic|spa|2
|-unboost|p2b: Giratina|atk|1
|turn|14
|j| neebieplayersea
|
|t:|1750723754
|-terastallize|p2b: Giratina|Dark
|move|p2b: Giratina|Poltergeist|p1b: Lunala|[miss]
|-miss|p2b: Giratina|p1b: Lunala
|-curestatus|p2a: Milotic|slp|[msg]
|move|p2a: Milotic|Coil|p2a: Milotic
|-boost|p2a: Milotic|atk|1
|-boost|p2a: Milotic|def|1
|-boost|p2a: Milotic|accuracy|1
|move|p1a: Incineroar|Knock Off|p2a: Milotic
|-damage|p2a: Milotic|83/100
|-enditem|p2a: Milotic|Leftovers|[from] move: Knock Off|[of] p1a: Incineroar
|move|p1b: Lunala|Moonblast|p2a: Milotic
|-damage|p2a: Milotic|14/100
|
|-heal|p1b: Lunala|100/100 par|[from] item: Leftovers
|upkeep
|turn|15
|j| mistball2
|
|t:|1750723802
|-terastallize|p1b: Lunala|Fairy
|move|p2b: Giratina|Poltergeist|p1b: Lunala
|-activate|p1b: Lunala|move: Poltergeist|Leftovers
|-damage|p1b: Lunala|80/100 par
|move|p2a: Milotic|Muddy Water|p1b: Lunala|[spread] p1a
|-miss|p2a: Milotic|p1b: Lunala
|-supereffective|p1a: Incineroar
|-damage|p1a: Incineroar|4/100
|move|p1a: Incineroar|Knock Off|p2b: Giratina
|-resisted|p2b: Giratina
|-damage|p2b: Giratina|94/100
|move|p1b: Lunala|Moonblast|p2a: Milotic
|-damage|p2a: Milotic|0 fnt
|faint|p2a: Milotic
|
|-heal|p1b: Lunala|86/100 par|[from] item: Leftovers
|upkeep
|turn|16
|
|t:|1750723822
|move|p2b: Giratina|Shadow Sneak|p1a: Incineroar
|-resisted|p1a: Incineroar
|-damage|p1a: Incineroar|0 fnt
|faint|p1a: Incineroar
|move|p1b: Lunala|Moonblast|p2b: Giratina
|-supereffective|p2b: Giratina
|-damage|p2b: Giratina|0 fnt
|faint|p2b: Giratina
|
|win|xGSx3ntr0py
|raw|xGSx3ntr0py's rating: 1518 &rarr; <strong>1537</strong><br />(+19 for winning)
|raw|Test-on-calls's rating: 1500 &rarr; <strong>1481</strong><br />(-19 for losing)
|l|‽xGSx3ntr0py
|player|p1|
|l| neebieplayersea
