|j|☆Joka-Dah
|j|☆caiitsiith
|t:|1750832656
|gametype|doubles
|player|p1|Joka-Dah|brock|1123
|player|p2|caiitsiith|shauntal|1057
|teamsize|p1|6
|teamsize|p2|6
|gen|9
|tier|[Gen 9] VGC 2025 Reg I
|rated|
|rule|Species Clause: Limit one of each Pokémon
|rule|Item Clause: Limit 1 of each item
|clearpoke
|poke|p1|Kyogre, L50|
|poke|p1|Zacian-*, L50|
|poke|p1|Charizard, L50, F|
|poke|p1|Dondozo, L50, M|
|poke|p1|Pelipper, L50, F|
|poke|p1|Ditto, L50|
|poke|p2|Ogerpon-Cornerstone, L50, F|
|poke|p2|Lunala, L50|
|poke|p2|Tornadus, L50, M|
|poke|p2|Incineroar, L50, M|
|poke|p2|Walking Wake, L50|
|poke|p2|Koraidon, L50|
|teampreview|4
|
|t:|1750832703
|start
|switch|p1a: Pelipper|Pelipper, L50, F|100/100
|switch|p1b: Charizard|Charizard, L50, F|100/100
|switch|p2a: Ogerpon|Ogerpon-Cornerstone, L50, F|100/100
|switch|p2b: Tornadus|Tornadus, L50, M|100/100
|-weather|RainDance|[from] ability: Drizzle|[of] p1a: Pelipper
|turn|1
|
|t:|1750832741
|-terastallize|p1b: Charizard|Water
|move|p2a: Ogerpon|Spiky Shield|p2a: Ogerpon
|-singleturn|p2a: Ogerpon|move: Protect
|move|p2b: Tornadus|Tailwind|p2b: Tornadus
|-sidestart|p2: caiitsiith|move: Tailwind
|move|p1b: Charizard|Weather Ball|p2a: Ogerpon
|-activate|p2a: Ogerpon|move: Protect
|move|p1a: Pelipper|Tailwind|p1a: Pelipper
|-sidestart|p1: Joka-Dah|move: Tailwind
|
|-weather|RainDance|[upkeep]
|upkeep
|turn|2
|
|t:|1750832771
|move|p2b: Tornadus|Sunny Day|p2b: Tornadus
|-weather|SunnyDay
|move|p2a: Ogerpon|Wood Hammer|p1b: Charizard
|-supereffective|p1b: Charizard
|-damage|p1b: Charizard|0 fnt
|faint|p1b: Charizard
|-damage|p2a: Ogerpon|68/100|[from] Recoil
|move|p1a: Pelipper|Hurricane|p2a: Ogerpon
|-damage|p2a: Ogerpon|29/100
|-start|p2a: Ogerpon|confusion
|
|-weather|SunnyDay|[upkeep]
|upkeep
|
|t:|1750832786
|switch|p1b: Zacian|Zacian-Crowned, L50|100/100
|-ability|p1b: Zacian|Intrepid Sword|boost
|-boost|p1b: Zacian|atk|1
|turn|3
|
|t:|1750832805
|-activate|p2a: Ogerpon|confusion
|-damage|p2a: Ogerpon|11/100|[from] confusion
|move|p2b: Tornadus|Taunt|p1a: Pelipper
|-start|p1a: Pelipper|move: Taunt
|move|p1b: Zacian|Behemoth Blade|p2b: Tornadus
|-damage|p2b: Tornadus|0 fnt
|faint|p2b: Tornadus
|move|p1a: Pelipper|Weather Ball|p2a: Ogerpon
|-damage|p2a: Ogerpon|0 fnt
|faint|p2a: Ogerpon
|
|-weather|SunnyDay|[upkeep]
|upkeep
|
|t:|1750832818
|switch|p2a: Lunala|Lunala, L50|100/100
|switch|p2b: Incineroar|Incineroar, L50, M|100/100
|-ability|p2b: Incineroar|Intimidate|boost
|-unboost|p1a: Pelipper|atk|1
|-unboost|p1b: Zacian|atk|1
|turn|4
|
|t:|1750832830
|move|p1b: Zacian|Protect|p1b: Zacian
|-singleturn|p1b: Zacian|Protect
|move|p2b: Incineroar|Fake Out|p1b: Zacian
|-activate|p1b: Zacian|move: Protect
|move|p2a: Lunala|Meteor Beam||[still]
|-prepare|p2a: Lunala|Meteor Beam
|-boost|p2a: Lunala|spa|1
|-enditem|p2a: Lunala|Power Herb
|-anim|p2a: Lunala|Meteor Beam|p1a: Pelipper
|-supereffective|p1a: Pelipper
|-damage|p1a: Pelipper|0 fnt
|faint|p1a: Pelipper
|
|-weather|SunnyDay|[upkeep]
|-sideend|p1: Joka-Dah|move: Tailwind
|-sideend|p2: caiitsiith|move: Tailwind
|upkeep
|
|t:|1750832846
|switch|p1a: Kyogre|Kyogre, L50|100/100
|-weather|RainDance|[from] ability: Drizzle|[of] p1a: Kyogre
|turn|5
|
|t:|1750832858
|move|p2a: Lunala|Protect|p2a: Lunala
|-singleturn|p2a: Lunala|Protect
|move|p1b: Zacian|Play Rough|p2a: Lunala
|-activate|p2a: Lunala|move: Protect
|move|p1a: Kyogre|Water Spout|p2b: Incineroar|[spread] p2b
|-activate|p2a: Lunala|move: Protect
|-supereffective|p2b: Incineroar
|-damage|p2b: Incineroar|0 fnt
|faint|p2b: Incineroar
|
|-weather|RainDance|[upkeep]
|upkeep
|turn|6
|
|t:|1750832884
|-terastallize|p2a: Lunala|Psychic
|move|p1b: Zacian|Behemoth Blade|p2a: Lunala
|-damage|p2a: Lunala|74/100
|move|p2a: Lunala|Moongeist Beam|p1a: Kyogre
|-damage|p1a: Kyogre|35/100
|move|p1a: Kyogre|Water Spout|p2a: Lunala
|-damage|p2a: Lunala|21/100
|
|-weather|RainDance|[upkeep]
|upkeep
|turn|7
|-message|caiitsiith forfeited.
|
|win|Joka-Dah
|raw|Joka-Dah's rating: 1123 &rarr; <strong>1143</strong><br />(+20 for winning)
|raw|caiitsiith's rating: 1057 &rarr; <strong>1042</strong><br />(-15 for losing)
|l|☆caiitsiith
|player|p2|
|l|☆Joka-Dah
|player|p1|
