|j|☆NK269
|j|☆mondayvgc
|t:|1750856263
|gametype|doubles
|player|p1|NK269|cyrus|1315
|player|p2|mondayvgc|169|1241
|teamsize|p1|6
|teamsize|p2|6
|gen|9
|tier|[Gen 9] VGC 2025 Reg I
|rated|
|rule|Species Clause: Limit one of each Pokémon
|rule|Item Clause: Limit 1 of each item
|clearpoke
|poke|p1|Koraidon, L50|
|poke|p1|Walking Wake, L50|
|poke|p1|Calyrex-Shadow, L50|
|poke|p1|Indeedee-F, L50, F|
|poke|p1|Brute Bonnet, L50|
|poke|p1|Ursaluna, L50, M|
|poke|p2|Ursaluna-Bloodmoon, L50, M|
|poke|p2|Indeedee-F, L50, F|
|poke|p2|Iron Valiant, L50|
|poke|p2|Lunala, L50|
|poke|p2|Miraidon, L50|
|poke|p2|Goodra-Hisui, L50, M|
|teampreview|4
|inactive|Battle timer is ON: inactive players will automatically lose when time's up. (requested by NK269)
|inactive|NK269 has 60 seconds left.
|inactive|mondayvgc has 60 seconds left.
|
|t:|1750856313
|start
|switch|p1a: Koraidon|Koraidon, L50|100/100
|switch|p1b: Ursaluna|Ursaluna, L50, M|100/100
|switch|p2a: Miraidon|Miraidon, L50|100/100
|switch|p2b: Lunala|Lunala, L50, shiny|100/100
|-fieldstart|move: Electric Terrain|[from] ability: Hadron Engine|[of] p2a: Miraidon
|-weather|SunnyDay|[from] ability: Orichalcum Pulse|[of] p1a: Koraidon
|-activate|p1a: Koraidon|Orichalcum Pulse|[source]
|turn|1
|inactive|NK269 has 30 seconds left.
|
|t:|1750856339
|move|p1a: Koraidon|Protect|p1a: Koraidon
|-singleturn|p1a: Koraidon|Protect
|move|p1b: Ursaluna|Protect|p1b: Ursaluna
|-singleturn|p1b: Ursaluna|Protect
|move|p2a: Miraidon|Volt Switch|p1a: Koraidon
|-activate|p1a: Koraidon|move: Protect
|move|p2b: Lunala|Meteor Beam||[still]
|-prepare|p2b: Lunala|Meteor Beam
|-boost|p2b: Lunala|spa|1
|-enditem|p2b: Lunala|Power Herb
|-anim|p2b: Lunala|Meteor Beam|p1a: Koraidon
|-activate|p1a: Koraidon|move: Protect
|
|-weather|SunnyDay|[upkeep]
|-status|p1b: Ursaluna|brn|[from] item: Flame Orb
|upkeep
|turn|2
|inactive|NK269 has 30 seconds left.
|
|t:|1750856367
|move|p2a: Miraidon|Volt Switch|p1a: Koraidon
|-resisted|p1a: Koraidon
|-damage|p1a: Koraidon|70/100
|
|t:|1750856373
|switch|p2a: Goodra|Goodra-Hisui, L50, M, shiny|100/100|[from] Volt Switch
|move|p1a: Koraidon|Flame Charge|p2b: Lunala
|-damage|p2b: Lunala|82/100
|-boost|p1a: Koraidon|spe|1
|-damage|p1a: Koraidon|60/100|[from] item: Life Orb
|move|p2b: Lunala|Moongeist Beam|p1a: Koraidon
|-crit|p1a: Koraidon
|-damage|p1a: Koraidon|0 fnt
|faint|p1a: Koraidon
|move|p1b: Ursaluna|Headlong Rush|p2b: Lunala
|-damage|p2b: Lunala|0 fnt
|-unboost|p1b: Ursaluna|def|1
|-unboost|p1b: Ursaluna|spd|1
|faint|p2b: Lunala
|
|-weather|SunnyDay|[upkeep]
|-damage|p1b: Ursaluna|94/100 brn|[from] brn
|upkeep
|
|t:|1750856398
|switch|p1a: Walking Wake|Walking Wake, L50|100/100
|switch|p2b: Miraidon|Miraidon, L50|100/100
|-activate|p2b: Miraidon|ability: Hadron Engine
|-activate|p1a: Walking Wake|ability: Protosynthesis
|-start|p1a: Walking Wake|protosynthesisspe
|turn|3
|inactive|NK269 has 30 seconds left.
|inactive|NK269 has 20 seconds left.
|
|t:|1750856435
|-terastallize|p1a: Walking Wake|Fairy
|-terastallize|p2a: Goodra|Fairy
|move|p2b: Miraidon|Draco Meteor|p1a: Walking Wake
|-immune|p1a: Walking Wake
|move|p1a: Walking Wake|Draco Meteor|p2a: Goodra
|-immune|p2a: Goodra
|move|p1b: Ursaluna|Facade|p2b: Miraidon
|-damage|p2b: Miraidon|0 fnt
|faint|p2b: Miraidon
|move|p2a: Goodra|Shelter|p2a: Goodra
|-boost|p2a: Goodra|def|2
|
|-weather|SunnyDay|[upkeep]
|-damage|p1b: Ursaluna|88/100 brn|[from] brn
|upkeep
|
|t:|1750856447
|switch|p2b: Onikuma|Ursaluna-Bloodmoon, L50, M|100/100
|turn|4
|
|t:|1750856466
|move|p1a: Walking Wake|Hydro Steam|p2a: Goodra
|-damage|p2a: Goodra|64/100
|move|p1b: Ursaluna|Facade|p2b: Onikuma
|-damage|p2b: Onikuma|16/100
|move|p2a: Goodra|Heavy Slam|p1a: Walking Wake
|-supereffective|p1a: Walking Wake
|-damage|p1a: Walking Wake|72/100
|move|p2b: Onikuma|Hyper Voice|p1a: Walking Wake|[spread] p1a,p1b
|-damage|p1a: Walking Wake|36/100
|-damage|p1b: Ursaluna|8/100 brn
|-damage|p2b: Onikuma|6/100|[from] item: Life Orb
|
|-weather|SunnyDay|[upkeep]
|-heal|p2a: Goodra|70/100|[from] item: Leftovers
|-damage|p1b: Ursaluna|2/100 brn|[from] brn
|upkeep
|turn|5
|inactive|NK269 has 30 seconds left.
|
|t:|1750856499
|move|p2b: Onikuma|Protect|p2b: Onikuma
|-singleturn|p2b: Onikuma|Protect
|move|p1a: Walking Wake|Hydro Steam|p2b: Onikuma
|-activate|p2b: Onikuma|move: Protect
|move|p1b: Ursaluna|Facade|p2a: Goodra
|-damage|p2a: Goodra|25/100
|move|p2a: Goodra|Body Press|p1a: Walking Wake
|-resisted|p1a: Walking Wake
|-damage|p1a: Walking Wake|8/100
|
|-weather|none
|-end|p1a: Walking Wake|Protosynthesis
|-heal|p2a: Goodra|31/100|[from] item: Leftovers
|-damage|p1b: Ursaluna|0 fnt|[from] brn
|faint|p1b: Ursaluna
|-fieldend|move: Electric Terrain
|upkeep
|
|t:|1750856510
|switch|p1b: Calyrex|Calyrex-Shadow, L50|100/100
|-ability|p1b: Calyrex|As One
|-ability|p1b: Calyrex|Unnerve
|turn|6
|
|t:|1750856523
|move|p2a: Goodra|Protect|p2a: Goodra
|-singleturn|p2a: Goodra|Protect
|move|p1b: Calyrex|Encore|p2a: Goodra
|-activate|p2a: Goodra|move: Protect
|move|p1a: Walking Wake|Hydro Steam|p2b: Onikuma
|-supereffective|p2b: Onikuma
|-damage|p2b: Onikuma|0 fnt
|faint|p2b: Onikuma
|
|-heal|p2a: Goodra|37/100|[from] item: Leftovers
|upkeep
|turn|7
|-message|mondayvgc forfeited.
|
|win|NK269
|raw|NK269's rating: 1315 &rarr; <strong>1331</strong><br />(+16 for winning)
|raw|mondayvgc's rating: 1241 &rarr; <strong>1221</strong><br />(-20 for losing)
|l|☆mondayvgc
|player|p2|
|l|☆NK269
|player|p1|
