|j|☆Sir Grindalot
|j|☆kevinok45
|t:|1750828676
|gametype|doubles
|player|p1|Sir Grindalot|170|1202
|player|p2|kevinok45|266|1140
|teamsize|p1|6
|teamsize|p2|6
|gen|9
|tier|[Gen 9] VGC 2025 Reg I
|rated|
|rule|Species Clause: Limit one of each Pokémon
|rule|Item Clause: Limit 1 of each item
|clearpoke
|poke|p1|Kommo-o, L50, M|
|poke|p1|Calyrex-Shadow, L50|
|poke|p1|Rillaboom, L50, F|
|poke|p1|Incineroar, L50, M|
|poke|p1|Koraidon, L50|
|poke|p1|Scovillain, L50, M|
|poke|p2|Koraidon, L50|
|poke|p2|Scovillain, L50, M|
|poke|p2|Calyrex-Ice, L50|
|poke|p2|Raging Bolt, L50|
|poke|p2|Ogerpon-Hearthflame, L50, F|
|poke|p2|Ursaluna, L50, M|
|teampreview|4
|inactive|Battle timer is ON: inactive players will automatically lose when time's up. (requested by Sir Grindalot)
|inactive|kevinok45 has 60 seconds left.
|
|t:|1750828717
|start
|switch|p1a: Rillaboom|Rillaboom, L50, F|100/100
|switch|p1b: Kommo-o|Kommo-o, L50, M|100/100
|switch|p2a: Koraidon|Koraidon, L50|100/100
|switch|p2b: Scovillain|Scovillain, L50, M|100/100
|-weather|SunnyDay|[from] ability: Orichalcum Pulse|[of] p2a: Koraidon
|-activate|p2a: Koraidon|Orichalcum Pulse|[source]
|-fieldstart|move: Grassy Terrain|[from] ability: Grassy Surge|[of] p1a: Rillaboom
|turn|1
|inactive|kevinok45 has 30 seconds left.
|
|t:|1750828750
|-terastallize|p2a: Koraidon|Fire
|-terastallize|p1a: Rillaboom|Water
|move|p1a: Rillaboom|Fake Out|p2b: Scovillain
|-damage|p2b: Scovillain|71/100
|cant|p2b: Scovillain|flinch
|move|p2a: Koraidon|Flame Charge|p1a: Rillaboom
|-resisted|p1a: Rillaboom
|-damage|p1a: Rillaboom|66/100
|-boost|p2a: Koraidon|spe|1
|move|p1b: Kommo-o|Clangorous Soul|p1b: Kommo-o
|-boost|p1b: Kommo-o|atk|1
|-boost|p1b: Kommo-o|def|1
|-boost|p1b: Kommo-o|spa|1
|-boost|p1b: Kommo-o|spd|1
|-boost|p1b: Kommo-o|spe|1
|-damage|p1b: Kommo-o|68/100
|
|-weather|SunnyDay|[upkeep]
|-heal|p2b: Scovillain|77/100|[from] Grassy Terrain
|-heal|p1b: Kommo-o|74/100|[from] Grassy Terrain
|-heal|p1b: Kommo-o|80/100|[from] item: Leftovers
|-heal|p1a: Rillaboom|72/100|[from] Grassy Terrain
|upkeep
|turn|2
|inactive|Sir Grindalot has 30 seconds left.
|inactive|Sir Grindalot has 20 seconds left.
|inactive|Sir Grindalot has 15 seconds left.
|
|t:|1750828799
|switch|p1a: Incineroar|Incineroar, L50, M|100/100
|-ability|p1a: Incineroar|Intimidate|boost
|-fail|p2a: Koraidon|unboost|[from] item: Clear Amulet|[of] p2a: Koraidon
|-unboost|p2b: Scovillain|atk|1
|move|p1b: Kommo-o|Protect|p1b: Kommo-o
|-singleturn|p1b: Kommo-o|Protect
|move|p2a: Koraidon|Collision Course|p1b: Kommo-o
|-activate|p1b: Kommo-o|move: Protect
|move|p2b: Scovillain|Spicy Extract|p2a: Koraidon
|-fail|p2a: Koraidon|unboost|[from] item: Clear Amulet|[of] p2a: Koraidon
|-boost|p2a: Koraidon|atk|2
|
|-weather|SunnyDay|[upkeep]
|-heal|p2b: Scovillain|83/100|[from] Grassy Terrain
|-heal|p1b: Kommo-o|86/100|[from] Grassy Terrain
|-heal|p1b: Kommo-o|93/100|[from] item: Leftovers
|upkeep
|turn|3
|inactive|kevinok45 has 30 seconds left.
|
|t:|1750828829
|move|p2a: Koraidon|Protect|p2a: Koraidon
|-singleturn|p2a: Koraidon|Protect
|move|p1a: Incineroar|Fake Out|p2a: Koraidon
|-activate|p2a: Koraidon|move: Protect
|move|p2b: Scovillain|Spicy Extract|p1b: Kommo-o
|-boost|p1b: Kommo-o|atk|2
|-unboost|p1b: Kommo-o|def|2
|move|p1b: Kommo-o|Clangorous Soul|p1b: Kommo-o
|-boost|p1b: Kommo-o|atk|1
|-boost|p1b: Kommo-o|def|1
|-boost|p1b: Kommo-o|spa|1
|-boost|p1b: Kommo-o|spd|1
|-boost|p1b: Kommo-o|spe|1
|-damage|p1b: Kommo-o|60/100
|
|-weather|SunnyDay|[upkeep]
|-heal|p2b: Scovillain|88/100|[from] Grassy Terrain
|-heal|p1b: Kommo-o|66/100|[from] Grassy Terrain
|-heal|p1b: Kommo-o|72/100|[from] item: Leftovers
|upkeep
|turn|4
|inactive|Sir Grindalot has 30 seconds left.
|inactive|kevinok45 has 30 seconds left.
|inactive|Sir Grindalot has 20 seconds left.
|inactive|Sir Grindalot has 15 seconds left.
|inactive|Sir Grindalot has 10 seconds left.
|
|t:|1750828876
|switch|p1a: Rillaboom|Rillaboom, L50, F, tera:Water|72/100
|move|p1b: Kommo-o|Protect|p1b: Kommo-o
|-singleturn|p1b: Kommo-o|Protect
|move|p2a: Koraidon|Collision Course|p1b: Kommo-o
|-activate|p1b: Kommo-o|move: Protect
|move|p2b: Scovillain|Spicy Extract|p2a: Koraidon
|-fail|p2a: Koraidon|unboost|[from] item: Clear Amulet|[of] p2a: Koraidon
|-boost|p2a: Koraidon|atk|2
|
|-weather|SunnyDay|[upkeep]
|-heal|p2b: Scovillain|94/100|[from] Grassy Terrain
|-heal|p1b: Kommo-o|78/100|[from] Grassy Terrain
|-heal|p1b: Kommo-o|85/100|[from] item: Leftovers
|-heal|p1a: Rillaboom|78/100|[from] Grassy Terrain
|upkeep
|turn|5
|inactive|kevinok45 has 30 seconds left.
|
|t:|1750828904
|move|p2a: Koraidon|Protect|p2a: Koraidon
|-singleturn|p2a: Koraidon|Protect
|move|p2b: Scovillain|Protect|p2b: Scovillain
|-singleturn|p2b: Scovillain|Protect
|move|p1a: Rillaboom|Fake Out|p2a: Koraidon
|-activate|p2a: Koraidon|move: Protect
|move|p1b: Kommo-o|Clangorous Soul|p1b: Kommo-o
|-boost|p1b: Kommo-o|atk|1
|-boost|p1b: Kommo-o|def|1
|-boost|p1b: Kommo-o|spa|1
|-boost|p1b: Kommo-o|spd|1
|-boost|p1b: Kommo-o|spe|1
|-damage|p1b: Kommo-o|52/100
|
|-weather|none
|-heal|p1b: Kommo-o|58/100|[from] Grassy Terrain
|-heal|p1b: Kommo-o|64/100|[from] item: Leftovers
|-heal|p2b: Scovillain|99/100|[from] Grassy Terrain
|-heal|p1a: Rillaboom|84/100|[from] Grassy Terrain
|upkeep
|turn|6
|inactive|Sir Grindalot has 30 seconds left.
|
|t:|1750828932
|switch|p1a: Calyrex|Calyrex-Shadow, L50|100/100
|-ability|p1a: Calyrex|As One
|-ability|p1a: Calyrex|Unnerve
|move|p2b: Scovillain|Rage Powder|p2b: Scovillain
|-singleturn|p2b: Scovillain|move: Rage Powder
|move|p1b: Kommo-o|Drain Punch|p2a: Koraidon
|-damage|p2a: Koraidon|23/100
|-heal|p1b: Kommo-o|100/100|[from] drain|[of] p2a: Koraidon
|move|p2a: Koraidon|Collision Course|p1b: Kommo-o
|-damage|p1b: Kommo-o|16/100
|
|-heal|p2a: Koraidon|30/100|[from] Grassy Terrain
|-heal|p1b: Kommo-o|23/100|[from] Grassy Terrain
|-heal|p1b: Kommo-o|29/100|[from] item: Leftovers
|-heal|p2b: Scovillain|100/100|[from] Grassy Terrain
|upkeep
|turn|7
|inactive|Sir Grindalot has 30 seconds left.
|inactive|kevinok45 has 30 seconds left.
|
|t:|1750828964
|move|p1b: Kommo-o|Drain Punch|p2a: Koraidon
|-damage|p2a: Koraidon|0 fnt
|-heal|p1b: Kommo-o|45/100|[from] drain|[of] p2a: Koraidon
|faint|p2a: Koraidon
|move|p1a: Calyrex|Psych Up|p1b: Kommo-o
|-copyboost|p1a: Calyrex|p1b: Kommo-o|[from] move: Psych Up
|move|p2b: Scovillain|Overheat|p1a: Calyrex
|-damage|p1a: Calyrex|77/100
|-unboost|p2b: Scovillain|spa|2
|
|-heal|p1a: Calyrex|83/100|[from] Grassy Terrain
|-heal|p1b: Kommo-o|51/100|[from] Grassy Terrain
|-heal|p1b: Kommo-o|57/100|[from] item: Leftovers
|upkeep
|-message|kevinok45 forfeited.
|
|win|Sir Grindalot
|raw|Sir Grindalot's rating: 1202 &rarr; <strong>1223</strong><br />(+21 for winning)
|raw|kevinok45's rating: 1140 &rarr; <strong>1119</strong><br />(-21 for losing)
|l|☆kevinok45
|player|p2|
|l|☆Sir Grindalot
|player|p1|
