|j|☆Ryneek
|j|☆Michand66
|t:|1750796514
|gametype|doubles
|player|p1|Ryneek|lucas-gen4pt|1169
|player|p2|Michand66|265|1071
|teamsize|p1|6
|teamsize|p2|6
|gen|9
|tier|[Gen 9] VGC 2025 Reg I
|rated|
|rule|Species Clause: Limit one of each Pokémon
|rule|Item Clause: Limit 1 of each item
|clearpoke
|poke|p1|Calyrex-Ice, L50|
|poke|p1|Incineroar, L50, F|
|poke|p1|Whimsicott, L50, F|
|poke|p1|Gastrodon, L50, M|
|poke|p1|Toxicroak, L50, F|
|poke|p1|Kyogre, L50|
|poke|p2|Frosmoth, L50, M|
|poke|p2|Pyroar, L50, F|
|poke|p2|Sinistcha, L50|
|poke|p2|Swampert, L50, M|
|poke|p2|Flygon, L50, F|
|poke|p2|Grimmsnarl, L50, M|
|teampreview|4
|
|t:|1750796621
|start
|switch|p1a: Calyrex|Calyrex-Ice, L50|100/100
|switch|p1b: Whimsicott|Whimsicott, L50, F|100/100
|switch|p2a: Pyroar|Pyroar, L50, F|100/100
|switch|p2b: Sinistcha|Sinistcha, L50|100/100
|-ability|p2a: Pyroar|Unnerve
|-ability|p1a: Calyrex|As One
|-ability|p1a: Calyrex|Unnerve
|turn|1
|inactive|Battle timer is ON: inactive players will automatically lose when time's up. (requested by Ryneek)
|
|t:|1750796656
|switch|p2b: Frosmoth|Frosmoth, L50, M|100/100
|-terastallize|p1a: Calyrex|Fire
|move|p1b: Whimsicott|Tailwind|p1b: Whimsicott
|-sidestart|p1: Ryneek|move: Tailwind
|move|p2a: Pyroar|Fire Blast|p1a: Calyrex
|-resisted|p1a: Calyrex
|-damage|p1a: Calyrex|83/100
|move|p1a: Calyrex|Glacial Lance|p2a: Pyroar|[spread] p2a,p2b
|-resisted|p2a: Pyroar
|-resisted|p2b: Frosmoth
|-damage|p2a: Pyroar|56/100
|-damage|p2b: Frosmoth|52/100
|
|-heal|p2b: Frosmoth|58/100|[from] item: Leftovers
|upkeep
|turn|2
|inactive|Michand66 has 30 seconds left.
|inactive|Michand66 has 20 seconds left.
|inactive|Michand66 has 15 seconds left.
|inactive|Michand66 has 10 seconds left.
|
|t:|1750796702
|switch|p1b: Incineroar|Incineroar, L50, F|100/100
|-ability|p1b: Incineroar|Intimidate|boost
|-unboost|p2a: Pyroar|atk|1
|-unboost|p2b: Frosmoth|atk|1
|-terastallize|p2a: Pyroar|Rock
|move|p2a: Pyroar|Tera Blast|p1a: Calyrex|[anim] Tera Blast Rock
|-supereffective|p1a: Calyrex
|-damage|p1a: Calyrex|30/100
|move|p1a: Calyrex|Heavy Slam|p2b: Frosmoth
|-supereffective|p2b: Frosmoth
|-damage|p2b: Frosmoth|0 fnt
|faint|p2b: Frosmoth
|-ability|p1a: Calyrex|Chilling Neigh|boost
|-boost|p1a: Calyrex|atk|1
|
|upkeep
|
|t:|1750796720
|switch|p2b: Flygon|Flygon, L50, F|100/100
|turn|3
|
|t:|1750796741
|move|p1b: Incineroar|Fake Out|p2a: Pyroar
|-resisted|p2a: Pyroar
|-damage|p2a: Pyroar|46/100
|cant|p2a: Pyroar|flinch
|move|p2b: Flygon|Dragon Claw|p1a: Calyrex
|-damage|p1a: Calyrex|8/100
|move|p1a: Calyrex|Glacial Lance|p2a: Pyroar|[spread] p2a,p2b
|-supereffective|p2b: Flygon
|-crit|p2b: Flygon
|-damage|p2a: Pyroar|0 fnt
|-damage|p2b: Flygon|0 fnt
|faint|p2a: Pyroar
|faint|p2b: Flygon
|-ability|p1a: Calyrex|Chilling Neigh|boost
|-boost|p1a: Calyrex|atk|2
|
|upkeep
|
|t:|1750796756
|switch|p2a: Sinistcha|Sinistcha, L50|100/100
|turn|4
|
|t:|1750796762
|switch|p1a: Whimsicott|Whimsicott, L50, F|100/100
|move|p1b: Incineroar|Knock Off|p2a: Sinistcha
|-supereffective|p2a: Sinistcha
|-damage|p2a: Sinistcha|16/100
|-enditem|p2a: Sinistcha|Sitrus Berry|[from] move: Knock Off|[of] p1b: Incineroar
|move|p2a: Sinistcha|Shadow Ball|p1a: Whimsicott
|-damage|p1a: Whimsicott|36/100
|
|-sideend|p1: Ryneek|move: Tailwind
|upkeep
|turn|5
|
|t:|1750796775
|move|p1a: Whimsicott|Tailwind|p1a: Whimsicott
|-sidestart|p1: Ryneek|move: Tailwind
|move|p1b: Incineroar|Knock Off|p2a: Sinistcha
|-supereffective|p2a: Sinistcha
|-damage|p2a: Sinistcha|0 fnt
|faint|p2a: Sinistcha
|
|win|Ryneek
|raw|Ryneek's rating: 1169 &rarr; <strong>1187</strong><br />(+18 for winning)
|raw|Michand66's rating: 1071 &rarr; <strong>1056</strong><br />(-15 for losing)
|l|☆Ryneek
|player|p1|
|l|☆Michand66
|player|p2|
