|j|☆oppePoiZ
|j|☆nicopejo
|t:|1750853140
|gametype|doubles
|player|p1|oppePoiZ|waiter|1163
|player|p2|nicopejo|blaine|1206
|teamsize|p1|6
|teamsize|p2|6
|gen|9
|tier|[Gen 9] VGC 2025 Reg I
|rated|
|rule|Species Clause: Limit one of each Pokémon
|rule|Item Clause: Limit 1 of each item
|clearpoke
|poke|p1|Groudon, L50|
|poke|p1|Miraidon, L50|
|poke|p1|Volcarona, L50, F|
|poke|p1|Cresselia, L50, F|
|poke|p1|Leavanny, L50, F|
|poke|p1|Iron Hands, L50|
|poke|p2|Miraidon, L50|
|poke|p2|Kyogre, L50|
|poke|p2|Iron Hands, L50|
|poke|p2|Farigiraf, L50, F|
|poke|p2|Regieleki, L50|
|poke|p2|Ogerpon-Wellspring, L50, F|
|teampreview|4
|inactive|Battle timer is ON: inactive players will automatically lose when time's up. (requested by oppePoiZ)
|inactive|oppePoiZ has 60 seconds left.
|
|t:|1750853195
|start
|switch|p1a: Groudon|Groudon, L50, shiny|100/100
|switch|p1b: Leavanny|Leavanny, L50, F|100/100
|switch|p2a: Miraidon|Miraidon, L50|100/100
|switch|p2b: Iron Hands|Iron Hands, L50|100/100
|-fieldstart|move: Electric Terrain|[from] ability: Hadron Engine|[of] p2a: Miraidon
|-activate|p2b: Iron Hands|ability: Quark Drive
|-start|p2b: Iron Hands|quarkdriveatk
|-enditem|p2b: Iron Hands|Electric Seed
|-boost|p2b: Iron Hands|def|1|[from] item: Electric Seed
|-weather|SunnyDay|[from] ability: Drought|[of] p1a: Groudon
|turn|1
|inactive|nicopejo has 30 seconds left.
|
|t:|1750853223
|switch|p2a: Kyogre|Kyogre, L50|100/100
|-weather|RainDance|[from] ability: Drizzle|[of] p2a: Kyogre
|-terastallize|p1b: Leavanny|Ghost
|move|p1a: Groudon|Protect|p1a: Groudon
|-singleturn|p1a: Groudon|Protect
|move|p2b: Iron Hands|Fake Out|p1a: Groudon
|-activate|p1a: Groudon|move: Protect
|move|p1b: Leavanny|String Shot|p2a: Kyogre|[spread] p2a,p2b
|-unboost|p2a: Kyogre|spe|2
|-unboost|p2b: Iron Hands|spe|2
|
|-weather|RainDance|[upkeep]
|upkeep
|turn|2
|
|t:|1750853246
|switch|p1a: Iron Hands|Iron Hands, L50|100/100
|-activate|p1a: Iron Hands|ability: Quark Drive
|-start|p1a: Iron Hands|quarkdriveatk
|-terastallize|p2b: Iron Hands|Fighting
|move|p2a: Kyogre|Protect|p2a: Kyogre
|-singleturn|p2a: Kyogre|Protect
|move|p1b: Leavanny|Knock Off|p2a: Kyogre
|-activate|p2a: Kyogre|move: Protect
|move|p2b: Iron Hands|Swords Dance|p2b: Iron Hands
|-boost|p2b: Iron Hands|atk|2
|
|-weather|RainDance|[upkeep]
|upkeep
|turn|3
|inactive|oppePoiZ has 30 seconds left.
|inactive|nicopejo has 30 seconds left.
|
|t:|1750853280
|switch|p2a: Miraidon|Miraidon, L50|100/100
|-activate|p2a: Miraidon|ability: Hadron Engine
|move|p1a: Iron Hands|Fake Out|p2b: Iron Hands
|-damage|p2b: Iron Hands|92/100
|move|p1b: Leavanny|Knock Off|p2a: Miraidon
|-damage|p2a: Miraidon|79/100
|-enditem|p2a: Miraidon|Leftovers|[from] move: Knock Off|[of] p1b: Leavanny
|cant|p2b: Iron Hands|flinch
|
|-weather|RainDance|[upkeep]
|upkeep
|turn|4
|inactive|oppePoiZ has 30 seconds left.
|
|t:|1750853313
|move|p2a: Miraidon|Calm Mind|p2a: Miraidon
|-boost|p2a: Miraidon|spa|1
|-boost|p2a: Miraidon|spd|1
|move|p1b: Leavanny|String Shot|p2b: Iron Hands|[spread] p2a,p2b
|-unboost|p2a: Miraidon|spe|2
|-unboost|p2b: Iron Hands|spe|2
|move|p1a: Iron Hands|Low Kick|p2a: Miraidon
|-damage|p2a: Miraidon|16/100
|move|p2b: Iron Hands|Supercell Slam|p1b: Leavanny
|-enditem|p1b: Leavanny|Focus Sash
|-damage|p1b: Leavanny|1/100
|
|-weather|RainDance|[upkeep]
|upkeep
|turn|5
|inactive|oppePoiZ has 30 seconds left.
|inactive|oppePoiZ has 20 seconds left.
|inactive|nicopejo has 30 seconds left.
|inactive|oppePoiZ has 15 seconds left.
|
|t:|1750853355
|move|p2a: Miraidon|Protect|p2a: Miraidon
|-singleturn|p2a: Miraidon|Protect
|move|p1b: Leavanny|String Shot|p2a: Miraidon|[spread] p2b
|-activate|p2a: Miraidon|move: Protect
|-unboost|p2b: Iron Hands|spe|2
|move|p1a: Iron Hands|Low Kick|p2b: Iron Hands
|-damage|p2b: Iron Hands|50/100
|move|p2b: Iron Hands|Supercell Slam|p1b: Leavanny
|-damage|p1b: Leavanny|0 fnt
|faint|p1b: Leavanny
|
|-weather|none
|-fieldend|move: Electric Terrain
|-end|p1a: Iron Hands|Quark Drive
|-end|p2b: Iron Hands|Quark Drive
|upkeep
|
|t:|1750853370
|switch|p1b: Groudon|Groudon, L50, shiny|100/100
|-weather|SunnyDay|[from] ability: Drought|[of] p1b: Groudon
|turn|6
|
|t:|1750853381
|move|p1b: Groudon|Precipice Blades|p2a: Miraidon|[spread] p2a,p2b
|-supereffective|p2a: Miraidon
|-damage|p2a: Miraidon|0 fnt
|-damage|p2b: Iron Hands|25/100
|faint|p2a: Miraidon
|move|p1a: Iron Hands|Low Kick|p2b: Iron Hands
|-damage|p2b: Iron Hands|0 fnt
|faint|p2b: Iron Hands
|-end|p2b: Iron Hands|Quark Drive|[silent]
|
|-weather|SunnyDay|[upkeep]
|upkeep
|
|t:|1750853392
|switch|p2a: Kyogre|Kyogre, L50|100/100
|switch|p2b: Ogerpon|Ogerpon-Wellspring, L50, F|100/100
|-weather|RainDance|[from] ability: Drizzle|[of] p2a: Kyogre
|turn|7
|
|t:|1750853415
|switch|p1b: Miraidon|Miraidon, L50|100/100
|-fieldstart|move: Electric Terrain|[from] ability: Hadron Engine|[of] p1b: Miraidon
|-activate|p1a: Iron Hands|ability: Quark Drive
|-start|p1a: Iron Hands|quarkdriveatk
|move|p2b: Ogerpon|Ivy Cudgel|p1a: Iron Hands|[anim] Ivy Cudgel Water
|-damage|p1a: Iron Hands|47/100
|move|p2a: Kyogre|Water Spout|p1a: Iron Hands|[spread] p1a,p1b
|-resisted|p1b: Miraidon
|-damage|p1a: Iron Hands|0 fnt
|-damage|p1b: Miraidon|41/100
|faint|p1a: Iron Hands
|-end|p1a: Iron Hands|Quark Drive|[silent]
|
|-weather|RainDance|[upkeep]
|upkeep
|
|t:|1750853428
|switch|p1a: Groudon|Groudon, L50, shiny|100/100
|-weather|SunnyDay|[from] ability: Drought|[of] p1a: Groudon
|turn|8
|
|t:|1750853443
|move|p2a: Kyogre|Protect|p2a: Kyogre
|-singleturn|p2a: Kyogre|Protect
|move|p1b: Miraidon|Electro Drift|p2b: Ogerpon
|-damage|p2b: Ogerpon|0 fnt
|faint|p2b: Ogerpon
|move|p1a: Groudon|Precipice Blades|p2a: Kyogre
|-activate|p2a: Kyogre|move: Protect
|
|-weather|SunnyDay|[upkeep]
|upkeep
|turn|9
|
|t:|1750853456
|move|p1b: Miraidon|Electro Drift|p2a: Kyogre
|-supereffective|p2a: Kyogre
|-crit|p2a: Kyogre
|-damage|p2a: Kyogre|0 fnt
|faint|p2a: Kyogre
|
|win|oppePoiZ
|raw|oppePoiZ's rating: 1163 &rarr; <strong>1191</strong><br />(+28 for winning)
|raw|nicopejo's rating: 1206 &rarr; <strong>1178</strong><br />(-28 for losing)
|l|☆oppePoiZ
|player|p1|
|l|☆nicopejo
|player|p2|
