|j|☆AragonVGC
|j|☆DAVIDWBROOKS0
|t:|1750784928
|gametype|doubles
|player|p1|AragonVGC|265|1169
|player|p2|DAVIDWBROOKS0|1|1146
|teamsize|p1|6
|teamsize|p2|6
|gen|9
|tier|[Gen 9] VGC 2025 Reg I
|rated|
|rule|Species Clause: Limit one of each Pokémon
|rule|Item Clause: Limit 1 of each item
|clearpoke
|poke|p1|Calyrex-Ice, L50|
|poke|p1|Scraggy, L50, M|
|poke|p1|Miraidon, L50|
|poke|p1|Farigiraf, L50, F|
|poke|p1|Iron Treads, L50|
|poke|p1|Iron Hands, L50|
|poke|p2|Calyrex-Ice, L50|
|poke|p2|Kyogre, L50|
|poke|p2|Grimmsnarl, L50, M|
|poke|p2|Ogerpon-Cornerstone, L50, F|
|poke|p2|Archaludon, L50, M|
|poke|p2|Basculegion, L50, M|
|teampreview|4
|c|☆AragonVGC|glhf
|inactive|Battle timer is ON: inactive players will automatically lose when time's up. (requested by DAVIDWBROOKS0)
|
|t:|1750784952
|start
|switch|p1a: TamOBanter|Scraggy, L50, M, shiny|100/100
|switch|p1b: Crypt|Calyrex-Ice, L50|100/100
|switch|p2a: Calyrex|Calyrex-Ice, L50|100/100
|switch|p2b: Ogerpon|Ogerpon-Cornerstone, L50, F|100/100
|-ability|p2a: Calyrex|As One
|-ability|p2a: Calyrex|Unnerve
|-ability|p1b: Crypt|As One
|-ability|p1b: Crypt|Unnerve
|-ability|p1a: TamOBanter|Intimidate|boost
|-unboost|p2a: Calyrex|atk|1
|-unboost|p2b: Ogerpon|atk|1
|turn|1
|inactive|DAVIDWBROOKS0 has 30 seconds left.
|
|t:|1750784980
|switch|p2a: Kyogre|Kyogre, L50|100/100
|-weather|RainDance|[from] ability: Drizzle|[of] p2a: Kyogre
|move|p1a: TamOBanter|Fake Out|p2a: Kyogre
|-damage|p2a: Kyogre|92/100
|move|p2b: Ogerpon|Ivy Cudgel|p1b: Crypt|[anim] Ivy Cudgel Rock
|-supereffective|p1b: Crypt
|-damage|p1b: Crypt|51/100
|move|p1b: Crypt|Trick Room|p1b: Crypt
|-fieldstart|move: Trick Room|[of] p1b: Crypt
|
|-weather|RainDance|[upkeep]
|upkeep
|turn|2
|
|t:|1750784998
|-terastallize|p2a: Kyogre|Water
|move|p1b: Crypt|Protect|p1b: Crypt
|-singleturn|p1b: Crypt|Protect
|move|p2b: Ogerpon|Follow Me|p2b: Ogerpon
|-singleturn|p2b: Ogerpon|move: Follow Me
|move|p1a: TamOBanter|Coaching|p1b: Crypt
|-boost|p1b: Crypt|atk|1
|-boost|p1b: Crypt|def|1
|move|p2a: Kyogre|Water Spout|p1a: TamOBanter|[spread] p1a
|-activate|p1b: Crypt|move: Protect
|-damage|p1a: TamOBanter|0 fnt
|faint|p1a: TamOBanter
|
|-weather|RainDance|[upkeep]
|upkeep
|
|t:|1750785013
|switch|p1a: Miraidon|Miraidon, L50|100/100
|-fieldstart|move: Electric Terrain|[from] ability: Hadron Engine|[of] p1a: Miraidon
|turn|3
|
|t:|1750785027
|move|p2b: Ogerpon|Follow Me|p2b: Ogerpon
|-singleturn|p2b: Ogerpon|move: Follow Me
|move|p1b: Crypt|Glacial Lance|p2a: Kyogre|[spread] p2a,p2b
|-resisted|p2a: Kyogre
|-supereffective|p2b: Ogerpon
|-crit|p2b: Ogerpon
|-damage|p2a: Kyogre|44/100
|-ability|p2b: Ogerpon|Sturdy
|-damage|p2b: Ogerpon|1/100
|move|p2a: Kyogre|Thunder|p1b: Crypt
|-damage|p1b: Crypt|13/100
|-status|p1b: Crypt|par
|move|p1a: Miraidon|Electro Drift|p2b: Ogerpon
|-resisted|p2b: Ogerpon
|-damage|p2b: Ogerpon|0 fnt
|faint|p2b: Ogerpon
|
|-weather|RainDance|[upkeep]
|upkeep
|
|t:|1750785049
|switch|p2b: Grimmsnarl|Grimmsnarl, L50, M|100/100
|turn|4
|
|t:|1750785069
|move|p2b: Grimmsnarl|Reflect|p2b: Grimmsnarl
|-sidestart|p2: DAVIDWBROOKS0|Reflect
|move|p1b: Crypt|Glacial Lance|p2b: Grimmsnarl|[spread] p2a,p2b
|-resisted|p2a: Kyogre
|-damage|p2a: Kyogre|9/100
|-damage|p2b: Grimmsnarl|32/100
|move|p2a: Kyogre|Water Spout|p1a: Miraidon|[spread] p1a,p1b
|-resisted|p1a: Miraidon
|-damage|p1a: Miraidon|97/100
|-damage|p1b: Crypt|4/100 par
|move|p1a: Miraidon|Electro Drift|p2b: Grimmsnarl
|-damage|p2b: Grimmsnarl|0 fnt
|faint|p2b: Grimmsnarl
|
|-weather|RainDance|[upkeep]
|upkeep
|
|t:|1750785085
|switch|p2b: Calyrex|Calyrex-Ice, L50|100/100
|-ability|p2b: Calyrex|As One
|-ability|p2b: Calyrex|Unnerve
|turn|5
|
|t:|1750785105
|-terastallize|p1a: Miraidon|Fairy
|move|p1b: Crypt|Glacial Lance|p2b: Calyrex|[spread] p2a,p2b
|-resisted|p2a: Kyogre
|-resisted|p2b: Calyrex
|-damage|p2a: Kyogre|0 fnt
|-damage|p2b: Calyrex|83/100
|faint|p2a: Kyogre
|-ability|p1b: Crypt|Chilling Neigh|boost
|-boost|p1b: Crypt|atk|1
|move|p2b: Calyrex|Glacial Lance|p1b: Crypt|[spread] p1a,p1b
|-resisted|p1b: Crypt
|-damage|p1a: Miraidon|54/100
|-damage|p1b: Crypt|0 fnt
|faint|p1b: Crypt
|-ability|p2b: Calyrex|Chilling Neigh|boost
|-boost|p2b: Calyrex|atk|1
|move|p1a: Miraidon|Dazzling Gleam|p2b: Calyrex
|-damage|p2b: Calyrex|45/100
|
|-weather|none
|-heal|p2b: Calyrex|51/100|[from] item: Leftovers
|-fieldend|move: Trick Room
|upkeep
|
|t:|1750785125
|switch|p1b: AwareNpc1|Iron Hands, L50, shiny|100/100
|-enditem|p1b: AwareNpc1|Electric Seed
|-boost|p1b: AwareNpc1|def|1|[from] item: Electric Seed
|-activate|p1b: AwareNpc1|ability: Quark Drive
|-start|p1b: AwareNpc1|quarkdriveatk
|turn|6
|
|t:|1750785141
|move|p1a: Miraidon|Electro Drift|p2b: Calyrex
|-damage|p2b: Calyrex|0 fnt
|faint|p2b: Calyrex
|
|win|AragonVGC
|raw|AragonVGC's rating: 1169 &rarr; <strong>1192</strong><br />(+23 for winning)
|raw|DAVIDWBROOKS0's rating: 1146 &rarr; <strong>1123</strong><br />(-23 for losing)
|c|☆AragonVGC|gg
