|j|☆snapdragon9627
|j|☆ilianoman¹¹
|t:|1750759335
|gametype|doubles
|player|p1|snapdragon9627|clerk|1069
|player|p2|ilianoman¹¹|wallace|1033
|teamsize|p1|6
|teamsize|p2|6
|gen|9
|tier|[Gen 9] VGC 2025 Reg I
|rated|
|rule|Species Clause: Limit one of each Pokémon
|rule|Item Clause: Limit 1 of each item
|clearpoke
|poke|p1|Rayquaza, L50|
|poke|p1|Swampert, L50, F|
|poke|p1|Farigiraf, L50, M|
|poke|p1|Gholdengo, L50|
|poke|p1|Terapagos, L50, M|
|poke|p1|Garganacl, L50, M|
|poke|p2|Cresselia, L50, F|
|poke|p2|Rhyperior, L50, F|
|poke|p2|Zamazenta-*, L50|
|poke|p2|Flutter Mane, L50|
|poke|p2|Amoonguss, L50, M|
|poke|p2|Kyogre, L50|
|teampreview|4
|inactive|Battle timer is ON: inactive players will automatically lose when time's up. (requested by ilianoman¹¹)
|inactive|snapdragon9627 has 60 seconds left.
|
|t:|1750759366
|start
|switch|p1a: Rayquaza|Rayquaza, L50|100/100
|switch|p1b: Swampert|Swampert, L50, F|100/100
|switch|p2a: Cresselia|Cresselia, L50, F|100/100
|switch|p2b: Amoonguss|Amoonguss, L50, M|100/100
|-ability|p1a: Rayquaza|Air Lock
|turn|1
|
|t:|1750759385
|move|p2b: Amoonguss|Rage Powder|p2b: Amoonguss
|-singleturn|p2b: Amoonguss|move: Rage Powder
|move|p1a: Rayquaza|Hurricane|p2b: Amoonguss
|-supereffective|p2b: Amoonguss
|-damage|p2b: Amoonguss|0 fnt
|faint|p2b: Amoonguss
|move|p1b: Swampert|Ice Beam|p2a: Cresselia
|-damage|p2a: Cresselia|89/100
|move|p2a: Cresselia|Trick Room|p2a: Cresselia
|-fieldstart|move: Trick Room|[of] p2a: Cresselia
|
|upkeep
|
|t:|1750759396
|switch|p2b: Rhyperior|Rhyperior, L50, F|100/100
|turn|2
|
|t:|1750759411
|switch|p1a: Gholdengo|Gholdengo, L50|100/100
|move|p2a: Cresselia|Helping Hand|p2b: Rhyperior
|-singleturn|p2b: Rhyperior|Helping Hand|[of] p2a: Cresselia
|move|p1b: Swampert|Wide Guard|p1b: Swampert
|-singleturn|p1b: Swampert|Wide Guard
|move|p2b: Rhyperior|Ice Punch|p1a: Gholdengo
|-resisted|p1a: Gholdengo
|-damage|p1a: Gholdengo|77/100
|
|upkeep
|turn|3
|inactive|ilianoman¹¹ has 30 seconds left.
|
|t:|1750759443
|move|p2a: Cresselia|Helping Hand|p2b: Rhyperior
|-singleturn|p2b: Rhyperior|Helping Hand|[of] p2a: Cresselia
|move|p2b: Rhyperior|Earthquake|p1b: Swampert|[spread] p1a,p1b
|-immune|p2a: Cresselia|[from] ability: Levitate
|-supereffective|p1a: Gholdengo
|-damage|p1a: Gholdengo|0 fnt
|-damage|p1b: Swampert|45/100
|faint|p1a: Gholdengo
|move|p1b: Swampert|Earth Power|p2b: Rhyperior
|-supereffective|p2b: Rhyperior
|-damage|p2b: Rhyperior|45/100
|-enditem|p2b: Rhyperior|Weakness Policy
|-boost|p2b: Rhyperior|atk|2|[from] item: Weakness Policy
|-boost|p2b: Rhyperior|spa|2|[from] item: Weakness Policy
|
|-heal|p1b: Swampert|51/100|[from] item: Leftovers
|upkeep
|
|t:|1750759460
|switch|p1a: Farigiraf|Farigiraf, L50, M|100/100
|turn|4
|
|t:|1750759476
|-terastallize|p2b: Rhyperior|Grass
|move|p2a: Cresselia|Helping Hand|p2b: Rhyperior
|-singleturn|p2b: Rhyperior|Helping Hand|[of] p2a: Cresselia
|move|p1b: Swampert|Wide Guard|p1b: Swampert
|-singleturn|p1b: Swampert|Wide Guard
|move|p2b: Rhyperior|Ice Punch|p1b: Swampert
|-damage|p1b: Swampert|0 fnt
|faint|p1b: Swampert
|move|p1a: Farigiraf|Trick Room|p1a: Farigiraf
|-fieldend|move: Trick Room
|
|upkeep
|
|t:|1750759486
|switch|p1b: Rayquaza|Rayquaza, L50|100/100
|-ability|p1b: Rayquaza|Air Lock
|turn|5
|
|t:|1750759501
|move|p2b: Rhyperior|Protect|p2b: Rhyperior
|-singleturn|p2b: Rhyperior|Protect
|move|p1b: Rayquaza|Hurricane|p2b: Rhyperior
|-activate|p2b: Rhyperior|move: Protect
|move|p2a: Cresselia|Icy Wind|p1a: Farigiraf|[spread] p1a,p1b
|-supereffective|p1b: Rayquaza
|-damage|p1a: Farigiraf|92/100
|-damage|p1b: Rayquaza|82/100
|-unboost|p1a: Farigiraf|spe|1
|-unboost|p1b: Rayquaza|spe|1
|move|p1a: Farigiraf|Trick Room|p1a: Farigiraf
|-fieldstart|move: Trick Room|[of] p1a: Farigiraf
|
|upkeep
|turn|6
|inactive|snapdragon9627 has 30 seconds left.
|
|t:|1750759535
|move|p2a: Cresselia|Helping Hand|p2b: Rhyperior
|-singleturn|p2b: Rhyperior|Helping Hand|[of] p2a: Cresselia
|move|p1b: Rayquaza|Extreme Speed|p2b: Rhyperior
|-damage|p2b: Rhyperior|29/100
|move|p1a: Farigiraf|Hyper Voice|p2a: Cresselia|[spread] p2a,p2b
|-damage|p2a: Cresselia|67/100
|-damage|p2b: Rhyperior|0 fnt
|faint|p2b: Rhyperior
|-enditem|p1a: Farigiraf|Throat Spray
|-boost|p1a: Farigiraf|spa|1|[from] item: Throat Spray
|
|upkeep
|
|t:|1750759547
|switch|p2b: Zamazenta|Zamazenta-Crowned, L50|100/100
|-ability|p2b: Zamazenta|Dauntless Shield|boost
|-boost|p2b: Zamazenta|def|1
|turn|7
|
|t:|1750759559
|-terastallize|p1b: Rayquaza|Flying
|move|p1a: Farigiraf|Psyshock|p2b: Zamazenta
|-damage|p2b: Zamazenta|80/100
|move|p1b: Rayquaza|Hurricane|p2b: Zamazenta
|-damage|p2b: Zamazenta|16/100
|move|p2b: Zamazenta|Iron Defense|p2b: Zamazenta
|-boost|p2b: Zamazenta|def|2
|move|p2a: Cresselia|Trick Room|p2a: Cresselia
|-fieldend|move: Trick Room
|
|upkeep
|turn|8
|inactive|snapdragon9627 has 30 seconds left.
|inactive|ilianoman¹¹ has 30 seconds left.
|inactive|snapdragon9627 has 20 seconds left.
|inactive|ilianoman¹¹ has 20 seconds left.
|
|t:|1750759600
|move|p2a: Cresselia|Helping Hand|p2b: Zamazenta
|-singleturn|p2b: Zamazenta|Helping Hand|[of] p2a: Cresselia
|move|p1b: Rayquaza|Extreme Speed|p2b: Zamazenta
|-resisted|p2b: Zamazenta
|-damage|p2b: Zamazenta|14/100
|move|p2b: Zamazenta|Body Press|p1b: Rayquaza
|-resisted|p1b: Rayquaza
|-damage|p1b: Rayquaza|0 fnt
|faint|p1b: Rayquaza
|move|p1a: Farigiraf|Psyshock|p2b: Zamazenta
|-damage|p2b: Zamazenta|1/100
|
|upkeep
|turn|9
|
|t:|1750759618
|move|p2a: Cresselia|Helping Hand|p2b: Zamazenta
|-singleturn|p2b: Zamazenta|Helping Hand|[of] p2a: Cresselia
|move|p2b: Zamazenta|Body Press|p1a: Farigiraf
|-damage|p1a: Farigiraf|0 fnt
|faint|p1a: Farigiraf
|
|win|ilianoman¹¹
|raw|snapdragon9627's rating: 1069 &rarr; <strong>1047</strong><br />(-22 for losing)
|raw|ilianoman¹¹'s rating: 1033 &rarr; <strong>1072</strong><br />(+39 for winning)
|l|☆snapdragon9627
|player|p1|
