|j|☆ComputerYui
|j|☆RustyTacos27
|t:|1750862662
|gametype|doubles
|player|p1|ComputerYui|artist-gen4|1569
|player|p2|RustyTacos27|266|1551
|teamsize|p1|6
|teamsize|p2|6
|gen|9
|tier|[Gen 9] VGC 2025 Reg I
|rated|
|rule|Species Clause: Limit one of each Pokémon
|rule|Item Clause: Limit 1 of each item
|clearpoke
|poke|p1|Armarouge, L50, M|
|poke|p1|Indeedee-F, L50, F|
|poke|p1|Koraidon, L50|
|poke|p1|Whimsicott, L50, F|
|poke|p1|Brute Bonnet, L50|
|poke|p1|Lunala, L50|
|poke|p2|Lunala, L50|
|poke|p2|Terapagos, L50, M|
|poke|p2|Roaring Moon, L50|
|poke|p2|Ogerpon-Hearthflame, L50, F|
|poke|p2|Rillaboom, L50, M|
|poke|p2|Ceruledge, L50, M|
|teampreview|4
|
|t:|1750862711
|start
|switch|p1a: Koraidon|Koraidon, L50|100/100
|switch|p1b: Armarouge|Armarouge, L50, M, shiny|100/100
|switch|p2a: Edward Twilight|Lunala, L50|100/100
|switch|p2b: Pluey|Roaring Moon, L50, shiny|100/100
|-weather|SunnyDay|[from] ability: Orichalcum Pulse|[of] p1a: Koraidon
|-activate|p2b: Pluey|ability: Protosynthesis
|-start|p2b: Pluey|protosynthesisspe
|-activate|p1a: Koraidon|Orichalcum Pulse|[source]
|turn|1
|
|t:|1750862738
|switch|p1b: Indeedee|Indeedee-F, L50, F, shiny|100/100
|-fieldstart|move: Psychic Terrain|[from] ability: Psychic Surge|[of] p1b: Indeedee
|-terastallize|p2a: Edward Twilight|Fairy
|move|p1a: Koraidon|Collision Course|p2b: Pluey
|-supereffective|p2b: Pluey
|-damage|p2b: Pluey|0 fnt
|faint|p2b: Pluey
|-end|p2b: Pluey|Protosynthesis|[silent]
|move|p2a: Edward Twilight|Meteor Beam||[still]
|-prepare|p2a: Edward Twilight|Meteor Beam
|-boost|p2a: Edward Twilight|spa|1
|-enditem|p2a: Edward Twilight|Power Herb
|-anim|p2a: Edward Twilight|Meteor Beam|p1a: Koraidon
|-resisted|p1a: Koraidon
|-crit|p1a: Koraidon
|-damage|p1a: Koraidon|49/100
|
|-weather|SunnyDay|[upkeep]
|upkeep
|
|t:|1750862754
|switch|p2b: William Wisp|Ceruledge, L50, M, shiny|100/100
|turn|2
|inactive|Battle timer is ON: inactive players will automatically lose when time's up. (requested by RustyTacos27)
|
|t:|1750862801
|switch|p1a: Lunala|Lunala, L50, shiny|100/100
|move|p1b: Indeedee|Follow Me|p1b: Indeedee
|-singleturn|p1b: Indeedee|move: Follow Me
|move|p2a: Edward Twilight|Moongeist Beam|p1b: Indeedee
|-immune|p1b: Indeedee
|move|p2b: William Wisp|Bitter Blade|p1b: Indeedee
|-damage|p1b: Indeedee|0 fnt
|faint|p1b: Indeedee
|-damage|p2b: William Wisp|91/100|[from] item: Life Orb
|
|-weather|SunnyDay|[upkeep]
|upkeep
|
|t:|1750862823
|switch|p1b: Armarouge|Armarouge, L50, M, shiny|100/100
|turn|3
|
|t:|1750862834
|move|p1a: Lunala|Shadow Claw|p1b: Armarouge
|-supereffective|p1b: Armarouge
|-damage|p1b: Armarouge|45/100
|-ability|p1b: Armarouge|Weak Armor|boost
|-unboost|p1b: Armarouge|def|1
|-boost|p1b: Armarouge|spe|2
|-enditem|p1b: Armarouge|Weakness Policy
|-boost|p1b: Armarouge|atk|2|[from] item: Weakness Policy
|-boost|p1b: Armarouge|spa|2|[from] item: Weakness Policy
|move|p1b: Armarouge|Expanding Force|p2a: Edward Twilight|[spread] p2a,p2b
|-damage|p2a: Edward Twilight|60/100
|-damage|p2b: William Wisp|0 fnt
|faint|p2b: William Wisp
|move|p2a: Edward Twilight|Moongeist Beam|p1b: Armarouge
|-supereffective|p1b: Armarouge
|-damage|p1b: Armarouge|0 fnt
|faint|p1b: Armarouge
|
|-weather|SunnyDay|[upkeep]
|upkeep
|
|t:|1750862852
|switch|p1b: Koraidon|Koraidon, L50|49/100
|switch|p2b: miku Miku BEAM|Terapagos, L50, M|100/100
|-activate|p2b: miku Miku BEAM|ability: Tera Shift
|detailschange|p2b: miku Miku BEAM|Terapagos-Terastal, L50, M
|-heal|p2b: miku Miku BEAM|100/100|[silent]
|-activate|p1b: Koraidon|ability: Orichalcum Pulse
|turn|4
|inactive|ComputerYui has 30 seconds left.
|inactive|ComputerYui has 20 seconds left.
|
|t:|1750862889
|move|p2a: Edward Twilight|Protect|p2a: Edward Twilight
|-singleturn|p2a: Edward Twilight|Protect
|move|p1b: Koraidon|Collision Course|p2b: miku Miku BEAM
|-activate|p2b: miku Miku BEAM|ability: Tera Shell
|-resisted|p2b: miku Miku BEAM
|-damage|p2b: miku Miku BEAM|71/100
|move|p1a: Lunala|Expanding Force|p2a: Edward Twilight|[spread] p2b
|-activate|p2a: Edward Twilight|move: Protect
|-damage|p2b: miku Miku BEAM|20/100
|move|p2b: miku Miku BEAM|Tera Starstorm|p1b: Koraidon
|-damage|p1b: Koraidon|0 fnt
|faint|p1b: Koraidon
|
|-weather|SunnyDay|[upkeep]
|upkeep
|turn|5
|
|t:|1750862911
|-terastallize|p1a: Lunala|Water
|move|p2a: Edward Twilight|Protect||[still]
|-fail|p2a: Edward Twilight
|move|p1a: Lunala|Expanding Force|p2a: Edward Twilight|[spread] p2a,p2b
|-damage|p2a: Edward Twilight|18/100
|-damage|p2b: miku Miku BEAM|0 fnt
|faint|p2b: miku Miku BEAM
|
|-weather|none
|-fieldend|move: Psychic Terrain
|upkeep
|turn|6
|
|t:|1750862924
|move|p1a: Lunala|Expanding Force|p2a: Edward Twilight
|-damage|p2a: Edward Twilight|0 fnt
|faint|p2a: Edward Twilight
|
|win|ComputerYui
|raw|ComputerYui's rating: 1569 &rarr; <strong>1588</strong><br />(+19 for winning)
|raw|RustyTacos27's rating: 1551 &rarr; <strong>1532</strong><br />(-19 for losing)
|l|☆RustyTacos27
|player|p2|
|l|☆ComputerYui
|player|p1|
