|j|☆Echoes630
|j|☆413XPlayz
|html|<table width="100%"><tr><td align="left">Echoes630</td><td align="right">413XPlayz</tr><tr><td align="left"><i class="fa fa-circle-o"></i> <i class="fa fa-circle-o"></i> </td><td align="right"><i class="fa fa-circle-o"></i> <i class="fa fa-circle-o"></i> </tr></table>
|uhtml|bestof|<h2><strong>Game 1</strong> of <a href="/game-bestof3-gen9vgc2025regi-2390570972">a best-of-3</a></h2>
|t:|1750730412
|gametype|doubles
|player|p1|Echoes630|benga|
|player|p2|413XPlayz|psychic|
|teamsize|p1|6
|teamsize|p2|6
|gen|9
|tier|[Gen 9] VGC 2025 Reg I
|rated|Tournament battle
|rule|Species Clause: Limit one of each Pokémon
|rule|Item Clause: Limit 1 of each item
|raw|<div class="infobox"><details class="readmore" open><summary><strong>3 custom rules:</strong></summary> Force Open Team Sheets, !Open Team Sheets, Best of = 3</details></div>
|clearpoke
|poke|p1|Lunala, L50|
|poke|p1|Flutter Mane, L50|
|poke|p1|Ursaluna, L50, M|
|poke|p1|Brute Bonnet, L50|
|poke|p1|Indeedee-F, L50, F|
|poke|p1|Koraidon, L50|
|poke|p2|Koraidon, L50|
|poke|p2|Calyrex-Shadow, L50|
|poke|p2|Incineroar, L50, M|
|poke|p2|Jumpluff, L50, M|
|poke|p2|Iron Treads, L50|
|poke|p2|Urshifu-*, L50, F|
|teampreview|4
|showteam|p1|Lunala||PsychicSeed|ShadowShield|WideGuard,TrickRoom,ExpandingForce,MoongeistBeam||||||50|,,,,,Water]Flutter Mane||FocusSash|Protosynthesis|Moonblast,IcyWind,Taunt,Protect||||||50|,,,,,Normal]Ursaluna||FlameOrb|Guts|Facade,Protect,HeadlongRush,Earthquake|||M|||50|,,,,,Fairy]Brute Bonnet||RockyHelmet|Protosynthesis|Spore,RagePowder,SuckerPunch,SeedBomb||||||50|,,,,,Fire]Indeedee-F||SafetyGoggles|PsychicSurge|HealPulse,TeraBlast,TrickRoom,FollowMe|||F|||50|,,,,,Fairy]Koraidon||ClearAmulet|OrichalcumPulse|CollisionCourse,FlareBlitz,FlameCharge,Protect||||||50|,,,,,Fire
|showteam|p2|Koraidon||ClearAmulet|OrichalcumPulse|CollisionCourse,FlareBlitz,FlameCharge,Protect||||||50|,,,,,Fire]Calyrex-Shadow||FocusSash|AsOneSpectrier|AstralBarrage,Psychic,Encore,Protect||||||50|,,,,,Ghost]Incineroar||AssaultVest|Intimidate|KnockOff,FlareBlitz,Uturn,FakeOut|||M|||50|,,,,,Bug]Jumpluff||CovertCloak|Chlorophyll|Tailwind,SleepPowder,RagePowder,Protect|||M|||50|,,,,,Dark]Iron Treads||LifeOrb|QuarkDrive|SteelRoller,HighHorsepower,KnockOff,Protect||||||50|,,,,,Ghost]Urshifu||BlackGlasses|UnseenFist|WickedBlow,CloseCombat,SuckerPunch,Detect|||F|||50|,,,,,Dark
|
|t:|1750730489
|start
|switch|p1a: Indeedee|Indeedee-F, L50, F|100/100
|switch|p1b: Lunala|Lunala, L50|100/100
|switch|p2a: Jumpluff|Jumpluff, L50, M|100/100
|switch|p2b: Koraidon|Koraidon, L50|100/100
|-weather|SunnyDay|[from] ability: Orichalcum Pulse|[of] p2b: Koraidon
|-activate|p2b: Koraidon|Orichalcum Pulse|[source]
|-fieldstart|move: Psychic Terrain|[from] ability: Psychic Surge|[of] p1a: Indeedee
|-enditem|p1b: Lunala|Psychic Seed
|-boost|p1b: Lunala|spd|1|[from] item: Psychic Seed
|turn|1
|j| TheIceTable
|
|t:|1750730510
|switch|p2b: Incineroar|Incineroar, L50, M|100/100
|-ability|p2b: Incineroar|Intimidate|boost
|-unboost|p1a: Indeedee|atk|1
|-unboost|p1b: Lunala|atk|1
|move|p2a: Jumpluff|Sleep Powder|p1b: Lunala
|-status|p1b: Lunala|slp|[from] move: Sleep Powder
|cant|p1b: Lunala|slp
|move|p1a: Indeedee|Trick Room|p1a: Indeedee
|-fieldstart|move: Trick Room|[of] p1a: Indeedee
|
|-weather|SunnyDay|[upkeep]
|upkeep
|turn|2
|
|t:|1750730522
|switch|p1b: Ursaluna|Ursaluna, L50, M|100/100
|move|p1a: Indeedee|Follow Me|p1a: Indeedee
|-singleturn|p1a: Indeedee|move: Follow Me
|move|p2b: Incineroar|Flare Blitz|p1a: Indeedee
|-crit|p1a: Indeedee
|-damage|p1a: Indeedee|10/100
|-damage|p2b: Incineroar|74/100|[from] Recoil
|move|p2a: Jumpluff|Sleep Powder|p1a: Indeedee
|-activate|p1a: Indeedee|item: Safety Goggles|Sleep Powder
|
|-weather|SunnyDay|[upkeep]
|-status|p1b: Ursaluna|brn|[from] item: Flame Orb
|upkeep
|turn|3
|
|t:|1750730534
|switch|p1a: Koraidon|Koraidon, L50|100/100
|-activate|p1a: Koraidon|ability: Orichalcum Pulse
|-terastallize|p2b: Incineroar|Bug
|move|p2a: Jumpluff|Rage Powder|p2a: Jumpluff
|-singleturn|p2a: Jumpluff|move: Rage Powder
|move|p1b: Ursaluna|Facade|p2a: Jumpluff
|-damage|p2a: Jumpluff|0 fnt
|faint|p2a: Jumpluff
|move|p2b: Incineroar|U-turn|p1a: Koraidon
|-resisted|p1a: Koraidon
|-damage|p1a: Koraidon|90/100
|
|t:|1750730541
|switch|p2b: Koraidon|Koraidon, L50|100/100|[from] U-turn
|-activate|p2b: Koraidon|ability: Orichalcum Pulse
|
|-weather|SunnyDay|[upkeep]
|-damage|p1b: Ursaluna|95/100 brn|[from] brn
|upkeep
|
|t:|1750730543
|switch|p2a: Incineroar|Incineroar, L50, M, tera:Bug|74/100
|-ability|p2a: Incineroar|Intimidate|boost
|-fail|p1a: Koraidon|unboost|[from] item: Clear Amulet|[of] p1a: Koraidon
|-unboost|p1b: Ursaluna|atk|1
|turn|4
|
|t:|1750730567
|-terastallize|p1b: Ursaluna|Fairy
|move|p1b: Ursaluna|Facade|p2b: Koraidon
|-damage|p2b: Koraidon|33/100
|move|p2a: Incineroar|U-turn|p1a: Koraidon
|-resisted|p1a: Koraidon
|-damage|p1a: Koraidon|80/100
|
|t:|1750730569
|switch|p2a: Calyrex|Calyrex-Shadow, L50|100/100|[from] U-turn
|-ability|p2a: Calyrex|As One
|-ability|p2a: Calyrex|Unnerve
|move|p1a: Koraidon|Flare Blitz|p2a: Calyrex
|-enditem|p2a: Calyrex|Focus Sash
|-damage|p2a: Calyrex|1/100
|-damage|p1a: Koraidon|52/100|[from] Recoil
|move|p2b: Koraidon|Collision Course|p1b: Ursaluna
|-resisted|p1b: Ursaluna
|-damage|p1b: Ursaluna|69/100 brn
|
|-weather|SunnyDay|[upkeep]
|-damage|p1b: Ursaluna|63/100 brn|[from] brn
|upkeep
|turn|5
|
|t:|1750730585
|move|p2b: Koraidon|Protect|p2b: Koraidon
|-singleturn|p2b: Koraidon|Protect
|move|p2a: Calyrex|Protect|p2a: Calyrex
|-singleturn|p2a: Calyrex|Protect
|move|p1b: Ursaluna|Facade|p2b: Koraidon
|-activate|p2b: Koraidon|move: Protect
|move|p1a: Koraidon|Flame Charge|p1b: Ursaluna
|-damage|p1b: Ursaluna|33/100 brn
|-boost|p1a: Koraidon|spe|1
|
|-weather|none
|-damage|p1b: Ursaluna|27/100 brn|[from] brn
|-fieldend|move: Trick Room
|-fieldend|move: Psychic Terrain
|upkeep
|turn|6
|
|t:|1750730590
|switch|p2a: Incineroar|Incineroar, L50, M, tera:Bug|74/100
|-ability|p2a: Incineroar|Intimidate|boost
|-fail|p1a: Koraidon|unboost|[from] item: Clear Amulet|[of] p1a: Koraidon
|-unboost|p1b: Ursaluna|atk|1
|switch|p1b: Indeedee|Indeedee-F, L50, F|10/100
|-fieldstart|move: Psychic Terrain|[from] ability: Psychic Surge|[of] p1b: Indeedee
|move|p1a: Koraidon|Flame Charge|p2a: Incineroar
|-supereffective|p2a: Incineroar
|-damage|p2a: Incineroar|40/100
|-boost|p1a: Koraidon|spe|1
|move|p2b: Koraidon|Collision Course|p1a: Koraidon
|-damage|p1a: Koraidon|17/100
|
|upkeep
|turn|7
|
|t:|1750730604
|move|p1b: Indeedee|Follow Me|p1b: Indeedee
|-singleturn|p1b: Indeedee|move: Follow Me
|move|p1a: Koraidon|Collision Course|p2b: Koraidon
|-damage|p2b: Koraidon|0 fnt
|faint|p2b: Koraidon
|move|p2a: Incineroar|Knock Off|p1b: Indeedee
|-supereffective|p1b: Indeedee
|-damage|p1b: Indeedee|0 fnt
|-enditem|p1b: Indeedee|Safety Goggles|[from] move: Knock Off|[of] p2a: Incineroar
|faint|p1b: Indeedee
|
|upkeep
|
|t:|1750730615
|switch|p2b: Calyrex|Calyrex-Shadow, L50|1/100
|switch|p1b: Ursaluna|Ursaluna, L50, M, tera:Fairy|27/100 brn
|-ability|p2b: Calyrex|As One
|-ability|p2b: Calyrex|Unnerve
|turn|8
|inactive|Battle timer is ON: inactive players will automatically lose when time's up. (requested by 413XPlayz)
|
|t:|1750730667
|move|p1a: Koraidon|Flame Charge|p2a: Incineroar
|-supereffective|p2a: Incineroar
|-damage|p2a: Incineroar|5/100
|-boost|p1a: Koraidon|spe|1
|move|p2b: Calyrex|Astral Barrage|p1a: Koraidon|[spread] p1a,p1b
|-damage|p1a: Koraidon|0 fnt
|-damage|p1b: Ursaluna|0 fnt
|faint|p1a: Koraidon
|faint|p1b: Ursaluna
|-ability|p2b: Calyrex|Grim Neigh|boost
|-boost|p2b: Calyrex|spa|2
|move|p2a: Incineroar|Knock Off|p1: Koraidon|[notarget]
|-fail|p2a: Incineroar
|
|upkeep
|-message|Echoes630 forfeited.
|
|win|413XPlayz
||413XPlayz is ready for game 2.
||Echoes630 is ready for game 2.
|uhtml|next|Next: <a href="/battle-gen9vgc2025regi-2390572943"><strong>Game 2 of 3</strong></a>
|l|☆Echoes630
|player|p1|
|l|☆413XPlayz
|player|p2|
|l| TheIceTable
|j|☆413XPlayz
|player|p2|413XPlayz|psychic|
