|j|☆daer2390
|j|☆batwalaman
|t:|1750881135
|gametype|doubles
|player|p1|daer2390|gambler|1282
|player|p2|batwalaman|guitarist-gen4|1368
|teamsize|p1|6
|teamsize|p2|6
|gen|9
|tier|[Gen 9] VGC 2025 Reg I
|rated|
|rule|Species Clause: Limit one of each Pokémon
|rule|Item Clause: Limit 1 of each item
|clearpoke
|poke|p1|Calyrex-Ice, L50|
|poke|p1|Kyogre, L50|
|poke|p1|Incineroar, L50, M|
|poke|p1|Grimmsnarl, L50, M|
|poke|p1|Raging Bolt, L50|
|poke|p1|Landorus, L50, M|
|poke|p2|Calyrex-Shadow, L50|
|poke|p2|Zamazenta-*, L50|
|poke|p2|Incineroar, L50, M|
|poke|p2|Tornadus, L50, M|
|poke|p2|Rillaboom, L50, F|
|poke|p2|Urshifu-*, L50, F|
|teampreview|4
|inactive|Battle timer is ON: inactive players will automatically lose when time's up. (requested by daer2390)
|inactive|daer2390 has 60 seconds left.
|inactive|batwalaman has 60 seconds left.
|inactive|daer2390 has 30 seconds left.
|
|t:|1750881204
|start
|switch|p1a: Grimmsnarl|Grimmsnarl, L50, M|100/100
|switch|p1b: Calyrex|Calyrex-Ice, L50|100/100
|switch|p2a: Rillaboom|Rillaboom, L50, F|100/100
|switch|p2b: Zamazenta|Zamazenta-Crowned, L50|100/100
|-ability|p1b: Calyrex|As One
|-ability|p1b: Calyrex|Unnerve
|-ability|p2b: Zamazenta|Dauntless Shield|boost
|-boost|p2b: Zamazenta|def|1
|-fieldstart|move: Grassy Terrain|[from] ability: Grassy Surge|[of] p2a: Rillaboom
|turn|1
|
|t:|1750881224
|switch|p1a: Incineroar|Incineroar, L50, M|100/100
|-ability|p1a: Incineroar|Intimidate|boost
|-unboost|p2a: Rillaboom|atk|1
|-unboost|p2b: Zamazenta|atk|1
|move|p2a: Rillaboom|Fake Out|p1b: Calyrex
|-damage|p1b: Calyrex|95/100
|move|p2b: Zamazenta|Body Press|p1b: Calyrex
|-damage|p1b: Calyrex|46/100
|cant|p1b: Calyrex|flinch
|
|-heal|p1b: Calyrex|52/100|[from] Grassy Terrain
|-heal|p1b: Calyrex|58/100|[from] item: Leftovers
|upkeep
|turn|2
|
|t:|1750881248
|switch|p2a: Incineroar|Incineroar, L50, M|100/100
|-ability|p2a: Incineroar|Intimidate|boost
|-unboost|p1a: Incineroar|atk|1
|-unboost|p1b: Calyrex|atk|1
|move|p2b: Zamazenta|Protect|p2b: Zamazenta
|-singleturn|p2b: Zamazenta|Protect
|move|p1a: Incineroar|Fake Out|p2b: Zamazenta
|-activate|p2b: Zamazenta|move: Protect
|move|p1b: Calyrex|Trick Room|p1b: Calyrex
|-fieldstart|move: Trick Room|[of] p1b: Calyrex
|
|-heal|p1b: Calyrex|64/100|[from] Grassy Terrain
|-heal|p1b: Calyrex|70/100|[from] item: Leftovers
|upkeep
|turn|3
|inactive|batwalaman has 30 seconds left.
|inactive|batwalaman has 20 seconds left.
|inactive|daer2390 has 30 seconds left.
|
|t:|1750881289
|switch|p1b: Grimmsnarl|Grimmsnarl, L50, M|100/100
|move|p2a: Incineroar|Parting Shot|p1b: Grimmsnarl
|-unboost|p1b: Grimmsnarl|atk|1
|-unboost|p1b: Grimmsnarl|spa|1
|
|t:|1750881295
|switch|p2a: Rillaboom|Rillaboom, L50, F|100/100|[from] Parting Shot
|move|p1a: Incineroar|Parting Shot|p2b: Zamazenta
|-unboost|p2b: Zamazenta|atk|1
|-unboost|p2b: Zamazenta|spa|1
|
|t:|1750881301
|switch|p1a: Calyrex|Calyrex-Ice, L50|70/100|[from] Parting Shot
|-ability|p1a: Calyrex|As One
|-ability|p1a: Calyrex|Unnerve
|move|p2b: Zamazenta|Body Press|p1b: Grimmsnarl
|-crit|p1b: Grimmsnarl
|-damage|p1b: Grimmsnarl|0 fnt
|faint|p1b: Grimmsnarl
|
|-heal|p1a: Calyrex|75/100|[from] Grassy Terrain
|-heal|p1a: Calyrex|81/100|[from] item: Leftovers
|upkeep
|
|t:|1750881313
|switch|p1b: Incineroar|Incineroar, L50, M|100/100
|-ability|p1b: Incineroar|Intimidate|boost
|-unboost|p2a: Rillaboom|atk|1
|-unboost|p2b: Zamazenta|atk|1
|turn|4
|inactive|daer2390 has 30 seconds left.
|
|t:|1750881343
|switch|p2a: Incineroar|Incineroar, L50, M|100/100
|-ability|p2a: Incineroar|Intimidate|boost
|-unboost|p1a: Calyrex|atk|1
|-unboost|p1b: Incineroar|atk|1
|move|p2b: Zamazenta|Protect|p2b: Zamazenta
|-singleturn|p2b: Zamazenta|Protect
|move|p1b: Incineroar|Fake Out|p2a: Incineroar
|-damage|p2a: Incineroar|94/100
|-damage|p1b: Incineroar|84/100|[from] item: Rocky Helmet|[of] p2a: Incineroar
|move|p1a: Calyrex|High Horsepower|p2b: Zamazenta
|-activate|p2b: Zamazenta|move: Protect
|
|-heal|p1a: Calyrex|87/100|[from] Grassy Terrain
|-heal|p1a: Calyrex|93/100|[from] item: Leftovers
|-heal|p2a: Incineroar|99/100|[from] Grassy Terrain
|-heal|p1b: Incineroar|90/100|[from] Grassy Terrain
|upkeep
|turn|5
|inactive|batwalaman has 30 seconds left.
|
|t:|1750881369
|switch|p1a: Kyogre|Kyogre, L50|100/100
|-weather|RainDance|[from] ability: Drizzle|[of] p1a: Kyogre
|move|p2a: Incineroar|Fake Out|p1a: Kyogre
|-damage|p1a: Kyogre|89/100
|move|p1b: Incineroar|Flare Blitz|p2a: Incineroar
|-resisted|p2a: Incineroar
|-damage|p2a: Incineroar|93/100
|-damage|p1b: Incineroar|73/100|[from] item: Rocky Helmet|[of] p2a: Incineroar
|-damage|p1b: Incineroar|71/100|[from] Recoil
|move|p2b: Zamazenta|Body Press|p1b: Incineroar
|-supereffective|p1b: Incineroar
|-damage|p1b: Incineroar|0 fnt
|-damage|p2b: Zamazenta|84/100|[from] item: Rocky Helmet|[of] p1b: Incineroar
|faint|p1b: Incineroar
|
|-weather|RainDance|[upkeep]
|-heal|p2a: Incineroar|98/100|[from] Grassy Terrain
|-heal|p1a: Kyogre|95/100|[from] Grassy Terrain
|-heal|p2b: Zamazenta|90/100|[from] Grassy Terrain
|-fieldend|move: Grassy Terrain
|upkeep
|
|t:|1750881377
|switch|p1b: Calyrex|Calyrex-Ice, L50|93/100
|-ability|p1b: Calyrex|As One
|-ability|p1b: Calyrex|Unnerve
|turn|6
|c|☆daer2390|gg
|-message|daer2390 forfeited.
|
|win|batwalaman
|raw|daer2390's rating: 1282 &rarr; <strong>1263</strong><br />(-19 for losing)
|raw|batwalaman's rating: 1368 &rarr; <strong>1383</strong><br />(+15 for winning)
|l|☆daer2390
|player|p1|
