|j|☆YummyOS
|j|☆entei enthusiast
|t:|1750827688
|gametype|doubles
|player|p1|YummyOS|roughneck|1236
|player|p2|entei enthusiast|brycen|1314
|teamsize|p1|6
|teamsize|p2|6
|gen|9
|tier|[Gen 9] VGC 2025 Reg I
|rated|
|rule|Species Clause: Limit one of each Pokémon
|rule|Item Clause: Limit 1 of each item
|clearpoke
|poke|p1|Zamazenta-*, L50|
|poke|p1|Kyogre, L50|
|poke|p1|Amoonguss, L50, M|
|poke|p1|Chien-Pao, L50|
|poke|p1|Urshifu-*, L50, F|
|poke|p1|Tornadus, L50, M|
|poke|p2|Groudon, L50|
|poke|p2|Miraidon, L50|
|poke|p2|Grimmsnarl, L50, M|
|poke|p2|Incineroar, L50, M|
|poke|p2|Annihilape, L50, M|
|poke|p2|Walking Wake, L50|
|teampreview|4
YummyOS has agreed to open team sheets.
|inactive|Battle timer is ON: inactive players will automatically lose when time's up. (requested by YummyOS)
|
|t:|1750827730
|start
|switch|p1a: Show Me How|Zamazenta-Crowned, L50|100/100
|switch|p1b: Tree Among Shrubs|Amoonguss, L50, M|100/100
|switch|p2a: Groudon|Groudon, L50|100/100
|switch|p2b: Miraidon|Miraidon, L50|100/100
|-ability|p1a: Show Me How|Dauntless Shield|boost
|-boost|p1a: Show Me How|def|1
|-fieldstart|move: Electric Terrain|[from] ability: Hadron Engine|[of] p2b: Miraidon
|-weather|SunnyDay|[from] ability: Drought|[of] p2a: Groudon
|turn|1
|inactive|YummyOS has 30 seconds left.
|inactive|entei enthusiast has 30 seconds left.
|
|t:|1750827764
|move|p1a: Show Me How|Wide Guard|p1a: Show Me How
|-singleturn|p1a: Show Me How|Wide Guard
|move|p2b: Miraidon|Calm Mind|p2b: Miraidon
|-boost|p2b: Miraidon|spa|1
|-boost|p2b: Miraidon|spd|1
|move|p2a: Groudon|Precipice Blades|p1a: Show Me How|[spread] 
|-activate|p1a: Show Me How|move: Wide Guard
|-activate|p1b: Tree Among Shrubs|move: Wide Guard
|move|p1b: Tree Among Shrubs|Pollen Puff|p2a: Groudon
|-damage|p2a: Groudon|84/100
|
|-weather|SunnyDay|[upkeep]
|upkeep
|turn|2
|inactive|YummyOS has 30 seconds left.
|inactive|entei enthusiast has 30 seconds left.
|
|t:|1750827790
|move|p1b: Tree Among Shrubs|Rage Powder|p1b: Tree Among Shrubs
|-singleturn|p1b: Tree Among Shrubs|move: Rage Powder
|move|p1a: Show Me How|Body Press|p2b: Miraidon
|-damage|p2b: Miraidon|50/100
|move|p2b: Miraidon|Parabolic Charge|p1b: Tree Among Shrubs|[spread] p1a,p1b
|-immune|p2a: Groudon
|-resisted|p1b: Tree Among Shrubs
|-damage|p1a: Show Me How|52/100
|-heal|p2b: Miraidon|70/100|[from] drain|[of] p1a: Show Me How
|-damage|p1b: Tree Among Shrubs|74/100
|-heal|p2b: Miraidon|84/100|[from] drain|[of] p1b: Tree Among Shrubs
|move|p2a: Groudon|Bulk Up|p2a: Groudon
|-boost|p2a: Groudon|atk|1
|-boost|p2a: Groudon|def|1
|
|-weather|SunnyDay|[upkeep]
|upkeep
|turn|3
|
|t:|1750827813
|switch|p1b: Numb|Kyogre, L50|100/100
|-weather|RainDance|[from] ability: Drizzle|[of] p1b: Numb
|move|p1a: Show Me How|Protect|p1a: Show Me How
|-singleturn|p1a: Show Me How|Protect
|move|p2b: Miraidon|Parabolic Charge|p1b: Numb|[spread] p1b
|-activate|p1a: Show Me How|move: Protect
|-immune|p2a: Groudon
|-supereffective|p1b: Numb
|-damage|p1b: Numb|27/100
|-heal|p2b: Miraidon|100/100|[from] drain|[of] p1b: Numb
|move|p2a: Groudon|Fire Punch|p1a: Show Me How
|-activate|p1a: Show Me How|move: Protect
|
|-weather|RainDance|[upkeep]
|upkeep
|turn|4
|inactive|entei enthusiast has 30 seconds left.
|
|t:|1750827843
|switch|p2a: Walking Wake|Walking Wake, L50|100/100
|move|p1a: Show Me How|Wide Guard|p1a: Show Me How
|-singleturn|p1a: Show Me How|Wide Guard
|move|p2b: Miraidon|Parabolic Charge|p1b: Numb|[spread] p2a
|-activate|p1a: Show Me How|move: Wide Guard
|-activate|p1b: Numb|move: Wide Guard
|-damage|p2a: Walking Wake|27/100
|move|p1b: Numb|Ice Beam|p2b: Miraidon
|-supereffective|p2b: Miraidon
|-damage|p2b: Miraidon|58/100
|
|-weather|RainDance|[upkeep]
|upkeep
|turn|5
|inactive|YummyOS has 30 seconds left.
|
|t:|1750827877
|-terastallize|p2b: Miraidon|Electric
|move|p1b: Numb|Protect|p1b: Numb
|-singleturn|p1b: Numb|Protect
|move|p1a: Show Me How|Body Press|p2a: Walking Wake
|-damage|p2a: Walking Wake|0 fnt
|faint|p2a: Walking Wake
|-end|p2a: Walking Wake|Protosynthesis|[silent]
|move|p2b: Miraidon|Parabolic Charge|p1b: Numb|[spread] p1a
|-activate|p1b: Numb|move: Protect
|-damage|p1a: Show Me How|0 fnt
|-heal|p2b: Miraidon|79/100|[from] drain|[of] p1a: Show Me How
|faint|p1a: Show Me How
|
|-weather|RainDance|[upkeep]
|-fieldend|move: Electric Terrain
|upkeep
|
|t:|1750827894
|switch|p1a: Tree Among Shrubs|Amoonguss, L50, M|100/100
|switch|p2a: Grimmsnarl|Grimmsnarl, L50, M|100/100
|turn|6
|-message|YummyOS forfeited.
|
|win|entei enthusiast
|raw|YummyOS's rating: 1236 &rarr; <strong>1217</strong><br />(-19 for losing)
|raw|entei enthusiast's rating: 1314 &rarr; <strong>1330</strong><br />(+16 for winning)
|l|☆YummyOS
|player|p1|
|l|☆entei enthusiast
|player|p2|
