|j|☆TommyGuapo
|j|‽Barrelfish
|t:|1750880856
|gametype|doubles
|player|p1|TommyGuapo|102|1476
|player|p2|Barrelfish|li|1456
|teamsize|p1|6
|teamsize|p2|6
|gen|9
|tier|[Gen 9] VGC 2025 Reg I
|rated|
|rule|Species Clause: Limit one of each Pokémon
|rule|Item Clause: Limit 1 of each item
|clearpoke
|poke|p1|Zacian-*, L50|
|poke|p1|Giratina-Origin, L50|
|poke|p1|Urshifu-*, L50, M|
|poke|p1|Chien-Pao, L50|
|poke|p1|Pelipper, L50, M|
|poke|p1|Rillaboom, L50, M|
|poke|p2|Zamazenta-*, L50|
|poke|p2|Calyrex-Shadow, L50|
|poke|p2|Tornadus, L50, M|
|poke|p2|Rillaboom, L50, F|
|poke|p2|Smeargle, L50, F|
|poke|p2|Raging Bolt, L50|
|teampreview|4
Barrelfish has agreed to open team sheets.
|inactive|Battle timer is ON: inactive players will automatically lose when time's up. (requested by TommyGuapo)
|
|t:|1750880881
|start
|switch|p1a: Pelipper|Pelipper, L50, M|100/100
|switch|p1b: Urshifu|Urshifu-Rapid-Strike, L50, M|100/100
|switch|p2a: Tornadus|Tornadus, L50, M|100/100
|switch|p2b: Smeargle|Smeargle, L50, F|100/100
|-weather|RainDance|[from] ability: Drizzle|[of] p1a: Pelipper
|turn|1
|
|t:|1750880892
|-terastallize|p1b: Urshifu|Ghost
|move|p2a: Tornadus|Tailwind|p2a: Tornadus
|-sidestart|p2: Barrelfish|move: Tailwind
|move|p2b: Smeargle|Spore|p1b: Urshifu
|-status|p1b: Urshifu|slp|[from] move: Spore
|cant|p1b: Urshifu|slp
|move|p1a: Pelipper|Tailwind|p1a: Pelipper
|-sidestart|p1: TommyGuapo|move: Tailwind
|
|-weather|RainDance|[upkeep]
|-ability|p2b: Smeargle|Moody|boost
|-boost|p2b: Smeargle|atk|2
|-unboost|p2b: Smeargle|spa|1
|upkeep
|turn|2
|inactive|Barrelfish has 30 seconds left.
|inactive|Barrelfish has 20 seconds left.
|inactive|Barrelfish has 15 seconds left.
|inactive|Barrelfish has 10 seconds left.
|
|t:|1750880942
|move|p1a: Pelipper|Wide Guard|p1a: Pelipper
|-singleturn|p1a: Pelipper|Wide Guard
|move|p2a: Tornadus|Taunt|p1a: Pelipper
|-start|p1a: Pelipper|move: Taunt
|-curestatus|p1b: Urshifu|slp|[msg]
|move|p1b: Urshifu|Surging Strikes|p2b: Smeargle
|-crit|p2b: Smeargle
|-damage|p2b: Smeargle|41/100
|-crit|p2b: Smeargle
|-damage|p2b: Smeargle|0 fnt
|faint|p2b: Smeargle
|-hitcount|p2: Smeargle|2
|
|-weather|RainDance|[upkeep]
|upkeep
|
|t:|1750880956
|switch|p2b: Calyrex|Calyrex-Shadow, L50|100/100
|-ability|p2b: Calyrex|As One
|-ability|p2b: Calyrex|Unnerve
|turn|3
|
|t:|1750880970
|switch|p1a: Zacian|Zacian-Crowned, L50|100/100
|-ability|p1a: Zacian|Intrepid Sword|boost
|-boost|p1a: Zacian|atk|1
|move|p1b: Urshifu|Surging Strikes|p2b: Calyrex
|-crit|p2b: Calyrex
|-damage|p2b: Calyrex|66/100
|-crit|p2b: Calyrex
|-damage|p2b: Calyrex|34/100
|-crit|p2b: Calyrex
|-damage|p2b: Calyrex|0 fnt
|faint|p2b: Calyrex
|-hitcount|p2: Calyrex|3
|move|p2a: Tornadus|Bleakwind Storm|p1b: Urshifu|[spread] p1a,p1b
|-resisted|p1a: Zacian
|-damage|p1a: Zacian|83/100
|-damage|p1b: Urshifu|31/100
|-unboost|p1a: Zacian|spe|1
|
|-weather|RainDance|[upkeep]
|upkeep
|
|t:|1750880986
|switch|p2b: Zamazenta|Zamazenta-Crowned, L50|100/100
|-ability|p2b: Zamazenta|Dauntless Shield|boost
|-boost|p2b: Zamazenta|def|1
|turn|4
|inactive|TommyGuapo has 30 seconds left.
|
|t:|1750881012
|-terastallize|p2b: Zamazenta|Grass
|move|p1b: Urshifu|Surging Strikes|p2b: Zamazenta
|-resisted|p2b: Zamazenta
|-crit|p2b: Zamazenta
|-damage|p2b: Zamazenta|91/100
|-resisted|p2b: Zamazenta
|-crit|p2b: Zamazenta
|-damage|p2b: Zamazenta|83/100
|-resisted|p2b: Zamazenta
|-crit|p2b: Zamazenta
|-damage|p2b: Zamazenta|73/100
|-hitcount|p2b: Zamazenta|3
|move|p2b: Zamazenta|Body Press|p1a: Zacian
|-damage|p1a: Zacian|27/100
|move|p1a: Zacian|Behemoth Blade|p2a: Tornadus
|-damage|p2a: Tornadus|9/100
|move|p2a: Tornadus|Bleakwind Storm|p1b: Urshifu|[spread] p1a,p1b
|-resisted|p1a: Zacian
|-damage|p1a: Zacian|9/100
|-damage|p1b: Urshifu|0 fnt
|faint|p1b: Urshifu
|
|-weather|RainDance|[upkeep]
|-sideend|p2: Barrelfish|move: Tailwind
|-sideend|p1: TommyGuapo|move: Tailwind
|upkeep
|
|t:|1750881033
|switch|p1b: Giratina|Giratina-Origin, L50|100/100
|turn|5
|
|t:|1750881042
|move|p2a: Tornadus|Tailwind|p2a: Tornadus
|-sidestart|p2: Barrelfish|move: Tailwind
|move|p1b: Giratina|Shadow Sneak|p2a: Tornadus
|-crit|p2a: Tornadus
|-damage|p2a: Tornadus|0 fnt
|faint|p2a: Tornadus
|move|p2b: Zamazenta|Body Press|p1a: Zacian
|-damage|p1a: Zacian|0 fnt
|faint|p1a: Zacian
|
|-weather|none
|upkeep
|
|t:|1750881052
|switch|p1a: Pelipper|Pelipper, L50, M|100/100
|-weather|RainDance|[from] ability: Drizzle|[of] p1a: Pelipper
|turn|6
|
|t:|1750881065
|move|p2b: Zamazenta|Body Press|p1a: Pelipper
|-resisted|p1a: Pelipper
|-damage|p1a: Pelipper|67/100
|move|p1a: Pelipper|Hurricane|p2b: Zamazenta
|-supereffective|p2b: Zamazenta
|-damage|p2b: Zamazenta|19/100
|move|p1b: Giratina|Draco Meteor|p2b: Zamazenta
|-damage|p2b: Zamazenta|0 fnt
|-unboost|p1b: Giratina|spa|2
|faint|p2b: Zamazenta
|
|win|TommyGuapo
|raw|TommyGuapo's rating: 1476 &rarr; <strong>1495</strong><br />(+19 for winning)
|raw|Barrelfish's rating: 1456 &rarr; <strong>1437</strong><br />(-19 for losing)
