|j|☆fntzz
|j|☆Hydracrew
|t:|1750864543
|gametype|doubles
|player|p1|fntzz|clown|1195
|player|p2|Hydracrew|170|1167
|teamsize|p1|6
|teamsize|p2|6
|gen|9
|tier|[Gen 9] VGC 2025 Reg I
|rated|
|rule|Species Clause: Limit one of each Pokémon
|rule|Item Clause: Limit 1 of each item
|clearpoke
|poke|p1|Koraidon, L50|
|poke|p1|Zamazenta-*, L50|
|poke|p1|Chi-Yu, L50|
|poke|p1|Whimsicott, L50, M|
|poke|p1|Raging Bolt, L50|
|poke|p1|Weezing-Galar, L50, F|
|poke|p2|Sinistcha-Masterpiece, L50|
|poke|p2|Ditto, L50|
|poke|p2|Azumarill, L50, F|
|poke|p2|Talonflame, L50, M|
|poke|p2|Zacian-*, L50|
|poke|p2|Kyogre, L50|
|teampreview|4
|inactive|Battle timer is ON: inactive players will automatically lose when time's up. (requested by Hydracrew)
|
|t:|1750864567
|start
|switch|p1a: Koraidon|Koraidon, L50|100/100
|switch|p1b: Weezing|Weezing-Galar, L50, F|100/100
|switch|p2a: Azumarill|Azumarill, L50, F|100/100
|switch|p2b: Sinistcha|Sinistcha-Masterpiece, L50|100/100
|-ability|p1b: Weezing|Neutralizing Gas
|-block|p1a: Koraidon|item: Ability Shield
|-weather|SunnyDay|[from] ability: Orichalcum Pulse|[of] p1a: Koraidon
|-activate|p1a: Koraidon|Orichalcum Pulse|[source]
|turn|1
|inactive|fntzz has 30 seconds left.
|
|t:|1750864597
|-terastallize|p1a: Koraidon|Fire
|-terastallize|p2b: Sinistcha|Fire
|move|p2b: Sinistcha|Rage Powder|p2b: Sinistcha
|-singleturn|p2b: Sinistcha|move: Rage Powder
|move|p1a: Koraidon|Flame Charge|p2b: Sinistcha
|-resisted|p2b: Sinistcha
|-damage|p2b: Sinistcha|80/100
|-boost|p1a: Koraidon|spe|1
|-enditem|p2b: Sinistcha|Eject Button
|
|t:|1750864608
|switch|p2b: Kyogre|Kyogre, L50|100/100
|move|p1b: Weezing|Poison Gas|p2b: Kyogre|[spread] p2a,p2b
|-status|p2a: Azumarill|psn
|-status|p2b: Kyogre|psn
|move|p2a: Azumarill|Belly Drum|p2a: Azumarill
|-damage|p2a: Azumarill|51/100 psn
|-setboost|p2a: Azumarill|atk|6|[from] move: Belly Drum
|
|-weather|SunnyDay|[upkeep]
|-damage|p2b: Kyogre|88/100 psn|[from] psn
|-damage|p2a: Azumarill|39/100 psn|[from] psn
|upkeep
|-enditem|p2a: Azumarill|Sitrus Berry|[eat]
|-heal|p2a: Azumarill|63/100 psn|[from] item: Sitrus Berry
|turn|2
|inactive|fntzz has 30 seconds left.
|inactive|fntzz has 20 seconds left.
|inactive|fntzz has 15 seconds left.
|inactive|fntzz has 10 seconds left.
|
|t:|1750864654
|move|p1a: Koraidon|Protect|p1a: Koraidon
|-singleturn|p1a: Koraidon|Protect
|move|p1b: Weezing|Protect|p1b: Weezing
|-singleturn|p1b: Weezing|Protect
|move|p2b: Kyogre|Ice Beam|p1b: Weezing
|-activate|p1b: Weezing|move: Protect
|move|p2a: Azumarill|Liquidation|p1b: Weezing
|-activate|p1b: Weezing|move: Protect
|
|-weather|SunnyDay|[upkeep]
|-damage|p2b: Kyogre|76/100 psn|[from] psn
|-damage|p2a: Azumarill|51/100 psn|[from] psn
|upkeep
|turn|3
|
|t:|1750864676
|move|p1a: Koraidon|Collision Course|p2b: Kyogre
|-damage|p2b: Kyogre|9/100 psn
|move|p2b: Kyogre|Ice Beam|p1b: Weezing
|-damage|p1b: Weezing|60/100
|move|p1b: Weezing|Dazzling Gleam|p2a: Azumarill|[spread] p2a,p2b
|-damage|p2a: Azumarill|34/100 psn
|-damage|p2b: Kyogre|0 fnt
|faint|p2b: Kyogre
|move|p2a: Azumarill|Liquidation|p1b: Weezing
|-damage|p1b: Weezing|15/100
|
|-weather|SunnyDay|[upkeep]
|-damage|p2a: Azumarill|22/100 psn|[from] psn
|upkeep
|
|t:|1750864690
|switch|p2b: Sinistcha|Sinistcha-Masterpiece, L50, tera:Fire|80/100
|turn|4
|
|t:|1750864705
|move|p2a: Azumarill|Aqua Jet|p1b: Weezing
|-damage|p1b: Weezing|0 fnt
|faint|p1b: Weezing
|-end|p1b: Weezing|ability: Neutralizing Gas
|-heal|p2a: Azumarill|46/100 psn|[from] ability: Hospitality|[of] p2b: Sinistcha
|move|p1a: Koraidon|Flame Charge|p2a: Azumarill
|-resisted|p2a: Azumarill
|-damage|p2a: Azumarill|12/100 psn
|-boost|p1a: Koraidon|spe|1
|move|p2b: Sinistcha|Life Dew|p2b: Sinistcha|[spread] p2a,p2b
|-heal|p2a: Azumarill|37/100 psn
|-heal|p2b: Sinistcha|100/100
|
|-weather|SunnyDay|[upkeep]
|-damage|p2a: Azumarill|25/100 psn|[from] psn
|upkeep
|
|t:|1750864721
|switch|p1b: Raging Bolt|Raging Bolt, L50|100/100
|-activate|p1b: Raging Bolt|ability: Protosynthesis
|-start|p1b: Raging Bolt|protosynthesisspa
|turn|5
|
|t:|1750864733
|move|p2b: Sinistcha|Rage Powder|p2b: Sinistcha
|-singleturn|p2b: Sinistcha|move: Rage Powder
|move|p1b: Raging Bolt|Thunderclap||[still]
|-fail|p1b: Raging Bolt
|move|p1a: Koraidon|Collision Course|p2b: Sinistcha
|-damage|p2b: Sinistcha|54/100
|move|p2a: Azumarill|Liquidation|p1a: Koraidon
|-supereffective|p1a: Koraidon
|-damage|p1a: Koraidon|0 fnt
|faint|p1a: Koraidon
|
|-weather|none
|-end|p1b: Raging Bolt|Protosynthesis
|-damage|p2a: Azumarill|13/100 psn|[from] psn
|upkeep
|
|t:|1750864745
|switch|p1a: Zamazenta|Zamazenta-Crowned, L50|100/100
|-ability|p1a: Zamazenta|Dauntless Shield|boost
|-boost|p1a: Zamazenta|def|1
|turn|6
|
|t:|1750864761
|move|p2b: Sinistcha|Rage Powder|p2b: Sinistcha
|-singleturn|p2b: Sinistcha|move: Rage Powder
|move|p1a: Zamazenta|Body Press|p2b: Sinistcha
|-damage|p2b: Sinistcha|4/100
|move|p1b: Raging Bolt|Electroweb|p2a: Azumarill|[spread] p2a,p2b
|-supereffective|p2a: Azumarill
|-damage|p2a: Azumarill|0 fnt
|-damage|p2b: Sinistcha|0 fnt
|faint|p2a: Azumarill
|faint|p2b: Sinistcha
|
|upkeep
|
|t:|1750864770
|switch|p2b: Zacian|Zacian-Crowned, L50|100/100
|-ability|p2b: Zacian|Intrepid Sword|boost
|-boost|p2b: Zacian|atk|1
|turn|7
|-message|Hydracrew forfeited.
|
|win|fntzz
|raw|fntzz's rating: 1195 &rarr; <strong>1218</strong><br />(+23 for winning)
|raw|Hydracrew's rating: 1167 &rarr; <strong>1144</strong><br />(-23 for losing)
|l|☆Hydracrew
|player|p2|
