|j|☆patrulheirogeek
|j|☆pkmnboo
|t:|1750808764
|gametype|doubles
|player|p1|patrulheirogeek|veteran|1056
|player|p2|pkmnboo|rood|1128
|teamsize|p1|6
|teamsize|p2|6
|gen|9
|tier|[Gen 9] VGC 2025 Reg I
|rated|
|rule|Species Clause: Limit one of each Pokémon
|rule|Item Clause: Limit 1 of each item
|clearpoke
|poke|p1|Dusclops, L50, F|
|poke|p1|Groudon, L50|
|poke|p1|Miraidon, L50|
|poke|p1|Ursaluna, L50, F|
|poke|p1|Amoonguss, L50, F|
|poke|p1|Swampert, L50, F|
|poke|p2|Ogerpon, L50, F|
|poke|p2|Calyrex-Shadow, L50|
|poke|p2|Rillaboom, L50, M|
|poke|p2|Incineroar, L50, M|
|poke|p2|Urshifu-*, L50, M|
|poke|p2|Zacian-*, L50|
|teampreview|4
|inactive|Battle timer is ON: inactive players will automatically lose when time's up. (requested by pkmnboo)
|inactive|patrulheirogeek has 60 seconds left.
|inactive|pkmnboo has 60 seconds left.
|l|☆pkmnboo
|inactive|pkmnboo disconnected and has a minute to reconnect!
|player|p2|
|j|☆pkmnboo
|inactive|pkmnboo reconnected and has 40 seconds left.
|player|p2|pkmnboo|rood|
|inactive|pkmnboo has 30 seconds left.
|
|t:|1750808832
|start
|switch|p1a: Moto|Miraidon, L50|100/100
|switch|p1b: Swampert|Swampert, L50, F|100/100
|switch|p2a: Incineroar|Incineroar, L50, M|100/100
|switch|p2b: Calyrex|Calyrex-Shadow, L50|100/100
|-ability|p2b: Calyrex|As One
|-ability|p2b: Calyrex|Unnerve
|-fieldstart|move: Electric Terrain|[from] ability: Hadron Engine|[of] p1a: Moto
|-ability|p2a: Incineroar|Intimidate|boost
|-unboost|p1a: Moto|atk|1
|-unboost|p1b: Swampert|atk|1
|turn|1
|inactive|patrulheirogeek has 30 seconds left.
|inactive|pkmnboo has 30 seconds left.
|inactive|patrulheirogeek has 20 seconds left.
|inactive|patrulheirogeek has 15 seconds left.
|inactive|patrulheirogeek has 10 seconds left.
|inactive|patrulheirogeek has 5 seconds left.
|inactive|pkmnboo has 20 seconds left.
|inactive|pkmnboo has 15 seconds left.
|
|t:|1750808894
|move|p2b: Calyrex|Protect|p2b: Calyrex
|-singleturn|p2b: Calyrex|Protect
|move|p1b: Swampert|Wide Guard|p1b: Swampert
|-singleturn|p1b: Swampert|Wide Guard
|move|p1a: Moto|Dazzling Gleam|p2a: Incineroar|[spread] p2a
|-activate|p2b: Calyrex|move: Protect
|-damage|p2a: Incineroar|61/100
|move|p2a: Incineroar|Parting Shot|p1a: Moto
|-unboost|p1a: Moto|atk|1
|-unboost|p1a: Moto|spa|1
|
|t:|1750808903
|switch|p2a: Rillaboom|Rillaboom, L50, M|100/100|[from] Parting Shot
|-fieldstart|move: Grassy Terrain|[from] ability: Grassy Surge|[of] p2a: Rillaboom
|
|upkeep
|turn|2
|
|t:|1750808914
|-terastallize|p1a: Moto|Fairy
|move|p1b: Swampert|Wide Guard|p1b: Swampert
|-singleturn|p1b: Swampert|Wide Guard
|move|p2b: Calyrex|Astral Barrage|p1b: Swampert|[spread] 
|-activate|p1a: Moto|move: Wide Guard
|-activate|p1b: Swampert|move: Wide Guard
|move|p1a: Moto|Dazzling Gleam|p2b: Calyrex|[spread] p2a,p2b
|-damage|p2a: Rillaboom|83/100
|-damage|p2b: Calyrex|69/100
|move|p2a: Rillaboom|Wood Hammer|p1b: Swampert
|-supereffective|p1b: Swampert
|-damage|p1b: Swampert|0 fnt
|faint|p1b: Swampert
|-damage|p2a: Rillaboom|50/100|[from] Recoil
|
|-heal|p2b: Calyrex|75/100|[from] Grassy Terrain
|-heal|p2a: Rillaboom|56/100|[from] Grassy Terrain
|upkeep
|inactive|patrulheirogeek has 30 seconds left.
|
|t:|1750808947
|switch|p1b: Dudu|Dusclops, L50, F, shiny|100/100
|-ability|p1b: Dudu|Pressure
|turn|3
|
|t:|1750808971
|move|p2b: Calyrex|Astral Barrage|p1a: Moto|[spread] p1a,p1b
|-supereffective|p1b: Dudu
|-damage|p1a: Moto|57/100
|-damage|p1b: Dudu|47/100
|move|p1a: Moto|Dazzling Gleam|p2b: Calyrex|[spread] p2a,p2b
|-damage|p2a: Rillaboom|37/100
|-damage|p2b: Calyrex|43/100
|move|p2a: Rillaboom|Wood Hammer|p1a: Moto
|-damage|p1a: Moto|2/100
|-damage|p2a: Rillaboom|19/100|[from] Recoil
|move|p1b: Dudu|Trick Room|p1b: Dudu
|-fieldstart|move: Trick Room|[of] p1b: Dudu
|
|-heal|p1b: Dudu|54/100|[from] Grassy Terrain
|-heal|p2a: Rillaboom|25/100|[from] Grassy Terrain
|-heal|p1a: Moto|8/100|[from] Grassy Terrain
|-heal|p2b: Calyrex|49/100|[from] Grassy Terrain
|upkeep
|turn|4
|inactive|patrulheirogeek has 30 seconds left.
|
|t:|1750809004
|switch|p1a: Mamãeurso|Ursaluna, L50, F, shiny|100/100
|move|p1b: Dudu|Shadow Sneak|p2b: Calyrex
|-supereffective|p2b: Calyrex
|-damage|p2b: Calyrex|0 fnt
|faint|p2b: Calyrex
|move|p2a: Rillaboom|Grassy Glide|p1a: Mamãeurso
|-supereffective|p1a: Mamãeurso
|-damage|p1a: Mamãeurso|50/100
|
|-heal|p1b: Dudu|60/100|[from] Grassy Terrain
|-heal|p1a: Mamãeurso|56/100|[from] Grassy Terrain
|-heal|p2a: Rillaboom|31/100|[from] Grassy Terrain
|-status|p1a: Mamãeurso|brn|[from] item: Flame Orb
|upkeep
|
|t:|1750809011
|switch|p2b: Incineroar|Incineroar, L50, M|61/100
|-ability|p2b: Incineroar|Intimidate|boost
|-unboost|p1a: Mamãeurso|atk|1
|-unboost|p1b: Dudu|atk|1
|turn|5
|
|t:|1750809030
|switch|p2a: Zacian|Zacian-Crowned, L50|100/100
|-ability|p2a: Zacian|Intrepid Sword|boost
|-boost|p2a: Zacian|atk|1
|move|p2b: Incineroar|Fake Out|p1a: Mamãeurso
|-damage|p1a: Mamãeurso|48/100 brn
|move|p1b: Dudu|Shadow Sneak|p2a: Zacian
|-damage|p2a: Zacian|95/100
|cant|p1a: Mamãeurso|flinch
|
|-heal|p1b: Dudu|66/100|[from] Grassy Terrain
|-heal|p1a: Mamãeurso|54/100 brn|[from] Grassy Terrain
|-heal|p2b: Incineroar|67/100|[from] Grassy Terrain
|-heal|p2a: Zacian|100/100|[from] Grassy Terrain
|-damage|p1a: Mamãeurso|48/100 brn|[from] brn
|-fieldend|move: Grassy Terrain
|upkeep
|turn|6
|
|t:|1750809050
|switch|p2b: Rillaboom|Rillaboom, L50, M|31/100
|-fieldstart|move: Grassy Terrain|[from] ability: Grassy Surge|[of] p2b: Rillaboom
|move|p1b: Dudu|Helping Hand|p1a: Mamãeurso
|-singleturn|p1a: Mamãeurso|Helping Hand|[of] p1b: Dudu
|move|p2a: Zacian|Protect|p2a: Zacian
|-singleturn|p2a: Zacian|Protect
|move|p1a: Mamãeurso|Facade|p2a: Zacian
|-activate|p2a: Zacian|move: Protect
|
|-heal|p1b: Dudu|72/100|[from] Grassy Terrain
|-heal|p1a: Mamãeurso|54/100 brn|[from] Grassy Terrain
|-heal|p2b: Rillaboom|36/100|[from] Grassy Terrain
|-damage|p1a: Mamãeurso|48/100 brn|[from] brn
|upkeep
|turn|7
|inactive|pkmnboo has 30 seconds left.
|
|t:|1750809084
|move|p1b: Dudu|Helping Hand|p1a: Mamãeurso
|-singleturn|p1a: Mamãeurso|Helping Hand|[of] p1b: Dudu
|move|p2b: Rillaboom|Fake Out|p1a: Mamãeurso
|-damage|p1a: Mamãeurso|37/100 brn
|cant|p1a: Mamãeurso|flinch
|move|p2a: Zacian|Behemoth Blade|p1b: Dudu
|-damage|p1b: Dudu|14/100
|
|-heal|p1b: Dudu|20/100|[from] Grassy Terrain
|-heal|p1a: Mamãeurso|43/100 brn|[from] Grassy Terrain
|-heal|p2b: Rillaboom|42/100|[from] Grassy Terrain
|-damage|p1a: Mamãeurso|37/100 brn|[from] brn
|-fieldend|move: Trick Room
|upkeep
|turn|8
|inactive|pkmnboo has 30 seconds left.
|inactive|pkmnboo has 20 seconds left.
|
|t:|1750809119
|move|p1a: Mamãeurso|Protect|p1a: Mamãeurso
|-singleturn|p1a: Mamãeurso|Protect
|move|p2a: Zacian|Behemoth Blade|p1b: Dudu
|-damage|p1b: Dudu|0 fnt
|faint|p1b: Dudu
|move|p2b: Rillaboom|Wood Hammer|p1a: Mamãeurso
|-activate|p1a: Mamãeurso|move: Protect
|
|-heal|p2b: Rillaboom|48/100|[from] Grassy Terrain
|-heal|p1a: Mamãeurso|43/100 brn|[from] Grassy Terrain
|-damage|p1a: Mamãeurso|37/100 brn|[from] brn
|upkeep
|
|t:|1750809135
|switch|p1b: Moto|Miraidon, L50, tera:Fairy|8/100
|-fieldstart|move: Electric Terrain|[from] ability: Hadron Engine|[of] p1b: Moto
|turn|9
|
|t:|1750809142
|switch|p2b: Incineroar|Incineroar, L50, M|67/100
|-ability|p2b: Incineroar|Intimidate|boost
|-unboost|p1a: Mamãeurso|atk|1
|-unboost|p1b: Moto|atk|1
|move|p2a: Zacian|Protect|p2a: Zacian
|-singleturn|p2a: Zacian|Protect
|move|p1b: Moto|Dazzling Gleam|p2a: Zacian|[spread] p2b
|-activate|p2a: Zacian|move: Protect
|-damage|p2b: Incineroar|10/100
|move|p1a: Mamãeurso|Facade|p2b: Incineroar
|-damage|p2b: Incineroar|0 fnt
|faint|p2b: Incineroar
|
|-damage|p1a: Mamãeurso|31/100 brn|[from] brn
|upkeep
|
|t:|1750809154
|switch|p2b: Rillaboom|Rillaboom, L50, M|48/100
|-fieldstart|move: Grassy Terrain|[from] ability: Grassy Surge|[of] p2b: Rillaboom
|turn|10
|
|t:|1750809175
|move|p2b: Rillaboom|Grassy Glide|p1b: Moto
|-damage|p1b: Moto|0 fnt
|faint|p1b: Moto
|move|p2a: Zacian|Behemoth Blade|p1a: Mamãeurso
|-damage|p1a: Mamãeurso|0 fnt
|faint|p1a: Mamãeurso
|
|win|pkmnboo
|raw|patrulheirogeek's rating: 1056 &rarr; <strong>1041</strong><br />(-15 for losing)
|raw|pkmnboo's rating: 1128 &rarr; <strong>1148</strong><br />(+20 for winning)
|l|☆patrulheirogeek
|player|p1|
