|j|☆Dakimakura69
|j|☆not vgc lugia
|t:|1750850146
|gametype|doubles
|player|p1|Dakimakura69|cynthia|1479
|player|p2|not vgc lugia|ethan|1516
|teamsize|p1|6
|teamsize|p2|6
|gen|9
|tier|[Gen 9] VGC 2025 Reg I
|rated|
|rule|Species Clause: Limit one of each Pokémon
|rule|Item Clause: Limit 1 of each item
|clearpoke
|poke|p1|Lunala, L50|
|poke|p1|Koraidon, L50|
|poke|p1|Flutter Mane, L50|
|poke|p1|Indeedee-F, L50, F|
|poke|p1|Ogerpon-Cornerstone, L50, F|
|poke|p1|Chi-Yu, L50|
|poke|p2|Lugia, L50|
|poke|p2|Miraidon, L50|
|poke|p2|Chien-Pao, L50|
|poke|p2|Iron Hands, L50|
|poke|p2|Ogerpon-Wellspring, L50, F|
|poke|p2|Entei, L50|
|teampreview|4
|inactive|Battle timer is ON: inactive players will automatically lose when time's up. (requested by not vgc lugia)
|c|☆Dakimakura69|Ohhh Lugia
|c|☆Dakimakura69|I dont like the rest tho
|c|☆Dakimakura69|So what does Lugia even do?
|inactive|Dakimakura69 has 60 seconds left.
|inactive|not vgc lugia has 60 seconds left.
|inactive|Dakimakura69 has 30 seconds left.
|c|☆not vgc lugia|not much xddd
|
|t:|1750850216
|start
|switch|p1a: Lunala|Lunala, L50|100/100
|switch|p1b: Indeedee|Indeedee-F, L50, F|100/100
|switch|p2a: Miraidon|Miraidon, L50|100/100
|switch|p2b: Iron Hands|Iron Hands, L50|100/100
|-fieldstart|move: Electric Terrain|[from] ability: Hadron Engine|[of] p2a: Miraidon
|-activate|p2b: Iron Hands|ability: Quark Drive
|-start|p2b: Iron Hands|quarkdriveatk
|-fieldstart|move: Psychic Terrain|[from] ability: Psychic Surge|[of] p1b: Indeedee
|-end|p2b: Iron Hands|Quark Drive
|turn|1
|c|☆Dakimakura69|no clue how to lead into this
|inactive|Dakimakura69 has 30 seconds left.
|inactive|not vgc lugia has 30 seconds left.
|inactive|Dakimakura69 has 20 seconds left.
|
|t:|1750850254
|move|p1b: Indeedee|Helping Hand|p1a: Lunala
|-singleturn|p1a: Lunala|Helping Hand|[of] p1b: Indeedee
|move|p2a: Miraidon|Snarl|p1b: Indeedee|[spread] p1a,p1b
|-supereffective|p1a: Lunala
|-supereffective|p1b: Indeedee
|-damage|p1a: Lunala|77/100
|-damage|p1b: Indeedee|69/100
|-unboost|p1a: Lunala|spa|1
|-unboost|p1b: Indeedee|spa|1
|move|p1a: Lunala|Expanding Force|p2b: Iron Hands|[spread] p2a,p2b
|-supereffective|p2b: Iron Hands
|-damage|p2a: Miraidon|49/100
|-damage|p2b: Iron Hands|34/100
|move|p2b: Iron Hands|Wild Charge|p1a: Lunala
|-damage|p1a: Lunala|27/100
|-damage|p2b: Iron Hands|23/100|[from] Recoil
|
|upkeep
|turn|2
|c|☆Dakimakura69|oh that looks like one of these AV sets huh
|inactive|Dakimakura69 has 30 seconds left.
|inactive|Dakimakura69 has 20 seconds left.
|inactive|Dakimakura69 has 15 seconds left.
|inactive|Dakimakura69 has 10 seconds left.
|
|t:|1750850303
|-end|p2b: Iron Hands|Quark Drive|[silent]
|switch|p2b: Lugia|Lugia, L50|100/100
|-terastallize|p1a: Lunala|Water
|move|p1b: Indeedee|Follow Me|p1b: Indeedee
|-singleturn|p1b: Indeedee|move: Follow Me
|move|p2a: Miraidon|Snarl|p1a: Lunala|[spread] p1a,p1b
|-supereffective|p1b: Indeedee
|-damage|p1a: Lunala|16/100
|-damage|p1b: Indeedee|35/100
|-unboost|p1a: Lunala|spa|1
|-unboost|p1b: Indeedee|spa|1
|move|p1a: Lunala|Expanding Force|p2b: Lugia|[spread] p2a,p2b
|-resisted|p2b: Lugia
|-damage|p2a: Miraidon|20/100
|-damage|p2b: Lugia|95/100
|
|upkeep
|turn|3
|c|☆Dakimakura69|okay complete utter overprediction
|inactive|Dakimakura69 has 30 seconds left.
|inactive|not vgc lugia has 30 seconds left.
|inactive|Dakimakura69 has 20 seconds left.
|inactive|Dakimakura69 has 15 seconds left.
|inactive|Dakimakura69 has 10 seconds left.
|inactive|Dakimakura69 has 5 seconds left.
|
|t:|1750850356
|switch|p2a: Entei|Entei, L50, shiny|100/100
|move|p1b: Indeedee|Helping Hand|p1a: Lunala
|-singleturn|p1a: Lunala|Helping Hand|[of] p1b: Indeedee
|move|p2b: Lugia|Calm Mind|p2b: Lugia
|-boost|p2b: Lugia|spa|1
|-boost|p2b: Lugia|spd|1
|move|p1a: Lunala|Meteor Beam||[still]
|-prepare|p1a: Lunala|Meteor Beam
|-boost|p1a: Lunala|spa|1
|-enditem|p1a: Lunala|Power Herb
|-anim|p1a: Lunala|Meteor Beam|p2a: Entei
|-supereffective|p2a: Entei
|-damage|p2a: Entei|0 fnt
|faint|p2a: Entei
|
|upkeep
|
|t:|1750850370
|switch|p2a: Miraidon|Miraidon, L50|20/100
|-fieldstart|move: Electric Terrain|[from] ability: Hadron Engine|[of] p2a: Miraidon
|-enditem|p2b: Lugia|Electric Seed
|-boost|p2b: Lugia|def|1|[from] item: Electric Seed
|turn|4
|inactive|Dakimakura69 has 30 seconds left.
|
|t:|1750850402
|move|p1b: Indeedee|Follow Me|p1b: Indeedee
|-singleturn|p1b: Indeedee|move: Follow Me
|move|p2a: Miraidon|Volt Switch|p1b: Indeedee
|-damage|p1b: Indeedee|0 fnt
|faint|p1b: Indeedee
|
|t:|1750850409
|switch|p2a: Iron Hands|Iron Hands, L50|23/100|[from] Volt Switch
|-activate|p2a: Iron Hands|ability: Quark Drive
|-start|p2a: Iron Hands|quarkdriveatk
|move|p2b: Lugia|Aeroblast|p1a: Lunala
|-damage|p1a: Lunala|0 fnt
|faint|p1a: Lunala
|
|upkeep
|
|t:|1750850418
|switch|p1a: Koraidon|Koraidon, L50|100/100
|switch|p1b: Flutter Mane|Flutter Mane, L50|100/100
|-weather|SunnyDay|[from] ability: Orichalcum Pulse|[of] p1a: Koraidon
|-activate|p1b: Flutter Mane|ability: Protosynthesis
|-start|p1b: Flutter Mane|protosynthesisspe
|-activate|p1a: Koraidon|Orichalcum Pulse|[source]
|turn|5
|inactive|not vgc lugia has 30 seconds left.
|inactive|not vgc lugia has 20 seconds left.
|
|t:|1750850457
|move|p1a: Koraidon|Protect|p1a: Koraidon
|-singleturn|p1a: Koraidon|Protect
|move|p1b: Flutter Mane|Moonblast|p2a: Iron Hands
|-supereffective|p2a: Iron Hands
|-damage|p2a: Iron Hands|0 fnt
|faint|p2a: Iron Hands
|-end|p2a: Iron Hands|Quark Drive|[silent]
|move|p2b: Lugia|Aeroblast|p1b: Flutter Mane
|-damage|p1b: Flutter Mane|26/100
|
|-weather|SunnyDay|[upkeep]
|upkeep
|
|t:|1750850463
|switch|p2a: Miraidon|Miraidon, L50|20/100
|-activate|p2a: Miraidon|ability: Hadron Engine
|turn|6
|inactive|Dakimakura69 has 30 seconds left.
|inactive|not vgc lugia has 30 seconds left.
|inactive|Dakimakura69 has 20 seconds left.
|inactive|Dakimakura69 has 15 seconds left.
|inactive|not vgc lugia has 20 seconds left.
|
|t:|1750850512
|-terastallize|p2b: Lugia|Fairy
|move|p1b: Flutter Mane|Moonblast|p2a: Miraidon
|-supereffective|p2a: Miraidon
|-damage|p2a: Miraidon|0 fnt
|faint|p2a: Miraidon
|move|p1a: Koraidon|Flare Blitz|p2b: Lugia
|-damage|p2b: Lugia|36/100
|-damage|p1a: Koraidon|80/100|[from] Recoil
|-damage|p1a: Koraidon|71/100|[from] item: Life Orb
|move|p2b: Lugia|Aeroblast|p1a: Koraidon
|-supereffective|p1a: Koraidon
|-damage|p1a: Koraidon|0 fnt
|faint|p1a: Koraidon
|
|-weather|SunnyDay|[upkeep]
|upkeep
|turn|7
|inactive|Dakimakura69 has 30 seconds left.
|
|t:|1750850542
|move|p1b: Flutter Mane|Moonblast|p2b: Lugia
|-damage|p2b: Lugia|13/100
|move|p2b: Lugia|Recover|p2b: Lugia
|-heal|p2b: Lugia|63/100
|
|-weather|SunnyDay|[upkeep]
|upkeep
|turn|8
|c|☆Dakimakura69|yeah I got that turn wrong
|c|☆Dakimakura69|hwo should I have moved there instead
|c|☆Dakimakura69|Icy wind?
|c|☆Dakimakura69|to break multiscale?
|inactive|Dakimakura69 has 30 seconds left.
|inactive|Dakimakura69 has 20 seconds left.
|
|t:|1750850578
|move|p1b: Flutter Mane|Moonblast|p2b: Lugia
|-damage|p2b: Lugia|39/100
|-unboost|p2b: Lugia|spa|1
|move|p2b: Lugia|Recover|p2b: Lugia
|-heal|p2b: Lugia|89/100
|
|-weather|SunnyDay|[upkeep]
|-fieldend|move: Electric Terrain
|upkeep
|turn|9
|c|☆not vgc lugia|multiscale was broken already
|c|☆Dakimakura69|nvm
|c|☆not vgc lugia|maybe icy and focus lugia
|c|☆Dakimakura69|Needed the fire tera
|c|☆not vgc lugia|then mirai
|inactive|not vgc lugia has 30 seconds left.
|
|t:|1750850607
|move|p1b: Flutter Mane|Moonblast|p2b: Lugia
|-damage|p2b: Lugia|66/100
|move|p2b: Lugia|Aeroblast|p1b: Flutter Mane
|-damage|p1b: Flutter Mane|0 fnt
|faint|p1b: Flutter Mane
|-end|p1b: Flutter Mane|Protosynthesis|[silent]
|
|win|not vgc lugia
|raw|Dakimakura69's rating: 1479 &rarr; <strong>1461</strong><br />(-18 for losing)
|raw|not vgc lugia's rating: 1516 &rarr; <strong>1534</strong><br />(+18 for winning)
|c|☆not vgc lugia|wp
