|j|☆trollermaximus
|j|☆Taroda
|t:|1750849409
|gametype|doubles
|player|p1|trollermaximus|102|1375
|player|p2|Taroda|265|1324
|teamsize|p1|6
|teamsize|p2|6
|gen|9
|tier|[Gen 9] VGC 2025 Reg I
|rated|
|rule|Species Clause: Limit one of each Pokémon
|rule|Item Clause: Limit 1 of each item
|clearpoke
|poke|p1|Zacian-*, L50|
|poke|p1|Kyogre, L50|
|poke|p1|Tornadus, L50, M|
|poke|p1|Raichu, L50, F|
|poke|p1|Incineroar, L50, M|
|poke|p1|Tsareena, L50, F|
|poke|p2|Ursaluna, L50, F|
|poke|p2|Miraidon, L50|
|poke|p2|Lunala, L50|
|poke|p2|Incineroar, L50, F|
|poke|p2|Urshifu-*, L50, F|
|poke|p2|Whimsicott, L50, F|
|teampreview|4
|
|t:|1750849465
|start
|switch|p1a: Kyogre|Kyogre, L50, shiny|100/100
|switch|p1b: Tornadus|Tornadus, L50, M|100/100
|switch|p2a: Whimsicott|Whimsicott, L50, F|100/100
|switch|p2b: Miraidon|Miraidon, L50|100/100
|-fieldstart|move: Electric Terrain|[from] ability: Hadron Engine|[of] p2b: Miraidon
|-weather|RainDance|[from] ability: Drizzle|[of] p1a: Kyogre
|turn|1
|
|t:|1750849488
|-terastallize|p1a: Kyogre|Grass
|move|p2a: Whimsicott|Light Screen|p2a: Whimsicott
|-sidestart|p2: Taroda|move: Light Screen
|move|p1b: Tornadus|Bleakwind Storm|p2a: Whimsicott|[spread] p2a,p2b
|-supereffective|p2a: Whimsicott
|-crit|p2a: Whimsicott
|-resisted|p2b: Miraidon
|-damage|p2a: Whimsicott|0 fnt
|-damage|p2b: Miraidon|92/100
|faint|p2a: Whimsicott
|move|p2b: Miraidon|Draco Meteor|p1b: Tornadus
|-damage|p1b: Tornadus|0 fnt
|-unboost|p2b: Miraidon|spa|2
|faint|p1b: Tornadus
|move|p1a: Kyogre|Ice Beam|p2b: Miraidon
|-supereffective|p2b: Miraidon
|-damage|p2b: Miraidon|54/100
|
|-weather|RainDance|[upkeep]
|upkeep
|inactive|Battle timer is ON: inactive players will automatically lose when time's up. (requested by trollermaximus)
|
|t:|1750849546
|switch|p1b: Tsareena|Tsareena, L50, F|100/100
|switch|p2a: Urshifu|Urshifu-Rapid-Strike, L50, F|100/100
|turn|2
|inactive|Taroda has 30 seconds left.
|
|t:|1750849580
|-terastallize|p2a: Urshifu|Water
|move|p2b: Miraidon|Draco Meteor|p1a: Kyogre
|-damage|p1a: Kyogre|71/100
|-unboost|p2b: Miraidon|spa|2
|move|p2a: Urshifu|Surging Strikes|p1b: Tsareena
|-resisted|p1b: Tsareena
|-crit|p1b: Tsareena
|-damage|p1b: Tsareena|61/100
|-resisted|p1b: Tsareena
|-crit|p1b: Tsareena
|-damage|p1b: Tsareena|20/100
|-resisted|p1b: Tsareena
|-crit|p1b: Tsareena
|-damage|p1b: Tsareena|0 fnt
|faint|p1b: Tsareena
|-hitcount|p1: Tsareena|3
|move|p1a: Kyogre|Water Spout|p2b: Miraidon|[spread] p2a,p2b
|-resisted|p2a: Urshifu
|-resisted|p2b: Miraidon
|-damage|p2a: Urshifu|64/100
|-damage|p2b: Miraidon|33/100
|
|-weather|RainDance|[upkeep]
|upkeep
|
|t:|1750849590
|switch|p1b: Zacian|Zacian-Crowned, L50|100/100
|-ability|p1b: Zacian|Intrepid Sword|boost
|-boost|p1b: Zacian|atk|1
|turn|3
|inactive|Taroda has 30 seconds left.
|inactive|Taroda has 20 seconds left.
|inactive|Taroda has 15 seconds left.
|
|t:|1750849633
|switch|p2a: Lunala|Lunala, L50|100/100
|-enditem|p2a: Lunala|Electric Seed
|-boost|p2a: Lunala|def|1|[from] item: Electric Seed
|move|p1b: Zacian|Play Rough|p2a: Lunala
|-damage|p2a: Lunala|82/100
|-unboost|p2a: Lunala|atk|1
|move|p2b: Miraidon|Draco Meteor|p1a: Kyogre
|-damage|p1a: Kyogre|52/100
|-unboost|p2b: Miraidon|spa|2
|move|p1a: Kyogre|Ice Beam|p2b: Miraidon
|-supereffective|p2b: Miraidon
|-damage|p2b: Miraidon|0 fnt
|faint|p2b: Miraidon
|
|-weather|RainDance|[upkeep]
|upkeep
|
|t:|1750849648
|switch|p2b: Urshifu|Urshifu-Rapid-Strike, L50, F, tera:Water|64/100
|turn|4
|inactive|Taroda has 30 seconds left.
|
|t:|1750849677
|move|p1b: Zacian|Play Rough|p2b: Urshifu
|-damage|p2b: Urshifu|0 fnt
|faint|p2b: Urshifu
|move|p2a: Lunala|Moongeist Beam|p1b: Zacian
|-damage|p1b: Zacian|52/100
|move|p1a: Kyogre|Hydro Pump|p2a: Lunala
|-damage|p2a: Lunala|32/100
|
|-weather|RainDance|[upkeep]
|upkeep
|turn|5
|-message|Taroda forfeited.
|
|win|trollermaximus
|raw|trollermaximus's rating: 1375 &rarr; <strong>1392</strong><br />(+17 for winning)
|raw|Taroda's rating: 1324 &rarr; <strong>1307</strong><br />(-17 for losing)
|l|☆trollermaximus
|player|p1|
