|j|☆Mandolin505
|j|☆Punchblocker
|t:|1750797352
|gametype|doubles
|player|p1|Mandolin505|steven|1292
|player|p2|Punchblocker|blackbelt|1276
|teamsize|p1|6
|teamsize|p2|6
|gen|9
|tier|[Gen 9] VGC 2025 Reg I
|rated|
|rule|Species Clause: Limit one of each Pokémon
|rule|Item Clause: Limit 1 of each item
|clearpoke
|poke|p1|Calyrex-Shadow, L50|
|poke|p1|Zamazenta-*, L50|
|poke|p1|Urshifu-*, L50, M|
|poke|p1|Rillaboom, L50, F|
|poke|p1|Chien-Pao, L50|
|poke|p1|Incineroar, L50, F|
|poke|p2|Grimmsnarl, L50, M|
|poke|p2|Indeedee-F, L50, F|
|poke|p2|Overqwil, L50, M|
|poke|p2|Chi-Yu, L50|
|poke|p2|Calyrex-Shadow, L50|
|poke|p2|Eternatus, L50|
|teampreview|4
|inactive|Battle timer is ON: inactive players will automatically lose when time's up. (requested by Mandolin505)
|
|t:|1750797371
|start
|switch|p1a: Incineroar|Incineroar, L50, F, shiny|100/100
|switch|p1b: Silver|Urshifu-Rapid-Strike, L50, M|100/100
|switch|p2a: Indeedee|Indeedee-F, L50, F|100/100
|switch|p2b: Overqwil|Overqwil, L50, M|100/100
|-ability|p2b: Overqwil|Intimidate|boost
|-unboost|p1a: Incineroar|atk|1
|-unboost|p1b: Silver|atk|1
|-fieldstart|move: Psychic Terrain|[from] ability: Psychic Surge|[of] p2a: Indeedee
|-ability|p1a: Incineroar|Intimidate|boost
|-unboost|p2a: Indeedee|atk|1
|-unboost|p2b: Overqwil|atk|1
|turn|1
|
|t:|1750797385
|move|p2a: Indeedee|Follow Me|p2a: Indeedee
|-singleturn|p2a: Indeedee|move: Follow Me
|move|p1b: Silver|U-turn|p2a: Indeedee
|-supereffective|p2a: Indeedee
|-damage|p2a: Indeedee|63/100
|-damage|p1b: Silver|84/100|[from] item: Rocky Helmet|[of] p2a: Indeedee
|
|t:|1750797392
|switch|p1b: Perro-Crowned|Zamazenta-Crowned, L50, shiny|100/100|[from] U-turn
|-ability|p1b: Perro-Crowned|Dauntless Shield|boost
|-boost|p1b: Perro-Crowned|def|1
|move|p2b: Overqwil|Toxic Spikes|p1b: Perro-Crowned
|-sidestart|p1: Mandolin505|move: Toxic Spikes
|move|p1a: Incineroar|Knock Off|p2a: Indeedee
|-supereffective|p2a: Indeedee
|-damage|p2a: Indeedee|8/100
|-damage|p1a: Incineroar|84/100|[from] item: Rocky Helmet|[of] p2a: Indeedee
|-enditem|p2a: Indeedee|Rocky Helmet|[from] move: Knock Off|[of] p1a: Incineroar
|
|upkeep
|turn|2
|
|t:|1750797417
|move|p2a: Indeedee|Follow Me|p2a: Indeedee
|-singleturn|p2a: Indeedee|move: Follow Me
|move|p1b: Perro-Crowned|Body Press|p2a: Indeedee
|-damage|p2a: Indeedee|0 fnt
|faint|p2a: Indeedee
|move|p2b: Overqwil|Crunch|p1a: Incineroar
|-resisted|p1a: Incineroar
|-damage|p1a: Incineroar|74/100
|-damage|p2b: Overqwil|84/100|[from] item: Rocky Helmet|[of] p1a: Incineroar
|move|p1a: Incineroar|Knock Off|p2b: Overqwil
|-resisted|p2b: Overqwil
|-damage|p2b: Overqwil|71/100
|-enditem|p2b: Overqwil|Muscle Band|[from] move: Knock Off|[of] p1a: Incineroar
|
|upkeep
|
|t:|1750797432
|switch|p2a: Eternatus|Eternatus, L50|100/100
|-ability|p2a: Eternatus|Pressure
|turn|3
|
|t:|1750797444
|move|p1b: Perro-Crowned|Body Press|p2b: Overqwil
|-damage|p2b: Overqwil|9/100
|move|p2a: Eternatus|Cosmic Power|p2a: Eternatus
|-boost|p2a: Eternatus|def|1
|-boost|p2a: Eternatus|spd|1
|move|p2b: Overqwil|Toxic Spikes|p1b: Perro-Crowned
|-sidestart|p1: Mandolin505|move: Toxic Spikes
|move|p1a: Incineroar|Knock Off|p2a: Eternatus
|-damage|p2a: Eternatus|88/100
|-enditem|p2a: Eternatus|Leftovers|[from] move: Knock Off|[of] p1a: Incineroar
|
|upkeep
|turn|4
|
|t:|1750797462
|move|p1b: Perro-Crowned|Body Press|p2b: Overqwil
|-damage|p2b: Overqwil|0 fnt
|faint|p2b: Overqwil
|move|p2a: Eternatus|Cosmic Power|p2a: Eternatus
|-boost|p2a: Eternatus|def|1
|-boost|p2a: Eternatus|spd|1
|move|p1a: Incineroar|Parting Shot|p2a: Eternatus
|-unboost|p2a: Eternatus|atk|1
|-unboost|p2a: Eternatus|spa|1
|
|t:|1750797465
|switch|p1a: Merlin-Shadow|Calyrex-Shadow, L50|100/100|[from] Parting Shot
|-ability|p1a: Merlin-Shadow|As One
|-ability|p1a: Merlin-Shadow|Unnerve
|-status|p1a: Merlin-Shadow|tox
|
|-damage|p1a: Merlin-Shadow|94/100 tox|[from] psn
|upkeep
|
|t:|1750797478
|switch|p2b: Calyrex|Calyrex-Shadow, L50|100/100
|-ability|p2b: Calyrex|As One
|-ability|p2b: Calyrex|Unnerve
|turn|5
|
|t:|1750797490
|-terastallize|p1a: Merlin-Shadow|Normal
|move|p2b: Calyrex|Protect|p2b: Calyrex
|-singleturn|p2b: Calyrex|Protect
|move|p1a: Merlin-Shadow|Psychic|p2a: Eternatus
|-supereffective|p2a: Eternatus
|-damage|p2a: Eternatus|38/100
|move|p1b: Perro-Crowned|Body Press|p2a: Eternatus
|-resisted|p2a: Eternatus
|-damage|p2a: Eternatus|29/100
|move|p2a: Eternatus|Sludge Bomb|p1a: Merlin-Shadow
|-damage|p1a: Merlin-Shadow|58/100 tox
|
|-damage|p1a: Merlin-Shadow|46/100 tox|[from] psn
|-fieldend|move: Psychic Terrain
|upkeep
|turn|6
|inactive|Punchblocker has 30 seconds left.
|
|t:|1750797516
|move|p2b: Calyrex|Expanding Force|p1a: Merlin-Shadow
|-damage|p1a: Merlin-Shadow|0 fnt
|faint|p1a: Merlin-Shadow
|-ability|p2b: Calyrex|Grim Neigh|boost
|-boost|p2b: Calyrex|spa|1
|move|p1b: Perro-Crowned|Behemoth Bash|p2b: Calyrex
|-damage|p2b: Calyrex|53/100
|move|p2a: Eternatus|Recover|p2a: Eternatus
|-heal|p2a: Eternatus|79/100
|
|upkeep
|
|t:|1750797525
|switch|p1a: Silver|Urshifu-Rapid-Strike, L50, M|84/100
|-status|p1a: Silver|tox
|turn|7
|
|t:|1750797542
|move|p1a: Silver|Surging Strikes|p2b: Calyrex
|-crit|p2b: Calyrex
|-damage|p2b: Calyrex|29/100
|-crit|p2b: Calyrex
|-damage|p2b: Calyrex|3/100
|-crit|p2b: Calyrex
|-damage|p2b: Calyrex|0 fnt
|faint|p2b: Calyrex
|-hitcount|p2: Calyrex|3
|move|p1b: Perro-Crowned|Behemoth Bash|p2a: Eternatus
|-damage|p2a: Eternatus|65/100
|move|p2a: Eternatus|Dynamax Cannon|p1a: Silver
|-damage|p1a: Silver|24/100 tox
|
|-damage|p1a: Silver|18/100 tox|[from] psn
|upkeep
|turn|8
|
|t:|1750797557
|move|p1a: Silver|Surging Strikes|p2a: Eternatus
|-resisted|p2a: Eternatus
|-crit|p2a: Eternatus
|-damage|p2a: Eternatus|58/100
|-resisted|p2a: Eternatus
|-crit|p2a: Eternatus
|-damage|p2a: Eternatus|50/100
|-resisted|p2a: Eternatus
|-crit|p2a: Eternatus
|-damage|p2a: Eternatus|44/100
|-hitcount|p2a: Eternatus|3
|move|p1b: Perro-Crowned|Behemoth Bash|p2a: Eternatus
|-damage|p2a: Eternatus|30/100
|move|p2a: Eternatus|Recover|p2a: Eternatus
|-heal|p2a: Eternatus|80/100
|
|-damage|p1a: Silver|7/100 tox|[from] psn
|upkeep
|turn|9
|
|t:|1750797572
|move|p1a: Silver|Surging Strikes|p2a: Eternatus
|-resisted|p2a: Eternatus
|-crit|p2a: Eternatus
|-damage|p2a: Eternatus|74/100
|-resisted|p2a: Eternatus
|-crit|p2a: Eternatus
|-damage|p2a: Eternatus|68/100
|-resisted|p2a: Eternatus
|-crit|p2a: Eternatus
|-damage|p2a: Eternatus|60/100
|-hitcount|p2a: Eternatus|3
|move|p1b: Perro-Crowned|Body Press|p2a: Eternatus
|-resisted|p2a: Eternatus
|-damage|p2a: Eternatus|49/100
|move|p2a: Eternatus|Recover|p2a: Eternatus
|-heal|p2a: Eternatus|99/100
|
|-damage|p1a: Silver|0 fnt|[from] psn
|faint|p1a: Silver
|upkeep
|
|t:|1750797577
|switch|p1a: Incineroar|Incineroar, L50, F, shiny|74/100
|-status|p1a: Incineroar|tox
|-ability|p1a: Incineroar|Intimidate|boost
|-unboost|p2a: Eternatus|atk|1
|turn|10
|
|t:|1750797595
|move|p1a: Incineroar|Fake Out|p2a: Eternatus
|-damage|p2a: Eternatus|95/100
|move|p1b: Perro-Crowned|Behemoth Bash|p2a: Eternatus
|-damage|p2a: Eternatus|81/100
|cant|p2a: Eternatus|flinch
|
|-damage|p1a: Incineroar|68/100 tox|[from] psn
|upkeep
|turn|11
|
|t:|1750797604
|move|p1b: Perro-Crowned|Body Press|p2a: Eternatus
|-resisted|p2a: Eternatus
|-damage|p2a: Eternatus|71/100
|move|p2a: Eternatus|Cosmic Power|p2a: Eternatus
|-boost|p2a: Eternatus|def|1
|-boost|p2a: Eternatus|spd|1
|move|p1a: Incineroar|Parting Shot|p2a: Eternatus
|-unboost|p2a: Eternatus|atk|1
|-unboost|p2a: Eternatus|spa|1
|
|-damage|p1a: Incineroar|56/100 tox|[from] psn
|upkeep
|turn|12
|
|t:|1750797616
|move|p1b: Perro-Crowned|Body Press|p2a: Eternatus
|-resisted|p2a: Eternatus
|-damage|p2a: Eternatus|63/100
|move|p2a: Eternatus|Dynamax Cannon|p1b: Perro-Crowned
|-resisted|p1b: Perro-Crowned
|-damage|p1b: Perro-Crowned|91/100
|move|p1a: Incineroar|Parting Shot|p2a: Eternatus
|-unboost|p2a: Eternatus|atk|1
|-unboost|p2a: Eternatus|spa|1
|
|-damage|p1a: Incineroar|38/100 tox|[from] psn
|upkeep
|turn|13
|
|t:|1750797629
|move|p1b: Perro-Crowned|Body Press|p2a: Eternatus
|-resisted|p2a: Eternatus
|-damage|p2a: Eternatus|55/100
|move|p2a: Eternatus|Cosmic Power|p2a: Eternatus
|-boost|p2a: Eternatus|def|1
|-boost|p2a: Eternatus|spd|1
|move|p1a: Incineroar|Parting Shot|p2a: Eternatus
|-unboost|p2a: Eternatus|atk|1
|-unboost|p2a: Eternatus|spa|1
|
|-damage|p1a: Incineroar|14/100 tox|[from] psn
|upkeep
|turn|14
|
|t:|1750797641
|move|p1b: Perro-Crowned|Body Press|p2a: Eternatus
|-resisted|p2a: Eternatus
|-damage|p2a: Eternatus|48/100
|move|p2a: Eternatus|Cosmic Power|p2a: Eternatus
|-boost|p2a: Eternatus|def|1
|-boost|p2a: Eternatus|spd|1
|move|p1a: Incineroar|Parting Shot|p2a: Eternatus
|-unboost|p2a: Eternatus|atk|1
|-unboost|p2a: Eternatus|spa|1
|
|-damage|p1a: Incineroar|0 fnt|[from] psn
|faint|p1a: Incineroar
|upkeep
|turn|15
|
|t:|1750797655
|move|p1b: Perro-Crowned|Body Press|p2a: Eternatus
|-resisted|p2a: Eternatus
|-damage|p2a: Eternatus|41/100
|move|p2a: Eternatus|Recover|p2a: Eternatus
|-heal|p2a: Eternatus|91/100
|
|upkeep
|turn|16
|
|t:|1750797675
|move|p1b: Perro-Crowned|Protect|p1b: Perro-Crowned
|-singleturn|p1b: Perro-Crowned|Protect
|move|p2a: Eternatus|Dynamax Cannon|p1b: Perro-Crowned
|-activate|p1b: Perro-Crowned|move: Protect
|
|upkeep
|turn|17
|
|t:|1750797684
|move|p1b: Perro-Crowned|Behemoth Bash|p2a: Eternatus
|-damage|p2a: Eternatus|83/100
|move|p2a: Eternatus|Cosmic Power|p2a: Eternatus
|-boost|p2a: Eternatus|def|1
|-boost|p2a: Eternatus|spd|1
|
|upkeep
|turn|18
|
|t:|1750797697
|move|p1b: Perro-Crowned|Protect|p1b: Perro-Crowned
|-singleturn|p1b: Perro-Crowned|Protect
|move|p2a: Eternatus|Cosmic Power|p2a: Eternatus
|-boost|p2a: Eternatus|def|0
|-boost|p2a: Eternatus|spd|0
|
|upkeep
|turn|19
|
|t:|1750797718
|move|p1b: Perro-Crowned|Wide Guard|p1b: Perro-Crowned
|-singleturn|p1b: Perro-Crowned|Wide Guard
|move|p2a: Eternatus|Dynamax Cannon|p1b: Perro-Crowned
|-resisted|p1b: Perro-Crowned
|-damage|p1b: Perro-Crowned|86/100
|
|upkeep
|turn|20
|
|t:|1750797729
|move|p1b: Perro-Crowned|Wide Guard|p1b: Perro-Crowned
|-singleturn|p1b: Perro-Crowned|Wide Guard
|move|p2a: Eternatus|Sludge Bomb|p1b: Perro-Crowned
|-immune|p1b: Perro-Crowned
|
|upkeep
|turn|21
|c|☆Punchblocker|Are we at an impasse?
|c|☆Mandolin505|Bro, just leave
|
|t:|1750797753
|move|p1b: Perro-Crowned|Wide Guard|p1b: Perro-Crowned
|-singleturn|p1b: Perro-Crowned|Wide Guard
|move|p2a: Eternatus|Sludge Bomb|p1b: Perro-Crowned
|-immune|p1b: Perro-Crowned
|
|upkeep
|turn|22
|c|☆Punchblocker|you leave
|
|t:|1750797767
|move|p1b: Perro-Crowned|Wide Guard|p1b: Perro-Crowned
|-singleturn|p1b: Perro-Crowned|Wide Guard
|move|p2a: Eternatus|Dynamax Cannon|p1b: Perro-Crowned
|-resisted|p1b: Perro-Crowned
|-damage|p1b: Perro-Crowned|80/100
|
|upkeep
|turn|23
|
|t:|1750797775
|move|p1b: Perro-Crowned|Protect||[still]
|-fail|p1b: Perro-Crowned
|move|p2a: Eternatus|Dynamax Cannon|p1b: Perro-Crowned
|-resisted|p1b: Perro-Crowned
|-damage|p1b: Perro-Crowned|76/100
|
|upkeep
|turn|24
|
|t:|1750797784
|move|p1b: Perro-Crowned|Protect|p1b: Perro-Crowned
|-singleturn|p1b: Perro-Crowned|Protect
|move|p2a: Eternatus|Sludge Bomb|p1b: Perro-Crowned
|-activate|p1b: Perro-Crowned|move: Protect
|
|upkeep
|turn|25
|
|t:|1750797792
|move|p1b: Perro-Crowned|Protect||[still]
|-fail|p1b: Perro-Crowned
|move|p2a: Eternatus|Dynamax Cannon|p1b: Perro-Crowned
|-resisted|p1b: Perro-Crowned
|-damage|p1b: Perro-Crowned|70/100
|
|upkeep
|turn|26
|
|t:|1750797798
|move|p1b: Perro-Crowned|Protect|p1b: Perro-Crowned
|-singleturn|p1b: Perro-Crowned|Protect
|move|p2a: Eternatus|Sludge Bomb|p1b: Perro-Crowned
|-activate|p1b: Perro-Crowned|move: Protect
|
|upkeep
|turn|27
|
|t:|1750797804
|move|p1b: Perro-Crowned|Wide Guard|p1b: Perro-Crowned
|-singleturn|p1b: Perro-Crowned|Wide Guard
|move|p2a: Eternatus|Dynamax Cannon|p1b: Perro-Crowned
|-resisted|p1b: Perro-Crowned
|-damage|p1b: Perro-Crowned|64/100
|
|upkeep
|turn|28
|
|t:|1750797812
|move|p1b: Perro-Crowned|Wide Guard|p1b: Perro-Crowned
|-singleturn|p1b: Perro-Crowned|Wide Guard
|move|p2a: Eternatus|Sludge Bomb|p1b: Perro-Crowned
|-immune|p1b: Perro-Crowned
|
|upkeep
|turn|29
|
|t:|1750797819
|move|p1b: Perro-Crowned|Protect||[still]
|-fail|p1b: Perro-Crowned
|move|p2a: Eternatus|Sludge Bomb|p1b: Perro-Crowned
|-immune|p1b: Perro-Crowned
|
|upkeep
|turn|30
|
|t:|1750797825
|move|p1b: Perro-Crowned|Protect|p1b: Perro-Crowned
|-singleturn|p1b: Perro-Crowned|Protect
|move|p2a: Eternatus|Sludge Bomb|p1b: Perro-Crowned
|-activate|p1b: Perro-Crowned|move: Protect
|
|upkeep
|turn|31
|
|t:|1750797832
|move|p1b: Perro-Crowned|Protect||[still]
|-fail|p1b: Perro-Crowned
|move|p2a: Eternatus|Sludge Bomb|p1b: Perro-Crowned
|-immune|p1b: Perro-Crowned
|
|upkeep
|turn|32
|
|t:|1750797839
|move|p1b: Perro-Crowned|Protect|p1b: Perro-Crowned
|-singleturn|p1b: Perro-Crowned|Protect
|move|p2a: Eternatus|Sludge Bomb|p1b: Perro-Crowned
|-activate|p1b: Perro-Crowned|move: Protect
|
|upkeep
|turn|33
|
|t:|1750797850
|move|p1b: Perro-Crowned|Protect|p1b: Perro-Crowned
|-singleturn|p1b: Perro-Crowned|Protect
|move|p2a: Eternatus|Sludge Bomb|p1b: Perro-Crowned
|-activate|p1b: Perro-Crowned|move: Protect
|
|upkeep
|turn|34
|
|t:|1750797856
|move|p1b: Perro-Crowned|Protect||[still]
|-fail|p1b: Perro-Crowned
|move|p2a: Eternatus|Cosmic Power|p2a: Eternatus
|-boost|p2a: Eternatus|def|0
|-boost|p2a: Eternatus|spd|0
|
|upkeep
|turn|35
|
|t:|1750797862
|move|p1b: Perro-Crowned|Protect|p1b: Perro-Crowned
|-singleturn|p1b: Perro-Crowned|Protect
|move|p2a: Eternatus|Cosmic Power|p2a: Eternatus
|-boost|p2a: Eternatus|def|0
|-boost|p2a: Eternatus|spd|0
|
|upkeep
|turn|36
|
|t:|1750797868
|move|p1b: Perro-Crowned|Protect||[still]
|-fail|p1b: Perro-Crowned
|move|p2a: Eternatus|Cosmic Power|p2a: Eternatus
|-boost|p2a: Eternatus|def|0
|-boost|p2a: Eternatus|spd|0
|
|upkeep
|turn|37
|
|t:|1750797874
|move|p1b: Perro-Crowned|Protect|p1b: Perro-Crowned
|-singleturn|p1b: Perro-Crowned|Protect
|move|p2a: Eternatus|Cosmic Power|p2a: Eternatus
|-boost|p2a: Eternatus|def|0
|-boost|p2a: Eternatus|spd|0
|
|upkeep
|turn|38
|
|t:|1750797880
|move|p1b: Perro-Crowned|Wide Guard|p1b: Perro-Crowned
|-singleturn|p1b: Perro-Crowned|Wide Guard
|move|p2a: Eternatus|Cosmic Power|p2a: Eternatus
|-boost|p2a: Eternatus|def|0
|-boost|p2a: Eternatus|spd|0
|
|upkeep
|turn|39
|
|t:|1750797889
|move|p1b: Perro-Crowned|Wide Guard|p1b: Perro-Crowned
|-singleturn|p1b: Perro-Crowned|Wide Guard
|move|p2a: Eternatus|Cosmic Power|p2a: Eternatus
|-boost|p2a: Eternatus|def|0
|-boost|p2a: Eternatus|spd|0
|
|upkeep
|turn|40
|
|t:|1750797898
|move|p1b: Perro-Crowned|Wide Guard|p1b: Perro-Crowned
|-singleturn|p1b: Perro-Crowned|Wide Guard
|move|p2a: Eternatus|Cosmic Power|p2a: Eternatus
|-boost|p2a: Eternatus|def|0
|-boost|p2a: Eternatus|spd|0
|
|upkeep
|turn|41
|c|☆Punchblocker|you will run out before I will
|
|t:|1750797909
|move|p1b: Perro-Crowned|Wide Guard|p1b: Perro-Crowned
|-singleturn|p1b: Perro-Crowned|Wide Guard
|move|p2a: Eternatus|Cosmic Power|p2a: Eternatus
|-boost|p2a: Eternatus|def|0
|-boost|p2a: Eternatus|spd|0
|
|upkeep
|turn|42
|
|t:|1750797915
|move|p1b: Perro-Crowned|Wide Guard|p1b: Perro-Crowned
|-singleturn|p1b: Perro-Crowned|Wide Guard
|move|p2a: Eternatus|Cosmic Power|p2a: Eternatus
|-boost|p2a: Eternatus|def|0
|-boost|p2a: Eternatus|spd|0
|
|upkeep
|turn|43
|c|☆Mandolin505|No uh
|
|t:|1750797937
|move|p1b: Perro-Crowned|Wide Guard|p1b: Perro-Crowned
|-singleturn|p1b: Perro-Crowned|Wide Guard
|move|p2a: Eternatus|Cosmic Power|p2a: Eternatus
|-boost|p2a: Eternatus|def|0
|-boost|p2a: Eternatus|spd|0
|
|upkeep
|turn|44
|
|t:|1750797946
|move|p1b: Perro-Crowned|Wide Guard|p1b: Perro-Crowned
|-singleturn|p1b: Perro-Crowned|Wide Guard
|move|p2a: Eternatus|Cosmic Power|p2a: Eternatus
|-boost|p2a: Eternatus|def|0
|-boost|p2a: Eternatus|spd|0
|
|upkeep
|turn|45
|
|t:|1750797954
|move|p1b: Perro-Crowned|Wide Guard|p1b: Perro-Crowned
|-singleturn|p1b: Perro-Crowned|Wide Guard
|move|p2a: Eternatus|Cosmic Power|p2a: Eternatus
|-boost|p2a: Eternatus|def|0
|-boost|p2a: Eternatus|spd|0
|
|upkeep
|turn|46
|
|t:|1750797960
|move|p1b: Perro-Crowned|Wide Guard|p1b: Perro-Crowned
|-singleturn|p1b: Perro-Crowned|Wide Guard
|move|p2a: Eternatus|Cosmic Power|p2a: Eternatus
|-boost|p2a: Eternatus|def|0
|-boost|p2a: Eternatus|spd|0
|
|upkeep
|turn|47
|
|t:|1750797966
|move|p1b: Perro-Crowned|Wide Guard|p1b: Perro-Crowned
|-singleturn|p1b: Perro-Crowned|Wide Guard
|move|p2a: Eternatus|Cosmic Power|p2a: Eternatus
|-boost|p2a: Eternatus|def|0
|-boost|p2a: Eternatus|spd|0
|
|upkeep
|turn|48
|
|t:|1750797976
|move|p1b: Perro-Crowned|Protect||[still]
|-fail|p1b: Perro-Crowned
|move|p2a: Eternatus|Cosmic Power|p2a: Eternatus
|-boost|p2a: Eternatus|def|0
|-boost|p2a: Eternatus|spd|0
|
|upkeep
|turn|49
|inactive|Punchblocker has 30 seconds left.
|
|t:|1750797984
|-activate|p1b: Perro-Crowned|move: Struggle
|move|p1b: Perro-Crowned|Struggle|p2a: Eternatus
|-damage|p2a: Eternatus|81/100
|-damage|p1b: Perro-Crowned|38/100|[from] recoil
|move|p2a: Eternatus|Cosmic Power|p2a: Eternatus
|-boost|p2a: Eternatus|def|0
|-boost|p2a: Eternatus|spd|0
|
|upkeep
|turn|50
|inactive|Punchblocker has 30 seconds left this turn.
|
|t:|1750797993
|-activate|p1b: Perro-Crowned|move: Struggle
|move|p1b: Perro-Crowned|Struggle|p2a: Eternatus
|-damage|p2a: Eternatus|78/100
|-damage|p1b: Perro-Crowned|13/100|[from] recoil
|move|p2a: Eternatus|Sludge Bomb|p1b: Perro-Crowned
|-immune|p1b: Perro-Crowned
|
|upkeep
|turn|51
|inactive|Punchblocker has 25 seconds left this turn.
|c|☆Mandolin505|Oh no...
|inactive|Punchblocker has 20 seconds left.
|
|t:|1750798011
|-activate|p1b: Perro-Crowned|move: Struggle
|move|p1b: Perro-Crowned|Struggle|p2a: Eternatus
|-damage|p2a: Eternatus|76/100
|-damage|p1b: Perro-Crowned|0 fnt|[from] recoil
|faint|p1b: Perro-Crowned
|
|win|Punchblocker
|raw|Mandolin505's rating: 1292 &rarr; <strong>1266</strong><br />(-26 for losing)
|raw|Punchblocker's rating: 1276 &rarr; <strong>1302</strong><br />(+26 for winning)
|c|☆Mandolin505|Gg
|c|☆Punchblocker|gg
