|j|☆TannerIGuess
|j|☆Kyukonien
|t:|1750799517
|gametype|doubles
|player|p1|TannerIGuess|flannery|1340
|player|p2|Kyukonien|265|1308
|teamsize|p1|6
|teamsize|p2|6
|gen|9
|tier|[Gen 9] VGC 2025 Reg I
|rated|
|rule|Species Clause: Limit one of each Pokémon
|rule|Item Clause: Limit 1 of each item
|clearpoke
|poke|p1|Whimsicott, L50, F|
|poke|p1|Calyrex-Shadow, L50|
|poke|p1|Miraidon, L50|
|poke|p1|Iron Hands, L50|
|poke|p1|Chi-Yu, L50|
|poke|p1|Glalie, L50, M|
|poke|p2|Calyrex-Shadow, L50|
|poke|p2|Terapagos, L50, M|
|poke|p2|Incineroar, L50, M|
|poke|p2|Ogerpon-Cornerstone, L50, F|
|poke|p2|Rillaboom, L50, M|
|poke|p2|Amoonguss, L50, M|
|teampreview|4
TannerIGuess has agreed to open team sheets.
Kyukonien has agreed to open team sheets.
|showteam|p1|Whimsicott||CovertCloak|Prankster|FakeTears,Moonblast,Tailwind,Encore|||F|||50|,,,,,Water]Calyrex-Shadow||FocusSash|AsOneSpectrier|AstralBarrage,Psychic,Disable,Protect||||||50|,,,,,Ghost]Miraidon||ChoiceSpecs|HadronEngine|VoltSwitch,ElectroDrift,DracoMeteor,DazzlingGleam||||||50|,,,,,Fairy]Iron Hands||AssaultVest|QuarkDrive|DrainPunch,LowKick,WildCharge,FakeOut||||||50|,,,,,Bug]Chi-Yu||LifeOrb|BeadsofRuin|HeatWave,DarkPulse,Snarl,Protect||||||50|,,,,,Ghost]Glalie||ChoiceScarf|InnerFocus|Switcheroo,FakeTears,Taunt,IceShard|||M|||50|,,,,,Dark
|showteam|p2|Calyrex-Shadow||FocusSash|AsOneSpectrier|Protect,AstralBarrage,Encore,Disable||||||50|,,,,,Ghost]Terapagos||Leftovers|TeraShift|Protect,TeraStarstorm,EarthPower,CalmMind|||M|||50|,,,,,Stellar]Incineroar||SafetyGoggles|Intimidate|KnockOff,FlareBlitz,PartingShot,FakeOut|||M|||50|,,,,,Water]Ogerpon-Cornerstone||CornerstoneMask|Sturdy|SpikyShield,IvyCudgel,KnockOff,FollowMe|||F|||50|,,,,,Rock]Rillaboom||AssaultVest|GrassySurge|GrassyGlide,WoodHammer,Uturn,FakeOut|||M|||50|,,,,,Fire]Amoonguss||RockyHelmet|Regenerator|Protect,PollenPuff,Spore,RagePowder|||M|||50|,,,,,Water
|inactive|Battle timer is ON: inactive players will automatically lose when time's up. (requested by TannerIGuess)
|
|t:|1750799540
|start
|switch|p1a: Glalie|Glalie, L50, M|100/100
|switch|p1b: Miraidon|Miraidon, L50|100/100
|switch|p2a: Calyrex|Calyrex-Shadow, L50|100/100
|switch|p2b: Incineroar|Incineroar, L50, M|100/100
|-ability|p2a: Calyrex|As One
|-ability|p2a: Calyrex|Unnerve
|-fieldstart|move: Electric Terrain|[from] ability: Hadron Engine|[of] p1b: Miraidon
|-ability|p2b: Incineroar|Intimidate|boost
|-fail|p1a: Glalie|unboost|Attack|[from] ability: Inner Focus|[of] p1a: Glalie
|-unboost|p1b: Miraidon|atk|1
|turn|1
|inactive|TannerIGuess has 30 seconds left.
|inactive|TannerIGuess has 20 seconds left.
|inactive|TannerIGuess has 15 seconds left.
|
|t:|1750799584
|move|p1a: Glalie|Ice Shard|p2a: Calyrex
|-damage|p2a: Calyrex|85/100
|move|p2a: Calyrex|Astral Barrage|p1b: Miraidon|[spread] p1a,p1b
|-damage|p1a: Glalie|32/100
|-damage|p1b: Miraidon|56/100
|move|p1b: Miraidon|Dazzling Gleam|p2a: Calyrex|[spread] p2a,p2b
|-damage|p2a: Calyrex|48/100
|-damage|p2b: Incineroar|64/100
|move|p2b: Incineroar|Parting Shot|p1b: Miraidon
|-unboost|p1b: Miraidon|atk|1
|-unboost|p1b: Miraidon|spa|1
|
|t:|1750799601
|switch|p2b: Terapagos|Terapagos, L50, M|100/100|[from] Parting Shot
|-activate|p2b: Terapagos|ability: Tera Shift
|detailschange|p2b: Terapagos|Terapagos-Terastal, L50, M
|-heal|p2b: Terapagos|100/100|[silent]
|
|upkeep
|turn|2
|
|t:|1750799611
|switch|p1a: Whimsicott|Whimsicott, L50, F, shiny|100/100
|-terastallize|p2a: Calyrex|Ghost
|move|p2a: Calyrex|Astral Barrage|p1b: Miraidon|[spread] p1a,p1b
|-damage|p1a: Whimsicott|10/100
|-damage|p1b: Miraidon|0 fnt
|faint|p1b: Miraidon
|-ability|p2a: Calyrex|Grim Neigh|boost
|-boost|p2a: Calyrex|spa|1
|move|p2b: Terapagos|Calm Mind|p2b: Terapagos
|-boost|p2b: Terapagos|spa|1
|-boost|p2b: Terapagos|spd|1
|
|upkeep
|
|t:|1750799634
|switch|p1b: Calyrex|Calyrex-Shadow, L50|100/100
|-ability|p1b: Calyrex|As One
|-ability|p1b: Calyrex|Unnerve
|turn|3
|
|t:|1750799651
|move|p2a: Calyrex|Protect|p2a: Calyrex
|-singleturn|p2a: Calyrex|Protect
|move|p1a: Whimsicott|Encore|p2b: Terapagos
|-start|p2b: Terapagos|Encore
|move|p1b: Calyrex|Disable|p2b: Terapagos
|-start|p2b: Terapagos|Disable|Calm Mind
|cant|p2b: Terapagos|Disable|Calm Mind
|
|upkeep
|turn|4
|
|t:|1750799663
|switch|p2b: Ogerpon|Ogerpon-Cornerstone, L50, F|100/100
|move|p1a: Whimsicott|Tailwind|p1a: Whimsicott
|-sidestart|p1: TannerIGuess|move: Tailwind
|move|p1b: Calyrex|Astral Barrage|p2a: Calyrex|[spread] p2a,p2b
|-supereffective|p2a: Calyrex
|-damage|p2a: Calyrex|0 fnt
|-damage|p2b: Ogerpon|32/100
|faint|p2a: Calyrex
|-ability|p1b: Calyrex|Grim Neigh|boost
|-boost|p1b: Calyrex|spa|1
|
|upkeep
|
|t:|1750799669
|switch|p2a: Incineroar|Incineroar, L50, M|64/100
|-ability|p2a: Incineroar|Intimidate|boost
|-unboost|p1a: Whimsicott|atk|1
|-unboost|p1b: Calyrex|atk|1
|turn|5
|
|t:|1750799688
|move|p1b: Calyrex|Protect|p1b: Calyrex
|-singleturn|p1b: Calyrex|Protect
|move|p2b: Ogerpon|Spiky Shield|p2b: Ogerpon
|-singleturn|p2b: Ogerpon|move: Protect
|move|p2a: Incineroar|Fake Out|p1a: Whimsicott
|-damage|p1a: Whimsicott|0 fnt
|faint|p1a: Whimsicott
|
|-fieldend|move: Electric Terrain
|upkeep
|
|t:|1750799696
|switch|p1a: Glalie|Glalie, L50, M|32/100
|turn|6
|inactive|Kyukonien has 30 seconds left.
|inactive|Kyukonien has 20 seconds left.
|inactive|Kyukonien has 15 seconds left.
|inactive|Kyukonien has 10 seconds left.
|
|t:|1750799745
|-terastallize|p1b: Calyrex|Ghost
|move|p1b: Calyrex|Astral Barrage|p2a: Incineroar|[spread] p2a,p2b
|-resisted|p2a: Incineroar
|-damage|p2a: Incineroar|13/100
|-damage|p2b: Ogerpon|0 fnt
|faint|p2b: Ogerpon
|-ability|p1b: Calyrex|Grim Neigh|boost
|-boost|p1b: Calyrex|spa|1
|move|p1a: Glalie|Fake Tears|p2a: Incineroar
|-unboost|p2a: Incineroar|spd|2
|move|p2a: Incineroar|Knock Off|p1b: Calyrex
|-supereffective|p1b: Calyrex
|-damage|p1b: Calyrex|8/100
|-enditem|p1b: Calyrex|Focus Sash|[from] move: Knock Off|[of] p2a: Incineroar
|
|upkeep
|
|t:|1750799750
|switch|p2b: Terapagos|Terapagos-Terastal, L50, M|100/100
|turn|7
|
|t:|1750799763
|move|p1b: Calyrex|Psychic|p2b: Terapagos
|-activate|p2b: Terapagos|ability: Tera Shell
|-resisted|p2b: Terapagos
|-damage|p2b: Terapagos|51/100
|move|p1a: Glalie|Fake Tears|p2b: Terapagos
|-unboost|p2b: Terapagos|spd|2
|move|p2b: Terapagos|Earth Power|p1b: Calyrex
|-damage|p1b: Calyrex|0 fnt
|faint|p1b: Calyrex
|move|p2a: Incineroar|Knock Off|p1a: Glalie
|-damage|p1a: Glalie|0 fnt
|-enditem|p1a: Glalie|Choice Scarf|[from] move: Knock Off|[of] p2a: Incineroar
|faint|p1a: Glalie
|
|win|Kyukonien
|raw|TannerIGuess's rating: 1340 &rarr; <strong>1318</strong><br />(-22 for losing)
|raw|Kyukonien's rating: 1308 &rarr; <strong>1330</strong><br />(+22 for winning)
|l|☆TannerIGuess
|player|p1|
|l|☆Kyukonien
|player|p2|
