|j|☆MarsTesting
|j|☆Ifnot100%its50%
|t:|1750882780
|gametype|doubles
|player|p1|MarsTesting|cyclist|1081
|player|p2|Ifnot100%its50%|266|1206
|teamsize|p1|6
|teamsize|p2|6
|gen|9
|tier|[Gen 9] VGC 2025 Reg I
|rated|
|rule|Species Clause: Limit one of each Pokémon
|rule|Item Clause: Limit 1 of each item
|clearpoke
|poke|p1|Groudon, L50|
|poke|p1|Indeedee-F, L50, F|
|poke|p1|Murkrow, L50, F|
|poke|p1|Zamazenta-*, L50|
|poke|p1|Gholdengo, L50|
|poke|p1|Sandy Shocks, L50|
|poke|p2|Electabuzz, L50, F|
|poke|p2|Brambleghast, L50, M|
|poke|p2|Whimsicott, L50, M|
|poke|p2|Calyrex-Shadow, L50|
|poke|p2|Zacian-*, L50|
|poke|p2|Iron Bundle, L50|
|teampreview|4
|inactive|Battle timer is ON: inactive players will automatically lose when time's up. (requested by MarsTesting)
|inactive|MarsTesting has 60 seconds left.
Ifnot100%its50% has agreed to open team sheets.
|
|t:|1750882818
|start
|switch|p1a: Double D|Indeedee-F, L50, F, shiny|100/100
|switch|p1b: G-Donny|Groudon, L50|100/100
|switch|p2a: Whimsicott|Whimsicott, L50, M|100/100
|switch|p2b: Calyrex|Calyrex-Shadow, L50|100/100
|-ability|p2b: Calyrex|As One
|-ability|p2b: Calyrex|Unnerve
|-weather|SunnyDay|[from] ability: Drought|[of] p1b: G-Donny
|-fieldstart|move: Psychic Terrain|[from] ability: Psychic Surge|[of] p1a: Double D
|turn|1
|
|t:|1750882841
|move|p2a: Whimsicott|Tailwind|p2a: Whimsicott
|-sidestart|p2: Ifnot100%its50%|move: Tailwind
|move|p2b: Calyrex|Astral Barrage|p1a: Double D|[spread] p1b
|-immune|p1a: Double D
|-damage|p1b: G-Donny|4/100
|move|p1b: G-Donny|Precipice Blades|p2b: Calyrex|[spread] p2a,p2b
|-resisted|p2a: Whimsicott
|-damage|p2a: Whimsicott|72/100
|-damage|p2b: Calyrex|32/100
|move|p1a: Double D|Trick Room|p1a: Double D
|-fieldstart|move: Trick Room|[of] p1a: Double D
|
|-weather|SunnyDay|[upkeep]
|upkeep
|turn|2
|
|t:|1750882863
|switch|p2b: Brambleghast|Brambleghast, L50, M|100/100
|-ability|p2b: Brambleghast|Wind Rider|boost
|-boost|p2b: Brambleghast|atk|1
|move|p2a: Whimsicott|Encore|p1a: Double D
|-activate|p1a: Double D|move: Psychic Terrain
|move|p1a: Double D|Alluring Voice|p2b: Brambleghast
|-damage|p2b: Brambleghast|68/100
|-start|p2b: Brambleghast|confusion
|move|p1b: G-Donny|Precipice Blades|p2a: Whimsicott|[spread] p2a,p2b
|-resisted|p2a: Whimsicott
|-resisted|p2b: Brambleghast
|-damage|p2a: Whimsicott|38/100
|-damage|p2b: Brambleghast|21/100
|
|-weather|SunnyDay|[upkeep]
|upkeep
|turn|3
|
|t:|1750882885
|-activate|p2b: Brambleghast|confusion
|-damage|p2b: Brambleghast|0 fnt|[from] confusion
|faint|p2b: Brambleghast
|move|p1a: Double D|Follow Me|p1a: Double D
|-singleturn|p1a: Double D|move: Follow Me
|move|p1b: G-Donny|Precipice Blades|p2a: Whimsicott
|-resisted|p2a: Whimsicott
|-damage|p2a: Whimsicott|0 fnt
|faint|p2a: Whimsicott
|
|-weather|SunnyDay|[upkeep]
|upkeep
|
|t:|1750882896
|switch|p2b: Calyrex|Calyrex-Shadow, L50|32/100
|switch|p2a: Zacian|Zacian-Crowned, L50|100/100
|-ability|p2b: Calyrex|As One
|-ability|p2b: Calyrex|Unnerve
|-ability|p2a: Zacian|Intrepid Sword|boost
|-boost|p2a: Zacian|atk|1
|turn|4
|inactive|Ifnot100%its50% has 30 seconds left.
|
|t:|1750882922
|-terastallize|p2a: Zacian|Fairy
|move|p1a: Double D|Follow Me|p1a: Double D
|-singleturn|p1a: Double D|move: Follow Me
|move|p1b: G-Donny|Precipice Blades|p2b: Calyrex|[spread] p2a,p2b
|-damage|p2a: Zacian|51/100
|-damage|p2b: Calyrex|0 fnt
|faint|p2b: Calyrex
|move|p2a: Zacian|Behemoth Blade|p1a: Double D
|-damage|p1a: Double D|8/100
|
|-weather|SunnyDay|[upkeep]
|-sideend|p2: Ifnot100%its50%|move: Tailwind
|upkeep
|turn|5
|
|t:|1750882938
|move|p1a: Double D|Alluring Voice|p2a: Zacian
|-crit|p2a: Zacian
|-damage|p2a: Zacian|27/100
|move|p2a: Zacian|Behemoth Blade|p1b: G-Donny
|-damage|p1b: G-Donny|0 fnt
|faint|p1b: G-Donny
|
|-weather|none
|-fieldend|move: Trick Room
|-fieldend|move: Psychic Terrain
|upkeep
|
|t:|1750882947
|switch|p1b: Gangster Bird|Murkrow, L50, F|100/100
|turn|6
|
|t:|1750882955
|move|p1a: Double D|Follow Me|p1a: Double D
|-singleturn|p1a: Double D|move: Follow Me
|move|p1b: Gangster Bird|Tailwind|p1b: Gangster Bird
|-sidestart|p1: MarsTesting|move: Tailwind
|move|p2a: Zacian|Play Rough|p1a: Double D
|-damage|p1a: Double D|0 fnt
|faint|p1a: Double D
|
|upkeep
|
|t:|1750882962
|switch|p1a: Shield head|Zamazenta-Crowned, L50|100/100
|-ability|p1a: Shield head|Dauntless Shield|boost
|-boost|p1a: Shield head|def|1
|turn|7
|
|t:|1750882971
|-terastallize|p1a: Shield head|Fairy
|move|p1a: Shield head|Body Press|p2a: Zacian
|-resisted|p2a: Zacian
|-damage|p2a: Zacian|0 fnt
|faint|p2a: Zacian
|
|win|MarsTesting
|raw|MarsTesting's rating: 1081 &rarr; <strong>1118</strong><br />(+37 for winning)
|raw|Ifnot100%its50%'s rating: 1206 &rarr; <strong>1172</strong><br />(-34 for losing)
|l|☆MarsTesting
|player|p1|
|l|☆Ifnot100%its50%
|player|p2|
