|j|☆Kampfstube
|j|☆Durango420
|t:|1750709901
|gametype|doubles
|player|p1|Kampfstube|volkner|1423
|player|p2|Durango420|giovanni|1553
|teamsize|p1|6
|teamsize|p2|6
|gen|9
|tier|[Gen 9] VGC 2025 Reg I
|rated|
|rule|Species Clause: Limit one of each Pokémon
|rule|Item Clause: Limit 1 of each item
|clearpoke
|poke|p1|Miraidon, L50|
|poke|p1|Lunala, L50|
|poke|p1|Incineroar, L50, F|
|poke|p1|Grimmsnarl, L50, M|
|poke|p1|Ursaluna, L50, F|
|poke|p1|Ogerpon-Wellspring, L50, F|
|poke|p2|Miraidon, L50|
|poke|p2|Whimsicott, L50, M|
|poke|p2|Incineroar, L50, F|
|poke|p2|Calyrex-Ice, L50|
|poke|p2|Urshifu-*, L50, M|
|poke|p2|Landorus, L50, M|
|teampreview|4
|inactive|Battle timer is ON: inactive players will automatically lose when time's up. (requested by Durango420)
|inactive|Kampfstube also wants the timer to be on.
|
|t:|1750709925
|start
|switch|p1a: Lunala|Lunala, L50|100/100
|switch|p1b: Incineroar|Incineroar, L50, F|100/100
|switch|p2a: Incineroar|Incineroar, L50, F|100/100
|switch|p2b: Miraidon|Miraidon, L50|100/100
|-fieldstart|move: Electric Terrain|[from] ability: Hadron Engine|[of] p2b: Miraidon
|-enditem|p1a: Lunala|Electric Seed
|-boost|p1a: Lunala|def|1|[from] item: Electric Seed
|-ability|p1b: Incineroar|Intimidate|boost
|-unboost|p2a: Incineroar|atk|1
|-unboost|p2b: Miraidon|atk|1
|-ability|p2a: Incineroar|Intimidate|boost
|-unboost|p1a: Lunala|atk|1
|-unboost|p1b: Incineroar|atk|1
|turn|1
|inactive|Kampfstube has 30 seconds left.
|inactive|Durango420 has 30 seconds left.
|
|t:|1750709955
|move|p2b: Miraidon|Volt Switch|p1a: Lunala
|-damage|p1a: Lunala|79/100
|
|t:|1750709959
|switch|p2b: Calyrex|Calyrex-Ice, L50|100/100|[from] Volt Switch
|-ability|p2b: Calyrex|As One
|-ability|p2b: Calyrex|Unnerve
|move|p1b: Incineroar|U-turn|p2a: Incineroar
|-damage|p2a: Incineroar|89/100
|-damage|p1b: Incineroar|84/100|[from] item: Rocky Helmet|[of] p2a: Incineroar
|
|t:|1750709967
|switch|p1b: Ursaluna|Ursaluna, L50, F|100/100|[from] U-turn
|move|p2a: Incineroar|Knock Off|p1b: Ursaluna
|-damage|p1b: Ursaluna|80/100
|-enditem|p1b: Ursaluna|Flame Orb|[from] move: Knock Off|[of] p2a: Incineroar
|move|p1a: Lunala|Trick Room|p1a: Lunala
|-fieldstart|move: Trick Room|[of] p1a: Lunala
|
|upkeep
|turn|2
|
|t:|1750709979
|move|p2b: Calyrex|Protect|p2b: Calyrex
|-singleturn|p2b: Calyrex|Protect
|move|p1a: Lunala|Wide Guard|p1a: Lunala
|-singleturn|p1a: Lunala|Wide Guard
|move|p1b: Ursaluna|Earthquake|p2b: Calyrex|[spread] p2a
|-activate|p1a: Lunala|move: Wide Guard
|-activate|p2b: Calyrex|move: Protect
|-supereffective|p2a: Incineroar
|-damage|p2a: Incineroar|23/100
|move|p2a: Incineroar|Parting Shot|p1b: Ursaluna
|-unboost|p1b: Ursaluna|atk|1
|-unboost|p1b: Ursaluna|spa|1
|
|t:|1750709984
|switch|p2a: Miraidon|Miraidon, L50|100/100|[from] Parting Shot
|-activate|p2a: Miraidon|ability: Hadron Engine
|
|upkeep
|turn|3
|
|t:|1750710004
|-terastallize|p2a: Miraidon|Fairy
|move|p1b: Ursaluna|Protect|p1b: Ursaluna
|-singleturn|p1b: Ursaluna|Protect
|move|p2b: Calyrex|Leech Seed|p1b: Ursaluna
|-activate|p1b: Ursaluna|move: Protect
|move|p1a: Lunala|Moongeist Beam|p2b: Calyrex
|-supereffective|p2b: Calyrex
|-damage|p2b: Calyrex|30/100
|move|p2a: Miraidon|Draco Meteor|p1a: Lunala
|-damage|p1a: Lunala|21/100
|-unboost|p2a: Miraidon|spa|2
|
|upkeep
|turn|4
|inactive|Kampfstube has 30 seconds left.
|
|t:|1750710034
|move|p2b: Calyrex|Protect|p2b: Calyrex
|-singleturn|p2b: Calyrex|Protect
|move|p1a: Lunala|Wide Guard|p1a: Lunala
|-singleturn|p1a: Lunala|Wide Guard
|move|p1b: Ursaluna|Earthquake|p2a: Miraidon|[spread] p2a
|-activate|p1a: Lunala|move: Wide Guard
|-activate|p2b: Calyrex|move: Protect
|-damage|p2a: Miraidon|77/100
|move|p2a: Miraidon|Volt Switch|p1a: Lunala
|-damage|p1a: Lunala|0 fnt
|faint|p1a: Lunala
|
|t:|1750710042
|switch|p2a: Incineroar|Incineroar, L50, F|23/100|[from] Volt Switch
|-ability|p2a: Incineroar|Intimidate|boost
|-unboost|p1b: Ursaluna|atk|1
|
|upkeep
|
|t:|1750710050
|switch|p1a: Incineroar|Incineroar, L50, F|84/100
|-ability|p1a: Incineroar|Intimidate|boost
|-unboost|p2a: Incineroar|atk|1
|-unboost|p2b: Calyrex|atk|1
|turn|5
|inactive|Kampfstube has 30 seconds left.
|
|t:|1750710078
|switch|p2b: Urshifu|Urshifu-Rapid-Strike, L50, M|100/100
|move|p1a: Incineroar|Fake Out|p2b: Urshifu
|-crit|p2b: Urshifu
|-damage|p2b: Urshifu|81/100
|move|p1b: Ursaluna|Facade|p2b: Urshifu
|-damage|p2b: Urshifu|62/100
|move|p2a: Incineroar|Parting Shot|p1b: Ursaluna
|-unboost|p1b: Ursaluna|atk|1
|-unboost|p1b: Ursaluna|spa|1
|
|t:|1750710081
|switch|p2a: Calyrex|Calyrex-Ice, L50|30/100|[from] Parting Shot
|-ability|p2a: Calyrex|As One
|-ability|p2a: Calyrex|Unnerve
|
|-fieldend|move: Trick Room
|-fieldend|move: Electric Terrain
|upkeep
|turn|6
|
|t:|1750710102
|move|p2b: Urshifu|Protect|p2b: Urshifu
|-singleturn|p2b: Urshifu|Protect
|move|p1b: Ursaluna|Protect|p1b: Ursaluna
|-singleturn|p1b: Ursaluna|Protect
|move|p1a: Incineroar|U-turn|p2a: Calyrex
|-supereffective|p2a: Calyrex
|-damage|p2a: Calyrex|1/100
|
|t:|1750710109
|switch|p1a: Miraidon|Miraidon, L50|100/100|[from] U-turn
|-fieldstart|move: Electric Terrain|[from] ability: Hadron Engine|[of] p1a: Miraidon
|move|p2a: Calyrex|Leech Seed|p1b: Ursaluna
|-activate|p1b: Ursaluna|move: Protect
|
|upkeep
|turn|7
|inactive|Kampfstube has 30 seconds left.
|
|t:|1750710138
|switch|p2b: Incineroar|Incineroar, L50, F|23/100
|-ability|p2b: Incineroar|Intimidate|boost
|-unboost|p1a: Miraidon|atk|1
|-unboost|p1b: Ursaluna|atk|1
|switch|p1b: Incineroar|Incineroar, L50, F|84/100
|-ability|p1b: Incineroar|Intimidate|boost
|-unboost|p2a: Calyrex|atk|1
|-unboost|p2b: Incineroar|atk|1
|-terastallize|p1a: Miraidon|Fairy
|move|p2a: Calyrex|Protect|p2a: Calyrex
|-singleturn|p2a: Calyrex|Protect
|move|p1a: Miraidon|Dazzling Gleam|p2b: Incineroar|[spread] p2b
|-activate|p2a: Calyrex|move: Protect
|-damage|p2b: Incineroar|0 fnt
|faint|p2b: Incineroar
|
|upkeep
|
|t:|1750710145
|switch|p2b: Urshifu|Urshifu-Rapid-Strike, L50, M|62/100
|turn|8
|
|t:|1750710166
|switch|p2a: Miraidon|Miraidon, L50, tera:Fairy|77/100
|-activate|p2a: Miraidon|ability: Hadron Engine
|move|p2b: Urshifu|Protect|p2b: Urshifu
|-singleturn|p2b: Urshifu|Protect
|move|p1b: Incineroar|Fake Out|p2a: Miraidon
|-damage|p2a: Miraidon|66/100
|move|p1a: Miraidon|Calm Mind|p1a: Miraidon
|-boost|p1a: Miraidon|spa|1
|-boost|p1a: Miraidon|spd|1
|
|upkeep
|turn|9
|
|t:|1750710187
|move|p1a: Miraidon|Dazzling Gleam|p2a: Miraidon|[spread] p2a,p2b
|-supereffective|p2b: Urshifu
|-damage|p2a: Miraidon|37/100
|-damage|p2b: Urshifu|0 fnt
|faint|p2b: Urshifu
|move|p2a: Miraidon|Electro Drift|p1a: Miraidon
|-damage|p1a: Miraidon|50/100
|move|p1b: Incineroar|U-turn|p2a: Miraidon
|-resisted|p2a: Miraidon
|-damage|p2a: Miraidon|28/100
|
|t:|1750710197
|switch|p1b: Ursaluna|Ursaluna, L50, F|80/100|[from] U-turn
|
|-heal|p1a: Miraidon|56/100|[from] item: Leftovers
|upkeep
|
|t:|1750710200
|switch|p2b: Calyrex|Calyrex-Ice, L50|1/100
|-ability|p2b: Calyrex|As One
|-ability|p2b: Calyrex|Unnerve
|turn|10
|
|t:|1750710216
|move|p2b: Calyrex|Protect|p2b: Calyrex
|-singleturn|p2b: Calyrex|Protect
|move|p1b: Ursaluna|Protect|p1b: Ursaluna
|-singleturn|p1b: Ursaluna|Protect
|move|p1a: Miraidon|Dazzling Gleam|p2b: Calyrex|[spread] p2a
|-activate|p2b: Calyrex|move: Protect
|-damage|p2a: Miraidon|0 fnt
|faint|p2a: Miraidon
|
|-heal|p1a: Miraidon|62/100|[from] item: Leftovers
|-fieldend|move: Electric Terrain
|upkeep
|turn|11
|-message|Durango420 forfeited.
|
|win|Kampfstube
|raw|Kampfstube's rating: 1423 &rarr; <strong>1450</strong><br />(+27 for winning)
|raw|Durango420's rating: 1553 &rarr; <strong>1526</strong><br />(-27 for losing)
