|j|☆pkbr_fernoob
|j|☆thesuperbadtrainer
|t:|1750768093
|gametype|doubles
|player|p1|pkbr_fernoob|ethan|1369
|player|p2|thesuperbadtrainer|265|1245
|teamsize|p1|6
|teamsize|p2|6
|gen|9
|tier|[Gen 9] VGC 2025 Reg I
|rated|
|rule|Species Clause: Limit one of each Pokémon
|rule|Item Clause: Limit 1 of each item
|clearpoke
|poke|p1|Incineroar, L50, F|
|poke|p1|Porygon2, L50|
|poke|p1|Weezing-Galar, L50, M|
|poke|p1|Calyrex-Ice, L50|
|poke|p1|Miraidon, L50|
|poke|p1|Iron Hands, L50|
|poke|p2|Kyogre, L50|
|poke|p2|Tornadus, L50, M|
|poke|p2|Terapagos, L50, M|
|poke|p2|Archaludon, L50, F|
|poke|p2|Rillaboom, L50, F|
|poke|p2|Incineroar, L50, M|
|teampreview|4
|
|t:|1750768112
|start
|switch|p1a: Miraidon|Miraidon, L50|100/100
|switch|p1b: Porygon2|Porygon2, L50, shiny|100/100
|switch|p2a: Terapagos|Terapagos, L50, M|100/100
|switch|p2b: Incineroar|Incineroar, L50, M|100/100
|-activate|p2a: Terapagos|ability: Tera Shift
|detailschange|p2a: Terapagos|Terapagos-Terastal, L50, M
|-heal|p2a: Terapagos|100/100|[silent]
|-fieldstart|move: Electric Terrain|[from] ability: Hadron Engine|[of] p1a: Miraidon
|-ability|p1b: Porygon2|Download|boost
|-boost|p1b: Porygon2|spa|1
|-ability|p2b: Incineroar|Intimidate|boost
|-unboost|p1a: Miraidon|atk|1
|-unboost|p1b: Porygon2|atk|1
|turn|1
|
|t:|1750768134
|move|p2b: Incineroar|Fake Out|p1a: Miraidon
|-damage|p1a: Miraidon|90/100
|cant|p1a: Miraidon|flinch
|move|p2a: Terapagos|Calm Mind|p2a: Terapagos
|-boost|p2a: Terapagos|spa|1
|-boost|p2a: Terapagos|spd|1
|move|p1b: Porygon2|Tera Blast|p2a: Terapagos
|-activate|p2a: Terapagos|ability: Tera Shell
|-resisted|p2a: Terapagos
|-damage|p2a: Terapagos|86/100
|
|-heal|p2a: Terapagos|93/100|[from] item: Leftovers
|upkeep
|turn|2
|
|t:|1750768153
|move|p2a: Terapagos|Protect|p2a: Terapagos
|-singleturn|p2a: Terapagos|Protect
|move|p1a: Miraidon|Electro Drift|p2b: Incineroar
|-crit|p2b: Incineroar
|-damage|p2b: Incineroar|0 fnt
|faint|p2b: Incineroar
|move|p1b: Porygon2|Tera Blast|p2a: Terapagos
|-activate|p2a: Terapagos|move: Protect
|
|-heal|p2a: Terapagos|99/100|[from] item: Leftovers
|upkeep
|
|t:|1750768177
|switch|p2b: Tornadus|Tornadus, L50, M|100/100
|turn|3
|
|t:|1750768190
|-terastallize|p2a: Terapagos|Stellar
|detailschange|p2a: Terapagos|Terapagos-Stellar, L50, M, tera:Stellar
|-heal|p2a: Terapagos|99/100|[silent]
|-ability|p2a: Terapagos|Teraform Zero
|-fieldend|move: Electric Terrain
|move|p2b: Tornadus|Taunt|p1b: Porygon2
|-start|p1b: Porygon2|move: Taunt
|move|p1a: Miraidon|Volt Switch|p2b: Tornadus
|-supereffective|p2b: Tornadus
|-damage|p2b: Tornadus|0 fnt
|faint|p2b: Tornadus
|
|t:|1750768204
|switch|p1a: Calyrex|Calyrex-Ice, L50|100/100|[from] Volt Switch
|-ability|p1a: Calyrex|As One
|-ability|p1a: Calyrex|Unnerve
|move|p2a: Terapagos|Tera Starstorm|p1a: Calyrex|[spread] p1a,p1b
|-damage|p1a: Calyrex|55/100
|-damage|p1b: Porygon2|68/100
|cant|p1b: Porygon2|move: Taunt|Trick Room
|
|-heal|p2a: Terapagos|100/100|[from] item: Leftovers
|-heal|p1a: Calyrex|61/100|[from] item: Leftovers
|upkeep
|
|t:|1750768214
|switch|p2b: Kyogre|Kyogre, L50|100/100
|-weather|RainDance|[from] ability: Drizzle|[of] p2b: Kyogre
|turn|4
|
|t:|1750768224
|move|p1a: Calyrex|Protect|p1a: Calyrex
|-singleturn|p1a: Calyrex|Protect
|move|p2a: Terapagos|Tera Starstorm|p1a: Calyrex|[spread] p1b
|-activate|p1a: Calyrex|move: Protect
|-damage|p1b: Porygon2|36/100
|move|p2b: Kyogre|Water Spout|p1b: Porygon2|[spread] p1b
|-activate|p1a: Calyrex|move: Protect
|-damage|p1b: Porygon2|0 fnt
|faint|p1b: Porygon2
|
|-weather|RainDance|[upkeep]
|-heal|p1a: Calyrex|67/100|[from] item: Leftovers
|upkeep
|
|t:|1750768232
|switch|p1b: Miraidon|Miraidon, L50|90/100
|-fieldstart|move: Electric Terrain|[from] ability: Hadron Engine|[of] p1b: Miraidon
|turn|5
|
|t:|1750768255
|move|p2b: Kyogre|Protect|p2b: Kyogre
|-singleturn|p2b: Kyogre|Protect
|move|p1b: Miraidon|Electro Drift|p2b: Kyogre
|-activate|p2b: Kyogre|move: Protect
|move|p2a: Terapagos|Dark Pulse|p1a: Calyrex
|-supereffective|p1a: Calyrex
|-damage|p1a: Calyrex|0 fnt
|faint|p1a: Calyrex
|
|-weather|RainDance|[upkeep]
|upkeep
|
|t:|1750768259
|switch|p1a: Weezing|Weezing-Galar, L50, M|100/100
|-ability|p1a: Weezing|Neutralizing Gas
|-block|p1b: Miraidon|item: Ability Shield
|turn|6
|
|t:|1750768289
|move|p1b: Miraidon|Electro Drift|p2b: Kyogre
|-supereffective|p2b: Kyogre
|-damage|p2b: Kyogre|0 fnt
|faint|p2b: Kyogre
|move|p2a: Terapagos|Tera Starstorm|p1a: Weezing|[spread] p1a,p1b
|-damage|p1a: Weezing|24/100
|-damage|p1b: Miraidon|34/100
|move|p1a: Weezing|Poison Gas|p2a: Terapagos
|-status|p2a: Terapagos|psn
|
|-weather|RainDance|[upkeep]
|-damage|p2a: Terapagos|88/100 psn|[from] psn
|upkeep
|turn|7
|
|t:|1750768305
|move|p1b: Miraidon|Protect|p1b: Miraidon
|-singleturn|p1b: Miraidon|Protect
|move|p1a: Weezing|Protect|p1a: Weezing
|-singleturn|p1a: Weezing|Protect
|move|p2a: Terapagos|Tera Starstorm|p1b: Miraidon|[spread] 
|-activate|p1a: Weezing|move: Protect
|-activate|p1b: Miraidon|move: Protect
|
|-weather|RainDance|[upkeep]
|-heal|p2a: Terapagos|94/100 psn|[from] item: Leftovers
|-damage|p2a: Terapagos|82/100 psn|[from] psn
|upkeep
|turn|8
|
|t:|1750768316
|-terastallize|p1b: Miraidon|Stellar
|move|p1b: Miraidon|Electro Drift|p2a: Terapagos
|-damage|p2a: Terapagos|24/100 psn
|move|p2a: Terapagos|Tera Starstorm|p1b: Miraidon|[spread] p1a,p1b
|-supereffective|p1b: Miraidon
|-damage|p1a: Weezing|0 fnt
|-damage|p1b: Miraidon|0 fnt
|faint|p1a: Weezing
|-end|p1a: Weezing|ability: Neutralizing Gas
|faint|p1b: Miraidon
|
|win|thesuperbadtrainer
|raw|pkbr_fernoob's rating: 1369 &rarr; <strong>1342</strong><br />(-27 for losing)
|raw|thesuperbadtrainer's rating: 1245 &rarr; <strong>1279</strong><br />(+34 for winning)
|l|☆pkbr_fernoob
|player|p1|
|l|☆thesuperbadtrainer
|player|p2|
