|j|☆Tepig_nNz_498
|j|☆gu7rixx
|t:|1750832065
|gametype|doubles
|player|p1|Tepig_nNz_498|102|1303
|player|p2|gu7rixx|hoopster|1238
|teamsize|p1|6
|teamsize|p2|6
|gen|9
|tier|[Gen 9] VGC 2025 Reg I
|rated|
|rule|Species Clause: Limit one of each Pokémon
|rule|Item Clause: Limit 1 of each item
|clearpoke
|poke|p1|Ludicolo, L50, M|
|poke|p1|Kyogre, L50|
|poke|p1|Tornadus, L50, M|
|poke|p1|Primarina, L50, F|
|poke|p1|Zacian-*, L50|
|poke|p1|Urshifu-*, L50, F|
|poke|p2|Kyogre, L50|
|poke|p2|Flutter Mane, L50|
|poke|p2|Smeargle, L50, M|
|poke|p2|Amoonguss, L50, M|
|poke|p2|Calyrex-Ice, L50|
|poke|p2|Incineroar, L50, M|
|teampreview|4
|inactive|Battle timer is ON: inactive players will automatically lose when time's up. (requested by Tepig_nNz_498)
Tepig_nNz_498 rejected open team sheets.
|
|t:|1750832137
|start
|switch|p1a: Ludicolo|Ludicolo, L50, M|100/100
|switch|p1b: Primarina|Primarina, L50, F|100/100
|switch|p2a: Amoonguss|Amoonguss, L50, M|100/100
|switch|p2b: Kyogre|Kyogre, L50|100/100
|-weather|RainDance|[from] ability: Drizzle|[of] p2b: Kyogre
|turn|1
|inactive|gu7rixx has 30 seconds left.
|
|t:|1750832162
|-terastallize|p2b: Kyogre|Grass
|move|p1b: Primarina|Protect|p1b: Primarina
|-singleturn|p1b: Primarina|Protect
|move|p2a: Amoonguss|Protect|p2a: Amoonguss
|-singleturn|p2a: Amoonguss|Protect
|move|p1a: Ludicolo|Icy Wind|p2a: Amoonguss|[spread] p2b
|-activate|p2a: Amoonguss|move: Protect
|-supereffective|p2b: Kyogre
|-damage|p2b: Kyogre|82/100
|-unboost|p2b: Kyogre|spe|1
|move|p2b: Kyogre|Water Spout|p1a: Ludicolo|[spread] p1a
|-activate|p1b: Primarina|move: Protect
|-resisted|p1a: Ludicolo
|-crit|p1a: Ludicolo
|-damage|p1a: Ludicolo|75/100
|
|-weather|RainDance|[upkeep]
|upkeep
|turn|2
|
|t:|1750832184
|move|p1a: Ludicolo|Icy Wind|p2b: Kyogre|[spread] p2a,p2b
|-supereffective|p2a: Amoonguss
|-supereffective|p2b: Kyogre
|-damage|p2a: Amoonguss|84/100
|-damage|p2b: Kyogre|64/100
|-unboost|p2a: Amoonguss|spe|1
|-unboost|p2b: Kyogre|spe|1
|move|p1b: Primarina|Hyper Voice|p2a: Amoonguss|[spread] p2a,p2b
|-resisted|p2a: Amoonguss
|-resisted|p2b: Kyogre
|-damage|p2a: Amoonguss|67/100
|-damage|p2b: Kyogre|44/100
|-enditem|p1b: Primarina|Throat Spray
|-boost|p1b: Primarina|spa|1|[from] item: Throat Spray
|move|p2b: Kyogre|Thunder|p1a: Ludicolo
|-damage|p1a: Ludicolo|43/100
|move|p2a: Amoonguss|Pollen Puff|p2b: Kyogre
|-heal|p2b: Kyogre|94/100
|
|-weather|RainDance|[upkeep]
|upkeep
|turn|3
|
|t:|1750832208
|move|p1b: Primarina|Protect|p1b: Primarina
|-singleturn|p1b: Primarina|Protect
|move|p2b: Kyogre|Protect|p2b: Kyogre
|-singleturn|p2b: Kyogre|Protect
|move|p1a: Ludicolo|Icy Wind|p2a: Amoonguss|[spread] p2a
|-activate|p2b: Kyogre|move: Protect
|-supereffective|p2a: Amoonguss
|-damage|p2a: Amoonguss|51/100
|-unboost|p2a: Amoonguss|spe|1
|move|p2a: Amoonguss|Spore|p1b: Primarina
|-activate|p1b: Primarina|move: Protect
|
|-weather|RainDance|[upkeep]
|upkeep
|turn|4
|
|t:|1750832231
|switch|p2a: Flutter Mane|Flutter Mane, L50|100/100
|move|p1a: Ludicolo|Weather Ball|p2a: Flutter Mane
|-crit|p2a: Flutter Mane
|-damage|p2a: Flutter Mane|0 fnt
|faint|p2a: Flutter Mane
|-end|p2a: Flutter Mane|Protosynthesis|[silent]
|move|p1b: Primarina|Hyper Voice|p2b: Kyogre
|-resisted|p2b: Kyogre
|-damage|p2b: Kyogre|53/100
|move|p2b: Kyogre|Thunder|p1b: Primarina
|-supereffective|p1b: Primarina
|-damage|p1b: Primarina|25/100
|
|-weather|RainDance|[upkeep]
|upkeep
|
|t:|1750832246
|switch|p2a: Smeargle|Smeargle, L50, M|100/100
|turn|5
|
|t:|1750832254
|move|p2b: Kyogre|Protect|p2b: Kyogre
|-singleturn|p2b: Kyogre|Protect
|move|p1a: Ludicolo|Icy Wind|p2a: Smeargle|[spread] p2a
|-activate|p2b: Kyogre|move: Protect
|-damage|p2a: Smeargle|74/100
|-unboost|p2a: Smeargle|spe|1
|move|p2a: Smeargle|Decorate|p2b: Kyogre
|-boost|p2b: Kyogre|atk|2
|-boost|p2b: Kyogre|spa|2
|move|p1b: Primarina|Moonblast|p2b: Kyogre
|-activate|p2b: Kyogre|move: Protect
|
|-weather|none
|-ability|p2a: Smeargle|Moody|boost
|-boost|p2a: Smeargle|def|2
|-unboost|p2a: Smeargle|atk|1
|upkeep
|turn|6
|inactive|gu7rixx has 30 seconds left.
|
|t:|1750832282
|move|p1a: Ludicolo|Icy Wind|p2a: Smeargle|[spread] p2a,p2b
|-supereffective|p2b: Kyogre
|-damage|p2a: Smeargle|50/100
|-damage|p2b: Kyogre|35/100
|-unboost|p2a: Smeargle|spe|1
|-unboost|p2b: Kyogre|spe|1
|move|p1b: Primarina|Moonblast|p2b: Kyogre
|-damage|p2b: Kyogre|0 fnt
|faint|p2b: Kyogre
|move|p2a: Smeargle|Spore|p1b: Primarina
|-status|p1b: Primarina|slp|[from] move: Spore
|
|-ability|p2a: Smeargle|Moody|boost
|-boost|p2a: Smeargle|spa|2
|-unboost|p2a: Smeargle|spd|1
|upkeep
|
|t:|1750832292
|switch|p2b: Amoonguss|Amoonguss, L50, M|84/100
|turn|7
|-message|gu7rixx forfeited.
|
|win|Tepig_nNz_498
|raw|Tepig_nNz_498's rating: 1303 &rarr; <strong>1319</strong><br />(+16 for winning)
|raw|gu7rixx's rating: 1238 &rarr; <strong>1218</strong><br />(-20 for losing)
|l|☆gu7rixx
|player|p2|
|l|☆Tepig_nNz_498
|player|p1|
