|j|☆Barika12
|j|☆PaparaEX
|t:|1750774189
|gametype|doubles
|player|p1|Barika12|barry|1268
|player|p2|PaparaEX|2|1206
|teamsize|p1|6
|teamsize|p2|6
|gen|9
|tier|[Gen 9] VGC 2025 Reg I
|rated|
|rule|Species Clause: Limit one of each Pokémon
|rule|Item Clause: Limit 1 of each item
|clearpoke
|poke|p1|Miraidon, L50|
|poke|p1|Ursaluna, L50, M|
|poke|p1|Calyrex-Ice, L50|
|poke|p1|Incineroar, L50, M|
|poke|p1|Ogerpon-Wellspring, L50, F|
|poke|p1|Gallade, L50, M|
|poke|p2|Miraidon, L50|
|poke|p2|Zamazenta-*, L50|
|poke|p2|Volcarona, L50, M|
|poke|p2|Chien-Pao, L50|
|poke|p2|Rillaboom, L50, M|
|poke|p2|Ogerpon, L50, F|
|teampreview|4
Barika12 has agreed to open team sheets.
PaparaEX rejected open team sheets.
|inactive|Battle timer is ON: inactive players will automatically lose when time's up. (requested by PaparaEX)
|
|t:|1750774228
|start
|switch|p1a: Miraidon|Miraidon, L50|100/100
|switch|p1b: Gallade|Gallade, L50, M, shiny|100/100
|switch|p2a: Miraidon|Miraidon, L50|100/100
|switch|p2b: Volcarona|Volcarona, L50, M, shiny|100/100
|-fieldstart|move: Electric Terrain|[from] ability: Hadron Engine|[of] p2a: Miraidon
|-enditem|p2b: Volcarona|Electric Seed
|-boost|p2b: Volcarona|def|1|[from] item: Electric Seed
|-activate|p1a: Miraidon|ability: Hadron Engine
|turn|1
|
|t:|1750774248
|-terastallize|p1a: Miraidon|Fairy
|move|p1b: Gallade|Wide Guard|p1b: Gallade
|-singleturn|p1b: Gallade|Wide Guard
|move|p2a: Miraidon|Volt Switch|p1b: Gallade
|-damage|p1b: Gallade|33/100
|
|t:|1750774255
|switch|p2a: Rillaboom|Rillaboom, L50, M|100/100|[from] Volt Switch
|-fieldstart|move: Grassy Terrain|[from] ability: Grassy Surge|[of] p2a: Rillaboom
|move|p1a: Miraidon|Dazzling Gleam|p2a: Rillaboom|[spread] p2a,p2b
|-resisted|p2b: Volcarona
|-damage|p2a: Rillaboom|65/100
|-damage|p2b: Volcarona|78/100
|move|p2b: Volcarona|Fiery Dance|p1b: Gallade
|-damage|p1b: Gallade|0 fnt
|-boost|p2b: Volcarona|spa|1
|faint|p1b: Gallade
|
|-heal|p2b: Volcarona|84/100|[from] Grassy Terrain
|-heal|p2a: Rillaboom|71/100|[from] Grassy Terrain
|upkeep
|
|t:|1750774272
|switch|p1b: Calyrex|Calyrex-Ice, L50|100/100
|-ability|p1b: Calyrex|As One
|-ability|p1b: Calyrex|Unnerve
|turn|2
|
|t:|1750774290
|move|p2a: Rillaboom|Fake Out|p1b: Calyrex
|-damage|p1b: Calyrex|94/100
|move|p1a: Miraidon|Dazzling Gleam|p2a: Rillaboom|[spread] p2a,p2b
|-resisted|p2b: Volcarona
|-damage|p2a: Rillaboom|35/100
|-damage|p2b: Volcarona|61/100
|move|p2b: Volcarona|Quiver Dance|p2b: Volcarona
|-boost|p2b: Volcarona|spa|1
|-boost|p2b: Volcarona|spd|1
|-boost|p2b: Volcarona|spe|1
|cant|p1b: Calyrex|flinch
|
|-heal|p2b: Volcarona|67/100|[from] Grassy Terrain
|-heal|p2a: Rillaboom|41/100|[from] Grassy Terrain
|-heal|p1b: Calyrex|99/100|[from] Grassy Terrain
|upkeep
|turn|3
|inactive|PaparaEX has 30 seconds left.
|
|t:|1750774316
|move|p2b: Volcarona|Fiery Dance|p1b: Calyrex
|-supereffective|p1b: Calyrex
|-damage|p1b: Calyrex|0 fnt
|-boost|p2b: Volcarona|spa|1
|faint|p1b: Calyrex
|move|p1a: Miraidon|Dazzling Gleam|p2a: Rillaboom|[spread] p2a,p2b
|-resisted|p2b: Volcarona
|-damage|p2a: Rillaboom|6/100
|-damage|p2b: Volcarona|51/100
|move|p2a: Rillaboom|U-turn|p1a: Miraidon
|-resisted|p1a: Miraidon
|-damage|p1a: Miraidon|88/100
|
|t:|1750774330
|switch|p2a: Zamazenta|Zamazenta-Crowned, L50|100/100|[from] U-turn
|-ability|p2a: Zamazenta|Dauntless Shield|boost
|-boost|p2a: Zamazenta|def|1
|
|-heal|p2b: Volcarona|57/100|[from] Grassy Terrain
|-heal|p1a: Miraidon|94/100|[from] Grassy Terrain
|upkeep
|
|t:|1750774339
|switch|p1b: Ursaluna|Ursaluna, L50, M|100/100
|turn|4
|
|t:|1750774357
|move|p1b: Ursaluna|Protect|p1b: Ursaluna
|-singleturn|p1b: Ursaluna|Protect
|move|p2b: Volcarona|Giga Drain|p1a: Miraidon
|-damage|p1a: Miraidon|30/100
|-heal|p2b: Volcarona|86/100|[from] drain|[of] p1a: Miraidon
|move|p1a: Miraidon|Dazzling Gleam|p2b: Volcarona|[spread] p2a,p2b
|-resisted|p2b: Volcarona
|-damage|p2a: Zamazenta|64/100
|-damage|p2b: Volcarona|71/100
|move|p2a: Zamazenta|Behemoth Bash|p1a: Miraidon
|-supereffective|p1a: Miraidon
|-damage|p1a: Miraidon|0 fnt
|faint|p1a: Miraidon
|
|-heal|p2b: Volcarona|76/100|[from] Grassy Terrain
|-heal|p2a: Zamazenta|70/100|[from] Grassy Terrain
|-status|p1b: Ursaluna|brn|[from] item: Flame Orb
|upkeep
|turn|5
|
|t:|1750774376
|-terastallize|p2b: Volcarona|Grass
|move|p2b: Volcarona|Giga Drain|p1b: Ursaluna
|-supereffective|p1b: Ursaluna
|-damage|p1b: Ursaluna|0 fnt
|-heal|p2b: Volcarona|100/100|[from] drain|[of] p1b: Ursaluna
|faint|p1b: Ursaluna
|
|win|PaparaEX
|raw|Barika12's rating: 1268 &rarr; <strong>1239</strong><br />(-29 for losing)
|raw|PaparaEX's rating: 1206 &rarr; <strong>1235</strong><br />(+29 for winning)
|l|☆Barika12
|player|p1|
