|j|☆Scaramouche_UwU6
|j|☆La Firma VGC
|t:|1750877786
|gametype|doubles
|player|p1|Scaramouche_UwU6|169|1264
|player|p2|La Firma VGC|shadowtriad|1349
|teamsize|p1|6
|teamsize|p2|6
|gen|9
|tier|[Gen 9] VGC 2025 Reg I
|rated|
|rule|Species Clause: Limit one of each Pokémon
|rule|Item Clause: Limit 1 of each item
|clearpoke
|poke|p1|Gengar, L50, M|
|poke|p1|Calyrex-Ice, L50|
|poke|p1|Miraidon, L50|
|poke|p1|Grimmsnarl, L50, M|
|poke|p1|Volcarona, L50, F|
|poke|p1|Ogerpon-Wellspring, L50, F|
|poke|p2|Tornadus, L50, M|
|poke|p2|Smeargle, L50, F|
|poke|p2|Calyrex-Shadow, L50|
|poke|p2|Raging Bolt, L50|
|poke|p2|Zamazenta-*, L50|
|poke|p2|Rillaboom, L50, M|
|teampreview|4
|inactive|Battle timer is ON: inactive players will automatically lose when time's up. (requested by La Firma VGC)
|inactive|La Firma VGC has 60 seconds left.
|inactive|La Firma VGC has 30 seconds left.
|inactive|La Firma VGC has 20 seconds left.
|
|t:|1750877860
|start
|switch|p1a: Firefly|Volcarona, L50, F, shiny|100/100
|switch|p1b: AcheronIX|Miraidon, L50|100/100
|switch|p2a: Tornadus|Tornadus, L50, M|100/100
|switch|p2b: Rillaboom|Rillaboom, L50, M|100/100
|-fieldstart|move: Electric Terrain|[from] ability: Hadron Engine|[of] p1b: AcheronIX
|-enditem|p1a: Firefly|Electric Seed
|-boost|p1a: Firefly|def|1|[from] item: Electric Seed
|-fieldstart|move: Grassy Terrain|[from] ability: Grassy Surge|[of] p2b: Rillaboom
|turn|1
|
|t:|1750877878
|switch|p1b: Pastellence|Grimmsnarl, L50, M, shiny|100/100
|move|p2b: Rillaboom|Fake Out|p1b: Pastellence
|-damage|p1b: Pastellence|86/100
|move|p1a: Firefly|Quiver Dance|p1a: Firefly
|-boost|p1a: Firefly|spa|1
|-boost|p1a: Firefly|spd|1
|-boost|p1a: Firefly|spe|1
|move|p2a: Tornadus|Bleakwind Storm|p1a: Firefly|[spread] p1a,p1b
|-supereffective|p1a: Firefly
|-damage|p1a: Firefly|55/100
|-damage|p1b: Pastellence|47/100
|-unboost|p1a: Firefly|spe|1
|-unboost|p1b: Pastellence|spe|1
|
|-heal|p1a: Firefly|61/100|[from] Grassy Terrain
|-heal|p1b: Pastellence|52/100|[from] Grassy Terrain
|upkeep
|turn|2
|inactive|Scaramouche_UwU6 has 30 seconds left.
|inactive|La Firma VGC has 30 seconds left.
|
|t:|1750877908
|move|p1a: Firefly|Protect|p1a: Firefly
|-singleturn|p1a: Firefly|Protect
|move|p1b: Pastellence|Scary Face|p2a: Tornadus
|-unboost|p2a: Tornadus|spe|2
|move|p2b: Rillaboom|U-turn|p1b: Pastellence
|-damage|p1b: Pastellence|26/100
|
|t:|1750877918
|switch|p2b: Calyrex|Calyrex-Shadow, L50|100/100|[from] U-turn
|-ability|p2b: Calyrex|As One
|-ability|p2b: Calyrex|Unnerve
|move|p2a: Tornadus|Bleakwind Storm|p1a: Firefly|[spread] p1b
|-activate|p1a: Firefly|move: Protect
|-damage|p1b: Pastellence|0 fnt
|faint|p1b: Pastellence
|
|-heal|p1a: Firefly|67/100|[from] Grassy Terrain
|upkeep
|
|t:|1750877927
|switch|p1b: Grin Shady|Gengar, L50, M|100/100
|turn|3
|
|t:|1750877935
|-terastallize|p2b: Calyrex|Dark
|-terastallize|p1b: Grin Shady|Normal
|move|p2a: Tornadus|Tailwind|p2a: Tornadus
|-sidestart|p2: La Firma VGC|move: Tailwind
|move|p2b: Calyrex|Astral Barrage|p1a: Firefly|[spread] p1a
|-immune|p1b: Grin Shady
|-damage|p1a: Firefly|26/100
|-damage|p2b: Calyrex|91/100|[from] item: Life Orb
|move|p1b: Grin Shady|Shadow Ball|p2b: Calyrex
|-resisted|p2b: Calyrex
|-damage|p2b: Calyrex|67/100
|move|p1a: Firefly|Struggle Bug|p2b: Calyrex|[spread] p2a,p2b
|-resisted|p2a: Tornadus
|-supereffective|p2b: Calyrex
|-damage|p2a: Tornadus|89/100
|-damage|p2b: Calyrex|19/100
|-unboost|p2a: Tornadus|spa|1
|-unboost|p2b: Calyrex|spa|1
|
|-heal|p2b: Calyrex|25/100|[from] Grassy Terrain
|-heal|p1a: Firefly|31/100|[from] Grassy Terrain
|upkeep
|turn|4
|inactive|Scaramouche_UwU6 has 30 seconds left.
|inactive|La Firma VGC has 30 seconds left.
|
|t:|1750877965
|switch|p2b: Zamazenta|Zamazenta-Crowned, L50|100/100
|-ability|p2b: Zamazenta|Dauntless Shield|boost
|-boost|p2b: Zamazenta|def|1
|switch|p1a: AcheronIX|Miraidon, L50|100/100
|-fieldstart|move: Electric Terrain|[from] ability: Hadron Engine|[of] p1a: AcheronIX
|move|p1b: Grin Shady|Sludge Bomb|p2a: Tornadus
|-damage|p2a: Tornadus|41/100
|move|p2a: Tornadus|Bleakwind Storm|p1b: Grin Shady|[spread] p1a,p1b
|-resisted|p1a: AcheronIX
|-damage|p1a: AcheronIX|89/100
|-damage|p1b: Grin Shady|61/100
|-unboost|p1a: AcheronIX|spe|1
|
|upkeep
|turn|5
|inactive|La Firma VGC has 30 seconds left.
|
|t:|1750877991
|switch|p1b: Firefly|Volcarona, L50, F, shiny|31/100
|switch|p2a: Rillaboom|Rillaboom, L50, M|100/100
|-fieldstart|move: Grassy Terrain|[from] ability: Grassy Surge|[of] p2a: Rillaboom
|move|p2b: Zamazenta|Body Press|p1a: AcheronIX
|-damage|p1a: AcheronIX|14/100
|move|p1a: AcheronIX|Volt Switch|p2a: Rillaboom
|-resisted|p2a: Rillaboom
|-damage|p2a: Rillaboom|81/100
|
|t:|1750878001
|switch|p1a: Grin Shady|Gengar, L50, M, tera:Normal|61/100|[from] Volt Switch
|
|-heal|p2a: Rillaboom|87/100|[from] Grassy Terrain
|-heal|p1a: Grin Shady|67/100|[from] Grassy Terrain
|-heal|p1b: Firefly|37/100|[from] Grassy Terrain
|upkeep
|turn|6
|
|t:|1750878015
|switch|p1a: AcheronIX|Miraidon, L50|14/100
|-fieldstart|move: Electric Terrain|[from] ability: Hadron Engine|[of] p1a: AcheronIX
|move|p2a: Rillaboom|Fake Out|p1a: AcheronIX
|-damage|p1a: AcheronIX|0 fnt
|faint|p1a: AcheronIX
|move|p2b: Zamazenta|Body Press|p1b: Firefly
|-resisted|p1b: Firefly
|-damage|p1b: Firefly|0 fnt
|-status|p2b: Zamazenta|brn|[from] ability: Flame Body|[of] p1b: Firefly
|faint|p1b: Firefly
|
|-damage|p2b: Zamazenta|94/100 brn|[from] brn
|-sideend|p2: La Firma VGC|move: Tailwind
|upkeep
|-message|Scaramouche_UwU6 forfeited.
|
|win|La Firma VGC
|raw|Scaramouche_UwU6's rating: 1264 &rarr; <strong>1245</strong><br />(-19 for losing)
|raw|La Firma VGC's rating: 1349 &rarr; <strong>1364</strong><br />(+15 for winning)
|l|☆Scaramouche_UwU6
|player|p1|
|l|☆La Firma VGC
|player|p2|
