|j|☆neko oscar
|j|☆klkir
|t:|1750831305
|gametype|doubles
|player|p1|neko oscar|265|1257
|player|p2|klkir|unknown|1218
|teamsize|p1|6
|teamsize|p2|6
|gen|9
|tier|[Gen 9] VGC 2025 Reg I
|rated|
|rule|Species Clause: Limit one of each Pokémon
|rule|Item Clause: Limit 1 of each item
|clearpoke
|poke|p1|Vaporeon, L50, F|
|poke|p1|Groudon, L50|
|poke|p1|Miraidon, L50|
|poke|p1|Goodra-Hisui, L50, F|
|poke|p1|Umbreon, L50, M|
|poke|p1|Iron Bundle, L50|
|poke|p2|Calyrex-Shadow, L50|
|poke|p2|Terapagos, L50, M|
|poke|p2|Incineroar, L50, F|
|poke|p2|Ogerpon-Cornerstone, L50, F|
|poke|p2|Rillaboom, L50, M|
|poke|p2|Amoonguss, L50, M|
|teampreview|4
|inactive|Battle timer is ON: inactive players will automatically lose when time's up. (requested by klkir)
|
|t:|1750831322
|start
|switch|p1a: Vaporeon|Vaporeon, L50, F, shiny|100/100
|switch|p1b: Groudon|Groudon, L50|100/100
|switch|p2a: Rillaboom|Rillaboom, L50, M|100/100
|switch|p2b: Amoonguss|Amoonguss, L50, M|100/100
|-weather|SunnyDay|[from] ability: Drought|[of] p1b: Groudon
|-fieldstart|move: Grassy Terrain|[from] ability: Grassy Surge|[of] p2a: Rillaboom
|turn|1
|
|t:|1750831344
|-terastallize|p1a: Vaporeon|Fire
|move|p1b: Groudon|Protect|p1b: Groudon
|-singleturn|p1b: Groudon|Protect
|move|p2a: Rillaboom|Fake Out|p1b: Groudon
|-activate|p1b: Groudon|move: Protect
|move|p1a: Vaporeon|Weather Ball|p2b: Amoonguss
|-supereffective|p2b: Amoonguss
|-damage|p2b: Amoonguss|0 fnt
|faint|p2b: Amoonguss
|
|-weather|SunnyDay|[upkeep]
|upkeep
|
|t:|1750831355
|switch|p2b: Incineroar|Incineroar, L50, F, shiny|100/100
|-ability|p2b: Incineroar|Intimidate|boost
|-unboost|p1a: Vaporeon|atk|1
|-fail|p1b: Groudon|unboost|[from] item: Clear Amulet|[of] p1b: Groudon
|turn|2
|
|t:|1750831375
|move|p2b: Incineroar|Fake Out|p1a: Vaporeon
|-damage|p1a: Vaporeon|88/100
|move|p1b: Groudon|Precipice Blades|p2b: Incineroar|[spread] p2a,p2b
|-resisted|p2a: Rillaboom
|-supereffective|p2b: Incineroar
|-damage|p2a: Rillaboom|77/100
|-damage|p2b: Incineroar|29/100
|move|p2a: Rillaboom|Wood Hammer|p1b: Groudon
|-supereffective|p1b: Groudon
|-damage|p1b: Groudon|0 fnt
|faint|p1b: Groudon
|-damage|p2a: Rillaboom|49/100|[from] Recoil
|cant|p1a: Vaporeon|flinch
|
|-weather|SunnyDay|[upkeep]
|-heal|p2a: Rillaboom|55/100|[from] Grassy Terrain
|-heal|p1a: Vaporeon|94/100|[from] Grassy Terrain
|-heal|p2b: Incineroar|35/100|[from] Grassy Terrain
|upkeep
|
|t:|1750831380
|switch|p1b: Miraidon|Miraidon, L50|100/100
|-fieldstart|move: Electric Terrain|[from] ability: Hadron Engine|[of] p1b: Miraidon
|turn|3
|
|t:|1750831401
|switch|p2a: Terapagos|Terapagos, L50, M|100/100
|-activate|p2a: Terapagos|ability: Tera Shift
|detailschange|p2a: Terapagos|Terapagos-Terastal, L50, M
|-heal|p2a: Terapagos|100/100|[silent]
|move|p1b: Miraidon|Electro Drift|p2b: Incineroar
|-damage|p2b: Incineroar|0 fnt
|faint|p2b: Incineroar
|-damage|p1b: Miraidon|91/100|[from] item: Life Orb
|move|p1a: Vaporeon|Weather Ball|p2a: Terapagos
|-activate|p2a: Terapagos|ability: Tera Shell
|-resisted|p2a: Terapagos
|-damage|p2a: Terapagos|65/100
|
|-weather|SunnyDay|[upkeep]
|-heal|p2a: Terapagos|71/100|[from] item: Leftovers
|upkeep
|
|t:|1750831419
|switch|p2b: Rillaboom|Rillaboom, L50, M|55/100
|-fieldstart|move: Grassy Terrain|[from] ability: Grassy Surge|[of] p2b: Rillaboom
|turn|4
|
|t:|1750831429
|move|p2b: Rillaboom|Fake Out|p1b: Miraidon
|-damage|p1b: Miraidon|77/100
|cant|p1b: Miraidon|flinch
|move|p2a: Terapagos|Calm Mind|p2a: Terapagos
|-boost|p2a: Terapagos|spa|1
|-boost|p2a: Terapagos|spd|1
|move|p1a: Vaporeon|Weather Ball|p2a: Terapagos
|-damage|p2a: Terapagos|25/100
|
|-weather|SunnyDay|[upkeep]
|-heal|p1b: Miraidon|83/100|[from] Grassy Terrain
|-heal|p2a: Terapagos|32/100|[from] Grassy Terrain
|-heal|p2a: Terapagos|38/100|[from] item: Leftovers
|-heal|p2b: Rillaboom|61/100|[from] Grassy Terrain
|-heal|p1a: Vaporeon|99/100|[from] Grassy Terrain
|upkeep
|turn|5
|inactive|klkir has 30 seconds left.
|
|t:|1750831456
|-terastallize|p2a: Terapagos|Stellar
|detailschange|p2a: Terapagos|Terapagos-Stellar, L50, M, tera:Stellar
|-heal|p2a: Terapagos|54/100|[silent]
|-ability|p2a: Terapagos|Teraform Zero
|-weather|none
|-fieldend|move: Grassy Terrain
|move|p1b: Miraidon|Electro Drift|p2a: Terapagos
|-damage|p2a: Terapagos|23/100
|-damage|p1b: Miraidon|73/100|[from] item: Life Orb
|move|p2a: Terapagos|Tera Starstorm|p1b: Miraidon|[spread] p1a,p1b
|-supereffective|p1a: Vaporeon
|-damage|p1a: Vaporeon|44/100
|-damage|p1b: Miraidon|25/100
|move|p2b: Rillaboom|Grassy Glide|p1a: Vaporeon
|-resisted|p1a: Vaporeon
|-damage|p1a: Vaporeon|30/100
|move|p1a: Vaporeon|Weather Ball|p2b: Rillaboom
|-damage|p2b: Rillaboom|51/100
|
|-heal|p2a: Terapagos|30/100|[from] item: Leftovers
|upkeep
|turn|6
|-message|klkir forfeited.
|
|win|neko oscar
|raw|neko oscar's rating: 1257 &rarr; <strong>1279</strong><br />(+22 for winning)
|raw|klkir's rating: 1218 &rarr; <strong>1196</strong><br />(-22 for losing)
|l|☆klkir
|player|p2|
|l|☆neko oscar
|player|p1|
