|j|☆Leacenh
|j|☆BlznFrnzy
|t:|1750825932
|gametype|doubles
|player|p1|Leacenh|1|1355
|player|p2|BlznFrnzy|1|1275
|teamsize|p1|6
|teamsize|p2|6
|gen|9
|tier|[Gen 9] VGC 2025 Reg I
|rated|
|rule|Species Clause: Limit one of each Pokémon
|rule|Item Clause: Limit 1 of each item
|clearpoke
|poke|p1|Calyrex-Shadow, L50|
|poke|p1|Zamazenta-*, L50|
|poke|p1|Incineroar, L50, M|
|poke|p1|Rillaboom, L50, M|
|poke|p1|Raging Bolt, L50|
|poke|p1|Whimsicott, L50, F|
|poke|p2|Moltres-Galar, L50|
|poke|p2|Kyogre, L50|
|poke|p2|Rillaboom, L50, F|
|poke|p2|Comfey, L50, F|
|poke|p2|Zamazenta-*, L50|
|poke|p2|Clefairy, L50, F|
|teampreview|4
BlznFrnzy rejected open team sheets.
|
|t:|1750826003
|start
|switch|p1a: Incineroar|Incineroar, L50, M|100/100
|switch|p1b: Zamazenta|Zamazenta-Crowned, L50|100/100
|switch|p2a: Moltres|Moltres-Galar, L50|100/100
|switch|p2b: Rillaboom|Rillaboom, L50, F|100/100
|-ability|p1b: Zamazenta|Dauntless Shield|boost
|-boost|p1b: Zamazenta|def|1
|-fieldstart|move: Grassy Terrain|[from] ability: Grassy Surge|[of] p2b: Rillaboom
|-ability|p1a: Incineroar|Intimidate|boost
|-unboost|p2a: Moltres|atk|1
|-unboost|p2b: Rillaboom|atk|1
|turn|1
|
|t:|1750826038
|move|p2b: Rillaboom|Fake Out|p1a: Incineroar
|-damage|p1a: Incineroar|93/100
|move|p1b: Zamazenta|Body Press|p2a: Moltres
|-damage|p2a: Moltres|23/100
|-ability|p2a: Moltres|Berserk|boost
|-boost|p2a: Moltres|spa|1
|-enditem|p2a: Moltres|Sitrus Berry|[eat]
|-heal|p2a: Moltres|48/100|[from] item: Sitrus Berry
|move|p2a: Moltres|Nasty Plot|p2a: Moltres
|-boost|p2a: Moltres|spa|2
|cant|p1a: Incineroar|flinch
|
|-heal|p1a: Incineroar|99/100|[from] Grassy Terrain
|upkeep
|turn|2
|
|t:|1750826072
|-terastallize|p2a: Moltres|Poison
|move|p1b: Zamazenta|Heavy Slam|p2b: Rillaboom
|-damage|p2b: Rillaboom|52/100
|move|p2a: Moltres|Air Slash|p1b: Zamazenta
|-damage|p1b: Zamazenta|40/100
|move|p2b: Rillaboom|U-turn|p1a: Incineroar
|-damage|p1a: Incineroar|86/100
|
|t:|1750826080
|switch|p2b: Comfey|Comfey, L50, F, shiny|100/100|[from] U-turn
|move|p1a: Incineroar|Flare Blitz|p2b: Comfey
|-damage|p2b: Comfey|42/100
|-damage|p1a: Incineroar|70/100|[from] Recoil
|
|-heal|p2b: Comfey|47/100|[from] Grassy Terrain
|-heal|p1b: Zamazenta|46/100|[from] Grassy Terrain
|-heal|p2a: Moltres|54/100|[from] Grassy Terrain
|-heal|p1a: Incineroar|76/100|[from] Grassy Terrain
|upkeep
|turn|3
|
|t:|1750826110
|move|p2b: Comfey|Floral Healing|p2a: Moltres
|-heal|p2a: Moltres|100/100
|move|p1b: Zamazenta|Heavy Slam|p2a: Moltres
|-damage|p2a: Moltres|53/100
|move|p2a: Moltres|Air Slash|p1b: Zamazenta
|-damage|p1b: Zamazenta|0 fnt
|faint|p1b: Zamazenta
|move|p1a: Incineroar|Flare Blitz|p2a: Moltres
|-damage|p2a: Moltres|7/100
|-damage|p1a: Incineroar|61/100|[from] Recoil
|-ability|p2a: Moltres|Berserk|boost
|-boost|p2a: Moltres|spa|1
|
|-heal|p2b: Comfey|53/100|[from] Grassy Terrain
|-heal|p2a: Moltres|13/100|[from] Grassy Terrain
|-heal|p1a: Incineroar|67/100|[from] Grassy Terrain
|upkeep
|
|t:|1750826129
|switch|p1b: Calyrex|Calyrex-Shadow, L50|100/100
|-ability|p1b: Calyrex|As One
|-ability|p1b: Calyrex|Unnerve
|turn|4
|
|t:|1750826144
|move|p2b: Comfey|Floral Healing|p2a: Moltres
|-heal|p2a: Moltres|79/100
|move|p1b: Calyrex|Astral Barrage|p2a: Moltres|[spread] p2a,p2b
|-damage|p2a: Moltres|33/100
|-damage|p2b: Comfey|0 fnt
|faint|p2b: Comfey
|-ability|p1b: Calyrex|Grim Neigh|boost
|-boost|p1b: Calyrex|spa|1
|-ability|p2a: Moltres|Berserk|boost
|-boost|p2a: Moltres|spa|1
|move|p2a: Moltres|Fiery Wrath|p1b: Calyrex|[spread] p1a,p1b
|-resisted|p1a: Incineroar
|-supereffective|p1b: Calyrex
|-crit|p1b: Calyrex
|-damage|p1a: Incineroar|24/100
|-enditem|p1b: Calyrex|Focus Sash
|-damage|p1b: Calyrex|1/100
|-enditem|p1a: Incineroar|Sitrus Berry|[eat]
|-heal|p1a: Incineroar|49/100|[from] item: Sitrus Berry
|move|p1a: Incineroar|Flare Blitz|p2a: Moltres
|-damage|p2a: Moltres|0 fnt
|faint|p2a: Moltres
|-damage|p1a: Incineroar|39/100|[from] Recoil
|
|-heal|p1b: Calyrex|7/100|[from] Grassy Terrain
|-heal|p1a: Incineroar|45/100|[from] Grassy Terrain
|upkeep
|
|t:|1750826166
|switch|p2b: Zamazenta|Zamazenta-Crowned, L50|100/100
|switch|p2a: Rillaboom|Rillaboom, L50, F|52/100
|-ability|p2b: Zamazenta|Dauntless Shield|boost
|-boost|p2b: Zamazenta|def|1
|turn|5
|
|t:|1750826186
|move|p1b: Calyrex|Protect|p1b: Calyrex
|-singleturn|p1b: Calyrex|Protect
|move|p2a: Rillaboom|Grassy Glide|p1b: Calyrex
|-activate|p1b: Calyrex|move: Protect
|move|p2b: Zamazenta|Body Press|p1a: Incineroar
|-supereffective|p1a: Incineroar
|-damage|p1a: Incineroar|0 fnt
|faint|p1a: Incineroar
|
|-heal|p1b: Calyrex|14/100|[from] Grassy Terrain
|-heal|p2a: Rillaboom|58/100|[from] Grassy Terrain
|-fieldend|move: Grassy Terrain
|upkeep
|
|t:|1750826197
|switch|p1a: Raging Bolt|Raging Bolt, L50|100/100
|turn|6
|
|t:|1750826209
|-terastallize|p1a: Raging Bolt|Electric
|move|p2b: Zamazenta|Wide Guard|p2b: Zamazenta
|-singleturn|p2b: Zamazenta|Wide Guard
|move|p1b: Calyrex|Psychic|p2a: Rillaboom
|-damage|p2a: Rillaboom|10/100
|move|p2a: Rillaboom|Wood Hammer|p1b: Calyrex
|-damage|p1b: Calyrex|0 fnt
|faint|p1b: Calyrex
|-damage|p2a: Rillaboom|6/100|[from] Recoil
|move|p1a: Raging Bolt|Thunderbolt|p2b: Zamazenta
|-damage|p2b: Zamazenta|44/100
|
|upkeep
|turn|7
|
|t:|1750826260
|move|p1a: Raging Bolt|Thunderclap|p2b: Zamazenta
|-damage|p2b: Zamazenta|0 fnt
|faint|p2b: Zamazenta
|move|p2a: Rillaboom|Wood Hammer|p1a: Raging Bolt
|-damage|p1a: Raging Bolt|55/100
|-damage|p2a: Rillaboom|0 fnt|[from] Recoil
|faint|p2a: Rillaboom
|
|win|Leacenh
|raw|Leacenh's rating: 1355 &rarr; <strong>1370</strong><br />(+15 for winning)
|raw|BlznFrnzy's rating: 1275 &rarr; <strong>1256</strong><br />(-19 for losing)
|l|☆BlznFrnzy
|player|p2|
|l|☆Leacenh
|player|p1|
