|j|☆booghost23
|j|☆Ravenclawed07
|t:|1750770033
|gametype|doubles
|player|p1|booghost23|policeman-gen4|1237
|player|p2|Ravenclawed07|larry|1336
|teamsize|p1|6
|teamsize|p2|6
|gen|9
|tier|[Gen 9] VGC 2025 Reg I
|rated|
|rule|Species Clause: Limit one of each Pokémon
|rule|Item Clause: Limit 1 of each item
|clearpoke
|poke|p1|Dusclops, L50, M|
|poke|p1|Groudon, L50|
|poke|p1|Charizard, L50, M|
|poke|p1|Arcanine, L50, M|
|poke|p1|Koraidon, L50|
|poke|p1|Golem, L50, M|
|poke|p2|Koraidon, L50|
|poke|p2|Scovillain, L50, M|
|poke|p2|Miraidon, L50|
|poke|p2|Chesnaught, L50, M|
|poke|p2|Clefairy, L50, F|
|poke|p2|Indeedee-F, L50, F|
|teampreview|4
|inactive|Battle timer is ON: inactive players will automatically lose when time's up. (requested by Ravenclawed07)
booghost23 rejected open team sheets.
|
|t:|1750770058
|start
|switch|p1a: Rock ON|Golem, L50, M|100/100
|switch|p1b: Dusclops|Dusclops, L50, M, shiny|100/100
|switch|p2a: Koraidon|Koraidon, L50|100/100
|switch|p2b: Scovillain|Scovillain, L50, M|100/100
|-weather|SunnyDay|[from] ability: Orichalcum Pulse|[of] p2a: Koraidon
|-activate|p2a: Koraidon|Orichalcum Pulse|[source]
|-item|p2a: Koraidon|Clear Amulet|[from] ability: Frisk|[of] p1b: Dusclops
|-item|p2b: Scovillain|Focus Sash|[from] ability: Frisk|[of] p1b: Dusclops
|turn|1
|
|t:|1750770077
|move|p2b: Scovillain|Protect|p2b: Scovillain
|-singleturn|p2b: Scovillain|Protect
|move|p2a: Koraidon|Protect|p2a: Koraidon
|-singleturn|p2a: Koraidon|Protect
|move|p1a: Rock ON|Explosion|p2b: Scovillain|[spread] 
|-activate|p2a: Koraidon|move: Protect
|-activate|p2b: Scovillain|move: Protect
|-immune|p1b: Dusclops
|faint|p1a: Rock ON
|move|p1b: Dusclops|Will-O-Wisp|p2a: Koraidon
|-activate|p2a: Koraidon|move: Protect
|
|-weather|SunnyDay|[upkeep]
|upkeep
|
|t:|1750770091
|switch|p1a: Charcoal|Charizard, L50, M, shiny|100/100
|turn|2
|
|t:|1750770098
|-terastallize|p2a: Koraidon|Fire
|move|p1a: Charcoal|Protect|p1a: Charcoal
|-singleturn|p1a: Charcoal|Protect
|move|p2b: Scovillain|Spicy Extract|p2a: Koraidon
|-fail|p2a: Koraidon|unboost|[from] item: Clear Amulet|[of] p2a: Koraidon
|-boost|p2a: Koraidon|atk|2
|move|p2a: Koraidon|Flame Charge|p1a: Charcoal
|-activate|p1a: Charcoal|move: Protect
|move|p1b: Dusclops|Will-O-Wisp|p2a: Koraidon
|-immune|p2a: Koraidon
|
|-weather|SunnyDay|[upkeep]
|-damage|p1a: Charcoal|88/100|[from] ability: Solar Power|[of] p1a: Charcoal
|upkeep
|turn|3
|
|t:|1750770122
|switch|p1a: The Don|Groudon, L50|100/100
|move|p2b: Scovillain|Spicy Extract|p2a: Koraidon
|-fail|p2a: Koraidon|unboost|[from] item: Clear Amulet|[of] p2a: Koraidon
|-boost|p2a: Koraidon|atk|2
|move|p2a: Koraidon|Flame Charge|p1a: The Don
|-damage|p1a: The Don|0 fnt
|-boost|p2a: Koraidon|spe|1
|faint|p1a: The Don
|move|p1b: Dusclops|Trick Room|p1b: Dusclops
|-fieldstart|move: Trick Room|[of] p1b: Dusclops
|
|-weather|SunnyDay|[upkeep]
|upkeep
|
|t:|1750770134
|switch|p1a: Charcoal|Charizard, L50, M, shiny|88/100
|turn|4
|
|t:|1750770143
|switch|p2b: Clefairy|Clefairy, L50, F|100/100
|-terastallize|p1a: Charcoal|Electric
|move|p2a: Koraidon|Protect|p2a: Koraidon
|-singleturn|p2a: Koraidon|Protect
|move|p1b: Dusclops|Shadow Ball|p2a: Koraidon
|-activate|p2a: Koraidon|move: Protect
|move|p1a: Charcoal|Tera Blast|p2a: Koraidon|[anim] Tera Blast Electric
|-activate|p2a: Koraidon|move: Protect
|
|-weather|SunnyDay|[upkeep]
|-damage|p1a: Charcoal|76/100|[from] ability: Solar Power|[of] p1a: Charcoal
|upkeep
|turn|5
|
|t:|1750770162
|move|p1b: Dusclops|Shadow Ball|p2a: Koraidon
|-damage|p2a: Koraidon|87/100
|move|p2b: Clefairy|After You|p2a: Koraidon
|-activate|p2a: Koraidon|move: After You
|move|p2a: Koraidon|Collision Course|p1a: Charcoal
|-damage|p1a: Charcoal|0 fnt
|faint|p1a: Charcoal
|
|-weather|none
|upkeep
|turn|6
|-message|booghost23 forfeited.
|
|win|Ravenclawed07
|raw|booghost23's rating: 1237 &rarr; <strong>1219</strong><br />(-18 for losing)
|raw|Ravenclawed07's rating: 1336 &rarr; <strong>1350</strong><br />(+14 for winning)
|l|☆booghost23
|player|p1|
|l|☆Ravenclawed07
|player|p2|
