|j|☆Scrambledegg6
|j|☆amandaToriMeating
|t:|1750811539
|gametype|doubles
|player|p1|Scrambledegg6|lance|1551
|player|p2|amandaToriMeating|266|1565
|teamsize|p1|6
|teamsize|p2|6
|gen|9
|tier|[Gen 9] VGC 2025 Reg I
|rated|
|rule|Species Clause: Limit one of each Pokémon
|rule|Item Clause: Limit 1 of each item
|clearpoke
|poke|p1|Calyrex-Ice, L50|
|poke|p1|Lunala, L50|
|poke|p1|Torkoal, L50, F|
|poke|p1|Urshifu-*, L50, F|
|poke|p1|Indeedee-F, L50, F|
|poke|p1|Smeargle, L50, F|
|poke|p2|Indeedee-F, L50, F|
|poke|p2|Kyogre, L50|
|poke|p2|Tornadus, L50, M|
|poke|p2|Calyrex-Shadow, L50|
|poke|p2|Amoonguss, L50, M|
|poke|p2|Sneasler, L50, M|
|teampreview|4
|inactive|Battle timer is ON: inactive players will automatically lose when time's up. (requested by Scrambledegg6)
|
|t:|1750811554
|start
|switch|p1a: Calyrex|Calyrex-Ice, L50|100/100
|switch|p1b: Lunala|Lunala, L50|100/100
|switch|p2a: Indeedee|Indeedee-F, L50, F|100/100
|switch|p2b: Sneasler|Sneasler, L50, M|100/100
|-ability|p1a: Calyrex|As One
|-ability|p1a: Calyrex|Unnerve
|-fieldstart|move: Psychic Terrain|[from] ability: Psychic Surge|[of] p2a: Indeedee
|-enditem|p2b: Sneasler|Psychic Seed
|-boost|p2b: Sneasler|spd|1|[from] item: Psychic Seed
|turn|1
|j| zagmaer
|inactive|Scrambledegg6 has 30 seconds left.
|
|t:|1750811588
|-terastallize|p2b: Sneasler|Dark
|move|p2b: Sneasler|Dire Claw|p1a: Calyrex
|-damage|p1a: Calyrex|72/100
|-status|p1a: Calyrex|psn
|move|p1b: Lunala|Expanding Force|p2a: Indeedee|[spread] p2a
|-immune|p2b: Sneasler
|-resisted|p2a: Indeedee
|-damage|p2a: Indeedee|73/100
|move|p2a: Indeedee|Imprison|p2a: Indeedee
|-start|p2a: Indeedee|move: Imprison
|cant|p1a: Calyrex|move: Imprison|Trick Room
|
|-damage|p1a: Calyrex|59/100 psn|[from] psn
|upkeep
|turn|2
|l| zagmaer
|inactive|Scrambledegg6 has 30 seconds left.
|
|t:|1750811615
|move|p2a: Indeedee|Helping Hand|p2b: Sneasler
|-singleturn|p2b: Sneasler|Helping Hand|[of] p2a: Indeedee
|move|p2b: Sneasler|Throat Chop|p1a: Calyrex
|-supereffective|p1a: Calyrex
|-damage|p1a: Calyrex|0 fnt
|faint|p1a: Calyrex
|move|p1b: Lunala|Meteor Beam||[still]
|-prepare|p1b: Lunala|Meteor Beam
|-boost|p1b: Lunala|spa|1
|-enditem|p1b: Lunala|Power Herb
|-anim|p1b: Lunala|Meteor Beam|p2b: Sneasler
|-damage|p2b: Sneasler|45/100
|
|upkeep
|
|t:|1750811628
|switch|p1a: Urshifu|Urshifu, L50, F|100/100
|turn|3
|
|t:|1750811648
|move|p2a: Indeedee|Follow Me|p2a: Indeedee
|-singleturn|p2a: Indeedee|move: Follow Me
|move|p2b: Sneasler|Throat Chop|p1b: Lunala
|-supereffective|p1b: Lunala
|-damage|p1b: Lunala|30/100
|-start|p1b: Lunala|Throat Chop|[silent]
|move|p1b: Lunala|Moongeist Beam|p2a: Indeedee
|-immune|p2a: Indeedee
|move|p1a: Urshifu|Wicked Blow|p2a: Indeedee
|-supereffective|p2a: Indeedee
|-crit|p2a: Indeedee
|-damage|p2a: Indeedee|0 fnt
|faint|p2a: Indeedee
|
|upkeep
|
|t:|1750811663
|switch|p2a: Calyrex|Calyrex-Shadow, L50|100/100
|-ability|p2a: Calyrex|As One
|-ability|p2a: Calyrex|Unnerve
|turn|4
|
|t:|1750811686
|-terastallize|p1b: Lunala|Grass
|move|p2b: Sneasler|Close Combat|p1a: Urshifu
|-supereffective|p1a: Urshifu
|-damage|p1a: Urshifu|0 fnt
|-unboost|p2b: Sneasler|def|1
|-unboost|p2b: Sneasler|spd|1
|faint|p1a: Urshifu
|move|p2a: Calyrex|Tera Blast|p1b: Lunala
|-damage|p1b: Lunala|0 fnt
|faint|p1b: Lunala
|-ability|p2a: Calyrex|Grim Neigh|boost
|-boost|p2a: Calyrex|spa|1
|-damage|p2a: Calyrex|91/100|[from] item: Life Orb
|
|upkeep
|
|t:|1750811697
|switch|p1b: Torkoal|Torkoal, L50, F|100/100
|-weather|SunnyDay|[from] ability: Drought|[of] p1b: Torkoal
|turn|5
|
|t:|1750811707
|move|p2b: Sneasler|Close Combat|p1b: Torkoal
|-damage|p1b: Torkoal|53/100
|-unboost|p2b: Sneasler|def|1
|-unboost|p2b: Sneasler|spd|1
|move|p2a: Calyrex|Astral Barrage|p1b: Torkoal
|-damage|p1b: Torkoal|0 fnt
|faint|p1b: Torkoal
|-damage|p2a: Calyrex|81/100|[from] item: Life Orb
|
|win|amandaToriMeating
|raw|Scrambledegg6's rating: 1551 &rarr; <strong>1532</strong><br />(-19 for losing)
|raw|amandaToriMeating's rating: 1565 &rarr; <strong>1584</strong><br />(+19 for winning)
|l|☆amandaToriMeating
|player|p2|
|l|☆Scrambledegg6
|player|p1|
