|j|☆Ddree
|j|☆GoofyRonald756
|t:|1750749464
|gametype|doubles
|player|p1|Ddree|lucas|1427
|player|p2|GoofyRonald756|barry|1393
|teamsize|p1|5
|teamsize|p2|6
|gen|9
|tier|[Gen 9] VGC 2025 Reg I
|rated|
|rule|Species Clause: Limit one of each Pokémon
|rule|Item Clause: Limit 1 of each item
|clearpoke
|poke|p1|Koraidon, L50|
|poke|p1|Amoonguss, L50, M|
|poke|p1|Flutter Mane, L50|
|poke|p1|Incineroar, L50, F|
|poke|p1|Lunala, L50|
|poke|p2|Miraidon, L50|
|poke|p2|Lunala, L50|
|poke|p2|Sylveon, L50, M|
|poke|p2|Incineroar, L50, M|
|poke|p2|Iron Hands, L50|
|poke|p2|Urshifu-*, L50, F|
|teampreview|4
|inactive|Battle timer is ON: inactive players will automatically lose when time's up. (requested by Ddree)
|
|t:|1750749486
|start
|switch|p1a: Koraidon|Koraidon, L50|100/100
|switch|p1b: Amoonguss|Amoonguss, L50, M|100/100
|switch|p2a: Sylveon|Sylveon, L50, M|100/100
|switch|p2b: Incineroar|Incineroar, L50, M|100/100
|-weather|SunnyDay|[from] ability: Orichalcum Pulse|[of] p1a: Koraidon
|-activate|p1a: Koraidon|Orichalcum Pulse|[source]
|-ability|p2b: Incineroar|Intimidate|boost
|-unboost|p1a: Koraidon|atk|1
|-unboost|p1b: Amoonguss|atk|1
|turn|1
|
|t:|1750749492
|switch|p2a: Miraidon|Miraidon, L50|100/100
|-fieldstart|move: Electric Terrain|[from] ability: Hadron Engine|[of] p2a: Miraidon
|move|p1a: Koraidon|Protect|p1a: Koraidon
|-singleturn|p1a: Koraidon|Protect
|move|p1b: Amoonguss|Protect|p1b: Amoonguss
|-singleturn|p1b: Amoonguss|Protect
|move|p2b: Incineroar|Fake Out|p1a: Koraidon
|-activate|p1a: Koraidon|move: Protect
|
|-weather|SunnyDay|[upkeep]
|upkeep
|turn|2
|
|t:|1750749505
|-terastallize|p1a: Koraidon|Fire
|move|p1b: Amoonguss|Rage Powder|p1b: Amoonguss
|-singleturn|p1b: Amoonguss|move: Rage Powder
|move|p1a: Koraidon|Close Combat|p2b: Incineroar
|-supereffective|p2b: Incineroar
|-damage|p2b: Incineroar|0 fnt
|-unboost|p1a: Koraidon|def|1
|-unboost|p1a: Koraidon|spd|1
|-damage|p1a: Koraidon|84/100|[from] item: Rocky Helmet|[of] p2b: Incineroar
|faint|p2b: Incineroar
|-damage|p1a: Koraidon|74/100|[from] item: Life Orb
|move|p2a: Miraidon|Electro Drift|p1b: Amoonguss
|-resisted|p1b: Amoonguss
|-damage|p1b: Amoonguss|43/100
|
|-weather|SunnyDay|[upkeep]
|upkeep
|
|t:|1750749513
|switch|p2b: Lunala|Lunala, L50|100/100
|-enditem|p2b: Lunala|Electric Seed
|-boost|p2b: Lunala|def|1|[from] item: Electric Seed
|turn|3
|
|t:|1750749527
|switch|p2a: Sylveon|Sylveon, L50, M|100/100
|switch|p1b: Lunala|Lunala, L50|100/100
|move|p1a: Koraidon|Protect|p1a: Koraidon
|-singleturn|p1a: Koraidon|Protect
|move|p2b: Lunala|Trick Room|p2b: Lunala
|-fieldstart|move: Trick Room|[of] p2b: Lunala
|
|-weather|SunnyDay|[upkeep]
|upkeep
|turn|4
|
|t:|1750749544
|switch|p1a: Amoonguss|Amoonguss, L50, M|76/100
|-terastallize|p2b: Lunala|Fairy
|move|p1b: Lunala|Protect|p1b: Lunala
|-singleturn|p1b: Lunala|Protect
|move|p2a: Sylveon|Hyper Voice|p1a: Amoonguss|[spread] p1a
|-activate|p1b: Lunala|move: Protect
|-resisted|p1a: Amoonguss
|-damage|p1a: Amoonguss|59/100
|move|p2b: Lunala|Moongeist Beam|p1a: Amoonguss
|-damage|p1a: Amoonguss|18/100
|
|-weather|SunnyDay|[upkeep]
|upkeep
|turn|5
|
|t:|1750749553
|move|p1a: Amoonguss|Sludge Bomb|p2a: Sylveon
|-supereffective|p2a: Sylveon
|-damage|p2a: Sylveon|64/100
|move|p2a: Sylveon|Hyper Voice|p1a: Amoonguss|[spread] p1a,p1b
|-resisted|p1a: Amoonguss
|-damage|p1a: Amoonguss|0 fnt
|-damage|p1b: Lunala|86/100
|faint|p1a: Amoonguss
|move|p1b: Lunala|Meteor Beam||[still]
|-prepare|p1b: Lunala|Meteor Beam
|-boost|p1b: Lunala|spa|1
|-enditem|p1b: Lunala|Power Herb
|-anim|p1b: Lunala|Meteor Beam|p2b: Lunala
|-damage|p2b: Lunala|78/100
|move|p2b: Lunala|Moongeist Beam|p1b: Lunala
|-supereffective|p1b: Lunala
|-damage|p1b: Lunala|0 fnt
|faint|p1b: Lunala
|
|-weather|none
|-fieldend|move: Electric Terrain
|upkeep
|
|t:|1750749558
|switch|p1a: Flutter Mane|Flutter Mane, L50|100/100
|switch|p1b: Koraidon|Koraidon, L50, tera:Fire|74/100
|-weather|SunnyDay|[from] ability: Orichalcum Pulse|[of] p1b: Koraidon
|-activate|p1a: Flutter Mane|ability: Protosynthesis
|-start|p1a: Flutter Mane|protosynthesisspe
|-activate|p1b: Koraidon|Orichalcum Pulse|[source]
|turn|6
|
|t:|1750749569
|move|p1b: Koraidon|Protect|p1b: Koraidon
|-singleturn|p1b: Koraidon|Protect
|move|p1a: Flutter Mane|Protect|p1a: Flutter Mane
|-singleturn|p1a: Flutter Mane|Protect
|move|p2a: Sylveon|Hyper Voice|p1a: Flutter Mane|[spread] 
|-activate|p1a: Flutter Mane|move: Protect
|-activate|p1b: Koraidon|move: Protect
|move|p2b: Lunala|Moongeist Beam|p1a: Flutter Mane
|-activate|p1a: Flutter Mane|move: Protect
|
|-weather|SunnyDay|[upkeep]
|upkeep
|turn|7
|
|t:|1750749581
|move|p1a: Flutter Mane|Protect|p1a: Flutter Mane
|-singleturn|p1a: Flutter Mane|Protect
|move|p2a: Sylveon|Hyper Voice|p1a: Flutter Mane|[spread] p1b
|-activate|p1a: Flutter Mane|move: Protect
|-resisted|p1b: Koraidon
|-damage|p1b: Koraidon|52/100
|move|p2b: Lunala|Moongeist Beam|p1b: Koraidon
|-crit|p1b: Koraidon
|-damage|p1b: Koraidon|0 fnt
|faint|p1b: Koraidon
|
|-weather|SunnyDay|[upkeep]
|-fieldend|move: Trick Room
|upkeep
|turn|8
|
|t:|1750749591
|move|p1a: Flutter Mane|Moonblast|p2b: Lunala
|-damage|p2b: Lunala|44/100
|move|p2b: Lunala|Moongeist Beam|p1a: Flutter Mane
|-supereffective|p1a: Flutter Mane
|-enditem|p1a: Flutter Mane|Focus Sash
|-damage|p1a: Flutter Mane|1/100
|move|p2a: Sylveon|Hyper Voice|p1a: Flutter Mane
|-crit|p1a: Flutter Mane
|-damage|p1a: Flutter Mane|0 fnt
|faint|p1a: Flutter Mane
|-end|p1a: Flutter Mane|Protosynthesis|[silent]
|
|win|GoofyRonald756
|raw|Ddree's rating: 1427 &rarr; <strong>1405</strong><br />(-22 for losing)
|raw|GoofyRonald756's rating: 1393 &rarr; <strong>1415</strong><br />(+22 for winning)
|l|☆GoofyRonald756
|player|p2|
