|j|☆Gial77
|j|☆Jack_Ankn33
|t:|1750840503
|gametype|doubles
|player|p1|Gial77|169|1478
|player|p2|Jack_Ankn33|medium|1412
|teamsize|p1|6
|teamsize|p2|6
|gen|9
|tier|[Gen 9] VGC 2025 Reg I
|rated|
|rule|Species Clause: Limit one of each Pokémon
|rule|Item Clause: Limit 1 of each item
|clearpoke
|poke|p1|Oranguru, L50, F|
|poke|p1|Miraidon, L50|
|poke|p1|Incineroar, L50, F|
|poke|p1|Calyrex-Ice, L50|
|poke|p1|Gouging Fire, L50|
|poke|p1|Grimmsnarl, L50, M|
|poke|p2|Whimsicott, L50, F|
|poke|p2|Calyrex-Shadow, L50|
|poke|p2|Miraidon, L50|
|poke|p2|Incineroar, L50, M|
|poke|p2|Iron Hands, L50|
|poke|p2|Chi-Yu, L50|
|teampreview|4
|inactive|Battle timer is ON: inactive players will automatically lose when time's up. (requested by Gial77)
Jack_Ankn33 has agreed to open team sheets.
|inactive|Gial77 has 60 seconds left.
|
|t:|1750840544
|start
|switch|p1a: Oranguru|Oranguru, L50, F|100/100
|switch|p1b: Miraidon|Miraidon, L50|100/100
|switch|p2a: Miraidon|Miraidon, L50|100/100
|switch|p2b: Incineroar|Incineroar, L50, M|100/100
|-fieldstart|move: Electric Terrain|[from] ability: Hadron Engine|[of] p2a: Miraidon
|-enditem|p1b: Miraidon|Electric Seed
|-boost|p1b: Miraidon|def|1|[from] item: Electric Seed
|-item|p1b: Miraidon|Air Balloon
|-activate|p1a: Oranguru|ability: Symbiosis|Air Balloon|[of] p1b: Miraidon
|-activate|p1b: Miraidon|ability: Hadron Engine
|-ability|p2b: Incineroar|Intimidate|boost
|-unboost|p1a: Oranguru|atk|1
|-unboost|p1b: Miraidon|atk|1
|-item|p1a: Oranguru|Air Balloon
|turn|1
|inactive|Jack_Ankn33 has 30 seconds left.
|inactive|Jack_Ankn33 has 20 seconds left.
|inactive|Jack_Ankn33 has 15 seconds left.
|inactive|Jack_Ankn33 has 10 seconds left.
|inactive|Jack_Ankn33 has 5 seconds left.
|
|t:|1750840595
|-terastallize|p2a: Miraidon|Fairy
|-terastallize|p1b: Miraidon|Electric
|move|p2a: Miraidon|Dazzling Gleam|p1b: Miraidon|[spread] p1a,p1b
|-damage|p1a: Oranguru|58/100
|-damage|p1b: Miraidon|58/100
|-enditem|p1b: Miraidon|Air Balloon
|move|p1b: Miraidon|Calm Mind|p1b: Miraidon
|-boost|p1b: Miraidon|spa|1
|-boost|p1b: Miraidon|spd|1
|move|p2b: Incineroar|Knock Off|p1a: Oranguru
|-supereffective|p1a: Oranguru
|-damage|p1a: Oranguru|6/100
|move|p1a: Oranguru|Encore|p2b: Incineroar
|-start|p2b: Incineroar|Encore
|
|upkeep
|turn|2
|inactive|Gial77 has 30 seconds left.
|
|t:|1750840625
|switch|p2a: Iron Hands|Iron Hands, L50, shiny|100/100
|-activate|p2a: Iron Hands|ability: Quark Drive
|-start|p2a: Iron Hands|quarkdriveatk
|move|p1b: Miraidon|Parabolic Charge|p2a: Iron Hands|[spread] p1a,p2a,p2b
|-resisted|p2a: Iron Hands
|-damage|p1a: Oranguru|0 fnt
|-heal|p1b: Miraidon|61/100|[from] drain|[of] p1a: Oranguru
|-damage|p2a: Iron Hands|76/100
|-heal|p1b: Miraidon|76/100|[from] drain|[of] p2a: Iron Hands
|-damage|p2b: Incineroar|35/100
|-heal|p1b: Miraidon|100/100|[from] drain|[of] p2b: Incineroar
|faint|p1a: Oranguru
|move|p2b: Incineroar|Knock Off|p1b: Miraidon
|-damage|p1b: Miraidon|87/100
|
|upkeep
|
|t:|1750840644
|switch|p1a: Grimmsnarl|Grimmsnarl, L50, M|100/100
|turn|3
|inactive|Gial77 has 30 seconds left.
|inactive|Jack_Ankn33 has 30 seconds left.
|
|t:|1750840677
|switch|p2b: Miraidon|Miraidon, L50, tera:Fairy|100/100
|-activate|p2b: Miraidon|ability: Hadron Engine
|move|p2a: Iron Hands|Fake Out|p1b: Miraidon
|-damage|p1b: Miraidon|76/100
|move|p1a: Grimmsnarl|Bulk Up|p1a: Grimmsnarl
|-boost|p1a: Grimmsnarl|atk|1
|-boost|p1a: Grimmsnarl|def|1
|cant|p1b: Miraidon|flinch
|
|upkeep
|turn|4
|inactive|Gial77 has 30 seconds left.
|
|t:|1750840706
|move|p2b: Miraidon|Dazzling Gleam|p1b: Miraidon|[spread] p1a,p1b
|-supereffective|p1a: Grimmsnarl
|-damage|p1a: Grimmsnarl|0 fnt
|-damage|p1b: Miraidon|50/100
|faint|p1a: Grimmsnarl
|move|p1b: Miraidon|Parabolic Charge|p2b: Miraidon|[spread] p2a,p2b
|-resisted|p2a: Iron Hands
|-damage|p2a: Iron Hands|50/100
|-heal|p1b: Miraidon|66/100|[from] drain|[of] p2a: Iron Hands
|-damage|p2b: Miraidon|32/100
|-heal|p1b: Miraidon|98/100|[from] drain|[of] p2b: Miraidon
|move|p2a: Iron Hands|Low Kick|p1b: Miraidon
|-damage|p1b: Miraidon|45/100
|
|upkeep
|
|t:|1750840720
|switch|p1a: Ice-Queen|Calyrex-Ice, L50|100/100
|-ability|p1a: Ice-Queen|As One
|-ability|p1a: Ice-Queen|Unnerve
|turn|5
|inactive|Jack_Ankn33 has 30 seconds left.
|
|t:|1750840752
|-end|p2a: Iron Hands|Quark Drive|[silent]
|switch|p2a: Incineroar|Incineroar, L50, M|35/100
|-ability|p2a: Incineroar|Intimidate|boost
|-unboost|p1a: Ice-Queen|atk|1
|-unboost|p1b: Miraidon|atk|1
|move|p2b: Miraidon|Dazzling Gleam|p1a: Ice-Queen|[spread] p1a,p1b
|-damage|p1a: Ice-Queen|62/100
|-damage|p1b: Miraidon|19/100
|move|p1b: Miraidon|Parabolic Charge|p2b: Miraidon|[spread] p1a,p2a,p2b
|-damage|p1a: Ice-Queen|11/100
|-heal|p1b: Miraidon|45/100|[from] drain|[of] p1a: Ice-Queen
|-damage|p2a: Incineroar|0 fnt
|-heal|p1b: Miraidon|61/100|[from] drain|[of] p2a: Incineroar
|-damage|p2b: Miraidon|0 fnt
|-heal|p1b: Miraidon|75/100|[from] drain|[of] p2b: Miraidon
|faint|p2a: Incineroar
|faint|p2b: Miraidon
|move|p1a: Ice-Queen|Trick Room|p1a: Ice-Queen
|-fieldstart|move: Trick Room|[of] p1a: Ice-Queen
|
|-heal|p1a: Ice-Queen|17/100|[from] item: Leftovers
|-fieldend|move: Electric Terrain
|upkeep
|
|t:|1750840757
|switch|p2a: Iron Hands|Iron Hands, L50, shiny|50/100
|switch|p2b: Calyrex|Calyrex-Shadow, L50|100/100
|-ability|p2b: Calyrex|As One
|-ability|p2b: Calyrex|Unnerve
|turn|6
|inactive|Gial77 has 30 seconds left.
|inactive|Gial77 has 20 seconds left.
|
|t:|1750840792
|move|p2a: Iron Hands|Drain Punch|p1a: Ice-Queen
|-damage|p1a: Ice-Queen|0 fnt
|-heal|p2a: Iron Hands|57/100|[from] drain|[of] p1a: Ice-Queen
|faint|p1a: Ice-Queen
|move|p1b: Miraidon|Parabolic Charge|p2b: Calyrex|[spread] p2a,p2b
|-resisted|p2a: Iron Hands
|-damage|p2a: Iron Hands|44/100
|-heal|p1b: Miraidon|84/100|[from] drain|[of] p2a: Iron Hands
|-damage|p2b: Calyrex|48/100
|-heal|p1b: Miraidon|100/100|[from] drain|[of] p2b: Calyrex
|move|p2b: Calyrex|Disable|p1b: Miraidon
|-start|p1b: Miraidon|Disable|Parabolic Charge
|
|upkeep
|turn|7
|inactive|Gial77 has 30 seconds left.
|
|t:|1750840819
|move|p2a: Iron Hands|Drain Punch|p1b: Miraidon
|-damage|p1b: Miraidon|76/100
|-heal|p2a: Iron Hands|54/100|[from] drain|[of] p1b: Miraidon
|move|p1b: Miraidon|Electro Drift|p2a: Iron Hands
|-resisted|p2a: Iron Hands
|-damage|p2a: Iron Hands|27/100
|move|p2b: Calyrex|Astral Barrage|p1b: Miraidon
|-damage|p1b: Miraidon|39/100
|
|upkeep
|turn|8
|
|t:|1750840842
|move|p2a: Iron Hands|Drain Punch|p1b: Miraidon
|-damage|p1b: Miraidon|16/100
|-heal|p2a: Iron Hands|37/100|[from] drain|[of] p1b: Miraidon
|move|p1b: Miraidon|Electro Drift|p2b: Calyrex
|-damage|p2b: Calyrex|0 fnt
|faint|p2b: Calyrex
|
|upkeep
|turn|9
|c|☆Jack_Ankn33|ggs
|
|t:|1750840860
|move|p2a: Iron Hands|Low Kick|p1b: Miraidon
|-damage|p1b: Miraidon|0 fnt
|faint|p1b: Miraidon
|
|win|Jack_Ankn33
|raw|Gial77's rating: 1478 &rarr; <strong>1454</strong><br />(-24 for losing)
|raw|Jack_Ankn33's rating: 1412 &rarr; <strong>1436</strong><br />(+24 for winning)
|l|☆Gial77
|player|p1|
|l|☆Jack_Ankn33
|player|p2|
