|j|☆BigBusted
|j|☆sirborklas0rsalot
|t:|1750717318
|gametype|doubles
|player|p1|BigBusted|unknown|1068
|player|p2|sirborklas0rsalot|265|1050
|teamsize|p1|6
|teamsize|p2|6
|gen|9
|tier|[Gen 9] VGC 2025 Reg I
|rated|
|rule|Species Clause: Limit one of each Pokémon
|rule|Item Clause: Limit 1 of each item
|clearpoke
|poke|p1|Entei, L50|
|poke|p1|Salamence, L50, F|
|poke|p1|Ceruledge, L50, M|
|poke|p1|Koraidon, L50|
|poke|p1|Scream Tail, L50|
|poke|p1|Heatran, L50, F|
|poke|p2|Calyrex-Ice, L50|
|poke|p2|Amoonguss, L50, M|
|poke|p2|Incineroar, L50, M|
|poke|p2|Urshifu-*, L50, F|
|poke|p2|Kyogre, L50|
|poke|p2|Tornadus, L50, M|
|teampreview|4
|inactive|Battle timer is ON: inactive players will automatically lose when time's up. (requested by BigBusted)
sirborklas0rsalot has agreed to open team sheets.
|inactive|BigBusted has 60 seconds left.
|
|t:|1750717381
|start
|switch|p1a: Salamence|Salamence, L50, F|100/100
|switch|p1b: Heatran|Heatran, L50, F|100/100
|switch|p2a: Calyrex|Calyrex-Ice, L50|100/100
|switch|p2b: Amoonguss|Amoonguss, L50, M|100/100
|-ability|p2a: Calyrex|As One
|-ability|p2a: Calyrex|Unnerve
|-ability|p1a: Salamence|Intimidate|boost
|-fail|p2a: Calyrex|unboost|[from] item: Clear Amulet|[of] p2a: Calyrex
|-unboost|p2b: Amoonguss|atk|1
|turn|1
|
|t:|1750717403
|-terastallize|p2b: Amoonguss|Water
|move|p2b: Amoonguss|Rage Powder|p2b: Amoonguss
|-singleturn|p2b: Amoonguss|move: Rage Powder
|move|p1a: Salamence|Iron Head|p2b: Amoonguss
|-resisted|p2b: Amoonguss
|-damage|p2b: Amoonguss|88/100
|move|p1b: Heatran|Magma Storm|p2b: Amoonguss
|-resisted|p2b: Amoonguss
|-damage|p2b: Amoonguss|67/100
|-activate|p2b: Amoonguss|move: Magma Storm|[of] p1b: Heatran
|move|p2a: Calyrex|Trick Room|p2a: Calyrex
|-fieldstart|move: Trick Room|[of] p2a: Calyrex
|
|-damage|p2b: Amoonguss|54/100|[from] move: Magma Storm|[partiallytrapped]
|upkeep
|turn|2
|
|t:|1750717427
|switch|p1a: Ceruledge|Ceruledge, L50, M|100/100
|move|p1b: Heatran|Protect|p1b: Heatran
|-singleturn|p1b: Heatran|Protect
|move|p2b: Amoonguss|Spore|p1a: Ceruledge
|-status|p1a: Ceruledge|slp|[from] move: Spore
|move|p2a: Calyrex|High Horsepower|p1b: Heatran
|-activate|p1b: Heatran|move: Protect
|
|-damage|p2b: Amoonguss|42/100|[from] move: Magma Storm|[partiallytrapped]
|upkeep
|turn|3
|
|t:|1750717452
|-terastallize|p1b: Heatran|Grass
|move|p2b: Amoonguss|Pollen Puff|p1a: Ceruledge
|-resisted|p1a: Ceruledge
|-damage|p1a: Ceruledge|97/100 slp
|move|p2a: Calyrex|High Horsepower|p1b: Heatran
|-resisted|p1b: Heatran
|-damage|p1b: Heatran|84/100
|move|p1b: Heatran|Will-O-Wisp|p2a: Calyrex
|-status|p2a: Calyrex|brn
|cant|p1a: Ceruledge|slp
|
|-heal|p1b: Heatran|90/100|[from] item: Leftovers
|-damage|p2a: Calyrex|95/100 brn|[from] brn
|-damage|p2b: Amoonguss|30/100|[from] move: Magma Storm|[partiallytrapped]
|upkeep
|turn|4
|
|t:|1750717475
|move|p1b: Heatran|Protect|p1b: Heatran
|-singleturn|p1b: Heatran|Protect
|move|p2b: Amoonguss|Pollen Puff|p1b: Heatran
|-activate|p1b: Heatran|move: Protect
|move|p2a: Calyrex|High Horsepower|p1a: Ceruledge
|-supereffective|p1a: Ceruledge
|-damage|p1a: Ceruledge|52/100 slp
|-ability|p1a: Ceruledge|Weak Armor|boost
|-unboost|p1a: Ceruledge|def|1
|-boost|p1a: Ceruledge|spe|2
|-enditem|p1a: Ceruledge|Weakness Policy
|-boost|p1a: Ceruledge|atk|2|[from] item: Weakness Policy
|-boost|p1a: Ceruledge|spa|2|[from] item: Weakness Policy
|-curestatus|p1a: Ceruledge|slp|[msg]
|move|p1a: Ceruledge|Phantom Force||[still]
|-prepare|p1a: Ceruledge|Phantom Force
|
|-heal|p1b: Heatran|96/100|[from] item: Leftovers
|-damage|p2a: Calyrex|89/100 brn|[from] brn
|-damage|p2b: Amoonguss|18/100|[from] move: Magma Storm|[partiallytrapped]
|upkeep
|turn|5
|inactive|BigBusted has 30 seconds left.
|inactive|sirborklas0rsalot has 30 seconds left.
|
|t:|1750717504
|switch|p1b: Salamence|Salamence, L50, F|100/100
|-ability|p1b: Salamence|Intimidate|boost
|-fail|p2a: Calyrex|unboost|[from] item: Clear Amulet|[of] p2a: Calyrex
|-unboost|p2b: Amoonguss|atk|1
|move|p2a: Calyrex|Protect|p2a: Calyrex
|-singleturn|p2a: Calyrex|Protect
|move|p2b: Amoonguss|Spore|p1b: Salamence
|-status|p1b: Salamence|slp|[from] move: Spore
|move|p1a: Ceruledge|Phantom Force|p2b: Amoonguss|[from] lockedmove
|-damage|p2b: Amoonguss|0 fnt
|faint|p2b: Amoonguss
|
|-damage|p2a: Calyrex|83/100 brn|[from] brn
|-fieldend|move: Trick Room
|upkeep
|
|t:|1750717521
|switch|p2b: Tornadus|Tornadus, L50, M|100/100
|turn|6
|
|t:|1750717533
|move|p2b: Tornadus|Tailwind|p2b: Tornadus
|-sidestart|p2: sirborklas0rsalot|move: Tailwind
|cant|p1b: Salamence|slp
|move|p1a: Ceruledge|Bitter Blade|p2a: Calyrex
|-supereffective|p2a: Calyrex
|-damage|p2a: Calyrex|0 fnt
|-heal|p1a: Ceruledge|99/100|[from] drain|[of] p2a: Calyrex
|faint|p2a: Calyrex
|
|upkeep
|
|t:|1750717542
|switch|p2a: Kyogre|Kyogre, L50|100/100
|-weather|RainDance|[from] ability: Drizzle|[of] p2a: Kyogre
|turn|7
|
|t:|1750717550
|move|p1a: Ceruledge|Protect|p1a: Ceruledge
|-singleturn|p1a: Ceruledge|Protect
|move|p2b: Tornadus|Icy Wind|p1a: Ceruledge|[spread] p1b
|-activate|p1a: Ceruledge|move: Protect
|-supereffective|p1b: Salamence
|-damage|p1b: Salamence|28/100 slp
|-unboost|p1b: Salamence|spe|1
|move|p2a: Kyogre|Water Spout|p1a: Ceruledge|[spread] p1b
|-activate|p1a: Ceruledge|move: Protect
|-resisted|p1b: Salamence
|-damage|p1b: Salamence|0 fnt
|faint|p1b: Salamence
|
|-weather|RainDance|[upkeep]
|upkeep
|
|t:|1750717567
|switch|p1b: Koraidon|Koraidon, L50|100/100
|-weather|SunnyDay|[from] ability: Orichalcum Pulse|[of] p1b: Koraidon
|-activate|p1b: Koraidon|Orichalcum Pulse|[source]
|turn|8
|
|t:|1750717582
|move|p2b: Tornadus|Icy Wind|p1a: Ceruledge|[spread] p1a,p1b
|-resisted|p1a: Ceruledge
|-supereffective|p1b: Koraidon
|-damage|p1a: Ceruledge|93/100
|-damage|p1b: Koraidon|72/100
|-unboost|p1a: Ceruledge|spe|1
|move|p2a: Kyogre|Water Spout|p1b: Koraidon|[spread] p1a,p1b
|-supereffective|p1a: Ceruledge
|-resisted|p1b: Koraidon
|-damage|p1a: Ceruledge|31/100
|-damage|p1b: Koraidon|55/100
|move|p1b: Koraidon|Collision Course|p2a: Kyogre
|-damage|p2a: Kyogre|30/100
|move|p1a: Ceruledge|Phantom Force||[still]
|-prepare|p1a: Ceruledge|Phantom Force
|
|-weather|SunnyDay|[upkeep]
|upkeep
|turn|9
|
|t:|1750717601
|switch|p1b: Heatran|Heatran, L50, F, tera:Grass|96/100
|move|p2b: Tornadus|Icy Wind|p1b: Heatran|[spread] p1b
|-miss|p2b: Tornadus|p1a: Ceruledge
|-supereffective|p1b: Heatran
|-damage|p1b: Heatran|75/100
|-unboost|p1b: Heatran|spe|1
|move|p2a: Kyogre|Origin Pulse|p1a: Ceruledge|[spread] p1b
|-miss|p2a: Kyogre|p1a: Ceruledge
|-resisted|p1b: Heatran
|-damage|p1b: Heatran|65/100
|move|p1a: Ceruledge|Phantom Force|p2a: Kyogre|[from] lockedmove
|-damage|p2a: Kyogre|0 fnt
|faint|p2a: Kyogre
|
|-weather|SunnyDay|[upkeep]
|-heal|p1b: Heatran|71/100|[from] item: Leftovers
|-sideend|p2: sirborklas0rsalot|move: Tailwind
|upkeep
|turn|10
|
|t:|1750717622
|move|p2b: Tornadus|Icy Wind|p1b: Heatran|[spread] p1a,p1b
|-resisted|p1a: Ceruledge
|-supereffective|p1b: Heatran
|-damage|p1a: Ceruledge|25/100
|-damage|p1b: Heatran|47/100
|-unboost|p1a: Ceruledge|spe|1
|-unboost|p1b: Heatran|spe|1
|move|p1a: Ceruledge|Bitter Blade|p2b: Tornadus
|-enditem|p2b: Tornadus|Focus Sash
|-damage|p2b: Tornadus|1/100
|-heal|p1a: Ceruledge|67/100|[from] drain|[of] p2b: Tornadus
|move|p1b: Heatran|Magma Storm|p2b: Tornadus
|-damage|p2b: Tornadus|0 fnt
|faint|p2b: Tornadus
|
|win|BigBusted
|raw|BigBusted's rating: 1068 &rarr; <strong>1096</strong><br />(+28 for winning)
|raw|sirborklas0rsalot's rating: 1050 &rarr; <strong>1033</strong><br />(-17 for losing)
|c|☆sirborklas0rsalot|gg
|l|☆BigBusted
|player|p1|
|l|☆sirborklas0rsalot
|player|p2|
