|j|☆Imnewnobully
|j|‽Brierre
|t:|1750863696
|gametype|doubles
|player|p1|Imnewnobully|170|1147
|player|p2|Brierre|hiker|1180
|teamsize|p1|6
|teamsize|p2|6
|gen|9
|tier|[Gen 9] VGC 2025 Reg I
|rated|
|rule|Species Clause: Limit one of each Pokémon
|rule|Item Clause: Limit 1 of each item
|clearpoke
|poke|p1|Mudsdale, L50, F|
|poke|p1|Hariyama, L50, F|
|poke|p1|Dialga, L50|
|poke|p1|Indeedee-F, L50, F|
|poke|p1|Lunala, L50|
|poke|p1|Incineroar, L50, F|
|poke|p2|Kyogre, L50|
|poke|p2|Tornadus, L50, M|
|poke|p2|Zacian-*, L50|
|poke|p2|Incineroar, L50, F|
|poke|p2|Rillaboom, L50, M|
|poke|p2|Rhydon, L50, M|
|teampreview|4
|inactive|Battle timer is ON: inactive players will automatically lose when time's up. (requested by Brierre)
Brierre rejected open team sheets.
|
|t:|1750863777
|start
|switch|p1a: Indeedee|Indeedee-F, L50, F|100/100
|switch|p1b: Dialga|Dialga, L50|100/100
|switch|p2a: Tornadus|Tornadus, L50, M|100/100
|switch|p2b: Kyogre|Kyogre, L50|100/100
|-weather|RainDance|[from] ability: Drizzle|[of] p2b: Kyogre
|-fieldstart|move: Psychic Terrain|[from] ability: Psychic Surge|[of] p1a: Indeedee
|-enditem|p1b: Dialga|Psychic Seed
|-boost|p1b: Dialga|spd|1|[from] item: Psychic Seed
|turn|1
|
|t:|1750863794
|switch|p2b: Rillaboom|Rillaboom, L50, M|100/100
|-fieldstart|move: Grassy Terrain|[from] ability: Grassy Surge|[of] p2b: Rillaboom
|move|p1a: Indeedee|Follow Me|p1a: Indeedee
|-singleturn|p1a: Indeedee|move: Follow Me
|move|p2a: Tornadus|Taunt|p1a: Indeedee
|-start|p1a: Indeedee|move: Taunt
|move|p1b: Dialga|Trick Room|p1b: Dialga
|-fieldstart|move: Trick Room|[of] p1b: Dialga
|
|-weather|RainDance|[upkeep]
|upkeep
|turn|2
|inactive|Imnewnobully has 30 seconds left.
|inactive|Imnewnobully has 20 seconds left.
|
|t:|1750863832
|switch|p1a: Lunala|Lunala, L50|100/100
|move|p2b: Rillaboom|Fake Out|p1b: Dialga
|-resisted|p1b: Dialga
|-damage|p1b: Dialga|96/100
|cant|p1b: Dialga|flinch
|move|p2a: Tornadus|Bleakwind Storm|p1a: Lunala|[spread] p1a,p1b
|-resisted|p1b: Dialga
|-damage|p1a: Lunala|88/100
|-damage|p1b: Dialga|86/100
|-unboost|p1b: Dialga|spe|1
|
|-weather|RainDance|[upkeep]
|-heal|p1b: Dialga|92/100|[from] Grassy Terrain
|-heal|p1a: Lunala|94/100|[from] Grassy Terrain
|upkeep
|turn|3
|
|t:|1750863854
|switch|p2a: Zacian|Zacian-Crowned, L50|100/100
|-ability|p2a: Zacian|Intrepid Sword|boost
|-boost|p2a: Zacian|atk|1
|move|p2b: Rillaboom|Wood Hammer|p1a: Lunala
|-damage|p1a: Lunala|35/100
|-damage|p2b: Rillaboom|84/100|[from] item: Rocky Helmet|[of] p1a: Lunala
|-damage|p2b: Rillaboom|63/100|[from] Recoil
|move|p1b: Dialga|Trick Room|p1b: Dialga
|-fieldend|move: Trick Room
|move|p1a: Lunala|Trick Room|p1a: Lunala
|-fieldstart|move: Trick Room|[of] p1a: Lunala
|
|-weather|RainDance|[upkeep]
|-heal|p1b: Dialga|98/100|[from] Grassy Terrain
|-heal|p2b: Rillaboom|69/100|[from] Grassy Terrain
|-heal|p1a: Lunala|41/100|[from] Grassy Terrain
|upkeep
|turn|4
|inactive|Imnewnobully has 30 seconds left.
|inactive|Imnewnobully has 20 seconds left.
|
|t:|1750863894
|-terastallize|p1b: Dialga|Fairy
|move|p2a: Zacian|Protect|p2a: Zacian
|-singleturn|p2a: Zacian|Protect
|move|p1b: Dialga|Flash Cannon|p2a: Zacian
|-activate|p2a: Zacian|move: Protect
|move|p2b: Rillaboom|Wood Hammer|p1a: Lunala
|-damage|p1a: Lunala|0 fnt
|-damage|p2b: Rillaboom|53/100|[from] item: Rocky Helmet|[of] p1a: Lunala
|faint|p1a: Lunala
|-damage|p2b: Rillaboom|39/100|[from] Recoil
|
|-weather|RainDance|[upkeep]
|-heal|p1b: Dialga|100/100|[from] Grassy Terrain
|-heal|p2b: Rillaboom|45/100|[from] Grassy Terrain
|upkeep
|
|t:|1750863900
|switch|p1a: Mudsdale|Mudsdale, L50, F|100/100
|turn|5
|
|t:|1750863920
|switch|p2b: Tornadus|Tornadus, L50, M|100/100
|-terastallize|p2a: Zacian|Ground
|move|p1a: Mudsdale|High Horsepower|p2a: Zacian
|-damage|p2a: Zacian|25/100
|move|p1b: Dialga|Roar of Time|p2b: Tornadus
|-damage|p2b: Tornadus|0 fnt
|-mustrecharge|p1b: Dialga
|faint|p2b: Tornadus
|move|p2a: Zacian|Behemoth Blade|p1b: Dialga
|-supereffective|p1b: Dialga
|-damage|p1b: Dialga|0 fnt
|faint|p1b: Dialga
|
|-weather|none
|-heal|p2a: Zacian|32/100|[from] Grassy Terrain
|-fieldend|move: Grassy Terrain
|upkeep
|
|t:|1750863940
|switch|p1b: Indeedee|Indeedee-F, L50, F|100/100
|switch|p2b: Rillaboom|Rillaboom, L50, M|45/100
|-fieldstart|move: Psychic Terrain|[from] ability: Psychic Surge|[of] p1b: Indeedee
|-fieldstart|move: Grassy Terrain|[from] ability: Grassy Surge|[of] p2b: Rillaboom
|turn|6
|
|t:|1750863954
|move|p1b: Indeedee|Helping Hand|p1a: Mudsdale
|-singleturn|p1a: Mudsdale|Helping Hand|[of] p1b: Indeedee
|move|p2a: Zacian|Protect|p2a: Zacian
|-singleturn|p2a: Zacian|Protect
|move|p2b: Rillaboom|Grassy Glide|p1a: Mudsdale
|-supereffective|p1a: Mudsdale
|-damage|p1a: Mudsdale|45/100
|move|p1a: Mudsdale|High Horsepower|p2b: Rillaboom
|-resisted|p2b: Rillaboom
|-damage|p2b: Rillaboom|0 fnt
|faint|p2b: Rillaboom
|
|-heal|p1a: Mudsdale|51/100|[from] Grassy Terrain
|-heal|p2a: Zacian|38/100|[from] Grassy Terrain
|upkeep
|
|t:|1750863970
|switch|p2b: Kyogre|Kyogre, L50|100/100
|-weather|RainDance|[from] ability: Drizzle|[of] p2b: Kyogre
|turn|7
|
|t:|1750863979
|move|p1b: Indeedee|Helping Hand|p1a: Mudsdale
|-singleturn|p1a: Mudsdale|Helping Hand|[of] p1b: Indeedee
|move|p1a: Mudsdale|High Horsepower|p2b: Kyogre
|-damage|p2b: Kyogre|0 fnt
|faint|p2b: Kyogre
|move|p2a: Zacian|Behemoth Blade|p1b: Indeedee
|-damage|p1b: Indeedee|2/100
|
|-weather|RainDance|[upkeep]
|-heal|p1a: Mudsdale|57/100|[from] Grassy Terrain
|-heal|p1b: Indeedee|8/100|[from] Grassy Terrain
|-heal|p2a: Zacian|44/100|[from] Grassy Terrain
|-fieldend|move: Trick Room
|upkeep
|turn|8
|
|t:|1750863996
|move|p1b: Indeedee|Follow Me|p1b: Indeedee
|-singleturn|p1b: Indeedee|move: Follow Me
|move|p2a: Zacian|Behemoth Blade|p1b: Indeedee
|-damage|p1b: Indeedee|0 fnt
|faint|p1b: Indeedee
|move|p1a: Mudsdale|High Horsepower|p2a: Zacian
|-damage|p2a: Zacian|0 fnt
|faint|p2a: Zacian
|
|win|Imnewnobully
|raw|Imnewnobully's rating: 1147 &rarr; <strong>1174</strong><br />(+27 for winning)
|raw|Brierre's rating: 1180 &rarr; <strong>1153</strong><br />(-27 for losing)
|l|‽Brierre
|player|p2|
