|j|☆caprican
|j|☆Skyline67
|t:|1750749754
|gametype|doubles
|player|p1|caprican|skyla|1324
|player|p2|Skyline67|acetrainer-gen4dp|1398
|teamsize|p1|6
|teamsize|p2|6
|gen|9
|tier|[Gen 9] VGC 2025 Reg I
|rated|
|rule|Species Clause: Limit one of each Pokémon
|rule|Item Clause: Limit 1 of each item
|clearpoke
|poke|p1|Miraidon, L50|
|poke|p1|Calyrex-Ice, L50|
|poke|p1|Incineroar, L50, F|
|poke|p1|Iron Hands, L50|
|poke|p1|Farigiraf, L50, F|
|poke|p1|Iron Treads, L50|
|poke|p2|Calyrex-Shadow, L50|
|poke|p2|Chi-Yu, L50|
|poke|p2|Zamazenta-*, L50|
|poke|p2|Chien-Pao, L50|
|poke|p2|Iron Hands, L50|
|poke|p2|Whimsicott, L50, F|
|teampreview|4
|inactive|Battle timer is ON: inactive players will automatically lose when time's up. (requested by caprican)
|
|t:|1750749796
|start
|switch|p1a: THE DON|Miraidon, L50|100/100
|switch|p1b: NOM NOM GRASS|Farigiraf, L50, F, shiny|100/100
|switch|p2a: Calyrex|Calyrex-Shadow, L50|100/100
|switch|p2b: Chi-Yu|Chi-Yu, L50|100/100
|-ability|p2a: Calyrex|As One
|-ability|p2a: Calyrex|Unnerve
|-ability|p2b: Chi-Yu|Beads of Ruin
|-fieldstart|move: Electric Terrain|[from] ability: Hadron Engine|[of] p1a: THE DON
|-enditem|p1b: NOM NOM GRASS|Electric Seed
|-boost|p1b: NOM NOM GRASS|def|1|[from] item: Electric Seed
|turn|1
|inactive|caprican has 30 seconds left.
|inactive|Skyline67 has 30 seconds left.
|
|t:|1750749827
|switch|p1a: MEOW|Incineroar, L50, F, shiny|100/100
|-ability|p1a: MEOW|Intimidate|boost
|-unboost|p2a: Calyrex|atk|1
|-unboost|p2b: Chi-Yu|atk|1
|-terastallize|p2a: Calyrex|Dark
|move|p2b: Chi-Yu|Ruination|p1a: MEOW
|-damage|p1a: MEOW|50/100
|move|p2a: Calyrex|Astral Barrage|p1a: MEOW|[spread] p1a
|-immune|p1b: NOM NOM GRASS
|-resisted|p1a: MEOW
|-damage|p1a: MEOW|6/100
|move|p1b: NOM NOM GRASS|Trick Room|p1b: NOM NOM GRASS
|-fieldstart|move: Trick Room|[of] p1b: NOM NOM GRASS
|
|upkeep
|turn|2
|inactive|caprican has 30 seconds left.
|inactive|Skyline67 has 30 seconds left.
|inactive|caprican has 20 seconds left.
|inactive|caprican has 15 seconds left.
|inactive|caprican has 10 seconds left.
|
|t:|1750749873
|switch|p1b: THE DON|Miraidon, L50|100/100
|-activate|p1b: THE DON|ability: Hadron Engine
|switch|p2b: Iron Hands|Iron Hands, L50|100/100
|-activate|p2b: Iron Hands|ability: Quark Drive
|-start|p2b: Iron Hands|quarkdriveatk
|move|p1a: MEOW|Fake Out|p2a: Calyrex
|-damage|p2a: Calyrex|88/100
|cant|p2a: Calyrex|flinch
|
|upkeep
|turn|3
|inactive|caprican has 30 seconds left.
|inactive|Skyline67 has 30 seconds left.
|
|t:|1750749911
|switch|p1a: NOM NOM GRASS|Farigiraf, L50, F, shiny|100/100
|-terastallize|p1b: THE DON|Fairy
|move|p2b: Iron Hands|Low Kick|p1b: THE DON
|-resisted|p1b: THE DON
|-damage|p1b: THE DON|60/100
|move|p1b: THE DON|Dazzling Gleam|p2b: Iron Hands|[spread] p2a,p2b
|-supereffective|p2a: Calyrex
|-supereffective|p2b: Iron Hands
|-damage|p2a: Calyrex|0 fnt
|-damage|p2b: Iron Hands|31/100
|faint|p2a: Calyrex
|
|upkeep
|
|t:|1750749933
|switch|p2a: Zamazenta|Zamazenta-Crowned, L50|100/100
|-ability|p2a: Zamazenta|Dauntless Shield|boost
|-boost|p2a: Zamazenta|def|1
|turn|4
|
|t:|1750749956
|switch|p1b: MEOW|Incineroar, L50, F, shiny|6/100
|-ability|p1b: MEOW|Intimidate|boost
|-unboost|p2a: Zamazenta|atk|1
|-unboost|p2b: Iron Hands|atk|1
|move|p2b: Iron Hands|Heavy Slam|p1b: MEOW
|-resisted|p1b: MEOW
|-damage|p1b: MEOW|0 fnt
|-damage|p2b: Iron Hands|15/100|[from] item: Rocky Helmet|[of] p1b: MEOW
|faint|p1b: MEOW
|move|p1a: NOM NOM GRASS|Psychic|p2a: Zamazenta
|-damage|p2a: Zamazenta|75/100
|move|p2a: Zamazenta|Body Press|p1a: NOM NOM GRASS
|-damage|p1a: NOM NOM GRASS|42/100
|
|upkeep
|
|t:|1750749976
|switch|p1b: THE DON|Miraidon, L50, tera:Fairy|60/100
|-activate|p1b: THE DON|ability: Hadron Engine
|turn|5
|
|t:|1750749990
|move|p2b: Iron Hands|Heavy Slam|p1b: THE DON
|-supereffective|p1b: THE DON
|-damage|p1b: THE DON|37/100
|move|p1a: NOM NOM GRASS|Psychic|p2a: Zamazenta
|-damage|p2a: Zamazenta|49/100
|move|p1b: THE DON|Volt Switch|p2b: Iron Hands
|-resisted|p2b: Iron Hands
|-damage|p2b: Iron Hands|0 fnt
|faint|p2b: Iron Hands
|-end|p2b: Iron Hands|Quark Drive|[silent]
|
|t:|1750750000
|switch|p1b: ROLL TIDE|Iron Treads, L50|100/100|[from] Volt Switch
|-activate|p1b: ROLL TIDE|ability: Quark Drive
|-start|p1b: ROLL TIDE|quarkdrivespe
|move|p2a: Zamazenta|Body Press|p1a: NOM NOM GRASS
|-damage|p1a: NOM NOM GRASS|0 fnt
|faint|p1a: NOM NOM GRASS
|
|-fieldend|move: Trick Room
|-fieldend|move: Electric Terrain
|-end|p1b: ROLL TIDE|Quark Drive
|upkeep
|
|t:|1750750012
|switch|p1a: THE DON|Miraidon, L50, tera:Fairy|37/100
|switch|p2b: Chi-Yu|Chi-Yu, L50|100/100
|-ability|p2b: Chi-Yu|Beads of Ruin
|-fieldstart|move: Electric Terrain|[from] ability: Hadron Engine|[of] p1a: THE DON
|-activate|p1b: ROLL TIDE|ability: Quark Drive
|-start|p1b: ROLL TIDE|quarkdrivespe
|turn|6
|
|t:|1750750029
|move|p1b: ROLL TIDE|High Horsepower|p2b: Chi-Yu
|-supereffective|p2b: Chi-Yu
|-damage|p2b: Chi-Yu|0 fnt
|faint|p2b: Chi-Yu
|-damage|p1b: ROLL TIDE|91/100|[from] item: Life Orb
|move|p2a: Zamazenta|Body Press|p1b: ROLL TIDE
|-supereffective|p1b: ROLL TIDE
|-damage|p1b: ROLL TIDE|0 fnt
|faint|p1b: ROLL TIDE
|-end|p1b: ROLL TIDE|Quark Drive|[silent]
|move|p1a: THE DON|Electro Drift|p2a: Zamazenta
|-damage|p2a: Zamazenta|0 fnt
|faint|p2a: Zamazenta
|
|win|caprican
|raw|caprican's rating: 1324 &rarr; <strong>1348</strong><br />(+24 for winning)
|raw|Skyline67's rating: 1398 &rarr; <strong>1374</strong><br />(-24 for losing)
|l|☆caprican
|player|p1|
|l|☆Skyline67
|player|p2|
