|j|☆RelearningVGCBR
|j|☆caprican
|t:|1750820115
|gametype|doubles
|player|p1|RelearningVGCBR|169|1408
|player|p2|caprican|skyla|1447
|teamsize|p1|6
|teamsize|p2|6
|gen|9
|tier|[Gen 9] VGC 2025 Reg I
|rated|
|rule|Species Clause: Limit one of each Pokémon
|rule|Item Clause: Limit 1 of each item
|clearpoke
|poke|p1|Amoonguss, L50, M|
|poke|p1|Incineroar, L50, M|
|poke|p1|Rillaboom, L50, F|
|poke|p1|Calyrex-Shadow, L50|
|poke|p1|Tornadus, L50, M|
|poke|p1|Kyogre, L50|
|poke|p2|Miraidon, L50|
|poke|p2|Calyrex-Ice, L50|
|poke|p2|Incineroar, L50, F|
|poke|p2|Iron Hands, L50|
|poke|p2|Farigiraf, L50, F|
|poke|p2|Iron Treads, L50|
|teampreview|4
|inactive|Battle timer is ON: inactive players will automatically lose when time's up. (requested by caprican)
|
|t:|1750820149
|start
|switch|p1a: Tornadus|Tornadus, L50, M|100/100
|switch|p1b: Kyogre|Kyogre, L50|100/100
|switch|p2a: CLAPPER|Iron Hands, L50|100/100
|switch|p2b: THE DON|Miraidon, L50|100/100
|-fieldstart|move: Electric Terrain|[from] ability: Hadron Engine|[of] p2b: THE DON
|-activate|p2a: CLAPPER|ability: Quark Drive
|-start|p2a: CLAPPER|quarkdriveatk
|-weather|RainDance|[from] ability: Drizzle|[of] p1b: Kyogre
|turn|1
|
|t:|1750820165
|move|p1a: Tornadus|Protect|p1a: Tornadus
|-singleturn|p1a: Tornadus|Protect
|move|p1b: Kyogre|Protect|p1b: Kyogre
|-singleturn|p1b: Kyogre|Protect
|move|p2a: CLAPPER|Fake Out|p1b: Kyogre
|-activate|p1b: Kyogre|move: Protect
|move|p2b: THE DON|Volt Switch|p1a: Tornadus
|-activate|p1a: Tornadus|move: Protect
|
|-weather|RainDance|[upkeep]
|upkeep
|turn|2
|inactive|RelearningVGCBR has 30 seconds left.
|inactive|caprican has 30 seconds left.
|inactive|RelearningVGCBR has 20 seconds left.
|inactive|RelearningVGCBR has 15 seconds left.
|inactive|caprican has 20 seconds left.
|
|t:|1750820209
|-terastallize|p2a: CLAPPER|Water
|move|p1a: Tornadus|Tailwind|p1a: Tornadus
|-sidestart|p1: RelearningVGCBR|move: Tailwind
|move|p1b: Kyogre|Water Spout|p2b: THE DON|[spread] p2a,p2b
|-resisted|p2a: CLAPPER
|-resisted|p2b: THE DON
|-damage|p2a: CLAPPER|66/100
|-damage|p2b: THE DON|56/100
|move|p2b: THE DON|Volt Switch|p1a: Tornadus
|-supereffective|p1a: Tornadus
|-crit|p1a: Tornadus
|-enditem|p1a: Tornadus|Focus Sash
|-damage|p1a: Tornadus|1/100
|
|t:|1750820222
|switch|p2b: NOM NOM GRASS|Farigiraf, L50, F, shiny|100/100|[from] Volt Switch
|-enditem|p2b: NOM NOM GRASS|Electric Seed
|-boost|p2b: NOM NOM GRASS|def|1|[from] item: Electric Seed
|move|p2a: CLAPPER|Drain Punch|p1b: Kyogre
|-damage|p1b: Kyogre|48/100
|-heal|p2a: CLAPPER|86/100|[from] drain|[of] p1b: Kyogre
|
|-weather|RainDance|[upkeep]
|upkeep
|turn|3
|
|t:|1750820241
|switch|p1a: Rillaboom|Rillaboom, L50, F|100/100
|-fieldstart|move: Grassy Terrain|[from] ability: Grassy Surge|[of] p1a: Rillaboom
|-end|p2a: CLAPPER|Quark Drive
|switch|p1b: Calyrex|Calyrex-Shadow, L50|100/100
|-ability|p1b: Calyrex|As One
|-ability|p1b: Calyrex|Unnerve
|move|p2a: CLAPPER|Drain Punch|p1b: Calyrex
|-immune|p1b: Calyrex
|move|p2b: NOM NOM GRASS|Trick Room|p2b: NOM NOM GRASS
|-fieldstart|move: Trick Room|[of] p2b: NOM NOM GRASS
|
|-weather|RainDance|[upkeep]
|-heal|p2a: CLAPPER|92/100|[from] Grassy Terrain
|upkeep
|turn|4
|
|t:|1750820266
|-terastallize|p1b: Calyrex|Grass
|move|p2a: CLAPPER|Drain Punch|p1a: Rillaboom
|-damage|p1a: Rillaboom|61/100
|-heal|p2a: CLAPPER|100/100|[from] drain|[of] p1a: Rillaboom
|move|p2b: NOM NOM GRASS|Foul Play|p1b: Calyrex
|-damage|p1b: Calyrex|84/100
|move|p1a: Rillaboom|Wood Hammer|p2b: NOM NOM GRASS
|-damage|p2b: NOM NOM GRASS|55/100
|-damage|p1a: Rillaboom|45/100|[from] Recoil
|move|p1b: Calyrex|Giga Drain|p2a: CLAPPER
|-supereffective|p2a: CLAPPER
|-damage|p2a: CLAPPER|21/100
|-heal|p1b: Calyrex|100/100|[from] drain|[of] p2a: CLAPPER
|-damage|p1b: Calyrex|91/100|[from] item: Life Orb
|
|-weather|RainDance|[upkeep]
|-heal|p2a: CLAPPER|27/100|[from] Grassy Terrain
|-heal|p2b: NOM NOM GRASS|61/100|[from] Grassy Terrain
|-heal|p1a: Rillaboom|51/100|[from] Grassy Terrain
|-heal|p1b: Calyrex|97/100|[from] Grassy Terrain
|upkeep
|turn|5
|inactive|RelearningVGCBR has 30 seconds left.
|inactive|caprican has 30 seconds left.
|inactive|RelearningVGCBR has 20 seconds left.
|
|t:|1750820305
|-end|p2a: CLAPPER|Quark Drive|[silent]
|switch|p2a: THE DON|Miraidon, L50|56/100
|-fieldstart|move: Electric Terrain|[from] ability: Hadron Engine|[of] p2a: THE DON
|move|p2b: NOM NOM GRASS|Psychic|p1b: Calyrex
|-damage|p1b: Calyrex|63/100
|move|p1a: Rillaboom|Wood Hammer|p2a: THE DON
|-resisted|p2a: THE DON
|-damage|p2a: THE DON|27/100
|-damage|p1a: Rillaboom|42/100|[from] Recoil
|move|p1b: Calyrex|Giga Drain|p2a: THE DON
|-resisted|p2a: THE DON
|-crit|p2a: THE DON
|-damage|p2a: THE DON|0 fnt
|-heal|p1b: Calyrex|77/100|[from] drain|[of] p2a: THE DON
|faint|p2a: THE DON
|-ability|p1b: Calyrex|Grim Neigh|boost
|-boost|p1b: Calyrex|spa|1
|-damage|p1b: Calyrex|68/100|[from] item: Life Orb
|
|-weather|none
|-sideend|p1: RelearningVGCBR|move: Tailwind
|upkeep
|
|t:|1750820325
|switch|p2a: TERA ICE|Calyrex-Ice, L50|100/100
|-ability|p2a: TERA ICE|As One
|-ability|p2a: TERA ICE|Unnerve
|turn|6
|inactive|RelearningVGCBR has 30 seconds left.
|
|t:|1750820350
|switch|p1a: Tornadus|Tornadus, L50, M|1/100
|switch|p1b: Kyogre|Kyogre, L50|48/100
|-weather|RainDance|[from] ability: Drizzle|[of] p1b: Kyogre
|move|p2a: TERA ICE|Glacial Lance|p1a: Tornadus|[spread] p1a,p1b
|-supereffective|p1a: Tornadus
|-resisted|p1b: Kyogre
|-damage|p1a: Tornadus|0 fnt
|-damage|p1b: Kyogre|24/100
|faint|p1a: Tornadus
|-ability|p2a: TERA ICE|Chilling Neigh|boost
|-boost|p2a: TERA ICE|atk|1
|move|p2b: NOM NOM GRASS|Psychic|p1b: Kyogre
|-damage|p1b: Kyogre|0 fnt
|faint|p1b: Kyogre
|
|-weather|RainDance|[upkeep]
|upkeep
|
|t:|1750820360
|switch|p1b: Rillaboom|Rillaboom, L50, F|42/100
|switch|p1a: Calyrex|Calyrex-Shadow, L50, tera:Grass|68/100
|-ability|p1a: Calyrex|As One
|-ability|p1a: Calyrex|Unnerve
|-fieldstart|move: Grassy Terrain|[from] ability: Grassy Surge|[of] p1b: Rillaboom
|turn|7
|
|t:|1750820375
|move|p1b: Rillaboom|Wood Hammer|p2a: TERA ICE
|-damage|p2a: TERA ICE|44/100
|-damage|p1b: Rillaboom|23/100|[from] Recoil
|move|p1a: Calyrex|Astral Barrage|p2a: TERA ICE|[spread] p2a
|-immune|p2b: NOM NOM GRASS
|-supereffective|p2a: TERA ICE
|-damage|p2a: TERA ICE|0 fnt
|faint|p2a: TERA ICE
|-ability|p1a: Calyrex|Grim Neigh|boost
|-boost|p1a: Calyrex|spa|1
|-damage|p1a: Calyrex|58/100|[from] item: Life Orb
|move|p2b: NOM NOM GRASS|Trick Room|p2b: NOM NOM GRASS
|-fieldend|move: Trick Room
|
|-weather|RainDance|[upkeep]
|-heal|p1a: Calyrex|64/100|[from] Grassy Terrain
|-heal|p1b: Rillaboom|29/100|[from] Grassy Terrain
|-heal|p2b: NOM NOM GRASS|67/100|[from] Grassy Terrain
|upkeep
|c|☆caprican|why
|
|t:|1750820391
|switch|p2a: CLAPPER|Iron Hands, L50, tera:Water|27/100
|turn|8
|
|t:|1750820415
|move|p2a: CLAPPER|Fake Out|p1a: Calyrex
|-damage|p1a: Calyrex|46/100
|cant|p1a: Calyrex|flinch
|move|p1b: Rillaboom|Taunt|p2b: NOM NOM GRASS
|-start|p2b: NOM NOM GRASS|move: Taunt
|cant|p2b: NOM NOM GRASS|move: Taunt|Trick Room
|
|-weather|RainDance|[upkeep]
|-heal|p1a: Calyrex|52/100|[from] Grassy Terrain
|-heal|p1b: Rillaboom|34/100|[from] Grassy Terrain
|-heal|p2b: NOM NOM GRASS|74/100|[from] Grassy Terrain
|-heal|p2a: CLAPPER|33/100|[from] Grassy Terrain
|upkeep
|turn|9
|c|☆caprican|tf is this set
|c|☆RelearningVGCBR|Double TR right?
|c|☆caprican|specifically just to fuck my team in particular?
|c|☆caprican|no one runs taunt rilla
|inactive|RelearningVGCBR has 30 seconds left.
|inactive|caprican has 30 seconds left.
|inactive|RelearningVGCBR has 20 seconds left.
|inactive|caprican has 20 seconds left.
|inactive|RelearningVGCBR has 15 seconds left.
|inactive|caprican has 15 seconds left.
|c|☆caprican|okay but if i attack you lose
|inactive|caprican has 10 seconds left.
|inactive|caprican has 5 seconds left.
|
|t:|1750820470
|move|p2a: CLAPPER|Fake Out||[still]
|-hint|Fake Out only works on your first turn out.
|-fail|p2a: CLAPPER
|move|p1a: Calyrex|Giga Drain|p2a: CLAPPER
|-supereffective|p2a: CLAPPER
|-damage|p2a: CLAPPER|0 fnt
|-heal|p1a: Calyrex|72/100|[from] drain|[of] p2a: CLAPPER
|faint|p2a: CLAPPER
|-end|p2a: CLAPPER|Quark Drive|[silent]
|-ability|p1a: Calyrex|Grim Neigh|boost
|-boost|p1a: Calyrex|spa|1
|-damage|p1a: Calyrex|63/100|[from] item: Life Orb
|move|p1b: Rillaboom|Wood Hammer|p2b: NOM NOM GRASS
|-damage|p2b: NOM NOM GRASS|24/100
|-damage|p1b: Rillaboom|16/100|[from] Recoil
|move|p2b: NOM NOM GRASS|Psychic|p1b: Rillaboom
|-damage|p1b: Rillaboom|0 fnt
|faint|p1b: Rillaboom
|
|-weather|RainDance|[upkeep]
|-heal|p1a: Calyrex|69/100|[from] Grassy Terrain
|-heal|p2b: NOM NOM GRASS|30/100|[from] Grassy Terrain
|upkeep
|turn|10
|c|☆RelearningVGCBR|But did you?
|c|☆caprican|lmao
|c|☆RelearningVGCBR|Gg
|c|☆caprican|thats called anecdotal evidence
|inactive|caprican has 30 seconds left.
|c|☆caprican|no not really coinflip gaming
|-message|caprican forfeited.
|
|win|RelearningVGCBR
|raw|RelearningVGCBR's rating: 1408 &rarr; <strong>1430</strong><br />(+22 for winning)
|raw|caprican's rating: 1447 &rarr; <strong>1425</strong><br />(-22 for losing)
|l|☆caprican
|player|p2|
