|j|☆SryI'mBusyAtWork
|j|☆caZISA
|t:|1750733543
|gametype|doubles
|player|p1|SryI'mBusyAtWork|kieran|1648
|player|p2|caZISA|red|1643
|teamsize|p1|6
|teamsize|p2|6
|gen|9
|tier|[Gen 9] VGC 2025 Reg I
|rated|
|rule|Species Clause: Limit one of each Pokémon
|rule|Item Clause: Limit 1 of each item
|clearpoke
|poke|p1|Tornadus, L50, M|
|poke|p1|Calyrex-Shadow, L50|
|poke|p1|Incineroar, L50, F|
|poke|p1|Clefairy, L50, F|
|poke|p1|Grimmsnarl, L50, M|
|poke|p1|Zamazenta-*, L50|
|poke|p2|Calyrex-Shadow, L50|
|poke|p2|Zamazenta-*, L50|
|poke|p2|Ogerpon-Hearthflame, L50, F|
|poke|p2|Raging Bolt, L50|
|poke|p2|Rillaboom, L50, M|
|poke|p2|Incineroar, L50, M|
|teampreview|4
|inactive|Battle timer is ON: inactive players will automatically lose when time's up. (requested by SryI'mBusyAtWork)
|inactive|caZISA has 60 seconds left.
|inactive|caZISA has 30 seconds left.
|inactive|caZISA has 20 seconds left.
|inactive|caZISA has 15 seconds left.
|inactive|caZISA has 10 seconds left.
|
|t:|1750733626
|start
|switch|p1a: Grimmsnarl|Grimmsnarl, L50, M|100/100
|switch|p1b: Incineroar|Incineroar, L50, F|100/100
|switch|p2a: Calyrex|Calyrex-Shadow, L50|100/100
|switch|p2b: Zamazenta|Zamazenta-Crowned, L50, shiny|100/100
|-ability|p2a: Calyrex|As One
|-ability|p2a: Calyrex|Unnerve
|-ability|p2b: Zamazenta|Dauntless Shield|boost
|-boost|p2b: Zamazenta|def|1
|-ability|p1b: Incineroar|Intimidate|boost
|-unboost|p2a: Calyrex|atk|1
|-unboost|p2b: Zamazenta|atk|1
|turn|1
|
|t:|1750733644
|switch|p2a: Incineroar|Incineroar, L50, M|100/100
|-ability|p2a: Incineroar|Intimidate|boost
|-unboost|p1a: Grimmsnarl|atk|1
|-unboost|p1b: Incineroar|atk|1
|move|p1b: Incineroar|Fake Out|p2b: Zamazenta
|-resisted|p2b: Zamazenta
|-damage|p2b: Zamazenta|99/100
|move|p1a: Grimmsnarl|Light Screen|p1a: Grimmsnarl
|-sidestart|p1: SryI'mBusyAtWork|move: Light Screen
|cant|p2b: Zamazenta|flinch
|
|upkeep
|turn|2
|inactive|SryI'mBusyAtWork has 30 seconds left.
|
|t:|1750733670
|move|p2a: Incineroar|Fake Out|p1a: Grimmsnarl
|-damage|p1a: Grimmsnarl|89/100
|cant|p1a: Grimmsnarl|flinch
|move|p2b: Zamazenta|Body Press|p1b: Incineroar
|-supereffective|p1b: Incineroar
|-damage|p1b: Incineroar|2/100
|move|p1b: Incineroar|Parting Shot|p2a: Incineroar
|-unboost|p2a: Incineroar|atk|1
|-unboost|p2a: Incineroar|spa|1
|
|t:|1750733681
|switch|p1b: Zamazenta|Zamazenta-Crowned, L50|100/100|[from] Parting Shot
|-ability|p1b: Zamazenta|Dauntless Shield|boost
|-boost|p1b: Zamazenta|def|1
|
|upkeep
|turn|3
|
|t:|1750733693
|switch|p1b: Incineroar|Incineroar, L50, F|2/100
|-ability|p1b: Incineroar|Intimidate|boost
|-unboost|p2a: Incineroar|atk|1
|-unboost|p2b: Zamazenta|atk|1
|-terastallize|p2a: Incineroar|Water
|move|p1a: Grimmsnarl|Reflect|p1a: Grimmsnarl
|-sidestart|p1: SryI'mBusyAtWork|Reflect
|move|p2b: Zamazenta|Body Press|p1b: Incineroar
|-supereffective|p1b: Incineroar
|-damage|p1b: Incineroar|0 fnt
|faint|p1b: Incineroar
|move|p2a: Incineroar|Will-O-Wisp|p1a: Grimmsnarl
|-status|p1a: Grimmsnarl|brn
|
|-damage|p1a: Grimmsnarl|83/100 brn|[from] brn
|upkeep
|
|t:|1750733712
|switch|p1b: Calyrex|Calyrex-Shadow, L50|100/100
|-ability|p1b: Calyrex|As One
|-ability|p1b: Calyrex|Unnerve
|turn|4
|
|t:|1750733718
|-terastallize|p1b: Calyrex|Ghost
|move|p1a: Grimmsnarl|Thunder Wave|p2b: Zamazenta
|-status|p2b: Zamazenta|par
|move|p1b: Calyrex|Shadow Ball|p2a: Incineroar
|-damage|p2a: Incineroar|29/100
|cant|p2b: Zamazenta|par
|move|p2a: Incineroar|Knock Off|p1b: Calyrex
|-supereffective|p1b: Calyrex
|-damage|p1b: Calyrex|70/100
|-enditem|p1b: Calyrex|Choice Specs|[from] move: Knock Off|[of] p2a: Incineroar
|
|-damage|p1a: Grimmsnarl|77/100 brn|[from] brn
|upkeep
|turn|5
|
|t:|1750733734
|switch|p2a: Littlefoot|Raging Bolt, L50|100/100
|move|p1a: Grimmsnarl|Thunder Wave|p2a: Littlefoot
|-immune|p2a: Littlefoot
|move|p1b: Calyrex|Astral Barrage|p2b: Zamazenta|[spread] p2a,p2b
|-damage|p2a: Littlefoot|58/100
|-damage|p2b: Zamazenta|49/100 par
|cant|p2b: Zamazenta|par
|
|-damage|p1a: Grimmsnarl|71/100 brn|[from] brn
|upkeep
|turn|6
|
|t:|1750733756
|switch|p1a: Zamazenta|Zamazenta-Crowned, L50|100/100
|cant|p2b: Zamazenta|par
|move|p1b: Calyrex|Astral Barrage|p2b: Zamazenta|[spread] p2a,p2b
|-damage|p2a: Littlefoot|17/100
|-damage|p2b: Zamazenta|3/100 par
|move|p2a: Littlefoot|Snarl|p1b: Calyrex|[spread] p1a,p1b
|-resisted|p1a: Zamazenta
|-supereffective|p1b: Calyrex
|-damage|p1a: Zamazenta|97/100
|-damage|p1b: Calyrex|48/100
|-unboost|p1a: Zamazenta|spa|1
|-unboost|p1b: Calyrex|spa|1
|
|upkeep
|turn|7
|
|t:|1750733771
|move|p2b: Zamazenta|Wide Guard|p2b: Zamazenta
|-singleturn|p2b: Zamazenta|Wide Guard
|move|p2a: Littlefoot|Thunderclap|p1b: Calyrex
|-damage|p1b: Calyrex|22/100
|move|p1b: Calyrex|Shadow Ball|p2a: Littlefoot
|-damage|p2a: Littlefoot|0 fnt
|faint|p2a: Littlefoot
|-end|p2a: Littlefoot|Protosynthesis|[silent]
|-ability|p1b: Calyrex|Grim Neigh|boost
|-boost|p1b: Calyrex|spa|1
|move|p1a: Zamazenta|Body Press|p2b: Zamazenta
|-supereffective|p2b: Zamazenta
|-damage|p2b: Zamazenta|0 fnt
|faint|p2b: Zamazenta
|
|upkeep
|
|t:|1750733783
|switch|p2b: Incineroar|Incineroar, L50, M, tera:Water|29/100
|switch|p2a: Calyrex|Calyrex-Shadow, L50|100/100
|-ability|p2a: Calyrex|As One
|-ability|p2a: Calyrex|Unnerve
|-ability|p2b: Incineroar|Intimidate|boost
|-unboost|p1a: Zamazenta|atk|1
|-unboost|p1b: Calyrex|atk|1
|turn|8
|
|t:|1750733790
|switch|p1a: Grimmsnarl|Grimmsnarl, L50, M|71/100 brn
|move|p2b: Incineroar|Fake Out|p1a: Grimmsnarl
|-damage|p1a: Grimmsnarl|65/100 brn
|move|p2a: Calyrex|Psychic|p1b: Calyrex
|-damage|p1b: Calyrex|0 fnt
|faint|p1b: Calyrex
|-ability|p2a: Calyrex|Grim Neigh|boost
|-boost|p2a: Calyrex|spa|1
|-damage|p2a: Calyrex|91/100|[from] item: Life Orb
|
|-damage|p1a: Grimmsnarl|59/100 brn|[from] brn
|-sideend|p1: SryI'mBusyAtWork|move: Light Screen
|upkeep
|
|t:|1750733800
|switch|p1b: Zamazenta|Zamazenta-Crowned, L50|97/100
|turn|9
|
|t:|1750733809
|move|p1a: Grimmsnarl|Thunder Wave|p2a: Calyrex
|-status|p2a: Calyrex|par
|move|p1b: Zamazenta|Body Press|p2b: Incineroar
|-damage|p2b: Incineroar|0 fnt
|faint|p2b: Incineroar
|move|p2a: Calyrex|Nasty Plot|p2a: Calyrex
|-boost|p2a: Calyrex|spa|2
|
|-damage|p1a: Grimmsnarl|53/100 brn|[from] brn
|upkeep
|turn|10
|
|t:|1750733825
|move|p1a: Grimmsnarl|Light Screen|p1a: Grimmsnarl
|-sidestart|p1: SryI'mBusyAtWork|move: Light Screen
|move|p1b: Zamazenta|Heavy Slam|p2a: Calyrex
|-damage|p2a: Calyrex|34/100 par
|move|p2a: Calyrex|Astral Barrage|p1a: Grimmsnarl|[spread] p1a,p1b
|-resisted|p1a: Grimmsnarl
|-damage|p1a: Grimmsnarl|3/100 brn
|-damage|p1b: Zamazenta|12/100
|-damage|p2a: Calyrex|24/100 par|[from] item: Life Orb
|
|-damage|p1a: Grimmsnarl|0 fnt|[from] brn
|faint|p1a: Grimmsnarl
|-sideend|p1: SryI'mBusyAtWork|Reflect
|upkeep
|turn|11
|
|t:|1750733833
|move|p1b: Zamazenta|Heavy Slam|p2a: Calyrex
|-damage|p2a: Calyrex|0 fnt
|faint|p2a: Calyrex
|
|win|SryI'mBusyAtWork
|raw|SryI&apos;mBusyAtWork's rating: 1648 &rarr; <strong>1668</strong><br />(+20 for winning)
|raw|caZISA's rating: 1643 &rarr; <strong>1623</strong><br />(-20 for losing)
|l|☆caZISA
|player|p2|
|c|☆SryI'mBusyAtWork|gg
