|j|☆duoduoa
|j|☆erik311
|t:|1750809246
|gametype|doubles
|player|p1|duoduoa|170|1512
|player|p2|erik311|elesa-masters|1448
|teamsize|p1|6
|teamsize|p2|6
|gen|9
|tier|[Gen 9] VGC 2025 Reg I
|rated|
|rule|Species Clause: Limit one of each Pokémon
|rule|Item Clause: Limit 1 of each item
|clearpoke
|poke|p1|Calyrex-Shadow, L50|
|poke|p1|Zamazenta-*, L50|
|poke|p1|Rillaboom, L50, F|
|poke|p1|Ogerpon-Hearthflame, L50, F|
|poke|p1|Tornadus, L50, M|
|poke|p1|Raging Bolt, L50|
|poke|p2|Calyrex-Ice, L50|
|poke|p2|Miraidon, L50|
|poke|p2|Volcarona, L50, F|
|poke|p2|Ogerpon-Cornerstone, L50, F|
|poke|p2|Whimsicott, L50, M|
|poke|p2|Incineroar, L50, F|
|teampreview|4
|inactive|Battle timer is ON: inactive players will automatically lose when time's up. (requested by erik311)
|inactive|duoduoa also wants the timer to be on.
|
|t:|1750809274
|start
|switch|p1a: Raging Bolt|Raging Bolt, L50|100/100
|switch|p1b: Zamazenta|Zamazenta-Crowned, L50|100/100
|switch|p2a: Whimsicott|Whimsicott, L50, M|100/100
|switch|p2b: Volcarona|Volcarona, L50, F|100/100
|-ability|p1b: Zamazenta|Dauntless Shield|boost
|-boost|p1b: Zamazenta|def|1
|-enditem|p1a: Raging Bolt|Booster Energy
|-activate|p1a: Raging Bolt|ability: Protosynthesis|[fromitem]
|-start|p1a: Raging Bolt|protosynthesisspa
|turn|1
|inactive|duoduoa has 30 seconds left.
|inactive|duoduoa has 20 seconds left.
|
|t:|1750809310
|-terastallize|p1a: Raging Bolt|Electric
|move|p2a: Whimsicott|Light Screen|p2a: Whimsicott
|-sidestart|p2: erik311|move: Light Screen
|move|p2b: Volcarona|Quiver Dance|p2b: Volcarona
|-boost|p2b: Volcarona|spa|1
|-boost|p2b: Volcarona|spd|1
|-boost|p2b: Volcarona|spe|1
|move|p1b: Zamazenta|Heavy Slam|p2a: Whimsicott
|-supereffective|p2a: Whimsicott
|-damage|p2a: Whimsicott|0 fnt
|faint|p2a: Whimsicott
|move|p1a: Raging Bolt|Thunderbolt|p2b: Volcarona
|-damage|p2b: Volcarona|63/100
|
|upkeep
|
|t:|1750809324
|switch|p2a: Miraidon|Miraidon, L50|100/100
|-fieldstart|move: Electric Terrain|[from] ability: Hadron Engine|[of] p2a: Miraidon
|-enditem|p2b: Volcarona|Electric Seed
|-boost|p2b: Volcarona|def|1|[from] item: Electric Seed
|turn|2
|inactive|duoduoa has 30 seconds left.
|
|t:|1750809359
|move|p1b: Zamazenta|Protect|p1b: Zamazenta
|-singleturn|p1b: Zamazenta|Protect
|move|p2b: Volcarona|Quiver Dance|p2b: Volcarona
|-boost|p2b: Volcarona|spa|1
|-boost|p2b: Volcarona|spd|1
|-boost|p2b: Volcarona|spe|1
|move|p2a: Miraidon|Draco Meteor|p1a: Raging Bolt
|-damage|p1a: Raging Bolt|0 fnt
|-unboost|p2a: Miraidon|spa|2
|faint|p1a: Raging Bolt
|-end|p1a: Raging Bolt|Protosynthesis|[silent]
|
|upkeep
|
|t:|1750809377
|switch|p1a: Calyrex|Calyrex-Shadow, L50|100/100
|-ability|p1a: Calyrex|As One
|-ability|p1a: Calyrex|Unnerve
|turn|3
|inactive|duoduoa has 30 seconds left.
|
|t:|1750809405
|move|p2b: Volcarona|Struggle Bug|p1b: Zamazenta|[spread] p1a,p1b
|-resisted|p1b: Zamazenta
|-damage|p1a: Calyrex|66/100
|-damage|p1b: Zamazenta|95/100
|-unboost|p1a: Calyrex|spa|1
|-unboost|p1b: Zamazenta|spa|1
|move|p1a: Calyrex|Astral Barrage|p2a: Miraidon|[spread] p2a,p2b
|-damage|p2a: Miraidon|79/100
|-damage|p2b: Volcarona|52/100
|move|p2a: Miraidon|Draco Meteor|p1a: Calyrex
|-damage|p1a: Calyrex|0 fnt
|-unboost|p2a: Miraidon|spa|2
|faint|p1a: Calyrex
|move|p1b: Zamazenta|Body Press|p2b: Volcarona
|-resisted|p2b: Volcarona
|-damage|p2b: Volcarona|24/100
|
|upkeep
|inactive|duoduoa has 30 seconds left.
|inactive|duoduoa has 20 seconds left.
|inactive|duoduoa has 15 seconds left.
|inactive|duoduoa has 10 seconds left.
|inactive|duoduoa has 5 seconds left.
|
|t:|1750809460
|switch|p1a: Rillaboom|Rillaboom, L50, F|100/100
|-fieldstart|move: Grassy Terrain|[from] ability: Grassy Surge|[of] p1a: Rillaboom
|turn|4
|
|t:|1750809482
|switch|p2a: Calyrex|Calyrex-Ice, L50|100/100
|-ability|p2a: Calyrex|As One
|-ability|p2a: Calyrex|Unnerve
|move|p2b: Volcarona|Protect|p2b: Volcarona
|-singleturn|p2b: Volcarona|Protect
|move|p1a: Rillaboom|Fake Out|p2a: Calyrex
|-damage|p2a: Calyrex|92/100
|move|p1b: Zamazenta|Body Press|p2b: Volcarona
|-activate|p2b: Volcarona|move: Protect
|
|-heal|p2b: Volcarona|30/100|[from] Grassy Terrain
|-heal|p1b: Zamazenta|100/100|[from] Grassy Terrain
|-heal|p2a: Calyrex|98/100|[from] Grassy Terrain
|upkeep
|turn|5
|inactive|duoduoa has 30 seconds left.
|inactive|duoduoa has 20 seconds left.
|inactive|duoduoa has 15 seconds left.
|inactive|duoduoa has 10 seconds left.
|inactive|duoduoa has 5 seconds left.
|
|t:|1750809536
|move|p2b: Volcarona|Fiery Dance|p1b: Zamazenta
|-supereffective|p1b: Zamazenta
|-damage|p1b: Zamazenta|6/100
|-boost|p2b: Volcarona|spa|1
|move|p1b: Zamazenta|Body Press|p2b: Volcarona
|-resisted|p2b: Volcarona
|-damage|p2b: Volcarona|3/100
|-status|p1b: Zamazenta|brn|[from] ability: Flame Body|[of] p2b: Volcarona
|move|p1a: Rillaboom|Wood Hammer|p2b: Volcarona
|-resisted|p2b: Volcarona
|-damage|p2b: Volcarona|0 fnt
|faint|p2b: Volcarona
|-damage|p1a: Rillaboom|99/100|[from] Recoil
|move|p2a: Calyrex|Glacial Lance|p1a: Rillaboom|[spread] p1a,p1b
|-supereffective|p1a: Rillaboom
|-resisted|p1b: Zamazenta
|-damage|p1a: Rillaboom|0 fnt
|-damage|p1b: Zamazenta|0 fnt
|faint|p1a: Rillaboom
|faint|p1b: Zamazenta
|
|win|erik311
|raw|duoduoa's rating: 1512 &rarr; <strong>1488</strong><br />(-24 for losing)
|raw|erik311's rating: 1448 &rarr; <strong>1472</strong><br />(+24 for winning)
|l|☆duoduoa
|player|p1|
