|j|☆Dlotr
|j|☆JSNJS
|t:|1750728958
|gametype|doubles
|player|p1|Dlotr|nate|1143
|player|p2|JSNJS|102|1110
|teamsize|p1|6
|teamsize|p2|6
|gen|9
|tier|[Gen 9] VGC 2025 Reg I
|rated|
|rule|Species Clause: Limit one of each Pokémon
|rule|Item Clause: Limit 1 of each item
|clearpoke
|poke|p1|Calyrex-Shadow, L50|
|poke|p1|Indeedee-F, L50, F|
|poke|p1|Zamazenta-*, L50|
|poke|p1|Brute Bonnet, L50|
|poke|p1|Incineroar, L50, F|
|poke|p1|Archaludon, L50, F|
|poke|p2|Zebstrika, L50, M|
|poke|p2|Mudsdale, L50, M|
|poke|p2|Spectrier, L50|
|poke|p2|Glastrier, L50|
|poke|p2|Calyrex-Shadow, L50|
|poke|p2|Farigiraf, L50, F|
|teampreview|4
|c|☆Dlotr|Pov. You're a horse girl
|c|☆JSNJS|Yes
|
|t:|1750729024
|start
|switch|p1a: Brute Bonnet|Brute Bonnet, L50|100/100
|switch|p1b: Angry dogo|Zamazenta-Crowned, L50|100/100
|switch|p2a: Calyrex|Calyrex-Shadow, L50|100/100
|switch|p2b: Spectrier|Spectrier, L50|100/100
|-ability|p2a: Calyrex|As One
|-ability|p2a: Calyrex|Unnerve
|-ability|p1b: Angry dogo|Dauntless Shield|boost
|-boost|p1b: Angry dogo|def|1
|turn|1
|c|☆JSNJS|I wanted more horses, but Rapidash isn't there
|
|t:|1750729083
|switch|p2a: Mudsdale|Mudsdale, L50, M|100/100
|move|p1b: Angry dogo|Wide Guard|p1b: Angry dogo
|-singleturn|p1b: Angry dogo|Wide Guard
|move|p1a: Brute Bonnet|Sucker Punch||[still]
|-fail|p1a: Brute Bonnet
|move|p2b: Spectrier|Draining Kiss|p1a: Brute Bonnet
|-supereffective|p1a: Brute Bonnet
|-damage|p1a: Brute Bonnet|71/100
|-damage|p2b: Spectrier|84/100|[from] item: Rocky Helmet|[of] p1a: Brute Bonnet
|
|upkeep
|turn|2
|
|t:|1750729120
|switch|p2b: Calyrex|Calyrex-Shadow, L50|100/100
|-ability|p2b: Calyrex|As One
|-ability|p2b: Calyrex|Unnerve
|-terastallize|p1a: Brute Bonnet|Water
|move|p1b: Angry dogo|Protect||[still]
|-fail|p1b: Angry dogo
|move|p1a: Brute Bonnet|Spore|p2b: Calyrex
|-status|p2b: Calyrex|slp|[from] move: Spore
|move|p2a: Mudsdale|Close Combat|p1a: Brute Bonnet
|-damage|p1a: Brute Bonnet|45/100
|-unboost|p2a: Mudsdale|def|1
|-unboost|p2a: Mudsdale|spd|1
|-damage|p2a: Mudsdale|84/100|[from] item: Rocky Helmet|[of] p1a: Brute Bonnet
|
|upkeep
|turn|3
|
|t:|1750729144
|switch|p2a: Spectrier|Spectrier, L50|84/100
|cant|p2b: Calyrex|slp
|move|p1b: Angry dogo|Body Press|p2a: Spectrier
|-immune|p2a: Spectrier
|move|p1a: Brute Bonnet|Seed Bomb|p2b: Calyrex
|-damage|p2b: Calyrex|58/100 slp
|
|upkeep
|turn|4
|
|t:|1750729164
|move|p1b: Angry dogo|Protect|p1b: Angry dogo
|-singleturn|p1b: Angry dogo|Protect
|move|p1a: Brute Bonnet|Sucker Punch|p2a: Spectrier
|-supereffective|p2a: Spectrier
|-damage|p2a: Spectrier|0 fnt
|faint|p2a: Spectrier
|cant|p2b: Calyrex|slp
|
|upkeep
|
|t:|1750729169
|switch|p2a: Mudsdale|Mudsdale, L50, M|84/100
|turn|5
|
|t:|1750729175
|switch|p2a: Farigiraf|Farigiraf, L50, F|100/100
|-curestatus|p2b: Calyrex|slp|[msg]
|move|p2b: Calyrex|Astral Barrage|p1b: Angry dogo|[spread] p1a,p1b
|-damage|p1a: Brute Bonnet|4/100
|-damage|p1b: Angry dogo|57/100
|move|p1b: Angry dogo|Body Press|p2a: Farigiraf
|-damage|p2a: Farigiraf|49/100
|move|p1a: Brute Bonnet|Seed Bomb|p2a: Farigiraf
|-damage|p2a: Farigiraf|20/100
|-enditem|p2a: Farigiraf|Aguav Berry|[eat]
|-heal|p2a: Farigiraf|53/100|[from] item: Aguav Berry
|
|upkeep
|turn|6
|
|t:|1750729189
|move|p1b: Angry dogo|Wide Guard|p1b: Angry dogo
|-singleturn|p1b: Angry dogo|Wide Guard
|move|p2b: Calyrex|Astral Barrage|p1a: Brute Bonnet|[spread] 
|-activate|p1a: Brute Bonnet|move: Wide Guard
|-activate|p1b: Angry dogo|move: Wide Guard
|move|p2a: Farigiraf|Hyper Voice|p1a: Brute Bonnet|[spread] 
|-activate|p1a: Brute Bonnet|move: Wide Guard
|-activate|p1b: Angry dogo|move: Wide Guard
|move|p1a: Brute Bonnet|Spore|p2b: Calyrex
|-status|p2b: Calyrex|slp|[from] move: Spore
|
|upkeep
|turn|7
|
|t:|1750729208
|cant|p2b: Calyrex|slp
|move|p1b: Angry dogo|Behemoth Bash|p2a: Farigiraf
|-damage|p2a: Farigiraf|20/100
|move|p2a: Farigiraf|Hyper Voice|p1a: Brute Bonnet|[spread] p1a,p1b
|-resisted|p1b: Angry dogo
|-damage|p1a: Brute Bonnet|0 fnt
|-damage|p1b: Angry dogo|48/100
|faint|p1a: Brute Bonnet
|-end|p1a: Brute Bonnet|Protosynthesis|[silent]
|
|upkeep
|
|t:|1750729218
|switch|p1a: Wolfey's child|Incineroar, L50, F|100/100
|-ability|p1a: Wolfey's child|Intimidate|boost
|-unboost|p2a: Farigiraf|atk|1
|-unboost|p2b: Calyrex|atk|1
|turn|8
|
|t:|1750729236
|cant|p2b: Calyrex|slp
|move|p1b: Angry dogo|Behemoth Bash|p2a: Farigiraf
|-damage|p2a: Farigiraf|0 fnt
|faint|p2a: Farigiraf
|move|p1a: Wolfey's child|Knock Off|p2b: Calyrex
|-supereffective|p2b: Calyrex
|-damage|p2b: Calyrex|0 fnt
|-enditem|p2b: Calyrex|Focus Sash|[from] move: Knock Off|[of] p1a: Wolfey's child
|faint|p2b: Calyrex
|
|upkeep
|
|t:|1750729240
|switch|p2b: Mudsdale|Mudsdale, L50, M|84/100
|turn|9
|
|t:|1750729251
|move|p1b: Angry dogo|Body Press|p2b: Mudsdale
|-damage|p2b: Mudsdale|23/100
|move|p1a: Wolfey's child|Knock Off|p2b: Mudsdale
|-damage|p2b: Mudsdale|0 fnt
|-enditem|p2b: Mudsdale|Assault Vest|[from] move: Knock Off|[of] p1a: Wolfey's child
|faint|p2b: Mudsdale
|
|win|Dlotr
|raw|Dlotr's rating: 1143 &rarr; <strong>1166</strong><br />(+23 for winning)
|raw|JSNJS's rating: 1110 &rarr; <strong>1087</strong><br />(-23 for losing)
|l|☆JSNJS
|player|p2|
|c|☆Dlotr|GG
