|j|☆StellarDevil
|j|☆Stonexe
|t:|1750831493
|gametype|doubles
|player|p1|StellarDevil|dawn-gen4pt|1301
|player|p2|Stonexe|266|1255
|teamsize|p1|6
|teamsize|p2|6
|gen|9
|tier|[Gen 9] VGC 2025 Reg I
|rated|
|rule|Species Clause: Limit one of each Pokémon
|rule|Item Clause: Limit 1 of each item
|clearpoke
|poke|p1|Calyrex-Ice, L50|
|poke|p1|Miraidon, L50|
|poke|p1|Whimsicott, L50, F|
|poke|p1|Farigiraf, L50, F|
|poke|p1|Urshifu-*, L50, M|
|poke|p1|Ogerpon-Hearthflame, L50, F|
|poke|p2|Grafaiai, L50, M|
|poke|p2|Miraidon, L50|
|poke|p2|Calyrex-Ice, L50|
|poke|p2|Ogerpon-Wellspring, L50, F|
|poke|p2|Entei, L50|
|poke|p2|Iron Jugulis, L50|
|teampreview|4
|inactive|Battle timer is ON: inactive players will automatically lose when time's up. (requested by Stonexe)
|
|t:|1750831508
|start
|switch|p1a: Calyrex|Calyrex-Ice, L50|100/100
|switch|p1b: Whimsicott|Whimsicott, L50, F|100/100
|switch|p2a: Miraidon|Miraidon, L50|100/100
|switch|p2b: AnalTouch|Grafaiai, L50, M|100/100
|-ability|p1a: Calyrex|As One
|-ability|p1a: Calyrex|Unnerve
|-fieldstart|move: Electric Terrain|[from] ability: Hadron Engine|[of] p2a: Miraidon
|-enditem|p2b: AnalTouch|Electric Seed
|-boost|p2b: AnalTouch|def|1|[from] item: Electric Seed
|turn|1
|
|t:|1750831531
|-terastallize|p2a: Miraidon|Fairy
|move|p1b: Whimsicott|Tailwind|p1b: Whimsicott
|-sidestart|p1: StellarDevil|move: Tailwind
|move|p2b: AnalTouch|Gunk Shot|p1b: Whimsicott
|-supereffective|p1b: Whimsicott
|-damage|p1b: Whimsicott|0 fnt
|faint|p1b: Whimsicott
|move|p1a: Calyrex|Glacial Lance|p2a: Miraidon|[spread] p2a,p2b
|-damage|p2a: Miraidon|40/100
|-damage|p2b: AnalTouch|29/100
|move|p2a: Miraidon|Dazzling Gleam|p1a: Calyrex
|-damage|p1a: Calyrex|46/100
|
|upkeep
|
|t:|1750831547
|switch|p1b: Ogerpon|Ogerpon-Hearthflame, L50, F|100/100
|-ability|p1b: Ogerpon|Mold Breaker
|turn|2
|
|t:|1750831567
|switch|p2b: Calyrex|Calyrex-Ice, L50|100/100
|-ability|p2b: Calyrex|As One
|-ability|p2b: Calyrex|Unnerve
|move|p1b: Ogerpon|Helping Hand|p1a: Calyrex
|-singleturn|p1a: Calyrex|Helping Hand|[of] p1b: Ogerpon
|move|p2a: Miraidon|Protect|p2a: Miraidon
|-singleturn|p2a: Miraidon|Protect
|move|p1a: Calyrex|Glacial Lance|p2a: Miraidon|[spread] p2b
|-activate|p2a: Miraidon|move: Protect
|-resisted|p2b: Calyrex
|-damage|p2b: Calyrex|75/100
|
|-heal|p2b: Calyrex|80/100|[from] item: Leftovers
|upkeep
|turn|3
|inactive|StellarDevil has 30 seconds left.
|
|t:|1750831594
|switch|p2a: AnalTouch|Grafaiai, L50, M|29/100
|move|p1b: Ogerpon|Ivy Cudgel|p2b: Calyrex|[anim] Ivy Cudgel Fire
|-supereffective|p2b: Calyrex
|-damage|p2b: Calyrex|0 fnt
|faint|p2b: Calyrex
|move|p1a: Calyrex|Glacial Lance|p2a: AnalTouch
|-damage|p2a: AnalTouch|0 fnt
|faint|p2a: AnalTouch
|-ability|p1a: Calyrex|Chilling Neigh|boost
|-boost|p1a: Calyrex|atk|1
|
|upkeep
|
|t:|1750831600
|switch|p2a: Ogerpon|Ogerpon-Wellspring, L50, F|100/100
|switch|p2b: Miraidon|Miraidon, L50, tera:Fairy|40/100
|-activate|p2b: Miraidon|ability: Hadron Engine
|turn|4
|
|t:|1750831621
|move|p1b: Ogerpon|Helping Hand|p1a: Calyrex
|-singleturn|p1a: Calyrex|Helping Hand|[of] p1b: Ogerpon
|move|p2b: Miraidon|Protect|p2b: Miraidon
|-singleturn|p2b: Miraidon|Protect
|move|p2a: Ogerpon|Spiky Shield|p2a: Ogerpon
|-singleturn|p2a: Ogerpon|move: Protect
|move|p1a: Calyrex|Glacial Lance|p2a: Ogerpon|[spread] 
|-activate|p2a: Ogerpon|move: Protect
|-activate|p2b: Miraidon|move: Protect
|
|-sideend|p1: StellarDevil|move: Tailwind
|upkeep
|turn|5
|inactive|StellarDevil has 30 seconds left.
|
|t:|1750831654
|move|p2b: Miraidon|Dazzling Gleam|p1a: Calyrex|[spread] p1a,p1b
|-resisted|p1b: Ogerpon
|-damage|p1a: Calyrex|10/100
|-damage|p1b: Ogerpon|75/100
|move|p1b: Ogerpon|Horn Leech|p2a: Ogerpon
|-damage|p2a: Ogerpon|39/100
|-heal|p1b: Ogerpon|100/100|[from] drain|[of] p2a: Ogerpon
|move|p2a: Ogerpon|Ivy Cudgel|p1b: Ogerpon|[anim] Ivy Cudgel Water
|-damage|p1b: Ogerpon|8/100
|move|p1a: Calyrex|Glacial Lance|p2a: Ogerpon|[spread] p2a,p2b
|-damage|p2a: Ogerpon|0 fnt
|-damage|p2b: Miraidon|0 fnt
|faint|p2a: Ogerpon
|faint|p2b: Miraidon
|
|win|StellarDevil
|raw|StellarDevil's rating: 1301 &rarr; <strong>1318</strong><br />(+17 for winning)
|raw|Stonexe's rating: 1255 &rarr; <strong>1233</strong><br />(-22 for losing)
|l|☆Stonexe
|player|p2|
|l|☆StellarDevil
|player|p1|
