|j|☆Dangarzam
|j|☆barbarjonks
|t:|1750832656
|gametype|doubles
|player|p1|Dangarzam|101|1269
|player|p2|barbarjonks|101|1204
|teamsize|p1|6
|teamsize|p2|6
|gen|9
|tier|[Gen 9] VGC 2025 Reg I
|rated|
|rule|Species Clause: Limit one of each Pokémon
|rule|Item Clause: Limit 1 of each item
|clearpoke
|poke|p1|Gengar, L50, M|
|poke|p1|Dragonite, L50, M|
|poke|p1|Electabuzz, L50, M|
|poke|p1|Ditto, L50|
|poke|p1|Mewtwo, L50|
|poke|p1|Ho-Oh, L50|
|poke|p2|Groudon, L50|
|poke|p2|Iron Valiant, L50|
|poke|p2|Whimsicott, L50, F|
|poke|p2|Chien-Pao, L50|
|poke|p2|Koraidon, L50|
|poke|p2|Incineroar, L50, M|
|teampreview|4
|inactive|Battle timer is ON: inactive players will automatically lose when time's up. (requested by barbarjonks)
|inactive|Dangarzam also wants the timer to be on.
|
|t:|1750832682
|start
|switch|p1a: Dragonite|Dragonite, L50, M, shiny|100/100
|switch|p1b: Ho-Oh|Ho-Oh, L50, shiny|100/100
|switch|p2a: Chien-Pao|Chien-Pao, L50|100/100
|switch|p2b: Whimsicott|Whimsicott, L50, F|100/100
|-ability|p2a: Chien-Pao|Sword of Ruin
|turn|1
|
|t:|1750832707
|switch|p2a: Incineroar|Incineroar, L50, M|100/100
|-ability|p2a: Incineroar|Intimidate|boost
|-fail|p1a: Dragonite|unboost|Attack|[from] ability: Inner Focus|[of] p1a: Dragonite
|-unboost|p1b: Ho-Oh|atk|1
|-terastallize|p1a: Dragonite|Normal
|move|p1a: Dragonite|Extreme Speed|p2b: Whimsicott
|-damage|p2b: Whimsicott|35/100
|move|p2b: Whimsicott|Moonblast|p1a: Dragonite
|-damage|p1a: Dragonite|78/100
|move|p1b: Ho-Oh|Sacred Fire|p2a: Incineroar
|-resisted|p2a: Incineroar
|-damage|p2a: Incineroar|81/100
|
|upkeep
|turn|2
|
|t:|1750832729
|move|p2a: Incineroar|Fake Out|p1a: Dragonite
|-damage|p1a: Dragonite|65/100
|move|p1a: Dragonite|Extreme Speed|p2b: Whimsicott
|-damage|p2b: Whimsicott|0 fnt
|faint|p2b: Whimsicott
|move|p1b: Ho-Oh|Tailwind|p1b: Ho-Oh
|-sidestart|p1: Dangarzam|move: Tailwind
|
|upkeep
|c|☆barbarjonks|im dumb
|
|t:|1750832744
|switch|p2b: Koraidon|Koraidon, L50|100/100
|-weather|SunnyDay|[from] ability: Orichalcum Pulse|[of] p2b: Koraidon
|-activate|p2b: Koraidon|Orichalcum Pulse|[source]
|turn|3
|
|t:|1750832760
|move|p2b: Koraidon|Protect|p2b: Koraidon
|-singleturn|p2b: Koraidon|Protect
|move|p1a: Dragonite|Extreme Speed|p2a: Incineroar
|-damage|p2a: Incineroar|10/100
|move|p1b: Ho-Oh|Sky Attack||[still]
|-prepare|p1b: Ho-Oh|Sky Attack
|-enditem|p1b: Ho-Oh|Power Herb
|-anim|p1b: Ho-Oh|Sky Attack|p2b: Koraidon
|-activate|p2b: Koraidon|move: Protect
|move|p2a: Incineroar|Knock Off|p1a: Dragonite
|-damage|p1a: Dragonite|15/100
|-enditem|p1a: Dragonite|Choice Band|[from] move: Knock Off|[of] p2a: Incineroar
|
|-weather|SunnyDay|[upkeep]
|upkeep
|turn|4
|inactive|barbarjonks has 30 seconds left.
|
|t:|1750832787
|-terastallize|p2b: Koraidon|Fire
|move|p1b: Ho-Oh|Sacred Fire|p2a: Incineroar
|-resisted|p2a: Incineroar
|-damage|p2a: Incineroar|0 fnt
|faint|p2a: Incineroar
|move|p2b: Koraidon|Flame Charge|p1a: Dragonite
|-damage|p1a: Dragonite|0 fnt
|-boost|p2b: Koraidon|spe|1
|faint|p1a: Dragonite
|-damage|p2b: Koraidon|91/100|[from] item: Life Orb
|
|-weather|SunnyDay|[upkeep]
|upkeep
|
|t:|1750832798
|switch|p1a: Ditto|Ditto, L50, shiny|100/100
|switch|p2a: Chien-Pao|Chien-Pao, L50|100/100
|-transform|p1a: Ditto|p2b: Koraidon|[from] ability: Imposter
|-activate|p1a: Ditto|ability: Orichalcum Pulse
|-ability|p2a: Chien-Pao|Sword of Ruin
|-start|p1a: Ditto|typechange|Fighting/Dragon|[silent]
|turn|5
|inactive|barbarjonks has 30 seconds left.
|
|t:|1750832826
|move|p2a: Chien-Pao|Protect|p2a: Chien-Pao
|-singleturn|p2a: Chien-Pao|Protect
|move|p1a: Ditto|Flare Blitz|p2a: Chien-Pao
|-activate|p2a: Chien-Pao|move: Protect
|move|p2b: Koraidon|Flare Blitz|p1a: Ditto
|-resisted|p1a: Ditto
|-damage|p1a: Ditto|0 fnt
|faint|p1a: Ditto
|-damage|p2b: Koraidon|62/100|[from] Recoil
|-damage|p2b: Koraidon|52/100|[from] item: Life Orb
|move|p1b: Ho-Oh|Sacred Fire|p2a: Chien-Pao
|-activate|p2a: Chien-Pao|move: Protect
|
|-weather|SunnyDay|[upkeep]
|-sideend|p1: Dangarzam|move: Tailwind
|upkeep
|
|t:|1750832828
|switch|p1a: Mewtwo|Mewtwo, L50, shiny|100/100
|-ability|p1a: Mewtwo|Unnerve
|turn|6
|
|t:|1750832849
|move|p1a: Mewtwo|Protect|p1a: Mewtwo
|-singleturn|p1a: Mewtwo|Protect
|move|p2a: Chien-Pao|Sucker Punch||[still]
|-fail|p2a: Chien-Pao
|move|p2b: Koraidon|Flare Blitz|p1b: Ho-Oh
|-resisted|p1b: Ho-Oh
|-damage|p1b: Ho-Oh|0 fnt
|faint|p1b: Ho-Oh
|-damage|p2b: Koraidon|12/100|[from] Recoil
|-damage|p2b: Koraidon|2/100|[from] item: Life Orb
|
|-weather|SunnyDay|[upkeep]
|upkeep
|turn|7
|
|t:|1750832871
|move|p2a: Chien-Pao|Sucker Punch|p1a: Mewtwo
|-supereffective|p1a: Mewtwo
|-damage|p1a: Mewtwo|0 fnt
|faint|p1a: Mewtwo
|
|win|barbarjonks
|raw|Dangarzam's rating: 1269 &rarr; <strong>1239</strong><br />(-30 for losing)
|raw|barbarjonks's rating: 1204 &rarr; <strong>1234</strong><br />(+30 for winning)
|l|☆Dangarzam
|player|p1|
|l|☆barbarjonks
|player|p2|
