|j|☆anubisjr
|j|☆kojimuranishi
|t:|1750788463
|gametype|doubles
|player|p1|anubisjr|265|1604
|player|p2|kojimuranishi|265|1798
|teamsize|p1|6
|teamsize|p2|6
|gen|9
|tier|[Gen 9] VGC 2025 Reg I
|rated|
|rule|Species Clause: Limit one of each Pokémon
|rule|Item Clause: Limit 1 of each item
|clearpoke
|poke|p1|Calyrex-Shadow, L50|
|poke|p1|Miraidon, L50|
|poke|p1|Whimsicott, L50, F|
|poke|p1|Iron Treads, L50|
|poke|p1|Urshifu-*, L50, F|
|poke|p1|Iron Hands, L50|
|poke|p2|Calyrex-Ice, L50|
|poke|p2|Whimsicott, L50, F|
|poke|p2|Volcarona, L50, F|
|poke|p2|Chi-Yu, L50|
|poke|p2|Landorus, L50, M|
|poke|p2|Terapagos, L50, M|
|teampreview|4
|inactive|Battle timer is ON: inactive players will automatically lose when time's up. (requested by kojimuranishi)
|
|t:|1750788481
|start
|switch|p1a: Urshifu|Urshifu, L50, F|100/100
|switch|p1b: Miraidon|Miraidon, L50|100/100
|switch|p2a: Volcarona|Volcarona, L50, F|100/100
|switch|p2b: Terapagos|Terapagos, L50, M|100/100
|-activate|p2b: Terapagos|ability: Tera Shift
|detailschange|p2b: Terapagos|Terapagos-Terastal, L50, M
|-heal|p2b: Terapagos|100/100|[silent]
|-fieldstart|move: Electric Terrain|[from] ability: Hadron Engine|[of] p1b: Miraidon
|turn|1
|inactive|anubisjr has 30 seconds left.
|inactive|kojimuranishi has 30 seconds left.
|inactive|kojimuranishi has 20 seconds left.
|inactive|anubisjr has 20 seconds left.
|
|t:|1750788527
|switch|p1a: Iron Hands|Iron Hands, L50|100/100
|-activate|p1a: Iron Hands|ability: Quark Drive
|-start|p1a: Iron Hands|quarkdriveatk
|move|p1b: Miraidon|Volt Switch|p2a: Volcarona
|-damage|p2a: Volcarona|10/100
|
|t:|1750788534
|switch|p1b: Calyrex|Calyrex-Shadow, L50|100/100|[from] Volt Switch
|-ability|p1b: Calyrex|As One
|-ability|p1b: Calyrex|Unnerve
|move|p2b: Terapagos|Tera Starstorm|p1a: Iron Hands
|-damage|p1a: Iron Hands|64/100
|move|p2a: Volcarona|Struggle Bug|p1b: Calyrex|[spread] p1a,p1b
|-resisted|p1a: Iron Hands
|-damage|p1a: Iron Hands|60/100
|-damage|p1b: Calyrex|84/100
|-unboost|p1a: Iron Hands|spa|1
|-unboost|p1b: Calyrex|spa|1
|
|upkeep
|turn|2
|
|t:|1750788555
|switch|p2a: Chi-Yu|Chi-Yu, L50|100/100
|-ability|p2a: Chi-Yu|Beads of Ruin
|move|p2b: Terapagos|Protect|p2b: Terapagos
|-singleturn|p2b: Terapagos|Protect
|move|p1b: Calyrex|Astral Barrage|p2b: Terapagos|[spread] p2a
|-activate|p2b: Terapagos|move: Protect
|-resisted|p2a: Chi-Yu
|-damage|p2a: Chi-Yu|71/100
|-damage|p1b: Calyrex|75/100|[from] item: Life Orb
|move|p1a: Iron Hands|Low Kick|p2b: Terapagos
|-activate|p2b: Terapagos|move: Protect
|
|upkeep
|turn|3
|inactive|anubisjr has 30 seconds left.
|inactive|anubisjr has 20 seconds left.
|inactive|anubisjr has 15 seconds left.
|
|t:|1750788595
|switch|p1b: Miraidon|Miraidon, L50|100/100
|-activate|p1b: Miraidon|ability: Hadron Engine
|move|p2a: Chi-Yu|Heat Wave|p1b: Miraidon|[spread] p1a,p1b
|-resisted|p1b: Miraidon
|-damage|p1a: Iron Hands|8/100
|-damage|p1b: Miraidon|64/100
|move|p2b: Terapagos|Tera Starstorm|p1a: Iron Hands
|-damage|p1a: Iron Hands|0 fnt
|faint|p1a: Iron Hands
|-end|p1a: Iron Hands|Quark Drive|[silent]
|
|upkeep
|
|t:|1750788607
|switch|p1a: Urshifu|Urshifu, L50, F|100/100
|turn|4
|inactive|kojimuranishi has 30 seconds left.
|inactive|anubisjr has 30 seconds left.
|inactive|kojimuranishi has 20 seconds left.
|inactive|anubisjr has 20 seconds left.
|inactive|anubisjr has 15 seconds left.
|inactive|kojimuranishi has 15 seconds left.
|
|t:|1750788654
|move|p1b: Miraidon|Dazzling Gleam|p2b: Terapagos|[spread] p2a,p2b
|-activate|p2b: Terapagos|ability: Tera Shell
|-resisted|p2b: Terapagos
|-damage|p2a: Chi-Yu|24/100
|-damage|p2b: Terapagos|73/100
|move|p2a: Chi-Yu|Heat Wave|p1a: Urshifu|[spread] p1a
|-miss|p2a: Chi-Yu|p1b: Miraidon
|-enditem|p1a: Urshifu|Focus Sash
|-damage|p1a: Urshifu|1/100
|move|p1a: Urshifu|Close Combat|p2b: Terapagos
|-supereffective|p2b: Terapagos
|-damage|p2b: Terapagos|0 fnt
|-unboost|p1a: Urshifu|def|1
|-unboost|p1a: Urshifu|spd|1
|faint|p2b: Terapagos
|
|upkeep
|
|t:|1750788671
|switch|p2b: Landorus|Landorus, L50, M|100/100
|turn|5
|
|t:|1750788690
|switch|p2a: Volcarona|Volcarona, L50, F|10/100
|-terastallize|p1b: Miraidon|Fairy
|move|p1a: Urshifu|Sucker Punch|p2b: Landorus
|-damage|p2b: Landorus|51/100
|move|p2b: Landorus|Earth Power|p1b: Miraidon
|-damage|p1b: Miraidon|6/100
|move|p1b: Miraidon|Dazzling Gleam|p2b: Landorus|[spread] p2a,p2b
|-resisted|p2a: Volcarona
|-damage|p2a: Volcarona|0 fnt
|-damage|p2b: Landorus|0 fnt
|faint|p2a: Volcarona
|faint|p2b: Landorus
|
|-fieldend|move: Electric Terrain
|upkeep
|-message|kojimuranishi forfeited.
|
|win|anubisjr
|raw|anubisjr's rating: 1604 &rarr; <strong>1634</strong><br />(+30 for winning)
|raw|kojimuranishi's rating: 1798 &rarr; <strong>1768</strong><br />(-30 for losing)
|l|☆kojimuranishi
|player|p2|
