|j|☆dinglustan
|j|☆jd8erh
|t:|1750747847
|gametype|doubles
|player|p1|dinglustan|265|1638
|player|p2|jd8erh|101|1752
|teamsize|p1|6
|teamsize|p2|6
|gen|9
|tier|[Gen 9] VGC 2025 Reg I
|rated|
|rule|Species Clause: Limit one of each Pokémon
|rule|Item Clause: Limit 1 of each item
|clearpoke
|poke|p1|Miraidon, L50|
|poke|p1|Calyrex-Ice, L50|
|poke|p1|Grimmsnarl, L50, M|
|poke|p1|Incineroar, L50, M|
|poke|p1|Urshifu-*, L50, M|
|poke|p1|Sinistcha, L50|
|poke|p2|Miraidon, L50|
|poke|p2|Grimmsnarl, L50, M|
|poke|p2|Calyrex-Ice, L50|
|poke|p2|Incineroar, L50, F|
|poke|p2|Volcarona, L50, F|
|poke|p2|Urshifu-*, L50, M|
|teampreview|4
|inactive|Battle timer is ON: inactive players will automatically lose when time's up. (requested by dinglustan)
jd8erh has agreed to open team sheets.
|inactive|dinglustan has 60 seconds left.
|
|t:|1750747887
|start
|switch|p1a: Miraidon|Miraidon, L50|100/100
|switch|p1b: Grimmsnarl|Grimmsnarl, L50, M|100/100
|switch|p2a: Grimmsnarl|Grimmsnarl, L50, M|100/100
|switch|p2b: Miraidon|Miraidon, L50|100/100
|-fieldstart|move: Electric Terrain|[from] ability: Hadron Engine|[of] p1a: Miraidon
|-activate|p2b: Miraidon|ability: Hadron Engine
|turn|1
|
|t:|1750747902
|-terastallize|p2b: Miraidon|Fairy
|move|p2a: Grimmsnarl|Light Screen|p2a: Grimmsnarl
|-sidestart|p2: jd8erh|move: Light Screen
|move|p1b: Grimmsnarl|Light Screen|p1b: Grimmsnarl
|-sidestart|p1: dinglustan|move: Light Screen
|move|p1a: Miraidon|Volt Switch|p2a: Grimmsnarl
|-damage|p2a: Grimmsnarl|40/100
|
|t:|1750747912
|switch|p1a: Calyrex|Calyrex-Ice, L50|100/100|[from] Volt Switch
|-ability|p1a: Calyrex|As One
|-ability|p1a: Calyrex|Unnerve
|move|p2b: Miraidon|Draco Meteor|p1a: Calyrex
|-damage|p1a: Calyrex|46/100
|-unboost|p2b: Miraidon|spa|2
|
|-heal|p1a: Calyrex|52/100|[from] item: Leftovers
|upkeep
|turn|2
|
|t:|1750747927
|switch|p2b: Incineroar|Incineroar, L50, F|100/100
|-ability|p2b: Incineroar|Intimidate|boost
|-unboost|p1a: Calyrex|atk|1
|-unboost|p1b: Grimmsnarl|atk|1
|move|p1a: Calyrex|Protect|p1a: Calyrex
|-singleturn|p1a: Calyrex|Protect
|move|p2a: Grimmsnarl|Reflect|p2a: Grimmsnarl
|-sidestart|p2: jd8erh|Reflect
|move|p1b: Grimmsnarl|Thunder Wave|p2b: Incineroar
|-hint|Since gen 7, Dark is immune to Prankster moves.
|-immune|p2b: Incineroar
|
|-heal|p1a: Calyrex|58/100|[from] item: Leftovers
|upkeep
|turn|3
|
|t:|1750747939
|switch|p1a: Urshifu|Urshifu-Rapid-Strike, L50, M|100/100
|move|p1b: Grimmsnarl|Reflect|p1b: Grimmsnarl
|-sidestart|p1: dinglustan|Reflect
|move|p2b: Incineroar|Knock Off|p1a: Urshifu
|-resisted|p1a: Urshifu
|-damage|p1a: Urshifu|87/100
|-enditem|p1a: Urshifu|Choice Scarf|[from] move: Knock Off|[of] p2b: Incineroar
|move|p2a: Grimmsnarl|Spirit Break|p1b: Grimmsnarl
|-supereffective|p1b: Grimmsnarl
|-damage|p1b: Grimmsnarl|62/100
|-unboost|p1b: Grimmsnarl|spa|1
|
|upkeep
|turn|4
|
|t:|1750747954
|move|p2a: Grimmsnarl|Thunder Wave|p1a: Urshifu
|-status|p1a: Urshifu|par
|move|p2b: Incineroar|U-turn|p1b: Grimmsnarl
|-damage|p1b: Grimmsnarl|51/100
|
|t:|1750747958
|switch|p2b: Miraidon|Miraidon, L50, tera:Fairy|100/100|[from] U-turn
|-activate|p2b: Miraidon|ability: Hadron Engine
|move|p1b: Grimmsnarl|Spirit Break|p2b: Miraidon
|-damage|p2b: Miraidon|89/100
|-unboost|p2b: Miraidon|spa|1
|move|p1a: Urshifu|Surging Strikes|p2a: Grimmsnarl
|-crit|p2a: Grimmsnarl
|-damage|p2a: Grimmsnarl|17/100
|-crit|p2a: Grimmsnarl
|-damage|p2a: Grimmsnarl|0 fnt
|faint|p2a: Grimmsnarl
|-hitcount|p2: Grimmsnarl|2
|
|upkeep
|
|t:|1750747961
|switch|p2a: Incineroar|Incineroar, L50, F|100/100
|-ability|p2a: Incineroar|Intimidate|boost
|-unboost|p1a: Urshifu|atk|1
|-unboost|p1b: Grimmsnarl|atk|1
|turn|5
|
|t:|1750747980
|-terastallize|p1b: Grimmsnarl|Ghost
|move|p2a: Incineroar|Fake Out|p1b: Grimmsnarl
|-immune|p1b: Grimmsnarl
|move|p1b: Grimmsnarl|Thunder Wave|p2b: Miraidon
|-status|p2b: Miraidon|par
|cant|p2b: Miraidon|par
|move|p1a: Urshifu|Surging Strikes|p2a: Incineroar
|-supereffective|p2a: Incineroar
|-crit|p2a: Incineroar
|-damage|p2a: Incineroar|67/100
|-supereffective|p2a: Incineroar
|-crit|p2a: Incineroar
|-damage|p2a: Incineroar|30/100
|-supereffective|p2a: Incineroar
|-crit|p2a: Incineroar
|-damage|p2a: Incineroar|0 fnt
|faint|p2a: Incineroar
|-hitcount|p2: Incineroar|3
|
|-fieldend|move: Electric Terrain
|upkeep
|
|t:|1750747982
|switch|p2a: Calyrex|Calyrex-Ice, L50|100/100
|-ability|p2a: Calyrex|As One
|-ability|p2a: Calyrex|Unnerve
|turn|6
|
|t:|1750748002
|switch|p1b: Calyrex|Calyrex-Ice, L50|58/100
|-ability|p1b: Calyrex|As One
|-ability|p1b: Calyrex|Unnerve
|move|p2b: Miraidon|Dazzling Gleam|p1b: Calyrex|[spread] p1a,p1b
|-supereffective|p1a: Urshifu
|-damage|p1a: Urshifu|30/100 par
|-damage|p1b: Calyrex|44/100
|move|p1a: Urshifu|Coaching|p1b: Calyrex
|-boost|p1b: Calyrex|atk|1
|-boost|p1b: Calyrex|def|1
|move|p2a: Calyrex|Trick Room|p2a: Calyrex
|-fieldstart|move: Trick Room|[of] p2a: Calyrex
|
|-heal|p1b: Calyrex|50/100|[from] item: Leftovers
|upkeep
|turn|7
|
|t:|1750748018
|move|p1b: Calyrex|Protect|p1b: Calyrex
|-singleturn|p1b: Calyrex|Protect
|move|p2a: Calyrex|Leech Seed|p1b: Calyrex
|-activate|p1b: Calyrex|move: Protect
|move|p1a: Urshifu|Coaching|p1b: Calyrex
|-boost|p1b: Calyrex|atk|1
|-boost|p1b: Calyrex|def|1
|cant|p2b: Miraidon|par
|
|-heal|p1b: Calyrex|56/100|[from] item: Leftovers
|upkeep
|turn|8
|
|t:|1750748032
|move|p1b: Calyrex|Glacial Lance|p2b: Miraidon|[spread] p2a,p2b
|-resisted|p2a: Calyrex
|-damage|p2a: Calyrex|77/100
|-damage|p2b: Miraidon|31/100 par
|move|p2a: Calyrex|Leech Seed|p1b: Calyrex
|-start|p1b: Calyrex|move: Leech Seed
|move|p1a: Urshifu|Coaching|p1b: Calyrex
|-boost|p1b: Calyrex|atk|1
|-boost|p1b: Calyrex|def|1
|cant|p2b: Miraidon|par
|
|-heal|p1b: Calyrex|62/100|[from] item: Leftovers
|-heal|p2a: Calyrex|83/100|[from] item: Leftovers
|-damage|p1b: Calyrex|50/100|[from] Leech Seed|[of] p2a: Calyrex
|-heal|p2a: Calyrex|95/100|[silent]
|-sideend|p2: jd8erh|move: Light Screen
|-sideend|p1: dinglustan|move: Light Screen
|upkeep
|turn|9
|l|☆jd8erh
|inactive|jd8erh disconnected and has a minute to reconnect!
|player|p2|
|j|☆jd8erh
|inactive|jd8erh reconnected and has 35 seconds left.
|player|p2|jd8erh|101|
|inactive|jd8erh has 30 seconds left.
|c|☆jd8erh|My miraidon :(
|
|t:|1750748067
|move|p1b: Calyrex|Glacial Lance|p2a: Calyrex|[spread] p2a,p2b
|-resisted|p2a: Calyrex
|-damage|p2a: Calyrex|66/100
|-damage|p2b: Miraidon|0 fnt
|faint|p2b: Miraidon
|-ability|p1b: Calyrex|Chilling Neigh|boost
|-boost|p1b: Calyrex|atk|1
|move|p2a: Calyrex|Glacial Lance|p1b: Calyrex|[spread] p1a,p1b
|-resisted|p1a: Urshifu
|-resisted|p1b: Calyrex
|-damage|p1a: Urshifu|11/100 par
|-damage|p1b: Calyrex|45/100
|move|p1a: Urshifu|Surging Strikes|p2a: Calyrex
|-crit|p2a: Calyrex
|-damage|p2a: Calyrex|52/100
|-crit|p2a: Calyrex
|-damage|p2a: Calyrex|37/100
|-crit|p2a: Calyrex
|-damage|p2a: Calyrex|24/100
|-hitcount|p2a: Calyrex|3
|
|-heal|p1b: Calyrex|51/100|[from] item: Leftovers
|-heal|p2a: Calyrex|29/100|[from] item: Leftovers
|-damage|p1b: Calyrex|39/100|[from] Leech Seed|[of] p2a: Calyrex
|-heal|p2a: Calyrex|42/100|[silent]
|-sideend|p2: jd8erh|Reflect
|upkeep
|turn|10
|c|☆dinglustan|:(
|
|t:|1750748083
|move|p2a: Calyrex|Protect|p2a: Calyrex
|-singleturn|p2a: Calyrex|Protect
|move|p1b: Calyrex|Leech Seed|p2a: Calyrex
|-activate|p2a: Calyrex|move: Protect
|move|p1a: Urshifu|Surging Strikes|p2a: Calyrex
|-crit|p2a: Calyrex
|-damage|p2a: Calyrex|29/100
|-crit|p2a: Calyrex
|-damage|p2a: Calyrex|15/100
|-crit|p2a: Calyrex
|-damage|p2a: Calyrex|2/100
|-hitcount|p2a: Calyrex|3
|
|-heal|p1b: Calyrex|45/100|[from] item: Leftovers
|-heal|p2a: Calyrex|8/100|[from] item: Leftovers
|-damage|p1b: Calyrex|33/100|[from] Leech Seed|[of] p2a: Calyrex
|-heal|p2a: Calyrex|20/100|[silent]
|-sideend|p1: dinglustan|Reflect
|-fieldend|move: Trick Room
|upkeep
|turn|11
|
|t:|1750748090
|cant|p1a: Urshifu|par
|move|p2a: Calyrex|Glacial Lance|p1b: Calyrex|[spread] p1a,p1b
|-resisted|p1a: Urshifu
|-resisted|p1b: Calyrex
|-damage|p1a: Urshifu|0 fnt
|-damage|p1b: Calyrex|27/100
|faint|p1a: Urshifu
|-ability|p2a: Calyrex|Chilling Neigh|boost
|-boost|p2a: Calyrex|atk|1
|move|p1b: Calyrex|Leech Seed|p2a: Calyrex
|-start|p2a: Calyrex|move: Leech Seed
|
|-heal|p2a: Calyrex|26/100|[from] item: Leftovers
|-heal|p1b: Calyrex|33/100|[from] item: Leftovers
|-damage|p2a: Calyrex|14/100|[from] Leech Seed|[of] p1b: Calyrex
|-heal|p1b: Calyrex|45/100|[silent]
|-damage|p1b: Calyrex|33/100|[from] Leech Seed|[of] p2a: Calyrex
|-heal|p2a: Calyrex|26/100|[silent]
|upkeep
|
|t:|1750748096
|switch|p1a: Grimmsnarl|Grimmsnarl, L50, M, tera:Ghost|51/100
|turn|12
|c|☆jd8erh|Gg
|c|☆dinglustan|gg
|
|t:|1750748105
|move|p1b: Calyrex|Protect|p1b: Calyrex
|-singleturn|p1b: Calyrex|Protect
|move|p1a: Grimmsnarl|Thunder Wave|p2a: Calyrex
|-status|p2a: Calyrex|par
|move|p2a: Calyrex|Glacial Lance|p1a: Grimmsnarl|[spread] p1a
|-activate|p1b: Calyrex|move: Protect
|-damage|p1a: Grimmsnarl|0 fnt
|faint|p1a: Grimmsnarl
|-ability|p2a: Calyrex|Chilling Neigh|boost
|-boost|p2a: Calyrex|atk|1
|
|-heal|p1b: Calyrex|39/100|[from] item: Leftovers
|-heal|p2a: Calyrex|32/100 par|[from] item: Leftovers
|-damage|p1b: Calyrex|27/100|[from] Leech Seed|[of] p2a: Calyrex
|-heal|p2a: Calyrex|44/100 par|[silent]
|-damage|p2a: Calyrex|32/100 par|[from] Leech Seed|[of] p1b: Calyrex
|-heal|p1b: Calyrex|39/100|[silent]
|upkeep
|
|t:|1750748110
|switch|p1a: Miraidon|Miraidon, L50|100/100
|-fieldstart|move: Electric Terrain|[from] ability: Hadron Engine|[of] p1a: Miraidon
|turn|13
|-message|jd8erh forfeited.
|
|win|dinglustan
|raw|dinglustan's rating: 1638 &rarr; <strong>1664</strong><br />(+26 for winning)
|raw|jd8erh's rating: 1752 &rarr; <strong>1726</strong><br />(-26 for losing)
|l|☆dinglustan
|player|p1|
|l|☆jd8erh
|player|p2|
