|j|☆GabrielCanto
|j|☆tus4
|t:|1750719318
|gametype|doubles
|player|p1|GabrielCanto|hilda|1466
|player|p2|tus4|102|1359
|teamsize|p1|6
|teamsize|p2|6
|gen|9
|tier|[Gen 9] VGC 2025 Reg I
|rated|
|rule|Species Clause: Limit one of each Pokémon
|rule|Item Clause: Limit 1 of each item
|clearpoke
|poke|p1|Calyrex-Shadow, L50|
|poke|p1|Kyogre, L50|
|poke|p1|Incineroar, L50, F|
|poke|p1|Tornadus, L50, M|
|poke|p1|Iron Hands, L50|
|poke|p1|Archaludon, L50, F|
|poke|p2|Iron Hands, L50|
|poke|p2|Flutter Mane, L50|
|poke|p2|Gastrodon-East, L50, M|
|poke|p2|Mienshao, L50, M|
|poke|p2|Incineroar, L50, F|
|poke|p2|Calyrex-Shadow, L50|
|teampreview|4
|inactive|Battle timer is ON: inactive players will automatically lose when time's up. (requested by tus4)
|inactive|GabrielCanto also wants the timer to be on.
|l|☆GabrielCanto
|inactive|GabrielCanto disconnected and has a minute to reconnect!
|player|p1|
|j|☆GabrielCanto
|inactive|GabrielCanto reconnected and has 60 seconds left.
|player|p1|GabrielCanto|hilda|
|inactive|GabrielCanto has 30 seconds left.
|
|t:|1750719387
|start
|switch|p1a: Calyrex|Calyrex-Shadow, L50|100/100
|switch|p1b: Iron Hands|Iron Hands, L50|100/100
|switch|p2a: Mienshao|Mienshao, L50, M|100/100
|switch|p2b: Calyrex|Calyrex-Shadow, L50|100/100
|-ability|p2b: Calyrex|As One
|-ability|p2b: Calyrex|Unnerve
|-ability|p1a: Calyrex|As One
|-ability|p1a: Calyrex|Unnerve
|turn|1
|
|t:|1750719404
|-terastallize|p2b: Calyrex|Fairy
|move|p2a: Mienshao|Fake Out|p1b: Iron Hands
|-damage|p1b: Iron Hands|92/100
|move|p1a: Calyrex|Astral Barrage|p2a: Mienshao|[spread] p2a,p2b
|-enditem|p2a: Mienshao|Focus Sash
|-damage|p2a: Mienshao|1/100
|-damage|p2b: Calyrex|52/100
|move|p2b: Calyrex|Nasty Plot|p2b: Calyrex
|-boost|p2b: Calyrex|spa|2
|cant|p1b: Iron Hands|flinch
|
|upkeep
|turn|2
|
|t:|1750719420
|move|p2a: Mienshao|Wide Guard|p2a: Mienshao
|-singleturn|p2a: Mienshao|Wide Guard
|move|p1a: Calyrex|Astral Barrage|p2a: Mienshao|[spread] 
|-activate|p2a: Mienshao|move: Wide Guard
|-activate|p2b: Calyrex|move: Wide Guard
|move|p2b: Calyrex|Draining Kiss|p1b: Iron Hands
|-supereffective|p1b: Iron Hands
|-damage|p1b: Iron Hands|0 fnt
|-heal|p2b: Calyrex|100/100|[from] drain|[of] p1b: Iron Hands
|faint|p1b: Iron Hands
|-end|p1b: Iron Hands|Quark Drive|[silent]
|-ability|p2b: Calyrex|Grim Neigh|boost
|-boost|p2b: Calyrex|spa|1
|
|upkeep
|
|t:|1750719431
|switch|p1b: Kyogre|Kyogre, L50|100/100
|-weather|RainDance|[from] ability: Drizzle|[of] p1b: Kyogre
|turn|3
|
|t:|1750719438
|move|p2a: Mienshao|Wide Guard|p2a: Mienshao
|-singleturn|p2a: Mienshao|Wide Guard
|move|p1b: Kyogre|Thunder|p2b: Calyrex
|-damage|p2b: Calyrex|68/100
|move|p2b: Calyrex|Astral Barrage|p1b: Kyogre|[spread] p1a,p1b
|-supereffective|p1a: Calyrex
|-enditem|p1a: Calyrex|Focus Sash
|-damage|p1a: Calyrex|1/100
|-damage|p1b: Kyogre|14/100
|move|p1a: Calyrex|Psychic|p2a: Mienshao
|-supereffective|p2a: Mienshao
|-damage|p2a: Mienshao|0 fnt
|faint|p2a: Mienshao
|-ability|p1a: Calyrex|Grim Neigh|boost
|-boost|p1a: Calyrex|spa|1
|
|-weather|RainDance|[upkeep]
|upkeep
|
|t:|1750719450
|switch|p2a: Incineroar|Incineroar, L50, F|100/100
|-ability|p2a: Incineroar|Intimidate|boost
|-unboost|p1a: Calyrex|atk|1
|-unboost|p1b: Kyogre|atk|1
|turn|4
|
|t:|1750719461
|move|p2a: Incineroar|Fake Out|p1b: Kyogre
|-damage|p1b: Kyogre|4/100
|cant|p1b: Kyogre|flinch
|move|p1a: Calyrex|Astral Barrage|p2a: Incineroar|[spread] p2a,p2b
|-resisted|p2a: Incineroar
|-damage|p2a: Incineroar|71/100
|-damage|p2b: Calyrex|0 fnt
|faint|p2b: Calyrex
|-ability|p1a: Calyrex|Grim Neigh|boost
|-boost|p1a: Calyrex|spa|1
|
|-weather|RainDance|[upkeep]
|upkeep
|
|t:|1750719469
|switch|p2b: Flutter Mane|Flutter Mane, L50|100/100
|-enditem|p2b: Flutter Mane|Booster Energy
|-activate|p2b: Flutter Mane|ability: Protosynthesis|[fromitem]
|-start|p2b: Flutter Mane|protosynthesisspe
|turn|5
|
|t:|1750719484
|move|p2b: Flutter Mane|Moonblast|p1a: Calyrex
|-damage|p1a: Calyrex|0 fnt
|faint|p1a: Calyrex
|move|p1b: Kyogre|Thunder|p2b: Flutter Mane
|-damage|p2b: Flutter Mane|65/100
|-status|p2b: Flutter Mane|par
|move|p2a: Incineroar|Knock Off|p1b: Kyogre
|-damage|p1b: Kyogre|0 fnt
|-enditem|p1b: Kyogre|Choice Scarf|[from] move: Knock Off|[of] p2a: Incineroar
|faint|p1b: Kyogre
|
|-weather|RainDance|[upkeep]
|upkeep
|
|t:|1750719491
|switch|p1b: Archaludon|Archaludon, L50, F|100/100
|turn|6
|
|t:|1750719501
|-terastallize|p1b: Archaludon|Fairy
|move|p2b: Flutter Mane|Protect|p2b: Flutter Mane
|-singleturn|p2b: Flutter Mane|Protect
|move|p1b: Archaludon|Electro Shot||[still]
|-prepare|p1b: Archaludon|Electro Shot
|-boost|p1b: Archaludon|spa|1
|-anim|p1b: Archaludon|Electro Shot|p2b: Flutter Mane
|-activate|p2b: Flutter Mane|move: Protect
|move|p2a: Incineroar|Parting Shot|p1b: Archaludon
|-unboost|p1b: Archaludon|atk|1
|-unboost|p1b: Archaludon|spa|1
|
|-weather|RainDance|[upkeep]
|upkeep
|turn|7
|
|t:|1750719526
|move|p2b: Flutter Mane|Thunder Wave|p1b: Archaludon
|-status|p1b: Archaludon|par
|move|p2a: Incineroar|Parting Shot|p1b: Archaludon
|-unboost|p1b: Archaludon|atk|1
|-unboost|p1b: Archaludon|spa|1
|move|p1b: Archaludon|Electro Shot||[still]
|-prepare|p1b: Archaludon|Electro Shot
|-boost|p1b: Archaludon|spa|1
|-anim|p1b: Archaludon|Electro Shot|p2b: Flutter Mane
|-damage|p2b: Flutter Mane|25/100 par
|
|-weather|none
|upkeep
|turn|8
|
|t:|1750719539
|move|p2b: Flutter Mane|Moonblast|p1b: Archaludon
|-damage|p1b: Archaludon|70/100 par
|-ability|p1b: Archaludon|Stamina|boost
|-boost|p1b: Archaludon|def|1
|move|p2a: Incineroar|Parting Shot|p1b: Archaludon
|-unboost|p1b: Archaludon|atk|1
|-unboost|p1b: Archaludon|spa|1
|move|p1b: Archaludon|Body Press|p2a: Incineroar
|-supereffective|p2a: Incineroar
|-damage|p2a: Incineroar|1/100
|
|upkeep
|turn|9
|
|t:|1750719552
|move|p2b: Flutter Mane|Moonblast|p1b: Archaludon
|-damage|p1b: Archaludon|41/100 par
|-ability|p1b: Archaludon|Stamina|boost
|-boost|p1b: Archaludon|def|1
|move|p2a: Incineroar|Flare Blitz|p1b: Archaludon
|-damage|p1b: Archaludon|24/100 par
|-ability|p1b: Archaludon|Stamina|boost
|-boost|p1b: Archaludon|def|1
|-damage|p2a: Incineroar|0 fnt|[from] Recoil
|faint|p2a: Incineroar
|cant|p1b: Archaludon|par
|
|upkeep
|turn|10
|
|t:|1750719564
|move|p2b: Flutter Mane|Moonblast|p1b: Archaludon
|-damage|p1b: Archaludon|0 fnt
|faint|p1b: Archaludon
|
|win|tus4
|raw|GabrielCanto's rating: 1466 &rarr; <strong>1440</strong><br />(-26 for losing)
|raw|tus4's rating: 1359 &rarr; <strong>1385</strong><br />(+26 for winning)
|c|☆GabrielCanto|Gg
|c|☆tus4|gg
|c|☆GabrielCanto|That para got me
|l|☆GabrielCanto
|player|p1|
|c|☆tus4|para?
|j|☆GabrielCanto
|player|p1|GabrielCanto|hilda|
|l|☆GabrielCanto
|player|p1|
|l|☆tus4
|player|p2|
