|j|☆ren122333
|j|☆Moosewii7
|t:|1750797404
|gametype|doubles
|player|p1|ren122333|pokemonrangerf-gen4|1451
|player|p2|Moosewii7|101|1448
|teamsize|p1|6
|teamsize|p2|6
|gen|9
|tier|[Gen 9] VGC 2025 Reg I
|rated|
|rule|Species Clause: Limit one of each Pokémon
|rule|Item Clause: Limit 1 of each item
|clearpoke
|poke|p1|Koraidon, L50|
|poke|p1|Scovillain, L50, M|
|poke|p1|Clefairy, L50, M|
|poke|p1|Indeedee-F, L50, F|
|poke|p1|Calyrex-Shadow, L50|
|poke|p1|Scream Tail, L50|
|poke|p2|Calyrex-Shadow, L50|
|poke|p2|Garganacl, L50, M|
|poke|p2|Indeedee-F, L50, F|
|poke|p2|Iron Hands, L50|
|poke|p2|Kyogre, L50|
|poke|p2|Maushold-Four, L50|
|teampreview|4
|inactive|Battle timer is ON: inactive players will automatically lose when time's up. (requested by ren122333)
Moosewii7 rejected open team sheets.
|
|t:|1750797433
|start
|switch|p1a: Koraidon|Koraidon, L50|100/100
|switch|p1b: Scovillain|Scovillain, L50, M|100/100
|switch|p2a: Indeedee|Indeedee-F, L50, F|100/100
|switch|p2b: Maushold|Maushold-Four, L50|100/100
|-weather|SunnyDay|[from] ability: Orichalcum Pulse|[of] p1a: Koraidon
|-activate|p1a: Koraidon|Orichalcum Pulse|[source]
|-fieldstart|move: Psychic Terrain|[from] ability: Psychic Surge|[of] p2a: Indeedee
|turn|1
|
|t:|1750797449
|-terastallize|p1a: Koraidon|Fire
|move|p1b: Scovillain|Rage Powder|p1b: Scovillain
|-singleturn|p1b: Scovillain|move: Rage Powder
|move|p2a: Indeedee|Follow Me|p2a: Indeedee
|-singleturn|p2a: Indeedee|move: Follow Me
|move|p1a: Koraidon|Flame Charge|p2a: Indeedee
|-damage|p2a: Indeedee|30/100
|-boost|p1a: Koraidon|spe|1
|-enditem|p2a: Indeedee|Sitrus Berry|[eat]
|-heal|p2a: Indeedee|55/100|[from] item: Sitrus Berry
|move|p2b: Maushold|Population Bomb|p1b: Scovillain
|-damage|p1b: Scovillain|83/100
|-damage|p1b: Scovillain|61/100
|-damage|p1b: Scovillain|42/100
|-damage|p1b: Scovillain|20/100
|-damage|p1b: Scovillain|0 fnt
|faint|p1b: Scovillain
|-hitcount|p1: Scovillain|5
|
|-weather|SunnyDay|[upkeep]
|upkeep
|
|t:|1750797459
|switch|p1b: Scream Tail|Scream Tail, L50|100/100
|-activate|p1b: Scream Tail|ability: Protosynthesis
|-start|p1b: Scream Tail|protosynthesisspe
|turn|2
|inactive|ren122333 has 30 seconds left.
|
|t:|1750797488
|move|p2a: Indeedee|Follow Me|p2a: Indeedee
|-singleturn|p2a: Indeedee|move: Follow Me
|move|p1a: Koraidon|Flare Blitz|p2a: Indeedee
|-damage|p2a: Indeedee|0 fnt
|faint|p2a: Indeedee
|-damage|p1a: Koraidon|83/100|[from] Recoil
|move|p1b: Scream Tail|Disable|p2b: Maushold
|-start|p2b: Maushold|Disable|Population Bomb
|cant|p2b: Maushold|Disable|Population Bomb
|
|-weather|SunnyDay|[upkeep]
|upkeep
|
|t:|1750797499
|switch|p2a: Kyogre|Kyogre, L50|100/100
|-weather|RainDance|[from] ability: Drizzle|[of] p2a: Kyogre
|-end|p1b: Scream Tail|Protosynthesis
|turn|3
|
|t:|1750797511
|-terastallize|p2a: Kyogre|Water
|move|p1a: Koraidon|Protect|p1a: Koraidon
|-singleturn|p1a: Koraidon|Protect
|move|p2b: Maushold|Follow Me|p2b: Maushold
|-singleturn|p2b: Maushold|move: Follow Me
|move|p1b: Scream Tail|Dazzling Gleam|p2a: Kyogre|[spread] p2a,p2b
|-damage|p2a: Kyogre|91/100
|-damage|p2b: Maushold|76/100
|move|p2a: Kyogre|Water Spout|p1a: Koraidon|[spread] p1b
|-activate|p1a: Koraidon|move: Protect
|-damage|p1b: Scream Tail|6/100
|
|-weather|RainDance|[upkeep]
|upkeep
|turn|4
|
|t:|1750797531
|move|p2b: Maushold|Follow Me|p2b: Maushold
|-singleturn|p2b: Maushold|move: Follow Me
|move|p1a: Koraidon|Collision Course|p2b: Maushold
|-supereffective|p2b: Maushold
|-damage|p2b: Maushold|0 fnt
|faint|p2b: Maushold
|move|p1b: Scream Tail|Disable|p2a: Kyogre
|-start|p2a: Kyogre|Disable|Water Spout
|cant|p2a: Kyogre|Disable|Water Spout
|
|-weather|RainDance|[upkeep]
|upkeep
|
|t:|1750797536
|switch|p2b: Calyrex|Calyrex-Shadow, L50|100/100
|-ability|p2b: Calyrex|As One
|-ability|p2b: Calyrex|Unnerve
|turn|5
|
|t:|1750797561
|move|p1a: Koraidon|Collision Course|p2a: Kyogre
|-damage|p2a: Kyogre|35/100
|move|p2b: Calyrex|Astral Barrage|p1a: Koraidon|[spread] p1a,p1b
|-supereffective|p1b: Scream Tail
|-damage|p1a: Koraidon|32/100
|-damage|p1b: Scream Tail|0 fnt
|faint|p1b: Scream Tail
|-end|p1b: Scream Tail|Protosynthesis|[silent]
|-ability|p2b: Calyrex|Grim Neigh|boost
|-boost|p2b: Calyrex|spa|1
|move|p2a: Kyogre|Origin Pulse|p1a: Koraidon
|-supereffective|p1a: Koraidon
|-damage|p1a: Koraidon|0 fnt
|faint|p1a: Koraidon
|
|-weather|RainDance|[upkeep]
|-fieldend|move: Psychic Terrain
|upkeep
|
|t:|1750797566
|switch|p1b: Calyrex|Calyrex-Shadow, L50|100/100
|-ability|p1b: Calyrex|As One
|-ability|p1b: Calyrex|Unnerve
|turn|6
|
|t:|1750797587
|move|p1b: Calyrex|Astral Barrage|p2b: Calyrex|[spread] p2a,p2b
|-supereffective|p2b: Calyrex
|-damage|p2a: Kyogre|0 fnt
|-enditem|p2b: Calyrex|Focus Sash
|-damage|p2b: Calyrex|1/100
|faint|p2a: Kyogre
|-ability|p1b: Calyrex|Grim Neigh|boost
|-boost|p1b: Calyrex|spa|1
|move|p2b: Calyrex|Astral Barrage|p1b: Calyrex
|-supereffective|p1b: Calyrex
|-damage|p1b: Calyrex|0 fnt
|faint|p1b: Calyrex
|
|win|Moosewii7
|raw|ren122333's rating: 1451 &rarr; <strong>1431</strong><br />(-20 for losing)
|raw|Moosewii7's rating: 1448 &rarr; <strong>1468</strong><br />(+20 for winning)
|l|☆ren122333
|player|p1|
|l|☆Moosewii7
|player|p2|
