|j|☆MeaniaVGC
|j|☆BooperDooper16
|t:|1750795351
|gametype|doubles
|player|p1|MeaniaVGC|red|1114
|player|p2|BooperDooper16|grimsley|1000
|teamsize|p1|6
|teamsize|p2|6
|gen|9
|tier|[Gen 9] VGC 2025 Reg I
|rated|
|rule|Species Clause: Limit one of each Pokémon
|rule|Item Clause: Limit 1 of each item
|clearpoke
|poke|p1|Koraidon, L50|
|poke|p1|Amoonguss, L50, F|
|poke|p1|Incineroar, L50, M|
|poke|p1|Scream Tail, L50|
|poke|p1|Gothitelle, L50, F|
|poke|p1|Calyrex-Shadow, L50|
|poke|p2|Koraidon, L50|
|poke|p2|Groudon, L50|
|poke|p2|Walking Wake, L50|
|poke|p2|Venusaur, L50, M|
|poke|p2|Incineroar, L50, M|
|poke|p2|Landorus-Therian, L50, M|
|teampreview|4
|inactive|Battle timer is ON: inactive players will automatically lose when time's up. (requested by BooperDooper16)
|inactive|BooperDooper16 has 60 seconds left.
|
|t:|1750795387
|start
|switch|p1a: Gothitelle|Gothitelle, L50, F|100/100
|switch|p1b: Bigglyruff|Scream Tail, L50|100/100
|switch|p2a: Winged King|Koraidon, L50|100/100
|switch|p2b: ChloroPhil|Venusaur, L50, M, shiny|100/100
|-weather|SunnyDay|[from] ability: Orichalcum Pulse|[of] p2a: Winged King
|-activate|p1b: Bigglyruff|ability: Protosynthesis
|-start|p1b: Bigglyruff|protosynthesisspe
|-activate|p2a: Winged King|Orichalcum Pulse|[source]
|turn|1
|inactive|BooperDooper16 has 30 seconds left.
|inactive|BooperDooper16 has 20 seconds left.
|
|t:|1750795423
|move|p1a: Gothitelle|Fake Out|p2b: ChloroPhil
|-damage|p2b: ChloroPhil|95/100
|move|p1b: Bigglyruff|Perish Song|p1b: Bigglyruff
|-start|p1a: Gothitelle|perish3|[silent]
|-start|p1b: Bigglyruff|perish3|[silent]
|-start|p2a: Winged King|perish3|[silent]
|-start|p2b: ChloroPhil|perish3|[silent]
|-fieldactivate|move: Perish Song
|cant|p2b: ChloroPhil|flinch
|move|p2a: Winged King|Flare Blitz|p1b: Bigglyruff
|-damage|p1b: Bigglyruff|37/100
|-damage|p2a: Winged King|74/100|[from] Recoil
|
|-weather|SunnyDay|[upkeep]
|-heal|p2b: ChloroPhil|100/100|[from] item: Leftovers
|-start|p1b: Bigglyruff|perish3
|-start|p2b: ChloroPhil|perish3
|-start|p2a: Winged King|perish3
|-start|p1a: Gothitelle|perish3
|upkeep
|turn|2
|
|t:|1750795448
|move|p1b: Bigglyruff|Protect|p1b: Bigglyruff
|-singleturn|p1b: Bigglyruff|Protect
|move|p1a: Gothitelle|Protect|p1a: Gothitelle
|-singleturn|p1a: Gothitelle|Protect
|move|p2b: ChloroPhil|Sludge Bomb|p1b: Bigglyruff
|-activate|p1b: Bigglyruff|move: Protect
|move|p2a: Winged King|Flare Blitz|p1a: Gothitelle
|-activate|p1a: Gothitelle|move: Protect
|
|-weather|SunnyDay|[upkeep]
|-start|p1b: Bigglyruff|perish2
|-start|p2b: ChloroPhil|perish2
|-start|p2a: Winged King|perish2
|-start|p1a: Gothitelle|perish2
|upkeep
|turn|3
|inactive|MeaniaVGC has 30 seconds left.
|
|t:|1750795473
|-terastallize|p1a: Gothitelle|Water
|move|p1b: Bigglyruff|Disable|p2b: ChloroPhil
|-start|p2b: ChloroPhil|Disable|Sludge Bomb
|cant|p2b: ChloroPhil|Disable|Sludge Bomb
|move|p2a: Winged King|U-turn|p1a: Gothitelle
|-damage|p1a: Gothitelle|73/100
|
|t:|1750795486
|switch|p2a: Stalking Steak|Walking Wake, L50|100/100|[from] U-turn
|-activate|p2a: Stalking Steak|ability: Protosynthesis
|-start|p2a: Stalking Steak|protosynthesisspe
|move|p1a: Gothitelle|Psychic|p2b: ChloroPhil
|-supereffective|p2b: ChloroPhil
|-damage|p2b: ChloroPhil|37/100
|
|-weather|SunnyDay|[upkeep]
|-heal|p2b: ChloroPhil|43/100|[from] item: Leftovers
|-heal|p1a: Gothitelle|80/100|[from] item: Leftovers
|-start|p1b: Bigglyruff|perish1
|-start|p2b: ChloroPhil|perish1
|-start|p1a: Gothitelle|perish1
|upkeep
|turn|4
|
|t:|1750795509
|-end|p1b: Bigglyruff|Protosynthesis|[silent]
|switch|p1b: Calyrex|Calyrex-Shadow, L50|100/100
|-ability|p1b: Calyrex|As One
|-ability|p1b: Calyrex|Unnerve
|move|p1a: Gothitelle|Protect|p1a: Gothitelle
|-singleturn|p1a: Gothitelle|Protect
|move|p2a: Stalking Steak|Hydro Steam|p1b: Calyrex
|-damage|p1b: Calyrex|44/100
|move|p2b: ChloroPhil|Energy Ball|p1a: Gothitelle
|-activate|p1a: Gothitelle|move: Protect
|
|-weather|SunnyDay|[upkeep]
|-heal|p2b: ChloroPhil|49/100|[from] item: Leftovers
|-heal|p1a: Gothitelle|86/100|[from] item: Leftovers
|-start|p2b: ChloroPhil|perish0
|-start|p1a: Gothitelle|perish0
|faint|p2b: ChloroPhil
|faint|p1a: Gothitelle
|upkeep
|
|t:|1750795533
|switch|p2b: Ronald McDonald|Incineroar, L50, M, shiny|100/100
|switch|p1a: Winged Wing|Koraidon, L50|100/100
|-activate|p1a: Winged Wing|ability: Orichalcum Pulse
|-ability|p2b: Ronald McDonald|Intimidate|boost
|-unboost|p1a: Winged Wing|atk|1
|-unboost|p1b: Calyrex|atk|1
|turn|5
|
|t:|1750795558
|move|p1b: Calyrex|Protect|p1b: Calyrex
|-singleturn|p1b: Calyrex|Protect
|move|p1a: Winged Wing|Protect|p1a: Winged Wing
|-singleturn|p1a: Winged Wing|Protect
|move|p2b: Ronald McDonald|Fake Out|p1a: Winged Wing
|-activate|p1a: Winged Wing|move: Protect
|move|p2a: Stalking Steak|Hydro Steam|p1b: Calyrex
|-activate|p1b: Calyrex|move: Protect
|
|-weather|none
|-end|p2a: Stalking Steak|Protosynthesis
|upkeep
|-enditem|p2a: Stalking Steak|Booster Energy
|-activate|p2a: Stalking Steak|ability: Protosynthesis|[fromitem]
|-start|p2a: Stalking Steak|protosynthesisspe
|turn|6
|
|t:|1750795582
|-terastallize|p2b: Ronald McDonald|Water
|move|p2a: Stalking Steak|Dragon Pulse|p1a: Winged Wing
|-supereffective|p1a: Winged Wing
|-damage|p1a: Winged Wing|8/100
|move|p1b: Calyrex|Astral Barrage|p2b: Ronald McDonald|[spread] p2a,p2b
|-damage|p2a: Stalking Steak|37/100
|-damage|p2b: Ronald McDonald|56/100
|move|p1a: Winged Wing|Close Combat|p2b: Ronald McDonald
|-damage|p2b: Ronald McDonald|3/100
|-unboost|p1a: Winged Wing|def|1
|-unboost|p1a: Winged Wing|spd|1
|-damage|p1a: Winged Wing|0 fnt|[from] item: Life Orb
|faint|p1a: Winged Wing
|move|p2b: Ronald McDonald|Knock Off|p1b: Calyrex
|-supereffective|p1b: Calyrex
|-damage|p1b: Calyrex|0 fnt
|-enditem|p1b: Calyrex|Focus Sash|[from] move: Knock Off|[of] p2b: Ronald McDonald
|-enditem|p2b: Ronald McDonald|Sitrus Berry|[eat]
|-heal|p2b: Ronald McDonald|28/100|[from] item: Sitrus Berry
|faint|p1b: Calyrex
|
|upkeep
|
|t:|1750795596
|switch|p1a: Bigglyruff|Scream Tail, L50|37/100
|-enditem|p1a: Bigglyruff|Booster Energy
|-activate|p1a: Bigglyruff|ability: Protosynthesis|[fromitem]
|-start|p1a: Bigglyruff|protosynthesisspe
|turn|7
|-message|MeaniaVGC forfeited.
|
|win|BooperDooper16
|raw|MeaniaVGC's rating: 1114 &rarr; <strong>1081</strong><br />(-33 for losing)
|raw|BooperDooper16's rating: 1000 &rarr; <strong>1053</strong><br />(+53 for winning)
|l|☆MeaniaVGC
|player|p1|
|c|☆BooperDooper16|GG
