|j|☆forgottenbladelost
|j|☆Slowpoke Well YT
|t:|1750798320
|gametype|doubles
|player|p1|forgottenbladelost|riley|1347
|player|p2|Slowpoke Well YT|ethan|1435
|teamsize|p1|6
|teamsize|p2|6
|gen|9
|tier|[Gen 9] VGC 2025 Reg I
|rated|
|rule|Species Clause: Limit one of each Pokémon
|rule|Item Clause: Limit 1 of each item
|clearpoke
|poke|p1|Zamazenta-*, L50|
|poke|p1|Terapagos, L50, M|
|poke|p1|Whimsicott, L50, F|
|poke|p1|Flutter Mane, L50|
|poke|p1|Urshifu-*, L50, M|
|poke|p1|Moltres, L50|
|poke|p2|Necrozma-Dawn-Wings, L50|
|poke|p2|Calyrex-Ice, L50|
|poke|p2|Indeedee-F, L50, F|
|poke|p2|Ursaluna, L50, M|
|poke|p2|Torkoal, L50, M|
|poke|p2|Smeargle, L50, M|
|teampreview|4
|inactive|Battle timer is ON: inactive players will automatically lose when time's up. (requested by Slowpoke Well YT)
forgottenbladelost rejected open team sheets.
|inactive|Slowpoke Well YT has 60 seconds left.
|
|t:|1750798374
|start
|switch|p1a: Whimsicott|Whimsicott, L50, F|100/100
|switch|p1b: Terapagos|Terapagos, L50, M|100/100
|switch|p2a: Necrozma|Necrozma-Dawn-Wings, L50, shiny|100/100
|switch|p2b: Indeedee|Indeedee-F, L50, F|100/100
|-activate|p1b: Terapagos|ability: Tera Shift
|detailschange|p1b: Terapagos|Terapagos-Terastal, L50, M
|-heal|p1b: Terapagos|100/100|[silent]
|-fieldstart|move: Psychic Terrain|[from] ability: Psychic Surge|[of] p2b: Indeedee
|turn|1
|inactive|Slowpoke Well YT has 30 seconds left.
|inactive|Slowpoke Well YT has 20 seconds left.
|inactive|Slowpoke Well YT has 15 seconds left.
|inactive|Slowpoke Well YT has 10 seconds left.
|
|t:|1750798421
|-terastallize|p1b: Terapagos|Stellar
|detailschange|p1b: Terapagos|Terapagos-Stellar, L50, M, tera:Stellar
|-heal|p1b: Terapagos|100/100|[silent]
|-ability|p1b: Terapagos|Teraform Zero
|-fieldend|move: Psychic Terrain
|move|p1a: Whimsicott|Dazzling Gleam|p2b: Indeedee|[spread] p2a,p2b
|-damage|p2a: Necrozma|84/100
|-damage|p2b: Indeedee|75/100
|move|p1b: Terapagos|Tera Starstorm|p2a: Necrozma|[spread] p2a,p2b
|-damage|p2a: Necrozma|36/100
|-damage|p2b: Indeedee|17/100
|move|p2a: Necrozma|Meteor Beam||[still]
|-prepare|p2a: Necrozma|Meteor Beam
|-boost|p2a: Necrozma|spa|1
|-enditem|p2a: Necrozma|Power Herb
|-anim|p2a: Necrozma|Meteor Beam|p1b: Terapagos
|-damage|p1b: Terapagos|47/100
|move|p2b: Indeedee|Trick Room|p2b: Indeedee
|-fieldstart|move: Trick Room|[of] p2b: Indeedee
|
|upkeep
|turn|2
|inactive|Slowpoke Well YT has 30 seconds left.
|inactive|Slowpoke Well YT has 20 seconds left.
|inactive|Slowpoke Well YT has 15 seconds left.
|
|t:|1750798466
|switch|p2a: Ursaluna|Ursaluna, L50, M|100/100
|move|p1a: Whimsicott|Encore|p2b: Indeedee
|-start|p2b: Indeedee|Encore
|move|p2b: Indeedee|Trick Room|p2b: Indeedee
|-fieldend|move: Trick Room
|move|p1b: Terapagos|Tera Starstorm|p2b: Indeedee|[spread] p2a,p2b
|-damage|p2a: Ursaluna|40/100
|-damage|p2b: Indeedee|0 fnt
|faint|p2b: Indeedee
|
|-status|p2a: Ursaluna|brn|[from] item: Flame Orb
|upkeep
|
|t:|1750798478
|switch|p2b: Calyrex|Calyrex-Ice, L50|100/100
|-ability|p2b: Calyrex|As One
|-ability|p2b: Calyrex|Unnerve
|turn|3
|
|t:|1750798487
|move|p2a: Ursaluna|Protect|p2a: Ursaluna
|-singleturn|p2a: Ursaluna|Protect
|move|p1a: Whimsicott|Tailwind|p1a: Whimsicott
|-sidestart|p1: forgottenbladelost|move: Tailwind
|move|p1b: Terapagos|Tera Starstorm|p2a: Ursaluna|[spread] p2b
|-activate|p2a: Ursaluna|move: Protect
|-damage|p2b: Calyrex|59/100
|move|p2b: Calyrex|Glacial Lance|p1a: Whimsicott|[spread] p1a,p1b
|-supereffective|p1a: Whimsicott
|-enditem|p1a: Whimsicott|Focus Sash
|-damage|p1a: Whimsicott|1/100
|-damage|p1b: Terapagos|2/100
|
|-damage|p2a: Ursaluna|34/100 brn|[from] brn
|upkeep
|turn|4
|
|t:|1750798510
|move|p2a: Ursaluna|Protect|p2a: Ursaluna
|-singleturn|p2a: Ursaluna|Protect
|move|p1a: Whimsicott|Encore|p2a: Ursaluna
|-activate|p2a: Ursaluna|move: Protect
|move|p1b: Terapagos|Tera Starstorm|p2a: Ursaluna|[spread] p2b
|-activate|p2a: Ursaluna|move: Protect
|-damage|p2b: Calyrex|18/100
|move|p2b: Calyrex|Glacial Lance|p1a: Whimsicott|[spread] p1a,p1b
|-supereffective|p1a: Whimsicott
|-damage|p1a: Whimsicott|0 fnt
|-damage|p1b: Terapagos|0 fnt
|faint|p1a: Whimsicott
|faint|p1b: Terapagos
|detailschange|p1: Terapagos|Terapagos, L50, M|[silent]
|-ability|p2b: Calyrex|Chilling Neigh|boost
|-boost|p2b: Calyrex|atk|2
|
|-damage|p2a: Ursaluna|28/100 brn|[from] brn
|upkeep
|
|t:|1750798522
|switch|p1a: Moltres|Moltres, L50|100/100
|switch|p1b: Zamazenta|Zamazenta-Crowned, L50|100/100
|-ability|p1b: Zamazenta|Dauntless Shield|boost
|-boost|p1b: Zamazenta|def|1
|turn|5
|inactive|Slowpoke Well YT has 30 seconds left.
|
|t:|1750798553
|-terastallize|p2a: Ursaluna|Ghost
|move|p2b: Calyrex|Protect|p2b: Calyrex
|-singleturn|p2b: Calyrex|Protect
|move|p1b: Zamazenta|Body Press|p2a: Ursaluna
|-immune|p2a: Ursaluna
|move|p1a: Moltres|Flamethrower|p2b: Calyrex
|-activate|p2b: Calyrex|move: Protect
|move|p2a: Ursaluna|Facade|p1a: Moltres
|-damage|p1a: Moltres|0 fnt
|faint|p1a: Moltres
|
|-damage|p2a: Ursaluna|22/100 brn|[from] brn
|upkeep
|turn|6
|
|t:|1750798570
|move|p1b: Zamazenta|Heavy Slam|p2a: Ursaluna
|-damage|p2a: Ursaluna|4/100 brn
|move|p2a: Ursaluna|Headlong Rush|p1b: Zamazenta
|-supereffective|p1b: Zamazenta
|-damage|p1b: Zamazenta|18/100
|-unboost|p2a: Ursaluna|def|1
|-unboost|p2a: Ursaluna|spd|1
|move|p2b: Calyrex|Trick Room|p2b: Calyrex
|-fieldstart|move: Trick Room|[of] p2b: Calyrex
|
|-damage|p2a: Ursaluna|0 fnt|[from] brn
|faint|p2a: Ursaluna
|-sideend|p1: forgottenbladelost|move: Tailwind
|upkeep
|
|t:|1750798580
|switch|p2a: Necrozma|Necrozma-Dawn-Wings, L50, shiny|36/100
|turn|7
|
|t:|1750798594
|move|p2b: Calyrex|High Horsepower|p1b: Zamazenta
|-supereffective|p1b: Zamazenta
|-damage|p1b: Zamazenta|0 fnt
|faint|p1b: Zamazenta
|
|win|Slowpoke Well YT
|raw|forgottenbladelost's rating: 1347 &rarr; <strong>1332</strong><br />(-15 for losing)
|raw|Slowpoke Well YT's rating: 1435 &rarr; <strong>1450</strong><br />(+15 for winning)
|l|☆Slowpoke Well YT
|player|p2|
