|j|☆FlyingDingo
|j|☆caprican
|t:|1750747061
|gametype|doubles
|player|p1|FlyingDingo|hilda-wonderlauncher|1345
|player|p2|caprican|skyla|1303
|teamsize|p1|6
|teamsize|p2|6
|gen|9
|tier|[Gen 9] VGC 2025 Reg I
|rated|
|rule|Species Clause: Limit one of each Pokémon
|rule|Item Clause: Limit 1 of each item
|clearpoke
|poke|p1|Giratina-Origin, L50|
|poke|p1|Kleavor, L50, F|
|poke|p1|Zamazenta-*, L50|
|poke|p1|Rillaboom, L50, M|
|poke|p1|Chi-Yu, L50|
|poke|p1|Urshifu-*, L50, M|
|poke|p2|Miraidon, L50|
|poke|p2|Calyrex-Ice, L50|
|poke|p2|Incineroar, L50, F|
|poke|p2|Iron Hands, L50|
|poke|p2|Farigiraf, L50, F|
|poke|p2|Iron Treads, L50|
|teampreview|4
|
|t:|1750747085
|start
|switch|p1a: Giratina|Giratina-Origin, L50|100/100
|switch|p1b: Kleavor|Kleavor, L50, F|100/100
|switch|p2a: MEOW|Incineroar, L50, F, shiny|100/100
|switch|p2b: TERA ICE|Calyrex-Ice, L50|100/100
|-ability|p2b: TERA ICE|As One
|-ability|p2b: TERA ICE|Unnerve
|-ability|p2a: MEOW|Intimidate|boost
|-unboost|p1a: Giratina|atk|1
|-unboost|p1b: Kleavor|atk|1
|turn|1
|
|t:|1750747108
|-terastallize|p1a: Giratina|Fire
|move|p1b: Kleavor|Protect|p1b: Kleavor
|-singleturn|p1b: Kleavor|Protect
|move|p2b: TERA ICE|Protect|p2b: TERA ICE
|-singleturn|p2b: TERA ICE|Protect
|move|p1a: Giratina|Poltergeist|p2b: TERA ICE
|-activate|p2b: TERA ICE|move: Protect
|move|p2a: MEOW|Will-O-Wisp|p1b: Kleavor
|-activate|p1b: Kleavor|move: Protect
|
|upkeep
|turn|2
|
|t:|1750747150
|switch|p2a: CLAPPER|Iron Hands, L50|100/100
|-terastallize|p2b: TERA ICE|Fire
|move|p1b: Kleavor|Stone Axe|p2b: TERA ICE
|-supereffective|p2b: TERA ICE
|-damage|p2b: TERA ICE|60/100
|-sidestart|p2: caprican|move: Stealth Rock
|move|p1a: Giratina|Poltergeist|p2b: TERA ICE
|-activate|p2b: TERA ICE|move: Poltergeist|Clear Amulet
|-crit|p2b: TERA ICE
|-damage|p2b: TERA ICE|0 fnt
|faint|p2b: TERA ICE
|
|upkeep
|c|☆caprican|....
|c|☆caprican|better lucky than good i guess
|
|t:|1750747178
|switch|p2b: MEOW|Incineroar, L50, F, shiny|100/100
|-damage|p2b: MEOW|76/100|[from] Stealth Rock
|-ability|p2b: MEOW|Intimidate|boost
|-unboost|p1a: Giratina|atk|1
|-unboost|p1b: Kleavor|atk|1
|turn|3
|
|t:|1750747208
|switch|p1b: Rillaboom|Rillaboom, L50, M|100/100
|-fieldstart|move: Grassy Terrain|[from] ability: Grassy Surge|[of] p1b: Rillaboom
|switch|p1a: Zamazenta|Zamazenta-Crowned, L50|100/100
|-ability|p1a: Zamazenta|Dauntless Shield|boost
|-boost|p1a: Zamazenta|def|1
|move|p2b: MEOW|Fake Out|p1a: Zamazenta
|-resisted|p1a: Zamazenta
|-damage|p1a: Zamazenta|98/100
|move|p2a: CLAPPER|Low Kick|p1b: Rillaboom
|-damage|p1b: Rillaboom|53/100
|
|-heal|p1a: Zamazenta|100/100|[from] Grassy Terrain
|-heal|p1b: Rillaboom|59/100|[from] Grassy Terrain
|-heal|p2b: MEOW|82/100|[from] Grassy Terrain
|upkeep
|turn|4
|
|t:|1750747234
|switch|p2b: THE DON|Miraidon, L50|100/100
|-damage|p2b: THE DON|88/100|[from] Stealth Rock
|-fieldstart|move: Electric Terrain|[from] ability: Hadron Engine|[of] p2b: THE DON
|-activate|p2a: CLAPPER|ability: Quark Drive
|-start|p2a: CLAPPER|quarkdriveatk
|move|p1b: Rillaboom|Fake Out|p2a: CLAPPER
|-damage|p2a: CLAPPER|92/100
|move|p1a: Zamazenta|Body Press|p2b: THE DON
|-damage|p2b: THE DON|28/100
|cant|p2a: CLAPPER|flinch
|
|upkeep
|turn|5
|c|☆caprican|yeah double crit won you the game gg
|c|☆caprican|80% acc moves
|-message|caprican forfeited.
|
|win|FlyingDingo
|raw|FlyingDingo's rating: 1345 &rarr; <strong>1363</strong><br />(+18 for winning)
|raw|caprican's rating: 1303 &rarr; <strong>1285</strong><br />(-18 for losing)
|l|☆caprican
|player|p2|
|l|☆FlyingDingo
|player|p1|
