|j|☆Pepe Risi
|j|☆anthonyefra
|t:|1750870175
|gametype|doubles
|player|p1|Pepe Risi|swimmer-gen4dp|1275
|player|p2|anthonyefra|benga|1288
|teamsize|p1|6
|teamsize|p2|6
|gen|9
|tier|[Gen 9] VGC 2025 Reg I
|rated|
|rule|Species Clause: Limit one of each Pokémon
|rule|Item Clause: Limit 1 of each item
|clearpoke
|poke|p1|Dialga-Origin, L50|
|poke|p1|Indeedee-F, L50, F|
|poke|p1|Ursaluna, L50, M|
|poke|p1|Ogerpon-Cornerstone, L50, F|
|poke|p1|Calyrex-Ice, L50|
|poke|p1|Smeargle, L50, F|
|poke|p2|Corviknight, L50, M|
|poke|p2|Weezing-Galar, L50, M|
|poke|p2|Toedscruel, L50, F|
|poke|p2|Typhlosion-Hisui, L50, M|
|poke|p2|Groudon, L50|
|poke|p2|Miraidon, L50|
|teampreview|4
anthonyefra rejected open team sheets.
|inactive|Battle timer is ON: inactive players will automatically lose when time's up. (requested by anthonyefra)
|
|t:|1750870209
|start
|switch|p1a: Calyrex|Calyrex-Ice, L50|100/100
|switch|p1b: Smeargle|Smeargle, L50, F|100/100
|switch|p2a: Weezing|Weezing-Galar, L50, M|100/100
|switch|p2b: Toedscruel|Toedscruel, L50, F|100/100
|-ability|p2a: Weezing|Neutralizing Gas
|-ability|p1a: Calyrex|As One
|-ability|p1a: Calyrex|Unnerve
|turn|1
|
|t:|1750870233
|move|p1b: Smeargle|Fake Out|p2b: Toedscruel
|-damage|p2b: Toedscruel|93/100
|cant|p2b: Toedscruel|flinch
|move|p2a: Weezing|Flamethrower|p1a: Calyrex
|-supereffective|p1a: Calyrex
|-damage|p1a: Calyrex|50/100
|move|p1a: Calyrex|Trick Room|p1a: Calyrex
|-fieldstart|move: Trick Room|[of] p1a: Calyrex
|
|upkeep
|turn|2
|
|t:|1750870251
|-terastallize|p2b: Toedscruel|Water
|move|p1a: Calyrex|Protect|p1a: Calyrex
|-singleturn|p1a: Calyrex|Protect
|move|p2a: Weezing|Flamethrower|p1a: Calyrex
|-activate|p1a: Calyrex|move: Protect
|move|p1b: Smeargle|Decorate|p1a: Calyrex
|-boost|p1a: Calyrex|atk|2
|-boost|p1a: Calyrex|spa|2
|move|p2b: Toedscruel|Spore|p1b: Smeargle
|-status|p1b: Smeargle|slp|[from] move: Spore
|
|upkeep
|turn|3
|
|t:|1750870270
|switch|p1b: Ursaluna|Ursaluna, L50, M, shiny|100/100
|move|p1a: Calyrex|Glacial Lance|p2a: Weezing|[spread] p2a,p2b
|-resisted|p2b: Toedscruel
|-damage|p2a: Weezing|5/100
|-damage|p2b: Toedscruel|2/100
|move|p2a: Weezing|Flamethrower|p1a: Calyrex
|-supereffective|p1a: Calyrex
|-damage|p1a: Calyrex|0 fnt
|faint|p1a: Calyrex
|move|p2b: Toedscruel|Spore|p1b: Ursaluna
|-status|p1b: Ursaluna|slp|[from] move: Spore
|
|upkeep
|
|t:|1750870288
|switch|p1a: Dialga|Dialga-Origin, L50|100/100
|turn|4
|
|t:|1750870300
|cant|p1b: Ursaluna|slp
|move|p2a: Weezing|Flamethrower|p1a: Dialga
|-damage|p1a: Dialga|74/100
|move|p1a: Dialga|Dragon Pulse|p2b: Toedscruel
|-damage|p2b: Toedscruel|0 fnt
|faint|p2b: Toedscruel
|
|upkeep
|inactive|anthonyefra has 30 seconds left.
|inactive|anthonyefra has 20 seconds left.
|inactive|anthonyefra has 15 seconds left.
|
|t:|1750870342
|switch|p2b: Groudon|Groudon, L50|100/100
|turn|5
|inactive|Pepe Risi has 30 seconds left.
|inactive|Pepe Risi has 20 seconds left.
|
|t:|1750870377
|-terastallize|p1a: Dialga|Fairy
|move|p2b: Groudon|Protect|p2b: Groudon
|-singleturn|p2b: Groudon|Protect
|-curestatus|p1b: Ursaluna|slp|[msg]
|move|p1b: Ursaluna|Facade|p2b: Groudon
|-activate|p2b: Groudon|move: Protect
|move|p2a: Weezing|Flamethrower|p1a: Dialga
|-damage|p1a: Dialga|48/100
|move|p1a: Dialga|Flash Cannon|p2a: Weezing
|-supereffective|p2a: Weezing
|-damage|p2a: Weezing|0 fnt
|faint|p2a: Weezing
|-end|p2a: Weezing|ability: Neutralizing Gas
|-weather|SunnyDay|[from] ability: Drought|[of] p2b: Groudon
|
|-weather|SunnyDay|[upkeep]
|-fieldend|move: Trick Room
|-status|p1b: Ursaluna|brn|[from] item: Flame Orb
|upkeep
|inactive|anthonyefra has 30 seconds left.
|inactive|anthonyefra has 20 seconds left.
|
|t:|1750870416
|switch|p2a: Typhlosion|Typhlosion-Hisui, L50, M|100/100
|-item|p1a: Dialga|Adamant Crystal|[from] ability: Frisk|[of] p2a: Typhlosion
|-item|p1b: Ursaluna|Flame Orb|[from] ability: Frisk|[of] p2a: Typhlosion
|turn|6
|c|☆anthonyefra|kbro
|
|t:|1750870438
|move|p2a: Typhlosion|Eruption|p1b: Ursaluna|[spread] p1a,p1b
|-damage|p1a: Dialga|0 fnt
|-damage|p1b: Ursaluna|30/100 brn
|faint|p1a: Dialga
|move|p2b: Groudon|Precipice Blades|p1b: Ursaluna
|-damage|p1b: Ursaluna|0 fnt
|faint|p1b: Ursaluna
|
|-weather|SunnyDay|[upkeep]
|upkeep
|inactive|Pepe Risi has 30 seconds left.
|inactive|Pepe Risi has 20 seconds left.
|inactive|Pepe Risi has 15 seconds left.
|inactive|Pepe Risi has 10 seconds left.
|inactive|Pepe Risi has 5 seconds left.
|
|t:|1750870493
|switch|p1a: Smeargle|Smeargle, L50, F|100/100 slp
|turn|7
|inactive|Pepe Risi has 30 seconds left.
|inactive|Pepe Risi has 20 seconds left.
|inactive|Pepe Risi has 15 seconds left.
|inactive|Pepe Risi has 10 seconds left.
|inactive|Pepe Risi has 5 seconds left.
|
|t:|1750870548
|cant|p1a: Smeargle|slp
|move|p2a: Typhlosion|Eruption|p1a: Smeargle
|-enditem|p1a: Smeargle|Focus Sash
|-damage|p1a: Smeargle|1/100 slp
|move|p2b: Groudon|Precipice Blades|p1a: Smeargle
|-damage|p1a: Smeargle|0 fnt
|faint|p1a: Smeargle
|
|win|anthonyefra
|raw|Pepe Risi's rating: 1275 &rarr; <strong>1251</strong><br />(-24 for losing)
|raw|anthonyefra's rating: 1288 &rarr; <strong>1312</strong><br />(+24 for winning)
|l|☆anthonyefra
|player|p2|
|l| peperisi
