|j|☆originalwinner
|j|☆LH8xWDCorbst
|t:|1750864068
|gametype|doubles
|player|p1|originalwinner|170|1234
|player|p2|LH8xWDCorbst|red|1266
|teamsize|p1|6
|teamsize|p2|6
|gen|9
|tier|[Gen 9] VGC 2025 Reg I
|rated|
|rule|Species Clause: Limit one of each Pokémon
|rule|Item Clause: Limit 1 of each item
|clearpoke
|poke|p1|Eternatus, L50|
|poke|p1|Grimmsnarl, L50, M|
|poke|p1|Zacian-*, L50|
|poke|p1|Incineroar, L50, M|
|poke|p1|Rillaboom, L50, F|
|poke|p1|Urshifu-*, L50, M|
|poke|p2|Calyrex-Ice, L50|
|poke|p2|Miraidon, L50|
|poke|p2|Farigiraf, L50, M|
|poke|p2|Ogerpon-Wellspring, L50, F|
|poke|p2|Volcarona, L50, F|
|poke|p2|Iron Hands, L50|
|teampreview|4
|inactive|Battle timer is ON: inactive players will automatically lose when time's up. (requested by originalwinner)
|
|t:|1750864098
|start
|switch|p1a: Eternatus|Eternatus, L50|100/100
|switch|p1b: Incineroar|Incineroar, L50, M|100/100
|switch|p2a: Dragon|Miraidon, L50|100/100
|switch|p2b: Dream|Ogerpon-Wellspring, L50, F|100/100
|-fieldstart|move: Electric Terrain|[from] ability: Hadron Engine|[of] p2a: Dragon
|-ability|p1a: Eternatus|Pressure
|-ability|p1b: Incineroar|Intimidate|boost
|-unboost|p2a: Dragon|atk|1
|-unboost|p2b: Dream|atk|1
|turn|1
|
|t:|1750864114
|switch|p1b: Rillaboom|Rillaboom, L50, F|100/100
|-fieldstart|move: Grassy Terrain|[from] ability: Grassy Surge|[of] p1b: Rillaboom
|-terastallize|p1a: Eternatus|Grass
|move|p2a: Dragon|Draco Meteor|p1a: Eternatus
|-damage|p1a: Eternatus|27/100
|-unboost|p2a: Dragon|spa|2
|move|p1a: Eternatus|Cosmic Power|p1a: Eternatus
|-boost|p1a: Eternatus|def|1
|-boost|p1a: Eternatus|spd|1
|move|p2b: Dream|Ivy Cudgel|p1b: Rillaboom|[anim] Ivy Cudgel Water
|-resisted|p1b: Rillaboom
|-damage|p1b: Rillaboom|83/100
|
|-heal|p1a: Eternatus|33/100|[from] Grassy Terrain
|-heal|p1a: Eternatus|39/100|[from] item: Leftovers
|-heal|p1b: Rillaboom|88/100|[from] Grassy Terrain
|upkeep
|turn|2
|inactive|originalwinner has 30 seconds left.
|
|t:|1750864142
|move|p1b: Rillaboom|Fake Out|p2a: Dragon
|-damage|p2a: Dragon|87/100
|cant|p2a: Dragon|flinch
|move|p1a: Eternatus|Substitute|p1a: Eternatus
|-start|p1a: Eternatus|Substitute
|-damage|p1a: Eternatus|15/100
|move|p2b: Dream|Horn Leech|p1a: Eternatus
|-resisted|p1a: Eternatus
|-activate|p1a: Eternatus|move: Substitute|[damage]
|
|-heal|p2a: Dragon|93/100|[from] Grassy Terrain
|-heal|p1a: Eternatus|21/100|[from] Grassy Terrain
|-heal|p1a: Eternatus|27/100|[from] item: Leftovers
|-heal|p1b: Rillaboom|94/100|[from] Grassy Terrain
|upkeep
|turn|3
|
|t:|1750864157
|move|p2a: Dragon|Draco Meteor|p1a: Eternatus
|-end|p1a: Eternatus|Substitute
|-unboost|p2a: Dragon|spa|2
|move|p1a: Eternatus|Recover|p1a: Eternatus
|-heal|p1a: Eternatus|77/100
|move|p2b: Dream|Horn Leech|p1b: Rillaboom
|-resisted|p1b: Rillaboom
|-damage|p1b: Rillaboom|75/100
|move|p1b: Rillaboom|U-turn|p2b: Dream
|-supereffective|p2b: Dream
|-damage|p2b: Dream|58/100
|
|t:|1750864166
|switch|p1b: Zacian|Zacian-Crowned, L50|100/100|[from] U-turn
|-ability|p1b: Zacian|Intrepid Sword|boost
|-boost|p1b: Zacian|atk|1
|
|-heal|p2a: Dragon|99/100|[from] Grassy Terrain
|-heal|p1a: Eternatus|83/100|[from] Grassy Terrain
|-heal|p1a: Eternatus|89/100|[from] item: Leftovers
|-heal|p2b: Dream|64/100|[from] Grassy Terrain
|upkeep
|turn|4
|
|t:|1750864174
|move|p1b: Zacian|Protect|p1b: Zacian
|-singleturn|p1b: Zacian|Protect
|move|p2a: Dragon|Draco Meteor|p1a: Eternatus
|-damage|p1a: Eternatus|72/100
|-unboost|p2a: Dragon|spa|2
|move|p1a: Eternatus|Substitute|p1a: Eternatus
|-start|p1a: Eternatus|Substitute
|-damage|p1a: Eternatus|47/100
|move|p2b: Dream|Ivy Cudgel|p1b: Zacian|[anim] Ivy Cudgel Water
|-activate|p1b: Zacian|move: Protect
|
|-heal|p2a: Dragon|100/100|[from] Grassy Terrain
|-heal|p1a: Eternatus|53/100|[from] Grassy Terrain
|-heal|p1a: Eternatus|59/100|[from] item: Leftovers
|-heal|p2b: Dream|70/100|[from] Grassy Terrain
|upkeep
|turn|5
|
|t:|1750864189
|move|p1b: Zacian|Behemoth Blade|p2b: Dream
|-resisted|p2b: Dream
|-damage|p2b: Dream|27/100
|move|p2a: Dragon|Draco Meteor|p1a: Eternatus
|-activate|p1a: Eternatus|move: Substitute|[damage]
|move|p1a: Eternatus|Sludge Bomb|p2b: Dream
|-supereffective|p2b: Dream
|-damage|p2b: Dream|0 fnt
|faint|p2b: Dream
|
|-heal|p1a: Eternatus|65/100|[from] Grassy Terrain
|-heal|p1a: Eternatus|71/100|[from] item: Leftovers
|-fieldend|move: Grassy Terrain
|upkeep
|
|t:|1750864201
|switch|p2b: Fire Bug|Volcarona, L50, F|100/100
|turn|6
|
|t:|1750864208
|switch|p1b: Incineroar|Incineroar, L50, M|100/100
|-ability|p1b: Incineroar|Intimidate|boost
|-unboost|p2a: Dragon|atk|1
|-unboost|p2b: Fire Bug|atk|1
|switch|p2a: White Knight|Calyrex-Ice, L50|100/100
|-ability|p2a: White Knight|As One
|-ability|p2a: White Knight|Unnerve
|move|p1a: Eternatus|Sludge Bomb|p2b: Fire Bug
|-damage|p2b: Fire Bug|61/100
|move|p2b: Fire Bug|Fiery Dance|p1a: Eternatus
|-supereffective|p1a: Eternatus
|-end|p1a: Eternatus|Substitute
|
|-heal|p1a: Eternatus|77/100|[from] item: Leftovers
|upkeep
|turn|7
|inactive|originalwinner has 30 seconds left.
|
|t:|1750864234
|-terastallize|p2a: White Knight|Fire
|move|p1a: Eternatus|Substitute|p1a: Eternatus
|-start|p1a: Eternatus|Substitute
|-damage|p1a: Eternatus|53/100
|move|p2b: Fire Bug|Fiery Dance|p1a: Eternatus
|-supereffective|p1a: Eternatus
|-end|p1a: Eternatus|Substitute
|-boost|p2b: Fire Bug|spa|1
|move|p2a: White Knight|Glacial Lance|p1a: Eternatus|[spread] p1a,p1b
|-supereffective|p1a: Eternatus
|-resisted|p1b: Incineroar
|-damage|p1a: Eternatus|3/100
|-damage|p1b: Incineroar|78/100
|move|p1b: Incineroar|Flare Blitz|p2b: Fire Bug
|-damage|p2b: Fire Bug|17/100
|-damage|p1b: Incineroar|62/100|[from] item: Rocky Helmet|[of] p2b: Fire Bug
|-damage|p1b: Incineroar|48/100|[from] Recoil
|
|-heal|p1a: Eternatus|9/100|[from] item: Leftovers
|upkeep
|turn|8
|
|t:|1750864253
|move|p1a: Eternatus|Sludge Bomb|p2b: Fire Bug
|-damage|p2b: Fire Bug|0 fnt
|faint|p2b: Fire Bug
|move|p2a: White Knight|Glacial Lance|p1b: Incineroar|[spread] p1a,p1b
|-supereffective|p1a: Eternatus
|-resisted|p1b: Incineroar
|-damage|p1a: Eternatus|0 fnt
|-damage|p1b: Incineroar|26/100
|faint|p1a: Eternatus
|-ability|p2a: White Knight|Chilling Neigh|boost
|-boost|p2a: White Knight|atk|1
|move|p1b: Incineroar|Knock Off|p2a: White Knight
|-damage|p2a: White Knight|78/100
|-enditem|p2a: White Knight|Clear Amulet|[from] move: Knock Off|[of] p1b: Incineroar
|
|upkeep
|
|t:|1750864257
|switch|p1a: Zacian|Zacian-Crowned, L50|100/100
|switch|p2b: Dragon|Miraidon, L50|100/100
|-fieldstart|move: Electric Terrain|[from] ability: Hadron Engine|[of] p2b: Dragon
|turn|9
|inactive|LH8xWDCorbst has 30 seconds left.
|
|t:|1750864288
|move|p1a: Zacian|Play Rough|p2b: Dragon
|-supereffective|p2b: Dragon
|-damage|p2b: Dragon|0 fnt
|faint|p2b: Dragon
|move|p2a: White Knight|Glacial Lance|p1b: Incineroar|[spread] p1a,p1b
|-resisted|p1a: Zacian
|-resisted|p1b: Incineroar
|-damage|p1a: Zacian|65/100
|-damage|p1b: Incineroar|0 fnt
|faint|p1b: Incineroar
|-ability|p2a: White Knight|Chilling Neigh|boost
|-boost|p2a: White Knight|atk|1
|
|upkeep
|
|t:|1750864293
|switch|p1b: Rillaboom|Rillaboom, L50, F|75/100
|-fieldstart|move: Grassy Terrain|[from] ability: Grassy Surge|[of] p1b: Rillaboom
|turn|10
|c|☆LH8xWDCorbst|Ggwp
|
|t:|1750864300
|move|p1b: Rillaboom|Fake Out|p2a: White Knight
|-damage|p2a: White Knight|71/100
|move|p1a: Zacian|Sacred Sword|p2a: White Knight
|-damage|p2a: White Knight|50/100
|cant|p2a: White Knight|flinch
|
|-heal|p1a: Zacian|71/100|[from] Grassy Terrain
|-heal|p1b: Rillaboom|81/100|[from] Grassy Terrain
|-heal|p2a: White Knight|56/100|[from] Grassy Terrain
|upkeep
|turn|11
|
|t:|1750864309
|move|p1a: Zacian|Protect|p1a: Zacian
|-singleturn|p1a: Zacian|Protect
|move|p1b: Rillaboom|Wood Hammer|p2a: White Knight
|-resisted|p2a: White Knight
|-damage|p2a: White Knight|35/100
|-damage|p1b: Rillaboom|74/100|[from] Recoil
|move|p2a: White Knight|Glacial Lance|p1a: Zacian|[spread] p1b
|-activate|p1a: Zacian|move: Protect
|-supereffective|p1b: Rillaboom
|-damage|p1b: Rillaboom|0 fnt
|faint|p1b: Rillaboom
|-ability|p2a: White Knight|Chilling Neigh|boost
|-boost|p2a: White Knight|atk|1
|
|-heal|p1a: Zacian|77/100|[from] Grassy Terrain
|-heal|p2a: White Knight|41/100|[from] Grassy Terrain
|upkeep
|turn|12
|
|t:|1750864316
|move|p1a: Zacian|Sacred Sword|p2a: White Knight
|-damage|p2a: White Knight|19/100
|move|p2a: White Knight|Glacial Lance|p1a: Zacian
|-resisted|p1a: Zacian
|-damage|p1a: Zacian|0 fnt
|faint|p1a: Zacian
|
|win|LH8xWDCorbst
|raw|originalwinner's rating: 1234 &rarr; <strong>1211</strong><br />(-23 for losing)
|raw|LH8xWDCorbst's rating: 1266 &rarr; <strong>1289</strong><br />(+23 for winning)
|c|☆originalwinner|Gg
|c|☆LH8xWDCorbst|Wait I won
|c|☆LH8xWDCorbst|What the
|l|☆originalwinner
|player|p1|
|c|☆LH8xWDCorbst|My bad dude I didn't mean it like that I thought you were gonna win
