|j|☆Caljodino
|j|☆jussdoit
|t:|1750767927
|gametype|doubles
|player|p1|Caljodino|psychic-gen4|1330
|player|p2|jussdoit|unknown|1339
|teamsize|p1|6
|teamsize|p2|6
|gen|9
|tier|[Gen 9] VGC 2025 Reg I
|rated|
|rule|Species Clause: Limit one of each Pokémon
|rule|Item Clause: Limit 1 of each item
|clearpoke
|poke|p1|Mimikyu, L50, F|
|poke|p1|Calyrex-Ice, L50|
|poke|p1|Whimsicott, L50, M|
|poke|p1|Ogerpon-Hearthflame, L50, F|
|poke|p1|Kyogre, L50|
|poke|p1|Gastrodon-East, L50, M|
|poke|p2|Calyrex-Ice, L50|
|poke|p2|Raging Bolt, L50|
|poke|p2|Lunala, L50|
|poke|p2|Indeedee-F, L50, F|
|poke|p2|Tornadus, L50, M|
|poke|p2|Rillaboom, L50, M|
|teampreview|4
|inactive|Battle timer is ON: inactive players will automatically lose when time's up. (requested by jussdoit)
|inactive|Caljodino has 60 seconds left.
|inactive|jussdoit has 60 seconds left.
|
|t:|1750767979
|start
|switch|p1a: Mimikyu|Mimikyu, L50, F|100/100
|switch|p1b: Calyrex|Calyrex-Ice, L50|100/100
|switch|p2a: Lunala|Lunala, L50|100/100
|switch|p2b: Tornadus|Tornadus, L50, M|100/100
|-ability|p1b: Calyrex|As One
|-ability|p1b: Calyrex|Unnerve
|turn|1
|inactive|Caljodino has 30 seconds left.
|inactive|jussdoit has 30 seconds left.
|
|t:|1750768010
|-terastallize|p1b: Calyrex|Fire
|move|p2b: Tornadus|Bleakwind Storm|p1a: Mimikyu|[spread] p1a,p1b
|-activate|p1a: Mimikyu|ability: Disguise
|-damage|p1a: Mimikyu|100/100
|-damage|p1b: Calyrex|77/100
|-unboost|p1a: Mimikyu|spe|1
|detailschange|p1a: Mimikyu|Mimikyu-Busted, L50, F
|-damage|p1a: Mimikyu|88/100|[from] pokemon: Mimikyu-Busted
|-enditem|p1a: Mimikyu|Red Card|[of] p2b: Tornadus
|drag|p2b: Calyrex|Calyrex-Ice, L50|100/100
|-ability|p2b: Calyrex|As One
|-ability|p2b: Calyrex|Unnerve
|move|p2a: Lunala|Meteor Beam||[still]
|-prepare|p2a: Lunala|Meteor Beam
|-boost|p2a: Lunala|spa|1
|-enditem|p2a: Lunala|Power Herb
|-anim|p2a: Lunala|Meteor Beam|p1a: Mimikyu
|-damage|p1a: Mimikyu|8/100
|move|p1a: Mimikyu|Shadow Claw|p2a: Lunala
|-supereffective|p2a: Lunala
|-crit|p2a: Lunala
|-damage|p2a: Lunala|19/100
|move|p1b: Calyrex|Glacial Lance|p2a: Lunala|[spread] p2a,p2b
|-resisted|p2b: Calyrex
|-damage|p2a: Lunala|0 fnt
|-damage|p2b: Calyrex|71/100
|faint|p2a: Lunala
|-ability|p1b: Calyrex|Chilling Neigh|boost
|-boost|p1b: Calyrex|atk|1
|-damage|p1b: Calyrex|67/100|[from] item: Life Orb
|
|upkeep
|inactive|jussdoit has 30 seconds left.
|
|t:|1750768037
|switch|p2a: Rillaboom|Rillaboom, L50, M|100/100
|-fieldstart|move: Grassy Terrain|[from] ability: Grassy Surge|[of] p2a: Rillaboom
|turn|2
|
|t:|1750768049
|move|p1b: Calyrex|Protect|p1b: Calyrex
|-singleturn|p1b: Calyrex|Protect
|move|p2a: Rillaboom|Fake Out|p1b: Calyrex
|-activate|p1b: Calyrex|move: Protect
|move|p2b: Calyrex|Glacial Lance|p1a: Mimikyu|[spread] p1a
|-activate|p1b: Calyrex|move: Protect
|-damage|p1a: Mimikyu|0 fnt
|faint|p1a: Mimikyu
|-ability|p2b: Calyrex|Chilling Neigh|boost
|-boost|p2b: Calyrex|atk|1
|
|-heal|p2b: Calyrex|77/100|[from] Grassy Terrain
|-heal|p1b: Calyrex|73/100|[from] Grassy Terrain
|upkeep
|inactive|Caljodino has 30 seconds left.
|
|t:|1750768074
|switch|p1a: Ogerpon|Ogerpon-Hearthflame, L50, F|100/100
|-ability|p1a: Ogerpon|Mold Breaker
|turn|3
|
|t:|1750768088
|move|p2b: Calyrex|Protect|p2b: Calyrex
|-singleturn|p2b: Calyrex|Protect
|move|p1a: Ogerpon|Ivy Cudgel|p2b: Calyrex|[anim] Ivy Cudgel Fire
|-activate|p2b: Calyrex|move: Protect
|move|p2a: Rillaboom|U-turn|p1a: Ogerpon
|-damage|p1a: Ogerpon|73/100
|
|t:|1750768094
|switch|p2a: Tornadus|Tornadus, L50, M|100/100|[from] U-turn
|move|p1b: Calyrex|Glacial Lance|p2b: Calyrex|[spread] p2a
|-activate|p2b: Calyrex|move: Protect
|-supereffective|p2a: Tornadus
|-damage|p2a: Tornadus|0 fnt
|faint|p2a: Tornadus
|-ability|p1b: Calyrex|Chilling Neigh|boost
|-boost|p1b: Calyrex|atk|1
|-damage|p1b: Calyrex|63/100|[from] item: Life Orb
|
|-heal|p1a: Ogerpon|79/100|[from] Grassy Terrain
|-heal|p2b: Calyrex|83/100|[from] Grassy Terrain
|-heal|p1b: Calyrex|70/100|[from] Grassy Terrain
|upkeep
|
|t:|1750768107
|switch|p2a: Rillaboom|Rillaboom, L50, M|100/100
|turn|4
|
|t:|1750768116
|-terastallize|p2b: Calyrex|Fairy
|move|p1a: Ogerpon|Spiky Shield|p1a: Ogerpon
|-singleturn|p1a: Ogerpon|move: Protect
|move|p1b: Calyrex|Protect|p1b: Calyrex
|-singleturn|p1b: Calyrex|Protect
|move|p2a: Rillaboom|Wood Hammer|p1a: Ogerpon
|-activate|p1a: Ogerpon|move: Protect
|-damage|p2a: Rillaboom|88/100|[from] Spiky Shield|[of] p1a: Ogerpon
|move|p2b: Calyrex|Agility|p2b: Calyrex
|-boost|p2b: Calyrex|spe|2
|
|-heal|p2b: Calyrex|88/100|[from] Grassy Terrain
|-heal|p1a: Ogerpon|85/100|[from] Grassy Terrain
|-heal|p2a: Rillaboom|94/100|[from] Grassy Terrain
|-heal|p1b: Calyrex|76/100|[from] Grassy Terrain
|upkeep
|turn|5
|inactive|Caljodino has 30 seconds left.
|
|t:|1750768150
|move|p1a: Ogerpon|Follow Me|p1a: Ogerpon
|-singleturn|p1a: Ogerpon|move: Follow Me
|move|p2b: Calyrex|Glacial Lance|p1b: Calyrex|[spread] p1a,p1b
|-resisted|p1b: Calyrex
|-damage|p1a: Ogerpon|1/100
|-damage|p1b: Calyrex|50/100
|move|p2a: Rillaboom|Wood Hammer|p1a: Ogerpon
|-resisted|p1a: Ogerpon
|-damage|p1a: Ogerpon|0 fnt
|faint|p1a: Ogerpon
|-damage|p2a: Rillaboom|94/100|[from] Recoil
|move|p1b: Calyrex|Glacial Lance|p2a: Rillaboom|[spread] p2a,p2b
|-supereffective|p2a: Rillaboom
|-crit|p2a: Rillaboom
|-damage|p2a: Rillaboom|0 fnt
|-damage|p2b: Calyrex|0 fnt
|faint|p2a: Rillaboom
|faint|p2b: Calyrex
|-damage|p1b: Calyrex|40/100|[from] item: Life Orb
|
|win|Caljodino
|raw|Caljodino's rating: 1330 &rarr; <strong>1351</strong><br />(+21 for winning)
|raw|jussdoit's rating: 1339 &rarr; <strong>1318</strong><br />(-21 for losing)
|l|☆jussdoit
|player|p2|
|l|☆Caljodino
|player|p1|
