|j|☆a_lazytiger
|j|☆Tjbvgc
|t:|1750828073
|gametype|doubles
|player|p1|a_lazytiger|266|1284
|player|p2|Tjbvgc|unknown|1267
|teamsize|p1|6
|teamsize|p2|6
|gen|9
|tier|[Gen 9] VGC 2025 Reg I
|rated|
|rule|Species Clause: Limit one of each Pokémon
|rule|Item Clause: Limit 1 of each item
|clearpoke
|poke|p1|Miraidon, L50|
|poke|p1|Groudon, L50|
|poke|p1|Golem-Alola, L50, M|
|poke|p1|Raging Bolt, L50|
|poke|p1|Iron Bundle, L50|
|poke|p1|Swampert, L50, F|
|poke|p2|Zacian-*, L50|
|poke|p2|Gastrodon, L50, M|
|poke|p2|Ting-Lu, L50|
|poke|p2|Miraidon, L50|
|poke|p2|Okidogi, L50, M|
|poke|p2|Chien-Pao, L50|
|teampreview|4
|
|t:|1750828131
|start
|switch|p1a: Miraidon|Miraidon, L50|100/100
|switch|p1b: Golem|Golem-Alola, L50, M, shiny|100/100
|switch|p2a: Okidogi|Okidogi, L50, M|100/100
|switch|p2b: Chien-Pao|Chien-Pao, L50|100/100
|-ability|p2b: Chien-Pao|Sword of Ruin
|-fieldstart|move: Electric Terrain|[from] ability: Hadron Engine|[of] p1a: Miraidon
|turn|1
|inactive|Battle timer is ON: inactive players will automatically lose when time's up. (requested by a_lazytiger)
|
|t:|1750828157
|switch|p1a: Groudon|Groudon, L50|100/100
|-weather|SunnyDay|[from] ability: Drought|[of] p1a: Groudon
|move|p2b: Chien-Pao|Protect|p2b: Chien-Pao
|-singleturn|p2b: Chien-Pao|Protect
|move|p1b: Golem|Explosion|p2a: Okidogi|[spread] p2a
|-activate|p2b: Chien-Pao|move: Protect
|-immune|p1a: Groudon
|-damage|p2a: Okidogi|0 fnt
|faint|p1b: Golem
|faint|p2a: Okidogi
|
|-weather|SunnyDay|[upkeep]
|upkeep
|
|t:|1750828175
|switch|p2a: Gastrodon|Gastrodon, L50, M, shiny|100/100
|switch|p1b: Raging Bolt|Raging Bolt, L50|100/100
|-activate|p1b: Raging Bolt|ability: Protosynthesis
|-start|p1b: Raging Bolt|protosynthesisspa
|turn|2
|inactive|a_lazytiger has 30 seconds left.
|
|t:|1750828207
|-terastallize|p1a: Groudon|Fire
|move|p1b: Raging Bolt|Protect|p1b: Raging Bolt
|-singleturn|p1b: Raging Bolt|Protect
|move|p2b: Chien-Pao|Sacred Sword|p1a: Groudon
|-damage|p1a: Groudon|75/100
|move|p1a: Groudon|Heat Crash|p2b: Chien-Pao
|-supereffective|p2b: Chien-Pao
|-enditem|p2b: Chien-Pao|Focus Sash
|-damage|p2b: Chien-Pao|1/100
|move|p2a: Gastrodon|Muddy Water|p1a: Groudon|[spread] p1a
|-activate|p1b: Raging Bolt|move: Protect
|-supereffective|p1a: Groudon
|-damage|p1a: Groudon|48/100
|-unboost|p1a: Groudon|accuracy|1
|
|-weather|SunnyDay|[upkeep]
|-heal|p1a: Groudon|54/100|[from] item: Leftovers
|upkeep
|turn|3
|inactive|a_lazytiger has 30 seconds left.
|inactive|Tjbvgc has 30 seconds left.
|inactive|a_lazytiger has 20 seconds left.
|
|t:|1750828246
|move|p2b: Chien-Pao|Protect|p2b: Chien-Pao
|-singleturn|p2b: Chien-Pao|Protect
|move|p1b: Raging Bolt|Thunderclap||[still]
|-fail|p1b: Raging Bolt
|move|p1a: Groudon|Precipice Blades|p2b: Chien-Pao|[spread] 
|-activate|p2b: Chien-Pao|move: Protect
|-miss|p1a: Groudon|p2a: Gastrodon
|move|p2a: Gastrodon|Muddy Water|p1a: Groudon|[spread] p1a,p1b
|-supereffective|p1a: Groudon
|-resisted|p1b: Raging Bolt
|-damage|p1a: Groudon|27/100
|-damage|p1b: Raging Bolt|94/100
|
|-weather|SunnyDay|[upkeep]
|-heal|p1a: Groudon|32/100|[from] item: Leftovers
|upkeep
|turn|4
|inactive|a_lazytiger has 30 seconds left.
|inactive|Tjbvgc has 30 seconds left.
|
|t:|1750828279
|move|p1a: Groudon|Protect|p1a: Groudon
|-singleturn|p1a: Groudon|Protect
|move|p2b: Chien-Pao|Sucker Punch|p1b: Raging Bolt
|-damage|p1b: Raging Bolt|54/100
|move|p1b: Raging Bolt|Thunderclap||[still]
|-fail|p1b: Raging Bolt
|move|p2a: Gastrodon|Muddy Water|p1b: Raging Bolt|[spread] p1b
|-activate|p1a: Groudon|move: Protect
|-resisted|p1b: Raging Bolt
|-crit|p1b: Raging Bolt
|-damage|p1b: Raging Bolt|45/100
|
|-weather|SunnyDay|[upkeep]
|-heal|p1a: Groudon|38/100|[from] item: Leftovers
|upkeep
|turn|5
|
|t:|1750828297
|move|p1a: Groudon|Helping Hand|p1b: Raging Bolt
|-singleturn|p1b: Raging Bolt|Helping Hand|[of] p1a: Groudon
|move|p2b: Chien-Pao|Protect|p2b: Chien-Pao
|-singleturn|p2b: Chien-Pao|Protect
|move|p1b: Raging Bolt|Draco Meteor|p2a: Gastrodon
|-damage|p2a: Gastrodon|0 fnt
|-unboost|p1b: Raging Bolt|spa|2
|faint|p2a: Gastrodon
|-damage|p1b: Raging Bolt|35/100|[from] item: Life Orb
|
|-weather|none
|-end|p1b: Raging Bolt|Protosynthesis
|-heal|p1a: Groudon|44/100|[from] item: Leftovers
|-fieldend|move: Electric Terrain
|upkeep
|
|t:|1750828312
|switch|p2a: Zacian|Zacian-Crowned, L50|100/100
|-ability|p2a: Zacian|Intrepid Sword|boost
|-boost|p2a: Zacian|atk|1
|turn|6
|
|t:|1750828332
|-terastallize|p2a: Zacian|Ground
|move|p1a: Groudon|Protect|p1a: Groudon
|-singleturn|p1a: Groudon|Protect
|move|p1b: Raging Bolt|Protect|p1b: Raging Bolt
|-singleturn|p1b: Raging Bolt|Protect
|move|p2b: Chien-Pao|Sucker Punch||[still]
|-fail|p2b: Chien-Pao
|move|p2a: Zacian|Tera Blast|p1a: Groudon|[anim] Tera Blast Ground
|-activate|p1a: Groudon|move: Protect
|
|-heal|p1a: Groudon|50/100|[from] item: Leftovers
|upkeep
|turn|7
|inactive|a_lazytiger has 30 seconds left.
|
|t:|1750828361
|move|p1a: Groudon|Helping Hand|p1b: Raging Bolt
|-singleturn|p1b: Raging Bolt|Helping Hand|[of] p1a: Groudon
|move|p2b: Chien-Pao|Sucker Punch|p1b: Raging Bolt
|-damage|p1b: Raging Bolt|0 fnt
|faint|p1b: Raging Bolt
|-end|p1b: Raging Bolt|Protosynthesis|[silent]
|move|p2a: Zacian|Tera Blast|p1a: Groudon|[anim] Tera Blast Ground
|-supereffective|p1a: Groudon
|-damage|p1a: Groudon|0 fnt
|faint|p1a: Groudon
|
|upkeep
|
|t:|1750828375
|switch|p1a: Miraidon|Miraidon, L50|100/100
|-fieldstart|move: Electric Terrain|[from] ability: Hadron Engine|[of] p1a: Miraidon
|turn|8
|
|t:|1750828386
|move|p2a: Zacian|Tera Blast|p1a: Miraidon|[anim] Tera Blast Ground
|-supereffective|p1a: Miraidon
|-damage|p1a: Miraidon|0 fnt
|faint|p1a: Miraidon
|
|win|Tjbvgc
|raw|a_lazytiger's rating: 1284 &rarr; <strong>1258</strong><br />(-26 for losing)
|raw|Tjbvgc's rating: 1267 &rarr; <strong>1293</strong><br />(+26 for winning)
|l|☆Tjbvgc
|player|p2|
|l|☆a_lazytiger
|player|p1|
