|j|☆anubisjr
|j|☆naibot2814
|t:|1750807968
|gametype|doubles
|player|p1|anubisjr|265|1568
|player|p2|naibot2814|ghetsis|1585
|teamsize|p1|6
|teamsize|p2|6
|gen|9
|tier|[Gen 9] VGC 2025 Reg I
|rated|
|rule|Species Clause: Limit one of each Pokémon
|rule|Item Clause: Limit 1 of each item
|clearpoke
|poke|p1|Calyrex-Shadow, L50|
|poke|p1|Miraidon, L50|
|poke|p1|Whimsicott, L50, F|
|poke|p1|Iron Treads, L50|
|poke|p1|Urshifu-*, L50, F|
|poke|p1|Iron Hands, L50|
|poke|p2|Zamazenta-*, L50|
|poke|p2|Ogerpon-Hearthflame, L50, F|
|poke|p2|Calyrex-Shadow, L50|
|poke|p2|Incineroar, L50, M|
|poke|p2|Rillaboom, L50, M|
|poke|p2|Raging Bolt, L50|
|teampreview|4
|
|t:|1750807993
|start
|switch|p1a: Urshifu|Urshifu, L50, F|100/100
|switch|p1b: Iron Treads|Iron Treads, L50|100/100
|switch|p2a: Calyrex|Calyrex-Shadow, L50|100/100
|switch|p2b: Rillaboom|Rillaboom, L50, M|100/100
|-ability|p2a: Calyrex|As One
|-ability|p2a: Calyrex|Unnerve
|-fieldstart|move: Grassy Terrain|[from] ability: Grassy Surge|[of] p2b: Rillaboom
|turn|1
|
|t:|1750808019
|move|p1b: Iron Treads|Protect|p1b: Iron Treads
|-singleturn|p1b: Iron Treads|Protect
|move|p2b: Rillaboom|Fake Out|p1a: Urshifu
|-damage|p1a: Urshifu|87/100
|move|p2a: Calyrex|Astral Barrage|p1a: Urshifu|[spread] p1a
|-activate|p1b: Iron Treads|move: Protect
|-resisted|p1a: Urshifu
|-damage|p1a: Urshifu|33/100
|-damage|p2a: Calyrex|91/100|[from] item: Life Orb
|cant|p1a: Urshifu|flinch
|
|-heal|p2a: Calyrex|97/100|[from] Grassy Terrain
|-heal|p1a: Urshifu|39/100|[from] Grassy Terrain
|upkeep
|turn|2
|
|t:|1750808037
|switch|p2a: Zamazenta|Zamazenta-Crowned, L50|100/100
|-ability|p2a: Zamazenta|Dauntless Shield|boost
|-boost|p2a: Zamazenta|def|1
|switch|p1a: Miraidon|Miraidon, L50|100/100
|-fieldstart|move: Electric Terrain|[from] ability: Hadron Engine|[of] p1a: Miraidon
|-activate|p1b: Iron Treads|ability: Quark Drive
|-start|p1b: Iron Treads|quarkdrivespe
|move|p1b: Iron Treads|Steel Roller|p2a: Zamazenta
|-resisted|p2a: Zamazenta
|-damage|p2a: Zamazenta|89/100
|-fieldend|move: Electric Terrain
|-end|p1b: Iron Treads|Quark Drive
|move|p2b: Rillaboom|U-turn|p1a: Miraidon
|-damage|p1a: Miraidon|76/100
|j| teddyster
|
|t:|1750808057
|switch|p2b: Calyrex|Calyrex-Shadow, L50|97/100|[from] U-turn
|-ability|p2b: Calyrex|As One
|-ability|p2b: Calyrex|Unnerve
|
|upkeep
|turn|3
|
|t:|1750808088
|move|p1b: Iron Treads|Protect|p1b: Iron Treads
|-singleturn|p1b: Iron Treads|Protect
|move|p2b: Calyrex|Astral Barrage|p1b: Iron Treads|[spread] p1a
|-activate|p1b: Iron Treads|move: Protect
|-damage|p1a: Miraidon|11/100
|-damage|p2b: Calyrex|87/100|[from] item: Life Orb
|move|p1a: Miraidon|Draco Meteor|p2b: Calyrex|[miss]
|-miss|p1a: Miraidon|p2b: Calyrex
|move|p2a: Zamazenta|Body Press|p1b: Iron Treads
|-activate|p1b: Iron Treads|move: Protect
|
|upkeep
|turn|4
|
|t:|1750808114
|switch|p1a: Urshifu|Urshifu, L50, F|39/100
|move|p1b: Iron Treads|Protect||[still]
|-fail|p1b: Iron Treads
|move|p2b: Calyrex|Astral Barrage|p1b: Iron Treads|[spread] p1a,p1b
|-resisted|p1a: Urshifu
|-damage|p1a: Urshifu|0 fnt
|-damage|p1b: Iron Treads|4/100
|faint|p1a: Urshifu
|-ability|p2b: Calyrex|Grim Neigh|boost
|-boost|p2b: Calyrex|spa|1
|-damage|p2b: Calyrex|78/100|[from] item: Life Orb
|move|p2a: Zamazenta|Body Press|p1b: Iron Treads
|-supereffective|p1b: Iron Treads
|-damage|p1b: Iron Treads|0 fnt
|faint|p1b: Iron Treads
|-end|p1b: Iron Treads|Quark Drive|[silent]
|
|upkeep
|
|t:|1750808116
|switch|p1b: Miraidon|Miraidon, L50|11/100
|switch|p1a: Calyrex|Calyrex-Shadow, L50|100/100
|-ability|p1a: Calyrex|As One
|-ability|p1a: Calyrex|Unnerve
|-fieldstart|move: Electric Terrain|[from] ability: Hadron Engine|[of] p1b: Miraidon
|turn|5
|
|t:|1750808138
|-terastallize|p1a: Calyrex|Dark
|move|p2a: Zamazenta|Wide Guard|p2a: Zamazenta
|-singleturn|p2a: Zamazenta|Wide Guard
|move|p1a: Calyrex|Astral Barrage|p2a: Zamazenta|[spread] 
|-activate|p2a: Zamazenta|move: Wide Guard
|-activate|p2b: Calyrex|move: Wide Guard
|move|p2b: Calyrex|Astral Barrage|p1a: Calyrex|[spread] p1a,p1b
|-resisted|p1a: Calyrex
|-damage|p1a: Calyrex|46/100
|-damage|p1b: Miraidon|0 fnt
|faint|p1b: Miraidon
|-ability|p2b: Calyrex|Grim Neigh|boost
|-boost|p2b: Calyrex|spa|1
|-damage|p2b: Calyrex|68/100|[from] item: Life Orb
|
|upkeep
|turn|6
|-message|anubisjr forfeited.
|
|win|naibot2814
|raw|anubisjr's rating: 1568 &rarr; <strong>1549</strong><br />(-19 for losing)
|raw|naibot2814's rating: 1585 &rarr; <strong>1604</strong><br />(+19 for winning)
|l|☆naibot2814
|player|p2|
|l| teddyster
