|j|☆OnixBoy423
|j|☆angeli1c.aim
|t:|1750713062
|gametype|doubles
|player|p1|OnixBoy423|170|1067
|player|p2|angeli1c.aim|unknownf|1140
|teamsize|p1|6
|teamsize|p2|6
|gen|9
|tier|[Gen 9] VGC 2025 Reg I
|rated|
|rule|Species Clause: Limit one of each Pokémon
|rule|Item Clause: Limit 1 of each item
|clearpoke
|poke|p1|Groudon, L50|
|poke|p1|Dusclops, L50, M|
|poke|p1|Arboliva, L50, M|
|poke|p1|Emboar, L50, M|
|poke|p1|Ampharos, L50, M|
|poke|p1|Granbull, L50, M|
|poke|p2|Calyrex-Ice, L50|
|poke|p2|Necrozma-Dawn-Wings, L50|
|poke|p2|Amoonguss, L50, F|
|poke|p2|Archaludon, L50, F|
|poke|p2|Porygon2, L50|
|poke|p2|Incineroar, L50, F|
|teampreview|4
|inactive|Battle timer is ON: inactive players will automatically lose when time's up. (requested by angeli1c.aim)
|inactive|OnixBoy423 has 60 seconds left.
|inactive|angeli1c.aim has 60 seconds left.
|inactive|OnixBoy423 has 30 seconds left.
|inactive|OnixBoy423 has 20 seconds left.
|inactive|OnixBoy423 has 15 seconds left.
|
|t:|1750713139
|start
|switch|p1a: Groudon|Groudon, L50|100/100
|switch|p1b: Dusclops|Dusclops, L50, M, shiny|100/100
|switch|p2a: Necrozma|Necrozma-Dawn-Wings, L50|100/100
|switch|p2b: Porygon2|Porygon2, L50|100/100
|-weather|SunnyDay|[from] ability: Drought|[of] p1a: Groudon
|-ability|p2b: Porygon2|Download|boost
|-boost|p2b: Porygon2|spa|1
|-ability|p1b: Dusclops|Pressure
|turn|1
|inactive|angeli1c.aim has 30 seconds left.
|inactive|angeli1c.aim has 20 seconds left.
|inactive|angeli1c.aim has 15 seconds left.
|
|t:|1750713179
|-terastallize|p2a: Necrozma|Rock
|move|p1a: Groudon|Crunch|p2a: Necrozma
|-damage|p2a: Necrozma|76/100
|move|p2a: Necrozma|Meteor Beam||[still]
|-prepare|p2a: Necrozma|Meteor Beam
|-boost|p2a: Necrozma|spa|1
|-enditem|p2a: Necrozma|Power Herb
|-anim|p2a: Necrozma|Meteor Beam|p1a: Groudon
|-resisted|p1a: Groudon
|-damage|p1a: Groudon|67/100
|move|p2b: Porygon2|Trick Room|p2b: Porygon2
|-fieldstart|move: Trick Room|[of] p2b: Porygon2
|move|p1b: Dusclops|Trick Room|p1b: Dusclops
|-fieldend|move: Trick Room
|
|-weather|SunnyDay|[upkeep]
|upkeep
|turn|2
|
|t:|1750713202
|switch|p1b: Arboliva|Arboliva, L50, M|100/100
|move|p1a: Groudon|Precipice Blades|p2b: Porygon2|[spread] p2a,p2b
|-supereffective|p2a: Necrozma
|-damage|p2a: Necrozma|17/100
|-damage|p2b: Porygon2|62/100
|move|p2a: Necrozma|Moongeist Beam|p1a: Groudon
|-damage|p1a: Groudon|7/100
|move|p2b: Porygon2|Trick Room|p2b: Porygon2
|-fieldstart|move: Trick Room|[of] p2b: Porygon2
|
|-weather|SunnyDay|[upkeep]
|upkeep
|turn|3
|inactive|OnixBoy423 has 30 seconds left.
|
|t:|1750713228
|move|p2b: Porygon2|Tri Attack|p1a: Groudon
|-damage|p1a: Groudon|0 fnt
|faint|p1a: Groudon
|move|p1b: Arboliva|Earth Power|p2a: Necrozma
|-supereffective|p2a: Necrozma
|-damage|p2a: Necrozma|0 fnt
|faint|p2a: Necrozma
|-damage|p1b: Arboliva|91/100|[from] item: Life Orb
|
|-weather|SunnyDay|[upkeep]
|upkeep
|
|t:|1750713245
|switch|p2a: Calyrex|Calyrex-Ice, L50|100/100
|switch|p1a: Dusclops|Dusclops, L50, M, shiny|100/100
|-ability|p2a: Calyrex|As One
|-ability|p2a: Calyrex|Unnerve
|-ability|p1a: Dusclops|Pressure
|turn|4
|
|t:|1750713264
|move|p1a: Dusclops|Will-O-Wisp|p2a: Calyrex
|-status|p2a: Calyrex|brn
|move|p2b: Porygon2|Tri Attack|p1b: Arboliva
|-damage|p1b: Arboliva|37/100
|-status|p1b: Arboliva|par
|-fieldstart|move: Grassy Terrain|[from] ability: Seed Sower|[of] p1b: Arboliva
|move|p1b: Arboliva|Solar Beam||[still]
|-prepare|p1b: Arboliva|Solar Beam
|-anim|p1b: Arboliva|Solar Beam|p2b: Porygon2
|-damage|p2b: Porygon2|0 fnt
|faint|p2b: Porygon2
|-damage|p1b: Arboliva|27/100 par|[from] item: Life Orb
|move|p2a: Calyrex|Glacial Lance|p1b: Arboliva|[spread] p1a,p1b
|-supereffective|p1b: Arboliva
|-damage|p1a: Dusclops|84/100
|-damage|p1b: Arboliva|0 fnt
|faint|p1b: Arboliva
|-ability|p2a: Calyrex|Chilling Neigh|boost
|-boost|p2a: Calyrex|atk|1
|
|-weather|SunnyDay|[upkeep]
|-heal|p1a: Dusclops|90/100|[from] Grassy Terrain
|-damage|p2a: Calyrex|95/100 brn|[from] brn
|upkeep
|inactive|OnixBoy423 has 30 seconds left.
|
|t:|1750713290
|switch|p2b: Incineroar|Incineroar, L50, F, shiny|100/100
|switch|p1b: Emboar|Emboar, L50, M, shiny|100/100
|-ability|p2b: Incineroar|Intimidate|boost
|-unboost|p1a: Dusclops|atk|1
|-unboost|p1b: Emboar|atk|1
|turn|5
|
|t:|1750713309
|move|p2b: Incineroar|Fake Out|p1b: Emboar
|-damage|p1b: Emboar|85/100
|move|p1a: Dusclops|Night Shade|p2a: Calyrex
|-damage|p2a: Calyrex|68/100 brn
|cant|p1b: Emboar|flinch
|move|p2a: Calyrex|Crunch|p1a: Dusclops
|-supereffective|p1a: Dusclops
|-damage|p1a: Dusclops|66/100
|
|-weather|none
|-heal|p1a: Dusclops|73/100|[from] Grassy Terrain
|-heal|p1b: Emboar|91/100|[from] Grassy Terrain
|-heal|p2a: Calyrex|74/100 brn|[from] Grassy Terrain
|-damage|p2a: Calyrex|68/100 brn|[from] brn
|upkeep
|turn|6
|inactive|OnixBoy423 has 30 seconds left.
|inactive|angeli1c.aim has 30 seconds left.
|inactive|OnixBoy423 has 20 seconds left.
|inactive|OnixBoy423 has 15 seconds left.
|inactive|OnixBoy423 has 10 seconds left.
|inactive|OnixBoy423 has 5 seconds left.
|
|t:|1750713362
|move|p1a: Dusclops|Night Shade|p2b: Incineroar
|-damage|p2b: Incineroar|73/100
|move|p1b: Emboar|Flare Blitz|p2a: Calyrex
|-supereffective|p2a: Calyrex
|-damage|p2a: Calyrex|0 fnt
|faint|p2a: Calyrex
|-damage|p1b: Emboar|72/100|[from] Recoil
|move|p2b: Incineroar|Flare Blitz|p1a: Dusclops
|-damage|p1a: Dusclops|47/100
|-damage|p2b: Incineroar|67/100|[from] Recoil
|
|-heal|p1a: Dusclops|54/100|[from] Grassy Terrain
|-heal|p1b: Emboar|78/100|[from] Grassy Terrain
|-heal|p2b: Incineroar|73/100|[from] Grassy Terrain
|-fieldend|move: Trick Room
|upkeep
|turn|7
|
|t:|1750713386
|move|p2b: Incineroar|Flare Blitz|p1a: Dusclops
|-damage|p1a: Dusclops|29/100
|-status|p1a: Dusclops|brn
|-damage|p2b: Incineroar|66/100|[from] Recoil
|move|p1b: Emboar|Flare Blitz|p2b: Incineroar
|-resisted|p2b: Incineroar
|-damage|p2b: Incineroar|26/100
|-damage|p1b: Emboar|67/100|[from] Recoil
|move|p1a: Dusclops|Trick Room|p1a: Dusclops
|-fieldstart|move: Trick Room|[of] p1a: Dusclops
|
|-heal|p1a: Dusclops|35/100 brn|[from] Grassy Terrain
|-heal|p1b: Emboar|73/100|[from] Grassy Terrain
|-heal|p2b: Incineroar|32/100|[from] Grassy Terrain
|-damage|p1a: Dusclops|29/100 brn|[from] brn
|upkeep
|turn|8
|inactive|OnixBoy423 has 30 seconds left.
|inactive|angeli1c.aim has 30 seconds left.
|inactive|angeli1c.aim has 20 seconds left.
|
|t:|1750713424
|move|p2b: Incineroar|Protect|p2b: Incineroar
|-singleturn|p2b: Incineroar|Protect
|move|p1a: Dusclops|Night Shade|p2b: Incineroar
|-activate|p2b: Incineroar|move: Protect
|move|p1b: Emboar|Flare Blitz|p2b: Incineroar
|-activate|p2b: Incineroar|move: Protect
|
|-heal|p1a: Dusclops|35/100 brn|[from] Grassy Terrain
|-heal|p1b: Emboar|79/100|[from] Grassy Terrain
|-heal|p2b: Incineroar|38/100|[from] Grassy Terrain
|-damage|p1a: Dusclops|29/100 brn|[from] brn
|-fieldend|move: Grassy Terrain
|upkeep
|turn|9
|
|t:|1750713440
|move|p1a: Dusclops|Night Shade|p2b: Incineroar
|-damage|p2b: Incineroar|11/100
|move|p1b: Emboar|Flare Blitz|p2b: Incineroar
|-resisted|p2b: Incineroar
|-damage|p2b: Incineroar|0 fnt
|faint|p2b: Incineroar
|-damage|p1b: Emboar|77/100|[from] Recoil
|
|win|OnixBoy423
|raw|OnixBoy423's rating: 1067 &rarr; <strong>1103</strong><br />(+36 for winning)
|raw|angeli1c.aim's rating: 1140 &rarr; <strong>1110</strong><br />(-30 for losing)
|l|☆angeli1c.aim
|player|p2|
|l|☆OnixBoy423
|player|p1|
