|j|☆mighty soup 022
|j|☆Snoboh
|t:|1750772519
|gametype|doubles
|player|p1|mighty soup 022|266|1085
|player|p2|Snoboh|gentleman-gen4|1052
|teamsize|p1|4
|teamsize|p2|6
|gen|9
|tier|[Gen 9] VGC 2025 Reg I
|rated|
|rule|Species Clause: Limit one of each Pokémon
|rule|Item Clause: Limit 1 of each item
|clearpoke
|poke|p1|Miraidon, L50|
|poke|p1|Pawmot, L50, F|
|poke|p1|Iron Bundle, L50|
|poke|p1|Iron Hands, L50|
|poke|p2|Chien-Pao, L50|
|poke|p2|Miraidon, L50|
|poke|p2|Urshifu-*, L50, F|
|poke|p2|Kyogre, L50|
|poke|p2|Tornadus, L50, M|
|poke|p2|Incineroar, L50, M|
|teampreview|4
|inactive|Battle timer is ON: inactive players will automatically lose when time's up. (requested by Snoboh)
|inactive|Snoboh has 60 seconds left.
|
|t:|1750772577
|start
|switch|p1a: Miraidon|Miraidon, L50|100/100
|switch|p1b: Pawmot|Pawmot, L50, F|100/100
|switch|p2a: Incineroar|Incineroar, L50, M|100/100
|switch|p2b: Tornadus|Tornadus, L50, M|100/100
|-fieldstart|move: Electric Terrain|[from] ability: Hadron Engine|[of] p1a: Miraidon
|-ability|p2a: Incineroar|Intimidate|boost
|-unboost|p1a: Miraidon|atk|1
|-unboost|p1b: Pawmot|atk|1
|turn|1
|
|t:|1750772595
|move|p2a: Incineroar|Fake Out|p1a: Miraidon
|-damage|p1a: Miraidon|89/100
|move|p1b: Pawmot|Mach Punch|p2a: Incineroar
|-supereffective|p2a: Incineroar
|-damage|p2a: Incineroar|70/100
|-damage|p1b: Pawmot|91/100|[from] item: Life Orb
|cant|p1a: Miraidon|flinch
|move|p2b: Tornadus|Bleakwind Storm|p1a: Miraidon|[spread] p1b
|-miss|p2b: Tornadus|p1a: Miraidon
|-damage|p1b: Pawmot|34/100
|
|upkeep
|turn|2
|
|t:|1750772616
|move|p2b: Tornadus|Tailwind|p2b: Tornadus
|-sidestart|p2: Snoboh|move: Tailwind
|move|p1b: Pawmot|Mach Punch|p2a: Incineroar
|-supereffective|p2a: Incineroar
|-damage|p2a: Incineroar|38/100
|-damage|p1b: Pawmot|25/100|[from] item: Life Orb
|move|p2a: Incineroar|Parting Shot|p1a: Miraidon
|-unboost|p1a: Miraidon|atk|1
|-unboost|p1a: Miraidon|spa|1
|
|t:|1750772625
|switch|p2a: Miraidon|Miraidon, L50|100/100|[from] Parting Shot
|-activate|p2a: Miraidon|ability: Hadron Engine
|move|p1a: Miraidon|Parabolic Charge|p2b: Tornadus|[spread] p2a,p2b
|-heal|p1b: Pawmot|49/100|[from] ability: Volt Absorb|[of] p1a: Miraidon
|-resisted|p2a: Miraidon
|-supereffective|p2b: Tornadus
|-damage|p2a: Miraidon|90/100
|-heal|p1a: Miraidon|94/100|[from] drain|[of] p2a: Miraidon
|-damage|p2b: Tornadus|3/100
|-heal|p1a: Miraidon|100/100|[from] drain|[of] p2b: Tornadus
|
|upkeep
|turn|3
|inactive|mighty soup 022 has 30 seconds left.
|inactive|Snoboh has 30 seconds left.
|
|t:|1750772665
|-terastallize|p1a: Miraidon|Fairy
|move|p2a: Miraidon|Electro Drift|p1b: Pawmot
|-heal|p1b: Pawmot|74/100|[from] ability: Volt Absorb|[of] p2a: Miraidon
|move|p2b: Tornadus|Bleakwind Storm|p1b: Pawmot|[spread] p1a,p1b
|-damage|p1a: Miraidon|71/100
|-damage|p1b: Pawmot|18/100
|-unboost|p1a: Miraidon|spe|1
|move|p1b: Pawmot|Double Shock|p2a: Miraidon
|-resisted|p2a: Miraidon
|-damage|p2a: Miraidon|75/100
|-start|p1b: Pawmot|typechange|???/Fighting|[from] move: Double Shock
|-damage|p1b: Pawmot|8/100|[from] item: Life Orb
|move|p1a: Miraidon|Parabolic Charge|p2b: Tornadus|[spread] p2a,p2b
|-heal|p1b: Pawmot|33/100|[from] ability: Volt Absorb|[of] p1a: Miraidon
|-resisted|p2a: Miraidon
|-supereffective|p2b: Tornadus
|-damage|p2a: Miraidon|64/100
|-heal|p1a: Miraidon|76/100|[from] drain|[of] p2a: Miraidon
|-damage|p2b: Tornadus|0 fnt
|-heal|p1a: Miraidon|78/100|[from] drain|[of] p2b: Tornadus
|faint|p2b: Tornadus
|
|upkeep
|
|t:|1750772687
|switch|p2b: Kyogre|Kyogre, L50|100/100
|-weather|RainDance|[from] ability: Drizzle|[of] p2b: Kyogre
|turn|4
|inactive|mighty soup 022 has 30 seconds left.
|
|t:|1750772714
|-terastallize|p2b: Kyogre|Electric
|move|p2a: Miraidon|Electro Drift|p1a: Miraidon
|-damage|p1a: Miraidon|0 fnt
|faint|p1a: Miraidon
|move|p2b: Kyogre|Origin Pulse|p1b: Pawmot
|-damage|p1b: Pawmot|0 fnt
|faint|p1b: Pawmot
|
|-weather|RainDance|[upkeep]
|upkeep
|
|t:|1750772725
|switch|p1a: Iron Bundle|Iron Bundle, L50|100/100
|switch|p1b: Iron Hands|Iron Hands, L50|100/100
|-activate|p1a: Iron Bundle|ability: Quark Drive
|-start|p1a: Iron Bundle|quarkdrivespa
|-activate|p1b: Iron Hands|ability: Quark Drive
|-start|p1b: Iron Hands|quarkdriveatk
|turn|5
|
|t:|1750772746
|switch|p2a: Incineroar|Incineroar, L50, M|38/100
|-ability|p2a: Incineroar|Intimidate|boost
|-unboost|p1a: Iron Bundle|atk|1
|-unboost|p1b: Iron Hands|atk|1
|move|p1b: Iron Hands|Fake Out|p2b: Kyogre
|-damage|p2b: Kyogre|87/100
|cant|p2b: Kyogre|flinch
|move|p1a: Iron Bundle|Freeze-Dry|p2a: Incineroar
|-resisted|p2a: Incineroar
|-crit|p2a: Incineroar
|-damage|p2a: Incineroar|3/100
|
|-weather|RainDance|[upkeep]
|-sideend|p2: Snoboh|move: Tailwind
|-fieldend|move: Electric Terrain
|-end|p1a: Iron Bundle|Quark Drive
|-end|p1b: Iron Hands|Quark Drive
|upkeep
|-enditem|p1a: Iron Bundle|Booster Energy
|-activate|p1a: Iron Bundle|ability: Quark Drive|[fromitem]
|-start|p1a: Iron Bundle|quarkdrivespa
|turn|6
|inactive|mighty soup 022 has 30 seconds left.
|inactive|Snoboh has 30 seconds left.
|
|t:|1750772773
|move|p2a: Incineroar|Fake Out|p1a: Iron Bundle
|-damage|p1a: Iron Bundle|89/100
|cant|p1a: Iron Bundle|flinch
|move|p2b: Kyogre|Thunder|p1a: Iron Bundle
|-supereffective|p1a: Iron Bundle
|-damage|p1a: Iron Bundle|0 fnt
|faint|p1a: Iron Bundle
|-end|p1a: Iron Bundle|Quark Drive|[silent]
|move|p1b: Iron Hands|Drain Punch|p2b: Kyogre
|-damage|p2b: Kyogre|58/100
|
|-weather|RainDance|[upkeep]
|upkeep
|turn|7
|
|t:|1750772795
|move|p2a: Incineroar|Parting Shot|p1b: Iron Hands
|-unboost|p1b: Iron Hands|atk|1
|-unboost|p1b: Iron Hands|spa|1
|
|t:|1750772800
|switch|p2a: Miraidon|Miraidon, L50|64/100|[from] Parting Shot
|-fieldstart|move: Electric Terrain|[from] ability: Hadron Engine|[of] p2a: Miraidon
|-activate|p1b: Iron Hands|ability: Quark Drive
|-start|p1b: Iron Hands|quarkdrivedef
|move|p2b: Kyogre|Icy Wind|p1b: Iron Hands
|-damage|p1b: Iron Hands|86/100
|-unboost|p1b: Iron Hands|spe|1
|move|p1b: Iron Hands|Drain Punch|p2b: Kyogre
|-damage|p2b: Kyogre|36/100
|-heal|p1b: Iron Hands|94/100|[from] drain|[of] p2b: Kyogre
|
|-weather|RainDance|[upkeep]
|upkeep
|turn|8
|
|t:|1750772824
|move|p2a: Miraidon|Draco Meteor|p1b: Iron Hands
|-damage|p1b: Iron Hands|10/100
|-unboost|p2a: Miraidon|spa|2
|move|p2b: Kyogre|Thunder|p1b: Iron Hands
|-resisted|p1b: Iron Hands
|-damage|p1b: Iron Hands|0 fnt
|faint|p1b: Iron Hands
|-end|p1b: Iron Hands|Quark Drive|[silent]
|
|win|Snoboh
|raw|mighty soup 022's rating: 1085 &rarr; <strong>1060</strong><br />(-25 for losing)
|raw|Snoboh's rating: 1052 &rarr; <strong>1087</strong><br />(+35 for winning)
|l|☆mighty soup 022
|player|p1|
|l|☆Snoboh
|player|p2|
