|j|☆serena3668
|j|☆Ndjobus
|t:|1750823976
|gametype|doubles
|player|p1|serena3668|schoolkidf|1467
|player|p2|Ndjobus|266|1450
|teamsize|p1|6
|teamsize|p2|6
|gen|9
|tier|[Gen 9] VGC 2025 Reg I
|rated|
|rule|Species Clause: Limit one of each Pokémon
|rule|Item Clause: Limit 1 of each item
|clearpoke
|poke|p1|Kyogre, L50|
|poke|p1|Gliscor, L50, F|
|poke|p1|Miraidon, L50|
|poke|p1|Ursaluna, L50, F|
|poke|p1|Sableye, L50, M|
|poke|p1|Tentacruel, L50, M|
|poke|p2|Lunala, L50|
|poke|p2|Whimsicott, L50, F|
|poke|p2|Urshifu-*, L50, F|
|poke|p2|Ursaluna, L50, F|
|poke|p2|Incineroar, L50, F|
|poke|p2|Miraidon, L50|
|teampreview|4
|inactive|Battle timer is ON: inactive players will automatically lose when time's up. (requested by Ndjobus)
|inactive|serena3668 has 60 seconds left.
|inactive|Ndjobus has 60 seconds left.
|inactive|Ndjobus has 30 seconds left.
|j| merlinYVL
|l| merlinYVL
|inactive|Ndjobus has 20 seconds left.
|inactive|Ndjobus has 15 seconds left.
|inactive|Ndjobus has 10 seconds left.
|
|t:|1750824060
|start
|switch|p1a: Sableye|Sableye, L50, M|100/100
|switch|p1b: Ursaluna|Ursaluna, L50, F|100/100
|switch|p2a: Miraidon|Miraidon, L50|100/100
|switch|p2b: Whimsicott|Whimsicott, L50, F|100/100
|-fieldstart|move: Electric Terrain|[from] ability: Hadron Engine|[of] p2a: Miraidon
|turn|1
|j| johnkharkiv
|inactive|Ndjobus has 30 seconds left.
|
|t:|1750824095
|move|p1a: Sableye|Fake Out|p2a: Miraidon
|-damage|p2a: Miraidon|94/100
|cant|p2a: Miraidon|flinch
|move|p2b: Whimsicott|Moonblast|p1a: Sableye
|-supereffective|p1a: Sableye
|-damage|p1a: Sableye|36/100
|move|p1b: Ursaluna|Headlong Rush|p2a: Miraidon
|-supereffective|p2a: Miraidon
|-damage|p2a: Miraidon|0 fnt
|-unboost|p1b: Ursaluna|def|1
|-unboost|p1b: Ursaluna|spd|1
|faint|p2a: Miraidon
|
|-status|p1b: Ursaluna|brn|[from] item: Flame Orb
|upkeep
|
|t:|1750824105
|switch|p2a: Urshifu|Urshifu-Rapid-Strike, L50, F|100/100
|turn|2
|inactive|serena3668 has 30 seconds left.
|
|t:|1750824139
|switch|p1b: Miraidon|Miraidon, L50|100/100
|-activate|p1b: Miraidon|ability: Hadron Engine
|move|p1a: Sableye|Taunt|p2b: Whimsicott
|-start|p2b: Whimsicott|move: Taunt
|move|p2b: Whimsicott|Moonblast|p1b: Miraidon
|-supereffective|p1b: Miraidon
|-damage|p1b: Miraidon|52/100
|move|p2a: Urshifu|Surging Strikes|p1b: Miraidon
|-resisted|p1b: Miraidon
|-crit|p1b: Miraidon
|-damage|p1b: Miraidon|35/100
|-resisted|p1b: Miraidon
|-crit|p1b: Miraidon
|-damage|p1b: Miraidon|18/100
|-resisted|p1b: Miraidon
|-crit|p1b: Miraidon
|-damage|p1b: Miraidon|2/100
|-hitcount|p1b: Miraidon|3
|
|upkeep
|turn|3
|inactive|serena3668 has 30 seconds left.
|inactive|Ndjobus has 30 seconds left.
|
|t:|1750824170
|switch|p2a: Lunala|Lunala, L50|100/100
|-enditem|p2a: Lunala|Electric Seed
|-boost|p2a: Lunala|def|1|[from] item: Electric Seed
|move|p1a: Sableye|Sucker Punch||[still]
|-fail|p1a: Sableye
|move|p1b: Miraidon|Volt Switch|p2a: Lunala
|-damage|p2a: Lunala|76/100
|
|t:|1750824180
|switch|p1b: Kyogre|Kyogre, L50|100/100|[from] Volt Switch
|-weather|RainDance|[from] ability: Drizzle|[of] p1b: Kyogre
|move|p2b: Whimsicott|Moonblast|p1b: Kyogre
|-damage|p1b: Kyogre|80/100
|-unboost|p1b: Kyogre|spa|1
|
|-weather|RainDance|[upkeep]
|upkeep
|turn|4
|inactive|Ndjobus has 30 seconds left.
|
|t:|1750824210
|switch|p2b: Urshifu|Urshifu-Rapid-Strike, L50, F|100/100
|move|p1b: Kyogre|Protect|p1b: Kyogre
|-singleturn|p1b: Kyogre|Protect
|move|p2a: Lunala|Wide Guard|p2a: Lunala
|-singleturn|p2a: Lunala|Wide Guard
|move|p1a: Sableye|Taunt|p2a: Lunala
|-start|p2a: Lunala|move: Taunt
|
|-weather|RainDance|[upkeep]
|upkeep
|turn|5
|
|t:|1750824227
|switch|p2a: Whimsicott|Whimsicott, L50, F|100/100
|-terastallize|p1b: Kyogre|Grass
|move|p1a: Sableye|Sucker Punch||[still]
|-fail|p1a: Sableye
|move|p1b: Kyogre|Tera Blast|p2b: Urshifu|[anim] Tera Blast Grass
|-supereffective|p2b: Urshifu
|-damage|p2b: Urshifu|0 fnt
|faint|p2b: Urshifu
|
|-weather|RainDance|[upkeep]
|-fieldend|move: Electric Terrain
|upkeep
|
|t:|1750824240
|switch|p2b: Lunala|Lunala, L50|76/100
|turn|6
|
|t:|1750824261
|switch|p1a: Ursaluna|Ursaluna, L50, F|100/100 brn
|move|p2a: Whimsicott|Moonblast|p1a: Ursaluna
|-damage|p1a: Ursaluna|79/100 brn
|-unboost|p1a: Ursaluna|spa|1
|move|p1b: Kyogre|Ice Beam|p2a: Whimsicott
|-supereffective|p2a: Whimsicott
|-damage|p2a: Whimsicott|44/100
|move|p2b: Lunala|Moonblast|p1b: Kyogre
|-damage|p1b: Kyogre|50/100
|-unboost|p1b: Kyogre|spa|1
|
|-weather|RainDance|[upkeep]
|-damage|p1a: Ursaluna|72/100 brn|[from] brn
|upkeep
|turn|7
|-message|Ndjobus forfeited.
|
|win|serena3668
|raw|serena3668's rating: 1467 &rarr; <strong>1486</strong><br />(+19 for winning)
|raw|Ndjobus's rating: 1450 &rarr; <strong>1431</strong><br />(-19 for losing)
|l|☆Ndjobus
|player|p2|
|l|☆serena3668
|player|p1|
