|j|☆alonez88
|j|☆barbarjonks
|t:|1750714101
|gametype|doubles
|player|p1|alonez88|170|1077
|player|p2|barbarjonks|170|1067
|teamsize|p1|6
|teamsize|p2|6
|gen|9
|tier|[Gen 9] VGC 2025 Reg I
|rated|
|rule|Species Clause: Limit one of each Pokémon
|rule|Item Clause: Limit 1 of each item
|clearpoke
|poke|p1|Hitmonchan, L50, M|
|poke|p1|Miraidon, L50|
|poke|p1|Roaring Moon, L50|
|poke|p1|Kingambit, L50, F|
|poke|p1|Zamazenta-*, L50|
|poke|p1|Jolteon, L50, F|
|poke|p2|Groudon, L50|
|poke|p2|Iron Valiant, L50|
|poke|p2|Whimsicott, L50, M|
|poke|p2|Chien-Pao, L50|
|poke|p2|Koraidon, L50|
|poke|p2|Incineroar, L50, M|
|teampreview|4
|inactive|Battle timer is ON: inactive players will automatically lose when time's up. (requested by barbarjonks)
|
|t:|1750714126
|start
|switch|p1a: Zamazenta|Zamazenta-Crowned, L50|100/100
|switch|p1b: Roaring Moon|Roaring Moon, L50|100/100
|switch|p2a: Groudon|Groudon, L50|100/100
|switch|p2b: Iron Valiant|Iron Valiant, L50|100/100
|-ability|p1a: Zamazenta|Dauntless Shield|boost
|-boost|p1a: Zamazenta|def|1
|-weather|SunnyDay|[from] ability: Drought|[of] p2a: Groudon
|-activate|p1b: Roaring Moon|ability: Protosynthesis
|-start|p1b: Roaring Moon|protosynthesisatk
|-enditem|p2b: Iron Valiant|Booster Energy
|-activate|p2b: Iron Valiant|ability: Quark Drive|[fromitem]
|-start|p2b: Iron Valiant|quarkdrivespe
|turn|1
|inactive|alonez88 has 30 seconds left.
|inactive|barbarjonks has 30 seconds left.
|inactive|alonez88 has 20 seconds left.
|
|t:|1750714165
|-terastallize|p1b: Roaring Moon|Flying
|move|p2b: Iron Valiant|Coaching|p2a: Groudon
|-boost|p2a: Groudon|atk|1
|-boost|p2a: Groudon|def|1
|move|p1b: Roaring Moon|Tailwind|p1b: Roaring Moon
|-sidestart|p1: alonez88|move: Tailwind
|move|p1a: Zamazenta|Iron Defense|p1a: Zamazenta
|-boost|p1a: Zamazenta|def|2
|move|p2a: Groudon|Precipice Blades|p1a: Zamazenta|[spread] p1a
|-immune|p1b: Roaring Moon
|-supereffective|p1a: Zamazenta
|-damage|p1a: Zamazenta|60/100
|
|-weather|SunnyDay|[upkeep]
|upkeep
|turn|2
|inactive|alonez88 has 30 seconds left.
|inactive|barbarjonks has 30 seconds left.
|
|t:|1750714198
|-end|p1b: Roaring Moon|Protosynthesis|[silent]
|switch|p1b: Hitmonchan|Hitmonchan, L50, M|100/100
|move|p1a: Zamazenta|Body Press|p2a: Groudon
|-damage|p2a: Groudon|46/100
|move|p2b: Iron Valiant|Coaching|p2a: Groudon
|-boost|p2a: Groudon|atk|1
|-boost|p2a: Groudon|def|1
|move|p2a: Groudon|Smack Down|p1b: Hitmonchan
|-resisted|p1b: Hitmonchan
|-damage|p1b: Hitmonchan|72/100
|
|-weather|SunnyDay|[upkeep]
|upkeep
|turn|3
|inactive|barbarjonks has 30 seconds left.
|inactive|barbarjonks has 20 seconds left.
|
|t:|1750714236
|move|p2b: Iron Valiant|Quick Guard|p2b: Iron Valiant
|-singleturn|p2b: Iron Valiant|Quick Guard
|move|p1b: Hitmonchan|Fake Out|p2b: Iron Valiant
|-activate|p2b: Iron Valiant|move: Quick Guard
|move|p1a: Zamazenta|Body Press|p2a: Groudon
|-damage|p2a: Groudon|7/100
|move|p2a: Groudon|Precipice Blades|p1b: Hitmonchan|[spread] p1a,p1b
|-supereffective|p1a: Zamazenta
|-damage|p1a: Zamazenta|9/100
|-damage|p1b: Hitmonchan|0 fnt
|faint|p1b: Hitmonchan
|
|-weather|SunnyDay|[upkeep]
|upkeep
|
|t:|1750714246
|switch|p1b: Jolteon|Jolteon, L50, F|100/100
|turn|4
|
|t:|1750714262
|move|p1b: Jolteon|Yawn|p2b: Iron Valiant
|-start|p2b: Iron Valiant|move: Yawn|[of] p1b: Jolteon
|move|p1a: Zamazenta|Body Press|p2a: Groudon
|-damage|p2a: Groudon|0 fnt
|faint|p2a: Groudon
|move|p2b: Iron Valiant|Close Combat|p1a: Zamazenta
|-supereffective|p1a: Zamazenta
|-damage|p1a: Zamazenta|0 fnt
|-unboost|p2b: Iron Valiant|def|1
|-unboost|p2b: Iron Valiant|spd|1
|faint|p1a: Zamazenta
|
|-weather|SunnyDay|[upkeep]
|-sideend|p1: alonez88|move: Tailwind
|upkeep
|
|t:|1750714276
|switch|p1a: Roaring Moon|Roaring Moon, L50, tera:Flying|100/100
|switch|p2a: Koraidon|Koraidon, L50|100/100
|-activate|p2a: Koraidon|ability: Orichalcum Pulse
|-activate|p1a: Roaring Moon|ability: Protosynthesis
|-start|p1a: Roaring Moon|protosynthesisatk
|turn|5
|
|t:|1750714298
|-terastallize|p2a: Koraidon|Fire
|move|p1a: Roaring Moon|Protect|p1a: Roaring Moon
|-singleturn|p1a: Roaring Moon|Protect
|move|p2b: Iron Valiant|Coaching|p2a: Koraidon
|-boost|p2a: Koraidon|atk|1
|-boost|p2a: Koraidon|def|1
|move|p2a: Koraidon|Flame Charge|p1a: Roaring Moon
|-activate|p1a: Roaring Moon|move: Protect
|move|p1b: Jolteon|Yawn|p2a: Koraidon
|-start|p2a: Koraidon|move: Yawn|[of] p1b: Jolteon
|
|-weather|none
|-end|p1a: Roaring Moon|Protosynthesis
|-end|p2b: Iron Valiant|move: Yawn|[silent]
|-status|p2b: Iron Valiant|slp
|upkeep
|-enditem|p1a: Roaring Moon|Booster Energy
|-activate|p1a: Roaring Moon|ability: Protosynthesis|[fromitem]
|-start|p1a: Roaring Moon|protosynthesisatk
|turn|6
|inactive|alonez88 has 30 seconds left.
|
|t:|1750714330
|cant|p2b: Iron Valiant|slp
|move|p2a: Koraidon|Flame Charge|p1a: Roaring Moon
|-damage|p1a: Roaring Moon|36/100
|-boost|p2a: Koraidon|spe|1
|-damage|p2a: Koraidon|91/100|[from] item: Life Orb
|move|p1b: Jolteon|Thunderbolt|p2a: Koraidon
|-damage|p2a: Koraidon|46/100
|move|p1a: Roaring Moon|Acrobatics|p2b: Iron Valiant
|-supereffective|p2b: Iron Valiant
|-damage|p2b: Iron Valiant|0 fnt
|faint|p2b: Iron Valiant
|-end|p2b: Iron Valiant|Quark Drive|[silent]
|
|-end|p2a: Koraidon|move: Yawn|[silent]
|-status|p2a: Koraidon|slp
|upkeep
|
|t:|1750714343
|switch|p2b: Chien-Pao|Chien-Pao, L50|100/100
|-ability|p2b: Chien-Pao|Sword of Ruin
|turn|7
|inactive|barbarjonks has 30 seconds left.
|
|t:|1750714372
|cant|p2a: Koraidon|slp
|move|p1a: Roaring Moon|Protect|p1a: Roaring Moon
|-singleturn|p1a: Roaring Moon|Protect
|move|p2b: Chien-Pao|Icicle Crash|p1a: Roaring Moon
|-activate|p1a: Roaring Moon|move: Protect
|move|p1b: Jolteon|Yawn|p2b: Chien-Pao
|-start|p2b: Chien-Pao|move: Yawn|[of] p1b: Jolteon
|
|upkeep
|turn|8
|inactive|alonez88 has 30 seconds left.
|inactive|alonez88 has 20 seconds left.
|
|t:|1750714409
|move|p2b: Chien-Pao|Sucker Punch|p1a: Roaring Moon
|-damage|p1a: Roaring Moon|0 fnt
|faint|p1a: Roaring Moon
|-end|p1a: Roaring Moon|Protosynthesis|[silent]
|-curestatus|p2a: Koraidon|slp|[msg]
|move|p2a: Koraidon|Flame Charge|p1b: Jolteon
|-enditem|p1b: Jolteon|Focus Sash
|-damage|p1b: Jolteon|1/100
|-boost|p2a: Koraidon|spe|1
|-damage|p2a: Koraidon|36/100|[from] item: Life Orb
|move|p1b: Jolteon|Thunderbolt|p2a: Koraidon
|-damage|p2a: Koraidon|0 fnt
|faint|p2a: Koraidon
|
|-end|p2b: Chien-Pao|move: Yawn|[silent]
|-status|p2b: Chien-Pao|slp
|upkeep
|turn|9
|
|t:|1750714433
|cant|p2b: Chien-Pao|slp
|move|p1b: Jolteon|Thunderbolt|p2b: Chien-Pao
|-damage|p2b: Chien-Pao|21/100 slp
|
|upkeep
|turn|10
|
|t:|1750714440
|-curestatus|p2b: Chien-Pao|slp|[msg]
|move|p2b: Chien-Pao|Sucker Punch|p1b: Jolteon
|-damage|p1b: Jolteon|0 fnt
|faint|p1b: Jolteon
|
|win|barbarjonks
|raw|alonez88's rating: 1077 &rarr; <strong>1055</strong><br />(-22 for losing)
|raw|barbarjonks's rating: 1067 &rarr; <strong>1098</strong><br />(+31 for winning)
|c|☆alonez88|Sooo close!
|c|☆alonez88|Gg
|c|☆barbarjonks|yeah, gg
|c|☆barbarjonks|both weird teams
|c|☆alonez88|My lil bro picked the mons
|c|☆alonez88|I tried to make it work
|c|☆barbarjonks|lol OP well gl
|l|☆barbarjonks
|player|p2|
|l|☆alonez88
|player|p1|
