|j|☆SlamTTHM
|j|☆Quicksilver082
|t:|1750850163
|gametype|doubles
|player|p1|SlamTTHM|265|1220
|player|p2|Quicksilver082|pokemaniac|1141
|teamsize|p1|6
|teamsize|p2|6
|gen|9
|tier|[Gen 9] VGC 2025 Reg I
|rated|
|rule|Species Clause: Limit one of each Pokémon
|rule|Item Clause: Limit 1 of each item
|clearpoke
|poke|p1|Calyrex-Ice, L50|
|poke|p1|Necrozma-Dawn-Wings, L50|
|poke|p1|Brute Bonnet, L50|
|poke|p1|Alcremie, L50, F|
|poke|p1|Araquanid, L50, M|
|poke|p1|Indeedee-F, L50, F|
|poke|p2|Koraidon, L50|
|poke|p2|Urshifu-*, L50, F|
|poke|p2|Calyrex-Shadow, L50|
|poke|p2|Flutter Mane, L50|
|poke|p2|Incineroar, L50, M|
|poke|p2|Whimsicott, L50, M|
|teampreview|4
|inactive|Battle timer is ON: inactive players will automatically lose when time's up. (requested by Quicksilver082)
Quicksilver082 has agreed to open team sheets.
|c|☆Quicksilver082|Glhf
|inactive|SlamTTHM has 60 seconds left.
|inactive|Quicksilver082 has 60 seconds left.
|
|t:|1750850214
|start
|switch|p1a: Calyrex|Calyrex-Ice, L50|100/100
|switch|p1b: Alcremie|Alcremie, L50, F|100/100
|switch|p2a: Incineroar|Incineroar, L50, M|100/100
|switch|p2b: Koraidon|Koraidon, L50|100/100
|-ability|p1a: Calyrex|As One
|-ability|p1a: Calyrex|Unnerve
|-weather|SunnyDay|[from] ability: Orichalcum Pulse|[of] p2b: Koraidon
|-activate|p2b: Koraidon|Orichalcum Pulse|[source]
|-ability|p2a: Incineroar|Intimidate|boost
|-unboost|p1a: Calyrex|atk|1
|-unboost|p1b: Alcremie|atk|1
|turn|1
|inactive|SlamTTHM has 30 seconds left.
|inactive|Quicksilver082 has 30 seconds left.
|
|t:|1750850245
|-terastallize|p2b: Koraidon|Fire
|move|p1a: Calyrex|Protect|p1a: Calyrex
|-singleturn|p1a: Calyrex|Protect
|move|p2a: Incineroar|Fake Out|p1b: Alcremie
|-damage|p1b: Alcremie|88/100
|move|p2b: Koraidon|Flare Blitz|p1a: Calyrex
|-activate|p1a: Calyrex|move: Protect
|cant|p1b: Alcremie|flinch
|
|-weather|SunnyDay|[upkeep]
|upkeep
|turn|2
|inactive|Quicksilver082 has 30 seconds left.
|
|t:|1750850271
|-terastallize|p1a: Calyrex|Fire
|move|p2b: Koraidon|Flare Blitz|p1a: Calyrex
|-resisted|p1a: Calyrex
|-damage|p1a: Calyrex|44/100
|-damage|p2b: Koraidon|82/100|[from] Recoil
|-damage|p2b: Koraidon|72/100|[from] item: Life Orb
|move|p2a: Incineroar|Parting Shot|p1a: Calyrex
|-unboost|p1a: Calyrex|atk|1
|-unboost|p1a: Calyrex|spa|1
|
|t:|1750850283
|switch|p2a: Whimsicott|Whimsicott, L50, M|100/100|[from] Parting Shot
|move|p1b: Alcremie|Decorate|p1a: Calyrex
|-boost|p1a: Calyrex|atk|2
|-boost|p1a: Calyrex|spa|2
|move|p1a: Calyrex|Trick Room|p1a: Calyrex
|-fieldstart|move: Trick Room|[of] p1a: Calyrex
|-enditem|p1b: Alcremie|Room Service
|-unboost|p1b: Alcremie|spe|1|[from] item: Room Service
|
|-weather|SunnyDay|[upkeep]
|upkeep
|turn|3
|inactive|Quicksilver082 has 30 seconds left.
|
|t:|1750850308
|move|p2a: Whimsicott|Encore|p1a: Calyrex
|-block|p1a: Calyrex|ability: Aroma Veil|[of] p1b: Alcremie
|move|p1b: Alcremie|Decorate|p1a: Calyrex
|-boost|p1a: Calyrex|atk|2
|-boost|p1a: Calyrex|spa|2
|move|p1a: Calyrex|Glacial Lance|p2b: Koraidon|[spread] p2a,p2b
|-supereffective|p2a: Whimsicott
|-resisted|p2b: Koraidon
|-damage|p2a: Whimsicott|0 fnt
|-damage|p2b: Koraidon|18/100
|faint|p2a: Whimsicott
|-ability|p1a: Calyrex|Chilling Neigh|boost
|-boost|p1a: Calyrex|atk|1
|move|p2b: Koraidon|Flame Charge|p1b: Alcremie
|-damage|p1b: Alcremie|0 fnt
|-boost|p2b: Koraidon|spe|1
|faint|p1b: Alcremie
|-damage|p2b: Koraidon|8/100|[from] item: Life Orb
|
|-weather|SunnyDay|[upkeep]
|upkeep
|inactive|Quicksilver082 has 30 seconds left.
|
|t:|1750850336
|switch|p1b: Brute Bonnet|Brute Bonnet, L50|100/100
|switch|p2a: Calyrex|Calyrex-Shadow, L50|100/100
|-ability|p2a: Calyrex|As One
|-ability|p2a: Calyrex|Unnerve
|-activate|p1b: Brute Bonnet|ability: Protosynthesis
|-start|p1b: Brute Bonnet|protosynthesisatk
|turn|4
|
|t:|1750850356
|move|p2a: Calyrex|Protect|p2a: Calyrex
|-singleturn|p2a: Calyrex|Protect
|move|p1a: Calyrex|Glacial Lance|p2b: Koraidon|[spread] p2b
|-activate|p2a: Calyrex|move: Protect
|-resisted|p2b: Koraidon
|-damage|p2b: Koraidon|0 fnt
|faint|p2b: Koraidon
|-ability|p1a: Calyrex|Chilling Neigh|boost
|-boost|p1a: Calyrex|atk|1
|move|p1b: Brute Bonnet|Spore|p2a: Calyrex
|-activate|p2a: Calyrex|move: Protect
|
|-weather|SunnyDay|[upkeep]
|upkeep
|
|t:|1750850370
|switch|p2b: Incineroar|Incineroar, L50, M|100/100
|-ability|p2b: Incineroar|Intimidate|boost
|-unboost|p1a: Calyrex|atk|1
|-unboost|p1b: Brute Bonnet|atk|1
|turn|5
|c|☆Quicksilver082|Aroma veil killed me 😭😭😭
|c|☆Quicksilver082|Well played
|c|☆Quicksilver082|GG
|inactive|Quicksilver082 has 30 seconds left.
|
|t:|1750850401
|move|p1a: Calyrex|Protect|p1a: Calyrex
|-singleturn|p1a: Calyrex|Protect
|move|p2b: Incineroar|Fake Out|p1a: Calyrex
|-activate|p1a: Calyrex|move: Protect
|move|p1b: Brute Bonnet|Spore|p2a: Calyrex
|-status|p2a: Calyrex|slp|[from] move: Spore
|cant|p2a: Calyrex|slp
|
|-weather|none
|-end|p1b: Brute Bonnet|Protosynthesis
|upkeep
|-enditem|p1b: Brute Bonnet|Booster Energy
|-activate|p1b: Brute Bonnet|ability: Protosynthesis|[fromitem]
|-start|p1b: Brute Bonnet|protosynthesisspd
|turn|6
|-message|Quicksilver082 forfeited.
|
|win|SlamTTHM
|raw|SlamTTHM's rating: 1220 &rarr; <strong>1239</strong><br />(+19 for winning)
|raw|Quicksilver082's rating: 1141 &rarr; <strong>1122</strong><br />(-19 for losing)
|l|☆Quicksilver082
|player|p2|
