|j|☆mnmnmnmnm6
|j|☆What The Groudon
|t:|1750742647
|gametype|doubles
|player|p1|mnmnmnmnm6|265|1436
|player|p2|What The Groudon|acerola-masters2|1404
|teamsize|p1|6
|teamsize|p2|6
|gen|9
|tier|[Gen 9] VGC 2025 Reg I
|rated|
|rule|Species Clause: Limit one of each Pokémon
|rule|Item Clause: Limit 1 of each item
|clearpoke
|poke|p1|Zamazenta-*, L50|
|poke|p1|Chien-Pao, L50|
|poke|p1|Miraidon, L50|
|poke|p1|Incineroar, L50, F|
|poke|p1|Volcarona, L50, M|
|poke|p1|Iron Hands, L50|
|poke|p2|Groudon, L50|
|poke|p2|Miraidon, L50|
|poke|p2|Entei, L50|
|poke|p2|Whimsicott, L50, M|
|poke|p2|Urshifu-*, L50, M|
|poke|p2|Volcarona, L50, M|
|teampreview|4
|inactive|Battle timer is ON: inactive players will automatically lose when time's up. (requested by What The Groudon)
|inactive|mnmnmnmnm6 has 60 seconds left.
|
|t:|1750742686
|start
|switch|p1a: Zamazenta|Zamazenta-Crowned, L50|100/100
|switch|p1b: Chien-Pao|Chien-Pao, L50|100/100
|switch|p2a: Miraidon|Miraidon, L50|100/100
|switch|p2b: Volcarona|Volcarona, L50, M|100/100
|-ability|p1b: Chien-Pao|Sword of Ruin
|-ability|p1a: Zamazenta|Dauntless Shield|boost
|-boost|p1a: Zamazenta|def|1
|-fieldstart|move: Electric Terrain|[from] ability: Hadron Engine|[of] p2a: Miraidon
|-enditem|p2b: Volcarona|Electric Seed
|-boost|p2b: Volcarona|def|1|[from] item: Electric Seed
|turn|1
|inactive|mnmnmnmnm6 has 30 seconds left.
|
|t:|1750742713
|-terastallize|p2a: Miraidon|Fairy
|move|p1b: Chien-Pao|Ice Spinner|p2a: Miraidon
|-damage|p2a: Miraidon|50/100
|-fieldend|move: Electric Terrain
|move|p1a: Zamazenta|Body Press|p2b: Volcarona
|-resisted|p2b: Volcarona
|-damage|p2b: Volcarona|62/100
|-status|p1a: Zamazenta|brn|[from] ability: Flame Body|[of] p2b: Volcarona
|move|p2a: Miraidon|Electro Drift|p1a: Zamazenta
|-damage|p1a: Zamazenta|37/100 brn
|move|p2b: Volcarona|Quiver Dance|p2b: Volcarona
|-boost|p2b: Volcarona|spa|1
|-boost|p2b: Volcarona|spd|1
|-boost|p2b: Volcarona|spe|1
|
|-damage|p1a: Zamazenta|30/100 brn|[from] brn
|upkeep
|turn|2
|inactive|What The Groudon has 30 seconds left.
|
|t:|1750742742
|move|p2b: Volcarona|Fiery Dance|p1a: Zamazenta
|-supereffective|p1a: Zamazenta
|-damage|p1a: Zamazenta|0 fnt
|-boost|p2b: Volcarona|spa|1
|faint|p1a: Zamazenta
|move|p1b: Chien-Pao|Throat Chop|p2b: Volcarona
|-damage|p2b: Volcarona|20/100
|-start|p2b: Volcarona|Throat Chop|[silent]
|move|p2a: Miraidon|Electro Drift|p1b: Chien-Pao
|-enditem|p1b: Chien-Pao|Focus Sash
|-damage|p1b: Chien-Pao|1/100
|
|upkeep
|
|t:|1750742754
|switch|p1a: Miraidon|Miraidon, L50|100/100
|-fieldstart|move: Electric Terrain|[from] ability: Hadron Engine|[of] p1a: Miraidon
|turn|3
|
|t:|1750742762
|move|p1b: Chien-Pao|Protect|p1b: Chien-Pao
|-singleturn|p1b: Chien-Pao|Protect
|move|p1a: Miraidon|Volt Switch|p2b: Volcarona
|-damage|p2b: Volcarona|0 fnt
|faint|p2b: Volcarona
|
|t:|1750742768
|switch|p1a: Iron Hands|Iron Hands, L50|100/100|[from] Volt Switch
|-activate|p1a: Iron Hands|ability: Quark Drive
|-start|p1a: Iron Hands|quarkdriveatk
|move|p2a: Miraidon|Electro Drift|p1b: Chien-Pao
|-activate|p1b: Chien-Pao|move: Protect
|
|upkeep
|
|t:|1750742771
|switch|p2b: Groudon|Groudon, L50|100/100
|-weather|SunnyDay|[from] ability: Drought|[of] p2b: Groudon
|turn|4
|
|t:|1750742787
|switch|p2a: Entei|Entei, L50|100/100
|move|p2b: Groudon|Protect|p2b: Groudon
|-singleturn|p2b: Groudon|Protect
|move|p1a: Iron Hands|Fake Out|p2a: Entei
|-damage|p2a: Entei|73/100
|move|p1b: Chien-Pao|Ice Spinner|p2b: Groudon
|-activate|p2b: Groudon|move: Protect
|
|-weather|SunnyDay|[upkeep]
|upkeep
|turn|5
|
|t:|1750742794
|-terastallize|p1b: Chien-Pao|Ghost
|move|p2a: Entei|Overheat|p1a: Iron Hands
|-damage|p1a: Iron Hands|55/100
|-unboost|p2a: Entei|spa|2
|move|p1b: Chien-Pao|Ice Spinner|p2b: Groudon
|-supereffective|p2b: Groudon
|-damage|p2b: Groudon|30/100
|-fieldend|move: Electric Terrain
|-end|p1a: Iron Hands|Quark Drive
|move|p2b: Groudon|Precipice Blades|p1b: Chien-Pao|[spread] p1a,p1b
|-supereffective|p1a: Iron Hands
|-damage|p1a: Iron Hands|0 fnt
|-damage|p1b: Chien-Pao|0 fnt
|faint|p1a: Iron Hands
|-end|p1a: Iron Hands|Quark Drive|[silent]
|faint|p1b: Chien-Pao
|
|-weather|SunnyDay|[upkeep]
|upkeep
|
|t:|1750742809
|switch|p1a: Miraidon|Miraidon, L50|100/100
|-fieldstart|move: Electric Terrain|[from] ability: Hadron Engine|[of] p1a: Miraidon
|turn|6
|-message|mnmnmnmnm6 forfeited.
|
|win|What The Groudon
|raw|mnmnmnmnm6's rating: 1436 &rarr; <strong>1414</strong><br />(-22 for losing)
|raw|What The Groudon's rating: 1404 &rarr; <strong>1426</strong><br />(+22 for winning)
|l|☆mnmnmnmnm6
|player|p1|
|l|☆What The Groudon
|player|p2|
