|j|☆Limokok
|j|☆xiaotianyu
|t:|1750860900
|gametype|doubles
|player|p1|Limokok|miku-ghost|1449
|player|p2|xiaotianyu|265|1490
|teamsize|p1|6
|teamsize|p2|6
|gen|9
|tier|[Gen 9] VGC 2025 Reg I
|rated|
|rule|Species Clause: Limit one of each Pokémon
|rule|Item Clause: Limit 1 of each item
|clearpoke
|poke|p1|Calyrex-Ice, L50|
|poke|p1|Miraidon, L50|
|poke|p1|Clefairy, L50, F|
|poke|p1|Grimmsnarl, L50, M|
|poke|p1|Urshifu-*, L50, F|
|poke|p1|Ursaluna, L50, M|
|poke|p2|Zamazenta-*, L50|
|poke|p2|Miraidon, L50|
|poke|p2|Cresselia, L50, F|
|poke|p2|Chien-Pao, L50|
|poke|p2|Urshifu-*, L50, M|
|poke|p2|Incineroar, L50, F|
|teampreview|4
|inactive|Battle timer is ON: inactive players will automatically lose when time's up. (requested by xiaotianyu)
|inactive|xiaotianyu has 60 seconds left.
|
|t:|1750860958
|start
|switch|p1a: Miraidon|Miraidon, L50|100/100
|switch|p1b: Grimmsnarl|Grimmsnarl, L50, M|100/100
|switch|p2a: Chien-Pao|Chien-Pao, L50|100/100
|switch|p2b: Miraidon|Miraidon, L50|100/100
|-fieldstart|move: Electric Terrain|[from] ability: Hadron Engine|[of] p1a: Miraidon
|-ability|p2a: Chien-Pao|Sword of Ruin
|-activate|p2b: Miraidon|ability: Hadron Engine
|turn|1
|
|t:|1750860977
|-terastallize|p2b: Miraidon|Electric
|move|p1b: Grimmsnarl|Light Screen|p1b: Grimmsnarl
|-sidestart|p1: Limokok|move: Light Screen
|move|p1a: Miraidon|Volt Switch|p2a: Chien-Pao
|-enditem|p2a: Chien-Pao|Focus Sash
|-damage|p2a: Chien-Pao|1/100
|
|t:|1750860983
|switch|p1a: Calyrex|Calyrex-Ice, L50|100/100|[from] Volt Switch
|-ability|p1a: Calyrex|As One
|-ability|p1a: Calyrex|Unnerve
|move|p2a: Chien-Pao|Icicle Crash|p1a: Calyrex
|-resisted|p1a: Calyrex
|-damage|p1a: Calyrex|83/100
|move|p2b: Miraidon|Volt Switch|p1b: Grimmsnarl
|-damage|p1b: Grimmsnarl|51/100
|
|t:|1750860994
|switch|p2b: Zamazenta|Zamazenta-Crowned, L50|100/100|[from] Volt Switch
|-ability|p2b: Zamazenta|Dauntless Shield|boost
|-boost|p2b: Zamazenta|def|1
|
|-heal|p1a: Calyrex|89/100|[from] item: Leftovers
|upkeep
|turn|2
|inactive|Limokok has 30 seconds left.
|
|t:|1750861021
|move|p1b: Grimmsnarl|Reflect|p1b: Grimmsnarl
|-sidestart|p1: Limokok|Reflect
|move|p2a: Chien-Pao|Crunch|p1a: Calyrex
|-supereffective|p1a: Calyrex
|-damage|p1a: Calyrex|50/100
|move|p2b: Zamazenta|Behemoth Bash|p1b: Grimmsnarl
|-supereffective|p1b: Grimmsnarl
|-damage|p1b: Grimmsnarl|0 fnt
|faint|p1b: Grimmsnarl
|move|p1a: Calyrex|Leech Seed|p2b: Zamazenta
|-start|p2b: Zamazenta|move: Leech Seed
|
|-heal|p1a: Calyrex|56/100|[from] item: Leftovers
|-damage|p2b: Zamazenta|88/100|[from] Leech Seed|[of] p1a: Calyrex
|-heal|p1a: Calyrex|67/100|[silent]
|upkeep
|
|t:|1750861037
|switch|p1b: Miraidon|Miraidon, L50|100/100
|-activate|p1b: Miraidon|ability: Hadron Engine
|turn|3
|
|t:|1750861046
|move|p1b: Miraidon|Volt Switch|p2a: Chien-Pao
|-damage|p2a: Chien-Pao|0 fnt
|faint|p2a: Chien-Pao
|
|t:|1750861049
|switch|p1b: Urshifu|Urshifu-Rapid-Strike, L50, F|100/100|[from] Volt Switch
|move|p2b: Zamazenta|Behemoth Bash|p1b: Urshifu
|-resisted|p1b: Urshifu
|-damage|p1b: Urshifu|87/100
|move|p1a: Calyrex|Substitute|p1a: Calyrex
|-start|p1a: Calyrex|Substitute
|-damage|p1a: Calyrex|43/100
|
|-heal|p1a: Calyrex|48/100|[from] item: Leftovers
|-damage|p2b: Zamazenta|76/100|[from] Leech Seed|[of] p1a: Calyrex
|-heal|p1a: Calyrex|60/100|[silent]
|upkeep
|
|t:|1750861055
|switch|p2a: Cresselia|Cresselia, L50, F|100/100
|-enditem|p2a: Cresselia|Electric Seed
|-boost|p2a: Cresselia|def|1|[from] item: Electric Seed
|turn|4
|
|t:|1750861065
|move|p1b: Urshifu|Surging Strikes|p2b: Zamazenta
|-crit|p2b: Zamazenta
|-damage|p2b: Zamazenta|65/100
|-crit|p2b: Zamazenta
|-damage|p2b: Zamazenta|55/100
|-crit|p2b: Zamazenta
|-damage|p2b: Zamazenta|44/100
|-hitcount|p2b: Zamazenta|3
|move|p2b: Zamazenta|Body Press|p1a: Calyrex
|-end|p1a: Calyrex|Substitute
|move|p2a: Cresselia|Psychic|p1b: Urshifu
|-supereffective|p1b: Urshifu
|-damage|p1b: Urshifu|36/100
|move|p1a: Calyrex|Leech Seed|p2a: Cresselia
|-start|p2a: Cresselia|move: Leech Seed
|
|-heal|p1a: Calyrex|66/100|[from] item: Leftovers
|-damage|p2b: Zamazenta|32/100|[from] Leech Seed|[of] p1a: Calyrex
|-heal|p1a: Calyrex|77/100|[silent]
|-damage|p2a: Cresselia|88/100|[from] Leech Seed|[of] p1a: Calyrex
|-heal|p1a: Calyrex|90/100|[silent]
|upkeep
|turn|5
|
|t:|1750861090
|switch|p2b: Miraidon|Miraidon, L50, tera:Electric|100/100
|-activate|p2b: Miraidon|ability: Hadron Engine
|move|p1b: Urshifu|Surging Strikes|p2b: Miraidon
|-crit|p2b: Miraidon
|-damage|p2b: Miraidon|87/100
|-crit|p2b: Miraidon
|-damage|p2b: Miraidon|72/100
|-crit|p2b: Miraidon
|-damage|p2b: Miraidon|58/100
|-hitcount|p2b: Miraidon|3
|move|p2a: Cresselia|Psychic|p1b: Urshifu
|-supereffective|p1b: Urshifu
|-damage|p1b: Urshifu|0 fnt
|faint|p1b: Urshifu
|move|p1a: Calyrex|Substitute|p1a: Calyrex
|-start|p1a: Calyrex|Substitute
|-damage|p1a: Calyrex|66/100
|
|-heal|p1a: Calyrex|72/100|[from] item: Leftovers
|-damage|p2a: Cresselia|76/100|[from] Leech Seed|[of] p1a: Calyrex
|-heal|p1a: Calyrex|85/100|[silent]
|-fieldend|move: Electric Terrain
|upkeep
|
|t:|1750861093
|switch|p1b: Miraidon|Miraidon, L50|100/100
|-fieldstart|move: Electric Terrain|[from] ability: Hadron Engine|[of] p1b: Miraidon
|turn|6
|
|t:|1750861111
|-terastallize|p1b: Miraidon|Electric
|move|p1b: Miraidon|Electro Drift|p2a: Cresselia
|-damage|p2a: Cresselia|0 fnt
|faint|p2a: Cresselia
|move|p2b: Miraidon|Draco Meteor|p1b: Miraidon
|-damage|p1b: Miraidon|56/100
|-unboost|p2b: Miraidon|spa|2
|move|p1a: Calyrex|Glacial Lance|p2b: Miraidon
|-damage|p2b: Miraidon|5/100
|
|-heal|p1a: Calyrex|90/100|[from] item: Leftovers
|upkeep
|-message|xiaotianyu forfeited.
|
|win|Limokok
|raw|Limokok's rating: 1449 &rarr; <strong>1471</strong><br />(+22 for winning)
|raw|xiaotianyu's rating: 1490 &rarr; <strong>1468</strong><br />(-22 for losing)
|l|☆xiaotianyu
|player|p2|
|l|☆Limokok
|player|p1|
