|j|☆Please To Help
|j|☆armandopalsud
|t:|1750802127
|gametype|doubles
|player|p1|Please To Help|doctor|1046
|player|p2|armandopalsud|hilbert|1000
|teamsize|p1|6
|teamsize|p2|6
|gen|9
|tier|[Gen 9] VGC 2025 Reg I
|rated|
|rule|Species Clause: Limit one of each Pokémon
|rule|Item Clause: Limit 1 of each item
|clearpoke
|poke|p1|Groudon, L50|
|poke|p1|Miraidon, L50|
|poke|p1|Grimmsnarl, L50, M|
|poke|p1|Farigiraf, L50, M|
|poke|p1|Volcarona, L50, M|
|poke|p1|Iron Bundle, L50|
|poke|p2|Lunala, L50|
|poke|p2|Ursaluna, L50, F|
|poke|p2|Miraidon, L50|
|poke|p2|Grimmsnarl, L50, M|
|poke|p2|Incineroar, L50, F|
|poke|p2|Urshifu-*, L50, M|
|teampreview|4
|
|t:|1750802187
|start
|switch|p1a: Volcarona|Volcarona, L50, M|100/100
|switch|p1b: Miraidon|Miraidon, L50|100/100
|switch|p2a: Lunala|Lunala, L50|100/100
|switch|p2b: Grimmsnarl|Grimmsnarl, L50, M|100/100
|-fieldstart|move: Electric Terrain|[from] ability: Hadron Engine|[of] p1b: Miraidon
|-enditem|p2a: Lunala|Electric Seed
|-boost|p2a: Lunala|def|1|[from] item: Electric Seed
|turn|1
|
|t:|1750802204
|move|p2b: Grimmsnarl|Light Screen|p2b: Grimmsnarl
|-sidestart|p2: armandopalsud|move: Light Screen
|move|p1b: Miraidon|Volt Switch|p2b: Grimmsnarl
|-damage|p2b: Grimmsnarl|33/100
|
|t:|1750802209
|switch|p1b: Grimmsnarl|Grimmsnarl, L50, M|100/100|[from] Volt Switch
|move|p1a: Volcarona|Struggle Bug|p2b: Grimmsnarl|[spread] p2a,p2b
|-crit|p2a: Lunala
|-damage|p2a: Lunala|91/100
|-damage|p2b: Grimmsnarl|23/100
|-unboost|p2a: Lunala|spa|1
|-unboost|p2b: Grimmsnarl|spa|1
|move|p2a: Lunala|Trick Room|p2a: Lunala
|-fieldstart|move: Trick Room|[of] p2a: Lunala
|
|upkeep
|turn|2
|
|t:|1750802236
|switch|p2b: Ursaluna|Ursaluna, L50, F|100/100
|move|p1b: Grimmsnarl|Spirit Break|p2a: Lunala
|-damage|p2a: Lunala|76/100
|-unboost|p2a: Lunala|spa|1
|move|p2a: Lunala|Moonblast|p1b: Grimmsnarl
|-supereffective|p1b: Grimmsnarl
|-damage|p1b: Grimmsnarl|63/100
|-unboost|p1b: Grimmsnarl|spa|1
|move|p1a: Volcarona|Struggle Bug|p2b: Ursaluna|[spread] p2a,p2b
|-crit|p2b: Ursaluna
|-damage|p2a: Lunala|68/100
|-damage|p2b: Ursaluna|80/100
|-unboost|p2a: Lunala|spa|1
|-unboost|p2b: Ursaluna|spa|1
|
|-status|p2b: Ursaluna|brn|[from] item: Flame Orb
|upkeep
|turn|3
|inactive|Battle timer is ON: inactive players will automatically lose when time's up. (requested by armandopalsud)
|
|t:|1750802265
|switch|p2a: Grimmsnarl|Grimmsnarl, L50, M|23/100
|move|p1b: Grimmsnarl|Reflect|p1b: Grimmsnarl
|-sidestart|p1: Please To Help|Reflect
|move|p2b: Ursaluna|Facade|p1a: Volcarona
|-damage|p1a: Volcarona|18/100
|-damage|p2b: Ursaluna|63/100 brn|[from] item: Rocky Helmet|[of] p1a: Volcarona
|move|p1a: Volcarona|Overheat|p2b: Ursaluna
|-damage|p2b: Ursaluna|32/100 brn
|-unboost|p1a: Volcarona|spa|2
|
|-damage|p2b: Ursaluna|26/100 brn|[from] brn
|upkeep
|turn|4
|inactive|Please To Help has 30 seconds left.
|
|t:|1750802299
|move|p1a: Volcarona|Rage Powder|p1a: Volcarona
|-singleturn|p1a: Volcarona|move: Rage Powder
|move|p2b: Ursaluna|Facade|p1a: Volcarona
|-damage|p1a: Volcarona|0 fnt
|-damage|p2b: Ursaluna|9/100 brn|[from] item: Rocky Helmet|[of] p1a: Volcarona
|faint|p1a: Volcarona
|move|p1b: Grimmsnarl|Spirit Break|p2b: Ursaluna
|-damage|p2b: Ursaluna|0 fnt
|faint|p2b: Ursaluna
|move|p2a: Grimmsnarl|Spirit Break|p1b: Grimmsnarl
|-supereffective|p1b: Grimmsnarl
|-damage|p1b: Grimmsnarl|23/100
|-unboost|p1b: Grimmsnarl|spa|1
|
|upkeep
|inactive|armandopalsud has 30 seconds left.
|
|t:|1750802326
|switch|p2b: Lunala|Lunala, L50|68/100
|switch|p1a: Groudon|Groudon, L50|100/100
|-weather|SunnyDay|[from] ability: Drought|[of] p1a: Groudon
|turn|5
|
|t:|1750802342
|move|p2b: Lunala|Wide Guard|p2b: Lunala
|-singleturn|p2b: Lunala|Wide Guard
|move|p1b: Grimmsnarl|Light Screen|p1b: Grimmsnarl
|-sidestart|p1: Please To Help|move: Light Screen
|move|p2a: Grimmsnarl|Spirit Break|p1b: Grimmsnarl
|-supereffective|p1b: Grimmsnarl
|-damage|p1b: Grimmsnarl|0 fnt
|faint|p1b: Grimmsnarl
|move|p1a: Groudon|Crunch|p2b: Lunala
|-supereffective|p2b: Lunala
|-damage|p2b: Lunala|0 fnt
|faint|p2b: Lunala
|
|-weather|SunnyDay|[upkeep]
|-fieldend|move: Trick Room
|-fieldend|move: Electric Terrain
|upkeep
|
|t:|1750802352
|switch|p2b: Miraidon|Miraidon, L50|100/100
|switch|p1b: Miraidon|Miraidon, L50|100/100
|-fieldstart|move: Electric Terrain|[from] ability: Hadron Engine|[of] p1b: Miraidon
|-activate|p2b: Miraidon|ability: Hadron Engine
|turn|6
|
|t:|1750802376
|-terastallize|p1b: Miraidon|Electric
|move|p2a: Grimmsnarl|Reflect|p2a: Grimmsnarl
|-sidestart|p2: armandopalsud|Reflect
|move|p1b: Miraidon|Electro Drift|p2b: Miraidon
|-resisted|p2b: Miraidon
|-damage|p2b: Miraidon|82/100
|move|p2b: Miraidon|Draco Meteor|p1b: Miraidon
|-damage|p1b: Miraidon|43/100
|-unboost|p2b: Miraidon|spa|2
|move|p1a: Groudon|Precipice Blades|p2b: Miraidon|[spread] p2a,p2b
|-supereffective|p2b: Miraidon
|-damage|p2a: Grimmsnarl|0 fnt
|-damage|p2b: Miraidon|24/100
|faint|p2a: Grimmsnarl
|
|-weather|SunnyDay|[upkeep]
|upkeep
|turn|7
|-message|armandopalsud forfeited.
|
|win|Please To Help
|raw|Please To Help's rating: 1046 &rarr; <strong>1075</strong><br />(+29 for winning)
|raw|armandopalsud's rating: 1000 &rarr; <strong>1000</strong><br />(+0 for losing)
|l|☆armandopalsud
|player|p2|
