|j|☆bestgeoduck
|j|☆tobi29493
|t:|1750795654
|gametype|doubles
|player|p1|bestgeoduck|collector|1362
|player|p2|tobi29493|169|1355
|teamsize|p1|6
|teamsize|p2|6
|gen|9
|tier|[Gen 9] VGC 2025 Reg I
|rated|
|rule|Species Clause: Limit one of each Pokémon
|rule|Item Clause: Limit 1 of each item
|clearpoke
|poke|p1|Tornadus, L50, M|
|poke|p1|Iron Valiant, L50|
|poke|p1|Calyrex-Shadow, L50|
|poke|p1|Landorus, L50, M|
|poke|p1|Necrozma-Dusk-Mane, L50|
|poke|p1|Toxapex, L50, F|
|poke|p2|Calyrex-Ice, L50|
|poke|p2|Miraidon, L50|
|poke|p2|Grimmsnarl, L50, M|
|poke|p2|Urshifu-*, L50, F|
|poke|p2|Incineroar, L50, F|
|poke|p2|Landorus, L50, M|
|teampreview|4
|
|t:|1750795690
|start
|switch|p1a: Necrozma|Necrozma-Dusk-Mane, L50|100/100
|switch|p1b: Landorus|Landorus, L50, M|100/100
|switch|p2a: Grimmsnarl|Grimmsnarl, L50, M|100/100
|switch|p2b: Miraidon|Miraidon, L50|100/100
|-fieldstart|move: Electric Terrain|[from] ability: Hadron Engine|[of] p2b: Miraidon
|turn|1
|
|t:|1750795712
|-terastallize|p1a: Necrozma|Ground
|move|p2a: Grimmsnarl|Light Screen|p2a: Grimmsnarl
|-sidestart|p2: tobi29493|move: Light Screen
|move|p2b: Miraidon|Volt Switch|p1a: Necrozma
|-immune|p1a: Necrozma
|move|p1b: Landorus|Earth Power|p2b: Miraidon
|-supereffective|p2b: Miraidon
|-damage|p2b: Miraidon|27/100
|move|p1a: Necrozma|Bulldoze|p2b: Miraidon|[spread] p2a,p2b
|-immune|p1b: Landorus
|-supereffective|p2b: Miraidon
|-damage|p2a: Grimmsnarl|77/100
|-damage|p2b: Miraidon|0 fnt
|-unboost|p2a: Grimmsnarl|spe|1
|faint|p2b: Miraidon
|
|upkeep
|
|t:|1750795726
|switch|p2b: Calyrex|Calyrex-Ice, L50|100/100
|-ability|p2b: Calyrex|As One
|-ability|p2b: Calyrex|Unnerve
|turn|2
|
|t:|1750795759
|move|p2a: Grimmsnarl|Reflect|p2a: Grimmsnarl
|-sidestart|p2: tobi29493|Reflect
|move|p1b: Landorus|Sandsear Storm|p2b: Calyrex|[spread] p2a,p2b
|-damage|p2a: Grimmsnarl|41/100
|-damage|p2b: Calyrex|74/100
|move|p1a: Necrozma|Sunsteel Strike|p2b: Calyrex
|-supereffective|p2b: Calyrex
|-damage|p2b: Calyrex|29/100
|move|p2b: Calyrex|Glacial Lance|p1a: Necrozma|[spread] p1a,p1b
|-supereffective|p1a: Necrozma
|-supereffective|p1b: Landorus
|-damage|p1a: Necrozma|60/100
|-damage|p1b: Landorus|0 fnt
|faint|p1b: Landorus
|-ability|p2b: Calyrex|Chilling Neigh|boost
|-boost|p2b: Calyrex|atk|1
|
|-heal|p2b: Calyrex|35/100|[from] item: Leftovers
|upkeep
|
|t:|1750795772
|switch|p1b: Calyrex|Calyrex-Shadow, L50|100/100
|-ability|p1b: Calyrex|As One
|-ability|p1b: Calyrex|Unnerve
|turn|3
|inactive|Battle timer is ON: inactive players will automatically lose when time's up. (requested by bestgeoduck)
|
|t:|1750795790
|-terastallize|p2b: Calyrex|Water
|move|p2a: Grimmsnarl|Thunder Wave|p1b: Calyrex
|-status|p1b: Calyrex|par
|move|p1b: Calyrex|Astral Barrage|p2a: Grimmsnarl|[spread] p2a,p2b
|-resisted|p2a: Grimmsnarl
|-damage|p2a: Grimmsnarl|23/100
|-damage|p2b: Calyrex|13/100
|move|p1a: Necrozma|Sunsteel Strike|p2a: Grimmsnarl
|-supereffective|p2a: Grimmsnarl
|-damage|p2a: Grimmsnarl|0 fnt
|faint|p2a: Grimmsnarl
|move|p2b: Calyrex|Leech Seed|p1a: Necrozma
|-start|p1a: Necrozma|move: Leech Seed
|
|-heal|p2b: Calyrex|19/100|[from] item: Leftovers
|-damage|p1a: Necrozma|48/100|[from] Leech Seed|[of] p2b: Calyrex
|-heal|p2b: Calyrex|31/100|[silent]
|upkeep
|
|t:|1750795807
|switch|p2a: Incineroar|Incineroar, L50, F|100/100
|-ability|p2a: Incineroar|Intimidate|boost
|-unboost|p1a: Necrozma|atk|1
|-unboost|p1b: Calyrex|atk|1
|turn|4
|inactive|bestgeoduck has 30 seconds left.
|
|t:|1750795838
|move|p2b: Calyrex|Protect|p2b: Calyrex
|-singleturn|p2b: Calyrex|Protect
|move|p2a: Incineroar|Knock Off|p1b: Calyrex
|-supereffective|p1b: Calyrex
|-enditem|p1b: Calyrex|Focus Sash
|-damage|p1b: Calyrex|1/100 par
|cant|p1b: Calyrex|par
|move|p1a: Necrozma|Sunsteel Strike|p2b: Calyrex
|-activate|p2b: Calyrex|move: Protect
|
|-heal|p2b: Calyrex|37/100|[from] item: Leftovers
|-damage|p1a: Necrozma|36/100|[from] Leech Seed|[of] p2b: Calyrex
|-heal|p2b: Calyrex|49/100|[silent]
|upkeep
|turn|5
|
|t:|1750795857
|move|p2a: Incineroar|Knock Off|p1b: Calyrex
|-supereffective|p1b: Calyrex
|-damage|p1b: Calyrex|0 fnt
|faint|p1b: Calyrex
|move|p1a: Necrozma|Sunsteel Strike|p2b: Calyrex
|-resisted|p2b: Calyrex
|-damage|p2b: Calyrex|43/100
|move|p2b: Calyrex|Glacial Lance|p1a: Necrozma
|-supereffective|p1a: Necrozma
|-damage|p1a: Necrozma|0 fnt
|faint|p1a: Necrozma
|-ability|p2b: Calyrex|Chilling Neigh|boost
|-boost|p2b: Calyrex|atk|1
|
|-heal|p2b: Calyrex|48/100|[from] item: Leftovers
|-fieldend|move: Electric Terrain
|upkeep
|
|t:|1750795863
|switch|p1b: Toxapex|Toxapex, L50, F|100/100
|turn|6
|
|t:|1750795882
|move|p1b: Toxapex|Baneful Bunker|p1b: Toxapex
|-singleturn|p1b: Toxapex|move: Protect
|move|p2a: Incineroar|Knock Off|p1b: Toxapex
|-activate|p1b: Toxapex|move: Protect
|-status|p2a: Incineroar|psn
|move|p2b: Calyrex|Leech Seed|p1b: Toxapex
|-activate|p1b: Toxapex|move: Protect
|
|-heal|p2b: Calyrex|54/100|[from] item: Leftovers
|-damage|p2a: Incineroar|88/100 psn|[from] psn
|upkeep
|turn|7
|
|t:|1750795895
|move|p2a: Incineroar|Knock Off|p1b: Toxapex
|-damage|p1b: Toxapex|79/100
|-enditem|p1b: Toxapex|Mental Herb|[from] move: Knock Off|[of] p2a: Incineroar
|move|p2b: Calyrex|Leech Seed|p1b: Toxapex
|-start|p1b: Toxapex|move: Leech Seed
|move|p1b: Toxapex|Toxic|p2b: Calyrex
|-status|p2b: Calyrex|tox
|
|-heal|p2b: Calyrex|60/100 tox|[from] item: Leftovers
|-damage|p1b: Toxapex|67/100|[from] Leech Seed|[of] p2b: Calyrex
|-heal|p2b: Calyrex|69/100 tox|[silent]
|-damage|p2a: Incineroar|76/100 psn|[from] psn
|-damage|p2b: Calyrex|63/100 tox|[from] psn
|upkeep
|turn|8
|inactive|tobi29493 has 30 seconds left.
|
|t:|1750795922
|move|p2a: Incineroar|Knock Off|p1b: Toxapex
|-damage|p1b: Toxapex|51/100
|move|p2b: Calyrex|Glacial Lance|p1b: Toxapex
|-resisted|p1b: Toxapex
|-damage|p1b: Toxapex|5/100
|move|p1b: Toxapex|Recover|p1b: Toxapex
|-heal|p1b: Toxapex|55/100
|
|-heal|p2b: Calyrex|69/100 tox|[from] item: Leftovers
|-damage|p1b: Toxapex|43/100|[from] Leech Seed|[of] p2b: Calyrex
|-heal|p2b: Calyrex|78/100 tox|[silent]
|-damage|p2a: Incineroar|63/100 psn|[from] psn
|-damage|p2b: Calyrex|67/100 tox|[from] psn
|-sideend|p2: tobi29493|move: Light Screen
|upkeep
|turn|9
|
|t:|1750795935
|move|p2a: Incineroar|Knock Off|p1b: Toxapex
|-damage|p1b: Toxapex|27/100
|move|p2b: Calyrex|Glacial Lance|p1b: Toxapex
|-resisted|p1b: Toxapex
|-damage|p1b: Toxapex|0 fnt
|faint|p1b: Toxapex
|
|win|tobi29493
|raw|bestgeoduck's rating: 1362 &rarr; <strong>1342</strong><br />(-20 for losing)
|raw|tobi29493's rating: 1355 &rarr; <strong>1375</strong><br />(+20 for winning)
|c|☆bestgeoduck|Bro has the faster incin of all time lol
|l|☆bestgeoduck
|player|p1|
|l|☆tobi29493
|player|p2|
