|j|☆ghostless4
|j|☆AmarnaLetters
|t:|1750824713
|gametype|doubles
|player|p1|ghostless4|170|1383
|player|p2|AmarnaLetters|102|1429
|teamsize|p1|6
|teamsize|p2|6
|gen|9
|tier|[Gen 9] VGC 2025 Reg I
|rated|
|rule|Species Clause: Limit one of each Pokémon
|rule|Item Clause: Limit 1 of each item
|clearpoke
|poke|p1|Miraidon, L50|
|poke|p1|Sinistcha-Masterpiece, L50|
|poke|p1|Incineroar, L50, F|
|poke|p1|Iron Treads, L50|
|poke|p1|Terapagos, L50, M|
|poke|p1|Urshifu-*, L50, F|
|poke|p2|Rillaboom, L50, M|
|poke|p2|Terapagos, L50, M|
|poke|p2|Clefairy, L50, M|
|poke|p2|Flutter Mane, L50|
|poke|p2|Incineroar, L50, M|
|poke|p2|Ho-Oh, L50|
|teampreview|4
|inactive|Battle timer is ON: inactive players will automatically lose when time's up. (requested by AmarnaLetters)
|inactive|ghostless4 has 60 seconds left.
|inactive|AmarnaLetters has 60 seconds left.
|
|t:|1750824771
|start
|switch|p1a: Terapagos|Terapagos, L50, M|100/100
|switch|p1b: Miraidon|Miraidon, L50|100/100
|switch|p2a: Terapagos|Terapagos, L50, M|100/100
|switch|p2b: Rillaboom|Rillaboom, L50, M|100/100
|-activate|p2a: Terapagos|ability: Tera Shift
|detailschange|p2a: Terapagos|Terapagos-Terastal, L50, M
|-heal|p2a: Terapagos|100/100|[silent]
|-activate|p1a: Terapagos|ability: Tera Shift
|detailschange|p1a: Terapagos|Terapagos-Terastal, L50, M
|-heal|p1a: Terapagos|100/100|[silent]
|-fieldstart|move: Electric Terrain|[from] ability: Hadron Engine|[of] p1b: Miraidon
|-enditem|p1a: Terapagos|Electric Seed
|-boost|p1a: Terapagos|def|1|[from] item: Electric Seed
|-fieldstart|move: Grassy Terrain|[from] ability: Grassy Surge|[of] p2b: Rillaboom
|turn|1
|inactive|ghostless4 has 30 seconds left.
|
|t:|1750824805
|move|p2b: Rillaboom|Fake Out|p1b: Miraidon
|-damage|p1b: Miraidon|89/100
|cant|p1b: Miraidon|flinch
|move|p2a: Terapagos|Tera Starstorm|p1b: Miraidon
|-damage|p1b: Miraidon|47/100
|move|p1a: Terapagos|Calm Mind|p1a: Terapagos
|-boost|p1a: Terapagos|spa|1
|-boost|p1a: Terapagos|spd|1
|
|-heal|p1b: Miraidon|53/100|[from] Grassy Terrain
|upkeep
|turn|2
|
|t:|1750824825
|move|p1b: Miraidon|Volt Switch|p2a: Terapagos
|-activate|p2a: Terapagos|ability: Tera Shell
|-resisted|p2a: Terapagos
|-damage|p2a: Terapagos|86/100
|
|t:|1750824834
|switch|p1b: Incineroar|Incineroar, L50, F|100/100|[from] Volt Switch
|-ability|p1b: Incineroar|Intimidate|boost
|-unboost|p2a: Terapagos|atk|1
|-unboost|p2b: Rillaboom|atk|1
|move|p2b: Rillaboom|Wood Hammer|p1b: Incineroar
|-resisted|p1b: Incineroar
|-crit|p1b: Incineroar
|-damage|p1b: Incineroar|44/100
|-damage|p2b: Rillaboom|84/100|[from] item: Rocky Helmet|[of] p1b: Incineroar
|-damage|p2b: Rillaboom|65/100|[from] Recoil
|move|p2a: Terapagos|Tera Starstorm|p1b: Incineroar
|-damage|p1b: Incineroar|0 fnt
|faint|p1b: Incineroar
|move|p1a: Terapagos|Calm Mind|p1a: Terapagos
|-boost|p1a: Terapagos|spa|1
|-boost|p1a: Terapagos|spd|1
|
|-heal|p2b: Rillaboom|71/100|[from] Grassy Terrain
|-heal|p2a: Terapagos|92/100|[from] Grassy Terrain
|upkeep
|
|t:|1750824853
|switch|p1b: Urshifu|Urshifu-Rapid-Strike, L50, F|100/100
|turn|3
|inactive|ghostless4 has 30 seconds left.
|
|t:|1750824886
|-terastallize|p2a: Terapagos|Stellar
|detailschange|p2a: Terapagos|Terapagos-Stellar, L50, M, tera:Stellar
|-heal|p2a: Terapagos|94/100|[silent]
|-ability|p2a: Terapagos|Teraform Zero
|-fieldend|move: Grassy Terrain
|move|p1b: Urshifu|Close Combat|p2a: Terapagos
|-supereffective|p2a: Terapagos
|-damage|p2a: Terapagos|13/100
|-unboost|p1b: Urshifu|def|1
|-unboost|p1b: Urshifu|spd|1
|move|p2b: Rillaboom|U-turn|p1b: Urshifu
|-resisted|p1b: Urshifu
|-damage|p1b: Urshifu|89/100
|
|t:|1750824898
|switch|p2b: Incineroar|Incineroar, L50, M|100/100|[from] U-turn
|-ability|p2b: Incineroar|Intimidate|boost
|-unboost|p1a: Terapagos|atk|1
|-unboost|p1b: Urshifu|atk|1
|move|p2a: Terapagos|Tera Starstorm|p1b: Urshifu|[spread] p1a,p1b
|-activate|p1a: Terapagos|ability: Tera Shell
|-resisted|p1a: Terapagos
|-damage|p1a: Terapagos|86/100
|-damage|p1b: Urshifu|0 fnt
|faint|p1b: Urshifu
|move|p1a: Terapagos|Calm Mind|p1a: Terapagos
|-boost|p1a: Terapagos|spa|1
|-boost|p1a: Terapagos|spd|1
|
|upkeep
|
|t:|1750824910
|switch|p1b: Miraidon|Miraidon, L50|53/100
|-fieldstart|move: Electric Terrain|[from] ability: Hadron Engine|[of] p1b: Miraidon
|turn|4
|
|t:|1750824923
|switch|p2a: Rillaboom|Rillaboom, L50, M|71/100
|-fieldstart|move: Grassy Terrain|[from] ability: Grassy Surge|[of] p2a: Rillaboom
|-terastallize|p1a: Terapagos|Stellar
|detailschange|p1a: Terapagos|Terapagos-Stellar, L50, M, tera:Stellar
|-heal|p1a: Terapagos|90/100|[silent]
|-ability|p1a: Terapagos|Teraform Zero
|-fieldend|move: Grassy Terrain
|move|p1b: Miraidon|Snarl|p2a: Rillaboom|[spread] p2a,p2b
|-resisted|p2b: Incineroar
|-damage|p2a: Rillaboom|59/100
|-damage|p2b: Incineroar|94/100
|-unboost|p2a: Rillaboom|spa|1
|-unboost|p2b: Incineroar|spa|1
|move|p1a: Terapagos|Tera Starstorm|p2b: Incineroar|[spread] p2a,p2b
|-crit|p2b: Incineroar
|-damage|p2a: Rillaboom|0 fnt
|-damage|p2b: Incineroar|0 fnt
|faint|p2a: Rillaboom
|faint|p2b: Incineroar
|
|upkeep
|
|t:|1750824939
|switch|p2a: Terapagos|Terapagos-Stellar, L50, M, tera:Stellar|13/100
|switch|p2b: Flutter Mane|Flutter Mane, L50|100/100
|-enditem|p2b: Flutter Mane|Booster Energy
|-activate|p2b: Flutter Mane|ability: Protosynthesis|[fromitem]
|-start|p2b: Flutter Mane|protosynthesisspe
|turn|5
|
|t:|1750824951
|move|p2b: Flutter Mane|Thunder Wave|p1a: Terapagos
|-status|p1a: Terapagos|par
|move|p1b: Miraidon|Snarl|p2a: Terapagos|[spread] p2a,p2b
|-damage|p2a: Terapagos|4/100
|-damage|p2b: Flutter Mane|85/100
|-unboost|p2a: Terapagos|spa|1
|-unboost|p2b: Flutter Mane|spa|1
|move|p2a: Terapagos|Tera Starstorm|p1a: Terapagos|[spread] p1a,p1b
|-supereffective|p1a: Terapagos
|-damage|p1a: Terapagos|68/100 par
|-damage|p1b: Miraidon|33/100
|move|p1a: Terapagos|Tera Starstorm|p2a: Terapagos|[spread] p2a,p2b
|-supereffective|p2a: Terapagos
|-damage|p2a: Terapagos|0 fnt
|-damage|p2b: Flutter Mane|0 fnt
|faint|p2a: Terapagos
|detailschange|p2: Terapagos|Terapagos, L50, M|[silent]
|faint|p2b: Flutter Mane
|-end|p2b: Flutter Mane|Protosynthesis|[silent]
|
|win|ghostless4
|raw|ghostless4's rating: 1383 &rarr; <strong>1406</strong><br />(+23 for winning)
|raw|AmarnaLetters's rating: 1429 &rarr; <strong>1406</strong><br />(-23 for losing)
|l|☆AmarnaLetters
|player|p2|
|l|☆ghostless4
|player|p1|
