|j|☆Jubstron
|j|☆msandsv
|t:|1750734617
|gametype|doubles
|player|p1|Jubstron|wattson|
|player|p2|msandsv|cyclist-gen4|
|teamsize|p1|6
|teamsize|p2|6
|gen|9
|tier|[Gen 9] VGC 2025 Reg I
|rule|Species Clause: Limit one of each Pokémon
|rule|Item Clause: Limit 1 of each item
|clearpoke
|poke|p1|Pelipper, L50, M|
|poke|p1|Sinistcha-Masterpiece, L50|
|poke|p1|Palafin, L50, M|
|poke|p1|Arcanine-Hisui, L50, F|
|poke|p1|Clefairy, L50, M|
|poke|p1|Scizor, L50, M|
|poke|p2|Whimsicott, L50, F|
|poke|p2|Dragapult, L50, M|
|poke|p2|Mamoswine, L50, M|
|poke|p2|Weezing-Galar, L50, M|
|poke|p2|Slaking, L50, M|
|poke|p2|Slowking, L50, M|
|teampreview|4
Jubstron rejected open team sheets.
|
|t:|1750734668
|start
|switch|p1a: Alpines|Palafin, L50, M|100/100
|switch|p1b: Tropics|Sinistcha-Masterpiece, L50|100/100
|switch|p2a: The Devil >:)|Whimsicott, L50, F, shiny|100/100
|switch|p2b: Brat|Dragapult, L50, M|100/100
|turn|1
|
|t:|1750734751
|detailschange|p1a: Alpines|Palafin-Hero, L50, M
|switch|p1a: Shore|Pelipper, L50, M|100/100
|-weather|RainDance|[from] ability: Drizzle|[of] p1a: Shore
|-terastallize|p1b: Tropics|Fairy
|move|p1b: Tropics|Rage Powder|p1b: Tropics
|-singleturn|p1b: Tropics|move: Rage Powder
|move|p2a: The Devil >:)|Taunt|p1b: Tropics
|-start|p1b: Tropics|move: Taunt
|move|p2b: Brat|Shadow Ball|p1b: Tropics
|-damage|p1b: Tropics|36/100
|-enditem|p1b: Tropics|Sitrus Berry|[eat]
|-heal|p1b: Tropics|61/100|[from] item: Sitrus Berry
|
|-weather|RainDance|[upkeep]
|upkeep
|turn|2
|
|t:|1750734803
|move|p2a: The Devil >:)|Sunny Day|p2a: The Devil >:)
|-weather|SunnyDay
|move|p2b: Brat|Shadow Ball|p1b: Tropics
|-damage|p1b: Tropics|0 fnt
|faint|p1b: Tropics
|move|p1a: Shore|Hurricane|p2a: The Devil >:)|[miss]
|-miss|p1a: Shore|p2a: The Devil >:)
|
|-weather|SunnyDay|[upkeep]
|upkeep
|
|t:|1750734811
|switch|p1b: Caldera|Arcanine-Hisui, L50, F|100/100
|turn|3
|
|t:|1750734824
|move|p2a: The Devil >:)|Tailwind|p2a: The Devil >:)
|-sidestart|p2: msandsv|move: Tailwind
|move|p2b: Brat|Shadow Ball|p1b: Caldera
|-damage|p1b: Caldera|31/100
|move|p1b: Caldera|Head Smash|p2b: Brat|[miss]
|-miss|p1b: Caldera|p2b: Brat
|move|p1a: Shore|Weather Ball|p2a: The Devil >:)
|-supereffective|p2a: The Devil >:)
|-damage|p2a: The Devil >:)|19/100
|
|-weather|SunnyDay|[upkeep]
|upkeep
|turn|4
|
|t:|1750734860
|switch|p1a: Alpines|Palafin-Hero, L50, M|100/100
|-activate|p1a: Alpines|ability: Zero to Hero
|move|p2a: The Devil >:)|Helping Hand|p2b: Brat
|-singleturn|p2b: Brat|Helping Hand|[of] p2a: The Devil >:)
|move|p2b: Brat|Shadow Ball|p1a: Alpines
|-damage|p1a: Alpines|2/100
|move|p1b: Caldera|Head Smash|p2a: The Devil >:)
|-damage|p2a: The Devil >:)|0 fnt
|faint|p2a: The Devil >:)
|
|-weather|SunnyDay|[upkeep]
|upkeep
|
|t:|1750734885
|switch|p2a: Big Man Blastoise|Slaking, L50, M, shiny|100/100
|turn|5
|
|t:|1750734904
|switch|p1b: Shore|Pelipper, L50, M|100/100
|-weather|RainDance|[from] ability: Drizzle|[of] p1b: Shore
|move|p1a: Alpines|Jet Punch|p2a: Big Man Blastoise
|-damage|p2a: Big Man Blastoise|48/100
|-damage|p1a: Alpines|0 fnt|[from] item: Life Orb
|faint|p1a: Alpines
|move|p2b: Brat|Shadow Ball|p1b: Shore
|-damage|p1b: Shore|21/100
|-unboost|p1b: Shore|spd|1
|move|p2a: Big Man Blastoise|Drain Punch|p1b: Shore
|-resisted|p1b: Shore
|-damage|p1b: Shore|8/100
|-heal|p2a: Big Man Blastoise|53/100|[from] drain|[of] p1b: Shore
|
|-weather|RainDance|[upkeep]
|upkeep
|
|t:|1750734919
|switch|p1a: Caldera|Arcanine-Hisui, L50, F|31/100
|turn|6
|
|t:|1750734931
|move|p2b: Brat|Shadow Ball|p1b: Shore
|-damage|p1b: Shore|0 fnt
|faint|p1b: Shore
|cant|p2a: Big Man Blastoise|ability: Truant
|move|p1a: Caldera|Head Smash|p2b: Brat|[miss]
|-miss|p1a: Caldera|p2b: Brat
|
|-weather|RainDance|[upkeep]
|-sideend|p2: msandsv|move: Tailwind
|upkeep
|turn|7
|c|☆Jubstron|ggggg
|c|☆Jubstron|Lolol
|
|t:|1750734944
|move|p2b: Brat|Shadow Ball|p1a: Caldera
|-damage|p1a: Caldera|0 fnt
|faint|p1a: Caldera
|
|win|msandsv
