|j|☆Meiko41
|j|☆Lelouis0
|t:|1750748341
|gametype|doubles
|player|p1|Meiko41|ingo|1258
|player|p2|Lelouis0|cyclist|1171
|teamsize|p1|6
|teamsize|p2|6
|gen|9
|tier|[Gen 9] VGC 2025 Reg I
|rated|
|rule|Species Clause: Limit one of each Pokémon
|rule|Item Clause: Limit 1 of each item
|clearpoke
|poke|p1|Giratina-Origin, L50|
|poke|p1|Zamazenta-*, L50|
|poke|p1|Chien-Pao, L50|
|poke|p1|Entei, L50|
|poke|p1|Urshifu-*, L50, M|
|poke|p1|Rillaboom, L50, F|
|poke|p2|Gyarados, L50, M|
|poke|p2|Lugia, L50|
|poke|p2|Grimmsnarl, L50, M|
|poke|p2|Umbreon, L50, M|
|poke|p2|Stonjourner, L50, F|
|poke|p2|Ho-Oh, L50|
|teampreview|4
Meiko41 has agreed to open team sheets.
Lelouis0 has agreed to open team sheets.
|showteam|p1|Giratina-Origin||GriseousCore|Levitate|ShadowSneak,Poltergeist,DracoMeteor,Protect||||||50|,,,,,Fire]Zamazenta-Crowned||RustedShield|DauntlessShield|BodyPress,behemothbash,WideGuard,Protect||||||50|,,,,,Ghost]Chien-Pao||FocusSash|SwordofRuin|IcicleCrash,SuckerPunch,Crunch,Protect||||||50|,,,,,Ghost]Entei||LifeOrb|InnerFocus|SacredFire,ExtremeSpeed,StoneEdge,Protect||||||50|,,,,,Normal]Urshifu-Rapid-Strike||ChoiceScarf|UnseenFist|SurgingStrikes,CloseCombat,Coaching,AquaJet|||M|||50|,,,,,Water]Rillaboom||AssaultVest|GrassySurge|FakeOut,GrassyGlide,WoodHammer,Uturn|||F|||50|,,,,,Water
|showteam|p2|Gyarados||ChoiceBand|Moxie|Earthquake,Waterfall,ScaleShot,TemperFlare|||M|||50|,,,,,Ground]Lugia||ScopeLens|Multiscale|CalmMind,Recover,Aeroblast,Psychic||||||50|,,,,,Normal]Grimmsnarl||BrightPowder|Prankster|FakeOut,SuckerPunch,ThunderWave,PlayRough|||M|||50|,,,,,Flying]Umbreon||WeaknessPolicy|Synchronize|BatonPass,Curse,FoulPlay,Moonlight|||M|||50|,,,,,Poison]Stonjourner||CovertCloak|PowerSpot|RockSlide,Bulldoze,WideGuard,Protect|||F|||50|,,,,,Ghost]Ho-Oh||QuickClaw|Regenerator|BraveBird,FlareBlitz,Earthquake,Tailwind||||||50|,,,,,Ground
|c|☆Meiko41|Love to see Gyarados get a run
|
|t:|1750748390
|start
|switch|p1a: Rillaboom|Rillaboom, L50, F|100/100
|switch|p1b: Chien-Pao|Chien-Pao, L50|100/100
|switch|p2a: Umbreon|Umbreon, L50, M|100/100
|switch|p2b: Grimmsnarl|Grimmsnarl, L50, M|100/100
|-ability|p1b: Chien-Pao|Sword of Ruin
|-fieldstart|move: Grassy Terrain|[from] ability: Grassy Surge|[of] p1a: Rillaboom
|turn|1
|c|☆Lelouis0|not this time unfortunately, it's a miraidon hard counter
|
|t:|1750748412
|move|p1a: Rillaboom|Fake Out|p2a: Umbreon
|-crit|p2a: Umbreon
|-damage|p2a: Umbreon|84/100
|move|p2b: Grimmsnarl|Fake Out|p1b: Chien-Pao
|-crit|p1b: Chien-Pao
|-damage|p1b: Chien-Pao|70/100
|cant|p1b: Chien-Pao|flinch
|cant|p2a: Umbreon|flinch
|
|-heal|p1b: Chien-Pao|76/100|[from] Grassy Terrain
|-heal|p2a: Umbreon|90/100|[from] Grassy Terrain
|upkeep
|turn|2
|
|t:|1750748426
|move|p2b: Grimmsnarl|Thunder Wave|p1a: Rillaboom
|-status|p1a: Rillaboom|par
|move|p1b: Chien-Pao|Icicle Crash|p2a: Umbreon
|-damage|p2a: Umbreon|55/100
|move|p2a: Umbreon|Curse|p2a: Umbreon
|-unboost|p2a: Umbreon|spe|1
|-boost|p2a: Umbreon|atk|1
|-boost|p2a: Umbreon|def|1
|move|p1a: Rillaboom|Wood Hammer|p2a: Umbreon
|-damage|p2a: Umbreon|10/100
|-damage|p1a: Rillaboom|86/100 par|[from] Recoil
|
|-heal|p1b: Chien-Pao|82/100|[from] Grassy Terrain
|-heal|p2a: Umbreon|16/100|[from] Grassy Terrain
|-heal|p1a: Rillaboom|92/100 par|[from] Grassy Terrain
|upkeep
|turn|3
|
|t:|1750748445
|move|p2b: Grimmsnarl|Thunder Wave|p1b: Chien-Pao
|-hint|Since gen 7, Dark is immune to Prankster moves.
|-immune|p1b: Chien-Pao
|move|p1a: Rillaboom|Grassy Glide|p2a: Umbreon
|-damage|p2a: Umbreon|0 fnt
|faint|p2a: Umbreon
|move|p1b: Chien-Pao|Icicle Crash|p2b: Grimmsnarl
|-damage|p2b: Grimmsnarl|28/100
|
|-heal|p1b: Chien-Pao|88/100|[from] Grassy Terrain
|-heal|p2b: Grimmsnarl|34/100|[from] Grassy Terrain
|-heal|p1a: Rillaboom|98/100 par|[from] Grassy Terrain
|upkeep
|
|t:|1750748453
|switch|p2a: Ho-Oh|Ho-Oh, L50|100/100
|turn|4
|-activate|p2a: Ho-Oh|item: Quick Claw
|
|t:|1750748465
|cant|p1a: Rillaboom|par
|move|p2a: Ho-Oh|Flare Blitz|p1b: Chien-Pao
|-supereffective|p1b: Chien-Pao
|-damage|p1b: Chien-Pao|0 fnt
|faint|p1b: Chien-Pao
|-damage|p2a: Ho-Oh|79/100|[from] Recoil
|move|p2b: Grimmsnarl|Play Rough|p1a: Rillaboom|[miss]
|-miss|p2b: Grimmsnarl|p1a: Rillaboom
|
|-heal|p2b: Grimmsnarl|40/100|[from] Grassy Terrain
|-heal|p1a: Rillaboom|100/100 par|[from] Grassy Terrain
|upkeep
|
|t:|1750748478
|switch|p1b: Giratina|Giratina-Origin, L50|100/100
|turn|5
|-activate|p2a: Ho-Oh|item: Quick Claw
|
|t:|1750748487
|move|p2b: Grimmsnarl|Sucker Punch|p1b: Giratina
|-supereffective|p1b: Giratina
|-damage|p1b: Giratina|47/100
|move|p1a: Rillaboom|Grassy Glide|p2b: Grimmsnarl
|-damage|p2b: Grimmsnarl|0 fnt
|faint|p2b: Grimmsnarl
|move|p2a: Ho-Oh|Tailwind|p2a: Ho-Oh
|-sidestart|p2: Lelouis0|move: Tailwind
|move|p1b: Giratina|Poltergeist|p2a: Ho-Oh
|-activate|p2a: Ho-Oh|move: Poltergeist|Quick Claw
|-damage|p2a: Ho-Oh|20/100
|
|-fieldend|move: Grassy Terrain
|upkeep
|
|t:|1750748499
|switch|p2b: Lugia|Lugia, L50|100/100
|turn|6
|
|t:|1750748522
|move|p1b: Giratina|Shadow Sneak|p2a: Ho-Oh
|-damage|p2a: Ho-Oh|0 fnt
|faint|p2a: Ho-Oh
|move|p2b: Lugia|Aeroblast|p1a: Rillaboom
|-supereffective|p1a: Rillaboom
|-crit|p1a: Rillaboom
|-damage|p1a: Rillaboom|29/100 par
|move|p1a: Rillaboom|U-turn|p2b: Lugia
|-damage|p2b: Lugia|95/100
|
|t:|1750748530
|switch|p1a: Zamazenta|Zamazenta-Crowned, L50|100/100|[from] U-turn
|-ability|p1a: Zamazenta|Dauntless Shield|boost
|-boost|p1a: Zamazenta|def|1
|
|upkeep
|turn|7
|-message|Lelouis0 forfeited.
|
|win|Meiko41
|raw|Meiko41's rating: 1258 &rarr; <strong>1277</strong><br />(+19 for winning)
|raw|Lelouis0's rating: 1171 &rarr; <strong>1152</strong><br />(-19 for losing)
|l|☆Lelouis0
|player|p2|
|c|☆Meiko41|gg
|l|☆Meiko41
|player|p1|
