|j|☆TheRogueElf
|j|☆dingdanglin
|t:|1750866500
|gametype|doubles
|player|p1|TheRogueElf|169|1241
|player|p2|dingdanglin|1|1269
|teamsize|p1|6
|teamsize|p2|6
|gen|9
|tier|[Gen 9] VGC 2025 Reg I
|rated|
|rule|Species Clause: Limit one of each Pokémon
|rule|Item Clause: Limit 1 of each item
|clearpoke
|poke|p1|Miraidon, L50|
|poke|p1|Farigiraf, L50, F|
|poke|p1|Flutter Mane, L50|
|poke|p1|Landorus, L50, M|
|poke|p1|Iron Jugulis, L50|
|poke|p1|Koraidon, L50|
|poke|p2|Calyrex-Ice, L50|
|poke|p2|Miraidon, L50|
|poke|p2|Urshifu-*, L50, F|
|poke|p2|Landorus, L50, M|
|poke|p2|Grimmsnarl, L50, M|
|poke|p2|Pelipper, L50, F|
|teampreview|4
|inactive|Battle timer is ON: inactive players will automatically lose when time's up. (requested by TheRogueElf)
|inactive|dingdanglin has 60 seconds left.
|
|t:|1750866595
|start
|switch|p1a: Flutter Mane|Flutter Mane, L50, shiny|100/100
|switch|p1b: Miraidon|Miraidon, L50|100/100
|switch|p2a: Grimmsnarl|Grimmsnarl, L50, M|100/100
|switch|p2b: Calyrex|Calyrex-Ice, L50|100/100
|-ability|p2b: Calyrex|As One
|-ability|p2b: Calyrex|Unnerve
|-fieldstart|move: Electric Terrain|[from] ability: Hadron Engine|[of] p1b: Miraidon
|turn|1
|inactive|TheRogueElf has 30 seconds left.
|inactive|dingdanglin has 30 seconds left.
|
|t:|1750866630
|-terastallize|p1b: Miraidon|Electric
|move|p2b: Calyrex|Protect|p2b: Calyrex
|-singleturn|p2b: Calyrex|Protect
|move|p2a: Grimmsnarl|Light Screen|p2a: Grimmsnarl
|-sidestart|p2: dingdanglin|move: Light Screen
|move|p1a: Flutter Mane|Shadow Ball|p2b: Calyrex
|-activate|p2b: Calyrex|move: Protect
|move|p1b: Miraidon|Volt Switch|p2b: Calyrex
|-activate|p2b: Calyrex|move: Protect
|
|upkeep
|turn|2
|inactive|dingdanglin has 30 seconds left.
|inactive|dingdanglin has 20 seconds left.
|inactive|dingdanglin has 15 seconds left.
|inactive|dingdanglin has 10 seconds left.
|inactive|dingdanglin has 5 seconds left.
|
|t:|1750866684
|switch|p2a: Pelipper|Pelipper, L50, F|100/100
|-weather|RainDance|[from] ability: Drizzle|[of] p2a: Pelipper
|switch|p2b: Miraidon|Miraidon, L50|100/100
|-activate|p2b: Miraidon|ability: Hadron Engine
|move|p1a: Flutter Mane|Shadow Ball|p2b: Miraidon
|-damage|p2b: Miraidon|76/100
|move|p1b: Miraidon|Volt Switch|p2b: Miraidon
|-resisted|p2b: Miraidon
|-damage|p2b: Miraidon|62/100
|
|t:|1750866698
|switch|p1b: Koraidon|Koraidon, L50|100/100|[from] Volt Switch
|-weather|SunnyDay|[from] ability: Orichalcum Pulse|[of] p1b: Koraidon
|-activate|p1a: Flutter Mane|ability: Protosynthesis
|-start|p1a: Flutter Mane|protosynthesisspe
|-activate|p1b: Koraidon|Orichalcum Pulse|[source]
|
|-weather|SunnyDay|[upkeep]
|upkeep
|turn|3
|inactive|TheRogueElf has 30 seconds left.
|inactive|dingdanglin has 30 seconds left.
|inactive|TheRogueElf has 20 seconds left.
|
|t:|1750866735
|switch|p2b: Grimmsnarl|Grimmsnarl, L50, M|100/100
|move|p2a: Pelipper|Wide Guard|p2a: Pelipper
|-singleturn|p2a: Pelipper|Wide Guard
|move|p1a: Flutter Mane|Icy Wind|p2a: Pelipper|[spread] 
|-activate|p2a: Pelipper|move: Wide Guard
|-activate|p2b: Grimmsnarl|move: Wide Guard
|move|p1b: Koraidon|Collision Course|p2b: Grimmsnarl
|-damage|p2b: Grimmsnarl|22/100
|
|-weather|SunnyDay|[upkeep]
|upkeep
|turn|4
|inactive|dingdanglin has 30 seconds left.
|
|t:|1750866768
|move|p1b: Koraidon|Protect|p1b: Koraidon
|-singleturn|p1b: Koraidon|Protect
|move|p2b: Grimmsnarl|Reflect|p2b: Grimmsnarl
|-sidestart|p2: dingdanglin|Reflect
|move|p1a: Flutter Mane|Moonblast|p2b: Grimmsnarl
|-supereffective|p2b: Grimmsnarl
|-damage|p2b: Grimmsnarl|0 fnt
|faint|p2b: Grimmsnarl
|move|p2a: Pelipper|U-turn|p1a: Flutter Mane
|-resisted|p1a: Flutter Mane
|-damage|p1a: Flutter Mane|96/100
|
|t:|1750866787
|switch|p2a: Calyrex|Calyrex-Ice, L50|100/100|[from] U-turn
|-ability|p2a: Calyrex|As One
|-ability|p2a: Calyrex|Unnerve
|
|-weather|SunnyDay|[upkeep]
|upkeep
|
|t:|1750866797
|switch|p2b: Pelipper|Pelipper, L50, F|100/100
|-weather|RainDance|[from] ability: Drizzle|[of] p2b: Pelipper
|-end|p1a: Flutter Mane|Protosynthesis
|turn|5
|inactive|dingdanglin has 30 seconds left.
|
|t:|1750866825
|-terastallize|p2a: Calyrex|Water
|move|p1a: Flutter Mane|Shadow Ball|p2a: Calyrex
|-damage|p2a: Calyrex|86/100
|-unboost|p2a: Calyrex|spd|1
|move|p1b: Koraidon|Collision Course|p2a: Calyrex
|-damage|p2a: Calyrex|64/100
|move|p2b: Pelipper|Hurricane|p1b: Koraidon
|-supereffective|p1b: Koraidon
|-damage|p1b: Koraidon|0 fnt
|faint|p1b: Koraidon
|move|p2a: Calyrex|Trick Room|p2a: Calyrex
|-fieldstart|move: Trick Room|[of] p2a: Calyrex
|
|-weather|RainDance|[upkeep]
|-heal|p2a: Calyrex|70/100|[from] item: Leftovers
|-fieldend|move: Electric Terrain
|upkeep
|
|t:|1750866848
|switch|p1b: Miraidon|Miraidon, L50, tera:Electric|100/100
|-fieldstart|move: Electric Terrain|[from] ability: Hadron Engine|[of] p1b: Miraidon
|turn|6
|
|t:|1750866867
|move|p2a: Calyrex|Protect|p2a: Calyrex
|-singleturn|p2a: Calyrex|Protect
|move|p1a: Flutter Mane|Protect|p1a: Flutter Mane
|-singleturn|p1a: Flutter Mane|Protect
|move|p2b: Pelipper|Weather Ball|p1b: Miraidon
|-damage|p1b: Miraidon|63/100
|move|p1b: Miraidon|Electro Drift|p2a: Calyrex
|-activate|p2a: Calyrex|move: Protect
|
|-weather|RainDance|[upkeep]
|-heal|p2a: Calyrex|76/100|[from] item: Leftovers
|upkeep
|turn|7
|inactive|dingdanglin has 30 seconds left.
|
|t:|1750866898
|move|p2a: Calyrex|Glacial Lance|p1b: Miraidon|[spread] p1a,p1b
|-damage|p1a: Flutter Mane|0 fnt
|-damage|p1b: Miraidon|19/100
|faint|p1a: Flutter Mane
|-end|p1a: Flutter Mane|Protosynthesis|[silent]
|-ability|p2a: Calyrex|Chilling Neigh|boost
|-boost|p2a: Calyrex|atk|1
|move|p2b: Pelipper|Weather Ball|p1b: Miraidon
|-damage|p1b: Miraidon|0 fnt
|faint|p1b: Miraidon
|
|-weather|RainDance|[upkeep]
|-heal|p2a: Calyrex|82/100|[from] item: Leftovers
|upkeep
|-message|TheRogueElf forfeited.
|
|win|dingdanglin
|raw|TheRogueElf's rating: 1241 &rarr; <strong>1218</strong><br />(-23 for losing)
|raw|dingdanglin's rating: 1269 &rarr; <strong>1292</strong><br />(+23 for winning)
|l|☆TheRogueElf
|player|p1|
