|j|☆Eyfri
|j|☆kuikoo
|t:|1750828874
|gametype|doubles
|player|p1|Eyfri|pokemaniac|1323
|player|p2|kuikoo|266|1342
|teamsize|p1|6
|teamsize|p2|6
|gen|9
|tier|[Gen 9] VGC 2025 Reg I
|rated|
|rule|Species Clause: Limit one of each Pokémon
|rule|Item Clause: Limit 1 of each item
|clearpoke
|poke|p1|Dondozo, L50, F|
|poke|p1|Tatsugiri, L50, F|
|poke|p1|Latios, L50, M|
|poke|p1|Ogerpon-Hearthflame, L50, F|
|poke|p1|Zacian-*, L50|
|poke|p1|Calyrex-Shadow, L50|
|poke|p2|Miraidon, L50|
|poke|p2|Kyogre, L50|
|poke|p2|Urshifu-*, L50, M|
|poke|p2|Incineroar, L50, F|
|poke|p2|Iron Valiant, L50|
|poke|p2|Iron Hands, L50|
|teampreview|4
|inactive|Battle timer is ON: inactive players will automatically lose when time's up. (requested by kuikoo)
|
|t:|1750828902
|start
|switch|p1a: Dondozo|Dondozo, L50, F|100/100
|switch|p1b: Latios|Latios, L50, M|100/100
|switch|p2a: Iron Valiant|Iron Valiant, L50|100/100
|switch|p2b: Incineroar|Incineroar, L50, F|100/100
|-ability|p2b: Incineroar|Intimidate|boost
|-fail|p1a: Dondozo|unboost|[from] item: Clear Amulet|[of] p1a: Dondozo
|-unboost|p1b: Latios|atk|1
|turn|1
|
|t:|1750828922
|switch|p2b: Miraidon|Miraidon, L50|100/100
|-fieldstart|move: Electric Terrain|[from] ability: Hadron Engine|[of] p2b: Miraidon
|-activate|p2a: Iron Valiant|ability: Quark Drive
|-start|p2a: Iron Valiant|quarkdrivespe
|move|p2a: Iron Valiant|Taunt|p1b: Latios
|-start|p1b: Latios|move: Taunt
|cant|p1b: Latios|move: Taunt|Simple Beam
|move|p1a: Dondozo|Earthquake|p2a: Iron Valiant|[spread] p2a,p2b
|-immune|p1b: Latios|[from] ability: Levitate
|-supereffective|p2b: Miraidon
|-damage|p2a: Iron Valiant|79/100
|-damage|p2b: Miraidon|55/100
|
|upkeep
|turn|2
|inactive|Eyfri has 30 seconds left.
|inactive|kuikoo has 30 seconds left.
|inactive|Eyfri has 20 seconds left.
|inactive|Eyfri has 15 seconds left.
|inactive|Eyfri has 10 seconds left.
|
|t:|1750828968
|-terastallize|p2b: Miraidon|Fairy
|move|p1a: Dondozo|Protect|p1a: Dondozo
|-singleturn|p1a: Dondozo|Protect
|move|p2a: Iron Valiant|Wide Guard|p2a: Iron Valiant
|-singleturn|p2a: Iron Valiant|Wide Guard
|move|p1b: Latios|Draco Meteor|p2b: Miraidon
|-immune|p2b: Miraidon
|move|p2b: Miraidon|Parabolic Charge|p1a: Dondozo|[spread] p1b
|-activate|p2a: Iron Valiant|move: Wide Guard
|-activate|p1a: Dondozo|move: Protect
|-resisted|p1b: Latios
|-damage|p1b: Latios|78/100
|-heal|p2b: Miraidon|66/100|[from] drain|[of] p1b: Latios
|
|upkeep
|turn|3
|
|t:|1750828998
|switch|p1b: Tatsugiri|Tatsugiri, L50, F|100/100
|-activate|p1b: Tatsugiri|ability: Commander|[of] p1a: Dondozo
|-boost|p1a: Dondozo|atk|2
|-boost|p1a: Dondozo|spa|2
|-boost|p1a: Dondozo|spe|2
|-boost|p1a: Dondozo|def|2
|-boost|p1a: Dondozo|spd|2
|-terastallize|p1a: Dondozo|Grass
|move|p2a: Iron Valiant|Spirit Break|p1b: Tatsugiri|[miss]
|-miss|p2a: Iron Valiant|p1b: Tatsugiri
|move|p2b: Miraidon|Electro Drift|p1a: Dondozo
|-resisted|p1a: Dondozo
|-damage|p1a: Dondozo|82/100
|move|p1a: Dondozo|Wave Crash|p2b: Miraidon
|-damage|p2b: Miraidon|0 fnt
|faint|p2b: Miraidon
|-damage|p1a: Dondozo|65/100|[from] Recoil
|
|upkeep
|
|t:|1750829002
|switch|p2b: Urshifu|Urshifu-Rapid-Strike, L50, M|100/100
|turn|4
|
|t:|1750829019
|move|p2a: Iron Valiant|Spirit Break|p1a: Dondozo
|-damage|p1a: Dondozo|54/100
|move|p2b: Urshifu|U-turn|p1a: Dondozo
|-supereffective|p1a: Dondozo
|-damage|p1a: Dondozo|33/100
|
|t:|1750829025
|switch|p2b: Incineroar|Incineroar, L50, F|100/100|[from] U-turn
|-ability|p2b: Incineroar|Intimidate|boost
|-fail|p1a: Dondozo|unboost|[from] item: Clear Amulet|[of] p1a: Dondozo
|-unboost|p1b: Tatsugiri|atk|1
|move|p1a: Dondozo|Order Up|p2b: Incineroar
|-damage|p2b: Incineroar|68/100
|-boost|p1a: Dondozo|atk|1
|
|upkeep
|turn|5
|
|t:|1750829037
|move|p1a: Dondozo|Protect|p1a: Dondozo
|-singleturn|p1a: Dondozo|Protect
|move|p2b: Incineroar|Fake Out|p1a: Dondozo
|-activate|p1a: Dondozo|move: Protect
|move|p2a: Iron Valiant|Spirit Break|p1a: Dondozo
|-activate|p1a: Dondozo|move: Protect
|
|-fieldend|move: Electric Terrain
|-end|p2a: Iron Valiant|Quark Drive
|upkeep
|turn|6
|
|t:|1750829042
|move|p2a: Iron Valiant|Spirit Break|p1a: Dondozo
|-damage|p1a: Dondozo|22/100
|move|p1a: Dondozo|Wave Crash|p2b: Incineroar
|-supereffective|p2b: Incineroar
|-damage|p2b: Incineroar|0 fnt
|faint|p2b: Incineroar
|-damage|p1a: Dondozo|2/100|[from] Recoil
|
|upkeep
|
|t:|1750829052
|switch|p2b: Urshifu|Urshifu-Rapid-Strike, L50, M|100/100
|turn|7
|
|t:|1750829065
|move|p2b: Urshifu|Surging Strikes|p1a: Dondozo
|-resisted|p1a: Dondozo
|-crit|p1a: Dondozo
|-damage|p1a: Dondozo|0 fnt
|faint|p1a: Dondozo
|-hitcount|p1: Dondozo|1
|move|p2a: Iron Valiant|Spirit Break|p1b: Tatsugiri
|-supereffective|p1b: Tatsugiri
|-enditem|p1b: Tatsugiri|Focus Sash
|-damage|p1b: Tatsugiri|1/100
|-unboost|p1b: Tatsugiri|spa|1
|
|upkeep
|
|t:|1750829067
|switch|p1a: Latios|Latios, L50, M|78/100
|turn|8
|
|t:|1750829081
|move|p2b: Urshifu|Surging Strikes|p1b: Tatsugiri
|-resisted|p1b: Tatsugiri
|-crit|p1b: Tatsugiri
|-damage|p1b: Tatsugiri|0 fnt
|faint|p1b: Tatsugiri
|-hitcount|p1: Tatsugiri|1
|move|p1a: Latios|Icy Wind|p2a: Iron Valiant|[spread] p2a,p2b
|-resisted|p2b: Urshifu
|-damage|p2a: Iron Valiant|62/100
|-damage|p2b: Urshifu|90/100
|-unboost|p2a: Iron Valiant|spe|1
|-unboost|p2b: Urshifu|spe|1
|move|p2a: Iron Valiant|Spirit Break|p1a: Latios
|-supereffective|p1a: Latios
|-damage|p1a: Latios|0 fnt
|faint|p1a: Latios
|
|upkeep
|
|t:|1750829084
|switch|p1b: Zacian|Zacian-Crowned, L50|100/100
|-ability|p1b: Zacian|Intrepid Sword|boost
|-boost|p1b: Zacian|atk|1
|turn|9
|
|t:|1750829105
|move|p1b: Zacian|Play Rough|p2b: Urshifu
|-supereffective|p2b: Urshifu
|-damage|p2b: Urshifu|0 fnt
|faint|p2b: Urshifu
|move|p2a: Iron Valiant|Spirit Break|p1b: Zacian
|-resisted|p1b: Zacian
|-damage|p1b: Zacian|86/100
|-unboost|p1b: Zacian|spa|1
|
|upkeep
|turn|10
|-message|kuikoo forfeited.
|
|win|Eyfri
|raw|Eyfri's rating: 1323 &rarr; <strong>1344</strong><br />(+21 for winning)
|raw|kuikoo's rating: 1342 &rarr; <strong>1321</strong><br />(-21 for losing)
|l|☆kuikoo
|player|p2|
|l|☆Eyfri
|player|p1|
