|j|☆VanirVGC
|j|☆Fredzhangg
|t:|1750780298
|gametype|doubles
|player|p1|VanirVGC|ghetsis-gen5bw|1260
|player|p2|Fredzhangg|170|1292
|teamsize|p1|6
|teamsize|p2|6
|gen|9
|tier|[Gen 9] VGC 2025 Reg I
|rated|
|rule|Species Clause: Limit one of each Pokémon
|rule|Item Clause: Limit 1 of each item
|clearpoke
|poke|p1|Calyrex-Ice, L50|
|poke|p1|Miraidon, L50|
|poke|p1|Grimmsnarl, L50, M|
|poke|p1|Chi-Yu, L50|
|poke|p1|Ogerpon-Wellspring, L50, F|
|poke|p1|Chien-Pao, L50|
|poke|p2|Incineroar, L50, M|
|poke|p2|Miraidon, L50|
|poke|p2|Lunala, L50|
|poke|p2|Whimsicott, L50, F|
|poke|p2|Ursaluna, L50, M|
|poke|p2|Urshifu-*, L50, F|
|teampreview|4
|inactive|Battle timer is ON: inactive players will automatically lose when time's up. (requested by VanirVGC)
|inactive|Fredzhangg has 60 seconds left.
|
|t:|1750780334
|start
|switch|p1a: Calyrex|Calyrex-Ice, L50|100/100
|switch|p1b: Grimmsnarl|Grimmsnarl, L50, M|100/100
|switch|p2a: Incineroar|Incineroar, L50, M|100/100
|switch|p2b: Miraidon|Miraidon, L50|100/100
|-ability|p1a: Calyrex|As One
|-ability|p1a: Calyrex|Unnerve
|-fieldstart|move: Electric Terrain|[from] ability: Hadron Engine|[of] p2b: Miraidon
|-ability|p2a: Incineroar|Intimidate|boost
|-unboost|p1a: Calyrex|atk|1
|-unboost|p1b: Grimmsnarl|atk|1
|turn|1
|
|t:|1750780349
|-terastallize|p2b: Miraidon|Fairy
|move|p2a: Incineroar|Fake Out|p1b: Grimmsnarl
|-damage|p1b: Grimmsnarl|88/100
|cant|p1b: Grimmsnarl|flinch
|move|p2b: Miraidon|Dazzling Gleam|p1a: Calyrex|[spread] p1a,p1b
|-supereffective|p1b: Grimmsnarl
|-damage|p1a: Calyrex|58/100
|-damage|p1b: Grimmsnarl|0 fnt
|faint|p1b: Grimmsnarl
|move|p1a: Calyrex|Trick Room|p1a: Calyrex
|-fieldstart|move: Trick Room|[of] p1a: Calyrex
|
|-heal|p1a: Calyrex|64/100|[from] item: Leftovers
|upkeep
|
|t:|1750780355
|switch|p1b: Miraidon|Miraidon, L50|100/100
|-activate|p1b: Miraidon|ability: Hadron Engine
|turn|2
|
|t:|1750780372
|move|p1a: Calyrex|Leech Seed|p2b: Miraidon
|-start|p2b: Miraidon|move: Leech Seed
|move|p2a: Incineroar|Knock Off|p1b: Miraidon
|-damage|p1b: Miraidon|61/100
|-enditem|p1b: Miraidon|Life Orb|[from] move: Knock Off|[of] p2a: Incineroar
|move|p2b: Miraidon|Dazzling Gleam|p1a: Calyrex|[spread] p1a,p1b
|-supereffective|p1b: Miraidon
|-damage|p1a: Calyrex|27/100
|-damage|p1b: Miraidon|0 fnt
|faint|p1b: Miraidon
|
|-heal|p1a: Calyrex|32/100|[from] item: Leftovers
|-damage|p2b: Miraidon|88/100|[from] Leech Seed|[of] p1a: Calyrex
|-heal|p1a: Calyrex|43/100|[silent]
|upkeep
|
|t:|1750780378
|switch|p1b: Chien-Pao|Chien-Pao, L50|100/100
|-ability|p1b: Chien-Pao|Sword of Ruin
|turn|3
|
|t:|1750780391
|move|p1a: Calyrex|Protect|p1a: Calyrex
|-singleturn|p1a: Calyrex|Protect
|move|p1b: Chien-Pao|Protect|p1b: Chien-Pao
|-singleturn|p1b: Chien-Pao|Protect
|move|p2a: Incineroar|U-turn|p1b: Chien-Pao
|-activate|p1b: Chien-Pao|move: Protect
|move|p2b: Miraidon|Dazzling Gleam|p1a: Calyrex|[spread] 
|-activate|p1a: Calyrex|move: Protect
|-activate|p1b: Chien-Pao|move: Protect
|
|-heal|p1a: Calyrex|49/100|[from] item: Leftovers
|-damage|p2b: Miraidon|75/100|[from] Leech Seed|[of] p1a: Calyrex
|-heal|p1a: Calyrex|59/100|[silent]
|upkeep
|turn|4
|
|t:|1750780409
|move|p1a: Calyrex|Leech Seed|p2a: Incineroar
|-start|p2a: Incineroar|move: Leech Seed
|move|p2a: Incineroar|U-turn|p1b: Chien-Pao
|-supereffective|p1b: Chien-Pao
|-crit|p1b: Chien-Pao
|-damage|p1b: Chien-Pao|20/100
|
|t:|1750780417
|switch|p2a: Urshifu|Urshifu, L50, F|100/100|[from] U-turn
|move|p2b: Miraidon|Dazzling Gleam|p1b: Chien-Pao|[spread] p1a,p1b
|-supereffective|p1b: Chien-Pao
|-damage|p1a: Calyrex|17/100
|-damage|p1b: Chien-Pao|0 fnt
|faint|p1b: Chien-Pao
|
|-heal|p1a: Calyrex|23/100|[from] item: Leftovers
|-damage|p2b: Miraidon|63/100|[from] Leech Seed|[of] p1a: Calyrex
|-heal|p1a: Calyrex|34/100|[silent]
|upkeep
|turn|5
|-message|VanirVGC forfeited.
|
|win|Fredzhangg
|raw|VanirVGC's rating: 1260 &rarr; <strong>1237</strong><br />(-23 for losing)
|raw|Fredzhangg's rating: 1292 &rarr; <strong>1315</strong><br />(+23 for winning)
|l|☆VanirVGC
|player|p1|
