|j|☆duhuajsdn
|j|☆johnkharkiv
|t:|1750759743
|gametype|doubles
|player|p1|duhuajsdn|102|1067
|player|p2|johnkharkiv|swimmerf-gen4dp|1115
|teamsize|p1|6
|teamsize|p2|6
|gen|9
|tier|[Gen 9] VGC 2025 Reg I
|rated|
|rule|Species Clause: Limit one of each Pokémon
|rule|Item Clause: Limit 1 of each item
|clearpoke
|poke|p1|Miraidon, L50|
|poke|p1|Incineroar, L50, M|
|poke|p1|Urshifu-*, L50, F|
|poke|p1|Calyrex-Shadow, L50|
|poke|p1|Flutter Mane, L50|
|poke|p1|Sneasler, L50, F|
|poke|p2|Ho-Oh, L50|
|poke|p2|Annihilape, L50, M|
|poke|p2|Electivire, L50, M|
|poke|p2|Whimsicott, L50, F|
|poke|p2|Indeedee-F, L50, F|
|poke|p2|Miraidon, L50|
|teampreview|4
|inactive|Battle timer is ON: inactive players will automatically lose when time's up. (requested by johnkharkiv)
|
|t:|1750759767
|start
|switch|p1a: Incineroar|Incineroar, L50, M|100/100
|switch|p1b: Miraidon|Miraidon, L50|100/100
|switch|p2a: Annihilape|Annihilape, L50, M, shiny|100/100
|switch|p2b: Whimsicott|Whimsicott, L50, F, shiny|100/100
|-fieldstart|move: Electric Terrain|[from] ability: Hadron Engine|[of] p1b: Miraidon
|-ability|p1a: Incineroar|Intimidate|boost
|-unboost|p2a: Annihilape|atk|1
|-ability|p2a: Annihilape|Defiant|boost
|-boost|p2a: Annihilape|atk|2
|-unboost|p2b: Whimsicott|atk|1
|turn|1
|
|t:|1750759784
|move|p1a: Incineroar|Fake Out|p2b: Whimsicott
|-damage|p2b: Whimsicott|92/100
|move|p2a: Annihilape|Final Gambit|p1b: Miraidon
|-damage|p1b: Miraidon|0 fnt
|faint|p2a: Annihilape
|faint|p1b: Miraidon
|move|p2b: Whimsicott|Dazzling Gleam|p1a: Incineroar
|-damage|p1a: Incineroar|86/100
|
|upkeep
|inactive|johnkharkiv has 30 seconds left.
|
|t:|1750759818
|switch|p1b: Sneasler|Sneasler, L50, F|100/100
|switch|p2a: Ho-Oh|Ho-Oh, L50, shiny|100/100
|turn|2
|
|t:|1750759835
|-terastallize|p2b: Whimsicott|Dark
|move|p1b: Sneasler|Fake Out|p2b: Whimsicott
|-damage|p2b: Whimsicott|79/100
|move|p2b: Whimsicott|Tailwind|p2b: Whimsicott
|-sidestart|p2: johnkharkiv|move: Tailwind
|move|p2a: Ho-Oh|Flame Charge|p1b: Sneasler
|-damage|p1b: Sneasler|50/100
|-boost|p2a: Ho-Oh|spe|1
|move|p1a: Incineroar|Parting Shot|p2a: Ho-Oh
|-unboost|p2a: Ho-Oh|atk|1
|-unboost|p2a: Ho-Oh|spa|1
|
|t:|1750759846
|switch|p1a: Urshifu|Urshifu-Rapid-Strike, L50, F|100/100|[from] Parting Shot
|
|upkeep
|turn|3
|
|t:|1750759857
|move|p1b: Sneasler|Protect|p1b: Sneasler
|-singleturn|p1b: Sneasler|Protect
|move|p2b: Whimsicott|Sunny Day|p2b: Whimsicott
|-weather|SunnyDay
|move|p2a: Ho-Oh|Brave Bird|p1a: Urshifu
|-supereffective|p1a: Urshifu
|-enditem|p1a: Urshifu|Focus Sash
|-damage|p1a: Urshifu|1/100
|-damage|p2a: Ho-Oh|69/100|[from] Recoil
|move|p1a: Urshifu|Surging Strikes|p2a: Ho-Oh
|-supereffective|p2a: Ho-Oh
|-crit|p2a: Ho-Oh
|-damage|p2a: Ho-Oh|50/100
|-supereffective|p2a: Ho-Oh
|-crit|p2a: Ho-Oh
|-damage|p2a: Ho-Oh|29/100
|-supereffective|p2a: Ho-Oh
|-crit|p2a: Ho-Oh
|-damage|p2a: Ho-Oh|6/100
|-hitcount|p2a: Ho-Oh|3
|
|-weather|SunnyDay|[upkeep]
|upkeep
|turn|4
|
|t:|1750759877
|move|p2b: Whimsicott|Encore|p1b: Sneasler
|-start|p1b: Sneasler|Encore
|move|p1a: Urshifu|Aqua Jet|p2a: Ho-Oh
|-supereffective|p2a: Ho-Oh
|-damage|p2a: Ho-Oh|0 fnt
|faint|p2a: Ho-Oh
|move|p1b: Sneasler|Protect||[still]
|-fail|p1b: Sneasler
|
|-weather|SunnyDay|[upkeep]
|upkeep
|
|t:|1750759882
|switch|p2a: Electivire|Electivire, L50, M, shiny|100/100
|turn|5
|
|t:|1750759903
|switch|p1b: Incineroar|Incineroar, L50, M|86/100
|-ability|p1b: Incineroar|Intimidate|boost
|-unboost|p2a: Electivire|atk|1
|-unboost|p2b: Whimsicott|atk|1
|move|p2b: Whimsicott|Dazzling Gleam|p1b: Incineroar|[spread] p1a,p1b
|-supereffective|p1a: Urshifu
|-damage|p1a: Urshifu|0 fnt
|-damage|p1b: Incineroar|74/100
|faint|p1a: Urshifu
|move|p2a: Electivire|Electroweb|p1b: Incineroar
|-damage|p1b: Incineroar|59/100
|-unboost|p1b: Incineroar|spe|1
|
|-weather|SunnyDay|[upkeep]
|-sideend|p2: johnkharkiv|move: Tailwind
|-fieldend|move: Electric Terrain
|upkeep
|
|t:|1750759914
|switch|p1a: Sneasler|Sneasler, L50, F|50/100
|turn|6
|inactive|duhuajsdn has 30 seconds left.
|
|t:|1750759945
|move|p1b: Incineroar|Fake Out|p2a: Electivire
|-damage|p2a: Electivire|88/100
|move|p2b: Whimsicott|Tailwind|p2b: Whimsicott
|-sidestart|p2: johnkharkiv|move: Tailwind
|cant|p2a: Electivire|flinch
|move|p1a: Sneasler|Dire Claw|p2b: Whimsicott
|-crit|p2b: Whimsicott
|-damage|p2b: Whimsicott|21/100
|
|-weather|SunnyDay|[upkeep]
|upkeep
|turn|7
|
|t:|1750759965
|move|p1a: Sneasler|Protect|p1a: Sneasler
|-singleturn|p1a: Sneasler|Protect
|move|p2b: Whimsicott|Dazzling Gleam|p1b: Incineroar|[spread] p1b
|-activate|p1a: Sneasler|move: Protect
|-damage|p1b: Incineroar|48/100
|move|p2a: Electivire|Electroweb|p1b: Incineroar|[spread] p1b
|-activate|p1a: Sneasler|move: Protect
|-damage|p1b: Incineroar|39/100
|-unboost|p1b: Incineroar|spe|1
|move|p1b: Incineroar|Flare Blitz|p2b: Whimsicott
|-damage|p2b: Whimsicott|0 fnt
|faint|p2b: Whimsicott
|-damage|p1b: Incineroar|33/100|[from] Recoil
|
|-weather|none
|upkeep
|turn|8
|inactive|duhuajsdn has 30 seconds left.
|
|t:|1750759991
|move|p2a: Electivire|Earthquake|p1b: Incineroar|[spread] p1a,p1b
|-supereffective|p1a: Sneasler
|-supereffective|p1b: Incineroar
|-damage|p1a: Sneasler|0 fnt
|-damage|p1b: Incineroar|2/100
|faint|p1a: Sneasler
|move|p1b: Incineroar|Flare Blitz|p2a: Electivire
|-damage|p2a: Electivire|32/100
|-enditem|p2a: Electivire|Sitrus Berry|[eat]
|-heal|p2a: Electivire|57/100|[from] item: Sitrus Berry
|-damage|p1b: Incineroar|0 fnt|[from] Recoil
|faint|p1b: Incineroar
|
|win|johnkharkiv
|raw|duhuajsdn's rating: 1067 &rarr; <strong>1050</strong><br />(-17 for losing)
|raw|johnkharkiv's rating: 1115 &rarr; <strong>1137</strong><br />(+22 for winning)
|l|☆duhuajsdn
|player|p1|
