|j|☆AAAdriver LI
|j|☆chonggongwei
|t:|1750862568
|gametype|doubles
|player|p1|AAAdriver LI|caitlin|1256
|player|p2|chonggongwei|bianca|1168
|teamsize|p1|6
|teamsize|p2|6
|gen|9
|tier|[Gen 9] VGC 2025 Reg I
|rated|
|rule|Species Clause: Limit one of each Pokémon
|rule|Item Clause: Limit 1 of each item
|clearpoke
|poke|p1|Calyrex-Shadow, L50|
|poke|p1|Zamazenta-*, L50|
|poke|p1|Amoonguss, L50, F|
|poke|p1|Rillaboom, L50, M|
|poke|p1|Incineroar, L50, M|
|poke|p1|Chien-Pao, L50|
|poke|p2|Indeedee-F, L50, F|
|poke|p2|Smeargle, L50, F|
|poke|p2|Urshifu-*, L50, F|
|poke|p2|Calyrex-Ice, L50|
|poke|p2|Lunala, L50|
|poke|p2|Torkoal, L50, F|
|teampreview|4
|
|t:|1750862602
|start
|switch|p1a: Amoonguss|Amoonguss, L50, F|100/100
|switch|p1b: Incineroar|Incineroar, L50, M|100/100
|switch|p2a: Indeedee|Indeedee-F, L50, F, shiny|100/100
|switch|p2b: Calyrex|Calyrex-Ice, L50|100/100
|-ability|p2b: Calyrex|As One
|-ability|p2b: Calyrex|Unnerve
|-ability|p1b: Incineroar|Intimidate|boost
|-unboost|p2a: Indeedee|atk|1
|-fail|p2b: Calyrex|unboost|[from] item: Clear Amulet|[of] p2b: Calyrex
|-fieldstart|move: Psychic Terrain|[from] ability: Psychic Surge|[of] p2a: Indeedee
|turn|1
|inactive|Battle timer is ON: inactive players will automatically lose when time's up. (requested by AAAdriver LI)
|
|t:|1750862624
|-terastallize|p1a: Amoonguss|Water
|move|p2a: Indeedee|Follow Me|p2a: Indeedee
|-singleturn|p2a: Indeedee|move: Follow Me
|move|p1b: Incineroar|Will-O-Wisp|p2a: Indeedee
|-status|p2a: Indeedee|brn
|move|p1a: Amoonguss|Spore||[still]
|-fail|p1a: Amoonguss
|move|p2b: Calyrex|Trick Room|p2b: Calyrex
|-fieldstart|move: Trick Room|[of] p2b: Calyrex
|
|-damage|p2a: Indeedee|94/100 brn|[from] brn
|upkeep
|turn|2
|
|t:|1750862645
|-terastallize|p2b: Calyrex|Fire
|move|p2a: Indeedee|Helping Hand|p2b: Calyrex
|-singleturn|p2b: Calyrex|Helping Hand|[of] p2a: Indeedee
|move|p2b: Calyrex|Glacial Lance|p1b: Incineroar|[spread] p1a,p1b
|-resisted|p1a: Amoonguss
|-resisted|p1b: Incineroar
|-damage|p1a: Amoonguss|52/100
|-damage|p1b: Incineroar|68/100
|move|p1a: Amoonguss|Foul Play|p2b: Calyrex
|-damage|p2b: Calyrex|78/100
|move|p1b: Incineroar|Knock Off|p2b: Calyrex
|-damage|p2b: Calyrex|55/100
|-enditem|p2b: Calyrex|Clear Amulet|[from] move: Knock Off|[of] p1b: Incineroar
|
|-damage|p2a: Indeedee|88/100 brn|[from] brn
|upkeep
|turn|3
|inactive|chonggongwei has 30 seconds left.
|
|t:|1750862675
|move|p2a: Indeedee|Helping Hand|p2b: Calyrex
|-singleturn|p2b: Calyrex|Helping Hand|[of] p2a: Indeedee
|move|p2b: Calyrex|High Horsepower|p1b: Incineroar
|-supereffective|p1b: Incineroar
|-damage|p1b: Incineroar|0 fnt
|-damage|p2b: Calyrex|38/100|[from] item: Rocky Helmet|[of] p1b: Incineroar
|faint|p1b: Incineroar
|-ability|p2b: Calyrex|Chilling Neigh|boost
|-boost|p2b: Calyrex|atk|1
|move|p1a: Amoonguss|Spore|p2b: Calyrex
|-status|p2b: Calyrex|slp|[from] move: Spore
|
|-damage|p2a: Indeedee|82/100 brn|[from] brn
|upkeep
|
|t:|1750862691
|switch|p1b: Calyrex|Calyrex-Shadow, L50|100/100
|-ability|p1b: Calyrex|As One
|-ability|p1b: Calyrex|Unnerve
|turn|4
|inactive|AAAdriver LI has 30 seconds left.
|inactive|chonggongwei has 30 seconds left.
|
|t:|1750862732
|switch|p2b: Urshifu|Urshifu, L50, F|100/100
|move|p1a: Amoonguss|Foul Play|p2b: Urshifu
|-resisted|p2b: Urshifu
|-damage|p2b: Urshifu|93/100
|move|p2a: Indeedee|Alluring Voice|p1b: Calyrex
|-damage|p1b: Calyrex|83/100
|move|p1b: Calyrex|Astral Barrage|p2b: Urshifu|[spread] p2b
|-immune|p2a: Indeedee
|-resisted|p2b: Urshifu
|-damage|p2b: Urshifu|52/100
|
|-damage|p2a: Indeedee|76/100 brn|[from] brn
|upkeep
|turn|5
|inactive|AAAdriver LI has 30 seconds left.
|inactive|chonggongwei has 30 seconds left.
|
|t:|1750862768
|switch|p1b: Zamazenta|Zamazenta-Crowned, L50|100/100
|-ability|p1b: Zamazenta|Dauntless Shield|boost
|-boost|p1b: Zamazenta|def|1
|move|p2a: Indeedee|Helping Hand|p2b: Urshifu
|-singleturn|p2b: Urshifu|Helping Hand|[of] p2a: Indeedee
|move|p1a: Amoonguss|Pollen Puff|p1b: Zamazenta
|move|p2b: Urshifu|Wicked Blow|p1b: Zamazenta
|-resisted|p1b: Zamazenta
|-crit|p1b: Zamazenta
|-damage|p1b: Zamazenta|52/100
|
|-damage|p2a: Indeedee|69/100 brn|[from] brn
|-fieldend|move: Trick Room
|-fieldend|move: Psychic Terrain
|upkeep
|turn|6
|inactive|AAAdriver LI has 30 seconds left.
|inactive|chonggongwei has 30 seconds left.
|
|t:|1750862798
|switch|p1a: Calyrex|Calyrex-Shadow, L50|83/100
|-ability|p1a: Calyrex|As One
|-ability|p1a: Calyrex|Unnerve
|move|p1b: Zamazenta|Body Press|p2b: Urshifu
|-supereffective|p2b: Urshifu
|-damage|p2b: Urshifu|0 fnt
|faint|p2b: Urshifu
|move|p2a: Indeedee|Trick Room|p2a: Indeedee
|-fieldstart|move: Trick Room|[of] p2a: Indeedee
|
|-damage|p2a: Indeedee|63/100 brn|[from] brn
|upkeep
|
|t:|1750862812
|switch|p2b: Torkoal|Torkoal, L50, F, shiny|100/100
|-weather|SunnyDay|[from] ability: Drought|[of] p2b: Torkoal
|turn|7
|
|t:|1750862832
|switch|p1a: Amoonguss|Amoonguss, L50, F, tera:Water|85/100
|move|p2a: Indeedee|Helping Hand|p2b: Torkoal
|-singleturn|p2b: Torkoal|Helping Hand|[of] p2a: Indeedee
|move|p1b: Zamazenta|Wide Guard|p1b: Zamazenta
|-singleturn|p1b: Zamazenta|Wide Guard
|move|p2b: Torkoal|Weather Ball|p1b: Zamazenta
|-supereffective|p1b: Zamazenta
|-damage|p1b: Zamazenta|0 fnt
|faint|p1b: Zamazenta
|
|-weather|SunnyDay|[upkeep]
|-damage|p2a: Indeedee|57/100 brn|[from] brn
|upkeep
|
|t:|1750862843
|switch|p1b: Calyrex|Calyrex-Shadow, L50|83/100
|-ability|p1b: Calyrex|As One
|-ability|p1b: Calyrex|Unnerve
|turn|8
|
|t:|1750862855
|move|p2a: Indeedee|Helping Hand|p2b: Torkoal
|-singleturn|p2b: Torkoal|Helping Hand|[of] p2a: Indeedee
|move|p1a: Amoonguss|Rage Powder|p1a: Amoonguss
|-singleturn|p1a: Amoonguss|move: Rage Powder
|move|p2b: Torkoal|Eruption|p1a: Amoonguss|[spread] p1a,p1b
|-resisted|p1a: Amoonguss
|-damage|p1a: Amoonguss|39/100
|-damage|p1b: Calyrex|0 fnt
|faint|p1b: Calyrex
|
|-weather|SunnyDay|[upkeep]
|-damage|p2a: Indeedee|51/100 brn|[from] brn
|upkeep
|turn|9
|-message|AAAdriver LI forfeited.
|
|win|chonggongwei
|raw|AAAdriver LI's rating: 1256 &rarr; <strong>1225</strong><br />(-31 for losing)
|raw|chonggongwei's rating: 1168 &rarr; <strong>1199</strong><br />(+31 for winning)
|l|☆AAAdriver LI
|player|p1|
