|j|☆Batmanb
|j|☆SuaveRoss
|t:|1750747703
|gametype|doubles
|player|p1|Batmanb|266|1074
|player|p2|SuaveRoss|fisherman-gen4|1071
|teamsize|p1|6
|teamsize|p2|6
|gen|9
|tier|[Gen 9] VGC 2025 Reg I
|rated|
|rule|Species Clause: Limit one of each Pokémon
|rule|Item Clause: Limit 1 of each item
|clearpoke
|poke|p1|Torkoal, L50, M|
|poke|p1|Farigiraf, L50, F|
|poke|p1|Amoonguss, L50, M|
|poke|p1|Annihilape, L50, M|
|poke|p1|Calyrex-Ice, L50|
|poke|p1|Necrozma-Dawn-Wings, L50|
|poke|p2|Groudon, L50|
|poke|p2|Gallade, L50, M|
|poke|p2|Rillaboom, L50, F|
|poke|p2|Tornadus, L50, M|
|poke|p2|Grimmsnarl, L50, M|
|poke|p2|Zamazenta-*, L50|
|teampreview|4
SuaveRoss rejected open team sheets.
|inactive|Battle timer is ON: inactive players will automatically lose when time's up. (requested by Batmanb)
|c|☆SuaveRoss|W APE
|
|t:|1750747731
|start
|switch|p1a: Doug|Farigiraf, L50, F, shiny|100/100
|switch|p1b: Bon Voyage|Annihilape, L50, M, shiny|100/100
|switch|p2a: Grimmsnarl|Grimmsnarl, L50, M|100/100
|switch|p2b: Zamazenta|Zamazenta-Crowned, L50|100/100
|-ability|p2b: Zamazenta|Dauntless Shield|boost
|-boost|p2b: Zamazenta|def|1
|turn|1
|
|t:|1750747750
|move|p2a: Grimmsnarl|Reflect|p2a: Grimmsnarl
|-sidestart|p2: SuaveRoss|Reflect
|move|p1b: Bon Voyage|Final Gambit|p2b: Zamazenta
|-damage|p2b: Zamazenta|0 fnt
|faint|p1b: Bon Voyage
|faint|p2b: Zamazenta
|move|p1a: Doug|Trick Room|p1a: Doug
|-fieldstart|move: Trick Room|[of] p1a: Doug
|
|upkeep
|
|t:|1750747758
|switch|p1b: Calyrex|Calyrex-Ice, L50|100/100
|switch|p2b: Gallade|Gallade, L50, M|100/100
|-ability|p1b: Calyrex|As One
|-ability|p1b: Calyrex|Unnerve
|turn|2
|
|t:|1750747768
|-terastallize|p1b: Calyrex|Ice
|move|p1a: Doug|Helping Hand|p1b: Calyrex
|-singleturn|p1b: Calyrex|Helping Hand|[of] p1a: Doug
|move|p2b: Gallade|Wide Guard|p2b: Gallade
|-singleturn|p2b: Gallade|Wide Guard
|move|p2a: Grimmsnarl|Light Screen|p2a: Grimmsnarl
|-sidestart|p2: SuaveRoss|move: Light Screen
|move|p1b: Calyrex|Glacial Lance|p2a: Grimmsnarl|[spread] 
|-activate|p2a: Grimmsnarl|move: Wide Guard
|-activate|p2b: Gallade|move: Wide Guard
|
|upkeep
|turn|3
|
|t:|1750747785
|move|p1b: Calyrex|Protect|p1b: Calyrex
|-singleturn|p1b: Calyrex|Protect
|move|p2b: Gallade|Wide Guard|p2b: Gallade
|-singleturn|p2b: Gallade|Wide Guard
|move|p1a: Doug|Psychic|p2b: Gallade
|-damage|p2b: Gallade|80/100
|move|p2a: Grimmsnarl|Spirit Break|p1b: Calyrex
|-activate|p1b: Calyrex|move: Protect
|
|upkeep
|turn|4
|inactive|Batmanb has 30 seconds left.
|
|t:|1750747818
|switch|p1b: Necrozma|Necrozma-Dawn-Wings, L50, shiny|100/100
|move|p2b: Gallade|Wide Guard|p2b: Gallade
|-singleturn|p2b: Gallade|Wide Guard
|move|p1a: Doug|Psychic|p2b: Gallade
|-damage|p2b: Gallade|61/100
|move|p2a: Grimmsnarl|Spirit Break|p1b: Necrozma
|-damage|p1b: Necrozma|76/100
|-unboost|p1b: Necrozma|spa|1
|
|-heal|p1b: Necrozma|82/100|[from] item: Leftovers
|upkeep
|turn|5
|inactive|SuaveRoss has 30 seconds left.
|
|t:|1750747847
|move|p1a: Doug|Helping Hand|p1b: Necrozma
|-singleturn|p1b: Necrozma|Helping Hand|[of] p1a: Doug
|move|p1b: Necrozma|Moongeist Beam|p2b: Gallade
|-supereffective|p2b: Gallade
|-crit|p2b: Gallade
|-damage|p2b: Gallade|0 fnt
|faint|p2b: Gallade
|move|p2a: Grimmsnarl|Spirit Break|p1a: Doug
|-damage|p1a: Doug|79/100
|-unboost|p1a: Doug|spa|1
|
|-heal|p1b: Necrozma|88/100|[from] item: Leftovers
|-fieldend|move: Trick Room
|upkeep
|
|t:|1750747860
|switch|p2b: Rillaboom|Rillaboom, L50, F|100/100
|-fieldstart|move: Grassy Terrain|[from] ability: Grassy Surge|[of] p2b: Rillaboom
|turn|6
|
|t:|1750747872
|move|p2b: Rillaboom|Fake Out||[still]
|cant|p1a: Doug|ability: Armor Tail|Fake Out|[of] p2b: Rillaboom
|move|p2a: Grimmsnarl|Parting Shot||[still]
|cant|p1a: Doug|ability: Armor Tail|Parting Shot|[of] p2a: Grimmsnarl
|move|p1b: Necrozma|Moongeist Beam|p2b: Rillaboom
|-crit|p2b: Rillaboom
|-damage|p2b: Rillaboom|9/100
|move|p1a: Doug|Trick Room|p1a: Doug
|-fieldstart|move: Trick Room|[of] p1a: Doug
|
|-heal|p1a: Doug|85/100|[from] Grassy Terrain
|-heal|p1b: Necrozma|94/100|[from] Grassy Terrain
|-heal|p1b: Necrozma|99/100|[from] item: Leftovers
|-heal|p2b: Rillaboom|15/100|[from] Grassy Terrain
|upkeep
|turn|7
|c|☆SuaveRoss|gg
|inactive|Batmanb has 30 seconds left.
|
|t:|1750747897
|switch|p1a: Calyrex|Calyrex-Ice, L50, tera:Ice|100/100
|-ability|p1a: Calyrex|As One
|-ability|p1a: Calyrex|Unnerve
|move|p1b: Necrozma|Moongeist Beam|p2b: Rillaboom
|-damage|p2b: Rillaboom|0 fnt
|faint|p2b: Rillaboom
|move|p2a: Grimmsnarl|Spirit Break|p1a: Calyrex
|-damage|p1a: Calyrex|83/100
|
|-heal|p1a: Calyrex|89/100|[from] Grassy Terrain
|-heal|p1b: Necrozma|100/100|[from] Grassy Terrain
|upkeep
|turn|8
|-message|SuaveRoss forfeited.
|
|win|Batmanb
|raw|Batmanb's rating: 1074 &rarr; <strong>1103</strong><br />(+29 for winning)
|raw|SuaveRoss's rating: 1071 &rarr; <strong>1051</strong><br />(-20 for losing)
|l|☆SuaveRoss
|player|p2|
|c|☆Batmanb|GGs
