|j|☆kojimuranishi
|j|☆he0
|t:|1750777453
|gametype|doubles
|player|p1|kojimuranishi|265|1604
|player|p2|he0|cynthia-masters|1563
|teamsize|p1|6
|teamsize|p2|6
|gen|9
|tier|[Gen 9] VGC 2025 Reg I
|rated|
|rule|Species Clause: Limit one of each Pokémon
|rule|Item Clause: Limit 1 of each item
|clearpoke
|poke|p1|Calyrex-Ice, L50|
|poke|p1|Whimsicott, L50, M|
|poke|p1|Volcarona, L50, M|
|poke|p1|Chi-Yu, L50|
|poke|p1|Landorus, L50, M|
|poke|p1|Terapagos, L50, M|
|poke|p2|Lunala, L50|
|poke|p2|Koraidon, L50|
|poke|p2|Chi-Yu, L50|
|poke|p2|Iron Moth, L50|
|poke|p2|Whimsicott, L50, M|
|poke|p2|Ursaluna, L50, F|
|teampreview|4
|inactive|Battle timer is ON: inactive players will automatically lose when time's up. (requested by kojimuranishi)
|
|t:|1750777481
|start
|switch|p1a: Whimsicott|Whimsicott, L50, M|100/100
|switch|p1b: Chi-Yu|Chi-Yu, L50|100/100
|switch|p2a: 月神怕鬼|Lunala, L50|100/100
|switch|p2b: Iron Moth|Iron Moth, L50|100/100
|-ability|p1b: Chi-Yu|Beads of Ruin
|-enditem|p2b: Iron Moth|Booster Energy
|-activate|p2b: Iron Moth|ability: Quark Drive|[fromitem]
|-start|p2b: Iron Moth|quarkdrivespe
|turn|1
|inactive|kojimuranishi has 30 seconds left.
|inactive|kojimuranishi has 20 seconds left.
|inactive|kojimuranishi has 15 seconds left.
|inactive|kojimuranishi has 10 seconds left.
|
|t:|1750777528
|-terastallize|p2a: 月神怕鬼|Dark
|move|p1a: Whimsicott|Tailwind|p1a: Whimsicott
|-sidestart|p1: kojimuranishi|move: Tailwind
|move|p1b: Chi-Yu|Dark Pulse|p2a: 月神怕鬼
|-resisted|p2a: 月神怕鬼
|-damage|p2a: 月神怕鬼|86/100
|move|p2b: Iron Moth|Acid Spray|p1b: Chi-Yu
|-damage|p1b: Chi-Yu|77/100
|-unboost|p1b: Chi-Yu|spd|2
|move|p2a: 月神怕鬼|Moongeist Beam|p1b: Chi-Yu
|-resisted|p1b: Chi-Yu
|-damage|p1b: Chi-Yu|19/100
|
|upkeep
|turn|2
|
|t:|1750777547
|move|p1a: Whimsicott|Moonblast|p2a: 月神怕鬼
|-supereffective|p2a: 月神怕鬼
|-damage|p2a: 月神怕鬼|25/100
|move|p1b: Chi-Yu|Dark Pulse|p2b: Iron Moth
|-damage|p2b: Iron Moth|16/100
|cant|p2b: Iron Moth|flinch
|move|p2a: 月神怕鬼|Moongeist Beam|p1b: Chi-Yu
|-resisted|p1b: Chi-Yu
|-damage|p1b: Chi-Yu|0 fnt
|faint|p1b: Chi-Yu
|
|upkeep
|
|t:|1750777570
|switch|p1b: Landorus|Landorus, L50, M|100/100
|turn|3
|
|t:|1750777576
|move|p2a: 月神怕鬼|Wide Guard|p2a: 月神怕鬼
|-singleturn|p2a: 月神怕鬼|Wide Guard
|move|p1b: Landorus|Earth Power|p2b: Iron Moth
|-supereffective|p2b: Iron Moth
|-damage|p2b: Iron Moth|0 fnt
|faint|p2b: Iron Moth
|-end|p2b: Iron Moth|Quark Drive|[silent]
|move|p1a: Whimsicott|Moonblast|p2a: 月神怕鬼
|-supereffective|p2a: 月神怕鬼
|-damage|p2a: 月神怕鬼|0 fnt
|faint|p2a: 月神怕鬼
|
|upkeep
|
|t:|1750777582
|switch|p2b: 五指拳心剑|Koraidon, L50|100/100
|switch|p2a: 小白马|Whimsicott, L50, M|100/100
|-weather|SunnyDay|[from] ability: Orichalcum Pulse|[of] p2b: 五指拳心剑
|-activate|p2b: 五指拳心剑|Orichalcum Pulse|[source]
|turn|4
|inactive|kojimuranishi has 30 seconds left.
|
|t:|1750777615
|move|p2a: 小白马|Tailwind|p2a: 小白马
|-sidestart|p2: he0|move: Tailwind
|move|p1b: Landorus|Earth Power|p2a: 小白马
|-resisted|p2a: 小白马
|-damage|p2a: 小白马|57/100
|move|p2b: 五指拳心剑|Flame Charge|p1a: Whimsicott
|-supereffective|p1a: Whimsicott
|-enditem|p1a: Whimsicott|Focus Sash
|-damage|p1a: Whimsicott|1/100
|-boost|p2b: 五指拳心剑|spe|1
|-damage|p2b: 五指拳心剑|91/100|[from] item: Life Orb
|move|p1a: Whimsicott|Trick Room|p1a: Whimsicott
|-fieldstart|move: Trick Room|[of] p1a: Whimsicott
|
|-weather|SunnyDay|[upkeep]
|-sideend|p1: kojimuranishi|move: Tailwind
|upkeep
|turn|5
|inactive|kojimuranishi has 30 seconds left.
|
|t:|1750777641
|move|p1a: Whimsicott|Protect|p1a: Whimsicott
|-singleturn|p1a: Whimsicott|Protect
|move|p2a: 小白马|Encore|p1a: Whimsicott
|-activate|p1a: Whimsicott|move: Protect
|move|p1b: Landorus|Earth Power|p2b: 五指拳心剑
|-damage|p2b: 五指拳心剑|29/100
|move|p2b: 五指拳心剑|Flare Blitz|p1b: Landorus
|-damage|p1b: Landorus|0 fnt
|faint|p1b: Landorus
|-damage|p2b: 五指拳心剑|0 fnt|[from] Recoil
|faint|p2b: 五指拳心剑
|
|-weather|SunnyDay|[upkeep]
|upkeep
|
|t:|1750777657
|switch|p1b: Terapagos|Terapagos, L50, M|100/100
|-activate|p1b: Terapagos|ability: Tera Shift
|detailschange|p1b: Terapagos|Terapagos-Terastal, L50, M
|-heal|p1b: Terapagos|100/100|[silent]
|turn|6
|
|t:|1750777667
|move|p2a: 小白马|Encore|p1a: Whimsicott
|-start|p1a: Whimsicott|Encore
|move|p1b: Terapagos|Tera Starstorm|p2a: 小白马
|-damage|p2a: 小白马|0 fnt
|faint|p2a: 小白马
|
|win|kojimuranishi
|raw|kojimuranishi's rating: 1604 &rarr; <strong>1622</strong><br />(+18 for winning)
|raw|he0's rating: 1563 &rarr; <strong>1545</strong><br />(-18 for losing)
|l|☆he0
|player|p2|
|l|☆kojimuranishi
|player|p1|
