|j|‽weswelker88
|j|☆c4rlosm4gno
|t:|1750867286
|gametype|doubles
|player|p1|weswelker88|170|1356
|player|p2|c4rlosm4gno|ethan-gen2c|1293
|teamsize|p1|6
|teamsize|p2|6
|gen|9
|tier|[Gen 9] VGC 2025 Reg I
|rated|
|rule|Species Clause: Limit one of each Pokémon
|rule|Item Clause: Limit 1 of each item
|clearpoke
|poke|p1|Calyrex-Shadow, L50|
|poke|p1|Koraidon, L50|
|poke|p1|Chi-Yu, L50|
|poke|p1|Hitmontop, L50, M|
|poke|p1|Walking Wake, L50|
|poke|p1|Brute Bonnet, L50|
|poke|p2|Groudon, L50|
|poke|p2|Grimmsnarl, L50, M|
|poke|p2|Miraidon, L50|
|poke|p2|Flutter Mane, L50|
|poke|p2|Incineroar, L50, F|
|poke|p2|Gouging Fire, L50|
|teampreview|4
|inactive|Battle timer is ON: inactive players will automatically lose when time's up. (requested by c4rlosm4gno)
|inactive|c4rlosm4gno has 60 seconds left.
|inactive|c4rlosm4gno has 30 seconds left.
|inactive|c4rlosm4gno has 20 seconds left.
|inactive|c4rlosm4gno has 15 seconds left.
|inactive|c4rlosm4gno has 10 seconds left.
|inactive|c4rlosm4gno has 5 seconds left.
|
|t:|1750867376
|start
|switch|p1a: Hitmontop|Hitmontop, L50, M|100/100
|switch|p1b: Koraidon|Koraidon, L50|100/100
|switch|p2a: Grimmsnarl|Grimmsnarl, L50, M|100/100
|switch|p2b: Miraidon|Miraidon, L50|100/100
|-fieldstart|move: Electric Terrain|[from] ability: Hadron Engine|[of] p2b: Miraidon
|-weather|SunnyDay|[from] ability: Orichalcum Pulse|[of] p1b: Koraidon
|-activate|p1b: Koraidon|Orichalcum Pulse|[source]
|-ability|p1a: Hitmontop|Intimidate|boost
|-unboost|p2a: Grimmsnarl|atk|1
|-unboost|p2b: Miraidon|atk|1
|turn|1
|
|t:|1750867395
|switch|p2b: Flutter Mane|Flutter Mane, L50|100/100
|-activate|p2b: Flutter Mane|ability: Protosynthesis
|-start|p2b: Flutter Mane|protosynthesisspe
|move|p1a: Hitmontop|Wide Guard|p1a: Hitmontop
|-singleturn|p1a: Hitmontop|Wide Guard
|move|p2a: Grimmsnarl|Thunder Wave|p1b: Koraidon
|-status|p1b: Koraidon|par
|move|p1b: Koraidon|Close Combat|p2b: Flutter Mane
|-immune|p2b: Flutter Mane
|
|-weather|SunnyDay|[upkeep]
|upkeep
|turn|2
|
|t:|1750867412
|move|p2a: Grimmsnarl|Reflect|p2a: Grimmsnarl
|-sidestart|p2: c4rlosm4gno|Reflect
|move|p2b: Flutter Mane|Moonblast|p1a: Hitmontop
|-supereffective|p1a: Hitmontop
|-damage|p1a: Hitmontop|1/100
|move|p1b: Koraidon|Close Combat|p2a: Grimmsnarl
|-damage|p2a: Grimmsnarl|23/100
|-unboost|p1b: Koraidon|def|1
|-unboost|p1b: Koraidon|spd|1
|-damage|p1b: Koraidon|91/100 par|[from] item: Life Orb
|move|p1a: Hitmontop|Close Combat|p2a: Grimmsnarl
|-damage|p2a: Grimmsnarl|0 fnt
|-unboost|p1a: Hitmontop|def|1
|-unboost|p1a: Hitmontop|spd|1
|faint|p2a: Grimmsnarl
|
|-weather|SunnyDay|[upkeep]
|upkeep
|
|t:|1750867425
|switch|p2a: Miraidon|Miraidon, L50|100/100
|-activate|p2a: Miraidon|ability: Hadron Engine
|turn|3
|inactive|weswelker88 has 30 seconds left.
|
|t:|1750867453
|-terastallize|p1b: Koraidon|Fire
|move|p1a: Hitmontop|Wide Guard|p1a: Hitmontop
|-singleturn|p1a: Hitmontop|Wide Guard
|move|p2b: Flutter Mane|Moonblast|p1b: Koraidon
|-resisted|p1b: Koraidon
|-damage|p1b: Koraidon|53/100 par
|move|p2a: Miraidon|Volt Switch|p1a: Hitmontop
|-damage|p1a: Hitmontop|0 fnt
|faint|p1a: Hitmontop
|
|t:|1750867463
|switch|p2a: Gouging Fire|Gouging Fire, L50|100/100|[from] Volt Switch
|-activate|p2a: Gouging Fire|ability: Protosynthesis
|-start|p2a: Gouging Fire|protosynthesisspe
|cant|p1b: Koraidon|par
|
|-weather|SunnyDay|[upkeep]
|upkeep
|
|t:|1750867477
|switch|p1a: Walking Wake|Walking Wake, L50|100/100
|-activate|p1a: Walking Wake|ability: Protosynthesis
|-start|p1a: Walking Wake|protosynthesisspe
|turn|4
|
|t:|1750867493
|move|p2b: Flutter Mane|Moonblast|p1a: Walking Wake
|-supereffective|p1a: Walking Wake
|-damage|p1a: Walking Wake|24/100
|move|p1a: Walking Wake|Snarl|p2b: Flutter Mane|[spread] p2a,p2b
|-damage|p2a: Gouging Fire|87/100
|-damage|p2b: Flutter Mane|86/100
|-unboost|p2b: Flutter Mane|spa|1
|move|p2a: Gouging Fire|Stone Edge|p1b: Koraidon
|-supereffective|p1b: Koraidon
|-damage|p1b: Koraidon|0 fnt
|faint|p1b: Koraidon
|
|-weather|SunnyDay|[upkeep]
|upkeep
|
|t:|1750867502
|switch|p1b: Calyrex|Calyrex-Shadow, L50|100/100
|-ability|p1b: Calyrex|As One
|-ability|p1b: Calyrex|Unnerve
|turn|5
|
|t:|1750867509
|move|p2a: Gouging Fire|Burning Bulwark|p2a: Gouging Fire
|-singleturn|p2a: Gouging Fire|move: Protect
|move|p2b: Flutter Mane|Icy Wind|p1a: Walking Wake|[spread] p1a
|-miss|p2b: Flutter Mane|p1b: Calyrex
|-crit|p1a: Walking Wake
|-damage|p1a: Walking Wake|7/100
|-unboost|p1a: Walking Wake|spe|1
|move|p1b: Calyrex|Astral Barrage|p2a: Gouging Fire|[spread] p2b
|-activate|p2a: Gouging Fire|move: Protect
|-supereffective|p2b: Flutter Mane
|-damage|p2b: Flutter Mane|0 fnt
|faint|p2b: Flutter Mane
|-end|p2b: Flutter Mane|Protosynthesis|[silent]
|-ability|p1b: Calyrex|Grim Neigh|boost
|-boost|p1b: Calyrex|spa|1
|move|p1a: Walking Wake|Hydro Steam|p2a: Gouging Fire
|-activate|p2a: Gouging Fire|move: Protect
|
|-weather|none
|-end|p2a: Gouging Fire|Protosynthesis
|-end|p1a: Walking Wake|Protosynthesis
|-fieldend|move: Electric Terrain
|upkeep
|
|t:|1750867516
|switch|p2b: Miraidon|Miraidon, L50|100/100
|-fieldstart|move: Electric Terrain|[from] ability: Hadron Engine|[of] p2b: Miraidon
|turn|6
|
|t:|1750867527
|-terastallize|p2b: Miraidon|Fairy
|move|p1b: Calyrex|Astral Barrage|p2b: Miraidon|[spread] p2a,p2b
|-damage|p2a: Gouging Fire|1/100
|-damage|p2b: Miraidon|31/100
|move|p2b: Miraidon|Dazzling Gleam|p1a: Walking Wake|[spread] p1a,p1b
|-supereffective|p1a: Walking Wake
|-damage|p1a: Walking Wake|0 fnt
|-damage|p1b: Calyrex|39/100
|faint|p1a: Walking Wake
|-end|p1a: Walking Wake|Protosynthesis|[silent]
|move|p2a: Gouging Fire|Flare Blitz|p1b: Calyrex
|-damage|p1b: Calyrex|0 fnt
|faint|p1b: Calyrex
|-damage|p2a: Gouging Fire|0 fnt|[from] Recoil
|faint|p2a: Gouging Fire
|-end|p2a: Gouging Fire|Protosynthesis|[silent]
|
|win|c4rlosm4gno
|raw|weswelker88's rating: 1356 &rarr; <strong>1332</strong><br />(-24 for losing)
|raw|c4rlosm4gno's rating: 1293 &rarr; <strong>1322</strong><br />(+29 for winning)
|l|‽weswelker88
|player|p1|
