|j|☆VascoAnime
|j|☆Bodoque31
|t:|1750769908
|gametype|doubles
|player|p1|VascoAnime|flannery|1066
|player|p2|Bodoque31|skyla|1112
|teamsize|p1|6
|teamsize|p2|6
|gen|9
|tier|[Gen 9] VGC 2025 Reg I
|rated|
|rule|Species Clause: Limit one of each Pokémon
|rule|Item Clause: Limit 1 of each item
|clearpoke
|poke|p1|Calyrex-Ice, L50|
|poke|p1|Abomasnow, L50, F|
|poke|p1|Lunala, L50|
|poke|p1|Baxcalibur, L50, F|
|poke|p1|Torkoal, L50, M|
|poke|p1|Farigiraf, L50, F|
|poke|p2|Incineroar, L50, M|
|poke|p2|Regidrago, L50|
|poke|p2|Whimsicott, L50, F|
|poke|p2|Charizard, L50, M|
|poke|p2|Torkoal, L50, M|
|poke|p2|Porygon2, L50|
|teampreview|4
|inactive|Battle timer is ON: inactive players will automatically lose when time's up. (requested by Bodoque31)
Bodoque31 rejected open team sheets.
|
|t:|1750769943
|start
|switch|p1a: Abomasnow|Abomasnow, L50, F|100/100
|switch|p1b: Baxcalibur|Baxcalibur, L50, F|100/100
|switch|p2a: Whimsicott|Whimsicott, L50, F, shiny|100/100
|switch|p2b: Torkoal|Torkoal, L50, M, shiny|100/100
|-weather|Snowscape|[from] ability: Snow Warning|[of] p1a: Abomasnow
|-weather|SunnyDay|[from] ability: Drought|[of] p2b: Torkoal
|turn|1
|
|t:|1750769958
|switch|p1a: Lunala|Lunala, L50|100/100
|move|p1b: Baxcalibur|Protect|p1b: Baxcalibur
|-singleturn|p1b: Baxcalibur|Protect
|move|p2a: Whimsicott|Tailwind|p2a: Whimsicott
|-sidestart|p2: Bodoque31|move: Tailwind
|move|p2b: Torkoal|Overheat|p1b: Baxcalibur
|-activate|p1b: Baxcalibur|move: Protect
|
|-weather|SunnyDay|[upkeep]
|upkeep
|turn|2
|inactive|VascoAnime has 30 seconds left.
|
|t:|1750769984
|switch|p1b: Abomasnow|Abomasnow, L50, F|100/100
|-weather|Snowscape|[from] ability: Snow Warning|[of] p1b: Abomasnow
|move|p2a: Whimsicott|Encore||[still]
|-fail|p2a: Whimsicott
|move|p2b: Torkoal|Overheat|p1a: Lunala
|-damage|p1a: Lunala|83/100
|-unboost|p2b: Torkoal|spa|2
|-enditem|p2b: Torkoal|Eject Pack
|
|t:|1750769991
|switch|p2b: Regidrago|Regidrago, L50, shiny|100/100
|move|p1a: Lunala|Trick Room|p1a: Lunala
|-fieldstart|move: Trick Room|[of] p1a: Lunala
|
|-weather|Snowscape|[upkeep]
|upkeep
|turn|3
|
|t:|1750770011
|switch|p1b: Baxcalibur|Baxcalibur, L50, F|100/100
|switch|p1a: Calyrex|Calyrex-Ice, L50|100/100
|-ability|p1a: Calyrex|As One
|-ability|p1a: Calyrex|Unnerve
|move|p2b: Regidrago|Protect|p2b: Regidrago
|-singleturn|p2b: Regidrago|Protect
|move|p2a: Whimsicott|Encore||[still]
|-fail|p2a: Whimsicott
|
|-weather|Snowscape|[upkeep]
|upkeep
|turn|4
|inactive|VascoAnime has 30 seconds left.
|inactive|Bodoque31 has 30 seconds left.
|inactive|Bodoque31 has 20 seconds left.
|
|t:|1750770046
|switch|p2a: Torkoal|Torkoal, L50, M, shiny|100/100
|-weather|SunnyDay|[from] ability: Drought|[of] p2a: Torkoal
|move|p1a: Calyrex|Glacial Lance|p2a: Torkoal|[spread] p2a,p2b
|-resisted|p2a: Torkoal
|-supereffective|p2b: Regidrago
|-damage|p2a: Torkoal|79/100
|-damage|p2b: Regidrago|0 fnt
|faint|p2b: Regidrago
|-ability|p1a: Calyrex|Chilling Neigh|boost
|-boost|p1a: Calyrex|atk|1
|move|p1b: Baxcalibur|Aqua Tail|p2a: Torkoal
|-supereffective|p2a: Torkoal
|-damage|p2a: Torkoal|43/100
|-damage|p1b: Baxcalibur|91/100|[from] item: Life Orb
|
|-weather|SunnyDay|[upkeep]
|-sideend|p2: Bodoque31|move: Tailwind
|upkeep
|
|t:|1750770051
|switch|p2b: Charizard|Charizard, L50, M, shiny|100/100
|turn|5
|j| Wenpachi
|inactive|VascoAnime has 30 seconds left.
|
|t:|1750770079
|switch|p1b: Abomasnow|Abomasnow, L50, F|100/100
|-weather|Snowscape|[from] ability: Snow Warning|[of] p1b: Abomasnow
|move|p1a: Calyrex|Protect|p1a: Calyrex
|-singleturn|p1a: Calyrex|Protect
|move|p2a: Torkoal|Overheat|p1a: Calyrex
|-activate|p1a: Calyrex|move: Protect
|move|p2b: Charizard|Weather Ball|p1b: Abomasnow
|-damage|p1b: Abomasnow|64/100
|
|-weather|Snowscape|[upkeep]
|upkeep
|turn|6
|
|t:|1750770101
|switch|p1a: Lunala|Lunala, L50|83/100
|-terastallize|p2a: Torkoal|Fire
|move|p2a: Torkoal|Overheat|p1b: Abomasnow
|-supereffective|p1b: Abomasnow
|-damage|p1b: Abomasnow|0 fnt
|-unboost|p2a: Torkoal|spa|2
|faint|p1b: Abomasnow
|move|p2b: Charizard|Weather Ball|p1a: Lunala
|-damage|p1a: Lunala|53/100
|
|-weather|Snowscape|[upkeep]
|-fieldend|move: Trick Room
|upkeep
|l| Wenpachi
|
|t:|1750770115
|switch|p1b: Baxcalibur|Baxcalibur, L50, F|91/100
|turn|7
|
|t:|1750770124
|move|p2b: Charizard|Weather Ball|p1a: Lunala
|-damage|p1a: Lunala|22/100
|move|p1a: Lunala|Meteor Beam||[still]
|-prepare|p1a: Lunala|Meteor Beam
|-boost|p1a: Lunala|spa|1
|-enditem|p1a: Lunala|Power Herb
|-anim|p1a: Lunala|Meteor Beam|p2b: Charizard
|-supereffective|p2b: Charizard
|-damage|p2b: Charizard|0 fnt
|faint|p2b: Charizard
|move|p1b: Baxcalibur|Aqua Tail|p2a: Torkoal
|-supereffective|p2a: Torkoal
|-damage|p2a: Torkoal|0 fnt
|faint|p2a: Torkoal
|-damage|p1b: Baxcalibur|81/100|[from] item: Life Orb
|
|-weather|Snowscape|[upkeep]
|upkeep
|-message|Bodoque31 forfeited.
|
|win|VascoAnime
|raw|VascoAnime's rating: 1066 &rarr; <strong>1100</strong><br />(+34 for winning)
|raw|Bodoque31's rating: 1112 &rarr; <strong>1084</strong><br />(-28 for losing)
|l|☆Bodoque31
|player|p2|
|l|☆VascoAnime
|player|p1|
