|j|☆QuaBao
|j|☆bubert_ps
|t:|1750748520
|gametype|doubles
|player|p1|QuaBao|caitlin|1346
|player|p2|bubert_ps|1|1304
|teamsize|p1|6
|teamsize|p2|6
|gen|9
|tier|[Gen 9] VGC 2025 Reg I
|rated|
|rule|Species Clause: Limit one of each Pokémon
|rule|Item Clause: Limit 1 of each item
|clearpoke
|poke|p1|Giratina, L50|
|poke|p1|Zekrom, L50|
|poke|p1|Terrakion, L50|
|poke|p1|Whimsicott, L50, F|
|poke|p1|Enamorus, L50, F|
|poke|p1|Annihilape, L50, F|
|poke|p2|Miraidon, L50|
|poke|p2|Iron Bundle, L50|
|poke|p2|Incineroar, L50, F|
|poke|p2|Zamazenta-*, L50|
|poke|p2|Chien-Pao, L50|
|poke|p2|Annihilape, L50, F|
|teampreview|4
|inactive|Battle timer is ON: inactive players will automatically lose when time's up. (requested by QuaBao)
|inactive|bubert_ps has 60 seconds left.
|
|t:|1750748556
|start
|switch|p1a: Whimsicott|Whimsicott, L50, F, shiny|100/100
|switch|p1b: Terrakion|Terrakion, L50|100/100
|switch|p2a: Miraidon|Miraidon, L50|100/100
|switch|p2b: Incineroar|Incineroar, L50, F, shiny|100/100
|-fieldstart|move: Electric Terrain|[from] ability: Hadron Engine|[of] p2a: Miraidon
|-ability|p2b: Incineroar|Intimidate|boost
|-unboost|p1a: Whimsicott|atk|1
|-unboost|p1b: Terrakion|atk|1
|turn|1
|inactive|bubert_ps has 30 seconds left.
|inactive|bubert_ps has 20 seconds left.
|
|t:|1750748592
|move|p1b: Terrakion|Protect|p1b: Terrakion
|-singleturn|p1b: Terrakion|Protect
|move|p2b: Incineroar|Fake Out|p1b: Terrakion
|-activate|p1b: Terrakion|move: Protect
|move|p1a: Whimsicott|Tailwind|p1a: Whimsicott
|-sidestart|p1: QuaBao|move: Tailwind
|move|p2a: Miraidon|Volt Switch|p1a: Whimsicott
|-resisted|p1a: Whimsicott
|-damage|p1a: Whimsicott|25/100
|
|t:|1750748597
|switch|p2a: Iron Bundle|Iron Bundle, L50, shiny|100/100|[from] Volt Switch
|-activate|p2a: Iron Bundle|ability: Quark Drive
|-start|p2a: Iron Bundle|quarkdrivespe
|
|upkeep
|turn|2
|
|t:|1750748618
|-terastallize|p2a: Iron Bundle|Ghost
|move|p1a: Whimsicott|Beat Up|p1b: Terrakion
|-resisted|p1b: Terrakion
|-damage|p1b: Terrakion|99/100
|-ability|p1b: Terrakion|Justified|boost
|-boost|p1b: Terrakion|atk|1
|-resisted|p1b: Terrakion
|-damage|p1b: Terrakion|99/100
|-ability|p1b: Terrakion|Justified|boost
|-boost|p1b: Terrakion|atk|1
|-resisted|p1b: Terrakion
|-damage|p1b: Terrakion|97/100
|-ability|p1b: Terrakion|Justified|boost
|-boost|p1b: Terrakion|atk|1
|-resisted|p1b: Terrakion
|-damage|p1b: Terrakion|96/100
|-ability|p1b: Terrakion|Justified|boost
|-boost|p1b: Terrakion|atk|1
|-hitcount|p1b: Terrakion|4
|move|p1b: Terrakion|Rock Slide|p2b: Incineroar|[spread] p2a,p2b
|-supereffective|p2b: Incineroar
|-damage|p2a: Iron Bundle|15/100
|-damage|p2b: Incineroar|8/100
|move|p2a: Iron Bundle|Icy Wind|p1a: Whimsicott|[spread] p1a,p1b
|-supereffective|p1a: Whimsicott
|-damage|p1a: Whimsicott|0 fnt
|-damage|p1b: Terrakion|72/100
|-unboost|p1b: Terrakion|spe|1
|faint|p1a: Whimsicott
|cant|p2b: Incineroar|flinch
|
|upkeep
|
|t:|1750748632
|switch|p1a: Enamorus|Enamorus, L50, F|100/100
|turn|3
|
|t:|1750748656
|switch|p2b: Zamazenta|Zamazenta-Crowned, L50, shiny|100/100
|-ability|p2b: Zamazenta|Dauntless Shield|boost
|-boost|p2b: Zamazenta|def|1
|move|p2a: Iron Bundle|Protect|p2a: Iron Bundle
|-singleturn|p2a: Iron Bundle|Protect
|move|p1a: Enamorus|Play Rough|p2a: Iron Bundle
|-activate|p2a: Iron Bundle|move: Protect
|move|p1b: Terrakion|Rock Slide|p2b: Zamazenta|[spread] p2b
|-activate|p2a: Iron Bundle|move: Protect
|-resisted|p2b: Zamazenta
|-crit|p2b: Zamazenta
|-damage|p2b: Zamazenta|83/100
|
|upkeep
|turn|4
|l|☆bubert_ps
|inactive|bubert_ps disconnected and has a minute to reconnect!
|player|p2|
|j|☆bubert_ps
|inactive|bubert_ps reconnected and has 35 seconds left.
|player|p2|bubert_ps|1|
|inactive|bubert_ps has 30 seconds left.
|inactive|bubert_ps has 20 seconds left.
|
|t:|1750748691
|move|p2b: Zamazenta|Wide Guard|p2b: Zamazenta
|-singleturn|p2b: Zamazenta|Wide Guard
|move|p1a: Enamorus|Superpower|p2b: Zamazenta
|-supereffective|p2b: Zamazenta
|-damage|p2b: Zamazenta|53/100
|-boost|p1a: Enamorus|atk|1
|-boost|p1a: Enamorus|def|1
|move|p2a: Iron Bundle|Icy Wind|p1b: Terrakion|[spread] p1a,p1b
|-supereffective|p1a: Enamorus
|-damage|p1a: Enamorus|43/100
|-damage|p1b: Terrakion|48/100
|-boost|p1a: Enamorus|spe|1
|-unboost|p1b: Terrakion|spe|1
|move|p1b: Terrakion|Earthquake|p2a: Iron Bundle|[spread] 
|-activate|p2a: Iron Bundle|move: Wide Guard
|-activate|p2b: Zamazenta|move: Wide Guard
|-immune|p1a: Enamorus
|
|-sideend|p1: QuaBao|move: Tailwind
|upkeep
|turn|5
|inactive|QuaBao has 30 seconds left.
|
|t:|1750748723
|-terastallize|p1a: Enamorus|Stellar
|move|p2a: Iron Bundle|Freeze-Dry|p1a: Enamorus
|-supereffective|p1a: Enamorus
|-damage|p1a: Enamorus|0 fnt
|faint|p1a: Enamorus
|move|p2b: Zamazenta|Body Press|p1b: Terrakion
|-supereffective|p1b: Terrakion
|-damage|p1b: Terrakion|0 fnt
|faint|p1b: Terrakion
|
|-fieldend|move: Electric Terrain
|-end|p2a: Iron Bundle|Quark Drive
|upkeep
|
|t:|1750748728
|switch|p1b: Annihilape|Annihilape, L50, F|100/100
|turn|6
|
|t:|1750748746
|move|p1b: Annihilape|Rage Fist|p2a: Iron Bundle
|-supereffective|p2a: Iron Bundle
|-damage|p2a: Iron Bundle|0 fnt
|faint|p2a: Iron Bundle
|-end|p2a: Iron Bundle|Quark Drive|[silent]
|move|p2b: Zamazenta|Heavy Slam|p1b: Annihilape
|-damage|p1b: Annihilape|48/100
|
|upkeep
|
|t:|1750748748
|switch|p2a: Miraidon|Miraidon, L50|100/100
|-fieldstart|move: Electric Terrain|[from] ability: Hadron Engine|[of] p2a: Miraidon
|turn|7
|
|t:|1750748766
|move|p1b: Annihilape|Rage Fist|p2a: Miraidon
|-damage|p2a: Miraidon|63/100
|move|p2a: Miraidon|Volt Switch|p1b: Annihilape
|-damage|p1b: Annihilape|0 fnt
|faint|p1b: Annihilape
|
|win|bubert_ps
|raw|QuaBao's rating: 1346 &rarr; <strong>1324</strong><br />(-22 for losing)
|raw|bubert_ps's rating: 1304 &rarr; <strong>1326</strong><br />(+22 for winning)
|l|☆QuaBao
|player|p1|
|l|☆bubert_ps
|player|p2|
