|j|☆OttoTheOtocyon
|j|☆DTrayn000
|t:|1750802556
|gametype|doubles
|player|p1|OttoTheOtocyon|ingo|1078
|player|p2|DTrayn000|102|1093
|teamsize|p1|6
|teamsize|p2|6
|gen|9
|tier|[Gen 9] VGC 2025 Reg I
|rated|
|rule|Species Clause: Limit one of each Pokémon
|rule|Item Clause: Limit 1 of each item
|clearpoke
|poke|p1|Ninetales-Alola, L50, M|
|poke|p1|Iron Bundle, L50|
|poke|p1|Miraidon, L50|
|poke|p1|Calyrex-Ice, L50|
|poke|p1|Raichu-Alola, L50, M|
|poke|p1|Gastrodon-East, L50, M|
|poke|p2|Volcarona, L50, F|
|poke|p2|Scyther, L50, M|
|poke|p2|Yanmega, L50, F|
|poke|p2|Heracross, L50, F|
|poke|p2|Illumise, L50, F|
|poke|p2|Lokix, L50, F|
|teampreview|4
|inactive|Battle timer is ON: inactive players will automatically lose when time's up. (requested by DTrayn000)
|inactive|OttoTheOtocyon has 60 seconds left.
|
|t:|1750802626
|start
|switch|p1a: Miraidon|Miraidon, L50|100/100
|switch|p1b: Raichu|Raichu-Alola, L50, M, shiny|100/100
|switch|p2a: Heracross|Heracross, L50, F|100/100
|switch|p2b: Illumise|Illumise, L50, F|100/100
|-fieldstart|move: Electric Terrain|[from] ability: Hadron Engine|[of] p1a: Miraidon
|-enditem|p1b: Raichu|Electric Seed
|-boost|p1b: Raichu|def|1|[from] item: Electric Seed
|turn|1
|
|t:|1750802644
|move|p1b: Raichu|Fake Out|p2b: Illumise
|-crit|p2b: Illumise
|-damage|p2b: Illumise|87/100
|cant|p2b: Illumise|flinch
|move|p1a: Miraidon|Volt Switch|p2a: Heracross
|-damage|p2a: Heracross|0 fnt
|faint|p2a: Heracross
|
|t:|1750802653
|switch|p1a: Calyrex|Calyrex-Ice, L50|100/100|[from] Volt Switch
|-ability|p1a: Calyrex|As One
|-ability|p1a: Calyrex|Unnerve
|
|upkeep
|
|t:|1750802660
|switch|p2a: Volcarona|Volcarona, L50, F|100/100
|turn|2
|
|t:|1750802677
|move|p2b: Illumise|Helping Hand|p2a: Volcarona
|-singleturn|p2a: Volcarona|Helping Hand|[of] p2b: Illumise
|move|p1b: Raichu|Protect|p1b: Raichu
|-singleturn|p1b: Raichu|Protect
|move|p2a: Volcarona|Fiery Dance|p1a: Calyrex
|-supereffective|p1a: Calyrex
|-damage|p1a: Calyrex|28/100
|move|p1a: Calyrex|Trick Room|p1a: Calyrex
|-fieldstart|move: Trick Room|[of] p1a: Calyrex
|
|upkeep
|turn|3
|inactive|OttoTheOtocyon has 30 seconds left.
|inactive|OttoTheOtocyon has 20 seconds left.
|inactive|OttoTheOtocyon has 15 seconds left.
|inactive|OttoTheOtocyon has 10 seconds left.
|
|t:|1750802726
|move|p2b: Illumise|Thunder Wave|p1a: Calyrex
|-status|p1a: Calyrex|par
|cant|p1a: Calyrex|par
|move|p2a: Volcarona|Fiery Dance|p1a: Calyrex
|-supereffective|p1a: Calyrex
|-damage|p1a: Calyrex|0 fnt
|-boost|p2a: Volcarona|spa|1
|faint|p1a: Calyrex
|move|p1b: Raichu|Surf|p2a: Volcarona|[spread] p2a,p2b
|-supereffective|p2a: Volcarona
|-damage|p2a: Volcarona|68/100
|-damage|p2b: Illumise|68/100
|
|upkeep
|
|t:|1750802739
|switch|p1a: Gastrodon|Gastrodon-East, L50, M|100/100
|turn|4
|
|t:|1750802760
|-terastallize|p2a: Volcarona|Bug
|-terastallize|p1b: Raichu|Water
|move|p2b: Illumise|Rain Dance|p2b: Illumise
|-weather|RainDance
|move|p1a: Gastrodon|Clear Smog|p2a: Volcarona
|-damage|p2a: Volcarona|57/100
|-clearboost|p2a: Volcarona
|move|p2a: Volcarona|Quiver Dance|p2a: Volcarona
|-boost|p2a: Volcarona|spa|1
|-boost|p2a: Volcarona|spd|1
|-boost|p2a: Volcarona|spe|1
|move|p1b: Raichu|Surf|p2b: Illumise|[spread] p2a,p2b
|-ability|p1a: Gastrodon|Storm Drain|boost
|-boost|p1a: Gastrodon|spa|1
|-damage|p2a: Volcarona|31/100
|-damage|p2b: Illumise|24/100
|-enditem|p2a: Volcarona|Sitrus Berry|[eat]
|-heal|p2a: Volcarona|56/100|[from] item: Sitrus Berry
|
|-weather|RainDance|[upkeep]
|upkeep
|turn|5
|
|t:|1750802785
|move|p2b: Illumise|Helping Hand|p2a: Volcarona
|-singleturn|p2a: Volcarona|Helping Hand|[of] p2b: Illumise
|move|p1a: Gastrodon|Clear Smog|p2a: Volcarona
|-damage|p2a: Volcarona|46/100
|-clearboost|p2a: Volcarona
|move|p2a: Volcarona|Hurricane|p1a: Gastrodon
|-damage|p1a: Gastrodon|69/100
|move|p1b: Raichu|Surf|p2a: Volcarona|[spread] p2a,p2b
|-ability|p1a: Gastrodon|Storm Drain|boost
|-boost|p1a: Gastrodon|spa|1
|-damage|p2a: Volcarona|10/100
|-damage|p2b: Illumise|0 fnt
|faint|p2b: Illumise
|
|-weather|RainDance|[upkeep]
|-fieldend|move: Electric Terrain
|upkeep
|
|t:|1750802804
|switch|p2b: Lokix|Lokix, L50, F|100/100
|turn|6
|inactive|OttoTheOtocyon has 30 seconds left.
|inactive|OttoTheOtocyon has 20 seconds left.
|inactive|OttoTheOtocyon has 15 seconds left.
|inactive|OttoTheOtocyon has 10 seconds left.
|
|t:|1750802850
|move|p2a: Volcarona|Protect|p2a: Volcarona
|-singleturn|p2a: Volcarona|Protect
|move|p1a: Gastrodon|Muddy Water|p2a: Volcarona|[spread] 
|-activate|p2a: Volcarona|move: Protect
|-miss|p1a: Gastrodon|p2b: Lokix
|move|p2b: Lokix|Axe Kick|p1a: Gastrodon
|-damage|p1a: Gastrodon|38/100
|-start|p1a: Gastrodon|confusion
|move|p1b: Raichu|Surf|p2a: Volcarona|[spread] p2b
|-activate|p2a: Volcarona|move: Protect
|-ability|p1a: Gastrodon|Storm Drain|boost
|-boost|p1a: Gastrodon|spa|1
|-damage|p2b: Lokix|15/100
|
|-weather|RainDance|[upkeep]
|-fieldend|move: Trick Room
|upkeep
|turn|7
|
|t:|1750802875
|switch|p1b: Miraidon|Miraidon, L50|100/100
|-fieldstart|move: Electric Terrain|[from] ability: Hadron Engine|[of] p1b: Miraidon
|move|p2b: Lokix|Sucker Punch||[still]
|-fail|p2b: Lokix
|move|p2a: Volcarona|Hurricane|p1b: Miraidon
|-resisted|p1b: Miraidon
|-damage|p1b: Miraidon|86/100
|-activate|p1a: Gastrodon|confusion
|-damage|p1a: Gastrodon|33/100|[from] confusion
|
|-weather|RainDance|[upkeep]
|upkeep
|turn|8
|
|t:|1750802897
|switch|p1b: Raichu|Raichu-Alola, L50, M, shiny, tera:Water|100/100
|move|p2a: Volcarona|Protect|p2a: Volcarona
|-singleturn|p2a: Volcarona|Protect
|move|p2b: Lokix|Sucker Punch||[still]
|-fail|p2b: Lokix
|-activate|p1a: Gastrodon|confusion
|move|p1a: Gastrodon|Icy Wind|p2b: Lokix|[spread] p2b
|-activate|p2a: Volcarona|move: Protect
|-damage|p2b: Lokix|0 fnt
|faint|p2b: Lokix
|
|-weather|none
|upkeep
|turn|9
|-message|DTrayn000 forfeited.
|
|win|OttoTheOtocyon
|raw|OttoTheOtocyon's rating: 1078 &rarr; <strong>1108</strong><br />(+30 for winning)
|raw|DTrayn000's rating: 1093 &rarr; <strong>1068</strong><br />(-25 for losing)
|l|☆DTrayn000
|player|p2|
|l|☆OttoTheOtocyon
|player|p1|
