|j|☆he0
|j|☆dtukgcjcg
|t:|1750748633
|gametype|doubles
|player|p1|he0|cynthia-masters|1557
|player|p2|dtukgcjcg|102|1504
|teamsize|p1|6
|teamsize|p2|6
|gen|9
|tier|[Gen 9] VGC 2025 Reg I
|rated|
|rule|Species Clause: Limit one of each Pokémon
|rule|Item Clause: Limit 1 of each item
|clearpoke
|poke|p1|Lunala, L50|
|poke|p1|Koraidon, L50|
|poke|p1|Chi-Yu, L50|
|poke|p1|Iron Moth, L50|
|poke|p1|Whimsicott, L50, F|
|poke|p1|Ursaluna, L50, F|
|poke|p2|Calyrex-Ice, L50|
|poke|p2|Terapagos, L50, M|
|poke|p2|Smeargle, L50, F|
|poke|p2|Ogerpon-Cornerstone, L50, F|
|poke|p2|Urshifu-*, L50, M|
|poke|p2|Tornadus, L50, M|
|teampreview|4
|inactive|Battle timer is ON: inactive players will automatically lose when time's up. (requested by dtukgcjcg)
|inactive|he0 has 60 seconds left.
|inactive|dtukgcjcg has 60 seconds left.
|
|t:|1750748693
|start
|switch|p1a: Iron Moth|Iron Moth, L50|100/100
|switch|p1b: 月神怕鬼|Lunala, L50|100/100
|switch|p2a: Terapagos|Terapagos, L50, M|100/100
|switch|p2b: Smeargle|Smeargle, L50, F|100/100
|-activate|p2a: Terapagos|ability: Tera Shift
|detailschange|p2a: Terapagos|Terapagos-Terastal, L50, M
|-heal|p2a: Terapagos|100/100|[silent]
|-enditem|p1a: Iron Moth|Booster Energy
|-activate|p1a: Iron Moth|ability: Quark Drive|[fromitem]
|-start|p1a: Iron Moth|quarkdrivespe
|turn|1
|
|t:|1750748714
|move|p1a: Iron Moth|Struggle Bug|p2b: Smeargle|[spread] p2a,p2b
|-activate|p2a: Terapagos|ability: Tera Shell
|-resisted|p2a: Terapagos
|-damage|p2a: Terapagos|95/100
|-damage|p2b: Smeargle|75/100
|-unboost|p2a: Terapagos|spa|1
|-unboost|p2b: Smeargle|spa|1
|move|p2b: Smeargle|Spore|p1b: 月神怕鬼
|-status|p1b: 月神怕鬼|slp|[from] move: Spore
|move|p2a: Terapagos|Meteor Beam||[still]
|-prepare|p2a: Terapagos|Meteor Beam
|-boost|p2a: Terapagos|spa|1
|-enditem|p2a: Terapagos|Power Herb
|-anim|p2a: Terapagos|Meteor Beam|p1a: Iron Moth|[miss]
|-miss|p2a: Terapagos|p1a: Iron Moth
|cant|p1b: 月神怕鬼|slp
|
|-ability|p2b: Smeargle|Moody|boost
|-boost|p2b: Smeargle|def|2
|-unboost|p2b: Smeargle|spa|1
|upkeep
|turn|2
|inactive|dtukgcjcg has 30 seconds left.
|
|t:|1750748740
|switch|p1b: 爬地流|Ursaluna, L50, F|100/100
|move|p1a: Iron Moth|Heat Wave|p2a: Terapagos|[spread] p2a,p2b
|-damage|p2a: Terapagos|65/100
|-damage|p2b: Smeargle|0 fnt
|faint|p2b: Smeargle
|move|p2a: Terapagos|Tera Starstorm|p1a: Iron Moth
|-crit|p1a: Iron Moth
|-damage|p1a: Iron Moth|24/100
|
|-status|p1b: 爬地流|brn|[from] item: Flame Orb
|upkeep
|
|t:|1750748749
|switch|p2b: Calyrex|Calyrex-Ice, L50|100/100
|-ability|p2b: Calyrex|As One
|-ability|p2b: Calyrex|Unnerve
|turn|3
|
|t:|1750748773
|move|p2a: Terapagos|Protect|p2a: Terapagos
|-singleturn|p2a: Terapagos|Protect
|move|p1a: Iron Moth|Heat Wave|p2b: Calyrex|[spread] 
|-activate|p2a: Terapagos|move: Protect
|-miss|p1a: Iron Moth|p2b: Calyrex
|move|p2b: Calyrex|Glacial Lance|p1a: Iron Moth|[spread] p1a,p1b
|-resisted|p1a: Iron Moth
|-supereffective|p1b: 爬地流
|-damage|p1a: Iron Moth|0 fnt
|-damage|p1b: 爬地流|19/100 brn
|faint|p1a: Iron Moth
|-end|p1a: Iron Moth|Quark Drive|[silent]
|-ability|p2b: Calyrex|Chilling Neigh|boost
|-boost|p2b: Calyrex|atk|1
|move|p1b: 爬地流|Facade|p2b: Calyrex
|-damage|p2b: Calyrex|24/100
|
|-damage|p1b: 爬地流|13/100 brn|[from] brn
|upkeep
|
|t:|1750748789
|switch|p1a: 五指拳心剑|Koraidon, L50|100/100
|-weather|SunnyDay|[from] ability: Orichalcum Pulse|[of] p1a: 五指拳心剑
|-activate|p1a: 五指拳心剑|Orichalcum Pulse|[source]
|turn|4
|inactive|he0 has 30 seconds left.
|inactive|dtukgcjcg has 30 seconds left.
|inactive|he0 has 20 seconds left.
|inactive|dtukgcjcg has 20 seconds left.
|
|t:|1750748829
|-terastallize|p1a: 五指拳心剑|Fire
|-terastallize|p2a: Terapagos|Stellar
|detailschange|p2a: Terapagos|Terapagos-Stellar, L50, M, tera:Stellar
|-heal|p2a: Terapagos|74/100|[silent]
|-ability|p2a: Terapagos|Teraform Zero
|-weather|none
|move|p1a: 五指拳心剑|Close Combat|p2a: Terapagos
|-supereffective|p2a: Terapagos
|-damage|p2a: Terapagos|0 fnt
|-unboost|p1a: 五指拳心剑|def|1
|-unboost|p1a: 五指拳心剑|spd|1
|faint|p2a: Terapagos
|detailschange|p2: Terapagos|Terapagos, L50, M|[silent]
|-damage|p1a: 五指拳心剑|91/100|[from] item: Life Orb
|move|p2b: Calyrex|Glacial Lance|p1a: 五指拳心剑|[spread] p1a,p1b
|-resisted|p1a: 五指拳心剑
|-supereffective|p1b: 爬地流
|-damage|p1a: 五指拳心剑|35/100
|-damage|p1b: 爬地流|0 fnt
|faint|p1b: 爬地流
|-ability|p2b: Calyrex|Chilling Neigh|boost
|-boost|p2b: Calyrex|atk|1
|
|upkeep
|
|t:|1750748845
|switch|p2a: Ogerpon|Ogerpon-Cornerstone, L50, F|100/100
|switch|p1b: 月神怕鬼|Lunala, L50|100/100 slp
|turn|5
|
|t:|1750748859
|move|p2b: Calyrex|Protect|p2b: Calyrex
|-singleturn|p2b: Calyrex|Protect
|move|p1a: 五指拳心剑|Close Combat|p2b: Calyrex
|-activate|p2b: Calyrex|move: Protect
|move|p2a: Ogerpon|Ivy Cudgel|p1a: 五指拳心剑|[anim] Ivy Cudgel Rock
|-supereffective|p1a: 五指拳心剑
|-damage|p1a: 五指拳心剑|0 fnt
|faint|p1a: 五指拳心剑
|cant|p1b: 月神怕鬼|slp
|
|upkeep
|turn|6
|
|t:|1750748866
|move|p2a: Ogerpon|Ivy Cudgel|p1b: 月神怕鬼|[anim] Ivy Cudgel Rock
|-damage|p1b: 月神怕鬼|75/100 slp
|cant|p1b: 月神怕鬼|slp
|move|p2b: Calyrex|Glacial Lance|p1b: 月神怕鬼
|-damage|p1b: 月神怕鬼|0 fnt
|faint|p1b: 月神怕鬼
|
|win|dtukgcjcg
|raw|he0's rating: 1557 &rarr; <strong>1534</strong><br />(-23 for losing)
|raw|dtukgcjcg's rating: 1504 &rarr; <strong>1527</strong><br />(+23 for winning)
|l|☆he0
|player|p1|
|l|☆dtukgcjcg
|player|p2|
