|j|☆PPYYY
|j|☆MonadoPichu
|t:|1750725668
|gametype|doubles
|player|p1|PPYYY|jacq|
|player|p2|MonadoPichu|volo|
|teamsize|p1|6
|teamsize|p2|6
|gen|9
|tier|[Gen 9] VGC 2025 Reg I
|rated|Tournament battle
|rule|Species Clause: Limit one of each Pokémon
|rule|Item Clause: Limit 1 of each item
|raw|<div class="infobox"><details class="readmore" open><summary><strong>2 custom rules:</strong></summary> Force Open Team Sheets, !Open Team Sheets</details></div>
|clearpoke
|poke|p1|Whimsicott, L50, F|
|poke|p1|Calyrex-Shadow, L50|
|poke|p1|Incineroar, L50, F|
|poke|p1|Miraidon, L50|
|poke|p1|Clefairy, L50, F|
|poke|p1|Sneasler, L50, F|
|poke|p2|Calyrex-Ice, L50|
|poke|p2|Miraidon, L50|
|poke|p2|Ursaluna, L50, M|
|poke|p2|Volcarona, L50, F|
|poke|p2|Iron Hands, L50|
|poke|p2|Grimmsnarl, L50, M|
|teampreview|4
|showteam|p1|Whimsicott||CovertCloak|Prankster|Moonblast,Tailwind,FakeTears,Encore|||F|||50|,,,,,Water]Calyrex-Shadow||FocusSash|AsOneSpectrier|AstralBarrage,Psychic,Disable,Protect||||||50|,,,,,Ghost]Incineroar||AssaultVest|Intimidate|KnockOff,Uturn,FlareBlitz,FakeOut|||F|||50|,,,,,Bug]Miraidon||ChoiceSpecs|HadronEngine|ElectroDrift,DracoMeteor,DazzlingGleam,VoltSwitch||||||50|,,,,,Fairy]Clefairy||Eviolite|FriendGuard|AfterYou,HelpingHand,FollowMe,Protect|||F|||50|,,,,,Ground]Sneasler||ElectricSeed|Unburden|GunkShot,CloseCombat,FakeOut,ThroatChop|||F|||50|,,,,,Dark
|showteam|p2|Calyrex-Ice||Leftovers|AsOneGlastrier|GlacialLance,LeechSeed,TrickRoom,Protect||||||50|,,,,,Water]Miraidon||ChoiceSpecs|HadronEngine|ElectroDrift,DracoMeteor,VoltSwitch,DazzlingGleam||||||50|,,,,,Fairy]Ursaluna||FlameOrb|Guts|Facade,Crunch,HeadlongRush,Protect|||M|||50|,,,,,Ghost]Volcarona||RockyHelmet|FlameBody|StruggleBug,Overheat,RagePowder,Tailwind|||F|||50|,,,,,Water]Iron Hands||AssaultVest|QuarkDrive|WildCharge,LowKick,FakeOut,HeavySlam||||||50|,,,,,Bug]Grimmsnarl||LightClay|Prankster|SpiritBreak,Reflect,LightScreen,ThunderWave|||M|||50|,,,,,Ghost
|inactive|Battle timer is ON: inactive players will automatically lose when time's up. (requested by MonadoPichu)
|j| pumpkinflame
|j| Iamsliverfish
|l| pumpkinflame
|inactive|MonadoPichu has 60 seconds left.
|
|t:|1750725700
|start
|switch|p1a: Incineroar|Incineroar, L50, F|100/100
|switch|p1b: Miraidon|Miraidon, L50|100/100
|switch|p2a: Booger|Calyrex-Ice, L50|100/100
|switch|p2b: Pyra|Volcarona, L50, F, shiny|100/100
|-ability|p2a: Booger|As One
|-ability|p2a: Booger|Unnerve
|-fieldstart|move: Electric Terrain|[from] ability: Hadron Engine|[of] p1b: Miraidon
|-ability|p1a: Incineroar|Intimidate|boost
|-unboost|p2a: Booger|atk|1
|-unboost|p2b: Pyra|atk|1
|turn|1
|
|t:|1750725711
|move|p2a: Booger|Protect|p2a: Booger
|-singleturn|p2a: Booger|Protect
|move|p1b: Miraidon|Draco Meteor|p2b: Pyra
|-damage|p2b: Pyra|0 fnt
|-unboost|p1b: Miraidon|spa|2
|faint|p2b: Pyra
|move|p1a: Incineroar|Knock Off|p2a: Booger
|-activate|p2a: Booger|move: Protect
|
|upkeep
|
|t:|1750725725
|switch|p2b: Estrogen|Miraidon, L50|100/100
|-activate|p2b: Estrogen|ability: Hadron Engine
|turn|2
|j| z4chray
|inactive|PPYYY has 30 seconds left.
|l| z4chray
|inactive|PPYYY has 20 seconds left.
|
|t:|1750725767
|-terastallize|p2a: Booger|Water
|move|p1b: Miraidon|Draco Meteor|p2b: Estrogen
|-supereffective|p2b: Estrogen
|-damage|p2b: Estrogen|0 fnt
|-unboost|p1b: Miraidon|spa|2
|faint|p2b: Estrogen
|move|p1a: Incineroar|U-turn|p2a: Booger
|-damage|p2a: Booger|88/100
|
|t:|1750725773
|switch|p1a: Clefairy|Clefairy, L50, F|100/100|[from] U-turn
|move|p2a: Booger|Trick Room|p2a: Booger
|-fieldstart|move: Trick Room|[of] p2a: Booger
|
|-heal|p2a: Booger|94/100|[from] item: Leftovers
|upkeep
|c|☆MonadoPichu|rip
|j| empm
|
|t:|1750725781
|switch|p2b: Frederick III|Ursaluna, L50, M|100/100
|turn|3
|
|t:|1750725794
|switch|p1b: Incineroar|Incineroar, L50, F|100/100
|-ability|p1b: Incineroar|Intimidate|boost
|-unboost|p2a: Booger|atk|1
|-unboost|p2b: Frederick III|atk|1
|move|p1a: Clefairy|Protect|p1a: Clefairy
|-singleturn|p1a: Clefairy|Protect
|move|p2a: Booger|Glacial Lance|p1a: Clefairy|[spread] p1b
|-activate|p1a: Clefairy|move: Protect
|-resisted|p1b: Incineroar
|-damage|p1b: Incineroar|91/100
|move|p2b: Frederick III|Headlong Rush|p1b: Incineroar
|-supereffective|p1b: Incineroar
|-damage|p1b: Incineroar|30/100
|-unboost|p2b: Frederick III|def|1
|-unboost|p2b: Frederick III|spd|1
|
|-heal|p2a: Booger|99/100|[from] item: Leftovers
|-status|p2b: Frederick III|brn|[from] item: Flame Orb
|upkeep
|turn|4
|j| N0rthana
|
|t:|1750725811
|move|p1a: Clefairy|Protect||[still]
|-fail|p1a: Clefairy
|move|p2a: Booger|Glacial Lance|p1a: Clefairy|[spread] p1a,p1b
|-resisted|p1b: Incineroar
|-damage|p1a: Clefairy|80/100
|-damage|p1b: Incineroar|20/100
|move|p2b: Frederick III|Facade|p1a: Clefairy
|-damage|p1a: Clefairy|13/100
|move|p1b: Incineroar|Flare Blitz|p2b: Frederick III
|-damage|p2b: Frederick III|49/100 brn
|-damage|p1b: Incineroar|2/100|[from] Recoil
|
|-heal|p2a: Booger|100/100|[from] item: Leftovers
|-damage|p2b: Frederick III|43/100 brn|[from] brn
|upkeep
|turn|5
|c| Iamsliverfish|gg
|inactive|PPYYY has 30 seconds left.
|
|t:|1750725839
|switch|p1b: Calyrex|Calyrex-Shadow, L50|100/100
|-ability|p1b: Calyrex|As One
|-ability|p1b: Calyrex|Unnerve
|move|p1a: Clefairy|Protect|p1a: Clefairy
|-singleturn|p1a: Clefairy|Protect
|move|p2a: Booger|Glacial Lance|p1b: Calyrex|[spread] p1b
|-activate|p1a: Clefairy|move: Protect
|-damage|p1b: Calyrex|74/100
|move|p2b: Frederick III|Facade|p1b: Calyrex
|-immune|p1b: Calyrex
|
|-damage|p2b: Frederick III|37/100 brn|[from] brn
|-fieldend|move: Electric Terrain
|upkeep
|turn|6
|c| Iamsliverfish|smh
|j| Grumblebumble
|
|t:|1750725855
|switch|p1a: Incineroar|Incineroar, L50, F|2/100
|-ability|p1a: Incineroar|Intimidate|boost
|-unboost|p2a: Booger|atk|1
|-unboost|p2b: Frederick III|atk|1
|move|p1b: Calyrex|Protect|p1b: Calyrex
|-singleturn|p1b: Calyrex|Protect
|move|p2a: Booger|Glacial Lance|p1b: Calyrex|[spread] p1a
|-activate|p1b: Calyrex|move: Protect
|-resisted|p1a: Incineroar
|-damage|p1a: Incineroar|0 fnt
|faint|p1a: Incineroar
|-ability|p2a: Booger|Chilling Neigh|boost
|-boost|p2a: Booger|atk|1
|move|p2b: Frederick III|Facade|p1b: Calyrex
|-activate|p1b: Calyrex|move: Protect
|
|-damage|p2b: Frederick III|32/100 brn|[from] brn
|-fieldend|move: Trick Room
|upkeep
|
|t:|1750725857
|switch|p1a: Miraidon|Miraidon, L50|100/100
|-fieldstart|move: Electric Terrain|[from] ability: Hadron Engine|[of] p1a: Miraidon
|turn|7
|c| Iamsliverfish|always headlong rush
|c|☆MonadoPichu|yea
|
|t:|1750725878
|move|p1b: Calyrex|Psychic|p2b: Frederick III
|-damage|p2b: Frederick III|0 fnt
|faint|p2b: Frederick III
|-ability|p1b: Calyrex|Grim Neigh|boost
|-boost|p1b: Calyrex|spa|1
|move|p1a: Miraidon|Electro Drift|p2a: Booger
|-supereffective|p2a: Booger
|-damage|p2a: Booger|0 fnt
|faint|p2a: Booger
|
|win|PPYYY
|n|☆PPYYY|ppyyy
|n|☆MonadoPichu|monadopichu
|n| Iamsliverfish|iamsliverfish
|n| empm|empm
|n| N0rthana|n0rthana
|n| Grumblebumble|grumblebumble
