|j|☆drakkulll
|j|☆xavvcb
|t:|1750770803
|gametype|doubles
|player|p1|drakkulll|giovanni|1145
|player|p2|xavvcb|flint|1182
|teamsize|p1|6
|teamsize|p2|6
|gen|9
|tier|[Gen 9] VGC 2025 Reg I
|rated|
|rule|Species Clause: Limit one of each Pokémon
|rule|Item Clause: Limit 1 of each item
|clearpoke
|poke|p1|Mightyena, L50, M|
|poke|p1|Lycanroc-Midnight, L50, M|
|poke|p1|Tyranitar, L50, M|
|poke|p1|Lunala, L50|
|poke|p1|Zamazenta-*, L50|
|poke|p1|Raging Bolt, L50|
|poke|p2|Whimsicott, L50, F|
|poke|p2|Kyogre, L50|
|poke|p2|Politoed, L50, F|
|poke|p2|Raichu, L50, M|
|poke|p2|Tornadus, L50, M|
|poke|p2|Calyrex-Shadow, L50|
|teampreview|4
|inactive|Battle timer is ON: inactive players will automatically lose when time's up. (requested by xavvcb)
xavvcb rejected open team sheets.
|inactive|drakkulll has 60 seconds left.
|
|t:|1750770840
|start
|switch|p1a: Cthulu|Mightyena, L50, M|100/100
|switch|p1b: Jesus|Lunala, L50|100/100
|switch|p2a: DE BRUYNE|Whimsicott, L50, F, shiny|100/100
|switch|p2b: CRISTIANO RONALDO|Kyogre, L50|100/100
|-weather|RainDance|[from] ability: Drizzle|[of] p2b: CRISTIANO RONALDO
|-ability|p1a: Cthulu|Intimidate|boost
|-unboost|p2a: DE BRUYNE|atk|1
|-unboost|p2b: CRISTIANO RONALDO|atk|1
|turn|1
|
|t:|1750770859
|move|p1b: Jesus|Wide Guard|p1b: Jesus
|-singleturn|p1b: Jesus|Wide Guard
|move|p2a: DE BRUYNE|Tailwind|p2a: DE BRUYNE
|-sidestart|p2: xavvcb|move: Tailwind
|move|p2b: CRISTIANO RONALDO|Thunder|p1a: Cthulu
|-damage|p1a: Cthulu|24/100
|-enditem|p1a: Cthulu|Sitrus Berry|[eat]
|-heal|p1a: Cthulu|49/100|[from] item: Sitrus Berry
|move|p1a: Cthulu|Yawn|p2b: CRISTIANO RONALDO
|-start|p2b: CRISTIANO RONALDO|move: Yawn|[of] p1a: Cthulu
|
|-weather|RainDance|[upkeep]
|upkeep
|turn|2
|c|☆drakkulll|Fútbol fútbol siempre fútbol
|c|☆xavvcb|yess
|inactive|drakkulll has 30 seconds left.
|inactive|xavvcb has 30 seconds left.
|c|☆xavvcb|aura
|inactive|drakkulll has 20 seconds left.
|
|t:|1750770897
|move|p2a: DE BRUYNE|Fake Tears|p1b: Jesus
|-unboost|p1b: Jesus|spd|2
|move|p2b: CRISTIANO RONALDO|Thunder|p1b: Jesus
|-damage|p1b: Jesus|51/100
|move|p1a: Cthulu|Super Fang|p2b: CRISTIANO RONALDO
|-damage|p2b: CRISTIANO RONALDO|50/100
|move|p1b: Jesus|Trick Room|p1b: Jesus
|-fieldstart|move: Trick Room|[of] p1b: Jesus
|
|-weather|RainDance|[upkeep]
|-end|p2b: CRISTIANO RONALDO|move: Yawn|[silent]
|-status|p2b: CRISTIANO RONALDO|slp
|upkeep
|turn|3
|
|t:|1750770916
|move|p1a: Cthulu|Helping Hand|p1b: Jesus
|-singleturn|p1b: Jesus|Helping Hand|[of] p1a: Cthulu
|move|p2a: DE BRUYNE|Light Screen|p2a: DE BRUYNE
|-sidestart|p2: xavvcb|move: Light Screen
|move|p1b: Jesus|Meteor Beam||[still]
|-prepare|p1b: Jesus|Meteor Beam
|-boost|p1b: Jesus|spa|1
|-enditem|p1b: Jesus|Power Herb
|-anim|p1b: Jesus|Meteor Beam|p2b: CRISTIANO RONALDO|[miss]
|-miss|p1b: Jesus|p2b: CRISTIANO RONALDO
|cant|p2b: CRISTIANO RONALDO|slp
|
|-weather|RainDance|[upkeep]
|upkeep
|turn|4
|
|t:|1750770939
|switch|p2a: TROSSARD|Raichu, L50, M, shiny|100/100
|move|p1a: Cthulu|Helping Hand|p1b: Jesus
|-singleturn|p1b: Jesus|Helping Hand|[of] p1a: Cthulu
|move|p1b: Jesus|Moongeist Beam|p2b: CRISTIANO RONALDO
|-damage|p2b: CRISTIANO RONALDO|0 fnt
|faint|p2b: CRISTIANO RONALDO
|
|-weather|RainDance|[upkeep]
|-sideend|p2: xavvcb|move: Tailwind
|upkeep
|
|t:|1750770951
|switch|p2b: WIRTZ|Calyrex-Shadow, L50|100/100
|-ability|p2b: WIRTZ|As One
|-ability|p2b: WIRTZ|Unnerve
|turn|5
|
|t:|1750770964
|move|p1a: Cthulu|Helping Hand|p1b: Jesus
|-singleturn|p1b: Jesus|Helping Hand|[of] p1a: Cthulu
|move|p2a: TROSSARD|Fake Out|p1a: Cthulu
|-damage|p1a: Cthulu|39/100
|move|p1b: Jesus|Moongeist Beam|p2b: WIRTZ
|-supereffective|p2b: WIRTZ
|-crit|p2b: WIRTZ
|-damage|p2b: WIRTZ|0 fnt
|faint|p2b: WIRTZ
|
|-weather|none
|upkeep
|
|t:|1750770973
|switch|p2b: DE BRUYNE|Whimsicott, L50, F, shiny|100/100
|turn|6
|
|t:|1750770991
|move|p2b: DE BRUYNE|Tailwind|p2b: DE BRUYNE
|-sidestart|p2: xavvcb|move: Tailwind
|move|p1a: Cthulu|Yawn|p2b: DE BRUYNE
|-start|p2b: DE BRUYNE|move: Yawn|[of] p1a: Cthulu
|move|p1b: Jesus|Moongeist Beam|p2a: TROSSARD
|-damage|p2a: TROSSARD|20/100
|move|p2a: TROSSARD|Alluring Voice|p1a: Cthulu
|-supereffective|p1a: Cthulu
|-damage|p1a: Cthulu|0 fnt
|faint|p1a: Cthulu
|
|-fieldend|move: Trick Room
|upkeep
|
|t:|1750771008
|switch|p1a: Roma|Tyranitar, L50, M|100/100
|-weather|Sandstorm|[from] ability: Sand Stream|[of] p1a: Roma
|turn|7
|
|t:|1750771015
|move|p2b: DE BRUYNE|Fake Tears|p1a: Roma
|-hint|Since gen 7, Dark is immune to Prankster moves.
|-immune|p1a: Roma
|move|p2a: TROSSARD|Alluring Voice|p1a: Roma
|-supereffective|p1a: Roma
|-damage|p1a: Roma|82/100
|move|p1b: Jesus|Moongeist Beam|p2b: DE BRUYNE
|-damage|p2b: DE BRUYNE|36/100
|move|p1a: Roma|Rock Slide|p2a: TROSSARD|[spread] p2a
|-miss|p1a: Roma|p2b: DE BRUYNE
|-damage|p2a: TROSSARD|0 fnt
|faint|p2a: TROSSARD
|
|-weather|Sandstorm|[upkeep]
|-damage|p2b: DE BRUYNE|30/100|[from] Sandstorm
|-damage|p1b: Jesus|45/100|[from] Sandstorm
|-heal|p2b: DE BRUYNE|36/100|[from] item: Leftovers
|-end|p2b: DE BRUYNE|move: Yawn|[silent]
|-status|p2b: DE BRUYNE|slp
|-sideend|p2: xavvcb|move: Light Screen
|upkeep
|turn|8
|-message|xavvcb forfeited.
|
|win|drakkulll
|raw|drakkulll's rating: 1145 &rarr; <strong>1173</strong><br />(+28 for winning)
|raw|xavvcb's rating: 1182 &rarr; <strong>1154</strong><br />(-28 for losing)
|l|☆xavvcb
|player|p2|
|l|☆drakkulll
|player|p1|
