|j|☆wiranVGC
|j|☆tzfmndf03
|t:|1750851246
|gametype|doubles
|player|p1|wiranVGC|silver|1342
|player|p2|tzfmndf03|169|1397
|teamsize|p1|6
|teamsize|p2|6
|gen|9
|tier|[Gen 9] VGC 2025 Reg I
|rated|
|rule|Species Clause: Limit one of each Pokémon
|rule|Item Clause: Limit 1 of each item
|clearpoke
|poke|p1|Groudon, L50|
|poke|p1|Whimsicott, L50, F|
|poke|p1|Raging Bolt, L50|
|poke|p1|Zamazenta-*, L50|
|poke|p1|Ogerpon-Hearthflame, L50, F|
|poke|p1|Rillaboom, L50, M|
|poke|p2|Muk-Alola, L50, F|
|poke|p2|Smeargle, L50, F|
|poke|p2|Ditto, L50|
|poke|p2|Calyrex-Shadow, L50|
|poke|p2|Whimsicott, L50, M|
|poke|p2|Miraidon, L50|
|teampreview|4
|inactive|Battle timer is ON: inactive players will automatically lose when time's up. (requested by wiranVGC)
|inactive|wiranVGC has 60 seconds left.
|inactive|tzfmndf03 has 60 seconds left.
|
|t:|1750851283
|start
|switch|p1a: Whimsicott|Whimsicott, L50, F|100/100
|switch|p1b: Rillaboom|Rillaboom, L50, M|100/100
|switch|p2a: God Call Me God|Muk-Alola, L50, F|100/100
|switch|p2b: God|Smeargle, L50, F|100/100
|-fieldstart|move: Grassy Terrain|[from] ability: Grassy Surge|[of] p1b: Rillaboom
|turn|1
|inactive|wiranVGC has 30 seconds left.
|inactive|wiranVGC has 20 seconds left.
|inactive|wiranVGC has 15 seconds left.
|
|t:|1750851324
|move|p2b: God|Fake Out|p1b: Rillaboom
|-damage|p1b: Rillaboom|92/100
|move|p1a: Whimsicott|Moonblast|p2a: God Call Me God
|-damage|p2a: God Call Me God|71/100
|cant|p1b: Rillaboom|flinch
|move|p2a: God Call Me God|Minimize|p2a: God Call Me God
|-boost|p2a: God Call Me God|evasion|2
|
|-heal|p1b: Rillaboom|98/100|[from] Grassy Terrain
|-heal|p2a: God Call Me God|77/100|[from] Grassy Terrain
|-ability|p2b: God|Moody|boost
|-boost|p2b: God|spd|2
|-unboost|p2b: God|atk|1
|upkeep
|turn|2
|
|t:|1750851340
|move|p2b: God|Follow Me|p2b: God
|-singleturn|p2b: God|move: Follow Me
|move|p1a: Whimsicott|Encore|p2b: God
|-start|p2b: God|Encore
|move|p1b: Rillaboom|Knock Off|p2b: God
|-enditem|p2b: God|Focus Sash
|-damage|p2b: God|1/100
|move|p2a: God Call Me God|Minimize|p2a: God Call Me God
|-boost|p2a: God Call Me God|evasion|2
|
|-heal|p2b: God|7/100|[from] Grassy Terrain
|-heal|p1b: Rillaboom|100/100|[from] Grassy Terrain
|-heal|p2a: God Call Me God|83/100|[from] Grassy Terrain
|-ability|p2b: God|Moody|boost
|-boost|p2b: God|spe|2
|-unboost|p2b: God|spa|1
|upkeep
|turn|3
|
|t:|1750851357
|switch|p1b: Groudon|Groudon, L50|100/100
|-weather|SunnyDay|[from] ability: Drought|[of] p1b: Groudon
|move|p2b: God|Follow Me|p2b: God
|-singleturn|p2b: God|move: Follow Me
|move|p1a: Whimsicott|Light Screen|p1a: Whimsicott
|-sidestart|p1: wiranVGC|move: Light Screen
|move|p2a: God Call Me God|Minimize|p2a: God Call Me God
|-boost|p2a: God Call Me God|evasion|2
|
|-weather|SunnyDay|[upkeep]
|-heal|p2b: God|13/100|[from] Grassy Terrain
|-heal|p2a: God Call Me God|89/100|[from] Grassy Terrain
|-ability|p2b: God|Moody|boost
|-boost|p2b: God|spa|2
|-unboost|p2b: God|def|1
|upkeep
|turn|4
|
|t:|1750851372
|move|p2b: God|Follow Me|p2b: God
|-singleturn|p2b: God|move: Follow Me
|move|p1a: Whimsicott|Tailwind|p1a: Whimsicott
|-sidestart|p1: wiranVGC|move: Tailwind
|move|p1b: Groudon|Swords Dance|p1b: Groudon
|-boost|p1b: Groudon|atk|2
|move|p2a: God Call Me God|Poison Gas|p1b: Groudon|[spread] p1a,p1b
|-status|p1a: Whimsicott|psn
|-status|p1b: Groudon|psn
|
|-weather|SunnyDay|[upkeep]
|-heal|p2b: God|20/100|[from] Grassy Terrain
|-heal|p2a: God Call Me God|95/100|[from] Grassy Terrain
|-damage|p1a: Whimsicott|88/100 psn|[from] psn
|-damage|p1b: Groudon|88/100 psn|[from] psn
|-ability|p2b: God|Moody|boost
|-boost|p2b: God|spe|2
|-unboost|p2b: God|def|1
|upkeep
|turn|5
|inactive|wiranVGC has 30 seconds left.
|
|t:|1750851399
|-terastallize|p1b: Groudon|Fire
|move|p2b: God|Follow Me|p2b: God
|-singleturn|p2b: God|move: Follow Me
|move|p1a: Whimsicott|Moonblast|p2b: God
|-damage|p2b: God|0 fnt
|faint|p2b: God
|-ability|p2a: God Call Me God|Moody|[from] ability: Power of Alchemy|[of] p2b: God
|move|p1b: Groudon|Heat Crash|p2a: God Call Me God
|-damage|p2a: God Call Me God|0 fnt
|faint|p2a: God Call Me God
|
|-weather|SunnyDay|[upkeep]
|-heal|p1a: Whimsicott|94/100 psn|[from] Grassy Terrain
|-heal|p1b: Groudon|94/100 psn|[from] Grassy Terrain
|-damage|p1a: Whimsicott|81/100 psn|[from] psn
|-damage|p1b: Groudon|82/100 psn|[from] psn
|-fieldend|move: Grassy Terrain
|upkeep
|
|t:|1750851412
|switch|p2b: NUCLEAR|Calyrex-Shadow, L50|100/100
|switch|p2a: Ditto|Ditto, L50|100/100
|-ability|p2b: NUCLEAR|As One
|-ability|p2b: NUCLEAR|Unnerve
|-transform|p2a: Ditto|p1b: Groudon|[from] ability: Imposter
|-start|p2a: Ditto|typechange|Ground|[silent]
|turn|6
|
|t:|1750851428
|move|p2b: NUCLEAR|Protect|p2b: NUCLEAR
|-singleturn|p2b: NUCLEAR|Protect
|move|p1a: Whimsicott|Moonblast|p2b: NUCLEAR
|-activate|p2b: NUCLEAR|move: Protect
|move|p1b: Groudon|Heat Crash|p2b: NUCLEAR
|-activate|p2b: NUCLEAR|move: Protect
|move|p2a: Ditto|Precipice Blades|p1a: Whimsicott|[spread] p1a,p1b
|-resisted|p1a: Whimsicott
|-supereffective|p1b: Groudon
|-damage|p1a: Whimsicott|2/100 psn
|-damage|p1b: Groudon|0 fnt
|faint|p1b: Groudon
|
|-weather|SunnyDay|[upkeep]
|-damage|p1a: Whimsicott|0 fnt|[from] psn
|faint|p1a: Whimsicott
|upkeep
|
|t:|1750851441
|switch|p1a: Rillaboom|Rillaboom, L50, M|100/100
|switch|p1b: Zamazenta|Zamazenta-Crowned, L50|100/100
|-ability|p1b: Zamazenta|Dauntless Shield|boost
|-boost|p1b: Zamazenta|def|1
|-fieldstart|move: Grassy Terrain|[from] ability: Grassy Surge|[of] p1a: Rillaboom
|-enditem|p2b: NUCLEAR|Mirror Herb
|-boost|p2b: NUCLEAR|def|1|[from] item: Mirror Herb
|turn|7
|inactive|tzfmndf03 has 30 seconds left.
|
|t:|1750851472
|move|p1b: Zamazenta|Body Press|p2a: Ditto
|-damage|p2a: Ditto|36/100
|move|p1a: Rillaboom|Knock Off|p2b: NUCLEAR
|-supereffective|p2b: NUCLEAR
|-damage|p2b: NUCLEAR|0 fnt
|faint|p2b: NUCLEAR
|move|p2a: Ditto|Precipice Blades|p1b: Zamazenta|[spread] p1a,p1b
|-resisted|p1a: Rillaboom
|-supereffective|p1b: Zamazenta
|-damage|p1a: Rillaboom|48/100
|-damage|p1b: Zamazenta|15/100
|
|-weather|none
|-heal|p1b: Zamazenta|21/100|[from] Grassy Terrain
|-heal|p1a: Rillaboom|54/100|[from] Grassy Terrain
|-heal|p2a: Ditto|42/100|[from] Grassy Terrain
|-sideend|p1: wiranVGC|move: Light Screen
|-sideend|p1: wiranVGC|move: Tailwind
|upkeep
|turn|8
|inactive|tzfmndf03 has 30 seconds left.
|-message|tzfmndf03 forfeited.
|
|win|wiranVGC
|raw|wiranVGC's rating: 1342 &rarr; <strong>1365</strong><br />(+23 for winning)
|raw|tzfmndf03's rating: 1397 &rarr; <strong>1374</strong><br />(-23 for losing)
|l|☆tzfmndf03
|player|p2|
