|j|‽miradonaod
|j|☆gasolfaria
|t:|1750825369
|gametype|doubles
|player|p1|miradonaod|wallace|1276
|player|p2|gasolfaria|pokemonrangerf|1375
|teamsize|p1|6
|teamsize|p2|6
|gen|9
|tier|[Gen 9] VGC 2025 Reg I
|rated|
|rule|Species Clause: Limit one of each Pokémon
|rule|Item Clause: Limit 1 of each item
|clearpoke
|poke|p1|Koraidon, L50|
|poke|p1|Scovillain, L50, M|
|poke|p1|Miraidon, L50|
|poke|p1|Chesnaught, L50, F|
|poke|p1|Clefairy, L50, F|
|poke|p1|Indeedee-F, L50, F|
|poke|p2|Zacian-*, L50|
|poke|p2|Lunala, L50|
|poke|p2|Indeedee-F, L50, F|
|poke|p2|Raging Bolt, L50|
|poke|p2|Urshifu-*, L50, F|
|poke|p2|Tornadus, L50, M|
|teampreview|4
|
|t:|1750825389
|start
|switch|p1a: Koraidon|Koraidon, L50|100/100
|switch|p1b: Scovillain|Scovillain, L50, M|100/100
|switch|p2a: Tornadus|Tornadus, L50, M|100/100
|switch|p2b: Zacian|Zacian-Crowned, L50|100/100
|-ability|p2b: Zacian|Intrepid Sword|boost
|-boost|p2b: Zacian|atk|1
|-weather|SunnyDay|[from] ability: Orichalcum Pulse|[of] p1a: Koraidon
|-activate|p1a: Koraidon|Orichalcum Pulse|[source]
|turn|1
|
|t:|1750825404
|-terastallize|p1a: Koraidon|Fire
|move|p2b: Zacian|Protect|p2b: Zacian
|-singleturn|p2b: Zacian|Protect
|move|p2a: Tornadus|Tailwind|p2a: Tornadus
|-sidestart|p2: gasolfaria|move: Tailwind
|move|p1b: Scovillain|Spicy Extract|p1a: Koraidon
|-fail|p1a: Koraidon|unboost|[from] item: Clear Amulet|[of] p1a: Koraidon
|-boost|p1a: Koraidon|atk|2
|move|p1a: Koraidon|Flame Charge|p2a: Tornadus
|-enditem|p2a: Tornadus|Focus Sash
|-damage|p2a: Tornadus|1/100
|-boost|p1a: Koraidon|spe|1
|
|-weather|SunnyDay|[upkeep]
|upkeep
|turn|2
|
|t:|1750825436
|-terastallize|p2b: Zacian|Water
|move|p2b: Zacian|Crunch|p1a: Koraidon
|-damage|p1a: Koraidon|63/100
|move|p2a: Tornadus|Bleakwind Storm|p1a: Koraidon|[spread] p1b
|-miss|p2a: Tornadus|p1a: Koraidon
|-supereffective|p1b: Scovillain
|-enditem|p1b: Scovillain|Focus Sash
|-damage|p1b: Scovillain|1/100
|move|p1b: Scovillain|Spicy Extract|p1a: Koraidon
|-fail|p1a: Koraidon|unboost|[from] item: Clear Amulet|[of] p1a: Koraidon
|-boost|p1a: Koraidon|atk|2
|move|p1a: Koraidon|Flame Charge|p2b: Zacian
|-resisted|p2b: Zacian
|-damage|p2b: Zacian|3/100
|-boost|p1a: Koraidon|spe|1
|
|-weather|SunnyDay|[upkeep]
|upkeep
|turn|3
|
|t:|1750825472
|move|p1b: Scovillain|Rage Powder|p1b: Scovillain
|-singleturn|p1b: Scovillain|move: Rage Powder
|move|p2b: Zacian|Crunch|p1b: Scovillain
|-damage|p1b: Scovillain|0 fnt
|faint|p1b: Scovillain
|move|p1a: Koraidon|Flame Charge|p2b: Zacian
|-resisted|p2b: Zacian
|-damage|p2b: Zacian|0 fnt
|-boost|p1a: Koraidon|spe|1
|faint|p2b: Zacian
|move|p2a: Tornadus|Bleakwind Storm|p1a: Koraidon
|-damage|p1a: Koraidon|9/100
|
|-weather|SunnyDay|[upkeep]
|upkeep
|
|t:|1750825482
|switch|p2b: Urshifu|Urshifu, L50, F|100/100
|switch|p1b: Clefairy|Clefairy, L50, F|100/100
|turn|4
|
|t:|1750825500
|move|p1b: Clefairy|Follow Me|p1b: Clefairy
|-singleturn|p1b: Clefairy|move: Follow Me
|move|p2b: Urshifu|Poison Jab|p1b: Clefairy
|-supereffective|p1b: Clefairy
|-damage|p1b: Clefairy|59/100
|move|p1a: Koraidon|Collision Course|p2b: Urshifu
|-supereffective|p2b: Urshifu
|-damage|p2b: Urshifu|0 fnt
|faint|p2b: Urshifu
|move|p2a: Tornadus|Bleakwind Storm|p1a: Koraidon|[spread] p1a,p1b
|-damage|p1a: Koraidon|0 fnt
|-damage|p1b: Clefairy|26/100
|faint|p1a: Koraidon
|
|-weather|SunnyDay|[upkeep]
|-sideend|p2: gasolfaria|move: Tailwind
|upkeep
|
|t:|1750825513
|switch|p1a: Miraidon|Miraidon, L50|100/100
|switch|p2b: Lunala|Lunala, L50|100/100
|-fieldstart|move: Electric Terrain|[from] ability: Hadron Engine|[of] p1a: Miraidon
|turn|5
|
|t:|1750825525
|move|p2a: Tornadus|Tailwind|p2a: Tornadus
|-sidestart|p2: gasolfaria|move: Tailwind
|move|p2b: Lunala|Meteor Beam||[still]
|-prepare|p2b: Lunala|Meteor Beam
|-boost|p2b: Lunala|spa|1
|-enditem|p2b: Lunala|Power Herb
|-anim|p2b: Lunala|Meteor Beam|p1b: Clefairy
|-damage|p1b: Clefairy|0 fnt
|faint|p1b: Clefairy
|move|p1a: Miraidon|Snarl|p2a: Tornadus|[spread] p2a,p2b
|-supereffective|p2b: Lunala
|-damage|p2a: Tornadus|0 fnt
|-damage|p2b: Lunala|68/100
|-unboost|p2b: Lunala|spa|1
|faint|p2a: Tornadus
|
|-weather|none
|upkeep
|turn|6
|
|t:|1750825538
|move|p2b: Lunala|Moongeist Beam|p1a: Miraidon
|-damage|p1a: Miraidon|54/100
|move|p1a: Miraidon|Snarl|p2b: Lunala
|-supereffective|p2b: Lunala
|-damage|p2b: Lunala|0 fnt
|faint|p2b: Lunala
|
|win|miradonaod
|raw|miradonaod's rating: 1276 &rarr; <strong>1308</strong><br />(+32 for winning)
|raw|gasolfaria's rating: 1375 &rarr; <strong>1349</strong><br />(-26 for losing)
|l|☆gasolfaria
|player|p2|
|l|‽miradonaod
|player|p1|
