|j|☆kyuremkiroialt
|j|☆Anubis7vgc
|t:|1750816930
|gametype|doubles
|player|p1|kyuremkiroialt|plasmagrunt|1334
|player|p2|Anubis7vgc|linebacker|1379
|teamsize|p1|6
|teamsize|p2|6
|gen|9
|tier|[Gen 9] VGC 2025 Reg I
|rated|
|rule|Species Clause: Limit one of each Pokémon
|rule|Item Clause: Limit 1 of each item
|clearpoke
|poke|p1|Amoonguss, L50, M|
|poke|p1|Groudon, L50|
|poke|p1|Lunala, L50|
|poke|p1|Incineroar, L50, F|
|poke|p1|Raging Bolt, L50|
|poke|p1|Typhlosion-Hisui, L50, F|
|poke|p2|Miraidon, L50|
|poke|p2|Zamazenta-*, L50|
|poke|p2|Chien-Pao, L50|
|poke|p2|Incineroar, L50, M|
|poke|p2|Farigiraf, L50, F|
|poke|p2|Ogerpon-Wellspring, L50, F|
|teampreview|4
|inactive|Battle timer is ON: inactive players will automatically lose when time's up. (requested by Anubis7vgc)
|inactive|kyuremkiroialt also wants the timer to be on.
|inactive|kyuremkiroialt has 60 seconds left.
|
|t:|1750816966
|start
|switch|p1a: Amoonguss|Amoonguss, L50, M|100/100
|switch|p1b: Typhlosion|Typhlosion-Hisui, L50, F|100/100
|switch|p2a: Zamazenta|Zamazenta-Crowned, L50|100/100
|switch|p2b: Chien-Pao|Chien-Pao, L50|100/100
|-item|p2a: Zamazenta|Rusted Shield|[from] ability: Frisk|[of] p1b: Typhlosion
|-item|p2b: Chien-Pao|Focus Sash|[from] ability: Frisk|[of] p1b: Typhlosion
|-ability|p2b: Chien-Pao|Sword of Ruin
|-ability|p2a: Zamazenta|Dauntless Shield|boost
|-boost|p2a: Zamazenta|def|1
|turn|1
|inactive|kyuremkiroialt has 30 seconds left.
|inactive|Anubis7vgc has 30 seconds left.
|inactive|Anubis7vgc has 20 seconds left.
|inactive|kyuremkiroialt has 20 seconds left.
|inactive|Anubis7vgc has 15 seconds left.
|inactive|Anubis7vgc has 10 seconds left.
|
|t:|1750817012
|switch|p2a: Miraidon|Miraidon, L50|100/100
|-fieldstart|move: Electric Terrain|[from] ability: Hadron Engine|[of] p2a: Miraidon
|move|p1a: Amoonguss|Rage Powder|p1a: Amoonguss
|-singleturn|p1a: Amoonguss|move: Rage Powder
|move|p1b: Typhlosion|Overheat|p2a: Miraidon
|-resisted|p2a: Miraidon
|-damage|p2a: Miraidon|76/100
|-unboost|p1b: Typhlosion|spa|2
|move|p2b: Chien-Pao|Crunch|p1a: Amoonguss
|-damage|p1a: Amoonguss|61/100
|-damage|p2b: Chien-Pao|84/100|[from] item: Rocky Helmet|[of] p1a: Amoonguss
|
|upkeep
|turn|2
|inactive|Anubis7vgc has 30 seconds left.
|
|t:|1750817038
|switch|p1b: Raging Bolt|Raging Bolt, L50|100/100
|switch|p1a: Groudon|Groudon, L50|100/100
|-weather|SunnyDay|[from] ability: Drought|[of] p1a: Groudon
|-activate|p1b: Raging Bolt|ability: Protosynthesis
|-start|p1b: Raging Bolt|protosynthesisspa
|move|p2a: Miraidon|Draco Meteor|p1a: Groudon
|-damage|p1a: Groudon|4/100
|-unboost|p2a: Miraidon|spa|2
|move|p2b: Chien-Pao|Crunch|p1b: Raging Bolt
|-damage|p1b: Raging Bolt|59/100
|
|-weather|SunnyDay|[upkeep]
|upkeep
|turn|3
|inactive|kyuremkiroialt has 30 seconds left.
|inactive|kyuremkiroialt has 20 seconds left.
|inactive|kyuremkiroialt has 15 seconds left.
|inactive|kyuremkiroialt has 10 seconds left.
|
|t:|1750817083
|move|p1a: Groudon|Protect|p1a: Groudon
|-singleturn|p1a: Groudon|Protect
|move|p2b: Chien-Pao|Sucker Punch||[still]
|-fail|p2b: Chien-Pao
|move|p2a: Miraidon|Draco Meteor|p1b: Raging Bolt
|-supereffective|p1b: Raging Bolt
|-damage|p1b: Raging Bolt|4/100
|-unboost|p2a: Miraidon|spa|2
|move|p1b: Raging Bolt|Thunderbolt|p2b: Chien-Pao
|-damage|p2b: Chien-Pao|0 fnt
|faint|p2b: Chien-Pao
|
|-weather|SunnyDay|[upkeep]
|upkeep
|
|t:|1750817104
|switch|p2b: Zamazenta|Zamazenta-Crowned, L50|100/100
|turn|4
|
|t:|1750817127
|-terastallize|p2b: Zamazenta|Grass
|move|p1a: Groudon|Protect||[still]
|-fail|p1a: Groudon
|move|p2a: Miraidon|Draco Meteor|p1a: Groudon
|-damage|p1a: Groudon|0 fnt
|-unboost|p2a: Miraidon|spa|2
|faint|p1a: Groudon
|move|p2b: Zamazenta|Body Press|p1b: Raging Bolt
|-damage|p1b: Raging Bolt|0 fnt
|faint|p1b: Raging Bolt
|-end|p1b: Raging Bolt|Protosynthesis|[silent]
|
|-weather|SunnyDay|[upkeep]
|upkeep
|
|t:|1750817137
|switch|p1a: Amoonguss|Amoonguss, L50, M|94/100
|switch|p1b: Typhlosion|Typhlosion-Hisui, L50, F|100/100
|-item|p2a: Miraidon|Choice Scarf|[from] ability: Frisk|[of] p1b: Typhlosion
|-item|p2b: Zamazenta|Rusted Shield|[from] ability: Frisk|[of] p1b: Typhlosion
|turn|5
|inactive|kyuremkiroialt has 30 seconds left.
|
|t:|1750817167
|switch|p2a: Incineroar|Incineroar, L50, M|100/100
|-ability|p2a: Incineroar|Intimidate|boost
|-unboost|p1a: Amoonguss|atk|1
|-unboost|p1b: Typhlosion|atk|1
|-terastallize|p1b: Typhlosion|Fire
|move|p2b: Zamazenta|Protect|p2b: Zamazenta
|-singleturn|p2b: Zamazenta|Protect
|move|p1b: Typhlosion|Overheat|p2b: Zamazenta
|-activate|p2b: Zamazenta|move: Protect
|move|p1a: Amoonguss|Spore|p2a: Incineroar
|-activate|p2a: Incineroar|move: Electric Terrain
|
|-weather|SunnyDay|[upkeep]
|-fieldend|move: Electric Terrain
|upkeep
|turn|6
|-message|kyuremkiroialt forfeited.
|
|win|Anubis7vgc
|raw|kyuremkiroialt's rating: 1334 &rarr; <strong>1317</strong><br />(-17 for losing)
|raw|Anubis7vgc's rating: 1379 &rarr; <strong>1396</strong><br />(+17 for winning)
|l|☆kyuremkiroialt
|player|p1|
|l|☆Anubis7vgc
|player|p2|
