|j|☆Greghammer
|j|☆Rusty Old Key
|t:|1750865291
|gametype|doubles
|player|p1|Greghammer|266|1538
|player|p2|Rusty Old Key|101|1622
|teamsize|p1|6
|teamsize|p2|6
|gen|9
|tier|[Gen 9] VGC 2025 Reg I
|rated|
|rule|Species Clause: Limit one of each Pokémon
|rule|Item Clause: Limit 1 of each item
|clearpoke
|poke|p1|Calyrex-Shadow, L50|
|poke|p1|Terapagos, L50, M|
|poke|p1|Iron Hands, L50|
|poke|p1|Chi-Yu, L50|
|poke|p1|Smeargle, L50, F|
|poke|p1|Whimsicott, L50, F|
|poke|p2|Zacian-*, L50|
|poke|p2|Garganacl, L50, M|
|poke|p2|Rillaboom, L50, M|
|poke|p2|Terapagos, L50, M|
|poke|p2|Chien-Pao, L50|
|poke|p2|Raging Bolt, L50|
|teampreview|4
|inactive|Battle timer is ON: inactive players will automatically lose when time's up. (requested by Greghammer)
|
|t:|1750865357
|start
|switch|p1a: Levitating|Calyrex-Shadow, L50|100/100
|switch|p1b: PrettyPlease|Smeargle, L50, F|100/100
|switch|p2a: Zacian|Zacian-Crowned, L50|100/100
|switch|p2b: Garganacl|Garganacl, L50, M, shiny|100/100
|-ability|p1a: Levitating|As One
|-ability|p1a: Levitating|Unnerve
|-ability|p2a: Zacian|Intrepid Sword|boost
|-boost|p2a: Zacian|atk|1
|turn|1
|
|t:|1750865380
|move|p1b: PrettyPlease|Fake Out|p2a: Zacian
|-resisted|p2a: Zacian
|-damage|p2a: Zacian|98/100
|move|p1a: Levitating|Psychic|p2b: Garganacl
|-damage|p2b: Garganacl|52/100
|-damage|p1a: Levitating|91/100|[from] item: Life Orb
|cant|p2a: Zacian|flinch
|move|p2b: Garganacl|Salt Cure|p1a: Levitating
|-damage|p1a: Levitating|73/100
|-start|p1a: Levitating|Salt Cure
|
|-damage|p1a: Levitating|60/100|[from] Salt Cure
|-ability|p1b: PrettyPlease|Moody|boost
|-boost|p1b: PrettyPlease|def|2
|-unboost|p1b: PrettyPlease|spd|1
|upkeep
|turn|2
|inactive|Greghammer has 30 seconds left.
|inactive|Rusty Old Key has 30 seconds left.
|inactive|Rusty Old Key has 20 seconds left.
|inactive|Rusty Old Key has 15 seconds left.
|
|t:|1750865421
|move|p1a: Levitating|Psychic|p2b: Garganacl
|-damage|p2b: Garganacl|0 fnt
|faint|p2b: Garganacl
|-ability|p1a: Levitating|Grim Neigh|boost
|-boost|p1a: Levitating|spa|1
|-damage|p1a: Levitating|51/100|[from] item: Life Orb
|move|p2a: Zacian|Substitute|p2a: Zacian
|-start|p2a: Zacian|Substitute
|-damage|p2a: Zacian|73/100
|move|p1b: PrettyPlease|Spore||[still]
|-fail|p1b: PrettyPlease
|
|-damage|p1a: Levitating|38/100|[from] Salt Cure
|-ability|p1b: PrettyPlease|Moody|boost
|-boost|p1b: PrettyPlease|spe|2
|-unboost|p1b: PrettyPlease|spd|1
|upkeep
|
|t:|1750865444
|switch|p2b: Rillaboom|Rillaboom, L50, M|100/100
|-fieldstart|move: Grassy Terrain|[from] ability: Grassy Surge|[of] p2b: Rillaboom
|turn|3
|
|t:|1750865467
|move|p1a: Levitating|Protect|p1a: Levitating
|-singleturn|p1a: Levitating|Protect
|move|p2b: Rillaboom|Grassy Glide|p1a: Levitating
|-activate|p1a: Levitating|move: Protect
|move|p1b: PrettyPlease|Decorate|p1a: Levitating
|-boost|p1a: Levitating|atk|2
|-boost|p1a: Levitating|spa|2
|move|p2a: Zacian|Behemoth Blade|p1b: PrettyPlease
|-damage|p1b: PrettyPlease|22/100
|
|-heal|p1b: PrettyPlease|28/100|[from] Grassy Terrain
|-heal|p1a: Levitating|45/100|[from] Grassy Terrain
|-heal|p2a: Zacian|80/100|[from] Grassy Terrain
|-damage|p1a: Levitating|32/100|[from] Salt Cure
|-ability|p1b: PrettyPlease|Moody|boost
|-boost|p1b: PrettyPlease|atk|2
|-unboost|p1b: PrettyPlease|spe|1
|upkeep
|turn|4
|inactive|Rusty Old Key has 30 seconds left.
|inactive|Rusty Old Key has 20 seconds left.
|inactive|Rusty Old Key has 15 seconds left.
|
|t:|1750865509
|switch|p2b: Terapagos|Terapagos, L50, M|100/100
|-activate|p2b: Terapagos|ability: Tera Shift
|detailschange|p2b: Terapagos|Terapagos-Terastal, L50, M
|-heal|p2b: Terapagos|100/100|[silent]
|move|p2a: Zacian|Protect|p2a: Zacian
|-singleturn|p2a: Zacian|Protect
|move|p1b: PrettyPlease|Follow Me|p1b: PrettyPlease
|-singleturn|p1b: PrettyPlease|move: Follow Me
|move|p1a: Levitating|Astral Barrage|p2a: Zacian|[spread] 
|-activate|p2a: Zacian|move: Protect
|-immune|p2b: Terapagos
|
|-heal|p1a: Levitating|38/100|[from] Grassy Terrain
|-heal|p1b: PrettyPlease|34/100|[from] Grassy Terrain
|-heal|p2a: Zacian|86/100|[from] Grassy Terrain
|-damage|p1a: Levitating|26/100|[from] Salt Cure
|-ability|p1b: PrettyPlease|Moody|boost
|-boost|p1b: PrettyPlease|spe|2
|-unboost|p1b: PrettyPlease|def|1
|upkeep
|turn|5
|inactive|Rusty Old Key has 30 seconds left.
|inactive|Greghammer has 30 seconds left.
|inactive|Rusty Old Key has 20 seconds left.
|inactive|Greghammer has 20 seconds left.
|inactive|Rusty Old Key has 15 seconds left.
|inactive|Rusty Old Key has 10 seconds left.
|
|t:|1750865557
|move|p2b: Terapagos|Protect|p2b: Terapagos
|-singleturn|p2b: Terapagos|Protect
|move|p1b: PrettyPlease|Spore||[still]
|-fail|p1b: PrettyPlease
|move|p1a: Levitating|Astral Barrage|p2b: Terapagos|[spread] p2a
|-activate|p2b: Terapagos|move: Protect
|-end|p2a: Zacian|Substitute
|-damage|p1a: Levitating|17/100|[from] item: Life Orb
|move|p2a: Zacian|Behemoth Blade|p1b: PrettyPlease
|-damage|p1b: PrettyPlease|0 fnt
|faint|p1b: PrettyPlease
|
|-heal|p1a: Levitating|23/100|[from] Grassy Terrain
|-heal|p2a: Zacian|92/100|[from] Grassy Terrain
|-damage|p1a: Levitating|11/100|[from] Salt Cure
|upkeep
|
|t:|1750865569
|switch|p1b: BreakMyHeart|Chi-Yu, L50|100/100
|-ability|p1b: BreakMyHeart|Beads of Ruin
|turn|6
|inactive|Rusty Old Key has 30 seconds left.
|inactive|Rusty Old Key has 20 seconds left.
|
|t:|1750865604
|-terastallize|p2b: Terapagos|Stellar
|detailschange|p2b: Terapagos|Terapagos-Stellar, L50, M, tera:Stellar
|-heal|p2b: Terapagos|100/100|[silent]
|-ability|p2b: Terapagos|Teraform Zero
|-fieldend|move: Grassy Terrain
|move|p2a: Zacian|Protect|p2a: Zacian
|-singleturn|p2a: Zacian|Protect
|move|p1b: BreakMyHeart|Heat Wave|p2a: Zacian|[spread] p2b
|-activate|p2a: Zacian|move: Protect
|-damage|p2b: Terapagos|67/100
|-status|p2b: Terapagos|brn
|move|p1a: Levitating|Psychic|p2b: Terapagos
|-damage|p2b: Terapagos|0 fnt
|faint|p2b: Terapagos
|detailschange|p2: Terapagos|Terapagos, L50, M|[silent]
|-ability|p1a: Levitating|Grim Neigh|boost
|-boost|p1a: Levitating|spa|1
|-damage|p1a: Levitating|1/100|[from] item: Life Orb
|
|-damage|p1a: Levitating|0 fnt|[from] Salt Cure
|faint|p1a: Levitating
|upkeep
|
|t:|1750865628
|switch|p1a: Hallucinate|Terapagos, L50, M|100/100
|switch|p2b: Rillaboom|Rillaboom, L50, M|100/100
|-activate|p1a: Hallucinate|ability: Tera Shift
|detailschange|p1a: Hallucinate|Terapagos-Terastal, L50, M
|-heal|p1a: Hallucinate|100/100|[silent]
|-fieldstart|move: Grassy Terrain|[from] ability: Grassy Surge|[of] p2b: Rillaboom
|turn|7
|
|t:|1750865643
|-terastallize|p1b: BreakMyHeart|Ghost
|move|p2b: Rillaboom|Fake Out|p1b: BreakMyHeart
|-immune|p1b: BreakMyHeart
|move|p1b: BreakMyHeart|Heat Wave|p2a: Zacian|[spread] p2a,p2b
|-supereffective|p2a: Zacian
|-supereffective|p2b: Rillaboom
|-damage|p2a: Zacian|8/100
|-damage|p2b: Rillaboom|30/100
|move|p2a: Zacian|Play Rough|p1b: BreakMyHeart
|-damage|p1b: BreakMyHeart|0 fnt
|faint|p1b: BreakMyHeart
|move|p1a: Hallucinate|Tera Starstorm|p2b: Rillaboom
|-damage|p2b: Rillaboom|0 fnt
|faint|p2b: Rillaboom
|
|-heal|p2a: Zacian|14/100|[from] Grassy Terrain
|upkeep
|turn|8
|
|t:|1750865659
|move|p2a: Zacian|Behemoth Blade|p1a: Hallucinate
|-activate|p1a: Hallucinate|ability: Tera Shell
|-resisted|p1a: Hallucinate
|-damage|p1a: Hallucinate|60/100
|move|p1a: Hallucinate|Tera Starstorm|p2a: Zacian
|-resisted|p2a: Zacian
|-damage|p2a: Zacian|0 fnt
|faint|p2a: Zacian
|
|win|Greghammer
|raw|Greghammer's rating: 1538 &rarr; <strong>1563</strong><br />(+25 for winning)
|raw|Rusty Old Key's rating: 1622 &rarr; <strong>1597</strong><br />(-25 for losing)
|l|☆Rusty Old Key
|player|p2|
|l|☆Greghammer
|player|p1|
