|j|☆Indigo flask
|j|☆pxrwxhnzwnpy
|t:|1750825222
|gametype|doubles
|player|p1|Indigo flask|101|1283
|player|p2|pxrwxhnzwnpy|2|1375
|teamsize|p1|4
|teamsize|p2|6
|gen|9
|tier|[Gen 9] VGC 2025 Reg I
|rated|
|rule|Species Clause: Limit one of each Pokémon
|rule|Item Clause: Limit 1 of each item
|clearpoke
|poke|p1|Smeargle, L50, F|
|poke|p1|Koraidon, L50|
|poke|p1|Terapagos, L50, M|
|poke|p1|Indeedee-F, L50, F|
|poke|p2|Rayquaza, L50|
|poke|p2|Chien-Pao, L50|
|poke|p2|Lunala, L50|
|poke|p2|Brute Bonnet, L50|
|poke|p2|Farigiraf, L50, M|
|poke|p2|Incineroar, L50, M|
|teampreview|4
|
|t:|1750825255
|start
|switch|p1a: Smeargle|Smeargle, L50, F, shiny|100/100
|switch|p1b: Terapagos|Terapagos, L50, M|100/100
|switch|p2a: Lunala|Lunala, L50|100/100
|switch|p2b: Farigiraf|Farigiraf, L50, M, shiny|100/100
|-activate|p1b: Terapagos|ability: Tera Shift
|detailschange|p1b: Terapagos|Terapagos-Terastal, L50, M
|-heal|p1b: Terapagos|100/100|[silent]
|turn|1
|
|t:|1750825279
|move|p1a: Smeargle|Decorate|p1b: Terapagos
|-boost|p1b: Terapagos|atk|2
|-boost|p1b: Terapagos|spa|2
|move|p1b: Terapagos|Dark Pulse|p2b: Farigiraf
|-supereffective|p2b: Farigiraf
|-damage|p2b: Farigiraf|0 fnt
|faint|p2b: Farigiraf
|move|p2a: Lunala|Meteor Beam||[still]
|-prepare|p2a: Lunala|Meteor Beam
|-boost|p2a: Lunala|spa|1
|-enditem|p2a: Lunala|Power Herb
|-anim|p2a: Lunala|Meteor Beam|p1a: Smeargle
|-damage|p1a: Smeargle|0 fnt
|faint|p1a: Smeargle
|
|upkeep
|inactive|Battle timer is ON: inactive players will automatically lose when time's up. (requested by pxrwxhnzwnpy)
|
|t:|1750825296
|switch|p1a: Koraidon|Koraidon, L50|100/100
|switch|p2b: Rayquaza|Rayquaza, L50|100/100
|-weather|SunnyDay|[from] ability: Orichalcum Pulse|[of] p1a: Koraidon
|-activate|p1a: Koraidon|Orichalcum Pulse|[source]
|-ability|p2b: Rayquaza|Air Lock
|turn|2
|inactive|pxrwxhnzwnpy has 30 seconds left.
|
|t:|1750825325
|-terastallize|p1a: Koraidon|Fire
|-terastallize|p2a: Lunala|Fairy
|move|p2b: Rayquaza|Protect|p2b: Rayquaza
|-singleturn|p2b: Rayquaza|Protect
|move|p1a: Koraidon|Flame Charge|p2a: Lunala
|-damage|p2a: Lunala|87/100
|-boost|p1a: Koraidon|spe|1
|move|p1b: Terapagos|Dark Pulse|p2a: Lunala
|-resisted|p2a: Lunala
|-damage|p2a: Lunala|65/100
|move|p2a: Lunala|Dazzling Gleam|p1b: Terapagos|[spread] p1a,p1b
|-resisted|p1a: Koraidon
|-crit|p1a: Koraidon
|-activate|p1b: Terapagos|ability: Tera Shell
|-resisted|p1b: Terapagos
|-damage|p1a: Koraidon|62/100
|-damage|p1b: Terapagos|76/100
|
|-weather|SunnyDay|[upkeep]
|upkeep
|turn|3
|inactive|Indigo flask has 30 seconds left.
|
|t:|1750825353
|move|p2b: Rayquaza|Extreme Speed|p1a: Koraidon
|-damage|p1a: Koraidon|32/100
|move|p1a: Koraidon|Flare Blitz|p2a: Lunala
|-damage|p2a: Lunala|14/100
|-damage|p1a: Koraidon|9/100|[from] Recoil
|move|p1b: Terapagos|Dark Pulse|p2b: Rayquaza
|-damage|p2b: Rayquaza|35/100
|move|p2a: Lunala|Dazzling Gleam|p1a: Koraidon|[spread] p1a,p1b
|-resisted|p1a: Koraidon
|-damage|p1a: Koraidon|0 fnt
|-damage|p1b: Terapagos|28/100
|faint|p1a: Koraidon
|
|-weather|SunnyDay|[upkeep]
|upkeep
|
|t:|1750825363
|switch|p1a: Indeedee|Indeedee-F, L50, F|100/100
|-fieldstart|move: Psychic Terrain|[from] ability: Psychic Surge|[of] p1a: Indeedee
|-enditem|p1a: Indeedee|Psychic Seed
|-boost|p1a: Indeedee|spd|1|[from] item: Psychic Seed
|turn|4
|
|t:|1750825383
|move|p2b: Rayquaza|Protect|p2b: Rayquaza
|-singleturn|p2b: Rayquaza|Protect
|move|p1b: Terapagos|Dark Pulse|p2a: Lunala
|-resisted|p2a: Lunala
|-crit|p2a: Lunala
|-damage|p2a: Lunala|0 fnt
|faint|p2a: Lunala
|move|p1a: Indeedee|Trick Room|p1a: Indeedee
|-fieldstart|move: Trick Room|[of] p1a: Indeedee
|
|-weather|SunnyDay|[upkeep]
|upkeep
|
|t:|1750825389
|switch|p2a: Chien-Pao|Chien-Pao, L50|100/100
|-ability|p2a: Chien-Pao|Sword of Ruin
|turn|5
|
|t:|1750825399
|move|p1a: Indeedee|Alluring Voice|p2a: Chien-Pao
|-supereffective|p2a: Chien-Pao
|-damage|p2a: Chien-Pao|41/100
|move|p2b: Rayquaza|Dragon Ascent|p1b: Terapagos
|-damage|p1b: Terapagos|0 fnt
|-unboost|p2b: Rayquaza|def|1
|-unboost|p2b: Rayquaza|spd|1
|faint|p1b: Terapagos
|move|p2a: Chien-Pao|Ice Spinner|p1a: Indeedee
|-damage|p1a: Indeedee|53/100
|-fieldend|move: Psychic Terrain
|
|-weather|SunnyDay|[upkeep]
|upkeep
|turn|6
|
|t:|1750825413
|move|p2a: Chien-Pao|Sucker Punch|p1a: Indeedee
|-supereffective|p1a: Indeedee
|-damage|p1a: Indeedee|0 fnt
|faint|p1a: Indeedee
|
|win|pxrwxhnzwnpy
|raw|Indigo flask's rating: 1283 &rarr; <strong>1264</strong><br />(-19 for losing)
|raw|pxrwxhnzwnpy's rating: 1375 &rarr; <strong>1390</strong><br />(+15 for winning)
|l|☆Indigo flask
|player|p1|
|l|☆pxrwxhnzwnpy
|player|p2|
