|j|☆Crustle48
|j|☆Isegrimm
|t:|1750834969
|gametype|doubles
|player|p1|Crustle48|169|1241
|player|p2|Isegrimm|gambler|1216
|teamsize|p1|6
|teamsize|p2|6
|gen|9
|tier|[Gen 9] VGC 2025 Reg I
|rated|
|rule|Species Clause: Limit one of each Pokémon
|rule|Item Clause: Limit 1 of each item
|clearpoke
|poke|p1|Terapagos, L50, M|
|poke|p1|Tornadus, L50, M|
|poke|p1|Lunala, L50|
|poke|p1|Sinistcha, L50|
|poke|p1|Landorus, L50, M|
|poke|p1|Chien-Pao, L50|
|poke|p2|Ceruledge, L50, M|
|poke|p2|Zebstrika, L50, F|
|poke|p2|Kyogre, L50|
|poke|p2|Iron Jugulis, L50|
|poke|p2|Amoonguss, L50, M|
|poke|p2|Zamazenta-*, L50|
|teampreview|4
|inactive|Battle timer is ON: inactive players will automatically lose when time's up. (requested by Isegrimm)
|
|t:|1750835007
|start
|switch|p1a: Sinistcha|Sinistcha, L50|100/100
|switch|p1b: Lunala|Lunala, L50|100/100
|switch|p2a: Iron Jugulis|Iron Jugulis, L50, shiny|100/100
|switch|p2b: Kyogre|Kyogre, L50|100/100
|-weather|RainDance|[from] ability: Drizzle|[of] p2b: Kyogre
|-enditem|p2a: Iron Jugulis|Booster Energy
|-activate|p2a: Iron Jugulis|ability: Quark Drive|[fromitem]
|-start|p2a: Iron Jugulis|quarkdrivespe
|turn|1
|inactive|Isegrimm has 30 seconds left.
|
|t:|1750835037
|-terastallize|p2b: Kyogre|Normal
|move|p2a: Iron Jugulis|Taunt|p1a: Sinistcha
|-start|p1a: Sinistcha|move: Taunt
|move|p2b: Kyogre|Water Spout|p1b: Lunala|[spread] p1a,p1b
|-resisted|p1a: Sinistcha
|-crit|p1b: Lunala
|-damage|p1a: Sinistcha|37/100
|-damage|p1b: Lunala|62/100
|-enditem|p1a: Sinistcha|Sitrus Berry|[eat]
|-heal|p1a: Sinistcha|62/100|[from] item: Sitrus Berry
|move|p1a: Sinistcha|Matcha Gotcha|p2b: Kyogre|[spread] p2a,p2b
|-resisted|p2a: Iron Jugulis
|-crit|p2b: Kyogre
|-damage|p2a: Iron Jugulis|88/100
|-heal|p1a: Sinistcha|68/100|[from] drain|[of] p2a: Iron Jugulis
|-damage|p2b: Kyogre|81/100
|-heal|p1a: Sinistcha|78/100|[from] drain|[of] p2b: Kyogre
|-status|p2a: Iron Jugulis|brn
|move|p1b: Lunala|Trick Room|p1b: Lunala
|-fieldstart|move: Trick Room|[of] p1b: Lunala
|
|-weather|RainDance|[upkeep]
|-heal|p1b: Lunala|68/100|[from] item: Leftovers
|-damage|p2a: Iron Jugulis|82/100 brn|[from] brn
|upkeep
|turn|2
|inactive|Isegrimm has 30 seconds left.
|
|t:|1750835071
|move|p1b: Lunala|Wide Guard|p1b: Lunala
|-singleturn|p1b: Lunala|Wide Guard
|move|p1a: Sinistcha|Matcha Gotcha|p2a: Iron Jugulis|[spread] p2a,p2b
|-resisted|p2a: Iron Jugulis
|-damage|p2a: Iron Jugulis|70/100 brn
|-heal|p1a: Sinistcha|85/100|[from] drain|[of] p2a: Iron Jugulis
|-damage|p2b: Kyogre|69/100
|-heal|p1a: Sinistcha|91/100|[from] drain|[of] p2b: Kyogre
|move|p2b: Kyogre|Hydro Pump|p1b: Lunala|[miss]
|-miss|p2b: Kyogre|p1b: Lunala
|move|p2a: Iron Jugulis|Air Slash|p1a: Sinistcha|[miss]
|-miss|p2a: Iron Jugulis|p1a: Sinistcha
|
|-weather|RainDance|[upkeep]
|-heal|p1b: Lunala|74/100|[from] item: Leftovers
|-damage|p2a: Iron Jugulis|63/100 brn|[from] brn
|upkeep
|turn|3
|inactive|Crustle48 has 30 seconds left.
|
|t:|1750835103
|move|p1b: Lunala|Helping Hand|p1a: Sinistcha
|-singleturn|p1a: Sinistcha|Helping Hand|[of] p1b: Lunala
|move|p1a: Sinistcha|Matcha Gotcha|p2a: Iron Jugulis|[spread] p2a,p2b
|-resisted|p2a: Iron Jugulis
|-crit|p2b: Kyogre
|-damage|p2a: Iron Jugulis|44/100 brn
|-heal|p1a: Sinistcha|100/100|[from] drain|[of] p2a: Iron Jugulis
|-damage|p2b: Kyogre|40/100
|move|p2b: Kyogre|Hydro Pump|p1b: Lunala
|-damage|p1b: Lunala|25/100
|move|p2a: Iron Jugulis|Air Slash|p1a: Sinistcha
|-supereffective|p1a: Sinistcha
|-damage|p1a: Sinistcha|20/100
|
|-weather|RainDance|[upkeep]
|-heal|p1b: Lunala|31/100|[from] item: Leftovers
|-damage|p2a: Iron Jugulis|38/100 brn|[from] brn
|-end|p1a: Sinistcha|move: Taunt
|upkeep
|turn|4
|inactive|Crustle48 has 30 seconds left.
|inactive|Isegrimm has 30 seconds left.
|
|t:|1750835137
|switch|p1b: Terapagos|Terapagos, L50, M|100/100
|-activate|p1b: Terapagos|ability: Tera Shift
|detailschange|p1b: Terapagos|Terapagos-Terastal, L50, M
|-heal|p1b: Terapagos|100/100|[silent]
|move|p1a: Sinistcha|Protect|p1a: Sinistcha
|-singleturn|p1a: Sinistcha|Protect
|move|p2b: Kyogre|Thunder|p1b: Terapagos
|-activate|p1b: Terapagos|ability: Tera Shell
|-resisted|p1b: Terapagos
|-damage|p1b: Terapagos|84/100
|move|p2a: Iron Jugulis|Air Slash|p1a: Sinistcha
|-activate|p1a: Sinistcha|move: Protect
|
|-weather|RainDance|[upkeep]
|-damage|p2a: Iron Jugulis|31/100 brn|[from] brn
|upkeep
|turn|5
|inactive|Isegrimm has 30 seconds left.
|
|t:|1750835170
|move|p1a: Sinistcha|Life Dew|p1a: Sinistcha|[spread] p1a,p1b
|-heal|p1a: Sinistcha|45/100
|-heal|p1b: Terapagos|100/100
|move|p1b: Terapagos|Meteor Beam||[still]
|-prepare|p1b: Terapagos|Meteor Beam
|-boost|p1b: Terapagos|spa|1
|-enditem|p1b: Terapagos|Power Herb
|-anim|p1b: Terapagos|Meteor Beam|p2a: Iron Jugulis
|-supereffective|p2a: Iron Jugulis
|-damage|p2a: Iron Jugulis|0 fnt
|faint|p2a: Iron Jugulis
|-end|p2a: Iron Jugulis|Quark Drive|[silent]
|move|p2b: Kyogre|Thunder|p1b: Terapagos
|-activate|p1b: Terapagos|ability: Tera Shell
|-resisted|p1b: Terapagos
|-damage|p1b: Terapagos|83/100
|
|-weather|none
|-fieldend|move: Trick Room
|upkeep
|
|t:|1750835191
|switch|p2a: Zamazenta|Zamazenta-Crowned, L50|100/100
|-ability|p2a: Zamazenta|Dauntless Shield|boost
|-boost|p2a: Zamazenta|def|1
|turn|6
|
|t:|1750835209
|move|p1b: Terapagos|Protect|p1b: Terapagos
|-singleturn|p1b: Terapagos|Protect
|move|p2b: Kyogre|Ice Beam|p1a: Sinistcha
|-supereffective|p1a: Sinistcha
|-damage|p1a: Sinistcha|0 fnt
|faint|p1a: Sinistcha
|move|p2a: Zamazenta|Body Press|p1b: Terapagos
|-activate|p1b: Terapagos|move: Protect
|
|upkeep
|
|t:|1750835220
|switch|p1a: Lunala|Lunala, L50|31/100
|turn|7
|
|t:|1750835239
|move|p2b: Kyogre|Thunder|p1a: Lunala|[miss]
|-miss|p2b: Kyogre|p1a: Lunala
|move|p2a: Zamazenta|Body Press|p1b: Terapagos
|-supereffective|p1b: Terapagos
|-damage|p1b: Terapagos|0 fnt
|faint|p1b: Terapagos
|move|p1a: Lunala|Trick Room|p1a: Lunala
|-fieldstart|move: Trick Room|[of] p1a: Lunala
|
|-heal|p1a: Lunala|37/100|[from] item: Leftovers
|upkeep
|
|t:|1750835245
|switch|p1b: Landorus|Landorus, L50, M|100/100
|turn|8
|
|t:|1750835261
|-terastallize|p1b: Landorus|Ground
|move|p2a: Zamazenta|Protect|p2a: Zamazenta
|-singleturn|p2a: Zamazenta|Protect
|move|p1a: Lunala|Moongeist Beam|p2a: Zamazenta
|-activate|p2a: Zamazenta|move: Protect
|move|p1b: Landorus|Sandsear Storm|p2b: Kyogre|[spread] p2b
|-activate|p2a: Zamazenta|move: Protect
|-damage|p2b: Kyogre|0 fnt
|faint|p2b: Kyogre
|
|-heal|p1a: Lunala|43/100|[from] item: Leftovers
|upkeep
|
|t:|1750835277
|switch|p2b: Ceruledge|Ceruledge, L50, M, shiny|100/100
|turn|9
|
|t:|1750835290
|move|p2b: Ceruledge|Shadow Sneak|p1a: Lunala
|-supereffective|p1a: Lunala
|-damage|p1a: Lunala|0 fnt
|faint|p1a: Lunala
|-damage|p2b: Ceruledge|91/100|[from] item: Life Orb
|move|p2a: Zamazenta|Body Press|p1b: Landorus
|-damage|p1b: Landorus|25/100
|move|p1b: Landorus|Sandsear Storm|p2a: Zamazenta|[spread] p2a,p2b
|-supereffective|p2a: Zamazenta
|-supereffective|p2b: Ceruledge
|-damage|p2a: Zamazenta|0 fnt
|-damage|p2b: Ceruledge|0 fnt
|faint|p2a: Zamazenta
|faint|p2b: Ceruledge
|
|win|Crustle48
|raw|Crustle48's rating: 1241 &rarr; <strong>1264</strong><br />(+23 for winning)
|raw|Isegrimm's rating: 1216 &rarr; <strong>1193</strong><br />(-23 for losing)
|l|☆Isegrimm
|player|p2|
|l|☆Crustle48
|player|p1|
