|j|☆condret
|j|☆betocamr
|t:|1750711461
|gametype|doubles
|player|p1|condret|1|1115
|player|p2|betocamr|265|1091
|teamsize|p1|6
|teamsize|p2|6
|gen|9
|tier|[Gen 9] VGC 2025 Reg I
|rated|
|rule|Species Clause: Limit one of each Pokémon
|rule|Item Clause: Limit 1 of each item
|clearpoke
|poke|p1|Miraidon, L50|
|poke|p1|Entei, L50|
|poke|p1|Gastrodon-East, L50, F|
|poke|p1|Grimmsnarl, L50, M|
|poke|p1|Lunala, L50|
|poke|p1|Conkeldurr, L50, F|
|poke|p2|Furret, L50, M|
|poke|p2|Calyrex-Ice, L50|
|poke|p2|Meganium, L50, M|
|poke|p2|Groudon, L50|
|poke|p2|Incineroar, L50, M|
|poke|p2|Flutter Mane, L50|
|teampreview|4
|
|t:|1750711512
|start
|switch|p1a: Grimmsnarl|Grimmsnarl, L50, M|100/100
|switch|p1b: Entei|Entei, L50|100/100
|switch|p2a: Incineroar|Incineroar, L50, M|100/100
|switch|p2b: Calyrex|Calyrex-Ice, L50|100/100
|-ability|p2b: Calyrex|As One
|-ability|p2b: Calyrex|Unnerve
|-ability|p2a: Incineroar|Intimidate|boost
|-unboost|p1a: Grimmsnarl|atk|1
|-fail|p1b: Entei|unboost|Attack|[from] ability: Inner Focus|[of] p1b: Entei
|turn|1
|
|t:|1750711561
|-terastallize|p2b: Calyrex|Fire
|move|p1a: Grimmsnarl|Fake Out|p2b: Calyrex
|-damage|p2b: Calyrex|96/100
|move|p1b: Entei|Sacred Fire|p2b: Calyrex
|-resisted|p2b: Calyrex
|-damage|p2b: Calyrex|80/100
|move|p2a: Incineroar|Flare Blitz|p1a: Grimmsnarl
|-damage|p1a: Grimmsnarl|53/100
|-damage|p2a: Incineroar|85/100|[from] Recoil
|move|p2b: Calyrex|Glacial Lance|p1a: Grimmsnarl|[spread] p1a,p1b
|-resisted|p1b: Entei
|-damage|p1a: Grimmsnarl|2/100
|-damage|p1b: Entei|75/100
|
|-heal|p1b: Entei|81/100|[from] item: Leftovers
|upkeep
|turn|2
|
|t:|1750711595
|move|p1b: Entei|Protect|p1b: Entei
|-singleturn|p1b: Entei|Protect
|move|p2b: Calyrex|Protect|p2b: Calyrex
|-singleturn|p2b: Calyrex|Protect
|move|p1a: Grimmsnarl|Trick|p2b: Calyrex
|-activate|p2b: Calyrex|move: Protect
|move|p2a: Incineroar|Flare Blitz|p1a: Grimmsnarl
|-damage|p1a: Grimmsnarl|0 fnt
|faint|p1a: Grimmsnarl
|-damage|p2a: Incineroar|84/100|[from] Recoil
|
|-heal|p1b: Entei|86/100|[from] item: Leftovers
|upkeep
|
|t:|1750711609
|switch|p1a: Lunala|Lunala, L50, shiny|100/100
|turn|3
|
|t:|1750711633
|-terastallize|p1a: Lunala|Rock
|move|p1b: Entei|Substitute|p1b: Entei
|-start|p1b: Entei|Substitute
|-damage|p1b: Entei|62/100
|move|p1a: Lunala|Meteor Beam||[still]
|-prepare|p1a: Lunala|Meteor Beam
|-boost|p1a: Lunala|spa|1
|-enditem|p1a: Lunala|Power Herb
|-anim|p1a: Lunala|Meteor Beam|p2b: Calyrex
|-supereffective|p2b: Calyrex
|-damage|p2b: Calyrex|0 fnt
|faint|p2b: Calyrex
|move|p2a: Incineroar|Knock Off|p1a: Lunala
|-damage|p1a: Lunala|91/100
|
|-heal|p1b: Entei|67/100|[from] item: Leftovers
|upkeep
|
|t:|1750711649
|switch|p2b: Groudon|Groudon, L50|100/100
|-weather|SunnyDay|[from] ability: Drought|[of] p2b: Groudon
|turn|4
|
|t:|1750711663
|move|p1a: Lunala|Wide Guard|p1a: Lunala
|-singleturn|p1a: Lunala|Wide Guard
|move|p1b: Entei|Sacred Fire|p2b: Groudon
|-damage|p2b: Groudon|32/100
|-status|p2b: Groudon|brn
|move|p2b: Groudon|Earth Power|p1b: Entei
|-supereffective|p1b: Entei
|-end|p1b: Entei|Substitute
|move|p2a: Incineroar|Parting Shot|p1a: Lunala
|-unboost|p1a: Lunala|atk|1
|-unboost|p1a: Lunala|spa|1
|
|t:|1750711679
|switch|p2a: Meganium|Meganium, L50, M|100/100|[from] Parting Shot
|
|-weather|SunnyDay|[upkeep]
|-heal|p1b: Entei|73/100|[from] item: Leftovers
|-damage|p2b: Groudon|26/100 brn|[from] brn
|upkeep
|turn|5
|
|t:|1750711702
|switch|p1a: Miraidon|Miraidon, L50|100/100
|-fieldstart|move: Electric Terrain|[from] ability: Hadron Engine|[of] p1a: Miraidon
|switch|p2b: Incineroar|Incineroar, L50, M|84/100
|-ability|p2b: Incineroar|Intimidate|boost
|-unboost|p1a: Miraidon|atk|1
|-fail|p1b: Entei|unboost|Attack|[from] ability: Inner Focus|[of] p1b: Entei
|move|p2a: Meganium|Protect|p2a: Meganium
|-singleturn|p2a: Meganium|Protect
|move|p1b: Entei|Sacred Fire|p2b: Incineroar|[miss]
|-miss|p1b: Entei|p2b: Incineroar
|
|-weather|SunnyDay|[upkeep]
|-heal|p1b: Entei|79/100|[from] item: Leftovers
|upkeep
|turn|6
|
|t:|1750711740
|switch|p2b: Groudon|Groudon, L50|26/100 brn
|move|p1a: Miraidon|Volt Switch|p2a: Meganium
|-resisted|p2a: Meganium
|-damage|p2a: Meganium|75/100
|
|t:|1750711746
|switch|p1a: Lunala|Lunala, L50, shiny, tera:Rock|91/100|[from] Volt Switch
|move|p1b: Entei|Sacred Fire|p2a: Meganium
|-supereffective|p2a: Meganium
|-damage|p2a: Meganium|0 fnt
|faint|p2a: Meganium
|
|-weather|SunnyDay|[upkeep]
|-heal|p1b: Entei|85/100|[from] item: Leftovers
|-damage|p2b: Groudon|20/100 brn|[from] brn
|upkeep
|-message|betocamr forfeited.
|
|win|condret
|raw|condret's rating: 1115 &rarr; <strong>1138</strong><br />(+23 for winning)
|raw|betocamr's rating: 1091 &rarr; <strong>1069</strong><br />(-22 for losing)
|l|☆betocamr
|player|p2|
|l|☆condret
|player|p1|
