|j|☆GooglyOogly
|j|☆NegaiFreak
|t:|1750787494
|gametype|doubles
|player|p1|GooglyOogly|265|1461
|player|p2|NegaiFreak|169|1468
|teamsize|p1|6
|teamsize|p2|6
|gen|9
|tier|[Gen 9] VGC 2025 Reg I
|rated|
|rule|Species Clause: Limit one of each Pokémon
|rule|Item Clause: Limit 1 of each item
|clearpoke
|poke|p1|Smeargle, L50, M|
|poke|p1|Miraidon, L50|
|poke|p1|Annihilape, L50, M|
|poke|p1|Calyrex-Shadow, L50|
|poke|p1|Incineroar, L50, M|
|poke|p1|Whimsicott, L50, M|
|poke|p2|Lunala, L50|
|poke|p2|Koraidon, L50|
|poke|p2|Flutter Mane, L50|
|poke|p2|Farigiraf, L50, F|
|poke|p2|Incineroar, L50, F|
|poke|p2|Rillaboom, L50, F|
|teampreview|4
|inactive|Battle timer is ON: inactive players will automatically lose when time's up. (requested by GooglyOogly)
NegaiFreak has agreed to open team sheets.
|c|☆NegaiFreak|GLHF
|inactive|GooglyOogly has 60 seconds left.
|
|t:|1750787544
|start
|switch|p1a: Annihilape|Annihilape, L50, M|100/100
|switch|p1b: Smeargle|Smeargle, L50, M|100/100
|switch|p2a: Lunala|Lunala, L50|100/100
|switch|p2b: Rillaboom|Rillaboom, L50, F|100/100
|-fieldstart|move: Grassy Terrain|[from] ability: Grassy Surge|[of] p2b: Rillaboom
|turn|1
|inactive|GooglyOogly has 30 seconds left.
|
|t:|1750787573
|-terastallize|p2a: Lunala|Water
|move|p1b: Smeargle|Fake Out|p2b: Rillaboom
|-damage|p2b: Rillaboom|94/100
|cant|p2b: Rillaboom|flinch
|move|p1a: Annihilape|U-turn|p2a: Lunala
|-damage|p2a: Lunala|94/100
|
|t:|1750787580
|switch|p1a: Incineroar|Incineroar, L50, M|100/100|[from] U-turn
|-ability|p1a: Incineroar|Intimidate|boost
|-unboost|p2a: Lunala|atk|1
|-unboost|p2b: Rillaboom|atk|1
|move|p2a: Lunala|Calm Mind|p2a: Lunala
|-boost|p2a: Lunala|spa|1
|-boost|p2a: Lunala|spd|1
|
|-heal|p2a: Lunala|100/100|[from] Grassy Terrain
|-heal|p2b: Rillaboom|99/100|[from] Grassy Terrain
|upkeep
|turn|2
|
|t:|1750787601
|switch|p2b: Farigiraf|Farigiraf, L50, F|100/100
|move|p1a: Incineroar|Fake Out||[still]
|cant|p2b: Farigiraf|ability: Armor Tail|Fake Out|[of] p1a: Incineroar
|move|p1b: Smeargle|Spore|p2a: Lunala
|-status|p2a: Lunala|slp|[from] move: Spore
|cant|p2a: Lunala|slp
|
|upkeep
|turn|3
|
|t:|1750787615
|move|p1b: Smeargle|Spore|p2b: Farigiraf
|-status|p2b: Farigiraf|slp|[from] move: Spore
|cant|p2a: Lunala|slp
|move|p1a: Incineroar|Knock Off|p2a: Lunala
|-crit|p2a: Lunala
|-damage|p2a: Lunala|76/100 slp
|-enditem|p2a: Lunala|Leftovers|[from] move: Knock Off|[of] p1a: Incineroar
|cant|p2b: Farigiraf|slp
|
|-heal|p2a: Lunala|82/100 slp|[from] Grassy Terrain
|upkeep
|turn|4
|
|t:|1750787637
|switch|p1b: Annihilape|Annihilape, L50, M|100/100
|cant|p2b: Farigiraf|slp
|cant|p2a: Lunala|slp
|move|p1a: Incineroar|Knock Off|p2b: Farigiraf
|-supereffective|p2b: Farigiraf
|-damage|p2b: Farigiraf|31/100 slp
|-enditem|p2b: Farigiraf|Throat Spray|[from] move: Knock Off|[of] p1a: Incineroar
|
|-heal|p2a: Lunala|88/100 slp|[from] Grassy Terrain
|-heal|p2b: Farigiraf|37/100 slp|[from] Grassy Terrain
|upkeep
|turn|5
|
|t:|1750787654
|-curestatus|p2b: Farigiraf|slp|[msg]
|move|p2b: Farigiraf|Helping Hand|p2a: Lunala
|-singleturn|p2a: Lunala|Helping Hand|[of] p2b: Farigiraf
|move|p1b: Annihilape|Final Gambit|p2a: Lunala
|-damage|p2a: Lunala|0 fnt
|faint|p1b: Annihilape
|faint|p2a: Lunala
|move|p1a: Incineroar|Knock Off|p2b: Farigiraf
|-supereffective|p2b: Farigiraf
|-damage|p2b: Farigiraf|0 fnt
|faint|p2b: Farigiraf
|
|-fieldend|move: Grassy Terrain
|upkeep
|
|t:|1750787668
|switch|p1b: Smeargle|Smeargle, L50, M|100/100
|switch|p2a: Rillaboom|Rillaboom, L50, F|99/100
|switch|p2b: Koraidon|Koraidon, L50|100/100
|-weather|SunnyDay|[from] ability: Orichalcum Pulse|[of] p2b: Koraidon
|-activate|p2b: Koraidon|Orichalcum Pulse|[source]
|-fieldstart|move: Grassy Terrain|[from] ability: Grassy Surge|[of] p2a: Rillaboom
|turn|6
|
|t:|1750787691
|switch|p1a: Calyrex|Calyrex-Shadow, L50|100/100
|-ability|p1a: Calyrex|As One
|-ability|p1a: Calyrex|Unnerve
|move|p1b: Smeargle|Fake Out|p2b: Koraidon
|-damage|p2b: Koraidon|92/100
|move|p2a: Rillaboom|Fake Out|p1a: Calyrex
|-immune|p1a: Calyrex
|cant|p2b: Koraidon|flinch
|
|-weather|SunnyDay|[upkeep]
|-heal|p2b: Koraidon|98/100|[from] Grassy Terrain
|-heal|p2a: Rillaboom|100/100|[from] Grassy Terrain
|upkeep
|turn|7
|inactive|NegaiFreak has 30 seconds left.
|
|t:|1750787717
|move|p1a: Calyrex|Protect|p1a: Calyrex
|-singleturn|p1a: Calyrex|Protect
|move|p2b: Koraidon|Protect|p2b: Koraidon
|-singleturn|p2b: Koraidon|Protect
|move|p2a: Rillaboom|Grassy Glide|p1b: Smeargle
|-damage|p1b: Smeargle|34/100
|move|p1b: Smeargle|Decorate|p1a: Calyrex
|-boost|p1a: Calyrex|atk|2
|-boost|p1a: Calyrex|spa|2
|
|-weather|SunnyDay|[upkeep]
|-heal|p2b: Koraidon|100/100|[from] Grassy Terrain
|-heal|p1b: Smeargle|40/100|[from] Grassy Terrain
|upkeep
|turn|8
|inactive|NegaiFreak has 30 seconds left.
|
|t:|1750787743
|move|p1b: Smeargle|Follow Me|p1b: Smeargle
|-singleturn|p1b: Smeargle|move: Follow Me
|move|p2a: Rillaboom|Grassy Glide|p1b: Smeargle
|-damage|p1b: Smeargle|0 fnt
|faint|p1b: Smeargle
|move|p1a: Calyrex|Astral Barrage|p2b: Koraidon|[spread] p2a,p2b
|-damage|p2a: Rillaboom|3/100
|-damage|p2b: Koraidon|0 fnt
|faint|p2b: Koraidon
|-ability|p1a: Calyrex|Grim Neigh|boost
|-boost|p1a: Calyrex|spa|1
|-damage|p1a: Calyrex|91/100|[from] item: Life Orb
|
|-weather|SunnyDay|[upkeep]
|-heal|p1a: Calyrex|97/100|[from] Grassy Terrain
|-heal|p2a: Rillaboom|9/100|[from] Grassy Terrain
|upkeep
|
|t:|1750787757
|switch|p1b: Incineroar|Incineroar, L50, M|100/100
|-ability|p1b: Incineroar|Intimidate|boost
|-unboost|p2a: Rillaboom|atk|1
|turn|9
|c|☆NegaiFreak|GG, WP
|c|☆GooglyOogly|GG
|-message|NegaiFreak forfeited.
|
|win|GooglyOogly
|raw|GooglyOogly's rating: 1461 &rarr; <strong>1481</strong><br />(+20 for winning)
|raw|NegaiFreak's rating: 1468 &rarr; <strong>1448</strong><br />(-20 for losing)
