|j|☆Npc red panther
|j|☆fskhan
|t:|1750874275
|gametype|doubles
|player|p1|Npc red panther|170|1480
|player|p2|fskhan|2|1432
|teamsize|p1|6
|teamsize|p2|6
|gen|9
|tier|[Gen 9] VGC 2025 Reg I
|rated|
|rule|Species Clause: Limit one of each Pokémon
|rule|Item Clause: Limit 1 of each item
|clearpoke
|poke|p1|Smeargle, L50, M|
|poke|p1|Calyrex-Ice, L50|
|poke|p1|Rillaboom, L50, F|
|poke|p1|Ditto, L50|
|poke|p1|Grimmsnarl, L50, M|
|poke|p1|Miraidon, L50|
|poke|p2|Calyrex-Ice, L50|
|poke|p2|Iron Valiant, L50|
|poke|p2|Miraidon, L50|
|poke|p2|Ninetales-Alola, L50, F|
|poke|p2|Incineroar, L50, F|
|poke|p2|Farigiraf, L50, M|
|teampreview|4
|inactive|Battle timer is ON: inactive players will automatically lose when time's up. (requested by fskhan)
fskhan rejected open team sheets.
|
|t:|1750874301
|start
|switch|p1a: Smeargle|Smeargle, L50, M|100/100
|switch|p1b: Calyrex|Calyrex-Ice, L50|100/100
|switch|p2a: Incineroar|Incineroar, L50, F|100/100
|switch|p2b: Ninetales|Ninetales-Alola, L50, F|100/100
|-ability|p1b: Calyrex|As One
|-ability|p1b: Calyrex|Unnerve
|-weather|Snowscape|[from] ability: Snow Warning|[of] p2b: Ninetales
|-ability|p2a: Incineroar|Intimidate|boost
|-unboost|p1a: Smeargle|atk|1
|-unboost|p1b: Calyrex|atk|1
|turn|1
|j| Im999
|l| Im999
|
|t:|1750874321
|-terastallize|p1b: Calyrex|Fire
|move|p2b: Ninetales|Aurora Veil|p2b: Ninetales
|-sidestart|p2: fskhan|move: Aurora Veil
|move|p1a: Smeargle|Decorate|p1b: Calyrex
|-boost|p1b: Calyrex|atk|2
|-boost|p1b: Calyrex|spa|2
|move|p2a: Incineroar|Knock Off|p1b: Calyrex
|-crit|p1b: Calyrex
|-damage|p1b: Calyrex|62/100
|-enditem|p1b: Calyrex|Leftovers|[from] move: Knock Off|[of] p2a: Incineroar
|move|p1b: Calyrex|Leech Seed|p2a: Incineroar
|-start|p2a: Incineroar|move: Leech Seed
|
|-weather|Snowscape|[upkeep]
|-damage|p2a: Incineroar|88/100|[from] Leech Seed|[of] p1b: Calyrex
|-heal|p1b: Calyrex|74/100|[silent]
|-ability|p1a: Smeargle|Moody|boost
|-boost|p1a: Smeargle|spa|2
|-unboost|p1a: Smeargle|atk|1
|upkeep
|turn|2
|
|t:|1750874338
|move|p2b: Ninetales|Blizzard|p1b: Calyrex|[spread] p1a,p1b
|-resisted|p1b: Calyrex
|-damage|p1a: Smeargle|15/100
|-damage|p1b: Calyrex|64/100
|move|p1a: Smeargle|Decorate|p1b: Calyrex
|-boost|p1b: Calyrex|atk|2
|-boost|p1b: Calyrex|spa|2
|move|p2a: Incineroar|Parting Shot|p1b: Calyrex
|-unboost|p1b: Calyrex|atk|1
|-unboost|p1b: Calyrex|spa|1
|
|t:|1750874348
|switch|p2a: Calyrex|Calyrex-Ice, L50|100/100|[from] Parting Shot
|-ability|p2a: Calyrex|As One
|-ability|p2a: Calyrex|Unnerve
|move|p1b: Calyrex|Leech Seed|p2b: Ninetales
|-start|p2b: Ninetales|move: Leech Seed
|
|-weather|Snowscape|[upkeep]
|-damage|p2b: Ninetales|88/100|[from] Leech Seed|[of] p1b: Calyrex
|-heal|p1b: Calyrex|73/100|[silent]
|-ability|p1a: Smeargle|Moody|boost
|-boost|p1a: Smeargle|spa|2
|-unboost|p1a: Smeargle|atk|1
|upkeep
|turn|3
|
|t:|1750874366
|move|p2b: Ninetales|Blizzard|p1b: Calyrex|[spread] p1a,p1b
|-resisted|p1b: Calyrex
|-damage|p1a: Smeargle|0 fnt
|-damage|p1b: Calyrex|64/100
|faint|p1a: Smeargle
|move|p1b: Calyrex|Leech Seed|p2a: Calyrex|[miss]
|-miss|p1b: Calyrex|p2a: Calyrex
|move|p2a: Calyrex|Leech Seed|p1b: Calyrex
|-start|p1b: Calyrex|move: Leech Seed
|
|-weather|Snowscape|[upkeep]
|-damage|p2b: Ninetales|76/100|[from] Leech Seed|[of] p1b: Calyrex
|-heal|p1b: Calyrex|72/100|[silent]
|-damage|p1b: Calyrex|60/100|[from] Leech Seed|[of] p2a: Calyrex
|upkeep
|
|t:|1750874370
|switch|p1a: Grimmsnarl|Grimmsnarl, L50, M|100/100
|turn|4
|
|t:|1750874387
|switch|p2b: Incineroar|Incineroar, L50, F|88/100
|-ability|p2b: Incineroar|Intimidate|boost
|-unboost|p1a: Grimmsnarl|atk|1
|-unboost|p1b: Calyrex|atk|1
|move|p1a: Grimmsnarl|Reflect|p1a: Grimmsnarl
|-sidestart|p1: Npc red panther|Reflect
|move|p1b: Calyrex|Leech Seed|p2a: Calyrex
|-start|p2a: Calyrex|move: Leech Seed
|move|p2a: Calyrex|Leech Seed|p1a: Grimmsnarl
|-start|p1a: Grimmsnarl|move: Leech Seed
|
|-weather|Snowscape|[upkeep]
|-damage|p1a: Grimmsnarl|88/100|[from] Leech Seed|[of] p2a: Calyrex
|-damage|p1b: Calyrex|48/100|[from] Leech Seed|[of] p2a: Calyrex
|-damage|p2a: Calyrex|88/100|[from] Leech Seed|[of] p1b: Calyrex
|-heal|p1b: Calyrex|60/100|[silent]
|upkeep
|turn|5
|
|t:|1750874405
|move|p2b: Incineroar|Fake Out|p1a: Grimmsnarl
|-damage|p1a: Grimmsnarl|81/100
|cant|p1a: Grimmsnarl|flinch
|move|p1b: Calyrex|Leech Seed|p2b: Incineroar
|-start|p2b: Incineroar|move: Leech Seed
|move|p2a: Calyrex|Glacial Lance|p1a: Grimmsnarl|[spread] p1a,p1b
|-resisted|p1b: Calyrex
|-damage|p1a: Grimmsnarl|51/100
|-damage|p1b: Calyrex|52/100
|
|-weather|none
|-heal|p2a: Calyrex|94/100|[from] item: Leftovers
|-damage|p2b: Incineroar|76/100|[from] Leech Seed|[of] p1b: Calyrex
|-heal|p1b: Calyrex|63/100|[silent]
|-damage|p1a: Grimmsnarl|39/100|[from] Leech Seed|[of] p2a: Calyrex
|-heal|p2a: Calyrex|100/100|[silent]
|-damage|p1b: Calyrex|51/100|[from] Leech Seed|[of] p2a: Calyrex
|-damage|p2a: Calyrex|88/100|[from] Leech Seed|[of] p1b: Calyrex
|-heal|p1b: Calyrex|63/100|[silent]
|upkeep
|turn|6
|inactive|fskhan has 30 seconds left.
|
|t:|1750874437
|move|p1b: Calyrex|Protect|p1b: Calyrex
|-singleturn|p1b: Calyrex|Protect
|move|p1a: Grimmsnarl|Thunder Wave|p2a: Calyrex|[miss]
|-miss|p1a: Grimmsnarl|p2a: Calyrex
|move|p2b: Incineroar|Parting Shot|p1b: Calyrex
|-activate|p1b: Calyrex|move: Protect
|move|p2a: Calyrex|Glacial Lance|p1b: Calyrex|[spread] p1a
|-activate|p1b: Calyrex|move: Protect
|-damage|p1a: Grimmsnarl|12/100
|
|-heal|p2a: Calyrex|94/100|[from] item: Leftovers
|-damage|p2b: Incineroar|64/100|[from] Leech Seed|[of] p1b: Calyrex
|-heal|p1b: Calyrex|75/100|[silent]
|-damage|p1a: Grimmsnarl|0 fnt|[from] Leech Seed|[of] p2a: Calyrex
|-heal|p2a: Calyrex|100/100|[silent]
|faint|p1a: Grimmsnarl
|-damage|p1b: Calyrex|63/100|[from] Leech Seed|[of] p2a: Calyrex
|-damage|p2a: Calyrex|88/100|[from] Leech Seed|[of] p1b: Calyrex
|-heal|p1b: Calyrex|75/100|[silent]
|upkeep
|
|t:|1750874442
|switch|p1a: Rillaboom|Rillaboom, L50, F|100/100
|-fieldstart|move: Grassy Terrain|[from] ability: Grassy Surge|[of] p1a: Rillaboom
|turn|7
|
|t:|1750874452
|move|p1a: Rillaboom|Fake Out|p2a: Calyrex
|-damage|p2a: Calyrex|83/100
|move|p2b: Incineroar|Parting Shot|p1b: Calyrex
|-unboost|p1b: Calyrex|atk|1
|-unboost|p1b: Calyrex|spa|1
|
|t:|1750874459
|switch|p2b: Ninetales|Ninetales-Alola, L50, F|76/100|[from] Parting Shot
|-weather|Snowscape|[from] ability: Snow Warning|[of] p2b: Ninetales
|move|p1b: Calyrex|Glacial Lance|p2a: Calyrex|[spread] p2a,p2b
|-resisted|p2a: Calyrex
|-resisted|p2b: Ninetales
|-damage|p2a: Calyrex|76/100
|-damage|p2b: Ninetales|58/100
|cant|p2a: Calyrex|flinch
|
|-weather|Snowscape|[upkeep]
|-heal|p2b: Ninetales|64/100|[from] Grassy Terrain
|-heal|p1b: Calyrex|81/100|[from] Grassy Terrain
|-heal|p2a: Calyrex|82/100|[from] Grassy Terrain
|-heal|p2a: Calyrex|87/100|[from] item: Leftovers
|-damage|p1b: Calyrex|69/100|[from] Leech Seed|[of] p2a: Calyrex
|-heal|p2a: Calyrex|99/100|[silent]
|-damage|p2a: Calyrex|87/100|[from] Leech Seed|[of] p1b: Calyrex
|-heal|p1b: Calyrex|81/100|[silent]
|upkeep
|turn|8
|inactive|fskhan has 30 seconds left.
|
|t:|1750874486
|switch|p2a: Incineroar|Incineroar, L50, F|64/100
|-ability|p2a: Incineroar|Intimidate|boost
|-unboost|p1a: Rillaboom|atk|1
|-unboost|p1b: Calyrex|atk|1
|move|p2b: Ninetales|Protect|p2b: Ninetales
|-singleturn|p2b: Ninetales|Protect
|move|p1a: Rillaboom|Wood Hammer|p2a: Incineroar
|-resisted|p2a: Incineroar
|-damage|p2a: Incineroar|49/100
|-damage|p1a: Rillaboom|96/100|[from] Recoil
|move|p1b: Calyrex|Glacial Lance|p2a: Incineroar|[spread] p2a
|-activate|p2b: Ninetales|move: Protect
|-resisted|p2a: Incineroar
|-damage|p2a: Incineroar|39/100
|
|-weather|Snowscape|[upkeep]
|-heal|p2b: Ninetales|70/100|[from] Grassy Terrain
|-heal|p1a: Rillaboom|100/100|[from] Grassy Terrain
|-heal|p2a: Incineroar|45/100|[from] Grassy Terrain
|-heal|p1b: Calyrex|86/100|[from] Grassy Terrain
|-damage|p1b: Calyrex|74/100|[from] Leech Seed|[of] p2a: Incineroar
|-heal|p2a: Incineroar|57/100|[silent]
|-sideend|p2: fskhan|move: Aurora Veil
|upkeep
|turn|9
|
|t:|1750874505
|move|p2b: Ninetales|Blizzard|p1a: Rillaboom|[spread] p1a,p1b
|-supereffective|p1a: Rillaboom
|-resisted|p1b: Calyrex
|-damage|p1a: Rillaboom|66/100
|-damage|p1b: Calyrex|64/100
|-status|p1a: Rillaboom|frz
|cant|p1a: Rillaboom|frz
|move|p2a: Incineroar|Parting Shot|p1b: Calyrex
|-unboost|p1b: Calyrex|atk|1
|-unboost|p1b: Calyrex|spa|1
|
|t:|1750874516
|switch|p2a: Calyrex|Calyrex-Ice, L50|87/100|[from] Parting Shot
|-ability|p2a: Calyrex|As One
|-ability|p2a: Calyrex|Unnerve
|move|p1b: Calyrex|Leech Seed|p2b: Ninetales
|-start|p2b: Ninetales|move: Leech Seed
|
|-weather|Snowscape|[upkeep]
|-heal|p2b: Ninetales|76/100|[from] Grassy Terrain
|-heal|p1a: Rillaboom|72/100 frz|[from] Grassy Terrain
|-heal|p1b: Calyrex|70/100|[from] Grassy Terrain
|-heal|p2a: Calyrex|93/100|[from] Grassy Terrain
|-heal|p2a: Calyrex|99/100|[from] item: Leftovers
|-damage|p2b: Ninetales|64/100|[from] Leech Seed|[of] p1b: Calyrex
|-heal|p1b: Calyrex|79/100|[silent]
|-damage|p1b: Calyrex|67/100|[from] Leech Seed|[of] p2a: Calyrex
|-heal|p2a: Calyrex|100/100|[silent]
|upkeep
|turn|10
|
|t:|1750874528
|switch|p2b: Incineroar|Incineroar, L50, F|57/100
|-ability|p2b: Incineroar|Intimidate|boost
|-unboost|p1a: Rillaboom|atk|1
|-unboost|p1b: Calyrex|atk|1
|-curestatus|p1a: Rillaboom|frz|[msg]
|move|p1a: Rillaboom|U-turn|p2a: Calyrex
|-supereffective|p2a: Calyrex
|-damage|p2a: Calyrex|92/100
|move|p1b: Calyrex|Leech Seed|p2a: Calyrex
|-start|p2a: Calyrex|move: Leech Seed
|move|p2a: Calyrex|Glacial Lance|p1b: Calyrex|[spread] p1a,p1b
|-supereffective|p1a: Rillaboom
|-resisted|p1b: Calyrex
|-damage|p1a: Rillaboom|8/100
|-damage|p1b: Calyrex|58/100
|
|-weather|Snowscape|[upkeep]
|-heal|p1a: Rillaboom|14/100|[from] Grassy Terrain
|-heal|p2b: Incineroar|63/100|[from] Grassy Terrain
|-heal|p1b: Calyrex|64/100|[from] Grassy Terrain
|-heal|p2a: Calyrex|98/100|[from] Grassy Terrain
|-heal|p2a: Calyrex|100/100|[from] item: Leftovers
|-damage|p1b: Calyrex|52/100|[from] Leech Seed|[of] p2a: Calyrex
|-damage|p2a: Calyrex|88/100|[from] Leech Seed|[of] p1b: Calyrex
|-heal|p1b: Calyrex|64/100|[silent]
|upkeep
|turn|11
|inactive|fskhan has 30 seconds left.
|
|t:|1750874556
|switch|p2a: Ninetales|Ninetales-Alola, L50, F|64/100
|move|p1a: Rillaboom|Wood Hammer|p2a: Ninetales
|-damage|p2a: Ninetales|25/100
|-damage|p1a: Rillaboom|4/100|[from] Recoil
|move|p2b: Incineroar|Flare Blitz|p1a: Rillaboom
|-supereffective|p1a: Rillaboom
|-damage|p1a: Rillaboom|0 fnt
|faint|p1a: Rillaboom
|-damage|p2b: Incineroar|62/100|[from] Recoil
|move|p1b: Calyrex|Leech Seed|p2b: Incineroar|[miss]
|-miss|p1b: Calyrex|p2b: Incineroar
|
|-weather|none
|-heal|p2a: Ninetales|31/100|[from] Grassy Terrain
|-heal|p2b: Incineroar|68/100|[from] Grassy Terrain
|-heal|p1b: Calyrex|70/100|[from] Grassy Terrain
|-damage|p1b: Calyrex|58/100|[from] Leech Seed|[of] p2a: Ninetales
|-heal|p2a: Ninetales|47/100|[silent]
|-sideend|p1: Npc red panther|Reflect
|-fieldend|move: Grassy Terrain
|upkeep
|turn|12
|c|☆Npc red panther|Unreal
|inactive|Npc red panther has 30 seconds left.
|inactive|fskhan has 30 seconds left.
|
|t:|1750874585
|move|p2a: Ninetales|Moonblast|p1b: Calyrex
|-resisted|p1b: Calyrex
|-damage|p1b: Calyrex|47/100
|move|p2b: Incineroar|Knock Off|p1b: Calyrex
|-damage|p1b: Calyrex|29/100
|move|p1b: Calyrex|Leech Seed|p2a: Ninetales
|-start|p2a: Ninetales|move: Leech Seed
|
|-damage|p2a: Ninetales|35/100|[from] Leech Seed|[of] p1b: Calyrex
|-heal|p1b: Calyrex|37/100|[silent]
|-damage|p1b: Calyrex|25/100|[from] Leech Seed|[of] p2a: Ninetales
|-heal|p2a: Ninetales|52/100|[silent]
|upkeep
|turn|13
|
|t:|1750874598
|move|p2a: Ninetales|Moonblast|p1b: Calyrex
|-resisted|p1b: Calyrex
|-damage|p1b: Calyrex|13/100
|move|p2b: Incineroar|Knock Off|p1b: Calyrex
|-damage|p1b: Calyrex|0 fnt
|faint|p1b: Calyrex
|
|win|fskhan
|raw|Npc red panther's rating: 1480 &rarr; <strong>1457</strong><br />(-23 for losing)
|raw|fskhan's rating: 1432 &rarr; <strong>1455</strong><br />(+23 for winning)
|l|☆Npc red panther
|player|p1|
