|j|☆MultiZapdos
|j|☆thander11
|t:|1750786911
|gametype|doubles
|player|p1|MultiZapdos|266|
|player|p2|thander11|ethan|
|teamsize|p1|6
|teamsize|p2|6
|gen|9
|tier|[Gen 9] VGC 2025 Reg I
|rule|Species Clause: Limit one of each Pokémon
|rule|Item Clause: Limit 1 of each item
|clearpoke
|poke|p1|Gholdengo, L50|
|poke|p1|Tinkaton, L50, F|
|poke|p1|Kingambit, L50, F|
|poke|p1|Registeel, L50|
|poke|p1|Corviknight, L50, F|
|poke|p1|Scizor, L50, F|
|poke|p2|Flutter Mane, L50|
|poke|p2|Gengar, L50, M|
|poke|p2|Dragapult, L50, M|
|poke|p2|Annihilape, L50, M|
|poke|p2|Sableye, L50, M|
|poke|p2|Ceruledge, L50, M|
|teampreview|4
|j| okkito
thander11 has agreed to open team sheets.
MultiZapdos has agreed to open team sheets.
|showteam|p1|Gholdengo||ChoiceScarf|GoodasGold|MakeItRain,ShadowBall,Thunderbolt,Psychic||||||50|,,,,,Normal]Tinkaton||AssaultVest|MoldBreaker|FakeOut,GigatonHammer,KnockOff,PlayRough|||F|||50|,,,,,Dragon]Kingambit||BlackGlasses|Defiant|SuckerPunch,KowtowCleave,IronHead,Protect|||F|||50|,,,,,Dark]Registeel||Leftovers|ClearBody|BodyPress,IronDefense,HeavySlam,Protect||||||50|,,,,,Fairy]Corviknight||SitrusBerry|MirrorArmor|Uturn,Tailwind,IronHead,BraveBird|||F|||50|,,,,,Ghost]Scizor||ChoiceBand|Technician|BulletPunch,Uturn,Trailblaze,KnockOff|||F|||50|,,,,,Dragon
|showteam|p2|Flutter Mane||BoosterEnergy|Protosynthesis|ShadowBall,Moonblast,Protect,Substitute||||||50|,,,,,Fairy]Gengar||FocusSash|CursedBody|ShadowBall,SludgeBomb,IcyWind,Taunt|||M|||50|,,,,,Grass]Dragapult||ChoiceBand|ClearBody|PhantomForce,DragonDarts,Uturn,SuckerPunch|||M|||50|,,,,,Ghost]Annihilape||Leftovers|Defiant|RageFist,DrainPunch,BulkUp,Protect|||M|||50|,,,,,Water]Sableye||MentalHerb|Prankster|Quash,WillOWisp,Taunt,Trick|||M|||50|,,,,,Ghost]Ceruledge||WeaknessPolicy|FlashFire|BitterBlade,ShadowSneak,Protect,SwordsDance|||M|||50|,,,,,Grass
|
|t:|1750787004
|start
|switch|p1a: Alborotador|Corviknight, L50, F|100/100
|switch|p1b: Risquetos|Gholdengo, L50|100/100
|switch|p2a: Sableye|Sableye, L50, M, shiny|100/100
|switch|p2b: Annihilape|Annihilape, L50, M, shiny|100/100
|turn|1
|l| okkito
|
|t:|1750787051
|-terastallize|p1b: Risquetos|Normal
|move|p2a: Sableye|Taunt|p1a: Alborotador
|-start|p1a: Alborotador|move: Taunt
|move|p1b: Risquetos|Thunderbolt|p2b: Annihilape
|-damage|p2b: Annihilape|73/100
|move|p2b: Annihilape|Bulk Up|p2b: Annihilape
|-boost|p2b: Annihilape|atk|1
|-boost|p2b: Annihilape|def|1
|cant|p1a: Alborotador|move: Taunt|Tailwind
|
|-heal|p2b: Annihilape|79/100|[from] item: Leftovers
|upkeep
|turn|2
|
|t:|1750787094
|switch|p1b: Shogun|Kingambit, L50, F|100/100
|move|p2a: Sableye|Will-O-Wisp|p1a: Alborotador|[miss]
|-miss|p2a: Sableye|p1a: Alborotador
|move|p2b: Annihilape|Bulk Up|p2b: Annihilape
|-boost|p2b: Annihilape|atk|1
|-boost|p2b: Annihilape|def|1
|move|p1a: Alborotador|Brave Bird|p2b: Annihilape
|-supereffective|p2b: Annihilape
|-damage|p2b: Annihilape|34/100
|-damage|p1a: Alborotador|85/100|[from] Recoil
|
|-heal|p2b: Annihilape|40/100|[from] item: Leftovers
|upkeep
|turn|3
|
|t:|1750787113
|move|p2b: Annihilape|Protect|p2b: Annihilape
|-singleturn|p2b: Annihilape|Protect
|move|p2a: Sableye|Will-O-Wisp|p1b: Shogun
|-hint|Since gen 7, Dark is immune to Prankster moves.
|-immune|p1b: Shogun
|move|p1b: Shogun|Sucker Punch||[still]
|-fail|p1b: Shogun
|move|p1a: Alborotador|Brave Bird|p2b: Annihilape
|-activate|p2b: Annihilape|move: Protect
|
|-heal|p2b: Annihilape|46/100|[from] item: Leftovers
|-end|p1a: Alborotador|move: Taunt
|upkeep
|turn|4
|
|t:|1750787139
|switch|p2a: Dragapult|Dragapult, L50, M, shiny|100/100
|move|p1b: Shogun|Sucker Punch|p2b: Annihilape
|-damage|p2b: Annihilape|21/100
|move|p2b: Annihilape|Drain Punch|p1b: Shogun
|-supereffective|p1b: Shogun
|-damage|p1b: Shogun|0 fnt
|-heal|p2b: Annihilape|69/100|[from] drain|[of] p1b: Shogun
|faint|p1b: Shogun
|move|p1a: Alborotador|Brave Bird|p2b: Annihilape
|-supereffective|p2b: Annihilape
|-damage|p2b: Annihilape|22/100
|-damage|p1a: Alborotador|68/100|[from] Recoil
|
|-heal|p2b: Annihilape|28/100|[from] item: Leftovers
|upkeep
|j| okkito
|
|t:|1750787157
|switch|p1b: Star Platinum|Scizor, L50, F|100/100
|turn|5
|
|t:|1750787174
|move|p2b: Annihilape|Protect|p2b: Annihilape
|-singleturn|p2b: Annihilape|Protect
|move|p1b: Star Platinum|Bullet Punch|p2b: Annihilape
|-activate|p2b: Annihilape|move: Protect
|move|p2a: Dragapult|Dragon Darts|p1a: Alborotador
|-resisted|p1a: Alborotador
|-damage|p1a: Alborotador|54/100
|-anim|p2a: Dragapult|Dragon Darts|p1b: Star Platinum
|-resisted|p1b: Star Platinum
|-damage|p1b: Star Platinum|82/100
|move|p1a: Alborotador|Brave Bird|p2b: Annihilape
|-activate|p2b: Annihilape|move: Protect
|
|-heal|p2b: Annihilape|34/100|[from] item: Leftovers
|upkeep
|turn|6
|
|t:|1750787194
|move|p1b: Star Platinum|Bullet Punch|p2b: Annihilape
|-damage|p2b: Annihilape|9/100
|move|p2a: Dragapult|Dragon Darts|p1b: Star Platinum
|-resisted|p1b: Star Platinum
|-damage|p1b: Star Platinum|62/100
|-anim|p2a: Dragapult|Dragon Darts|p1a: Alborotador
|-resisted|p1a: Alborotador
|-damage|p1a: Alborotador|39/100
|-enditem|p1a: Alborotador|Sitrus Berry|[eat]
|-heal|p1a: Alborotador|63/100|[from] item: Sitrus Berry
|move|p2b: Annihilape|Drain Punch|p1b: Star Platinum
|-damage|p1b: Star Platinum|0 fnt
|-heal|p2b: Annihilape|35/100|[from] drain|[of] p1b: Star Platinum
|faint|p1b: Star Platinum
|move|p1a: Alborotador|Brave Bird|p2b: Annihilape
|-supereffective|p2b: Annihilape
|-damage|p2b: Annihilape|0 fnt
|faint|p2b: Annihilape
|-damage|p1a: Alborotador|52/100|[from] Recoil
|
|upkeep
|
|t:|1750787224
|switch|p2b: Ceruledge|Ceruledge, L50, M, shiny|100/100
|switch|p1b: Risquetos|Gholdengo, L50, tera:Normal|100/100
|turn|7
|
|t:|1750787261
|-terastallize|p2b: Ceruledge|Grass
|move|p1b: Risquetos|Shadow Ball|p2b: Ceruledge
|-damage|p2b: Ceruledge|56/100
|move|p2a: Dragapult|Dragon Darts|p1b: Risquetos
|-damage|p1b: Risquetos|56/100
|-anim|p2a: Dragapult|Dragon Darts|p1a: Alborotador
|-resisted|p1a: Alborotador
|-damage|p1a: Alborotador|37/100
|move|p2b: Ceruledge|Bitter Blade|p1a: Alborotador
|-supereffective|p1a: Alborotador
|-damage|p1a: Alborotador|0 fnt
|-heal|p2b: Ceruledge|77/100|[from] drain|[of] p1a: Alborotador
|faint|p1a: Alborotador
|
|upkeep
|turn|8
|
|t:|1750787279
|move|p2b: Ceruledge|Protect|p2b: Ceruledge
|-singleturn|p2b: Ceruledge|Protect
|move|p1b: Risquetos|Shadow Ball|p2a: Dragapult
|-supereffective|p2a: Dragapult
|-damage|p2a: Dragapult|0 fnt
|faint|p2a: Dragapult
|
|upkeep
|
|t:|1750787286
|switch|p2a: Sableye|Sableye, L50, M, shiny|100/100
|turn|9
|
|t:|1750787316
|move|p2a: Sableye|Taunt|p1b: Risquetos
|-immune|p1b: Risquetos|[from] ability: Good as Gold
|move|p1b: Risquetos|Shadow Ball|p2b: Ceruledge
|-damage|p2b: Ceruledge|32/100
|move|p2b: Ceruledge|Bitter Blade|p1b: Risquetos
|-damage|p1b: Risquetos|4/100
|-heal|p2b: Ceruledge|56/100|[from] drain|[of] p1b: Risquetos
|
|upkeep
|turn|10
|
|t:|1750787333
|move|p2a: Sableye|Trick|p1b: Risquetos
|-immune|p1b: Risquetos|[from] ability: Good as Gold
|move|p1b: Risquetos|Shadow Ball|p2a: Sableye
|-damage|p2a: Sableye|27/100
|move|p2b: Ceruledge|Bitter Blade|p1b: Risquetos
|-damage|p1b: Risquetos|0 fnt
|-heal|p2b: Ceruledge|58/100|[from] drain|[of] p1b: Risquetos
|faint|p1b: Risquetos
|
|win|thander11
