|j|☆Sir Quag VIII
|j|☆sweewinston
|t:|1750781562
|gametype|doubles
|player|p1|Sir Quag VIII|2|1145
|player|p2|sweewinston|266|1148
|teamsize|p1|6
|teamsize|p2|6
|gen|9
|tier|[Gen 9] VGC 2025 Reg I
|rated|
|rule|Species Clause: Limit one of each Pokémon
|rule|Item Clause: Limit 1 of each item
|clearpoke
|poke|p1|Miraidon, L50|
|poke|p1|Iron Thorns, L50|
|poke|p1|Cobalion, L50|
|poke|p1|Necrozma, L50|
|poke|p1|Ariados, L50, F|
|poke|p1|Sinistcha, L50|
|poke|p2|Lunala, L50|
|poke|p2|Koraidon, L50|
|poke|p2|Flutter Mane, L50|
|poke|p2|Indeedee-F, L50, F|
|poke|p2|Ogerpon-Cornerstone, L50, F|
|poke|p2|Chi-Yu, L50|
|teampreview|4
|inactive|Battle timer is ON: inactive players will automatically lose when time's up. (requested by Sir Quag VIII)
sweewinston has agreed to open team sheets.
|inactive|sweewinston has 60 seconds left.
|
|t:|1750781619
|start
|switch|p1a: Miraidon|Miraidon, L50|100/100
|switch|p1b: Necrozma|Necrozma, L50|100/100
|switch|p2a: Koraidon|Koraidon, L50|100/100
|switch|p2b: Flutter Mane|Flutter Mane, L50|100/100
|-weather|SunnyDay|[from] ability: Orichalcum Pulse|[of] p2a: Koraidon
|-activate|p2b: Flutter Mane|ability: Protosynthesis
|-start|p2b: Flutter Mane|protosynthesisspe
|-activate|p2a: Koraidon|Orichalcum Pulse|[source]
|-fieldstart|move: Electric Terrain|[from] ability: Hadron Engine|[of] p1a: Miraidon
|turn|1
|inactive|sweewinston has 30 seconds left.
|inactive|sweewinston has 20 seconds left.
|inactive|sweewinston has 15 seconds left.
|inactive|sweewinston has 10 seconds left.
|inactive|Sir Quag VIII has 30 seconds left.
|
|t:|1750781670
|-terastallize|p2a: Koraidon|Fire
|move|p2b: Flutter Mane|Icy Wind|p1a: Miraidon|[spread] p1a,p1b
|-supereffective|p1a: Miraidon
|-damage|p1a: Miraidon|83/100
|-damage|p1b: Necrozma|86/100
|-unboost|p1a: Miraidon|spe|1
|-unboost|p1b: Necrozma|spe|1
|move|p2a: Koraidon|Flare Blitz|p1b: Necrozma
|-damage|p1b: Necrozma|0 fnt
|faint|p1b: Necrozma
|-damage|p2a: Koraidon|73/100|[from] Recoil
|-damage|p2a: Koraidon|64/100|[from] item: Life Orb
|move|p1a: Miraidon|Snarl|p2b: Flutter Mane|[spread] p2a,p2b
|-damage|p2a: Koraidon|44/100
|-damage|p2b: Flutter Mane|77/100
|-unboost|p2a: Koraidon|spa|1
|-unboost|p2b: Flutter Mane|spa|1
|
|-weather|SunnyDay|[upkeep]
|upkeep
|
|t:|1750781688
|switch|p1b: Iron Thorns|Iron Thorns, L50, shiny|100/100
|-activate|p1b: Iron Thorns|ability: Quark Drive
|-start|p1b: Iron Thorns|quarkdriveatk
|turn|2
|
|t:|1750781707
|-terastallize|p1b: Iron Thorns|Bug
|move|p2b: Flutter Mane|Moonblast|p1a: Miraidon
|-supereffective|p1a: Miraidon
|-damage|p1a: Miraidon|50/100
|move|p2a: Koraidon|Close Combat|p1b: Iron Thorns
|-resisted|p1b: Iron Thorns
|-damage|p1b: Iron Thorns|44/100
|-unboost|p2a: Koraidon|def|1
|-unboost|p2a: Koraidon|spd|1
|-damage|p2a: Koraidon|34/100|[from] item: Life Orb
|move|p1a: Miraidon|Electro Drift|p2b: Flutter Mane
|-damage|p2b: Flutter Mane|0 fnt
|faint|p2b: Flutter Mane
|-end|p2b: Flutter Mane|Protosynthesis|[silent]
|move|p1b: Iron Thorns|Rock Blast|p2a: Koraidon
|-supereffective|p2a: Koraidon
|-damage|p2a: Koraidon|0 fnt
|faint|p2a: Koraidon
|-hitcount|p2: Koraidon|1
|
|-weather|SunnyDay|[upkeep]
|upkeep
|
|t:|1750781726
|switch|p2b: Lunala|Lunala, L50|100/100
|switch|p2a: Indeedee|Indeedee-F, L50, F|100/100
|-fieldstart|move: Psychic Terrain|[from] ability: Psychic Surge|[of] p2a: Indeedee
|-end|p1b: Iron Thorns|Quark Drive
|turn|3
|
|t:|1750781746
|move|p2b: Lunala|Protect|p2b: Lunala
|-singleturn|p2b: Lunala|Protect
|move|p1a: Miraidon|Snarl|p2b: Lunala|[spread] p2a
|-activate|p2b: Lunala|move: Protect
|-supereffective|p2a: Indeedee
|-damage|p2a: Indeedee|65/100
|-unboost|p2a: Indeedee|spa|1
|move|p1b: Iron Thorns|Pin Missile|p2b: Lunala
|-activate|p2b: Lunala|move: Protect
|move|p2a: Indeedee|Trick Room|p2a: Indeedee
|-fieldstart|move: Trick Room|[of] p2a: Indeedee
|
|-weather|SunnyDay|[upkeep]
|upkeep
|turn|4
|
|t:|1750781768
|move|p2a: Indeedee|Helping Hand|p2b: Lunala
|-singleturn|p2b: Lunala|Helping Hand|[of] p2a: Indeedee
|move|p1b: Iron Thorns|Pin Missile|p2b: Lunala
|-crit|p2b: Lunala
|-damage|p2b: Lunala|90/100
|-damage|p2b: Lunala|77/100
|-damage|p2b: Lunala|62/100
|-damage|p2b: Lunala|47/100
|-damage|p2b: Lunala|34/100
|-hitcount|p2b: Lunala|5
|move|p1a: Miraidon|Snarl|p2b: Lunala|[spread] p2a,p2b
|-supereffective|p2a: Indeedee
|-crit|p2a: Indeedee
|-supereffective|p2b: Lunala
|-damage|p2a: Indeedee|21/100
|-damage|p2b: Lunala|0 fnt
|-unboost|p2a: Indeedee|spa|1
|faint|p2b: Lunala
|
|-weather|SunnyDay|[upkeep]
|upkeep
|turn|5
|
|t:|1750781790
|move|p1b: Iron Thorns|Pin Missile|p2a: Indeedee
|-supereffective|p2a: Indeedee
|-damage|p2a: Indeedee|0 fnt
|faint|p2a: Indeedee
|-hitcount|p2: Indeedee|1
|
|win|Sir Quag VIII
|raw|Sir Quag VIII's rating: 1145 &rarr; <strong>1170</strong><br />(+25 for winning)
|raw|sweewinston's rating: 1148 &rarr; <strong>1123</strong><br />(-25 for losing)
|l|☆Sir Quag VIII
|player|p1|
|l|☆sweewinston
|player|p2|
