|j|☆Someoneoffical
|j|☆jonissh
|t:|1750837040
|gametype|doubles
|player|p1|Someoneoffical|benga|1079
|player|p2|jonissh|102|1144
|teamsize|p1|6
|teamsize|p2|6
|gen|9
|tier|[Gen 9] VGC 2025 Reg I
|rated|
|rule|Species Clause: Limit one of each Pokémon
|rule|Item Clause: Limit 1 of each item
|clearpoke
|poke|p1|Zacian-*, L50|
|poke|p1|Calyrex-Shadow, L50|
|poke|p1|Tornadus, L50, M|
|poke|p1|Urshifu-*, L50, M|
|poke|p1|Landorus, L50, M|
|poke|p1|Incineroar, L50, M|
|poke|p2|Kyogre, L50|
|poke|p2|Zacian-*, L50|
|poke|p2|Rillaboom, L50, M|
|poke|p2|Chien-Pao, L50|
|poke|p2|Tornadus, L50, M|
|poke|p2|Basculegion, L50, M|
|teampreview|4
|
|t:|1750837062
|start
|switch|p1a: Calyrex|Calyrex-Shadow, L50|100/100
|switch|p1b: Incineroar|Incineroar, L50, M|100/100
|switch|p2a: Zacian|Zacian-Crowned, L50|100/100
|switch|p2b: Rillaboom|Rillaboom, L50, M|100/100
|-ability|p1a: Calyrex|As One
|-ability|p1a: Calyrex|Unnerve
|-ability|p2a: Zacian|Intrepid Sword|boost
|-boost|p2a: Zacian|atk|1
|-fieldstart|move: Grassy Terrain|[from] ability: Grassy Surge|[of] p2b: Rillaboom
|-ability|p1b: Incineroar|Intimidate|boost
|-unboost|p2a: Zacian|atk|1
|-unboost|p2b: Rillaboom|atk|1
|turn|1
|inactive|Battle timer is ON: inactive players will automatically lose when time's up. (requested by jonissh)
|l|☆Someoneoffical
|inactive|Someoneoffical disconnected and has a minute to reconnect!
|player|p1|
|j|☆Someoneoffical
|inactive|Someoneoffical reconnected and has 65 seconds left.
|player|p1|Someoneoffical|benga|
|inactive|Someoneoffical has 60 seconds left.
|
|t:|1750837103
|-terastallize|p1a: Calyrex|Ghost
|move|p2a: Zacian|Protect|p2a: Zacian
|-singleturn|p2a: Zacian|Protect
|move|p1b: Incineroar|Fake Out|p2a: Zacian
|-activate|p2a: Zacian|move: Protect
|move|p1a: Calyrex|Astral Barrage|p2b: Rillaboom|[spread] p2b
|-activate|p2a: Zacian|move: Protect
|-damage|p2b: Rillaboom|50/100
|move|p2b: Rillaboom|U-turn|p1a: Calyrex
|-resisted|p1a: Calyrex
|-damage|p1a: Calyrex|92/100
|
|t:|1750837119
|switch|p2b: Chien-Pao|Chien-Pao, L50|100/100|[from] U-turn
|-ability|p2b: Chien-Pao|Sword of Ruin
|
|-heal|p1a: Calyrex|98/100|[from] Grassy Terrain
|upkeep
|turn|2
|
|t:|1750837130
|-terastallize|p2a: Zacian|Ground
|move|p1a: Calyrex|Protect|p1a: Calyrex
|-singleturn|p1a: Calyrex|Protect
|move|p2b: Chien-Pao|Sucker Punch||[still]
|-fail|p2b: Chien-Pao
|move|p2a: Zacian|Tera Blast|p1b: Incineroar|[anim] Tera Blast Ground
|-supereffective|p1b: Incineroar
|-crit|p1b: Incineroar
|-damage|p1b: Incineroar|0 fnt
|faint|p1b: Incineroar
|
|-heal|p1a: Calyrex|100/100|[from] Grassy Terrain
|upkeep
|
|t:|1750837140
|switch|p1b: Urshifu|Urshifu-Rapid-Strike, L50, M|100/100
|turn|3
|
|t:|1750837153
|switch|p2a: Rillaboom|Rillaboom, L50, M|50/100
|move|p2b: Chien-Pao|Sucker Punch||[still]
|-fail|p2b: Chien-Pao
|move|p1a: Calyrex|Encore|p2b: Chien-Pao
|-start|p2b: Chien-Pao|Encore
|move|p1b: Urshifu|Surging Strikes|p2a: Rillaboom
|-resisted|p2a: Rillaboom
|-crit|p2a: Rillaboom
|-damage|p2a: Rillaboom|36/100
|-resisted|p2a: Rillaboom
|-crit|p2a: Rillaboom
|-damage|p2a: Rillaboom|23/100
|-resisted|p2a: Rillaboom
|-crit|p2a: Rillaboom
|-damage|p2a: Rillaboom|8/100
|-hitcount|p2a: Rillaboom|3
|
|-heal|p2a: Rillaboom|14/100|[from] Grassy Terrain
|upkeep
|turn|4
|inactive|jonissh has 30 seconds left.
|
|t:|1750837180
|switch|p1b: Zacian|Zacian-Crowned, L50, shiny|100/100
|-ability|p1b: Zacian|Intrepid Sword|boost
|-boost|p1b: Zacian|atk|1
|move|p2b: Chien-Pao|Sucker Punch||[still]
|-fail|p2b: Chien-Pao
|move|p2a: Rillaboom|Grassy Glide|p1b: Zacian
|-resisted|p1b: Zacian
|-damage|p1b: Zacian|80/100
|move|p1a: Calyrex|Disable|p2b: Chien-Pao
|-start|p2b: Chien-Pao|Disable|Sucker Punch
|
|-heal|p1b: Zacian|86/100|[from] Grassy Terrain
|-heal|p2a: Rillaboom|20/100|[from] Grassy Terrain
|upkeep
|turn|5
|inactive|jonissh has 30 seconds left.
|
|t:|1750837212
|switch|p2b: Kyogre|Kyogre, L50|100/100
|-weather|RainDance|[from] ability: Drizzle|[of] p2b: Kyogre
|move|p1a: Calyrex|Astral Barrage|p2b: Kyogre|[spread] p2a,p2b
|-damage|p2a: Rillaboom|0 fnt
|-damage|p2b: Kyogre|52/100
|faint|p2a: Rillaboom
|-ability|p1a: Calyrex|Grim Neigh|boost
|-boost|p1a: Calyrex|spa|1
|move|p1b: Zacian|Sacred Sword|p2b: Kyogre
|-damage|p2b: Kyogre|5/100
|
|-weather|RainDance|[upkeep]
|-heal|p1b: Zacian|92/100|[from] Grassy Terrain
|-heal|p2b: Kyogre|11/100|[from] Grassy Terrain
|-heal|p2b: Kyogre|16/100|[from] item: Leftovers
|-fieldend|move: Grassy Terrain
|upkeep
|
|t:|1750837229
|switch|p2a: Zacian|Zacian-Crowned, L50, tera:Ground|100/100
|turn|6
|
|t:|1750837236
|move|p2b: Kyogre|Protect|p2b: Kyogre
|-singleturn|p2b: Kyogre|Protect
|move|p1a: Calyrex|Astral Barrage|p2b: Kyogre|[spread] p2a
|-activate|p2b: Kyogre|move: Protect
|-damage|p2a: Zacian|0 fnt
|faint|p2a: Zacian
|-ability|p1a: Calyrex|Grim Neigh|boost
|-boost|p1a: Calyrex|spa|1
|move|p1b: Zacian|Sacred Sword|p2b: Kyogre
|-activate|p2b: Kyogre|move: Protect
|
|-weather|RainDance|[upkeep]
|-heal|p2b: Kyogre|22/100|[from] item: Leftovers
|upkeep
|
|t:|1750837250
|switch|p2a: Chien-Pao|Chien-Pao, L50|100/100
|-ability|p2a: Chien-Pao|Sword of Ruin
|turn|7
|
|t:|1750837259
|move|p1a: Calyrex|Astral Barrage|p2b: Kyogre|[spread] p2a,p2b
|-resisted|p2a: Chien-Pao
|-enditem|p2a: Chien-Pao|Focus Sash
|-damage|p2a: Chien-Pao|1/100
|-damage|p2b: Kyogre|0 fnt
|faint|p2b: Kyogre
|-ability|p1a: Calyrex|Grim Neigh|boost
|-boost|p1a: Calyrex|spa|1
|move|p1b: Zacian|Sacred Sword|p2a: Chien-Pao
|-supereffective|p2a: Chien-Pao
|-damage|p2a: Chien-Pao|0 fnt
|faint|p2a: Chien-Pao
|
|win|Someoneoffical
|raw|Someoneoffical's rating: 1079 &rarr; <strong>1112</strong><br />(+33 for winning)
|raw|jonissh's rating: 1144 &rarr; <strong>1114</strong><br />(-30 for losing)
