|j|☆HecklerSupreme
|j|☆ancient95
|t:|1750770856
|gametype|doubles
|player|p1|HecklerSupreme|170|1580
|player|p2|ancient95|170|1430
|teamsize|p1|6
|teamsize|p2|6
|gen|9
|tier|[Gen 9] VGC 2025 Reg I
|rated|
|rule|Species Clause: Limit one of each Pokémon
|rule|Item Clause: Limit 1 of each item
|clearpoke
|poke|p1|Palkia, L50|
|poke|p1|Calyrex-Ice, L50|
|poke|p1|Smeargle, L50, F|
|poke|p1|Hitmontop, L50, M|
|poke|p1|Landorus, L50, M|
|poke|p1|Entei, L50|
|poke|p2|Calyrex-Shadow, L50|
|poke|p2|Whimsicott, L50, F|
|poke|p2|Zamazenta-*, L50|
|poke|p2|Rillaboom, L50, M|
|poke|p2|Raging Bolt, L50|
|poke|p2|Chien-Pao, L50|
|teampreview|4
|inactive|Battle timer is ON: inactive players will automatically lose when time's up. (requested by HecklerSupreme)
|inactive|ancient95 also wants the timer to be on.
|
|t:|1750770879
|start
|switch|p1a: Hitmontop|Hitmontop, L50, M|100/100
|switch|p1b: Entei|Entei, L50, shiny|100/100
|switch|p2a: Calyrex|Calyrex-Shadow, L50|100/100
|switch|p2b: Whimsicott|Whimsicott, L50, F, shiny|100/100
|-ability|p2a: Calyrex|As One
|-ability|p2a: Calyrex|Unnerve
|-ability|p1a: Hitmontop|Intimidate|boost
|-unboost|p2a: Calyrex|atk|1
|-unboost|p2b: Whimsicott|atk|1
|turn|1
|inactive|HecklerSupreme has 30 seconds left.
|inactive|HecklerSupreme has 20 seconds left.
|inactive|HecklerSupreme has 15 seconds left.
|
|t:|1750770924
|-terastallize|p1a: Hitmontop|Steel
|move|p1a: Hitmontop|Wide Guard|p1a: Hitmontop
|-singleturn|p1a: Hitmontop|Wide Guard
|move|p2a: Calyrex|Psychic|p1a: Hitmontop
|-resisted|p1a: Hitmontop
|-damage|p1a: Hitmontop|74/100
|move|p2b: Whimsicott|Moonblast|p1a: Hitmontop
|-resisted|p1a: Hitmontop
|-damage|p1a: Hitmontop|61/100
|move|p1b: Entei|Sacred Fire|p2b: Whimsicott
|-supereffective|p2b: Whimsicott
|-damage|p2b: Whimsicott|0 fnt
|faint|p2b: Whimsicott
|
|upkeep
|
|t:|1750770938
|switch|p2b: Zamazenta|Zamazenta-Crowned, L50, shiny|100/100
|-ability|p2b: Zamazenta|Dauntless Shield|boost
|-boost|p2b: Zamazenta|def|1
|turn|2
|
|t:|1750770958
|-terastallize|p2a: Calyrex|Ground
|move|p1a: Hitmontop|Feint|p2b: Zamazenta
|-resisted|p2b: Zamazenta
|-damage|p2b: Zamazenta|99/100
|move|p2a: Calyrex|Tera Blast|p1b: Entei|[anim] Tera Blast Ground
|-supereffective|p1b: Entei
|-damage|p1b: Entei|33/100
|move|p2b: Zamazenta|Body Press|p1a: Hitmontop
|-supereffective|p1a: Hitmontop
|-damage|p1a: Hitmontop|0 fnt
|-damage|p2b: Zamazenta|83/100|[from] item: Rocky Helmet|[of] p1a: Hitmontop
|faint|p1a: Hitmontop
|move|p1b: Entei|Snarl|p2a: Calyrex|[spread] p2a,p2b
|-resisted|p2b: Zamazenta
|-damage|p2a: Calyrex|92/100
|-damage|p2b: Zamazenta|81/100
|-unboost|p2a: Calyrex|spa|1
|-unboost|p2b: Zamazenta|spa|1
|
|upkeep
|inactive|HecklerSupreme has 30 seconds left.
|inactive|HecklerSupreme has 20 seconds left.
|
|t:|1750770994
|switch|p1a: Calyrex|Calyrex-Ice, L50|100/100
|-ability|p1a: Calyrex|As One
|-ability|p1a: Calyrex|Unnerve
|turn|3
|
|t:|1750771010
|switch|p1b: Palkia|Palkia, L50|100/100
|-ability|p1b: Palkia|Pressure
|move|p2a: Calyrex|Astral Barrage|p1b: Palkia|[spread] p1a,p1b
|-supereffective|p1a: Calyrex
|-damage|p1a: Calyrex|53/100
|-damage|p1b: Palkia|76/100
|move|p2b: Zamazenta|Body Press|p1a: Calyrex
|-damage|p1a: Calyrex|8/100
|move|p1a: Calyrex|Trick Room|p1a: Calyrex
|-fieldstart|move: Trick Room|[of] p1a: Calyrex
|
|upkeep
|turn|4
|inactive|HecklerSupreme has 30 seconds left.
|
|t:|1750771036
|move|p2a: Calyrex|Protect|p2a: Calyrex
|-singleturn|p2a: Calyrex|Protect
|move|p1a: Calyrex|Glacial Lance|p2a: Calyrex|[spread] p2b
|-activate|p2a: Calyrex|move: Protect
|-resisted|p2b: Zamazenta
|-damage|p2b: Zamazenta|70/100
|move|p1b: Palkia|Hydro Pump|p2b: Zamazenta
|-damage|p2b: Zamazenta|19/100
|move|p2b: Zamazenta|Body Press|p1a: Calyrex
|-damage|p1a: Calyrex|0 fnt
|faint|p1a: Calyrex
|
|upkeep
|
|t:|1750771046
|switch|p1a: Entei|Entei, L50, shiny|33/100
|turn|5
|inactive|ancient95 has 30 seconds left.
|
|t:|1750771073
|move|p1b: Palkia|Hydro Pump|p2a: Calyrex|[miss]
|-miss|p1b: Palkia|p2a: Calyrex
|move|p1a: Entei|Sacred Fire|p2b: Zamazenta
|-supereffective|p2b: Zamazenta
|-damage|p2b: Zamazenta|0 fnt
|faint|p2b: Zamazenta
|move|p2a: Calyrex|Tera Blast|p1a: Entei|[anim] Tera Blast Ground
|-supereffective|p1a: Entei
|-damage|p1a: Entei|0 fnt
|faint|p1a: Entei
|-ability|p2a: Calyrex|Grim Neigh|boost
|-boost|p2a: Calyrex|spa|1
|
|upkeep
|
|t:|1750771079
|switch|p2b: 고릴타|Rillaboom, L50, M, shiny|100/100
|-fieldstart|move: Grassy Terrain|[from] ability: Grassy Surge|[of] p2b: 고릴타
|turn|6
|
|t:|1750771088
|move|p1b: Palkia|Protect|p1b: Palkia
|-singleturn|p1b: Palkia|Protect
|move|p2b: 고릴타|Fake Out|p1b: Palkia
|-activate|p1b: Palkia|move: Protect
|move|p2a: Calyrex|Astral Barrage|p1b: Palkia
|-activate|p1b: Palkia|move: Protect
|
|-heal|p1b: Palkia|82/100|[from] Grassy Terrain
|-heal|p2a: Calyrex|98/100|[from] Grassy Terrain
|upkeep
|turn|7
|
|t:|1750771096
|move|p2a: Calyrex|Protect|p2a: Calyrex
|-singleturn|p2a: Calyrex|Protect
|move|p2b: 고릴타|Wood Hammer|p1b: Palkia
|-damage|p1b: Palkia|14/100
|-damage|p2b: 고릴타|79/100|[from] Recoil
|move|p1b: Palkia|Spacial Rend|p2b: 고릴타
|-damage|p2b: 고릴타|27/100
|
|-heal|p2b: 고릴타|33/100|[from] Grassy Terrain
|-heal|p1b: Palkia|20/100|[from] Grassy Terrain
|-heal|p2a: Calyrex|100/100|[from] Grassy Terrain
|-fieldend|move: Trick Room
|upkeep
|turn|8
|-message|HecklerSupreme forfeited.
|
|win|ancient95
|raw|HecklerSupreme's rating: 1580 &rarr; <strong>1552</strong><br />(-28 for losing)
|raw|ancient95's rating: 1430 &rarr; <strong>1458</strong><br />(+28 for winning)
|l|☆HecklerSupreme
|player|p1|
|l|☆ancient95
|player|p2|
