|j|☆Frost314
|j|☆itzlenaluv
|t:|1750768885
|gametype|doubles
|player|p1|Frost314|backers|1000
|player|p2|itzlenaluv|1|1052
|teamsize|p1|6
|teamsize|p2|6
|gen|9
|tier|[Gen 9] VGC 2025 Reg I
|rated|
|rule|Species Clause: Limit one of each Pokémon
|rule|Item Clause: Limit 1 of each item
|clearpoke
|poke|p1|Latios, L50, M|
|poke|p1|Magnezone, L50|
|poke|p1|Arboliva, L50, M|
|poke|p1|Arcanine, L50, M|
|poke|p1|Corviknight, L50, F|
|poke|p1|Gastrodon, L50, F|
|poke|p2|Ninetales-Alola, L50, F|
|poke|p2|Miraidon, L50|
|poke|p2|Kyurem-White, L50|
|poke|p2|Whimsicott, L50, F|
|poke|p2|Iron Hands, L50|
|poke|p2|Incineroar, L50, F|
|teampreview|4
|inactive|Battle timer is ON: inactive players will automatically lose when time's up. (requested by Frost314)
|inactive|itzlenaluv has 60 seconds left.
|
|t:|1750768921
|start
|switch|p1a: Arboliva|Arboliva, L50, M|100/100
|switch|p1b: Gastrodon|Gastrodon, L50, F|100/100
|switch|p2a: Ninetales|Ninetales-Alola, L50, F|100/100
|switch|p2b: Miraidon|Miraidon, L50|100/100
|-fieldstart|move: Electric Terrain|[from] ability: Hadron Engine|[of] p2b: Miraidon
|-weather|Snowscape|[from] ability: Snow Warning|[of] p2a: Ninetales
|turn|1
|
|t:|1750768940
|move|p2b: Miraidon|Draco Meteor|p1a: Arboliva
|-damage|p1a: Arboliva|0 fnt
|-unboost|p2b: Miraidon|spa|2
|-fieldstart|move: Grassy Terrain|[from] ability: Seed Sower|[of] p1a: Arboliva
|faint|p1a: Arboliva
|move|p2a: Ninetales|Aurora Veil|p2a: Ninetales
|-sidestart|p2: itzlenaluv|move: Aurora Veil
|move|p1b: Gastrodon|Yawn|p2a: Ninetales
|-start|p2a: Ninetales|move: Yawn|[of] p1b: Gastrodon
|
|-weather|Snowscape|[upkeep]
|upkeep
|
|t:|1750768948
|switch|p1a: Magnezone|Magnezone, L50|100/100
|turn|2
|
|t:|1750768963
|switch|p2b: Incineroar|Incineroar, L50, F|100/100
|-ability|p2b: Incineroar|Intimidate|boost
|-unboost|p1a: Magnezone|atk|1
|-unboost|p1b: Gastrodon|atk|1
|move|p2a: Ninetales|Disable|p1b: Gastrodon
|-start|p1b: Gastrodon|Disable|Yawn
|cant|p1b: Gastrodon|Disable|Yawn
|move|p1a: Magnezone|Charge|p1a: Magnezone
|-boost|p1a: Magnezone|spd|1
|-start|p1a: Magnezone|Charge
|
|-weather|Snowscape|[upkeep]
|-end|p2a: Ninetales|move: Yawn|[silent]
|-status|p2a: Ninetales|slp
|upkeep
|turn|3
|inactive|itzlenaluv has 30 seconds left.
|inactive|itzlenaluv has 20 seconds left.
|
|t:|1750769000
|switch|p1b: Arcanine|Arcanine, L50, M|100/100
|-ability|p1b: Arcanine|Intimidate|boost
|-unboost|p2a: Ninetales|atk|1
|-unboost|p2b: Incineroar|atk|1
|-terastallize|p1a: Magnezone|Electric
|cant|p2a: Ninetales|slp
|move|p2b: Incineroar|Flare Blitz|p1a: Magnezone
|-damage|p1a: Magnezone|75/100
|-damage|p2b: Incineroar|94/100|[from] Recoil
|move|p1a: Magnezone|Electroweb|p2b: Incineroar|[spread] p2a,p2b
|-damage|p2a: Ninetales|60/100 slp
|-damage|p2b: Incineroar|58/100
|-unboost|p2a: Ninetales|spe|1
|-unboost|p2b: Incineroar|spe|1
|-end|p1a: Magnezone|Charge|[silent]
|
|-weather|Snowscape|[upkeep]
|-heal|p2a: Ninetales|66/100 slp|[from] Grassy Terrain
|-heal|p1a: Magnezone|81/100|[from] Grassy Terrain
|-heal|p2b: Incineroar|64/100|[from] Grassy Terrain
|upkeep
|turn|4
|inactive|Frost314 has 30 seconds left.
|
|t:|1750769031
|move|p1b: Arcanine|Snarl|p2a: Ninetales|[spread] p2a,p2b
|-resisted|p2a: Ninetales
|-resisted|p2b: Incineroar
|-damage|p2a: Ninetales|63/100 slp
|-damage|p2b: Incineroar|61/100
|-unboost|p2a: Ninetales|spa|1
|-unboost|p2b: Incineroar|spa|1
|cant|p2a: Ninetales|slp
|move|p2b: Incineroar|U-turn|p1a: Magnezone
|-damage|p1a: Magnezone|70/100
|
|t:|1750769051
|switch|p2b: Miraidon|Miraidon, L50|100/100|[from] U-turn
|-fieldstart|move: Electric Terrain|[from] ability: Hadron Engine|[of] p2b: Miraidon
|move|p1a: Magnezone|Electroweb|p2b: Miraidon|[spread] p2a,p2b
|-resisted|p2b: Miraidon
|-damage|p2a: Ninetales|38/100 slp
|-damage|p2b: Miraidon|95/100
|-unboost|p2a: Ninetales|spe|1
|-unboost|p2b: Miraidon|spe|1
|
|-weather|Snowscape|[upkeep]
|upkeep
|turn|5
|inactive|itzlenaluv has 30 seconds left.
|inactive|itzlenaluv has 20 seconds left.
|inactive|itzlenaluv has 15 seconds left.
|inactive|itzlenaluv has 10 seconds left.
|
|t:|1750769100
|-terastallize|p2b: Miraidon|Fire
|move|p1b: Arcanine|Snarl|p2b: Miraidon|[spread] p2a,p2b
|-resisted|p2a: Ninetales
|-damage|p2a: Ninetales|35/100 slp
|-damage|p2b: Miraidon|88/100
|-unboost|p2a: Ninetales|spa|1
|-unboost|p2b: Miraidon|spa|1
|move|p2b: Miraidon|Overheat|p1a: Magnezone
|-damage|p1a: Magnezone|8/100
|-unboost|p2b: Miraidon|spa|2
|cant|p2a: Ninetales|slp
|move|p1a: Magnezone|Electroweb|p2b: Miraidon|[spread] p2a,p2b
|-damage|p2a: Ninetales|9/100 slp
|-damage|p2b: Miraidon|66/100
|-unboost|p2a: Ninetales|spe|1
|-unboost|p2b: Miraidon|spe|1
|
|-weather|none
|upkeep
|turn|6
|
|t:|1750769122
|switch|p2a: Incineroar|Incineroar, L50, F|61/100
|-ability|p2a: Incineroar|Intimidate|boost
|-unboost|p1a: Magnezone|atk|1
|-unboost|p1b: Arcanine|atk|1
|move|p1a: Magnezone|Protect|p1a: Magnezone
|-singleturn|p1a: Magnezone|Protect
|move|p1b: Arcanine|Snarl|p2b: Miraidon|[spread] p2a,p2b
|-resisted|p2a: Incineroar
|-damage|p2a: Incineroar|57/100
|-damage|p2b: Miraidon|58/100
|-unboost|p2a: Incineroar|spa|1
|-unboost|p2b: Miraidon|spa|1
|move|p2b: Miraidon|Overheat|p1a: Magnezone
|-activate|p1a: Magnezone|move: Protect
|
|upkeep
|turn|7
|inactive|itzlenaluv has 30 seconds left.
|
|t:|1750769151
|switch|p1a: Gastrodon|Gastrodon, L50, F|100/100
|move|p1b: Arcanine|Snarl|p2a: Incineroar|[spread] p2a,p2b
|-resisted|p2a: Incineroar
|-damage|p2a: Incineroar|54/100
|-damage|p2b: Miraidon|51/100
|-unboost|p2a: Incineroar|spa|1
|-unboost|p2b: Miraidon|spa|1
|move|p2b: Miraidon|Overheat|p1b: Arcanine
|-resisted|p1b: Arcanine
|-damage|p1b: Arcanine|71/100
|-unboost|p2b: Miraidon|spa|1
|move|p2a: Incineroar|Knock Off|p1a: Gastrodon
|-damage|p1a: Gastrodon|53/100
|-enditem|p1a: Gastrodon|Rindo Berry|[from] move: Knock Off|[of] p2a: Incineroar
|
|-heal|p1b: Arcanine|77/100|[from] item: Leftovers
|upkeep
|turn|8
|inactive|itzlenaluv has 30 seconds left.
|
|t:|1750769177
|switch|p1b: Magnezone|Magnezone, L50, tera:Electric|8/100
|switch|p2b: Kyurem|Kyurem-White, L50, shiny|100/100
|-ability|p2b: Kyurem|Turboblaze
|move|p2a: Incineroar|U-turn|p1a: Gastrodon
|-damage|p1a: Gastrodon|28/100
|
|t:|1750769189
|switch|p2a: Ninetales|Ninetales-Alola, L50, F|9/100 slp|[from] U-turn
|-weather|Snowscape|[from] ability: Snow Warning|[of] p2a: Ninetales
|move|p1a: Gastrodon|Recover|p1a: Gastrodon
|-heal|p1a: Gastrodon|78/100
|
|-weather|Snowscape|[upkeep]
|-sideend|p2: itzlenaluv|move: Aurora Veil
|-fieldend|move: Electric Terrain
|upkeep
|turn|9
|
|t:|1750769205
|-curestatus|p2a: Ninetales|slp|[msg]
|move|p2a: Ninetales|Blizzard|p1b: Magnezone|[spread] p1a,p1b
|-crit|p1b: Magnezone
|-damage|p1a: Gastrodon|62/100
|-damage|p1b: Magnezone|0 fnt
|faint|p1b: Magnezone
|move|p2b: Kyurem|Blizzard|p1a: Gastrodon
|-damage|p1a: Gastrodon|9/100
|move|p1a: Gastrodon|Yawn|p2b: Kyurem
|-start|p2b: Kyurem|move: Yawn|[of] p1a: Gastrodon
|
|-weather|Snowscape|[upkeep]
|upkeep
|
|t:|1750769219
|switch|p1b: Arcanine|Arcanine, L50, M|77/100
|-ability|p1b: Arcanine|Intimidate|boost
|-unboost|p2a: Ninetales|atk|1
|-unboost|p2b: Kyurem|atk|1
|turn|10
|
|t:|1750769234
|switch|p2a: Miraidon|Miraidon, L50, tera:Fire|51/100
|-fieldstart|move: Electric Terrain|[from] ability: Hadron Engine|[of] p2a: Miraidon
|move|p1a: Gastrodon|Protect|p1a: Gastrodon
|-singleturn|p1a: Gastrodon|Protect
|move|p1b: Arcanine|Fire Blast|p2b: Kyurem
|-damage|p2b: Kyurem|77/100
|move|p2b: Kyurem|Earth Power|p1b: Arcanine
|-supereffective|p1b: Arcanine
|-damage|p1b: Arcanine|0 fnt
|faint|p1b: Arcanine
|
|-weather|Snowscape|[upkeep]
|-end|p2b: Kyurem|move: Yawn|[silent]
|-activate|p2b: Kyurem|move: Electric Terrain
|upkeep
|turn|11
|
|t:|1750769252
|move|p2a: Miraidon|Draco Meteor|p1a: Gastrodon
|-damage|p1a: Gastrodon|0 fnt
|-unboost|p2a: Miraidon|spa|2
|faint|p1a: Gastrodon
|
|win|itzlenaluv
|raw|Frost314's rating: 1000 &rarr; <strong>1000</strong><br />(+0 for losing)
|raw|itzlenaluv's rating: 1052 &rarr; <strong>1079</strong><br />(+27 for winning)
