|j|☆we moveing
|j|☆wty_vgc
|t:|1750829883
|gametype|doubles
|player|p1|we moveing|266|1188
|player|p2|wty_vgc|101|1295
|teamsize|p1|6
|teamsize|p2|6
|gen|9
|tier|[Gen 9] VGC 2025 Reg I
|rated|
|rule|Species Clause: Limit one of each Pokémon
|rule|Item Clause: Limit 1 of each item
|clearpoke
|poke|p1|Koraidon, L50|
|poke|p1|Walking Wake, L50|
|poke|p1|Incineroar, L50, F|
|poke|p1|Scovillain, L50, M|
|poke|p1|Ursaluna, L50, F|
|poke|p1|Zamazenta-*, L50|
|poke|p2|Zacian-*, L50|
|poke|p2|Incineroar, L50, M|
|poke|p2|Kyogre, L50|
|poke|p2|Archaludon, L50, F|
|poke|p2|Hitmontop, L50, M|
|poke|p2|Farigiraf, L50, F|
|teampreview|4
|
|t:|1750829932
|start
|switch|p1a: Walking Wake|Walking Wake, L50|100/100
|switch|p1b: Scovillain|Scovillain, L50, M|100/100
|switch|p2a: Zacian|Zacian-Crowned, L50|100/100
|switch|p2b: Incineroar|Incineroar, L50, M|100/100
|-ability|p2a: Zacian|Intrepid Sword|boost
|-boost|p2a: Zacian|atk|1
|-ability|p2b: Incineroar|Intimidate|boost
|-unboost|p1a: Walking Wake|atk|1
|-unboost|p1b: Scovillain|atk|1
|turn|1
|
|t:|1750829957
|move|p1b: Scovillain|Protect|p1b: Scovillain
|-singleturn|p1b: Scovillain|Protect
|move|p2b: Incineroar|Fake Out|p1a: Walking Wake
|-damage|p1a: Walking Wake|90/100
|move|p2a: Zacian|Play Rough|p1a: Walking Wake
|-supereffective|p1a: Walking Wake
|-damage|p1a: Walking Wake|0 fnt
|faint|p1a: Walking Wake
|-end|p1a: Walking Wake|Protosynthesis|[silent]
|
|upkeep
|
|t:|1750829964
|switch|p1a: Koraidon|Koraidon, L50|100/100
|-weather|SunnyDay|[from] ability: Orichalcum Pulse|[of] p1a: Koraidon
|-activate|p1a: Koraidon|Orichalcum Pulse|[source]
|turn|2
|
|t:|1750829987
|switch|p1a: Incineroar|Incineroar, L50, F|100/100
|-ability|p1a: Incineroar|Intimidate|boost
|-unboost|p2a: Zacian|atk|1
|-unboost|p2b: Incineroar|atk|1
|move|p2a: Zacian|Protect|p2a: Zacian
|-singleturn|p2a: Zacian|Protect
|move|p1b: Scovillain|Overheat|p2a: Zacian
|-activate|p2a: Zacian|move: Protect
|move|p2b: Incineroar|Parting Shot|p1b: Scovillain
|-unboost|p1b: Scovillain|atk|1
|-unboost|p1b: Scovillain|spa|1
|
|t:|1750830011
|switch|p2b: Archaludon|Archaludon, L50, F|100/100|[from] Parting Shot
|
|-weather|SunnyDay|[upkeep]
|upkeep
|turn|3
|
|t:|1750830035
|switch|p2a: Kyogre|Kyogre, L50|100/100
|-weather|RainDance|[from] ability: Drizzle|[of] p2a: Kyogre
|move|p1a: Incineroar|Fake Out|p2a: Kyogre
|-damage|p2a: Kyogre|88/100
|move|p1b: Scovillain|Spicy Extract|p2b: Archaludon
|-boost|p2b: Archaludon|atk|2
|-unboost|p2b: Archaludon|def|2
|move|p2b: Archaludon|Dragon Pulse|p1b: Scovillain
|-damage|p1b: Scovillain|40/100
|
|-weather|RainDance|[upkeep]
|upkeep
|turn|4
|
|t:|1750830066
|switch|p1b: Koraidon|Koraidon, L50|100/100
|-weather|SunnyDay|[from] ability: Orichalcum Pulse|[of] p1b: Koraidon
|-activate|p1b: Koraidon|Orichalcum Pulse|[source]
|switch|p2b: Zacian|Zacian-Crowned, L50|100/100
|move|p2a: Kyogre|Water Spout|p1b: Koraidon|[spread] p1a,p1b
|-supereffective|p1a: Incineroar
|-resisted|p1b: Koraidon
|-damage|p1a: Incineroar|44/100
|-damage|p1b: Koraidon|83/100
|move|p1a: Incineroar|Flare Blitz|p2b: Zacian
|-supereffective|p2b: Zacian
|-damage|p2b: Zacian|0 fnt
|faint|p2b: Zacian
|-damage|p1a: Incineroar|17/100|[from] Recoil
|
|-weather|SunnyDay|[upkeep]
|upkeep
|
|t:|1750830092
|switch|p2b: Incineroar|Incineroar, L50, M|100/100
|-ability|p2b: Incineroar|Intimidate|boost
|-unboost|p1a: Incineroar|atk|1
|-fail|p1b: Koraidon|unboost|[from] item: Clear Amulet|[of] p1b: Koraidon
|turn|5
|
|t:|1750830102
|switch|p2a: Archaludon|Archaludon, L50, F|100/100
|switch|p1a: Scovillain|Scovillain, L50, M|40/100
|move|p1b: Koraidon|Protect|p1b: Koraidon
|-singleturn|p1b: Koraidon|Protect
|move|p2b: Incineroar|Fake Out|p1b: Koraidon
|-activate|p1b: Koraidon|move: Protect
|
|-weather|SunnyDay|[upkeep]
|upkeep
|turn|6
|
|t:|1750830141
|switch|p1b: Incineroar|Incineroar, L50, F|17/100
|-ability|p1b: Incineroar|Intimidate|boost
|-unboost|p2a: Archaludon|atk|1
|-unboost|p2b: Incineroar|atk|1
|switch|p2b: Kyogre|Kyogre, L50|88/100
|-weather|RainDance|[from] ability: Drizzle|[of] p2b: Kyogre
|move|p1a: Scovillain|Overheat|p2a: Archaludon
|-damage|p2a: Archaludon|78/100
|-unboost|p1a: Scovillain|spa|2
|-ability|p2a: Archaludon|Stamina|boost
|-boost|p2a: Archaludon|def|1
|move|p2a: Archaludon|Electro Shot||[still]
|-prepare|p2a: Archaludon|Electro Shot
|-boost|p2a: Archaludon|spa|1
|-anim|p2a: Archaludon|Electro Shot|p1a: Scovillain
|-resisted|p1a: Scovillain
|-damage|p1a: Scovillain|0 fnt
|faint|p1a: Scovillain
|
|-weather|RainDance|[upkeep]
|upkeep
|
|t:|1750830157
|switch|p1a: Koraidon|Koraidon, L50|83/100
|-weather|SunnyDay|[from] ability: Orichalcum Pulse|[of] p1a: Koraidon
|-activate|p1a: Koraidon|Orichalcum Pulse|[source]
|turn|7
|
|t:|1750830186
|switch|p2b: Incineroar|Incineroar, L50, M|100/100
|-ability|p2b: Incineroar|Intimidate|boost
|-fail|p1a: Koraidon|unboost|[from] item: Clear Amulet|[of] p1a: Koraidon
|-unboost|p1b: Incineroar|atk|1
|-terastallize|p2a: Archaludon|Grass
|move|p1a: Koraidon|Protect|p1a: Koraidon
|-singleturn|p1a: Koraidon|Protect
|move|p2a: Archaludon|Body Press|p1a: Koraidon
|-activate|p1a: Koraidon|move: Protect
|move|p1b: Incineroar|Parting Shot|p2b: Incineroar
|-unboost|p2b: Incineroar|atk|1
|-unboost|p2b: Incineroar|spa|1
|
|-weather|SunnyDay|[upkeep]
|upkeep
|turn|8
|
|t:|1750830224
|switch|p2b: Kyogre|Kyogre, L50|88/100
|-weather|RainDance|[from] ability: Drizzle|[of] p2b: Kyogre
|move|p1a: Koraidon|Close Combat|p2b: Kyogre
|-damage|p2b: Kyogre|20/100
|-unboost|p1a: Koraidon|def|1
|-unboost|p1a: Koraidon|spd|1
|move|p2a: Archaludon|Dragon Pulse|p1a: Koraidon
|-supereffective|p1a: Koraidon
|-damage|p1a: Koraidon|0 fnt
|faint|p1a: Koraidon
|move|p1b: Incineroar|Flare Blitz|p2a: Archaludon
|-supereffective|p2a: Archaludon
|-damage|p2a: Archaludon|65/100
|-ability|p2a: Archaludon|Stamina|boost
|-boost|p2a: Archaludon|def|1
|-damage|p1b: Incineroar|13/100|[from] Recoil
|
|-weather|RainDance|[upkeep]
|upkeep
|turn|9
|-message|we moveing forfeited.
|
|win|wty_vgc
|raw|we moveing's rating: 1188 &rarr; <strong>1170</strong><br />(-18 for losing)
|raw|wty_vgc's rating: 1295 &rarr; <strong>1313</strong><br />(+18 for winning)
|l|☆we moveing
|player|p1|
|l|☆wty_vgc
|player|p2|
