|j|☆vvictooor__
|j|☆MondayMorning1211
|t:|1750876177
|gametype|doubles
|player|p1|vvictooor__|169|1077
|player|p2|MondayMorning1211|nate|1099
|teamsize|p1|6
|teamsize|p2|6
|gen|9
|tier|[Gen 9] VGC 2025 Reg I
|rated|
|rule|Species Clause: Limit one of each Pokémon
|rule|Item Clause: Limit 1 of each item
|clearpoke
|poke|p1|Iron Crown, L50|
|poke|p1|Porygon2, L50|
|poke|p1|Calyrex-Ice, L50|
|poke|p1|Wyrdeer, L50, F|
|poke|p1|Hatterene, L50, F|
|poke|p1|Indeedee-F, L50, F|
|poke|p2|Archaludon, L50, M|
|poke|p2|Tornadus, L50, M|
|poke|p2|Indeedee-F, L50, F|
|poke|p2|Iron Hands, L50|
|poke|p2|Calyrex-Ice, L50|
|poke|p2|Miraidon, L50|
|teampreview|4
|
|t:|1750876219
|start
|switch|p1a: Iron Crown|Iron Crown, L50|100/100
|switch|p1b: Wyrdeer|Wyrdeer, L50, F|100/100
|switch|p2a: Archaludon|Archaludon, L50, M|100/100
|switch|p2b: Miraidon|Miraidon, L50|100/100
|-fieldstart|move: Electric Terrain|[from] ability: Hadron Engine|[of] p2b: Miraidon
|-activate|p1a: Iron Crown|ability: Quark Drive
|-start|p1a: Iron Crown|quarkdrivespa
|-ability|p1b: Wyrdeer|Intimidate|boost
|-unboost|p2a: Archaludon|atk|1
|-unboost|p2b: Miraidon|atk|1
|turn|1
|
|t:|1750876240
|switch|p1b: Indeedee|Indeedee-F, L50, F|100/100
|-fieldstart|move: Psychic Terrain|[from] ability: Psychic Surge|[of] p1b: Indeedee
|-end|p1a: Iron Crown|Quark Drive
|-enditem|p1a: Iron Crown|Booster Energy
|-activate|p1a: Iron Crown|ability: Quark Drive|[fromitem]
|-start|p1a: Iron Crown|quarkdrivespa
|move|p1a: Iron Crown|Protect|p1a: Iron Crown
|-singleturn|p1a: Iron Crown|Protect
|move|p2b: Miraidon|Volt Switch|p1b: Indeedee
|-damage|p1b: Indeedee|63/100
|
|t:|1750876254
|switch|p2b: Calyrex|Calyrex-Ice, L50|100/100|[from] Volt Switch
|-ability|p2b: Calyrex|As One
|-ability|p2b: Calyrex|Unnerve
|move|p2a: Archaludon|Electro Shot||[still]
|-prepare|p2a: Archaludon|Electro Shot
|-boost|p2a: Archaludon|spa|1
|-enditem|p2a: Archaludon|Power Herb
|-anim|p2a: Archaludon|Electro Shot|p1a: Iron Crown
|-activate|p1a: Iron Crown|move: Protect
|
|upkeep
|turn|2
|
|t:|1750876279
|switch|p2b: Miraidon|Miraidon, L50|100/100
|-fieldstart|move: Electric Terrain|[from] ability: Hadron Engine|[of] p2b: Miraidon
|-terastallize|p1a: Iron Crown|Stellar
|move|p1b: Indeedee|Follow Me|p1b: Indeedee
|-singleturn|p1b: Indeedee|move: Follow Me
|move|p2a: Archaludon|Electro Shot||[still]
|-prepare|p2a: Archaludon|Electro Shot
|-boost|p2a: Archaludon|spa|1
|move|p1a: Iron Crown|Tachyon Cutter|p2b: Miraidon
|-resisted|p2b: Miraidon
|-damage|p2b: Miraidon|80/100
|-resisted|p2b: Miraidon
|-damage|p2b: Miraidon|58/100
|-hitcount|p2b: Miraidon|2
|
|upkeep
|turn|3
|
|t:|1750876311
|move|p1b: Indeedee|Follow Me|p1b: Indeedee
|-singleturn|p1b: Indeedee|move: Follow Me
|move|p2b: Miraidon|Electro Drift|p1b: Indeedee
|-damage|p1b: Indeedee|0 fnt
|faint|p1b: Indeedee
|move|p2a: Archaludon|Electro Shot|p1a: Iron Crown|[from] lockedmove
|-damage|p1a: Iron Crown|9/100
|move|p1a: Iron Crown|Focus Blast|p2a: Archaludon
|-supereffective|p2a: Archaludon
|-damage|p2a: Archaludon|0 fnt
|faint|p2a: Archaludon
|
|upkeep
|
|t:|1750876327
|switch|p2a: Iron Hands|Iron Hands, L50|100/100
|switch|p1b: Calyrex|Calyrex-Ice, L50|100/100
|-ability|p1b: Calyrex|As One
|-ability|p1b: Calyrex|Unnerve
|-activate|p2a: Iron Hands|ability: Quark Drive
|-start|p2a: Iron Hands|quarkdriveatk
|turn|4
|
|t:|1750876332
|-end|p1a: Iron Crown|Quark Drive|[silent]
|switch|p1a: Wyrdeer|Wyrdeer, L50, F|100/100
|-ability|p1a: Wyrdeer|Intimidate|boost
|-unboost|p2a: Iron Hands|atk|1
|-unboost|p2b: Miraidon|atk|1
|move|p1b: Calyrex|Protect|p1b: Calyrex
|-singleturn|p1b: Calyrex|Protect
|move|p2a: Iron Hands|Fake Out|p1a: Wyrdeer
|-damage|p1a: Wyrdeer|90/100
|-damage|p2a: Iron Hands|84/100|[from] item: Rocky Helmet|[of] p1a: Wyrdeer
|move|p2b: Miraidon|Electro Drift|p1b: Calyrex
|-activate|p1b: Calyrex|move: Protect
|
|upkeep
|turn|5
|
|t:|1750876360
|switch|p1b: Iron Crown|Iron Crown, L50, tera:Stellar|9/100
|-activate|p1b: Iron Crown|ability: Quark Drive
|-start|p1b: Iron Crown|quarkdrivespa
|move|p2b: Miraidon|Electro Drift|p1b: Iron Crown
|-damage|p1b: Iron Crown|0 fnt
|faint|p1b: Iron Crown
|-end|p1b: Iron Crown|Quark Drive|[silent]
|move|p2a: Iron Hands|Drain Punch|p1a: Wyrdeer
|-damage|p1a: Wyrdeer|60/100
|-heal|p2a: Iron Hands|96/100|[from] drain|[of] p1a: Wyrdeer
|-damage|p2a: Iron Hands|80/100|[from] item: Rocky Helmet|[of] p1a: Wyrdeer
|move|p1a: Wyrdeer|Psyshield Bash|p2a: Iron Hands
|-supereffective|p2a: Iron Hands
|-damage|p2a: Iron Hands|47/100
|-boost|p1a: Wyrdeer|def|1
|
|upkeep
|
|t:|1750876370
|switch|p1b: Calyrex|Calyrex-Ice, L50|100/100
|-ability|p1b: Calyrex|As One
|-ability|p1b: Calyrex|Unnerve
|turn|6
|
|t:|1750876386
|move|p1b: Calyrex|Protect|p1b: Calyrex
|-singleturn|p1b: Calyrex|Protect
|move|p2b: Miraidon|Electro Drift|p1b: Calyrex
|-activate|p1b: Calyrex|move: Protect
|move|p2a: Iron Hands|Drain Punch|p1a: Wyrdeer
|-damage|p1a: Wyrdeer|41/100
|-heal|p2a: Iron Hands|54/100|[from] drain|[of] p1a: Wyrdeer
|-damage|p2a: Iron Hands|38/100|[from] item: Rocky Helmet|[of] p1a: Wyrdeer
|move|p1a: Wyrdeer|Trick Room|p1a: Wyrdeer
|-fieldstart|move: Trick Room|[of] p1a: Wyrdeer
|
|-fieldend|move: Electric Terrain
|-end|p2a: Iron Hands|Quark Drive
|upkeep
|turn|7
|
|t:|1750876408
|-end|p2a: Iron Hands|Quark Drive|[silent]
|switch|p2a: Calyrex|Calyrex-Ice, L50|100/100
|-ability|p2a: Calyrex|As One
|-ability|p2a: Calyrex|Unnerve
|-terastallize|p2b: Miraidon|Fairy
|move|p1a: Wyrdeer|Helping Hand|p1b: Calyrex
|-singleturn|p1b: Calyrex|Helping Hand|[of] p1a: Wyrdeer
|move|p1b: Calyrex|Glacial Lance|p2a: Calyrex|[spread] p2a,p2b
|-resisted|p2a: Calyrex
|-damage|p2a: Calyrex|78/100
|-damage|p2b: Miraidon|0 fnt
|faint|p2b: Miraidon
|-ability|p1b: Calyrex|Chilling Neigh|boost
|-boost|p1b: Calyrex|atk|1
|
|-heal|p2a: Calyrex|84/100|[from] item: Leftovers
|upkeep
|
|t:|1750876421
|switch|p2b: Iron Hands|Iron Hands, L50|38/100
|turn|8
|
|t:|1750876439
|move|p1a: Wyrdeer|Helping Hand|p1b: Calyrex
|-singleturn|p1b: Calyrex|Helping Hand|[of] p1a: Wyrdeer
|move|p2b: Iron Hands|Fake Out|p1a: Wyrdeer
|-damage|p1a: Wyrdeer|32/100
|-damage|p2b: Iron Hands|21/100|[from] item: Rocky Helmet|[of] p1a: Wyrdeer
|move|p2a: Calyrex|Glacial Lance|p1a: Wyrdeer|[spread] p1a,p1b
|-resisted|p1b: Calyrex
|-damage|p1a: Wyrdeer|6/100
|-damage|p1b: Calyrex|85/100
|move|p1b: Calyrex|Glacial Lance|p2b: Iron Hands|[spread] p2a,p2b
|-resisted|p2a: Calyrex
|-damage|p2a: Calyrex|46/100
|-damage|p2b: Iron Hands|0 fnt
|faint|p2b: Iron Hands
|-end|p2b: Iron Hands|Quark Drive|[silent]
|-ability|p1b: Calyrex|Chilling Neigh|boost
|-boost|p1b: Calyrex|atk|1
|
|-heal|p1b: Calyrex|91/100|[from] item: Leftovers
|-heal|p2a: Calyrex|52/100|[from] item: Leftovers
|upkeep
|turn|9
|
|t:|1750876458
|move|p1a: Wyrdeer|Helping Hand|p1b: Calyrex
|-singleturn|p1b: Calyrex|Helping Hand|[of] p1a: Wyrdeer
|move|p1b: Calyrex|High Horsepower|p2a: Calyrex
|-damage|p2a: Calyrex|0 fnt
|faint|p2a: Calyrex
|
|win|vvictooor__
|raw|vvictooor__'s rating: 1077 &rarr; <strong>1107</strong><br />(+30 for winning)
|raw|MondayMorning1211's rating: 1099 &rarr; <strong>1073</strong><br />(-26 for losing)
|l|☆MondayMorning1211
|player|p2|
|l|☆vvictooor__
|player|p1|
