|j|☆billythegamegoat
|j|☆Pizzzaguy9
|t:|1750818827
|gametype|doubles
|player|p1|billythegamegoat|rocketgrunt|1405
|player|p2|Pizzzaguy9|blue|1342
|teamsize|p1|6
|teamsize|p2|6
|gen|9
|tier|[Gen 9] VGC 2025 Reg I
|rated|
|rule|Species Clause: Limit one of each Pokémon
|rule|Item Clause: Limit 1 of each item
|clearpoke
|poke|p1|Calyrex-Ice, L50|
|poke|p1|Porygon2, L50|
|poke|p1|Rillaboom, L50, F|
|poke|p1|Kyogre, L50|
|poke|p1|Ursaluna, L50, F|
|poke|p1|Kingambit, L50, M|
|poke|p2|Ho-Oh, L50|
|poke|p2|Groudon, L50|
|poke|p2|Raging Bolt, L50|
|poke|p2|Flutter Mane, L50|
|poke|p2|Indeedee-F, L50, F|
|poke|p2|Gholdengo, L50|
|teampreview|4
|inactive|Battle timer is ON: inactive players will automatically lose when time's up. (requested by billythegamegoat)
|inactive|Pizzzaguy9 has 60 seconds left.
|
|t:|1750818882
|start
|switch|p1a: Rillaboom|Rillaboom, L50, F|100/100
|switch|p1b: Porygon2|Porygon2, L50|100/100
|switch|p2a: Raging Bolt|Raging Bolt, L50|100/100
|switch|p2b: Ho-Oh|Ho-Oh, L50|100/100
|-fieldstart|move: Grassy Terrain|[from] ability: Grassy Surge|[of] p1a: Rillaboom
|-ability|p1b: Porygon2|Download|boost
|-boost|p1b: Porygon2|atk|1
|turn|1
|
|t:|1750818904
|move|p1a: Rillaboom|U-turn|p2a: Raging Bolt
|-damage|p2a: Raging Bolt|82/100
|
|t:|1750818906
|switch|p1a: Ursaluna|Ursaluna, L50, F|100/100|[from] U-turn
|move|p2b: Ho-Oh|Sacred Fire|p1a: Ursaluna
|-damage|p1a: Ursaluna|70/100
|-status|p1a: Ursaluna|brn
|move|p2a: Raging Bolt|Thunderbolt|p1a: Ursaluna
|-immune|p1a: Ursaluna
|move|p1b: Porygon2|Trick Room|p1b: Porygon2
|-fieldstart|move: Trick Room|[of] p1b: Porygon2
|
|-heal|p1a: Ursaluna|76/100 brn|[from] Grassy Terrain
|-heal|p2a: Raging Bolt|88/100|[from] Grassy Terrain
|-damage|p1a: Ursaluna|70/100 brn|[from] brn
|upkeep
|turn|2
|inactive|Pizzzaguy9 has 30 seconds left.
|
|t:|1750818937
|-terastallize|p2a: Raging Bolt|Fairy
|move|p1a: Ursaluna|Facade|p2b: Ho-Oh
|-damage|p2b: Ho-Oh|19/100
|-damage|p1a: Ursaluna|54/100 brn|[from] item: Rocky Helmet|[of] p2b: Ho-Oh
|move|p1b: Porygon2|Ice Beam|p2a: Raging Bolt
|-damage|p2a: Raging Bolt|76/100
|move|p2a: Raging Bolt|Draco Meteor|p1a: Ursaluna
|-damage|p1a: Ursaluna|0 fnt
|-unboost|p2a: Raging Bolt|spa|2
|faint|p1a: Ursaluna
|move|p2b: Ho-Oh|Sacred Fire|p1b: Porygon2
|-damage|p1b: Porygon2|72/100
|-status|p1b: Porygon2|brn
|
|-heal|p1b: Porygon2|78/100 brn|[from] Grassy Terrain
|-heal|p2a: Raging Bolt|82/100|[from] Grassy Terrain
|-damage|p1b: Porygon2|72/100 brn|[from] brn
|upkeep
|
|t:|1750818956
|switch|p1a: Kyogre|Kyogre, L50|100/100
|-weather|RainDance|[from] ability: Drizzle|[of] p1a: Kyogre
|turn|3
|inactive|Pizzzaguy9 has 30 seconds left.
|
|t:|1750818988
|switch|p1b: Rillaboom|Rillaboom, L50, F|100/100
|-end|p2a: Raging Bolt|Protosynthesis|[silent]
|switch|p2a: Groudon|Groudon, L50|100/100
|-weather|SunnyDay|[from] ability: Drought|[of] p2a: Groudon
|switch|p2b: Gholdengo|Gholdengo, L50|100/100
|move|p1a: Kyogre|Calm Mind|p1a: Kyogre
|-boost|p1a: Kyogre|spa|1
|-boost|p1a: Kyogre|spd|1
|
|-weather|SunnyDay|[upkeep]
|upkeep
|turn|4
|inactive|Pizzzaguy9 has 30 seconds left.
|
|t:|1750819015
|switch|p2a: Raging Bolt|Raging Bolt, L50, tera:Fairy|82/100
|-activate|p2a: Raging Bolt|ability: Protosynthesis
|-start|p2a: Raging Bolt|protosynthesisspa
|move|p1b: Rillaboom|Fake Out|p2a: Raging Bolt
|-damage|p2a: Raging Bolt|73/100
|move|p1a: Kyogre|Calm Mind|p1a: Kyogre
|-boost|p1a: Kyogre|spa|1
|-boost|p1a: Kyogre|spd|1
|move|p2b: Gholdengo|Nasty Plot|p2b: Gholdengo
|-boost|p2b: Gholdengo|spa|2
|
|-weather|SunnyDay|[upkeep]
|-heal|p2a: Raging Bolt|79/100|[from] Grassy Terrain
|upkeep
|turn|5
|inactive|Pizzzaguy9 has 30 seconds left.
|inactive|Pizzzaguy9 has 20 seconds left.
|inactive|Pizzzaguy9 has 15 seconds left.
|inactive|Pizzzaguy9 has 10 seconds left.
|
|t:|1750819062
|move|p1a: Kyogre|Calm Mind|p1a: Kyogre
|-boost|p1a: Kyogre|spa|1
|-boost|p1a: Kyogre|spd|1
|move|p2a: Raging Bolt|Thunderbolt|p1a: Kyogre
|-supereffective|p1a: Kyogre
|-damage|p1a: Kyogre|66/100
|move|p2b: Gholdengo|Make It Rain|p1a: Kyogre|[spread] p1a,p1b
|-resisted|p1a: Kyogre
|-damage|p1a: Kyogre|51/100
|-damage|p1b: Rillaboom|0 fnt
|-unboost|p2b: Gholdengo|spa|1
|faint|p1b: Rillaboom
|
|-weather|SunnyDay|[upkeep]
|-heal|p1a: Kyogre|57/100|[from] Grassy Terrain
|-heal|p2a: Raging Bolt|85/100|[from] Grassy Terrain
|-fieldend|move: Trick Room
|-fieldend|move: Grassy Terrain
|upkeep
|
|t:|1750819073
|switch|p1b: Porygon2|Porygon2, L50|72/100 brn
|-ability|p1b: Porygon2|Download|boost
|-boost|p1b: Porygon2|spa|1
|turn|6
|inactive|Pizzzaguy9 has 30 seconds left.
|
|t:|1750819104
|move|p1a: Kyogre|Protect|p1a: Kyogre
|-singleturn|p1a: Kyogre|Protect
|move|p2b: Gholdengo|Shadow Ball|p1a: Kyogre
|-activate|p1a: Kyogre|move: Protect
|move|p2a: Raging Bolt|Snarl|p1b: Porygon2|[spread] p1b
|-activate|p1a: Kyogre|move: Protect
|-damage|p1b: Porygon2|63/100 brn
|-unboost|p1b: Porygon2|spa|1
|move|p1b: Porygon2|Trick Room|p1b: Porygon2
|-fieldstart|move: Trick Room|[of] p1b: Porygon2
|
|-weather|SunnyDay|[upkeep]
|-damage|p1b: Porygon2|57/100 brn|[from] brn
|upkeep
|turn|7
|inactive|Pizzzaguy9 has 30 seconds left.
|inactive|Pizzzaguy9 has 20 seconds left.
|
|t:|1750819140
|move|p2a: Raging Bolt|Thunderclap||[still]
|-fail|p2a: Raging Bolt
|move|p1a: Kyogre|Calm Mind|p1a: Kyogre
|-boost|p1a: Kyogre|spa|1
|-boost|p1a: Kyogre|spd|1
|move|p1b: Porygon2|Ice Beam|p2a: Raging Bolt
|-damage|p2a: Raging Bolt|72/100
|move|p2b: Gholdengo|Make It Rain|p1a: Kyogre|[spread] p1a,p1b
|-resisted|p1a: Kyogre
|-damage|p1a: Kyogre|47/100
|-damage|p1b: Porygon2|15/100 brn
|-unboost|p2b: Gholdengo|spa|1
|
|-weather|none
|-end|p2a: Raging Bolt|Protosynthesis
|-damage|p1b: Porygon2|9/100 brn|[from] brn
|upkeep
|turn|8
|inactive|Pizzzaguy9 has 30 seconds left.
|
|t:|1750819167
|move|p1a: Kyogre|Protect|p1a: Kyogre
|-singleturn|p1a: Kyogre|Protect
|move|p2a: Raging Bolt|Thunderclap||[still]
|-fail|p2a: Raging Bolt
|move|p1b: Porygon2|Recover|p1b: Porygon2
|-heal|p1b: Porygon2|59/100 brn
|move|p2b: Gholdengo|Make It Rain|p1b: Porygon2|[spread] p1b
|-activate|p1a: Kyogre|move: Protect
|-damage|p1b: Porygon2|34/100 brn
|-unboost|p2b: Gholdengo|spa|1
|
|-damage|p1b: Porygon2|28/100 brn|[from] brn
|upkeep
|turn|9
|inactive|billythegamegoat has 30 seconds left.
|inactive|Pizzzaguy9 has 30 seconds left.
|inactive|Pizzzaguy9 has 20 seconds left.
|inactive|Pizzzaguy9 has 15 seconds left.
|inactive|Pizzzaguy9 has 10 seconds left.
|
|t:|1750819215
|-terastallize|p1a: Kyogre|Water
|move|p2a: Raging Bolt|Thunderclap|p1a: Kyogre
|-supereffective|p1a: Kyogre
|-damage|p1a: Kyogre|29/100
|move|p1a: Kyogre|Water Spout|p2a: Raging Bolt|[spread] p2a,p2b
|-damage|p2a: Raging Bolt|31/100
|-damage|p2b: Gholdengo|20/100
|move|p1b: Porygon2|Ice Beam|p2a: Raging Bolt
|-damage|p2a: Raging Bolt|20/100
|move|p2b: Gholdengo|Nasty Plot|p2b: Gholdengo
|-boost|p2b: Gholdengo|spa|2
|
|-damage|p1b: Porygon2|22/100 brn|[from] brn
|upkeep
|turn|10
|inactive|Pizzzaguy9 has 30 seconds left.
|
|t:|1750819247
|move|p2b: Gholdengo|Protect|p2b: Gholdengo
|-singleturn|p2b: Gholdengo|Protect
|move|p2a: Raging Bolt|Thunderclap|p1a: Kyogre
|-supereffective|p1a: Kyogre
|-damage|p1a: Kyogre|10/100
|move|p1a: Kyogre|Water Spout|p2b: Gholdengo|[spread] p2a
|-activate|p2b: Gholdengo|move: Protect
|-damage|p2a: Raging Bolt|5/100
|move|p1b: Porygon2|Recover|p1b: Porygon2
|-heal|p1b: Porygon2|73/100 brn
|
|-damage|p1b: Porygon2|67/100 brn|[from] brn
|-fieldend|move: Trick Room
|upkeep
|turn|11
|inactive|Pizzzaguy9 has 30 seconds left.
|
|t:|1750819273
|move|p1a: Kyogre|Protect|p1a: Kyogre
|-singleturn|p1a: Kyogre|Protect
|move|p2b: Gholdengo|Make It Rain|p1a: Kyogre|[spread] p1b
|-activate|p1a: Kyogre|move: Protect
|-damage|p1b: Porygon2|26/100 brn
|-unboost|p2b: Gholdengo|spa|1
|move|p2a: Raging Bolt|Draco Meteor|p1b: Porygon2
|-damage|p1b: Porygon2|0 fnt
|-unboost|p2a: Raging Bolt|spa|2
|faint|p1b: Porygon2
|
|upkeep
|turn|12
|c|☆billythegamegoat|Gg
|
|t:|1750819292
|move|p2b: Gholdengo|Shadow Ball|p1a: Kyogre
|-damage|p1a: Kyogre|1/100
|move|p2a: Raging Bolt|Thunderbolt|p1a: Kyogre
|-supereffective|p1a: Kyogre
|-damage|p1a: Kyogre|0 fnt
|faint|p1a: Kyogre
|
|win|Pizzzaguy9
|raw|billythegamegoat's rating: 1405 &rarr; <strong>1381</strong><br />(-24 for losing)
|raw|Pizzzaguy9's rating: 1342 &rarr; <strong>1366</strong><br />(+24 for winning)
|l|☆billythegamegoat
|player|p1|
|c|☆Pizzzaguy9|Gg
|l|☆Pizzzaguy9
|player|p2|
