|j|☆QuagsireJelly
|j|☆reznob
|t:|1750831754
|gametype|doubles
|player|p1|QuagsireJelly|266|1181
|player|p2|reznob|102|1267
|teamsize|p1|6
|teamsize|p2|6
|gen|9
|tier|[Gen 9] VGC 2025 Reg I
|rated|
|rule|Species Clause: Limit one of each Pokémon
|rule|Item Clause: Limit 1 of each item
|clearpoke
|poke|p1|Smeargle, L50, F|
|poke|p1|Muk-Alola, L50, M|
|poke|p1|Flamigo, L50, F|
|poke|p1|Calyrex-Ice, L50|
|poke|p1|Porygon2, L50|
|poke|p1|Ursaluna-Bloodmoon, L50, M|
|poke|p2|Zamazenta-*, L50|
|poke|p2|Calyrex-Shadow, L50|
|poke|p2|Incineroar, L50, M|
|poke|p2|Indeedee-F, L50, F|
|poke|p2|Flutter Mane, L50|
|poke|p2|Ursaluna, L50, M|
|teampreview|4
|inactive|Battle timer is ON: inactive players will automatically lose when time's up. (requested by QuagsireJelly)
|inactive|reznob has 60 seconds left.
|
|t:|1750831801
|start
|switch|p1a: Smeargle|Smeargle, L50, F|100/100
|switch|p1b: Muk|Muk-Alola, L50, M|100/100
|switch|p2a: Indeedee|Indeedee-F, L50, F|100/100
|switch|p2b: Calyrex|Calyrex-Shadow, L50|100/100
|-ability|p2b: Calyrex|As One
|-ability|p2b: Calyrex|Unnerve
|-fieldstart|move: Psychic Terrain|[from] ability: Psychic Surge|[of] p2a: Indeedee
|-enditem|p2a: Indeedee|Psychic Seed
|-boost|p2a: Indeedee|spd|1|[from] item: Psychic Seed
|turn|1
|
|t:|1750831811
|move|p2b: Calyrex|Astral Barrage|p1a: Smeargle|[spread] p1b
|-immune|p1a: Smeargle
|-resisted|p1b: Muk
|-damage|p1b: Muk|78/100
|move|p1a: Smeargle|Spore|p2b: Calyrex
|-status|p2b: Calyrex|slp|[from] move: Spore
|move|p2a: Indeedee|Psychic|p1a: Smeargle
|-damage|p1a: Smeargle|8/100
|move|p1b: Muk|Minimize|p1b: Muk
|-boost|p1b: Muk|evasion|2
|
|-heal|p1b: Muk|84/100|[from] item: Leftovers
|-ability|p1a: Smeargle|Moody|boost
|-boost|p1a: Smeargle|def|2
|-unboost|p1a: Smeargle|spa|1
|upkeep
|turn|2
|
|t:|1750831829
|cant|p2b: Calyrex|slp
|move|p1a: Smeargle|Spore|p2a: Indeedee
|-status|p2a: Indeedee|slp|[from] move: Spore
|cant|p2a: Indeedee|slp
|move|p1b: Muk|Minimize|p1b: Muk
|-boost|p1b: Muk|evasion|2
|
|-heal|p1b: Muk|91/100|[from] item: Leftovers
|-ability|p1a: Smeargle|Moody|boost
|-boost|p1a: Smeargle|def|2
|-unboost|p1a: Smeargle|spd|1
|upkeep
|turn|3
|
|t:|1750831837
|cant|p2b: Calyrex|slp
|move|p1a: Smeargle|Dire Claw|p2b: Calyrex
|-resisted|p2b: Calyrex
|-damage|p2b: Calyrex|94/100 slp
|cant|p2a: Indeedee|slp
|move|p1b: Muk|Minimize|p1b: Muk
|-boost|p1b: Muk|evasion|2
|
|-heal|p1b: Muk|97/100|[from] item: Leftovers
|-ability|p1a: Smeargle|Moody|boost
|-boost|p1a: Smeargle|def|2
|-unboost|p1a: Smeargle|atk|1
|upkeep
|turn|4
|
|t:|1750831850
|cant|p2a: Indeedee|slp
|cant|p2b: Calyrex|slp
|move|p1a: Smeargle|Spore|p2b: Calyrex
|-fail|p2b: Calyrex|slp
|move|p1b: Muk|Knock Off|p2b: Calyrex
|-supereffective|p2b: Calyrex
|-damage|p2b: Calyrex|0 fnt
|-enditem|p2b: Calyrex|Focus Sash|[from] move: Knock Off|[of] p1b: Muk
|faint|p2b: Calyrex
|
|-heal|p1b: Muk|100/100|[from] item: Leftovers
|-ability|p1a: Smeargle|Moody|boost
|-boost|p1a: Smeargle|spa|2
|-unboost|p1a: Smeargle|atk|1
|upkeep
|
|t:|1750831857
|switch|p2b: Ursaluna|Ursaluna, L50, M|100/100
|turn|5
|
|t:|1750831873
|move|p2b: Ursaluna|Protect|p2b: Ursaluna
|-singleturn|p2b: Ursaluna|Protect
|move|p1a: Smeargle|Spore|p2b: Ursaluna
|-activate|p2b: Ursaluna|move: Protect
|move|p1b: Muk|Knock Off|p2b: Ursaluna
|-activate|p2b: Ursaluna|move: Protect
|-curestatus|p2a: Indeedee|slp|[msg]
|move|p2a: Indeedee|Trick Room|p2a: Indeedee
|-fieldstart|move: Trick Room|[of] p2a: Indeedee
|
|-fieldend|move: Psychic Terrain
|-status|p2b: Ursaluna|brn|[from] item: Flame Orb
|-ability|p1a: Smeargle|Moody|boost
|-boost|p1a: Smeargle|atk|2
|-unboost|p1a: Smeargle|def|1
|upkeep
|turn|6
|
|t:|1750831891
|-terastallize|p1b: Muk|Grass
|move|p2a: Indeedee|Follow Me|p2a: Indeedee
|-singleturn|p2a: Indeedee|move: Follow Me
|move|p2b: Ursaluna|Earthquake|p1b: Muk|[spread] p2a,p1a
|-miss|p2b: Ursaluna|p1b: Muk
|-damage|p2a: Indeedee|27/100
|-damage|p1a: Smeargle|0 fnt
|faint|p1a: Smeargle
|-ability|p1b: Muk|Moody|[from] ability: Power of Alchemy|[of] p1a: Smeargle
|move|p1b: Muk|Knock Off|p2a: Indeedee
|-supereffective|p2a: Indeedee
|-damage|p2a: Indeedee|0 fnt
|faint|p2a: Indeedee
|
|-damage|p2b: Ursaluna|95/100 brn|[from] brn
|-ability|p1b: Muk|Moody|boost
|-boost|p1b: Muk|atk|2
|-unboost|p1b: Muk|spd|1
|upkeep
|
|t:|1750831906
|switch|p2a: Zamazenta|Zamazenta-Crowned, L50|100/100
|switch|p1a: Calyrex|Calyrex-Ice, L50|100/100
|-ability|p1a: Calyrex|As One
|-ability|p1a: Calyrex|Unnerve
|-ability|p2a: Zamazenta|Dauntless Shield|boost
|-boost|p2a: Zamazenta|def|1
|turn|7
|
|t:|1750831915
|move|p2a: Zamazenta|Wide Guard|p2a: Zamazenta
|-singleturn|p2a: Zamazenta|Wide Guard
|move|p2b: Ursaluna|Facade|p1b: Muk
|-crit|p1b: Muk
|-damage|p1b: Muk|0 fnt
|faint|p1b: Muk
|move|p1a: Calyrex|Psych Up|p1: Muk|[notarget]
|-fail|p1a: Calyrex
|
|-damage|p2b: Ursaluna|89/100 brn|[from] brn
|upkeep
|
|t:|1750831924
|switch|p1b: Flamigo|Flamigo, L50, F|100/100
|-copyboost|p1b: Flamigo|p1a: Calyrex|[from] ability: Costar
|turn|8
|
|t:|1750831935
|move|p2a: Zamazenta|Wide Guard|p2a: Zamazenta
|-singleturn|p2a: Zamazenta|Wide Guard
|move|p2b: Ursaluna|Facade|p1a: Calyrex
|-damage|p1a: Calyrex|45/100
|-enditem|p1a: Calyrex|Sitrus Berry|[eat]
|-heal|p1a: Calyrex|70/100|[from] item: Sitrus Berry
|move|p1a: Calyrex|High Horsepower|p2a: Zamazenta
|-supereffective|p2a: Zamazenta
|-damage|p2a: Zamazenta|76/100
|move|p1b: Flamigo|Close Combat|p2a: Zamazenta
|-supereffective|p2a: Zamazenta
|-damage|p2a: Zamazenta|25/100
|-unboost|p1b: Flamigo|def|1
|-unboost|p1b: Flamigo|spd|1
|
|-damage|p2b: Ursaluna|83/100 brn|[from] brn
|upkeep
|turn|9
|
|t:|1750831959
|move|p2a: Zamazenta|Protect||[still]
|-fail|p2a: Zamazenta
|move|p2b: Ursaluna|Facade|p1a: Calyrex
|-damage|p1a: Calyrex|12/100
|move|p1a: Calyrex|High Horsepower|p2a: Zamazenta
|-supereffective|p2a: Zamazenta
|-damage|p2a: Zamazenta|0 fnt
|faint|p2a: Zamazenta
|-ability|p1a: Calyrex|Chilling Neigh|boost
|-boost|p1a: Calyrex|atk|1
|move|p1b: Flamigo|Close Combat|p2b: Ursaluna
|-supereffective|p2b: Ursaluna
|-damage|p2b: Ursaluna|0 fnt
|-unboost|p1b: Flamigo|def|1
|-unboost|p1b: Flamigo|spd|1
|faint|p2b: Ursaluna
|
|win|QuagsireJelly
|raw|QuagsireJelly's rating: 1181 &rarr; <strong>1212</strong><br />(+31 for winning)
|raw|reznob's rating: 1267 &rarr; <strong>1236</strong><br />(-31 for losing)
|l|☆reznob
|player|p2|
|l|☆QuagsireJelly
|player|p1|
