|j|☆rei_Arthur_Rei
|j|☆It'sJustKen VGC
|t:|1750732105
|gametype|doubles
|player|p1|rei_Arthur_Rei|alder|1609
|player|p2|It'sJustKen VGC|player-go|1602
|teamsize|p1|6
|teamsize|p2|6
|gen|9
|tier|[Gen 9] VGC 2025 Reg I
|rated|
|rule|Species Clause: Limit one of each Pokémon
|rule|Item Clause: Limit 1 of each item
|clearpoke
|poke|p1|Ho-Oh, L50|
|poke|p1|Groudon, L50|
|poke|p1|Okidogi, L50, M|
|poke|p1|Ogerpon-Cornerstone, L50, F|
|poke|p1|Flutter Mane, L50|
|poke|p1|Grimmsnarl, L50, M|
|poke|p2|Incineroar, L50, M|
|poke|p2|Urshifu-*, L50, F|
|poke|p2|Amoonguss, L50, M|
|poke|p2|Calyrex-Shadow, L50|
|poke|p2|Tornadus, L50, M|
|poke|p2|Terapagos, L50, M|
|teampreview|4
|inactive|Battle timer is ON: inactive players will automatically lose when time's up. (requested by It'sJustKen VGC)
|inactive|rei_Arthur_Rei has 60 seconds left.
|inactive|rei_Arthur_Rei has 30 seconds left.
|
|t:|1750732168
|start
|switch|p1a: Duende verde|Grimmsnarl, L50, M|100/100
|switch|p1b: Dogão|Okidogi, L50, M|100/100
|switch|p2a: Steven He|Urshifu-Rapid-Strike, L50, F|100/100
|switch|p2b: TTE|Tornadus, L50, M|100/100
|turn|1
|inactive|rei_Arthur_Rei has 30 seconds left.
|inactive|rei_Arthur_Rei has 20 seconds left.
|inactive|rei_Arthur_Rei has 15 seconds left.
|inactive|rei_Arthur_Rei has 10 seconds left.
|
|t:|1750732213
|-terastallize|p1b: Dogão|Water
|move|p1a: Duende verde|Reflect|p1a: Duende verde
|-sidestart|p1: rei_Arthur_Rei|Reflect
|move|p2a: Steven He|U-turn|p1a: Duende verde
|-damage|p1a: Duende verde|81/100
|
|t:|1750732225
|switch|p2a: Chicken Jockey|Calyrex-Shadow, L50|100/100|[from] U-turn
|-ability|p2a: Chicken Jockey|As One
|-ability|p2a: Chicken Jockey|Unnerve
|move|p2b: TTE|Bleakwind Storm|p1b: Dogão|[spread] p1a,p1b
|-damage|p1a: Duende verde|45/100
|-damage|p1b: Dogão|75/100
|move|p1b: Dogão|Knock Off|p2a: Chicken Jockey
|-supereffective|p2a: Chicken Jockey
|-damage|p2a: Chicken Jockey|0 fnt
|-enditem|p2a: Chicken Jockey|Life Orb|[from] move: Knock Off|[of] p1b: Dogão
|faint|p2a: Chicken Jockey
|
|upkeep
|
|t:|1750732232
|switch|p2a: @Not Wolfe Glick|Incineroar, L50, M|100/100
|-ability|p2a: @Not Wolfe Glick|Intimidate|boost
|-unboost|p1a: Duende verde|atk|1
|-ability|p1b: Dogão|Guard Dog|boost
|-boost|p1b: Dogão|atk|1
|turn|2
|
|t:|1750732243
|move|p1b: Dogão|Upper Hand||[still]
|-fail|p1b: Dogão
|move|p1a: Duende verde|Light Screen|p1a: Duende verde
|-sidestart|p1: rei_Arthur_Rei|move: Light Screen
|move|p2b: TTE|Bleakwind Storm|p1b: Dogão|[spread] p1a,p1b
|-damage|p1a: Duende verde|23/100
|-damage|p1b: Dogão|57/100
|-unboost|p1a: Duende verde|spe|1
|move|p2a: @Not Wolfe Glick|Knock Off|p1b: Dogão
|-damage|p1b: Dogão|32/100
|-enditem|p1b: Dogão|Assault Vest|[from] move: Knock Off|[of] p2a: @Not Wolfe Glick
|
|upkeep
|turn|3
|
|t:|1750732258
|-terastallize|p2b: TTE|Flying
|move|p1a: Duende verde|Thunder Wave|p2b: TTE
|-status|p2b: TTE|par
|move|p1b: Dogão|Close Combat|p2a: @Not Wolfe Glick
|-supereffective|p2a: @Not Wolfe Glick
|-damage|p2a: @Not Wolfe Glick|0 fnt
|-unboost|p1b: Dogão|def|1
|-unboost|p1b: Dogão|spd|1
|faint|p2a: @Not Wolfe Glick
|cant|p2b: TTE|par
|
|upkeep
|
|t:|1750732265
|switch|p2a: Steven He|Urshifu-Rapid-Strike, L50, F|100/100
|turn|4
|
|t:|1750732276
|move|p2b: TTE|Tailwind|p2b: TTE
|-sidestart|p2: It'sJustKen VGC|move: Tailwind
|move|p1a: Duende verde|Thunder Wave|p2a: Steven He
|-status|p2a: Steven He|par
|move|p2a: Steven He|Surging Strikes|p1a: Duende verde
|-crit|p1a: Duende verde
|-damage|p1a: Duende verde|0 fnt
|faint|p1a: Duende verde
|-hitcount|p1: Duende verde|1
|move|p1b: Dogão|Gunk Shot|p2a: Steven He
|-damage|p2a: Steven He|6/100 par
|
|upkeep
|
|t:|1750732291
|switch|p1a: Gasparzinho|Flutter Mane, L50|100/100
|turn|5
|
|t:|1750732296
|switch|p1b: Godzilla|Groudon, L50|100/100
|-weather|SunnyDay|[from] ability: Drought|[of] p1b: Godzilla
|-activate|p1a: Gasparzinho|ability: Protosynthesis
|-start|p1a: Gasparzinho|protosynthesisspe
|move|p2b: TTE|Rain Dance|p2b: TTE
|-weather|RainDance
|-end|p1a: Gasparzinho|Protosynthesis
|move|p2a: Steven He|Surging Strikes|p1a: Gasparzinho
|-crit|p1a: Gasparzinho
|-damage|p1a: Gasparzinho|50/100
|-crit|p1a: Gasparzinho
|-damage|p1a: Gasparzinho|4/100
|-crit|p1a: Gasparzinho
|-damage|p1a: Gasparzinho|0 fnt
|faint|p1a: Gasparzinho
|-end|p1a: Gasparzinho|Protosynthesis|[silent]
|-hitcount|p1: Gasparzinho|3
|
|-weather|RainDance|[upkeep]
|upkeep
|
|t:|1750732311
|switch|p1a: Dogão|Okidogi, L50, M, tera:Water|32/100
|turn|6
|
|t:|1750732334
|move|p2a: Steven He|Surging Strikes|p1b: Godzilla
|-supereffective|p1b: Godzilla
|-crit|p1b: Godzilla
|-damage|p1b: Godzilla|56/100
|-supereffective|p1b: Godzilla
|-crit|p1b: Godzilla
|-damage|p1b: Godzilla|12/100
|-supereffective|p1b: Godzilla
|-crit|p1b: Godzilla
|-damage|p1b: Godzilla|0 fnt
|faint|p1b: Godzilla
|-hitcount|p1: Godzilla|3
|move|p2b: TTE|Bleakwind Storm|p1a: Dogão
|-damage|p1a: Dogão|0 fnt
|faint|p1a: Dogão
|
|win|It'sJustKen VGC
|raw|rei_Arthur_Rei's rating: 1609 &rarr; <strong>1589</strong><br />(-20 for losing)
|raw|It&apos;sJustKen VGC's rating: 1602 &rarr; <strong>1622</strong><br />(+20 for winning)
