|j|☆donettinho
|j|☆Bruno Emerson
|t:|1750864096
|gametype|doubles
|player|p1|donettinho|clown|1120
|player|p2|Bruno Emerson|169|1066
|teamsize|p1|6
|teamsize|p2|6
|gen|9
|tier|[Gen 9] VGC 2025 Reg I
|rated|
|rule|Species Clause: Limit one of each Pokémon
|rule|Item Clause: Limit 1 of each item
|clearpoke
|poke|p1|Calyrex-Ice, L50|
|poke|p1|Incineroar, L50, F|
|poke|p1|Rillaboom, L50, F|
|poke|p1|Farigiraf, L50, M|
|poke|p1|Lunala, L50|
|poke|p1|Ursaluna, L50, F|
|poke|p2|Dragonite, L50, F|
|poke|p2|Arcanine, L50, M|
|poke|p2|Gyarados, L50, F|
|poke|p2|Snorlax, L50, M|
|poke|p2|Exeggutor, L50, F|
|poke|p2|Raichu, L50, F|
|teampreview|4
|
|t:|1750864118
|start
|switch|p1a: Farigiraf|Farigiraf, L50, M|100/100
|switch|p1b: Calyrex|Calyrex-Ice, L50|100/100
|switch|p2a: Arcanine|Arcanine, L50, M|100/100
|switch|p2b: Snorlax|Snorlax, L50, M|100/100
|-ability|p1b: Calyrex|As One
|-ability|p1b: Calyrex|Unnerve
|-ability|p2a: Arcanine|Intimidate|boost
|-unboost|p1a: Farigiraf|atk|1
|-fail|p1b: Calyrex|unboost|[from] item: Clear Amulet|[of] p1b: Calyrex
|turn|1
|
|t:|1750864137
|move|p1b: Calyrex|Protect|p1b: Calyrex
|-singleturn|p1b: Calyrex|Protect
|move|p2a: Arcanine|Will-O-Wisp|p1b: Calyrex
|-activate|p1b: Calyrex|move: Protect
|move|p2b: Snorlax|Curse|p2b: Snorlax
|-unboost|p2b: Snorlax|spe|1
|-boost|p2b: Snorlax|atk|1
|-boost|p2b: Snorlax|def|1
|move|p1a: Farigiraf|Trick Room|p1a: Farigiraf
|-fieldstart|move: Trick Room|[of] p1a: Farigiraf
|
|upkeep
|turn|2
|
|t:|1750864157
|move|p2b: Snorlax|Crunch|p1b: Calyrex
|-supereffective|p1b: Calyrex
|-damage|p1b: Calyrex|50/100
|move|p1b: Calyrex|High Horsepower|p2a: Arcanine
|-supereffective|p2a: Arcanine
|-damage|p2a: Arcanine|9/100
|move|p1a: Farigiraf|Hyper Voice|p2b: Snorlax|[spread] p2a,p2b
|-damage|p2a: Arcanine|0 fnt
|-damage|p2b: Snorlax|80/100
|faint|p2a: Arcanine
|
|upkeep
|
|t:|1750864167
|switch|p2a: Exeggutor|Exeggutor, L50, F|100/100
|turn|3
|
|t:|1750864187
|switch|p1b: Incineroar|Incineroar, L50, F|100/100
|-ability|p1b: Incineroar|Intimidate|boost
|-unboost|p2a: Exeggutor|atk|1
|-unboost|p2b: Snorlax|atk|1
|switch|p1a: Lunala|Lunala, L50|100/100
|move|p2a: Exeggutor|Protect|p2a: Exeggutor
|-singleturn|p2a: Exeggutor|Protect
|move|p2b: Snorlax|Crunch|p1b: Incineroar
|-resisted|p1b: Incineroar
|-damage|p1b: Incineroar|87/100
|-damage|p2b: Snorlax|64/100|[from] item: Rocky Helmet|[of] p1b: Incineroar
|
|upkeep
|turn|4
|inactive|Battle timer is ON: inactive players will automatically lose when time's up. (requested by donettinho)
|
|t:|1750864214
|move|p1b: Incineroar|Fake Out|p2b: Snorlax
|-damage|p2b: Snorlax|55/100
|cant|p2b: Snorlax|flinch
|move|p2a: Exeggutor|Leech Seed|p1a: Lunala|[miss]
|-miss|p2a: Exeggutor|p1a: Lunala
|move|p1a: Lunala|Moongeist Beam|p2a: Exeggutor
|-supereffective|p2a: Exeggutor
|-damage|p2a: Exeggutor|29/100
|-enditem|p2a: Exeggutor|Sitrus Berry|[eat]
|-heal|p2a: Exeggutor|54/100|[from] item: Sitrus Berry
|
|upkeep
|turn|5
|
|t:|1750864234
|-terastallize|p2a: Exeggutor|Water
|move|p2b: Snorlax|Curse|p2b: Snorlax
|-unboost|p2b: Snorlax|spe|1
|-boost|p2b: Snorlax|atk|1
|-boost|p2b: Snorlax|def|1
|move|p2a: Exeggutor|Leech Seed|p1a: Lunala|[miss]
|-miss|p2a: Exeggutor|p1a: Lunala
|move|p1b: Incineroar|Knock Off|p2b: Snorlax
|-damage|p2b: Snorlax|29/100
|-enditem|p2b: Snorlax|Aguav Berry|[from] move: Knock Off|[of] p1b: Incineroar
|move|p1a: Lunala|Moongeist Beam|p2a: Exeggutor
|-damage|p2a: Exeggutor|21/100
|
|-fieldend|move: Trick Room
|-item|p2a: Exeggutor|Sitrus Berry|[from] ability: Harvest
|upkeep
|-enditem|p2a: Exeggutor|Sitrus Berry|[eat]
|-heal|p2a: Exeggutor|46/100|[from] item: Sitrus Berry
|turn|6
|inactive|donettinho has 30 seconds left.
|
|t:|1750864264
|move|p1a: Lunala|Psychic|p2b: Snorlax
|-crit|p2b: Snorlax
|-damage|p2b: Snorlax|0 fnt
|faint|p2b: Snorlax
|move|p1b: Incineroar|Flare Blitz|p2a: Exeggutor
|-resisted|p2a: Exeggutor
|-damage|p2a: Exeggutor|12/100
|-damage|p1b: Incineroar|76/100|[from] Recoil
|move|p2a: Exeggutor|Leech Seed|p1a: Lunala|[miss]
|-miss|p2a: Exeggutor|p1a: Lunala
|
|-item|p2a: Exeggutor|Sitrus Berry|[from] ability: Harvest
|upkeep
|-enditem|p2a: Exeggutor|Sitrus Berry|[eat]
|-heal|p2a: Exeggutor|37/100|[from] item: Sitrus Berry
|-message|Bruno Emerson forfeited.
|
|win|donettinho
|raw|donettinho's rating: 1120 &rarr; <strong>1141</strong><br />(+21 for winning)
|raw|Bruno Emerson's rating: 1066 &rarr; <strong>1049</strong><br />(-17 for losing)
|l|☆Bruno Emerson
|player|p2|
|l|☆donettinho
|player|p1|
