|j|☆bimbo mafioso
|j|☆DualistX
|t:|1750788555
|gametype|doubles
|player|p1|bimbo mafioso|swimmerf|1594
|player|p2|DualistX|palmer|1598
|teamsize|p1|6
|teamsize|p2|6
|gen|9
|tier|[Gen 9] VGC 2025 Reg I
|rated|
|rule|Species Clause: Limit one of each Pokémon
|rule|Item Clause: Limit 1 of each item
|clearpoke
|poke|p1|Urshifu-*, L50, F|
|poke|p1|Rillaboom, L50, M|
|poke|p1|Incineroar, L50, F|
|poke|p1|Zamazenta-*, L50|
|poke|p1|Ogerpon-Cornerstone, L50, F|
|poke|p1|Calyrex-Shadow, L50|
|poke|p2|Calyrex-Shadow, L50|
|poke|p2|Groudon, L50|
|poke|p2|Grimmsnarl, L50, M|
|poke|p2|Smeargle, L50, F|
|poke|p2|Raging Bolt, L50|
|poke|p2|Incineroar, L50, F|
|teampreview|4
|inactive|Battle timer is ON: inactive players will automatically lose when time's up. (requested by bimbo mafioso)
DualistX has agreed to open team sheets.
bimbo mafioso has agreed to open team sheets.
|showteam|p1|Urshifu-Rapid-Strike||ChoiceScarf|UnseenFist|SurgingStrikes,CloseCombat,AquaJet,Uturn|||F|||50|,,,,,Water]Rillaboom||AssaultVest|GrassySurge|FakeOut,GrassyGlide,WoodHammer,Uturn|||M|||50|,,,,,Water]Incineroar||RockyHelmet|Intimidate|FakeOut,KnockOff,HelpingHand,PartingShot|||F|||50|,,,,,Bug]Zamazenta-Crowned||RustedShield|DauntlessShield|BodyPress,HeavySlam,WideGuard,Protect||||||50|,,,,,Dragon]Ogerpon-Cornerstone||CornerstoneMask|Sturdy|IvyCudgel,PowerWhip,FollowMe,SpikyShield|||F|||50|,,,,,Rock]Calyrex-Shadow||LifeOrb|AsOneSpectrier|AstralBarrage,Psychic,NastyPlot,Protect||||||50|,,,,,Dark
|showteam|p2|Calyrex-Shadow||SpookyPlate|AsOneSpectrier|AstralBarrage,Psychic,Encore,Protect||||||50|,,,,,Dark]Groudon||AssaultVest|Drought|PrecipiceBlades,HighHorsepower,FirePunch,RockSlide||||||50|,,,,,Water]Grimmsnarl||LightClay|Prankster|SpiritBreak,Reflect,LightScreen,ThunderWave|||M|||50|,,,,,Ghost]Smeargle||FocusSash|Moody|FollowMe,PollenPuff,Spore,Decorate|||F|||50|,,,,,Ghost]Raging Bolt||LifeOrb|Protosynthesis|Thunderbolt,Thunderclap,DracoMeteor,Protect||||||50|,,,,,Grass]Incineroar||SafetyGoggles|Intimidate|FakeOut,KnockOff,PartingShot,WillOWisp|||F|||50|,,,,,Ghost
|inactive|bimbo mafioso has 60 seconds left.
|
|t:|1750788595
|start
|switch|p1a: Urshifu|Urshifu-Rapid-Strike, L50, F|100/100
|switch|p1b: Ogerpon|Ogerpon-Cornerstone, L50, F|100/100
|switch|p2a: Groudon|Groudon, L50|100/100
|switch|p2b: Smeargle|Smeargle, L50, F|100/100
|-weather|SunnyDay|[from] ability: Drought|[of] p2a: Groudon
|turn|1
|inactive|DualistX has 30 seconds left.
|
|t:|1750788629
|-terastallize|p1a: Urshifu|Water
|-terastallize|p2a: Groudon|Water
|move|p2b: Smeargle|Follow Me|p2b: Smeargle
|-singleturn|p2b: Smeargle|move: Follow Me
|move|p1a: Urshifu|Surging Strikes|p2b: Smeargle
|-crit|p2b: Smeargle
|-damage|p2b: Smeargle|67/100
|-crit|p2b: Smeargle
|-damage|p2b: Smeargle|33/100
|-crit|p2b: Smeargle
|-damage|p2b: Smeargle|0 fnt
|faint|p2b: Smeargle
|-hitcount|p2: Smeargle|3
|move|p1b: Ogerpon|Power Whip|p2a: Groudon
|-supereffective|p2a: Groudon
|-damage|p2a: Groudon|24/100
|move|p2a: Groudon|Precipice Blades|p1a: Urshifu|[spread] p1a,p1b
|-damage|p1a: Urshifu|50/100
|-damage|p1b: Ogerpon|41/100
|
|-weather|SunnyDay|[upkeep]
|upkeep
|
|t:|1750788644
|switch|p2b: Incineroar|Incineroar, L50, F|100/100
|-ability|p2b: Incineroar|Intimidate|boost
|-unboost|p1a: Urshifu|atk|1
|-unboost|p1b: Ogerpon|atk|1
|turn|2
|
|t:|1750788654
|switch|p1a: Rillaboom|Rillaboom, L50, M|100/100
|-fieldstart|move: Grassy Terrain|[from] ability: Grassy Surge|[of] p1a: Rillaboom
|move|p1b: Ogerpon|Spiky Shield|p1b: Ogerpon
|-singleturn|p1b: Ogerpon|move: Protect
|move|p2b: Incineroar|Fake Out|p1b: Ogerpon
|-activate|p1b: Ogerpon|move: Protect
|-damage|p2b: Incineroar|88/100|[from] Spiky Shield|[of] p1b: Ogerpon
|move|p2a: Groudon|Precipice Blades|p1a: Rillaboom|[spread] p1a
|-activate|p1b: Ogerpon|move: Protect
|-resisted|p1a: Rillaboom
|-damage|p1a: Rillaboom|77/100
|
|-weather|SunnyDay|[upkeep]
|-heal|p1b: Ogerpon|47/100|[from] Grassy Terrain
|-heal|p1a: Rillaboom|83/100|[from] Grassy Terrain
|-heal|p2a: Groudon|30/100|[from] Grassy Terrain
|-heal|p2b: Incineroar|94/100|[from] Grassy Terrain
|upkeep
|turn|3
|
|t:|1750788677
|switch|p2a: Calyrex|Calyrex-Shadow, L50|100/100
|-ability|p2a: Calyrex|As One
|-ability|p2a: Calyrex|Unnerve
|move|p1b: Ogerpon|Power Whip|p2a: Calyrex|[miss]
|-miss|p1b: Ogerpon|p2a: Calyrex
|move|p1a: Rillaboom|Wood Hammer|p2a: Calyrex
|-damage|p2a: Calyrex|12/100
|-damage|p1a: Rillaboom|57/100|[from] Recoil
|move|p2b: Incineroar|Will-O-Wisp|p1a: Rillaboom
|-status|p1a: Rillaboom|brn
|
|-weather|SunnyDay|[upkeep]
|-heal|p2a: Calyrex|18/100|[from] Grassy Terrain
|-heal|p1b: Ogerpon|52/100|[from] Grassy Terrain
|-heal|p1a: Rillaboom|63/100 brn|[from] Grassy Terrain
|-heal|p2b: Incineroar|100/100|[from] Grassy Terrain
|-damage|p1a: Rillaboom|57/100 brn|[from] brn
|upkeep
|turn|4
|c|☆bimbo mafioso|bruh
|inactive|bimbo mafioso has 30 seconds left.
|
|t:|1750788706
|move|p2a: Calyrex|Protect|p2a: Calyrex
|-singleturn|p2a: Calyrex|Protect
|move|p1b: Ogerpon|Ivy Cudgel|p2a: Calyrex|[anim] Ivy Cudgel Rock
|-activate|p2a: Calyrex|move: Protect
|move|p1a: Rillaboom|U-turn|p2b: Incineroar
|-damage|p2b: Incineroar|89/100
|
|t:|1750788712
|switch|p1a: Urshifu|Urshifu-Rapid-Strike, L50, F, tera:Water|50/100|[from] U-turn
|move|p2b: Incineroar|Parting Shot|p1a: Urshifu
|-unboost|p1a: Urshifu|atk|1
|-unboost|p1a: Urshifu|spa|1
|
|t:|1750788717
|switch|p2b: Groudon|Groudon, L50, tera:Water|30/100|[from] Parting Shot
|
|-weather|SunnyDay|[upkeep]
|-heal|p1a: Urshifu|57/100|[from] Grassy Terrain
|-heal|p2a: Calyrex|24/100|[from] Grassy Terrain
|-heal|p1b: Ogerpon|58/100|[from] Grassy Terrain
|-heal|p2b: Groudon|36/100|[from] Grassy Terrain
|upkeep
|turn|5
|
|t:|1750788725
|switch|p2a: Incineroar|Incineroar, L50, F|89/100
|-ability|p2a: Incineroar|Intimidate|boost
|-unboost|p1a: Urshifu|atk|1
|-unboost|p1b: Ogerpon|atk|1
|move|p1a: Urshifu|Surging Strikes|p2a: Incineroar
|-supereffective|p2a: Incineroar
|-crit|p2a: Incineroar
|-damage|p2a: Incineroar|63/100
|-supereffective|p2a: Incineroar
|-crit|p2a: Incineroar
|-damage|p2a: Incineroar|36/100
|-supereffective|p2a: Incineroar
|-crit|p2a: Incineroar
|-damage|p2a: Incineroar|10/100
|-hitcount|p2a: Incineroar|3
|move|p1b: Ogerpon|Ivy Cudgel|p2a: Incineroar|[anim] Ivy Cudgel Rock
|-supereffective|p2a: Incineroar
|-damage|p2a: Incineroar|0 fnt
|faint|p2a: Incineroar
|move|p2b: Groudon|Precipice Blades|p1a: Urshifu|[spread] p1a,p1b
|-damage|p1a: Urshifu|5/100
|-damage|p1b: Ogerpon|0 fnt
|faint|p1b: Ogerpon
|
|-weather|none
|-heal|p1a: Urshifu|11/100|[from] Grassy Terrain
|-heal|p2b: Groudon|42/100|[from] Grassy Terrain
|upkeep
|
|t:|1750788745
|switch|p1b: Rillaboom|Rillaboom, L50, M|57/100 brn
|switch|p2a: Calyrex|Calyrex-Shadow, L50|24/100
|-ability|p2a: Calyrex|As One
|-ability|p2a: Calyrex|Unnerve
|turn|6
|
|t:|1750788752
|move|p1a: Urshifu|Surging Strikes|p2a: Calyrex
|-crit|p2a: Calyrex
|-damage|p2a: Calyrex|0 fnt
|faint|p2a: Calyrex
|-hitcount|p2: Calyrex|1
|move|p1b: Rillaboom|Wood Hammer|p2b: Groudon
|-supereffective|p2b: Groudon
|-damage|p2b: Groudon|0 fnt
|faint|p2b: Groudon
|-damage|p1b: Rillaboom|42/100 brn|[from] Recoil
|
|win|bimbo mafioso
|raw|bimbo mafioso's rating: 1594 &rarr; <strong>1614</strong><br />(+20 for winning)
|raw|DualistX's rating: 1598 &rarr; <strong>1578</strong><br />(-20 for losing)
|l|☆DualistX
|player|p2|
