|j|☆jaffro1738
|j|☆show05black
|t:|1750863836
|gametype|doubles
|player|p1|jaffro1738|266|1302
|player|p2|show05black|170|1344
|teamsize|p1|6
|teamsize|p2|6
|gen|9
|tier|[Gen 9] VGC 2025 Reg I
|rated|
|rule|Species Clause: Limit one of each Pokémon
|rule|Item Clause: Limit 1 of each item
|clearpoke
|poke|p1|Calyrex-Ice, L50|
|poke|p1|Regidrago, L50|
|poke|p1|Dusclops, L50, M|
|poke|p1|Oranguru, L50, M|
|poke|p1|Terapagos, L50, M|
|poke|p1|Chi-Yu, L50|
|poke|p2|Calyrex-Shadow, L50|
|poke|p2|Zamazenta-*, L50|
|poke|p2|Incineroar, L50, M|
|poke|p2|Rillaboom, L50, M|
|poke|p2|Urshifu-*, L50, M|
|poke|p2|Chien-Pao, L50|
|teampreview|4
|inactive|Battle timer is ON: inactive players will automatically lose when time's up. (requested by show05black)
jaffro1738 rejected open team sheets.
|
|t:|1750863875
|start
|switch|p1a: O|Oranguru, L50, M|100/100
|switch|p1b: C|Chi-Yu, L50|100/100
|switch|p2a: Incineroar|Incineroar, L50, M|100/100
|switch|p2b: Chien-Pao|Chien-Pao, L50|100/100
|-ability|p1b: C|Beads of Ruin
|-ability|p2b: Chien-Pao|Sword of Ruin
|-ability|p2a: Incineroar|Intimidate|boost
|-fail|p1a: O|unboost|Attack|[from] ability: Inner Focus|[of] p1a: O
|-unboost|p1b: C|atk|1
|turn|1
|
|t:|1750863893
|-terastallize|p1b: C|Ghost
|move|p2a: Incineroar|Fake Out|p1b: C
|-immune|p1b: C
|move|p1b: C|Heat Wave|p2b: Chien-Pao|[spread] p2a,p2b
|-resisted|p2a: Incineroar
|-supereffective|p2b: Chien-Pao
|-damage|p2a: Incineroar|80/100
|-damage|p2b: Chien-Pao|0 fnt
|faint|p2b: Chien-Pao
|move|p1a: O|Trick Room|p1a: O
|-fieldstart|move: Trick Room|[of] p1a: O
|
|upkeep
|
|t:|1750863900
|switch|p2b: Calyrex|Calyrex-Shadow, L50|100/100
|-ability|p2b: Calyrex|As One
|-ability|p2b: Calyrex|Unnerve
|turn|2
|
|t:|1750863908
|move|p2b: Calyrex|Protect|p2b: Calyrex
|-singleturn|p2b: Calyrex|Protect
|move|p1a: O|Encore|p2a: Incineroar
|-start|p2a: Incineroar|Encore
|move|p2a: Incineroar|Fake Out||[still]
|-hint|Fake Out only works on your first turn out.
|-fail|p2a: Incineroar
|move|p1b: C|Heat Wave|p2a: Incineroar|[spread] p2a
|-activate|p2b: Calyrex|move: Protect
|-resisted|p2a: Incineroar
|-damage|p2a: Incineroar|55/100
|
|upkeep
|turn|3
|
|t:|1750863925
|switch|p2a: Zamazenta|Zamazenta-Crowned, L50|100/100
|-ability|p2a: Zamazenta|Dauntless Shield|boost
|-boost|p2a: Zamazenta|def|1
|switch|p1b: CI|Calyrex-Ice, L50|100/100
|-ability|p1b: CI|As One
|-ability|p1b: CI|Unnerve
|move|p1a: O|Encore|p2b: Calyrex
|-start|p2b: Calyrex|Encore
|move|p2b: Calyrex|Protect||[still]
|-fail|p2b: Calyrex
|
|upkeep
|turn|4
|
|t:|1750863940
|move|p2b: Calyrex|Protect|p2b: Calyrex
|-singleturn|p2b: Calyrex|Protect
|move|p2a: Zamazenta|Wide Guard|p2a: Zamazenta
|-singleturn|p2a: Zamazenta|Wide Guard
|move|p1b: CI|High Horsepower|p2b: Calyrex
|-activate|p2b: Calyrex|move: Protect
|move|p1a: O|Instruct|p1b: CI
|-singleturn|p1b: CI|move: Instruct|[of] p1a: O
|move|p1b: CI|High Horsepower|p2b: Calyrex
|-activate|p2b: Calyrex|move: Protect
|
|upkeep
|turn|5
|
|t:|1750863957
|move|p2b: Calyrex|Protect|p2b: Calyrex
|-singleturn|p2b: Calyrex|Protect
|move|p1b: CI|High Horsepower|p2b: Calyrex
|-activate|p2b: Calyrex|move: Protect
|move|p1a: O|Encore|p2a: Zamazenta
|-start|p2a: Zamazenta|Encore
|move|p2a: Zamazenta|Wide Guard||[still]
|-fail|p2a: Zamazenta
|
|-end|p2b: Calyrex|Encore
|-fieldend|move: Trick Room
|upkeep
|turn|6
|
|t:|1750863971
|-terastallize|p2b: Calyrex|Ghost
|move|p2a: Zamazenta|Wide Guard|p2a: Zamazenta
|-singleturn|p2a: Zamazenta|Wide Guard
|move|p2b: Calyrex|Astral Barrage|p1b: CI|[spread] p1b
|-immune|p1a: O
|-supereffective|p1b: CI
|-damage|p1b: CI|44/100
|move|p1b: CI|Crunch|p2b: Calyrex
|-supereffective|p2b: Calyrex
|-damage|p2b: Calyrex|43/100
|move|p1a: O|Trick Room|p1a: O
|-fieldstart|move: Trick Room|[of] p1a: O
|
|upkeep
|turn|7
|
|t:|1750863983
|move|p2a: Zamazenta|Wide Guard|p2a: Zamazenta
|-singleturn|p2a: Zamazenta|Wide Guard
|move|p1b: CI|High Horsepower|p2a: Zamazenta
|-supereffective|p2a: Zamazenta
|-damage|p2a: Zamazenta|76/100
|move|p1a: O|Instruct|p1b: CI
|-singleturn|p1b: CI|move: Instruct|[of] p1a: O
|move|p1b: CI|High Horsepower|p2a: Zamazenta
|-supereffective|p2a: Zamazenta
|-damage|p2a: Zamazenta|52/100
|move|p2b: Calyrex|Astral Barrage|p1a: O|[spread] p1b
|-immune|p1a: O
|-supereffective|p1b: CI
|-damage|p1b: CI|0 fnt
|faint|p1b: CI
|-ability|p2b: Calyrex|Grim Neigh|boost
|-boost|p2b: Calyrex|spa|1
|
|-end|p2a: Zamazenta|Encore
|upkeep
|
|t:|1750863989
|switch|p1b: R|Regidrago, L50|100/100
|turn|8
|
|t:|1750863998
|move|p1b: R|Protect|p1b: R
|-singleturn|p1b: R|Protect
|move|p2a: Zamazenta|Wide Guard|p2a: Zamazenta
|-singleturn|p2a: Zamazenta|Wide Guard
|move|p1a: O|Taunt|p2a: Zamazenta
|-start|p2a: Zamazenta|move: Taunt
|move|p2b: Calyrex|Astral Barrage|p1a: O|[spread] 
|-activate|p1b: R|move: Protect
|-immune|p1a: O
|
|upkeep
|turn|9
|
|t:|1750864005
|move|p1b: R|Dragon Energy|p2a: Zamazenta|[spread] p2a,p2b
|-resisted|p2a: Zamazenta
|-damage|p2a: Zamazenta|26/100
|-damage|p2b: Calyrex|0 fnt
|faint|p2b: Calyrex
|move|p1a: O|Instruct|p1b: R
|-singleturn|p1b: R|move: Instruct|[of] p1a: O
|move|p1b: R|Dragon Energy|p2a: Zamazenta
|-resisted|p2a: Zamazenta
|-damage|p2a: Zamazenta|0 fnt
|faint|p2a: Zamazenta
|
|upkeep
|-message|show05black forfeited.
|
|win|jaffro1738
|raw|jaffro1738's rating: 1302 &rarr; <strong>1324</strong><br />(+22 for winning)
|raw|show05black's rating: 1344 &rarr; <strong>1322</strong><br />(-22 for losing)
|l|☆show05black
|player|p2|
|l|☆jaffro1738
|player|p1|
