|j|☆Gexi01
|j|‽Shadragosa
|t:|1750753206
|gametype|doubles
|player|p1|Gexi01|266|1237
|player|p2|Shadragosa|unknown|1290
|teamsize|p1|6
|teamsize|p2|6
|gen|9
|tier|[Gen 9] VGC 2025 Reg I
|rated|
|rule|Species Clause: Limit one of each Pokémon
|rule|Item Clause: Limit 1 of each item
|clearpoke
|poke|p1|Koraidon, L50|
|poke|p1|Typhlosion-Hisui, L50, M|
|poke|p1|Lugia, L50|
|poke|p1|Regieleki, L50|
|poke|p1|Incineroar, L50, M|
|poke|p1|Flutter Mane, L50|
|poke|p2|Iron Treads, L50|
|poke|p2|Miraidon, L50|
|poke|p2|Volcarona, L50, M|
|poke|p2|Iron Valiant, L50|
|poke|p2|Farigiraf, L50, F|
|poke|p2|Rayquaza, L50|
|teampreview|4
Gexi01 rejected open team sheets.
|inactive|Battle timer is ON: inactive players will automatically lose when time's up. (requested by Gexi01)
|
|t:|1750753247
|start
|switch|p1a: Typhlosion|Typhlosion-Hisui, L50, M|100/100
|switch|p1b: Regieleki|Regieleki, L50|100/100
|switch|p2a: Miraidon|Miraidon, L50|100/100
|switch|p2b: Iron Treads|Iron Treads, L50|100/100
|-item|p2a: Miraidon|Choice Specs|[from] ability: Frisk|[of] p1a: Typhlosion
|-item|p2b: Iron Treads|Life Orb|[from] ability: Frisk|[of] p1a: Typhlosion
|-fieldstart|move: Electric Terrain|[from] ability: Hadron Engine|[of] p2a: Miraidon
|-activate|p2b: Iron Treads|ability: Quark Drive
|-start|p2b: Iron Treads|quarkdrivespe
|turn|1
|inactive|Gexi01 has 30 seconds left.
|inactive|Shadragosa has 30 seconds left.
|
|t:|1750753282
|switch|p1a: Koraidon|Koraidon, L50|100/100
|-weather|SunnyDay|[from] ability: Orichalcum Pulse|[of] p1a: Koraidon
|-activate|p1a: Koraidon|Orichalcum Pulse|[source]
|move|p1b: Regieleki|Protect|p1b: Regieleki
|-singleturn|p1b: Regieleki|Protect
|move|p2b: Iron Treads|Knock Off|p1a: Koraidon
|-resisted|p1a: Koraidon
|-damage|p1a: Koraidon|83/100
|-enditem|p1a: Koraidon|Life Orb|[from] move: Knock Off|[of] p2b: Iron Treads
|-damage|p2b: Iron Treads|91/100|[from] item: Life Orb
|move|p2a: Miraidon|Volt Switch|p1a: Koraidon
|-resisted|p1a: Koraidon
|-damage|p1a: Koraidon|33/100
|
|t:|1750753296
|switch|p2a: Rayquaza|Rayquaza, L50|100/100|[from] Volt Switch
|-ability|p2a: Rayquaza|Air Lock
|
|-weather|SunnyDay|[upkeep]
|upkeep
|turn|2
|inactive|Gexi01 has 30 seconds left.
|inactive|Shadragosa has 30 seconds left.
|
|t:|1750753324
|move|p2a: Rayquaza|Protect|p2a: Rayquaza
|-singleturn|p2a: Rayquaza|Protect
|move|p1b: Regieleki|Thunderbolt|p2a: Rayquaza
|-activate|p2a: Rayquaza|move: Protect
|move|p2b: Iron Treads|High Horsepower|p1b: Regieleki
|-supereffective|p1b: Regieleki
|-damage|p1b: Regieleki|0 fnt
|faint|p1b: Regieleki
|-damage|p2b: Iron Treads|81/100|[from] item: Life Orb
|move|p1a: Koraidon|Close Combat|p2b: Iron Treads
|-supereffective|p2b: Iron Treads
|-damage|p2b: Iron Treads|0 fnt
|-unboost|p1a: Koraidon|def|1
|-unboost|p1a: Koraidon|spd|1
|faint|p2b: Iron Treads
|-end|p2b: Iron Treads|Quark Drive|[silent]
|
|-weather|SunnyDay|[upkeep]
|upkeep
|
|t:|1750753340
|switch|p1b: Flutter Mane|Flutter Mane, L50|100/100
|switch|p2b: Miraidon|Miraidon, L50|100/100
|-activate|p2b: Miraidon|ability: Hadron Engine
|turn|3
|inactive|Shadragosa has 30 seconds left.
|
|t:|1750753368
|-activate|p1b: Flutter Mane|ability: Protosynthesis
|-start|p1b: Flutter Mane|protosynthesisspe
|switch|p2a: Volcarona|Volcarona, L50, M|100/100
|-terastallize|p2b: Miraidon|Electric
|move|p1a: Koraidon|Protect|p1a: Koraidon
|-singleturn|p1a: Koraidon|Protect
|move|p1b: Flutter Mane|Moonblast|p2b: Miraidon
|-damage|p2b: Miraidon|54/100
|move|p2b: Miraidon|Electro Drift|p1b: Flutter Mane
|-enditem|p1b: Flutter Mane|Focus Sash
|-damage|p1b: Flutter Mane|1/100
|
|-weather|SunnyDay|[upkeep]
|upkeep
|turn|4
|inactive|Gexi01 has 30 seconds left.
|inactive|Shadragosa has 30 seconds left.
|inactive|Gexi01 has 20 seconds left.
|inactive|Gexi01 has 15 seconds left.
|inactive|Gexi01 has 10 seconds left.
|inactive|Gexi01 has 5 seconds left.
|
|t:|1750753422
|move|p1b: Flutter Mane|Shadow Ball|p2a: Volcarona
|-damage|p2a: Volcarona|63/100
|move|p1a: Koraidon|Flare Blitz|p2a: Volcarona
|-damage|p2a: Volcarona|0 fnt
|faint|p2a: Volcarona
|-damage|p1a: Koraidon|10/100|[from] Recoil
|move|p2b: Miraidon|Electro Drift|p1a: Koraidon
|-resisted|p1a: Koraidon
|-damage|p1a: Koraidon|0 fnt
|faint|p1a: Koraidon
|
|-weather|SunnyDay|[upkeep]
|upkeep
|
|t:|1750753435
|switch|p1a: Typhlosion|Typhlosion-Hisui, L50, M|100/100
|switch|p2a: Rayquaza|Rayquaza, L50|100/100
|-item|p2a: Rayquaza|Clear Amulet|[from] ability: Frisk|[of] p1a: Typhlosion
|-item|p2b: Miraidon|Choice Specs|[from] ability: Frisk|[of] p1a: Typhlosion
|-ability|p2a: Rayquaza|Air Lock
|-end|p1b: Flutter Mane|Protosynthesis
|turn|5
|
|t:|1750753447
|-terastallize|p1a: Typhlosion|Fire
|move|p2a: Rayquaza|Protect|p2a: Rayquaza
|-singleturn|p2a: Rayquaza|Protect
|move|p1a: Typhlosion|Eruption|p2b: Miraidon|[spread] p2b
|-activate|p2a: Rayquaza|move: Protect
|-crit|p2b: Miraidon
|-damage|p2b: Miraidon|0 fnt
|faint|p2b: Miraidon
|move|p1b: Flutter Mane|Moonblast|p2a: Rayquaza
|-activate|p2a: Rayquaza|move: Protect
|
|-weather|none
|-fieldend|move: Electric Terrain
|upkeep
|turn|6
|
|t:|1750753463
|move|p1a: Typhlosion|Eruption|p2a: Rayquaza
|-resisted|p2a: Rayquaza
|-damage|p2a: Rayquaza|55/100
|move|p1b: Flutter Mane|Moonblast|p2a: Rayquaza
|-supereffective|p2a: Rayquaza
|-damage|p2a: Rayquaza|0 fnt
|faint|p2a: Rayquaza
|
|win|Gexi01
|raw|Gexi01's rating: 1237 &rarr; <strong>1266</strong><br />(+29 for winning)
|raw|Shadragosa's rating: 1290 &rarr; <strong>1261</strong><br />(-29 for losing)
|l|‽Shadragosa
|player|p2|
|l|☆Gexi01
|player|p1|
