|j|☆Dunkndosentz
|j|☆StapleGunUser
|t:|1750711078
|gametype|doubles
|player|p1|Dunkndosentz|giovanni|1394
|player|p2|StapleGunUser|swimmer-gen4|1313
|teamsize|p1|6
|teamsize|p2|6
|gen|9
|tier|[Gen 9] VGC 2025 Reg I
|rated|
|rule|Species Clause: Limit one of each Pokémon
|rule|Item Clause: Limit 1 of each item
|clearpoke
|poke|p1|Lunala, L50|
|poke|p1|Zacian-*, L50|
|poke|p1|Roaring Moon, L50|
|poke|p1|Ogerpon-Wellspring, L50, F|
|poke|p1|Landorus, L50, M|
|poke|p1|Pelipper, L50, F|
|poke|p2|Glalie, L50, M|
|poke|p2|Muk-Alola, L50, M|
|poke|p2|Dialga, L50|
|poke|p2|Lunala, L50|
|poke|p2|Rabsca, L50, M|
|poke|p2|Clefairy, L50, F|
|teampreview|4
|inactive|Battle timer is ON: inactive players will automatically lose when time's up. (requested by StapleGunUser)
|
|t:|1750711104
|start
|switch|p1a: Grond|Landorus, L50, M|100/100
|switch|p1b: Thorondor|Pelipper, L50, F, shiny|100/100
|switch|p2a: Glalie|Glalie, L50, M|100/100
|switch|p2b: Muk|Muk-Alola, L50, M|100/100
|-weather|RainDance|[from] ability: Drizzle|[of] p1b: Thorondor
|turn|1
|
|t:|1750711115
|-terastallize|p1a: Grond|Water
|move|p2b: Muk|Protect|p2b: Muk
|-singleturn|p2b: Muk|Protect
|move|p2a: Glalie|Switcheroo|p1b: Thorondor
|-activate|p2a: Glalie|move: Trick|[of] p1b: Thorondor
|-item|p1b: Thorondor|Choice Scarf|[from] move: Switcheroo
|-item|p2a: Glalie|Focus Sash|[from] move: Switcheroo
|move|p1b: Thorondor|Hurricane|p2b: Muk
|-activate|p2b: Muk|move: Protect
|move|p1a: Grond|Sandsear Storm|p2b: Muk|[spread] p2a
|-activate|p2b: Muk|move: Protect
|-damage|p2a: Glalie|29/100
|
|-weather|RainDance|[upkeep]
|-ability|p2a: Glalie|Moody|boost
|-boost|p2a: Glalie|def|2
|-unboost|p2a: Glalie|atk|1
|upkeep
|turn|2
|
|t:|1750711136
|-terastallize|p2b: Muk|Dragon
|move|p1b: Thorondor|Hurricane|p2b: Muk
|-damage|p2b: Muk|69/100
|move|p1a: Grond|Sandsear Storm|p2b: Muk|[spread] p2a,p2b
|-damage|p2a: Glalie|0 fnt
|-damage|p2b: Muk|35/100
|faint|p2a: Glalie
|-ability|p2b: Muk|Moody|[from] ability: Power of Alchemy|[of] p2a: Glalie
|move|p2b: Muk|Minimize|p2b: Muk
|-boost|p2b: Muk|evasion|2
|
|-weather|RainDance|[upkeep]
|-ability|p2b: Muk|Moody|boost
|-boost|p2b: Muk|atk|2
|-unboost|p2b: Muk|spd|1
|upkeep
|
|t:|1750711149
|switch|p2a: Lunala|Lunala, L50|100/100
|turn|3
|
|t:|1750711159
|switch|p1b: Andúril|Zacian-Crowned, L50|100/100
|-ability|p1b: Andúril|Intrepid Sword|boost
|-boost|p1b: Andúril|atk|1
|switch|p1a: Galadriel|Lunala, L50, shiny|100/100
|move|p2b: Muk|Protect|p2b: Muk
|-singleturn|p2b: Muk|Protect
|move|p2a: Lunala|Wide Guard||[still]
|-fail|p2a: Lunala
|
|-weather|RainDance|[upkeep]
|-ability|p2b: Muk|Moody|boost
|-boost|p2b: Muk|spe|2
|-unboost|p2b: Muk|def|1
|upkeep
|turn|4
|
|t:|1750711180
|move|p1b: Andúril|Behemoth Blade|p2a: Lunala
|-damage|p2a: Lunala|69/100
|move|p2b: Muk|Minimize|p2b: Muk
|-boost|p2b: Muk|evasion|2
|move|p1a: Galadriel|Moongeist Beam|p2a: Lunala
|-supereffective|p2a: Lunala
|-damage|p2a: Lunala|0 fnt
|faint|p2a: Lunala
|
|-weather|RainDance|[upkeep]
|-ability|p2b: Muk|Moody|boost
|-boost|p2b: Muk|spd|2
|-unboost|p2b: Muk|spa|1
|upkeep
|
|t:|1750711189
|switch|p2a: Rob|Rabsca, L50, M|100/100
|turn|5
|
|t:|1750711199
|move|p2b: Muk|Protect|p2b: Muk
|-singleturn|p2b: Muk|Protect
|move|p1b: Andúril|Behemoth Blade|p2a: Rob
|-damage|p2a: Rob|23/100
|move|p1a: Galadriel|Meteor Beam||[still]
|-prepare|p1a: Galadriel|Meteor Beam
|-boost|p1a: Galadriel|spa|1
|-enditem|p1a: Galadriel|Power Herb
|-anim|p1a: Galadriel|Meteor Beam|p2a: Rob
|-supereffective|p2a: Rob
|-damage|p2a: Rob|0 fnt
|faint|p2a: Rob
|
|-weather|none
|-ability|p2b: Muk|Moody|boost
|-boost|p2b: Muk|spe|2
|-unboost|p2b: Muk|atk|1
|upkeep
|turn|6
|
|t:|1750711216
|switch|p1a: Thorondor|Pelipper, L50, F, shiny|100/100
|-weather|RainDance|[from] ability: Drizzle|[of] p1a: Thorondor
|move|p1b: Andúril|Play Rough|p2b: Muk|[miss]
|-miss|p1b: Andúril|p2b: Muk
|move|p2b: Muk|Rest|p2b: Muk
|-status|p2b: Muk|slp|[from] move: Rest
|-heal|p2b: Muk|100/100 slp|[silent]
|
|-weather|RainDance|[upkeep]
|-ability|p2b: Muk|Moody|boost
|-boost|p2b: Muk|spa|2
|-unboost|p2b: Muk|spd|1
|upkeep
|turn|7
|
|t:|1750711222
|cant|p2b: Muk|slp
|move|p1b: Andúril|Play Rough|p2b: Muk|[miss]
|-miss|p1b: Andúril|p2b: Muk
|move|p1a: Thorondor|Hurricane|p2b: Muk
|-damage|p2b: Muk|67/100 slp
|
|-weather|RainDance|[upkeep]
|-ability|p2b: Muk|Moody|boost
|-boost|p2b: Muk|spd|2
|-unboost|p2b: Muk|def|1
|upkeep
|turn|8
|
|t:|1750711226
|switch|p1b: Grond|Landorus, L50, M, tera:Water|100/100
|cant|p2b: Muk|slp
|move|p1a: Thorondor|Hurricane|p2b: Muk
|-damage|p2b: Muk|50/100 slp
|
|-weather|RainDance|[upkeep]
|-ability|p2b: Muk|Moody|boost
|-boost|p2b: Muk|atk|2
|-unboost|p2b: Muk|spa|1
|upkeep
|turn|9
|
|t:|1750711229
|-curestatus|p2b: Muk|slp|[msg]
|move|p2b: Muk|Protect|p2b: Muk
|-singleturn|p2b: Muk|Protect
|move|p1a: Thorondor|Hurricane|p2b: Muk
|-activate|p2b: Muk|move: Protect
|move|p1b: Grond|Sandsear Storm|p2b: Muk
|-activate|p2b: Muk|move: Protect
|
|-weather|RainDance|[upkeep]
|-ability|p2b: Muk|Moody|boost
|-boost|p2b: Muk|spe|2
|-unboost|p2b: Muk|def|1
|upkeep
|turn|10
|
|t:|1750711234
|move|p2b: Muk|Minimize|p2b: Muk
|-boost|p2b: Muk|evasion|2
|move|p1a: Thorondor|Hurricane|p2b: Muk
|-damage|p2b: Muk|34/100
|move|p1b: Grond|Sandsear Storm|p2b: Muk
|-damage|p2b: Muk|7/100
|
|-weather|none
|-ability|p2b: Muk|Moody|boost
|-boost|p2b: Muk|atk|2
|-unboost|p2b: Muk|spe|1
|upkeep
|turn|11
|
|t:|1750711239
|switch|p1a: Galadriel|Lunala, L50, shiny|100/100
|move|p1b: Grond|Protect|p1b: Grond
|-singleturn|p1b: Grond|Protect
|move|p2b: Muk|Rest|p2b: Muk
|-status|p2b: Muk|slp|[from] move: Rest
|-heal|p2b: Muk|100/100 slp|[silent]
|
|-ability|p2b: Muk|Moody|boost
|-boost|p2b: Muk|spa|2
|-unboost|p2b: Muk|spd|1
|upkeep
|turn|12
|
|t:|1750711243
|switch|p1a: Thorondor|Pelipper, L50, F, shiny|100/100
|-weather|RainDance|[from] ability: Drizzle|[of] p1a: Thorondor
|cant|p2b: Muk|slp
|move|p1b: Grond|Sandsear Storm|p2b: Muk
|-damage|p2b: Muk|69/100 slp
|
|-weather|RainDance|[upkeep]
|-ability|p2b: Muk|Moody|boost
|-boost|p2b: Muk|spd|2
|-unboost|p2b: Muk|spe|1
|upkeep
|turn|13
|
|t:|1750711253
|cant|p2b: Muk|slp
|move|p1a: Thorondor|Hurricane|p2b: Muk
|-damage|p2b: Muk|55/100 slp
|-start|p2b: Muk|confusion
|move|p1b: Grond|Sandsear Storm|p2b: Muk
|-crit|p2b: Muk
|-damage|p2b: Muk|0 fnt
|faint|p2b: Muk
|
|win|Dunkndosentz
|raw|Dunkndosentz's rating: 1394 &rarr; <strong>1409</strong><br />(+15 for winning)
|raw|StapleGunUser's rating: 1313 &rarr; <strong>1298</strong><br />(-15 for losing)
|l|☆StapleGunUser
|player|p2|
|c|☆Dunkndosentz|Outa here with that stupid shit
|l|☆Dunkndosentz
|player|p1|
