|j|☆psaida
|j|☆Erayblitzvgc
|t:|1750834069
|gametype|doubles
|player|p1|psaida|cameraman|1345
|player|p2|Erayblitzvgc|266|1336
|teamsize|p1|6
|teamsize|p2|6
|gen|9
|tier|[Gen 9] VGC 2025 Reg I
|rated|
|rule|Species Clause: Limit one of each Pokémon
|rule|Item Clause: Limit 1 of each item
|clearpoke
|poke|p1|Miraidon, L50|
|poke|p1|Iron Bundle, L50|
|poke|p1|Calyrex-Shadow, L50|
|poke|p1|Whimsicott, L50, F|
|poke|p1|Clefairy, L50, M|
|poke|p1|Landorus, L50, M|
|poke|p2|Indeedee-F, L50, F|
|poke|p2|Calyrex-Ice, L50|
|poke|p2|Mienshao, L50, M|
|poke|p2|Smeargle, L50, M|
|poke|p2|Lunala, L50|
|poke|p2|Armarouge, L50, M|
|teampreview|4
|
|t:|1750834113
|start
|switch|p1a: Calyrex|Calyrex-Shadow, L50|100/100
|switch|p1b: Miraidon|Miraidon, L50|100/100
|switch|p2a: Armarouge|Armarouge, L50, M|100/100
|switch|p2b: Indeedee|Indeedee-F, L50, F|100/100
|-ability|p1a: Calyrex|As One
|-ability|p1a: Calyrex|Unnerve
|-fieldstart|move: Electric Terrain|[from] ability: Hadron Engine|[of] p1b: Miraidon
|-fieldstart|move: Psychic Terrain|[from] ability: Psychic Surge|[of] p2b: Indeedee
|turn|1
|inactive|Battle timer is ON: inactive players will automatically lose when time's up. (requested by psaida)
|
|t:|1750834140
|move|p2a: Armarouge|Wide Guard|p2a: Armarouge
|-singleturn|p2a: Armarouge|Wide Guard
|move|p1a: Calyrex|Shadow Ball|p2a: Armarouge
|-supereffective|p2a: Armarouge
|-damage|p2a: Armarouge|0 fnt
|faint|p2a: Armarouge
|-ability|p1a: Calyrex|Grim Neigh|boost
|-boost|p1a: Calyrex|spa|1
|move|p1b: Miraidon|Volt Switch|p2b: Indeedee
|-damage|p2b: Indeedee|43/100
|
|t:|1750834147
|switch|p1b: Clefairy|Clefairy, L50, M|100/100|[from] Volt Switch
|move|p2b: Indeedee|Trick Room|p2b: Indeedee
|-fieldstart|move: Trick Room|[of] p2b: Indeedee
|
|upkeep
|inactive|Erayblitzvgc has 30 seconds left.
|
|t:|1750834173
|switch|p2a: Lunala|Lunala, L50|100/100
|turn|2
|inactive|Erayblitzvgc has 30 seconds left.
|
|t:|1750834207
|switch|p1a: Landorus|Landorus, L50, M|100/100
|move|p1b: Clefairy|Protect|p1b: Clefairy
|-singleturn|p1b: Clefairy|Protect
|move|p2b: Indeedee|Psychic|p1b: Clefairy
|-activate|p1b: Clefairy|move: Protect
|move|p2a: Lunala|Meteor Beam||[still]
|-prepare|p2a: Lunala|Meteor Beam
|-boost|p2a: Lunala|spa|1
|-enditem|p2a: Lunala|Power Herb
|-anim|p2a: Lunala|Meteor Beam|p1a: Landorus
|-damage|p1a: Landorus|36/100
|
|upkeep
|turn|3
|
|t:|1750834225
|switch|p2b: Calyrex|Calyrex-Ice, L50|100/100
|-ability|p2b: Calyrex|As One
|-ability|p2b: Calyrex|Unnerve
|move|p1b: Clefairy|After You|p1a: Landorus
|-activate|p1a: Landorus|move: After You
|move|p1a: Landorus|Sandsear Storm|p2b: Calyrex|[spread] p2a,p2b
|-damage|p2a: Lunala|80/100
|-damage|p2b: Calyrex|64/100
|move|p2a: Lunala|Expanding Force|p1a: Landorus|[spread] p1a,p1b
|-damage|p1a: Landorus|0 fnt
|-damage|p1b: Clefairy|0 fnt
|faint|p1a: Landorus
|faint|p1b: Clefairy
|
|upkeep
|
|t:|1750834234
|switch|p1b: Calyrex|Calyrex-Shadow, L50|100/100
|switch|p1a: Miraidon|Miraidon, L50|100/100
|-ability|p1b: Calyrex|As One
|-ability|p1b: Calyrex|Unnerve
|-fieldstart|move: Electric Terrain|[from] ability: Hadron Engine|[of] p1a: Miraidon
|turn|4
|inactive|Erayblitzvgc has 30 seconds left.
|
|t:|1750834264
|-terastallize|p1a: Miraidon|Fairy
|move|p2b: Calyrex|Glacial Lance|p1b: Calyrex|[spread] p1a,p1b
|-damage|p1a: Miraidon|43/100
|-damage|p1b: Calyrex|38/100
|move|p2a: Lunala|Expanding Force|p1a: Miraidon
|-crit|p1a: Miraidon
|-damage|p1a: Miraidon|0 fnt
|faint|p1a: Miraidon
|move|p1b: Calyrex|Astral Barrage|p2b: Calyrex|[spread] p2a,p2b
|-supereffective|p2a: Lunala
|-supereffective|p2b: Calyrex
|-damage|p2a: Lunala|0 fnt
|-damage|p2b: Calyrex|0 fnt
|faint|p2a: Lunala
|faint|p2b: Calyrex
|-ability|p1b: Calyrex|Grim Neigh|boost
|-boost|p1b: Calyrex|spa|2
|
|upkeep
|
|t:|1750834282
|switch|p2b: Indeedee|Indeedee-F, L50, F|43/100
|-fieldstart|move: Psychic Terrain|[from] ability: Psychic Surge|[of] p2b: Indeedee
|turn|5
|
|t:|1750834289
|move|p1b: Calyrex|Protect|p1b: Calyrex
|-singleturn|p1b: Calyrex|Protect
|move|p2b: Indeedee|Psychic|p1b: Calyrex
|-activate|p1b: Calyrex|move: Protect
|
|-fieldend|move: Trick Room
|upkeep
|turn|6
|
|t:|1750834298
|move|p1b: Calyrex|Psyshock|p2b: Indeedee
|-resisted|p2b: Indeedee
|-damage|p2b: Indeedee|0 fnt
|faint|p2b: Indeedee
|
|win|psaida
|raw|psaida's rating: 1345 &rarr; <strong>1364</strong><br />(+19 for winning)
|raw|Erayblitzvgc's rating: 1336 &rarr; <strong>1317</strong><br />(-19 for losing)
|l|☆psaida
|player|p1|
|l|☆Erayblitzvgc
|player|p2|
