|j|☆Aabraao
|j|☆Tykrim33
|t:|1750861487
|gametype|doubles
|player|p1|Aabraao|hilbert|1569
|player|p2|Tykrim33|170|1505
|teamsize|p1|6
|teamsize|p2|6
|gen|9
|tier|[Gen 9] VGC 2025 Reg I
|rated|
|rule|Species Clause: Limit one of each Pokémon
|rule|Item Clause: Limit 1 of each item
|clearpoke
|poke|p1|Lunala, L50|
|poke|p1|Calyrex-Ice, L50|
|poke|p1|Incineroar, L50, M|
|poke|p1|Kingambit, L50, M|
|poke|p1|Ogerpon-Cornerstone, L50, F|
|poke|p1|Torkoal, L50, F|
|poke|p2|Calyrex-Shadow, L50|
|poke|p2|Koraidon, L50|
|poke|p2|Incineroar, L50, F|
|poke|p2|Iron Treads, L50|
|poke|p2|Amoonguss, L50, F|
|poke|p2|Walking Wake, L50|
|teampreview|4
|inactive|Battle timer is ON: inactive players will automatically lose when time's up. (requested by Aabraao)
|c|☆Tykrim33|hello again
|inactive|Aabraao has 60 seconds left.
|inactive|Aabraao has 30 seconds left.
|inactive|Aabraao has 20 seconds left.
|
|t:|1750861561
|start
|switch|p1a: Calyrex|Calyrex-Ice, L50|100/100
|switch|p1b: Ogerpon|Ogerpon-Cornerstone, L50, F|100/100
|switch|p2a: Calyrex|Calyrex-Shadow, L50|100/100
|switch|p2b: Incineroar|Incineroar, L50, F|100/100
|-ability|p2a: Calyrex|As One
|-ability|p2a: Calyrex|Unnerve
|-ability|p1a: Calyrex|As One
|-ability|p1a: Calyrex|Unnerve
|-ability|p2b: Incineroar|Intimidate|boost
|-fail|p1a: Calyrex|unboost|[from] item: Clear Amulet|[of] p1a: Calyrex
|-unboost|p1b: Ogerpon|atk|1
|turn|1
|inactive|Tykrim33 has 30 seconds left.
|
|t:|1750861591
|move|p1a: Calyrex|Protect|p1a: Calyrex
|-singleturn|p1a: Calyrex|Protect
|move|p2b: Incineroar|Fake Out|p1b: Ogerpon
|-resisted|p1b: Ogerpon
|-damage|p1b: Ogerpon|93/100
|move|p2a: Calyrex|Astral Barrage|p1a: Calyrex|[spread] p1b
|-activate|p1a: Calyrex|move: Protect
|-damage|p1b: Ogerpon|33/100
|cant|p1b: Ogerpon|flinch
|
|upkeep
|turn|2
|
|t:|1750861606
|-terastallize|p1a: Calyrex|Ground
|move|p1b: Ogerpon|Spiky Shield|p1b: Ogerpon
|-singleturn|p1b: Ogerpon|move: Protect
|move|p2a: Calyrex|Astral Barrage|p1b: Ogerpon|[spread] p1a
|-activate|p1b: Ogerpon|move: Protect
|-damage|p1a: Calyrex|62/100
|move|p2b: Incineroar|Knock Off|p1a: Calyrex
|-damage|p1a: Calyrex|39/100
|-enditem|p1a: Calyrex|Clear Amulet|[from] move: Knock Off|[of] p2b: Incineroar
|move|p1a: Calyrex|Trick Room|p1a: Calyrex
|-fieldstart|move: Trick Room|[of] p1a: Calyrex
|
|upkeep
|turn|3
|inactive|Tykrim33 has 30 seconds left.
|
|t:|1750861633
|-terastallize|p2b: Incineroar|Bug
|move|p2a: Calyrex|Protect|p2a: Calyrex
|-singleturn|p2a: Calyrex|Protect
|move|p1a: Calyrex|High Horsepower|p2b: Incineroar
|-resisted|p2b: Incineroar
|-damage|p2b: Incineroar|80/100
|move|p2b: Incineroar|Parting Shot|p1a: Calyrex
|-unboost|p1a: Calyrex|atk|1
|-unboost|p1a: Calyrex|spa|1
|
|t:|1750861641
|switch|p2b: Amoonguss|Amoonguss, L50, F|100/100|[from] Parting Shot
|move|p1b: Ogerpon|Ivy Cudgel|p2a: Calyrex|[anim] Ivy Cudgel Rock
|-activate|p2a: Calyrex|move: Protect
|
|upkeep
|turn|4
|
|t:|1750861661
|switch|p2a: Incineroar|Incineroar, L50, F, tera:Bug|80/100
|-ability|p2a: Incineroar|Intimidate|boost
|-unboost|p1a: Calyrex|atk|1
|-unboost|p1b: Ogerpon|atk|1
|move|p1b: Ogerpon|Follow Me|p1b: Ogerpon
|-singleturn|p1b: Ogerpon|move: Follow Me
|move|p1a: Calyrex|Glacial Lance|p2a: Incineroar|[spread] p2a,p2b
|-supereffective|p2b: Amoonguss
|-damage|p2a: Incineroar|61/100
|-damage|p2b: Amoonguss|54/100
|move|p2b: Amoonguss|Spore|p1b: Ogerpon
|-immune|p1b: Ogerpon
|
|upkeep
|turn|5
|
|t:|1750861675
|switch|p1a: Torkoal|Torkoal, L50, F|100/100
|-weather|SunnyDay|[from] ability: Drought|[of] p1a: Torkoal
|switch|p2b: Calyrex|Calyrex-Shadow, L50|100/100
|-ability|p2b: Calyrex|As One
|-ability|p2b: Calyrex|Unnerve
|move|p1b: Ogerpon|Spiky Shield|p1b: Ogerpon
|-singleturn|p1b: Ogerpon|move: Protect
|move|p2a: Incineroar|Fake Out|p1a: Torkoal
|-damage|p1a: Torkoal|92/100
|
|-weather|SunnyDay|[upkeep]
|upkeep
|turn|6
|
|t:|1750861692
|switch|p2a: Walking Wake|Walking Wake, L50|100/100
|-activate|p2a: Walking Wake|ability: Protosynthesis
|-start|p2a: Walking Wake|protosynthesisspe
|switch|p1b: Lunala|Lunala, L50|100/100
|move|p2b: Calyrex|Protect|p2b: Calyrex
|-singleturn|p2b: Calyrex|Protect
|move|p1a: Torkoal|Eruption|p2b: Calyrex|[spread] p2a
|-activate|p2b: Calyrex|move: Protect
|-resisted|p2a: Walking Wake
|-damage|p2a: Walking Wake|86/100
|
|-weather|SunnyDay|[upkeep]
|-fieldend|move: Trick Room
|upkeep
|turn|7
|inactive|Tykrim33 has 30 seconds left.
|inactive|Tykrim33 has 20 seconds left.
|
|t:|1750861727
|move|p1a: Torkoal|Protect|p1a: Torkoal
|-singleturn|p1a: Torkoal|Protect
|move|p2a: Walking Wake|Hydro Steam|p1b: Lunala
|-crit|p1b: Lunala
|-damage|p1b: Lunala|70/100
|move|p2b: Calyrex|Psychic|p1a: Torkoal
|-activate|p1a: Torkoal|move: Protect
|move|p1b: Lunala|Trick Room|p1b: Lunala
|-fieldstart|move: Trick Room|[of] p1b: Lunala
|
|-weather|SunnyDay|[upkeep]
|-heal|p1b: Lunala|76/100|[from] item: Leftovers
|upkeep
|turn|8
|
|t:|1750861747
|move|p2b: Calyrex|Protect|p2b: Calyrex
|-singleturn|p2b: Calyrex|Protect
|move|p1a: Torkoal|Eruption|p2a: Walking Wake|[spread] p2a
|-activate|p2b: Calyrex|move: Protect
|-resisted|p2a: Walking Wake
|-damage|p2a: Walking Wake|72/100
|move|p1b: Lunala|Moonblast|p2a: Walking Wake
|-supereffective|p2a: Walking Wake
|-damage|p2a: Walking Wake|25/100
|move|p2a: Walking Wake|Snarl|p1a: Torkoal|[spread] p1a,p1b
|-supereffective|p1b: Lunala
|-damage|p1a: Torkoal|73/100
|-damage|p1b: Lunala|38/100
|-unboost|p1a: Torkoal|spa|1
|-unboost|p1b: Lunala|spa|1
|
|-weather|SunnyDay|[upkeep]
|-heal|p1b: Lunala|44/100|[from] item: Leftovers
|upkeep
|turn|9
|
|t:|1750861770
|move|p1a: Torkoal|Eruption|p2b: Calyrex|[spread] p2a,p2b
|-resisted|p2a: Walking Wake
|-damage|p2a: Walking Wake|18/100
|-damage|p2b: Calyrex|57/100
|move|p1b: Lunala|Moongeist Beam|p2b: Calyrex
|-supereffective|p2b: Calyrex
|-damage|p2b: Calyrex|0 fnt
|faint|p2b: Calyrex
|move|p2a: Walking Wake|Hydro Steam|p1a: Torkoal
|-supereffective|p1a: Torkoal
|-damage|p1a: Torkoal|0 fnt
|faint|p1a: Torkoal
|
|-weather|none
|-end|p2a: Walking Wake|Protosynthesis
|-heal|p1b: Lunala|51/100|[from] item: Leftovers
|upkeep
|
|t:|1750861785
|switch|p1a: Ogerpon|Ogerpon-Cornerstone, L50, F|33/100
|switch|p2b: Incineroar|Incineroar, L50, F, tera:Bug|61/100
|-ability|p2b: Incineroar|Intimidate|boost
|-unboost|p1a: Ogerpon|atk|1
|-unboost|p1b: Lunala|atk|1
|turn|10
|
|t:|1750861796
|move|p1a: Ogerpon|Spiky Shield|p1a: Ogerpon
|-singleturn|p1a: Ogerpon|move: Protect
|move|p2b: Incineroar|Knock Off|p1b: Lunala
|-supereffective|p1b: Lunala
|-damage|p1b: Lunala|0 fnt
|-enditem|p1b: Lunala|Leftovers|[from] move: Knock Off|[of] p2b: Incineroar
|faint|p1b: Lunala
|move|p2a: Walking Wake|Draco Meteor|p1a: Ogerpon
|-activate|p1a: Ogerpon|move: Protect
|
|upkeep
|
|t:|1750861798
|switch|p1b: Calyrex|Calyrex-Ice, L50, tera:Ground|39/100
|-ability|p1b: Calyrex|As One
|-ability|p1b: Calyrex|Unnerve
|turn|11
|
|t:|1750861816
|move|p1b: Calyrex|Glacial Lance|p2b: Incineroar|[spread] p2a,p2b
|-damage|p2a: Walking Wake|0 fnt
|-damage|p2b: Incineroar|21/100
|faint|p2a: Walking Wake
|-end|p2a: Walking Wake|Protosynthesis|[silent]
|-ability|p1b: Calyrex|Chilling Neigh|boost
|-boost|p1b: Calyrex|atk|1
|move|p2b: Incineroar|Will-O-Wisp|p1b: Calyrex|[miss]
|-miss|p2b: Incineroar|p1b: Calyrex
|move|p1a: Ogerpon|Ivy Cudgel|p2b: Incineroar|[anim] Ivy Cudgel Rock
|-supereffective|p2b: Incineroar
|-crit|p2b: Incineroar
|-damage|p2b: Incineroar|0 fnt
|faint|p2b: Incineroar
|
|-fieldend|move: Trick Room
|upkeep
|
|t:|1750861829
|switch|p2b: Amoonguss|Amoonguss, L50, F|87/100
|turn|12
|
|t:|1750861832
|move|p1a: Ogerpon|Ivy Cudgel|p2b: Amoonguss|[anim] Ivy Cudgel Rock
|-damage|p2b: Amoonguss|52/100
|move|p2b: Amoonguss|Pollen Puff|p1a: Ogerpon
|-supereffective|p1a: Ogerpon
|-damage|p1a: Ogerpon|0 fnt
|faint|p1a: Ogerpon
|move|p1b: Calyrex|Glacial Lance|p2b: Amoonguss
|-supereffective|p2b: Amoonguss
|-damage|p2b: Amoonguss|0 fnt
|faint|p2b: Amoonguss
|
|win|Aabraao
|raw|Aabraao's rating: 1569 &rarr; <strong>1585</strong><br />(+16 for winning)
|raw|Tykrim33's rating: 1505 &rarr; <strong>1489</strong><br />(-16 for losing)
|c|☆Tykrim33|gg
|l|☆Tykrim33
|player|p2|
|l|☆Aabraao
|player|p1|
