|j|☆Delphox Lovers
|j|☆Terminator7006
|t:|1750853822
|gametype|doubles
|player|p1|Delphox Lovers|lucian|1344
|player|p2|Terminator7006|drayden|1369
|teamsize|p1|6
|teamsize|p2|6
|gen|9
|tier|[Gen 9] VGC 2025 Reg I
|rated|
|rule|Species Clause: Limit one of each Pokémon
|rule|Item Clause: Limit 1 of each item
|clearpoke
|poke|p1|Zamazenta-*, L50|
|poke|p1|Calyrex-Shadow, L50|
|poke|p1|Ogerpon-Hearthflame, L50, F|
|poke|p1|Raging Bolt, L50|
|poke|p1|Incineroar, L50, M|
|poke|p1|Rillaboom, L50, M|
|poke|p2|Lycanroc-Midnight, L50, M|
|poke|p2|Zamazenta-*, L50|
|poke|p2|Palkia, L50|
|poke|p2|Amoonguss, L50, M|
|poke|p2|Incineroar, L50, M|
|poke|p2|Rotom-Heat, L50|
|teampreview|4
|inactive|Battle timer is ON: inactive players will automatically lose when time's up. (requested by Delphox Lovers)
|inactive|Delphox Lovers has 60 seconds left.
|
|t:|1750853871
|start
|switch|p1a: Calyrex|Calyrex-Shadow, L50|100/100
|switch|p1b: Rillaboom|Rillaboom, L50, M|100/100
|switch|p2a: Palkia|Palkia, L50|100/100
|switch|p2b: Amoonguss|Amoonguss, L50, M, shiny|100/100
|-ability|p1a: Calyrex|As One
|-ability|p1a: Calyrex|Unnerve
|-fieldstart|move: Grassy Terrain|[from] ability: Grassy Surge|[of] p1b: Rillaboom
|turn|1
|inactive|Terminator7006 has 30 seconds left.
|inactive|Terminator7006 has 20 seconds left.
|
|t:|1750853907
|move|p2a: Palkia|Protect|p2a: Palkia
|-singleturn|p2a: Palkia|Protect
|move|p1b: Rillaboom|Fake Out|p2b: Amoonguss
|-damage|p2b: Amoonguss|88/100
|-damage|p1b: Rillaboom|84/100|[from] item: Rocky Helmet|[of] p2b: Amoonguss
|move|p1a: Calyrex|Psychic|p2b: Amoonguss
|-supereffective|p2b: Amoonguss
|-damage|p2b: Amoonguss|0 fnt
|faint|p2b: Amoonguss
|-ability|p1a: Calyrex|Grim Neigh|boost
|-boost|p1a: Calyrex|spa|1
|
|-heal|p1b: Rillaboom|90/100|[from] Grassy Terrain
|upkeep
|
|t:|1750853914
|switch|p2b: Zamazenta|Zamazenta-Crowned, L50, shiny|100/100
|-ability|p2b: Zamazenta|Dauntless Shield|boost
|-boost|p2b: Zamazenta|def|1
|turn|2
|
|t:|1750853928
|move|p1a: Calyrex|Protect|p1a: Calyrex
|-singleturn|p1a: Calyrex|Protect
|move|p2b: Zamazenta|Protect|p2b: Zamazenta
|-singleturn|p2b: Zamazenta|Protect
|move|p1b: Rillaboom|U-turn|p2a: Palkia
|-damage|p2a: Palkia|80/100
|
|t:|1750853934
|switch|p1b: Incineroar|Incineroar, L50, M|100/100|[from] U-turn
|-ability|p1b: Incineroar|Intimidate|boost
|-unboost|p2a: Palkia|atk|1
|-unboost|p2b: Zamazenta|atk|1
|move|p2a: Palkia|Trick Room|p2a: Palkia
|-fieldstart|move: Trick Room|[of] p2a: Palkia
|
|-heal|p2a: Palkia|86/100|[from] Grassy Terrain
|upkeep
|turn|3
|inactive|Terminator7006 has 30 seconds left.
|inactive|Terminator7006 has 20 seconds left.
|
|t:|1750853973
|-terastallize|p1b: Incineroar|Bug
|move|p1b: Incineroar|Fake Out|p2a: Palkia
|-damage|p2a: Palkia|76/100
|move|p2b: Zamazenta|Wide Guard|p2b: Zamazenta
|-singleturn|p2b: Zamazenta|Wide Guard
|cant|p2a: Palkia|flinch
|move|p1a: Calyrex|Psychic|p2b: Zamazenta
|-damage|p2b: Zamazenta|44/100
|
|-heal|p2a: Palkia|82/100|[from] Grassy Terrain
|-heal|p2b: Zamazenta|50/100|[from] Grassy Terrain
|upkeep
|turn|4
|
|t:|1750853992
|move|p1a: Calyrex|Protect|p1a: Calyrex
|-singleturn|p1a: Calyrex|Protect
|move|p1b: Incineroar|Parting Shot|p2a: Palkia
|-unboost|p2a: Palkia|atk|1
|-unboost|p2a: Palkia|spa|1
|
|t:|1750853995
|switch|p1b: Rillaboom|Rillaboom, L50, M|90/100|[from] Parting Shot
|move|p2a: Palkia|Draco Meteor|p1b: Rillaboom
|-damage|p1b: Rillaboom|36/100
|-unboost|p2a: Palkia|spa|2
|move|p2b: Zamazenta|Body Press|p1b: Rillaboom
|-damage|p1b: Rillaboom|0 fnt
|faint|p1b: Rillaboom
|
|-heal|p2a: Palkia|88/100|[from] Grassy Terrain
|-heal|p2b: Zamazenta|56/100|[from] Grassy Terrain
|upkeep
|
|t:|1750854002
|switch|p1b: Incineroar|Incineroar, L50, M, tera:Bug|100/100
|-ability|p1b: Incineroar|Intimidate|boost
|-unboost|p2a: Palkia|atk|1
|-unboost|p2b: Zamazenta|atk|1
|turn|5
|
|t:|1750854013
|switch|p2a: Lycanroc|Lycanroc-Midnight, L50, M|100/100
|move|p2b: Zamazenta|Protect|p2b: Zamazenta
|-singleturn|p2b: Zamazenta|Protect
|move|p1b: Incineroar|Fake Out|p2a: Lycanroc
|-resisted|p2a: Lycanroc
|-damage|p2a: Lycanroc|94/100
|move|p1a: Calyrex|Psychic|p2b: Zamazenta
|-activate|p2b: Zamazenta|move: Protect
|
|-heal|p2a: Lycanroc|100/100|[from] Grassy Terrain
|-heal|p2b: Zamazenta|62/100|[from] Grassy Terrain
|-fieldend|move: Grassy Terrain
|upkeep
|turn|6
|
|t:|1750854037
|move|p1a: Calyrex|Protect|p1a: Calyrex
|-singleturn|p1a: Calyrex|Protect
|move|p2a: Lycanroc|Stone Edge|p1b: Incineroar
|-supereffective|p1b: Incineroar
|-damage|p1b: Incineroar|0 fnt
|faint|p1b: Incineroar
|move|p2b: Zamazenta|Body Press|p1a: Calyrex
|-activate|p1a: Calyrex|move: Protect
|
|-fieldend|move: Trick Room
|upkeep
|
|t:|1750854043
|switch|p1b: Ogerpon|Ogerpon-Hearthflame, L50, F|100/100
|-ability|p1b: Ogerpon|Mold Breaker
|turn|7
|
|t:|1750854054
|move|p2b: Zamazenta|Wide Guard|p2b: Zamazenta
|-singleturn|p2b: Zamazenta|Wide Guard
|move|p1a: Calyrex|Psychic|p2b: Zamazenta
|-damage|p2b: Zamazenta|5/100
|move|p1b: Ogerpon|Horn Leech|p2a: Lycanroc
|-supereffective|p2a: Lycanroc
|-damage|p2a: Lycanroc|0 fnt
|faint|p2a: Lycanroc
|
|upkeep
|
|t:|1750854062
|switch|p2a: Palkia|Palkia, L50|88/100
|turn|8
|
|t:|1750854076
|move|p2a: Palkia|Protect|p2a: Palkia
|-singleturn|p2a: Palkia|Protect
|move|p1a: Calyrex|Psychic|p2b: Zamazenta
|-damage|p2b: Zamazenta|0 fnt
|faint|p2b: Zamazenta
|-ability|p1a: Calyrex|Grim Neigh|boost
|-boost|p1a: Calyrex|spa|1
|move|p1b: Ogerpon|Horn Leech|p2a: Palkia
|-activate|p2a: Palkia|move: Protect
|
|upkeep
|turn|9
|-message|Terminator7006 forfeited.
|
|win|Delphox Lovers
|raw|Delphox Lovers's rating: 1344 &rarr; <strong>1365</strong><br />(+21 for winning)
|raw|Terminator7006's rating: 1369 &rarr; <strong>1348</strong><br />(-21 for losing)
|l|☆Terminator7006
|player|p2|
|l|☆Delphox Lovers
|player|p1|
