|j|‽xGSx3ntr0py
|j|☆Carajo666
|t:|1750710499
|gametype|doubles
|player|p1|xGSx3ntr0py|169|1610
|player|p2|Carajo666|roughneck|1598
|teamsize|p1|6
|teamsize|p2|6
|gen|9
|tier|[Gen 9] VGC 2025 Reg I
|rated|
|rule|Species Clause: Limit one of each Pokémon
|rule|Item Clause: Limit 1 of each item
|clearpoke
|poke|p1|Calyrex-Shadow, L50|
|poke|p1|Smeargle, L50, M|
|poke|p1|Incineroar, L50, F|
|poke|p1|Rillaboom, L50, F|
|poke|p1|Lunala, L50|
|poke|p1|Muk-Alola, L50, M|
|poke|p2|Lunala, L50|
|poke|p2|Tyranitar, L50, F|
|poke|p2|Amoonguss, L50, F|
|poke|p2|Ho-Oh, L50|
|poke|p2|Excadrill, L50, F|
|poke|p2|Enamorus-Therian, L50, F|
|teampreview|4
|inactive|Battle timer is ON: inactive players will automatically lose when time's up. (requested by Carajo666)
|
|t:|1750710522
|start
|switch|p1a: Calyrex|Calyrex-Shadow, L50|100/100
|switch|p1b: Incineroar|Incineroar, L50, F|100/100
|switch|p2a: Lunala|Lunala, L50|100/100
|switch|p2b: Amoonguss|Amoonguss, L50, F|100/100
|-ability|p1a: Calyrex|As One
|-ability|p1a: Calyrex|Unnerve
|-ability|p1b: Incineroar|Intimidate|boost
|-unboost|p2a: Lunala|atk|1
|-unboost|p2b: Amoonguss|atk|1
|turn|1
|
|t:|1750710537
|-terastallize|p1a: Calyrex|Fairy
|-terastallize|p2a: Lunala|Fairy
|move|p1b: Incineroar|Fake Out|p2b: Amoonguss
|-damage|p2b: Amoonguss|92/100
|-damage|p1b: Incineroar|84/100|[from] item: Rocky Helmet|[of] p2b: Amoonguss
|cant|p2b: Amoonguss|flinch
|move|p1a: Calyrex|Calm Mind|p1a: Calyrex
|-boost|p1a: Calyrex|spa|1
|-boost|p1a: Calyrex|spd|1
|move|p2a: Lunala|Trick Room|p2a: Lunala
|-fieldstart|move: Trick Room|[of] p2a: Lunala
|
|upkeep
|turn|2
|
|t:|1750710554
|move|p1a: Calyrex|Protect|p1a: Calyrex
|-singleturn|p1a: Calyrex|Protect
|move|p2b: Amoonguss|Spore|p1a: Calyrex
|-activate|p1a: Calyrex|move: Protect
|move|p1b: Incineroar|Parting Shot|p2a: Lunala
|-unboost|p2a: Lunala|atk|1
|-unboost|p2a: Lunala|spa|1
|j| GeAR5hift
|
|t:|1750710562
|switch|p1b: Smeargle|Smeargle, L50, M|100/100|[from] Parting Shot
|move|p2a: Lunala|Moonblast|p1b: Smeargle
|-damage|p1b: Smeargle|31/100
|
|-ability|p1b: Smeargle|Moody|boost
|-boost|p1b: Smeargle|spd|2
|-unboost|p1b: Smeargle|def|1
|upkeep
|turn|3
|
|t:|1750710577
|move|p2b: Amoonguss|Protect|p2b: Amoonguss
|-singleturn|p2b: Amoonguss|Protect
|move|p2a: Lunala|Wide Guard|p2a: Lunala
|-singleturn|p2a: Lunala|Wide Guard
|move|p1b: Smeargle|Follow Me|p1b: Smeargle
|-singleturn|p1b: Smeargle|move: Follow Me
|move|p1a: Calyrex|Astral Barrage|p2a: Lunala|[spread] 
|-activate|p2a: Lunala|move: Wide Guard
|-activate|p2b: Amoonguss|move: Wide Guard
|
|-ability|p1b: Smeargle|Moody|boost
|-boost|p1b: Smeargle|atk|2
|-unboost|p1b: Smeargle|spe|1
|upkeep
|turn|4
|
|t:|1750710594
|switch|p2a: Enamorus|Enamorus-Therian, L50, F|100/100
|move|p1b: Smeargle|Follow Me|p1b: Smeargle
|-singleturn|p1b: Smeargle|move: Follow Me
|move|p2b: Amoonguss|Spore|p1b: Smeargle
|-status|p1b: Smeargle|slp|[from] move: Spore
|move|p1a: Calyrex|Calm Mind|p1a: Calyrex
|-boost|p1a: Calyrex|spa|1
|-boost|p1a: Calyrex|spd|1
|
|-ability|p1b: Smeargle|Moody|boost
|-boost|p1b: Smeargle|spe|2
|-unboost|p1b: Smeargle|spd|1
|upkeep
|turn|5
|j| Fallastest
|
|t:|1750710616
|switch|p1b: Incineroar|Incineroar, L50, F|84/100
|-ability|p1b: Incineroar|Intimidate|boost
|-unboost|p2a: Enamorus|atk|1
|-unboost|p2b: Amoonguss|atk|1
|move|p1a: Calyrex|Protect|p1a: Calyrex
|-singleturn|p1a: Calyrex|Protect
|move|p2b: Amoonguss|Spore|p1a: Calyrex
|-activate|p1a: Calyrex|move: Protect
|move|p2a: Enamorus|Dazzling Gleam|p1a: Calyrex|[spread] p1b
|-activate|p1a: Calyrex|move: Protect
|-damage|p1b: Incineroar|47/100
|
|-fieldend|move: Trick Room
|upkeep
|turn|6
|
|t:|1750710635
|move|p2b: Amoonguss|Protect|p2b: Amoonguss
|-singleturn|p2b: Amoonguss|Protect
|move|p1b: Incineroar|Fake Out|p2b: Amoonguss
|-activate|p2b: Amoonguss|move: Protect
|move|p1a: Calyrex|Astral Barrage|p2a: Enamorus|[spread] p2a
|-activate|p2b: Amoonguss|move: Protect
|-damage|p2a: Enamorus|0 fnt
|faint|p2a: Enamorus
|-ability|p1a: Calyrex|Grim Neigh|boost
|-boost|p1a: Calyrex|spa|1
|
|upkeep
|
|t:|1750710640
|switch|p2a: Ho-Oh|Ho-Oh, L50|100/100
|turn|7
|
|t:|1750710657
|switch|p1b: Rillaboom|Rillaboom, L50, F|100/100
|-fieldstart|move: Grassy Terrain|[from] ability: Grassy Surge|[of] p1b: Rillaboom
|move|p1a: Calyrex|Protect|p1a: Calyrex
|-singleturn|p1a: Calyrex|Protect
|move|p2b: Amoonguss|Rage Powder|p2b: Amoonguss
|-singleturn|p2b: Amoonguss|move: Rage Powder
|move|p2a: Ho-Oh|Sacred Fire|p1a: Calyrex
|-activate|p1a: Calyrex|move: Protect
|
|-heal|p2b: Amoonguss|98/100|[from] Grassy Terrain
|upkeep
|turn|8
|
|t:|1750710668
|move|p2a: Ho-Oh|Protect|p2a: Ho-Oh
|-singleturn|p2a: Ho-Oh|Protect
|move|p2b: Amoonguss|Protect|p2b: Amoonguss
|-singleturn|p2b: Amoonguss|Protect
|move|p1b: Rillaboom|Fake Out|p2a: Ho-Oh
|-activate|p2a: Ho-Oh|move: Protect
|move|p1a: Calyrex|Astral Barrage|p2a: Ho-Oh|[spread] 
|-activate|p2a: Ho-Oh|move: Protect
|-activate|p2b: Amoonguss|move: Protect
|
|-heal|p2b: Amoonguss|100/100|[from] Grassy Terrain
|upkeep
|turn|9
|
|t:|1750710683
|move|p1a: Calyrex|Protect|p1a: Calyrex
|-singleturn|p1a: Calyrex|Protect
|move|p2a: Ho-Oh|Tailwind|p2a: Ho-Oh
|-sidestart|p2: Carajo666|move: Tailwind
|move|p1b: Rillaboom|U-turn|p2b: Amoonguss
|-damage|p2b: Amoonguss|79/100
|-damage|p1b: Rillaboom|84/100|[from] item: Rocky Helmet|[of] p2b: Amoonguss
|
|t:|1750710691
|switch|p1b: Incineroar|Incineroar, L50, F|47/100|[from] U-turn
|-ability|p1b: Incineroar|Intimidate|boost
|-fail|p2a: Ho-Oh|unboost|[from] item: Clear Amulet|[of] p2a: Ho-Oh
|-unboost|p2b: Amoonguss|atk|1
|move|p2b: Amoonguss|Spore|p1a: Calyrex
|-activate|p1a: Calyrex|move: Protect
|
|-heal|p1b: Incineroar|52/100|[from] Grassy Terrain
|-heal|p2b: Amoonguss|85/100|[from] Grassy Terrain
|upkeep
|turn|10
|
|t:|1750710707
|move|p2a: Ho-Oh|Protect|p2a: Ho-Oh
|-singleturn|p2a: Ho-Oh|Protect
|move|p1b: Incineroar|Fake Out|p2a: Ho-Oh
|-activate|p2a: Ho-Oh|move: Protect
|move|p1a: Calyrex|Astral Barrage|p2b: Amoonguss|[spread] p2b
|-activate|p2a: Ho-Oh|move: Protect
|-damage|p2b: Amoonguss|0 fnt
|faint|p2b: Amoonguss
|-ability|p1a: Calyrex|Grim Neigh|boost
|-boost|p1a: Calyrex|spa|1
|
|-heal|p1b: Incineroar|58/100|[from] Grassy Terrain
|upkeep
|
|t:|1750710714
|switch|p2b: Lunala|Lunala, L50, tera:Fairy|100/100
|turn|11
|
|t:|1750710727
|move|p1a: Calyrex|Protect|p1a: Calyrex
|-singleturn|p1a: Calyrex|Protect
|move|p2a: Ho-Oh|Brave Bird|p1b: Incineroar
|-crit|p1b: Incineroar
|-damage|p1b: Incineroar|0 fnt
|faint|p1b: Incineroar
|-damage|p2a: Ho-Oh|82/100|[from] Recoil
|move|p2b: Lunala|Moonblast|p1a: Calyrex
|-activate|p1a: Calyrex|move: Protect
|
|-fieldend|move: Grassy Terrain
|upkeep
|
|t:|1750710737
|switch|p1b: Rillaboom|Rillaboom, L50, F|84/100
|-fieldstart|move: Grassy Terrain|[from] ability: Grassy Surge|[of] p1b: Rillaboom
|turn|12
|
|t:|1750710744
|move|p2b: Lunala|Wide Guard|p2b: Lunala
|-singleturn|p2b: Lunala|Wide Guard
|move|p1b: Rillaboom|Fake Out|p2a: Ho-Oh
|-damage|p2a: Ho-Oh|70/100
|cant|p2a: Ho-Oh|flinch
|move|p1a: Calyrex|Draining Kiss|p2b: Lunala
|-damage|p2b: Lunala|61/100
|
|-heal|p2b: Lunala|67/100|[from] Grassy Terrain
|-heal|p1b: Rillaboom|90/100|[from] Grassy Terrain
|-sideend|p2: Carajo666|move: Tailwind
|upkeep
|turn|13
|
|t:|1750710768
|move|p2b: Lunala|Wide Guard|p2b: Lunala
|-singleturn|p2b: Lunala|Wide Guard
|move|p1a: Calyrex|Draining Kiss|p2b: Lunala
|-damage|p2b: Lunala|0 fnt
|faint|p2b: Lunala
|-ability|p1a: Calyrex|Grim Neigh|boost
|-boost|p1a: Calyrex|spa|1
|move|p2a: Ho-Oh|Sacred Fire|p1b: Rillaboom
|-supereffective|p1b: Rillaboom
|-damage|p1b: Rillaboom|0 fnt
|faint|p1b: Rillaboom
|
|upkeep
|
|t:|1750710779
|switch|p1b: Smeargle|Smeargle, L50, M|31/100 slp
|turn|14
|
|t:|1750710784
|cant|p1b: Smeargle|slp
|move|p1a: Calyrex|Astral Barrage|p2a: Ho-Oh
|-damage|p2a: Ho-Oh|0 fnt
|faint|p2a: Ho-Oh
|
|win|xGSx3ntr0py
|raw|xGSx3ntr0py's rating: 1610 &rarr; <strong>1629</strong><br />(+19 for winning)
|raw|Carajo666's rating: 1598 &rarr; <strong>1579</strong><br />(-19 for losing)
|l|‽xGSx3ntr0py
|player|p1|
|l|☆Carajo666
|player|p2|
|l| Fallastest
|l| GeAR5hift
