|j|☆zexal325
|j|☆leaf 7633
|t:|1750792491
|gametype|doubles
|player|p1|zexal325|265|1165
|player|p2|leaf 7633|skyla|1170
|teamsize|p1|6
|teamsize|p2|6
|gen|9
|tier|[Gen 9] VGC 2025 Reg I
|rated|
|rule|Species Clause: Limit one of each Pokémon
|rule|Item Clause: Limit 1 of each item
|clearpoke
|poke|p1|Miraidon, L50|
|poke|p1|Lunala, L50|
|poke|p1|Incineroar, L50, F|
|poke|p1|Iron Hands, L50|
|poke|p1|Grimmsnarl, L50, M|
|poke|p1|Urshifu-*, L50, F|
|poke|p2|Terapagos, L50, M|
|poke|p2|Rillaboom, L50, M|
|poke|p2|Incineroar, L50, F|
|poke|p2|Chi-Yu, L50|
|poke|p2|Lunala, L50|
|poke|p2|Urshifu-*, L50, M|
|teampreview|4
|
|t:|1750792539
|start
|switch|p1a: Incineroar|Incineroar, L50, F|100/100
|switch|p1b: Urshifu|Urshifu-Rapid-Strike, L50, F|100/100
|switch|p2a: UrshifuRapidStrike|Urshifu, L50, M|100/100
|switch|p2b: Rillaboom|Rillaboom, L50, M|100/100
|-fieldstart|move: Grassy Terrain|[from] ability: Grassy Surge|[of] p2b: Rillaboom
|-ability|p1a: Incineroar|Intimidate|boost
|-unboost|p2a: UrshifuRapidStrike|atk|1
|-unboost|p2b: Rillaboom|atk|1
|turn|1
|
|t:|1750792571
|switch|p1a: Lunala|Lunala, L50|100/100
|move|p2b: Rillaboom|Fake Out|p1b: Urshifu
|-damage|p1b: Urshifu|90/100
|cant|p1b: Urshifu|flinch
|move|p2a: UrshifuRapidStrike|Close Combat|p1a: Lunala
|-immune|p1a: Lunala
|
|-heal|p1b: Urshifu|96/100|[from] Grassy Terrain
|upkeep
|turn|2
|
|t:|1750792588
|move|p2b: Rillaboom|Grassy Glide|p1b: Urshifu
|-supereffective|p1b: Urshifu
|-damage|p1b: Urshifu|48/100
|move|p1b: Urshifu|U-turn|p2b: Rillaboom
|-supereffective|p2b: Rillaboom
|-damage|p2b: Rillaboom|41/100
|
|t:|1750792598
|switch|p1b: Incineroar|Incineroar, L50, F|100/100|[from] U-turn
|-ability|p1b: Incineroar|Intimidate|boost
|-unboost|p2a: UrshifuRapidStrike|atk|1
|-unboost|p2b: Rillaboom|atk|1
|move|p2a: UrshifuRapidStrike|Wicked Blow|p1a: Lunala
|-supereffective|p1a: Lunala
|-crit|p1a: Lunala
|-damage|p1a: Lunala|0 fnt
|faint|p1a: Lunala
|-damage|p2a: UrshifuRapidStrike|91/100|[from] item: Life Orb
|
|-heal|p2a: UrshifuRapidStrike|96/100|[from] Grassy Terrain
|-heal|p2b: Rillaboom|47/100|[from] Grassy Terrain
|-heal|p2b: Rillaboom|52/100|[from] item: Leftovers
|upkeep
|
|t:|1750792611
|switch|p1a: Miraidon|Miraidon, L50|100/100
|-fieldstart|move: Electric Terrain|[from] ability: Hadron Engine|[of] p1a: Miraidon
|turn|3
|
|t:|1750792621
|switch|p2b: Incineroar|Incineroar, L50, F|100/100
|-ability|p2b: Incineroar|Intimidate|boost
|-unboost|p1a: Miraidon|atk|1
|-unboost|p1b: Incineroar|atk|1
|move|p1a: Miraidon|Electro Drift|p2b: Incineroar
|-damage|p2b: Incineroar|11/100
|move|p2a: UrshifuRapidStrike|Wicked Blow|p1a: Miraidon
|-crit|p1a: Miraidon
|-damage|p1a: Miraidon|22/100
|-damage|p2a: UrshifuRapidStrike|87/100|[from] item: Life Orb
|move|p1b: Incineroar|Parting Shot|p2b: Incineroar
|-unboost|p2b: Incineroar|atk|1
|-unboost|p2b: Incineroar|spa|1
|
|t:|1750792631
|switch|p1b: Urshifu|Urshifu-Rapid-Strike, L50, F|48/100|[from] Parting Shot
|
|upkeep
|turn|4
|
|t:|1750792644
|switch|p2a: Rillaboom|Rillaboom, L50, M|52/100
|-fieldstart|move: Grassy Terrain|[from] ability: Grassy Surge|[of] p2a: Rillaboom
|switch|p2b: Lunala|Lunala, L50|100/100
|move|p1b: Urshifu|Close Combat|p2a: Rillaboom
|-damage|p2a: Rillaboom|0 fnt
|-unboost|p1b: Urshifu|def|1
|-unboost|p1b: Urshifu|spd|1
|faint|p2a: Rillaboom
|move|p1a: Miraidon|Electro Drift|p2b: Lunala
|-damage|p2b: Lunala|72/100
|
|-heal|p1b: Urshifu|54/100|[from] Grassy Terrain
|-heal|p1a: Miraidon|27/100|[from] Grassy Terrain
|-heal|p2b: Lunala|78/100|[from] Grassy Terrain
|upkeep
|
|t:|1750792660
|switch|p2a: UrshifuRapidStrike|Urshifu, L50, M|87/100
|turn|5
|
|t:|1750792677
|switch|p1a: Incineroar|Incineroar, L50, F|100/100
|-ability|p1a: Incineroar|Intimidate|boost
|-unboost|p2a: UrshifuRapidStrike|atk|1
|-unboost|p2b: Lunala|atk|1
|move|p2a: UrshifuRapidStrike|Sucker Punch||[still]
|-fail|p2a: UrshifuRapidStrike
|move|p1b: Urshifu|Close Combat|p2a: UrshifuRapidStrike
|-supereffective|p2a: UrshifuRapidStrike
|-damage|p2a: UrshifuRapidStrike|0 fnt
|-unboost|p1b: Urshifu|def|1
|-unboost|p1b: Urshifu|spd|1
|faint|p2a: UrshifuRapidStrike
|move|p2b: Lunala|Psyshock|p1b: Urshifu
|-supereffective|p1b: Urshifu
|-damage|p1b: Urshifu|0 fnt
|faint|p1b: Urshifu
|
|-heal|p2b: Lunala|84/100|[from] Grassy Terrain
|upkeep
|
|t:|1750792710
|switch|p1b: Miraidon|Miraidon, L50|27/100
|switch|p2a: Incineroar|Incineroar, L50, F|11/100
|-fieldstart|move: Electric Terrain|[from] ability: Hadron Engine|[of] p1b: Miraidon
|-ability|p2a: Incineroar|Intimidate|boost
|-unboost|p1a: Incineroar|atk|1
|-unboost|p1b: Miraidon|atk|1
|turn|6
|
|t:|1750792723
|-terastallize|p2b: Lunala|Grass
|move|p1a: Incineroar|Fake Out|p2b: Lunala
|-damage|p2b: Lunala|79/100
|move|p2a: Incineroar|Fake Out|p1b: Miraidon
|-damage|p1b: Miraidon|13/100
|cant|p1b: Miraidon|flinch
|cant|p2b: Lunala|flinch
|
|upkeep
|turn|7
|
|t:|1750792739
|move|p1b: Miraidon|Electro Drift|p2a: Incineroar
|-damage|p2a: Incineroar|0 fnt
|faint|p2a: Incineroar
|move|p2b: Lunala|Moongeist Beam|p1b: Miraidon
|-damage|p1b: Miraidon|0 fnt
|faint|p1b: Miraidon
|move|p1a: Incineroar|Flare Blitz|p2b: Lunala
|-supereffective|p2b: Lunala
|-damage|p2b: Lunala|31/100
|-enditem|p2b: Lunala|Sitrus Berry|[eat]
|-heal|p2b: Lunala|56/100|[from] item: Sitrus Berry
|-damage|p1a: Incineroar|81/100|[from] Recoil
|
|upkeep
|turn|8
|l|☆leaf 7633
|player|p2|
|inactive|Battle timer is ON: inactive players will automatically lose when time's up. (requested by zexal325)
|inactive|leaf 7633 has 30 seconds to reconnect!
|inactive|leaf 7633 has 20 seconds to reconnect!
|inactive|leaf 7633 has 15 seconds to reconnect!
|inactive|leaf 7633 has 10 seconds to reconnect!
|inactive|leaf 7633 has 5 seconds to reconnect!
|-message|leaf 7633 lost due to inactivity.
|
|win|zexal325
|raw|zexal325's rating: 1165 &rarr; <strong>1190</strong><br />(+25 for winning)
|raw|leaf 7633's rating: 1170 &rarr; <strong>1145</strong><br />(-25 for losing)
