|j|☆Regilover2015
|j|☆lolnezan78
|t:|1750718602
|gametype|doubles
|player|p1|Regilover2015|hilbert|1472
|player|p2|lolnezan78|swimmer-gen4|1532
|teamsize|p1|6
|teamsize|p2|6
|gen|9
|tier|[Gen 9] VGC 2025 Reg I
|rated|
|rule|Species Clause: Limit one of each Pokémon
|rule|Item Clause: Limit 1 of each item
|clearpoke
|poke|p1|Clefairy, L50, M|
|poke|p1|Calyrex-Shadow, L50|
|poke|p1|Kyogre, L50|
|poke|p1|Rillaboom, L50, F|
|poke|p1|Roaring Moon, L50|
|poke|p1|Landorus, L50, M|
|poke|p2|Calyrex-Shadow, L50|
|poke|p2|Zamazenta-*, L50|
|poke|p2|Raging Bolt, L50|
|poke|p2|Rillaboom, L50, F|
|poke|p2|Tornadus, L50, M|
|poke|p2|Smeargle, L50, F|
|teampreview|4
|inactive|Battle timer is ON: inactive players will automatically lose when time's up. (requested by lolnezan78)
|
|t:|1750718644
|start
|switch|p1a: Calyrex|Calyrex-Shadow, L50|100/100
|switch|p1b: Roaring Moon|Roaring Moon, L50, shiny|100/100
|switch|p2a: Gerrard|Tornadus, L50, M|100/100
|switch|p2b: Vitinha|Smeargle, L50, F|100/100
|-ability|p1a: Calyrex|As One
|-ability|p1a: Calyrex|Unnerve
|-enditem|p1b: Roaring Moon|Booster Energy
|-activate|p1b: Roaring Moon|ability: Protosynthesis|[fromitem]
|-start|p1b: Roaring Moon|protosynthesisspe
|turn|1
|inactive|Regilover2015 has 30 seconds left.
|inactive|lolnezan78 has 30 seconds left.
|
|t:|1750718673
|move|p1a: Calyrex|Protect|p1a: Calyrex
|-singleturn|p1a: Calyrex|Protect
|move|p2b: Vitinha|Fake Out|p1b: Roaring Moon
|-damage|p1b: Roaring Moon|94/100
|move|p2a: Gerrard|Tailwind|p2a: Gerrard
|-sidestart|p2: lolnezan78|move: Tailwind
|cant|p1b: Roaring Moon|flinch
|
|-ability|p2b: Vitinha|Moody|boost
|-boost|p2b: Vitinha|spe|2
|-unboost|p2b: Vitinha|def|1
|upkeep
|turn|2
|inactive|lolnezan78 has 30 seconds left.
|
|t:|1750718700
|move|p2b: Vitinha|Spore|p1a: Calyrex
|-status|p1a: Calyrex|slp|[from] move: Spore
|move|p1b: Roaring Moon|Knock Off|p2b: Vitinha
|-enditem|p2b: Vitinha|Focus Sash
|-damage|p2b: Vitinha|1/100
|move|p2a: Gerrard|Bleakwind Storm|p1a: Calyrex|[spread] p1a,p1b
|-damage|p1a: Calyrex|62/100 slp
|-damage|p1b: Roaring Moon|53/100
|cant|p1a: Calyrex|slp
|
|-ability|p2b: Vitinha|Moody|boost
|-boost|p2b: Vitinha|spe|2
|-unboost|p2b: Vitinha|def|1
|upkeep
|turn|3
|inactive|lolnezan78 has 30 seconds left.
|inactive|Regilover2015 has 30 seconds left.
|
|t:|1750718737
|switch|p2a: Vinicius|Calyrex-Shadow, L50|100/100
|-ability|p2a: Vinicius|As One
|-ability|p2a: Vinicius|Unnerve
|move|p1b: Roaring Moon|Protect|p1b: Roaring Moon
|-singleturn|p1b: Roaring Moon|Protect
|move|p2b: Vitinha|Spore|p1b: Roaring Moon
|-activate|p1b: Roaring Moon|move: Protect
|cant|p1a: Calyrex|slp
|
|-ability|p2b: Vitinha|Moody|boost
|-boost|p2b: Vitinha|spe|2
|-unboost|p2b: Vitinha|spd|1
|upkeep
|turn|4
|inactive|Regilover2015 has 30 seconds left.
|
|t:|1750718773
|-terastallize|p2a: Vinicius|Dark
|move|p1b: Roaring Moon|Protect|p1b: Roaring Moon
|-singleturn|p1b: Roaring Moon|Protect
|cant|p1a: Calyrex|slp
|move|p2b: Vitinha|Decorate|p2a: Vinicius
|-boost|p2a: Vinicius|atk|2
|-boost|p2a: Vinicius|spa|2
|move|p2a: Vinicius|Astral Barrage|p1b: Roaring Moon|[spread] p1a
|-activate|p1b: Roaring Moon|move: Protect
|-supereffective|p1a: Calyrex
|-damage|p1a: Calyrex|0 fnt
|faint|p1a: Calyrex
|-ability|p2a: Vinicius|Grim Neigh|boost
|-boost|p2a: Vinicius|spa|1
|-damage|p2a: Vinicius|91/100|[from] item: Life Orb
|
|-sideend|p2: lolnezan78|move: Tailwind
|-ability|p2b: Vitinha|Moody|boost
|-boost|p2b: Vitinha|def|2
|-unboost|p2b: Vitinha|spe|1
|upkeep
|c|☆Regilover2015|this game actually loves you
|
|t:|1750718791
|switch|p1a: Kyogre|Kyogre, L50, shiny|100/100
|-weather|RainDance|[from] ability: Drizzle|[of] p1a: Kyogre
|turn|5
|
|t:|1750718800
|-terastallize|p1a: Kyogre|Grass
|move|p2b: Vitinha|Spore|p1a: Kyogre
|-immune|p1a: Kyogre
|move|p1b: Roaring Moon|Tailwind|p1b: Roaring Moon
|-sidestart|p1: Regilover2015|move: Tailwind
|move|p1a: Kyogre|Water Spout|p2b: Vitinha|[spread] p2a,p2b
|-damage|p2a: Vinicius|0 fnt
|-damage|p2b: Vitinha|0 fnt
|faint|p2a: Vinicius
|faint|p2b: Vitinha
|
|-weather|RainDance|[upkeep]
|upkeep
|
|t:|1750718810
|switch|p2a: Trent|Zamazenta-Crowned, L50, shiny|100/100
|switch|p2b: Gerrard|Tornadus, L50, M|100/100
|-ability|p2a: Trent|Dauntless Shield|boost
|-boost|p2a: Trent|def|1
|turn|6
|
|t:|1750718833
|-end|p1b: Roaring Moon|Protosynthesis|[silent]
|switch|p1b: Clefairy|Clefairy, L50, M, shiny|100/100
|move|p2a: Trent|Wide Guard|p2a: Trent
|-singleturn|p2a: Trent|Wide Guard
|move|p1a: Kyogre|Origin Pulse|p2b: Gerrard|[spread] 
|-activate|p2a: Trent|move: Wide Guard
|-activate|p2b: Gerrard|move: Wide Guard
|move|p2b: Gerrard|Bleakwind Storm|p1b: Clefairy|[spread] p1a,p1b
|-supereffective|p1a: Kyogre
|-damage|p1a: Kyogre|61/100
|-damage|p1b: Clefairy|62/100
|-unboost|p1a: Kyogre|spe|1
|
|-weather|RainDance|[upkeep]
|upkeep
|turn|7
|inactive|lolnezan78 has 30 seconds left.
|inactive|lolnezan78 has 20 seconds left.
|inactive|lolnezan78 has 15 seconds left.
|
|t:|1750718874
|move|p2a: Trent|Wide Guard|p2a: Trent
|-singleturn|p2a: Trent|Wide Guard
|move|p1b: Clefairy|Follow Me|p1b: Clefairy
|-singleturn|p1b: Clefairy|move: Follow Me
|move|p1a: Kyogre|Hydro Pump|p2b: Gerrard
|-damage|p2b: Gerrard|0 fnt
|faint|p2b: Gerrard
|
|-weather|RainDance|[upkeep]
|upkeep
|turn|8
|
|t:|1750718891
|move|p1b: Clefairy|Follow Me|p1b: Clefairy
|-singleturn|p1b: Clefairy|move: Follow Me
|move|p2a: Trent|Heavy Slam|p1b: Clefairy
|-supereffective|p1b: Clefairy
|-damage|p1b: Clefairy|0 fnt
|faint|p1b: Clefairy
|move|p1a: Kyogre|Hydro Pump|p2a: Trent|[miss]
|-miss|p1a: Kyogre|p2a: Trent
|
|-weather|RainDance|[upkeep]
|-sideend|p1: Regilover2015|move: Tailwind
|upkeep
|
|t:|1750718897
|switch|p1b: Roaring Moon|Roaring Moon, L50, shiny|53/100
|turn|9
|
|t:|1750718908
|move|p2a: Trent|Protect|p2a: Trent
|-singleturn|p2a: Trent|Protect
|move|p1b: Roaring Moon|Tailwind|p1b: Roaring Moon
|-sidestart|p1: Regilover2015|move: Tailwind
|move|p1a: Kyogre|Hydro Pump|p2a: Trent
|-activate|p2a: Trent|move: Protect
|
|-weather|none
|upkeep
|turn|10
|
|t:|1750718926
|move|p1b: Roaring Moon|Acrobatics|p2a: Trent
|-damage|p2a: Trent|85/100
|move|p2a: Trent|Body Press|p1b: Roaring Moon
|-supereffective|p1b: Roaring Moon
|-damage|p1b: Roaring Moon|0 fnt
|faint|p1b: Roaring Moon
|-end|p1b: Roaring Moon|Protosynthesis|[silent]
|move|p1a: Kyogre|Origin Pulse|p2a: Trent
|-damage|p2a: Trent|26/100
|
|upkeep
|turn|11
|
|t:|1750718944
|move|p2a: Trent|Body Press|p1a: Kyogre
|-damage|p1a: Kyogre|0 fnt
|faint|p1a: Kyogre
|
|win|lolnezan78
|raw|Regilover2015's rating: 1472 &rarr; <strong>1455</strong><br />(-17 for losing)
|raw|lolnezan78's rating: 1532 &rarr; <strong>1549</strong><br />(+17 for winning)
|c|☆lolnezan78|Gg
|c|☆Regilover2015|always the luckier player
