|j|☆Nydira
|j|☆Leacenh
|t:|1750856625
|gametype|doubles
|player|p1|Nydira|fisher-gen8|1475
|player|p2|Leacenh|2|1438
|teamsize|p1|6
|teamsize|p2|6
|gen|9
|tier|[Gen 9] VGC 2025 Reg I
|rated|
|rule|Species Clause: Limit one of each Pokémon
|rule|Item Clause: Limit 1 of each item
|clearpoke
|poke|p1|Koraidon, L50|
|poke|p1|Incineroar, L50, F|
|poke|p1|Scovillain, L50, M|
|poke|p1|Lunala, L50|
|poke|p1|Ursaluna, L50, F|
|poke|p1|Indeedee-F, L50, F|
|poke|p2|Calyrex-Shadow, L50|
|poke|p2|Zamazenta-*, L50|
|poke|p2|Incineroar, L50, M|
|poke|p2|Rillaboom, L50, M|
|poke|p2|Raging Bolt, L50|
|poke|p2|Whimsicott, L50, F|
|teampreview|4
|inactive|Battle timer is ON: inactive players will automatically lose when time's up. (requested by Nydira)
|inactive|Nydira has 60 seconds left.
|inactive|Nydira has 30 seconds left.
|inactive|Nydira has 20 seconds left.
|inactive|Nydira has 15 seconds left.
|
|t:|1750856702
|start
|switch|p1a: Koraidon|Koraidon, L50|100/100
|switch|p1b: Scovillain|Scovillain, L50, M, shiny|100/100
|switch|p2a: Zamazenta|Zamazenta-Crowned, L50|100/100
|switch|p2b: Incineroar|Incineroar, L50, M|100/100
|-weather|SunnyDay|[from] ability: Orichalcum Pulse|[of] p1a: Koraidon
|-activate|p1a: Koraidon|Orichalcum Pulse|[source]
|-ability|p2a: Zamazenta|Dauntless Shield|boost
|-boost|p2a: Zamazenta|def|1
|-ability|p2b: Incineroar|Intimidate|boost
|-fail|p1a: Koraidon|unboost|[from] item: Clear Amulet|[of] p1a: Koraidon
|-unboost|p1b: Scovillain|atk|1
|turn|1
|
|t:|1750856726
|switch|p1a: Incineroar|Incineroar, L50, F, shiny|100/100
|-ability|p1a: Incineroar|Intimidate|boost
|-unboost|p2a: Zamazenta|atk|1
|-unboost|p2b: Incineroar|atk|1
|move|p1b: Scovillain|Protect|p1b: Scovillain
|-singleturn|p1b: Scovillain|Protect
|move|p2b: Incineroar|Fake Out|p1b: Scovillain
|-activate|p1b: Scovillain|move: Protect
|move|p2a: Zamazenta|Body Press|p1b: Scovillain
|-activate|p1b: Scovillain|move: Protect
|
|-weather|SunnyDay|[upkeep]
|upkeep
|turn|2
|inactive|Leacenh has 30 seconds left.
|
|t:|1750856753
|move|p1b: Scovillain|Overheat|p2a: Zamazenta
|-supereffective|p2a: Zamazenta
|-damage|p2a: Zamazenta|0 fnt
|-unboost|p1b: Scovillain|spa|2
|faint|p2a: Zamazenta
|move|p1a: Incineroar|U-turn|p2b: Incineroar
|-damage|p2b: Incineroar|83/100
|
|t:|1750856765
|switch|p1a: Koraidon|Koraidon, L50|100/100|[from] U-turn
|-activate|p1a: Koraidon|ability: Orichalcum Pulse
|move|p2b: Incineroar|Flare Blitz|p1b: Scovillain
|-damage|p1b: Scovillain|15/100
|-damage|p2b: Incineroar|63/100|[from] Recoil
|
|-weather|SunnyDay|[upkeep]
|upkeep
|
|t:|1750856776
|switch|p2a: Calyrex|Calyrex-Shadow, L50|100/100
|-ability|p2a: Calyrex|As One
|-ability|p2a: Calyrex|Unnerve
|turn|3
|
|t:|1750856797
|-terastallize|p1a: Koraidon|Fire
|move|p1b: Scovillain|Spicy Extract|p1a: Koraidon
|-fail|p1a: Koraidon|unboost|[from] item: Clear Amulet|[of] p1a: Koraidon
|-boost|p1a: Koraidon|atk|2
|move|p2a: Calyrex|Psychic|p1a: Koraidon
|-damage|p1a: Koraidon|46/100
|move|p1a: Koraidon|Flame Charge|p2a: Calyrex
|-enditem|p2a: Calyrex|Focus Sash
|-damage|p2a: Calyrex|1/100
|-boost|p1a: Koraidon|spe|1
|move|p2b: Incineroar|Flare Blitz|p1a: Koraidon
|-resisted|p1a: Koraidon
|-damage|p1a: Koraidon|23/100
|-damage|p2b: Incineroar|57/100|[from] Recoil
|
|-weather|SunnyDay|[upkeep]
|upkeep
|turn|4
|inactive|Leacenh has 30 seconds left.
|inactive|Leacenh has 20 seconds left.
|
|t:|1750856835
|move|p2a: Calyrex|Protect|p2a: Calyrex
|-singleturn|p2a: Calyrex|Protect
|move|p1a: Koraidon|Collision Course|p2b: Incineroar
|-supereffective|p2b: Incineroar
|-damage|p2b: Incineroar|0 fnt
|faint|p2b: Incineroar
|move|p1b: Scovillain|Overheat|p2a: Calyrex
|-activate|p2a: Calyrex|move: Protect
|
|-weather|SunnyDay|[upkeep]
|upkeep
|
|t:|1750856847
|switch|p2b: Rillaboom|Rillaboom, L50, M|100/100
|-fieldstart|move: Grassy Terrain|[from] ability: Grassy Surge|[of] p2b: Rillaboom
|turn|5
|inactive|Nydira has 30 seconds left.
|
|t:|1750856879
|-terastallize|p2b: Rillaboom|Fire
|move|p1a: Koraidon|Protect|p1a: Koraidon
|-singleturn|p1a: Koraidon|Protect
|move|p1b: Scovillain|Overheat|p2a: Calyrex
|-damage|p2a: Calyrex|0 fnt
|-unboost|p1b: Scovillain|spa|2
|faint|p2a: Calyrex
|move|p2b: Rillaboom|Wood Hammer|p1a: Koraidon
|-activate|p1a: Koraidon|move: Protect
|
|-weather|none
|-heal|p1a: Koraidon|29/100|[from] Grassy Terrain
|-heal|p1b: Scovillain|21/100|[from] Grassy Terrain
|upkeep
|turn|6
|-message|Leacenh forfeited.
|
|win|Nydira
|raw|Nydira's rating: 1475 &rarr; <strong>1493</strong><br />(+18 for winning)
|raw|Leacenh's rating: 1438 &rarr; <strong>1420</strong><br />(-18 for losing)
|l|☆Leacenh
|player|p2|
|l|☆Nydira
|player|p1|
