|j|☆GhostRobo08
|j|☆Aozora Kazama青空風間
|t:|1750840657
|gametype|doubles
|player|p1|GhostRobo08|red|1224
|player|p2|Aozora Kazama青空風間|n|1225
|teamsize|p1|6
|teamsize|p2|6
|gen|9
|tier|[Gen 9] VGC 2025 Reg I
|rated|
|rule|Species Clause: Limit one of each Pokémon
|rule|Item Clause: Limit 1 of each item
|clearpoke
|poke|p1|Koraidon, L50|
|poke|p1|Calyrex-Shadow, L50|
|poke|p1|Flutter Mane, L50|
|poke|p1|Whimsicott, L50, F|
|poke|p1|Incineroar, L50, F|
|poke|p1|Farigiraf, L50, M|
|poke|p2|Tropius, L50, M|
|poke|p2|Hatterene, L50, F|
|poke|p2|Indeedee-F, L50, F|
|poke|p2|Calyrex-Shadow, L50|
|poke|p2|Koraidon, L50|
|poke|p2|Tauros-Paldea-Blaze, L50, M|
|teampreview|4
|inactive|Battle timer is ON: inactive players will automatically lose when time's up. (requested by GhostRobo08)
|inactive|Aozora Kazama青空風間 also wants the timer to be on.
|inactive|Aozora Kazama青空風間 has 60 seconds left.
|
|t:|1750840689
|start
|switch|p1a: Calyrex|Calyrex-Shadow, L50|100/100
|switch|p1b: Farigiraf|Farigiraf, L50, M|100/100
|switch|p2a: Tropius|Tropius, L50, M, shiny|100/100
|switch|p2b: Calyrex|Calyrex-Shadow, L50|100/100
|-ability|p1a: Calyrex|As One
|-ability|p1a: Calyrex|Unnerve
|-ability|p2b: Calyrex|As One
|-ability|p2b: Calyrex|Unnerve
|turn|1
|
|t:|1750840705
|-terastallize|p1a: Calyrex|Ghost
|move|p1b: Farigiraf|Helping Hand|p1a: Calyrex
|-singleturn|p1a: Calyrex|Helping Hand|[of] p1b: Farigiraf
|move|p2a: Tropius|Wide Guard|p2a: Tropius
|-singleturn|p2a: Tropius|Wide Guard
|move|p2b: Calyrex|Dark Pulse|p1b: Farigiraf
|-supereffective|p1b: Farigiraf
|-damage|p1b: Farigiraf|52/100
|move|p1a: Calyrex|Astral Barrage|p2b: Calyrex|[spread] 
|-activate|p2a: Tropius|move: Wide Guard
|-activate|p2b: Calyrex|move: Wide Guard
|
|upkeep
|turn|2
|inactive|Aozora Kazama青空風間 has 30 seconds left.
|inactive|Aozora Kazama青空風間 has 20 seconds left.
|
|t:|1750840741
|move|p2a: Tropius|Wide Guard|p2a: Tropius
|-singleturn|p2a: Tropius|Wide Guard
|move|p2b: Calyrex|Astral Barrage|p1b: Farigiraf|[spread] p1a
|-immune|p1b: Farigiraf
|-supereffective|p1a: Calyrex
|-enditem|p1a: Calyrex|Focus Sash
|-damage|p1a: Calyrex|1/100
|move|p1a: Calyrex|Nasty Plot|p1a: Calyrex
|-boost|p1a: Calyrex|spa|2
|move|p1b: Farigiraf|Roar|p2a: Tropius
|drag|p2a: Redbull|Tauros-Paldea-Blaze, L50, M, shiny|100/100
|
|upkeep
|turn|3
|inactive|GhostRobo08 has 30 seconds left.
|inactive|Aozora Kazama青空風間 has 30 seconds left.
|inactive|GhostRobo08 has 20 seconds left.
|
|t:|1750840778
|move|p2b: Calyrex|Dark Pulse|p1a: Calyrex
|-supereffective|p1a: Calyrex
|-damage|p1a: Calyrex|0 fnt
|faint|p1a: Calyrex
|-ability|p2b: Calyrex|Grim Neigh|boost
|-boost|p2b: Calyrex|spa|1
|move|p2a: Redbull|Raging Bull|p1b: Farigiraf
|-damage|p1b: Farigiraf|8/100
|-damage|p2a: Redbull|84/100|[from] item: Rocky Helmet|[of] p1b: Farigiraf
|move|p1b: Farigiraf|Psychic|p2b: Calyrex
|-resisted|p2b: Calyrex
|-damage|p2b: Calyrex|84/100
|
|upkeep
|
|t:|1750840795
|switch|p1a: Flutter Mane|Flutter Mane, L50|100/100
|turn|4
|
|t:|1750840802
|move|p1b: Farigiraf|Helping Hand|p1a: Flutter Mane
|-singleturn|p1a: Flutter Mane|Helping Hand|[of] p1b: Farigiraf
|move|p2b: Calyrex|Protect|p2b: Calyrex
|-singleturn|p2b: Calyrex|Protect
|move|p1a: Flutter Mane|Dazzling Gleam|p2a: Redbull|[spread] p2a
|-activate|p2b: Calyrex|move: Protect
|-damage|p2a: Redbull|27/100
|move|p2a: Redbull|Earthquake|p1a: Flutter Mane|[spread] p1a,p1b
|-activate|p2b: Calyrex|move: Protect
|-damage|p1a: Flutter Mane|45/100
|-damage|p1b: Farigiraf|0 fnt
|faint|p1b: Farigiraf
|
|upkeep
|
|t:|1750840811
|switch|p1b: Koraidon|Koraidon, L50|100/100
|-weather|SunnyDay|[from] ability: Orichalcum Pulse|[of] p1b: Koraidon
|-activate|p1a: Flutter Mane|ability: Protosynthesis
|-start|p1a: Flutter Mane|protosynthesisspe
|-activate|p1b: Koraidon|Orichalcum Pulse|[source]
|turn|5
|
|t:|1750840829
|move|p1a: Flutter Mane|Dazzling Gleam|p2b: Calyrex|[spread] p2a,p2b
|-damage|p2a: Redbull|0 fnt
|-damage|p2b: Calyrex|42/100
|faint|p2a: Redbull
|move|p2b: Calyrex|Astral Barrage|p1a: Flutter Mane|[spread] p1a,p1b
|-supereffective|p1a: Flutter Mane
|-crit|p1a: Flutter Mane
|-damage|p1a: Flutter Mane|0 fnt
|-damage|p1b: Koraidon|16/100
|faint|p1a: Flutter Mane
|-end|p1a: Flutter Mane|Protosynthesis|[silent]
|-ability|p2b: Calyrex|Grim Neigh|boost
|-boost|p2b: Calyrex|spa|1
|move|p1b: Koraidon|Flame Charge|p2b: Calyrex
|-damage|p2b: Calyrex|0 fnt
|-boost|p1b: Koraidon|spe|1
|faint|p2b: Calyrex
|-damage|p1b: Koraidon|6/100|[from] item: Life Orb
|
|-weather|SunnyDay|[upkeep]
|upkeep
|
|t:|1750840838
|switch|p2b: Honda koraidon|Koraidon, L50|100/100
|switch|p2a: Tropius|Tropius, L50, M, shiny|100/100
|-activate|p2b: Honda koraidon|ability: Orichalcum Pulse
|turn|6
|-message|GhostRobo08 forfeited.
|
|win|Aozora Kazama青空風間
|raw|GhostRobo08's rating: 1224 &rarr; <strong>1199</strong><br />(-25 for losing)
|raw|Aozora Kazama青空風間's rating: 1225 &rarr; <strong>1250</strong><br />(+25 for winning)
|l|☆GhostRobo08
|player|p1|
|l|☆Aozora Kazama青空風間
|player|p2|
