|j|☆Fediz
|j|☆peedr
|t:|1750725428
|gametype|doubles
|player|p1|Fediz|2|1331
|player|p2|peedr|1|1352
|teamsize|p1|6
|teamsize|p2|6
|gen|9
|tier|[Gen 9] VGC 2025 Reg I
|rated|
|rule|Species Clause: Limit one of each Pokémon
|rule|Item Clause: Limit 1 of each item
|clearpoke
|poke|p1|Miraidon, L50|
|poke|p1|Whimsicott, L50, F|
|poke|p1|Ursaluna, L50, F|
|poke|p1|Incineroar, L50, M|
|poke|p1|Lunala, L50|
|poke|p1|Urshifu-*, L50, M|
|poke|p2|Kyogre, L50|
|poke|p2|Archaludon, L50, M|
|poke|p2|Amoonguss, L50, F|
|poke|p2|Klefki, L50, F|
|poke|p2|Zacian-*, L50|
|poke|p2|Basculegion, L50, M|
|teampreview|4
|inactive|Battle timer is ON: inactive players will automatically lose when time's up. (requested by Fediz)
|inactive|Fediz has 60 seconds left.
|
|t:|1750725469
|start
|switch|p1a: Whimsicott|Whimsicott, L50, F|100/100
|switch|p1b: Urshifu|Urshifu-Rapid-Strike, L50, M|100/100
|switch|p2a: Kyogre|Kyogre, L50|100/100
|switch|p2b: Basculegion|Basculegion, L50, M, shiny|100/100
|-weather|RainDance|[from] ability: Drizzle|[of] p2a: Kyogre
|turn|1
|
|t:|1750725483
|move|p1a: Whimsicott|Light Screen|p1a: Whimsicott
|-sidestart|p1: Fediz|move: Light Screen
|move|p2b: Basculegion|Flip Turn|p1b: Urshifu
|-resisted|p1b: Urshifu
|-damage|p1b: Urshifu|70/100
|
|t:|1750725496
|switch|p2b: Klefki|Klefki, L50, F, shiny|100/100|[from] Flip Turn
|move|p1b: Urshifu|Taunt|p2a: Kyogre
|-start|p2a: Kyogre|move: Taunt
|move|p2a: Kyogre|Origin Pulse|p1b: Urshifu|[spread] p1a,p1b
|-resisted|p1a: Whimsicott
|-resisted|p1b: Urshifu
|-damage|p1a: Whimsicott|71/100
|-damage|p1b: Urshifu|36/100
|
|-weather|RainDance|[upkeep]
|upkeep
|turn|2
|
|t:|1750725520
|move|p1a: Whimsicott|Tailwind|p1a: Whimsicott
|-sidestart|p1: Fediz|move: Tailwind
|move|p2b: Klefki|Thunder Wave|p1b: Urshifu
|-status|p1b: Urshifu|par
|move|p1b: Urshifu|Taunt|p2b: Klefki
|-start|p2b: Klefki|move: Taunt
|-enditem|p2b: Klefki|Mental Herb
|-end|p2b: Klefki|move: Taunt
|move|p2a: Kyogre|Origin Pulse|p1b: Urshifu|[spread] p1a
|-miss|p2a: Kyogre|p1b: Urshifu
|-resisted|p1a: Whimsicott
|-damage|p1a: Whimsicott|39/100
|
|-weather|RainDance|[upkeep]
|upkeep
|turn|3
|inactive|Fediz has 30 seconds left.
|
|t:|1750725555
|move|p2b: Klefki|Thunder Wave|p1a: Whimsicott
|-status|p1a: Whimsicott|par
|move|p1a: Whimsicott|Moonblast|p2a: Kyogre
|-damage|p2a: Kyogre|80/100
|cant|p1b: Urshifu|par
|move|p2a: Kyogre|Origin Pulse|p1a: Whimsicott|[spread] p1a,p1b
|-resisted|p1a: Whimsicott
|-resisted|p1b: Urshifu
|-damage|p1a: Whimsicott|9/100 par
|-damage|p1b: Urshifu|2/100 par
|
|-weather|RainDance|[upkeep]
|-end|p2a: Kyogre|move: Taunt
|upkeep
|turn|4
|
|t:|1750725573
|move|p1a: Whimsicott|Protect|p1a: Whimsicott
|-singleturn|p1a: Whimsicott|Protect
|move|p2b: Klefki|Reflect|p2b: Klefki
|-sidestart|p2: peedr|Reflect
|move|p1b: Urshifu|Taunt|p2b: Klefki
|-start|p2b: Klefki|move: Taunt
|move|p2a: Kyogre|Origin Pulse|p1b: Urshifu|[spread] p1b
|-activate|p1a: Whimsicott|move: Protect
|-resisted|p1b: Urshifu
|-damage|p1b: Urshifu|0 fnt
|faint|p1b: Urshifu
|
|-weather|RainDance|[upkeep]
|upkeep
|
|t:|1750725584
|switch|p1b: Lunala|Lunala, L50|100/100
|turn|5
|
|t:|1750725609
|switch|p2b: Zacian|Zacian-Crowned, L50, shiny|100/100
|-ability|p2b: Zacian|Intrepid Sword|boost
|-boost|p2b: Zacian|atk|1
|move|p1b: Lunala|Wide Guard|p1b: Lunala
|-singleturn|p1b: Lunala|Wide Guard
|cant|p1a: Whimsicott|par
|move|p2a: Kyogre|Ice Beam|p1a: Whimsicott
|-supereffective|p1a: Whimsicott
|-damage|p1a: Whimsicott|0 fnt
|faint|p1a: Whimsicott
|
|-weather|none
|-sideend|p1: Fediz|move: Light Screen
|-sideend|p1: Fediz|move: Tailwind
|upkeep
|
|t:|1750725619
|switch|p1a: Miraidon|Miraidon, L50|100/100
|-fieldstart|move: Electric Terrain|[from] ability: Hadron Engine|[of] p1a: Miraidon
|turn|6
|
|t:|1750725635
|-terastallize|p1a: Miraidon|Fairy
|move|p2b: Zacian|Protect|p2b: Zacian
|-singleturn|p2b: Zacian|Protect
|move|p2a: Kyogre|Protect|p2a: Kyogre
|-singleturn|p2a: Kyogre|Protect
|move|p1a: Miraidon|Dazzling Gleam|p2a: Kyogre|[spread] 
|-activate|p2a: Kyogre|move: Protect
|-activate|p2b: Zacian|move: Protect
|move|p1b: Lunala|Moongeist Beam|p2b: Zacian
|-activate|p2b: Zacian|move: Protect
|
|upkeep
|turn|7
|
|t:|1750725653
|switch|p2a: Klefki|Klefki, L50, F, shiny|100/100
|move|p2b: Zacian|Behemoth Blade|p1a: Miraidon
|-supereffective|p1a: Miraidon
|-damage|p1a: Miraidon|0 fnt
|faint|p1a: Miraidon
|move|p1b: Lunala|Moongeist Beam|p2a: Klefki
|-damage|p2a: Klefki|42/100
|
|upkeep
|turn|8
|-message|Fediz forfeited.
|
|win|peedr
|raw|Fediz's rating: 1331 &rarr; <strong>1312</strong><br />(-19 for losing)
|raw|peedr's rating: 1352 &rarr; <strong>1371</strong><br />(+19 for winning)
|l|☆Fediz
|player|p1|
