|j|☆Team515
|j|☆Slowpoke Well YT
|t:|1750864258
|gametype|doubles
|player|p1|Team515|volkner|1500
|player|p2|Slowpoke Well YT|ethan|1450
|teamsize|p1|6
|teamsize|p2|6
|gen|9
|tier|[Gen 9] VGC 2025 Reg I
|rated|
|rule|Species Clause: Limit one of each Pokémon
|rule|Item Clause: Limit 1 of each item
|clearpoke
|poke|p1|Calyrex-Shadow, L50|
|poke|p1|Terapagos, L50, M|
|poke|p1|Rillaboom, L50, M|
|poke|p1|Urshifu-*, L50, M|
|poke|p1|Volcarona, L50, M|
|poke|p1|Incineroar, L50, M|
|poke|p2|Weezing, L50, M|
|poke|p2|Calyrex-Shadow, L50|
|poke|p2|Koraidon, L50|
|poke|p2|Chi-Yu, L50|
|poke|p2|Raging Bolt, L50|
|poke|p2|Brute Bonnet, L50|
|teampreview|4
|inactive|Battle timer is ON: inactive players will automatically lose when time's up. (requested by Slowpoke Well YT)
|
|t:|1750864287
|start
|switch|p1a: Terapagos|Terapagos, L50, M|100/100
|switch|p1b: Volcarona|Volcarona, L50, M, shiny|100/100
|switch|p2a: Weezing|Weezing, L50, M, shiny|100/100
|switch|p2b: Koraidon|Koraidon, L50|100/100
|-activate|p1a: Terapagos|ability: Tera Shift
|detailschange|p1a: Terapagos|Terapagos-Terastal, L50, M
|-heal|p1a: Terapagos|100/100|[silent]
|-ability|p2a: Weezing|Neutralizing Gas
|-block|p2b: Koraidon|item: Ability Shield
|-weather|SunnyDay|[from] ability: Orichalcum Pulse|[of] p2b: Koraidon
|-activate|p2b: Koraidon|Orichalcum Pulse|[source]
|turn|1
|
|t:|1750864304
|-terastallize|p2b: Koraidon|Fire
|-terastallize|p1a: Terapagos|Stellar
|detailschange|p1a: Terapagos|Terapagos-Stellar, L50, M, tera:Stellar
|-heal|p1a: Terapagos|100/100|[silent]
|move|p1b: Volcarona|Rage Powder|p1b: Volcarona
|-singleturn|p1b: Volcarona|move: Rage Powder
|move|p2b: Koraidon|Flare Blitz|p1b: Volcarona
|-damage|p1b: Volcarona|0 fnt
|-damage|p2b: Koraidon|84/100|[from] item: Rocky Helmet|[of] p1b: Volcarona
|faint|p1b: Volcarona
|-damage|p2b: Koraidon|48/100|[from] Recoil
|move|p1a: Terapagos|Meteor Beam||[still]
|-prepare|p1a: Terapagos|Meteor Beam
|-boost|p1a: Terapagos|spa|1
|-enditem|p1a: Terapagos|Power Herb
|-anim|p1a: Terapagos|Meteor Beam|p2b: Koraidon
|-supereffective|p2b: Koraidon
|-damage|p2b: Koraidon|0 fnt
|faint|p2b: Koraidon
|move|p2a: Weezing|Poison Gas|p1a: Terapagos
|-status|p1a: Terapagos|psn
|
|-weather|SunnyDay|[upkeep]
|-damage|p1a: Terapagos|88/100 psn|[from] psn
|upkeep
|inactive|Team515 has 30 seconds left.
|
|t:|1750864333
|switch|p2b: Raging Bolt|Raging Bolt, L50|100/100
|switch|p1b: Incineroar|Incineroar, L50, M, shiny|100/100
|turn|2
|
|t:|1750864352
|move|p2b: Raging Bolt|Protect|p2b: Raging Bolt
|-singleturn|p2b: Raging Bolt|Protect
|move|p2a: Weezing|Protect|p2a: Weezing
|-singleturn|p2a: Weezing|Protect
|move|p1b: Incineroar|Fake Out|p2b: Raging Bolt
|-activate|p2b: Raging Bolt|move: Protect
|move|p1a: Terapagos|Tera Starstorm|p2b: Raging Bolt|[spread] 
|-activate|p2a: Weezing|move: Protect
|-activate|p2b: Raging Bolt|move: Protect
|
|-weather|SunnyDay|[upkeep]
|-damage|p1a: Terapagos|76/100 psn|[from] psn
|upkeep
|turn|3
|
|t:|1750864366
|-end|p2a: Weezing|ability: Neutralizing Gas
|-activate|p2b: Raging Bolt|ability: Protosynthesis
|-start|p2b: Raging Bolt|protosynthesisspa
|-ability|p1b: Incineroar|Intimidate|boost
|-unboost|p2a: Weezing|atk|1
|-unboost|p2b: Raging Bolt|atk|1
|switch|p2a: Calyrex|Calyrex-Shadow, L50|100/100
|-ability|p2a: Calyrex|As One
|-ability|p2a: Calyrex|Unnerve
|move|p1a: Terapagos|Protect|p1a: Terapagos
|-singleturn|p1a: Terapagos|Protect
|move|p2b: Raging Bolt|Thunderbolt|p1a: Terapagos
|-activate|p1a: Terapagos|move: Protect
|move|p1b: Incineroar|Knock Off|p2b: Raging Bolt
|-damage|p2b: Raging Bolt|71/100
|-enditem|p2b: Raging Bolt|Magnet|[from] move: Knock Off|[of] p1b: Incineroar
|
|-weather|SunnyDay|[upkeep]
|-damage|p1a: Terapagos|63/100 psn|[from] psn
|upkeep
|turn|4
|inactive|Team515 has 30 seconds left.
|
|t:|1750864394
|move|p2b: Raging Bolt|Thunderclap|p1a: Terapagos
|-damage|p1a: Terapagos|28/100 psn
|move|p2a: Calyrex|Psychic|p1a: Terapagos
|-damage|p1a: Terapagos|0 fnt
|faint|p1a: Terapagos
|detailschange|p1: Terapagos|Terapagos, L50, M|[silent]
|-ability|p2a: Calyrex|Grim Neigh|boost
|-boost|p2a: Calyrex|spa|1
|move|p1b: Incineroar|Knock Off|p2a: Calyrex
|-supereffective|p2a: Calyrex
|-enditem|p2a: Calyrex|Focus Sash
|-damage|p2a: Calyrex|1/100
|
|-weather|SunnyDay|[upkeep]
|upkeep
|
|t:|1750864400
|switch|p1a: Calyrex|Calyrex-Shadow, L50|100/100
|-ability|p1a: Calyrex|As One
|-ability|p1a: Calyrex|Unnerve
|turn|5
|inactive|Team515 has 30 seconds left.
|
|t:|1750864428
|move|p2b: Raging Bolt|Thunderclap|p1a: Calyrex
|-damage|p1a: Calyrex|48/100
|move|p2a: Calyrex|Astral Barrage|p1a: Calyrex|[spread] p1a,p1b
|-supereffective|p1a: Calyrex
|-resisted|p1b: Incineroar
|-damage|p1a: Calyrex|0 fnt
|-damage|p1b: Incineroar|62/100
|faint|p1a: Calyrex
|-ability|p2a: Calyrex|Grim Neigh|boost
|-boost|p2a: Calyrex|spa|1
|move|p1b: Incineroar|Parting Shot|p2b: Raging Bolt
|-unboost|p2b: Raging Bolt|atk|1
|-unboost|p2b: Raging Bolt|spa|1
|
|-weather|none
|-end|p2b: Raging Bolt|Protosynthesis
|upkeep
|turn|6
|-message|Team515 forfeited.
|
|win|Slowpoke Well YT
|raw|Team515's rating: 1500 &rarr; <strong>1477</strong><br />(-23 for losing)
|raw|Slowpoke Well YT's rating: 1450 &rarr; <strong>1473</strong><br />(+23 for winning)
|l|☆Team515
|player|p1|
|l|☆Slowpoke Well YT
|player|p2|
