|j|☆rongyin2
|j|☆cap2tology
|t:|1750746275
|gametype|doubles
|player|p1|rongyin2|dawn|1398
|player|p2|cap2tology|shadowtriad|1449
|teamsize|p1|6
|teamsize|p2|6
|gen|9
|tier|[Gen 9] VGC 2025 Reg I
|rated|
|rule|Species Clause: Limit one of each Pokémon
|rule|Item Clause: Limit 1 of each item
|clearpoke
|poke|p1|Calyrex-Shadow, L50|
|poke|p1|Weezing-Galar, L50, F|
|poke|p1|Regigigas, L50|
|poke|p1|Eternatus, L50|
|poke|p1|Incineroar, L50, M|
|poke|p1|Klefki, L50, F|
|poke|p2|Koraidon, L50|
|poke|p2|Calyrex-Shadow, L50|
|poke|p2|Weezing-Galar, L50, M|
|poke|p2|Raging Bolt, L50|
|poke|p2|Volcarona, L50, F|
|poke|p2|Flutter Mane, L50|
|teampreview|4
|inactive|Battle timer is ON: inactive players will automatically lose when time's up. (requested by rongyin2)
cap2tology has agreed to open team sheets.
|
|t:|1750746306
|start
|switch|p1a: Incineroar|Incineroar, L50, M|100/100
|switch|p1b: Klefki|Klefki, L50, F|100/100
|switch|p2a: Koraidon|Koraidon, L50|100/100
|switch|p2b: Volcarona|Volcarona, L50, F, shiny|100/100
|-weather|SunnyDay|[from] ability: Orichalcum Pulse|[of] p2a: Koraidon
|-activate|p2a: Koraidon|Orichalcum Pulse|[source]
|-ability|p1a: Incineroar|Intimidate|boost
|-unboost|p2a: Koraidon|atk|1
|-unboost|p2b: Volcarona|atk|1
|turn|1
|inactive|cap2tology has 30 seconds left.
|
|t:|1750746335
|move|p2a: Koraidon|Protect|p2a: Koraidon
|-singleturn|p2a: Koraidon|Protect
|move|p1b: Klefki|Reflect|p1b: Klefki
|-sidestart|p1: rongyin2|Reflect
|move|p2b: Volcarona|Flamethrower|p1b: Klefki
|-supereffective|p1b: Klefki
|-damage|p1b: Klefki|0 fnt
|faint|p1b: Klefki
|move|p1a: Incineroar|Flare Blitz|p2b: Volcarona
|-damage|p2b: Volcarona|18/100
|-damage|p1a: Incineroar|76/100|[from] Recoil
|-enditem|p2b: Volcarona|Red Card|[of] p1a: Incineroar
|drag|p1a: Calyrex|Calyrex-Shadow, L50|100/100
|-ability|p1a: Calyrex|As One
|-ability|p1a: Calyrex|Unnerve
|
|-weather|SunnyDay|[upkeep]
|upkeep
|
|t:|1750746353
|switch|p1b: Incineroar|Incineroar, L50, M|76/100
|-ability|p1b: Incineroar|Intimidate|boost
|-unboost|p2a: Koraidon|atk|1
|-unboost|p2b: Volcarona|atk|1
|turn|2
|inactive|cap2tology has 30 seconds left.
|
|t:|1750746383
|switch|p2a: Weezing|Weezing-Galar, L50, M, shiny|100/100
|-ability|p2a: Weezing|Neutralizing Gas
|move|p1b: Incineroar|Fake Out|p2a: Weezing
|-damage|p2a: Weezing|92/100
|move|p2b: Volcarona|Rage Powder|p2b: Volcarona
|-singleturn|p2b: Volcarona|move: Rage Powder
|move|p1a: Calyrex|Astral Barrage|p2b: Volcarona|[spread] p2a,p2b
|-crit|p2a: Weezing
|-damage|p2a: Weezing|0 fnt
|-damage|p2b: Volcarona|0 fnt
|faint|p2a: Weezing
|-end|p2a: Weezing|ability: Neutralizing Gas
|faint|p2b: Volcarona
|-ability|p1a: Calyrex|Grim Neigh|boost
|-boost|p1a: Calyrex|spa|2
|
|-weather|SunnyDay|[upkeep]
|upkeep
|
|t:|1750746399
|switch|p2b: Koraidon|Koraidon, L50|100/100
|switch|p2a: Calyrex|Calyrex-Shadow, L50|100/100
|-ability|p2a: Calyrex|As One
|-ability|p2a: Calyrex|Unnerve
|-activate|p2b: Koraidon|ability: Orichalcum Pulse
|turn|3
|
|t:|1750746421
|-terastallize|p2a: Calyrex|Dark
|-terastallize|p1a: Calyrex|Fairy
|move|p2a: Calyrex|Astral Barrage|p1a: Calyrex|[spread] p1a,p1b
|-resisted|p1b: Incineroar
|-damage|p1a: Calyrex|40/100
|-damage|p1b: Incineroar|51/100
|-damage|p2a: Calyrex|91/100|[from] item: Life Orb
|move|p1a: Calyrex|Astral Barrage|p2b: Koraidon|[spread] p2a,p2b
|-resisted|p2a: Calyrex
|-damage|p2a: Calyrex|34/100
|-damage|p2b: Koraidon|5/100
|move|p2b: Koraidon|Flame Charge|p1b: Incineroar
|-resisted|p1b: Incineroar
|-damage|p1b: Incineroar|40/100
|-boost|p2b: Koraidon|spe|1
|move|p1b: Incineroar|Knock Off|p2a: Calyrex
|-resisted|p2a: Calyrex
|-damage|p2a: Calyrex|12/100
|-enditem|p2a: Calyrex|Life Orb|[from] move: Knock Off|[of] p1b: Incineroar
|
|-weather|SunnyDay|[upkeep]
|upkeep
|turn|4
|inactive|rongyin2 has 30 seconds left.
|inactive|cap2tology has 30 seconds left.
|inactive|cap2tology has 20 seconds left.
|inactive|cap2tology has 15 seconds left.
|
|t:|1750746465
|move|p1a: Calyrex|Protect|p1a: Calyrex
|-singleturn|p1a: Calyrex|Protect
|move|p2b: Koraidon|Collision Course|p1b: Incineroar
|-supereffective|p1b: Incineroar
|-damage|p1b: Incineroar|0 fnt
|faint|p1b: Incineroar
|move|p2a: Calyrex|Astral Barrage|p1a: Calyrex
|-activate|p1a: Calyrex|move: Protect
|
|-weather|SunnyDay|[upkeep]
|upkeep
|
|t:|1750746475
|switch|p1b: Eternatus|Eternatus, L50|100/100
|-ability|p1b: Eternatus|Pressure
|turn|5
|
|t:|1750746490
|move|p2b: Koraidon|Protect|p2b: Koraidon
|-singleturn|p2b: Koraidon|Protect
|move|p2a: Calyrex|Protect|p2a: Calyrex
|-singleturn|p2a: Calyrex|Protect
|move|p1a: Calyrex|Astral Barrage|p2a: Calyrex|[spread] 
|-activate|p2a: Calyrex|move: Protect
|-activate|p2b: Koraidon|move: Protect
|move|p1b: Eternatus|Sludge Wave|p2b: Koraidon|[spread] p1a
|-activate|p2a: Calyrex|move: Protect
|-activate|p2b: Koraidon|move: Protect
|-supereffective|p1a: Calyrex
|-damage|p1a: Calyrex|0 fnt
|faint|p1a: Calyrex
|
|-weather|none
|upkeep
|turn|6
|inactive|cap2tology has 30 seconds left.
|
|t:|1750746518
|move|p2b: Koraidon|Collision Course|p1b: Eternatus
|-resisted|p1b: Eternatus
|-damage|p1b: Eternatus|87/100
|move|p2a: Calyrex|Psychic|p1b: Eternatus
|-supereffective|p1b: Eternatus
|-damage|p1b: Eternatus|35/100
|move|p1b: Eternatus|Sludge Wave|p2a: Calyrex|[spread] p2a,p2b
|-damage|p2a: Calyrex|0 fnt
|-damage|p2b: Koraidon|0 fnt
|faint|p2a: Calyrex
|faint|p2b: Koraidon
|
|win|rongyin2
|raw|rongyin2's rating: 1398 &rarr; <strong>1421</strong><br />(+23 for winning)
|raw|cap2tology's rating: 1449 &rarr; <strong>1426</strong><br />(-23 for losing)
|l|☆cap2tology
|player|p2|
|l|☆rongyin2
|player|p1|
