|j|☆Kyukonien
|j|☆Tonypajamas17
|t:|1750779326
|gametype|doubles
|player|p1|Kyukonien|n|1250
|player|p2|Tonypajamas17|266|1340
|teamsize|p1|6
|teamsize|p2|6
|gen|9
|tier|[Gen 9] VGC 2025 Reg I
|rated|
|rule|Species Clause: Limit one of each Pokémon
|rule|Item Clause: Limit 1 of each item
|clearpoke
|poke|p1|Calyrex-Shadow, L50|
|poke|p1|Zamazenta-*, L50|
|poke|p1|Incineroar, L50, F|
|poke|p1|Rillaboom, L50, M|
|poke|p1|Amoonguss, L50, F|
|poke|p1|Urshifu-*, L50, M|
|poke|p2|Ho-Oh, L50|
|poke|p2|Terapagos, L50, M|
|poke|p2|Urshifu-*, L50, F|
|poke|p2|Rillaboom, L50, F|
|poke|p2|Flutter Mane, L50|
|poke|p2|Thundurus-Therian, L50, M|
|teampreview|4
|
|t:|1750779354
|start
|switch|p1a: Calyrex|Calyrex-Shadow, L50|100/100
|switch|p1b: Incineroar|Incineroar, L50, F|100/100
|switch|p2a: Thundurus|Thundurus-Therian, L50, M, shiny|100/100
|switch|p2b: Ho-Oh|Ho-Oh, L50, shiny|100/100
|-ability|p1a: Calyrex|As One
|-ability|p1a: Calyrex|Unnerve
|-ability|p1b: Incineroar|Intimidate|boost
|-unboost|p2a: Thundurus|atk|1
|-fail|p2b: Ho-Oh|unboost|[from] item: Clear Amulet|[of] p2b: Ho-Oh
|turn|1
|
|t:|1750779377
|move|p1b: Incineroar|Fake Out|p2a: Thundurus
|-damage|p2a: Thundurus|85/100
|cant|p2a: Thundurus|flinch
|move|p1a: Calyrex|Astral Barrage|p2a: Thundurus|[spread] p2a,p2b
|-damage|p2a: Thundurus|15/100
|-damage|p2b: Ho-Oh|67/100
|move|p2b: Ho-Oh|Sacred Fire|p1a: Calyrex
|-damage|p1a: Calyrex|36/100
|
|upkeep
|turn|2
|
|t:|1750779404
|move|p1a: Calyrex|Protect|p1a: Calyrex
|-singleturn|p1a: Calyrex|Protect
|move|p2a: Thundurus|Volt Switch|p1a: Calyrex
|-activate|p1a: Calyrex|move: Protect
|move|p2b: Ho-Oh|Tailwind|p2b: Ho-Oh
|-sidestart|p2: Tonypajamas17|move: Tailwind
|move|p1b: Incineroar|Knock Off|p2b: Ho-Oh
|-damage|p2b: Ho-Oh|30/100
|-enditem|p2b: Ho-Oh|Clear Amulet|[from] move: Knock Off|[of] p1b: Incineroar
|
|upkeep
|turn|3
|
|t:|1750779423
|switch|p2b: Urshifu|Urshifu, L50, F|100/100
|switch|p1a: Amoonguss|Amoonguss, L50, F|100/100
|move|p2a: Thundurus|Volt Switch|p1a: Amoonguss
|-resisted|p1a: Amoonguss
|-damage|p1a: Amoonguss|85/100
|
|t:|1750779431
|switch|p2a: Ho-Oh|Ho-Oh, L50, shiny|63/100|[from] Volt Switch
|move|p1b: Incineroar|Parting Shot|p2a: Ho-Oh
|-unboost|p2a: Ho-Oh|atk|1
|-unboost|p2a: Ho-Oh|spa|1
|
|t:|1750779438
|switch|p1b: Urshifu|Urshifu, L50, M|100/100|[from] Parting Shot
|
|upkeep
|turn|4
|
|t:|1750779453
|switch|p1a: Incineroar|Incineroar, L50, F|100/100
|-ability|p1a: Incineroar|Intimidate|boost
|-unboost|p2a: Ho-Oh|atk|1
|-unboost|p2b: Urshifu|atk|1
|-terastallize|p2a: Ho-Oh|Grass
|move|p1b: Urshifu|Detect|p1b: Urshifu
|-singleturn|p1b: Urshifu|Protect
|move|p2b: Urshifu|Wicked Blow|p1a: Incineroar
|-resisted|p1a: Incineroar
|-crit|p1a: Incineroar
|-damage|p1a: Incineroar|78/100
|move|p2a: Ho-Oh|Brave Bird|p1b: Urshifu
|-activate|p1b: Urshifu|move: Protect
|
|upkeep
|turn|5
|
|t:|1750779476
|switch|p2a: Thundurus|Thundurus-Therian, L50, M, shiny|15/100
|move|p1a: Incineroar|Fake Out|p2a: Thundurus
|-damage|p2a: Thundurus|0 fnt
|faint|p2a: Thundurus
|move|p2b: Urshifu|Close Combat|p1a: Incineroar
|-supereffective|p1a: Incineroar
|-enditem|p1a: Incineroar|Chople Berry|[eat]
|-enditem|p1a: Incineroar|Chople Berry|[weaken]
|-damage|p1a: Incineroar|45/100
|-unboost|p2b: Urshifu|def|1
|-unboost|p2b: Urshifu|spd|1
|move|p1b: Urshifu|Close Combat|p2b: Urshifu
|-supereffective|p2b: Urshifu
|-enditem|p2b: Urshifu|Focus Sash
|-damage|p2b: Urshifu|1/100
|-unboost|p1b: Urshifu|def|1
|-unboost|p1b: Urshifu|spd|1
|
|-sideend|p2: Tonypajamas17|move: Tailwind
|upkeep
|
|t:|1750779488
|switch|p2a: Ho-Oh|Ho-Oh, L50, shiny, tera:Grass|96/100
|turn|6
|
|t:|1750779496
|switch|p2b: Terapagos|Terapagos, L50, M|100/100
|-activate|p2b: Terapagos|ability: Tera Shift
|detailschange|p2b: Terapagos|Terapagos-Terastal, L50, M
|-heal|p2b: Terapagos|100/100|[silent]
|switch|p1b: Amoonguss|Amoonguss, L50, F|100/100
|move|p2a: Ho-Oh|Tailwind|p2a: Ho-Oh
|-sidestart|p2: Tonypajamas17|move: Tailwind
|move|p1a: Incineroar|Parting Shot|p2a: Ho-Oh
|-unboost|p2a: Ho-Oh|atk|1
|-unboost|p2a: Ho-Oh|spa|1
|
|t:|1750779508
|switch|p1a: Urshifu|Urshifu, L50, M|100/100|[from] Parting Shot
|
|upkeep
|turn|7
|
|t:|1750779527
|move|p2b: Terapagos|Tera Starstorm|p1b: Amoonguss
|-damage|p1b: Amoonguss|58/100
|move|p2a: Ho-Oh|Brave Bird|p1b: Amoonguss
|-supereffective|p1b: Amoonguss
|-damage|p1b: Amoonguss|0 fnt
|faint|p1b: Amoonguss
|-damage|p2a: Ho-Oh|75/100|[from] Recoil
|move|p1a: Urshifu|Wicked Blow|p2b: Terapagos
|-activate|p2b: Terapagos|ability: Tera Shell
|-resisted|p2b: Terapagos
|-crit|p2b: Terapagos
|-damage|p2b: Terapagos|64/100
|
|-heal|p2b: Terapagos|70/100|[from] item: Leftovers
|upkeep
|
|t:|1750779538
|switch|p1b: Incineroar|Incineroar, L50, F|45/100
|-ability|p1b: Incineroar|Intimidate|boost
|-unboost|p2a: Ho-Oh|atk|1
|-unboost|p2b: Terapagos|atk|1
|turn|8
|
|t:|1750779547
|move|p1b: Incineroar|Fake Out|p2a: Ho-Oh
|-damage|p2a: Ho-Oh|63/100
|move|p2b: Terapagos|Tera Starstorm|p1a: Urshifu
|-damage|p1a: Urshifu|9/100
|cant|p2a: Ho-Oh|flinch
|move|p1a: Urshifu|Close Combat|p2b: Terapagos
|-supereffective|p2b: Terapagos
|-damage|p2b: Terapagos|0 fnt
|-unboost|p1a: Urshifu|def|1
|-unboost|p1a: Urshifu|spd|1
|faint|p2b: Terapagos
|
|upkeep
|
|t:|1750779550
|switch|p2b: Urshifu|Urshifu, L50, F|1/100
|turn|9
|
|t:|1750779573
|move|p1a: Urshifu|Sucker Punch|p2b: Urshifu
|-resisted|p2b: Urshifu
|-damage|p2b: Urshifu|0 fnt
|faint|p2b: Urshifu
|move|p2a: Ho-Oh|Brave Bird|p1b: Incineroar
|-damage|p1b: Incineroar|17/100
|-damage|p2a: Ho-Oh|54/100|[from] Recoil
|move|p1b: Incineroar|Parting Shot|p2a: Ho-Oh
|-unboost|p2a: Ho-Oh|atk|1
|-unboost|p2a: Ho-Oh|spa|1
|
|t:|1750779583
|switch|p1b: Calyrex|Calyrex-Shadow, L50|36/100|[from] Parting Shot
|-ability|p1b: Calyrex|As One
|-ability|p1b: Calyrex|Unnerve
|
|-sideend|p2: Tonypajamas17|move: Tailwind
|upkeep
|turn|10
|
|t:|1750779588
|move|p1a: Urshifu|Sucker Punch|p2a: Ho-Oh
|-damage|p2a: Ho-Oh|3/100
|move|p1b: Calyrex|Astral Barrage|p2a: Ho-Oh
|-damage|p2a: Ho-Oh|0 fnt
|faint|p2a: Ho-Oh
|
|win|Kyukonien
|raw|Kyukonien's rating: 1250 &rarr; <strong>1281</strong><br />(+31 for winning)
|raw|Tonypajamas17's rating: 1340 &rarr; <strong>1315</strong><br />(-25 for losing)
|l|☆Tonypajamas17
|player|p2|
|l|☆Kyukonien
|player|p1|
