|j|☆cauzinxd
|j|☆coderthegreat
|t:|1750863745
|gametype|doubles
|player|p1|cauzinxd|102|1144
|player|p2|coderthegreat|1|1173
|teamsize|p1|6
|teamsize|p2|6
|gen|9
|tier|[Gen 9] VGC 2025 Reg I
|rated|
|rule|Species Clause: Limit one of each Pokémon
|rule|Item Clause: Limit 1 of each item
|clearpoke
|poke|p1|Miraidon, L50|
|poke|p1|Lunala, L50|
|poke|p1|Ursaluna, L50, M|
|poke|p1|Urshifu-*, L50, F|
|poke|p1|Whimsicott, L50, M|
|poke|p1|Incineroar, L50, M|
|poke|p2|Koraidon, L50|
|poke|p2|Miraidon, L50|
|poke|p2|Incineroar, L50, M|
|poke|p2|Flutter Mane, L50|
|poke|p2|Scream Tail, L50|
|poke|p2|Gothitelle, L50, M|
|teampreview|4
|inactive|Battle timer is ON: inactive players will automatically lose when time's up. (requested by coderthegreat)
|inactive|cauzinxd has 60 seconds left.
|
|t:|1750863801
|start
|switch|p1a: Whimsicott|Whimsicott, L50, M|100/100
|switch|p1b: Miraidon|Miraidon, L50|100/100
|switch|p2a: wolfe fav cat|Incineroar, L50, M, shiny|100/100
|switch|p2b: not miriadon|Koraidon, L50|100/100
|-weather|SunnyDay|[from] ability: Orichalcum Pulse|[of] p2b: not miriadon
|-activate|p2b: not miriadon|Orichalcum Pulse|[source]
|-fieldstart|move: Electric Terrain|[from] ability: Hadron Engine|[of] p1b: Miraidon
|-ability|p2a: wolfe fav cat|Intimidate|boost
|-unboost|p1a: Whimsicott|atk|1
|-unboost|p1b: Miraidon|atk|1
|turn|1
|
|t:|1750863821
|switch|p1b: Lunala|Lunala, L50|100/100
|-enditem|p1b: Lunala|Electric Seed
|-boost|p1b: Lunala|def|1|[from] item: Electric Seed
|-terastallize|p2b: not miriadon|Fire
|move|p2a: wolfe fav cat|Fake Out|p1b: Lunala
|-immune|p1b: Lunala
|move|p1a: Whimsicott|Tailwind|p1a: Whimsicott
|-sidestart|p1: cauzinxd|move: Tailwind
|move|p2b: not miriadon|Flame Charge|p1a: Whimsicott
|-supereffective|p1a: Whimsicott
|-damage|p1a: Whimsicott|0 fnt
|-boost|p2b: not miriadon|spe|1
|faint|p1a: Whimsicott
|-damage|p2b: not miriadon|91/100|[from] item: Life Orb
|
|-weather|SunnyDay|[upkeep]
|upkeep
|
|t:|1750863841
|switch|p1a: Miraidon|Miraidon, L50|100/100
|-activate|p1a: Miraidon|ability: Hadron Engine
|turn|2
|
|t:|1750863857
|switch|p1b: Incineroar|Incineroar, L50, M|100/100
|-ability|p1b: Incineroar|Intimidate|boost
|-unboost|p2a: wolfe fav cat|atk|1
|-unboost|p2b: not miriadon|atk|1
|-terastallize|p1a: Miraidon|Electric
|move|p2b: not miriadon|Protect|p2b: not miriadon
|-singleturn|p2b: not miriadon|Protect
|move|p1a: Miraidon|Electro Drift|p2b: not miriadon
|-activate|p2b: not miriadon|move: Protect
|move|p2a: wolfe fav cat|Parting Shot|p1a: Miraidon
|-unboost|p1a: Miraidon|atk|1
|-unboost|p1a: Miraidon|spa|1
|
|t:|1750863871
|switch|p2a: no u|Scream Tail, L50, shiny|100/100|[from] Parting Shot
|-activate|p2a: no u|ability: Protosynthesis
|-start|p2a: no u|protosynthesisspe
|
|-weather|SunnyDay|[upkeep]
|upkeep
|turn|3
|
|t:|1750863883
|switch|p2b: wolfe fav cat|Incineroar, L50, M, shiny|100/100
|-ability|p2b: wolfe fav cat|Intimidate|boost
|-unboost|p1a: Miraidon|atk|1
|-unboost|p1b: Incineroar|atk|1
|move|p1b: Incineroar|Fake Out|p2a: no u
|-damage|p2a: no u|93/100
|move|p1a: Miraidon|Electro Drift|p2b: wolfe fav cat
|-damage|p2b: wolfe fav cat|0 fnt
|-damage|p1a: Miraidon|84/100|[from] item: Rocky Helmet|[of] p2b: wolfe fav cat
|faint|p2b: wolfe fav cat
|cant|p2a: no u|flinch
|
|-weather|SunnyDay|[upkeep]
|upkeep
|
|t:|1750863897
|switch|p2b: not miriadon|Koraidon, L50, tera:Fire|91/100
|-activate|p2b: not miriadon|ability: Orichalcum Pulse
|turn|4
|
|t:|1750863910
|move|p2a: no u|Protect|p2a: no u
|-singleturn|p2a: no u|Protect
|move|p2b: not miriadon|Protect|p2b: not miriadon
|-singleturn|p2b: not miriadon|Protect
|move|p1a: Miraidon|Electro Drift|p2a: no u
|-activate|p2a: no u|move: Protect
|move|p1b: Incineroar|U-turn|p2b: not miriadon
|-activate|p2b: not miriadon|move: Protect
|
|-weather|SunnyDay|[upkeep]
|-sideend|p1: cauzinxd|move: Tailwind
|upkeep
|turn|5
|inactive|cauzinxd has 30 seconds left.
|
|t:|1750863943
|switch|p1a: Lunala|Lunala, L50|100/100
|move|p2a: no u|Disable||[still]
|-fail|p2a: no u
|move|p2b: not miriadon|Close Combat|p1b: Incineroar
|-supereffective|p1b: Incineroar
|-damage|p1b: Incineroar|0 fnt
|-unboost|p2b: not miriadon|def|1
|-unboost|p2b: not miriadon|spd|1
|faint|p1b: Incineroar
|-damage|p2b: not miriadon|81/100|[from] item: Life Orb
|
|-weather|none
|-end|p2a: no u|Protosynthesis
|-fieldend|move: Electric Terrain
|upkeep
|-enditem|p2a: no u|Booster Energy
|-activate|p2a: no u|ability: Protosynthesis|[fromitem]
|-start|p2a: no u|protosynthesisspe
|
|t:|1750863960
|switch|p1b: Miraidon|Miraidon, L50, tera:Electric|84/100
|-fieldstart|move: Electric Terrain|[from] ability: Hadron Engine|[of] p1b: Miraidon
|turn|6
|
|t:|1750863973
|move|p2a: no u|Protect|p2a: no u
|-singleturn|p2a: no u|Protect
|move|p2b: not miriadon|Protect|p2b: not miriadon
|-singleturn|p2b: not miriadon|Protect
|move|p1b: Miraidon|Electro Drift|p2b: not miriadon
|-activate|p2b: not miriadon|move: Protect
|move|p1a: Lunala|Moongeist Beam|p2a: no u
|-activate|p2a: no u|move: Protect
|
|upkeep
|turn|7
|inactive|cauzinxd has 30 seconds left.
|
|t:|1750864001
|move|p2a: no u|Disable|p1b: Miraidon
|-start|p1b: Miraidon|Disable|Electro Drift
|move|p2b: not miriadon|Flare Blitz|p1a: Lunala
|-damage|p1a: Lunala|66/100
|-damage|p2b: not miriadon|66/100|[from] Recoil
|-damage|p2b: not miriadon|56/100|[from] item: Life Orb
|cant|p1b: Miraidon|Disable|Electro Drift
|move|p1a: Lunala|Moongeist Beam|p2a: no u
|-supereffective|p2a: no u
|-damage|p2a: no u|14/100
|
|upkeep
|turn|8
|
|t:|1750864025
|move|p2a: no u|Disable|p1a: Lunala
|-start|p1a: Lunala|Disable|Moongeist Beam
|-activate|p1b: Miraidon|move: Struggle
|move|p1b: Miraidon|Struggle|p2a: no u
|-damage|p2a: no u|6/100
|-damage|p1b: Miraidon|59/100|[from] recoil
|move|p2b: not miriadon|Flame Charge|p1a: Lunala
|-damage|p1a: Lunala|36/100
|-boost|p2b: not miriadon|spe|1
|-damage|p2b: not miriadon|47/100|[from] item: Life Orb
|cant|p1a: Lunala|Disable|Moongeist Beam
|
|upkeep
|turn|9
|
|t:|1750864046
|move|p2b: not miriadon|Flame Charge|p1a: Lunala
|-damage|p1a: Lunala|3/100
|-boost|p2b: not miriadon|spe|1
|-damage|p2b: not miriadon|37/100|[from] item: Life Orb
|move|p2a: no u|Encore|p1a: Lunala
|-start|p1a: Lunala|Encore
|-activate|p1b: Miraidon|move: Struggle
|move|p1b: Miraidon|Struggle|p2b: not miriadon
|-damage|p2b: not miriadon|24/100
|-damage|p1b: Miraidon|34/100|[from] recoil
|cant|p1a: Lunala|Disable|Moongeist Beam
|
|upkeep
|turn|10
|
|t:|1750864065
|move|p2b: not miriadon|Flame Charge|p1b: Miraidon
|-damage|p1b: Miraidon|0 fnt
|-boost|p2b: not miriadon|spe|1
|faint|p1b: Miraidon
|-damage|p2b: not miriadon|14/100|[from] item: Life Orb
|move|p2a: no u|Encore||[still]
|-fail|p2a: no u
|-activate|p1a: Lunala|move: Struggle
|move|p1a: Lunala|Struggle|p2a: no u
|-damage|p2a: no u|0 fnt
|faint|p2a: no u
|-end|p2a: no u|Protosynthesis|[silent]
|-damage|p1a: Lunala|0 fnt|[from] recoil
|faint|p1a: Lunala
|
|win|coderthegreat
|raw|cauzinxd's rating: 1144 &rarr; <strong>1121</strong><br />(-23 for losing)
|raw|coderthegreat's rating: 1173 &rarr; <strong>1196</strong><br />(+23 for winning)
