|j|☆azzazzl
|j|‽poklolpok
|t:|1750778631
|gametype|doubles
|player|p1|azzazzl|dawn|1445
|player|p2|poklolpok|1|1370
|teamsize|p1|6
|teamsize|p2|6
|gen|9
|tier|[Gen 9] VGC 2025 Reg I
|rated|
|rule|Species Clause: Limit one of each Pokémon
|rule|Item Clause: Limit 1 of each item
|clearpoke
|poke|p1|Calyrex-Ice, L50|
|poke|p1|Necrozma-Dawn-Wings, L50|
|poke|p1|Urshifu-*, L50, F|
|poke|p1|Indeedee-F, L50, F|
|poke|p1|Torkoal, L50, F|
|poke|p1|Ursaluna-Bloodmoon, L50, M|
|poke|p2|Miraidon, L50|
|poke|p2|Terapagos, L50, M|
|poke|p2|Incineroar, L50, F|
|poke|p2|Urshifu-*, L50, M|
|poke|p2|Amoonguss, L50, M|
|poke|p2|Whimsicott, L50, M|
|teampreview|4
|inactive|Battle timer is ON: inactive players will automatically lose when time's up. (requested by poklolpok)
|inactive|azzazzl has 60 seconds left.
|
|t:|1750778684
|start
|switch|p1a: Calyrex|Calyrex-Ice, L50|100/100
|switch|p1b: Indeedee|Indeedee-F, L50, F|100/100
|switch|p2a: Terapagos|Terapagos, L50, M|100/100
|switch|p2b: Incineroar|Incineroar, L50, F|100/100
|-activate|p2a: Terapagos|ability: Tera Shift
|detailschange|p2a: Terapagos|Terapagos-Terastal, L50, M
|-heal|p2a: Terapagos|100/100|[silent]
|-ability|p1a: Calyrex|As One
|-ability|p1a: Calyrex|Unnerve
|-ability|p2b: Incineroar|Intimidate|boost
|-fail|p1a: Calyrex|unboost|[from] item: Clear Amulet|[of] p1a: Calyrex
|-unboost|p1b: Indeedee|atk|1
|-fieldstart|move: Psychic Terrain|[from] ability: Psychic Surge|[of] p1b: Indeedee
|turn|1
|inactive|azzazzl has 30 seconds left.
|inactive|azzazzl has 20 seconds left.
|inactive|azzazzl has 15 seconds left.
|
|t:|1750778725
|-terastallize|p1a: Calyrex|Grass
|move|p2a: Terapagos|Calm Mind|p2a: Terapagos
|-boost|p2a: Terapagos|spa|1
|-boost|p2a: Terapagos|spd|1
|move|p2b: Incineroar|Knock Off|p1a: Calyrex
|-damage|p1a: Calyrex|76/100
|-enditem|p1a: Calyrex|Clear Amulet|[from] move: Knock Off|[of] p2b: Incineroar
|move|p1a: Calyrex|Glacial Lance|p2b: Incineroar|[spread] p2a,p2b
|-activate|p2a: Terapagos|ability: Tera Shell
|-resisted|p2a: Terapagos
|-resisted|p2b: Incineroar
|-damage|p2a: Terapagos|75/100
|-damage|p2b: Incineroar|75/100
|move|p1b: Indeedee|Trick Room|p1b: Indeedee
|-fieldstart|move: Trick Room|[of] p1b: Indeedee
|
|-heal|p2a: Terapagos|82/100|[from] item: Leftovers
|upkeep
|turn|2
|inactive|azzazzl has 30 seconds left.
|inactive|poklolpok has 30 seconds left.
|inactive|azzazzl has 20 seconds left.
|
|t:|1750778760
|switch|p2b: Urshifu|Urshifu-Rapid-Strike, L50, M|100/100
|move|p1b: Indeedee|Helping Hand|p1a: Calyrex
|-singleturn|p1a: Calyrex|Helping Hand|[of] p1b: Indeedee
|move|p2a: Terapagos|Protect|p2a: Terapagos
|-singleturn|p2a: Terapagos|Protect
|move|p1a: Calyrex|Glacial Lance|p2b: Urshifu|[spread] p2b
|-activate|p2a: Terapagos|move: Protect
|-resisted|p2b: Urshifu
|-damage|p2b: Urshifu|57/100
|
|-heal|p2a: Terapagos|88/100|[from] item: Leftovers
|upkeep
|turn|3
|
|t:|1750778784
|switch|p2b: Incineroar|Incineroar, L50, F|75/100
|-ability|p2b: Incineroar|Intimidate|boost
|-unboost|p1a: Calyrex|atk|1
|-unboost|p1b: Indeedee|atk|1
|move|p1a: Calyrex|Glacial Lance|p2a: Terapagos|[spread] p2a,p2b
|-resisted|p2b: Incineroar
|-damage|p2a: Terapagos|57/100
|-damage|p2b: Incineroar|57/100
|move|p1b: Indeedee|Alluring Voice|p2b: Incineroar
|-damage|p2b: Incineroar|44/100
|move|p2a: Terapagos|Calm Mind|p2a: Terapagos
|-boost|p2a: Terapagos|spa|1
|-boost|p2a: Terapagos|spd|1
|
|-heal|p2a: Terapagos|63/100|[from] item: Leftovers
|upkeep
|turn|4
|inactive|azzazzl has 30 seconds left.
|
|t:|1750778811
|-terastallize|p2a: Terapagos|Stellar
|detailschange|p2a: Terapagos|Terapagos-Stellar, L50, M, tera:Stellar
|-heal|p2a: Terapagos|72/100|[silent]
|-ability|p2a: Terapagos|Teraform Zero
|-fieldend|move: Psychic Terrain
|move|p1b: Indeedee|Helping Hand|p1a: Calyrex
|-singleturn|p1a: Calyrex|Helping Hand|[of] p1b: Indeedee
|move|p2b: Incineroar|Fake Out|p1a: Calyrex
|-damage|p1a: Calyrex|69/100
|cant|p1a: Calyrex|flinch
|move|p2a: Terapagos|Tera Starstorm|p1b: Indeedee|[spread] p1a,p1b
|-supereffective|p1a: Calyrex
|-crit|p1a: Calyrex
|-damage|p1a: Calyrex|0 fnt
|-damage|p1b: Indeedee|28/100
|faint|p1a: Calyrex
|
|-heal|p2a: Terapagos|79/100|[from] item: Leftovers
|upkeep
|
|t:|1750778828
|switch|p1a: Urshifu|Urshifu, L50, F|100/100
|turn|5
|
|t:|1750778842
|switch|p1b: Necrozma|Necrozma-Dawn-Wings, L50|100/100
|move|p1a: Urshifu|Close Combat|p2a: Terapagos
|-supereffective|p2a: Terapagos
|-damage|p2a: Terapagos|0 fnt
|-unboost|p1a: Urshifu|def|1
|-unboost|p1a: Urshifu|spd|1
|faint|p2a: Terapagos
|detailschange|p2: Terapagos|Terapagos, L50, M|[silent]
|move|p2b: Incineroar|Flare Blitz|p1a: Urshifu
|-damage|p1a: Urshifu|35/100
|-damage|p2b: Incineroar|21/100|[from] Recoil
|
|-fieldend|move: Trick Room
|upkeep
|
|t:|1750778849
|switch|p2a: Urshifu|Urshifu-Rapid-Strike, L50, M|57/100
|turn|6
|inactive|azzazzl has 30 seconds left.
|
|t:|1750778883
|move|p2a: Urshifu|Surging Strikes|p1a: Urshifu
|-crit|p1a: Urshifu
|-damage|p1a: Urshifu|7/100
|-crit|p1a: Urshifu
|-damage|p1a: Urshifu|0 fnt
|faint|p1a: Urshifu
|-hitcount|p1: Urshifu|2
|move|p2b: Incineroar|Knock Off|p1b: Necrozma
|-supereffective|p1b: Necrozma
|-damage|p1b: Necrozma|0 fnt
|-enditem|p1b: Necrozma|Power Herb|[from] move: Knock Off|[of] p2b: Incineroar
|faint|p1b: Necrozma
|
|upkeep
|-message|azzazzl forfeited.
|
|win|poklolpok
|raw|azzazzl's rating: 1445 &rarr; <strong>1421</strong><br />(-24 for losing)
|raw|poklolpok's rating: 1370 &rarr; <strong>1394</strong><br />(+24 for winning)
|l|☆azzazzl
|player|p1|
