|j|☆lolnezan78
|j|☆ArtiboniteLadder
|t:|1750713029
|gametype|doubles
|player|p1|lolnezan78|swimmer-gen4|1492
|player|p2|ArtiboniteLadder|firebreather|1485
|teamsize|p1|6
|teamsize|p2|6
|gen|9
|tier|[Gen 9] VGC 2025 Reg I
|rated|
|rule|Species Clause: Limit one of each Pokémon
|rule|Item Clause: Limit 1 of each item
|clearpoke
|poke|p1|Calyrex-Shadow, L50|
|poke|p1|Zamazenta-*, L50|
|poke|p1|Raging Bolt, L50|
|poke|p1|Rillaboom, L50, M|
|poke|p1|Tornadus, L50, M|
|poke|p1|Smeargle, L50, M|
|poke|p2|Kyogre, L50|
|poke|p2|Sinistcha-Masterpiece, L50|
|poke|p2|Incineroar, L50, F|
|poke|p2|Ursaluna, L50, M|
|poke|p2|Dialga, L50|
|poke|p2|Landorus, L50, M|
|teampreview|4
|inactive|Battle timer is ON: inactive players will automatically lose when time's up. (requested by ArtiboniteLadder)
|inactive|ArtiboniteLadder has 60 seconds left.
|
|t:|1750713080
|start
|switch|p1a: Trent|Zamazenta-Crowned, L50, shiny|100/100
|switch|p1b: Gerrard|Tornadus, L50, M|100/100
|switch|p2a: Ursaluna|Ursaluna, L50, M|100/100
|switch|p2b: Sinistcha|Sinistcha-Masterpiece, L50|100/100
|-ability|p1a: Trent|Dauntless Shield|boost
|-boost|p1a: Trent|def|1
|turn|1
|inactive|lolnezan78 has 30 seconds left.
|inactive|ArtiboniteLadder has 30 seconds left.
|inactive|lolnezan78 has 20 seconds left.
|
|t:|1750713119
|-terastallize|p1a: Trent|Grass
|-terastallize|p2a: Ursaluna|Ghost
|move|p1b: Gerrard|Taunt|p2b: Sinistcha
|-start|p2b: Sinistcha|move: Taunt
|move|p1a: Trent|Body Press|p2a: Ursaluna
|-immune|p2a: Ursaluna
|cant|p2b: Sinistcha|move: Taunt|Life Dew
|move|p2a: Ursaluna|Headlong Rush|p1a: Trent
|-resisted|p1a: Trent
|-damage|p1a: Trent|87/100
|-unboost|p2a: Ursaluna|def|1
|-unboost|p2a: Ursaluna|spd|1
|
|-status|p2a: Ursaluna|brn|[from] item: Flame Orb
|upkeep
|turn|2
|inactive|lolnezan78 has 30 seconds left.
|
|t:|1750713147
|switch|p2b: Dialga|Dialga, L50|100/100
|move|p1a: Trent|Heavy Slam|p2b: Dialga
|-resisted|p2b: Dialga
|-damage|p2b: Dialga|96/100
|move|p1b: Gerrard|Bleakwind Storm|p2b: Dialga|[spread] p2a
|-miss|p1b: Gerrard|p2b: Dialga
|-damage|p2a: Ursaluna|43/100 brn
|move|p2a: Ursaluna|Facade|p1b: Gerrard
|-damage|p1b: Gerrard|0 fnt
|faint|p1b: Gerrard
|
|-damage|p2a: Ursaluna|37/100 brn|[from] brn
|upkeep
|
|t:|1750713161
|switch|p1b: Vinicius|Calyrex-Shadow, L50|100/100
|-ability|p1b: Vinicius|As One
|-ability|p1b: Vinicius|Unnerve
|turn|3
|
|t:|1750713170
|switch|p2a: Kyogre|Kyogre, L50|100/100
|-weather|RainDance|[from] ability: Drizzle|[of] p2a: Kyogre
|move|p1b: Vinicius|Astral Barrage|p2a: Kyogre|[spread] p2a,p2b
|-damage|p2a: Kyogre|72/100
|-damage|p2b: Dialga|36/100
|-damage|p1b: Vinicius|91/100|[from] item: Life Orb
|move|p1a: Trent|Body Press|p2b: Dialga
|-supereffective|p2b: Dialga
|-damage|p2b: Dialga|0 fnt
|faint|p2b: Dialga
|
|-weather|RainDance|[upkeep]
|upkeep
|
|t:|1750713173
|switch|p2b: Sinistcha|Sinistcha-Masterpiece, L50|100/100
|-heal|p2a: Kyogre|96/100|[from] ability: Hospitality|[of] p2b: Sinistcha
|turn|4
|
|t:|1750713194
|move|p1a: Trent|Wide Guard|p1a: Trent
|-singleturn|p1a: Trent|Wide Guard
|move|p1b: Vinicius|Nasty Plot|p1b: Vinicius
|-boost|p1b: Vinicius|spa|2
|move|p2a: Kyogre|Hydro Pump|p1b: Vinicius
|-damage|p1b: Vinicius|4/100
|move|p2b: Sinistcha|Trick Room|p2b: Sinistcha
|-fieldstart|move: Trick Room|[of] p2b: Sinistcha
|
|-weather|RainDance|[upkeep]
|upkeep
|turn|5
|
|t:|1750713215
|move|p1b: Vinicius|Protect|p1b: Vinicius
|-singleturn|p1b: Vinicius|Protect
|move|p2b: Sinistcha|Matcha Gotcha|p1a: Trent|[spread] p1a
|-activate|p1b: Vinicius|move: Protect
|-resisted|p1a: Trent
|-damage|p1a: Trent|77/100
|move|p2a: Kyogre|Ice Beam|p1a: Trent
|-supereffective|p1a: Trent
|-damage|p1a: Trent|22/100
|move|p1a: Trent|Body Press|p2a: Kyogre
|-damage|p2a: Kyogre|30/100
|
|-weather|RainDance|[upkeep]
|upkeep
|turn|6
|c|☆ArtiboniteLadder|u threw
|
|t:|1750713239
|move|p2b: Sinistcha|Matcha Gotcha|p1b: Vinicius|[spread] p1a,p1b
|-resisted|p1a: Trent
|-damage|p1a: Trent|12/100
|-damage|p1b: Vinicius|0 fnt
|-status|p1a: Trent|brn
|faint|p1b: Vinicius
|move|p2a: Kyogre|Ice Beam|p1a: Trent
|-supereffective|p1a: Trent
|-damage|p1a: Trent|0 fnt
|faint|p1a: Trent
|
|-weather|RainDance|[upkeep]
|upkeep
|
|t:|1750713243
|switch|p1a: Makelélé|Rillaboom, L50, M, shiny|100/100
|-fieldstart|move: Grassy Terrain|[from] ability: Grassy Surge|[of] p1a: Makelélé
|turn|7
|
|t:|1750713266
|move|p1a: Makelélé|Grassy Glide|p2a: Kyogre
|-supereffective|p2a: Kyogre
|-damage|p2a: Kyogre|0 fnt
|faint|p2a: Kyogre
|move|p2b: Sinistcha|Matcha Gotcha|p1a: Makelélé
|-resisted|p1a: Makelélé
|-damage|p1a: Makelélé|86/100
|
|-weather|none
|-heal|p1a: Makelélé|92/100|[from] Grassy Terrain
|upkeep
|
|t:|1750713268
|switch|p2a: Ursaluna|Ursaluna, L50, M, tera:Ghost|37/100 brn
|turn|8
|
|t:|1750713280
|move|p1a: Makelélé|Grassy Glide|p2a: Ursaluna
|-damage|p2a: Ursaluna|11/100 brn
|move|p2a: Ursaluna|Facade|p1a: Makelélé
|-damage|p1a: Makelélé|0 fnt
|faint|p1a: Makelélé
|
|win|ArtiboniteLadder
|raw|lolnezan78's rating: 1492 &rarr; <strong>1472</strong><br />(-20 for losing)
|raw|ArtiboniteLadder's rating: 1485 &rarr; <strong>1505</strong><br />(+20 for winning)
|l|☆lolnezan78
|player|p1|
|l|☆ArtiboniteLadder
|player|p2|
