|j|☆fac new worm god
|j|☆ArazetHD
|t:|1750861902
|gametype|doubles
|player|p1|fac new worm god|miku-ice|1360
|player|p2|ArazetHD|hilbert-wonderlauncher|1275
|teamsize|p1|6
|teamsize|p2|6
|gen|9
|tier|[Gen 9] VGC 2025 Reg I
|rated|
|rule|Species Clause: Limit one of each Pokémon
|rule|Item Clause: Limit 1 of each item
|clearpoke
|poke|p1|Calyrex-Shadow, L50|
|poke|p1|Zamazenta-*, L50|
|poke|p1|Chien-Pao, L50|
|poke|p1|Raging Bolt, L50|
|poke|p1|Incineroar, L50, M|
|poke|p1|Amoonguss, L50, M|
|poke|p2|Koraidon, L50|
|poke|p2|Lunala, L50|
|poke|p2|Chi-Yu, L50|
|poke|p2|Ursaluna, L50, F|
|poke|p2|Brute Bonnet, L50|
|poke|p2|Flutter Mane, L50|
|teampreview|4
|inactive|Battle timer is ON: inactive players will automatically lose when time's up. (requested by fac new worm god)
|inactive|ArazetHD has 60 seconds left.
|inactive|ArazetHD has 30 seconds left.
|inactive|ArazetHD has 20 seconds left.
|
|t:|1750861974
|start
|switch|p1a: Chien-Pao|Chien-Pao, L50|100/100
|switch|p1b: Raging Bolt|Raging Bolt, L50|100/100
|switch|p2a: Koraidon|Koraidon, L50|100/100
|switch|p2b: Brute Bonnet|Brute Bonnet, L50|100/100
|-ability|p1a: Chien-Pao|Sword of Ruin
|-weather|SunnyDay|[from] ability: Orichalcum Pulse|[of] p2a: Koraidon
|-activate|p1b: Raging Bolt|ability: Protosynthesis
|-start|p1b: Raging Bolt|protosynthesisspa
|-activate|p2b: Brute Bonnet|ability: Protosynthesis
|-start|p2b: Brute Bonnet|protosynthesisdef
|-activate|p2a: Koraidon|Orichalcum Pulse|[source]
|turn|1
|inactive|fac new worm god has 30 seconds left.
|inactive|ArazetHD has 30 seconds left.
|inactive|fac new worm god has 20 seconds left.
|inactive|ArazetHD has 20 seconds left.
|inactive|ArazetHD has 15 seconds left.
|inactive|ArazetHD has 10 seconds left.
|
|t:|1750862022
|move|p2b: Brute Bonnet|Rage Powder|p2b: Brute Bonnet
|-singleturn|p2b: Brute Bonnet|move: Rage Powder
|move|p1a: Chien-Pao|Ice Spinner|p2b: Brute Bonnet
|-supereffective|p2b: Brute Bonnet
|-damage|p2b: Brute Bonnet|52/100
|move|p2a: Koraidon|Flame Charge|p1a: Chien-Pao
|-supereffective|p1a: Chien-Pao
|-enditem|p1a: Chien-Pao|Focus Sash
|-damage|p1a: Chien-Pao|1/100
|-boost|p2a: Koraidon|spe|1
|-damage|p2a: Koraidon|91/100|[from] item: Life Orb
|move|p1b: Raging Bolt|Dragon Pulse|p2b: Brute Bonnet
|-damage|p2b: Brute Bonnet|4/100
|
|-weather|SunnyDay|[upkeep]
|upkeep
|turn|2
|
|t:|1750862049
|switch|p2a: Flutter Mane|Flutter Mane, L50|100/100
|-activate|p2a: Flutter Mane|ability: Protosynthesis
|-start|p2a: Flutter Mane|protosynthesisspe
|move|p2b: Brute Bonnet|Sucker Punch|p1a: Chien-Pao
|-resisted|p1a: Chien-Pao
|-damage|p1a: Chien-Pao|0 fnt
|faint|p1a: Chien-Pao
|move|p1b: Raging Bolt|Dragon Pulse|p2a: Flutter Mane
|-immune|p2a: Flutter Mane
|
|-weather|SunnyDay|[upkeep]
|upkeep
|
|t:|1750862066
|switch|p1a: Amoonguss|Amoonguss, L50, M|100/100
|turn|3
|inactive|ArazetHD has 30 seconds left.
|
|t:|1750862099
|move|p2b: Brute Bonnet|Rage Powder|p2b: Brute Bonnet
|-singleturn|p2b: Brute Bonnet|move: Rage Powder
|move|p2a: Flutter Mane|Icy Wind|p1a: Amoonguss|[spread] p1a,p1b
|-supereffective|p1a: Amoonguss
|-crit|p1a: Amoonguss
|-supereffective|p1b: Raging Bolt
|-damage|p1a: Amoonguss|62/100
|-damage|p1b: Raging Bolt|75/100
|-unboost|p1a: Amoonguss|spe|1
|-unboost|p1b: Raging Bolt|spe|1
|move|p1b: Raging Bolt|Dragon Pulse|p2b: Brute Bonnet
|-damage|p2b: Brute Bonnet|0 fnt
|faint|p2b: Brute Bonnet
|-end|p2b: Brute Bonnet|Protosynthesis|[silent]
|move|p1a: Amoonguss|Spore|p2a: Flutter Mane
|-status|p2a: Flutter Mane|slp|[from] move: Spore
|
|-weather|SunnyDay|[upkeep]
|upkeep
|
|t:|1750862114
|switch|p2b: Koraidon|Koraidon, L50|91/100
|-activate|p2b: Koraidon|ability: Orichalcum Pulse
|turn|4
|
|t:|1750862126
|-terastallize|p2b: Koraidon|Fire
|cant|p2a: Flutter Mane|slp
|move|p2b: Koraidon|Flame Charge|p1a: Amoonguss
|-supereffective|p1a: Amoonguss
|-crit|p1a: Amoonguss
|-damage|p1a: Amoonguss|0 fnt
|-boost|p2b: Koraidon|spe|1
|-damage|p2b: Koraidon|74/100|[from] item: Rocky Helmet|[of] p1a: Amoonguss
|faint|p1a: Amoonguss
|-damage|p2b: Koraidon|65/100|[from] item: Life Orb
|move|p1b: Raging Bolt|Dragon Pulse|p2b: Koraidon
|-damage|p2b: Koraidon|6/100
|
|-weather|SunnyDay|[upkeep]
|upkeep
|
|t:|1750862131
|switch|p1a: Calyrex|Calyrex-Shadow, L50|100/100
|-ability|p1a: Calyrex|As One
|-ability|p1a: Calyrex|Unnerve
|turn|5
|inactive|ArazetHD has 30 seconds left.
|inactive|ArazetHD has 20 seconds left.
|inactive|ArazetHD has 15 seconds left.
|inactive|ArazetHD has 10 seconds left.
|inactive|ArazetHD has 5 seconds left.
|
|t:|1750862182
|move|p2b: Koraidon|Protect|p2b: Koraidon
|-singleturn|p2b: Koraidon|Protect
|move|p1b: Raging Bolt|Thunderclap||[still]
|-fail|p1b: Raging Bolt
|-curestatus|p2a: Flutter Mane|slp|[msg]
|move|p2a: Flutter Mane|Moonblast|p1b: Raging Bolt
|-supereffective|p1b: Raging Bolt
|-damage|p1b: Raging Bolt|0 fnt
|faint|p1b: Raging Bolt
|-end|p1b: Raging Bolt|Protosynthesis|[silent]
|move|p1a: Calyrex|Astral Barrage|p2a: Flutter Mane|[spread] p2a
|-activate|p2b: Koraidon|move: Protect
|-supereffective|p2a: Flutter Mane
|-enditem|p2a: Flutter Mane|Focus Sash
|-damage|p2a: Flutter Mane|1/100
|-damage|p1a: Calyrex|91/100|[from] item: Life Orb
|
|-weather|none
|-end|p2a: Flutter Mane|Protosynthesis
|upkeep
|turn|6
|
|t:|1750862204
|move|p2a: Flutter Mane|Protect|p2a: Flutter Mane
|-singleturn|p2a: Flutter Mane|Protect
|move|p2b: Koraidon|Flare Blitz|p1a: Calyrex
|-damage|p1a: Calyrex|0 fnt
|faint|p1a: Calyrex
|-damage|p2b: Koraidon|0 fnt|[from] Recoil
|faint|p2b: Koraidon
|
|win|ArazetHD
|raw|fac new worm god's rating: 1360 &rarr; <strong>1335</strong><br />(-25 for losing)
|raw|ArazetHD's rating: 1275 &rarr; <strong>1306</strong><br />(+31 for winning)
|l|☆fac new worm god
|player|p1|
|c|☆ArazetHD|ggs
