|j|☆opsomelhordomundo
|j|☆PRIMAOFFICIAL
|t:|1750801514
|gametype|doubles
|player|p1|opsomelhordomundo|flannery|1059
|player|p2|PRIMAOFFICIAL|swimmer-gen4dp|1172
|teamsize|p1|6
|teamsize|p2|6
|gen|9
|tier|[Gen 9] VGC 2025 Reg I
|rated|
|rule|Species Clause: Limit one of each Pokémon
|rule|Item Clause: Limit 1 of each item
|clearpoke
|poke|p1|Lilligant, L50, F|
|poke|p1|Groudon, L50|
|poke|p1|Raging Bolt, L50|
|poke|p1|Ho-Oh, L50|
|poke|p1|Sableye, L50, F|
|poke|p1|Incineroar, L50, M|
|poke|p2|Terapagos, L50, M|
|poke|p2|Lunala, L50|
|poke|p2|Indeedee-F, L50, F|
|poke|p2|Amoonguss, L50, M|
|poke|p2|Incineroar, L50, M|
|poke|p2|Urshifu-*, L50, F|
|teampreview|4
|inactive|Battle timer is ON: inactive players will automatically lose when time's up. (requested by opsomelhordomundo)
|
|t:|1750801540
|start
|switch|p1a: Lilligant|Lilligant, L50, F, shiny|100/100
|switch|p1b: Groudon|Groudon, L50|100/100
|switch|p2a: Amoonguss|Amoonguss, L50, M|100/100
|switch|p2b: Indeedee|Indeedee-F, L50, F|100/100
|-weather|SunnyDay|[from] ability: Drought|[of] p1b: Groudon
|-fieldstart|move: Psychic Terrain|[from] ability: Psychic Surge|[of] p2b: Indeedee
|turn|1
|inactive|opsomelhordomundo has 30 seconds left.
|inactive|opsomelhordomundo has 20 seconds left.
|
|t:|1750801576
|move|p2a: Amoonguss|Protect|p2a: Amoonguss
|-singleturn|p2a: Amoonguss|Protect
|move|p1a: Lilligant|After You|p1b: Groudon
|-activate|p1b: Groudon|move: After You
|move|p1b: Groudon|Precipice Blades|p2a: Amoonguss|[spread] p2b
|-activate|p2a: Amoonguss|move: Protect
|-damage|p2b: Indeedee|24/100
|-enditem|p2b: Indeedee|Sitrus Berry|[eat]
|-heal|p2b: Indeedee|49/100|[from] item: Sitrus Berry
|move|p2b: Indeedee|Trick Room|p2b: Indeedee
|-fieldstart|move: Trick Room|[of] p2b: Indeedee
|
|-weather|SunnyDay|[upkeep]
|upkeep
|turn|2
|inactive|opsomelhordomundo has 30 seconds left.
|inactive|opsomelhordomundo has 20 seconds left.
|
|t:|1750801613
|switch|p1b: Ho-Oh|Ho-Oh, L50, shiny|100/100
|move|p1a: Lilligant|Protect|p1a: Lilligant
|-singleturn|p1a: Lilligant|Protect
|move|p2a: Amoonguss|Spore|p1b: Ho-Oh
|-status|p1b: Ho-Oh|slp|[from] move: Spore
|move|p2b: Indeedee|Psyshock|p1a: Lilligant
|-activate|p1a: Lilligant|move: Protect
|
|-weather|SunnyDay|[upkeep]
|upkeep
|turn|3
|
|t:|1750801633
|switch|p2b: Terapagos|Terapagos, L50, M|100/100
|-activate|p2b: Terapagos|ability: Tera Shift
|detailschange|p2b: Terapagos|Terapagos-Terastal, L50, M
|-heal|p2b: Terapagos|100/100|[silent]
|move|p2a: Amoonguss|Pollen Puff|p1a: Lilligant
|-supereffective|p1a: Lilligant
|-damage|p1a: Lilligant|45/100
|cant|p1b: Ho-Oh|slp
|move|p1a: Lilligant|Solar Beam||[still]
|-prepare|p1a: Lilligant|Solar Beam
|-anim|p1a: Lilligant|Solar Beam|p2b: Terapagos
|-activate|p2b: Terapagos|ability: Tera Shell
|-resisted|p2b: Terapagos
|-damage|p2b: Terapagos|72/100
|
|-weather|SunnyDay|[upkeep]
|-heal|p2b: Terapagos|79/100|[from] item: Leftovers
|upkeep
|turn|4
|inactive|PRIMAOFFICIAL has 30 seconds left.
|
|t:|1750801666
|-terastallize|p2b: Terapagos|Stellar
|detailschange|p2b: Terapagos|Terapagos-Stellar, L50, M, tera:Stellar
|-heal|p2b: Terapagos|84/100|[silent]
|-ability|p2b: Terapagos|Teraform Zero
|-weather|none
|-fieldend|move: Psychic Terrain
|move|p2a: Amoonguss|Pollen Puff|p1a: Lilligant
|-supereffective|p1a: Lilligant
|-damage|p1a: Lilligant|0 fnt
|faint|p1a: Lilligant
|move|p2b: Terapagos|Calm Mind|p2b: Terapagos
|-boost|p2b: Terapagos|spa|1
|-boost|p2b: Terapagos|spd|1
|cant|p1b: Ho-Oh|slp
|
|-heal|p2b: Terapagos|90/100|[from] item: Leftovers
|upkeep
|
|t:|1750801688
|switch|p1a: Groudon|Groudon, L50|100/100
|-weather|SunnyDay|[from] ability: Drought|[of] p1a: Groudon
|turn|5
|
|t:|1750801707
|move|p2a: Amoonguss|Spore|p1a: Groudon
|-status|p1a: Groudon|slp|[from] move: Spore
|move|p2b: Terapagos|Tera Starstorm|p1a: Groudon|[spread] p1a,p1b
|-damage|p1a: Groudon|45/100 slp
|-damage|p1b: Ho-Oh|62/100 slp
|cant|p1a: Groudon|slp
|-curestatus|p1b: Ho-Oh|slp|[msg]
|move|p1b: Ho-Oh|Sacred Fire|p2b: Terapagos
|-damage|p2b: Terapagos|44/100
|-status|p2b: Terapagos|brn
|
|-weather|SunnyDay|[upkeep]
|-heal|p2b: Terapagos|51/100 brn|[from] item: Leftovers
|-heal|p1b: Ho-Oh|68/100|[from] item: Leftovers
|-damage|p2b: Terapagos|44/100 brn|[from] brn
|-fieldend|move: Trick Room
|upkeep
|turn|6
|
|t:|1750801730
|move|p2a: Amoonguss|Rage Powder|p2a: Amoonguss
|-singleturn|p2a: Amoonguss|move: Rage Powder
|move|p1b: Ho-Oh|Tailwind|p1b: Ho-Oh
|-sidestart|p1: opsomelhordomundo|move: Tailwind
|-curestatus|p1a: Groudon|slp|[msg]
|move|p1a: Groudon|Heat Crash|p2a: Amoonguss
|-supereffective|p2a: Amoonguss
|-damage|p2a: Amoonguss|0 fnt
|-damage|p1a: Groudon|28/100|[from] item: Rocky Helmet|[of] p2a: Amoonguss
|faint|p2a: Amoonguss
|move|p2b: Terapagos|Tera Starstorm|p1b: Ho-Oh|[spread] p1a,p1b
|-damage|p1a: Groudon|0 fnt
|-damage|p1b: Ho-Oh|28/100
|faint|p1a: Groudon
|
|-weather|SunnyDay|[upkeep]
|-heal|p1b: Ho-Oh|34/100|[from] item: Leftovers
|-heal|p2b: Terapagos|51/100 brn|[from] item: Leftovers
|-damage|p2b: Terapagos|44/100 brn|[from] brn
|upkeep
|
|t:|1750801747
|switch|p1a: Raging Bolt|Raging Bolt, L50|100/100
|switch|p2a: Indeedee|Indeedee-F, L50, F|49/100
|-fieldstart|move: Psychic Terrain|[from] ability: Psychic Surge|[of] p2a: Indeedee
|-activate|p1a: Raging Bolt|ability: Protosynthesis
|-start|p1a: Raging Bolt|protosynthesisspa
|turn|7
|
|t:|1750801758
|move|p2b: Terapagos|Protect|p2b: Terapagos
|-singleturn|p2b: Terapagos|Protect
|move|p1b: Ho-Oh|Sacred Fire|p2b: Terapagos
|-activate|p2b: Terapagos|move: Protect
|move|p1a: Raging Bolt|Snarl|p2a: Indeedee|[spread] p2a
|-activate|p2b: Terapagos|move: Protect
|-supereffective|p2a: Indeedee
|-crit|p2a: Indeedee
|-damage|p2a: Indeedee|12/100
|-unboost|p2a: Indeedee|spa|1
|move|p2a: Indeedee|Trick Room|p2a: Indeedee
|-fieldstart|move: Trick Room|[of] p2a: Indeedee
|
|-weather|SunnyDay|[upkeep]
|-heal|p2b: Terapagos|51/100 brn|[from] item: Leftovers
|-heal|p1b: Ho-Oh|39/100|[from] item: Leftovers
|-damage|p2b: Terapagos|44/100 brn|[from] brn
|upkeep
|turn|8
|
|t:|1750801778
|move|p1b: Ho-Oh|Protect|p1b: Ho-Oh
|-singleturn|p1b: Ho-Oh|Protect
|move|p2a: Indeedee|Follow Me|p2a: Indeedee
|-singleturn|p2a: Indeedee|move: Follow Me
|move|p2b: Terapagos|Calm Mind|p2b: Terapagos
|-boost|p2b: Terapagos|spa|1
|-boost|p2b: Terapagos|spd|1
|move|p1a: Raging Bolt|Snarl|p2b: Terapagos|[spread] p2a,p2b
|-supereffective|p2a: Indeedee
|-crit|p2a: Indeedee
|-damage|p2a: Indeedee|0 fnt
|-damage|p2b: Terapagos|39/100 brn
|-unboost|p2b: Terapagos|spa|1
|faint|p2a: Indeedee
|
|-weather|SunnyDay|[upkeep]
|-heal|p2b: Terapagos|45/100 brn|[from] item: Leftovers
|-heal|p1b: Ho-Oh|45/100|[from] item: Leftovers
|-damage|p2b: Terapagos|39/100 brn|[from] brn
|upkeep
|
|t:|1750801792
|switch|p2a: Urshifu|Urshifu, L50, F|100/100
|turn|9
|
|t:|1750801809
|move|p2a: Urshifu|Sucker Punch|p1b: Ho-Oh
|-hint|Psychic Terrain doesn't affect Pokémon immune to Ground.
|-damage|p1b: Ho-Oh|7/100
|move|p2b: Terapagos|Earth Power|p1a: Raging Bolt
|-supereffective|p1a: Raging Bolt
|-damage|p1a: Raging Bolt|35/100
|move|p1a: Raging Bolt|Snarl|p2a: Urshifu|[spread] p2a,p2b
|-resisted|p2a: Urshifu
|-damage|p2a: Urshifu|94/100
|-damage|p2b: Terapagos|32/100 brn
|-unboost|p2a: Urshifu|spa|1
|-unboost|p2b: Terapagos|spa|1
|move|p1b: Ho-Oh|Sacred Fire|p2a: Urshifu
|-damage|p2a: Urshifu|22/100
|-status|p2a: Urshifu|brn
|
|-weather|none
|-end|p1a: Raging Bolt|Protosynthesis
|-heal|p2b: Terapagos|39/100 brn|[from] item: Leftovers
|-heal|p1b: Ho-Oh|13/100|[from] item: Leftovers
|-damage|p2b: Terapagos|32/100 brn|[from] brn
|-damage|p2a: Urshifu|17/100 brn|[from] brn
|-sideend|p1: opsomelhordomundo|move: Tailwind
|upkeep
|turn|10
|inactive|opsomelhordomundo has 30 seconds left.
|
|t:|1750801844
|move|p1b: Ho-Oh|Protect|p1b: Ho-Oh
|-singleturn|p1b: Ho-Oh|Protect
|move|p1a: Raging Bolt|Thunderbolt|p2b: Terapagos
|-damage|p2b: Terapagos|17/100 brn
|move|p2b: Terapagos|Earth Power|p1a: Raging Bolt
|-supereffective|p1a: Raging Bolt
|-damage|p1a: Raging Bolt|0 fnt
|faint|p1a: Raging Bolt
|-end|p1a: Raging Bolt|Protosynthesis|[silent]
|move|p2a: Urshifu|Wicked Blow|p1b: Ho-Oh
|-crit|p1b: Ho-Oh
|-damage|p1b: Ho-Oh|0 fnt
|faint|p1b: Ho-Oh
|
|win|PRIMAOFFICIAL
|raw|opsomelhordomundo's rating: 1059 &rarr; <strong>1046</strong><br />(-13 for losing)
|raw|PRIMAOFFICIAL's rating: 1172 &rarr; <strong>1189</strong><br />(+17 for winning)
|l|☆opsomelhordomundo
|player|p1|
