|j|☆AleksiKoda
|j|☆sefead
|t:|1750869368
|gametype|doubles
|player|p1|AleksiKoda|101|1050
|player|p2|sefead|doctor|1074
|teamsize|p1|6
|teamsize|p2|6
|gen|9
|tier|[Gen 9] VGC 2025 Reg I
|rated|
|rule|Species Clause: Limit one of each Pokémon
|rule|Item Clause: Limit 1 of each item
|clearpoke
|poke|p1|Sudowoodo, L50, M|
|poke|p1|Farigiraf, L50, F|
|poke|p1|Necrozma-Dawn-Wings, L50|
|poke|p1|Walking Wake, L50|
|poke|p1|Venusaur, L50, M|
|poke|p1|Koraidon, L50|
|poke|p2|Miraidon, L50|
|poke|p2|Farigiraf, L50, F|
|poke|p2|Urshifu-*, L50, M|
|poke|p2|Incineroar, L50, M|
|poke|p2|Calyrex-Ice, L50|
|poke|p2|Iron Treads, L50|
|teampreview|4
|inactive|Battle timer is ON: inactive players will automatically lose when time's up. (requested by sefead)
|inactive|AleksiKoda has 60 seconds left.
|
|t:|1750869413
|start
|switch|p1a: Lust|Farigiraf, L50, F|100/100
|switch|p1b: Envy|Koraidon, L50|100/100
|switch|p2a: GQuuuuuuX|Miraidon, L50|100/100
|switch|p2b: The crawler|Iron Treads, L50|100/100
|-fieldstart|move: Electric Terrain|[from] ability: Hadron Engine|[of] p2a: GQuuuuuuX
|-activate|p2b: The crawler|ability: Quark Drive
|-start|p2b: The crawler|quarkdrivespe
|-weather|SunnyDay|[from] ability: Orichalcum Pulse|[of] p1b: Envy
|-activate|p1b: Envy|Orichalcum Pulse|[source]
|turn|1
|inactive|AleksiKoda has 30 seconds left.
|
|t:|1750869445
|move|p2b: The crawler|High Horsepower|p1b: Envy
|-damage|p1b: Envy|49/100
|-damage|p2b: The crawler|91/100|[from] item: Life Orb
|move|p1b: Envy|U-turn|p2a: GQuuuuuuX
|-damage|p2a: GQuuuuuuX|68/100
|
|t:|1750869452
|switch|p1b: Greed|Sudowoodo, L50, M, shiny|100/100|[from] U-turn
|move|p2a: GQuuuuuuX|Dazzling Gleam|p1b: Greed|[spread] p1a,p1b
|-damage|p1a: Lust|62/100
|-damage|p1b: Greed|45/100
|move|p1a: Lust|Trick Room|p1a: Lust
|-fieldstart|move: Trick Room|[of] p1a: Lust
|
|-weather|SunnyDay|[upkeep]
|upkeep
|turn|2
|
|t:|1750869473
|move|p1a: Lust|Helping Hand|p1b: Greed
|-singleturn|p1b: Greed|Helping Hand|[of] p1a: Lust
|move|p1b: Greed|Drain Punch|p2b: The crawler
|-supereffective|p2b: The crawler
|-damage|p2b: The crawler|22/100
|-heal|p1b: Greed|77/100|[from] drain|[of] p2b: The crawler
|-heal|p1b: Greed|85/100|[from] item: Shell Bell|[of] p2b: The crawler
|move|p2a: GQuuuuuuX|Dazzling Gleam|p1b: Greed|[spread] p1a,p1b
|-damage|p1a: Lust|25/100
|-damage|p1b: Greed|26/100
|move|p2b: The crawler|Iron Head|p1b: Greed
|-supereffective|p1b: Greed
|-damage|p1b: Greed|0 fnt
|faint|p1b: Greed
|-damage|p2b: The crawler|12/100|[from] item: Life Orb
|
|-weather|SunnyDay|[upkeep]
|upkeep
|
|t:|1750869489
|switch|p1b: Envy|Koraidon, L50|49/100
|-activate|p1b: Envy|ability: Orichalcum Pulse
|turn|3
|
|t:|1750869513
|-terastallize|p1b: Envy|Fire
|move|p1a: Lust|Psychic|p2b: The crawler
|-resisted|p2b: The crawler
|-damage|p2b: The crawler|0 fnt
|faint|p2b: The crawler
|-end|p2b: The crawler|Quark Drive|[silent]
|move|p2a: GQuuuuuuX|Dazzling Gleam|p1a: Lust|[spread] p1a,p1b
|-resisted|p1b: Envy
|-damage|p1a: Lust|0 fnt
|-damage|p1b: Envy|29/100
|faint|p1a: Lust
|move|p1b: Envy|Collision Course|p2a: GQuuuuuuX
|-damage|p2a: GQuuuuuuX|0 fnt
|faint|p2a: GQuuuuuuX
|
|-weather|SunnyDay|[upkeep]
|upkeep
|
|t:|1750869527
|switch|p1a: Pride|Walking Wake, L50|100/100
|switch|p2b: Wind Breaker|Urshifu, L50, M|100/100
|switch|p2a: Ready to Rock|Calyrex-Ice, L50|100/100
|-ability|p2a: Ready to Rock|As One
|-ability|p2a: Ready to Rock|Unnerve
|-activate|p1a: Pride|ability: Protosynthesis
|-start|p1a: Pride|protosynthesisspa
|turn|4
|inactive|AleksiKoda has 30 seconds left.
|
|t:|1750869560
|-terastallize|p2b: Wind Breaker|Dark
|move|p2a: Ready to Rock|High Horsepower|p1b: Envy
|-supereffective|p1b: Envy
|-damage|p1b: Envy|0 fnt
|faint|p1b: Envy
|-ability|p2a: Ready to Rock|Chilling Neigh|boost
|-boost|p2a: Ready to Rock|atk|1
|move|p2b: Wind Breaker|Wicked Blow|p1a: Pride
|-crit|p1a: Pride
|-damage|p1a: Pride|9/100
|move|p1a: Pride|Flamethrower|p2a: Ready to Rock
|-supereffective|p2a: Ready to Rock
|-damage|p2a: Ready to Rock|25/100
|
|-weather|SunnyDay|[upkeep]
|upkeep
|turn|5
|
|t:|1750869574
|move|p2a: Ready to Rock|Glacial Lance|p1a: Pride
|-damage|p1a: Pride|0 fnt
|faint|p1a: Pride
|-end|p1a: Pride|Protosynthesis|[silent]
|
|win|sefead
|raw|AleksiKoda's rating: 1050 &rarr; <strong>1034</strong><br />(-16 for losing)
|raw|sefead's rating: 1074 &rarr; <strong>1101</strong><br />(+27 for winning)
|l|☆AleksiKoda
|player|p1|
