|j|☆PokeMacYT
|j|☆elenoosh
|t:|1750734351
|gametype|doubles
|player|p1|PokeMacYT|101|1127
|player|p2|elenoosh|cynthia-gen4|1112
|teamsize|p1|6
|teamsize|p2|6
|gen|9
|tier|[Gen 9] VGC 2025 Reg I
|rated|
|rule|Species Clause: Limit one of each Pokémon
|rule|Item Clause: Limit 1 of each item
|clearpoke
|poke|p1|Rillaboom, L50, M|
|poke|p1|Incineroar, L50, M|
|poke|p1|Grimmsnarl, L50, M|
|poke|p1|Terapagos, L50, M|
|poke|p1|Miraidon, L50|
|poke|p1|Urshifu-*, L50, M|
|poke|p2|Calyrex-Ice, L50|
|poke|p2|Mimikyu, L50, F|
|poke|p2|Necrozma-Dawn-Wings, L50|
|poke|p2|Indeedee-F, L50, F|
|poke|p2|Incineroar, L50, M|
|poke|p2|Ursaring, L50, M|
|teampreview|4
|inactive|Battle timer is ON: inactive players will automatically lose when time's up. (requested by elenoosh)
|inactive|PokeMacYT also wants the timer to be on.
|inactive|elenoosh has 60 seconds left.
|
|t:|1750734395
|start
|switch|p1a: Grimmsnarl|Grimmsnarl, L50, M|100/100
|switch|p1b: Miraidon|Miraidon, L50|100/100
|switch|p2a: Ursaring|Ursaring, L50, M|100/100
|switch|p2b: Mimikyu|Mimikyu, L50, F|100/100
|-fieldstart|move: Electric Terrain|[from] ability: Hadron Engine|[of] p1b: Miraidon
|turn|1
|
|t:|1750734414
|move|p2a: Ursaring|Protect|p2a: Ursaring
|-singleturn|p2a: Ursaring|Protect
|move|p1a: Grimmsnarl|Reflect|p1a: Grimmsnarl
|-sidestart|p1: PokeMacYT|Reflect
|move|p1b: Miraidon|Volt Switch|p2b: Mimikyu
|-activate|p2b: Mimikyu|ability: Disguise
|-damage|p2b: Mimikyu|100/100
|detailschange|p2b: Mimikyu|Mimikyu-Busted, L50, F
|-damage|p2b: Mimikyu|88/100|[from] pokemon: Mimikyu-Busted
|
|t:|1750734420
|switch|p1b: Incineroar|Incineroar, L50, M|100/100|[from] Volt Switch
|-ability|p1b: Incineroar|Intimidate|boost
|-unboost|p2a: Ursaring|atk|1
|-unboost|p2b: Mimikyu|atk|1
|move|p2b: Mimikyu|Trick Room|p2b: Mimikyu
|-fieldstart|move: Trick Room|[of] p2b: Mimikyu
|
|upkeep
|turn|2
|inactive|PokeMacYT has 30 seconds left.
|inactive|elenoosh has 30 seconds left.
|inactive|PokeMacYT has 20 seconds left.
|inactive|PokeMacYT has 15 seconds left.
|
|t:|1750734462
|switch|p2a: Incineroar|Incineroar, L50, M|100/100
|-ability|p2a: Incineroar|Intimidate|boost
|-unboost|p1a: Grimmsnarl|atk|1
|-unboost|p1b: Incineroar|atk|1
|switch|p2b: Calyrex|Calyrex-Ice, L50|100/100
|-ability|p2b: Calyrex|As One
|-ability|p2b: Calyrex|Unnerve
|move|p1a: Grimmsnarl|Thunder Wave|p2a: Incineroar
|-hint|Since gen 7, Dark is immune to Prankster moves.
|-immune|p2a: Incineroar
|move|p1b: Incineroar|U-turn|p2a: Incineroar
|-damage|p2a: Incineroar|84/100
|
|t:|1750734479
|switch|p1b: Urshifu|Urshifu, L50, M|100/100|[from] U-turn
|
|upkeep
|turn|3
|inactive|elenoosh has 30 seconds left.
|inactive|elenoosh has 20 seconds left.
|inactive|PokeMacYT has 30 seconds left.
|
|t:|1750734520
|move|p1b: Urshifu|Detect|p1b: Urshifu
|-singleturn|p1b: Urshifu|Protect
|move|p2a: Incineroar|Fake Out|p1b: Urshifu
|-activate|p1b: Urshifu|move: Protect
|move|p1a: Grimmsnarl|Thunder Wave|p2b: Calyrex|[miss]
|-miss|p1a: Grimmsnarl|p2b: Calyrex
|move|p2b: Calyrex|Glacial Lance|p1b: Urshifu|[spread] p1a
|-activate|p1b: Urshifu|move: Protect
|-damage|p1a: Grimmsnarl|48/100
|
|upkeep
|turn|4
|inactive|elenoosh has 30 seconds left.
|
|t:|1750734546
|move|p1a: Grimmsnarl|Thunder Wave|p2b: Calyrex
|-status|p2b: Calyrex|par
|move|p2b: Calyrex|Glacial Lance|p1b: Urshifu|[spread] p1a,p1b
|-damage|p1a: Grimmsnarl|0 fnt
|-damage|p1b: Urshifu|60/100
|faint|p1a: Grimmsnarl
|-ability|p2b: Calyrex|Chilling Neigh|boost
|-boost|p2b: Calyrex|atk|1
|move|p2a: Incineroar|Parting Shot|p1b: Urshifu
|-unboost|p1b: Urshifu|atk|1
|-unboost|p1b: Urshifu|spa|1
|
|t:|1750734558
|switch|p2a: Mimikyu|Mimikyu-Busted, L50, F|88/100|[from] Parting Shot
|move|p1b: Urshifu|Wicked Blow|p2b: Calyrex
|-supereffective|p2b: Calyrex
|-crit|p2b: Calyrex
|-damage|p2b: Calyrex|27/100 par
|
|upkeep
|
|t:|1750734564
|switch|p1a: Incineroar|Incineroar, L50, M|100/100
|-ability|p1a: Incineroar|Intimidate|boost
|-unboost|p2a: Mimikyu|atk|1
|-fail|p2b: Calyrex|unboost|[from] item: Clear Amulet|[of] p2b: Calyrex
|turn|5
|inactive|elenoosh has 30 seconds left.
|inactive|elenoosh has 20 seconds left.
|inactive|elenoosh has 15 seconds left.
|
|t:|1750734605
|move|p1b: Urshifu|Detect|p1b: Urshifu
|-singleturn|p1b: Urshifu|Protect
|cant|p2b: Calyrex|par
|move|p1a: Incineroar|Knock Off|p2b: Calyrex
|-supereffective|p2b: Calyrex
|-crit|p2b: Calyrex
|-damage|p2b: Calyrex|0 fnt
|-enditem|p2b: Calyrex|Clear Amulet|[from] move: Knock Off|[of] p1a: Incineroar
|faint|p2b: Calyrex
|move|p2a: Mimikyu|Destiny Bond|p2a: Mimikyu
|-singlemove|p2a: Mimikyu|Destiny Bond
|
|-sideend|p1: PokeMacYT|Reflect
|-fieldend|move: Trick Room
|-fieldend|move: Electric Terrain
|upkeep
|
|t:|1750734618
|switch|p2b: Ursaring|Ursaring, L50, M|100/100
|turn|6
|inactive|PokeMacYT has 30 seconds left.
|
|t:|1750734644
|move|p1b: Urshifu|Close Combat|p2b: Ursaring
|-supereffective|p2b: Ursaring
|-damage|p2b: Ursaring|36/100
|-unboost|p1b: Urshifu|def|1
|-unboost|p1b: Urshifu|spd|1
|move|p1a: Incineroar|Knock Off|p2b: Ursaring
|-damage|p2b: Ursaring|0 fnt
|-enditem|p2b: Ursaring|Eviolite|[from] move: Knock Off|[of] p1a: Incineroar
|faint|p2b: Ursaring
|move|p2a: Mimikyu|Trick Room|p2a: Mimikyu
|-fieldstart|move: Trick Room|[of] p2a: Mimikyu
|
|upkeep
|
|t:|1750734653
|switch|p2b: Incineroar|Incineroar, L50, M|84/100
|-ability|p2b: Incineroar|Intimidate|boost
|-unboost|p1a: Incineroar|atk|1
|-unboost|p1b: Urshifu|atk|1
|turn|7
|
|t:|1750734676
|-terastallize|p1b: Urshifu|Ghost
|move|p2b: Incineroar|Fake Out|p1a: Incineroar
|-damage|p1a: Incineroar|88/100
|cant|p1a: Incineroar|flinch
|move|p2a: Mimikyu|Play Rough|p1b: Urshifu|[miss]
|-miss|p2a: Mimikyu|p1b: Urshifu
|move|p1b: Urshifu|Close Combat|p2b: Incineroar
|-supereffective|p2b: Incineroar
|-crit|p2b: Incineroar
|-damage|p2b: Incineroar|0 fnt
|-unboost|p1b: Urshifu|def|1
|-unboost|p1b: Urshifu|spd|1
|faint|p2b: Incineroar
|
|upkeep
|turn|8
|-message|elenoosh forfeited.
|
|win|PokeMacYT
|raw|PokeMacYT's rating: 1127 &rarr; <strong>1151</strong><br />(+24 for winning)
|raw|elenoosh's rating: 1112 &rarr; <strong>1088</strong><br />(-24 for losing)
|l|☆elenoosh
|player|p2|
|l|☆PokeMacYT
|player|p1|
