|j|☆AxeP91
|j|☆Banthejuggalo
|t:|1750715865
|gametype|doubles
|player|p1|AxeP91|169|1465
|player|p2|Banthejuggalo|265|1498
|teamsize|p1|6
|teamsize|p2|6
|gen|9
|tier|[Gen 9] VGC 2025 Reg I
|rated|
|rule|Species Clause: Limit one of each Pokémon
|rule|Item Clause: Limit 1 of each item
|clearpoke
|poke|p1|Calyrex-Shadow, L50|
|poke|p1|Zamazenta-*, L50|
|poke|p1|Volcarona, L50, F|
|poke|p1|Whimsicott, L50, F|
|poke|p1|Urshifu-*, L50, M|
|poke|p1|Incineroar, L50, M|
|poke|p2|Ho-Oh, L50|
|poke|p2|Suicune, L50|
|poke|p2|Ting-Lu, L50|
|poke|p2|Calyrex-Ice, L50|
|poke|p2|Rillaboom, L50, F|
|poke|p2|Grimmsnarl, L50, M|
|teampreview|4
|
|t:|1750715892
|start
|switch|p1a: Zamazenta|Zamazenta-Crowned, L50|100/100
|switch|p1b: Urshifu|Urshifu-Rapid-Strike, L50, M|100/100
|switch|p2a: Grimmsnarl|Grimmsnarl, L50, M|100/100
|switch|p2b: Suicune|Suicune, L50|100/100
|-ability|p1a: Zamazenta|Dauntless Shield|boost
|-boost|p1a: Zamazenta|def|1
|-ability|p2b: Suicune|Pressure
|turn|1
|inactive|Battle timer is ON: inactive players will automatically lose when time's up. (requested by AxeP91)
|
|t:|1750715921
|move|p1a: Zamazenta|Protect|p1a: Zamazenta
|-singleturn|p1a: Zamazenta|Protect
|move|p2a: Grimmsnarl|Reflect|p2a: Grimmsnarl
|-sidestart|p2: Banthejuggalo|Reflect
|move|p1b: Urshifu|Surging Strikes|p2a: Grimmsnarl
|-crit|p2a: Grimmsnarl
|-damage|p2a: Grimmsnarl|66/100
|-crit|p2a: Grimmsnarl
|-damage|p2a: Grimmsnarl|32/100
|-crit|p2a: Grimmsnarl
|-damage|p2a: Grimmsnarl|0 fnt
|faint|p2a: Grimmsnarl
|-hitcount|p2: Grimmsnarl|3
|move|p2b: Suicune|Calm Mind|p2b: Suicune
|-boost|p2b: Suicune|spa|1
|-boost|p2b: Suicune|spd|1
|
|upkeep
|
|t:|1750715939
|switch|p2a: Calyrex|Calyrex-Ice, L50|100/100
|-ability|p2a: Calyrex|As One
|-ability|p2a: Calyrex|Unnerve
|turn|2
|
|t:|1750715950
|-terastallize|p2a: Calyrex|Water
|move|p1a: Zamazenta|Body Press|p2a: Calyrex
|-damage|p2a: Calyrex|79/100
|move|p1b: Urshifu|Surging Strikes|p2a: Calyrex
|-resisted|p2a: Calyrex
|-crit|p2a: Calyrex
|-damage|p2a: Calyrex|71/100
|-resisted|p2a: Calyrex
|-crit|p2a: Calyrex
|-damage|p2a: Calyrex|62/100
|-resisted|p2a: Calyrex
|-crit|p2a: Calyrex
|-damage|p2a: Calyrex|53/100
|-hitcount|p2a: Calyrex|3
|move|p2b: Suicune|Scald|p1b: Urshifu
|-resisted|p1b: Urshifu
|-damage|p1b: Urshifu|65/100
|-status|p1b: Urshifu|brn
|move|p2a: Calyrex|Leech Seed|p1a: Zamazenta
|-start|p1a: Zamazenta|move: Leech Seed
|
|-heal|p2a: Calyrex|59/100|[from] item: Leftovers
|-damage|p1a: Zamazenta|88/100|[from] Leech Seed|[of] p2a: Calyrex
|-heal|p2a: Calyrex|70/100|[silent]
|-damage|p1b: Urshifu|58/100 brn|[from] brn
|upkeep
|turn|3
|inactive|AxeP91 has 30 seconds left.
|inactive|Banthejuggalo has 30 seconds left.
|
|t:|1750715984
|move|p1a: Zamazenta|Body Press|p2a: Calyrex
|-damage|p2a: Calyrex|49/100
|move|p1b: Urshifu|Surging Strikes|p2a: Calyrex
|-resisted|p2a: Calyrex
|-crit|p2a: Calyrex
|-damage|p2a: Calyrex|44/100
|-resisted|p2a: Calyrex
|-crit|p2a: Calyrex
|-damage|p2a: Calyrex|41/100
|-resisted|p2a: Calyrex
|-crit|p2a: Calyrex
|-damage|p2a: Calyrex|37/100
|-hitcount|p2a: Calyrex|3
|move|p2b: Suicune|Calm Mind|p2b: Suicune
|-boost|p2b: Suicune|spa|1
|-boost|p2b: Suicune|spd|1
|move|p2a: Calyrex|Trick Room|p2a: Calyrex
|-fieldstart|move: Trick Room|[of] p2a: Calyrex
|
|-heal|p2a: Calyrex|43/100|[from] item: Leftovers
|-damage|p1a: Zamazenta|75/100|[from] Leech Seed|[of] p2a: Calyrex
|-heal|p2a: Calyrex|54/100|[silent]
|-damage|p1b: Urshifu|52/100 brn|[from] brn
|upkeep
|turn|4
|inactive|AxeP91 has 30 seconds left.
|
|t:|1750716010
|switch|p1b: Whimsicott|Whimsicott, L50, F|100/100
|move|p2a: Calyrex|Leech Seed|p1b: Whimsicott
|-immune|p1b: Whimsicott
|move|p2b: Suicune|Scald|p1a: Zamazenta
|-damage|p1a: Zamazenta|36/100
|-status|p1a: Zamazenta|brn
|move|p1a: Zamazenta|Body Press|p2b: Suicune
|-damage|p2b: Suicune|85/100
|
|-heal|p2a: Calyrex|59/100|[from] item: Leftovers
|-damage|p1a: Zamazenta|23/100 brn|[from] Leech Seed|[of] p2a: Calyrex
|-heal|p2a: Calyrex|71/100|[silent]
|-damage|p1a: Zamazenta|17/100 brn|[from] brn
|upkeep
|turn|5
|
|t:|1750716035
|move|p1b: Whimsicott|Encore|p2a: Calyrex
|-start|p2a: Calyrex|Encore
|move|p2a: Calyrex|Leech Seed||[still]
|-fail|p2a: Calyrex
|move|p2b: Suicune|Scald|p1b: Whimsicott
|-resisted|p1b: Whimsicott
|-damage|p1b: Whimsicott|52/100
|-status|p1b: Whimsicott|brn
|move|p1a: Zamazenta|Body Press|p2b: Suicune
|-damage|p2b: Suicune|70/100
|
|-heal|p2a: Calyrex|76/100|[from] item: Leftovers
|-damage|p1a: Zamazenta|5/100 brn|[from] Leech Seed|[of] p2a: Calyrex
|-heal|p2a: Calyrex|87/100|[silent]
|-damage|p1b: Whimsicott|46/100 brn|[from] brn
|-damage|p1a: Zamazenta|0 fnt|[from] brn
|faint|p1a: Zamazenta
|upkeep
|
|t:|1750716047
|switch|p1a: Calyrex|Calyrex-Shadow, L50|100/100
|-ability|p1a: Calyrex|As One
|-ability|p1a: Calyrex|Unnerve
|turn|6
|
|t:|1750716058
|move|p2a: Calyrex|Leech Seed|p1a: Calyrex|[miss]
|-miss|p2a: Calyrex|p1a: Calyrex
|move|p2b: Suicune|Snarl|p1b: Whimsicott|[spread] p1a,p1b
|-supereffective|p1a: Calyrex
|-resisted|p1b: Whimsicott
|-damage|p1a: Calyrex|16/100
|-damage|p1b: Whimsicott|29/100 brn
|-unboost|p1a: Calyrex|spa|1
|-unboost|p1b: Whimsicott|spa|1
|move|p1b: Whimsicott|Endeavor|p2b: Suicune
|-damage|p2b: Suicune|19/100
|move|p1a: Calyrex|Astral Barrage|p2a: Calyrex|[spread] p2a,p2b
|-damage|p2a: Calyrex|59/100
|-damage|p2b: Suicune|2/100
|-damage|p1a: Calyrex|7/100|[from] item: Life Orb
|
|-heal|p2a: Calyrex|65/100|[from] item: Leftovers
|-damage|p1b: Whimsicott|23/100 brn|[from] brn
|upkeep
|turn|7
|inactive|AxeP91 has 30 seconds left.
|
|t:|1750716084
|move|p1a: Calyrex|Protect|p1a: Calyrex
|-singleturn|p1a: Calyrex|Protect
|move|p2a: Calyrex|Leech Seed|p1a: Calyrex
|-activate|p1a: Calyrex|move: Protect
|move|p2b: Suicune|Snarl|p1a: Calyrex|[spread] p1b
|-activate|p1a: Calyrex|move: Protect
|-resisted|p1b: Whimsicott
|-damage|p1b: Whimsicott|7/100 brn
|-unboost|p1b: Whimsicott|spa|1
|move|p1b: Whimsicott|Moonblast|p2a: Calyrex
|-damage|p2a: Calyrex|54/100
|-unboost|p2a: Calyrex|spa|1
|
|-heal|p2a: Calyrex|59/100|[from] item: Leftovers
|-damage|p1b: Whimsicott|1/100 brn|[from] brn
|-end|p2a: Calyrex|Encore
|-fieldend|move: Trick Room
|upkeep
|turn|8
|inactive|AxeP91 has 30 seconds left.
|inactive|Banthejuggalo has 30 seconds left.
|inactive|AxeP91 has 20 seconds left.
|inactive|Banthejuggalo has 20 seconds left.
|inactive|Banthejuggalo has 15 seconds left.
|
|t:|1750716125
|switch|p2a: Ho-Oh|Ho-Oh, L50|100/100
|move|p1a: Calyrex|Protect|p1a: Calyrex
|-singleturn|p1a: Calyrex|Protect
|move|p1b: Whimsicott|Encore||[still]
|-fail|p1b: Whimsicott
|move|p2b: Suicune|Scald|p1a: Calyrex
|-activate|p1a: Calyrex|move: Protect
|
|-damage|p1b: Whimsicott|0 fnt|[from] brn
|faint|p1b: Whimsicott
|-sideend|p2: Banthejuggalo|Reflect
|upkeep
|
|t:|1750716135
|switch|p1b: Urshifu|Urshifu-Rapid-Strike, L50, M|52/100 brn
|turn|9
|
|t:|1750716150
|move|p1a: Calyrex|Astral Barrage|p2a: Ho-Oh|[spread] p2a,p2b
|-damage|p2a: Ho-Oh|72/100
|-damage|p2b: Suicune|0 fnt
|faint|p2b: Suicune
|-ability|p1a: Calyrex|Grim Neigh|boost
|-boost|p1a: Calyrex|spa|1
|-damage|p1a: Calyrex|0 fnt|[from] item: Life Orb
|faint|p1a: Calyrex
|move|p1b: Urshifu|Surging Strikes|p2a: Ho-Oh
|-supereffective|p2a: Ho-Oh
|-crit|p2a: Ho-Oh
|-damage|p2a: Ho-Oh|51/100
|-damage|p1b: Urshifu|36/100 brn|[from] item: Rocky Helmet|[of] p2a: Ho-Oh
|-supereffective|p2a: Ho-Oh
|-crit|p2a: Ho-Oh
|-damage|p2a: Ho-Oh|27/100
|-damage|p1b: Urshifu|19/100 brn|[from] item: Rocky Helmet|[of] p2a: Ho-Oh
|-supereffective|p2a: Ho-Oh
|-crit|p2a: Ho-Oh
|-damage|p2a: Ho-Oh|3/100
|-damage|p1b: Urshifu|3/100 brn|[from] item: Rocky Helmet|[of] p2a: Ho-Oh
|-hitcount|p2a: Ho-Oh|3
|move|p2a: Ho-Oh|Sacred Fire|p1b: Urshifu
|-resisted|p1b: Urshifu
|-damage|p1b: Urshifu|0 fnt
|faint|p1b: Urshifu
|
|win|Banthejuggalo
|raw|AxeP91's rating: 1465 &rarr; <strong>1447</strong><br />(-18 for losing)
|raw|Banthejuggalo's rating: 1498 &rarr; <strong>1516</strong><br />(+18 for winning)
|l|☆Banthejuggalo
|player|p2|
|l|☆AxeP91
|player|p1|
