|j|☆yupggwp
|j|☆Bocian123
|t:|1750867974
|gametype|doubles
|player|p1|yupggwp|2|1273
|player|p2|Bocian123|170|1329
|teamsize|p1|6
|teamsize|p2|6
|gen|9
|tier|[Gen 9] VGC 2025 Reg I
|rated|
|rule|Species Clause: Limit one of each Pokémon
|rule|Item Clause: Limit 1 of each item
|clearpoke
|poke|p1|Miraidon, L50|
|poke|p1|Iron Moth, L50|
|poke|p1|Excadrill, L50, M|
|poke|p1|Whimsicott, L50, M|
|poke|p1|Incineroar, L50, F|
|poke|p1|Dialga-Origin, L50|
|poke|p2|Zamazenta-*, L50|
|poke|p2|Calyrex-Shadow, L50|
|poke|p2|Rillaboom, L50, F|
|poke|p2|Ogerpon-Hearthflame, L50, F|
|poke|p2|Incineroar, L50, F|
|poke|p2|Urshifu-*, L50, F|
|teampreview|4
|inactive|Battle timer is ON: inactive players will automatically lose when time's up. (requested by Bocian123)
|inactive|yupggwp has 60 seconds left.
|inactive|yupggwp has 30 seconds left.
|
|t:|1750868036
|start
|switch|p1a: Miraidon|Miraidon, L50|100/100
|switch|p1b: Whimsicott|Whimsicott, L50, M|100/100
|switch|p2a: roksana|Zamazenta-Crowned, L50|100/100
|switch|p2b: fu|Urshifu-Rapid-Strike, L50, F|100/100
|-fieldstart|move: Electric Terrain|[from] ability: Hadron Engine|[of] p1a: Miraidon
|-ability|p2a: roksana|Dauntless Shield|boost
|-boost|p2a: roksana|def|1
|turn|1
|inactive|yupggwp has 30 seconds left.
|inactive|yupggwp has 20 seconds left.
|inactive|Bocian123 has 30 seconds left.
|
|t:|1750868079
|-terastallize|p2a: roksana|Dragon
|move|p1b: Whimsicott|Tailwind|p1b: Whimsicott
|-sidestart|p1: yupggwp|move: Tailwind
|move|p1a: Miraidon|Volt Switch|p2b: fu
|-supereffective|p2b: fu
|-damage|p2b: fu|0 fnt
|faint|p2b: fu
|inactive|yupggwp has 30 seconds left.
|inactive|yupggwp has 20 seconds left.
|
|t:|1750868117
|switch|p1a: Dialga|Dialga-Origin, L50|100/100|[from] Volt Switch
|move|p2a: roksana|Heavy Slam|p1b: Whimsicott
|-supereffective|p1b: Whimsicott
|-damage|p1b: Whimsicott|6/100
|
|upkeep
|
|t:|1750868131
|switch|p2b: kocham cię <333|Incineroar, L50, F|100/100
|-ability|p2b: kocham cię <333|Intimidate|boost
|-unboost|p1a: Dialga|atk|1
|-unboost|p1b: Whimsicott|atk|1
|turn|2
|
|t:|1750868148
|move|p2b: kocham cię <333|Fake Out|p1b: Whimsicott
|-damage|p1b: Whimsicott|0 fnt
|faint|p1b: Whimsicott
|move|p1a: Dialga|Dragon Pulse|p2a: roksana
|-supereffective|p2a: roksana
|-crit|p2a: roksana
|-damage|p2a: roksana|0 fnt
|faint|p2a: roksana
|
|upkeep
|
|t:|1750868163
|switch|p2a: zadymiarz|Calyrex-Shadow, L50|100/100
|switch|p1b: Iron Moth|Iron Moth, L50|100/100
|-ability|p2a: zadymiarz|As One
|-ability|p2a: zadymiarz|Unnerve
|-activate|p1b: Iron Moth|ability: Quark Drive
|-start|p1b: Iron Moth|quarkdrivespa
|turn|3
|
|t:|1750868187
|move|p2a: zadymiarz|Protect|p2a: zadymiarz
|-singleturn|p2a: zadymiarz|Protect
|move|p1b: Iron Moth|Fiery Dance|p2a: zadymiarz
|-activate|p2a: zadymiarz|move: Protect
|move|p1a: Dialga|Dragon Pulse|p2b: kocham cię <333
|-damage|p2b: kocham cię <333|41/100
|move|p2b: kocham cię <333|Knock Off|p1a: Dialga
|-damage|p1a: Dialga|81/100
|
|upkeep
|turn|4
|
|t:|1750868211
|move|p2a: zadymiarz|Protect||[still]
|-fail|p2a: zadymiarz
|move|p1b: Iron Moth|Fiery Dance|p2a: zadymiarz
|-damage|p2a: zadymiarz|20/100
|-damage|p1b: Iron Moth|91/100|[from] item: Life Orb
|move|p1a: Dialga|Flash Cannon|p2a: zadymiarz
|-damage|p2a: zadymiarz|0 fnt
|faint|p2a: zadymiarz
|move|p2b: kocham cię <333|Knock Off|p1b: Iron Moth
|-damage|p1b: Iron Moth|37/100
|-enditem|p1b: Iron Moth|Life Orb|[from] move: Knock Off|[of] p2b: kocham cię <333
|
|-sideend|p1: yupggwp|move: Tailwind
|upkeep
|turn|5
|-message|Bocian123 forfeited.
|
|win|yupggwp
|raw|yupggwp's rating: 1273 &rarr; <strong>1302</strong><br />(+29 for winning)
|raw|Bocian123's rating: 1329 &rarr; <strong>1306</strong><br />(-23 for losing)
|l|☆Bocian123
|player|p2|
|l|☆yupggwp
|player|p1|
