|j|☆Samurai701
|j|☆entei enthusiast
|t:|1750826172
|gametype|doubles
|player|p1|Samurai701|janitor|1324
|player|p2|entei enthusiast|brycen|1414
|teamsize|p1|6
|teamsize|p2|6
|gen|9
|tier|[Gen 9] VGC 2025 Reg I
|rated|
|rule|Species Clause: Limit one of each Pokémon
|rule|Item Clause: Limit 1 of each item
|clearpoke
|poke|p1|Calyrex-Ice, L50|
|poke|p1|Miraidon, L50|
|poke|p1|Grimmsnarl, L50, M|
|poke|p1|Urshifu-*, L50, M|
|poke|p1|Incineroar, L50, M|
|poke|p1|Landorus, L50, M|
|poke|p2|Calyrex-Ice, L50|
|poke|p2|Miraidon, L50|
|poke|p2|Ursaluna-Bloodmoon, L50, M|
|poke|p2|Grimmsnarl, L50, M|
|poke|p2|Volcarona, L50, M|
|poke|p2|Incineroar, L50, M|
|teampreview|4
|
|t:|1750826209
|start
|switch|p1a: Grimmsnarl|Grimmsnarl, L50, M|100/100
|switch|p1b: Incineroar|Incineroar, L50, M|100/100
|switch|p2a: Calyrex|Calyrex-Ice, L50|100/100
|switch|p2b: Grimmsnarl|Grimmsnarl, L50, M|100/100
|-ability|p2a: Calyrex|As One
|-ability|p2a: Calyrex|Unnerve
|-ability|p1b: Incineroar|Intimidate|boost
|-unboost|p2a: Calyrex|atk|1
|-unboost|p2b: Grimmsnarl|atk|1
|turn|1
|
|t:|1750826249
|switch|p2a: Ursaluna|Ursaluna-Bloodmoon, L50, M|100/100
|move|p1b: Incineroar|Fake Out|p2b: Grimmsnarl
|-damage|p2b: Grimmsnarl|91/100
|move|p1a: Grimmsnarl|Reflect|p1a: Grimmsnarl
|-sidestart|p1: Samurai701|Reflect
|cant|p2b: Grimmsnarl|flinch
|
|upkeep
|turn|2
|
|t:|1750826268
|move|p1a: Grimmsnarl|Light Screen|p1a: Grimmsnarl
|-sidestart|p1: Samurai701|move: Light Screen
|move|p2b: Grimmsnarl|Reflect|p2b: Grimmsnarl
|-sidestart|p2: entei enthusiast|Reflect
|move|p1b: Incineroar|Knock Off|p2a: Ursaluna
|-damage|p2a: Ursaluna|83/100
|-enditem|p2a: Ursaluna|Assault Vest|[from] move: Knock Off|[of] p1b: Incineroar
|move|p2a: Ursaluna|Earth Power|p1b: Incineroar
|-supereffective|p1b: Incineroar
|-damage|p1b: Incineroar|53/100
|
|upkeep
|turn|3
|
|t:|1750826294
|move|p2b: Grimmsnarl|Light Screen|p2b: Grimmsnarl
|-sidestart|p2: entei enthusiast|move: Light Screen
|move|p1b: Incineroar|U-turn|p2a: Ursaluna
|-damage|p2a: Ursaluna|73/100
|
|t:|1750826298
|switch|p1b: Calyrex|Calyrex-Ice, L50|100/100|[from] U-turn
|-ability|p1b: Calyrex|As One
|-ability|p1b: Calyrex|Unnerve
|move|p1a: Grimmsnarl|Spirit Break|p2a: Ursaluna
|-damage|p2a: Ursaluna|58/100
|-unboost|p2a: Ursaluna|spa|1
|move|p2a: Ursaluna|Hyper Voice|p1b: Calyrex|[spread] p1a,p1b
|-damage|p1a: Grimmsnarl|86/100
|-damage|p1b: Calyrex|91/100
|
|-heal|p1b: Calyrex|97/100|[from] item: Leftovers
|upkeep
|turn|4
|
|t:|1750826322
|switch|p2a: Incineroar|Incineroar, L50, M|100/100
|-ability|p2a: Incineroar|Intimidate|boost
|-unboost|p1a: Grimmsnarl|atk|1
|-unboost|p1b: Calyrex|atk|1
|move|p2b: Grimmsnarl|Thunder Wave|p1b: Calyrex
|-status|p1b: Calyrex|par
|move|p1a: Grimmsnarl|Spirit Break|p2a: Incineroar
|-damage|p2a: Incineroar|88/100
|-unboost|p2a: Incineroar|spa|1
|move|p1b: Calyrex|Glacial Lance|p2a: Incineroar|[spread] p2a,p2b
|-resisted|p2a: Incineroar
|-damage|p2a: Incineroar|78/100
|-damage|p2b: Grimmsnarl|69/100
|
|-heal|p2a: Incineroar|84/100|[from] item: Leftovers
|-heal|p1b: Calyrex|100/100 par|[from] item: Leftovers
|upkeep
|turn|5
|
|t:|1750826351
|switch|p1a: Incineroar|Incineroar, L50, M|53/100
|-ability|p1a: Incineroar|Intimidate|boost
|-unboost|p2a: Incineroar|atk|1
|-unboost|p2b: Grimmsnarl|atk|1
|switch|p2b: Calyrex|Calyrex-Ice, L50|100/100
|-ability|p2b: Calyrex|As One
|-ability|p2b: Calyrex|Unnerve
|-terastallize|p1b: Calyrex|Water
|move|p2a: Incineroar|Knock Off|p1b: Calyrex
|-damage|p1b: Calyrex|89/100 par
|-enditem|p1b: Calyrex|Leftovers|[from] move: Knock Off|[of] p2a: Incineroar
|move|p1b: Calyrex|Leech Seed|p2b: Calyrex
|-start|p2b: Calyrex|move: Leech Seed
|
|-heal|p2a: Incineroar|90/100|[from] item: Leftovers
|-damage|p2b: Calyrex|88/100|[from] Leech Seed|[of] p1b: Calyrex
|-heal|p1b: Calyrex|100/100 par|[silent]
|upkeep
|turn|6
|
|t:|1750826383
|switch|p2b: Grimmsnarl|Grimmsnarl, L50, M|69/100
|move|p1a: Incineroar|Fake Out|p2a: Incineroar
|-damage|p2a: Incineroar|84/100
|cant|p2a: Incineroar|flinch
|move|p1b: Calyrex|Leech Seed|p2a: Incineroar|[miss]
|-miss|p1b: Calyrex|p2a: Incineroar
|
|-heal|p2a: Incineroar|90/100|[from] item: Leftovers
|upkeep
|turn|7
|
|t:|1750826408
|switch|p1b: Miraidon|Miraidon, L50|100/100
|-fieldstart|move: Electric Terrain|[from] ability: Hadron Engine|[of] p1b: Miraidon
|move|p1a: Incineroar|U-turn|p2a: Incineroar
|-damage|p2a: Incineroar|80/100
|
|t:|1750826415
|switch|p1a: Calyrex|Calyrex-Ice, L50, tera:Water|100/100 par|[from] U-turn
|-ability|p1a: Calyrex|As One
|-ability|p1a: Calyrex|Unnerve
|move|p2b: Grimmsnarl|Spirit Break|p1a: Calyrex
|-damage|p1a: Calyrex|88/100 par
|-unboost|p1a: Calyrex|spa|1
|move|p2a: Incineroar|Parting Shot|p1b: Miraidon
|-unboost|p1b: Miraidon|atk|1
|-unboost|p1b: Miraidon|spa|1
|
|t:|1750826426
|switch|p2a: Calyrex|Calyrex-Ice, L50|88/100|[from] Parting Shot
|-ability|p2a: Calyrex|As One
|-ability|p2a: Calyrex|Unnerve
|-enditem|p2a: Calyrex|Electric Seed
|-boost|p2a: Calyrex|def|1|[from] item: Electric Seed
|
|upkeep
|turn|8
|
|t:|1750826448
|switch|p1b: Incineroar|Incineroar, L50, M|53/100
|-ability|p1b: Incineroar|Intimidate|boost
|-unboost|p2a: Calyrex|atk|1
|-unboost|p2b: Grimmsnarl|atk|1
|switch|p2b: Incineroar|Incineroar, L50, M|80/100
|-ability|p2b: Incineroar|Intimidate|boost
|-unboost|p1a: Calyrex|atk|1
|-unboost|p1b: Incineroar|atk|1
|move|p2a: Calyrex|Leech Seed|p1b: Incineroar|[miss]
|-miss|p2a: Calyrex|p1b: Incineroar
|move|p1a: Calyrex|Leech Seed|p2b: Incineroar
|-start|p2b: Incineroar|move: Leech Seed
|
|-heal|p2b: Incineroar|86/100|[from] item: Leftovers
|-damage|p2b: Incineroar|73/100|[from] Leech Seed|[of] p1a: Calyrex
|-heal|p1a: Calyrex|99/100 par|[silent]
|-sideend|p1: Samurai701|Reflect
|upkeep
|turn|9
|
|t:|1750826475
|move|p1b: Incineroar|Fake Out|p2b: Incineroar
|-damage|p2b: Incineroar|69/100
|cant|p2b: Incineroar|flinch
|move|p2a: Calyrex|Leech Seed|p1b: Incineroar
|-start|p1b: Incineroar|move: Leech Seed
|move|p1a: Calyrex|Leech Seed|p2a: Calyrex
|-start|p2a: Calyrex|move: Leech Seed
|
|-heal|p2b: Incineroar|75/100|[from] item: Leftovers
|-damage|p1b: Incineroar|40/100|[from] Leech Seed|[of] p2a: Calyrex
|-heal|p2a: Calyrex|100/100|[silent]
|-damage|p2b: Incineroar|63/100|[from] Leech Seed|[of] p1a: Calyrex
|-heal|p1a: Calyrex|100/100 par|[silent]
|-damage|p2a: Calyrex|88/100|[from] Leech Seed|[of] p1a: Calyrex
|-sideend|p2: entei enthusiast|Reflect
|-sideend|p1: Samurai701|move: Light Screen
|upkeep
|turn|10
|
|t:|1750826510
|switch|p2b: Grimmsnarl|Grimmsnarl, L50, M|69/100
|move|p1b: Incineroar|U-turn|p2b: Grimmsnarl
|-damage|p2b: Grimmsnarl|58/100
|
|t:|1750826518
|switch|p1b: Grimmsnarl|Grimmsnarl, L50, M|86/100|[from] U-turn
|move|p2a: Calyrex|Body Press|p1b: Grimmsnarl
|-damage|p1b: Grimmsnarl|46/100
|move|p1a: Calyrex|Glacial Lance|p2b: Grimmsnarl|[spread] p2a,p2b
|-resisted|p2a: Calyrex
|-damage|p2a: Calyrex|80/100
|-damage|p2b: Grimmsnarl|28/100
|
|-damage|p2a: Calyrex|68/100|[from] Leech Seed|[of] p1a: Calyrex
|-sideend|p2: entei enthusiast|move: Light Screen
|upkeep
|turn|11
|
|t:|1750826534
|move|p1b: Grimmsnarl|Reflect|p1b: Grimmsnarl
|-sidestart|p1: Samurai701|Reflect
|move|p2b: Grimmsnarl|Reflect|p2b: Grimmsnarl
|-sidestart|p2: entei enthusiast|Reflect
|move|p2a: Calyrex|Leech Seed|p1a: Calyrex
|-start|p1a: Calyrex|move: Leech Seed
|cant|p1a: Calyrex|par
|
|-damage|p2a: Calyrex|56/100|[from] Leech Seed|[of] p1a: Calyrex
|-damage|p1a: Calyrex|88/100 par|[from] Leech Seed|[of] p2a: Calyrex
|-heal|p2a: Calyrex|69/100|[silent]
|-fieldend|move: Electric Terrain
|upkeep
|turn|12
|
|t:|1750826558
|move|p1b: Grimmsnarl|Thunder Wave|p2a: Calyrex
|-status|p2a: Calyrex|par
|move|p2b: Grimmsnarl|Spirit Break|p1b: Grimmsnarl
|-supereffective|p1b: Grimmsnarl
|-damage|p1b: Grimmsnarl|5/100
|-unboost|p1b: Grimmsnarl|spa|1
|cant|p1a: Calyrex|par
|move|p2a: Calyrex|Glacial Lance|p1b: Grimmsnarl|[spread] p1a,p1b
|-resisted|p1a: Calyrex
|-damage|p1a: Calyrex|80/100 par
|-damage|p1b: Grimmsnarl|0 fnt
|faint|p1b: Grimmsnarl
|-ability|p2a: Calyrex|Chilling Neigh|boost
|-boost|p2a: Calyrex|atk|1
|
|-damage|p1a: Calyrex|68/100 par|[from] Leech Seed|[of] p2a: Calyrex
|-heal|p2a: Calyrex|83/100 par|[silent]
|-damage|p2a: Calyrex|70/100 par|[from] Leech Seed|[of] p1a: Calyrex
|-heal|p1a: Calyrex|79/100 par|[silent]
|upkeep
|
|t:|1750826579
|switch|p1b: Incineroar|Incineroar, L50, M|40/100
|-ability|p1b: Incineroar|Intimidate|boost
|-unboost|p2a: Calyrex|atk|1
|-unboost|p2b: Grimmsnarl|atk|1
|turn|13
|
|t:|1750826603
|switch|p2b: Incineroar|Incineroar, L50, M|63/100
|-ability|p2b: Incineroar|Intimidate|boost
|-unboost|p1a: Calyrex|atk|1
|-unboost|p1b: Incineroar|atk|1
|move|p2a: Calyrex|Protect|p2a: Calyrex
|-singleturn|p2a: Calyrex|Protect
|move|p1b: Incineroar|Fake Out|p2a: Calyrex
|-activate|p2a: Calyrex|move: Protect
|cant|p1a: Calyrex|par
|
|-heal|p2b: Incineroar|69/100|[from] item: Leftovers
|-damage|p1a: Calyrex|67/100 par|[from] Leech Seed|[of] p2a: Calyrex
|-heal|p2a: Calyrex|84/100 par|[silent]
|-damage|p2a: Calyrex|71/100 par|[from] Leech Seed|[of] p1a: Calyrex
|-heal|p1a: Calyrex|78/100 par|[silent]
|upkeep
|turn|14
|
|t:|1750826633
|move|p2b: Incineroar|Fake Out|p1a: Calyrex
|-damage|p1a: Calyrex|73/100 par
|move|p1b: Incineroar|Flare Blitz|p2a: Calyrex
|-supereffective|p2a: Calyrex
|-damage|p2a: Calyrex|52/100 par
|-damage|p1b: Incineroar|34/100|[from] Recoil
|cant|p1a: Calyrex|flinch
|move|p2a: Calyrex|Body Press|p1b: Incineroar
|-supereffective|p1b: Incineroar
|-damage|p1b: Incineroar|0 fnt
|faint|p1b: Incineroar
|-ability|p2a: Calyrex|Chilling Neigh|boost
|-boost|p2a: Calyrex|atk|1
|
|-heal|p2b: Incineroar|75/100|[from] item: Leftovers
|-damage|p1a: Calyrex|61/100 par|[from] Leech Seed|[of] p2a: Calyrex
|-heal|p2a: Calyrex|66/100 par|[silent]
|-damage|p2a: Calyrex|53/100 par|[from] Leech Seed|[of] p1a: Calyrex
|-heal|p1a: Calyrex|72/100 par|[silent]
|upkeep
|
|t:|1750826653
|switch|p1b: Miraidon|Miraidon, L50|100/100
|-fieldstart|move: Electric Terrain|[from] ability: Hadron Engine|[of] p1b: Miraidon
|turn|15
|
|t:|1750826681
|move|p2a: Calyrex|Protect|p2a: Calyrex
|-singleturn|p2a: Calyrex|Protect
|move|p1b: Miraidon|Electro Drift|p2a: Calyrex
|-activate|p2a: Calyrex|move: Protect
|move|p2b: Incineroar|Parting Shot|p1b: Miraidon
|-unboost|p1b: Miraidon|atk|1
|-unboost|p1b: Miraidon|spa|1
|
|t:|1750826689
|switch|p2b: Grimmsnarl|Grimmsnarl, L50, M|28/100|[from] Parting Shot
|move|p1a: Calyrex|Glacial Lance|p2a: Calyrex|[spread] p2b
|-activate|p2a: Calyrex|move: Protect
|-damage|p2b: Grimmsnarl|11/100
|
|-damage|p1a: Calyrex|60/100 par|[from] Leech Seed|[of] p2a: Calyrex
|-heal|p2a: Calyrex|67/100 par|[silent]
|-damage|p2a: Calyrex|54/100 par|[from] Leech Seed|[of] p1a: Calyrex
|-heal|p1a: Calyrex|72/100 par|[silent]
|upkeep
|turn|16
|
|t:|1750826703
|move|p2b: Grimmsnarl|Light Screen|p2b: Grimmsnarl
|-sidestart|p2: entei enthusiast|move: Light Screen
|move|p1b: Miraidon|Electro Drift|p2a: Calyrex
|-damage|p2a: Calyrex|16/100 par
|move|p1a: Calyrex|Glacial Lance|p2a: Calyrex|[spread] p2a,p2b
|-resisted|p2a: Calyrex
|-damage|p2a: Calyrex|12/100 par
|-damage|p2b: Grimmsnarl|0 fnt
|faint|p2b: Grimmsnarl
|-ability|p1a: Calyrex|Chilling Neigh|boost
|-boost|p1a: Calyrex|atk|1
|move|p2a: Calyrex|Glacial Lance|p1b: Miraidon|[spread] p1a,p1b
|-resisted|p1a: Calyrex
|-supereffective|p1b: Miraidon
|-damage|p1a: Calyrex|59/100 par
|-damage|p1b: Miraidon|38/100
|
|-damage|p1a: Calyrex|47/100 par|[from] Leech Seed|[of] p2a: Calyrex
|-heal|p2a: Calyrex|25/100 par|[silent]
|-damage|p2a: Calyrex|13/100 par|[from] Leech Seed|[of] p1a: Calyrex
|-heal|p1a: Calyrex|58/100 par|[silent]
|upkeep
|
|t:|1750826720
|switch|p2b: Incineroar|Incineroar, L50, M|75/100
|-ability|p2b: Incineroar|Intimidate|boost
|-unboost|p1a: Calyrex|atk|1
|-unboost|p1b: Miraidon|atk|1
|turn|17
|
|t:|1750826733
|move|p2b: Incineroar|Fake Out|p1b: Miraidon
|-damage|p1b: Miraidon|32/100
|cant|p1b: Miraidon|flinch
|cant|p1a: Calyrex|par
|move|p2a: Calyrex|Glacial Lance|p1a: Calyrex|[spread] p1a,p1b
|-resisted|p1a: Calyrex
|-supereffective|p1b: Miraidon
|-damage|p1a: Calyrex|47/100 par
|-damage|p1b: Miraidon|0 fnt
|faint|p1b: Miraidon
|-ability|p2a: Calyrex|Chilling Neigh|boost
|-boost|p2a: Calyrex|atk|1
|
|-heal|p2b: Incineroar|82/100|[from] item: Leftovers
|-damage|p1a: Calyrex|35/100 par|[from] Leech Seed|[of] p2a: Calyrex
|-heal|p2a: Calyrex|26/100 par|[silent]
|-damage|p2a: Calyrex|14/100 par|[from] Leech Seed|[of] p1a: Calyrex
|-heal|p1a: Calyrex|46/100 par|[silent]
|upkeep
|turn|18
|
|t:|1750826754
|move|p2b: Incineroar|Knock Off|p1a: Calyrex
|-damage|p1a: Calyrex|35/100 par
|move|p1a: Calyrex|Glacial Lance|p2b: Incineroar|[spread] p2a,p2b
|-resisted|p2a: Calyrex
|-resisted|p2b: Incineroar
|-damage|p2a: Calyrex|11/100 par
|-damage|p2b: Incineroar|74/100
|move|p2a: Calyrex|Body Press|p1a: Calyrex
|-damage|p1a: Calyrex|20/100 par
|
|-heal|p2b: Incineroar|81/100|[from] item: Leftovers
|-damage|p1a: Calyrex|8/100 par|[from] Leech Seed|[of] p2a: Calyrex
|-heal|p2a: Calyrex|24/100 par|[silent]
|-damage|p2a: Calyrex|12/100 par|[from] Leech Seed|[of] p1a: Calyrex
|-heal|p1a: Calyrex|19/100 par|[silent]
|-sideend|p2: entei enthusiast|Reflect
|-sideend|p1: Samurai701|Reflect
|upkeep
|turn|19
|
|t:|1750826771
|move|p2b: Incineroar|Knock Off|p1a: Calyrex
|-damage|p1a: Calyrex|3/100 par
|cant|p1a: Calyrex|par
|cant|p2a: Calyrex|par
|
|-heal|p2b: Incineroar|87/100|[from] item: Leftovers
|-damage|p1a: Calyrex|0 fnt|[from] Leech Seed|[of] p2a: Calyrex
|-heal|p2a: Calyrex|14/100 par|[silent]
|faint|p1a: Calyrex
|
|win|entei enthusiast
|raw|Samurai701's rating: 1324 &rarr; <strong>1309</strong><br />(-15 for losing)
|raw|entei enthusiast's rating: 1414 &rarr; <strong>1429</strong><br />(+15 for winning)
