|j|☆Shepard2320
|j|☆h0st3
|t:|1750869620
|gametype|doubles
|player|p1|Shepard2320|101|1116
|player|p2|h0st3|2|1064
|teamsize|p1|6
|teamsize|p2|6
|gen|9
|tier|[Gen 9] VGC 2025 Reg I
|rated|
|rule|Species Clause: Limit one of each Pokémon
|rule|Item Clause: Limit 1 of each item
|clearpoke
|poke|p1|Kyurem-White, L50|
|poke|p1|Ninetales-Alola, L50, M|
|poke|p1|Clefairy, L50, F|
|poke|p1|Incineroar, L50, F|
|poke|p1|Zacian-*, L50|
|poke|p1|Tornadus, L50, M|
|poke|p2|Kyogre, L50|
|poke|p2|Chien-Pao, L50|
|poke|p2|Decidueye, L50, M|
|poke|p2|Gothitelle, L50, M|
|poke|p2|Lapras, L50, M|
|poke|p2|Ogerpon-Cornerstone, L50, F|
|teampreview|4
|
|t:|1750869652
|start
|switch|p1a: Kyurem|Kyurem-White, L50|100/100
|switch|p1b: Tornadus|Tornadus, L50, M|100/100
|switch|p2a: Gothitelle|Gothitelle, L50, M|100/100
|switch|p2b: Lapras|Lapras, L50, M|100/100
|-ability|p1a: Kyurem|Turboblaze
|turn|1
|
|t:|1750869671
|move|p2a: Gothitelle|Fake Out|p1a: Kyurem
|-damage|p1a: Kyurem|95/100
|move|p1b: Tornadus|Taunt|p2a: Gothitelle
|-start|p2a: Gothitelle|move: Taunt
|cant|p1a: Kyurem|flinch
|move|p2b: Lapras|Perish Song|p2b: Lapras
|-start|p1a: Kyurem|perish3|[silent]
|-start|p1b: Tornadus|perish3|[silent]
|-start|p2a: Gothitelle|perish3|[silent]
|-start|p2b: Lapras|perish3|[silent]
|-fieldactivate|move: Perish Song
|
|-start|p1b: Tornadus|perish3
|-start|p1a: Kyurem|perish3
|-start|p2b: Lapras|perish3
|-start|p2a: Gothitelle|perish3
|upkeep
|turn|2
|
|t:|1750869699
|switch|p2b: Chien-Pao|Chien-Pao, L50|100/100
|-ability|p2b: Chien-Pao|Sword of Ruin
|move|p1b: Tornadus|Bleakwind Storm|p2b: Chien-Pao|[spread] p2b
|-miss|p1b: Tornadus|p2a: Gothitelle
|-crit|p2b: Chien-Pao
|-damage|p2b: Chien-Pao|0 fnt
|faint|p2b: Chien-Pao
|move|p1a: Kyurem|Freeze-Dry|p2a: Gothitelle
|-damage|p2a: Gothitelle|66/100
|move|p2a: Gothitelle|Expanding Force|p1a: Kyurem
|-damage|p1a: Kyurem|82/100
|
|-start|p1b: Tornadus|perish2
|-start|p1a: Kyurem|perish2
|-start|p2a: Gothitelle|perish2
|upkeep
|
|t:|1750869730
|switch|p2b: Kyogre|Kyogre, L50|100/100
|-weather|RainDance|[from] ability: Drizzle|[of] p2b: Kyogre
|turn|3
|
|t:|1750869739
|move|p1b: Tornadus|Snowscape|p1b: Tornadus
|-weather|Snowscape
|move|p2b: Kyogre|Water Spout|p1b: Tornadus|[spread] p1a,p1b
|-resisted|p1a: Kyurem
|-damage|p1a: Kyurem|58/100
|-enditem|p1b: Tornadus|Focus Sash
|-damage|p1b: Tornadus|1/100
|move|p1a: Kyurem|Freeze-Dry|p2b: Kyogre
|-supereffective|p2b: Kyogre
|-damage|p2b: Kyogre|20/100
|move|p2a: Gothitelle|Expanding Force|p1a: Kyurem
|-damage|p1a: Kyurem|44/100
|
|-weather|Snowscape|[upkeep]
|-start|p1b: Tornadus|perish1
|-start|p1a: Kyurem|perish1
|-start|p2a: Gothitelle|perish1
|upkeep
|turn|4
|
|t:|1750869763
|switch|p2a: Lapras|Lapras, L50, M|100/100
|move|p1b: Tornadus|Tailwind|p1b: Tornadus
|-sidestart|p1: Shepard2320|move: Tailwind
|move|p1a: Kyurem|Blizzard|p2a: Lapras|[spread] p2a,p2b
|-resisted|p2a: Lapras
|-resisted|p2b: Kyogre
|-damage|p2a: Lapras|93/100
|-damage|p2b: Kyogre|0 fnt
|faint|p2b: Kyogre
|
|-weather|Snowscape|[upkeep]
|-heal|p2a: Lapras|99/100|[from] item: Leftovers
|-start|p1b: Tornadus|perish0
|-start|p1a: Kyurem|perish0
|faint|p1b: Tornadus
|faint|p1a: Kyurem
|upkeep
|
|t:|1750869778
|switch|p1b: Zacian|Zacian-Crowned, L50|100/100
|switch|p2b: Gothitelle|Gothitelle, L50, M|66/100
|switch|p1a: Ninetales|Ninetales-Alola, L50, M|100/100
|-ability|p1b: Zacian|Intrepid Sword|boost
|-boost|p1b: Zacian|atk|1
|turn|5
|
|t:|1750869798
|move|p2b: Gothitelle|Fake Out|p1b: Zacian
|-resisted|p1b: Zacian
|-damage|p1b: Zacian|98/100
|cant|p1b: Zacian|flinch
|move|p1a: Ninetales|Aurora Veil|p1a: Ninetales
|-sidestart|p1: Shepard2320|move: Aurora Veil
|move|p2a: Lapras|Perish Song|p2a: Lapras
|-start|p1a: Ninetales|perish3|[silent]
|-start|p1b: Zacian|perish3|[silent]
|-start|p2a: Lapras|perish3|[silent]
|-start|p2b: Gothitelle|perish3|[silent]
|-fieldactivate|move: Perish Song
|
|-weather|Snowscape|[upkeep]
|-heal|p2a: Lapras|100/100|[from] item: Leftovers
|-start|p1b: Zacian|perish3
|-start|p1a: Ninetales|perish3
|-start|p2a: Lapras|perish3
|-start|p2b: Gothitelle|perish3
|upkeep
|turn|6
|
|t:|1750869819
|move|p2b: Gothitelle|Protect|p2b: Gothitelle
|-singleturn|p2b: Gothitelle|Protect
|move|p1b: Zacian|Behemoth Blade|p2a: Lapras
|-damage|p2a: Lapras|51/100
|move|p1a: Ninetales|Blizzard|p2a: Lapras|[spread] p2a
|-activate|p2b: Gothitelle|move: Protect
|-resisted|p2a: Lapras
|-damage|p2a: Lapras|48/100
|move|p2a: Lapras|Life Dew|p2a: Lapras|[spread] p2a,p2b
|-heal|p2a: Lapras|73/100
|-heal|p2b: Gothitelle|91/100
|
|-weather|Snowscape|[upkeep]
|-heal|p2a: Lapras|79/100|[from] item: Leftovers
|-start|p1b: Zacian|perish2
|-start|p1a: Ninetales|perish2
|-start|p2a: Lapras|perish2
|-start|p2b: Gothitelle|perish2
|upkeep
|turn|7
|
|t:|1750869851
|move|p2a: Lapras|Protect|p2a: Lapras
|-singleturn|p2a: Lapras|Protect
|move|p1b: Zacian|Behemoth Blade|p2a: Lapras
|-activate|p2a: Lapras|move: Protect
|move|p1a: Ninetales|Blizzard|p2b: Gothitelle|[spread] p2b
|-activate|p2a: Lapras|move: Protect
|-damage|p2b: Gothitelle|73/100
|move|p2b: Gothitelle|Expanding Force|p1b: Zacian
|-resisted|p1b: Zacian
|-damage|p1b: Zacian|91/100
|
|-weather|none
|-heal|p2a: Lapras|85/100|[from] item: Leftovers
|-start|p1b: Zacian|perish1
|-start|p1a: Ninetales|perish1
|-start|p2a: Lapras|perish1
|-start|p2b: Gothitelle|perish1
|-sideend|p1: Shepard2320|move: Tailwind
|upkeep
|turn|8
|-message|Shepard2320 forfeited.
|
|win|h0st3
|raw|Shepard2320's rating: 1116 &rarr; <strong>1087</strong><br />(-29 for losing)
|raw|h0st3's rating: 1064 &rarr; <strong>1099</strong><br />(+35 for winning)
|l|☆Shepard2320
|player|p1|
|l|☆h0st3
|player|p2|
