|j|☆Gigugiguleh
|j|☆CEExy
|t:|1750867906
|gametype|doubles
|player|p1|Gigugiguleh|bugcatcher-gen4dp|1539
|player|p2|CEExy|170|1449
|teamsize|p1|6
|teamsize|p2|6
|gen|9
|tier|[Gen 9] VGC 2025 Reg I
|rated|
|rule|Species Clause: Limit one of each Pokémon
|rule|Item Clause: Limit 1 of each item
|clearpoke
|poke|p1|Bastiodon, L50, F|
|poke|p1|Miraidon, L50|
|poke|p1|Calyrex-Shadow, L50|
|poke|p1|Urshifu-*, L50, F|
|poke|p1|Incineroar, L50, M|
|poke|p1|Whimsicott, L50, F|
|poke|p2|Eternatus, L50|
|poke|p2|Calyrex-Shadow, L50|
|poke|p2|Incineroar, L50, M|
|poke|p2|Weezing-Galar, L50, M|
|poke|p2|Dondozo, L50, F|
|poke|p2|Tatsugiri-Droopy, L50, F|
|teampreview|4
|inactive|Battle timer is ON: inactive players will automatically lose when time's up. (requested by Gigugiguleh)
|
|t:|1750867930
|start
|switch|p1a: Don Arrogance|Calyrex-Shadow, L50|100/100
|switch|p1b: Don HateCrime|Whimsicott, L50, F, shiny|100/100
|switch|p2a: Calyrex|Calyrex-Shadow, L50|100/100
|switch|p2b: Weezing|Weezing-Galar, L50, M|100/100
|-ability|p2b: Weezing|Neutralizing Gas
|-ability|p1a: Don Arrogance|As One
|-ability|p1a: Don Arrogance|Unnerve
|-ability|p2a: Calyrex|As One
|-ability|p2a: Calyrex|Unnerve
|turn|1
|inactive|Gigugiguleh has 30 seconds left.
|inactive|CEExy has 30 seconds left.
|
|t:|1750867957
|-terastallize|p1a: Don Arrogance|Dark
|-terastallize|p2b: Weezing|Normal
|move|p2a: Calyrex|Protect|p2a: Calyrex
|-singleturn|p2a: Calyrex|Protect
|move|p1a: Don Arrogance|Astral Barrage|p2b: Weezing|[spread] 
|-activate|p2a: Calyrex|move: Protect
|-immune|p2b: Weezing
|move|p1b: Don HateCrime|Tailwind|p1b: Don HateCrime
|-sidestart|p1: Gigugiguleh|move: Tailwind
|move|p2b: Weezing|Explosion|p1b: Don HateCrime|[spread] p1a,p1b
|-activate|p2a: Calyrex|move: Protect
|-damage|p1a: Don Arrogance|0 fnt
|-damage|p1b: Don HateCrime|0 fnt
|faint|p2b: Weezing
|-end|p2b: Weezing|ability: Neutralizing Gas
|faint|p1a: Don Arrogance
|faint|p1b: Don HateCrime
|
|upkeep
|
|t:|1750867971
|switch|p1a: Don VGC|Incineroar, L50, M|100/100
|switch|p1b: Don Buttons|Miraidon, L50|100/100
|switch|p2b: Incineroar|Incineroar, L50, M|100/100
|-fieldstart|move: Electric Terrain|[from] ability: Hadron Engine|[of] p1b: Don Buttons
|-ability|p1a: Don VGC|Intimidate|boost
|-unboost|p2a: Calyrex|atk|1
|-unboost|p2b: Incineroar|atk|1
|-ability|p2b: Incineroar|Intimidate|boost
|-unboost|p1a: Don VGC|atk|1
|-unboost|p1b: Don Buttons|atk|1
|turn|2
|c|☆Gigugiguleh|ok
|c|☆Gigugiguleh|lol
|
|t:|1750867988
|move|p1a: Don VGC|Fake Out|p2b: Incineroar
|-damage|p2b: Incineroar|95/100
|cant|p2b: Incineroar|flinch
|move|p1b: Don Buttons|Electro Drift|p2a: Calyrex
|-damage|p2a: Calyrex|0 fnt
|faint|p2a: Calyrex
|
|upkeep
|
|t:|1750867991
|switch|p2a: Eternatus|Eternatus, L50|100/100
|-ability|p2a: Eternatus|Pressure
|turn|3
|
|t:|1750868005
|move|p1b: Don Buttons|Electro Drift|p2b: Incineroar
|-damage|p2b: Incineroar|0 fnt
|faint|p2b: Incineroar
|move|p1a: Don VGC|Taunt|p2a: Eternatus
|-start|p2a: Eternatus|move: Taunt
|move|p2a: Eternatus|Dynamax Cannon|p1b: Don Buttons
|-supereffective|p1b: Don Buttons
|-damage|p1b: Don Buttons|0 fnt
|faint|p1b: Don Buttons
|
|upkeep
|turn|4
|
|t:|1750868016
|move|p1a: Don VGC|Knock Off|p2a: Eternatus
|-damage|p2a: Eternatus|80/100
|-enditem|p2a: Eternatus|Power Herb|[from] move: Knock Off|[of] p1a: Don VGC
|move|p2a: Eternatus|Meteor Beam||[still]
|-prepare|p2a: Eternatus|Meteor Beam
|-boost|p2a: Eternatus|spa|1
|
|-sideend|p1: Gigugiguleh|move: Tailwind
|upkeep
|turn|5
|
|t:|1750868027
|move|p2a: Eternatus|Meteor Beam|p1a: Don VGC|[from] lockedmove
|-supereffective|p1a: Don VGC
|-damage|p1a: Don VGC|0 fnt
|faint|p1a: Don VGC
|
|win|CEExy
|raw|Gigugiguleh's rating: 1539 &rarr; <strong>1514</strong><br />(-25 for losing)
|raw|CEExy's rating: 1449 &rarr; <strong>1474</strong><br />(+25 for winning)
|l|☆Gigugiguleh
|player|p1|
