|j|☆Humongousaur
|j|☆tktkkenzoku
|t:|1750861381
|gametype|doubles
|player|p1|Humongousaur|pokemaniac|1409
|player|p2|tktkkenzoku|cynthia|1338
|teamsize|p1|6
|teamsize|p2|6
|gen|9
|tier|[Gen 9] VGC 2025 Reg I
|rated|
|rule|Species Clause: Limit one of each Pokémon
|rule|Item Clause: Limit 1 of each item
|clearpoke
|poke|p1|Lucario, L50, M|
|poke|p1|Calyrex-Shadow, L50|
|poke|p1|Chien-Pao, L50|
|poke|p1|Urshifu-*, L50, M|
|poke|p1|Ogerpon-Cornerstone, L50, F|
|poke|p1|Rillaboom, L50, F|
|poke|p2|Calyrex-Ice, L50|
|poke|p2|Indeedee-F, L50, F|
|poke|p2|Incineroar, L50, F|
|poke|p2|Ursaluna-Bloodmoon, L50, M|
|poke|p2|Lunala, L50|
|poke|p2|Archaludon, L50, M|
|teampreview|4
tktkkenzoku has agreed to open team sheets.
|
|t:|1750861429
|start
|switch|p1a: Lucario|Lucario, L50, M|100/100
|switch|p1b: Chien-Pao|Chien-Pao, L50|100/100
|switch|p2a: Indeedee|Indeedee-F, L50, F|100/100
|switch|p2b: Calyrex|Calyrex-Ice, L50|100/100
|-ability|p2b: Calyrex|As One
|-ability|p2b: Calyrex|Unnerve
|-ability|p1b: Chien-Pao|Sword of Ruin
|-fieldstart|move: Psychic Terrain|[from] ability: Psychic Surge|[of] p2a: Indeedee
|turn|1
|inactive|Battle timer is ON: inactive players will automatically lose when time's up. (requested by tktkkenzoku)
|inactive|Humongousaur has 60 seconds left.
|
|t:|1750861482
|move|p2a: Indeedee|Follow Me|p2a: Indeedee
|-singleturn|p2a: Indeedee|move: Follow Me
|move|p1b: Chien-Pao|Crunch|p2a: Indeedee
|-supereffective|p2a: Indeedee
|-damage|p2a: Indeedee|0 fnt
|-damage|p1b: Chien-Pao|84/100|[from] item: Rocky Helmet|[of] p2a: Indeedee
|faint|p2a: Indeedee
|move|p1a: Lucario|Close Combat|p2b: Calyrex
|-damage|p2b: Calyrex|34/100
|-unboost|p1a: Lucario|def|1
|-unboost|p1a: Lucario|spd|1
|-damage|p1a: Lucario|91/100|[from] item: Life Orb
|move|p2b: Calyrex|Trick Room|p2b: Calyrex
|-fieldstart|move: Trick Room|[of] p2b: Calyrex
|
|upkeep
|
|t:|1750861506
|switch|p2a: Incineroar|Incineroar, L50, F|100/100
|-ability|p2a: Incineroar|Intimidate|boost
|-fail|p1a: Lucario|unboost|Attack|[from] ability: Inner Focus|[of] p1a: Lucario
|-unboost|p1b: Chien-Pao|atk|1
|turn|2
|
|t:|1750861517
|switch|p1b: Rillaboom|Rillaboom, L50, F|100/100
|-fieldstart|move: Grassy Terrain|[from] ability: Grassy Surge|[of] p1b: Rillaboom
|-terastallize|p1a: Lucario|Normal
|move|p1a: Lucario|Extreme Speed|p2b: Calyrex
|-damage|p2b: Calyrex|0 fnt
|faint|p2b: Calyrex
|-damage|p1a: Lucario|82/100|[from] item: Life Orb
|move|p2a: Incineroar|Knock Off|p1b: Rillaboom
|-damage|p1b: Rillaboom|67/100
|-enditem|p1b: Rillaboom|Assault Vest|[from] move: Knock Off|[of] p2a: Incineroar
|
|-heal|p1b: Rillaboom|73/100|[from] Grassy Terrain
|-heal|p1a: Lucario|87/100|[from] Grassy Terrain
|upkeep
|
|t:|1750861531
|switch|p2b: Ursaluna|Ursaluna-Bloodmoon, L50, M|100/100
|turn|3
|
|t:|1750861547
|-terastallize|p2b: Ursaluna|Fairy
|move|p1b: Rillaboom|Fake Out|p2b: Ursaluna
|-damage|p2b: Ursaluna|91/100
|cant|p2b: Ursaluna|flinch
|move|p2a: Incineroar|Knock Off|p1a: Lucario
|-damage|p1a: Lucario|6/100
|-enditem|p1a: Lucario|Life Orb|[from] move: Knock Off|[of] p2a: Incineroar
|move|p1a: Lucario|Close Combat|p2a: Incineroar
|-supereffective|p2a: Incineroar
|-damage|p2a: Incineroar|22/100
|-unboost|p1a: Lucario|def|1
|-unboost|p1a: Lucario|spd|1
|
|-heal|p2b: Ursaluna|97/100|[from] Grassy Terrain
|-heal|p2a: Incineroar|28/100|[from] Grassy Terrain
|-heal|p1b: Rillaboom|79/100|[from] Grassy Terrain
|-heal|p1a: Lucario|11/100|[from] Grassy Terrain
|upkeep
|turn|4
|inactive|Humongousaur has 30 seconds left.
|inactive|Humongousaur has 20 seconds left.
|
|t:|1750861584
|move|p1a: Lucario|Extreme Speed|p2a: Incineroar
|-damage|p2a: Incineroar|0 fnt
|faint|p2a: Incineroar
|move|p2b: Ursaluna|Hyper Voice|p1a: Lucario|[spread] p1a,p1b
|-damage|p1a: Lucario|0 fnt
|-damage|p1b: Rillaboom|31/100
|faint|p1a: Lucario
|-damage|p2b: Ursaluna|87/100|[from] item: Life Orb
|move|p1b: Rillaboom|Drum Beating|p2b: Ursaluna
|-damage|p2b: Ursaluna|53/100
|-unboost|p2b: Ursaluna|spe|1
|
|-heal|p2b: Ursaluna|59/100|[from] Grassy Terrain
|-heal|p1b: Rillaboom|37/100|[from] Grassy Terrain
|upkeep
|
|t:|1750861603
|switch|p1a: Chien-Pao|Chien-Pao, L50|84/100
|-ability|p1a: Chien-Pao|Sword of Ruin
|turn|5
|
|t:|1750861612
|move|p1a: Chien-Pao|Protect|p1a: Chien-Pao
|-singleturn|p1a: Chien-Pao|Protect
|move|p1b: Rillaboom|Grassy Glide|p2b: Ursaluna
|-damage|p2b: Ursaluna|24/100
|move|p2b: Ursaluna|Moonblast|p1a: Chien-Pao
|-activate|p1a: Chien-Pao|move: Protect
|
|-heal|p2b: Ursaluna|30/100|[from] Grassy Terrain
|-heal|p1b: Rillaboom|43/100|[from] Grassy Terrain
|-heal|p1a: Chien-Pao|90/100|[from] Grassy Terrain
|-fieldend|move: Trick Room
|upkeep
|turn|6
|-message|tktkkenzoku forfeited.
|
|win|Humongousaur
|raw|Humongousaur's rating: 1409 &rarr; <strong>1425</strong><br />(+16 for winning)
|raw|tktkkenzoku's rating: 1338 &rarr; <strong>1322</strong><br />(-16 for losing)
|l|☆tktkkenzoku
|player|p2|
|l|☆Humongousaur
|player|p1|
