|j|☆no1anthropocenefan
|j|☆m_griff07
|t:|1750824264
|gametype|doubles
|player|p1|no1anthropocenefan|1|1173
|player|p2|m_griff07|265|1195
|teamsize|p1|6
|teamsize|p2|6
|gen|9
|tier|[Gen 9] VGC 2025 Reg I
|rated|
|rule|Species Clause: Limit one of each Pokémon
|rule|Item Clause: Limit 1 of each item
|clearpoke
|poke|p1|Miraidon, L50|
|poke|p1|Iron Valiant, L50|
|poke|p1|Kyogre, L50|
|poke|p1|Tornadus, L50, M|
|poke|p1|Amoonguss, L50, F|
|poke|p1|Chien-Pao, L50|
|poke|p2|Miraidon, L50|
|poke|p2|Calyrex-Ice, L50|
|poke|p2|Rillaboom, L50, M|
|poke|p2|Incineroar, L50, F|
|poke|p2|Urshifu-*, L50, F|
|poke|p2|Grimmsnarl, L50, M|
|teampreview|4
no1anthropocenefan has agreed to open team sheets.
|inactive|Battle timer is ON: inactive players will automatically lose when time's up. (requested by no1anthropocenefan)
|
|t:|1750824321
|start
|switch|p1a: Iron Valiant|Iron Valiant, L50|100/100
|switch|p1b: Miraidon|Miraidon, L50|100/100
|switch|p2a: Miraidon|Miraidon, L50|100/100
|switch|p2b: Urshifu|Urshifu-Rapid-Strike, L50, F|100/100
|-fieldstart|move: Electric Terrain|[from] ability: Hadron Engine|[of] p2a: Miraidon
|-activate|p1a: Iron Valiant|ability: Quark Drive
|-start|p1a: Iron Valiant|quarkdrivespe
|-activate|p1b: Miraidon|ability: Hadron Engine
|turn|1
|inactive|no1anthropocenefan has 30 seconds left.
|inactive|m_griff07 has 30 seconds left.
|
|t:|1750824353
|move|p1a: Iron Valiant|Spirit Break|p2a: Miraidon
|-supereffective|p2a: Miraidon
|-damage|p2a: Miraidon|24/100
|-unboost|p2a: Miraidon|spa|1
|move|p2b: Urshifu|U-turn|p1a: Iron Valiant
|-resisted|p1a: Iron Valiant
|-damage|p1a: Iron Valiant|92/100
|
|t:|1750824363
|switch|p2b: Rillaboom|Rillaboom, L50, M|100/100|[from] U-turn
|-fieldstart|move: Grassy Terrain|[from] ability: Grassy Surge|[of] p2b: Rillaboom
|-end|p1a: Iron Valiant|Quark Drive
|move|p2a: Miraidon|Volt Switch|p1a: Iron Valiant
|-damage|p1a: Iron Valiant|22/100
|
|t:|1750824380
|switch|p2a: Calyrex|Calyrex-Ice, L50|100/100|[from] Volt Switch
|-ability|p2a: Calyrex|As One
|-ability|p2a: Calyrex|Unnerve
|move|p1b: Miraidon|Volt Switch|p2b: Rillaboom
|-resisted|p2b: Rillaboom
|-damage|p2b: Rillaboom|80/100
|
|t:|1750824389
|switch|p1b: Amoonguss|Amoonguss, L50, F|100/100|[from] Volt Switch
|
|-heal|p1a: Iron Valiant|29/100|[from] Grassy Terrain
|-heal|p2b: Rillaboom|86/100|[from] Grassy Terrain
|upkeep
|turn|2
|
|t:|1750824411
|move|p1b: Amoonguss|Protect|p1b: Amoonguss
|-singleturn|p1b: Amoonguss|Protect
|move|p2a: Calyrex|Protect|p2a: Calyrex
|-singleturn|p2a: Calyrex|Protect
|move|p1a: Iron Valiant|Knock Off|p2a: Calyrex
|-activate|p2a: Calyrex|move: Protect
|move|p2b: Rillaboom|Wood Hammer|p1a: Iron Valiant
|-damage|p1a: Iron Valiant|0 fnt
|faint|p1a: Iron Valiant
|-end|p1a: Iron Valiant|Quark Drive|[silent]
|-damage|p2b: Rillaboom|79/100|[from] Recoil
|
|-heal|p2b: Rillaboom|85/100|[from] Grassy Terrain
|upkeep
|
|t:|1750824421
|switch|p1a: Miraidon|Miraidon, L50|100/100
|-fieldstart|move: Electric Terrain|[from] ability: Hadron Engine|[of] p1a: Miraidon
|turn|3
|
|t:|1750824436
|switch|p2a: Miraidon|Miraidon, L50|24/100
|-activate|p2a: Miraidon|ability: Hadron Engine
|-terastallize|p1a: Miraidon|Electric
|move|p1b: Amoonguss|Rage Powder|p1b: Amoonguss
|-singleturn|p1b: Amoonguss|move: Rage Powder
|move|p1a: Miraidon|Volt Switch|p2a: Miraidon
|-resisted|p2a: Miraidon
|-damage|p2a: Miraidon|0 fnt
|faint|p2a: Miraidon
|
|t:|1750824446
|switch|p1a: Kyogre|Kyogre, L50|100/100|[from] Volt Switch
|-weather|RainDance|[from] ability: Drizzle|[of] p1a: Kyogre
|move|p2b: Rillaboom|U-turn|p1a: Kyogre
|-damage|p1a: Kyogre|81/100
|
|t:|1750824461
|switch|p2b: Calyrex|Calyrex-Ice, L50|100/100|[from] U-turn
|-ability|p2b: Calyrex|As One
|-ability|p2b: Calyrex|Unnerve
|
|-weather|RainDance|[upkeep]
|upkeep
|
|t:|1750824475
|switch|p2a: Urshifu|Urshifu-Rapid-Strike, L50, F|100/100
|turn|4
|inactive|no1anthropocenefan has 30 seconds left.
|
|t:|1750824507
|move|p1b: Amoonguss|Rage Powder|p1b: Amoonguss
|-singleturn|p1b: Amoonguss|move: Rage Powder
|move|p2a: Urshifu|Coaching|p2b: Calyrex
|-boost|p2b: Calyrex|atk|1
|-boost|p2b: Calyrex|def|1
|move|p1a: Kyogre|Thunder|p2a: Urshifu
|-supereffective|p2a: Urshifu
|-damage|p2a: Urshifu|0 fnt
|faint|p2a: Urshifu
|-damage|p1a: Kyogre|71/100|[from] item: Life Orb
|move|p2b: Calyrex|Glacial Lance|p1a: Kyogre|[spread] p1a,p1b
|-resisted|p1a: Kyogre
|-supereffective|p1b: Amoonguss
|-damage|p1a: Kyogre|30/100
|-damage|p1b: Amoonguss|0 fnt
|faint|p1b: Amoonguss
|-ability|p2b: Calyrex|Chilling Neigh|boost
|-boost|p2b: Calyrex|atk|1
|
|-weather|RainDance|[upkeep]
|upkeep
|
|t:|1750824523
|switch|p2a: Rillaboom|Rillaboom, L50, M|85/100
|switch|p1b: Miraidon|Miraidon, L50, tera:Electric|100/100
|-activate|p1b: Miraidon|ability: Hadron Engine
|-fieldstart|move: Grassy Terrain|[from] ability: Grassy Surge|[of] p2a: Rillaboom
|turn|5
|
|t:|1750824538
|move|p2a: Rillaboom|Fake Out|p1b: Miraidon
|-damage|p1b: Miraidon|87/100
|cant|p1b: Miraidon|flinch
|move|p1a: Kyogre|Ice Beam|p2a: Rillaboom
|-supereffective|p2a: Rillaboom
|-damage|p2a: Rillaboom|25/100
|-damage|p1a: Kyogre|21/100|[from] item: Life Orb
|move|p2b: Calyrex|Trick Room|p2b: Calyrex
|-fieldstart|move: Trick Room|[of] p2b: Calyrex
|
|-weather|RainDance|[upkeep]
|-heal|p2a: Rillaboom|30/100|[from] Grassy Terrain
|-heal|p1a: Kyogre|27/100|[from] Grassy Terrain
|-heal|p1b: Miraidon|93/100|[from] Grassy Terrain
|upkeep
|turn|6
|
|t:|1750824552
|move|p2b: Calyrex|Glacial Lance|p1b: Miraidon|[spread] p1a,p1b
|-resisted|p1a: Kyogre
|-damage|p1a: Kyogre|0 fnt
|-damage|p1b: Miraidon|0 fnt
|faint|p1a: Kyogre
|faint|p1b: Miraidon
|
|win|m_griff07
|raw|no1anthropocenefan's rating: 1173 &rarr; <strong>1150</strong><br />(-23 for losing)
|raw|m_griff07's rating: 1195 &rarr; <strong>1218</strong><br />(+23 for winning)
|l|☆no1anthropocenefan
|player|p1|
|c|☆m_griff07|gg
