|j|☆sandstrummie
|j|☆Saltsizzle
|t:|1750863808
|gametype|doubles
|player|p1|sandstrummie|unknown|1504
|player|p2|Saltsizzle|2|1510
|teamsize|p1|6
|teamsize|p2|6
|gen|9
|tier|[Gen 9] VGC 2025 Reg I
|rated|
|rule|Species Clause: Limit one of each Pokémon
|rule|Item Clause: Limit 1 of each item
|clearpoke
|poke|p1|Calyrex-Shadow, L50|
|poke|p1|Zamazenta-*, L50|
|poke|p1|Tyranitar, L50, M|
|poke|p1|Garchomp, L50, M|
|poke|p1|Amoonguss, L50, M|
|poke|p1|Incineroar, L50, F|
|poke|p2|Smeargle, L50, F|
|poke|p2|Calyrex-Ice, L50|
|poke|p2|Eternatus, L50|
|poke|p2|Mimikyu, L50, M|
|poke|p2|Grimmsnarl, L50, M|
|poke|p2|Incineroar, L50, M|
|teampreview|4
|inactive|Battle timer is ON: inactive players will automatically lose when time's up. (requested by Saltsizzle)
|
|t:|1750863833
|start
|switch|p1a: Calyrex|Calyrex-Shadow, L50|100/100
|switch|p1b: Zamazenta|Zamazenta-Crowned, L50|100/100
|switch|p2a: Incineroar|Incineroar, L50, M, shiny|100/100
|switch|p2b: Mimikyu|Mimikyu, L50, M, shiny|100/100
|-ability|p1a: Calyrex|As One
|-ability|p1a: Calyrex|Unnerve
|-ability|p1b: Zamazenta|Dauntless Shield|boost
|-boost|p1b: Zamazenta|def|1
|-ability|p2a: Incineroar|Intimidate|boost
|-unboost|p1a: Calyrex|atk|1
|-unboost|p1b: Zamazenta|atk|1
|turn|1
|
|t:|1750863857
|-terastallize|p1a: Calyrex|Dark
|move|p2a: Incineroar|Fake Out|p1b: Zamazenta
|-resisted|p1b: Zamazenta
|-damage|p1b: Zamazenta|99/100
|move|p1a: Calyrex|Astral Barrage|p2a: Incineroar|[spread] p2a,p2b
|-resisted|p2a: Incineroar
|-crit|p2a: Incineroar
|-damage|p2a: Incineroar|70/100
|-activate|p2b: Mimikyu|ability: Disguise
|-damage|p2b: Mimikyu|100/100
|detailschange|p2b: Mimikyu|Mimikyu-Busted, L50, M, shiny
|-damage|p2b: Mimikyu|88/100|[from] pokemon: Mimikyu-Busted
|cant|p1b: Zamazenta|flinch
|move|p2b: Mimikyu|Trick Room|p2b: Mimikyu
|-fieldstart|move: Trick Room|[of] p2b: Mimikyu
|
|upkeep
|turn|2
|inactive|Saltsizzle has 30 seconds left.
|inactive|Saltsizzle has 20 seconds left.
|
|t:|1750863894
|move|p2a: Incineroar|U-turn|p1a: Calyrex
|-supereffective|p1a: Calyrex
|-damage|p1a: Calyrex|63/100
|
|t:|1750863898
|switch|p2a: Eternatus|Eternatus, L50|100/100|[from] U-turn
|-ability|p2a: Eternatus|Pressure
|move|p2b: Mimikyu|Curse|p1b: Zamazenta
|-start|p1b: Zamazenta|Curse|[of] p2b: Mimikyu
|-damage|p2b: Mimikyu|38/100
|move|p1b: Zamazenta|Body Press|p2a: Eternatus
|-resisted|p2a: Eternatus
|-damage|p2a: Eternatus|77/100
|move|p1a: Calyrex|Astral Barrage|p2a: Eternatus|[spread] p2a,p2b
|-supereffective|p2b: Mimikyu
|-damage|p2a: Eternatus|36/100
|-damage|p2b: Mimikyu|0 fnt
|faint|p2b: Mimikyu
|-ability|p1a: Calyrex|Grim Neigh|boost
|-boost|p1a: Calyrex|spa|1
|
|-heal|p2a: Eternatus|42/100|[from] item: Black Sludge
|-damage|p1b: Zamazenta|74/100|[from] Curse
|upkeep
|inactive|Saltsizzle has 30 seconds left.
|
|t:|1750863925
|switch|p2b: Incineroar|Incineroar, L50, M, shiny|70/100
|-ability|p2b: Incineroar|Intimidate|boost
|-unboost|p1a: Calyrex|atk|1
|-unboost|p1b: Zamazenta|atk|1
|turn|3
|
|t:|1750863936
|move|p1a: Calyrex|Protect|p1a: Calyrex
|-singleturn|p1a: Calyrex|Protect
|move|p2b: Incineroar|Fake Out|p1a: Calyrex
|-activate|p1a: Calyrex|move: Protect
|move|p2a: Eternatus|Flamethrower|p1b: Zamazenta
|-supereffective|p1b: Zamazenta
|-damage|p1b: Zamazenta|30/100
|move|p1b: Zamazenta|Body Press|p2b: Incineroar
|-supereffective|p2b: Incineroar
|-damage|p2b: Incineroar|0 fnt
|faint|p2b: Incineroar
|
|-heal|p2a: Eternatus|48/100|[from] item: Black Sludge
|-damage|p1b: Zamazenta|6/100|[from] Curse
|upkeep
|
|t:|1750863947
|switch|p2b: Calyrex|Calyrex-Ice, L50|100/100
|-ability|p2b: Calyrex|As One
|-ability|p2b: Calyrex|Unnerve
|turn|4
|
|t:|1750863960
|move|p1b: Zamazenta|Wide Guard|p1b: Zamazenta
|-singleturn|p1b: Zamazenta|Wide Guard
|move|p2b: Calyrex|High Horsepower|p1a: Calyrex
|-damage|p1a: Calyrex|25/100
|move|p2a: Eternatus|Flamethrower|p1a: Calyrex
|-damage|p1a: Calyrex|0 fnt
|faint|p1a: Calyrex
|
|-heal|p2a: Eternatus|54/100|[from] item: Black Sludge
|-damage|p1b: Zamazenta|0 fnt|[from] Curse
|faint|p1b: Zamazenta
|upkeep
|
|t:|1750863969
|switch|p1b: Garchomp|Garchomp, L50, M|100/100
|switch|p1a: Tyranitar|Tyranitar, L50, M|100/100
|-weather|Sandstorm|[from] ability: Sand Stream|[of] p1a: Tyranitar
|turn|5
|inactive|Saltsizzle has 30 seconds left.
|
|t:|1750864000
|move|p2a: Eternatus|Protect|p2a: Eternatus
|-singleturn|p2a: Eternatus|Protect
|move|p2b: Calyrex|Glacial Lance|p1a: Tyranitar|[spread] p1a,p1b
|-crit|p1a: Tyranitar
|-supereffective|p1b: Garchomp
|-damage|p1a: Tyranitar|46/100
|-damage|p1b: Garchomp|0 fnt
|faint|p1b: Garchomp
|-ability|p2b: Calyrex|Chilling Neigh|boost
|-boost|p2b: Calyrex|atk|1
|move|p1a: Tyranitar|Knock Off|p2b: Calyrex
|-supereffective|p2b: Calyrex
|-damage|p2b: Calyrex|37/100
|-enditem|p2b: Calyrex|Clear Amulet|[from] move: Knock Off|[of] p1a: Tyranitar
|
|-weather|Sandstorm|[upkeep]
|-damage|p2b: Calyrex|31/100|[from] Sandstorm
|-damage|p2a: Eternatus|48/100|[from] Sandstorm
|-heal|p2a: Eternatus|54/100|[from] item: Black Sludge
|-fieldend|move: Trick Room
|upkeep
|turn|6
|
|t:|1750864014
|move|p2b: Calyrex|Protect|p2b: Calyrex
|-singleturn|p2b: Calyrex|Protect
|move|p2a: Eternatus|Toxic|p1a: Tyranitar
|-status|p1a: Tyranitar|tox
|move|p1a: Tyranitar|Rock Slide|p2b: Calyrex|[spread] p2a
|-activate|p2b: Calyrex|move: Protect
|-damage|p2a: Eternatus|34/100
|
|-weather|Sandstorm|[upkeep]
|-damage|p2a: Eternatus|28/100|[from] Sandstorm
|-damage|p2b: Calyrex|25/100|[from] Sandstorm
|-heal|p2a: Eternatus|34/100|[from] item: Black Sludge
|-damage|p1a: Tyranitar|41/100 tox|[from] psn
|upkeep
|turn|7
|inactive|Saltsizzle has 30 seconds left.
|
|t:|1750864041
|move|p2a: Eternatus|Flamethrower|p1a: Tyranitar
|-resisted|p1a: Tyranitar
|-damage|p1a: Tyranitar|34/100 tox
|move|p1a: Tyranitar|Rock Slide|p2a: Eternatus|[spread] p2a,p2b
|-supereffective|p2b: Calyrex
|-damage|p2a: Eternatus|15/100
|-damage|p2b: Calyrex|0 fnt
|faint|p2b: Calyrex
|
|-weather|Sandstorm|[upkeep]
|-damage|p2a: Eternatus|9/100|[from] Sandstorm
|-heal|p2a: Eternatus|15/100|[from] item: Black Sludge
|-damage|p1a: Tyranitar|23/100 tox|[from] psn
|upkeep
|turn|8
|
|t:|1750864062
|move|p2a: Eternatus|Protect|p2a: Eternatus
|-singleturn|p2a: Eternatus|Protect
|move|p1a: Tyranitar|Low Kick|p2a: Eternatus
|-activate|p2a: Eternatus|move: Protect
|
|-weather|Sandstorm|[upkeep]
|-damage|p2a: Eternatus|9/100|[from] Sandstorm
|-heal|p2a: Eternatus|15/100|[from] item: Black Sludge
|-damage|p1a: Tyranitar|5/100 tox|[from] psn
|upkeep
|turn|9
|
|t:|1750864070
|move|p2a: Eternatus|Flamethrower|p1a: Tyranitar
|-resisted|p1a: Tyranitar
|-damage|p1a: Tyranitar|0 fnt
|faint|p1a: Tyranitar
|
|win|Saltsizzle
|raw|sandstrummie's rating: 1504 &rarr; <strong>1484</strong><br />(-20 for losing)
|raw|Saltsizzle's rating: 1510 &rarr; <strong>1530</strong><br />(+20 for winning)
|l|☆sandstrummie
|player|p1|
|l|☆Saltsizzle
|player|p2|
