|j|☆ArazetHD
|j|☆little haemorrhoid
|t:|1750773905
|gametype|doubles
|player|p1|ArazetHD|hilbert-wonderlauncher|1244
|player|p2|little haemorrhoid|101|1326
|teamsize|p1|6
|teamsize|p2|6
|gen|9
|tier|[Gen 9] VGC 2025 Reg I
|rated|
|rule|Species Clause: Limit one of each Pokémon
|rule|Item Clause: Limit 1 of each item
|clearpoke
|poke|p1|Koraidon, L50|
|poke|p1|Lunala, L50|
|poke|p1|Chi-Yu, L50|
|poke|p1|Ursaluna, L50, F|
|poke|p1|Brute Bonnet, L50|
|poke|p1|Flutter Mane, L50|
|poke|p2|Incineroar, L50, M|
|poke|p2|Flutter Mane, L50|
|poke|p2|Landorus, L50, M|
|poke|p2|Miraidon, L50|
|poke|p2|Koraidon, L50|
|poke|p2|Drifblim, L50, M|
|teampreview|4
|inactive|Battle timer is ON: inactive players will automatically lose when time's up. (requested by ArazetHD)
|inactive|little haemorrhoid has 60 seconds left.
|
|t:|1750773966
|start
|switch|p1a: Koraidon|Koraidon, L50|100/100
|switch|p1b: Flutter Mane|Flutter Mane, L50|100/100
|switch|p2a: Flutter Mane|Flutter Mane, L50|100/100
|switch|p2b: Koraidon|Koraidon, L50|100/100
|-weather|SunnyDay|[from] ability: Orichalcum Pulse|[of] p2b: Koraidon
|-activate|p2a: Flutter Mane|ability: Protosynthesis
|-start|p2a: Flutter Mane|protosynthesisspe
|-activate|p1b: Flutter Mane|ability: Protosynthesis
|-start|p1b: Flutter Mane|protosynthesisspe
|-activate|p2b: Koraidon|Orichalcum Pulse|[source]
|-activate|p1a: Koraidon|ability: Orichalcum Pulse
|turn|1
|c|☆little haemorrhoid|lol
|inactive|ArazetHD has 30 seconds left.
|inactive|little haemorrhoid has 30 seconds left.
|c|☆ArazetHD|smart minds think alike
|inactive|ArazetHD has 20 seconds left.
|
|t:|1750774006
|-terastallize|p1b: Flutter Mane|Normal
|move|p1a: Koraidon|Protect|p1a: Koraidon
|-singleturn|p1a: Koraidon|Protect
|move|p2b: Koraidon|Protect|p2b: Koraidon
|-singleturn|p2b: Koraidon|Protect
|move|p1b: Flutter Mane|Icy Wind|p2b: Koraidon|[spread] p2a
|-activate|p2b: Koraidon|move: Protect
|-damage|p2a: Flutter Mane|86/100
|-unboost|p2a: Flutter Mane|spe|1
|move|p2a: Flutter Mane|Icy Wind|p1a: Koraidon|[spread] p1b
|-activate|p1a: Koraidon|move: Protect
|-damage|p1b: Flutter Mane|84/100
|-unboost|p1b: Flutter Mane|spe|1
|
|-weather|SunnyDay|[upkeep]
|upkeep
|turn|2
|c|☆little haemorrhoid|thats fucking ridiuclous hahaha
|c|☆ArazetHD|LMFAOOO
|c|☆ArazetHD|LMFAOOOOOOOOOOOO
|c|☆little haemorrhoid|call it a draw?
|c|☆ArazetHD|nah lets play it
|c|☆ArazetHD|its funny
|inactive|ArazetHD has 30 seconds left.
|inactive|little haemorrhoid has 30 seconds left.
|inactive|ArazetHD has 20 seconds left.
|c|☆little haemorrhoid|that is wild though man
|inactive|ArazetHD has 15 seconds left.
|c|☆ArazetHD|ong
|c|☆little haemorrhoid|I've never seen that in my life
|c|☆ArazetHD|never happened to me before
|inactive|ArazetHD has 10 seconds left.
|c|☆ArazetHD|same here
|
|t:|1750774054
|switch|p1a: Lunala|Lunala, L50|100/100
|move|p1b: Flutter Mane|Moonblast|p2b: Koraidon
|-supereffective|p2b: Koraidon
|-damage|p2b: Koraidon|0 fnt
|faint|p2b: Koraidon
|move|p2a: Flutter Mane|Icy Wind|p1b: Flutter Mane|[spread] p1a,p1b
|-damage|p1a: Lunala|95/100
|-damage|p1b: Flutter Mane|67/100
|-unboost|p1a: Lunala|spe|1
|-unboost|p1b: Flutter Mane|spe|1
|
|-weather|SunnyDay|[upkeep]
|upkeep
|c|☆little haemorrhoid|And I've played VGC since 2012
|c|☆ArazetHD|damnnn
|c|☆ArazetHD|youre a vet
|c|☆little haemorrhoid|well I took an extended break
|c|☆ArazetHD|i have been playing casually since summer last year
|inactive|little haemorrhoid has 30 seconds left.
|
|t:|1750774080
|switch|p2b: Incineroar|Incineroar, L50, M|100/100
|-ability|p2b: Incineroar|Intimidate|boost
|-unboost|p1a: Lunala|atk|1
|-unboost|p1b: Flutter Mane|atk|1
|turn|3
|c|☆ArazetHD|im a zoomer LOL
|inactive|ArazetHD has 30 seconds left.
|c|☆little haemorrhoid|hey we can't control when we're born
|inactive|ArazetHD has 20 seconds left.
|c|☆ArazetHD|yuh
|inactive|ArazetHD has 15 seconds left.
|c|☆little haemorrhoid|I am still so shook by that lead and turn 1 though
|inactive|ArazetHD has 10 seconds left.
|c|☆ArazetHD|hahaha
|inactive|ArazetHD has 5 seconds left.
|
|t:|1750774131
|-end|p1b: Flutter Mane|Protosynthesis|[silent]
|switch|p1b: Ursaluna|Ursaluna, L50, F|100/100
|switch|p1a: Koraidon|Koraidon, L50|100/100
|-activate|p1a: Koraidon|ability: Orichalcum Pulse
|move|p2a: Flutter Mane|Shadow Ball|p1b: Ursaluna
|-immune|p1b: Ursaluna
|move|p2b: Incineroar|Knock Off|p1a: Koraidon
|-resisted|p1a: Koraidon
|-damage|p1a: Koraidon|83/100
|-enditem|p1a: Koraidon|Life Orb|[from] move: Knock Off|[of] p2b: Incineroar
|
|-weather|SunnyDay|[upkeep]
|-status|p1b: Ursaluna|brn|[from] item: Flame Orb
|upkeep
|turn|4
|inactive|ArazetHD has 30 seconds left.
|inactive|little haemorrhoid has 30 seconds left.
|
|t:|1750774161
|move|p1a: Koraidon|Protect|p1a: Koraidon
|-singleturn|p1a: Koraidon|Protect
|move|p2a: Flutter Mane|Moonblast|p1b: Ursaluna
|-damage|p1b: Ursaluna|47/100 brn
|move|p2b: Incineroar|Flare Blitz|p1b: Ursaluna
|-damage|p1b: Ursaluna|0 fnt
|faint|p1b: Ursaluna
|-damage|p2b: Incineroar|84/100|[from] Recoil
|
|-weather|SunnyDay|[upkeep]
|upkeep
|
|t:|1750774170
|switch|p1b: Flutter Mane|Flutter Mane, L50, tera:Normal|67/100
|-activate|p1b: Flutter Mane|ability: Protosynthesis
|-start|p1b: Flutter Mane|protosynthesisspe
|turn|5
|inactive|little haemorrhoid has 30 seconds left.
|
|t:|1750774195
|-terastallize|p2b: Incineroar|Ghost
|move|p1b: Flutter Mane|Shadow Ball|p2a: Flutter Mane
|-supereffective|p2a: Flutter Mane
|-damage|p2a: Flutter Mane|0 fnt
|faint|p2a: Flutter Mane
|-end|p2a: Flutter Mane|Protosynthesis|[silent]
|move|p1a: Koraidon|Flame Charge|p2b: Incineroar
|-damage|p2b: Incineroar|54/100
|-boost|p1a: Koraidon|spe|1
|move|p2b: Incineroar|Flare Blitz|p1b: Flutter Mane
|-damage|p1b: Flutter Mane|0 fnt
|faint|p1b: Flutter Mane
|-end|p1b: Flutter Mane|Protosynthesis|[silent]
|-damage|p2b: Incineroar|39/100|[from] Recoil
|
|-weather|none
|upkeep
|
|t:|1750774209
|switch|p2a: Miraidon|Miraidon, L50|100/100
|switch|p1b: Lunala|Lunala, L50|95/100
|-fieldstart|move: Electric Terrain|[from] ability: Hadron Engine|[of] p2a: Miraidon
|turn|6
|inactive|ArazetHD has 30 seconds left.
|inactive|ArazetHD has 20 seconds left.
|inactive|ArazetHD has 15 seconds left.
|
|t:|1750774251
|move|p1a: Koraidon|Close Combat|p2a: Miraidon
|-damage|p2a: Miraidon|32/100
|-unboost|p1a: Koraidon|def|1
|-unboost|p1a: Koraidon|spd|1
|move|p2a: Miraidon|Electro Drift|p1b: Lunala
|-damage|p1b: Lunala|0 fnt
|faint|p1b: Lunala
|move|p2b: Incineroar|Knock Off|p1a: Koraidon
|-resisted|p1a: Koraidon
|-damage|p1a: Koraidon|66/100
|
|upkeep
|turn|7
|c|☆little haemorrhoid|gg
|c|☆little haemorrhoid|can't win don't think
|inactive|ArazetHD has 30 seconds left.
|c|☆ArazetHD|im so paranoid
|inactive|ArazetHD has 20 seconds left.
|inactive|ArazetHD has 15 seconds left.
|c|☆ArazetHD|idk if cc drops are gonna get me to knock off range
|c|☆ArazetHD|prob not
|c|☆ArazetHD|but stil
|inactive|ArazetHD has 10 seconds left.
|
|t:|1750774296
|move|p1a: Koraidon|Close Combat|p2a: Miraidon
|-damage|p2a: Miraidon|0 fnt
|-unboost|p1a: Koraidon|def|1
|-unboost|p1a: Koraidon|spd|1
|faint|p2a: Miraidon
|move|p2b: Incineroar|Flare Blitz|p1a: Koraidon
|-resisted|p1a: Koraidon
|-damage|p1a: Koraidon|22/100
|-damage|p2b: Incineroar|26/100|[from] Recoil
|
|upkeep
|turn|8
|c|☆little haemorrhoid|if sun was up I'd have won but alas
|
|t:|1750774316
|move|p1a: Koraidon|Flare Blitz|p2b: Incineroar
|-damage|p2b: Incineroar|0 fnt
|faint|p2b: Incineroar
|-damage|p1a: Koraidon|12/100|[from] Recoil
|
|win|ArazetHD
|raw|ArazetHD's rating: 1244 &rarr; <strong>1275</strong><br />(+31 for winning)
|raw|little haemorrhoid's rating: 1326 &rarr; <strong>1301</strong><br />(-25 for losing)
|c|☆little haemorrhoid|gg
|c|☆ArazetHD|maybe
|c|☆ArazetHD|ggs
|c|☆ArazetHD|that was the funniest turn 1 and 2 i ever had
