|j|☆A Regu1ar Guy
|j|☆eriksp
|t:|1750712343
|gametype|doubles
|player|p1|A Regu1ar Guy|elesa|1715
|player|p2|eriksp|calem-masters|1671
|teamsize|p1|6
|teamsize|p2|6
|gen|9
|tier|[Gen 9] VGC 2025 Reg I
|rated|
|rule|Species Clause: Limit one of each Pokémon
|rule|Item Clause: Limit 1 of each item
|clearpoke
|poke|p1|Calyrex-Shadow, L50|
|poke|p1|Zamazenta-*, L50|
|poke|p1|Chien-Pao, L50|
|poke|p1|Rillaboom, L50, M|
|poke|p1|Raging Bolt, L50|
|poke|p1|Ogerpon-Hearthflame, L50, F|
|poke|p2|Calyrex-Ice, L50|
|poke|p2|Miraidon, L50|
|poke|p2|Volcarona, L50, M|
|poke|p2|Iron Hands, L50|
|poke|p2|Grimmsnarl, L50, M|
|poke|p2|Incineroar, L50, F|
|teampreview|4
eriksp has agreed to open team sheets.
|j| ThatHorseTho
|
|t:|1750712355
|start
|switch|p1a: Rillaboom|Rillaboom, L50, M|100/100
|switch|p1b: Ogerpon|Ogerpon-Hearthflame, L50, F|100/100
|switch|p2a: Grimmsnarl|Grimmsnarl, L50, M|100/100
|switch|p2b: Volcarona|Volcarona, L50, M, shiny|100/100
|-ability|p1b: Ogerpon|Mold Breaker
|-fieldstart|move: Grassy Terrain|[from] ability: Grassy Surge|[of] p1a: Rillaboom
|turn|1
|
|t:|1750712360
|switch|p2b: Miraidon|Miraidon, L50|100/100
|-fieldstart|move: Electric Terrain|[from] ability: Hadron Engine|[of] p2b: Miraidon
|move|p1a: Rillaboom|Fake Out|p2a: Grimmsnarl
|-crit|p2a: Grimmsnarl
|-damage|p2a: Grimmsnarl|79/100
|cant|p2a: Grimmsnarl|flinch
|move|p1b: Ogerpon|Ivy Cudgel|p2a: Grimmsnarl|[anim] Ivy Cudgel Fire
|-crit|p2a: Grimmsnarl
|-damage|p2a: Grimmsnarl|0 fnt
|faint|p2a: Grimmsnarl
|
|upkeep
|
|t:|1750712374
|switch|p2a: Volcarona|Volcarona, L50, M, shiny|100/100
|turn|2
|
|t:|1750712378
|move|p1b: Ogerpon|Spiky Shield|p1b: Ogerpon
|-singleturn|p1b: Ogerpon|move: Protect
|move|p2b: Miraidon|Draco Meteor|p1b: Ogerpon
|-activate|p1b: Ogerpon|move: Protect
|move|p2a: Volcarona|Quiver Dance|p2a: Volcarona
|-boost|p2a: Volcarona|spa|1
|-boost|p2a: Volcarona|spd|1
|-boost|p2a: Volcarona|spe|1
|move|p1a: Rillaboom|U-turn|p2b: Miraidon
|-damage|p2b: Miraidon|77/100
|
|t:|1750712393
|switch|p1a: Calyrex|Calyrex-Shadow, L50|100/100|[from] U-turn
|-ability|p1a: Calyrex|As One
|-ability|p1a: Calyrex|Unnerve
|
|upkeep
|turn|3
|
|t:|1750712407
|switch|p1b: Rillaboom|Rillaboom, L50, M|100/100
|-fieldstart|move: Grassy Terrain|[from] ability: Grassy Surge|[of] p1b: Rillaboom
|move|p2a: Volcarona|Struggle Bug|p1b: Rillaboom|[spread] p1a,p1b
|-supereffective|p1b: Rillaboom
|-damage|p1a: Calyrex|75/100
|-damage|p1b: Rillaboom|66/100
|-unboost|p1a: Calyrex|spa|1
|-unboost|p1b: Rillaboom|spa|1
|move|p1a: Calyrex|Astral Barrage|p2b: Miraidon|[spread] p2a,p2b
|-damage|p2a: Volcarona|80/100
|-damage|p2b: Miraidon|41/100
|move|p2b: Miraidon|Draco Meteor|p1b: Rillaboom
|-damage|p1b: Rillaboom|0 fnt
|-unboost|p2b: Miraidon|spa|2
|faint|p1b: Rillaboom
|
|-heal|p2a: Volcarona|86/100|[from] Grassy Terrain
|-heal|p2a: Volcarona|92/100|[from] item: Leftovers
|-heal|p1a: Calyrex|81/100|[from] Grassy Terrain
|-heal|p2b: Miraidon|47/100|[from] Grassy Terrain
|upkeep
|
|t:|1750712409
|switch|p1b: Ogerpon|Ogerpon-Hearthflame, L50, F|100/100
|-ability|p1b: Ogerpon|Mold Breaker
|turn|4
|
|t:|1750712428
|switch|p1a: Zamazenta|Zamazenta-Crowned, L50|100/100
|-ability|p1a: Zamazenta|Dauntless Shield|boost
|-boost|p1a: Zamazenta|def|1
|-terastallize|p1b: Ogerpon|Fire
|detailschange|p1b: Ogerpon|Ogerpon-Hearthflame-Tera, L50, F, tera:Fire
|-ability|p1b: Ogerpon|Embody Aspect (Hearthflame)|boost
|-boost|p1b: Ogerpon|atk|1
|move|p2a: Volcarona|Protect|p2a: Volcarona
|-singleturn|p2a: Volcarona|Protect
|move|p2b: Miraidon|Draco Meteor|p1a: Zamazenta
|-resisted|p1a: Zamazenta
|-damage|p1a: Zamazenta|80/100
|-unboost|p2b: Miraidon|spa|2
|move|p1b: Ogerpon|Ivy Cudgel|p2a: Volcarona|[anim] Ivy Cudgel Fire
|-activate|p2a: Volcarona|move: Protect
|
|-heal|p2a: Volcarona|98/100|[from] Grassy Terrain
|-heal|p2a: Volcarona|100/100|[from] item: Leftovers
|-heal|p2b: Miraidon|53/100|[from] Grassy Terrain
|-heal|p1a: Zamazenta|87/100|[from] Grassy Terrain
|upkeep
|turn|5
|
|t:|1750712439
|switch|p2b: Calyrex|Calyrex-Ice, L50|100/100
|-ability|p2b: Calyrex|As One
|-ability|p2b: Calyrex|Unnerve
|-terastallize|p2a: Volcarona|Dragon
|move|p2a: Volcarona|Fiery Dance|p1a: Zamazenta
|-supereffective|p1a: Zamazenta
|-damage|p1a: Zamazenta|9/100
|move|p1a: Zamazenta|Body Press|p2b: Calyrex
|-damage|p2b: Calyrex|53/100
|move|p1b: Ogerpon|Ivy Cudgel|p2a: Volcarona|[anim] Ivy Cudgel Fire
|-resisted|p2a: Volcarona
|-damage|p2a: Volcarona|37/100
|
|-heal|p2a: Volcarona|44/100|[from] Grassy Terrain
|-heal|p2a: Volcarona|50/100|[from] item: Leftovers
|-heal|p1a: Zamazenta|15/100|[from] Grassy Terrain
|-heal|p2b: Calyrex|58/100|[from] Grassy Terrain
|upkeep
|turn|6
|
|t:|1750712463
|move|p2a: Volcarona|Protect|p2a: Volcarona
|-singleturn|p2a: Volcarona|Protect
|move|p1a: Zamazenta|Protect|p1a: Zamazenta
|-singleturn|p1a: Zamazenta|Protect
|move|p1b: Ogerpon|Ivy Cudgel|p2a: Volcarona|[anim] Ivy Cudgel Fire
|-activate|p2a: Volcarona|move: Protect
|move|p2b: Calyrex|High Horsepower|p1b: Ogerpon
|-supereffective|p1b: Ogerpon
|-damage|p1b: Ogerpon|18/100
|
|-heal|p2a: Volcarona|56/100|[from] Grassy Terrain
|-heal|p2a: Volcarona|62/100|[from] item: Leftovers
|-heal|p1a: Zamazenta|21/100|[from] Grassy Terrain
|-heal|p1b: Ogerpon|24/100|[from] Grassy Terrain
|-heal|p2b: Calyrex|64/100|[from] Grassy Terrain
|upkeep
|turn|7
|
|t:|1750712480
|move|p2a: Volcarona|Fiery Dance|p1b: Ogerpon
|-resisted|p1b: Ogerpon
|-damage|p1b: Ogerpon|0 fnt
|-boost|p2a: Volcarona|spa|1
|faint|p1b: Ogerpon
|detailschange|p1: Ogerpon|Ogerpon-Hearthflame, L50, F|[silent]
|move|p1a: Zamazenta|Body Press|p2b: Calyrex
|-damage|p2b: Calyrex|23/100
|move|p2b: Calyrex|High Horsepower|p1a: Zamazenta
|-supereffective|p1a: Zamazenta
|-damage|p1a: Zamazenta|0 fnt
|faint|p1a: Zamazenta
|-ability|p2b: Calyrex|Chilling Neigh|boost
|-boost|p2b: Calyrex|atk|1
|
|-heal|p2a: Volcarona|69/100|[from] Grassy Terrain
|-heal|p2a: Volcarona|75/100|[from] item: Leftovers
|-heal|p2b: Calyrex|29/100|[from] Grassy Terrain
|-fieldend|move: Grassy Terrain
|upkeep
|
|t:|1750712483
|switch|p1b: Calyrex|Calyrex-Shadow, L50|81/100
|-ability|p1b: Calyrex|As One
|-ability|p1b: Calyrex|Unnerve
|turn|8
|-message|A Regu1ar Guy forfeited.
|
|win|eriksp
|raw|A Regu1ar Guy's rating: 1715 &rarr; <strong>1692</strong><br />(-23 for losing)
|raw|eriksp's rating: 1671 &rarr; <strong>1694</strong><br />(+23 for winning)
|l|☆A Regu1ar Guy
|player|p1|
|c|☆eriksp|gg
|l| ThatHorseTho
|l|☆eriksp
|player|p2|
