|j|☆doofusburger666
|j|☆Binccc
|t:|1750847856
|gametype|doubles
|player|p1|doofusburger666|101|1382
|player|p2|Binccc|pokekid|1287
|teamsize|p1|6
|teamsize|p2|6
|gen|9
|tier|[Gen 9] VGC 2025 Reg I
|rated|
|rule|Species Clause: Limit one of each Pokémon
|rule|Item Clause: Limit 1 of each item
|clearpoke
|poke|p1|Koraidon, L50|
|poke|p1|Miraidon, L50|
|poke|p1|Raging Bolt, L50|
|poke|p1|Flutter Mane, L50|
|poke|p1|Iron Hands, L50|
|poke|p1|Tornadus, L50, M|
|poke|p2|Koraidon, L50|
|poke|p2|Reshiram, L50|
|poke|p2|Flutter Mane, L50|
|poke|p2|Swampert, L50, M|
|poke|p2|Ogerpon-Hearthflame, L50, F|
|poke|p2|Whimsicott, L50, F|
|teampreview|4
|inactive|Battle timer is ON: inactive players will automatically lose when time's up. (requested by Binccc)
|
|t:|1750847883
|start
|switch|p1a: Miraidon|Miraidon, L50|100/100
|switch|p1b: Iron Hands|Iron Hands, L50|100/100
|switch|p2a: Flutter Mane|Flutter Mane, L50|100/100
|switch|p2b: Koraidon|Koraidon, L50|100/100
|-fieldstart|move: Electric Terrain|[from] ability: Hadron Engine|[of] p1a: Miraidon
|-activate|p1b: Iron Hands|ability: Quark Drive
|-start|p1b: Iron Hands|quarkdrivedef
|-enditem|p1b: Iron Hands|Electric Seed
|-boost|p1b: Iron Hands|def|1|[from] item: Electric Seed
|-weather|SunnyDay|[from] ability: Orichalcum Pulse|[of] p2b: Koraidon
|-activate|p2a: Flutter Mane|ability: Protosynthesis
|-start|p2a: Flutter Mane|protosynthesisspe
|-activate|p2b: Koraidon|Orichalcum Pulse|[source]
|turn|1
|
|t:|1750847904
|switch|p2b: Swampert|Swampert, L50, M|100/100
|-terastallize|p1a: Miraidon|Fairy
|move|p1b: Iron Hands|Fake Out|p2b: Swampert
|-damage|p2b: Swampert|89/100
|move|p2a: Flutter Mane|Icy Wind|p1b: Iron Hands|[spread] p1a,p1b
|-damage|p1a: Miraidon|88/100
|-damage|p1b: Iron Hands|85/100
|-unboost|p1a: Miraidon|spe|1
|-unboost|p1b: Iron Hands|spe|1
|move|p1a: Miraidon|Dazzling Gleam|p2a: Flutter Mane|[spread] p2a,p2b
|-damage|p2a: Flutter Mane|47/100
|-damage|p2b: Swampert|49/100
|
|-weather|SunnyDay|[upkeep]
|upkeep
|turn|2
|
|t:|1750847927
|move|p2b: Swampert|Protect|p2b: Swampert
|-singleturn|p2b: Swampert|Protect
|move|p2a: Flutter Mane|Icy Wind|p1a: Miraidon|[spread] p1a,p1b
|-damage|p1a: Miraidon|75/100
|-damage|p1b: Iron Hands|71/100
|-unboost|p1a: Miraidon|spe|1
|-unboost|p1b: Iron Hands|spe|1
|move|p1a: Miraidon|Dazzling Gleam|p2a: Flutter Mane|[spread] p2a
|-activate|p2b: Swampert|move: Protect
|-damage|p2a: Flutter Mane|0 fnt
|faint|p2a: Flutter Mane
|-end|p2a: Flutter Mane|Protosynthesis|[silent]
|move|p1b: Iron Hands|Drain Punch|p2b: Swampert
|-activate|p2b: Swampert|move: Protect
|
|-weather|SunnyDay|[upkeep]
|upkeep
|
|t:|1750847942
|switch|p2a: Koraidon|Koraidon, L50|100/100
|-activate|p2a: Koraidon|ability: Orichalcum Pulse
|turn|3
|
|t:|1750847952
|move|p2a: Koraidon|Flare Blitz|p1a: Miraidon
|-damage|p1a: Miraidon|0 fnt
|faint|p1a: Miraidon
|-damage|p2a: Koraidon|78/100|[from] Recoil
|move|p2b: Swampert|High Horsepower|p1b: Iron Hands
|-supereffective|p1b: Iron Hands
|-damage|p1b: Iron Hands|49/100
|move|p1b: Iron Hands|Drain Punch|p2b: Swampert
|-damage|p2b: Swampert|15/100
|-heal|p1b: Iron Hands|63/100|[from] drain|[of] p2b: Swampert
|
|-weather|SunnyDay|[upkeep]
|upkeep
|
|t:|1750847966
|switch|p1a: Raging Bolt|Raging Bolt, L50|100/100
|-activate|p1a: Raging Bolt|ability: Protosynthesis
|-start|p1a: Raging Bolt|protosynthesisspa
|turn|4
|
|t:|1750847981
|switch|p2b: Reshiram|Reshiram, L50|100/100
|-ability|p2b: Reshiram|Turboblaze
|move|p2a: Koraidon|Flare Blitz|p1b: Iron Hands
|-damage|p1b: Iron Hands|40/100
|-damage|p2a: Koraidon|69/100|[from] Recoil
|move|p1a: Raging Bolt|Rising Voltage|p2a: Koraidon
|-hint|Rising Voltage's BP doubled on grounded target.
|-resisted|p2a: Koraidon
|-damage|p2a: Koraidon|16/100
|move|p1b: Iron Hands|Drain Punch|p2b: Reshiram
|-damage|p2b: Reshiram|67/100
|-heal|p1b: Iron Hands|53/100|[from] drain|[of] p2b: Reshiram
|
|-weather|SunnyDay|[upkeep]
|upkeep
|turn|5
|
|t:|1750848002
|switch|p2a: Swampert|Swampert, L50, M|15/100
|-terastallize|p2b: Reshiram|Fire
|move|p1a: Raging Bolt|Thunderclap||[still]
|-fail|p1a: Raging Bolt
|move|p2b: Reshiram|Heat Wave|p1a: Raging Bolt|[spread] p1a,p1b
|-resisted|p1a: Raging Bolt
|-damage|p1a: Raging Bolt|70/100
|-damage|p1b: Iron Hands|0 fnt
|faint|p1b: Iron Hands
|-end|p1b: Iron Hands|Quark Drive|[silent]
|-damage|p2b: Reshiram|58/100|[from] item: Life Orb
|
|-weather|none
|-end|p1a: Raging Bolt|Protosynthesis
|-fieldend|move: Electric Terrain
|upkeep
|
|t:|1750848014
|switch|p1b: Koraidon|Koraidon, L50|100/100
|-weather|SunnyDay|[from] ability: Orichalcum Pulse|[of] p1b: Koraidon
|-activate|p1a: Raging Bolt|ability: Protosynthesis
|-start|p1a: Raging Bolt|protosynthesisspa
|-activate|p1b: Koraidon|Orichalcum Pulse|[source]
|turn|6
|inactive|doofusburger666 has 30 seconds left.
|
|t:|1750848048
|move|p1a: Raging Bolt|Thunderclap|p2b: Reshiram
|-damage|p2b: Reshiram|17/100
|move|p1b: Koraidon|Collision Course|p2a: Swampert
|-damage|p2a: Swampert|0 fnt
|faint|p2a: Swampert
|move|p2b: Reshiram|Earth Power|p1a: Raging Bolt
|-supereffective|p1a: Raging Bolt
|-damage|p1a: Raging Bolt|21/100
|-unboost|p1a: Raging Bolt|spd|1
|-damage|p2b: Reshiram|7/100|[from] item: Life Orb
|
|-weather|SunnyDay|[upkeep]
|upkeep
|
|t:|1750848056
|switch|p2a: Koraidon|Koraidon, L50|16/100
|-activate|p2a: Koraidon|ability: Orichalcum Pulse
|turn|7
|
|t:|1750848068
|move|p2b: Reshiram|Protect|p2b: Reshiram
|-singleturn|p2b: Reshiram|Protect
|move|p1a: Raging Bolt|Thunderclap|p2a: Koraidon
|-resisted|p2a: Koraidon
|-damage|p2a: Koraidon|0 fnt
|faint|p2a: Koraidon
|move|p1b: Koraidon|Breaking Swipe|p2b: Reshiram
|-activate|p2b: Reshiram|move: Protect
|
|-weather|SunnyDay|[upkeep]
|upkeep
|turn|8
|-message|Binccc forfeited.
|
|win|doofusburger666
|raw|doofusburger666's rating: 1382 &rarr; <strong>1397</strong><br />(+15 for winning)
|raw|Binccc's rating: 1287 &rarr; <strong>1269</strong><br />(-18 for losing)
|l|☆Binccc
|player|p2|
|l|☆doofusburger666
|player|p1|
