|j|☆worenpeace
|j|☆Admiralstalin
|t:|1750727859
|gametype|doubles
|player|p1|worenpeace|2|1206
|player|p2|Admiralstalin|cynthia|1191
|teamsize|p1|6
|teamsize|p2|6
|gen|9
|tier|[Gen 9] VGC 2025 Reg I
|rated|
|rule|Species Clause: Limit one of each Pokémon
|rule|Item Clause: Limit 1 of each item
|clearpoke
|poke|p1|Zamazenta-*, L50|
|poke|p1|Miraidon, L50|
|poke|p1|Incineroar, L50, F|
|poke|p1|Whimsicott, L50, F|
|poke|p1|Landorus, L50, M|
|poke|p1|Grimmsnarl, L50, M|
|poke|p2|Swampert, L50, F|
|poke|p2|Koraidon, L50|
|poke|p2|Calyrex-Shadow, L50|
|poke|p2|Flutter Mane, L50|
|poke|p2|Whimsicott, L50, F|
|poke|p2|Ogerpon-Hearthflame, L50, F|
|teampreview|4
|inactive|Battle timer is ON: inactive players will automatically lose when time's up. (requested by Admiralstalin)
|
|t:|1750727886
|start
|switch|p1a: Zamazenta|Zamazenta-Crowned, L50|100/100
|switch|p1b: Miraidon|Miraidon, L50|100/100
|switch|p2a: Swampert|Swampert, L50, F|100/100
|switch|p2b: Calyrex|Calyrex-Shadow, L50|100/100
|-ability|p2b: Calyrex|As One
|-ability|p2b: Calyrex|Unnerve
|-fieldstart|move: Electric Terrain|[from] ability: Hadron Engine|[of] p1b: Miraidon
|-ability|p1a: Zamazenta|Dauntless Shield|boost
|-boost|p1a: Zamazenta|def|1
|turn|1
|
|t:|1750727909
|move|p2b: Calyrex|Protect|p2b: Calyrex
|-singleturn|p2b: Calyrex|Protect
|move|p1a: Zamazenta|Wide Guard|p1a: Zamazenta
|-singleturn|p1a: Zamazenta|Wide Guard
|move|p1b: Miraidon|Volt Switch|p2b: Calyrex
|-activate|p2b: Calyrex|move: Protect
|move|p2a: Swampert|High Horsepower|p1b: Miraidon
|-supereffective|p1b: Miraidon
|-damage|p1b: Miraidon|34/100
|
|upkeep
|turn|2
|
|t:|1750727934
|move|p1a: Zamazenta|Wide Guard|p1a: Zamazenta
|-singleturn|p1a: Zamazenta|Wide Guard
|move|p2b: Calyrex|Nasty Plot|p2b: Calyrex
|-boost|p2b: Calyrex|spa|2
|move|p1b: Miraidon|Volt Switch|p2b: Calyrex
|-enditem|p2b: Calyrex|Focus Sash
|-damage|p2b: Calyrex|1/100
|
|t:|1750727945
|switch|p1b: Landorus|Landorus, L50, M|100/100|[from] Volt Switch
|move|p2a: Swampert|High Horsepower|p1b: Landorus
|-immune|p1b: Landorus
|
|upkeep
|turn|3
|
|t:|1750727963
|switch|p1a: Incineroar|Incineroar, L50, F, shiny|100/100
|-ability|p1a: Incineroar|Intimidate|boost
|-fail|p2a: Swampert|unboost|[from] item: Clear Amulet|[of] p2a: Swampert
|-unboost|p2b: Calyrex|atk|1
|move|p1b: Landorus|Earth Power|p2b: Calyrex
|-damage|p2b: Calyrex|0 fnt
|faint|p2b: Calyrex
|move|p2a: Swampert|Liquidation|p1b: Landorus
|-supereffective|p1b: Landorus
|-damage|p1b: Landorus|27/100
|
|upkeep
|
|t:|1750727980
|switch|p2b: Flutter Mane|Flutter Mane, L50|100/100
|-enditem|p2b: Flutter Mane|Booster Energy
|-activate|p2b: Flutter Mane|ability: Protosynthesis|[fromitem]
|-start|p2b: Flutter Mane|protosynthesisspe
|turn|4
|inactive|worenpeace has 30 seconds left.
|
|t:|1750728006
|-terastallize|p1a: Incineroar|Water
|move|p2b: Flutter Mane|Protect|p2b: Flutter Mane
|-singleturn|p2b: Flutter Mane|Protect
|move|p2a: Swampert|Protect|p2a: Swampert
|-singleturn|p2a: Swampert|Protect
|move|p1b: Landorus|Earth Power|p2b: Flutter Mane
|-activate|p2b: Flutter Mane|move: Protect
|move|p1a: Incineroar|Knock Off|p2b: Flutter Mane
|-activate|p2b: Flutter Mane|move: Protect
|
|upkeep
|turn|5
|
|t:|1750728028
|switch|p1b: Miraidon|Miraidon, L50|34/100
|-activate|p1b: Miraidon|ability: Hadron Engine
|move|p2b: Flutter Mane|Moonblast|p1a: Incineroar
|-damage|p1a: Incineroar|53/100
|move|p2a: Swampert|Liquidation|p1b: Miraidon
|-resisted|p1b: Miraidon
|-damage|p1b: Miraidon|17/100
|move|p1a: Incineroar|Flare Blitz|p2b: Flutter Mane
|-damage|p2b: Flutter Mane|0 fnt
|faint|p2b: Flutter Mane
|-end|p2b: Flutter Mane|Protosynthesis|[silent]
|-damage|p1a: Incineroar|32/100|[from] Recoil
|
|-fieldend|move: Electric Terrain
|upkeep
|
|t:|1750728034
|switch|p2b: Koraidon|Koraidon, L50|100/100
|-weather|SunnyDay|[from] ability: Orichalcum Pulse|[of] p2b: Koraidon
|-activate|p2b: Koraidon|Orichalcum Pulse|[source]
|turn|6
|
|t:|1750728053
|switch|p1a: Landorus|Landorus, L50, M|27/100
|move|p2b: Koraidon|Protect|p2b: Koraidon
|-singleturn|p2b: Koraidon|Protect
|move|p1b: Miraidon|Dazzling Gleam|p2b: Koraidon|[spread] p2a
|-activate|p2b: Koraidon|move: Protect
|-damage|p2a: Swampert|77/100
|move|p2a: Swampert|High Horsepower|p1b: Miraidon
|-supereffective|p1b: Miraidon
|-damage|p1b: Miraidon|0 fnt
|faint|p1b: Miraidon
|
|-weather|SunnyDay|[upkeep]
|upkeep
|
|t:|1750728068
|switch|p1b: Incineroar|Incineroar, L50, F, shiny, tera:Water|32/100
|-ability|p1b: Incineroar|Intimidate|boost
|-fail|p2a: Swampert|unboost|[from] item: Clear Amulet|[of] p2a: Swampert
|-unboost|p2b: Koraidon|atk|1
|turn|7
|inactive|worenpeace has 30 seconds left.
|
|t:|1750728095
|move|p1a: Landorus|Psychic|p2b: Koraidon
|-supereffective|p2b: Koraidon
|-damage|p2b: Koraidon|19/100
|move|p2b: Koraidon|Collision Course|p1b: Incineroar
|-damage|p1b: Incineroar|0 fnt
|faint|p1b: Incineroar
|-damage|p2b: Koraidon|10/100|[from] item: Life Orb
|move|p2a: Swampert|Liquidation|p1a: Landorus
|-supereffective|p1a: Landorus
|-damage|p1a: Landorus|0 fnt
|faint|p1a: Landorus
|
|-weather|SunnyDay|[upkeep]
|upkeep
|
|t:|1750728110
|switch|p1a: Zamazenta|Zamazenta-Crowned, L50|100/100
|turn|8
|
|t:|1750728118
|-terastallize|p2b: Koraidon|Fire
|move|p2b: Koraidon|Flare Blitz|p1a: Zamazenta
|-supereffective|p1a: Zamazenta
|-damage|p1a: Zamazenta|0 fnt
|faint|p1a: Zamazenta
|-damage|p2b: Koraidon|0 fnt|[from] Recoil
|faint|p2b: Koraidon
|
|win|Admiralstalin
|raw|worenpeace's rating: 1206 &rarr; <strong>1180</strong><br />(-26 for losing)
|raw|Admiralstalin's rating: 1191 &rarr; <strong>1217</strong><br />(+26 for winning)
|l|☆worenpeace
|player|p1|
