|j|☆odin25dlg
|j|☆FlyingDingo
|t:|1750712296
|gametype|doubles
|player|p1|odin25dlg|2|1461
|player|p2|FlyingDingo|hilda-wonderlauncher|1496
|teamsize|p1|6
|teamsize|p2|6
|gen|9
|tier|[Gen 9] VGC 2025 Reg I
|rated|
|rule|Species Clause: Limit one of each Pokémon
|rule|Item Clause: Limit 1 of each item
|clearpoke
|poke|p1|Calyrex-Shadow, L50|
|poke|p1|Miraidon, L50|
|poke|p1|Incineroar, L50, M|
|poke|p1|Whimsicott, L50, M|
|poke|p1|Urshifu-*, L50, F|
|poke|p1|Ogerpon-Hearthflame, L50, F|
|poke|p2|Giratina-Origin, L50|
|poke|p2|Kleavor, L50, M|
|poke|p2|Zamazenta-*, L50|
|poke|p2|Rillaboom, L50, F|
|poke|p2|Chi-Yu, L50|
|poke|p2|Urshifu-*, L50, F|
|teampreview|4
|inactive|Battle timer is ON: inactive players will automatically lose when time's up. (requested by odin25dlg)
|
|t:|1750712314
|start
|switch|p1a: Whimsicott|Whimsicott, L50, M|100/100
|switch|p1b: Miraidon|Miraidon, L50|100/100
|switch|p2a: Giratina|Giratina-Origin, L50|100/100
|switch|p2b: Kleavor|Kleavor, L50, M|100/100
|-fieldstart|move: Electric Terrain|[from] ability: Hadron Engine|[of] p1b: Miraidon
|turn|1
|inactive|odin25dlg has 30 seconds left.
|
|t:|1750712340
|move|p1b: Miraidon|Volt Switch|p2b: Kleavor
|-enditem|p2b: Kleavor|Focus Sash
|-damage|p2b: Kleavor|1/100
|
|t:|1750712345
|switch|p1b: Ogerpon|Ogerpon-Hearthflame, L50, F|100/100|[from] Volt Switch
|-ability|p1b: Ogerpon|Mold Breaker
|move|p2b: Kleavor|Tailwind|p2b: Kleavor
|-sidestart|p2: FlyingDingo|move: Tailwind
|move|p2a: Giratina|Poltergeist|p1b: Ogerpon
|-activate|p1b: Ogerpon|move: Poltergeist|Hearthflame Mask
|-damage|p1b: Ogerpon|13/100
|move|p1a: Whimsicott|Moonblast|p2a: Giratina
|-supereffective|p2a: Giratina
|-damage|p2a: Giratina|65/100
|
|upkeep
|turn|2
|inactive|odin25dlg has 30 seconds left.
|
|t:|1750712370
|move|p1b: Ogerpon|Spiky Shield|p1b: Ogerpon
|-singleturn|p1b: Ogerpon|move: Protect
|move|p2a: Giratina|Shadow Sneak|p1b: Ogerpon
|-activate|p1b: Ogerpon|move: Protect
|-damage|p2a: Giratina|52/100|[from] Spiky Shield|[of] p1b: Ogerpon
|move|p1a: Whimsicott|Encore|p2b: Kleavor
|-start|p2b: Kleavor|Encore
|move|p2b: Kleavor|Tailwind||[still]
|-fail|p2b: Kleavor
|
|upkeep
|turn|3
|
|t:|1750712388
|switch|p2b: Chi-Yu|Chi-Yu, L50|100/100
|-ability|p2b: Chi-Yu|Beads of Ruin
|switch|p1b: Miraidon|Miraidon, L50|100/100
|-activate|p1b: Miraidon|ability: Hadron Engine
|move|p2a: Giratina|Shadow Sneak|p1b: Miraidon
|-damage|p1b: Miraidon|71/100
|move|p1a: Whimsicott|Encore|p2a: Giratina
|-start|p2a: Giratina|Encore
|
|upkeep
|turn|4
|inactive|FlyingDingo has 30 seconds left.
|
|t:|1750712418
|-terastallize|p1b: Miraidon|Fairy
|move|p2a: Giratina|Shadow Sneak|p1b: Miraidon
|-damage|p1b: Miraidon|45/100
|move|p1a: Whimsicott|Tailwind|p1a: Whimsicott
|-sidestart|p1: odin25dlg|move: Tailwind
|move|p2b: Chi-Yu|Heat Wave|p1a: Whimsicott|[spread] p1a,p1b
|-supereffective|p1a: Whimsicott
|-damage|p1a: Whimsicott|0 fnt
|-damage|p1b: Miraidon|0 fnt
|faint|p1a: Whimsicott
|faint|p1b: Miraidon
|
|-sideend|p2: FlyingDingo|move: Tailwind
|upkeep
|
|t:|1750712427
|switch|p1b: Ogerpon|Ogerpon-Hearthflame, L50, F|13/100
|switch|p1a: Calyrex|Calyrex-Shadow, L50|100/100
|-ability|p1a: Calyrex|As One
|-ability|p1a: Calyrex|Unnerve
|-ability|p1b: Ogerpon|Mold Breaker
|turn|5
|
|t:|1750712447
|move|p1b: Ogerpon|Spiky Shield|p1b: Ogerpon
|-singleturn|p1b: Ogerpon|move: Protect
|move|p2a: Giratina|Shadow Sneak|p1a: Calyrex
|-supereffective|p1a: Calyrex
|-enditem|p1a: Calyrex|Focus Sash
|-damage|p1a: Calyrex|1/100
|move|p1a: Calyrex|Astral Barrage|p2a: Giratina|[spread] p2a,p2b
|-supereffective|p2a: Giratina
|-resisted|p2b: Chi-Yu
|-damage|p2a: Giratina|0 fnt
|-damage|p2b: Chi-Yu|71/100
|faint|p2a: Giratina
|-ability|p1a: Calyrex|Grim Neigh|boost
|-boost|p1a: Calyrex|spa|1
|move|p2b: Chi-Yu|Heat Wave|p1a: Calyrex|[spread] p1a
|-activate|p1b: Ogerpon|move: Protect
|-damage|p1a: Calyrex|0 fnt
|faint|p1a: Calyrex
|
|-fieldend|move: Electric Terrain
|upkeep
|-message|odin25dlg forfeited.
|
|win|FlyingDingo
|raw|odin25dlg's rating: 1461 &rarr; <strong>1443</strong><br />(-18 for losing)
|raw|FlyingDingo's rating: 1496 &rarr; <strong>1514</strong><br />(+18 for winning)
|l|☆odin25dlg
|player|p1|
