|j|☆ArtiskFox
|j|☆Funti
|t:|1750827194
|gametype|doubles
|player|p1|ArtiskFox|170|1369
|player|p2|Funti|265|1414
|teamsize|p1|6
|teamsize|p2|6
|gen|9
|tier|[Gen 9] VGC 2025 Reg I
|rated|
|rule|Species Clause: Limit one of each Pokémon
|rule|Item Clause: Limit 1 of each item
|clearpoke
|poke|p1|Ho-Oh, L50|
|poke|p1|Miraidon, L50|
|poke|p1|Incineroar, L50, M|
|poke|p1|Chien-Pao, L50|
|poke|p1|Iron Hands, L50|
|poke|p1|Iron Valiant, L50|
|poke|p2|Miraidon, L50|
|poke|p2|Koraidon, L50|
|poke|p2|Iron Bundle, L50|
|poke|p2|Flutter Mane, L50|
|poke|p2|Clefairy, L50, F|
|poke|p2|Incineroar, L50, M|
|teampreview|4
|
|t:|1750827232
|start
|switch|p1a: Incineroar|Incineroar, L50, M|100/100
|switch|p1b: Miraidon|Miraidon, L50|100/100
|switch|p2a: Miraidon|Miraidon, L50|100/100
|switch|p2b: Iron Bundle|Iron Bundle, L50|100/100
|-fieldstart|move: Electric Terrain|[from] ability: Hadron Engine|[of] p2a: Miraidon
|-activate|p2b: Iron Bundle|ability: Quark Drive
|-start|p2b: Iron Bundle|quarkdrivespe
|-activate|p1b: Miraidon|ability: Hadron Engine
|-ability|p1a: Incineroar|Intimidate|boost
|-unboost|p2a: Miraidon|atk|1
|-unboost|p2b: Iron Bundle|atk|1
|turn|1
|inactive|Battle timer is ON: inactive players will automatically lose when time's up. (requested by Funti)
|inactive|ArtiskFox has 60 seconds left.
|
|t:|1750827275
|-terastallize|p1b: Miraidon|Fairy
|move|p2a: Miraidon|Protect|p2a: Miraidon
|-singleturn|p2a: Miraidon|Protect
|move|p1a: Incineroar|Fake Out|p2b: Iron Bundle
|-damage|p2b: Iron Bundle|88/100
|move|p2b: Iron Bundle|Icy Wind|p1a: Incineroar|[spread] p1a,p1b
|-resisted|p1a: Incineroar
|-damage|p1a: Incineroar|92/100
|-damage|p1b: Miraidon|83/100
|-unboost|p1a: Incineroar|spe|1
|-unboost|p1b: Miraidon|spe|1
|move|p1b: Miraidon|Dazzling Gleam|p2b: Iron Bundle|[spread] p2b
|-activate|p2a: Miraidon|move: Protect
|-damage|p2b: Iron Bundle|0 fnt
|faint|p2b: Iron Bundle
|-end|p2b: Iron Bundle|Quark Drive|[silent]
|
|upkeep
|
|t:|1750827294
|switch|p2b: Koraidon|Koraidon, L50|100/100
|-weather|SunnyDay|[from] ability: Orichalcum Pulse|[of] p2b: Koraidon
|-activate|p2b: Koraidon|Orichalcum Pulse|[source]
|turn|2
|
|t:|1750827309
|switch|p1b: Iron Hands|Iron Hands, L50|100/100
|-activate|p1b: Iron Hands|ability: Quark Drive
|-start|p1b: Iron Hands|quarkdriveatk
|move|p2b: Koraidon|Close Combat|p1a: Incineroar
|-supereffective|p1a: Incineroar
|-damage|p1a: Incineroar|0 fnt
|-unboost|p2b: Koraidon|def|1
|-unboost|p2b: Koraidon|spd|1
|-damage|p2b: Koraidon|84/100|[from] item: Rocky Helmet|[of] p1a: Incineroar
|faint|p1a: Incineroar
|move|p2a: Miraidon|Electro Drift|p1b: Iron Hands
|-resisted|p1b: Iron Hands
|-damage|p1b: Iron Hands|72/100
|-damage|p2a: Miraidon|91/100|[from] item: Life Orb
|
|-weather|SunnyDay|[upkeep]
|upkeep
|
|t:|1750827317
|switch|p1a: Ho-Oh|Ho-Oh, L50|100/100
|turn|3
|
|t:|1750827339
|-terastallize|p2b: Koraidon|Ghost
|move|p2a: Miraidon|Protect|p2a: Miraidon
|-singleturn|p2a: Miraidon|Protect
|move|p1b: Iron Hands|Fake Out|p2a: Miraidon
|-activate|p2a: Miraidon|move: Protect
|move|p2b: Koraidon|Close Combat|p1b: Iron Hands
|-damage|p1b: Iron Hands|0 fnt
|-unboost|p2b: Koraidon|def|1
|-unboost|p2b: Koraidon|spd|1
|faint|p1b: Iron Hands
|-end|p1b: Iron Hands|Quark Drive|[silent]
|move|p1a: Ho-Oh|Tailwind|p1a: Ho-Oh
|-sidestart|p1: ArtiskFox|move: Tailwind
|
|-weather|SunnyDay|[upkeep]
|upkeep
|
|t:|1750827344
|switch|p1b: Miraidon|Miraidon, L50, tera:Fairy|83/100
|-activate|p1b: Miraidon|ability: Hadron Engine
|turn|4
|inactive|Funti has 30 seconds left.
|
|t:|1750827374
|switch|p2a: Flutter Mane|Flutter Mane, L50|100/100
|-activate|p2a: Flutter Mane|ability: Protosynthesis
|-start|p2a: Flutter Mane|protosynthesisspe
|move|p1b: Miraidon|Dazzling Gleam|p2b: Koraidon|[spread] p2a,p2b
|-damage|p2a: Flutter Mane|30/100
|-damage|p2b: Koraidon|0 fnt
|faint|p2b: Koraidon
|move|p1a: Ho-Oh|Brave Bird|p2a: Flutter Mane
|-damage|p2a: Flutter Mane|0 fnt
|faint|p2a: Flutter Mane
|-end|p2a: Flutter Mane|Protosynthesis|[silent]
|-damage|p1a: Ho-Oh|94/100|[from] Recoil
|
|-weather|SunnyDay|[upkeep]
|upkeep
|
|t:|1750827385
|switch|p2a: Miraidon|Miraidon, L50|91/100
|-activate|p2a: Miraidon|ability: Hadron Engine
|turn|5
|
|t:|1750827391
|move|p2a: Miraidon|Protect|p2a: Miraidon
|-singleturn|p2a: Miraidon|Protect
|move|p1b: Miraidon|Dazzling Gleam|p2a: Miraidon
|-activate|p2a: Miraidon|move: Protect
|move|p1a: Ho-Oh|Brave Bird|p2a: Miraidon
|-activate|p2a: Miraidon|move: Protect
|
|-weather|SunnyDay|[upkeep]
|-fieldend|move: Electric Terrain
|upkeep
|turn|6
|
|t:|1750827401
|move|p2a: Miraidon|Protect|p2a: Miraidon
|-singleturn|p2a: Miraidon|Protect
|move|p1b: Miraidon|Dazzling Gleam|p2a: Miraidon
|-activate|p2a: Miraidon|move: Protect
|move|p1a: Ho-Oh|Brave Bird|p2a: Miraidon
|-activate|p2a: Miraidon|move: Protect
|
|-weather|none
|-sideend|p1: ArtiskFox|move: Tailwind
|upkeep
|turn|7
|
|t:|1750827406
|move|p2a: Miraidon|Electro Drift|p1b: Miraidon
|-damage|p1b: Miraidon|30/100
|-damage|p2a: Miraidon|81/100|[from] item: Life Orb
|move|p1b: Miraidon|Dazzling Gleam|p2a: Miraidon
|-supereffective|p2a: Miraidon
|-damage|p2a: Miraidon|0 fnt
|faint|p2a: Miraidon
|
|win|ArtiskFox
|raw|ArtiskFox's rating: 1369 &rarr; <strong>1392</strong><br />(+23 for winning)
|raw|Funti's rating: 1414 &rarr; <strong>1391</strong><br />(-23 for losing)
|l|☆ArtiskFox
|player|p1|
|l|☆Funti
|player|p2|
