|j|☆Brucs
|j|☆Feeling Fantastic
|t:|1750768474
|gametype|doubles
|player|p1|Brucs|steven|1597
|player|p2|Feeling Fantastic|ghetsis|1521
|teamsize|p1|6
|teamsize|p2|6
|gen|9
|tier|[Gen 9] VGC 2025 Reg I
|rated|
|rule|Species Clause: Limit one of each Pokémon
|rule|Item Clause: Limit 1 of each item
|clearpoke
|poke|p1|Dragonite, L50, M|
|poke|p1|Chien-Pao, L50|
|poke|p1|Incineroar, L50, M|
|poke|p1|Zamazenta-*, L50|
|poke|p1|Calyrex-Shadow, L50|
|poke|p1|Indeedee-F, L50, F|
|poke|p2|Calyrex-Shadow, L50|
|poke|p2|Koraidon, L50|
|poke|p2|Incineroar, L50, M|
|poke|p2|Iron Treads, L50|
|poke|p2|Amoonguss, L50, M|
|poke|p2|Walking Wake, L50|
|teampreview|4
|inactive|Battle timer is ON: inactive players will automatically lose when time's up. (requested by Brucs)
|inactive|Feeling Fantastic has 60 seconds left.
|inactive|Feeling Fantastic has 30 seconds left.
|inactive|Feeling Fantastic has 20 seconds left.
|inactive|Feeling Fantastic has 15 seconds left.
|inactive|Feeling Fantastic has 10 seconds left.
|
|t:|1750768555
|start
|switch|p1a: Calyrex|Calyrex-Shadow, L50|100/100
|switch|p1b: Indeedee|Indeedee-F, L50, F|100/100
|switch|p2a: Koraidon|Koraidon, L50|100/100
|switch|p2b: Walking Wake|Walking Wake, L50|100/100
|-ability|p1a: Calyrex|As One
|-ability|p1a: Calyrex|Unnerve
|-weather|SunnyDay|[from] ability: Orichalcum Pulse|[of] p2a: Koraidon
|-activate|p2b: Walking Wake|ability: Protosynthesis
|-start|p2b: Walking Wake|protosynthesisspe
|-activate|p2a: Koraidon|Orichalcum Pulse|[source]
|-fieldstart|move: Psychic Terrain|[from] ability: Psychic Surge|[of] p1b: Indeedee
|turn|1
|inactive|Brucs has 30 seconds left.
|
|t:|1750768588
|-terastallize|p1a: Calyrex|Water
|move|p2a: Koraidon|Protect|p2a: Koraidon
|-singleturn|p2a: Koraidon|Protect
|move|p2b: Walking Wake|Snarl|p1b: Indeedee|[spread] p1a,p1b
|-supereffective|p1b: Indeedee
|-damage|p1a: Calyrex|88/100
|-damage|p1b: Indeedee|72/100
|-unboost|p1a: Calyrex|spa|1
|-unboost|p1b: Indeedee|spa|1
|move|p1a: Calyrex|Expanding Force|p2b: Walking Wake|[spread] p2b
|-activate|p2a: Koraidon|move: Protect
|-damage|p2b: Walking Wake|55/100
|-damage|p1a: Calyrex|78/100|[from] item: Life Orb
|move|p1b: Indeedee|Trick Room|p1b: Indeedee
|-fieldstart|move: Trick Room|[of] p1b: Indeedee
|
|-weather|SunnyDay|[upkeep]
|upkeep
|turn|2
|inactive|Feeling Fantastic has 30 seconds left.
|
|t:|1750768615
|switch|p2a: Calyrex|Calyrex-Shadow, L50|100/100
|-ability|p2a: Calyrex|As One
|-ability|p2a: Calyrex|Unnerve
|-end|p2b: Walking Wake|Protosynthesis|[silent]
|switch|p2b: Incineroar|Incineroar, L50, M|100/100
|-ability|p2b: Incineroar|Intimidate|boost
|-unboost|p1a: Calyrex|atk|1
|-unboost|p1b: Indeedee|atk|1
|move|p1b: Indeedee|Follow Me|p1b: Indeedee
|-singleturn|p1b: Indeedee|move: Follow Me
|move|p1a: Calyrex|Expanding Force|p2b: Incineroar|[spread] p2a
|-immune|p2b: Incineroar
|-resisted|p2a: Calyrex
|-damage|p2a: Calyrex|71/100
|-damage|p1a: Calyrex|69/100|[from] item: Life Orb
|
|-weather|SunnyDay|[upkeep]
|upkeep
|turn|3
|inactive|Feeling Fantastic has 30 seconds left.
|inactive|Feeling Fantastic has 20 seconds left.
|inactive|Feeling Fantastic has 15 seconds left.
|inactive|Feeling Fantastic has 10 seconds left.
|
|t:|1750768662
|switch|p1a: Incineroar|Incineroar, L50, M|100/100
|-ability|p1a: Incineroar|Intimidate|boost
|-unboost|p2a: Calyrex|atk|1
|-unboost|p2b: Incineroar|atk|1
|move|p2a: Calyrex|Protect|p2a: Calyrex
|-singleturn|p2a: Calyrex|Protect
|move|p2b: Incineroar|Knock Off|p1b: Indeedee
|-supereffective|p1b: Indeedee
|-damage|p1b: Indeedee|21/100
|-enditem|p1b: Indeedee|Safety Goggles|[from] move: Knock Off|[of] p2b: Incineroar
|move|p1b: Indeedee|Psychic|p2a: Calyrex
|-activate|p2a: Calyrex|move: Protect
|
|-weather|SunnyDay|[upkeep]
|upkeep
|turn|4
|inactive|Brucs has 30 seconds left.
|
|t:|1750768688
|switch|p1b: Zamazenta|Zamazenta-Crowned, L50|100/100
|-ability|p1b: Zamazenta|Dauntless Shield|boost
|-boost|p1b: Zamazenta|def|1
|switch|p2a: Koraidon|Koraidon, L50|100/100
|-activate|p2a: Koraidon|ability: Orichalcum Pulse
|move|p2b: Incineroar|Parting Shot|p1a: Incineroar
|-unboost|p1a: Incineroar|atk|1
|-unboost|p1a: Incineroar|spa|1
|
|t:|1750768700
|switch|p2b: Calyrex|Calyrex-Shadow, L50|71/100|[from] Parting Shot
|-ability|p2b: Calyrex|As One
|-ability|p2b: Calyrex|Unnerve
|move|p1a: Incineroar|Knock Off|p2a: Koraidon
|-resisted|p2a: Koraidon
|-damage|p2a: Koraidon|86/100
|-enditem|p2a: Koraidon|Clear Amulet|[from] move: Knock Off|[of] p1a: Incineroar
|
|-weather|SunnyDay|[upkeep]
|upkeep
|turn|5
|inactive|Brucs has 30 seconds left.
|inactive|Feeling Fantastic has 30 seconds left.
|inactive|Brucs has 20 seconds left.
|
|t:|1750768737
|switch|p1a: Calyrex|Calyrex-Shadow, L50, tera:Water|69/100
|-ability|p1a: Calyrex|As One
|-ability|p1a: Calyrex|Unnerve
|switch|p2a: Incineroar|Incineroar, L50, M|100/100
|-ability|p2a: Incineroar|Intimidate|boost
|-unboost|p1a: Calyrex|atk|1
|-unboost|p1b: Zamazenta|atk|1
|move|p2b: Calyrex|Protect|p2b: Calyrex
|-singleturn|p2b: Calyrex|Protect
|move|p1b: Zamazenta|Body Press|p2a: Incineroar
|-supereffective|p2a: Incineroar
|-damage|p2a: Incineroar|0 fnt
|faint|p2a: Incineroar
|
|-weather|none
|-fieldend|move: Trick Room
|-fieldend|move: Psychic Terrain
|upkeep
|
|t:|1750768752
|switch|p2a: Koraidon|Koraidon, L50|86/100
|-weather|SunnyDay|[from] ability: Orichalcum Pulse|[of] p2a: Koraidon
|-activate|p2a: Koraidon|Orichalcum Pulse|[source]
|turn|6
|
|t:|1750768773
|switch|p2a: Walking Wake|Walking Wake, L50|55/100
|-activate|p2a: Walking Wake|ability: Protosynthesis
|-start|p2a: Walking Wake|protosynthesisspe
|move|p1a: Calyrex|Astral Barrage|p2a: Walking Wake|[spread] p2a,p2b
|-supereffective|p2b: Calyrex
|-damage|p2a: Walking Wake|2/100
|-damage|p2b: Calyrex|0 fnt
|faint|p2b: Calyrex
|-ability|p1a: Calyrex|Grim Neigh|boost
|-boost|p1a: Calyrex|spa|1
|-damage|p1a: Calyrex|59/100|[from] item: Life Orb
|move|p1b: Zamazenta|Body Press|p2a: Walking Wake
|-damage|p2a: Walking Wake|0 fnt
|faint|p2a: Walking Wake
|-end|p2a: Walking Wake|Protosynthesis|[silent]
|
|-weather|SunnyDay|[upkeep]
|upkeep
|-message|Feeling Fantastic forfeited.
|
|win|Brucs
|raw|Brucs's rating: 1597 &rarr; <strong>1613</strong><br />(+16 for winning)
|raw|Feeling Fantastic's rating: 1521 &rarr; <strong>1505</strong><br />(-16 for losing)
|l|☆Brucs
|player|p1|
|l|☆Feeling Fantastic
|player|p2|
