|j|☆shush slushie
|j|☆TotallyNotAutistic
|t:|1750816410
|gametype|doubles
|player|p1|shush slushie|skierf|1170
|player|p2|TotallyNotAutistic|1|1152
|teamsize|p1|6
|teamsize|p2|6
|gen|9
|tier|[Gen 9] VGC 2025 Reg I
|rated|
|rule|Species Clause: Limit one of each Pokémon
|rule|Item Clause: Limit 1 of each item
|clearpoke
|poke|p1|Calyrex-Ice, L50|
|poke|p1|Avalugg, L50, F|
|poke|p1|Ninetales-Alola, L50, F|
|poke|p1|Kyurem-White, L50|
|poke|p1|Chien-Pao, L50|
|poke|p1|Articuno, L50|
|poke|p2|Reshiram, L50|
|poke|p2|Malamar, L50, M|
|poke|p2|Miraidon, L50|
|poke|p2|Farigiraf, L50, M|
|poke|p2|Iron Hands, L50|
|poke|p2|Gastrodon, L50, F|
|teampreview|4
|
|t:|1750816436
|start
|switch|p1a: sherbert|Ninetales-Alola, L50, F, shiny|100/100
|switch|p1b: arthur|Articuno, L50, shiny|100/100
|switch|p2a: Malamar|Malamar, L50, M|100/100
|switch|p2b: Reshiram|Reshiram, L50|100/100
|-weather|Snowscape|[from] ability: Snow Warning|[of] p1a: sherbert
|-ability|p2b: Reshiram|Turboblaze
|turn|1
|
|t:|1750816444
|move|p1a: sherbert|Protect|p1a: sherbert
|-singleturn|p1a: sherbert|Protect
|move|p2b: Reshiram|Protect|p2b: Reshiram
|-singleturn|p2b: Reshiram|Protect
|move|p1b: arthur|Tailwind|p1b: arthur
|-sidestart|p1: shush slushie|move: Tailwind
|move|p2a: Malamar|Trick Room|p2a: Malamar
|-fieldstart|move: Trick Room|[of] p2a: Malamar
|
|-weather|Snowscape|[upkeep]
|upkeep
|turn|2
|
|t:|1750816486
|switch|p1b: snow cone|Calyrex-Ice, L50|100/100
|-ability|p1b: snow cone|As One
|-ability|p1b: snow cone|Unnerve
|-terastallize|p2b: Reshiram|Fire
|-terastallize|p1a: sherbert|Fire
|move|p2a: Malamar|Protect|p2a: Malamar
|-singleturn|p2a: Malamar|Protect
|move|p2b: Reshiram|Overheat|p1b: snow cone
|-supereffective|p1b: snow cone
|-damage|p1b: snow cone|0 fnt
|-unboost|p2b: Reshiram|spa|2
|faint|p1b: snow cone
|-damage|p2b: Reshiram|91/100|[from] item: Life Orb
|move|p1a: sherbert|Moonblast|p2b: Reshiram
|-resisted|p2b: Reshiram
|-damage|p2b: Reshiram|77/100
|
|-weather|Snowscape|[upkeep]
|upkeep
|
|t:|1750816504
|switch|p1b: iced cappuccino|Kyurem-White, L50, shiny|100/100
|-ability|p1b: iced cappuccino|Turboblaze
|turn|3
|
|t:|1750816517
|move|p2a: Malamar|Topsy-Turvy|p2b: Reshiram
|-invertboost|p2b: Reshiram|[from] move: Topsy-Turvy
|move|p2b: Reshiram|Overheat|p1b: iced cappuccino
|-damage|p1b: iced cappuccino|0 fnt
|-unboost|p2b: Reshiram|spa|2
|faint|p1b: iced cappuccino
|-damage|p2b: Reshiram|67/100|[from] item: Life Orb
|move|p1a: sherbert|Aurora Veil|p1a: sherbert
|-sidestart|p1: shush slushie|move: Aurora Veil
|
|-weather|Snowscape|[upkeep]
|upkeep
|
|t:|1750816523
|switch|p1b: arthur|Articuno, L50, shiny|100/100
|turn|4
|
|t:|1750816542
|switch|p2a: Farigiraf|Farigiraf, L50, M|100/100
|move|p2b: Reshiram|Overheat|p1b: arthur|[miss]
|-miss|p2b: Reshiram|p1b: arthur
|move|p1b: arthur|Freeze-Dry|p2b: Reshiram
|-resisted|p2b: Reshiram
|-damage|p2b: Reshiram|59/100
|move|p1a: sherbert|Blizzard|p2b: Reshiram|[spread] p2a,p2b
|-resisted|p2b: Reshiram
|-damage|p2a: Farigiraf|78/100
|-damage|p2b: Reshiram|48/100
|
|-weather|Snowscape|[upkeep]
|-sideend|p1: shush slushie|move: Tailwind
|upkeep
|turn|5
|
|t:|1750816561
|move|p2a: Farigiraf|Helping Hand|p2b: Reshiram
|-singleturn|p2b: Reshiram|Helping Hand|[of] p2a: Farigiraf
|move|p1b: arthur|Protect|p1b: arthur
|-singleturn|p1b: arthur|Protect
|move|p1a: sherbert|Protect|p1a: sherbert
|-singleturn|p1a: sherbert|Protect
|move|p2b: Reshiram|Heat Wave|p1a: sherbert|[spread] 
|-activate|p1a: sherbert|move: Protect
|-activate|p1b: arthur|move: Protect
|
|-weather|none
|-fieldend|move: Trick Room
|upkeep
|turn|6
|
|t:|1750816578
|move|p2b: Reshiram|Protect|p2b: Reshiram
|-singleturn|p2b: Reshiram|Protect
|move|p1a: sherbert|Blizzard|p2a: Farigiraf|[spread] p2a
|-activate|p2b: Reshiram|move: Protect
|-damage|p2a: Farigiraf|57/100
|move|p1b: arthur|Freeze-Dry|p2b: Reshiram
|-activate|p2b: Reshiram|move: Protect
|move|p2a: Farigiraf|Trick Room|p2a: Farigiraf
|-fieldstart|move: Trick Room|[of] p2a: Farigiraf
|
|upkeep
|turn|7
|
|t:|1750816597
|move|p2a: Farigiraf|Helping Hand|p2b: Reshiram
|-singleturn|p2b: Reshiram|Helping Hand|[of] p2a: Farigiraf
|move|p2b: Reshiram|Overheat|p1b: arthur
|-supereffective|p1b: arthur
|-damage|p1b: arthur|0 fnt
|-unboost|p2b: Reshiram|spa|2
|faint|p1b: arthur
|-damage|p2b: Reshiram|38/100|[from] item: Life Orb
|move|p1a: sherbert|Blizzard|p2b: Reshiram|[spread] p2a,p2b
|-resisted|p2b: Reshiram
|-damage|p2a: Farigiraf|34/100
|-damage|p2b: Reshiram|26/100
|
|upkeep
|turn|8
|
|t:|1750816613
|switch|p2a: Malamar|Malamar, L50, M|100/100
|move|p2b: Reshiram|Draco Meteor|p1a: sherbert
|-damage|p1a: sherbert|59/100
|-unboost|p2b: Reshiram|spa|2
|-damage|p2b: Reshiram|16/100|[from] item: Life Orb
|move|p1a: sherbert|Blizzard|p2a: Malamar|[spread] p2b
|-miss|p1a: sherbert|p2a: Malamar
|-resisted|p2b: Reshiram
|-damage|p2b: Reshiram|4/100
|
|upkeep
|turn|9
|
|t:|1750816627
|move|p1a: sherbert|Protect|p1a: sherbert
|-singleturn|p1a: sherbert|Protect
|move|p2a: Malamar|Topsy-Turvy|p2b: Reshiram
|-invertboost|p2b: Reshiram|[from] move: Topsy-Turvy
|move|p2b: Reshiram|Draco Meteor|p1a: sherbert
|-activate|p1a: sherbert|move: Protect
|
|upkeep
|turn|10
|
|t:|1750816638
|move|p1a: sherbert|Protect|p1a: sherbert
|-singleturn|p1a: sherbert|Protect
|move|p2a: Malamar|Foul Play|p1a: sherbert
|-activate|p1a: sherbert|move: Protect
|move|p2b: Reshiram|Draco Meteor|p1a: sherbert
|-activate|p1a: sherbert|move: Protect
|
|-sideend|p1: shush slushie|move: Aurora Veil
|-fieldend|move: Trick Room
|upkeep
|turn|11
|
|t:|1750816650
|move|p1a: sherbert|Moonblast|p2a: Malamar
|-supereffective|p2a: Malamar
|-damage|p2a: Malamar|35/100
|move|p2b: Reshiram|Draco Meteor|p1a: sherbert
|-damage|p1a: sherbert|0 fnt
|-unboost|p2b: Reshiram|spa|2
|faint|p1a: sherbert
|-damage|p2b: Reshiram|0 fnt|[from] item: Life Orb
|faint|p2b: Reshiram
|
|win|TotallyNotAutistic
|raw|shush slushie's rating: 1170 &rarr; <strong>1144</strong><br />(-26 for losing)
|raw|TotallyNotAutistic's rating: 1152 &rarr; <strong>1178</strong><br />(+26 for winning)
|l|☆shush slushie
|player|p1|
