|j|☆YanYanwaa
|j|☆chicovirginio
|t:|1750778104
|gametype|doubles
|player|p1|YanYanwaa|clair|1053
|player|p2|chicovirginio|2|1123
|teamsize|p1|6
|teamsize|p2|6
|gen|9
|tier|[Gen 9] VGC 2025 Reg I
|rated|
|rule|Species Clause: Limit one of each Pokémon
|rule|Item Clause: Limit 1 of each item
|clearpoke
|poke|p1|Yanma, L50, M|
|poke|p1|Terapagos, L50, M|
|poke|p1|Incineroar, L50, F|
|poke|p1|Sneasler, L50, M|
|poke|p1|Dialga-Origin, L50|
|poke|p1|Espathra, L50, F|
|poke|p2|Koraidon, L50|
|poke|p2|Calyrex-Shadow, L50|
|poke|p2|Clefairy, L50, M|
|poke|p2|Indeedee-F, L50, F|
|poke|p2|Iron Valiant, L50|
|poke|p2|Flutter Mane, L50|
|teampreview|4
|inactive|Battle timer is ON: inactive players will automatically lose when time's up. (requested by YanYanwaa)
|inactive|YanYanwaa has 60 seconds left.
|
|t:|1750778152
|start
|switch|p1a: Espathra|Espathra, L50, F|100/100
|switch|p1b: Sneasler|Sneasler, L50, M|100/100
|switch|p2a: Iron Valiant|Iron Valiant, L50|100/100
|switch|p2b: Koraidon|Koraidon, L50|100/100
|-weather|SunnyDay|[from] ability: Orichalcum Pulse|[of] p2b: Koraidon
|-activate|p2b: Koraidon|Orichalcum Pulse|[source]
|-enditem|p2a: Iron Valiant|Booster Energy
|-activate|p2a: Iron Valiant|ability: Quark Drive|[fromitem]
|-start|p2a: Iron Valiant|quarkdrivespe
|turn|1
|
|t:|1750778164
|-terastallize|p2b: Koraidon|Fire
|move|p1b: Sneasler|Fake Out|p2b: Koraidon
|-enditem|p1b: Sneasler|Normal Gem|[from] gem
|-damage|p2b: Koraidon|82/100
|move|p2a: Iron Valiant|Coaching|p2b: Koraidon
|-boost|p2b: Koraidon|atk|1
|-boost|p2b: Koraidon|def|1
|cant|p2b: Koraidon|flinch
|move|p1a: Espathra|Calm Mind|p1a: Espathra
|-boost|p1a: Espathra|spa|1
|-boost|p1a: Espathra|spd|1
|
|-weather|SunnyDay|[upkeep]
|-ability|p1a: Espathra|Speed Boost|boost
|-boost|p1a: Espathra|spe|1
|upkeep
|turn|2
|inactive|YanYanwaa has 30 seconds left.
|
|t:|1750778198
|move|p1b: Sneasler|Dire Claw|p2b: Koraidon
|-damage|p2b: Koraidon|53/100
|-status|p2b: Koraidon|slp
|move|p2a: Iron Valiant|Spirit Break|p1a: Espathra
|-damage|p1a: Espathra|60/100
|-unboost|p1a: Espathra|spa|1
|move|p1a: Espathra|Stored Power|p2b: Koraidon
|-damage|p2b: Koraidon|31/100 slp
|cant|p2b: Koraidon|slp
|
|-weather|SunnyDay|[upkeep]
|-heal|p1a: Espathra|66/100|[from] item: Leftovers
|-ability|p1a: Espathra|Speed Boost|boost
|-boost|p1a: Espathra|spe|1
|upkeep
|turn|3
|
|t:|1750778220
|move|p1b: Sneasler|Dire Claw|p2b: Koraidon
|-damage|p2b: Koraidon|3/100 slp
|move|p1a: Espathra|Stored Power|p2b: Koraidon
|-damage|p2b: Koraidon|0 fnt
|faint|p2b: Koraidon
|move|p2a: Iron Valiant|Icy Wind|p1a: Espathra|[spread] p1a,p1b
|-damage|p1a: Espathra|56/100
|-damage|p1b: Sneasler|86/100
|-unboost|p1a: Espathra|spe|1
|-unboost|p1b: Sneasler|spe|1
|
|-weather|SunnyDay|[upkeep]
|-heal|p1a: Espathra|62/100|[from] item: Leftovers
|-ability|p1a: Espathra|Speed Boost|boost
|-boost|p1a: Espathra|spe|1
|upkeep
|
|t:|1750778231
|switch|p2b: Calyrex|Calyrex-Shadow, L50|100/100
|-ability|p2b: Calyrex|As One
|-ability|p2b: Calyrex|Unnerve
|turn|4
|
|t:|1750778242
|move|p1a: Espathra|Calm Mind|p1a: Espathra
|-boost|p1a: Espathra|spa|1
|-boost|p1a: Espathra|spd|1
|move|p2a: Iron Valiant|Spirit Break|p1a: Espathra
|-damage|p1a: Espathra|22/100
|-unboost|p1a: Espathra|spa|1
|move|p1b: Sneasler|Shadow Claw|p2b: Calyrex
|-supereffective|p2b: Calyrex
|-damage|p2b: Calyrex|0 fnt
|faint|p2b: Calyrex
|
|-weather|SunnyDay|[upkeep]
|-heal|p1a: Espathra|28/100|[from] item: Leftovers
|-ability|p1a: Espathra|Speed Boost|boost
|-boost|p1a: Espathra|spe|1
|upkeep
|
|t:|1750778256
|switch|p2b: Clefairy|Clefairy, L50, M|100/100
|turn|5
|
|t:|1750778268
|switch|p1b: Dialga|Dialga-Origin, L50|100/100
|-ability|p1b: Dialga|Pressure
|move|p2b: Clefairy|Follow Me|p2b: Clefairy
|-singleturn|p2b: Clefairy|move: Follow Me
|move|p1a: Espathra|Baton Pass|p1a: Espathra
|
|t:|1750778274
|switch|p1a: Terapagos|Terapagos, L50, M|100/100|[from] Baton Pass
|-activate|p1a: Terapagos|ability: Tera Shift
|detailschange|p1a: Terapagos|Terapagos-Terastal, L50, M
|-heal|p1a: Terapagos|100/100|[silent]
|move|p2a: Iron Valiant|Spirit Break|p1a: Terapagos
|-activate|p1a: Terapagos|ability: Tera Shell
|-resisted|p1a: Terapagos
|-damage|p1a: Terapagos|86/100
|-unboost|p1a: Terapagos|spa|1
|
|-weather|none
|upkeep
|turn|6
|-message|chicovirginio forfeited.
|
|win|YanYanwaa
|raw|YanYanwaa's rating: 1053 &rarr; <strong>1091</strong><br />(+38 for winning)
|raw|chicovirginio's rating: 1123 &rarr; <strong>1093</strong><br />(-30 for losing)
|l|☆chicovirginio
|player|p2|
|l|☆YanYanwaa
|player|p1|
