|j|☆ZEATHS
|j|☆Metatitan
|t:|1750746900
|gametype|doubles
|player|p1|ZEATHS|pokemaniac|1091
|player|p2|Metatitan|cynthia-gen4|1137
|teamsize|p1|6
|teamsize|p2|6
|gen|9
|tier|[Gen 9] VGC 2025 Reg I
|rated|
|rule|Species Clause: Limit one of each Pokémon
|rule|Item Clause: Limit 1 of each item
|clearpoke
|poke|p1|Grimmsnarl, L50, M|
|poke|p1|Kyogre, L50|
|poke|p1|Urshifu-*, L50, M|
|poke|p1|Terapagos, L50, M|
|poke|p1|Archaludon, L50, M|
|poke|p1|Smeargle, L50, F|
|poke|p2|Koraidon, L50|
|poke|p2|Chien-Pao, L50|
|poke|p2|Metagross, L50|
|poke|p2|Rayquaza, L50|
|poke|p2|Walking Wake, L50|
|poke|p2|Incineroar, L50, F|
|teampreview|4
|
|t:|1750746926
|start
|switch|p1a: Grimmsnarl|Grimmsnarl, L50, M, shiny|100/100
|switch|p1b: Terapagos|Terapagos, L50, M|100/100
|switch|p2a: Metagross|Metagross, L50, shiny|100/100
|switch|p2b: Walking Wake|Walking Wake, L50|100/100
|-activate|p1b: Terapagos|ability: Tera Shift
|detailschange|p1b: Terapagos|Terapagos-Terastal, L50, M
|-heal|p1b: Terapagos|100/100|[silent]
|turn|1
|inactive|Battle timer is ON: inactive players will automatically lose when time's up. (requested by Metatitan)
|
|t:|1750746943
|move|p1b: Terapagos|Protect|p1b: Terapagos
|-singleturn|p1b: Terapagos|Protect
|move|p1a: Grimmsnarl|Light Screen|p1a: Grimmsnarl
|-sidestart|p1: ZEATHS|move: Light Screen
|move|p2b: Walking Wake|Snarl|p1a: Grimmsnarl|[spread] p1a
|-activate|p1b: Terapagos|move: Protect
|-resisted|p1a: Grimmsnarl
|-damage|p1a: Grimmsnarl|98/100
|-unboost|p1a: Grimmsnarl|spa|1
|move|p2a: Metagross|Meteor Mash|p1a: Grimmsnarl|[miss]
|-miss|p2a: Metagross|p1a: Grimmsnarl
|
|upkeep
|turn|2
|
|t:|1750746964
|move|p1a: Grimmsnarl|Reflect|p1a: Grimmsnarl
|-sidestart|p1: ZEATHS|Reflect
|move|p2b: Walking Wake|Snarl|p1a: Grimmsnarl|[spread] p1a,p1b
|-resisted|p1a: Grimmsnarl
|-activate|p1b: Terapagos|ability: Tera Shell
|-resisted|p1b: Terapagos
|-damage|p1a: Grimmsnarl|95/100
|-damage|p1b: Terapagos|95/100
|-unboost|p1a: Grimmsnarl|spa|1
|move|p1b: Terapagos|Earth Power|p2a: Metagross
|-supereffective|p2a: Metagross
|-damage|p2a: Metagross|58/100
|move|p2a: Metagross|Knock Off|p1b: Terapagos
|-damage|p1b: Terapagos|74/100
|-enditem|p1b: Terapagos|Covert Cloak|[from] move: Knock Off|[of] p2a: Metagross
|
|upkeep
|turn|3
|inactive|ZEATHS has 30 seconds left.
|
|t:|1750746998
|move|p2b: Walking Wake|Snarl|p1a: Grimmsnarl|[spread] p1a,p1b
|-resisted|p1a: Grimmsnarl
|-damage|p1a: Grimmsnarl|92/100
|-damage|p1b: Terapagos|62/100
|-unboost|p1a: Grimmsnarl|spa|1
|-unboost|p1b: Terapagos|spa|1
|move|p1b: Terapagos|Earth Power|p2a: Metagross
|-supereffective|p2a: Metagross
|-damage|p2a: Metagross|33/100
|move|p1a: Grimmsnarl|Spirit Break|p2b: Walking Wake
|-supereffective|p2b: Walking Wake
|-damage|p2b: Walking Wake|43/100
|-unboost|p2b: Walking Wake|spa|1
|move|p2a: Metagross|Meteor Mash|p1a: Grimmsnarl
|-supereffective|p1a: Grimmsnarl
|-damage|p1a: Grimmsnarl|22/100
|
|upkeep
|turn|4
|inactive|ZEATHS has 30 seconds left.
|
|t:|1750747024
|move|p2a: Metagross|Bullet Punch|p1a: Grimmsnarl
|-supereffective|p1a: Grimmsnarl
|-damage|p1a: Grimmsnarl|0 fnt
|faint|p1a: Grimmsnarl
|move|p2b: Walking Wake|Snarl|p1b: Terapagos
|-damage|p1b: Terapagos|53/100
|-unboost|p1b: Terapagos|spa|1
|move|p1b: Terapagos|Calm Mind|p1b: Terapagos
|-boost|p1b: Terapagos|spa|1
|-boost|p1b: Terapagos|spd|1
|
|upkeep
|
|t:|1750747039
|switch|p1a: Kyogre|Kyogre, L50, shiny|100/100
|-weather|RainDance|[from] ability: Drizzle|[of] p1a: Kyogre
|turn|5
|
|t:|1750747050
|switch|p2a: Koraidon|Koraidon, L50|100/100
|-weather|SunnyDay|[from] ability: Orichalcum Pulse|[of] p2a: Koraidon
|-activate|p2b: Walking Wake|ability: Protosynthesis
|-start|p2b: Walking Wake|protosynthesisspe
|-activate|p2a: Koraidon|Orichalcum Pulse|[source]
|-terastallize|p1b: Terapagos|Stellar
|detailschange|p1b: Terapagos|Terapagos-Stellar, L50, M, tera:Stellar
|-heal|p1b: Terapagos|65/100|[silent]
|-ability|p1b: Terapagos|Teraform Zero
|-weather|none
|-end|p2b: Walking Wake|Protosynthesis
|move|p2b: Walking Wake|Snarl|p1a: Kyogre|[spread] p1a,p1b
|-damage|p1a: Kyogre|94/100
|-damage|p1b: Terapagos|61/100
|-unboost|p1a: Kyogre|spa|1
|-unboost|p1b: Terapagos|spa|1
|move|p1a: Kyogre|Water Spout|p2b: Walking Wake|[spread] p2a,p2b
|-resisted|p2a: Koraidon
|-crit|p2a: Koraidon
|-resisted|p2b: Walking Wake
|-damage|p2a: Koraidon|50/100
|-damage|p2b: Walking Wake|31/100
|move|p1b: Terapagos|Tera Starstorm|p2a: Koraidon|[spread] p2a,p2b
|-crit|p2a: Koraidon
|-damage|p2a: Koraidon|18/100
|-damage|p2b: Walking Wake|9/100
|
|upkeep
|turn|6
|inactive|ZEATHS has 30 seconds left.
|
|t:|1750747079
|move|p1a: Kyogre|Protect|p1a: Kyogre
|-singleturn|p1a: Kyogre|Protect
|move|p2a: Koraidon|Collision Course|p1b: Terapagos
|-supereffective|p1b: Terapagos
|-damage|p1b: Terapagos|2/100
|move|p2b: Walking Wake|Snarl|p1a: Kyogre|[spread] p1b
|-activate|p1a: Kyogre|move: Protect
|-damage|p1b: Terapagos|0 fnt
|faint|p1b: Terapagos
|detailschange|p1: Terapagos|Terapagos, L50, M|[silent]
|
|upkeep
|
|t:|1750747089
|switch|p1b: Urshifu|Urshifu-Rapid-Strike, L50, M|100/100
|turn|7
|
|t:|1750747103
|move|p2a: Koraidon|Collision Course|p1a: Kyogre
|-damage|p1a: Kyogre|49/100
|move|p2b: Walking Wake|Snarl|p1a: Kyogre|[spread] p1a
|-miss|p2b: Walking Wake|p1b: Urshifu
|-damage|p1a: Kyogre|42/100
|-unboost|p1a: Kyogre|spa|1
|move|p1a: Kyogre|Origin Pulse|p2a: Koraidon|[spread] p2a,p2b
|-resisted|p2a: Koraidon
|-resisted|p2b: Walking Wake
|-damage|p2a: Koraidon|3/100
|-damage|p2b: Walking Wake|2/100
|move|p1b: Urshifu|Surging Strikes|p2a: Koraidon
|-resisted|p2a: Koraidon
|-crit|p2a: Koraidon
|-damage|p2a: Koraidon|0 fnt
|faint|p2a: Koraidon
|-hitcount|p2: Koraidon|1
|-damage|p1b: Urshifu|91/100|[from] item: Life Orb
|
|upkeep
|
|t:|1750747119
|switch|p2a: Metagross|Metagross, L50, shiny|33/100
|turn|8
|
|t:|1750747132
|move|p1a: Kyogre|Protect|p1a: Kyogre
|-singleturn|p1a: Kyogre|Protect
|move|p2a: Metagross|Bullet Punch|p1b: Urshifu
|-resisted|p1b: Urshifu
|-damage|p1b: Urshifu|83/100
|move|p2b: Walking Wake|Snarl|p1b: Urshifu|[spread] p1b
|-activate|p1a: Kyogre|move: Protect
|-resisted|p1b: Urshifu
|-damage|p1b: Urshifu|77/100
|-unboost|p1b: Urshifu|spa|1
|move|p1b: Urshifu|Close Combat|p2a: Metagross
|-damage|p2a: Metagross|0 fnt
|-unboost|p1b: Urshifu|def|1
|-unboost|p1b: Urshifu|spd|1
|faint|p2a: Metagross
|-damage|p1b: Urshifu|67/100|[from] item: Life Orb
|
|-sideend|p1: ZEATHS|move: Light Screen
|upkeep
|
|t:|1750747144
|switch|p2a: Rayquaza|Rayquaza, L50, shiny|100/100
|-ability|p2a: Rayquaza|Air Lock
|turn|9
|
|t:|1750747157
|-terastallize|p2a: Rayquaza|Normal
|move|p2a: Rayquaza|Extreme Speed|p1b: Urshifu
|-damage|p1b: Urshifu|3/100
|-damage|p2a: Rayquaza|91/100|[from] item: Life Orb
|move|p2b: Walking Wake|Snarl|p1a: Kyogre|[spread] p1a,p1b
|-resisted|p1b: Urshifu
|-damage|p1a: Kyogre|31/100
|-damage|p1b: Urshifu|0 fnt
|-unboost|p1a: Kyogre|spa|1
|faint|p1b: Urshifu
|move|p1a: Kyogre|Ice Beam|p2a: Rayquaza
|-damage|p2a: Rayquaza|78/100
|
|-sideend|p1: ZEATHS|Reflect
|upkeep
|turn|10
|
|t:|1750747172
|move|p2a: Rayquaza|Extreme Speed|p1a: Kyogre
|-damage|p1a: Kyogre|0 fnt
|faint|p1a: Kyogre
|-damage|p2a: Rayquaza|68/100|[from] item: Life Orb
|
|win|Metatitan
|raw|ZEATHS's rating: 1091 &rarr; <strong>1070</strong><br />(-21 for losing)
|raw|Metatitan's rating: 1137 &rarr; <strong>1159</strong><br />(+22 for winning)
|c|☆ZEATHS|damn nice play
|l|☆Metatitan
|player|p2|
|c|☆ZEATHS|gg
