|j|☆parrotboy
|j|☆sawawa256
|t:|1750826663
|gametype|doubles
|player|p1|parrotboy|hiker-gen4|1398
|player|p2|sawawa256|hilbert|1481
|teamsize|p1|6
|teamsize|p2|6
|gen|9
|tier|[Gen 9] VGC 2025 Reg I
|rated|
|rule|Species Clause: Limit one of each Pokémon
|rule|Item Clause: Limit 1 of each item
|clearpoke
|poke|p1|Flutter Mane, L50|
|poke|p1|Koraidon, L50|
|poke|p1|Scream Tail, L50|
|poke|p1|Gothitelle, L50, F|
|poke|p1|Incineroar, L50, M|
|poke|p1|Calyrex-Ice, L50|
|poke|p2|Calyrex-Ice, L50|
|poke|p2|Incineroar, L50, M|
|poke|p2|Ogerpon-Cornerstone, L50, F|
|poke|p2|Urshifu-*, L50, M|
|poke|p2|Miraidon, L50|
|poke|p2|Ursaluna, L50, M|
|teampreview|4
|inactive|Battle timer is ON: inactive players will automatically lose when time's up. (requested by parrotboy)
|inactive|sawawa256 also wants the timer to be on.
|inactive|sawawa256 has 60 seconds left.
|
|t:|1750826697
|start
|switch|p1a: Gothitelle|Gothitelle, L50, F|100/100
|switch|p1b: Calyrex|Calyrex-Ice, L50|100/100
|switch|p2a: Incineroar|Incineroar, L50, M|100/100
|switch|p2b: Ogerpon|Ogerpon-Cornerstone, L50, F|100/100
|-ability|p1b: Calyrex|As One
|-ability|p1b: Calyrex|Unnerve
|-ability|p2a: Incineroar|Intimidate|boost
|-unboost|p1a: Gothitelle|atk|1
|-fail|p1b: Calyrex|unboost|[from] item: Clear Amulet|[of] p1b: Calyrex
|turn|1
|
|t:|1750826723
|-terastallize|p1b: Calyrex|Ground
|move|p2a: Incineroar|Fake Out|p1b: Calyrex
|-damage|p1b: Calyrex|94/100
|move|p1a: Gothitelle|Fake Out|p2a: Incineroar
|-damage|p2a: Incineroar|97/100
|move|p2b: Ogerpon|Taunt|p1a: Gothitelle
|-start|p1a: Gothitelle|move: Taunt
|cant|p1b: Calyrex|flinch
|
|upkeep
|turn|2
|
|t:|1750826741
|switch|p1a: Incineroar|Incineroar, L50, M|100/100
|-ability|p1a: Incineroar|Intimidate|boost
|-unboost|p2a: Incineroar|atk|1
|-unboost|p2b: Ogerpon|atk|1
|move|p1b: Calyrex|Protect|p1b: Calyrex
|-singleturn|p1b: Calyrex|Protect
|move|p2b: Ogerpon|Follow Me|p2b: Ogerpon
|-singleturn|p2b: Ogerpon|move: Follow Me
|move|p2a: Incineroar|Knock Off|p1b: Calyrex
|-activate|p1b: Calyrex|move: Protect
|
|upkeep
|turn|3
|
|t:|1750826758
|move|p1a: Incineroar|Fake Out|p2a: Incineroar
|-damage|p2a: Incineroar|89/100
|move|p2b: Ogerpon|Ivy Cudgel|p1a: Incineroar|[anim] Ivy Cudgel Rock
|-supereffective|p1a: Incineroar
|-damage|p1a: Incineroar|30/100
|cant|p2a: Incineroar|flinch
|move|p1b: Calyrex|Trick Room|p1b: Calyrex
|-fieldstart|move: Trick Room|[of] p1b: Calyrex
|
|upkeep
|turn|4
|
|t:|1750826778
|move|p1b: Calyrex|High Horsepower|p2a: Incineroar
|-supereffective|p2a: Incineroar
|-damage|p2a: Incineroar|0 fnt
|faint|p2a: Incineroar
|-ability|p1b: Calyrex|Chilling Neigh|boost
|-boost|p1b: Calyrex|atk|1
|move|p1a: Incineroar|Parting Shot|p2b: Ogerpon
|-unboost|p2b: Ogerpon|atk|1
|-unboost|p2b: Ogerpon|spa|1
|
|t:|1750826787
|switch|p1a: Gothitelle|Gothitelle, L50, F|100/100|[from] Parting Shot
|move|p2b: Ogerpon|Ivy Cudgel|p1a: Gothitelle|[anim] Ivy Cudgel Rock
|-damage|p1a: Gothitelle|81/100
|
|-heal|p1a: Gothitelle|88/100|[from] item: Leftovers
|upkeep
|
|t:|1750826795
|switch|p2a: Ursaluna|Ursaluna, L50, M|100/100
|turn|5
|
|t:|1750826800
|move|p2a: Ursaluna|Protect|p2a: Ursaluna
|-singleturn|p2a: Ursaluna|Protect
|move|p2b: Ogerpon|Spiky Shield|p2b: Ogerpon
|-singleturn|p2b: Ogerpon|move: Protect
|move|p1a: Gothitelle|Fake Out|p2b: Ogerpon
|-activate|p2b: Ogerpon|move: Protect
|-damage|p1a: Gothitelle|75/100|[from] Spiky Shield|[of] p2b: Ogerpon
|move|p1b: Calyrex|Glacial Lance|p2a: Ursaluna|[spread] 
|-activate|p2a: Ursaluna|move: Protect
|-activate|p2b: Ogerpon|move: Protect
|
|-heal|p1a: Gothitelle|81/100|[from] item: Leftovers
|-status|p2a: Ursaluna|brn|[from] item: Flame Orb
|upkeep
|turn|6
|
|t:|1750826821
|-terastallize|p2a: Ursaluna|Ghost
|move|p1b: Calyrex|Glacial Lance|p2b: Ogerpon|[spread] p2a,p2b
|-supereffective|p2b: Ogerpon
|-damage|p2a: Ursaluna|41/100 brn
|-ability|p2b: Ogerpon|Sturdy
|-damage|p2b: Ogerpon|1/100
|move|p2a: Ursaluna|Facade|p1b: Calyrex
|-damage|p1b: Calyrex|27/100
|move|p1a: Gothitelle|Shadow Ball|p2b: Ogerpon
|-damage|p2b: Ogerpon|0 fnt
|faint|p2b: Ogerpon
|
|-heal|p1a: Gothitelle|88/100|[from] item: Leftovers
|-damage|p2a: Ursaluna|35/100 brn|[from] brn
|upkeep
|
|t:|1750826837
|switch|p2b: Miraidon|Miraidon, L50|100/100
|-fieldstart|move: Electric Terrain|[from] ability: Hadron Engine|[of] p2b: Miraidon
|turn|7
|
|t:|1750826850
|move|p2a: Ursaluna|Facade|p1b: Calyrex
|-damage|p1b: Calyrex|0 fnt
|faint|p1b: Calyrex
|move|p1a: Gothitelle|Heal Pulse|p1: Calyrex|[notarget]
|-fail|p1a: Gothitelle
|move|p2b: Miraidon|Electro Drift|p1a: Gothitelle
|-crit|p1a: Gothitelle
|-damage|p1a: Gothitelle|0 fnt
|faint|p1a: Gothitelle
|
|-damage|p2a: Ursaluna|29/100 brn|[from] brn
|-fieldend|move: Trick Room
|upkeep
|
|t:|1750826856
|switch|p1a: Incineroar|Incineroar, L50, M|30/100
|switch|p1b: Koraidon|Koraidon, L50|100/100
|-weather|SunnyDay|[from] ability: Orichalcum Pulse|[of] p1b: Koraidon
|-activate|p1b: Koraidon|Orichalcum Pulse|[source]
|-ability|p1a: Incineroar|Intimidate|boost
|-unboost|p2a: Ursaluna|atk|1
|-unboost|p2b: Miraidon|atk|1
|turn|8
|
|t:|1750826876
|move|p2a: Ursaluna|Protect|p2a: Ursaluna
|-singleturn|p2a: Ursaluna|Protect
|move|p1b: Koraidon|Close Combat|p2b: Miraidon
|-damage|p2b: Miraidon|9/100
|-unboost|p1b: Koraidon|def|1
|-unboost|p1b: Koraidon|spd|1
|-damage|p1b: Koraidon|91/100|[from] item: Life Orb
|move|p2b: Miraidon|Electro Drift|p1a: Incineroar
|-damage|p1a: Incineroar|0 fnt
|faint|p1a: Incineroar
|
|-weather|SunnyDay|[upkeep]
|-damage|p2a: Ursaluna|23/100 brn|[from] brn
|upkeep
|turn|9
|
|t:|1750826894
|move|p1b: Koraidon|Flame Charge|p2a: Ursaluna
|-damage|p2a: Ursaluna|0 fnt
|-boost|p1b: Koraidon|spe|1
|faint|p2a: Ursaluna
|-damage|p1b: Koraidon|81/100|[from] item: Life Orb
|move|p2b: Miraidon|Electro Drift|p1b: Koraidon
|-resisted|p1b: Koraidon
|-damage|p1b: Koraidon|0 fnt
|faint|p1b: Koraidon
|
|win|sawawa256
|raw|parrotboy's rating: 1398 &rarr; <strong>1383</strong><br />(-15 for losing)
|raw|sawawa256's rating: 1481 &rarr; <strong>1496</strong><br />(+15 for winning)
|l|☆parrotboy
|player|p1|
