|j|☆johnkharkiv
|j|☆daming20009
|t:|1750716628
|gametype|doubles
|player|p1|johnkharkiv|swimmerf-gen4dp|1445
|player|p2|daming20009|170|1346
|teamsize|p1|6
|teamsize|p2|6
|gen|9
|tier|[Gen 9] VGC 2025 Reg I
|rated|
|rule|Species Clause: Limit one of each Pokémon
|rule|Item Clause: Limit 1 of each item
|clearpoke
|poke|p1|Calyrex-Ice, L50|
|poke|p1|Miraidon, L50|
|poke|p1|Torkoal, L50, M|
|poke|p1|Whimsicott, L50, M|
|poke|p1|Farigiraf, L50, F|
|poke|p1|Passimian, L50, F|
|poke|p2|Calyrex-Shadow, L50|
|poke|p2|Koraidon, L50|
|poke|p2|Weezing-Galar, L50, M|
|poke|p2|Chi-Yu, L50|
|poke|p2|Walking Wake, L50|
|poke|p2|Brute Bonnet, L50|
|teampreview|4
|inactive|Battle timer is ON: inactive players will automatically lose when time's up. (requested by daming20009)
|
|t:|1750716654
|start
|switch|p1a: Farigiraf|Farigiraf, L50, F|100/100
|switch|p1b: Calyrex|Calyrex-Ice, L50|100/100
|switch|p2a: Koraidon|Koraidon, L50|100/100
|switch|p2b: Weezing|Weezing-Galar, L50, M, shiny|100/100
|-ability|p2b: Weezing|Neutralizing Gas
|-block|p2a: Koraidon|item: Ability Shield
|-ability|p1b: Calyrex|As One
|-ability|p1b: Calyrex|Unnerve
|-weather|SunnyDay|[from] ability: Orichalcum Pulse|[of] p2a: Koraidon
|-activate|p2a: Koraidon|Orichalcum Pulse|[source]
|turn|1
|
|t:|1750716678
|-terastallize|p2a: Koraidon|Fire
|-terastallize|p1b: Calyrex|Ground
|move|p2a: Koraidon|Collision Course|p1a: Farigiraf
|-damage|p1a: Farigiraf|40/100
|-damage|p2a: Koraidon|84/100|[from] item: Rocky Helmet|[of] p1a: Farigiraf
|move|p2b: Weezing|Taunt|p1a: Farigiraf
|-start|p1a: Farigiraf|move: Taunt
|move|p1b: Calyrex|High Horsepower|p2b: Weezing|[miss]
|-miss|p1b: Calyrex|p2b: Weezing
|cant|p1a: Farigiraf|move: Taunt|Trick Room
|
|-weather|SunnyDay|[upkeep]
|upkeep
|turn|2
|
|t:|1750716698
|move|p2a: Koraidon|Collision Course|p1a: Farigiraf
|-damage|p1a: Farigiraf|0 fnt
|-damage|p2a: Koraidon|67/100|[from] item: Rocky Helmet|[of] p1a: Farigiraf
|faint|p1a: Farigiraf
|move|p2b: Weezing|Taunt|p1b: Calyrex
|-start|p1b: Calyrex|move: Taunt
|cant|p1b: Calyrex|move: Taunt|Trick Room
|
|-weather|SunnyDay|[upkeep]
|upkeep
|
|t:|1750716703
|switch|p1a: Miraidon|Miraidon, L50|100/100
|turn|3
|
|t:|1750716728
|move|p1a: Miraidon|Discharge|p2a: Koraidon|[spread] p2a,p2b
|-immune|p1b: Calyrex
|-damage|p2a: Koraidon|43/100
|-damage|p2b: Weezing|69/100
|move|p2a: Koraidon|Collision Course|p1b: Calyrex
|-damage|p1b: Calyrex|54/100
|move|p2b: Weezing|Poison Gas|p1b: Calyrex|[spread] p1b
|-miss|p2b: Weezing|p1a: Miraidon
|-status|p1b: Calyrex|psn
|move|p1b: Calyrex|Glacial Lance|p2a: Koraidon|[spread] p2a,p2b
|-resisted|p2a: Koraidon
|-crit|p2b: Weezing
|-damage|p2a: Koraidon|24/100
|-damage|p2b: Weezing|2/100
|
|-weather|SunnyDay|[upkeep]
|-damage|p1b: Calyrex|41/100 psn|[from] psn
|upkeep
|turn|4
|inactive|daming20009 has 30 seconds left.
|
|t:|1750716761
|move|p2b: Weezing|Protect|p2b: Weezing
|-singleturn|p2b: Weezing|Protect
|move|p1a: Miraidon|Discharge|p2b: Weezing|[spread] p2a
|-activate|p2b: Weezing|move: Protect
|-immune|p1b: Calyrex
|-damage|p2a: Koraidon|0 fnt
|faint|p2a: Koraidon
|move|p1b: Calyrex|Glacial Lance|p2b: Weezing
|-activate|p2b: Weezing|move: Protect
|
|-weather|SunnyDay|[upkeep]
|-damage|p1b: Calyrex|29/100 psn|[from] psn
|-end|p1b: Calyrex|move: Taunt
|upkeep
|
|t:|1750716776
|switch|p2a: Calyrex|Calyrex-Shadow, L50|100/100
|-ability|p2a: Calyrex|As One
|-ability|p2a: Calyrex|Unnerve
|turn|5
|
|t:|1750716790
|move|p2a: Calyrex|Astral Barrage|p1b: Calyrex|[spread] p1a,p1b
|-damage|p1a: Miraidon|46/100
|-damage|p1b: Calyrex|0 fnt
|faint|p1b: Calyrex
|-ability|p2a: Calyrex|Grim Neigh|boost
|-boost|p2a: Calyrex|spa|1
|move|p1a: Miraidon|Discharge|p2b: Weezing|[spread] p2a,p2b
|-damage|p2a: Calyrex|69/100
|-damage|p2b: Weezing|0 fnt
|-status|p2a: Calyrex|par
|faint|p2b: Weezing
|-end|p2b: Weezing|ability: Neutralizing Gas
|-fieldstart|move: Electric Terrain|[from] ability: Hadron Engine|[of] p1a: Miraidon
|
|-weather|none
|upkeep
|
|t:|1750716806
|switch|p2b: Brute Bonnet|Brute Bonnet, L50|100/100
|switch|p1b: Passimian|Passimian, L50, F, shiny|100/100
|turn|6
|
|t:|1750716825
|move|p2a: Calyrex|Protect|p2a: Calyrex
|-singleturn|p2a: Calyrex|Protect
|move|p1a: Miraidon|Draco Meteor|p2a: Calyrex
|-activate|p2a: Calyrex|move: Protect
|move|p1b: Passimian|Drain Punch|p2b: Brute Bonnet
|-supereffective|p2b: Brute Bonnet
|-damage|p2b: Brute Bonnet|50/100
|-damage|p1b: Passimian|84/100|[from] item: Rocky Helmet|[of] p2b: Brute Bonnet
|move|p2b: Brute Bonnet|Spore|p1a: Miraidon
|-activate|p1a: Miraidon|move: Electric Terrain
|
|upkeep
|turn|7
|
|t:|1750716841
|move|p1a: Miraidon|Protect|p1a: Miraidon
|-singleturn|p1a: Miraidon|Protect
|move|p2b: Brute Bonnet|Sucker Punch||[still]
|-fail|p2b: Brute Bonnet
|move|p1b: Passimian|Knock Off|p2a: Calyrex
|-supereffective|p2a: Calyrex
|-damage|p2a: Calyrex|0 fnt
|-enditem|p2a: Calyrex|Spooky Plate|[from] move: Knock Off|[of] p1b: Passimian
|faint|p2a: Calyrex
|
|upkeep
|turn|8
|-message|daming20009 forfeited.
|
|win|johnkharkiv
|raw|johnkharkiv's rating: 1445 &rarr; <strong>1459</strong><br />(+14 for winning)
|raw|daming20009's rating: 1346 &rarr; <strong>1332</strong><br />(-14 for losing)
|l|☆daming20009
|player|p2|
