|j|☆jaspereyedsummer
|j|☆radicalredmisty
|t:|1750721448
|gametype|doubles
|player|p1|jaspereyedsummer|psychicf-gen4|1131
|player|p2|radicalredmisty|169|1073
|teamsize|p1|6
|teamsize|p2|5
|gen|9
|tier|[Gen 9] VGC 2025 Reg I
|rated|
|rule|Species Clause: Limit one of each Pokémon
|rule|Item Clause: Limit 1 of each item
|clearpoke
|poke|p1|Koraidon, L50|
|poke|p1|Terapagos, L50, M|
|poke|p1|Flutter Mane, L50|
|poke|p1|Rillaboom, L50, M|
|poke|p1|Incineroar, L50, F|
|poke|p1|Volcarona, L50, M|
|poke|p2|Zacian-*, L50|
|poke|p2|Palkia-Origin, L50|
|poke|p2|Morgrem, L50, M|
|poke|p2|Tornadus, L50, M|
|poke|p2|Chi-Yu, L50|
|teampreview|4
|inactive|Battle timer is ON: inactive players will automatically lose when time's up. (requested by radicalredmisty)
jaspereyedsummer has agreed to open team sheets.
|inactive|radicalredmisty has 60 seconds left.
|inactive|radicalredmisty has 30 seconds left.
|inactive|radicalredmisty has 20 seconds left.
|inactive|radicalredmisty has 15 seconds left.
|inactive|radicalredmisty has 10 seconds left.
|
|t:|1750721540
|start
|switch|p1a: Flutter Mane|Flutter Mane, L50|100/100
|switch|p1b: Koraidon|Koraidon, L50|100/100
|switch|p2a: Chi-Yu|Chi-Yu, L50|100/100
|switch|p2b: Zacian|Zacian-Crowned, L50|100/100
|-ability|p2b: Zacian|Intrepid Sword|boost
|-boost|p2b: Zacian|atk|1
|-weather|SunnyDay|[from] ability: Orichalcum Pulse|[of] p1b: Koraidon
|-activate|p1a: Flutter Mane|ability: Protosynthesis
|-start|p1a: Flutter Mane|protosynthesisspe
|-activate|p1b: Koraidon|Orichalcum Pulse|[source]
|-ability|p2a: Chi-Yu|Beads of Ruin
|turn|1
|
|t:|1750721561
|switch|p1b: Incineroar|Incineroar, L50, F|100/100
|-ability|p1b: Incineroar|Intimidate|boost
|-unboost|p2a: Chi-Yu|atk|1
|-unboost|p2b: Zacian|atk|1
|move|p2b: Zacian|Protect|p2b: Zacian
|-singleturn|p2b: Zacian|Protect
|move|p1a: Flutter Mane|Moonblast|p2a: Chi-Yu
|-damage|p2a: Chi-Yu|68/100
|move|p2a: Chi-Yu|Snarl|p1b: Incineroar|[spread] p1b
|-miss|p2a: Chi-Yu|p1a: Flutter Mane
|-resisted|p1b: Incineroar
|-damage|p1b: Incineroar|86/100
|-unboost|p1b: Incineroar|spa|1
|
|-weather|SunnyDay|[upkeep]
|upkeep
|turn|2
|
|t:|1750721586
|switch|p2b: Morgrem|Morgrem, L50, M, shiny|100/100
|move|p1b: Incineroar|Fake Out|p2b: Morgrem
|-damage|p2b: Morgrem|91/100
|move|p1a: Flutter Mane|Moonblast|p2a: Chi-Yu
|-damage|p2a: Chi-Yu|33/100
|-unboost|p2a: Chi-Yu|spa|1
|move|p2a: Chi-Yu|Snarl|p1a: Flutter Mane|[spread] p1b
|-miss|p2a: Chi-Yu|p1a: Flutter Mane
|-resisted|p1b: Incineroar
|-damage|p1b: Incineroar|76/100
|-unboost|p1b: Incineroar|spa|1
|
|-weather|SunnyDay|[upkeep]
|upkeep
|turn|3
|inactive|radicalredmisty has 30 seconds left.
|
|t:|1750721620
|move|p2b: Morgrem|Thunder Wave|p1b: Incineroar
|-hint|Since gen 7, Dark is immune to Prankster moves.
|-immune|p1b: Incineroar
|move|p1a: Flutter Mane|Moonblast|p2a: Chi-Yu
|-damage|p2a: Chi-Yu|0 fnt
|faint|p2a: Chi-Yu
|move|p1b: Incineroar|Knock Off|p2b: Morgrem
|-resisted|p2b: Morgrem
|-damage|p2b: Morgrem|82/100
|-enditem|p2b: Morgrem|Eviolite|[from] move: Knock Off|[of] p1b: Incineroar
|
|-weather|SunnyDay|[upkeep]
|upkeep
|
|t:|1750721635
|switch|p2a: Palkia|Palkia-Origin, L50|100/100
|-ability|p2a: Palkia|Pressure
|turn|4
|
|t:|1750721662
|switch|p1b: Koraidon|Koraidon, L50|100/100
|-activate|p1b: Koraidon|ability: Orichalcum Pulse
|move|p2b: Morgrem|Thunder Wave|p1a: Flutter Mane|[miss]
|-miss|p2b: Morgrem|p1a: Flutter Mane
|move|p1a: Flutter Mane|Moonblast|p2a: Palkia
|-supereffective|p2a: Palkia
|-damage|p2a: Palkia|8/100
|-unboost|p2a: Palkia|spa|1
|move|p2a: Palkia|Surf|p1b: Koraidon|[spread] p2b,p1a,p1b
|-resisted|p1b: Koraidon
|-damage|p2b: Morgrem|61/100
|-damage|p1a: Flutter Mane|84/100
|-damage|p1b: Koraidon|92/100
|
|-weather|SunnyDay|[upkeep]
|upkeep
|turn|5
|-message|radicalredmisty forfeited.
|
|win|jaspereyedsummer
|raw|jaspereyedsummer's rating: 1131 &rarr; <strong>1152</strong><br />(+21 for winning)
|raw|radicalredmisty's rating: 1073 &rarr; <strong>1056</strong><br />(-17 for losing)
|l|☆radicalredmisty
|player|p2|
|l|☆jaspereyedsummer
|player|p1|
