|j|☆chedeqing
|j|☆Veryskillguy
|t:|1750745930
|gametype|doubles
|player|p1|chedeqing|265|1279
|player|p2|Veryskillguy|169|1268
|teamsize|p1|6
|teamsize|p2|6
|gen|9
|tier|[Gen 9] VGC 2025 Reg I
|rated|
|rule|Species Clause: Limit one of each Pokémon
|rule|Item Clause: Limit 1 of each item
|clearpoke
|poke|p1|Iron Hands, L50|
|poke|p1|Miraidon, L50|
|poke|p1|Incineroar, L50, M|
|poke|p1|Amoonguss, L50, M|
|poke|p1|Calyrex-Ice, L50|
|poke|p1|Ursaluna, L50, F|
|poke|p2|Zapdos-Galar, L50|
|poke|p2|Groudon, L50|
|poke|p2|Incineroar, L50, F|
|poke|p2|Lunala, L50|
|poke|p2|Amoonguss, L50, F|
|poke|p2|Raging Bolt, L50|
|teampreview|4
|inactive|Battle timer is ON: inactive players will automatically lose when time's up. (requested by Veryskillguy)
|
|t:|1750745953
|start
|switch|p1a: Incineroar|Incineroar, L50, M, shiny|100/100
|switch|p1b: Ursaluna|Ursaluna, L50, F, shiny|100/100
|switch|p2a: Zapdos|Zapdos-Galar, L50|100/100
|switch|p2b: Groudon|Groudon, L50|100/100
|-weather|SunnyDay|[from] ability: Drought|[of] p2b: Groudon
|-ability|p1a: Incineroar|Intimidate|boost
|-unboost|p2a: Zapdos|atk|1
|-ability|p2a: Zapdos|Defiant|boost
|-boost|p2a: Zapdos|atk|2
|-unboost|p2b: Groudon|atk|1
|turn|1
|inactive|chedeqing has 30 seconds left.
|
|t:|1750745979
|switch|p2b: Incineroar|Incineroar, L50, F|100/100
|-ability|p2b: Incineroar|Intimidate|boost
|-unboost|p1a: Incineroar|atk|1
|-unboost|p1b: Ursaluna|atk|1
|move|p2a: Zapdos|Quick Guard|p2a: Zapdos
|-singleturn|p2a: Zapdos|Quick Guard
|move|p1a: Incineroar|Fake Out|p2a: Zapdos
|-activate|p2a: Zapdos|move: Quick Guard
|move|p1b: Ursaluna|Fire Punch|p2a: Zapdos
|-damage|p2a: Zapdos|63/100
|
|-weather|SunnyDay|[upkeep]
|-status|p1b: Ursaluna|brn|[from] item: Flame Orb
|upkeep
|turn|2
|inactive|chedeqing has 30 seconds left.
|
|t:|1750746004
|move|p2a: Zapdos|Close Combat|p1a: Incineroar
|-supereffective|p1a: Incineroar
|-damage|p1a: Incineroar|0 fnt
|-unboost|p2a: Zapdos|def|1
|-unboost|p2a: Zapdos|spd|1
|faint|p1a: Incineroar
|move|p2b: Incineroar|Parting Shot|p1b: Ursaluna
|-unboost|p1b: Ursaluna|atk|1
|-unboost|p1b: Ursaluna|spa|1
|
|t:|1750746015
|switch|p2b: Lunala|Lunala, L50|100/100|[from] Parting Shot
|move|p1b: Ursaluna|Facade|p2a: Zapdos
|-damage|p2a: Zapdos|0 fnt
|faint|p2a: Zapdos
|
|-weather|SunnyDay|[upkeep]
|-damage|p1b: Ursaluna|95/100 brn|[from] brn
|upkeep
|
|t:|1750746028
|switch|p2a: Incineroar|Incineroar, L50, F|100/100
|switch|p1a: Calyrex|Calyrex-Ice, L50|100/100
|-ability|p1a: Calyrex|As One
|-ability|p1a: Calyrex|Unnerve
|-ability|p2a: Incineroar|Intimidate|boost
|-unboost|p1a: Calyrex|atk|1
|-unboost|p1b: Ursaluna|atk|1
|turn|3
|inactive|Veryskillguy has 30 seconds left.
|
|t:|1750746059
|move|p1a: Calyrex|Protect|p1a: Calyrex
|-singleturn|p1a: Calyrex|Protect
|move|p2b: Lunala|Meteor Beam||[still]
|-prepare|p2b: Lunala|Meteor Beam
|-boost|p2b: Lunala|spa|1
|-enditem|p2b: Lunala|Power Herb
|-anim|p2b: Lunala|Meteor Beam|p1a: Calyrex
|-activate|p1a: Calyrex|move: Protect
|move|p2a: Incineroar|Flare Blitz|p1b: Ursaluna
|-damage|p1b: Ursaluna|40/100 brn
|-damage|p2a: Incineroar|79/100|[from] Recoil
|move|p1b: Ursaluna|Fire Punch|p2b: Lunala
|-damage|p2b: Lunala|91/100
|
|-weather|SunnyDay|[upkeep]
|-damage|p1b: Ursaluna|34/100 brn|[from] brn
|upkeep
|turn|4
|
|t:|1750746080
|move|p2b: Lunala|Moongeist Beam|p1a: Calyrex
|-supereffective|p1a: Calyrex
|-damage|p1a: Calyrex|0 fnt
|faint|p1a: Calyrex
|move|p2a: Incineroar|Flare Blitz|p1b: Ursaluna
|-damage|p1b: Ursaluna|0 fnt
|faint|p1b: Ursaluna
|-damage|p2a: Incineroar|66/100|[from] Recoil
|
|-weather|SunnyDay|[upkeep]
|upkeep
|
|t:|1750746093
|switch|p1a: Miraidon|Miraidon, L50|100/100
|-fieldstart|move: Electric Terrain|[from] ability: Hadron Engine|[of] p1a: Miraidon
|turn|5
|
|t:|1750746108
|-terastallize|p1a: Miraidon|Electric
|move|p1a: Miraidon|Electro Drift|p2b: Lunala
|-damage|p2b: Lunala|0 fnt
|faint|p2b: Lunala
|move|p2a: Incineroar|Parting Shot|p1a: Miraidon
|-unboost|p1a: Miraidon|atk|1
|-unboost|p1a: Miraidon|spa|1
|
|t:|1750746113
|switch|p2a: Groudon|Groudon, L50|100/100|[from] Parting Shot
|
|-weather|none
|upkeep
|
|t:|1750746116
|switch|p2b: Incineroar|Incineroar, L50, F|66/100
|-ability|p2b: Incineroar|Intimidate|boost
|-unboost|p1a: Miraidon|atk|1
|turn|6
|-message|chedeqing forfeited.
|
|win|Veryskillguy
|raw|chedeqing's rating: 1279 &rarr; <strong>1253</strong><br />(-26 for losing)
|raw|Veryskillguy's rating: 1268 &rarr; <strong>1294</strong><br />(+26 for winning)
|l|☆chedeqing
|player|p1|
|l|☆Veryskillguy
|player|p2|
