|j|☆Tannacious
|j|☆GranolaBear
|t:|1750879922
|gametype|doubles
|player|p1|Tannacious|265|1232
|player|p2|GranolaBear|bugcatcher-gen4dp|1272
|teamsize|p1|6
|teamsize|p2|6
|gen|9
|tier|[Gen 9] VGC 2025 Reg I
|rated|
|rule|Species Clause: Limit one of each Pokémon
|rule|Item Clause: Limit 1 of each item
|clearpoke
|poke|p1|Lunala, L50|
|poke|p1|Ursaluna, L50, F|
|poke|p1|Urshifu-*, L50, F|
|poke|p1|Miraidon, L50|
|poke|p1|Grimmsnarl, L50, M|
|poke|p1|Incineroar, L50, F|
|poke|p2|Kyogre, L50|
|poke|p2|Calyrex-Shadow, L50|
|poke|p2|Vikavolt, L50, M|
|poke|p2|Thundurus, L50, M|
|poke|p2|Indeedee-F, L50, F|
|poke|p2|Urshifu-*, L50, M|
|teampreview|4
|inactive|Battle timer is ON: inactive players will automatically lose when time's up. (requested by Tannacious)
|inactive|GranolaBear has 60 seconds left.
|c|☆Tannacious|glhf
|c|☆Tannacious|hard match up ngl
|c|☆Tannacious|worried about the unconventional picks
|inactive|GranolaBear has 30 seconds left.
|inactive|GranolaBear has 20 seconds left.
|inactive|GranolaBear has 15 seconds left.
|inactive|GranolaBear has 10 seconds left.
|
|t:|1750880011
|start
|switch|p1a: Miraidon|Miraidon, L50|100/100
|switch|p1b: Grimmsnarl|Grimmsnarl, L50, M|100/100
|switch|p2a: PALE RIDER|Calyrex-Shadow, L50|100/100
|switch|p2b: LEVIATHAN|Kyogre, L50|100/100
|-ability|p2a: PALE RIDER|As One
|-ability|p2a: PALE RIDER|Unnerve
|-weather|RainDance|[from] ability: Drizzle|[of] p2b: LEVIATHAN
|-fieldstart|move: Electric Terrain|[from] ability: Hadron Engine|[of] p1a: Miraidon
|turn|1
|inactive|GranolaBear has 30 seconds left.
|
|t:|1750880043
|-terastallize|p2b: LEVIATHAN|Ghost
|move|p1b: Grimmsnarl|Thunder Wave|p2a: PALE RIDER
|-status|p2a: PALE RIDER|par
|move|p2b: LEVIATHAN|Water Spout|p1a: Miraidon|[spread] p1a,p1b
|-resisted|p1a: Miraidon
|-damage|p1a: Miraidon|77/100
|-damage|p1b: Grimmsnarl|19/100
|move|p1a: Miraidon|Snarl|p2a: PALE RIDER|[spread] p2a,p2b
|-supereffective|p2a: PALE RIDER
|-supereffective|p2b: LEVIATHAN
|-damage|p2a: PALE RIDER|7/100 par
|-damage|p2b: LEVIATHAN|69/100
|-unboost|p2a: PALE RIDER|spa|1
|-unboost|p2b: LEVIATHAN|spa|1
|move|p2a: PALE RIDER|Astral Barrage|p1a: Miraidon|[spread] p1a,p1b
|-resisted|p1b: Grimmsnarl
|-damage|p1a: Miraidon|51/100
|-damage|p1b: Grimmsnarl|0 fnt
|faint|p1b: Grimmsnarl
|-ability|p2a: PALE RIDER|Grim Neigh|boost
|-boost|p2a: PALE RIDER|spa|1
|
|-weather|RainDance|[upkeep]
|upkeep
|
|t:|1750880060
|switch|p1b: Lunala|Lunala, L50|100/100
|-enditem|p1b: Lunala|Electric Seed
|-boost|p1b: Lunala|def|1|[from] item: Electric Seed
|turn|2
|inactive|Tannacious has 30 seconds left.
|
|t:|1750880095
|move|p2b: LEVIATHAN|Water Spout|p1a: Miraidon|[spread] p1a,p1b
|-resisted|p1a: Miraidon
|-damage|p1a: Miraidon|40/100
|-damage|p1b: Lunala|85/100
|move|p1a: Miraidon|Snarl|p2b: LEVIATHAN|[spread] p2a,p2b
|-supereffective|p2a: PALE RIDER
|-supereffective|p2b: LEVIATHAN
|-damage|p2a: PALE RIDER|0 fnt
|-damage|p2b: LEVIATHAN|35/100
|-unboost|p2b: LEVIATHAN|spa|1
|faint|p2a: PALE RIDER
|move|p1b: Lunala|Trick Room|p1b: Lunala
|-fieldstart|move: Trick Room|[of] p1b: Lunala
|
|-weather|RainDance|[upkeep]
|upkeep
|c|☆GranolaBear|Nothing to worry avout
|inactive|GranolaBear has 30 seconds left.
|
|t:|1750880126
|switch|p2a: RAILGUN MAX|Vikavolt, L50, M, shiny|100/100
|turn|3
|c|☆Tannacious|for me or for you?
|inactive|Tannacious has 30 seconds left.
|inactive|GranolaBear has 30 seconds left.
|
|t:|1750880156
|switch|p2b: YES’M|Indeedee-F, L50, F|100/100
|-fieldstart|move: Psychic Terrain|[from] ability: Psychic Surge|[of] p2b: YES’M
|move|p1b: Lunala|Wide Guard|p1b: Lunala
|-singleturn|p1b: Lunala|Wide Guard
|move|p2a: RAILGUN MAX|Bug Buzz|p1a: Miraidon
|-crit|p1a: Miraidon
|-damage|p1a: Miraidon|0 fnt
|faint|p1a: Miraidon
|-damage|p2a: RAILGUN MAX|91/100|[from] item: Life Orb
|
|-weather|RainDance|[upkeep]
|upkeep
|
|t:|1750880165
|switch|p1a: Ursaluna|Ursaluna, L50, F|100/100
|turn|4
|inactive|Tannacious has 30 seconds left.
|inactive|GranolaBear has 30 seconds left.
|
|t:|1750880199
|-terastallize|p1b: Lunala|Fairy
|move|p2b: YES’M|Helping Hand|p2a: RAILGUN MAX
|-singleturn|p2a: RAILGUN MAX|Helping Hand|[of] p2b: YES’M
|move|p2a: RAILGUN MAX|Thunder|p1b: Lunala
|-damage|p1b: Lunala|0 fnt
|faint|p1b: Lunala
|-damage|p2a: RAILGUN MAX|81/100|[from] item: Life Orb
|move|p1a: Ursaluna|Facade|p2b: YES’M
|-damage|p2b: YES’M|36/100
|
|-weather|RainDance|[upkeep]
|-status|p1a: Ursaluna|brn|[from] item: Flame Orb
|upkeep
|turn|5
|c|☆Tannacious|really cool team ngl
|c|☆Tannacious|I like vikavolt
|inactive|GranolaBear has 30 seconds left.
|
|t:|1750880227
|move|p2b: YES’M|Helping Hand|p2a: RAILGUN MAX
|-singleturn|p2a: RAILGUN MAX|Helping Hand|[of] p2b: YES’M
|move|p2a: RAILGUN MAX|Energy Ball|p1a: Ursaluna
|-supereffective|p1a: Ursaluna
|-damage|p1a: Ursaluna|0 fnt
|faint|p1a: Ursaluna
|-damage|p2a: RAILGUN MAX|71/100|[from] item: Life Orb
|
|win|GranolaBear
|raw|Tannacious's rating: 1232 &rarr; <strong>1210</strong><br />(-22 for losing)
|raw|GranolaBear's rating: 1272 &rarr; <strong>1294</strong><br />(+22 for winning)
|c|☆Tannacious|gg
|c|☆GranolaBear|Gg
|l|☆Tannacious
|player|p1|
|l|☆GranolaBear
|player|p2|
