|j|☆hurryuploser
|j|☆Scottyboi3
|t:|1750821271
|gametype|doubles
|player|p1|hurryuploser|shadowtriad|1064
|player|p2|Scottyboi3|102|1061
|teamsize|p1|6
|teamsize|p2|6
|gen|9
|tier|[Gen 9] VGC 2025 Reg I
|rated|
|rule|Species Clause: Limit one of each Pokémon
|rule|Item Clause: Limit 1 of each item
|clearpoke
|poke|p1|Sableye, L50, F|
|poke|p1|Groudon, L50|
|poke|p1|Raging Bolt, L50|
|poke|p1|Urshifu-*, L50, M|
|poke|p1|Flutter Mane, L50|
|poke|p1|Clefairy, L50, M|
|poke|p2|Incineroar, L50, F|
|poke|p2|Kyogre, L50|
|poke|p2|Tornadus, L50, M|
|poke|p2|Amoonguss, L50, F|
|poke|p2|Roaring Moon, L50|
|poke|p2|Ting-Lu, L50|
|teampreview|4
|
|t:|1750821289
|start
|switch|p1a: Clefairy|Clefairy, L50, M, shiny|100/100
|switch|p1b: Groudon|Groudon, L50|100/100
|switch|p2a: Tornadus|Tornadus, L50, M|100/100
|switch|p2b: Incineroar|Incineroar, L50, F|100/100
|-weather|SunnyDay|[from] ability: Drought|[of] p1b: Groudon
|-ability|p2b: Incineroar|Intimidate|boost
|-unboost|p1a: Clefairy|atk|1
|-unboost|p1b: Groudon|atk|1
|turn|1
|
|t:|1750821307
|switch|p1b: Sableye|Sableye, L50, F|100/100
|move|p1a: Clefairy|Protect|p1a: Clefairy
|-singleturn|p1a: Clefairy|Protect
|move|p2a: Tornadus|Tailwind|p2a: Tornadus
|-sidestart|p2: Scottyboi3|move: Tailwind
|move|p2b: Incineroar|Flare Blitz|p1a: Clefairy
|-activate|p1a: Clefairy|move: Protect
|
|-weather|SunnyDay|[upkeep]
|upkeep
|turn|2
|
|t:|1750821336
|switch|p2a: Kyogre|Kyogre, L50|100/100
|-weather|RainDance|[from] ability: Drizzle|[of] p2a: Kyogre
|move|p1a: Clefairy|Follow Me|p1a: Clefairy
|-singleturn|p1a: Clefairy|move: Follow Me
|move|p1b: Sableye|Gravity|p1b: Sableye
|-fieldstart|move: Gravity
|move|p2b: Incineroar|Flare Blitz|p1a: Clefairy
|-damage|p1a: Clefairy|71/100
|-damage|p2b: Incineroar|92/100|[from] Recoil
|
|-weather|RainDance|[upkeep]
|upkeep
|turn|3
|
|t:|1750821374
|move|p1b: Sableye|Light Screen|p1b: Sableye
|-sidestart|p1: hurryuploser|move: Light Screen
|move|p2a: Kyogre|Water Spout|p1b: Sableye|[spread] p1a,p1b
|-damage|p1a: Clefairy|29/100
|-damage|p1b: Sableye|9/100
|move|p2b: Incineroar|Flare Blitz|p1b: Sableye
|-damage|p1b: Sableye|0 fnt
|faint|p1b: Sableye
|-damage|p2b: Incineroar|90/100|[from] Recoil
|move|p1a: Clefairy|Sunny Day|p1a: Clefairy
|-weather|SunnyDay
|
|-weather|SunnyDay|[upkeep]
|upkeep
|
|t:|1750821385
|switch|p1b: Raging Bolt|Raging Bolt, L50|100/100
|-activate|p1b: Raging Bolt|ability: Protosynthesis
|-start|p1b: Raging Bolt|protosynthesisspa
|turn|4
|
|t:|1750821402
|-terastallize|p2a: Kyogre|Grass
|move|p1a: Clefairy|Follow Me|p1a: Clefairy
|-singleturn|p1a: Clefairy|move: Follow Me
|move|p2a: Kyogre|Ice Beam|p1a: Clefairy
|-damage|p1a: Clefairy|16/100
|move|p2b: Incineroar|Parting Shot|p1a: Clefairy
|-unboost|p1a: Clefairy|atk|1
|-unboost|p1a: Clefairy|spa|1
|
|t:|1750821414
|switch|p2b: Tornadus|Tornadus, L50, M|100/100|[from] Parting Shot
|move|p1b: Raging Bolt|Thunderbolt|p2a: Kyogre
|-resisted|p2a: Kyogre
|-damage|p2a: Kyogre|83/100
|
|-weather|SunnyDay|[upkeep]
|-sideend|p2: Scottyboi3|move: Tailwind
|upkeep
|turn|5
|
|t:|1750821434
|move|p2a: Kyogre|Protect|p2a: Kyogre
|-singleturn|p2a: Kyogre|Protect
|move|p1a: Clefairy|Protect|p1a: Clefairy
|-singleturn|p1a: Clefairy|Protect
|move|p2b: Tornadus|Tailwind|p2b: Tornadus
|-sidestart|p2: Scottyboi3|move: Tailwind
|move|p1b: Raging Bolt|Thunderbolt|p2b: Tornadus
|-supereffective|p2b: Tornadus
|-enditem|p2b: Tornadus|Focus Sash
|-damage|p2b: Tornadus|1/100
|
|-weather|SunnyDay|[upkeep]
|upkeep
|turn|6
|
|t:|1750821457
|switch|p2b: Incineroar|Incineroar, L50, F|90/100
|-ability|p2b: Incineroar|Intimidate|boost
|-unboost|p1a: Clefairy|atk|1
|-unboost|p1b: Raging Bolt|atk|1
|move|p1a: Clefairy|Follow Me|p1a: Clefairy
|-singleturn|p1a: Clefairy|move: Follow Me
|move|p2a: Kyogre|Water Spout|p1a: Clefairy|[spread] p1a,p1b
|-resisted|p1b: Raging Bolt
|-damage|p1a: Clefairy|3/100
|-damage|p1b: Raging Bolt|94/100
|move|p1b: Raging Bolt|Dragon Pulse|p2a: Kyogre
|-damage|p2a: Kyogre|50/100
|
|-weather|SunnyDay|[upkeep]
|-heal|p1b: Raging Bolt|100/100|[from] item: Leftovers
|-fieldend|move: Gravity
|upkeep
|turn|7
|
|t:|1750821504
|switch|p2a: Tornadus|Tornadus, L50, M|1/100
|move|p1a: Clefairy|Protect|p1a: Clefairy
|-singleturn|p1a: Clefairy|Protect
|move|p2b: Incineroar|Snarl|p1b: Raging Bolt|[spread] p1b
|-activate|p1a: Clefairy|move: Protect
|-damage|p1b: Raging Bolt|96/100
|-unboost|p1b: Raging Bolt|spa|1
|move|p1b: Raging Bolt|Dragon Pulse|p2a: Tornadus
|-damage|p2a: Tornadus|0 fnt
|faint|p2a: Tornadus
|
|-weather|none
|-end|p1b: Raging Bolt|Protosynthesis
|-heal|p1b: Raging Bolt|100/100|[from] item: Leftovers
|upkeep
|
|t:|1750821524
|switch|p2a: Roaring Moon|Roaring Moon, L50|100/100
|-enditem|p2a: Roaring Moon|Booster Energy
|-activate|p2a: Roaring Moon|ability: Protosynthesis|[fromitem]
|-start|p2a: Roaring Moon|protosynthesisatk
|turn|8
|
|t:|1750821534
|move|p2a: Roaring Moon|Protect|p2a: Roaring Moon
|-singleturn|p2a: Roaring Moon|Protect
|move|p1b: Raging Bolt|Thunderclap||[still]
|-fail|p1b: Raging Bolt
|move|p2b: Incineroar|Snarl|p1a: Clefairy|[spread] p1a,p1b
|-resisted|p1a: Clefairy
|-damage|p1a: Clefairy|1/100
|-damage|p1b: Raging Bolt|96/100
|-unboost|p1a: Clefairy|spa|1
|-unboost|p1b: Raging Bolt|spa|1
|move|p1a: Clefairy|Sunny Day|p1a: Clefairy
|-weather|SunnyDay
|-activate|p1b: Raging Bolt|ability: Protosynthesis
|-start|p1b: Raging Bolt|protosynthesisdef
|
|-weather|SunnyDay|[upkeep]
|-heal|p1b: Raging Bolt|100/100|[from] item: Leftovers
|-sideend|p2: Scottyboi3|move: Tailwind
|upkeep
|turn|9
|
|t:|1750821579
|-end|p2a: Roaring Moon|Protosynthesis|[silent]
|switch|p2a: Kyogre|Kyogre, L50, tera:Grass|50/100
|-weather|RainDance|[from] ability: Drizzle|[of] p2a: Kyogre
|-end|p1b: Raging Bolt|Protosynthesis
|move|p1a: Clefairy|Protect|p1a: Clefairy
|-singleturn|p1a: Clefairy|Protect
|move|p1b: Raging Bolt|Thunderclap||[still]
|-fail|p1b: Raging Bolt
|move|p2b: Incineroar|Parting Shot|p1b: Raging Bolt
|-unboost|p1b: Raging Bolt|atk|1
|-unboost|p1b: Raging Bolt|spa|1
|
|t:|1750821593
|switch|p2b: Roaring Moon|Roaring Moon, L50|100/100|[from] Parting Shot
|
|-weather|RainDance|[upkeep]
|upkeep
|turn|10
|
|t:|1750821632
|move|p1a: Clefairy|Helping Hand|p1b: Raging Bolt
|-singleturn|p1b: Raging Bolt|Helping Hand|[of] p1a: Clefairy
|move|p1b: Raging Bolt|Thunderclap|p2a: Kyogre
|-resisted|p2a: Kyogre
|-damage|p2a: Kyogre|44/100
|move|p2b: Roaring Moon|Crunch|p1a: Clefairy
|-resisted|p1a: Clefairy
|-damage|p1a: Clefairy|0 fnt
|faint|p1a: Clefairy
|move|p2a: Kyogre|Ice Beam|p1b: Raging Bolt
|-supereffective|p1b: Raging Bolt
|-damage|p1b: Raging Bolt|63/100
|
|-weather|RainDance|[upkeep]
|-heal|p1b: Raging Bolt|69/100|[from] item: Leftovers
|-sideend|p1: hurryuploser|move: Light Screen
|upkeep
|
|t:|1750821644
|switch|p1a: Groudon|Groudon, L50|100/100
|-weather|SunnyDay|[from] ability: Drought|[of] p1a: Groudon
|-activate|p2b: Roaring Moon|ability: Protosynthesis
|-start|p2b: Roaring Moon|protosynthesisatk
|-activate|p1b: Raging Bolt|ability: Protosynthesis
|-start|p1b: Raging Bolt|protosynthesisdef
|turn|11
|
|t:|1750821662
|switch|p2a: Incineroar|Incineroar, L50, F|90/100
|-ability|p2a: Incineroar|Intimidate|boost
|-unboost|p1a: Groudon|atk|1
|-unboost|p1b: Raging Bolt|atk|1
|-terastallize|p1a: Groudon|Ground
|move|p2b: Roaring Moon|Acrobatics|p1a: Groudon
|-crit|p1a: Groudon
|-damage|p1a: Groudon|52/100
|move|p1a: Groudon|Precipice Blades|p2a: Incineroar|[spread] p2a,p2b
|-supereffective|p2a: Incineroar
|-damage|p2a: Incineroar|0 fnt
|-damage|p2b: Roaring Moon|37/100
|faint|p2a: Incineroar
|move|p1b: Raging Bolt|Dragon Pulse|p2b: Roaring Moon
|-supereffective|p2b: Roaring Moon
|-damage|p2b: Roaring Moon|0 fnt
|faint|p2b: Roaring Moon
|-end|p2b: Roaring Moon|Protosynthesis|[silent]
|
|-weather|SunnyDay|[upkeep]
|-heal|p1b: Raging Bolt|75/100|[from] item: Leftovers
|upkeep
|
|t:|1750821684
|switch|p2b: Kyogre|Kyogre, L50, tera:Grass|44/100
|-weather|RainDance|[from] ability: Drizzle|[of] p2b: Kyogre
|-end|p1b: Raging Bolt|Protosynthesis
|turn|12
|
|t:|1750821694
|move|p2b: Kyogre|Origin Pulse|p1b: Raging Bolt|[spread] p1a,p1b
|-supereffective|p1a: Groudon
|-resisted|p1b: Raging Bolt
|-damage|p1a: Groudon|0 fnt
|-damage|p1b: Raging Bolt|44/100
|faint|p1a: Groudon
|move|p1b: Raging Bolt|Dragon Pulse|p2b: Kyogre
|-damage|p2b: Kyogre|34/100
|
|-weather|RainDance|[upkeep]
|-heal|p1b: Raging Bolt|50/100|[from] item: Leftovers
|upkeep
|turn|13
|
|t:|1750821711
|move|p2b: Kyogre|Ice Beam|p1b: Raging Bolt
|-supereffective|p1b: Raging Bolt
|-damage|p1b: Raging Bolt|0 fnt
|faint|p1b: Raging Bolt
|-end|p1b: Raging Bolt|Protosynthesis|[silent]
|
|win|Scottyboi3
|raw|hurryuploser's rating: 1064 &rarr; <strong>1044</strong><br />(-20 for losing)
|raw|Scottyboi3's rating: 1061 &rarr; <strong>1092</strong><br />(+31 for winning)
|l|☆hurryuploser
|player|p1|
