|j|☆MaloDmer
|j|☆knucklee
|t:|1750771594
|gametype|doubles
|player|p1|MaloDmer|acetrainer-gen4dp|1301
|player|p2|knucklee|169|1325
|teamsize|p1|6
|teamsize|p2|6
|gen|9
|tier|[Gen 9] VGC 2025 Reg I
|rated|
|rule|Species Clause: Limit one of each Pokémon
|rule|Item Clause: Limit 1 of each item
|clearpoke
|poke|p1|Ursaluna, L50, F|
|poke|p1|Indeedee-F, L50, F|
|poke|p1|Primarina, L50, F|
|poke|p1|Skeledirge, L50, M|
|poke|p1|Zamazenta-*, L50|
|poke|p1|Calyrex-Ice, L50|
|poke|p2|Calyrex-Shadow, L50|
|poke|p2|Incineroar, L50, M|
|poke|p2|Rillaboom, L50, F|
|poke|p2|Raging Bolt, L50|
|poke|p2|Zamazenta-*, L50|
|poke|p2|Ogerpon-Hearthflame, L50, F|
|teampreview|4
|inactive|Battle timer is ON: inactive players will automatically lose when time's up. (requested by knucklee)
|inactive|knucklee has 60 seconds left.
|
|t:|1750771653
|start
|switch|p1a: Calyrex|Calyrex-Ice, L50|100/100
|switch|p1b: Ignium|Skeledirge, L50, M|100/100
|switch|p2a: Incineroar|Incineroar, L50, M|100/100
|switch|p2b: Calyrex|Calyrex-Shadow, L50|100/100
|-ability|p2b: Calyrex|As One
|-ability|p2b: Calyrex|Unnerve
|-ability|p1a: Calyrex|As One
|-ability|p1a: Calyrex|Unnerve
|-ability|p2a: Incineroar|Intimidate|boost
|-unboost|p1a: Calyrex|atk|1
|-unboost|p1b: Ignium|atk|1
|turn|1
|l|☆MaloDmer
|inactive|MaloDmer disconnected and has a minute to reconnect!
|player|p1|
|inactive|MaloDmer has 30 seconds left.
|inactive|knucklee has 30 seconds left.
|inactive|MaloDmer has 20 seconds left.
|inactive|MaloDmer has 15 seconds left.
|j|☆MaloDmer
|inactive|MaloDmer reconnected and has 15 seconds left.
|player|p1|MaloDmer|acetrainer-gen4dp|
|inactive|MaloDmer has 10 seconds left.
|inactive|MaloDmer has 5 seconds left.
|
|t:|1750771707
|switch|p1a: Consuela|Indeedee-F, L50, F|100/100
|-fieldstart|move: Psychic Terrain|[from] ability: Psychic Surge|[of] p1a: Consuela
|-enditem|p1a: Consuela|Psychic Seed
|-boost|p1a: Consuela|spd|1|[from] item: Psychic Seed
|-terastallize|p1b: Ignium|Dark
|move|p2b: Calyrex|Astral Barrage|p1b: Ignium|[spread] p1b
|-immune|p1a: Consuela
|-resisted|p1b: Ignium
|-damage|p1b: Ignium|72/100
|-damage|p2b: Calyrex|91/100|[from] item: Life Orb
|move|p2a: Incineroar|Knock Off|p1b: Ignium
|-resisted|p1b: Ignium
|-damage|p1b: Ignium|56/100
|-enditem|p1b: Ignium|Safety Goggles|[from] move: Knock Off|[of] p2a: Incineroar
|move|p1b: Ignium|Shadow Ball|p2b: Calyrex
|-supereffective|p2b: Calyrex
|-damage|p2b: Calyrex|0 fnt
|faint|p2b: Calyrex
|
|upkeep
|
|t:|1750771728
|switch|p2b: Zamazenta|Zamazenta-Crowned, L50|100/100
|-ability|p2b: Zamazenta|Dauntless Shield|boost
|-boost|p2b: Zamazenta|def|1
|turn|2
|
|t:|1750771752
|-terastallize|p2b: Zamazenta|Water
|move|p1b: Ignium|Protect|p1b: Ignium
|-singleturn|p1b: Ignium|Protect
|move|p2b: Zamazenta|Body Press|p1a: Consuela
|-damage|p1a: Consuela|35/100
|move|p2a: Incineroar|Parting Shot|p1b: Ignium
|-activate|p1b: Ignium|move: Protect
|move|p1a: Consuela|Trick Room|p1a: Consuela
|-fieldstart|move: Trick Room|[of] p1a: Consuela
|
|upkeep
|turn|3
|
|t:|1750771766
|move|p1a: Consuela|Follow Me|p1a: Consuela
|-singleturn|p1a: Consuela|move: Follow Me
|move|p1b: Ignium|Yawn|p2b: Zamazenta
|-start|p2b: Zamazenta|move: Yawn|[of] p1b: Ignium
|move|p2a: Incineroar|Knock Off|p1a: Consuela
|-supereffective|p1a: Consuela
|-damage|p1a: Consuela|0 fnt
|faint|p1a: Consuela
|move|p2b: Zamazenta|Body Press|p1b: Ignium
|-supereffective|p1b: Ignium
|-damage|p1b: Ignium|0 fnt
|faint|p1b: Ignium
|
|upkeep
|
|t:|1750771775
|switch|p1b: Fenrir|Zamazenta-Crowned, L50|100/100
|switch|p1a: Calyrex|Calyrex-Ice, L50|100/100
|-ability|p1a: Calyrex|As One
|-ability|p1a: Calyrex|Unnerve
|-ability|p1b: Fenrir|Dauntless Shield|boost
|-boost|p1b: Fenrir|def|1
|turn|4
|
|t:|1750771787
|switch|p2b: Rillaboom|Rillaboom, L50, F|100/100
|-fieldstart|move: Grassy Terrain|[from] ability: Grassy Surge|[of] p2b: Rillaboom
|move|p1a: Calyrex|Protect|p1a: Calyrex
|-singleturn|p1a: Calyrex|Protect
|move|p2a: Incineroar|Parting Shot|p1a: Calyrex
|-activate|p1a: Calyrex|move: Protect
|move|p1b: Fenrir|Body Press|p2a: Incineroar
|-supereffective|p2a: Incineroar
|-damage|p2a: Incineroar|0 fnt
|-damage|p1b: Fenrir|84/100|[from] item: Rocky Helmet|[of] p2a: Incineroar
|faint|p2a: Incineroar
|
|-heal|p1b: Fenrir|90/100|[from] Grassy Terrain
|upkeep
|
|t:|1750771793
|switch|p2a: Zamazenta|Zamazenta-Crowned, L50, tera:Water|100/100
|turn|5
|
|t:|1750771805
|move|p1b: Fenrir|Protect|p1b: Fenrir
|-singleturn|p1b: Fenrir|Protect
|move|p2b: Rillaboom|Fake Out|p1b: Fenrir
|-activate|p1b: Fenrir|move: Protect
|move|p1a: Calyrex|Glacial Lance|p2b: Rillaboom|[spread] p2a,p2b
|-resisted|p2a: Zamazenta
|-crit|p2a: Zamazenta
|-supereffective|p2b: Rillaboom
|-damage|p2a: Zamazenta|81/100
|-damage|p2b: Rillaboom|4/100
|move|p2a: Zamazenta|Body Press|p1a: Calyrex
|-damage|p1a: Calyrex|73/100
|
|-heal|p1a: Calyrex|79/100|[from] Grassy Terrain
|-heal|p2b: Rillaboom|10/100|[from] Grassy Terrain
|-heal|p1b: Fenrir|95/100|[from] Grassy Terrain
|-heal|p2a: Zamazenta|87/100|[from] Grassy Terrain
|upkeep
|turn|6
|
|t:|1750771822
|move|p2b: Rillaboom|Grassy Glide|p1a: Calyrex
|-crit|p1a: Calyrex
|-damage|p1a: Calyrex|52/100
|move|p1a: Calyrex|Glacial Lance|p2a: Zamazenta|[spread] p2a,p2b
|-resisted|p2a: Zamazenta
|-supereffective|p2b: Rillaboom
|-damage|p2a: Zamazenta|73/100
|-damage|p2b: Rillaboom|0 fnt
|faint|p2b: Rillaboom
|-ability|p1a: Calyrex|Chilling Neigh|boost
|-boost|p1a: Calyrex|atk|1
|move|p1b: Fenrir|Body Press|p2a: Zamazenta
|-damage|p2a: Zamazenta|37/100
|move|p2a: Zamazenta|Body Press|p1a: Calyrex
|-damage|p1a: Calyrex|27/100
|-enditem|p1a: Calyrex|Sitrus Berry|[eat]
|-heal|p1a: Calyrex|52/100|[from] item: Sitrus Berry
|
|-heal|p1a: Calyrex|58/100|[from] Grassy Terrain
|-heal|p1b: Fenrir|100/100|[from] Grassy Terrain
|-heal|p2a: Zamazenta|43/100|[from] Grassy Terrain
|-fieldend|move: Trick Room
|upkeep
|turn|7
|-message|knucklee forfeited.
|
|win|MaloDmer
|raw|MaloDmer's rating: 1301 &rarr; <strong>1322</strong><br />(+21 for winning)
|raw|knucklee's rating: 1325 &rarr; <strong>1304</strong><br />(-21 for losing)
|l|☆knucklee
|player|p2|
|l|☆MaloDmer
|player|p1|
