|j|☆jgvitvyvt
|j|☆plsdontspeaktome
|t:|1750827380
|gametype|doubles
|player|p1|jgvitvyvt|unknown|1211
|player|p2|plsdontspeaktome|265|1222
|teamsize|p1|6
|teamsize|p2|6
|gen|9
|tier|[Gen 9] VGC 2025 Reg I
|rated|
|rule|Species Clause: Limit one of each Pokémon
|rule|Item Clause: Limit 1 of each item
|clearpoke
|poke|p1|Miraidon, L50|
|poke|p1|Groudon, L50|
|poke|p1|Walking Wake, L50|
|poke|p1|Farigiraf, L50, M|
|poke|p1|Scovillain, L50, M|
|poke|p1|Murkrow, L50, F|
|poke|p2|Calyrex-Shadow, L50|
|poke|p2|Gouging Fire, L50|
|poke|p2|Whimsicott, L50, M|
|poke|p2|Rillaboom, L50, F|
|poke|p2|Rayquaza, L50|
|poke|p2|Sneasler, L50, M|
|teampreview|4
|inactive|Battle timer is ON: inactive players will automatically lose when time's up. (requested by plsdontspeaktome)
|inactive|jgvitvyvt has 60 seconds left.
|inactive|plsdontspeaktome has 60 seconds left.
plsdontspeaktome has agreed to open team sheets.
|
|t:|1750827437
|start
|switch|p1a: Groudon|Groudon, L50|100/100
|switch|p1b: Walking Wake|Walking Wake, L50|100/100
|switch|p2a: Rayquaza|Rayquaza, L50|100/100
|switch|p2b: Sneasler|Sneasler, L50, M|100/100
|-ability|p2b: Sneasler|Pressure
|-ability|p2a: Rayquaza|Air Lock
|-weather|SunnyDay|[from] ability: Drought|[of] p1a: Groudon
|turn|1
|
|t:|1750827454
|-terastallize|p2a: Rayquaza|Normal
|move|p1a: Groudon|Protect|p1a: Groudon
|-singleturn|p1a: Groudon|Protect
|move|p2b: Sneasler|Fake Out|p1b: Walking Wake
|-damage|p1b: Walking Wake|88/100
|cant|p1b: Walking Wake|flinch
|move|p2a: Rayquaza|Swords Dance|p2a: Rayquaza
|-boost|p2a: Rayquaza|atk|2
|
|-weather|SunnyDay|[upkeep]
|upkeep
|turn|2
|
|t:|1750827473
|switch|p1a: Farigiraf|Farigiraf, L50, M|100/100
|move|p2a: Rayquaza|Extreme Speed||[still]
|cant|p1a: Farigiraf|ability: Armor Tail|Extreme Speed|[of] p2a: Rayquaza
|move|p2b: Sneasler|Dire Claw|p1a: Farigiraf
|-damage|p1a: Farigiraf|60/100
|move|p1b: Walking Wake|Breaking Swipe|p2b: Sneasler|[spread] p2a,p2b
|-crit|p2a: Rayquaza
|-damage|p2a: Rayquaza|85/100
|-damage|p2b: Sneasler|79/100
|-unboost|p2b: Sneasler|atk|1
|
|-weather|SunnyDay|[upkeep]
|-heal|p1a: Farigiraf|67/100|[from] item: Leftovers
|upkeep
|turn|3
|inactive|jgvitvyvt has 30 seconds left.
|
|t:|1750827499
|move|p1a: Farigiraf|Protect|p1a: Farigiraf
|-singleturn|p1a: Farigiraf|Protect
|move|p2b: Sneasler|Dire Claw|p1b: Walking Wake
|-damage|p1b: Walking Wake|63/100
|-status|p1b: Walking Wake|slp
|cant|p1b: Walking Wake|slp
|move|p2a: Rayquaza|Earthquake|p1b: Walking Wake|[spread] p2b,p1b
|-activate|p1a: Farigiraf|move: Protect
|-supereffective|p2b: Sneasler
|-damage|p2b: Sneasler|0 fnt
|-damage|p1b: Walking Wake|9/100 slp
|faint|p2b: Sneasler
|
|-weather|SunnyDay|[upkeep]
|-heal|p1a: Farigiraf|73/100|[from] item: Leftovers
|upkeep
|
|t:|1750827510
|switch|p2b: Rillaboom|Rillaboom, L50, F|100/100
|-fieldstart|move: Grassy Terrain|[from] ability: Grassy Surge|[of] p2b: Rillaboom
|turn|4
|
|t:|1750827527
|cant|p1b: Walking Wake|slp
|move|p2a: Rayquaza|Earthquake|p1a: Farigiraf|[spread] p2b,p1a,p1b
|-resisted|p2b: Rillaboom
|-damage|p2b: Rillaboom|86/100
|-damage|p1a: Farigiraf|41/100
|-damage|p1b: Walking Wake|0 fnt
|faint|p1b: Walking Wake
|-end|p1b: Walking Wake|Protosynthesis|[silent]
|move|p2b: Rillaboom|U-turn|p1a: Farigiraf
|-supereffective|p1a: Farigiraf
|-damage|p1a: Farigiraf|7/100
|
|t:|1750827537
|switch|p2b: Calyrex|Calyrex-Shadow, L50|100/100|[from] U-turn
|-ability|p2b: Calyrex|As One
|-ability|p2b: Calyrex|Unnerve
|move|p1a: Farigiraf|Trick Room|p1a: Farigiraf
|-fieldstart|move: Trick Room|[of] p1a: Farigiraf
|
|-weather|SunnyDay|[upkeep]
|-heal|p1a: Farigiraf|13/100|[from] Grassy Terrain
|-heal|p1a: Farigiraf|19/100|[from] item: Leftovers
|-heal|p2a: Rayquaza|91/100|[from] Grassy Terrain
|upkeep
|
|t:|1750827554
|switch|p1b: Groudon|Groudon, L50|100/100
|turn|5
|
|t:|1750827559
|switch|p2b: Rillaboom|Rillaboom, L50, F|86/100
|move|p1a: Farigiraf|Gravity|p1a: Farigiraf
|-fieldstart|move: Gravity
|move|p1b: Groudon|Precipice Blades|p2a: Rayquaza|[spread] p2a,p2b
|-crit|p2a: Rayquaza
|-resisted|p2b: Rillaboom
|-damage|p2a: Rayquaza|7/100
|-damage|p2b: Rillaboom|61/100
|move|p2a: Rayquaza|Earthquake|p1a: Farigiraf|[spread] p2b,p1a,p1b
|-resisted|p2b: Rillaboom
|-damage|p2b: Rillaboom|47/100
|-damage|p1a: Farigiraf|0 fnt
|-damage|p1b: Groudon|77/100
|faint|p1a: Farigiraf
|
|-weather|none
|-heal|p1b: Groudon|83/100|[from] Grassy Terrain
|-heal|p2b: Rillaboom|54/100|[from] Grassy Terrain
|-heal|p2a: Rayquaza|13/100|[from] Grassy Terrain
|upkeep
|
|t:|1750827566
|switch|p1a: Miraidon|Miraidon, L50|100/100
|-fieldstart|move: Electric Terrain|[from] ability: Hadron Engine|[of] p1a: Miraidon
|turn|6
|
|t:|1750827584
|move|p2b: Rillaboom|Fake Out|p1b: Groudon
|-damage|p1b: Groudon|75/100
|move|p2a: Rayquaza|Extreme Speed|p1a: Miraidon
|-crit|p1a: Miraidon
|-damage|p1a: Miraidon|0 fnt
|faint|p1a: Miraidon
|cant|p1b: Groudon|flinch
|
|upkeep
|turn|7
|
|t:|1750827592
|move|p2a: Rayquaza|Extreme Speed|p1b: Groudon
|-damage|p1b: Groudon|6/100
|move|p1b: Groudon|Precipice Blades|p2a: Rayquaza|[spread] p2a,p2b
|-resisted|p2b: Rillaboom
|-damage|p2a: Rayquaza|0 fnt
|-damage|p2b: Rillaboom|28/100
|faint|p2a: Rayquaza
|move|p2b: Rillaboom|Grassy Glide|p1b: Groudon
|-supereffective|p1b: Groudon
|-damage|p1b: Groudon|0 fnt
|faint|p1b: Groudon
|
|win|plsdontspeaktome
|raw|jgvitvyvt's rating: 1211 &rarr; <strong>1187</strong><br />(-24 for losing)
|raw|plsdontspeaktome's rating: 1222 &rarr; <strong>1246</strong><br />(+24 for winning)
|l|☆jgvitvyvt
|player|p1|
|l|☆plsdontspeaktome
|player|p2|
