|j|☆Tepig_nNz_498
|j|☆Aabraao
|t:|1750871843
|gametype|doubles
|player|p1|Tepig_nNz_498|266|1507
|player|p2|Aabraao|hilbert|1590
|teamsize|p1|6
|teamsize|p2|6
|gen|9
|tier|[Gen 9] VGC 2025 Reg I
|rated|
|rule|Species Clause: Limit one of each Pokémon
|rule|Item Clause: Limit 1 of each item
|clearpoke
|poke|p1|Ludicolo, L50, M|
|poke|p1|Kyogre, L50|
|poke|p1|Tornadus, L50, M|
|poke|p1|Primarina, L50, F|
|poke|p1|Zacian-*, L50|
|poke|p1|Urshifu-*, L50, F|
|poke|p2|Lunala, L50|
|poke|p2|Calyrex-Ice, L50|
|poke|p2|Incineroar, L50, M|
|poke|p2|Kingambit, L50, F|
|poke|p2|Ogerpon-Cornerstone, L50, F|
|poke|p2|Torkoal, L50, F|
|teampreview|4
|inactive|Battle timer is ON: inactive players will automatically lose when time's up. (requested by Aabraao)
|inactive|Tepig_nNz_498 has 60 seconds left.
|inactive|Aabraao has 60 seconds left.
|inactive|Aabraao has 30 seconds left.
|inactive|Aabraao has 20 seconds left.
Tepig_nNz_498 rejected open team sheets.
|inactive|Aabraao has 15 seconds left.
|
|t:|1750871918
|start
|switch|p1a: Primarina|Primarina, L50, F|100/100
|switch|p1b: Ludicolo|Ludicolo, L50, M|100/100
|switch|p2a: Ogerpon|Ogerpon-Cornerstone, L50, F|100/100
|switch|p2b: Lunala|Lunala, L50|100/100
|turn|1
|inactive|Tepig_nNz_498 has 30 seconds left.
|
|t:|1750871948
|-terastallize|p2b: Lunala|Water
|move|p1b: Ludicolo|Fake Out|p2a: Ogerpon
|-resisted|p2a: Ogerpon
|-damage|p2a: Ogerpon|97/100
|cant|p2a: Ogerpon|flinch
|move|p1a: Primarina|Alluring Voice|p2b: Lunala
|-resisted|p2b: Lunala
|-damage|p2b: Lunala|93/100
|-enditem|p1a: Primarina|Throat Spray
|-boost|p1a: Primarina|spa|1|[from] item: Throat Spray
|move|p2b: Lunala|Trick Room|p2b: Lunala
|-fieldstart|move: Trick Room|[of] p2b: Lunala
|
|-heal|p2b: Lunala|99/100|[from] item: Leftovers
|upkeep
|turn|2
|
|t:|1750871965
|switch|p2a: Calyrex|Calyrex-Ice, L50|100/100
|-ability|p2a: Calyrex|As One
|-ability|p2a: Calyrex|Unnerve
|move|p1a: Primarina|Hyper Voice|p2a: Calyrex|[spread] p2a,p2b
|-resisted|p2b: Lunala
|-damage|p2a: Calyrex|63/100
|-damage|p2b: Lunala|80/100
|move|p2b: Lunala|Calm Mind|p2b: Lunala
|-boost|p2b: Lunala|spa|1
|-boost|p2b: Lunala|spd|1
|move|p1b: Ludicolo|Energy Ball|p2b: Lunala
|-supereffective|p2b: Lunala
|-damage|p2b: Lunala|43/100
|
|-heal|p2b: Lunala|49/100|[from] item: Leftovers
|upkeep
|turn|3
|
|t:|1750871988
|switch|p1b: Kyogre|Kyogre, L50|100/100
|-weather|RainDance|[from] ability: Drizzle|[of] p1b: Kyogre
|move|p2a: Calyrex|Glacial Lance|p1a: Primarina|[spread] p1a,p1b
|-resisted|p1a: Primarina
|-resisted|p1b: Kyogre
|-damage|p1a: Primarina|62/100
|-damage|p1b: Kyogre|67/100
|move|p1a: Primarina|Alluring Voice|p2a: Calyrex
|-damage|p2a: Calyrex|0 fnt
|faint|p2a: Calyrex
|move|p2b: Lunala|Moongeist Beam|p1b: Kyogre
|-damage|p1b: Kyogre|4/100
|
|-weather|RainDance|[upkeep]
|-heal|p2b: Lunala|55/100|[from] item: Leftovers
|upkeep
|
|t:|1750871994
|switch|p2a: Torkoal|Torkoal, L50, F|100/100
|-weather|SunnyDay|[from] ability: Drought|[of] p2a: Torkoal
|turn|4
|inactive|Tepig_nNz_498 has 30 seconds left.
|
|t:|1750872022
|move|p1a: Primarina|Protect|p1a: Primarina
|-singleturn|p1a: Primarina|Protect
|move|p2a: Torkoal|Eruption|p1b: Kyogre|[spread] p1b
|-activate|p1a: Primarina|move: Protect
|-resisted|p1b: Kyogre
|-damage|p1b: Kyogre|0 fnt
|faint|p1b: Kyogre
|move|p2b: Lunala|Moongeist Beam|p1a: Primarina
|-activate|p1a: Primarina|move: Protect
|
|-weather|SunnyDay|[upkeep]
|-heal|p2b: Lunala|61/100|[from] item: Leftovers
|upkeep
|
|t:|1750872023
|switch|p1b: Ludicolo|Ludicolo, L50, M|100/100
|turn|5
|
|t:|1750872042
|move|p1b: Ludicolo|Fake Out|p2a: Torkoal
|-damage|p2a: Torkoal|95/100
|cant|p2a: Torkoal|flinch
|move|p1a: Primarina|Hyper Voice|p2b: Lunala|[spread] p2a,p2b
|-supereffective|p2a: Torkoal
|-crit|p2a: Torkoal
|-resisted|p2b: Lunala
|-damage|p2a: Torkoal|0 fnt
|-damage|p2b: Lunala|56/100
|faint|p2a: Torkoal
|move|p2b: Lunala|Calm Mind|p2b: Lunala
|-boost|p2b: Lunala|spa|1
|-boost|p2b: Lunala|spd|1
|
|-weather|SunnyDay|[upkeep]
|-heal|p2b: Lunala|62/100|[from] item: Leftovers
|-fieldend|move: Trick Room
|upkeep
|
|t:|1750872057
|switch|p2a: Ogerpon|Ogerpon-Cornerstone, L50, F|97/100
|turn|6
|
|t:|1750872070
|move|p1a: Primarina|Protect|p1a: Primarina
|-singleturn|p1a: Primarina|Protect
|move|p2a: Ogerpon|Horn Leech|p1a: Primarina
|-activate|p1a: Primarina|move: Protect
|move|p1b: Ludicolo|Icy Wind|p2a: Ogerpon|[spread] p2a,p2b
|-supereffective|p2a: Ogerpon
|-resisted|p2b: Lunala
|-damage|p2a: Ogerpon|68/100
|-damage|p2b: Lunala|60/100
|-unboost|p2a: Ogerpon|spe|1
|-unboost|p2b: Lunala|spe|1
|move|p2b: Lunala|Moongeist Beam|p1b: Ludicolo
|-damage|p1b: Ludicolo|19/100
|
|-weather|SunnyDay|[upkeep]
|-heal|p2b: Lunala|66/100|[from] item: Leftovers
|upkeep
|turn|7
|
|t:|1750872088
|move|p1b: Ludicolo|Weather Ball|p2a: Ogerpon
|-crit|p2a: Ogerpon
|-damage|p2a: Ogerpon|0 fnt
|faint|p2a: Ogerpon
|move|p1a: Primarina|Moonblast|p2b: Lunala
|-damage|p2b: Lunala|39/100
|-unboost|p2b: Lunala|spa|1
|move|p2b: Lunala|Moongeist Beam|p1b: Ludicolo
|-damage|p1b: Ludicolo|0 fnt
|faint|p1b: Ludicolo
|
|-weather|SunnyDay|[upkeep]
|-heal|p2b: Lunala|45/100|[from] item: Leftovers
|upkeep
|
|t:|1750872099
|switch|p1b: Zacian|Zacian-Crowned, L50, shiny|100/100
|-ability|p1b: Zacian|Intrepid Sword|boost
|-boost|p1b: Zacian|atk|1
|turn|8
|
|t:|1750872115
|move|p1b: Zacian|Wild Charge|p2b: Lunala
|-supereffective|p2b: Lunala
|-damage|p2b: Lunala|0 fnt
|faint|p2b: Lunala
|-damage|p1b: Zacian|85/100|[from] Recoil
|
|win|Tepig_nNz_498
|raw|Tepig_nNz_498's rating: 1507 &rarr; <strong>1532</strong><br />(+25 for winning)
|raw|Aabraao's rating: 1590 &rarr; <strong>1565</strong><br />(-25 for losing)
|l|☆Aabraao
|player|p2|
|l|☆Tepig_nNz_498
|player|p1|
|j| naibot2814
|l| naibot2814
