|j|☆muhammadmohsin99
|j|☆ItsZachStone
|t:|1750882518
|gametype|doubles
|player|p1|muhammadmohsin99|102|1375
|player|p2|ItsZachStone|flannery|1430
|teamsize|p1|6
|teamsize|p2|6
|gen|9
|tier|[Gen 9] VGC 2025 Reg I
|rated|
|rule|Species Clause: Limit one of each Pokémon
|rule|Item Clause: Limit 1 of each item
|clearpoke
|poke|p1|Calyrex-Ice, L50|
|poke|p1|Zamazenta-*, L50|
|poke|p1|Incineroar, L50, M|
|poke|p1|Grimmsnarl, L50, M|
|poke|p1|Ursaluna, L50, F|
|poke|p1|Raging Bolt, L50|
|poke|p2|Toxicroak, L50, M|
|poke|p2|Calyrex-Ice, L50|
|poke|p2|Rillaboom, L50, F|
|poke|p2|Landorus-Therian, L50, M|
|poke|p2|Kyogre, L50|
|poke|p2|Ogerpon-Wellspring, L50, F|
|teampreview|4
|inactive|Battle timer is ON: inactive players will automatically lose when time's up. (requested by ItsZachStone)
|inactive|muhammadmohsin99 has 60 seconds left.
|inactive|ItsZachStone has 60 seconds left.
|
|t:|1750882576
|start
|switch|p1a: Zamazenta|Zamazenta-Crowned, L50|100/100
|switch|p1b: Calyrex|Calyrex-Ice, L50|100/100
|switch|p2a: Toxicroak|Toxicroak, L50, M|100/100
|switch|p2b: Kyogre|Kyogre, L50|100/100
|-ability|p1b: Calyrex|As One
|-ability|p1b: Calyrex|Unnerve
|-ability|p1a: Zamazenta|Dauntless Shield|boost
|-boost|p1a: Zamazenta|def|1
|-weather|RainDance|[from] ability: Drizzle|[of] p2b: Kyogre
|turn|1
|inactive|muhammadmohsin99 has 30 seconds left.
|
|t:|1750882607
|switch|p2b: Calyrex|Calyrex-Ice, L50|100/100
|-ability|p2b: Calyrex|As One
|-ability|p2b: Calyrex|Unnerve
|move|p1a: Zamazenta|Body Press|p2b: Calyrex
|-damage|p2b: Calyrex|64/100
|move|p2a: Toxicroak|Coaching|p2b: Calyrex
|-boost|p2b: Calyrex|atk|1
|-boost|p2b: Calyrex|def|1
|move|p1b: Calyrex|Glacial Lance|p2a: Toxicroak|[spread] p2a,p2b
|-resisted|p2b: Calyrex
|-damage|p2a: Toxicroak|3/100
|-damage|p2b: Calyrex|55/100
|
|-weather|RainDance|[upkeep]
|-heal|p2a: Toxicroak|15/100|[from] ability: Dry Skin
|-heal|p2b: Calyrex|61/100|[from] item: Leftovers
|upkeep
|turn|2
|inactive|muhammadmohsin99 has 30 seconds left.
|
|t:|1750882640
|move|p1a: Zamazenta|Coaching|p1b: Calyrex
|-boost|p1b: Calyrex|atk|1
|-boost|p1b: Calyrex|def|1
|move|p2a: Toxicroak|Coaching|p2b: Calyrex
|-boost|p2b: Calyrex|atk|1
|-boost|p2b: Calyrex|def|1
|move|p1b: Calyrex|Leech Seed|p2b: Calyrex
|-start|p2b: Calyrex|move: Leech Seed
|move|p2b: Calyrex|Leech Seed|p1a: Zamazenta
|-start|p1a: Zamazenta|move: Leech Seed
|
|-weather|RainDance|[upkeep]
|-heal|p2a: Toxicroak|27/100|[from] ability: Dry Skin
|-heal|p2b: Calyrex|67/100|[from] item: Leftovers
|-damage|p1a: Zamazenta|88/100|[from] Leech Seed|[of] p2b: Calyrex
|-heal|p2b: Calyrex|78/100|[silent]
|-damage|p2b: Calyrex|66/100|[from] Leech Seed|[of] p1b: Calyrex
|upkeep
|turn|3
|
|t:|1750882661
|switch|p1a: Incineroar|Incineroar, L50, M|100/100
|-ability|p1a: Incineroar|Intimidate|boost
|-unboost|p2a: Toxicroak|atk|1
|-unboost|p2b: Calyrex|atk|1
|move|p2a: Toxicroak|Close Combat|p1a: Incineroar
|-supereffective|p1a: Incineroar
|-damage|p1a: Incineroar|41/100
|-unboost|p2a: Toxicroak|def|1
|-unboost|p2a: Toxicroak|spd|1
|move|p1b: Calyrex|Glacial Lance|p2b: Calyrex|[spread] p2a,p2b
|-resisted|p2b: Calyrex
|-damage|p2a: Toxicroak|0 fnt
|-damage|p2b: Calyrex|56/100
|faint|p2a: Toxicroak
|-ability|p1b: Calyrex|Chilling Neigh|boost
|-boost|p1b: Calyrex|atk|1
|move|p2b: Calyrex|Glacial Lance|p1b: Calyrex|[spread] p1a,p1b
|-resisted|p1a: Incineroar
|-resisted|p1b: Calyrex
|-damage|p1a: Incineroar|13/100
|-damage|p1b: Calyrex|86/100
|
|-weather|RainDance|[upkeep]
|-heal|p1b: Calyrex|92/100|[from] item: Leftovers
|-heal|p2b: Calyrex|62/100|[from] item: Leftovers
|-damage|p2b: Calyrex|50/100|[from] Leech Seed|[of] p1b: Calyrex
|-heal|p1b: Calyrex|100/100|[silent]
|upkeep
|
|t:|1750882675
|switch|p2a: Ogerpon|Ogerpon-Wellspring, L50, F|100/100
|turn|4
|inactive|muhammadmohsin99 has 30 seconds left.
|inactive|muhammadmohsin99 has 20 seconds left.
|inactive|muhammadmohsin99 has 15 seconds left.
|
|t:|1750882719
|move|p2a: Ogerpon|Spiky Shield|p2a: Ogerpon
|-singleturn|p2a: Ogerpon|move: Protect
|move|p1a: Incineroar|Knock Off|p2b: Calyrex
|-supereffective|p2b: Calyrex
|-damage|p2b: Calyrex|27/100
|-enditem|p2b: Calyrex|Leftovers|[from] move: Knock Off|[of] p1a: Incineroar
|move|p2b: Calyrex|Leech Seed|p1b: Calyrex
|-start|p1b: Calyrex|move: Leech Seed
|move|p1b: Calyrex|Glacial Lance|p2b: Calyrex|[spread] p2b
|-activate|p2a: Ogerpon|move: Protect
|-resisted|p2b: Calyrex
|-damage|p2b: Calyrex|14/100
|
|-weather|RainDance|[upkeep]
|-damage|p1b: Calyrex|88/100|[from] Leech Seed|[of] p2b: Calyrex
|-heal|p2b: Calyrex|26/100|[silent]
|-damage|p2b: Calyrex|14/100|[from] Leech Seed|[of] p1b: Calyrex
|-heal|p1b: Calyrex|100/100|[silent]
|upkeep
|turn|5
|inactive|muhammadmohsin99 has 30 seconds left.
|inactive|ItsZachStone has 30 seconds left.
|
|t:|1750882750
|switch|p1a: Zamazenta|Zamazenta-Crowned, L50|88/100
|switch|p2b: Kyogre|Kyogre, L50|100/100
|move|p2a: Ogerpon|Ivy Cudgel|p1b: Calyrex|[anim] Ivy Cudgel Water
|-damage|p1b: Calyrex|69/100
|move|p1b: Calyrex|Glacial Lance|p2a: Ogerpon|[spread] p2a,p2b
|-resisted|p2b: Kyogre
|-damage|p2a: Ogerpon|0 fnt
|-damage|p2b: Kyogre|47/100
|faint|p2a: Ogerpon
|-ability|p1b: Calyrex|Chilling Neigh|boost
|-boost|p1b: Calyrex|atk|1
|
|-weather|none
|-heal|p1b: Calyrex|75/100|[from] item: Leftovers
|-damage|p1b: Calyrex|63/100|[from] Leech Seed|[of] p2b: Kyogre
|-heal|p2b: Kyogre|59/100|[silent]
|upkeep
|-message|ItsZachStone forfeited.
|
|win|muhammadmohsin99
|raw|muhammadmohsin99's rating: 1375 &rarr; <strong>1398</strong><br />(+23 for winning)
|raw|ItsZachStone's rating: 1430 &rarr; <strong>1407</strong><br />(-23 for losing)
|l|☆muhammadmohsin99
|player|p1|
|l|☆ItsZachStone
|player|p2|
