|j|☆Borislax
|j|☆thegreatestgalar
|t:|1750807000
|gametype|doubles
|player|p1|Borislax|elesa|1559
|player|p2|thegreatestgalar|pokemonrangerf|1453
|teamsize|p1|6
|teamsize|p2|6
|gen|9
|tier|[Gen 9] VGC 2025 Reg I
|rated|
|rule|Species Clause: Limit one of each Pokémon
|rule|Item Clause: Limit 1 of each item
|clearpoke
|poke|p1|Rayquaza, L50|
|poke|p1|Chien-Pao, L50|
|poke|p1|Dondozo, L50, F|
|poke|p1|Tatsugiri, L50, F|
|poke|p1|Calyrex-Shadow, L50|
|poke|p1|Chi-Yu, L50|
|poke|p2|Calyrex-Shadow, L50|
|poke|p2|Incineroar, L50, F|
|poke|p2|Raichu, L50, F|
|poke|p2|Gastrodon, L50, F|
|poke|p2|Urshifu-*, L50, M|
|poke|p2|Zacian-*, L50|
|teampreview|4
thegreatestgalar rejected open team sheets.
|
|t:|1750807034
|start
|switch|p1a: Say Gex|Calyrex-Shadow, L50|100/100
|switch|p1b: Gex|Chi-Yu, L50|100/100
|switch|p2a: Da Horse|Calyrex-Shadow, L50|100/100
|switch|p2b: Glick|Incineroar, L50, F|100/100
|-ability|p1a: Say Gex|As One
|-ability|p1a: Say Gex|Unnerve
|-ability|p2a: Da Horse|As One
|-ability|p2a: Da Horse|Unnerve
|-ability|p1b: Gex|Beads of Ruin
|-ability|p2b: Glick|Intimidate|boost
|-unboost|p1a: Say Gex|atk|1
|-unboost|p1b: Gex|atk|1
|turn|1
|
|t:|1750807051
|move|p2a: Da Horse|Protect|p2a: Da Horse
|-singleturn|p2a: Da Horse|Protect
|move|p1b: Gex|Snarl|p2b: Glick|[spread] p2b
|-activate|p2a: Da Horse|move: Protect
|-resisted|p2b: Glick
|-damage|p2b: Glick|87/100
|-unboost|p2b: Glick|spa|1
|move|p1a: Say Gex|Astral Barrage|p2a: Da Horse|[spread] p2b
|-activate|p2a: Da Horse|move: Protect
|-resisted|p2b: Glick
|-damage|p2b: Glick|45/100
|move|p2b: Glick|Knock Off|p1b: Gex
|-resisted|p1b: Gex
|-damage|p1b: Gex|71/100
|-enditem|p1b: Gex|Choice Scarf|[from] move: Knock Off|[of] p2b: Glick
|
|upkeep
|turn|2
|
|t:|1750807082
|-terastallize|p2a: Da Horse|Dark
|move|p1a: Say Gex|Astral Barrage|p2b: Glick|[spread] p2a,p2b
|-resisted|p2a: Da Horse
|-resisted|p2b: Glick
|-damage|p2a: Da Horse|57/100
|-damage|p2b: Glick|8/100
|move|p2a: Da Horse|Astral Barrage|p1b: Gex|[spread] p1a,p1b
|-supereffective|p1a: Say Gex
|-resisted|p1b: Gex
|-damage|p1a: Say Gex|0 fnt
|-damage|p1b: Gex|38/100
|-enditem|p2b: Glick|Sitrus Berry|[eat]
|-heal|p2b: Glick|33/100|[from] item: Sitrus Berry
|faint|p1a: Say Gex
|-ability|p2a: Da Horse|Grim Neigh|boost
|-boost|p2a: Da Horse|spa|1
|move|p1b: Gex|Snarl|p2a: Da Horse|[spread] p2a,p2b
|-resisted|p2a: Da Horse
|-resisted|p2b: Glick
|-damage|p2a: Da Horse|42/100
|-damage|p2b: Glick|19/100
|-unboost|p2a: Da Horse|spa|1
|-unboost|p2b: Glick|spa|1
|move|p2b: Glick|Knock Off|p1b: Gex
|-resisted|p1b: Gex
|-damage|p1b: Gex|19/100
|
|upkeep
|
|t:|1750807096
|switch|p1a: Oogie|Rayquaza, L50|100/100
|-ability|p1a: Oogie|Air Lock
|turn|3
|
|t:|1750807117
|move|p2a: Da Horse|Protect|p2a: Da Horse
|-singleturn|p2a: Da Horse|Protect
|move|p1a: Oogie|Extreme Speed|p2a: Da Horse
|-activate|p2a: Da Horse|move: Protect
|move|p1b: Gex|Flamethrower|p2b: Glick
|-resisted|p2b: Glick
|-damage|p2b: Glick|0 fnt
|faint|p2b: Glick
|
|upkeep
|
|t:|1750807126
|switch|p2b: Zacian|Zacian-Crowned, L50|100/100
|-ability|p2b: Zacian|Intrepid Sword|boost
|-boost|p2b: Zacian|atk|1
|turn|4
|
|t:|1750807134
|move|p1a: Oogie|Extreme Speed|p2a: Da Horse
|-damage|p2a: Da Horse|0 fnt
|faint|p2a: Da Horse
|move|p2b: Zacian|Sacred Sword|p1b: Gex
|-supereffective|p1b: Gex
|-damage|p1b: Gex|0 fnt
|faint|p1b: Gex
|
|upkeep
|
|t:|1750807141
|switch|p2a: Woomy|Gastrodon, L50, F|100/100
|switch|p1b: Boogie|Chien-Pao, L50|100/100
|-ability|p1b: Boogie|Sword of Ruin
|turn|5
|
|t:|1750807157
|-terastallize|p1a: Oogie|Normal
|move|p1b: Boogie|Protect|p1b: Boogie
|-singleturn|p1b: Boogie|Protect
|move|p1a: Oogie|Extreme Speed|p2a: Woomy
|-damage|p2a: Woomy|8/100
|-damage|p1a: Oogie|84/100|[from] item: Rocky Helmet|[of] p2a: Woomy
|move|p2b: Zacian|Behemoth Blade|p1b: Boogie
|-activate|p1b: Boogie|move: Protect
|move|p2a: Woomy|Yawn|p1a: Oogie
|-start|p1a: Oogie|move: Yawn|[of] p2a: Woomy
|
|upkeep
|turn|6
|
|t:|1750807183
|move|p1a: Oogie|Extreme Speed|p2b: Zacian
|-resisted|p2b: Zacian
|-damage|p2b: Zacian|49/100
|move|p2b: Zacian|Behemoth Blade|p1b: Boogie
|-supereffective|p1b: Boogie
|-enditem|p1b: Boogie|Focus Sash
|-damage|p1b: Boogie|1/100
|move|p1b: Boogie|Ice Spinner|p2a: Woomy
|-crit|p2a: Woomy
|-damage|p2a: Woomy|0 fnt
|-damage|p1b: Boogie|0 fnt|[from] item: Rocky Helmet|[of] p2a: Woomy
|faint|p2a: Woomy
|faint|p1b: Boogie
|
|-end|p1a: Oogie|move: Yawn|[silent]
|-status|p1a: Oogie|slp
|upkeep
|turn|7
|inactive|Battle timer is ON: inactive players will automatically lose when time's up. (requested by Borislax)
|
|t:|1750807197
|cant|p1a: Oogie|slp
|move|p2b: Zacian|Sacred Sword|p1a: Oogie
|-supereffective|p1a: Oogie
|-damage|p1a: Oogie|0 fnt
|faint|p1a: Oogie
|
|win|thegreatestgalar
|raw|Borislax's rating: 1577 &rarr; <strong>1550</strong><br />(-27 for losing)
|raw|thegreatestgalar's rating: 1453 &rarr; <strong>1480</strong><br />(+27 for winning)
|l|☆thegreatestgalar
|player|p2|
