|j|☆Moosewii7
|j|☆NegaiFreak
|t:|1750793998
|gametype|doubles
|player|p1|Moosewii7|101|1428
|player|p2|NegaiFreak|169|1388
|teamsize|p1|6
|teamsize|p2|6
|gen|9
|tier|[Gen 9] VGC 2025 Reg I
|rated|
|rule|Species Clause: Limit one of each Pokémon
|rule|Item Clause: Limit 1 of each item
|clearpoke
|poke|p1|Calyrex-Shadow, L50|
|poke|p1|Garganacl, L50, F|
|poke|p1|Indeedee-F, L50, F|
|poke|p1|Iron Hands, L50|
|poke|p1|Kyogre, L50|
|poke|p1|Maushold-Four, L50|
|poke|p2|Lunala, L50|
|poke|p2|Koraidon, L50|
|poke|p2|Flutter Mane, L50|
|poke|p2|Farigiraf, L50, M|
|poke|p2|Incineroar, L50, F|
|poke|p2|Rillaboom, L50, F|
|teampreview|4
NegaiFreak has agreed to open team sheets.
|inactive|Battle timer is ON: inactive players will automatically lose when time's up. (requested by Moosewii7)
|c|☆NegaiFreak|GLHF
Moosewii7 rejected open team sheets.
|
|t:|1750794023
|start
|switch|p1a: Calyrex|Calyrex-Shadow, L50|100/100
|switch|p1b: Maushold|Maushold-Four, L50|100/100
|switch|p2a: Lunala|Lunala, L50|100/100
|switch|p2b: Incineroar|Incineroar, L50, F|100/100
|-ability|p1a: Calyrex|As One
|-ability|p1a: Calyrex|Unnerve
|-ability|p2b: Incineroar|Intimidate|boost
|-unboost|p1a: Calyrex|atk|1
|-unboost|p1b: Maushold|atk|1
|turn|1
|c|☆Moosewii7|Glhf
|
|t:|1750794041
|switch|p1b: Indeedee|Indeedee-F, L50, F|100/100
|-fieldstart|move: Psychic Terrain|[from] ability: Psychic Surge|[of] p1b: Indeedee
|-terastallize|p2a: Lunala|Water
|move|p2b: Incineroar|Fake Out|p1b: Indeedee
|-activate|p1b: Indeedee|move: Psychic Terrain
|move|p1a: Calyrex|Nasty Plot|p1a: Calyrex
|-boost|p1a: Calyrex|spa|2
|move|p2a: Lunala|Calm Mind|p2a: Lunala
|-boost|p2a: Lunala|spa|1
|-boost|p2a: Lunala|spd|1
|
|upkeep
|turn|2
|
|t:|1750794063
|move|p2a: Lunala|Protect|p2a: Lunala
|-singleturn|p2a: Lunala|Protect
|move|p1b: Indeedee|Follow Me|p1b: Indeedee
|-singleturn|p1b: Indeedee|move: Follow Me
|move|p1a: Calyrex|Astral Barrage|p2a: Lunala|[spread] p2b
|-activate|p2a: Lunala|move: Protect
|-resisted|p2b: Incineroar
|-damage|p2b: Incineroar|50/100
|move|p2b: Incineroar|Parting Shot|p1b: Indeedee
|-unboost|p1b: Indeedee|atk|1
|-unboost|p1b: Indeedee|spa|1
|
|t:|1750794075
|switch|p2b: Farigiraf|Farigiraf, L50, M|100/100|[from] Parting Shot
|
|upkeep
|turn|3
|
|t:|1750794085
|move|p1b: Indeedee|Follow Me|p1b: Indeedee
|-singleturn|p1b: Indeedee|move: Follow Me
|move|p1a: Calyrex|Expanding Force|p2a: Lunala|[spread] p2a,p2b
|-resisted|p2b: Farigiraf
|-damage|p2a: Lunala|68/100
|-damage|p2b: Farigiraf|41/100
|move|p2a: Lunala|Moonblast|p1b: Indeedee
|-damage|p1b: Indeedee|55/100
|move|p2b: Farigiraf|Hyper Voice|p1b: Indeedee|[spread] p1b
|-immune|p1a: Calyrex
|-damage|p1b: Indeedee|30/100
|-enditem|p1b: Indeedee|Sitrus Berry|[eat]
|-heal|p1b: Indeedee|55/100|[from] item: Sitrus Berry
|-enditem|p2b: Farigiraf|Throat Spray
|-boost|p2b: Farigiraf|spa|1|[from] item: Throat Spray
|
|-heal|p2a: Lunala|74/100|[from] item: Leftovers
|upkeep
|turn|4
|inactive|NegaiFreak has 30 seconds left.
|c|☆NegaiFreak|Gg, WP
|inactive|NegaiFreak has 20 seconds left.
|c|☆NegaiFreak|I messed up that turn
|inactive|NegaiFreak has 15 seconds left.
|inactive|NegaiFreak has 10 seconds left.
|
|t:|1750794131
|move|p2a: Lunala|Protect|p2a: Lunala
|-singleturn|p2a: Lunala|Protect
|move|p1b: Indeedee|Follow Me|p1b: Indeedee
|-singleturn|p1b: Indeedee|move: Follow Me
|move|p1a: Calyrex|Expanding Force|p2b: Farigiraf|[spread] p2b
|-activate|p2a: Lunala|move: Protect
|-resisted|p2b: Farigiraf
|-damage|p2b: Farigiraf|0 fnt
|faint|p2b: Farigiraf
|-ability|p1a: Calyrex|Grim Neigh|boost
|-boost|p1a: Calyrex|spa|1
|
|-heal|p2a: Lunala|80/100|[from] item: Leftovers
|upkeep
|
|t:|1750794146
|switch|p2b: Incineroar|Incineroar, L50, F|50/100
|-ability|p2b: Incineroar|Intimidate|boost
|-unboost|p1a: Calyrex|atk|1
|-unboost|p1b: Indeedee|atk|1
|turn|5
|
|t:|1750794155
|move|p1b: Indeedee|Follow Me|p1b: Indeedee
|-singleturn|p1b: Indeedee|move: Follow Me
|move|p1a: Calyrex|Astral Barrage|p2b: Incineroar|[spread] p2a,p2b
|-resisted|p2b: Incineroar
|-crit|p2b: Incineroar
|-damage|p2a: Lunala|7/100
|-damage|p2b: Incineroar|0 fnt
|faint|p2b: Incineroar
|-ability|p1a: Calyrex|Grim Neigh|boost
|-boost|p1a: Calyrex|spa|1
|move|p2a: Lunala|Moonblast|p1b: Indeedee
|-damage|p1b: Indeedee|11/100
|
|-heal|p2a: Lunala|14/100|[from] item: Leftovers
|-fieldend|move: Psychic Terrain
|upkeep
|
|t:|1750794172
|switch|p2b: Koraidon|Koraidon, L50|100/100
|-weather|SunnyDay|[from] ability: Orichalcum Pulse|[of] p2b: Koraidon
|-activate|p2b: Koraidon|Orichalcum Pulse|[source]
|turn|6
|-message|NegaiFreak forfeited.
|
|win|Moosewii7
|raw|Moosewii7's rating: 1428 &rarr; <strong>1446</strong><br />(+18 for winning)
|raw|NegaiFreak's rating: 1388 &rarr; <strong>1370</strong><br />(-18 for losing)
|l|☆Moosewii7
|player|p1|
