|j|☆Angelo Neres
|j|☆Emirnent
|t:|1750717234
|gametype|doubles
|player|p1|Angelo Neres|102|1548
|player|p2|Emirnent|265|1774
|teamsize|p1|6
|teamsize|p2|6
|gen|9
|tier|[Gen 9] VGC 2025 Reg I
|rated|
|rule|Species Clause: Limit one of each Pokémon
|rule|Item Clause: Limit 1 of each item
|clearpoke
|poke|p1|Groudon, L50|
|poke|p1|Moltres-Galar, L50|
|poke|p1|Scream Tail, L50|
|poke|p1|Grimmsnarl, L50, M|
|poke|p1|Zamazenta-*, L50|
|poke|p1|Tsareena, L50, F|
|poke|p2|Calyrex-Ice, L50|
|poke|p2|Kyogre, L50|
|poke|p2|Smeargle, L50, M|
|poke|p2|Raging Bolt, L50|
|poke|p2|Tornadus, L50, M|
|poke|p2|Landorus, L50, M|
|teampreview|4
|inactive|Battle timer is ON: inactive players will automatically lose when time's up. (requested by Emirnent)
|inactive|Angelo Neres has 60 seconds left.
|inactive|Emirnent has 60 seconds left.
|inactive|Emirnent has 30 seconds left.
|
|t:|1750717303
|start
|switch|p1a: Tsareena|Tsareena, L50, F, shiny|100/100
|switch|p1b: Zamazenta|Zamazenta-Crowned, L50|100/100
|switch|p2a: Smeargle|Smeargle, L50, M|100/100
|switch|p2b: Tornadus|Tornadus, L50, M|100/100
|-ability|p1b: Zamazenta|Dauntless Shield|boost
|-boost|p1b: Zamazenta|def|1
|turn|1
|
|t:|1750717325
|move|p2b: Tornadus|Protect|p2b: Tornadus
|-singleturn|p2b: Tornadus|Protect
|move|p1b: Zamazenta|Protect|p1b: Zamazenta
|-singleturn|p1b: Zamazenta|Protect
|move|p2a: Smeargle|Spore|p1b: Zamazenta
|-activate|p1b: Zamazenta|move: Protect
|move|p1a: Tsareena|Trailblaze|p2a: Smeargle
|-damage|p2a: Smeargle|38/100
|-boost|p1a: Tsareena|spe|1
|
|-ability|p2a: Smeargle|Moody|boost
|-boost|p2a: Smeargle|spd|2
|-unboost|p2a: Smeargle|spe|1
|upkeep
|turn|2
|inactive|Angelo Neres has 30 seconds left.
|inactive|Angelo Neres has 20 seconds left.
|inactive|Emirnent has 30 seconds left.
|
|t:|1750717369
|-terastallize|p1b: Zamazenta|Grass
|move|p2a: Smeargle|Follow Me|p2a: Smeargle
|-singleturn|p2a: Smeargle|move: Follow Me
|move|p1a: Tsareena|Taunt|p2a: Smeargle
|-start|p2a: Smeargle|move: Taunt
|move|p1b: Zamazenta|Body Press|p2a: Smeargle
|-supereffective|p2a: Smeargle
|-damage|p2a: Smeargle|0 fnt
|faint|p2a: Smeargle
|move|p2b: Tornadus|Bleakwind Storm|p1b: Zamazenta|[spread] p1a,p1b
|-supereffective|p1a: Tsareena
|-crit|p1a: Tsareena
|-supereffective|p1b: Zamazenta
|-enditem|p1a: Tsareena|Focus Sash
|-damage|p1a: Tsareena|1/100
|-damage|p1b: Zamazenta|44/100
|-unboost|p1b: Zamazenta|spe|1
|
|upkeep
|
|t:|1750717382
|switch|p2a: Kyogre|Kyogre, L50|100/100
|-weather|RainDance|[from] ability: Drizzle|[of] p2a: Kyogre
|turn|3
|
|t:|1750717407
|move|p1b: Zamazenta|Wide Guard|p1b: Zamazenta
|-singleturn|p1b: Zamazenta|Wide Guard
|move|p2b: Tornadus|Taunt||[still]
|cant|p1a: Tsareena|ability: Queenly Majesty|Taunt|[of] p2b: Tornadus
|move|p2a: Kyogre|Thunder|p1a: Tsareena
|-resisted|p1a: Tsareena
|-damage|p1a: Tsareena|0 fnt
|faint|p1a: Tsareena
|
|-weather|RainDance|[upkeep]
|upkeep
|
|t:|1750717417
|switch|p1a: Groudon|Groudon, L50, shiny|100/100
|-weather|SunnyDay|[from] ability: Drought|[of] p1a: Groudon
|turn|4
|
|t:|1750717441
|switch|p2a: Raging Bolt|Raging Bolt, L50|100/100
|-activate|p2a: Raging Bolt|ability: Protosynthesis
|-start|p2a: Raging Bolt|protosynthesisspa
|move|p1b: Zamazenta|Wide Guard|p1b: Zamazenta
|-singleturn|p1b: Zamazenta|Wide Guard
|move|p2b: Tornadus|Taunt|p1b: Zamazenta
|-start|p1b: Zamazenta|move: Taunt
|move|p1a: Groudon|Stone Edge|p2b: Tornadus|[miss]
|-miss|p1a: Groudon|p2b: Tornadus
|
|-weather|SunnyDay|[upkeep]
|upkeep
|turn|5
|
|t:|1750717457
|switch|p1b: Scream Tail|Scream Tail, L50, shiny|100/100
|-activate|p1b: Scream Tail|ability: Protosynthesis
|-start|p1b: Scream Tail|protosynthesisspe
|move|p2b: Tornadus|Bleakwind Storm|p1a: Groudon|[spread] p1a
|-miss|p2b: Tornadus|p1b: Scream Tail
|-damage|p1a: Groudon|77/100
|-unboost|p1a: Groudon|spe|1
|move|p2a: Raging Bolt|Dragon Pulse|p1a: Groudon
|-damage|p1a: Groudon|39/100
|move|p1a: Groudon|Precipice Blades|p2a: Raging Bolt|[spread] p2a
|-immune|p2b: Tornadus
|-supereffective|p2a: Raging Bolt
|-damage|p2a: Raging Bolt|9/100
|
|-weather|SunnyDay|[upkeep]
|upkeep
|turn|6
|inactive|Angelo Neres has 30 seconds left.
|inactive|Emirnent has 30 seconds left.
|inactive|Emirnent has 20 seconds left.
|inactive|Emirnent has 15 seconds left.
|inactive|Emirnent has 10 seconds left.
|
|t:|1750717508
|move|p2a: Raging Bolt|Thunderclap|p1b: Scream Tail
|-damage|p1b: Scream Tail|60/100
|move|p1b: Scream Tail|Ice Beam|p2a: Raging Bolt
|-supereffective|p2a: Raging Bolt
|-crit|p2a: Raging Bolt
|-damage|p2a: Raging Bolt|0 fnt
|faint|p2a: Raging Bolt
|-end|p2a: Raging Bolt|Protosynthesis|[silent]
|move|p2b: Tornadus|Bleakwind Storm|p1a: Groudon|[spread] p1a
|-miss|p2b: Tornadus|p1b: Scream Tail
|-damage|p1a: Groudon|16/100
|-unboost|p1a: Groudon|spe|1
|move|p1a: Groudon|Stone Edge|p2b: Tornadus
|-supereffective|p2b: Tornadus
|-damage|p2b: Tornadus|5/100
|
|-weather|SunnyDay|[upkeep]
|upkeep
|
|t:|1750717517
|switch|p2a: Kyogre|Kyogre, L50|100/100
|-weather|RainDance|[from] ability: Drizzle|[of] p2a: Kyogre
|-end|p1b: Scream Tail|Protosynthesis
|turn|7
|
|t:|1750717540
|switch|p1a: Zamazenta|Zamazenta-Crowned, L50, tera:Grass|44/100
|-terastallize|p2a: Kyogre|Water
|move|p2a: Kyogre|Hydro Pump|p1b: Scream Tail
|-damage|p1b: Scream Tail|0 fnt
|faint|p1b: Scream Tail
|-end|p1b: Scream Tail|Protosynthesis|[silent]
|move|p2b: Tornadus|Bleakwind Storm|p1a: Zamazenta
|-supereffective|p1a: Zamazenta
|-damage|p1a: Zamazenta|0 fnt
|faint|p1a: Zamazenta
|
|-weather|RainDance|[upkeep]
|upkeep
|-message|Angelo Neres forfeited.
|
|win|Emirnent
|raw|Angelo Neres's rating: 1548 &rarr; <strong>1539</strong><br />(-9 for losing)
|raw|Emirnent's rating: 1774 &rarr; <strong>1783</strong><br />(+9 for winning)
|l|☆Angelo Neres
|player|p1|
|l|☆Emirnent
|player|p2|
