|j|☆one hat trick
|j|‽gooyeguy
|t:|1750721986
|gametype|doubles
|player|p1|one hat trick|miriam|1252
|player|p2|gooyeguy|1|1167
|teamsize|p1|6
|teamsize|p2|6
|gen|9
|tier|[Gen 9] VGC 2025 Reg I
|rated|
|rule|Species Clause: Limit one of each Pokémon
|rule|Item Clause: Limit 1 of each item
|clearpoke
|poke|p1|Miraidon, L50|
|poke|p1|Iron Valiant, L50|
|poke|p1|Calyrex-Ice, L50|
|poke|p1|Urshifu-*, L50, F|
|poke|p1|Ogerpon-Cornerstone, L50, F|
|poke|p1|Incineroar, L50, M|
|poke|p2|Indeedee-F, L50, F|
|poke|p2|Iron Hands, L50|
|poke|p2|Sinistcha-Masterpiece, L50|
|poke|p2|Calyrex-Ice, L50|
|poke|p2|Smeargle, L50, M|
|poke|p2|Terapagos, L50, M|
|teampreview|4
|
|t:|1750722067
|start
|switch|p1a: Iron Valiant|Iron Valiant, L50|100/100
|switch|p1b: Miraidon|Miraidon, L50|100/100
|switch|p2a: Terapagos|Terapagos, L50, M|100/100
|switch|p2b: Iron Hands|Iron Hands, L50|100/100
|-activate|p2a: Terapagos|ability: Tera Shift
|detailschange|p2a: Terapagos|Terapagos-Terastal, L50, M
|-heal|p2a: Terapagos|100/100|[silent]
|-fieldstart|move: Electric Terrain|[from] ability: Hadron Engine|[of] p1b: Miraidon
|-activate|p1a: Iron Valiant|ability: Quark Drive
|-start|p1a: Iron Valiant|quarkdrivespe
|-activate|p2b: Iron Hands|ability: Quark Drive
|-start|p2b: Iron Hands|quarkdriveatk
|turn|1
|
|t:|1750722108
|switch|p2a: Sinistcha|Sinistcha-Masterpiece, L50, shiny|100/100
|move|p1a: Iron Valiant|Protect|p1a: Iron Valiant
|-singleturn|p1a: Iron Valiant|Protect
|move|p2b: Iron Hands|Fake Out|p1b: Miraidon
|-damage|p1b: Miraidon|80/100
|cant|p1b: Miraidon|flinch
|
|upkeep
|turn|2
|
|t:|1750722141
|move|p1a: Iron Valiant|Spirit Break|p2a: Sinistcha
|-damage|p2a: Sinistcha|72/100
|-unboost|p2a: Sinistcha|spa|1
|move|p1b: Miraidon|Draco Meteor|p2a: Sinistcha
|-damage|p2a: Sinistcha|0 fnt
|-unboost|p1b: Miraidon|spa|2
|faint|p2a: Sinistcha
|move|p2b: Iron Hands|Wild Charge|p1a: Iron Valiant
|-damage|p1a: Iron Valiant|14/100
|-damage|p2b: Iron Hands|83/100|[from] Recoil
|
|upkeep
|
|t:|1750722155
|switch|p2a: Terapagos|Terapagos-Terastal, L50, M|100/100
|turn|3
|
|t:|1750722168
|switch|p1b: Ogerpon|Ogerpon-Cornerstone, L50, F|100/100
|move|p1a: Iron Valiant|Protect|p1a: Iron Valiant
|-singleturn|p1a: Iron Valiant|Protect
|move|p2a: Terapagos|Meteor Beam||[still]
|-prepare|p2a: Terapagos|Meteor Beam
|-boost|p2a: Terapagos|spa|1
|-enditem|p2a: Terapagos|Power Herb
|-anim|p2a: Terapagos|Meteor Beam|p1b: Ogerpon
|-damage|p1b: Ogerpon|27/100
|move|p2b: Iron Hands|Wild Charge|p1a: Iron Valiant
|-activate|p1a: Iron Valiant|move: Protect
|
|upkeep
|turn|4
|
|t:|1750722195
|-end|p2b: Iron Hands|Quark Drive|[silent]
|switch|p2b: Smeargle|Smeargle, L50, M|100/100
|-terastallize|p2a: Terapagos|Stellar
|detailschange|p2a: Terapagos|Terapagos-Stellar, L50, M, tera:Stellar
|-heal|p2a: Terapagos|100/100|[silent]
|-ability|p2a: Terapagos|Teraform Zero
|-fieldend|move: Electric Terrain
|-end|p1a: Iron Valiant|Quark Drive
|-enditem|p1a: Iron Valiant|Booster Energy
|-activate|p1a: Iron Valiant|ability: Quark Drive|[fromitem]
|-start|p1a: Iron Valiant|quarkdrivespe
|move|p1a: Iron Valiant|Spirit Break|p2a: Terapagos
|-damage|p2a: Terapagos|81/100
|-unboost|p2a: Terapagos|spa|1
|move|p1b: Ogerpon|Ivy Cudgel|p2a: Terapagos|[anim] Ivy Cudgel Rock
|-damage|p2a: Terapagos|41/100
|move|p2a: Terapagos|Tera Starstorm|p1b: Ogerpon|[spread] p1a,p1b
|-damage|p1a: Iron Valiant|0 fnt
|-damage|p1b: Ogerpon|0 fnt
|faint|p1a: Iron Valiant
|-end|p1a: Iron Valiant|Quark Drive|[silent]
|faint|p1b: Ogerpon
|
|-ability|p2b: Smeargle|Moody|boost
|-boost|p2b: Smeargle|spa|2
|-unboost|p2b: Smeargle|spe|1
|upkeep
|
|t:|1750722212
|switch|p1a: Calyrex|Calyrex-Ice, L50|100/100
|switch|p1b: Miraidon|Miraidon, L50|80/100
|-ability|p1a: Calyrex|As One
|-ability|p1a: Calyrex|Unnerve
|-fieldstart|move: Electric Terrain|[from] ability: Hadron Engine|[of] p1b: Miraidon
|turn|5
|
|t:|1750722229
|move|p2a: Terapagos|Protect|p2a: Terapagos
|-singleturn|p2a: Terapagos|Protect
|move|p1b: Miraidon|Electro Drift|p2a: Terapagos
|-activate|p2a: Terapagos|move: Protect
|move|p1a: Calyrex|Glacial Lance|p2a: Terapagos|[spread] p2b
|-activate|p2a: Terapagos|move: Protect
|-enditem|p2b: Smeargle|Focus Sash
|-damage|p2b: Smeargle|1/100
|move|p2b: Smeargle|Decorate|p2a: Terapagos
|-boost|p2a: Terapagos|atk|2
|-boost|p2a: Terapagos|spa|2
|
|-ability|p2b: Smeargle|Moody|boost
|-boost|p2b: Smeargle|spe|2
|-unboost|p2b: Smeargle|spa|1
|upkeep
|turn|6
|
|t:|1750722254
|move|p1b: Miraidon|Electro Drift|p2a: Terapagos
|-damage|p2a: Terapagos|0 fnt
|faint|p2a: Terapagos
|detailschange|p2: Terapagos|Terapagos, L50, M|[silent]
|move|p2b: Smeargle|Spore|p1a: Calyrex
|-activate|p1a: Calyrex|move: Electric Terrain
|move|p1a: Calyrex|Glacial Lance|p2b: Smeargle
|-damage|p2b: Smeargle|0 fnt
|faint|p2b: Smeargle
|-ability|p1a: Calyrex|Chilling Neigh|boost
|-boost|p1a: Calyrex|atk|1
|
|upkeep
|-message|gooyeguy forfeited.
|
|win|one hat trick
|raw|one hat trick's rating: 1252 &rarr; <strong>1271</strong><br />(+19 for winning)
|raw|gooyeguy's rating: 1167 &rarr; <strong>1148</strong><br />(-19 for losing)
|l|‽gooyeguy
|player|p2|
