|j|☆NarutoUzumaki1234
|j|☆SpyTH
|t:|1750740575
|gametype|doubles
|player|p1|NarutoUzumaki1234|1|1218
|player|p2|SpyTH|veteran|1197
|teamsize|p1|6
|teamsize|p2|6
|gen|9
|tier|[Gen 9] VGC 2025 Reg I
|rated|
|rule|Species Clause: Limit one of each Pokémon
|rule|Item Clause: Limit 1 of each item
|clearpoke
|poke|p1|Decidueye-Hisui, L50, M|
|poke|p1|Calyrex-Ice, L50|
|poke|p1|Primarina, L50, F|
|poke|p1|Skeledirge, L50, M|
|poke|p1|Necrozma-Dusk-Mane, L50|
|poke|p1|Amoonguss, L50, M|
|poke|p2|Calyrex-Shadow, L50|
|poke|p2|Incineroar, L50, F|
|poke|p2|Chi-Yu, L50|
|poke|p2|Koraidon, L50|
|poke|p2|Venusaur, L50, M|
|poke|p2|Raging Bolt, L50|
|teampreview|4
|inactive|Battle timer is ON: inactive players will automatically lose when time's up. (requested by SpyTH)
|
|t:|1750740605
|start
|switch|p1a: Amoonguss|Amoonguss, L50, M|100/100
|switch|p1b: Calyrex|Calyrex-Ice, L50|100/100
|switch|p2a: Chi-Yu|Chi-Yu, L50|100/100
|switch|p2b: Koraidon|Koraidon, L50|100/100
|-ability|p1b: Calyrex|As One
|-ability|p1b: Calyrex|Unnerve
|-ability|p2a: Chi-Yu|Beads of Ruin
|-weather|SunnyDay|[from] ability: Orichalcum Pulse|[of] p2b: Koraidon
|-activate|p2b: Koraidon|Orichalcum Pulse|[source]
|turn|1
|inactive|NarutoUzumaki1234 has 30 seconds left.
|inactive|NarutoUzumaki1234 has 20 seconds left.
|inactive|NarutoUzumaki1234 has 15 seconds left.
|inactive|NarutoUzumaki1234 has 10 seconds left.
|
|t:|1750740653
|-terastallize|p1a: Amoonguss|Dragon
|move|p1b: Calyrex|Protect|p1b: Calyrex
|-singleturn|p1b: Calyrex|Protect
|move|p2a: Chi-Yu|Heat Wave|p1b: Calyrex|[spread] p1a
|-activate|p1b: Calyrex|move: Protect
|-resisted|p1a: Amoonguss
|-damage|p1a: Amoonguss|64/100
|move|p2b: Koraidon|Flame Charge|p1a: Amoonguss
|-resisted|p1a: Amoonguss
|-damage|p1a: Amoonguss|49/100
|-boost|p2b: Koraidon|spe|1
|move|p1a: Amoonguss|Spore|p2a: Chi-Yu
|-status|p2a: Chi-Yu|slp|[from] move: Spore
|
|-weather|SunnyDay|[upkeep]
|-heal|p1a: Amoonguss|55/100|[from] item: Leftovers
|upkeep
|turn|2
|inactive|SpyTH has 30 seconds left.
|
|t:|1750740679
|-terastallize|p2b: Koraidon|Fire
|move|p1a: Amoonguss|Rage Powder|p1a: Amoonguss
|-singleturn|p1a: Amoonguss|move: Rage Powder
|move|p2b: Koraidon|Flare Blitz|p1a: Amoonguss
|-resisted|p1a: Amoonguss
|-damage|p1a: Amoonguss|2/100
|-damage|p2b: Koraidon|78/100|[from] Recoil
|cant|p2a: Chi-Yu|slp
|move|p1b: Calyrex|Trick Room|p1b: Calyrex
|-fieldstart|move: Trick Room|[of] p1b: Calyrex
|
|-weather|SunnyDay|[upkeep]
|-heal|p1a: Amoonguss|8/100|[from] item: Leftovers
|upkeep
|turn|3
|inactive|NarutoUzumaki1234 has 30 seconds left.
|inactive|NarutoUzumaki1234 has 20 seconds left.
|
|t:|1750740715
|move|p2b: Koraidon|Protect|p2b: Koraidon
|-singleturn|p2b: Koraidon|Protect
|move|p1a: Amoonguss|Spore|p2b: Koraidon
|-activate|p2b: Koraidon|move: Protect
|move|p1b: Calyrex|Body Press|p2a: Chi-Yu
|-supereffective|p2a: Chi-Yu
|-damage|p2a: Chi-Yu|6/100 slp
|cant|p2a: Chi-Yu|slp
|
|-weather|SunnyDay|[upkeep]
|-heal|p1a: Amoonguss|14/100|[from] item: Leftovers
|upkeep
|turn|4
|inactive|NarutoUzumaki1234 has 30 seconds left.
|
|t:|1750740744
|switch|p2b: Venusaur|Venusaur, L50, M|100/100
|move|p1a: Amoonguss|Spore|p2b: Venusaur
|-immune|p2b: Venusaur
|move|p1b: Calyrex|Glacial Lance|p2b: Venusaur|[spread] p2a,p2b
|-resisted|p2a: Chi-Yu
|-supereffective|p2b: Venusaur
|-damage|p2a: Chi-Yu|0 fnt
|-damage|p2b: Venusaur|0 fnt
|faint|p2a: Chi-Yu
|faint|p2b: Venusaur
|-ability|p1b: Calyrex|Chilling Neigh|boost
|-boost|p1b: Calyrex|atk|2
|
|-weather|SunnyDay|[upkeep]
|-heal|p1a: Amoonguss|20/100|[from] item: Leftovers
|upkeep
|
|t:|1750740753
|switch|p2b: Raging Bolt|Raging Bolt, L50|100/100
|switch|p2a: Koraidon|Koraidon, L50, tera:Fire|78/100
|-activate|p2a: Koraidon|ability: Orichalcum Pulse
|-activate|p2b: Raging Bolt|ability: Protosynthesis
|-start|p2b: Raging Bolt|protosynthesisspa
|turn|5
|
|t:|1750740773
|switch|p1a: Decidueye|Decidueye-Hisui, L50, M|100/100
|move|p2a: Koraidon|Protect|p2a: Koraidon
|-singleturn|p2a: Koraidon|Protect
|move|p2b: Raging Bolt|Thunderclap|p1b: Calyrex
|-damage|p1b: Calyrex|60/100
|move|p1b: Calyrex|Glacial Lance|p2a: Koraidon|[spread] p2b
|-activate|p2a: Koraidon|move: Protect
|-supereffective|p2b: Raging Bolt
|-damage|p2b: Raging Bolt|0 fnt
|faint|p2b: Raging Bolt
|-end|p2b: Raging Bolt|Protosynthesis|[silent]
|-ability|p1b: Calyrex|Chilling Neigh|boost
|-boost|p1b: Calyrex|atk|1
|
|-weather|none
|upkeep
|turn|6
|-message|SpyTH forfeited.
|
|win|NarutoUzumaki1234
|raw|NarutoUzumaki1234's rating: 1218 &rarr; <strong>1241</strong><br />(+23 for winning)
|raw|SpyTH's rating: 1197 &rarr; <strong>1174</strong><br />(-23 for losing)
|l|☆SpyTH
|player|p2|
|l|☆NarutoUzumaki1234
|player|p1|
