|j|☆Novicebest
|j|☆Sakuraa2004
|t:|1750727137
|gametype|doubles
|player|p1|Novicebest|170|1603
|player|p2|Sakuraa2004|pokemonbreederf-gen4|1585
|teamsize|p1|6
|teamsize|p2|6
|gen|9
|tier|[Gen 9] VGC 2025 Reg I
|rated|
|rule|Species Clause: Limit one of each Pokémon
|rule|Item Clause: Limit 1 of each item
|clearpoke
|poke|p1|Lunala, L50|
|poke|p1|Miraidon, L50|
|poke|p1|Urshifu-*, L50, F|
|poke|p1|Incineroar, L50, M|
|poke|p1|Whimsicott, L50, M|
|poke|p1|Ursaluna, L50, M|
|poke|p2|Calyrex-Shadow, L50|
|poke|p2|Zamazenta-*, L50|
|poke|p2|Incineroar, L50, F|
|poke|p2|Rillaboom, L50, F|
|poke|p2|Grimmsnarl, L50, M|
|poke|p2|Amoonguss, L50, M|
|teampreview|4
|inactive|Battle timer is ON: inactive players will automatically lose when time's up. (requested by Novicebest)
|
|t:|1750727163
|start
|switch|p1a: Lunala|Lunala, L50|100/100
|switch|p1b: Miraidon|Miraidon, L50|100/100
|switch|p2a: Calyrex|Calyrex-Shadow, L50|100/100
|switch|p2b: Grimmsnarl|Grimmsnarl, L50, M|100/100
|-ability|p2a: Calyrex|As One
|-ability|p2a: Calyrex|Unnerve
|-fieldstart|move: Electric Terrain|[from] ability: Hadron Engine|[of] p1b: Miraidon
|-enditem|p1a: Lunala|Electric Seed
|-boost|p1a: Lunala|def|1|[from] item: Electric Seed
|turn|1
|inactive|Novicebest has 30 seconds left.
|
|t:|1750727194
|-terastallize|p2a: Calyrex|Dark
|-terastallize|p1a: Lunala|Fairy
|move|p2b: Grimmsnarl|Light Screen|p2b: Grimmsnarl
|-sidestart|p2: Sakuraa2004|move: Light Screen
|move|p2a: Calyrex|Nasty Plot|p2a: Calyrex
|-boost|p2a: Calyrex|spa|2
|move|p1b: Miraidon|Snarl|p2a: Calyrex|[spread] p2a,p2b
|-resisted|p2a: Calyrex
|-resisted|p2b: Grimmsnarl
|-crit|p2b: Grimmsnarl
|-damage|p2a: Calyrex|95/100
|-damage|p2b: Grimmsnarl|93/100
|-unboost|p2a: Calyrex|spa|1
|-unboost|p2b: Grimmsnarl|spa|1
|move|p1a: Lunala|Moonblast|p2a: Calyrex
|-supereffective|p2a: Calyrex
|-damage|p2a: Calyrex|26/100
|
|upkeep
|turn|2
|inactive|Novicebest has 30 seconds left.
|
|t:|1750727221
|move|p2a: Calyrex|Protect|p2a: Calyrex
|-singleturn|p2a: Calyrex|Protect
|move|p1b: Miraidon|Volt Switch|p2b: Grimmsnarl
|-damage|p2b: Grimmsnarl|50/100
|
|t:|1750727226
|switch|p1b: Incineroar|Incineroar, L50, M|100/100|[from] Volt Switch
|-ability|p1b: Incineroar|Intimidate|boost
|-unboost|p2a: Calyrex|atk|1
|-unboost|p2b: Grimmsnarl|atk|1
|move|p1a: Lunala|Moonblast|p2a: Calyrex
|-activate|p2a: Calyrex|move: Protect
|move|p2b: Grimmsnarl|Spirit Break|p1b: Incineroar
|-damage|p1b: Incineroar|87/100
|-unboost|p1b: Incineroar|spa|1
|-damage|p2b: Grimmsnarl|34/100|[from] item: Rocky Helmet|[of] p1b: Incineroar
|
|upkeep
|turn|3
|
|t:|1750727250
|move|p2a: Calyrex|Protect||[still]
|-fail|p2a: Calyrex
|move|p1b: Incineroar|Fake Out|p2a: Calyrex
|-damage|p2a: Calyrex|15/100
|move|p2b: Grimmsnarl|Thunder Wave|p1a: Lunala
|-status|p1a: Lunala|par
|cant|p1a: Lunala|par
|
|upkeep
|turn|4
|
|t:|1750727272
|move|p2a: Calyrex|Protect|p2a: Calyrex
|-singleturn|p2a: Calyrex|Protect
|move|p2b: Grimmsnarl|Spirit Break|p1a: Lunala
|-damage|p1a: Lunala|96/100 par
|-unboost|p1a: Lunala|spa|1
|move|p1b: Incineroar|Parting Shot|p2b: Grimmsnarl
|-unboost|p2b: Grimmsnarl|atk|1
|-unboost|p2b: Grimmsnarl|spa|1
|
|t:|1750727282
|switch|p1b: Ursaluna|Ursaluna, L50, M|100/100|[from] Parting Shot
|move|p1a: Lunala|Trick Room|p1a: Lunala
|-fieldstart|move: Trick Room|[of] p1a: Lunala
|
|-status|p1b: Ursaluna|brn|[from] item: Flame Orb
|upkeep
|turn|5
|
|t:|1750727298
|move|p2b: Grimmsnarl|Reflect|p2b: Grimmsnarl
|-sidestart|p2: Sakuraa2004|Reflect
|move|p1b: Ursaluna|Facade|p2b: Grimmsnarl
|-damage|p2b: Grimmsnarl|0 fnt
|faint|p2b: Grimmsnarl
|cant|p1a: Lunala|par
|move|p2a: Calyrex|Dark Pulse|p1b: Ursaluna
|-damage|p1b: Ursaluna|16/100 brn
|-damage|p2a: Calyrex|5/100|[from] item: Life Orb
|
|-damage|p1b: Ursaluna|10/100 brn|[from] brn
|-fieldend|move: Electric Terrain
|upkeep
|
|t:|1750727305
|switch|p2b: Incineroar|Incineroar, L50, F|100/100
|-ability|p2b: Incineroar|Intimidate|boost
|-unboost|p1a: Lunala|atk|1
|-unboost|p1b: Ursaluna|atk|1
|turn|6
|
|t:|1750727319
|switch|p1b: Incineroar|Incineroar, L50, M|87/100
|-ability|p1b: Incineroar|Intimidate|boost
|-unboost|p2a: Calyrex|atk|1
|-unboost|p2b: Incineroar|atk|1
|move|p2a: Calyrex|Protect|p2a: Calyrex
|-singleturn|p2a: Calyrex|Protect
|move|p2b: Incineroar|Fake Out|p1b: Incineroar
|-damage|p1b: Incineroar|81/100
|-damage|p2b: Incineroar|84/100|[from] item: Rocky Helmet|[of] p1b: Incineroar
|move|p1a: Lunala|Moonblast|p2a: Calyrex
|-activate|p2a: Calyrex|move: Protect
|
|upkeep
|turn|7
|
|t:|1750727340
|switch|p2a: Zamazenta|Zamazenta-Crowned, L50|100/100
|-ability|p2a: Zamazenta|Dauntless Shield|boost
|-boost|p2a: Zamazenta|def|1
|move|p1b: Incineroar|Fake Out|p2a: Zamazenta
|-resisted|p2a: Zamazenta
|-damage|p2a: Zamazenta|99/100
|move|p1a: Lunala|Moonblast|p2b: Incineroar
|-damage|p2b: Incineroar|70/100
|move|p2b: Incineroar|U-turn|p1a: Lunala
|-resisted|p1a: Lunala
|-damage|p1a: Lunala|93/100 par
|
|t:|1750727352
|switch|p2b: Calyrex|Calyrex-Shadow, L50, tera:Dark|5/100|[from] U-turn
|-ability|p2b: Calyrex|As One
|-ability|p2b: Calyrex|Unnerve
|
|upkeep
|turn|8
|
|t:|1750727362
|move|p2a: Zamazenta|Protect|p2a: Zamazenta
|-singleturn|p2a: Zamazenta|Protect
|move|p2b: Calyrex|Protect|p2b: Calyrex
|-singleturn|p2b: Calyrex|Protect
|move|p1a: Lunala|Moonblast|p2b: Calyrex
|-activate|p2b: Calyrex|move: Protect
|move|p1b: Incineroar|Will-O-Wisp|p2a: Zamazenta
|-activate|p2a: Zamazenta|move: Protect
|
|-sideend|p2: Sakuraa2004|move: Light Screen
|-fieldend|move: Trick Room
|upkeep
|turn|9
|
|t:|1750727381
|move|p2b: Calyrex|Astral Barrage|p1a: Lunala|[spread] p1a,p1b
|-resisted|p1b: Incineroar
|-damage|p1a: Lunala|40/100 par
|-damage|p1b: Incineroar|50/100
|-damage|p2b: Calyrex|0 fnt|[from] item: Life Orb
|faint|p2b: Calyrex
|move|p2a: Zamazenta|Behemoth Bash|p1a: Lunala
|-supereffective|p1a: Lunala
|-damage|p1a: Lunala|0 fnt
|faint|p1a: Lunala
|move|p1b: Incineroar|Will-O-Wisp|p2a: Zamazenta
|-status|p2a: Zamazenta|brn
|
|-damage|p2a: Zamazenta|93/100 brn|[from] brn
|upkeep
|
|t:|1750727398
|switch|p2b: Incineroar|Incineroar, L50, F|70/100
|switch|p1a: Miraidon|Miraidon, L50|100/100
|-fieldstart|move: Electric Terrain|[from] ability: Hadron Engine|[of] p1a: Miraidon
|-ability|p2b: Incineroar|Intimidate|boost
|-unboost|p1a: Miraidon|atk|1
|-unboost|p1b: Incineroar|atk|1
|turn|10
|
|t:|1750727419
|switch|p1b: Ursaluna|Ursaluna, L50, M|10/100 brn
|move|p2b: Incineroar|Fake Out|p1a: Miraidon
|-damage|p1a: Miraidon|92/100
|move|p2a: Zamazenta|Body Press|p1b: Ursaluna
|-supereffective|p1b: Ursaluna
|-damage|p1b: Ursaluna|0 fnt
|faint|p1b: Ursaluna
|cant|p1a: Miraidon|flinch
|
|-damage|p2a: Zamazenta|87/100 brn|[from] brn
|upkeep
|
|t:|1750727433
|switch|p1b: Incineroar|Incineroar, L50, M|50/100
|-ability|p1b: Incineroar|Intimidate|boost
|-unboost|p2a: Zamazenta|atk|1
|-unboost|p2b: Incineroar|atk|1
|turn|11
|
|t:|1750727439
|move|p2a: Zamazenta|Protect|p2a: Zamazenta
|-singleturn|p2a: Zamazenta|Protect
|move|p1b: Incineroar|Fake Out|p2a: Zamazenta
|-activate|p2a: Zamazenta|move: Protect
|move|p1a: Miraidon|Electro Drift|p2b: Incineroar
|-damage|p2b: Incineroar|14/100
|move|p2b: Incineroar|Knock Off|p1a: Miraidon
|-damage|p1a: Miraidon|68/100
|-enditem|p1a: Miraidon|Assault Vest|[from] move: Knock Off|[of] p2b: Incineroar
|
|-damage|p2a: Zamazenta|80/100 brn|[from] brn
|upkeep
|turn|12
|inactive|Novicebest has 30 seconds left.
|
|t:|1750727473
|move|p2a: Zamazenta|Body Press|p1b: Incineroar
|-supereffective|p1b: Incineroar
|-crit|p1b: Incineroar
|-damage|p1b: Incineroar|0 fnt
|-damage|p2a: Zamazenta|64/100 brn|[from] item: Rocky Helmet|[of] p1b: Incineroar
|faint|p1b: Incineroar
|move|p1a: Miraidon|Electro Drift|p2b: Incineroar
|-damage|p2b: Incineroar|0 fnt
|faint|p2b: Incineroar
|
|-damage|p2a: Zamazenta|57/100 brn|[from] brn
|-sideend|p2: Sakuraa2004|Reflect
|upkeep
|turn|13
|
|t:|1750727486
|move|p2a: Zamazenta|Body Press|p1a: Miraidon
|-damage|p1a: Miraidon|40/100
|move|p1a: Miraidon|Electro Drift|p2a: Zamazenta
|-damage|p2a: Zamazenta|0 fnt
|faint|p2a: Zamazenta
|
|win|Novicebest
|raw|Novicebest's rating: 1603 &rarr; <strong>1622</strong><br />(+19 for winning)
|raw|Sakuraa2004's rating: 1585 &rarr; <strong>1566</strong><br />(-19 for losing)
|l|☆Sakuraa2004
|player|p2|
