|j|☆whiffedcream
|j|☆Bmkc5
|t:|1750828138
|gametype|doubles
|player|p1|whiffedcream|cynthia|1177
|player|p2|Bmkc5|1|1279
|teamsize|p1|6
|teamsize|p2|6
|gen|9
|tier|[Gen 9] VGC 2025 Reg I
|rated|
|rule|Species Clause: Limit one of each Pokémon
|rule|Item Clause: Limit 1 of each item
|clearpoke
|poke|p1|Groudon, L50|
|poke|p1|Indeedee-F, L50, F|
|poke|p1|Tornadus, L50, M|
|poke|p1|Lunala, L50|
|poke|p1|Flutter Mane, L50|
|poke|p1|Chi-Yu, L50|
|poke|p2|Miraidon, L50|
|poke|p2|Tsareena, L50, F|
|poke|p2|Lunala, L50|
|poke|p2|Tornadus, L50, M|
|poke|p2|Landorus, L50, M|
|poke|p2|Ogerpon-Cornerstone, L50, F|
|teampreview|4
|
|t:|1750828163
|start
|switch|p1a: Groudon|Groudon, L50|100/100
|switch|p1b: Indeedee|Indeedee-F, L50, F|100/100
|switch|p2a: Tsareena|Tsareena, L50, F|100/100
|switch|p2b: Miraidon|Miraidon, L50|100/100
|-weather|SunnyDay|[from] ability: Drought|[of] p1a: Groudon
|-fieldstart|move: Electric Terrain|[from] ability: Hadron Engine|[of] p2b: Miraidon
|-fieldstart|move: Psychic Terrain|[from] ability: Psychic Surge|[of] p1b: Indeedee
|turn|1
|
|t:|1750828190
|-terastallize|p2b: Miraidon|Fairy
|move|p1b: Indeedee|Follow Me|p1b: Indeedee
|-singleturn|p1b: Indeedee|move: Follow Me
|move|p1a: Groudon|Precipice Blades|p2b: Miraidon|[spread] p2a,p2b
|-resisted|p2a: Tsareena
|-damage|p2a: Tsareena|70/100
|-damage|p2b: Miraidon|47/100
|move|p2b: Miraidon|Dazzling Gleam|p1b: Indeedee|[spread] p1a,p1b
|-damage|p1a: Groudon|51/100
|-damage|p1b: Indeedee|56/100
|move|p2a: Tsareena|Power Whip|p1b: Indeedee
|-damage|p1b: Indeedee|0 fnt
|faint|p1b: Indeedee
|
|-weather|SunnyDay|[upkeep]
|upkeep
|
|t:|1750828205
|switch|p1b: Tornadus|Tornadus, L50, M|100/100
|turn|2
|
|t:|1750828217
|switch|p2b: Lunala|Lunala, L50|100/100
|move|p1b: Tornadus|Tailwind|p1b: Tornadus
|-sidestart|p1: whiffedcream|move: Tailwind
|move|p1a: Groudon|Precipice Blades|p2a: Tsareena|[spread] p2a,p2b
|-resisted|p2a: Tsareena
|-damage|p2a: Tsareena|40/100
|-damage|p2b: Lunala|80/100
|move|p2a: Tsareena|Triple Axel|p1a: Groudon
|-supereffective|p1a: Groudon
|-damage|p1a: Groudon|40/100
|-supereffective|p1a: Groudon
|-damage|p1a: Groudon|18/100
|-supereffective|p1a: Groudon
|-damage|p1a: Groudon|0 fnt
|faint|p1a: Groudon
|-hitcount|p1: Groudon|3
|
|-weather|SunnyDay|[upkeep]
|upkeep
|
|t:|1750828229
|switch|p1a: Chi-Yu|Chi-Yu, L50|100/100
|-ability|p1a: Chi-Yu|Beads of Ruin
|turn|3
|
|t:|1750828254
|-terastallize|p1a: Chi-Yu|Fire
|move|p2b: Lunala|Wide Guard|p2b: Lunala
|-singleturn|p2b: Lunala|Wide Guard
|move|p1a: Chi-Yu|Dark Pulse|p2b: Lunala
|-supereffective|p2b: Lunala
|-crit|p2b: Lunala
|-damage|p2b: Lunala|0 fnt
|faint|p2b: Lunala
|move|p1b: Tornadus|Bleakwind Storm|p2a: Tsareena
|-activate|p2a: Tsareena|move: Wide Guard
|move|p2a: Tsareena|Triple Axel|p1b: Tornadus
|-supereffective|p1b: Tornadus
|-damage|p1b: Tornadus|87/100
|-damage|p2a: Tsareena|24/100|[from] item: Rocky Helmet|[of] p1b: Tornadus
|-supereffective|p1b: Tornadus
|-damage|p1b: Tornadus|57/100
|-damage|p2a: Tsareena|8/100|[from] item: Rocky Helmet|[of] p1b: Tornadus
|-supereffective|p1b: Tornadus
|-damage|p1b: Tornadus|19/100
|-damage|p2a: Tsareena|0 fnt|[from] item: Rocky Helmet|[of] p1b: Tornadus
|faint|p2a: Tsareena
|-hitcount|p1b: Tornadus|3
|
|-weather|SunnyDay|[upkeep]
|upkeep
|
|t:|1750828261
|switch|p2a: Ogerpon|Ogerpon-Cornerstone, L50, F|100/100
|switch|p2b: Miraidon|Miraidon, L50, tera:Fairy|47/100
|-fieldstart|move: Electric Terrain|[from] ability: Hadron Engine|[of] p2b: Miraidon
|turn|4
|
|t:|1750828270
|move|p1a: Chi-Yu|Dark Pulse|p2a: Ogerpon
|-damage|p2a: Ogerpon|8/100
|move|p1b: Tornadus|Bleakwind Storm|p2a: Ogerpon|[spread] p2a,p2b
|-damage|p2a: Ogerpon|0 fnt
|-damage|p2b: Miraidon|12/100
|-unboost|p2b: Miraidon|spe|1
|faint|p2a: Ogerpon
|move|p2b: Miraidon|Dazzling Gleam|p1b: Tornadus|[spread] p1a,p1b
|-resisted|p1a: Chi-Yu
|-damage|p1a: Chi-Yu|62/100
|-damage|p1b: Tornadus|0 fnt
|faint|p1b: Tornadus
|
|-weather|SunnyDay|[upkeep]
|upkeep
|turn|5
|-message|Bmkc5 forfeited.
|
|win|whiffedcream
|raw|whiffedcream's rating: 1177 &rarr; <strong>1209</strong><br />(+32 for winning)
|raw|Bmkc5's rating: 1279 &rarr; <strong>1247</strong><br />(-32 for losing)
|l|☆Bmkc5
|player|p2|
|l|☆whiffedcream
|player|p1|
