|j|☆Kagusana
|j|☆dontfwithschuckle
|t:|1750882579
|gametype|doubles
|player|p1|Kagusana|cynthia|1181
|player|p2|dontfwithschuckle|266|1156
|teamsize|p1|6
|teamsize|p2|6
|gen|9
|tier|[Gen 9] VGC 2025 Reg I
|rated|
|rule|Species Clause: Limit one of each Pokémon
|rule|Item Clause: Limit 1 of each item
|clearpoke
|poke|p1|Giratina-Origin, L50|
|poke|p1|Incineroar, L50, F|
|poke|p1|Iron Hands, L50|
|poke|p1|Calyrex-Ice, L50|
|poke|p1|Chi-Yu, L50|
|poke|p1|Ogerpon-Wellspring, L50, F|
|poke|p2|Golem-Alola, L50, M|
|poke|p2|Drifblim, L50, F|
|poke|p2|Groudon, L50|
|poke|p2|Calyrex-Ice, L50|
|poke|p2|Cresselia, L50, F|
|poke|p2|Sinistcha-Masterpiece, L50|
|teampreview|4
dontfwithschuckle rejected open team sheets.
|j| goodratheelliot
|
|t:|1750882598
|start
|switch|p1a: Calyrex|Calyrex-Ice, L50|100/100
|switch|p1b: Incineroar|Incineroar, L50, F, shiny|100/100
|switch|p2a: Kalwi|Golem-Alola, L50, M, shiny|100/100
|switch|p2b: Remi|Drifblim, L50, F, shiny|100/100
|-ability|p1a: Calyrex|As One
|-ability|p1a: Calyrex|Unnerve
|-ability|p1b: Incineroar|Intimidate|boost
|-unboost|p2a: Kalwi|atk|1
|-unboost|p2b: Remi|atk|1
|turn|1
|
|t:|1750882628
|move|p2a: Kalwi|Protect|p2a: Kalwi
|-singleturn|p2a: Kalwi|Protect
|move|p1b: Incineroar|Fake Out|p2a: Kalwi
|-activate|p2a: Kalwi|move: Protect
|move|p1a: Calyrex|High Horsepower|p2a: Kalwi
|-activate|p2a: Kalwi|move: Protect
|move|p2b: Remi|Trick Room|p2b: Remi
|-fieldstart|move: Trick Room|[of] p2b: Remi
|
|upkeep
|turn|2
|
|t:|1750882639
|move|p1a: Calyrex|High Horsepower|p2a: Kalwi
|-supereffective|p2a: Kalwi
|-damage|p2a: Kalwi|0 fnt
|faint|p2a: Kalwi
|-ability|p1a: Calyrex|Chilling Neigh|boost
|-boost|p1a: Calyrex|atk|1
|move|p2b: Remi|Will-O-Wisp|p1a: Calyrex
|-status|p1a: Calyrex|brn
|move|p1b: Incineroar|Knock Off|p2b: Remi
|-supereffective|p2b: Remi
|-enditem|p2b: Remi|Focus Sash
|-damage|p2b: Remi|1/100
|
|-damage|p1a: Calyrex|95/100 brn|[from] brn
|upkeep
|
|t:|1750882644
|switch|p2a: Carl|Groudon, L50, shiny|100/100
|-weather|SunnyDay|[from] ability: Drought|[of] p2a: Carl
|turn|3
|
|t:|1750882659
|-terastallize|p1a: Calyrex|Water
|move|p2a: Carl|Protect|p2a: Carl
|-singleturn|p2a: Carl|Protect
|move|p1a: Calyrex|Glacial Lance|p2a: Carl|[spread] p2b
|-activate|p2a: Carl|move: Protect
|-supereffective|p2b: Remi
|-damage|p2b: Remi|0 fnt
|faint|p2b: Remi
|-ability|p1a: Calyrex|Chilling Neigh|boost
|-boost|p1a: Calyrex|atk|1
|move|p1b: Incineroar|Knock Off|p2a: Carl
|-activate|p2a: Carl|move: Protect
|
|-weather|SunnyDay|[upkeep]
|-heal|p1a: Calyrex|100/100 brn|[from] item: Leftovers
|-damage|p1a: Calyrex|95/100 brn|[from] brn
|upkeep
|
|t:|1750882664
|switch|p2b: Johnson|Calyrex-Ice, L50|100/100
|-ability|p2b: Johnson|As One
|-ability|p2b: Johnson|Unnerve
|turn|4
|
|t:|1750882679
|move|p2b: Johnson|Glacial Lance|p1b: Incineroar|[spread] p1a,p1b
|-resisted|p1a: Calyrex
|-resisted|p1b: Incineroar
|-damage|p1a: Calyrex|73/100 brn
|-damage|p1b: Incineroar|57/100
|move|p1a: Calyrex|High Horsepower|p2b: Johnson
|-damage|p2b: Johnson|80/100
|move|p1b: Incineroar|Knock Off|p2a: Carl
|-damage|p2a: Carl|74/100
|-enditem|p2a: Carl|Life Orb|[from] move: Knock Off|[of] p1b: Incineroar
|move|p2a: Carl|Precipice Blades|p1b: Incineroar|[spread] p1b
|-miss|p2a: Carl|p1a: Calyrex
|-supereffective|p1b: Incineroar
|-damage|p1b: Incineroar|0 fnt
|faint|p1b: Incineroar
|
|-weather|SunnyDay|[upkeep]
|-heal|p1a: Calyrex|79/100 brn|[from] item: Leftovers
|-damage|p1a: Calyrex|73/100 brn|[from] brn
|upkeep
|
|t:|1750882696
|switch|p1b: Giratina|Giratina-Origin, L50|100/100
|turn|5
|l| goodratheelliot
|
|t:|1750882717
|-terastallize|p2b: Johnson|Water
|move|p2a: Carl|Protect|p2a: Carl
|-singleturn|p2a: Carl|Protect
|move|p1b: Giratina|Protect|p1b: Giratina
|-singleturn|p1b: Giratina|Protect
|move|p2b: Johnson|Glacial Lance|p1b: Giratina|[spread] p1a
|-activate|p1b: Giratina|move: Protect
|-resisted|p1a: Calyrex
|-damage|p1a: Calyrex|50/100 brn
|move|p1a: Calyrex|Glacial Lance|p2a: Carl|[spread] p2b
|-activate|p2a: Carl|move: Protect
|-resisted|p2b: Johnson
|-damage|p2b: Johnson|63/100
|
|-weather|SunnyDay|[upkeep]
|-heal|p1a: Calyrex|56/100 brn|[from] item: Leftovers
|-damage|p1a: Calyrex|50/100 brn|[from] brn
|-fieldend|move: Trick Room
|upkeep
|turn|6
|
|t:|1750882739
|switch|p1a: Chi-Yu|Chi-Yu, L50|100/100
|-ability|p1a: Chi-Yu|Beads of Ruin
|move|p1b: Giratina|Dragon Pulse|p2b: Johnson
|-damage|p2b: Johnson|15/100
|move|p2a: Carl|Precipice Blades|p1b: Giratina|[spread] 
|-immune|p1b: Giratina|[from] ability: Levitate
|-miss|p2a: Carl|p1a: Chi-Yu
|move|p2b: Johnson|Glacial Lance|p1b: Giratina|[spread] p1a,p1b
|-resisted|p1a: Chi-Yu
|-supereffective|p1b: Giratina
|-damage|p1a: Chi-Yu|22/100
|-damage|p1b: Giratina|0 fnt
|faint|p1b: Giratina
|-ability|p2b: Johnson|Chilling Neigh|boost
|-boost|p2b: Johnson|atk|1
|
|-weather|SunnyDay|[upkeep]
|upkeep
|
|t:|1750882755
|switch|p1b: Calyrex|Calyrex-Ice, L50, tera:Water|50/100 brn
|-ability|p1b: Calyrex|As One
|-ability|p1b: Calyrex|Unnerve
|turn|7
|
|t:|1750882774
|move|p1a: Chi-Yu|Dark Pulse|p2b: Johnson
|-damage|p2b: Johnson|0 fnt
|faint|p2b: Johnson
|move|p2a: Carl|Precipice Blades|p1b: Calyrex|[spread] p1a,p1b
|-supereffective|p1a: Chi-Yu
|-damage|p1a: Chi-Yu|0 fnt
|-damage|p1b: Calyrex|21/100 brn
|faint|p1a: Chi-Yu
|move|p1b: Calyrex|Glacial Lance|p2a: Carl
|-supereffective|p2a: Carl
|-damage|p2a: Carl|33/100
|
|-weather|none
|-heal|p1b: Calyrex|27/100 brn|[from] item: Leftovers
|-damage|p1b: Calyrex|21/100 brn|[from] brn
|upkeep
|turn|8
|
|t:|1750882788
|move|p2a: Carl|Precipice Blades|p1b: Calyrex
|-damage|p1b: Calyrex|0 fnt
|faint|p1b: Calyrex
|
|win|dontfwithschuckle
|raw|Kagusana's rating: 1181 &rarr; <strong>1154</strong><br />(-27 for losing)
|raw|dontfwithschuckle's rating: 1156 &rarr; <strong>1183</strong><br />(+27 for winning)
|l|☆dontfwithschuckle
|player|p2|
|l|☆Kagusana
|player|p1|
