|j|☆KingJ_16
|j|☆drd0712
|t:|1750797143
|gametype|doubles
|player|p1|KingJ_16|102|1183
|player|p2|drd0712|hugh|1190
|teamsize|p1|6
|teamsize|p2|6
|gen|9
|tier|[Gen 9] VGC 2025 Reg I
|rated|
|rule|Species Clause: Limit one of each Pokémon
|rule|Item Clause: Limit 1 of each item
|clearpoke
|poke|p1|Koraidon, L50|
|poke|p1|Calyrex-Ice, L50|
|poke|p1|Indeedee-F, L50, F|
|poke|p1|Walking Wake, L50|
|poke|p1|Incineroar, L50, F|
|poke|p1|Brute Bonnet, L50|
|poke|p2|Kyogre, L50|
|poke|p2|Lunala, L50|
|poke|p2|Urshifu-*, L50, F|
|poke|p2|Incineroar, L50, F|
|poke|p2|Rillaboom, L50, F|
|poke|p2|Ursaluna, L50, M|
|teampreview|4
|inactive|Battle timer is ON: inactive players will automatically lose when time's up. (requested by drd0712)
|inactive|KingJ_16 also wants the timer to be on.
|inactive|drd0712 has 60 seconds left.
|
|t:|1750797175
|start
|switch|p1a: Calyrex|Calyrex-Ice, L50|100/100
|switch|p1b: Indeedee|Indeedee-F, L50, F|100/100
|switch|p2a: Lunala|Lunala, L50|100/100
|switch|p2b: Incineroar|Incineroar, L50, F|100/100
|-ability|p1a: Calyrex|As One
|-ability|p1a: Calyrex|Unnerve
|-fieldstart|move: Psychic Terrain|[from] ability: Psychic Surge|[of] p1b: Indeedee
|-enditem|p1b: Indeedee|Psychic Seed
|-boost|p1b: Indeedee|spd|1|[from] item: Psychic Seed
|-ability|p2b: Incineroar|Intimidate|boost
|-fail|p1a: Calyrex|unboost|[from] item: Clear Amulet|[of] p1a: Calyrex
|-unboost|p1b: Indeedee|atk|1
|turn|1
|inactive|KingJ_16 has 30 seconds left.
|inactive|drd0712 has 30 seconds left.
|inactive|KingJ_16 has 20 seconds left.
|inactive|drd0712 has 20 seconds left.
|
|t:|1750797217
|move|p2a: Lunala|Meteor Beam||[still]
|-prepare|p2a: Lunala|Meteor Beam
|-boost|p2a: Lunala|spa|1
|-enditem|p2a: Lunala|Power Herb
|-anim|p2a: Lunala|Meteor Beam|p1a: Calyrex
|-supereffective|p1a: Calyrex
|-damage|p1a: Calyrex|19/100
|move|p1b: Indeedee|Shadow Ball|p2a: Lunala
|-supereffective|p2a: Lunala
|-damage|p2a: Lunala|77/100
|move|p2b: Incineroar|Knock Off|p1b: Indeedee
|-supereffective|p1b: Indeedee
|-damage|p1b: Indeedee|19/100
|move|p1a: Calyrex|Glacial Lance|p2a: Lunala|[spread] p2a,p2b
|-resisted|p2b: Incineroar
|-damage|p2a: Lunala|47/100
|-damage|p2b: Incineroar|83/100
|
|upkeep
|turn|2
|inactive|KingJ_16 has 30 seconds left.
|inactive|drd0712 has 30 seconds left.
|
|t:|1750797247
|move|p1a: Calyrex|Protect|p1a: Calyrex
|-singleturn|p1a: Calyrex|Protect
|move|p2a: Lunala|Moongeist Beam|p1a: Calyrex
|-activate|p1a: Calyrex|move: Protect
|move|p2b: Incineroar|Knock Off|p1b: Indeedee
|-supereffective|p1b: Indeedee
|-damage|p1b: Indeedee|0 fnt
|faint|p1b: Indeedee
|
|upkeep
|
|t:|1750797251
|switch|p1b: Koraidon|Koraidon, L50|100/100
|-weather|SunnyDay|[from] ability: Orichalcum Pulse|[of] p1b: Koraidon
|-activate|p1b: Koraidon|Orichalcum Pulse|[source]
|turn|3
|
|t:|1750797268
|switch|p2a: Kyogre|Kyogre, L50, shiny|100/100
|-weather|RainDance|[from] ability: Drizzle|[of] p2a: Kyogre
|move|p1b: Koraidon|Flare Blitz|p2a: Kyogre
|-resisted|p2a: Kyogre
|-damage|p2a: Kyogre|89/100
|-damage|p1b: Koraidon|97/100|[from] Recoil
|-damage|p1b: Koraidon|87/100|[from] item: Life Orb
|move|p2b: Incineroar|Knock Off|p1a: Calyrex
|-supereffective|p1a: Calyrex
|-damage|p1a: Calyrex|0 fnt
|-enditem|p1a: Calyrex|Clear Amulet|[from] move: Knock Off|[of] p2b: Incineroar
|faint|p1a: Calyrex
|
|-weather|RainDance|[upkeep]
|upkeep
|
|t:|1750797272
|switch|p1a: Walking Wake|Walking Wake, L50|100/100
|turn|4
|inactive|drd0712 has 30 seconds left.
|
|t:|1750797300
|-terastallize|p2b: Incineroar|Bug
|move|p2a: Kyogre|Protect|p2a: Kyogre
|-singleturn|p2a: Kyogre|Protect
|move|p1b: Koraidon|Collision Course|p2b: Incineroar
|-resisted|p2b: Incineroar
|-damage|p2b: Incineroar|52/100
|-damage|p1b: Koraidon|77/100|[from] item: Life Orb
|move|p1a: Walking Wake|Dragon Pulse|p2a: Kyogre
|-activate|p2a: Kyogre|move: Protect
|move|p2b: Incineroar|Parting Shot|p1b: Koraidon
|-unboost|p1b: Koraidon|atk|1
|-unboost|p1b: Koraidon|spa|1
|
|t:|1750797312
|switch|p2b: Lunala|Lunala, L50|47/100|[from] Parting Shot
|
|-weather|RainDance|[upkeep]
|upkeep
|turn|5
|
|t:|1750797328
|switch|p2a: Incineroar|Incineroar, L50, F, tera:Bug|52/100
|-ability|p2a: Incineroar|Intimidate|boost
|-unboost|p1a: Walking Wake|atk|1
|-unboost|p1b: Koraidon|atk|1
|move|p1b: Koraidon|Dragon Claw|p2a: Incineroar
|-damage|p2a: Incineroar|28/100
|-damage|p1b: Koraidon|68/100|[from] item: Life Orb
|move|p1a: Walking Wake|Snarl|p2b: Lunala|[spread] p2a,p2b
|-supereffective|p2b: Lunala
|-damage|p2a: Incineroar|14/100
|-damage|p2b: Lunala|8/100
|-unboost|p2a: Incineroar|spa|1
|-unboost|p2b: Lunala|spa|1
|move|p2b: Lunala|Trick Room|p2b: Lunala
|-fieldstart|move: Trick Room|[of] p2b: Lunala
|
|-weather|RainDance|[upkeep]
|-fieldend|move: Psychic Terrain
|upkeep
|turn|6
|
|t:|1750797349
|move|p1b: Koraidon|Protect|p1b: Koraidon
|-singleturn|p1b: Koraidon|Protect
|move|p2a: Incineroar|Parting Shot|p1b: Koraidon
|-activate|p1b: Koraidon|move: Protect
|move|p2b: Lunala|Moongeist Beam|p1a: Walking Wake
|-damage|p1a: Walking Wake|75/100
|move|p1a: Walking Wake|Snarl|p2b: Lunala|[spread] p2a,p2b
|-supereffective|p2b: Lunala
|-damage|p2a: Incineroar|0 fnt
|-damage|p2b: Lunala|0 fnt
|faint|p2a: Incineroar
|faint|p2b: Lunala
|
|-weather|RainDance|[upkeep]
|upkeep
|
|t:|1750797363
|switch|p2a: Kyogre|Kyogre, L50, shiny|89/100
|switch|p2b: Ursaluna|Ursaluna, L50, M, shiny|100/100
|turn|7
|inactive|KingJ_16 has 30 seconds left.
|inactive|drd0712 has 30 seconds left.
|inactive|KingJ_16 has 20 seconds left.
|inactive|KingJ_16 has 15 seconds left.
|inactive|KingJ_16 has 10 seconds left.
|
|t:|1750797409
|-terastallize|p1a: Walking Wake|Water
|move|p2b: Ursaluna|Facade|p1b: Koraidon
|-damage|p1b: Koraidon|43/100
|move|p2a: Kyogre|Water Spout|p1a: Walking Wake|[spread] p1a,p1b
|-resisted|p1a: Walking Wake
|-resisted|p1b: Koraidon
|-damage|p1a: Walking Wake|44/100
|-damage|p1b: Koraidon|0 fnt
|faint|p1b: Koraidon
|move|p1a: Walking Wake|Snarl|p2a: Kyogre|[spread] p2a,p2b
|-damage|p2a: Kyogre|80/100
|-damage|p2b: Ursaluna|90/100
|-unboost|p2a: Kyogre|spa|1
|-unboost|p2b: Ursaluna|spa|1
|
|-weather|none
|-status|p2b: Ursaluna|brn|[from] item: Flame Orb
|upkeep
|turn|8
|
|t:|1750797426
|move|p2b: Ursaluna|Facade|p1a: Walking Wake
|-damage|p1a: Walking Wake|0 fnt
|faint|p1a: Walking Wake
|-end|p1a: Walking Wake|Protosynthesis|[silent]
|
|win|drd0712
|raw|KingJ_16's rating: 1183 &rarr; <strong>1159</strong><br />(-24 for losing)
|raw|drd0712's rating: 1190 &rarr; <strong>1214</strong><br />(+24 for winning)
