|j|☆founded
|j|☆newgoods
|t:|1750856167
|gametype|doubles
|player|p1|founded|firebreather|1411
|player|p2|newgoods|102|1383
|teamsize|p1|6
|teamsize|p2|6
|gen|9
|tier|[Gen 9] VGC 2025 Reg I
|rated|
|rule|Species Clause: Limit one of each Pokémon
|rule|Item Clause: Limit 1 of each item
|clearpoke
|poke|p1|Calyrex-Shadow, L50|
|poke|p1|Indeedee-F, L50, F|
|poke|p1|Whimsicott, L50, F|
|poke|p1|Talonflame, L50, F|
|poke|p1|Rayquaza, L50|
|poke|p1|Urshifu-*, L50, M|
|poke|p2|Calyrex-Ice, L50|
|poke|p2|Porygon2, L50|
|poke|p2|Terapagos, L50, M|
|poke|p2|Amoonguss, L50, F|
|poke|p2|Incineroar, L50, M|
|poke|p2|Ogerpon-Cornerstone, L50, F|
|teampreview|4
|inactive|Battle timer is ON: inactive players will automatically lose when time's up. (requested by newgoods)
|inactive|founded has 60 seconds left.
|inactive|founded has 30 seconds left.
|inactive|founded has 20 seconds left.
|inactive|founded has 15 seconds left.
|inactive|founded has 10 seconds left.
|inactive|founded has 5 seconds left.
|
|t:|1750856257
|start
|switch|p1a: Calyrex|Calyrex-Shadow, L50|100/100
|switch|p1b: Indeedee|Indeedee-F, L50, F|100/100
|switch|p2a: Dire Claw at Home|Porygon2, L50|100/100
|switch|p2b: Pon De Floor|Ogerpon-Cornerstone, L50, F|100/100
|-ability|p1a: Calyrex|As One
|-ability|p1a: Calyrex|Unnerve
|-fieldstart|move: Psychic Terrain|[from] ability: Psychic Surge|[of] p1b: Indeedee
|-enditem|p1b: Indeedee|Psychic Seed
|-boost|p1b: Indeedee|spd|1|[from] item: Psychic Seed
|-ability|p2a: Dire Claw at Home|Download|boost
|-boost|p2a: Dire Claw at Home|atk|1
|turn|1
|inactive|founded has 30 seconds left.
|inactive|newgoods has 30 seconds left.
|inactive|founded has 20 seconds left.
|inactive|newgoods has 20 seconds left.
|inactive|founded has 15 seconds left.
|inactive|founded has 10 seconds left.
|inactive|founded has 5 seconds left.
|
|t:|1750856312
|move|p1a: Calyrex|Astral Barrage|p2a: Dire Claw at Home|[spread] p2b
|-immune|p2a: Dire Claw at Home
|-ability|p2b: Pon De Floor|Sturdy
|-damage|p2b: Pon De Floor|1/100
|move|p2b: Pon De Floor|Ivy Cudgel|p1a: Calyrex|[anim] Ivy Cudgel Rock
|-damage|p1a: Calyrex|28/100
|move|p1b: Indeedee|Dazzling Gleam|p2a: Dire Claw at Home|[spread] p2a,p2b
|-damage|p2a: Dire Claw at Home|92/100
|-damage|p2b: Pon De Floor|0 fnt
|faint|p2b: Pon De Floor
|move|p2a: Dire Claw at Home|Trick Room|p2a: Dire Claw at Home
|-fieldstart|move: Trick Room|[of] p2a: Dire Claw at Home
|
|upkeep
|
|t:|1750856328
|switch|p2b: Seedy Eyes|Calyrex-Ice, L50|100/100
|-ability|p2b: Seedy Eyes|As One
|-ability|p2b: Seedy Eyes|Unnerve
|turn|2
|inactive|founded has 30 seconds left.
|inactive|founded has 20 seconds left.
|inactive|founded has 15 seconds left.
|
|t:|1750856370
|switch|p2a: Slow & Steady|Terapagos, L50, M|100/100
|-activate|p2a: Slow & Steady|ability: Tera Shift
|detailschange|p2a: Slow & Steady|Terapagos-Terastal, L50, M
|-heal|p2a: Slow & Steady|100/100|[silent]
|switch|p1a: Talonflame|Talonflame, L50, F|100/100
|move|p2b: Seedy Eyes|Glacial Lance|p1b: Indeedee|[spread] p1a,p1b
|-damage|p1a: Talonflame|34/100
|-damage|p1b: Indeedee|58/100
|move|p1b: Indeedee|Trick Room|p1b: Indeedee
|-fieldend|move: Trick Room
|
|upkeep
|turn|3
|
|t:|1750856390
|move|p2b: Seedy Eyes|Protect|p2b: Seedy Eyes
|-singleturn|p2b: Seedy Eyes|Protect
|move|p1a: Talonflame|Will-O-Wisp|p2b: Seedy Eyes
|-activate|p2b: Seedy Eyes|move: Protect
|move|p2a: Slow & Steady|Tera Starstorm|p1a: Talonflame
|-damage|p1a: Talonflame|0 fnt
|faint|p1a: Talonflame
|move|p1b: Indeedee|Imprison|p1b: Indeedee
|-start|p1b: Indeedee|move: Imprison
|
|upkeep
|
|t:|1750856396
|switch|p1a: Calyrex|Calyrex-Shadow, L50|28/100
|-ability|p1a: Calyrex|As One
|-ability|p1a: Calyrex|Unnerve
|turn|4
|
|t:|1750856417
|-terastallize|p2b: Seedy Eyes|Fire
|move|p2a: Slow & Steady|Protect|p2a: Slow & Steady
|-singleturn|p2a: Slow & Steady|Protect
|move|p1a: Calyrex|Expanding Force|p2a: Slow & Steady|[spread] p2b
|-activate|p2a: Slow & Steady|move: Protect
|-damage|p2b: Seedy Eyes|29/100
|move|p1b: Indeedee|Dazzling Gleam|p2b: Seedy Eyes|[spread] p2b
|-activate|p2a: Slow & Steady|move: Protect
|-resisted|p2b: Seedy Eyes
|-damage|p2b: Seedy Eyes|25/100
|move|p2b: Seedy Eyes|Glacial Lance|p1a: Calyrex|[spread] p1a,p1b
|-damage|p1a: Calyrex|0 fnt
|-damage|p1b: Indeedee|16/100
|faint|p1a: Calyrex
|-ability|p2b: Seedy Eyes|Chilling Neigh|boost
|-boost|p2b: Seedy Eyes|atk|1
|
|upkeep
|
|t:|1750856426
|switch|p1a: Whimsicott|Whimsicott, L50, F|100/100
|turn|5
|-message|founded forfeited.
|
|win|newgoods
|raw|founded's rating: 1411 &rarr; <strong>1389</strong><br />(-22 for losing)
|raw|newgoods's rating: 1383 &rarr; <strong>1405</strong><br />(+22 for winning)
|l|☆founded
|player|p1|
|l|☆newgoods
|player|p2|
