|j|☆Chikoraidon
|j|☆MarSky
|t:|1750838718
|gametype|doubles
|player|p1|Chikoraidon|unknown|1317
|player|p2|MarSky|falkner|1326
|teamsize|p1|6
|teamsize|p2|6
|gen|9
|tier|[Gen 9] VGC 2025 Reg I
|rated|
|rule|Species Clause: Limit one of each Pokémon
|rule|Item Clause: Limit 1 of each item
|clearpoke
|poke|p1|Calyrex-Shadow, L50|
|poke|p1|Zamazenta-*, L50|
|poke|p1|Incineroar, L50, M|
|poke|p1|Rillaboom, L50, M|
|poke|p1|Amoonguss, L50, M|
|poke|p1|Urshifu-*, L50, M|
|poke|p2|Grimmsnarl, L50, M|
|poke|p2|Volcarona, L50, M|
|poke|p2|Calyrex-Ice, L50|
|poke|p2|Annihilape, L50, M|
|poke|p2|Iron Hands, L50|
|poke|p2|Miraidon, L50|
|teampreview|4
|inactive|Battle timer is ON: inactive players will automatically lose when time's up. (requested by Chikoraidon)
|
|t:|1750838764
|start
|switch|p1a: Shieldy the dog|Zamazenta-Crowned, L50, shiny|100/100
|switch|p1b: {~SքΘЯΣ~}|Amoonguss, L50, M, shiny|100/100
|switch|p2a: Grimmsnarl|Grimmsnarl, L50, M|100/100
|switch|p2b: Volcarona|Volcarona, L50, M|100/100
|-ability|p1a: Shieldy the dog|Dauntless Shield|boost
|-boost|p1a: Shieldy the dog|def|1
|turn|1
|inactive|MarSky has 30 seconds left.
|
|t:|1750838793
|-terastallize|p2b: Volcarona|Grass
|move|p2a: Grimmsnarl|Reflect|p2a: Grimmsnarl
|-sidestart|p2: MarSky|Reflect
|move|p1a: Shieldy the dog|Heavy Slam|p2a: Grimmsnarl
|-supereffective|p2a: Grimmsnarl
|-crit|p2a: Grimmsnarl
|-damage|p2a: Grimmsnarl|0 fnt
|faint|p2a: Grimmsnarl
|move|p2b: Volcarona|Quiver Dance|p2b: Volcarona
|-boost|p2b: Volcarona|spa|1
|-boost|p2b: Volcarona|spd|1
|-boost|p2b: Volcarona|spe|1
|move|p1b: {~SքΘЯΣ~}|Spore|p2b: Volcarona
|-immune|p2b: Volcarona
|
|upkeep
|
|t:|1750838806
|switch|p2a: Miraidon|Miraidon, L50|100/100
|-fieldstart|move: Electric Terrain|[from] ability: Hadron Engine|[of] p2a: Miraidon
|turn|2
|
|t:|1750838822
|move|p1b: {~SքΘЯΣ~}|Rage Powder|p1b: {~SքΘЯΣ~}
|-singleturn|p1b: {~SքΘЯΣ~}|move: Rage Powder
|move|p2b: Volcarona|Flamethrower|p1a: Shieldy the dog
|-supereffective|p1a: Shieldy the dog
|-damage|p1a: Shieldy the dog|21/100
|move|p2a: Miraidon|Volt Switch|p1b: {~SքΘЯΣ~}
|-resisted|p1b: {~SքΘЯΣ~}
|-damage|p1b: {~SքΘЯΣ~}|62/100
|
|t:|1750838829
|switch|p2a: Calyrex|Calyrex-Ice, L50|100/100|[from] Volt Switch
|-ability|p2a: Calyrex|As One
|-ability|p2a: Calyrex|Unnerve
|move|p1a: Shieldy the dog|Body Press|p2b: Volcarona
|-damage|p2b: Volcarona|46/100
|
|upkeep
|turn|3
|inactive|MarSky has 30 seconds left.
|
|t:|1750838857
|switch|p1a: Incin the Famous|Incineroar, L50, M, shiny|100/100
|-ability|p1a: Incin the Famous|Intimidate|boost
|-unboost|p2a: Calyrex|atk|1
|-unboost|p2b: Volcarona|atk|1
|move|p2b: Volcarona|Protect|p2b: Volcarona
|-singleturn|p2b: Volcarona|Protect
|move|p1b: {~SքΘЯΣ~}|Protect|p1b: {~SքΘЯΣ~}
|-singleturn|p1b: {~SքΘЯΣ~}|Protect
|move|p2a: Calyrex|Leech Seed|p1a: Incin the Famous
|-start|p1a: Incin the Famous|move: Leech Seed
|
|-damage|p1a: Incin the Famous|88/100|[from] Leech Seed|[of] p2a: Calyrex
|upkeep
|turn|4
|inactive|Chikoraidon has 30 seconds left.
|
|t:|1750838891
|move|p2b: Volcarona|Flamethrower|p1b: {~SքΘЯΣ~}
|-supereffective|p1b: {~SքΘЯΣ~}
|-damage|p1b: {~SքΘЯΣ~}|0 fnt
|faint|p1b: {~SքΘЯΣ~}
|move|p1a: Incin the Famous|Will-O-Wisp|p2a: Calyrex|[miss]
|-miss|p1a: Incin the Famous|p2a: Calyrex
|move|p2a: Calyrex|Glacial Lance|p1a: Incin the Famous
|-resisted|p1a: Incin the Famous
|-damage|p1a: Incin the Famous|72/100
|
|-damage|p1a: Incin the Famous|59/100|[from] Leech Seed|[of] p2a: Calyrex
|upkeep
|
|t:|1750838907
|switch|p1b: Phantom rider|Calyrex-Shadow, L50|100/100
|-ability|p1b: Phantom rider|As One
|-ability|p1b: Phantom rider|Unnerve
|turn|5
|
|t:|1750838925
|move|p2b: Volcarona|Protect|p2b: Volcarona
|-singleturn|p2b: Volcarona|Protect
|move|p1b: Phantom rider|Astral Barrage|p2a: Calyrex|[spread] p2a
|-activate|p2b: Volcarona|move: Protect
|-supereffective|p2a: Calyrex
|-damage|p2a: Calyrex|36/100
|move|p1a: Incin the Famous|Knock Off|p2b: Volcarona
|-activate|p2b: Volcarona|move: Protect
|move|p2a: Calyrex|Glacial Lance|p1b: Phantom rider|[spread] p1a,p1b
|-resisted|p1a: Incin the Famous
|-damage|p1a: Incin the Famous|47/100
|-damage|p1b: Phantom rider|59/100
|
|-heal|p2a: Calyrex|42/100|[from] item: Leftovers
|-damage|p1a: Incin the Famous|35/100|[from] Leech Seed|[of] p2a: Calyrex
|-heal|p2a: Calyrex|54/100|[silent]
|upkeep
|turn|6
|inactive|Chikoraidon has 30 seconds left.
|
|t:|1750838950
|move|p2a: Calyrex|Protect|p2a: Calyrex
|-singleturn|p2a: Calyrex|Protect
|move|p2b: Volcarona|Struggle Bug|p1a: Incin the Famous|[spread] p1a,p1b
|-damage|p1a: Incin the Famous|11/100
|-damage|p1b: Phantom rider|32/100
|-unboost|p1a: Incin the Famous|spa|1
|-unboost|p1b: Phantom rider|spa|1
|move|p1b: Phantom rider|Astral Barrage|p2b: Volcarona|[spread] p2b
|-activate|p2a: Calyrex|move: Protect
|-damage|p2b: Volcarona|25/100
|move|p1a: Incin the Famous|Knock Off|p2b: Volcarona
|-damage|p2b: Volcarona|0 fnt
|-enditem|p2b: Volcarona|Covert Cloak|[from] move: Knock Off|[of] p1a: Incin the Famous
|faint|p2b: Volcarona
|
|-heal|p2a: Calyrex|60/100|[from] item: Leftovers
|-damage|p1a: Incin the Famous|0 fnt|[from] Leech Seed|[of] p2a: Calyrex
|-heal|p2a: Calyrex|70/100|[silent]
|faint|p1a: Incin the Famous
|-fieldend|move: Electric Terrain
|upkeep
|
|t:|1750838969
|switch|p2b: Miraidon|Miraidon, L50|100/100
|switch|p1a: Shieldy the dog|Zamazenta-Crowned, L50, shiny|21/100
|-fieldstart|move: Electric Terrain|[from] ability: Hadron Engine|[of] p2b: Miraidon
|turn|7
|inactive|Chikoraidon has 30 seconds left.
|
|t:|1750838994
|-terastallize|p1b: Phantom rider|Ghost
|move|p1a: Shieldy the dog|Wide Guard|p1a: Shieldy the dog
|-singleturn|p1a: Shieldy the dog|Wide Guard
|move|p1b: Phantom rider|Astral Barrage|p2a: Calyrex|[spread] p2a,p2b
|-supereffective|p2a: Calyrex
|-damage|p2a: Calyrex|8/100
|-damage|p2b: Miraidon|54/100
|move|p2b: Miraidon|Electro Drift|p1b: Phantom rider
|-damage|p1b: Phantom rider|0 fnt
|faint|p1b: Phantom rider
|move|p2a: Calyrex|Leech Seed|p1a: Shieldy the dog
|-start|p1a: Shieldy the dog|move: Leech Seed
|
|-heal|p2a: Calyrex|14/100|[from] item: Leftovers
|-damage|p1a: Shieldy the dog|9/100|[from] Leech Seed|[of] p2a: Calyrex
|-heal|p2a: Calyrex|25/100|[silent]
|upkeep
|turn|8
|c|☆MarSky|GGs
|
|t:|1750839012
|move|p2a: Calyrex|Protect|p2a: Calyrex
|-singleturn|p2a: Calyrex|Protect
|move|p2b: Miraidon|Electro Drift|p1a: Shieldy the dog
|-damage|p1a: Shieldy the dog|0 fnt
|faint|p1a: Shieldy the dog
|
|win|MarSky
|raw|Chikoraidon's rating: 1317 &rarr; <strong>1298</strong><br />(-19 for losing)
|raw|MarSky's rating: 1326 &rarr; <strong>1345</strong><br />(+19 for winning)
