|j|☆Zeropoke7310
|j|☆It'sJustKen VGC
|t:|1750727578
|gametype|doubles
|player|p1|Zeropoke7310|steven|1510
|player|p2|It'sJustKen VGC|caitlin|1554
|teamsize|p1|6
|teamsize|p2|6
|gen|9
|tier|[Gen 9] VGC 2025 Reg I
|rated|
|rule|Species Clause: Limit one of each Pokémon
|rule|Item Clause: Limit 1 of each item
|clearpoke
|poke|p1|Miraidon, L50|
|poke|p1|Lunala, L50|
|poke|p1|Incineroar, L50, M|
|poke|p1|Urshifu-*, L50, M|
|poke|p1|Ursaluna, L50, F|
|poke|p1|Whimsicott, L50, F|
|poke|p2|Incineroar, L50, F|
|poke|p2|Urshifu-*, L50, M|
|poke|p2|Amoonguss, L50, F|
|poke|p2|Calyrex-Shadow, L50|
|poke|p2|Tornadus, L50, M|
|poke|p2|Terapagos, L50, M|
|teampreview|4
|inactive|Battle timer is ON: inactive players will automatically lose when time's up. (requested by It'sJustKen VGC)
|inactive|Zeropoke7310 has 60 seconds left.
|
|t:|1750727627
|start
|switch|p1a: Miraidon|Miraidon, L50|100/100
|switch|p1b: Lunala|Lunala, L50|100/100
|switch|p2a: @Not Wolfe Glick|Incineroar, L50, F|100/100
|switch|p2b: Chicken Jockey|Calyrex-Shadow, L50|100/100
|-ability|p2b: Chicken Jockey|As One
|-ability|p2b: Chicken Jockey|Unnerve
|-fieldstart|move: Electric Terrain|[from] ability: Hadron Engine|[of] p1a: Miraidon
|-enditem|p1b: Lunala|Electric Seed
|-boost|p1b: Lunala|def|1|[from] item: Electric Seed
|-ability|p2a: @Not Wolfe Glick|Intimidate|boost
|-unboost|p1a: Miraidon|atk|1
|-unboost|p1b: Lunala|atk|1
|turn|1
|j| Yohosophat4040
|
|t:|1750727648
|switch|p1a: Ursaluna|Ursaluna, L50, F|100/100
|-terastallize|p2b: Chicken Jockey|Ghost
|-terastallize|p1b: Lunala|Fairy
|move|p2a: @Not Wolfe Glick|Fake Out|p1b: Lunala
|-damage|p1b: Lunala|97/100
|move|p2b: Chicken Jockey|Astral Barrage|p1b: Lunala|[spread] p1b
|-immune|p1a: Ursaluna
|-damage|p1b: Lunala|28/100
|-damage|p2b: Chicken Jockey|91/100|[from] item: Life Orb
|cant|p1b: Lunala|flinch
|
|-status|p1a: Ursaluna|brn|[from] item: Flame Orb
|upkeep
|turn|2
|j| jeskyv2
|inactive|Zeropoke7310 has 30 seconds left.
|inactive|It'sJustKen VGC has 30 seconds left.
|inactive|Zeropoke7310 has 20 seconds left.
|
|t:|1750727687
|move|p2b: Chicken Jockey|Protect|p2b: Chicken Jockey
|-singleturn|p2b: Chicken Jockey|Protect
|move|p1a: Ursaluna|Protect|p1a: Ursaluna
|-singleturn|p1a: Ursaluna|Protect
|move|p2a: @Not Wolfe Glick|Flare Blitz|p1b: Lunala
|-damage|p1b: Lunala|0 fnt
|faint|p1b: Lunala
|-damage|p2a: @Not Wolfe Glick|89/100|[from] Recoil
|
|-damage|p1a: Ursaluna|94/100 brn|[from] brn
|upkeep
|
|t:|1750727702
|switch|p1b: Miraidon|Miraidon, L50|100/100
|-activate|p1b: Miraidon|ability: Hadron Engine
|turn|3
|
|t:|1750727709
|move|p2b: Chicken Jockey|Protect|p2b: Chicken Jockey
|-singleturn|p2b: Chicken Jockey|Protect
|move|p1b: Miraidon|Electro Drift|p2b: Chicken Jockey
|-activate|p2b: Chicken Jockey|move: Protect
|move|p2a: @Not Wolfe Glick|U-turn|p1b: Miraidon
|-damage|p1b: Miraidon|79/100
|
|t:|1750727717
|switch|p2a: PTSD Mushroom|Amoonguss, L50, F|100/100|[from] U-turn
|move|p1a: Ursaluna|Headlong Rush|p2a: PTSD Mushroom
|-damage|p2a: PTSD Mushroom|18/100
|-unboost|p1a: Ursaluna|def|1
|-unboost|p1a: Ursaluna|spd|1
|-enditem|p2a: PTSD Mushroom|Sitrus Berry|[eat]
|-heal|p2a: PTSD Mushroom|43/100|[from] item: Sitrus Berry
|
|-damage|p1a: Ursaluna|88/100 brn|[from] brn
|upkeep
|turn|4
|l| Yohosophat4040
|
|t:|1750727731
|move|p2a: PTSD Mushroom|Rage Powder|p2a: PTSD Mushroom
|-singleturn|p2a: PTSD Mushroom|move: Rage Powder
|move|p2b: Chicken Jockey|Astral Barrage|p1b: Miraidon|[spread] p1b
|-immune|p1a: Ursaluna
|-damage|p1b: Miraidon|0 fnt
|faint|p1b: Miraidon
|-ability|p2b: Chicken Jockey|Grim Neigh|boost
|-boost|p2b: Chicken Jockey|spa|1
|-damage|p2b: Chicken Jockey|81/100|[from] item: Life Orb
|move|p1a: Ursaluna|Headlong Rush|p2a: PTSD Mushroom
|-damage|p2a: PTSD Mushroom|0 fnt
|-unboost|p1a: Ursaluna|def|1
|-unboost|p1a: Ursaluna|spd|1
|faint|p2a: PTSD Mushroom
|
|-damage|p1a: Ursaluna|82/100 brn|[from] brn
|upkeep
|
|t:|1750727750
|switch|p1b: Urshifu|Urshifu-Rapid-Strike, L50, M|100/100
|switch|p2a: Steven He|Urshifu-Rapid-Strike, L50, M|100/100
|turn|5
|j| mistball2
|
|t:|1750727759
|move|p2a: Steven He|Close Combat|p1a: Ursaluna
|-supereffective|p1a: Ursaluna
|-damage|p1a: Ursaluna|0 fnt
|-unboost|p2a: Steven He|def|1
|-unboost|p2a: Steven He|spd|1
|faint|p1a: Ursaluna
|move|p2b: Chicken Jockey|Astral Barrage|p1b: Urshifu
|-crit|p1b: Urshifu
|-damage|p1b: Urshifu|0 fnt
|faint|p1b: Urshifu
|-damage|p2b: Chicken Jockey|72/100|[from] item: Life Orb
|
|win|It'sJustKen VGC
|raw|Zeropoke7310's rating: 1510 &rarr; <strong>1493</strong><br />(-17 for losing)
|raw|It&apos;sJustKen VGC's rating: 1554 &rarr; <strong>1571</strong><br />(+17 for winning)
