|j|☆ForgotPasswordz
|j|☆NarutoUzumaki1234
|t:|1750740226
|gametype|doubles
|player|p1|ForgotPasswordz|psychic-gen4|1315
|player|p2|NarutoUzumaki1234|1|1238
|teamsize|p1|6
|teamsize|p2|6
|gen|9
|tier|[Gen 9] VGC 2025 Reg I
|rated|
|rule|Species Clause: Limit one of each Pokémon
|rule|Item Clause: Limit 1 of each item
|clearpoke
|poke|p1|Terapagos, L50, M|
|poke|p1|Ho-Oh, L50|
|poke|p1|Urshifu-*, L50, M|
|poke|p1|Rillaboom, L50, M|
|poke|p1|Toxapex, L50, F|
|poke|p1|Flutter Mane, L50|
|poke|p2|Decidueye-Hisui, L50, M|
|poke|p2|Calyrex-Ice, L50|
|poke|p2|Primarina, L50, F|
|poke|p2|Skeledirge, L50, M|
|poke|p2|Necrozma-Dusk-Mane, L50|
|poke|p2|Amoonguss, L50, M|
|teampreview|4
|inactive|Battle timer is ON: inactive players will automatically lose when time's up. (requested by ForgotPasswordz)
|
|t:|1750740282
|start
|switch|p1a: Ho-Oh|Ho-Oh, L50|100/100
|switch|p1b: Urshifu|Urshifu, L50, M|100/100
|switch|p2a: Necrozma|Necrozma-Dusk-Mane, L50|100/100
|switch|p2b: Amoonguss|Amoonguss, L50, M|100/100
|turn|1
|
|t:|1750740300
|-terastallize|p2b: Amoonguss|Dragon
|move|p2b: Amoonguss|Rage Powder|p2b: Amoonguss
|-singleturn|p2b: Amoonguss|move: Rage Powder
|move|p1b: Urshifu|Wicked Blow|p2b: Amoonguss
|-crit|p2b: Amoonguss
|-damage|p2b: Amoonguss|49/100
|move|p1a: Ho-Oh|Sacred Fire|p2b: Amoonguss
|-resisted|p2b: Amoonguss
|-damage|p2b: Amoonguss|30/100
|move|p2a: Necrozma|Trick Room|p2a: Necrozma
|-fieldstart|move: Trick Room|[of] p2a: Necrozma
|
|-heal|p2b: Amoonguss|36/100|[from] item: Leftovers
|upkeep
|turn|2
|inactive|NarutoUzumaki1234 has 30 seconds left.
|inactive|ForgotPasswordz has 30 seconds left.
|inactive|NarutoUzumaki1234 has 20 seconds left.
|
|t:|1750740339
|move|p1b: Urshifu|Detect|p1b: Urshifu
|-singleturn|p1b: Urshifu|Protect
|move|p2b: Amoonguss|Spore|p1b: Urshifu
|-activate|p1b: Urshifu|move: Protect
|move|p2a: Necrozma|Photon Geyser|p1a: Ho-Oh
|-damage|p1a: Ho-Oh|47/100
|-enditem|p1a: Ho-Oh|Sitrus Berry|[eat]
|-heal|p1a: Ho-Oh|72/100|[from] item: Sitrus Berry
|move|p1a: Ho-Oh|Brave Bird|p2b: Amoonguss
|-damage|p2b: Amoonguss|0 fnt
|faint|p2b: Amoonguss
|-damage|p1a: Ho-Oh|60/100|[from] Recoil
|
|upkeep
|
|t:|1750740361
|switch|p2b: Calyrex|Calyrex-Ice, L50|100/100
|-ability|p2b: Calyrex|As One
|-ability|p2b: Calyrex|Unnerve
|turn|3
|
|t:|1750740379
|switch|p1a: Terapagos|Terapagos, L50, M|100/100
|-activate|p1a: Terapagos|ability: Tera Shift
|detailschange|p1a: Terapagos|Terapagos-Terastal, L50, M
|-heal|p1a: Terapagos|100/100|[silent]
|move|p2a: Necrozma|Sunsteel Strike|p1b: Urshifu
|-damage|p1b: Urshifu|39/100
|move|p2b: Calyrex|Glacial Lance|p1a: Terapagos|[spread] p1a,p1b
|-activate|p1a: Terapagos|ability: Tera Shell
|-resisted|p1a: Terapagos
|-damage|p1a: Terapagos|74/100
|-damage|p1b: Urshifu|0 fnt
|faint|p1b: Urshifu
|-ability|p2b: Calyrex|Chilling Neigh|boost
|-boost|p2b: Calyrex|atk|1
|
|-heal|p1a: Terapagos|80/100|[from] item: Leftovers
|upkeep
|
|t:|1750740388
|switch|p1b: Ho-Oh|Ho-Oh, L50|93/100
|turn|4
|inactive|NarutoUzumaki1234 has 30 seconds left.
|inactive|NarutoUzumaki1234 has 20 seconds left.
|inactive|NarutoUzumaki1234 has 15 seconds left.
|inactive|NarutoUzumaki1234 has 10 seconds left.
|inactive|NarutoUzumaki1234 has 5 seconds left.
|
|t:|1750740440
|move|p1a: Terapagos|Protect|p1a: Terapagos
|-singleturn|p1a: Terapagos|Protect
|move|p2a: Necrozma|Sunsteel Strike|p1b: Ho-Oh
|-resisted|p1b: Ho-Oh
|-damage|p1b: Ho-Oh|70/100
|move|p2b: Calyrex|Body Press|p1a: Terapagos
|-activate|p1a: Terapagos|move: Protect
|move|p1b: Ho-Oh|Sacred Fire|p2a: Necrozma|[miss]
|-miss|p1b: Ho-Oh|p2a: Necrozma
|
|-heal|p1a: Terapagos|86/100|[from] item: Leftovers
|upkeep
|turn|5
|inactive|NarutoUzumaki1234 has 30 seconds left.
|
|t:|1750740469
|-terastallize|p1a: Terapagos|Stellar
|detailschange|p1a: Terapagos|Terapagos-Stellar, L50, M, tera:Stellar
|-heal|p1a: Terapagos|90/100|[silent]
|move|p2a: Necrozma|Photon Geyser|p1b: Ho-Oh
|-damage|p1b: Ho-Oh|19/100
|move|p2b: Calyrex|Body Press|p1a: Terapagos
|-supereffective|p1a: Terapagos
|-damage|p1a: Terapagos|46/100
|move|p1b: Ho-Oh|Sacred Fire|p2a: Necrozma
|-supereffective|p2a: Necrozma
|-damage|p2a: Necrozma|46/100
|move|p1a: Terapagos|Tera Starstorm|p2a: Necrozma|[spread] p2a,p2b
|-damage|p2a: Necrozma|13/100
|-damage|p2b: Calyrex|71/100
|
|-heal|p1a: Terapagos|52/100|[from] item: Leftovers
|-fieldend|move: Trick Room
|upkeep
|turn|6
|inactive|NarutoUzumaki1234 has 30 seconds left.
|inactive|NarutoUzumaki1234 has 20 seconds left.
|
|t:|1750740507
|switch|p2a: Primarina|Primarina, L50, F|100/100
|move|p1a: Terapagos|Tera Starstorm|p2b: Calyrex|[spread] p2a,p2b
|-crit|p2b: Calyrex
|-damage|p2a: Primarina|66/100
|-damage|p2b: Calyrex|26/100
|move|p1b: Ho-Oh|Sacred Fire|p2b: Calyrex
|-supereffective|p2b: Calyrex
|-damage|p2b: Calyrex|0 fnt
|faint|p2b: Calyrex
|
|-heal|p1a: Terapagos|58/100|[from] item: Leftovers
|upkeep
|
|t:|1750740521
|switch|p2b: Necrozma|Necrozma-Dusk-Mane, L50|13/100
|turn|7
|
|t:|1750740531
|switch|p1b: Rillaboom|Rillaboom, L50, M|100/100
|-fieldstart|move: Grassy Terrain|[from] ability: Grassy Surge|[of] p1b: Rillaboom
|move|p2b: Necrozma|Protect|p2b: Necrozma
|-singleturn|p2b: Necrozma|Protect
|move|p1a: Terapagos|Tera Starstorm|p2b: Necrozma|[spread] p2a
|-activate|p2b: Necrozma|move: Protect
|-damage|p2a: Primarina|34/100
|move|p2a: Primarina|Hyper Voice|p1b: Rillaboom|[spread] p1a,p1b
|-resisted|p1b: Rillaboom
|-damage|p1a: Terapagos|34/100
|-damage|p1b: Rillaboom|87/100
|-enditem|p2a: Primarina|Throat Spray
|-boost|p2a: Primarina|spa|1|[from] item: Throat Spray
|
|-heal|p1a: Terapagos|40/100|[from] Grassy Terrain
|-heal|p1a: Terapagos|46/100|[from] item: Leftovers
|-heal|p1b: Rillaboom|93/100|[from] Grassy Terrain
|-heal|p2a: Primarina|40/100|[from] Grassy Terrain
|-heal|p2b: Necrozma|19/100|[from] Grassy Terrain
|upkeep
|turn|8
|inactive|NarutoUzumaki1234 has 30 seconds left.
|inactive|ForgotPasswordz has 30 seconds left.
|-message|NarutoUzumaki1234 forfeited.
|
|win|ForgotPasswordz
|raw|ForgotPasswordz's rating: 1315 &rarr; <strong>1331</strong><br />(+16 for winning)
|raw|NarutoUzumaki1234's rating: 1238 &rarr; <strong>1218</strong><br />(-20 for losing)
|l|☆NarutoUzumaki1234
|player|p2|
|l|☆ForgotPasswordz
|player|p1|
