|j|☆MorrisPXG456
|j|☆WeWantBreathOfFire
|t:|1750849950
|gametype|doubles
|player|p1|MorrisPXG456|colress|1463
|player|p2|WeWantBreathOfFire|pryce|1699
|teamsize|p1|6
|teamsize|p2|6
|gen|9
|tier|[Gen 9] VGC 2025 Reg I
|rated|
|rule|Species Clause: Limit one of each Pokémon
|rule|Item Clause: Limit 1 of each item
|clearpoke
|poke|p1|Miraidon, L50|
|poke|p1|Kyogre, L50|
|poke|p1|Tornadus, L50, M|
|poke|p1|Urshifu-*, L50, F|
|poke|p1|Landorus, L50, M|
|poke|p1|Grimmsnarl, L50, M|
|poke|p2|Rillaboom, L50, M|
|poke|p2|Urshifu-*, L50, F|
|poke|p2|Eternatus, L50|
|poke|p2|Kyogre, L50|
|poke|p2|Incineroar, L50, F|
|poke|p2|Wo-Chien, L50|
|teampreview|4
|
|t:|1750849978
|start
|switch|p1a: Stormborn|Tornadus, L50, M|100/100
|switch|p1b: I love Sand|Landorus, L50, M|100/100
|switch|p2a: Eternatus|Eternatus, L50|100/100
|switch|p2b: Wo-Chien|Wo-Chien, L50|100/100
|-ability|p2a: Eternatus|Pressure
|-ability|p2b: Wo-Chien|Tablets of Ruin
|turn|1
|
|t:|1750849994
|-terastallize|p1b: I love Sand|Poison
|-terastallize|p2a: Eternatus|Fairy
|move|p1a: Stormborn|Taunt|p2a: Eternatus
|-start|p2a: Eternatus|move: Taunt
|move|p1b: I love Sand|Sludge Bomb|p2b: Wo-Chien
|-supereffective|p2b: Wo-Chien
|-damage|p2b: Wo-Chien|14/100
|cant|p2a: Eternatus|move: Taunt|Cosmic Power
|move|p2b: Wo-Chien|Snarl|p1b: I love Sand|[spread] p1b
|-miss|p2b: Wo-Chien|p1a: Stormborn
|-damage|p1b: I love Sand|82/100
|-unboost|p1b: I love Sand|spa|1
|
|upkeep
|turn|2
|
|t:|1750850018
|switch|p2a: Kyogre|Kyogre, L50|100/100
|-weather|RainDance|[from] ability: Drizzle|[of] p2a: Kyogre
|move|p2b: Wo-Chien|Protect|p2b: Wo-Chien
|-singleturn|p2b: Wo-Chien|Protect
|move|p1a: Stormborn|Tailwind|p1a: Stormborn
|-sidestart|p1: MorrisPXG456|move: Tailwind
|move|p1b: I love Sand|Sludge Bomb|p2a: Kyogre
|-damage|p2a: Kyogre|66/100
|
|-weather|RainDance|[upkeep]
|upkeep
|turn|3
|
|t:|1750850027
|move|p1a: Stormborn|Hurricane|p2a: Kyogre
|-damage|p2a: Kyogre|30/100
|-start|p2a: Kyogre|confusion
|move|p1b: I love Sand|Sandsear Storm|p2b: Wo-Chien|[spread] p2a,p2b
|-resisted|p2b: Wo-Chien
|-damage|p2a: Kyogre|1/100
|-damage|p2b: Wo-Chien|0 fnt
|faint|p2b: Wo-Chien
|-activate|p2a: Kyogre|confusion
|move|p2a: Kyogre|Origin Pulse|p1b: I love Sand|[spread] p1a,p1b
|-damage|p1a: Stormborn|11/100
|-damage|p1b: I love Sand|0 fnt
|faint|p1b: I love Sand
|
|-weather|RainDance|[upkeep]
|upkeep
|
|t:|1750850042
|switch|p1b: Azure Dragon|Miraidon, L50|100/100
|switch|p2b: Eternatus|Eternatus, L50, tera:Fairy|100/100
|-fieldstart|move: Electric Terrain|[from] ability: Hadron Engine|[of] p1b: Azure Dragon
|-ability|p2b: Eternatus|Pressure
|turn|4
|
|t:|1750850058
|switch|p2a: Rillaboom|Rillaboom, L50, M|100/100
|-fieldstart|move: Grassy Terrain|[from] ability: Grassy Surge|[of] p2a: Rillaboom
|move|p1b: Azure Dragon|Electro Drift|p2b: Eternatus
|-damage|p2b: Eternatus|30/100
|move|p1a: Stormborn|Hurricane|p2a: Rillaboom
|-supereffective|p2a: Rillaboom
|-damage|p2a: Rillaboom|53/100
|move|p2b: Eternatus|Sludge Bomb|p1a: Stormborn
|-damage|p1a: Stormborn|0 fnt
|faint|p1a: Stormborn
|
|-weather|RainDance|[upkeep]
|-heal|p2b: Eternatus|36/100|[from] Grassy Terrain
|-heal|p2b: Eternatus|42/100|[from] item: Leftovers
|-heal|p2a: Rillaboom|59/100|[from] Grassy Terrain
|upkeep
|
|t:|1750850066
|switch|p1a: feedtheorca|Kyogre, L50|100/100
|turn|5
|
|t:|1750850073
|move|p2a: Rillaboom|Fake Out|p1b: Azure Dragon
|-damage|p1b: Azure Dragon|87/100
|cant|p1b: Azure Dragon|flinch
|move|p1a: feedtheorca|Water Spout|p2a: Rillaboom|[spread] p2a,p2b
|-resisted|p2a: Rillaboom
|-damage|p2a: Rillaboom|26/100
|-damage|p2b: Eternatus|0 fnt
|faint|p2b: Eternatus
|
|-weather|RainDance|[upkeep]
|-heal|p1b: Azure Dragon|94/100|[from] Grassy Terrain
|-heal|p2a: Rillaboom|31/100|[from] Grassy Terrain
|-sideend|p1: MorrisPXG456|move: Tailwind
|upkeep
|
|t:|1750850075
|switch|p2b: Kyogre|Kyogre, L50|1/100
|turn|6
|
|t:|1750850090
|move|p2b: Kyogre|Ice Beam|p1b: Azure Dragon
|-supereffective|p1b: Azure Dragon
|-damage|p1b: Azure Dragon|28/100
|move|p1b: Azure Dragon|Electro Drift|p2a: Rillaboom
|-resisted|p2a: Rillaboom
|-damage|p2a: Rillaboom|10/100
|move|p1a: feedtheorca|Ice Beam|p2b: Kyogre
|-resisted|p2b: Kyogre
|-damage|p2b: Kyogre|0 fnt
|faint|p2b: Kyogre
|move|p2a: Rillaboom|Wood Hammer|p1a: feedtheorca
|-supereffective|p1a: feedtheorca
|-damage|p1a: feedtheorca|0 fnt
|faint|p1a: feedtheorca
|-damage|p2a: Rillaboom|0 fnt|[from] Recoil
|faint|p2a: Rillaboom
|
|win|MorrisPXG456
|raw|MorrisPXG456's rating: 1463 &rarr; <strong>1495</strong><br />(+32 for winning)
|raw|WeWantBreathOfFire's rating: 1699 &rarr; <strong>1667</strong><br />(-32 for losing)
|l|☆WeWantBreathOfFire
|player|p2|
