|j|☆laizans
|j|☆Jar of rod
|t:|1750729859
|gametype|doubles
|player|p1|laizans|2|1322
|player|p2|Jar of rod|265|1330
|teamsize|p1|6
|teamsize|p2|6
|gen|9
|tier|[Gen 9] VGC 2025 Reg I
|rated|
|rule|Species Clause: Limit one of each Pokémon
|rule|Item Clause: Limit 1 of each item
|clearpoke
|poke|p1|Flutter Mane, L50|
|poke|p1|Whimsicott, L50, F|
|poke|p1|Koraidon, L50|
|poke|p1|Chi-Yu, L50|
|poke|p1|Miraidon, L50|
|poke|p1|Urshifu-*, L50, F|
|poke|p2|Kyogre, L50|
|poke|p2|Zacian-*, L50|
|poke|p2|Tornadus, L50, M|
|poke|p2|Urshifu-*, L50, F|
|poke|p2|Incineroar, L50, M|
|poke|p2|Amoonguss, L50, F|
|teampreview|4
|inactive|Battle timer is ON: inactive players will automatically lose when time's up. (requested by laizans)
|inactive|laizans has 60 seconds left.
|
|t:|1750729910
|start
|switch|p1a: Whimsicott|Whimsicott, L50, F|100/100
|switch|p1b: Chi-Yu|Chi-Yu, L50|100/100
|switch|p2a: Zacian|Zacian-Crowned, L50|100/100
|switch|p2b: Tornadus|Tornadus, L50, M|100/100
|-ability|p2a: Zacian|Intrepid Sword|boost
|-boost|p2a: Zacian|atk|1
|-ability|p1b: Chi-Yu|Beads of Ruin
|turn|1
|inactive|laizans has 30 seconds left.
|inactive|Jar of rod has 30 seconds left.
|inactive|laizans has 20 seconds left.
|inactive|Jar of rod has 20 seconds left.
|inactive|Jar of rod has 15 seconds left.
|
|t:|1750729954
|switch|p2a: Kyogre|Kyogre, L50|100/100
|-weather|RainDance|[from] ability: Drizzle|[of] p2a: Kyogre
|move|p1a: Whimsicott|Tailwind|p1a: Whimsicott
|-sidestart|p1: laizans|move: Tailwind
|move|p2b: Tornadus|Tailwind|p2b: Tornadus
|-sidestart|p2: Jar of rod|move: Tailwind
|move|p1b: Chi-Yu|Overheat|p2a: Kyogre
|-resisted|p2a: Kyogre
|-damage|p2a: Kyogre|80/100
|-unboost|p1b: Chi-Yu|spa|2
|-damage|p1b: Chi-Yu|90/100|[from] item: Life Orb
|
|-weather|RainDance|[upkeep]
|upkeep
|turn|2
|
|t:|1750729977
|switch|p1b: Koraidon|Koraidon, L50|100/100
|-weather|SunnyDay|[from] ability: Orichalcum Pulse|[of] p1b: Koraidon
|-activate|p1b: Koraidon|Orichalcum Pulse|[source]
|move|p1a: Whimsicott|Encore|p2b: Tornadus
|-start|p2b: Tornadus|Encore
|move|p2a: Kyogre|Water Spout|p1a: Whimsicott|[spread] p1a,p1b
|-resisted|p1a: Whimsicott
|-resisted|p1b: Koraidon
|-damage|p1a: Whimsicott|80/100
|-damage|p1b: Koraidon|86/100
|move|p2b: Tornadus|Tailwind||[still]
|-fail|p2b: Tornadus
|
|-weather|SunnyDay|[upkeep]
|upkeep
|turn|3
|
|t:|1750730004
|switch|p2a: Amoonguss|Amoonguss, L50, F|100/100
|switch|p2b: Zacian|Zacian-Crowned, L50|100/100
|move|p1b: Koraidon|Flare Blitz|p2b: Zacian
|-supereffective|p2b: Zacian
|-damage|p2b: Zacian|0 fnt
|faint|p2b: Zacian
|-damage|p1b: Koraidon|52/100|[from] Recoil
|move|p1a: Whimsicott|Moonblast|p2a: Amoonguss
|-resisted|p2a: Amoonguss
|-damage|p2a: Amoonguss|87/100
|
|-weather|SunnyDay|[upkeep]
|upkeep
|
|t:|1750730016
|switch|p2b: Kyogre|Kyogre, L50|80/100
|-weather|RainDance|[from] ability: Drizzle|[of] p2b: Kyogre
|turn|4
|
|t:|1750730031
|switch|p2a: Tornadus|Tornadus, L50, M|100/100
|move|p1a: Whimsicott|Protect|p1a: Whimsicott
|-singleturn|p1a: Whimsicott|Protect
|move|p1b: Koraidon|Protect|p1b: Koraidon
|-singleturn|p1b: Koraidon|Protect
|move|p2b: Kyogre|Water Spout|p1a: Whimsicott|[spread] 
|-activate|p1a: Whimsicott|move: Protect
|-activate|p1b: Koraidon|move: Protect
|
|-weather|RainDance|[upkeep]
|-sideend|p1: laizans|move: Tailwind
|-sideend|p2: Jar of rod|move: Tailwind
|upkeep
|turn|5
|
|t:|1750730054
|switch|p1b: Chi-Yu|Chi-Yu, L50|90/100
|-ability|p1b: Chi-Yu|Beads of Ruin
|move|p1a: Whimsicott|Tailwind|p1a: Whimsicott
|-sidestart|p1: laizans|move: Tailwind
|move|p2a: Tornadus|Tailwind|p2a: Tornadus
|-sidestart|p2: Jar of rod|move: Tailwind
|move|p2b: Kyogre|Ice Beam|p1b: Chi-Yu
|-resisted|p1b: Chi-Yu
|-damage|p1b: Chi-Yu|71/100
|
|-weather|RainDance|[upkeep]
|upkeep
|turn|6
|inactive|Jar of rod has 30 seconds left.
|
|t:|1750730088
|switch|p1a: Koraidon|Koraidon, L50|52/100
|-weather|SunnyDay|[from] ability: Orichalcum Pulse|[of] p1a: Koraidon
|-activate|p1a: Koraidon|Orichalcum Pulse|[source]
|switch|p2a: Amoonguss|Amoonguss, L50, F|100/100
|move|p1b: Chi-Yu|Heat Wave|p2b: Kyogre|[spread] p2a,p2b
|-supereffective|p2a: Amoonguss
|-resisted|p2b: Kyogre
|-damage|p2a: Amoonguss|0 fnt
|-damage|p2b: Kyogre|42/100
|faint|p2a: Amoonguss
|-damage|p1b: Chi-Yu|61/100|[from] item: Life Orb
|move|p2b: Kyogre|Ice Beam|p1a: Koraidon
|-supereffective|p1a: Koraidon
|-damage|p1a: Koraidon|0 fnt
|faint|p1a: Koraidon
|
|-weather|SunnyDay|[upkeep]
|upkeep
|inactive|laizans has 30 seconds left.
|
|t:|1750730122
|switch|p1a: Miraidon|Miraidon, L50|100/100
|switch|p2a: Tornadus|Tornadus, L50, M|100/100
|-fieldstart|move: Electric Terrain|[from] ability: Hadron Engine|[of] p1a: Miraidon
|turn|7
|l|☆laizans
|inactive|laizans disconnected and has a minute to reconnect!
|player|p1|
|j|☆laizans
|inactive|laizans reconnected.
|player|p1|laizans|2|
|inactive|Jar of rod has 30 seconds left.
|
|t:|1750730154
|-terastallize|p2b: Kyogre|Grass
|move|p2a: Tornadus|Rain Dance|p2a: Tornadus
|-weather|RainDance
|move|p1a: Miraidon|Volt Switch|p2a: Tornadus
|-supereffective|p2a: Tornadus
|-damage|p2a: Tornadus|0 fnt
|faint|p2a: Tornadus
|
|t:|1750730164
|switch|p1a: Whimsicott|Whimsicott, L50, F|80/100|[from] Volt Switch
|move|p1b: Chi-Yu|Dark Pulse|p2b: Kyogre
|-damage|p2b: Kyogre|0 fnt
|faint|p2b: Kyogre
|-damage|p1b: Chi-Yu|51/100|[from] item: Life Orb
|
|win|laizans
|raw|laizans's rating: 1322 &rarr; <strong>1342</strong><br />(+20 for winning)
|raw|Jar of rod's rating: 1330 &rarr; <strong>1310</strong><br />(-20 for losing)
|l|☆Jar of rod
|player|p2|
