|j|☆ilikeeatingcrayons
|j|☆Typhon1175
|t:|1750788870
|gametype|doubles
|player|p1|ilikeeatingcrayons|lass-gen4dp|
|player|p2|Typhon1175|caitlin-masters|
|teamsize|p1|6
|teamsize|p2|6
|gen|9
|tier|[Gen 9] VGC 2025 Reg I
|rule|Species Clause: Limit one of each Pokémon
|rule|Item Clause: Limit 1 of each item
|clearpoke
|poke|p1|Zacian-*, L50|
|poke|p1|Clefairy, L50, M|
|poke|p1|Eternatus, L50|
|poke|p1|Ursaluna-Bloodmoon, L50, M|
|poke|p1|Ogerpon-Wellspring, L50, F|
|poke|p1|Roaring Moon, L50|
|poke|p2|Groudon, L50|
|poke|p2|Zacian-*, L50|
|poke|p2|Roaring Moon, L50|
|poke|p2|Ogerpon-Wellspring, L50, F|
|poke|p2|Heatran, L50, F|
|poke|p2|Walking Wake, L50|
|teampreview|4
ilikeeatingcrayons has agreed to open team sheets.
Typhon1175 has agreed to open team sheets.
|showteam|p1|Zacian||Leftovers|IntrepidSword|PlayRough,CloseCombat,SwordsDance,Substitute||||||50|,,,,,Poison]Clefairy||Eviolite|FriendGuard|FollowMe,AfterYou,LifeDew,Encore|||M|||50|,,,,,Water]Eternatus||LifeOrb|Pressure|DynamaxCannon,SludgeBomb,FireBlast,SolarBeam||||||50|,,,,,Grass]Ursaluna-Bloodmoon||AssaultVest|MindsEye|BloodMoon,HyperVoice,EarthPower,VacuumWave|||M|||50|,,,,,Grass]Ogerpon-Wellspring||WellspringMask|WaterAbsorb|IvyCudgel,HornLeech,FollowMe,SpikyShield|||F|||50|,,,,,Water]Roaring Moon||BoosterEnergy|Protosynthesis|KnockOff,Acrobatics,Tailwind,Protect||||||50|,,,,,Flying
|showteam|p2|Groudon||ClearAmulet|Drought|PrecipiceBlades,RockSlide,HeatCrash,Protect||||||50|,,,,,Fire]Zacian||ChoiceBand|IntrepidSword|PlayRough,PsychicFangs,SacredSword,Crunch||||||50|,,,,,Steel]Roaring Moon||BoosterEnergy|Protosynthesis|Tailwind,Acrobatics,DragonClaw,KnockOff||||||50|,,,,,Flying]Ogerpon-Wellspring||WellspringMask|WaterAbsorb|FollowMe,SpikyShield,HelpingHand,WoodHammer|||F|||50|,,,,,Water]Heatran||AirBalloon|FlashFire|HeatWave,MagmaStorm,FlashCannon,Protect|||F|||50|,,,,,Grass]Walking Wake||LifeOrb|Protosynthesis|WeatherBall,HydroSteam,Protect,DracoMeteor||||||50|,,,,,Fire
|c|☆Typhon1175|glhf
|c|☆ilikeeatingcrayons|u2
|
|t:|1750788911
|start
|switch|p1a: Eternatus|Eternatus, L50|100/100
|switch|p1b: Roaring Moon|Roaring Moon, L50|100/100
|switch|p2a: Roaring Moon|Roaring Moon, L50, shiny|100/100
|switch|p2b: Zacian|Zacian, L50|100/100
|-ability|p2b: Zacian|Intrepid Sword|boost
|-boost|p2b: Zacian|atk|1
|-ability|p1a: Eternatus|Pressure
|-enditem|p1b: Roaring Moon|Booster Energy
|-activate|p1b: Roaring Moon|ability: Protosynthesis|[fromitem]
|-start|p1b: Roaring Moon|protosynthesisspe
|-enditem|p2a: Roaring Moon|Booster Energy
|-activate|p2a: Roaring Moon|ability: Protosynthesis|[fromitem]
|-start|p2a: Roaring Moon|protosynthesisspe
|turn|1
|
|t:|1750788938
|-terastallize|p2b: Zacian|Steel
|-terastallize|p1a: Eternatus|Grass
|move|p2a: Roaring Moon|Tailwind|p2a: Roaring Moon
|-sidestart|p2: Typhon1175|move: Tailwind
|move|p2b: Zacian|Psychic Fangs|p1a: Eternatus
|-damage|p1a: Eternatus|47/100
|move|p1b: Roaring Moon|Tailwind|p1b: Roaring Moon
|-sidestart|p1: ilikeeatingcrayons|move: Tailwind
|move|p1a: Eternatus|Dynamax Cannon|p2a: Roaring Moon
|-supereffective|p2a: Roaring Moon
|-damage|p2a: Roaring Moon|0 fnt
|faint|p2a: Roaring Moon
|-end|p2a: Roaring Moon|Protosynthesis|[silent]
|-damage|p1a: Eternatus|38/100|[from] item: Life Orb
|
|upkeep
|
|t:|1750788953
|switch|p2a: Groudon|Groudon, L50|100/100
|-weather|SunnyDay|[from] ability: Drought|[of] p2a: Groudon
|turn|2
|
|t:|1750788986
|switch|p1a: Clefairy|Clefairy, L50, M|100/100
|move|p1b: Roaring Moon|Knock Off|p2a: Groudon
|-damage|p2a: Groudon|63/100
|-enditem|p2a: Groudon|Clear Amulet|[from] move: Knock Off|[of] p1b: Roaring Moon
|move|p2b: Zacian|Psychic Fangs|p1a: Clefairy
|-damage|p1a: Clefairy|37/100
|move|p2a: Groudon|Precipice Blades|p1b: Roaring Moon|[spread] p1a,p1b
|-damage|p1a: Clefairy|0 fnt
|-damage|p1b: Roaring Moon|48/100
|faint|p1a: Clefairy
|
|-weather|SunnyDay|[upkeep]
|upkeep
|
|t:|1750788995
|switch|p1a: Zacian|Zacian, L50|100/100
|-ability|p1a: Zacian|Intrepid Sword|boost
|-boost|p1a: Zacian|atk|1
|turn|3
|
|t:|1750789019
|move|p1b: Roaring Moon|Acrobatics|p2a: Groudon
|-damage|p2a: Groudon|32/100
|move|p2b: Zacian|Psychic Fangs|p1a: Zacian
|-damage|p1a: Zacian|53/100
|move|p1a: Zacian|Play Rough|p2a: Groudon|[miss]
|-miss|p1a: Zacian|p2a: Groudon
|move|p2a: Groudon|Precipice Blades|p1b: Roaring Moon|[spread] p1b
|-miss|p2a: Groudon|p1a: Zacian
|-damage|p1b: Roaring Moon|0 fnt
|faint|p1b: Roaring Moon
|-end|p1b: Roaring Moon|Protosynthesis|[silent]
|
|-weather|SunnyDay|[upkeep]
|-heal|p1a: Zacian|59/100|[from] item: Leftovers
|upkeep
|
|t:|1750789027
|switch|p1b: Eternatus|Eternatus, L50, tera:Grass|38/100
|-ability|p1b: Eternatus|Pressure
|turn|4
|
|t:|1750789044
|move|p2a: Groudon|Protect|p2a: Groudon
|-singleturn|p2a: Groudon|Protect
|move|p1a: Zacian|Close Combat|p2b: Zacian
|-supereffective|p2b: Zacian
|-damage|p2b: Zacian|0 fnt
|-unboost|p1a: Zacian|def|1
|-unboost|p1a: Zacian|spd|1
|faint|p2b: Zacian
|move|p1b: Eternatus|Solar Beam||[still]
|-prepare|p1b: Eternatus|Solar Beam
|-anim|p1b: Eternatus|Solar Beam|p2a: Groudon
|-activate|p2a: Groudon|move: Protect
|
|-weather|SunnyDay|[upkeep]
|-heal|p1a: Zacian|65/100|[from] item: Leftovers
|-sideend|p2: Typhon1175|move: Tailwind
|-sideend|p1: ilikeeatingcrayons|move: Tailwind
|upkeep
|
|t:|1750789050
|switch|p2b: Walking Wake|Walking Wake, L50|100/100
|-activate|p2b: Walking Wake|ability: Protosynthesis
|-start|p2b: Walking Wake|protosynthesisspa
|turn|5
|c|☆Typhon1175|gg
|c|☆ilikeeatingcrayons|gg
|
|t:|1750789063
|move|p2b: Walking Wake|Protect|p2b: Walking Wake
|-singleturn|p2b: Walking Wake|Protect
|move|p1a: Zacian|Play Rough|p2b: Walking Wake
|-activate|p2b: Walking Wake|move: Protect
|move|p1b: Eternatus|Solar Beam||[still]
|-prepare|p1b: Eternatus|Solar Beam
|-anim|p1b: Eternatus|Solar Beam|p2a: Groudon
|-supereffective|p2a: Groudon
|-damage|p2a: Groudon|0 fnt
|faint|p2a: Groudon
|-damage|p1b: Eternatus|28/100|[from] item: Life Orb
|
|-weather|SunnyDay|[upkeep]
|-heal|p1a: Zacian|71/100|[from] item: Leftovers
|upkeep
|turn|6
|
|t:|1750789078
|move|p1a: Zacian|Play Rough|p2b: Walking Wake
|-supereffective|p2b: Walking Wake
|-damage|p2b: Walking Wake|0 fnt
|faint|p2b: Walking Wake
|-end|p2b: Walking Wake|Protosynthesis|[silent]
|
|win|ilikeeatingcrayons
|c|☆Typhon1175|cool team
|c|☆ilikeeatingcrayons|ty
|c|☆ilikeeatingcrayons|are you actually down for a bo3
|c|☆ilikeeatingcrayons|i think i have time
|c|☆Typhon1175|sure!
