|j|☆TotallyNotAutistic
|j|☆joseplayer21
|t:|1750816180
|gametype|doubles
|player|p1|TotallyNotAutistic|1|1128
|player|p2|joseplayer21|170|1109
|teamsize|p1|6
|teamsize|p2|6
|gen|9
|tier|[Gen 9] VGC 2025 Reg I
|rated|
|rule|Species Clause: Limit one of each Pokémon
|rule|Item Clause: Limit 1 of each item
|clearpoke
|poke|p1|Reshiram, L50|
|poke|p1|Malamar, L50, M|
|poke|p1|Miraidon, L50|
|poke|p1|Farigiraf, L50, F|
|poke|p1|Iron Hands, L50|
|poke|p1|Gastrodon, L50, F|
|poke|p2|Calyrex-Ice, L50|
|poke|p2|Necrozma-Dawn-Wings, L50|
|poke|p2|Flutter Mane, L50|
|poke|p2|Torkoal, L50, F|
|poke|p2|Brute Bonnet, L50|
|poke|p2|Incineroar, L50, F|
|teampreview|4
|
|t:|1750816205
|start
|switch|p1a: Malamar|Malamar, L50, M|100/100
|switch|p1b: Reshiram|Reshiram, L50|100/100
|switch|p2a: Brute Bonnet|Brute Bonnet, L50|100/100
|switch|p2b: Necrozma|Necrozma-Dawn-Wings, L50|100/100
|-ability|p1b: Reshiram|Turboblaze
|turn|1
|
|t:|1750816230
|-terastallize|p2b: Necrozma|Dark
|move|p1b: Reshiram|Protect|p1b: Reshiram
|-singleturn|p1b: Reshiram|Protect
|move|p2a: Brute Bonnet|Spore|p1b: Reshiram
|-activate|p1b: Reshiram|move: Protect
|move|p2b: Necrozma|Trick Room|p2b: Necrozma
|-fieldstart|move: Trick Room|[of] p2b: Necrozma
|move|p1a: Malamar|Trick Room|p1a: Malamar
|-fieldend|move: Trick Room
|
|upkeep
|turn|2
|
|t:|1750816263
|switch|p1a: Iron Hands|Iron Hands, L50|100/100
|move|p1b: Reshiram|Overheat|p2a: Brute Bonnet
|-supereffective|p2a: Brute Bonnet
|-damage|p2a: Brute Bonnet|0 fnt
|-unboost|p1b: Reshiram|spa|2
|faint|p2a: Brute Bonnet
|-end|p2a: Brute Bonnet|Protosynthesis|[silent]
|-damage|p1b: Reshiram|91/100|[from] item: Life Orb
|move|p2b: Necrozma|Trick Room|p2b: Necrozma
|-fieldstart|move: Trick Room|[of] p2b: Necrozma
|
|upkeep
|
|t:|1750816273
|switch|p2a: Torkoal|Torkoal, L50, F|100/100
|-weather|SunnyDay|[from] ability: Drought|[of] p2a: Torkoal
|turn|3
|
|t:|1750816292
|switch|p1b: Gastrodon|Gastrodon, L50, F|100/100
|move|p1a: Iron Hands|Fake Out|p2a: Torkoal
|-damage|p2a: Torkoal|87/100
|cant|p2a: Torkoal|flinch
|move|p2b: Necrozma|Meteor Beam||[still]
|-prepare|p2b: Necrozma|Meteor Beam
|-boost|p2b: Necrozma|spa|1
|
|-weather|SunnyDay|[upkeep]
|upkeep
|turn|4
|
|t:|1750816311
|move|p1a: Iron Hands|Detect|p1a: Iron Hands
|-singleturn|p1a: Iron Hands|Protect
|move|p2a: Torkoal|Solar Beam||[still]
|-prepare|p2a: Torkoal|Solar Beam
|-anim|p2a: Torkoal|Solar Beam|p1b: Gastrodon
|-supereffective|p1b: Gastrodon
|-damage|p1b: Gastrodon|0 fnt
|faint|p1b: Gastrodon
|move|p2b: Necrozma|Meteor Beam|p1a: Iron Hands|[from] lockedmove
|-activate|p1a: Iron Hands|move: Protect
|
|-weather|SunnyDay|[upkeep]
|upkeep
|
|t:|1750816324
|switch|p1b: Reshiram|Reshiram, L50|91/100
|-ability|p1b: Reshiram|Turboblaze
|turn|5
|
|t:|1750816338
|switch|p2a: Calyrex|Calyrex-Ice, L50|100/100
|-ability|p2a: Calyrex|As One
|-ability|p2a: Calyrex|Unnerve
|move|p1a: Iron Hands|Close Combat|p2b: Necrozma
|-supereffective|p2b: Necrozma
|-damage|p2b: Necrozma|12/100
|-unboost|p1a: Iron Hands|def|1
|-unboost|p1a: Iron Hands|spd|1
|move|p1b: Reshiram|Draco Meteor|p2a: Calyrex
|-damage|p2a: Calyrex|29/100
|-unboost|p1b: Reshiram|spa|2
|-damage|p1b: Reshiram|81/100|[from] item: Life Orb
|move|p2b: Necrozma|Photon Geyser|p1a: Iron Hands
|-supereffective|p1a: Iron Hands
|-damage|p1a: Iron Hands|0 fnt
|faint|p1a: Iron Hands
|-end|p1a: Iron Hands|Quark Drive|[silent]
|
|-weather|SunnyDay|[upkeep]
|upkeep
|
|t:|1750816355
|switch|p1a: Malamar|Malamar, L50, M|100/100
|turn|6
|
|t:|1750816368
|-terastallize|p1b: Reshiram|Fire
|move|p2a: Calyrex|Glacial Lance|p1a: Malamar|[spread] p1a,p1b
|-resisted|p1b: Reshiram
|-crit|p1b: Reshiram
|-damage|p1a: Malamar|19/100
|-damage|p1b: Reshiram|19/100
|move|p1a: Malamar|Topsy-Turvy|p1b: Reshiram
|-invertboost|p1b: Reshiram|[from] move: Topsy-Turvy
|move|p1b: Reshiram|Heat Wave|p2a: Calyrex|[spread] p2a,p2b
|-supereffective|p2a: Calyrex
|-damage|p2a: Calyrex|0 fnt
|-damage|p2b: Necrozma|0 fnt
|faint|p2a: Calyrex
|faint|p2b: Necrozma
|-damage|p1b: Reshiram|9/100|[from] item: Life Orb
|
|-weather|SunnyDay|[upkeep]
|-fieldend|move: Trick Room
|upkeep
|
|t:|1750816382
|switch|p2b: Torkoal|Torkoal, L50, F|87/100
|turn|7
|
|t:|1750816390
|move|p1b: Reshiram|Draco Meteor|p2b: Torkoal
|-damage|p2b: Torkoal|0 fnt
|-unboost|p1b: Reshiram|spa|2
|faint|p2b: Torkoal
|-damage|p1b: Reshiram|0 fnt|[from] item: Life Orb
|faint|p1b: Reshiram
|
|win|TotallyNotAutistic
|raw|TotallyNotAutistic's rating: 1128 &rarr; <strong>1152</strong><br />(+24 for winning)
|raw|joseplayer21's rating: 1109 &rarr; <strong>1085</strong><br />(-24 for losing)
|l|☆joseplayer21
|player|p2|
