|j|☆Wildgoobys
|j|☆pigs2fly
|t:|1750770291
|gametype|doubles
|player|p1|Wildgoobys|ethan|1535
|player|p2|pigs2fly|1|1617
|teamsize|p1|6
|teamsize|p2|6
|gen|9
|tier|[Gen 9] VGC 2025 Reg I
|rated|
|rule|Species Clause: Limit one of each Pokémon
|rule|Item Clause: Limit 1 of each item
|clearpoke
|poke|p1|Lapras, L50, F|
|poke|p1|Scream Tail, L50|
|poke|p1|Gothitelle, L50, F|
|poke|p1|Koraidon, L50|
|poke|p1|Zamazenta-*, L50|
|poke|p1|Iron Treads, L50|
|poke|p2|Annihilape, L50, M|
|poke|p2|Tornadus, L50, M|
|poke|p2|Dondozo, L50, M|
|poke|p2|Tatsugiri, L50, M|
|poke|p2|Zacian-*, L50|
|poke|p2|Kyogre, L50|
|teampreview|4
|inactive|Battle timer is ON: inactive players will automatically lose when time's up. (requested by Wildgoobys)
|
|t:|1750770313
|start
|switch|p1a: Lapras|Lapras, L50, F|100/100
|switch|p1b: Gothitelle|Gothitelle, L50, F|100/100
|switch|p2a: Annihilape|Annihilape, L50, M|100/100
|switch|p2b: Kyogre|Kyogre, L50|100/100
|-weather|RainDance|[from] ability: Drizzle|[of] p2b: Kyogre
|turn|1
|inactive|pigs2fly has 30 seconds left.
|inactive|Wildgoobys has 30 seconds left.
|
|t:|1750770349
|-terastallize|p2b: Kyogre|Ghost
|-terastallize|p1a: Lapras|Fairy
|move|p1b: Gothitelle|Protect|p1b: Gothitelle
|-singleturn|p1b: Gothitelle|Protect
|move|p2a: Annihilape|Close Combat|p1a: Lapras
|-resisted|p1a: Lapras
|-damage|p1a: Lapras|79/100
|-unboost|p2a: Annihilape|def|1
|-unboost|p2a: Annihilape|spd|1
|move|p2b: Kyogre|Origin Pulse|p1b: Gothitelle|[spread] p1a
|-activate|p1b: Gothitelle|move: Protect
|-damage|p1a: Lapras|20/100
|move|p1a: Lapras|Freeze-Dry|p2b: Kyogre
|-damage|p2b: Kyogre|84/100
|
|-weather|RainDance|[upkeep]
|upkeep
|turn|2
|inactive|Wildgoobys has 30 seconds left.
|inactive|Wildgoobys has 20 seconds left.
|
|t:|1750770385
|switch|p2a: Tornadus|Tornadus, L50, M|100/100
|move|p1a: Lapras|Protect|p1a: Lapras
|-singleturn|p1a: Lapras|Protect
|move|p2b: Kyogre|Origin Pulse|p1b: Gothitelle|[spread] p1b
|-activate|p1a: Lapras|move: Protect
|-damage|p1b: Gothitelle|21/100
|move|p1b: Gothitelle|Psychic|p2a: Tornadus
|-damage|p2a: Tornadus|57/100
|
|-weather|RainDance|[upkeep]
|-heal|p1b: Gothitelle|27/100|[from] item: Leftovers
|upkeep
|turn|3
|inactive|Wildgoobys has 30 seconds left.
|
|t:|1750770418
|move|p2a: Tornadus|Hurricane|p1a: Lapras
|-damage|p1a: Lapras|0 fnt
|faint|p1a: Lapras
|move|p2b: Kyogre|Origin Pulse|p1b: Gothitelle
|-damage|p1b: Gothitelle|0 fnt
|faint|p1b: Gothitelle
|
|-weather|RainDance|[upkeep]
|upkeep
|
|t:|1750770421
|switch|p1a: Zamazenta|Zamazenta-Crowned, L50|100/100
|switch|p1b: Koraidon|Koraidon, L50|100/100
|-weather|SunnyDay|[from] ability: Orichalcum Pulse|[of] p1b: Koraidon
|-activate|p1b: Koraidon|Orichalcum Pulse|[source]
|-ability|p1a: Zamazenta|Dauntless Shield|boost
|-boost|p1a: Zamazenta|def|1
|turn|4
|
|t:|1750770434
|move|p1a: Zamazenta|Wide Guard|p1a: Zamazenta
|-singleturn|p1a: Zamazenta|Wide Guard
|move|p2a: Tornadus|Rain Dance|p2a: Tornadus
|-weather|RainDance
|move|p1b: Koraidon|Flame Charge|p2b: Kyogre
|-damage|p2b: Kyogre|71/100
|-boost|p1b: Koraidon|spe|1
|-damage|p1b: Koraidon|91/100|[from] item: Life Orb
|move|p2b: Kyogre|Origin Pulse|p1a: Zamazenta|[spread] 
|-activate|p1a: Zamazenta|move: Wide Guard
|-activate|p1b: Koraidon|move: Wide Guard
|
|-weather|RainDance|[upkeep]
|upkeep
|turn|5
|
|t:|1750770457
|move|p1b: Koraidon|Protect|p1b: Koraidon
|-singleturn|p1b: Koraidon|Protect
|move|p2a: Tornadus|Tailwind|p2a: Tornadus
|-sidestart|p2: pigs2fly|move: Tailwind
|move|p2b: Kyogre|Origin Pulse|p1b: Koraidon|[spread] p1a
|-activate|p1b: Koraidon|move: Protect
|-damage|p1a: Zamazenta|26/100
|move|p1a: Zamazenta|Body Press|p2a: Tornadus
|-resisted|p2a: Tornadus
|-damage|p2a: Tornadus|0 fnt
|faint|p2a: Tornadus
|
|-weather|RainDance|[upkeep]
|upkeep
|
|t:|1750770461
|switch|p2a: Annihilape|Annihilape, L50, M|100/100
|turn|6
|
|t:|1750770481
|move|p1a: Zamazenta|Wide Guard|p1a: Zamazenta
|-singleturn|p1a: Zamazenta|Wide Guard
|move|p2a: Annihilape|Final Gambit|p1b: Koraidon
|-damage|p1b: Koraidon|0 fnt
|faint|p2a: Annihilape
|faint|p1b: Koraidon
|move|p2b: Kyogre|Origin Pulse|p1a: Zamazenta
|-activate|p1a: Zamazenta|move: Wide Guard
|
|-weather|RainDance|[upkeep]
|upkeep
|
|t:|1750770486
|switch|p2a: Zacian|Zacian-Crowned, L50, shiny|100/100
|-ability|p2a: Zacian|Intrepid Sword|boost
|-boost|p2a: Zacian|atk|1
|turn|7
|c|☆Wildgoobys|Gg
|
|t:|1750770492
|move|p2a: Zacian|Play Rough|p1a: Zamazenta
|-damage|p1a: Zamazenta|0 fnt
|faint|p1a: Zamazenta
|
|win|pigs2fly
|raw|Wildgoobys's rating: 1535 &rarr; <strong>1520</strong><br />(-15 for losing)
|raw|pigs2fly's rating: 1617 &rarr; <strong>1632</strong><br />(+15 for winning)
|l|☆Wildgoobys
|player|p1|
|c|☆pigs2fly|gg
|l|☆pigs2fly
|player|p2|
