|j|☆kauanadilson
|j|☆LaJamieRey
|t:|1750876820
|gametype|doubles
|player|p1|kauanadilson|ghetsis-gen5bw|1174
|player|p2|LaJamieRey|265|1193
|teamsize|p1|6
|teamsize|p2|6
|gen|9
|tier|[Gen 9] VGC 2025 Reg I
|rated|
|rule|Species Clause: Limit one of each Pokémon
|rule|Item Clause: Limit 1 of each item
|clearpoke
|poke|p1|Miraidon, L50|
|poke|p1|Calyrex-Shadow, L50|
|poke|p1|Iron Hands, L50|
|poke|p1|Iron Valiant, L50|
|poke|p1|Tornadus, L50, M|
|poke|p1|Incineroar, L50, F|
|poke|p2|Calyrex-Shadow, L50|
|poke|p2|Gastrodon, L50, M|
|poke|p2|Kilowattrel, L50, M|
|poke|p2|Flutter Mane, L50|
|poke|p2|Iron Hands, L50|
|poke|p2|Zacian-*, L50|
|teampreview|4
|inactive|Battle timer is ON: inactive players will automatically lose when time's up. (requested by LaJamieRey)
LaJamieRey has agreed to open team sheets.
|
|t:|1750876856
|start
|switch|p1a: Calyrex|Calyrex-Shadow, L50|100/100
|switch|p1b: Tornadus|Tornadus, L50, M, shiny|100/100
|switch|p2a: Kilowattrel|Kilowattrel, L50, M|100/100
|switch|p2b: Flutter Mane|Flutter Mane, L50|100/100
|-ability|p1a: Calyrex|As One
|-ability|p1a: Calyrex|Unnerve
|-enditem|p2b: Flutter Mane|Booster Energy
|-activate|p2b: Flutter Mane|ability: Protosynthesis|[fromitem]
|-start|p2b: Flutter Mane|protosynthesisspe
|turn|1
|
|t:|1750876871
|-terastallize|p2b: Flutter Mane|Normal
|move|p2a: Kilowattrel|Protect|p2a: Kilowattrel
|-singleturn|p2a: Kilowattrel|Protect
|move|p1b: Tornadus|Tailwind|p1b: Tornadus
|-sidestart|p1: kauanadilson|move: Tailwind
|move|p1a: Calyrex|Astral Barrage|p2b: Flutter Mane|[spread] 
|-activate|p2a: Kilowattrel|move: Protect
|-immune|p2b: Flutter Mane
|move|p2b: Flutter Mane|Icy Wind|p1a: Calyrex|[spread] p1a,p1b
|-supereffective|p1b: Tornadus
|-damage|p1a: Calyrex|87/100
|-damage|p1b: Tornadus|62/100
|-unboost|p1a: Calyrex|spe|1
|
|upkeep
|turn|2
|
|t:|1750876894
|move|p1b: Tornadus|Bleakwind Storm|p2b: Flutter Mane|[spread] p2b
|-miss|p1b: Tornadus|p2a: Kilowattrel
|-damage|p2b: Flutter Mane|62/100
|move|p2b: Flutter Mane|Moonblast|p1a: Calyrex
|-damage|p1a: Calyrex|37/100
|move|p1a: Calyrex|Draining Kiss|p2b: Flutter Mane
|-damage|p2b: Flutter Mane|36/100
|-heal|p1a: Calyrex|52/100|[from] drain|[of] p2b: Flutter Mane
|move|p2a: Kilowattrel|Electroweb|p1a: Calyrex|[spread] p1a,p1b
|-supereffective|p1b: Tornadus
|-damage|p1a: Calyrex|32/100
|-damage|p1b: Tornadus|7/100
|-unboost|p1a: Calyrex|spe|1
|
|upkeep
|turn|3
|inactive|kauanadilson has 30 seconds left.
|
|t:|1750876924
|move|p1b: Tornadus|Protect|p1b: Tornadus
|-singleturn|p1b: Tornadus|Protect
|move|p2b: Flutter Mane|Moonblast|p1a: Calyrex
|-damage|p1a: Calyrex|0 fnt
|faint|p1a: Calyrex
|move|p2a: Kilowattrel|Electroweb|p1b: Tornadus
|-activate|p1b: Tornadus|move: Protect
|
|upkeep
|
|t:|1750876932
|switch|p1a: Miraidon|Miraidon, L50|100/100
|-fieldstart|move: Electric Terrain|[from] ability: Hadron Engine|[of] p1a: Miraidon
|turn|4
|
|t:|1750876946
|move|p1b: Tornadus|Taunt|p2a: Kilowattrel
|-start|p2a: Kilowattrel|move: Taunt
|move|p1a: Miraidon|Dazzling Gleam|p2b: Flutter Mane|[spread] p2a,p2b
|-damage|p2a: Kilowattrel|16/100
|-damage|p2b: Flutter Mane|0 fnt
|faint|p2b: Flutter Mane
|-end|p2b: Flutter Mane|Protosynthesis|[silent]
|move|p2a: Kilowattrel|Electroweb|p1b: Tornadus|[spread] p1a,p1b
|-resisted|p1a: Miraidon
|-supereffective|p1b: Tornadus
|-damage|p1a: Miraidon|96/100
|-damage|p1b: Tornadus|0 fnt
|-unboost|p1a: Miraidon|spe|1
|faint|p1b: Tornadus
|
|-sideend|p1: kauanadilson|move: Tailwind
|upkeep
|l|☆kauanadilson
|inactive|kauanadilson disconnected and has a minute to reconnect!
|player|p1|
|
|t:|1750876962
|switch|p2b: Calyrex|Calyrex-Shadow, L50|100/100
|switch|p1b: Incineroar|Incineroar, L50, F, shiny|100/100
|-ability|p2b: Calyrex|As One
|-ability|p2b: Calyrex|Unnerve
|-ability|p1b: Incineroar|Intimidate|boost
|-unboost|p2a: Kilowattrel|atk|1
|-ability|p2a: Kilowattrel|Competitive|boost
|-boost|p2a: Kilowattrel|spa|2
|-enditem|p2a: Kilowattrel|Adrenaline Orb
|-boost|p2a: Kilowattrel|spe|1|[from] item: Adrenaline Orb
|-unboost|p2b: Calyrex|atk|1
|turn|5
|inactive|kauanadilson has 30 seconds left.
|inactive|kauanadilson has 20 seconds left.
|inactive|kauanadilson has 15 seconds left.
|inactive|kauanadilson has 10 seconds left.
|inactive|kauanadilson has 5 seconds left.
|-message|kauanadilson lost due to inactivity.
|
|win|LaJamieRey
|raw|kauanadilson's rating: 1174 &rarr; <strong>1150</strong><br />(-24 for losing)
|raw|LaJamieRey's rating: 1193 &rarr; <strong>1217</strong><br />(+24 for winning)
|l|☆LaJamieRey
|player|p2|
