|j|☆bubert_ps
|j|☆ibzdibz
|t:|1750720313
|gametype|doubles
|player|p1|bubert_ps|1|1390
|player|p2|ibzdibz|miku-ground|1399
|teamsize|p1|6
|teamsize|p2|6
|gen|9
|tier|[Gen 9] VGC 2025 Reg I
|rated|
|rule|Species Clause: Limit one of each Pokémon
|rule|Item Clause: Limit 1 of each item
|clearpoke
|poke|p1|Miraidon, L50|
|poke|p1|Incineroar, L50, M|
|poke|p1|Zamazenta-*, L50|
|poke|p1|Cresselia, L50, F|
|poke|p1|Zapdos-Galar, L50|
|poke|p1|Chien-Pao, L50|
|poke|p2|Zamazenta-*, L50|
|poke|p2|Calyrex-Ice, L50|
|poke|p2|Oranguru, L50, F|
|poke|p2|Urshifu-*, L50, M|
|poke|p2|Clefairy, L50, M|
|poke|p2|Ursaluna, L50, F|
|teampreview|4
|
|t:|1750720341
|start
|switch|p1a: Zapdos|Zapdos-Galar, L50, shiny|100/100
|switch|p1b: Chien-Pao|Chien-Pao, L50|100/100
|switch|p2a: Urshifu|Urshifu, L50, M|100/100
|switch|p2b: Calyrex|Calyrex-Ice, L50|100/100
|-ability|p2b: Calyrex|As One
|-ability|p2b: Calyrex|Unnerve
|-ability|p1b: Chien-Pao|Sword of Ruin
|turn|1
|inactive|Battle timer is ON: inactive players will automatically lose when time's up. (requested by ibzdibz)
|
|t:|1750720370
|-terastallize|p2b: Calyrex|Fire
|move|p1a: Zapdos|Thunderous Kick|p2b: Calyrex
|-damage|p2b: Calyrex|59/100
|move|p1b: Chien-Pao|Throat Chop|p2b: Calyrex
|-damage|p2b: Calyrex|29/100
|-start|p2b: Calyrex|Throat Chop|[silent]
|move|p2a: Urshifu|Close Combat|p1b: Chien-Pao
|-supereffective|p1b: Chien-Pao
|-enditem|p1b: Chien-Pao|Focus Sash
|-damage|p1b: Chien-Pao|1/100
|-unboost|p2a: Urshifu|def|1
|-unboost|p2a: Urshifu|spd|1
|move|p2b: Calyrex|Trick Room|p2b: Calyrex
|-fieldstart|move: Trick Room|[of] p2b: Calyrex
|
|upkeep
|turn|2
|
|t:|1750720388
|switch|p1a: Zamazenta|Zamazenta-Crowned, L50, shiny|100/100
|-ability|p1a: Zamazenta|Dauntless Shield|boost
|-boost|p1a: Zamazenta|def|1
|move|p2b: Calyrex|Protect|p2b: Calyrex
|-singleturn|p2b: Calyrex|Protect
|move|p1b: Chien-Pao|Protect|p1b: Chien-Pao
|-singleturn|p1b: Chien-Pao|Protect
|move|p2a: Urshifu|Sucker Punch||[still]
|-fail|p2a: Urshifu
|
|-end|p2b: Calyrex|Throat Chop|[silent]
|upkeep
|turn|3
|inactive|ibzdibz has 30 seconds left.
|inactive|ibzdibz has 20 seconds left.
|
|t:|1750720428
|switch|p2a: Clefairy|Clefairy, L50, M, shiny|100/100
|move|p1b: Chien-Pao|Ice Shard|p2a: Clefairy
|-damage|p2a: Clefairy|77/100
|move|p2b: Calyrex|High Horsepower|p1a: Zamazenta
|-supereffective|p1a: Zamazenta
|-damage|p1a: Zamazenta|53/100
|move|p1a: Zamazenta|Body Press|p2b: Calyrex
|-damage|p2b: Calyrex|0 fnt
|faint|p2b: Calyrex
|
|upkeep
|
|t:|1750720440
|switch|p2b: Ursaluna|Ursaluna, L50, F, shiny|100/100
|turn|4
|
|t:|1750720452
|switch|p1b: Zapdos|Zapdos-Galar, L50, shiny|100/100
|move|p2a: Clefairy|Follow Me|p2a: Clefairy
|-singleturn|p2a: Clefairy|move: Follow Me
|move|p2b: Ursaluna|Headlong Rush|p1a: Zamazenta
|-supereffective|p1a: Zamazenta
|-damage|p1a: Zamazenta|0 fnt
|-unboost|p2b: Ursaluna|def|1
|-unboost|p2b: Ursaluna|spd|1
|faint|p1a: Zamazenta
|
|-status|p2b: Ursaluna|brn|[from] item: Flame Orb
|upkeep
|
|t:|1750720466
|switch|p1a: Chien-Pao|Chien-Pao, L50|1/100
|-ability|p1a: Chien-Pao|Sword of Ruin
|turn|5
|
|t:|1750720481
|move|p1a: Chien-Pao|Protect|p1a: Chien-Pao
|-singleturn|p1a: Chien-Pao|Protect
|move|p2a: Clefairy|Follow Me|p2a: Clefairy
|-singleturn|p2a: Clefairy|move: Follow Me
|move|p2b: Ursaluna|Facade|p1b: Zapdos
|-damage|p1b: Zapdos|0 fnt
|faint|p1b: Zapdos
|
|-damage|p2b: Ursaluna|95/100 brn|[from] brn
|-fieldend|move: Trick Room
|upkeep
|
|t:|1750720484
|switch|p1b: Miraidon|Miraidon, L50|100/100
|-fieldstart|move: Electric Terrain|[from] ability: Hadron Engine|[of] p1b: Miraidon
|turn|6
|
|t:|1750720503
|-terastallize|p1b: Miraidon|Fairy
|move|p2a: Clefairy|Helping Hand|p2b: Ursaluna
|-singleturn|p2b: Ursaluna|Helping Hand|[of] p2a: Clefairy
|move|p1a: Chien-Pao|Icicle Crash|p2b: Ursaluna
|-supereffective|p2b: Ursaluna
|-damage|p2b: Ursaluna|0 fnt
|faint|p2b: Ursaluna
|move|p1b: Miraidon|Dazzling Gleam|p2a: Clefairy
|-damage|p2a: Clefairy|15/100
|
|upkeep
|
|t:|1750720512
|switch|p2b: Urshifu|Urshifu, L50, M|100/100
|turn|7
|
|t:|1750720524
|move|p2a: Clefairy|Helping Hand|p2b: Urshifu
|-singleturn|p2b: Urshifu|Helping Hand|[of] p2a: Clefairy
|move|p1a: Chien-Pao|Ice Shard|p2b: Urshifu
|-damage|p2b: Urshifu|81/100
|move|p1b: Miraidon|Dazzling Gleam|p2b: Urshifu|[spread] p2a,p2b
|-supereffective|p2b: Urshifu
|-damage|p2a: Clefairy|0 fnt
|-damage|p2b: Urshifu|0 fnt
|faint|p2a: Clefairy
|faint|p2b: Urshifu
|
|win|bubert_ps
|raw|bubert_ps's rating: 1390 &rarr; <strong>1411</strong><br />(+21 for winning)
|raw|ibzdibz's rating: 1399 &rarr; <strong>1378</strong><br />(-21 for losing)
|l|☆bubert_ps
|player|p1|
|l|☆ibzdibz
|player|p2|
