|j|☆GhostWindShowdown
|j|☆COCCHI91
|t:|1750829166
|gametype|doubles
|player|p1|GhostWindShowdown|brycenman|1218
|player|p2|COCCHI91|hilbert|1172
|teamsize|p1|6
|teamsize|p2|6
|gen|9
|tier|[Gen 9] VGC 2025 Reg I
|rated|
|rule|Species Clause: Limit one of each Pokémon
|rule|Item Clause: Limit 1 of each item
|clearpoke
|poke|p1|Sneasler, L50, M|
|poke|p1|Miraidon, L50|
|poke|p1|Maushold-Four, L50|
|poke|p1|Archaludon, L50, F|
|poke|p1|Sinistcha, L50|
|poke|p1|Kyogre, L50|
|poke|p2|Maushold-Four, L50|
|poke|p2|Annihilape, L50, F|
|poke|p2|Sinistcha-Masterpiece, L50|
|poke|p2|Zacian-*, L50|
|poke|p2|Ogerpon-Hearthflame, L50, F|
|poke|p2|Zamazenta-*, L50|
|teampreview|4
|inactive|Battle timer is ON: inactive players will automatically lose when time's up. (requested by COCCHI91)
|inactive|GhostWindShowdown also wants the timer to be on.
GhostWindShowdown has agreed to open team sheets.
|inactive|COCCHI91 has 60 seconds left.
|
|t:|1750829198
|start
|switch|p1a: Sneasler|Sneasler, L50, M|100/100
|switch|p1b: Miraidon|Miraidon, L50|100/100
|switch|p2a: Annihilape|Annihilape, L50, F|100/100
|switch|p2b: Zamazenta|Zamazenta-Crowned, L50|100/100
|-fieldstart|move: Electric Terrain|[from] ability: Hadron Engine|[of] p1b: Miraidon
|-enditem|p1a: Sneasler|Electric Seed
|-boost|p1a: Sneasler|def|1|[from] item: Electric Seed
|-ability|p2b: Zamazenta|Dauntless Shield|boost
|-boost|p2b: Zamazenta|def|1
|turn|1
|
|t:|1750829223
|move|p1a: Sneasler|Fake Out|p2b: Zamazenta
|-resisted|p2b: Zamazenta
|-damage|p2b: Zamazenta|97/100
|move|p1b: Miraidon|Dazzling Gleam|p2b: Zamazenta|[spread] p2a,p2b
|-supereffective|p2a: Annihilape
|-damage|p2a: Annihilape|29/100
|-damage|p2b: Zamazenta|72/100
|-enditem|p2a: Annihilape|Weakness Policy
|-boost|p2a: Annihilape|atk|2|[from] item: Weakness Policy
|-boost|p2a: Annihilape|spa|2|[from] item: Weakness Policy
|-damage|p1b: Miraidon|91/100|[from] item: Life Orb
|cant|p2b: Zamazenta|flinch
|move|p2a: Annihilape|Bulk Up|p2a: Annihilape
|-boost|p2a: Annihilape|atk|1
|-boost|p2a: Annihilape|def|1
|
|upkeep
|turn|2
|
|t:|1750829243
|switch|p2b: Sinistcha|Sinistcha-Masterpiece, L50|100/100
|-heal|p2a: Annihilape|53/100|[from] ability: Hospitality|[of] p2b: Sinistcha
|-terastallize|p2a: Annihilape|Steel
|move|p1a: Sneasler|Throat Chop|p2a: Annihilape
|-damage|p2a: Annihilape|33/100
|-start|p2a: Annihilape|Throat Chop|[silent]
|move|p1b: Miraidon|Electro Drift|p2b: Sinistcha
|-resisted|p2b: Sinistcha
|-crit|p2b: Sinistcha
|-damage|p2b: Sinistcha|0 fnt
|faint|p2b: Sinistcha
|-damage|p1b: Miraidon|81/100|[from] item: Life Orb
|move|p2a: Annihilape|Rage Fist|p1b: Miraidon
|-damage|p1b: Miraidon|0 fnt
|faint|p1b: Miraidon
|
|upkeep
|
|t:|1750829260
|switch|p1b: Kyogre|Kyogre, L50|100/100
|switch|p2b: Zamazenta|Zamazenta-Crowned, L50|72/100
|-weather|RainDance|[from] ability: Drizzle|[of] p1b: Kyogre
|turn|3
|
|t:|1750829272
|switch|p1b: Sinistcha|Sinistcha, L50|100/100
|move|p2a: Annihilape|Protect|p2a: Annihilape
|-singleturn|p2a: Annihilape|Protect
|move|p1a: Sneasler|Close Combat|p2a: Annihilape
|-activate|p2a: Annihilape|move: Protect
|move|p2b: Zamazenta|Heavy Slam|p1a: Sneasler
|-damage|p1a: Sneasler|46/100
|
|-weather|RainDance|[upkeep]
|-end|p2a: Annihilape|Throat Chop|[silent]
|upkeep
|turn|4
|
|t:|1750829297
|move|p1a: Sneasler|Close Combat|p2a: Annihilape
|-supereffective|p2a: Annihilape
|-damage|p2a: Annihilape|0 fnt
|-unboost|p1a: Sneasler|def|1
|-unboost|p1a: Sneasler|spd|1
|faint|p2a: Annihilape
|move|p2b: Zamazenta|Heavy Slam|p1a: Sneasler
|-damage|p1a: Sneasler|0 fnt
|faint|p1a: Sneasler
|move|p1b: Sinistcha|Matcha Gotcha|p2b: Zamazenta
|-resisted|p2b: Zamazenta
|-damage|p2b: Zamazenta|61/100
|-status|p2b: Zamazenta|brn
|
|-weather|RainDance|[upkeep]
|-damage|p2b: Zamazenta|55/100 brn|[from] brn
|upkeep
|
|t:|1750829312
|switch|p1a: Kyogre|Kyogre, L50|100/100
|switch|p2a: Ogerpon|Ogerpon-Hearthflame, L50, F|100/100
|-ability|p2a: Ogerpon|Mold Breaker
|turn|5
|
|t:|1750829334
|move|p1a: Kyogre|Protect|p1a: Kyogre
|-singleturn|p1a: Kyogre|Protect
|move|p2b: Zamazenta|Coaching|p2a: Ogerpon
|-boost|p2a: Ogerpon|atk|1
|-boost|p2a: Ogerpon|def|1
|move|p2a: Ogerpon|Horn Leech|p1a: Kyogre
|-activate|p1a: Kyogre|move: Protect
|move|p1b: Sinistcha|Curse|p2b: Zamazenta
|-start|p2b: Zamazenta|Curse|[of] p1b: Sinistcha
|-damage|p1b: Sinistcha|50/100
|
|-weather|RainDance|[upkeep]
|-damage|p2b: Zamazenta|49/100 brn|[from] brn
|-damage|p2b: Zamazenta|25/100 brn|[from] Curse
|-fieldend|move: Electric Terrain
|upkeep
|turn|6
|
|t:|1750829356
|-terastallize|p1a: Kyogre|Grass
|move|p2b: Zamazenta|Wide Guard|p2b: Zamazenta
|-singleturn|p2b: Zamazenta|Wide Guard
|move|p2a: Ogerpon|Horn Leech|p1a: Kyogre
|-resisted|p1a: Kyogre
|-damage|p1a: Kyogre|66/100
|move|p1a: Kyogre|Origin Pulse|p2a: Ogerpon|[spread] 
|-activate|p2a: Ogerpon|move: Wide Guard
|-activate|p2b: Zamazenta|move: Wide Guard
|move|p1b: Sinistcha|Curse|p2a: Ogerpon
|-start|p2a: Ogerpon|Curse|[of] p1b: Sinistcha
|-damage|p1b: Sinistcha|0 fnt
|faint|p1b: Sinistcha
|
|-weather|RainDance|[upkeep]
|-damage|p2b: Zamazenta|19/100 brn|[from] brn
|-damage|p2b: Zamazenta|0 fnt|[from] Curse
|faint|p2b: Zamazenta
|-damage|p2a: Ogerpon|76/100|[from] Curse
|upkeep
|turn|7
|inactive|COCCHI91 has 30 seconds left.
|inactive|COCCHI91 has 20 seconds left.
|
|t:|1750829396
|move|p2a: Ogerpon|Spiky Shield|p2a: Ogerpon
|-singleturn|p2a: Ogerpon|move: Protect
|move|p1a: Kyogre|Protect||[still]
|-fail|p1a: Kyogre
|
|-weather|none
|-damage|p2a: Ogerpon|51/100|[from] Curse
|upkeep
|turn|8
|
|t:|1750829408
|move|p1a: Kyogre|Protect|p1a: Kyogre
|-singleturn|p1a: Kyogre|Protect
|move|p2a: Ogerpon|Ivy Cudgel|p1a: Kyogre|[anim] Ivy Cudgel Fire
|-activate|p1a: Kyogre|move: Protect
|
|-damage|p2a: Ogerpon|27/100|[from] Curse
|upkeep
|turn|9
|c|☆COCCHI91|REALLY?
|c|☆COCCHI91|WOW
|
|t:|1750829431
|move|p1a: Kyogre|Protect|p1a: Kyogre
|-singleturn|p1a: Kyogre|Protect
|move|p2a: Ogerpon|Ivy Cudgel|p1a: Kyogre|[anim] Ivy Cudgel Fire
|-activate|p1a: Kyogre|move: Protect
|
|-damage|p2a: Ogerpon|2/100|[from] Curse
|upkeep
|turn|10
|
|t:|1750829439
|move|p2a: Ogerpon|Ivy Cudgel|p1a: Kyogre|[anim] Ivy Cudgel Fire
|-supereffective|p1a: Kyogre
|-damage|p1a: Kyogre|0 fnt
|faint|p1a: Kyogre
|
|win|COCCHI91
|raw|GhostWindShowdown's rating: 1218 &rarr; <strong>1190</strong><br />(-28 for losing)
|raw|COCCHI91's rating: 1172 &rarr; <strong>1200</strong><br />(+28 for winning)
|c|☆GhostWindShowdown|gg, that was awesome
|c|☆COCCHI91|GG
|c|☆COCCHI91|WWWP
|l|☆COCCHI91
|player|p2|
|l|☆GhostWindShowdown
|player|p1|
