|j|☆ShadowShun
|j|☆JeanChasuble
|t:|1750711781
|gametype|doubles
|player|p1|ShadowShun|maylene|1338
|player|p2|JeanChasuble|cheren-gen5bw2|1524
|teamsize|p1|6
|teamsize|p2|6
|gen|9
|tier|[Gen 9] VGC 2025 Reg I
|rated|
|rule|Species Clause: Limit one of each Pokémon
|rule|Item Clause: Limit 1 of each item
|clearpoke
|poke|p1|Koraidon, L50|
|poke|p1|Ogerpon-Hearthflame, L50, F|
|poke|p1|Flutter Mane, L50|
|poke|p1|Roaring Moon, L50|
|poke|p1|Iron Valiant, L50|
|poke|p1|Necrozma-Dawn-Wings, L50|
|poke|p2|Calyrex-Ice, L50|
|poke|p2|Reshiram, L50|
|poke|p2|Grimmsnarl, L50, M|
|poke|p2|Rillaboom, L50, F|
|poke|p2|Urshifu-*, L50, M|
|poke|p2|Incineroar, L50, F|
|teampreview|4
ShadowShun has agreed to open team sheets.
|inactive|Battle timer is ON: inactive players will automatically lose when time's up. (requested by ShadowShun)
|inactive|ShadowShun has 60 seconds left.
|inactive|JeanChasuble has 60 seconds left.
|inactive|JeanChasuble has 30 seconds left.
|
|t:|1750711861
|start
|switch|p1a: Flutter Mane|Flutter Mane, L50|100/100
|switch|p1b: Ogerpon|Ogerpon-Hearthflame, L50, F|100/100
|switch|p2a: Grimmsnarl|Grimmsnarl, L50, M|100/100
|switch|p2b: Reshiram|Reshiram, L50, shiny|100/100
|-ability|p1b: Ogerpon|Mold Breaker
|-ability|p2b: Reshiram|Turboblaze
|turn|1
|
|t:|1750711882
|-terastallize|p2b: Reshiram|Fire
|move|p1a: Flutter Mane|Protect|p1a: Flutter Mane
|-singleturn|p1a: Flutter Mane|Protect
|move|p2a: Grimmsnarl|Light Screen|p2a: Grimmsnarl
|-sidestart|p2: JeanChasuble|move: Light Screen
|move|p1b: Ogerpon|Ivy Cudgel|p2a: Grimmsnarl|[anim] Ivy Cudgel Fire
|-damage|p2a: Grimmsnarl|41/100
|move|p2b: Reshiram|Heat Wave|p1a: Flutter Mane|[spread] p1b
|-activate|p1a: Flutter Mane|move: Protect
|-damage|p1b: Ogerpon|17/100
|-damage|p2b: Reshiram|91/100|[from] item: Life Orb
|
|upkeep
|turn|2
|inactive|ShadowShun has 30 seconds left.
|
|t:|1750711908
|move|p1b: Ogerpon|Spiky Shield|p1b: Ogerpon
|-singleturn|p1b: Ogerpon|move: Protect
|move|p2a: Grimmsnarl|Reflect|p2a: Grimmsnarl
|-sidestart|p2: JeanChasuble|Reflect
|move|p1a: Flutter Mane|Moonblast|p2a: Grimmsnarl
|-supereffective|p2a: Grimmsnarl
|-damage|p2a: Grimmsnarl|0 fnt
|faint|p2a: Grimmsnarl
|move|p2b: Reshiram|Heat Wave|p1a: Flutter Mane|[spread] p1a
|-activate|p1b: Ogerpon|move: Protect
|-damage|p1a: Flutter Mane|23/100
|-damage|p2b: Reshiram|81/100|[from] item: Life Orb
|
|upkeep
|
|t:|1750711923
|switch|p2a: Urshifu|Urshifu-Rapid-Strike, L50, M|100/100
|turn|3
|
|t:|1750711945
|move|p2a: Urshifu|Aqua Jet|p1a: Flutter Mane
|-damage|p1a: Flutter Mane|0 fnt
|faint|p1a: Flutter Mane
|-end|p1a: Flutter Mane|Protosynthesis|[silent]
|move|p1b: Ogerpon|Horn Leech|p2a: Urshifu
|-supereffective|p2a: Urshifu
|-damage|p2a: Urshifu|41/100
|-heal|p1b: Ogerpon|48/100|[from] drain|[of] p2a: Urshifu
|move|p2b: Reshiram|Heat Wave|p1b: Ogerpon
|-damage|p1b: Ogerpon|0 fnt
|faint|p1b: Ogerpon
|-damage|p2b: Reshiram|72/100|[from] item: Life Orb
|
|upkeep
|
|t:|1750711955
|switch|p1a: Necrozma|Necrozma-Dawn-Wings, L50|100/100
|switch|p1b: Koraidon|Koraidon, L50|100/100
|-weather|SunnyDay|[from] ability: Orichalcum Pulse|[of] p1b: Koraidon
|-activate|p1b: Koraidon|Orichalcum Pulse|[source]
|turn|4
|inactive|JeanChasuble has 30 seconds left.
|
|t:|1750711987
|move|p1b: Koraidon|Protect|p1b: Koraidon
|-singleturn|p1b: Koraidon|Protect
|move|p2a: Urshifu|Detect|p2a: Urshifu
|-singleturn|p2a: Urshifu|Protect
|move|p2b: Reshiram|Heat Wave|p1a: Necrozma|[spread] p1a
|-activate|p1b: Koraidon|move: Protect
|-damage|p1a: Necrozma|13/100
|-damage|p2b: Reshiram|62/100|[from] item: Life Orb
|move|p1a: Necrozma|Meteor Beam||[still]
|-prepare|p1a: Necrozma|Meteor Beam
|-boost|p1a: Necrozma|spa|1
|-enditem|p1a: Necrozma|Power Herb
|-anim|p1a: Necrozma|Meteor Beam|p2b: Reshiram
|-supereffective|p2b: Reshiram
|-damage|p2b: Reshiram|0 fnt
|faint|p2b: Reshiram
|
|-weather|SunnyDay|[upkeep]
|upkeep
|
|t:|1750712003
|switch|p2b: Calyrex|Calyrex-Ice, L50|100/100
|-ability|p2b: Calyrex|As One
|-ability|p2b: Calyrex|Unnerve
|turn|5
|inactive|ShadowShun has 30 seconds left.
|
|t:|1750712032
|-terastallize|p1a: Necrozma|Grass
|move|p2b: Calyrex|Protect|p2b: Calyrex
|-singleturn|p2b: Calyrex|Protect
|move|p2a: Urshifu|Aqua Jet|p1a: Necrozma
|-resisted|p1a: Necrozma
|-damage|p1a: Necrozma|8/100
|move|p1b: Koraidon|Flare Blitz|p2b: Calyrex
|-activate|p2b: Calyrex|move: Protect
|move|p1a: Necrozma|Morning Sun|p1a: Necrozma
|-heal|p1a: Necrozma|75/100
|
|-weather|SunnyDay|[upkeep]
|upkeep
|turn|6
|
|t:|1750712054
|move|p1b: Koraidon|Flare Blitz|p2b: Calyrex
|-supereffective|p2b: Calyrex
|-damage|p2b: Calyrex|11/100
|-status|p2b: Calyrex|brn
|-damage|p1b: Koraidon|66/100|[from] Recoil
|-damage|p1b: Koraidon|56/100|[from] item: Life Orb
|move|p2a: Urshifu|Close Combat|p1b: Koraidon
|-damage|p1b: Koraidon|0 fnt
|-unboost|p2a: Urshifu|def|1
|-unboost|p2a: Urshifu|spd|1
|faint|p1b: Koraidon
|move|p1a: Necrozma|Moongeist Beam|p2b: Calyrex
|-supereffective|p2b: Calyrex
|-damage|p2b: Calyrex|0 fnt
|faint|p2b: Calyrex
|
|-weather|SunnyDay|[upkeep]
|upkeep
|turn|7
|
|t:|1750712073
|move|p2a: Urshifu|Close Combat|p1a: Necrozma
|-damage|p1a: Necrozma|14/100
|-unboost|p2a: Urshifu|def|1
|-unboost|p2a: Urshifu|spd|1
|move|p1a: Necrozma|Photon Geyser|p2a: Urshifu
|-supereffective|p2a: Urshifu
|-damage|p2a: Urshifu|0 fnt
|faint|p2a: Urshifu
|
|win|ShadowShun
|raw|ShadowShun's rating: 1338 &rarr; <strong>1368</strong><br />(+30 for winning)
|raw|JeanChasuble's rating: 1524 &rarr; <strong>1494</strong><br />(-30 for losing)
|l|☆JeanChasuble
|player|p2|
|l|☆ShadowShun
|player|p1|
