|j|☆Paycech
|j|☆Genesys.2
|t:|1750881419
|gametype|doubles
|player|p1|Paycech|lucas-gen4pt|1328
|player|p2|Genesys.2|101|1327
|teamsize|p1|6
|teamsize|p2|6
|gen|9
|tier|[Gen 9] VGC 2025 Reg I
|rated|
|rule|Species Clause: Limit one of each Pokémon
|rule|Item Clause: Limit 1 of each item
|clearpoke
|poke|p1|Groudon, L50|
|poke|p1|Lunala, L50|
|poke|p1|Lilligant-Hisui, L50, F|
|poke|p1|Raging Bolt, L50|
|poke|p1|Chi-Yu, L50|
|poke|p1|Whimsicott, L50, M|
|poke|p2|Koraidon, L50|
|poke|p2|Scovillain, L50, M|
|poke|p2|Miraidon, L50|
|poke|p2|Chesnaught, L50, M|
|poke|p2|Clefairy, L50, M|
|poke|p2|Indeedee-F, L50, F|
|teampreview|4
|
|t:|1750881460
|start
|switch|p1a: Groudon|Groudon, L50|100/100
|switch|p1b: Lilligant|Lilligant-Hisui, L50, F|100/100
|switch|p2a: Scovillain|Scovillain, L50, M|100/100
|switch|p2b: Miraidon|Miraidon, L50|100/100
|-fieldstart|move: Electric Terrain|[from] ability: Hadron Engine|[of] p2b: Miraidon
|-weather|SunnyDay|[from] ability: Drought|[of] p1a: Groudon
|turn|1
|
|t:|1750881484
|move|p1b: Lilligant|Defog|p2b: Miraidon
|-unboost|p2b: Miraidon|evasion|1
|-fieldend|move: Electric Terrain
|move|p2b: Miraidon|Volt Switch|p1b: Lilligant
|-resisted|p1b: Lilligant
|-damage|p1b: Lilligant|66/100
|
|t:|1750881493
|switch|p2b: Chesnaught|Chesnaught, L50, M|100/100|[from] Volt Switch
|move|p2a: Scovillain|Overheat|p1a: Groudon
|-damage|p1a: Groudon|24/100
|-unboost|p2a: Scovillain|spa|2
|move|p1a: Groudon|Precipice Blades|p2a: Scovillain|[spread] p2a,p2b
|-resisted|p2b: Chesnaught
|-damage|p2a: Scovillain|13/100
|-damage|p2b: Chesnaught|86/100
|
|-weather|SunnyDay|[upkeep]
|upkeep
|turn|2
|
|t:|1750881522
|move|p1b: Lilligant|Close Combat|p2a: Scovillain
|-damage|p2a: Scovillain|0 fnt
|-unboost|p1b: Lilligant|def|1
|-unboost|p1b: Lilligant|spd|1
|faint|p2a: Scovillain
|move|p1a: Groudon|Heat Crash|p2b: Chesnaught
|-supereffective|p2b: Chesnaught
|-damage|p2b: Chesnaught|2/100
|move|p2b: Chesnaught|Body Press|p1a: Groudon
|-damage|p1a: Groudon|0 fnt
|faint|p1a: Groudon
|
|-weather|SunnyDay|[upkeep]
|upkeep
|
|t:|1750881537
|switch|p2a: Miraidon|Miraidon, L50|100/100
|switch|p1a: Raging Bolt|Raging Bolt, L50|100/100
|-fieldstart|move: Electric Terrain|[from] ability: Hadron Engine|[of] p2a: Miraidon
|-enditem|p2b: Chesnaught|Electric Seed
|-boost|p2b: Chesnaught|def|1|[from] item: Electric Seed
|-activate|p1a: Raging Bolt|ability: Protosynthesis
|-start|p1a: Raging Bolt|protosynthesisspa
|turn|3
|
|t:|1750881566
|-terastallize|p1a: Raging Bolt|Fairy
|move|p1b: Lilligant|Close Combat|p2b: Chesnaught
|-damage|p2b: Chesnaught|0 fnt
|-unboost|p1b: Lilligant|def|1
|-unboost|p1b: Lilligant|spd|1
|faint|p2b: Chesnaught
|move|p2a: Miraidon|Draco Meteor|p1a: Raging Bolt
|-immune|p1a: Raging Bolt
|move|p1a: Raging Bolt|Thunderbolt|p2a: Miraidon
|-resisted|p2a: Miraidon
|-damage|p2a: Miraidon|82/100
|
|-weather|SunnyDay|[upkeep]
|upkeep
|
|t:|1750881580
|switch|p2b: Koraidon|Koraidon, L50|100/100
|-activate|p2b: Koraidon|ability: Orichalcum Pulse
|turn|4
|
|t:|1750881611
|-terastallize|p2b: Koraidon|Fire
|move|p1a: Raging Bolt|Thunderclap|p2b: Koraidon
|-crit|p2b: Koraidon
|-damage|p2b: Koraidon|0 fnt
|faint|p2b: Koraidon
|move|p1b: Lilligant|Close Combat|p2a: Miraidon
|-damage|p2a: Miraidon|28/100
|-unboost|p1b: Lilligant|def|1
|-unboost|p1b: Lilligant|spd|1
|move|p2a: Miraidon|Draco Meteor|p1b: Lilligant
|-damage|p1b: Lilligant|0 fnt
|-unboost|p2a: Miraidon|spa|2
|faint|p1b: Lilligant
|
|-weather|SunnyDay|[upkeep]
|upkeep
|
|t:|1750881621
|switch|p1b: Lunala|Lunala, L50|100/100
|turn|5
|-message|Genesys.2 forfeited.
|
|win|Paycech
|raw|Paycech's rating: 1328 &rarr; <strong>1348</strong><br />(+20 for winning)
|raw|Genesys.2's rating: 1327 &rarr; <strong>1307</strong><br />(-20 for losing)
|l|☆Genesys.2
|player|p2|
