|j|☆paulymcel
|j|☆pokupokepoku
|t:|1750860295
|gametype|doubles
|player|p1|paulymcel|1|1055
|player|p2|pokupokepoku|burglar|1092
|teamsize|p1|6
|teamsize|p2|6
|gen|9
|tier|[Gen 9] VGC 2025 Reg I
|rated|
|rule|Species Clause: Limit one of each Pokémon
|rule|Item Clause: Limit 1 of each item
|clearpoke
|poke|p1|Tornadus, L50, M|
|poke|p1|Ursaluna-Bloodmoon, L50, M|
|poke|p1|Koraidon, L50|
|poke|p1|Urshifu-*, L50, M|
|poke|p1|Calyrex-Ice, L50|
|poke|p1|Clefairy, L50, F|
|poke|p2|Polteageist-Antique, L50|
|poke|p2|Zacian-*, L50|
|poke|p2|Indeedee, L50, M|
|poke|p2|Ursaluna-Bloodmoon, L50, M|
|poke|p2|Miraidon, L50|
|poke|p2|Articuno-Galar, L50|
|teampreview|4
|inactive|Battle timer is ON: inactive players will automatically lose when time's up. (requested by pokupokepoku)
|
|t:|1750860311
|start
|switch|p1a: Koraidon|Koraidon, L50|100/100
|switch|p1b: Tornadus|Tornadus, L50, M|100/100
|switch|p2a: Polteageist|Polteageist-Antique, L50|100/100
|switch|p2b: Zacian|Zacian-Crowned, L50|100/100
|-ability|p2b: Zacian|Intrepid Sword|boost
|-boost|p2b: Zacian|atk|1
|-weather|SunnyDay|[from] ability: Orichalcum Pulse|[of] p1a: Koraidon
|-activate|p1a: Koraidon|Orichalcum Pulse|[source]
|turn|1
|
|t:|1750860332
|-terastallize|p2b: Zacian|Fairy
|-terastallize|p1a: Koraidon|Fighting
|move|p1b: Tornadus|Tailwind|p1b: Tornadus
|-sidestart|p1: paulymcel|move: Tailwind
|move|p1a: Koraidon|Close Combat|p2b: Zacian
|-resisted|p2b: Zacian
|-damage|p2b: Zacian|24/100
|-unboost|p1a: Koraidon|def|1
|-unboost|p1a: Koraidon|spd|1
|-damage|p1a: Koraidon|91/100|[from] item: Life Orb
|move|p2b: Zacian|Play Rough|p1a: Koraidon
|-supereffective|p1a: Koraidon
|-damage|p1a: Koraidon|0 fnt
|faint|p1a: Koraidon
|move|p2a: Polteageist|Shell Smash|p2a: Polteageist
|-unboost|p2a: Polteageist|def|1
|-unboost|p2a: Polteageist|spd|1
|-boost|p2a: Polteageist|atk|2
|-boost|p2a: Polteageist|spa|2
|-boost|p2a: Polteageist|spe|2
|
|-weather|SunnyDay|[upkeep]
|upkeep
|
|t:|1750860354
|switch|p1a: Ursaluna|Ursaluna-Bloodmoon, L50, M|100/100
|turn|2
|
|t:|1750860363
|move|p1b: Tornadus|Protect|p1b: Tornadus
|-singleturn|p1b: Tornadus|Protect
|move|p2a: Polteageist|Shell Smash|p2a: Polteageist
|-unboost|p2a: Polteageist|def|1
|-unboost|p2a: Polteageist|spd|1
|-boost|p2a: Polteageist|atk|2
|-boost|p2a: Polteageist|spa|2
|-boost|p2a: Polteageist|spe|2
|move|p2b: Zacian|Play Rough|p1a: Ursaluna
|-damage|p1a: Ursaluna|32/100
|-unboost|p1a: Ursaluna|atk|1
|move|p1a: Ursaluna|Hyper Voice|p2b: Zacian|[spread] p2a,p2b
|-enditem|p2a: Polteageist|Focus Sash
|-damage|p2a: Polteageist|1/100
|-damage|p2b: Zacian|0 fnt
|faint|p2b: Zacian
|
|-weather|SunnyDay|[upkeep]
|upkeep
|
|t:|1750860379
|switch|p2b: Ursaluna|Ursaluna-Bloodmoon, L50, M|100/100
|turn|3
|
|t:|1750860387
|move|p2a: Polteageist|Baton Pass|p2a: Polteageist
|
|t:|1750860389
|switch|p2a: Miraidon|Miraidon, L50|100/100|[from] Baton Pass
|-fieldstart|move: Electric Terrain|[from] ability: Hadron Engine|[of] p2a: Miraidon
|move|p1b: Tornadus|Bleakwind Storm|p2a: Miraidon|[spread] p2a,p2b
|-resisted|p2a: Miraidon
|-damage|p2a: Miraidon|74/100
|-damage|p2b: Ursaluna|78/100
|-unboost|p2b: Ursaluna|spe|1
|move|p1a: Ursaluna|Hyper Voice|p2a: Miraidon|[spread] p2a,p2b
|-damage|p2a: Miraidon|0 fnt
|-damage|p2b: Ursaluna|35/100
|faint|p2a: Miraidon
|move|p2b: Ursaluna|Hyper Voice|p1b: Tornadus|[spread] p1a,p1b
|-damage|p1a: Ursaluna|0 fnt
|-damage|p1b: Tornadus|52/100
|faint|p1a: Ursaluna
|
|-weather|SunnyDay|[upkeep]
|upkeep
|
|t:|1750860409
|switch|p2a: Polteageist|Polteageist-Antique, L50|1/100
|switch|p1a: Calyrex|Calyrex-Ice, L50|100/100
|-ability|p1a: Calyrex|As One
|-ability|p1a: Calyrex|Unnerve
|turn|4
|
|t:|1750860430
|move|p1b: Tornadus|Protect|p1b: Tornadus
|-singleturn|p1b: Tornadus|Protect
|move|p2a: Polteageist|Shadow Ball|p1a: Calyrex
|-supereffective|p1a: Calyrex
|-crit|p1a: Calyrex
|-damage|p1a: Calyrex|13/100
|move|p2b: Ursaluna|Blood Moon|p1b: Tornadus
|-activate|p1b: Tornadus|move: Protect
|move|p1a: Calyrex|Trick Room|p1a: Calyrex
|-fieldstart|move: Trick Room|[of] p1a: Calyrex
|
|-weather|SunnyDay|[upkeep]
|-sideend|p1: paulymcel|move: Tailwind
|upkeep
|turn|5
|
|t:|1750860449
|move|p2b: Ursaluna|Hyper Voice|p1a: Calyrex|[spread] p1a,p1b
|-damage|p1a: Calyrex|0 fnt
|-damage|p1b: Tornadus|10/100
|faint|p1a: Calyrex
|move|p2a: Polteageist|Shadow Ball|p1b: Tornadus
|-damage|p1b: Tornadus|0 fnt
|faint|p1b: Tornadus
|
|win|pokupokepoku
|raw|paulymcel's rating: 1055 &rarr; <strong>1039</strong><br />(-16 for losing)
|raw|pokupokepoku's rating: 1092 &rarr; <strong>1115</strong><br />(+23 for winning)
|l|☆pokupokepoku
|player|p2|
