|j|☆Carajo666
|j|☆gundi8
|t:|1750853938
|gametype|doubles
|player|p1|Carajo666|roughneck|1580
|player|p2|gundi8|ethan-gen2|1495
|teamsize|p1|6
|teamsize|p2|6
|gen|9
|tier|[Gen 9] VGC 2025 Reg I
|rated|
|rule|Species Clause: Limit one of each Pokémon
|rule|Item Clause: Limit 1 of each item
|clearpoke
|poke|p1|Lunala, L50|
|poke|p1|Tyranitar, L50, M|
|poke|p1|Amoonguss, L50, M|
|poke|p1|Ho-Oh, L50|
|poke|p1|Excadrill, L50, M|
|poke|p1|Enamorus-Therian, L50, F|
|poke|p2|Miraidon, L50|
|poke|p2|Zamazenta-*, L50|
|poke|p2|Volcarona, L50, M|
|poke|p2|Chien-Pao, L50|
|poke|p2|Rillaboom, L50, F|
|poke|p2|Ogerpon, L50, F|
|teampreview|4
|inactive|Battle timer is ON: inactive players will automatically lose when time's up. (requested by gundi8)
|inactive|gundi8 has 60 seconds left.
|inactive|gundi8 has 30 seconds left.
|
|t:|1750854000
|start
|switch|p1a: Ho-Oh|Ho-Oh, L50|100/100
|switch|p1b: Tyranitar|Tyranitar, L50, M|100/100
|switch|p2a: Miraidon|Miraidon, L50|100/100
|switch|p2b: Zamazenta|Zamazenta-Crowned, L50|100/100
|-fieldstart|move: Electric Terrain|[from] ability: Hadron Engine|[of] p2a: Miraidon
|-ability|p2b: Zamazenta|Dauntless Shield|boost
|-boost|p2b: Zamazenta|def|1
|-weather|Sandstorm|[from] ability: Sand Stream|[of] p1b: Tyranitar
|turn|1
|inactive|Carajo666 has 30 seconds left.
|inactive|gundi8 has 30 seconds left.
|
|t:|1750854027
|switch|p1a: Excadrill|Excadrill, L50, M|100/100
|-terastallize|p1b: Tyranitar|Grass
|move|p2a: Miraidon|Volt Switch|p1b: Tyranitar
|-resisted|p1b: Tyranitar
|-damage|p1b: Tyranitar|81/100
|
|t:|1750854032
|switch|p2a: Volcarona|Volcarona, L50, M, shiny|100/100|[from] Volt Switch
|-enditem|p2a: Volcarona|Electric Seed
|-boost|p2a: Volcarona|def|1|[from] item: Electric Seed
|move|p2b: Zamazenta|Body Press|p1b: Tyranitar
|-damage|p1b: Tyranitar|29/100
|move|p1b: Tyranitar|Knock Off|p2a: Volcarona
|-damage|p2a: Volcarona|72/100
|
|-weather|Sandstorm|[upkeep]
|-damage|p2a: Volcarona|66/100|[from] Sandstorm
|-damage|p1b: Tyranitar|23/100|[from] Sandstorm
|upkeep
|turn|2
|
|t:|1750854049
|switch|p1b: Ho-Oh|Ho-Oh, L50|100/100
|-terastallize|p2a: Volcarona|Grass
|move|p1a: Excadrill|Earthquake|p2a: Volcarona|[spread] p2a,p2b
|-immune|p1b: Ho-Oh
|-resisted|p2a: Volcarona
|-supereffective|p2b: Zamazenta
|-damage|p2a: Volcarona|49/100
|-damage|p2b: Zamazenta|66/100
|move|p2b: Zamazenta|Body Press|p1a: Excadrill
|-supereffective|p1a: Excadrill
|-enditem|p1a: Excadrill|Focus Sash
|-damage|p1a: Excadrill|1/100
|move|p2a: Volcarona|Quiver Dance|p2a: Volcarona
|-boost|p2a: Volcarona|spa|1
|-boost|p2a: Volcarona|spd|1
|-boost|p2a: Volcarona|spe|1
|
|-weather|Sandstorm|[upkeep]
|-damage|p2a: Volcarona|43/100|[from] Sandstorm
|-damage|p1b: Ho-Oh|95/100|[from] Sandstorm
|upkeep
|turn|3
|inactive|gundi8 has 30 seconds left.
|
|t:|1750854083
|move|p2a: Volcarona|Protect|p2a: Volcarona
|-singleturn|p2a: Volcarona|Protect
|move|p1a: Excadrill|Iron Head|p2a: Volcarona
|-activate|p2a: Volcarona|move: Protect
|move|p2b: Zamazenta|Body Press|p1a: Excadrill
|-supereffective|p1a: Excadrill
|-damage|p1a: Excadrill|0 fnt
|faint|p1a: Excadrill
|move|p1b: Ho-Oh|Sacred Fire|p2b: Zamazenta
|-supereffective|p2b: Zamazenta
|-damage|p2b: Zamazenta|22/100
|
|-weather|Sandstorm|[upkeep]
|-damage|p2a: Volcarona|37/100|[from] Sandstorm
|-damage|p1b: Ho-Oh|89/100|[from] Sandstorm
|upkeep
|
|t:|1750854089
|switch|p1a: Lunala|Lunala, L50|100/100
|turn|4
|
|t:|1750854101
|move|p2a: Volcarona|Fiery Dance|p1a: Lunala
|-damage|p1a: Lunala|84/100
|-boost|p2a: Volcarona|spa|1
|move|p2b: Zamazenta|Behemoth Bash|p1a: Lunala
|-damage|p1a: Lunala|52/100
|move|p1b: Ho-Oh|Sacred Fire|p2a: Volcarona|[miss]
|-miss|p1b: Ho-Oh|p2a: Volcarona
|move|p1a: Lunala|Trick Room|p1a: Lunala
|-fieldstart|move: Trick Room|[of] p1a: Lunala
|
|-weather|Sandstorm|[upkeep]
|-damage|p1b: Ho-Oh|83/100|[from] Sandstorm
|-damage|p2a: Volcarona|31/100|[from] Sandstorm
|upkeep
|turn|5
|inactive|gundi8 has 30 seconds left.
|
|t:|1750854133
|switch|p2a: Miraidon|Miraidon, L50|100/100
|-activate|p2a: Miraidon|ability: Hadron Engine
|move|p1a: Lunala|Moongeist Beam|p2b: Zamazenta
|-damage|p2b: Zamazenta|0 fnt
|faint|p2b: Zamazenta
|move|p1b: Ho-Oh|Sacred Fire|p2a: Miraidon
|-resisted|p2a: Miraidon
|-damage|p2a: Miraidon|76/100
|-status|p2a: Miraidon|brn
|
|-weather|none
|-damage|p2a: Miraidon|70/100 brn|[from] brn
|-fieldend|move: Electric Terrain
|upkeep
|
|t:|1750854142
|switch|p2b: Volcarona|Volcarona, L50, M, shiny, tera:Grass|31/100
|turn|6
|inactive|gundi8 has 30 seconds left.
|
|t:|1750854169
|move|p1a: Lunala|Moonblast|p2a: Miraidon
|-supereffective|p2a: Miraidon
|-damage|p2a: Miraidon|3/100 brn
|-unboost|p2a: Miraidon|spa|1
|move|p1b: Ho-Oh|Brave Bird|p2b: Volcarona
|-supereffective|p2b: Volcarona
|-crit|p2b: Volcarona
|-damage|p2b: Volcarona|0 fnt
|faint|p2b: Volcarona
|-damage|p1b: Ho-Oh|74/100|[from] Recoil
|move|p2a: Miraidon|Electro Drift|p1b: Ho-Oh
|-supereffective|p1b: Ho-Oh
|-crit|p1b: Ho-Oh
|-damage|p1b: Ho-Oh|0 fnt
|faint|p1b: Ho-Oh
|
|-damage|p2a: Miraidon|0 fnt|[from] brn
|faint|p2a: Miraidon
|upkeep
|
|t:|1750854183
|switch|p1b: Tyranitar|Tyranitar, L50, M, tera:Grass|23/100
|switch|p2a: Ogerpon|Ogerpon, L50, F|100/100
|-weather|Sandstorm|[from] ability: Sand Stream|[of] p1b: Tyranitar
|turn|7
|
|t:|1750854202
|move|p1b: Tyranitar|Knock Off|p2a: Ogerpon
|-damage|p2a: Ogerpon|33/100
|-enditem|p2a: Ogerpon|Covert Cloak|[from] move: Knock Off|[of] p1b: Tyranitar
|move|p1a: Lunala|Moongeist Beam|p2a: Ogerpon
|-damage|p2a: Ogerpon|0 fnt
|faint|p2a: Ogerpon
|
|win|Carajo666
|raw|Carajo666's rating: 1580 &rarr; <strong>1595</strong><br />(+15 for winning)
|raw|gundi8's rating: 1495 &rarr; <strong>1480</strong><br />(-15 for losing)
|l|☆gundi8
|player|p2|
|c|☆Carajo666|ggwp
|l|☆Carajo666
|player|p1|
