|j|☆sajdlskaljdsak
|j|☆Null921
|t:|1750730602
|gametype|doubles
|player|p1|sajdlskaljdsak|266|1120
|player|p2|Null921|n|1150
|teamsize|p1|6
|teamsize|p2|6
|gen|9
|tier|[Gen 9] VGC 2025 Reg I
|rated|
|rule|Species Clause: Limit one of each Pokémon
|rule|Item Clause: Limit 1 of each item
|clearpoke
|poke|p1|Regigigas, L50|
|poke|p1|Regieleki, L50|
|poke|p1|Regidrago, L50|
|poke|p1|Registeel, L50|
|poke|p1|Regirock, L50|
|poke|p1|Regice, L50|
|poke|p2|Miraidon, L50|
|poke|p2|Incineroar, L50, M|
|poke|p2|Urshifu-*, L50, M|
|poke|p2|Farigiraf, L50, M|
|poke|p2|Tornadus, L50, M|
|poke|p2|Calyrex-Shadow, L50|
|teampreview|4
Null921 has agreed to open team sheets.
|c|☆Null921|MY GUY!
sajdlskaljdsak has agreed to open team sheets.
|showteam|p1|Regigigas||MentalHerb|SlowStart|WideGuard,Protect,ThunderWave,DoubleEdge||||||50|,,,,,Fairy]Regieleki||FocusSash|Transistor|VoltSwitch,Electroweb,Protect,Acrobatics||||||50|,,,,,Electric]Regidrago||LifeOrb|DragonsMaw|DragonEnergy,DragonDance,Protect,Crunch||||||50|,,,,,Steel]Registeel||Leftovers|ClearBody|HeavySlam,Protect,BodyPress,IronDefense||||||50|,,,,,Steel]Regirock||RockyHelmet|ClearBody|RockSlide,BodyPress,HeavySlam,Protect||||||50|,,,,,Rock]Regice||OccaBerry|ClearBody|Protect,IceBeam,TeraBlast,FlashCannon||||||50|,,,,,Water
|showteam|p2|Miraidon||ChoiceSpecs|HadronEngine|ElectroDrift,VoltSwitch,DracoMeteor,DazzlingGleam||||||50|,,,,,Electric]Incineroar||SafetyGoggles|Intimidate|PartingShot,KnockOff,FakeOut,FlareBlitz|||M|||50|,,,,,Ghost]Urshifu-Rapid-Strike||MysticWater|UnseenFist|SurgingStrikes,CloseCombat,AquaJet,Protect|||M|||50|,,,,,Water]Farigiraf||ElectricSeed|ArmorTail|TrickRoom,HelpingHand,Psychic,Imprison|||M|||50|,,,,,Water]Tornadus||CovertCloak|Prankster|Tailwind,BleakwindStorm,Taunt,Protect|||M|||50|,,,,,Ghost]Calyrex-Shadow||FocusSash|AsOneSpectrier|Taunt,AstralBarrage,Psyshock,Protect||||||50|,,,,,Water
|
|t:|1750730670
|start
|switch|p1a: Regigigas|Regigigas, L50|100/100
|switch|p1b: Regice|Regice, L50|100/100
|switch|p2a: Miraidon|Miraidon, L50|100/100
|switch|p2b: Tornadus|Tornadus, L50, M|100/100
|-fieldstart|move: Electric Terrain|[from] ability: Hadron Engine|[of] p2a: Miraidon
|-start|p1a: Regigigas|ability: Slow Start
|turn|1
|
|t:|1750730728
|move|p1b: Regice|Protect|p1b: Regice
|-singleturn|p1b: Regice|Protect
|move|p1a: Regigigas|Protect|p1a: Regigigas
|-singleturn|p1a: Regigigas|Protect
|move|p2b: Tornadus|Taunt|p1a: Regigigas
|-activate|p1a: Regigigas|move: Protect
|move|p2a: Miraidon|Volt Switch|p1b: Regice
|-activate|p1b: Regice|move: Protect
|
|upkeep
|turn|2
|
|t:|1750730750
|move|p2b: Tornadus|Taunt|p1a: Regigigas
|-start|p1a: Regigigas|move: Taunt
|-enditem|p1a: Regigigas|Mental Herb
|-end|p1a: Regigigas|move: Taunt
|move|p2a: Miraidon|Volt Switch|p1b: Regice
|-damage|p1b: Regice|43/100
|
|t:|1750730758
|switch|p2a: Urshifu|Urshifu-Rapid-Strike, L50, M|100/100|[from] Volt Switch
|move|p1b: Regice|Ice Beam|p2a: Urshifu
|-resisted|p2a: Urshifu
|-damage|p2a: Urshifu|69/100
|move|p1a: Regigigas|Double-Edge|p2b: Tornadus
|-damage|p2b: Tornadus|66/100
|-damage|p1a: Regigigas|91/100|[from] Recoil
|
|upkeep
|turn|3
|
|t:|1750730838
|move|p2b: Tornadus|Protect|p2b: Tornadus
|-singleturn|p2b: Tornadus|Protect
|move|p2a: Urshifu|Surging Strikes|p1a: Regigigas
|-crit|p1a: Regigigas
|-damage|p1a: Regigigas|72/100
|-crit|p1a: Regigigas
|-damage|p1a: Regigigas|53/100
|-crit|p1a: Regigigas
|-damage|p1a: Regigigas|33/100
|-hitcount|p1a: Regigigas|3
|move|p1b: Regice|Ice Beam|p2b: Tornadus
|-activate|p2b: Tornadus|move: Protect
|move|p1a: Regigigas|Thunder Wave|p2a: Urshifu
|-status|p2a: Urshifu|par
|
|upkeep
|turn|4
|
|t:|1750730868
|switch|p2b: Incineroar|Incineroar, L50, M|100/100
|-ability|p2b: Incineroar|Intimidate|boost
|-unboost|p1a: Regigigas|atk|1
|-fail|p1b: Regice|unboost|[from] ability: Clear Body|[of] p1b: Regice
|move|p1a: Regigigas|Protect|p1a: Regigigas
|-singleturn|p1a: Regigigas|Protect
|move|p2a: Urshifu|Surging Strikes|p1a: Regigigas
|-crit|p1a: Regigigas
|-damage|p1a: Regigigas|15/100
|-crit|p1a: Regigigas
|-damage|p1a: Regigigas|0 fnt
|faint|p1a: Regigigas
|-end|p1a: Regigigas|Slow Start|[silent]
|-hitcount|p1: Regigigas|2
|move|p1b: Regice|Ice Beam|p2b: Incineroar
|-resisted|p2b: Incineroar
|-damage|p2b: Incineroar|82/100
|
|upkeep
|
|t:|1750730884
|switch|p1a: Regieleki|Regieleki, L50|100/100
|turn|5
|
|t:|1750730896
|-terastallize|p1b: Regice|Water
|move|p2b: Incineroar|Fake Out|p1a: Regieleki
|-damage|p1a: Regieleki|77/100
|cant|p1a: Regieleki|flinch
|move|p2a: Urshifu|Surging Strikes|p1a: Regieleki
|-crit|p1a: Regieleki
|-damage|p1a: Regieleki|22/100
|-crit|p1a: Regieleki
|-damage|p1a: Regieleki|0 fnt
|faint|p1a: Regieleki
|-hitcount|p1: Regieleki|2
|move|p1b: Regice|Tera Blast|p2b: Incineroar|[anim] Tera Blast Water
|-supereffective|p2b: Incineroar
|-damage|p2b: Incineroar|15/100
|
|-fieldend|move: Electric Terrain
|upkeep
|
|t:|1750730910
|switch|p1a: Registeel|Registeel, L50|100/100
|turn|6
|
|t:|1750730940
|move|p2a: Urshifu|Close Combat|p1b: Regice
|-damage|p1b: Regice|0 fnt
|-unboost|p2a: Urshifu|def|1
|-unboost|p2a: Urshifu|spd|1
|faint|p1b: Regice
|move|p2b: Incineroar|Knock Off|p1a: Registeel
|-damage|p1a: Registeel|80/100
|-enditem|p1a: Registeel|Leftovers|[from] move: Knock Off|[of] p2b: Incineroar
|move|p1a: Registeel|Body Press|p2a: Urshifu
|-damage|p2a: Urshifu|17/100 par
|
|upkeep
|turn|7
|-message|sajdlskaljdsak forfeited.
|
|win|Null921
|raw|sajdlskaljdsak's rating: 1120 &rarr; <strong>1097</strong><br />(-23 for losing)
|raw|Null921's rating: 1150 &rarr; <strong>1173</strong><br />(+23 for winning)
|l|☆sajdlskaljdsak
|player|p1|
|l|☆Null921
|player|p2|
