|j|☆hkings234
|j|☆Sommyy
|t:|1750851409
|gametype|doubles
|player|p1|hkings234|ghetsis|1190
|player|p2|Sommyy|palmer|1135
|teamsize|p1|6
|teamsize|p2|6
|gen|9
|tier|[Gen 9] VGC 2025 Reg I
|rated|
|rule|Species Clause: Limit one of each Pokémon
|rule|Item Clause: Limit 1 of each item
|clearpoke
|poke|p1|Meowstic, L50, M|
|poke|p1|Groudon, L50|
|poke|p1|Zamazenta-*, L50|
|poke|p1|Chien-Pao, L50|
|poke|p1|Kingambit, L50, M|
|poke|p1|Jumpluff, L50, M|
|poke|p2|Koraidon, L50|
|poke|p2|Flutter Mane, L50|
|poke|p2|Scream Tail, L50|
|poke|p2|Chi-Yu, L50|
|poke|p2|Calyrex-Shadow, L50|
|poke|p2|Incineroar, L50, M|
|teampreview|4
|
|t:|1750851448
|start
|switch|p1a: Kingambit|Kingambit, L50, M|100/100
|switch|p1b: Zamazenta|Zamazenta-Crowned, L50|100/100
|switch|p2a: Koraidon|Koraidon, L50|100/100
|switch|p2b: Incineroar|Incineroar, L50, M|100/100
|-weather|SunnyDay|[from] ability: Orichalcum Pulse|[of] p2a: Koraidon
|-activate|p2a: Koraidon|Orichalcum Pulse|[source]
|-ability|p1b: Zamazenta|Dauntless Shield|boost
|-boost|p1b: Zamazenta|def|1
|-ability|p2b: Incineroar|Intimidate|boost
|-unboost|p1a: Kingambit|atk|1
|-ability|p1a: Kingambit|Defiant|boost
|-boost|p1a: Kingambit|atk|2
|-unboost|p1b: Zamazenta|atk|1
|turn|1
|
|t:|1750851471
|-terastallize|p1a: Kingambit|Flying
|move|p2b: Incineroar|Fake Out|p1b: Zamazenta
|-resisted|p1b: Zamazenta
|-damage|p1b: Zamazenta|98/100
|move|p2a: Koraidon|Collision Course|p1a: Kingambit
|-resisted|p1a: Kingambit
|-damage|p1a: Kingambit|73/100
|cant|p1b: Zamazenta|flinch
|move|p1a: Kingambit|Low Kick|p2a: Koraidon
|-damage|p2a: Koraidon|34/100
|
|-weather|SunnyDay|[upkeep]
|upkeep
|turn|2
|
|t:|1750851512
|move|p1b: Zamazenta|Protect|p1b: Zamazenta
|-singleturn|p1b: Zamazenta|Protect
|move|p2a: Koraidon|Outrage|p1a: Kingambit
|-damage|p1a: Kingambit|11/100
|move|p2b: Incineroar|Parting Shot|p1a: Kingambit
|-unboost|p1a: Kingambit|atk|1
|-ability|p1a: Kingambit|Defiant|boost
|-boost|p1a: Kingambit|atk|2
|-unboost|p1a: Kingambit|spa|1
|-ability|p1a: Kingambit|Defiant|boost
|-boost|p1a: Kingambit|atk|2
|
|t:|1750851527
|switch|p2b: Chi-Yu|Chi-Yu, L50|100/100|[from] Parting Shot
|-ability|p2b: Chi-Yu|Beads of Ruin
|move|p1a: Kingambit|Low Kick|p2a: Koraidon
|-damage|p2a: Koraidon|0 fnt
|faint|p2a: Koraidon
|
|-weather|SunnyDay|[upkeep]
|upkeep
|
|t:|1750851530
|switch|p2a: Calyrex|Calyrex-Shadow, L50|100/100
|-ability|p2a: Calyrex|As One
|-ability|p2a: Calyrex|Unnerve
|turn|3
|
|t:|1750851547
|move|p1b: Zamazenta|Wide Guard|p1b: Zamazenta
|-singleturn|p1b: Zamazenta|Wide Guard
|move|p1a: Kingambit|Sucker Punch|p2b: Chi-Yu
|-resisted|p2b: Chi-Yu
|-damage|p2b: Chi-Yu|2/100
|move|p2b: Chi-Yu|Heat Wave|p1a: Kingambit|[spread] 
|-activate|p1a: Kingambit|move: Wide Guard
|-activate|p1b: Zamazenta|move: Wide Guard
|move|p2a: Calyrex|Astral Barrage|p1a: Kingambit|[spread] 
|-activate|p1a: Kingambit|move: Wide Guard
|-activate|p1b: Zamazenta|move: Wide Guard
|
|-weather|SunnyDay|[upkeep]
|upkeep
|turn|4
|
|t:|1750851567
|move|p1b: Zamazenta|Wide Guard|p1b: Zamazenta
|-singleturn|p1b: Zamazenta|Wide Guard
|move|p1a: Kingambit|Sucker Punch|p2a: Calyrex
|-supereffective|p2a: Calyrex
|-damage|p2a: Calyrex|0 fnt
|faint|p2a: Calyrex
|move|p2b: Chi-Yu|Heat Wave|p1a: Kingambit|[spread] 
|-activate|p1a: Kingambit|move: Wide Guard
|-activate|p1b: Zamazenta|move: Wide Guard
|
|-weather|SunnyDay|[upkeep]
|upkeep
|
|t:|1750851573
|switch|p2a: Incineroar|Incineroar, L50, M|100/100
|-ability|p2a: Incineroar|Intimidate|boost
|-unboost|p1a: Kingambit|atk|1
|-ability|p1a: Kingambit|Defiant|boost
|-boost|p1a: Kingambit|atk|2
|-unboost|p1b: Zamazenta|atk|1
|turn|5
|-message|Sommyy forfeited.
|
|win|hkings234
|raw|hkings234's rating: 1190 &rarr; <strong>1211</strong><br />(+21 for winning)
|raw|Sommyy's rating: 1135 &rarr; <strong>1114</strong><br />(-21 for losing)
|l|☆Sommyy
|player|p2|
