|j|☆Carajo666
|j|☆WeWantBreathOfFire
|t:|1750718078
|gametype|doubles
|player|p1|Carajo666|roughneck|1638
|player|p2|WeWantBreathOfFire|pryce|1695
|teamsize|p1|6
|teamsize|p2|6
|gen|9
|tier|[Gen 9] VGC 2025 Reg I
|rated|
|rule|Species Clause: Limit one of each Pokémon
|rule|Item Clause: Limit 1 of each item
|clearpoke
|poke|p1|Lunala, L50|
|poke|p1|Tyranitar, L50, M|
|poke|p1|Amoonguss, L50, F|
|poke|p1|Ho-Oh, L50|
|poke|p1|Excadrill, L50, F|
|poke|p1|Enamorus-Therian, L50, F|
|poke|p2|Rillaboom, L50, M|
|poke|p2|Urshifu-*, L50, F|
|poke|p2|Eternatus, L50|
|poke|p2|Kyogre, L50|
|poke|p2|Incineroar, L50, F|
|poke|p2|Wo-Chien, L50|
|teampreview|4
|
|t:|1750718127
|start
|switch|p1a: Lunala|Lunala, L50|100/100
|switch|p1b: Tyranitar|Tyranitar, L50, M|100/100
|switch|p2a: Eternatus|Eternatus, L50|100/100
|switch|p2b: Urshifu|Urshifu, L50, F|100/100
|-ability|p2a: Eternatus|Pressure
|-weather|Sandstorm|[from] ability: Sand Stream|[of] p1b: Tyranitar
|turn|1
|
|t:|1750718146
|switch|p1b: Amoonguss|Amoonguss, L50, F|100/100
|-terastallize|p2a: Eternatus|Fairy
|move|p2a: Eternatus|Cosmic Power|p2a: Eternatus
|-boost|p2a: Eternatus|def|1
|-boost|p2a: Eternatus|spd|1
|move|p2b: Urshifu|Close Combat|p1b: Amoonguss
|-resisted|p1b: Amoonguss
|-damage|p1b: Amoonguss|72/100
|-unboost|p2b: Urshifu|def|1
|-unboost|p2b: Urshifu|spd|1
|-damage|p2b: Urshifu|84/100|[from] item: Rocky Helmet|[of] p1b: Amoonguss
|move|p1a: Lunala|Trick Room|p1a: Lunala
|-fieldstart|move: Trick Room|[of] p1a: Lunala
|
|-weather|Sandstorm|[upkeep]
|-damage|p1b: Amoonguss|66/100|[from] Sandstorm
|-damage|p2b: Urshifu|78/100|[from] Sandstorm
|-damage|p2a: Eternatus|94/100|[from] Sandstorm
|-heal|p2a: Eternatus|100/100|[from] item: Leftovers
|upkeep
|turn|2
|
|t:|1750718172
|switch|p2b: Incineroar|Incineroar, L50, F|100/100
|-ability|p2b: Incineroar|Intimidate|boost
|-unboost|p1a: Lunala|atk|1
|-unboost|p1b: Amoonguss|atk|1
|move|p1b: Amoonguss|Spore|p2a: Eternatus
|-status|p2a: Eternatus|slp|[from] move: Spore
|move|p1a: Lunala|Moonblast|p2b: Incineroar
|-damage|p2b: Incineroar|64/100
|cant|p2a: Eternatus|slp
|
|-weather|Sandstorm|[upkeep]
|-damage|p1b: Amoonguss|60/100|[from] Sandstorm
|-damage|p2a: Eternatus|94/100 slp|[from] Sandstorm
|-heal|p2a: Eternatus|100/100 slp|[from] item: Leftovers
|upkeep
|turn|3
|
|t:|1750718189
|switch|p1b: Enamorus|Enamorus-Therian, L50, F|100/100
|-terastallize|p1a: Lunala|Fairy
|move|p2b: Incineroar|Parting Shot|p1a: Lunala
|-unboost|p1a: Lunala|atk|1
|-unboost|p1a: Lunala|spa|1
|
|t:|1750718201
|switch|p2b: Kyogre|Kyogre, L50|100/100|[from] Parting Shot
|-weather|RainDance|[from] ability: Drizzle|[of] p2b: Kyogre
|move|p1a: Lunala|Moonblast|p2b: Kyogre
|-damage|p2b: Kyogre|71/100
|-unboost|p2b: Kyogre|spa|1
|-curestatus|p2a: Eternatus|slp|[msg]
|move|p2a: Eternatus|Cosmic Power|p2a: Eternatus
|-boost|p2a: Eternatus|def|1
|-boost|p2a: Eternatus|spd|1
|
|-weather|RainDance|[upkeep]
|upkeep
|turn|4
|
|t:|1750718220
|switch|p1a: Tyranitar|Tyranitar, L50, M|100/100
|-weather|Sandstorm|[from] ability: Sand Stream|[of] p1a: Tyranitar
|move|p1b: Enamorus|Dazzling Gleam|p2a: Eternatus|[spread] p2a,p2b
|-damage|p2a: Eternatus|80/100
|-damage|p2b: Kyogre|34/100
|move|p2a: Eternatus|Substitute|p2a: Eternatus
|-start|p2a: Eternatus|Substitute
|-damage|p2a: Eternatus|55/100
|move|p2b: Kyogre|Thunder|p1b: Enamorus
|-supereffective|p1b: Enamorus
|-damage|p1b: Enamorus|42/100
|
|-weather|Sandstorm|[upkeep]
|-damage|p2a: Eternatus|49/100|[from] Sandstorm
|-damage|p2b: Kyogre|28/100|[from] Sandstorm
|-heal|p2a: Eternatus|55/100|[from] item: Leftovers
|upkeep
|turn|5
|
|t:|1750718238
|move|p1b: Enamorus|Dazzling Gleam|p2b: Kyogre|[spread] p2a,p2b
|-activate|p2a: Eternatus|move: Substitute|[damage]
|-damage|p2b: Kyogre|0 fnt
|faint|p2b: Kyogre
|move|p1a: Tyranitar|Rock Slide|p2a: Eternatus
|-end|p2a: Eternatus|Substitute
|move|p2a: Eternatus|Recover|p2a: Eternatus
|-heal|p2a: Eternatus|100/100
|
|-weather|Sandstorm|[upkeep]
|-damage|p2a: Eternatus|94/100|[from] Sandstorm
|-heal|p2a: Eternatus|100/100|[from] item: Leftovers
|-fieldend|move: Trick Room
|upkeep
|inactive|Battle timer is ON: inactive players will automatically lose when time's up. (requested by Carajo666)
|
|t:|1750718250
|switch|p2b: Incineroar|Incineroar, L50, F|64/100
|-ability|p2b: Incineroar|Intimidate|boost
|-unboost|p1a: Tyranitar|atk|1
|-unboost|p1b: Enamorus|atk|1
|turn|6
|
|t:|1750718265
|switch|p1a: Amoonguss|Amoonguss, L50, F|93/100
|move|p2b: Incineroar|Fake Out|p1a: Amoonguss
|-damage|p1a: Amoonguss|85/100
|-damage|p2b: Incineroar|47/100|[from] item: Rocky Helmet|[of] p1a: Amoonguss
|move|p2a: Eternatus|Cosmic Power|p2a: Eternatus
|-boost|p2a: Eternatus|def|1
|-boost|p2a: Eternatus|spd|1
|move|p1b: Enamorus|Dazzling Gleam|p2a: Eternatus|[spread] p2a,p2b
|-damage|p2a: Eternatus|84/100
|-damage|p2b: Incineroar|0 fnt
|faint|p2b: Incineroar
|
|-weather|Sandstorm|[upkeep]
|-damage|p2a: Eternatus|78/100|[from] Sandstorm
|-damage|p1a: Amoonguss|79/100|[from] Sandstorm
|-heal|p2a: Eternatus|84/100|[from] item: Leftovers
|upkeep
|
|t:|1750718267
|switch|p2b: Urshifu|Urshifu, L50, F|78/100
|turn|7
|
|t:|1750718278
|move|p2b: Urshifu|Protect|p2b: Urshifu
|-singleturn|p2b: Urshifu|Protect
|move|p1a: Amoonguss|Rage Powder|p1a: Amoonguss
|-singleturn|p1a: Amoonguss|move: Rage Powder
|move|p2a: Eternatus|Substitute|p2a: Eternatus
|-start|p2a: Eternatus|Substitute
|-damage|p2a: Eternatus|60/100
|move|p1b: Enamorus|Dazzling Gleam|p2a: Eternatus|[spread] p2a
|-activate|p2b: Urshifu|move: Protect
|-activate|p2a: Eternatus|move: Substitute|[damage]
|
|-weather|Sandstorm|[upkeep]
|-damage|p2a: Eternatus|54/100|[from] Sandstorm
|-damage|p2b: Urshifu|72/100|[from] Sandstorm
|-damage|p1a: Amoonguss|73/100|[from] Sandstorm
|-heal|p2a: Eternatus|60/100|[from] item: Leftovers
|upkeep
|turn|8
|
|t:|1750718294
|move|p1a: Amoonguss|Rage Powder|p1a: Amoonguss
|-singleturn|p1a: Amoonguss|move: Rage Powder
|move|p2a: Eternatus|Cosmic Power|p2a: Eternatus
|-boost|p2a: Eternatus|def|1
|-boost|p2a: Eternatus|spd|1
|move|p2b: Urshifu|Wicked Blow|p1a: Amoonguss
|-crit|p1a: Amoonguss
|-damage|p1a: Amoonguss|19/100
|-damage|p2b: Urshifu|56/100|[from] item: Rocky Helmet|[of] p1a: Amoonguss
|move|p1b: Enamorus|Dazzling Gleam|p2b: Urshifu|[spread] p2a,p2b
|-end|p2a: Eternatus|Substitute
|-supereffective|p2b: Urshifu
|-damage|p2b: Urshifu|0 fnt
|faint|p2b: Urshifu
|
|-weather|none
|-heal|p2a: Eternatus|66/100|[from] item: Leftovers
|upkeep
|turn|9
|
|t:|1750718311
|switch|p1a: Tyranitar|Tyranitar, L50, M|100/100
|-weather|Sandstorm|[from] ability: Sand Stream|[of] p1a: Tyranitar
|move|p2a: Eternatus|Substitute|p2a: Eternatus
|-start|p2a: Eternatus|Substitute
|-damage|p2a: Eternatus|41/100
|move|p1b: Enamorus|Dazzling Gleam|p2a: Eternatus
|-activate|p2a: Eternatus|move: Substitute|[damage]
|
|-weather|Sandstorm|[upkeep]
|-damage|p2a: Eternatus|35/100|[from] Sandstorm
|-heal|p2a: Eternatus|41/100|[from] item: Leftovers
|upkeep
|turn|10
|inactive|Carajo666 has 30 seconds left.
|
|t:|1750718341
|switch|p1b: Amoonguss|Amoonguss, L50, F|52/100
|move|p2a: Eternatus|Recover|p2a: Eternatus
|-heal|p2a: Eternatus|91/100
|move|p1a: Tyranitar|Rock Slide|p2a: Eternatus
|-end|p2a: Eternatus|Substitute
|
|-weather|Sandstorm|[upkeep]
|-damage|p2a: Eternatus|85/100|[from] Sandstorm
|-damage|p1b: Amoonguss|46/100|[from] Sandstorm
|-heal|p2a: Eternatus|91/100|[from] item: Leftovers
|upkeep
|turn|11
|
|t:|1750718359
|switch|p1a: Enamorus|Enamorus-Therian, L50, F|42/100
|move|p2a: Eternatus|Substitute|p2a: Eternatus
|-start|p2a: Eternatus|Substitute
|-damage|p2a: Eternatus|66/100
|move|p1b: Amoonguss|Pollen Puff|p1a: Enamorus
|-heal|p1a: Enamorus|92/100
|
|-weather|Sandstorm|[upkeep]
|-damage|p2a: Eternatus|60/100|[from] Sandstorm
|-damage|p1b: Amoonguss|40/100|[from] Sandstorm
|-heal|p2a: Eternatus|66/100|[from] item: Leftovers
|upkeep
|turn|12
|
|t:|1750718383
|move|p2a: Eternatus|Cosmic Power|p2a: Eternatus
|-boost|p2a: Eternatus|def|1
|-boost|p2a: Eternatus|spd|1
|move|p1a: Enamorus|Earth Power|p2a: Eternatus
|-crit|p2a: Eternatus
|-end|p2a: Eternatus|Substitute
|move|p1b: Amoonguss|Spore|p2a: Eternatus
|-status|p2a: Eternatus|slp|[from] move: Spore
|
|-weather|Sandstorm|[upkeep]
|-damage|p2a: Eternatus|60/100 slp|[from] Sandstorm
|-damage|p1b: Amoonguss|35/100|[from] Sandstorm
|-heal|p2a: Eternatus|66/100 slp|[from] item: Leftovers
|upkeep
|turn|13
|
|t:|1750718393
|cant|p2a: Eternatus|slp
|move|p1a: Enamorus|Earth Power|p2a: Eternatus
|-damage|p2a: Eternatus|55/100 slp
|-unboost|p2a: Eternatus|spd|1
|move|p1b: Amoonguss|Pollen Puff|p2a: Eternatus
|-resisted|p2a: Eternatus
|-damage|p2a: Eternatus|53/100 slp
|
|-weather|none
|-heal|p2a: Eternatus|59/100 slp|[from] item: Leftovers
|upkeep
|turn|14
|
|t:|1750718404
|-curestatus|p2a: Eternatus|slp|[msg]
|move|p2a: Eternatus|Substitute|p2a: Eternatus
|-start|p2a: Eternatus|Substitute
|-damage|p2a: Eternatus|34/100
|move|p1a: Enamorus|Earth Power|p2a: Eternatus
|-activate|p2a: Eternatus|move: Substitute|[damage]
|move|p1b: Amoonguss|Pollen Puff|p1a: Enamorus
|-heal|p1a: Enamorus|100/100
|
|-heal|p2a: Eternatus|40/100|[from] item: Leftovers
|upkeep
|turn|15
|
|t:|1750718416
|move|p1b: Amoonguss|Rage Powder|p1b: Amoonguss
|-singleturn|p1b: Amoonguss|move: Rage Powder
|move|p2a: Eternatus|Cosmic Power|p2a: Eternatus
|-boost|p2a: Eternatus|def|1
|-boost|p2a: Eternatus|spd|1
|move|p1a: Enamorus|Earth Power|p2a: Eternatus
|-activate|p2a: Eternatus|move: Substitute|[damage]
|
|-heal|p2a: Eternatus|46/100|[from] item: Leftovers
|upkeep
|turn|16
|
|t:|1750718432
|move|p2a: Eternatus|Recover|p2a: Eternatus
|-heal|p2a: Eternatus|96/100
|move|p1a: Enamorus|Earth Power|p2a: Eternatus
|-end|p2a: Eternatus|Substitute
|move|p1b: Amoonguss|Spore|p2a: Eternatus
|-status|p2a: Eternatus|slp|[from] move: Spore
|
|-heal|p2a: Eternatus|100/100 slp|[from] item: Leftovers
|upkeep
|turn|17
|
|t:|1750718442
|switch|p1b: Tyranitar|Tyranitar, L50, M|100/100
|-weather|Sandstorm|[from] ability: Sand Stream|[of] p1b: Tyranitar
|cant|p2a: Eternatus|slp
|move|p1a: Enamorus|Earth Power|p2a: Eternatus
|-damage|p2a: Eternatus|89/100 slp
|
|-weather|Sandstorm|[upkeep]
|-damage|p2a: Eternatus|83/100 slp|[from] Sandstorm
|-heal|p2a: Eternatus|89/100 slp|[from] item: Leftovers
|upkeep
|turn|18
|
|t:|1750718446
|-curestatus|p2a: Eternatus|slp|[msg]
|move|p2a: Eternatus|Substitute|p2a: Eternatus
|-start|p2a: Eternatus|Substitute
|-damage|p2a: Eternatus|64/100
|move|p1b: Tyranitar|Knock Off|p2a: Eternatus
|-resisted|p2a: Eternatus
|-activate|p2a: Eternatus|move: Substitute|[damage]
|move|p1a: Enamorus|Earth Power|p2a: Eternatus
|-activate|p2a: Eternatus|move: Substitute|[damage]
|
|-weather|Sandstorm|[upkeep]
|-damage|p2a: Eternatus|58/100|[from] Sandstorm
|-heal|p2a: Eternatus|64/100|[from] item: Leftovers
|upkeep
|turn|19
|
|t:|1750718458
|switch|p1b: Amoonguss|Amoonguss, L50, F|68/100
|move|p2a: Eternatus|Sludge Bomb|p1b: Amoonguss
|-damage|p1b: Amoonguss|37/100
|move|p1a: Enamorus|Earth Power|p2a: Eternatus
|-end|p2a: Eternatus|Substitute
|
|-weather|Sandstorm|[upkeep]
|-damage|p2a: Eternatus|58/100|[from] Sandstorm
|-damage|p1b: Amoonguss|31/100|[from] Sandstorm
|-heal|p2a: Eternatus|64/100|[from] item: Leftovers
|upkeep
|turn|20
|
|t:|1750718469
|switch|p1a: Lunala|Lunala, L50, tera:Fairy|100/100
|move|p2a: Eternatus|Substitute|p2a: Eternatus
|-start|p2a: Eternatus|Substitute
|-damage|p2a: Eternatus|40/100
|move|p1b: Amoonguss|Spore||[still]
|-fail|p1b: Amoonguss
|
|-weather|Sandstorm|[upkeep]
|-damage|p2a: Eternatus|34/100|[from] Sandstorm
|-damage|p1b: Amoonguss|25/100|[from] Sandstorm
|-heal|p2a: Eternatus|40/100|[from] item: Leftovers
|upkeep
|turn|21
|
|t:|1750718476
|move|p1b: Amoonguss|Rage Powder|p1b: Amoonguss
|-singleturn|p1b: Amoonguss|move: Rage Powder
|move|p2a: Eternatus|Recover|p2a: Eternatus
|-heal|p2a: Eternatus|90/100
|move|p1a: Lunala|Trick Room|p1a: Lunala
|-fieldstart|move: Trick Room|[of] p1a: Lunala
|
|-weather|none
|-heal|p2a: Eternatus|96/100|[from] item: Leftovers
|upkeep
|turn|22
|
|t:|1750718488
|switch|p1b: Tyranitar|Tyranitar, L50, M|100/100
|-weather|Sandstorm|[from] ability: Sand Stream|[of] p1b: Tyranitar
|move|p1a: Lunala|Moongeist Beam|p2a: Eternatus
|-activate|p2a: Eternatus|move: Substitute|[damage]
|move|p2a: Eternatus|Sludge Bomb|p1b: Tyranitar
|-resisted|p1b: Tyranitar
|-damage|p1b: Tyranitar|93/100
|-status|p1b: Tyranitar|psn
|
|-weather|Sandstorm|[upkeep]
|-damage|p2a: Eternatus|90/100|[from] Sandstorm
|-heal|p2a: Eternatus|96/100|[from] item: Leftovers
|-damage|p1b: Tyranitar|81/100 psn|[from] psn
|upkeep
|turn|23
|
|t:|1750718494
|move|p1b: Tyranitar|Knock Off|p2a: Eternatus
|-resisted|p2a: Eternatus
|-activate|p2a: Eternatus|move: Substitute|[damage]
|move|p1a: Lunala|Moongeist Beam|p2a: Eternatus
|-end|p2a: Eternatus|Substitute
|move|p2a: Eternatus|Sludge Bomb|p1a: Lunala
|-supereffective|p1a: Lunala
|-damage|p1a: Lunala|76/100
|
|-weather|Sandstorm|[upkeep]
|-damage|p2a: Eternatus|90/100|[from] Sandstorm
|-heal|p2a: Eternatus|96/100|[from] item: Leftovers
|-damage|p1b: Tyranitar|69/100 psn|[from] psn
|upkeep
|turn|24
|
|t:|1750718503
|move|p1b: Tyranitar|Knock Off|p2a: Eternatus
|-resisted|p2a: Eternatus
|-damage|p2a: Eternatus|92/100
|-enditem|p2a: Eternatus|Leftovers|[from] move: Knock Off|[of] p1b: Tyranitar
|move|p1a: Lunala|Moongeist Beam|p2a: Eternatus
|-damage|p2a: Eternatus|78/100
|move|p2a: Eternatus|Substitute|p2a: Eternatus
|-start|p2a: Eternatus|Substitute
|-damage|p2a: Eternatus|53/100
|
|-weather|Sandstorm|[upkeep]
|-damage|p2a: Eternatus|47/100|[from] Sandstorm
|-damage|p1b: Tyranitar|57/100 psn|[from] psn
|upkeep
|turn|25
|
|t:|1750718524
|switch|p1a: Amoonguss|Amoonguss, L50, F|59/100
|move|p1b: Tyranitar|Rock Slide|p2a: Eternatus
|-activate|p2a: Eternatus|move: Substitute|[damage]
|move|p2a: Eternatus|Recover|p2a: Eternatus
|-heal|p2a: Eternatus|97/100
|
|-weather|Sandstorm|[upkeep]
|-damage|p1a: Amoonguss|53/100|[from] Sandstorm
|-damage|p2a: Eternatus|91/100|[from] Sandstorm
|-damage|p1b: Tyranitar|45/100 psn|[from] psn
|-fieldend|move: Trick Room
|upkeep
|turn|26
|
|t:|1750718532
|move|p2a: Eternatus|Sludge Bomb|p1a: Amoonguss
|-damage|p1a: Amoonguss|18/100
|move|p1b: Tyranitar|Rock Slide|p2a: Eternatus
|-activate|p2a: Eternatus|move: Substitute|[damage]
|move|p1a: Amoonguss|Pollen Puff|p1b: Tyranitar
|-heal|p1b: Tyranitar|95/100 psn
|
|-weather|none
|-damage|p1b: Tyranitar|83/100 psn|[from] psn
|upkeep
|turn|27
|
|t:|1750718540
|move|p1a: Amoonguss|Protect|p1a: Amoonguss
|-singleturn|p1a: Amoonguss|Protect
|move|p2a: Eternatus|Sludge Bomb|p1a: Amoonguss
|-activate|p1a: Amoonguss|move: Protect
|move|p1b: Tyranitar|Rock Slide|p2a: Eternatus
|-activate|p2a: Eternatus|move: Substitute|[damage]
|
|-damage|p1b: Tyranitar|71/100 psn|[from] psn
|upkeep
|turn|28
|
|t:|1750718551
|switch|p1a: Lunala|Lunala, L50, tera:Fairy|76/100
|move|p2a: Eternatus|Sludge Bomb|p1a: Lunala
|-supereffective|p1a: Lunala
|-damage|p1a: Lunala|23/100
|move|p1b: Tyranitar|Rock Slide|p2a: Eternatus
|-end|p2a: Eternatus|Substitute
|
|-damage|p1b: Tyranitar|58/100 psn|[from] psn
|upkeep
|turn|29
|c|☆Carajo666|Omg
|
|t:|1750718569
|switch|p1b: Amoonguss|Amoonguss, L50, F|51/100
|move|p2a: Eternatus|Substitute|p2a: Eternatus
|-start|p2a: Eternatus|Substitute
|-damage|p2a: Eternatus|66/100
|move|p1a: Lunala|Moongeist Beam|p2a: Eternatus
|-activate|p2a: Eternatus|move: Substitute|[damage]
|
|upkeep
|turn|30
|
|t:|1750718578
|switch|p1a: Tyranitar|Tyranitar, L50, M|58/100 psn
|-weather|Sandstorm|[from] ability: Sand Stream|[of] p1a: Tyranitar
|move|p2a: Eternatus|Sludge Bomb|p1a: Tyranitar
|-resisted|p1a: Tyranitar
|-crit|p1a: Tyranitar
|-damage|p1a: Tyranitar|47/100 psn
|move|p1b: Amoonguss|Pollen Puff|p1a: Tyranitar
|-heal|p1a: Tyranitar|97/100 psn
|
|-weather|Sandstorm|[upkeep]
|-damage|p2a: Eternatus|60/100|[from] Sandstorm
|-damage|p1b: Amoonguss|45/100|[from] Sandstorm
|-damage|p1a: Tyranitar|85/100 psn|[from] psn
|upkeep
|turn|31
|c|☆Carajo666|Enough..
|-message|Carajo666 forfeited.
|
|win|WeWantBreathOfFire
|raw|Carajo666's rating: 1638 &rarr; <strong>1621</strong><br />(-17 for losing)
|raw|WeWantBreathOfFire's rating: 1695 &rarr; <strong>1712</strong><br />(+17 for winning)
|l|☆Carajo666
|player|p1|
