|j|☆ruimiao
|j|☆Frostb1te2025
|t:|1750769733
|gametype|doubles
|player|p1|ruimiao|caitlin|1495
|player|p2|Frostb1te2025|265|1476
|teamsize|p1|6
|teamsize|p2|6
|gen|9
|tier|[Gen 9] VGC 2025 Reg I
|rated|
|rule|Species Clause: Limit one of each Pokémon
|rule|Item Clause: Limit 1 of each item
|clearpoke
|poke|p1|Calyrex-Shadow, L50|
|poke|p1|Koraidon, L50|
|poke|p1|Chi-Yu, L50|
|poke|p1|Indeedee-F, L50, F|
|poke|p1|Brute Bonnet, L50|
|poke|p1|Whimsicott, L50, F|
|poke|p2|Calyrex-Ice, L50|
|poke|p2|Farigiraf, L50, F|
|poke|p2|Ogerpon-Hearthflame, L50, F|
|poke|p2|Ursaluna-Bloodmoon, L50, M|
|poke|p2|Iron Valiant, L50|
|poke|p2|Miraidon, L50|
|teampreview|4
|inactive|Battle timer is ON: inactive players will automatically lose when time's up. (requested by Frostb1te2025)
|inactive|ruimiao has 60 seconds left.
|inactive|Frostb1te2025 has 60 seconds left.
|
|t:|1750769779
|start
|switch|p1a: Brute Bonnet|Brute Bonnet, L50|100/100
|switch|p1b: Koraidon|Koraidon, L50|100/100
|switch|p2a: Iron Valiant|Iron Valiant, L50|100/100
|switch|p2b: Calyrex|Calyrex-Ice, L50|100/100
|-ability|p2b: Calyrex|As One
|-ability|p2b: Calyrex|Unnerve
|-weather|SunnyDay|[from] ability: Orichalcum Pulse|[of] p1b: Koraidon
|-activate|p1a: Brute Bonnet|ability: Protosynthesis
|-start|p1a: Brute Bonnet|protosynthesisdef
|-activate|p1b: Koraidon|Orichalcum Pulse|[source]
|turn|1
|inactive|ruimiao has 30 seconds left.
|inactive|ruimiao has 20 seconds left.
|inactive|ruimiao has 15 seconds left.
|inactive|ruimiao has 10 seconds left.
|
|t:|1750769827
|-terastallize|p1b: Koraidon|Fire
|-terastallize|p2b: Calyrex|Fire
|move|p1a: Brute Bonnet|Rage Powder|p1a: Brute Bonnet
|-singleturn|p1a: Brute Bonnet|move: Rage Powder
|move|p1b: Koraidon|Flare Blitz|p2b: Calyrex
|-resisted|p2b: Calyrex
|-damage|p2b: Calyrex|60/100
|-damage|p1b: Koraidon|87/100|[from] Recoil
|move|p2a: Iron Valiant|Spirit Break|p1a: Brute Bonnet
|-supereffective|p1a: Brute Bonnet
|-damage|p1a: Brute Bonnet|69/100
|move|p2b: Calyrex|Trick Room|p2b: Calyrex
|-fieldstart|move: Trick Room|[of] p2b: Calyrex
|
|-weather|SunnyDay|[upkeep]
|upkeep
|turn|2
|inactive|ruimiao has 30 seconds left.
|inactive|Frostb1te2025 has 30 seconds left.
|inactive|ruimiao has 20 seconds left.
|inactive|Frostb1te2025 has 20 seconds left.
|
|t:|1750769864
|-end|p2a: Iron Valiant|Quark Drive|[silent]
|switch|p2a: Miraidon|Miraidon, L50|100/100
|-fieldstart|move: Electric Terrain|[from] ability: Hadron Engine|[of] p2a: Miraidon
|move|p1b: Koraidon|Protect|p1b: Koraidon
|-singleturn|p1b: Koraidon|Protect
|move|p2b: Calyrex|Glacial Lance|p1b: Koraidon|[spread] p1a
|-activate|p1b: Koraidon|move: Protect
|-supereffective|p1a: Brute Bonnet
|-damage|p1a: Brute Bonnet|13/100
|move|p1a: Brute Bonnet|Spore|p2b: Calyrex
|-activate|p2b: Calyrex|move: Electric Terrain
|
|-weather|SunnyDay|[upkeep]
|upkeep
|turn|3
|inactive|ruimiao has 30 seconds left.
|inactive|ruimiao has 20 seconds left.
|inactive|ruimiao has 15 seconds left.
|inactive|ruimiao has 10 seconds left.
|inactive|ruimiao has 5 seconds left.
|
|t:|1750769916
|switch|p1b: Indeedee|Indeedee-F, L50, F|100/100
|-fieldstart|move: Psychic Terrain|[from] ability: Psychic Surge|[of] p1b: Indeedee
|-enditem|p1b: Indeedee|Psychic Seed
|-boost|p1b: Indeedee|spd|1|[from] item: Psychic Seed
|move|p2b: Calyrex|Glacial Lance|p1a: Brute Bonnet|[spread] p1a,p1b
|-supereffective|p1a: Brute Bonnet
|-damage|p1a: Brute Bonnet|0 fnt
|-damage|p1b: Indeedee|39/100
|faint|p1a: Brute Bonnet
|-end|p1a: Brute Bonnet|Protosynthesis|[silent]
|-ability|p2b: Calyrex|Chilling Neigh|boost
|-boost|p2b: Calyrex|atk|1
|move|p2a: Miraidon|Volt Switch|p1b: Indeedee
|-damage|p1b: Indeedee|0 fnt
|faint|p1b: Indeedee
|
|t:|1750769933
|switch|p2a: Farigiraf|Farigiraf, L50, F|100/100|[from] Volt Switch
|
|-weather|SunnyDay|[upkeep]
|upkeep
|
|t:|1750769935
|switch|p1a: Koraidon|Koraidon, L50, tera:Fire|87/100
|switch|p1b: Calyrex|Calyrex-Shadow, L50|100/100
|-ability|p1b: Calyrex|As One
|-ability|p1b: Calyrex|Unnerve
|-activate|p1a: Koraidon|ability: Orichalcum Pulse
|turn|4
|inactive|ruimiao has 30 seconds left.
|
|t:|1750769962
|move|p2b: Calyrex|High Horsepower|p1a: Koraidon
|-supereffective|p1a: Koraidon
|-damage|p1a: Koraidon|0 fnt
|faint|p1a: Koraidon
|-ability|p2b: Calyrex|Chilling Neigh|boost
|-boost|p2b: Calyrex|atk|1
|move|p2a: Farigiraf|Foul Play|p1b: Calyrex
|-supereffective|p1b: Calyrex
|-damage|p1b: Calyrex|39/100
|move|p1b: Calyrex|Expanding Force|p2a: Farigiraf|[spread] p2a,p2b
|-resisted|p2a: Farigiraf
|-damage|p2a: Farigiraf|60/100
|-damage|p2b: Calyrex|0 fnt
|faint|p2b: Calyrex
|-ability|p1b: Calyrex|Grim Neigh|boost
|-boost|p1b: Calyrex|spa|1
|-damage|p1b: Calyrex|30/100|[from] item: Life Orb
|
|-weather|SunnyDay|[upkeep]
|upkeep
|
|t:|1750769974
|switch|p2b: Iron Valiant|Iron Valiant, L50|100/100
|turn|5
|
|t:|1750769981
|move|p1b: Calyrex|Protect|p1b: Calyrex
|-singleturn|p1b: Calyrex|Protect
|move|p2a: Farigiraf|Foul Play|p1b: Calyrex
|-activate|p1b: Calyrex|move: Protect
|move|p2b: Iron Valiant|Spirit Break|p1b: Calyrex
|-activate|p1b: Calyrex|move: Protect
|
|-weather|none
|-fieldend|move: Trick Room
|upkeep
|turn|6
|
|t:|1750769997
|switch|p2a: Miraidon|Miraidon, L50|100/100
|-fieldstart|move: Electric Terrain|[from] ability: Hadron Engine|[of] p2a: Miraidon
|-activate|p2b: Iron Valiant|ability: Quark Drive
|-start|p2b: Iron Valiant|quarkdrivespe
|move|p2b: Iron Valiant|Spirit Break|p1b: Calyrex
|-damage|p1b: Calyrex|0 fnt
|faint|p1b: Calyrex
|
|win|Frostb1te2025
|raw|ruimiao's rating: 1495 &rarr; <strong>1474</strong><br />(-21 for losing)
|raw|Frostb1te2025's rating: 1476 &rarr; <strong>1497</strong><br />(+21 for winning)
|l|☆ruimiao
|player|p1|
|l|☆Frostb1te2025
|player|p2|
