|j|☆galar8
|j|☆ihopeafairmatch
|t:|1750841907
|gametype|doubles
|player|p1|galar8|cynthia|1471
|player|p2|ihopeafairmatch|ghetsis|1394
|teamsize|p1|6
|teamsize|p2|6
|gen|9
|tier|[Gen 9] VGC 2025 Reg I
|rated|
|rule|Species Clause: Limit one of each Pokémon
|rule|Item Clause: Limit 1 of each item
|clearpoke
|poke|p1|Amoonguss, L50, F|
|poke|p1|Calyrex-Ice, L50|
|poke|p1|Ursaluna, L50, M|
|poke|p1|Farigiraf, L50, M|
|poke|p1|Miraidon, L50|
|poke|p1|Kingambit, L50, F|
|poke|p2|Kyogre, L50|
|poke|p2|Solgaleo, L50|
|poke|p2|Indeedee-F, L50, F|
|poke|p2|Tornadus, L50, M|
|poke|p2|Basculegion, L50, M|
|poke|p2|Chesnaught, L50, F|
|teampreview|4
|inactive|Battle timer is ON: inactive players will automatically lose when time's up. (requested by ihopeafairmatch)
|inactive|galar8 also wants the timer to be on.
|
|t:|1750841934
|start
|switch|p1a: impostor|Amoonguss, L50, F, shiny|100/100
|switch|p1b: horse|Calyrex-Ice, L50|100/100
|switch|p2a: Solgaleo|Solgaleo, L50|100/100
|switch|p2b: Chesnaught|Chesnaught, L50, F|100/100
|-ability|p1b: horse|As One
|-ability|p1b: horse|Unnerve
|turn|1
|
|t:|1750841949
|switch|p2b: Indeedee|Indeedee-F, L50, F|100/100
|-fieldstart|move: Psychic Terrain|[from] ability: Psychic Surge|[of] p2b: Indeedee
|move|p1a: impostor|Rage Powder|p1a: impostor
|-singleturn|p1a: impostor|move: Rage Powder
|move|p2a: Solgaleo|Psychic Fangs|p1a: impostor
|-supereffective|p1a: impostor
|-damage|p1a: impostor|0 fnt
|-damage|p2a: Solgaleo|84/100|[from] item: Rocky Helmet|[of] p1a: impostor
|faint|p1a: impostor
|-damage|p2a: Solgaleo|74/100|[from] item: Life Orb
|move|p1b: horse|Trick Room|p1b: horse
|-fieldstart|move: Trick Room|[of] p1b: horse
|
|upkeep
|
|t:|1750841963
|switch|p1a: Kingambit|Kingambit, L50, F|100/100
|turn|2
|
|t:|1750841971
|-terastallize|p1b: horse|Water
|move|p2b: Indeedee|Follow Me|p2b: Indeedee
|-singleturn|p2b: Indeedee|move: Follow Me
|move|p1a: Kingambit|Kowtow Cleave|p2b: Indeedee
|-supereffective|p2b: Indeedee
|-damage|p2b: Indeedee|0 fnt
|faint|p2b: Indeedee
|-damage|p1a: Kingambit|91/100|[from] item: Life Orb
|move|p1b: horse|Glacial Lance|p2a: Solgaleo
|-resisted|p2a: Solgaleo
|-damage|p2a: Solgaleo|50/100
|move|p2a: Solgaleo|Sunsteel Strike|p1b: horse
|-resisted|p1b: horse
|-damage|p1b: horse|80/100
|-damage|p2a: Solgaleo|40/100|[from] item: Life Orb
|
|-heal|p1b: horse|86/100|[from] item: Leftovers
|upkeep
|
|t:|1750841974
|switch|p2b: Chesnaught|Chesnaught, L50, F|100/100
|-enditem|p2b: Chesnaught|Psychic Seed
|-boost|p2b: Chesnaught|spd|1|[from] item: Psychic Seed
|turn|3
|
|t:|1750841994
|-terastallize|p2b: Chesnaught|Steel
|move|p2a: Solgaleo|Protect|p2a: Solgaleo
|-singleturn|p2a: Solgaleo|Protect
|move|p1b: horse|Glacial Lance|p2b: Chesnaught|[spread] p2b
|-activate|p2a: Solgaleo|move: Protect
|-resisted|p2b: Chesnaught
|-damage|p2b: Chesnaught|85/100
|move|p1a: Kingambit|Iron Head|p2b: Chesnaught
|-resisted|p2b: Chesnaught
|-damage|p2b: Chesnaught|63/100
|-damage|p1a: Kingambit|81/100|[from] item: Life Orb
|cant|p2b: Chesnaught|flinch
|
|-heal|p1b: horse|92/100|[from] item: Leftovers
|upkeep
|turn|4
|
|t:|1750842015
|move|p1b: horse|Glacial Lance|p2a: Solgaleo|[spread] p2a,p2b
|-resisted|p2a: Solgaleo
|-resisted|p2b: Chesnaught
|-damage|p2a: Solgaleo|22/100
|-damage|p2b: Chesnaught|46/100
|move|p1a: Kingambit|Kowtow Cleave|p2b: Chesnaught
|-damage|p2b: Chesnaught|0 fnt
|faint|p2b: Chesnaught
|-damage|p1a: Kingambit|72/100|[from] item: Life Orb
|move|p2a: Solgaleo|Psychic Fangs|p1b: horse
|-damage|p1b: horse|48/100
|-damage|p2a: Solgaleo|13/100|[from] item: Life Orb
|
|-heal|p1b: horse|54/100|[from] item: Leftovers
|upkeep
|
|t:|1750842022
|switch|p2b: Kyogre|Kyogre, L50|100/100
|-weather|RainDance|[from] ability: Drizzle|[of] p2b: Kyogre
|turn|5
|
|t:|1750842034
|move|p2a: Solgaleo|Protect|p2a: Solgaleo
|-singleturn|p2a: Solgaleo|Protect
|move|p2b: Kyogre|Protect|p2b: Kyogre
|-singleturn|p2b: Kyogre|Protect
|move|p1a: Kingambit|Iron Head|p2b: Kyogre
|-activate|p2b: Kyogre|move: Protect
|move|p1b: horse|Glacial Lance|p2a: Solgaleo|[spread] 
|-activate|p2a: Solgaleo|move: Protect
|-activate|p2b: Kyogre|move: Protect
|
|-weather|RainDance|[upkeep]
|-heal|p1b: horse|60/100|[from] item: Leftovers
|-fieldend|move: Trick Room
|-fieldend|move: Psychic Terrain
|upkeep
|turn|6
|
|t:|1750842056
|move|p1a: Kingambit|Protect|p1a: Kingambit
|-singleturn|p1a: Kingambit|Protect
|move|p2a: Solgaleo|Psychic Fangs|p1b: horse
|-damage|p1b: horse|29/100
|-damage|p2a: Solgaleo|3/100|[from] item: Life Orb
|move|p2b: Kyogre|Hydro Pump|p1a: Kingambit
|-activate|p1a: Kingambit|move: Protect
|move|p1b: horse|Trick Room|p1b: horse
|-fieldstart|move: Trick Room|[of] p1b: horse
|
|-weather|RainDance|[upkeep]
|-heal|p1b: horse|35/100|[from] item: Leftovers
|upkeep
|turn|7
|-message|ihopeafairmatch forfeited.
|
|win|galar8
|raw|galar8's rating: 1471 &rarr; <strong>1487</strong><br />(+16 for winning)
|raw|ihopeafairmatch's rating: 1394 &rarr; <strong>1378</strong><br />(-16 for losing)
|l|☆ihopeafairmatch
|player|p2|
|l|☆galar8
|player|p1|
