|j|☆br1jxp
|j|☆TheParasectKing
|t:|1750820978
|gametype|doubles
|player|p1|br1jxp|266|1432
|player|p2|TheParasectKing|acetrainer-gen4dp|1382
|teamsize|p1|6
|teamsize|p2|6
|gen|9
|tier|[Gen 9] VGC 2025 Reg I
|rated|
|rule|Species Clause: Limit one of each Pokémon
|rule|Item Clause: Limit 1 of each item
|clearpoke
|poke|p1|Kyogre, L50|
|poke|p1|Whimsicott, L50, F|
|poke|p1|Kyurem-Black, L50|
|poke|p1|Tinkaton, L50, F|
|poke|p1|Urshifu-*, L50, M|
|poke|p1|Landorus, L50, M|
|poke|p2|Miraidon, L50|
|poke|p2|Calyrex-Shadow, L50|
|poke|p2|Dondozo, L50, F|
|poke|p2|Tatsugiri, L50, M|
|poke|p2|Golduck, L50, F|
|poke|p2|Ogerpon-Hearthflame, L50, F|
|teampreview|4
|inactive|Battle timer is ON: inactive players will automatically lose when time's up. (requested by TheParasectKing)
|inactive|br1jxp has 60 seconds left.
|
|t:|1750821035
|start
|switch|p1a: Whimsicott|Whimsicott, L50, F|100/100
|switch|p1b: Kyurem|Kyurem-Black, L50|100/100
|switch|p2a: Golduck|Golduck, L50, F|100/100
|switch|p2b: Calyrex|Calyrex-Shadow, L50|100/100
|-ability|p2b: Calyrex|As One
|-ability|p2b: Calyrex|Unnerve
|-ability|p2a: Golduck|Cloud Nine
|-ability|p1b: Kyurem|Teravolt
|turn|1
|inactive|br1jxp has 30 seconds left.
|
|t:|1750821061
|switch|p2b: Dondozo|Dondozo, L50, F|100/100
|-terastallize|p1a: Whimsicott|Dark
|move|p1a: Whimsicott|Light Screen|p1a: Whimsicott
|-sidestart|p1: br1jxp|move: Light Screen
|move|p2a: Golduck|Simple Beam|p2b: Dondozo
|-endability|p2b: Dondozo|Oblivious|[from] move: Simple Beam
|-ability|p2b: Dondozo|Simple|[from] move: Simple Beam
|move|p1b: Kyurem|Scale Shot|p2b: Dondozo
|-damage|p2b: Dondozo|91/100
|-damage|p2b: Dondozo|80/100
|-damage|p2b: Dondozo|69/100
|-damage|p2b: Dondozo|59/100
|-hitcount|p2b: Dondozo|4
|-unboost|p1b: Kyurem|def|1
|-boost|p1b: Kyurem|spe|1
|
|-heal|p2b: Dondozo|66/100|[from] item: Leftovers
|upkeep
|turn|2
|inactive|br1jxp has 30 seconds left.
|
|t:|1750821088
|switch|p2a: Tatsiguru|Tatsugiri, L50, M|100/100
|-activate|p2a: Tatsiguru|ability: Commander|[of] p2b: Dondozo
|-boost|p2b: Dondozo|atk|4
|-boost|p2b: Dondozo|spa|4
|-boost|p2b: Dondozo|spe|4
|-boost|p2b: Dondozo|def|4
|-boost|p2b: Dondozo|spd|4
|switch|p1a: Urshifu|Urshifu, L50, M|100/100
|move|p1b: Kyurem|Fusion Bolt|p2b: Dondozo
|-supereffective|p2b: Dondozo
|-damage|p2b: Dondozo|46/100
|move|p2b: Dondozo|Body Press|p1a: Urshifu
|-supereffective|p1a: Urshifu
|-enditem|p1a: Urshifu|Focus Sash
|-damage|p1a: Urshifu|1/100
|
|-heal|p2b: Dondozo|52/100|[from] item: Leftovers
|upkeep
|turn|3
|
|t:|1750821111
|switch|p1b: Whimsicott|Whimsicott, L50, F, tera:Dark|100/100
|-terastallize|p2b: Dondozo|Grass
|move|p1a: Urshifu|Detect|p1a: Urshifu
|-singleturn|p1a: Urshifu|Protect
|move|p2b: Dondozo|Earthquake|p1b: Whimsicott|[spread] p1b
|-miss|p2b: Dondozo|p2a: Tatsiguru
|-activate|p1a: Urshifu|move: Protect
|-damage|p1b: Whimsicott|41/100
|
|-heal|p2b: Dondozo|58/100|[from] item: Leftovers
|upkeep
|turn|4
|
|t:|1750821122
|move|p1b: Whimsicott|Tailwind|p1b: Whimsicott
|-sidestart|p1: br1jxp|move: Tailwind
|move|p1a: Urshifu|Wicked Blow|p2b: Dondozo
|-crit|p2b: Dondozo
|-damage|p2b: Dondozo|17/100
|move|p2b: Dondozo|Earthquake|p1a: Urshifu|[spread] p1a,p1b
|-miss|p2b: Dondozo|p2a: Tatsiguru
|-crit|p1b: Whimsicott
|-damage|p1a: Urshifu|0 fnt
|-damage|p1b: Whimsicott|0 fnt
|faint|p1a: Urshifu
|faint|p1b: Whimsicott
|
|-heal|p2b: Dondozo|23/100|[from] item: Leftovers
|upkeep
|
|t:|1750821130
|switch|p1b: Kyogre|Kyogre, L50|100/100
|switch|p1a: Kyurem|Kyurem-Black, L50|100/100
|-ability|p1a: Kyurem|Teravolt
|-weather|RainDance|[from] ability: Drizzle|[of] p1b: Kyogre
|turn|5
|
|t:|1750821137
|move|p2b: Dondozo|Protect|p2b: Dondozo
|-singleturn|p2b: Dondozo|Protect
|move|p1a: Kyurem|Icicle Spear|p2b: Dondozo
|-activate|p2b: Dondozo|move: Protect
|move|p1b: Kyogre|Water Spout|p2b: Dondozo|[spread] 
|-miss|p1b: Kyogre|p2a: Tatsiguru
|-activate|p2b: Dondozo|move: Protect
|
|-weather|RainDance|[upkeep]
|-heal|p2b: Dondozo|29/100|[from] item: Leftovers
|-sideend|p1: br1jxp|move: Light Screen
|upkeep
|turn|6
|
|t:|1750821145
|move|p1a: Kyurem|Icicle Spear|p2b: Dondozo
|-supereffective|p2b: Dondozo
|-damage|p2b: Dondozo|24/100
|-supereffective|p2b: Dondozo
|-damage|p2b: Dondozo|16/100
|-supereffective|p2b: Dondozo
|-damage|p2b: Dondozo|9/100
|-supereffective|p2b: Dondozo
|-damage|p2b: Dondozo|1/100
|-hitcount|p2b: Dondozo|4
|move|p1b: Kyogre|Water Spout|p2b: Dondozo|[spread] p2b
|-miss|p1b: Kyogre|p2a: Tatsiguru
|-resisted|p2b: Dondozo
|-crit|p2b: Dondozo
|-damage|p2b: Dondozo|0 fnt
|faint|p2b: Dondozo
|
|-weather|RainDance|[upkeep]
|upkeep
|
|t:|1750821162
|switch|p2b: Calyrex|Calyrex-Shadow, L50|100/100
|-ability|p2b: Calyrex|As One
|-ability|p2b: Calyrex|Unnerve
|turn|7
|
|t:|1750821172
|move|p2b: Calyrex|Protect|p2b: Calyrex
|-singleturn|p2b: Calyrex|Protect
|move|p2a: Tatsiguru|Protect|p2a: Tatsiguru
|-singleturn|p2a: Tatsiguru|Protect
|move|p1a: Kyurem|Scale Shot|p2a: Tatsiguru
|-activate|p2a: Tatsiguru|move: Protect
|move|p1b: Kyogre|Water Spout|p2a: Tatsiguru|[spread] 
|-activate|p2a: Tatsiguru|move: Protect
|-activate|p2b: Calyrex|move: Protect
|
|-weather|RainDance|[upkeep]
|-sideend|p1: br1jxp|move: Tailwind
|upkeep
|turn|8
|
|t:|1750821193
|move|p2a: Tatsiguru|Helping Hand|p2b: Calyrex
|-singleturn|p2b: Calyrex|Helping Hand|[of] p2a: Tatsiguru
|move|p2b: Calyrex|Astral Barrage|p1a: Kyurem|[spread] p1a,p1b
|-damage|p1a: Kyurem|13/100
|-damage|p1b: Kyogre|34/100
|-damage|p2b: Calyrex|91/100|[from] item: Life Orb
|move|p1a: Kyurem|Scale Shot|p2a: Tatsiguru
|-supereffective|p2a: Tatsiguru
|-damage|p2a: Tatsiguru|38/100
|-supereffective|p2a: Tatsiguru
|-damage|p2a: Tatsiguru|0 fnt
|faint|p2a: Tatsiguru
|-hitcount|p2: Tatsiguru|2
|-unboost|p1a: Kyurem|def|1
|-boost|p1a: Kyurem|spe|1
|move|p1b: Kyogre|Origin Pulse|p2b: Calyrex
|-damage|p2b: Calyrex|0 fnt
|faint|p2b: Calyrex
|
|-weather|RainDance|[upkeep]
|upkeep
|
|t:|1750821196
|switch|p2a: Golduck|Golduck, L50, F|100/100
|-ability|p2a: Golduck|Cloud Nine
|turn|9
|-message|TheParasectKing forfeited.
|
|win|br1jxp
|raw|br1jxp's rating: 1432 &rarr; <strong>1449</strong><br />(+17 for winning)
|raw|TheParasectKing's rating: 1382 &rarr; <strong>1365</strong><br />(-17 for losing)
|l|☆TheParasectKing
|player|p2|
|c|☆br1jxp|gg
|l|☆br1jxp
|player|p1|
