|j|☆darxzy
|j|☆Troll con perish
|t:|1750749034
|gametype|doubles
|player|p1|darxzy|2|1151
|player|p2|Troll con perish|266|1157
|teamsize|p1|6
|teamsize|p2|6
|gen|9
|tier|[Gen 9] VGC 2025 Reg I
|rated|
|rule|Species Clause: Limit one of each Pokémon
|rule|Item Clause: Limit 1 of each item
|clearpoke
|poke|p1|Kyogre, L50|
|poke|p1|Zacian-*, L50|
|poke|p1|Urshifu-*, L50, F|
|poke|p1|Amoonguss, L50, M|
|poke|p1|Chien-Pao, L50|
|poke|p1|Tornadus, L50, M|
|poke|p2|Politoed, L50, M|
|poke|p2|Ludicolo, L50, M|
|poke|p2|Gothitelle, L50, F|
|poke|p2|Hitmontop, L50, M|
|poke|p2|Calyrex-Ice, L50|
|poke|p2|Flutter Mane, L50|
|teampreview|4
|inactive|Battle timer is ON: inactive players will automatically lose when time's up. (requested by Troll con perish)
Troll con perish rejected open team sheets.
|
|t:|1750749054
|start
|switch|p1a: Zacian|Zacian-Crowned, L50|100/100
|switch|p1b: Amoonguss|Amoonguss, L50, M, shiny|100/100
|switch|p2a: KING OF RYTHEM!|Ludicolo, L50, M, shiny|100/100
|switch|p2b: ITS NOT A PHASE!|Gothitelle, L50, F|100/100
|-ability|p1a: Zacian|Intrepid Sword|boost
|-boost|p1a: Zacian|atk|1
|turn|1
|inactive|Troll con perish has 30 seconds left.
|
|t:|1750749079
|switch|p2a: FAVORITE CHILD:D|Politoed, L50, M|100/100
|-weather|RainDance|[from] ability: Drizzle|[of] p2a: FAVORITE CHILD:D
|move|p2b: ITS NOT A PHASE!|Fake Out|p1a: Zacian
|-resisted|p1a: Zacian
|-damage|p1a: Zacian|98/100
|cant|p1a: Zacian|flinch
|move|p1b: Amoonguss|Spore|p2b: ITS NOT A PHASE!
|-status|p2b: ITS NOT A PHASE!|slp|[from] move: Spore
|
|-weather|RainDance|[upkeep]
|upkeep
|turn|2
|
|t:|1750749098
|-terastallize|p2a: FAVORITE CHILD:D|Grass
|move|p1a: Zacian|Protect|p1a: Zacian
|-singleturn|p1a: Zacian|Protect
|cant|p2b: ITS NOT A PHASE!|slp
|move|p2a: FAVORITE CHILD:D|Perish Song|p2a: FAVORITE CHILD:D
|-start|p1a: Zacian|perish3|[silent]
|-start|p1b: Amoonguss|perish3|[silent]
|-start|p2a: FAVORITE CHILD:D|perish3|[silent]
|-start|p2b: ITS NOT A PHASE!|perish3|[silent]
|-fieldactivate|move: Perish Song
|move|p1b: Amoonguss|Spore|p2a: FAVORITE CHILD:D
|-immune|p2a: FAVORITE CHILD:D
|
|-weather|RainDance|[upkeep]
|-start|p1a: Zacian|perish3
|-start|p2a: FAVORITE CHILD:D|perish3
|-start|p2b: ITS NOT A PHASE!|perish3
|-start|p1b: Amoonguss|perish3
|upkeep
|turn|3
|
|t:|1750749112
|move|p2a: FAVORITE CHILD:D|Protect|p2a: FAVORITE CHILD:D
|-singleturn|p2a: FAVORITE CHILD:D|Protect
|cant|p2b: ITS NOT A PHASE!|slp
|move|p1a: Zacian|Behemoth Blade|p2b: ITS NOT A PHASE!
|-damage|p2b: ITS NOT A PHASE!|20/100 slp
|-enditem|p2b: ITS NOT A PHASE!|Sitrus Berry|[eat]
|-heal|p2b: ITS NOT A PHASE!|45/100 slp|[from] item: Sitrus Berry
|move|p1b: Amoonguss|Pollen Puff|p2b: ITS NOT A PHASE!
|-supereffective|p2b: ITS NOT A PHASE!
|-damage|p2b: ITS NOT A PHASE!|15/100 slp
|
|-weather|RainDance|[upkeep]
|-start|p1a: Zacian|perish2
|-start|p2a: FAVORITE CHILD:D|perish2
|-start|p2b: ITS NOT A PHASE!|perish2
|-start|p1b: Amoonguss|perish2
|upkeep
|turn|4
|inactive|darxzy has 30 seconds left.
|
|t:|1750749140
|switch|p2a: KING OF RYTHEM!|Ludicolo, L50, M, shiny|100/100
|switch|p2b: 321.LET IT RIP!!!|Hitmontop, L50, M, shiny|100/100
|-ability|p2b: 321.LET IT RIP!!!|Intimidate|boost
|-unboost|p1a: Zacian|atk|1
|-unboost|p1b: Amoonguss|atk|1
|move|p1b: Amoonguss|Rage Powder|p1b: Amoonguss
|-singleturn|p1b: Amoonguss|move: Rage Powder
|move|p1a: Zacian|Behemoth Blade|p2b: 321.LET IT RIP!!!
|-damage|p2b: 321.LET IT RIP!!!|39/100
|-enditem|p2b: 321.LET IT RIP!!!|Eject Button
|
|t:|1750749151
|switch|p2b: ITS NOT A PHASE!|Gothitelle, L50, F|15/100 slp
|
|-weather|RainDance|[upkeep]
|-start|p1a: Zacian|perish1
|-start|p1b: Amoonguss|perish1
|upkeep
|turn|5
|
|t:|1750749168
|move|p2a: KING OF RYTHEM!|Protect|p2a: KING OF RYTHEM!
|-singleturn|p2a: KING OF RYTHEM!|Protect
|move|p1a: Zacian|Behemoth Blade|p2a: KING OF RYTHEM!
|-activate|p2a: KING OF RYTHEM!|move: Protect
|move|p1b: Amoonguss|Pollen Puff|p2b: ITS NOT A PHASE!
|-supereffective|p2b: ITS NOT A PHASE!
|-damage|p2b: ITS NOT A PHASE!|0 fnt
|faint|p2b: ITS NOT A PHASE!
|
|-weather|none
|-start|p1a: Zacian|perish0
|-start|p1b: Amoonguss|perish0
|faint|p1a: Zacian
|faint|p1b: Amoonguss
|upkeep
|
|t:|1750749182
|switch|p1a: Tornadus|Tornadus, L50, M, shiny|100/100
|switch|p2b: FAVORITE CHILD:D|Politoed, L50, M, tera:Grass|100/100
|switch|p1b: Kyogre|Kyogre, L50, shiny|100/100
|-weather|RainDance|[from] ability: Drizzle|[of] p1b: Kyogre
|turn|6
|
|t:|1750749199
|move|p1a: Tornadus|Taunt|p2b: FAVORITE CHILD:D
|-start|p2b: FAVORITE CHILD:D|move: Taunt
|move|p2a: KING OF RYTHEM!|Energy Ball|p1b: Kyogre
|-supereffective|p1b: Kyogre
|-damage|p1b: Kyogre|28/100
|-damage|p2a: KING OF RYTHEM!|91/100|[from] item: Life Orb
|move|p1b: Kyogre|Water Spout|p2a: KING OF RYTHEM!|[spread] p2a,p2b
|-resisted|p2a: KING OF RYTHEM!
|-resisted|p2b: FAVORITE CHILD:D
|-damage|p2a: KING OF RYTHEM!|82/100
|-damage|p2b: FAVORITE CHILD:D|88/100
|cant|p2b: FAVORITE CHILD:D|move: Taunt|Perish Song
|
|-weather|RainDance|[upkeep]
|-heal|p2b: FAVORITE CHILD:D|94/100|[from] item: Leftovers
|upkeep
|turn|7
|inactive|darxzy has 30 seconds left.
|
|t:|1750749225
|switch|p2b: 321.LET IT RIP!!!|Hitmontop, L50, M, shiny|39/100
|-ability|p2b: 321.LET IT RIP!!!|Intimidate|boost
|-unboost|p1a: Tornadus|atk|1
|-unboost|p1b: Kyogre|atk|1
|-terastallize|p1b: Kyogre|Grass
|move|p2a: KING OF RYTHEM!|Energy Ball|p1b: Kyogre
|-resisted|p1b: Kyogre
|-damage|p1b: Kyogre|10/100
|-damage|p2a: KING OF RYTHEM!|72/100|[from] item: Life Orb
|move|p1a: Tornadus|Bleakwind Storm|p2a: KING OF RYTHEM!|[spread] p2a,p2b
|-supereffective|p2a: KING OF RYTHEM!
|-supereffective|p2b: 321.LET IT RIP!!!
|-damage|p2a: KING OF RYTHEM!|3/100
|-damage|p2b: 321.LET IT RIP!!!|0 fnt
|faint|p2b: 321.LET IT RIP!!!
|move|p1b: Kyogre|Water Spout|p2a: KING OF RYTHEM!
|-resisted|p2a: KING OF RYTHEM!
|-damage|p2a: KING OF RYTHEM!|0 fnt
|faint|p2a: KING OF RYTHEM!
|
|-weather|RainDance|[upkeep]
|upkeep
|
|t:|1750749244
|switch|p2b: FAVORITE CHILD:D|Politoed, L50, M, tera:Grass|94/100
|turn|8
|
|t:|1750749249
|move|p1a: Tornadus|Taunt|p2b: FAVORITE CHILD:D
|-start|p2b: FAVORITE CHILD:D|move: Taunt
|move|p1b: Kyogre|Ice Beam|p2b: FAVORITE CHILD:D
|-supereffective|p2b: FAVORITE CHILD:D
|-damage|p2b: FAVORITE CHILD:D|41/100
|-status|p2b: FAVORITE CHILD:D|frz
|cant|p2b: FAVORITE CHILD:D|frz
|
|-weather|RainDance|[upkeep]
|-heal|p2b: FAVORITE CHILD:D|47/100 frz|[from] item: Leftovers
|upkeep
|turn|9
|-message|Troll con perish forfeited.
|
|win|darxzy
|raw|darxzy's rating: 1151 &rarr; <strong>1176</strong><br />(+25 for winning)
|raw|Troll con perish's rating: 1157 &rarr; <strong>1132</strong><br />(-25 for losing)
|l|☆Troll con perish
|player|p2|
|l|☆darxzy
|player|p1|
