|j|☆drew timme
|j|☆MavenVGC
|t:|1750767628
|gametype|doubles
|player|p1|drew timme|1|1255
|player|p2|MavenVGC|steven|1286
|teamsize|p1|4
|teamsize|p2|6
|gen|9
|tier|[Gen 9] VGC 2025 Reg I
|rated|
|rule|Species Clause: Limit one of each Pokémon
|rule|Item Clause: Limit 1 of each item
|clearpoke
|poke|p1|Miraidon, L50|
|poke|p1|Zamazenta-*, L50|
|poke|p1|Cresselia, L50, F|
|poke|p1|Chien-Pao, L50|
|poke|p2|Calyrex-Ice, L50|
|poke|p2|Incineroar, L50, F|
|poke|p2|Ho-Oh, L50|
|poke|p2|Iron Hands, L50|
|poke|p2|Flutter Mane, L50|
|poke|p2|Ogerpon-Wellspring, L50, F|
|teampreview|4
|inactive|Battle timer is ON: inactive players will automatically lose when time's up. (requested by MavenVGC)
MavenVGC rejected open team sheets.
|
|t:|1750767640
|start
|switch|p1a: Miraidon|Miraidon, L50|100/100
|switch|p1b: Zamazenta|Zamazenta-Crowned, L50|100/100
|switch|p2a: Iron Hands|Iron Hands, L50|100/100
|switch|p2b: Flutter Mane|Flutter Mane, L50|100/100
|-fieldstart|move: Electric Terrain|[from] ability: Hadron Engine|[of] p1a: Miraidon
|-activate|p2a: Iron Hands|ability: Quark Drive
|-start|p2a: Iron Hands|quarkdriveatk
|-ability|p1b: Zamazenta|Dauntless Shield|boost
|-boost|p1b: Zamazenta|def|1
|turn|1
|inactive|drew timme has 30 seconds left.
|inactive|drew timme has 20 seconds left.
|inactive|drew timme has 15 seconds left.
|inactive|drew timme has 10 seconds left.
|
|t:|1750767689
|-terastallize|p2b: Flutter Mane|Fairy
|move|p2a: Iron Hands|Fake Out|p1a: Miraidon
|-damage|p1a: Miraidon|81/100
|move|p2b: Flutter Mane|Dazzling Gleam|p1b: Zamazenta|[spread] p1a,p1b
|-supereffective|p1a: Miraidon
|-damage|p1a: Miraidon|39/100
|-damage|p1b: Zamazenta|68/100
|cant|p1a: Miraidon|flinch
|move|p1b: Zamazenta|Behemoth Bash|p2b: Flutter Mane
|-supereffective|p2b: Flutter Mane
|-enditem|p2b: Flutter Mane|Focus Sash
|-damage|p2b: Flutter Mane|1/100
|
|upkeep
|turn|2
|
|t:|1750767709
|-terastallize|p1a: Miraidon|Electric
|move|p1b: Zamazenta|Body Press|p2a: Iron Hands
|-damage|p2a: Iron Hands|48/100
|move|p1a: Miraidon|Snarl|p2a: Iron Hands|[spread] p2a,p2b
|-resisted|p2a: Iron Hands
|-resisted|p2b: Flutter Mane
|-damage|p2a: Iron Hands|43/100
|-damage|p2b: Flutter Mane|0 fnt
|-unboost|p2a: Iron Hands|spa|1
|faint|p2b: Flutter Mane
|-end|p2b: Flutter Mane|Protosynthesis|[silent]
|move|p2a: Iron Hands|Drain Punch|p1a: Miraidon
|-damage|p1a: Miraidon|0 fnt
|-heal|p2a: Iron Hands|60/100|[from] drain|[of] p1a: Miraidon
|faint|p1a: Miraidon
|
|upkeep
|
|t:|1750767731
|switch|p2b: Ho-Oh|Ho-Oh, L50|100/100
|switch|p1a: Cresselia|Cresselia, L50, F|100/100
|-enditem|p1a: Cresselia|Electric Seed
|-boost|p1a: Cresselia|def|1|[from] item: Electric Seed
|turn|3
|
|t:|1750767743
|move|p1b: Zamazenta|Body Press|p2a: Iron Hands
|-damage|p2a: Iron Hands|5/100
|move|p2b: Ho-Oh|Sacred Fire|p1b: Zamazenta
|-supereffective|p1b: Zamazenta
|-damage|p1b: Zamazenta|27/100
|-status|p1b: Zamazenta|brn
|move|p1a: Cresselia|Psychic|p2a: Iron Hands
|-supereffective|p2a: Iron Hands
|-damage|p2a: Iron Hands|0 fnt
|faint|p2a: Iron Hands
|-end|p2a: Iron Hands|Quark Drive|[silent]
|
|-damage|p1b: Zamazenta|22/100 brn|[from] brn
|upkeep
|
|t:|1750767751
|switch|p2a: Calyrex|Calyrex-Ice, L50|100/100
|-ability|p2a: Calyrex|As One
|-ability|p2a: Calyrex|Unnerve
|turn|4
|
|t:|1750767768
|move|p1b: Zamazenta|Protect|p1b: Zamazenta
|-singleturn|p1b: Zamazenta|Protect
|move|p2a: Calyrex|Protect|p2a: Calyrex
|-singleturn|p2a: Calyrex|Protect
|move|p2b: Ho-Oh|Sacred Fire|p1b: Zamazenta
|-activate|p1b: Zamazenta|move: Protect
|move|p1a: Cresselia|Thunder Wave|p2b: Ho-Oh
|-status|p2b: Ho-Oh|par
|
|-damage|p1b: Zamazenta|16/100 brn|[from] brn
|upkeep
|turn|5
|
|t:|1750767786
|move|p1b: Zamazenta|Body Press|p2a: Calyrex
|-damage|p2a: Calyrex|83/100
|move|p1a: Cresselia|Lunar Blessing|p1a: Cresselia|[spread] p1a,p1b
|-heal|p1b: Zamazenta|41/100 brn
|-curestatus|p1b: Zamazenta|brn|[msg]
|move|p2a: Calyrex|Leech Seed|p1a: Cresselia
|-start|p1a: Cresselia|move: Leech Seed
|move|p2b: Ho-Oh|Sacred Fire|p1b: Zamazenta
|-supereffective|p1b: Zamazenta
|-damage|p1b: Zamazenta|6/100
|-status|p1b: Zamazenta|brn
|
|-heal|p2a: Calyrex|88/100|[from] item: Leftovers
|-damage|p1a: Cresselia|88/100|[from] Leech Seed|[of] p2a: Calyrex
|-heal|p2a: Calyrex|100/100|[silent]
|-damage|p1b: Zamazenta|0 fnt|[from] brn
|faint|p1b: Zamazenta
|-fieldend|move: Electric Terrain
|upkeep
|c|☆MavenVGC|gg
|
|t:|1750767807
|switch|p1b: Chien-Pao|Chien-Pao, L50|100/100
|-ability|p1b: Chien-Pao|Sword of Ruin
|turn|6
|c|☆MavenVGC|play 6 pokemon next time
|
|t:|1750767825
|move|p1b: Chien-Pao|Icicle Crash|p2b: Ho-Oh
|-damage|p2b: Ho-Oh|61/100 par
|move|p1a: Cresselia|Psychic|p2b: Ho-Oh
|-damage|p2b: Ho-Oh|46/100 par
|-enditem|p2b: Ho-Oh|Sitrus Berry|[eat]
|-heal|p2b: Ho-Oh|71/100 par|[from] item: Sitrus Berry
|move|p2a: Calyrex|Leech Seed|p1b: Chien-Pao
|-start|p1b: Chien-Pao|move: Leech Seed
|move|p2b: Ho-Oh|Sacred Fire|p1b: Chien-Pao
|-supereffective|p1b: Chien-Pao
|-enditem|p1b: Chien-Pao|Focus Sash
|-damage|p1b: Chien-Pao|1/100
|
|-damage|p1b: Chien-Pao|0 fnt|[from] Leech Seed|[of] p2a: Calyrex
|faint|p1b: Chien-Pao
|-damage|p1a: Cresselia|76/100|[from] Leech Seed|[of] p2a: Calyrex
|upkeep
|turn|7
|-message|drew timme forfeited.
|
|win|MavenVGC
|raw|drew timme's rating: 1255 &rarr; <strong>1234</strong><br />(-21 for losing)
|raw|MavenVGC's rating: 1311 &rarr; <strong>1328</strong><br />(+17 for winning)
|l|☆drew timme
|player|p1|
