|j|☆bahuby
|j|☆PROSPECTxONE
|t:|1750827105
|gametype|doubles
|player|p1|bahuby|266|1161
|player|p2|PROSPECTxONE|giovanni|1179
|teamsize|p1|6
|teamsize|p2|6
|gen|9
|tier|[Gen 9] VGC 2025 Reg I
|rated|
|rule|Species Clause: Limit one of each Pokémon
|rule|Item Clause: Limit 1 of each item
|clearpoke
|poke|p1|Calyrex-Ice, L50|
|poke|p1|Farigiraf, L50, M|
|poke|p1|Torkoal, L50, F|
|poke|p1|Maushold, L50|
|poke|p1|Rillaboom, L50, F|
|poke|p1|Ogerpon-Wellspring, L50, F|
|poke|p2|Lunala, L50|
|poke|p2|Incineroar, L50, M|
|poke|p2|Rillaboom, L50, M|
|poke|p2|Talonflame, L50, F|
|poke|p2|Terapagos, L50, M|
|poke|p2|Urshifu-*, L50, M|
|teampreview|4
|inactive|Battle timer is ON: inactive players will automatically lose when time's up. (requested by PROSPECTxONE)
bahuby has agreed to open team sheets.
|c|☆bahuby|Your team will perish
|
|t:|1750827123
|start
|switch|p1a: Calyrex|Calyrex-Ice, L50|100/100
|switch|p1b: Maushold|Maushold, L50|100/100
|switch|p2a: Urshifu|Urshifu, L50, M|100/100
|switch|p2b: Talonflame|Talonflame, L50, F|100/100
|-ability|p1a: Calyrex|As One
|-ability|p1a: Calyrex|Unnerve
|turn|1
|
|t:|1750827139
|move|p1b: Maushold|Follow Me|p1b: Maushold
|-singleturn|p1b: Maushold|move: Follow Me
|move|p2b: Talonflame|Taunt|p1b: Maushold
|-start|p1b: Maushold|move: Taunt
|move|p2a: Urshifu|Wicked Blow|p1b: Maushold
|-crit|p1b: Maushold
|-damage|p1b: Maushold|19/100
|move|p1a: Calyrex|Trick Room|p1a: Calyrex
|-fieldstart|move: Trick Room|[of] p1a: Calyrex
|
|upkeep
|turn|2
|
|t:|1750827159
|switch|p1b: Torkoal|Torkoal, L50, F|100/100
|-weather|SunnyDay|[from] ability: Drought|[of] p1b: Torkoal
|-terastallize|p1a: Calyrex|Water
|move|p2b: Talonflame|Brave Bird|p1b: Torkoal
|-damage|p1b: Torkoal|68/100
|-damage|p2b: Talonflame|88/100|[from] Recoil
|move|p1a: Calyrex|Glacial Lance|p2b: Talonflame|[spread] p2a,p2b
|-damage|p2a: Urshifu|44/100
|-damage|p2b: Talonflame|2/100
|move|p2a: Urshifu|Wicked Blow|p1a: Calyrex
|-crit|p1a: Calyrex
|-damage|p1a: Calyrex|58/100
|
|-weather|SunnyDay|[upkeep]
|upkeep
|turn|3
|inactive|PROSPECTxONE has 30 seconds left.
|
|t:|1750827187
|move|p1a: Calyrex|Protect|p1a: Calyrex
|-singleturn|p1a: Calyrex|Protect
|move|p2b: Talonflame|Protect|p2b: Talonflame
|-singleturn|p2b: Talonflame|Protect
|move|p2a: Urshifu|Sucker Punch||[still]
|-fail|p2a: Urshifu
|move|p1b: Torkoal|Eruption|p2b: Talonflame|[spread] p2a
|-activate|p2b: Talonflame|move: Protect
|-damage|p2a: Urshifu|0 fnt
|faint|p2a: Urshifu
|
|-weather|SunnyDay|[upkeep]
|upkeep
|
|t:|1750827199
|switch|p2a: Terapagos|Terapagos, L50, M|100/100
|-activate|p2a: Terapagos|ability: Tera Shift
|detailschange|p2a: Terapagos|Terapagos-Terastal, L50, M
|-heal|p2a: Terapagos|100/100|[silent]
|turn|4
|
|t:|1750827209
|-terastallize|p2a: Terapagos|Stellar
|detailschange|p2a: Terapagos|Terapagos-Stellar, L50, M, tera:Stellar
|-heal|p2a: Terapagos|100/100|[silent]
|-ability|p2a: Terapagos|Teraform Zero
|-weather|none
|move|p1a: Calyrex|Protect||[still]
|-fail|p1a: Calyrex
|move|p1b: Torkoal|Eruption|p2a: Terapagos|[spread] p2a,p2b
|-resisted|p2b: Talonflame
|-damage|p2a: Terapagos|71/100
|-damage|p2b: Talonflame|0 fnt
|faint|p2b: Talonflame
|move|p2a: Terapagos|Tera Starstorm|p1a: Calyrex|[spread] p1a,p1b
|-supereffective|p1a: Calyrex
|-damage|p1a: Calyrex|0 fnt
|-damage|p1b: Torkoal|2/100
|faint|p1a: Calyrex
|-damage|p2a: Terapagos|61/100|[from] item: Life Orb
|
|upkeep
|
|t:|1750827227
|switch|p1a: Farigiraf|Farigiraf, L50, M|100/100
|switch|p2b: Lunala|Lunala, L50|100/100
|turn|5
|
|t:|1750827247
|move|p1b: Torkoal|Eruption|p2a: Terapagos|[spread] p2a,p2b
|-damage|p2a: Terapagos|61/100
|-damage|p2b: Lunala|99/100
|move|p1a: Farigiraf|Shadow Ball|p2b: Lunala
|-supereffective|p2b: Lunala
|-damage|p2b: Lunala|3/100
|-damage|p1a: Farigiraf|91/100|[from] item: Life Orb
|move|p2a: Terapagos|Tera Starstorm|p1a: Farigiraf|[spread] p1a,p1b
|-damage|p1a: Farigiraf|37/100
|-damage|p1b: Torkoal|0 fnt
|faint|p1b: Torkoal
|-damage|p2a: Terapagos|51/100|[from] item: Life Orb
|move|p2b: Lunala|Moonblast|p1a: Farigiraf
|-damage|p1a: Farigiraf|0 fnt
|faint|p1a: Farigiraf
|
|-fieldend|move: Trick Room
|upkeep
|
|t:|1750827255
|switch|p1a: Maushold|Maushold, L50|19/100
|turn|6
|c|☆bahuby|Gg
|-message|bahuby forfeited.
|
|win|PROSPECTxONE
|raw|bahuby's rating: 1161 &rarr; <strong>1137</strong><br />(-24 for losing)
|raw|PROSPECTxONE's rating: 1179 &rarr; <strong>1203</strong><br />(+24 for winning)
|l|☆bahuby
|player|p1|
|l|☆PROSPECTxONE
|player|p2|
