|j|☆Kukino
|j|☆xdt707
|t:|1750834098
|gametype|doubles
|player|p1|Kukino|wattson|1315
|player|p2|xdt707|swimmerf-gen4|1416
|teamsize|p1|6
|teamsize|p2|6
|gen|9
|tier|[Gen 9] VGC 2025 Reg I
|rated|
|rule|Species Clause: Limit one of each Pokémon
|rule|Item Clause: Limit 1 of each item
|clearpoke
|poke|p1|Grimmsnarl, L50, M|
|poke|p1|Gholdengo, L50|
|poke|p1|Raging Bolt, L50|
|poke|p1|Kyogre, L50|
|poke|p1|Ho-Oh, L50|
|poke|p1|Rillaboom, L50, F|
|poke|p2|Calyrex-Ice, L50|
|poke|p2|Kyogre, L50|
|poke|p2|Ditto, L50|
|poke|p2|Landorus, L50, M|
|poke|p2|Raging Bolt, L50|
|poke|p2|Grimmsnarl, L50, M|
|teampreview|4
|inactive|Battle timer is ON: inactive players will automatically lose when time's up. (requested by Kukino)
|inactive|Kukino has 60 seconds left.
|inactive|xdt707 has 60 seconds left.
|inactive|Kukino has 30 seconds left.
|
|t:|1750834160
|start
|switch|p1a: Grimmsnarl|Grimmsnarl, L50, M|100/100
|switch|p1b: Kyogre|Kyogre, L50|100/100
|switch|p2a: Ditto|Ditto, L50, shiny|100/100
|switch|p2b: Grimmsnarl|Grimmsnarl, L50, M, shiny|100/100
|-weather|RainDance|[from] ability: Drizzle|[of] p1b: Kyogre
|-transform|p2a: Ditto|p1b: Kyogre|[from] ability: Imposter
|turn|1
|inactive|xdt707 has 30 seconds left.
|
|t:|1750834191
|move|p2b: Grimmsnarl|Fake Out|p1a: Grimmsnarl
|-damage|p1a: Grimmsnarl|91/100
|move|p1b: Kyogre|Calm Mind|p1b: Kyogre
|-boost|p1b: Kyogre|spa|1
|-boost|p1b: Kyogre|spd|1
|move|p2a: Ditto|Origin Pulse|p1b: Kyogre|[spread] 
|-miss|p2a: Ditto|p1a: Grimmsnarl
|-miss|p2a: Ditto|p1b: Kyogre
|cant|p1a: Grimmsnarl|flinch
|
|-weather|RainDance|[upkeep]
|upkeep
|turn|2
|inactive|xdt707 has 30 seconds left.
|
|t:|1750834223
|move|p2b: Grimmsnarl|Parting Shot|p1b: Kyogre
|-unboost|p1b: Kyogre|atk|1
|-unboost|p1b: Kyogre|spa|1
|
|t:|1750834231
|switch|p2b: Kyogre|Kyogre, L50|100/100|[from] Parting Shot
|move|p2a: Ditto|Calm Mind|p2a: Ditto
|-boost|p2a: Ditto|spa|1
|-boost|p2a: Ditto|spd|1
|move|p1b: Kyogre|Origin Pulse|p2b: Kyogre|[spread] p2a,p2b
|-resisted|p2a: Ditto
|-resisted|p2b: Kyogre
|-damage|p2a: Ditto|82/100
|-damage|p2b: Kyogre|79/100
|move|p1a: Grimmsnarl|Spirit Break|p2a: Ditto
|-damage|p2a: Ditto|55/100
|-unboost|p2a: Ditto|spa|1
|
|-weather|RainDance|[upkeep]
|upkeep
|turn|3
|
|t:|1750834256
|move|p1a: Grimmsnarl|Light Screen|p1a: Grimmsnarl
|-sidestart|p1: Kukino|move: Light Screen
|move|p2b: Kyogre|Thunder|p1b: Kyogre
|-supereffective|p1b: Kyogre
|-damage|p1b: Kyogre|70/100
|-status|p1b: Kyogre|par
|move|p2a: Ditto|Origin Pulse|p1a: Grimmsnarl|[spread] p1b
|-miss|p2a: Ditto|p1a: Grimmsnarl
|-resisted|p1b: Kyogre
|-damage|p1b: Kyogre|61/100 par
|move|p1b: Kyogre|Calm Mind|p1b: Kyogre
|-boost|p1b: Kyogre|spa|1
|-boost|p1b: Kyogre|spd|1
|
|-weather|RainDance|[upkeep]
|-heal|p1b: Kyogre|67/100 par|[from] item: Leftovers
|upkeep
|turn|4
|
|t:|1750834278
|move|p1b: Kyogre|Protect|p1b: Kyogre
|-singleturn|p1b: Kyogre|Protect
|move|p2b: Kyogre|Thunder|p1b: Kyogre
|-activate|p1b: Kyogre|move: Protect
|move|p2a: Ditto|Origin Pulse|p1a: Grimmsnarl|[spread] p1a
|-activate|p1b: Kyogre|move: Protect
|-damage|p1a: Grimmsnarl|41/100
|move|p1a: Grimmsnarl|Spirit Break|p2b: Kyogre
|-damage|p2b: Kyogre|49/100
|-unboost|p2b: Kyogre|spa|1
|
|-weather|RainDance|[upkeep]
|-heal|p1b: Kyogre|73/100 par|[from] item: Leftovers
|upkeep
|turn|5
|
|t:|1750834300
|switch|p1a: Rillaboom|Rillaboom, L50, F|100/100
|-fieldstart|move: Grassy Terrain|[from] ability: Grassy Surge|[of] p1a: Rillaboom
|move|p2b: Kyogre|Thunder|p1b: Kyogre
|-supereffective|p1b: Kyogre
|-damage|p1b: Kyogre|60/100 par
|move|p2a: Ditto|Origin Pulse|p1a: Rillaboom|[spread] p1a,p1b
|-resisted|p1a: Rillaboom
|-resisted|p1b: Kyogre
|-damage|p1a: Rillaboom|86/100
|-damage|p1b: Kyogre|52/100 par
|move|p1b: Kyogre|Origin Pulse|p2b: Kyogre|[spread] p2a,p2b
|-resisted|p2a: Ditto
|-resisted|p2b: Kyogre
|-damage|p2a: Ditto|27/100
|-damage|p2b: Kyogre|17/100
|
|-weather|none
|-heal|p2b: Kyogre|23/100|[from] Grassy Terrain
|-heal|p2a: Ditto|33/100|[from] Grassy Terrain
|-heal|p1a: Rillaboom|92/100|[from] Grassy Terrain
|-heal|p1b: Kyogre|58/100 par|[from] Grassy Terrain
|-heal|p1b: Kyogre|64/100 par|[from] item: Leftovers
|upkeep
|turn|6
|inactive|Kukino has 30 seconds left.
|inactive|xdt707 has 30 seconds left.
|
|t:|1750834326
|switch|p2b: Grimmsnarl|Grimmsnarl, L50, M, shiny|100/100
|move|p2a: Ditto|Ice Beam|p1a: Rillaboom
|-supereffective|p1a: Rillaboom
|-damage|p1a: Rillaboom|63/100
|move|p1a: Rillaboom|Wood Hammer|p2a: Ditto
|-supereffective|p2a: Ditto
|-damage|p2a: Ditto|0 fnt
|faint|p2a: Ditto
|-damage|p1a: Rillaboom|55/100|[from] Recoil
|move|p1b: Kyogre|Ice Beam|p2b: Grimmsnarl
|-damage|p2b: Grimmsnarl|59/100
|
|-heal|p1a: Rillaboom|61/100|[from] Grassy Terrain
|-heal|p2b: Grimmsnarl|65/100|[from] Grassy Terrain
|-heal|p1b: Kyogre|70/100 par|[from] Grassy Terrain
|-heal|p1b: Kyogre|76/100 par|[from] item: Leftovers
|upkeep
|
|t:|1750834335
|switch|p2a: Calyrex|Calyrex-Ice, L50|100/100
|-ability|p2a: Calyrex|As One
|-ability|p2a: Calyrex|Unnerve
|turn|7
|
|t:|1750834358
|move|p2b: Grimmsnarl|Fake Out|p1b: Kyogre
|-damage|p1b: Kyogre|67/100 par
|move|p1a: Rillaboom|Knock Off|p2a: Calyrex
|-supereffective|p2a: Calyrex
|-crit|p2a: Calyrex
|-damage|p2a: Calyrex|46/100
|-enditem|p2a: Calyrex|Choice Band|[from] move: Knock Off|[of] p1a: Rillaboom
|move|p2a: Calyrex|Glacial Lance|p1a: Rillaboom|[spread] p1a,p1b
|-supereffective|p1a: Rillaboom
|-resisted|p1b: Kyogre
|-damage|p1a: Rillaboom|0 fnt
|-damage|p1b: Kyogre|46/100 par
|faint|p1a: Rillaboom
|-ability|p2a: Calyrex|Chilling Neigh|boost
|-boost|p2a: Calyrex|atk|1
|cant|p1b: Kyogre|flinch
|
|-heal|p2b: Grimmsnarl|71/100|[from] Grassy Terrain
|-heal|p2a: Calyrex|52/100|[from] Grassy Terrain
|-heal|p1b: Kyogre|52/100 par|[from] Grassy Terrain
|-heal|p1b: Kyogre|58/100 par|[from] item: Leftovers
|upkeep
|
|t:|1750834380
|switch|p1a: Grimmsnarl|Grimmsnarl, L50, M|41/100
|turn|8
|
|t:|1750834397
|move|p2b: Grimmsnarl|Parting Shot|p1b: Kyogre
|-unboost|p1b: Kyogre|atk|1
|-unboost|p1b: Kyogre|spa|1
|
|t:|1750834401
|switch|p2b: Kyogre|Kyogre, L50|23/100|[from] Parting Shot
|-weather|RainDance|[from] ability: Drizzle|[of] p2b: Kyogre
|move|p1a: Grimmsnarl|Foul Play|p2a: Calyrex
|-supereffective|p2a: Calyrex
|-damage|p2a: Calyrex|0 fnt
|faint|p2a: Calyrex
|cant|p1b: Kyogre|par
|
|-weather|RainDance|[upkeep]
|-heal|p2b: Kyogre|29/100|[from] Grassy Terrain
|-heal|p1a: Grimmsnarl|47/100|[from] Grassy Terrain
|-heal|p1b: Kyogre|64/100 par|[from] Grassy Terrain
|-heal|p1b: Kyogre|70/100 par|[from] item: Leftovers
|upkeep
|
|t:|1750834408
|switch|p2a: Grimmsnarl|Grimmsnarl, L50, M, shiny|71/100
|turn|9
|inactive|xdt707 has 30 seconds left.
|inactive|xdt707 has 20 seconds left.
|
|t:|1750834448
|move|p2a: Grimmsnarl|Fake Out|p1a: Grimmsnarl
|-crit|p1a: Grimmsnarl
|-damage|p1a: Grimmsnarl|32/100
|move|p2b: Kyogre|Thunder|p1a: Grimmsnarl
|-damage|p1a: Grimmsnarl|0 fnt
|faint|p1a: Grimmsnarl
|move|p1b: Kyogre|Calm Mind|p1b: Kyogre
|-boost|p1b: Kyogre|spa|1
|-boost|p1b: Kyogre|spd|1
|
|-weather|RainDance|[upkeep]
|-heal|p2b: Kyogre|35/100|[from] Grassy Terrain
|-heal|p2a: Grimmsnarl|77/100|[from] Grassy Terrain
|-heal|p1b: Kyogre|76/100 par|[from] Grassy Terrain
|-heal|p1b: Kyogre|82/100 par|[from] item: Leftovers
|-fieldend|move: Grassy Terrain
|upkeep
|
|t:|1750834462
|switch|p1a: Gholdengo|Gholdengo, L50|100/100
|turn|10
|
|t:|1750834479
|-terastallize|p1b: Kyogre|Grass
|move|p2a: Grimmsnarl|Light Screen|p2a: Grimmsnarl
|-sidestart|p2: xdt707|move: Light Screen
|move|p2b: Kyogre|Thunder|p1a: Gholdengo
|-damage|p1a: Gholdengo|73/100
|move|p1a: Gholdengo|Make It Rain|p2b: Kyogre|[spread] p2a,p2b
|-supereffective|p2a: Grimmsnarl
|-resisted|p2b: Kyogre
|-damage|p2a: Grimmsnarl|19/100
|-damage|p2b: Kyogre|25/100
|-unboost|p1a: Gholdengo|spa|1
|move|p1b: Kyogre|Origin Pulse|p2a: Grimmsnarl|[spread] p2a,p2b
|-resisted|p2b: Kyogre
|-damage|p2a: Grimmsnarl|0 fnt
|-damage|p2b: Kyogre|5/100
|faint|p2a: Grimmsnarl
|
|-weather|RainDance|[upkeep]
|-heal|p1b: Kyogre|88/100 par|[from] item: Leftovers
|-sideend|p1: Kukino|move: Light Screen
|upkeep
|turn|11
|-message|xdt707 forfeited.
|
|win|Kukino
|raw|Kukino's rating: 1315 &rarr; <strong>1341</strong><br />(+26 for winning)
|raw|xdt707's rating: 1416 &rarr; <strong>1390</strong><br />(-26 for losing)
|l|☆xdt707
|player|p2|
|c|☆Kukino|Gg
|l|☆Kukino
|player|p1|
