|j|☆sturbyy
|j|☆ShadowShun
|t:|1750797656
|gametype|doubles
|player|p1|sturbyy|265|1462
|player|p2|ShadowShun|maylene|1394
|teamsize|p1|6
|teamsize|p2|6
|gen|9
|tier|[Gen 9] VGC 2025 Reg I
|rated|
|rule|Species Clause: Limit one of each Pokémon
|rule|Item Clause: Limit 1 of each item
|clearpoke
|poke|p1|Miraidon, L50|
|poke|p1|Calyrex-Ice, L50|
|poke|p1|Incineroar, L50, F|
|poke|p1|Landorus, L50, M|
|poke|p1|Urshifu-*, L50, M|
|poke|p1|Farigiraf, L50, F|
|poke|p2|Kyogre, L50|
|poke|p2|Zamazenta-*, L50|
|poke|p2|Tornadus, L50, M|
|poke|p2|Ogerpon-Wellspring, L50, F|
|poke|p2|Beartic, L50, M|
|poke|p2|Urshifu-*, L50, F|
|teampreview|4
ShadowShun has agreed to open team sheets.
|inactive|Battle timer is ON: inactive players will automatically lose when time's up. (requested by ShadowShun)
sturbyy has agreed to open team sheets.
|showteam|p1|Miraidon||ChoiceSpecs|HadronEngine|ElectroDrift,DazzlingGleam,VoltSwitch,DracoMeteor||||||50|,,,,,Fairy]Calyrex-Ice||Leftovers|AsOneGlastrier|GlacialLance,LeechSeed,TrickRoom,Protect||||||50|,,,,,Water]Incineroar||AssaultVest|Intimidate|FlareBlitz,KnockOff,Uturn,FakeOut|||F|||50|,,,,,Bug]Landorus||LifeOrb|SheerForce|SandsearStorm,EarthPower,SludgeBomb,Protect|||M|||50|,,,,,Poison]Urshifu-Rapid-Strike||ChoiceScarf|UnseenFist|SurgingStrikes,CloseCombat,Coaching,Uturn|||M|||50|,,,,,Water]Farigiraf||ElectricSeed|ArmorTail|Psychic,TrickRoom,HelpingHand,FoulPlay|||F|||50|,,,,,Ground
|showteam|p2|Kyogre||MysticWater|Drizzle|WaterSpout,OriginPulse,Thunder,Protect||||||50|,,,,,Water]Zamazenta-Crowned||RustedShield|DauntlessShield|WideGuard,behemothbash,BodyPress,Protect||||||50|,,,,,Grass]Tornadus||CovertCloak|Prankster|BleakwindStorm,RainDance,Tailwind,Taunt|||M|||50|,,,,,Dark]Ogerpon-Wellspring||WellspringMask|WaterAbsorb|FollowMe,SpikyShield,HornLeech,IvyCudgel|||F|||50|,,,,,Water]Beartic||LoadedDice|SwiftSwim|IcicleSpear,CloseCombat,Trailblaze,Protect|||M|||50|,,,,,Fighting]Urshifu||ChoiceScarf|UnseenFist|WickedBlow,CloseCombat,Coaching,Uturn|||F|||50|,,,,,Bug
|inactive|sturbyy has 60 seconds left.
|inactive|ShadowShun has 60 seconds left.
|
|t:|1750797719
|start
|switch|p1a: Miraidon|Miraidon, L50|100/100
|switch|p1b: Urshifu|Urshifu-Rapid-Strike, L50, M|100/100
|switch|p2a: Zamazenta|Zamazenta-Crowned, L50|100/100
|switch|p2b: Tornadus|Tornadus, L50, M|100/100
|-fieldstart|move: Electric Terrain|[from] ability: Hadron Engine|[of] p1a: Miraidon
|-ability|p2a: Zamazenta|Dauntless Shield|boost
|-boost|p2a: Zamazenta|def|1
|turn|1
|
|t:|1750797742
|-terastallize|p2a: Zamazenta|Grass
|move|p2b: Tornadus|Tailwind|p2b: Tornadus
|-sidestart|p2: ShadowShun|move: Tailwind
|move|p2a: Zamazenta|Body Press|p1b: Urshifu
|-damage|p1b: Urshifu|29/100
|move|p1b: Urshifu|U-turn|p2a: Zamazenta
|-supereffective|p2a: Zamazenta
|-damage|p2a: Zamazenta|79/100
|
|t:|1750797757
|switch|p1b: Calyrex|Calyrex-Ice, L50|100/100|[from] U-turn
|-ability|p1b: Calyrex|As One
|-ability|p1b: Calyrex|Unnerve
|move|p1a: Miraidon|Volt Switch|p2b: Tornadus
|-supereffective|p2b: Tornadus
|-damage|p2b: Tornadus|0 fnt
|faint|p2b: Tornadus
|
|t:|1750797771
|switch|p1a: Incineroar|Incineroar, L50, F|100/100|[from] Volt Switch
|-ability|p1a: Incineroar|Intimidate|boost
|-unboost|p2a: Zamazenta|atk|1
|
|upkeep
|
|t:|1750797789
|switch|p2b: Kyogre|Kyogre, L50|100/100
|-weather|RainDance|[from] ability: Drizzle|[of] p2b: Kyogre
|turn|2
|
|t:|1750797806
|-terastallize|p1b: Calyrex|Water
|move|p2a: Zamazenta|Wide Guard|p2a: Zamazenta
|-singleturn|p2a: Zamazenta|Wide Guard
|move|p1a: Incineroar|Fake Out|p2b: Kyogre
|-damage|p2b: Kyogre|87/100
|cant|p2b: Kyogre|flinch
|move|p1b: Calyrex|Trick Room|p1b: Calyrex
|-fieldstart|move: Trick Room|[of] p1b: Calyrex
|
|-weather|RainDance|[upkeep]
|upkeep
|turn|3
|
|t:|1750797824
|move|p2a: Zamazenta|Wide Guard|p2a: Zamazenta
|-singleturn|p2a: Zamazenta|Wide Guard
|move|p1b: Calyrex|Leech Seed|p2b: Kyogre
|-start|p2b: Kyogre|move: Leech Seed
|move|p1a: Incineroar|U-turn|p2a: Zamazenta
|-supereffective|p2a: Zamazenta
|-damage|p2a: Zamazenta|60/100
|
|t:|1750797834
|switch|p1a: Urshifu|Urshifu-Rapid-Strike, L50, M|29/100|[from] U-turn
|move|p2b: Kyogre|Origin Pulse|p1b: Calyrex|[spread] p1a,p1b
|-resisted|p1a: Urshifu
|-resisted|p1b: Calyrex
|-damage|p1a: Urshifu|0 fnt
|-damage|p1b: Calyrex|76/100
|faint|p1a: Urshifu
|
|-weather|RainDance|[upkeep]
|-heal|p1b: Calyrex|82/100|[from] item: Leftovers
|-damage|p2b: Kyogre|75/100|[from] Leech Seed|[of] p1b: Calyrex
|-heal|p1b: Calyrex|92/100|[silent]
|upkeep
|
|t:|1750797838
|switch|p1a: Miraidon|Miraidon, L50|100/100
|-activate|p1a: Miraidon|ability: Hadron Engine
|turn|4
|
|t:|1750797855
|switch|p2b: Beartic|Beartic, L50, M|100/100
|move|p1b: Calyrex|Leech Seed|p2a: Zamazenta
|-immune|p2a: Zamazenta
|move|p1a: Miraidon|Draco Meteor|p2a: Zamazenta
|-damage|p2a: Zamazenta|0 fnt
|-unboost|p1a: Miraidon|spa|2
|faint|p2a: Zamazenta
|
|-weather|RainDance|[upkeep]
|-heal|p1b: Calyrex|98/100|[from] item: Leftovers
|-sideend|p2: ShadowShun|move: Tailwind
|upkeep
|
|t:|1750797864
|switch|p2a: Kyogre|Kyogre, L50|75/100
|turn|5
|inactive|sturbyy has 30 seconds left.
|inactive|sturbyy has 20 seconds left.
|
|t:|1750797900
|switch|p1a: Incineroar|Incineroar, L50, F|100/100
|-ability|p1a: Incineroar|Intimidate|boost
|-unboost|p2a: Kyogre|atk|1
|-unboost|p2b: Beartic|atk|1
|move|p1b: Calyrex|Leech Seed|p2a: Kyogre
|-start|p2a: Kyogre|move: Leech Seed
|move|p2a: Kyogre|Origin Pulse|p1a: Incineroar|[spread] p1a,p1b
|-supereffective|p1a: Incineroar
|-resisted|p1b: Calyrex
|-damage|p1a: Incineroar|0 fnt
|-damage|p1b: Calyrex|73/100
|faint|p1a: Incineroar
|move|p2b: Beartic|Trailblaze|p1b: Calyrex
|-supereffective|p1b: Calyrex
|-damage|p1b: Calyrex|56/100
|-boost|p2b: Beartic|spe|1
|
|-weather|RainDance|[upkeep]
|-heal|p1b: Calyrex|62/100|[from] item: Leftovers
|-damage|p2a: Kyogre|63/100|[from] Leech Seed|[of] p1b: Calyrex
|-heal|p1b: Calyrex|72/100|[silent]
|-fieldend|move: Electric Terrain
|upkeep
|
|t:|1750797917
|switch|p1a: Miraidon|Miraidon, L50|100/100
|-fieldstart|move: Electric Terrain|[from] ability: Hadron Engine|[of] p1a: Miraidon
|turn|6
|
|t:|1750797936
|move|p2a: Kyogre|Protect|p2a: Kyogre
|-singleturn|p2a: Kyogre|Protect
|move|p2b: Beartic|Protect|p2b: Beartic
|-singleturn|p2b: Beartic|Protect
|move|p1b: Calyrex|Leech Seed|p2b: Beartic
|-activate|p2b: Beartic|move: Protect
|move|p1a: Miraidon|Electro Drift|p2a: Kyogre
|-activate|p2a: Kyogre|move: Protect
|
|-weather|none
|-heal|p1b: Calyrex|78/100|[from] item: Leftovers
|-damage|p2a: Kyogre|51/100|[from] Leech Seed|[of] p1b: Calyrex
|-heal|p1b: Calyrex|88/100|[silent]
|-fieldend|move: Trick Room
|upkeep
|turn|7
|
|t:|1750797945
|move|p1a: Miraidon|Electro Drift|p2a: Kyogre
|-supereffective|p2a: Kyogre
|-damage|p2a: Kyogre|0 fnt
|faint|p2a: Kyogre
|move|p2b: Beartic|Icicle Spear|p1a: Miraidon
|-supereffective|p1a: Miraidon
|-damage|p1a: Miraidon|81/100
|-supereffective|p1a: Miraidon
|-damage|p1a: Miraidon|65/100
|-supereffective|p1a: Miraidon
|-damage|p1a: Miraidon|45/100
|-supereffective|p1a: Miraidon
|-damage|p1a: Miraidon|26/100
|-hitcount|p1a: Miraidon|4
|move|p1b: Calyrex|Leech Seed|p2b: Beartic
|-start|p2b: Beartic|move: Leech Seed
|
|-heal|p1b: Calyrex|94/100|[from] item: Leftovers
|-damage|p2b: Beartic|88/100|[from] Leech Seed|[of] p1b: Calyrex
|-heal|p1b: Calyrex|100/100|[silent]
|upkeep
|turn|8
|-message|ShadowShun forfeited.
|
|win|sturbyy
|raw|sturbyy's rating: 1462 &rarr; <strong>1478</strong><br />(+16 for winning)
|raw|ShadowShun's rating: 1394 &rarr; <strong>1378</strong><br />(-16 for losing)
|l|☆ShadowShun
|player|p2|
|l|☆sturbyy
|player|p1|
