|j|☆fntzz
|j|☆braynded
|t:|1750858477
|gametype|doubles
|player|p1|fntzz|clown|1105
|player|p2|braynded|266|1081
|teamsize|p1|6
|teamsize|p2|6
|gen|9
|tier|[Gen 9] VGC 2025 Reg I
|rated|
|rule|Species Clause: Limit one of each Pokémon
|rule|Item Clause: Limit 1 of each item
|clearpoke
|poke|p1|Koraidon, L50|
|poke|p1|Zamazenta-*, L50|
|poke|p1|Chi-Yu, L50|
|poke|p1|Whimsicott, L50, F|
|poke|p1|Raging Bolt, L50|
|poke|p1|Weezing-Galar, L50, M|
|poke|p2|Kyogre, L50|
|poke|p2|Zamazenta-*, L50|
|poke|p2|Urshifu-*, L50, F|
|poke|p2|Incineroar, L50, F|
|poke|p2|Tornadus, L50, M|
|poke|p2|Rillaboom, L50, F|
|teampreview|4
|
|t:|1750858539
|start
|switch|p1a: Koraidon|Koraidon, L50|100/100
|switch|p1b: Weezing|Weezing-Galar, L50, M|100/100
|switch|p2a: Incineroar|Incineroar, L50, F, shiny|100/100
|switch|p2b: Tornadus|Tornadus, L50, M|100/100
|-ability|p1b: Weezing|Neutralizing Gas
|-block|p1a: Koraidon|item: Ability Shield
|-weather|SunnyDay|[from] ability: Orichalcum Pulse|[of] p1a: Koraidon
|-activate|p1a: Koraidon|Orichalcum Pulse|[source]
|turn|1
|
|t:|1750858567
|move|p1a: Koraidon|Protect|p1a: Koraidon
|-singleturn|p1a: Koraidon|Protect
|move|p2a: Incineroar|Fake Out|p1a: Koraidon
|-activate|p1a: Koraidon|move: Protect
|move|p2b: Tornadus|Tailwind|p2b: Tornadus
|-sidestart|p2: braynded|move: Tailwind
|move|p1b: Weezing|Taunt|p2b: Tornadus
|-start|p2b: Tornadus|move: Taunt
|
|-weather|SunnyDay|[upkeep]
|upkeep
|turn|2
|
|t:|1750858587
|move|p2b: Tornadus|Bleakwind Storm|p1b: Weezing|[spread] p1a,p1b
|-supereffective|p1a: Koraidon
|-damage|p1a: Koraidon|43/100
|-damage|p1b: Weezing|69/100
|move|p1a: Koraidon|Collision Course|p2b: Tornadus
|-resisted|p2b: Tornadus
|-damage|p2b: Tornadus|60/100
|move|p2a: Incineroar|Parting Shot|p1a: Koraidon
|-unboost|p1a: Koraidon|atk|1
|-unboost|p1a: Koraidon|spa|1
|
|t:|1750858601
|switch|p2a: Kyogre|Kyogre, L50|100/100|[from] Parting Shot
|move|p1b: Weezing|Dazzling Gleam|p2a: Kyogre|[spread] p2a,p2b
|-damage|p2a: Kyogre|88/100
|-damage|p2b: Tornadus|39/100
|
|-weather|SunnyDay|[upkeep]
|upkeep
|turn|3
|
|t:|1750858628
|switch|p2b: Incineroar|Incineroar, L50, F, shiny|100/100
|switch|p1a: Zamazenta|Zamazenta-Crowned, L50|100/100
|move|p1b: Weezing|Protect|p1b: Weezing
|-singleturn|p1b: Weezing|Protect
|move|p2a: Kyogre|Ice Beam|p1a: Zamazenta
|-resisted|p1a: Zamazenta
|-damage|p1a: Zamazenta|87/100
|
|-weather|SunnyDay|[upkeep]
|upkeep
|turn|4
|
|t:|1750858661
|switch|p2a: Zamazenta|Zamazenta-Crowned, L50|100/100
|move|p2b: Incineroar|Fake Out|p1a: Zamazenta
|-resisted|p1a: Zamazenta
|-damage|p1a: Zamazenta|84/100
|cant|p1a: Zamazenta|flinch
|move|p1b: Weezing|Taunt|p2b: Incineroar
|-start|p2b: Incineroar|move: Taunt
|
|-weather|SunnyDay|[upkeep]
|-sideend|p2: braynded|move: Tailwind
|upkeep
|turn|5
|
|t:|1750858689
|-terastallize|p1a: Zamazenta|Dragon
|move|p2a: Zamazenta|Behemoth Bash|p1b: Weezing
|-supereffective|p1b: Weezing
|-damage|p1b: Weezing|3/100
|move|p1a: Zamazenta|Body Press|p2a: Zamazenta
|-supereffective|p2a: Zamazenta
|-damage|p2a: Zamazenta|44/100
|move|p1b: Weezing|Poison Gas|p2b: Incineroar|[spread] 
|-miss|p1b: Weezing|p2b: Incineroar
|-immune|p2a: Zamazenta
|move|p2b: Incineroar|Flare Blitz|p1a: Zamazenta
|-resisted|p1a: Zamazenta
|-damage|p1a: Zamazenta|66/100
|-damage|p2b: Incineroar|95/100|[from] Recoil
|
|-weather|none
|upkeep
|turn|6
|
|t:|1750858716
|move|p1b: Weezing|Protect|p1b: Weezing
|-singleturn|p1b: Weezing|Protect
|move|p2a: Zamazenta|Body Press|p1a: Zamazenta
|-crit|p1a: Zamazenta
|-damage|p1a: Zamazenta|27/100
|move|p1a: Zamazenta|Body Press|p2b: Incineroar
|-supereffective|p2b: Incineroar
|-damage|p2b: Incineroar|17/100
|move|p2b: Incineroar|Knock Off|p1b: Weezing
|-activate|p1b: Weezing|move: Protect
|
|upkeep
|turn|7
|
|t:|1750858760
|-end|p1b: Weezing|ability: Neutralizing Gas
|-ability|p2a: Zamazenta|Dauntless Shield|boost
|-boost|p2a: Zamazenta|def|1
|-ability|p1a: Zamazenta|Dauntless Shield|boost
|-boost|p1a: Zamazenta|def|1
|-ability|p2b: Incineroar|Intimidate|boost
|-unboost|p1a: Zamazenta|atk|1
|-unboost|p1b: Weezing|atk|1
|switch|p1b: Raging Bolt|Raging Bolt, L50|100/100
|move|p1a: Zamazenta|Protect|p1a: Zamazenta
|-singleturn|p1a: Zamazenta|Protect
|move|p2a: Zamazenta|Body Press|p1a: Zamazenta
|-activate|p1a: Zamazenta|move: Protect
|move|p2b: Incineroar|Knock Off|p1b: Raging Bolt
|-damage|p1b: Raging Bolt|72/100
|-enditem|p1b: Raging Bolt|Assault Vest|[from] move: Knock Off|[of] p2b: Incineroar
|
|-end|p2b: Incineroar|move: Taunt
|upkeep
|turn|8
|
|t:|1750858797
|move|p1b: Raging Bolt|Thunderclap|p2a: Zamazenta
|-damage|p2a: Zamazenta|17/100
|move|p2a: Zamazenta|Body Press|p1a: Zamazenta
|-damage|p1a: Zamazenta|3/100
|move|p1a: Zamazenta|Body Press|p2a: Zamazenta
|-supereffective|p2a: Zamazenta
|-damage|p2a: Zamazenta|0 fnt
|faint|p2a: Zamazenta
|move|p2b: Incineroar|Parting Shot|p1b: Raging Bolt
|-unboost|p1b: Raging Bolt|atk|1
|-unboost|p1b: Raging Bolt|spa|1
|
|t:|1750858814
|switch|p2b: Tornadus|Tornadus, L50, M|39/100|[from] Parting Shot
|
|upkeep
|
|t:|1750858820
|switch|p2a: Incineroar|Incineroar, L50, F, shiny|17/100
|-ability|p2a: Incineroar|Intimidate|boost
|-unboost|p1a: Zamazenta|atk|1
|-unboost|p1b: Raging Bolt|atk|1
|turn|9
|
|t:|1750858836
|move|p1a: Zamazenta|Wide Guard|p1a: Zamazenta
|-singleturn|p1a: Zamazenta|Wide Guard
|move|p2a: Incineroar|Fake Out|p1b: Raging Bolt
|-damage|p1b: Raging Bolt|63/100
|move|p2b: Tornadus|Tailwind|p2b: Tornadus
|-sidestart|p2: braynded|move: Tailwind
|cant|p1b: Raging Bolt|flinch
|
|upkeep
|turn|10
|
|t:|1750858867
|move|p1a: Zamazenta|Protect||[still]
|-fail|p1a: Zamazenta
|move|p2b: Tornadus|Taunt|p1b: Raging Bolt
|-start|p1b: Raging Bolt|move: Taunt
|move|p1b: Raging Bolt|Thunderclap||[still]
|-fail|p1b: Raging Bolt
|move|p2a: Incineroar|Flare Blitz|p1a: Zamazenta
|-resisted|p1a: Zamazenta
|-damage|p1a: Zamazenta|0 fnt
|faint|p1a: Zamazenta
|-damage|p2a: Incineroar|16/100|[from] Recoil
|
|upkeep
|
|t:|1750858881
|switch|p1a: Koraidon|Koraidon, L50|43/100
|-weather|SunnyDay|[from] ability: Orichalcum Pulse|[of] p1a: Koraidon
|-activate|p1b: Raging Bolt|ability: Protosynthesis
|-start|p1b: Raging Bolt|protosynthesisspd
|-activate|p1a: Koraidon|Orichalcum Pulse|[source]
|turn|11
|
|t:|1750858900
|move|p2b: Tornadus|Rain Dance|p2b: Tornadus
|-weather|RainDance
|-end|p1b: Raging Bolt|Protosynthesis
|move|p1a: Koraidon|Flame Charge|p2a: Incineroar
|-resisted|p2a: Incineroar
|-damage|p2a: Incineroar|13/100
|-boost|p1a: Koraidon|spe|1
|move|p2a: Incineroar|Knock Off|p1a: Koraidon
|-resisted|p1a: Koraidon
|-damage|p1a: Koraidon|26/100
|-enditem|p1a: Koraidon|Ability Shield|[from] move: Knock Off|[of] p2a: Incineroar
|move|p1b: Raging Bolt|Thunderbolt|p2b: Tornadus
|-supereffective|p2b: Tornadus
|-damage|p2b: Tornadus|0 fnt
|faint|p2b: Tornadus
|
|-weather|RainDance|[upkeep]
|upkeep
|
|t:|1750858917
|switch|p2b: Kyogre|Kyogre, L50|88/100
|turn|12
|
|t:|1750858936
|-terastallize|p2b: Kyogre|Electric
|move|p1a: Koraidon|Protect|p1a: Koraidon
|-singleturn|p1a: Koraidon|Protect
|move|p2b: Kyogre|Water Spout|p1b: Raging Bolt|[spread] p1b
|-activate|p1a: Koraidon|move: Protect
|-resisted|p1b: Raging Bolt
|-damage|p1b: Raging Bolt|27/100
|move|p2a: Incineroar|Parting Shot|p1a: Koraidon
|-activate|p1a: Koraidon|move: Protect
|move|p1b: Raging Bolt|Thunderbolt|p2b: Kyogre
|-resisted|p2b: Kyogre
|-damage|p2b: Kyogre|80/100
|
|-weather|RainDance|[upkeep]
|-end|p1b: Raging Bolt|move: Taunt
|-sideend|p2: braynded|move: Tailwind
|upkeep
|turn|13
|
|t:|1750858982
|move|p1a: Koraidon|Collision Course|p2b: Kyogre
|-damage|p2b: Kyogre|35/100
|move|p2b: Kyogre|Water Spout|p1b: Raging Bolt|[spread] p1a,p1b
|-resisted|p1a: Koraidon
|-resisted|p1b: Raging Bolt
|-damage|p1a: Koraidon|3/100
|-damage|p1b: Raging Bolt|13/100
|move|p1b: Raging Bolt|Draco Meteor|p2b: Kyogre
|-damage|p2b: Kyogre|10/100
|-unboost|p1b: Raging Bolt|spa|2
|move|p2a: Incineroar|Knock Off|p1b: Raging Bolt
|-damage|p1b: Raging Bolt|0 fnt
|faint|p1b: Raging Bolt
|-end|p1b: Raging Bolt|Protosynthesis|[silent]
|
|-weather|RainDance|[upkeep]
|upkeep
|
|t:|1750858996
|switch|p1b: Weezing|Weezing-Galar, L50, M|3/100
|-ability|p1b: Weezing|Neutralizing Gas
|turn|14
|
|t:|1750859023
|move|p2b: Kyogre|Protect|p2b: Kyogre
|-singleturn|p2b: Kyogre|Protect
|move|p1a: Koraidon|Collision Course|p2b: Kyogre
|-activate|p2b: Kyogre|move: Protect
|move|p1b: Weezing|Dazzling Gleam|p2a: Incineroar|[spread] p2a
|-activate|p2b: Kyogre|move: Protect
|-damage|p2a: Incineroar|0 fnt
|faint|p2a: Incineroar
|
|-weather|RainDance|[upkeep]
|upkeep
|turn|15
|
|t:|1750859043
|move|p1a: Koraidon|Protect|p1a: Koraidon
|-singleturn|p1a: Koraidon|Protect
|move|p2b: Kyogre|Water Spout|p1a: Koraidon|[spread] p1b
|-activate|p1a: Koraidon|move: Protect
|-damage|p1b: Weezing|0 fnt
|faint|p1b: Weezing
|-end|p1b: Weezing|ability: Neutralizing Gas
|-weather|SunnyDay|[from] ability: Orichalcum Pulse|[of] p1a: Koraidon
|-activate|p1a: Koraidon|Orichalcum Pulse|[source]
|-weather|RainDance|[from] ability: Drizzle|[of] p2b: Kyogre
|
|-weather|RainDance|[upkeep]
|upkeep
|turn|16
|
|t:|1750859069
|move|p2b: Kyogre|Protect|p2b: Kyogre
|-singleturn|p2b: Kyogre|Protect
|move|p1a: Koraidon|Collision Course|p2b: Kyogre
|-activate|p2b: Kyogre|move: Protect
|
|-weather|RainDance|[upkeep]
|upkeep
|turn|17
|
|t:|1750859079
|move|p1a: Koraidon|Collision Course|p2b: Kyogre
|-damage|p2b: Kyogre|0 fnt
|faint|p2b: Kyogre
|
|win|fntzz
|raw|fntzz's rating: 1105 &rarr; <strong>1128</strong><br />(+23 for winning)
|raw|braynded's rating: 1081 &rarr; <strong>1060</strong><br />(-21 for losing)
|l|☆braynded
|player|p2|
