|j|☆TheShinyBayleef
|j|☆gonegeb
|t:|1750881882
|gametype|doubles
|player|p1|TheShinyBayleef|265|1126
|player|p2|gonegeb|alain|1106
|teamsize|p1|6
|teamsize|p2|6
|gen|9
|tier|[Gen 9] VGC 2025 Reg I
|rated|
|rule|Species Clause: Limit one of each Pokémon
|rule|Item Clause: Limit 1 of each item
|clearpoke
|poke|p1|Incineroar, L50, M|
|poke|p1|Urshifu-*, L50, M|
|poke|p1|Grimmsnarl, L50, M|
|poke|p1|Miraidon, L50|
|poke|p1|Landorus, L50, M|
|poke|p1|Ursaluna-Bloodmoon, L50, M|
|poke|p2|Lucario, L50, M|
|poke|p2|Umbreon, L50, M|
|poke|p2|Arcanine, L50, F|
|poke|p2|Ceruledge, L50, M|
|poke|p2|Zacian-*, L50|
|poke|p2|Lunala, L50|
|teampreview|4
|
|t:|1750881914
|start
|switch|p1a: Incineroar|Incineroar, L50, M, shiny|100/100
|switch|p1b: Urshifu|Urshifu-Rapid-Strike, L50, M|100/100
|switch|p2a: Lucario|Lucario, L50, M|100/100
|switch|p2b: Umbreon|Umbreon, L50, M, shiny|100/100
|-ability|p1a: Incineroar|Intimidate|boost
|-fail|p2a: Lucario|unboost|Attack|[from] ability: Inner Focus|[of] p2a: Lucario
|-fail|p2b: Umbreon|unboost|Attack|[from] ability: Inner Focus|[of] p2b: Umbreon
|turn|1
|
|t:|1750881945
|switch|p2b: Zacian|Zacian-Crowned, L50, shiny|100/100
|-ability|p2b: Zacian|Intrepid Sword|boost
|-boost|p2b: Zacian|atk|1
|move|p1b: Urshifu|Surging Strikes|p2a: Lucario
|-crit|p2a: Lucario
|-damage|p2a: Lucario|67/100
|-crit|p2a: Lucario
|-damage|p2a: Lucario|31/100
|-crit|p2a: Lucario
|-damage|p2a: Lucario|0 fnt
|faint|p2a: Lucario
|-hitcount|p2: Lucario|3
|move|p1a: Incineroar|Parting Shot|p2b: Zacian
|-unboost|p2b: Zacian|atk|1
|-unboost|p2b: Zacian|spa|1
|
|t:|1750881961
|switch|p1a: Miraidon|Miraidon, L50|100/100|[from] Parting Shot
|-fieldstart|move: Electric Terrain|[from] ability: Hadron Engine|[of] p1a: Miraidon
|
|upkeep
|
|t:|1750881965
|switch|p2a: Umbreon|Umbreon, L50, M, shiny|100/100
|turn|2
|
|t:|1750881981
|switch|p1a: Incineroar|Incineroar, L50, M, shiny|100/100
|-ability|p1a: Incineroar|Intimidate|boost
|-fail|p2a: Umbreon|unboost|Attack|[from] ability: Inner Focus|[of] p2a: Umbreon
|-unboost|p2b: Zacian|atk|1
|-terastallize|p1b: Urshifu|Water
|move|p2a: Umbreon|Helping Hand|p2b: Zacian
|-singleturn|p2b: Zacian|Helping Hand|[of] p2a: Umbreon
|move|p1b: Urshifu|Surging Strikes|p2b: Zacian
|-crit|p2b: Zacian
|-damage|p2b: Zacian|69/100
|-crit|p2b: Zacian
|-damage|p2b: Zacian|43/100
|-crit|p2b: Zacian
|-damage|p2b: Zacian|15/100
|-hitcount|p2b: Zacian|3
|move|p2b: Zacian|Play Rough|p1a: Incineroar
|-damage|p1a: Incineroar|63/100
|
|upkeep
|turn|3
|
|t:|1750882005
|move|p2b: Zacian|Protect|p2b: Zacian
|-singleturn|p2b: Zacian|Protect
|move|p1a: Incineroar|Fake Out|p2a: Umbreon
|-damage|p2a: Umbreon|93/100
|move|p1b: Urshifu|Surging Strikes|p2b: Zacian
|-crit|p2b: Zacian
|-damage|p2b: Zacian|0 fnt
|faint|p2b: Zacian
|-hitcount|p2: Zacian|1
|move|p2a: Umbreon|Foul Play|p1b: Urshifu
|-damage|p1b: Urshifu|44/100
|
|-heal|p2a: Umbreon|99/100|[from] item: Leftovers
|upkeep
|
|t:|1750882015
|switch|p2b: Lunala|Lunala, L50|100/100
|turn|4
|
|t:|1750882024
|move|p1b: Urshifu|Surging Strikes|p2b: Lunala
|-crit|p2b: Lunala
|-damage|p2b: Lunala|88/100
|-crit|p2b: Lunala
|-damage|p2b: Lunala|66/100
|-crit|p2b: Lunala
|-damage|p2b: Lunala|44/100
|-hitcount|p2b: Lunala|3
|move|p2b: Lunala|Meteor Beam||[still]
|-prepare|p2b: Lunala|Meteor Beam
|-boost|p2b: Lunala|spa|1
|-enditem|p2b: Lunala|Power Herb
|-anim|p2b: Lunala|Meteor Beam|p1a: Incineroar
|-supereffective|p1a: Incineroar
|-damage|p1a: Incineroar|0 fnt
|faint|p1a: Incineroar
|move|p2a: Umbreon|Foul Play|p1b: Urshifu
|-damage|p1b: Urshifu|0 fnt
|faint|p1b: Urshifu
|
|-heal|p2a: Umbreon|100/100|[from] item: Leftovers
|upkeep
|
|t:|1750882040
|switch|p1b: Ursaluna|Ursaluna-Bloodmoon, L50, M|100/100
|switch|p1a: Miraidon|Miraidon, L50|100/100
|-activate|p1a: Miraidon|ability: Hadron Engine
|turn|5
|
|t:|1750882059
|-terastallize|p2b: Lunala|Fairy
|move|p1b: Ursaluna|Protect|p1b: Ursaluna
|-singleturn|p1b: Ursaluna|Protect
|move|p1a: Miraidon|Dazzling Gleam|p2b: Lunala|[spread] p2a,p2b
|-supereffective|p2a: Umbreon
|-damage|p2a: Umbreon|45/100
|-damage|p2b: Lunala|15/100
|move|p2b: Lunala|Moonblast|p1a: Miraidon
|-supereffective|p1a: Miraidon
|-damage|p1a: Miraidon|0 fnt
|faint|p1a: Miraidon
|move|p2a: Umbreon|Snarl|p1b: Ursaluna
|-activate|p1b: Ursaluna|move: Protect
|
|-heal|p2a: Umbreon|51/100|[from] item: Leftovers
|-fieldend|move: Electric Terrain
|upkeep
|turn|6
|
|t:|1750882085
|move|p2b: Lunala|Moonblast|p1b: Ursaluna
|-damage|p1b: Ursaluna|5/100
|move|p2a: Umbreon|Snarl|p1b: Ursaluna
|-damage|p1b: Ursaluna|0 fnt
|faint|p1b: Ursaluna
|
|win|gonegeb
|raw|TheShinyBayleef's rating: 1126 &rarr; <strong>1100</strong><br />(-26 for losing)
|raw|gonegeb's rating: 1106 &rarr; <strong>1132</strong><br />(+26 for winning)
|l|☆TheShinyBayleef
|player|p1|
