|j|☆phatyoloswag
|j|☆MisterBasilikum
|t:|1750746206
|gametype|doubles
|player|p1|phatyoloswag|170|1228
|player|p2|MisterBasilikum|cynthia|1305
|teamsize|p1|6
|teamsize|p2|6
|gen|9
|tier|[Gen 9] VGC 2025 Reg I
|rated|
|rule|Species Clause: Limit one of each Pokémon
|rule|Item Clause: Limit 1 of each item
|clearpoke
|poke|p1|Volcarona, L50, F|
|poke|p1|Lunala, L50|
|poke|p1|Oranguru, L50, F|
|poke|p1|Miraidon, L50|
|poke|p1|Iron Treads, L50|
|poke|p1|Zapdos-Galar, L50|
|poke|p2|Amoonguss, L50, M|
|poke|p2|Zamazenta-*, L50|
|poke|p2|Kyogre, L50|
|poke|p2|Incineroar, L50, M|
|poke|p2|Rillaboom, L50, M|
|poke|p2|Landorus, L50, M|
|teampreview|4
|inactive|Battle timer is ON: inactive players will automatically lose when time's up. (requested by phatyoloswag)
|inactive|phatyoloswag has 60 seconds left.
|inactive|MisterBasilikum has 60 seconds left.
|inactive|phatyoloswag has 30 seconds left.
|
|t:|1750746267
|start
|switch|p1a: Zapdos|Zapdos-Galar, L50|100/100
|switch|p1b: Volcarona|Volcarona, L50, F|100/100
|switch|p2a: Kyogre|Kyogre, L50|100/100
|switch|p2b: Landorus|Landorus, L50, M|100/100
|-weather|RainDance|[from] ability: Drizzle|[of] p2a: Kyogre
|turn|1
|inactive|phatyoloswag has 30 seconds left.
|inactive|MisterBasilikum has 30 seconds left.
|
|t:|1750746300
|-terastallize|p1b: Volcarona|Grass
|move|p2b: Landorus|Sludge Bomb|p1a: Zapdos
|-damage|p1a: Zapdos|70/100
|move|p1b: Volcarona|Quiver Dance|p1b: Volcarona
|-boost|p1b: Volcarona|spa|1
|-boost|p1b: Volcarona|spd|1
|-boost|p1b: Volcarona|spe|1
|move|p1a: Zapdos|Thunderous Kick|p2a: Kyogre
|-damage|p2a: Kyogre|70/100
|-unboost|p2a: Kyogre|def|1
|move|p2a: Kyogre|Origin Pulse|p1b: Volcarona|[spread] p1a,p1b
|-resisted|p1b: Volcarona
|-damage|p1a: Zapdos|13/100
|-damage|p1b: Volcarona|79/100
|
|-weather|RainDance|[upkeep]
|-heal|p2a: Kyogre|76/100|[from] item: Leftovers
|upkeep
|turn|2
|inactive|phatyoloswag has 30 seconds left.
|inactive|MisterBasilikum has 30 seconds left.
|
|t:|1750746327
|switch|p2a: Zamazenta|Zamazenta-Crowned, L50|100/100
|-ability|p2a: Zamazenta|Dauntless Shield|boost
|-boost|p2a: Zamazenta|def|1
|move|p2b: Landorus|Sludge Bomb|p1b: Volcarona
|-supereffective|p1b: Volcarona
|-damage|p1b: Volcarona|28/100
|-enditem|p1b: Volcarona|Sitrus Berry|[eat]
|-heal|p1b: Volcarona|53/100|[from] item: Sitrus Berry
|move|p1b: Volcarona|Giga Drain|p2a: Zamazenta
|-resisted|p2a: Zamazenta
|-damage|p2a: Zamazenta|84/100
|-heal|p1b: Volcarona|62/100|[from] drain|[of] p2a: Zamazenta
|move|p1a: Zapdos|Tailwind|p1a: Zapdos
|-sidestart|p1: phatyoloswag|move: Tailwind
|
|-weather|RainDance|[upkeep]
|upkeep
|turn|3
|inactive|phatyoloswag has 30 seconds left.
|
|t:|1750746357
|move|p2a: Zamazenta|Protect|p2a: Zamazenta
|-singleturn|p2a: Zamazenta|Protect
|move|p1b: Volcarona|Fiery Dance|p2a: Zamazenta
|-activate|p2a: Zamazenta|move: Protect
|move|p1a: Zapdos|Thunderous Kick|p2a: Zamazenta
|-activate|p2a: Zamazenta|move: Protect
|move|p2b: Landorus|Sludge Bomb|p1b: Volcarona
|-supereffective|p1b: Volcarona
|-crit|p1b: Volcarona
|-damage|p1b: Volcarona|0 fnt
|faint|p1b: Volcarona
|
|-weather|RainDance|[upkeep]
|upkeep
|
|t:|1750746373
|switch|p1b: Lunala|Lunala, L50|100/100
|turn|4
|
|t:|1750746395
|move|p1a: Zapdos|Drill Peck|p2a: Zamazenta
|-damage|p2a: Zamazenta|71/100
|move|p1b: Lunala|Meteor Beam||[still]
|-prepare|p1b: Lunala|Meteor Beam
|-boost|p1b: Lunala|spa|1
|-enditem|p1b: Lunala|Power Herb
|-anim|p1b: Lunala|Meteor Beam|p2b: Landorus
|-damage|p2b: Landorus|34/100
|move|p2b: Landorus|Sludge Bomb|p1a: Zapdos
|-damage|p1a: Zapdos|0 fnt
|faint|p1a: Zapdos
|move|p2a: Zamazenta|Behemoth Bash|p1b: Lunala
|-damage|p1b: Lunala|84/100
|
|-weather|RainDance|[upkeep]
|upkeep
|
|t:|1750746411
|switch|p1a: Miraidon|Miraidon, L50|100/100
|-fieldstart|move: Electric Terrain|[from] ability: Hadron Engine|[of] p1a: Miraidon
|-enditem|p1a: Miraidon|Electric Seed
|-boost|p1a: Miraidon|def|1|[from] item: Electric Seed
|turn|5
|
|t:|1750746431
|switch|p2b: Rillaboom|Rillaboom, L50, M|100/100
|-fieldstart|move: Grassy Terrain|[from] ability: Grassy Surge|[of] p2b: Rillaboom
|move|p2a: Zamazenta|Protect|p2a: Zamazenta
|-singleturn|p2a: Zamazenta|Protect
|move|p1a: Miraidon|Dazzling Gleam|p2b: Rillaboom|[spread] p2b
|-activate|p2a: Zamazenta|move: Protect
|-damage|p2b: Rillaboom|89/100
|move|p1b: Lunala|Moongeist Beam|p2a: Zamazenta
|-activate|p2a: Zamazenta|move: Protect
|
|-weather|none
|-heal|p1b: Lunala|90/100|[from] Grassy Terrain
|-heal|p2a: Zamazenta|77/100|[from] Grassy Terrain
|-heal|p2b: Rillaboom|95/100|[from] Grassy Terrain
|-sideend|p1: phatyoloswag|move: Tailwind
|upkeep
|turn|6
|inactive|MisterBasilikum has 30 seconds left.
|inactive|MisterBasilikum has 20 seconds left.
|inactive|MisterBasilikum has 15 seconds left.
|
|t:|1750746474
|move|p1a: Miraidon|Calm Mind|p1a: Miraidon
|-boost|p1a: Miraidon|spa|1
|-boost|p1a: Miraidon|spd|1
|move|p2a: Zamazenta|Body Press|p1a: Miraidon
|-damage|p1a: Miraidon|65/100
|move|p1b: Lunala|Moongeist Beam|p2a: Zamazenta
|-damage|p2a: Zamazenta|29/100
|move|p2b: Rillaboom|Wood Hammer|p1b: Lunala
|-damage|p1b: Lunala|26/100
|-damage|p2b: Rillaboom|70/100|[from] Recoil
|
|-heal|p1a: Miraidon|71/100|[from] Grassy Terrain
|-heal|p2a: Zamazenta|35/100|[from] Grassy Terrain
|-heal|p1b: Lunala|33/100|[from] Grassy Terrain
|-heal|p2b: Rillaboom|76/100|[from] Grassy Terrain
|upkeep
|turn|7
|inactive|phatyoloswag has 30 seconds left.
|inactive|MisterBasilikum has 30 seconds left.
|inactive|phatyoloswag has 20 seconds left.
|inactive|MisterBasilikum has 20 seconds left.
|inactive|phatyoloswag has 15 seconds left.
|inactive|MisterBasilikum has 15 seconds left.
|inactive|phatyoloswag has 10 seconds left.
|inactive|MisterBasilikum has 10 seconds left.
|inactive|phatyoloswag has 5 seconds left.
|inactive|MisterBasilikum has 5 seconds left.
|
|t:|1750746529
|move|p2a: Zamazenta|Wide Guard|p2a: Zamazenta
|-singleturn|p2a: Zamazenta|Wide Guard
|move|p1a: Miraidon|Calm Mind|p1a: Miraidon
|-boost|p1a: Miraidon|spa|1
|-boost|p1a: Miraidon|spd|1
|move|p1b: Lunala|Calm Mind|p1b: Lunala
|-boost|p1b: Lunala|spa|1
|-boost|p1b: Lunala|spd|1
|move|p2b: Rillaboom|Wood Hammer|p1b: Lunala
|-damage|p1b: Lunala|0 fnt
|faint|p1b: Lunala
|-damage|p2b: Rillaboom|64/100|[from] Recoil
|
|-heal|p1a: Miraidon|77/100|[from] Grassy Terrain
|-heal|p2a: Zamazenta|42/100|[from] Grassy Terrain
|-heal|p2b: Rillaboom|69/100|[from] Grassy Terrain
|upkeep
|turn|8
|inactive|phatyoloswag has 30 seconds left.
|inactive|MisterBasilikum has 30 seconds left.
|inactive|phatyoloswag has 20 seconds left.
|inactive|phatyoloswag has 15 seconds left.
|inactive|phatyoloswag has 10 seconds left.
|inactive|phatyoloswag has 5 seconds left.
|
|t:|1750746584
|move|p2a: Zamazenta|Wide Guard|p2a: Zamazenta
|-singleturn|p2a: Zamazenta|Wide Guard
|move|p1a: Miraidon|Calm Mind|p1a: Miraidon
|-boost|p1a: Miraidon|spa|1
|-boost|p1a: Miraidon|spd|1
|move|p2b: Rillaboom|U-turn|p1a: Miraidon
|-damage|p1a: Miraidon|66/100
|
|t:|1750746595
|switch|p2b: Landorus|Landorus, L50, M|34/100|[from] U-turn
|
|-heal|p1a: Miraidon|72/100|[from] Grassy Terrain
|-heal|p2a: Zamazenta|48/100|[from] Grassy Terrain
|upkeep
|turn|9
|inactive|phatyoloswag has 30 seconds left.
|inactive|phatyoloswag has 20 seconds left.
|inactive|phatyoloswag has 15 seconds left.
|inactive|phatyoloswag has 10 seconds left.
|inactive|phatyoloswag has 5 seconds left.
|
|t:|1750746650
|-terastallize|p2b: Landorus|Ground
|move|p2b: Landorus|Earth Power|p1a: Miraidon
|-supereffective|p1a: Miraidon
|-damage|p1a: Miraidon|24/100
|move|p1a: Miraidon|Calm Mind|p1a: Miraidon
|-boost|p1a: Miraidon|spa|1
|-boost|p1a: Miraidon|spd|1
|move|p2a: Zamazenta|Body Press|p1a: Miraidon
|-damage|p1a: Miraidon|0 fnt
|faint|p1a: Miraidon
|
|win|MisterBasilikum
|raw|phatyoloswag's rating: 1228 &rarr; <strong>1208</strong><br />(-20 for losing)
|raw|MisterBasilikum's rating: 1305 &rarr; <strong>1321</strong><br />(+16 for winning)
|l|☆MisterBasilikum
|player|p2|
