|j|☆SherLP999
|j|☆Markiito18
|t:|1750870154
|gametype|doubles
|player|p1|SherLP999|scientist-gen4|1080
|player|p2|Markiito18|1|1161
|teamsize|p1|6
|teamsize|p2|6
|gen|9
|tier|[Gen 9] VGC 2025 Reg I
|rated|
|rule|Species Clause: Limit one of each Pokémon
|rule|Item Clause: Limit 1 of each item
|clearpoke
|poke|p1|Zamazenta-*, L50|
|poke|p1|Ambipom, L50, F|
|poke|p1|Amoonguss, L50, F|
|poke|p1|Calyrex-Shadow, L50|
|poke|p1|Annihilape, L50, F|
|poke|p1|Rotom-Wash, L50|
|poke|p2|Lunala, L50|
|poke|p2|Indeedee-F, L50, F|
|poke|p2|Zamazenta-*, L50|
|poke|p2|Garganacl, L50, M|
|poke|p2|Ursaluna-Bloodmoon, L50, M|
|poke|p2|Ting-Lu, L50|
|teampreview|4
|inactive|Battle timer is ON: inactive players will automatically lose when time's up. (requested by Markiito18)
|inactive|SherLP999 has 60 seconds left.
|inactive|Markiito18 has 60 seconds left.
|
|t:|1750870209
|start
|switch|p1a: Ambipom|Ambipom, L50, F|100/100
|switch|p1b: Amoonguss|Amoonguss, L50, F|100/100
|switch|p2a: Indeedee|Indeedee-F, L50, F, shiny|100/100
|switch|p2b: Lunala|Lunala, L50, shiny|100/100
|-fieldstart|move: Psychic Terrain|[from] ability: Psychic Surge|[of] p2a: Indeedee
|turn|1
|inactive|SherLP999 has 30 seconds left.
|inactive|Markiito18 has 30 seconds left.
|
|t:|1750870242
|move|p2a: Indeedee|Follow Me|p2a: Indeedee
|-singleturn|p2a: Indeedee|move: Follow Me
|move|p1a: Ambipom|Knock Off|p2a: Indeedee
|-supereffective|p2a: Indeedee
|-damage|p2a: Indeedee|50/100
|-damage|p1a: Ambipom|84/100|[from] item: Rocky Helmet|[of] p2a: Indeedee
|-enditem|p2a: Indeedee|Rocky Helmet|[from] move: Knock Off|[of] p1a: Ambipom
|move|p2b: Lunala|Expanding Force|p1b: Amoonguss|[spread] p1a,p1b
|-supereffective|p1b: Amoonguss
|-damage|p1a: Ambipom|0 fnt
|-damage|p1b: Amoonguss|14/100
|-enditem|p1b: Amoonguss|Sitrus Berry|[eat]
|-heal|p1b: Amoonguss|39/100|[from] item: Sitrus Berry
|faint|p1a: Ambipom
|move|p1b: Amoonguss|Sludge Bomb|p2a: Indeedee
|-damage|p2a: Indeedee|23/100
|-status|p2a: Indeedee|psn
|
|-damage|p2a: Indeedee|10/100 psn|[from] psn
|upkeep
|inactive|SherLP999 has 30 seconds left.
|
|t:|1750870274
|switch|p1a: Annihilape|Annihilape, L50, F|100/100
|turn|2
|inactive|Markiito18 has 30 seconds left.
|
|t:|1750870302
|-terastallize|p1a: Annihilape|Ground
|move|p2a: Indeedee|Follow Me|p2a: Indeedee
|-singleturn|p2a: Indeedee|move: Follow Me
|move|p1a: Annihilape|Earthquake|p2a: Indeedee|[spread] p1b,p2a,p2b
|-damage|p1b: Amoonguss|0 fnt
|-damage|p2a: Indeedee|0 fnt
|-damage|p2b: Lunala|83/100
|faint|p1b: Amoonguss
|faint|p2a: Indeedee
|move|p2b: Lunala|Expanding Force|p1a: Annihilape
|-damage|p1a: Annihilape|22/100
|
|upkeep
|inactive|Markiito18 has 30 seconds left.
|inactive|Markiito18 has 20 seconds left.
|inactive|Markiito18 has 15 seconds left.
|inactive|Markiito18 has 10 seconds left.
|inactive|Markiito18 has 5 seconds left.
|
|t:|1750870357
|switch|p2a: Garganacl|Garganacl, L50, M, shiny|100/100
|switch|p1b: Rotom|Rotom-Wash, L50|100/100
|turn|3
|inactive|Markiito18 has 30 seconds left.
|
|t:|1750870386
|-terastallize|p2a: Garganacl|Fairy
|move|p1a: Annihilape|Earthquake|p2a: Garganacl|[spread] p2a,p2b
|-immune|p1b: Rotom|[from] ability: Levitate
|-damage|p2a: Garganacl|71/100
|-damage|p2b: Lunala|50/100
|move|p1b: Rotom|Dark Pulse|p2b: Lunala
|-supereffective|p2b: Lunala
|-damage|p2b: Lunala|0 fnt
|faint|p2b: Lunala
|move|p2a: Garganacl|Salt Cure|p1b: Rotom
|-damage|p1b: Rotom|87/100
|-start|p1b: Rotom|Salt Cure
|
|-heal|p2a: Garganacl|77/100|[from] item: Leftovers
|-damage|p1b: Rotom|62/100|[from] Salt Cure
|upkeep
|inactive|Markiito18 has 30 seconds left.
|
|t:|1750870414
|switch|p2b: Ting-Lu|Ting-Lu, L50|100/100
|-ability|p2b: Ting-Lu|Vessel of Ruin
|turn|4
|
|t:|1750870439
|move|p1a: Annihilape|Earthquake|p2b: Ting-Lu|[spread] p2a,p2b
|-immune|p1b: Rotom|[from] ability: Levitate
|-damage|p2a: Garganacl|47/100
|-damage|p2b: Ting-Lu|78/100
|move|p1b: Rotom|Thunderbolt|p2a: Garganacl
|-damage|p2a: Garganacl|28/100
|move|p2b: Ting-Lu|Snarl|p1a: Annihilape|[spread] p1a,p1b
|-damage|p1a: Annihilape|15/100
|-damage|p1b: Rotom|58/100
|-unboost|p1a: Annihilape|spa|1
|-ability|p1a: Annihilape|Defiant|boost
|-boost|p1a: Annihilape|atk|2
|-unboost|p1b: Rotom|spa|1
|move|p2a: Garganacl|Salt Cure|p1a: Annihilape
|-resisted|p1a: Annihilape
|-damage|p1a: Annihilape|8/100
|-start|p1a: Annihilape|Salt Cure
|
|-heal|p2a: Garganacl|34/100|[from] item: Leftovers
|-damage|p1a: Annihilape|0 fnt|[from] Salt Cure
|faint|p1a: Annihilape
|-damage|p1b: Rotom|33/100|[from] Salt Cure
|upkeep
|turn|5
|inactive|SherLP999 has 30 seconds left.
|inactive|Markiito18 has 30 seconds left.
|
|t:|1750870469
|move|p1b: Rotom|Foul Play|p2a: Garganacl
|-resisted|p2a: Garganacl
|-damage|p2a: Garganacl|26/100
|move|p2b: Ting-Lu|Snarl|p1b: Rotom|[miss]
|-miss|p2b: Ting-Lu|p1b: Rotom
|move|p2a: Garganacl|Recover|p2a: Garganacl
|-heal|p2a: Garganacl|76/100
|
|-heal|p2a: Garganacl|82/100|[from] item: Leftovers
|-damage|p1b: Rotom|8/100|[from] Salt Cure
|-fieldend|move: Psychic Terrain
|upkeep
|turn|6
|inactive|SherLP999 has 30 seconds left.
|
|t:|1750870499
|move|p1b: Rotom|Dark Pulse|p2a: Garganacl
|-resisted|p2a: Garganacl
|-damage|p2a: Garganacl|78/100
|move|p2b: Ting-Lu|Snarl|p1b: Rotom
|-damage|p1b: Rotom|0 fnt
|faint|p1b: Rotom
|
|win|Markiito18
|raw|SherLP999's rating: 1080 &rarr; <strong>1063</strong><br />(-17 for losing)
|raw|Markiito18's rating: 1161 &rarr; <strong>1180</strong><br />(+19 for winning)
|l|☆SherLP999
|player|p1|
|l|☆Markiito18
|player|p2|
