|j|☆Ryneek
|j|☆StrawberryBalloons
|t:|1750797692
|gametype|doubles
|player|p1|Ryneek|lucas-gen4pt|1188
|player|p2|StrawberryBalloons|1|1296
|teamsize|p1|6
|teamsize|p2|6
|gen|9
|tier|[Gen 9] VGC 2025 Reg I
|rated|
|rule|Species Clause: Limit one of each Pokémon
|rule|Item Clause: Limit 1 of each item
|clearpoke
|poke|p1|Calyrex-Ice, L50|
|poke|p1|Incineroar, L50, F|
|poke|p1|Whimsicott, L50, M|
|poke|p1|Koraidon, L50|
|poke|p1|Scream Tail, L50|
|poke|p1|Gothitelle, L50, M|
|poke|p2|Miraidon, L50|
|poke|p2|Whimsicott, L50, F|
|poke|p2|Zoroark-Hisui, L50, F|
|poke|p2|Terrakion, L50|
|poke|p2|Indeedee-F, L50, F|
|poke|p2|Calyrex-Shadow, L50|
|teampreview|4
|inactive|Battle timer is ON: inactive players will automatically lose when time's up. (requested by StrawberryBalloons)
|inactive|Ryneek has 60 seconds left.
|inactive|StrawberryBalloons has 60 seconds left.
|
|t:|1750797725
|start
|switch|p1a: Calyrex|Calyrex-Ice, L50|100/100
|switch|p1b: Whimsicott|Whimsicott, L50, M|100/100
|switch|p2a: Terrakion|Terrakion, L50|100/100
|switch|p2b: Indeedee|Indeedee-F, L50, F|100/100
|-ability|p1a: Calyrex|As One
|-ability|p1a: Calyrex|Unnerve
|turn|1
|
|t:|1750797734
|move|p1a: Calyrex|Protect|p1a: Calyrex
|-singleturn|p1a: Calyrex|Protect
|move|p2a: Terrakion|Will-O-Wisp|p1a: Calyrex
|-activate|p1a: Calyrex|move: Protect
|move|p2b: Indeedee|Calm Mind|p2b: Indeedee
|-boost|p2b: Indeedee|spa|1
|-boost|p2b: Indeedee|spd|1
|move|p1b: Whimsicott|Trick Room|p1b: Whimsicott
|-fieldstart|move: Trick Room|[of] p1b: Whimsicott
|
|upkeep
|turn|2
|
|t:|1750797751
|-terastallize|p1a: Calyrex|Fire
|move|p2b: Indeedee|Follow Me|p2b: Indeedee
|-singleturn|p2b: Indeedee|move: Follow Me
|move|p1b: Whimsicott|Encore|p2b: Indeedee
|-start|p2b: Indeedee|Encore
|move|p1a: Calyrex|Glacial Lance|p2b: Indeedee|[spread] p2a,p2b
|-enditem|p2a: Terrakion|Focus Sash
|-damage|p2a: Terrakion|1/100
|-damage|p2b: Indeedee|41/100
|replace|p2a: Zoroark|Zoroark-Hisui, L50, F
|-end|p2a: Zoroark|Illusion
|-enditem|p2b: Indeedee|Red Card|[of] p1a: Calyrex
|drag|p1a: Koraidon|Koraidon, L50|100/100
|-weather|SunnyDay|[from] ability: Orichalcum Pulse|[of] p1a: Koraidon
|-activate|p1a: Koraidon|Orichalcum Pulse|[source]
|move|p2a: Zoroark|Will-O-Wisp|p1a: Koraidon
|-status|p1a: Koraidon|brn
|
|-weather|SunnyDay|[upkeep]
|-damage|p1a: Koraidon|95/100 brn|[from] brn
|upkeep
|turn|3
|inactive|Ryneek has 30 seconds left.
|
|t:|1750797785
|move|p1a: Koraidon|Protect|p1a: Koraidon
|-singleturn|p1a: Koraidon|Protect
|move|p2b: Indeedee|Follow Me|p2b: Indeedee
|-singleturn|p2b: Indeedee|move: Follow Me
|move|p1b: Whimsicott|Moonblast|p2b: Indeedee
|-damage|p2b: Indeedee|24/100
|move|p2a: Zoroark|Taunt|p1b: Whimsicott
|-start|p1b: Whimsicott|move: Taunt
|
|-weather|SunnyDay|[upkeep]
|-damage|p1a: Koraidon|89/100 brn|[from] brn
|upkeep
|turn|4
|
|t:|1750797796
|move|p2b: Indeedee|Follow Me|p2b: Indeedee
|-singleturn|p2b: Indeedee|move: Follow Me
|move|p1b: Whimsicott|Moonblast|p2b: Indeedee
|-damage|p2b: Indeedee|4/100
|move|p2a: Zoroark|Shadow Ball|p1a: Koraidon
|-damage|p1a: Koraidon|46/100 brn
|-unboost|p1a: Koraidon|spd|1
|move|p1a: Koraidon|Flame Charge|p2b: Indeedee
|-crit|p2b: Indeedee
|-damage|p2b: Indeedee|0 fnt
|-boost|p1a: Koraidon|spe|1
|faint|p2b: Indeedee
|-damage|p1a: Koraidon|36/100 brn|[from] item: Life Orb
|
|-weather|SunnyDay|[upkeep]
|-damage|p1a: Koraidon|31/100 brn|[from] brn
|upkeep
|
|t:|1750797806
|switch|p2b: Terrakion|Terrakion, L50|100/100
|turn|5
|
|t:|1750797824
|switch|p2a: Calyrex|Calyrex-Shadow, L50|100/100
|-ability|p2a: Calyrex|As One
|-ability|p2a: Calyrex|Unnerve
|-terastallize|p2b: Terrakion|Ghost
|move|p1a: Koraidon|Protect|p1a: Koraidon
|-singleturn|p1a: Koraidon|Protect
|move|p1b: Whimsicott|Moonblast|p2a: Calyrex
|-damage|p2a: Calyrex|78/100
|move|p2b: Terrakion|Poison Jab|p1b: Whimsicott
|-supereffective|p1b: Whimsicott
|-damage|p1b: Whimsicott|9/100
|
|-weather|SunnyDay|[upkeep]
|-damage|p1a: Koraidon|25/100 brn|[from] brn
|-fieldend|move: Trick Room
|upkeep
|turn|6
|inactive|Ryneek has 30 seconds left.
|
|t:|1750797850
|move|p1a: Koraidon|Flare Blitz|p2a: Calyrex
|-damage|p2a: Calyrex|18/100
|-damage|p1a: Koraidon|3/100 brn|[from] Recoil
|-damage|p1a: Koraidon|0 fnt|[from] item: Life Orb
|faint|p1a: Koraidon
|move|p2a: Calyrex|Astral Barrage|p1b: Whimsicott
|-damage|p1b: Whimsicott|0 fnt
|faint|p1b: Whimsicott
|-ability|p2a: Calyrex|Grim Neigh|boost
|-boost|p2a: Calyrex|spa|1
|move|p2b: Terrakion|High Horsepower|p1: Koraidon|[notarget]
|-fail|p2b: Terrakion
|
|-weather|none
|upkeep
|
|t:|1750797854
|switch|p1a: Incineroar|Incineroar, L50, F|100/100
|switch|p1b: Calyrex|Calyrex-Ice, L50, tera:Fire|100/100
|-ability|p1b: Calyrex|As One
|-ability|p1b: Calyrex|Unnerve
|-ability|p1a: Incineroar|Intimidate|boost
|-unboost|p2a: Calyrex|atk|1
|-unboost|p2b: Terrakion|atk|1
|turn|7
|
|t:|1750797869
|move|p2a: Calyrex|Protect|p2a: Calyrex
|-singleturn|p2a: Calyrex|Protect
|move|p2b: Terrakion|Rock Slide|p1a: Incineroar|[spread] p1a
|-miss|p2b: Terrakion|p1b: Calyrex
|-supereffective|p1a: Incineroar
|-damage|p1a: Incineroar|70/100
|cant|p1a: Incineroar|flinch
|move|p1b: Calyrex|Glacial Lance|p2b: Terrakion|[spread] p2b
|-activate|p2a: Calyrex|move: Protect
|-damage|p2b: Terrakion|36/100
|
|upkeep
|turn|8
|
|t:|1750797884
|move|p2a: Calyrex|Astral Barrage|p1a: Incineroar|[spread] p1a,p1b
|-resisted|p1a: Incineroar
|-damage|p1a: Incineroar|28/100
|-damage|p1b: Calyrex|44/100
|move|p2b: Terrakion|Rock Slide|p1b: Calyrex|[spread] p1a,p1b
|-supereffective|p1a: Incineroar
|-supereffective|p1b: Calyrex
|-damage|p1a: Incineroar|0 fnt
|-damage|p1b: Calyrex|21/100
|faint|p1a: Incineroar
|cant|p1b: Calyrex|flinch
|
|upkeep
|turn|9
|l|☆Ryneek
|inactive|Ryneek disconnected and has a minute to reconnect!
|player|p1|
|inactive|Ryneek has 30 seconds left.
|inactive|Ryneek has 20 seconds left.
|inactive|Ryneek has 15 seconds left.
|inactive|Ryneek has 10 seconds left.
|inactive|Ryneek has 5 seconds left.
|-message|Ryneek lost due to inactivity.
|
|win|StrawberryBalloons
|raw|Ryneek's rating: 1188 &rarr; <strong>1171</strong><br />(-17 for losing)
|raw|StrawberryBalloons's rating: 1296 &rarr; <strong>1313</strong><br />(+17 for winning)
