|j|☆duanweivgc
|j|☆Marcel113
|t:|1750848229
|gametype|doubles
|player|p1|duanweivgc|dawn|1376
|player|p2|Marcel113|266|1320
|teamsize|p1|6
|teamsize|p2|6
|gen|9
|tier|[Gen 9] VGC 2025 Reg I
|rated|
|rule|Species Clause: Limit one of each Pokémon
|rule|Item Clause: Limit 1 of each item
|clearpoke
|poke|p1|Gholdengo, L50|
|poke|p1|Kyogre, L50|
|poke|p1|Incineroar, L50, M|
|poke|p1|Rillaboom, L50, F|
|poke|p1|Calyrex-Ice, L50|
|poke|p1|Urshifu-*, L50, F|
|poke|p2|Miraidon, L50|
|poke|p2|Incineroar, L50, F|
|poke|p2|Primarina, L50, F|
|poke|p2|Gothitelle, L50, F|
|poke|p2|Landorus, L50, M|
|poke|p2|Calyrex-Ice, L50|
|teampreview|4
|inactive|Battle timer is ON: inactive players will automatically lose when time's up. (requested by duanweivgc)
Marcel113 has agreed to open team sheets.
|inactive|duanweivgc has 60 seconds left.
|inactive|duanweivgc has 30 seconds left.
|
|t:|1750848297
|start
|switch|p1a: Rillaboom|Rillaboom, L50, F|100/100
|switch|p1b: Gholdengo|Gholdengo, L50|100/100
|switch|p2a: Miraidon|Miraidon, L50|100/100
|switch|p2b: Incineroar|Incineroar, L50, F|100/100
|-fieldstart|move: Electric Terrain|[from] ability: Hadron Engine|[of] p2a: Miraidon
|-ability|p2b: Incineroar|Intimidate|boost
|-unboost|p1a: Rillaboom|atk|1
|-unboost|p1b: Gholdengo|atk|1
|-fieldstart|move: Grassy Terrain|[from] ability: Grassy Surge|[of] p1a: Rillaboom
|turn|1
|inactive|Marcel113 has 30 seconds left.
|
|t:|1750848323
|switch|p2a: Primarina|Primarina, L50, F|100/100
|move|p1b: Gholdengo|Protect|p1b: Gholdengo
|-singleturn|p1b: Gholdengo|Protect
|move|p2b: Incineroar|Flare Blitz|p1b: Gholdengo
|-activate|p1b: Gholdengo|move: Protect
|move|p1a: Rillaboom|U-turn|p2a: Primarina
|-resisted|p2a: Primarina
|-damage|p2a: Primarina|90/100
|
|t:|1750848326
|switch|p1a: Incineroar|Incineroar, L50, M|100/100|[from] U-turn
|-ability|p1a: Incineroar|Intimidate|boost
|-unboost|p2a: Primarina|atk|1
|-unboost|p2b: Incineroar|atk|1
|
|-heal|p2a: Primarina|96/100|[from] Grassy Terrain
|upkeep
|turn|2
|inactive|duanweivgc has 30 seconds left.
|inactive|duanweivgc has 20 seconds left.
|inactive|duanweivgc has 15 seconds left.
|inactive|duanweivgc has 10 seconds left.
|
|t:|1750848373
|switch|p1a: Rillaboom|Rillaboom, L50, F|100/100
|-terastallize|p1b: Gholdengo|Water
|move|p1b: Gholdengo|Nasty Plot|p1b: Gholdengo
|-boost|p1b: Gholdengo|spa|2
|move|p2b: Incineroar|U-turn|p1a: Rillaboom
|-supereffective|p1a: Rillaboom
|-damage|p1a: Rillaboom|77/100
|
|t:|1750848383
|switch|p2b: Miraidon|Miraidon, L50|100/100|[from] U-turn
|-fieldstart|move: Electric Terrain|[from] ability: Hadron Engine|[of] p2b: Miraidon
|move|p2a: Primarina|Hyper Voice|p1a: Rillaboom|[spread] p1a,p1b
|-resisted|p1a: Rillaboom
|-resisted|p1b: Gholdengo
|-damage|p1a: Rillaboom|68/100
|-damage|p1b: Gholdengo|87/100
|-enditem|p2a: Primarina|Throat Spray
|-boost|p2a: Primarina|spa|1|[from] item: Throat Spray
|
|upkeep
|turn|3
|
|t:|1750848406
|switch|p2b: Incineroar|Incineroar, L50, F|100/100
|-ability|p2b: Incineroar|Intimidate|boost
|-unboost|p1a: Rillaboom|atk|1
|-unboost|p1b: Gholdengo|atk|1
|move|p1a: Rillaboom|Fake Out|p2b: Incineroar
|-damage|p2b: Incineroar|92/100
|move|p1b: Gholdengo|Shadow Ball|p2b: Incineroar
|-resisted|p2b: Incineroar
|-damage|p2b: Incineroar|59/100
|-damage|p1b: Gholdengo|77/100|[from] item: Life Orb
|move|p2a: Primarina|Moonblast|p1b: Gholdengo
|-damage|p1b: Gholdengo|13/100
|
|upkeep
|turn|4
|
|t:|1750848428
|move|p1b: Gholdengo|Protect|p1b: Gholdengo
|-singleturn|p1b: Gholdengo|Protect
|move|p2b: Incineroar|Fake Out|p1b: Gholdengo
|-activate|p1b: Gholdengo|move: Protect
|move|p1a: Rillaboom|Wood Hammer|p2a: Primarina
|-supereffective|p2a: Primarina
|-damage|p2a: Primarina|10/100
|-damage|p1a: Rillaboom|43/100|[from] Recoil
|move|p2a: Primarina|Moonblast|p1a: Rillaboom
|-damage|p1a: Rillaboom|8/100
|
|upkeep
|turn|5
|
|t:|1750848449
|switch|p1a: Incineroar|Incineroar, L50, M|100/100
|-ability|p1a: Incineroar|Intimidate|boost
|-unboost|p2a: Primarina|atk|1
|-unboost|p2b: Incineroar|atk|1
|move|p2a: Primarina|Protect|p2a: Primarina
|-singleturn|p2a: Primarina|Protect
|move|p1b: Gholdengo|Make It Rain|p2b: Incineroar|[spread] p2b
|-activate|p2a: Primarina|move: Protect
|-resisted|p2b: Incineroar
|-damage|p2b: Incineroar|19/100
|-unboost|p1b: Gholdengo|spa|1
|-damage|p1b: Gholdengo|3/100|[from] item: Life Orb
|move|p2b: Incineroar|Knock Off|p1b: Gholdengo
|-damage|p1b: Gholdengo|0 fnt
|-enditem|p1b: Gholdengo|Life Orb|[from] move: Knock Off|[of] p2b: Incineroar
|faint|p1b: Gholdengo
|
|upkeep
|
|t:|1750848457
|switch|p1b: Calyrex|Calyrex-Ice, L50|100/100
|-ability|p1b: Calyrex|As One
|-ability|p1b: Calyrex|Unnerve
|turn|6
|inactive|Marcel113 has 30 seconds left.
|
|t:|1750848484
|move|p1a: Incineroar|Fake Out|p2a: Primarina
|-damage|p2a: Primarina|0 fnt
|faint|p2a: Primarina
|move|p2b: Incineroar|Flare Blitz|p1b: Calyrex
|-supereffective|p1b: Calyrex
|-damage|p1b: Calyrex|63/100
|-damage|p2b: Incineroar|6/100|[from] Recoil
|move|p1b: Calyrex|Glacial Lance|p2b: Incineroar
|-resisted|p2b: Incineroar
|-damage|p2b: Incineroar|0 fnt
|faint|p2b: Incineroar
|-ability|p1b: Calyrex|Chilling Neigh|boost
|-boost|p1b: Calyrex|atk|1
|
|-heal|p1b: Calyrex|69/100|[from] item: Leftovers
|-fieldend|move: Electric Terrain
|upkeep
|
|t:|1750848499
|switch|p2b: Landorus|Landorus, L50, M|100/100
|switch|p2a: Miraidon|Miraidon, L50|100/100
|-fieldstart|move: Electric Terrain|[from] ability: Hadron Engine|[of] p2a: Miraidon
|turn|7
|
|t:|1750848517
|switch|p1a: Rillaboom|Rillaboom, L50, F|8/100
|-fieldstart|move: Grassy Terrain|[from] ability: Grassy Surge|[of] p1a: Rillaboom
|-terastallize|p2a: Miraidon|Fairy
|move|p1b: Calyrex|Protect|p1b: Calyrex
|-singleturn|p1b: Calyrex|Protect
|move|p2a: Miraidon|Electro Drift|p1b: Calyrex
|-activate|p1b: Calyrex|move: Protect
|move|p2b: Landorus|Earth Power|p1a: Rillaboom
|-resisted|p1a: Rillaboom
|-damage|p1a: Rillaboom|0 fnt
|faint|p1a: Rillaboom
|
|-heal|p1b: Calyrex|74/100|[from] Grassy Terrain
|-heal|p1b: Calyrex|80/100|[from] item: Leftovers
|upkeep
|
|t:|1750848519
|switch|p1a: Incineroar|Incineroar, L50, M|100/100
|-ability|p1a: Incineroar|Intimidate|boost
|-unboost|p2a: Miraidon|atk|1
|-unboost|p2b: Landorus|atk|1
|turn|8
|
|t:|1750848542
|move|p1a: Incineroar|Fake Out|p2b: Landorus
|-damage|p2b: Landorus|90/100
|move|p2a: Miraidon|Electro Drift|p1b: Calyrex
|-damage|p1b: Calyrex|38/100
|cant|p2b: Landorus|flinch
|move|p1b: Calyrex|Trick Room|p1b: Calyrex
|-fieldstart|move: Trick Room|[of] p1b: Calyrex
|
|-heal|p1b: Calyrex|43/100|[from] Grassy Terrain
|-heal|p1b: Calyrex|49/100|[from] item: Leftovers
|upkeep
|turn|9
|
|t:|1750848558
|move|p2b: Landorus|Protect|p2b: Landorus
|-singleturn|p2b: Landorus|Protect
|move|p1b: Calyrex|Glacial Lance|p2a: Miraidon|[spread] p2a
|-activate|p2b: Landorus|move: Protect
|-damage|p2a: Miraidon|31/100
|move|p1a: Incineroar|Knock Off|p2a: Miraidon
|-resisted|p2a: Miraidon
|-damage|p2a: Miraidon|16/100
|-enditem|p2a: Miraidon|Choice Specs|[from] move: Knock Off|[of] p1a: Incineroar
|move|p2a: Miraidon|Electro Drift|p1b: Calyrex
|-damage|p1b: Calyrex|20/100
|
|-heal|p1b: Calyrex|26/100|[from] Grassy Terrain
|-heal|p1b: Calyrex|32/100|[from] item: Leftovers
|-heal|p2a: Miraidon|21/100|[from] Grassy Terrain
|upkeep
|turn|10
|inactive|Marcel113 has 30 seconds left.
|
|t:|1750848590
|move|p1b: Calyrex|Glacial Lance|p2a: Miraidon|[spread] p2a,p2b
|-supereffective|p2b: Landorus
|-damage|p2a: Miraidon|0 fnt
|-damage|p2b: Landorus|0 fnt
|faint|p2a: Miraidon
|faint|p2b: Landorus
|
|win|duanweivgc
|raw|duanweivgc's rating: 1376 &rarr; <strong>1393</strong><br />(+17 for winning)
|raw|Marcel113's rating: 1320 &rarr; <strong>1303</strong><br />(-17 for losing)
|l|☆Marcel113
|player|p2|
|l|☆duanweivgc
|player|p1|
