|j|☆AJOIII
|j|☆Tykrim33
|t:|1750769762
|gametype|doubles
|player|p1|AJOIII|chuck|1502
|player|p2|Tykrim33|101|1512
|teamsize|p1|6
|teamsize|p2|6
|gen|9
|tier|[Gen 9] VGC 2025 Reg I
|rated|
|rule|Species Clause: Limit one of each Pokémon
|rule|Item Clause: Limit 1 of each item
|clearpoke
|poke|p1|Groudon, L50|
|poke|p1|Dialga-Origin, L50|
|poke|p1|Chi-Yu, L50|
|poke|p1|Jumpluff, L50, F|
|poke|p1|Incineroar, L50, M|
|poke|p1|Raging Bolt, L50|
|poke|p2|Calyrex-Shadow, L50|
|poke|p2|Koraidon, L50|
|poke|p2|Incineroar, L50, M|
|poke|p2|Iron Treads, L50|
|poke|p2|Amoonguss, L50, F|
|poke|p2|Walking Wake, L50|
|teampreview|4
|inactive|Battle timer is ON: inactive players will automatically lose when time's up. (requested by AJOIII)
|
|t:|1750769789
|start
|switch|p1a: Chi-Yu|Chi-Yu, L50|100/100
|switch|p1b: Dialga|Dialga-Origin, L50|100/100
|switch|p2a: Calyrex|Calyrex-Shadow, L50|100/100
|switch|p2b: Incineroar|Incineroar, L50, M|100/100
|-ability|p2a: Calyrex|As One
|-ability|p2a: Calyrex|Unnerve
|-ability|p1a: Chi-Yu|Beads of Ruin
|-ability|p2b: Incineroar|Intimidate|boost
|-unboost|p1a: Chi-Yu|atk|1
|-unboost|p1b: Dialga|atk|1
|turn|1
|
|t:|1750769808
|switch|p1a: Incineroar|Incineroar, L50, M|100/100
|-ability|p1a: Incineroar|Intimidate|boost
|-unboost|p2a: Calyrex|atk|1
|-unboost|p2b: Incineroar|atk|1
|move|p2a: Calyrex|Protect|p2a: Calyrex
|-singleturn|p2a: Calyrex|Protect
|move|p1b: Dialga|Protect|p1b: Dialga
|-singleturn|p1b: Dialga|Protect
|move|p2b: Incineroar|Knock Off|p1a: Incineroar
|-resisted|p1a: Incineroar
|-damage|p1a: Incineroar|88/100
|-enditem|p1a: Incineroar|Safety Goggles|[from] move: Knock Off|[of] p2b: Incineroar
|
|upkeep
|turn|2
|inactive|AJOIII has 30 seconds left.
|
|t:|1750769834
|switch|p2a: Amoonguss|Amoonguss, L50, F|100/100
|move|p1a: Incineroar|Parting Shot|p2a: Amoonguss
|-unboost|p2a: Amoonguss|atk|1
|-unboost|p2a: Amoonguss|spa|1
|
|t:|1750769840
|switch|p1a: Groudon|Groudon, L50|100/100|[from] Parting Shot
|-weather|SunnyDay|[from] ability: Drought|[of] p1a: Groudon
|move|p2b: Incineroar|Parting Shot|p1b: Dialga
|-unboost|p1b: Dialga|atk|1
|-unboost|p1b: Dialga|spa|1
|
|t:|1750769846
|switch|p2b: Walking Wake|Walking Wake, L50|100/100|[from] Parting Shot
|-activate|p2b: Walking Wake|ability: Protosynthesis
|-start|p2b: Walking Wake|protosynthesisspe
|move|p1b: Dialga|Trick Room|p1b: Dialga
|-fieldstart|move: Trick Room|[of] p1b: Dialga
|
|-weather|SunnyDay|[upkeep]
|upkeep
|turn|3
|inactive|AJOIII has 30 seconds left.
|
|t:|1750769872
|-terastallize|p2a: Amoonguss|Water
|move|p2a: Amoonguss|Spore|p1b: Dialga
|-status|p1b: Dialga|slp|[from] move: Spore
|cant|p1b: Dialga|slp
|move|p1a: Groudon|Fire Punch|p2a: Amoonguss
|-resisted|p2a: Amoonguss
|-damage|p2a: Amoonguss|74/100
|-status|p2a: Amoonguss|brn
|-damage|p1a: Groudon|91/100|[from] item: Life Orb
|move|p2b: Walking Wake|Hydro Steam|p1a: Groudon
|-supereffective|p1a: Groudon
|-damage|p1a: Groudon|0 fnt
|faint|p1a: Groudon
|
|-weather|SunnyDay|[upkeep]
|-damage|p2a: Amoonguss|69/100 brn|[from] brn
|upkeep
|
|t:|1750769882
|switch|p1a: Incineroar|Incineroar, L50, M|88/100
|-ability|p1a: Incineroar|Intimidate|boost
|-unboost|p2a: Amoonguss|atk|1
|-unboost|p2b: Walking Wake|atk|1
|turn|4
|
|t:|1750769899
|-end|p2b: Walking Wake|Protosynthesis|[silent]
|switch|p2b: Incineroar|Incineroar, L50, M|100/100
|-ability|p2b: Incineroar|Intimidate|boost
|-unboost|p1a: Incineroar|atk|1
|-unboost|p1b: Dialga|atk|1
|move|p2a: Amoonguss|Protect|p2a: Amoonguss
|-singleturn|p2a: Amoonguss|Protect
|move|p1a: Incineroar|Fake Out|p2a: Amoonguss
|-activate|p2a: Amoonguss|move: Protect
|-curestatus|p1b: Dialga|slp|[msg]
|move|p1b: Dialga|Dragon Pulse|p2b: Incineroar
|-damage|p2b: Incineroar|57/100
|
|-weather|SunnyDay|[upkeep]
|-damage|p2a: Amoonguss|63/100 brn|[from] brn
|upkeep
|turn|5
|
|t:|1750769917
|move|p1b: Dialga|Protect|p1b: Dialga
|-singleturn|p1b: Dialga|Protect
|move|p2b: Incineroar|Fake Out|p1a: Incineroar
|-crit|p1a: Incineroar
|-damage|p1a: Incineroar|72/100
|move|p2a: Amoonguss|Spore|p1b: Dialga
|-activate|p1b: Dialga|move: Protect
|cant|p1a: Incineroar|flinch
|
|-weather|SunnyDay|[upkeep]
|-damage|p2a: Amoonguss|57/100 brn|[from] brn
|upkeep
|turn|6
|
|t:|1750769929
|move|p1b: Dialga|Protect||[still]
|-fail|p1b: Dialga
|move|p2a: Amoonguss|Spore|p1b: Dialga
|-status|p1b: Dialga|slp|[from] move: Spore
|move|p2b: Incineroar|Parting Shot|p1a: Incineroar
|-unboost|p1a: Incineroar|atk|1
|-unboost|p1a: Incineroar|spa|1
|
|t:|1750769940
|switch|p2b: Calyrex|Calyrex-Shadow, L50|100/100|[from] Parting Shot
|-ability|p2b: Calyrex|As One
|-ability|p2b: Calyrex|Unnerve
|move|p1a: Incineroar|Parting Shot|p2a: Amoonguss
|-unboost|p2a: Amoonguss|atk|1
|-unboost|p2a: Amoonguss|spa|1
|
|t:|1750769942
|switch|p1a: Chi-Yu|Chi-Yu, L50|100/100|[from] Parting Shot
|-ability|p1a: Chi-Yu|Beads of Ruin
|
|-weather|none
|-damage|p2a: Amoonguss|51/100 brn|[from] brn
|-fieldend|move: Trick Room
|upkeep
|turn|7
|
|t:|1750769960
|move|p2b: Calyrex|Protect|p2b: Calyrex
|-singleturn|p2b: Calyrex|Protect
|move|p1a: Chi-Yu|Snarl|p2b: Calyrex|[spread] p2a
|-activate|p2b: Calyrex|move: Protect
|-damage|p2a: Amoonguss|26/100 brn
|-unboost|p2a: Amoonguss|spa|1
|cant|p1b: Dialga|slp
|move|p2a: Amoonguss|Spore|p1a: Chi-Yu
|-status|p1a: Chi-Yu|slp|[from] move: Spore
|
|-damage|p2a: Amoonguss|20/100 brn|[from] brn
|upkeep
|turn|8
|-message|AJOIII forfeited.
|
|win|Tykrim33
|raw|AJOIII's rating: 1502 &rarr; <strong>1483</strong><br />(-19 for losing)
|raw|Tykrim33's rating: 1512 &rarr; <strong>1531</strong><br />(+19 for winning)
|l|☆AJOIII
|player|p1|
|l|☆Tykrim33
|player|p2|
