|j|☆thander11
|j|☆Saguito
|t:|1750787501
|gametype|doubles
|player|p1|thander11|ethan|
|player|p2|Saguito|bianca|
|teamsize|p1|6
|teamsize|p2|6
|gen|9
|tier|[Gen 9] VGC 2025 Reg I
|rule|Species Clause: Limit one of each Pokémon
|rule|Item Clause: Limit 1 of each item
|clearpoke
|poke|p1|Flutter Mane, L50|
|poke|p1|Gengar, L50, M|
|poke|p1|Dragapult, L50, M|
|poke|p1|Annihilape, L50, M|
|poke|p1|Sableye, L50, M|
|poke|p1|Ceruledge, L50, M|
|poke|p2|Mimikyu, L50, F|
|poke|p2|Tinkaton, L50, F|
|poke|p2|Iron Valiant, L50|
|poke|p2|Ribombee, L50, F|
|poke|p2|Fezandipiti, L50, M|
|poke|p2|Sylveon, L50, F|
|teampreview|4
Saguito has agreed to open team sheets.
|j| okkito
|
|t:|1750787611
|start
|switch|p1a: Sableye|Sableye, L50, M, shiny|100/100
|switch|p1b: Annihilape|Annihilape, L50, M, shiny|100/100
|switch|p2a: Mimi|Mimikyu, L50, F|100/100
|switch|p2b: Mimbee|Ribombee, L50, F, shiny|100/100
|turn|1
|
|t:|1750787635
|move|p1a: Sableye|Taunt|p2a: Mimi
|-start|p2a: Mimi|move: Taunt
|move|p2b: Mimbee|Tailwind|p2b: Mimbee
|-sidestart|p2: Saguito|move: Tailwind
|move|p2a: Mimi|Play Rough|p1b: Annihilape
|-supereffective|p1b: Annihilape
|-damage|p1b: Annihilape|30/100
|-unboost|p1b: Annihilape|atk|1
|-ability|p1b: Annihilape|Defiant|boost
|-boost|p1b: Annihilape|atk|2
|move|p1b: Annihilape|Bulk Up|p1b: Annihilape
|-boost|p1b: Annihilape|atk|1
|-boost|p1b: Annihilape|def|1
|
|-heal|p1b: Annihilape|36/100|[from] item: Leftovers
|upkeep
|turn|2
|
|t:|1750787669
|move|p1b: Annihilape|Protect|p1b: Annihilape
|-singleturn|p1b: Annihilape|Protect
|move|p1a: Sableye|Will-O-Wisp|p2a: Mimi
|-status|p2a: Mimi|brn
|move|p2b: Mimbee|Pollen Puff|p1a: Sableye
|-damage|p1a: Sableye|51/100
|move|p2a: Mimi|Play Rough|p1b: Annihilape
|-activate|p1b: Annihilape|move: Protect
|
|-heal|p1b: Annihilape|42/100|[from] item: Leftovers
|-damage|p2a: Mimi|94/100 brn|[from] brn
|upkeep
|turn|3
|
|t:|1750787766
|switch|p1a: Gengar|Gengar, L50, M|100/100
|-terastallize|p1b: Annihilape|Water
|move|p2a: Mimi|Shadow Sneak|p1a: Gengar
|-supereffective|p1a: Gengar
|-damage|p1a: Gengar|65/100
|move|p2b: Mimbee|Light Screen|p2b: Mimbee
|-sidestart|p2: Saguito|move: Light Screen
|move|p1b: Annihilape|Drain Punch|p2b: Mimbee
|-resisted|p2b: Mimbee
|-damage|p2b: Mimbee|72/100
|-heal|p1b: Annihilape|53/100|[from] drain|[of] p2b: Mimbee
|
|-heal|p1b: Annihilape|59/100|[from] item: Leftovers
|-damage|p2a: Mimi|88/100 brn|[from] brn
|-end|p2a: Mimi|move: Taunt
|upkeep
|turn|4
|
|t:|1750787829
|move|p2b: Mimbee|Protect|p2b: Mimbee
|-singleturn|p2b: Mimbee|Protect
|move|p1b: Annihilape|Protect|p1b: Annihilape
|-singleturn|p1b: Annihilape|Protect
|move|p2a: Mimi|Shadow Claw|p1a: Gengar
|-supereffective|p1a: Gengar
|-damage|p1a: Gengar|10/100
|move|p1a: Gengar|Shadow Ball|p2a: Mimi
|-activate|p2a: Mimi|ability: Disguise
|-damage|p2a: Mimi|88/100 brn
|detailschange|p2a: Mimi|Mimikyu-Busted, L50, F
|-damage|p2a: Mimi|76/100 brn|[from] pokemon: Mimikyu-Busted
|
|-heal|p1b: Annihilape|65/100|[from] item: Leftovers
|-damage|p2a: Mimi|70/100 brn|[from] brn
|-sideend|p2: Saguito|move: Tailwind
|upkeep
|turn|5
|
|t:|1750787855
|move|p2a: Mimi|Shadow Sneak|p1a: Gengar
|-supereffective|p1a: Gengar
|-damage|p1a: Gengar|0 fnt
|-start|p2a: Mimi|Disable|Shadow Sneak|[from] ability: Cursed Body|[of] p1a: Gengar
|faint|p1a: Gengar
|move|p2b: Mimbee|Tailwind|p2b: Mimbee
|-sidestart|p2: Saguito|move: Tailwind
|move|p1b: Annihilape|Rage Fist|p2a: Mimi
|-supereffective|p2a: Mimi
|-damage|p2a: Mimi|0 fnt
|faint|p2a: Mimi
|
|-heal|p1b: Annihilape|71/100|[from] item: Leftovers
|upkeep
|
|t:|1750787887
|switch|p1a: Ceruledge|Ceruledge, L50, M, shiny|100/100
|switch|p2a: Mivoir|Iron Valiant, L50|100/100
|-enditem|p2a: Mivoir|Booster Energy
|-activate|p2a: Mivoir|ability: Quark Drive|[fromitem]
|-start|p2a: Mivoir|quarkdrivespe
|turn|6
|
|t:|1750787959
|move|p2b: Mimbee|Protect|p2b: Mimbee
|-singleturn|p2b: Mimbee|Protect
|move|p2a: Mivoir|Close Combat|p1b: Annihilape
|-damage|p1b: Annihilape|36/100
|-unboost|p2a: Mivoir|def|1
|-unboost|p2a: Mivoir|spd|1
|move|p1b: Annihilape|Drain Punch|p2a: Mivoir
|-resisted|p2a: Mivoir
|-damage|p2a: Mivoir|22/100
|-heal|p1b: Annihilape|63/100|[from] drain|[of] p2a: Mivoir
|move|p1a: Ceruledge|Bitter Blade|p2b: Mimbee
|-activate|p2b: Mimbee|move: Protect
|
|-heal|p1b: Annihilape|69/100|[from] item: Leftovers
|upkeep
|turn|7
|
|t:|1750787995
|move|p2a: Mivoir|Focus Blast|p1b: Annihilape|[miss]
|-miss|p2a: Mivoir|p1b: Annihilape
|move|p2b: Mimbee|Pollen Puff|p2a: Mivoir
|-heal|p2a: Mivoir|72/100
|move|p1b: Annihilape|Drain Punch|p2a: Mivoir
|-resisted|p2a: Mivoir
|-damage|p2a: Mivoir|0 fnt
|-heal|p1b: Annihilape|93/100|[from] drain|[of] p2a: Mivoir
|faint|p2a: Mivoir
|-end|p2a: Mivoir|Quark Drive|[silent]
|move|p1a: Ceruledge|Bitter Blade|p2b: Mimbee
|-supereffective|p2b: Mimbee
|-damage|p2b: Mimbee|0 fnt
|faint|p2b: Mimbee
|
|-heal|p1b: Annihilape|99/100|[from] item: Leftovers
|-sideend|p2: Saguito|move: Light Screen
|upkeep
|
|t:|1750788014
|switch|p2b: Miseel|Sylveon, L50, F|100/100
|turn|8
|
|t:|1750788037
|-terastallize|p2b: Miseel|Fairy
|move|p2b: Miseel|Hyper Voice|p1b: Annihilape|[spread] p1a,p1b
|-resisted|p1a: Ceruledge
|-damage|p1a: Ceruledge|75/100
|-damage|p1b: Annihilape|48/100
|-enditem|p2b: Miseel|Throat Spray
|-boost|p2b: Miseel|spa|1|[from] item: Throat Spray
|move|p1b: Annihilape|Rage Fist|p2b: Miseel
|-damage|p2b: Miseel|0 fnt
|faint|p2b: Miseel
|
|win|thander11
