|j|☆Aabraao
|j|☆limaozin140794
|t:|1750865069
|gametype|doubles
|player|p1|Aabraao|hilbert|1612
|player|p2|limaozin140794|101|1629
|teamsize|p1|6
|teamsize|p2|6
|gen|9
|tier|[Gen 9] VGC 2025 Reg I
|rated|
|rule|Species Clause: Limit one of each Pokémon
|rule|Item Clause: Limit 1 of each item
|clearpoke
|poke|p1|Lunala, L50|
|poke|p1|Calyrex-Ice, L50|
|poke|p1|Incineroar, L50, F|
|poke|p1|Kingambit, L50, M|
|poke|p1|Ogerpon-Cornerstone, L50, F|
|poke|p1|Torkoal, L50, M|
|poke|p2|Whimsicott, L50, F|
|poke|p2|Calyrex-Shadow, L50|
|poke|p2|Zamazenta-*, L50|
|poke|p2|Flutter Mane, L50|
|poke|p2|Chi-Yu, L50|
|poke|p2|Urshifu-*, L50, M|
|teampreview|4
|inactive|Battle timer is ON: inactive players will automatically lose when time's up. (requested by Aabraao)
|inactive|Aabraao has 60 seconds left.
|inactive|Aabraao has 30 seconds left.
|inactive|Aabraao has 20 seconds left.
|
|t:|1750865142
|start
|switch|p1a: Lunala|Lunala, L50|100/100
|switch|p1b: Ogerpon|Ogerpon-Cornerstone, L50, F|100/100
|switch|p2a: Whimsicott|Whimsicott, L50, F|100/100
|switch|p2b: Chi-Yu|Chi-Yu, L50|100/100
|-ability|p2b: Chi-Yu|Beads of Ruin
|turn|1
|
|t:|1750865157
|-terastallize|p1a: Lunala|Water
|move|p2b: Chi-Yu|Protect|p2b: Chi-Yu
|-singleturn|p2b: Chi-Yu|Protect
|move|p2a: Whimsicott|Taunt|p1a: Lunala
|-start|p1a: Lunala|move: Taunt
|move|p1b: Ogerpon|Ivy Cudgel|p2b: Chi-Yu|[anim] Ivy Cudgel Rock
|-activate|p2b: Chi-Yu|move: Protect
|cant|p1a: Lunala|move: Taunt|Trick Room
|
|upkeep
|turn|2
|
|t:|1750865171
|move|p2a: Whimsicott|Moonblast|p1b: Ogerpon
|-damage|p1b: Ogerpon|48/100
|move|p2b: Chi-Yu|Heat Wave|p1a: Lunala|[spread] p1a,p1b
|-resisted|p1a: Lunala
|-damage|p1a: Lunala|90/100
|-damage|p1b: Ogerpon|0 fnt
|faint|p1b: Ogerpon
|-damage|p2b: Chi-Yu|91/100|[from] item: Life Orb
|move|p1a: Lunala|Moonblast|p2b: Chi-Yu
|-damage|p2b: Chi-Yu|48/100
|-unboost|p2b: Chi-Yu|spa|1
|
|-heal|p1a: Lunala|96/100|[from] item: Leftovers
|upkeep
|
|t:|1750865176
|switch|p1b: Calyrex|Calyrex-Ice, L50|100/100
|-ability|p1b: Calyrex|As One
|-ability|p1b: Calyrex|Unnerve
|turn|3
|
|t:|1750865195
|move|p1b: Calyrex|Protect|p1b: Calyrex
|-singleturn|p1b: Calyrex|Protect
|move|p2a: Whimsicott|Taunt|p1b: Calyrex
|-activate|p1b: Calyrex|move: Protect
|move|p2b: Chi-Yu|Dark Pulse|p1b: Calyrex
|-activate|p1b: Calyrex|move: Protect
|move|p1a: Lunala|Moonblast|p2b: Chi-Yu
|-damage|p2b: Chi-Yu|4/100
|
|-heal|p1a: Lunala|100/100|[from] item: Leftovers
|-end|p1a: Lunala|move: Taunt
|upkeep
|turn|4
|inactive|Aabraao has 30 seconds left.
|
|t:|1750865228
|move|p2a: Whimsicott|Taunt|p1b: Calyrex
|-start|p1b: Calyrex|move: Taunt
|move|p2b: Chi-Yu|Dark Pulse|p1a: Lunala
|-damage|p1a: Lunala|84/100
|-damage|p2b: Chi-Yu|0 fnt|[from] item: Life Orb
|faint|p2b: Chi-Yu
|move|p1a: Lunala|Moonblast|p2a: Whimsicott
|-damage|p2a: Whimsicott|46/100
|-unboost|p2a: Whimsicott|spa|1
|cant|p1b: Calyrex|move: Taunt|Trick Room
|
|-heal|p1a: Lunala|91/100|[from] item: Leftovers
|upkeep
|
|t:|1750865247
|switch|p2b: Zamazenta|Zamazenta-Crowned, L50|100/100
|-ability|p2b: Zamazenta|Dauntless Shield|boost
|-boost|p2b: Zamazenta|def|1
|turn|5
|inactive|Aabraao has 30 seconds left.
|
|t:|1750865277
|move|p2a: Whimsicott|Taunt|p1a: Lunala
|-start|p1a: Lunala|move: Taunt
|move|p2b: Zamazenta|Heavy Slam|p1b: Calyrex
|-supereffective|p1b: Calyrex
|-damage|p1b: Calyrex|79/100
|move|p1a: Lunala|Moongeist Beam|p2b: Zamazenta
|-damage|p2b: Zamazenta|62/100
|move|p1b: Calyrex|Glacial Lance|p2b: Zamazenta|[spread] p2a,p2b
|-supereffective|p2a: Whimsicott
|-resisted|p2b: Zamazenta
|-damage|p2a: Whimsicott|0 fnt
|-damage|p2b: Zamazenta|50/100
|faint|p2a: Whimsicott
|-ability|p1b: Calyrex|Chilling Neigh|boost
|-boost|p1b: Calyrex|atk|1
|
|-heal|p1a: Lunala|97/100|[from] item: Leftovers
|upkeep
|
|t:|1750865293
|switch|p2a: Calyrex|Calyrex-Shadow, L50|100/100
|-ability|p2a: Calyrex|As One
|-ability|p2a: Calyrex|Unnerve
|turn|6
|
|t:|1750865307
|-terastallize|p2a: Calyrex|Grass
|move|p2a: Calyrex|Astral Barrage|p1a: Lunala|[spread] p1a,p1b
|-supereffective|p1b: Calyrex
|-damage|p1a: Lunala|59/100
|-damage|p1b: Calyrex|4/100
|move|p2b: Zamazenta|Body Press|p1b: Calyrex
|-damage|p1b: Calyrex|0 fnt
|faint|p1b: Calyrex
|move|p1a: Lunala|Moongeist Beam|p2a: Calyrex
|-damage|p2a: Calyrex|44/100
|
|-heal|p1a: Lunala|66/100|[from] item: Leftovers
|upkeep
|
|t:|1750865315
|switch|p1b: Torkoal|Torkoal, L50, M|100/100
|-weather|SunnyDay|[from] ability: Drought|[of] p1b: Torkoal
|turn|7
|
|t:|1750865331
|move|p2b: Zamazenta|Wide Guard|p2b: Zamazenta
|-singleturn|p2b: Zamazenta|Wide Guard
|move|p2a: Calyrex|Giga Drain|p1a: Lunala
|-supereffective|p1a: Lunala
|-damage|p1a: Lunala|0 fnt
|-heal|p2a: Calyrex|89/100|[from] drain|[of] p1a: Lunala
|faint|p1a: Lunala
|-ability|p2a: Calyrex|Grim Neigh|boost
|-boost|p2a: Calyrex|spa|1
|move|p1b: Torkoal|Weather Ball|p2a: Calyrex
|-supereffective|p2a: Calyrex
|-damage|p2a: Calyrex|0 fnt
|faint|p2a: Calyrex
|
|-weather|SunnyDay|[upkeep]
|upkeep
|turn|8
|
|t:|1750865344
|move|p2b: Zamazenta|Body Press|p1b: Torkoal
|-damage|p1b: Torkoal|46/100
|move|p1b: Torkoal|Weather Ball|p2b: Zamazenta
|-supereffective|p2b: Zamazenta
|-damage|p2b: Zamazenta|0 fnt
|faint|p2b: Zamazenta
|
|win|Aabraao
|raw|Aabraao's rating: 1612 &rarr; <strong>1633</strong><br />(+21 for winning)
|raw|limaozin140794's rating: 1629 &rarr; <strong>1608</strong><br />(-21 for losing)
|l|☆Aabraao
|player|p1|
|l|☆limaozin140794
|player|p2|
