|j|☆L3o_Just
|j|☆SpinnerVGC
|t:|1750713914
|gametype|doubles
|player|p1|L3o_Just|169|1223
|player|p2|SpinnerVGC|benga|1288
|teamsize|p1|6
|teamsize|p2|6
|gen|9
|tier|[Gen 9] VGC 2025 Reg I
|rated|
|rule|Species Clause: Limit one of each Pokémon
|rule|Item Clause: Limit 1 of each item
|clearpoke
|poke|p1|Terapagos, L50, M|
|poke|p1|Miraidon, L50|
|poke|p1|Incineroar, L50, M|
|poke|p1|Iron Treads, L50|
|poke|p1|Sinistcha, L50|
|poke|p1|Urshifu-*, L50, F|
|poke|p2|Calyrex-Ice, L50|
|poke|p2|Mewtwo, L50|
|poke|p2|Indeedee-F, L50, F|
|poke|p2|Incineroar, L50, M|
|poke|p2|Urshifu-*, L50, F|
|poke|p2|Ogerpon-Cornerstone, L50, F|
|teampreview|4
|inactive|Battle timer is ON: inactive players will automatically lose when time's up. (requested by SpinnerVGC)
SpinnerVGC rejected open team sheets.
|inactive|L3o_Just has 60 seconds left.
|
|t:|1750713962
|start
|switch|p1a: Miraidon|Miraidon, L50|100/100
|switch|p1b: Iron Treads|Iron Treads, L50|100/100
|switch|p2a: Calyrex|Calyrex-Ice, L50|100/100
|switch|p2b: Indeedee|Indeedee-F, L50, F|100/100
|-ability|p2a: Calyrex|As One
|-ability|p2a: Calyrex|Unnerve
|-fieldstart|move: Electric Terrain|[from] ability: Hadron Engine|[of] p1a: Miraidon
|-activate|p1b: Iron Treads|ability: Quark Drive
|-start|p1b: Iron Treads|quarkdrivespe
|-fieldstart|move: Psychic Terrain|[from] ability: Psychic Surge|[of] p2b: Indeedee
|-end|p1b: Iron Treads|Quark Drive
|turn|1
|inactive|L3o_Just has 30 seconds left.
|
|t:|1750713990
|-terastallize|p2a: Calyrex|Ice
|move|p2b: Indeedee|Follow Me|p2b: Indeedee
|-singleturn|p2b: Indeedee|move: Follow Me
|move|p1b: Iron Treads|Iron Head|p2b: Indeedee
|-damage|p2b: Indeedee|39/100
|move|p1a: Miraidon|Volt Switch|p2b: Indeedee
|-damage|p2b: Indeedee|4/100
|
|t:|1750713998
|switch|p1a: Incineroar|Incineroar, L50, M|100/100|[from] Volt Switch
|-ability|p1a: Incineroar|Intimidate|boost
|-unboost|p2a: Calyrex|atk|1
|-unboost|p2b: Indeedee|atk|1
|move|p2a: Calyrex|Glacial Lance|p1b: Iron Treads|[spread] p1a,p1b
|-resisted|p1a: Incineroar
|-damage|p1a: Incineroar|60/100
|-damage|p1b: Iron Treads|30/100
|-damage|p2a: Calyrex|91/100|[from] item: Life Orb
|
|upkeep
|turn|2
|
|t:|1750714022
|switch|p2a: Urshifu|Urshifu-Rapid-Strike, L50, F|100/100
|move|p1b: Iron Treads|Iron Head|p2a: Urshifu
|-resisted|p2a: Urshifu
|-damage|p2a: Urshifu|72/100
|move|p1a: Incineroar|Parting Shot|p2a: Urshifu
|-unboost|p2a: Urshifu|atk|1
|-unboost|p2a: Urshifu|spa|1
|
|t:|1750714030
|switch|p1a: Miraidon|Miraidon, L50|100/100|[from] Parting Shot
|-fieldstart|move: Electric Terrain|[from] ability: Hadron Engine|[of] p1a: Miraidon
|-activate|p1b: Iron Treads|ability: Quark Drive
|-start|p1b: Iron Treads|quarkdrivespe
|move|p2b: Indeedee|Hyper Voice|p1a: Miraidon|[spread] p1a,p1b
|-resisted|p1b: Iron Treads
|-crit|p1b: Iron Treads
|-damage|p1a: Miraidon|88/100
|-damage|p1b: Iron Treads|7/100
|
|upkeep
|turn|3
|
|t:|1750714047
|move|p2b: Indeedee|Helping Hand|p2a: Urshifu
|-singleturn|p2a: Urshifu|Helping Hand|[of] p2b: Indeedee
|move|p1b: Iron Treads|Iron Head|p2a: Urshifu
|-resisted|p2a: Urshifu
|-crit|p2a: Urshifu
|-damage|p2a: Urshifu|32/100
|cant|p2a: Urshifu|flinch
|move|p1a: Miraidon|Snarl|p2a: Urshifu|[spread] p2b
|-miss|p1a: Miraidon|p2a: Urshifu
|-supereffective|p2b: Indeedee
|-damage|p2b: Indeedee|0 fnt
|faint|p2b: Indeedee
|
|upkeep
|c|☆SpinnerVGC|I lose bc of that
|c|☆SpinnerVGC|gimme a break oml
|inactive|SpinnerVGC has 30 seconds left.
|
|t:|1750714072
|switch|p2b: Calyrex|Calyrex-Ice, L50, tera:Ice|91/100
|-ability|p2b: Calyrex|As One
|-ability|p2b: Calyrex|Unnerve
|turn|4
|
|t:|1750714090
|move|p1b: Iron Treads|Iron Head|p2b: Calyrex
|-supereffective|p2b: Calyrex
|-damage|p2b: Calyrex|17/100
|move|p2a: Urshifu|U-turn|p1b: Iron Treads
|-resisted|p1b: Iron Treads
|-damage|p1b: Iron Treads|0 fnt
|faint|p1b: Iron Treads
|-end|p1b: Iron Treads|Quark Drive|[silent]
|
|t:|1750714096
|switch|p2a: Mewtwo|Mewtwo, L50, shiny|100/100|[from] U-turn
|-ability|p2a: Mewtwo|Pressure
|move|p1a: Miraidon|Volt Switch|p2a: Mewtwo
|-damage|p2a: Mewtwo|21/100
|
|t:|1750714105
|switch|p1a: Incineroar|Incineroar, L50, M|60/100|[from] Volt Switch
|-ability|p1a: Incineroar|Intimidate|boost
|-unboost|p2a: Mewtwo|atk|1
|-unboost|p2b: Calyrex|atk|1
|move|p2b: Calyrex|Glacial Lance|p1a: Incineroar
|-resisted|p1a: Incineroar
|-damage|p1a: Incineroar|9/100
|-damage|p2b: Calyrex|8/100|[from] item: Life Orb
|
|upkeep
|
|t:|1750714117
|switch|p1b: Terapagos|Terapagos, L50, M|100/100
|-activate|p1b: Terapagos|ability: Tera Shift
|detailschange|p1b: Terapagos|Terapagos-Terastal, L50, M
|-heal|p1b: Terapagos|100/100|[silent]
|-enditem|p1b: Terapagos|Electric Seed
|-boost|p1b: Terapagos|def|1|[from] item: Electric Seed
|turn|5
|inactive|SpinnerVGC has 30 seconds left.
|inactive|L3o_Just has 30 seconds left.
|
|t:|1750714147
|move|p2a: Mewtwo|Protect|p2a: Mewtwo
|-singleturn|p2a: Mewtwo|Protect
|move|p1a: Incineroar|Fake Out|p2a: Mewtwo
|-activate|p2a: Mewtwo|move: Protect
|move|p1b: Terapagos|Calm Mind|p1b: Terapagos
|-boost|p1b: Terapagos|spa|1
|-boost|p1b: Terapagos|spd|1
|move|p2b: Calyrex|Glacial Lance|p1b: Terapagos|[spread] p1a,p1b
|-resisted|p1a: Incineroar
|-activate|p1b: Terapagos|ability: Tera Shell
|-resisted|p1b: Terapagos
|-damage|p1a: Incineroar|0 fnt
|-damage|p1b: Terapagos|81/100
|faint|p1a: Incineroar
|-ability|p2b: Calyrex|Chilling Neigh|boost
|-boost|p2b: Calyrex|atk|1
|-damage|p2b: Calyrex|0 fnt|[from] item: Life Orb
|faint|p2b: Calyrex
|
|upkeep
|
|t:|1750714163
|switch|p1a: Miraidon|Miraidon, L50|88/100
|switch|p2b: Urshifu|Urshifu-Rapid-Strike, L50, F|32/100
|-activate|p1a: Miraidon|ability: Hadron Engine
|turn|6
|inactive|L3o_Just has 30 seconds left.
|inactive|L3o_Just has 20 seconds left.
|
|t:|1750714202
|-terastallize|p1b: Terapagos|Stellar
|detailschange|p1b: Terapagos|Terapagos-Stellar, L50, M, tera:Stellar
|-heal|p1b: Terapagos|86/100|[silent]
|-ability|p1b: Terapagos|Teraform Zero
|-fieldend|move: Electric Terrain
|move|p2b: Urshifu|Close Combat|p1b: Terapagos
|-supereffective|p1b: Terapagos
|-damage|p1b: Terapagos|24/100
|-unboost|p2b: Urshifu|def|1
|-unboost|p2b: Urshifu|spd|1
|move|p2a: Mewtwo|Psystrike|p1a: Miraidon
|-damage|p1a: Miraidon|36/100
|move|p1a: Miraidon|Electro Drift|p2b: Urshifu
|-supereffective|p2b: Urshifu
|-damage|p2b: Urshifu|0 fnt
|faint|p2b: Urshifu
|move|p1b: Terapagos|Tera Starstorm|p2a: Mewtwo
|-damage|p2a: Mewtwo|0 fnt
|faint|p2a: Mewtwo
|
|win|L3o_Just
|raw|L3o_Just's rating: 1223 &rarr; <strong>1253</strong><br />(+30 for winning)
|raw|SpinnerVGC's rating: 1288 &rarr; <strong>1258</strong><br />(-30 for losing)
