|j|☆Almadium
|j|☆pacersshouldvewon
|t:|1750811753
|gametype|doubles
|player|p1|Almadium|n|1152
|player|p2|pacersshouldvewon|bugcatcher-gen4dp|1132
|teamsize|p1|6
|teamsize|p2|6
|gen|9
|tier|[Gen 9] VGC 2025 Reg I
|rated|
|rule|Species Clause: Limit one of each Pokémon
|rule|Item Clause: Limit 1 of each item
|clearpoke
|poke|p1|Kyogre, L50|
|poke|p1|Lunala, L50|
|poke|p1|Iron Thorns, L50|
|poke|p1|Archaludon, L50, F|
|poke|p1|Ursaluna-Bloodmoon, L50, M|
|poke|p1|Urshifu-*, L50, M|
|poke|p2|Kyogre, L50|
|poke|p2|Miraidon, L50|
|poke|p2|Farigiraf, L50, M|
|poke|p2|Basculegion, L50, M|
|poke|p2|Roaring Moon, L50|
|poke|p2|Ogerpon-Cornerstone, L50, F|
|teampreview|4
|
|t:|1750811780
|start
|switch|p1a: Urshifu|Urshifu, L50, M|100/100
|switch|p1b: Lunala|Lunala, L50|100/100
|switch|p2a: Roaring Moon|Roaring Moon, L50|100/100
|switch|p2b: Lebron|Miraidon, L50|100/100
|-fieldstart|move: Electric Terrain|[from] ability: Hadron Engine|[of] p2b: Lebron
|-enditem|p2a: Roaring Moon|Booster Energy
|-activate|p2a: Roaring Moon|ability: Protosynthesis|[fromitem]
|-start|p2a: Roaring Moon|protosynthesisspe
|turn|1
|
|t:|1750811803
|move|p2a: Roaring Moon|Acrobatics|p1a: Urshifu
|-supereffective|p1a: Urshifu
|-damage|p1a: Urshifu|38/100
|move|p2b: Lebron|Volt Switch|p1b: Lunala
|-damage|p1b: Lunala|72/100
|
|t:|1750811811
|switch|p2b: Tyrese|Kyogre, L50|100/100|[from] Volt Switch
|-weather|RainDance|[from] ability: Drizzle|[of] p2b: Tyrese
|move|p1a: Urshifu|Close Combat|p2a: Roaring Moon
|-supereffective|p2a: Roaring Moon
|-damage|p2a: Roaring Moon|0 fnt
|-unboost|p1a: Urshifu|def|1
|-unboost|p1a: Urshifu|spd|1
|faint|p2a: Roaring Moon
|-end|p2a: Roaring Moon|Protosynthesis|[silent]
|move|p1b: Lunala|Trick Room|p1b: Lunala
|-fieldstart|move: Trick Room|[of] p1b: Lunala
|
|-weather|RainDance|[upkeep]
|upkeep
|
|t:|1750811823
|switch|p2a: Ogerpon|Ogerpon-Cornerstone, L50, F|100/100
|turn|2
|
|t:|1750811845
|move|p1a: Urshifu|Protect|p1a: Urshifu
|-singleturn|p1a: Urshifu|Protect
|move|p1b: Lunala|Moongeist Beam|p2b: Tyrese
|-damage|p2b: Tyrese|61/100
|move|p2b: Tyrese|Hydro Pump|p1b: Lunala
|-damage|p1b: Lunala|2/100
|-enditem|p1b: Lunala|Sitrus Berry|[eat]
|-heal|p1b: Lunala|27/100|[from] item: Sitrus Berry
|move|p2a: Ogerpon|Horn Leech|p1a: Urshifu
|-activate|p1a: Urshifu|move: Protect
|
|-weather|RainDance|[upkeep]
|upkeep
|turn|3
|
|t:|1750811872
|move|p1a: Urshifu|Close Combat|p2a: Ogerpon
|-supereffective|p2a: Ogerpon
|-ability|p2a: Ogerpon|Sturdy
|-damage|p2a: Ogerpon|1/100
|-unboost|p1a: Urshifu|def|1
|-unboost|p1a: Urshifu|spd|1
|move|p1b: Lunala|Moongeist Beam|p2b: Tyrese
|-damage|p2b: Tyrese|22/100
|move|p2b: Tyrese|Ice Beam|p1a: Urshifu
|-damage|p1a: Urshifu|0 fnt
|faint|p1a: Urshifu
|move|p2a: Ogerpon|Ivy Cudgel|p1b: Lunala|[anim] Ivy Cudgel Rock
|-damage|p1b: Lunala|0 fnt
|faint|p1b: Lunala
|
|-weather|RainDance|[upkeep]
|upkeep
|
|t:|1750811893
|switch|p1a: Kyogre|Kyogre, L50|100/100
|switch|p1b: Iron Thorns|Iron Thorns, L50|100/100
|-activate|p1b: Iron Thorns|ability: Quark Drive
|-start|p1b: Iron Thorns|quarkdriveatk
|turn|4
|
|t:|1750811908
|-terastallize|p1a: Kyogre|Water
|move|p2b: Tyrese|Protect|p2b: Tyrese
|-singleturn|p2b: Tyrese|Protect
|move|p2a: Ogerpon|Spiky Shield|p2a: Ogerpon
|-singleturn|p2a: Ogerpon|move: Protect
|move|p1b: Iron Thorns|Thunder Punch|p2b: Tyrese
|-activate|p2b: Tyrese|move: Protect
|move|p1a: Kyogre|Water Spout|p2a: Ogerpon|[spread] 
|-activate|p2a: Ogerpon|move: Protect
|-activate|p2b: Tyrese|move: Protect
|
|-weather|RainDance|[upkeep]
|upkeep
|turn|5
|
|t:|1750811930
|switch|p2b: Lebron|Miraidon, L50|100/100
|-activate|p2b: Lebron|ability: Hadron Engine
|move|p1b: Iron Thorns|Thunder Punch|p2b: Lebron
|-resisted|p2b: Lebron
|-damage|p2b: Lebron|87/100
|move|p1a: Kyogre|Water Spout|p2a: Ogerpon|[spread] p2a,p2b
|-resisted|p2b: Lebron
|-damage|p2a: Ogerpon|0 fnt
|-damage|p2b: Lebron|31/100
|faint|p2a: Ogerpon
|
|-weather|none
|-fieldend|move: Trick Room
|-fieldend|move: Electric Terrain
|-end|p1b: Iron Thorns|Quark Drive
|upkeep
|-enditem|p1b: Iron Thorns|Booster Energy
|-activate|p1b: Iron Thorns|ability: Quark Drive|[fromitem]
|-start|p1b: Iron Thorns|quarkdriveatk
|
|t:|1750811945
|switch|p2a: Tyrese|Kyogre, L50|22/100
|-weather|RainDance|[from] ability: Drizzle|[of] p2a: Tyrese
|turn|6
|
|t:|1750811971
|-terastallize|p2a: Tyrese|Grass
|move|p1a: Kyogre|Protect|p1a: Kyogre
|-singleturn|p1a: Kyogre|Protect
|move|p2b: Lebron|Electro Drift|p1a: Kyogre
|-activate|p1a: Kyogre|move: Protect
|move|p2a: Tyrese|Hydro Pump|p1b: Iron Thorns
|-supereffective|p1b: Iron Thorns
|-damage|p1b: Iron Thorns|0 fnt
|faint|p1b: Iron Thorns
|-end|p1b: Iron Thorns|Quark Drive|[silent]
|
|-weather|RainDance|[upkeep]
|upkeep
|turn|7
|
|t:|1750811990
|move|p2b: Lebron|Electro Drift|p1a: Kyogre
|-supereffective|p1a: Kyogre
|-damage|p1a: Kyogre|0 fnt
|faint|p1a: Kyogre
|
|win|pacersshouldvewon
|raw|Almadium's rating: 1152 &rarr; <strong>1126</strong><br />(-26 for losing)
|raw|pacersshouldvewon's rating: 1132 &rarr; <strong>1158</strong><br />(+26 for winning)
|l|☆Almadium
|player|p1|
|l|☆pacersshouldvewon
|player|p2|
