|j|☆chubao1132
|j|☆327736qu
|t:|1750727394
|gametype|doubles
|player|p1|chubao1132|1|1174
|player|p2|327736qu|grimsley|1059
|teamsize|p1|6
|teamsize|p2|6
|gen|9
|tier|[Gen 9] VGC 2025 Reg I
|rated|
|rule|Species Clause: Limit one of each Pokémon
|rule|Item Clause: Limit 1 of each item
|clearpoke
|poke|p1|Miraidon, L50|
|poke|p1|Calyrex-Shadow, L50|
|poke|p1|Tornadus, L50, M|
|poke|p1|Clefairy, L50, F|
|poke|p1|Incineroar, L50, F|
|poke|p1|Urshifu-*, L50, F|
|poke|p2|Frosmoth, L50, M|
|poke|p2|Overqwil, L50, F|
|poke|p2|Ho-Oh, L50|
|poke|p2|Rillaboom, L50, M|
|poke|p2|Calyrex-Ice, L50|
|poke|p2|Ting-Lu, L50|
|teampreview|4
|inactive|Battle timer is ON: inactive players will automatically lose when time's up. (requested by 327736qu)
|
|t:|1750727416
|start
|switch|p1a: Miraidon|Miraidon, L50|100/100
|switch|p1b: Tornadus|Tornadus, L50, M|100/100
|switch|p2a: Frosmoth|Frosmoth, L50, M, shiny|100/100
|switch|p2b: Calyrex|Calyrex-Ice, L50|100/100
|-ability|p2b: Calyrex|As One
|-ability|p2b: Calyrex|Unnerve
|-fieldstart|move: Electric Terrain|[from] ability: Hadron Engine|[of] p1a: Miraidon
|turn|1
|inactive|chubao1132 has 30 seconds left.
|inactive|327736qu has 30 seconds left.
|
|t:|1750727448
|switch|p2b: Rillaboom|Rillaboom, L50, M, shiny|100/100
|-fieldstart|move: Grassy Terrain|[from] ability: Grassy Surge|[of] p2b: Rillaboom
|-terastallize|p1a: Miraidon|Fairy
|move|p1b: Tornadus|Taunt|p2b: Rillaboom
|-start|p2b: Rillaboom|move: Taunt
|move|p1a: Miraidon|Draco Meteor|p2a: Frosmoth
|-damage|p2a: Frosmoth|65/100
|-unboost|p1a: Miraidon|spa|2
|-damage|p1a: Miraidon|91/100|[from] item: Life Orb
|move|p2a: Frosmoth|Struggle Bug|p1a: Miraidon|[spread] p1a,p1b
|-resisted|p1a: Miraidon
|-resisted|p1b: Tornadus
|-damage|p1a: Miraidon|84/100
|-damage|p1b: Tornadus|93/100
|-unboost|p1a: Miraidon|spa|1
|
|-heal|p1a: Miraidon|90/100|[from] Grassy Terrain
|-heal|p2a: Frosmoth|71/100|[from] Grassy Terrain
|upkeep
|turn|2
|inactive|chubao1132 has 30 seconds left.
|inactive|327736qu has 30 seconds left.
|inactive|chubao1132 has 20 seconds left.
|inactive|327736qu has 20 seconds left.
|inactive|chubao1132 has 15 seconds left.
|inactive|327736qu has 15 seconds left.
|inactive|327736qu has 10 seconds left.
|inactive|327736qu has 5 seconds left.
|
|t:|1750727503
|move|p2a: Frosmoth|Protect|p2a: Frosmoth
|-singleturn|p2a: Frosmoth|Protect
|move|p2b: Rillaboom|Fake Out|p1b: Tornadus
|-damage|p1b: Tornadus|78/100
|move|p1a: Miraidon|Electro Drift|p2a: Frosmoth
|-activate|p2a: Frosmoth|move: Protect
|move|p1b: Tornadus|Bleakwind Storm|p2b: Rillaboom|[spread] p2b
|-activate|p2a: Frosmoth|move: Protect
|-supereffective|p2b: Rillaboom
|-damage|p2b: Rillaboom|57/100
|
|-heal|p1a: Miraidon|97/100|[from] Grassy Terrain
|-heal|p2b: Rillaboom|63/100|[from] Grassy Terrain
|-heal|p2a: Frosmoth|77/100|[from] Grassy Terrain
|upkeep
|turn|3
|
|t:|1750727523
|move|p1a: Miraidon|Electro Drift|p2a: Frosmoth
|-damage|p2a: Frosmoth|66/100
|-damage|p1a: Miraidon|87/100|[from] item: Life Orb
|move|p1b: Tornadus|Bleakwind Storm|p2b: Rillaboom|[spread] p2a,p2b
|-supereffective|p2a: Frosmoth
|-supereffective|p2b: Rillaboom
|-damage|p2a: Frosmoth|43/100
|-damage|p2b: Rillaboom|15/100
|-unboost|p2b: Rillaboom|spe|1
|move|p2b: Rillaboom|U-turn|p1b: Tornadus
|-resisted|p1b: Tornadus
|-damage|p1b: Tornadus|66/100
|
|t:|1750727535
|switch|p2b: Calyrex|Calyrex-Ice, L50|100/100|[from] U-turn
|-ability|p2b: Calyrex|As One
|-ability|p2b: Calyrex|Unnerve
|move|p2a: Frosmoth|Infestation|p1a: Miraidon
|-resisted|p1a: Miraidon
|-damage|p1a: Miraidon|83/100
|-activate|p1a: Miraidon|move: Infestation|[of] p2a: Frosmoth
|
|-heal|p1a: Miraidon|89/100|[from] Grassy Terrain
|-heal|p2a: Frosmoth|49/100|[from] Grassy Terrain
|-damage|p1a: Miraidon|77/100|[from] move: Infestation|[partiallytrapped]
|upkeep
|turn|4
|
|t:|1750727554
|move|p2b: Calyrex|Protect|p2b: Calyrex
|-singleturn|p2b: Calyrex|Protect
|move|p1b: Tornadus|Taunt|p2b: Calyrex
|-activate|p2b: Calyrex|move: Protect
|move|p1a: Miraidon|Electro Drift|p2a: Frosmoth
|-damage|p2a: Frosmoth|38/100
|-damage|p1a: Miraidon|67/100|[from] item: Life Orb
|move|p2a: Frosmoth|Ice Beam|p1b: Tornadus
|-supereffective|p1b: Tornadus
|-damage|p1b: Tornadus|0 fnt
|faint|p1b: Tornadus
|
|-heal|p1a: Miraidon|73/100|[from] Grassy Terrain
|-heal|p2a: Frosmoth|44/100|[from] Grassy Terrain
|-damage|p1a: Miraidon|61/100|[from] move: Infestation|[partiallytrapped]
|upkeep
|
|t:|1750727570
|switch|p1b: Calyrex|Calyrex-Shadow, L50|100/100
|-ability|p1b: Calyrex|As One
|-ability|p1b: Calyrex|Unnerve
|turn|5
|inactive|chubao1132 has 30 seconds left.
|
|t:|1750727598
|-terastallize|p2b: Calyrex|Water
|move|p1a: Miraidon|Protect|p1a: Miraidon
|-singleturn|p1a: Miraidon|Protect
|move|p1b: Calyrex|Astral Barrage|p2b: Calyrex|[spread] p2a,p2b
|-damage|p2a: Frosmoth|21/100
|-damage|p2b: Calyrex|66/100
|move|p2a: Frosmoth|Struggle Bug|p1a: Miraidon|[spread] p1b
|-activate|p1a: Miraidon|move: Protect
|-damage|p1b: Calyrex|86/100
|-unboost|p1b: Calyrex|spa|1
|move|p2b: Calyrex|Trick Room|p2b: Calyrex
|-fieldstart|move: Trick Room|[of] p2b: Calyrex
|
|-heal|p2a: Frosmoth|27/100|[from] Grassy Terrain
|-heal|p2b: Calyrex|72/100|[from] Grassy Terrain
|-heal|p2b: Calyrex|77/100|[from] item: Leftovers
|-heal|p1a: Miraidon|67/100|[from] Grassy Terrain
|-heal|p1b: Calyrex|93/100|[from] Grassy Terrain
|-damage|p1a: Miraidon|54/100|[from] move: Infestation|[partiallytrapped]
|-fieldend|move: Grassy Terrain
|upkeep
|turn|6
|inactive|chubao1132 has 30 seconds left.
|
|t:|1750727630
|move|p1b: Calyrex|Protect|p1b: Calyrex
|-singleturn|p1b: Calyrex|Protect
|move|p2a: Frosmoth|Struggle Bug|p1b: Calyrex|[spread] p1a
|-activate|p1b: Calyrex|move: Protect
|-resisted|p1a: Miraidon
|-damage|p1a: Miraidon|47/100
|-unboost|p1a: Miraidon|spa|1
|move|p2b: Calyrex|Leech Seed|p1b: Calyrex
|-activate|p1b: Calyrex|move: Protect
|move|p1a: Miraidon|Electro Drift|p2b: Calyrex
|-supereffective|p2b: Calyrex
|-damage|p2b: Calyrex|36/100
|-damage|p1a: Miraidon|37/100|[from] item: Life Orb
|
|-heal|p2b: Calyrex|42/100|[from] item: Leftovers
|-damage|p1a: Miraidon|25/100|[from] move: Infestation|[partiallytrapped]
|upkeep
|turn|7
|
|t:|1750727654
|move|p2a: Frosmoth|Struggle Bug|p1a: Miraidon|[spread] p1a,p1b
|-resisted|p1a: Miraidon
|-damage|p1a: Miraidon|18/100
|-damage|p1b: Calyrex|77/100
|-unboost|p1a: Miraidon|spa|1
|-unboost|p1b: Calyrex|spa|1
|move|p2b: Calyrex|Leech Seed|p1b: Calyrex
|-start|p1b: Calyrex|move: Leech Seed
|move|p1a: Miraidon|Electro Drift|p2b: Calyrex
|-supereffective|p2b: Calyrex
|-damage|p2b: Calyrex|8/100
|-damage|p1a: Miraidon|8/100|[from] item: Life Orb
|move|p1b: Calyrex|Astral Barrage|p2b: Calyrex|[spread] p2a,p2b
|-damage|p2a: Frosmoth|15/100
|-damage|p2b: Calyrex|0 fnt
|faint|p2b: Calyrex
|-ability|p1b: Calyrex|Grim Neigh|boost
|-boost|p1b: Calyrex|spa|1
|
|-end|p1a: Miraidon|Infestation|[partiallytrapped]
|upkeep
|
|t:|1750727666
|switch|p2b: Rillaboom|Rillaboom, L50, M, shiny|15/100
|-fieldstart|move: Grassy Terrain|[from] ability: Grassy Surge|[of] p2b: Rillaboom
|turn|8
|
|t:|1750727686
|move|p1b: Calyrex|Protect|p1b: Calyrex
|-singleturn|p1b: Calyrex|Protect
|move|p2b: Rillaboom|Fake Out|p1a: Miraidon
|-damage|p1a: Miraidon|0 fnt
|faint|p1a: Miraidon
|move|p2a: Frosmoth|Struggle Bug|p1b: Calyrex
|-activate|p1b: Calyrex|move: Protect
|
|-heal|p2a: Frosmoth|22/100|[from] Grassy Terrain
|-heal|p2b: Rillaboom|21/100|[from] Grassy Terrain
|-heal|p1b: Calyrex|83/100|[from] Grassy Terrain
|-damage|p1b: Calyrex|71/100|[from] Leech Seed|[of] p2b: Rillaboom
|-heal|p2b: Rillaboom|32/100|[silent]
|upkeep
|
|t:|1750727697
|switch|p1a: Clefairy|Clefairy, L50, F|100/100
|turn|9
|
|t:|1750727708
|switch|p2b: Oh-Ho|Ho-Oh, L50, shiny|100/100
|move|p1a: Clefairy|After You|p1b: Calyrex
|-activate|p1b: Calyrex|move: After You
|move|p1b: Calyrex|Astral Barrage|p2b: Oh-Ho|[spread] p2a,p2b
|-damage|p2a: Frosmoth|6/100
|-damage|p2b: Oh-Ho|79/100
|move|p2a: Frosmoth|Struggle Bug|p1a: Clefairy|[spread] p1a,p1b
|-resisted|p1a: Clefairy
|-damage|p1a: Clefairy|94/100
|-damage|p1b: Calyrex|60/100
|-unboost|p1a: Clefairy|spa|1
|-unboost|p1b: Calyrex|spa|1
|
|-heal|p1a: Clefairy|99/100|[from] Grassy Terrain
|-heal|p2a: Frosmoth|12/100|[from] Grassy Terrain
|-heal|p1b: Calyrex|66/100|[from] Grassy Terrain
|-damage|p1b: Calyrex|53/100|[from] Leech Seed|[of] p2b: Oh-Ho
|-heal|p2b: Oh-Ho|90/100|[silent]
|-fieldend|move: Trick Room
|upkeep
|turn|10
|inactive|chubao1132 has 30 seconds left.
|inactive|327736qu has 30 seconds left.
|
|t:|1750727735
|move|p1a: Clefairy|Helping Hand|p1b: Calyrex
|-singleturn|p1b: Calyrex|Helping Hand|[of] p1a: Clefairy
|move|p2a: Frosmoth|Protect|p2a: Frosmoth
|-singleturn|p2a: Frosmoth|Protect
|move|p1b: Calyrex|Astral Barrage|p2a: Frosmoth|[spread] p2b
|-activate|p2a: Frosmoth|move: Protect
|-damage|p2b: Oh-Ho|65/100
|move|p2b: Oh-Ho|Life Dew|p2b: Oh-Ho|[spread] p2a,p2b
|-heal|p2a: Frosmoth|37/100
|-heal|p2b: Oh-Ho|90/100
|
|-heal|p1b: Calyrex|60/100|[from] Grassy Terrain
|-heal|p2a: Frosmoth|44/100|[from] Grassy Terrain
|-heal|p1a: Clefairy|100/100|[from] Grassy Terrain
|-damage|p1b: Calyrex|47/100|[from] Leech Seed|[of] p2b: Oh-Ho
|-heal|p2b: Oh-Ho|100/100|[silent]
|upkeep
|turn|11
|
|t:|1750727759
|move|p1a: Clefairy|Follow Me|p1a: Clefairy
|-singleturn|p1a: Clefairy|move: Follow Me
|move|p1b: Calyrex|Astral Barrage|p2b: Oh-Ho|[spread] p2a,p2b
|-damage|p2a: Frosmoth|32/100
|-damage|p2b: Oh-Ho|85/100
|move|p2b: Oh-Ho|Life Dew|p2b: Oh-Ho|[spread] p2a,p2b
|-heal|p2a: Frosmoth|57/100
|-heal|p2b: Oh-Ho|100/100
|move|p2a: Frosmoth|Struggle Bug|p1a: Clefairy|[spread] p1a,p1b
|-resisted|p1a: Clefairy
|-damage|p1a: Clefairy|94/100
|-damage|p1b: Calyrex|35/100
|-unboost|p1a: Clefairy|spa|1
|-unboost|p1b: Calyrex|spa|1
|
|-heal|p1b: Calyrex|41/100|[from] Grassy Terrain
|-heal|p2a: Frosmoth|63/100|[from] Grassy Terrain
|-heal|p1a: Clefairy|99/100|[from] Grassy Terrain
|-damage|p1b: Calyrex|29/100|[from] Leech Seed|[of] p2b: Oh-Ho
|upkeep
|turn|12
|
|t:|1750727779
|move|p2a: Frosmoth|Protect|p2a: Frosmoth
|-singleturn|p2a: Frosmoth|Protect
|move|p1b: Calyrex|Pollen Puff|p2a: Frosmoth
|-activate|p2a: Frosmoth|move: Protect
|move|p2b: Oh-Ho|Life Dew||[still]|[spread] p2a,p2b
|-heal|p2a: Frosmoth|88/100
|-fail|p2b: Oh-Ho|heal
|move|p1a: Clefairy|Icy Wind|p2a: Frosmoth|[spread] p2b
|-activate|p2a: Frosmoth|move: Protect
|-damage|p2b: Oh-Ho|99/100
|-unboost|p2b: Oh-Ho|spe|1
|
|-heal|p1b: Calyrex|35/100|[from] Grassy Terrain
|-heal|p2a: Frosmoth|94/100|[from] Grassy Terrain
|-heal|p1a: Clefairy|100/100|[from] Grassy Terrain
|-damage|p1b: Calyrex|23/100|[from] Leech Seed|[of] p2b: Oh-Ho
|-heal|p2b: Oh-Ho|100/100|[silent]
|-fieldend|move: Grassy Terrain
|upkeep
|turn|13
|inactive|chubao1132 has 30 seconds left.
|
|t:|1750727813
|move|p1a: Clefairy|Helping Hand|p1b: Calyrex
|-singleturn|p1b: Calyrex|Helping Hand|[of] p1a: Clefairy
|move|p1b: Calyrex|Astral Barrage|p2a: Frosmoth|[spread] p2a,p2b
|-damage|p2a: Frosmoth|82/100
|-damage|p2b: Oh-Ho|80/100
|move|p2b: Oh-Ho|Sacred Fire|p1a: Clefairy
|-damage|p1a: Clefairy|60/100
|-status|p1a: Clefairy|brn
|move|p2a: Frosmoth|Struggle Bug|p1b: Calyrex|[spread] p1a,p1b
|-resisted|p1a: Clefairy
|-damage|p1a: Clefairy|53/100 brn
|-damage|p1b: Calyrex|10/100
|-unboost|p1a: Clefairy|spa|1
|-unboost|p1b: Calyrex|spa|1
|
|-damage|p1b: Calyrex|0 fnt|[from] Leech Seed|[of] p2b: Oh-Ho
|-heal|p2b: Oh-Ho|88/100|[silent]
|faint|p1b: Calyrex
|-damage|p1a: Clefairy|47/100 brn|[from] brn
|upkeep
|turn|14
|
|t:|1750727832
|move|p2b: Oh-Ho|Sacred Fire|p1a: Clefairy
|-damage|p1a: Clefairy|11/100 brn
|move|p2a: Frosmoth|Ice Beam|p1a: Clefairy
|-damage|p1a: Clefairy|0 fnt
|faint|p1a: Clefairy
|
|win|327736qu
|raw|chubao1132's rating: 1174 &rarr; <strong>1141</strong><br />(-33 for losing)
|raw|327736qu's rating: 1059 &rarr; <strong>1100</strong><br />(+41 for winning)
|l|☆chubao1132
|player|p1|
