|j|☆Test-on-calls
|j|☆Dqstrqyed
|t:|1750724422
|gametype|doubles
|player|p1|Test-on-calls|169|1437
|player|p2|Dqstrqyed|169|1466
|teamsize|p1|6
|teamsize|p2|6
|gen|9
|tier|[Gen 9] VGC 2025 Reg I
|rated|
|rule|Species Clause: Limit one of each Pokémon
|rule|Item Clause: Limit 1 of each item
|clearpoke
|poke|p1|Chien-Pao, L50|
|poke|p1|Grimmsnarl, L50, M|
|poke|p1|Gouging Fire, L50|
|poke|p1|Giratina-Origin, L50|
|poke|p1|Zamazenta-*, L50|
|poke|p1|Milotic, L50, M|
|poke|p2|Kyogre, L50|
|poke|p2|Zamazenta-*, L50|
|poke|p2|Wo-Chien, L50|
|poke|p2|Tornadus, L50, M|
|poke|p2|Urshifu-*, L50, M|
|poke|p2|Ogerpon-Cornerstone, L50, F|
|teampreview|4
|inactive|Battle timer is ON: inactive players will automatically lose when time's up. (requested by Dqstrqyed)
|j| Yohosophat4040
|l| Yohosophat4040
|j| Yohosophat4040
|l| Yohosophat4040
|inactive|Test-on-calls has 60 seconds left.
|inactive|Dqstrqyed has 60 seconds left.
|
|t:|1750724466
|start
|switch|p1a: Grimmsnarl|Grimmsnarl, L50, M, shiny|100/100
|switch|p1b: Giratina|Giratina-Origin, L50, shiny|100/100
|switch|p2a: Kyogre|Kyogre, L50|100/100
|switch|p2b: Wo-Chien|Wo-Chien, L50|100/100
|-ability|p2b: Wo-Chien|Tablets of Ruin
|-weather|RainDance|[from] ability: Drizzle|[of] p2a: Kyogre
|turn|1
|
|t:|1750724489
|move|p1b: Giratina|Protect|p1b: Giratina
|-singleturn|p1b: Giratina|Protect
|move|p1a: Grimmsnarl|Thunder Wave|p2a: Kyogre
|-status|p2a: Kyogre|par
|move|p2b: Wo-Chien|Ruination|p1a: Grimmsnarl
|-damage|p1a: Grimmsnarl|50/100
|cant|p2a: Kyogre|par
|
|-weather|RainDance|[upkeep]
|upkeep
|turn|2
|
|t:|1750724513
|move|p1b: Giratina|Poltergeist|p2a: Kyogre
|-activate|p2a: Kyogre|move: Poltergeist|Assault Vest
|-damage|p2a: Kyogre|53/100 par
|move|p2b: Wo-Chien|Pollen Puff|p2a: Kyogre
|-heal|p2a: Kyogre|100/100 par
|move|p1a: Grimmsnarl|Spirit Break|p2a: Kyogre
|-damage|p2a: Kyogre|80/100 par
|-unboost|p2a: Kyogre|spa|1
|move|p2a: Kyogre|Water Spout|p1b: Giratina|[spread] p1a,p1b
|-resisted|p1b: Giratina
|-damage|p1a: Grimmsnarl|0 fnt
|-damage|p1b: Giratina|81/100
|faint|p1a: Grimmsnarl
|
|-weather|RainDance|[upkeep]
|upkeep
|
|t:|1750724524
|switch|p1a: Zamazenta|Zamazenta-Crowned, L50, shiny|100/100
|-ability|p1a: Zamazenta|Dauntless Shield|boost
|-boost|p1a: Zamazenta|def|1
|turn|3
|
|t:|1750724545
|switch|p2a: Zamazenta|Zamazenta-Crowned, L50|100/100
|-ability|p2a: Zamazenta|Dauntless Shield|boost
|-boost|p2a: Zamazenta|def|1
|-terastallize|p2b: Wo-Chien|Water
|move|p1a: Zamazenta|Body Press|p2b: Wo-Chien
|-damage|p2b: Wo-Chien|57/100
|move|p1b: Giratina|Poltergeist|p2b: Wo-Chien
|-activate|p2b: Wo-Chien|move: Poltergeist|Sitrus Berry
|-damage|p2b: Wo-Chien|16/100
|-enditem|p2b: Wo-Chien|Sitrus Berry|[eat]
|-heal|p2b: Wo-Chien|41/100|[from] item: Sitrus Berry
|move|p2b: Wo-Chien|Reflect|p2b: Wo-Chien
|-sidestart|p2: Dqstrqyed|Reflect
|
|-weather|RainDance|[upkeep]
|upkeep
|turn|4
|inactive|Test-on-calls has 30 seconds left.
|inactive|Dqstrqyed has 30 seconds left.
|inactive|Test-on-calls has 20 seconds left.
|inactive|Test-on-calls has 15 seconds left.
|
|t:|1750724588
|switch|p2b: Ogerpon|Ogerpon-Cornerstone, L50, F|100/100
|move|p1a: Zamazenta|Body Press|p2b: Ogerpon
|-supereffective|p2b: Ogerpon
|-ability|p2b: Ogerpon|Sturdy
|-damage|p2b: Ogerpon|1/100
|move|p2a: Zamazenta|Body Press|p1a: Zamazenta
|-supereffective|p1a: Zamazenta
|-damage|p1a: Zamazenta|46/100
|move|p1b: Giratina|Poltergeist|p2b: Ogerpon
|-activate|p2b: Ogerpon|move: Poltergeist|Cornerstone Mask
|-damage|p2b: Ogerpon|0 fnt
|faint|p2b: Ogerpon
|
|-weather|RainDance|[upkeep]
|upkeep
|j| falafal hunk chunk
|
|t:|1750724607
|switch|p2b: Kyogre|Kyogre, L50|80/100 par
|turn|5
|
|t:|1750724616
|-terastallize|p1a: Zamazenta|Dragon
|move|p1a: Zamazenta|Body Press|p2b: Kyogre
|-damage|p2b: Kyogre|38/100 par
|move|p2a: Zamazenta|Body Press|p1a: Zamazenta
|-damage|p1a: Zamazenta|20/100
|move|p1b: Giratina|Poltergeist|p2b: Kyogre
|-activate|p2b: Kyogre|move: Poltergeist|Assault Vest
|-damage|p2b: Kyogre|0 fnt
|faint|p2b: Kyogre
|
|-weather|none
|upkeep
|
|t:|1750724626
|switch|p2b: Wo-Chien|Wo-Chien, L50, tera:Water|41/100
|-ability|p2b: Wo-Chien|Tablets of Ruin
|turn|6
|
|t:|1750724650
|move|p1a: Zamazenta|Body Press|p2a: Zamazenta
|-supereffective|p2a: Zamazenta
|-damage|p2a: Zamazenta|76/100
|move|p2a: Zamazenta|Body Press|p1a: Zamazenta
|-damage|p1a: Zamazenta|0 fnt
|faint|p1a: Zamazenta
|move|p1b: Giratina|Poltergeist||[still]
|-fail|p1b: Giratina
|move|p2b: Wo-Chien|Pollen Puff|p2a: Zamazenta
|-heal|p2a: Zamazenta|100/100
|
|upkeep
|
|t:|1750724655
|switch|p1a: Chien-Pao|Chien-Pao, L50|100/100
|-ability|p1a: Chien-Pao|Sword of Ruin
|turn|7
|
|t:|1750724668
|move|p2b: Wo-Chien|Protect|p2b: Wo-Chien
|-singleturn|p2b: Wo-Chien|Protect
|move|p1a: Chien-Pao|Throat Chop|p2b: Wo-Chien
|-activate|p2b: Wo-Chien|move: Protect
|move|p2a: Zamazenta|Body Press|p1a: Chien-Pao
|-supereffective|p1a: Chien-Pao
|-enditem|p1a: Chien-Pao|Focus Sash
|-damage|p1a: Chien-Pao|1/100
|move|p1b: Giratina|Poltergeist||[still]
|-fail|p1b: Giratina
|
|-sideend|p2: Dqstrqyed|Reflect
|upkeep
|turn|8
|inactive|Dqstrqyed has 30 seconds left.
|
|t:|1750724694
|move|p1a: Chien-Pao|Throat Chop|p2b: Wo-Chien
|-damage|p2b: Wo-Chien|9/100
|-start|p2b: Wo-Chien|Throat Chop|[silent]
|move|p2a: Zamazenta|Behemoth Bash|p1a: Chien-Pao
|-supereffective|p1a: Chien-Pao
|-damage|p1a: Chien-Pao|0 fnt
|faint|p1a: Chien-Pao
|move|p1b: Giratina|Dragon Claw|p2b: Wo-Chien
|-damage|p2b: Wo-Chien|0 fnt
|faint|p2b: Wo-Chien
|
|upkeep
|turn|9
|
|t:|1750724705
|move|p1b: Giratina|Protect|p1b: Giratina
|-singleturn|p1b: Giratina|Protect
|move|p2a: Zamazenta|Behemoth Bash|p1b: Giratina
|-activate|p1b: Giratina|move: Protect
|
|upkeep
|turn|10
|
|t:|1750724710
|move|p2a: Zamazenta|Behemoth Bash|p1b: Giratina
|-damage|p1b: Giratina|52/100
|move|p1b: Giratina|Poltergeist|p2a: Zamazenta
|-activate|p2a: Zamazenta|move: Poltergeist|Rusted Shield
|-damage|p2a: Zamazenta|75/100
|
|upkeep
|turn|11
|
|t:|1750724719
|move|p1b: Giratina|Protect|p1b: Giratina
|-singleturn|p1b: Giratina|Protect
|move|p2a: Zamazenta|Behemoth Bash|p1b: Giratina
|-activate|p1b: Giratina|move: Protect
|
|upkeep
|turn|12
|
|t:|1750724723
|move|p2a: Zamazenta|Behemoth Bash|p1b: Giratina
|-damage|p1b: Giratina|21/100
|move|p1b: Giratina|Poltergeist|p2a: Zamazenta
|-activate|p2a: Zamazenta|move: Poltergeist|Rusted Shield
|-damage|p2a: Zamazenta|50/100
|
|upkeep
|turn|13
|
|t:|1750724729
|move|p1b: Giratina|Protect|p1b: Giratina
|-singleturn|p1b: Giratina|Protect
|move|p2a: Zamazenta|Body Press|p1b: Giratina
|-activate|p1b: Giratina|move: Protect
|
|upkeep
|turn|14
|
|t:|1750724735
|move|p1b: Giratina|Protect|p1b: Giratina
|-singleturn|p1b: Giratina|Protect
|move|p2a: Zamazenta|Behemoth Bash|p1b: Giratina
|-activate|p1b: Giratina|move: Protect
|
|upkeep
|turn|15
|
|t:|1750724739
|move|p1b: Giratina|Protect||[still]
|-fail|p1b: Giratina
|move|p2a: Zamazenta|Behemoth Bash|p1b: Giratina
|-damage|p1b: Giratina|0 fnt
|faint|p1b: Giratina
|
|win|Dqstrqyed
|raw|Test-on-calls's rating: 1451 &rarr; <strong>1432</strong><br />(-19 for losing)
|raw|Dqstrqyed's rating: 1466 &rarr; <strong>1485</strong><br />(+19 for winning)
|l|☆Test-on-calls
|player|p1|
|l|☆Dqstrqyed
|player|p2|
