|j|☆i be at work n shi
|j|☆Sillinator
|t:|1750859491
|gametype|doubles
|player|p1|i be at work n shi|101|1088
|player|p2|Sillinator|2|1175
|teamsize|p1|4
|teamsize|p2|6
|gen|9
|tier|[Gen 9] VGC 2025 Reg I
|rated|
|rule|Species Clause: Limit one of each Pokémon
|rule|Item Clause: Limit 1 of each item
|clearpoke
|poke|p1|Kyogre, L50|
|poke|p1|Meowstic, L50, M|
|poke|p1|Tauros, L50, M|
|poke|p1|Beartic, L50, M|
|poke|p2|Yanma, L50, M|
|poke|p2|Sableye, L50, F|
|poke|p2|Koraidon, L50|
|poke|p2|Lunala, L50|
|poke|p2|Urshifu-*, L50, M|
|poke|p2|Rillaboom, L50, M|
|teampreview|4
|inactive|Battle timer is ON: inactive players will automatically lose when time's up. (requested by Sillinator)
i be at work n shi has agreed to open team sheets.
|inactive|Sillinator has 60 seconds left.
|
|t:|1750859525
|start
|switch|p1a: Meowstic|Meowstic, L50, M|100/100
|switch|p1b: Kyogre|Kyogre, L50|100/100
|switch|p2a: Sableye|Sableye, L50, F|100/100
|switch|p2b: Lunala|Lunala, L50|100/100
|-weather|RainDance|[from] ability: Drizzle|[of] p1b: Kyogre
|turn|1
|
|t:|1750859545
|switch|p2b: Koraidon|Koraidon, L50|100/100
|-weather|SunnyDay|[from] ability: Orichalcum Pulse|[of] p2b: Koraidon
|-activate|p2b: Koraidon|Orichalcum Pulse|[source]
|move|p1a: Meowstic|Helping Hand|p1b: Kyogre
|-singleturn|p1b: Kyogre|Helping Hand|[of] p1a: Meowstic
|move|p2a: Sableye|Light Screen|p2a: Sableye
|-sidestart|p2: Sillinator|move: Light Screen
|move|p1b: Kyogre|Water Spout|p2b: Koraidon|[spread] p2a,p2b
|-resisted|p2b: Koraidon
|-damage|p2a: Sableye|64/100
|-damage|p2b: Koraidon|85/100
|
|-weather|SunnyDay|[upkeep]
|upkeep
|turn|2
|
|t:|1750859563
|-terastallize|p1b: Kyogre|Water
|move|p1a: Meowstic|Rain Dance|p1a: Meowstic
|-weather|RainDance
|move|p2a: Sableye|Disable|p1b: Kyogre
|-start|p1b: Kyogre|Disable|Water Spout
|cant|p1b: Kyogre|Disable|Water Spout
|move|p2b: Koraidon|Flame Charge|p1a: Meowstic
|-damage|p1a: Meowstic|86/100
|-boost|p2b: Koraidon|spe|1
|-damage|p2b: Koraidon|76/100|[from] item: Life Orb
|
|-weather|RainDance|[upkeep]
|upkeep
|turn|3
|c|☆i be at work n shi|oh damn
|c|☆i be at work n shi|nicee
|
|t:|1750859587
|switch|p1b: Beartic|Beartic, L50, M|100/100
|switch|p1a: Tauros|Tauros, L50, M|100/100
|-ability|p1a: Tauros|Intimidate|boost
|-unboost|p2a: Sableye|atk|1
|-unboost|p2b: Koraidon|atk|1
|move|p2a: Sableye|Encore||[still]
|-fail|p2a: Sableye
|move|p2b: Koraidon|Close Combat|p1b: Beartic
|-supereffective|p1b: Beartic
|-damage|p1b: Beartic|0 fnt
|-unboost|p2b: Koraidon|def|1
|-unboost|p2b: Koraidon|spd|1
|faint|p1b: Beartic
|-damage|p2b: Koraidon|66/100|[from] item: Life Orb
|
|-weather|RainDance|[upkeep]
|upkeep
|
|t:|1750859600
|switch|p1b: Kyogre|Kyogre, L50, tera:Water|100/100
|turn|4
|
|t:|1750859608
|switch|p2a: Urshifu|Urshifu-Rapid-Strike, L50, M|100/100
|move|p1a: Tauros|Helping Hand|p1b: Kyogre
|-singleturn|p1b: Kyogre|Helping Hand|[of] p1a: Tauros
|move|p2b: Koraidon|Close Combat|p1b: Kyogre
|-damage|p1b: Kyogre|29/100
|-unboost|p2b: Koraidon|def|1
|-unboost|p2b: Koraidon|spd|1
|-damage|p2b: Koraidon|57/100|[from] item: Life Orb
|move|p1b: Kyogre|Water Spout|p2a: Urshifu|[spread] p2a,p2b
|-resisted|p2a: Urshifu
|-crit|p2a: Urshifu
|-resisted|p2b: Koraidon
|-damage|p2a: Urshifu|38/100
|-damage|p2b: Koraidon|24/100
|
|-weather|RainDance|[upkeep]
|upkeep
|turn|5
|
|t:|1750859633
|switch|p1b: Meowstic|Meowstic, L50, M|86/100
|-terastallize|p2a: Urshifu|Water
|move|p2b: Koraidon|Close Combat|p1b: Meowstic
|-resisted|p1b: Meowstic
|-damage|p1b: Meowstic|51/100
|-unboost|p2b: Koraidon|def|1
|-unboost|p2b: Koraidon|spd|1
|-damage|p2b: Koraidon|14/100|[from] item: Life Orb
|move|p2a: Urshifu|Surging Strikes|p1a: Tauros
|-crit|p1a: Tauros
|-damage|p1a: Tauros|60/100
|-crit|p1a: Tauros
|-damage|p1a: Tauros|17/100
|-crit|p1a: Tauros
|-damage|p1a: Tauros|0 fnt
|faint|p1a: Tauros
|-hitcount|p1: Tauros|3
|
|-weather|RainDance|[upkeep]
|upkeep
|
|t:|1750859646
|switch|p1a: Kyogre|Kyogre, L50, tera:Water|29/100
|turn|6
|
|t:|1750859656
|move|p1b: Meowstic|Fake Out|p2b: Koraidon
|-damage|p2b: Koraidon|3/100
|cant|p2b: Koraidon|flinch
|move|p1a: Kyogre|Origin Pulse|p2a: Urshifu|[spread] p2a
|-miss|p1a: Kyogre|p2b: Koraidon
|-resisted|p2a: Urshifu
|-damage|p2a: Urshifu|0 fnt
|faint|p2a: Urshifu
|
|-weather|RainDance|[upkeep]
|upkeep
|c|☆i be at work n shi|bruh
|c|☆i be at work n shi|really
|c|☆i be at work n shi|thats...
|
|t:|1750859668
|switch|p2a: Sableye|Sableye, L50, F|64/100
|turn|7
|c|☆i be at work n shi|thats kinda msesed up
|c|☆i be at work n shi|gg I guess
|
|t:|1750859684
|move|p1b: Meowstic|Gravity|p1b: Meowstic
|-fieldstart|move: Gravity
|move|p2a: Sableye|Disable|p1a: Kyogre
|-start|p1a: Kyogre|Disable|Origin Pulse
|move|p2b: Koraidon|Close Combat|p1a: Kyogre
|-crit|p1a: Kyogre
|-damage|p1a: Kyogre|0 fnt
|-unboost|p2b: Koraidon|def|1
|-unboost|p2b: Koraidon|spd|1
|faint|p1a: Kyogre
|-damage|p2b: Koraidon|0 fnt|[from] item: Life Orb
|faint|p2b: Koraidon
|
|-weather|RainDance|[upkeep]
|upkeep
|
|t:|1750859691
|switch|p2b: Lunala|Lunala, L50|100/100
|turn|8
|-message|i be at work n shi forfeited.
|
|win|Sillinator
|raw|i be at work n shi's rating: 1088 &rarr; <strong>1070</strong><br />(-18 for losing)
|raw|Sillinator's rating: 1175 &rarr; <strong>1194</strong><br />(+19 for winning)
|l|☆i be at work n shi
|player|p1|
|l|☆Sillinator
|player|p2|
