|j|☆regieternal
|j|‽Archexkk_Agameru
|t:|1750804324
|gametype|doubles
|player|p1|regieternal|lusamine-nihilego|1027
|player|p2|Archexkk_Agameru|guitarist|1062
|teamsize|p1|6
|teamsize|p2|6
|gen|9
|tier|[Gen 9] VGC 2025 Reg I
|rated|
|rule|Species Clause: Limit one of each Pokémon
|rule|Item Clause: Limit 1 of each item
|clearpoke
|poke|p1|Calyrex-Shadow, L50|
|poke|p1|Zamazenta-*, L50|
|poke|p1|Chien-Pao, L50|
|poke|p1|Urshifu-*, L50, M|
|poke|p1|Incineroar, L50, M|
|poke|p1|Rillaboom, L50, M|
|poke|p2|Miraidon, L50|
|poke|p2|Calyrex-Shadow, L50|
|poke|p2|Smeargle, L50, M|
|poke|p2|Incineroar, L50, F|
|poke|p2|Whimsicott, L50, M|
|poke|p2|Rillaboom, L50, M|
|teampreview|4
|inactive|Battle timer is ON: inactive players will automatically lose when time's up. (requested by Archexkk_Agameru)
|
|t:|1750804334
|start
|switch|p1a: Zamazenta|Zamazenta-Crowned, L50|100/100
|switch|p1b: Incineroar|Incineroar, L50, M|100/100
|switch|p2a: Miraidon|Miraidon, L50|100/100
|switch|p2b: Whimsicott|Whimsicott, L50, M, shiny|100/100
|-fieldstart|move: Electric Terrain|[from] ability: Hadron Engine|[of] p2a: Miraidon
|-ability|p1a: Zamazenta|Dauntless Shield|boost
|-boost|p1a: Zamazenta|def|1
|-ability|p1b: Incineroar|Intimidate|boost
|-unboost|p2a: Miraidon|atk|1
|-unboost|p2b: Whimsicott|atk|1
|turn|1
|
|t:|1750804353
|move|p1b: Incineroar|Fake Out|p2a: Miraidon
|-damage|p2a: Miraidon|89/100
|move|p2b: Whimsicott|Tailwind|p2b: Whimsicott
|-sidestart|p2: Archexkk_Agameru|move: Tailwind
|move|p2a: Miraidon|Volt Switch|p1a: Zamazenta
|-damage|p1a: Zamazenta|44/100
|c|☆regieternal|wait wut
|
|t:|1750804366
|switch|p2a: Smeargle|Smeargle, L50, M|100/100|[from] Volt Switch
|move|p1a: Zamazenta|Heavy Slam|p2b: Whimsicott
|-supereffective|p2b: Whimsicott
|-enditem|p2b: Whimsicott|Focus Sash
|-damage|p2b: Whimsicott|1/100
|
|-ability|p2a: Smeargle|Moody|boost
|-boost|p2a: Smeargle|spd|2
|-unboost|p2a: Smeargle|spe|1
|upkeep
|turn|2
|c|☆regieternal|why didn't miraidon flinch?
|c|☆regieternal|maybe covert cloak
|inactive|Archexkk_Agameru has 30 seconds left.
|inactive|Archexkk_Agameru has 20 seconds left.
|
|t:|1750804403
|move|p1a: Zamazenta|Protect|p1a: Zamazenta
|-singleturn|p1a: Zamazenta|Protect
|move|p2b: Whimsicott|Moonblast|p1a: Zamazenta
|-activate|p1a: Zamazenta|move: Protect
|move|p2a: Smeargle|Minimize|p2a: Smeargle
|-boost|p2a: Smeargle|evasion|2
|move|p1b: Incineroar|Parting Shot|p2a: Smeargle
|-unboost|p2a: Smeargle|atk|1
|-unboost|p2a: Smeargle|spa|1
|
|t:|1750804415
|switch|p1b: Rillaboom|Rillaboom, L50, M|100/100|[from] Parting Shot
|-fieldstart|move: Grassy Terrain|[from] ability: Grassy Surge|[of] p1b: Rillaboom
|
|-heal|p2b: Whimsicott|7/100|[from] Grassy Terrain
|-heal|p1a: Zamazenta|50/100|[from] Grassy Terrain
|-ability|p2a: Smeargle|Moody|boost
|-boost|p2a: Smeargle|atk|2
|-unboost|p2a: Smeargle|spa|1
|upkeep
|turn|3
|
|t:|1750804435
|switch|p1a: Calyrex|Calyrex-Shadow, L50|100/100
|-ability|p1a: Calyrex|As One
|-ability|p1a: Calyrex|Unnerve
|-terastallize|p2b: Whimsicott|Ghost
|move|p1b: Rillaboom|Fake Out|p2a: Smeargle|[miss]
|-miss|p1b: Rillaboom|p2a: Smeargle
|move|p2b: Whimsicott|Moonblast|p1a: Calyrex
|-damage|p1a: Calyrex|67/100
|move|p2a: Smeargle|Minimize|p2a: Smeargle
|-boost|p2a: Smeargle|evasion|2
|
|-heal|p2b: Whimsicott|13/100|[from] Grassy Terrain
|-heal|p1a: Calyrex|73/100|[from] Grassy Terrain
|-ability|p2a: Smeargle|Moody|boost
|-boost|p2a: Smeargle|spe|2
|-unboost|p2a: Smeargle|spa|1
|upkeep
|turn|4
|inactive|regieternal has 30 seconds left.
|inactive|Archexkk_Agameru has 30 seconds left.
|
|t:|1750804463
|switch|p2b: Miraidon|Miraidon, L50|89/100
|-fieldstart|move: Electric Terrain|[from] ability: Hadron Engine|[of] p2b: Miraidon
|move|p2a: Smeargle|Minimize|p2a: Smeargle
|-boost|p2a: Smeargle|evasion|2
|move|p1a: Calyrex|Astral Barrage|p2b: Miraidon|[spread] p2b
|-immune|p2a: Smeargle
|-damage|p2b: Miraidon|26/100
|-damage|p1a: Calyrex|64/100|[from] item: Life Orb
|move|p1b: Rillaboom|Wood Hammer|p2a: Smeargle
|-damage|p2a: Smeargle|0 fnt
|faint|p2a: Smeargle
|-damage|p1b: Rillaboom|78/100|[from] Recoil
|
|-sideend|p2: Archexkk_Agameru|move: Tailwind
|upkeep
|
|t:|1750804475
|switch|p2a: Whimsicott|Whimsicott, L50, M, shiny, tera:Ghost|13/100
|turn|5
|
|t:|1750804488
|switch|p1b: Incineroar|Incineroar, L50, M|100/100
|-ability|p1b: Incineroar|Intimidate|boost
|-unboost|p2a: Whimsicott|atk|1
|-unboost|p2b: Miraidon|atk|1
|move|p2a: Whimsicott|Tailwind|p2a: Whimsicott
|-sidestart|p2: Archexkk_Agameru|move: Tailwind
|move|p2b: Miraidon|Electro Drift|p1b: Incineroar
|-damage|p1b: Incineroar|14/100
|-damage|p2b: Miraidon|10/100|[from] item: Rocky Helmet|[of] p1b: Incineroar
|move|p1a: Calyrex|Astral Barrage|p2b: Miraidon|[spread] p2a,p2b
|-supereffective|p2a: Whimsicott
|-damage|p2a: Whimsicott|0 fnt
|-damage|p2b: Miraidon|0 fnt
|faint|p2a: Whimsicott
|faint|p2b: Miraidon
|-ability|p1a: Calyrex|Grim Neigh|boost
|-boost|p1a: Calyrex|spa|2
|-damage|p1a: Calyrex|54/100|[from] item: Life Orb
|
|upkeep
|
|t:|1750804498
|switch|p2b: Calyrex|Calyrex-Shadow, L50|100/100
|-ability|p2b: Calyrex|As One
|-ability|p2b: Calyrex|Unnerve
|turn|6
|
|t:|1750804517
|switch|p1b: Rillaboom|Rillaboom, L50, M|78/100
|-fieldstart|move: Grassy Terrain|[from] ability: Grassy Surge|[of] p1b: Rillaboom
|-terastallize|p1a: Calyrex|Fairy
|move|p2b: Calyrex|Astral Barrage|p1b: Rillaboom|[spread] p1a,p1b
|-crit|p1a: Calyrex
|-damage|p1a: Calyrex|0 fnt
|-damage|p1b: Rillaboom|34/100
|faint|p1a: Calyrex
|-ability|p2b: Calyrex|Grim Neigh|boost
|-boost|p2b: Calyrex|spa|1
|
|-heal|p1b: Rillaboom|41/100|[from] Grassy Terrain
|upkeep
|
|t:|1750804534
|switch|p1a: Zamazenta|Zamazenta-Crowned, L50|50/100
|turn|7
|
|t:|1750804556
|move|p1a: Zamazenta|Protect|p1a: Zamazenta
|-singleturn|p1a: Zamazenta|Protect
|move|p1b: Rillaboom|Grassy Glide|p2b: Calyrex
|-damage|p2b: Calyrex|50/100
|move|p2b: Calyrex|Psychic|p1a: Zamazenta
|-activate|p1a: Zamazenta|move: Protect
|
|-heal|p2b: Calyrex|56/100|[from] Grassy Terrain
|-heal|p1a: Zamazenta|56/100|[from] Grassy Terrain
|-heal|p1b: Rillaboom|47/100|[from] Grassy Terrain
|upkeep
|turn|8
|
|t:|1750804571
|move|p1a: Zamazenta|Wide Guard|p1a: Zamazenta
|-singleturn|p1a: Zamazenta|Wide Guard
|move|p2b: Calyrex|Psychic|p1a: Zamazenta
|-damage|p1a: Zamazenta|0 fnt
|faint|p1a: Zamazenta
|-ability|p2b: Calyrex|Grim Neigh|boost
|-boost|p2b: Calyrex|spa|1
|move|p1b: Rillaboom|Wood Hammer|p2b: Calyrex
|-damage|p2b: Calyrex|0 fnt
|faint|p2b: Calyrex
|-damage|p1b: Rillaboom|30/100|[from] Recoil
|
|win|regieternal
|raw|regieternal's rating: 1027 &rarr; <strong>1067</strong><br />(+40 for winning)
|raw|Archexkk_Agameru's rating: 1062 &rarr; <strong>1041</strong><br />(-21 for losing)
|l|‽Archexkk_Agameru
|player|p2|
