|j|☆cauzinxd
|j|☆mejonat
|t:|1750872175
|gametype|doubles
|player|p1|cauzinxd|102|1143
|player|p2|mejonat|1|1113
|teamsize|p1|6
|teamsize|p2|6
|gen|9
|tier|[Gen 9] VGC 2025 Reg I
|rated|
|rule|Species Clause: Limit one of each Pokémon
|rule|Item Clause: Limit 1 of each item
|clearpoke
|poke|p1|Torkoal, L50, M|
|poke|p1|Exeggutor, L50, F|
|poke|p1|Indeedee-F, L50, F|
|poke|p1|Sneasler, L50, M|
|poke|p1|Hydreigon, L50, M|
|poke|p1|Ceruledge, L50, F|
|poke|p2|Samurott-Hisui, L50, M|
|poke|p2|Moltres-Galar, L50|
|poke|p2|Miraidon, L50|
|poke|p2|Rhydon, L50, F|
|poke|p2|Kyogre, L50|
|poke|p2|Amoonguss, L50, F|
|teampreview|4
|
|t:|1750872209
|start
|switch|p1a: Indeedee|Indeedee-F, L50, F, shiny|100/100
|switch|p1b: Sneasler|Sneasler, L50, M|100/100
|switch|p2a: Moltres|Moltres-Galar, L50|100/100
|switch|p2b: Kyogre|Kyogre, L50|100/100
|-weather|RainDance|[from] ability: Drizzle|[of] p2b: Kyogre
|-fieldstart|move: Psychic Terrain|[from] ability: Psychic Surge|[of] p1a: Indeedee
|-enditem|p1b: Sneasler|Psychic Seed
|-boost|p1b: Sneasler|spd|1|[from] item: Psychic Seed
|turn|1
|
|t:|1750872247
|switch|p1a: Torkoal|Torkoal, L50, M|100/100
|-weather|SunnyDay|[from] ability: Drought|[of] p1a: Torkoal
|move|p1b: Sneasler|Dire Claw|p2a: Moltres
|-damage|p2a: Moltres|59/100
|-status|p2a: Moltres|slp
|move|p2b: Kyogre|Water Spout|p1a: Torkoal|[spread] p1a,p1b
|-supereffective|p1a: Torkoal
|-damage|p1a: Torkoal|25/100
|-damage|p1b: Sneasler|73/100
|cant|p2a: Moltres|slp
|
|-weather|SunnyDay|[upkeep]
|-heal|p2a: Moltres|65/100 slp|[from] item: Leftovers
|upkeep
|turn|2
|
|t:|1750872288
|switch|p1a: Ceruledge|Ceruledge, L50, F|100/100
|move|p1b: Sneasler|Dire Claw|p2b: Kyogre
|-damage|p2b: Kyogre|52/100
|-status|p2b: Kyogre|slp
|cant|p2b: Kyogre|slp
|-curestatus|p2a: Moltres|slp|[msg]
|move|p2a: Moltres|Tailwind|p2a: Moltres
|-sidestart|p2: mejonat|move: Tailwind
|
|-weather|SunnyDay|[upkeep]
|-heal|p2a: Moltres|71/100|[from] item: Leftovers
|upkeep
|turn|3
|
|t:|1750872316
|-terastallize|p1a: Ceruledge|Grass
|move|p1b: Sneasler|Dire Claw|p2a: Moltres
|-damage|p2a: Moltres|27/100
|-ability|p2a: Moltres|Berserk|boost
|-boost|p2a: Moltres|spa|1
|-curestatus|p2b: Kyogre|slp|[msg]
|move|p2b: Kyogre|Origin Pulse|p1a: Ceruledge|[spread] p1a,p1b
|-resisted|p1a: Ceruledge
|-damage|p1a: Ceruledge|88/100
|-damage|p1b: Sneasler|52/100
|move|p2a: Moltres|U-turn|p1a: Ceruledge
|-supereffective|p1a: Ceruledge
|-damage|p1a: Ceruledge|55/100
|
|t:|1750872330
|switch|p2a: Miraidon|Miraidon, L50|100/100|[from] U-turn
|-fieldstart|move: Electric Terrain|[from] ability: Hadron Engine|[of] p2a: Miraidon
|move|p1a: Ceruledge|Bulk Up|p1a: Ceruledge
|-boost|p1a: Ceruledge|atk|1
|-boost|p1a: Ceruledge|def|1
|
|-weather|SunnyDay|[upkeep]
|-heal|p1a: Ceruledge|61/100|[from] item: Leftovers
|upkeep
|turn|4
|
|t:|1750872356
|move|p1b: Sneasler|Protect|p1b: Sneasler
|-singleturn|p1b: Sneasler|Protect
|move|p2a: Miraidon|Volt Switch|p1b: Sneasler
|-activate|p1b: Sneasler|move: Protect
|move|p2b: Kyogre|Icy Wind|p1b: Sneasler|[spread] p1a
|-activate|p1b: Sneasler|move: Protect
|-supereffective|p1a: Ceruledge
|-damage|p1a: Ceruledge|26/100
|-unboost|p1a: Ceruledge|spe|1
|move|p1a: Ceruledge|Poltergeist|p2a: Miraidon
|-activate|p2a: Miraidon|move: Poltergeist|Choice Specs
|-damage|p2a: Miraidon|4/100
|
|-weather|SunnyDay|[upkeep]
|-heal|p1a: Ceruledge|32/100|[from] item: Leftovers
|upkeep
|turn|5
|
|t:|1750872379
|move|p1a: Ceruledge|Protect|p1a: Ceruledge
|-singleturn|p1a: Ceruledge|Protect
|move|p2a: Miraidon|Volt Switch|p1b: Sneasler
|-damage|p1b: Sneasler|0 fnt
|faint|p1b: Sneasler
|
|t:|1750872388
|switch|p2a: Samurott|Samurott-Hisui, L50, M|100/100|[from] Volt Switch
|move|p2b: Kyogre|Icy Wind|p1a: Ceruledge
|-activate|p1a: Ceruledge|move: Protect
|
|-weather|none
|-heal|p1a: Ceruledge|38/100|[from] item: Leftovers
|-sideend|p2: mejonat|move: Tailwind
|upkeep
|
|t:|1750872400
|switch|p1b: Torkoal|Torkoal, L50, M|25/100
|-weather|SunnyDay|[from] ability: Drought|[of] p1b: Torkoal
|turn|6
|
|t:|1750872415
|move|p1b: Torkoal|Protect|p1b: Torkoal
|-singleturn|p1b: Torkoal|Protect
|move|p2b: Kyogre|Icy Wind|p1a: Ceruledge|[spread] p1a
|-activate|p1b: Torkoal|move: Protect
|-supereffective|p1a: Ceruledge
|-crit|p1a: Ceruledge
|-damage|p1a: Ceruledge|0 fnt
|faint|p1a: Ceruledge
|move|p2a: Samurott|Focus Energy|p2a: Samurott
|-start|p2a: Samurott|move: Focus Energy
|
|-weather|SunnyDay|[upkeep]
|upkeep
|
|t:|1750872427
|switch|p1a: Indeedee|Indeedee-F, L50, F, shiny|100/100
|-fieldstart|move: Psychic Terrain|[from] ability: Psychic Surge|[of] p1a: Indeedee
|turn|7
|-message|cauzinxd forfeited.
|
|win|mejonat
|raw|cauzinxd's rating: 1143 &rarr; <strong>1116</strong><br />(-27 for losing)
|raw|mejonat's rating: 1113 &rarr; <strong>1140</strong><br />(+27 for winning)
|l|☆cauzinxd
|player|p1|
|l|☆mejonat
|player|p2|
