|j|☆ihopeafairmatch
|j|☆wuhanyiluanma
|t:|1750840312
|gametype|doubles
|player|p1|ihopeafairmatch|ghetsis|1427
|player|p2|wuhanyiluanma|266|1462
|teamsize|p1|6
|teamsize|p2|6
|gen|9
|tier|[Gen 9] VGC 2025 Reg I
|rated|
|rule|Species Clause: Limit one of each Pokémon
|rule|Item Clause: Limit 1 of each item
|clearpoke
|poke|p1|Kyogre, L50|
|poke|p1|Necrozma-Dusk-Mane, L50|
|poke|p1|Indeedee-F, L50, F|
|poke|p1|Tornadus, L50, M|
|poke|p1|Basculegion, L50, M|
|poke|p1|Chesnaught, L50, F|
|poke|p2|Okidogi, L50, M|
|poke|p2|Palkia, L50|
|poke|p2|Lanturn, L50, F|
|poke|p2|Miraidon, L50|
|poke|p2|Grimmsnarl, L50, M|
|poke|p2|Oranguru, L50, M|
|teampreview|4
|inactive|Battle timer is ON: inactive players will automatically lose when time's up. (requested by ihopeafairmatch)
|inactive|ihopeafairmatch has 60 seconds left.
|
|t:|1750840345
|start
|switch|p1a: Kyogre|Kyogre, L50|100/100
|switch|p1b: Basculegion|Basculegion, L50, M|100/100
|switch|p2a: Grimmsnarl|Grimmsnarl, L50, M|100/100
|switch|p2b: Palkia|Palkia, L50|100/100
|-weather|RainDance|[from] ability: Drizzle|[of] p1a: Kyogre
|turn|1
|
|t:|1750840358
|switch|p1a: Indeedee|Indeedee-F, L50, F|100/100
|-fieldstart|move: Psychic Terrain|[from] ability: Psychic Surge|[of] p1a: Indeedee
|move|p2a: Grimmsnarl|Light Screen|p2a: Grimmsnarl
|-sidestart|p2: wuhanyiluanma|move: Light Screen
|move|p1b: Basculegion|Wave Crash|p2a: Grimmsnarl
|-damage|p2a: Grimmsnarl|0 fnt
|faint|p2a: Grimmsnarl
|-damage|p1b: Basculegion|69/100|[from] Recoil
|move|p2b: Palkia|Spacial Rend|p1a: Indeedee|[miss]
|-miss|p2b: Palkia|p1a: Indeedee
|
|-weather|RainDance|[upkeep]
|upkeep
|
|t:|1750840374
|switch|p2a: Miraidon|Miraidon, L50|100/100
|-fieldstart|move: Electric Terrain|[from] ability: Hadron Engine|[of] p2a: Miraidon
|turn|2
|
|t:|1750840392
|move|p1b: Basculegion|Wave Crash|p2a: Miraidon
|-resisted|p2a: Miraidon
|-damage|p2a: Miraidon|52/100
|-damage|p1b: Basculegion|54/100|[from] Recoil
|move|p2a: Miraidon|Parabolic Charge|p1b: Basculegion|[spread] p1a,p1b
|-activate|p2b: Palkia|ability: Telepathy
|-supereffective|p1b: Basculegion
|-damage|p1a: Indeedee|65/100
|-heal|p2a: Miraidon|68/100|[from] drain|[of] p1a: Indeedee
|-damage|p1b: Basculegion|0 fnt
|-heal|p2a: Miraidon|96/100|[from] drain|[of] p1b: Basculegion
|faint|p1b: Basculegion
|move|p2b: Palkia|Spacial Rend|p1a: Indeedee
|-damage|p1a: Indeedee|0 fnt
|faint|p1a: Indeedee
|
|-weather|RainDance|[upkeep]
|upkeep
|
|t:|1750840401
|switch|p1b: Necrozma|Necrozma-Dusk-Mane, L50|100/100
|switch|p1a: Kyogre|Kyogre, L50|100/100
|turn|3
|
|t:|1750840417
|-terastallize|p1a: Kyogre|Grass
|move|p2a: Miraidon|Calm Mind|p2a: Miraidon
|-boost|p2a: Miraidon|spa|1
|-boost|p2a: Miraidon|spd|1
|move|p1a: Kyogre|Water Spout|p2a: Miraidon|[spread] p2a,p2b
|-resisted|p2a: Miraidon
|-resisted|p2b: Palkia
|-damage|p2a: Miraidon|75/100
|-damage|p2b: Palkia|86/100
|move|p2b: Palkia|Spacial Rend|p1a: Kyogre
|-damage|p1a: Kyogre|53/100
|move|p1b: Necrozma|Photon Geyser|p2a: Miraidon
|-damage|p2a: Miraidon|20/100
|-damage|p1b: Necrozma|91/100|[from] item: Life Orb
|
|-weather|RainDance|[upkeep]
|upkeep
|turn|4
|inactive|wuhanyiluanma has 30 seconds left.
|
|t:|1750840445
|move|p1a: Kyogre|Protect|p1a: Kyogre
|-singleturn|p1a: Kyogre|Protect
|move|p2a: Miraidon|Parabolic Charge|p1b: Necrozma|[spread] p1b
|-activate|p1a: Kyogre|move: Protect
|-activate|p2b: Palkia|ability: Telepathy
|-damage|p1b: Necrozma|41/100
|-heal|p2a: Miraidon|44/100|[from] drain|[of] p1b: Necrozma
|move|p2b: Palkia|Spacial Rend|p1b: Necrozma
|-resisted|p1b: Necrozma
|-crit|p1b: Necrozma
|-damage|p1b: Necrozma|0 fnt
|faint|p1b: Necrozma
|
|-weather|RainDance|[upkeep]
|upkeep
|turn|5
|-message|ihopeafairmatch forfeited.
|
|win|wuhanyiluanma
|raw|ihopeafairmatch's rating: 1427 &rarr; <strong>1409</strong><br />(-18 for losing)
|raw|wuhanyiluanma's rating: 1462 &rarr; <strong>1480</strong><br />(+18 for winning)
|l|☆ihopeafairmatch
|player|p1|
|j|☆ihopeafairmatch
|player|p1|ihopeafairmatch|ghetsis|
|l|☆wuhanyiluanma
|player|p2|
|l|☆ihopeafairmatch
|player|p1|
