|j|☆pokecrusher12
|j|☆Zeebers
|t:|1750778717
|gametype|doubles
|player|p1|pokecrusher12|caitlin|1109
|player|p2|Zeebers|flannery|1076
|teamsize|p1|6
|teamsize|p2|6
|gen|9
|tier|[Gen 9] VGC 2025 Reg I
|rated|
|rule|Species Clause: Limit one of each Pokémon
|rule|Item Clause: Limit 1 of each item
|clearpoke
|poke|p1|Koraidon, L50|
|poke|p1|Raging Bolt, L50|
|poke|p1|Smeargle, L50, M|
|poke|p1|Miraidon, L50|
|poke|p1|Incineroar, L50, F|
|poke|p1|Farigiraf, L50, M|
|poke|p2|Tauros-Paldea-Blaze, L50, M|
|poke|p2|Froslass, L50, F|
|poke|p2|Ninetales-Alola, L50, M|
|poke|p2|Whimsicott, L50, F|
|poke|p2|Lugia, L50|
|poke|p2|Calyrex-Shadow, L50|
|teampreview|4
|inactive|Battle timer is ON: inactive players will automatically lose when time's up. (requested by pokecrusher12)
pokecrusher12 rejected open team sheets.
|inactive|Zeebers has 60 seconds left.
|
|t:|1750778755
|start
|switch|p1a: Raging Bolt|Raging Bolt, L50|100/100
|switch|p1b: Smeargle|Smeargle, L50, M|100/100
|switch|p2a: Ninetales|Ninetales-Alola, L50, M|100/100
|switch|p2b: Calyrex|Calyrex-Shadow, L50|100/100
|-ability|p2b: Calyrex|As One
|-ability|p2b: Calyrex|Unnerve
|-item|p2b: Calyrex|Air Balloon
|-weather|Snowscape|[from] ability: Snow Warning|[of] p2a: Ninetales
|turn|1
|inactive|Zeebers has 30 seconds left.
|
|t:|1750778785
|move|p2b: Calyrex|Protect|p2b: Calyrex
|-singleturn|p2b: Calyrex|Protect
|move|p1a: Raging Bolt|Protect|p1a: Raging Bolt
|-singleturn|p1a: Raging Bolt|Protect
|move|p2a: Ninetales|Aurora Veil|p2a: Ninetales
|-sidestart|p2: Zeebers|move: Aurora Veil
|move|p1b: Smeargle|Decorate|p1a: Raging Bolt
|-boost|p1a: Raging Bolt|atk|2
|-boost|p1a: Raging Bolt|spa|2
|
|-weather|Snowscape|[upkeep]
|-ability|p1b: Smeargle|Moody|boost
|-boost|p1b: Smeargle|atk|2
|-unboost|p1b: Smeargle|def|1
|upkeep
|turn|2
|
|t:|1750778807
|switch|p1b: Koraidon|Koraidon, L50|100/100
|-weather|SunnyDay|[from] ability: Orichalcum Pulse|[of] p1b: Koraidon
|-activate|p1a: Raging Bolt|ability: Protosynthesis
|-start|p1a: Raging Bolt|protosynthesisspa
|-activate|p1b: Koraidon|Orichalcum Pulse|[source]
|-terastallize|p1a: Raging Bolt|Electric
|move|p1a: Raging Bolt|Thunderclap|p2b: Calyrex
|-damage|p2b: Calyrex|0 fnt
|-enditem|p2b: Calyrex|Air Balloon
|faint|p2b: Calyrex
|move|p2a: Ninetales|Dazzling Gleam|p1b: Koraidon|[spread] p1a,p1b
|-supereffective|p1b: Koraidon
|-damage|p1a: Raging Bolt|81/100
|-damage|p1b: Koraidon|18/100
|
|-weather|SunnyDay|[upkeep]
|upkeep
|
|t:|1750778821
|switch|p2b: Tauros|Tauros-Paldea-Blaze, L50, M|100/100
|turn|3
|
|t:|1750778829
|-terastallize|p2b: Tauros|Ground
|move|p2a: Ninetales|Protect|p2a: Ninetales
|-singleturn|p2a: Ninetales|Protect
|move|p1b: Koraidon|Protect|p1b: Koraidon
|-singleturn|p1b: Koraidon|Protect
|move|p1a: Raging Bolt|Thunderclap||[still]
|-fail|p1a: Raging Bolt
|move|p2b: Tauros|Earthquake|p1b: Koraidon|[spread] p1a
|-activate|p2a: Ninetales|move: Protect
|-activate|p1b: Koraidon|move: Protect
|-supereffective|p1a: Raging Bolt
|-damage|p1a: Raging Bolt|16/100
|
|-weather|SunnyDay|[upkeep]
|upkeep
|turn|4
|
|t:|1750778846
|switch|p2a: Whimsicott|Whimsicott, L50, F|100/100
|switch|p1b: Smeargle|Smeargle, L50, M|100/100
|move|p1a: Raging Bolt|Thunderclap||[still]
|-fail|p1a: Raging Bolt
|move|p2b: Tauros|Earthquake|p1b: Smeargle|[spread] p2a,p1a,p1b
|-resisted|p2a: Whimsicott
|-supereffective|p1a: Raging Bolt
|-damage|p2a: Whimsicott|86/100
|-damage|p1a: Raging Bolt|0 fnt
|-damage|p1b: Smeargle|15/100
|faint|p1a: Raging Bolt
|-end|p1a: Raging Bolt|Protosynthesis|[silent]
|
|-weather|SunnyDay|[upkeep]
|-ability|p1b: Smeargle|Moody|boost
|-boost|p1b: Smeargle|spe|2
|-unboost|p1b: Smeargle|spd|1
|upkeep
|
|t:|1750778850
|switch|p1a: Koraidon|Koraidon, L50|18/100
|-activate|p1a: Koraidon|ability: Orichalcum Pulse
|turn|5
|
|t:|1750778865
|move|p1b: Smeargle|Wide Guard|p1b: Smeargle
|-singleturn|p1b: Smeargle|Wide Guard
|move|p2a: Whimsicott|Tailwind|p2a: Whimsicott
|-sidestart|p2: Zeebers|move: Tailwind
|move|p2b: Tauros|Earthquake|p1b: Smeargle|[spread] p2a
|-activate|p1a: Koraidon|move: Wide Guard
|-activate|p1b: Smeargle|move: Wide Guard
|-resisted|p2a: Whimsicott
|-damage|p2a: Whimsicott|70/100
|move|p1a: Koraidon|Flame Charge|p2a: Whimsicott
|-supereffective|p2a: Whimsicott
|-damage|p2a: Whimsicott|15/100
|-boost|p1a: Koraidon|spe|1
|-enditem|p2a: Whimsicott|Salac Berry|[eat]
|-boost|p2a: Whimsicott|spe|1|[from] item: Salac Berry
|
|-weather|SunnyDay|[upkeep]
|-ability|p1b: Smeargle|Moody|boost
|-boost|p1b: Smeargle|spe|2
|-unboost|p1b: Smeargle|spd|1
|upkeep
|turn|6
|inactive|pokecrusher12 has 30 seconds left.
|
|t:|1750778893
|move|p2a: Whimsicott|Endure|p2a: Whimsicott
|-singleturn|p2a: Whimsicott|move: Endure
|move|p2b: Tauros|Earthquake|p1a: Koraidon|[spread] p2a,p1a,p1b
|-resisted|p2a: Whimsicott
|-activate|p2a: Whimsicott|move: Endure
|-damage|p2a: Whimsicott|1/100
|-damage|p1a: Koraidon|0 fnt
|-damage|p1b: Smeargle|0 fnt
|faint|p1a: Koraidon
|faint|p1b: Smeargle
|
|-weather|none
|upkeep
|-message|pokecrusher12 forfeited.
|
|win|Zeebers
|raw|pokecrusher12's rating: 1109 &rarr; <strong>1082</strong><br />(-27 for losing)
|raw|Zeebers's rating: 1076 &rarr; <strong>1107</strong><br />(+31 for winning)
|l|☆pokecrusher12
|player|p1|
