|j|☆Connieeee
|j|☆USVGC SSLT Neru
|t:|1750830233
|gametype|doubles
|player|p1|Connieeee|cynthia-gen4|1236
|player|p2|USVGC SSLT Neru|hilbert|1290
|teamsize|p1|6
|teamsize|p2|6
|gen|9
|tier|[Gen 9] VGC 2025 Reg I
|rated|
|rule|Species Clause: Limit one of each Pokémon
|rule|Item Clause: Limit 1 of each item
|clearpoke
|poke|p1|Maushold, L50|
|poke|p1|Miraidon, L50|
|poke|p1|Raichu-Alola, L50, F|
|poke|p1|Archaludon, L50, M|
|poke|p1|Chien-Pao, L50|
|poke|p1|Kyogre, L50|
|poke|p2|Grimmsnarl, L50, M|
|poke|p2|Calyrex-Shadow, L50|
|poke|p2|Weezing-Galar, L50, F|
|poke|p2|Flutter Mane, L50|
|poke|p2|Indeedee-F, L50, F|
|poke|p2|Kyurem-Black, L50|
|teampreview|4
|inactive|Battle timer is ON: inactive players will automatically lose when time's up. (requested by Connieeee)
Connieeee has agreed to open team sheets.
|
|t:|1750830250
|start
|switch|p1a: Raichu|Raichu-Alola, L50, F, shiny|100/100
|switch|p1b: Miraidon|Miraidon, L50|100/100
|switch|p2a: Kyurem|Kyurem-Black, L50|100/100
|switch|p2b: Weezing|Weezing-Galar, L50, F|100/100
|-ability|p2b: Weezing|Neutralizing Gas
|turn|1
|
|t:|1750830263
|-terastallize|p1b: Miraidon|Dark
|move|p2a: Kyurem|Protect|p2a: Kyurem
|-singleturn|p2a: Kyurem|Protect
|move|p1a: Raichu|Nuzzle|p2a: Kyurem
|-activate|p2a: Kyurem|move: Protect
|move|p1b: Miraidon|Snarl|p2b: Weezing|[spread] p2b
|-activate|p2a: Kyurem|move: Protect
|-resisted|p2b: Weezing
|-damage|p2b: Weezing|86/100
|move|p2b: Weezing|Poison Gas|p1b: Miraidon|[spread] p1a,p1b
|-status|p1a: Raichu|psn
|-status|p1b: Miraidon|psn
|
|-damage|p1a: Raichu|88/100 psn|[from] psn
|-damage|p1b: Miraidon|88/100 psn|[from] psn
|upkeep
|turn|2
|inactive|USVGC SSLT Neru has 30 seconds left.
|
|t:|1750830288
|move|p1a: Raichu|Nuzzle|p2a: Kyurem
|-resisted|p2a: Kyurem
|-damage|p2a: Kyurem|98/100
|-status|p2a: Kyurem|par
|move|p1b: Miraidon|Draco Meteor|p2a: Kyurem
|-supereffective|p2a: Kyurem
|-crit|p2a: Kyurem
|-damage|p2a: Kyurem|0 fnt
|-unboost|p1b: Miraidon|spa|2
|faint|p2a: Kyurem
|move|p2b: Weezing|Taunt|p1b: Miraidon
|-start|p1b: Miraidon|move: Taunt
|
|-damage|p1a: Raichu|75/100 psn|[from] psn
|-damage|p1b: Miraidon|76/100 psn|[from] psn
|upkeep
|
|t:|1750830292
|switch|p2a: Flutter Mane|Flutter Mane, L50|100/100
|turn|3
|
|t:|1750830312
|switch|p1b: Kyogre|Kyogre, L50|100/100
|-end|p2b: Weezing|ability: Neutralizing Gas
|-weather|RainDance|[from] ability: Drizzle|[of] p1b: Kyogre
|switch|p2b: Calyrex|Calyrex-Shadow, L50|100/100
|-enditem|p2a: Flutter Mane|Booster Energy
|-activate|p2a: Flutter Mane|ability: Protosynthesis|[fromitem]
|-start|p2a: Flutter Mane|protosynthesisspe
|-ability|p2b: Calyrex|As One
|-ability|p2b: Calyrex|Unnerve
|move|p2a: Flutter Mane|Dazzling Gleam|p1b: Kyogre|[spread] p1a,p1b
|-damage|p1a: Raichu|24/100 psn
|-damage|p1b: Kyogre|76/100
|move|p1a: Raichu|Encore||[still]
|-fail|p1a: Raichu
|
|-weather|RainDance|[upkeep]
|-damage|p1a: Raichu|12/100 psn|[from] psn
|upkeep
|turn|4
|
|t:|1750830334
|switch|p1b: Miraidon|Miraidon, L50, tera:Dark|76/100 psn
|-fieldstart|move: Electric Terrain|[from] ability: Hadron Engine|[of] p1b: Miraidon
|move|p2b: Calyrex|Protect|p2b: Calyrex
|-singleturn|p2b: Calyrex|Protect
|move|p1a: Raichu|Nuzzle|p2a: Flutter Mane
|-damage|p2a: Flutter Mane|84/100
|-status|p2a: Flutter Mane|par
|move|p2a: Flutter Mane|Icy Wind|p1b: Miraidon|[spread] p1a,p1b
|-damage|p1a: Raichu|0 fnt
|-damage|p1b: Miraidon|68/100 psn
|-unboost|p1b: Miraidon|spe|1
|faint|p1a: Raichu
|
|-weather|RainDance|[upkeep]
|-damage|p1b: Miraidon|56/100 psn|[from] psn
|upkeep
|
|t:|1750830345
|switch|p1a: Kyogre|Kyogre, L50|76/100
|turn|5
|
|t:|1750830354
|-terastallize|p2b: Calyrex|Dark
|move|p2b: Calyrex|Astral Barrage|p1b: Miraidon|[spread] p1a,p1b
|-resisted|p1b: Miraidon
|-damage|p1a: Kyogre|25/100
|-damage|p1b: Miraidon|39/100 psn
|-damage|p2b: Calyrex|91/100|[from] item: Life Orb
|move|p1a: Kyogre|Origin Pulse|p2a: Flutter Mane|[spread] p2a,p2b
|-damage|p2a: Flutter Mane|0 fnt
|-damage|p2b: Calyrex|0 fnt
|faint|p2a: Flutter Mane
|-end|p2a: Flutter Mane|Protosynthesis|[silent]
|faint|p2b: Calyrex
|move|p1b: Miraidon|Snarl|p2: Flutter Mane|[notarget]
|-fail|p1b: Miraidon
|
|-weather|RainDance|[upkeep]
|-damage|p1b: Miraidon|27/100 psn|[from] psn
|upkeep
|-message|USVGC SSLT Neru forfeited.
|
|win|Connieeee
|raw|Connieeee's rating: 1236 &rarr; <strong>1265</strong><br />(+29 for winning)
|raw|USVGC SSLT Neru's rating: 1290 &rarr; <strong>1261</strong><br />(-29 for losing)
|l|☆USVGC SSLT Neru
|player|p2|
|l|☆Connieeee
|player|p1|
