|j|☆grenwog
|j|☆ness#1glazer
|t:|1750745517
|gametype|doubles
|player|p1|grenwog|266|1204
|player|p2|ness#1glazer|n|1168
|teamsize|p1|6
|teamsize|p2|6
|gen|9
|tier|[Gen 9] VGC 2025 Reg I
|rated|
|rule|Species Clause: Limit one of each Pokémon
|rule|Item Clause: Limit 1 of each item
|clearpoke
|poke|p1|Revavroom, L50, M|
|poke|p1|Calyrex-Ice, L50|
|poke|p1|Miraidon, L50|
|poke|p1|Oranguru, L50, F|
|poke|p1|Incineroar, L50, F|
|poke|p1|Whimsicott, L50, F|
|poke|p2|Rillaboom, L50, F|
|poke|p2|Calyrex-Shadow, L50|
|poke|p2|Zamazenta-*, L50|
|poke|p2|Incineroar, L50, M|
|poke|p2|Raging Bolt, L50|
|poke|p2|Indeedee-F, L50, F|
|teampreview|4
|inactive|Battle timer is ON: inactive players will automatically lose when time's up. (requested by grenwog)
|inactive|grenwog has 60 seconds left.
ness#1glazer rejected open team sheets.
|
|t:|1750745560
|start
|switch|p1a: Incineroar|Incineroar, L50, F|100/100
|switch|p1b: Oranguru|Oranguru, L50, F|100/100
|switch|p2a: Calyrex|Calyrex-Shadow, L50|100/100
|switch|p2b: Indeedee|Indeedee-F, L50, F|100/100
|-ability|p2a: Calyrex|As One
|-ability|p2a: Calyrex|Unnerve
|-fieldstart|move: Psychic Terrain|[from] ability: Psychic Surge|[of] p2b: Indeedee
|-ability|p1a: Incineroar|Intimidate|boost
|-unboost|p2a: Calyrex|atk|1
|-unboost|p2b: Indeedee|atk|1
|turn|1
|
|t:|1750745576
|-terastallize|p1b: Oranguru|Dark
|move|p2a: Calyrex|Protect|p2a: Calyrex
|-singleturn|p2a: Calyrex|Protect
|move|p2b: Indeedee|Imprison|p2b: Indeedee
|-start|p2b: Indeedee|move: Imprison
|move|p1a: Incineroar|Knock Off|p2a: Calyrex
|-activate|p2a: Calyrex|move: Protect
|cant|p1b: Oranguru|move: Imprison|Trick Room
|
|upkeep
|turn|2
|
|t:|1750745593
|-terastallize|p2a: Calyrex|Dark
|move|p2b: Indeedee|Follow Me|p2b: Indeedee
|-singleturn|p2b: Indeedee|move: Follow Me
|move|p2a: Calyrex|Nasty Plot|p2a: Calyrex
|-boost|p2a: Calyrex|spa|2
|move|p1a: Incineroar|Knock Off|p2b: Indeedee
|-supereffective|p2b: Indeedee
|-damage|p2b: Indeedee|0 fnt
|-enditem|p2b: Indeedee|Sitrus Berry|[from] move: Knock Off|[of] p1a: Incineroar
|faint|p2b: Indeedee
|move|p1b: Oranguru|Knock Off|p2a: Calyrex
|-resisted|p2a: Calyrex
|-damage|p2a: Calyrex|85/100
|-enditem|p2a: Calyrex|Focus Sash|[from] move: Knock Off|[of] p1b: Oranguru
|
|upkeep
|
|t:|1750745604
|switch|p2b: Incineroar|Incineroar, L50, M|100/100
|-ability|p2b: Incineroar|Intimidate|boost
|-unboost|p1a: Incineroar|atk|1
|-fail|p1b: Oranguru|unboost|Attack|[from] ability: Inner Focus|[of] p1b: Oranguru
|turn|3
|
|t:|1750745617
|move|p2b: Incineroar|Fake Out|p1a: Incineroar
|-activate|p1a: Incineroar|move: Psychic Terrain
|move|p2a: Calyrex|Nasty Plot|p2a: Calyrex
|-boost|p2a: Calyrex|spa|2
|move|p1a: Incineroar|U-turn|p2a: Calyrex
|-supereffective|p2a: Calyrex
|-damage|p2a: Calyrex|51/100
|
|t:|1750745625
|switch|p1a: Calyrex|Calyrex-Ice, L50|100/100|[from] U-turn
|-ability|p1a: Calyrex|As One
|-ability|p1a: Calyrex|Unnerve
|move|p1b: Oranguru|Trick Room|p1b: Oranguru
|-fieldstart|move: Trick Room|[of] p1b: Oranguru
|
|upkeep
|turn|4
|
|t:|1750745651
|move|p1a: Calyrex|Protect|p1a: Calyrex
|-singleturn|p1a: Calyrex|Protect
|move|p1b: Oranguru|Knock Off|p2b: Incineroar
|-resisted|p2b: Incineroar
|-damage|p2b: Incineroar|89/100
|-enditem|p2b: Incineroar|Safety Goggles|[from] move: Knock Off|[of] p1b: Oranguru
|move|p2b: Incineroar|Parting Shot|p1a: Calyrex
|-activate|p1a: Calyrex|move: Protect
|move|p2a: Calyrex|Astral Barrage|p1a: Calyrex|[spread] p1b
|-activate|p1a: Calyrex|move: Protect
|-resisted|p1b: Oranguru
|-damage|p1b: Oranguru|43/100
|
|upkeep
|turn|5
|
|t:|1750745670
|switch|p1b: Incineroar|Incineroar, L50, F|100/100
|-ability|p1b: Incineroar|Intimidate|boost
|-unboost|p2a: Calyrex|atk|1
|-unboost|p2b: Incineroar|atk|1
|move|p2a: Calyrex|Protect|p2a: Calyrex
|-singleturn|p2a: Calyrex|Protect
|move|p1a: Calyrex|Glacial Lance|p2a: Calyrex|[spread] p2b
|-activate|p2a: Calyrex|move: Protect
|-resisted|p2b: Incineroar
|-damage|p2b: Incineroar|61/100
|move|p2b: Incineroar|Flare Blitz|p1a: Calyrex
|-supereffective|p1a: Calyrex
|-damage|p1a: Calyrex|59/100
|-damage|p2b: Incineroar|47/100|[from] Recoil
|
|-fieldend|move: Psychic Terrain
|upkeep
|turn|6
|inactive|grenwog has 30 seconds left.
|inactive|ness#1glazer has 30 seconds left.
|
|t:|1750745700
|switch|p2a: Zamazenta|Zamazenta-Crowned, L50|100/100
|-ability|p2a: Zamazenta|Dauntless Shield|boost
|-boost|p2a: Zamazenta|def|1
|move|p1a: Calyrex|Glacial Lance|p2a: Zamazenta|[spread] p2a,p2b
|-resisted|p2a: Zamazenta
|-resisted|p2b: Incineroar
|-damage|p2a: Zamazenta|90/100
|-damage|p2b: Incineroar|17/100
|move|p2b: Incineroar|Flare Blitz|p1a: Calyrex
|-supereffective|p1a: Calyrex
|-damage|p1a: Calyrex|11/100
|-damage|p2b: Incineroar|2/100|[from] Recoil
|move|p1b: Incineroar|U-turn|p2a: Zamazenta
|-resisted|p2a: Zamazenta
|-damage|p2a: Zamazenta|88/100
|
|t:|1750745715
|switch|p1b: Revavroom|Revavroom, L50, M|100/100|[from] U-turn
|
|upkeep
|turn|7
|
|t:|1750745724
|switch|p2b: Calyrex|Calyrex-Shadow, L50, tera:Dark|51/100
|-ability|p2b: Calyrex|As One
|-ability|p2b: Calyrex|Unnerve
|move|p2a: Zamazenta|Wide Guard|p2a: Zamazenta
|-singleturn|p2a: Zamazenta|Wide Guard
|move|p1a: Calyrex|High Horsepower|p2b: Calyrex
|-damage|p2b: Calyrex|0 fnt
|faint|p2b: Calyrex
|-ability|p1a: Calyrex|Chilling Neigh|boost
|-boost|p1a: Calyrex|atk|1
|move|p1b: Revavroom|High Horsepower|p2a: Zamazenta
|-supereffective|p2a: Zamazenta
|-damage|p2a: Zamazenta|62/100
|
|-fieldend|move: Trick Room
|upkeep
|
|t:|1750745733
|switch|p2b: Incineroar|Incineroar, L50, M|2/100
|-ability|p2b: Incineroar|Intimidate|boost
|-unboost|p1a: Calyrex|atk|1
|-unboost|p1b: Revavroom|atk|1
|turn|8
|
|t:|1750745746
|move|p1a: Calyrex|Protect|p1a: Calyrex
|-singleturn|p1a: Calyrex|Protect
|move|p2b: Incineroar|Fake Out|p1b: Revavroom
|-resisted|p1b: Revavroom
|-damage|p1b: Revavroom|95/100
|move|p2a: Zamazenta|Iron Defense|p2a: Zamazenta
|-boost|p2a: Zamazenta|def|2
|cant|p1b: Revavroom|flinch
|
|upkeep
|turn|9
|
|t:|1750745770
|switch|p1a: Incineroar|Incineroar, L50, F|100/100
|-ability|p1a: Incineroar|Intimidate|boost
|-unboost|p2a: Zamazenta|atk|1
|-unboost|p2b: Incineroar|atk|1
|move|p2a: Zamazenta|Body Press|p1b: Revavroom
|-damage|p1b: Revavroom|0 fnt
|faint|p1b: Revavroom
|move|p2b: Incineroar|Flare Blitz|p1a: Incineroar
|-resisted|p1a: Incineroar
|-damage|p1a: Incineroar|85/100
|-damage|p2b: Incineroar|0 fnt|[from] Recoil
|faint|p2b: Incineroar
|
|upkeep
|
|t:|1750745780
|switch|p1b: Calyrex|Calyrex-Ice, L50|11/100
|-ability|p1b: Calyrex|As One
|-ability|p1b: Calyrex|Unnerve
|turn|10
|
|t:|1750745794
|move|p1b: Calyrex|Protect|p1b: Calyrex
|-singleturn|p1b: Calyrex|Protect
|move|p2a: Zamazenta|Body Press|p1a: Incineroar
|-supereffective|p1a: Incineroar
|-damage|p1a: Incineroar|0 fnt
|faint|p1a: Incineroar
|
|upkeep
|-message|grenwog forfeited.
|
|win|ness#1glazer
|raw|grenwog's rating: 1204 &rarr; <strong>1176</strong><br />(-28 for losing)
|raw|ness#1glazer's rating: 1168 &rarr; <strong>1196</strong><br />(+28 for winning)
|l|☆grenwog
|player|p1|
