|j|☆dakouty
|j|☆izerial
|t:|1750835054
|gametype|doubles
|player|p1|dakouty|volkner|1185
|player|p2|izerial|bellelba|1229
|teamsize|p1|6
|teamsize|p2|6
|gen|9
|tier|[Gen 9] VGC 2025 Reg I
|rated|
|rule|Species Clause: Limit one of each Pokémon
|rule|Item Clause: Limit 1 of each item
|clearpoke
|poke|p1|Tyranitar, L50, F|
|poke|p1|Groudon, L50|
|poke|p1|Walking Wake, L50|
|poke|p1|Koraidon, L50|
|poke|p1|Metagross, L50|
|poke|p1|Arcanine-Hisui, L50, M|
|poke|p2|Calyrex-Shadow, L50|
|poke|p2|Zamazenta-*, L50|
|poke|p2|Grimmsnarl, L50, M|
|poke|p2|Rillaboom, L50, F|
|poke|p2|Incineroar, L50, F|
|poke|p2|Raging Bolt, L50|
|teampreview|4
|
|t:|1750835098
|start
|switch|p1a: Tyranitar|Tyranitar, L50, F|100/100
|switch|p1b: Arcanine|Arcanine-Hisui, L50, M|100/100
|switch|p2a: Calyrex|Calyrex-Shadow, L50|100/100
|switch|p2b: Grimmsnarl|Grimmsnarl, L50, M, shiny|100/100
|-ability|p2a: Calyrex|As One
|-ability|p2a: Calyrex|Unnerve
|-ability|p1b: Arcanine|Intimidate|boost
|-unboost|p2a: Calyrex|atk|1
|-unboost|p2b: Grimmsnarl|atk|1
|-weather|Sandstorm|[from] ability: Sand Stream|[of] p1a: Tyranitar
|turn|1
|inactive|Battle timer is ON: inactive players will automatically lose when time's up. (requested by dakouty)
|
|t:|1750835129
|-terastallize|p2a: Calyrex|Fairy
|move|p2b: Grimmsnarl|Reflect|p2b: Grimmsnarl
|-sidestart|p2: izerial|Reflect
|move|p2a: Calyrex|Draining Kiss|p1a: Tyranitar
|-supereffective|p1a: Tyranitar
|-damage|p1a: Tyranitar|43/100
|-damage|p2a: Calyrex|91/100|[from] item: Life Orb
|move|p1b: Arcanine|Will-O-Wisp|p2b: Grimmsnarl
|-status|p2b: Grimmsnarl|brn
|move|p1a: Tyranitar|Foul Play|p2a: Calyrex
|-resisted|p2a: Calyrex
|-damage|p2a: Calyrex|85/100
|
|-weather|Sandstorm|[upkeep]
|-damage|p2a: Calyrex|79/100|[from] Sandstorm
|-damage|p2b: Grimmsnarl|95/100 brn|[from] Sandstorm
|-heal|p1a: Tyranitar|48/100|[from] item: Leftovers
|-damage|p2b: Grimmsnarl|89/100 brn|[from] brn
|upkeep
|turn|2
|inactive|dakouty has 30 seconds left.
|inactive|izerial has 30 seconds left.
|
|t:|1750835163
|move|p1a: Tyranitar|Protect|p1a: Tyranitar
|-singleturn|p1a: Tyranitar|Protect
|move|p1b: Arcanine|Extreme Speed|p2a: Calyrex
|-damage|p2a: Calyrex|57/100
|move|p2b: Grimmsnarl|Thunder Wave|p1b: Arcanine
|-status|p1b: Arcanine|par
|move|p2a: Calyrex|Draining Kiss|p1a: Tyranitar
|-activate|p1a: Tyranitar|move: Protect
|
|-weather|Sandstorm|[upkeep]
|-damage|p2a: Calyrex|51/100|[from] Sandstorm
|-damage|p2b: Grimmsnarl|83/100 brn|[from] Sandstorm
|-heal|p1a: Tyranitar|54/100|[from] item: Leftovers
|-damage|p2b: Grimmsnarl|77/100 brn|[from] brn
|upkeep
|turn|3
|inactive|dakouty has 30 seconds left.
|inactive|izerial has 30 seconds left.
|
|t:|1750835193
|switch|p1a: Metagross|Metagross, L50|100/100
|move|p2b: Grimmsnarl|Sucker Punch||[still]
|-fail|p2b: Grimmsnarl
|move|p2a: Calyrex|Draining Kiss|p1a: Metagross
|-resisted|p1a: Metagross
|-damage|p1a: Metagross|73/100
|-heal|p2a: Calyrex|73/100|[from] drain|[of] p1a: Metagross
|-damage|p2a: Calyrex|63/100|[from] item: Life Orb
|cant|p1b: Arcanine|par
|
|-weather|Sandstorm|[upkeep]
|-damage|p2a: Calyrex|58/100|[from] Sandstorm
|-damage|p2b: Grimmsnarl|71/100 brn|[from] Sandstorm
|-damage|p2b: Grimmsnarl|65/100 brn|[from] brn
|upkeep
|turn|4
|inactive|dakouty has 30 seconds left.
|
|t:|1750835225
|-terastallize|p1a: Metagross|Water
|move|p1b: Arcanine|Extreme Speed|p2b: Grimmsnarl
|-damage|p2b: Grimmsnarl|43/100 brn
|move|p2b: Grimmsnarl|Thunder Wave|p1a: Metagross
|-status|p1a: Metagross|par
|move|p2a: Calyrex|Astral Barrage|p1b: Arcanine|[spread] p1a,p1b
|-damage|p1a: Metagross|2/100 par
|-damage|p1b: Arcanine|38/100 par
|-damage|p2a: Calyrex|48/100|[from] item: Life Orb
|move|p1a: Metagross|Meteor Mash|p2a: Calyrex
|-supereffective|p2a: Calyrex
|-damage|p2a: Calyrex|0 fnt
|-boost|p1a: Metagross|atk|1
|-enditem|p1a: Metagross|Sitrus Berry|[eat]
|-heal|p1a: Metagross|26/100 par|[from] item: Sitrus Berry
|faint|p2a: Calyrex
|
|-weather|Sandstorm|[upkeep]
|-damage|p2b: Grimmsnarl|37/100 brn|[from] Sandstorm
|-damage|p1a: Metagross|20/100 par|[from] Sandstorm
|-damage|p2b: Grimmsnarl|31/100 brn|[from] brn
|upkeep
|inactive|izerial has 30 seconds left.
|
|t:|1750835252
|switch|p2a: Zamazenta|Zamazenta-Crowned, L50|100/100
|-ability|p2a: Zamazenta|Dauntless Shield|boost
|-boost|p2a: Zamazenta|def|1
|turn|5
|inactive|dakouty has 30 seconds left.
|inactive|dakouty has 20 seconds left.
|
|t:|1750835291
|move|p2b: Grimmsnarl|Sucker Punch|p1a: Metagross
|-damage|p1a: Metagross|13/100 par
|move|p2a: Zamazenta|Body Press|p1b: Arcanine
|-supereffective|p1b: Arcanine
|-damage|p1b: Arcanine|0 fnt
|faint|p1b: Arcanine
|move|p1a: Metagross|Psychic Fangs|p2a: Zamazenta
|-sideend|p2: izerial|Reflect
|-damage|p2a: Zamazenta|70/100
|
|-weather|none
|-damage|p2b: Grimmsnarl|25/100 brn|[from] brn
|upkeep
|
|t:|1750835303
|switch|p1b: Tyranitar|Tyranitar, L50, F|54/100
|-weather|Sandstorm|[from] ability: Sand Stream|[of] p1b: Tyranitar
|turn|6
|
|t:|1750835312
|move|p1b: Tyranitar|Protect|p1b: Tyranitar
|-singleturn|p1b: Tyranitar|Protect
|move|p2b: Grimmsnarl|Reflect|p2b: Grimmsnarl
|-sidestart|p2: izerial|Reflect
|move|p1a: Metagross|Bullet Punch|p2b: Grimmsnarl
|-supereffective|p2b: Grimmsnarl
|-damage|p2b: Grimmsnarl|0 fnt
|faint|p2b: Grimmsnarl
|move|p2a: Zamazenta|Body Press|p1b: Tyranitar
|-activate|p1b: Tyranitar|move: Protect
|
|-weather|Sandstorm|[upkeep]
|-damage|p1a: Metagross|7/100 par|[from] Sandstorm
|-heal|p1b: Tyranitar|60/100|[from] item: Leftovers
|upkeep
|
|t:|1750835326
|switch|p2b: Rillaboom|Rillaboom, L50, F, shiny|100/100
|-fieldstart|move: Grassy Terrain|[from] ability: Grassy Surge|[of] p2b: Rillaboom
|turn|7
|
|t:|1750835347
|switch|p1b: Koraidon|Koraidon, L50|100/100
|-weather|SunnyDay|[from] ability: Orichalcum Pulse|[of] p1b: Koraidon
|-activate|p1b: Koraidon|Orichalcum Pulse|[source]
|move|p2b: Rillaboom|Fake Out|p1a: Metagross
|-damage|p1a: Metagross|0 fnt
|faint|p1a: Metagross
|move|p2a: Zamazenta|Body Press|p1b: Koraidon
|-damage|p1b: Koraidon|51/100
|
|-weather|SunnyDay|[upkeep]
|-heal|p1b: Koraidon|57/100|[from] Grassy Terrain
|-heal|p2a: Zamazenta|76/100|[from] Grassy Terrain
|upkeep
|
|t:|1750835357
|switch|p1a: Tyranitar|Tyranitar, L50, F|60/100
|-weather|Sandstorm|[from] ability: Sand Stream|[of] p1a: Tyranitar
|turn|8
|
|t:|1750835373
|move|p2b: Rillaboom|Grassy Glide|p1b: Koraidon
|-resisted|p1b: Koraidon
|-damage|p1b: Koraidon|40/100
|move|p1b: Koraidon|Collision Course|p2a: Zamazenta
|-supereffective|p2a: Zamazenta
|-damage|p2a: Zamazenta|37/100
|move|p2a: Zamazenta|Body Press|p1b: Koraidon
|-damage|p1b: Koraidon|0 fnt
|faint|p1b: Koraidon
|move|p1a: Tyranitar|Icy Wind|p2a: Zamazenta|[spread] p2a,p2b
|-resisted|p2a: Zamazenta
|-supereffective|p2b: Rillaboom
|-damage|p2a: Zamazenta|33/100
|-damage|p2b: Rillaboom|84/100
|-unboost|p2a: Zamazenta|spe|1
|-unboost|p2b: Rillaboom|spe|1
|
|-weather|Sandstorm|[upkeep]
|-damage|p2b: Rillaboom|79/100|[from] Sandstorm
|-heal|p2a: Zamazenta|40/100|[from] Grassy Terrain
|-heal|p2b: Rillaboom|84/100|[from] Grassy Terrain
|-heal|p1a: Tyranitar|66/100|[from] Grassy Terrain
|-heal|p1a: Tyranitar|72/100|[from] item: Leftovers
|upkeep
|turn|9
|inactive|izerial has 30 seconds left.
|
|t:|1750835398
|move|p1a: Tyranitar|Protect|p1a: Tyranitar
|-singleturn|p1a: Tyranitar|Protect
|move|p2b: Rillaboom|Grassy Glide|p1a: Tyranitar
|-activate|p1a: Tyranitar|move: Protect
|move|p2a: Zamazenta|Body Press|p1a: Tyranitar
|-activate|p1a: Tyranitar|move: Protect
|
|-weather|Sandstorm|[upkeep]
|-damage|p2b: Rillaboom|79/100|[from] Sandstorm
|-heal|p2a: Zamazenta|46/100|[from] Grassy Terrain
|-heal|p2b: Rillaboom|84/100|[from] Grassy Terrain
|-heal|p1a: Tyranitar|77/100|[from] Grassy Terrain
|-heal|p1a: Tyranitar|83/100|[from] item: Leftovers
|upkeep
|turn|10
|
|t:|1750835420
|move|p2b: Rillaboom|Grassy Glide|p1a: Tyranitar
|-supereffective|p1a: Tyranitar
|-damage|p1a: Tyranitar|25/100
|move|p2a: Zamazenta|Body Press|p1a: Tyranitar
|-supereffective|p1a: Tyranitar
|-damage|p1a: Tyranitar|0 fnt
|faint|p1a: Tyranitar
|
|win|izerial
|raw|dakouty's rating: 1185 &rarr; <strong>1163</strong><br />(-22 for losing)
|raw|izerial's rating: 1229 &rarr; <strong>1251</strong><br />(+22 for winning)
|l|☆dakouty
|player|p1|
