|j|☆snapdragon9627
|j|‽Bagon Lord
|t:|1750752719
|gametype|doubles
|player|p1|snapdragon9627|brawly|1108
|player|p2|Bagon Lord|lance|1079
|teamsize|p1|6
|teamsize|p2|6
|gen|9
|tier|[Gen 9] VGC 2025 Reg I
|rated|
|rule|Species Clause: Limit one of each Pokémon
|rule|Item Clause: Limit 1 of each item
|clearpoke
|poke|p1|Rayquaza, L50|
|poke|p1|Swampert, L50, M|
|poke|p1|Armarouge, L50, F|
|poke|p1|Indeedee-F, L50, F|
|poke|p1|Terapagos, L50, M|
|poke|p1|Garganacl, L50, F|
|poke|p2|Blissey, L50, F|
|poke|p2|Ninetales-Alola, L50, F|
|poke|p2|Froslass, L50, F|
|poke|p2|Articuno, L50|
|poke|p2|Snorlax, L50, M|
|poke|p2|Sandy Shocks, L50|
|teampreview|4
|inactive|Battle timer is ON: inactive players will automatically lose when time's up. (requested by Bagon Lord)
|
|t:|1750752744
|start
|switch|p1a: Rayquaza|Rayquaza, L50|100/100
|switch|p1b: Swampert|Swampert, L50, M|100/100
|switch|p2a: Ninetales|Ninetales-Alola, L50, F|100/100
|switch|p2b: Froslass|Froslass, L50, F|100/100
|-weather|Snowscape|[from] ability: Snow Warning|[of] p2a: Ninetales
|-ability|p1a: Rayquaza|Air Lock
|turn|1
|
|t:|1750752767
|move|p1b: Swampert|Wide Guard|p1b: Swampert
|-singleturn|p1b: Swampert|Wide Guard
|move|p2a: Ninetales|Blizzard|p1b: Swampert|[spread] 
|-activate|p1a: Rayquaza|move: Wide Guard
|-activate|p1b: Swampert|move: Wide Guard
|move|p2b: Froslass|Blizzard|p1a: Rayquaza|[spread] 
|-activate|p1a: Rayquaza|move: Wide Guard
|-activate|p1b: Swampert|move: Wide Guard
|move|p1a: Rayquaza|Flamethrower|p2a: Ninetales
|-supereffective|p2a: Ninetales
|-damage|p2a: Ninetales|22/100
|-enditem|p2a: Ninetales|Eject Button
|
|t:|1750752779
|switch|p2a: Articuno|Articuno, L50|100/100
|
|-weather|Snowscape|[upkeep]
|upkeep
|turn|2
|
|t:|1750752797
|move|p1b: Swampert|Wide Guard|p1b: Swampert
|-singleturn|p1b: Swampert|Wide Guard
|move|p2b: Froslass|Double Team|p2b: Froslass
|-boost|p2b: Froslass|evasion|1
|move|p1a: Rayquaza|Flamethrower|p2b: Froslass
|-supereffective|p2b: Froslass
|-damage|p2b: Froslass|11/100
|move|p2a: Articuno|Tailwind|p2a: Articuno
|-sidestart|p2: Bagon Lord|move: Tailwind
|
|-weather|Snowscape|[upkeep]
|upkeep
|turn|3
|inactive|snapdragon9627 has 30 seconds left.
|
|t:|1750752829
|switch|p1a: Terapagos|Terapagos, L50, M|100/100
|-activate|p1a: Terapagos|ability: Tera Shift
|detailschange|p1a: Terapagos|Terapagos-Terastal, L50, M
|-heal|p1a: Terapagos|100/100|[silent]
|move|p2b: Froslass|Double Team|p2b: Froslass
|-boost|p2b: Froslass|evasion|1
|move|p2a: Articuno|Freeze-Dry|p1a: Terapagos
|-activate|p1a: Terapagos|ability: Tera Shell
|-resisted|p1a: Terapagos
|-damage|p1a: Terapagos|93/100
|-status|p1a: Terapagos|frz
|move|p1b: Swampert|Yawn|p2a: Articuno
|-start|p2a: Articuno|move: Yawn|[of] p1b: Swampert
|
|-weather|Snowscape|[upkeep]
|upkeep
|turn|4
|inactive|snapdragon9627 has 30 seconds left.
|inactive|Bagon Lord has 30 seconds left.
|
|t:|1750752858
|switch|p2a: Ninetales|Ninetales-Alola, L50, F|22/100
|-terastallize|p1a: Terapagos|Stellar
|detailschange|p1a: Terapagos|Terapagos-Stellar, L50, M, tera:Stellar
|-heal|p1a: Terapagos|95/100 frz|[silent]
|-ability|p1a: Terapagos|Teraform Zero
|-weather|none
|move|p1b: Swampert|Wide Guard|p1b: Swampert
|-singleturn|p1b: Swampert|Wide Guard
|move|p2b: Froslass|Double Team|p2b: Froslass
|-boost|p2b: Froslass|evasion|1
|cant|p1a: Terapagos|frz
|
|upkeep
|turn|5
|
|t:|1750752877
|move|p2a: Ninetales|Hypnosis|p1b: Swampert
|-status|p1b: Swampert|slp|[from] move: Hypnosis
|move|p2b: Froslass|Double Team|p2b: Froslass
|-boost|p2b: Froslass|evasion|1
|cant|p1a: Terapagos|frz
|cant|p1b: Swampert|slp
|
|-sideend|p2: Bagon Lord|move: Tailwind
|upkeep
|turn|6
|
|t:|1750752893
|switch|p2a: Articuno|Articuno, L50|100/100
|move|p2b: Froslass|Blizzard|p1b: Swampert|[spread] p1a,p1b
|-damage|p1a: Terapagos|84/100 frz
|-damage|p1b: Swampert|83/100 slp
|cant|p1a: Terapagos|frz
|-curestatus|p1b: Swampert|slp|[msg]
|move|p1b: Swampert|Earth Power|p2a: Articuno
|-immune|p2a: Articuno
|
|-heal|p1b: Swampert|89/100|[from] item: Leftovers
|upkeep
|turn|7
|c|☆snapdragon9627|im really curious how many turns it will take
|
|t:|1750752914
|move|p2b: Froslass|Blizzard|p1a: Terapagos|[spread] p1a,p1b
|-damage|p1a: Terapagos|73/100 frz
|-damage|p1b: Swampert|72/100
|cant|p1a: Terapagos|frz
|move|p2a: Articuno|Freeze-Dry|p1b: Swampert
|-supereffective|p1b: Swampert
|-damage|p1b: Swampert|0 fnt
|faint|p1b: Swampert
|
|upkeep
|
|t:|1750752922
|switch|p1b: Garganacl|Garganacl, L50, F|100/100
|turn|8
|
|t:|1750752932
|switch|p2a: Ninetales|Ninetales-Alola, L50, F|22/100
|-weather|Snowscape|[from] ability: Snow Warning|[of] p2a: Ninetales
|-terastallize|p2b: Froslass|Ice
|move|p2b: Froslass|Blizzard|p1a: Terapagos|[spread] p1a,p1b
|-damage|p1a: Terapagos|58/100 frz
|-damage|p1b: Garganacl|77/100
|cant|p1a: Terapagos|frz
|move|p1b: Garganacl|Salt Cure|p2a: Ninetales
|-supereffective|p2a: Ninetales
|-damage|p2a: Ninetales|0 fnt
|faint|p2a: Ninetales
|
|-weather|Snowscape|[upkeep]
|upkeep
|
|t:|1750752957
|switch|p2a: Articuno|Articuno, L50|100/100
|turn|9
|
|t:|1750752969
|move|p2b: Froslass|Blizzard|p1b: Garganacl|[spread] p1a,p1b
|-crit|p1b: Garganacl
|-damage|p1a: Terapagos|43/100 frz
|-damage|p1b: Garganacl|46/100
|move|p2a: Articuno|Sheer Cold|p1a: Terapagos
|-damage|p1a: Terapagos|0 fnt
|faint|p1a: Terapagos
|detailschange|p1: Terapagos|Terapagos, L50, M|[silent]
|-ohko
|move|p1b: Garganacl|Salt Cure|p2a: Articuno|[miss]
|-miss|p1b: Garganacl|p2a: Articuno
|
|-weather|Snowscape|[upkeep]
|upkeep
|
|t:|1750752980
|switch|p1a: Rayquaza|Rayquaza, L50|100/100
|-ability|p1a: Rayquaza|Air Lock
|turn|10
|
|t:|1750752993
|move|p1b: Garganacl|Wide Guard|p1b: Garganacl
|-singleturn|p1b: Garganacl|Wide Guard
|move|p2b: Froslass|Blizzard|p1a: Rayquaza|[spread] 
|-activate|p1a: Rayquaza|move: Wide Guard
|-activate|p1b: Garganacl|move: Wide Guard
|move|p1a: Rayquaza|Flamethrower|p2a: Articuno
|-supereffective|p2a: Articuno
|-damage|p2a: Articuno|55/100
|move|p2a: Articuno|Blizzard|p1b: Garganacl|[spread] 
|-activate|p1a: Rayquaza|move: Wide Guard
|-activate|p1b: Garganacl|move: Wide Guard
|
|-weather|Snowscape|[upkeep]
|upkeep
|turn|11
|inactive|snapdragon9627 has 30 seconds left.
|
|t:|1750753027
|move|p2b: Froslass|Double Team|p2b: Froslass
|-boost|p2b: Froslass|evasion|1
|move|p1a: Rayquaza|Draco Meteor|p2a: Articuno
|-damage|p2a: Articuno|2/100
|-unboost|p1a: Rayquaza|spa|2
|move|p2a: Articuno|Freeze-Dry|p1a: Rayquaza
|-supereffective|p1a: Rayquaza
|-damage|p1a: Rayquaza|31/100
|move|p1b: Garganacl|Recover|p1b: Garganacl
|-heal|p1b: Garganacl|97/100
|
|-weather|Snowscape|[upkeep]
|upkeep
|turn|12
|
|t:|1750753048
|switch|p2a: Blissey|Blissey, L50, F|100/100
|move|p1b: Garganacl|Wide Guard|p1b: Garganacl
|-singleturn|p1b: Garganacl|Wide Guard
|move|p1a: Rayquaza|Extreme Speed|p2a: Blissey
|-damage|p2a: Blissey|79/100
|move|p2b: Froslass|Blizzard|p1a: Rayquaza|[spread] 
|-activate|p1a: Rayquaza|move: Wide Guard
|-activate|p1b: Garganacl|move: Wide Guard
|
|-weather|none
|upkeep
|turn|13
|
|t:|1750753068
|move|p2a: Blissey|Helping Hand|p2b: Froslass
|-singleturn|p2b: Froslass|Helping Hand|[of] p2a: Blissey
|move|p2b: Froslass|Blizzard|p1a: Rayquaza|[spread] p1a,p1b
|-supereffective|p1a: Rayquaza
|-damage|p1a: Rayquaza|0 fnt
|-damage|p1b: Garganacl|64/100
|faint|p1a: Rayquaza
|move|p1b: Garganacl|Salt Cure|p2a: Blissey
|-damage|p2a: Blissey|65/100
|-start|p2a: Blissey|Salt Cure
|
|-damage|p2a: Blissey|53/100|[from] Salt Cure
|upkeep
|turn|14
|inactive|Bagon Lord has 30 seconds left.
|
|t:|1750753102
|move|p2b: Froslass|Double Team|p2b: Froslass
|-boost|p2b: Froslass|evasion|1
|move|p2a: Blissey|Skill Swap|p1b: Garganacl
|-activate|p2a: Blissey|move: Skill Swap|Purifying Salt|Serene Grace|[of] p1b: Garganacl
|move|p1b: Garganacl|Salt Cure|p2b: Froslass|[miss]
|-miss|p1b: Garganacl|p2b: Froslass
|
|-damage|p2a: Blissey|40/100|[from] Salt Cure
|upkeep
|turn|15
|
|t:|1750753123
|move|p2b: Froslass|Destiny Bond|p2b: Froslass
|-singlemove|p2b: Froslass|Destiny Bond
|move|p2a: Blissey|Blizzard|p1b: Garganacl|[miss]
|-miss|p2a: Blissey|p1b: Garganacl
|move|p1b: Garganacl|Salt Cure|p2b: Froslass|[miss]
|-miss|p1b: Garganacl|p2b: Froslass
|
|-damage|p2a: Blissey|28/100|[from] Salt Cure
|upkeep
|turn|16
|
|t:|1750753136
|switch|p2a: Articuno|Articuno, L50|2/100
|move|p2b: Froslass|Destiny Bond||[still]
|-fail|p2b: Froslass
|move|p1b: Garganacl|Salt Cure|p2b: Froslass|[miss]
|-miss|p1b: Garganacl|p2b: Froslass
|
|upkeep
|turn|17
|inactive|Bagon Lord has 30 seconds left.
|
|t:|1750753162
|move|p2b: Froslass|Double Team|p2b: Froslass
|-boost|p2b: Froslass|evasion|0
|move|p2a: Articuno|Sheer Cold|p1b: Garganacl|[miss]
|-miss|p2a: Articuno|p1b: Garganacl
|move|p1b: Garganacl|Salt Cure|p2a: Articuno
|-supereffective|p2a: Articuno
|-damage|p2a: Articuno|0 fnt
|faint|p2a: Articuno
|
|upkeep
|
|t:|1750753170
|switch|p2a: Blissey|Blissey, L50, F|28/100
|turn|18
|
|t:|1750753182
|move|p2b: Froslass|Aurora Veil||[still]
|-fail|p2b: Froslass
|move|p2a: Blissey|Blizzard|p1b: Garganacl|[miss]
|-miss|p2a: Blissey|p1b: Garganacl
|move|p1b: Garganacl|Salt Cure|p2a: Blissey
|-damage|p2a: Blissey|14/100
|-start|p2a: Blissey|Salt Cure
|
|-damage|p2a: Blissey|2/100|[from] Salt Cure
|upkeep
|turn|19
|
|t:|1750753191
|move|p2b: Froslass|Aurora Veil||[still]
|-fail|p2b: Froslass
|move|p2a: Blissey|Blizzard|p1b: Garganacl
|-damage|p1b: Garganacl|50/100
|-status|p1b: Garganacl|frz
|-enditem|p1b: Garganacl|Lum Berry|[eat]
|-curestatus|p1b: Garganacl|frz|[msg]
|move|p1b: Garganacl|Recover|p1b: Garganacl
|-heal|p1b: Garganacl|100/100
|
|-damage|p2a: Blissey|0 fnt|[from] Salt Cure
|faint|p2a: Blissey
|upkeep
|turn|20
|c|☆snapdragon9627|FK OFF
|l|‽Bagon Lord
|inactive|Bagon Lord disconnected and has a minute to reconnect!
|player|p2|
|inactive|Bagon Lord has 30 seconds left.
|j|‽Bagon Lord
|inactive|Bagon Lord reconnected and has 25 seconds left.
|player|p2|Bagon Lord|lance|
|n|‽Bagon Lord|bagonlord
|inactive|Bagon Lord has 20 seconds left.
|
|t:|1750753228
|move|p2b: Froslass|Destiny Bond|p2b: Froslass
|-singlemove|p2b: Froslass|Destiny Bond
|move|p1b: Garganacl|Salt Cure|p2b: Froslass|[miss]
|-miss|p1b: Garganacl|p2b: Froslass
|
|upkeep
|turn|21
|
|t:|1750753239
|move|p2b: Froslass|Aurora Veil||[still]
|-fail|p2b: Froslass
|move|p1b: Garganacl|Salt Cure|p2b: Froslass|[miss]
|-miss|p1b: Garganacl|p2b: Froslass
|
|upkeep
|turn|22
|
|t:|1750753245
|move|p2b: Froslass|Destiny Bond|p2b: Froslass
|-singlemove|p2b: Froslass|Destiny Bond
|move|p1b: Garganacl|Salt Cure|p2b: Froslass|[miss]
|-miss|p1b: Garganacl|p2b: Froslass
|
|upkeep
|turn|23
|n|☆Bagon Lord|bagonlord
|
|t:|1750753260
|move|p1b: Garganacl|Protect|p1b: Garganacl
|-singleturn|p1b: Garganacl|Protect
|move|p2b: Froslass|Double Team|p2b: Froslass
|-boost|p2b: Froslass|evasion|0
|
|upkeep
|turn|24
|c|☆Bagon Lord|This is less than ideal
|inactive|Bagon Lord has 30 seconds left.
|
|t:|1750753277
|move|p1b: Garganacl|Wide Guard|p1b: Garganacl
|-singleturn|p1b: Garganacl|Wide Guard
|move|p2b: Froslass|Destiny Bond|p2b: Froslass
|-singlemove|p2b: Froslass|Destiny Bond
|
|upkeep
|turn|25
|inactive|Bagon Lord has 30 seconds left this turn.
|c|☆snapdragon9627|this is what someone who hit sheer cold + 2 freeze deserve
|
|t:|1750753286
|move|p1b: Garganacl|Wide Guard|p1b: Garganacl
|-singleturn|p1b: Garganacl|Wide Guard
|move|p2b: Froslass|Aurora Veil||[still]
|-fail|p2b: Froslass
|
|upkeep
|turn|26
|inactive|Bagon Lord has 25 seconds left this turn.
|inactive|Bagon Lord has 20 seconds left.
|c|☆Bagon Lord|Hey i worked for that freeze
|inactive|Bagon Lord has 15 seconds left.
|
|t:|1750753300
|move|p1b: Garganacl|Wide Guard|p1b: Garganacl
|-singleturn|p1b: Garganacl|Wide Guard
|move|p2b: Froslass|Double Team|p2b: Froslass
|-boost|p2b: Froslass|evasion|0
|
|upkeep
|turn|27
|inactive|Bagon Lord has 15 seconds left this turn.
|inactive|Bagon Lord has 10 seconds left.
|c|☆snapdragon9627|1 mabye, 2 definetly not
|inactive|Bagon Lord has 5 seconds left.
|c|☆Bagon Lord|You dodged like 4 blizzards
|
|t:|1750753313
|move|p1b: Garganacl|Wide Guard|p1b: Garganacl
|-singleturn|p1b: Garganacl|Wide Guard
|move|p2b: Froslass|Double Team|p2b: Froslass
|-boost|p2b: Froslass|evasion|0
|
|upkeep
|turn|28
|inactive|Bagon Lord has 5 seconds left this turn.
|-message|Bagon Lord lost due to inactivity.
|
|win|snapdragon9627
|raw|snapdragon9627's rating: 1108 &rarr; <strong>1131</strong><br />(+23 for winning)
|raw|Bagon Lord's rating: 1079 &rarr; <strong>1059</strong><br />(-20 for losing)
|l|☆snapdragon9627
|player|p1|
|c|☆Bagon Lord|Im the victim here
