|j|☆saon4579
|j|☆Mameon
|t:|1750839793
|gametype|doubles
|player|p1|saon4579|n|1208
|player|p2|Mameon|red|1274
|teamsize|p1|6
|teamsize|p2|6
|gen|9
|tier|[Gen 9] VGC 2025 Reg I
|rated|
|rule|Species Clause: Limit one of each Pokémon
|rule|Item Clause: Limit 1 of each item
|clearpoke
|poke|p1|Miraidon, L50|
|poke|p1|Urshifu-*, L50, F|
|poke|p1|Iron Hands, L50|
|poke|p1|Calyrex-Ice, L50|
|poke|p1|Pelipper, L50, F|
|poke|p1|Incineroar, L50, M|
|poke|p2|Calyrex-Ice, L50|
|poke|p2|Scraggy, L50, F|
|poke|p2|Miraidon, L50|
|poke|p2|Farigiraf, L50, F|
|poke|p2|Iron Treads, L50|
|poke|p2|Iron Hands, L50|
|teampreview|4
|inactive|Battle timer is ON: inactive players will automatically lose when time's up. (requested by Mameon)
|
|t:|1750839835
|start
|switch|p1a: Calyrex|Calyrex-Ice, L50|100/100
|switch|p1b: Urshifu|Urshifu-Rapid-Strike, L50, F|100/100
|switch|p2a: Miraidon|Miraidon, L50|100/100
|switch|p2b: Iron Treads|Iron Treads, L50|100/100
|-ability|p1a: Calyrex|As One
|-ability|p1a: Calyrex|Unnerve
|-fieldstart|move: Electric Terrain|[from] ability: Hadron Engine|[of] p2a: Miraidon
|-activate|p2b: Iron Treads|ability: Quark Drive
|-start|p2b: Iron Treads|quarkdrivespe
|turn|1
|inactive|saon4579 has 30 seconds left.
|inactive|Mameon has 30 seconds left.
|inactive|saon4579 has 20 seconds left.
|inactive|Mameon has 20 seconds left.
|
|t:|1750839874
|-terastallize|p2a: Miraidon|Fairy
|move|p1b: Urshifu|Detect|p1b: Urshifu
|-singleturn|p1b: Urshifu|Protect
|move|p1a: Calyrex|Protect|p1a: Calyrex
|-singleturn|p1a: Calyrex|Protect
|move|p2b: Iron Treads|Knock Off|p1a: Calyrex
|-activate|p1a: Calyrex|move: Protect
|move|p2a: Miraidon|Dazzling Gleam|p1b: Urshifu|[spread] 
|-activate|p1a: Calyrex|move: Protect
|-activate|p1b: Urshifu|move: Protect
|
|upkeep
|turn|2
|inactive|saon4579 has 30 seconds left.
|inactive|saon4579 has 20 seconds left.
|inactive|saon4579 has 15 seconds left.
|
|t:|1750839914
|switch|p1a: Pelipper|Pelipper, L50, F|100/100
|-weather|RainDance|[from] ability: Drizzle|[of] p1a: Pelipper
|move|p2b: Iron Treads|Knock Off|p1a: Pelipper
|-damage|p1a: Pelipper|62/100
|-enditem|p1a: Pelipper|Sitrus Berry|[from] move: Knock Off|[of] p2b: Iron Treads
|-damage|p2b: Iron Treads|91/100|[from] item: Life Orb
|move|p2a: Miraidon|Dazzling Gleam|p1b: Urshifu|[spread] p1a,p1b
|-supereffective|p1b: Urshifu
|-damage|p1a: Pelipper|0 fnt
|-enditem|p1b: Urshifu|Focus Sash
|-damage|p1b: Urshifu|1/100
|faint|p1a: Pelipper
|move|p1b: Urshifu|Surging Strikes|p2b: Iron Treads
|-supereffective|p2b: Iron Treads
|-crit|p2b: Iron Treads
|-damage|p2b: Iron Treads|28/100
|-supereffective|p2b: Iron Treads
|-crit|p2b: Iron Treads
|-damage|p2b: Iron Treads|0 fnt
|faint|p2b: Iron Treads
|-end|p2b: Iron Treads|Quark Drive|[silent]
|-hitcount|p2: Iron Treads|2
|
|-weather|RainDance|[upkeep]
|upkeep
|inactive|Mameon has 30 seconds left.
|
|t:|1750839939
|switch|p2b: Scraggy|Scraggy, L50, F|100/100
|switch|p1a: Calyrex|Calyrex-Ice, L50|100/100
|-ability|p1a: Calyrex|As One
|-ability|p1a: Calyrex|Unnerve
|-ability|p2b: Scraggy|Intimidate|boost
|-fail|p1a: Calyrex|unboost|[from] item: Clear Amulet|[of] p1a: Calyrex
|-unboost|p1b: Urshifu|atk|1
|turn|3
|inactive|saon4579 has 30 seconds left.
|
|t:|1750839968
|-terastallize|p1a: Calyrex|Fire
|move|p1b: Urshifu|Detect|p1b: Urshifu
|-singleturn|p1b: Urshifu|Protect
|move|p2b: Scraggy|Fake Out|p1a: Calyrex
|-damage|p1a: Calyrex|95/100
|move|p2a: Miraidon|Dazzling Gleam|p1b: Urshifu|[spread] p1a
|-activate|p1b: Urshifu|move: Protect
|-resisted|p1a: Calyrex
|-damage|p1a: Calyrex|70/100
|cant|p1a: Calyrex|flinch
|
|-weather|RainDance|[upkeep]
|upkeep
|turn|4
|
|t:|1750839989
|move|p1b: Urshifu|Detect|p1b: Urshifu
|-singleturn|p1b: Urshifu|Protect
|move|p2a: Miraidon|Dazzling Gleam|p1b: Urshifu|[spread] p1a
|-activate|p1b: Urshifu|move: Protect
|-resisted|p1a: Calyrex
|-damage|p1a: Calyrex|46/100
|move|p1a: Calyrex|Glacial Lance|p2b: Scraggy|[spread] p2a,p2b
|-damage|p2a: Miraidon|46/100
|-damage|p2b: Scraggy|40/100
|move|p2b: Scraggy|Foul Play|p1a: Calyrex
|-damage|p1a: Calyrex|5/100
|
|-weather|RainDance|[upkeep]
|upkeep
|turn|5
|
|t:|1750840009
|switch|p2b: Calyrex|Calyrex-Ice, L50|100/100
|-ability|p2b: Calyrex|As One
|-ability|p2b: Calyrex|Unnerve
|move|p1a: Calyrex|Protect|p1a: Calyrex
|-singleturn|p1a: Calyrex|Protect
|move|p1b: Urshifu|Aqua Jet|p2a: Miraidon
|-damage|p2a: Miraidon|27/100
|move|p2a: Miraidon|Dazzling Gleam|p1b: Urshifu|[spread] p1b
|-activate|p1a: Calyrex|move: Protect
|-supereffective|p1b: Urshifu
|-damage|p1b: Urshifu|0 fnt
|faint|p1b: Urshifu
|
|-weather|RainDance|[upkeep]
|-fieldend|move: Electric Terrain
|upkeep
|
|t:|1750840028
|switch|p1b: Miraidon|Miraidon, L50|100/100
|-fieldstart|move: Electric Terrain|[from] ability: Hadron Engine|[of] p1b: Miraidon
|turn|6
|inactive|saon4579 has 30 seconds left.
|inactive|saon4579 has 20 seconds left.
|
|t:|1750840066
|move|p1a: Calyrex|Protect||[still]
|-fail|p1a: Calyrex
|move|p1b: Miraidon|Electro Drift|p2a: Miraidon
|-damage|p2a: Miraidon|0 fnt
|faint|p2a: Miraidon
|move|p2b: Calyrex|Trick Room|p2b: Calyrex
|-fieldstart|move: Trick Room|[of] p2b: Calyrex
|
|-weather|none
|upkeep
|
|t:|1750840076
|switch|p2a: Scraggy|Scraggy, L50, F|40/100
|-ability|p2a: Scraggy|Intimidate|boost
|-fail|p1a: Calyrex|unboost|[from] item: Clear Amulet|[of] p1a: Calyrex
|-unboost|p1b: Miraidon|atk|1
|turn|7
|
|t:|1750840093
|move|p2a: Scraggy|Endeavor|p1b: Miraidon
|-damage|p1b: Miraidon|29/100
|move|p2b: Calyrex|Glacial Lance|p1b: Miraidon|[spread] p1a,p1b
|-resisted|p1a: Calyrex
|-supereffective|p1b: Miraidon
|-damage|p1a: Calyrex|0 fnt
|-damage|p1b: Miraidon|0 fnt
|faint|p1a: Calyrex
|faint|p1b: Miraidon
|
|win|Mameon
|raw|saon4579's rating: 1208 &rarr; <strong>1188</strong><br />(-20 for losing)
|raw|Mameon's rating: 1274 &rarr; <strong>1294</strong><br />(+20 for winning)
|l|☆saon4579
|player|p1|
