|j|☆appollo999
|j|☆rip_Uzui
|t:|1750715002
|gametype|doubles
|player|p1|appollo999|265|
|player|p2|rip_Uzui|hilbert-wonderlauncher|
|teamsize|p1|6
|teamsize|p2|6
|gen|9
|tier|[Gen 9] VGC 2025 Reg I
|rule|Species Clause: Limit one of each Pokémon
|rule|Item Clause: Limit 1 of each item
|clearpoke
|poke|p1|Zamazenta-*, L50|
|poke|p1|Calyrex-Shadow, L50|
|poke|p1|Tornadus, L50, M|
|poke|p1|Urshifu-*, L50, M|
|poke|p1|Rillaboom, L50, F|
|poke|p1|Chien-Pao, L50|
|poke|p2|Urshifu-*, L50, F|
|poke|p2|Raging Bolt, L50|
|poke|p2|Whimsicott, L50, M|
|poke|p2|Landorus, L50, M|
|poke|p2|Lunala, L50|
|poke|p2|Miraidon, L50|
|teampreview|4
appollo999 rejected open team sheets.
|
|t:|1750715038
|start
|switch|p1a: Calyrex|Calyrex-Shadow, L50|100/100
|switch|p1b: Rillaboom|Rillaboom, L50, F|100/100
|switch|p2a: Landorus|Landorus, L50, M|100/100
|switch|p2b: Urshifu|Urshifu-Rapid-Strike, L50, F|100/100
|-ability|p1a: Calyrex|As One
|-ability|p1a: Calyrex|Unnerve
|-fieldstart|move: Grassy Terrain|[from] ability: Grassy Surge|[of] p1b: Rillaboom
|turn|1
|c|☆rip_Uzui|!weak calyrex shadow
|c| rip_Uzui|/raw <div class="infobox">Calyrex-Shadow (ignoring abilities):<br /><span class="message-effect-weak">Weaknesses</span>: <b>Dark</b>, <b>Ghost</b><br /><span class="message-effect-resist">Resistances</span>: Poison, Psychic<br /><span class="message-effect-immune">Immunities</span>: Fighting, Normal, Trapping</div>
|
|t:|1750715063
|move|p2b: Urshifu|Detect|p2b: Urshifu
|-singleturn|p2b: Urshifu|Protect
|move|p1b: Rillaboom|Fake Out|p2b: Urshifu
|-activate|p2b: Urshifu|move: Protect
|move|p2a: Landorus|Earth Power|p1a: Calyrex
|-damage|p1a: Calyrex|33/100
|move|p1a: Calyrex|Astral Barrage|p2a: Landorus|[spread] p2a
|-activate|p2b: Urshifu|move: Protect
|-damage|p2a: Landorus|30/100
|
|-heal|p1a: Calyrex|40/100|[from] Grassy Terrain
|upkeep
|turn|2
|
|t:|1750715080
|move|p1b: Rillaboom|Grassy Glide|p2b: Urshifu
|-supereffective|p2b: Urshifu
|-damage|p2b: Urshifu|29/100
|move|p2a: Landorus|Earth Power|p1a: Calyrex
|-damage|p1a: Calyrex|0 fnt
|faint|p1a: Calyrex
|move|p2b: Urshifu|Surging Strikes|p1b: Rillaboom
|-resisted|p1b: Rillaboom
|-crit|p1b: Rillaboom
|-damage|p1b: Rillaboom|91/100
|-resisted|p1b: Rillaboom
|-crit|p1b: Rillaboom
|-damage|p1b: Rillaboom|81/100
|-resisted|p1b: Rillaboom
|-crit|p1b: Rillaboom
|-damage|p1b: Rillaboom|71/100
|-hitcount|p1b: Rillaboom|3
|
|-heal|p2b: Urshifu|35/100|[from] Grassy Terrain
|-heal|p1b: Rillaboom|77/100|[from] Grassy Terrain
|upkeep
|
|t:|1750715091
|switch|p1a: Chien-Pao|Chien-Pao, L50|100/100
|-ability|p1a: Chien-Pao|Sword of Ruin
|turn|3
|
|t:|1750715100
|move|p1a: Chien-Pao|Ice Shard|p2a: Landorus
|-supereffective|p2a: Landorus
|-damage|p2a: Landorus|0 fnt
|faint|p2a: Landorus
|-damage|p1a: Chien-Pao|91/100|[from] item: Life Orb
|move|p1b: Rillaboom|Grassy Glide|p2b: Urshifu
|-supereffective|p2b: Urshifu
|-damage|p2b: Urshifu|0 fnt
|faint|p2b: Urshifu
|
|-heal|p1a: Chien-Pao|97/100|[from] Grassy Terrain
|-heal|p1b: Rillaboom|83/100|[from] Grassy Terrain
|upkeep
|
|t:|1750715112
|switch|p2a: Lunala|Lunala, L50|100/100
|switch|p2b: Miraidon|Miraidon, L50|100/100
|-fieldstart|move: Electric Terrain|[from] ability: Hadron Engine|[of] p2b: Miraidon
|turn|4
|c|☆rip_Uzui|!weak chien pao
|c| rip_Uzui|/raw <div class="infobox">Chien-Pao (ignoring abilities):<br /><span class="message-effect-weak">Weaknesses</span>: Bug, Fairy, <b>Fighting</b>, Fire, Rock, Steel<br /><span class="message-effect-resist">Resistances</span>: Dark, Ghost, Ice<br /><span class="message-effect-immune">Immunities</span>: Psychic, Frozen, Hail damage, Prankster</div>
|c|☆rip_Uzui|!weak rilaboom
No Pokémon or type named 'rilaboom' was found. Searching for 'Rillaboom' instead.
|c| rip_Uzui|/raw <div class="infobox">Rillaboom (ignoring abilities):<br /><span class="message-effect-weak">Weaknesses</span>: Bug, Fire, Flying, Ice, Poison<br /><span class="message-effect-resist">Resistances</span>: Electric, Grass, Ground, Water<br /><span class="message-effect-immune">Immunities</span>: Powder moves</div>
|
|t:|1750715147
|move|p1a: Chien-Pao|Protect|p1a: Chien-Pao
|-singleturn|p1a: Chien-Pao|Protect
|move|p2b: Miraidon|Electro Drift|p1b: Rillaboom
|-resisted|p1b: Rillaboom
|-damage|p1b: Rillaboom|48/100
|move|p2a: Lunala|Dazzling Gleam|p1b: Rillaboom|[spread] p1b
|-activate|p1a: Chien-Pao|move: Protect
|-damage|p1b: Rillaboom|32/100
|move|p1b: Rillaboom|U-turn|p2a: Lunala
|-damage|p2a: Lunala|86/100
|c|☆rip_Uzui|?
|
|t:|1750715188
|switch|p1b: Zamazenta|Zamazenta-Crowned, L50|100/100|[from] U-turn
|-ability|p1b: Zamazenta|Dauntless Shield|boost
|-boost|p1b: Zamazenta|def|1
|
|upkeep
|turn|5
|
|t:|1750715225
|-terastallize|p2b: Miraidon|Electric
|move|p1b: Zamazenta|Wide Guard|p1b: Zamazenta
|-singleturn|p1b: Zamazenta|Wide Guard
|move|p1a: Chien-Pao|Icicle Crash|p2b: Miraidon|[miss]
|-miss|p1a: Chien-Pao|p2b: Miraidon
|move|p2b: Miraidon|Draco Meteor|p1b: Zamazenta
|-resisted|p1b: Zamazenta
|-damage|p1b: Zamazenta|64/100
|-unboost|p2b: Miraidon|spa|2
|move|p2a: Lunala|Dazzling Gleam|p1a: Chien-Pao|[spread] 
|-activate|p1a: Chien-Pao|move: Wide Guard
|-activate|p1b: Zamazenta|move: Wide Guard
|
|upkeep
|turn|6
|
|t:|1750715250
|move|p1a: Chien-Pao|Sucker Punch|p2a: Lunala
|-supereffective|p2a: Lunala
|-damage|p2a: Lunala|0 fnt
|faint|p2a: Lunala
|-damage|p1a: Chien-Pao|87/100|[from] item: Life Orb
|move|p1b: Zamazenta|Body Press|p2b: Miraidon
|-damage|p2b: Miraidon|16/100
|move|p2b: Miraidon|Electro Drift|p1a: Chien-Pao
|-damage|p1a: Chien-Pao|0 fnt
|faint|p1a: Chien-Pao
|
|upkeep
|
|t:|1750715257
|switch|p1a: Rillaboom|Rillaboom, L50, F|32/100
|-fieldstart|move: Grassy Terrain|[from] ability: Grassy Surge|[of] p1a: Rillaboom
|turn|7
|
|t:|1750715263
|move|p1a: Rillaboom|Grassy Glide|p2b: Miraidon
|-damage|p2b: Miraidon|0 fnt
|faint|p2b: Miraidon
|
|win|appollo999
