|j|☆ThelegendaryFarmer
|j|☆TheWeepingDalek
|t:|1750742943
|gametype|doubles
|player|p1|ThelegendaryFarmer|rancher|1186
|player|p2|TheWeepingDalek|266|1243
|teamsize|p1|6
|teamsize|p2|6
|gen|9
|tier|[Gen 9] VGC 2025 Reg I
|rated|
|rule|Species Clause: Limit one of each Pokémon
|rule|Item Clause: Limit 1 of each item
|clearpoke
|poke|p1|Calyrex-Ice, L50|
|poke|p1|Indeedee-F, L50, F|
|poke|p1|Torkoal, L50, F|
|poke|p1|Hatterene, L50, F|
|poke|p1|Smeargle, L50, F|
|poke|p1|Gallade, L50, M|
|poke|p2|Giratina-Origin, L50|
|poke|p2|Zamazenta-*, L50|
|poke|p2|Chien-Pao, L50|
|poke|p2|Entei, L50|
|poke|p2|Urshifu-*, L50, F|
|poke|p2|Rillaboom, L50, F|
|teampreview|4
|inactive|Battle timer is ON: inactive players will automatically lose when time's up. (requested by ThelegendaryFarmer)
ThelegendaryFarmer rejected open team sheets.
|
|t:|1750742975
|start
|switch|p1a: Calyrex|Calyrex-Ice, L50|100/100
|switch|p1b: Indeedee|Indeedee-F, L50, F|100/100
|switch|p2a: Giratina|Giratina-Origin, L50|100/100
|switch|p2b: Urshifu|Urshifu-Rapid-Strike, L50, F|100/100
|-ability|p1a: Calyrex|As One
|-ability|p1a: Calyrex|Unnerve
|-fieldstart|move: Psychic Terrain|[from] ability: Psychic Surge|[of] p1b: Indeedee
|turn|1
|
|t:|1750742993
|-terastallize|p2a: Giratina|Fire
|move|p1b: Indeedee|Follow Me|p1b: Indeedee
|-singleturn|p1b: Indeedee|move: Follow Me
|move|p2b: Urshifu|Surging Strikes|p1b: Indeedee
|-crit|p1b: Indeedee
|-damage|p1b: Indeedee|71/100
|-damage|p2b: Urshifu|84/100|[from] item: Rocky Helmet|[of] p1b: Indeedee
|-crit|p1b: Indeedee
|-damage|p1b: Indeedee|42/100
|-damage|p2b: Urshifu|67/100|[from] item: Rocky Helmet|[of] p1b: Indeedee
|-crit|p1b: Indeedee
|-damage|p1b: Indeedee|13/100
|-damage|p2b: Urshifu|51/100|[from] item: Rocky Helmet|[of] p1b: Indeedee
|-hitcount|p1b: Indeedee|3
|move|p2a: Giratina|Draco Meteor|p1b: Indeedee
|-damage|p1b: Indeedee|0 fnt
|-unboost|p2a: Giratina|spa|2
|faint|p1b: Indeedee
|move|p1a: Calyrex|Trick Room|p1a: Calyrex
|-fieldstart|move: Trick Room|[of] p1a: Calyrex
|
|upkeep
|
|t:|1750743000
|switch|p1b: Hatterene|Hatterene, L50, F|100/100
|turn|2
|
|t:|1750743011
|switch|p2b: Entei|Entei, L50|100/100
|move|p1b: Hatterene|Expanding Force|p2b: Entei|[spread] p2a,p2b
|-damage|p2a: Giratina|37/100
|-damage|p2b: Entei|12/100
|-damage|p1b: Hatterene|91/100|[from] item: Life Orb
|move|p1a: Calyrex|Glacial Lance|p2a: Giratina|[spread] p2a,p2b
|-resisted|p2a: Giratina
|-resisted|p2b: Entei
|-damage|p2a: Giratina|14/100
|-damage|p2b: Entei|0 fnt
|faint|p2b: Entei
|-ability|p1a: Calyrex|Chilling Neigh|boost
|-boost|p1a: Calyrex|atk|1
|move|p2a: Giratina|Poltergeist|p1a: Calyrex
|-activate|p1a: Calyrex|move: Poltergeist|Clear Amulet
|-supereffective|p1a: Calyrex
|-damage|p1a: Calyrex|5/100
|
|upkeep
|
|t:|1750743027
|switch|p2b: Urshifu|Urshifu-Rapid-Strike, L50, F|51/100
|turn|3
|
|t:|1750743042
|move|p2a: Giratina|Protect|p2a: Giratina
|-singleturn|p2a: Giratina|Protect
|move|p1b: Hatterene|Expanding Force|p2a: Giratina|[spread] p2b
|-activate|p2a: Giratina|move: Protect
|-supereffective|p2b: Urshifu
|-damage|p2b: Urshifu|0 fnt
|faint|p2b: Urshifu
|-damage|p1b: Hatterene|81/100|[from] item: Life Orb
|move|p1a: Calyrex|Glacial Lance|p2a: Giratina
|-activate|p2a: Giratina|move: Protect
|
|upkeep
|
|t:|1750743048
|switch|p2b: Zamazenta|Zamazenta-Crowned, L50|100/100
|-ability|p2b: Zamazenta|Dauntless Shield|boost
|-boost|p2b: Zamazenta|def|1
|turn|4
|
|t:|1750743067
|move|p2b: Zamazenta|Wide Guard|p2b: Zamazenta
|-singleturn|p2b: Zamazenta|Wide Guard
|move|p1b: Hatterene|Psychic|p2a: Giratina
|-damage|p2a: Giratina|0 fnt
|faint|p2a: Giratina
|-damage|p1b: Hatterene|71/100|[from] item: Life Orb
|move|p1a: Calyrex|High Horsepower|p2b: Zamazenta
|-supereffective|p2b: Zamazenta
|-damage|p2b: Zamazenta|49/100
|
|upkeep
|turn|5
|-message|TheWeepingDalek forfeited.
|
|win|ThelegendaryFarmer
|raw|ThelegendaryFarmer's rating: 1186 &rarr; <strong>1215</strong><br />(+29 for winning)
|raw|TheWeepingDalek's rating: 1243 &rarr; <strong>1214</strong><br />(-29 for losing)
|l|☆TheWeepingDalek
|player|p2|
|l|☆ThelegendaryFarmer
|player|p1|
