|j|☆cgxjdik
|j|☆kutaka kfc
|t:|1750745901
|gametype|doubles
|player|p1|cgxjdik|1|1287
|player|p2|kutaka kfc|169|1327
|teamsize|p1|6
|teamsize|p2|6
|gen|9
|tier|[Gen 9] VGC 2025 Reg I
|rated|
|rule|Species Clause: Limit one of each Pokémon
|rule|Item Clause: Limit 1 of each item
|clearpoke
|poke|p1|Calyrex-Shadow, L50|
|poke|p1|Koraidon, L50|
|poke|p1|Ting-Lu, L50|
|poke|p1|Rillaboom, L50, M|
|poke|p1|Incineroar, L50, F|
|poke|p1|Raging Bolt, L50|
|poke|p2|Eternatus, L50|
|poke|p2|Calyrex-Shadow, L50|
|poke|p2|Bronzong, L50|
|poke|p2|Urshifu-*, L50, F|
|poke|p2|Roaring Moon, L50|
|poke|p2|Incineroar, L50, M|
|teampreview|4
|inactive|Battle timer is ON: inactive players will automatically lose when time's up. (requested by cgxjdik)
|inactive|cgxjdik has 60 seconds left.
|
|t:|1750745945
|start
|switch|p1a: Ting-Lu|Ting-Lu, L50|100/100
|switch|p1b: Koraidon|Koraidon, L50|100/100
|switch|p2a: Eternatus|Eternatus, L50|100/100
|switch|p2b: Incineroar|Incineroar, L50, M|100/100
|-ability|p2a: Eternatus|Pressure
|-weather|SunnyDay|[from] ability: Orichalcum Pulse|[of] p1b: Koraidon
|-activate|p1b: Koraidon|Orichalcum Pulse|[source]
|-ability|p2b: Incineroar|Intimidate|boost
|-unboost|p1a: Ting-Lu|atk|1
|-unboost|p1b: Koraidon|atk|1
|-ability|p1a: Ting-Lu|Vessel of Ruin
|turn|1
|
|t:|1750745959
|move|p1b: Koraidon|Protect|p1b: Koraidon
|-singleturn|p1b: Koraidon|Protect
|move|p2b: Incineroar|Fake Out|p1b: Koraidon
|-activate|p1b: Koraidon|move: Protect
|move|p2a: Eternatus|Dynamax Cannon|p1b: Koraidon
|-activate|p1b: Koraidon|move: Protect
|move|p1a: Ting-Lu|Ruination|p2a: Eternatus
|-damage|p2a: Eternatus|51/100
|
|-weather|SunnyDay|[upkeep]
|upkeep
|turn|2
|
|t:|1750745983
|-terastallize|p1b: Koraidon|Fire
|move|p2a: Eternatus|Dynamax Cannon|p1b: Koraidon
|-damage|p1b: Koraidon|54/100
|move|p1b: Koraidon|Collision Course|p2b: Incineroar
|-supereffective|p2b: Incineroar
|-damage|p2b: Incineroar|0 fnt
|faint|p2b: Incineroar
|-damage|p1b: Koraidon|44/100|[from] item: Life Orb
|move|p1a: Ting-Lu|Snarl|p2a: Eternatus
|-damage|p2a: Eternatus|40/100
|-unboost|p2a: Eternatus|spa|1
|
|-weather|SunnyDay|[upkeep]
|upkeep
|
|t:|1750745991
|switch|p2b: Calyrex|Calyrex-Shadow, L50|100/100
|-ability|p2b: Calyrex|As One
|-ability|p2b: Calyrex|Unnerve
|turn|3
|
|t:|1750746006
|switch|p2a: Roaring Moon|Roaring Moon, L50|100/100
|-activate|p2a: Roaring Moon|ability: Protosynthesis
|-start|p2a: Roaring Moon|protosynthesisspe
|move|p1b: Koraidon|Protect|p1b: Koraidon
|-singleturn|p1b: Koraidon|Protect
|move|p2b: Calyrex|Astral Barrage|p1a: Ting-Lu|[spread] p1a
|-activate|p1b: Koraidon|move: Protect
|-resisted|p1a: Ting-Lu
|-crit|p1a: Ting-Lu
|-damage|p1a: Ting-Lu|82/100
|move|p1a: Ting-Lu|Snarl|p2b: Calyrex|[spread] p2a,p2b
|-resisted|p2a: Roaring Moon
|-supereffective|p2b: Calyrex
|-damage|p2a: Roaring Moon|96/100
|-damage|p2b: Calyrex|63/100
|-unboost|p2a: Roaring Moon|spa|1
|-unboost|p2b: Calyrex|spa|1
|
|-weather|SunnyDay|[upkeep]
|upkeep
|turn|4
|
|t:|1750746027
|switch|p1b: Raging Bolt|Raging Bolt, L50|100/100
|-activate|p1b: Raging Bolt|ability: Protosynthesis
|-start|p1b: Raging Bolt|protosynthesisspa
|move|p2b: Calyrex|Protect|p2b: Calyrex
|-singleturn|p2b: Calyrex|Protect
|move|p2a: Roaring Moon|Knock Off|p1b: Raging Bolt
|-damage|p1b: Raging Bolt|60/100
|-enditem|p1b: Raging Bolt|Booster Energy|[from] move: Knock Off|[of] p2a: Roaring Moon
|move|p1a: Ting-Lu|Snarl|p2a: Roaring Moon|[spread] p2a
|-activate|p2b: Calyrex|move: Protect
|-resisted|p2a: Roaring Moon
|-damage|p2a: Roaring Moon|91/100
|-unboost|p2a: Roaring Moon|spa|1
|
|-weather|SunnyDay|[upkeep]
|upkeep
|turn|5
|
|t:|1750746049
|switch|p2b: Eternatus|Eternatus, L50|40/100
|-ability|p2b: Eternatus|Pressure
|move|p1b: Raging Bolt|Protect|p1b: Raging Bolt
|-singleturn|p1b: Raging Bolt|Protect
|move|p2a: Roaring Moon|Knock Off|p1a: Ting-Lu
|-resisted|p1a: Ting-Lu
|-damage|p1a: Ting-Lu|67/100
|-enditem|p1a: Ting-Lu|Grassy Seed|[from] move: Knock Off|[of] p2a: Roaring Moon
|move|p1a: Ting-Lu|Snarl|p2a: Roaring Moon|[spread] p2a
|-miss|p1a: Ting-Lu|p2b: Eternatus
|-resisted|p2a: Roaring Moon
|-damage|p2a: Roaring Moon|86/100
|-unboost|p2a: Roaring Moon|spa|1
|
|-weather|none
|-end|p2a: Roaring Moon|Protosynthesis
|-end|p1b: Raging Bolt|Protosynthesis
|upkeep
|-enditem|p2a: Roaring Moon|Booster Energy
|-activate|p2a: Roaring Moon|ability: Protosynthesis|[fromitem]
|-start|p2a: Roaring Moon|protosynthesisspe
|turn|6
|inactive|cgxjdik has 30 seconds left.
|inactive|kutaka kfc has 30 seconds left.
|
|t:|1750746080
|-terastallize|p2a: Roaring Moon|Steel
|move|p2a: Roaring Moon|Acrobatics|p1a: Ting-Lu
|-damage|p1a: Ting-Lu|43/100
|move|p2b: Eternatus|Sludge Wave|p1a: Ting-Lu|[spread] p1a,p1b
|-immune|p2a: Roaring Moon
|-resisted|p1a: Ting-Lu
|-damage|p1a: Ting-Lu|34/100
|-damage|p1b: Raging Bolt|31/100
|move|p1b: Raging Bolt|Draco Meteor|p2a: Roaring Moon
|-resisted|p2a: Roaring Moon
|-damage|p2a: Roaring Moon|59/100
|-unboost|p1b: Raging Bolt|spa|2
|move|p1a: Ting-Lu|Body Press|p2a: Roaring Moon
|-supereffective|p2a: Roaring Moon
|-damage|p2a: Roaring Moon|4/100
|
|upkeep
|turn|7
|
|t:|1750746102
|move|p2a: Roaring Moon|Protect|p2a: Roaring Moon
|-singleturn|p2a: Roaring Moon|Protect
|move|p1b: Raging Bolt|Thunderclap||[still]
|-fail|p1b: Raging Bolt
|move|p2b: Eternatus|Sludge Wave|p1b: Raging Bolt|[spread] p1a,p1b
|-activate|p2a: Roaring Moon|move: Protect
|-resisted|p1a: Ting-Lu
|-damage|p1a: Ting-Lu|24/100
|-damage|p1b: Raging Bolt|1/100
|move|p1a: Ting-Lu|Snarl|p2b: Eternatus|[spread] p2b
|-activate|p2a: Roaring Moon|move: Protect
|-damage|p2b: Eternatus|33/100
|-unboost|p2b: Eternatus|spa|1
|
|upkeep
|turn|8
|
|t:|1750746117
|move|p1b: Raging Bolt|Thunderclap||[still]
|-fail|p1b: Raging Bolt
|move|p2a: Roaring Moon|Tailwind|p2a: Roaring Moon
|-sidestart|p2: kutaka kfc|move: Tailwind
|move|p2b: Eternatus|Sludge Wave|p1a: Ting-Lu|[spread] p1a,p1b
|-immune|p2a: Roaring Moon
|-resisted|p1a: Ting-Lu
|-damage|p1a: Ting-Lu|18/100
|-damage|p1b: Raging Bolt|0 fnt
|-status|p1a: Ting-Lu|psn
|faint|p1b: Raging Bolt
|-end|p1b: Raging Bolt|Protosynthesis|[silent]
|move|p1a: Ting-Lu|Snarl|p2a: Roaring Moon|[spread] p2a,p2b
|-crit|p2a: Roaring Moon
|-damage|p2a: Roaring Moon|0 fnt
|-damage|p2b: Eternatus|26/100
|-unboost|p2b: Eternatus|spa|1
|faint|p2a: Roaring Moon
|-end|p2a: Roaring Moon|Protosynthesis|[silent]
|
|-damage|p1a: Ting-Lu|5/100 psn|[from] psn
|upkeep
|
|t:|1750746128
|switch|p2a: Calyrex|Calyrex-Shadow, L50|63/100
|switch|p1b: Calyrex|Calyrex-Shadow, L50|100/100
|-ability|p2a: Calyrex|As One
|-ability|p2a: Calyrex|Unnerve
|-ability|p1b: Calyrex|As One
|-ability|p1b: Calyrex|Unnerve
|turn|9
|
|t:|1750746139
|move|p1b: Calyrex|Protect|p1b: Calyrex
|-singleturn|p1b: Calyrex|Protect
|move|p2b: Eternatus|Sludge Wave|p1b: Calyrex|[spread] p2a,p1a
|-activate|p1b: Calyrex|move: Protect
|-resisted|p2a: Calyrex
|-resisted|p1a: Ting-Lu
|-damage|p2a: Calyrex|55/100
|-damage|p1a: Ting-Lu|0 fnt
|-status|p2a: Calyrex|psn
|faint|p1a: Ting-Lu
|move|p2a: Calyrex|Astral Barrage|p1b: Calyrex
|-activate|p1b: Calyrex|move: Protect
|
|-damage|p2a: Calyrex|43/100 psn|[from] psn
|upkeep
|
|t:|1750746147
|switch|p1a: Koraidon|Koraidon, L50, tera:Fire|44/100
|-weather|SunnyDay|[from] ability: Orichalcum Pulse|[of] p1a: Koraidon
|-activate|p1a: Koraidon|Orichalcum Pulse|[source]
|turn|10
|
|t:|1750746151
|move|p1a: Koraidon|Protect|p1a: Koraidon
|-singleturn|p1a: Koraidon|Protect
|move|p2b: Eternatus|Sludge Wave|p1a: Koraidon|[spread] p2a,p1b
|-activate|p1a: Koraidon|move: Protect
|-resisted|p2a: Calyrex
|-resisted|p1b: Calyrex
|-crit|p1b: Calyrex
|-damage|p2a: Calyrex|32/100 psn
|-damage|p1b: Calyrex|67/100
|move|p2a: Calyrex|Astral Barrage|p1a: Koraidon|[spread] p1b
|-activate|p1a: Koraidon|move: Protect
|-supereffective|p1b: Calyrex
|-crit|p1b: Calyrex
|-damage|p1b: Calyrex|0 fnt
|faint|p1b: Calyrex
|-ability|p2a: Calyrex|Grim Neigh|boost
|-boost|p2a: Calyrex|spa|1
|
|-weather|SunnyDay|[upkeep]
|-damage|p2a: Calyrex|19/100 psn|[from] psn
|upkeep
|turn|11
|
|t:|1750746163
|move|p1a: Koraidon|Protect|p1a: Koraidon
|-singleturn|p1a: Koraidon|Protect
|move|p2b: Eternatus|Sludge Wave|p1a: Koraidon|[spread] p2a
|-activate|p1a: Koraidon|move: Protect
|-resisted|p2a: Calyrex
|-damage|p2a: Calyrex|10/100 psn
|move|p2a: Calyrex|Astral Barrage|p1a: Koraidon
|-activate|p1a: Koraidon|move: Protect
|
|-weather|SunnyDay|[upkeep]
|-damage|p2a: Calyrex|0 fnt|[from] psn
|faint|p2a: Calyrex
|-sideend|p2: kutaka kfc|move: Tailwind
|upkeep
|turn|12
|
|t:|1750746172
|move|p2b: Eternatus|Sludge Wave|p1a: Koraidon
|-damage|p1a: Koraidon|16/100
|move|p1a: Koraidon|Flare Blitz|p2b: Eternatus
|-resisted|p2b: Eternatus
|-damage|p2b: Eternatus|0 fnt
|faint|p2b: Eternatus
|-damage|p1a: Koraidon|6/100|[from] Recoil
|-damage|p1a: Koraidon|0 fnt|[from] item: Life Orb
|faint|p1a: Koraidon
|
|win|cgxjdik
|raw|cgxjdik's rating: 1287 &rarr; <strong>1315</strong><br />(+28 for winning)
|raw|kutaka kfc's rating: 1327 &rarr; <strong>1305</strong><br />(-22 for losing)
|l|☆kutaka kfc
|player|p2|
|l|☆cgxjdik
|player|p1|
