|j|☆TMD99
|j|☆Zillowzest
|t:|1750872433
|gametype|doubles
|player|p1|TMD99|grimsley|1283
|player|p2|Zillowzest|pokemonbreederf-gen4|1282
|teamsize|p1|6
|teamsize|p2|6
|gen|9
|tier|[Gen 9] VGC 2025 Reg I
|rated|
|rule|Species Clause: Limit one of each Pokémon
|rule|Item Clause: Limit 1 of each item
|clearpoke
|poke|p1|Calyrex-Shadow, L50|
|poke|p1|Gothitelle, L50, M|
|poke|p1|Incineroar, L50, F|
|poke|p1|Amoonguss, L50, F|
|poke|p1|Scream Tail, L50|
|poke|p1|Koraidon, L50|
|poke|p2|Meowstic, L50, M|
|poke|p2|Amoonguss, L50, F|
|poke|p2|Terapagos, L50, M|
|poke|p2|Rillaboom, L50, M|
|poke|p2|Lunala, L50|
|poke|p2|Urshifu-*, L50, F|
|teampreview|4
|inactive|Battle timer is ON: inactive players will automatically lose when time's up. (requested by TMD99)
TMD99 rejected open team sheets.
|
|t:|1750872489
|start
|switch|p1a: Incineroar|Incineroar, L50, F|100/100
|switch|p1b: Koraidon|Koraidon, L50|100/100
|switch|p2a: Meowstic|Meowstic, L50, M|100/100
|switch|p2b: Amoonguss|Amoonguss, L50, F|100/100
|-weather|SunnyDay|[from] ability: Orichalcum Pulse|[of] p1b: Koraidon
|-activate|p1b: Koraidon|Orichalcum Pulse|[source]
|-ability|p1a: Incineroar|Intimidate|boost
|-unboost|p2a: Meowstic|atk|1
|-unboost|p2b: Amoonguss|atk|1
|turn|1
|inactive|TMD99 has 30 seconds left.
|
|t:|1750872518
|-terastallize|p2b: Amoonguss|Water
|move|p1a: Incineroar|Fake Out|p2b: Amoonguss
|-damage|p2b: Amoonguss|93/100
|move|p2a: Meowstic|Skill Swap|p2b: Amoonguss
|-activate|p2a: Meowstic|move: Skill Swap|||[of] p2b: Amoonguss
|move|p2b: Amoonguss|Spore|p1b: Koraidon
|-status|p1b: Koraidon|slp|[from] move: Spore
|cant|p1b: Koraidon|slp
|
|-weather|SunnyDay|[upkeep]
|upkeep
|turn|2
|
|t:|1750872540
|move|p2b: Amoonguss|Spore|p1a: Incineroar
|-hint|Since gen 7, Dark is immune to Prankster moves.
|-immune|p1a: Incineroar
|cant|p1b: Koraidon|slp
|move|p2a: Meowstic|Reflect|p2a: Meowstic
|-sidestart|p2: Zillowzest|Reflect
|move|p1a: Incineroar|Flare Blitz|p2a: Meowstic
|-damage|p2a: Meowstic|47/100
|-status|p2a: Meowstic|brn
|-damage|p1a: Incineroar|85/100|[from] Recoil
|
|-weather|SunnyDay|[upkeep]
|-damage|p2a: Meowstic|41/100 brn|[from] brn
|upkeep
|turn|3
|
|t:|1750872562
|cant|p1b: Koraidon|slp
|move|p2a: Meowstic|Light Screen|p2a: Meowstic
|-sidestart|p2: Zillowzest|move: Light Screen
|move|p1a: Incineroar|Flare Blitz|p2a: Meowstic
|-damage|p2a: Meowstic|0 fnt
|faint|p2a: Meowstic
|-damage|p1a: Incineroar|73/100|[from] Recoil
|move|p2b: Amoonguss|Pollen Puff|p2: Meowstic|[notarget]
|-fail|p2b: Amoonguss
|
|-weather|SunnyDay|[upkeep]
|upkeep
|
|t:|1750872575
|switch|p2a: Lunala|Lunala, L50|100/100
|turn|4
|inactive|TMD99 has 30 seconds left.
|
|t:|1750872609
|-curestatus|p1b: Koraidon|slp|[msg]
|move|p1b: Koraidon|Flare Blitz|p2a: Lunala
|-damage|p2a: Lunala|69/100
|-status|p2a: Lunala|brn
|-damage|p1b: Koraidon|86/100|[from] Recoil
|-damage|p1b: Koraidon|76/100|[from] item: Life Orb
|move|p1a: Incineroar|Flare Blitz|p2a: Lunala
|-damage|p2a: Lunala|33/100 brn
|-damage|p1a: Incineroar|58/100|[from] Recoil
|move|p2b: Amoonguss|Pollen Puff|p2a: Lunala
|-heal|p2a: Lunala|83/100 brn
|move|p2a: Lunala|Trick Room|p2a: Lunala
|-fieldstart|move: Trick Room|[of] p2a: Lunala
|
|-weather|SunnyDay|[upkeep]
|-damage|p2a: Lunala|77/100 brn|[from] brn
|upkeep
|turn|5
|
|t:|1750872625
|move|p1a: Incineroar|Protect|p1a: Incineroar
|-singleturn|p1a: Incineroar|Protect
|move|p1b: Koraidon|Protect|p1b: Koraidon
|-singleturn|p1b: Koraidon|Protect
|move|p2b: Amoonguss|Spore|p1b: Koraidon
|-activate|p1b: Koraidon|move: Protect
|move|p2a: Lunala|Meteor Beam||[still]
|-prepare|p2a: Lunala|Meteor Beam
|-boost|p2a: Lunala|spa|1
|-enditem|p2a: Lunala|Power Herb
|-anim|p2a: Lunala|Meteor Beam|p1a: Incineroar
|-activate|p1a: Incineroar|move: Protect
|
|-weather|none
|-damage|p2a: Lunala|71/100 brn|[from] brn
|upkeep
|turn|6
|
|t:|1750872645
|move|p2b: Amoonguss|Pollen Puff|p2a: Lunala
|-heal|p2a: Lunala|100/100 brn
|move|p1a: Incineroar|Flare Blitz|p2a: Lunala
|-damage|p2a: Lunala|88/100 brn
|-damage|p1a: Incineroar|53/100|[from] Recoil
|move|p2a: Lunala|Moongeist Beam|p1b: Koraidon
|-damage|p1b: Koraidon|0 fnt
|faint|p1b: Koraidon
|
|-damage|p2a: Lunala|82/100 brn|[from] brn
|upkeep
|
|t:|1750872665
|switch|p1b: Scream Tail|Scream Tail, L50, shiny|100/100
|-enditem|p1b: Scream Tail|Booster Energy
|-activate|p1b: Scream Tail|ability: Protosynthesis|[fromitem]
|-start|p1b: Scream Tail|protosynthesisspe
|turn|7
|
|t:|1750872687
|move|p1b: Scream Tail|Protect|p1b: Scream Tail
|-singleturn|p1b: Scream Tail|Protect
|move|p2b: Amoonguss|Spore|p1b: Scream Tail
|-activate|p1b: Scream Tail|move: Protect
|move|p1a: Incineroar|Flare Blitz|p2a: Lunala
|-damage|p2a: Lunala|55/100 brn
|-damage|p1a: Incineroar|43/100|[from] Recoil
|move|p2a: Lunala|Moongeist Beam|p1a: Incineroar
|-resisted|p1a: Incineroar
|-damage|p1a: Incineroar|4/100
|-enditem|p1a: Incineroar|Aguav Berry|[eat]
|-heal|p1a: Incineroar|38/100|[from] item: Aguav Berry
|
|-damage|p2a: Lunala|49/100 brn|[from] brn
|upkeep
|turn|8
|
|t:|1750872707
|-terastallize|p1b: Scream Tail|Dark
|move|p2b: Amoonguss|Spore|p1b: Scream Tail
|-hint|Since gen 7, Dark is immune to Prankster moves.
|-immune|p1b: Scream Tail
|move|p1a: Incineroar|Parting Shot|p2a: Lunala
|-unboost|p2a: Lunala|atk|1
|-unboost|p2a: Lunala|spa|1
|
|t:|1750872709
|switch|p1a: Gothitelle|Gothitelle, L50, M|100/100|[from] Parting Shot
|move|p2a: Lunala|Moongeist Beam|p1a: Gothitelle
|-supereffective|p1a: Gothitelle
|-damage|p1a: Gothitelle|11/100
|-enditem|p1a: Gothitelle|Sitrus Berry|[eat]
|-heal|p1a: Gothitelle|36/100|[from] item: Sitrus Berry
|move|p1b: Scream Tail|Encore|p2b: Amoonguss
|-start|p2b: Amoonguss|Encore
|
|-damage|p2a: Lunala|43/100 brn|[from] brn
|-fieldend|move: Trick Room
|upkeep
|turn|9
|inactive|TMD99 has 30 seconds left.
|
|t:|1750872739
|switch|p1a: Incineroar|Incineroar, L50, F|38/100
|-ability|p1a: Incineroar|Intimidate|boost
|-unboost|p2a: Lunala|atk|1
|-unboost|p2b: Amoonguss|atk|1
|move|p2b: Amoonguss|Spore|p1a: Incineroar
|-hint|Since gen 7, Dark is immune to Prankster moves.
|-immune|p1a: Incineroar
|move|p1b: Scream Tail|Disable|p2a: Lunala
|-start|p2a: Lunala|Disable|Moongeist Beam
|cant|p2a: Lunala|Disable|Moongeist Beam
|
|-damage|p2a: Lunala|37/100 brn|[from] brn
|-sideend|p2: Zillowzest|Reflect
|upkeep
|turn|10
|inactive|TMD99 has 30 seconds left.
|inactive|TMD99 has 20 seconds left.
|inactive|TMD99 has 15 seconds left.
|
|t:|1750872780
|switch|p2b: Urshifu|Urshifu-Rapid-Strike, L50, F|100/100
|move|p1b: Scream Tail|Encore|p2a: Lunala
|-start|p2a: Lunala|Encore
|move|p1a: Incineroar|Flare Blitz|p2a: Lunala
|-damage|p2a: Lunala|0 fnt
|faint|p2a: Lunala
|-damage|p1a: Incineroar|23/100|[from] Recoil
|
|-sideend|p2: Zillowzest|move: Light Screen
|upkeep
|
|t:|1750872783
|switch|p2a: Amoonguss|Amoonguss, L50, F, tera:Water|93/100
|turn|11
|
|t:|1750872801
|move|p2b: Urshifu|Aqua Jet|p1a: Incineroar
|-supereffective|p1a: Incineroar
|-damage|p1a: Incineroar|0 fnt
|faint|p1a: Incineroar
|move|p1b: Scream Tail|Perish Song|p1b: Scream Tail
|-start|p1b: Scream Tail|perish3|[silent]
|-start|p2a: Amoonguss|perish3|[silent]
|-start|p2b: Urshifu|perish3|[silent]
|-fieldactivate|move: Perish Song
|move|p2a: Amoonguss|Spore|p1b: Scream Tail
|-status|p1b: Scream Tail|slp|[from] move: Spore
|
|-start|p1b: Scream Tail|perish3
|-start|p2b: Urshifu|perish3
|-start|p2a: Amoonguss|perish3
|upkeep
|
|t:|1750872803
|switch|p1a: Gothitelle|Gothitelle, L50, M|36/100
|turn|12
|inactive|Zillowzest has 30 seconds left.
|
|t:|1750872832
|cant|p1b: Scream Tail|slp
|move|p1a: Gothitelle|Fake Out|p2b: Urshifu
|-damage|p2b: Urshifu|95/100
|cant|p2b: Urshifu|flinch
|move|p2a: Amoonguss|Sludge Bomb|p1a: Gothitelle
|-damage|p1a: Gothitelle|15/100
|
|-start|p1b: Scream Tail|perish2
|-start|p2b: Urshifu|perish2
|-start|p2a: Amoonguss|perish2
|upkeep
|turn|13
|
|t:|1750872847
|cant|p1b: Scream Tail|slp
|move|p2b: Urshifu|Close Combat|p1b: Scream Tail
|-supereffective|p1b: Scream Tail
|-damage|p1b: Scream Tail|0 fnt
|-unboost|p2b: Urshifu|def|1
|-unboost|p2b: Urshifu|spd|1
|faint|p1b: Scream Tail
|-end|p1b: Scream Tail|Protosynthesis|[silent]
|move|p1a: Gothitelle|Taunt|p2a: Amoonguss
|-start|p2a: Amoonguss|move: Taunt
|cant|p2a: Amoonguss|move: Taunt|Spore
|
|-start|p2b: Urshifu|perish1
|-start|p2a: Amoonguss|perish1
|upkeep
|turn|14
|
|t:|1750872863
|move|p1a: Gothitelle|Protect|p1a: Gothitelle
|-singleturn|p1a: Gothitelle|Protect
|move|p2b: Urshifu|Surging Strikes|p1a: Gothitelle
|-crit|p1a: Gothitelle
|-damage|p1a: Gothitelle|0 fnt
|faint|p1a: Gothitelle
|-hitcount|p1: Gothitelle|1
|
|win|Zillowzest
|raw|TMD99's rating: 1283 &rarr; <strong>1258</strong><br />(-25 for losing)
|raw|Zillowzest's rating: 1282 &rarr; <strong>1307</strong><br />(+25 for winning)
|l|☆TMD99
|player|p1|
|l|☆Zillowzest
|player|p2|
