|j|☆bimbo mafioso
|j|☆Redbama
|t:|1750797554
|gametype|doubles
|player|p1|bimbo mafioso|swimmerf|
|player|p2|Redbama|red-masters2|
|teamsize|p1|6
|teamsize|p2|6
|gen|9
|tier|[Gen 9] VGC 2025 Reg I
|rated|Tournament battle
|rule|Species Clause: Limit one of each Pokémon
|rule|Item Clause: Limit 1 of each item
|raw|<div class="infobox"><details class="readmore" open><summary><strong>2 custom rules:</strong></summary> Force Open Team Sheets, !Open Team Sheets</details></div>
|clearpoke
|poke|p1|Urshifu-*, L50, M|
|poke|p1|Rillaboom, L50, F|
|poke|p1|Incineroar, L50, F|
|poke|p1|Zamazenta-*, L50|
|poke|p1|Ogerpon-Cornerstone, L50, F|
|poke|p1|Calyrex-Shadow, L50|
|poke|p2|Terapagos, L50, M|
|poke|p2|Miraidon, L50|
|poke|p2|Incineroar, L50, M|
|poke|p2|Urshifu-*, L50, M|
|poke|p2|Sinistcha, L50|
|poke|p2|Tornadus, L50, M|
|teampreview|4
|showteam|p1|Urshifu-Rapid-Strike||ChoiceScarf|UnseenFist|SurgingStrikes,CloseCombat,AquaJet,Uturn|||M|||50|,,,,,Water]Rillaboom||AssaultVest|GrassySurge|FakeOut,GrassyGlide,WoodHammer,Uturn|||F|||50|,,,,,Water]Incineroar||RockyHelmet|Intimidate|FakeOut,KnockOff,HelpingHand,PartingShot|||F|||50|,,,,,Bug]Zamazenta-Crowned||RustedShield|DauntlessShield|BodyPress,HeavySlam,WideGuard,Protect||||||50|,,,,,Dragon]Ogerpon-Cornerstone||CornerstoneMask|Sturdy|IvyCudgel,PowerWhip,FollowMe,SpikyShield|||F|||50|,,,,,Rock]Calyrex-Shadow||LifeOrb|AsOneSpectrier|AstralBarrage,Psychic,NastyPlot,Protect||||||50|,,,,,Dark
|showteam|p2|Terapagos||ElectricSeed|TeraShift|TeraStarstorm,EarthPower,CalmMind,Protect|||M|||50|,,,,,Stellar]Miraidon||ChoiceSpecs|HadronEngine|ElectroDrift,VoltSwitch,DracoMeteor,DazzlingGleam||||||50|,,,,,Fairy]Incineroar||SafetyGoggles|Intimidate|WillOWisp,FakeOut,KnockOff,PartingShot|||M|||50|,,,,,Ghost]Urshifu-Rapid-Strike||MysticWater|UnseenFist|SurgingStrikes,CloseCombat,AquaJet,Detect|||M|||50|,,,,,Grass]Sinistcha||RockyHelmet|Hospitality|MatchaGotcha,TrickRoom,RagePowder,Protect||||||50|,,,,,Water]Tornadus||CovertCloak|Prankster|BleakwindStorm,RainDance,Tailwind,Taunt|||M|||50|,,,,,Dark
|inactive|Battle timer is ON: inactive players will automatically lose when time's up. (requested by bimbo mafioso)
|inactive|Redbama also wants the timer to be on.
|inactive|bimbo mafioso has 60 seconds left.
|inactive|Redbama has 60 seconds left.
|
|t:|1750797599
|start
|switch|p1a: Calyrex|Calyrex-Shadow, L50|100/100
|switch|p1b: Incineroar|Incineroar, L50, F|100/100
|switch|p2a: Turbie|Terapagos, L50, M|100/100
|switch|p2b: Meatball|Tornadus, L50, M|100/100
|-activate|p2a: Turbie|ability: Tera Shift
|detailschange|p2a: Turbie|Terapagos-Terastal, L50, M
|-heal|p2a: Turbie|100/100|[silent]
|-ability|p1a: Calyrex|As One
|-ability|p1a: Calyrex|Unnerve
|-ability|p1b: Incineroar|Intimidate|boost
|-unboost|p2a: Turbie|atk|1
|-unboost|p2b: Meatball|atk|1
|turn|1
|inactive|Redbama has 30 seconds left.
|
|t:|1750797626
|move|p2a: Turbie|Protect|p2a: Turbie
|-singleturn|p2a: Turbie|Protect
|move|p1b: Incineroar|Fake Out|p2a: Turbie
|-activate|p2a: Turbie|move: Protect
|move|p2b: Meatball|Tailwind|p2b: Meatball
|-sidestart|p2: Redbama|move: Tailwind
|move|p1a: Calyrex|Nasty Plot|p1a: Calyrex
|-boost|p1a: Calyrex|spa|2
|
|upkeep
|turn|2
|inactive|Redbama has 30 seconds left.
|inactive|Redbama has 20 seconds left.
|
|t:|1750797665
|-terastallize|p2a: Turbie|Stellar
|detailschange|p2a: Turbie|Terapagos-Stellar, L50, M, tera:Stellar
|-heal|p2a: Turbie|100/100|[silent]
|move|p2b: Meatball|Bleakwind Storm|p1a: Calyrex|[spread] p1b
|-miss|p2b: Meatball|p1a: Calyrex
|-damage|p1b: Incineroar|73/100
|move|p2a: Turbie|Tera Starstorm|p1b: Incineroar|[spread] p1a,p1b
|-damage|p1a: Calyrex|66/100
|-damage|p1b: Incineroar|44/100
|move|p1a: Calyrex|Psychic|p2a: Turbie
|-damage|p2a: Turbie|24/100
|-unboost|p2a: Turbie|spd|1
|-damage|p1a: Calyrex|56/100|[from] item: Life Orb
|move|p1b: Incineroar|Knock Off|p2a: Turbie
|-damage|p2a: Turbie|4/100
|-enditem|p2a: Turbie|Electric Seed|[from] move: Knock Off|[of] p1b: Incineroar
|
|upkeep
|turn|3
|inactive|Redbama has 30 seconds left.
|
|t:|1750797694
|move|p1a: Calyrex|Protect|p1a: Calyrex
|-singleturn|p1a: Calyrex|Protect
|move|p2b: Meatball|Bleakwind Storm|p1a: Calyrex|[spread] p1b
|-activate|p1a: Calyrex|move: Protect
|-damage|p1b: Incineroar|20/100
|move|p2a: Turbie|Tera Starstorm|p1a: Calyrex|[spread] p1b
|-activate|p1a: Calyrex|move: Protect
|-damage|p1b: Incineroar|0 fnt
|faint|p1b: Incineroar
|
|upkeep
|
|t:|1750797702
|switch|p1b: Zamazenta|Zamazenta-Crowned, L50|100/100
|-ability|p1b: Zamazenta|Dauntless Shield|boost
|-boost|p1b: Zamazenta|def|1
|turn|4
|
|t:|1750797719
|move|p2a: Turbie|Protect|p2a: Turbie
|-singleturn|p2a: Turbie|Protect
|move|p1b: Zamazenta|Wide Guard|p1b: Zamazenta
|-singleturn|p1b: Zamazenta|Wide Guard
|move|p2b: Meatball|Taunt|p1b: Zamazenta
|-start|p1b: Zamazenta|move: Taunt
|move|p1a: Calyrex|Astral Barrage|p2a: Turbie|[spread] p2b
|-activate|p2a: Turbie|move: Protect
|-damage|p2b: Meatball|0 fnt
|faint|p2b: Meatball
|-ability|p1a: Calyrex|Grim Neigh|boost
|-boost|p1a: Calyrex|spa|1
|-damage|p1a: Calyrex|47/100|[from] item: Life Orb
|
|-sideend|p2: Redbama|move: Tailwind
|upkeep
|
|t:|1750797735
|switch|p2b: Big boy tricycle|Miraidon, L50|100/100
|-fieldstart|move: Electric Terrain|[from] ability: Hadron Engine|[of] p2b: Big boy tricycle
|turn|5
|
|t:|1750797743
|move|p1a: Calyrex|Astral Barrage|p2b: Big boy tricycle|[spread] p2b
|-immune|p2a: Turbie
|-damage|p2b: Big boy tricycle|0 fnt
|faint|p2b: Big boy tricycle
|-ability|p1a: Calyrex|Grim Neigh|boost
|-boost|p1a: Calyrex|spa|1
|-damage|p1a: Calyrex|37/100|[from] item: Life Orb
|move|p1b: Zamazenta|Body Press|p2a: Turbie
|-supereffective|p2a: Turbie
|-damage|p2a: Turbie|0 fnt
|faint|p2a: Turbie
|detailschange|p2: Turbie|Terapagos, L50, M|[silent]
|
|upkeep
|
|t:|1750797748
|switch|p2b: Teakwando|Urshifu-Rapid-Strike, L50, M|100/100
|turn|6
|j| X2Muz
|-message|Redbama forfeited.
|
|win|bimbo mafioso
|n|☆bimbo mafioso|bimbomafioso
|n|☆Redbama|redbama
|n| X2Muz|x2muz
|l|☆Redbama
|player|p2|
|l| X2Muz
