|j|☆Punchblocker
|j|☆Anubis7vgc
|t:|1750869415
|gametype|doubles
|player|p1|Punchblocker|blackbelt|1327
|player|p2|Anubis7vgc|linebacker|1384
|teamsize|p1|6
|teamsize|p2|6
|gen|9
|tier|[Gen 9] VGC 2025 Reg I
|rated|
|rule|Species Clause: Limit one of each Pokémon
|rule|Item Clause: Limit 1 of each item
|clearpoke
|poke|p1|Grimmsnarl, L50, M|
|poke|p1|Incineroar, L50, F|
|poke|p1|Overqwil, L50, F|
|poke|p1|Chi-Yu, L50|
|poke|p1|Calyrex-Shadow, L50|
|poke|p1|Eternatus, L50|
|poke|p2|Miraidon, L50|
|poke|p2|Zamazenta-*, L50|
|poke|p2|Chien-Pao, L50|
|poke|p2|Incineroar, L50, F|
|poke|p2|Farigiraf, L50, F|
|poke|p2|Ogerpon-Hearthflame, L50, F|
|teampreview|4
|inactive|Battle timer is ON: inactive players will automatically lose when time's up. (requested by Anubis7vgc)
|inactive|Anubis7vgc has 60 seconds left.
|
|t:|1750869471
|start
|switch|p1a: Grimmsnarl|Grimmsnarl, L50, M|100/100
|switch|p1b: Overqwil|Overqwil, L50, F|100/100
|switch|p2a: Zamazenta|Zamazenta-Crowned, L50|100/100
|switch|p2b: Chien-Pao|Chien-Pao, L50|100/100
|-ability|p2b: Chien-Pao|Sword of Ruin
|-ability|p2a: Zamazenta|Dauntless Shield|boost
|-boost|p2a: Zamazenta|def|1
|-ability|p1b: Overqwil|Intimidate|boost
|-unboost|p2a: Zamazenta|atk|1
|-unboost|p2b: Chien-Pao|atk|1
|turn|1
|
|t:|1750869489
|move|p2b: Chien-Pao|Protect|p2b: Chien-Pao
|-singleturn|p2b: Chien-Pao|Protect
|move|p1a: Grimmsnarl|Reflect|p1a: Grimmsnarl
|-sidestart|p1: Punchblocker|Reflect
|move|p2a: Zamazenta|Behemoth Bash|p1a: Grimmsnarl
|-supereffective|p1a: Grimmsnarl
|-damage|p1a: Grimmsnarl|50/100
|move|p1b: Overqwil|Toxic Spikes|p2a: Zamazenta
|-sidestart|p2: Anubis7vgc|move: Toxic Spikes
|
|upkeep
|turn|2
|
|t:|1750869505
|move|p1a: Grimmsnarl|Thunder Wave|p2a: Zamazenta
|-status|p2a: Zamazenta|par
|move|p2b: Chien-Pao|Icicle Crash|p1b: Overqwil
|-damage|p1b: Overqwil|75/100
|move|p1b: Overqwil|Toxic Spikes|p2b: Chien-Pao
|-sidestart|p2: Anubis7vgc|move: Toxic Spikes
|move|p2a: Zamazenta|Behemoth Bash|p1a: Grimmsnarl
|-supereffective|p1a: Grimmsnarl
|-damage|p1a: Grimmsnarl|0 fnt
|faint|p1a: Grimmsnarl
|
|upkeep
|
|t:|1750869518
|switch|p1a: Eternatus|Eternatus, L50|100/100
|-ability|p1a: Eternatus|Pressure
|turn|3
|
|t:|1750869528
|move|p2b: Chien-Pao|Icicle Crash|p1a: Eternatus
|-supereffective|p1a: Eternatus
|-damage|p1a: Eternatus|68/100
|move|p1a: Eternatus|Dynamax Cannon|p2b: Chien-Pao
|-damage|p2b: Chien-Pao|8/100
|move|p1b: Overqwil|Barb Barrage|p2b: Chien-Pao
|-damage|p2b: Chien-Pao|0 fnt
|faint|p2b: Chien-Pao
|move|p2a: Zamazenta|Body Press|p1b: Overqwil
|-damage|p1b: Overqwil|28/100
|
|-heal|p1a: Eternatus|75/100|[from] item: Leftovers
|upkeep
|
|t:|1750869541
|switch|p2b: Miraidon|Miraidon, L50|100/100
|-status|p2b: Miraidon|tox
|-fieldstart|move: Electric Terrain|[from] ability: Hadron Engine|[of] p2b: Miraidon
|turn|4
|
|t:|1750869555
|move|p2b: Miraidon|Draco Meteor|p1a: Eternatus
|-supereffective|p1a: Eternatus
|-damage|p1a: Eternatus|0 fnt
|-unboost|p2b: Miraidon|spa|2
|faint|p1a: Eternatus
|move|p1b: Overqwil|Barb Barrage|p2b: Miraidon
|-damage|p2b: Miraidon|40/100 tox
|move|p2a: Zamazenta|Body Press|p1b: Overqwil
|-damage|p1b: Overqwil|0 fnt
|faint|p1b: Overqwil
|
|-damage|p2b: Miraidon|35/100 tox|[from] psn
|upkeep
|
|t:|1750869569
|switch|p1b: Calyrex|Calyrex-Shadow, L50|100/100
|-ability|p1b: Calyrex|As One
|-ability|p1b: Calyrex|Unnerve
|turn|5
|
|t:|1750869575
|switch|p2b: Incineroar|Incineroar, L50, F|100/100
|-status|p2b: Incineroar|tox
|-ability|p2b: Incineroar|Intimidate|boost
|-unboost|p1b: Calyrex|atk|1
|move|p1b: Calyrex|Protect|p1b: Calyrex
|-singleturn|p1b: Calyrex|Protect
|cant|p2a: Zamazenta|par
|
|-damage|p2b: Incineroar|95/100 tox|[from] psn
|upkeep
|turn|6
|
|t:|1750869588
|cant|p2a: Zamazenta|par
|move|p1b: Calyrex|Astral Barrage|p2a: Zamazenta|[spread] p2a,p2b
|-resisted|p2b: Incineroar
|-damage|p2a: Zamazenta|60/100 par
|-damage|p2b: Incineroar|74/100 tox
|move|p2b: Incineroar|Knock Off|p1b: Calyrex
|-supereffective|p1b: Calyrex
|-enditem|p1b: Calyrex|Focus Sash
|-damage|p1b: Calyrex|1/100
|
|-damage|p2b: Incineroar|62/100 tox|[from] psn
|upkeep
|turn|7
|
|t:|1750869604
|-terastallize|p1b: Calyrex|Fairy
|move|p2a: Zamazenta|Wide Guard|p2a: Zamazenta
|-singleturn|p2a: Zamazenta|Wide Guard
|move|p1b: Calyrex|Draining Kiss|p2b: Incineroar
|-damage|p2b: Incineroar|35/100 tox
|-heal|p1b: Calyrex|24/100|[from] drain|[of] p2b: Incineroar
|move|p2b: Incineroar|Knock Off|p1b: Calyrex
|-resisted|p1b: Calyrex
|-damage|p1b: Calyrex|14/100
|
|-damage|p2b: Incineroar|17/100 tox|[from] psn
|upkeep
|turn|8
|
|t:|1750869623
|move|p1b: Calyrex|Draining Kiss|p2a: Zamazenta
|-damage|p2a: Zamazenta|33/100 par
|-heal|p1b: Calyrex|35/100|[from] drain|[of] p2a: Zamazenta
|cant|p2a: Zamazenta|par
|move|p2b: Incineroar|Parting Shot|p1b: Calyrex
|-unboost|p1b: Calyrex|atk|1
|-unboost|p1b: Calyrex|spa|1
|
|t:|1750869631
|switch|p2b: Miraidon|Miraidon, L50|35/100 tox|[from] Parting Shot
|-activate|p2b: Miraidon|ability: Hadron Engine
|
|-damage|p2b: Miraidon|29/100 tox|[from] psn
|-sideend|p1: Punchblocker|Reflect
|-fieldend|move: Electric Terrain
|upkeep
|turn|9
|
|t:|1750869647
|-terastallize|p2b: Miraidon|Electric
|move|p2b: Miraidon|Electro Drift|p1b: Calyrex
|-damage|p1b: Calyrex|0 fnt
|faint|p1b: Calyrex
|
|win|Anubis7vgc
|raw|Punchblocker's rating: 1327 &rarr; <strong>1310</strong><br />(-17 for losing)
|raw|Anubis7vgc's rating: 1384 &rarr; <strong>1401</strong><br />(+17 for winning)
|l|☆Anubis7vgc
|player|p2|
|l|☆Punchblocker
|player|p1|
