|j|☆testdummystuff
|j|☆cyanide55
|t:|1750729858
|gametype|doubles
|player|p1|testdummystuff|miku-ground|
|player|p2|cyanide55|rosa|
|teamsize|p1|6
|teamsize|p2|6
|gen|9
|tier|[Gen 9] VGC 2025 Reg I
|rule|Species Clause: Limit one of each Pokémon
|rule|Item Clause: Limit 1 of each item
|clearpoke
|poke|p1|Koraidon, L50|
|poke|p1|Zamazenta-*, L50|
|poke|p1|Flutter Mane, L50|
|poke|p1|Rillaboom, L50, M|
|poke|p1|Incineroar, L50, M|
|poke|p1|Thundurus, L50, M|
|poke|p2|Giratina, L50|
|poke|p2|Ursaluna, L50, M|
|poke|p2|Miraidon, L50|
|poke|p2|Porygon2, L50|
|poke|p2|Incineroar, L50, F|
|poke|p2|Amoonguss, L50, M|
|teampreview|4
|inactive|Battle timer is ON: inactive players will automatically lose when time's up. (requested by testdummystuff)
|inactiveoff|Battle timer is now OFF.
|c|☆cyanide55|im more comfortable with this team
|c|☆testdummystuff|alright ^_^
|
|t:|1750729911
|start
|switch|p1a: Koraidon|Koraidon, L50|100/100
|switch|p1b: Incineroar|Incineroar, L50, M|100/100
|switch|p2a: Amoonguss|Amoonguss, L50, M|100/100
|switch|p2b: Ursaluna|Ursaluna, L50, M|100/100
|-weather|SunnyDay|[from] ability: Orichalcum Pulse|[of] p1a: Koraidon
|-activate|p1a: Koraidon|Orichalcum Pulse|[source]
|-ability|p1b: Incineroar|Intimidate|boost
|-unboost|p2a: Amoonguss|atk|1
|-unboost|p2b: Ursaluna|atk|1
|turn|1
|
|t:|1750729949
|switch|p1a: Flutter Mane|Flutter Mane, L50|100/100
|-activate|p1a: Flutter Mane|ability: Protosynthesis
|-start|p1a: Flutter Mane|protosynthesisspe
|-terastallize|p1b: Incineroar|Ghost
|move|p2b: Ursaluna|Protect|p2b: Ursaluna
|-singleturn|p2b: Ursaluna|Protect
|move|p2a: Amoonguss|Protect|p2a: Amoonguss
|-singleturn|p2a: Amoonguss|Protect
|move|p1b: Incineroar|Flare Blitz|p2a: Amoonguss
|-activate|p2a: Amoonguss|move: Protect
|
|-weather|SunnyDay|[upkeep]
|-status|p2b: Ursaluna|brn|[from] item: Flame Orb
|upkeep
|turn|2
|
|t:|1750729982
|-terastallize|p2a: Amoonguss|Water
|move|p1a: Flutter Mane|Moonblast|p2b: Ursaluna
|-damage|p2b: Ursaluna|38/100 brn
|-unboost|p2b: Ursaluna|spa|1
|move|p1b: Incineroar|Flare Blitz|p2a: Amoonguss
|-resisted|p2a: Amoonguss
|-damage|p2a: Amoonguss|64/100
|-damage|p1b: Incineroar|84/100|[from] item: Rocky Helmet|[of] p2a: Amoonguss
|-damage|p1b: Incineroar|71/100|[from] Recoil
|move|p2b: Ursaluna|Close Combat|p1b: Incineroar
|-immune|p1b: Incineroar
|move|p2a: Amoonguss|Spore|p1a: Flutter Mane
|-status|p1a: Flutter Mane|slp|[from] move: Spore
|
|-weather|SunnyDay|[upkeep]
|-damage|p2b: Ursaluna|32/100 brn|[from] brn
|upkeep
|turn|3
|c|☆testdummystuff|nice
|c|☆cyanide55|i forgot the tera
|c|☆cyanide55|f ck
|c|☆testdummystuff|youre fine
|c|☆testdummystuff|incin could literally be anything
|c|☆testdummystuff|i was considering water lol
|c|☆cyanide55|thats frickin right xD
|c|☆testdummystuff|besides, i think healdong wouldve killed or done a lot
|c|☆cyanide55|i wouldve used it
|c|☆cyanide55|but i forgot the tera
|c|☆cyanide55|XD
|
|t:|1750730095
|cant|p1a: Flutter Mane|slp
|move|p1b: Incineroar|Parting Shot|p2b: Ursaluna
|-unboost|p2b: Ursaluna|atk|1
|-unboost|p2b: Ursaluna|spa|1
|
|t:|1750730100
|switch|p1b: Rillaboom|Rillaboom, L50, M|100/100|[from] Parting Shot
|-fieldstart|move: Grassy Terrain|[from] ability: Grassy Surge|[of] p1b: Rillaboom
|move|p2b: Ursaluna|Headlong Rush|p1b: Rillaboom
|-resisted|p1b: Rillaboom
|-damage|p1b: Rillaboom|74/100
|-unboost|p2b: Ursaluna|def|1
|-unboost|p2b: Ursaluna|spd|1
|move|p2a: Amoonguss|Sludge Bomb|p1a: Flutter Mane
|-damage|p1a: Flutter Mane|70/100 slp
|
|-weather|SunnyDay|[upkeep]
|-heal|p1a: Flutter Mane|77/100 slp|[from] Grassy Terrain
|-heal|p1b: Rillaboom|80/100|[from] Grassy Terrain
|-heal|p2b: Ursaluna|38/100 brn|[from] Grassy Terrain
|-heal|p2a: Amoonguss|70/100|[from] Grassy Terrain
|-damage|p2b: Ursaluna|32/100 brn|[from] brn
|upkeep
|turn|4
|
|t:|1750730118
|switch|p2b: Giratina|Giratina, L50|100/100
|-ability|p2b: Giratina|Pressure
|move|p2a: Amoonguss|Protect|p2a: Amoonguss
|-singleturn|p2a: Amoonguss|Protect
|move|p1b: Rillaboom|Fake Out|p2b: Giratina
|-immune|p2b: Giratina
|-curestatus|p1a: Flutter Mane|slp|[msg]
|move|p1a: Flutter Mane|Moonblast|p2a: Amoonguss
|-activate|p2a: Amoonguss|move: Protect
|
|-weather|SunnyDay|[upkeep]
|-heal|p1a: Flutter Mane|83/100|[from] Grassy Terrain
|-heal|p1b: Rillaboom|86/100|[from] Grassy Terrain
|-heal|p2a: Amoonguss|76/100|[from] Grassy Terrain
|upkeep
|turn|5
|
|t:|1750730138
|move|p1a: Flutter Mane|Moonblast|p2b: Giratina
|-supereffective|p2b: Giratina
|-damage|p2b: Giratina|32/100
|move|p1b: Rillaboom|Wood Hammer|p2a: Amoonguss
|-supereffective|p2a: Amoonguss
|-damage|p2a: Amoonguss|0 fnt
|-damage|p1b: Rillaboom|70/100|[from] item: Rocky Helmet|[of] p2a: Amoonguss
|faint|p2a: Amoonguss
|-damage|p1b: Rillaboom|40/100|[from] Recoil
|move|p2b: Giratina|Phantom Force||[still]
|-prepare|p2b: Giratina|Phantom Force
|
|-weather|none
|-end|p1a: Flutter Mane|Protosynthesis
|-heal|p1a: Flutter Mane|89/100|[from] Grassy Terrain
|-heal|p1b: Rillaboom|46/100|[from] Grassy Terrain
|-heal|p2b: Giratina|38/100|[from] item: Leftovers
|upkeep
|
|t:|1750730154
|switch|p2a: Miraidon|Miraidon, L50|100/100
|-fieldstart|move: Electric Terrain|[from] ability: Hadron Engine|[of] p2a: Miraidon
|turn|6
|c|☆testdummystuff|jeez i forgot how tanky i made giratina
|c|☆testdummystuff|im specs
|c|☆cyanide55|and that thing tanked it
|c|☆testdummystuff|yep
|c|☆testdummystuff|just as planned ^_^
|
|t:|1750730193
|switch|p1b: Koraidon|Koraidon, L50|100/100
|-weather|SunnyDay|[from] ability: Orichalcum Pulse|[of] p1b: Koraidon
|-activate|p1a: Flutter Mane|ability: Protosynthesis
|-start|p1a: Flutter Mane|protosynthesisspe
|-activate|p1b: Koraidon|Orichalcum Pulse|[source]
|move|p1a: Flutter Mane|Moonblast|p2a: Miraidon
|-supereffective|p2a: Miraidon
|-damage|p2a: Miraidon|0 fnt
|faint|p2a: Miraidon
|move|p2b: Giratina|Phantom Force|p1a: Flutter Mane|[from] lockedmove
|-supereffective|p1a: Flutter Mane
|-damage|p1a: Flutter Mane|0 fnt
|faint|p1a: Flutter Mane
|-end|p1a: Flutter Mane|Protosynthesis|[silent]
|
|-weather|SunnyDay|[upkeep]
|-heal|p2b: Giratina|44/100|[from] item: Leftovers
|upkeep
|
|t:|1750730208
|switch|p2a: Ursaluna|Ursaluna, L50, M|32/100 brn
|switch|p1a: Incineroar|Incineroar, L50, M, tera:Ghost|71/100
|-ability|p1a: Incineroar|Intimidate|boost
|-unboost|p2a: Ursaluna|atk|1
|-unboost|p2b: Giratina|atk|1
|turn|7
|
|t:|1750730225
|switch|p1a: Rillaboom|Rillaboom, L50, M|46/100
|-fieldstart|move: Grassy Terrain|[from] ability: Grassy Surge|[of] p1a: Rillaboom
|move|p1b: Koraidon|Close Combat|p2a: Ursaluna
|-supereffective|p2a: Ursaluna
|-damage|p2a: Ursaluna|0 fnt
|-unboost|p1b: Koraidon|def|1
|-unboost|p1b: Koraidon|spd|1
|faint|p2a: Ursaluna
|-damage|p1b: Koraidon|91/100|[from] item: Life Orb
|move|p2b: Giratina|Draco Meteor|p1a: Rillaboom|[miss]
|-miss|p2b: Giratina|p1a: Rillaboom
|
|-weather|SunnyDay|[upkeep]
|-heal|p1b: Koraidon|96/100|[from] Grassy Terrain
|-heal|p1a: Rillaboom|52/100|[from] Grassy Terrain
|-heal|p2b: Giratina|50/100|[from] Grassy Terrain
|-heal|p2b: Giratina|57/100|[from] item: Leftovers
|upkeep
|turn|8
|c|☆testdummystuff|unfortunate
|c|☆cyanide55|frickin rng
|c|☆testdummystuff|i missed 3 times in a row with gira lol
|c|☆testdummystuff|2 willo and 1 draco
|c|☆cyanide55|lol
|c|☆cyanide55|that happens a lot
|c|☆testdummystuff|yeah
|
|t:|1750730288
|switch|p1a: Incineroar|Incineroar, L50, M, tera:Ghost|71/100
|-ability|p1a: Incineroar|Intimidate|boost
|-unboost|p2b: Giratina|atk|1
|move|p1b: Koraidon|Dragon Claw|p2b: Giratina
|-supereffective|p2b: Giratina
|-damage|p2b: Giratina|0 fnt
|faint|p2b: Giratina
|-damage|p1b: Koraidon|87/100|[from] item: Life Orb
|
|win|testdummystuff
|c|☆testdummystuff|gg
|c|☆cyanide55|nah ggs
|c|☆testdummystuff|you did well
