|j|☆Test-on-calls
|j|☆Paycech
|t:|1750881701
|gametype|doubles
|player|p1|Test-on-calls|101|1367
|player|p2|Paycech|lucas-gen4pt|1348
|teamsize|p1|6
|teamsize|p2|6
|gen|9
|tier|[Gen 9] VGC 2025 Reg I
|rated|
|rule|Species Clause: Limit one of each Pokémon
|rule|Item Clause: Limit 1 of each item
|clearpoke
|poke|p1|Grimmsnarl, L50, M|
|poke|p1|Giratina-Origin, L50|
|poke|p1|Chien-Pao, L50|
|poke|p1|Zamazenta-*, L50|
|poke|p1|Annihilape, L50, M|
|poke|p1|Iron Valiant, L50|
|poke|p2|Groudon, L50|
|poke|p2|Lunala, L50|
|poke|p2|Lilligant-Hisui, L50, F|
|poke|p2|Raging Bolt, L50|
|poke|p2|Chi-Yu, L50|
|poke|p2|Whimsicott, L50, F|
|teampreview|4
|inactive|Battle timer is ON: inactive players will automatically lose when time's up. (requested by Test-on-calls)
|
|t:|1750881732
|start
|switch|p1a: Grimmsnarl|Grimmsnarl, L50, M, shiny|100/100
|switch|p1b: Chien-Pao|Chien-Pao, L50|100/100
|switch|p2a: Groudon|Groudon, L50|100/100
|switch|p2b: Lilligant|Lilligant-Hisui, L50, F|100/100
|-ability|p1b: Chien-Pao|Sword of Ruin
|-weather|SunnyDay|[from] ability: Drought|[of] p2a: Groudon
|turn|1
|inactive|Test-on-calls has 30 seconds left.
|inactive|Test-on-calls has 20 seconds left.
|inactive|Paycech has 30 seconds left.
|
|t:|1750881770
|move|p1a: Grimmsnarl|Misty Terrain|p1a: Grimmsnarl
|-fieldstart|move: Misty Terrain
|move|p2b: Lilligant|Close Combat|p1b: Chien-Pao
|-supereffective|p1b: Chien-Pao
|-enditem|p1b: Chien-Pao|Focus Sash
|-damage|p1b: Chien-Pao|1/100
|-unboost|p2b: Lilligant|def|1
|-unboost|p2b: Lilligant|spd|1
|move|p1b: Chien-Pao|Ice Spinner|p2b: Lilligant
|-supereffective|p2b: Lilligant
|-crit|p2b: Lilligant
|-enditem|p2b: Lilligant|Focus Sash
|-damage|p2b: Lilligant|1/100
|-fieldend|Misty Terrain
|move|p2a: Groudon|Precipice Blades|p1a: Grimmsnarl|[spread] p1a,p1b
|-damage|p1a: Grimmsnarl|41/100
|-damage|p1b: Chien-Pao|0 fnt
|faint|p1b: Chien-Pao
|
|-weather|SunnyDay|[upkeep]
|upkeep
|
|t:|1750881774
|switch|p1b: Giratina|Giratina-Origin, L50, shiny|100/100
|turn|2
|
|t:|1750881788
|move|p1b: Giratina|Shadow Sneak|p2b: Lilligant
|-damage|p2b: Lilligant|0 fnt
|faint|p2b: Lilligant
|move|p1a: Grimmsnarl|Reflect|p1a: Grimmsnarl
|-sidestart|p1: Test-on-calls|Reflect
|move|p2a: Groudon|High Horsepower|p1a: Grimmsnarl
|-damage|p1a: Grimmsnarl|4/100
|
|-weather|SunnyDay|[upkeep]
|upkeep
|
|t:|1750881794
|switch|p2b: Raging Bolt|Raging Bolt, L50|100/100
|-activate|p2b: Raging Bolt|ability: Protosynthesis
|-start|p2b: Raging Bolt|protosynthesisspa
|turn|3
|inactive|Test-on-calls has 30 seconds left.
|inactive|Test-on-calls has 20 seconds left.
|inactive|Test-on-calls has 15 seconds left.
|
|t:|1750881837
|-terastallize|p1b: Giratina|Fire
|move|p1a: Grimmsnarl|Light Screen|p1a: Grimmsnarl
|-sidestart|p1: Test-on-calls|move: Light Screen
|move|p1b: Giratina|Poltergeist|p2a: Groudon
|-activate|p2a: Groudon|move: Poltergeist|Clear Amulet
|-damage|p2a: Groudon|47/100
|move|p2a: Groudon|Heat Crash|p1a: Grimmsnarl
|-damage|p1a: Grimmsnarl|0 fnt
|faint|p1a: Grimmsnarl
|move|p2b: Raging Bolt|Draco Meteor|p1b: Giratina
|-damage|p1b: Giratina|52/100
|-unboost|p2b: Raging Bolt|spa|2
|
|-weather|SunnyDay|[upkeep]
|upkeep
|
|t:|1750881843
|switch|p1a: Zamazenta|Zamazenta-Crowned, L50, shiny|100/100
|-ability|p1a: Zamazenta|Dauntless Shield|boost
|-boost|p1a: Zamazenta|def|1
|turn|4
|
|t:|1750881861
|move|p1a: Zamazenta|Body Press|p2a: Groudon
|-damage|p2a: Groudon|1/100
|move|p1b: Giratina|Dragon Claw|p2b: Raging Bolt
|-supereffective|p2b: Raging Bolt
|-damage|p2b: Raging Bolt|17/100
|move|p2a: Groudon|High Horsepower|p1a: Zamazenta
|-supereffective|p1a: Zamazenta
|-damage|p1a: Zamazenta|69/100
|move|p2b: Raging Bolt|Volt Switch|p1a: Zamazenta
|-crit|p1a: Zamazenta
|-damage|p1a: Zamazenta|14/100
|
|t:|1750881871
|-end|p2b: Raging Bolt|Protosynthesis|[silent]
|switch|p2b: Lunala|Lunala, L50|100/100|[from] Volt Switch
|
|-weather|SunnyDay|[upkeep]
|upkeep
|turn|5
|
|t:|1750881888
|-terastallize|p2b: Lunala|Fairy
|move|p1a: Zamazenta|Body Press|p2a: Groudon
|-damage|p2a: Groudon|0 fnt
|faint|p2a: Groudon
|move|p1b: Giratina|Poltergeist|p2b: Lunala|[miss]
|-miss|p1b: Giratina|p2b: Lunala
|move|p2b: Lunala|Meteor Beam||[still]
|-prepare|p2b: Lunala|Meteor Beam
|-boost|p2b: Lunala|spa|1
|-enditem|p2b: Lunala|Power Herb
|-anim|p2b: Lunala|Meteor Beam|p1b: Giratina
|-supereffective|p1b: Giratina
|-damage|p1b: Giratina|0 fnt
|faint|p1b: Giratina
|
|-weather|none
|upkeep
|-message|Test-on-calls forfeited.
|
|win|Paycech
|raw|Test-on-calls's rating: 1367 &rarr; <strong>1346</strong><br />(-21 for losing)
|raw|Paycech's rating: 1348 &rarr; <strong>1369</strong><br />(+21 for winning)
|l|☆Test-on-calls
|player|p1|
|l|☆Paycech
|player|p2|
