|j|☆thegayestagenda
|j|☆gumballego
|t:|1750729387
|gametype|doubles
|player|p1|thegayestagenda|backersf|1114
|player|p2|gumballego|skier|1157
|teamsize|p1|6
|teamsize|p2|6
|gen|9
|tier|[Gen 9] VGC 2025 Reg I
|rated|
|rule|Species Clause: Limit one of each Pokémon
|rule|Item Clause: Limit 1 of each item
|clearpoke
|poke|p1|Comfey, L50, F|
|poke|p1|Kyogre, L50|
|poke|p1|Calyrex-Shadow, L50|
|poke|p1|Indeedee-F, L50, F|
|poke|p1|Garganacl, L50, M|
|poke|p1|Basculegion, L50, M|
|poke|p2|Zacian-*, L50|
|poke|p2|Ditto, L50|
|poke|p2|Breloom, L50, M|
|poke|p2|Whimsicott, L50, M|
|poke|p2|Kyogre, L50|
|poke|p2|Chien-Pao, L50|
|teampreview|4
|
|t:|1750729414
|start
|switch|p1a: Comfey|Comfey, L50, F|100/100
|switch|p1b: Kyogre|Kyogre, L50|100/100
|switch|p2a: karkal|Chien-Pao, L50|100/100
|switch|p2b: Fluffy|Whimsicott, L50, M|100/100
|-ability|p2a: karkal|Sword of Ruin
|-weather|RainDance|[from] ability: Drizzle|[of] p1b: Kyogre
|turn|1
|inactive|Battle timer is ON: inactive players will automatically lose when time's up. (requested by thegayestagenda)
|inactive|gumballego has 60 seconds left.
|
|t:|1750729495
|switch|p2a: Ditto|Ditto, L50|100/100
|-transform|p2a: Ditto|p1b: Kyogre|[from] ability: Imposter
|move|p1a: Comfey|Giga Drain|p1b: Kyogre
|-supereffective|p1b: Kyogre
|-damage|p1b: Kyogre|83/100
|-enditem|p1b: Kyogre|Weakness Policy
|-boost|p1b: Kyogre|atk|2|[from] item: Weakness Policy
|-boost|p1b: Kyogre|spa|2|[from] item: Weakness Policy
|move|p2b: Fluffy|Tailwind|p2b: Fluffy
|-sidestart|p2: gumballego|move: Tailwind
|move|p1b: Kyogre|Ice Beam|p2b: Fluffy
|-supereffective|p2b: Fluffy
|-damage|p2b: Fluffy|0 fnt
|faint|p2b: Fluffy
|
|-weather|RainDance|[upkeep]
|upkeep
|
|t:|1750729508
|switch|p2b: catfish|Kyogre, L50|100/100
|turn|2
|
|t:|1750729533
|move|p2a: Ditto|Thunder|p1b: Kyogre
|-supereffective|p1b: Kyogre
|-damage|p1b: Kyogre|24/100
|-status|p1b: Kyogre|par
|move|p2b: catfish|Origin Pulse|p1a: Comfey|[spread] p1a,p1b
|-resisted|p1b: Kyogre
|-damage|p1a: Comfey|6/100
|-damage|p1b: Kyogre|0 fnt
|faint|p1b: Kyogre
|move|p1a: Comfey|U-turn|p2a: Ditto
|-damage|p2a: Ditto|84/100
|
|t:|1750729542
|switch|p1a: Calyrex|Calyrex-Shadow, L50|100/100|[from] U-turn
|-ability|p1a: Calyrex|As One
|-ability|p1a: Calyrex|Unnerve
|
|-weather|RainDance|[upkeep]
|upkeep
|
|t:|1750729544
|switch|p1b: Indeedee|Indeedee-F, L50, F|100/100
|-fieldstart|move: Psychic Terrain|[from] ability: Psychic Surge|[of] p1b: Indeedee
|turn|3
|
|t:|1750729563
|move|p1a: Calyrex|Protect|p1a: Calyrex
|-singleturn|p1a: Calyrex|Protect
|move|p2a: Ditto|Thunder|p1a: Calyrex
|-activate|p1a: Calyrex|move: Protect
|move|p2b: catfish|Origin Pulse|p1b: Indeedee|[spread] 
|-activate|p1a: Calyrex|move: Protect
|-miss|p2b: catfish|p1b: Indeedee
|move|p1b: Indeedee|Light Screen|p1b: Indeedee
|-sidestart|p1: thegayestagenda|move: Light Screen
|
|-weather|RainDance|[upkeep]
|upkeep
|turn|4
|
|t:|1750729582
|-terastallize|p1a: Calyrex|Psychic
|move|p1b: Indeedee|Helping Hand|p1a: Calyrex
|-singleturn|p1a: Calyrex|Helping Hand|[of] p1b: Indeedee
|move|p2a: Ditto|Thunder|p1a: Calyrex
|-crit|p1a: Calyrex
|-damage|p1a: Calyrex|32/100
|move|p2b: catfish|Origin Pulse|p1b: Indeedee|[spread] p1a,p1b
|-damage|p1a: Calyrex|0 fnt
|-damage|p1b: Indeedee|56/100
|faint|p1a: Calyrex
|
|-weather|RainDance|[upkeep]
|-sideend|p2: gumballego|move: Tailwind
|upkeep
|
|t:|1750729594
|switch|p1a: Comfey|Comfey, L50, F|6/100
|turn|5
|
|t:|1750729619
|move|p1a: Comfey|Floral Healing|p1b: Indeedee
|-heal|p1b: Indeedee|100/100
|move|p1b: Indeedee|Follow Me|p1b: Indeedee
|-singleturn|p1b: Indeedee|move: Follow Me
|move|p2a: Ditto|Thunder|p1b: Indeedee
|-damage|p1b: Indeedee|82/100
|move|p2b: catfish|Origin Pulse|p1a: Comfey|[spread] p1a,p1b
|-damage|p1a: Comfey|0 fnt
|-damage|p1b: Indeedee|34/100
|faint|p1a: Comfey
|
|-weather|none
|upkeep
|turn|6
|
|t:|1750729635
|move|p1b: Indeedee|Helping Hand|p1: Comfey|[notarget]
|-fail|p1b: Indeedee
|move|p2a: Ditto|Thunder|p1b: Indeedee|[miss]
|-miss|p2a: Ditto|p1b: Indeedee
|move|p2b: catfish|Origin Pulse|p1b: Indeedee
|-damage|p1b: Indeedee|0 fnt
|faint|p1b: Indeedee
|
|win|gumballego
|raw|thegayestagenda's rating: 1114 &rarr; <strong>1092</strong><br />(-22 for losing)
|raw|gumballego's rating: 1157 &rarr; <strong>1179</strong><br />(+22 for winning)
|l|☆thegayestagenda
|player|p1|
