|j|☆anubisjr
|j|☆GRIFFY98
|t:|1750728614
|gametype|doubles
|player|p1|anubisjr|265|1437
|player|p2|GRIFFY98|workerice|1598
|teamsize|p1|6
|teamsize|p2|6
|gen|9
|tier|[Gen 9] VGC 2025 Reg I
|rated|
|rule|Species Clause: Limit one of each Pokémon
|rule|Item Clause: Limit 1 of each item
|clearpoke
|poke|p1|Calyrex-Shadow, L50|
|poke|p1|Miraidon, L50|
|poke|p1|Whimsicott, L50, F|
|poke|p1|Iron Treads, L50|
|poke|p1|Urshifu-*, L50, F|
|poke|p1|Iron Hands, L50|
|poke|p2|Indeedee-F, L50, F|
|poke|p2|Kyogre, L50|
|poke|p2|Zamazenta-*, L50|
|poke|p2|Flutter Mane, L50|
|poke|p2|Landorus, L50, M|
|poke|p2|Ogerpon-Hearthflame, L50, F|
|teampreview|4
|inactive|Battle timer is ON: inactive players will automatically lose when time's up. (requested by GRIFFY98)
|
|t:|1750728632
|start
|switch|p1a: Calyrex|Calyrex-Shadow, L50|100/100
|switch|p1b: Miraidon|Miraidon, L50|100/100
|switch|p2a: Indeedee|Indeedee-F, L50, F|100/100
|switch|p2b: Kyogre|Kyogre, L50|100/100
|-ability|p1a: Calyrex|As One
|-ability|p1a: Calyrex|Unnerve
|-weather|RainDance|[from] ability: Drizzle|[of] p2b: Kyogre
|-fieldstart|move: Electric Terrain|[from] ability: Hadron Engine|[of] p1b: Miraidon
|-fieldstart|move: Psychic Terrain|[from] ability: Psychic Surge|[of] p2a: Indeedee
|turn|1
|
|t:|1750728650
|switch|p1a: Urshifu|Urshifu, L50, F|100/100
|-terastallize|p2b: Kyogre|Water
|move|p2a: Indeedee|Helping Hand|p2b: Kyogre
|-singleturn|p2b: Kyogre|Helping Hand|[of] p2a: Indeedee
|move|p2b: Kyogre|Water Spout|p1a: Urshifu|[spread] p1a,p1b
|-resisted|p1b: Miraidon
|-enditem|p1a: Urshifu|Focus Sash
|-damage|p1a: Urshifu|1/100
|-damage|p1b: Miraidon|19/100
|move|p1b: Miraidon|Volt Switch|p2b: Kyogre
|-supereffective|p2b: Kyogre
|-damage|p2b: Kyogre|16/100
|
|t:|1750728674
|switch|p1b: Iron Treads|Iron Treads, L50|100/100|[from] Volt Switch
|
|-weather|RainDance|[upkeep]
|upkeep
|turn|2
|
|t:|1750728689
|switch|p2b: Zamazenta|Zamazenta-Crowned, L50|100/100
|-ability|p2b: Zamazenta|Dauntless Shield|boost
|-boost|p2b: Zamazenta|def|1
|-terastallize|p1b: Iron Treads|Grass
|move|p1a: Urshifu|Detect|p1a: Urshifu
|-singleturn|p1a: Urshifu|Protect
|move|p1b: Iron Treads|Steel Roller|p2b: Zamazenta
|-resisted|p2b: Zamazenta
|-damage|p2b: Zamazenta|89/100
|-fieldend|move: Psychic Terrain
|move|p2a: Indeedee|Trick Room|p2a: Indeedee
|-fieldstart|move: Trick Room|[of] p2a: Indeedee
|
|-weather|RainDance|[upkeep]
|upkeep
|turn|3
|
|t:|1750728711
|switch|p1a: Calyrex|Calyrex-Shadow, L50|100/100
|-ability|p1a: Calyrex|As One
|-ability|p1a: Calyrex|Unnerve
|move|p2a: Indeedee|Follow Me|p2a: Indeedee
|-singleturn|p2a: Indeedee|move: Follow Me
|move|p2b: Zamazenta|Heavy Slam|p1a: Calyrex
|-damage|p1a: Calyrex|43/100
|move|p1b: Iron Treads|Metal Sound|p2a: Indeedee
|-unboost|p2a: Indeedee|spd|2
|
|-weather|RainDance|[upkeep]
|upkeep
|turn|4
|
|t:|1750728731
|move|p1b: Iron Treads|Protect|p1b: Iron Treads
|-singleturn|p1b: Iron Treads|Protect
|move|p1a: Calyrex|Protect|p1a: Calyrex
|-singleturn|p1a: Calyrex|Protect
|move|p2a: Indeedee|Follow Me|p2a: Indeedee
|-singleturn|p2a: Indeedee|move: Follow Me
|move|p2b: Zamazenta|Heavy Slam|p1a: Calyrex
|-activate|p1a: Calyrex|move: Protect
|
|-weather|RainDance|[upkeep]
|upkeep
|turn|5
|j| Lei43
|
|t:|1750728751
|switch|p2a: Landorus|Landorus, L50, M|100/100
|switch|p1a: Miraidon|Miraidon, L50|19/100
|-fieldstart|move: Electric Terrain|[from] ability: Hadron Engine|[of] p1a: Miraidon
|-activate|p1b: Iron Treads|ability: Quark Drive
|-start|p1b: Iron Treads|quarkdrivespe
|move|p2b: Zamazenta|Heavy Slam|p1a: Miraidon
|-resisted|p1a: Miraidon
|-damage|p1a: Miraidon|2/100
|move|p1b: Iron Treads|High Horsepower|p2a: Landorus
|-immune|p2a: Landorus
|
|-weather|none
|upkeep
|turn|6
|l| Lei43
|inactive|anubisjr has 30 seconds left.
|
|t:|1750728782
|switch|p2a: Indeedee|Indeedee-F, L50, F|100/100
|-fieldstart|move: Psychic Terrain|[from] ability: Psychic Surge|[of] p2a: Indeedee
|-end|p1b: Iron Treads|Quark Drive
|move|p2b: Zamazenta|Heavy Slam|p1a: Miraidon
|-resisted|p1a: Miraidon
|-damage|p1a: Miraidon|0 fnt
|faint|p1a: Miraidon
|move|p1b: Iron Treads|Steel Roller|p2a: Indeedee
|-damage|p2a: Indeedee|39/100
|-fieldend|move: Psychic Terrain
|-damage|p1b: Iron Treads|84/100|[from] item: Rocky Helmet|[of] p2a: Indeedee
|
|-fieldend|move: Trick Room
|upkeep
|
|t:|1750728796
|switch|p1a: Urshifu|Urshifu, L50, F|1/100
|turn|7
|j| Lei43
|
|t:|1750728819
|move|p2a: Indeedee|Follow Me|p2a: Indeedee
|-singleturn|p2a: Indeedee|move: Follow Me
|move|p1b: Iron Treads|High Horsepower|p2a: Indeedee
|-damage|p2a: Indeedee|0 fnt
|-damage|p1b: Iron Treads|68/100|[from] item: Rocky Helmet|[of] p2a: Indeedee
|faint|p2a: Indeedee
|move|p1a: Urshifu|Wicked Blow|p2b: Zamazenta
|-resisted|p2b: Zamazenta
|-crit|p2b: Zamazenta
|-damage|p2b: Zamazenta|71/100
|move|p2b: Zamazenta|Body Press|p1b: Iron Treads
|-damage|p1b: Iron Treads|6/100
|
|upkeep
|
|t:|1750728828
|switch|p2a: Landorus|Landorus, L50, M|100/100
|turn|8
|inactive|GRIFFY98 has 30 seconds left.
|
|t:|1750728858
|move|p1a: Urshifu|Detect|p1a: Urshifu
|-singleturn|p1a: Urshifu|Protect
|move|p1b: Iron Treads|Metal Sound|p2a: Landorus
|-unboost|p2a: Landorus|spd|2
|move|p2a: Landorus|Sludge Bomb|p1b: Iron Treads
|-supereffective|p1b: Iron Treads
|-damage|p1b: Iron Treads|0 fnt
|faint|p1b: Iron Treads
|-end|p1b: Iron Treads|Quark Drive|[silent]
|move|p2b: Zamazenta|Heavy Slam|p1a: Urshifu
|-activate|p1a: Urshifu|move: Protect
|
|upkeep
|
|t:|1750728862
|switch|p1b: Calyrex|Calyrex-Shadow, L50|43/100
|-ability|p1b: Calyrex|As One
|-ability|p1b: Calyrex|Unnerve
|turn|9
|inactive|anubisjr has 30 seconds left.
|
|t:|1750728889
|move|p1b: Calyrex|Astral Barrage|p2a: Landorus|[spread] p2a,p2b
|-damage|p2a: Landorus|0 fnt
|-damage|p2b: Zamazenta|23/100
|faint|p2a: Landorus
|-ability|p1b: Calyrex|Grim Neigh|boost
|-boost|p1b: Calyrex|spa|1
|-damage|p1b: Calyrex|34/100|[from] item: Life Orb
|move|p2b: Zamazenta|Heavy Slam|p1b: Calyrex
|-damage|p1b: Calyrex|0 fnt
|faint|p1b: Calyrex
|move|p1a: Urshifu|Close Combat|p2b: Zamazenta
|-supereffective|p2b: Zamazenta
|-damage|p2b: Zamazenta|0 fnt
|-unboost|p1a: Urshifu|def|1
|-unboost|p1a: Urshifu|spd|1
|faint|p2b: Zamazenta
|
|upkeep
|
|t:|1750728893
|switch|p2b: Kyogre|Kyogre, L50, tera:Water|16/100
|-weather|RainDance|[from] ability: Drizzle|[of] p2b: Kyogre
|turn|10
|
|t:|1750728903
|move|p1a: Urshifu|Sucker Punch|p2b: Kyogre
|-damage|p2b: Kyogre|0 fnt
|faint|p2b: Kyogre
|
|win|anubisjr
|raw|anubisjr's rating: 1437 &rarr; <strong>1466</strong><br />(+29 for winning)
|raw|GRIFFY98's rating: 1598 &rarr; <strong>1569</strong><br />(-29 for losing)
|l|☆GRIFFY98
|player|p2|
|c|☆anubisjr|gg wp
