|j|☆Dakimakura69
|j|☆steffenwerdmert
|t:|1750857190
|gametype|doubles
|player|p1|Dakimakura69|cynthia|1401
|player|p2|steffenwerdmert|steven|1472
|teamsize|p1|6
|teamsize|p2|6
|gen|9
|tier|[Gen 9] VGC 2025 Reg I
|rated|
|rule|Species Clause: Limit one of each Pokémon
|rule|Item Clause: Limit 1 of each item
|clearpoke
|poke|p1|Lunala, L50|
|poke|p1|Koraidon, L50|
|poke|p1|Flutter Mane, L50|
|poke|p1|Indeedee-F, L50, F|
|poke|p1|Ogerpon-Cornerstone, L50, F|
|poke|p1|Chi-Yu, L50|
|poke|p2|Miraidon, L50|
|poke|p2|Zacian-*, L50|
|poke|p2|Farigiraf, L50, F|
|poke|p2|Volcarona, L50, M|
|poke|p2|Whimsicott, L50, M|
|poke|p2|Landorus, L50, M|
|teampreview|4
Dakimakura69 rejected open team sheets.
|inactive|Battle timer is ON: inactive players will automatically lose when time's up. (requested by Dakimakura69)
|inactive|Dakimakura69 has 60 seconds left.
|inactive|steffenwerdmert has 60 seconds left.
|
|t:|1750857231
|start
|switch|p1a: Koraidon|Koraidon, L50|100/100
|switch|p1b: Flutter Mane|Flutter Mane, L50|100/100
|switch|p2a: Miraidon|Miraidon, L50|100/100
|switch|p2b: Zacian|Zacian-Crowned, L50|100/100
|-fieldstart|move: Electric Terrain|[from] ability: Hadron Engine|[of] p2a: Miraidon
|-ability|p2b: Zacian|Intrepid Sword|boost
|-boost|p2b: Zacian|atk|1
|-weather|SunnyDay|[from] ability: Orichalcum Pulse|[of] p1a: Koraidon
|-activate|p1b: Flutter Mane|ability: Protosynthesis
|-start|p1b: Flutter Mane|protosynthesisspe
|-activate|p1a: Koraidon|Orichalcum Pulse|[source]
|turn|1
|
|t:|1750857259
|-terastallize|p1a: Koraidon|Fire
|move|p2b: Zacian|Protect|p2b: Zacian
|-singleturn|p2b: Zacian|Protect
|move|p2a: Miraidon|Volt Switch|p1a: Koraidon
|-damage|p1a: Koraidon|36/100
|
|t:|1750857271
|switch|p2a: Whimsicott|Whimsicott, L50, M|100/100|[from] Volt Switch
|move|p1b: Flutter Mane|Icy Wind|p2a: Whimsicott|[spread] p2a
|-activate|p2b: Zacian|move: Protect
|-supereffective|p2a: Whimsicott
|-damage|p2a: Whimsicott|62/100
|move|p1a: Koraidon|Close Combat|p2a: Whimsicott
|-resisted|p2a: Whimsicott
|-damage|p2a: Whimsicott|0 fnt
|-unboost|p1a: Koraidon|def|1
|-unboost|p1a: Koraidon|spd|1
|faint|p2a: Whimsicott
|-damage|p1a: Koraidon|27/100|[from] item: Life Orb
|
|-weather|SunnyDay|[upkeep]
|upkeep
|
|t:|1750857290
|switch|p2a: Miraidon|Miraidon, L50|100/100
|-activate|p2a: Miraidon|ability: Hadron Engine
|turn|2
|
|t:|1750857308
|move|p1a: Koraidon|Protect|p1a: Koraidon
|-singleturn|p1a: Koraidon|Protect
|move|p1b: Flutter Mane|Icy Wind|p2b: Zacian|[spread] p2a,p2b
|-supereffective|p2a: Miraidon
|-resisted|p2b: Zacian
|-damage|p2a: Miraidon|71/100
|-damage|p2b: Zacian|95/100
|-unboost|p2a: Miraidon|spe|1
|-unboost|p2b: Zacian|spe|1
|move|p2a: Miraidon|Volt Switch|p1a: Koraidon
|-activate|p1a: Koraidon|move: Protect
|move|p2b: Zacian|Behemoth Blade|p1b: Flutter Mane
|-supereffective|p1b: Flutter Mane
|-crit|p1b: Flutter Mane
|-enditem|p1b: Flutter Mane|Focus Sash
|-damage|p1b: Flutter Mane|1/100
|
|-weather|SunnyDay|[upkeep]
|upkeep
|turn|3
|inactive|Dakimakura69 has 30 seconds left.
|inactive|steffenwerdmert has 30 seconds left.
|inactive|Dakimakura69 has 20 seconds left.
|
|t:|1750857348
|move|p1b: Flutter Mane|Icy Wind|p2b: Zacian|[spread] p2a,p2b
|-supereffective|p2a: Miraidon
|-crit|p2a: Miraidon
|-resisted|p2b: Zacian
|-damage|p2a: Miraidon|29/100
|-damage|p2b: Zacian|89/100
|-unboost|p2a: Miraidon|spe|1
|-unboost|p2b: Zacian|spe|1
|move|p1a: Koraidon|Close Combat|p2a: Miraidon
|-damage|p2a: Miraidon|0 fnt
|-unboost|p1a: Koraidon|def|1
|-unboost|p1a: Koraidon|spd|1
|faint|p2a: Miraidon
|-damage|p1a: Koraidon|17/100|[from] item: Life Orb
|move|p2b: Zacian|Behemoth Blade|p1a: Koraidon
|-resisted|p1a: Koraidon
|-damage|p1a: Koraidon|0 fnt
|faint|p1a: Koraidon
|
|-weather|SunnyDay|[upkeep]
|upkeep
|
|t:|1750857368
|switch|p2a: Landorus|Landorus, L50, M|100/100
|switch|p1a: Indeedee|Indeedee-F, L50, F|100/100
|-fieldstart|move: Psychic Terrain|[from] ability: Psychic Surge|[of] p1a: Indeedee
|turn|4
|inactive|Dakimakura69 has 30 seconds left.
|
|t:|1750857400
|-terastallize|p2a: Landorus|Poison
|move|p1a: Indeedee|Helping Hand|p1b: Flutter Mane
|-singleturn|p1b: Flutter Mane|Helping Hand|[of] p1a: Indeedee
|move|p1b: Flutter Mane|Icy Wind|p2b: Zacian|[spread] p2a,p2b
|-resisted|p2b: Zacian
|-damage|p2a: Landorus|72/100
|-damage|p2b: Zacian|80/100
|-unboost|p2a: Landorus|spe|1
|-unboost|p2b: Zacian|spe|1
|move|p2a: Landorus|Sandsear Storm|p1a: Indeedee|[spread] p1a
|-miss|p2a: Landorus|p1b: Flutter Mane
|-damage|p1a: Indeedee|43/100
|move|p2b: Zacian|Behemoth Blade|p1a: Indeedee
|-damage|p1a: Indeedee|0 fnt
|-damage|p2b: Zacian|63/100|[from] item: Rocky Helmet|[of] p1a: Indeedee
|faint|p1a: Indeedee
|
|-weather|SunnyDay|[upkeep]
|upkeep
|
|t:|1750857417
|switch|p1a: Lunala|Lunala, L50|100/100
|turn|5
|
|t:|1750857436
|move|p1b: Flutter Mane|Shadow Ball|p2b: Zacian
|-damage|p2b: Zacian|28/100
|move|p1a: Lunala|Expanding Force|p2b: Zacian|[spread] p2a,p2b
|-supereffective|p2a: Landorus
|-resisted|p2b: Zacian
|-damage|p2a: Landorus|0 fnt
|-damage|p2b: Zacian|5/100
|faint|p2a: Landorus
|move|p2b: Zacian|Behemoth Blade|p1a: Lunala
|-damage|p1a: Lunala|67/100
|
|-weather|none
|-end|p1b: Flutter Mane|Protosynthesis
|upkeep
|turn|6
|-message|steffenwerdmert forfeited.
|
|win|Dakimakura69
|raw|Dakimakura69's rating: 1401 &rarr; <strong>1425</strong><br />(+24 for winning)
|raw|steffenwerdmert's rating: 1472 &rarr; <strong>1448</strong><br />(-24 for losing)
|l|☆steffenwerdmert
|player|p2|
