|j|☆amandaToriMeating
|j|☆ted31625
|t:|1750874357
|gametype|doubles
|player|p1|amandaToriMeating|265|1499
|player|p2|ted31625|roark|1664
|teamsize|p1|6
|teamsize|p2|6
|gen|9
|tier|[Gen 9] VGC 2025 Reg I
|rated|
|rule|Species Clause: Limit one of each Pokémon
|rule|Item Clause: Limit 1 of each item
|clearpoke
|poke|p1|Rillaboom, L50, M|
|poke|p1|Incineroar, L50, F|
|poke|p1|Calyrex-Shadow, L50|
|poke|p1|Volcarona, L50, F|
|poke|p1|Zamazenta-*, L50|
|poke|p1|Raging Bolt, L50|
|poke|p2|Zamazenta-*, L50|
|poke|p2|Miraidon, L50|
|poke|p2|Cresselia, L50, F|
|poke|p2|Chien-Pao, L50|
|poke|p2|Ursaluna, L50, F|
|poke|p2|Volcarona, L50, M|
|teampreview|4
ted31625 has agreed to open team sheets.
|inactive|Battle timer is ON: inactive players will automatically lose when time's up. (requested by amandaToriMeating)
|inactive|ted31625 also wants the timer to be on.
|
|t:|1750874401
|start
|switch|p1a: Zamazenta|Zamazenta-Crowned, L50|100/100
|switch|p1b: Rillaboom|Rillaboom, L50, M|100/100
|switch|p2a: Miraidon|Miraidon, L50|100/100
|switch|p2b: Cresselia|Cresselia, L50, F|100/100
|-ability|p1a: Zamazenta|Dauntless Shield|boost
|-boost|p1a: Zamazenta|def|1
|-fieldstart|move: Electric Terrain|[from] ability: Hadron Engine|[of] p2a: Miraidon
|-enditem|p2b: Cresselia|Electric Seed
|-boost|p2b: Cresselia|def|1|[from] item: Electric Seed
|-fieldstart|move: Grassy Terrain|[from] ability: Grassy Surge|[of] p1b: Rillaboom
|turn|1
|
|t:|1750874421
|-terastallize|p1a: Zamazenta|Dragon
|move|p1a: Zamazenta|Iron Defense|p1a: Zamazenta
|-boost|p1a: Zamazenta|def|2
|move|p2a: Miraidon|Volt Switch|p1a: Zamazenta
|-resisted|p1a: Zamazenta
|-crit|p1a: Zamazenta
|-damage|p1a: Zamazenta|80/100
|
|t:|1750874428
|switch|p2a: Zamazenta|Zamazenta-Crowned, L50|100/100|[from] Volt Switch
|-ability|p2a: Zamazenta|Dauntless Shield|boost
|-boost|p2a: Zamazenta|def|1
|move|p2b: Cresselia|Lunar Blessing||[still]|[spread] 
|-fail|p2b: Cresselia
|move|p1b: Rillaboom|Wood Hammer|p2a: Zamazenta
|-resisted|p2a: Zamazenta
|-damage|p2a: Zamazenta|87/100
|-damage|p1b: Rillaboom|96/100|[from] Recoil
|
|-heal|p1a: Zamazenta|86/100|[from] Grassy Terrain
|-heal|p2a: Zamazenta|93/100|[from] Grassy Terrain
|-heal|p1b: Rillaboom|100/100|[from] Grassy Terrain
|upkeep
|turn|2
|inactive|amandaToriMeating has 30 seconds left.
|inactive|ted31625 has 30 seconds left.
|
|t:|1750874460
|move|p1a: Zamazenta|Iron Defense|p1a: Zamazenta
|-boost|p1a: Zamazenta|def|2
|move|p2a: Zamazenta|Body Press|p1a: Zamazenta
|-damage|p1a: Zamazenta|75/100
|move|p2b: Cresselia|Lunar Blessing|p2b: Cresselia|[spread] p2a,p2b
|-heal|p2a: Zamazenta|100/100
|move|p1b: Rillaboom|U-turn|p2b: Cresselia
|-supereffective|p2b: Cresselia
|-damage|p2b: Cresselia|81/100
|
|t:|1750874472
|switch|p1b: Incineroar|Incineroar, L50, F|100/100|[from] U-turn
|-ability|p1b: Incineroar|Intimidate|boost
|-unboost|p2a: Zamazenta|atk|1
|-unboost|p2b: Cresselia|atk|1
|
|-heal|p1a: Zamazenta|80/100|[from] Grassy Terrain
|upkeep
|turn|3
|
|t:|1750874488
|move|p2a: Zamazenta|Protect|p2a: Zamazenta
|-singleturn|p2a: Zamazenta|Protect
|move|p1b: Incineroar|Fake Out|p2b: Cresselia
|-damage|p2b: Cresselia|76/100
|move|p1a: Zamazenta|Body Press|p2a: Zamazenta
|-activate|p2a: Zamazenta|move: Protect
|cant|p2b: Cresselia|flinch
|
|-heal|p1a: Zamazenta|86/100|[from] Grassy Terrain
|upkeep
|turn|4
|
|t:|1750874508
|-terastallize|p2a: Zamazenta|Water
|move|p1a: Zamazenta|Body Press|p2a: Zamazenta
|-damage|p2a: Zamazenta|46/100
|move|p2a: Zamazenta|Body Press|p1b: Incineroar
|-supereffective|p1b: Incineroar
|-damage|p1b: Incineroar|0 fnt
|faint|p1b: Incineroar
|move|p2b: Cresselia|Lunar Blessing|p2b: Cresselia|[spread] p2a,p2b
|-heal|p2a: Zamazenta|71/100
|-heal|p2b: Cresselia|100/100
|
|-heal|p1a: Zamazenta|92/100|[from] Grassy Terrain
|-heal|p2a: Zamazenta|77/100|[from] Grassy Terrain
|upkeep
|
|t:|1750874526
|switch|p1b: Rillaboom|Rillaboom, L50, M|100/100
|turn|5
|
|t:|1750874539
|move|p2a: Zamazenta|Protect|p2a: Zamazenta
|-singleturn|p2a: Zamazenta|Protect
|move|p1b: Rillaboom|Fake Out|p2b: Cresselia
|-damage|p2b: Cresselia|95/100
|move|p1a: Zamazenta|Iron Defense|p1a: Zamazenta
|-boost|p1a: Zamazenta|def|1
|cant|p2b: Cresselia|flinch
|
|-heal|p1a: Zamazenta|98/100|[from] Grassy Terrain
|-heal|p2a: Zamazenta|83/100|[from] Grassy Terrain
|-fieldend|move: Grassy Terrain
|upkeep
|turn|6
|
|t:|1750874557
|move|p1a: Zamazenta|Body Press|p2a: Zamazenta
|-damage|p2a: Zamazenta|18/100
|move|p2a: Zamazenta|Body Press|p1b: Rillaboom
|-crit|p1b: Rillaboom
|-damage|p1b: Rillaboom|12/100
|move|p2b: Cresselia|Lunar Blessing|p2b: Cresselia|[spread] p2a,p2b
|-heal|p2a: Zamazenta|43/100
|-heal|p2b: Cresselia|100/100
|move|p1b: Rillaboom|Wood Hammer|p2a: Zamazenta
|-supereffective|p2a: Zamazenta
|-damage|p2a: Zamazenta|0 fnt
|faint|p2a: Zamazenta
|-damage|p1b: Rillaboom|0 fnt|[from] Recoil
|faint|p1b: Rillaboom
|
|upkeep
|
|t:|1750874575
|switch|p2a: Miraidon|Miraidon, L50|100/100
|switch|p1b: Raging Bolt|Raging Bolt, L50|100/100
|-fieldstart|move: Electric Terrain|[from] ability: Hadron Engine|[of] p2a: Miraidon
|-enditem|p1b: Raging Bolt|Booster Energy
|-activate|p1b: Raging Bolt|ability: Protosynthesis|[fromitem]
|-start|p1b: Raging Bolt|protosynthesisspa
|turn|7
|
|t:|1750874588
|move|p1a: Zamazenta|Body Press|p2a: Miraidon
|-damage|p2a: Miraidon|0 fnt
|faint|p2a: Miraidon
|move|p2b: Cresselia|Lunar Blessing||[still]
|-fail|p2b: Cresselia
|move|p1b: Raging Bolt|Thunderbolt|p2b: Cresselia
|-damage|p2b: Cresselia|43/100
|
|upkeep
|
|t:|1750874594
|switch|p2a: Chien-Pao|Chien-Pao, L50|100/100
|-ability|p2a: Chien-Pao|Sword of Ruin
|turn|8
|
|t:|1750874606
|move|p2a: Chien-Pao|Icicle Crash|p1b: Raging Bolt
|-supereffective|p1b: Raging Bolt
|-damage|p1b: Raging Bolt|1/100
|move|p1a: Zamazenta|Body Press|p2a: Chien-Pao
|-supereffective|p2a: Chien-Pao
|-enditem|p2a: Chien-Pao|Focus Sash
|-damage|p2a: Chien-Pao|1/100
|move|p2b: Cresselia|Icy Wind|p1a: Zamazenta|[spread] p1a,p1b
|-supereffective|p1a: Zamazenta
|-supereffective|p1b: Raging Bolt
|-crit|p1b: Raging Bolt
|-damage|p1a: Zamazenta|86/100
|-damage|p1b: Raging Bolt|0 fnt
|-unboost|p1a: Zamazenta|spe|1
|faint|p1b: Raging Bolt
|-end|p1b: Raging Bolt|Protosynthesis|[silent]
|
|upkeep
|turn|9
|
|t:|1750874629
|move|p2a: Chien-Pao|Icicle Crash|p1a: Zamazenta
|-supereffective|p1a: Zamazenta
|-damage|p1a: Zamazenta|69/100
|move|p1a: Zamazenta|Body Press|p2a: Chien-Pao
|-supereffective|p2a: Chien-Pao
|-damage|p2a: Chien-Pao|0 fnt
|faint|p2a: Chien-Pao
|move|p2b: Cresselia|Psychic|p1a: Zamazenta
|-damage|p1a: Zamazenta|52/100
|-unboost|p1a: Zamazenta|spd|1
|
|upkeep
|turn|10
|
|t:|1750874641
|move|p1a: Zamazenta|Body Press|p2b: Cresselia
|-resisted|p2b: Cresselia
|-damage|p2b: Cresselia|4/100
|move|p2b: Cresselia|Lunar Blessing|p2b: Cresselia
|-heal|p2b: Cresselia|29/100
|
|upkeep
|turn|11
|
|t:|1750874649
|move|p1a: Zamazenta|Body Press|p2b: Cresselia
|-resisted|p2b: Cresselia
|-damage|p2b: Cresselia|0 fnt
|faint|p2b: Cresselia
|
|win|amandaToriMeating
|raw|amandaToriMeating's rating: 1499 &rarr; <strong>1528</strong><br />(+29 for winning)
|raw|ted31625's rating: 1664 &rarr; <strong>1635</strong><br />(-29 for losing)
|l|☆ted31625
|player|p2|
|c|☆amandaToriMeating|Nice fought
|l|☆amandaToriMeating
|player|p1|
