|j|☆yinyangchu
|j|‽Reeynee
|t:|1750800404
|gametype|doubles
|player|p1|yinyangchu|169|1235
|player|p2|Reeynee|rosa|1305
|teamsize|p1|6
|teamsize|p2|6
|gen|9
|tier|[Gen 9] VGC 2025 Reg I
|rated|
|rule|Species Clause: Limit one of each Pokémon
|rule|Item Clause: Limit 1 of each item
|clearpoke
|poke|p1|Rillaboom, L50, F|
|poke|p1|Alcremie, L50, F|
|poke|p1|Incineroar, L50, F|
|poke|p1|Terapagos, L50, M|
|poke|p1|Scream Tail, L50|
|poke|p1|Miraidon, L50|
|poke|p2|Reshiram, L50|
|poke|p2|Whimsicott, L50, M|
|poke|p2|Calyrex-Ice, L50|
|poke|p2|Farigiraf, L50, M|
|poke|p2|Rillaboom, L50, M|
|poke|p2|Flutter Mane, L50|
|teampreview|4
|inactive|Battle timer is ON: inactive players will automatically lose when time's up. (requested by Reeynee)
Reeynee rejected open team sheets.
|inactive|yinyangchu has 60 seconds left.
|
|t:|1750800468
|start
|switch|p1a: Alcremie|Alcremie, L50, F|100/100
|switch|p1b: Incineroar|Incineroar, L50, F|100/100
|switch|p2a: Reshiram|Reshiram, L50, shiny|100/100
|switch|p2b: Whimsicott|Whimsicott, L50, M, shiny|100/100
|-ability|p2a: Reshiram|Turboblaze
|-ability|p1b: Incineroar|Intimidate|boost
|-unboost|p2a: Reshiram|atk|1
|-unboost|p2b: Whimsicott|atk|1
|turn|1
|inactive|yinyangchu has 30 seconds left.
|
|t:|1750800494
|switch|p1b: Terapagos|Terapagos, L50, M|100/100
|-activate|p1b: Terapagos|ability: Tera Shift
|detailschange|p1b: Terapagos|Terapagos-Terastal, L50, M
|-heal|p1b: Terapagos|100/100|[silent]
|move|p2a: Reshiram|Protect|p2a: Reshiram
|-singleturn|p2a: Reshiram|Protect
|move|p2b: Whimsicott|Sunny Day|p2b: Whimsicott
|-weather|SunnyDay
|move|p1a: Alcremie|Decorate|p1b: Terapagos
|-boost|p1b: Terapagos|atk|2
|-boost|p1b: Terapagos|spa|2
|
|-weather|SunnyDay|[upkeep]
|upkeep
|turn|2
|inactive|Reeynee has 30 seconds left.
|inactive|Reeynee has 20 seconds left.
|inactive|Reeynee has 15 seconds left.
|
|t:|1750800535
|move|p2b: Whimsicott|Fake Tears|p1b: Terapagos
|-unboost|p1b: Terapagos|spd|2
|move|p2a: Reshiram|Blue Flare|p1b: Terapagos
|-damage|p1b: Terapagos|0 fnt
|faint|p1b: Terapagos
|-damage|p2a: Reshiram|91/100|[from] item: Life Orb
|move|p1a: Alcremie|Light Screen|p1a: Alcremie
|-sidestart|p1: yinyangchu|move: Light Screen
|
|-weather|SunnyDay|[upkeep]
|upkeep
|
|t:|1750800553
|switch|p1b: Miraidon|Miraidon, L50|100/100
|-fieldstart|move: Electric Terrain|[from] ability: Hadron Engine|[of] p1b: Miraidon
|turn|3
|inactive|yinyangchu has 30 seconds left.
|
|t:|1750800580
|switch|p1a: Incineroar|Incineroar, L50, F|100/100
|-ability|p1a: Incineroar|Intimidate|boost
|-unboost|p2a: Reshiram|atk|1
|-unboost|p2b: Whimsicott|atk|1
|move|p2a: Reshiram|Protect|p2a: Reshiram
|-singleturn|p2a: Reshiram|Protect
|move|p2b: Whimsicott|Tailwind|p2b: Whimsicott
|-sidestart|p2: Reeynee|move: Tailwind
|move|p1b: Miraidon|Volt Switch|p2b: Whimsicott
|-resisted|p2b: Whimsicott
|-damage|p2b: Whimsicott|21/100
|
|t:|1750800591
|switch|p1b: Alcremie|Alcremie, L50, F|100/100|[from] Volt Switch
|
|-weather|SunnyDay|[upkeep]
|upkeep
|turn|4
|
|t:|1750800608
|switch|p2a: Flutter Mane|Flutter Mane, L50, shiny|100/100
|-activate|p2a: Flutter Mane|ability: Protosynthesis
|-start|p2a: Flutter Mane|protosynthesisspe
|move|p1a: Incineroar|Fake Out|p2a: Flutter Mane
|-immune|p2a: Flutter Mane
|move|p2b: Whimsicott|Moonblast|p1a: Incineroar
|-damage|p1a: Incineroar|82/100
|move|p1b: Alcremie|Dazzling Gleam|p2b: Whimsicott|[spread] p2a,p2b
|-damage|p2a: Flutter Mane|74/100
|-damage|p2b: Whimsicott|0 fnt
|faint|p2b: Whimsicott
|
|-weather|SunnyDay|[upkeep]
|upkeep
|
|t:|1750800620
|switch|p2b: Reshiram|Reshiram, L50, shiny|91/100
|-ability|p2b: Reshiram|Turboblaze
|turn|5
|inactive|yinyangchu has 30 seconds left.
|
|t:|1750800654
|switch|p1b: Miraidon|Miraidon, L50|100/100
|-activate|p1b: Miraidon|ability: Hadron Engine
|move|p2a: Flutter Mane|Moonblast|p1a: Incineroar
|-damage|p1a: Incineroar|61/100
|move|p2b: Reshiram|Blue Flare|p1a: Incineroar
|-resisted|p1a: Incineroar
|-damage|p1a: Incineroar|22/100
|-damage|p2b: Reshiram|81/100|[from] item: Life Orb
|move|p1a: Incineroar|Parting Shot|p2b: Reshiram
|-unboost|p2b: Reshiram|atk|1
|-unboost|p2b: Reshiram|spa|1
|
|t:|1750800664
|switch|p1a: Alcremie|Alcremie, L50, F|100/100|[from] Parting Shot
|
|-weather|none
|-end|p2a: Flutter Mane|Protosynthesis
|upkeep
|-enditem|p2a: Flutter Mane|Booster Energy
|-activate|p2a: Flutter Mane|ability: Protosynthesis|[fromitem]
|-start|p2a: Flutter Mane|protosynthesisspe
|turn|6
|
|t:|1750800689
|-terastallize|p2b: Reshiram|Fire
|-terastallize|p1b: Miraidon|Electric
|move|p2a: Flutter Mane|Protect|p2a: Flutter Mane
|-singleturn|p2a: Flutter Mane|Protect
|move|p2b: Reshiram|Blue Flare|p1a: Alcremie
|-damage|p1a: Alcremie|45/100
|-damage|p2b: Reshiram|71/100|[from] item: Life Orb
|move|p1b: Miraidon|Electro Drift|p2a: Flutter Mane
|-activate|p2a: Flutter Mane|move: Protect
|move|p1a: Alcremie|Decorate|p1b: Miraidon
|-boost|p1b: Miraidon|atk|2
|-boost|p1b: Miraidon|spa|2
|
|-sideend|p1: yinyangchu|move: Light Screen
|-sideend|p2: Reeynee|move: Tailwind
|upkeep
|turn|7
|inactive|Reeynee has 30 seconds left.
|
|t:|1750800721
|switch|p1a: Incineroar|Incineroar, L50, F|22/100
|-ability|p1a: Incineroar|Intimidate|boost
|-unboost|p2a: Flutter Mane|atk|1
|-unboost|p2b: Reshiram|atk|1
|move|p2a: Flutter Mane|Icy Wind|p1b: Miraidon|[spread] p1a,p1b
|-resisted|p1a: Incineroar
|-damage|p1a: Incineroar|17/100
|-damage|p1b: Miraidon|89/100
|-unboost|p1a: Incineroar|spe|1
|-unboost|p1b: Miraidon|spe|1
|move|p1b: Miraidon|Electro Drift|p2a: Flutter Mane
|-damage|p2a: Flutter Mane|0 fnt
|faint|p2a: Flutter Mane
|-end|p2a: Flutter Mane|Protosynthesis|[silent]
|move|p2b: Reshiram|Blue Flare|p1b: Miraidon
|-damage|p1b: Miraidon|16/100
|-damage|p2b: Reshiram|62/100|[from] item: Life Orb
|
|-fieldend|move: Electric Terrain
|upkeep
|
|t:|1750800732
|switch|p2a: Calyrex|Calyrex-Ice, L50|100/100
|-ability|p2a: Calyrex|As One
|-ability|p2a: Calyrex|Unnerve
|turn|8
|
|t:|1750800751
|move|p1a: Incineroar|Fake Out|p2b: Reshiram
|-crit|p2b: Reshiram
|-damage|p2b: Reshiram|47/100
|move|p1b: Miraidon|Electro Drift|p2a: Calyrex
|-damage|p2a: Calyrex|0 fnt
|faint|p2a: Calyrex
|cant|p2b: Reshiram|flinch
|
|upkeep
|turn|9
|
|t:|1750800773
|move|p1b: Miraidon|Electro Drift|p2b: Reshiram
|-damage|p2b: Reshiram|0 fnt
|faint|p2b: Reshiram
|
|win|yinyangchu
|raw|yinyangchu's rating: 1235 &rarr; <strong>1265</strong><br />(+30 for winning)
|raw|Reeynee's rating: 1305 &rarr; <strong>1281</strong><br />(-24 for losing)
|l|‽Reeynee
|player|p2|
