|j|☆victorlien
|j|☆Jackbouncy
|t:|1750797292
|gametype|doubles
|player|p1|victorlien|101|1426
|player|p2|Jackbouncy|101|1471
|teamsize|p1|6
|teamsize|p2|6
|gen|9
|tier|[Gen 9] VGC 2025 Reg I
|rated|
|rule|Species Clause: Limit one of each Pokémon
|rule|Item Clause: Limit 1 of each item
|clearpoke
|poke|p1|Lunala, L50|
|poke|p1|Koraidon, L50|
|poke|p1|Chi-Yu, L50|
|poke|p1|Indeedee-F, L50, F|
|poke|p1|Ursaluna, L50, M|
|poke|p1|Shiftry, L50, F|
|poke|p2|Calyrex-Shadow, L50|
|poke|p2|Zamazenta-*, L50|
|poke|p2|Raging Bolt, L50|
|poke|p2|Rillaboom, L50, F|
|poke|p2|Tornadus, L50, M|
|poke|p2|Smeargle, L50, M|
|teampreview|4
|inactive|Battle timer is ON: inactive players will automatically lose when time's up. (requested by Jackbouncy)
|
|t:|1750797325
|start
|switch|p1a: Koraidon|Koraidon, L50|100/100
|switch|p1b: Shiftry|Shiftry, L50, F|100/100
|switch|p2a: Calyrex|Calyrex-Shadow, L50|100/100
|switch|p2b: Zamazenta|Zamazenta-Crowned, L50|100/100
|-ability|p2a: Calyrex|As One
|-ability|p2a: Calyrex|Unnerve
|-weather|SunnyDay|[from] ability: Orichalcum Pulse|[of] p1a: Koraidon
|-activate|p1a: Koraidon|Orichalcum Pulse|[source]
|-ability|p2b: Zamazenta|Dauntless Shield|boost
|-boost|p2b: Zamazenta|def|1
|turn|1
|inactive|victorlien has 30 seconds left.
|inactive|victorlien has 20 seconds left.
|inactive|Jackbouncy has 30 seconds left.
|inactive|victorlien has 15 seconds left.
|inactive|victorlien has 10 seconds left.
|inactive|victorlien has 5 seconds left.
|
|t:|1750797384
|-terastallize|p1a: Koraidon|Fire
|move|p2b: Zamazenta|Protect|p2b: Zamazenta
|-singleturn|p2b: Zamazenta|Protect
|move|p1b: Shiftry|Tailwind|p1b: Shiftry
|-sidestart|p1: victorlien|move: Tailwind
|move|p1a: Koraidon|Flame Charge|p2a: Calyrex
|-damage|p2a: Calyrex|4/100
|-boost|p1a: Koraidon|spe|1
|-damage|p1a: Koraidon|91/100|[from] item: Life Orb
|move|p2a: Calyrex|Psychic|p1a: Koraidon
|-crit|p1a: Koraidon
|-damage|p1a: Koraidon|0 fnt
|faint|p1a: Koraidon
|-ability|p2a: Calyrex|Grim Neigh|boost
|-boost|p2a: Calyrex|spa|1
|-damage|p2a: Calyrex|0 fnt|[from] item: Life Orb
|faint|p2a: Calyrex
|
|-weather|SunnyDay|[upkeep]
|upkeep
|inactive|Jackbouncy has 30 seconds left.
|
|t:|1750797410
|switch|p2a: Rillaboom|Rillaboom, L50, F|100/100
|switch|p1a: Chi-Yu|Chi-Yu, L50|100/100
|-ability|p1a: Chi-Yu|Beads of Ruin
|-fieldstart|move: Grassy Terrain|[from] ability: Grassy Surge|[of] p2a: Rillaboom
|turn|2
|
|t:|1750797432
|switch|p1a: Lunala|Lunala, L50, shiny|100/100
|move|p2a: Rillaboom|Fake Out|p1a: Lunala
|-immune|p1a: Lunala
|move|p1b: Shiftry|Taunt|p2b: Zamazenta
|-start|p2b: Zamazenta|move: Taunt
|move|p2b: Zamazenta|Body Press|p1a: Lunala
|-immune|p1a: Lunala
|
|-weather|SunnyDay|[upkeep]
|upkeep
|turn|3
|
|t:|1750797455
|move|p1b: Shiftry|Leaf Blade|p2b: Zamazenta
|-resisted|p2b: Zamazenta
|-damage|p2b: Zamazenta|91/100
|move|p1a: Lunala|Meteor Beam||[still]
|-prepare|p1a: Lunala|Meteor Beam
|-boost|p1a: Lunala|spa|1
|-enditem|p1a: Lunala|Power Herb
|-anim|p1a: Lunala|Meteor Beam|p2a: Rillaboom
|-damage|p2a: Rillaboom|50/100
|move|p2b: Zamazenta|Body Press|p1b: Shiftry
|-supereffective|p1b: Shiftry
|-crit|p1b: Shiftry
|-damage|p1b: Shiftry|0 fnt
|faint|p1b: Shiftry
|move|p2a: Rillaboom|U-turn|p1a: Lunala
|-damage|p1a: Lunala|91/100
|
|t:|1750797471
|switch|p2a: Raging Bolt|Raging Bolt, L50|100/100|[from] U-turn
|-activate|p2a: Raging Bolt|ability: Protosynthesis
|-start|p2a: Raging Bolt|protosynthesisspa
|
|-weather|SunnyDay|[upkeep]
|-heal|p1a: Lunala|98/100|[from] Grassy Terrain
|-heal|p2b: Zamazenta|97/100|[from] Grassy Terrain
|upkeep
|
|t:|1750797479
|switch|p1b: Chi-Yu|Chi-Yu, L50|100/100
|-ability|p1b: Chi-Yu|Beads of Ruin
|turn|4
|
|t:|1750797504
|switch|p2b: Rillaboom|Rillaboom, L50, F|50/100
|move|p1b: Chi-Yu|Heat Wave|p2b: Rillaboom|[spread] p2a,p2b
|-resisted|p2a: Raging Bolt
|-supereffective|p2b: Rillaboom
|-damage|p2a: Raging Bolt|71/100
|-damage|p2b: Rillaboom|0 fnt
|faint|p2b: Rillaboom
|move|p1a: Lunala|Moongeist Beam|p2a: Raging Bolt
|-crit|p2a: Raging Bolt
|-damage|p2a: Raging Bolt|0 fnt
|faint|p2a: Raging Bolt
|-end|p2a: Raging Bolt|Protosynthesis|[silent]
|
|-weather|SunnyDay|[upkeep]
|-heal|p1a: Lunala|100/100|[from] Grassy Terrain
|-sideend|p1: victorlien|move: Tailwind
|upkeep
|
|t:|1750797520
|switch|p2b: Zamazenta|Zamazenta-Crowned, L50|97/100
|turn|5
|
|t:|1750797526
|move|p1b: Chi-Yu|Heat Wave|p2b: Zamazenta|[miss]
|-miss|p1b: Chi-Yu|p2b: Zamazenta
|move|p2b: Zamazenta|Body Press|p1b: Chi-Yu
|-supereffective|p1b: Chi-Yu
|-damage|p1b: Chi-Yu|0 fnt
|faint|p1b: Chi-Yu
|move|p1a: Lunala|Moongeist Beam|p2b: Zamazenta
|-damage|p2b: Zamazenta|40/100
|
|-weather|none
|-heal|p2b: Zamazenta|46/100|[from] Grassy Terrain
|upkeep
|turn|6
|
|t:|1750797540
|move|p2b: Zamazenta|Protect|p2b: Zamazenta
|-singleturn|p2b: Zamazenta|Protect
|move|p1a: Lunala|Moongeist Beam|p2b: Zamazenta
|-activate|p2b: Zamazenta|move: Protect
|
|-heal|p2b: Zamazenta|52/100|[from] Grassy Terrain
|-fieldend|move: Grassy Terrain
|upkeep
|turn|7
|
|t:|1750797551
|move|p2b: Zamazenta|Heavy Slam|p1a: Lunala
|-damage|p1a: Lunala|83/100
|move|p1a: Lunala|Moongeist Beam|p2b: Zamazenta
|-damage|p2b: Zamazenta|0 fnt
|faint|p2b: Zamazenta
|
|win|victorlien
|raw|victorlien's rating: 1426 &rarr; <strong>1449</strong><br />(+23 for winning)
|raw|Jackbouncy's rating: 1471 &rarr; <strong>1448</strong><br />(-23 for losing)
|l|☆Jackbouncy
|player|p2|
|l|☆victorlien
|player|p1|
