|j|☆thatoneguy1337
|j|☆siriuta
|t:|1750867301
|gametype|doubles
|player|p1|thatoneguy1337|caitlin|1463
|player|p2|siriuta|265|1396
|teamsize|p1|6
|teamsize|p2|6
|gen|9
|tier|[Gen 9] VGC 2025 Reg I
|rated|
|rule|Species Clause: Limit one of each Pokémon
|rule|Item Clause: Limit 1 of each item
|clearpoke
|poke|p1|Calyrex-Shadow, L50|
|poke|p1|Zamazenta-*, L50|
|poke|p1|Chien-Pao, L50|
|poke|p1|Ogerpon-Hearthflame, L50, F|
|poke|p1|Whimsicott, L50, M|
|poke|p1|Raging Bolt, L50|
|poke|p2|Terapagos, L50, M|
|poke|p2|Cobalion, L50|
|poke|p2|Grimmsnarl, L50, M|
|poke|p2|Incineroar, L50, F|
|poke|p2|Rillaboom, L50, F|
|poke|p2|Calyrex-Shadow, L50|
|teampreview|4
|
|t:|1750867334
|start
|switch|p1a: Chien-Pao|Chien-Pao, L50|100/100
|switch|p1b: Zamazenta|Zamazenta-Crowned, L50|100/100
|switch|p2a: Incineroar|Incineroar, L50, F|100/100
|switch|p2b: Rillaboom|Rillaboom, L50, F|100/100
|-ability|p1a: Chien-Pao|Sword of Ruin
|-ability|p1b: Zamazenta|Dauntless Shield|boost
|-boost|p1b: Zamazenta|def|1
|-fieldstart|move: Grassy Terrain|[from] ability: Grassy Surge|[of] p2b: Rillaboom
|-ability|p2a: Incineroar|Intimidate|boost
|-unboost|p1a: Chien-Pao|atk|1
|-unboost|p1b: Zamazenta|atk|1
|turn|1
|
|t:|1750867359
|switch|p2a: Calyrex|Calyrex-Shadow, L50|100/100
|-ability|p2a: Calyrex|As One
|-ability|p2a: Calyrex|Unnerve
|move|p1a: Chien-Pao|Protect|p1a: Chien-Pao
|-singleturn|p1a: Chien-Pao|Protect
|move|p1b: Zamazenta|Protect|p1b: Zamazenta
|-singleturn|p1b: Zamazenta|Protect
|move|p2b: Rillaboom|Fake Out|p1a: Chien-Pao
|-activate|p1a: Chien-Pao|move: Protect
|
|upkeep
|turn|2
|
|t:|1750867372
|switch|p2b: Incineroar|Incineroar, L50, F|100/100
|-ability|p2b: Incineroar|Intimidate|boost
|-unboost|p1a: Chien-Pao|atk|1
|-unboost|p1b: Zamazenta|atk|1
|move|p2a: Calyrex|Encore|p1a: Chien-Pao
|-start|p1a: Chien-Pao|Encore
|move|p1a: Chien-Pao|Protect||[still]
|-fail|p1a: Chien-Pao
|move|p1b: Zamazenta|Body Press|p2b: Incineroar
|-supereffective|p2b: Incineroar
|-damage|p2b: Incineroar|0 fnt
|faint|p2b: Incineroar
|
|upkeep
|j| GangGluckGluck
|
|t:|1750867384
|switch|p2b: Cobalion|Cobalion, L50|100/100
|turn|3
|
|t:|1750867396
|switch|p1a: Ogerpon|Ogerpon-Hearthflame, L50, F|100/100
|-ability|p1a: Ogerpon|Mold Breaker
|-terastallize|p1b: Zamazenta|Water
|-terastallize|p2b: Cobalion|Fire
|move|p2a: Calyrex|Astral Barrage|p1a: Ogerpon|[spread] p1a,p1b
|-damage|p1a: Ogerpon|48/100
|-damage|p1b: Zamazenta|62/100
|move|p1b: Zamazenta|Body Press|p2b: Cobalion
|-damage|p2b: Cobalion|58/100
|move|p2b: Cobalion|Iron Defense|p2b: Cobalion
|-boost|p2b: Cobalion|def|2
|
|-heal|p1a: Ogerpon|54/100|[from] Grassy Terrain
|-heal|p1b: Zamazenta|68/100|[from] Grassy Terrain
|-heal|p2b: Cobalion|64/100|[from] Grassy Terrain
|upkeep
|turn|4
|l| GangGluckGluck
|
|t:|1750867419
|move|p1b: Zamazenta|Protect|p1b: Zamazenta
|-singleturn|p1b: Zamazenta|Protect
|move|p2a: Calyrex|Astral Barrage|p1a: Ogerpon|[spread] p1a
|-activate|p1b: Zamazenta|move: Protect
|-damage|p1a: Ogerpon|0 fnt
|faint|p1a: Ogerpon
|-ability|p2a: Calyrex|Grim Neigh|boost
|-boost|p2a: Calyrex|spa|1
|move|p2b: Cobalion|Iron Defense|p2b: Cobalion
|-boost|p2b: Cobalion|def|2
|
|-heal|p1b: Zamazenta|74/100|[from] Grassy Terrain
|-heal|p2b: Cobalion|70/100|[from] Grassy Terrain
|upkeep
|
|t:|1750867427
|switch|p1a: Calyrex|Calyrex-Shadow, L50|100/100
|-ability|p1a: Calyrex|As One
|-ability|p1a: Calyrex|Unnerve
|turn|5
|
|t:|1750867440
|move|p2a: Calyrex|Protect|p2a: Calyrex
|-singleturn|p2a: Calyrex|Protect
|move|p1a: Calyrex|Astral Barrage|p2a: Calyrex|[spread] p2b
|-activate|p2a: Calyrex|move: Protect
|-crit|p2b: Cobalion
|-damage|p2b: Cobalion|0 fnt
|faint|p2b: Cobalion
|-ability|p1a: Calyrex|Grim Neigh|boost
|-boost|p1a: Calyrex|spa|1
|-damage|p1a: Calyrex|91/100|[from] item: Life Orb
|move|p1b: Zamazenta|Body Press|p2a: Calyrex
|-activate|p2a: Calyrex|move: Protect
|
|-heal|p1a: Calyrex|97/100|[from] Grassy Terrain
|-heal|p1b: Zamazenta|80/100|[from] Grassy Terrain
|-fieldend|move: Grassy Terrain
|upkeep
|
|t:|1750867453
|switch|p2b: Rillaboom|Rillaboom, L50, F|100/100
|-fieldstart|move: Grassy Terrain|[from] ability: Grassy Surge|[of] p2b: Rillaboom
|turn|6
|inactive|Battle timer is ON: inactive players will automatically lose when time's up. (requested by siriuta)
|
|t:|1750867482
|move|p1a: Calyrex|Protect|p1a: Calyrex
|-singleturn|p1a: Calyrex|Protect
|move|p1b: Zamazenta|Protect|p1b: Zamazenta
|-singleturn|p1b: Zamazenta|Protect
|move|p2b: Rillaboom|Fake Out|p1b: Zamazenta
|-activate|p1b: Zamazenta|move: Protect
|move|p2a: Calyrex|Astral Barrage|p1a: Calyrex|[spread] 
|-activate|p1a: Calyrex|move: Protect
|-activate|p1b: Zamazenta|move: Protect
|
|-heal|p1a: Calyrex|100/100|[from] Grassy Terrain
|-heal|p1b: Zamazenta|86/100|[from] Grassy Terrain
|upkeep
|turn|7
|
|t:|1750867495
|move|p1b: Zamazenta|Wide Guard|p1b: Zamazenta
|-singleturn|p1b: Zamazenta|Wide Guard
|move|p2b: Rillaboom|Grassy Glide|p1b: Zamazenta
|-supereffective|p1b: Zamazenta
|-damage|p1b: Zamazenta|65/100
|move|p1a: Calyrex|Astral Barrage|p2b: Rillaboom|[spread] p2a,p2b
|-supereffective|p2a: Calyrex
|-enditem|p2a: Calyrex|Focus Sash
|-damage|p2a: Calyrex|1/100
|-damage|p2b: Rillaboom|27/100
|-damage|p1a: Calyrex|91/100|[from] item: Life Orb
|move|p2a: Calyrex|Encore|p1a: Calyrex
|-start|p1a: Calyrex|Encore
|
|-heal|p1a: Calyrex|97/100|[from] Grassy Terrain
|-heal|p2a: Calyrex|7/100|[from] Grassy Terrain
|-heal|p1b: Zamazenta|71/100|[from] Grassy Terrain
|-heal|p2b: Rillaboom|33/100|[from] Grassy Terrain
|upkeep
|turn|8
|-message|siriuta forfeited.
|
|win|thatoneguy1337
|raw|thatoneguy1337's rating: 1463 &rarr; <strong>1479</strong><br />(+16 for winning)
|raw|siriuta's rating: 1396 &rarr; <strong>1380</strong><br />(-16 for losing)
|l|☆siriuta
|player|p2|
|l|☆thatoneguy1337
|player|p1|
