|j|☆Miuna suki
|j|☆arkjsmith
|t:|1750735057
|gametype|doubles
|player|p1|Miuna suki|winona|1434
|player|p2|arkjsmith|roxie|1382
|teamsize|p1|6
|teamsize|p2|6
|gen|9
|tier|[Gen 9] VGC 2025 Reg I
|rated|
|rule|Species Clause: Limit one of each Pokémon
|rule|Item Clause: Limit 1 of each item
|clearpoke
|poke|p1|Urshifu-*, L50, F|
|poke|p1|Incineroar, L50, M|
|poke|p1|Zacian-*, L50|
|poke|p1|Landorus, L50, M|
|poke|p1|Lunala, L50|
|poke|p1|Amoonguss, L50, F|
|poke|p2|Koraidon, L50|
|poke|p2|Incineroar, L50, M|
|poke|p2|Volcarona, L50, F|
|poke|p2|Flutter Mane, L50|
|poke|p2|Calyrex-Ice, L50|
|poke|p2|Rillaboom, L50, M|
|teampreview|4
|inactive|Battle timer is ON: inactive players will automatically lose when time's up. (requested by arkjsmith)
|inactive|Miuna suki has 60 seconds left.
|inactive|Miuna suki has 30 seconds left.
|
|t:|1750735121
|start
|switch|p1a: Landorus|Landorus, L50, M|100/100
|switch|p1b: Incineroar|Incineroar, L50, M|100/100
|switch|p2a: Stripe|Incineroar, L50, M, shiny|100/100
|switch|p2b: Cuervo|Volcarona, L50, F, shiny|100/100
|-ability|p1b: Incineroar|Intimidate|boost
|-unboost|p2a: Stripe|atk|1
|-unboost|p2b: Cuervo|atk|1
|-ability|p2a: Stripe|Intimidate|boost
|-unboost|p1a: Landorus|atk|1
|-unboost|p1b: Incineroar|atk|1
|turn|1
|
|t:|1750735139
|switch|p2a: Amaretto|Rillaboom, L50, M, shiny|100/100
|-fieldstart|move: Grassy Terrain|[from] ability: Grassy Surge|[of] p2a: Amaretto
|-enditem|p2b: Cuervo|Grassy Seed
|-boost|p2b: Cuervo|def|1|[from] item: Grassy Seed
|move|p2b: Cuervo|Protect|p2b: Cuervo
|-singleturn|p2b: Cuervo|Protect
|move|p1b: Incineroar|Fake Out|p2b: Cuervo
|-activate|p2b: Cuervo|move: Protect
|move|p1a: Landorus|Earth Power|p2a: Amaretto
|-resisted|p2a: Amaretto
|-damage|p2a: Amaretto|81/100
|
|-heal|p2a: Amaretto|87/100|[from] Grassy Terrain
|upkeep
|turn|2
|inactive|Miuna suki has 30 seconds left.
|
|t:|1750735165
|switch|p1a: Lunala|Lunala, L50|100/100
|move|p2a: Amaretto|Fake Out|p1a: Lunala
|-immune|p1a: Lunala
|move|p2b: Cuervo|Quiver Dance|p2b: Cuervo
|-boost|p2b: Cuervo|spa|1
|-boost|p2b: Cuervo|spd|1
|-boost|p2b: Cuervo|spe|1
|move|p1b: Incineroar|U-turn|p2a: Amaretto
|-supereffective|p2a: Amaretto
|-damage|p2a: Amaretto|65/100
|
|t:|1750735189
|switch|p1b: Amoonguss|Amoonguss, L50, F|100/100|[from] U-turn
|
|-heal|p2a: Amaretto|71/100|[from] Grassy Terrain
|upkeep
|turn|3
|
|t:|1750735212
|switch|p2a: Stripe|Incineroar, L50, M, shiny|100/100
|-ability|p2a: Stripe|Intimidate|boost
|-unboost|p1a: Lunala|atk|1
|-unboost|p1b: Amoonguss|atk|1
|-terastallize|p2b: Cuervo|Water
|move|p1b: Amoonguss|Protect|p1b: Amoonguss
|-singleturn|p1b: Amoonguss|Protect
|move|p2b: Cuervo|Fiery Dance|p1b: Amoonguss
|-activate|p1b: Amoonguss|move: Protect
|move|p1a: Lunala|Trick Room|p1a: Lunala
|-fieldstart|move: Trick Room|[of] p1a: Lunala
|
|upkeep
|turn|4
|inactive|Miuna suki has 30 seconds left.
|
|t:|1750735246
|switch|p1b: Incineroar|Incineroar, L50, M|100/100
|-ability|p1b: Incineroar|Intimidate|boost
|-unboost|p2a: Stripe|atk|1
|-unboost|p2b: Cuervo|atk|1
|move|p2b: Cuervo|Protect|p2b: Cuervo
|-singleturn|p2b: Cuervo|Protect
|move|p2a: Stripe|Knock Off|p1a: Lunala
|-supereffective|p1a: Lunala
|-damage|p1a: Lunala|60/100
|-enditem|p1a: Lunala|Mental Herb|[from] move: Knock Off|[of] p2a: Stripe
|move|p1a: Lunala|Moongeist Beam|p2b: Cuervo
|-activate|p2b: Cuervo|move: Protect
|
|-heal|p1a: Lunala|66/100|[from] Grassy Terrain
|upkeep
|turn|5
|inactive|Miuna suki has 30 seconds left.
|
|t:|1750735279
|switch|p1a: Amoonguss|Amoonguss, L50, F|100/100
|move|p1b: Incineroar|Fake Out|p2b: Cuervo
|-damage|p2b: Cuervo|91/100
|move|p2a: Stripe|Parting Shot|p1a: Amoonguss
|-unboost|p1a: Amoonguss|atk|1
|-unboost|p1a: Amoonguss|spa|1
|
|t:|1750735289
|switch|p2a: Amaretto|Rillaboom, L50, M, shiny|71/100|[from] Parting Shot
|cant|p2b: Cuervo|flinch
|
|-heal|p2a: Amaretto|77/100|[from] Grassy Terrain
|-heal|p2b: Cuervo|98/100|[from] Grassy Terrain
|-fieldend|move: Grassy Terrain
|upkeep
|turn|6
|inactive|Miuna suki has 30 seconds left.
|
|t:|1750735317
|switch|p2a: Stripe|Incineroar, L50, M, shiny|100/100
|-ability|p2a: Stripe|Intimidate|boost
|-unboost|p1a: Amoonguss|atk|1
|-unboost|p1b: Incineroar|atk|1
|move|p1a: Amoonguss|Protect|p1a: Amoonguss
|-singleturn|p1a: Amoonguss|Protect
|move|p2b: Cuervo|Protect|p2b: Cuervo
|-singleturn|p2b: Cuervo|Protect
|move|p1b: Incineroar|Flare Blitz|p2a: Stripe
|-resisted|p2a: Stripe
|-damage|p2a: Stripe|86/100
|-damage|p1b: Incineroar|96/100|[from] Recoil
|
|upkeep
|turn|7
|inactive|Miuna suki has 30 seconds left.
|inactive|Miuna suki has 20 seconds left.
|
|t:|1750735356
|switch|p1a: Lunala|Lunala, L50|66/100
|move|p2b: Cuervo|Protect|p2b: Cuervo
|-singleturn|p2b: Cuervo|Protect
|move|p2a: Stripe|Taunt|p1a: Lunala
|-start|p1a: Lunala|move: Taunt
|move|p1b: Incineroar|U-turn|p2b: Cuervo
|-activate|p2b: Cuervo|move: Protect
|
|-fieldend|move: Trick Room
|upkeep
|turn|8
|inactive|Miuna suki has 30 seconds left.
|
|t:|1750735384
|move|p2b: Cuervo|Quiver Dance|p2b: Cuervo
|-boost|p2b: Cuervo|spa|1
|-boost|p2b: Cuervo|spd|1
|-boost|p2b: Cuervo|spe|1
|move|p1a: Lunala|Moongeist Beam|p2b: Cuervo
|-damage|p2b: Cuervo|67/100
|move|p2a: Stripe|Parting Shot|p1a: Lunala
|-unboost|p1a: Lunala|atk|1
|-unboost|p1a: Lunala|spa|1
|
|t:|1750735394
|switch|p2a: Amaretto|Rillaboom, L50, M, shiny|77/100|[from] Parting Shot
|-fieldstart|move: Grassy Terrain|[from] ability: Grassy Surge|[of] p2a: Amaretto
|move|p1b: Incineroar|U-turn|p2b: Cuervo
|-damage|p2b: Cuervo|57/100
|
|t:|1750735406
|switch|p1b: Amoonguss|Amoonguss, L50, F|100/100|[from] U-turn
|
|-heal|p2b: Cuervo|63/100|[from] Grassy Terrain
|-heal|p2a: Amaretto|83/100|[from] Grassy Terrain
|-heal|p1a: Lunala|73/100|[from] Grassy Terrain
|upkeep
|turn|9
|j| falafel hunk chunk
|
|t:|1750735420
|switch|p1a: Incineroar|Incineroar, L50, M|96/100
|-ability|p1a: Incineroar|Intimidate|boost
|-unboost|p2a: Amaretto|atk|1
|-unboost|p2b: Cuervo|atk|1
|-terastallize|p1b: Amoonguss|Water
|move|p2b: Cuervo|Fiery Dance|p1a: Incineroar
|-resisted|p1a: Incineroar
|-damage|p1a: Incineroar|74/100
|-boost|p2b: Cuervo|spa|1
|move|p2a: Amaretto|Wood Hammer|p1a: Incineroar
|-resisted|p1a: Incineroar
|-damage|p1a: Incineroar|55/100
|-damage|p2a: Amaretto|76/100|[from] Recoil
|move|p1b: Amoonguss|Spore|p2b: Cuervo
|-status|p2b: Cuervo|slp|[from] move: Spore
|
|-heal|p2b: Cuervo|69/100 slp|[from] Grassy Terrain
|-heal|p2a: Amaretto|82/100|[from] Grassy Terrain
|-heal|p1a: Incineroar|61/100|[from] Grassy Terrain
|upkeep
|turn|10
|inactive|Miuna suki has 30 seconds left.
|inactive|Miuna suki has 20 seconds left.
|inactive|Miuna suki has 15 seconds left.
|inactive|Miuna suki has 10 seconds left.
|
|t:|1750735468
|switch|p2a: Stripe|Incineroar, L50, M, shiny|86/100
|-ability|p2a: Stripe|Intimidate|boost
|-unboost|p1a: Incineroar|atk|1
|-unboost|p1b: Amoonguss|atk|1
|switch|p1b: Lunala|Lunala, L50|73/100
|cant|p2b: Cuervo|slp
|move|p1a: Incineroar|Flare Blitz|p2b: Cuervo
|-resisted|p2b: Cuervo
|-damage|p2b: Cuervo|56/100 slp
|-damage|p1a: Incineroar|57/100|[from] Recoil
|
|-heal|p2b: Cuervo|62/100 slp|[from] Grassy Terrain
|-heal|p1b: Lunala|79/100|[from] Grassy Terrain
|-heal|p1a: Incineroar|63/100|[from] Grassy Terrain
|-heal|p2a: Stripe|92/100|[from] Grassy Terrain
|upkeep
|turn|11
|inactive|Miuna suki has 30 seconds left.
|inactive|Miuna suki has 20 seconds left.
|
|t:|1750735508
|cant|p2b: Cuervo|slp
|move|p2a: Stripe|Knock Off|p1b: Lunala
|-supereffective|p1b: Lunala
|-damage|p1b: Lunala|3/100
|move|p1a: Incineroar|U-turn|p2b: Cuervo
|-crit|p2b: Cuervo
|-damage|p2b: Cuervo|29/100 slp
|
|t:|1750735516
|switch|p1a: Amoonguss|Amoonguss, L50, F, tera:Water|100/100|[from] U-turn
|move|p1b: Lunala|Trick Room|p1b: Lunala
|-fieldstart|move: Trick Room|[of] p1b: Lunala
|
|-heal|p2a: Stripe|98/100|[from] Grassy Terrain
|-heal|p1b: Lunala|10/100|[from] Grassy Terrain
|-heal|p2b: Cuervo|35/100 slp|[from] Grassy Terrain
|upkeep
|turn|12
|inactive|Miuna suki has 30 seconds left.
|
|t:|1750735544
|move|p1a: Amoonguss|Pollen Puff|p1b: Lunala
|-heal|p1b: Lunala|60/100
|move|p2a: Stripe|Knock Off|p1b: Lunala
|-supereffective|p1b: Lunala
|-damage|p1b: Lunala|0 fnt
|faint|p1b: Lunala
|-curestatus|p2b: Cuervo|slp|[msg]
|move|p2b: Cuervo|Giga Drain|p1a: Amoonguss
|-supereffective|p1a: Amoonguss
|-damage|p1a: Amoonguss|0 fnt
|-heal|p2b: Cuervo|98/100|[from] drain|[of] p1a: Amoonguss
|faint|p1a: Amoonguss
|
|-heal|p2a: Stripe|100/100|[from] Grassy Terrain
|-heal|p2b: Cuervo|100/100|[from] Grassy Terrain
|-fieldend|move: Grassy Terrain
|upkeep
|inactive|Miuna suki has 30 seconds left.
|inactive|Miuna suki has 20 seconds left.
|inactive|Miuna suki has 15 seconds left.
|inactive|Miuna suki has 10 seconds left.
|inactive|Miuna suki has 5 seconds left.
|
|t:|1750735599
|switch|p1a: Landorus|Landorus, L50, M|100/100
|switch|p1b: Incineroar|Incineroar, L50, M|63/100
|-ability|p1b: Incineroar|Intimidate|boost
|-unboost|p2a: Stripe|atk|1
|-unboost|p2b: Cuervo|atk|1
|turn|13
|inactive|Miuna suki has 10 seconds left this turn.
|inactive|Miuna suki has 5 seconds left.
|-message|Miuna suki lost due to inactivity.
|
|win|arkjsmith
|raw|Miuna suki's rating: 1434 &rarr; <strong>1411</strong><br />(-23 for losing)
|raw|arkjsmith's rating: 1382 &rarr; <strong>1405</strong><br />(+23 for winning)
|c|☆arkjsmith|Gg
