|j|☆ClumbsyLilBeach
|j|☆divalusts
|t:|1750718316
|gametype|doubles
|player|p1|ClumbsyLilBeach|jasmine|1431
|player|p2|divalusts|lady-gen4|1538
|teamsize|p1|6
|teamsize|p2|6
|gen|9
|tier|[Gen 9] VGC 2025 Reg I
|rated|
|rule|Species Clause: Limit one of each Pokémon
|rule|Item Clause: Limit 1 of each item
|clearpoke
|poke|p1|Chien-Pao, L50|
|poke|p1|Koraidon, L50|
|poke|p1|Ho-Oh, L50|
|poke|p1|Whimsicott, L50, F|
|poke|p1|Dragonite, L50, M|
|poke|p1|Empoleon, L50, F|
|poke|p2|Lunala, L50|
|poke|p2|Koraidon, L50|
|poke|p2|Indeedee-F, L50, F|
|poke|p2|Ursaluna, L50, F|
|poke|p2|Ogerpon-Hearthflame, L50, F|
|poke|p2|Flutter Mane, L50|
|teampreview|4
|inactive|Battle timer is ON: inactive players will automatically lose when time's up. (requested by ClumbsyLilBeach)
|
|t:|1750718335
|start
|switch|p1a: Koraidon|Koraidon, L50|100/100
|switch|p1b: Ho-Oh|Ho-Oh, L50|100/100
|switch|p2a: Koraidon|Koraidon, L50|100/100
|switch|p2b: Flutter Mane|Flutter Mane, L50, shiny|100/100
|-weather|SunnyDay|[from] ability: Orichalcum Pulse|[of] p1a: Koraidon
|-activate|p2b: Flutter Mane|ability: Protosynthesis
|-start|p2b: Flutter Mane|protosynthesisspe
|-activate|p1a: Koraidon|Orichalcum Pulse|[source]
|-activate|p2a: Koraidon|ability: Orichalcum Pulse
|turn|1
|inactive|ClumbsyLilBeach has 30 seconds left.
|
|t:|1750718367
|move|p2b: Flutter Mane|Protect|p2b: Flutter Mane
|-singleturn|p2b: Flutter Mane|Protect
|move|p1a: Koraidon|Protect|p1a: Koraidon
|-singleturn|p1a: Koraidon|Protect
|move|p2a: Koraidon|Protect|p2a: Koraidon
|-singleturn|p2a: Koraidon|Protect
|move|p1b: Ho-Oh|Brave Bird|p2b: Flutter Mane
|-activate|p2b: Flutter Mane|move: Protect
|
|-weather|SunnyDay|[upkeep]
|upkeep
|turn|2
|
|t:|1750718383
|switch|p1a: Empoleon|Empoleon, L50, F|100/100
|move|p2b: Flutter Mane|Moonblast|p1a: Empoleon
|-resisted|p1a: Empoleon
|-damage|p1a: Empoleon|75/100
|move|p2a: Koraidon|Collision Course|p1a: Empoleon
|-supereffective|p1a: Empoleon
|-damage|p1a: Empoleon|0 fnt
|faint|p1a: Empoleon
|move|p1b: Ho-Oh|Brave Bird|p2b: Flutter Mane
|-damage|p2b: Flutter Mane|0 fnt
|faint|p2b: Flutter Mane
|-end|p2b: Flutter Mane|Protosynthesis|[silent]
|-damage|p1b: Ho-Oh|75/100|[from] Recoil
|
|-weather|SunnyDay|[upkeep]
|upkeep
|
|t:|1750718403
|switch|p2b: Indeedee|Indeedee-F, L50, F, shiny|100/100
|switch|p1a: Koraidon|Koraidon, L50|100/100
|-activate|p1a: Koraidon|ability: Orichalcum Pulse
|-fieldstart|move: Psychic Terrain|[from] ability: Psychic Surge|[of] p2b: Indeedee
|turn|3
|
|t:|1750718418
|-terastallize|p2b: Indeedee|Water
|move|p1a: Koraidon|Protect|p1a: Koraidon
|-singleturn|p1a: Koraidon|Protect
|move|p2a: Koraidon|Protect|p2a: Koraidon
|-singleturn|p2a: Koraidon|Protect
|move|p1b: Ho-Oh|Sacred Fire|p2b: Indeedee|[miss]
|-miss|p1b: Ho-Oh|p2b: Indeedee
|move|p2b: Indeedee|Dazzling Gleam|p1b: Ho-Oh|[spread] p1b
|-activate|p1a: Koraidon|move: Protect
|-resisted|p1b: Ho-Oh
|-damage|p1b: Ho-Oh|71/100
|
|-weather|SunnyDay|[upkeep]
|upkeep
|turn|4
|
|t:|1750718441
|switch|p2a: Lunala|Lunala, L50, shiny|100/100
|-enditem|p2a: Lunala|Psychic Seed
|-boost|p2a: Lunala|spd|1|[from] item: Psychic Seed
|-terastallize|p1a: Koraidon|Fire
|move|p1a: Koraidon|Close Combat|p2a: Lunala
|-immune|p2a: Lunala
|move|p1b: Ho-Oh|Brave Bird|p2a: Lunala
|-damage|p2a: Lunala|72/100
|-damage|p1b: Ho-Oh|60/100|[from] Recoil
|move|p2b: Indeedee|Trick Room|p2b: Indeedee
|-fieldstart|move: Trick Room|[of] p2b: Indeedee
|
|-weather|SunnyDay|[upkeep]
|upkeep
|turn|5
|inactive|ClumbsyLilBeach has 30 seconds left.
|
|t:|1750718469
|move|p2b: Indeedee|Helping Hand|p2a: Lunala
|-singleturn|p2a: Lunala|Helping Hand|[of] p2b: Indeedee
|move|p1b: Ho-Oh|Sacred Fire|p2a: Lunala
|-damage|p2a: Lunala|0 fnt
|faint|p2a: Lunala
|move|p1a: Koraidon|Flare Blitz|p2b: Indeedee
|-resisted|p2b: Indeedee
|-damage|p2b: Indeedee|22/100
|-damage|p1a: Koraidon|75/100|[from] Recoil
|-damage|p1a: Koraidon|65/100|[from] item: Life Orb
|
|-weather|none
|upkeep
|-message|divalusts forfeited.
|
|win|ClumbsyLilBeach
|raw|ClumbsyLilBeach's rating: 1431 &rarr; <strong>1457</strong><br />(+26 for winning)
|raw|divalusts's rating: 1538 &rarr; <strong>1512</strong><br />(-26 for losing)
|l|☆divalusts
|player|p2|
|l|☆ClumbsyLilBeach
|player|p1|
