|j|☆clodsire mafioso
|j|☆SycrasisEU
|t:|1750711835
|gametype|doubles
|player|p1|clodsire mafioso|artist-gen4|1378
|player|p2|SycrasisEU|pryce|1416
|teamsize|p1|6
|teamsize|p2|6
|gen|9
|tier|[Gen 9] VGC 2025 Reg I
|rated|
|rule|Species Clause: Limit one of each Pokémon
|rule|Item Clause: Limit 1 of each item
|clearpoke
|poke|p1|Miraidon, L50|
|poke|p1|Calyrex-Ice, L50|
|poke|p1|Iron Valiant, L50|
|poke|p1|Volcarona, L50, F|
|poke|p1|Grimmsnarl, L50, M|
|poke|p1|Urshifu-*, L50, F|
|poke|p2|Calyrex-Ice, L50|
|poke|p2|Kyurem-White, L50|
|poke|p2|Ninetales-Alola, L50, M|
|poke|p2|Tornadus, L50, M|
|poke|p2|Dewgong, L50, M|
|poke|p2|Chien-Pao, L50|
|teampreview|4
|
|t:|1750711889
|start
|switch|p1a: Quarked Up|Iron Valiant, L50|100/100
|switch|p1b: nyoom|Miraidon, L50|100/100
|switch|p2a: Ninetales|Ninetales-Alola, L50, M|100/100
|switch|p2b: Kyurem|Kyurem-White, L50|100/100
|-fieldstart|move: Electric Terrain|[from] ability: Hadron Engine|[of] p1b: nyoom
|-activate|p1a: Quarked Up|ability: Quark Drive
|-start|p1a: Quarked Up|quarkdrivespe
|-ability|p2b: Kyurem|Turboblaze
|-weather|Snowscape|[from] ability: Snow Warning|[of] p2a: Ninetales
|turn|1
|
|t:|1750711912
|-terastallize|p1b: nyoom|Electric
|move|p1b: nyoom|Volt Switch|p2b: Kyurem
|-resisted|p2b: Kyurem
|-damage|p2b: Kyurem|57/100
|
|t:|1750711916
|switch|p1b: Honse|Calyrex-Ice, L50|100/100|[from] Volt Switch
|-ability|p1b: Honse|As One
|-ability|p1b: Honse|Unnerve
|move|p1a: Quarked Up|Spirit Break|p2b: Kyurem
|-supereffective|p2b: Kyurem
|-damage|p2b: Kyurem|12/100
|-unboost|p2b: Kyurem|spa|1
|move|p2b: Kyurem|Draco Meteor|p1b: Honse
|-damage|p1b: Honse|65/100
|-unboost|p2b: Kyurem|spa|2
|move|p2a: Ninetales|Aurora Veil|p2a: Ninetales
|-sidestart|p2: SycrasisEU|move: Aurora Veil
|
|-weather|Snowscape|[upkeep]
|upkeep
|turn|2
|
|t:|1750711942
|switch|p2b: Dewgong|Dewgong, L50, M|100/100
|move|p1a: Quarked Up|Encore|p2a: Ninetales
|-start|p2a: Ninetales|Encore
|move|p2a: Ninetales|Aurora Veil||[still]
|-fail|p2a: Ninetales
|move|p1b: Honse|High Horsepower|p2b: Dewgong
|-damage|p2b: Dewgong|80/100
|
|-weather|Snowscape|[upkeep]
|upkeep
|turn|3
|
|t:|1750711960
|switch|p2a: Calyrex|Calyrex-Ice, L50|100/100
|-ability|p2a: Calyrex|As One
|-ability|p2a: Calyrex|Unnerve
|move|p2b: Dewgong|Fake Out|p1a: Quarked Up
|-damage|p1a: Quarked Up|90/100
|cant|p1a: Quarked Up|flinch
|move|p1b: Honse|Trick Room|p1b: Honse
|-fieldstart|move: Trick Room|[of] p1b: Honse
|
|-weather|Snowscape|[upkeep]
|upkeep
|turn|4
|
|t:|1750711982
|switch|p2b: Ninetales|Ninetales-Alola, L50, M|100/100
|move|p1b: Honse|Protect|p1b: Honse
|-singleturn|p1b: Honse|Protect
|move|p2a: Calyrex|Glacial Lance|p1b: Honse|[spread] p1a
|-activate|p1b: Honse|move: Protect
|-damage|p1a: Quarked Up|23/100
|move|p1a: Quarked Up|Coaching|p1b: Honse
|-boost|p1b: Honse|atk|1
|-boost|p1b: Honse|def|1
|
|-weather|Snowscape|[upkeep]
|upkeep
|turn|5
|
|t:|1750712005
|-end|p1a: Quarked Up|Quark Drive|[silent]
|switch|p1a: Billy Jean|Volcarona, L50, F|100/100
|-enditem|p1a: Billy Jean|Electric Seed
|-boost|p1a: Billy Jean|def|1|[from] item: Electric Seed
|move|p2a: Calyrex|High Horsepower|p1a: Billy Jean
|-damage|p1a: Billy Jean|61/100
|move|p1b: Honse|High Horsepower|p2a: Calyrex
|-damage|p2a: Calyrex|84/100
|move|p2b: Ninetales|Moonblast|p1b: Honse
|-damage|p1b: Honse|46/100
|
|-weather|none
|-sideend|p2: SycrasisEU|move: Aurora Veil
|-fieldend|move: Electric Terrain
|upkeep
|turn|6
|
|t:|1750712025
|switch|p2b: Dewgong|Dewgong, L50, M|80/100
|-terastallize|p2a: Calyrex|Fire
|move|p2a: Calyrex|Glacial Lance|p1a: Billy Jean|[spread] p1a,p1b
|-resisted|p1a: Billy Jean
|-resisted|p1b: Honse
|-damage|p1a: Billy Jean|35/100
|-damage|p1b: Honse|34/100
|move|p1b: Honse|High Horsepower|p2a: Calyrex
|-supereffective|p2a: Calyrex
|-damage|p2a: Calyrex|10/100
|-enditem|p2a: Calyrex|Weakness Policy
|-boost|p2a: Calyrex|atk|2|[from] item: Weakness Policy
|-boost|p2a: Calyrex|spa|2|[from] item: Weakness Policy
|move|p1a: Billy Jean|Quiver Dance|p1a: Billy Jean
|-boost|p1a: Billy Jean|spa|1
|-boost|p1a: Billy Jean|spd|1
|-boost|p1a: Billy Jean|spe|1
|
|upkeep
|turn|7
|
|t:|1750712045
|move|p1b: Honse|Protect|p1b: Honse
|-singleturn|p1b: Honse|Protect
|move|p1a: Billy Jean|Protect|p1a: Billy Jean
|-singleturn|p1a: Billy Jean|Protect
|move|p2b: Dewgong|Fake Out|p1b: Honse
|-activate|p1b: Honse|move: Protect
|move|p2a: Calyrex|Glacial Lance|p1a: Billy Jean|[spread] 
|-activate|p1a: Billy Jean|move: Protect
|-activate|p1b: Honse|move: Protect
|
|-fieldend|move: Trick Room
|upkeep
|turn|8
|
|t:|1750712060
|switch|p2b: Ninetales|Ninetales-Alola, L50, M|100/100
|-weather|Snowscape|[from] ability: Snow Warning|[of] p2b: Ninetales
|move|p2a: Calyrex|Protect|p2a: Calyrex
|-singleturn|p2a: Calyrex|Protect
|move|p1a: Billy Jean|Giga Drain|p2b: Ninetales
|-damage|p2b: Ninetales|61/100
|-heal|p1a: Billy Jean|52/100|[from] drain|[of] p2b: Ninetales
|move|p1b: Honse|Glacial Lance|p2a: Calyrex|[spread] p2b
|-activate|p2a: Calyrex|move: Protect
|-resisted|p2b: Ninetales
|-damage|p2b: Ninetales|24/100
|
|-weather|Snowscape|[upkeep]
|upkeep
|turn|9
|
|t:|1750712088
|move|p1a: Billy Jean|Fiery Dance|p2b: Ninetales
|-supereffective|p2b: Ninetales
|-damage|p2b: Ninetales|0 fnt
|-boost|p1a: Billy Jean|spa|1
|faint|p2b: Ninetales
|move|p1b: Honse|Glacial Lance|p2a: Calyrex
|-resisted|p2a: Calyrex
|-damage|p2a: Calyrex|0 fnt
|faint|p2a: Calyrex
|-ability|p1b: Honse|Chilling Neigh|boost
|-boost|p1b: Honse|atk|1
|
|-weather|Snowscape|[upkeep]
|upkeep
|
|t:|1750712102
|switch|p2b: Kyurem|Kyurem-White, L50|12/100
|switch|p2a: Dewgong|Dewgong, L50, M|80/100
|-ability|p2b: Kyurem|Turboblaze
|turn|10
|
|t:|1750712131
|move|p1a: Billy Jean|Protect|p1a: Billy Jean
|-singleturn|p1a: Billy Jean|Protect
|move|p1b: Honse|Protect|p1b: Honse
|-singleturn|p1b: Honse|Protect
|move|p2a: Dewgong|Fake Out|p1a: Billy Jean
|-activate|p1a: Billy Jean|move: Protect
|move|p2b: Kyurem|Fusion Flare|p1b: Honse
|-activate|p1b: Honse|move: Protect
|
|-weather|Snowscape|[upkeep]
|upkeep
|turn|11
|-message|SycrasisEU forfeited.
|
|win|clodsire mafioso
|raw|clodsire mafioso's rating: 1378 &rarr; <strong>1400</strong><br />(+22 for winning)
|raw|SycrasisEU's rating: 1416 &rarr; <strong>1394</strong><br />(-22 for losing)
|l|☆SycrasisEU
|player|p2|
|l|☆clodsire mafioso
|player|p1|
