|j|☆Murkrow17
|j|☆mangime1233
|t:|1750853277
|gametype|doubles
|player|p1|Murkrow17|grimsley|1430
|player|p2|mangime1233|266|1506
|teamsize|p1|6
|teamsize|p2|6
|gen|9
|tier|[Gen 9] VGC 2025 Reg I
|rated|
|rule|Species Clause: Limit one of each Pokémon
|rule|Item Clause: Limit 1 of each item
|clearpoke
|poke|p1|Koraidon, L50|
|poke|p1|Scovillain, L50, M|
|poke|p1|Calyrex-Shadow, L50|
|poke|p1|Rillaboom, L50, M|
|poke|p1|Incineroar, L50, M|
|poke|p1|Grimmsnarl, L50, M|
|poke|p2|Groudon, L50|
|poke|p2|Lunala, L50|
|poke|p2|Indeedee-F, L50, F|
|poke|p2|Roaring Moon, L50|
|poke|p2|Ogerpon-Hearthflame, L50, F|
|poke|p2|Flutter Mane, L50|
|teampreview|4
|inactive|Battle timer is ON: inactive players will automatically lose when time's up. (requested by mangime1233)
|inactive|mangime1233 has 60 seconds left.
|
|t:|1750853326
|start
|switch|p1a: Incineroar|Incineroar, L50, M|100/100
|switch|p1b: Koraidon|Koraidon, L50|100/100
|switch|p2a: Flutter Mane|Flutter Mane, L50|100/100
|switch|p2b: Groudon|Groudon, L50|100/100
|-weather|SunnyDay|[from] ability: Orichalcum Pulse|[of] p1b: Koraidon
|-activate|p2a: Flutter Mane|ability: Protosynthesis
|-start|p2a: Flutter Mane|protosynthesisspe
|-activate|p1b: Koraidon|Orichalcum Pulse|[source]
|-ability|p1a: Incineroar|Intimidate|boost
|-unboost|p2a: Flutter Mane|atk|1
|-fail|p2b: Groudon|unboost|[from] item: Clear Amulet|[of] p2b: Groudon
|turn|1
|inactive|mangime1233 has 30 seconds left.
|inactive|mangime1233 has 20 seconds left.
|
|t:|1750853364
|-terastallize|p1b: Koraidon|Fire
|move|p2a: Flutter Mane|Protect|p2a: Flutter Mane
|-singleturn|p2a: Flutter Mane|Protect
|move|p2b: Groudon|Protect|p2b: Groudon
|-singleturn|p2b: Groudon|Protect
|move|p1a: Incineroar|Fake Out|p2b: Groudon
|-activate|p2b: Groudon|move: Protect
|move|p1b: Koraidon|Flame Charge|p2a: Flutter Mane
|-activate|p2a: Flutter Mane|move: Protect
|
|-weather|SunnyDay|[upkeep]
|upkeep
|turn|2
|inactive|Murkrow17 has 30 seconds left.
|
|t:|1750853395
|-terastallize|p2b: Groudon|Fire
|move|p2a: Flutter Mane|Power Gem|p1b: Koraidon
|-supereffective|p1b: Koraidon
|-damage|p1b: Koraidon|45/100
|move|p1b: Koraidon|Flare Blitz|p2b: Groudon
|-resisted|p2b: Groudon
|-damage|p2b: Groudon|58/100
|-damage|p1b: Koraidon|28/100|[from] Recoil
|move|p2b: Groudon|Precipice Blades|p1a: Incineroar|[spread] p1a,p1b
|-supereffective|p1a: Incineroar
|-supereffective|p1b: Koraidon
|-damage|p1a: Incineroar|4/100
|-damage|p1b: Koraidon|0 fnt
|faint|p1b: Koraidon
|move|p1a: Incineroar|Knock Off|p2b: Groudon
|-damage|p2b: Groudon|36/100
|-enditem|p2b: Groudon|Clear Amulet|[from] move: Knock Off|[of] p1a: Incineroar
|
|-weather|SunnyDay|[upkeep]
|upkeep
|
|t:|1750853399
|switch|p1b: Calyrex|Calyrex-Shadow, L50|100/100
|-ability|p1b: Calyrex|As One
|-ability|p1b: Calyrex|Unnerve
|turn|3
|
|t:|1750853420
|move|p1b: Calyrex|Protect|p1b: Calyrex
|-singleturn|p1b: Calyrex|Protect
|move|p2b: Groudon|Protect|p2b: Groudon
|-singleturn|p2b: Groudon|Protect
|move|p2a: Flutter Mane|Shadow Ball|p1b: Calyrex
|-activate|p1b: Calyrex|move: Protect
|move|p1a: Incineroar|Knock Off|p2a: Flutter Mane
|-damage|p2a: Flutter Mane|24/100
|-enditem|p2a: Flutter Mane|Focus Sash|[from] move: Knock Off|[of] p1a: Incineroar
|
|-weather|SunnyDay|[upkeep]
|upkeep
|turn|4
|
|t:|1750853440
|switch|p1b: Scovillain|Scovillain, L50, M|100/100
|move|p2a: Flutter Mane|Shadow Ball|p1b: Scovillain
|-damage|p1b: Scovillain|26/100
|-unboost|p1b: Scovillain|spd|1
|move|p2b: Groudon|Precipice Blades|p1a: Incineroar|[spread] p1a,p1b
|-supereffective|p1a: Incineroar
|-damage|p1a: Incineroar|0 fnt
|-damage|p1b: Scovillain|0 fnt
|faint|p1a: Incineroar
|faint|p1b: Scovillain
|
|-weather|SunnyDay|[upkeep]
|upkeep
|
|t:|1750853450
|switch|p1b: Calyrex|Calyrex-Shadow, L50|100/100
|-ability|p1b: Calyrex|As One
|-ability|p1b: Calyrex|Unnerve
|turn|5
|
|t:|1750853470
|switch|p2b: Ogerpon|Ogerpon-Hearthflame, L50, F|100/100
|-ability|p2b: Ogerpon|Mold Breaker
|move|p1b: Calyrex|Protect|p1b: Calyrex
|-singleturn|p1b: Calyrex|Protect
|move|p2a: Flutter Mane|Shadow Ball|p1b: Calyrex
|-activate|p1b: Calyrex|move: Protect
|
|-weather|none
|-end|p2a: Flutter Mane|Protosynthesis
|upkeep
|turn|6
|
|t:|1750853484
|switch|p2b: Groudon|Groudon, L50, tera:Fire|36/100
|-weather|SunnyDay|[from] ability: Drought|[of] p2b: Groudon
|-activate|p2a: Flutter Mane|ability: Protosynthesis
|-start|p2a: Flutter Mane|protosynthesisspe
|move|p2a: Flutter Mane|Shadow Ball|p1b: Calyrex
|-supereffective|p1b: Calyrex
|-damage|p1b: Calyrex|0 fnt
|faint|p1b: Calyrex
|
|win|mangime1233
|raw|Murkrow17's rating: 1430 &rarr; <strong>1414</strong><br />(-16 for losing)
|raw|mangime1233's rating: 1506 &rarr; <strong>1522</strong><br />(+16 for winning)
|l|☆Murkrow17
|player|p1|
|l|☆mangime1233
|player|p2|
