|j|☆Carajo666
|j|☆KuroiRyu1122
|t:|1750773735
|gametype|doubles
|player|p1|Carajo666|roughneck|1521
|player|p2|KuroiRyu1122|cilan|1435
|teamsize|p1|6
|teamsize|p2|6
|gen|9
|tier|[Gen 9] VGC 2025 Reg I
|rated|
|rule|Species Clause: Limit one of each Pokémon
|rule|Item Clause: Limit 1 of each item
|clearpoke
|poke|p1|Lunala, L50|
|poke|p1|Tyranitar, L50, F|
|poke|p1|Amoonguss, L50, M|
|poke|p1|Ho-Oh, L50|
|poke|p1|Excadrill, L50, M|
|poke|p1|Enamorus-Therian, L50, F|
|poke|p2|Muk-Alola, L50, M|
|poke|p2|Smeargle, L50, M|
|poke|p2|Calyrex-Shadow, L50|
|poke|p2|Zamazenta-*, L50|
|poke|p2|Urshifu-*, L50, M|
|poke|p2|Ditto, L50|
|teampreview|4
|inactive|Battle timer is ON: inactive players will automatically lose when time's up. (requested by KuroiRyu1122)
|inactive|Carajo666 has 60 seconds left.
|
|t:|1750773781
|start
|switch|p1a: Tyranitar|Tyranitar, L50, F|100/100
|switch|p1b: Amoonguss|Amoonguss, L50, M|100/100
|switch|p2a: Vô đạo|Muk-Alola, L50, M, shiny|100/100
|switch|p2b: Bất lương|Smeargle, L50, M, shiny|100/100
|-weather|Sandstorm|[from] ability: Sand Stream|[of] p1a: Tyranitar
|turn|1
|
|t:|1750773796
|-terastallize|p2a: Vô đạo|Grass
|move|p1b: Amoonguss|Rage Powder|p1b: Amoonguss
|-singleturn|p1b: Amoonguss|move: Rage Powder
|move|p2b: Bất lương|Spore|p1b: Amoonguss
|-immune|p1b: Amoonguss
|move|p1a: Tyranitar|Rock Slide|p2a: Vô đạo|[spread] p2a,p2b
|-damage|p2a: Vô đạo|75/100
|-damage|p2b: Bất lương|17/100
|cant|p2a: Vô đạo|flinch
|
|-weather|Sandstorm|[upkeep]
|-damage|p2b: Bất lương|11/100|[from] Sandstorm
|-damage|p2a: Vô đạo|68/100|[from] Sandstorm
|-damage|p1b: Amoonguss|95/100|[from] Sandstorm
|-heal|p2a: Vô đạo|75/100|[from] item: Leftovers
|-ability|p2b: Bất lương|Moody|boost
|-boost|p2b: Bất lương|def|2
|-unboost|p2b: Bất lương|spd|1
|upkeep
|turn|2
|
|t:|1750773824
|move|p2b: Bất lương|Baneful Bunker|p2b: Bất lương
|-singleturn|p2b: Bất lương|move: Protect
|move|p1b: Amoonguss|Rage Powder|p1b: Amoonguss
|-singleturn|p1b: Amoonguss|move: Rage Powder
|move|p1a: Tyranitar|Knock Off|p2a: Vô đạo
|-damage|p2a: Vô đạo|34/100
|-enditem|p2a: Vô đạo|Leftovers|[from] move: Knock Off|[of] p1a: Tyranitar
|move|p2a: Vô đạo|Minimize|p2a: Vô đạo
|-boost|p2a: Vô đạo|evasion|2
|
|-weather|Sandstorm|[upkeep]
|-damage|p2b: Bất lương|5/100|[from] Sandstorm
|-damage|p2a: Vô đạo|27/100|[from] Sandstorm
|-damage|p1b: Amoonguss|89/100|[from] Sandstorm
|-ability|p2b: Bất lương|Moody|boost
|-boost|p2b: Bất lương|spd|2
|-unboost|p2b: Bất lương|def|1
|upkeep
|turn|3
|
|t:|1750773842
|move|p1b: Amoonguss|Rage Powder|p1b: Amoonguss
|-singleturn|p1b: Amoonguss|move: Rage Powder
|move|p2b: Bất lương|Spore|p1b: Amoonguss
|-immune|p1b: Amoonguss
|move|p1a: Tyranitar|Rock Slide|p2b: Bất lương|[spread] p2a,p2b
|-damage|p2a: Vô đạo|6/100
|-damage|p2b: Bất lương|0 fnt
|faint|p2b: Bất lương
|-ability|p2a: Vô đạo|Moody|[from] ability: Power of Alchemy|[of] p2b: Bất lương
|move|p2a: Vô đạo|Knock Off|p1b: Amoonguss
|-damage|p1b: Amoonguss|61/100
|-damage|p2a: Vô đạo|0 fnt|[from] item: Rocky Helmet|[of] p1b: Amoonguss
|faint|p2a: Vô đạo
|
|-weather|Sandstorm|[upkeep]
|-damage|p1b: Amoonguss|56/100|[from] Sandstorm
|upkeep
|
|t:|1750773845
|switch|p2b: Tanky boy|Zamazenta-Crowned, L50|100/100
|switch|p2a: Horsey|Calyrex-Shadow, L50|100/100
|-ability|p2a: Horsey|As One
|-ability|p2a: Horsey|Unnerve
|-ability|p2b: Tanky boy|Dauntless Shield|boost
|-boost|p2b: Tanky boy|def|1
|turn|4
|inactive|KuroiRyu1122 has 30 seconds left.
|
|t:|1750773880
|-terastallize|p1a: Tyranitar|Grass
|move|p2a: Horsey|Protect|p2a: Horsey
|-singleturn|p2a: Horsey|Protect
|move|p2b: Tanky boy|Behemoth Bash|p1a: Tyranitar
|-damage|p1a: Tyranitar|69/100
|move|p1a: Tyranitar|Low Kick|p2b: Tanky boy
|-supereffective|p2b: Tanky boy
|-damage|p2b: Tanky boy|67/100
|move|p1b: Amoonguss|Pollen Puff|p1a: Tyranitar
|-heal|p1a: Tyranitar|100/100
|
|-weather|Sandstorm|[upkeep]
|-damage|p2a: Horsey|95/100|[from] Sandstorm
|-damage|p1a: Tyranitar|95/100|[from] Sandstorm
|-damage|p1b: Amoonguss|50/100|[from] Sandstorm
|upkeep
|turn|5
|
|t:|1750773894
|move|p1b: Amoonguss|Rage Powder|p1b: Amoonguss
|-singleturn|p1b: Amoonguss|move: Rage Powder
|move|p2a: Horsey|Psychic|p1b: Amoonguss
|-supereffective|p1b: Amoonguss
|-damage|p1b: Amoonguss|0 fnt
|faint|p1b: Amoonguss
|-ability|p2a: Horsey|Grim Neigh|boost
|-boost|p2a: Horsey|spa|1
|-damage|p2a: Horsey|85/100|[from] item: Life Orb
|move|p2b: Tanky boy|Body Press|p1a: Tyranitar
|-damage|p1a: Tyranitar|40/100
|move|p1a: Tyranitar|Knock Off|p2a: Horsey
|-supereffective|p2a: Horsey
|-damage|p2a: Horsey|0 fnt
|-enditem|p2a: Horsey|Life Orb|[from] move: Knock Off|[of] p1a: Tyranitar
|faint|p2a: Horsey
|
|-weather|none
|upkeep
|
|t:|1750773909
|switch|p1b: Ho-Oh|Ho-Oh, L50|100/100
|turn|6
|
|t:|1750773914
|move|p2b: Tanky boy|Body Press|p1a: Tyranitar
|-damage|p1a: Tyranitar|0 fnt
|faint|p1a: Tyranitar
|move|p1b: Ho-Oh|Sacred Fire|p2b: Tanky boy
|-supereffective|p2b: Tanky boy
|-damage|p2b: Tanky boy|26/100
|-status|p2b: Tanky boy|brn
|
|-damage|p2b: Tanky boy|20/100 brn|[from] brn
|upkeep
|
|t:|1750773917
|switch|p1a: Excadrill|Excadrill, L50, M|100/100
|turn|7
|
|t:|1750773921
|move|p2b: Tanky boy|Body Press|p1a: Excadrill
|-supereffective|p1a: Excadrill
|-damage|p1a: Excadrill|6/100
|move|p1a: Excadrill|Earthquake|p2b: Tanky boy|[spread] p2b
|-immune|p1b: Ho-Oh
|-supereffective|p2b: Tanky boy
|-damage|p2b: Tanky boy|0 fnt
|faint|p2b: Tanky boy
|
|win|Carajo666
|raw|Carajo666's rating: 1521 &rarr; <strong>1536</strong><br />(+15 for winning)
|raw|KuroiRyu1122's rating: 1435 &rarr; <strong>1420</strong><br />(-15 for losing)
|l|☆KuroiRyu1122
|player|p2|
|c|☆Carajo666|ggs
|l|☆Carajo666
|player|p1|
