|j|☆bryght
|j|☆marcxhenry
|t:|1750832154
|gametype|doubles
|player|p1|bryght|scientist-gen4|1513
|player|p2|marcxhenry|plasmagrunt-gen5bw|1559
|teamsize|p1|6
|teamsize|p2|6
|gen|9
|tier|[Gen 9] VGC 2025 Reg I
|rated|
|rule|Species Clause: Limit one of each Pokémon
|rule|Item Clause: Limit 1 of each item
|clearpoke
|poke|p1|Calyrex-Shadow, L50|
|poke|p1|Zamazenta-*, L50|
|poke|p1|Incineroar, L50, F|
|poke|p1|Rillaboom, L50, F|
|poke|p1|Ogerpon-Hearthflame, L50, F|
|poke|p1|Raging Bolt, L50|
|poke|p2|Calyrex-Shadow, L50|
|poke|p2|Urshifu-*, L50, M|
|poke|p2|Tsareena, L50, F|
|poke|p2|Roaring Moon, L50|
|poke|p2|Kyogre, L50|
|poke|p2|Kingambit, L50, M|
|teampreview|4
|inactive|Battle timer is ON: inactive players will automatically lose when time's up. (requested by bryght)
bryght has agreed to open team sheets.
|
|t:|1750832180
|start
|switch|p1a: Zamazenta|Zamazenta-Crowned, L50|100/100
|switch|p1b: Calyrex|Calyrex-Shadow, L50|100/100
|switch|p2a: Tirpitz|Kyogre, L50, shiny|100/100
|switch|p2b: Roter Baron|Roaring Moon, L50, shiny|100/100
|-ability|p1b: Calyrex|As One
|-ability|p1b: Calyrex|Unnerve
|-ability|p1a: Zamazenta|Dauntless Shield|boost
|-boost|p1a: Zamazenta|def|1
|-weather|RainDance|[from] ability: Drizzle|[of] p2a: Tirpitz
|-enditem|p2b: Roter Baron|Booster Energy
|-activate|p2b: Roter Baron|ability: Protosynthesis|[fromitem]
|-start|p2b: Roter Baron|protosynthesisspe
|turn|1
|inactive|marcxhenry has 30 seconds left.
|
|t:|1750832206
|-terastallize|p1b: Calyrex|Dark
|move|p1a: Zamazenta|Wide Guard|p1a: Zamazenta
|-singleturn|p1a: Zamazenta|Wide Guard
|move|p2b: Roter Baron|Tailwind|p2b: Roter Baron
|-sidestart|p2: marcxhenry|move: Tailwind
|move|p2a: Tirpitz|Hydro Pump|p1a: Zamazenta|[miss]
|-miss|p2a: Tirpitz|p1a: Zamazenta
|move|p1b: Calyrex|Astral Barrage|p2a: Tirpitz|[spread] p2a,p2b
|-resisted|p2b: Roter Baron
|-damage|p2a: Tirpitz|45/100
|-damage|p2b: Roter Baron|70/100
|-damage|p1b: Calyrex|91/100|[from] item: Life Orb
|
|-weather|RainDance|[upkeep]
|upkeep
|turn|2
|
|t:|1750832233
|-terastallize|p2b: Roter Baron|Flying
|move|p1a: Zamazenta|Wide Guard|p1a: Zamazenta
|-singleturn|p1a: Zamazenta|Wide Guard
|move|p2b: Roter Baron|Acrobatics|p1a: Zamazenta
|-damage|p1a: Zamazenta|82/100
|move|p2a: Tirpitz|Hydro Pump|p1b: Calyrex
|-damage|p1b: Calyrex|0 fnt
|faint|p1b: Calyrex
|
|-weather|RainDance|[upkeep]
|upkeep
|
|t:|1750832247
|switch|p1b: Rillaboom|Rillaboom, L50, F|100/100
|-fieldstart|move: Grassy Terrain|[from] ability: Grassy Surge|[of] p1b: Rillaboom
|turn|3
|
|t:|1750832263
|switch|p2a: Hitmonshe|Tsareena, L50, F, shiny|100/100
|move|p1b: Rillaboom|Fake Out||[still]
|cant|p2a: Hitmonshe|ability: Queenly Majesty|Fake Out|[of] p1b: Rillaboom
|move|p2b: Roter Baron|Acrobatics|p1b: Rillaboom
|-supereffective|p1b: Rillaboom
|-damage|p1b: Rillaboom|0 fnt
|faint|p1b: Rillaboom
|move|p1a: Zamazenta|Body Press|p2a: Hitmonshe
|-damage|p2a: Hitmonshe|21/100
|
|-weather|RainDance|[upkeep]
|-heal|p2a: Hitmonshe|26/100|[from] Grassy Terrain
|-heal|p1a: Zamazenta|88/100|[from] Grassy Terrain
|upkeep
|
|t:|1750832266
|switch|p1b: Incineroar|Incineroar, L50, F|100/100
|-ability|p1b: Incineroar|Intimidate|boost
|-unboost|p2a: Hitmonshe|atk|1
|-unboost|p2b: Roter Baron|atk|1
|turn|4
|
|t:|1750832281
|move|p2b: Roter Baron|Protect|p2b: Roter Baron
|-singleturn|p2b: Roter Baron|Protect
|move|p2a: Hitmonshe|Taunt|p1a: Zamazenta
|-start|p1a: Zamazenta|move: Taunt
|move|p1a: Zamazenta|Body Press|p2b: Roter Baron
|-activate|p2b: Roter Baron|move: Protect
|move|p1b: Incineroar|Knock Off|p2b: Roter Baron
|-activate|p2b: Roter Baron|move: Protect
|
|-weather|RainDance|[upkeep]
|-heal|p2a: Hitmonshe|32/100|[from] Grassy Terrain
|-heal|p1a: Zamazenta|94/100|[from] Grassy Terrain
|-sideend|p2: marcxhenry|move: Tailwind
|upkeep
|turn|5
|-message|bryght forfeited.
|
|win|marcxhenry
|raw|bryght's rating: 1513 &rarr; <strong>1496</strong><br />(-17 for losing)
|raw|marcxhenry's rating: 1559 &rarr; <strong>1576</strong><br />(+17 for winning)
|l|☆bryght
|player|p1|
|l|☆marcxhenry
|player|p2|
