|j|☆dr. shio
|j|☆Cancallkirby
|t:|1750855800
|gametype|doubles
|player|p1|dr. shio|dawn|1162
|player|p2|Cancallkirby|veteran|1124
|teamsize|p1|6
|teamsize|p2|6
|gen|9
|tier|[Gen 9] VGC 2025 Reg I
|rated|
|rule|Species Clause: Limit one of each Pokémon
|rule|Item Clause: Limit 1 of each item
|clearpoke
|poke|p1|Giratina, L50|
|poke|p1|Koraidon, L50|
|poke|p1|Riolu, L50, F|
|poke|p1|Indeedee-F, L50, F|
|poke|p1|Roaring Moon, L50|
|poke|p1|Incineroar, L50, M|
|poke|p2|Raging Bolt, L50|
|poke|p2|Koraidon, L50|
|poke|p2|Flutter Mane, L50|
|poke|p2|Zacian-*, L50|
|poke|p2|Glaceon, L50, F|
|poke|p2|Abomasnow, L50, F|
|teampreview|4
|inactive|Battle timer is ON: inactive players will automatically lose when time's up. (requested by Cancallkirby)
Cancallkirby rejected open team sheets.
|inactive|dr. shio has 60 seconds left.
|
|t:|1750855854
|start
|switch|p1a: Incineroar|Incineroar, L50, M, shiny|100/100
|switch|p1b: Roaring Moon|Roaring Moon, L50, shiny|100/100
|switch|p2a: Raging Bolt|Raging Bolt, L50|100/100
|switch|p2b: Flutter Mane|Flutter Mane, L50|100/100
|-ability|p1a: Incineroar|Intimidate|boost
|-unboost|p2a: Raging Bolt|atk|1
|-unboost|p2b: Flutter Mane|atk|1
|-enditem|p1b: Roaring Moon|Booster Energy
|-activate|p1b: Roaring Moon|ability: Protosynthesis|[fromitem]
|-start|p1b: Roaring Moon|protosynthesisatk
|turn|1
|inactive|dr. shio has 30 seconds left.
|inactive|dr. shio has 20 seconds left.
|
|t:|1750855891
|-terastallize|p2a: Raging Bolt|Fire
|move|p1b: Roaring Moon|Protect|p1b: Roaring Moon
|-singleturn|p1b: Roaring Moon|Protect
|move|p1a: Incineroar|Fake Out|p2a: Raging Bolt
|-damage|p2a: Raging Bolt|91/100
|move|p2b: Flutter Mane|Hyper Voice|p1a: Incineroar|[spread] p1a
|-activate|p1b: Roaring Moon|move: Protect
|-damage|p1a: Incineroar|84/100
|-enditem|p2b: Flutter Mane|Throat Spray
|-boost|p2b: Flutter Mane|spa|1|[from] item: Throat Spray
|cant|p2a: Raging Bolt|flinch
|
|upkeep
|turn|2
|inactive|dr. shio has 30 seconds left.
|
|t:|1750855919
|-terastallize|p1b: Roaring Moon|Poison
|move|p2b: Flutter Mane|Dazzling Gleam|p1b: Roaring Moon|[spread] p1a,p1b
|-resisted|p1b: Roaring Moon
|-damage|p1a: Incineroar|51/100
|-damage|p1b: Roaring Moon|81/100
|move|p1b: Roaring Moon|Tailwind|p1b: Roaring Moon
|-sidestart|p1: dr. shio|move: Tailwind
|move|p1a: Incineroar|Darkest Lariat|p2b: Flutter Mane
|-damage|p2b: Flutter Mane|28/100
|move|p2a: Raging Bolt|Weather Ball|p1a: Incineroar
|-damage|p1a: Incineroar|33/100
|
|upkeep
|turn|3
|inactive|dr. shio has 30 seconds left.
|
|t:|1750855945
|move|p1b: Roaring Moon|Knock Off|p2b: Flutter Mane
|-damage|p2b: Flutter Mane|0 fnt
|faint|p2b: Flutter Mane
|-end|p2b: Flutter Mane|Protosynthesis|[silent]
|move|p1a: Incineroar|U-turn|p2a: Raging Bolt
|-resisted|p2a: Raging Bolt
|-damage|p2a: Raging Bolt|83/100
|
|t:|1750855957
|switch|p1a: Souabway|Koraidon, L50|100/100|[from] U-turn
|-weather|SunnyDay|[from] ability: Orichalcum Pulse|[of] p1a: Souabway
|-activate|p2a: Raging Bolt|ability: Protosynthesis
|-start|p2a: Raging Bolt|protosynthesisspa
|-activate|p1a: Souabway|Orichalcum Pulse|[source]
|move|p2a: Raging Bolt|Weather Ball|p1a: Souabway
|-resisted|p1a: Souabway
|-damage|p1a: Souabway|10/100
|
|-weather|SunnyDay|[upkeep]
|upkeep
|
|t:|1750855969
|switch|p2b: Zacian|Zacian-Crowned, L50|100/100
|-ability|p2b: Zacian|Intrepid Sword|boost
|-boost|p2b: Zacian|atk|1
|turn|4
|
|t:|1750855993
|move|p1a: Souabway|U-turn|p2a: Raging Bolt
|-resisted|p2a: Raging Bolt
|-damage|p2a: Raging Bolt|69/100
|
|t:|1750855996
|switch|p1a: Incineroar|Incineroar, L50, M, shiny|33/100|[from] U-turn
|-ability|p1a: Incineroar|Intimidate|boost
|-unboost|p2a: Raging Bolt|atk|1
|-unboost|p2b: Zacian|atk|1
|move|p1b: Roaring Moon|Knock Off|p2a: Raging Bolt
|-damage|p2a: Raging Bolt|20/100
|-enditem|p2a: Raging Bolt|Choice Specs|[from] move: Knock Off|[of] p1b: Roaring Moon
|move|p2b: Zacian|Behemoth Blade|p1b: Roaring Moon
|-damage|p1b: Roaring Moon|33/100
|move|p2a: Raging Bolt|Weather Ball|p1a: Incineroar
|-resisted|p1a: Incineroar
|-damage|p1a: Incineroar|0 fnt
|faint|p1a: Incineroar
|
|-weather|SunnyDay|[upkeep]
|upkeep
|
|t:|1750856019
|switch|p1a: Souabway|Koraidon, L50|10/100
|-activate|p1a: Souabway|ability: Orichalcum Pulse
|turn|5
|
|t:|1750856032
|move|p1a: Souabway|U-turn|p2a: Raging Bolt
|-resisted|p2a: Raging Bolt
|-crit|p2a: Raging Bolt
|-damage|p2a: Raging Bolt|0 fnt
|faint|p2a: Raging Bolt
|-end|p2a: Raging Bolt|Protosynthesis|[silent]
|
|t:|1750856037
|switch|p1a: Saigo|Giratina, L50, shiny|100/100|[from] U-turn
|-ability|p1a: Saigo|Pressure
|move|p1b: Roaring Moon|Knock Off|p2b: Zacian
|-resisted|p2b: Zacian
|-damage|p2b: Zacian|81/100
|move|p2b: Zacian|Behemoth Blade|p1b: Roaring Moon
|-damage|p1b: Roaring Moon|0 fnt
|faint|p1b: Roaring Moon
|-end|p1b: Roaring Moon|Protosynthesis|[silent]
|
|-weather|SunnyDay|[upkeep]
|-sideend|p1: dr. shio|move: Tailwind
|upkeep
|
|t:|1750856052
|switch|p1b: Souabway|Koraidon, L50|10/100
|switch|p2a: Koraidon|Koraidon, L50|100/100
|-activate|p2a: Koraidon|ability: Orichalcum Pulse
|-activate|p1b: Souabway|ability: Orichalcum Pulse
|turn|6
|inactive|Cancallkirby has 30 seconds left.
|inactive|Cancallkirby has 20 seconds left.
|
|t:|1750856087
|move|p2a: Koraidon|Iron Head|p1a: Saigo
|-damage|p1a: Saigo|80/100
|move|p1b: Souabway|Flare Blitz|p2b: Zacian
|-supereffective|p2b: Zacian
|-damage|p2b: Zacian|0 fnt
|faint|p2b: Zacian
|-damage|p1b: Souabway|0 fnt|[from] Recoil
|faint|p1b: Souabway
|move|p1a: Saigo|Dragon Pulse|p2a: Koraidon
|-supereffective|p2a: Koraidon
|-damage|p2a: Koraidon|34/100
|
|-weather|SunnyDay|[upkeep]
|-heal|p1a: Saigo|86/100|[from] item: Leftovers
|upkeep
|turn|7
|
|t:|1750856103
|move|p2a: Koraidon|Iron Head|p1a: Saigo
|-damage|p1a: Saigo|67/100
|move|p1a: Saigo|Dragon Pulse|p2a: Koraidon
|-supereffective|p2a: Koraidon
|-crit|p2a: Koraidon
|-damage|p2a: Koraidon|0 fnt
|faint|p2a: Koraidon
|
|win|dr. shio
|raw|dr. shio's rating: 1162 &rarr; <strong>1184</strong><br />(+22 for winning)
|raw|Cancallkirby's rating: 1124 &rarr; <strong>1102</strong><br />(-22 for losing)
|l|☆Cancallkirby
|player|p2|
|c|☆dr. shio|gg like the scarf koriiadon
