|j|☆kenpin
|j|☆Acorbett45
|t:|1750869262
|gametype|doubles
|player|p1|kenpin|1|1161
|player|p2|Acorbett45|169|1257
|teamsize|p1|6
|teamsize|p2|6
|gen|9
|tier|[Gen 9] VGC 2025 Reg I
|rated|
|rule|Species Clause: Limit one of each Pokémon
|rule|Item Clause: Limit 1 of each item
|clearpoke
|poke|p1|Kommo-o, L50, M|
|poke|p1|Clefairy, L50, M|
|poke|p1|Sinistcha-Masterpiece, L50|
|poke|p1|Snorlax, L50, M|
|poke|p1|Gholdengo, L50|
|poke|p1|Rillaboom, L50, F|
|poke|p2|Whimsicott, L50, M|
|poke|p2|Incineroar, L50, F|
|poke|p2|Flutter Mane, L50|
|poke|p2|Archaludon, L50, F|
|poke|p2|Groudon, L50|
|poke|p2|Chi-Yu, L50|
|teampreview|4
|inactive|Battle timer is ON: inactive players will automatically lose when time's up. (requested by Acorbett45)
|
|t:|1750869288
|start
|switch|p1a: Kommo-o|Kommo-o, L50, M|100/100
|switch|p1b: Clefairy|Clefairy, L50, M|100/100
|switch|p2a: Archaludon|Archaludon, L50, F|100/100
|switch|p2b: Flutter Mane|Flutter Mane, L50|100/100
|turn|1
|
|t:|1750869317
|-terastallize|p1a: Kommo-o|Steel
|-terastallize|p2a: Archaludon|Electric
|move|p2b: Flutter Mane|Protect|p2b: Flutter Mane
|-singleturn|p2b: Flutter Mane|Protect
|move|p1a: Kommo-o|Clangorous Soul|p1a: Kommo-o
|-boost|p1a: Kommo-o|atk|1
|-boost|p1a: Kommo-o|def|1
|-boost|p1a: Kommo-o|spa|1
|-boost|p1a: Kommo-o|spd|1
|-boost|p1a: Kommo-o|spe|1
|-damage|p1a: Kommo-o|68/100
|-enditem|p1a: Kommo-o|Throat Spray
|-boost|p1a: Kommo-o|spa|1|[from] item: Throat Spray
|move|p2a: Archaludon|Electro Shot||[still]
|-prepare|p2a: Archaludon|Electro Shot
|-boost|p2a: Archaludon|spa|1
|-enditem|p2a: Archaludon|Power Herb
|-anim|p2a: Archaludon|Electro Shot|p1b: Clefairy
|-damage|p1b: Clefairy|23/100
|move|p1b: Clefairy|Heal Pulse|p1a: Kommo-o
|-heal|p1a: Kommo-o|100/100
|
|upkeep
|turn|2
|inactive|kenpin has 30 seconds left.
|inactive|Acorbett45 has 30 seconds left.
|inactive|kenpin has 20 seconds left.
|inactive|Acorbett45 has 20 seconds left.
|inactive|Acorbett45 has 15 seconds left.
|inactive|Acorbett45 has 10 seconds left.
|inactive|Acorbett45 has 5 seconds left.
|
|t:|1750869368
|move|p1b: Clefairy|Follow Me|p1b: Clefairy
|-singleturn|p1b: Clefairy|move: Follow Me
|move|p1a: Kommo-o|Clangorous Soul|p1a: Kommo-o
|-boost|p1a: Kommo-o|atk|1
|-boost|p1a: Kommo-o|def|1
|-boost|p1a: Kommo-o|spa|1
|-boost|p1a: Kommo-o|spd|1
|-boost|p1a: Kommo-o|spe|1
|-damage|p1a: Kommo-o|68/100
|move|p2b: Flutter Mane|Moonblast|p1b: Clefairy
|-damage|p1b: Clefairy|0 fnt
|faint|p1b: Clefairy
|-damage|p2b: Flutter Mane|90/100|[from] item: Life Orb
|move|p2a: Archaludon|Draco Meteor|p1a: Kommo-o
|-resisted|p1a: Kommo-o
|-damage|p1a: Kommo-o|40/100
|-unboost|p2a: Archaludon|spa|2
|
|upkeep
|
|t:|1750869383
|switch|p1b: Sinistcha|Sinistcha-Masterpiece, L50, shiny|100/100
|-heal|p1a: Kommo-o|64/100|[from] ability: Hospitality|[of] p1b: Sinistcha
|turn|3
|
|t:|1750869398
|move|p2b: Flutter Mane|Protect|p2b: Flutter Mane
|-singleturn|p2b: Flutter Mane|Protect
|move|p1b: Sinistcha|Rage Powder|p1b: Sinistcha
|-singleturn|p1b: Sinistcha|move: Rage Powder
|move|p1a: Kommo-o|Flash Cannon|p2b: Flutter Mane
|-activate|p2b: Flutter Mane|move: Protect
|move|p2a: Archaludon|Thunderbolt|p1a: Kommo-o
|-damage|p1a: Kommo-o|46/100
|
|upkeep
|turn|4
|
|t:|1750869420
|-end|p2b: Flutter Mane|Protosynthesis|[silent]
|switch|p2b: Groudon|Groudon, L50|100/100
|-weather|SunnyDay|[from] ability: Drought|[of] p2b: Groudon
|switch|p2a: Chi-Yu|Chi-Yu, L50|100/100
|-ability|p2a: Chi-Yu|Beads of Ruin
|move|p1a: Kommo-o|Clanging Scales|p2b: Groudon|[spread] p2a,p2b
|-damage|p2a: Chi-Yu|0 fnt
|-damage|p2b: Groudon|0 fnt
|faint|p2a: Chi-Yu
|faint|p2b: Groudon
|-unboost|p1a: Kommo-o|def|1
|move|p1b: Sinistcha|Matcha Gotcha|p2: Chi-Yu|[notarget]
|-fail|p1b: Sinistcha
|
|-weather|SunnyDay|[upkeep]
|upkeep
|
|t:|1750869430
|switch|p2a: Archaludon|Archaludon, L50, F, tera:Electric|100/100
|switch|p2b: Flutter Mane|Flutter Mane, L50|90/100
|-activate|p2b: Flutter Mane|ability: Protosynthesis
|-start|p2b: Flutter Mane|protosynthesisspe
|turn|5
|
|t:|1750869445
|move|p1a: Kommo-o|Flash Cannon|p2b: Flutter Mane
|-supereffective|p2b: Flutter Mane
|-damage|p2b: Flutter Mane|0 fnt
|faint|p2b: Flutter Mane
|-end|p2b: Flutter Mane|Protosynthesis|[silent]
|move|p2a: Archaludon|Draco Meteor|p1a: Kommo-o
|-resisted|p1a: Kommo-o
|-crit|p1a: Kommo-o
|-damage|p1a: Kommo-o|0 fnt
|-unboost|p2a: Archaludon|spa|2
|faint|p1a: Kommo-o
|move|p1b: Sinistcha|Matcha Gotcha|p2a: Archaludon
|-damage|p2a: Archaludon|61/100
|
|-weather|SunnyDay|[upkeep]
|upkeep
|-message|Acorbett45 forfeited.
|
|win|kenpin
|raw|kenpin's rating: 1161 &rarr; <strong>1193</strong><br />(+32 for winning)
|raw|Acorbett45's rating: 1257 &rarr; <strong>1225</strong><br />(-32 for losing)
|l|☆Acorbett45
|player|p2|
|l|☆kenpin
|player|p1|
