|j|☆condret
|j|☆esael.bernal
|t:|1750728158
|gametype|doubles
|player|p1|condret|169|1100
|player|p2|esael.bernal|170|1108
|teamsize|p1|6
|teamsize|p2|6
|gen|9
|tier|[Gen 9] VGC 2025 Reg I
|rated|
|rule|Species Clause: Limit one of each Pokémon
|rule|Item Clause: Limit 1 of each item
|clearpoke
|poke|p1|Miraidon, L50|
|poke|p1|Entei, L50|
|poke|p1|Gastrodon-East, L50, F|
|poke|p1|Grimmsnarl, L50, M|
|poke|p1|Lunala, L50|
|poke|p1|Conkeldurr, L50, M|
|poke|p2|Calyrex-Ice, L50|
|poke|p2|Whimsicott, L50, M|
|poke|p2|Urshifu-*, L50, M|
|poke|p2|Flutter Mane, L50|
|poke|p2|Incineroar, L50, F|
|poke|p2|Amoonguss, L50, F|
|teampreview|4
|
|t:|1750728199
|start
|switch|p1a: Entei|Entei, L50|100/100
|switch|p1b: Grimmsnarl|Grimmsnarl, L50, M|100/100
|switch|p2a: Whimsicott|Whimsicott, L50, M|100/100
|switch|p2b: Incineroar|Incineroar, L50, F|100/100
|-ability|p2b: Incineroar|Intimidate|boost
|-fail|p1a: Entei|unboost|Attack|[from] ability: Inner Focus|[of] p1a: Entei
|-unboost|p1b: Grimmsnarl|atk|1
|turn|1
|
|t:|1750728224
|move|p2b: Incineroar|Fake Out|p1a: Entei
|-crit|p1a: Entei
|-damage|p1a: Entei|82/100
|move|p1b: Grimmsnarl|Fake Out|p2a: Whimsicott
|-damage|p2a: Whimsicott|93/100
|cant|p2a: Whimsicott|flinch
|move|p1a: Entei|Substitute|p1a: Entei
|-start|p1a: Entei|Substitute
|-damage|p1a: Entei|57/100
|
|-heal|p1a: Entei|63/100|[from] item: Leftovers
|upkeep
|turn|2
|
|t:|1750728262
|move|p2a: Whimsicott|Tailwind|p2a: Whimsicott
|-sidestart|p2: esael.bernal|move: Tailwind
|move|p2b: Incineroar|Knock Off|p1a: Entei
|-end|p1a: Entei|Substitute
|move|p1a: Entei|Sacred Fire|p2a: Whimsicott
|-supereffective|p2a: Whimsicott
|-crit|p2a: Whimsicott
|-damage|p2a: Whimsicott|0 fnt
|faint|p2a: Whimsicott
|move|p1b: Grimmsnarl|Spirit Break|p2b: Incineroar
|-damage|p2b: Incineroar|81/100
|-unboost|p2b: Incineroar|spa|1
|-damage|p1b: Grimmsnarl|84/100|[from] item: Rocky Helmet|[of] p2b: Incineroar
|
|-heal|p1a: Entei|69/100|[from] item: Leftovers
|upkeep
|
|t:|1750728269
|switch|p2a: Calyrex|Calyrex-Ice, L50|100/100
|-ability|p2a: Calyrex|As One
|-ability|p2a: Calyrex|Unnerve
|turn|3
|
|t:|1750728283
|-terastallize|p2a: Calyrex|Ice
|move|p1a: Entei|Protect|p1a: Entei
|-singleturn|p1a: Entei|Protect
|move|p1b: Grimmsnarl|Trick|p2a: Calyrex
|-activate|p1b: Grimmsnarl|move: Trick|[of] p2a: Calyrex
|-item|p2a: Calyrex|Lagging Tail|[from] move: Trick
|-item|p1b: Grimmsnarl|Choice Band|[from] move: Trick
|move|p2b: Incineroar|Parting Shot|p1b: Grimmsnarl
|-unboost|p1b: Grimmsnarl|atk|1
|-unboost|p1b: Grimmsnarl|spa|1
|
|t:|1750728293
|switch|p2b: Flutter Mane|Flutter Mane, L50|100/100|[from] Parting Shot
|-enditem|p2b: Flutter Mane|Booster Energy
|-activate|p2b: Flutter Mane|ability: Protosynthesis|[fromitem]
|-start|p2b: Flutter Mane|protosynthesisspd
|move|p2a: Calyrex|Glacial Lance|p1b: Grimmsnarl|[spread] p1b
|-activate|p1a: Entei|move: Protect
|-damage|p1b: Grimmsnarl|9/100
|
|-heal|p1a: Entei|75/100|[from] item: Leftovers
|upkeep
|turn|4
|
|t:|1750728320
|move|p1b: Grimmsnarl|Parting Shot|p2b: Flutter Mane
|-unboost|p2b: Flutter Mane|atk|1
|-unboost|p2b: Flutter Mane|spa|1
|
|t:|1750728323
|switch|p1b: Gastrodon|Gastrodon-East, L50, F|100/100|[from] Parting Shot
|move|p2b: Flutter Mane|Dazzling Gleam|p1a: Entei|[spread] p1a,p1b
|-resisted|p1a: Entei
|-damage|p1a: Entei|67/100
|-damage|p1b: Gastrodon|88/100
|move|p1a: Entei|Sacred Fire|p2a: Calyrex
|-supereffective|p2a: Calyrex
|-damage|p2a: Calyrex|37/100
|move|p2a: Calyrex|Glacial Lance|p1a: Entei|[spread] p1a,p1b
|-resisted|p1a: Entei
|-damage|p1a: Entei|27/100
|-damage|p1b: Gastrodon|0 fnt
|faint|p1b: Gastrodon
|-ability|p2a: Calyrex|Chilling Neigh|boost
|-boost|p2a: Calyrex|atk|1
|
|-heal|p1a: Entei|33/100|[from] item: Leftovers
|upkeep
|
|t:|1750728341
|switch|p1b: Miraidon|Miraidon, L50|100/100
|-fieldstart|move: Electric Terrain|[from] ability: Hadron Engine|[of] p1b: Miraidon
|turn|5
|
|t:|1750728355
|-terastallize|p1b: Miraidon|Fairy
|move|p1a: Entei|Protect|p1a: Entei
|-singleturn|p1a: Entei|Protect
|move|p2b: Flutter Mane|Dazzling Gleam|p1b: Miraidon|[spread] p1b
|-activate|p1a: Entei|move: Protect
|-damage|p1b: Miraidon|90/100
|move|p1b: Miraidon|Flash Cannon|p2a: Calyrex
|-supereffective|p2a: Calyrex
|-damage|p2a: Calyrex|0 fnt
|faint|p2a: Calyrex
|
|-heal|p1a: Entei|39/100|[from] item: Leftovers
|-sideend|p2: esael.bernal|move: Tailwind
|upkeep
|
|t:|1750728363
|switch|p2a: Incineroar|Incineroar, L50, F|81/100
|-ability|p2a: Incineroar|Intimidate|boost
|-fail|p1a: Entei|unboost|Attack|[from] ability: Inner Focus|[of] p1a: Entei
|-unboost|p1b: Miraidon|atk|1
|turn|6
|
|t:|1750728392
|move|p2a: Incineroar|Fake Out|p1b: Miraidon
|-damage|p1b: Miraidon|78/100
|cant|p1b: Miraidon|flinch
|move|p2b: Flutter Mane|Calm Mind|p2b: Flutter Mane
|-boost|p2b: Flutter Mane|spa|1
|-boost|p2b: Flutter Mane|spd|1
|move|p1a: Entei|Sacred Fire|p2b: Flutter Mane
|-damage|p2b: Flutter Mane|15/100
|
|-heal|p1a: Entei|45/100|[from] item: Leftovers
|upkeep
|turn|7
|
|t:|1750728415
|move|p1a: Entei|Protect|p1a: Entei
|-singleturn|p1a: Entei|Protect
|move|p1b: Miraidon|Volt Switch|p2b: Flutter Mane
|-damage|p2b: Flutter Mane|0 fnt
|faint|p2b: Flutter Mane
|-end|p2b: Flutter Mane|Protosynthesis|[silent]
|
|t:|1750728421
|switch|p1b: Grimmsnarl|Grimmsnarl, L50, M|9/100|[from] Volt Switch
|move|p2a: Incineroar|Parting Shot|p1b: Grimmsnarl
|-unboost|p1b: Grimmsnarl|atk|1
|-unboost|p1b: Grimmsnarl|spa|1
|
|-heal|p1a: Entei|51/100|[from] item: Leftovers
|upkeep
|turn|8
|
|t:|1750728441
|move|p1a: Entei|Sacred Fire|p2a: Incineroar
|-resisted|p2a: Incineroar
|-crit|p2a: Incineroar
|-damage|p2a: Incineroar|43/100
|move|p2a: Incineroar|Darkest Lariat|p1a: Entei
|-damage|p1a: Entei|13/100
|move|p1b: Grimmsnarl|Spirit Break|p2a: Incineroar
|-damage|p2a: Incineroar|16/100
|-unboost|p2a: Incineroar|spa|1
|-damage|p1b: Grimmsnarl|0 fnt|[from] item: Rocky Helmet|[of] p2a: Incineroar
|faint|p1b: Grimmsnarl
|
|-heal|p1a: Entei|19/100|[from] item: Leftovers
|upkeep
|
|t:|1750728455
|switch|p1b: Miraidon|Miraidon, L50, tera:Fairy|78/100
|-activate|p1b: Miraidon|ability: Hadron Engine
|turn|9
|
|t:|1750728462
|move|p1b: Miraidon|Electro Drift|p2a: Incineroar
|-damage|p2a: Incineroar|0 fnt
|-damage|p1b: Miraidon|61/100|[from] item: Rocky Helmet|[of] p2a: Incineroar
|faint|p2a: Incineroar
|
|win|condret
|raw|condret's rating: 1100 &rarr; <strong>1126</strong><br />(+26 for winning)
|raw|esael.bernal's rating: 1108 &rarr; <strong>1082</strong><br />(-26 for losing)
|l|☆esael.bernal
|player|p2|
