|j|☆ZodiacSheep
|j|☆Frakub
|t:|1750713456
|gametype|doubles
|player|p1|ZodiacSheep|falkner|1606
|player|p2|Frakub|acetrainer-gen4dp|1554
|teamsize|p1|6
|teamsize|p2|6
|gen|9
|tier|[Gen 9] VGC 2025 Reg I
|rated|
|rule|Species Clause: Limit one of each Pokémon
|rule|Item Clause: Limit 1 of each item
|clearpoke
|poke|p1|Calyrex-Ice, L50|
|poke|p1|Kyogre, L50|
|poke|p1|Iron Jugulis, L50|
|poke|p1|Urshifu-*, L50, F|
|poke|p1|Rhyperior, L50, F|
|poke|p1|Amoonguss, L50, F|
|poke|p2|Lunala, L50|
|poke|p2|Grimmsnarl, L50, M|
|poke|p2|Incineroar, L50, M|
|poke|p2|Rillaboom, L50, M|
|poke|p2|Koraidon, L50|
|poke|p2|Brute Bonnet, L50|
|teampreview|4
|inactive|Battle timer is ON: inactive players will automatically lose when time's up. (requested by Frakub)
|inactive|ZodiacSheep also wants the timer to be on.
|j| Prasoooon
|inactive|ZodiacSheep has 60 seconds left.
|
|t:|1750713505
|start
|switch|p1a: Calyrex|Calyrex-Ice, L50|100/100
|switch|p1b: Iron Jugulis|Iron Jugulis, L50|100/100
|switch|p2a: Lunala|Lunala, L50|100/100
|switch|p2b: Rillaboom|Rillaboom, L50, M|100/100
|-ability|p1a: Calyrex|As One
|-ability|p1a: Calyrex|Unnerve
|-fieldstart|move: Grassy Terrain|[from] ability: Grassy Surge|[of] p2b: Rillaboom
|-enditem|p1b: Iron Jugulis|Booster Energy
|-activate|p1b: Iron Jugulis|ability: Quark Drive|[fromitem]
|-start|p1b: Iron Jugulis|quarkdrivespe
|turn|1
|
|t:|1750713518
|-terastallize|p2a: Lunala|Fairy
|-terastallize|p1a: Calyrex|Grass
|move|p2b: Rillaboom|Fake Out|p1a: Calyrex
|-damage|p1a: Calyrex|92/100
|move|p1b: Iron Jugulis|Snarl|p2b: Rillaboom|[spread] p2a,p2b
|-resisted|p2a: Lunala
|-damage|p2a: Lunala|98/100
|-damage|p2b: Rillaboom|90/100
|-unboost|p2a: Lunala|spa|1
|-unboost|p2b: Rillaboom|spa|1
|move|p2a: Lunala|Calm Mind|p2a: Lunala
|-boost|p2a: Lunala|spa|1
|-boost|p2a: Lunala|spd|1
|cant|p1a: Calyrex|flinch
|
|-heal|p2a: Lunala|100/100|[from] Grassy Terrain
|-heal|p2b: Rillaboom|96/100|[from] Grassy Terrain
|-heal|p1a: Calyrex|98/100|[from] Grassy Terrain
|upkeep
|turn|2
|
|t:|1750713538
|move|p2a: Lunala|Protect|p2a: Lunala
|-singleturn|p2a: Lunala|Protect
|move|p1b: Iron Jugulis|Snarl|p2b: Rillaboom|[spread] p2b
|-activate|p2a: Lunala|move: Protect
|-damage|p2b: Rillaboom|85/100
|-unboost|p2b: Rillaboom|spa|1
|move|p2b: Rillaboom|U-turn|p1a: Calyrex
|-supereffective|p1a: Calyrex
|-damage|p1a: Calyrex|71/100
|
|t:|1750713547
|switch|p2b: Incineroar|Incineroar, L50, M|100/100|[from] U-turn
|-ability|p2b: Incineroar|Intimidate|boost
|-fail|p1a: Calyrex|unboost|[from] item: Clear Amulet|[of] p1a: Calyrex
|-unboost|p1b: Iron Jugulis|atk|1
|move|p1a: Calyrex|Glacial Lance|p2a: Lunala|[spread] p2b
|-activate|p2a: Lunala|move: Protect
|-resisted|p2b: Incineroar
|-damage|p2b: Incineroar|79/100
|
|-heal|p2b: Incineroar|85/100|[from] Grassy Terrain
|-heal|p1a: Calyrex|76/100|[from] Grassy Terrain
|upkeep
|turn|3
|
|t:|1750713564
|move|p1a: Calyrex|Protect|p1a: Calyrex
|-singleturn|p1a: Calyrex|Protect
|move|p2b: Incineroar|Fake Out|p1a: Calyrex
|-activate|p1a: Calyrex|move: Protect
|move|p1b: Iron Jugulis|Taunt|p2a: Lunala
|-start|p2a: Lunala|move: Taunt
|move|p2a: Lunala|Moonblast|p1b: Iron Jugulis
|-supereffective|p1b: Iron Jugulis
|-damage|p1b: Iron Jugulis|10/100
|
|-heal|p2b: Incineroar|91/100|[from] Grassy Terrain
|-heal|p1a: Calyrex|82/100|[from] Grassy Terrain
|upkeep
|turn|4
|
|t:|1750713587
|move|p1b: Iron Jugulis|Tailwind|p1b: Iron Jugulis
|-sidestart|p1: ZodiacSheep|move: Tailwind
|move|p1a: Calyrex|Glacial Lance|p2a: Lunala|[spread] p2a,p2b
|-resisted|p2b: Incineroar
|-damage|p2a: Lunala|80/100
|-damage|p2b: Incineroar|70/100
|move|p2a: Lunala|Moonblast|p1b: Iron Jugulis
|-supereffective|p1b: Iron Jugulis
|-damage|p1b: Iron Jugulis|0 fnt
|faint|p1b: Iron Jugulis
|-end|p1b: Iron Jugulis|Quark Drive|[silent]
|move|p2b: Incineroar|Flare Blitz|p1a: Calyrex
|-supereffective|p1a: Calyrex
|-damage|p1a: Calyrex|30/100
|-damage|p2b: Incineroar|52/100|[from] Recoil
|
|-heal|p1a: Calyrex|36/100|[from] Grassy Terrain
|-heal|p2a: Lunala|86/100|[from] Grassy Terrain
|-heal|p2a: Lunala|92/100|[from] item: Leftovers
|-heal|p2b: Incineroar|58/100|[from] Grassy Terrain
|upkeep
|j| im slaking it rn
|l| im slaking it rn
|
|t:|1750713601
|switch|p1b: Kyogre|Kyogre, L50|100/100
|-weather|RainDance|[from] ability: Drizzle|[of] p1b: Kyogre
|turn|5
|inactive|Frakub has 30 seconds left.
|inactive|Frakub has 20 seconds left.
|inactive|Frakub has 15 seconds left.
|
|t:|1750713645
|move|p1b: Kyogre|Water Spout|p2a: Lunala|[spread] p2a,p2b
|-supereffective|p2b: Incineroar
|-damage|p2a: Lunala|17/100
|-damage|p2b: Incineroar|0 fnt
|faint|p2b: Incineroar
|move|p1a: Calyrex|Glacial Lance|p2a: Lunala
|-damage|p2a: Lunala|0 fnt
|faint|p2a: Lunala
|-ability|p1a: Calyrex|Chilling Neigh|boost
|-boost|p1a: Calyrex|atk|1
|
|-weather|RainDance|[upkeep]
|-heal|p1a: Calyrex|42/100|[from] Grassy Terrain
|-fieldend|move: Grassy Terrain
|upkeep
|
|t:|1750713653
|switch|p2a: Rillaboom|Rillaboom, L50, M|85/100
|switch|p2b: Grimmsnarl|Grimmsnarl, L50, M|100/100
|-fieldstart|move: Grassy Terrain|[from] ability: Grassy Surge|[of] p2a: Rillaboom
|turn|6
|
|t:|1750713667
|switch|p1b: Urshifu|Urshifu-Rapid-Strike, L50, F|100/100
|move|p2a: Rillaboom|Fake Out|p1a: Calyrex
|-damage|p1a: Calyrex|32/100
|move|p2b: Grimmsnarl|Thunder Wave|p1b: Urshifu
|-status|p1b: Urshifu|par
|cant|p1a: Calyrex|flinch
|
|-weather|RainDance|[upkeep]
|-heal|p1a: Calyrex|38/100|[from] Grassy Terrain
|-heal|p2a: Rillaboom|91/100|[from] Grassy Terrain
|upkeep
|turn|7
|inactive|Frakub has 30 seconds left.
|
|t:|1750713701
|move|p2a: Rillaboom|Grassy Glide|p1b: Urshifu
|-supereffective|p1b: Urshifu
|-damage|p1b: Urshifu|25/100 par
|move|p2b: Grimmsnarl|Reflect|p2b: Grimmsnarl
|-sidestart|p2: Frakub|Reflect
|move|p1a: Calyrex|Glacial Lance|p2b: Grimmsnarl|[spread] p2a,p2b
|-supereffective|p2a: Rillaboom
|-damage|p2a: Rillaboom|0 fnt
|-damage|p2b: Grimmsnarl|44/100
|faint|p2a: Rillaboom
|-ability|p1a: Calyrex|Chilling Neigh|boost
|-boost|p1a: Calyrex|atk|1
|move|p1b: Urshifu|Surging Strikes|p2b: Grimmsnarl
|-crit|p2b: Grimmsnarl
|-damage|p2b: Grimmsnarl|0 fnt
|faint|p2b: Grimmsnarl
|-hitcount|p2: Grimmsnarl|1
|
|win|ZodiacSheep
|raw|ZodiacSheep's rating: 1606 &rarr; <strong>1623</strong><br />(+17 for winning)
|raw|Frakub's rating: 1554 &rarr; <strong>1537</strong><br />(-17 for losing)
|l|☆Frakub
|player|p2|
|l|☆ZodiacSheep
|player|p1|
|l| Prasoooon
