|j|☆falonemax
|j|☆Dyloanis16
|t:|1750858146
|gametype|doubles
|player|p1|falonemax|265|1455
|player|p2|Dyloanis16|102|1474
|teamsize|p1|6
|teamsize|p2|6
|gen|9
|tier|[Gen 9] VGC 2025 Reg I
|rated|
|rule|Species Clause: Limit one of each Pokémon
|rule|Item Clause: Limit 1 of each item
|clearpoke
|poke|p1|Calyrex-Ice, L50|
|poke|p1|Miraidon, L50|
|poke|p1|Volcarona, L50, F|
|poke|p1|Grimmsnarl, L50, M|
|poke|p1|Iron Treads, L50|
|poke|p1|Ursaluna-Bloodmoon, L50, M|
|poke|p2|Ting-Lu, L50|
|poke|p2|Calyrex-Ice, L50|
|poke|p2|Amoonguss, L50, F|
|poke|p2|Rillaboom, L50, F|
|poke|p2|Koraidon, L50|
|poke|p2|Flutter Mane, L50|
|teampreview|4
|
|t:|1750858166
|start
|switch|p1a: Grimmsnarl|Grimmsnarl, L50, M|100/100
|switch|p1b: Volcarona|Volcarona, L50, F|100/100
|switch|p2a: Calyrex|Calyrex-Ice, L50|100/100
|switch|p2b: Rillaboom|Rillaboom, L50, F|100/100
|-ability|p2a: Calyrex|As One
|-ability|p2a: Calyrex|Unnerve
|-fieldstart|move: Grassy Terrain|[from] ability: Grassy Surge|[of] p2b: Rillaboom
|turn|1
|inactive|Battle timer is ON: inactive players will automatically lose when time's up. (requested by Dyloanis16)
|
|t:|1750858175
|-terastallize|p2a: Calyrex|Fire
|move|p2b: Rillaboom|Fake Out|p1a: Grimmsnarl
|-damage|p1a: Grimmsnarl|87/100
|cant|p1a: Grimmsnarl|flinch
|move|p1b: Volcarona|Overheat|p2a: Calyrex
|-resisted|p2a: Calyrex
|-damage|p2a: Calyrex|82/100
|-unboost|p1b: Volcarona|spa|2
|move|p2a: Calyrex|Glacial Lance|p1b: Volcarona|[spread] p1a,p1b
|-resisted|p1b: Volcarona
|-damage|p1a: Grimmsnarl|25/100
|-damage|p1b: Volcarona|73/100
|
|-heal|p1b: Volcarona|80/100|[from] Grassy Terrain
|-heal|p1a: Grimmsnarl|31/100|[from] Grassy Terrain
|-heal|p2a: Calyrex|88/100|[from] Grassy Terrain
|upkeep
|turn|2
|
|t:|1750858194
|move|p2b: Rillaboom|Grassy Glide|p1a: Grimmsnarl
|-damage|p1a: Grimmsnarl|0 fnt
|faint|p1a: Grimmsnarl
|move|p1b: Volcarona|Overheat|p2b: Rillaboom
|-supereffective|p2b: Rillaboom
|-damage|p2b: Rillaboom|62/100
|-unboost|p1b: Volcarona|spa|2
|move|p2a: Calyrex|High Horsepower|p1b: Volcarona
|-damage|p1b: Volcarona|44/100
|-damage|p2a: Calyrex|72/100|[from] item: Rocky Helmet|[of] p1b: Volcarona
|
|-heal|p1b: Volcarona|50/100|[from] Grassy Terrain
|-heal|p2b: Rillaboom|68/100|[from] Grassy Terrain
|-heal|p2a: Calyrex|77/100|[from] Grassy Terrain
|upkeep
|
|t:|1750858198
|switch|p1a: Calyrex|Calyrex-Ice, L50|100/100
|-ability|p1a: Calyrex|As One
|-ability|p1a: Calyrex|Unnerve
|turn|3
|
|t:|1750858215
|move|p1b: Volcarona|Tailwind|p1b: Volcarona
|-sidestart|p1: falonemax|move: Tailwind
|move|p1a: Calyrex|Glacial Lance|p2a: Calyrex|[spread] p2a,p2b
|-resisted|p2a: Calyrex
|-supereffective|p2b: Rillaboom
|-damage|p2a: Calyrex|62/100
|-damage|p2b: Rillaboom|0 fnt
|faint|p2b: Rillaboom
|-ability|p1a: Calyrex|Chilling Neigh|boost
|-boost|p1a: Calyrex|atk|1
|move|p2a: Calyrex|High Horsepower|p1a: Calyrex
|-damage|p1a: Calyrex|75/100
|
|-heal|p1b: Volcarona|57/100|[from] Grassy Terrain
|-heal|p1a: Calyrex|81/100|[from] Grassy Terrain
|-heal|p1a: Calyrex|86/100|[from] item: Leftovers
|-heal|p2a: Calyrex|68/100|[from] Grassy Terrain
|upkeep
|
|t:|1750858225
|switch|p2b: Koraidon|Koraidon, L50|100/100
|-weather|SunnyDay|[from] ability: Orichalcum Pulse|[of] p2b: Koraidon
|-activate|p2b: Koraidon|Orichalcum Pulse|[source]
|turn|4
|inactive|Dyloanis16 has 30 seconds left.
|
|t:|1750858253
|move|p2b: Koraidon|Protect|p2b: Koraidon
|-singleturn|p2b: Koraidon|Protect
|move|p1b: Volcarona|Rage Powder|p1b: Volcarona
|-singleturn|p1b: Volcarona|move: Rage Powder
|move|p1a: Calyrex|Glacial Lance|p2b: Koraidon|[spread] p2a
|-activate|p2b: Koraidon|move: Protect
|-resisted|p2a: Calyrex
|-damage|p2a: Calyrex|43/100
|move|p2a: Calyrex|High Horsepower|p1b: Volcarona
|-damage|p1b: Volcarona|18/100
|-damage|p2a: Calyrex|27/100|[from] item: Rocky Helmet|[of] p1b: Volcarona
|
|-weather|SunnyDay|[upkeep]
|-heal|p1b: Volcarona|24/100|[from] Grassy Terrain
|-heal|p1a: Calyrex|92/100|[from] Grassy Terrain
|-heal|p1a: Calyrex|98/100|[from] item: Leftovers
|-heal|p2a: Calyrex|32/100|[from] Grassy Terrain
|upkeep
|turn|5
|
|t:|1750858271
|move|p2a: Calyrex|Protect|p2a: Calyrex
|-singleturn|p2a: Calyrex|Protect
|move|p1b: Volcarona|Rage Powder|p1b: Volcarona
|-singleturn|p1b: Volcarona|move: Rage Powder
|move|p2b: Koraidon|Flare Blitz|p1b: Volcarona
|-damage|p1b: Volcarona|0 fnt
|-damage|p2b: Koraidon|84/100|[from] item: Rocky Helmet|[of] p1b: Volcarona
|faint|p1b: Volcarona
|-damage|p2b: Koraidon|76/100|[from] Recoil
|-damage|p2b: Koraidon|66/100|[from] item: Life Orb
|move|p1a: Calyrex|Glacial Lance|p2b: Koraidon|[spread] p2b
|-activate|p2a: Calyrex|move: Protect
|-supereffective|p2b: Koraidon
|-damage|p2b: Koraidon|0 fnt
|faint|p2b: Koraidon
|-ability|p1a: Calyrex|Chilling Neigh|boost
|-boost|p1a: Calyrex|atk|1
|
|-weather|SunnyDay|[upkeep]
|-heal|p1a: Calyrex|100/100|[from] Grassy Terrain
|-heal|p2a: Calyrex|38/100|[from] Grassy Terrain
|-fieldend|move: Grassy Terrain
|upkeep
|
|t:|1750858278
|switch|p2b: Amoonguss|Amoonguss, L50, F|100/100
|switch|p1b: Iron Treads|Iron Treads, L50|100/100
|turn|6
|-message|Dyloanis16 forfeited.
|
|win|falonemax
|raw|falonemax's rating: 1455 &rarr; <strong>1476</strong><br />(+21 for winning)
|raw|Dyloanis16's rating: 1474 &rarr; <strong>1453</strong><br />(-21 for losing)
|l|☆Dyloanis16
|player|p2|
|l|☆falonemax
|player|p1|
