|j|☆CheapSandwiches
|j|☆Kunnyman
|t:|1750878930
|gametype|doubles
|player|p1|CheapSandwiches|265|1346
|player|p2|Kunnyman|169|1314
|teamsize|p1|6
|teamsize|p2|6
|gen|9
|tier|[Gen 9] VGC 2025 Reg I
|rated|
|rule|Species Clause: Limit one of each Pokémon
|rule|Item Clause: Limit 1 of each item
|clearpoke
|poke|p1|Lunala, L50|
|poke|p1|Ursaluna, L50, M|
|poke|p1|Urshifu-*, L50, F|
|poke|p1|Miraidon, L50|
|poke|p1|Grimmsnarl, L50, M|
|poke|p1|Incineroar, L50, M|
|poke|p2|Meganium, L50, M|
|poke|p2|Gholdengo, L50|
|poke|p2|Iron Moth, L50|
|poke|p2|Tyranitar, L50, M|
|poke|p2|Miraidon, L50|
|poke|p2|Dialga-Origin, L50|
|teampreview|4
|c|☆CheapSandwiches|cool team
|inactive|Battle timer is ON: inactive players will automatically lose when time's up. (requested by CheapSandwiches)
|inactive|Kunnyman has 60 seconds left.
|
|t:|1750879011
|start
|switch|p1a: Grimmsnarl|Grimmsnarl, L50, M|100/100
|switch|p1b: Miraidon|Miraidon, L50|100/100
|switch|p2a: Meganium|Meganium, L50, M|100/100
|switch|p2b: Miraidon|Miraidon, L50|100/100
|-fieldstart|move: Electric Terrain|[from] ability: Hadron Engine|[of] p2b: Miraidon
|-activate|p1b: Miraidon|ability: Hadron Engine
|turn|1
|inactive|CheapSandwiches has 30 seconds left.
|inactive|Kunnyman has 30 seconds left.
|inactive|CheapSandwiches has 20 seconds left.
|inactive|CheapSandwiches has 15 seconds left.
|inactive|CheapSandwiches has 10 seconds left.
|inactive|CheapSandwiches has 5 seconds left.
|
|t:|1750879066
|-terastallize|p2b: Miraidon|Fairy
|move|p2a: Meganium|Helping Hand|p2b: Miraidon
|-singleturn|p2b: Miraidon|Helping Hand|[of] p2a: Meganium
|move|p1a: Grimmsnarl|Reflect|p1a: Grimmsnarl
|-sidestart|p1: CheapSandwiches|Reflect
|move|p2b: Miraidon|Dazzling Gleam|p1b: Miraidon|[spread] p1a,p1b
|-supereffective|p1a: Grimmsnarl
|-supereffective|p1b: Miraidon
|-damage|p1a: Grimmsnarl|0 fnt
|-damage|p1b: Miraidon|8/100
|faint|p1a: Grimmsnarl
|move|p1b: Miraidon|Electro Drift|p2a: Meganium
|-resisted|p2a: Meganium
|-damage|p2a: Meganium|52/100
|
|upkeep
|inactive|CheapSandwiches has 30 seconds left.
|inactive|CheapSandwiches has 20 seconds left.
|inactive|CheapSandwiches has 15 seconds left.
|inactive|CheapSandwiches has 10 seconds left.
|
|t:|1750879116
|switch|p1a: Lunala|Lunala, L50|100/100
|-enditem|p1a: Lunala|Electric Seed
|-boost|p1a: Lunala|def|1|[from] item: Electric Seed
|turn|2
|c|☆CheapSandwiches|I missed turn 1
|c|☆CheapSandwiches|lmao
|inactive|CheapSandwiches has 30 seconds left.
|inactive|Kunnyman has 30 seconds left.
|inactive|CheapSandwiches has 20 seconds left.
|inactive|Kunnyman has 20 seconds left.
|
|t:|1750879153
|-terastallize|p1b: Miraidon|Electric
|move|p1a: Lunala|Wide Guard|p1a: Lunala
|-singleturn|p1a: Lunala|Wide Guard
|move|p2b: Miraidon|Dazzling Gleam|p1a: Lunala|[spread] 
|-activate|p1a: Lunala|move: Wide Guard
|-activate|p1b: Miraidon|move: Wide Guard
|move|p1b: Miraidon|Electro Drift|p2b: Miraidon
|-damage|p2b: Miraidon|0 fnt
|faint|p2b: Miraidon
|move|p2a: Meganium|Body Press|p1b: Miraidon
|-damage|p1b: Miraidon|0 fnt
|faint|p1b: Miraidon
|
|upkeep
|inactive|Kunnyman has 30 seconds left.
|
|t:|1750879178
|switch|p2b: Iron Moth|Iron Moth, L50|100/100
|switch|p1b: Urshifu|Urshifu-Rapid-Strike, L50, F|100/100
|-activate|p2b: Iron Moth|ability: Quark Drive
|-start|p2b: Iron Moth|quarkdrivespe
|turn|3
|
|t:|1750879201
|move|p2b: Iron Moth|Heat Wave|p1b: Urshifu|[spread] p1a,p1b
|-resisted|p1b: Urshifu
|-damage|p1a: Lunala|83/100
|-damage|p1b: Urshifu|68/100
|-damage|p2b: Iron Moth|90/100|[from] item: Life Orb
|move|p1b: Urshifu|Surging Strikes|p2b: Iron Moth
|-supereffective|p2b: Iron Moth
|-crit|p2b: Iron Moth
|-damage|p2b: Iron Moth|0 fnt
|faint|p2b: Iron Moth
|-end|p2b: Iron Moth|Quark Drive|[silent]
|-hitcount|p2: Iron Moth|1
|move|p1a: Lunala|Moonblast|p2a: Meganium
|-damage|p2a: Meganium|15/100
|move|p2a: Meganium|Giga Drain|p1b: Urshifu
|-supereffective|p1b: Urshifu
|-damage|p1b: Urshifu|0 fnt
|-heal|p2a: Meganium|49/100|[from] drain|[of] p1b: Urshifu
|faint|p1b: Urshifu
|
|upkeep
|
|t:|1750879217
|switch|p2b: Tyranitar|Tyranitar, L50, M|100/100
|-weather|Sandstorm|[from] ability: Sand Stream|[of] p2b: Tyranitar
|turn|4
|
|t:|1750879230
|move|p1a: Lunala|Moonblast|p2b: Tyranitar
|-supereffective|p2b: Tyranitar
|-damage|p2b: Tyranitar|73/100
|move|p2a: Meganium|Giga Drain|p1a: Lunala
|-damage|p1a: Lunala|66/100
|-heal|p2a: Meganium|60/100|[from] drain|[of] p1a: Lunala
|move|p2b: Tyranitar|Crunch|p1a: Lunala
|-supereffective|p1a: Lunala
|-damage|p1a: Lunala|9/100
|
|-weather|Sandstorm|[upkeep]
|-damage|p1a: Lunala|3/100|[from] Sandstorm
|-damage|p2a: Meganium|54/100|[from] Sandstorm
|upkeep
|turn|5
|-message|CheapSandwiches forfeited.
|
|win|Kunnyman
|raw|CheapSandwiches's rating: 1346 &rarr; <strong>1324</strong><br />(-22 for losing)
|raw|Kunnyman's rating: 1314 &rarr; <strong>1336</strong><br />(+22 for winning)
|l|☆CheapSandwiches
|player|p1|
|l|☆Kunnyman
|player|p2|
