|j|☆Gibsteroni
|j|☆Ivievolucion
|t:|1750843984
|gametype|doubles
|player|p1|Gibsteroni|169|1405
|player|p2|Ivievolucion|fisherman|1403
|teamsize|p1|6
|teamsize|p2|6
|gen|9
|tier|[Gen 9] VGC 2025 Reg I
|rated|
|rule|Species Clause: Limit one of each Pokémon
|rule|Item Clause: Limit 1 of each item
|clearpoke
|poke|p1|Giratina-Origin, L50|
|poke|p1|Incineroar, L50, F|
|poke|p1|Koraidon, L50|
|poke|p1|Iron Bundle, L50|
|poke|p1|Urshifu-*, L50, M|
|poke|p1|Amoonguss, L50, F|
|poke|p2|Amoonguss, L50, F|
|poke|p2|Calyrex-Ice, L50|
|poke|p2|Kyogre, L50|
|poke|p2|Grimmsnarl, L50, M|
|poke|p2|Flutter Mane, L50|
|poke|p2|Basculegion, L50, M|
|teampreview|4
Ivievolucion rejected open team sheets.
|
|t:|1750844042
|start
|switch|p1a: Giratina|Giratina-Origin, L50|100/100
|switch|p1b: Incineroar|Incineroar, L50, F|100/100
|switch|p2a: Calyrex|Calyrex-Ice, L50|100/100
|switch|p2b: Grimmsnarl|Grimmsnarl, L50, M|100/100
|-ability|p2a: Calyrex|As One
|-ability|p2a: Calyrex|Unnerve
|-ability|p1b: Incineroar|Intimidate|boost
|-unboost|p2a: Calyrex|atk|1
|-unboost|p2b: Grimmsnarl|atk|1
|turn|1
|
|t:|1750844070
|switch|p1b: Iron Bundle|Iron Bundle, L50|100/100
|-terastallize|p2a: Calyrex|Fairy
|move|p2b: Grimmsnarl|Reflect|p2b: Grimmsnarl
|-sidestart|p2: Ivievolucion|Reflect
|move|p1a: Giratina|Will-O-Wisp|p2a: Calyrex
|-status|p2a: Calyrex|brn
|move|p2a: Calyrex|Glacial Lance|p1a: Giratina|[spread] p1a,p1b
|-supereffective|p1a: Giratina
|-resisted|p1b: Iron Bundle
|-damage|p1a: Giratina|80/100
|-damage|p1b: Iron Bundle|96/100
|
|-damage|p2a: Calyrex|95/100 brn|[from] brn
|upkeep
|turn|2
|
|t:|1750844105
|switch|p1a: Incineroar|Incineroar, L50, F|100/100
|-ability|p1a: Incineroar|Intimidate|boost
|-unboost|p2a: Calyrex|atk|1
|-unboost|p2b: Grimmsnarl|atk|1
|move|p2b: Grimmsnarl|Light Screen|p2b: Grimmsnarl
|-sidestart|p2: Ivievolucion|move: Light Screen
|move|p1b: Iron Bundle|Encore|p2b: Grimmsnarl
|-start|p2b: Grimmsnarl|Encore
|move|p2a: Calyrex|Leech Seed|p1a: Incineroar
|-start|p1a: Incineroar|move: Leech Seed
|
|-heal|p2a: Calyrex|100/100 brn|[from] item: Leftovers
|-damage|p1a: Incineroar|88/100|[from] Leech Seed|[of] p2a: Calyrex
|-damage|p2a: Calyrex|95/100 brn|[from] brn
|upkeep
|turn|3
|
|t:|1750844144
|switch|p2b: Kyogre|Kyogre, L50|100/100
|-weather|RainDance|[from] ability: Drizzle|[of] p2b: Kyogre
|move|p1b: Iron Bundle|Freeze-Dry|p2a: Calyrex
|-damage|p2a: Calyrex|81/100 brn
|move|p1a: Incineroar|Parting Shot|p2b: Kyogre
|-unboost|p2b: Kyogre|atk|1
|-unboost|p2b: Kyogre|spa|1
|
|t:|1750844156
|switch|p1a: Koraidon|Koraidon, L50|100/100|[from] Parting Shot
|-weather|SunnyDay|[from] ability: Orichalcum Pulse|[of] p1a: Koraidon
|-activate|p1a: Koraidon|Orichalcum Pulse|[source]
|move|p2a: Calyrex|Leech Seed|p1b: Iron Bundle
|-start|p1b: Iron Bundle|move: Leech Seed
|
|-weather|SunnyDay|[upkeep]
|-heal|p2a: Calyrex|86/100 brn|[from] item: Leftovers
|-damage|p1b: Iron Bundle|84/100|[from] Leech Seed|[of] p2a: Calyrex
|-heal|p2a: Calyrex|94/100 brn|[silent]
|-damage|p2a: Calyrex|88/100 brn|[from] brn
|upkeep
|turn|4
|
|t:|1750844181
|switch|p2b: Grimmsnarl|Grimmsnarl, L50, M|100/100
|move|p1b: Iron Bundle|Freeze-Dry|p2b: Grimmsnarl
|-damage|p2b: Grimmsnarl|78/100
|move|p1a: Koraidon|Flame Charge|p2a: Calyrex
|-damage|p2a: Calyrex|72/100 brn
|-boost|p1a: Koraidon|spe|1
|-damage|p1a: Koraidon|91/100|[from] item: Life Orb
|move|p2a: Calyrex|Leech Seed|p1a: Koraidon
|-start|p1a: Koraidon|move: Leech Seed
|
|-weather|SunnyDay|[upkeep]
|-heal|p2a: Calyrex|77/100 brn|[from] item: Leftovers
|-damage|p1a: Koraidon|79/100|[from] Leech Seed|[of] p2a: Calyrex
|-heal|p2a: Calyrex|87/100 brn|[silent]
|-damage|p1b: Iron Bundle|72/100|[from] Leech Seed|[of] p2a: Calyrex
|-heal|p2a: Calyrex|95/100 brn|[silent]
|-damage|p2a: Calyrex|89/100 brn|[from] brn
|upkeep
|turn|5
|
|t:|1750844208
|switch|p1a: Incineroar|Incineroar, L50, F|88/100
|-ability|p1a: Incineroar|Intimidate|boost
|-unboost|p2a: Calyrex|atk|1
|-unboost|p2b: Grimmsnarl|atk|1
|-end|p1b: Iron Bundle|Quark Drive|[silent]
|switch|p1b: Giratina|Giratina-Origin, L50|80/100
|switch|p2b: Kyogre|Kyogre, L50|100/100
|-weather|RainDance|[from] ability: Drizzle|[of] p2b: Kyogre
|move|p2a: Calyrex|Glacial Lance|p1b: Giratina|[spread] p1a,p1b
|-resisted|p1a: Incineroar
|-supereffective|p1b: Giratina
|-damage|p1a: Incineroar|84/100
|-damage|p1b: Giratina|69/100
|
|-weather|RainDance|[upkeep]
|-heal|p2a: Calyrex|95/100 brn|[from] item: Leftovers
|-damage|p2a: Calyrex|89/100 brn|[from] brn
|upkeep
|turn|6
|
|t:|1750844248
|switch|p2b: Flutter Mane|Flutter Mane, L50|100/100
|switch|p1b: Iron Bundle|Iron Bundle, L50|72/100
|move|p1a: Incineroar|Fake Out|p2b: Flutter Mane
|-immune|p2b: Flutter Mane
|move|p2a: Calyrex|Leech Seed|p1b: Iron Bundle
|-start|p1b: Iron Bundle|move: Leech Seed
|
|-weather|RainDance|[upkeep]
|-heal|p2a: Calyrex|95/100 brn|[from] item: Leftovers
|-damage|p1b: Iron Bundle|60/100|[from] Leech Seed|[of] p2a: Calyrex
|-heal|p2a: Calyrex|100/100 brn|[silent]
|-damage|p2a: Calyrex|95/100 brn|[from] brn
|upkeep
|turn|7
|
|t:|1750844274
|move|p1b: Iron Bundle|Icy Wind|p2a: Calyrex|[spread] p2a,p2b
|-damage|p2a: Calyrex|86/100 brn
|-damage|p2b: Flutter Mane|86/100
|-unboost|p2a: Calyrex|spe|1
|-unboost|p2b: Flutter Mane|spe|1
|move|p2b: Flutter Mane|Icy Wind|p1a: Incineroar|[spread] p1a,p1b
|-resisted|p1a: Incineroar
|-resisted|p1b: Iron Bundle
|-damage|p1a: Incineroar|79/100
|-damage|p1b: Iron Bundle|52/100
|-unboost|p1b: Iron Bundle|spe|1
|move|p1a: Incineroar|Knock Off|p2b: Flutter Mane
|-damage|p2b: Flutter Mane|30/100
|-enditem|p2b: Flutter Mane|Focus Sash|[from] move: Knock Off|[of] p1a: Incineroar
|move|p2a: Calyrex|Leech Seed|p1a: Incineroar
|-start|p1a: Incineroar|move: Leech Seed
|
|-weather|RainDance|[upkeep]
|-heal|p2a: Calyrex|91/100 brn|[from] item: Leftovers
|-damage|p1b: Iron Bundle|40/100|[from] Leech Seed|[of] p2a: Calyrex
|-heal|p2a: Calyrex|99/100 brn|[silent]
|-damage|p1a: Incineroar|66/100|[from] Leech Seed|[of] p2a: Calyrex
|-heal|p2a: Calyrex|100/100 brn|[silent]
|-damage|p2a: Calyrex|95/100 brn|[from] brn
|upkeep
|turn|8
|
|t:|1750844302
|-end|p2b: Flutter Mane|Protosynthesis|[silent]
|switch|p2b: Grimmsnarl|Grimmsnarl, L50, M|78/100
|move|p1b: Iron Bundle|Freeze-Dry|p2b: Grimmsnarl
|-damage|p2b: Grimmsnarl|55/100
|move|p1a: Incineroar|Knock Off|p2a: Calyrex
|-resisted|p2a: Calyrex
|-damage|p2a: Calyrex|87/100 brn
|-enditem|p2a: Calyrex|Leftovers|[from] move: Knock Off|[of] p1a: Incineroar
|move|p2a: Calyrex|Glacial Lance|p1b: Iron Bundle|[spread] p1a,p1b
|-resisted|p1a: Incineroar
|-resisted|p1b: Iron Bundle
|-damage|p1a: Incineroar|62/100
|-damage|p1b: Iron Bundle|38/100
|
|-weather|RainDance|[upkeep]
|-damage|p1b: Iron Bundle|25/100|[from] Leech Seed|[of] p2a: Calyrex
|-heal|p2a: Calyrex|95/100 brn|[silent]
|-damage|p1a: Incineroar|50/100|[from] Leech Seed|[of] p2a: Calyrex
|-heal|p2a: Calyrex|100/100 brn|[silent]
|-damage|p2a: Calyrex|95/100 brn|[from] brn
|-sideend|p2: Ivievolucion|Reflect
|upkeep
|turn|9
|
|t:|1750844332
|-end|p1b: Iron Bundle|Quark Drive|[silent]
|switch|p1b: Giratina|Giratina-Origin, L50|69/100
|move|p2b: Grimmsnarl|Reflect|p2b: Grimmsnarl
|-sidestart|p2: Ivievolucion|Reflect
|move|p1a: Incineroar|Parting Shot|p2a: Calyrex
|-unboost|p2a: Calyrex|atk|1
|-unboost|p2a: Calyrex|spa|1
|
|t:|1750844339
|switch|p1a: Koraidon|Koraidon, L50|79/100|[from] Parting Shot
|-weather|SunnyDay|[from] ability: Orichalcum Pulse|[of] p1a: Koraidon
|-activate|p1a: Koraidon|Orichalcum Pulse|[source]
|move|p2a: Calyrex|Glacial Lance|p1a: Koraidon|[spread] p1a,p1b
|-supereffective|p1a: Koraidon
|-supereffective|p1b: Giratina
|-damage|p1a: Koraidon|64/100
|-damage|p1b: Giratina|59/100
|
|-weather|SunnyDay|[upkeep]
|-damage|p2a: Calyrex|89/100 brn|[from] brn
|-sideend|p2: Ivievolucion|move: Light Screen
|upkeep
|turn|10
|
|t:|1750844379
|switch|p1b: Incineroar|Incineroar, L50, F|50/100
|-ability|p1b: Incineroar|Intimidate|boost
|-unboost|p2a: Calyrex|atk|1
|-unboost|p2b: Grimmsnarl|atk|1
|switch|p2b: Kyogre|Kyogre, L50|100/100
|-weather|RainDance|[from] ability: Drizzle|[of] p2b: Kyogre
|move|p1a: Koraidon|Close Combat|p2b: Kyogre
|-damage|p2b: Kyogre|46/100
|-unboost|p1a: Koraidon|def|1
|-unboost|p1a: Koraidon|spd|1
|-damage|p1a: Koraidon|55/100|[from] item: Life Orb
|move|p2a: Calyrex|Leech Seed|p1b: Incineroar
|-start|p1b: Incineroar|move: Leech Seed
|
|-weather|RainDance|[upkeep]
|-damage|p1b: Incineroar|37/100|[from] Leech Seed|[of] p2a: Calyrex
|-heal|p2a: Calyrex|100/100 brn|[silent]
|-damage|p2a: Calyrex|95/100 brn|[from] brn
|upkeep
|turn|11
|
|t:|1750844407
|move|p2b: Kyogre|Protect|p2b: Kyogre
|-singleturn|p2b: Kyogre|Protect
|move|p1a: Koraidon|Close Combat|p2b: Kyogre
|-activate|p2b: Kyogre|move: Protect
|move|p1b: Incineroar|Parting Shot|p2a: Calyrex
|-unboost|p2a: Calyrex|atk|1
|-unboost|p2a: Calyrex|spa|1
|
|t:|1750844415
|switch|p1b: Iron Bundle|Iron Bundle, L50|25/100|[from] Parting Shot
|move|p2a: Calyrex|Leech Seed|p1a: Koraidon
|-start|p1a: Koraidon|move: Leech Seed
|
|-weather|RainDance|[upkeep]
|-damage|p1a: Koraidon|43/100|[from] Leech Seed|[of] p2a: Calyrex
|-heal|p2a: Calyrex|100/100 brn|[silent]
|-damage|p2a: Calyrex|95/100 brn|[from] brn
|upkeep
|turn|12
|
|t:|1750844433
|switch|p1a: Incineroar|Incineroar, L50, F|37/100
|-ability|p1a: Incineroar|Intimidate|boost
|-unboost|p2a: Calyrex|atk|0
|-unboost|p2b: Kyogre|atk|1
|move|p1b: Iron Bundle|Freeze-Dry|p2b: Kyogre
|-supereffective|p2b: Kyogre
|-damage|p2b: Kyogre|0 fnt
|faint|p2b: Kyogre
|move|p2a: Calyrex|Glacial Lance|p1a: Incineroar|[spread] p1a,p1b
|-resisted|p1a: Incineroar
|-resisted|p1b: Iron Bundle
|-damage|p1a: Incineroar|35/100
|-damage|p1b: Iron Bundle|24/100
|
|-weather|RainDance|[upkeep]
|-damage|p2a: Calyrex|89/100 brn|[from] brn
|upkeep
|
|t:|1750844450
|switch|p2b: Grimmsnarl|Grimmsnarl, L50, M|55/100
|turn|13
|
|t:|1750844467
|move|p1a: Incineroar|Fake Out|p2a: Calyrex
|-crit|p2a: Calyrex
|-damage|p2a: Calyrex|80/100 brn
|move|p2b: Grimmsnarl|Sucker Punch|p1b: Iron Bundle
|-damage|p1b: Iron Bundle|0 fnt
|faint|p1b: Iron Bundle
|-end|p1b: Iron Bundle|Quark Drive|[silent]
|cant|p2a: Calyrex|flinch
|
|-weather|RainDance|[upkeep]
|-damage|p2a: Calyrex|74/100 brn|[from] brn
|upkeep
|
|t:|1750844483
|switch|p1b: Koraidon|Koraidon, L50|43/100
|-weather|SunnyDay|[from] ability: Orichalcum Pulse|[of] p1b: Koraidon
|-activate|p1b: Koraidon|Orichalcum Pulse|[source]
|turn|14
|
|t:|1750844511
|-terastallize|p1b: Koraidon|Fire
|move|p1b: Koraidon|Flame Charge|p2a: Calyrex
|-damage|p2a: Calyrex|44/100 brn
|-boost|p1b: Koraidon|spe|1
|-damage|p1b: Koraidon|33/100|[from] item: Life Orb
|move|p1a: Incineroar|Flare Blitz|p2a: Calyrex
|-damage|p2a: Calyrex|16/100 brn
|-damage|p1a: Incineroar|25/100|[from] Recoil
|move|p2b: Grimmsnarl|Spirit Break|p1b: Koraidon
|-resisted|p1b: Koraidon
|-damage|p1b: Koraidon|19/100
|-unboost|p1b: Koraidon|spa|1
|move|p2a: Calyrex|Leech Seed|p1b: Koraidon
|-start|p1b: Koraidon|move: Leech Seed
|
|-weather|SunnyDay|[upkeep]
|-damage|p1b: Koraidon|7/100|[from] Leech Seed|[of] p2a: Calyrex
|-heal|p2a: Calyrex|27/100 brn|[silent]
|-damage|p2a: Calyrex|21/100 brn|[from] brn
|upkeep
|turn|15
|
|t:|1750844542
|move|p2b: Grimmsnarl|Sucker Punch|p1b: Koraidon
|-damage|p1b: Koraidon|0 fnt
|faint|p1b: Koraidon
|move|p1a: Incineroar|Flare Blitz|p2a: Calyrex
|-damage|p2a: Calyrex|0 fnt
|faint|p2a: Calyrex
|-damage|p1a: Incineroar|18/100|[from] Recoil
|
|-weather|SunnyDay|[upkeep]
|upkeep
|
|t:|1750844550
|switch|p1b: Giratina|Giratina-Origin, L50|59/100
|switch|p2a: Flutter Mane|Flutter Mane, L50|30/100
|-activate|p2a: Flutter Mane|ability: Protosynthesis
|-start|p2a: Flutter Mane|protosynthesisspe
|turn|16
|
|t:|1750844583
|move|p2b: Grimmsnarl|Sucker Punch||[still]
|-fail|p2b: Grimmsnarl
|move|p2a: Flutter Mane|Moonblast|p1a: Incineroar
|-damage|p1a: Incineroar|0 fnt
|faint|p1a: Incineroar
|move|p1b: Giratina|Will-O-Wisp|p2b: Grimmsnarl|[miss]
|-miss|p1b: Giratina|p2b: Grimmsnarl
|
|-weather|SunnyDay|[upkeep]
|-sideend|p2: Ivievolucion|Reflect
|upkeep
|turn|17
|
|t:|1750844596
|move|p1b: Giratina|Protect|p1b: Giratina
|-singleturn|p1b: Giratina|Protect
|move|p2b: Grimmsnarl|Sucker Punch||[still]
|-fail|p2b: Grimmsnarl
|move|p2a: Flutter Mane|Moonblast|p1b: Giratina
|-activate|p1b: Giratina|move: Protect
|
|-weather|SunnyDay|[upkeep]
|upkeep
|turn|18
|
|t:|1750844609
|move|p2b: Grimmsnarl|Sucker Punch||[still]
|-fail|p2b: Grimmsnarl
|move|p2a: Flutter Mane|Moonblast|p1b: Giratina
|-supereffective|p1b: Giratina
|-damage|p1b: Giratina|1/100
|move|p1b: Giratina|Will-O-Wisp|p2b: Grimmsnarl
|-status|p2b: Grimmsnarl|brn
|
|-weather|none
|-end|p2a: Flutter Mane|Protosynthesis
|-damage|p2b: Grimmsnarl|50/100 brn|[from] brn
|upkeep
|turn|19
|
|t:|1750844625
|move|p1b: Giratina|Protect|p1b: Giratina
|-singleturn|p1b: Giratina|Protect
|move|p2b: Grimmsnarl|Sucker Punch||[still]
|-fail|p2b: Grimmsnarl
|move|p2a: Flutter Mane|Moonblast|p1b: Giratina
|-activate|p1b: Giratina|move: Protect
|
|-damage|p2b: Grimmsnarl|44/100 brn|[from] brn
|upkeep
|turn|20
|
|t:|1750844633
|move|p1b: Giratina|Protect||[still]
|-fail|p1b: Giratina
|move|p2b: Grimmsnarl|Sucker Punch||[still]
|-fail|p2b: Grimmsnarl
|move|p2a: Flutter Mane|Taunt|p1b: Giratina
|-start|p1b: Giratina|move: Taunt
|
|-damage|p2b: Grimmsnarl|38/100 brn|[from] brn
|upkeep
|turn|21
|c|☆Gibsteroni|gg :)
|
|t:|1750844647
|move|p2b: Grimmsnarl|Sucker Punch|p1b: Giratina
|-supereffective|p1b: Giratina
|-damage|p1b: Giratina|0 fnt
|faint|p1b: Giratina
|
|win|Ivievolucion
|raw|Gibsteroni's rating: 1405 &rarr; <strong>1385</strong><br />(-20 for losing)
|raw|Ivievolucion's rating: 1403 &rarr; <strong>1423</strong><br />(+20 for winning)
|c|☆Ivievolucion|gg
|l|☆Gibsteroni
|player|p1|
