|j|☆TorbiusFreak
|j|☆DAVEDOUGH8
|t:|1750728717
|gametype|doubles
|player|p1|TorbiusFreak|265|1000
|player|p2|DAVEDOUGH8|supernerd|1009
|teamsize|p1|6
|teamsize|p2|6
|gen|9
|tier|[Gen 9] VGC 2025 Reg I
|rated|
|rule|Species Clause: Limit one of each Pokémon
|rule|Item Clause: Limit 1 of each item
|clearpoke
|poke|p1|Ting-Lu, L50|
|poke|p1|Calyrex-Ice, L50|
|poke|p1|Indeedee-F, L50, F|
|poke|p1|Zamazenta-*, L50|
|poke|p1|Whimsicott, L50, F|
|poke|p1|Chi-Yu, L50|
|poke|p2|Koraidon, L50|
|poke|p2|Zamazenta-*, L50|
|poke|p2|Quaquaval, L50, F|
|poke|p2|Incineroar, L50, M|
|poke|p2|Dragonite, L50, M|
|poke|p2|Venusaur, L50, M|
|teampreview|4
DAVEDOUGH8 has agreed to open team sheets.
|
|t:|1750728744
|start
|switch|p1a: Ting-Lu|Ting-Lu, L50|100/100
|switch|p1b: Calyrex|Calyrex-Ice, L50|100/100
|switch|p2a: Koraidon|Koraidon, L50|100/100
|switch|p2b: Quaquaval|Quaquaval, L50, F|100/100
|-ability|p1b: Calyrex|As One
|-ability|p1b: Calyrex|Unnerve
|-weather|SunnyDay|[from] ability: Orichalcum Pulse|[of] p2a: Koraidon
|-activate|p2a: Koraidon|Orichalcum Pulse|[source]
|-ability|p1a: Ting-Lu|Vessel of Ruin
|turn|1
|
|t:|1750728767
|-terastallize|p1a: Ting-Lu|Fairy
|move|p1b: Calyrex|Protect|p1b: Calyrex
|-singleturn|p1b: Calyrex|Protect
|move|p2a: Koraidon|Close Combat|p1a: Ting-Lu
|-resisted|p1a: Ting-Lu
|-damage|p1a: Ting-Lu|65/100
|-unboost|p2a: Koraidon|def|1
|-unboost|p2a: Koraidon|spd|1
|-damage|p2a: Koraidon|91/100|[from] item: Life Orb
|move|p2b: Quaquaval|Aqua Step|p1b: Calyrex
|-activate|p1b: Calyrex|move: Protect
|move|p1a: Ting-Lu|Fissure|p2a: Koraidon|[miss]
|-miss|p1a: Ting-Lu|p2a: Koraidon
|
|-weather|SunnyDay|[upkeep]
|upkeep
|turn|2
|
|t:|1750728791
|move|p2a: Koraidon|Flare Blitz|p1b: Calyrex
|-supereffective|p1b: Calyrex
|-damage|p1b: Calyrex|0 fnt
|faint|p1b: Calyrex
|-damage|p2a: Koraidon|52/100|[from] Recoil
|-damage|p2a: Koraidon|42/100|[from] item: Life Orb
|move|p2b: Quaquaval|Aqua Step|p1a: Ting-Lu
|-damage|p1a: Ting-Lu|54/100
|-boost|p2b: Quaquaval|spe|1
|move|p1a: Ting-Lu|Stomping Tantrum|p2a: Koraidon
|-damage|p2a: Koraidon|0 fnt
|faint|p2a: Koraidon
|
|-weather|SunnyDay|[upkeep]
|upkeep
|
|t:|1750728808
|switch|p2a: Venusaur|Venusaur, L50, M|100/100
|switch|p1b: Indeedee|Indeedee-F, L50, F|100/100
|-fieldstart|move: Psychic Terrain|[from] ability: Psychic Surge|[of] p1b: Indeedee
|-enditem|p1b: Indeedee|Psychic Seed
|-boost|p1b: Indeedee|spd|1|[from] item: Psychic Seed
|turn|3
|
|t:|1750728828
|move|p2b: Quaquaval|Protect|p2b: Quaquaval
|-singleturn|p2b: Quaquaval|Protect
|move|p1b: Indeedee|Follow Me|p1b: Indeedee
|-singleturn|p1b: Indeedee|move: Follow Me
|move|p2a: Venusaur|Solar Beam||[still]
|-prepare|p2a: Venusaur|Solar Beam
|-anim|p2a: Venusaur|Solar Beam|p1b: Indeedee
|-damage|p1b: Indeedee|81/100
|move|p1a: Ting-Lu|Fissure|p2a: Venusaur
|-damage|p2a: Venusaur|0 fnt
|faint|p2a: Venusaur
|-ohko
|
|-weather|SunnyDay|[upkeep]
|upkeep
|
|t:|1750728840
|switch|p2a: Zamazenta|Zamazenta-Crowned, L50|100/100
|-ability|p2a: Zamazenta|Dauntless Shield|boost
|-boost|p2a: Zamazenta|def|1
|turn|4
|
|t:|1750728858
|move|p1b: Indeedee|Follow Me|p1b: Indeedee
|-singleturn|p1b: Indeedee|move: Follow Me
|move|p2b: Quaquaval|Aqua Step|p1b: Indeedee
|-damage|p1b: Indeedee|63/100
|-boost|p2b: Quaquaval|spe|1
|move|p2a: Zamazenta|Heavy Slam|p1b: Indeedee
|-damage|p1b: Indeedee|24/100
|move|p1a: Ting-Lu|Fissure|p2a: Zamazenta
|-damage|p2a: Zamazenta|0 fnt
|faint|p2a: Zamazenta
|-ohko
|
|-weather|SunnyDay|[upkeep]
|upkeep
|turn|5
|
|t:|1750728879
|move|p1b: Indeedee|Follow Me|p1b: Indeedee
|-singleturn|p1b: Indeedee|move: Follow Me
|move|p2b: Quaquaval|Close Combat|p1b: Indeedee
|-damage|p1b: Indeedee|0 fnt
|-unboost|p2b: Quaquaval|def|1
|-unboost|p2b: Quaquaval|spd|1
|faint|p1b: Indeedee
|-ability|p2b: Quaquaval|Moxie|boost
|-boost|p2b: Quaquaval|atk|1
|move|p1a: Ting-Lu|Fissure|p2b: Quaquaval|[miss]
|-miss|p1a: Ting-Lu|p2b: Quaquaval
|
|-weather|none
|upkeep
|
|t:|1750728890
|switch|p1b: Zamazenta|Zamazenta-Crowned, L50, shiny|100/100
|-ability|p1b: Zamazenta|Dauntless Shield|boost
|-boost|p1b: Zamazenta|def|1
|turn|6
|
|t:|1750728900
|move|p2b: Quaquaval|Close Combat|p1b: Zamazenta
|-supereffective|p1b: Zamazenta
|-damage|p1b: Zamazenta|30/100
|-unboost|p2b: Quaquaval|def|1
|-unboost|p2b: Quaquaval|spd|1
|move|p1b: Zamazenta|Body Press|p2b: Quaquaval
|-enditem|p2b: Quaquaval|Focus Sash
|-damage|p2b: Quaquaval|1/100
|move|p1a: Ting-Lu|Stomping Tantrum|p2b: Quaquaval
|-damage|p2b: Quaquaval|0 fnt
|faint|p2b: Quaquaval
|
|win|TorbiusFreak
|raw|TorbiusFreak's rating: 1000 &rarr; <strong>1041</strong><br />(+41 for winning)
|raw|DAVEDOUGH8's rating: 1009 &rarr; <strong>1000</strong><br />(-9 for losing)
|l|☆DAVEDOUGH8
|player|p2|
