|j|☆raezan
|j|☆Mildly Displeased
|t:|1750841833
|gametype|doubles
|player|p1|raezan|hugh|1496
|player|p2|Mildly Displeased|lillie|1578
|teamsize|p1|6
|teamsize|p2|6
|gen|9
|tier|[Gen 9] VGC 2025 Reg I
|rated|
|rule|Species Clause: Limit one of each Pokémon
|rule|Item Clause: Limit 1 of each item
|clearpoke
|poke|p1|Incineroar, L50, M|
|poke|p1|Indeedee-F, L50, F|
|poke|p1|Calyrex-Shadow, L50|
|poke|p1|Brute Bonnet, L50|
|poke|p1|Koraidon, L50|
|poke|p1|Raichu, L50, M|
|poke|p2|Primarina, L50, M|
|poke|p2|Talonflame, L50, F|
|poke|p2|Zamazenta-*, L50|
|poke|p2|Rillaboom, L50, M|
|poke|p2|Lunala, L50|
|poke|p2|Ting-Lu, L50|
|teampreview|4
|inactive|Battle timer is ON: inactive players will automatically lose when time's up. (requested by Mildly Displeased)
|
|t:|1750841852
|start
|switch|p1a: Koraidon|Koraidon, L50|100/100
|switch|p1b: Brute Bonnet|Brute Bonnet, L50|100/100
|switch|p2a: Phoenix|Talonflame, L50, F, shiny|100/100
|switch|p2b: Nebby|Lunala, L50|100/100
|-weather|SunnyDay|[from] ability: Orichalcum Pulse|[of] p1a: Koraidon
|-activate|p1b: Brute Bonnet|ability: Protosynthesis
|-start|p1b: Brute Bonnet|protosynthesisdef
|-activate|p1a: Koraidon|Orichalcum Pulse|[source]
|turn|1
|
|t:|1750841866
|-terastallize|p2b: Nebby|Fairy
|-terastallize|p1b: Brute Bonnet|Water
|move|p1a: Koraidon|Protect|p1a: Koraidon
|-singleturn|p1a: Koraidon|Protect
|move|p2a: Phoenix|Taunt|p1b: Brute Bonnet
|-start|p1b: Brute Bonnet|move: Taunt
|-enditem|p1b: Brute Bonnet|Mental Herb
|-end|p1b: Brute Bonnet|move: Taunt
|move|p2b: Nebby|Meteor Beam||[still]
|-prepare|p2b: Nebby|Meteor Beam
|-boost|p2b: Nebby|spa|1
|-enditem|p2b: Nebby|Power Herb
|-anim|p2b: Nebby|Meteor Beam|p1a: Koraidon
|-activate|p1a: Koraidon|move: Protect
|move|p1b: Brute Bonnet|Spore|p2b: Nebby
|-status|p2b: Nebby|slp|[from] move: Spore
|
|-weather|SunnyDay|[upkeep]
|upkeep
|turn|2
|
|t:|1750841890
|move|p2a: Phoenix|Tailwind|p2a: Phoenix
|-sidestart|p2: Mildly Displeased|move: Tailwind
|cant|p2b: Nebby|slp
|move|p1a: Koraidon|Flame Charge|p2a: Phoenix
|-resisted|p2a: Phoenix
|-damage|p2a: Phoenix|70/100
|-boost|p1a: Koraidon|spe|1
|move|p1b: Brute Bonnet|Spore|p2a: Phoenix
|-status|p2a: Phoenix|slp|[from] move: Spore
|
|-weather|SunnyDay|[upkeep]
|upkeep
|turn|3
|j| Mertoo
|
|t:|1750841900
|move|p1b: Brute Bonnet|Rage Powder|p1b: Brute Bonnet
|-singleturn|p1b: Brute Bonnet|move: Rage Powder
|cant|p2a: Phoenix|slp
|move|p1a: Koraidon|Swords Dance|p1a: Koraidon
|-boost|p1a: Koraidon|atk|2
|-curestatus|p2b: Nebby|slp|[msg]
|move|p2b: Nebby|Moonblast|p1b: Brute Bonnet
|-crit|p1b: Brute Bonnet
|-damage|p1b: Brute Bonnet|1/100
|
|-weather|SunnyDay|[upkeep]
|upkeep
|turn|4
|
|t:|1750841909
|move|p1b: Brute Bonnet|Sucker Punch|p2b: Nebby
|-resisted|p2b: Nebby
|-damage|p2b: Nebby|95/100
|cant|p2a: Phoenix|slp
|move|p1a: Koraidon|Flame Charge|p2b: Nebby
|-damage|p2b: Nebby|35/100
|-boost|p1a: Koraidon|spe|1
|move|p2b: Nebby|Moonblast|p1a: Koraidon
|-supereffective|p1a: Koraidon
|-damage|p1a: Koraidon|0 fnt
|faint|p1a: Koraidon
|
|-weather|SunnyDay|[upkeep]
|upkeep
|
|t:|1750841916
|switch|p1a: Calyrex|Calyrex-Shadow, L50|100/100
|-ability|p1a: Calyrex|As One
|-ability|p1a: Calyrex|Unnerve
|turn|5
|
|t:|1750841922
|move|p1b: Brute Bonnet|Rage Powder|p1b: Brute Bonnet
|-singleturn|p1b: Brute Bonnet|move: Rage Powder
|cant|p2a: Phoenix|slp
|move|p2b: Nebby|Heat Wave|p1a: Calyrex|[spread] 
|-miss|p2b: Nebby|p1a: Calyrex
|-miss|p2b: Nebby|p1b: Brute Bonnet
|move|p1a: Calyrex|Astral Barrage|p2a: Phoenix|[spread] p2a,p2b
|-damage|p2a: Phoenix|0 fnt
|-damage|p2b: Nebby|0 fnt
|faint|p2a: Phoenix
|faint|p2b: Nebby
|-ability|p1a: Calyrex|Grim Neigh|boost
|-boost|p1a: Calyrex|spa|2
|-damage|p1a: Calyrex|91/100|[from] item: Life Orb
|
|-weather|none
|-end|p1b: Brute Bonnet|Protosynthesis
|-sideend|p2: Mildly Displeased|move: Tailwind
|upkeep
|
|t:|1750841928
|switch|p2a: Knotweed|Rillaboom, L50, M, shiny|100/100
|switch|p2b: Little bro|Zamazenta-Crowned, L50|100/100
|-ability|p2b: Little bro|Dauntless Shield|boost
|-boost|p2b: Little bro|def|1
|-fieldstart|move: Grassy Terrain|[from] ability: Grassy Surge|[of] p2a: Knotweed
|turn|6
|
|t:|1750841937
|-end|p1b: Brute Bonnet|Protosynthesis|[silent]
|switch|p1b: Incineroar|Incineroar, L50, M|100/100
|-ability|p1b: Incineroar|Intimidate|boost
|-unboost|p2a: Knotweed|atk|1
|-unboost|p2b: Little bro|atk|1
|move|p1a: Calyrex|Protect|p1a: Calyrex
|-singleturn|p1a: Calyrex|Protect
|move|p2b: Little bro|Wide Guard|p2b: Little bro
|-singleturn|p2b: Little bro|Wide Guard
|move|p2a: Knotweed|Wood Hammer|p1a: Calyrex
|-activate|p1a: Calyrex|move: Protect
|
|-heal|p1a: Calyrex|97/100|[from] Grassy Terrain
|upkeep
|turn|7
|
|t:|1750841955
|move|p1b: Incineroar|Fake Out|p2a: Knotweed
|-damage|p2a: Knotweed|88/100
|move|p1a: Calyrex|Nasty Plot|p1a: Calyrex
|-boost|p1a: Calyrex|spa|2
|move|p2b: Little bro|Body Press|p1b: Incineroar
|-supereffective|p1b: Incineroar
|-damage|p1b: Incineroar|0 fnt
|faint|p1b: Incineroar
|cant|p2a: Knotweed|flinch
|
|-heal|p1a: Calyrex|100/100|[from] Grassy Terrain
|-heal|p2a: Knotweed|94/100|[from] Grassy Terrain
|upkeep
|
|t:|1750841959
|switch|p1b: Brute Bonnet|Brute Bonnet, L50, tera:Water|1/100
|turn|8
|
|t:|1750841970
|move|p2b: Little bro|Wide Guard|p2b: Little bro
|-singleturn|p2b: Little bro|Wide Guard
|move|p1b: Brute Bonnet|Rage Powder|p1b: Brute Bonnet
|-singleturn|p1b: Brute Bonnet|move: Rage Powder
|move|p1a: Calyrex|Psychic|p2a: Knotweed
|-damage|p2a: Knotweed|0 fnt
|faint|p2a: Knotweed
|-ability|p1a: Calyrex|Grim Neigh|boost
|-boost|p1a: Calyrex|spa|1
|-damage|p1a: Calyrex|91/100|[from] item: Life Orb
|
|-heal|p1a: Calyrex|97/100|[from] Grassy Terrain
|-heal|p1b: Brute Bonnet|7/100|[from] Grassy Terrain
|upkeep
|turn|9
|-message|Mildly Displeased forfeited.
|
|win|raezan
|raw|raezan's rating: 1496 &rarr; <strong>1521</strong><br />(+25 for winning)
|raw|Mildly Displeased's rating: 1578 &rarr; <strong>1553</strong><br />(-25 for losing)
|l|☆Mildly Displeased
|player|p2|
|l|☆raezan
|player|p1|
|l| Mertoo
