|j|☆Redby82
|j|☆Emberglint
|t:|1750871435
|gametype|doubles
|player|p1|Redby82|1|1138
|player|p2|Emberglint|skyla|1126
|teamsize|p1|6
|teamsize|p2|6
|gen|9
|tier|[Gen 9] VGC 2025 Reg I
|rated|
|rule|Species Clause: Limit one of each Pokémon
|rule|Item Clause: Limit 1 of each item
|clearpoke
|poke|p1|Calyrex-Shadow, L50|
|poke|p1|Politoed, L50, M|
|poke|p1|Miraidon, L50|
|poke|p1|Incineroar, L50, F|
|poke|p1|Amoonguss, L50, M|
|poke|p1|Tornadus, L50, M|
|poke|p2|Groudon, L50|
|poke|p2|Miraidon, L50|
|poke|p2|Iron Valiant, L50|
|poke|p2|Flygon, L50, F|
|poke|p2|Charizard, L50, M|
|poke|p2|Venusaur, L50, F|
|teampreview|4
|
|t:|1750871471
|start
|switch|p1a: Calyrex|Calyrex-Shadow, L50|100/100
|switch|p1b: Politoed|Politoed, L50, M|100/100
|switch|p2a: Nachos|Miraidon, L50|100/100
|switch|p2b: Karaya|Flygon, L50, F, shiny|100/100
|-ability|p1a: Calyrex|As One
|-ability|p1a: Calyrex|Unnerve
|-fieldstart|move: Electric Terrain|[from] ability: Hadron Engine|[of] p2a: Nachos
|-weather|RainDance|[from] ability: Drizzle|[of] p1b: Politoed
|turn|1
|
|t:|1750871496
|-terastallize|p2a: Nachos|Electric
|move|p1b: Politoed|Helping Hand|p1a: Calyrex
|-singleturn|p1a: Calyrex|Helping Hand|[of] p1b: Politoed
|move|p2a: Nachos|Discharge|p1a: Calyrex|[spread] p1a,p1b
|-immune|p2b: Karaya
|-supereffective|p1b: Politoed
|-damage|p1a: Calyrex|41/100
|-damage|p1b: Politoed|13/100
|move|p1a: Calyrex|Astral Barrage|p2a: Nachos|[spread] p2a,p2b
|-damage|p2a: Nachos|22/100
|-enditem|p2b: Karaya|Focus Sash
|-damage|p2b: Karaya|1/100
|move|p2b: Karaya|Tailwind|p2b: Karaya
|-sidestart|p2: Emberglint|move: Tailwind
|
|-weather|RainDance|[upkeep]
|upkeep
|turn|2
|
|t:|1750871534
|switch|p1a: Incineroar|Incineroar, L50, F|100/100
|-ability|p1a: Incineroar|Intimidate|boost
|-unboost|p2a: Nachos|atk|1
|-unboost|p2b: Karaya|atk|1
|move|p1b: Politoed|Protect|p1b: Politoed
|-singleturn|p1b: Politoed|Protect
|move|p2b: Karaya|Feint|p1b: Politoed
|-activate|p1b: Politoed|move: Feint
|-damage|p1b: Politoed|7/100
|move|p2a: Nachos|Discharge|p1a: Incineroar|[spread] p1a,p1b
|-immune|p2b: Karaya
|-supereffective|p1b: Politoed
|-damage|p1a: Incineroar|54/100
|-damage|p1b: Politoed|0 fnt
|faint|p1b: Politoed
|
|-weather|RainDance|[upkeep]
|upkeep
|
|t:|1750871549
|switch|p1b: Tornadus|Tornadus, L50, M, shiny|100/100
|turn|3
|
|t:|1750871566
|move|p2b: Karaya|Protect|p2b: Karaya
|-singleturn|p2b: Karaya|Protect
|move|p1a: Incineroar|Fake Out|p2a: Nachos
|-damage|p2a: Nachos|12/100
|move|p1b: Tornadus|Tailwind|p1b: Tornadus
|-sidestart|p1: Redby82|move: Tailwind
|move|p2a: Nachos|Volt Switch|p1b: Tornadus
|-supereffective|p1b: Tornadus
|-crit|p1b: Tornadus
|-damage|p1b: Tornadus|0 fnt
|faint|p1b: Tornadus
|
|t:|1750871579
|switch|p2a: Guts|Groudon, L50|100/100|[from] Volt Switch
|-weather|SunnyDay|[from] ability: Drought|[of] p2a: Guts
|
|-weather|SunnyDay|[upkeep]
|upkeep
|
|t:|1750871585
|switch|p1b: Calyrex|Calyrex-Shadow, L50|41/100
|-ability|p1b: Calyrex|As One
|-ability|p1b: Calyrex|Unnerve
|turn|4
|
|t:|1750871622
|move|p1b: Calyrex|Protect|p1b: Calyrex
|-singleturn|p1b: Calyrex|Protect
|move|p2b: Karaya|U-turn|p1a: Incineroar
|-damage|p1a: Incineroar|42/100
|-enditem|p1a: Incineroar|Sitrus Berry|[eat]
|-heal|p1a: Incineroar|67/100|[from] item: Sitrus Berry
|
|t:|1750871629
|switch|p2b: Dill|Venusaur, L50, F|100/100|[from] U-turn
|move|p2a: Guts|Precipice Blades|p1a: Incineroar|[spread] p1a
|-activate|p1b: Calyrex|move: Protect
|-supereffective|p1a: Incineroar
|-damage|p1a: Incineroar|0 fnt
|faint|p1a: Incineroar
|
|-weather|SunnyDay|[upkeep]
|-sideend|p2: Emberglint|move: Tailwind
|upkeep
|turn|5
|
|t:|1750871649
|move|p1b: Calyrex|Astral Barrage|p2a: Guts|[spread] p2a,p2b
|-damage|p2a: Guts|64/100
|-damage|p2b: Dill|31/100
|move|p2b: Dill|Sludge Bomb|p1b: Calyrex
|-resisted|p1b: Calyrex
|-damage|p1b: Calyrex|8/100
|move|p2a: Guts|Crunch|p1b: Calyrex
|-supereffective|p1b: Calyrex
|-damage|p1b: Calyrex|0 fnt
|faint|p1b: Calyrex
|
|win|Emberglint
|raw|Redby82's rating: 1138 &rarr; <strong>1112</strong><br />(-26 for losing)
|raw|Emberglint's rating: 1126 &rarr; <strong>1152</strong><br />(+26 for winning)
|l|☆Redby82
|player|p1|
|l|☆Emberglint
|player|p2|
