|j|☆bimbo mafioso
|j|☆Jack Adamstim
|t:|1750763492
|gametype|doubles
|player|p1|bimbo mafioso|swimmerf|1577
|player|p2|Jack Adamstim|wallace|1668
|teamsize|p1|6
|teamsize|p2|6
|gen|9
|tier|[Gen 9] VGC 2025 Reg I
|rated|
|rule|Species Clause: Limit one of each Pokémon
|rule|Item Clause: Limit 1 of each item
|clearpoke
|poke|p1|Urshifu-*, L50, M|
|poke|p1|Rillaboom, L50, F|
|poke|p1|Incineroar, L50, F|
|poke|p1|Zamazenta-*, L50|
|poke|p1|Ogerpon-Cornerstone, L50, F|
|poke|p1|Calyrex-Shadow, L50|
|poke|p2|Calyrex-Shadow, L50|
|poke|p2|Zamazenta-*, L50|
|poke|p2|Incineroar, L50, M|
|poke|p2|Whimsicott, L50, F|
|poke|p2|Raging Bolt, L50|
|poke|p2|Rillaboom, L50, F|
|teampreview|4
|inactive|Battle timer is ON: inactive players will automatically lose when time's up. (requested by bimbo mafioso)
|inactive|bimbo mafioso has 60 seconds left.
|inactive|Jack Adamstim has 60 seconds left.
|
|t:|1750763549
|start
|switch|p1a: Rillaboom|Rillaboom, L50, F|100/100
|switch|p1b: Calyrex|Calyrex-Shadow, L50|100/100
|switch|p2a: Zamazenta|Zamazenta-Crowned, L50|100/100
|switch|p2b: Incineroar|Incineroar, L50, M|100/100
|-ability|p1b: Calyrex|As One
|-ability|p1b: Calyrex|Unnerve
|-ability|p2a: Zamazenta|Dauntless Shield|boost
|-boost|p2a: Zamazenta|def|1
|-fieldstart|move: Grassy Terrain|[from] ability: Grassy Surge|[of] p1a: Rillaboom
|-ability|p2b: Incineroar|Intimidate|boost
|-unboost|p1a: Rillaboom|atk|1
|-unboost|p1b: Calyrex|atk|1
|turn|1
|
|t:|1750763566
|move|p1a: Rillaboom|Fake Out|p2b: Incineroar
|-damage|p2b: Incineroar|92/100
|-damage|p1a: Rillaboom|84/100|[from] item: Rocky Helmet|[of] p2b: Incineroar
|cant|p2b: Incineroar|flinch
|move|p1b: Calyrex|Nasty Plot|p1b: Calyrex
|-boost|p1b: Calyrex|spa|2
|move|p2a: Zamazenta|Body Press|p1a: Rillaboom
|-damage|p1a: Rillaboom|12/100
|
|-heal|p1a: Rillaboom|19/100|[from] Grassy Terrain
|-heal|p2b: Incineroar|98/100|[from] Grassy Terrain
|upkeep
|turn|2
|inactive|bimbo mafioso has 30 seconds left.
|inactive|bimbo mafioso has 20 seconds left.
|
|t:|1750763604
|move|p1b: Calyrex|Protect|p1b: Calyrex
|-singleturn|p1b: Calyrex|Protect
|move|p2a: Zamazenta|Heavy Slam|p1b: Calyrex
|-activate|p1b: Calyrex|move: Protect
|move|p1a: Rillaboom|U-turn|p2a: Zamazenta
|-resisted|p2a: Zamazenta
|-damage|p2a: Zamazenta|99/100
|
|t:|1750763612
|switch|p1a: Ogerpon|Ogerpon-Cornerstone, L50, F|100/100|[from] U-turn
|move|p2b: Incineroar|U-turn|p1a: Ogerpon
|-supereffective|p1a: Ogerpon
|-damage|p1a: Ogerpon|48/100
|inactive|Jack Adamstim has 30 seconds left.
|inactive|Jack Adamstim has 20 seconds left.
|
|t:|1750763648
|switch|p2b: Whimsicott|Whimsicott, L50, F|100/100|[from] U-turn
|
|-heal|p1a: Ogerpon|54/100|[from] Grassy Terrain
|-heal|p2a: Zamazenta|100/100|[from] Grassy Terrain
|upkeep
|turn|3
|
|t:|1750763666
|move|p2a: Zamazenta|Protect|p2a: Zamazenta
|-singleturn|p2a: Zamazenta|Protect
|move|p1a: Ogerpon|Follow Me|p1a: Ogerpon
|-singleturn|p1a: Ogerpon|move: Follow Me
|move|p2b: Whimsicott|Tailwind|p2b: Whimsicott
|-sidestart|p2: Jack Adamstim|move: Tailwind
|move|p1b: Calyrex|Astral Barrage|p2b: Whimsicott|[spread] p2b
|-activate|p2a: Zamazenta|move: Protect
|-damage|p2b: Whimsicott|0 fnt
|faint|p2b: Whimsicott
|-ability|p1b: Calyrex|Grim Neigh|boost
|-boost|p1b: Calyrex|spa|1
|-damage|p1b: Calyrex|91/100|[from] item: Life Orb
|
|-heal|p1b: Calyrex|97/100|[from] Grassy Terrain
|-heal|p1a: Ogerpon|59/100|[from] Grassy Terrain
|upkeep
|
|t:|1750763669
|switch|p2b: Calyrex|Calyrex-Shadow, L50|100/100
|-ability|p2b: Calyrex|As One
|-ability|p2b: Calyrex|Unnerve
|turn|4
|
|t:|1750763692
|move|p1b: Calyrex|Protect|p1b: Calyrex
|-singleturn|p1b: Calyrex|Protect
|move|p2b: Calyrex|Astral Barrage|p1b: Calyrex|[spread] p1a
|-activate|p1b: Calyrex|move: Protect
|-damage|p1a: Ogerpon|0 fnt
|faint|p1a: Ogerpon
|-ability|p2b: Calyrex|Grim Neigh|boost
|-boost|p2b: Calyrex|spa|1
|move|p2a: Zamazenta|Body Press|p1b: Calyrex
|-activate|p1b: Calyrex|move: Protect
|
|-heal|p1b: Calyrex|100/100|[from] Grassy Terrain
|upkeep
|
|t:|1750763714
|switch|p1a: Rillaboom|Rillaboom, L50, F|19/100
|turn|5
|
|t:|1750763729
|-terastallize|p1b: Calyrex|Dark
|move|p2a: Zamazenta|Protect|p2a: Zamazenta
|-singleturn|p2a: Zamazenta|Protect
|move|p1a: Rillaboom|Fake Out|p2a: Zamazenta
|-activate|p2a: Zamazenta|move: Protect
|move|p2b: Calyrex|Astral Barrage|p1b: Calyrex|[spread] p1a,p1b
|-resisted|p1b: Calyrex
|-damage|p1a: Rillaboom|0 fnt
|-damage|p1b: Calyrex|62/100
|faint|p1a: Rillaboom
|-ability|p2b: Calyrex|Grim Neigh|boost
|-boost|p2b: Calyrex|spa|1
|move|p1b: Calyrex|Psychic|p2b: Calyrex
|-resisted|p2b: Calyrex
|-crit|p2b: Calyrex
|-enditem|p2b: Calyrex|Focus Sash
|-damage|p2b: Calyrex|1/100
|-damage|p1b: Calyrex|53/100|[from] item: Life Orb
|
|-heal|p2b: Calyrex|7/100|[from] Grassy Terrain
|-heal|p1b: Calyrex|59/100|[from] Grassy Terrain
|-fieldend|move: Grassy Terrain
|upkeep
|
|t:|1750763738
|switch|p1a: Incineroar|Incineroar, L50, F|100/100
|-ability|p1a: Incineroar|Intimidate|boost
|-unboost|p2a: Zamazenta|atk|1
|-unboost|p2b: Calyrex|atk|1
|turn|6
|
|t:|1750763750
|-terastallize|p2b: Calyrex|Dark
|move|p1a: Incineroar|Fake Out|p2a: Zamazenta
|-resisted|p2a: Zamazenta
|-damage|p2a: Zamazenta|98/100
|move|p2b: Calyrex|Encore|p1b: Calyrex
|-start|p1b: Calyrex|Encore
|cant|p2a: Zamazenta|flinch
|move|p1b: Calyrex|Psychic|p2b: Calyrex
|-immune|p2b: Calyrex
|
|-sideend|p2: Jack Adamstim|move: Tailwind
|upkeep
|turn|7
|
|t:|1750763773
|move|p1b: Calyrex|Psychic|p2a: Zamazenta
|-damage|p2a: Zamazenta|0 fnt
|faint|p2a: Zamazenta
|-ability|p1b: Calyrex|Grim Neigh|boost
|-boost|p1b: Calyrex|spa|1
|-damage|p1b: Calyrex|49/100|[from] item: Life Orb
|move|p2b: Calyrex|Astral Barrage|p1a: Incineroar|[spread] p1a,p1b
|-resisted|p1a: Incineroar
|-resisted|p1b: Calyrex
|-damage|p1a: Incineroar|56/100
|-damage|p1b: Calyrex|1/100
|move|p1a: Incineroar|Knock Off|p2b: Calyrex
|-resisted|p2b: Calyrex
|-damage|p2b: Calyrex|0 fnt
|faint|p2b: Calyrex
|
|upkeep
|
|t:|1750763786
|switch|p2b: Incineroar|Incineroar, L50, M|98/100
|-ability|p2b: Incineroar|Intimidate|boost
|-unboost|p1a: Incineroar|atk|1
|-unboost|p1b: Calyrex|atk|1
|turn|8
|
|t:|1750763795
|move|p2b: Incineroar|Fake Out|p1b: Calyrex
|-damage|p1b: Calyrex|0 fnt
|faint|p1b: Calyrex
|move|p1a: Incineroar|Knock Off|p2b: Incineroar
|-resisted|p2b: Incineroar
|-damage|p2b: Incineroar|85/100
|-damage|p1a: Incineroar|40/100|[from] item: Rocky Helmet|[of] p2b: Incineroar
|-enditem|p2b: Incineroar|Rocky Helmet|[from] move: Knock Off|[of] p1a: Incineroar
|
|upkeep
|turn|9
|
|t:|1750763803
|move|p2b: Incineroar|Knock Off|p1a: Incineroar
|-resisted|p1a: Incineroar
|-damage|p1a: Incineroar|25/100
|-damage|p2b: Incineroar|69/100|[from] item: Rocky Helmet|[of] p1a: Incineroar
|-enditem|p1a: Incineroar|Rocky Helmet|[from] move: Knock Off|[of] p2b: Incineroar
|move|p1a: Incineroar|Knock Off|p2b: Incineroar
|-resisted|p2b: Incineroar
|-damage|p2b: Incineroar|60/100
|
|upkeep
|turn|10
|
|t:|1750763814
|move|p2b: Incineroar|Knock Off|p1a: Incineroar
|-resisted|p1a: Incineroar
|-damage|p1a: Incineroar|15/100
|move|p1a: Incineroar|Knock Off|p2b: Incineroar
|-resisted|p2b: Incineroar
|-damage|p2b: Incineroar|52/100
|
|upkeep
|turn|11
|
|t:|1750763819
|move|p2b: Incineroar|Knock Off|p1a: Incineroar
|-resisted|p1a: Incineroar
|-damage|p1a: Incineroar|5/100
|move|p1a: Incineroar|Knock Off|p2b: Incineroar
|-resisted|p2b: Incineroar
|-damage|p2b: Incineroar|44/100
|
|upkeep
|turn|12
|
|t:|1750763826
|move|p2b: Incineroar|Knock Off|p1a: Incineroar
|-resisted|p1a: Incineroar
|-damage|p1a: Incineroar|0 fnt
|faint|p1a: Incineroar
|
|win|Jack Adamstim
|raw|bimbo mafioso's rating: 1577 &rarr; <strong>1562</strong><br />(-15 for losing)
|raw|Jack Adamstim's rating: 1668 &rarr; <strong>1683</strong><br />(+15 for winning)
|l|☆Jack Adamstim
|player|p2|
