|j|☆i_epix
|j|☆Crocalors
|t:|1750813175
|gametype|doubles
|player|p1|i_epix|pokekid|1454
|player|p2|Crocalors|youngster-gen4|1453
|teamsize|p1|6
|teamsize|p2|6
|gen|9
|tier|[Gen 9] VGC 2025 Reg I
|rated|
|rule|Species Clause: Limit one of each Pokémon
|rule|Item Clause: Limit 1 of each item
|clearpoke
|poke|p1|Iron Boulder, L50|
|poke|p1|Miraidon, L50|
|poke|p1|Ho-Oh, L50|
|poke|p1|Whimsicott, L50, F|
|poke|p1|Urshifu-*, L50, M|
|poke|p1|Ogerpon-Wellspring, L50, F|
|poke|p2|Koraidon, L50|
|poke|p2|Raging Bolt, L50|
|poke|p2|Chien-Pao, L50|
|poke|p2|Zamazenta-*, L50|
|poke|p2|Incineroar, L50, M|
|poke|p2|Scream Tail, L50|
|teampreview|4
|inactive|Battle timer is ON: inactive players will automatically lose when time's up. (requested by i_epix)
Crocalors has agreed to open team sheets.
i_epix has agreed to open team sheets.
|showteam|p1|Iron Boulder||ChoiceBand|QuarkDrive|MightyCleave,ThroatChop,CloseCombat,PsychoCut||||||50|,,,,,Rock]Miraidon||AssaultVest|HadronEngine|ElectroDrift,VoltSwitch,DracoMeteor,Snarl||||||50|,,,,,Electric]Ho-Oh||Leftovers|Regenerator|SacredFire,BraveBird,HelpingHand,Protect||||||50|,,,,,Grass]Whimsicott||CovertCloak|Prankster|Tailwind,Encore,HelpingHand,Moonblast|||F|||50|,,,,,Dark]Urshifu||FocusSash|UnseenFist|WickedBlow,SuckerPunch,Protect,CloseCombat|||M|||50|,,,,,Poison]Ogerpon-Wellspring||WellspringMask|WaterAbsorb|SpikyShield,FollowMe,IvyCudgel,HornLeech|||F|||50|,,,,,Water
|showteam|p2|Koraidon||LifeOrb|OrichalcumPulse|CloseCombat,FlameCharge,Protect,FlareBlitz||||||50|,,,,,Fire]Raging Bolt||AssaultVest|Protosynthesis|Electroweb,Thunderclap,DragonPulse,Thunderbolt||||||50|,,,,,Fairy]Chien-Pao||FocusSash|SwordofRuin|IceSpinner,Crunch,SuckerPunch,Protect||||||50|,,,,,Stellar]Zamazenta-Crowned||RustedShield|DauntlessShield|BodyPress,behemothbash,WideGuard,Protect||||||50|,,,,,Dragon]Incineroar||SafetyGoggles|Intimidate|KnockOff,FlareBlitz,PartingShot,FakeOut|||M|||50|,,,,,Bug]Scream Tail||BoosterEnergy|Protosynthesis|Encore,Disable,Protect,DazzlingGleam||||||50|,,,,,Dark
|inactive|i_epix has 60 seconds left.
|inactive|Crocalors has 60 seconds left.
|
|t:|1750813233
|start
|switch|p1a: Whimsicott|Whimsicott, L50, F|100/100
|switch|p1b: Miraidon|Miraidon, L50|100/100
|switch|p2a: Zamazenta|Zamazenta-Crowned, L50|100/100
|switch|p2b: Chien-Pao|Chien-Pao, L50|100/100
|-ability|p2b: Chien-Pao|Sword of Ruin
|-fieldstart|move: Electric Terrain|[from] ability: Hadron Engine|[of] p1b: Miraidon
|-ability|p2a: Zamazenta|Dauntless Shield|boost
|-boost|p2a: Zamazenta|def|1
|turn|1
|
|t:|1750813250
|move|p1a: Whimsicott|Tailwind|p1a: Whimsicott
|-sidestart|p1: i_epix|move: Tailwind
|move|p1b: Miraidon|Electro Drift|p2a: Zamazenta
|-damage|p2a: Zamazenta|27/100
|move|p2b: Chien-Pao|Ice Spinner|p1b: Miraidon
|-supereffective|p1b: Miraidon
|-damage|p1b: Miraidon|10/100
|-fieldend|move: Electric Terrain
|move|p2a: Zamazenta|Behemoth Bash|p1a: Whimsicott
|-supereffective|p1a: Whimsicott
|-damage|p1a: Whimsicott|0 fnt
|faint|p1a: Whimsicott
|
|upkeep
|
|t:|1750813268
|switch|p1a: Iron Boulder|Iron Boulder, L50|100/100
|turn|2
|
|t:|1750813281
|switch|p1b: Ho-Oh|Ho-Oh, L50|100/100
|move|p2b: Chien-Pao|Protect|p2b: Chien-Pao
|-singleturn|p2b: Chien-Pao|Protect
|move|p2a: Zamazenta|Protect|p2a: Zamazenta
|-singleturn|p2a: Zamazenta|Protect
|move|p1a: Iron Boulder|Mighty Cleave|p2b: Chien-Pao
|-supereffective|p2b: Chien-Pao
|-enditem|p2b: Chien-Pao|Focus Sash
|-damage|p2b: Chien-Pao|1/100
|
|upkeep
|turn|3
|inactive|i_epix has 30 seconds left.
|inactive|i_epix has 20 seconds left.
|
|t:|1750813319
|-end|p1a: Iron Boulder|Quark Drive|[silent]
|switch|p1a: Miraidon|Miraidon, L50|10/100
|-fieldstart|move: Electric Terrain|[from] ability: Hadron Engine|[of] p1a: Miraidon
|move|p2b: Chien-Pao|Sucker Punch||[still]
|-fail|p2b: Chien-Pao
|move|p1b: Ho-Oh|Sacred Fire|p2a: Zamazenta
|-supereffective|p2a: Zamazenta
|-damage|p2a: Zamazenta|0 fnt
|faint|p2a: Zamazenta
|
|upkeep
|
|t:|1750813323
|switch|p2a: Raging Bolt|Raging Bolt, L50|100/100
|turn|4
|inactive|i_epix has 30 seconds left.
|inactive|Crocalors has 30 seconds left.
|inactive|i_epix has 20 seconds left.
|
|t:|1750813360
|switch|p1a: Iron Boulder|Iron Boulder, L50|100/100
|-activate|p1a: Iron Boulder|ability: Quark Drive
|-start|p1a: Iron Boulder|quarkdrivespe
|-terastallize|p1b: Ho-Oh|Grass
|move|p2b: Chien-Pao|Protect|p2b: Chien-Pao
|-singleturn|p2b: Chien-Pao|Protect
|move|p1b: Ho-Oh|Brave Bird|p2b: Chien-Pao
|-activate|p2b: Chien-Pao|move: Protect
|move|p2a: Raging Bolt|Electroweb|p1b: Ho-Oh|[spread] p1a,p1b
|-resisted|p1b: Ho-Oh
|-damage|p1a: Iron Boulder|73/100
|-damage|p1b: Ho-Oh|92/100
|-unboost|p1a: Iron Boulder|spe|1
|-unboost|p1b: Ho-Oh|spe|1
|
|-heal|p1b: Ho-Oh|98/100|[from] item: Leftovers
|-sideend|p1: i_epix|move: Tailwind
|upkeep
|turn|5
|inactive|i_epix has 30 seconds left.
|inactive|Crocalors has 30 seconds left.
|
|t:|1750813393
|move|p1b: Ho-Oh|Protect|p1b: Ho-Oh
|-singleturn|p1b: Ho-Oh|Protect
|move|p2b: Chien-Pao|Crunch|p1a: Iron Boulder
|-supereffective|p1a: Iron Boulder
|-damage|p1a: Iron Boulder|0 fnt
|faint|p1a: Iron Boulder
|-end|p1a: Iron Boulder|Quark Drive|[silent]
|move|p2a: Raging Bolt|Dragon Pulse|p1b: Ho-Oh
|-activate|p1b: Ho-Oh|move: Protect
|
|-heal|p1b: Ho-Oh|100/100|[from] item: Leftovers
|upkeep
|
|t:|1750813400
|switch|p1a: Miraidon|Miraidon, L50|10/100
|-activate|p1a: Miraidon|ability: Hadron Engine
|turn|6
|
|t:|1750813412
|move|p2b: Chien-Pao|Sucker Punch|p1a: Miraidon
|-damage|p1a: Miraidon|0 fnt
|faint|p1a: Miraidon
|move|p2a: Raging Bolt|Dragon Pulse|p1b: Ho-Oh
|-damage|p1b: Ho-Oh|74/100
|move|p1b: Ho-Oh|Brave Bird|p2b: Chien-Pao
|-damage|p2b: Chien-Pao|0 fnt
|faint|p2b: Chien-Pao
|-damage|p1b: Ho-Oh|73/100|[from] Recoil
|
|-heal|p1b: Ho-Oh|79/100|[from] item: Leftovers
|upkeep
|
|t:|1750813416
|switch|p2b: Koraidon|Koraidon, L50|100/100
|-weather|SunnyDay|[from] ability: Orichalcum Pulse|[of] p2b: Koraidon
|-activate|p2a: Raging Bolt|ability: Protosynthesis
|-start|p2a: Raging Bolt|protosynthesisspa
|-activate|p2b: Koraidon|Orichalcum Pulse|[source]
|turn|7
|
|t:|1750813421
|-terastallize|p2b: Koraidon|Fire
|move|p1b: Ho-Oh|Protect|p1b: Ho-Oh
|-singleturn|p1b: Ho-Oh|Protect
|move|p2b: Koraidon|Flare Blitz|p1b: Ho-Oh
|-activate|p1b: Ho-Oh|move: Protect
|move|p2a: Raging Bolt|Dragon Pulse|p1b: Ho-Oh
|-activate|p1b: Ho-Oh|move: Protect
|
|-weather|SunnyDay|[upkeep]
|-heal|p1b: Ho-Oh|85/100|[from] item: Leftovers
|-fieldend|move: Electric Terrain
|upkeep
|turn|8
|inactive|Crocalors has 30 seconds left.
|inactive|Crocalors has 20 seconds left.
|inactive|Crocalors has 15 seconds left.
|
|t:|1750813463
|move|p2b: Koraidon|Flare Blitz|p1b: Ho-Oh
|-supereffective|p1b: Ho-Oh
|-damage|p1b: Ho-Oh|0 fnt
|faint|p1b: Ho-Oh
|-damage|p2b: Koraidon|68/100|[from] Recoil
|-damage|p2b: Koraidon|58/100|[from] item: Life Orb
|
|win|Crocalors
|raw|i_epix's rating: 1454 &rarr; <strong>1434</strong><br />(-20 for losing)
|raw|Crocalors's rating: 1453 &rarr; <strong>1473</strong><br />(+20 for winning)
|l|☆i_epix
|player|p1|
|l|☆Crocalors
|player|p2|
