|j|☆Dakimakura69
|j|☆shockeim
|t:|1750768740
|gametype|doubles
|player|p1|Dakimakura69|cynthia|1472
|player|p2|shockeim|palmer|1462
|teamsize|p1|6
|teamsize|p2|6
|gen|9
|tier|[Gen 9] VGC 2025 Reg I
|rated|
|rule|Species Clause: Limit one of each Pokémon
|rule|Item Clause: Limit 1 of each item
|clearpoke
|poke|p1|Lunala, L50|
|poke|p1|Koraidon, L50|
|poke|p1|Flutter Mane, L50|
|poke|p1|Indeedee-F, L50, F|
|poke|p1|Ogerpon-Cornerstone, L50, F|
|poke|p1|Chi-Yu, L50|
|poke|p2|Miraidon, L50|
|poke|p2|Calyrex-Shadow, L50|
|poke|p2|Ogerpon-Cornerstone, L50, F|
|poke|p2|Whimsicott, L50, F|
|poke|p2|Iron Hands, L50|
|poke|p2|Urshifu-*, L50, F|
|teampreview|4
Dakimakura69 rejected open team sheets.
|inactive|Battle timer is ON: inactive players will automatically lose when time's up. (requested by Dakimakura69)
|
|t:|1750768808
|start
|switch|p1a: Koraidon|Koraidon, L50|100/100
|switch|p1b: Flutter Mane|Flutter Mane, L50|100/100
|switch|p2a: Miraidon|Miraidon, L50|100/100
|switch|p2b: Iron Hands|Iron Hands, L50|100/100
|-weather|SunnyDay|[from] ability: Orichalcum Pulse|[of] p1a: Koraidon
|-activate|p1b: Flutter Mane|ability: Protosynthesis
|-start|p1b: Flutter Mane|protosynthesisspe
|-activate|p1a: Koraidon|Orichalcum Pulse|[source]
|-fieldstart|move: Electric Terrain|[from] ability: Hadron Engine|[of] p2a: Miraidon
|-activate|p2b: Iron Hands|ability: Quark Drive
|-start|p2b: Iron Hands|quarkdriveatk
|turn|1
|inactive|Dakimakura69 has 30 seconds left.
|inactive|shockeim has 30 seconds left.
|inactive|Dakimakura69 has 20 seconds left.
|inactive|shockeim has 20 seconds left.
|inactive|Dakimakura69 has 15 seconds left.
|inactive|shockeim has 15 seconds left.
|
|t:|1750768852
|-end|p1b: Flutter Mane|Protosynthesis|[silent]
|switch|p1b: Indeedee|Indeedee-F, L50, F|100/100
|-fieldstart|move: Psychic Terrain|[from] ability: Psychic Surge|[of] p1b: Indeedee
|-end|p2b: Iron Hands|Quark Drive
|-terastallize|p2a: Miraidon|Fairy
|move|p2b: Iron Hands|Fake Out|p1b: Indeedee
|-activate|p1b: Indeedee|move: Psychic Terrain
|move|p1a: Koraidon|Close Combat|p2a: Miraidon
|-resisted|p2a: Miraidon
|-damage|p2a: Miraidon|47/100
|-unboost|p1a: Koraidon|def|1
|-unboost|p1a: Koraidon|spd|1
|-damage|p1a: Koraidon|91/100|[from] item: Life Orb
|move|p2a: Miraidon|Electro Drift|p1a: Koraidon
|-resisted|p1a: Koraidon
|-damage|p1a: Koraidon|25/100
|
|-weather|SunnyDay|[upkeep]
|upkeep
|turn|2
|inactive|Dakimakura69 has 30 seconds left.
|inactive|Dakimakura69 has 20 seconds left.
|
|t:|1750768890
|move|p1b: Indeedee|Follow Me|p1b: Indeedee
|-singleturn|p1b: Indeedee|move: Follow Me
|move|p1a: Koraidon|Flare Blitz|p2a: Miraidon
|-damage|p2a: Miraidon|0 fnt
|faint|p2a: Miraidon
|-damage|p1a: Koraidon|9/100|[from] Recoil
|-damage|p1a: Koraidon|0 fnt|[from] item: Life Orb
|faint|p1a: Koraidon
|move|p2b: Iron Hands|Drain Punch|p1b: Indeedee
|-damage|p1b: Indeedee|58/100
|-damage|p2b: Iron Hands|84/100|[from] item: Rocky Helmet|[of] p1b: Indeedee
|
|-weather|SunnyDay|[upkeep]
|upkeep
|c|☆Dakimakura69|Oh xD
|c|☆shockeim|lel
|
|t:|1750768911
|switch|p1a: Flutter Mane|Flutter Mane, L50|100/100
|switch|p2a: Calyrex|Calyrex-Shadow, L50|100/100
|-ability|p2a: Calyrex|As One
|-ability|p2a: Calyrex|Unnerve
|-activate|p1a: Flutter Mane|ability: Protosynthesis
|-start|p1a: Flutter Mane|protosynthesisspe
|turn|3
|c|☆Dakimakura69|totally new team, I have no clue xd
|c|☆shockeim|same
|inactive|Dakimakura69 has 30 seconds left.
|inactive|Dakimakura69 has 20 seconds left.
|inactive|Dakimakura69 has 15 seconds left.
|inactive|Dakimakura69 has 10 seconds left.
|
|t:|1750768956
|move|p2a: Calyrex|Protect|p2a: Calyrex
|-singleturn|p2a: Calyrex|Protect
|move|p1a: Flutter Mane|Icy Wind|p2b: Iron Hands|[spread] p2b
|-activate|p2a: Calyrex|move: Protect
|-damage|p2b: Iron Hands|77/100
|-unboost|p2b: Iron Hands|spe|1
|move|p1b: Indeedee|Shadow Ball|p2a: Calyrex
|-activate|p2a: Calyrex|move: Protect
|move|p2b: Iron Hands|Wild Charge|p1b: Indeedee
|-damage|p1b: Indeedee|7/100
|-damage|p2b: Iron Hands|61/100|[from] item: Rocky Helmet|[of] p1b: Indeedee
|-damage|p2b: Iron Hands|52/100|[from] Recoil
|
|-weather|SunnyDay|[upkeep]
|upkeep
|turn|4
|inactive|Dakimakura69 has 30 seconds left.
|inactive|Dakimakura69 has 20 seconds left.
|inactive|Dakimakura69 has 15 seconds left.
|inactive|Dakimakura69 has 10 seconds left.
|
|t:|1750769006
|-terastallize|p1a: Flutter Mane|Normal
|move|p1b: Indeedee|Follow Me|p1b: Indeedee
|-singleturn|p1b: Indeedee|move: Follow Me
|move|p1a: Flutter Mane|Shadow Ball|p2a: Calyrex
|-supereffective|p2a: Calyrex
|-damage|p2a: Calyrex|0 fnt
|faint|p2a: Calyrex
|move|p2b: Iron Hands|Drain Punch|p1b: Indeedee
|-damage|p1b: Indeedee|0 fnt
|-heal|p2b: Iron Hands|54/100|[from] drain|[of] p1b: Indeedee
|-damage|p2b: Iron Hands|38/100|[from] item: Rocky Helmet|[of] p1b: Indeedee
|faint|p1b: Indeedee
|
|-weather|SunnyDay|[upkeep]
|upkeep
|
|t:|1750769018
|switch|p2a: Ogerpon|Ogerpon-Cornerstone, L50, F|100/100
|switch|p1b: Lunala|Lunala, L50|100/100
|turn|5
|inactive|Dakimakura69 has 30 seconds left.
|inactive|shockeim has 30 seconds left.
|
|t:|1750769050
|move|p2a: Ogerpon|Follow Me|p2a: Ogerpon
|-singleturn|p2a: Ogerpon|move: Follow Me
|move|p1a: Flutter Mane|Moonblast|p2a: Ogerpon
|-damage|p2a: Ogerpon|41/100
|-unboost|p2a: Ogerpon|spa|1
|move|p1b: Lunala|Expanding Force|p2a: Ogerpon|[spread] p2a,p2b
|-supereffective|p2b: Iron Hands
|-damage|p2a: Ogerpon|0 fnt
|-damage|p2b: Iron Hands|0 fnt
|faint|p2a: Ogerpon
|faint|p2b: Iron Hands
|-end|p2b: Iron Hands|Quark Drive|[silent]
|
|win|Dakimakura69
|raw|Dakimakura69's rating: 1472 &rarr; <strong>1491</strong><br />(+19 for winning)
|raw|shockeim's rating: 1462 &rarr; <strong>1443</strong><br />(-19 for losing)
|c|☆shockeim|gg
|c|☆Dakimakura69|gg
|l|☆shockeim
|player|p2|
|c|☆Dakimakura69|i like this team I guess
