|j|☆ArosConPollo85
|j|☆caZISA
|t:|1750734356
|gametype|doubles
|player|p1|ArosConPollo85|2|1536
|player|p2|caZISA|red|1620
|teamsize|p1|6
|teamsize|p2|6
|gen|9
|tier|[Gen 9] VGC 2025 Reg I
|rated|
|rule|Species Clause: Limit one of each Pokémon
|rule|Item Clause: Limit 1 of each item
|clearpoke
|poke|p1|Araquanid, L50, F|
|poke|p1|Miraidon, L50|
|poke|p1|Incineroar, L50, F|
|poke|p1|Iron Leaves, L50|
|poke|p1|Calyrex-Ice, L50|
|poke|p1|Farigiraf, L50, M|
|poke|p2|Calyrex-Ice, L50|
|poke|p2|Kyogre, L50|
|poke|p2|Landorus, L50, M|
|poke|p2|Amoonguss, L50, F|
|poke|p2|Farigiraf, L50, F|
|poke|p2|Incineroar, L50, F|
|teampreview|4
|inactive|Battle timer is ON: inactive players will automatically lose when time's up. (requested by ArosConPollo85)
|
|t:|1750734378
|start
|switch|p1a: Miraidon|Miraidon, L50|100/100
|switch|p1b: Iron Leaves|Iron Leaves, L50|100/100
|switch|p2a: Cebolla|Calyrex-Ice, L50|100/100
|switch|p2b: sporini|Amoonguss, L50, F|100/100
|-ability|p2a: Cebolla|As One
|-ability|p2a: Cebolla|Unnerve
|-fieldstart|move: Electric Terrain|[from] ability: Hadron Engine|[of] p1a: Miraidon
|-activate|p1b: Iron Leaves|ability: Quark Drive
|-start|p1b: Iron Leaves|quarkdrivespe
|turn|1
|
|t:|1750734390
|move|p2b: sporini|Rage Powder|p2b: sporini
|-singleturn|p2b: sporini|move: Rage Powder
|move|p1b: Iron Leaves|Psyblade|p2b: sporini
|-supereffective|p2b: sporini
|-damage|p2b: sporini|0 fnt
|-damage|p1b: Iron Leaves|84/100|[from] item: Rocky Helmet|[of] p2b: sporini
|faint|p2b: sporini
|-damage|p1b: Iron Leaves|74/100|[from] item: Life Orb
|move|p1a: Miraidon|Volt Switch|p2a: Cebolla
|-damage|p2a: Cebolla|36/100
|
|t:|1750734404
|switch|p1a: Calyrex|Calyrex-Ice, L50|100/100|[from] Volt Switch
|-ability|p1a: Calyrex|As One
|-ability|p1a: Calyrex|Unnerve
|move|p2a: Cebolla|Trick Room|p2a: Cebolla
|-fieldstart|move: Trick Room|[of] p2a: Cebolla
|
|upkeep
|inactive|caZISA has 30 seconds left.
|inactive|caZISA has 20 seconds left.
|inactive|caZISA has 15 seconds left.
|inactive|caZISA has 10 seconds left.
|
|t:|1750734453
|switch|p2b: Dory|Kyogre, L50|100/100
|-weather|RainDance|[from] ability: Drizzle|[of] p2b: Dory
|turn|2
|
|t:|1750734464
|-end|p1b: Iron Leaves|Quark Drive|[silent]
|switch|p1b: Araquanid|Araquanid, L50, F|100/100
|move|p1a: Calyrex|Seed Bomb|p2b: Dory
|-supereffective|p2b: Dory
|-damage|p2b: Dory|33/100
|move|p2a: Cebolla|Glacial Lance|p1a: Calyrex|[spread] p1a,p1b
|-resisted|p1a: Calyrex
|-resisted|p1b: Araquanid
|-damage|p1a: Calyrex|84/100
|-damage|p1b: Araquanid|71/100
|move|p2b: Dory|Water Spout|p1b: Araquanid|[spread] p1a,p1b
|-resisted|p1b: Araquanid
|-damage|p1a: Calyrex|65/100
|-damage|p1b: Araquanid|52/100
|
|-weather|RainDance|[upkeep]
|upkeep
|turn|3
|
|t:|1750734481
|switch|p2b: Melman|Farigiraf, L50, F|100/100
|-enditem|p2b: Melman|Electric Seed
|-boost|p2b: Melman|def|1|[from] item: Electric Seed
|move|p2a: Cebolla|Protect|p2a: Cebolla
|-singleturn|p2a: Cebolla|Protect
|move|p1b: Araquanid|Wide Guard|p1b: Araquanid
|-singleturn|p1b: Araquanid|Wide Guard
|move|p1a: Calyrex|Glacial Lance|p2b: Melman|[spread] p2b
|-activate|p2a: Cebolla|move: Protect
|-damage|p2b: Melman|68/100
|
|-weather|RainDance|[upkeep]
|upkeep
|turn|4
|
|t:|1750734497
|-terastallize|p2a: Cebolla|Water
|move|p1b: Araquanid|Liquidation|p2a: Cebolla
|-resisted|p2a: Cebolla
|-damage|p2a: Cebolla|9/100
|move|p1a: Calyrex|Crunch|p2b: Melman
|-supereffective|p2b: Melman
|-damage|p2b: Melman|31/100
|move|p2a: Cebolla|Glacial Lance|p1b: Araquanid|[spread] p1a,p1b
|-resisted|p1a: Calyrex
|-resisted|p1b: Araquanid
|-damage|p1a: Calyrex|49/100
|-damage|p1b: Araquanid|25/100
|move|p2b: Melman|Foul Play|p1a: Calyrex
|-supereffective|p1a: Calyrex
|-damage|p1a: Calyrex|5/100
|
|-weather|RainDance|[upkeep]
|upkeep
|turn|5
|
|t:|1750734509
|move|p2a: Cebolla|Protect|p2a: Cebolla
|-singleturn|p2a: Cebolla|Protect
|move|p1b: Araquanid|Wide Guard|p1b: Araquanid
|-singleturn|p1b: Araquanid|Wide Guard
|move|p1a: Calyrex|Glacial Lance|p2a: Cebolla|[spread] p2b
|-activate|p2a: Cebolla|move: Protect
|-damage|p2b: Melman|0 fnt
|faint|p2b: Melman
|-ability|p1a: Calyrex|Chilling Neigh|boost
|-boost|p1a: Calyrex|atk|1
|
|-weather|RainDance|[upkeep]
|-fieldend|move: Trick Room
|-fieldend|move: Electric Terrain
|upkeep
|
|t:|1750734512
|switch|p2b: Dory|Kyogre, L50|33/100
|turn|6
|
|t:|1750734527
|move|p1b: Araquanid|Wide Guard|p1b: Araquanid
|-singleturn|p1b: Araquanid|Wide Guard
|move|p2b: Dory|Hydro Pump|p1a: Calyrex|[miss]
|-miss|p2b: Dory|p1a: Calyrex
|move|p1a: Calyrex|Glacial Lance|p2a: Cebolla|[spread] p2a,p2b
|-resisted|p2a: Cebolla
|-crit|p2a: Cebolla
|-resisted|p2b: Dory
|-damage|p2a: Cebolla|0 fnt
|-damage|p2b: Dory|0 fnt
|faint|p2a: Cebolla
|faint|p2b: Dory
|
|win|ArosConPollo85
|raw|ArosConPollo85's rating: 1536 &rarr; <strong>1561</strong><br />(+25 for winning)
|raw|caZISA's rating: 1620 &rarr; <strong>1595</strong><br />(-25 for losing)
|l|☆caZISA
|player|p2|
|l|☆ArosConPollo85
|player|p1|
|j|☆ArosConPollo85
|player|p1|ArosConPollo85|2|
|l|☆ArosConPollo85
|player|p1|
