|j|☆Stargazer16
|j|☆SpinnerVGC
|t:|1750714401
|gametype|doubles
|player|p1|Stargazer16|clerkf|1271
|player|p2|SpinnerVGC|benga|1278
|teamsize|p1|6
|teamsize|p2|6
|gen|9
|tier|[Gen 9] VGC 2025 Reg I
|rated|
|rule|Species Clause: Limit one of each Pokémon
|rule|Item Clause: Limit 1 of each item
|clearpoke
|poke|p1|Kyogre, L50|
|poke|p1|Zamazenta-*, L50|
|poke|p1|Rillaboom, L50, M|
|poke|p1|Tornadus, L50, M|
|poke|p1|Farigiraf, L50, F|
|poke|p1|Basculegion, L50, M|
|poke|p2|Calyrex-Ice, L50|
|poke|p2|Mewtwo, L50|
|poke|p2|Indeedee-F, L50, F|
|poke|p2|Incineroar, L50, M|
|poke|p2|Urshifu-*, L50, F|
|poke|p2|Ogerpon-Cornerstone, L50, F|
|teampreview|4
|inactive|Battle timer is ON: inactive players will automatically lose when time's up. (requested by Stargazer16)
|inactive|SpinnerVGC also wants the timer to be on.
SpinnerVGC rejected open team sheets.
|inactive|Stargazer16 has 60 seconds left.
|
|t:|1750714455
|start
|switch|p1a: Kyogre|Kyogre, L50|100/100
|switch|p1b: Farigiraf|Farigiraf, L50, F|100/100
|switch|p2a: Mewtwo|Mewtwo, L50, shiny|100/100
|switch|p2b: Ogerpon|Ogerpon-Cornerstone, L50, F|100/100
|-weather|RainDance|[from] ability: Drizzle|[of] p1a: Kyogre
|-ability|p2a: Mewtwo|Pressure
|turn|1
|inactive|Stargazer16 has 30 seconds left.
|
|t:|1750714480
|-terastallize|p1a: Kyogre|Grass
|move|p2a: Mewtwo|Protect|p2a: Mewtwo
|-singleturn|p2a: Mewtwo|Protect
|move|p1a: Kyogre|Water Spout|p2a: Mewtwo|[spread] p2b
|-activate|p2a: Mewtwo|move: Protect
|-ability|p2b: Ogerpon|Sturdy
|-damage|p2b: Ogerpon|1/100
|move|p2b: Ogerpon|Power Whip|p1a: Kyogre
|-resisted|p1a: Kyogre
|-damage|p1a: Kyogre|60/100
|move|p1b: Farigiraf|Foul Play|p2b: Ogerpon
|-damage|p2b: Ogerpon|0 fnt
|faint|p2b: Ogerpon
|
|-weather|RainDance|[upkeep]
|upkeep
|
|t:|1750714491
|switch|p2b: Calyrex|Calyrex-Ice, L50|100/100
|-ability|p2b: Calyrex|As One
|-ability|p2b: Calyrex|Unnerve
|turn|2
|
|t:|1750714504
|switch|p2b: Indeedee|Indeedee-F, L50, F|100/100
|-fieldstart|move: Psychic Terrain|[from] ability: Psychic Surge|[of] p2b: Indeedee
|-terastallize|p2a: Mewtwo|Psychic
|move|p1b: Farigiraf|Helping Hand|p1a: Kyogre
|-singleturn|p1a: Kyogre|Helping Hand|[of] p1b: Farigiraf
|move|p1a: Kyogre|Water Spout|p2a: Mewtwo|[spread] p2a,p2b
|-damage|p2a: Mewtwo|1/100
|-damage|p2b: Indeedee|26/100
|move|p2a: Mewtwo|Expanding Force|p1a: Kyogre|[spread] p1a,p1b
|-resisted|p1b: Farigiraf
|-damage|p1a: Kyogre|0 fnt
|-damage|p1b: Farigiraf|52/100
|faint|p1a: Kyogre
|
|-weather|RainDance|[upkeep]
|-heal|p1b: Farigiraf|58/100|[from] item: Leftovers
|upkeep
|
|t:|1750714520
|switch|p1a: Basculegion|Basculegion, L50, M|100/100
|turn|3
|
|t:|1750714530
|move|p1a: Basculegion|Protect|p1a: Basculegion
|-singleturn|p1a: Basculegion|Protect
|move|p2a: Mewtwo|Protect|p2a: Mewtwo
|-singleturn|p2a: Mewtwo|Protect
|move|p1b: Farigiraf|Psychic|p2b: Indeedee
|-resisted|p2b: Indeedee
|-damage|p2b: Indeedee|2/100
|move|p2b: Indeedee|Trick Room|p2b: Indeedee
|-fieldstart|move: Trick Room|[of] p2b: Indeedee
|
|-weather|RainDance|[upkeep]
|-heal|p1b: Farigiraf|64/100|[from] item: Leftovers
|upkeep
|turn|4
|
|t:|1750714553
|switch|p1a: Zamazenta|Zamazenta-Crowned, L50|100/100
|-ability|p1a: Zamazenta|Dauntless Shield|boost
|-boost|p1a: Zamazenta|def|1
|move|p2b: Indeedee|Follow Me|p2b: Indeedee
|-singleturn|p2b: Indeedee|move: Follow Me
|move|p1b: Farigiraf|Psychic|p2b: Indeedee
|-resisted|p2b: Indeedee
|-damage|p2b: Indeedee|0 fnt
|faint|p2b: Indeedee
|move|p2a: Mewtwo|Expanding Force|p1b: Farigiraf|[spread] p1a,p1b
|-resisted|p1b: Farigiraf
|-damage|p1a: Zamazenta|41/100
|-damage|p1b: Farigiraf|15/100
|
|-weather|RainDance|[upkeep]
|-heal|p1b: Farigiraf|21/100|[from] item: Leftovers
|upkeep
|
|t:|1750714564
|switch|p2b: Calyrex|Calyrex-Ice, L50|100/100
|-ability|p2b: Calyrex|As One
|-ability|p2b: Calyrex|Unnerve
|turn|5
|
|t:|1750714584
|move|p1a: Zamazenta|Wide Guard|p1a: Zamazenta
|-singleturn|p1a: Zamazenta|Wide Guard
|move|p2b: Calyrex|High Horsepower|p1a: Zamazenta
|-supereffective|p1a: Zamazenta
|-damage|p1a: Zamazenta|0 fnt
|faint|p1a: Zamazenta
|-ability|p2b: Calyrex|Chilling Neigh|boost
|-boost|p2b: Calyrex|atk|1
|-damage|p2b: Calyrex|91/100|[from] item: Life Orb
|move|p2a: Mewtwo|Expanding Force|p1b: Farigiraf
|-activate|p1b: Farigiraf|move: Wide Guard
|move|p1b: Farigiraf|Trick Room|p1b: Farigiraf
|-fieldend|move: Trick Room
|
|-weather|none
|-heal|p1b: Farigiraf|27/100|[from] item: Leftovers
|upkeep
|
|t:|1750714597
|switch|p1a: Basculegion|Basculegion, L50, M|100/100
|turn|6
|
|t:|1750714614
|move|p2a: Mewtwo|Expanding Force|p1b: Farigiraf|[spread] p1a,p1b
|-resisted|p1b: Farigiraf
|-damage|p1a: Basculegion|0 fnt
|-damage|p1b: Farigiraf|0 fnt
|faint|p1a: Basculegion
|faint|p1b: Farigiraf
|
|win|SpinnerVGC
|raw|Stargazer16's rating: 1271 &rarr; <strong>1247</strong><br />(-24 for losing)
|raw|SpinnerVGC's rating: 1278 &rarr; <strong>1302</strong><br />(+24 for winning)
