|j|☆ClumbsyLilBeach
|j|☆divalusts
|t:|1750706567
|gametype|doubles
|player|p1|ClumbsyLilBeach|jasmine|1446
|player|p2|divalusts|lady-gen4|1546
|teamsize|p1|6
|teamsize|p2|6
|gen|9
|tier|[Gen 9] VGC 2025 Reg I
|rated|
|rule|Species Clause: Limit one of each Pokémon
|rule|Item Clause: Limit 1 of each item
|clearpoke
|poke|p1|Chien-Pao, L50|
|poke|p1|Koraidon, L50|
|poke|p1|Ho-Oh, L50|
|poke|p1|Whimsicott, L50, F|
|poke|p1|Dragonite, L50, M|
|poke|p1|Empoleon, L50, F|
|poke|p2|Calyrex-Shadow, L50|
|poke|p2|Terapagos, L50, M|
|poke|p2|Gothitelle, L50, F|
|poke|p2|Urshifu-*, L50, F|
|poke|p2|Incineroar, L50, M|
|poke|p2|Whimsicott, L50, F|
|teampreview|4
|inactive|Battle timer is ON: inactive players will automatically lose when time's up. (requested by ClumbsyLilBeach)
|inactive|ClumbsyLilBeach has 60 seconds left.
|
|t:|1750706623
|start
|switch|p1a: Dragonite|Dragonite, L50, M|100/100
|switch|p1b: Empoleon|Empoleon, L50, F|100/100
|switch|p2a: Terapagos|Terapagos, L50, M|100/100
|switch|p2b: Whimsicott|Whimsicott, L50, F, shiny|100/100
|-activate|p2a: Terapagos|ability: Tera Shift
|detailschange|p2a: Terapagos|Terapagos-Terastal, L50, M
|-heal|p2a: Terapagos|100/100|[silent]
|turn|1
|inactive|ClumbsyLilBeach has 30 seconds left.
|
|t:|1750706650
|-terastallize|p1a: Dragonite|Normal
|move|p1a: Dragonite|Extreme Speed|p2b: Whimsicott
|-damage|p2b: Whimsicott|25/100
|move|p2b: Whimsicott|Tailwind|p2b: Whimsicott
|-sidestart|p2: divalusts|move: Tailwind
|move|p2a: Terapagos|Meteor Beam||[still]
|-prepare|p2a: Terapagos|Meteor Beam
|-boost|p2a: Terapagos|spa|1
|-enditem|p2a: Terapagos|Power Herb
|-anim|p2a: Terapagos|Meteor Beam|p1a: Dragonite
|-crit|p1a: Dragonite
|-damage|p1a: Dragonite|23/100
|move|p1b: Empoleon|Yawn|p2a: Terapagos
|-start|p2a: Terapagos|move: Yawn|[of] p1b: Empoleon
|
|upkeep
|turn|2
|inactive|ClumbsyLilBeach has 30 seconds left.
|inactive|ClumbsyLilBeach has 20 seconds left.
|inactive|ClumbsyLilBeach has 15 seconds left.
|inactive|ClumbsyLilBeach has 10 seconds left.
|
|t:|1750706700
|switch|p2b: Calyrex|Calyrex-Shadow, L50|100/100
|-ability|p2b: Calyrex|As One
|-ability|p2b: Calyrex|Unnerve
|move|p1a: Dragonite|Extreme Speed|p2a: Terapagos
|-activate|p2a: Terapagos|ability: Tera Shell
|-resisted|p2a: Terapagos
|-damage|p2a: Terapagos|71/100
|move|p2a: Terapagos|Earth Power|p1b: Empoleon
|-supereffective|p1b: Empoleon
|-damage|p1b: Empoleon|20/100
|move|p1b: Empoleon|Flash Cannon|p2b: Calyrex
|-damage|p2b: Calyrex|59/100
|
|-end|p2a: Terapagos|move: Yawn|[silent]
|-status|p2a: Terapagos|slp
|upkeep
|turn|3
|inactive|ClumbsyLilBeach has 30 seconds left.
|inactive|divalusts has 30 seconds left.
|
|t:|1750706733
|switch|p1b: Chien-Pao|Chien-Pao, L50|100/100
|-ability|p1b: Chien-Pao|Sword of Ruin
|move|p1a: Dragonite|Extreme Speed|p2a: Terapagos
|-damage|p2a: Terapagos|0 fnt
|faint|p2a: Terapagos
|move|p2b: Calyrex|Astral Barrage|p1a: Dragonite|[spread] p1b
|-immune|p1a: Dragonite
|-resisted|p1b: Chien-Pao
|-damage|p1b: Chien-Pao|50/100
|
|upkeep
|
|t:|1750706744
|switch|p2a: Incineroar|Incineroar, L50, M, shiny|100/100
|-ability|p2a: Incineroar|Intimidate|boost
|-fail|p1a: Dragonite|unboost|Attack|[from] ability: Inner Focus|[of] p1a: Dragonite
|-unboost|p1b: Chien-Pao|atk|1
|turn|4
|
|t:|1750706759
|-terastallize|p2a: Incineroar|Ghost
|move|p1b: Chien-Pao|Protect|p1b: Chien-Pao
|-singleturn|p1b: Chien-Pao|Protect
|move|p2a: Incineroar|Fake Out|p1b: Chien-Pao
|-activate|p1b: Chien-Pao|move: Protect
|move|p1a: Dragonite|Extreme Speed|p2a: Incineroar
|-immune|p2a: Incineroar
|move|p2b: Calyrex|Astral Barrage|p1a: Dragonite|[spread] 
|-activate|p1b: Chien-Pao|move: Protect
|-immune|p1a: Dragonite
|
|-sideend|p2: divalusts|move: Tailwind
|upkeep
|turn|5
|
|t:|1750706778
|switch|p1a: Empoleon|Empoleon, L50, F|20/100
|move|p2b: Calyrex|Protect|p2b: Calyrex
|-singleturn|p2b: Calyrex|Protect
|move|p1b: Chien-Pao|Sucker Punch||[still]
|-fail|p1b: Chien-Pao
|move|p2a: Incineroar|Will-O-Wisp|p1b: Chien-Pao
|-status|p1b: Chien-Pao|brn
|
|-damage|p1b: Chien-Pao|44/100 brn|[from] brn
|upkeep
|turn|6
|
|t:|1750706800
|switch|p2b: Whimsicott|Whimsicott, L50, F, shiny|25/100
|move|p1a: Empoleon|Protect|p1a: Empoleon
|-singleturn|p1a: Empoleon|Protect
|move|p1b: Chien-Pao|Sucker Punch||[still]
|-fail|p1b: Chien-Pao
|move|p2a: Incineroar|Knock Off|p1a: Empoleon
|-activate|p1a: Empoleon|move: Protect
|
|-damage|p1b: Chien-Pao|39/100 brn|[from] brn
|upkeep
|turn|7
|inactive|divalusts has 30 seconds left.
|
|t:|1750706826
|move|p1b: Chien-Pao|Sucker Punch|p2a: Incineroar
|-supereffective|p2a: Incineroar
|-damage|p2a: Incineroar|72/100
|move|p2b: Whimsicott|Encore|p1a: Empoleon
|-start|p1a: Empoleon|Encore
|move|p2a: Incineroar|Knock Off|p1b: Chien-Pao
|-resisted|p1b: Chien-Pao
|-damage|p1b: Chien-Pao|10/100 brn
|-enditem|p1b: Chien-Pao|Focus Sash|[from] move: Knock Off|[of] p2a: Incineroar
|move|p1a: Empoleon|Protect||[still]
|-fail|p1a: Empoleon
|
|-damage|p1b: Chien-Pao|4/100 brn|[from] brn
|upkeep
|turn|8
|inactive|ClumbsyLilBeach has 30 seconds left.
|
|t:|1750706854
|switch|p1a: Dragonite|Dragonite, L50, M, tera:Normal|23/100
|move|p2b: Whimsicott|Tailwind|p2b: Whimsicott
|-sidestart|p2: divalusts|move: Tailwind
|move|p1b: Chien-Pao|Ice Spinner|p2b: Whimsicott
|-supereffective|p2b: Whimsicott
|-damage|p2b: Whimsicott|0 fnt
|faint|p2b: Whimsicott
|move|p2a: Incineroar|Parting Shot|p1b: Chien-Pao
|-unboost|p1b: Chien-Pao|atk|1
|-unboost|p1b: Chien-Pao|spa|1
|
|t:|1750706863
|switch|p2a: Calyrex|Calyrex-Shadow, L50|59/100|[from] Parting Shot
|-ability|p2a: Calyrex|As One
|-ability|p2a: Calyrex|Unnerve
|
|-damage|p1b: Chien-Pao|0 fnt|[from] brn
|faint|p1b: Chien-Pao
|upkeep
|
|t:|1750706875
|switch|p1b: Ho-Oh|Ho-Oh, L50|100/100
|switch|p2b: Incineroar|Incineroar, L50, M, shiny, tera:Ghost|72/100
|-ability|p2b: Incineroar|Intimidate|boost
|-fail|p1a: Dragonite|unboost|Attack|[from] ability: Inner Focus|[of] p1a: Dragonite
|-fail|p1b: Ho-Oh|unboost|[from] item: Clear Amulet|[of] p1b: Ho-Oh
|turn|9
|
|t:|1750706898
|move|p2a: Calyrex|Protect|p2a: Calyrex
|-singleturn|p2a: Calyrex|Protect
|move|p1b: Ho-Oh|Protect|p1b: Ho-Oh
|-singleturn|p1b: Ho-Oh|Protect
|move|p2b: Incineroar|Knock Off|p1a: Dragonite
|-damage|p1a: Dragonite|0 fnt
|-enditem|p1a: Dragonite|Choice Band|[from] move: Knock Off|[of] p2b: Incineroar
|faint|p1a: Dragonite
|
|upkeep
|
|t:|1750706909
|switch|p1a: Empoleon|Empoleon, L50, F|20/100
|turn|10
|
|t:|1750706917
|move|p1a: Empoleon|Protect|p1a: Empoleon
|-singleturn|p1a: Empoleon|Protect
|move|p2a: Calyrex|Encore|p1b: Ho-Oh
|-start|p1b: Ho-Oh|Encore
|move|p2b: Incineroar|Knock Off|p1a: Empoleon
|-activate|p1a: Empoleon|move: Protect
|move|p1b: Ho-Oh|Protect||[still]
|-fail|p1b: Ho-Oh
|
|upkeep
|turn|11
|
|t:|1750706930
|move|p1b: Ho-Oh|Protect|p1b: Ho-Oh
|-singleturn|p1b: Ho-Oh|Protect
|move|p2a: Calyrex|Astral Barrage|p1b: Ho-Oh|[spread] p1a
|-activate|p1b: Ho-Oh|move: Protect
|-damage|p1a: Empoleon|0 fnt
|faint|p1a: Empoleon
|-ability|p2a: Calyrex|Grim Neigh|boost
|-boost|p2a: Calyrex|spa|1
|move|p2b: Incineroar|Knock Off|p1b: Ho-Oh
|-activate|p1b: Ho-Oh|move: Protect
|
|-sideend|p2: divalusts|move: Tailwind
|upkeep
|turn|12
|-message|ClumbsyLilBeach forfeited.
|
|win|divalusts
|raw|ClumbsyLilBeach's rating: 1446 &rarr; <strong>1432</strong><br />(-14 for losing)
|raw|divalusts's rating: 1546 &rarr; <strong>1560</strong><br />(+14 for winning)
|l|☆ClumbsyLilBeach
|player|p1|
|l|☆divalusts
|player|p2|
