|j|☆jaffro1738
|j|☆spart819
|t:|1750773386
|gametype|doubles
|player|p1|jaffro1738|266|1300
|player|p2|spart819|265|1328
|teamsize|p1|6
|teamsize|p2|6
|gen|9
|tier|[Gen 9] VGC 2025 Reg I
|rated|
|rule|Species Clause: Limit one of each Pokémon
|rule|Item Clause: Limit 1 of each item
|clearpoke
|poke|p1|Calyrex-Ice, L50|
|poke|p1|Regidrago, L50|
|poke|p1|Dusclops, L50, M|
|poke|p1|Oranguru, L50, F|
|poke|p1|Terapagos, L50, M|
|poke|p1|Ambipom, L50, M|
|poke|p2|Calyrex-Shadow, L50|
|poke|p2|Zamazenta-*, L50|
|poke|p2|Rillaboom, L50, M|
|poke|p2|Brute Bonnet, L50|
|poke|p2|Urshifu-*, L50, M|
|poke|p2|Tornadus, L50, M|
|teampreview|4
jaffro1738 rejected open team sheets.
|
|t:|1750773426
|start
|switch|p1a: Ambipom|Ambipom, L50, M|100/100
|switch|p1b: Terapagos|Terapagos, L50, M|100/100
|switch|p2a: Calyrex|Calyrex-Shadow, L50|100/100
|switch|p2b: Zamazenta|Zamazenta-Crowned, L50|100/100
|-activate|p1b: Terapagos|ability: Tera Shift
|detailschange|p1b: Terapagos|Terapagos-Terastal, L50, M
|-heal|p1b: Terapagos|100/100|[silent]
|-ability|p2a: Calyrex|As One
|-ability|p2a: Calyrex|Unnerve
|-ability|p2b: Zamazenta|Dauntless Shield|boost
|-boost|p2b: Zamazenta|def|1
|turn|1
|
|t:|1750773443
|move|p1a: Ambipom|Fake Out|p2b: Zamazenta
|-resisted|p2b: Zamazenta
|-damage|p2b: Zamazenta|95/100
|move|p2a: Calyrex|Psychic|p1b: Terapagos
|-activate|p1b: Terapagos|ability: Tera Shell
|-resisted|p1b: Terapagos
|-damage|p1b: Terapagos|83/100
|cant|p2b: Zamazenta|flinch
|move|p1b: Terapagos|Scorching Sands|p2b: Zamazenta
|-supereffective|p2b: Zamazenta
|-damage|p2b: Zamazenta|72/100
|
|-heal|p1b: Terapagos|89/100|[from] item: Leftovers
|upkeep
|turn|2
|inactive|Battle timer is ON: inactive players will automatically lose when time's up. (requested by jaffro1738)
|inactive|jaffro1738 has 60 seconds left.
|l|☆spart819
|inactive|spart819 disconnected and has a minute to reconnect!
|player|p2|
|j|☆spart819
|inactive|spart819 reconnected.
|player|p2|spart819|265|
|
|t:|1750773482
|switch|p1a: Oranguru|Oranguru, L50, F|100/100
|move|p2a: Calyrex|Encore||[still]
|-fail|p2a: Calyrex
|move|p2b: Zamazenta|Body Press|p1b: Terapagos
|-supereffective|p1b: Terapagos
|-damage|p1b: Terapagos|0 fnt
|faint|p1b: Terapagos
|
|upkeep
|
|t:|1750773484
|switch|p1b: Ambipom|Ambipom, L50, M|100/100
|turn|3
|inactive|spart819 has 30 seconds left.
|
|t:|1750773521
|move|p2a: Calyrex|Psychic|p1b: Ambipom
|-damage|p1b: Ambipom|10/100
|move|p2b: Zamazenta|Body Press|p1a: Oranguru
|-damage|p1a: Oranguru|47/100
|move|p1b: Ambipom|Triple Axel|p2a: Calyrex
|-damage|p2a: Calyrex|88/100
|-damage|p2a: Calyrex|64/100
|-damage|p2a: Calyrex|28/100
|-hitcount|p2a: Calyrex|3
|move|p1a: Oranguru|Trick Room|p1a: Oranguru
|-fieldstart|move: Trick Room|[of] p1a: Oranguru
|
|upkeep
|turn|4
|inactive|jaffro1738 has 30 seconds left.
|
|t:|1750773555
|move|p2a: Calyrex|Protect|p2a: Calyrex
|-singleturn|p2a: Calyrex|Protect
|move|p1a: Oranguru|Instruct|p1b: Ambipom
|-singleturn|p1b: Ambipom|move: Instruct|[of] p1a: Oranguru
|move|p1b: Ambipom|Triple Axel|p2a: Calyrex
|-activate|p2a: Calyrex|move: Protect
|move|p1b: Ambipom|Acrobatics|p2b: Zamazenta
|-damage|p2b: Zamazenta|62/100
|move|p2b: Zamazenta|Body Press|p1a: Oranguru
|-damage|p1a: Oranguru|0 fnt
|faint|p1a: Oranguru
|
|upkeep
|
|t:|1750773561
|switch|p1a: Calyrex|Calyrex-Ice, L50|100/100
|-ability|p1a: Calyrex|As One
|-ability|p1a: Calyrex|Unnerve
|turn|5
|inactive|jaffro1738 has 30 seconds left.
|inactive|spart819 has 30 seconds left.
|inactive|spart819 has 20 seconds left.
|inactive|jaffro1738 has 20 seconds left.
|inactive|spart819 has 15 seconds left.
|
|t:|1750773604
|-terastallize|p1a: Calyrex|Water
|move|p2b: Zamazenta|Wide Guard|p2b: Zamazenta
|-singleturn|p2b: Zamazenta|Wide Guard
|move|p1a: Calyrex|Glacial Lance|p2a: Calyrex|[spread] 
|-activate|p2a: Calyrex|move: Wide Guard
|-activate|p2b: Zamazenta|move: Wide Guard
|move|p1b: Ambipom|Acrobatics|p2b: Zamazenta
|-damage|p2b: Zamazenta|52/100
|move|p2a: Calyrex|Astral Barrage|p1a: Calyrex|[spread] p1a
|-immune|p1b: Ambipom
|-damage|p1a: Calyrex|81/100
|
|upkeep
|turn|6
|
|t:|1750773624
|move|p2a: Calyrex|Protect|p2a: Calyrex
|-singleturn|p2a: Calyrex|Protect
|move|p1a: Calyrex|High Horsepower|p2b: Zamazenta
|-supereffective|p2b: Zamazenta
|-damage|p2b: Zamazenta|27/100
|move|p1b: Ambipom|Acrobatics|p2a: Calyrex
|-activate|p2a: Calyrex|move: Protect
|move|p2b: Zamazenta|Body Press|p1b: Ambipom
|-supereffective|p1b: Ambipom
|-damage|p1b: Ambipom|0 fnt
|faint|p1b: Ambipom
|
|upkeep
|turn|7
|
|t:|1750773641
|move|p2b: Zamazenta|Protect|p2b: Zamazenta
|-singleturn|p2b: Zamazenta|Protect
|move|p1a: Calyrex|High Horsepower|p2b: Zamazenta
|-activate|p2b: Zamazenta|move: Protect
|move|p2a: Calyrex|Astral Barrage|p1a: Calyrex
|-damage|p1a: Calyrex|56/100
|
|-fieldend|move: Trick Room
|upkeep
|turn|8
|
|t:|1750773656
|move|p2a: Calyrex|Astral Barrage|p1a: Calyrex
|-damage|p1a: Calyrex|28/100
|move|p2b: Zamazenta|Body Press|p1a: Calyrex
|-damage|p1a: Calyrex|0 fnt
|faint|p1a: Calyrex
|
|win|spart819
|raw|jaffro1738's rating: 1300 &rarr; <strong>1277</strong><br />(-23 for losing)
|raw|spart819's rating: 1328 &rarr; <strong>1346</strong><br />(+18 for winning)
|l|☆jaffro1738
|player|p1|
|l|☆spart819
|player|p2|
