|j|☆hagalupagalu
|j|☆LaCourgetta
|t:|1750832871
|gametype|doubles
|player|p1|hagalupagalu|ghetsis|1360
|player|p2|LaCourgetta|102|1419
|teamsize|p1|6
|teamsize|p2|6
|gen|9
|tier|[Gen 9] VGC 2025 Reg I
|rated|
|rule|Species Clause: Limit one of each Pokémon
|rule|Item Clause: Limit 1 of each item
|clearpoke
|poke|p1|Calyrex-Shadow, L50|
|poke|p1|Zamazenta-*, L50|
|poke|p1|Smeargle, L50, F|
|poke|p1|Tornadus, L50, M|
|poke|p1|Rillaboom, L50, F|
|poke|p1|Raging Bolt, L50|
|poke|p2|Zoroark-Hisui, L50, F|
|poke|p2|Dialga-Origin, L50|
|poke|p2|Calyrex-Ice, L50|
|poke|p2|Incineroar, L50, M|
|poke|p2|Ursaluna, L50, F|
|poke|p2|Ogerpon-Wellspring, L50, F|
|teampreview|4
|inactive|Battle timer is ON: inactive players will automatically lose when time's up. (requested by LaCourgetta)
|inactive|LaCourgetta has 60 seconds left.
|inactive|LaCourgetta has 30 seconds left.
|inactive|LaCourgetta has 20 seconds left.
|inactive|LaCourgetta has 15 seconds left.
|inactive|LaCourgetta has 10 seconds left.
|
|t:|1750832967
|start
|switch|p1a: Smeargle|Smeargle, L50, F|100/100
|switch|p1b: Calyrex|Calyrex-Shadow, L50|100/100
|switch|p2a: Dialga|Dialga-Origin, L50|100/100
|switch|p2b: Ogerpon|Ogerpon-Wellspring, L50, F|100/100
|-ability|p1b: Calyrex|As One
|-ability|p1b: Calyrex|Unnerve
|turn|1
|
|t:|1750832992
|move|p1a: Smeargle|Fake Out|p2a: Dialga
|-immune|p2a: Dialga
|move|p1b: Calyrex|Nasty Plot|p1b: Calyrex
|-boost|p1b: Calyrex|spa|2
|move|p2a: Dialga|Bitter Malice|p1b: Calyrex
|-supereffective|p1b: Calyrex
|-damage|p1b: Calyrex|0 fnt
|faint|p1b: Calyrex
|move|p2b: Ogerpon|Ivy Cudgel|p1a: Smeargle|[anim] Ivy Cudgel Water
|-enditem|p1a: Smeargle|Focus Sash
|-damage|p1a: Smeargle|1/100
|
|-ability|p1a: Smeargle|Moody|boost
|-boost|p1a: Smeargle|spe|2
|-unboost|p1a: Smeargle|spa|1
|upkeep
|c|☆hagalupagalu|damn u got me
|
|t:|1750833004
|switch|p1b: Zamazenta|Zamazenta-Crowned, L50|100/100
|-ability|p1b: Zamazenta|Dauntless Shield|boost
|-boost|p1b: Zamazenta|def|1
|turn|2
|
|t:|1750833021
|move|p2b: Ogerpon|Follow Me|p2b: Ogerpon
|-singleturn|p2b: Ogerpon|move: Follow Me
|move|p1a: Smeargle|Spore|p2b: Ogerpon
|-immune|p2b: Ogerpon
|move|p2a: Dialga|Burning Jealousy|p1b: Zamazenta|[spread] p1a,p1b
|-supereffective|p1b: Zamazenta
|-damage|p1a: Smeargle|0 fnt
|-damage|p1b: Zamazenta|74/100
|faint|p1a: Smeargle
|move|p1b: Zamazenta|Behemoth Bash|p2b: Ogerpon
|-resisted|p2b: Ogerpon
|-damage|p2b: Ogerpon|79/100
|
|upkeep
|
|t:|1750833026
|switch|p1a: Rillaboom|Rillaboom, L50, F|100/100
|-fieldstart|move: Grassy Terrain|[from] ability: Grassy Surge|[of] p1a: Rillaboom
|turn|3
|inactive|LaCourgetta has 30 seconds left.
|
|t:|1750833055
|move|p2b: Ogerpon|Follow Me|p2b: Ogerpon
|-singleturn|p2b: Ogerpon|move: Follow Me
|move|p1a: Rillaboom|Grassy Glide|p2b: Ogerpon
|-damage|p2b: Ogerpon|35/100
|move|p2a: Dialga|Burning Jealousy|p1b: Zamazenta|[spread] p1a,p1b
|-supereffective|p1a: Rillaboom
|-supereffective|p1b: Zamazenta
|-damage|p1a: Rillaboom|69/100
|-damage|p1b: Zamazenta|44/100
|move|p1b: Zamazenta|Behemoth Bash|p2b: Ogerpon
|-resisted|p2b: Ogerpon
|-damage|p2b: Ogerpon|13/100
|
|-heal|p1b: Zamazenta|50/100|[from] Grassy Terrain
|-heal|p2b: Ogerpon|19/100|[from] Grassy Terrain
|-heal|p1a: Rillaboom|75/100|[from] Grassy Terrain
|upkeep
|turn|4
|inactive|LaCourgetta has 30 seconds left.
|
|t:|1750833086
|move|p1b: Zamazenta|Protect|p1b: Zamazenta
|-singleturn|p1b: Zamazenta|Protect
|move|p2b: Ogerpon|Spiky Shield|p2b: Ogerpon
|-singleturn|p2b: Ogerpon|move: Protect
|move|p2a: Dialga|Bitter Malice|p1b: Zamazenta
|-activate|p1b: Zamazenta|move: Protect
|move|p1a: Rillaboom|U-turn|p2b: Ogerpon
|-activate|p2b: Ogerpon|move: Protect
|-damage|p1a: Rillaboom|63/100|[from] Spiky Shield|[of] p2b: Ogerpon
|
|-heal|p1b: Zamazenta|56/100|[from] Grassy Terrain
|-heal|p2b: Ogerpon|25/100|[from] Grassy Terrain
|-heal|p1a: Rillaboom|69/100|[from] Grassy Terrain
|upkeep
|turn|5
|inactive|LaCourgetta has 30 seconds left.
|
|t:|1750833118
|move|p2a: Dialga|Bitter Malice|p1b: Zamazenta
|-damage|p1b: Zamazenta|28/100
|-unboost|p1b: Zamazenta|atk|1
|move|p1b: Zamazenta|Body Press|p2b: Ogerpon
|-damage|p2b: Ogerpon|0 fnt
|faint|p2b: Ogerpon
|move|p1a: Rillaboom|Wood Hammer|p2a: Dialga
|-enditem|p2a: Dialga|Focus Sash
|-damage|p2a: Dialga|1/100
|replace|p2a: Zoroark|Zoroark-Hisui, L50, F
|-end|p2a: Zoroark|Illusion
|-damage|p1a: Rillaboom|47/100|[from] Recoil
|
|-heal|p2a: Zoroark|7/100|[from] Grassy Terrain
|-heal|p1b: Zamazenta|33/100|[from] Grassy Terrain
|-heal|p1a: Rillaboom|53/100|[from] Grassy Terrain
|upkeep
|
|t:|1750833132
|switch|p2b: Calyrex|Calyrex-Ice, L50|100/100
|-ability|p2b: Calyrex|As One
|-ability|p2b: Calyrex|Unnerve
|turn|6
|inactive|hagalupagalu has 30 seconds left.
|
|t:|1750833164
|-terastallize|p1a: Rillaboom|Fire
|-terastallize|p2b: Calyrex|Dragon
|move|p2a: Zoroark|Burning Jealousy|p1b: Zamazenta|[spread] p1a,p1b
|-resisted|p1a: Rillaboom
|-supereffective|p1b: Zamazenta
|-damage|p1a: Rillaboom|47/100
|-damage|p1b: Zamazenta|2/100
|move|p1b: Zamazenta|Behemoth Bash|p2b: Calyrex
|-damage|p2b: Calyrex|83/100
|move|p1a: Rillaboom|Wood Hammer|p2b: Calyrex
|-resisted|p2b: Calyrex
|-crit|p2b: Calyrex
|-damage|p2b: Calyrex|45/100
|-damage|p1a: Rillaboom|34/100|[from] Recoil
|move|p2b: Calyrex|Trick Room|p2b: Calyrex
|-fieldstart|move: Trick Room|[of] p2b: Calyrex
|
|-heal|p2b: Calyrex|51/100|[from] Grassy Terrain
|-heal|p1a: Rillaboom|40/100|[from] Grassy Terrain
|-heal|p1b: Zamazenta|8/100|[from] Grassy Terrain
|-heal|p2a: Zoroark|13/100|[from] Grassy Terrain
|upkeep
|turn|7
|inactive|LaCourgetta has 30 seconds left.
|
|t:|1750833191
|move|p1b: Zamazenta|Wide Guard|p1b: Zamazenta
|-singleturn|p1b: Zamazenta|Wide Guard
|move|p1a: Rillaboom|Grassy Glide|p2a: Zoroark
|-damage|p2a: Zoroark|0 fnt
|faint|p2a: Zoroark
|move|p2b: Calyrex|High Horsepower|p1a: Rillaboom
|-supereffective|p1a: Rillaboom
|-damage|p1a: Rillaboom|0 fnt
|faint|p1a: Rillaboom
|-ability|p2b: Calyrex|Chilling Neigh|boost
|-boost|p2b: Calyrex|atk|1
|
|-heal|p2b: Calyrex|57/100|[from] Grassy Terrain
|-heal|p1b: Zamazenta|14/100|[from] Grassy Terrain
|-fieldend|move: Grassy Terrain
|upkeep
|
|t:|1750833200
|switch|p2a: Dialga|Dialga-Origin, L50|100/100
|turn|8
|-message|hagalupagalu forfeited.
|
|win|LaCourgetta
|raw|hagalupagalu's rating: 1360 &rarr; <strong>1343</strong><br />(-17 for losing)
|raw|LaCourgetta's rating: 1419 &rarr; <strong>1436</strong><br />(+17 for winning)
|l|☆hagalupagalu
|player|p1|
