|j|☆Coperr
|j|☆KatKraydel
|t:|1750775318
|gametype|doubles
|player|p1|Coperr|169|1322
|player|p2|KatKraydel|courtney|1270
|teamsize|p1|6
|teamsize|p2|6
|gen|9
|tier|[Gen 9] VGC 2025 Reg I
|rated|
|rule|Species Clause: Limit one of each Pokémon
|rule|Item Clause: Limit 1 of each item
|clearpoke
|poke|p1|Koraidon, L50|
|poke|p1|Lunala, L50|
|poke|p1|Flutter Mane, L50|
|poke|p1|Chi-Yu, L50|
|poke|p1|Brute Bonnet, L50|
|poke|p1|Ursaluna, L50, F|
|poke|p2|Calyrex-Shadow, L50|
|poke|p2|Zamazenta-*, L50|
|poke|p2|Pyroar, L50, F|
|poke|p2|Appletun, L50, M|
|poke|p2|Gastrodon, L50, F|
|poke|p2|Rhydon, L50, M|
|teampreview|4
Coperr has agreed to open team sheets.
|
|t:|1750775362
|start
|switch|p1a: Koraidon|Koraidon, L50|100/100
|switch|p1b: Flutter Mane|Flutter Mane, L50|100/100
|switch|p2a: My Little Pony|Calyrex-Shadow, L50|100/100
|switch|p2b: Gastrodon|Gastrodon, L50, F, shiny|100/100
|-ability|p2a: My Little Pony|As One
|-ability|p2a: My Little Pony|Unnerve
|-weather|SunnyDay|[from] ability: Orichalcum Pulse|[of] p1a: Koraidon
|-activate|p1b: Flutter Mane|ability: Protosynthesis
|-start|p1b: Flutter Mane|protosynthesisspe
|-activate|p1a: Koraidon|Orichalcum Pulse|[source]
|turn|1
|inactive|Battle timer is ON: inactive players will automatically lose when time's up. (requested by Coperr)
|c|☆Coperr|glhf
|inactive|Coperr has 60 seconds left.
|inactive|KatKraydel has 60 seconds left.
|c|☆KatKraydel|glhf
|
|t:|1750775404
|move|p2a: My Little Pony|Protect|p2a: My Little Pony
|-singleturn|p2a: My Little Pony|Protect
|move|p1b: Flutter Mane|Shadow Ball|p2a: My Little Pony
|-activate|p2a: My Little Pony|move: Protect
|move|p1a: Koraidon|Flame Charge|p2b: Gastrodon
|-resisted|p2b: Gastrodon
|-damage|p2b: Gastrodon|77/100
|-boost|p1a: Koraidon|spe|1
|-damage|p1a: Koraidon|91/100|[from] item: Life Orb
|move|p2b: Gastrodon|Yawn|p1a: Koraidon
|-start|p1a: Koraidon|move: Yawn|[of] p2b: Gastrodon
|
|-weather|SunnyDay|[upkeep]
|-heal|p2b: Gastrodon|83/100|[from] item: Leftovers
|upkeep
|turn|2
|inactive|Coperr has 30 seconds left.
|inactive|Coperr has 20 seconds left.
|
|t:|1750775441
|switch|p2a: Pyroar|Pyroar, L50, F, shiny|100/100
|-ability|p2a: Pyroar|Unnerve
|move|p2b: Gastrodon|Protect|p2b: Gastrodon
|-singleturn|p2b: Gastrodon|Protect
|move|p1b: Flutter Mane|Shadow Ball|p2a: Pyroar
|-immune|p2a: Pyroar
|move|p1a: Koraidon|Flame Charge|p2a: Pyroar
|-resisted|p2a: Pyroar
|-damage|p2a: Pyroar|65/100
|-boost|p1a: Koraidon|spe|1
|-damage|p1a: Koraidon|81/100|[from] item: Life Orb
|
|-weather|SunnyDay|[upkeep]
|-heal|p2b: Gastrodon|89/100|[from] item: Leftovers
|-end|p1a: Koraidon|move: Yawn|[silent]
|-status|p1a: Koraidon|slp
|upkeep
|turn|3
|inactive|Coperr has 30 seconds left.
|inactive|KatKraydel has 30 seconds left.
|c|☆KatKraydel|go to bed
|
|t:|1750775475
|cant|p1a: Koraidon|slp
|move|p1b: Flutter Mane|Protect|p1b: Flutter Mane
|-singleturn|p1b: Flutter Mane|Protect
|move|p2a: Pyroar|Flamethrower|p1b: Flutter Mane
|-activate|p1b: Flutter Mane|move: Protect
|move|p2b: Gastrodon|Yawn|p1b: Flutter Mane
|-activate|p1b: Flutter Mane|move: Protect
|
|-weather|SunnyDay|[upkeep]
|-heal|p2b: Gastrodon|95/100|[from] item: Leftovers
|upkeep
|turn|4
|inactive|Coperr has 30 seconds left.
|
|t:|1750775501
|-end|p1b: Flutter Mane|Protosynthesis|[silent]
|switch|p1b: Chi-Yu|Chi-Yu, L50|100/100
|-ability|p1b: Chi-Yu|Beads of Ruin
|cant|p1a: Koraidon|slp
|move|p2a: Pyroar|Flamethrower|p1b: Chi-Yu
|-resisted|p1b: Chi-Yu
|-damage|p1b: Chi-Yu|64/100
|move|p2b: Gastrodon|Earth Power|p1b: Chi-Yu
|-supereffective|p1b: Chi-Yu
|-damage|p1b: Chi-Yu|0 fnt
|faint|p1b: Chi-Yu
|
|-weather|SunnyDay|[upkeep]
|-heal|p2b: Gastrodon|100/100|[from] item: Leftovers
|upkeep
|
|t:|1750775515
|switch|p1b: Flutter Mane|Flutter Mane, L50|100/100
|-activate|p1b: Flutter Mane|ability: Protosynthesis
|-start|p1b: Flutter Mane|protosynthesisspe
|turn|5
|
|t:|1750775533
|-curestatus|p1a: Koraidon|slp|[msg]
|move|p1a: Koraidon|Close Combat|p2b: Gastrodon
|-damage|p2b: Gastrodon|0 fnt
|-unboost|p1a: Koraidon|def|1
|-unboost|p1a: Koraidon|spd|1
|faint|p2b: Gastrodon
|-damage|p1a: Koraidon|71/100|[from] item: Life Orb
|move|p1b: Flutter Mane|Moonblast|p2a: Pyroar
|-resisted|p2a: Pyroar
|-damage|p2a: Pyroar|31/100
|move|p2a: Pyroar|Flamethrower|p1b: Flutter Mane
|-damage|p1b: Flutter Mane|24/100
|
|-weather|none
|-end|p1b: Flutter Mane|Protosynthesis
|upkeep
|
|t:|1750775553
|switch|p2b: Rubeus J|Zamazenta-Crowned, L50|100/100
|-ability|p2b: Rubeus J|Dauntless Shield|boost
|-boost|p2b: Rubeus J|def|1
|turn|6
|inactive|Coperr has 30 seconds left.
|inactive|Coperr has 20 seconds left.
|inactive|Coperr has 15 seconds left.
|
|t:|1750775596
|-terastallize|p2b: Rubeus J|Poison
|move|p1a: Koraidon|Close Combat|p2a: Pyroar
|-supereffective|p2a: Pyroar
|-damage|p2a: Pyroar|0 fnt
|-unboost|p1a: Koraidon|def|1
|-unboost|p1a: Koraidon|spd|1
|faint|p2a: Pyroar
|-damage|p1a: Koraidon|62/100|[from] item: Life Orb
|move|p1b: Flutter Mane|Shadow Ball|p2b: Rubeus J
|-damage|p2b: Rubeus J|70/100
|move|p2b: Rubeus J|Body Press|p1a: Koraidon
|-damage|p1a: Koraidon|0 fnt
|faint|p1a: Koraidon
|
|upkeep
|
|t:|1750775611
|switch|p1a: Amoongun|Brute Bonnet, L50|100/100
|switch|p2a: My Little Pony|Calyrex-Shadow, L50|100/100
|-ability|p2a: My Little Pony|As One
|-ability|p2a: My Little Pony|Unnerve
|turn|7
|
|t:|1750775620
|move|p2a: My Little Pony|Protect|p2a: My Little Pony
|-singleturn|p2a: My Little Pony|Protect
|move|p1b: Flutter Mane|Protect|p1b: Flutter Mane
|-singleturn|p1b: Flutter Mane|Protect
|move|p2b: Rubeus J|Behemoth Bash|p1b: Flutter Mane
|-activate|p1b: Flutter Mane|move: Protect
|move|p1a: Amoongun|Spore|p2b: Rubeus J
|-status|p2b: Rubeus J|slp|[from] move: Spore
|
|upkeep
|turn|8
|
|t:|1750775641
|-terastallize|p1b: Flutter Mane|Normal
|move|p1a: Amoongun|Sucker Punch|p2a: My Little Pony
|-supereffective|p2a: My Little Pony
|-damage|p2a: My Little Pony|0 fnt
|faint|p2a: My Little Pony
|move|p1b: Flutter Mane|Icy Wind|p2b: Rubeus J
|-damage|p2b: Rubeus J|57/100 slp
|-unboost|p2b: Rubeus J|spe|1
|cant|p2b: Rubeus J|slp
|
|upkeep
|turn|9
|
|t:|1750775655
|move|p1a: Amoongun|Sucker Punch|p2b: Rubeus J
|-damage|p2b: Rubeus J|45/100 slp
|move|p1b: Flutter Mane|Shadow Ball|p2b: Rubeus J
|-damage|p2b: Rubeus J|14/100 slp
|-curestatus|p2b: Rubeus J|slp|[msg]
|move|p2b: Rubeus J|Body Press|p1b: Flutter Mane
|-supereffective|p1b: Flutter Mane
|-damage|p1b: Flutter Mane|0 fnt
|faint|p1b: Flutter Mane
|-end|p1b: Flutter Mane|Protosynthesis|[silent]
|
|upkeep
|turn|10
|
|t:|1750775675
|move|p2b: Rubeus J|Body Press|p1a: Amoongun
|-supereffective|p1a: Amoongun
|-damage|p1a: Amoongun|22/100
|move|p1a: Amoongun|Spore|p2b: Rubeus J
|-status|p2b: Rubeus J|slp|[from] move: Spore
|
|upkeep
|turn|11
|
|t:|1750775685
|cant|p2b: Rubeus J|slp
|move|p1a: Amoongun|Seed Bomb|p2b: Rubeus J
|-resisted|p2b: Rubeus J
|-damage|p2b: Rubeus J|8/100 slp
|
|upkeep
|turn|12
|
|t:|1750775691
|move|p1a: Amoongun|Sucker Punch||[still]
|-fail|p1a: Amoongun
|cant|p2b: Rubeus J|slp
|
|upkeep
|turn|13
|
|t:|1750775700
|move|p1a: Amoongun|Sucker Punch||[still]
|-fail|p1a: Amoongun
|-curestatus|p2b: Rubeus J|slp|[msg]
|move|p2b: Rubeus J|Imprison|p2b: Rubeus J
|-start|p2b: Rubeus J|move: Imprison
|
|upkeep
|turn|14
|inactive|KatKraydel has 30 seconds left.
|c|☆KatKraydel|mind games aaaa
|
|t:|1750775731
|move|p1a: Amoongun|Sucker Punch|p2b: Rubeus J
|-damage|p2b: Rubeus J|0 fnt
|faint|p2b: Rubeus J
|
|win|Coperr
|raw|Coperr's rating: 1322 &rarr; <strong>1339</strong><br />(+17 for winning)
|raw|KatKraydel's rating: 1270 &rarr; <strong>1249</strong><br />(-21 for losing)
|c|☆Coperr|ggs
|l|☆KatKraydel
|player|p2|
|l|☆Coperr
|player|p1|
