|j|☆suc vat vk
|j|☆KuroiRyu1122
|t:|1750775044
|gametype|doubles
|player|p1|suc vat vk|kimonogirl|1423
|player|p2|KuroiRyu1122|cilan|1422
|teamsize|p1|6
|teamsize|p2|6
|gen|9
|tier|[Gen 9] VGC 2025 Reg I
|rated|
|rule|Species Clause: Limit one of each Pokémon
|rule|Item Clause: Limit 1 of each item
|clearpoke
|poke|p1|Eternatus, L50|
|poke|p1|Ho-Oh, L50|
|poke|p1|Grimmsnarl, L50, M|
|poke|p1|Incineroar, L50, M|
|poke|p1|Wo-Chien, L50|
|poke|p1|Sableye, L50, M|
|poke|p2|Miraidon, L50|
|poke|p2|Lunala, L50|
|poke|p2|Incineroar, L50, M|
|poke|p2|Ursaluna, L50, F|
|poke|p2|Urshifu-*, L50, F|
|poke|p2|Whimsicott, L50, F|
|teampreview|4
|inactive|Battle timer is ON: inactive players will automatically lose when time's up. (requested by KuroiRyu1122)
|inactive|suc vat vk has 60 seconds left.
|inactive|KuroiRyu1122 has 60 seconds left.
|
|t:|1750775087
|start
|switch|p1a: Grimmsnarl|Grimmsnarl, L50, M, shiny|100/100
|switch|p1b: Eternatus|Eternatus, L50|100/100
|switch|p2a: Lunala|Lunala, L50|100/100
|switch|p2b: Incineroar|Incineroar, L50, M|100/100
|-ability|p1b: Eternatus|Pressure
|-ability|p2b: Incineroar|Intimidate|boost
|-unboost|p1a: Grimmsnarl|atk|1
|-unboost|p1b: Eternatus|atk|1
|turn|1
|inactive|suc vat vk has 30 seconds left.
|inactive|suc vat vk has 20 seconds left.
|
|t:|1750775123
|move|p2b: Incineroar|Fake Out|p1b: Eternatus
|-damage|p1b: Eternatus|92/100
|move|p1a: Grimmsnarl|Light Screen|p1a: Grimmsnarl
|-sidestart|p1: suc vat vk|move: Light Screen
|cant|p1b: Eternatus|flinch
|move|p2a: Lunala|Moonblast|p1a: Grimmsnarl
|-supereffective|p1a: Grimmsnarl
|-damage|p1a: Grimmsnarl|51/100
|
|-heal|p1b: Eternatus|98/100|[from] item: Black Sludge
|upkeep
|turn|2
|
|t:|1750775139
|move|p1a: Grimmsnarl|Parting Shot|p2a: Lunala
|-unboost|p2a: Lunala|atk|1
|-unboost|p2a: Lunala|spa|1
|
|t:|1750775156
|switch|p1a: Incineroar|Incineroar, L50, M, shiny|100/100|[from] Parting Shot
|-ability|p1a: Incineroar|Intimidate|boost
|-unboost|p2a: Lunala|atk|1
|-unboost|p2b: Incineroar|atk|1
|move|p1b: Eternatus|Cosmic Power|p1b: Eternatus
|-boost|p1b: Eternatus|def|1
|-boost|p1b: Eternatus|spd|1
|move|p2a: Lunala|Moonblast|p1a: Incineroar
|-damage|p1a: Incineroar|92/100
|move|p2b: Incineroar|Knock Off|p1b: Eternatus
|-damage|p1b: Eternatus|85/100
|-enditem|p1b: Eternatus|Black Sludge|[from] move: Knock Off|[of] p2b: Incineroar
|
|upkeep
|turn|3
|
|t:|1750775171
|switch|p2a: Miraidon|Miraidon, L50|100/100
|-fieldstart|move: Electric Terrain|[from] ability: Hadron Engine|[of] p2a: Miraidon
|move|p1b: Eternatus|Cosmic Power|p1b: Eternatus
|-boost|p1b: Eternatus|def|1
|-boost|p1b: Eternatus|spd|1
|move|p2b: Incineroar|U-turn|p1a: Incineroar
|-damage|p1a: Incineroar|79/100
|
|t:|1750775182
|switch|p2b: Ursaluna|Ursaluna, L50, F|100/100|[from] U-turn
|move|p1a: Incineroar|Knock Off|p2a: Miraidon
|-damage|p2a: Miraidon|67/100
|-enditem|p2a: Miraidon|Choice Specs|[from] move: Knock Off|[of] p1a: Incineroar
|
|-status|p2b: Ursaluna|brn|[from] item: Flame Orb
|upkeep
|turn|4
|inactive|suc vat vk has 30 seconds left.
|inactive|KuroiRyu1122 has 30 seconds left.
|inactive|suc vat vk has 20 seconds left.
|
|t:|1750775218
|-terastallize|p1b: Eternatus|Steel
|move|p2a: Miraidon|Electro Drift|p1a: Incineroar
|-damage|p1a: Incineroar|44/100
|move|p1b: Eternatus|Cosmic Power|p1b: Eternatus
|-boost|p1b: Eternatus|def|1
|-boost|p1b: Eternatus|spd|1
|move|p1a: Incineroar|U-turn|p2b: Ursaluna
|-damage|p2b: Ursaluna|86/100 brn
|
|t:|1750775226
|switch|p1a: Grimmsnarl|Grimmsnarl, L50, M, shiny|51/100|[from] U-turn
|move|p2b: Ursaluna|Facade|p1b: Eternatus
|-resisted|p1b: Eternatus
|-damage|p1b: Eternatus|68/100
|
|-damage|p2b: Ursaluna|80/100 brn|[from] brn
|upkeep
|turn|5
|
|t:|1750775234
|move|p1a: Grimmsnarl|Reflect|p1a: Grimmsnarl
|-sidestart|p1: suc vat vk|Reflect
|move|p2a: Miraidon|Volt Switch|p1a: Grimmsnarl
|-damage|p1a: Grimmsnarl|9/100
|
|t:|1750775237
|switch|p2a: Incineroar|Incineroar, L50, M|100/100|[from] Volt Switch
|-ability|p2a: Incineroar|Intimidate|boost
|-unboost|p1a: Grimmsnarl|atk|1
|-unboost|p1b: Eternatus|atk|1
|move|p1b: Eternatus|Recover|p1b: Eternatus
|-heal|p1b: Eternatus|100/100
|move|p2b: Ursaluna|Headlong Rush|p1b: Eternatus
|-supereffective|p1b: Eternatus
|-damage|p1b: Eternatus|66/100
|-unboost|p2b: Ursaluna|def|1
|-unboost|p2b: Ursaluna|spd|1
|
|-damage|p2b: Ursaluna|74/100 brn|[from] brn
|upkeep
|turn|6
|
|t:|1750775254
|move|p2a: Incineroar|Fake Out|p1b: Eternatus
|-resisted|p1b: Eternatus
|-damage|p1b: Eternatus|65/100
|move|p1a: Grimmsnarl|Parting Shot|p2b: Ursaluna
|-unboost|p2b: Ursaluna|atk|1
|-unboost|p2b: Ursaluna|spa|1
|
|t:|1750775258
|switch|p1a: Incineroar|Incineroar, L50, M, shiny|44/100|[from] Parting Shot
|-ability|p1a: Incineroar|Intimidate|boost
|-unboost|p2a: Incineroar|atk|1
|-unboost|p2b: Ursaluna|atk|1
|cant|p1b: Eternatus|flinch
|move|p2b: Ursaluna|Facade|p1a: Incineroar
|-damage|p1a: Incineroar|6/100
|
|-damage|p2b: Ursaluna|68/100 brn|[from] brn
|upkeep
|turn|7
|
|t:|1750775264
|switch|p2b: Miraidon|Miraidon, L50|67/100
|-activate|p2b: Miraidon|ability: Hadron Engine
|move|p1a: Incineroar|Fake Out|p2b: Miraidon
|-damage|p2b: Miraidon|57/100
|move|p1b: Eternatus|Cosmic Power|p1b: Eternatus
|-boost|p1b: Eternatus|def|1
|-boost|p1b: Eternatus|spd|1
|move|p2a: Incineroar|U-turn|p1a: Incineroar
|-damage|p1a: Incineroar|0 fnt
|faint|p1a: Incineroar
|
|t:|1750775267
|switch|p2a: Ursaluna|Ursaluna, L50, F|68/100 brn|[from] U-turn
|
|-damage|p2a: Ursaluna|62/100 brn|[from] brn
|-fieldend|move: Electric Terrain
|upkeep
|
|t:|1750775274
|switch|p1a: Grimmsnarl|Grimmsnarl, L50, M, shiny|9/100
|turn|8
|
|t:|1750775286
|move|p2a: Ursaluna|Protect|p2a: Ursaluna
|-singleturn|p2a: Ursaluna|Protect
|move|p1a: Grimmsnarl|Parting Shot|p2a: Ursaluna
|-activate|p2a: Ursaluna|move: Protect
|move|p2b: Miraidon|Electro Drift|p1a: Grimmsnarl
|-crit|p1a: Grimmsnarl
|-damage|p1a: Grimmsnarl|0 fnt
|faint|p1a: Grimmsnarl
|move|p1b: Eternatus|Fire Spin|p2b: Miraidon
|-resisted|p2b: Miraidon
|-damage|p2b: Miraidon|53/100
|-activate|p2b: Miraidon|move: Fire Spin|[of] p1b: Eternatus
|
|-damage|p2a: Ursaluna|56/100 brn|[from] brn
|-damage|p2b: Miraidon|40/100|[from] move: Fire Spin|[partiallytrapped]
|-sideend|p1: suc vat vk|move: Light Screen
|upkeep
|
|t:|1750775301
|switch|p1a: Sableye|Sableye, L50, M, shiny|100/100
|turn|9
|
|t:|1750775311
|switch|p2a: Incineroar|Incineroar, L50, M|100/100
|-ability|p2a: Incineroar|Intimidate|boost
|-unboost|p1a: Sableye|atk|1
|-unboost|p1b: Eternatus|atk|1
|move|p1a: Sableye|Encore|p2a: Incineroar
|-hint|Since gen 7, Dark is immune to Prankster moves.
|-immune|p2a: Incineroar
|move|p2b: Miraidon|Volt Switch|p1b: Eternatus
|-damage|p1b: Eternatus|57/100
|
|t:|1750775315
|switch|p2b: Ursaluna|Ursaluna, L50, F|56/100 brn|[from] Volt Switch
|move|p1b: Eternatus|Fire Spin|p2a: Incineroar
|-resisted|p2a: Incineroar
|-damage|p2a: Incineroar|97/100
|-activate|p2a: Incineroar|move: Fire Spin|[of] p1b: Eternatus
|
|-damage|p2b: Ursaluna|49/100 brn|[from] brn
|-damage|p2a: Incineroar|85/100|[from] move: Fire Spin|[partiallytrapped]
|upkeep
|turn|10
|inactive|suc vat vk has 30 seconds left.
|inactive|KuroiRyu1122 has 30 seconds left.
|inactive|suc vat vk has 20 seconds left.
|inactive|suc vat vk has 15 seconds left.
|
|t:|1750775360
|move|p2a: Incineroar|Fake Out|p1b: Eternatus
|-resisted|p1b: Eternatus
|-damage|p1b: Eternatus|56/100
|cant|p1b: Eternatus|flinch
|move|p2b: Ursaluna|Headlong Rush|p1a: Sableye
|-damage|p1a: Sableye|17/100
|-unboost|p2b: Ursaluna|def|1
|-unboost|p2b: Ursaluna|spd|1
|-enditem|p1a: Sableye|Sitrus Berry|[eat]
|-heal|p1a: Sableye|42/100|[from] item: Sitrus Berry
|move|p1a: Sableye|Foul Play|p2b: Ursaluna
|-damage|p2b: Ursaluna|0 fnt
|faint|p2b: Ursaluna
|
|-damage|p2a: Incineroar|72/100|[from] move: Fire Spin|[partiallytrapped]
|upkeep
|
|t:|1750775368
|switch|p2b: Lunala|Lunala, L50|100/100
|turn|11
|
|t:|1750775378
|move|p1b: Eternatus|Fire Spin|p2b: Lunala
|-damage|p2b: Lunala|96/100
|-activate|p2b: Lunala|move: Fire Spin|[of] p1b: Eternatus
|move|p2b: Lunala|Moongeist Beam|p1b: Eternatus
|-damage|p1b: Eternatus|43/100
|move|p2a: Incineroar|Flare Blitz|p1a: Sableye
|-damage|p1a: Sableye|0 fnt
|faint|p1a: Sableye
|-damage|p2a: Incineroar|62/100|[from] Recoil
|
|-damage|p2b: Lunala|84/100|[from] move: Fire Spin|[partiallytrapped]
|-damage|p2a: Incineroar|50/100|[from] move: Fire Spin|[partiallytrapped]
|upkeep
|turn|12
|
|t:|1750775385
|move|p1b: Eternatus|Recover|p1b: Eternatus
|-heal|p1b: Eternatus|94/100
|move|p2b: Lunala|Moongeist Beam|p1b: Eternatus
|-damage|p1b: Eternatus|83/100
|move|p2a: Incineroar|Flare Blitz|p1b: Eternatus
|-supereffective|p1b: Eternatus
|-damage|p1b: Eternatus|66/100
|-damage|p2a: Incineroar|43/100|[from] Recoil
|
|-damage|p2b: Lunala|72/100|[from] move: Fire Spin|[partiallytrapped]
|-damage|p2a: Incineroar|31/100|[from] move: Fire Spin|[partiallytrapped]
|-sideend|p1: suc vat vk|Reflect
|upkeep
|turn|13
|
|t:|1750775392
|move|p1b: Eternatus|Recover|p1b: Eternatus
|-heal|p1b: Eternatus|100/100
|move|p2b: Lunala|Moongeist Beam|p1b: Eternatus
|-damage|p1b: Eternatus|88/100
|move|p2a: Incineroar|Flare Blitz|p1b: Eternatus
|-supereffective|p1b: Eternatus
|-damage|p1b: Eternatus|59/100
|-damage|p2a: Incineroar|19/100|[from] Recoil
|
|-damage|p2b: Lunala|60/100|[from] move: Fire Spin|[partiallytrapped]
|-end|p2a: Incineroar|Fire Spin|[partiallytrapped]
|upkeep
|turn|14
|
|t:|1750775399
|move|p1b: Eternatus|Fire Spin|p2a: Incineroar
|-resisted|p2a: Incineroar
|-damage|p2a: Incineroar|15/100
|-activate|p2a: Incineroar|move: Fire Spin|[of] p1b: Eternatus
|move|p2b: Lunala|Moongeist Beam|p1b: Eternatus
|-damage|p1b: Eternatus|47/100
|move|p2a: Incineroar|U-turn|p1b: Eternatus
|-resisted|p1b: Eternatus
|-damage|p1b: Eternatus|44/100
|
|t:|1750775402
|switch|p2a: Miraidon|Miraidon, L50|40/100|[from] U-turn
|-fieldstart|move: Electric Terrain|[from] ability: Hadron Engine|[of] p2a: Miraidon
|-enditem|p2b: Lunala|Electric Seed
|-boost|p2b: Lunala|def|1|[from] item: Electric Seed
|
|-damage|p2b: Lunala|47/100|[from] move: Fire Spin|[partiallytrapped]
|upkeep
|turn|15
|
|t:|1750775407
|move|p2a: Miraidon|Electro Drift|p1b: Eternatus
|-damage|p1b: Eternatus|26/100
|move|p1b: Eternatus|Recover|p1b: Eternatus
|-heal|p1b: Eternatus|76/100
|move|p2b: Lunala|Moonblast|p1b: Eternatus
|-resisted|p1b: Eternatus
|-damage|p1b: Eternatus|73/100
|
|-end|p2b: Lunala|Fire Spin|[partiallytrapped]
|upkeep
|turn|16
|
|t:|1750775414
|move|p2a: Miraidon|Electro Drift|p1b: Eternatus
|-damage|p1b: Eternatus|55/100
|move|p1b: Eternatus|Fire Spin|p2a: Miraidon
|-resisted|p2a: Miraidon
|-damage|p2a: Miraidon|36/100
|-activate|p2a: Miraidon|move: Fire Spin|[of] p1b: Eternatus
|move|p2b: Lunala|Moonblast|p1b: Eternatus
|-resisted|p1b: Eternatus
|-damage|p1b: Eternatus|52/100
|
|-damage|p2a: Miraidon|24/100|[from] move: Fire Spin|[partiallytrapped]
|upkeep
|turn|17
|
|t:|1750775423
|move|p2a: Miraidon|Volt Switch|p1b: Eternatus
|-damage|p1b: Eternatus|38/100
|
|t:|1750775425
|switch|p2a: Incineroar|Incineroar, L50, M|15/100|[from] Volt Switch
|-ability|p2a: Incineroar|Intimidate|boost
|-unboost|p1b: Eternatus|atk|1
|move|p1b: Eternatus|Fire Spin|p2b: Lunala
|-damage|p2b: Lunala|40/100
|-activate|p2b: Lunala|move: Fire Spin|[of] p1b: Eternatus
|move|p2b: Lunala|Moonblast|p1b: Eternatus
|-resisted|p1b: Eternatus
|-damage|p1b: Eternatus|35/100
|
|-damage|p2b: Lunala|28/100|[from] move: Fire Spin|[partiallytrapped]
|upkeep
|turn|18
|
|t:|1750775431
|move|p2a: Incineroar|Fake Out|p1b: Eternatus
|-resisted|p1b: Eternatus
|-damage|p1b: Eternatus|33/100
|cant|p1b: Eternatus|flinch
|move|p2b: Lunala|Moonblast|p1b: Eternatus
|-resisted|p1b: Eternatus
|-damage|p1b: Eternatus|29/100
|-unboost|p1b: Eternatus|spa|1
|
|-damage|p2b: Lunala|16/100|[from] move: Fire Spin|[partiallytrapped]
|-fieldend|move: Electric Terrain
|upkeep
|turn|19
|
|t:|1750775441
|move|p1b: Eternatus|Recover|p1b: Eternatus
|-heal|p1b: Eternatus|79/100
|move|p2b: Lunala|Moonblast|p1b: Eternatus
|-resisted|p1b: Eternatus
|-damage|p1b: Eternatus|75/100
|move|p2a: Incineroar|U-turn|p1b: Eternatus
|-resisted|p1b: Eternatus
|-damage|p1b: Eternatus|73/100
|
|t:|1750775444
|switch|p2a: Miraidon|Miraidon, L50|24/100|[from] U-turn
|-fieldstart|move: Electric Terrain|[from] ability: Hadron Engine|[of] p2a: Miraidon
|
|-damage|p2b: Lunala|3/100|[from] move: Fire Spin|[partiallytrapped]
|upkeep
|turn|20
|
|t:|1750775452
|move|p2a: Miraidon|Electro Drift|p1b: Eternatus
|-damage|p1b: Eternatus|56/100
|move|p1b: Eternatus|Toxic|p2a: Miraidon
|-status|p2a: Miraidon|tox
|move|p2b: Lunala|Moonblast|p1b: Eternatus
|-resisted|p1b: Eternatus
|-damage|p1b: Eternatus|52/100
|
|-damage|p2a: Miraidon|18/100 tox|[from] psn
|-damage|p2b: Lunala|0 fnt|[from] move: Fire Spin|[partiallytrapped]
|faint|p2b: Lunala
|upkeep
|
|t:|1750775455
|switch|p2b: Incineroar|Incineroar, L50, M|15/100
|-ability|p2b: Incineroar|Intimidate|boost
|-unboost|p1b: Eternatus|atk|1
|turn|21
|
|t:|1750775462
|move|p2b: Incineroar|Fake Out|p1b: Eternatus
|-resisted|p1b: Eternatus
|-damage|p1b: Eternatus|50/100
|move|p2a: Miraidon|Volt Switch|p1b: Eternatus
|-damage|p1b: Eternatus|37/100
|cant|p1b: Eternatus|flinch
|
|-damage|p2a: Miraidon|6/100 tox|[from] psn
|upkeep
|turn|22
|inactive|suc vat vk has 30 seconds left.
|inactive|suc vat vk has 20 seconds left.
|inactive|suc vat vk has 15 seconds left.
|inactive|suc vat vk has 10 seconds left.
|inactive|suc vat vk has 5 seconds left.
|
|t:|1750775517
|move|p2a: Miraidon|Volt Switch|p1b: Eternatus
|-damage|p1b: Eternatus|23/100
|move|p1b: Eternatus|Cosmic Power|p1b: Eternatus
|-boost|p1b: Eternatus|def|1
|-boost|p1b: Eternatus|spd|1
|move|p2b: Incineroar|Flare Blitz|p1b: Eternatus
|-supereffective|p1b: Eternatus
|-damage|p1b: Eternatus|0 fnt
|faint|p1b: Eternatus
|-damage|p2b: Incineroar|6/100|[from] Recoil
|
|win|KuroiRyu1122
|raw|suc vat vk's rating: 1402 &rarr; <strong>1383</strong><br />(-19 for losing)
|raw|KuroiRyu1122's rating: 1422 &rarr; <strong>1441</strong><br />(+19 for winning)
