|j|☆okjihgvhjk
|j|☆HeckMe
|t:|1750735481
|gametype|doubles
|player|p1|okjihgvhjk|preschooler|1167
|player|p2|HeckMe|n-masters|1235
|teamsize|p1|6
|teamsize|p2|6
|gen|9
|tier|[Gen 9] VGC 2025 Reg I
|rated|
|rule|Species Clause: Limit one of each Pokémon
|rule|Item Clause: Limit 1 of each item
|clearpoke
|poke|p1|Urshifu-*, L50, M|
|poke|p1|Rillaboom, L50, M|
|poke|p1|Calyrex-Ice, L50|
|poke|p1|Lunala, L50|
|poke|p1|Squawkabilly, L50, M|
|poke|p1|Incineroar, L50, F|
|poke|p2|Groudon, L50|
|poke|p2|Miraidon, L50|
|poke|p2|Iron Bundle, L50|
|poke|p2|Whimsicott, L50, M|
|poke|p2|Incineroar, L50, F|
|poke|p2|Iron Hands, L50|
|teampreview|4
|inactive|Battle timer is ON: inactive players will automatically lose when time's up. (requested by HeckMe)
HeckMe has agreed to open team sheets.
okjihgvhjk rejected open team sheets.
|
|t:|1750735510
|start
|switch|p1a: Lunala|Lunala, L50|100/100
|switch|p1b: Incineroar|Incineroar, L50, F|100/100
|switch|p2a: Miraidon|Miraidon, L50|100/100
|switch|p2b: Whimsicott|Whimsicott, L50, M, shiny|100/100
|-fieldstart|move: Electric Terrain|[from] ability: Hadron Engine|[of] p2a: Miraidon
|-ability|p1b: Incineroar|Intimidate|boost
|-unboost|p2a: Miraidon|atk|1
|-unboost|p2b: Whimsicott|atk|1
|turn|1
|
|t:|1750735532
|-terastallize|p2a: Miraidon|Electric
|move|p1b: Incineroar|Fake Out|p2a: Miraidon
|-damage|p2a: Miraidon|87/100
|move|p2b: Whimsicott|Taunt|p1a: Lunala
|-start|p1a: Lunala|move: Taunt
|cant|p2a: Miraidon|flinch
|move|p1a: Lunala|Meteor Beam||[still]
|-prepare|p1a: Lunala|Meteor Beam
|-boost|p1a: Lunala|spa|1
|-enditem|p1a: Lunala|Power Herb
|-anim|p1a: Lunala|Meteor Beam|p2a: Miraidon|[miss]
|-miss|p1a: Lunala|p2a: Miraidon
|
|upkeep
|turn|2
|inactive|HeckMe has 30 seconds left.
|
|t:|1750735557
|move|p2a: Miraidon|Volt Switch|p1a: Lunala
|-damage|p1a: Lunala|56/100
|
|t:|1750735561
|switch|p2a: Incineroar|Incineroar, L50, F, shiny|100/100|[from] Volt Switch
|-ability|p2a: Incineroar|Intimidate|boost
|-unboost|p1a: Lunala|atk|1
|-unboost|p1b: Incineroar|atk|1
|move|p2b: Whimsicott|Moonblast|p1b: Incineroar
|-damage|p1b: Incineroar|75/100
|-unboost|p1b: Incineroar|spa|1
|move|p1a: Lunala|Moongeist Beam|p2a: Incineroar
|-resisted|p2a: Incineroar
|-damage|p2a: Incineroar|57/100
|move|p1b: Incineroar|Parting Shot|p2a: Incineroar
|-unboost|p2a: Incineroar|atk|1
|-unboost|p2a: Incineroar|spa|1
|
|t:|1750735579
|switch|p1b: Calyrex|Calyrex-Ice, L50|100/100|[from] Parting Shot
|-ability|p1b: Calyrex|As One
|-ability|p1b: Calyrex|Unnerve
|
|upkeep
|turn|3
|
|t:|1750735587
|-terastallize|p1b: Calyrex|Fire
|move|p2b: Whimsicott|Taunt|p1b: Calyrex
|-start|p1b: Calyrex|move: Taunt
|move|p2a: Incineroar|Knock Off|p1a: Lunala
|-supereffective|p1a: Lunala
|-damage|p1a: Lunala|0 fnt
|faint|p1a: Lunala
|cant|p1b: Calyrex|move: Taunt|Trick Room
|
|upkeep
|
|t:|1750735596
|switch|p1a: Squawkabilly|Squawkabilly, L50, M|100/100
|-ability|p1a: Squawkabilly|Intimidate|boost
|-unboost|p2a: Incineroar|atk|1
|-unboost|p2b: Whimsicott|atk|1
|turn|4
|
|t:|1750735611
|move|p2b: Whimsicott|Taunt|p1a: Squawkabilly
|-start|p1a: Squawkabilly|move: Taunt
|move|p1a: Squawkabilly|Final Gambit|p2b: Whimsicott
|-enditem|p2b: Whimsicott|Focus Sash
|-damage|p2b: Whimsicott|1/100
|faint|p1a: Squawkabilly
|move|p2a: Incineroar|Knock Off|p1b: Calyrex
|-damage|p1b: Calyrex|90/100
|-enditem|p1b: Calyrex|Clear Amulet|[from] move: Knock Off|[of] p2a: Incineroar
|move|p1b: Calyrex|High Horsepower|p2a: Incineroar
|-supereffective|p2a: Incineroar
|-damage|p2a: Incineroar|0 fnt
|faint|p2a: Incineroar
|-ability|p1b: Calyrex|Chilling Neigh|boost
|-boost|p1b: Calyrex|atk|1
|
|upkeep
|
|t:|1750735629
|switch|p1a: Incineroar|Incineroar, L50, F|75/100
|switch|p2a: Miraidon|Miraidon, L50, tera:Electric|87/100
|-activate|p2a: Miraidon|ability: Hadron Engine
|-ability|p1a: Incineroar|Intimidate|boost
|-unboost|p2a: Miraidon|atk|1
|-unboost|p2b: Whimsicott|atk|1
|turn|5
|
|t:|1750735647
|switch|p2a: Iron Hands|Iron Hands, L50|100/100
|-activate|p2a: Iron Hands|ability: Quark Drive
|-start|p2a: Iron Hands|quarkdriveatk
|move|p1a: Incineroar|Fake Out|p2a: Iron Hands
|-damage|p2a: Iron Hands|92/100
|move|p2b: Whimsicott|Tailwind|p2b: Whimsicott
|-sidestart|p2: HeckMe|move: Tailwind
|move|p1b: Calyrex|Glacial Lance|p2a: Iron Hands|[spread] p2a,p2b
|-supereffective|p2b: Whimsicott
|-damage|p2a: Iron Hands|43/100
|-damage|p2b: Whimsicott|0 fnt
|faint|p2b: Whimsicott
|-ability|p1b: Calyrex|Chilling Neigh|boost
|-boost|p1b: Calyrex|atk|1
|
|-heal|p2a: Iron Hands|49/100|[from] item: Leftovers
|-end|p1b: Calyrex|move: Taunt
|-fieldend|move: Electric Terrain
|-end|p2a: Iron Hands|Quark Drive
|upkeep
|
|t:|1750735657
|switch|p2b: Miraidon|Miraidon, L50, tera:Electric|87/100
|-fieldstart|move: Electric Terrain|[from] ability: Hadron Engine|[of] p2b: Miraidon
|-activate|p2a: Iron Hands|ability: Quark Drive
|-start|p2a: Iron Hands|quarkdriveatk
|turn|6
|
|t:|1750735676
|move|p2b: Miraidon|Electro Drift|p1b: Calyrex
|-damage|p1b: Calyrex|0 fnt
|faint|p1b: Calyrex
|move|p2a: Iron Hands|Thunder Punch|p1a: Incineroar
|-damage|p1a: Incineroar|1/100
|move|p1a: Incineroar|Knock Off|p2b: Miraidon
|-damage|p2b: Miraidon|32/100
|-enditem|p2b: Miraidon|Choice Specs|[from] move: Knock Off|[of] p1a: Incineroar
|
|-heal|p2a: Iron Hands|55/100|[from] item: Leftovers
|upkeep
|turn|7
|-message|okjihgvhjk forfeited.
|
|win|HeckMe
|raw|okjihgvhjk's rating: 1167 &rarr; <strong>1147</strong><br />(-20 for losing)
|raw|HeckMe's rating: 1235 &rarr; <strong>1255</strong><br />(+20 for winning)
|l|☆okjihgvhjk
|player|p1|
|l|☆HeckMe
|player|p2|
