|j|☆testaccount3q8965
|j|☆salaryman jon
|t:|1750868441
|gametype|doubles
|player|p1|testaccount3q8965|266|1141
|player|p2|salaryman jon|clerk|1207
|teamsize|p1|6
|teamsize|p2|6
|gen|9
|tier|[Gen 9] VGC 2025 Reg I
|rated|
|rule|Species Clause: Limit one of each Pokémon
|rule|Item Clause: Limit 1 of each item
|clearpoke
|poke|p1|Koraidon, L50|
|poke|p1|Raichu, L50, M|
|poke|p1|Flutter Mane, L50|
|poke|p1|Incineroar, L50, M|
|poke|p1|Whimsicott, L50, F|
|poke|p1|Calyrex-Shadow, L50|
|poke|p2|Kyogre, L50|
|poke|p2|Calyrex-Ice, L50|
|poke|p2|Urshifu-*, L50, F|
|poke|p2|Amoonguss, L50, M|
|poke|p2|Iron Jugulis, L50|
|poke|p2|Rillaboom, L50, F|
|teampreview|4
|inactive|Battle timer is ON: inactive players will automatically lose when time's up. (requested by testaccount3q8965)
|inactive|testaccount3q8965 has 60 seconds left.
salaryman jon has agreed to open team sheets.
|inactive|testaccount3q8965 has 30 seconds left.
|
|t:|1750868506
|start
|switch|p1a: Koraidon|Koraidon, L50|100/100
|switch|p1b: Whimsicott|Whimsicott, L50, F|100/100
|switch|p2a: Calyrex|Calyrex-Ice, L50|100/100
|switch|p2b: Amoonguss|Amoonguss, L50, M|100/100
|-ability|p2a: Calyrex|As One
|-ability|p2a: Calyrex|Unnerve
|-weather|SunnyDay|[from] ability: Orichalcum Pulse|[of] p1a: Koraidon
|-activate|p1a: Koraidon|Orichalcum Pulse|[source]
|turn|1
|inactive|testaccount3q8965 has 30 seconds left.
|inactive|salaryman jon has 30 seconds left.
|
|t:|1750868539
|-terastallize|p2b: Amoonguss|Water
|move|p1a: Koraidon|Protect|p1a: Koraidon
|-singleturn|p1a: Koraidon|Protect
|move|p2b: Amoonguss|Rage Powder|p2b: Amoonguss
|-singleturn|p2b: Amoonguss|move: Rage Powder
|move|p1b: Whimsicott|Moonblast|p2a: Calyrex
|-damage|p2a: Calyrex|84/100
|move|p2a: Calyrex|Trick Room|p2a: Calyrex
|-fieldstart|move: Trick Room|[of] p2a: Calyrex
|
|-weather|SunnyDay|[upkeep]
|upkeep
|turn|2
|inactive|testaccount3q8965 has 30 seconds left.
|
|t:|1750868571
|move|p1b: Whimsicott|Encore|p2a: Calyrex
|-start|p2a: Calyrex|Encore
|move|p2b: Amoonguss|Spore|p1a: Koraidon
|-status|p1a: Koraidon|slp|[from] move: Spore
|move|p2a: Calyrex|Trick Room|p2a: Calyrex
|-fieldend|move: Trick Room
|cant|p1a: Koraidon|slp
|
|-weather|SunnyDay|[upkeep]
|upkeep
|turn|3
|
|t:|1750868595
|switch|p1a: Flutter Mane|Flutter Mane, L50|100/100
|-activate|p1a: Flutter Mane|ability: Protosynthesis
|-start|p1a: Flutter Mane|protosynthesisspe
|move|p1b: Whimsicott|Moonblast|p2a: Calyrex
|-damage|p2a: Calyrex|68/100
|-unboost|p2a: Calyrex|spa|1
|move|p2b: Amoonguss|Pollen Puff|p1b: Whimsicott
|-crit|p1b: Whimsicott
|-damage|p1b: Whimsicott|65/100
|move|p2a: Calyrex|Trick Room|p2a: Calyrex
|-fieldstart|move: Trick Room|[of] p2a: Calyrex
|
|-weather|SunnyDay|[upkeep]
|upkeep
|turn|4
|
|t:|1750868615
|switch|p2a: Kyogre|Kyogre, L50|100/100
|-weather|RainDance|[from] ability: Drizzle|[of] p2a: Kyogre
|-end|p1a: Flutter Mane|Protosynthesis
|move|p1b: Whimsicott|Encore|p2b: Amoonguss
|-start|p2b: Amoonguss|Encore
|move|p2b: Amoonguss|Pollen Puff|p1a: Flutter Mane
|-resisted|p1a: Flutter Mane
|-damage|p1a: Flutter Mane|96/100
|move|p1a: Flutter Mane|Shadow Ball|p2a: Kyogre
|-damage|p2a: Kyogre|58/100
|
|-weather|RainDance|[upkeep]
|upkeep
|turn|5
|inactive|testaccount3q8965 has 30 seconds left.
|
|t:|1750868643
|-end|p1a: Flutter Mane|Protosynthesis|[silent]
|switch|p1a: Koraidon|Koraidon, L50|100/100 slp
|-weather|SunnyDay|[from] ability: Orichalcum Pulse|[of] p1a: Koraidon
|-activate|p1a: Koraidon|Orichalcum Pulse|[source]
|move|p1b: Whimsicott|Light Screen|p1b: Whimsicott
|-sidestart|p1: testaccount3q8965|move: Light Screen
|move|p2b: Amoonguss|Pollen Puff|p2a: Kyogre
|-heal|p2a: Kyogre|100/100
|move|p2a: Kyogre|Water Spout|p1b: Whimsicott|[spread] p1a,p1b
|-resisted|p1a: Koraidon
|-resisted|p1b: Whimsicott
|-damage|p1a: Koraidon|87/100 slp
|-damage|p1b: Whimsicott|48/100
|
|-weather|SunnyDay|[upkeep]
|upkeep
|turn|6
|inactive|testaccount3q8965 has 30 seconds left.
|inactive|salaryman jon has 30 seconds left.
|
|t:|1750868671
|switch|p2a: Calyrex|Calyrex-Ice, L50|68/100
|-ability|p2a: Calyrex|As One
|-ability|p2a: Calyrex|Unnerve
|move|p1b: Whimsicott|Encore||[still]
|-fail|p1b: Whimsicott
|move|p2b: Amoonguss|Pollen Puff|p2a: Calyrex
|-heal|p2a: Calyrex|100/100
|cant|p1a: Koraidon|slp
|
|-weather|SunnyDay|[upkeep]
|-end|p2b: Amoonguss|Encore
|upkeep
|turn|7
|inactive|salaryman jon has 30 seconds left.
|
|t:|1750868696
|-terastallize|p1a: Koraidon|Fire
|-curestatus|p1a: Koraidon|slp|[msg]
|move|p1a: Koraidon|Protect|p1a: Koraidon
|-singleturn|p1a: Koraidon|Protect
|move|p1b: Whimsicott|Encore|p2b: Amoonguss
|-start|p2b: Amoonguss|Encore
|move|p2b: Amoonguss|Pollen Puff|p1a: Koraidon
|-activate|p1a: Koraidon|move: Protect
|move|p2a: Calyrex|Glacial Lance|p1b: Whimsicott|[spread] p1b
|-activate|p1a: Koraidon|move: Protect
|-supereffective|p1b: Whimsicott
|-damage|p1b: Whimsicott|0 fnt
|faint|p1b: Whimsicott
|-ability|p2a: Calyrex|Chilling Neigh|boost
|-boost|p2a: Calyrex|atk|1
|
|-weather|SunnyDay|[upkeep]
|-fieldend|move: Trick Room
|upkeep
|
|t:|1750868714
|switch|p1b: Calyrex|Calyrex-Shadow, L50|100/100
|-ability|p1b: Calyrex|As One
|-ability|p1b: Calyrex|Unnerve
|turn|8
|inactive|salaryman jon has 30 seconds left.
|
|t:|1750868747
|switch|p2a: Iron Jugulis|Iron Jugulis, L50|100/100
|-enditem|p2a: Iron Jugulis|Booster Energy
|-activate|p2a: Iron Jugulis|ability: Quark Drive|[fromitem]
|-start|p2a: Iron Jugulis|quarkdrivespe
|move|p1a: Koraidon|Close Combat|p2a: Iron Jugulis
|-damage|p2a: Iron Jugulis|0 fnt
|-unboost|p1a: Koraidon|def|1
|-unboost|p1a: Koraidon|spd|1
|faint|p2a: Iron Jugulis
|-end|p2a: Iron Jugulis|Quark Drive|[silent]
|-damage|p1a: Koraidon|77/100|[from] item: Life Orb
|move|p1b: Calyrex|Astral Barrage|p2b: Amoonguss
|-damage|p2b: Amoonguss|32/100
|move|p2b: Amoonguss|Pollen Puff|p2: Iron Jugulis|[notarget]
|-fail|p2b: Amoonguss
|
|-weather|SunnyDay|[upkeep]
|upkeep
|
|t:|1750868766
|switch|p2a: Kyogre|Kyogre, L50|100/100
|-weather|RainDance|[from] ability: Drizzle|[of] p2a: Kyogre
|turn|9
|
|t:|1750868781
|move|p1a: Koraidon|Protect|p1a: Koraidon
|-singleturn|p1a: Koraidon|Protect
|move|p1b: Calyrex|Astral Barrage|p2a: Kyogre|[spread] p2a,p2b
|-damage|p2a: Kyogre|63/100
|-damage|p2b: Amoonguss|0 fnt
|faint|p2b: Amoonguss
|-ability|p1b: Calyrex|Grim Neigh|boost
|-boost|p1b: Calyrex|spa|1
|move|p2a: Kyogre|Water Spout|p1a: Koraidon|[spread] p1b
|-activate|p1a: Koraidon|move: Protect
|-damage|p1b: Calyrex|57/100
|
|-weather|RainDance|[upkeep]
|-heal|p1b: Calyrex|62/100|[from] item: Leftovers
|-sideend|p1: testaccount3q8965|move: Light Screen
|upkeep
|
|t:|1750868798
|switch|p2b: Calyrex|Calyrex-Ice, L50|100/100
|-ability|p2b: Calyrex|As One
|-ability|p2b: Calyrex|Unnerve
|turn|10
|
|t:|1750868813
|switch|p1a: Flutter Mane|Flutter Mane, L50|96/100
|move|p2b: Calyrex|Protect|p2b: Calyrex
|-singleturn|p2b: Calyrex|Protect
|move|p1b: Calyrex|Astral Barrage|p2b: Calyrex|[spread] p2a
|-activate|p2b: Calyrex|move: Protect
|-damage|p2a: Kyogre|11/100
|move|p2a: Kyogre|Hydro Pump|p1b: Calyrex
|-damage|p1b: Calyrex|0 fnt
|faint|p1b: Calyrex
|
|-weather|RainDance|[upkeep]
|upkeep
|
|t:|1750868826
|switch|p1b: Koraidon|Koraidon, L50, tera:Fire|77/100
|-weather|SunnyDay|[from] ability: Orichalcum Pulse|[of] p1b: Koraidon
|-activate|p1a: Flutter Mane|ability: Protosynthesis
|-start|p1a: Flutter Mane|protosynthesisspe
|-activate|p1b: Koraidon|Orichalcum Pulse|[source]
|turn|11
|
|t:|1750868847
|move|p1a: Flutter Mane|Shadow Ball|p2a: Kyogre
|-damage|p2a: Kyogre|0 fnt
|faint|p2a: Kyogre
|move|p1b: Koraidon|Flare Blitz|p2b: Calyrex
|-supereffective|p2b: Calyrex
|-damage|p2b: Calyrex|0 fnt
|faint|p2b: Calyrex
|-damage|p1b: Koraidon|38/100|[from] Recoil
|-damage|p1b: Koraidon|29/100|[from] item: Life Orb
|
|win|testaccount3q8965
|raw|testaccount3q8965's rating: 1141 &rarr; <strong>1171</strong><br />(+30 for winning)
|raw|salaryman jon's rating: 1207 &rarr; <strong>1177</strong><br />(-30 for losing)
