|j|☆br1jxp
|j|☆zombiedarverano
|t:|1750815357
|gametype|doubles
|player|p1|br1jxp|266|1415
|player|p2|zombiedarverano|1|1497
|teamsize|p1|6
|teamsize|p2|6
|gen|9
|tier|[Gen 9] VGC 2025 Reg I
|rated|
|rule|Species Clause: Limit one of each Pokémon
|rule|Item Clause: Limit 1 of each item
|clearpoke
|poke|p1|Kyogre, L50|
|poke|p1|Whimsicott, L50, F|
|poke|p1|Kyurem-Black, L50|
|poke|p1|Tinkaton, L50, F|
|poke|p1|Urshifu-*, L50, F|
|poke|p1|Landorus, L50, M|
|poke|p2|Calyrex-Ice, L50|
|poke|p2|Miraidon, L50|
|poke|p2|Torkoal, L50, M|
|poke|p2|Rillaboom, L50, M|
|poke|p2|Porygon2, L50|
|poke|p2|Urshifu-*, L50, M|
|teampreview|4
|inactive|Battle timer is ON: inactive players will automatically lose when time's up. (requested by zombiedarverano)
|inactive|br1jxp has 60 seconds left.
|inactive|zombiedarverano has 60 seconds left.
|inactive|br1jxp has 30 seconds left.
|inactive|br1jxp has 20 seconds left.
|
|t:|1750815433
|start
|switch|p1a: Kyogre|Kyogre, L50|100/100
|switch|p1b: Whimsicott|Whimsicott, L50, F|100/100
|switch|p2a: Rillaboom|Rillaboom, L50, M|100/100
|switch|p2b: Porygon2|Porygon2, L50|100/100
|-weather|RainDance|[from] ability: Drizzle|[of] p1a: Kyogre
|-fieldstart|move: Grassy Terrain|[from] ability: Grassy Surge|[of] p2a: Rillaboom
|-ability|p2b: Porygon2|Download|boost
|-boost|p2b: Porygon2|atk|1
|turn|1
|inactive|br1jxp has 30 seconds left.
|
|t:|1750815459
|move|p1a: Kyogre|Protect|p1a: Kyogre
|-singleturn|p1a: Kyogre|Protect
|move|p2a: Rillaboom|Fake Out|p1a: Kyogre
|-activate|p1a: Kyogre|move: Protect
|move|p1b: Whimsicott|Light Screen|p1b: Whimsicott
|-sidestart|p1: br1jxp|move: Light Screen
|move|p2b: Porygon2|Trick Room|p2b: Porygon2
|-fieldstart|move: Trick Room|[of] p2b: Porygon2
|
|-weather|RainDance|[upkeep]
|upkeep
|turn|2
|
|t:|1750815471
|switch|p2b: Miraidon|Miraidon, L50|100/100
|-fieldstart|move: Electric Terrain|[from] ability: Hadron Engine|[of] p2b: Miraidon
|-enditem|p2b: Miraidon|Room Service
|-unboost|p2b: Miraidon|spe|1|[from] item: Room Service
|-terastallize|p1a: Kyogre|Grass
|move|p1b: Whimsicott|Encore||[still]
|-fail|p1b: Whimsicott
|move|p2a: Rillaboom|Grassy Glide|p1a: Kyogre
|-resisted|p1a: Kyogre
|-damage|p1a: Kyogre|87/100
|move|p1a: Kyogre|Water Spout|p2b: Miraidon|[spread] p2a,p2b
|-resisted|p2a: Rillaboom
|-resisted|p2b: Miraidon
|-damage|p2a: Rillaboom|61/100
|-damage|p2b: Miraidon|58/100
|
|-weather|RainDance|[upkeep]
|upkeep
|turn|3
|inactive|br1jxp has 30 seconds left.
|
|t:|1750815500
|switch|p1a: Tinkaton|Tinkaton, L50, F|100/100
|-ability|p1a: Tinkaton|Mold Breaker
|move|p2b: Miraidon|Dazzling Gleam|p1a: Tinkaton|[spread] p1a,p1b
|-resisted|p1a: Tinkaton
|-damage|p1a: Tinkaton|94/100
|-damage|p1b: Whimsicott|74/100
|move|p2a: Rillaboom|Snarl|p1a: Tinkaton|[spread] p1a,p1b
|-resisted|p1a: Tinkaton
|-resisted|p1b: Whimsicott
|-damage|p1a: Tinkaton|93/100
|-damage|p1b: Whimsicott|71/100
|-unboost|p1a: Tinkaton|spa|1
|move|p1b: Whimsicott|Moonblast|p2b: Miraidon
|-supereffective|p2b: Miraidon
|-damage|p2b: Miraidon|15/100
|
|-weather|RainDance|[upkeep]
|upkeep
|turn|4
|
|t:|1750815522
|move|p1b: Whimsicott|Encore|p2a: Rillaboom
|-start|p2a: Rillaboom|Encore
|move|p2b: Miraidon|Electro Drift|p1a: Tinkaton
|-damage|p1a: Tinkaton|54/100
|move|p2a: Rillaboom|Snarl|p1b: Whimsicott|[spread] p1a
|-miss|p2a: Rillaboom|p1b: Whimsicott
|-resisted|p1a: Tinkaton
|-damage|p1a: Tinkaton|53/100
|-unboost|p1a: Tinkaton|spa|1
|move|p1a: Tinkaton|Gigaton Hammer|p2b: Miraidon
|-resisted|p2b: Miraidon
|-damage|p2b: Miraidon|0 fnt
|faint|p2b: Miraidon
|
|-weather|RainDance|[upkeep]
|upkeep
|
|t:|1750815529
|switch|p2b: Calyrex|Calyrex-Ice, L50|100/100
|-ability|p2b: Calyrex|As One
|-ability|p2b: Calyrex|Unnerve
|turn|5
|
|t:|1750815553
|switch|p1a: Kyurem|Kyurem-Black, L50|100/100
|-ability|p1a: Kyurem|Teravolt
|move|p1b: Whimsicott|Tailwind|p1b: Whimsicott
|-sidestart|p1: br1jxp|move: Tailwind
|move|p2b: Calyrex|High Horsepower|p1a: Kyurem
|-damage|p1a: Kyurem|60/100
|move|p2a: Rillaboom|Snarl|p1b: Whimsicott|[spread] p1a,p1b
|-resisted|p1b: Whimsicott
|-damage|p1a: Kyurem|57/100
|-damage|p1b: Whimsicott|69/100
|-unboost|p1a: Kyurem|spa|1
|
|-weather|none
|-sideend|p1: br1jxp|move: Light Screen
|-fieldend|move: Trick Room
|upkeep
|turn|6
|
|t:|1750815571
|switch|p2a: Porygon2|Porygon2, L50|100/100
|-ability|p2a: Porygon2|Download|boost
|-boost|p2a: Porygon2|spa|1
|move|p1b: Whimsicott|Encore|p2b: Calyrex
|-start|p2b: Calyrex|Encore
|move|p1a: Kyurem|Icicle Spear|p2a: Porygon2
|-damage|p2a: Porygon2|91/100
|-damage|p2a: Porygon2|82/100
|-damage|p2a: Porygon2|72/100
|-damage|p2a: Porygon2|62/100
|-hitcount|p2a: Porygon2|4
|move|p2b: Calyrex|High Horsepower|p1a: Kyurem
|-damage|p1a: Kyurem|17/100
|
|-fieldend|move: Electric Terrain
|upkeep
|turn|7
|inactive|zombiedarverano has 30 seconds left.
|
|t:|1750815598
|switch|p2b: Rillaboom|Rillaboom, L50, M|61/100
|-fieldstart|move: Grassy Terrain|[from] ability: Grassy Surge|[of] p2b: Rillaboom
|move|p1b: Whimsicott|Moonblast|p2a: Porygon2
|-crit|p2a: Porygon2
|-damage|p2a: Porygon2|39/100
|move|p1a: Kyurem|Icicle Spear|p2a: Porygon2
|-damage|p2a: Porygon2|30/100
|-damage|p2a: Porygon2|20/100
|-damage|p2a: Porygon2|11/100
|-damage|p2a: Porygon2|1/100
|-damage|p2a: Porygon2|0 fnt
|faint|p2a: Porygon2
|-hitcount|p2: Porygon2|5
|
|-heal|p1b: Whimsicott|75/100|[from] Grassy Terrain
|-heal|p1a: Kyurem|23/100|[from] Grassy Terrain
|-heal|p2b: Rillaboom|67/100|[from] Grassy Terrain
|upkeep
|
|t:|1750815613
|switch|p2a: Calyrex|Calyrex-Ice, L50|100/100
|-ability|p2a: Calyrex|As One
|-ability|p2a: Calyrex|Unnerve
|turn|8
|inactive|br1jxp has 30 seconds left.
|inactive|zombiedarverano has 30 seconds left.
|inactive|br1jxp has 20 seconds left.
|inactive|zombiedarverano has 20 seconds left.
|inactive|br1jxp has 15 seconds left.
|
|t:|1750815656
|move|p2b: Rillaboom|Fake Out|p1a: Kyurem
|-damage|p1a: Kyurem|9/100
|move|p1b: Whimsicott|Moonblast|p2a: Calyrex
|-damage|p2a: Calyrex|82/100
|cant|p1a: Kyurem|flinch
|move|p2a: Calyrex|Glacial Lance|p1b: Whimsicott|[spread] p1a,p1b
|-supereffective|p1b: Whimsicott
|-damage|p1a: Kyurem|0 fnt
|-damage|p1b: Whimsicott|0 fnt
|faint|p1a: Kyurem
|faint|p1b: Whimsicott
|-ability|p2a: Calyrex|Chilling Neigh|boost
|-boost|p2a: Calyrex|atk|2
|
|-heal|p2b: Rillaboom|72/100|[from] Grassy Terrain
|-heal|p2a: Calyrex|87/100|[from] Grassy Terrain
|-sideend|p1: br1jxp|move: Tailwind
|upkeep
|
|t:|1750815663
|switch|p1b: Kyogre|Kyogre, L50, tera:Grass|87/100
|switch|p1a: Tinkaton|Tinkaton, L50, F|53/100
|-ability|p1a: Tinkaton|Mold Breaker
|-weather|RainDance|[from] ability: Drizzle|[of] p1b: Kyogre
|turn|9
|
|t:|1750815673
|-terastallize|p2b: Rillaboom|Water
|move|p2a: Calyrex|Protect|p2a: Calyrex
|-singleturn|p2a: Calyrex|Protect
|move|p1a: Tinkaton|Feint|p2a: Calyrex
|-activate|p2a: Calyrex|move: Feint
|-damage|p2a: Calyrex|83/100
|move|p1b: Kyogre|Hydro Pump|p2a: Calyrex
|-crit|p2a: Calyrex
|-damage|p2a: Calyrex|0 fnt
|faint|p2a: Calyrex
|move|p2b: Rillaboom|Snarl|p1a: Tinkaton|[spread] p1a,p1b
|-resisted|p1a: Tinkaton
|-damage|p1a: Tinkaton|52/100
|-damage|p1b: Kyogre|83/100
|-unboost|p1a: Tinkaton|spa|1
|-unboost|p1b: Kyogre|spa|1
|
|-weather|RainDance|[upkeep]
|-heal|p1a: Tinkaton|58/100|[from] Grassy Terrain
|-heal|p1b: Kyogre|89/100|[from] Grassy Terrain
|-heal|p2b: Rillaboom|78/100|[from] Grassy Terrain
|upkeep
|turn|10
|
|t:|1750815689
|move|p1a: Tinkaton|Play Rough|p2b: Rillaboom
|-damage|p2b: Rillaboom|54/100
|move|p1b: Kyogre|Origin Pulse|p2b: Rillaboom
|-resisted|p2b: Rillaboom
|-damage|p2b: Rillaboom|24/100
|move|p2b: Rillaboom|High Horsepower|p1a: Tinkaton
|-supereffective|p1a: Tinkaton
|-damage|p1a: Tinkaton|0 fnt
|faint|p1a: Tinkaton
|
|-weather|RainDance|[upkeep]
|-heal|p1b: Kyogre|95/100|[from] Grassy Terrain
|-heal|p2b: Rillaboom|30/100|[from] Grassy Terrain
|upkeep
|turn|11
|-message|zombiedarverano forfeited.
|
|win|br1jxp
|raw|br1jxp's rating: 1415 &rarr; <strong>1440</strong><br />(+25 for winning)
|raw|zombiedarverano's rating: 1497 &rarr; <strong>1472</strong><br />(-25 for losing)
|c|☆br1jxp|ggs
|l|☆zombiedarverano
|player|p2|
