|j|☆firexxzz
|j|☆m3e
|t:|1750833056
|gametype|doubles
|player|p1|firexxzz|ghetsis|1420
|player|p2|m3e|266|1308
|teamsize|p1|6
|teamsize|p2|6
|gen|9
|tier|[Gen 9] VGC 2025 Reg I
|rated|
|rule|Species Clause: Limit one of each Pokémon
|rule|Item Clause: Limit 1 of each item
|clearpoke
|poke|p1|Calyrex-Ice, L50|
|poke|p1|Farigiraf, L50, F|
|poke|p1|Smeargle, L50, F|
|poke|p1|Maushold, L50|
|poke|p1|Kyogre, L50|
|poke|p1|Volcarona, L50, M|
|poke|p2|Lunala, L50|
|poke|p2|Ursaluna, L50, F|
|poke|p2|Urshifu-*, L50, F|
|poke|p2|Miraidon, L50|
|poke|p2|Grimmsnarl, L50, M|
|poke|p2|Incineroar, L50, M|
|teampreview|4
|
|t:|1750833081
|start
|switch|p1a: Calyrex|Calyrex-Ice, L50|100/100
|switch|p1b: Smeargle|Smeargle, L50, F|100/100
|switch|p2a: Lunala|Lunala, L50|100/100
|switch|p2b: Grimmsnarl|Grimmsnarl, L50, M|100/100
|-ability|p1a: Calyrex|As One
|-ability|p1a: Calyrex|Unnerve
|turn|1
|
|t:|1750833103
|-terastallize|p1a: Calyrex|Grass
|move|p1b: Smeargle|Fake Out|p2b: Grimmsnarl
|-damage|p2b: Grimmsnarl|96/100
|cant|p2b: Grimmsnarl|flinch
|move|p2a: Lunala|Moongeist Beam|p1a: Calyrex
|-damage|p1a: Calyrex|74/100
|move|p1a: Calyrex|Crunch|p2a: Lunala
|-supereffective|p2a: Lunala
|-damage|p2a: Lunala|50/100
|
|-ability|p1b: Smeargle|Moody|boost
|-boost|p1b: Smeargle|spe|2
|-unboost|p1b: Smeargle|spd|1
|upkeep
|turn|2
|
|t:|1750833129
|switch|p2b: Miraidon|Miraidon, L50|100/100
|-fieldstart|move: Electric Terrain|[from] ability: Hadron Engine|[of] p2b: Miraidon
|-enditem|p2a: Lunala|Electric Seed
|-boost|p2a: Lunala|def|1|[from] item: Electric Seed
|-terastallize|p2a: Lunala|Fairy
|move|p1b: Smeargle|Spore|p2b: Miraidon
|-activate|p2b: Miraidon|move: Electric Terrain
|move|p2a: Lunala|Moongeist Beam|p1a: Calyrex
|-damage|p1a: Calyrex|46/100
|move|p1a: Calyrex|Glacial Lance|p2a: Lunala|[spread] p2a,p2b
|-supereffective|p2b: Miraidon
|-damage|p2a: Lunala|25/100
|-damage|p2b: Miraidon|13/100
|
|-ability|p1b: Smeargle|Moody|boost
|-boost|p1b: Smeargle|spd|2
|-unboost|p1b: Smeargle|atk|1
|upkeep
|turn|3
|
|t:|1750833177
|move|p1b: Smeargle|Follow Me|p1b: Smeargle
|-singleturn|p1b: Smeargle|move: Follow Me
|move|p2b: Miraidon|Volt Switch|p1b: Smeargle
|-damage|p1b: Smeargle|7/100
|
|t:|1750833182
|switch|p2b: Grimmsnarl|Grimmsnarl, L50, M|96/100|[from] Volt Switch
|move|p2a: Lunala|Moongeist Beam|p1b: Smeargle
|-immune|p1b: Smeargle
|move|p1a: Calyrex|Crunch|p2b: Grimmsnarl
|-resisted|p2b: Grimmsnarl
|-damage|p2b: Grimmsnarl|88/100
|
|-ability|p1b: Smeargle|Moody|boost
|-boost|p1b: Smeargle|def|2
|-unboost|p1b: Smeargle|atk|1
|upkeep
|turn|4
|
|t:|1750833200
|move|p2a: Lunala|Wide Guard|p2a: Lunala
|-singleturn|p2a: Lunala|Wide Guard
|move|p2b: Grimmsnarl|Reflect|p2b: Grimmsnarl
|-sidestart|p2: m3e|Reflect
|move|p1b: Smeargle|Decorate|p1a: Calyrex
|-boost|p1a: Calyrex|atk|2
|-boost|p1a: Calyrex|spa|2
|move|p1a: Calyrex|Glacial Lance|p2a: Lunala|[spread] 
|-activate|p2a: Lunala|move: Wide Guard
|-activate|p2b: Grimmsnarl|move: Wide Guard
|
|-ability|p1b: Smeargle|Moody|boost
|-boost|p1b: Smeargle|spa|2
|-unboost|p1b: Smeargle|def|1
|upkeep
|turn|5
|
|t:|1750833222
|move|p2a: Lunala|Wide Guard|p2a: Lunala
|-singleturn|p2a: Lunala|Wide Guard
|move|p2b: Grimmsnarl|Thunder Wave|p1a: Calyrex
|-status|p1a: Calyrex|par
|move|p1b: Smeargle|Decorate|p1a: Calyrex
|-boost|p1a: Calyrex|atk|2
|-boost|p1a: Calyrex|spa|2
|cant|p1a: Calyrex|par
|
|-ability|p1b: Smeargle|Moody|boost
|-boost|p1b: Smeargle|atk|2
|-unboost|p1b: Smeargle|def|1
|upkeep
|turn|6
|
|t:|1750833240
|move|p1b: Smeargle|Follow Me|p1b: Smeargle
|-singleturn|p1b: Smeargle|move: Follow Me
|move|p2a: Lunala|Moongeist Beam|p1b: Smeargle
|-immune|p1b: Smeargle
|move|p2b: Grimmsnarl|Spirit Break|p1b: Smeargle
|-damage|p1b: Smeargle|0 fnt
|faint|p1b: Smeargle
|cant|p1a: Calyrex|par
|
|-fieldend|move: Electric Terrain
|upkeep
|
|t:|1750833253
|switch|p1b: Maushold|Maushold, L50|100/100
|turn|7
|
|t:|1750833260
|move|p2a: Lunala|Wide Guard|p2a: Lunala
|-singleturn|p2a: Lunala|Wide Guard
|move|p1b: Maushold|Population Bomb|p2b: Grimmsnarl
|-damage|p2b: Grimmsnarl|80/100
|-damage|p2b: Grimmsnarl|72/100
|-damage|p2b: Grimmsnarl|64/100
|-damage|p2b: Grimmsnarl|57/100
|-damage|p2b: Grimmsnarl|50/100
|-crit|p2b: Grimmsnarl
|-damage|p2b: Grimmsnarl|34/100
|-damage|p2b: Grimmsnarl|26/100
|-damage|p2b: Grimmsnarl|18/100
|-damage|p2b: Grimmsnarl|11/100
|-damage|p2b: Grimmsnarl|3/100
|-hitcount|p2b: Grimmsnarl|10
|move|p2b: Grimmsnarl|Spirit Break|p1a: Calyrex
|-damage|p1a: Calyrex|28/100 par
|-unboost|p1a: Calyrex|spa|1
|move|p1a: Calyrex|Glacial Lance|p2b: Grimmsnarl|[spread] 
|-activate|p2a: Lunala|move: Wide Guard
|-activate|p2b: Grimmsnarl|move: Wide Guard
|
|upkeep
|turn|8
|
|t:|1750833293
|move|p2b: Grimmsnarl|Light Screen|p2b: Grimmsnarl
|-sidestart|p2: m3e|move: Light Screen
|move|p1b: Maushold|Population Bomb|p2a: Lunala
|-damage|p2a: Lunala|21/100
|-damage|p2a: Lunala|17/100
|-damage|p2a: Lunala|13/100
|-damage|p2a: Lunala|9/100
|-damage|p2a: Lunala|6/100
|-damage|p2a: Lunala|2/100
|-damage|p2a: Lunala|0 fnt
|faint|p2a: Lunala
|-hitcount|p2: Lunala|7
|cant|p1a: Calyrex|par
|
|upkeep
|
|t:|1750833312
|switch|p2a: Miraidon|Miraidon, L50|13/100
|-fieldstart|move: Electric Terrain|[from] ability: Hadron Engine|[of] p2a: Miraidon
|turn|9
|
|t:|1750833320
|move|p2b: Grimmsnarl|Thunder Wave|p1b: Maushold|[miss]
|-miss|p2b: Grimmsnarl|p1b: Maushold
|move|p1b: Maushold|Population Bomb|p2a: Miraidon
|-damage|p2a: Miraidon|6/100
|-damage|p2a: Miraidon|0 fnt
|faint|p2a: Miraidon
|-hitcount|p2: Miraidon|2
|cant|p1a: Calyrex|par
|
|upkeep
|
|t:|1750833326
|switch|p2a: Urshifu|Urshifu-Rapid-Strike, L50, F|100/100
|turn|10
|
|t:|1750833339
|move|p1b: Maushold|Follow Me|p1b: Maushold
|-singleturn|p1b: Maushold|move: Follow Me
|move|p2b: Grimmsnarl|Thunder Wave|p1b: Maushold|[miss]
|-miss|p2b: Grimmsnarl|p1b: Maushold
|move|p2a: Urshifu|Close Combat|p1b: Maushold
|-supereffective|p1b: Maushold
|-damage|p1b: Maushold|0 fnt
|-unboost|p2a: Urshifu|def|1
|-unboost|p2a: Urshifu|spd|1
|faint|p1b: Maushold
|move|p1a: Calyrex|Seed Bomb|p2a: Urshifu
|-supereffective|p2a: Urshifu
|-damage|p2a: Urshifu|0 fnt
|faint|p2a: Urshifu
|-ability|p1a: Calyrex|Chilling Neigh|boost
|-boost|p1a: Calyrex|atk|1
|
|upkeep
|
|t:|1750833348
|switch|p1b: Kyogre|Kyogre, L50|100/100
|-weather|RainDance|[from] ability: Drizzle|[of] p1b: Kyogre
|turn|11
|-message|m3e forfeited.
|
|win|firexxzz
|raw|firexxzz's rating: 1420 &rarr; <strong>1434</strong><br />(+14 for winning)
|raw|m3e's rating: 1308 &rarr; <strong>1294</strong><br />(-14 for losing)
|l|☆m3e
|player|p2|
|l|☆firexxzz
|player|p1|
