|j|☆caprican
|j|☆Maxislands
|t:|1750822151
|gametype|doubles
|player|p1|caprican|skyla|1523
|player|p2|Maxislands|roxie|1473
|teamsize|p1|6
|teamsize|p2|6
|gen|9
|tier|[Gen 9] VGC 2025 Reg I
|rated|
|rule|Species Clause: Limit one of each Pokémon
|rule|Item Clause: Limit 1 of each item
|clearpoke
|poke|p1|Miraidon, L50|
|poke|p1|Calyrex-Ice, L50|
|poke|p1|Incineroar, L50, F|
|poke|p1|Iron Hands, L50|
|poke|p1|Farigiraf, L50, F|
|poke|p1|Iron Treads, L50|
|poke|p2|Calyrex-Ice, L50|
|poke|p2|Miraidon, L50|
|poke|p2|Grimmsnarl, L50, M|
|poke|p2|Urshifu-*, L50, M|
|poke|p2|Incineroar, L50, M|
|poke|p2|Landorus, L50, M|
|teampreview|4
|inactive|Battle timer is ON: inactive players will automatically lose when time's up. (requested by caprican)
|
|t:|1750822177
|start
|switch|p1a: TERA ICE|Calyrex-Ice, L50|100/100
|switch|p1b: MEOW|Incineroar, L50, F, shiny|100/100
|switch|p2a: Landorus|Landorus, L50, M|100/100
|switch|p2b: Gandalf|Grimmsnarl, L50, M, shiny|100/100
|-ability|p1a: TERA ICE|As One
|-ability|p1a: TERA ICE|Unnerve
|-ability|p1b: MEOW|Intimidate|boost
|-unboost|p2a: Landorus|atk|1
|-unboost|p2b: Gandalf|atk|1
|turn|1
|
|t:|1750822200
|switch|p2b: Incineroar|Incineroar, L50, M|100/100
|-ability|p2b: Incineroar|Intimidate|boost
|-fail|p1a: TERA ICE|unboost|[from] item: Clear Amulet|[of] p1a: TERA ICE
|-unboost|p1b: MEOW|atk|1
|move|p2a: Landorus|Protect|p2a: Landorus
|-singleturn|p2a: Landorus|Protect
|move|p1b: MEOW|Fake Out|p2b: Incineroar
|-damage|p2b: Incineroar|93/100
|move|p1a: TERA ICE|Glacial Lance|p2a: Landorus|[spread] p2b
|-activate|p2a: Landorus|move: Protect
|-resisted|p2b: Incineroar
|-damage|p2b: Incineroar|63/100
|
|upkeep
|turn|2
|inactive|caprican has 30 seconds left.
|inactive|Maxislands has 30 seconds left.
|
|t:|1750822234
|-terastallize|p2a: Landorus|Steel
|move|p2b: Incineroar|U-turn|p1b: MEOW
|-damage|p1b: MEOW|87/100
|-damage|p2b: Incineroar|46/100|[from] item: Rocky Helmet|[of] p1b: MEOW
|
|t:|1750822240
|switch|p2b: Gandalf|Grimmsnarl, L50, M, shiny|100/100|[from] U-turn
|move|p2a: Landorus|Earth Power|p1b: MEOW
|-supereffective|p1b: MEOW
|-damage|p1b: MEOW|0 fnt
|faint|p1b: MEOW
|move|p1a: TERA ICE|Glacial Lance|p2a: Landorus|[spread] p2a,p2b
|-resisted|p2a: Landorus
|-damage|p2a: Landorus|73/100
|-damage|p2b: Gandalf|39/100
|
|upkeep
|
|t:|1750822252
|switch|p1b: THE DON|Miraidon, L50|100/100
|-fieldstart|move: Electric Terrain|[from] ability: Hadron Engine|[of] p1b: THE DON
|turn|3
|inactive|Maxislands has 30 seconds left.
|
|t:|1750822280
|move|p2b: Gandalf|Light Screen|p2b: Gandalf
|-sidestart|p2: Maxislands|move: Light Screen
|move|p1b: THE DON|Volt Switch|p2b: Gandalf
|-damage|p2b: Gandalf|0 fnt
|faint|p2b: Gandalf
|
|t:|1750822286
|switch|p1b: ROLL TIDE|Iron Treads, L50|100/100|[from] Volt Switch
|-activate|p1b: ROLL TIDE|ability: Quark Drive
|-start|p1b: ROLL TIDE|quarkdrivespe
|move|p2a: Landorus|Earth Power|p1b: ROLL TIDE
|-supereffective|p1b: ROLL TIDE
|-damage|p1b: ROLL TIDE|0 fnt
|faint|p1b: ROLL TIDE
|-end|p1b: ROLL TIDE|Quark Drive|[silent]
|move|p1a: TERA ICE|Glacial Lance|p2a: Landorus
|-resisted|p2a: Landorus
|-damage|p2a: Landorus|37/100
|
|upkeep
|
|t:|1750822300
|switch|p1b: THE DON|Miraidon, L50|100/100
|switch|p2b: Incineroar|Incineroar, L50, M|46/100
|-activate|p1b: THE DON|ability: Hadron Engine
|-ability|p2b: Incineroar|Intimidate|boost
|-fail|p1a: TERA ICE|unboost|[from] item: Clear Amulet|[of] p1a: TERA ICE
|-unboost|p1b: THE DON|atk|1
|turn|4
|inactive|caprican has 30 seconds left.
|inactive|caprican has 20 seconds left.
|inactive|caprican has 15 seconds left.
|
|t:|1750822345
|-terastallize|p1b: THE DON|Fairy
|move|p2b: Incineroar|Fake Out|p1b: THE DON
|-damage|p1b: THE DON|91/100
|cant|p1b: THE DON|flinch
|move|p2a: Landorus|Earth Power|p1b: THE DON
|-damage|p1b: THE DON|40/100
|move|p1a: TERA ICE|High Horsepower|p2b: Incineroar
|-supereffective|p2b: Incineroar
|-damage|p2b: Incineroar|0 fnt
|faint|p2b: Incineroar
|-ability|p1a: TERA ICE|Chilling Neigh|boost
|-boost|p1a: TERA ICE|atk|1
|
|upkeep
|
|t:|1750822356
|switch|p2b: Calyrex|Calyrex-Ice, L50|100/100
|-ability|p2b: Calyrex|As One
|-ability|p2b: Calyrex|Unnerve
|turn|5
|inactive|Maxislands has 30 seconds left.
|
|t:|1750822382
|move|p2a: Landorus|Protect|p2a: Landorus
|-singleturn|p2a: Landorus|Protect
|move|p2b: Calyrex|Protect|p2b: Calyrex
|-singleturn|p2b: Calyrex|Protect
|move|p1b: THE DON|Electro Drift|p2b: Calyrex
|-activate|p2b: Calyrex|move: Protect
|move|p1a: TERA ICE|High Horsepower|p2a: Landorus
|-activate|p2a: Landorus|move: Protect
|
|upkeep
|turn|6
|
|t:|1750822401
|move|p1b: THE DON|Electro Drift|p2b: Calyrex
|-damage|p2b: Calyrex|39/100
|move|p2a: Landorus|Sludge Bomb|p1b: THE DON
|-supereffective|p1b: THE DON
|-damage|p1b: THE DON|0 fnt
|faint|p1b: THE DON
|move|p2b: Calyrex|Leech Seed|p1a: TERA ICE
|-start|p1a: TERA ICE|move: Leech Seed
|move|p1a: TERA ICE|High Horsepower|p2a: Landorus
|-supereffective|p2a: Landorus
|-damage|p2a: Landorus|0 fnt
|faint|p2a: Landorus
|-ability|p1a: TERA ICE|Chilling Neigh|boost
|-boost|p1a: TERA ICE|atk|1
|
|-heal|p2b: Calyrex|45/100|[from] item: Leftovers
|-damage|p1a: TERA ICE|88/100|[from] Leech Seed|[of] p2b: Calyrex
|-heal|p2b: Calyrex|57/100|[silent]
|upkeep
|turn|7
|
|t:|1750822426
|move|p2b: Calyrex|Protect|p2b: Calyrex
|-singleturn|p2b: Calyrex|Protect
|move|p1a: TERA ICE|High Horsepower|p2b: Calyrex
|-activate|p2b: Calyrex|move: Protect
|
|-heal|p2b: Calyrex|63/100|[from] item: Leftovers
|-damage|p1a: TERA ICE|76/100|[from] Leech Seed|[of] p2b: Calyrex
|-heal|p2b: Calyrex|75/100|[silent]
|-fieldend|move: Electric Terrain
|upkeep
|turn|8
|
|t:|1750822444
|move|p2b: Calyrex|Glacial Lance|p1a: TERA ICE
|-resisted|p1a: TERA ICE
|-damage|p1a: TERA ICE|56/100
|move|p1a: TERA ICE|High Horsepower|p2b: Calyrex
|-damage|p2b: Calyrex|28/100
|
|-heal|p2b: Calyrex|33/100|[from] item: Leftovers
|-damage|p1a: TERA ICE|43/100|[from] Leech Seed|[of] p2b: Calyrex
|-heal|p2b: Calyrex|45/100|[silent]
|upkeep
|turn|9
|
|t:|1750822455
|move|p2b: Calyrex|Protect|p2b: Calyrex
|-singleturn|p2b: Calyrex|Protect
|move|p1a: TERA ICE|High Horsepower|p2b: Calyrex
|-activate|p2b: Calyrex|move: Protect
|
|-heal|p2b: Calyrex|51/100|[from] item: Leftovers
|-damage|p1a: TERA ICE|31/100|[from] Leech Seed|[of] p2b: Calyrex
|-heal|p2b: Calyrex|63/100|[silent]
|upkeep
|turn|10
|
|t:|1750822464
|move|p2b: Calyrex|Glacial Lance|p1a: TERA ICE
|-resisted|p1a: TERA ICE
|-damage|p1a: TERA ICE|11/100
|move|p1a: TERA ICE|High Horsepower|p2b: Calyrex
|-damage|p2b: Calyrex|9/100
|
|-heal|p2b: Calyrex|15/100|[from] item: Leftovers
|-damage|p1a: TERA ICE|0 fnt|[from] Leech Seed|[of] p2b: Calyrex
|-heal|p2b: Calyrex|26/100|[silent]
|faint|p1a: TERA ICE
|
|win|Maxislands
|raw|caprican's rating: 1523 &rarr; <strong>1500</strong><br />(-23 for losing)
|raw|Maxislands's rating: 1473 &rarr; <strong>1496</strong><br />(+23 for winning)
|j| PiousAugustus13
|c|☆caprican|awful set
|l|☆caprican
|player|p1|
|c|☆Maxislands|It won
