|j|☆ShellyV25
|j|☆szoob busziness
|t:|1750739125
|gametype|doubles
|player|p1|ShellyV25|hilbert|1205
|player|p2|szoob busziness|miku-ground|1235
|teamsize|p1|6
|teamsize|p2|6
|gen|9
|tier|[Gen 9] VGC 2025 Reg I
|rated|
|rule|Species Clause: Limit one of each Pokémon
|rule|Item Clause: Limit 1 of each item
|clearpoke
|poke|p1|Calyrex-Shadow, L50|
|poke|p1|Chi-Yu, L50|
|poke|p1|Weezing-Galar, L50, M|
|poke|p1|Brute Bonnet, L50|
|poke|p1|Walking Wake, L50|
|poke|p1|Koraidon, L50|
|poke|p2|Regidrago, L50|
|poke|p2|Zacian-*, L50|
|poke|p2|Walking Wake, L50|
|poke|p2|Flutter Mane, L50|
|poke|p2|Indeedee-F, L50, F|
|poke|p2|Koraidon, L50|
|teampreview|4
|
|t:|1750739158
|start
|switch|p1a: Koraidon|Koraidon, L50|100/100
|switch|p1b: Weezing|Weezing-Galar, L50, M, shiny|100/100
|switch|p2a: Zacian|Zacian-Crowned, L50|100/100
|switch|p2b: Flutter Mane|Flutter Mane, L50|100/100
|-ability|p1b: Weezing|Neutralizing Gas
|-block|p1a: Koraidon|item: Ability Shield
|-weather|SunnyDay|[from] ability: Orichalcum Pulse|[of] p1a: Koraidon
|-activate|p1a: Koraidon|Orichalcum Pulse|[source]
|turn|1
|inactive|Battle timer is ON: inactive players will automatically lose when time's up. (requested by szoob busziness)
|
|t:|1750739186
|move|p1a: Koraidon|Protect|p1a: Koraidon
|-singleturn|p1a: Koraidon|Protect
|move|p2a: Zacian|Sacred Sword|p1a: Koraidon
|-activate|p1a: Koraidon|move: Protect
|move|p2b: Flutter Mane|Shadow Ball|p1a: Koraidon
|-activate|p1a: Koraidon|move: Protect
|move|p1b: Weezing|Will-O-Wisp|p2a: Zacian|[miss]
|-miss|p1b: Weezing|p2a: Zacian
|
|-weather|SunnyDay|[upkeep]
|upkeep
|turn|2
|inactive|szoob busziness has 30 seconds left.
|
|t:|1750739212
|switch|p1a: Calyrex|Calyrex-Shadow, L50|100/100
|-ability|p1a: Calyrex|As One
|-ability|p1a: Calyrex|Unnerve
|move|p2a: Zacian|Behemoth Blade|p1b: Weezing
|-supereffective|p1b: Weezing
|-damage|p1b: Weezing|0 fnt
|faint|p1b: Weezing
|-end|p1b: Weezing|ability: Neutralizing Gas
|-ability|p2a: Zacian|Intrepid Sword|boost
|-boost|p2a: Zacian|atk|1
|-activate|p2b: Flutter Mane|ability: Protosynthesis
|-start|p2b: Flutter Mane|protosynthesisspe
|move|p2b: Flutter Mane|Moonblast|p1a: Calyrex
|-damage|p1a: Calyrex|54/100
|
|-weather|SunnyDay|[upkeep]
|upkeep
|
|t:|1750739229
|switch|p1b: Walking Wake|Walking Wake, L50|100/100
|-activate|p1b: Walking Wake|ability: Protosynthesis
|-start|p1b: Walking Wake|protosynthesisspe
|turn|3
|
|t:|1750739249
|-terastallize|p1b: Walking Wake|Fire
|move|p2a: Zacian|Protect|p2a: Zacian
|-singleturn|p2a: Zacian|Protect
|move|p2b: Flutter Mane|Moonblast|p1b: Walking Wake
|-resisted|p1b: Walking Wake
|-damage|p1b: Walking Wake|72/100
|-unboost|p1b: Walking Wake|spa|1
|move|p1b: Walking Wake|Hydro Steam|p2b: Flutter Mane
|-damage|p2b: Flutter Mane|38/100
|move|p1a: Calyrex|Astral Barrage|p2a: Zacian|[spread] p2b
|-activate|p2a: Zacian|move: Protect
|-supereffective|p2b: Flutter Mane
|-damage|p2b: Flutter Mane|0 fnt
|faint|p2b: Flutter Mane
|-end|p2b: Flutter Mane|Protosynthesis|[silent]
|-ability|p1a: Calyrex|Grim Neigh|boost
|-boost|p1a: Calyrex|spa|1
|-damage|p1a: Calyrex|44/100|[from] item: Life Orb
|
|-weather|SunnyDay|[upkeep]
|upkeep
|inactive|szoob busziness has 30 seconds left.
|
|t:|1750739280
|switch|p2b: Koraidon|Koraidon, L50|100/100
|-activate|p2b: Koraidon|ability: Orichalcum Pulse
|turn|4
|
|t:|1750739296
|-terastallize|p2b: Koraidon|Fire
|move|p1b: Walking Wake|Hydro Steam|p2a: Zacian
|-damage|p2a: Zacian|39/100
|move|p1a: Calyrex|Astral Barrage|p2b: Koraidon|[spread] p2a,p2b
|-damage|p2a: Zacian|0 fnt
|-damage|p2b: Koraidon|8/100
|faint|p2a: Zacian
|-ability|p1a: Calyrex|Grim Neigh|boost
|-boost|p1a: Calyrex|spa|1
|-damage|p1a: Calyrex|34/100|[from] item: Life Orb
|move|p2b: Koraidon|Flame Charge|p1a: Calyrex
|-damage|p1a: Calyrex|0 fnt
|-boost|p2b: Koraidon|spe|1
|faint|p1a: Calyrex
|-damage|p2b: Koraidon|0 fnt|[from] item: Life Orb
|faint|p2b: Koraidon
|
|-weather|SunnyDay|[upkeep]
|upkeep
|
|t:|1750739316
|switch|p1a: Koraidon|Koraidon, L50|100/100
|switch|p2a: Regidrago|Regidrago, L50|100/100
|-activate|p1a: Koraidon|ability: Orichalcum Pulse
|turn|5
|
|t:|1750739325
|move|p1b: Walking Wake|Hydro Steam|p2a: Regidrago
|-resisted|p2a: Regidrago
|-damage|p2a: Regidrago|67/100
|move|p2a: Regidrago|Dragon Energy|p1a: Koraidon|[spread] p1a,p1b
|-supereffective|p1a: Koraidon
|-damage|p1a: Koraidon|11/100
|-damage|p1b: Walking Wake|20/100
|move|p1a: Koraidon|Collision Course|p2a: Regidrago
|-damage|p2a: Regidrago|0 fnt
|faint|p2a: Regidrago
|
|win|ShellyV25
|raw|ShellyV25's rating: 1205 &rarr; <strong>1232</strong><br />(+27 for winning)
|raw|szoob busziness's rating: 1235 &rarr; <strong>1208</strong><br />(-27 for losing)
|c|☆ShellyV25|Gg
|c|☆szoob busziness|gg
|l|☆szoob busziness
|player|p2|
|l|☆ShellyV25
|player|p1|
