|j|☆mondolugi
|j|☆HeadHunt3rZ
|t:|1750829275
|gametype|doubles
|player|p1|mondolugi|1|1111
|player|p2|HeadHunt3rZ|acetrainer-gen4dp|1213
|teamsize|p1|6
|teamsize|p2|6
|gen|9
|tier|[Gen 9] VGC 2025 Reg I
|rated|
|rule|Species Clause: Limit one of each Pokémon
|rule|Item Clause: Limit 1 of each item
|clearpoke
|poke|p1|Calyrex-Shadow, L50|
|poke|p1|Zamazenta-*, L50|
|poke|p1|Incineroar, L50, M|
|poke|p1|Rillaboom, L50, M|
|poke|p1|Ogerpon-Hearthflame, L50, F|
|poke|p1|Urshifu-*, L50, M|
|poke|p2|Kyogre, L50|
|poke|p2|Volcarona, L50, M|
|poke|p2|Rillaboom, L50, F|
|poke|p2|Whimsicott, L50, M|
|poke|p2|Chien-Pao, L50|
|poke|p2|Giratina-Origin, L50|
|teampreview|4
|inactive|Battle timer is ON: inactive players will automatically lose when time's up. (requested by HeadHunt3rZ)
|inactive|mondolugi has 60 seconds left.
|inactive|HeadHunt3rZ has 60 seconds left.
|
|t:|1750829323
|start
|switch|p1a: Incineroar|Incineroar, L50, M|100/100
|switch|p1b: Zamazenta|Zamazenta-Crowned, L50|100/100
|switch|p2a: Volcarona|Volcarona, L50, M|100/100
|switch|p2b: Rillaboom|Rillaboom, L50, F|100/100
|-ability|p1b: Zamazenta|Dauntless Shield|boost
|-boost|p1b: Zamazenta|def|1
|-fieldstart|move: Grassy Terrain|[from] ability: Grassy Surge|[of] p2b: Rillaboom
|-ability|p1a: Incineroar|Intimidate|boost
|-unboost|p2a: Volcarona|atk|1
|-unboost|p2b: Rillaboom|atk|1
|turn|1
|inactive|mondolugi has 30 seconds left.
|inactive|mondolugi has 20 seconds left.
|inactive|mondolugi has 15 seconds left.
|
|t:|1750829364
|move|p2b: Rillaboom|Fake Out|p1a: Incineroar
|-damage|p1a: Incineroar|94/100
|-damage|p2b: Rillaboom|84/100|[from] item: Rocky Helmet|[of] p1a: Incineroar
|cant|p1a: Incineroar|flinch
|move|p1b: Zamazenta|Body Press|p2b: Rillaboom
|-damage|p2b: Rillaboom|19/100
|move|p2a: Volcarona|Will-O-Wisp|p1b: Zamazenta
|-status|p1b: Zamazenta|brn
|
|-heal|p2b: Rillaboom|25/100|[from] Grassy Terrain
|-heal|p1a: Incineroar|99/100|[from] Grassy Terrain
|-damage|p1b: Zamazenta|95/100 brn|[from] brn
|upkeep
|turn|2
|
|t:|1750829383
|move|p1a: Incineroar|Helping Hand|p1b: Zamazenta
|-singleturn|p1b: Zamazenta|Helping Hand|[of] p1a: Incineroar
|move|p2a: Volcarona|Rage Powder|p2a: Volcarona
|-singleturn|p2a: Volcarona|move: Rage Powder
|move|p1b: Zamazenta|Body Press|p2a: Volcarona
|-resisted|p2a: Volcarona
|-damage|p2a: Volcarona|77/100
|move|p2b: Rillaboom|U-turn|p1b: Zamazenta
|-resisted|p1b: Zamazenta
|-damage|p1b: Zamazenta|93/100 brn
|
|t:|1750829401
|switch|p2b: Giratina|Giratina-Origin, L50|100/100|[from] U-turn
|
|-heal|p1b: Zamazenta|99/100 brn|[from] Grassy Terrain
|-heal|p2a: Volcarona|83/100|[from] Grassy Terrain
|-heal|p1a: Incineroar|100/100|[from] Grassy Terrain
|-damage|p1b: Zamazenta|93/100 brn|[from] brn
|upkeep
|turn|3
|inactive|mondolugi has 30 seconds left.
|
|t:|1750829427
|move|p1b: Zamazenta|Protect|p1b: Zamazenta
|-singleturn|p1b: Zamazenta|Protect
|move|p2a: Volcarona|Rage Powder|p2a: Volcarona
|-singleturn|p2a: Volcarona|move: Rage Powder
|move|p2b: Giratina|Draco Meteor|p1a: Incineroar
|-damage|p1a: Incineroar|33/100
|-unboost|p2b: Giratina|spa|2
|move|p1a: Incineroar|Parting Shot|p2a: Volcarona
|-unboost|p2a: Volcarona|atk|1
|-unboost|p2a: Volcarona|spa|1
|
|t:|1750829448
|switch|p1a: Rillaboom|Rillaboom, L50, M|100/100|[from] Parting Shot
|
|-heal|p1b: Zamazenta|99/100 brn|[from] Grassy Terrain
|-heal|p2a: Volcarona|89/100|[from] Grassy Terrain
|-damage|p1b: Zamazenta|93/100 brn|[from] brn
|upkeep
|turn|4
|
|t:|1750829458
|move|p2b: Giratina|Protect|p2b: Giratina
|-singleturn|p2b: Giratina|Protect
|move|p1a: Rillaboom|Fake Out|p2a: Volcarona
|-damage|p2a: Volcarona|78/100
|move|p1b: Zamazenta|Heavy Slam|p2b: Giratina
|-activate|p2b: Giratina|move: Protect
|cant|p2a: Volcarona|flinch
|
|-heal|p1b: Zamazenta|99/100 brn|[from] Grassy Terrain
|-heal|p2a: Volcarona|84/100|[from] Grassy Terrain
|-damage|p1b: Zamazenta|93/100 brn|[from] brn
|upkeep
|turn|5
|inactive|mondolugi has 30 seconds left.
|inactive|mondolugi has 20 seconds left.
|
|t:|1750829495
|move|p1b: Zamazenta|Body Press|p2a: Volcarona
|-resisted|p2a: Volcarona
|-damage|p2a: Volcarona|67/100
|move|p2a: Volcarona|Struggle Bug|p1a: Rillaboom|[spread] p1a,p1b
|-supereffective|p1a: Rillaboom
|-resisted|p1b: Zamazenta
|-damage|p1a: Rillaboom|88/100
|-damage|p1b: Zamazenta|91/100 brn
|-unboost|p1a: Rillaboom|spa|1
|-unboost|p1b: Zamazenta|spa|1
|move|p1a: Rillaboom|U-turn|p2a: Volcarona
|-resisted|p2a: Volcarona
|-damage|p2a: Volcarona|57/100
|
|t:|1750829507
|switch|p1a: Incineroar|Incineroar, L50, M|33/100|[from] U-turn
|-ability|p1a: Incineroar|Intimidate|boost
|-unboost|p2a: Volcarona|atk|1
|-unboost|p2b: Giratina|atk|1
|move|p2b: Giratina|Poltergeist|p1b: Zamazenta
|-activate|p1b: Zamazenta|move: Poltergeist|Rusted Shield
|-damage|p1b: Zamazenta|70/100 brn
|
|-heal|p1b: Zamazenta|75/100 brn|[from] Grassy Terrain
|-heal|p2a: Volcarona|63/100|[from] Grassy Terrain
|-heal|p1a: Incineroar|39/100|[from] Grassy Terrain
|-damage|p1b: Zamazenta|70/100 brn|[from] brn
|-fieldend|move: Grassy Terrain
|upkeep
|turn|6
|inactive|mondolugi has 30 seconds left.
|inactive|HeadHunt3rZ has 30 seconds left.
|
|t:|1750829535
|switch|p2b: Rillaboom|Rillaboom, L50, F|25/100
|-fieldstart|move: Grassy Terrain|[from] ability: Grassy Surge|[of] p2b: Rillaboom
|move|p2a: Volcarona|Protect|p2a: Volcarona
|-singleturn|p2a: Volcarona|Protect
|move|p1b: Zamazenta|Body Press|p2a: Volcarona
|-activate|p2a: Volcarona|move: Protect
|move|p1a: Incineroar|Knock Off|p2a: Volcarona
|-activate|p2a: Volcarona|move: Protect
|
|-heal|p1b: Zamazenta|75/100 brn|[from] Grassy Terrain
|-heal|p2a: Volcarona|69/100|[from] Grassy Terrain
|-heal|p2b: Rillaboom|31/100|[from] Grassy Terrain
|-heal|p1a: Incineroar|45/100|[from] Grassy Terrain
|-damage|p1b: Zamazenta|70/100 brn|[from] brn
|upkeep
|turn|7
|
|t:|1750829554
|switch|p2a: Whimsicott|Whimsicott, L50, M|100/100
|move|p1b: Zamazenta|Protect|p1b: Zamazenta
|-singleturn|p1b: Zamazenta|Protect
|move|p2b: Rillaboom|Fake Out|p1a: Incineroar
|-damage|p1a: Incineroar|35/100
|-damage|p2b: Rillaboom|15/100|[from] item: Rocky Helmet|[of] p1a: Incineroar
|cant|p1a: Incineroar|flinch
|
|-heal|p1b: Zamazenta|75/100 brn|[from] Grassy Terrain
|-heal|p2b: Rillaboom|21/100|[from] Grassy Terrain
|-heal|p1a: Incineroar|41/100|[from] Grassy Terrain
|-damage|p1b: Zamazenta|70/100 brn|[from] brn
|upkeep
|turn|8
|inactive|HeadHunt3rZ has 30 seconds left.
|inactive|HeadHunt3rZ has 20 seconds left.
|inactive|HeadHunt3rZ has 15 seconds left.
|
|t:|1750829596
|switch|p1b: Rillaboom|Rillaboom, L50, M|88/100
|switch|p1a: Calyrex|Calyrex-Shadow, L50|100/100
|-ability|p1a: Calyrex|As One
|-ability|p1a: Calyrex|Unnerve
|move|p2a: Whimsicott|Tailwind|p2a: Whimsicott
|-sidestart|p2: HeadHunt3rZ|move: Tailwind
|move|p2b: Rillaboom|U-turn|p1a: Calyrex
|-damage|p1a: Calyrex|75/100
|
|t:|1750829598
|switch|p2b: Volcarona|Volcarona, L50, M|69/100|[from] U-turn
|
|-heal|p2b: Volcarona|75/100|[from] Grassy Terrain
|-heal|p1a: Calyrex|82/100|[from] Grassy Terrain
|-heal|p1b: Rillaboom|94/100|[from] Grassy Terrain
|upkeep
|turn|9
|inactive|mondolugi has 30 seconds left.
|
|t:|1750829624
|-terastallize|p1a: Calyrex|Dark
|move|p1b: Rillaboom|Fake Out|p2a: Whimsicott
|-damage|p2a: Whimsicott|86/100
|move|p2a: Whimsicott|Tailwind||[still]
|-fail|p2a: Whimsicott
|move|p2b: Volcarona|Struggle Bug|p1b: Rillaboom|[spread] p1a,p1b
|-supereffective|p1a: Calyrex
|-supereffective|p1b: Rillaboom
|-damage|p1a: Calyrex|51/100
|-damage|p1b: Rillaboom|73/100
|-unboost|p1a: Calyrex|spa|1
|-unboost|p1b: Rillaboom|spa|1
|move|p1a: Calyrex|Nasty Plot|p1a: Calyrex
|-boost|p1a: Calyrex|spa|2
|
|-heal|p2a: Whimsicott|92/100|[from] Grassy Terrain
|-heal|p2b: Volcarona|82/100|[from] Grassy Terrain
|-heal|p1a: Calyrex|57/100|[from] Grassy Terrain
|-heal|p1b: Rillaboom|79/100|[from] Grassy Terrain
|upkeep
|turn|10
|inactive|HeadHunt3rZ has 30 seconds left.
|
|t:|1750829654
|move|p2a: Whimsicott|Light Screen|p2a: Whimsicott
|-sidestart|p2: HeadHunt3rZ|move: Light Screen
|move|p2b: Volcarona|Struggle Bug|p1b: Rillaboom|[spread] p1a,p1b
|-supereffective|p1a: Calyrex
|-supereffective|p1b: Rillaboom
|-damage|p1a: Calyrex|25/100
|-damage|p1b: Rillaboom|59/100
|-unboost|p1a: Calyrex|spa|1
|-unboost|p1b: Rillaboom|spa|1
|move|p1a: Calyrex|Astral Barrage|p2b: Volcarona|[spread] p2a,p2b
|-damage|p2a: Whimsicott|41/100
|-damage|p2b: Volcarona|40/100
|-damage|p1a: Calyrex|16/100|[from] item: Life Orb
|move|p1b: Rillaboom|U-turn|p2a: Whimsicott
|-damage|p2a: Whimsicott|16/100
|
|t:|1750829676
|switch|p1b: Incineroar|Incineroar, L50, M|41/100|[from] U-turn
|-ability|p1b: Incineroar|Intimidate|boost
|-unboost|p2a: Whimsicott|atk|1
|-unboost|p2b: Volcarona|atk|1
|
|-heal|p2a: Whimsicott|22/100|[from] Grassy Terrain
|-heal|p2b: Volcarona|46/100|[from] Grassy Terrain
|-heal|p1a: Calyrex|22/100|[from] Grassy Terrain
|-heal|p1b: Incineroar|47/100|[from] Grassy Terrain
|-fieldend|move: Grassy Terrain
|upkeep
|turn|11
|inactive|mondolugi has 30 seconds left.
|
|t:|1750829702
|move|p2b: Volcarona|Protect|p2b: Volcarona
|-singleturn|p2b: Volcarona|Protect
|move|p1a: Calyrex|Protect|p1a: Calyrex
|-singleturn|p1a: Calyrex|Protect
|move|p2a: Whimsicott|Moonblast|p1a: Calyrex
|-activate|p1a: Calyrex|move: Protect
|move|p1b: Incineroar|Parting Shot|p2b: Volcarona
|-activate|p2b: Volcarona|move: Protect
|
|-sideend|p2: HeadHunt3rZ|move: Tailwind
|upkeep
|turn|12
|
|t:|1750829717
|move|p2a: Whimsicott|Tailwind|p2a: Whimsicott
|-sidestart|p2: HeadHunt3rZ|move: Tailwind
|move|p2b: Volcarona|Struggle Bug|p1a: Calyrex|[spread] p1a,p1b
|-supereffective|p1a: Calyrex
|-damage|p1a: Calyrex|0 fnt
|-damage|p1b: Incineroar|32/100
|-unboost|p1b: Incineroar|spa|1
|faint|p1a: Calyrex
|move|p1b: Incineroar|Knock Off|p2a: Whimsicott
|-resisted|p2a: Whimsicott
|-damage|p2a: Whimsicott|0 fnt
|-enditem|p2a: Whimsicott|Covert Cloak|[from] move: Knock Off|[of] p1b: Incineroar
|faint|p2a: Whimsicott
|
|upkeep
|
|t:|1750829728
|switch|p1a: Rillaboom|Rillaboom, L50, M|59/100
|switch|p2a: Giratina|Giratina-Origin, L50|100/100
|-fieldstart|move: Grassy Terrain|[from] ability: Grassy Surge|[of] p1a: Rillaboom
|turn|13
|
|t:|1750829737
|move|p2b: Volcarona|Will-O-Wisp|p1a: Rillaboom
|-status|p1a: Rillaboom|brn
|move|p2a: Giratina|Draco Meteor|p1b: Incineroar
|-damage|p1b: Incineroar|0 fnt
|-unboost|p2a: Giratina|spa|2
|faint|p1b: Incineroar
|move|p1a: Rillaboom|Wood Hammer|p2a: Giratina
|-resisted|p2a: Giratina
|-damage|p2a: Giratina|89/100
|-damage|p1a: Rillaboom|54/100 brn|[from] Recoil
|
|-heal|p2b: Volcarona|52/100|[from] Grassy Terrain
|-heal|p1a: Rillaboom|60/100 brn|[from] Grassy Terrain
|-damage|p1a: Rillaboom|54/100 brn|[from] brn
|upkeep
|-message|mondolugi forfeited.
|
|win|HeadHunt3rZ
|raw|mondolugi's rating: 1111 &rarr; <strong>1093</strong><br />(-18 for losing)
|raw|HeadHunt3rZ's rating: 1213 &rarr; <strong>1231</strong><br />(+18 for winning)
|l|☆mondolugi
|player|p1|
|l|☆HeadHunt3rZ
|player|p2|
