|j|☆blazerk020698
|j|☆renfero suicida
|t:|1750853632
|gametype|doubles
|player|p1|blazerk020698|benga|1271
|player|p2|renfero suicida|265|1262
|teamsize|p1|6
|teamsize|p2|6
|gen|9
|tier|[Gen 9] VGC 2025 Reg I
|rated|
|rule|Species Clause: Limit one of each Pokémon
|rule|Item Clause: Limit 1 of each item
|clearpoke
|poke|p1|Zamazenta-*, L50|
|poke|p1|Kyogre, L50|
|poke|p1|Rhyperior, L50, M|
|poke|p1|Rillaboom, L50, M|
|poke|p1|Farigiraf, L50, F|
|poke|p1|Kingambit, L50, F|
|poke|p2|Grimmsnarl, L50, M|
|poke|p2|Iron Hands, L50|
|poke|p2|Miraidon, L50|
|poke|p2|Ho-Oh, L50|
|poke|p2|Farigiraf, L50, M|
|poke|p2|Ursaluna, L50, M|
|teampreview|4
|inactive|Battle timer is ON: inactive players will automatically lose when time's up. (requested by blazerk020698)
|inactive|blazerk020698 has 60 seconds left.
|inactive|renfero suicida has 60 seconds left.
|
|t:|1750853666
|start
|switch|p1a: Kyogre|Kyogre, L50|100/100
|switch|p1b: Rillaboom|Rillaboom, L50, M, shiny|100/100
|switch|p2a: Iron Hands|Iron Hands, L50|100/100
|switch|p2b: Miraidon|Miraidon, L50|100/100
|-fieldstart|move: Electric Terrain|[from] ability: Hadron Engine|[of] p2b: Miraidon
|-activate|p2a: Iron Hands|ability: Quark Drive
|-start|p2a: Iron Hands|quarkdriveatk
|-fieldstart|move: Grassy Terrain|[from] ability: Grassy Surge|[of] p1b: Rillaboom
|-end|p2a: Iron Hands|Quark Drive
|-weather|RainDance|[from] ability: Drizzle|[of] p1a: Kyogre
|turn|1
|inactive|blazerk020698 has 30 seconds left.
|
|t:|1750853700
|-end|p2a: Iron Hands|Quark Drive|[silent]
|switch|p2a: Farigiraf|Farigiraf, L50, M|100/100
|move|p1b: Rillaboom|Fake Out||[still]
|cant|p2a: Farigiraf|ability: Armor Tail|Fake Out|[of] p1b: Rillaboom
|move|p2b: Miraidon|Electro Drift|p1a: Kyogre
|-supereffective|p1a: Kyogre
|-damage|p1a: Kyogre|21/100
|move|p1a: Kyogre|Water Spout|p2b: Miraidon|[spread] p2a,p2b
|-crit|p2a: Farigiraf
|-resisted|p2b: Miraidon
|-damage|p2a: Farigiraf|70/100
|-damage|p2b: Miraidon|94/100
|
|-weather|RainDance|[upkeep]
|-heal|p2b: Miraidon|99/100|[from] Grassy Terrain
|-heal|p1a: Kyogre|27/100|[from] Grassy Terrain
|-heal|p2a: Farigiraf|76/100|[from] Grassy Terrain
|upkeep
|turn|2
|inactive|renfero suicida has 30 seconds left.
|inactive|renfero suicida has 20 seconds left.
|inactive|renfero suicida has 15 seconds left.
|inactive|renfero suicida has 10 seconds left.
|inactive|renfero suicida has 5 seconds left.
|
|t:|1750853750
|switch|p2b: Iron Hands|Iron Hands, L50|100/100
|switch|p1b: Rhyperior|Rhyperior, L50, M|100/100
|move|p1a: Kyogre|Ice Beam|p2b: Iron Hands
|-damage|p2b: Iron Hands|81/100
|move|p2a: Farigiraf|Psychic Noise|p1b: Rhyperior
|-damage|p1b: Rhyperior|73/100
|-start|p1b: Rhyperior|move: Heal Block
|
|-weather|RainDance|[upkeep]
|-heal|p1a: Kyogre|33/100|[from] Grassy Terrain
|-heal|p2b: Iron Hands|88/100|[from] Grassy Terrain
|-heal|p2a: Farigiraf|82/100|[from] Grassy Terrain
|upkeep
|turn|3
|inactive|blazerk020698 has 30 seconds left.
|
|t:|1750853781
|switch|p1a: Zamazenta|Zamazenta-Crowned, L50|100/100
|-ability|p1a: Zamazenta|Dauntless Shield|boost
|-boost|p1a: Zamazenta|def|1
|move|p2b: Iron Hands|Low Kick|p1a: Zamazenta
|-supereffective|p1a: Zamazenta
|-damage|p1a: Zamazenta|40/100
|move|p2a: Farigiraf|Psychic Noise|p1b: Rhyperior
|-damage|p1b: Rhyperior|48/100
|move|p1b: Rhyperior|High Horsepower|p2a: Farigiraf
|-damage|p2a: Farigiraf|48/100
|
|-weather|RainDance|[upkeep]
|-heal|p1a: Zamazenta|46/100|[from] Grassy Terrain
|-heal|p2b: Iron Hands|94/100|[from] Grassy Terrain
|-heal|p2a: Farigiraf|54/100|[from] Grassy Terrain
|-end|p1b: Rhyperior|move: Heal Block
|upkeep
|turn|4
|inactive|renfero suicida has 30 seconds left.
|
|t:|1750853812
|move|p1a: Zamazenta|Protect|p1a: Zamazenta
|-singleturn|p1a: Zamazenta|Protect
|move|p2b: Iron Hands|Low Kick|p1a: Zamazenta
|-activate|p1a: Zamazenta|move: Protect
|move|p2a: Farigiraf|Psychic Noise|p1b: Rhyperior
|-damage|p1b: Rhyperior|21/100
|-start|p1b: Rhyperior|move: Heal Block
|move|p1b: Rhyperior|High Horsepower|p2b: Iron Hands
|-supereffective|p2b: Iron Hands
|-damage|p2b: Iron Hands|36/100
|
|-weather|RainDance|[upkeep]
|-heal|p1a: Zamazenta|52/100|[from] Grassy Terrain
|-heal|p2b: Iron Hands|43/100|[from] Grassy Terrain
|-heal|p2a: Farigiraf|60/100|[from] Grassy Terrain
|upkeep
|turn|5
|inactive|blazerk020698 has 30 seconds left.
|inactive|blazerk020698 has 20 seconds left.
|inactive|blazerk020698 has 15 seconds left.
|inactive|blazerk020698 has 10 seconds left.
|inactive|blazerk020698 has 5 seconds left.
|
|t:|1750853867
|-end|p2b: Iron Hands|Quark Drive|[silent]
|switch|p2b: Ho-Oh|Ho-Oh, L50|100/100
|move|p1a: Zamazenta|Body Press|p2b: Ho-Oh
|-resisted|p2b: Ho-Oh
|-damage|p2b: Ho-Oh|81/100
|move|p2a: Farigiraf|Psychic Noise|p1b: Rhyperior
|-damage|p1b: Rhyperior|0 fnt
|faint|p1b: Rhyperior
|
|-weather|none
|-heal|p1a: Zamazenta|58/100|[from] Grassy Terrain
|-heal|p2b: Ho-Oh|87/100|[from] item: Leftovers
|-heal|p2a: Farigiraf|66/100|[from] Grassy Terrain
|-fieldend|move: Grassy Terrain
|upkeep
|
|t:|1750853881
|switch|p1b: Kyogre|Kyogre, L50|33/100
|-weather|RainDance|[from] ability: Drizzle|[of] p1b: Kyogre
|turn|6
|
|t:|1750853900
|-terastallize|p2b: Ho-Oh|Grass
|move|p1a: Zamazenta|Body Press|p2a: Farigiraf
|-damage|p2a: Farigiraf|25/100
|move|p2b: Ho-Oh|Tailwind|p2b: Ho-Oh
|-sidestart|p2: renfero suicida|move: Tailwind
|move|p2a: Farigiraf|Psychic Noise|p1a: Zamazenta
|-damage|p1a: Zamazenta|38/100
|-start|p1a: Zamazenta|move: Heal Block
|move|p1b: Kyogre|Origin Pulse|p2a: Farigiraf|[spread] p2a,p2b
|-resisted|p2b: Ho-Oh
|-damage|p2a: Farigiraf|0 fnt
|-damage|p2b: Ho-Oh|65/100
|faint|p2a: Farigiraf
|
|-weather|RainDance|[upkeep]
|-heal|p2b: Ho-Oh|71/100|[from] item: Leftovers
|upkeep
|
|t:|1750853915
|switch|p2a: Miraidon|Miraidon, L50|99/100
|-fieldstart|move: Electric Terrain|[from] ability: Hadron Engine|[of] p2a: Miraidon
|turn|7
|
|t:|1750853934
|switch|p1b: Rillaboom|Rillaboom, L50, M, shiny|100/100
|-fieldstart|move: Grassy Terrain|[from] ability: Grassy Surge|[of] p1b: Rillaboom
|move|p2a: Miraidon|Volt Switch|p1a: Zamazenta
|-damage|p1a: Zamazenta|2/100
|
|t:|1750853941
|switch|p2a: Iron Hands|Iron Hands, L50|43/100|[from] Volt Switch
|move|p2b: Ho-Oh|Brave Bird|p1b: Rillaboom
|-supereffective|p1b: Rillaboom
|-damage|p1b: Rillaboom|0 fnt
|faint|p1b: Rillaboom
|-damage|p2b: Ho-Oh|44/100|[from] Recoil
|move|p1a: Zamazenta|Body Press|p2b: Ho-Oh
|-damage|p2b: Ho-Oh|0 fnt
|faint|p2b: Ho-Oh
|
|-weather|RainDance|[upkeep]
|-heal|p2a: Iron Hands|49/100|[from] Grassy Terrain
|-end|p1a: Zamazenta|move: Heal Block
|upkeep
|
|t:|1750853953
|switch|p1b: Kyogre|Kyogre, L50|33/100
|switch|p2b: Miraidon|Miraidon, L50|99/100
|-fieldstart|move: Electric Terrain|[from] ability: Hadron Engine|[of] p2b: Miraidon
|-activate|p2a: Iron Hands|ability: Quark Drive
|-start|p2a: Iron Hands|quarkdriveatk
|turn|8
|
|t:|1750853961
|move|p1a: Zamazenta|Protect|p1a: Zamazenta
|-singleturn|p1a: Zamazenta|Protect
|move|p2a: Iron Hands|Fake Out|p1a: Zamazenta
|-activate|p1a: Zamazenta|move: Protect
|move|p2b: Miraidon|Electro Drift|p1b: Kyogre
|-supereffective|p1b: Kyogre
|-damage|p1b: Kyogre|0 fnt
|faint|p1b: Kyogre
|
|-weather|RainDance|[upkeep]
|upkeep
|turn|9
|-message|blazerk020698 forfeited.
|
|win|renfero suicida
|raw|blazerk020698's rating: 1271 &rarr; <strong>1245</strong><br />(-26 for losing)
|raw|renfero suicida's rating: 1262 &rarr; <strong>1288</strong><br />(+26 for winning)
|l|☆blazerk020698
|player|p1|
|l|☆renfero suicida
|player|p2|
