|j|☆SilverBlaze4106
|j|☆aludeku
|t:|1750723515
|gametype|doubles
|player|p1|SilverBlaze4106|steven|1162
|player|p2|aludeku|hugh|1133
|teamsize|p1|6
|teamsize|p2|6
|gen|9
|tier|[Gen 9] VGC 2025 Reg I
|rated|
|rule|Species Clause: Limit one of each Pokémon
|rule|Item Clause: Limit 1 of each item
|clearpoke
|poke|p1|Calyrex-Ice, L50|
|poke|p1|Kyogre, L50|
|poke|p1|Grimmsnarl, L50, M|
|poke|p1|Flutter Mane, L50|
|poke|p1|Amoonguss, L50, M|
|poke|p1|Basculegion, L50, M|
|poke|p2|Ogerpon-Cornerstone, L50, F|
|poke|p2|Kyurem-White, L50|
|poke|p2|Tornadus, L50, M|
|poke|p2|Ninetales-Alola, L50, M|
|poke|p2|Rillaboom, L50, M|
|poke|p2|Miraidon, L50|
|teampreview|4
|inactive|Battle timer is ON: inactive players will automatically lose when time's up. (requested by aludeku)
|
|t:|1750723557
|start
|switch|p1a: Calyrex|Calyrex-Ice, L50|100/100
|switch|p1b: Amoonguss|Amoonguss, L50, M, shiny|100/100
|switch|p2a: Ninetales|Ninetales-Alola, L50, M|100/100
|switch|p2b: Miraidon|Miraidon, L50|100/100
|-ability|p1a: Calyrex|As One
|-ability|p1a: Calyrex|Unnerve
|-fieldstart|move: Electric Terrain|[from] ability: Hadron Engine|[of] p2b: Miraidon
|-weather|Snowscape|[from] ability: Snow Warning|[of] p2a: Ninetales
|turn|1
|inactive|aludeku has 30 seconds left.
|
|t:|1750723587
|move|p1b: Amoonguss|Rage Powder|p1b: Amoonguss
|-singleturn|p1b: Amoonguss|move: Rage Powder
|move|p2b: Miraidon|Volt Switch|p1b: Amoonguss
|-resisted|p1b: Amoonguss
|-damage|p1b: Amoonguss|72/100
|-damage|p2b: Miraidon|91/100|[from] item: Life Orb
|
|t:|1750723595
|switch|p2b: Kyurem|Kyurem-White, L50, shiny|100/100|[from] Volt Switch
|-ability|p2b: Kyurem|Turboblaze
|move|p2a: Ninetales|Aurora Veil|p2a: Ninetales
|-sidestart|p2: aludeku|move: Aurora Veil
|move|p1a: Calyrex|Trick Room|p1a: Calyrex
|-fieldstart|move: Trick Room|[of] p1a: Calyrex
|
|-weather|Snowscape|[upkeep]
|upkeep
|turn|2
|inactive|aludeku has 30 seconds left.
|
|t:|1750723626
|move|p1b: Amoonguss|Spore|p2b: Kyurem
|-activate|p2b: Kyurem|move: Electric Terrain
|move|p1a: Calyrex|Glacial Lance|p2b: Kyurem|[spread] p2a,p2b
|-resisted|p2a: Ninetales
|-damage|p2a: Ninetales|89/100
|-damage|p2b: Kyurem|79/100
|move|p2b: Kyurem|Freeze-Dry|p1b: Amoonguss
|-supereffective|p1b: Amoonguss
|-damage|p1b: Amoonguss|0 fnt
|faint|p1b: Amoonguss
|move|p2a: Ninetales|Blizzard|p1a: Calyrex
|-resisted|p1a: Calyrex
|-damage|p1a: Calyrex|89/100
|
|-weather|Snowscape|[upkeep]
|-heal|p1a: Calyrex|95/100|[from] item: Leftovers
|upkeep
|
|t:|1750723641
|switch|p1b: Flutter Mane|Flutter Mane, L50|100/100
|-enditem|p1b: Flutter Mane|Booster Energy
|-activate|p1b: Flutter Mane|ability: Protosynthesis|[fromitem]
|-start|p1b: Flutter Mane|protosynthesisspe
|turn|3
|inactive|SilverBlaze4106 has 30 seconds left.
|
|t:|1750723666
|-terastallize|p2b: Kyurem|Ice
|move|p1a: Calyrex|Leech Seed|p2b: Kyurem
|-start|p2b: Kyurem|move: Leech Seed
|move|p2b: Kyurem|Freeze-Dry|p1b: Flutter Mane
|-damage|p1b: Flutter Mane|0 fnt
|faint|p1b: Flutter Mane
|-end|p1b: Flutter Mane|Protosynthesis|[silent]
|move|p2a: Ninetales|Blizzard|p1a: Calyrex
|-resisted|p1a: Calyrex
|-damage|p1a: Calyrex|82/100
|
|-weather|Snowscape|[upkeep]
|-heal|p1a: Calyrex|87/100|[from] item: Leftovers
|-damage|p2b: Kyurem|66/100|[from] Leech Seed|[of] p1a: Calyrex
|-heal|p1a: Calyrex|99/100|[silent]
|upkeep
|
|t:|1750723679
|switch|p1b: Grimmsnarl|Grimmsnarl, L50, M|100/100
|turn|4
|inactive|SilverBlaze4106 has 30 seconds left.
|
|t:|1750723710
|switch|p2b: Miraidon|Miraidon, L50|91/100
|-activate|p2b: Miraidon|ability: Hadron Engine
|move|p1b: Grimmsnarl|Light Screen|p1b: Grimmsnarl
|-sidestart|p1: SilverBlaze4106|move: Light Screen
|move|p1a: Calyrex|Leech Seed|p2a: Ninetales
|-start|p2a: Ninetales|move: Leech Seed
|move|p2a: Ninetales|Blizzard|p1a: Calyrex|[spread] p1a,p1b
|-resisted|p1a: Calyrex
|-damage|p1a: Calyrex|94/100
|-damage|p1b: Grimmsnarl|81/100
|
|-weather|Snowscape|[upkeep]
|-heal|p1a: Calyrex|99/100|[from] item: Leftovers
|-damage|p2a: Ninetales|77/100|[from] Leech Seed|[of] p1a: Calyrex
|-heal|p1a: Calyrex|100/100|[silent]
|upkeep
|turn|5
|
|t:|1750723734
|switch|p2b: Kyurem|Kyurem-White, L50, shiny, tera:Ice|66/100
|-ability|p2b: Kyurem|Turboblaze
|move|p1a: Calyrex|Glacial Lance|p2a: Ninetales|[spread] p2a,p2b
|-resisted|p2a: Ninetales
|-resisted|p2b: Kyurem
|-damage|p2a: Ninetales|65/100
|-damage|p2b: Kyurem|56/100
|move|p1b: Grimmsnarl|Spirit Break|p2b: Kyurem
|-damage|p2b: Kyurem|36/100
|-unboost|p2b: Kyurem|spa|1
|move|p2a: Ninetales|Blizzard|p1b: Grimmsnarl|[spread] p1a,p1b
|-resisted|p1a: Calyrex
|-damage|p1a: Calyrex|95/100
|-damage|p1b: Grimmsnarl|63/100
|-status|p1b: Grimmsnarl|frz
|
|-weather|none
|-heal|p1a: Calyrex|100/100|[from] item: Leftovers
|-damage|p2a: Ninetales|53/100|[from] Leech Seed|[of] p1a: Calyrex
|-fieldend|move: Trick Room
|-fieldend|move: Electric Terrain
|upkeep
|turn|6
|inactive|SilverBlaze4106 has 30 seconds left.
|
|t:|1750723765
|move|p2a: Ninetales|Helping Hand|p2b: Kyurem
|-singleturn|p2b: Kyurem|Helping Hand|[of] p2a: Ninetales
|cant|p1b: Grimmsnarl|frz
|move|p2b: Kyurem|Fusion Flare|p1a: Calyrex
|-supereffective|p1a: Calyrex
|-damage|p1a: Calyrex|37/100
|move|p1a: Calyrex|Trick Room|p1a: Calyrex
|-fieldstart|move: Trick Room|[of] p1a: Calyrex
|
|-heal|p1a: Calyrex|43/100|[from] item: Leftovers
|-damage|p2a: Ninetales|41/100|[from] Leech Seed|[of] p1a: Calyrex
|-heal|p1a: Calyrex|52/100|[silent]
|upkeep
|turn|7
|
|t:|1750723782
|move|p2a: Ninetales|Helping Hand|p2b: Kyurem
|-singleturn|p2b: Kyurem|Helping Hand|[of] p2a: Ninetales
|move|p1a: Calyrex|Protect|p1a: Calyrex
|-singleturn|p1a: Calyrex|Protect
|-curestatus|p1b: Grimmsnarl|frz|[msg]
|move|p1b: Grimmsnarl|Sucker Punch|p2b: Kyurem
|-damage|p2b: Kyurem|10/100
|move|p2b: Kyurem|Fusion Flare|p1a: Calyrex
|-activate|p1a: Calyrex|move: Protect
|
|-heal|p1a: Calyrex|58/100|[from] item: Leftovers
|-damage|p2a: Ninetales|29/100|[from] Leech Seed|[of] p1a: Calyrex
|-heal|p1a: Calyrex|67/100|[silent]
|upkeep
|turn|8
|
|t:|1750723801
|move|p1b: Grimmsnarl|Reflect|p1b: Grimmsnarl
|-sidestart|p1: SilverBlaze4106|Reflect
|move|p1a: Calyrex|Glacial Lance|p2b: Kyurem|[spread] p2a,p2b
|-resisted|p2a: Ninetales
|-crit|p2a: Ninetales
|-resisted|p2b: Kyurem
|-damage|p2a: Ninetales|0 fnt
|-damage|p2b: Kyurem|0 fnt
|faint|p2a: Ninetales
|faint|p2b: Kyurem
|-ability|p1a: Calyrex|Chilling Neigh|boost
|-boost|p1a: Calyrex|atk|2
|
|-heal|p1a: Calyrex|73/100|[from] item: Leftovers
|-sideend|p2: aludeku|move: Aurora Veil
|upkeep
|
|t:|1750723805
|switch|p2b: Ogerpon|Ogerpon-Cornerstone, L50, F|100/100
|switch|p2a: Miraidon|Miraidon, L50|91/100
|-fieldstart|move: Electric Terrain|[from] ability: Hadron Engine|[of] p2a: Miraidon
|turn|9
|
|t:|1750723829
|-terastallize|p1a: Calyrex|Fairy
|move|p1a: Calyrex|Glacial Lance|p2a: Miraidon|[spread] p2a,p2b
|-supereffective|p2a: Miraidon
|-supereffective|p2b: Ogerpon
|-damage|p2a: Miraidon|0 fnt
|-ability|p2b: Ogerpon|Sturdy
|-damage|p2b: Ogerpon|1/100
|faint|p2a: Miraidon
|-ability|p1a: Calyrex|Chilling Neigh|boost
|-boost|p1a: Calyrex|atk|1
|move|p1b: Grimmsnarl|Spirit Break|p2b: Ogerpon
|-damage|p2b: Ogerpon|0 fnt
|faint|p2b: Ogerpon
|
|win|SilverBlaze4106
|raw|SilverBlaze4106's rating: 1162 &rarr; <strong>1185</strong><br />(+23 for winning)
|raw|aludeku's rating: 1133 &rarr; <strong>1110</strong><br />(-23 for losing)
|l|☆aludeku
|player|p2|
|c|☆SilverBlaze4106|GG
