|j|☆azzazzl
|j|☆Porygon-EpilepZ
|t:|1750778912
|gametype|doubles
|player|p1|azzazzl|dawn|1421
|player|p2|Porygon-EpilepZ|lucas|1430
|teamsize|p1|6
|teamsize|p2|6
|gen|9
|tier|[Gen 9] VGC 2025 Reg I
|rated|
|rule|Species Clause: Limit one of each Pokémon
|rule|Item Clause: Limit 1 of each item
|clearpoke
|poke|p1|Calyrex-Ice, L50|
|poke|p1|Necrozma-Dawn-Wings, L50|
|poke|p1|Urshifu-*, L50, M|
|poke|p1|Indeedee-F, L50, F|
|poke|p1|Torkoal, L50, F|
|poke|p1|Ursaluna-Bloodmoon, L50, M|
|poke|p2|Calyrex-Shadow, L50|
|poke|p2|Rillaboom, L50, M|
|poke|p2|Zamazenta-*, L50|
|poke|p2|Incineroar, L50, F|
|poke|p2|Urshifu-*, L50, M|
|poke|p2|Grimmsnarl, L50, M|
|teampreview|4
|inactive|Battle timer is ON: inactive players will automatically lose when time's up. (requested by Porygon-EpilepZ)
|
|t:|1750778937
|start
|switch|p1a: Necrozma|Necrozma-Dawn-Wings, L50|100/100
|switch|p1b: Indeedee|Indeedee-F, L50, F|100/100
|switch|p2a: Calyrex|Calyrex-Shadow, L50|100/100
|switch|p2b: Zamazenta|Zamazenta-Crowned, L50|100/100
|-ability|p2a: Calyrex|As One
|-ability|p2a: Calyrex|Unnerve
|-ability|p2b: Zamazenta|Dauntless Shield|boost
|-boost|p2b: Zamazenta|def|1
|-fieldstart|move: Psychic Terrain|[from] ability: Psychic Surge|[of] p1b: Indeedee
|turn|1
|
|t:|1750778956
|-terastallize|p2a: Calyrex|Normal
|-terastallize|p1a: Necrozma|Dragon
|move|p1b: Indeedee|Follow Me|p1b: Indeedee
|-singleturn|p1b: Indeedee|move: Follow Me
|move|p2a: Calyrex|Astral Barrage|p1b: Indeedee|[spread] p1a
|-immune|p1b: Indeedee
|-damage|p1a: Necrozma|53/100
|-damage|p2a: Calyrex|91/100|[from] item: Life Orb
|move|p2b: Zamazenta|Body Press|p1b: Indeedee
|-damage|p1b: Indeedee|41/100
|move|p1a: Necrozma|Trick Room|p1a: Necrozma
|-fieldstart|move: Trick Room|[of] p1a: Necrozma
|
|upkeep
|turn|2
|inactive|azzazzl has 30 seconds left.
|
|t:|1750778990
|switch|p1a: Ursaluna|Ursaluna-Bloodmoon, L50, M|100/100
|move|p2b: Zamazenta|Protect|p2b: Zamazenta
|-singleturn|p2b: Zamazenta|Protect
|move|p2a: Calyrex|Protect|p2a: Calyrex
|-singleturn|p2a: Calyrex|Protect
|move|p1b: Indeedee|Follow Me|p1b: Indeedee
|-singleturn|p1b: Indeedee|move: Follow Me
|
|upkeep
|turn|3
|
|t:|1750779008
|switch|p2b: Rillaboom|Rillaboom, L50, M|100/100
|-fieldstart|move: Grassy Terrain|[from] ability: Grassy Surge|[of] p2b: Rillaboom
|move|p1a: Ursaluna|Earth Power|p2b: Rillaboom
|-resisted|p2b: Rillaboom
|-damage|p2b: Rillaboom|80/100
|-damage|p1a: Ursaluna|90/100|[from] item: Life Orb
|move|p1b: Indeedee|Alluring Voice|p2b: Rillaboom
|-damage|p2b: Rillaboom|69/100
|move|p2a: Calyrex|Grass Knot|p1a: Ursaluna
|-supereffective|p1a: Ursaluna
|-damage|p1a: Ursaluna|0 fnt
|faint|p1a: Ursaluna
|-ability|p2a: Calyrex|Grim Neigh|boost
|-boost|p2a: Calyrex|spa|1
|-damage|p2a: Calyrex|81/100|[from] item: Life Orb
|
|-heal|p1b: Indeedee|47/100|[from] Grassy Terrain
|-heal|p2b: Rillaboom|75/100|[from] Grassy Terrain
|-heal|p2a: Calyrex|87/100|[from] Grassy Terrain
|upkeep
|
|t:|1750779026
|switch|p1a: Necrozma|Necrozma-Dawn-Wings, L50, tera:Dragon|53/100
|turn|4
|inactive|Porygon-EpilepZ has 30 seconds left.
|inactive|Porygon-EpilepZ has 20 seconds left.
|inactive|Porygon-EpilepZ has 15 seconds left.
|
|t:|1750779069
|move|p1b: Indeedee|Helping Hand|p1a: Necrozma
|-singleturn|p1a: Necrozma|Helping Hand|[of] p1b: Indeedee
|move|p2b: Rillaboom|Fake Out|p1a: Necrozma
|-crit|p1a: Necrozma
|-damage|p1a: Necrozma|38/100
|cant|p1a: Necrozma|flinch
|move|p2a: Calyrex|Grass Knot|p1b: Indeedee
|-damage|p1b: Indeedee|0 fnt
|faint|p1b: Indeedee
|-ability|p2a: Calyrex|Grim Neigh|boost
|-boost|p2a: Calyrex|spa|1
|-damage|p2a: Calyrex|77/100|[from] item: Life Orb
|
|-heal|p1a: Necrozma|44/100|[from] Grassy Terrain
|-heal|p2b: Rillaboom|81/100|[from] Grassy Terrain
|-heal|p2a: Calyrex|83/100|[from] Grassy Terrain
|upkeep
|
|t:|1750779083
|switch|p1b: Calyrex|Calyrex-Ice, L50|100/100
|-ability|p1b: Calyrex|As One
|-ability|p1b: Calyrex|Unnerve
|turn|5
|
|t:|1750779106
|move|p2a: Calyrex|Protect|p2a: Calyrex
|-singleturn|p2a: Calyrex|Protect
|move|p2b: Rillaboom|Grassy Glide|p1b: Calyrex
|-damage|p1b: Calyrex|79/100
|move|p1b: Calyrex|Trick Room|p1b: Calyrex
|-fieldend|move: Trick Room
|move|p1a: Necrozma|Trick Room|p1a: Necrozma
|-fieldstart|move: Trick Room|[of] p1a: Necrozma
|
|-heal|p1b: Calyrex|85/100|[from] Grassy Terrain
|-heal|p1a: Necrozma|50/100|[from] Grassy Terrain
|-heal|p2b: Rillaboom|87/100|[from] Grassy Terrain
|-heal|p2a: Calyrex|89/100|[from] Grassy Terrain
|upkeep
|turn|6
|
|t:|1750779127
|switch|p2b: Incineroar|Incineroar, L50, F|100/100
|-ability|p2b: Incineroar|Intimidate|boost
|-unboost|p1a: Necrozma|atk|1
|-fail|p1b: Calyrex|unboost|[from] item: Clear Amulet|[of] p1b: Calyrex
|switch|p2a: Zamazenta|Zamazenta-Crowned, L50|100/100
|move|p1b: Calyrex|Glacial Lance|p2a: Zamazenta|[spread] p2a,p2b
|-resisted|p2a: Zamazenta
|-resisted|p2b: Incineroar
|-damage|p2a: Zamazenta|80/100
|-damage|p2b: Incineroar|77/100
|move|p1a: Necrozma|Moongeist Beam|p2a: Zamazenta
|-damage|p2a: Zamazenta|35/100
|
|-heal|p1b: Calyrex|90/100|[from] Grassy Terrain
|-heal|p1a: Necrozma|56/100|[from] Grassy Terrain
|-heal|p2b: Incineroar|83/100|[from] Grassy Terrain
|-heal|p2a: Zamazenta|41/100|[from] Grassy Terrain
|upkeep
|turn|7
|inactive|azzazzl has 30 seconds left.
|inactive|azzazzl has 20 seconds left.
|inactive|Porygon-EpilepZ has 30 seconds left.
|inactive|azzazzl has 15 seconds left.
|inactive|azzazzl has 10 seconds left.
|
|t:|1750779174
|move|p2b: Incineroar|Fake Out|p1b: Calyrex
|-damage|p1b: Calyrex|84/100
|cant|p1b: Calyrex|flinch
|move|p1a: Necrozma|Moongeist Beam|p2a: Zamazenta
|-damage|p2a: Zamazenta|0 fnt
|faint|p2a: Zamazenta
|
|-heal|p1b: Calyrex|89/100|[from] Grassy Terrain
|-heal|p1a: Necrozma|62/100|[from] Grassy Terrain
|-heal|p2b: Incineroar|89/100|[from] Grassy Terrain
|-fieldend|move: Grassy Terrain
|upkeep
|
|t:|1750779185
|switch|p2a: Rillaboom|Rillaboom, L50, M|87/100
|-fieldstart|move: Grassy Terrain|[from] ability: Grassy Surge|[of] p2a: Rillaboom
|turn|8
|inactive|azzazzl has 30 seconds left.
|inactive|azzazzl has 20 seconds left.
|
|t:|1750779222
|move|p2a: Rillaboom|Fake Out|p1b: Calyrex
|-damage|p1b: Calyrex|82/100
|cant|p1b: Calyrex|flinch
|move|p1a: Necrozma|Meteor Beam||[still]
|-prepare|p1a: Necrozma|Meteor Beam
|-boost|p1a: Necrozma|spa|1
|-enditem|p1a: Necrozma|Power Herb
|-anim|p1a: Necrozma|Meteor Beam|p2b: Incineroar|[miss]
|-miss|p1a: Necrozma|p2b: Incineroar
|move|p2b: Incineroar|Will-O-Wisp|p1b: Calyrex
|-status|p1b: Calyrex|brn
|
|-heal|p1b: Calyrex|87/100 brn|[from] Grassy Terrain
|-heal|p1a: Necrozma|68/100|[from] Grassy Terrain
|-heal|p2b: Incineroar|95/100|[from] Grassy Terrain
|-heal|p2a: Rillaboom|93/100|[from] Grassy Terrain
|-damage|p1b: Calyrex|82/100 brn|[from] brn
|upkeep
|turn|9
|
|t:|1750779240
|move|p2b: Incineroar|Knock Off|p1b: Calyrex
|-supereffective|p1b: Calyrex
|-damage|p1b: Calyrex|32/100 brn
|-enditem|p1b: Calyrex|Clear Amulet|[from] move: Knock Off|[of] p2b: Incineroar
|move|p2a: Rillaboom|Wood Hammer|p1a: Necrozma
|-resisted|p1a: Necrozma
|-crit|p1a: Necrozma
|-damage|p1a: Necrozma|25/100
|-damage|p2a: Rillaboom|79/100|[from] Recoil
|move|p1b: Calyrex|Trick Room|p1b: Calyrex
|-fieldend|move: Trick Room
|move|p1a: Necrozma|Trick Room|p1a: Necrozma
|-fieldstart|move: Trick Room|[of] p1a: Necrozma
|
|-heal|p1b: Calyrex|38/100 brn|[from] Grassy Terrain
|-heal|p1a: Necrozma|30/100|[from] Grassy Terrain
|-heal|p2b: Incineroar|100/100|[from] Grassy Terrain
|-heal|p2a: Rillaboom|84/100|[from] Grassy Terrain
|-damage|p1b: Calyrex|32/100 brn|[from] brn
|upkeep
|turn|10
|j| falafel hunk chunk
|inactive|azzazzl has 30 seconds left.
|
|t:|1750779274
|move|p2a: Rillaboom|Grassy Glide|p1b: Calyrex
|-damage|p1b: Calyrex|9/100 brn
|move|p1b: Calyrex|Glacial Lance|p2b: Incineroar|[spread] p2a,p2b
|-supereffective|p2a: Rillaboom
|-resisted|p2b: Incineroar
|-damage|p2a: Rillaboom|29/100
|-damage|p2b: Incineroar|89/100
|move|p1a: Necrozma|Meteor Beam||[still]
|-prepare|p1a: Necrozma|Meteor Beam
|-boost|p1a: Necrozma|spa|1
|move|p2b: Incineroar|Knock Off|p1a: Necrozma
|-damage|p1a: Necrozma|8/100
|
|-heal|p1b: Calyrex|15/100 brn|[from] Grassy Terrain
|-heal|p1a: Necrozma|14/100|[from] Grassy Terrain
|-heal|p2b: Incineroar|95/100|[from] Grassy Terrain
|-heal|p2a: Rillaboom|35/100|[from] Grassy Terrain
|-damage|p1b: Calyrex|9/100 brn|[from] brn
|upkeep
|turn|11
|
|t:|1750779292
|move|p2a: Rillaboom|Grassy Glide|p1b: Calyrex
|-crit|p1b: Calyrex
|-damage|p1b: Calyrex|0 fnt
|faint|p1b: Calyrex
|move|p1a: Necrozma|Meteor Beam|p2b: Incineroar|[from] lockedmove
|-supereffective|p2b: Incineroar
|-damage|p2b: Incineroar|0 fnt
|faint|p2b: Incineroar
|
|-heal|p1a: Necrozma|20/100|[from] Grassy Terrain
|-heal|p2a: Rillaboom|41/100|[from] Grassy Terrain
|upkeep
|
|t:|1750779299
|switch|p2b: Calyrex|Calyrex-Shadow, L50, tera:Normal|89/100
|-ability|p2b: Calyrex|As One
|-ability|p2b: Calyrex|Unnerve
|turn|12
|
|t:|1750779307
|move|p2a: Rillaboom|Grassy Glide|p1a: Necrozma
|-resisted|p1a: Necrozma
|-damage|p1a: Necrozma|6/100
|move|p1a: Necrozma|Expanding Force|p2b: Calyrex
|-damage|p2b: Calyrex|0 fnt
|faint|p2b: Calyrex
|
|-heal|p1a: Necrozma|12/100|[from] Grassy Terrain
|-heal|p2a: Rillaboom|47/100|[from] Grassy Terrain
|-fieldend|move: Grassy Terrain
|upkeep
|turn|13
|
|t:|1750779320
|move|p1a: Necrozma|Moongeist Beam|p2a: Rillaboom
|-damage|p2a: Rillaboom|0 fnt
|faint|p2a: Rillaboom
|
|win|azzazzl
|raw|azzazzl's rating: 1421 &rarr; <strong>1442</strong><br />(+21 for winning)
|raw|Porygon-EpilepZ's rating: 1430 &rarr; <strong>1409</strong><br />(-21 for losing)
|l|☆Porygon-EpilepZ
|player|p2|
|l|☆azzazzl
|player|p1|
