|j|☆RRyan Tsui
|j|☆grenwog
|t:|1750744805
|gametype|doubles
|player|p1|RRyan Tsui|swimmer-gen4|1219
|player|p2|grenwog|266|1235
|teamsize|p1|6
|teamsize|p2|6
|gen|9
|tier|[Gen 9] VGC 2025 Reg I
|rated|
|rule|Species Clause: Limit one of each Pokémon
|rule|Item Clause: Limit 1 of each item
|clearpoke
|poke|p1|Calyrex-Ice, L50|
|poke|p1|Kyogre, L50|
|poke|p1|Urshifu-*, L50, M|
|poke|p1|Amoonguss, L50, F|
|poke|p1|Rillaboom, L50, F|
|poke|p1|Iron Jugulis, L50|
|poke|p2|Revavroom, L50, F|
|poke|p2|Calyrex-Ice, L50|
|poke|p2|Miraidon, L50|
|poke|p2|Oranguru, L50, M|
|poke|p2|Incineroar, L50, M|
|poke|p2|Whimsicott, L50, F|
|teampreview|4
|inactive|Battle timer is ON: inactive players will automatically lose when time's up. (requested by grenwog)
|inactive|RRyan Tsui has 60 seconds left.
|
|t:|1750744844
|start
|switch|p1a: Iron Jugulis|Iron Jugulis, L50|100/100
|switch|p1b: Rillaboom|Rillaboom, L50, F|100/100
|switch|p2a: Incineroar|Incineroar, L50, M|100/100
|switch|p2b: Whimsicott|Whimsicott, L50, F|100/100
|-fieldstart|move: Grassy Terrain|[from] ability: Grassy Surge|[of] p1b: Rillaboom
|-ability|p2a: Incineroar|Intimidate|boost
|-unboost|p1a: Iron Jugulis|atk|1
|-unboost|p1b: Rillaboom|atk|1
|-enditem|p1a: Iron Jugulis|Booster Energy
|-activate|p1a: Iron Jugulis|ability: Quark Drive|[fromitem]
|-start|p1a: Iron Jugulis|quarkdrivespe
|turn|1
|inactive|RRyan Tsui has 30 seconds left.
|
|t:|1750744872
|move|p1b: Rillaboom|Fake Out|p2b: Whimsicott
|-damage|p2b: Whimsicott|89/100
|move|p1a: Iron Jugulis|Tailwind|p1a: Iron Jugulis
|-sidestart|p1: RRyan Tsui|move: Tailwind
|cant|p2b: Whimsicott|flinch
|move|p2a: Incineroar|U-turn|p1b: Rillaboom
|-supereffective|p1b: Rillaboom
|-damage|p1b: Rillaboom|63/100
|
|t:|1750744881
|switch|p2a: Calyrex|Calyrex-Ice, L50|100/100|[from] U-turn
|-ability|p2a: Calyrex|As One
|-ability|p2a: Calyrex|Unnerve
|
|-heal|p1b: Rillaboom|69/100|[from] Grassy Terrain
|-heal|p2b: Whimsicott|95/100|[from] Grassy Terrain
|upkeep
|turn|2
|
|t:|1750744905
|-end|p1a: Iron Jugulis|Quark Drive|[silent]
|switch|p1a: Calyrex|Calyrex-Ice, L50|100/100
|-ability|p1a: Calyrex|As One
|-ability|p1a: Calyrex|Unnerve
|-terastallize|p2a: Calyrex|Ground
|move|p2b: Whimsicott|Encore|p1b: Rillaboom
|-start|p1b: Rillaboom|Encore
|move|p1b: Rillaboom|Fake Out||[still]
|-hint|Fake Out only works on your first turn out.
|-fail|p1b: Rillaboom
|move|p2a: Calyrex|Trick Room|p2a: Calyrex
|-fieldstart|move: Trick Room|[of] p2a: Calyrex
|
|-heal|p2b: Whimsicott|100/100|[from] Grassy Terrain
|-heal|p1b: Rillaboom|75/100|[from] Grassy Terrain
|upkeep
|turn|3
|inactive|RRyan Tsui has 30 seconds left.
|
|t:|1750744937
|switch|p2a: Revavroom|Revavroom, L50, F|100/100
|switch|p2b: Incineroar|Incineroar, L50, M|100/100
|-ability|p2b: Incineroar|Intimidate|boost
|-unboost|p1a: Calyrex|atk|1
|-unboost|p1b: Rillaboom|atk|1
|switch|p1b: Iron Jugulis|Iron Jugulis, L50|100/100
|move|p1a: Calyrex|Trick Room|p1a: Calyrex
|-fieldend|move: Trick Room
|
|upkeep
|turn|4
|inactive|RRyan Tsui has 30 seconds left.
|
|t:|1750744970
|move|p1b: Iron Jugulis|Protect|p1b: Iron Jugulis
|-singleturn|p1b: Iron Jugulis|Protect
|move|p2a: Revavroom|Spin Out|p1a: Calyrex
|-supereffective|p1a: Calyrex
|-damage|p1a: Calyrex|19/100
|-unboost|p2a: Revavroom|spe|2
|move|p1a: Calyrex|Glacial Lance|p2a: Revavroom|[spread] p2a,p2b
|-resisted|p2a: Revavroom
|-resisted|p2b: Incineroar
|-damage|p2a: Revavroom|75/100
|-damage|p2b: Incineroar|77/100
|move|p2b: Incineroar|U-turn|p1b: Iron Jugulis
|-activate|p1b: Iron Jugulis|move: Protect
|
|-heal|p1a: Calyrex|25/100|[from] Grassy Terrain
|-heal|p2b: Incineroar|83/100|[from] Grassy Terrain
|-heal|p2a: Revavroom|80/100|[from] Grassy Terrain
|-sideend|p1: RRyan Tsui|move: Tailwind
|upkeep
|turn|5
|inactive|grenwog has 30 seconds left.
|
|t:|1750744998
|move|p1b: Iron Jugulis|Tailwind|p1b: Iron Jugulis
|-sidestart|p1: RRyan Tsui|move: Tailwind
|move|p1a: Calyrex|Glacial Lance|p2a: Revavroom|[spread] p2a,p2b
|-resisted|p2a: Revavroom
|-resisted|p2b: Incineroar
|-crit|p2b: Incineroar
|-damage|p2a: Revavroom|51/100
|-damage|p2b: Incineroar|27/100
|move|p2b: Incineroar|Knock Off|p1b: Iron Jugulis
|-resisted|p1b: Iron Jugulis
|-damage|p1b: Iron Jugulis|84/100
|move|p2a: Revavroom|Poison Jab|p1a: Calyrex
|-damage|p1a: Calyrex|0 fnt
|faint|p1a: Calyrex
|
|-heal|p2b: Incineroar|33/100|[from] Grassy Terrain
|-heal|p2a: Revavroom|57/100|[from] Grassy Terrain
|-fieldend|move: Grassy Terrain
|upkeep
|
|t:|1750745012
|switch|p1a: Kyogre|Kyogre, L50|100/100
|-weather|RainDance|[from] ability: Drizzle|[of] p1a: Kyogre
|turn|6
|
|t:|1750745032
|switch|p2b: Whimsicott|Whimsicott, L50, F|100/100
|move|p1b: Iron Jugulis|Hurricane|p2a: Revavroom
|-resisted|p2a: Revavroom
|-damage|p2a: Revavroom|26/100
|move|p1a: Kyogre|Water Spout|p2a: Revavroom|[spread] p2a,p2b
|-resisted|p2b: Whimsicott
|-damage|p2a: Revavroom|0 fnt
|-damage|p2b: Whimsicott|11/100
|faint|p2a: Revavroom
|
|-weather|RainDance|[upkeep]
|upkeep
|
|t:|1750745042
|switch|p2a: Incineroar|Incineroar, L50, M|33/100
|-ability|p2a: Incineroar|Intimidate|boost
|-unboost|p1a: Kyogre|atk|1
|-unboost|p1b: Iron Jugulis|atk|1
|turn|7
|inactive|RRyan Tsui has 30 seconds left.
|inactive|RRyan Tsui has 20 seconds left.
|inactive|RRyan Tsui has 15 seconds left.
|inactive|RRyan Tsui has 10 seconds left.
|
|t:|1750745090
|move|p1a: Kyogre|Protect|p1a: Kyogre
|-singleturn|p1a: Kyogre|Protect
|move|p2a: Incineroar|Fake Out|p1a: Kyogre
|-activate|p1a: Kyogre|move: Protect
|move|p1b: Iron Jugulis|Hurricane|p2b: Whimsicott
|-supereffective|p2b: Whimsicott
|-crit|p2b: Whimsicott
|-damage|p2b: Whimsicott|0 fnt
|faint|p2b: Whimsicott
|
|-weather|RainDance|[upkeep]
|upkeep
|
|t:|1750745093
|switch|p2b: Calyrex|Calyrex-Ice, L50, tera:Ground|100/100
|-ability|p2b: Calyrex|As One
|-ability|p2b: Calyrex|Unnerve
|turn|8
|-message|grenwog forfeited.
|
|win|RRyan Tsui
|raw|RRyan Tsui's rating: 1219 &rarr; <strong>1245</strong><br />(+26 for winning)
|raw|grenwog's rating: 1235 &rarr; <strong>1209</strong><br />(-26 for losing)
|l|☆grenwog
|player|p2|
|l|☆RRyan Tsui
|player|p1|
