|j|☆Intransit1980
|j|☆Troll con perish
|t:|1750857524
|gametype|doubles
|player|p1|Intransit1980|1|1052
|player|p2|Troll con perish|266|1144
|teamsize|p1|6
|teamsize|p2|6
|gen|9
|tier|[Gen 9] VGC 2025 Reg I
|rated|
|rule|Species Clause: Limit one of each Pokémon
|rule|Item Clause: Limit 1 of each item
|clearpoke
|poke|p1|Koraidon, L50|
|poke|p1|Miraidon, L50|
|poke|p1|Exeggutor, L50, F|
|poke|p1|Indeedee-F, L50, F|
|poke|p1|Maushold-Four, L50|
|poke|p1|Ursaluna-Bloodmoon, L50, M|
|poke|p2|Politoed, L50, M|
|poke|p2|Ludicolo, L50, M|
|poke|p2|Gothitelle, L50, F|
|poke|p2|Hitmontop, L50, M|
|poke|p2|Calyrex-Ice, L50|
|poke|p2|Flutter Mane, L50|
|teampreview|4
|inactive|Battle timer is ON: inactive players will automatically lose when time's up. (requested by Troll con perish)
Troll con perish rejected open team sheets.
|
|t:|1750857545
|start
|switch|p1a: Miraidon|Miraidon, L50|100/100
|switch|p1b: Maushold|Maushold-Four, L50|100/100
|switch|p2a: DADDY CHILL:)|Calyrex-Ice, L50|100/100
|switch|p2b: FAVORITE CHILD:D|Politoed, L50, M|100/100
|-ability|p2a: DADDY CHILL:)|As One
|-ability|p2a: DADDY CHILL:)|Unnerve
|-fieldstart|move: Electric Terrain|[from] ability: Hadron Engine|[of] p1a: Miraidon
|-weather|RainDance|[from] ability: Drizzle|[of] p2b: FAVORITE CHILD:D
|turn|1
|
|t:|1750857563
|switch|p2b: ITS NOT A PHASE!|Gothitelle, L50, F|100/100
|move|p1a: Miraidon|Volt Switch|p2b: ITS NOT A PHASE!
|-damage|p2b: ITS NOT A PHASE!|48/100
|-enditem|p2b: ITS NOT A PHASE!|Sitrus Berry|[eat]
|-heal|p2b: ITS NOT A PHASE!|73/100|[from] item: Sitrus Berry
|
|t:|1750857580
|switch|p1a: Exeggutor|Exeggutor, L50, F|100/100|[from] Volt Switch
|move|p1b: Maushold|Bite|p2a: DADDY CHILL:)
|-supereffective|p2a: DADDY CHILL:)
|-damage|p2a: DADDY CHILL:)|88/100
|move|p2a: DADDY CHILL:)|Glacial Lance|p1b: Maushold|[spread] p1a,p1b
|-supereffective|p1a: Exeggutor
|-damage|p1a: Exeggutor|45/100
|-damage|p1b: Maushold|20/100
|
|-weather|RainDance|[upkeep]
|upkeep
|turn|2
|
|t:|1750857599
|move|p2b: ITS NOT A PHASE!|Fake Out|p1b: Maushold
|-damage|p1b: Maushold|13/100
|cant|p1b: Maushold|flinch
|move|p1a: Exeggutor|Sleep Powder|p2a: DADDY CHILL:)
|-activate|p2a: DADDY CHILL:)|move: Electric Terrain
|move|p2a: DADDY CHILL:)|Glacial Lance|p1b: Maushold|[spread] p1a,p1b
|-supereffective|p1a: Exeggutor
|-damage|p1a: Exeggutor|0 fnt
|-damage|p1b: Maushold|0 fnt
|faint|p1a: Exeggutor
|faint|p1b: Maushold
|-ability|p2a: DADDY CHILL:)|Chilling Neigh|boost
|-boost|p2a: DADDY CHILL:)|atk|2
|
|-weather|RainDance|[upkeep]
|upkeep
|
|t:|1750857602
|switch|p1b: Miraidon|Miraidon, L50|100/100
|switch|p1a: Koraidon|Koraidon, L50|100/100
|-activate|p1b: Miraidon|ability: Hadron Engine
|-weather|SunnyDay|[from] ability: Orichalcum Pulse|[of] p1a: Koraidon
|-activate|p1a: Koraidon|Orichalcum Pulse|[source]
|turn|3
|
|t:|1750857628
|switch|p2b: FAVORITE CHILD:D|Politoed, L50, M|100/100
|-weather|RainDance|[from] ability: Drizzle|[of] p2b: FAVORITE CHILD:D
|switch|p2a: 321.LET IT RIP!!!|Hitmontop, L50, M, shiny|100/100
|-ability|p2a: 321.LET IT RIP!!!|Intimidate|boost
|-fail|p1a: Koraidon|unboost|[from] item: Clear Amulet|[of] p1a: Koraidon
|-unboost|p1b: Miraidon|atk|1
|move|p1b: Miraidon|Snarl|p2a: 321.LET IT RIP!!!|[spread] p2a,p2b
|-resisted|p2a: 321.LET IT RIP!!!
|-damage|p2a: 321.LET IT RIP!!!|91/100
|-damage|p2b: FAVORITE CHILD:D|86/100
|-unboost|p2a: 321.LET IT RIP!!!|spa|1
|-unboost|p2b: FAVORITE CHILD:D|spa|1
|-enditem|p2a: 321.LET IT RIP!!!|Eject Button
|
|t:|1750857641
|switch|p2a: ITS NOT A PHASE!|Gothitelle, L50, F|73/100
|move|p1a: Koraidon|Collision Course|p2a: ITS NOT A PHASE!
|-resisted|p2a: ITS NOT A PHASE!
|-damage|p2a: ITS NOT A PHASE!|49/100
|
|-weather|RainDance|[upkeep]
|-heal|p2b: FAVORITE CHILD:D|92/100|[from] item: Leftovers
|upkeep
|turn|4
|
|t:|1750857655
|move|p2a: ITS NOT A PHASE!|Fake Out|p1b: Miraidon
|-damage|p1b: Miraidon|94/100
|cant|p1b: Miraidon|flinch
|move|p1a: Koraidon|Collision Course|p2b: FAVORITE CHILD:D
|-damage|p2b: FAVORITE CHILD:D|37/100
|move|p2b: FAVORITE CHILD:D|Perish Song|p2b: FAVORITE CHILD:D
|-start|p1a: Koraidon|perish3|[silent]
|-start|p1b: Miraidon|perish3|[silent]
|-start|p2a: ITS NOT A PHASE!|perish3|[silent]
|-start|p2b: FAVORITE CHILD:D|perish3|[silent]
|-fieldactivate|move: Perish Song
|
|-weather|RainDance|[upkeep]
|-heal|p2b: FAVORITE CHILD:D|43/100|[from] item: Leftovers
|-start|p1b: Miraidon|perish3
|-start|p1a: Koraidon|perish3
|-start|p2b: FAVORITE CHILD:D|perish3
|-start|p2a: ITS NOT A PHASE!|perish3
|upkeep
|turn|5
|
|t:|1750857670
|-terastallize|p1a: Koraidon|Fire
|move|p2b: FAVORITE CHILD:D|Protect|p2b: FAVORITE CHILD:D
|-singleturn|p2b: FAVORITE CHILD:D|Protect
|move|p2a: ITS NOT A PHASE!|Protect|p2a: ITS NOT A PHASE!
|-singleturn|p2a: ITS NOT A PHASE!|Protect
|move|p1b: Miraidon|Snarl|p2a: ITS NOT A PHASE!|[spread] 
|-activate|p2a: ITS NOT A PHASE!|move: Protect
|-activate|p2b: FAVORITE CHILD:D|move: Protect
|move|p1a: Koraidon|Collision Course|p2b: FAVORITE CHILD:D
|-activate|p2b: FAVORITE CHILD:D|move: Protect
|
|-weather|RainDance|[upkeep]
|-heal|p2b: FAVORITE CHILD:D|49/100|[from] item: Leftovers
|-start|p1b: Miraidon|perish2
|-start|p1a: Koraidon|perish2
|-start|p2b: FAVORITE CHILD:D|perish2
|-start|p2a: ITS NOT A PHASE!|perish2
|-fieldend|move: Electric Terrain
|upkeep
|turn|6
|-message|Intransit1980 forfeited.
|
|win|Troll con perish
|raw|Intransit1980's rating: 1052 &rarr; <strong>1039</strong><br />(-13 for losing)
|raw|Troll con perish's rating: 1144 &rarr; <strong>1163</strong><br />(+19 for winning)
|l|☆Intransit1980
|player|p1|
|l|☆Troll con perish
|player|p2|
