|j|☆Sobble14
|j|☆raezan
|t:|1750733385
|gametype|doubles
|player|p1|Sobble14|2|1471
|player|p2|raezan|hugh|1580
|teamsize|p1|6
|teamsize|p2|6
|gen|9
|tier|[Gen 9] VGC 2025 Reg I
|rated|
|rule|Species Clause: Limit one of each Pokémon
|rule|Item Clause: Limit 1 of each item
|clearpoke
|poke|p1|Miraidon, L50|
|poke|p1|Terapagos, L50, M|
|poke|p1|Iron Valiant, L50|
|poke|p1|Pawmot, L50, M|
|poke|p1|Comfey, L50, F|
|poke|p1|Clodsire, L50, M|
|poke|p2|Incineroar, L50, F|
|poke|p2|Indeedee-F, L50, F|
|poke|p2|Calyrex-Shadow, L50|
|poke|p2|Brute Bonnet, L50|
|poke|p2|Koraidon, L50|
|poke|p2|Whimsicott, L50, M|
|teampreview|4
|inactive|Battle timer is ON: inactive players will automatically lose when time's up. (requested by Sobble14)
|l|☆raezan
|inactive|raezan disconnected and has a minute to reconnect!
|player|p2|
|inactive|raezan has 30 seconds to reconnect!
|j|☆raezan
|inactive|raezan reconnected and has 45 seconds left.
|player|p2|raezan|hugh|
|
|t:|1750733457
|start
|switch|p1a: Comfey|Comfey, L50, F|100/100
|switch|p1b: Terapagos|Terapagos, L50, M|100/100
|switch|p2a: Koraidon|Koraidon, L50|100/100
|switch|p2b: Whimsicott|Whimsicott, L50, M|100/100
|-activate|p1b: Terapagos|ability: Tera Shift
|detailschange|p1b: Terapagos|Terapagos-Terastal, L50, M
|-heal|p1b: Terapagos|100/100|[silent]
|-weather|SunnyDay|[from] ability: Orichalcum Pulse|[of] p2a: Koraidon
|-activate|p2a: Koraidon|Orichalcum Pulse|[source]
|turn|1
|inactive|Sobble14 has 30 seconds left.
|inactive|raezan has 30 seconds left.
|inactive|Sobble14 has 20 seconds left.
|
|t:|1750733493
|-terastallize|p2a: Koraidon|Fire
|move|p1b: Terapagos|Protect|p1b: Terapagos
|-singleturn|p1b: Terapagos|Protect
|move|p2b: Whimsicott|Sunny Day||[still]
|-fail|p2b: Whimsicott
|move|p2a: Koraidon|Flare Blitz|p1b: Terapagos
|-activate|p1b: Terapagos|move: Protect
|move|p1a: Comfey|Trick Room|p1a: Comfey
|-fieldstart|move: Trick Room|[of] p1a: Comfey
|
|-weather|SunnyDay|[upkeep]
|upkeep
|turn|2
|inactive|Sobble14 has 30 seconds left.
|
|t:|1750733523
|-terastallize|p1b: Terapagos|Stellar
|detailschange|p1b: Terapagos|Terapagos-Stellar, L50, M, tera:Stellar
|-heal|p1b: Terapagos|100/100|[silent]
|-ability|p1b: Terapagos|Teraform Zero
|-weather|none
|move|p1a: Comfey|Draining Kiss|p2b: Whimsicott
|-damage|p2b: Whimsicott|81/100
|move|p2b: Whimsicott|Encore|p1b: Terapagos
|-start|p1b: Terapagos|Encore
|move|p1b: Terapagos|Protect||[still]
|-fail|p1b: Terapagos
|move|p2a: Koraidon|Flare Blitz|p1a: Comfey
|-damage|p1a: Comfey|7/100
|-damage|p2a: Koraidon|73/100|[from] Recoil
|
|upkeep
|turn|3
|
|t:|1750733543
|move|p1b: Terapagos|Protect|p1b: Terapagos
|-singleturn|p1b: Terapagos|Protect
|move|p1a: Comfey|Synthesis|p1a: Comfey
|-heal|p1a: Comfey|57/100
|move|p2b: Whimsicott|Sunny Day|p2b: Whimsicott
|-weather|SunnyDay
|move|p2a: Koraidon|Flare Blitz|p1b: Terapagos
|-activate|p1b: Terapagos|move: Protect
|
|-weather|SunnyDay|[upkeep]
|upkeep
|turn|4
|
|t:|1750733562
|switch|p1b: Iron Valiant|Iron Valiant, L50|100/100
|-enditem|p1b: Iron Valiant|Booster Energy
|-activate|p1b: Iron Valiant|ability: Quark Drive|[fromitem]
|-start|p1b: Iron Valiant|quarkdrivespe
|move|p1a: Comfey|Draining Kiss|p2b: Whimsicott
|-damage|p2b: Whimsicott|60/100
|-heal|p1a: Comfey|73/100|[from] drain|[of] p2b: Whimsicott
|move|p2b: Whimsicott|Endeavor|p1b: Iron Valiant
|-damage|p1b: Iron Valiant|56/100
|move|p2a: Koraidon|Flare Blitz|p1b: Iron Valiant
|-damage|p1b: Iron Valiant|0 fnt
|faint|p1b: Iron Valiant
|-end|p1b: Iron Valiant|Quark Drive|[silent]
|-damage|p2a: Koraidon|54/100|[from] Recoil
|
|-weather|SunnyDay|[upkeep]
|upkeep
|
|t:|1750733576
|switch|p1b: Terapagos|Terapagos-Stellar, L50, M, tera:Stellar|100/100
|turn|5
|
|t:|1750733597
|switch|p2a: Indeedee|Indeedee-F, L50, F|100/100
|-fieldstart|move: Psychic Terrain|[from] ability: Psychic Surge|[of] p2a: Indeedee
|move|p1a: Comfey|Draining Kiss|p2b: Whimsicott
|-activate|p2b: Whimsicott|move: Psychic Terrain
|move|p2b: Whimsicott|Encore|p1a: Comfey
|-activate|p1a: Comfey|move: Psychic Terrain
|move|p1b: Terapagos|Tera Starstorm|p2b: Whimsicott|[spread] p2a,p2b
|-damage|p2a: Indeedee|59/100
|-damage|p2b: Whimsicott|4/100
|
|-weather|SunnyDay|[upkeep]
|-fieldend|move: Trick Room
|upkeep
|turn|6
|inactive|Sobble14 has 30 seconds left.
|inactive|Sobble14 has 20 seconds left.
|inactive|Sobble14 has 15 seconds left.
|inactive|Sobble14 has 10 seconds left.
|inactive|Sobble14 has 5 seconds left.
|
|t:|1750733652
|move|p1a: Comfey|Draining Kiss|p2a: Indeedee
|-activate|p2a: Indeedee|move: Psychic Terrain
|move|p2b: Whimsicott|Endeavor|p1b: Terapagos
|-damage|p1b: Terapagos|3/100
|move|p1b: Terapagos|Stored Power|p2a: Indeedee
|-resisted|p2a: Indeedee
|-damage|p2a: Indeedee|52/100
|move|p2a: Indeedee|Imprison|p2a: Indeedee
|-start|p2a: Indeedee|move: Imprison
|
|-weather|SunnyDay|[upkeep]
|-heal|p1b: Terapagos|9/100|[from] item: Leftovers
|upkeep
|turn|7
|inactive|raezan has 30 seconds left.
|
|t:|1750733679
|move|p1a: Comfey|Floral Healing|p1b: Terapagos
|-heal|p1b: Terapagos|59/100
|move|p2a: Indeedee|Follow Me|p2a: Indeedee
|-singleturn|p2a: Indeedee|move: Follow Me
|move|p2b: Whimsicott|Endeavor|p1a: Comfey
|-damage|p1a: Comfey|4/100
|move|p1b: Terapagos|Tera Starstorm|p2a: Indeedee|[spread] p2a,p2b
|-damage|p2a: Indeedee|12/100
|-damage|p2b: Whimsicott|0 fnt
|faint|p2b: Whimsicott
|
|-weather|none
|-heal|p1b: Terapagos|65/100|[from] item: Leftovers
|upkeep
|
|t:|1750733690
|switch|p2b: Koraidon|Koraidon, L50, tera:Fire|54/100
|-weather|SunnyDay|[from] ability: Orichalcum Pulse|[of] p2b: Koraidon
|-activate|p2b: Koraidon|Orichalcum Pulse|[source]
|turn|8
|inactive|Sobble14 has 30 seconds left.
|
|t:|1750733716
|move|p1b: Terapagos|Protect|p1b: Terapagos
|-singleturn|p1b: Terapagos|Protect
|move|p1a: Comfey|Synthesis|p1a: Comfey
|-heal|p1a: Comfey|71/100
|move|p2a: Indeedee|Follow Me|p2a: Indeedee
|-singleturn|p2a: Indeedee|move: Follow Me
|move|p2b: Koraidon|Close Combat|p1b: Terapagos
|-activate|p1b: Terapagos|move: Protect
|
|-weather|SunnyDay|[upkeep]
|-heal|p1b: Terapagos|71/100|[from] item: Leftovers
|upkeep
|turn|9
|inactive|Sobble14 has 30 seconds left.
|
|t:|1750733741
|switch|p1b: Miraidon|Miraidon, L50|100/100
|-fieldstart|move: Electric Terrain|[from] ability: Hadron Engine|[of] p1b: Miraidon
|move|p1a: Comfey|Synthesis|p1a: Comfey
|-heal|p1a: Comfey|100/100
|move|p2a: Indeedee|Follow Me|p2a: Indeedee
|-singleturn|p2a: Indeedee|move: Follow Me
|move|p2b: Koraidon|Close Combat|p1b: Miraidon
|-damage|p1b: Miraidon|9/100
|-unboost|p2b: Koraidon|def|1
|-unboost|p2b: Koraidon|spd|1
|
|-weather|SunnyDay|[upkeep]
|upkeep
|turn|10
|inactive|Sobble14 has 30 seconds left.
|
|t:|1750733767
|move|p1a: Comfey|Floral Healing|p1b: Miraidon
|-heal|p1b: Miraidon|59/100
|move|p2a: Indeedee|Follow Me|p2a: Indeedee
|-singleturn|p2a: Indeedee|move: Follow Me
|move|p2b: Koraidon|Close Combat|p1b: Miraidon
|-damage|p1b: Miraidon|0 fnt
|-unboost|p2b: Koraidon|def|1
|-unboost|p2b: Koraidon|spd|1
|faint|p1b: Miraidon
|
|-weather|SunnyDay|[upkeep]
|upkeep
|
|t:|1750733774
|switch|p1b: Terapagos|Terapagos-Stellar, L50, M, tera:Stellar|71/100
|turn|11
|
|t:|1750733785
|move|p1b: Terapagos|Protect|p1b: Terapagos
|-singleturn|p1b: Terapagos|Protect
|move|p1a: Comfey|Draining Kiss|p2a: Indeedee
|-damage|p2a: Indeedee|0 fnt
|faint|p2a: Indeedee
|move|p2b: Koraidon|Close Combat|p1b: Terapagos
|-activate|p1b: Terapagos|move: Protect
|
|-weather|SunnyDay|[upkeep]
|-heal|p1b: Terapagos|77/100|[from] item: Leftovers
|upkeep
|
|t:|1750733787
|switch|p2a: Calyrex|Calyrex-Shadow, L50|100/100
|-ability|p2a: Calyrex|As One
|-ability|p2a: Calyrex|Unnerve
|turn|12
|inactive|Sobble14 has 30 seconds left.
|inactive|Sobble14 has 20 seconds left.
|inactive|Sobble14 has 15 seconds left.
|inactive|Sobble14 has 10 seconds left.
|inactive|Sobble14 has 5 seconds left.
|
|t:|1750733842
|move|p1a: Comfey|Draining Kiss|p2a: Calyrex
|-damage|p2a: Calyrex|88/100
|move|p2b: Koraidon|Close Combat|p1b: Terapagos
|-supereffective|p1b: Terapagos
|-damage|p1b: Terapagos|0 fnt
|-unboost|p2b: Koraidon|def|1
|-unboost|p2b: Koraidon|spd|1
|faint|p1b: Terapagos
|detailschange|p1: Terapagos|Terapagos, L50, M|[silent]
|move|p2a: Calyrex|Nasty Plot|p2a: Calyrex
|-boost|p2a: Calyrex|spa|2
|
|-weather|none
|upkeep
|turn|13
|-message|Sobble14 forfeited.
|
|win|raezan
|raw|Sobble14's rating: 1471 &rarr; <strong>1457</strong><br />(-14 for losing)
|raw|raezan's rating: 1580 &rarr; <strong>1594</strong><br />(+14 for winning)
|l|☆Sobble14
|player|p1|
|l|☆raezan
|player|p2|
