|j|☆dragoonlong
|j|☆Humongousaur
|t:|1750739408
|gametype|doubles
|player|p1|dragoonlong|1|1315
|player|p2|Humongousaur|pokemaniac|1446
|teamsize|p1|6
|teamsize|p2|6
|gen|9
|tier|[Gen 9] VGC 2025 Reg I
|rated|
|rule|Species Clause: Limit one of each Pokémon
|rule|Item Clause: Limit 1 of each item
|clearpoke
|poke|p1|Grimmsnarl, L50, M|
|poke|p1|Miraidon, L50|
|poke|p1|Incineroar, L50, M|
|poke|p1|Ditto, L50|
|poke|p1|Pawmot, L50, F|
|poke|p1|Ho-Oh, L50|
|poke|p2|Calyrex-Shadow, L50|
|poke|p2|Rayquaza, L50|
|poke|p2|Volcarona, L50, F|
|poke|p2|Urshifu-*, L50, F|
|poke|p2|Chien-Pao, L50|
|poke|p2|Weezing-Galar, L50, F|
|teampreview|4
|inactive|Battle timer is ON: inactive players will automatically lose when time's up. (requested by dragoonlong)
|inactive|Humongousaur has 60 seconds left.
|
|t:|1750739441
|start
|switch|p1a: Miraidon|Miraidon, L50|100/100
|switch|p1b: Ho-Oh|Ho-Oh, L50|100/100
|switch|p2a: Rayquaza|Rayquaza, L50|100/100
|switch|p2b: Weezing|Weezing-Galar, L50, F|100/100
|-ability|p2b: Weezing|Neutralizing Gas
|turn|1
|inactive|Humongousaur has 30 seconds left.
|
|t:|1750739474
|-terastallize|p1a: Miraidon|Electric
|-terastallize|p2a: Rayquaza|Normal
|move|p1a: Miraidon|Electro Drift|p2b: Weezing
|-damage|p2b: Weezing|23/100
|move|p1b: Ho-Oh|Tailwind|p1b: Ho-Oh
|-sidestart|p1: dragoonlong|move: Tailwind
|move|p2a: Rayquaza|Swords Dance|p2a: Rayquaza
|-boost|p2a: Rayquaza|atk|2
|move|p2b: Weezing|Poison Gas|p1a: Miraidon|[spread] p1a,p1b
|-status|p1a: Miraidon|psn
|-status|p1b: Ho-Oh|psn
|
|-damage|p1a: Miraidon|88/100 psn|[from] psn
|-damage|p1b: Ho-Oh|88/100 psn|[from] psn
|upkeep
|turn|2
|inactive|Humongousaur has 30 seconds left.
|inactive|Humongousaur has 20 seconds left.
|inactive|Humongousaur has 15 seconds left.
|
|t:|1750739519
|move|p1b: Ho-Oh|Protect|p1b: Ho-Oh
|-singleturn|p1b: Ho-Oh|Protect
|move|p2b: Weezing|Protect|p2b: Weezing
|-singleturn|p2b: Weezing|Protect
|move|p2a: Rayquaza|Extreme Speed|p1b: Ho-Oh
|-activate|p1b: Ho-Oh|move: Protect
|move|p1a: Miraidon|Parabolic Charge|p2b: Weezing|[spread] p2a
|-activate|p1b: Ho-Oh|move: Protect
|-activate|p2b: Weezing|move: Protect
|-damage|p2a: Rayquaza|62/100
|-heal|p1a: Miraidon|100/100 psn|[from] drain|[of] p2a: Rayquaza
|
|-damage|p1a: Miraidon|88/100 psn|[from] psn
|-damage|p1b: Ho-Oh|76/100 psn|[from] psn
|upkeep
|turn|3
|inactive|Humongousaur has 30 seconds left.
|
|t:|1750739547
|-end|p2b: Weezing|ability: Neutralizing Gas
|-fieldstart|move: Electric Terrain|[from] ability: Hadron Engine|[of] p1a: Miraidon
|switch|p2b: Volcarona|Volcarona, L50, F|100/100
|move|p2a: Rayquaza|Extreme Speed|p1a: Miraidon
|-damage|p1a: Miraidon|0 fnt
|faint|p1a: Miraidon
|-damage|p2a: Rayquaza|53/100|[from] item: Life Orb
|move|p1b: Ho-Oh|Sacred Fire|p2a: Rayquaza
|-crit|p2a: Rayquaza
|-damage|p2a: Rayquaza|0 fnt
|faint|p2a: Rayquaza
|
|-damage|p1b: Ho-Oh|63/100 psn|[from] psn
|upkeep
|inactive|Humongousaur has 30 seconds left.
|
|t:|1750739573
|switch|p1a: Pawmot|Pawmot, L50, F|100/100
|switch|p2a: Calyrex|Calyrex-Shadow, L50|100/100
|-ability|p2a: Calyrex|As One
|-ability|p2a: Calyrex|Unnerve
|turn|4
|
|t:|1750739588
|move|p1a: Pawmot|Revival Blessing|p1a: Pawmot
|
|t:|1750739590
|-heal|p1: Miraidon|50/100|[from] move: Revival Blessing
|move|p1b: Ho-Oh|Sacred Fire|p2b: Volcarona
|-damage|p2b: Volcarona|53/100
|move|p2a: Calyrex|Astral Barrage|p1b: Ho-Oh|[spread] p1a,p1b
|-enditem|p1a: Pawmot|Focus Sash
|-damage|p1a: Pawmot|1/100
|-damage|p1b: Ho-Oh|15/100 psn
|move|p2b: Volcarona|Tailwind|p2b: Volcarona
|-sidestart|p2: Humongousaur|move: Tailwind
|
|-damage|p1b: Ho-Oh|3/100 psn|[from] psn
|-sideend|p1: dragoonlong|move: Tailwind
|upkeep
|turn|5
|inactive|Humongousaur has 30 seconds left.
|inactive|Humongousaur has 20 seconds left.
|inactive|Humongousaur has 15 seconds left.
|inactive|Humongousaur has 10 seconds left.
|
|t:|1750739638
|move|p2a: Calyrex|Astral Barrage|p1b: Ho-Oh|[spread] p1a,p1b
|-damage|p1a: Pawmot|0 fnt
|-damage|p1b: Ho-Oh|0 fnt
|faint|p1a: Pawmot
|faint|p1b: Ho-Oh
|-ability|p2a: Calyrex|Grim Neigh|boost
|-boost|p2a: Calyrex|spa|2
|move|p2b: Volcarona|Heat Wave|p1: Pawmot|[notarget]
|-fail|p2b: Volcarona
|
|upkeep
|
|t:|1750739643
|switch|p1a: Miraidon|Miraidon, L50|50/100
|switch|p1b: Ditto|Ditto, L50|100/100
|-activate|p1a: Miraidon|ability: Hadron Engine
|-transform|p1b: Ditto|p2a: Calyrex|[from] ability: Imposter
|-ability|p1b: Ditto|As One
|-ability|p1b: Ditto|Unnerve
|turn|6
|-activate|p1b: Ditto|item: Quick Claw
|
|t:|1750739659
|move|p1b: Ditto|Astral Barrage|p2b: Volcarona|[spread] p2a,p2b
|-supereffective|p2a: Calyrex
|-damage|p2a: Calyrex|0 fnt
|-damage|p2b: Volcarona|0 fnt
|faint|p2a: Calyrex
|faint|p2b: Volcarona
|-ability|p1b: Ditto|Grim Neigh|boost
|-boost|p1b: Ditto|spa|2
|move|p1a: Miraidon|Parabolic Charge|p1b: Ditto
|-damage|p1b: Ditto|24/100
|-heal|p1a: Miraidon|79/100|[from] drain|[of] p1b: Ditto
|
|upkeep
|c|☆Humongousaur|That’s upsetting
|
|t:|1750739673
|switch|p2a: Weezing|Weezing-Galar, L50, F|23/100
|-ability|p2a: Weezing|Neutralizing Gas
|turn|7
|
|t:|1750739687
|move|p1b: Ditto|Psychic|p2a: Weezing
|-supereffective|p2a: Weezing
|-damage|p2a: Weezing|0 fnt
|faint|p2a: Weezing
|-end|p2a: Weezing|ability: Neutralizing Gas
|-activate|p1a: Miraidon|ability: Hadron Engine
|
|win|dragoonlong
|raw|dragoonlong's rating: 1315 &rarr; <strong>1342</strong><br />(+27 for winning)
|raw|Humongousaur's rating: 1446 &rarr; <strong>1419</strong><br />(-27 for losing)
|c|☆Humongousaur|But wishing you luck with that tech
|l|☆Humongousaur
|player|p2|
|l|☆dragoonlong
|player|p1|
|j|☆dragoonlong
|player|p1|dragoonlong|1|
|l|☆dragoonlong
|player|p1|
