|j|☆Jo K.O 1231
|j|☆pookiber69
|t:|1750860880
|gametype|doubles
|player|p1|Jo K.O 1231|gambler|1217
|player|p2|pookiber69|101|1248
|teamsize|p1|6
|teamsize|p2|6
|gen|9
|tier|[Gen 9] VGC 2025 Reg I
|rated|
|rule|Species Clause: Limit one of each Pokémon
|rule|Item Clause: Limit 1 of each item
|clearpoke
|poke|p1|Smeargle, L50, F|
|poke|p1|Calyrex-Ice, L50|
|poke|p1|Terapagos, L50, M|
|poke|p1|Clefairy, L50, F|
|poke|p1|Zoroark-Hisui, L50, F|
|poke|p1|Hatterene, L50, F|
|poke|p2|Dragapult, L50, F|
|poke|p2|Dialga-Origin, L50|
|poke|p2|Calyrex-Ice, L50|
|poke|p2|Pelipper, L50, F|
|poke|p2|Clawitzer, L50, M|
|poke|p2|Iron Hands, L50|
|teampreview|4
|inactive|Battle timer is ON: inactive players will automatically lose when time's up. (requested by Jo K.O 1231)
|inactive|pookiber69 has 60 seconds left.
|
|t:|1750860918
|start
|switch|p1a: Calyrex|Calyrex-Ice, L50|100/100
|switch|p1b: Clefairy|Clefairy, L50, F|100/100
|switch|p2a: Dialga|Dialga-Origin, L50|100/100
|switch|p2b: Pelipper|Pelipper, L50, F|100/100
|-ability|p1a: Calyrex|As One
|-ability|p1a: Calyrex|Unnerve
|-ability|p2a: Dialga|Pressure
|-weather|RainDance|[from] ability: Drizzle|[of] p2b: Pelipper
|turn|1
|
|t:|1750860941
|move|p1b: Clefairy|Follow Me|p1b: Clefairy
|-singleturn|p1b: Clefairy|move: Follow Me
|move|p2a: Dialga|Flash Cannon|p1b: Clefairy
|-supereffective|p1b: Clefairy
|-damage|p1b: Clefairy|12/100
|move|p2b: Pelipper|Chilling Water|p1b: Clefairy
|-damage|p1b: Clefairy|0 fnt
|faint|p1b: Clefairy
|move|p1a: Calyrex|Trick Room|p1a: Calyrex
|-fieldstart|move: Trick Room|[of] p1a: Calyrex
|
|-weather|RainDance|[upkeep]
|upkeep
|
|t:|1750860951
|switch|p1b: Smeargle|Smeargle, L50, F|100/100
|turn|2
|
|t:|1750860957
|move|p1a: Calyrex|Protect|p1a: Calyrex
|-singleturn|p1a: Calyrex|Protect
|move|p2b: Pelipper|Wide Guard|p2b: Pelipper
|-singleturn|p2b: Pelipper|Wide Guard
|move|p1b: Smeargle|Decorate|p1a: Calyrex
|-boost|p1a: Calyrex|atk|2
|-boost|p1a: Calyrex|spa|2
|move|p2a: Dialga|Flash Cannon|p1a: Calyrex
|-activate|p1a: Calyrex|move: Protect
|
|-weather|RainDance|[upkeep]
|upkeep
|turn|3
|
|t:|1750860973
|-terastallize|p1a: Calyrex|Water
|-terastallize|p2a: Dialga|Steel
|move|p2b: Pelipper|Wide Guard|p2b: Pelipper
|-singleturn|p2b: Pelipper|Wide Guard
|move|p1b: Smeargle|Feint|p2b: Pelipper
|-activate|p2b: Pelipper|move: Feint
|-damage|p2b: Pelipper|93/100
|move|p1a: Calyrex|Glacial Lance|p2b: Pelipper|[spread] p2a,p2b
|-resisted|p2a: Dialga
|-damage|p2a: Dialga|55/100
|-damage|p2b: Pelipper|0 fnt
|faint|p2b: Pelipper
|-ability|p1a: Calyrex|Chilling Neigh|boost
|-boost|p1a: Calyrex|atk|1
|move|p2a: Dialga|Flash Cannon|p1a: Calyrex
|-resisted|p1a: Calyrex
|-damage|p1a: Calyrex|75/100
|
|-weather|RainDance|[upkeep]
|upkeep
|inactive|pookiber69 has 30 seconds left.
|
|t:|1750860998
|switch|p2b: Calyrex|Calyrex-Ice, L50|100/100
|-ability|p2b: Calyrex|As One
|-ability|p2b: Calyrex|Unnerve
|turn|4
|
|t:|1750861010
|move|p1a: Calyrex|Glacial Lance|p2a: Dialga|[spread] p2a,p2b
|-resisted|p2a: Dialga
|-resisted|p2b: Calyrex
|-damage|p2a: Dialga|2/100
|-damage|p2b: Calyrex|60/100
|move|p2b: Calyrex|Leech Seed|p1a: Calyrex
|-start|p1a: Calyrex|move: Leech Seed
|move|p1b: Smeargle|Decorate|p1a: Calyrex
|-boost|p1a: Calyrex|atk|2
|-boost|p1a: Calyrex|spa|2
|move|p2a: Dialga|Flash Cannon|p1a: Calyrex
|-resisted|p1a: Calyrex
|-damage|p1a: Calyrex|47/100
|
|-weather|RainDance|[upkeep]
|-damage|p1a: Calyrex|35/100|[from] Leech Seed|[of] p2b: Calyrex
|-heal|p2b: Calyrex|72/100|[silent]
|upkeep
|turn|5
|inactive|Jo K.O 1231 has 30 seconds left.
|
|t:|1750861042
|switch|p2a: Clawitzer|Clawitzer, L50, M|100/100
|move|p2b: Calyrex|Protect|p2b: Calyrex
|-singleturn|p2b: Calyrex|Protect
|move|p1a: Calyrex|Glacial Lance|p2b: Calyrex|[spread] p2a
|-activate|p2b: Calyrex|move: Protect
|-resisted|p2a: Clawitzer
|-damage|p2a: Clawitzer|0 fnt
|faint|p2a: Clawitzer
|-ability|p1a: Calyrex|Chilling Neigh|boost
|-boost|p1a: Calyrex|atk|1
|move|p1b: Smeargle|Decorate|p1a: Calyrex
|-boost|p1a: Calyrex|atk|0
|-boost|p1a: Calyrex|spa|2
|
|-weather|none
|-damage|p1a: Calyrex|23/100|[from] Leech Seed|[of] p2b: Calyrex
|-heal|p2b: Calyrex|85/100|[silent]
|-fieldend|move: Trick Room
|upkeep
|
|t:|1750861061
|switch|p2a: Dialga|Dialga-Origin, L50, tera:Steel|2/100
|-ability|p2a: Dialga|Pressure
|turn|6
|
|t:|1750861083
|move|p1b: Smeargle|Feint|p2a: Dialga
|-resisted|p2a: Dialga
|-damage|p2a: Dialga|0 fnt
|faint|p2a: Dialga
|move|p2b: Calyrex|Glacial Lance|p1b: Smeargle|[spread] p1a,p1b
|-resisted|p1a: Calyrex
|-damage|p1a: Calyrex|5/100
|-enditem|p1b: Smeargle|Focus Sash
|-damage|p1b: Smeargle|1/100
|move|p1a: Calyrex|Trick Room|p1a: Calyrex
|-fieldstart|move: Trick Room|[of] p1a: Calyrex
|
|-damage|p1a: Calyrex|0 fnt|[from] Leech Seed|[of] p2b: Calyrex
|-heal|p2b: Calyrex|90/100|[silent]
|faint|p1a: Calyrex
|upkeep
|
|t:|1750861093
|switch|p1a: Terapagos|Terapagos, L50, M|100/100
|-activate|p1a: Terapagos|ability: Tera Shift
|detailschange|p1a: Terapagos|Terapagos-Terastal, L50, M
|-heal|p1a: Terapagos|100/100|[silent]
|turn|7
|
|t:|1750861106
|move|p1b: Smeargle|Protect|p1b: Smeargle
|-singleturn|p1b: Smeargle|Protect
|move|p2b: Calyrex|Leech Seed|p1a: Terapagos
|-start|p1a: Terapagos|move: Leech Seed
|move|p1a: Terapagos|Substitute|p1a: Terapagos
|-start|p1a: Terapagos|Substitute
|-damage|p1a: Terapagos|76/100
|
|-damage|p1a: Terapagos|63/100|[from] Leech Seed|[of] p2b: Calyrex
|-heal|p2b: Calyrex|100/100|[silent]
|upkeep
|turn|8
|
|t:|1750861121
|move|p2b: Calyrex|Glacial Lance|p1a: Terapagos|[spread] p1a,p1b
|-end|p1a: Terapagos|Substitute
|-damage|p1b: Smeargle|0 fnt
|faint|p1b: Smeargle
|-ability|p2b: Calyrex|Chilling Neigh|boost
|-boost|p2b: Calyrex|atk|1
|move|p1a: Terapagos|Tera Starstorm|p2b: Calyrex
|-damage|p2b: Calyrex|62/100
|
|-damage|p1a: Terapagos|51/100|[from] Leech Seed|[of] p2b: Calyrex
|-heal|p2b: Calyrex|74/100|[silent]
|upkeep
|turn|9
|
|t:|1750861136
|move|p2b: Calyrex|Protect|p2b: Calyrex
|-singleturn|p2b: Calyrex|Protect
|move|p1a: Terapagos|Tera Starstorm|p2b: Calyrex
|-activate|p2b: Calyrex|move: Protect
|
|-damage|p1a: Terapagos|39/100|[from] Leech Seed|[of] p2b: Calyrex
|-heal|p2b: Calyrex|87/100|[silent]
|upkeep
|turn|10
|
|t:|1750861145
|move|p2b: Calyrex|Glacial Lance|p1a: Terapagos
|-damage|p1a: Terapagos|0 fnt
|faint|p1a: Terapagos
|
|win|pookiber69
|raw|Jo K.O 1231's rating: 1217 &rarr; <strong>1194</strong><br />(-23 for losing)
|raw|pookiber69's rating: 1248 &rarr; <strong>1271</strong><br />(+23 for winning)
|l|☆Jo K.O 1231
|player|p1|
