|j|☆conker009
|j|☆CyroxPlays
|t:|1750771221
|gametype|doubles
|player|p1|conker009|169|1211
|player|p2|CyroxPlays|hiker-gen4|1212
|teamsize|p1|6
|teamsize|p2|6
|gen|9
|tier|[Gen 9] VGC 2025 Reg I
|rated|
|rule|Species Clause: Limit one of each Pokémon
|rule|Item Clause: Limit 1 of each item
|clearpoke
|poke|p1|Miraidon, L50|
|poke|p1|Whimsicott, L50, M|
|poke|p1|Zacian-*, L50|
|poke|p1|Incineroar, L50, M|
|poke|p1|Raging Bolt, L50|
|poke|p1|Glimmora, L50, F|
|poke|p2|Lunala, L50|
|poke|p2|Incineroar, L50, F|
|poke|p2|Ursaluna, L50, F|
|poke|p2|Urshifu-*, L50, F|
|poke|p2|Miraidon, L50|
|poke|p2|Grimmsnarl, L50, M|
|teampreview|4
|
|t:|1750771238
|start
|switch|p1a: Whimsicott|Whimsicott, L50, M|100/100
|switch|p1b: Zacian|Zacian-Crowned, L50|100/100
|switch|p2a: Lunala|Lunala, L50|100/100
|switch|p2b: Miraidon|Miraidon, L50|100/100
|-ability|p1b: Zacian|Intrepid Sword|boost
|-boost|p1b: Zacian|atk|1
|-fieldstart|move: Electric Terrain|[from] ability: Hadron Engine|[of] p2b: Miraidon
|-enditem|p2a: Lunala|Electric Seed
|-boost|p2a: Lunala|def|1|[from] item: Electric Seed
|turn|1
|
|t:|1750771266
|move|p1b: Zacian|Behemoth Blade|p2a: Lunala
|-damage|p2a: Lunala|78/100
|move|p1a: Whimsicott|Moonblast|p2a: Lunala
|-damage|p2a: Lunala|51/100
|-unboost|p2a: Lunala|spa|1
|move|p2b: Miraidon|Volt Switch|p1b: Zacian
|-damage|p1b: Zacian|32/100
|
|t:|1750771275
|switch|p2b: Ursaluna|Ursaluna, L50, F, shiny|100/100|[from] Volt Switch
|move|p2a: Lunala|Trick Room|p2a: Lunala
|-fieldstart|move: Trick Room|[of] p2a: Lunala
|
|-status|p2b: Ursaluna|brn|[from] item: Flame Orb
|upkeep
|turn|2
|
|t:|1750771286
|move|p1b: Zacian|Protect|p1b: Zacian
|-singleturn|p1b: Zacian|Protect
|move|p1a: Whimsicott|Encore|p2a: Lunala
|-start|p2a: Lunala|Encore
|move|p2b: Ursaluna|Facade|p1b: Zacian
|-activate|p1b: Zacian|move: Protect
|move|p2a: Lunala|Trick Room|p2a: Lunala
|-fieldend|move: Trick Room
|
|-damage|p2b: Ursaluna|95/100 brn|[from] brn
|upkeep
|turn|3
|
|t:|1750771304
|switch|p2a: Grimmsnarl|Grimmsnarl, L50, M, shiny|100/100
|move|p1b: Zacian|Behemoth Blade|p2a: Grimmsnarl
|-supereffective|p2a: Grimmsnarl
|-damage|p2a: Grimmsnarl|0 fnt
|faint|p2a: Grimmsnarl
|move|p1a: Whimsicott|Moonblast|p2b: Ursaluna
|-damage|p2b: Ursaluna|64/100 brn
|move|p2b: Ursaluna|Headlong Rush|p1b: Zacian
|-supereffective|p1b: Zacian
|-damage|p1b: Zacian|0 fnt
|-unboost|p2b: Ursaluna|def|1
|-unboost|p2b: Ursaluna|spd|1
|faint|p1b: Zacian
|
|-damage|p2b: Ursaluna|58/100 brn|[from] brn
|upkeep
|
|t:|1750771325
|switch|p1b: Glimmora|Glimmora, L50, F|100/100
|switch|p2a: Lunala|Lunala, L50|51/100
|turn|4
|
|t:|1750771337
|move|p2b: Ursaluna|Protect|p2b: Ursaluna
|-singleturn|p2b: Ursaluna|Protect
|move|p1a: Whimsicott|Fake Tears|p2a: Lunala
|-unboost|p2a: Lunala|spd|2
|move|p1b: Glimmora|Power Gem|p2a: Lunala
|-damage|p2a: Lunala|0 fnt
|faint|p2a: Lunala
|
|-damage|p2b: Ursaluna|52/100 brn|[from] brn
|upkeep
|
|t:|1750771346
|switch|p2a: Miraidon|Miraidon, L50|100/100
|-activate|p2a: Miraidon|ability: Hadron Engine
|turn|5
|
|t:|1750771364
|-terastallize|p2a: Miraidon|Electric
|move|p1a: Whimsicott|Encore|p2b: Ursaluna
|-start|p2b: Ursaluna|Encore
|move|p2a: Miraidon|Electro Drift|p1b: Glimmora
|-enditem|p1b: Glimmora|Focus Sash
|-damage|p1b: Glimmora|1/100
|move|p1b: Glimmora|Sludge Bomb|p2a: Miraidon
|-damage|p2a: Miraidon|74/100
|move|p2b: Ursaluna|Protect||[still]
|-fail|p2b: Ursaluna
|
|-damage|p2b: Ursaluna|46/100 brn|[from] brn
|-fieldend|move: Electric Terrain
|upkeep
|turn|6
|
|t:|1750771386
|move|p2b: Ursaluna|Protect|p2b: Ursaluna
|-singleturn|p2b: Ursaluna|Protect
|move|p1a: Whimsicott|Tailwind|p1a: Whimsicott
|-sidestart|p1: conker009|move: Tailwind
|move|p1b: Glimmora|Sludge Bomb|p2a: Miraidon
|-damage|p2a: Miraidon|51/100
|move|p2a: Miraidon|Electro Drift|p1a: Whimsicott
|-resisted|p1a: Whimsicott
|-damage|p1a: Whimsicott|41/100
|
|-damage|p2b: Ursaluna|40/100 brn|[from] brn
|upkeep
|turn|7
|
|t:|1750771406
|move|p2b: Ursaluna|Protect||[still]
|-fail|p2b: Ursaluna
|move|p1a: Whimsicott|Fake Tears|p2a: Miraidon
|-unboost|p2a: Miraidon|spd|2
|move|p1b: Glimmora|Sludge Bomb|p2a: Miraidon
|-damage|p2a: Miraidon|7/100
|-status|p2a: Miraidon|psn
|move|p2a: Miraidon|Snarl|p1b: Glimmora|[spread] p1a,p1b
|-resisted|p1a: Whimsicott
|-damage|p1a: Whimsicott|29/100
|-damage|p1b: Glimmora|0 fnt
|faint|p1b: Glimmora
|
|-damage|p2a: Miraidon|0 fnt|[from] psn
|faint|p2a: Miraidon
|-damage|p2b: Ursaluna|35/100 brn|[from] brn
|-end|p2b: Ursaluna|Encore
|upkeep
|
|t:|1750771425
|switch|p1b: Miraidon|Miraidon, L50|100/100
|-fieldstart|move: Electric Terrain|[from] ability: Hadron Engine|[of] p1b: Miraidon
|turn|8
|
|t:|1750771431
|-terastallize|p1b: Miraidon|Fairy
|move|p1a: Whimsicott|Encore|p2b: Ursaluna
|-start|p2b: Ursaluna|Encore
|move|p1b: Miraidon|Dazzling Gleam|p2b: Ursaluna
|-crit|p2b: Ursaluna
|-damage|p2b: Ursaluna|0 fnt
|faint|p2b: Ursaluna
|
|win|conker009
|raw|conker009's rating: 1211 &rarr; <strong>1236</strong><br />(+25 for winning)
|raw|CyroxPlays's rating: 1212 &rarr; <strong>1187</strong><br />(-25 for losing)
|l|☆CyroxPlays
|player|p2|
|l|☆conker009
|player|p1|
