|j|☆fou jedi jedi
|j|☆jaffro1738
|t:|1750772763
|gametype|doubles
|player|p1|fou jedi jedi|1|1295
|player|p2|jaffro1738|266|1337
|teamsize|p1|6
|teamsize|p2|6
|gen|9
|tier|[Gen 9] VGC 2025 Reg I
|rated|
|rule|Species Clause: Limit one of each Pokémon
|rule|Item Clause: Limit 1 of each item
|clearpoke
|poke|p1|Koraidon, L50|
|poke|p1|Zamazenta-*, L50|
|poke|p1|Flutter Mane, L50|
|poke|p1|Gothitelle, L50, F|
|poke|p1|Incineroar, L50, F|
|poke|p1|Brute Bonnet, L50|
|poke|p2|Calyrex-Ice, L50|
|poke|p2|Regidrago, L50|
|poke|p2|Dusclops, L50, M|
|poke|p2|Oranguru, L50, F|
|poke|p2|Terapagos, L50, M|
|poke|p2|Bombirdier, L50, M|
|teampreview|4
jaffro1738 rejected open team sheets.
|inactive|Battle timer is ON: inactive players will automatically lose when time's up. (requested by fou jedi jedi)
|inactive|jaffro1738 has 60 seconds left.
|
|t:|1750772807
|start
|switch|p1a: Koraidon|Koraidon, L50|100/100
|switch|p1b: Flutter Mane|Flutter Mane, L50|100/100
|switch|p2a: Bombirdier|Bombirdier, L50, M|100/100
|switch|p2b: Oranguru|Oranguru, L50, F|100/100
|-weather|SunnyDay|[from] ability: Orichalcum Pulse|[of] p1a: Koraidon
|-activate|p1b: Flutter Mane|ability: Protosynthesis
|-start|p1b: Flutter Mane|protosynthesisspe
|-activate|p1a: Koraidon|Orichalcum Pulse|[source]
|turn|1
|inactive|fou jedi jedi has 30 seconds left.
|
|t:|1750772834
|switch|p1a: Zamazenta|Zamazenta-Crowned, L50|100/100
|-ability|p1a: Zamazenta|Dauntless Shield|boost
|-boost|p1a: Zamazenta|def|1
|move|p1b: Flutter Mane|Moonblast|p2a: Bombirdier
|-supereffective|p2a: Bombirdier
|-crit|p2a: Bombirdier
|-damage|p2a: Bombirdier|0 fnt
|faint|p2a: Bombirdier
|move|p2b: Oranguru|Trick Room|p2b: Oranguru
|-fieldstart|move: Trick Room|[of] p2b: Oranguru
|
|-weather|SunnyDay|[upkeep]
|upkeep
|
|t:|1750772848
|switch|p2a: Calyrex|Calyrex-Ice, L50|100/100
|-ability|p2a: Calyrex|As One
|-ability|p2a: Calyrex|Unnerve
|turn|2
|
|t:|1750772858
|-terastallize|p2a: Calyrex|Water
|move|p1b: Flutter Mane|Protect|p1b: Flutter Mane
|-singleturn|p1b: Flutter Mane|Protect
|move|p1a: Zamazenta|Wide Guard|p1a: Zamazenta
|-singleturn|p1a: Zamazenta|Wide Guard
|move|p2a: Calyrex|Smart Strike|p1b: Flutter Mane
|-activate|p1b: Flutter Mane|move: Protect
|move|p2b: Oranguru|Instruct|p2a: Calyrex
|-singleturn|p2a: Calyrex|move: Instruct|[of] p2b: Oranguru
|move|p2a: Calyrex|Smart Strike|p1b: Flutter Mane
|-activate|p1b: Flutter Mane|move: Protect
|
|-weather|SunnyDay|[upkeep]
|upkeep
|turn|3
|inactive|fou jedi jedi has 30 seconds left.
|
|t:|1750772887
|-end|p1b: Flutter Mane|Protosynthesis|[silent]
|switch|p1b: Brute Bonnet|Brute Bonnet, L50|100/100
|-activate|p1b: Brute Bonnet|ability: Protosynthesis
|-start|p1b: Brute Bonnet|protosynthesisdef
|move|p2a: Calyrex|High Horsepower|p1a: Zamazenta
|-supereffective|p1a: Zamazenta
|-damage|p1a: Zamazenta|73/100
|move|p2b: Oranguru|Encore|p1a: Zamazenta
|-start|p1a: Zamazenta|Encore
|move|p1a: Zamazenta|Wide Guard||[still]
|-fail|p1a: Zamazenta
|
|-weather|SunnyDay|[upkeep]
|upkeep
|turn|4
|inactive|jaffro1738 has 30 seconds left.
|
|t:|1750772919
|switch|p1a: Koraidon|Koraidon, L50|100/100
|-activate|p1a: Koraidon|ability: Orichalcum Pulse
|-terastallize|p1b: Brute Bonnet|Fire
|move|p2a: Calyrex|High Horsepower|p1a: Koraidon
|-damage|p1a: Koraidon|70/100
|move|p2b: Oranguru|Taunt|p1b: Brute Bonnet
|-start|p1b: Brute Bonnet|move: Taunt
|cant|p1b: Brute Bonnet|move: Taunt|Spore
|
|-weather|SunnyDay|[upkeep]
|upkeep
|turn|5
|
|t:|1750772939
|move|p1a: Koraidon|Protect|p1a: Koraidon
|-singleturn|p1a: Koraidon|Protect
|move|p2a: Calyrex|Glacial Lance|p1b: Brute Bonnet|[spread] p1b
|-activate|p1a: Koraidon|move: Protect
|-resisted|p1b: Brute Bonnet
|-damage|p1b: Brute Bonnet|86/100
|move|p2b: Oranguru|Instruct|p2a: Calyrex
|-singleturn|p2a: Calyrex|move: Instruct|[of] p2b: Oranguru
|move|p2a: Calyrex|Glacial Lance|p1a: Koraidon|[spread] p1b
|-activate|p1a: Koraidon|move: Protect
|-resisted|p1b: Brute Bonnet
|-damage|p1b: Brute Bonnet|72/100
|move|p1b: Brute Bonnet|Seed Bomb|p2a: Calyrex
|-supereffective|p2a: Calyrex
|-damage|p2a: Calyrex|65/100
|
|-weather|none
|-end|p1b: Brute Bonnet|Protosynthesis
|-fieldend|move: Trick Room
|upkeep
|turn|6
|
|t:|1750772961
|move|p1a: Koraidon|Close Combat|p2a: Calyrex
|-damage|p2a: Calyrex|21/100
|-unboost|p1a: Koraidon|def|1
|-unboost|p1a: Koraidon|spd|1
|move|p1b: Brute Bonnet|Seed Bomb|p2a: Calyrex
|-supereffective|p2a: Calyrex
|-damage|p2a: Calyrex|0 fnt
|faint|p2a: Calyrex
|move|p2b: Oranguru|Trick Room|p2b: Oranguru
|-fieldstart|move: Trick Room|[of] p2b: Oranguru
|
|-end|p1b: Brute Bonnet|move: Taunt
|upkeep
|
|t:|1750772965
|switch|p2a: Regidrago|Regidrago, L50|100/100
|turn|7
|
|t:|1750772985
|switch|p1a: Zamazenta|Zamazenta-Crowned, L50|73/100
|move|p2a: Regidrago|Dragon Energy|p1b: Brute Bonnet|[spread] p1a,p1b
|-resisted|p1a: Zamazenta
|-damage|p1a: Zamazenta|44/100
|-damage|p1b: Brute Bonnet|0 fnt
|faint|p1b: Brute Bonnet
|-end|p1b: Brute Bonnet|Protosynthesis|[silent]
|move|p2b: Oranguru|Instruct|p2a: Regidrago
|-singleturn|p2a: Regidrago|move: Instruct|[of] p2b: Oranguru
|move|p2a: Regidrago|Dragon Energy|p1a: Zamazenta
|-resisted|p1a: Zamazenta
|-damage|p1a: Zamazenta|8/100
|
|upkeep
|
|t:|1750772998
|switch|p1b: Flutter Mane|Flutter Mane, L50|100/100
|turn|8
|
|t:|1750773013
|move|p1a: Zamazenta|Wide Guard|p1a: Zamazenta
|-singleturn|p1a: Zamazenta|Wide Guard
|move|p2a: Regidrago|Earth Power|p1a: Zamazenta
|-supereffective|p1a: Zamazenta
|-damage|p1a: Zamazenta|0 fnt
|faint|p1a: Zamazenta
|move|p2b: Oranguru|Instruct|p2a: Regidrago
|-singleturn|p2a: Regidrago|move: Instruct|[of] p2b: Oranguru
|move|p2a: Regidrago|Earth Power|p1b: Flutter Mane
|-damage|p1b: Flutter Mane|73/100
|move|p1b: Flutter Mane|Perish Song|p1b: Flutter Mane
|-start|p1b: Flutter Mane|perish3|[silent]
|-start|p2a: Regidrago|perish3|[silent]
|-start|p2b: Oranguru|perish3|[silent]
|-fieldactivate|move: Perish Song
|
|-start|p2a: Regidrago|perish3
|-start|p2b: Oranguru|perish3
|-start|p1b: Flutter Mane|perish3
|upkeep
|
|t:|1750773031
|switch|p1a: Koraidon|Koraidon, L50|70/100
|-weather|SunnyDay|[from] ability: Orichalcum Pulse|[of] p1a: Koraidon
|-activate|p1b: Flutter Mane|ability: Protosynthesis
|-start|p1b: Flutter Mane|protosynthesisspe
|-activate|p1a: Koraidon|Orichalcum Pulse|[source]
|turn|9
|
|t:|1750773046
|move|p1a: Koraidon|Protect|p1a: Koraidon
|-singleturn|p1a: Koraidon|Protect
|move|p2a: Regidrago|Dragon Energy|p1a: Koraidon|[spread] 
|-activate|p1a: Koraidon|move: Protect
|-immune|p1b: Flutter Mane
|move|p2b: Oranguru|Instruct|p2a: Regidrago
|-singleturn|p2a: Regidrago|move: Instruct|[of] p2b: Oranguru
|move|p2a: Regidrago|Dragon Energy|p1b: Flutter Mane|[spread] 
|-activate|p1a: Koraidon|move: Protect
|-immune|p1b: Flutter Mane
|move|p1b: Flutter Mane|Moonblast|p2a: Regidrago
|-supereffective|p2a: Regidrago
|-damage|p2a: Regidrago|9/100
|-unboost|p2a: Regidrago|spa|1
|
|-weather|SunnyDay|[upkeep]
|-start|p2a: Regidrago|perish2
|-start|p2b: Oranguru|perish2
|-start|p1b: Flutter Mane|perish2
|upkeep
|turn|10
|inactive|fou jedi jedi has 30 seconds left.
|
|t:|1750773075
|move|p1a: Koraidon|Protect||[still]
|-fail|p1a: Koraidon
|move|p2a: Regidrago|Earth Power|p1b: Flutter Mane
|-damage|p1b: Flutter Mane|55/100
|move|p2b: Oranguru|Instruct|p2a: Regidrago
|-singleturn|p2a: Regidrago|move: Instruct|[of] p2b: Oranguru
|move|p2a: Regidrago|Earth Power|p1b: Flutter Mane
|-damage|p1b: Flutter Mane|36/100
|-unboost|p1b: Flutter Mane|spd|1
|move|p1b: Flutter Mane|Icy Wind|p2a: Regidrago|[spread] p2a,p2b
|-supereffective|p2a: Regidrago
|-damage|p2a: Regidrago|0 fnt
|-damage|p2b: Oranguru|90/100
|-unboost|p2b: Oranguru|spe|1
|faint|p2a: Regidrago
|
|-weather|SunnyDay|[upkeep]
|-start|p2b: Oranguru|perish1
|-start|p1b: Flutter Mane|perish1
|-fieldend|move: Trick Room
|upkeep
|turn|11
|-message|jaffro1738 forfeited.
|
|win|fou jedi jedi
|raw|fou jedi jedi's rating: 1295 &rarr; <strong>1323</strong><br />(+28 for winning)
|raw|jaffro1738's rating: 1337 &rarr; <strong>1315</strong><br />(-22 for losing)
|l|☆jaffro1738
|player|p2|
|l|☆fou jedi jedi
|player|p1|
