|j|☆004B
|j|☆something123
|t:|1750740567
|gametype|doubles
|player|p1|004B|ghetsis|1628
|player|p2|something123|102|1732
|teamsize|p1|6
|teamsize|p2|6
|gen|9
|tier|[Gen 9] VGC 2025 Reg I
|rated|
|rule|Species Clause: Limit one of each Pokémon
|rule|Item Clause: Limit 1 of each item
|clearpoke
|poke|p1|Miraidon, L50|
|poke|p1|Landorus, L50, M|
|poke|p1|Tornadus, L50, M|
|poke|p1|Farigiraf, L50, M|
|poke|p1|Conkeldurr, L50, F|
|poke|p1|Calyrex-Ice, L50|
|poke|p2|Calyrex-Ice, L50|
|poke|p2|Kyogre, L50|
|poke|p2|Iron Jugulis, L50|
|poke|p2|Urshifu-*, L50, M|
|poke|p2|Rhyperior, L50, F|
|poke|p2|Amoonguss, L50, F|
|teampreview|4
|inactive|Battle timer is ON: inactive players will automatically lose when time's up. (requested by 004B)
|
|t:|1750740620
|start
|switch|p1a: Zekrom-|Miraidon, L50|100/100
|switch|p1b: Calyrex|Calyrex-Ice, L50|100/100
|switch|p2a: Kyogre|Kyogre, L50|100/100
|switch|p2b: Iron Jugulis|Iron Jugulis, L50|100/100
|-ability|p1b: Calyrex|As One
|-ability|p1b: Calyrex|Unnerve
|-fieldstart|move: Electric Terrain|[from] ability: Hadron Engine|[of] p1a: Zekrom-
|-activate|p2b: Iron Jugulis|ability: Quark Drive
|-start|p2b: Iron Jugulis|quarkdrivespe
|-weather|RainDance|[from] ability: Drizzle|[of] p2a: Kyogre
|turn|1
|inactive|004B has 30 seconds left.
|inactive|something123 has 30 seconds left.
|inactive|004B has 20 seconds left.
|
|t:|1750740659
|-terastallize|p2b: Iron Jugulis|Fire
|-terastallize|p1b: Calyrex|Water
|move|p1a: Zekrom-|Draco Meteor|p2a: Kyogre
|-damage|p2a: Kyogre|31/100
|-unboost|p1a: Zekrom-|spa|2
|move|p2b: Iron Jugulis|Tailwind|p2b: Iron Jugulis
|-sidestart|p2: something123|move: Tailwind
|move|p2a: Kyogre|Water Spout|p1b: Calyrex|[spread] p1a,p1b
|-resisted|p1a: Zekrom-
|-resisted|p1b: Calyrex
|-damage|p1a: Zekrom-|82/100
|-damage|p1b: Calyrex|86/100
|move|p1b: Calyrex|Trick Room|p1b: Calyrex
|-fieldstart|move: Trick Room|[of] p1b: Calyrex
|
|-weather|RainDance|[upkeep]
|upkeep
|turn|2
|j| Lavenderawa
|inactive|004B has 30 seconds left.
|inactive|something123 has 30 seconds left.
|inactive|004B has 20 seconds left.
|inactive|004B has 15 seconds left.
|
|t:|1750740701
|switch|p2a: Urshifu|Urshifu-Rapid-Strike, L50, M|100/100
|switch|p1a: Young Man|Landorus, L50, M|100/100
|move|p1b: Calyrex|High Horsepower|p2a: Urshifu
|-damage|p2a: Urshifu|63/100
|move|p2b: Iron Jugulis|Hurricane|p1a: Young Man
|-damage|p1a: Young Man|47/100
|
|-weather|RainDance|[upkeep]
|upkeep
|turn|3
|inactive|004B has 30 seconds left.
|
|t:|1750740727
|switch|p1a: Zekrom-|Miraidon, L50|82/100
|-activate|p1a: Zekrom-|ability: Hadron Engine
|move|p2a: Urshifu|Aqua Jet|p1a: Zekrom-
|-resisted|p1a: Zekrom-
|-damage|p1a: Zekrom-|60/100
|move|p1b: Calyrex|High Horsepower|p2b: Iron Jugulis
|-supereffective|p2b: Iron Jugulis
|-damage|p2b: Iron Jugulis|13/100
|move|p2b: Iron Jugulis|Hurricane|p1b: Calyrex
|-damage|p1b: Calyrex|57/100
|
|-weather|RainDance|[upkeep]
|upkeep
|turn|4
|inactive|something123 has 30 seconds left.
|inactive|something123 has 20 seconds left.
|inactive|something123 has 15 seconds left.
|
|t:|1750740768
|switch|p2a: Kyogre|Kyogre, L50|31/100
|move|p1b: Calyrex|Glacial Lance|p2b: Iron Jugulis|[spread] p2a,p2b
|-resisted|p2a: Kyogre
|-resisted|p2b: Iron Jugulis
|-damage|p2a: Kyogre|2/100
|-damage|p2b: Iron Jugulis|0 fnt
|faint|p2b: Iron Jugulis
|-end|p2b: Iron Jugulis|Quark Drive|[silent]
|-ability|p1b: Calyrex|Chilling Neigh|boost
|-boost|p1b: Calyrex|atk|1
|move|p1a: Zekrom-|Volt Switch|p2a: Kyogre
|-supereffective|p2a: Kyogre
|-damage|p2a: Kyogre|0 fnt
|faint|p2a: Kyogre
|j| MARGARETVGC
|
|t:|1750740783
|switch|p1a: Macho Man|Tornadus, L50, M|100/100|[from] Volt Switch
|
|-weather|RainDance|[upkeep]
|-sideend|p2: something123|move: Tailwind
|upkeep
|
|t:|1750740786
|switch|p2a: Rhyperior|Rhyperior, L50, F|100/100
|switch|p2b: Urshifu|Urshifu-Rapid-Strike, L50, M|63/100
|turn|5
|inactive|something123 has 30 seconds left.
|inactive|something123 has 20 seconds left.
|
|t:|1750740822
|move|p2b: Urshifu|Aqua Jet|p1a: Macho Man
|-damage|p1a: Macho Man|27/100
|move|p2a: Rhyperior|Rock Slide|p1a: Macho Man|[spread] p1a,p1b
|-supereffective|p1a: Macho Man
|-damage|p1a: Macho Man|0 fnt
|-damage|p1b: Calyrex|35/100
|faint|p1a: Macho Man
|cant|p1b: Calyrex|flinch
|
|-weather|none
|-fieldend|move: Trick Room
|-fieldend|move: Electric Terrain
|upkeep
|
|t:|1750740835
|switch|p1a: Zekrom-|Miraidon, L50|60/100
|-fieldstart|move: Electric Terrain|[from] ability: Hadron Engine|[of] p1a: Zekrom-
|turn|6
|
|t:|1750740846
|move|p2b: Urshifu|Aqua Jet|p1b: Calyrex
|-resisted|p1b: Calyrex
|-damage|p1b: Calyrex|24/100
|move|p1a: Zekrom-|Draco Meteor|p2b: Urshifu
|-damage|p2b: Urshifu|0 fnt
|-unboost|p1a: Zekrom-|spa|2
|faint|p2b: Urshifu
|move|p1b: Calyrex|Glacial Lance|p2a: Rhyperior
|-supereffective|p2a: Rhyperior
|-damage|p2a: Rhyperior|0 fnt
|faint|p2a: Rhyperior
|
|win|004B
|raw|004B's rating: 1628 &rarr; <strong>1654</strong><br />(+26 for winning)
|raw|something123's rating: 1732 &rarr; <strong>1706</strong><br />(-26 for losing)
|l|☆something123
|player|p2|
|l| Lavenderawa
|l|☆004B
|player|p1|
|l| MARGARETVGC
