|j|☆Qaiseasy
|j|☆Chillgodzilla
|t:|1750830075
|gametype|doubles
|player|p1|Qaiseasy|265|1119
|player|p2|Chillgodzilla|102|1189
|teamsize|p1|6
|teamsize|p2|6
|gen|9
|tier|[Gen 9] VGC 2025 Reg I
|rated|
|rule|Species Clause: Limit one of each Pokémon
|rule|Item Clause: Limit 1 of each item
|clearpoke
|poke|p1|Lunala, L50|
|poke|p1|Miraidon, L50|
|poke|p1|Incineroar, L50, F|
|poke|p1|Urshifu-*, L50, F|
|poke|p1|Grimmsnarl, L50, M|
|poke|p1|Pelipper, L50, F|
|poke|p2|Kingambit, L50, F|
|poke|p2|Gholdengo, L50|
|poke|p2|Incineroar, L50, F|
|poke|p2|Rillaboom, L50, F|
|poke|p2|Zacian-*, L50|
|poke|p2|Urshifu-*, L50, F|
|teampreview|4
|
|t:|1750830101
|start
|switch|p1a: Incineroar|Incineroar, L50, F, shiny|100/100
|switch|p1b: Lunala|Lunala, L50, shiny|100/100
|switch|p2a: Incineroar|Incineroar, L50, F|100/100
|switch|p2b: Kingambit|Kingambit, L50, F|100/100
|-ability|p1a: Incineroar|Intimidate|boost
|-unboost|p2a: Incineroar|atk|1
|-unboost|p2b: Kingambit|atk|1
|-ability|p2b: Kingambit|Defiant|boost
|-boost|p2b: Kingambit|atk|2
|-ability|p2a: Incineroar|Intimidate|boost
|-unboost|p1a: Incineroar|atk|1
|-unboost|p1b: Lunala|atk|1
|turn|1
|inactive|Battle timer is ON: inactive players will automatically lose when time's up. (requested by Qaiseasy)
|
|t:|1750830129
|move|p1a: Incineroar|Fake Out|p2b: Kingambit
|-resisted|p2b: Kingambit
|-damage|p2b: Kingambit|98/100
|-damage|p1a: Incineroar|84/100|[from] item: Rocky Helmet|[of] p2b: Kingambit
|move|p2a: Incineroar|Fake Out|p1a: Incineroar
|-damage|p1a: Incineroar|78/100
|-damage|p2a: Incineroar|84/100|[from] item: Rocky Helmet|[of] p1a: Incineroar
|cant|p2b: Kingambit|flinch
|move|p1b: Lunala|Moonblast|p2a: Incineroar
|-damage|p2a: Incineroar|57/100
|-unboost|p2a: Incineroar|spa|1
|
|upkeep
|turn|2
|inactive|Qaiseasy has 30 seconds left.
|inactive|Chillgodzilla has 30 seconds left.
|inactive|Chillgodzilla has 20 seconds left.
|
|t:|1750830166
|-terastallize|p1b: Lunala|Fairy
|move|p2b: Kingambit|Sucker Punch|p1b: Lunala
|-resisted|p1b: Lunala
|-damage|p1b: Lunala|89/100
|move|p1b: Lunala|Moonblast|p2a: Incineroar
|-damage|p2a: Incineroar|17/100
|move|p1a: Incineroar|Parting Shot|p2b: Kingambit
|-unboost|p2b: Kingambit|atk|1
|-ability|p2b: Kingambit|Defiant|boost
|-boost|p2b: Kingambit|atk|2
|-unboost|p2b: Kingambit|spa|1
|-ability|p2b: Kingambit|Defiant|boost
|-boost|p2b: Kingambit|atk|2
|
|t:|1750830182
|switch|p1a: Urshifu|Urshifu-Rapid-Strike, L50, F|100/100|[from] Parting Shot
|move|p2a: Incineroar|Knock Off|p1a: Urshifu
|-resisted|p1a: Urshifu
|-damage|p1a: Urshifu|88/100
|-enditem|p1a: Urshifu|Choice Scarf|[from] move: Knock Off|[of] p2a: Incineroar
|
|upkeep
|turn|3
|
|t:|1750830200
|move|p2b: Kingambit|Protect|p2b: Kingambit
|-singleturn|p2b: Kingambit|Protect
|move|p1a: Urshifu|Close Combat|p2b: Kingambit
|-supereffective|p2b: Kingambit
|-damage|p2b: Kingambit|0 fnt
|-unboost|p1a: Urshifu|def|1
|-unboost|p1a: Urshifu|spd|1
|-damage|p1a: Urshifu|71/100|[from] item: Rocky Helmet|[of] p2b: Kingambit
|faint|p2b: Kingambit
|move|p1b: Lunala|Moonblast|p2a: Incineroar
|-damage|p2a: Incineroar|0 fnt
|faint|p2a: Incineroar
|
|upkeep
|
|t:|1750830213
|switch|p2a: Rillaboom|Rillaboom, L50, F|100/100
|switch|p2b: Zacian|Zacian-Crowned, L50|100/100
|-ability|p2b: Zacian|Intrepid Sword|boost
|-boost|p2b: Zacian|atk|1
|-fieldstart|move: Grassy Terrain|[from] ability: Grassy Surge|[of] p2a: Rillaboom
|turn|4
|
|t:|1750830237
|move|p1a: Urshifu|Protect|p1a: Urshifu
|-singleturn|p1a: Urshifu|Protect
|move|p2a: Rillaboom|Grassy Glide|p1a: Urshifu
|-activate|p1a: Urshifu|move: Protect
|move|p2b: Zacian|Play Rough|p1b: Lunala
|-damage|p1b: Lunala|18/100
|move|p1b: Lunala|Moongeist Beam|p2a: Rillaboom
|-damage|p2a: Rillaboom|63/100
|
|-heal|p1a: Urshifu|77/100|[from] Grassy Terrain
|-heal|p1b: Lunala|24/100|[from] Grassy Terrain
|-heal|p2a: Rillaboom|69/100|[from] Grassy Terrain
|upkeep
|turn|5
|inactive|Qaiseasy has 30 seconds left.
|
|t:|1750830266
|switch|p1a: Incineroar|Incineroar, L50, F, shiny|78/100
|-ability|p1a: Incineroar|Intimidate|boost
|-unboost|p2a: Rillaboom|atk|1
|-unboost|p2b: Zacian|atk|1
|move|p2a: Rillaboom|Grassy Glide|p1a: Incineroar
|-resisted|p1a: Incineroar
|-damage|p1a: Incineroar|71/100
|-damage|p2a: Rillaboom|52/100|[from] item: Rocky Helmet|[of] p1a: Incineroar
|move|p2b: Zacian|Play Rough|p1b: Lunala
|-damage|p1b: Lunala|0 fnt
|faint|p1b: Lunala
|
|-heal|p2a: Rillaboom|58/100|[from] Grassy Terrain
|-heal|p1a: Incineroar|77/100|[from] Grassy Terrain
|upkeep
|
|t:|1750830283
|switch|p1b: Urshifu|Urshifu-Rapid-Strike, L50, F|77/100
|turn|6
|
|t:|1750830303
|-terastallize|p2b: Zacian|Dragon
|move|p1a: Incineroar|Fake Out|p2a: Rillaboom
|-damage|p2a: Rillaboom|50/100
|cant|p2a: Rillaboom|flinch
|move|p2b: Zacian|Substitute|p2b: Zacian
|-start|p2b: Zacian|Substitute
|-damage|p2b: Zacian|75/100
|move|p1b: Urshifu|Surging Strikes|p2b: Zacian
|-resisted|p2b: Zacian
|-crit|p2b: Zacian
|-activate|p2b: Zacian|move: Substitute|[damage]
|-resisted|p2b: Zacian
|-crit|p2b: Zacian
|-activate|p2b: Zacian|move: Substitute|[damage]
|-resisted|p2b: Zacian
|-crit|p2b: Zacian
|-end|p2b: Zacian|Substitute
|-hitcount|p2b: Zacian|3
|
|-heal|p2b: Zacian|81/100|[from] Grassy Terrain
|-heal|p1b: Urshifu|83/100|[from] Grassy Terrain
|-heal|p2a: Rillaboom|56/100|[from] Grassy Terrain
|-heal|p1a: Incineroar|83/100|[from] Grassy Terrain
|upkeep
|turn|7
|inactive|Qaiseasy has 30 seconds left.
|
|t:|1750830334
|switch|p1b: Pelipper|Pelipper, L50, F|100/100
|-weather|RainDance|[from] ability: Drizzle|[of] p1b: Pelipper
|move|p2a: Rillaboom|Grassy Glide|p1b: Pelipper
|-damage|p1b: Pelipper|72/100
|move|p2b: Zacian|Sacred Sword|p1a: Incineroar
|-supereffective|p1a: Incineroar
|-damage|p1a: Incineroar|26/100
|-damage|p2b: Zacian|65/100|[from] item: Rocky Helmet|[of] p1a: Incineroar
|move|p1a: Incineroar|Parting Shot|p2b: Zacian
|-unboost|p2b: Zacian|atk|1
|-unboost|p2b: Zacian|spa|1
|
|t:|1750830348
|switch|p1a: Urshifu|Urshifu-Rapid-Strike, L50, F|83/100|[from] Parting Shot
|
|-weather|RainDance|[upkeep]
|-heal|p2b: Zacian|71/100|[from] Grassy Terrain
|-heal|p1a: Urshifu|88/100|[from] Grassy Terrain
|-heal|p2a: Rillaboom|61/100|[from] Grassy Terrain
|upkeep
|turn|8
|
|t:|1750830371
|switch|p1b: Incineroar|Incineroar, L50, F, shiny|26/100
|-ability|p1b: Incineroar|Intimidate|boost
|-unboost|p2a: Rillaboom|atk|1
|-unboost|p2b: Zacian|atk|1
|move|p2a: Rillaboom|Grassy Glide|p1a: Urshifu
|-supereffective|p1a: Urshifu
|-damage|p1a: Urshifu|58/100
|move|p2b: Zacian|Play Rough|p1b: Incineroar
|-damage|p1b: Incineroar|3/100
|-damage|p2b: Zacian|54/100|[from] item: Rocky Helmet|[of] p1b: Incineroar
|move|p1a: Urshifu|Close Combat|p2a: Rillaboom
|-damage|p2a: Rillaboom|13/100
|-unboost|p1a: Urshifu|def|1
|-unboost|p1a: Urshifu|spd|1
|
|-weather|RainDance|[upkeep]
|-heal|p2b: Zacian|60/100|[from] Grassy Terrain
|-heal|p1a: Urshifu|63/100|[from] Grassy Terrain
|-heal|p2a: Rillaboom|19/100|[from] Grassy Terrain
|-heal|p1b: Incineroar|9/100|[from] Grassy Terrain
|-fieldend|move: Grassy Terrain
|upkeep
|turn|9
|inactive|Chillgodzilla has 30 seconds left.
|
|t:|1750830399
|move|p1b: Incineroar|Fake Out|p2b: Zacian
|-damage|p2b: Zacian|49/100
|move|p1a: Urshifu|Aqua Jet|p2a: Rillaboom
|-resisted|p2a: Rillaboom
|-damage|p2a: Rillaboom|5/100
|cant|p2b: Zacian|flinch
|move|p2a: Rillaboom|Grassy Glide|p1a: Urshifu
|-supereffective|p1a: Urshifu
|-damage|p1a: Urshifu|29/100
|
|-weather|RainDance|[upkeep]
|upkeep
|turn|10
|inactive|Qaiseasy has 30 seconds left.
|inactive|Chillgodzilla has 30 seconds left.
|
|t:|1750830434
|switch|p1b: Pelipper|Pelipper, L50, F|72/100
|move|p1a: Urshifu|Aqua Jet|p2a: Rillaboom
|-resisted|p2a: Rillaboom
|-damage|p2a: Rillaboom|0 fnt
|faint|p2a: Rillaboom
|move|p2b: Zacian|Sacred Sword|p1b: Pelipper
|-resisted|p1b: Pelipper
|-damage|p1b: Pelipper|59/100
|
|-weather|RainDance|[upkeep]
|upkeep
|turn|11
|-message|Chillgodzilla forfeited.
|
|win|Qaiseasy
|raw|Qaiseasy's rating: 1119 &rarr; <strong>1149</strong><br />(+30 for winning)
|raw|Chillgodzilla's rating: 1189 &rarr; <strong>1159</strong><br />(-30 for losing)
|l|☆Chillgodzilla
|player|p2|
|l|☆Qaiseasy
|player|p1|
