|j|☆dst020530
|j|☆sustickets
|t:|1750864313
|gametype|doubles
|player|p1|dst020530|170|1340
|player|p2|sustickets|2|1411
|teamsize|p1|6
|teamsize|p2|6
|gen|9
|tier|[Gen 9] VGC 2025 Reg I
|rated|
|rule|Species Clause: Limit one of each Pokémon
|rule|Item Clause: Limit 1 of each item
|clearpoke
|poke|p1|Calyrex-Ice, L50|
|poke|p1|Miraidon, L50|
|poke|p1|Grimmsnarl, L50, M|
|poke|p1|Incineroar, L50, M|
|poke|p1|Landorus, L50, M|
|poke|p1|Urshifu-*, L50, M|
|poke|p2|Terapagos, L50, M|
|poke|p2|Incineroar, L50, F|
|poke|p2|Miraidon, L50|
|poke|p2|Farigiraf, L50, M|
|poke|p2|Dragapult, L50, M|
|poke|p2|Rillaboom, L50, F|
|teampreview|4
|
|t:|1750864340
|start
|switch|p1a: Calyrex|Calyrex-Ice, L50|100/100
|switch|p1b: Grimmsnarl|Grimmsnarl, L50, M|100/100
|switch|p2a: Dragapult|Dragapult, L50, M|100/100
|switch|p2b: Miraidon|Miraidon, L50|100/100
|-ability|p1a: Calyrex|As One
|-ability|p1a: Calyrex|Unnerve
|-fieldstart|move: Electric Terrain|[from] ability: Hadron Engine|[of] p2b: Miraidon
|turn|1
|
|t:|1750864359
|switch|p2b: Incineroar|Incineroar, L50, F|100/100
|-ability|p2b: Incineroar|Intimidate|boost
|-unboost|p1a: Calyrex|atk|1
|-unboost|p1b: Grimmsnarl|atk|1
|move|p1a: Calyrex|Protect|p1a: Calyrex
|-singleturn|p1a: Calyrex|Protect
|move|p1b: Grimmsnarl|Light Screen|p1b: Grimmsnarl
|-sidestart|p1: dst020530|move: Light Screen
|move|p2a: Dragapult|Will-O-Wisp|p1a: Calyrex
|-activate|p1a: Calyrex|move: Protect
|
|upkeep
|turn|2
|l|☆dst020530
|player|p1|
|j|☆dst020530
|player|p1|dst020530|170|
|
|t:|1750864413
|switch|p1a: Incineroar|Incineroar, L50, M|100/100
|-ability|p1a: Incineroar|Intimidate|boost
|-fail|p2a: Dragapult|unboost|[from] ability: Clear Body|[of] p2a: Dragapult
|-unboost|p2b: Incineroar|atk|1
|move|p1b: Grimmsnarl|Reflect|p1b: Grimmsnarl
|-sidestart|p1: dst020530|Reflect
|move|p2a: Dragapult|Will-O-Wisp|p1a: Incineroar
|-immune|p1a: Incineroar
|move|p2b: Incineroar|Flare Blitz|p1b: Grimmsnarl
|-damage|p1b: Grimmsnarl|79/100
|-status|p1b: Grimmsnarl|brn
|-damage|p2b: Incineroar|93/100|[from] Recoil
|
|-damage|p1b: Grimmsnarl|73/100 brn|[from] brn
|upkeep
|turn|3
|
|t:|1750864445
|move|p1b: Grimmsnarl|Thunder Wave|p2a: Dragapult
|-status|p2a: Dragapult|par
|move|p2a: Dragapult|Draco Meteor|p1a: Incineroar
|-damage|p1a: Incineroar|81/100
|-unboost|p2a: Dragapult|spa|2
|move|p1a: Incineroar|Knock Off|p2a: Dragapult
|-supereffective|p2a: Dragapult
|-enditem|p2a: Dragapult|Focus Sash
|-damage|p2a: Dragapult|1/100 par
|move|p2b: Incineroar|Parting Shot|p1a: Incineroar
|-unboost|p1a: Incineroar|atk|1
|-unboost|p1a: Incineroar|spa|1
|
|t:|1750864456
|switch|p2b: Miraidon|Miraidon, L50|100/100|[from] Parting Shot
|-activate|p2b: Miraidon|ability: Hadron Engine
|
|-damage|p1b: Grimmsnarl|67/100 brn|[from] brn
|upkeep
|turn|4
|
|t:|1750864471
|switch|p2a: Incineroar|Incineroar, L50, F|93/100
|-ability|p2a: Incineroar|Intimidate|boost
|-unboost|p1a: Incineroar|atk|1
|-unboost|p1b: Grimmsnarl|atk|1
|move|p2b: Miraidon|Electro Drift|p1a: Incineroar
|-damage|p1a: Incineroar|43/100
|move|p1b: Grimmsnarl|Foul Play|p2a: Incineroar
|-resisted|p2a: Incineroar
|-damage|p2a: Incineroar|85/100
|move|p1a: Incineroar|U-turn|p2b: Miraidon
|-damage|p2b: Miraidon|91/100
|
|t:|1750864487
|switch|p1a: Calyrex|Calyrex-Ice, L50|100/100|[from] U-turn
|-ability|p1a: Calyrex|As One
|-ability|p1a: Calyrex|Unnerve
|
|-damage|p1b: Grimmsnarl|61/100 brn|[from] brn
|upkeep
|turn|5
|
|t:|1750864512
|switch|p1b: Incineroar|Incineroar, L50, M|43/100
|-ability|p1b: Incineroar|Intimidate|boost
|-unboost|p2a: Incineroar|atk|1
|-unboost|p2b: Miraidon|atk|1
|-terastallize|p2b: Miraidon|Electric
|move|p1a: Calyrex|Protect|p1a: Calyrex
|-singleturn|p1a: Calyrex|Protect
|move|p2a: Incineroar|Fake Out|p1a: Calyrex
|-activate|p1a: Calyrex|move: Protect
|move|p2b: Miraidon|Electro Drift|p1a: Calyrex
|-activate|p1a: Calyrex|move: Protect
|
|-fieldend|move: Electric Terrain
|upkeep
|turn|6
|
|t:|1750864541
|switch|p2b: Rillaboom|Rillaboom, L50, F|100/100
|-fieldstart|move: Grassy Terrain|[from] ability: Grassy Surge|[of] p2b: Rillaboom
|move|p1b: Incineroar|Fake Out|p2b: Rillaboom
|-damage|p2b: Rillaboom|90/100
|move|p1a: Calyrex|Leech Seed|p2a: Incineroar
|-start|p2a: Incineroar|move: Leech Seed
|move|p2a: Incineroar|Flare Blitz|p1a: Calyrex
|-supereffective|p1a: Calyrex
|-damage|p1a: Calyrex|77/100
|-damage|p2a: Incineroar|77/100|[from] Recoil
|
|-heal|p2b: Rillaboom|96/100|[from] Grassy Terrain
|-heal|p1b: Incineroar|49/100|[from] Grassy Terrain
|-heal|p1a: Calyrex|83/100|[from] Grassy Terrain
|-heal|p1a: Calyrex|88/100|[from] item: Leftovers
|-heal|p2a: Incineroar|83/100|[from] Grassy Terrain
|-damage|p2a: Incineroar|71/100|[from] Leech Seed|[of] p1a: Calyrex
|-heal|p1a: Calyrex|100/100|[silent]
|upkeep
|turn|7
|l|☆dst020530
|player|p1|
|j|☆dst020530
|player|p1|dst020530|170|
|
|t:|1750864582
|move|p1a: Calyrex|Protect|p1a: Calyrex
|-singleturn|p1a: Calyrex|Protect
|move|p2b: Rillaboom|Wood Hammer|p1a: Calyrex
|-activate|p1a: Calyrex|move: Protect
|move|p1b: Incineroar|Flare Blitz|p2b: Rillaboom
|-supereffective|p2b: Rillaboom
|-damage|p2b: Rillaboom|8/100
|-damage|p1b: Incineroar|19/100|[from] Recoil
|move|p2a: Incineroar|Parting Shot|p1a: Calyrex
|-activate|p1a: Calyrex|move: Protect
|
|-heal|p2b: Rillaboom|14/100|[from] Grassy Terrain
|-heal|p1b: Incineroar|25/100|[from] Grassy Terrain
|-heal|p2a: Incineroar|77/100|[from] Grassy Terrain
|-damage|p2a: Incineroar|64/100|[from] Leech Seed|[of] p1a: Calyrex
|upkeep
|turn|8
|
|t:|1750864611
|switch|p1b: Grimmsnarl|Grimmsnarl, L50, M|61/100 brn
|move|p2b: Rillaboom|Wood Hammer|p1b: Grimmsnarl
|-damage|p1b: Grimmsnarl|5/100 brn
|-damage|p2b: Rillaboom|0 fnt|[from] Recoil
|faint|p2b: Rillaboom
|move|p1a: Calyrex|Glacial Lance|p2a: Incineroar
|-resisted|p2a: Incineroar
|-damage|p2a: Incineroar|34/100
|move|p2a: Incineroar|Knock Off|p1a: Calyrex
|-supereffective|p1a: Calyrex
|-damage|p1a: Calyrex|81/100
|-enditem|p1a: Calyrex|Leftovers|[from] move: Knock Off|[of] p2a: Incineroar
|
|-heal|p1b: Grimmsnarl|11/100 brn|[from] Grassy Terrain
|-heal|p1a: Calyrex|87/100|[from] Grassy Terrain
|-heal|p2a: Incineroar|40/100|[from] Grassy Terrain
|-damage|p2a: Incineroar|28/100|[from] Leech Seed|[of] p1a: Calyrex
|-heal|p1a: Calyrex|99/100|[silent]
|-damage|p1b: Grimmsnarl|5/100 brn|[from] brn
|-sideend|p1: dst020530|move: Light Screen
|upkeep
|
|t:|1750864653
|switch|p2b: Dragapult|Dragapult, L50, M|1/100 par
|turn|9
|
|t:|1750864667
|move|p1b: Grimmsnarl|Light Screen|p1b: Grimmsnarl
|-sidestart|p1: dst020530|move: Light Screen
|move|p2b: Dragapult|Draco Meteor|p1a: Calyrex
|-damage|p1a: Calyrex|78/100
|-unboost|p2b: Dragapult|spa|2
|move|p2a: Incineroar|Parting Shot|p1b: Grimmsnarl
|-unboost|p1b: Grimmsnarl|atk|1
|-unboost|p1b: Grimmsnarl|spa|1
|
|t:|1750864674
|switch|p2a: Miraidon|Miraidon, L50, tera:Electric|91/100|[from] Parting Shot
|-fieldstart|move: Electric Terrain|[from] ability: Hadron Engine|[of] p2a: Miraidon
|move|p1a: Calyrex|Trick Room|p1a: Calyrex
|-fieldstart|move: Trick Room|[of] p1a: Calyrex
|
|-damage|p1b: Grimmsnarl|0 fnt|[from] brn
|faint|p1b: Grimmsnarl
|-sideend|p1: dst020530|Reflect
|upkeep
|
|t:|1750864686
|switch|p1b: Incineroar|Incineroar, L50, M|25/100
|-ability|p1b: Incineroar|Intimidate|boost
|-unboost|p2a: Miraidon|atk|1
|-fail|p2b: Dragapult|unboost|[from] ability: Clear Body|[of] p2b: Dragapult
|turn|10
|
|t:|1750864694
|switch|p2a: Incineroar|Incineroar, L50, F|28/100
|-ability|p2a: Incineroar|Intimidate|boost
|-unboost|p1a: Calyrex|atk|1
|-unboost|p1b: Incineroar|atk|1
|move|p1b: Incineroar|Fake Out|p2a: Incineroar
|-damage|p2a: Incineroar|21/100
|move|p1a: Calyrex|Glacial Lance|p2a: Incineroar|[spread] p2a,p2b
|-resisted|p2a: Incineroar
|-supereffective|p2b: Dragapult
|-damage|p2a: Incineroar|7/100
|-damage|p2b: Dragapult|0 fnt
|faint|p2b: Dragapult
|-ability|p1a: Calyrex|Chilling Neigh|boost
|-boost|p1a: Calyrex|atk|1
|
|upkeep
|
|t:|1750864702
|switch|p2b: Miraidon|Miraidon, L50, tera:Electric|91/100
|-activate|p2b: Miraidon|ability: Hadron Engine
|turn|11
|
|t:|1750864724
|move|p1a: Calyrex|Protect|p1a: Calyrex
|-singleturn|p1a: Calyrex|Protect
|move|p2a: Incineroar|Fake Out|p1a: Calyrex
|-activate|p1a: Calyrex|move: Protect
|move|p1b: Incineroar|Knock Off|p2b: Miraidon
|-damage|p2b: Miraidon|70/100
|-enditem|p2b: Miraidon|Choice Scarf|[from] move: Knock Off|[of] p1b: Incineroar
|move|p2b: Miraidon|Dazzling Gleam|p1a: Calyrex|[spread] p1b
|-activate|p1a: Calyrex|move: Protect
|-damage|p1b: Incineroar|14/100
|
|upkeep
|turn|12
|-message|sustickets forfeited.
|
|win|dst020530
|raw|dst020530's rating: 1340 &rarr; <strong>1364</strong><br />(+24 for winning)
|raw|sustickets's rating: 1411 &rarr; <strong>1387</strong><br />(-24 for losing)
|l|☆sustickets
|player|p2|
|l|☆dst020530
|player|p1|
