|j|☆islanding
|j|☆vvictooor__
|t:|1750846741
|gametype|doubles
|player|p1|islanding|1|1153
|player|p2|vvictooor__|2|1132
|teamsize|p1|6
|teamsize|p2|6
|gen|9
|tier|[Gen 9] VGC 2025 Reg I
|rated|
|rule|Species Clause: Limit one of each Pokémon
|rule|Item Clause: Limit 1 of each item
|clearpoke
|poke|p1|Miraidon, L50|
|poke|p1|Urshifu-*, L50, F|
|poke|p1|Incineroar, L50, F|
|poke|p1|Whimsicott, L50, F|
|poke|p1|Zamazenta-*, L50|
|poke|p1|Volcarona, L50, M|
|poke|p2|Iron Crown, L50|
|poke|p2|Porygon2, L50|
|poke|p2|Calyrex-Ice, L50|
|poke|p2|Wyrdeer, L50, F|
|poke|p2|Hatterene, L50, F|
|poke|p2|Indeedee-F, L50, F|
|teampreview|4
|inactive|Battle timer is ON: inactive players will automatically lose when time's up. (requested by islanding)
|inactive|vvictooor__ has 60 seconds left.
|
|t:|1750846778
|start
|switch|p1a: Incineroar|Incineroar, L50, F|100/100
|switch|p1b: Miraidon|Miraidon, L50|100/100
|switch|p2a: Calyrex|Calyrex-Ice, L50|100/100
|switch|p2b: Indeedee|Indeedee-F, L50, F|100/100
|-ability|p2a: Calyrex|As One
|-ability|p2a: Calyrex|Unnerve
|-fieldstart|move: Electric Terrain|[from] ability: Hadron Engine|[of] p1b: Miraidon
|-fieldstart|move: Psychic Terrain|[from] ability: Psychic Surge|[of] p2b: Indeedee
|-ability|p1a: Incineroar|Intimidate|boost
|-unboost|p2a: Calyrex|atk|1
|-unboost|p2b: Indeedee|atk|1
|turn|1
|
|t:|1750846801
|switch|p2a: Wyrdeer|Wyrdeer, L50, F|100/100
|-ability|p2a: Wyrdeer|Intimidate|boost
|-unboost|p1a: Incineroar|atk|1
|-unboost|p1b: Miraidon|atk|1
|move|p2b: Indeedee|Protect|p2b: Indeedee
|-singleturn|p2b: Indeedee|Protect
|move|p1b: Miraidon|Electro Drift|p2b: Indeedee
|-activate|p2b: Indeedee|move: Protect
|move|p1a: Incineroar|Flare Blitz|p2b: Indeedee
|-activate|p2b: Indeedee|move: Protect
|
|upkeep
|turn|2
|
|t:|1750846819
|move|p2b: Indeedee|Follow Me|p2b: Indeedee
|-singleturn|p2b: Indeedee|move: Follow Me
|move|p1b: Miraidon|Electro Drift|p2b: Indeedee
|-damage|p2b: Indeedee|34/100
|move|p1a: Incineroar|Flare Blitz|p2b: Indeedee
|-damage|p2b: Indeedee|0 fnt
|faint|p2b: Indeedee
|-damage|p1a: Incineroar|91/100|[from] Recoil
|move|p2a: Wyrdeer|Trick Room|p2a: Wyrdeer
|-fieldstart|move: Trick Room|[of] p2a: Wyrdeer
|
|upkeep
|
|t:|1750846828
|switch|p2b: Calyrex|Calyrex-Ice, L50|100/100
|-ability|p2b: Calyrex|As One
|-ability|p2b: Calyrex|Unnerve
|turn|3
|
|t:|1750846844
|switch|p1b: Zamazenta|Zamazenta-Crowned, L50|100/100
|-ability|p1b: Zamazenta|Dauntless Shield|boost
|-boost|p1b: Zamazenta|def|1
|move|p2a: Wyrdeer|Helping Hand|p2b: Calyrex
|-singleturn|p2b: Calyrex|Helping Hand|[of] p2a: Wyrdeer
|move|p2b: Calyrex|High Horsepower|p1a: Incineroar
|-supereffective|p1a: Incineroar
|-damage|p1a: Incineroar|22/100
|move|p1a: Incineroar|Parting Shot|p2b: Calyrex
|-unboost|p2b: Calyrex|atk|1
|-unboost|p2b: Calyrex|spa|1
|
|t:|1750846857
|switch|p1a: Urshifu|Urshifu, L50, F|100/100|[from] Parting Shot
|
|upkeep
|turn|4
|
|t:|1750846865
|move|p2b: Calyrex|Protect|p2b: Calyrex
|-singleturn|p2b: Calyrex|Protect
|move|p1b: Zamazenta|Wide Guard|p1b: Zamazenta
|-singleturn|p1b: Zamazenta|Wide Guard
|move|p2a: Wyrdeer|Psyshield Bash|p1b: Zamazenta
|-damage|p1b: Zamazenta|86/100
|-boost|p2a: Wyrdeer|def|1
|move|p1a: Urshifu|Wicked Blow|p2b: Calyrex
|-supereffective|p2b: Calyrex
|-crit|p2b: Calyrex
|-damage|p2b: Calyrex|17/100
|-damage|p1a: Urshifu|91/100|[from] item: Life Orb
|
|-heal|p2b: Calyrex|22/100|[from] item: Leftovers
|upkeep
|turn|5
|
|t:|1750846894
|move|p1a: Urshifu|Detect|p1a: Urshifu
|-singleturn|p1a: Urshifu|Protect
|move|p2b: Calyrex|High Horsepower|p1b: Zamazenta
|-supereffective|p1b: Zamazenta
|-damage|p1b: Zamazenta|65/100
|move|p2a: Wyrdeer|Psyshield Bash|p1b: Zamazenta
|-damage|p1b: Zamazenta|52/100
|-boost|p2a: Wyrdeer|def|1
|move|p1b: Zamazenta|Behemoth Bash|p2b: Calyrex
|-supereffective|p2b: Calyrex
|-damage|p2b: Calyrex|0 fnt
|faint|p2b: Calyrex
|
|upkeep
|
|t:|1750846905
|switch|p2b: Hatterene|Hatterene, L50, F, shiny|100/100
|turn|6
|inactive|islanding has 30 seconds left.
|
|t:|1750846942
|move|p2a: Wyrdeer|Helping Hand|p2b: Hatterene
|-singleturn|p2b: Hatterene|Helping Hand|[of] p2a: Wyrdeer
|move|p2b: Hatterene|Dazzling Gleam|p1b: Zamazenta|[spread] p1a,p1b
|-supereffective|p1a: Urshifu
|-damage|p1a: Urshifu|0 fnt
|-damage|p1b: Zamazenta|0 fnt
|faint|p1a: Urshifu
|faint|p1b: Zamazenta
|
|-fieldend|move: Trick Room
|upkeep
|
|t:|1750846952
|switch|p1b: Miraidon|Miraidon, L50|100/100
|switch|p1a: Incineroar|Incineroar, L50, F|22/100
|-enditem|p1a: Incineroar|Sitrus Berry|[eat]
|-heal|p1a: Incineroar|47/100|[from] item: Sitrus Berry
|-fieldstart|move: Electric Terrain|[from] ability: Hadron Engine|[of] p1b: Miraidon
|-ability|p1a: Incineroar|Intimidate|boost
|-unboost|p2a: Wyrdeer|atk|1
|-unboost|p2b: Hatterene|atk|1
|turn|7
|
|t:|1750846963
|-terastallize|p2b: Hatterene|Steel
|move|p1b: Miraidon|Electro Drift|p2b: Hatterene
|-damage|p2b: Hatterene|0 fnt
|faint|p2b: Hatterene
|move|p1a: Incineroar|Knock Off|p2a: Wyrdeer
|-supereffective|p2a: Wyrdeer
|-damage|p2a: Wyrdeer|72/100
|-damage|p1a: Incineroar|30/100|[from] item: Rocky Helmet|[of] p2a: Wyrdeer
|-enditem|p2a: Wyrdeer|Rocky Helmet|[from] move: Knock Off|[of] p1a: Incineroar
|move|p2a: Wyrdeer|Trick Room|p2a: Wyrdeer
|-fieldstart|move: Trick Room|[of] p2a: Wyrdeer
|
|upkeep
|turn|8
|-message|vvictooor__ forfeited.
|
|win|islanding
|raw|islanding's rating: 1153 &rarr; <strong>1176</strong><br />(+23 for winning)
|raw|vvictooor__'s rating: 1132 &rarr; <strong>1109</strong><br />(-23 for losing)
|l|☆vvictooor__
|player|p2|
|l|☆islanding
|player|p1|
