|j|☆eliott.pawsey
|j|☆nazzty21
|t:|1750875398
|gametype|doubles
|player|p1|eliott.pawsey|fisherman-gen4|1074
|player|p2|nazzty21|101|1072
|teamsize|p1|6
|teamsize|p2|6
|gen|9
|tier|[Gen 9] VGC 2025 Reg I
|rated|
|rule|Species Clause: Limit one of each Pokémon
|rule|Item Clause: Limit 1 of each item
|clearpoke
|poke|p1|Clawitzer, L50, M|
|poke|p1|Baxcalibur, L50, F|
|poke|p1|Lunala, L50|
|poke|p1|Magmar, L50, M|
|poke|p1|Gardevoir, L50, F|
|poke|p1|Zacian-*, L50|
|poke|p2|Raichu, L50, F|
|poke|p2|Kyogre, L50|
|poke|p2|Zamazenta-*, L50|
|poke|p2|Incineroar, L50, F|
|poke|p2|Farigiraf, L50, F|
|poke|p2|Archaludon, L50, M|
|teampreview|4
|inactive|Battle timer is ON: inactive players will automatically lose when time's up. (requested by eliott.pawsey)
|
|t:|1750875426
|start
|switch|p1a: Lunala|Lunala, L50|100/100
|switch|p1b: Magmar|Magmar, L50, M|100/100
|switch|p2a: Archaludon|Archaludon, L50, M|100/100
|switch|p2b: Kyogre|Kyogre, L50|100/100
|-weather|RainDance|[from] ability: Drizzle|[of] p2b: Kyogre
|turn|1
|
|t:|1750875449
|move|p1a: Lunala|Wide Guard|p1a: Lunala
|-singleturn|p1a: Lunala|Wide Guard
|move|p1b: Magmar|Knock Off|p2b: Kyogre
|-damage|p2b: Kyogre|81/100
|-enditem|p2b: Kyogre|Leftovers|[from] move: Knock Off|[of] p1b: Magmar
|move|p2a: Archaludon|Electro Shot||[still]
|-prepare|p2a: Archaludon|Electro Shot
|-boost|p2a: Archaludon|spa|1
|-anim|p2a: Archaludon|Electro Shot|p1a: Lunala
|-damage|p1a: Lunala|79/100
|move|p2b: Kyogre|Water Spout|p1b: Magmar|[spread] 
|-activate|p1a: Lunala|move: Wide Guard
|-activate|p1b: Magmar|move: Wide Guard
|
|-weather|RainDance|[upkeep]
|-heal|p1a: Lunala|85/100|[from] item: Leftovers
|upkeep
|turn|2
|inactive|nazzty21 has 30 seconds left.
|inactive|nazzty21 has 20 seconds left.
|inactive|nazzty21 has 15 seconds left.
|inactive|nazzty21 has 10 seconds left.
|
|t:|1750875498
|move|p1a: Lunala|Moongeist Beam|p2b: Kyogre
|-damage|p2b: Kyogre|43/100
|move|p1b: Magmar|Knock Off|p2a: Archaludon
|-damage|p2a: Archaludon|86/100
|-enditem|p2a: Archaludon|Assault Vest|[from] move: Knock Off|[of] p1b: Magmar
|move|p2a: Archaludon|Draco Meteor|p1a: Lunala|[miss]
|-miss|p2a: Archaludon|p1a: Lunala
|move|p2b: Kyogre|Thunder|p1b: Magmar
|-damage|p1b: Magmar|72/100
|-status|p1b: Magmar|par
|
|-weather|RainDance|[upkeep]
|-heal|p1a: Lunala|91/100|[from] item: Leftovers
|upkeep
|turn|3
|inactive|eliott.pawsey has 30 seconds left.
|inactive|nazzty21 has 30 seconds left.
|
|t:|1750875533
|move|p2b: Kyogre|Protect|p2b: Kyogre
|-singleturn|p2b: Kyogre|Protect
|move|p1b: Magmar|Follow Me|p1b: Magmar
|-singleturn|p1b: Magmar|move: Follow Me
|move|p1a: Lunala|Moongeist Beam|p2a: Archaludon
|-damage|p2a: Archaludon|22/100
|move|p2a: Archaludon|Draco Meteor|p1b: Magmar
|-damage|p1b: Magmar|18/100 par
|-unboost|p2a: Archaludon|spa|2
|
|-weather|RainDance|[upkeep]
|-heal|p1a: Lunala|97/100|[from] item: Leftovers
|upkeep
|turn|4
|
|t:|1750875553
|switch|p2a: Incineroar|Incineroar, L50, F|100/100
|-ability|p2a: Incineroar|Intimidate|boost
|-unboost|p1a: Lunala|atk|1
|-unboost|p1b: Magmar|atk|1
|move|p1a: Lunala|Tailwind|p1a: Lunala
|-sidestart|p1: eliott.pawsey|move: Tailwind
|cant|p1b: Magmar|par
|move|p2b: Kyogre|Origin Pulse|p1a: Lunala|[spread] p1a
|-miss|p2b: Kyogre|p1b: Magmar
|-damage|p1a: Lunala|45/100
|
|-weather|RainDance|[upkeep]
|-heal|p1a: Lunala|50/100|[from] item: Leftovers
|upkeep
|turn|5
|
|t:|1750875573
|move|p1a: Lunala|Wide Guard|p1a: Lunala
|-singleturn|p1a: Lunala|Wide Guard
|move|p2a: Incineroar|Fake Out|p1b: Magmar
|-damage|p1b: Magmar|8/100 par
|cant|p1b: Magmar|flinch
|move|p2b: Kyogre|Origin Pulse|p1a: Lunala|[spread] 
|-activate|p1a: Lunala|move: Wide Guard
|-activate|p1b: Magmar|move: Wide Guard
|
|-weather|none
|-heal|p1a: Lunala|56/100|[from] item: Leftovers
|upkeep
|turn|6
|inactive|eliott.pawsey has 30 seconds left.
|inactive|nazzty21 has 30 seconds left.
|
|t:|1750875604
|move|p2b: Kyogre|Protect|p2b: Kyogre
|-singleturn|p2b: Kyogre|Protect
|move|p1a: Lunala|Moongeist Beam|p2b: Kyogre
|-activate|p2b: Kyogre|move: Protect
|move|p1b: Magmar|Knock Off|p2a: Incineroar
|-resisted|p2a: Incineroar
|-damage|p2a: Incineroar|95/100
|-enditem|p2a: Incineroar|Safety Goggles|[from] move: Knock Off|[of] p1b: Magmar
|move|p2a: Incineroar|Knock Off|p1a: Lunala
|-supereffective|p1a: Lunala
|-damage|p1a: Lunala|0 fnt
|-enditem|p1a: Lunala|Leftovers|[from] move: Knock Off|[of] p2a: Incineroar
|faint|p1a: Lunala
|
|upkeep
|
|t:|1750875620
|switch|p1a: Baxcalibur|Baxcalibur, L50, F|100/100
|turn|7
|
|t:|1750875644
|move|p2b: Kyogre|Protect||[still]
|-fail|p2b: Kyogre
|move|p2a: Incineroar|Protect|p2a: Incineroar
|-singleturn|p2a: Incineroar|Protect
|move|p1b: Magmar|Follow Me|p1b: Magmar
|-singleturn|p1b: Magmar|move: Follow Me
|move|p1a: Baxcalibur|High Horsepower|p2a: Incineroar
|-activate|p2a: Incineroar|move: Protect
|
|-sideend|p1: eliott.pawsey|move: Tailwind
|upkeep
|turn|8
|
|t:|1750875662
|cant|p1b: Magmar|par
|move|p1a: Baxcalibur|High Horsepower|p2a: Incineroar
|-supereffective|p2a: Incineroar
|-damage|p2a: Incineroar|34/100
|move|p2b: Kyogre|Origin Pulse|p1b: Magmar|[spread] p1a,p1b
|-resisted|p1a: Baxcalibur
|-supereffective|p1b: Magmar
|-damage|p1a: Baxcalibur|85/100
|-damage|p1b: Magmar|0 fnt
|faint|p1b: Magmar
|move|p2a: Incineroar|Will-O-Wisp|p1a: Baxcalibur
|-immune|p1a: Baxcalibur|[from] ability: Thermal Exchange
|
|upkeep
|
|t:|1750875685
|switch|p1b: Zacian|Zacian-Crowned, L50|100/100
|-ability|p1b: Zacian|Intrepid Sword|boost
|-boost|p1b: Zacian|atk|1
|turn|9
|
|t:|1750875702
|switch|p2a: Archaludon|Archaludon, L50, M|22/100
|-terastallize|p1b: Zacian|Stellar
|move|p1b: Zacian|Sacred Sword|p2b: Kyogre
|-damage|p2b: Kyogre|0 fnt
|faint|p2b: Kyogre
|move|p1a: Baxcalibur|High Horsepower|p2a: Archaludon
|-supereffective|p2a: Archaludon
|-damage|p2a: Archaludon|0 fnt
|faint|p2a: Archaludon
|
|upkeep
|
|t:|1750875715
|switch|p2a: Zamazenta|Zamazenta-Crowned, L50|100/100
|switch|p2b: Incineroar|Incineroar, L50, F|34/100
|-ability|p2a: Zamazenta|Dauntless Shield|boost
|-boost|p2a: Zamazenta|def|1
|-ability|p2b: Incineroar|Intimidate|boost
|-unboost|p1a: Baxcalibur|atk|1
|-unboost|p1b: Zacian|atk|1
|turn|10
|inactive|nazzty21 has 30 seconds left.
|inactive|nazzty21 has 20 seconds left.
|
|t:|1750875751
|move|p1b: Zacian|Protect|p1b: Zacian
|-singleturn|p1b: Zacian|Protect
|move|p2b: Incineroar|Fake Out|p1b: Zacian
|-activate|p1b: Zacian|move: Protect
|move|p2a: Zamazenta|Iron Defense|p2a: Zamazenta
|-boost|p2a: Zamazenta|def|2
|move|p1a: Baxcalibur|High Horsepower|p2a: Zamazenta
|-supereffective|p2a: Zamazenta
|-damage|p2a: Zamazenta|88/100
|
|upkeep
|turn|11
|
|t:|1750875773
|move|p1b: Zacian|Play Rough|p2a: Zamazenta
|-damage|p2a: Zamazenta|68/100
|move|p2a: Zamazenta|Body Press|p1b: Zacian
|-damage|p1b: Zacian|0 fnt
|faint|p1b: Zacian
|move|p1a: Baxcalibur|High Horsepower|p2b: Incineroar
|-supereffective|p2b: Incineroar
|-damage|p2b: Incineroar|0 fnt
|faint|p2b: Incineroar
|
|upkeep
|turn|12
|
|t:|1750875786
|move|p2a: Zamazenta|Body Press|p1a: Baxcalibur
|-supereffective|p1a: Baxcalibur
|-damage|p1a: Baxcalibur|0 fnt
|faint|p1a: Baxcalibur
|
|win|nazzty21
|raw|eliott.pawsey's rating: 1074 &rarr; <strong>1053</strong><br />(-21 for losing)
|raw|nazzty21's rating: 1072 &rarr; <strong>1101</strong><br />(+29 for winning)
|l|☆nazzty21
|player|p2|
|l|☆eliott.pawsey
|player|p1|
