|j|☆EteSech69420
|j|☆LogoVGC
|t:|1750740755
|gametype|doubles
|player|p1|EteSech69420|ethan|1202
|player|p2|LogoVGC|clown|1267
|teamsize|p1|6
|teamsize|p2|6
|gen|9
|tier|[Gen 9] VGC 2025 Reg I
|rated|
|rule|Species Clause: Limit one of each Pokémon
|rule|Item Clause: Limit 1 of each item
|clearpoke
|poke|p1|Zamazenta-*, L50|
|poke|p1|Lunala, L50|
|poke|p1|Ting-Lu, L50|
|poke|p1|Volcarona, L50, F|
|poke|p1|Incineroar, L50, M|
|poke|p1|Amoonguss, L50, M|
|poke|p2|Calyrex-Ice, L50|
|poke|p2|Miraidon, L50|
|poke|p2|Grimmsnarl, L50, M|
|poke|p2|Urshifu-*, L50, F|
|poke|p2|Incineroar, L50, M|
|poke|p2|Landorus, L50, M|
|teampreview|4
|inactive|Battle timer is ON: inactive players will automatically lose when time's up. (requested by EteSech69420)
LogoVGC has agreed to open team sheets.
EteSech69420 has agreed to open team sheets.
|showteam|p1|Zamazenta-Crowned||RustedShield|DauntlessShield|BodyPress,Protect,behemothbash,WideGuard||||||50|,,,,,Dragon]Lunala||PowerHerb|ShadowShield|Protect,Moonblast,MoongeistBeam,MeteorBeam||||||50|,,,,,Fairy]Ting-Lu||AssaultVest|VesselofRuin|Snarl,ThroatChop,TeraBlast,StompingTantrum||||||50|,,,,,Water]Volcarona||Leftovers|FlameBody|Protect,QuiverDance,FieryDance,GigaDrain|||F|||50|,,,,,Grass]Incineroar||SafetyGoggles|Intimidate|FakeOut,KnockOff,FlareBlitz,PartingShot|||M|||50|,,,,,Water]Amoonguss||SitrusBerry|Regenerator|RagePowder,Spore,PollenPuff,Protect|||M|||50|,,,,,Water
|showteam|p2|Calyrex-Ice||Leftovers|AsOneGlastrier|GlacialLance,LeechSeed,TrickRoom,Protect||||||50|,,,,,Water]Miraidon||ChoiceSpecs|HadronEngine|ElectroDrift,VoltSwitch,DracoMeteor,DazzlingGleam||||||50|,,,,,Fairy]Grimmsnarl||LightClay|Prankster|SpiritBreak,ThunderWave,Reflect,LightScreen|||M|||50|,,,,,Ghost]Urshifu-Rapid-Strike||ChoiceBand|UnseenFist|SurgingStrikes,CloseCombat,Uturn,AquaJet|||F|||50|,,,,,Ghost]Incineroar||AssaultVest|Intimidate|FlareBlitz,KnockOff,Uturn,FakeOut|||M|||50|,,,,,Grass]Landorus||LifeOrb|SheerForce|EarthPower,SludgeBomb,Taunt,Protect|||M|||50|,,,,,Poison
|
|t:|1750740802
|start
|switch|p1a: Ting-Lu|Ting-Lu, L50|100/100
|switch|p1b: Incineroar|Incineroar, L50, M|100/100
|switch|p2a: Calyrex|Calyrex-Ice, L50|100/100
|switch|p2b: Incineroar|Incineroar, L50, M|100/100
|-ability|p2a: Calyrex|As One
|-ability|p2a: Calyrex|Unnerve
|-ability|p2b: Incineroar|Intimidate|boost
|-unboost|p1a: Ting-Lu|atk|1
|-unboost|p1b: Incineroar|atk|1
|-ability|p1b: Incineroar|Intimidate|boost
|-unboost|p2a: Calyrex|atk|1
|-unboost|p2b: Incineroar|atk|1
|-ability|p1a: Ting-Lu|Vessel of Ruin
|turn|1
|inactive|EteSech69420 has 30 seconds left.
|inactive|LogoVGC has 30 seconds left.
|inactive|EteSech69420 has 20 seconds left.
|inactive|EteSech69420 has 15 seconds left.
|inactive|LogoVGC has 20 seconds left.
|inactive|LogoVGC has 15 seconds left.
|
|t:|1750740847
|-terastallize|p1a: Ting-Lu|Water
|move|p2b: Incineroar|Fake Out|p1b: Incineroar
|-damage|p1b: Incineroar|94/100
|cant|p1b: Incineroar|flinch
|move|p2a: Calyrex|Leech Seed|p1a: Ting-Lu
|-start|p1a: Ting-Lu|move: Leech Seed
|move|p1a: Ting-Lu|Throat Chop|p2a: Calyrex
|-supereffective|p2a: Calyrex
|-damage|p2a: Calyrex|71/100
|-start|p2a: Calyrex|Throat Chop|[silent]
|
|-heal|p2a: Calyrex|76/100|[from] item: Leftovers
|-damage|p1a: Ting-Lu|88/100|[from] Leech Seed|[of] p2a: Calyrex
|-heal|p2a: Calyrex|92/100|[silent]
|upkeep
|turn|2
|
|t:|1750740863
|switch|p2b: Grimmsnarl|Grimmsnarl, L50, M|100/100
|switch|p1a: Zamazenta|Zamazenta-Crowned, L50|100/100
|-ability|p1a: Zamazenta|Dauntless Shield|boost
|-boost|p1a: Zamazenta|def|1
|move|p2a: Calyrex|Protect|p2a: Calyrex
|-singleturn|p2a: Calyrex|Protect
|move|p1b: Incineroar|Parting Shot|p2a: Calyrex
|-activate|p2a: Calyrex|move: Protect
|
|-heal|p2a: Calyrex|98/100|[from] item: Leftovers
|-end|p2a: Calyrex|Throat Chop|[silent]
|upkeep
|turn|3
|
|t:|1750740888
|move|p2b: Grimmsnarl|Reflect|p2b: Grimmsnarl
|-sidestart|p2: LogoVGC|Reflect
|move|p1a: Zamazenta|Behemoth Bash|p2b: Grimmsnarl
|-supereffective|p2b: Grimmsnarl
|-damage|p2b: Grimmsnarl|49/100
|move|p1b: Incineroar|Knock Off|p2b: Grimmsnarl
|-resisted|p2b: Grimmsnarl
|-crit|p2b: Grimmsnarl
|-damage|p2b: Grimmsnarl|35/100
|-enditem|p2b: Grimmsnarl|Light Clay|[from] move: Knock Off|[of] p1b: Incineroar
|move|p2a: Calyrex|Leech Seed|p1a: Zamazenta
|-start|p1a: Zamazenta|move: Leech Seed
|
|-heal|p2a: Calyrex|100/100|[from] item: Leftovers
|-damage|p1a: Zamazenta|88/100|[from] Leech Seed|[of] p2a: Calyrex
|upkeep
|turn|4
|
|t:|1750740905
|switch|p2a: Miraidon|Miraidon, L50|100/100
|-fieldstart|move: Electric Terrain|[from] ability: Hadron Engine|[of] p2a: Miraidon
|move|p1a: Zamazenta|Protect|p1a: Zamazenta
|-singleturn|p1a: Zamazenta|Protect
|move|p2b: Grimmsnarl|Thunder Wave|p1a: Zamazenta
|-activate|p1a: Zamazenta|move: Protect
|move|p1b: Incineroar|Parting Shot|p2a: Miraidon
|-unboost|p2a: Miraidon|atk|1
|-unboost|p2a: Miraidon|spa|1
|
|t:|1750740916
|switch|p1b: Ting-Lu|Ting-Lu, L50, tera:Water|88/100|[from] Parting Shot
|-ability|p1b: Ting-Lu|Vessel of Ruin
|
|-damage|p1a: Zamazenta|76/100|[from] Leech Seed|[of] p2a: Miraidon
|upkeep
|turn|5
|
|t:|1750740926
|switch|p1a: Amoonguss|Amoonguss, L50, M, shiny|100/100
|switch|p1b: Incineroar|Incineroar, L50, M|94/100
|-ability|p1b: Incineroar|Intimidate|boost
|-unboost|p2a: Miraidon|atk|1
|-unboost|p2b: Grimmsnarl|atk|1
|move|p2b: Grimmsnarl|Thunder Wave|p1a: Amoonguss
|-status|p1a: Amoonguss|par
|move|p2a: Miraidon|Volt Switch|p1b: Incineroar
|-damage|p1b: Incineroar|51/100
|
|t:|1750740942
|switch|p2a: Incineroar|Incineroar, L50, M|100/100|[from] Volt Switch
|-ability|p2a: Incineroar|Intimidate|boost
|-unboost|p1a: Amoonguss|atk|1
|-unboost|p1b: Incineroar|atk|1
|
|upkeep
|turn|6
|-message|EteSech69420 forfeited.
|
|win|LogoVGC
|raw|EteSech69420's rating: 1202 &rarr; <strong>1182</strong><br />(-20 for losing)
|raw|LogoVGC's rating: 1267 &rarr; <strong>1287</strong><br />(+20 for winning)
|l|☆EteSech69420
|player|p1|
|l|☆LogoVGC
|player|p2|
