|j|☆13done
|j|☆frekoka29
|t:|1750706878
|gametype|doubles
|player|p1|13done|2|1406
|player|p2|frekoka29|ghetsis-gen5bw|1407
|teamsize|p1|6
|teamsize|p2|6
|gen|9
|tier|[Gen 9] VGC 2025 Reg I
|rated|
|rule|Species Clause: Limit one of each Pokémon
|rule|Item Clause: Limit 1 of each item
|clearpoke
|poke|p1|Weezing-Galar, L50, M|
|poke|p1|Groudon, L50|
|poke|p1|Jumpluff, L50, M|
|poke|p1|Koraidon, L50|
|poke|p1|Flutter Mane, L50|
|poke|p1|Pawmot, L50, F|
|poke|p2|Calyrex-Shadow, L50|
|poke|p2|Zacian-*, L50|
|poke|p2|Incineroar, L50, M|
|poke|p2|Rillaboom, L50, F|
|poke|p2|Chi-Yu, L50|
|poke|p2|Tornadus, L50, M|
|teampreview|4
|inactive|Battle timer is ON: inactive players will automatically lose when time's up. (requested by frekoka29)
|
|t:|1750706909
|start
|switch|p1a: Flutter Mane|Flutter Mane, L50|100/100
|switch|p1b: Pawmot|Pawmot, L50, F|100/100
|switch|p2a: Calyrex|Calyrex-Shadow, L50|100/100
|switch|p2b: Tornadus|Tornadus, L50, M|100/100
|-ability|p2a: Calyrex|As One
|-ability|p2a: Calyrex|Unnerve
|turn|1
|
|t:|1750706928
|-terastallize|p2a: Calyrex|Fairy
|-terastallize|p1a: Flutter Mane|Fairy
|move|p2b: Tornadus|Protect|p2b: Tornadus
|-singleturn|p2b: Tornadus|Protect
|move|p2a: Calyrex|Astral Barrage|p1a: Flutter Mane|[spread] p1a,p1b
|-damage|p1a: Flutter Mane|21/100
|-enditem|p1b: Pawmot|Focus Sash
|-damage|p1b: Pawmot|1/100
|-damage|p2a: Calyrex|91/100|[from] item: Life Orb
|move|p1a: Flutter Mane|Dazzling Gleam|p2a: Calyrex|[spread] p2a
|-activate|p2b: Tornadus|move: Protect
|-damage|p2a: Calyrex|27/100
|move|p1b: Pawmot|Nuzzle|p2a: Calyrex
|-damage|p2a: Calyrex|15/100
|-status|p2a: Calyrex|par
|
|upkeep
|turn|2
|inactive|13done has 30 seconds left.
|inactive|frekoka29 has 30 seconds left.
|c|☆13done|i  misslicked my mons
|c|☆13done|rippppp
|inactive|13done has 20 seconds left.
|inactive|13done has 15 seconds left.
|inactive|frekoka29 has 20 seconds left.
|inactive|frekoka29 has 15 seconds left.
|
|t:|1750706975
|switch|p1b: Groudon|Groudon, L50|100/100
|-weather|SunnyDay|[from] ability: Drought|[of] p1b: Groudon
|-activate|p1a: Flutter Mane|ability: Protosynthesis
|-start|p1a: Flutter Mane|protosynthesisspe
|switch|p2a: Zacian|Zacian-Crowned, L50|100/100
|-ability|p2a: Zacian|Intrepid Sword|boost
|-boost|p2a: Zacian|atk|1
|move|p2b: Tornadus|Tailwind|p2b: Tornadus
|-sidestart|p2: frekoka29|move: Tailwind
|move|p1a: Flutter Mane|Dazzling Gleam|p2a: Zacian|[spread] p2a,p2b
|-resisted|p2a: Zacian
|-damage|p2a: Zacian|70/100
|-damage|p2b: Tornadus|28/100
|
|-weather|SunnyDay|[upkeep]
|upkeep
|turn|3
|inactive|frekoka29 has 30 seconds left.
|
|t:|1750707005
|-end|p1a: Flutter Mane|Protosynthesis|[silent]
|switch|p1a: Jumpluff|Jumpluff, L50, M|100/100
|switch|p2b: Calyrex|Calyrex-Shadow, L50, tera:Fairy|15/100 par
|-ability|p2b: Calyrex|As One
|-ability|p2b: Calyrex|Unnerve
|move|p2a: Zacian|Behemoth Blade|p1b: Groudon
|-damage|p1b: Groudon|31/100
|move|p1b: Groudon|Precipice Blades|p2b: Calyrex|[spread] p2a,p2b
|-supereffective|p2a: Zacian
|-damage|p2a: Zacian|0 fnt
|-damage|p2b: Calyrex|0 fnt
|faint|p2a: Zacian
|faint|p2b: Calyrex
|
|-weather|SunnyDay|[upkeep]
|upkeep
|
|t:|1750707023
|switch|p2b: Tornadus|Tornadus, L50, M|28/100
|switch|p2a: Chi-Yu|Chi-Yu, L50|100/100
|-ability|p2a: Chi-Yu|Beads of Ruin
|turn|4
|c|☆13done|69% is crazyyyyyy
|
|t:|1750707039
|move|p2a: Chi-Yu|Heat Wave|p1a: Jumpluff|[spread] p1a,p1b
|-supereffective|p1a: Jumpluff
|-damage|p1a: Jumpluff|0 fnt
|-damage|p1b: Groudon|0 fnt
|faint|p1a: Jumpluff
|faint|p1b: Groudon
|move|p2b: Tornadus|Bleakwind Storm|p1: Jumpluff|[notarget]
|-fail|p2b: Tornadus
|
|-weather|SunnyDay|[upkeep]
|upkeep
|
|t:|1750707041
|switch|p1a: Flutter Mane|Flutter Mane, L50, tera:Fairy|21/100
|switch|p1b: Pawmot|Pawmot, L50, F|1/100
|-activate|p1a: Flutter Mane|ability: Protosynthesis
|-start|p1a: Flutter Mane|protosynthesisspe
|turn|5
|c|☆13done|gg lol
|c|☆13done|needed one more turn
|
|t:|1750707057
|move|p1b: Pawmot|Fake Out|p2a: Chi-Yu
|-damage|p2a: Chi-Yu|78/100
|cant|p2a: Chi-Yu|flinch
|move|p1a: Flutter Mane|Dazzling Gleam|p2b: Tornadus|[spread] p2a,p2b
|-damage|p2a: Chi-Yu|4/100
|-damage|p2b: Tornadus|0 fnt
|faint|p2b: Tornadus
|
|-weather|SunnyDay|[upkeep]
|-sideend|p2: frekoka29|move: Tailwind
|upkeep
|turn|6
|
|t:|1750707068
|move|p1a: Flutter Mane|Dazzling Gleam|p2a: Chi-Yu
|-damage|p2a: Chi-Yu|0 fnt
|faint|p2a: Chi-Yu
|
|win|13done
|raw|13done's rating: 1406 &rarr; <strong>1426</strong><br />(+20 for winning)
|raw|frekoka29's rating: 1407 &rarr; <strong>1387</strong><br />(-20 for losing)
|c|☆13done|oh
|c|☆13done|torn slow
|c|☆13done|gg
|l|☆13done
|player|p1|
|l|☆frekoka29
|player|p2|
