|j|☆Ddree
|j|☆vjojn
|t:|1750746692
|gametype|doubles
|player|p1|Ddree|lucas|1278
|player|p2|vjojn|swimmerf-gen4dp|1222
|teamsize|p1|5
|teamsize|p2|6
|gen|9
|tier|[Gen 9] VGC 2025 Reg I
|rated|
|rule|Species Clause: Limit one of each Pokémon
|rule|Item Clause: Limit 1 of each item
|clearpoke
|poke|p1|Koraidon, L50|
|poke|p1|Amoonguss, L50, M|
|poke|p1|Flutter Mane, L50|
|poke|p1|Incineroar, L50, M|
|poke|p1|Goodra-Hisui, L50, F|
|poke|p2|Calyrex-Ice, L50|
|poke|p2|Miraidon, L50|
|poke|p2|Farigiraf, L50, M|
|poke|p2|Ogerpon-Cornerstone, L50, F|
|poke|p2|Landorus, L50, M|
|poke|p2|Incineroar, L50, F|
|teampreview|4
|inactive|Battle timer is ON: inactive players will automatically lose when time's up. (requested by Ddree)
|
|t:|1750746704
|start
|switch|p1a: Koraidon|Koraidon, L50|100/100
|switch|p1b: Amoonguss|Amoonguss, L50, M|100/100
|switch|p2a: Ogerpon|Ogerpon-Cornerstone, L50, F|100/100
|switch|p2b: Calyrex|Calyrex-Ice, L50|100/100
|-ability|p2b: Calyrex|As One
|-ability|p2b: Calyrex|Unnerve
|-weather|SunnyDay|[from] ability: Orichalcum Pulse|[of] p1a: Koraidon
|-activate|p1a: Koraidon|Orichalcum Pulse|[source]
|turn|1
|j| ZodiacSheep
|inactive|Ddree has 30 seconds left.
|
|t:|1750746729
|-terastallize|p1a: Koraidon|Fire
|-terastallize|p2b: Calyrex|Water
|move|p2a: Ogerpon|Follow Me|p2a: Ogerpon
|-singleturn|p2a: Ogerpon|move: Follow Me
|move|p1a: Koraidon|Flare Blitz|p2a: Ogerpon
|-ability|p2a: Ogerpon|Sturdy
|-damage|p2a: Ogerpon|1/100
|-damage|p1a: Koraidon|71/100|[from] Recoil
|-damage|p1a: Koraidon|62/100|[from] item: Life Orb
|move|p2b: Calyrex|Glacial Lance|p1a: Koraidon|[spread] p1a,p1b
|-resisted|p1a: Koraidon
|-supereffective|p1b: Amoonguss
|-damage|p1a: Koraidon|32/100
|-damage|p1b: Amoonguss|0 fnt
|faint|p1b: Amoonguss
|-ability|p2b: Calyrex|Chilling Neigh|boost
|-boost|p2b: Calyrex|atk|1
|
|-weather|SunnyDay|[upkeep]
|upkeep
|
|t:|1750746739
|switch|p1b: Goodra|Goodra-Hisui, L50, F|100/100
|turn|2
|inactive|vjojn has 30 seconds left.
|
|t:|1750746764
|move|p1a: Koraidon|Protect|p1a: Koraidon
|-singleturn|p1a: Koraidon|Protect
|move|p2a: Ogerpon|Follow Me|p2a: Ogerpon
|-singleturn|p2a: Ogerpon|move: Follow Me
|move|p1b: Goodra|Acid Armor|p1b: Goodra
|-boost|p1b: Goodra|def|2
|move|p2b: Calyrex|Glacial Lance|p1b: Goodra|[spread] p1b
|-activate|p1a: Koraidon|move: Protect
|-damage|p1b: Goodra|67/100
|
|-weather|SunnyDay|[upkeep]
|-heal|p1b: Goodra|73/100|[from] item: Leftovers
|upkeep
|turn|3
|inactive|Ddree has 30 seconds left.
|
|t:|1750746789
|move|p2a: Ogerpon|Follow Me|p2a: Ogerpon
|-singleturn|p2a: Ogerpon|move: Follow Me
|move|p1a: Koraidon|Flame Charge|p2a: Ogerpon
|-damage|p2a: Ogerpon|0 fnt
|-boost|p1a: Koraidon|spe|1
|faint|p2a: Ogerpon
|-damage|p1a: Koraidon|23/100|[from] item: Life Orb
|move|p1b: Goodra|Acid Armor|p1b: Goodra
|-boost|p1b: Goodra|def|2
|move|p2b: Calyrex|Glacial Lance|p1b: Goodra|[spread] p1a,p1b
|-resisted|p1a: Koraidon
|-damage|p1a: Koraidon|0 fnt
|-damage|p1b: Goodra|50/100
|faint|p1a: Koraidon
|-ability|p2b: Calyrex|Chilling Neigh|boost
|-boost|p2b: Calyrex|atk|1
|
|-weather|SunnyDay|[upkeep]
|-heal|p1b: Goodra|56/100|[from] item: Leftovers
|upkeep
|
|t:|1750746811
|switch|p1a: Flutter Mane|Flutter Mane, L50|100/100
|switch|p2a: Miraidon|Miraidon, L50|100/100
|-fieldstart|move: Electric Terrain|[from] ability: Hadron Engine|[of] p2a: Miraidon
|-activate|p1a: Flutter Mane|ability: Protosynthesis
|-start|p1a: Flutter Mane|protosynthesisspe
|turn|4
|inactive|vjojn has 30 seconds left.
|
|t:|1750746841
|move|p1a: Flutter Mane|Moonblast|p2a: Miraidon
|-supereffective|p2a: Miraidon
|-damage|p2a: Miraidon|49/100
|move|p2a: Miraidon|Draco Meteor|p1b: Goodra
|-damage|p1b: Goodra|0 fnt
|-unboost|p2a: Miraidon|spa|2
|faint|p1b: Goodra
|move|p2b: Calyrex|Glacial Lance|p1a: Flutter Mane
|-enditem|p1a: Flutter Mane|Focus Sash
|-damage|p1a: Flutter Mane|1/100
|
|-weather|SunnyDay|[upkeep]
|upkeep
|turn|5
|l| ZodiacSheep
|
|t:|1750746857
|move|p1a: Flutter Mane|Moonblast|p2a: Miraidon
|-supereffective|p2a: Miraidon
|-damage|p2a: Miraidon|0 fnt
|faint|p2a: Miraidon
|move|p2b: Calyrex|Glacial Lance|p1a: Flutter Mane
|-damage|p1a: Flutter Mane|0 fnt
|faint|p1a: Flutter Mane
|-end|p1a: Flutter Mane|Protosynthesis|[silent]
|
|win|vjojn
|raw|Ddree's rating: 1278 &rarr; <strong>1249</strong><br />(-29 for losing)
|raw|vjojn's rating: 1222 &rarr; <strong>1251</strong><br />(+29 for winning)
|l|☆vjojn
|player|p2|
