|j|☆sweepy boi
|j|☆Professor_J93
|t:|1750803650
|gametype|doubles
|player|p1|sweepy boi|skyla|1409
|player|p2|Professor_J93|265|1422
|teamsize|p1|6
|teamsize|p2|6
|gen|9
|tier|[Gen 9] VGC 2025 Reg I
|rated|
|rule|Species Clause: Limit one of each Pokémon
|rule|Item Clause: Limit 1 of each item
|clearpoke
|poke|p1|Miraidon, L50|
|poke|p1|Thundurus, L50, M|
|poke|p1|Landorus, L50, M|
|poke|p1|Tornadus, L50, M|
|poke|p1|Enamorus, L50, F|
|poke|p1|Calyrex-Ice, L50|
|poke|p2|Zacian-*, L50|
|poke|p2|Palkia-Origin, L50|
|poke|p2|Chandelure, L50, M|
|poke|p2|Landorus-Therian, L50, M|
|poke|p2|Grimmsnarl, L50, M|
|poke|p2|Rillaboom, L50, F|
|teampreview|4
|inactive|Battle timer is ON: inactive players will automatically lose when time's up. (requested by Professor_J93)
|
|t:|1750803678
|start
|switch|p1a: Thundurus|Thundurus, L50, M|100/100
|switch|p1b: Enamorus|Enamorus, L50, F|100/100
|switch|p2a: Rillaboom|Rillaboom, L50, F|100/100
|switch|p2b: Fuwawa|Zacian-Crowned, L50, shiny|100/100
|-ability|p2b: Fuwawa|Intrepid Sword|boost
|-boost|p2b: Fuwawa|atk|1
|-fieldstart|move: Grassy Terrain|[from] ability: Grassy Surge|[of] p2a: Rillaboom
|turn|1
|inactive|sweepy boi has 30 seconds left.
|
|t:|1750803706
|move|p1b: Enamorus|Protect|p1b: Enamorus
|-singleturn|p1b: Enamorus|Protect
|move|p2a: Rillaboom|Fake Out|p1a: Thundurus
|-damage|p1a: Thundurus|90/100
|move|p1a: Thundurus|Electric Terrain|p1a: Thundurus
|-fieldstart|move: Electric Terrain
|move|p2b: Fuwawa|Behemoth Blade|p1b: Enamorus
|-activate|p1b: Enamorus|move: Protect
|
|upkeep
|turn|2
|
|t:|1750803730
|move|p2b: Fuwawa|Protect|p2b: Fuwawa
|-singleturn|p2b: Fuwawa|Protect
|move|p1b: Enamorus|Superpower|p2b: Fuwawa
|-activate|p2b: Fuwawa|move: Protect
|move|p2a: Rillaboom|U-turn|p1b: Enamorus
|-resisted|p1b: Enamorus
|-damage|p1b: Enamorus|93/100
|
|t:|1750803738
|switch|p2a: Grimmsnarl|Grimmsnarl, L50, M|100/100|[from] U-turn
|move|p1a: Thundurus|Thunderbolt|p2b: Fuwawa
|-activate|p2b: Fuwawa|move: Protect
|
|upkeep
|turn|3
|
|t:|1750803761
|move|p1a: Thundurus|Scary Face|p2b: Fuwawa
|-unboost|p2b: Fuwawa|spe|2
|move|p2a: Grimmsnarl|Light Screen|p2a: Grimmsnarl
|-sidestart|p2: Professor_J93|move: Light Screen
|move|p1b: Enamorus|Moonblast|p2a: Grimmsnarl
|-supereffective|p2a: Grimmsnarl
|-damage|p2a: Grimmsnarl|42/100
|move|p2b: Fuwawa|Play Rough|p1a: Thundurus
|-damage|p1a: Thundurus|20/100
|
|upkeep
|turn|4
|
|t:|1750803784
|move|p1a: Thundurus|Eerie Impulse|p1b: Enamorus
|-boost|p1b: Enamorus|spa|2
|move|p2a: Grimmsnarl|Sucker Punch||[still]
|-fail|p2a: Grimmsnarl
|move|p1b: Enamorus|Springtide Storm|p2a: Grimmsnarl|[spread] p2a,p2b
|-supereffective|p2a: Grimmsnarl
|-resisted|p2b: Fuwawa
|-damage|p2a: Grimmsnarl|0 fnt
|-damage|p2b: Fuwawa|77/100
|-unboost|p2b: Fuwawa|atk|1
|faint|p2a: Grimmsnarl
|move|p2b: Fuwawa|Behemoth Blade|p1b: Enamorus
|-supereffective|p1b: Enamorus
|-damage|p1b: Enamorus|0 fnt
|faint|p1b: Enamorus
|
|upkeep
|
|t:|1750803808
|switch|p1b: Calyrex|Calyrex-Ice, L50|100/100
|switch|p2a: Rillaboom|Rillaboom, L50, F|100/100
|-ability|p1b: Calyrex|As One
|-ability|p1b: Calyrex|Unnerve
|-fieldstart|move: Grassy Terrain|[from] ability: Grassy Surge|[of] p2a: Rillaboom
|turn|5
|
|t:|1750803833
|move|p2a: Rillaboom|Fake Out|p1b: Calyrex
|-damage|p1b: Calyrex|94/100
|move|p1a: Thundurus|Electric Terrain|p1a: Thundurus
|-fieldstart|move: Electric Terrain
|-enditem|p1b: Calyrex|Electric Seed
|-boost|p1b: Calyrex|def|1|[from] item: Electric Seed
|move|p2b: Fuwawa|Behemoth Blade|p1a: Thundurus
|-resisted|p1a: Thundurus
|-crit|p1a: Thundurus
|-damage|p1a: Thundurus|0 fnt
|faint|p1a: Thundurus
|cant|p1b: Calyrex|flinch
|
|upkeep
|
|t:|1750803841
|switch|p1a: Miraidon|Miraidon, L50|100/100
|-activate|p1a: Miraidon|ability: Hadron Engine
|turn|6
|inactive|sweepy boi has 30 seconds left.
|
|t:|1750803867
|move|p2b: Fuwawa|Protect|p2b: Fuwawa
|-singleturn|p2b: Fuwawa|Protect
|move|p1a: Miraidon|Electro Drift|p2b: Fuwawa
|-activate|p2b: Fuwawa|move: Protect
|move|p2a: Rillaboom|U-turn|p1b: Calyrex
|-supereffective|p1b: Calyrex
|-damage|p1b: Calyrex|75/100
|
|t:|1750803875
|switch|p2a: Chandelure|Chandelure, L50, M|100/100|[from] U-turn
|move|p1b: Calyrex|Leech Seed|p2a: Chandelure
|-start|p2a: Chandelure|move: Leech Seed
|
|-damage|p2a: Chandelure|89/100|[from] Leech Seed|[of] p1b: Calyrex
|-heal|p1b: Calyrex|85/100|[silent]
|upkeep
|turn|7
|
|t:|1750803892
|switch|p2b: Rillaboom|Rillaboom, L50, F|100/100
|-fieldstart|move: Grassy Terrain|[from] ability: Grassy Surge|[of] p2b: Rillaboom
|-terastallize|p1b: Calyrex|Water
|move|p1a: Miraidon|Electro Drift|p2b: Rillaboom
|-resisted|p2b: Rillaboom
|-damage|p2b: Rillaboom|86/100
|move|p2a: Chandelure|Heat Wave|p1a: Miraidon|[spread] p1a,p1b
|-resisted|p1a: Miraidon
|-resisted|p1b: Calyrex
|-damage|p1a: Miraidon|86/100
|-damage|p1b: Calyrex|66/100
|-damage|p2a: Chandelure|79/100|[from] item: Life Orb
|move|p1b: Calyrex|Glacial Lance|p2a: Chandelure|[spread] p2a,p2b
|-resisted|p2a: Chandelure
|-supereffective|p2b: Rillaboom
|-damage|p2a: Chandelure|46/100
|-damage|p2b: Rillaboom|0 fnt
|faint|p2b: Rillaboom
|-ability|p1b: Calyrex|Chilling Neigh|boost
|-boost|p1b: Calyrex|atk|1
|
|-heal|p1a: Miraidon|92/100|[from] Grassy Terrain
|-heal|p2a: Chandelure|51/100|[from] Grassy Terrain
|-heal|p1b: Calyrex|72/100|[from] Grassy Terrain
|-damage|p2a: Chandelure|39/100|[from] Leech Seed|[of] p1b: Calyrex
|-heal|p1b: Calyrex|81/100|[silent]
|upkeep
|
|t:|1750803907
|switch|p2b: Fuwawa|Zacian-Crowned, L50, shiny|77/100
|turn|8
|
|t:|1750803927
|-terastallize|p2b: Fuwawa|Stellar
|move|p2b: Fuwawa|Play Rough|p1a: Miraidon
|-supereffective|p1a: Miraidon
|-damage|p1a: Miraidon|0 fnt
|faint|p1a: Miraidon
|move|p2a: Chandelure|Shadow Ball|p1b: Calyrex
|-damage|p1b: Calyrex|43/100
|-unboost|p1b: Calyrex|spd|1
|-damage|p2a: Chandelure|30/100|[from] item: Life Orb
|move|p1b: Calyrex|Trick Room|p1b: Calyrex
|-fieldstart|move: Trick Room|[of] p1b: Calyrex
|
|-heal|p1b: Calyrex|49/100|[from] Grassy Terrain
|-heal|p2a: Chandelure|36/100|[from] Grassy Terrain
|-heal|p2b: Fuwawa|83/100|[from] Grassy Terrain
|-damage|p2a: Chandelure|24/100|[from] Leech Seed|[of] p1b: Calyrex
|-heal|p1b: Calyrex|58/100|[silent]
|upkeep
|turn|9
|
|t:|1750803944
|move|p1b: Calyrex|Glacial Lance|p2b: Fuwawa|[spread] p2a,p2b
|-resisted|p2a: Chandelure
|-resisted|p2b: Fuwawa
|-damage|p2a: Chandelure|0 fnt
|-damage|p2b: Fuwawa|45/100
|faint|p2a: Chandelure
|-ability|p1b: Calyrex|Chilling Neigh|boost
|-boost|p1b: Calyrex|atk|1
|move|p2b: Fuwawa|Sacred Sword|p1b: Calyrex
|-damage|p1b: Calyrex|34/100
|
|-heal|p1b: Calyrex|40/100|[from] Grassy Terrain
|-heal|p2b: Fuwawa|51/100|[from] Grassy Terrain
|upkeep
|turn|10
|
|t:|1750803958
|move|p1b: Calyrex|Glacial Lance|p2b: Fuwawa
|-resisted|p2b: Fuwawa
|-damage|p2b: Fuwawa|0 fnt
|faint|p2b: Fuwawa
|
|win|sweepy boi
|raw|sweepy boi's rating: 1409 &rarr; <strong>1430</strong><br />(+21 for winning)
|raw|Professor_J93's rating: 1422 &rarr; <strong>1401</strong><br />(-21 for losing)
|l|☆Professor_J93
|player|p2|
|l|☆sweepy boi
|player|p1|
