|j|☆SlamTTHM
|j|☆Astro954
|t:|1750728380
|gametype|doubles
|player|p1|SlamTTHM|265|1078
|player|p2|Astro954|nate|1000
|teamsize|p1|6
|teamsize|p2|6
|gen|9
|tier|[Gen 9] VGC 2025 Reg I
|rated|
|rule|Species Clause: Limit one of each Pokémon
|rule|Item Clause: Limit 1 of each item
|clearpoke
|poke|p1|Empoleon, L50, F|
|poke|p1|Calyrex-Ice, L50|
|poke|p1|Necrozma-Dawn-Wings, L50|
|poke|p1|Porygon2, L50|
|poke|p1|Brute Bonnet, L50|
|poke|p1|Alcremie, L50, F|
|poke|p2|Calyrex-Ice, L50|
|poke|p2|Lunala, L50|
|poke|p2|Indeedee-F, L50, F|
|poke|p2|Ursaluna-Bloodmoon, L50, M|
|poke|p2|Amoonguss, L50, F|
|poke|p2|Incineroar, L50, F|
|teampreview|4
|inactive|Battle timer is ON: inactive players will automatically lose when time's up. (requested by Astro954)
|inactive|SlamTTHM has 60 seconds left.
|l|☆Astro954
|inactive|Astro954 disconnected and has a minute to reconnect!
|player|p2|
|j|☆Astro954
|inactive|Astro954 reconnected.
|player|p2|Astro954|nate|
|
|t:|1750728455
|start
|switch|p1a: Porygon2|Porygon2, L50|100/100
|switch|p1b: Brute Bonnet|Brute Bonnet, L50|100/100
|switch|p2a: Indeedee|Indeedee-F, L50, F|100/100
|switch|p2b: Incineroar|Incineroar, L50, F|100/100
|-fieldstart|move: Psychic Terrain|[from] ability: Psychic Surge|[of] p2a: Indeedee
|-ability|p2b: Incineroar|Intimidate|boost
|-unboost|p1a: Porygon2|atk|1
|-unboost|p1b: Brute Bonnet|atk|1
|-ability|p1a: Porygon2|Download|boost
|-boost|p1a: Porygon2|atk|1
|turn|1
|
|t:|1750728479
|move|p2a: Indeedee|Follow Me|p2a: Indeedee
|-singleturn|p2a: Indeedee|move: Follow Me
|move|p1b: Brute Bonnet|Rage Powder|p1b: Brute Bonnet
|-singleturn|p1b: Brute Bonnet|move: Rage Powder
|move|p2b: Incineroar|Knock Off|p1b: Brute Bonnet
|-resisted|p1b: Brute Bonnet
|-damage|p1b: Brute Bonnet|82/100
|-enditem|p1b: Brute Bonnet|Room Service|[from] move: Knock Off|[of] p2b: Incineroar
|move|p1a: Porygon2|Trick Room|p1a: Porygon2
|-fieldstart|move: Trick Room|[of] p1a: Porygon2
|
|upkeep
|turn|2
|inactive|SlamTTHM has 30 seconds left.
|inactive|SlamTTHM has 20 seconds left.
|
|t:|1750728515
|move|p2a: Indeedee|Follow Me|p2a: Indeedee
|-singleturn|p2a: Indeedee|move: Follow Me
|move|p1b: Brute Bonnet|Spore|p2a: Indeedee
|-status|p2a: Indeedee|slp|[from] move: Spore
|move|p1a: Porygon2|Tera Blast|p2a: Indeedee
|-damage|p2a: Indeedee|78/100 slp
|move|p2b: Incineroar|Will-O-Wisp|p1b: Brute Bonnet
|-status|p1b: Brute Bonnet|brn
|
|-damage|p1b: Brute Bonnet|76/100 brn|[from] brn
|upkeep
|turn|3
|
|t:|1750728539
|switch|p1a: Calyrex|Calyrex-Ice, L50|100/100
|-ability|p1a: Calyrex|As One
|-ability|p1a: Calyrex|Unnerve
|cant|p2a: Indeedee|slp
|move|p1b: Brute Bonnet|Spore|p2b: Incineroar
|-status|p2b: Incineroar|slp|[from] move: Spore
|cant|p2b: Incineroar|slp
|
|-damage|p1b: Brute Bonnet|70/100 brn|[from] brn
|upkeep
|turn|4
|inactive|SlamTTHM has 30 seconds left.
|
|t:|1750728568
|-curestatus|p2a: Indeedee|slp|[msg]
|move|p2a: Indeedee|Helping Hand|p2b: Incineroar
|-singleturn|p2b: Incineroar|Helping Hand|[of] p2a: Indeedee
|move|p1a: Calyrex|High Horsepower|p2b: Incineroar
|-supereffective|p2b: Incineroar
|-damage|p2b: Incineroar|25/100 slp
|-damage|p1a: Calyrex|84/100|[from] item: Rocky Helmet|[of] p2b: Incineroar
|move|p1b: Brute Bonnet|Close Combat|p2b: Incineroar
|-supereffective|p2b: Incineroar
|-damage|p2b: Incineroar|0 fnt
|-unboost|p1b: Brute Bonnet|def|1
|-unboost|p1b: Brute Bonnet|spd|1
|-damage|p1b: Brute Bonnet|54/100 brn|[from] item: Rocky Helmet|[of] p2b: Incineroar
|faint|p2b: Incineroar
|
|-damage|p1b: Brute Bonnet|48/100 brn|[from] brn
|upkeep
|
|t:|1750728589
|switch|p2b: Calyrex|Calyrex-Ice, L50|100/100
|-ability|p2b: Calyrex|As One
|-ability|p2b: Calyrex|Unnerve
|turn|5
|
|t:|1750728601
|-terastallize|p2b: Calyrex|Fire
|move|p2a: Indeedee|Follow Me|p2a: Indeedee
|-singleturn|p2a: Indeedee|move: Follow Me
|move|p1a: Calyrex|Glacial Lance|p2a: Indeedee|[spread] p2a,p2b
|-resisted|p2b: Calyrex
|-damage|p2a: Indeedee|0 fnt
|-damage|p2b: Calyrex|82/100
|faint|p2a: Indeedee
|-ability|p1a: Calyrex|Chilling Neigh|boost
|-boost|p1a: Calyrex|atk|1
|move|p2b: Calyrex|Glacial Lance|p1a: Calyrex|[spread] p1a,p1b
|-resisted|p1a: Calyrex
|-supereffective|p1b: Brute Bonnet
|-damage|p1a: Calyrex|63/100
|-damage|p1b: Brute Bonnet|0 fnt
|faint|p1b: Brute Bonnet
|-end|p1b: Brute Bonnet|Protosynthesis|[silent]
|-ability|p2b: Calyrex|Chilling Neigh|boost
|-boost|p2b: Calyrex|atk|1
|
|-fieldend|move: Trick Room
|-fieldend|move: Psychic Terrain
|upkeep
|
|t:|1750728617
|switch|p2a: Lunala|Lunala, L50|100/100
|switch|p1b: Necrozma|Necrozma-Dawn-Wings, L50|100/100
|turn|6
|
|t:|1750728637
|-terastallize|p1b: Necrozma|Dark
|move|p2a: Lunala|Wide Guard|p2a: Lunala
|-singleturn|p2a: Lunala|Wide Guard
|move|p1b: Necrozma|Moongeist Beam|p2a: Lunala
|-supereffective|p2a: Lunala
|-damage|p2a: Lunala|7/100
|move|p2b: Calyrex|Glacial Lance|p1b: Necrozma|[spread] p1a,p1b
|-resisted|p1a: Calyrex
|-damage|p1a: Calyrex|35/100
|-damage|p1b: Necrozma|11/100
|move|p1a: Calyrex|Glacial Lance|p2a: Lunala|[spread] 
|-activate|p2a: Lunala|move: Wide Guard
|-activate|p2b: Calyrex|move: Wide Guard
|
|upkeep
|turn|7
|inactive|SlamTTHM has 30 seconds left.
|
|t:|1750728662
|move|p2a: Lunala|Wide Guard|p2a: Lunala
|-singleturn|p2a: Lunala|Wide Guard
|move|p1b: Necrozma|Moongeist Beam|p2a: Lunala
|-supereffective|p2a: Lunala
|-damage|p2a: Lunala|0 fnt
|faint|p2a: Lunala
|move|p1a: Calyrex|High Horsepower|p2b: Calyrex
|-supereffective|p2b: Calyrex
|-damage|p2b: Calyrex|6/100
|move|p2b: Calyrex|Glacial Lance|p1b: Necrozma|[spread] p1a,p1b
|-resisted|p1a: Calyrex
|-damage|p1a: Calyrex|4/100
|-damage|p1b: Necrozma|0 fnt
|faint|p1b: Necrozma
|-ability|p2b: Calyrex|Chilling Neigh|boost
|-boost|p2b: Calyrex|atk|1
|
|upkeep
|
|t:|1750728677
|switch|p1b: Porygon2|Porygon2, L50|100/100
|-ability|p1b: Porygon2|Download|boost
|-boost|p1b: Porygon2|spa|1
|turn|8
|
|t:|1750728689
|move|p2b: Calyrex|Protect|p2b: Calyrex
|-singleturn|p2b: Calyrex|Protect
|move|p1b: Porygon2|Tera Blast|p2b: Calyrex
|-activate|p2b: Calyrex|move: Protect
|move|p1a: Calyrex|High Horsepower|p2b: Calyrex
|-activate|p2b: Calyrex|move: Protect
|
|upkeep
|turn|9
|
|t:|1750728699
|move|p1b: Porygon2|Tera Blast|p2b: Calyrex
|-damage|p2b: Calyrex|0 fnt
|faint|p2b: Calyrex
|
|win|SlamTTHM
|raw|SlamTTHM's rating: 1078 &rarr; <strong>1100</strong><br />(+22 for winning)
|raw|Astro954's rating: 1000 &rarr; <strong>1000</strong><br />(+0 for losing)
|l|☆Astro954
|player|p2|
