|j|☆unitz_afm
|j|☆RetroDude42YT
|html|<table width="100%"><tr><td align="left">unitz_afm</td><td align="right">RetroDude42YT</tr><tr><td align="left"><i class="fa fa-circle-o"></i> <i class="fa fa-circle-o"></i> </td><td align="right"><i class="fa fa-circle-o"></i> <i class="fa fa-circle"></i> </tr></table>
|uhtml|bestof|<h2><strong>Game 2</strong> of <a href="/game-bestof3-gen9vgc2025regi-2391570917">a best-of-3</a></h2>
|t:|1750871716
|gametype|doubles
|player|p1|unitz_afm|shelly|
|player|p2|RetroDude42YT|hilbert|
|teamsize|p1|6
|teamsize|p2|6
|gen|9
|tier|[Gen 9] VGC 2025 Reg I
|rule|Species Clause: Limit one of each Pokémon
|rule|Item Clause: Limit 1 of each item
|rule|Terastal Clause: You cannot Terastallize
|raw|<div class="infobox"><details class="readmore"><summary><strong>51 custom rules:</strong></summary> Terastal Clause, -All Pokemon, +Unobtainable, +Past, !!Min Source Gen = 1, bestof=3, -ND Uber, -ND AG, -ND OU, -ND UUBL, -ND UU, -ND RUBL, -ND RU, -ND NFE, -ND LC, +Tyranitar-Base, +Masquerain, +Electrode-Base, +Arctozolt, +Honchkrow, +Mienshao, +Simisage, +Luvdisc, +Quaquaval, +Toedscruel, +Grapploct, +Slowking-Base, +Smeargle, +Tangrowth, +Furfrou, +Rabsca, +Drakloak, +Mimikyu-Base, +Uxie, +Primeape, +Purugly, +Orbeetle, +Glimmora, +Klawf, +Archeops, +Espeon, +Arbok, +Dugtrio-Alola, +Slowking-Galar, +Ditto, +Bruxish, +Escavalier, +Simipour, +Calyrex-Base, +Lunatone, -Tyranitarite</details></div>
|clearpoke
|poke|p1|Slowking-Galar, L50, M|
|poke|p1|Mienshao, L50, F|
|poke|p1|Arctozolt, L50|
|poke|p1|Escavalier, L50, M|
|poke|p1|Tyranitar, L50, F|
|poke|p1|Ditto, L50|
|poke|p2|Smeargle, L50, M|
|poke|p2|Toedscruel, L50, F|
|poke|p2|Glimmora, L50, F|
|poke|p2|Tyranitar, L50, F|
|poke|p2|Dugtrio-Alola, L50, F|
|poke|p2|Mienshao, L50, F|
|teampreview|4
unitz_afm has agreed to open team sheets.
RetroDude42YT has agreed to open team sheets.
|showteam|p1|Slowking-Galar||ColburBerry|Regenerator|ChillyReception,TrickRoom,SludgeWave,Protect|||M|||50|]Mienshao||FocusSash|InnerFocus|FakeOut,Coaching,CloseCombat,Taunt|||F|||50|]Arctozolt||SafetyGoggles|SlushRush|LowKick,Blizzard,BoltBeak,Protect||||||50|]Escavalier||LifeOrb|Overcoat|Taunt,IronHead,Megahorn,Protect|||M|||50|]Tyranitar||ChopleBerry|Unnerve|Earthquake,Protect,FireBlast,KnockOff|||F|||50|]Ditto||RedCard|Imposter|Transform||||||50|
|showteam|p2|Smeargle||FocusSash|Moody|FakeOut,FollowMe,Decorate,SpikyShield|||M|||50|]Toedscruel||CovertCloak|MyceliumMight|EarthPower,GigaDrain,Spore,RagePowder|||F|||50|]Glimmora||PowerHerb|ToxicDebris|MeteorBeam,DazzlingGleam,SludgeBomb,SpikyShield|||F|||50|]Tyranitar||AssaultVest|SandStream|RockSlide,KnockOff,LowKick,HighHorsepower|||F|||50|]Dugtrio-Alola||LifeOrb|SandForce|IronHead,HighHorsepower,RockSlide,Protect|||F|||50|]Mienshao||SafetyGoggles|InnerFocus|FakeOut,CloseCombat,TripleAxel,Uturn|||F|||50|
|c|☆RetroDude42YT|glhf
|
|t:|1750871829
|start
|switch|p1a: Escavalier|Escavalier, L50, M|100/100
|switch|p1b: Slowking|Slowking-Galar, L50, M|100/100
|switch|p2a: Mienshao|Mienshao, L50, F|100/100
|switch|p2b: Toedscruel|Toedscruel, L50, F|100/100
|turn|1
|
|t:|1750871844
|move|p2a: Mienshao|Fake Out|p1a: Escavalier
|-resisted|p1a: Escavalier
|-damage|p1a: Escavalier|94/100
|cant|p1a: Escavalier|flinch
|move|p2b: Toedscruel|Spore|p1b: Slowking
|-status|p1b: Slowking|slp|[from] move: Spore
|cant|p1b: Slowking|slp
|
|upkeep
|turn|2
|
|t:|1750871862
|move|p2a: Mienshao|Close Combat|p1a: Escavalier
|-damage|p1a: Escavalier|35/100
|-unboost|p2a: Mienshao|def|1
|-unboost|p2a: Mienshao|spd|1
|move|p2b: Toedscruel|Earth Power|p1a: Escavalier
|-damage|p1a: Escavalier|4/100
|move|p1a: Escavalier|Megahorn|p2b: Toedscruel|[miss]
|-miss|p1a: Escavalier|p2b: Toedscruel
|cant|p1b: Slowking|slp
|
|upkeep
|turn|3
|j| TheRealWhimsicott
|
|t:|1750871877
|move|p1a: Escavalier|Protect|p1a: Escavalier
|-singleturn|p1a: Escavalier|Protect
|move|p2a: Mienshao|U-turn|p1a: Escavalier
|-activate|p1a: Escavalier|move: Protect
|move|p2b: Toedscruel|Earth Power|p1b: Slowking
|-supereffective|p1b: Slowking
|-damage|p1b: Slowking|44/100 slp
|-curestatus|p1b: Slowking|slp|[msg]
|move|p1b: Slowking|Trick Room|p1b: Slowking
|-fieldstart|move: Trick Room|[of] p1b: Slowking
|
|upkeep
|turn|4
|
|t:|1750871897
|move|p1a: Escavalier|Megahorn|p2b: Toedscruel
|-supereffective|p2b: Toedscruel
|-crit|p2b: Toedscruel
|-damage|p2b: Toedscruel|0 fnt
|faint|p2b: Toedscruel
|-damage|p1a: Escavalier|0 fnt|[from] item: Life Orb
|faint|p1a: Escavalier
|move|p1b: Slowking|Sludge Wave|p2a: Mienshao
|-damage|p2a: Mienshao|3/100
|move|p2a: Mienshao|U-turn|p1b: Slowking
|-damage|p1b: Slowking|27/100
|
|t:|1750871911
|switch|p2a: Dugtrio|Dugtrio-Alola, L50, F|100/100|[from] U-turn
|
|upkeep
|
|t:|1750871921
|switch|p1a: Tyranitar|Tyranitar, L50, F|100/100
|switch|p2b: Mienshao|Mienshao, L50, F|3/100
|-ability|p1a: Tyranitar|Unnerve
|turn|5
|
|t:|1750871945
|move|p1b: Slowking|Protect|p1b: Slowking
|-singleturn|p1b: Slowking|Protect
|move|p1a: Tyranitar|Protect|p1a: Tyranitar
|-singleturn|p1a: Tyranitar|Protect
|move|p2b: Mienshao|Fake Out|p1a: Tyranitar
|-activate|p1a: Tyranitar|move: Protect
|move|p2a: Dugtrio|High Horsepower|p1a: Tyranitar
|-activate|p1a: Tyranitar|move: Protect
|
|upkeep
|turn|6
|
|t:|1750871961
|move|p2a: Dugtrio|Protect|p2a: Dugtrio
|-singleturn|p2a: Dugtrio|Protect
|move|p1b: Slowking|Sludge Wave|p2a: Dugtrio|[spread] p1a,p2b
|-activate|p2a: Dugtrio|move: Protect
|-resisted|p1a: Tyranitar
|-damage|p1a: Tyranitar|88/100
|-damage|p2b: Mienshao|0 fnt
|faint|p2b: Mienshao
|move|p1a: Tyranitar|Earthquake|p2a: Dugtrio|[spread] p1b
|-activate|p2a: Dugtrio|move: Protect
|-supereffective|p1b: Slowking
|-damage|p1b: Slowking|0 fnt
|faint|p1b: Slowking
|
|upkeep
|
|t:|1750871974
|switch|p1b: Ditto|Ditto, L50|100/100
|switch|p2b: Glimmora|Glimmora, L50, F|100/100
|-transform|p1b: Ditto|p2a: Dugtrio|[from] ability: Imposter
|turn|7
|
|t:|1750871990
|move|p2b: Glimmora|Spiky Shield|p2b: Glimmora
|-singleturn|p2b: Glimmora|move: Protect
|move|p1b: Ditto|Protect|p1b: Ditto
|-singleturn|p1b: Ditto|Protect
|move|p1a: Tyranitar|Earthquake|p2a: Dugtrio|[spread] p2a
|-activate|p1b: Ditto|move: Protect
|-activate|p2b: Glimmora|move: Protect
|-supereffective|p2a: Dugtrio
|-damage|p2a: Dugtrio|0 fnt
|faint|p2a: Dugtrio
|
|-fieldend|move: Trick Room
|upkeep
|turn|8
|
|t:|1750872006
|move|p1b: Ditto|High Horsepower|p2b: Glimmora
|-supereffective|p2b: Glimmora
|-damage|p2b: Glimmora|0 fnt
|-activate|p2b: Glimmora|ability: Toxic Debris
|-sidestart|p1: unitz_afm|move: Toxic Spikes
|faint|p2b: Glimmora
|
|win|unitz_afm
|c|☆RetroDude42YT|gg
|c|☆unitz_afm|gg
||RetroDude42YT is ready for game 3.
||unitz_afm is ready for game 3.
|uhtml|next|Next: <a href="/battle-gen9vgc2025regi-2391577564"><strong>Game 3 of 3</strong></a>
|l| TheRealWhimsicott
