|j|☆vamosprimoh
|j|☆bbazhujia粉丝
|t:|1750709186
|gametype|doubles
|player|p1|vamosprimoh|1|1368
|player|p2|bbazhujia粉丝|elesa|1293
|teamsize|p1|6
|teamsize|p2|6
|gen|9
|tier|[Gen 9] VGC 2025 Reg I
|rated|
|rule|Species Clause: Limit one of each Pokémon
|rule|Item Clause: Limit 1 of each item
|clearpoke
|poke|p1|Calyrex-Ice, L50|
|poke|p1|Urshifu-*, L50, M|
|poke|p1|Pelipper, L50, F|
|poke|p1|Miraidon, L50|
|poke|p1|Iron Hands, L50|
|poke|p1|Ogerpon-Hearthflame, L50, F|
|poke|p2|Amoonguss, L50, F|
|poke|p2|Calyrex-Ice, L50|
|poke|p2|Kyogre, L50|
|poke|p2|Grimmsnarl, L50, M|
|poke|p2|Whimsicott, L50, F|
|poke|p2|Toxicroak, L50, M|
|teampreview|4
|
|t:|1750709224
|start
|switch|p1a: Urshifu|Urshifu-Rapid-Strike, L50, M|100/100
|switch|p1b: Calyrex|Calyrex-Ice, L50|100/100
|switch|p2a: Calyrex|Calyrex-Ice, L50|100/100
|switch|p2b: Toxicroak|Toxicroak, L50, M|100/100
|-ability|p1b: Calyrex|As One
|-ability|p1b: Calyrex|Unnerve
|-ability|p2a: Calyrex|As One
|-ability|p2a: Calyrex|Unnerve
|turn|1
|
|t:|1750709254
|move|p2b: Toxicroak|Fake Out|p1a: Urshifu
|-damage|p1a: Urshifu|82/100
|-damage|p2b: Toxicroak|91/100|[from] item: Life Orb
|cant|p1a: Urshifu|flinch
|move|p1b: Calyrex|Glacial Lance|p2b: Toxicroak|[spread] p2a,p2b
|-resisted|p2a: Calyrex
|-damage|p2a: Calyrex|85/100
|-damage|p2b: Toxicroak|4/100
|move|p2a: Calyrex|Leech Seed|p1b: Calyrex|[miss]
|-miss|p2a: Calyrex|p1b: Calyrex
|
|-heal|p2a: Calyrex|90/100|[from] item: Leftovers
|upkeep
|turn|2
|
|t:|1750709291
|move|p1b: Calyrex|Protect|p1b: Calyrex
|-singleturn|p1b: Calyrex|Protect
|move|p1a: Urshifu|Close Combat|p2a: Calyrex
|-damage|p2a: Calyrex|52/100
|-unboost|p1a: Urshifu|def|1
|-unboost|p1a: Urshifu|spd|1
|move|p2b: Toxicroak|Close Combat|p1b: Calyrex
|-activate|p1b: Calyrex|move: Protect
|move|p2a: Calyrex|Trick Room|p2a: Calyrex
|-fieldstart|move: Trick Room|[of] p2a: Calyrex
|
|-heal|p2a: Calyrex|58/100|[from] item: Leftovers
|upkeep
|turn|3
|
|t:|1750709329
|switch|p1a: Iron Hands|Iron Hands, L50|100/100
|-terastallize|p2a: Calyrex|Fairy
|move|p2b: Toxicroak|Sucker Punch|p1b: Calyrex
|-supereffective|p1b: Calyrex
|-damage|p1b: Calyrex|63/100
|-damage|p2b: Toxicroak|0 fnt|[from] item: Life Orb
|faint|p2b: Toxicroak
|move|p2a: Calyrex|Leech Seed|p1b: Calyrex
|-start|p1b: Calyrex|move: Leech Seed
|move|p1b: Calyrex|Glacial Lance|p2a: Calyrex
|-crit|p2a: Calyrex
|-damage|p2a: Calyrex|1/100
|
|-heal|p2a: Calyrex|7/100|[from] item: Leftovers
|-damage|p1b: Calyrex|51/100|[from] Leech Seed|[of] p2a: Calyrex
|-heal|p2a: Calyrex|19/100|[silent]
|upkeep
|
|t:|1750709345
|switch|p2b: Grimmsnarl|Grimmsnarl, L50, M, shiny|100/100
|turn|4
|
|t:|1750709352
|switch|p2a: Kyogre|Kyogre, L50, shiny|100/100
|-weather|RainDance|[from] ability: Drizzle|[of] p2a: Kyogre
|move|p1a: Iron Hands|Fake Out|p2b: Grimmsnarl
|-damage|p2b: Grimmsnarl|83/100
|cant|p2b: Grimmsnarl|flinch
|move|p1b: Calyrex|Glacial Lance|p2b: Grimmsnarl|[spread] p2a,p2b
|-resisted|p2a: Kyogre
|-damage|p2a: Kyogre|71/100
|-damage|p2b: Grimmsnarl|24/100
|
|-weather|RainDance|[upkeep]
|-damage|p1b: Calyrex|39/100|[from] Leech Seed|[of] p2a: Kyogre
|-heal|p2a: Kyogre|85/100|[silent]
|upkeep
|turn|5
|
|t:|1750709403
|switch|p1b: Miraidon|Miraidon, L50|100/100
|-fieldstart|move: Electric Terrain|[from] ability: Hadron Engine|[of] p1b: Miraidon
|-activate|p1a: Iron Hands|ability: Quark Drive
|-start|p1a: Iron Hands|quarkdriveatk
|move|p2a: Kyogre|Protect|p2a: Kyogre
|-singleturn|p2a: Kyogre|Protect
|move|p2b: Grimmsnarl|Reflect|p2b: Grimmsnarl
|-sidestart|p2: bbazhujia粉丝|Reflect
|move|p1a: Iron Hands|Wild Charge|p2a: Kyogre
|-activate|p2a: Kyogre|move: Protect
|
|-weather|RainDance|[upkeep]
|upkeep
|turn|6
|
|t:|1750709427
|move|p1a: Iron Hands|Wild Charge|p2a: Kyogre
|-supereffective|p2a: Kyogre
|-damage|p2a: Kyogre|0 fnt
|faint|p2a: Kyogre
|-damage|p1a: Iron Hands|85/100|[from] Recoil
|move|p2b: Grimmsnarl|Spirit Break|p1b: Miraidon
|-supereffective|p1b: Miraidon
|-damage|p1b: Miraidon|39/100
|-unboost|p1b: Miraidon|spa|1
|move|p1b: Miraidon|Volt Switch|p2b: Grimmsnarl
|-damage|p2b: Grimmsnarl|0 fnt
|faint|p2b: Grimmsnarl
|
|t:|1750709439
|switch|p1b: Urshifu|Urshifu-Rapid-Strike, L50, M|82/100|[from] Volt Switch
|
|-weather|RainDance|[upkeep]
|-fieldend|move: Trick Room
|upkeep
|
|t:|1750709446
|switch|p2b: Calyrex|Calyrex-Ice, L50, tera:Fairy|19/100
|-ability|p2b: Calyrex|As One
|-ability|p2b: Calyrex|Unnerve
|turn|7
|
|t:|1750709463
|move|p1b: Urshifu|Surging Strikes|p2b: Calyrex
|-crit|p2b: Calyrex
|-damage|p2b: Calyrex|0 fnt
|faint|p2b: Calyrex
|-hitcount|p2: Calyrex|1
|
|win|vamosprimoh
|raw|vamosprimoh's rating: 1368 &rarr; <strong>1384</strong><br />(+16 for winning)
|raw|bbazhujia粉丝's rating: 1293 &rarr; <strong>1273</strong><br />(-20 for losing)
|l|☆bbazhujia粉丝
|player|p2|
