|j|☆tzfmndf03
|j|☆Hhashem
|t:|1750753219
|gametype|doubles
|player|p1|tzfmndf03|169|1385
|player|p2|Hhashem|170|1400
|teamsize|p1|6
|teamsize|p2|6
|gen|9
|tier|[Gen 9] VGC 2025 Reg I
|rated|
|rule|Species Clause: Limit one of each Pokémon
|rule|Item Clause: Limit 1 of each item
|clearpoke
|poke|p1|Muk-Alola, L50, F|
|poke|p1|Smeargle, L50, F|
|poke|p1|Ditto, L50|
|poke|p1|Calyrex-Shadow, L50|
|poke|p1|Raging Bolt, L50|
|poke|p1|Zamazenta-*, L50|
|poke|p2|Calyrex-Ice, L50|
|poke|p2|Miraidon, L50|
|poke|p2|Grimmsnarl, L50, M|
|poke|p2|Urshifu-*, L50, F|
|poke|p2|Incineroar, L50, F|
|poke|p2|Landorus, L50, M|
|teampreview|4
|inactive|Battle timer is ON: inactive players will automatically lose when time's up. (requested by Hhashem)
|
|t:|1750753245
|start
|switch|p1a: Ditto|Ditto, L50|100/100
|switch|p1b: Raging Bolt|Raging Bolt, L50|100/100
|switch|p2a: Miraidon|Miraidon, L50|100/100
|switch|p2b: Grimmsnarl|Grimmsnarl, L50, M|100/100
|-fieldstart|move: Electric Terrain|[from] ability: Hadron Engine|[of] p2a: Miraidon
|-transform|p1a: Ditto|p2b: Grimmsnarl|[from] ability: Imposter
|turn|1
|
|t:|1750753261
|move|p1a: Ditto|Light Screen|p1a: Ditto
|-sidestart|p1: tzfmndf03|move: Light Screen
|move|p2b: Grimmsnarl|Light Screen|p2b: Grimmsnarl
|-sidestart|p2: Hhashem|move: Light Screen
|move|p2a: Miraidon|Dazzling Gleam|p1a: Ditto|[spread] p1a,p1b
|-supereffective|p1a: Ditto
|-supereffective|p1b: Raging Bolt
|-damage|p1a: Ditto|36/100
|-damage|p1b: Raging Bolt|70/100
|move|p1b: Raging Bolt|Dragon Pulse|p2a: Miraidon
|-supereffective|p2a: Miraidon
|-damage|p2a: Miraidon|58/100
|
|upkeep
|turn|2
|inactive|tzfmndf03 has 30 seconds left.
|inactive|tzfmndf03 has 20 seconds left.
|
|t:|1750753300
|move|p1a: Ditto|Reflect|p1a: Ditto
|-sidestart|p1: tzfmndf03|Reflect
|move|p2a: Miraidon|Dazzling Gleam|p1b: Raging Bolt|[spread] p1a,p1b
|-supereffective|p1a: Ditto
|-supereffective|p1b: Raging Bolt
|-damage|p1a: Ditto|0 fnt
|-damage|p1b: Raging Bolt|40/100
|faint|p1a: Ditto
|move|p1b: Raging Bolt|Snarl|p2b: Grimmsnarl|[spread] p2a,p2b
|-resisted|p2b: Grimmsnarl
|-damage|p2a: Miraidon|51/100
|-damage|p2b: Grimmsnarl|98/100
|-unboost|p2a: Miraidon|spa|1
|-unboost|p2b: Grimmsnarl|spa|1
|move|p2b: Grimmsnarl|Spirit Break|p1b: Raging Bolt
|-supereffective|p1b: Raging Bolt
|-damage|p1b: Raging Bolt|4/100
|-unboost|p1b: Raging Bolt|spa|1
|
|upkeep
|
|t:|1750753305
|switch|p1a: NUCLEAR|Calyrex-Shadow, L50|100/100
|-ability|p1a: NUCLEAR|As One
|-ability|p1a: NUCLEAR|Unnerve
|turn|3
|inactive|tzfmndf03 has 30 seconds left.
|
|t:|1750753335
|move|p2b: Grimmsnarl|Thunder Wave|p1a: NUCLEAR
|-status|p1a: NUCLEAR|par
|move|p2a: Miraidon|Dazzling Gleam|p1a: NUCLEAR|[spread] p1a,p1b
|-supereffective|p1b: Raging Bolt
|-damage|p1a: NUCLEAR|84/100 par
|-damage|p1b: Raging Bolt|0 fnt
|faint|p1b: Raging Bolt
|-end|p1b: Raging Bolt|Protosynthesis|[silent]
|move|p1a: NUCLEAR|Astral Barrage|p2a: Miraidon|[spread] p2a,p2b
|-resisted|p2b: Grimmsnarl
|-damage|p2a: Miraidon|19/100
|-damage|p2b: Grimmsnarl|79/100
|
|upkeep
|
|t:|1750753339
|switch|p1b: Avoid GOAT|Zamazenta-Crowned, L50|100/100
|-ability|p1b: Avoid GOAT|Dauntless Shield|boost
|-boost|p1b: Avoid GOAT|def|1
|turn|4
|inactive|Hhashem has 30 seconds left.
|
|t:|1750753368
|move|p1a: NUCLEAR|Protect|p1a: NUCLEAR
|-singleturn|p1a: NUCLEAR|Protect
|move|p2b: Grimmsnarl|Thunder Wave|p1b: Avoid GOAT
|-status|p1b: Avoid GOAT|par
|move|p2a: Miraidon|Dazzling Gleam|p1b: Avoid GOAT|[spread] p1b
|-activate|p1a: NUCLEAR|move: Protect
|-damage|p1b: Avoid GOAT|89/100 par
|cant|p1b: Avoid GOAT|par
|
|upkeep
|turn|5
|
|t:|1750753384
|switch|p2a: Incineroar|Incineroar, L50, F|100/100
|-ability|p2a: Incineroar|Intimidate|boost
|-unboost|p1a: NUCLEAR|atk|1
|-unboost|p1b: Avoid GOAT|atk|1
|move|p1b: Avoid GOAT|Wide Guard|p1b: Avoid GOAT
|-singleturn|p1b: Avoid GOAT|Wide Guard
|move|p2b: Grimmsnarl|Reflect|p2b: Grimmsnarl
|-sidestart|p2: Hhashem|Reflect
|move|p1a: NUCLEAR|Astral Barrage|p2a: Incineroar|[spread] p2a,p2b
|-resisted|p2a: Incineroar
|-resisted|p2b: Grimmsnarl
|-damage|p2a: Incineroar|87/100
|-damage|p2b: Grimmsnarl|59/100
|
|-sideend|p1: tzfmndf03|move: Light Screen
|-fieldend|move: Electric Terrain
|upkeep
|turn|6
|
|t:|1750753407
|move|p1a: NUCLEAR|Protect|p1a: NUCLEAR
|-singleturn|p1a: NUCLEAR|Protect
|move|p2a: Incineroar|Flare Blitz|p1b: Avoid GOAT
|-supereffective|p1b: Avoid GOAT
|-damage|p1b: Avoid GOAT|62/100 par
|-damage|p2a: Incineroar|78/100|[from] Recoil
|move|p1b: Avoid GOAT|Body Press|p2a: Incineroar
|-supereffective|p2a: Incineroar
|-damage|p2a: Incineroar|4/100
|move|p2b: Grimmsnarl|Spirit Break|p1a: NUCLEAR
|-activate|p1a: NUCLEAR|move: Protect
|
|-sideend|p1: tzfmndf03|Reflect
|upkeep
|turn|7
|inactive|tzfmndf03 has 30 seconds left.
|
|t:|1750753442
|move|p2a: Incineroar|Knock Off|p1a: NUCLEAR
|-supereffective|p1a: NUCLEAR
|-damage|p1a: NUCLEAR|0 fnt
|-enditem|p1a: NUCLEAR|Spell Tag|[from] move: Knock Off|[of] p2a: Incineroar
|faint|p1a: NUCLEAR
|move|p1b: Avoid GOAT|Body Press|p2b: Grimmsnarl
|-damage|p2b: Grimmsnarl|23/100
|move|p2b: Grimmsnarl|Spirit Break|p1b: Avoid GOAT
|-damage|p1b: Avoid GOAT|48/100 par
|-unboost|p1b: Avoid GOAT|spa|1
|
|upkeep
|turn|8
|-message|tzfmndf03 forfeited.
|
|win|Hhashem
|raw|tzfmndf03's rating: 1385 &rarr; <strong>1366</strong><br />(-19 for losing)
|raw|Hhashem's rating: 1400 &rarr; <strong>1419</strong><br />(+19 for winning)
|l|☆tzfmndf03
|player|p1|
|l|☆Hhashem
|player|p2|
