|j|☆a2
|j|☆ChickenZX
|t:|1750740914
|gametype|doubles
|player|p1|a2|dawn-masters|1527
|player|p2|ChickenZX|fisherman-gen4|1478
|teamsize|p1|6
|teamsize|p2|6
|gen|9
|tier|[Gen 9] VGC 2025 Reg I
|rated|
|rule|Species Clause: Limit one of each Pokémon
|rule|Item Clause: Limit 1 of each item
|clearpoke
|poke|p1|Ogerpon-Hearthflame, L50, F|
|poke|p1|Grimmsnarl, L50, M|
|poke|p1|Incineroar, L50, F|
|poke|p1|Miraidon, L50|
|poke|p1|Ursaluna, L50, M|
|poke|p1|Lunala, L50|
|poke|p2|Lilligant-Hisui, L50, F|
|poke|p2|Groudon, L50|
|poke|p2|Ogerpon-Hearthflame, L50, F|
|poke|p2|Incineroar, L50, M|
|poke|p2|Miraidon, L50|
|poke|p2|Flutter Mane, L50|
|teampreview|4
|inactive|Battle timer is ON: inactive players will automatically lose when time's up. (requested by a2)
|inactive|ChickenZX also wants the timer to be on.
|inactive|a2 has 60 seconds left.
|inactive|ChickenZX has 60 seconds left.
|
|t:|1750740957
|start
|switch|p1a: Lunala|Lunala, L50|100/100
|switch|p1b: Miraidon|Miraidon, L50|100/100
|switch|p2a: Incineroar|Incineroar, L50, M|100/100
|switch|p2b: Ogerpon|Ogerpon-Hearthflame, L50, F|100/100
|-fieldstart|move: Electric Terrain|[from] ability: Hadron Engine|[of] p1b: Miraidon
|-enditem|p1a: Lunala|Electric Seed
|-boost|p1a: Lunala|def|1|[from] item: Electric Seed
|-ability|p2b: Ogerpon|Mold Breaker
|-ability|p2a: Incineroar|Intimidate|boost
|-unboost|p1a: Lunala|atk|1
|-unboost|p1b: Miraidon|atk|1
|turn|1
|inactive|a2 has 30 seconds left.
|inactive|a2 has 20 seconds left.
|inactive|a2 has 15 seconds left.
|inactive|a2 has 10 seconds left.
|
|t:|1750741004
|-terastallize|p1a: Lunala|Fairy
|move|p1b: Miraidon|Calm Mind|p1b: Miraidon
|-boost|p1b: Miraidon|spa|1
|-boost|p1b: Miraidon|spd|1
|move|p2b: Ogerpon|Wood Hammer|p1b: Miraidon
|-resisted|p1b: Miraidon
|-damage|p1b: Miraidon|76/100
|-damage|p2b: Ogerpon|91/100|[from] Recoil
|move|p1a: Lunala|Moonblast|p2a: Incineroar
|-damage|p2a: Incineroar|57/100
|-unboost|p2a: Incineroar|spa|1
|move|p2a: Incineroar|Knock Off|p1a: Lunala
|-resisted|p1a: Lunala
|-damage|p1a: Lunala|97/100
|
|upkeep
|turn|2
|
|t:|1750741026
|move|p2b: Ogerpon|Follow Me|p2b: Ogerpon
|-singleturn|p2b: Ogerpon|move: Follow Me
|move|p1b: Miraidon|Parabolic Charge|p2a: Incineroar|[spread] p1a,p2a,p2b
|-resisted|p2b: Ogerpon
|-damage|p1a: Lunala|54/100
|-heal|p1b: Miraidon|100/100|[from] drain|[of] p1a: Lunala
|-damage|p2a: Incineroar|0 fnt
|-damage|p2b: Ogerpon|61/100
|faint|p2a: Incineroar
|move|p1a: Lunala|Moongeist Beam|p2b: Ogerpon
|-damage|p2b: Ogerpon|10/100
|
|upkeep
|
|t:|1750741034
|switch|p2a: Flutter Mane|Flutter Mane, L50|100/100
|-enditem|p2a: Flutter Mane|Booster Energy
|-activate|p2a: Flutter Mane|ability: Protosynthesis|[fromitem]
|-start|p2a: Flutter Mane|protosynthesisspe
|turn|3
|
|t:|1750741050
|switch|p2b: Groudon|Groudon, L50|100/100
|-weather|SunnyDay|[from] ability: Drought|[of] p2b: Groudon
|move|p2a: Flutter Mane|Protect|p2a: Flutter Mane
|-singleturn|p2a: Flutter Mane|Protect
|move|p1a: Lunala|Wide Guard|p1a: Lunala
|-singleturn|p1a: Lunala|Wide Guard
|move|p1b: Miraidon|Parabolic Charge|p2a: Flutter Mane|[spread] 
|-activate|p1a: Lunala|move: Wide Guard
|-activate|p2a: Flutter Mane|move: Protect
|-immune|p2b: Groudon
|
|-weather|SunnyDay|[upkeep]
|upkeep
|turn|4
|inactive|a2 has 30 seconds left.
|inactive|ChickenZX has 30 seconds left.
|inactive|a2 has 20 seconds left.
|inactive|a2 has 15 seconds left.
|
|t:|1750741094
|-terastallize|p2a: Flutter Mane|Grass
|move|p2a: Flutter Mane|Moonblast|p1b: Miraidon
|-supereffective|p1b: Miraidon
|-damage|p1b: Miraidon|56/100
|move|p1b: Miraidon|Dragon Pulse|p2b: Groudon
|-damage|p2b: Groudon|24/100
|move|p2b: Groudon|Heat Crash|p1a: Lunala
|-damage|p1a: Lunala|20/100
|move|p1a: Lunala|Trick Room|p1a: Lunala
|-fieldstart|move: Trick Room|[of] p1a: Lunala
|
|-weather|SunnyDay|[upkeep]
|upkeep
|turn|5
|inactive|a2 has 30 seconds left.
|inactive|ChickenZX has 30 seconds left.
|inactive|ChickenZX has 20 seconds left.
|
|t:|1750741132
|move|p2b: Groudon|Precipice Blades|p1b: Miraidon|[spread] p1a,p1b
|-supereffective|p1b: Miraidon
|-damage|p1a: Lunala|0 fnt
|-damage|p1b: Miraidon|0 fnt
|faint|p1a: Lunala
|faint|p1b: Miraidon
|move|p2a: Flutter Mane|Moonblast|p1: Lunala|[notarget]
|-fail|p2a: Flutter Mane
|
|-weather|SunnyDay|[upkeep]
|-fieldend|move: Electric Terrain
|upkeep
|
|t:|1750741139
|switch|p1a: Ursaluna|Ursaluna, L50, M|100/100
|switch|p1b: Ogerpon|Ogerpon-Hearthflame, L50, F|100/100
|-ability|p1b: Ogerpon|Mold Breaker
|turn|6
|
|t:|1750741149
|move|p2a: Flutter Mane|Protect|p2a: Flutter Mane
|-singleturn|p2a: Flutter Mane|Protect
|move|p1a: Ursaluna|Facade|p2b: Groudon
|-damage|p2b: Groudon|0 fnt
|faint|p2b: Groudon
|move|p1b: Ogerpon|Ivy Cudgel|p2a: Flutter Mane|[anim] Ivy Cudgel Fire
|-activate|p2a: Flutter Mane|move: Protect
|
|-weather|SunnyDay|[upkeep]
|-status|p1a: Ursaluna|brn|[from] item: Flame Orb
|upkeep
|
|t:|1750741156
|switch|p2b: Ogerpon|Ogerpon-Hearthflame, L50, F|10/100
|-ability|p2b: Ogerpon|Mold Breaker
|turn|7
|
|t:|1750741171
|move|p1a: Ursaluna|Facade|p2b: Ogerpon
|-damage|p2b: Ogerpon|0 fnt
|faint|p2b: Ogerpon
|move|p1b: Ogerpon|Ivy Cudgel|p2a: Flutter Mane|[anim] Ivy Cudgel Fire
|-supereffective|p2a: Flutter Mane
|-damage|p2a: Flutter Mane|0 fnt
|faint|p2a: Flutter Mane
|-end|p2a: Flutter Mane|Protosynthesis|[silent]
|
|win|a2
|raw|a2's rating: 1527 &rarr; <strong>1544</strong><br />(+17 for winning)
|raw|ChickenZX's rating: 1478 &rarr; <strong>1461</strong><br />(-17 for losing)
|l|☆ChickenZX
|player|p2|
|l|☆a2
|player|p1|
