|j|☆testy accounty 2
|j|☆pabloam2006
|t:|1750849847
|gametype|doubles
|player|p1|testy accounty 2|101|1708
|player|p2|pabloam2006|skyla|1694
|teamsize|p1|6
|teamsize|p2|6
|gen|9
|tier|[Gen 9] VGC 2025 Reg I
|rated|
|rule|Species Clause: Limit one of each Pokémon
|rule|Item Clause: Limit 1 of each item
|clearpoke
|poke|p1|Lunala, L50|
|poke|p1|Miraidon, L50|
|poke|p1|Incineroar, L50, M|
|poke|p1|Rillaboom, L50, M|
|poke|p1|Farigiraf, L50, F|
|poke|p1|Ursaluna, L50, F|
|poke|p2|Tornadus, L50, M|
|poke|p2|Smeargle, L50, F|
|poke|p2|Calyrex-Shadow, L50|
|poke|p2|Raging Bolt, L50|
|poke|p2|Zamazenta-*, L50|
|poke|p2|Rillaboom, L50, M|
|teampreview|4
|c|☆pabloam2006|gl
|
|t:|1750849884
|start
|switch|p1a: Miraidon|Miraidon, L50|100/100
|switch|p1b: Farigiraf|Farigiraf, L50, F|100/100
|switch|p2a: Smeargle|Smeargle, L50, F|100/100
|switch|p2b: Calyrex|Calyrex-Shadow, L50|100/100
|-ability|p2b: Calyrex|As One
|-ability|p2b: Calyrex|Unnerve
|-fieldstart|move: Electric Terrain|[from] ability: Hadron Engine|[of] p1a: Miraidon
|-enditem|p1b: Farigiraf|Electric Seed
|-boost|p1b: Farigiraf|def|1|[from] item: Electric Seed
|turn|1
|
|t:|1750849922
|switch|p2b: Rillaboom|Rillaboom, L50, M|100/100
|-fieldstart|move: Grassy Terrain|[from] ability: Grassy Surge|[of] p2b: Rillaboom
|move|p1a: Miraidon|Volt Switch|p2b: Rillaboom
|-resisted|p2b: Rillaboom
|-damage|p2b: Rillaboom|86/100
|
|t:|1750849934
|switch|p1a: Lunala|Lunala, L50|100/100|[from] Volt Switch
|move|p2a: Smeargle|Spore|p1a: Lunala
|-status|p1a: Lunala|slp|[from] move: Spore
|move|p1b: Farigiraf|Roar|p2b: Rillaboom
|drag|p2b: Zamazenta|Zamazenta-Crowned, L50|100/100
|-ability|p2b: Zamazenta|Dauntless Shield|boost
|-boost|p2b: Zamazenta|def|1
|
|-ability|p2a: Smeargle|Moody|boost
|-boost|p2a: Smeargle|spd|2
|-unboost|p2a: Smeargle|def|1
|upkeep
|turn|2
|
|t:|1750849956
|switch|p1a: Miraidon|Miraidon, L50|100/100
|-fieldstart|move: Electric Terrain|[from] ability: Hadron Engine|[of] p1a: Miraidon
|move|p2b: Zamazenta|Heavy Slam|p1a: Miraidon
|-resisted|p1a: Miraidon
|-crit|p1a: Miraidon
|-damage|p1a: Miraidon|78/100
|move|p2a: Smeargle|Spore|p1b: Farigiraf
|-activate|p1b: Farigiraf|move: Electric Terrain
|move|p1b: Farigiraf|Roar|p2b: Zamazenta
|drag|p2b: Rillaboom|Rillaboom, L50, M|86/100
|-fieldstart|move: Grassy Terrain|[from] ability: Grassy Surge|[of] p2b: Rillaboom
|
|-heal|p1a: Miraidon|84/100|[from] Grassy Terrain
|-heal|p2b: Rillaboom|91/100|[from] Grassy Terrain
|-ability|p2a: Smeargle|Moody|boost
|-boost|p2a: Smeargle|spe|2
|-unboost|p2a: Smeargle|atk|1
|upkeep
|turn|3
|
|t:|1750849987
|move|p2a: Smeargle|Spore|p1a: Miraidon
|-status|p1a: Miraidon|slp|[from] move: Spore
|cant|p1a: Miraidon|slp
|move|p2b: Rillaboom|Wood Hammer|p1b: Farigiraf
|-damage|p1b: Farigiraf|54/100
|-damage|p2b: Rillaboom|74/100|[from] Recoil
|move|p1b: Farigiraf|Psychic|p2a: Smeargle
|-damage|p2a: Smeargle|65/100
|
|-heal|p2a: Smeargle|71/100|[from] Grassy Terrain
|-heal|p1a: Miraidon|91/100 slp|[from] Grassy Terrain
|-heal|p2b: Rillaboom|80/100|[from] Grassy Terrain
|-heal|p1b: Farigiraf|60/100|[from] Grassy Terrain
|-ability|p2a: Smeargle|Moody|boost
|-boost|p2a: Smeargle|atk|2
|-unboost|p2a: Smeargle|def|1
|upkeep
|turn|4
|
|t:|1750850010
|switch|p2b: Calyrex|Calyrex-Shadow, L50|100/100
|-ability|p2b: Calyrex|As One
|-ability|p2b: Calyrex|Unnerve
|move|p2a: Smeargle|Spore|p1b: Farigiraf
|-status|p1b: Farigiraf|slp|[from] move: Spore
|cant|p1a: Miraidon|slp
|cant|p1b: Farigiraf|slp
|
|-heal|p2a: Smeargle|78/100|[from] Grassy Terrain
|-heal|p1a: Miraidon|97/100 slp|[from] Grassy Terrain
|-heal|p1b: Farigiraf|66/100 slp|[from] Grassy Terrain
|-ability|p2a: Smeargle|Moody|boost
|-boost|p2a: Smeargle|atk|2
|-unboost|p2a: Smeargle|def|1
|upkeep
|turn|5
|
|t:|1750850034
|move|p2a: Smeargle|Decorate|p2b: Calyrex
|-boost|p2b: Calyrex|atk|2
|-boost|p2b: Calyrex|spa|2
|cant|p1a: Miraidon|slp
|move|p2b: Calyrex|Psychic|p1a: Miraidon
|-damage|p1a: Miraidon|0 fnt
|faint|p1a: Miraidon
|-ability|p2b: Calyrex|Grim Neigh|boost
|-boost|p2b: Calyrex|spa|1
|-damage|p2b: Calyrex|91/100|[from] item: Life Orb
|cant|p1b: Farigiraf|slp
|
|-heal|p2a: Smeargle|84/100|[from] Grassy Terrain
|-heal|p2b: Calyrex|96/100|[from] Grassy Terrain
|-heal|p1b: Farigiraf|72/100 slp|[from] Grassy Terrain
|-ability|p2a: Smeargle|Moody|boost
|-boost|p2a: Smeargle|def|2
|-unboost|p2a: Smeargle|spe|1
|upkeep
|
|t:|1750850048
|switch|p1a: Lunala|Lunala, L50|100/100 slp
|turn|6
|
|t:|1750850063
|cant|p1a: Lunala|slp
|move|p2a: Smeargle|Follow Me|p2a: Smeargle
|-singleturn|p2a: Smeargle|move: Follow Me
|move|p2b: Calyrex|Psychic|p1a: Lunala
|-resisted|p1a: Lunala
|-damage|p1a: Lunala|67/100 slp
|-damage|p2b: Calyrex|87/100|[from] item: Life Orb
|-curestatus|p1b: Farigiraf|slp|[msg]
|move|p1b: Farigiraf|Trick Room|p1b: Farigiraf
|-fieldstart|move: Trick Room|[of] p1b: Farigiraf
|
|-heal|p1b: Farigiraf|79/100|[from] Grassy Terrain
|-heal|p1a: Lunala|74/100 slp|[from] Grassy Terrain
|-heal|p1a: Lunala|80/100 slp|[from] item: Leftovers
|-heal|p2a: Smeargle|90/100|[from] Grassy Terrain
|-heal|p2b: Calyrex|92/100|[from] Grassy Terrain
|-fieldend|move: Grassy Terrain
|-ability|p2a: Smeargle|Moody|boost
|-boost|p2a: Smeargle|spd|2
|-unboost|p2a: Smeargle|atk|1
|upkeep
|turn|7
|
|t:|1750850092
|switch|p1a: Ursaluna|Ursaluna, L50, F|100/100
|move|p2a: Smeargle|Follow Me|p2a: Smeargle
|-singleturn|p2a: Smeargle|move: Follow Me
|move|p1b: Farigiraf|Foul Play|p2a: Smeargle
|-damage|p2a: Smeargle|41/100
|move|p2b: Calyrex|Astral Barrage|p1a: Ursaluna|[spread] 
|-immune|p1a: Ursaluna
|-immune|p1b: Farigiraf
|
|-status|p1a: Ursaluna|brn|[from] item: Flame Orb
|-ability|p2a: Smeargle|Moody|boost
|-boost|p2a: Smeargle|spa|2
|-unboost|p2a: Smeargle|def|1
|upkeep
|turn|8
|
|t:|1750850142
|-terastallize|p2b: Calyrex|Dark
|move|p2a: Smeargle|Follow Me|p2a: Smeargle
|-singleturn|p2a: Smeargle|move: Follow Me
|move|p1a: Ursaluna|Facade|p2a: Smeargle
|-damage|p2a: Smeargle|0 fnt
|faint|p2a: Smeargle
|move|p1b: Farigiraf|Foul Play|p2b: Calyrex
|-resisted|p2b: Calyrex
|-damage|p2b: Calyrex|75/100
|move|p2b: Calyrex|Psychic|p1a: Ursaluna
|-damage|p1a: Ursaluna|0 fnt
|faint|p1a: Ursaluna
|-ability|p2b: Calyrex|Grim Neigh|boost
|-boost|p2b: Calyrex|spa|1
|-damage|p2b: Calyrex|65/100|[from] item: Life Orb
|
|upkeep
|
|t:|1750850156
|switch|p1a: Lunala|Lunala, L50|80/100 slp
|switch|p2a: Zamazenta|Zamazenta-Crowned, L50|100/100
|turn|9
|
|t:|1750850168
|-terastallize|p1a: Lunala|Fairy
|move|p1b: Farigiraf|Psychic|p2a: Zamazenta
|-damage|p2a: Zamazenta|77/100
|-curestatus|p1a: Lunala|slp|[msg]
|move|p1a: Lunala|Moonblast|p2b: Calyrex
|-supereffective|p2b: Calyrex
|-damage|p2b: Calyrex|0 fnt
|faint|p2b: Calyrex
|move|p2a: Zamazenta|Body Press|p1b: Farigiraf
|-damage|p1b: Farigiraf|55/100
|
|-heal|p1a: Lunala|86/100|[from] item: Leftovers
|upkeep
|
|t:|1750850179
|switch|p2b: Rillaboom|Rillaboom, L50, M|80/100
|-fieldstart|move: Grassy Terrain|[from] ability: Grassy Surge|[of] p2b: Rillaboom
|turn|10
|
|t:|1750850212
|move|p2b: Rillaboom|Fake Out||[still]
|cant|p1b: Farigiraf|ability: Armor Tail|Fake Out|[of] p2b: Rillaboom
|move|p1b: Farigiraf|Psychic|p2a: Zamazenta
|-damage|p2a: Zamazenta|53/100
|move|p1a: Lunala|Moongeist Beam|p2a: Zamazenta
|-damage|p2a: Zamazenta|12/100
|move|p2a: Zamazenta|Body Press|p1b: Farigiraf
|-damage|p1b: Farigiraf|30/100
|
|-heal|p1b: Farigiraf|36/100|[from] Grassy Terrain
|-heal|p2b: Rillaboom|86/100|[from] Grassy Terrain
|-heal|p1a: Lunala|92/100|[from] Grassy Terrain
|-heal|p1a: Lunala|99/100|[from] item: Leftovers
|-heal|p2a: Zamazenta|19/100|[from] Grassy Terrain
|-fieldend|move: Trick Room
|upkeep
|turn|11
|
|t:|1750850237
|move|p2a: Zamazenta|Heavy Slam|p1a: Lunala
|-supereffective|p1a: Lunala
|-crit|p1a: Lunala
|-damage|p1a: Lunala|0 fnt
|faint|p1a: Lunala
|move|p2b: Rillaboom|Wood Hammer|p1b: Farigiraf
|-damage|p1b: Farigiraf|0 fnt
|faint|p1b: Farigiraf
|-damage|p2b: Rillaboom|73/100|[from] Recoil
|
|win|pabloam2006
|raw|testy accounty 2's rating: 1708 &rarr; <strong>1687</strong><br />(-21 for losing)
|raw|pabloam2006's rating: 1694 &rarr; <strong>1715</strong><br />(+21 for winning)
|l|☆testy accounty 2
|player|p1|
|l|☆pabloam2006
|player|p2|
