|j|☆tcg2vgc
|j|☆merlinYVL
|t:|1750821026
|gametype|doubles
|player|p1|tcg2vgc|1|1304
|player|p2|merlinYVL|265|1346
|teamsize|p1|6
|teamsize|p2|6
|gen|9
|tier|[Gen 9] VGC 2025 Reg I
|rated|
|rule|Species Clause: Limit one of each Pokémon
|rule|Item Clause: Limit 1 of each item
|clearpoke
|poke|p1|Koraidon, L50|
|poke|p1|Weezing-Galar, L50, M|
|poke|p1|Toedscruel, L50, M|
|poke|p1|Scrafty, L50, M|
|poke|p1|Calyrex-Shadow, L50|
|poke|p1|Rillaboom, L50, F|
|poke|p2|Zamazenta-*, L50|
|poke|p2|Calyrex-Shadow, L50|
|poke|p2|Incineroar, L50, F|
|poke|p2|Rillaboom, L50, F|
|poke|p2|Urshifu-*, L50, F|
|poke|p2|Whimsicott, L50, M|
|teampreview|4
|inactive|Battle timer is ON: inactive players will automatically lose when time's up. (requested by tcg2vgc)
|
|t:|1750821058
|start
|switch|p1a: Scrafty|Scrafty, L50, M, shiny|100/100
|switch|p1b: Koraidon|Koraidon, L50|100/100
|switch|p2a: Calyrex|Calyrex-Shadow, L50|100/100
|switch|p2b: Incineroar|Incineroar, L50, F, shiny|100/100
|-ability|p2a: Calyrex|As One
|-ability|p2a: Calyrex|Unnerve
|-weather|SunnyDay|[from] ability: Orichalcum Pulse|[of] p1b: Koraidon
|-activate|p1b: Koraidon|Orichalcum Pulse|[source]
|-ability|p2b: Incineroar|Intimidate|boost
|-unboost|p1a: Scrafty|atk|1
|-unboost|p1b: Koraidon|atk|1
|-ability|p1a: Scrafty|Intimidate|boost
|-unboost|p2a: Calyrex|atk|1
|-unboost|p2b: Incineroar|atk|1
|turn|1
|inactive|merlinYVL has 30 seconds left.
|
|t:|1750821091
|-terastallize|p2a: Calyrex|Ghost
|move|p1b: Koraidon|Protect|p1b: Koraidon
|-singleturn|p1b: Koraidon|Protect
|move|p2b: Incineroar|Fake Out|p1b: Koraidon
|-activate|p1b: Koraidon|move: Protect
|move|p2a: Calyrex|Astral Barrage|p1a: Scrafty|[spread] p1a
|-activate|p1b: Koraidon|move: Protect
|-resisted|p1a: Scrafty
|-damage|p1a: Scrafty|63/100
|-damage|p2a: Calyrex|91/100|[from] item: Life Orb
|move|p1a: Scrafty|Knock Off|p2a: Calyrex
|-supereffective|p2a: Calyrex
|-damage|p2a: Calyrex|42/100
|-enditem|p2a: Calyrex|Life Orb|[from] move: Knock Off|[of] p1a: Scrafty
|
|-weather|SunnyDay|[upkeep]
|upkeep
|turn|2
|
|t:|1750821116
|-terastallize|p1b: Koraidon|Fire
|move|p1a: Scrafty|Helping Hand|p1b: Koraidon
|-singleturn|p1b: Koraidon|Helping Hand|[of] p1a: Scrafty
|move|p2a: Calyrex|Protect|p2a: Calyrex
|-singleturn|p2a: Calyrex|Protect
|move|p1b: Koraidon|Flame Charge|p2a: Calyrex
|-activate|p2a: Calyrex|move: Protect
|move|p2b: Incineroar|Parting Shot|p1b: Koraidon
|-unboost|p1b: Koraidon|atk|1
|-unboost|p1b: Koraidon|spa|1
|
|t:|1750821131
|switch|p2b: Rillaboom|Rillaboom, L50, F|100/100|[from] Parting Shot
|-fieldstart|move: Grassy Terrain|[from] ability: Grassy Surge|[of] p2b: Rillaboom
|
|-weather|SunnyDay|[upkeep]
|-heal|p2a: Calyrex|48/100|[from] Grassy Terrain
|-heal|p1a: Scrafty|69/100|[from] Grassy Terrain
|upkeep
|turn|3
|inactive|merlinYVL has 30 seconds left.
|
|t:|1750821158
|switch|p2a: Incineroar|Incineroar, L50, F, shiny|100/100
|-ability|p2a: Incineroar|Intimidate|boost
|-unboost|p1a: Scrafty|atk|1
|-unboost|p1b: Koraidon|atk|1
|switch|p1b: Rillaboom|Rillaboom, L50, F|100/100
|move|p2b: Rillaboom|Fake Out|p1b: Rillaboom
|-damage|p1b: Rillaboom|90/100
|move|p1a: Scrafty|Knock Off|p2a: Incineroar
|-resisted|p2a: Incineroar
|-damage|p2a: Incineroar|93/100
|-damage|p1a: Scrafty|52/100|[from] item: Rocky Helmet|[of] p2a: Incineroar
|-enditem|p2a: Incineroar|Rocky Helmet|[from] move: Knock Off|[of] p1a: Scrafty
|
|-weather|SunnyDay|[upkeep]
|-heal|p2a: Incineroar|99/100|[from] Grassy Terrain
|-heal|p1b: Rillaboom|96/100|[from] Grassy Terrain
|-heal|p1a: Scrafty|58/100|[from] Grassy Terrain
|upkeep
|turn|4
|
|t:|1750821182
|switch|p1a: Koraidon|Koraidon, L50, tera:Fire|100/100
|-activate|p1a: Koraidon|ability: Orichalcum Pulse
|move|p2a: Incineroar|Fake Out|p1b: Rillaboom
|-damage|p1b: Rillaboom|86/100
|move|p2b: Rillaboom|Fake Out||[still]
|-hint|Fake Out only works on your first turn out.
|-fail|p2b: Rillaboom
|cant|p1b: Rillaboom|flinch
|
|-weather|SunnyDay|[upkeep]
|-heal|p2a: Incineroar|100/100|[from] Grassy Terrain
|-heal|p1b: Rillaboom|92/100|[from] Grassy Terrain
|upkeep
|turn|5
|inactive|merlinYVL has 30 seconds left.
|inactive|merlinYVL has 20 seconds left.
|
|t:|1750821221
|move|p1a: Koraidon|Collision Course|p2a: Incineroar
|-supereffective|p2a: Incineroar
|-damage|p2a: Incineroar|0 fnt
|faint|p2a: Incineroar
|move|p2b: Rillaboom|U-turn|p1b: Rillaboom
|-supereffective|p1b: Rillaboom
|-damage|p1b: Rillaboom|52/100
|
|t:|1750821227
|switch|p2b: Zamazenta|Zamazenta-Crowned, L50|100/100|[from] U-turn
|-ability|p2b: Zamazenta|Dauntless Shield|boost
|-boost|p2b: Zamazenta|def|1
|move|p1b: Rillaboom|U-turn|p2b: Zamazenta
|-resisted|p2b: Zamazenta
|-crit|p2b: Zamazenta
|-damage|p2b: Zamazenta|96/100
|
|t:|1750821230
|switch|p1b: Scrafty|Scrafty, L50, M, shiny|58/100|[from] U-turn
|-ability|p1b: Scrafty|Intimidate|boost
|-unboost|p2b: Zamazenta|atk|1
|
|-weather|none
|-heal|p2b: Zamazenta|100/100|[from] Grassy Terrain
|-heal|p1b: Scrafty|64/100|[from] Grassy Terrain
|upkeep
|
|t:|1750821238
|switch|p2a: Rillaboom|Rillaboom, L50, F|100/100
|turn|6
|
|t:|1750821251
|switch|p1a: Rillaboom|Rillaboom, L50, F|52/100
|switch|p1b: Calyrex|Calyrex-Shadow, L50|100/100
|-ability|p1b: Calyrex|As One
|-ability|p1b: Calyrex|Unnerve
|move|p2a: Rillaboom|Fake Out|p1a: Rillaboom
|-damage|p1a: Rillaboom|40/100
|move|p2b: Zamazenta|Body Press|p1b: Calyrex
|-immune|p1b: Calyrex
|
|-heal|p1a: Rillaboom|46/100|[from] Grassy Terrain
|-fieldend|move: Grassy Terrain
|upkeep
|turn|7
|inactive|tcg2vgc has 30 seconds left.
|
|t:|1750821281
|switch|p1a: Scrafty|Scrafty, L50, M, shiny|64/100
|-ability|p1a: Scrafty|Intimidate|boost
|-unboost|p2a: Rillaboom|atk|1
|-unboost|p2b: Zamazenta|atk|1
|move|p2b: Zamazenta|Protect|p2b: Zamazenta
|-singleturn|p2b: Zamazenta|Protect
|move|p1b: Calyrex|Nasty Plot|p1b: Calyrex
|-boost|p1b: Calyrex|spa|2
|move|p2a: Rillaboom|U-turn|p1b: Calyrex
|-damage|p1b: Calyrex|86/100
|
|t:|1750821294
|switch|p2a: Calyrex|Calyrex-Shadow, L50, tera:Ghost|48/100|[from] U-turn
|-ability|p2a: Calyrex|As One
|-ability|p2a: Calyrex|Unnerve
|
|upkeep
|turn|8
|
|t:|1750821316
|move|p1b: Calyrex|Protect|p1b: Calyrex
|-singleturn|p1b: Calyrex|Protect
|move|p2a: Calyrex|Astral Barrage|p1a: Scrafty|[spread] p1a
|-activate|p1b: Calyrex|move: Protect
|-resisted|p1a: Scrafty
|-damage|p1a: Scrafty|33/100
|move|p2b: Zamazenta|Body Press|p1a: Scrafty
|-supereffective|p1a: Scrafty
|-damage|p1a: Scrafty|0 fnt
|-damage|p2b: Zamazenta|84/100|[from] item: Rocky Helmet|[of] p1a: Scrafty
|faint|p1a: Scrafty
|
|upkeep
|
|t:|1750821326
|switch|p1a: Rillaboom|Rillaboom, L50, F|46/100
|-fieldstart|move: Grassy Terrain|[from] ability: Grassy Surge|[of] p1a: Rillaboom
|turn|9
|inactive|tcg2vgc has 30 seconds left.
|inactive|merlinYVL has 30 seconds left.
|
|t:|1750821358
|move|p2b: Zamazenta|Wide Guard|p2b: Zamazenta
|-singleturn|p2b: Zamazenta|Wide Guard
|move|p1a: Rillaboom|Fake Out|p2b: Zamazenta
|-resisted|p2b: Zamazenta
|-damage|p2b: Zamazenta|82/100
|move|p2a: Calyrex|Astral Barrage|p1b: Calyrex|[spread] p1a,p1b
|-supereffective|p1b: Calyrex
|-damage|p1a: Rillaboom|3/100
|-damage|p1b: Calyrex|0 fnt
|faint|p1b: Calyrex
|-ability|p2a: Calyrex|Grim Neigh|boost
|-boost|p2a: Calyrex|spa|1
|
|-heal|p2a: Calyrex|54/100|[from] Grassy Terrain
|-heal|p2b: Zamazenta|88/100|[from] Grassy Terrain
|-heal|p1a: Rillaboom|9/100|[from] Grassy Terrain
|upkeep
|
|t:|1750821366
|switch|p1b: Koraidon|Koraidon, L50, tera:Fire|100/100
|-weather|SunnyDay|[from] ability: Orichalcum Pulse|[of] p1b: Koraidon
|-activate|p1b: Koraidon|Orichalcum Pulse|[source]
|turn|10
|
|t:|1750821380
|move|p1a: Rillaboom|Grassy Glide|p2a: Calyrex
|-damage|p2a: Calyrex|11/100
|move|p2a: Calyrex|Astral Barrage|p1a: Rillaboom|[spread] p1a,p1b
|-damage|p1a: Rillaboom|0 fnt
|-damage|p1b: Koraidon|15/100
|faint|p1a: Rillaboom
|-ability|p2a: Calyrex|Grim Neigh|boost
|-boost|p2a: Calyrex|spa|1
|move|p1b: Koraidon|Flame Charge|p2b: Zamazenta
|-supereffective|p2b: Zamazenta
|-crit|p2b: Zamazenta
|-damage|p2b: Zamazenta|0 fnt
|-boost|p1b: Koraidon|spe|1
|faint|p2b: Zamazenta
|
|-weather|SunnyDay|[upkeep]
|-heal|p1b: Koraidon|21/100|[from] Grassy Terrain
|-heal|p2a: Calyrex|18/100|[from] Grassy Terrain
|upkeep
|
|t:|1750821391
|switch|p2b: Rillaboom|Rillaboom, L50, F|100/100
|turn|11
|
|t:|1750821399
|move|p1b: Koraidon|Protect|p1b: Koraidon
|-singleturn|p1b: Koraidon|Protect
|move|p2b: Rillaboom|Fake Out|p1b: Koraidon
|-activate|p1b: Koraidon|move: Protect
|move|p2a: Calyrex|Astral Barrage|p1b: Koraidon
|-activate|p1b: Koraidon|move: Protect
|
|-weather|SunnyDay|[upkeep]
|-heal|p1b: Koraidon|27/100|[from] Grassy Terrain
|-heal|p2a: Calyrex|24/100|[from] Grassy Terrain
|upkeep
|turn|12
|
|t:|1750821410
|move|p2b: Rillaboom|Grassy Glide|p1b: Koraidon
|-resisted|p1b: Koraidon
|-crit|p1b: Koraidon
|-damage|p1b: Koraidon|9/100
|move|p1b: Koraidon|Flame Charge|p2b: Rillaboom
|-supereffective|p2b: Rillaboom
|-damage|p2b: Rillaboom|0 fnt
|-boost|p1b: Koraidon|spe|1
|faint|p2b: Rillaboom
|move|p2a: Calyrex|Astral Barrage|p1b: Koraidon
|-damage|p1b: Koraidon|0 fnt
|faint|p1b: Koraidon
|
|win|merlinYVL
|raw|tcg2vgc's rating: 1304 &rarr; <strong>1286</strong><br />(-18 for losing)
|raw|merlinYVL's rating: 1346 &rarr; <strong>1364</strong><br />(+18 for winning)
|c|☆merlinYVL|gg
|l|☆tcg2vgc
|player|p1|
