|j|☆seemeier
|j|☆peter_polenta
|t:|1750873608
|gametype|doubles
|player|p1|seemeier|1|1502
|player|p2|peter_polenta|1|1633
|teamsize|p1|6
|teamsize|p2|6
|gen|9
|tier|[Gen 9] VGC 2025 Reg I
|rated|
|rule|Species Clause: Limit one of each Pokémon
|rule|Item Clause: Limit 1 of each item
|clearpoke
|poke|p1|Scizor, L50, M|
|poke|p1|Roaring Moon, L50|
|poke|p1|Okidogi, L50, M|
|poke|p1|Indeedee-F, L50, F|
|poke|p1|Lunala, L50|
|poke|p1|Kyurem-Black, L50|
|poke|p2|Calyrex-Ice, L50|
|poke|p2|Miraidon, L50|
|poke|p2|Grimmsnarl, L50, M|
|poke|p2|Urshifu-*, L50, F|
|poke|p2|Incineroar, L50, F|
|poke|p2|Landorus, L50, M|
|teampreview|4
|inactive|Battle timer is ON: inactive players will automatically lose when time's up. (requested by seemeier)
|inactive|seemeier has 60 seconds left.
|inactive|seemeier has 30 seconds left.
|
|t:|1750873669
|start
|switch|p1a: Okidogi|Okidogi, L50, M|100/100
|switch|p1b: Lunala|Lunala, L50|100/100
|switch|p2a: Grimmsnarl|Grimmsnarl, L50, M|100/100
|switch|p2b: Calyrex|Calyrex-Ice, L50|100/100
|-ability|p2b: Calyrex|As One
|-ability|p2b: Calyrex|Unnerve
|turn|1
|
|t:|1750873691
|-terastallize|p1b: Lunala|Water
|-terastallize|p2b: Calyrex|Water
|move|p2a: Grimmsnarl|Reflect|p2a: Grimmsnarl
|-sidestart|p2: peter_polenta|Reflect
|move|p1b: Lunala|Meteor Beam||[still]
|-prepare|p1b: Lunala|Meteor Beam
|-boost|p1b: Lunala|spa|1
|-enditem|p1b: Lunala|Power Herb
|-anim|p1b: Lunala|Meteor Beam|p2b: Calyrex
|-damage|p2b: Calyrex|55/100
|move|p1a: Okidogi|Low Kick|p2b: Calyrex
|-damage|p2b: Calyrex|27/100
|move|p2b: Calyrex|Leech Seed|p1b: Lunala|[miss]
|-miss|p2b: Calyrex|p1b: Lunala
|
|-heal|p2b: Calyrex|32/100|[from] item: Leftovers
|upkeep
|turn|2
|
|t:|1750873714
|move|p2b: Calyrex|Protect|p2b: Calyrex
|-singleturn|p2b: Calyrex|Protect
|move|p2a: Grimmsnarl|Light Screen|p2a: Grimmsnarl
|-sidestart|p2: peter_polenta|move: Light Screen
|move|p1b: Lunala|Moongeist Beam|p2b: Calyrex
|-activate|p2b: Calyrex|move: Protect
|move|p1a: Okidogi|Low Kick|p2a: Grimmsnarl
|-damage|p2a: Grimmsnarl|68/100
|
|-heal|p2b: Calyrex|38/100|[from] item: Leftovers
|upkeep
|turn|3
|inactive|peter_polenta has 30 seconds left.
|inactive|peter_polenta has 20 seconds left.
|
|t:|1750873753
|switch|p2b: Urshifu|Urshifu-Rapid-Strike, L50, F|100/100
|move|p1b: Lunala|Moongeist Beam|p2b: Urshifu
|-damage|p2b: Urshifu|37/100
|move|p1a: Okidogi|Low Kick|p2b: Urshifu
|-damage|p2b: Urshifu|0 fnt
|faint|p2b: Urshifu
|move|p2a: Grimmsnarl|Spirit Break|p1b: Lunala
|-damage|p1b: Lunala|88/100
|-unboost|p1b: Lunala|spa|1
|
|upkeep
|j| ZogJazzY
|
|t:|1750873768
|switch|p2b: Miraidon|Miraidon, L50|100/100
|-fieldstart|move: Electric Terrain|[from] ability: Hadron Engine|[of] p2b: Miraidon
|turn|4
|
|t:|1750873781
|switch|p1b: Kyurem|Kyurem-Black, L50|100/100
|-ability|p1b: Kyurem|Teravolt
|move|p2a: Grimmsnarl|Thunder Wave|p1a: Okidogi
|-status|p1a: Okidogi|par
|move|p2b: Miraidon|Electro Drift|p1a: Okidogi
|-damage|p1a: Okidogi|0 fnt
|faint|p1a: Okidogi
|
|upkeep
|
|t:|1750873794
|switch|p1a: Scizor|Scizor, L50, M|100/100
|turn|5
|
|t:|1750873815
|switch|p2a: Calyrex|Calyrex-Ice, L50, tera:Water|38/100
|-ability|p2a: Calyrex|As One
|-ability|p2a: Calyrex|Unnerve
|move|p2b: Miraidon|Electro Drift|p1a: Scizor
|-damage|p1a: Scizor|0 fnt
|faint|p1a: Scizor
|move|p1b: Kyurem|Ice Fang|p2b: Miraidon
|-supereffective|p2b: Miraidon
|-damage|p2b: Miraidon|49/100
|
|-heal|p2a: Calyrex|44/100|[from] item: Leftovers
|upkeep
|
|t:|1750873828
|switch|p1a: Lunala|Lunala, L50, tera:Water|88/100
|turn|6
|
|t:|1750873837
|move|p2b: Miraidon|Electro Drift|p1a: Lunala
|-supereffective|p1a: Lunala
|-damage|p1a: Lunala|0 fnt
|faint|p1a: Lunala
|move|p1b: Kyurem|Fusion Bolt|p2a: Calyrex
|-supereffective|p2a: Calyrex
|-damage|p2a: Calyrex|0 fnt
|faint|p2a: Calyrex
|
|upkeep
|
|t:|1750873847
|switch|p2a: Grimmsnarl|Grimmsnarl, L50, M|68/100
|turn|7
|
|t:|1750873852
|move|p1b: Kyurem|Protect|p1b: Kyurem
|-singleturn|p1b: Kyurem|Protect
|move|p2a: Grimmsnarl|Thunder Wave|p1b: Kyurem
|-activate|p1b: Kyurem|move: Protect
|move|p2b: Miraidon|Electro Drift|p1b: Kyurem
|-activate|p1b: Kyurem|move: Protect
|
|upkeep
|turn|8
|
|t:|1750873870
|move|p2a: Grimmsnarl|Thunder Wave|p1b: Kyurem
|-status|p1b: Kyurem|par
|move|p2b: Miraidon|Electro Drift|p1b: Kyurem
|-resisted|p1b: Kyurem
|-damage|p1b: Kyurem|47/100 par
|move|p1b: Kyurem|Ice Fang|p2b: Miraidon
|-supereffective|p2b: Miraidon
|-damage|p2b: Miraidon|2/100
|-status|p2b: Miraidon|frz
|
|-sideend|p2: peter_polenta|Reflect
|-fieldend|move: Electric Terrain
|upkeep
|turn|9
|
|t:|1750873885
|move|p2a: Grimmsnarl|Reflect|p2a: Grimmsnarl
|-sidestart|p2: peter_polenta|Reflect
|-curestatus|p2b: Miraidon|frz|[msg]
|move|p2b: Miraidon|Electro Drift|p1b: Kyurem
|-resisted|p1b: Kyurem
|-damage|p1b: Kyurem|17/100 par
|move|p1b: Kyurem|Fusion Bolt|p2a: Grimmsnarl
|-damage|p2a: Grimmsnarl|33/100
|
|-sideend|p2: peter_polenta|move: Light Screen
|upkeep
|turn|10
|
|t:|1750873898
|move|p2b: Miraidon|Electro Drift|p1b: Kyurem
|-resisted|p1b: Kyurem
|-damage|p1b: Kyurem|0 fnt
|faint|p1b: Kyurem
|
|win|peter_polenta
|raw|seemeier's rating: 1502 &rarr; <strong>1489</strong><br />(-13 for losing)
|raw|peter_polenta's rating: 1633 &rarr; <strong>1646</strong><br />(+13 for winning)
|l| ZogJazzY
|j| R15jocker11C
|l|☆seemeier
|player|p1|
|l|☆peter_polenta
|player|p2|
|l| R15jocker11C
