|j|☆MGrive
|j|☆Qaiseazy
|t:|1750764338
|gametype|doubles
|player|p1|MGrive|266|1066
|player|p2|Qaiseazy|hilbert|1000
|teamsize|p1|6
|teamsize|p2|6
|gen|9
|tier|[Gen 9] VGC 2025 Reg I
|rated|
|rule|Species Clause: Limit one of each Pokémon
|rule|Item Clause: Limit 1 of each item
|clearpoke
|poke|p1|Smeargle, L50, F|
|poke|p1|Golurk, L50|
|poke|p1|Clefairy, L50, F|
|poke|p1|Koraidon, L50|
|poke|p1|Flutter Mane, L50|
|poke|p1|Gothitelle, L50, F|
|poke|p2|Lunala, L50|
|poke|p2|Miraidon, L50|
|poke|p2|Incineroar, L50, M|
|poke|p2|Urshifu-*, L50, M|
|poke|p2|Grimmsnarl, L50, M|
|poke|p2|Pelipper, L50, M|
|teampreview|4
|inactive|Battle timer is ON: inactive players will automatically lose when time's up. (requested by MGrive)
|l|☆MGrive
|inactive|MGrive disconnected and has a minute to reconnect!
|player|p1|
|j|☆MGrive
|inactive|MGrive reconnected.
|player|p1|MGrive|266|
|l|☆MGrive
|inactive|MGrive disconnected and has a minute to reconnect!
|player|p1|
|
|t:|1750764399
|start
|switch|p1a: Golurk|Golurk, L50|100/100
|switch|p1b: Smeargle|Smeargle, L50, F, shiny|100/100
|switch|p2a: Miraidon|Miraidon, L50|100/100
|switch|p2b: Incineroar|Incineroar, L50, M, shiny|100/100
|-fieldstart|move: Electric Terrain|[from] ability: Hadron Engine|[of] p2a: Miraidon
|-ability|p2b: Incineroar|Intimidate|boost
|-unboost|p1a: Golurk|atk|1
|-unboost|p1b: Smeargle|atk|1
|turn|1
|inactive|MGrive has 30 seconds left.
|inactive|Qaiseazy has 30 seconds left.
|j|☆MGrive
|inactive|MGrive reconnected and has 30 seconds left.
|player|p1|MGrive|266|
|inactive|MGrive has 20 seconds left.
|inactive|MGrive has 15 seconds left.
|
|t:|1750764439
|move|p2b: Incineroar|Fake Out|p1b: Smeargle
|-damage|p1b: Smeargle|71/100
|move|p2a: Miraidon|Electro Drift|p1a: Golurk
|-immune|p1a: Golurk
|cant|p1b: Smeargle|flinch
|move|p1a: Golurk|Icy Wind|p2a: Miraidon|[spread] p2a,p2b
|-supereffective|p2a: Miraidon
|-resisted|p2b: Incineroar
|-damage|p2a: Miraidon|92/100
|-damage|p2b: Incineroar|98/100
|-unboost|p2a: Miraidon|spe|1
|-unboost|p2b: Incineroar|spe|1
|
|-ability|p1b: Smeargle|Moody|boost
|-boost|p1b: Smeargle|spe|2
|-unboost|p1b: Smeargle|spd|1
|upkeep
|turn|2
|
|t:|1750764464
|move|p1b: Smeargle|Skill Swap|p1a: Golurk
|-activate|p1b: Smeargle|move: Skill Swap|||[of] p1a: Golurk
|move|p2a: Miraidon|Electro Drift|p1b: Smeargle
|-damage|p1b: Smeargle|0 fnt
|faint|p1b: Smeargle
|move|p1a: Golurk|Icy Wind|p2b: Incineroar|[spread] p2a,p2b
|-supereffective|p2a: Miraidon
|-resisted|p2b: Incineroar
|-damage|p2a: Miraidon|84/100
|-damage|p2b: Incineroar|95/100
|-unboost|p2a: Miraidon|spe|1
|-unboost|p2b: Incineroar|spe|1
|move|p2b: Incineroar|Knock Off|p1a: Golurk
|-supereffective|p1a: Golurk
|-damage|p1a: Golurk|41/100
|-damage|p2b: Incineroar|79/100|[from] item: Rocky Helmet|[of] p1a: Golurk
|-enditem|p1a: Golurk|Rocky Helmet|[from] move: Knock Off|[of] p2b: Incineroar
|
|-ability|p1a: Golurk|Moody|boost
|-boost|p1a: Golurk|spd|2
|-unboost|p1a: Golurk|def|1
|upkeep
|
|t:|1750764487
|switch|p1b: Koraidon|Koraidon, L50|100/100
|-weather|SunnyDay|[from] ability: Orichalcum Pulse|[of] p1b: Koraidon
|-activate|p1b: Koraidon|Orichalcum Pulse|[source]
|turn|3
|
|t:|1750764500
|switch|p1a: Clefairy|Clefairy, L50, F|100/100
|switch|p2b: Pelipper|Pelipper, L50, M|100/100
|-weather|RainDance|[from] ability: Drizzle|[of] p2b: Pelipper
|-terastallize|p1b: Koraidon|Fire
|move|p1b: Koraidon|Flare Blitz|p2a: Miraidon
|-resisted|p2a: Miraidon
|-damage|p2a: Miraidon|64/100
|-damage|p1b: Koraidon|94/100|[from] Recoil
|-damage|p1b: Koraidon|84/100|[from] item: Life Orb
|move|p2a: Miraidon|Dazzling Gleam|p1b: Koraidon|[spread] p1a,p1b
|-resisted|p1b: Koraidon
|-damage|p1a: Clefairy|81/100
|-damage|p1b: Koraidon|71/100
|
|-weather|RainDance|[upkeep]
|upkeep
|turn|4
|inactive|MGrive has 30 seconds left.
|inactive|Qaiseazy has 30 seconds left.
|
|t:|1750764533
|move|p1a: Clefairy|Follow Me|p1a: Clefairy
|-singleturn|p1a: Clefairy|move: Follow Me
|move|p1b: Koraidon|U-turn|p2b: Pelipper
|-resisted|p2b: Pelipper
|-damage|p2b: Pelipper|78/100
|-damage|p1b: Koraidon|61/100|[from] item: Life Orb
|
|t:|1750764539
|switch|p1b: Golurk|Golurk, L50|41/100|[from] U-turn
|move|p2b: Pelipper|Weather Ball|p1a: Clefairy
|-damage|p1a: Clefairy|29/100
|move|p2a: Miraidon|Electro Drift|p1a: Clefairy
|-damage|p1a: Clefairy|0 fnt
|faint|p1a: Clefairy
|
|-weather|RainDance|[upkeep]
|upkeep
|
|t:|1750764552
|switch|p1a: Koraidon|Koraidon, L50, tera:Fire|61/100
|-weather|SunnyDay|[from] ability: Orichalcum Pulse|[of] p1a: Koraidon
|-activate|p1a: Koraidon|Orichalcum Pulse|[source]
|turn|5
|inactive|Qaiseazy has 30 seconds left.
|
|t:|1750764585
|switch|p2b: Incineroar|Incineroar, L50, M, shiny|79/100
|-ability|p2b: Incineroar|Intimidate|boost
|-unboost|p1a: Koraidon|atk|1
|-unboost|p1b: Golurk|atk|1
|move|p1a: Koraidon|Close Combat|p2a: Miraidon
|-damage|p2a: Miraidon|0 fnt
|-unboost|p1a: Koraidon|def|1
|-unboost|p1a: Koraidon|spd|1
|faint|p2a: Miraidon
|-damage|p1a: Koraidon|51/100|[from] item: Life Orb
|move|p1b: Golurk|Rock Slide|p2b: Incineroar
|-supereffective|p2b: Incineroar
|-damage|p2b: Incineroar|57/100
|
|-weather|SunnyDay|[upkeep]
|-fieldend|move: Electric Terrain
|upkeep
|
|t:|1750764603
|switch|p2a: Pelipper|Pelipper, L50, M|78/100
|-weather|RainDance|[from] ability: Drizzle|[of] p2a: Pelipper
|turn|6
|
|t:|1750764619
|move|p1a: Koraidon|Protect|p1a: Koraidon
|-singleturn|p1a: Koraidon|Protect
|move|p2b: Incineroar|Fake Out|p1a: Koraidon
|-activate|p1a: Koraidon|move: Protect
|move|p2a: Pelipper|Weather Ball|p1b: Golurk
|-supereffective|p1b: Golurk
|-damage|p1b: Golurk|0 fnt
|faint|p1b: Golurk
|
|-weather|RainDance|[upkeep]
|upkeep
|turn|7
|
|t:|1750764641
|move|p1a: Koraidon|Close Combat|p2a: Pelipper
|-resisted|p2a: Pelipper
|-damage|p2a: Pelipper|39/100
|-unboost|p1a: Koraidon|def|1
|-unboost|p1a: Koraidon|spd|1
|-damage|p1a: Koraidon|41/100|[from] item: Life Orb
|move|p2a: Pelipper|Weather Ball|p1a: Koraidon
|-supereffective|p1a: Koraidon
|-damage|p1a: Koraidon|0 fnt
|faint|p1a: Koraidon
|
|win|Qaiseazy
|raw|MGrive's rating: 1066 &rarr; <strong>1042</strong><br />(-24 for losing)
|raw|Qaiseazy's rating: 1000 &rarr; <strong>1048</strong><br />(+48 for winning)
|l|☆MGrive
|player|p1|
