|j|☆peachykeane
|j|☆Xeno101
|t:|1750868771
|gametype|doubles
|player|p1|peachykeane|cowgirl|1403
|player|p2|Xeno101|swimmer-gen4|1299
|teamsize|p1|6
|teamsize|p2|6
|gen|9
|tier|[Gen 9] VGC 2025 Reg I
|rated|
|rule|Species Clause: Limit one of each Pokémon
|rule|Item Clause: Limit 1 of each item
|clearpoke
|poke|p1|Zamazenta-*, L50|
|poke|p1|Calyrex-Shadow, L50|
|poke|p1|Tornadus, L50, M|
|poke|p1|Rillaboom, L50, M|
|poke|p1|Smeargle, L50, M|
|poke|p1|Raging Bolt, L50|
|poke|p2|Incineroar, L50, F|
|poke|p2|Flutter Mane, L50|
|poke|p2|Brute Bonnet, L50|
|poke|p2|Groudon, L50|
|poke|p2|Zapdos-Galar, L50|
|poke|p2|Thundurus, L50, M|
|teampreview|4
Xeno101 has agreed to open team sheets.
|inactive|Battle timer is ON: inactive players will automatically lose when time's up. (requested by Xeno101)
|
|t:|1750868843
|start
|switch|p1a: Smeargle|Smeargle, L50, M|100/100
|switch|p1b: Tornadus|Tornadus, L50, M|100/100
|switch|p2a: Thundurus|Thundurus, L50, M|100/100
|switch|p2b: Zapdos|Zapdos-Galar, L50|100/100
|turn|1
|
|t:|1750868858
|move|p2a: Thundurus|Taunt|p1a: Smeargle
|-start|p1a: Smeargle|move: Taunt
|move|p1b: Tornadus|Taunt|p2a: Thundurus
|-start|p2a: Thundurus|move: Taunt
|move|p2b: Zapdos|Tailwind|p2b: Zapdos
|-sidestart|p2: Xeno101|move: Tailwind
|cant|p1a: Smeargle|move: Taunt|Spore
|
|-ability|p1a: Smeargle|Moody|boost
|-boost|p1a: Smeargle|def|2
|-unboost|p1a: Smeargle|atk|1
|upkeep
|turn|2
|inactive|peachykeane has 30 seconds left.
|inactive|Xeno101 has 30 seconds left.
|
|t:|1750868889
|switch|p1a: Zamazenta|Zamazenta-Crowned, L50|100/100
|-ability|p1a: Zamazenta|Dauntless Shield|boost
|-boost|p1a: Zamazenta|def|1
|move|p2a: Thundurus|Wildbolt Storm|p1a: Zamazenta|[spread] p1a,p1b
|-supereffective|p1b: Tornadus
|-damage|p1a: Zamazenta|73/100
|-damage|p1b: Tornadus|22/100
|-status|p1b: Tornadus|par
|move|p2b: Zapdos|Brave Bird|p1b: Tornadus
|-damage|p1b: Tornadus|0 fnt
|faint|p1b: Tornadus
|-damage|p2b: Zapdos|93/100|[from] Recoil
|
|upkeep
|inactive|peachykeane has 30 seconds left.
|inactive|peachykeane has 20 seconds left.
|inactive|peachykeane has 15 seconds left.
|inactive|peachykeane has 10 seconds left.
|inactive|peachykeane has 5 seconds left.
|
|t:|1750868943
|switch|p1b: Smeargle|Smeargle, L50, M|100/100
|turn|3
|
|t:|1750868955
|-terastallize|p1a: Zamazenta|Grass
|move|p1a: Zamazenta|Wide Guard|p1a: Zamazenta
|-singleturn|p1a: Zamazenta|Wide Guard
|move|p2a: Thundurus|Wildbolt Storm|p1a: Zamazenta|[spread] 
|-activate|p1a: Zamazenta|move: Wide Guard
|-activate|p1b: Smeargle|move: Wide Guard
|move|p2b: Zapdos|Close Combat|p1a: Zamazenta
|-damage|p1a: Zamazenta|51/100
|-unboost|p2b: Zapdos|def|1
|-unboost|p2b: Zapdos|spd|1
|move|p1b: Smeargle|Spore|p2b: Zapdos
|-status|p2b: Zapdos|slp|[from] move: Spore
|
|-ability|p1b: Smeargle|Moody|boost
|-boost|p1b: Smeargle|spa|2
|-unboost|p1b: Smeargle|spe|1
|upkeep
|turn|4
|inactive|peachykeane has 30 seconds left.
|inactive|Xeno101 has 30 seconds left.
|
|t:|1750868986
|move|p2a: Thundurus|Wildbolt Storm|p1a: Zamazenta|[spread] p1a,p1b
|-resisted|p1a: Zamazenta
|-damage|p1a: Zamazenta|38/100
|-damage|p1b: Smeargle|2/100
|cant|p2b: Zapdos|slp
|move|p1a: Zamazenta|Body Press|p2b: Zapdos
|-resisted|p2b: Zapdos
|-crit|p2b: Zapdos
|-damage|p2b: Zapdos|0 fnt
|faint|p2b: Zapdos
|move|p1b: Smeargle|Spore|p2a: Thundurus
|-status|p2a: Thundurus|slp|[from] move: Spore
|
|-end|p2a: Thundurus|move: Taunt
|-sideend|p2: Xeno101|move: Tailwind
|-ability|p1b: Smeargle|Moody|boost
|-boost|p1b: Smeargle|spa|2
|-unboost|p1b: Smeargle|spd|1
|upkeep
|
|t:|1750868997
|switch|p2b: Brute Bonnet|Brute Bonnet, L50|100/100
|turn|5
|
|t:|1750869012
|switch|p2a: Groudon|Groudon, L50|100/100
|-weather|SunnyDay|[from] ability: Drought|[of] p2a: Groudon
|-activate|p2b: Brute Bonnet|ability: Protosynthesis
|-start|p2b: Brute Bonnet|protosynthesisatk
|move|p2b: Brute Bonnet|Sucker Punch|p1a: Zamazenta
|-damage|p1a: Zamazenta|19/100
|move|p1a: Zamazenta|Body Press|p2b: Brute Bonnet
|-supereffective|p2b: Brute Bonnet
|-damage|p2b: Brute Bonnet|0 fnt
|faint|p2b: Brute Bonnet
|-end|p2b: Brute Bonnet|Protosynthesis|[silent]
|move|p1b: Smeargle|Spore|p2a: Groudon
|-status|p2a: Groudon|slp|[from] move: Spore
|
|-weather|SunnyDay|[upkeep]
|-ability|p1b: Smeargle|Moody|boost
|-boost|p1b: Smeargle|atk|2
|-unboost|p1b: Smeargle|spa|1
|upkeep
|
|t:|1750869022
|switch|p2b: Thundurus|Thundurus, L50, M|100/100 slp
|turn|6
|inactive|peachykeane has 30 seconds left.
|
|t:|1750869059
|switch|p1a: Calyrex|Calyrex-Shadow, L50|100/100
|-ability|p1a: Calyrex|As One
|-ability|p1a: Calyrex|Unnerve
|cant|p2b: Thundurus|slp
|cant|p2a: Groudon|slp
|move|p1b: Smeargle|Decorate|p1a: Calyrex
|-boost|p1a: Calyrex|atk|2
|-boost|p1a: Calyrex|spa|2
|
|-weather|SunnyDay|[upkeep]
|-ability|p1b: Smeargle|Moody|boost
|-boost|p1b: Smeargle|spd|2
|-unboost|p1b: Smeargle|def|1
|upkeep
|turn|7
|
|t:|1750869084
|-terastallize|p2a: Groudon|Steel
|move|p1b: Smeargle|Follow Me|p1b: Smeargle
|-singleturn|p1b: Smeargle|move: Follow Me
|cant|p2b: Thundurus|slp
|move|p1a: Calyrex|Astral Barrage|p2b: Thundurus|[spread] p2a,p2b
|-damage|p2a: Groudon|8/100 slp
|-damage|p2b: Thundurus|0 fnt
|faint|p2b: Thundurus
|-ability|p1a: Calyrex|Grim Neigh|boost
|-boost|p1a: Calyrex|spa|1
|-damage|p1a: Calyrex|91/100|[from] item: Life Orb
|-curestatus|p2a: Groudon|slp|[msg]
|move|p2a: Groudon|Precipice Blades|p1b: Smeargle|[spread] p1a,p1b
|-damage|p1a: Calyrex|27/100
|-damage|p1b: Smeargle|0 fnt
|faint|p1b: Smeargle
|
|-weather|SunnyDay|[upkeep]
|upkeep
|
|t:|1750869093
|switch|p1b: Zamazenta|Zamazenta-Crowned, L50, tera:Grass|19/100
|turn|8
|c|☆Xeno101|gg
|c|☆peachykeane|gg
|
|t:|1750869104
|move|p1b: Zamazenta|Wide Guard|p1b: Zamazenta
|-singleturn|p1b: Zamazenta|Wide Guard
|move|p1a: Calyrex|Astral Barrage|p2a: Groudon
|-damage|p2a: Groudon|0 fnt
|faint|p2a: Groudon
|-damage|p1a: Calyrex|17/100|[from] item: Life Orb
|
|win|peachykeane
|raw|peachykeane's rating: 1403 &rarr; <strong>1417</strong><br />(+14 for winning)
|raw|Xeno101's rating: 1299 &rarr; <strong>1281</strong><br />(-18 for losing)
|l|☆Xeno101
|player|p2|
