|j|☆fakeuberx
|j|☆AaronAstro
|t:|1750724325
|gametype|doubles
|player|p1|fakeuberx|101|1363
|player|p2|AaronAstro|ethan|1260
|teamsize|p1|6
|teamsize|p2|6
|gen|9
|tier|[Gen 9] VGC 2025 Reg I
|rated|
|rule|Species Clause: Limit one of each Pokémon
|rule|Item Clause: Limit 1 of each item
|clearpoke
|poke|p1|Calyrex-Shadow, L50|
|poke|p1|Incineroar, L50, F|
|poke|p1|Zamazenta-*, L50|
|poke|p1|Clefairy, L50, M|
|poke|p1|Rillaboom, L50, M|
|poke|p1|Tornadus, L50, M|
|poke|p2|Seedot, L50, F|
|poke|p2|Calyrex-Ice, L50|
|poke|p2|Farigiraf, L50, M|
|poke|p2|Miraidon, L50|
|poke|p2|Iron Hands, L50|
|poke|p2|Incineroar, L50, F|
|teampreview|4
|
|t:|1750724363
|start
|switch|p1a: Zamazenta|Zamazenta-Crowned, L50|100/100
|switch|p1b: Rillaboom|Rillaboom, L50, M|100/100
|switch|p2a: Miraidon|Miraidon, L50|100/100
|switch|p2b: Farigiraf|Farigiraf, L50, M|100/100
|-fieldstart|move: Electric Terrain|[from] ability: Hadron Engine|[of] p2a: Miraidon
|-enditem|p2b: Farigiraf|Electric Seed
|-boost|p2b: Farigiraf|def|1|[from] item: Electric Seed
|-ability|p1a: Zamazenta|Dauntless Shield|boost
|-boost|p1a: Zamazenta|def|1
|-fieldstart|move: Grassy Terrain|[from] ability: Grassy Surge|[of] p1b: Rillaboom
|turn|1
|inactive|Battle timer is ON: inactive players will automatically lose when time's up. (requested by AaronAstro)
|
|t:|1750724382
|move|p2a: Miraidon|Volt Switch|p1a: Zamazenta
|-damage|p1a: Zamazenta|60/100
|
|t:|1750724385
|switch|p2a: Seedot|Seedot, L50, F|100/100|[from] Volt Switch
|move|p1a: Zamazenta|Body Press|p2b: Farigiraf
|-damage|p2b: Farigiraf|69/100
|move|p1b: Rillaboom|U-turn|p2b: Farigiraf
|-supereffective|p2b: Farigiraf
|-damage|p2b: Farigiraf|45/100
|
|t:|1750724393
|switch|p1b: Calyrex|Calyrex-Shadow, L50|100/100|[from] U-turn
|-ability|p1b: Calyrex|As One
|-ability|p1b: Calyrex|Unnerve
|move|p2b: Farigiraf|Trick Room|p2b: Farigiraf
|-fieldstart|move: Trick Room|[of] p2b: Farigiraf
|
|-heal|p2b: Farigiraf|51/100|[from] Grassy Terrain
|-heal|p1a: Zamazenta|66/100|[from] Grassy Terrain
|upkeep
|turn|2
|inactive|AaronAstro has 30 seconds left.
|inactive|AaronAstro has 20 seconds left.
|inactive|AaronAstro has 15 seconds left.
|
|t:|1750724437
|move|p2a: Seedot|Endure|p2a: Seedot
|-singleturn|p2a: Seedot|move: Endure
|move|p1b: Calyrex|Protect|p1b: Calyrex
|-singleturn|p1b: Calyrex|Protect
|move|p2b: Farigiraf|Psychic|p1a: Zamazenta
|-damage|p1a: Zamazenta|42/100
|move|p1a: Zamazenta|Body Press|p2b: Farigiraf
|-damage|p2b: Farigiraf|21/100
|
|-heal|p2b: Farigiraf|27/100|[from] Grassy Terrain
|-heal|p1a: Zamazenta|48/100|[from] Grassy Terrain
|upkeep
|turn|3
|inactive|AaronAstro has 30 seconds left.
|
|t:|1750724465
|switch|p1b: Rillaboom|Rillaboom, L50, M|100/100
|move|p2a: Seedot|Foul Play|p1b: Rillaboom
|-crit|p1b: Rillaboom
|-damage|p1b: Rillaboom|56/100
|move|p2b: Farigiraf|Psychic|p1a: Zamazenta
|-damage|p1a: Zamazenta|25/100
|-unboost|p1a: Zamazenta|spd|1
|move|p1a: Zamazenta|Heavy Slam|p2a: Seedot
|-enditem|p2a: Seedot|Focus Sash
|-damage|p2a: Seedot|1/100
|
|-heal|p2a: Seedot|8/100|[from] Grassy Terrain
|-heal|p2b: Farigiraf|33/100|[from] Grassy Terrain
|-heal|p1b: Rillaboom|62/100|[from] Grassy Terrain
|-heal|p1a: Zamazenta|32/100|[from] Grassy Terrain
|upkeep
|turn|4
|inactive|fakeuberx has 30 seconds left.
|
|t:|1750724490
|switch|p2b: Calyrex|Calyrex-Ice, L50|100/100
|-ability|p2b: Calyrex|As One
|-ability|p2b: Calyrex|Unnerve
|move|p1a: Zamazenta|Protect|p1a: Zamazenta
|-singleturn|p1a: Zamazenta|Protect
|move|p2a: Seedot|Endeavor|p1b: Rillaboom
|-damage|p1b: Rillaboom|4/100
|move|p1b: Rillaboom|U-turn|p2a: Seedot
|-supereffective|p2a: Seedot
|-damage|p2a: Seedot|0 fnt
|faint|p2a: Seedot
|
|t:|1750724506
|switch|p1b: Clefairy|Clefairy, L50, M|100/100|[from] U-turn
|
|-heal|p1a: Zamazenta|38/100|[from] Grassy Terrain
|upkeep
|
|t:|1750724517
|switch|p2a: Farigiraf|Farigiraf, L50, M|33/100
|turn|5
|
|t:|1750724533
|switch|p1b: Rillaboom|Rillaboom, L50, M|4/100
|move|p1a: Zamazenta|Wide Guard|p1a: Zamazenta
|-singleturn|p1a: Zamazenta|Wide Guard
|move|p2b: Calyrex|High Horsepower|p1a: Zamazenta
|-supereffective|p1a: Zamazenta
|-damage|p1a: Zamazenta|2/100
|move|p2a: Farigiraf|Psychic|p1b: Rillaboom
|-crit|p1b: Rillaboom
|-damage|p1b: Rillaboom|0 fnt
|faint|p1b: Rillaboom
|
|-heal|p2a: Farigiraf|39/100|[from] Grassy Terrain
|-heal|p1a: Zamazenta|8/100|[from] Grassy Terrain
|-fieldend|move: Trick Room
|-fieldend|move: Grassy Terrain
|upkeep
|
|t:|1750724546
|switch|p1b: Calyrex|Calyrex-Shadow, L50|100/100
|-ability|p1b: Calyrex|As One
|-ability|p1b: Calyrex|Unnerve
|turn|6
|
|t:|1750724563
|move|p2b: Calyrex|Protect|p2b: Calyrex
|-singleturn|p2b: Calyrex|Protect
|move|p1b: Calyrex|Nasty Plot|p1b: Calyrex
|-boost|p1b: Calyrex|spa|2
|move|p1a: Zamazenta|Body Press|p2a: Farigiraf
|-damage|p2a: Farigiraf|0 fnt
|faint|p2a: Farigiraf
|
|upkeep
|
|t:|1750724571
|switch|p2a: Miraidon|Miraidon, L50|100/100
|-fieldstart|move: Electric Terrain|[from] ability: Hadron Engine|[of] p2a: Miraidon
|turn|7
|
|t:|1750724595
|-terastallize|p1b: Calyrex|Ghost
|-terastallize|p2b: Calyrex|Water
|move|p1a: Zamazenta|Wide Guard|p1a: Zamazenta
|-singleturn|p1a: Zamazenta|Wide Guard
|move|p1b: Calyrex|Astral Barrage|p2a: Miraidon|[spread] p2a,p2b
|-damage|p2a: Miraidon|0 fnt
|-damage|p2b: Calyrex|0 fnt
|faint|p2a: Miraidon
|faint|p2b: Calyrex
|
|win|fakeuberx
|raw|fakeuberx's rating: 1363 &rarr; <strong>1377</strong><br />(+14 for winning)
|raw|AaronAstro's rating: 1260 &rarr; <strong>1242</strong><br />(-18 for losing)
|l|☆AaronAstro
|player|p2|
