|j|☆bingus1325
|j|☆candyflip21
|t:|1750749971
|gametype|doubles
|player|p1|bingus1325|266|1085
|player|p2|candyflip21|170|1084
|teamsize|p1|6
|teamsize|p2|6
|gen|9
|tier|[Gen 9] VGC 2025 Reg I
|rated|
|rule|Species Clause: Limit one of each Pokémon
|rule|Item Clause: Limit 1 of each item
|clearpoke
|poke|p1|Indeedee-F, L50, F|
|poke|p1|Palkia, L50|
|poke|p1|Necrozma-Dusk-Mane, L50|
|poke|p1|Flutter Mane, L50|
|poke|p1|Incineroar, L50, F|
|poke|p1|Articuno-Galar, L50|
|poke|p2|Snorlax, L50, M|
|poke|p2|Sinistcha-Masterpiece, L50|
|poke|p2|Kommo-o, L50, M|
|poke|p2|Cresselia, L50, F|
|poke|p2|Incineroar, L50, M|
|poke|p2|Iron Hands, L50|
|teampreview|4
|inactive|Battle timer is ON: inactive players will automatically lose when time's up. (requested by bingus1325)
bingus1325 rejected open team sheets.
|
|t:|1750749997
|start
|switch|p1a: Indeedee|Indeedee-F, L50, F|100/100
|switch|p1b: Palkia|Palkia, L50, shiny|100/100
|switch|p2a: Snorlax|Snorlax, L50, M|100/100
|switch|p2b: Iron Hands|Iron Hands, L50|100/100
|-fieldstart|move: Psychic Terrain|[from] ability: Psychic Surge|[of] p1a: Indeedee
|turn|1
|inactive|candyflip21 has 30 seconds left.
|
|t:|1750750024
|move|p1a: Indeedee|Follow Me|p1a: Indeedee
|-singleturn|p1a: Indeedee|move: Follow Me
|move|p1b: Palkia|Bulk Up|p1b: Palkia
|-boost|p1b: Palkia|atk|1
|-boost|p1b: Palkia|def|1
|move|p2b: Iron Hands|Low Kick|p1a: Indeedee
|-damage|p1a: Indeedee|68/100
|move|p2a: Snorlax|Belly Drum|p2a: Snorlax
|-damage|p2a: Snorlax|51/100
|-setboost|p2a: Snorlax|atk|6|[from] move: Belly Drum
|
|upkeep
|turn|2
|inactive|bingus1325 has 30 seconds left.
|inactive|candyflip21 has 30 seconds left.
|
|t:|1750750053
|-end|p2b: Iron Hands|Quark Drive|[silent]
|switch|p2b: Sinistcha|Sinistcha-Masterpiece, L50|100/100
|-heal|p2a: Snorlax|75/100|[from] ability: Hospitality|[of] p2b: Sinistcha
|move|p1a: Indeedee|Follow Me|p1a: Indeedee
|-singleturn|p1a: Indeedee|move: Follow Me
|move|p1b: Palkia|Body Press|p2a: Snorlax
|-supereffective|p2a: Snorlax
|-damage|p2a: Snorlax|27/100
|-enditem|p2a: Snorlax|Sitrus Berry|[eat]
|-heal|p2a: Snorlax|52/100|[from] item: Sitrus Berry
|move|p2a: Snorlax|Facade|p1a: Indeedee
|-damage|p1a: Indeedee|0 fnt
|faint|p1a: Indeedee
|
|upkeep
|
|t:|1750750069
|switch|p1a: Flutter Mane|Flutter Mane, L50, shiny|100/100
|-enditem|p1a: Flutter Mane|Booster Energy
|-activate|p1a: Flutter Mane|ability: Protosynthesis|[fromitem]
|-start|p1a: Flutter Mane|protosynthesisspe
|turn|3
|inactive|candyflip21 has 30 seconds left.
|
|t:|1750750102
|move|p1a: Flutter Mane|Icy Wind|p2b: Sinistcha|[spread] p2a,p2b
|-supereffective|p2b: Sinistcha
|-damage|p2a: Snorlax|44/100
|-damage|p2b: Sinistcha|74/100
|-unboost|p2a: Snorlax|spe|1
|-unboost|p2b: Sinistcha|spe|1
|move|p1b: Palkia|Body Press|p2a: Snorlax
|-supereffective|p2a: Snorlax
|-damage|p2a: Snorlax|0 fnt
|faint|p2a: Snorlax
|move|p2b: Sinistcha|Trick Room|p2b: Sinistcha
|-fieldstart|move: Trick Room|[of] p2b: Sinistcha
|
|upkeep
|
|t:|1750750114
|switch|p2a: Iron Hands|Iron Hands, L50|100/100
|turn|4
|inactive|candyflip21 has 30 seconds left.
|inactive|candyflip21 has 20 seconds left.
|inactive|candyflip21 has 15 seconds left.
|
|t:|1750750155
|switch|p2b: Cresselia|Cresselia, L50, F|100/100
|move|p1b: Palkia|Protect|p1b: Palkia
|-singleturn|p1b: Palkia|Protect
|move|p2a: Iron Hands|Low Kick|p1b: Palkia
|-activate|p1b: Palkia|move: Protect
|move|p1a: Flutter Mane|Moonblast|p2a: Iron Hands
|-supereffective|p2a: Iron Hands
|-damage|p2a: Iron Hands|57/100
|
|upkeep
|turn|5
|inactive|candyflip21 has 30 seconds left.
|
|t:|1750750184
|switch|p1b: Necrozma|Necrozma-Dusk-Mane, L50, shiny|100/100
|move|p2b: Cresselia|Helping Hand|p2a: Iron Hands
|-singleturn|p2a: Iron Hands|Helping Hand|[of] p2b: Cresselia
|move|p1a: Flutter Mane|Protect|p1a: Flutter Mane
|-singleturn|p1a: Flutter Mane|Protect
|move|p2a: Iron Hands|Drain Punch|p1b: Necrozma
|-damage|p1b: Necrozma|55/100
|-heal|p2a: Iron Hands|77/100|[from] drain|[of] p1b: Necrozma
|
|-fieldend|move: Psychic Terrain
|upkeep
|turn|6
|inactive|bingus1325 has 30 seconds left.
|inactive|candyflip21 has 30 seconds left.
|inactive|bingus1325 has 20 seconds left.
|inactive|bingus1325 has 15 seconds left.
|
|t:|1750750224
|-terastallize|p1b: Necrozma|Ground
|move|p1a: Flutter Mane|Protect||[still]
|-fail|p1a: Flutter Mane
|move|p1b: Necrozma|Earthquake|p2b: Cresselia|[spread] p1a,p2a
|-immune|p2b: Cresselia|[from] ability: Levitate
|-supereffective|p2a: Iron Hands
|-damage|p1a: Flutter Mane|19/100
|-damage|p2a: Iron Hands|13/100
|move|p2a: Iron Hands|Heavy Slam|p1a: Flutter Mane
|-supereffective|p1a: Flutter Mane
|-damage|p1a: Flutter Mane|0 fnt
|faint|p1a: Flutter Mane
|-end|p1a: Flutter Mane|Protosynthesis|[silent]
|move|p2b: Cresselia|Lunar Blessing|p2b: Cresselia|[spread] p2a,p2b
|-heal|p2a: Iron Hands|38/100
|
|upkeep
|
|t:|1750750232
|switch|p1a: Palkia|Palkia, L50, shiny|100/100
|turn|7
|inactive|candyflip21 has 30 seconds left.
|inactive|candyflip21 has 20 seconds left.
|
|t:|1750750270
|move|p1b: Necrozma|Protect|p1b: Necrozma
|-singleturn|p1b: Necrozma|Protect
|move|p1a: Palkia|Protect|p1a: Palkia
|-singleturn|p1a: Palkia|Protect
|move|p2a: Iron Hands|Low Kick|p1a: Palkia
|-activate|p1a: Palkia|move: Protect
|move|p2b: Cresselia|Lunar Blessing|p2b: Cresselia|[spread] p2a,p2b
|-heal|p2a: Iron Hands|63/100
|
|-fieldend|move: Trick Room
|upkeep
|turn|8
|inactive|bingus1325 has 30 seconds left.
|inactive|candyflip21 has 30 seconds left.
|inactive|candyflip21 has 20 seconds left.
|inactive|candyflip21 has 15 seconds left.
|
|t:|1750750312
|-terastallize|p2a: Iron Hands|Water
|move|p1a: Palkia|Waterfall|p2a: Iron Hands
|-resisted|p2a: Iron Hands
|-damage|p2a: Iron Hands|49/100
|move|p2b: Cresselia|Lunar Blessing|p2b: Cresselia|[spread] p2a,p2b
|-heal|p2a: Iron Hands|74/100
|move|p1b: Necrozma|Earthquake|p2a: Iron Hands|[spread] p2a
|-activate|p1a: Palkia|ability: Telepathy
|-immune|p2b: Cresselia|[from] ability: Levitate
|-damage|p2a: Iron Hands|42/100
|move|p2a: Iron Hands|Low Kick|p1b: Necrozma
|-damage|p1b: Necrozma|7/100
|
|upkeep
|turn|9
|inactive|candyflip21 has 30 seconds left.
|
|t:|1750750346
|switch|p2b: Sinistcha|Sinistcha-Masterpiece, L50|74/100
|-heal|p2a: Iron Hands|67/100|[from] ability: Hospitality|[of] p2b: Sinistcha
|move|p1a: Palkia|Body Press|p2a: Iron Hands
|-damage|p2a: Iron Hands|54/100
|move|p2a: Iron Hands|Drain Punch|p1b: Necrozma
|-damage|p1b: Necrozma|0 fnt
|-heal|p2a: Iron Hands|57/100|[from] drain|[of] p1b: Necrozma
|faint|p1b: Necrozma
|
|upkeep
|turn|10
|-message|bingus1325 forfeited.
|
|win|candyflip21
|raw|bingus1325's rating: 1085 &rarr; <strong>1064</strong><br />(-21 for losing)
|raw|candyflip21's rating: 1114 &rarr; <strong>1137</strong><br />(+23 for winning)
|l|☆bingus1325
|player|p1|
|l|☆candyflip21
|player|p2|
