|j|☆Avi 2007
|j|☆spidyyyyyyyy
|t:|1750738101
|gametype|doubles
|player|p1|Avi 2007|lucas|1169
|player|p2|spidyyyyyyyy|red|1191
|teamsize|p1|6
|teamsize|p2|6
|gen|9
|tier|[Gen 9] VGC 2025 Reg I
|rated|
|rule|Species Clause: Limit one of each Pokémon
|rule|Item Clause: Limit 1 of each item
|clearpoke
|poke|p1|Miraidon, L50|
|poke|p1|Whimsicott, L50, M|
|poke|p1|Incineroar, L50, M|
|poke|p1|Calyrex-Shadow, L50|
|poke|p1|Iron Valiant, L50|
|poke|p1|Regidrago, L50|
|poke|p2|Miraidon, L50|
|poke|p2|Calyrex-Shadow, L50|
|poke|p2|Iron Hands, L50|
|poke|p2|Amoonguss, L50, M|
|poke|p2|Chi-Yu, L50|
|poke|p2|Ting-Lu, L50|
|teampreview|4
|inactive|Battle timer is ON: inactive players will automatically lose when time's up. (requested by Avi 2007)
|
|t:|1750738129
|start
|switch|p1a: Whimsicott|Whimsicott, L50, M, shiny|100/100
|switch|p1b: Regidrago|Regidrago, L50|100/100
|switch|p2a: Miraidon|Miraidon, L50|100/100
|switch|p2b: Iron Hands|Iron Hands, L50|100/100
|-fieldstart|move: Electric Terrain|[from] ability: Hadron Engine|[of] p2a: Miraidon
|-activate|p2b: Iron Hands|ability: Quark Drive
|-start|p2b: Iron Hands|quarkdriveatk
|turn|1
|
|t:|1750738150
|-terastallize|p2a: Miraidon|Fairy
|move|p1b: Regidrago|Protect|p1b: Regidrago
|-singleturn|p1b: Regidrago|Protect
|move|p2b: Iron Hands|Fake Out|p1a: Whimsicott
|-damage|p1a: Whimsicott|80/100
|move|p1a: Whimsicott|Tailwind|p1a: Whimsicott
|-sidestart|p1: Avi 2007|move: Tailwind
|move|p2a: Miraidon|Draco Meteor|p1b: Regidrago
|-activate|p1b: Regidrago|move: Protect
|
|upkeep
|turn|2
|inactive|Avi 2007 has 30 seconds left.
|inactive|Avi 2007 has 20 seconds left.
|
|t:|1750738186
|switch|p1b: Calyrex|Calyrex-Shadow, L50|100/100
|-ability|p1b: Calyrex|As One
|-ability|p1b: Calyrex|Unnerve
|move|p1a: Whimsicott|Encore|p2b: Iron Hands
|-start|p2b: Iron Hands|Encore
|move|p2a: Miraidon|Draco Meteor|p1b: Calyrex
|-enditem|p1b: Calyrex|Focus Sash
|-damage|p1b: Calyrex|1/100
|-unboost|p2a: Miraidon|spa|2
|move|p2b: Iron Hands|Fake Out||[still]
|-hint|Fake Out only works on your first turn out.
|-fail|p2b: Iron Hands
|
|upkeep
|turn|3
|
|t:|1750738206
|switch|p2a: Chi-Yu|Chi-Yu, L50|100/100
|-ability|p2a: Chi-Yu|Beads of Ruin
|move|p2b: Iron Hands|Fake Out||[still]
|-hint|Fake Out only works on your first turn out.
|-fail|p2b: Iron Hands
|move|p1a: Whimsicott|Fake Tears|p2a: Chi-Yu
|-hint|Since gen 7, Dark is immune to Prankster moves.
|-immune|p2a: Chi-Yu
|move|p1b: Calyrex|Astral Barrage|p2a: Chi-Yu|[spread] p2a,p2b
|-resisted|p2a: Chi-Yu
|-damage|p2a: Chi-Yu|70/100
|-damage|p2b: Iron Hands|59/100
|
|upkeep
|turn|4
|
|t:|1750738231
|move|p1b: Calyrex|Protect|p1b: Calyrex
|-singleturn|p1b: Calyrex|Protect
|move|p2b: Iron Hands|Fake Out||[still]
|-hint|Fake Out only works on your first turn out.
|-fail|p2b: Iron Hands
|move|p1a: Whimsicott|Moonblast|p2a: Chi-Yu
|-damage|p2a: Chi-Yu|37/100
|move|p2a: Chi-Yu|Heat Wave|p1a: Whimsicott|[spread] p1a
|-activate|p1b: Calyrex|move: Protect
|-supereffective|p1a: Whimsicott
|-damage|p1a: Whimsicott|0 fnt
|faint|p1a: Whimsicott
|
|-end|p2b: Iron Hands|Encore
|-sideend|p1: Avi 2007|move: Tailwind
|upkeep
|
|t:|1750738251
|switch|p1a: Miraidon|Miraidon, L50|100/100
|-activate|p1a: Miraidon|ability: Hadron Engine
|turn|5
|
|t:|1750738272
|-terastallize|p1a: Miraidon|Fairy
|move|p2a: Chi-Yu|Heat Wave|p1b: Calyrex|[spread] p1a,p1b
|-damage|p1a: Miraidon|57/100
|-damage|p1b: Calyrex|0 fnt
|faint|p1b: Calyrex
|move|p1a: Miraidon|Dazzling Gleam|p2a: Chi-Yu|[spread] p2a,p2b
|-supereffective|p2b: Iron Hands
|-crit|p2b: Iron Hands
|-damage|p2a: Chi-Yu|0 fnt
|-damage|p2b: Iron Hands|0 fnt
|faint|p2a: Chi-Yu
|faint|p2b: Iron Hands
|-end|p2b: Iron Hands|Quark Drive|[silent]
|
|-fieldend|move: Electric Terrain
|upkeep
|
|t:|1750738282
|switch|p1b: Regidrago|Regidrago, L50|100/100
|switch|p2a: Calyrex|Calyrex-Shadow, L50|100/100
|switch|p2b: Miraidon|Miraidon, L50, tera:Fairy|100/100
|-ability|p2a: Calyrex|As One
|-ability|p2a: Calyrex|Unnerve
|-fieldstart|move: Electric Terrain|[from] ability: Hadron Engine|[of] p2b: Miraidon
|turn|6
|
|t:|1750738301
|move|p2a: Calyrex|Astral Barrage|p1a: Miraidon|[spread] p1a,p1b
|-crit|p1b: Regidrago
|-damage|p1a: Miraidon|3/100
|-damage|p1b: Regidrago|7/100
|move|p2b: Miraidon|Electro Drift|p1b: Regidrago
|-resisted|p1b: Regidrago
|-damage|p1b: Regidrago|0 fnt
|faint|p1b: Regidrago
|move|p1a: Miraidon|Dazzling Gleam|p2b: Miraidon|[spread] p2a,p2b
|-damage|p2a: Calyrex|39/100
|-damage|p2b: Miraidon|42/100
|
|upkeep
|turn|7
|
|t:|1750738316
|move|p2a: Calyrex|Astral Barrage|p1a: Miraidon
|-damage|p1a: Miraidon|0 fnt
|faint|p1a: Miraidon
|
|win|spidyyyyyyyy
|raw|Avi 2007's rating: 1169 &rarr; <strong>1146</strong><br />(-23 for losing)
|raw|spidyyyyyyyy's rating: 1191 &rarr; <strong>1214</strong><br />(+23 for winning)
|l|☆spidyyyyyyyy
|player|p2|
|l|☆Avi 2007
|player|p1|
