|j|☆Novicebest
|j|☆Smoochywalus773!
|t:|1750793162
|gametype|doubles
|player|p1|Novicebest|lillie-z|1596
|player|p2|Smoochywalus773!|265|1447
|teamsize|p1|6
|teamsize|p2|6
|gen|9
|tier|[Gen 9] VGC 2025 Reg I
|rated|
|rule|Species Clause: Limit one of each Pokémon
|rule|Item Clause: Limit 1 of each item
|clearpoke
|poke|p1|Lunala, L50|
|poke|p1|Miraidon, L50|
|poke|p1|Urshifu-*, L50, F|
|poke|p1|Incineroar, L50, F|
|poke|p1|Whimsicott, L50, F|
|poke|p1|Ursaluna, L50, F|
|poke|p2|Incineroar, L50, M|
|poke|p2|Calyrex-Shadow, L50|
|poke|p2|Rillaboom, L50, F|
|poke|p2|Zamazenta-*, L50|
|poke|p2|Raging Bolt, L50|
|poke|p2|Urshifu-*, L50, M|
|teampreview|4
|inactive|Battle timer is ON: inactive players will automatically lose when time's up. (requested by Novicebest)
|inactive|Novicebest has 60 seconds left.
|inactive|Smoochywalus773! has 60 seconds left.
|
|t:|1750793217
|start
|switch|p1a: Lunala|Lunala, L50|100/100
|switch|p1b: Miraidon|Miraidon, L50|100/100
|switch|p2a: Urshifu|Urshifu-Rapid-Strike, L50, M|100/100
|switch|p2b: Calyrex|Calyrex-Shadow, L50|100/100
|-ability|p2b: Calyrex|As One
|-ability|p2b: Calyrex|Unnerve
|-fieldstart|move: Electric Terrain|[from] ability: Hadron Engine|[of] p1b: Miraidon
|-enditem|p1a: Lunala|Electric Seed
|-boost|p1a: Lunala|def|1|[from] item: Electric Seed
|turn|1
|
|t:|1750793237
|-terastallize|p1a: Lunala|Fairy
|move|p2b: Calyrex|Protect|p2b: Calyrex
|-singleturn|p2b: Calyrex|Protect
|move|p2a: Urshifu|U-turn|p1b: Miraidon
|-damage|p1b: Miraidon|75/100
|
|t:|1750793241
|switch|p2a: Rillaboom|Rillaboom, L50, F|100/100|[from] U-turn
|-fieldstart|move: Grassy Terrain|[from] ability: Grassy Surge|[of] p2a: Rillaboom
|move|p1b: Miraidon|Snarl|p2b: Calyrex|[spread] p2a
|-activate|p2b: Calyrex|move: Protect
|-damage|p2a: Rillaboom|92/100
|-unboost|p2a: Rillaboom|spa|1
|move|p1a: Lunala|Moonblast|p2b: Calyrex
|-activate|p2b: Calyrex|move: Protect
|
|-heal|p1b: Miraidon|81/100|[from] Grassy Terrain
|-heal|p2a: Rillaboom|98/100|[from] Grassy Terrain
|upkeep
|turn|2
|
|t:|1750793266
|switch|p1b: Incineroar|Incineroar, L50, F|100/100
|-ability|p1b: Incineroar|Intimidate|boost
|-unboost|p2a: Rillaboom|atk|1
|-unboost|p2b: Calyrex|atk|1
|-terastallize|p2b: Calyrex|Dark
|move|p2a: Rillaboom|Fake Out|p1b: Incineroar
|-damage|p1b: Incineroar|94/100
|-damage|p2a: Rillaboom|81/100|[from] item: Rocky Helmet|[of] p1b: Incineroar
|move|p2b: Calyrex|Astral Barrage|p1a: Lunala|[spread] p1a,p1b
|-crit|p1a: Lunala
|-resisted|p1b: Incineroar
|-damage|p1a: Lunala|73/100
|-damage|p1b: Incineroar|67/100
|move|p1a: Lunala|Moonblast|p2b: Calyrex
|-supereffective|p2b: Calyrex
|-enditem|p2b: Calyrex|Focus Sash
|-damage|p2b: Calyrex|1/100
|
|-heal|p2b: Calyrex|7/100|[from] Grassy Terrain
|-heal|p1a: Lunala|79/100|[from] Grassy Terrain
|-heal|p2a: Rillaboom|87/100|[from] Grassy Terrain
|-heal|p1b: Incineroar|73/100|[from] Grassy Terrain
|upkeep
|turn|3
|inactive|Novicebest has 30 seconds left.
|
|t:|1750793300
|move|p2b: Calyrex|Protect|p2b: Calyrex
|-singleturn|p2b: Calyrex|Protect
|move|p1a: Lunala|Moongeist Beam|p2a: Rillaboom
|-damage|p2a: Rillaboom|53/100
|move|p2a: Rillaboom|U-turn|p1a: Lunala
|-resisted|p1a: Lunala
|-damage|p1a: Lunala|75/100
|
|t:|1750793302
|switch|p2a: Zamazenta|Zamazenta-Crowned, L50|100/100|[from] U-turn
|-ability|p2a: Zamazenta|Dauntless Shield|boost
|-boost|p2a: Zamazenta|def|1
|move|p1b: Incineroar|Will-O-Wisp|p2a: Zamazenta
|-status|p2a: Zamazenta|brn
|
|-heal|p2b: Calyrex|12/100|[from] Grassy Terrain
|-heal|p1a: Lunala|81/100|[from] Grassy Terrain
|-heal|p1b: Incineroar|79/100|[from] Grassy Terrain
|-damage|p2a: Zamazenta|94/100 brn|[from] brn
|upkeep
|turn|4
|
|t:|1750793324
|move|p2b: Calyrex|Astral Barrage|p1b: Incineroar|[spread] p1a,p1b
|-resisted|p1b: Incineroar
|-damage|p1a: Lunala|39/100
|-damage|p1b: Incineroar|54/100
|move|p2a: Zamazenta|Body Press|p1b: Incineroar
|-supereffective|p1b: Incineroar
|-damage|p1b: Incineroar|0 fnt
|-damage|p2a: Zamazenta|78/100 brn|[from] item: Rocky Helmet|[of] p1b: Incineroar
|faint|p1b: Incineroar
|move|p1a: Lunala|Moonblast|p2b: Calyrex
|-supereffective|p2b: Calyrex
|-crit|p2b: Calyrex
|-damage|p2b: Calyrex|0 fnt
|faint|p2b: Calyrex
|
|-heal|p2a: Zamazenta|84/100 brn|[from] Grassy Terrain
|-heal|p1a: Lunala|45/100|[from] Grassy Terrain
|-damage|p2a: Zamazenta|78/100 brn|[from] brn
|upkeep
|
|t:|1750793342
|switch|p2b: Urshifu|Urshifu-Rapid-Strike, L50, M|100/100
|switch|p1b: Ursaluna|Ursaluna, L50, F|100/100
|turn|5
|
|t:|1750793351
|switch|p1b: Miraidon|Miraidon, L50|81/100
|-fieldstart|move: Electric Terrain|[from] ability: Hadron Engine|[of] p1b: Miraidon
|move|p2b: Urshifu|Surging Strikes|p1b: Miraidon
|-resisted|p1b: Miraidon
|-crit|p1b: Miraidon
|-damage|p1b: Miraidon|73/100
|-resisted|p1b: Miraidon
|-crit|p1b: Miraidon
|-damage|p1b: Miraidon|64/100
|-resisted|p1b: Miraidon
|-crit|p1b: Miraidon
|-damage|p1b: Miraidon|55/100
|-hitcount|p1b: Miraidon|3
|move|p2a: Zamazenta|Behemoth Bash|p1a: Lunala
|-supereffective|p1a: Lunala
|-damage|p1a: Lunala|26/100
|move|p1a: Lunala|Moonblast|p2b: Urshifu
|-supereffective|p2b: Urshifu
|-damage|p2b: Urshifu|0 fnt
|faint|p2b: Urshifu
|
|-damage|p2a: Zamazenta|72/100 brn|[from] brn
|upkeep
|-message|Smoochywalus773! forfeited.
|
|win|Novicebest
|raw|Novicebest's rating: 1596 &rarr; <strong>1608</strong><br />(+12 for winning)
|raw|Smoochywalus773!'s rating: 1447 &rarr; <strong>1435</strong><br />(-12 for losing)
|l|☆Smoochywalus773!
|player|p2|
