|j|☆RaidenVGC7
|j|☆Dyh123
|t:|1750843913
|gametype|doubles
|player|p1|RaidenVGC7|1|1572
|player|p2|Dyh123|rosa|1727
|teamsize|p1|6
|teamsize|p2|6
|gen|9
|tier|[Gen 9] VGC 2025 Reg I
|rated|
|rule|Species Clause: Limit one of each Pokémon
|rule|Item Clause: Limit 1 of each item
|clearpoke
|poke|p1|Calyrex-Ice, L50|
|poke|p1|Miraidon, L50|
|poke|p1|Drowzee, L50, M|
|poke|p1|Iron Hands, L50|
|poke|p1|Urshifu-*, L50, F|
|poke|p1|Incineroar, L50, F|
|poke|p2|Lunala, L50|
|poke|p2|Miraidon, L50|
|poke|p2|Incineroar, L50, M|
|poke|p2|Ursaluna, L50, M|
|poke|p2|Grimmsnarl, L50, M|
|poke|p2|Urshifu-*, L50, M|
|teampreview|4
|inactive|Battle timer is ON: inactive players will automatically lose when time's up. (requested by RaidenVGC7)
|
|t:|1750843937
|start
|switch|p1a: Miraidon|Miraidon, L50|100/100
|switch|p1b: Urshifu|Urshifu-Rapid-Strike, L50, F|100/100
|switch|p2a: Grimmsnarl|Grimmsnarl, L50, M, shiny|100/100
|switch|p2b: Lunala|Lunala, L50, shiny|100/100
|-fieldstart|move: Electric Terrain|[from] ability: Hadron Engine|[of] p1a: Miraidon
|turn|1
|inactive|RaidenVGC7 has 30 seconds left.
|inactive|Dyh123 has 30 seconds left.
|inactive|Dyh123 has 20 seconds left.
|
|t:|1750843982
|-terastallize|p1a: Miraidon|Fairy
|move|p2a: Grimmsnarl|Parting Shot|p1a: Miraidon
|-unboost|p1a: Miraidon|atk|1
|-unboost|p1a: Miraidon|spa|1
|
|t:|1750843987
|switch|p2a: Miraidon|Miraidon, L50|100/100|[from] Parting Shot
|-activate|p2a: Miraidon|ability: Hadron Engine
|move|p1b: Urshifu|Surging Strikes|p2b: Lunala
|-crit|p2b: Lunala
|-damage|p2b: Lunala|92/100
|-crit|p2b: Lunala
|-damage|p2b: Lunala|75/100
|-crit|p2b: Lunala
|-damage|p2b: Lunala|57/100
|-hitcount|p2b: Lunala|3
|move|p1a: Miraidon|Dazzling Gleam|p2b: Lunala|[spread] p2a,p2b
|-supereffective|p2a: Miraidon
|-damage|p2a: Miraidon|37/100
|-damage|p2b: Lunala|28/100
|move|p2b: Lunala|Moongeist Beam|p1a: Miraidon
|-crit|p1a: Miraidon
|-damage|p1a: Miraidon|35/100
|
|-heal|p2b: Lunala|34/100|[from] item: Leftovers
|upkeep
|turn|2
|inactive|RaidenVGC7 has 30 seconds left.
|inactive|Dyh123 has 30 seconds left.
|
|t:|1750844021
|move|p2b: Lunala|Wide Guard|p2b: Lunala
|-singleturn|p2b: Lunala|Wide Guard
|move|p1b: Urshifu|Surging Strikes|p2b: Lunala
|-crit|p2b: Lunala
|-damage|p2b: Lunala|15/100
|-crit|p2b: Lunala
|-damage|p2b: Lunala|0 fnt
|faint|p2b: Lunala
|-hitcount|p2: Lunala|2
|move|p2a: Miraidon|Parabolic Charge|p1a: Miraidon|[spread] p1a,p1b
|-crit|p1a: Miraidon
|-supereffective|p1b: Urshifu
|-damage|p1a: Miraidon|0 fnt
|-heal|p2a: Miraidon|55/100|[from] drain|[of] p1a: Miraidon
|-damage|p1b: Urshifu|0 fnt
|-heal|p2a: Miraidon|99/100|[from] drain|[of] p1b: Urshifu
|faint|p1a: Miraidon
|faint|p1b: Urshifu
|
|upkeep
|inactive|Dyh123 has 30 seconds left.
|inactive|Dyh123 has 20 seconds left.
|inactive|Dyh123 has 15 seconds left.
|inactive|Dyh123 has 10 seconds left.
|
|t:|1750844067
|switch|p1a: Calyrex|Calyrex-Ice, L50|100/100
|switch|p1b: Iron Hands|Iron Hands, L50|100/100
|switch|p2b: Ursaluna|Ursaluna, L50, M, shiny|100/100
|-ability|p1a: Calyrex|As One
|-ability|p1a: Calyrex|Unnerve
|-activate|p1b: Iron Hands|ability: Quark Drive
|-start|p1b: Iron Hands|quarkdriveatk
|turn|3
|inactive|RaidenVGC7 has 30 seconds left.
|inactive|Dyh123 has 30 seconds left.
|inactive|RaidenVGC7 has 20 seconds left.
|inactive|RaidenVGC7 has 15 seconds left.
|inactive|RaidenVGC7 has 10 seconds left.
|
|t:|1750844116
|switch|p2a: Grimmsnarl|Grimmsnarl, L50, M, shiny|100/100
|-terastallize|p2b: Ursaluna|Ghost
|move|p1b: Iron Hands|Fake Out|p2a: Grimmsnarl
|-damage|p2a: Grimmsnarl|78/100
|move|p2b: Ursaluna|Headlong Rush|p1b: Iron Hands
|-supereffective|p1b: Iron Hands
|-damage|p1b: Iron Hands|3/100
|-unboost|p2b: Ursaluna|def|1
|-unboost|p2b: Ursaluna|spd|1
|move|p1a: Calyrex|Glacial Lance|p2b: Ursaluna|[spread] p2a,p2b
|-damage|p2a: Grimmsnarl|16/100
|-damage|p2b: Ursaluna|39/100
|
|-status|p2b: Ursaluna|brn|[from] item: Flame Orb
|upkeep
|turn|4
|
|t:|1750844140
|move|p2a: Grimmsnarl|Reflect|p2a: Grimmsnarl
|-sidestart|p2: Dyh123|Reflect
|move|p2b: Ursaluna|Earthquake|p1b: Iron Hands|[spread] p2a,p1a,p1b
|-supereffective|p1b: Iron Hands
|-damage|p2a: Grimmsnarl|0 fnt
|-damage|p1a: Calyrex|59/100
|-damage|p1b: Iron Hands|0 fnt
|faint|p2a: Grimmsnarl
|faint|p1b: Iron Hands
|-end|p1b: Iron Hands|Quark Drive|[silent]
|move|p1a: Calyrex|Glacial Lance|p2b: Ursaluna
|-damage|p2b: Ursaluna|0 fnt
|faint|p2b: Ursaluna
|-ability|p1a: Calyrex|Chilling Neigh|boost
|-boost|p1a: Calyrex|atk|1
|
|upkeep
|
|t:|1750844152
|switch|p2a: Miraidon|Miraidon, L50|99/100
|-activate|p2a: Miraidon|ability: Hadron Engine
|turn|5
|
|t:|1750844164
|move|p2a: Miraidon|Electro Drift|p1a: Calyrex
|-damage|p1a: Calyrex|0 fnt
|faint|p1a: Calyrex
|
|win|Dyh123
|raw|RaidenVGC7's rating: 1572 &rarr; <strong>1560</strong><br />(-12 for losing)
|raw|Dyh123's rating: 1727 &rarr; <strong>1739</strong><br />(+12 for winning)
|l|☆RaidenVGC7
|player|p1|
|l|☆Dyh123
|player|p2|
