|j|☆hoseph stalin
|j|☆Megaman087
|t:|1750729063
|gametype|doubles
|player|p1|hoseph stalin|266|1406
|player|p2|Megaman087|lucas|1324
|teamsize|p1|6
|teamsize|p2|6
|gen|9
|tier|[Gen 9] VGC 2025 Reg I
|rated|
|rule|Species Clause: Limit one of each Pokémon
|rule|Item Clause: Limit 1 of each item
|clearpoke
|poke|p1|Calyrex-Shadow, L50|
|poke|p1|Iron Crown, L50|
|poke|p1|Indeedee-F, L50, F|
|poke|p1|Whimsicott, L50, M|
|poke|p1|Rayquaza, L50|
|poke|p1|Regidrago, L50|
|poke|p2|Eternatus, L50|
|poke|p2|Grimmsnarl, L50, M|
|poke|p2|Wo-Chien, L50|
|poke|p2|Qwilfish-Hisui, L50, M|
|poke|p2|Cresselia, L50, F|
|poke|p2|Lugia, L50|
|teampreview|4
|inactive|Battle timer is ON: inactive players will automatically lose when time's up. (requested by hoseph stalin)
|inactive|Megaman087 also wants the timer to be on.
|
|t:|1750729089
|start
|switch|p1a: Indeedee|Indeedee-F, L50, F|100/100
|switch|p1b: Iron Crown|Iron Crown, L50|100/100
|switch|p2a: Grimmsnarl|Grimmsnarl, L50, M|100/100
|switch|p2b: Qwilfish|Qwilfish-Hisui, L50, M, shiny|100/100
|-ability|p2b: Qwilfish|Intimidate|boost
|-unboost|p1a: Indeedee|atk|1
|-unboost|p1b: Iron Crown|atk|1
|-fieldstart|move: Psychic Terrain|[from] ability: Psychic Surge|[of] p1a: Indeedee
|turn|1
|
|t:|1750729100
|move|p1a: Indeedee|Follow Me|p1a: Indeedee
|-singleturn|p1a: Indeedee|move: Follow Me
|move|p2a: Grimmsnarl|Light Screen|p2a: Grimmsnarl
|-sidestart|p2: Megaman087|move: Light Screen
|move|p1b: Iron Crown|Tachyon Cutter|p2a: Grimmsnarl
|-supereffective|p2a: Grimmsnarl
|-damage|p2a: Grimmsnarl|47/100
|-supereffective|p2a: Grimmsnarl
|-damage|p2a: Grimmsnarl|0 fnt
|faint|p2a: Grimmsnarl
|-hitcount|p2: Grimmsnarl|2
|-damage|p1b: Iron Crown|91/100|[from] item: Life Orb
|move|p2b: Qwilfish|Toxic Spikes|p1a: Indeedee
|-sidestart|p1: hoseph stalin|move: Toxic Spikes
|
|upkeep
|
|t:|1750729111
|switch|p2a: Eternatus|Eternatus, L50|100/100
|-ability|p2a: Eternatus|Pressure
|turn|2
|
|t:|1750729122
|move|p1b: Iron Crown|Protect|p1b: Iron Crown
|-singleturn|p1b: Iron Crown|Protect
|move|p2a: Eternatus|Cosmic Power|p2a: Eternatus
|-boost|p2a: Eternatus|def|1
|-boost|p2a: Eternatus|spd|1
|move|p2b: Qwilfish|Toxic Spikes|p1a: Indeedee
|-sidestart|p1: hoseph stalin|move: Toxic Spikes
|move|p1a: Indeedee|Trick Room|p1a: Indeedee
|-fieldstart|move: Trick Room|[of] p1a: Indeedee
|
|upkeep
|turn|3
|
|t:|1750729135
|move|p1a: Indeedee|Alluring Voice|p2a: Eternatus
|-damage|p2a: Eternatus|95/100
|move|p2b: Qwilfish|Throat Chop|p1b: Iron Crown
|-supereffective|p1b: Iron Crown
|-damage|p1b: Iron Crown|39/100
|-start|p1b: Iron Crown|Throat Chop|[silent]
|move|p1b: Iron Crown|Expanding Force|p2a: Eternatus|[spread] p2a
|-immune|p2b: Qwilfish
|-supereffective|p2a: Eternatus
|-damage|p2a: Eternatus|54/100
|-damage|p1b: Iron Crown|29/100|[from] item: Life Orb
|move|p2a: Eternatus|Cosmic Power|p2a: Eternatus
|-boost|p2a: Eternatus|def|1
|-boost|p2a: Eternatus|spd|1
|
|upkeep
|turn|4
|inactive|hoseph stalin has 30 seconds left.
|
|t:|1750729164
|move|p2a: Eternatus|Protect|p2a: Eternatus
|-singleturn|p2a: Eternatus|Protect
|move|p1a: Indeedee|Follow Me|p1a: Indeedee
|-singleturn|p1a: Indeedee|move: Follow Me
|move|p2b: Qwilfish|Throat Chop|p1a: Indeedee
|-supereffective|p1a: Indeedee
|-damage|p1a: Indeedee|39/100
|-start|p1a: Indeedee|Throat Chop|[silent]
|move|p1b: Iron Crown|Expanding Force|p2b: Qwilfish|[spread] 
|-activate|p2a: Eternatus|move: Protect
|-immune|p2b: Qwilfish
|
|-end|p1b: Iron Crown|Throat Chop|[silent]
|upkeep
|turn|5
|
|t:|1750729186
|switch|p1a: Rayquaza|Rayquaza, L50|100/100
|-ability|p1a: Rayquaza|Air Lock
|move|p2b: Qwilfish|Throat Chop|p1b: Iron Crown
|-supereffective|p1b: Iron Crown
|-damage|p1b: Iron Crown|0 fnt
|faint|p1b: Iron Crown
|-end|p1b: Iron Crown|Quark Drive|[silent]
|move|p2a: Eternatus|Recover|p2a: Eternatus
|-heal|p2a: Eternatus|100/100
|
|-fieldend|move: Psychic Terrain
|upkeep
|
|t:|1750729194
|switch|p1b: Calyrex|Calyrex-Shadow, L50|100/100
|-ability|p1b: Calyrex|As One
|-ability|p1b: Calyrex|Unnerve
|-status|p1b: Calyrex|tox
|turn|6
|
|t:|1750729210
|-terastallize|p1b: Calyrex|Psychic
|move|p2b: Qwilfish|Barb Barrage|p1a: Rayquaza
|-damage|p1a: Rayquaza|78/100
|move|p1a: Rayquaza|Swords Dance|p1a: Rayquaza
|-boost|p1a: Rayquaza|atk|2
|move|p2a: Eternatus|Cosmic Power|p2a: Eternatus
|-boost|p2a: Eternatus|def|1
|-boost|p2a: Eternatus|spd|1
|move|p1b: Calyrex|Expanding Force|p2a: Eternatus
|-supereffective|p2a: Eternatus
|-damage|p2a: Eternatus|80/100
|
|-damage|p1b: Calyrex|94/100 tox|[from] psn
|-fieldend|move: Trick Room
|upkeep
|turn|7
|
|t:|1750729233
|move|p2a: Eternatus|Protect|p2a: Eternatus
|-singleturn|p2a: Eternatus|Protect
|move|p1b: Calyrex|Astral Barrage|p2b: Qwilfish|[spread] p2b
|-activate|p2a: Eternatus|move: Protect
|-resisted|p2b: Qwilfish
|-damage|p2b: Qwilfish|86/100
|move|p1a: Rayquaza|Dragon Ascent|p2a: Eternatus
|-activate|p2a: Eternatus|move: Protect
|move|p2b: Qwilfish|Throat Chop|p1b: Calyrex
|-supereffective|p1b: Calyrex
|-damage|p1b: Calyrex|26/100 tox
|-start|p1b: Calyrex|Throat Chop|[silent]
|
|-damage|p1b: Calyrex|14/100 tox|[from] psn
|upkeep
|turn|8
|
|t:|1750729255
|move|p1b: Calyrex|Draining Kiss|p2b: Qwilfish
|-damage|p2b: Qwilfish|75/100
|-heal|p1b: Calyrex|22/100 tox|[from] drain|[of] p2b: Qwilfish
|move|p2a: Eternatus|Cosmic Power|p2a: Eternatus
|-boost|p2a: Eternatus|def|1
|-boost|p2a: Eternatus|spd|1
|move|p1a: Rayquaza|Dragon Ascent|p2a: Eternatus
|-damage|p2a: Eternatus|45/100
|-unboost|p1a: Rayquaza|def|1
|-unboost|p1a: Rayquaza|spd|1
|move|p2b: Qwilfish|Barb Barrage|p1a: Rayquaza
|-damage|p1a: Rayquaza|43/100
|-status|p1a: Rayquaza|psn
|
|-damage|p1b: Calyrex|3/100 tox|[from] psn
|-damage|p1a: Rayquaza|31/100 psn|[from] psn
|-end|p1b: Calyrex|Throat Chop|[silent]
|-sideend|p2: Megaman087|move: Light Screen
|upkeep
|turn|9
|inactive|hoseph stalin has 30 seconds left.
|
|t:|1750729280
|move|p2a: Eternatus|Protect|p2a: Eternatus
|-singleturn|p2a: Eternatus|Protect
|move|p1b: Calyrex|Draining Kiss|p2b: Qwilfish
|-damage|p2b: Qwilfish|59/100
|-heal|p1b: Calyrex|15/100 tox|[from] drain|[of] p2b: Qwilfish
|move|p1a: Rayquaza|Dragon Ascent|p2a: Eternatus
|-activate|p2a: Eternatus|move: Protect
|move|p2b: Qwilfish|Barb Barrage|p1a: Rayquaza
|-damage|p1a: Rayquaza|0 fnt
|faint|p1a: Rayquaza
|
|-damage|p1b: Calyrex|0 fnt|[from] psn
|faint|p1b: Calyrex
|upkeep
|
|t:|1750729284
|switch|p1b: Indeedee|Indeedee-F, L50, F|39/100
|-status|p1b: Indeedee|tox
|-fieldstart|move: Psychic Terrain|[from] ability: Psychic Surge|[of] p1b: Indeedee
|turn|10
|-message|hoseph stalin forfeited.
|
|win|Megaman087
|raw|hoseph stalin's rating: 1406 &rarr; <strong>1381</strong><br />(-25 for losing)
|raw|Megaman087's rating: 1324 &rarr; <strong>1349</strong><br />(+25 for winning)
|l|☆hoseph stalin
|player|p1|
|l|☆Megaman087
|player|p2|
