|j|☆Carajo666
|j|☆Jammiz
|t:|1750706844
|gametype|doubles
|player|p1|Carajo666|roughneck|1556
|player|p2|Jammiz|265|1645
|teamsize|p1|6
|teamsize|p2|6
|gen|9
|tier|[Gen 9] VGC 2025 Reg I
|rated|
|rule|Species Clause: Limit one of each Pokémon
|rule|Item Clause: Limit 1 of each item
|clearpoke
|poke|p1|Lunala, L50|
|poke|p1|Tyranitar, L50, M|
|poke|p1|Amoonguss, L50, M|
|poke|p1|Ho-Oh, L50|
|poke|p1|Excadrill, L50, F|
|poke|p1|Enamorus-Therian, L50, F|
|poke|p2|Calyrex-Ice, L50|
|poke|p2|Miraidon, L50|
|poke|p2|Grimmsnarl, L50, M|
|poke|p2|Urshifu-*, L50, M|
|poke|p2|Incineroar, L50, M|
|poke|p2|Landorus, L50, M|
|teampreview|4
|inactive|Battle timer is ON: inactive players will automatically lose when time's up. (requested by Carajo666)
|
|t:|1750706871
|start
|switch|p1a: Lunala|Lunala, L50|100/100
|switch|p1b: Tyranitar|Tyranitar, L50, M|100/100
|switch|p2a: Miraidon|Miraidon, L50|100/100
|switch|p2b: Incineroar|Incineroar, L50, M|100/100
|-fieldstart|move: Electric Terrain|[from] ability: Hadron Engine|[of] p2a: Miraidon
|-ability|p2b: Incineroar|Intimidate|boost
|-unboost|p1a: Lunala|atk|1
|-unboost|p1b: Tyranitar|atk|1
|-weather|Sandstorm|[from] ability: Sand Stream|[of] p1b: Tyranitar
|turn|1
|inactive|Carajo666 has 30 seconds left.
|inactive|Carajo666 has 20 seconds left.
|inactive|Carajo666 has 15 seconds left.
|inactive|Carajo666 has 10 seconds left.
|inactive|Jammiz has 30 seconds left.
|
|t:|1750706926
|switch|p1b: Amoonguss|Amoonguss, L50, M|100/100
|move|p2a: Miraidon|Electro Drift|p1b: Amoonguss
|-resisted|p1b: Amoonguss
|-damage|p1b: Amoonguss|48/100
|-damage|p2a: Miraidon|84/100|[from] item: Rocky Helmet|[of] p1b: Amoonguss
|move|p2b: Incineroar|Knock Off|p1a: Lunala
|-supereffective|p1a: Lunala
|-damage|p1a: Lunala|37/100
|-enditem|p1a: Lunala|Safety Goggles|[from] move: Knock Off|[of] p2b: Incineroar
|move|p1a: Lunala|Trick Room|p1a: Lunala
|-fieldstart|move: Trick Room|[of] p1a: Lunala
|
|-weather|Sandstorm|[upkeep]
|-damage|p1b: Amoonguss|42/100|[from] Sandstorm
|-damage|p1a: Lunala|30/100|[from] Sandstorm
|-damage|p2b: Incineroar|94/100|[from] Sandstorm
|-damage|p2a: Miraidon|78/100|[from] Sandstorm
|upkeep
|turn|2
|inactive|Jammiz has 30 seconds left.
|
|t:|1750706952
|-terastallize|p1a: Lunala|Fairy
|move|p1b: Amoonguss|Rage Powder|p1b: Amoonguss
|-singleturn|p1b: Amoonguss|move: Rage Powder
|move|p1a: Lunala|Moonblast|p2a: Miraidon
|-supereffective|p2a: Miraidon
|-damage|p2a: Miraidon|1/100
|move|p2b: Incineroar|U-turn|p1b: Amoonguss
|-damage|p1b: Amoonguss|26/100
|-damage|p2b: Incineroar|78/100|[from] item: Rocky Helmet|[of] p1b: Amoonguss
|
|t:|1750706962
|switch|p2b: Calyrex|Calyrex-Ice, L50|100/100|[from] U-turn
|-ability|p2b: Calyrex|As One
|-ability|p2b: Calyrex|Unnerve
|move|p2a: Miraidon|Electro Drift|p1b: Amoonguss
|-resisted|p1b: Amoonguss
|-damage|p1b: Amoonguss|0 fnt
|-damage|p2a: Miraidon|0 fnt|[from] item: Rocky Helmet|[of] p1b: Amoonguss
|faint|p1b: Amoonguss
|faint|p2a: Miraidon
|
|-weather|Sandstorm|[upkeep]
|-damage|p2b: Calyrex|95/100|[from] Sandstorm
|-damage|p1a: Lunala|24/100|[from] Sandstorm
|-heal|p2b: Calyrex|100/100|[from] item: Leftovers
|upkeep
|
|t:|1750706980
|switch|p1b: Enamorus|Enamorus-Therian, L50, F|100/100
|switch|p2a: Urshifu|Urshifu-Rapid-Strike, L50, M|100/100
|turn|3
|
|t:|1750706998
|move|p2a: Urshifu|Aqua Jet|p1a: Lunala
|-damage|p1a: Lunala|0 fnt
|faint|p1a: Lunala
|move|p1b: Enamorus|Weather Ball|p2b: Calyrex
|-supereffective|p2b: Calyrex
|-crit|p2b: Calyrex
|-damage|p2b: Calyrex|0 fnt
|faint|p2b: Calyrex
|
|-weather|Sandstorm|[upkeep]
|-damage|p2a: Urshifu|95/100|[from] Sandstorm
|upkeep
|
|t:|1750707009
|switch|p2b: Incineroar|Incineroar, L50, M|78/100
|switch|p1a: Tyranitar|Tyranitar, L50, M|100/100
|-ability|p2b: Incineroar|Intimidate|boost
|-unboost|p1a: Tyranitar|atk|1
|-unboost|p1b: Enamorus|atk|1
|turn|4
|inactive|Carajo666 has 30 seconds left.
|
|t:|1750707036
|move|p2b: Incineroar|Fake Out|p1b: Enamorus
|-damage|p1b: Enamorus|91/100
|move|p2a: Urshifu|Aqua Jet|p1a: Tyranitar
|-supereffective|p1a: Tyranitar
|-damage|p1a: Tyranitar|50/100
|cant|p1b: Enamorus|flinch
|move|p1a: Tyranitar|Rock Slide|p2b: Incineroar|[spread] p2a,p2b
|-resisted|p2a: Urshifu
|-supereffective|p2b: Incineroar
|-crit|p2b: Incineroar
|-damage|p2a: Urshifu|84/100
|-damage|p2b: Incineroar|0 fnt
|faint|p2b: Incineroar
|
|-weather|Sandstorm|[upkeep]
|-damage|p2a: Urshifu|78/100|[from] Sandstorm
|upkeep
|turn|5
|inactive|Jammiz has 30 seconds left.
|inactive|Jammiz has 20 seconds left.
|
|t:|1750707074
|move|p2a: Urshifu|Aqua Jet|p1b: Enamorus
|-damage|p1b: Enamorus|62/100
|move|p1b: Enamorus|Weather Ball|p2a: Urshifu
|-resisted|p2a: Urshifu
|-damage|p2a: Urshifu|45/100
|move|p1a: Tyranitar|Knock Off|p2a: Urshifu
|-resisted|p2a: Urshifu
|-damage|p2a: Urshifu|27/100
|-enditem|p2a: Urshifu|Choice Band|[from] move: Knock Off|[of] p1a: Tyranitar
|
|-weather|none
|-fieldend|move: Trick Room
|-fieldend|move: Electric Terrain
|upkeep
|turn|6
|-message|Jammiz forfeited.
|
|win|Carajo666
|raw|Carajo666's rating: 1556 &rarr; <strong>1581</strong><br />(+25 for winning)
|raw|Jammiz's rating: 1645 &rarr; <strong>1620</strong><br />(-25 for losing)
|l|☆Jammiz
|player|p2|
|l|☆Carajo666
|player|p1|
