|j|☆Altimetfarmer
|j|☆WeWantBreathOfFire
|t:|1750753557
|gametype|doubles
|player|p1|Altimetfarmer|170|1635
|player|p2|WeWantBreathOfFire|pryce|1710
|teamsize|p1|6
|teamsize|p2|6
|gen|9
|tier|[Gen 9] VGC 2025 Reg I
|rated|
|rule|Species Clause: Limit one of each Pokémon
|rule|Item Clause: Limit 1 of each item
|clearpoke
|poke|p1|Lunala, L50|
|poke|p1|Miraidon, L50|
|poke|p1|Ursaluna, L50, M|
|poke|p1|Incineroar, L50, F|
|poke|p1|Urshifu-*, L50, F|
|poke|p1|Whimsicott, L50, F|
|poke|p2|Rillaboom, L50, M|
|poke|p2|Urshifu-*, L50, M|
|poke|p2|Eternatus, L50|
|poke|p2|Kyogre, L50|
|poke|p2|Incineroar, L50, M|
|poke|p2|Wo-Chien, L50|
|teampreview|4
|
|t:|1750753586
|start
|switch|p1a: Lunala|Lunala, L50|100/100
|switch|p1b: Miraidon|Miraidon, L50|100/100
|switch|p2a: Eternatus|Eternatus, L50|100/100
|switch|p2b: Kyogre|Kyogre, L50|100/100
|-weather|RainDance|[from] ability: Drizzle|[of] p2b: Kyogre
|-fieldstart|move: Electric Terrain|[from] ability: Hadron Engine|[of] p1b: Miraidon
|-enditem|p1a: Lunala|Electric Seed
|-boost|p1a: Lunala|def|1|[from] item: Electric Seed
|-ability|p2a: Eternatus|Pressure
|turn|1
|
|t:|1750753599
|switch|p2b: Rillaboom|Rillaboom, L50, M|100/100
|-fieldstart|move: Grassy Terrain|[from] ability: Grassy Surge|[of] p2b: Rillaboom
|-terastallize|p2a: Eternatus|Fairy
|move|p1b: Miraidon|Volt Switch|p2b: Rillaboom
|-resisted|p2b: Rillaboom
|-damage|p2b: Rillaboom|86/100
|
|t:|1750753614
|switch|p1b: Ursaluna|Ursaluna, L50, M|100/100|[from] Volt Switch
|move|p2a: Eternatus|Cosmic Power|p2a: Eternatus
|-boost|p2a: Eternatus|def|1
|-boost|p2a: Eternatus|spd|1
|move|p1a: Lunala|Trick Room|p1a: Lunala
|-fieldstart|move: Trick Room|[of] p1a: Lunala
|
|-weather|RainDance|[upkeep]
|-heal|p2b: Rillaboom|92/100|[from] Grassy Terrain
|-status|p1b: Ursaluna|brn|[from] item: Flame Orb
|upkeep
|turn|2
|
|t:|1750753629
|-terastallize|p1b: Ursaluna|Ghost
|move|p2b: Rillaboom|Fake Out|p1b: Ursaluna
|-immune|p1b: Ursaluna
|move|p1b: Ursaluna|Facade|p2a: Eternatus
|-damage|p2a: Eternatus|57/100
|move|p1a: Lunala|Moongeist Beam|p2a: Eternatus
|-damage|p2a: Eternatus|30/100
|move|p2a: Eternatus|Cosmic Power|p2a: Eternatus
|-boost|p2a: Eternatus|def|1
|-boost|p2a: Eternatus|spd|1
|
|-weather|RainDance|[upkeep]
|-heal|p2b: Rillaboom|98/100|[from] Grassy Terrain
|-heal|p2a: Eternatus|36/100|[from] Grassy Terrain
|-heal|p2a: Eternatus|42/100|[from] item: Leftovers
|-damage|p1b: Ursaluna|95/100 brn|[from] brn
|upkeep
|turn|3
|inactive|Battle timer is ON: inactive players will automatically lose when time's up. (requested by WeWantBreathOfFire)
|
|t:|1750753662
|switch|p2b: Incineroar|Incineroar, L50, M|100/100
|-ability|p2b: Incineroar|Intimidate|boost
|-unboost|p1a: Lunala|atk|1
|-unboost|p1b: Ursaluna|atk|1
|move|p1b: Ursaluna|Facade|p2b: Incineroar
|-damage|p2b: Incineroar|46/100
|move|p1a: Lunala|Moongeist Beam|p2b: Incineroar
|-resisted|p2b: Incineroar
|-damage|p2b: Incineroar|21/100
|move|p2a: Eternatus|Recover|p2a: Eternatus
|-heal|p2a: Eternatus|92/100
|
|-weather|RainDance|[upkeep]
|-heal|p1b: Ursaluna|100/100 brn|[from] Grassy Terrain
|-heal|p2b: Incineroar|27/100|[from] Grassy Terrain
|-heal|p2a: Eternatus|98/100|[from] Grassy Terrain
|-heal|p2a: Eternatus|100/100|[from] item: Leftovers
|-damage|p1b: Ursaluna|95/100 brn|[from] brn
|upkeep
|turn|4
|inactive|Altimetfarmer has 30 seconds left.
|
|t:|1750753690
|switch|p1a: Urshifu|Urshifu-Rapid-Strike, L50, F|100/100
|move|p1b: Ursaluna|Facade|p2b: Incineroar
|-damage|p2b: Incineroar|0 fnt
|faint|p2b: Incineroar
|move|p2a: Eternatus|Cosmic Power|p2a: Eternatus
|-boost|p2a: Eternatus|def|1
|-boost|p2a: Eternatus|spd|1
|
|-weather|RainDance|[upkeep]
|-heal|p1b: Ursaluna|100/100 brn|[from] Grassy Terrain
|-damage|p1b: Ursaluna|95/100 brn|[from] brn
|upkeep
|
|t:|1750753697
|switch|p2b: Rillaboom|Rillaboom, L50, M|98/100
|turn|5
|inactive|Altimetfarmer has 30 seconds left.
|
|t:|1750753723
|switch|p1a: Miraidon|Miraidon, L50|100/100
|-fieldstart|move: Electric Terrain|[from] ability: Hadron Engine|[of] p1a: Miraidon
|move|p1b: Ursaluna|Facade|p2b: Rillaboom
|-damage|p2b: Rillaboom|15/100
|move|p2b: Rillaboom|Wood Hammer|p1a: Miraidon
|-resisted|p1a: Miraidon
|-damage|p1a: Miraidon|75/100
|-damage|p2b: Rillaboom|7/100|[from] Recoil
|move|p2a: Eternatus|Sludge Bomb|p1a: Miraidon
|-damage|p1a: Miraidon|40/100
|
|-weather|none
|-damage|p1b: Ursaluna|89/100 brn|[from] brn
|-fieldend|move: Trick Room
|upkeep
|turn|6
|inactive|Altimetfarmer has 30 seconds left.
|inactive|Altimetfarmer has 20 seconds left.
|inactive|Altimetfarmer has 15 seconds left.
|inactive|Altimetfarmer has 10 seconds left.
|inactive|Altimetfarmer has 5 seconds left.
|
|t:|1750753773
|move|p1a: Miraidon|Electro Drift|p2b: Rillaboom
|-resisted|p2b: Rillaboom
|-damage|p2b: Rillaboom|0 fnt
|faint|p2b: Rillaboom
|move|p2a: Eternatus|Cosmic Power|p2a: Eternatus
|-boost|p2a: Eternatus|def|1
|-boost|p2a: Eternatus|spd|1
|move|p1b: Ursaluna|Facade|p2a: Eternatus
|-damage|p2a: Eternatus|84/100
|
|-heal|p2a: Eternatus|90/100|[from] item: Leftovers
|-damage|p1b: Ursaluna|83/100 brn|[from] brn
|upkeep
|
|t:|1750753779
|switch|p2b: Kyogre|Kyogre, L50|100/100
|-weather|RainDance|[from] ability: Drizzle|[of] p2b: Kyogre
|turn|7
|
|t:|1750753800
|move|p1b: Ursaluna|Protect|p1b: Ursaluna
|-singleturn|p1b: Ursaluna|Protect
|move|p2b: Kyogre|Water Spout|p1b: Ursaluna|[spread] p1a
|-activate|p1b: Ursaluna|move: Protect
|-resisted|p1a: Miraidon
|-damage|p1a: Miraidon|0 fnt
|faint|p1a: Miraidon
|move|p2a: Eternatus|Substitute|p2a: Eternatus
|-start|p2a: Eternatus|Substitute
|-damage|p2a: Eternatus|66/100
|
|-weather|RainDance|[upkeep]
|-heal|p2a: Eternatus|72/100|[from] item: Leftovers
|-damage|p1b: Ursaluna|77/100 brn|[from] brn
|upkeep
|
|t:|1750753811
|switch|p1a: Lunala|Lunala, L50|100/100
|turn|8
|
|t:|1750753826
|move|p2b: Kyogre|Water Spout|p1a: Lunala|[spread] p1a,p1b
|-damage|p1a: Lunala|67/100
|-damage|p1b: Ursaluna|0 fnt
|faint|p1b: Ursaluna
|move|p2a: Eternatus|Cosmic Power|p2a: Eternatus
|-boost|p2a: Eternatus|def|1
|-boost|p2a: Eternatus|spd|1
|move|p1a: Lunala|Trick Room|p1a: Lunala
|-fieldstart|move: Trick Room|[of] p1a: Lunala
|
|-weather|RainDance|[upkeep]
|-heal|p2a: Eternatus|78/100|[from] item: Leftovers
|upkeep
|
|t:|1750753832
|switch|p1b: Urshifu|Urshifu-Rapid-Strike, L50, F|100/100
|turn|9
|
|t:|1750753857
|move|p1a: Lunala|Wide Guard|p1a: Lunala
|-singleturn|p1a: Lunala|Wide Guard
|move|p1b: Urshifu|Surging Strikes|p2a: Eternatus
|-crit|p2a: Eternatus
|-end|p2a: Eternatus|Substitute
|-crit|p2a: Eternatus
|-damage|p2a: Eternatus|52/100
|-crit|p2a: Eternatus
|-damage|p2a: Eternatus|26/100
|-hitcount|p2a: Eternatus|3
|move|p2a: Eternatus|Substitute|p2a: Eternatus
|-start|p2a: Eternatus|Substitute
|-damage|p2a: Eternatus|1/100
|move|p2b: Kyogre|Water Spout|p1a: Lunala|[spread] 
|-activate|p1a: Lunala|move: Wide Guard
|-activate|p1b: Urshifu|move: Wide Guard
|
|-weather|RainDance|[upkeep]
|-heal|p2a: Eternatus|7/100|[from] item: Leftovers
|-fieldend|move: Electric Terrain
|upkeep
|turn|10
|
|t:|1750753874
|move|p1a: Lunala|Wide Guard|p1a: Lunala
|-singleturn|p1a: Lunala|Wide Guard
|move|p1b: Urshifu|Surging Strikes|p2a: Eternatus
|-crit|p2a: Eternatus
|-end|p2a: Eternatus|Substitute
|-crit|p2a: Eternatus
|-damage|p2a: Eternatus|0 fnt
|faint|p2a: Eternatus
|-hitcount|p2: Eternatus|2
|move|p2b: Kyogre|Water Spout|p1a: Lunala|[spread] 
|-activate|p1a: Lunala|move: Wide Guard
|-activate|p1b: Urshifu|move: Wide Guard
|
|-weather|RainDance|[upkeep]
|upkeep
|turn|11
|-message|WeWantBreathOfFire forfeited.
|
|win|Altimetfarmer
|raw|Altimetfarmer's rating: 1635 &rarr; <strong>1659</strong><br />(+24 for winning)
|raw|WeWantBreathOfFire's rating: 1710 &rarr; <strong>1686</strong><br />(-24 for losing)
|l|☆WeWantBreathOfFire
|player|p2|
|l|☆Altimetfarmer
|player|p1|
