|j|☆Gogogoliver
|j|☆jaytheman999
|t:|1750870668
|gametype|doubles
|player|p1|Gogogoliver|266|1101
|player|p2|jaytheman999|1|1107
|teamsize|p1|6
|teamsize|p2|6
|gen|9
|tier|[Gen 9] VGC 2025 Reg I
|rated|
|rule|Species Clause: Limit one of each Pokémon
|rule|Item Clause: Limit 1 of each item
|clearpoke
|poke|p1|Koraidon, L50|
|poke|p1|Zamazenta-*, L50|
|poke|p1|Annihilape, L50, M|
|poke|p1|Iron Hands, L50|
|poke|p1|Blaziken, L50, F|
|poke|p1|Oddish, L50, F|
|poke|p2|Calyrex-Ice, L50|
|poke|p2|Lunala, L50|
|poke|p2|Amoonguss, L50, F|
|poke|p2|Incineroar, L50, M|
|poke|p2|Farigiraf, L50, F|
|poke|p2|Ogerpon-Hearthflame, L50, F|
|teampreview|4
|inactive|Battle timer is ON: inactive players will automatically lose when time's up. (requested by jaytheman999)
jaytheman999 has agreed to open team sheets.
|inactive|jaytheman999 has 60 seconds left.
|inactive|jaytheman999 has 30 seconds left.
|
|t:|1750870731
|start
|switch|p1a: Iron Hands|Iron Hands, L50|100/100
|switch|p1b: Oddish|Oddish, L50, F|100/100
|switch|p2a: Amoonguss|Amoonguss, L50, F|100/100
|switch|p2b: Calyrex|Calyrex-Ice, L50|100/100
|-ability|p2b: Calyrex|As One
|-ability|p2b: Calyrex|Unnerve
|turn|1
|inactive|jaytheman999 has 30 seconds left.
|inactive|Gogogoliver has 30 seconds left.
|
|t:|1750870763
|move|p2a: Amoonguss|Rage Powder|p2a: Amoonguss
|-singleturn|p2a: Amoonguss|move: Rage Powder
|move|p1a: Iron Hands|Belly Drum|p1a: Iron Hands
|-damage|p1a: Iron Hands|51/100
|-setboost|p1a: Iron Hands|atk|6|[from] move: Belly Drum
|move|p1b: Oddish|Sleep Powder|p2b: Calyrex
|-status|p2b: Calyrex|slp|[from] move: Sleep Powder
|cant|p2b: Calyrex|slp
|
|upkeep
|turn|2
|inactive|Gogogoliver has 30 seconds left.
|inactive|jaytheman999 has 30 seconds left.
|
|t:|1750870792
|switch|p2b: Ogerpon|Ogerpon-Hearthflame, L50, F|100/100
|-ability|p2b: Ogerpon|Mold Breaker
|move|p2a: Amoonguss|Rage Powder|p2a: Amoonguss
|-singleturn|p2a: Amoonguss|move: Rage Powder
|move|p1a: Iron Hands|Drain Punch|p2a: Amoonguss
|-resisted|p2a: Amoonguss
|-damage|p2a: Amoonguss|24/100
|-heal|p1a: Iron Hands|83/100|[from] drain|[of] p2a: Amoonguss
|move|p1b: Oddish|Energy Ball|p2a: Amoonguss
|-resisted|p2a: Amoonguss
|-damage|p2a: Amoonguss|16/100
|
|-heal|p2a: Amoonguss|22/100|[from] item: Leftovers
|upkeep
|turn|3
|inactive|Gogogoliver has 30 seconds left.
|inactive|jaytheman999 has 30 seconds left.
|
|t:|1750870821
|move|p1b: Oddish|Protect|p1b: Oddish
|-singleturn|p1b: Oddish|Protect
|move|p2a: Amoonguss|Rage Powder|p2a: Amoonguss
|-singleturn|p2a: Amoonguss|move: Rage Powder
|move|p2b: Ogerpon|Play Rough|p1a: Iron Hands|[miss]
|-miss|p2b: Ogerpon|p1a: Iron Hands
|move|p1a: Iron Hands|Drain Punch|p2a: Amoonguss
|-resisted|p2a: Amoonguss
|-damage|p2a: Amoonguss|0 fnt
|-heal|p1a: Iron Hands|92/100|[from] drain|[of] p2a: Amoonguss
|faint|p2a: Amoonguss
|
|upkeep
|
|t:|1750870835
|switch|p2a: Calyrex|Calyrex-Ice, L50|100/100 slp
|-ability|p2a: Calyrex|As One
|-ability|p2a: Calyrex|Unnerve
|turn|4
|
|t:|1750870854
|move|p2b: Ogerpon|Play Rough|p1a: Iron Hands
|-supereffective|p1a: Iron Hands
|-damage|p1a: Iron Hands|53/100
|move|p1a: Iron Hands|Drain Punch|p2a: Calyrex
|-damage|p2a: Calyrex|0 fnt
|-heal|p1a: Iron Hands|93/100|[from] drain|[of] p2a: Calyrex
|faint|p2a: Calyrex
|move|p1b: Oddish|Energy Ball|p2b: Ogerpon
|-resisted|p2b: Ogerpon
|-damage|p2b: Ogerpon|93/100
|
|upkeep
|
|t:|1750870863
|switch|p2a: Lunala|Lunala, L50|100/100
|turn|5
|
|t:|1750870877
|move|p1a: Iron Hands|Detect|p1a: Iron Hands
|-singleturn|p1a: Iron Hands|Protect
|move|p2b: Ogerpon|Play Rough|p1a: Iron Hands
|-activate|p1a: Iron Hands|move: Protect
|move|p2a: Lunala|Moongeist Beam|p1a: Iron Hands
|-activate|p1a: Iron Hands|move: Protect
|move|p1b: Oddish|Sleep Powder|p2a: Lunala|[miss]
|-miss|p1b: Oddish|p2a: Lunala
|
|upkeep
|turn|6
|inactive|Gogogoliver has 30 seconds left.
|
|t:|1750870910
|move|p2b: Ogerpon|Play Rough|p1a: Iron Hands
|-supereffective|p1a: Iron Hands
|-damage|p1a: Iron Hands|56/100
|move|p2a: Lunala|Moongeist Beam|p1a: Iron Hands
|-damage|p1a: Iron Hands|4/100
|-enditem|p1a: Iron Hands|Sitrus Berry|[eat]
|-heal|p1a: Iron Hands|28/100|[from] item: Sitrus Berry
|move|p1a: Iron Hands|Close Combat|p2b: Ogerpon
|-damage|p2b: Ogerpon|0 fnt
|-unboost|p1a: Iron Hands|def|1
|-unboost|p1a: Iron Hands|spd|1
|faint|p2b: Ogerpon
|move|p1b: Oddish|Sleep Powder|p2a: Lunala
|-status|p2a: Lunala|slp|[from] move: Sleep Powder
|
|upkeep
|turn|7
|inactive|Gogogoliver has 30 seconds left.
|
|t:|1750870936
|-end|p1a: Iron Hands|Quark Drive|[silent]
|switch|p1a: Annihilape|Annihilape, L50, M|100/100
|-terastallize|p2a: Lunala|Water
|cant|p2a: Lunala|slp
|move|p1b: Oddish|Giga Drain|p2a: Lunala
|-supereffective|p2a: Lunala
|-damage|p2a: Lunala|82/100 slp
|
|upkeep
|turn|8
|
|t:|1750870956
|-curestatus|p2a: Lunala|slp|[msg]
|move|p2a: Lunala|Moongeist Beam|p1a: Annihilape
|-supereffective|p1a: Annihilape
|-damage|p1a: Annihilape|0 fnt
|faint|p1a: Annihilape
|move|p1b: Oddish|Energy Ball|p2a: Lunala
|-supereffective|p2a: Lunala
|-damage|p2a: Lunala|39/100
|
|upkeep
|
|t:|1750870966
|switch|p1a: Zamazenta|Zamazenta-Crowned, L50|100/100
|-ability|p1a: Zamazenta|Dauntless Shield|boost
|-boost|p1a: Zamazenta|def|1
|turn|9
|
|t:|1750870981
|move|p2a: Lunala|Wide Guard|p2a: Lunala
|-singleturn|p2a: Lunala|Wide Guard
|move|p1a: Zamazenta|Body Press|p2a: Lunala
|-damage|p2a: Lunala|0 fnt
|faint|p2a: Lunala
|
|win|Gogogoliver
|raw|Gogogoliver's rating: 1101 &rarr; <strong>1126</strong><br />(+25 for winning)
|raw|jaytheman999's rating: 1107 &rarr; <strong>1082</strong><br />(-25 for losing)
|l|☆jaytheman999
|player|p2|
|l|☆Gogogoliver
|player|p1|
