|j|☆Ferrous2 000
|j|☆Moosewii7
|t:|1750744132
|gametype|doubles
|player|p1|Ferrous2 000|hiker|1284
|player|p2|Moosewii7|265|1364
|teamsize|p1|6
|teamsize|p2|6
|gen|9
|tier|[Gen 9] VGC 2025 Reg I
|rated|
|rule|Species Clause: Limit one of each Pokémon
|rule|Item Clause: Limit 1 of each item
|clearpoke
|poke|p1|Koraidon, L50|
|poke|p1|Incineroar, L50, M|
|poke|p1|Volcarona, L50, M|
|poke|p1|Solgaleo, L50|
|poke|p1|Meowscarada, L50, M|
|poke|p1|Ting-Lu, L50|
|poke|p2|Calyrex-Shadow, L50|
|poke|p2|Garganacl, L50, F|
|poke|p2|Indeedee-F, L50, F|
|poke|p2|Iron Hands, L50|
|poke|p2|Kyogre, L50|
|poke|p2|Maushold-Four, L50|
|teampreview|4
|inactive|Battle timer is ON: inactive players will automatically lose when time's up. (requested by Moosewii7)
Moosewii7 rejected open team sheets.
|inactive|Ferrous2 000 has 60 seconds left.
|
|t:|1750744190
|start
|switch|p1a: Solgaleo|Solgaleo, L50|100/100
|switch|p1b: Meowscarada|Meowscarada, L50, M|100/100
|switch|p2a: Indeedee|Indeedee-F, L50, F|100/100
|switch|p2b: Maushold|Maushold-Four, L50|100/100
|-fieldstart|move: Psychic Terrain|[from] ability: Psychic Surge|[of] p2a: Indeedee
|turn|1
|
|t:|1750744204
|move|p2a: Indeedee|Follow Me|p2a: Indeedee
|-singleturn|p2a: Indeedee|move: Follow Me
|move|p1b: Meowscarada|Knock Off|p2a: Indeedee
|-supereffective|p2a: Indeedee
|-damage|p2a: Indeedee|15/100
|-enditem|p2a: Indeedee|Sitrus Berry|[from] move: Knock Off|[of] p1b: Meowscarada
|move|p2b: Maushold|Population Bomb|p1b: Meowscarada
|-damage|p1b: Meowscarada|82/100
|-damage|p1b: Meowscarada|64/100
|-damage|p1b: Meowscarada|48/100
|-damage|p1b: Meowscarada|29/100
|-damage|p1b: Meowscarada|12/100
|-damage|p1b: Meowscarada|0 fnt
|faint|p1b: Meowscarada
|-hitcount|p1: Meowscarada|6
|move|p1a: Solgaleo|Sunsteel Strike|p2a: Indeedee
|-damage|p2a: Indeedee|0 fnt
|faint|p2a: Indeedee
|
|upkeep
|
|t:|1750744227
|switch|p1b: Koraidon|Koraidon, L50|100/100
|switch|p2a: Calyrex|Calyrex-Shadow, L50|100/100
|-ability|p2a: Calyrex|As One
|-ability|p2a: Calyrex|Unnerve
|-weather|SunnyDay|[from] ability: Orichalcum Pulse|[of] p1b: Koraidon
|-activate|p1b: Koraidon|Orichalcum Pulse|[source]
|turn|2
|
|t:|1750744240
|move|p2a: Calyrex|Protect|p2a: Calyrex
|-singleturn|p2a: Calyrex|Protect
|move|p1a: Solgaleo|Wide Guard|p1a: Solgaleo
|-singleturn|p1a: Solgaleo|Wide Guard
|move|p2b: Maushold|Population Bomb|p1b: Koraidon
|-damage|p1b: Koraidon|93/100
|-damage|p1b: Koraidon|85/100
|-damage|p1b: Koraidon|75/100
|-damage|p1b: Koraidon|67/100
|-damage|p1b: Koraidon|58/100
|-damage|p1b: Koraidon|49/100
|-damage|p1b: Koraidon|41/100
|-damage|p1b: Koraidon|32/100
|-damage|p1b: Koraidon|25/100
|-damage|p1b: Koraidon|17/100
|-hitcount|p1b: Koraidon|10
|move|p1b: Koraidon|Flame Charge|p2a: Calyrex
|-activate|p2a: Calyrex|move: Protect
|
|-weather|SunnyDay|[upkeep]
|upkeep
|turn|3
|inactive|Moosewii7 has 30 seconds left.
|
|t:|1750744266
|move|p1a: Solgaleo|Wide Guard|p1a: Solgaleo
|-singleturn|p1a: Solgaleo|Wide Guard
|move|p2b: Maushold|Follow Me|p2b: Maushold
|-singleturn|p2b: Maushold|move: Follow Me
|move|p2a: Calyrex|Expanding Force|p1b: Koraidon|[spread] 
|-activate|p1a: Solgaleo|move: Wide Guard
|-activate|p1b: Koraidon|move: Wide Guard
|move|p1b: Koraidon|Close Combat|p2b: Maushold
|-supereffective|p2b: Maushold
|-damage|p2b: Maushold|0 fnt
|-unboost|p1b: Koraidon|def|1
|-unboost|p1b: Koraidon|spd|1
|faint|p2b: Maushold
|-damage|p1b: Koraidon|7/100|[from] item: Life Orb
|
|-weather|SunnyDay|[upkeep]
|upkeep
|
|t:|1750744277
|switch|p2b: Kyogre|Kyogre, L50|100/100
|-weather|RainDance|[from] ability: Drizzle|[of] p2b: Kyogre
|turn|4
|
|t:|1750744292
|-terastallize|p2b: Kyogre|Water
|move|p1b: Koraidon|Protect|p1b: Koraidon
|-singleturn|p1b: Koraidon|Protect
|move|p2a: Calyrex|Nasty Plot|p2a: Calyrex
|-boost|p2a: Calyrex|spa|2
|move|p1a: Solgaleo|Psychic Fangs|p2b: Kyogre
|-damage|p2b: Kyogre|43/100
|move|p2b: Kyogre|Hydro Pump|p1a: Solgaleo|[miss]
|-miss|p2b: Kyogre|p1a: Solgaleo
|
|-weather|RainDance|[upkeep]
|upkeep
|turn|5
|inactive|Ferrous2 000 has 30 seconds left.
|
|t:|1750744318
|move|p1a: Solgaleo|Wide Guard|p1a: Solgaleo
|-singleturn|p1a: Solgaleo|Wide Guard
|move|p2a: Calyrex|Nasty Plot|p2a: Calyrex
|-boost|p2a: Calyrex|spa|2
|move|p1b: Koraidon|Close Combat|p2b: Kyogre
|-crit|p2b: Kyogre
|-damage|p2b: Kyogre|0 fnt
|-unboost|p1b: Koraidon|def|1
|-unboost|p1b: Koraidon|spd|1
|faint|p2b: Kyogre
|-damage|p1b: Koraidon|0 fnt|[from] item: Life Orb
|faint|p1b: Koraidon
|
|-weather|RainDance|[upkeep]
|-fieldend|move: Psychic Terrain
|upkeep
|
|t:|1750744327
|switch|p1b: Volcarona|Volcarona, L50, M|100/100
|turn|6
|
|t:|1750744338
|move|p1a: Solgaleo|Wide Guard|p1a: Solgaleo
|-singleturn|p1a: Solgaleo|Wide Guard
|move|p2a: Calyrex|Expanding Force|p1b: Volcarona
|-damage|p1b: Volcarona|0 fnt
|faint|p1b: Volcarona
|-ability|p2a: Calyrex|Grim Neigh|boost
|-boost|p2a: Calyrex|spa|1
|
|-weather|RainDance|[upkeep]
|upkeep
|turn|7
|
|t:|1750744352
|move|p2a: Calyrex|Astral Barrage|p1a: Solgaleo
|-supereffective|p1a: Solgaleo
|-damage|p1a: Solgaleo|0 fnt
|faint|p1a: Solgaleo
|
|win|Moosewii7
|raw|Ferrous2 000's rating: 1284 &rarr; <strong>1265</strong><br />(-19 for losing)
|raw|Moosewii7's rating: 1364 &rarr; <strong>1379</strong><br />(+15 for winning)
|l|☆Ferrous2 000
|player|p1|
|l|☆Moosewii7
|player|p2|
