|j|☆Scottyboi3
|j|☆Iwillko
|t:|1750870179
|gametype|doubles
|player|p1|Scottyboi3|2|1042
|player|p2|Iwillko|102|1000
|teamsize|p1|6
|teamsize|p2|6
|gen|9
|tier|[Gen 9] VGC 2025 Reg I
|rated|
|rule|Species Clause: Limit one of each Pokémon
|rule|Item Clause: Limit 1 of each item
|clearpoke
|poke|p1|Incineroar, L50, M|
|poke|p1|Kyogre, L50|
|poke|p1|Tornadus, L50, M|
|poke|p1|Amoonguss, L50, M|
|poke|p1|Roaring Moon, L50|
|poke|p1|Ting-Lu, L50|
|poke|p2|Lunala, L50|
|poke|p2|Incineroar, L50, F|
|poke|p2|Talonflame, L50, F|
|poke|p2|Raging Bolt, L50|
|poke|p2|Lycanroc-Dusk, L50, F|
|poke|p2|Urshifu-*, L50, M|
|teampreview|4
Iwillko has agreed to open team sheets.
|
|t:|1750870222
|start
|switch|p1a: Incineroar|Incineroar, L50, M|100/100
|switch|p1b: Tornadus|Tornadus, L50, M|100/100
|switch|p2a: Lycanroc|Lycanroc-Dusk, L50, F|100/100
|switch|p2b: Urshifu|Urshifu-Rapid-Strike, L50, M|100/100
|-ability|p1a: Incineroar|Intimidate|boost
|-unboost|p2a: Lycanroc|atk|1
|-unboost|p2b: Urshifu|atk|1
|turn|1
|
|t:|1750870240
|move|p2b: Urshifu|Protect|p2b: Urshifu
|-singleturn|p2b: Urshifu|Protect
|move|p1a: Incineroar|Fake Out|p2b: Urshifu
|-activate|p2b: Urshifu|move: Protect
|move|p1b: Tornadus|Tailwind|p1b: Tornadus
|-sidestart|p1: Scottyboi3|move: Tailwind
|move|p2a: Lycanroc|Howl|p2a: Lycanroc|[spread] p2a,p2b
|-boost|p2a: Lycanroc|atk|1
|-boost|p2b: Urshifu|atk|1
|
|upkeep
|turn|2
|
|t:|1750870263
|switch|p1a: Amoonguss|Amoonguss, L50, M|100/100
|move|p2a: Lycanroc|Helping Hand|p2b: Urshifu
|-singleturn|p2b: Urshifu|Helping Hand|[of] p2a: Lycanroc
|move|p1b: Tornadus|Bleakwind Storm|p2b: Urshifu|[spread] p2a,p2b
|-resisted|p2a: Lycanroc
|-supereffective|p2b: Urshifu
|-damage|p2a: Lycanroc|75/100
|-damage|p2b: Urshifu|0 fnt
|faint|p2b: Urshifu
|
|upkeep
|
|t:|1750870274
|switch|p2b: Lunala|Lunala, L50|100/100
|turn|3
|
|t:|1750870289
|switch|p1b: Incineroar|Incineroar, L50, M|100/100
|-ability|p1b: Incineroar|Intimidate|boost
|-unboost|p2a: Lycanroc|atk|1
|-unboost|p2b: Lunala|atk|1
|-terastallize|p2b: Lunala|Grass
|move|p2a: Lycanroc|Helping Hand|p2b: Lunala
|-singleturn|p2b: Lunala|Helping Hand|[of] p2a: Lycanroc
|move|p2b: Lunala|Psychic|p1a: Amoonguss
|-supereffective|p1a: Amoonguss
|-damage|p1a: Amoonguss|0 fnt
|faint|p1a: Amoonguss
|
|upkeep
|
|t:|1750870303
|switch|p1a: Tornadus|Tornadus, L50, M|100/100
|turn|4
|
|t:|1750870312
|switch|p2b: Incineroar|Incineroar, L50, F|100/100
|-ability|p2b: Incineroar|Intimidate|boost
|-unboost|p1a: Tornadus|atk|1
|-unboost|p1b: Incineroar|atk|1
|move|p1a: Tornadus|Protect|p1a: Tornadus
|-singleturn|p1a: Tornadus|Protect
|move|p2a: Lycanroc|Accelerock|p1a: Tornadus
|-activate|p1a: Tornadus|move: Protect
|move|p1b: Incineroar|Flare Blitz|p2b: Incineroar
|-resisted|p2b: Incineroar
|-damage|p2b: Incineroar|86/100
|-damage|p1b: Incineroar|96/100|[from] Recoil
|
|-sideend|p1: Scottyboi3|move: Tailwind
|upkeep
|turn|5
|
|t:|1750870346
|switch|p2a: Lunala|Lunala, L50, tera:Grass|100/100
|move|p2b: Incineroar|Fake Out|p1a: Tornadus
|-damage|p1a: Tornadus|84/100
|cant|p1a: Tornadus|flinch
|move|p1b: Incineroar|Snarl|p2a: Lunala|[spread] p2a
|-miss|p1b: Incineroar|p2b: Incineroar
|-damage|p2a: Lunala|96/100
|-unboost|p2a: Lunala|spa|1
|
|upkeep
|turn|6
|
|t:|1750870373
|move|p1a: Tornadus|Bleakwind Storm|p2b: Incineroar|[spread] p2a,p2b
|-supereffective|p2a: Lunala
|-damage|p2a: Lunala|34/100
|-damage|p2b: Incineroar|60/100
|-unboost|p2a: Lunala|spe|1
|-unboost|p2b: Incineroar|spe|1
|move|p2a: Lunala|Meteor Beam||[still]
|-prepare|p2a: Lunala|Meteor Beam
|-boost|p2a: Lunala|spa|1
|-enditem|p2a: Lunala|Power Herb
|-anim|p2a: Lunala|Meteor Beam|p1b: Incineroar
|-supereffective|p1b: Incineroar
|-damage|p1b: Incineroar|30/100
|move|p1b: Incineroar|Parting Shot|p2a: Lunala
|-unboost|p2a: Lunala|atk|1
|-unboost|p2a: Lunala|spa|1
|
|t:|1750870388
|switch|p1b: Roaring Moon|Roaring Moon, L50|100/100|[from] Parting Shot
|-enditem|p1b: Roaring Moon|Booster Energy
|-activate|p1b: Roaring Moon|ability: Protosynthesis|[fromitem]
|-start|p1b: Roaring Moon|protosynthesisatk
|move|p2b: Incineroar|Flare Blitz|p1a: Tornadus
|-damage|p1a: Tornadus|16/100
|-damage|p2b: Incineroar|43/100|[from] Recoil
|
|upkeep
|turn|7
|-message|Iwillko forfeited.
|
|win|Scottyboi3
|raw|Scottyboi3's rating: 1042 &rarr; <strong>1072</strong><br />(+30 for winning)
|raw|Iwillko's rating: 1000 &rarr; <strong>1000</strong><br />(+0 for losing)
|l|☆Iwillko
|player|p2|
