|j|☆TommyGuapo
|j|☆xdenoniox
|t:|1750727826
|gametype|doubles
|player|p1|TommyGuapo|102|1396
|player|p2|xdenoniox|lance|1443
|teamsize|p1|6
|teamsize|p2|6
|gen|9
|tier|[Gen 9] VGC 2025 Reg I
|rated|
|rule|Species Clause: Limit one of each Pokémon
|rule|Item Clause: Limit 1 of each item
|clearpoke
|poke|p1|Terapagos, L50, M|
|poke|p1|Volcarona, L50, F|
|poke|p1|Scream Tail, L50|
|poke|p1|Rillaboom, L50, M|
|poke|p1|Giratina-Origin, L50|
|poke|p1|Comfey, L50, F|
|poke|p2|Miraidon, L50|
|poke|p2|Zamazenta-*, L50|
|poke|p2|Volcarona, L50, M|
|poke|p2|Chien-Pao, L50|
|poke|p2|Rillaboom, L50, M|
|poke|p2|Ogerpon, L50, F|
|teampreview|4
|inactive|Battle timer is ON: inactive players will automatically lose when time's up. (requested by TommyGuapo)
TommyGuapo has agreed to open team sheets.
|inactive|TommyGuapo has 60 seconds left.
|inactive|xdenoniox has 60 seconds left.
|
|t:|1750727891
|start
|switch|p1a: Rillaboom|Rillaboom, L50, M|100/100
|switch|p1b: Terapagos|Terapagos, L50, M|100/100
|switch|p2a: Ogerpon|Ogerpon, L50, F|100/100
|switch|p2b: Zamazenta|Zamazenta-Crowned, L50, shiny|100/100
|-activate|p1b: Terapagos|ability: Tera Shift
|detailschange|p1b: Terapagos|Terapagos-Terastal, L50, M
|-heal|p1b: Terapagos|100/100|[silent]
|-ability|p2b: Zamazenta|Dauntless Shield|boost
|-boost|p2b: Zamazenta|def|1
|-fieldstart|move: Grassy Terrain|[from] ability: Grassy Surge|[of] p1a: Rillaboom
|turn|1
|inactive|xdenoniox has 30 seconds left.
|inactive|xdenoniox has 20 seconds left.
|inactive|xdenoniox has 15 seconds left.
|inactive|xdenoniox has 10 seconds left.
|
|t:|1750727939
|switch|p1a: Volcarona|Volcarona, L50, F|100/100
|move|p1b: Terapagos|Protect|p1b: Terapagos
|-singleturn|p1b: Terapagos|Protect
|move|p2b: Zamazenta|Body Press|p1a: Volcarona
|-resisted|p1a: Volcarona
|-damage|p1a: Volcarona|70/100
|-damage|p2b: Zamazenta|84/100|[from] item: Rocky Helmet|[of] p1a: Volcarona
|-status|p2b: Zamazenta|brn|[from] ability: Flame Body|[of] p1a: Volcarona
|move|p2a: Ogerpon|Ivy Cudgel|p1b: Terapagos
|-activate|p1b: Terapagos|move: Protect
|
|-heal|p2b: Zamazenta|90/100 brn|[from] Grassy Terrain
|-heal|p1a: Volcarona|76/100|[from] Grassy Terrain
|-damage|p2b: Zamazenta|84/100 brn|[from] brn
|upkeep
|turn|2
|
|t:|1750727961
|move|p1a: Volcarona|Rage Powder|p1a: Volcarona
|-singleturn|p1a: Volcarona|move: Rage Powder
|move|p2b: Zamazenta|Body Press|p1a: Volcarona
|-resisted|p1a: Volcarona
|-damage|p1a: Volcarona|60/100
|-damage|p2b: Zamazenta|68/100 brn|[from] item: Rocky Helmet|[of] p1a: Volcarona
|move|p2a: Ogerpon|Encore|p1b: Terapagos
|-start|p1b: Terapagos|Encore
|move|p1b: Terapagos|Protect||[still]
|-fail|p1b: Terapagos
|
|-heal|p2b: Zamazenta|74/100 brn|[from] Grassy Terrain
|-heal|p1a: Volcarona|67/100|[from] Grassy Terrain
|-damage|p2b: Zamazenta|68/100 brn|[from] brn
|upkeep
|turn|3
|inactive|TommyGuapo has 30 seconds left.
|
|t:|1750727992
|switch|p1b: Scream Tail|Scream Tail, L50|100/100
|-enditem|p1b: Scream Tail|Booster Energy
|-activate|p1b: Scream Tail|ability: Protosynthesis|[fromitem]
|-start|p1b: Scream Tail|protosynthesisspe
|move|p2b: Zamazenta|Body Press|p1b: Scream Tail
|-resisted|p1b: Scream Tail
|-damage|p1b: Scream Tail|94/100
|move|p2a: Ogerpon|Taunt|p1a: Volcarona
|-start|p1a: Volcarona|move: Taunt
|move|p1a: Volcarona|Fiery Dance|p2a: Ogerpon
|-supereffective|p2a: Ogerpon
|-damage|p2a: Ogerpon|20/100
|-boost|p1a: Volcarona|spa|1
|
|-heal|p1b: Scream Tail|99/100|[from] Grassy Terrain
|-heal|p2b: Zamazenta|74/100 brn|[from] Grassy Terrain
|-heal|p2a: Ogerpon|27/100|[from] Grassy Terrain
|-heal|p1a: Volcarona|73/100|[from] Grassy Terrain
|-damage|p2b: Zamazenta|68/100 brn|[from] brn
|upkeep
|turn|4
|inactive|TommyGuapo has 30 seconds left.
|inactive|xdenoniox has 30 seconds left.
|inactive|TommyGuapo has 20 seconds left.
|inactive|xdenoniox has 20 seconds left.
|inactive|TommyGuapo has 15 seconds left.
|
|t:|1750728035
|switch|p2b: Volcarona|Volcarona, L50, M, shiny|100/100
|move|p1b: Scream Tail|Protect|p1b: Scream Tail
|-singleturn|p1b: Scream Tail|Protect
|move|p2a: Ogerpon|Spiky Shield|p2a: Ogerpon
|-singleturn|p2a: Ogerpon|move: Protect
|move|p1a: Volcarona|Fiery Dance|p2a: Ogerpon
|-activate|p2a: Ogerpon|move: Protect
|
|-heal|p1b: Scream Tail|100/100|[from] Grassy Terrain
|-heal|p2a: Ogerpon|33/100|[from] Grassy Terrain
|-heal|p1a: Volcarona|79/100|[from] Grassy Terrain
|upkeep
|turn|5
|inactive|xdenoniox has 30 seconds left.
|inactive|xdenoniox has 20 seconds left.
|
|t:|1750728073
|-terastallize|p2a: Ogerpon|Grass
|detailschange|p2a: Ogerpon|Ogerpon-Teal-Tera, L50, F, tera:Grass
|-ability|p2a: Ogerpon|Embody Aspect (Teal)|boost
|-boost|p2a: Ogerpon|spe|1
|move|p1b: Scream Tail|Dazzling Gleam|p2b: Volcarona|[spread] p2a,p2b
|-resisted|p2b: Volcarona
|-damage|p2a: Ogerpon|17/100
|-damage|p2b: Volcarona|94/100
|move|p2a: Ogerpon|Encore|p1b: Scream Tail
|-start|p1b: Scream Tail|Encore
|move|p2b: Volcarona|Quiver Dance|p2b: Volcarona
|-boost|p2b: Volcarona|spa|1
|-boost|p2b: Volcarona|spd|1
|-boost|p2b: Volcarona|spe|1
|move|p1a: Volcarona|Struggle Bug|p2a: Ogerpon|[spread] p2a,p2b
|-supereffective|p2a: Ogerpon
|-resisted|p2b: Volcarona
|-damage|p2a: Ogerpon|0 fnt
|-damage|p2b: Volcarona|86/100
|-unboost|p2b: Volcarona|spa|1
|faint|p2a: Ogerpon
|detailschange|p2: Ogerpon|Ogerpon, L50, F|[silent]
|
|-heal|p2b: Volcarona|92/100|[from] Grassy Terrain
|-heal|p1a: Volcarona|85/100|[from] Grassy Terrain
|-end|p1a: Volcarona|move: Taunt
|-fieldend|move: Grassy Terrain
|upkeep
|
|t:|1750728097
|switch|p2a: Zamazenta|Zamazenta-Crowned, L50, shiny|68/100 brn
|turn|6
|inactive|TommyGuapo has 30 seconds left.
|
|t:|1750728125
|-end|p1b: Scream Tail|Protosynthesis|[silent]
|switch|p1b: Rillaboom|Rillaboom, L50, M|100/100
|-fieldstart|move: Grassy Terrain|[from] ability: Grassy Surge|[of] p1b: Rillaboom
|move|p2b: Volcarona|Fiery Dance|p1a: Volcarona
|-damage|p1a: Volcarona|54/100
|-boost|p2b: Volcarona|spa|1
|move|p2a: Zamazenta|Behemoth Bash|p1b: Rillaboom
|-damage|p1b: Rillaboom|77/100
|move|p1a: Volcarona|Fiery Dance|p2b: Volcarona
|-damage|p2b: Volcarona|61/100
|
|-heal|p2b: Volcarona|66/100|[from] Grassy Terrain
|-heal|p2a: Zamazenta|74/100 brn|[from] Grassy Terrain
|-heal|p1b: Rillaboom|83/100|[from] Grassy Terrain
|-heal|p1a: Volcarona|60/100|[from] Grassy Terrain
|-damage|p2a: Zamazenta|68/100 brn|[from] brn
|upkeep
|turn|7
|inactive|xdenoniox has 30 seconds left.
|
|t:|1750728157
|switch|p2a: Miraidon|Miraidon, L50|100/100
|-fieldstart|move: Electric Terrain|[from] ability: Hadron Engine|[of] p2a: Miraidon
|-enditem|p2b: Volcarona|Electric Seed
|-boost|p2b: Volcarona|def|1|[from] item: Electric Seed
|move|p2b: Volcarona|Protect|p2b: Volcarona
|-singleturn|p2b: Volcarona|Protect
|move|p1b: Rillaboom|Fake Out|p2b: Volcarona
|-activate|p2b: Volcarona|move: Protect
|move|p1a: Volcarona|Tailwind|p1a: Volcarona
|-sidestart|p1: TommyGuapo|move: Tailwind
|
|upkeep
|turn|8
|inactive|TommyGuapo has 30 seconds left.
|inactive|xdenoniox has 30 seconds left.
|inactive|xdenoniox has 20 seconds left.
|
|t:|1750728193
|switch|p1b: Scream Tail|Scream Tail, L50|100/100
|move|p2a: Miraidon|Volt Switch|p1a: Volcarona
|-damage|p1a: Volcarona|0 fnt
|faint|p1a: Volcarona
|
|t:|1750728200
|switch|p2a: Zamazenta|Zamazenta-Crowned, L50, shiny|68/100 brn|[from] Volt Switch
|move|p2b: Volcarona|Fiery Dance|p1b: Scream Tail
|-damage|p1b: Scream Tail|65/100
|
|-damage|p2a: Zamazenta|62/100 brn|[from] brn
|upkeep
|
|t:|1750728212
|switch|p1a: Terapagos|Terapagos-Terastal, L50, M|100/100
|turn|9
|
|t:|1750728226
|move|p1b: Scream Tail|Encore|p2b: Volcarona
|-start|p2b: Volcarona|Encore
|move|p1a: Terapagos|Calm Mind|p1a: Terapagos
|-boost|p1a: Terapagos|spa|1
|-boost|p1a: Terapagos|spd|1
|move|p2b: Volcarona|Fiery Dance|p1a: Terapagos
|-activate|p1a: Terapagos|ability: Tera Shell
|-resisted|p1a: Terapagos
|-crit|p1a: Terapagos
|-damage|p1a: Terapagos|66/100
|move|p2a: Zamazenta|Behemoth Bash|p1b: Scream Tail
|-supereffective|p1b: Scream Tail
|-damage|p1b: Scream Tail|31/100
|
|-damage|p2a: Zamazenta|56/100 brn|[from] brn
|upkeep
|turn|10
|inactive|TommyGuapo has 30 seconds left.
|inactive|xdenoniox has 30 seconds left.
|
|t:|1750728260
|-terastallize|p1a: Terapagos|Stellar
|detailschange|p1a: Terapagos|Terapagos-Stellar, L50, M, tera:Stellar
|-heal|p1a: Terapagos|75/100|[silent]
|-ability|p1a: Terapagos|Teraform Zero
|-fieldend|move: Electric Terrain
|move|p1b: Scream Tail|Disable|p2b: Volcarona
|-start|p2b: Volcarona|Disable|Fiery Dance
|move|p1a: Terapagos|Earth Power|p2a: Zamazenta
|-supereffective|p2a: Zamazenta
|-damage|p2a: Zamazenta|0 fnt
|faint|p2a: Zamazenta
|cant|p2b: Volcarona|Disable|Fiery Dance
|
|-sideend|p1: TommyGuapo|move: Tailwind
|upkeep
|
|t:|1750728275
|switch|p2a: Miraidon|Miraidon, L50|100/100
|-fieldstart|move: Electric Terrain|[from] ability: Hadron Engine|[of] p2a: Miraidon
|turn|11
|inactive|TommyGuapo has 30 seconds left.
|inactive|xdenoniox has 30 seconds left.
|
|t:|1750728306
|-end|p1b: Scream Tail|Protosynthesis|[silent]
|switch|p1b: Rillaboom|Rillaboom, L50, M|83/100
|-fieldstart|move: Grassy Terrain|[from] ability: Grassy Surge|[of] p1b: Rillaboom
|move|p2a: Miraidon|Electro Drift|p1a: Terapagos
|-damage|p1a: Terapagos|50/100
|-activate|p2b: Volcarona|move: Struggle
|move|p2b: Volcarona|Struggle|p1b: Rillaboom
|-damage|p1b: Rillaboom|75/100
|-damage|p2b: Volcarona|41/100|[from] recoil
|move|p1a: Terapagos|Tera Starstorm|p2a: Miraidon|[spread] p2a,p2b
|-damage|p2a: Miraidon|52/100
|-damage|p2b: Volcarona|9/100
|
|-heal|p2a: Miraidon|58/100|[from] Grassy Terrain
|-heal|p2b: Volcarona|15/100|[from] Grassy Terrain
|-heal|p1b: Rillaboom|82/100|[from] Grassy Terrain
|-heal|p1a: Terapagos|56/100|[from] Grassy Terrain
|-end|p2b: Volcarona|Encore
|upkeep
|turn|12
|inactive|TommyGuapo has 30 seconds left.
|inactive|xdenoniox has 30 seconds left.
|inactive|TommyGuapo has 20 seconds left.
|inactive|xdenoniox has 20 seconds left.
|inactive|TommyGuapo has 15 seconds left.
|inactive|xdenoniox has 15 seconds left.
|inactive|xdenoniox has 10 seconds left.
|inactive|xdenoniox has 5 seconds left.
|
|t:|1750728361
|move|p2b: Volcarona|Protect|p2b: Volcarona
|-singleturn|p2b: Volcarona|Protect
|move|p1b: Rillaboom|Fake Out|p2a: Miraidon
|-damage|p2a: Miraidon|45/100
|cant|p2a: Miraidon|flinch
|move|p1a: Terapagos|Tera Starstorm|p2a: Miraidon|[spread] p2a
|-activate|p2b: Volcarona|move: Protect
|-damage|p2a: Miraidon|0 fnt
|faint|p2a: Miraidon
|
|-heal|p2b: Volcarona|21/100|[from] Grassy Terrain
|-heal|p1b: Rillaboom|88/100|[from] Grassy Terrain
|-heal|p1a: Terapagos|62/100|[from] Grassy Terrain
|upkeep
|turn|13
|inactive|xdenoniox has 30 seconds left.
|inactive|xdenoniox has 20 seconds left.
|inactive|xdenoniox has 15 seconds left.
|inactive|xdenoniox has 10 seconds left.
|l|☆xdenoniox
|inactive|xdenoniox disconnected and has a minute to reconnect!
|player|p2|
|inactive|xdenoniox has 5 seconds left.
|-message|xdenoniox lost due to inactivity.
|
|win|TommyGuapo
|raw|TommyGuapo's rating: 1396 &rarr; <strong>1419</strong><br />(+23 for winning)
|raw|xdenoniox's rating: 1443 &rarr; <strong>1420</strong><br />(-23 for losing)
