|j|☆bigpedro
|j|☆Mrmugum
|t:|1750869198
|gametype|doubles
|player|p1|bigpedro|265|1106
|player|p2|Mrmugum|grimsley|1089
|teamsize|p1|6
|teamsize|p2|6
|gen|9
|tier|[Gen 9] VGC 2025 Reg I
|rated|
|rule|Species Clause: Limit one of each Pokémon
|rule|Item Clause: Limit 1 of each item
|clearpoke
|poke|p1|Calyrex-Shadow, L50|
|poke|p1|Miraidon, L50|
|poke|p1|Incineroar, L50, F|
|poke|p1|Armarouge, L50, F|
|poke|p1|Indeedee-F, L50, F|
|poke|p1|Raging Bolt, L50|
|poke|p2|Kyogre, L50|
|poke|p2|Raichu, L50, M|
|poke|p2|Barraskewda, L50, M|
|poke|p2|Tornadus, L50, M|
|poke|p2|Rillaboom, L50, M|
|poke|p2|Zamazenta-*, L50|
|teampreview|4
|inactive|Battle timer is ON: inactive players will automatically lose when time's up. (requested by Mrmugum)
|
|t:|1750869219
|start
|switch|p1a: Miraidon|Miraidon, L50|100/100
|switch|p1b: Raging Bolt|Raging Bolt, L50|100/100
|switch|p2a: Kyogre|Kyogre, L50|100/100
|switch|p2b: Rillaboom|Rillaboom, L50, M|100/100
|-fieldstart|move: Electric Terrain|[from] ability: Hadron Engine|[of] p1a: Miraidon
|-weather|RainDance|[from] ability: Drizzle|[of] p2a: Kyogre
|-fieldstart|move: Grassy Terrain|[from] ability: Grassy Surge|[of] p2b: Rillaboom
|-enditem|p1b: Raging Bolt|Booster Energy
|-activate|p1b: Raging Bolt|ability: Protosynthesis|[fromitem]
|-start|p1b: Raging Bolt|protosynthesisspa
|turn|1
|
|t:|1750869243
|-terastallize|p1a: Miraidon|Electric
|move|p2b: Rillaboom|Fake Out|p1a: Miraidon
|-damage|p1a: Miraidon|87/100
|move|p1b: Raging Bolt|Thunderclap|p2a: Kyogre
|-supereffective|p2a: Kyogre
|-damage|p2a: Kyogre|12/100
|cant|p1a: Miraidon|flinch
|move|p2a: Kyogre|Water Spout|p1b: Raging Bolt|[spread] p1a,p1b
|-resisted|p1b: Raging Bolt
|-damage|p1a: Miraidon|77/100
|-damage|p1b: Raging Bolt|93/100
|
|-weather|RainDance|[upkeep]
|-heal|p1a: Miraidon|83/100|[from] Grassy Terrain
|-heal|p2a: Kyogre|18/100|[from] Grassy Terrain
|-heal|p1b: Raging Bolt|99/100|[from] Grassy Terrain
|upkeep
|turn|2
|
|t:|1750869263
|move|p1a: Miraidon|Snarl|p2b: Rillaboom|[spread] p2a,p2b
|-damage|p2a: Kyogre|6/100
|-damage|p2b: Rillaboom|89/100
|-unboost|p2a: Kyogre|spa|1
|-unboost|p2b: Rillaboom|spa|1
|move|p2a: Kyogre|Water Spout|p1a: Miraidon|[spread] p1a,p1b
|-resisted|p1b: Raging Bolt
|-damage|p1a: Miraidon|78/100
|-damage|p1b: Raging Bolt|97/100
|move|p2b: Rillaboom|Knock Off|p1a: Miraidon
|-damage|p1a: Miraidon|49/100
|-enditem|p1a: Miraidon|Assault Vest|[from] move: Knock Off|[of] p2b: Rillaboom
|move|p1b: Raging Bolt|Electroweb|p2b: Rillaboom|[spread] p2a,p2b
|-supereffective|p2a: Kyogre
|-resisted|p2b: Rillaboom
|-damage|p2a: Kyogre|0 fnt
|-damage|p2b: Rillaboom|77/100
|-unboost|p2b: Rillaboom|spe|1
|faint|p2a: Kyogre
|
|-weather|RainDance|[upkeep]
|-heal|p1a: Miraidon|55/100|[from] Grassy Terrain
|-heal|p1b: Raging Bolt|100/100|[from] Grassy Terrain
|-heal|p2b: Rillaboom|83/100|[from] Grassy Terrain
|upkeep
|
|t:|1750869279
|switch|p2a: Barraskewda|Barraskewda, L50, M|100/100
|turn|3
|
|t:|1750869287
|-terastallize|p2a: Barraskewda|Poison
|move|p1b: Raging Bolt|Thunderclap|p2a: Barraskewda
|-damage|p2a: Barraskewda|0 fnt
|faint|p2a: Barraskewda
|move|p1a: Miraidon|Volt Switch|p2b: Rillaboom
|-resisted|p2b: Rillaboom
|-damage|p2b: Rillaboom|62/100
|
|t:|1750869295
|switch|p1a: Calyrex|Calyrex-Shadow, L50|100/100|[from] Volt Switch
|-ability|p1a: Calyrex|As One
|-ability|p1a: Calyrex|Unnerve
|move|p2b: Rillaboom|Wood Hammer|p1a: Calyrex
|-damage|p1a: Calyrex|11/100
|-damage|p2b: Rillaboom|32/100|[from] Recoil
|
|-weather|RainDance|[upkeep]
|-heal|p1a: Calyrex|18/100|[from] Grassy Terrain
|-heal|p2b: Rillaboom|39/100|[from] Grassy Terrain
|upkeep
|
|t:|1750869299
|switch|p2a: Tornadus|Tornadus, L50, M|100/100
|turn|4
|
|t:|1750869311
|move|p1a: Calyrex|Protect|p1a: Calyrex
|-singleturn|p1a: Calyrex|Protect
|move|p2a: Tornadus|Tailwind|p2a: Tornadus
|-sidestart|p2: Mrmugum|move: Tailwind
|move|p2b: Rillaboom|Grassy Glide|p1a: Calyrex
|-activate|p1a: Calyrex|move: Protect
|move|p1b: Raging Bolt|Thunderclap||[still]
|-fail|p1b: Raging Bolt
|
|-weather|RainDance|[upkeep]
|-heal|p1a: Calyrex|24/100|[from] Grassy Terrain
|-heal|p2b: Rillaboom|45/100|[from] Grassy Terrain
|upkeep
|turn|5
|
|t:|1750869335
|move|p2b: Rillaboom|Grassy Glide|p1a: Calyrex
|-damage|p1a: Calyrex|0 fnt
|faint|p1a: Calyrex
|move|p2a: Tornadus|Bleakwind Storm|p1b: Raging Bolt
|-resisted|p1b: Raging Bolt
|-damage|p1b: Raging Bolt|84/100
|-unboost|p1b: Raging Bolt|spe|1
|move|p1b: Raging Bolt|Electroweb|p2a: Tornadus|[spread] p2a,p2b
|-supereffective|p2a: Tornadus
|-resisted|p2b: Rillaboom
|-damage|p2a: Tornadus|29/100
|-damage|p2b: Rillaboom|32/100
|-unboost|p2a: Tornadus|spe|1
|-unboost|p2b: Rillaboom|spe|1
|
|-weather|none
|-heal|p2b: Rillaboom|38/100|[from] Grassy Terrain
|-heal|p1b: Raging Bolt|90/100|[from] Grassy Terrain
|-fieldend|move: Grassy Terrain
|upkeep
|
|t:|1750869350
|switch|p1a: Miraidon|Miraidon, L50, tera:Electric|55/100
|-fieldstart|move: Electric Terrain|[from] ability: Hadron Engine|[of] p1a: Miraidon
|turn|6
|-message|Mrmugum forfeited.
|
|win|bigpedro
|raw|bigpedro's rating: 1106 &rarr; <strong>1130</strong><br />(+24 for winning)
|raw|Mrmugum's rating: 1089 &rarr; <strong>1067</strong><br />(-22 for losing)
|l|☆Mrmugum
|player|p2|
|l|☆bigpedro
|player|p1|
