|j|☆Dakimakura69
|j|☆idkvgc21
|t:|1750798678
|gametype|doubles
|player|p1|Dakimakura69|cynthia|1484
|player|p2|idkvgc21|ethan|1526
|teamsize|p1|6
|teamsize|p2|6
|gen|9
|tier|[Gen 9] VGC 2025 Reg I
|rated|
|rule|Species Clause: Limit one of each Pokémon
|rule|Item Clause: Limit 1 of each item
|clearpoke
|poke|p1|Lunala, L50|
|poke|p1|Koraidon, L50|
|poke|p1|Flutter Mane, L50|
|poke|p1|Indeedee-F, L50, F|
|poke|p1|Ogerpon-Cornerstone, L50, F|
|poke|p1|Chi-Yu, L50|
|poke|p2|Zamazenta-*, L50|
|poke|p2|Calyrex-Shadow, L50|
|poke|p2|Incineroar, L50, F|
|poke|p2|Rillaboom, L50, M|
|poke|p2|Ogerpon-Hearthflame, L50, F|
|poke|p2|Raging Bolt, L50|
|teampreview|4
|inactive|Battle timer is ON: inactive players will automatically lose when time's up. (requested by Dakimakura69)
Dakimakura69 rejected open team sheets.
|inactive|idkvgc21 has 60 seconds left.
|
|t:|1750798732
|start
|switch|p1a: Koraidon|Koraidon, L50|100/100
|switch|p1b: Chi-Yu|Chi-Yu, L50|100/100
|switch|p2a: Calyrex|Calyrex-Shadow, L50|100/100
|switch|p2b: Incineroar|Incineroar, L50, F|100/100
|-ability|p2a: Calyrex|As One
|-ability|p2a: Calyrex|Unnerve
|-ability|p1b: Chi-Yu|Beads of Ruin
|-weather|SunnyDay|[from] ability: Orichalcum Pulse|[of] p1a: Koraidon
|-activate|p1a: Koraidon|Orichalcum Pulse|[source]
|-ability|p2b: Incineroar|Intimidate|boost
|-unboost|p1a: Koraidon|atk|1
|-unboost|p1b: Chi-Yu|atk|1
|turn|1
|inactive|Dakimakura69 has 30 seconds left.
|inactive|idkvgc21 has 30 seconds left.
|inactive|Dakimakura69 has 20 seconds left.
|inactive|Dakimakura69 has 15 seconds left.
|inactive|Dakimakura69 has 10 seconds left.
|
|t:|1750798782
|-terastallize|p2a: Calyrex|Dark
|move|p1a: Koraidon|Protect|p1a: Koraidon
|-singleturn|p1a: Koraidon|Protect
|move|p2b: Incineroar|Fake Out|p1b: Chi-Yu
|-damage|p1b: Chi-Yu|81/100
|cant|p1b: Chi-Yu|flinch
|move|p2a: Calyrex|Psychic|p1a: Koraidon
|-activate|p1a: Koraidon|move: Protect
|
|-weather|SunnyDay|[upkeep]
|upkeep
|turn|2
|inactive|Dakimakura69 has 30 seconds left.
|inactive|idkvgc21 has 30 seconds left.
|inactive|Dakimakura69 has 20 seconds left.
|
|t:|1750798822
|-terastallize|p1a: Koraidon|Fire
|move|p2b: Incineroar|Helping Hand|p2a: Calyrex
|-singleturn|p2a: Calyrex|Helping Hand|[of] p2b: Incineroar
|move|p1b: Chi-Yu|Heat Wave|p2a: Calyrex|[spread] p2a,p2b
|-resisted|p2b: Incineroar
|-damage|p2a: Calyrex|17/100
|-damage|p2b: Incineroar|66/100
|move|p2a: Calyrex|Astral Barrage|p1a: Koraidon|[spread] p1a,p1b
|-resisted|p1b: Chi-Yu
|-damage|p1a: Koraidon|0 fnt
|-damage|p1b: Chi-Yu|7/100
|faint|p1a: Koraidon
|-ability|p2a: Calyrex|Grim Neigh|boost
|-boost|p2a: Calyrex|spa|1
|-damage|p2a: Calyrex|7/100|[from] item: Life Orb
|
|-weather|SunnyDay|[upkeep]
|upkeep
|c|☆Dakimakura69|no sash? lol
|c|☆Dakimakura69|bold
|
|t:|1750798846
|switch|p1a: Indeedee|Indeedee-F, L50, F|100/100
|-fieldstart|move: Psychic Terrain|[from] ability: Psychic Surge|[of] p1a: Indeedee
|turn|3
|inactive|idkvgc21 has 30 seconds left.
|
|t:|1750798874
|move|p1a: Indeedee|Follow Me|p1a: Indeedee
|-singleturn|p1a: Indeedee|move: Follow Me
|move|p1b: Chi-Yu|Heat Wave|p2b: Incineroar|[spread] p2a,p2b
|-resisted|p2b: Incineroar
|-damage|p2a: Calyrex|0 fnt
|-damage|p2b: Incineroar|35/100
|faint|p2a: Calyrex
|move|p2b: Incineroar|Knock Off|p1a: Indeedee
|-supereffective|p1a: Indeedee
|-damage|p1a: Indeedee|33/100
|-damage|p2b: Incineroar|18/100|[from] item: Rocky Helmet|[of] p1a: Indeedee
|-enditem|p1a: Indeedee|Rocky Helmet|[from] move: Knock Off|[of] p2b: Incineroar
|
|-weather|SunnyDay|[upkeep]
|upkeep
|
|t:|1750798899
|switch|p2a: Rillaboom|Rillaboom, L50, M|100/100
|-fieldstart|move: Grassy Terrain|[from] ability: Grassy Surge|[of] p2a: Rillaboom
|turn|4
|inactive|Dakimakura69 has 30 seconds left.
|inactive|idkvgc21 has 30 seconds left.
|inactive|Dakimakura69 has 20 seconds left.
|
|t:|1750798936
|switch|p1b: Lunala|Lunala, L50|100/100
|move|p2a: Rillaboom|Fake Out|p1b: Lunala
|-immune|p1b: Lunala
|move|p1a: Indeedee|Follow Me|p1a: Indeedee
|-singleturn|p1a: Indeedee|move: Follow Me
|move|p2b: Incineroar|Knock Off|p1a: Indeedee
|-supereffective|p1a: Indeedee
|-damage|p1a: Indeedee|0 fnt
|faint|p1a: Indeedee
|
|-weather|SunnyDay|[upkeep]
|-heal|p2b: Incineroar|24/100|[from] Grassy Terrain
|upkeep
|
|t:|1750798947
|switch|p1a: Chi-Yu|Chi-Yu, L50|7/100
|-ability|p1a: Chi-Yu|Beads of Ruin
|turn|5
|inactive|idkvgc21 has 30 seconds left.
|inactive|Dakimakura69 has 30 seconds left.
|
|t:|1750798983
|switch|p2b: Ogerpon|Ogerpon-Hearthflame, L50, F|100/100
|-ability|p2b: Ogerpon|Mold Breaker
|move|p2a: Rillaboom|Grassy Glide|p1a: Chi-Yu
|-resisted|p1a: Chi-Yu
|-damage|p1a: Chi-Yu|0 fnt
|faint|p1a: Chi-Yu
|move|p1b: Lunala|Meteor Beam||[still]
|-prepare|p1b: Lunala|Meteor Beam
|-boost|p1b: Lunala|spa|1
|-enditem|p1b: Lunala|Power Herb
|-anim|p1b: Lunala|Meteor Beam|p2b: Ogerpon
|-supereffective|p2b: Ogerpon
|-damage|p2b: Ogerpon|0 fnt
|faint|p2b: Ogerpon
|
|-weather|none
|upkeep
|
|t:|1750798991
|switch|p2b: Incineroar|Incineroar, L50, F|24/100
|-ability|p2b: Incineroar|Intimidate|boost
|-unboost|p1b: Lunala|atk|1
|turn|6
|
|t:|1750799007
|move|p2a: Rillaboom|Grassy Glide|p1b: Lunala
|-damage|p1b: Lunala|85/100
|move|p1b: Lunala|Moongeist Beam|p2b: Incineroar
|-resisted|p2b: Incineroar
|-damage|p2b: Incineroar|0 fnt
|faint|p2b: Incineroar
|
|-heal|p1b: Lunala|91/100|[from] Grassy Terrain
|upkeep
|turn|7
|inactive|idkvgc21 has 30 seconds left.
|
|t:|1750799035
|move|p1b: Lunala|Moongeist Beam|p2a: Rillaboom
|-damage|p2a: Rillaboom|48/100
|move|p2a: Rillaboom|Wood Hammer|p1b: Lunala
|-damage|p1b: Lunala|17/100
|-damage|p2a: Rillaboom|22/100|[from] Recoil
|
|-heal|p1b: Lunala|23/100|[from] Grassy Terrain
|-heal|p2a: Rillaboom|28/100|[from] Grassy Terrain
|upkeep
|turn|8
|
|t:|1750799056
|move|p1b: Lunala|Protect|p1b: Lunala
|-singleturn|p1b: Lunala|Protect
|move|p2a: Rillaboom|Grassy Glide|p1b: Lunala
|-activate|p1b: Lunala|move: Protect
|
|-heal|p1b: Lunala|29/100|[from] Grassy Terrain
|-heal|p2a: Rillaboom|34/100|[from] Grassy Terrain
|-fieldend|move: Grassy Terrain
|upkeep
|turn|9
|
|t:|1750799073
|move|p1b: Lunala|Moongeist Beam|p2a: Rillaboom
|-damage|p2a: Rillaboom|0 fnt
|faint|p2a: Rillaboom
|
|win|Dakimakura69
|raw|Dakimakura69's rating: 1484 &rarr; <strong>1506</strong><br />(+22 for winning)
|raw|idkvgc21's rating: 1526 &rarr; <strong>1504</strong><br />(-22 for losing)
