|j|☆Friendly Player 1
|j|☆Zappbolt
|t:|1750812818
|gametype|doubles
|player|p1|Friendly Player 1|winona|1297
|player|p2|Zappbolt|102|1357
|teamsize|p1|6
|teamsize|p2|6
|gen|9
|tier|[Gen 9] VGC 2025 Reg I
|rated|
|rule|Species Clause: Limit one of each Pokémon
|rule|Item Clause: Limit 1 of each item
|clearpoke
|poke|p1|Miraidon, L50|
|poke|p1|Zamazenta-*, L50|
|poke|p1|Chien-Pao, L50|
|poke|p1|Urshifu-*, L50, M|
|poke|p1|Flutter Mane, L50|
|poke|p1|Iron Hands, L50|
|poke|p2|Calyrex-Ice, L50|
|poke|p2|Kyogre, L50|
|poke|p2|Rillaboom, L50, M|
|poke|p2|Urshifu-*, L50, M|
|poke|p2|Incineroar, L50, M|
|poke|p2|Raging Bolt, L50|
|teampreview|4
|inactive|Battle timer is ON: inactive players will automatically lose when time's up. (requested by Zappbolt)
Friendly Player 1 rejected open team sheets.
|inactive|Friendly Player 1 has 60 seconds left.
|
|t:|1750812858
|start
|switch|p1a: Chien-Pao|Chien-Pao, L50|100/100
|switch|p1b: Zamazenta|Zamazenta-Crowned, L50|100/100
|switch|p2a: Incineroar|Incineroar, L50, M|100/100
|switch|p2b: Calyrex|Calyrex-Ice, L50|100/100
|-ability|p2b: Calyrex|As One
|-ability|p2b: Calyrex|Unnerve
|-ability|p1a: Chien-Pao|Sword of Ruin
|-ability|p1b: Zamazenta|Dauntless Shield|boost
|-boost|p1b: Zamazenta|def|1
|-ability|p2a: Incineroar|Intimidate|boost
|-unboost|p1a: Chien-Pao|atk|1
|-unboost|p1b: Zamazenta|atk|1
|turn|1
|inactive|Zappbolt has 30 seconds left.
|
|t:|1750812885
|-terastallize|p2b: Calyrex|Fairy
|move|p1a: Chien-Pao|Protect|p1a: Chien-Pao
|-singleturn|p1a: Chien-Pao|Protect
|move|p1b: Zamazenta|Protect|p1b: Zamazenta
|-singleturn|p1b: Zamazenta|Protect
|move|p2a: Incineroar|Fake Out|p1b: Zamazenta
|-activate|p1b: Zamazenta|move: Protect
|move|p2b: Calyrex|Trick Room|p2b: Calyrex
|-fieldstart|move: Trick Room|[of] p2b: Calyrex
|
|upkeep
|turn|2
|inactive|Friendly Player 1 has 30 seconds left.
|
|t:|1750812911
|move|p1a: Chien-Pao|Sucker Punch||[still]
|-fail|p1a: Chien-Pao
|move|p2b: Calyrex|Leech Seed|p1b: Zamazenta|[miss]
|-miss|p2b: Calyrex|p1b: Zamazenta
|move|p2a: Incineroar|Parting Shot|p1b: Zamazenta
|-unboost|p1b: Zamazenta|atk|1
|-unboost|p1b: Zamazenta|spa|1
|
|t:|1750812919
|switch|p2a: Kyogre|Kyogre, L50|100/100|[from] Parting Shot
|-weather|RainDance|[from] ability: Drizzle|[of] p2a: Kyogre
|move|p1b: Zamazenta|Behemoth Bash|p2b: Calyrex
|-supereffective|p2b: Calyrex
|-damage|p2b: Calyrex|70/100
|
|-weather|RainDance|[upkeep]
|-heal|p2b: Calyrex|76/100|[from] item: Leftovers
|upkeep
|turn|3
|inactive|Friendly Player 1 has 30 seconds left.
|
|t:|1750812946
|move|p1b: Zamazenta|Wide Guard|p1b: Zamazenta
|-singleturn|p1b: Zamazenta|Wide Guard
|move|p1a: Chien-Pao|Sucker Punch|p2a: Kyogre
|-damage|p2a: Kyogre|66/100
|move|p2b: Calyrex|Leech Seed|p1b: Zamazenta
|-start|p1b: Zamazenta|move: Leech Seed
|move|p2a: Kyogre|Hydro Pump|p1a: Chien-Pao
|-enditem|p1a: Chien-Pao|Focus Sash
|-damage|p1a: Chien-Pao|1/100
|-damage|p2a: Kyogre|56/100|[from] item: Life Orb
|
|-weather|RainDance|[upkeep]
|-heal|p2b: Calyrex|82/100|[from] item: Leftovers
|-damage|p1b: Zamazenta|88/100|[from] Leech Seed|[of] p2b: Calyrex
|-heal|p2b: Calyrex|94/100|[silent]
|upkeep
|turn|4
|inactive|Zappbolt has 30 seconds left.
|
|t:|1750812975
|switch|p1b: Iron Hands|Iron Hands, L50|100/100
|move|p1a: Chien-Pao|Protect|p1a: Chien-Pao
|-singleturn|p1a: Chien-Pao|Protect
|move|p2b: Calyrex|Leech Seed|p1a: Chien-Pao
|-activate|p1a: Chien-Pao|move: Protect
|move|p2a: Kyogre|Origin Pulse|p1a: Chien-Pao|[spread] 
|-activate|p1a: Chien-Pao|move: Protect
|-miss|p2a: Kyogre|p1b: Iron Hands
|
|-weather|RainDance|[upkeep]
|-heal|p2b: Calyrex|99/100|[from] item: Leftovers
|upkeep
|turn|5
|
|t:|1750812995
|move|p2a: Kyogre|Protect|p2a: Kyogre
|-singleturn|p2a: Kyogre|Protect
|move|p1a: Chien-Pao|Sucker Punch||[still]
|-fail|p1a: Chien-Pao
|move|p2b: Calyrex|Glacial Lance|p1a: Chien-Pao|[spread] p1a,p1b
|-resisted|p1a: Chien-Pao
|-crit|p1a: Chien-Pao
|-damage|p1a: Chien-Pao|0 fnt
|-damage|p1b: Iron Hands|55/100
|faint|p1a: Chien-Pao
|-ability|p2b: Calyrex|Chilling Neigh|boost
|-boost|p2b: Calyrex|atk|1
|move|p1b: Iron Hands|Wild Charge|p2b: Calyrex
|-damage|p2b: Calyrex|69/100
|-damage|p1b: Iron Hands|48/100|[from] Recoil
|
|-weather|RainDance|[upkeep]
|-heal|p2b: Calyrex|75/100|[from] item: Leftovers
|-fieldend|move: Trick Room
|upkeep
|
|t:|1750813011
|switch|p1a: Miraidon|Miraidon, L50|100/100
|-fieldstart|move: Electric Terrain|[from] ability: Hadron Engine|[of] p1a: Miraidon
|-activate|p1b: Iron Hands|ability: Quark Drive
|-start|p1b: Iron Hands|quarkdriveatk
|turn|6
|inactive|Friendly Player 1 has 30 seconds left.
|
|t:|1750813042
|switch|p2a: Rillaboom|Rillaboom, L50, M|100/100
|-fieldstart|move: Grassy Terrain|[from] ability: Grassy Surge|[of] p2a: Rillaboom
|-end|p1b: Iron Hands|Quark Drive
|move|p2b: Calyrex|Protect|p2b: Calyrex
|-singleturn|p2b: Calyrex|Protect
|move|p1a: Miraidon|Electro Drift|p2b: Calyrex
|-activate|p2b: Calyrex|move: Protect
|move|p1b: Iron Hands|Wild Charge|p2a: Rillaboom
|-resisted|p2a: Rillaboom
|-damage|p2a: Rillaboom|77/100
|-damage|p1b: Iron Hands|43/100|[from] Recoil
|
|-weather|none
|-heal|p2a: Rillaboom|83/100|[from] Grassy Terrain
|-heal|p1b: Iron Hands|49/100|[from] Grassy Terrain
|-heal|p2b: Calyrex|80/100|[from] Grassy Terrain
|-heal|p2b: Calyrex|86/100|[from] item: Leftovers
|upkeep
|turn|7
|
|t:|1750813065
|switch|p1a: Zamazenta|Zamazenta-Crowned, L50|88/100
|move|p2a: Rillaboom|Fake Out|p1a: Zamazenta
|-resisted|p1a: Zamazenta
|-damage|p1a: Zamazenta|85/100
|move|p1b: Iron Hands|Drain Punch|p2a: Rillaboom
|-damage|p2a: Rillaboom|48/100
|-heal|p1b: Iron Hands|63/100|[from] drain|[of] p2a: Rillaboom
|move|p2b: Calyrex|Glacial Lance|p1a: Zamazenta|[spread] p1a,p1b
|-resisted|p1a: Zamazenta
|-damage|p1a: Zamazenta|65/100
|-damage|p1b: Iron Hands|10/100
|
|-heal|p1a: Zamazenta|71/100|[from] Grassy Terrain
|-heal|p2a: Rillaboom|54/100|[from] Grassy Terrain
|-heal|p1b: Iron Hands|16/100|[from] Grassy Terrain
|-heal|p2b: Calyrex|92/100|[from] Grassy Terrain
|-heal|p2b: Calyrex|98/100|[from] item: Leftovers
|upkeep
|turn|8
|inactive|Zappbolt has 30 seconds left.
|
|t:|1750813094
|move|p1a: Zamazenta|Behemoth Bash|p2b: Calyrex
|-supereffective|p2b: Calyrex
|-damage|p2b: Calyrex|51/100
|move|p2a: Rillaboom|U-turn|p1b: Iron Hands
|-resisted|p1b: Iron Hands
|-damage|p1b: Iron Hands|8/100
|
|t:|1750813103
|switch|p2a: Incineroar|Incineroar, L50, M|100/100|[from] U-turn
|-ability|p2a: Incineroar|Intimidate|boost
|-unboost|p1a: Zamazenta|atk|1
|-unboost|p1b: Iron Hands|atk|1
|move|p1b: Iron Hands|Drain Punch|p2a: Incineroar
|-supereffective|p2a: Incineroar
|-damage|p2a: Incineroar|48/100
|-heal|p1b: Iron Hands|29/100|[from] drain|[of] p2a: Incineroar
|move|p2b: Calyrex|Leech Seed|p1a: Zamazenta
|-start|p1a: Zamazenta|move: Leech Seed
|
|-heal|p1a: Zamazenta|77/100|[from] Grassy Terrain
|-heal|p2a: Incineroar|54/100|[from] Grassy Terrain
|-heal|p1b: Iron Hands|35/100|[from] Grassy Terrain
|-heal|p2b: Calyrex|57/100|[from] Grassy Terrain
|-heal|p2b: Calyrex|63/100|[from] item: Leftovers
|-damage|p1a: Zamazenta|65/100|[from] Leech Seed|[of] p2b: Calyrex
|-heal|p2b: Calyrex|75/100|[silent]
|upkeep
|turn|9
|
|t:|1750813126
|move|p2a: Incineroar|Fake Out|p1b: Iron Hands
|-damage|p1b: Iron Hands|26/100
|move|p1a: Zamazenta|Body Press|p2a: Incineroar
|-supereffective|p2a: Incineroar
|-damage|p2a: Incineroar|0 fnt
|faint|p2a: Incineroar
|cant|p1b: Iron Hands|flinch
|move|p2b: Calyrex|Trick Room|p2b: Calyrex
|-fieldstart|move: Trick Room|[of] p2b: Calyrex
|
|-heal|p2b: Calyrex|80/100|[from] Grassy Terrain
|-heal|p2b: Calyrex|86/100|[from] item: Leftovers
|-heal|p1b: Iron Hands|32/100|[from] Grassy Terrain
|-heal|p1a: Zamazenta|71/100|[from] Grassy Terrain
|-damage|p1a: Zamazenta|59/100|[from] Leech Seed|[of] p2b: Calyrex
|-heal|p2b: Calyrex|98/100|[silent]
|upkeep
|
|t:|1750813139
|switch|p2a: Kyogre|Kyogre, L50|56/100
|-weather|RainDance|[from] ability: Drizzle|[of] p2a: Kyogre
|turn|10
|inactive|Friendly Player 1 has 30 seconds left.
|inactive|Friendly Player 1 has 20 seconds left.
|inactive|Friendly Player 1 has 15 seconds left.
|inactive|Friendly Player 1 has 10 seconds left.
|
|t:|1750813188
|move|p1a: Zamazenta|Wide Guard|p1a: Zamazenta
|-singleturn|p1a: Zamazenta|Wide Guard
|move|p2b: Calyrex|Glacial Lance|p1a: Zamazenta|[spread] 
|-activate|p1a: Zamazenta|move: Wide Guard
|-activate|p1b: Iron Hands|move: Wide Guard
|move|p1b: Iron Hands|Wild Charge|p2a: Kyogre
|-supereffective|p2a: Kyogre
|-damage|p2a: Kyogre|0 fnt
|faint|p2a: Kyogre
|-damage|p1b: Iron Hands|21/100|[from] Recoil
|
|-weather|RainDance|[upkeep]
|-heal|p2b: Calyrex|100/100|[from] Grassy Terrain
|-heal|p1b: Iron Hands|27/100|[from] Grassy Terrain
|-heal|p1a: Zamazenta|65/100|[from] Grassy Terrain
|-damage|p1a: Zamazenta|53/100|[from] Leech Seed|[of] p2b: Calyrex
|-fieldend|move: Grassy Terrain
|upkeep
|
|t:|1750813202
|switch|p2a: Rillaboom|Rillaboom, L50, M|54/100
|-fieldstart|move: Grassy Terrain|[from] ability: Grassy Surge|[of] p2a: Rillaboom
|turn|11
|
|t:|1750813210
|move|p1a: Zamazenta|Protect|p1a: Zamazenta
|-singleturn|p1a: Zamazenta|Protect
|move|p2a: Rillaboom|Fake Out|p1a: Zamazenta
|-activate|p1a: Zamazenta|move: Protect
|move|p2b: Calyrex|Glacial Lance|p1a: Zamazenta|[spread] p1b
|-activate|p1a: Zamazenta|move: Protect
|-damage|p1b: Iron Hands|0 fnt
|faint|p1b: Iron Hands
|-end|p1b: Iron Hands|Quark Drive|[silent]
|-ability|p2b: Calyrex|Chilling Neigh|boost
|-boost|p2b: Calyrex|atk|1
|
|-weather|RainDance|[upkeep]
|-heal|p2a: Rillaboom|60/100|[from] Grassy Terrain
|-heal|p1a: Zamazenta|59/100|[from] Grassy Terrain
|-damage|p1a: Zamazenta|47/100|[from] Leech Seed|[of] p2b: Calyrex
|upkeep
|
|t:|1750813213
|switch|p1b: Miraidon|Miraidon, L50|100/100
|-fieldstart|move: Electric Terrain|[from] ability: Hadron Engine|[of] p1b: Miraidon
|turn|12
|inactive|Friendly Player 1 has 30 seconds left.
|inactive|Zappbolt has 30 seconds left.
|inactive|Friendly Player 1 has 20 seconds left.
|
|t:|1750813249
|-terastallize|p1b: Miraidon|Fairy
|move|p2b: Calyrex|Leech Seed|p1b: Miraidon
|-start|p1b: Miraidon|move: Leech Seed
|move|p2a: Rillaboom|Grassy Glide|p1a: Zamazenta
|-resisted|p1a: Zamazenta
|-damage|p1a: Zamazenta|39/100
|move|p1a: Zamazenta|Body Press|p2a: Rillaboom
|-crit|p2a: Rillaboom
|-damage|p2a: Rillaboom|0 fnt
|faint|p2a: Rillaboom
|move|p1b: Miraidon|Electro Drift|p2b: Calyrex
|-damage|p2b: Calyrex|12/100
|
|-weather|RainDance|[upkeep]
|-heal|p2b: Calyrex|18/100|[from] item: Leftovers
|-damage|p1a: Zamazenta|27/100|[from] Leech Seed|[of] p2b: Calyrex
|-heal|p2b: Calyrex|30/100|[silent]
|-damage|p1b: Miraidon|88/100|[from] Leech Seed|[of] p2b: Calyrex
|-heal|p2b: Calyrex|40/100|[silent]
|upkeep
|turn|13
|
|t:|1750813269
|move|p1a: Zamazenta|Wide Guard|p1a: Zamazenta
|-singleturn|p1a: Zamazenta|Wide Guard
|move|p2b: Calyrex|Glacial Lance|p1b: Miraidon|[spread] 
|-activate|p1a: Zamazenta|move: Wide Guard
|-activate|p1b: Miraidon|move: Wide Guard
|move|p1b: Miraidon|Electro Drift|p2b: Calyrex
|-damage|p2b: Calyrex|0 fnt
|faint|p2b: Calyrex
|
|win|Friendly Player 1
|raw|Friendly Player 1's rating: 1297 &rarr; <strong>1326</strong><br />(+29 for winning)
|raw|Zappbolt's rating: 1357 &rarr; <strong>1334</strong><br />(-23 for losing)
|c|☆Zappbolt|gg
|c|☆Friendly Player 1|Ggwp
|l|☆Zappbolt
|player|p2|
