|j|☆tigersharkzyr
|j|☆bolta1
|t:|1750752430
|gametype|doubles
|player|p1|tigersharkzyr|emmet|1195
|player|p2|bolta1|102|1207
|teamsize|p1|6
|teamsize|p2|6
|gen|9
|tier|[Gen 9] VGC 2025 Reg I
|rated|
|rule|Species Clause: Limit one of each Pokémon
|rule|Item Clause: Limit 1 of each item
|clearpoke
|poke|p1|Koraidon, L50|
|poke|p1|Weezing-Galar, L50, M|
|poke|p1|Calyrex-Shadow, L50|
|poke|p1|Dondozo, L50, M|
|poke|p1|Tatsugiri, L50, M|
|poke|p1|Indeedee-F, L50, F|
|poke|p2|Iron Moth, L50|
|poke|p2|Calyrex-Shadow, L50|
|poke|p2|Annihilape, L50, M|
|poke|p2|Koraidon, L50|
|poke|p2|Ditto, L50|
|poke|p2|Whimsicott, L50, M|
|teampreview|4
bolta1 has agreed to open team sheets.
|
|t:|1750752472
|start
|switch|p1a: Weezing|Weezing-Galar, L50, M|100/100
|switch|p1b: Calyrex|Calyrex-Shadow, L50|100/100
|switch|p2a: Iron Moth|Iron Moth, L50|100/100
|switch|p2b: Koraidon|Koraidon, L50|100/100
|-ability|p1a: Weezing|Neutralizing Gas
|-ability|p1b: Calyrex|As One
|-ability|p1b: Calyrex|Unnerve
|turn|1
|
|t:|1750752489
|move|p1b: Calyrex|Expanding Force|p2a: Iron Moth
|-supereffective|p2a: Iron Moth
|-damage|p2a: Iron Moth|0 fnt
|faint|p2a: Iron Moth
|-end|p2a: Iron Moth|Quark Drive|[silent]
|-ability|p1b: Calyrex|Grim Neigh|boost
|-boost|p1b: Calyrex|spa|1
|move|p2b: Koraidon|Flame Charge|p1b: Calyrex
|-damage|p1b: Calyrex|78/100
|-boost|p2b: Koraidon|spe|1
|move|p1a: Weezing|Toxic Spikes|p2b: Koraidon
|-sidestart|p2: bolta1|move: Toxic Spikes
|
|upkeep
|
|t:|1750752503
|switch|p2a: Ditto|Ditto, L50|100/100
|-status|p2a: Ditto|psn
|turn|2
|
|t:|1750752539
|-terastallize|p2b: Koraidon|Fire
|move|p2b: Koraidon|Flare Blitz|p1a: Weezing
|-damage|p1a: Weezing|44/100
|-damage|p2b: Koraidon|82/100|[from] Recoil
|move|p1b: Calyrex|Expanding Force|p2b: Koraidon
|-damage|p2b: Koraidon|11/100
|move|p2a: Ditto|Transform|p1b: Calyrex
|-transform|p2a: Ditto|p1b: Calyrex
|-ability|p2a: Ditto|As One
|-ability|p2a: Ditto|Unnerve
|move|p1a: Weezing|Play Rough|p2a: Ditto
|-damage|p2a: Ditto|58/100 psn
|
|-damage|p2a: Ditto|46/100 psn|[from] psn
|upkeep
|turn|3
|inactive|Battle timer is ON: inactive players will automatically lose when time's up. (requested by tigersharkzyr)
|inactive|bolta1 has 60 seconds left.
|inactive|bolta1 has 30 seconds left.
|inactive|bolta1 has 20 seconds left.
|inactive|bolta1 has 15 seconds left.
|inactive|bolta1 has 10 seconds left.
|inactive|bolta1 has 5 seconds left.
|
|t:|1750752758
|-terastallize|p1b: Calyrex|Normal
|move|p2a: Ditto|Astral Barrage|p1b: Calyrex|[spread] p1a
|-immune|p1b: Calyrex
|-damage|p1a: Weezing|0 fnt
|faint|p1a: Weezing
|-end|p1a: Weezing|ability: Neutralizing Gas
|-weather|SunnyDay|[from] ability: Orichalcum Pulse|[of] p2b: Koraidon
|-activate|p2b: Koraidon|Orichalcum Pulse|[source]
|-ability|p2a: Ditto|Grim Neigh|boost
|-boost|p2a: Ditto|spa|1
|move|p2b: Koraidon|Flame Charge|p1b: Calyrex
|-damage|p1b: Calyrex|0 fnt
|-boost|p2b: Koraidon|spe|1
|faint|p1b: Calyrex
|
|-weather|SunnyDay|[upkeep]
|-damage|p2a: Ditto|33/100 psn|[from] psn
|upkeep
|
|t:|1750752774
|switch|p1b: Koraidon|Koraidon, L50|100/100
|switch|p1a: Indeedee|Indeedee-F, L50, F|100/100
|-activate|p1b: Koraidon|ability: Orichalcum Pulse
|-fieldstart|move: Psychic Terrain|[from] ability: Psychic Surge|[of] p1a: Indeedee
|turn|4
|
|t:|1750752784
|move|p1b: Koraidon|Protect|p1b: Koraidon
|-singleturn|p1b: Koraidon|Protect
|move|p2b: Koraidon|Flare Blitz|p1a: Indeedee
|-damage|p1a: Indeedee|0 fnt
|faint|p1a: Indeedee
|-damage|p2b: Koraidon|0 fnt|[from] Recoil
|faint|p2b: Koraidon
|move|p2a: Ditto|Astral Barrage|p1b: Koraidon
|-activate|p1b: Koraidon|move: Protect
|
|-weather|SunnyDay|[upkeep]
|-damage|p2a: Ditto|21/100 psn|[from] psn
|upkeep
|
|t:|1750752789
|switch|p2b: Calyrex|Calyrex-Shadow, L50|100/100
|-ability|p2b: Calyrex|As One
|-ability|p2b: Calyrex|Unnerve
|-status|p2b: Calyrex|psn
|turn|5
|-message|tigersharkzyr forfeited.
|
|win|bolta1
|raw|tigersharkzyr's rating: 1195 &rarr; <strong>1171</strong><br />(-24 for losing)
|raw|bolta1's rating: 1207 &rarr; <strong>1231</strong><br />(+24 for winning)
|l|☆tigersharkzyr
|player|p1|
|l|☆bolta1
|player|p2|
