|j|☆NegaiFreak
|j|☆googer315
|t:|1750786797
|gametype|doubles
|player|p1|NegaiFreak|169|1508
|player|p2|googer315|170|1583
|teamsize|p1|6
|teamsize|p2|6
|gen|9
|tier|[Gen 9] VGC 2025 Reg I
|rated|
|rule|Species Clause: Limit one of each Pokémon
|rule|Item Clause: Limit 1 of each item
|clearpoke
|poke|p1|Lunala, L50|
|poke|p1|Koraidon, L50|
|poke|p1|Flutter Mane, L50|
|poke|p1|Farigiraf, L50, F|
|poke|p1|Incineroar, L50, M|
|poke|p1|Rillaboom, L50, F|
|poke|p2|Lunala, L50|
|poke|p2|Calyrex-Ice, L50|
|poke|p2|Indeedee-F, L50, F|
|poke|p2|Ursaluna, L50, M|
|poke|p2|Urshifu-*, L50, F|
|poke|p2|Torkoal, L50, M|
|teampreview|4
NegaiFreak has agreed to open team sheets.
|c|☆NegaiFreak|GLHF
|c|☆googer315|likewise
|
|t:|1750786866
|start
|switch|p1a: Lunala|Lunala, L50|100/100
|switch|p1b: Incineroar|Incineroar, L50, M|100/100
|switch|p2a: Lunala|Lunala, L50|100/100
|switch|p2b: Indeedee|Indeedee-F, L50, F|100/100
|-ability|p1b: Incineroar|Intimidate|boost
|-unboost|p2a: Lunala|atk|1
|-unboost|p2b: Indeedee|atk|1
|-fieldstart|move: Psychic Terrain|[from] ability: Psychic Surge|[of] p2b: Indeedee
|turn|1
|inactive|Battle timer is ON: inactive players will automatically lose when time's up. (requested by googer315)
|
|t:|1750786895
|switch|p1b: Farigiraf|Farigiraf, L50, F|100/100
|-terastallize|p1a: Lunala|Water
|-terastallize|p2a: Lunala|Fairy
|move|p2b: Indeedee|Helping Hand|p2a: Lunala
|-singleturn|p2a: Lunala|Helping Hand|[of] p2b: Indeedee
|move|p1a: Lunala|Calm Mind|p1a: Lunala
|-boost|p1a: Lunala|spa|1
|-boost|p1a: Lunala|spd|1
|move|p2a: Lunala|Moongeist Beam|p1a: Lunala
|-damage|p1a: Lunala|82/100
|
|-heal|p1a: Lunala|88/100|[from] item: Leftovers
|upkeep
|turn|2
|inactive|googer315 has 30 seconds left.
|
|t:|1750786920
|move|p1a: Lunala|Moonblast|p2b: Indeedee
|-damage|p2b: Indeedee|54/100
|move|p2a: Lunala|Expanding Force|p1b: Farigiraf|[spread] p1a,p1b
|-resisted|p1b: Farigiraf
|-damage|p1a: Lunala|55/100
|-damage|p1b: Farigiraf|72/100
|move|p1b: Farigiraf|Hyper Voice|p2a: Lunala|[spread] p2a,p2b
|-damage|p2a: Lunala|92/100
|-damage|p2b: Indeedee|30/100
|-enditem|p1b: Farigiraf|Throat Spray
|-boost|p1b: Farigiraf|spa|1|[from] item: Throat Spray
|move|p2b: Indeedee|Trick Room|p2b: Indeedee
|-fieldstart|move: Trick Room|[of] p2b: Indeedee
|
|-heal|p1a: Lunala|61/100|[from] item: Leftovers
|upkeep
|turn|3
|inactive|googer315 has 30 seconds left.
|
|t:|1750786949
|switch|p2b: Ursaluna|Ursaluna, L50, M|100/100
|move|p1a: Lunala|Protect|p1a: Lunala
|-singleturn|p1a: Lunala|Protect
|move|p1b: Farigiraf|Hyper Voice|p2a: Lunala|[spread] p2a,p2b
|-damage|p2a: Lunala|64/100
|-damage|p2b: Ursaluna|64/100
|move|p2a: Lunala|Dazzling Gleam|p1b: Farigiraf|[spread] p1b
|-activate|p1a: Lunala|move: Protect
|-damage|p1b: Farigiraf|41/100
|
|-heal|p1a: Lunala|67/100|[from] item: Leftovers
|-status|p2b: Ursaluna|brn|[from] item: Flame Orb
|upkeep
|turn|4
|inactive|NegaiFreak has 30 seconds left.
|
|t:|1750786981
|switch|p1a: Incineroar|Incineroar, L50, M|100/100
|-ability|p1a: Incineroar|Intimidate|boost
|-unboost|p2a: Lunala|atk|1
|-unboost|p2b: Ursaluna|atk|1
|move|p2b: Ursaluna|Facade|p1a: Incineroar
|-damage|p1a: Incineroar|33/100
|move|p1b: Farigiraf|Psychic|p2a: Lunala
|-damage|p2a: Lunala|16/100
|move|p2a: Lunala|Dazzling Gleam|p1b: Farigiraf|[spread] p1a,p1b
|-damage|p1a: Incineroar|4/100
|-damage|p1b: Farigiraf|11/100
|
|-damage|p2b: Ursaluna|58/100 brn|[from] brn
|upkeep
|turn|5
|
|t:|1750787006
|move|p2b: Ursaluna|Facade|p1b: Farigiraf
|-damage|p1b: Farigiraf|0 fnt
|faint|p1b: Farigiraf
|move|p1a: Incineroar|Parting Shot|p2b: Ursaluna
|-unboost|p2b: Ursaluna|atk|1
|-unboost|p2b: Ursaluna|spa|1
|
|t:|1750787014
|switch|p1a: Lunala|Lunala, L50, tera:Water|67/100|[from] Parting Shot
|move|p2a: Lunala|Dazzling Gleam|p1a: Lunala
|-damage|p1a: Lunala|38/100
|
|-heal|p1a: Lunala|44/100|[from] item: Leftovers
|-damage|p2b: Ursaluna|52/100 brn|[from] brn
|-fieldend|move: Psychic Terrain
|upkeep
|
|t:|1750787025
|switch|p1b: Koraidon|Koraidon, L50|100/100
|-weather|SunnyDay|[from] ability: Orichalcum Pulse|[of] p1b: Koraidon
|-activate|p1b: Koraidon|Orichalcum Pulse|[source]
|turn|6
|inactive|googer315 has 30 seconds left.
|
|t:|1750787056
|switch|p2b: Indeedee|Indeedee-F, L50, F|30/100
|-fieldstart|move: Psychic Terrain|[from] ability: Psychic Surge|[of] p2b: Indeedee
|switch|p2a: Calyrex|Calyrex-Ice, L50|100/100
|-ability|p2a: Calyrex|As One
|-ability|p2a: Calyrex|Unnerve
|move|p1a: Lunala|Protect|p1a: Lunala
|-singleturn|p1a: Lunala|Protect
|move|p1b: Koraidon|Protect||[still]
|-fail|p1b: Koraidon
|
|-weather|SunnyDay|[upkeep]
|-heal|p1a: Lunala|50/100|[from] item: Leftovers
|-fieldend|move: Trick Room
|upkeep
|turn|7
|inactive|NegaiFreak has 30 seconds left.
|inactive|NegaiFreak has 20 seconds left.
|inactive|NegaiFreak has 15 seconds left.
|
|t:|1750787101
|move|p2b: Indeedee|Follow Me|p2b: Indeedee
|-singleturn|p2b: Indeedee|move: Follow Me
|move|p1b: Koraidon|Flame Charge|p2b: Indeedee
|-damage|p2b: Indeedee|0 fnt
|-boost|p1b: Koraidon|spe|1
|faint|p2b: Indeedee
|-damage|p1b: Koraidon|91/100|[from] item: Life Orb
|move|p1a: Lunala|Moongeist Beam|p2a: Calyrex
|-supereffective|p2a: Calyrex
|-damage|p2a: Calyrex|34/100
|move|p2a: Calyrex|Trick Room|p2a: Calyrex
|-fieldstart|move: Trick Room|[of] p2a: Calyrex
|
|-weather|SunnyDay|[upkeep]
|-heal|p1a: Lunala|56/100|[from] item: Leftovers
|upkeep
|
|t:|1750787113
|switch|p2b: Ursaluna|Ursaluna, L50, M|52/100 brn
|turn|8
|
|t:|1750787124
|switch|p1b: Incineroar|Incineroar, L50, M|4/100
|-ability|p1b: Incineroar|Intimidate|boost
|-fail|p2a: Calyrex|unboost|[from] item: Clear Amulet|[of] p2a: Calyrex
|-unboost|p2b: Ursaluna|atk|1
|move|p1a: Lunala|Protect|p1a: Lunala
|-singleturn|p1a: Lunala|Protect
|move|p2a: Calyrex|Glacial Lance|p1a: Lunala|[spread] p1b
|-activate|p1a: Lunala|move: Protect
|-resisted|p1b: Incineroar
|-damage|p1b: Incineroar|0 fnt
|faint|p1b: Incineroar
|-ability|p2a: Calyrex|Chilling Neigh|boost
|-boost|p2a: Calyrex|atk|1
|move|p2b: Ursaluna|Facade|p1a: Lunala
|-activate|p1a: Lunala|move: Protect
|
|-weather|SunnyDay|[upkeep]
|-heal|p1a: Lunala|63/100|[from] item: Leftovers
|-damage|p2b: Ursaluna|46/100 brn|[from] brn
|upkeep
|c|☆NegaiFreak|GG, WP
|inactive|NegaiFreak has 30 seconds left.
|
|t:|1750787151
|switch|p1b: Koraidon|Koraidon, L50|91/100
|-activate|p1b: Koraidon|ability: Orichalcum Pulse
|turn|9
|
|t:|1750787165
|move|p2b: Ursaluna|Facade|p1a: Lunala
|-damage|p1a: Lunala|2/100
|move|p2a: Calyrex|Seed Bomb|p1a: Lunala
|-supereffective|p1a: Lunala
|-damage|p1a: Lunala|0 fnt
|faint|p1a: Lunala
|-ability|p2a: Calyrex|Chilling Neigh|boost
|-boost|p2a: Calyrex|atk|1
|move|p1b: Koraidon|Close Combat|p2b: Ursaluna
|-supereffective|p2b: Ursaluna
|-damage|p2b: Ursaluna|0 fnt
|-unboost|p1b: Koraidon|def|1
|-unboost|p1b: Koraidon|spd|1
|faint|p2b: Ursaluna
|-damage|p1b: Koraidon|81/100|[from] item: Life Orb
|
|-weather|SunnyDay|[upkeep]
|upkeep
|
|t:|1750787176
|switch|p2b: Lunala|Lunala, L50, tera:Fairy|16/100
|turn|10
|
|t:|1750787185
|move|p1b: Koraidon|Protect|p1b: Koraidon
|-singleturn|p1b: Koraidon|Protect
|move|p2a: Calyrex|Glacial Lance|p1b: Koraidon
|-activate|p1b: Koraidon|move: Protect
|move|p2b: Lunala|Dazzling Gleam|p1b: Koraidon
|-activate|p1b: Koraidon|move: Protect
|
|-weather|none
|-fieldend|move: Psychic Terrain
|upkeep
|turn|11
|
|t:|1750787195
|move|p1b: Koraidon|Protect||[still]
|-fail|p1b: Koraidon
|move|p2a: Calyrex|Glacial Lance|p1b: Koraidon
|-supereffective|p1b: Koraidon
|-damage|p1b: Koraidon|0 fnt
|faint|p1b: Koraidon
|
|win|googer315
|raw|NegaiFreak's rating: 1508 &rarr; <strong>1492</strong><br />(-16 for losing)
|raw|googer315's rating: 1583 &rarr; <strong>1599</strong><br />(+16 for winning)
