|j|☆billbond
|j|☆Sunflorasupremacy
|t:|1750812396
|gametype|doubles
|player|p1|billbond|steven|1458
|player|p2|Sunflorasupremacy|gardenia|1486
|teamsize|p1|6
|teamsize|p2|6
|gen|9
|tier|[Gen 9] VGC 2025 Reg I
|rated|
|rule|Species Clause: Limit one of each Pokémon
|rule|Item Clause: Limit 1 of each item
|clearpoke
|poke|p1|Trevenant, L50, F|
|poke|p1|Groudon, L50|
|poke|p1|Calyrex-Ice, L50|
|poke|p1|Heatran, L50, M|
|poke|p1|Hitmontop, L50, M|
|poke|p1|Urshifu-*, L50, M|
|poke|p2|Miraidon, L50|
|poke|p2|Groudon, L50|
|poke|p2|Chien-Pao, L50|
|poke|p2|Farigiraf, L50, M|
|poke|p2|Volcarona, L50, M|
|poke|p2|Grimmsnarl, L50, M|
|teampreview|4
|inactive|Battle timer is ON: inactive players will automatically lose when time's up. (requested by Sunflorasupremacy)
|inactive|billbond has 60 seconds left.
|inactive|Sunflorasupremacy has 60 seconds left.
|
|t:|1750812470
|start
|switch|p1a: Groudon|Groudon, L50|100/100
|switch|p1b: Hitmontop|Hitmontop, L50, M|100/100
|switch|p2a: Volcarona|Volcarona, L50, M|100/100
|switch|p2b: Chien-Pao|Chien-Pao, L50|100/100
|-ability|p2b: Chien-Pao|Sword of Ruin
|-weather|SunnyDay|[from] ability: Drought|[of] p1a: Groudon
|-ability|p1b: Hitmontop|Intimidate|boost
|-unboost|p2a: Volcarona|atk|1
|-unboost|p2b: Chien-Pao|atk|1
|turn|1
|
|t:|1750812479
|-terastallize|p1a: Groudon|Fire
|move|p2b: Chien-Pao|Protect|p2b: Chien-Pao
|-singleturn|p2b: Chien-Pao|Protect
|move|p1b: Hitmontop|Fake Out|p2a: Volcarona
|-damage|p2a: Volcarona|87/100
|-status|p1b: Hitmontop|brn|[from] ability: Flame Body|[of] p2a: Volcarona
|cant|p2a: Volcarona|flinch
|move|p1a: Groudon|Precipice Blades|p2a: Volcarona|[spread] p2a
|-activate|p2b: Chien-Pao|move: Protect
|-damage|p2a: Volcarona|0 fnt
|faint|p2a: Volcarona
|-damage|p1a: Groudon|91/100|[from] item: Life Orb
|
|-weather|SunnyDay|[upkeep]
|-damage|p1b: Hitmontop|94/100 brn|[from] brn
|upkeep
|
|t:|1750812498
|switch|p2a: Miraidon|Miraidon, L50|100/100
|-fieldstart|move: Electric Terrain|[from] ability: Hadron Engine|[of] p2a: Miraidon
|turn|2
|
|t:|1750812513
|-terastallize|p2a: Miraidon|Electric
|move|p1a: Groudon|Protect|p1a: Groudon
|-singleturn|p1a: Groudon|Protect
|move|p2b: Chien-Pao|Sucker Punch||[still]
|-fail|p2b: Chien-Pao
|move|p2a: Miraidon|Electro Drift|p1a: Groudon
|-activate|p1a: Groudon|move: Protect
|move|p1b: Hitmontop|Low Kick|p2b: Chien-Pao
|-supereffective|p2b: Chien-Pao
|-damage|p2b: Chien-Pao|4/100
|
|-weather|SunnyDay|[upkeep]
|-damage|p1b: Hitmontop|88/100 brn|[from] brn
|upkeep
|turn|3
|
|t:|1750812529
|move|p2b: Chien-Pao|Sucker Punch|p1a: Groudon
|-crit|p1a: Groudon
|-damage|p1a: Groudon|43/100
|move|p1b: Hitmontop|Sucker Punch||[still]
|-fail|p1b: Hitmontop
|move|p2a: Miraidon|Electro Drift|p1a: Groudon
|-damage|p1a: Groudon|0 fnt
|faint|p1a: Groudon
|
|-weather|SunnyDay|[upkeep]
|-damage|p1b: Hitmontop|82/100 brn|[from] brn
|upkeep
|
|t:|1750812533
|switch|p1a: Calyrex|Calyrex-Ice, L50|100/100
|-ability|p1a: Calyrex|As One
|-ability|p1a: Calyrex|Unnerve
|turn|4
|
|t:|1750812551
|move|p2b: Chien-Pao|Sucker Punch||[still]
|-fail|p2b: Chien-Pao
|move|p2a: Miraidon|Electro Drift|p1b: Hitmontop
|-damage|p1b: Hitmontop|0 fnt
|faint|p1b: Hitmontop
|move|p1a: Calyrex|Trick Room|p1a: Calyrex
|-fieldstart|move: Trick Room|[of] p1a: Calyrex
|
|-weather|SunnyDay|[upkeep]
|upkeep
|
|t:|1750812557
|switch|p1b: Heatran|Heatran, L50, M|100/100
|turn|5
|
|t:|1750812568
|move|p2b: Chien-Pao|Sucker Punch|p1a: Calyrex
|-supereffective|p1a: Calyrex
|-damage|p1a: Calyrex|60/100
|move|p1a: Calyrex|Glacial Lance|p2b: Chien-Pao|[spread] p2a,p2b
|-resisted|p2b: Chien-Pao
|-damage|p2a: Miraidon|35/100
|-damage|p2b: Chien-Pao|0 fnt
|faint|p2b: Chien-Pao
|-ability|p1a: Calyrex|Chilling Neigh|boost
|-boost|p1a: Calyrex|atk|1
|move|p1b: Heatran|Heat Wave|p2a: Miraidon
|-crit|p2a: Miraidon
|-damage|p2a: Miraidon|0 fnt
|faint|p2a: Miraidon
|
|-weather|none
|upkeep
|
|t:|1750812580
|switch|p2a: Groudon|Groudon, L50|100/100
|-weather|SunnyDay|[from] ability: Drought|[of] p2a: Groudon
|turn|6
|
|t:|1750812587
|move|p1a: Calyrex|Protect|p1a: Calyrex
|-singleturn|p1a: Calyrex|Protect
|move|p1b: Heatran|Magma Storm|p2a: Groudon|[miss]
|-miss|p1b: Heatran|p2a: Groudon
|move|p2a: Groudon|Precipice Blades|p1a: Calyrex|[spread] 
|-activate|p1a: Calyrex|move: Protect
|-miss|p2a: Groudon|p1b: Heatran
|
|-weather|SunnyDay|[upkeep]
|-fieldend|move: Electric Terrain
|upkeep
|turn|7
|
|t:|1750812599
|move|p2a: Groudon|Protect|p2a: Groudon
|-singleturn|p2a: Groudon|Protect
|move|p1a: Calyrex|Glacial Lance|p2a: Groudon
|-activate|p2a: Groudon|move: Protect
|move|p1b: Heatran|Heat Wave|p2a: Groudon
|-activate|p2a: Groudon|move: Protect
|
|-weather|SunnyDay|[upkeep]
|upkeep
|turn|8
|
|t:|1750812606
|move|p2a: Groudon|Protect||[still]
|-fail|p2a: Groudon
|move|p1a: Calyrex|Glacial Lance|p2a: Groudon
|-supereffective|p2a: Groudon
|-damage|p2a: Groudon|0 fnt
|faint|p2a: Groudon
|
|win|billbond
|raw|billbond's rating: 1458 &rarr; <strong>1480</strong><br />(+22 for winning)
|raw|Sunflorasupremacy's rating: 1486 &rarr; <strong>1464</strong><br />(-22 for losing)
|l|☆Sunflorasupremacy
|player|p2|
|l|☆billbond
|player|p1|
