|j|☆Feeling Fantastic
|j|☆Toasteduck
|t:|1750777147
|gametype|doubles
|player|p1|Feeling Fantastic|ghetsis|1543
|player|p2|Toasteduck|2|1684
|teamsize|p1|6
|teamsize|p2|6
|gen|9
|tier|[Gen 9] VGC 2025 Reg I
|rated|
|rule|Species Clause: Limit one of each Pokémon
|rule|Item Clause: Limit 1 of each item
|clearpoke
|poke|p1|Ogerpon-Hearthflame, L50, F|
|poke|p1|Rillaboom, L50, F|
|poke|p1|Lunala, L50|
|poke|p1|Miraidon, L50|
|poke|p1|Incineroar, L50, F|
|poke|p1|Grimmsnarl, L50, M|
|poke|p2|Giratina-Origin, L50|
|poke|p2|Miraidon, L50|
|poke|p2|Iron Bundle, L50|
|poke|p2|Ting-Lu, L50|
|poke|p2|Incineroar, L50, F|
|poke|p2|Mienshao, L50, F|
|teampreview|4
|inactive|Battle timer is ON: inactive players will automatically lose when time's up. (requested by Feeling Fantastic)
|inactive|Feeling Fantastic has 60 seconds left.
|inactive|Toasteduck has 60 seconds left.
|
|t:|1750777186
|start
|switch|p1a: Miraidon|Miraidon, L50|100/100
|switch|p1b: Lunala|Lunala, L50|100/100
|switch|p2a: Giratina|Giratina-Origin, L50|100/100
|switch|p2b: Miraidon|Miraidon, L50|100/100
|-fieldstart|move: Electric Terrain|[from] ability: Hadron Engine|[of] p1a: Miraidon
|-activate|p2b: Miraidon|ability: Hadron Engine
|turn|1
|
|t:|1750777205
|-terastallize|p1b: Lunala|Fairy
|move|p2a: Giratina|Protect|p2a: Giratina
|-singleturn|p2a: Giratina|Protect
|move|p1a: Miraidon|Draco Meteor|p2b: Miraidon
|-supereffective|p2b: Miraidon
|-damage|p2b: Miraidon|0 fnt
|-unboost|p1a: Miraidon|spa|2
|faint|p2b: Miraidon
|move|p1b: Lunala|Calm Mind|p1b: Lunala
|-boost|p1b: Lunala|spa|1
|-boost|p1b: Lunala|spd|1
|
|upkeep
|
|t:|1750777214
|switch|p2b: Ting-Lu|Ting-Lu, L50|100/100
|-ability|p2b: Ting-Lu|Vessel of Ruin
|turn|2
|
|t:|1750777225
|switch|p1a: Rillaboom|Rillaboom, L50, F|100/100
|-fieldstart|move: Grassy Terrain|[from] ability: Grassy Surge|[of] p1a: Rillaboom
|-terastallize|p2a: Giratina|Fire
|move|p1b: Lunala|Moongeist Beam|p2a: Giratina
|-damage|p2a: Giratina|60/100
|move|p2a: Giratina|Poltergeist|p1b: Lunala
|-activate|p1b: Lunala|move: Poltergeist|Leftovers
|-damage|p1b: Lunala|79/100
|move|p2b: Ting-Lu|Snarl|p1a: Rillaboom|[spread] p1a,p1b
|-crit|p1a: Rillaboom
|-resisted|p1b: Lunala
|-damage|p1a: Rillaboom|91/100
|-damage|p1b: Lunala|77/100
|-unboost|p1a: Rillaboom|spa|1
|-unboost|p1b: Lunala|spa|1
|
|-heal|p1b: Lunala|83/100|[from] Grassy Terrain
|-heal|p1b: Lunala|89/100|[from] item: Leftovers
|-heal|p1a: Rillaboom|97/100|[from] Grassy Terrain
|upkeep
|turn|3
|inactive|Feeling Fantastic has 30 seconds left.
|inactive|Toasteduck has 30 seconds left.
|
|t:|1750777262
|switch|p2b: Incineroar|Incineroar, L50, F|100/100
|-ability|p2b: Incineroar|Intimidate|boost
|-unboost|p1a: Rillaboom|atk|1
|-unboost|p1b: Lunala|atk|1
|move|p1b: Lunala|Calm Mind|p1b: Lunala
|-boost|p1b: Lunala|spa|1
|-boost|p1b: Lunala|spd|1
|move|p2a: Giratina|Poltergeist|p1b: Lunala
|-activate|p1b: Lunala|move: Poltergeist|Leftovers
|-damage|p1b: Lunala|42/100
|move|p1a: Rillaboom|Wood Hammer|p2b: Incineroar
|-resisted|p2b: Incineroar
|-damage|p2b: Incineroar|82/100
|-damage|p1a: Rillaboom|81/100|[from] item: Rocky Helmet|[of] p2b: Incineroar
|-damage|p1a: Rillaboom|75/100|[from] Recoil
|
|-heal|p1b: Lunala|49/100|[from] Grassy Terrain
|-heal|p1b: Lunala|55/100|[from] item: Leftovers
|-heal|p1a: Rillaboom|81/100|[from] Grassy Terrain
|-heal|p2b: Incineroar|88/100|[from] Grassy Terrain
|upkeep
|turn|4
|inactive|Toasteduck has 30 seconds left.
|
|t:|1750777294
|switch|p1a: Miraidon|Miraidon, L50|100/100
|-fieldstart|move: Electric Terrain|[from] ability: Hadron Engine|[of] p1a: Miraidon
|move|p1b: Lunala|Protect|p1b: Lunala
|-singleturn|p1b: Lunala|Protect
|move|p2b: Incineroar|Fake Out|p1b: Lunala
|-activate|p1b: Lunala|move: Protect
|move|p2a: Giratina|Poltergeist|p1a: Miraidon
|-activate|p1a: Miraidon|move: Poltergeist|Choice Scarf
|-damage|p1a: Miraidon|33/100
|
|-heal|p1b: Lunala|61/100|[from] item: Leftovers
|upkeep
|turn|5
|inactive|Feeling Fantastic has 30 seconds left.
|inactive|Toasteduck has 30 seconds left.
|
|t:|1750777327
|switch|p2b: Ting-Lu|Ting-Lu, L50|100/100
|-ability|p2b: Ting-Lu|Vessel of Ruin
|move|p1a: Miraidon|Electro Drift|p2a: Giratina
|-damage|p2a: Giratina|14/100
|move|p1b: Lunala|Moonblast|p2b: Ting-Lu
|-supereffective|p2b: Ting-Lu
|-damage|p2b: Ting-Lu|34/100
|move|p2a: Giratina|Poltergeist|p1b: Lunala
|-activate|p1b: Lunala|move: Poltergeist|Leftovers
|-damage|p1b: Lunala|14/100
|
|-heal|p1b: Lunala|21/100|[from] item: Leftovers
|upkeep
|turn|6
|inactive|Toasteduck has 30 seconds left.
|inactive|Toasteduck has 20 seconds left.
|inactive|Toasteduck has 15 seconds left.
|inactive|Toasteduck has 10 seconds left.
|
|t:|1750777375
|move|p1a: Miraidon|Electro Drift|p2a: Giratina
|-damage|p2a: Giratina|0 fnt
|faint|p2a: Giratina
|move|p1b: Lunala|Moonblast|p2b: Ting-Lu
|-supereffective|p2b: Ting-Lu
|-damage|p2b: Ting-Lu|0 fnt
|faint|p2b: Ting-Lu
|
|-heal|p1b: Lunala|27/100|[from] item: Leftovers
|upkeep
|c|☆Toasteduck|ggs
|
|t:|1750777381
|switch|p2b: Incineroar|Incineroar, L50, F|88/100
|-ability|p2b: Incineroar|Intimidate|boost
|-unboost|p1a: Miraidon|atk|1
|-unboost|p1b: Lunala|atk|1
|turn|7
|c|☆Feeling Fantastic|gg
|
|t:|1750777391
|switch|p1a: Rillaboom|Rillaboom, L50, F|81/100
|-fieldstart|move: Grassy Terrain|[from] ability: Grassy Surge|[of] p1a: Rillaboom
|move|p1b: Lunala|Protect|p1b: Lunala
|-singleturn|p1b: Lunala|Protect
|move|p2b: Incineroar|Knock Off|p1a: Rillaboom
|-damage|p1a: Rillaboom|48/100
|-enditem|p1a: Rillaboom|Assault Vest|[from] move: Knock Off|[of] p2b: Incineroar
|
|-heal|p1b: Lunala|33/100|[from] Grassy Terrain
|-heal|p1b: Lunala|39/100|[from] item: Leftovers
|-heal|p1a: Rillaboom|54/100|[from] Grassy Terrain
|-heal|p2b: Incineroar|94/100|[from] Grassy Terrain
|upkeep
|turn|8
|
|t:|1750777401
|move|p1a: Rillaboom|Fake Out|p2b: Incineroar
|-damage|p2b: Incineroar|85/100
|-damage|p1a: Rillaboom|38/100|[from] item: Rocky Helmet|[of] p2b: Incineroar
|move|p1b: Lunala|Moonblast|p2b: Incineroar
|-damage|p2b: Incineroar|16/100
|-unboost|p2b: Incineroar|spa|1
|cant|p2b: Incineroar|flinch
|
|-heal|p1b: Lunala|46/100|[from] Grassy Terrain
|-heal|p1b: Lunala|52/100|[from] item: Leftovers
|-heal|p1a: Rillaboom|43/100|[from] Grassy Terrain
|-heal|p2b: Incineroar|22/100|[from] Grassy Terrain
|upkeep
|turn|9
|
|t:|1750777408
|move|p1b: Lunala|Moonblast|p2b: Incineroar
|-damage|p2b: Incineroar|0 fnt
|faint|p2b: Incineroar
|
|win|Feeling Fantastic
|raw|Feeling Fantastic's rating: 1543 &rarr; <strong>1571</strong><br />(+28 for winning)
|raw|Toasteduck's rating: 1684 &rarr; <strong>1656</strong><br />(-28 for losing)
|l|☆Toasteduck
|player|p2|
|l|☆Feeling Fantastic
|player|p1|
