|j|☆LesbianMawile
|j|☆papimamisisi
|t:|1750720004
|gametype|doubles
|player|p1|LesbianMawile|rika|1255
|player|p2|papimamisisi|doubleteam|1229
|teamsize|p1|6
|teamsize|p2|6
|gen|9
|tier|[Gen 9] VGC 2025 Reg I
|rated|
|rule|Species Clause: Limit one of each Pokémon
|rule|Item Clause: Limit 1 of each item
|clearpoke
|poke|p1|Reuniclus, L50, F|
|poke|p1|Indeedee-F, L50, F|
|poke|p1|Calyrex-Ice, L50|
|poke|p1|Incineroar, L50, F|
|poke|p1|Miraidon, L50|
|poke|p1|Whimsicott, L50, M|
|poke|p2|Koraidon, L50|
|poke|p2|Terapagos, L50, M|
|poke|p2|Flutter Mane, L50|
|poke|p2|Rillaboom, L50, M|
|poke|p2|Incineroar, L50, M|
|poke|p2|Volcarona, L50, M|
|teampreview|4
|inactive|Battle timer is ON: inactive players will automatically lose when time's up. (requested by papimamisisi)
|inactive|papimamisisi has 60 seconds left.
|
|t:|1750720045
|start
|switch|p1a: Calyrex|Calyrex-Ice, L50|100/100
|switch|p1b: Indeedee|Indeedee-F, L50, F|100/100
|switch|p2a: Koraidon|Koraidon, L50|100/100
|switch|p2b: Flutter Mane|Flutter Mane, L50|100/100
|-ability|p1a: Calyrex|As One
|-ability|p1a: Calyrex|Unnerve
|-weather|SunnyDay|[from] ability: Orichalcum Pulse|[of] p2a: Koraidon
|-activate|p2b: Flutter Mane|ability: Protosynthesis
|-start|p2b: Flutter Mane|protosynthesisspe
|-activate|p2a: Koraidon|Orichalcum Pulse|[source]
|-fieldstart|move: Psychic Terrain|[from] ability: Psychic Surge|[of] p1b: Indeedee
|turn|1
|
|t:|1750720071
|move|p1b: Indeedee|Follow Me|p1b: Indeedee
|-singleturn|p1b: Indeedee|move: Follow Me
|move|p2b: Flutter Mane|Moonblast|p1b: Indeedee
|-damage|p1b: Indeedee|48/100
|move|p2a: Koraidon|Flame Charge|p1b: Indeedee
|-damage|p1b: Indeedee|4/100
|-boost|p2a: Koraidon|spe|1
|-damage|p2a: Koraidon|91/100|[from] item: Life Orb
|move|p1a: Calyrex|Trick Room|p1a: Calyrex
|-fieldstart|move: Trick Room|[of] p1a: Calyrex
|
|-weather|SunnyDay|[upkeep]
|upkeep
|turn|2
|
|t:|1750720090
|-terastallize|p1a: Calyrex|Water
|move|p2a: Koraidon|Protect|p2a: Koraidon
|-singleturn|p2a: Koraidon|Protect
|move|p2b: Flutter Mane|Protect|p2b: Flutter Mane
|-singleturn|p2b: Flutter Mane|Protect
|move|p1a: Calyrex|Glacial Lance|p2b: Flutter Mane|[spread] 
|-activate|p2a: Koraidon|move: Protect
|-activate|p2b: Flutter Mane|move: Protect
|move|p1b: Indeedee|Dazzling Gleam|p2b: Flutter Mane|[spread] 
|-activate|p2a: Koraidon|move: Protect
|-activate|p2b: Flutter Mane|move: Protect
|
|-weather|SunnyDay|[upkeep]
|upkeep
|turn|3
|inactive|papimamisisi has 30 seconds left.
|inactive|papimamisisi has 20 seconds left.
|
|t:|1750720125
|switch|p1b: Reuniclus|Reuniclus, L50, F, shiny|100/100
|switch|p2a: Incineroar|Incineroar, L50, M|100/100
|-ability|p2a: Incineroar|Intimidate|boost
|-fail|p1a: Calyrex|unboost|[from] item: Clear Amulet|[of] p1a: Calyrex
|-unboost|p1b: Reuniclus|atk|1
|move|p1a: Calyrex|Glacial Lance|p2b: Flutter Mane|[spread] p2a,p2b
|-resisted|p2a: Incineroar
|-damage|p2a: Incineroar|81/100
|-enditem|p2b: Flutter Mane|Focus Sash
|-damage|p2b: Flutter Mane|1/100
|move|p2b: Flutter Mane|Moonblast|p1b: Reuniclus
|-damage|p1b: Reuniclus|57/100
|-unboost|p1b: Reuniclus|spa|1
|
|-weather|SunnyDay|[upkeep]
|upkeep
|turn|4
|inactive|papimamisisi has 30 seconds left.
|
|t:|1750720153
|move|p2b: Flutter Mane|Protect|p2b: Flutter Mane
|-singleturn|p2b: Flutter Mane|Protect
|move|p2a: Incineroar|Fake Out|p1a: Calyrex
|-activate|p1a: Calyrex|move: Psychic Terrain
|move|p1b: Reuniclus|Expanding Force|p2a: Incineroar|[spread] 
|-activate|p2b: Flutter Mane|move: Protect
|-immune|p2a: Incineroar
|move|p1a: Calyrex|Leech Seed|p2a: Incineroar
|-start|p2a: Incineroar|move: Leech Seed
|
|-weather|SunnyDay|[upkeep]
|-damage|p2a: Incineroar|68/100|[from] Leech Seed|[of] p1a: Calyrex
|upkeep
|turn|5
|
|t:|1750720171
|switch|p1b: Incineroar|Incineroar, L50, F|100/100
|-ability|p1b: Incineroar|Intimidate|boost
|-unboost|p2a: Incineroar|atk|1
|-unboost|p2b: Flutter Mane|atk|1
|switch|p2a: Terapagos|Terapagos, L50, M|100/100
|-activate|p2a: Terapagos|ability: Tera Shift
|detailschange|p2a: Terapagos|Terapagos-Terastal, L50, M
|-heal|p2a: Terapagos|100/100|[silent]
|move|p2b: Flutter Mane|Protect|p2b: Flutter Mane
|-singleturn|p2b: Flutter Mane|Protect
|move|p1a: Calyrex|Glacial Lance|p2b: Flutter Mane|[spread] p2a
|-activate|p2b: Flutter Mane|move: Protect
|-activate|p2a: Terapagos|ability: Tera Shell
|-resisted|p2a: Terapagos
|-damage|p2a: Terapagos|82/100
|
|-weather|none
|-end|p2b: Flutter Mane|Protosynthesis
|-heal|p2a: Terapagos|88/100|[from] item: Leftovers
|-fieldend|move: Trick Room
|-fieldend|move: Psychic Terrain
|upkeep
|turn|6
|inactive|papimamisisi has 30 seconds left.
|inactive|papimamisisi has 20 seconds left.
|inactive|papimamisisi has 15 seconds left.
|
|t:|1750720215
|move|p1b: Incineroar|Fake Out|p2a: Terapagos
|-damage|p2a: Terapagos|81/100
|move|p2b: Flutter Mane|Moonblast|p1a: Calyrex
|-damage|p1a: Calyrex|67/100
|cant|p2a: Terapagos|flinch
|move|p1a: Calyrex|Trick Room|p1a: Calyrex
|-fieldstart|move: Trick Room|[of] p1a: Calyrex
|
|-heal|p2a: Terapagos|87/100|[from] item: Leftovers
|upkeep
|turn|7
|
|t:|1750720231
|move|p2b: Flutter Mane|Protect|p2b: Flutter Mane
|-singleturn|p2b: Flutter Mane|Protect
|move|p1a: Calyrex|Glacial Lance|p2a: Terapagos|[spread] p2a
|-activate|p2b: Flutter Mane|move: Protect
|-damage|p2a: Terapagos|46/100
|move|p1b: Incineroar|Parting Shot|p2a: Terapagos
|-unboost|p2a: Terapagos|atk|1
|-unboost|p2a: Terapagos|spa|1
|
|t:|1750720240
|switch|p1b: Reuniclus|Reuniclus, L50, F, shiny|90/100|[from] Parting Shot
|move|p2a: Terapagos|Calm Mind|p2a: Terapagos
|-boost|p2a: Terapagos|spa|1
|-boost|p2a: Terapagos|spd|1
|
|-heal|p2a: Terapagos|53/100|[from] item: Leftovers
|upkeep
|turn|8
|
|t:|1750720259
|move|p2a: Terapagos|Protect|p2a: Terapagos
|-singleturn|p2a: Terapagos|Protect
|move|p2b: Flutter Mane|Protect||[still]
|-fail|p2b: Flutter Mane
|move|p1b: Reuniclus|Psyshock|p2a: Terapagos
|-activate|p2a: Terapagos|move: Protect
|move|p1a: Calyrex|Glacial Lance|p2b: Flutter Mane|[spread] p2b
|-activate|p2a: Terapagos|move: Protect
|-damage|p2b: Flutter Mane|0 fnt
|faint|p2b: Flutter Mane
|-end|p2b: Flutter Mane|Protosynthesis|[silent]
|-ability|p1a: Calyrex|Chilling Neigh|boost
|-boost|p1a: Calyrex|atk|1
|
|-heal|p2a: Terapagos|59/100|[from] item: Leftovers
|upkeep
|
|t:|1750720277
|switch|p2b: Koraidon|Koraidon, L50|91/100
|-weather|SunnyDay|[from] ability: Orichalcum Pulse|[of] p2b: Koraidon
|-activate|p2b: Koraidon|Orichalcum Pulse|[source]
|turn|9
|
|t:|1750720291
|-terastallize|p2b: Koraidon|Fire
|move|p1b: Reuniclus|Psyshock|p2a: Terapagos
|-damage|p2a: Terapagos|14/100
|move|p1a: Calyrex|Glacial Lance|p2a: Terapagos|[spread] p2a,p2b
|-resisted|p2b: Koraidon
|-damage|p2a: Terapagos|0 fnt
|-damage|p2b: Koraidon|47/100
|faint|p2a: Terapagos
|-ability|p1a: Calyrex|Chilling Neigh|boost
|-boost|p1a: Calyrex|atk|1
|move|p2b: Koraidon|Flame Charge|p1a: Calyrex
|-resisted|p1a: Calyrex
|-damage|p1a: Calyrex|41/100
|-boost|p2b: Koraidon|spe|1
|-damage|p2b: Koraidon|37/100|[from] item: Life Orb
|
|-weather|SunnyDay|[upkeep]
|upkeep
|
|t:|1750720310
|switch|p2a: Incineroar|Incineroar, L50, M|68/100
|-ability|p2a: Incineroar|Intimidate|boost
|-fail|p1a: Calyrex|unboost|[from] item: Clear Amulet|[of] p1a: Calyrex
|-unboost|p1b: Reuniclus|atk|1
|turn|10
|
|t:|1750720318
|switch|p1b: Indeedee|Indeedee-F, L50, F|4/100
|-fieldstart|move: Psychic Terrain|[from] ability: Psychic Surge|[of] p1b: Indeedee
|move|p2b: Koraidon|Protect|p2b: Koraidon
|-singleturn|p2b: Koraidon|Protect
|move|p2a: Incineroar|Fake Out|p1a: Calyrex
|-activate|p1a: Calyrex|move: Psychic Terrain
|move|p1a: Calyrex|Glacial Lance|p2b: Koraidon|[spread] p2a
|-activate|p2b: Koraidon|move: Protect
|-resisted|p2a: Incineroar
|-damage|p2a: Incineroar|25/100
|
|-weather|SunnyDay|[upkeep]
|-fieldend|move: Trick Room
|upkeep
|turn|11
|inactive|papimamisisi has 30 seconds left.
|
|t:|1750720348
|move|p1b: Indeedee|Follow Me|p1b: Indeedee
|-singleturn|p1b: Indeedee|move: Follow Me
|move|p2b: Koraidon|Close Combat|p1b: Indeedee
|-damage|p1b: Indeedee|0 fnt
|-unboost|p2b: Koraidon|def|1
|-unboost|p2b: Koraidon|spd|1
|faint|p1b: Indeedee
|-damage|p2b: Koraidon|27/100|[from] item: Life Orb
|move|p2a: Incineroar|Knock Off|p1a: Calyrex
|-damage|p1a: Calyrex|19/100
|-enditem|p1a: Calyrex|Clear Amulet|[from] move: Knock Off|[of] p2a: Incineroar
|move|p1a: Calyrex|Trick Room|p1a: Calyrex
|-fieldstart|move: Trick Room|[of] p1a: Calyrex
|
|-weather|SunnyDay|[upkeep]
|upkeep
|
|t:|1750720361
|switch|p1b: Reuniclus|Reuniclus, L50, F, shiny|100/100
|turn|12
|-message|papimamisisi forfeited.
|
|win|LesbianMawile
|raw|LesbianMawile's rating: 1255 &rarr; <strong>1278</strong><br />(+23 for winning)
|raw|papimamisisi's rating: 1229 &rarr; <strong>1206</strong><br />(-23 for losing)
|l|☆papimamisisi
|player|p2|
|l|☆LesbianMawile
|player|p1|
