|j|☆IncineroarH8ter
|j|☆OliveGardenChef
|t:|1750821783
|gametype|doubles
|player|p1|IncineroarH8ter|unknown|1291
|player|p2|OliveGardenChef|266|1291
|teamsize|p1|6
|teamsize|p2|6
|gen|9
|tier|[Gen 9] VGC 2025 Reg I
|rated|
|rule|Species Clause: Limit one of each Pokémon
|rule|Item Clause: Limit 1 of each item
|clearpoke
|poke|p1|Lunala, L50|
|poke|p1|Gholdengo, L50|
|poke|p1|Calyrex-Ice, L50|
|poke|p1|Grimmsnarl, L50, M|
|poke|p1|Indeedee-F, L50, F|
|poke|p1|Meowscarada, L50, M|
|poke|p2|Kyogre, L50|
|poke|p2|Zacian-*, L50|
|poke|p2|Rillaboom, L50, F|
|poke|p2|Iron Jugulis, L50|
|poke|p2|Landorus, L50, M|
|poke|p2|Incineroar, L50, M|
|teampreview|4
|
|t:|1750821826
|start
|switch|p1a: Lunala|Lunala, L50|100/100
|switch|p1b: Grimmsnarl|Grimmsnarl, L50, M|100/100
|switch|p2a: Incineroar|Incineroar, L50, M|100/100
|switch|p2b: Iron Jugulis|Iron Jugulis, L50|100/100
|-ability|p2a: Incineroar|Intimidate|boost
|-unboost|p1a: Lunala|atk|1
|-unboost|p1b: Grimmsnarl|atk|1
|-enditem|p2b: Iron Jugulis|Booster Energy
|-activate|p2b: Iron Jugulis|ability: Quark Drive|[fromitem]
|-start|p2b: Iron Jugulis|quarkdrivespe
|turn|1
|
|t:|1750821883
|move|p2a: Incineroar|Fake Out|p1b: Grimmsnarl
|-damage|p1b: Grimmsnarl|88/100
|move|p2b: Iron Jugulis|Taunt|p1b: Grimmsnarl
|-start|p1b: Grimmsnarl|move: Taunt
|move|p1a: Lunala|Moongeist Beam|p2b: Iron Jugulis
|-resisted|p2b: Iron Jugulis
|-damage|p2b: Iron Jugulis|74/100
|cant|p1b: Grimmsnarl|flinch
|
|upkeep
|turn|2
|
|t:|1750821903
|switch|p1a: Meowscarada|Meowscarada, L50, M|100/100
|move|p2b: Iron Jugulis|Tailwind|p2b: Iron Jugulis
|-sidestart|p2: OliveGardenChef|move: Tailwind
|move|p2a: Incineroar|Knock Off|p1a: Meowscarada
|-resisted|p1a: Meowscarada
|-damage|p1a: Meowscarada|69/100
|-enditem|p1a: Meowscarada|Focus Sash|[from] move: Knock Off|[of] p2a: Incineroar
|move|p1b: Grimmsnarl|Spirit Break|p2b: Iron Jugulis
|-supereffective|p2b: Iron Jugulis
|-damage|p2b: Iron Jugulis|16/100
|-unboost|p2b: Iron Jugulis|spa|1
|
|upkeep
|turn|3
|
|t:|1750821930
|move|p1a: Meowscarada|Protect|p1a: Meowscarada
|-singleturn|p1a: Meowscarada|Protect
|move|p2b: Iron Jugulis|Hurricane|p1a: Meowscarada
|-activate|p1a: Meowscarada|move: Protect
|move|p2a: Incineroar|Will-O-Wisp|p1a: Meowscarada
|-activate|p1a: Meowscarada|move: Protect
|move|p1b: Grimmsnarl|Spirit Break|p2b: Iron Jugulis
|-supereffective|p2b: Iron Jugulis
|-damage|p2b: Iron Jugulis|0 fnt
|faint|p2b: Iron Jugulis
|-end|p2b: Iron Jugulis|Quark Drive|[silent]
|
|-end|p1b: Grimmsnarl|move: Taunt
|upkeep
|
|t:|1750821943
|switch|p2b: Zacian|Zacian-Crowned, L50|100/100
|-ability|p2b: Zacian|Intrepid Sword|boost
|-boost|p2b: Zacian|atk|1
|turn|4
|
|t:|1750821960
|switch|p1a: Lunala|Lunala, L50|100/100
|move|p2b: Zacian|Protect|p2b: Zacian
|-singleturn|p2b: Zacian|Protect
|move|p1b: Grimmsnarl|Reflect|p1b: Grimmsnarl
|-sidestart|p1: IncineroarH8ter|Reflect
|move|p2a: Incineroar|Will-O-Wisp|p1b: Grimmsnarl
|-status|p1b: Grimmsnarl|brn
|
|-damage|p1b: Grimmsnarl|82/100 brn|[from] brn
|upkeep
|turn|5
|
|t:|1750821985
|switch|p1b: Calyrex|Calyrex-Ice, L50|100/100
|-ability|p1b: Calyrex|As One
|-ability|p1b: Calyrex|Unnerve
|-terastallize|p1a: Lunala|Dark
|move|p2b: Zacian|Play Rough|p1b: Calyrex
|-damage|p1b: Calyrex|69/100
|move|p2a: Incineroar|Knock Off|p1a: Lunala
|-resisted|p1a: Lunala
|-damage|p1a: Lunala|96/100
|-enditem|p1a: Lunala|Enigma Berry|[from] move: Knock Off|[of] p2a: Incineroar
|move|p1a: Lunala|Trick Room|p1a: Lunala
|-fieldstart|move: Trick Room|[of] p1a: Lunala
|
|-sideend|p2: OliveGardenChef|move: Tailwind
|upkeep
|turn|6
|
|t:|1750822035
|switch|p1b: Grimmsnarl|Grimmsnarl, L50, M|82/100 brn
|move|p2b: Zacian|Protect|p2b: Zacian
|-singleturn|p2b: Zacian|Protect
|move|p2a: Incineroar|Will-O-Wisp|p1b: Grimmsnarl
|-fail|p1b: Grimmsnarl|brn
|move|p1a: Lunala|Moongeist Beam|p2b: Zacian
|-activate|p2b: Zacian|move: Protect
|
|-damage|p1b: Grimmsnarl|76/100 brn|[from] brn
|upkeep
|turn|7
|
|t:|1750822073
|switch|p2a: Kyogre|Kyogre, L50|100/100
|-weather|RainDance|[from] ability: Drizzle|[of] p2a: Kyogre
|move|p1b: Grimmsnarl|Light Screen|p1b: Grimmsnarl
|-sidestart|p1: IncineroarH8ter|move: Light Screen
|move|p1a: Lunala|Moongeist Beam|p2b: Zacian
|-damage|p2b: Zacian|56/100
|move|p2b: Zacian|Sacred Sword|p1a: Lunala
|-supereffective|p1a: Lunala
|-damage|p1a: Lunala|40/100
|
|-weather|RainDance|[upkeep]
|-damage|p1b: Grimmsnarl|70/100 brn|[from] brn
|upkeep
|turn|8
|
|t:|1750822097
|move|p1b: Grimmsnarl|Crunch|p2a: Kyogre
|-damage|p2a: Kyogre|77/100
|-unboost|p2a: Kyogre|def|1
|move|p1a: Lunala|Moongeist Beam|p2a: Kyogre
|-damage|p2a: Kyogre|32/100
|move|p2a: Kyogre|Water Spout|p1a: Lunala|[spread] p1a,p1b
|-damage|p1a: Lunala|23/100
|-damage|p1b: Grimmsnarl|41/100 brn
|move|p2b: Zacian|Play Rough|p1b: Grimmsnarl
|-supereffective|p1b: Grimmsnarl
|-damage|p1b: Grimmsnarl|0 fnt
|faint|p1b: Grimmsnarl
|
|-weather|RainDance|[upkeep]
|upkeep
|
|t:|1750822114
|switch|p1b: Calyrex|Calyrex-Ice, L50|69/100
|-ability|p1b: Calyrex|As One
|-ability|p1b: Calyrex|Unnerve
|turn|9
|
|t:|1750822152
|switch|p2a: Incineroar|Incineroar, L50, M|100/100
|-ability|p2a: Incineroar|Intimidate|boost
|-unboost|p1a: Lunala|atk|1
|-unboost|p1b: Calyrex|atk|1
|move|p2b: Zacian|Protect|p2b: Zacian
|-singleturn|p2b: Zacian|Protect
|move|p1b: Calyrex|Glacial Lance|p2a: Incineroar|[spread] p2a
|-activate|p2b: Zacian|move: Protect
|-resisted|p2a: Incineroar
|-damage|p2a: Incineroar|83/100
|move|p1a: Lunala|Tailwind|p1a: Lunala
|-sidestart|p1: IncineroarH8ter|move: Tailwind
|
|-weather|RainDance|[upkeep]
|-fieldend|move: Trick Room
|upkeep
|turn|10
|
|t:|1750822176
|move|p2a: Incineroar|Fake Out|p1a: Lunala
|-damage|p1a: Lunala|17/100
|cant|p1a: Lunala|flinch
|move|p2b: Zacian|Behemoth Blade|p1b: Calyrex
|-supereffective|p1b: Calyrex
|-damage|p1b: Calyrex|3/100
|move|p1b: Calyrex|High Horsepower|p2b: Zacian
|-supereffective|p2b: Zacian
|-damage|p2b: Zacian|7/100
|
|-weather|RainDance|[upkeep]
|upkeep
|turn|11
|
|t:|1750822199
|move|p2b: Zacian|Protect|p2b: Zacian
|-singleturn|p2b: Zacian|Protect
|move|p1a: Lunala|Moongeist Beam|p2b: Zacian
|-activate|p2b: Zacian|move: Protect
|move|p1b: Calyrex|High Horsepower|p2a: Incineroar
|-supereffective|p2a: Incineroar
|-damage|p2a: Incineroar|40/100
|move|p2a: Incineroar|Knock Off|p1a: Lunala
|-resisted|p1a: Lunala
|-damage|p1a: Lunala|10/100
|
|-weather|none
|-sideend|p1: IncineroarH8ter|Reflect
|upkeep
|turn|12
|
|t:|1750822245
|switch|p2a: Kyogre|Kyogre, L50|32/100
|-weather|RainDance|[from] ability: Drizzle|[of] p2a: Kyogre
|move|p2b: Zacian|Protect||[still]
|-fail|p2b: Zacian
|move|p1a: Lunala|Moongeist Beam|p2b: Zacian
|-damage|p2b: Zacian|0 fnt
|faint|p2b: Zacian
|move|p1b: Calyrex|High Horsepower|p2a: Kyogre
|-damage|p2a: Kyogre|0 fnt
|faint|p2a: Kyogre
|-ability|p1b: Calyrex|Chilling Neigh|boost
|-boost|p1b: Calyrex|atk|1
|
|-weather|RainDance|[upkeep]
|-sideend|p1: IncineroarH8ter|move: Tailwind
|upkeep
|
|t:|1750822256
|switch|p2b: Incineroar|Incineroar, L50, M|40/100
|-ability|p2b: Incineroar|Intimidate|boost
|-unboost|p1a: Lunala|atk|1
|-unboost|p1b: Calyrex|atk|1
|turn|13
|
|t:|1750822272
|move|p2b: Incineroar|Fake Out|p1a: Lunala
|-crit|p1a: Lunala
|-damage|p1a: Lunala|0 fnt
|faint|p1a: Lunala
|move|p1b: Calyrex|High Horsepower|p2b: Incineroar
|-supereffective|p2b: Incineroar
|-damage|p2b: Incineroar|0 fnt
|faint|p2b: Incineroar
|
|win|IncineroarH8ter
|raw|IncineroarH8ter's rating: 1291 &rarr; <strong>1316</strong><br />(+25 for winning)
|raw|OliveGardenChef's rating: 1291 &rarr; <strong>1266</strong><br />(-25 for losing)
|l|☆OliveGardenChef
|player|p2|
|l|☆IncineroarH8ter
|player|p1|
