|j|☆ClumbsyLilBeach
|j|☆yanszinツ
|t:|1750826958
|gametype|doubles
|player|p1|ClumbsyLilBeach|jasmine|1281
|player|p2|yanszinツ|guitarist|1260
|teamsize|p1|6
|teamsize|p2|6
|gen|9
|tier|[Gen 9] VGC 2025 Reg I
|rated|
|rule|Species Clause: Limit one of each Pokémon
|rule|Item Clause: Limit 1 of each item
|clearpoke
|poke|p1|Chien-Pao, L50|
|poke|p1|Ho-Oh, L50|
|poke|p1|Whimsicott, L50, F|
|poke|p1|Dragonite, L50, M|
|poke|p1|Bronzong, L50|
|poke|p1|Miraidon, L50|
|poke|p2|Calyrex-Ice, L50|
|poke|p2|Zamazenta-*, L50|
|poke|p2|Incineroar, L50, M|
|poke|p2|Ogerpon-Wellspring, L50, F|
|poke|p2|Indeedee-F, L50, F|
|poke|p2|Amoonguss, L50, F|
|teampreview|4
|inactive|Battle timer is ON: inactive players will automatically lose when time's up. (requested by ClumbsyLilBeach)
|inactive|ClumbsyLilBeach has 60 seconds left.
|
|t:|1750826996
|start
|switch|p1a: Miraidon|Miraidon, L50|100/100
|switch|p1b: Ho-Oh|Ho-Oh, L50|100/100
|switch|p2a: Prince|Calyrex-Ice, L50|100/100
|switch|p2b: She|Indeedee-F, L50, F|100/100
|-ability|p2a: Prince|As One
|-ability|p2a: Prince|Unnerve
|-fieldstart|move: Electric Terrain|[from] ability: Hadron Engine|[of] p1a: Miraidon
|-fieldstart|move: Psychic Terrain|[from] ability: Psychic Surge|[of] p2b: She
|-enditem|p2b: She|Psychic Seed
|-boost|p2b: She|spd|1|[from] item: Psychic Seed
|turn|1
|inactive|ClumbsyLilBeach has 30 seconds left.
|inactive|yanszinツ has 30 seconds left.
|
|t:|1750827028
|-terastallize|p1a: Miraidon|Electric
|move|p2b: She|Follow Me|p2b: She
|-singleturn|p2b: She|move: Follow Me
|move|p1a: Miraidon|Volt Switch|p2b: She
|-crit|p2b: She
|-damage|p2b: She|0 fnt
|faint|p2b: She
|
|t:|1750827037
|switch|p1a: Bronzong|Bronzong, L50|100/100|[from] Volt Switch
|move|p1b: Ho-Oh|Sacred Fire|p2a: Prince
|-supereffective|p2a: Prince
|-damage|p2a: Prince|34/100
|move|p2a: Prince|Trick Room|p2a: Prince
|-fieldstart|move: Trick Room|[of] p2a: Prince
|
|upkeep
|
|t:|1750827050
|switch|p2b: Rath|Incineroar, L50, M|100/100
|-ability|p2b: Rath|Intimidate|boost
|-unboost|p1a: Bronzong|atk|1
|-fail|p1b: Ho-Oh|unboost|[from] item: Clear Amulet|[of] p1b: Ho-Oh
|turn|2
|
|t:|1750827071
|move|p2a: Prince|Protect|p2a: Prince
|-singleturn|p2a: Prince|Protect
|move|p1b: Ho-Oh|Protect|p1b: Ho-Oh
|-singleturn|p1b: Ho-Oh|Protect
|move|p1a: Bronzong|Iron Defense|p1a: Bronzong
|-boost|p1a: Bronzong|def|2
|move|p2b: Rath|Knock Off|p1b: Ho-Oh
|-activate|p1b: Ho-Oh|move: Protect
|
|upkeep
|turn|3
|
|t:|1750827094
|switch|p2a: Zamazenta|Zamazenta-Crowned, L50|100/100
|-ability|p2a: Zamazenta|Dauntless Shield|boost
|-boost|p2a: Zamazenta|def|1
|move|p1a: Bronzong|Iron Defense|p1a: Bronzong
|-boost|p1a: Bronzong|def|2
|move|p2b: Rath|Knock Off|p1b: Ho-Oh
|-crit|p1b: Ho-Oh
|-damage|p1b: Ho-Oh|50/100
|-enditem|p1b: Ho-Oh|Clear Amulet|[from] move: Knock Off|[of] p2b: Rath
|move|p1b: Ho-Oh|Sacred Fire|p2a: Zamazenta
|-supereffective|p2a: Zamazenta
|-crit|p2a: Zamazenta
|-damage|p2a: Zamazenta|0 fnt
|faint|p2a: Zamazenta
|
|upkeep
|
|t:|1750827108
|switch|p2a: Prince|Calyrex-Ice, L50|34/100
|-ability|p2a: Prince|As One
|-ability|p2a: Prince|Unnerve
|turn|4
|
|t:|1750827126
|move|p1b: Ho-Oh|Protect|p1b: Ho-Oh
|-singleturn|p1b: Ho-Oh|Protect
|move|p1a: Bronzong|Body Press|p2b: Rath
|-supereffective|p2b: Rath
|-damage|p2b: Rath|0 fnt
|faint|p2b: Rath
|move|p2a: Prince|Glacial Lance|p1b: Ho-Oh|[spread] p1a
|-activate|p1b: Ho-Oh|move: Protect
|-resisted|p1a: Bronzong
|-damage|p1a: Bronzong|92/100
|
|upkeep
|turn|5
|-message|yanszinツ forfeited.
|
|win|ClumbsyLilBeach
|raw|ClumbsyLilBeach's rating: 1281 &rarr; <strong>1304</strong><br />(+23 for winning)
|raw|yanszinツ's rating: 1260 &rarr; <strong>1237</strong><br />(-23 for losing)
|l|☆ClumbsyLilBeach
|player|p1|
