|j|☆Xeno101
|j|☆Nebz21
|t:|1750772681
|gametype|doubles
|player|p1|Xeno101|swimmer-gen4|1126
|player|p2|Nebz21|169|1169
|teamsize|p1|6
|teamsize|p2|6
|gen|9
|tier|[Gen 9] VGC 2025 Reg I
|rated|
|rule|Species Clause: Limit one of each Pokémon
|rule|Item Clause: Limit 1 of each item
|clearpoke
|poke|p1|Incineroar, L50, F|
|poke|p1|Bombirdier, L50, F|
|poke|p1|Flutter Mane, L50|
|poke|p1|Brute Bonnet, L50|
|poke|p1|Groudon, L50|
|poke|p1|Zapdos-Galar, L50|
|poke|p2|Koraidon, L50|
|poke|p2|Lunala, L50|
|poke|p2|Amoonguss, L50, M|
|poke|p2|Ursaluna, L50, F|
|poke|p2|Raging Bolt, L50|
|poke|p2|Garganacl, L50, M|
|teampreview|4
|inactive|Battle timer is ON: inactive players will automatically lose when time's up. (requested by Nebz21)
|
|t:|1750772710
|start
|switch|p1a: Incineroar|Incineroar, L50, F|100/100
|switch|p1b: Flutter Mane|Flutter Mane, L50|100/100
|switch|p2a: Lunala|Lunala, L50|100/100
|switch|p2b: Ursaluna|Ursaluna, L50, F|100/100
|-ability|p1a: Incineroar|Intimidate|boost
|-unboost|p2a: Lunala|atk|1
|-unboost|p2b: Ursaluna|atk|1
|turn|1
|
|t:|1750772734
|move|p1b: Flutter Mane|Protect|p1b: Flutter Mane
|-singleturn|p1b: Flutter Mane|Protect
|move|p1a: Incineroar|Fake Out|p2b: Ursaluna
|-damage|p2b: Ursaluna|92/100
|cant|p2b: Ursaluna|flinch
|move|p2a: Lunala|Trick Room|p2a: Lunala
|-fieldstart|move: Trick Room|[of] p2a: Lunala
|
|-status|p2b: Ursaluna|brn|[from] item: Flame Orb
|upkeep
|turn|2
|
|t:|1750772753
|-end|p1b: Flutter Mane|Protosynthesis|[silent]
|switch|p1b: Brute Bonnet|Brute Bonnet, L50|100/100
|move|p2b: Ursaluna|Facade|p1a: Incineroar
|-damage|p1a: Incineroar|33/100
|-enditem|p1a: Incineroar|Eject Button
|
|t:|1750772764
|switch|p1a: Flutter Mane|Flutter Mane, L50|100/100
|move|p2a: Lunala|Moongeist Beam|p1b: Brute Bonnet
|-resisted|p1b: Brute Bonnet
|-damage|p1b: Brute Bonnet|76/100
|
|-damage|p2b: Ursaluna|87/100 brn|[from] brn
|upkeep
|turn|3
|inactive|Nebz21 has 30 seconds left.
|
|t:|1750772797
|move|p1a: Flutter Mane|Protect|p1a: Flutter Mane
|-singleturn|p1a: Flutter Mane|Protect
|move|p2b: Ursaluna|Taunt|p1b: Brute Bonnet
|-start|p1b: Brute Bonnet|move: Taunt
|move|p1b: Brute Bonnet|Close Combat|p2b: Ursaluna
|-supereffective|p2b: Ursaluna
|-damage|p2b: Ursaluna|34/100 brn
|-unboost|p1b: Brute Bonnet|def|1
|-unboost|p1b: Brute Bonnet|spd|1
|move|p2a: Lunala|Moongeist Beam|p1a: Flutter Mane
|-activate|p1a: Flutter Mane|move: Protect
|
|-damage|p2b: Ursaluna|28/100 brn|[from] brn
|upkeep
|turn|4
|
|t:|1750772821
|-end|p1b: Brute Bonnet|Protosynthesis|[silent]
|switch|p1b: Incineroar|Incineroar, L50, F|33/100
|-ability|p1b: Incineroar|Intimidate|boost
|-unboost|p2a: Lunala|atk|1
|-unboost|p2b: Ursaluna|atk|1
|-end|p1a: Flutter Mane|Protosynthesis|[silent]
|switch|p1a: Groudon|Groudon, L50|100/100
|-weather|SunnyDay|[from] ability: Drought|[of] p1a: Groudon
|move|p2b: Ursaluna|Facade|p1b: Incineroar
|-damage|p1b: Incineroar|0 fnt
|faint|p1b: Incineroar
|move|p2a: Lunala|Moongeist Beam|p1a: Groudon
|-damage|p1a: Groudon|68/100
|
|-weather|SunnyDay|[upkeep]
|-damage|p2b: Ursaluna|22/100 brn|[from] brn
|upkeep
|inactive|Xeno101 has 30 seconds left.
|
|t:|1750772852
|switch|p1b: Brute Bonnet|Brute Bonnet, L50|76/100
|-activate|p1b: Brute Bonnet|ability: Protosynthesis
|-start|p1b: Brute Bonnet|protosynthesisatk
|turn|5
|
|t:|1750772865
|switch|p2b: Koraidon|Koraidon, L50|100/100
|-activate|p2b: Koraidon|ability: Orichalcum Pulse
|move|p1b: Brute Bonnet|Sucker Punch|p2a: Lunala
|-supereffective|p2a: Lunala
|-damage|p2a: Lunala|26/100
|move|p2a: Lunala|Meteor Beam||[still]
|-prepare|p2a: Lunala|Meteor Beam
|-boost|p2a: Lunala|spa|1
|-enditem|p2a: Lunala|Power Herb
|-anim|p2a: Lunala|Meteor Beam|p1a: Groudon
|-resisted|p1a: Groudon
|-damage|p1a: Groudon|48/100
|move|p1a: Groudon|Body Press|p2b: Koraidon
|-damage|p2b: Koraidon|80/100
|
|-weather|SunnyDay|[upkeep]
|-fieldend|move: Trick Room
|upkeep
|turn|6
|inactive|Xeno101 has 30 seconds left.
|inactive|Nebz21 has 30 seconds left.
|inactive|Xeno101 has 20 seconds left.
|inactive|Nebz21 has 20 seconds left.
|inactive|Nebz21 has 15 seconds left.
|
|t:|1750772913
|-terastallize|p1b: Brute Bonnet|Fighting
|move|p1b: Brute Bonnet|Rage Powder|p1b: Brute Bonnet
|-singleturn|p1b: Brute Bonnet|move: Rage Powder
|move|p2b: Koraidon|Flare Blitz|p1b: Brute Bonnet
|-damage|p1b: Brute Bonnet|0 fnt
|faint|p1b: Brute Bonnet
|-end|p1b: Brute Bonnet|Protosynthesis|[silent]
|-damage|p2b: Koraidon|54/100|[from] Recoil
|-damage|p2b: Koraidon|44/100|[from] item: Life Orb
|move|p1a: Groudon|Precipice Blades|p2b: Koraidon|[spread] p2a,p2b
|-damage|p2a: Lunala|0 fnt
|-damage|p2b: Koraidon|2/100
|faint|p2a: Lunala
|
|-weather|SunnyDay|[upkeep]
|upkeep
|
|t:|1750772930
|switch|p2a: Amoonguss|Amoonguss, L50, M|100/100
|switch|p1b: Flutter Mane|Flutter Mane, L50|100/100
|-activate|p1b: Flutter Mane|ability: Protosynthesis
|-start|p1b: Flutter Mane|protosynthesisspe
|turn|7
|c|☆Xeno101|gg
|inactive|Nebz21 has 30 seconds left.
|
|t:|1750772956
|move|p2b: Koraidon|Protect|p2b: Koraidon
|-singleturn|p2b: Koraidon|Protect
|move|p2a: Amoonguss|Protect|p2a: Amoonguss
|-singleturn|p2a: Amoonguss|Protect
|move|p1b: Flutter Mane|Dazzling Gleam|p2a: Amoonguss|[spread] 
|-activate|p2a: Amoonguss|move: Protect
|-activate|p2b: Koraidon|move: Protect
|move|p1a: Groudon|Precipice Blades|p2a: Amoonguss|[spread] 
|-activate|p2a: Amoonguss|move: Protect
|-activate|p2b: Koraidon|move: Protect
|
|-weather|SunnyDay|[upkeep]
|upkeep
|turn|8
|c|☆Nebz21|yeah im cooked
|c|☆Nebz21|gg
|
|t:|1750772980
|move|p1b: Flutter Mane|Dazzling Gleam|p2b: Koraidon|[spread] p2a,p2b
|-resisted|p2a: Amoonguss
|-supereffective|p2b: Koraidon
|-damage|p2a: Amoonguss|86/100
|-damage|p2b: Koraidon|0 fnt
|faint|p2b: Koraidon
|move|p1a: Groudon|Precipice Blades|p2a: Amoonguss
|-damage|p2a: Amoonguss|13/100
|move|p2a: Amoonguss|Sludge Bomb|p1b: Flutter Mane
|-damage|p1b: Flutter Mane|72/100
|
|-weather|none
|-end|p1b: Flutter Mane|Protosynthesis
|upkeep
|
|t:|1750772984
|switch|p2b: Ursaluna|Ursaluna, L50, F|22/100 brn
|turn|9
|
|t:|1750772994
|move|p1b: Flutter Mane|Dazzling Gleam|p2a: Amoonguss|[spread] p2a,p2b
|-resisted|p2a: Amoonguss
|-damage|p2a: Amoonguss|0 fnt
|-damage|p2b: Ursaluna|0 fnt
|faint|p2a: Amoonguss
|faint|p2b: Ursaluna
|
|win|Xeno101
|raw|Xeno101's rating: 1126 &rarr; <strong>1154</strong><br />(+28 for winning)
|raw|Nebz21's rating: 1169 &rarr; <strong>1141</strong><br />(-28 for losing)
|l|☆Xeno101
|player|p1|
