|j|☆mnmnmnmnm6
|j|‽tosh_0819
|t:|1750823605
|gametype|doubles
|player|p1|mnmnmnmnm6|265|1350
|player|p2|tosh_0819|169|1341
|teamsize|p1|6
|teamsize|p2|6
|gen|9
|tier|[Gen 9] VGC 2025 Reg I
|rated|
|rule|Species Clause: Limit one of each Pokémon
|rule|Item Clause: Limit 1 of each item
|clearpoke
|poke|p1|Miraidon, L50|
|poke|p1|Ursaluna, L50, M|
|poke|p1|Dialga-Origin, L50|
|poke|p1|Incineroar, L50, M|
|poke|p1|Whimsicott, L50, M|
|poke|p1|Ogerpon-Hearthflame, L50, F|
|poke|p2|Zamazenta-*, L50|
|poke|p2|Grimmsnarl, L50, M|
|poke|p2|Urshifu-*, L50, F|
|poke|p2|Calyrex-Shadow, L50|
|poke|p2|Landorus, L50, M|
|poke|p2|Indeedee-F, L50, F|
|teampreview|4
|inactive|Battle timer is ON: inactive players will automatically lose when time's up. (requested by tosh_0819)
|
|t:|1750823629
|start
|switch|p1a: Dialga|Dialga-Origin, L50|100/100
|switch|p1b: Incineroar|Incineroar, L50, M|100/100
|switch|p2a: Urshifu|Urshifu-Rapid-Strike, L50, F|100/100
|switch|p2b: Grimmsnarl|Grimmsnarl, L50, M|100/100
|-ability|p1b: Incineroar|Intimidate|boost
|-unboost|p2a: Urshifu|atk|1
|-unboost|p2b: Grimmsnarl|atk|1
|turn|1
|j| johnkharkiv
|
|t:|1750823646
|move|p1b: Incineroar|Fake Out|p2a: Urshifu
|-damage|p2a: Urshifu|89/100
|move|p2b: Grimmsnarl|Light Screen|p2b: Grimmsnarl
|-sidestart|p2: tosh_0819|move: Light Screen
|cant|p2a: Urshifu|flinch
|move|p1a: Dialga|Trick Room|p1a: Dialga
|-fieldstart|move: Trick Room|[of] p1a: Dialga
|
|upkeep
|turn|2
|
|t:|1750823668
|move|p2b: Grimmsnarl|Parting Shot|p1a: Dialga
|-unboost|p1a: Dialga|atk|1
|-unboost|p1a: Dialga|spa|1
|
|t:|1750823672
|switch|p2b: Zamazenta|Zamazenta-Crowned, L50|100/100|[from] Parting Shot
|-ability|p2b: Zamazenta|Dauntless Shield|boost
|-boost|p2b: Zamazenta|def|1
|move|p1b: Incineroar|Will-O-Wisp|p2a: Urshifu
|-status|p2a: Urshifu|brn
|move|p1a: Dialga|Flash Cannon|p2b: Zamazenta
|-resisted|p2b: Zamazenta
|-damage|p2b: Zamazenta|93/100
|move|p2a: Urshifu|Coaching|p2b: Zamazenta
|-boost|p2b: Zamazenta|atk|1
|-boost|p2b: Zamazenta|def|1
|
|-damage|p2a: Urshifu|83/100 brn|[from] brn
|upkeep
|turn|3
|
|t:|1750823691
|-terastallize|p1b: Incineroar|Ghost
|move|p1b: Incineroar|Will-O-Wisp|p2b: Zamazenta
|-status|p2b: Zamazenta|brn
|move|p1a: Dialga|Dragon Pulse|p2a: Urshifu
|-damage|p2a: Urshifu|41/100 brn
|move|p2b: Zamazenta|Body Press|p1b: Incineroar
|-immune|p1b: Incineroar
|move|p2a: Urshifu|Coaching|p2b: Zamazenta
|-boost|p2b: Zamazenta|atk|1
|-boost|p2b: Zamazenta|def|1
|
|-damage|p2b: Zamazenta|87/100 brn|[from] brn
|-damage|p2a: Urshifu|35/100 brn|[from] brn
|upkeep
|turn|4
|inactive|mnmnmnmnm6 has 30 seconds left.
|
|t:|1750823717
|move|p1b: Incineroar|Parting Shot|p2b: Zamazenta
|-unboost|p2b: Zamazenta|atk|1
|-unboost|p2b: Zamazenta|spa|1
|
|t:|1750823721
|switch|p1b: Ursaluna|Ursaluna, L50, M|100/100|[from] Parting Shot
|move|p1a: Dialga|Dragon Pulse|p2a: Urshifu
|-crit|p2a: Urshifu
|-damage|p2a: Urshifu|0 fnt
|faint|p2a: Urshifu
|move|p2b: Zamazenta|Body Press|p1a: Dialga
|-supereffective|p1a: Dialga
|-damage|p1a: Dialga|32/100
|
|-damage|p2b: Zamazenta|81/100 brn|[from] brn
|-status|p1b: Ursaluna|brn|[from] item: Flame Orb
|upkeep
|
|t:|1750823731
|switch|p2a: Grimmsnarl|Grimmsnarl, L50, M|100/100
|turn|5
|
|t:|1750823749
|switch|p1a: Incineroar|Incineroar, L50, M, tera:Ghost|100/100
|-ability|p1a: Incineroar|Intimidate|boost
|-unboost|p2a: Grimmsnarl|atk|1
|-unboost|p2b: Zamazenta|atk|1
|move|p2a: Grimmsnarl|Reflect|p2a: Grimmsnarl
|-sidestart|p2: tosh_0819|Reflect
|move|p1b: Ursaluna|Facade|p2a: Grimmsnarl
|-damage|p2a: Grimmsnarl|0 fnt
|faint|p2a: Grimmsnarl
|move|p2b: Zamazenta|Iron Defense|p2b: Zamazenta
|-boost|p2b: Zamazenta|def|2
|
|-damage|p1b: Ursaluna|94/100 brn|[from] brn
|-damage|p2b: Zamazenta|75/100 brn|[from] brn
|-fieldend|move: Trick Room
|upkeep
|
|t:|1750823760
|switch|p2a: Landorus|Landorus, L50, M|100/100
|turn|6
|
|t:|1750823784
|switch|p1a: Dialga|Dialga-Origin, L50|32/100
|move|p1b: Ursaluna|Protect|p1b: Ursaluna
|-singleturn|p1b: Ursaluna|Protect
|move|p2a: Landorus|Sludge Wave|p1b: Ursaluna|[spread] 
|-activate|p1b: Ursaluna|move: Protect
|-immune|p2b: Zamazenta
|-immune|p1a: Dialga
|move|p2b: Zamazenta|Body Press|p1b: Ursaluna
|-activate|p1b: Ursaluna|move: Protect
|
|-damage|p2b: Zamazenta|69/100 brn|[from] brn
|-damage|p1b: Ursaluna|88/100 brn|[from] brn
|upkeep
|turn|7
|
|t:|1750823809
|switch|p1b: Incineroar|Incineroar, L50, M, tera:Ghost|100/100
|-ability|p1b: Incineroar|Intimidate|boost
|-unboost|p2a: Landorus|atk|1
|-unboost|p2b: Zamazenta|atk|1
|move|p2a: Landorus|Sandsear Storm|p1b: Incineroar|[spread] p1a,p1b
|-supereffective|p1a: Dialga
|-damage|p1a: Dialga|0 fnt
|-damage|p1b: Incineroar|50/100
|faint|p1a: Dialga
|move|p2b: Zamazenta|Body Press|p1b: Incineroar
|-immune|p1b: Incineroar
|
|-damage|p2b: Zamazenta|63/100 brn|[from] brn
|upkeep
|
|t:|1750823820
|switch|p1a: Miraidon|Miraidon, L50|100/100
|-fieldstart|move: Electric Terrain|[from] ability: Hadron Engine|[of] p1a: Miraidon
|turn|8
|inactive|mnmnmnmnm6 has 30 seconds left.
|
|t:|1750823850
|-terastallize|p2b: Zamazenta|Ground
|move|p1b: Incineroar|Fake Out|p2a: Landorus
|-damage|p2a: Landorus|91/100
|move|p1a: Miraidon|Draco Meteor|p2a: Landorus
|-damage|p2a: Landorus|1/100
|-unboost|p1a: Miraidon|spa|2
|cant|p2a: Landorus|flinch
|move|p2b: Zamazenta|Body Press|p1a: Miraidon
|-damage|p1a: Miraidon|43/100
|
|-damage|p2b: Zamazenta|57/100 brn|[from] brn
|-sideend|p2: tosh_0819|move: Light Screen
|upkeep
|turn|9
|
|t:|1750823875
|move|p1a: Miraidon|Draco Meteor|p2a: Landorus
|-damage|p2a: Landorus|0 fnt
|-unboost|p1a: Miraidon|spa|2
|faint|p2a: Landorus
|move|p2b: Zamazenta|Body Press|p1a: Miraidon
|-damage|p1a: Miraidon|0 fnt
|faint|p1a: Miraidon
|move|p1b: Incineroar|Knock Off|p2b: Zamazenta
|-damage|p2b: Zamazenta|53/100 brn
|
|-damage|p2b: Zamazenta|47/100 brn|[from] brn
|upkeep
|
|t:|1750823885
|switch|p1a: Ursaluna|Ursaluna, L50, M|88/100 brn
|turn|10
|
|t:|1750823902
|move|p1a: Ursaluna|Protect|p1a: Ursaluna
|-singleturn|p1a: Ursaluna|Protect
|move|p2b: Zamazenta|Heavy Slam|p1b: Incineroar
|-damage|p1b: Incineroar|37/100
|-damage|p2b: Zamazenta|31/100 brn|[from] item: Rocky Helmet|[of] p1b: Incineroar
|move|p1b: Incineroar|Parting Shot|p2b: Zamazenta
|-unboost|p2b: Zamazenta|atk|1
|-unboost|p2b: Zamazenta|spa|1
|
|-damage|p2b: Zamazenta|25/100 brn|[from] brn
|-damage|p1a: Ursaluna|82/100 brn|[from] brn
|upkeep
|turn|11
|
|t:|1750823915
|move|p2b: Zamazenta|Body Press|p1a: Ursaluna
|-supereffective|p1a: Ursaluna
|-damage|p1a: Ursaluna|0 fnt
|faint|p1a: Ursaluna
|move|p1b: Incineroar|Knock Off|p2b: Zamazenta
|-damage|p2b: Zamazenta|21/100 brn
|
|-damage|p2b: Zamazenta|15/100 brn|[from] brn
|upkeep
|turn|12
|
|t:|1750823923
|move|p2b: Zamazenta|Heavy Slam|p1b: Incineroar
|-damage|p1b: Incineroar|28/100
|-damage|p2b: Zamazenta|0 fnt|[from] item: Rocky Helmet|[of] p1b: Incineroar
|faint|p2b: Zamazenta
|
|win|mnmnmnmnm6
|raw|mnmnmnmnm6's rating: 1350 &rarr; <strong>1369</strong><br />(+19 for winning)
|raw|tosh_0819's rating: 1341 &rarr; <strong>1322</strong><br />(-19 for losing)
|l|‽tosh_0819
|player|p2|
|l|☆mnmnmnmnm6
|player|p1|
