|j|☆donettinho
|j|☆YoIssManny
|t:|1750807273
|gametype|doubles
|player|p1|donettinho|clown|1085
|player|p2|YoIssManny|1|1156
|teamsize|p1|6
|teamsize|p2|6
|gen|9
|tier|[Gen 9] VGC 2025 Reg I
|rated|
|rule|Species Clause: Limit one of each Pokémon
|rule|Item Clause: Limit 1 of each item
|clearpoke
|poke|p1|Calyrex-Ice, L50|
|poke|p1|Incineroar, L50, M|
|poke|p1|Rillaboom, L50, M|
|poke|p1|Amoonguss, L50, F|
|poke|p1|Lunala, L50|
|poke|p1|Ursaluna, L50, F|
|poke|p2|Miraidon, L50|
|poke|p2|Calyrex-Shadow, L50|
|poke|p2|Chi-Yu, L50|
|poke|p2|Scraggy, L50, F|
|poke|p2|Tornadus, L50, M|
|poke|p2|Iron Hands, L50|
|teampreview|4
|inactive|Battle timer is ON: inactive players will automatically lose when time's up. (requested by donettinho)
|inactive|YoIssManny has 60 seconds left.
|
|t:|1750807335
|start
|switch|p1a: Lunala|Lunala, L50|100/100
|switch|p1b: Calyrex|Calyrex-Ice, L50|100/100
|switch|p2a: Miraidon|Miraidon, L50|100/100
|switch|p2b: Scraggy|Scraggy, L50, F|100/100
|-ability|p1b: Calyrex|As One
|-ability|p1b: Calyrex|Unnerve
|-fieldstart|move: Electric Terrain|[from] ability: Hadron Engine|[of] p2a: Miraidon
|-ability|p2b: Scraggy|Intimidate|boost
|-unboost|p1a: Lunala|atk|1
|-fail|p1b: Calyrex|unboost|[from] item: Clear Amulet|[of] p1b: Calyrex
|turn|1
|inactive|donettinho has 30 seconds left.
|inactive|YoIssManny has 30 seconds left.
|
|t:|1750807365
|move|p1b: Calyrex|Protect|p1b: Calyrex
|-singleturn|p1b: Calyrex|Protect
|move|p2b: Scraggy|Protect|p2b: Scraggy
|-singleturn|p2b: Scraggy|Protect
|move|p2a: Miraidon|Volt Switch|p1a: Lunala
|-damage|p1a: Lunala|78/100
|
|t:|1750807374
|switch|p2a: Tornadus|Tornadus, L50, M|100/100|[from] Volt Switch
|move|p1a: Lunala|Trick Room|p1a: Lunala
|-fieldstart|move: Trick Room|[of] p1a: Lunala
|
|upkeep
|turn|2
|
|t:|1750807386
|move|p1a: Lunala|Protect|p1a: Lunala
|-singleturn|p1a: Lunala|Protect
|move|p2a: Tornadus|Swagger|p1b: Calyrex
|-boost|p1b: Calyrex|atk|2
|-start|p1b: Calyrex|confusion
|move|p2b: Scraggy|Foul Play|p1b: Calyrex
|-supereffective|p1b: Calyrex
|-damage|p1b: Calyrex|0 fnt
|faint|p1b: Calyrex
|
|upkeep
|
|t:|1750807400
|switch|p1b: Amoonguss|Amoonguss, L50, F|100/100
|turn|3
|
|t:|1750807420
|move|p2b: Scraggy|Taunt|p1a: Lunala
|-start|p1a: Lunala|move: Taunt
|move|p1b: Amoonguss|Spore|p2b: Scraggy
|-activate|p2b: Scraggy|move: Electric Terrain
|move|p1a: Lunala|Moongeist Beam|p2a: Tornadus
|-crit|p2a: Tornadus
|-damage|p2a: Tornadus|34/100
|move|p2a: Tornadus|Bleakwind Storm|p1a: Lunala|[spread] p1a,p1b
|-supereffective|p1b: Amoonguss
|-damage|p1a: Lunala|62/100
|-damage|p1b: Amoonguss|57/100
|
|-heal|p1b: Amoonguss|63/100|[from] item: Leftovers
|upkeep
|turn|4
|inactive|donettinho has 30 seconds left.
|
|t:|1750807452
|move|p1b: Amoonguss|Rage Powder|p1b: Amoonguss
|-singleturn|p1b: Amoonguss|move: Rage Powder
|move|p2a: Tornadus|Swagger|p1b: Amoonguss
|-boost|p1b: Amoonguss|atk|2
|-start|p1b: Amoonguss|confusion
|move|p2b: Scraggy|Foul Play|p1b: Amoonguss
|-damage|p1b: Amoonguss|15/100
|move|p1a: Lunala|Moongeist Beam|p2a: Tornadus
|-damage|p2a: Tornadus|0 fnt
|faint|p2a: Tornadus
|
|-heal|p1b: Amoonguss|20/100|[from] item: Leftovers
|upkeep
|inactive|YoIssManny has 30 seconds left.
|
|t:|1750807481
|switch|p2a: Miraidon|Miraidon, L50|100/100
|-activate|p2a: Miraidon|ability: Hadron Engine
|turn|5
|inactive|YoIssManny has 30 seconds left.
|
|t:|1750807512
|-terastallize|p2a: Miraidon|Fairy
|move|p2b: Scraggy|Foul Play|p1a: Lunala
|-supereffective|p1a: Lunala
|-damage|p1a: Lunala|0 fnt
|faint|p1a: Lunala
|-activate|p1b: Amoonguss|confusion
|-damage|p1b: Amoonguss|6/100|[from] confusion
|move|p2a: Miraidon|Dazzling Gleam|p1b: Amoonguss
|-resisted|p1b: Amoonguss
|-damage|p1b: Amoonguss|0 fnt
|faint|p1b: Amoonguss
|
|-fieldend|move: Trick Room
|-fieldend|move: Electric Terrain
|upkeep
|-message|donettinho forfeited.
|
|win|YoIssManny
|raw|donettinho's rating: 1085 &rarr; <strong>1067</strong><br />(-18 for losing)
|raw|YoIssManny's rating: 1156 &rarr; <strong>1176</strong><br />(+20 for winning)
|l|☆donettinho
|player|p1|
|c|☆YoIssManny|Gg
|l|☆YoIssManny
|player|p2|
|j|☆YoIssManny
|player|p2|YoIssManny|1|
