|j|☆djd54
|j|☆Novicebest
|t:|1750874528
|gametype|doubles
|player|p1|djd54|1|1442
|player|p2|Novicebest|lillie-z|1622
|teamsize|p1|6
|teamsize|p2|6
|gen|9
|tier|[Gen 9] VGC 2025 Reg I
|rated|
|rule|Species Clause: Limit one of each Pokémon
|rule|Item Clause: Limit 1 of each item
|clearpoke
|poke|p1|Reshiram, L50|
|poke|p1|Groudon, L50|
|poke|p1|Roaring Moon, L50|
|poke|p1|Walking Wake, L50|
|poke|p1|Rillaboom, L50, F|
|poke|p1|Gholdengo, L50|
|poke|p2|Lunala, L50|
|poke|p2|Miraidon, L50|
|poke|p2|Urshifu-*, L50, F|
|poke|p2|Incineroar, L50, F|
|poke|p2|Whimsicott, L50, F|
|poke|p2|Ursaluna, L50, M|
|teampreview|4
|inactive|Battle timer is ON: inactive players will automatically lose when time's up. (requested by Novicebest)
|
|t:|1750874558
|start
|switch|p1a: Roaring Moon|Roaring Moon, L50|100/100
|switch|p1b: Groudon|Groudon, L50, shiny|100/100
|switch|p2a: Lunala|Lunala, L50|100/100
|switch|p2b: Miraidon|Miraidon, L50|100/100
|-fieldstart|move: Electric Terrain|[from] ability: Hadron Engine|[of] p2b: Miraidon
|-enditem|p2a: Lunala|Electric Seed
|-boost|p2a: Lunala|def|1|[from] item: Electric Seed
|-weather|SunnyDay|[from] ability: Drought|[of] p1b: Groudon
|-activate|p1a: Roaring Moon|ability: Protosynthesis
|-start|p1a: Roaring Moon|protosynthesisspe
|turn|1
|inactive|djd54 has 30 seconds left.
|
|t:|1750874589
|move|p1a: Roaring Moon|Tailwind|p1a: Roaring Moon
|-sidestart|p1: djd54|move: Tailwind
|move|p1b: Groudon|Precipice Blades|p2b: Miraidon|[spread] p2a,p2b
|-supereffective|p2b: Miraidon
|-damage|p2a: Lunala|87/100
|-damage|p2b: Miraidon|7/100
|move|p2b: Miraidon|Volt Switch|p1a: Roaring Moon
|-resisted|p1a: Roaring Moon
|-damage|p1a: Roaring Moon|69/100
|
|t:|1750874596
|switch|p2b: Incineroar|Incineroar, L50, F|100/100|[from] Volt Switch
|-ability|p2b: Incineroar|Intimidate|boost
|-unboost|p1a: Roaring Moon|atk|1
|-unboost|p1b: Groudon|atk|1
|move|p2a: Lunala|Trick Room|p2a: Lunala
|-fieldstart|move: Trick Room|[of] p2a: Lunala
|
|-weather|SunnyDay|[upkeep]
|upkeep
|turn|2
|
|t:|1750874608
|move|p2b: Incineroar|Will-O-Wisp|p1b: Groudon
|-status|p1b: Groudon|brn
|move|p2a: Lunala|Moonblast|p1a: Roaring Moon
|-supereffective|p1a: Roaring Moon
|-damage|p1a: Roaring Moon|0 fnt
|faint|p1a: Roaring Moon
|-end|p1a: Roaring Moon|Protosynthesis|[silent]
|move|p1b: Groudon|Precipice Blades|p2b: Incineroar|[spread] p2a,p2b
|-supereffective|p2b: Incineroar
|-damage|p2a: Lunala|79/100
|-damage|p2b: Incineroar|73/100
|
|-weather|SunnyDay|[upkeep]
|-damage|p1b: Groudon|94/100 brn|[from] brn
|upkeep
|
|t:|1750874625
|switch|p1a: Gholdengo|Gholdengo, L50|100/100
|turn|3
|
|t:|1750874646
|-terastallize|p1a: Gholdengo|Steel
|move|p2b: Incineroar|Knock Off|p1a: Gholdengo
|-damage|p1a: Gholdengo|56/100
|-enditem|p1a: Gholdengo|Choice Scarf|[from] move: Knock Off|[of] p2b: Incineroar
|move|p2a: Lunala|Moongeist Beam|p1a: Gholdengo
|-damage|p1a: Gholdengo|0 fnt
|faint|p1a: Gholdengo
|move|p1b: Groudon|Rock Slide|p2b: Incineroar|[spread] p2a
|-miss|p1b: Groudon|p2b: Incineroar
|-crit|p2a: Lunala
|-damage|p2a: Lunala|67/100
|
|-weather|SunnyDay|[upkeep]
|-damage|p1b: Groudon|88/100 brn|[from] brn
|upkeep
|
|t:|1750874662
|switch|p1a: Reshiram|Reshiram, L50, shiny|100/100
|-ability|p1a: Reshiram|Turboblaze
|turn|4
|
|t:|1750874673
|move|p2b: Incineroar|Knock Off|p1a: Reshiram
|-damage|p1a: Reshiram|67/100
|-enditem|p1a: Reshiram|Choice Specs|[from] move: Knock Off|[of] p2b: Incineroar
|move|p2a: Lunala|Moongeist Beam|p1a: Reshiram
|-damage|p1a: Reshiram|23/100
|move|p1b: Groudon|Precipice Blades|p2a: Lunala|[spread] p2a,p2b
|-supereffective|p2b: Incineroar
|-damage|p2a: Lunala|58/100
|-damage|p2b: Incineroar|46/100
|move|p1a: Reshiram|Heat Wave|p2a: Lunala|[spread] p2a,p2b
|-resisted|p2b: Incineroar
|-damage|p2a: Lunala|13/100
|-damage|p2b: Incineroar|12/100
|
|-weather|SunnyDay|[upkeep]
|-damage|p1b: Groudon|82/100 brn|[from] brn
|-sideend|p1: djd54|move: Tailwind
|upkeep
|turn|5
|
|t:|1750874694
|move|p2b: Incineroar|Parting Shot|p1a: Reshiram
|-unboost|p1a: Reshiram|atk|1
|-unboost|p1a: Reshiram|spa|1
|-message|djd54 forfeited.
|
|win|Novicebest
|raw|djd54's rating: 1442 &rarr; <strong>1432</strong><br />(-10 for losing)
|raw|Novicebest's rating: 1622 &rarr; <strong>1632</strong><br />(+10 for winning)
|l|☆djd54
|player|p1|
|l|☆Novicebest
|player|p2|
