|j|☆phupho
|j|☆mazelu01
|t:|1750859090
|gametype|doubles
|player|p1|phupho|supernerd|1277
|player|p2|mazelu01|volkner|1351
|teamsize|p1|6
|teamsize|p2|6
|gen|9
|tier|[Gen 9] VGC 2025 Reg I
|rated|
|rule|Species Clause: Limit one of each Pokémon
|rule|Item Clause: Limit 1 of each item
|clearpoke
|poke|p1|Calyrex-Ice, L50|
|poke|p1|Ho-Oh, L50|
|poke|p1|Rillaboom, L50, F|
|poke|p1|Overqwil, L50, F|
|poke|p1|Ogerpon-Wellspring, L50, F|
|poke|p1|Grimmsnarl, L50, M|
|poke|p2|Miraidon, L50|
|poke|p2|Lunala, L50|
|poke|p2|Whimsicott, L50, M|
|poke|p2|Incineroar, L50, M|
|poke|p2|Ogerpon-Hearthflame, L50, F|
|poke|p2|Urshifu-*, L50, F|
|teampreview|4
|inactive|Battle timer is ON: inactive players will automatically lose when time's up. (requested by phupho)
|
|t:|1750859119
|start
|switch|p1a: Grimmsnarl|Grimmsnarl, L50, M|100/100
|switch|p1b: Overqwil|Overqwil, L50, F|100/100
|switch|p2a: Incineroar|Incineroar, L50, M|100/100
|switch|p2b: Miraidon|Miraidon, L50|100/100
|-fieldstart|move: Electric Terrain|[from] ability: Hadron Engine|[of] p2b: Miraidon
|-ability|p1b: Overqwil|Intimidate|boost
|-unboost|p2a: Incineroar|atk|1
|-unboost|p2b: Miraidon|atk|1
|-ability|p2a: Incineroar|Intimidate|boost
|-unboost|p1a: Grimmsnarl|atk|1
|-unboost|p1b: Overqwil|atk|1
|turn|1
|
|t:|1750859139
|move|p1a: Grimmsnarl|Fake Out|p2b: Miraidon
|-damage|p2b: Miraidon|94/100
|move|p2a: Incineroar|Fake Out|p1b: Overqwil
|-damage|p1b: Overqwil|95/100
|cant|p2b: Miraidon|flinch
|cant|p1b: Overqwil|flinch
|
|-heal|p1b: Overqwil|100/100|[from] item: Black Sludge
|upkeep
|turn|2
|
|t:|1750859155
|move|p1a: Grimmsnarl|Light Screen|p1a: Grimmsnarl
|-sidestart|p1: phupho|move: Light Screen
|move|p2b: Miraidon|Dazzling Gleam|p1b: Overqwil|[spread] p1a,p1b
|-supereffective|p1a: Grimmsnarl
|-damage|p1a: Grimmsnarl|43/100
|-damage|p1b: Overqwil|58/100
|move|p1b: Overqwil|Toxic Spikes|p2a: Incineroar
|-sidestart|p2: mazelu01|move: Toxic Spikes
|move|p2a: Incineroar|Knock Off|p1a: Grimmsnarl
|-resisted|p1a: Grimmsnarl
|-damage|p1a: Grimmsnarl|37/100
|-enditem|p1a: Grimmsnarl|Light Clay|[from] move: Knock Off|[of] p2a: Incineroar
|
|-heal|p1b: Overqwil|65/100|[from] item: Black Sludge
|upkeep
|turn|3
|
|t:|1750859174
|move|p2b: Miraidon|Dazzling Gleam|p1a: Grimmsnarl|[spread] p1a,p1b
|-supereffective|p1a: Grimmsnarl
|-damage|p1a: Grimmsnarl|0 fnt
|-damage|p1b: Overqwil|26/100
|faint|p1a: Grimmsnarl
|move|p1b: Overqwil|Toxic Spikes|p2a: Incineroar
|-sidestart|p2: mazelu01|move: Toxic Spikes
|move|p2a: Incineroar|Knock Off|p1b: Overqwil
|-resisted|p1b: Overqwil
|-damage|p1b: Overqwil|18/100
|-enditem|p1b: Overqwil|Black Sludge|[from] move: Knock Off|[of] p2a: Incineroar
|
|upkeep
|
|t:|1750859183
|switch|p1a: Rillaboom|Rillaboom, L50, F|100/100
|-fieldstart|move: Grassy Terrain|[from] ability: Grassy Surge|[of] p1a: Rillaboom
|turn|4
|
|t:|1750859204
|switch|p2b: Lunala|Lunala, L50, shiny|100/100
|-status|p2b: Lunala|tox
|move|p1a: Rillaboom|Fake Out|p2b: Lunala
|-immune|p2b: Lunala
|move|p1b: Overqwil|Destiny Bond|p1b: Overqwil
|-singlemove|p1b: Overqwil|Destiny Bond
|move|p2a: Incineroar|Parting Shot|p1a: Rillaboom
|-unboost|p1a: Rillaboom|atk|1
|-unboost|p1a: Rillaboom|spa|1
|
|t:|1750859216
|switch|p2a: Miraidon|Miraidon, L50|94/100|[from] Parting Shot
|-status|p2a: Miraidon|tox
|-fieldstart|move: Electric Terrain|[from] ability: Hadron Engine|[of] p2a: Miraidon
|
|-damage|p2a: Miraidon|88/100 tox|[from] psn
|-damage|p2b: Lunala|94/100 tox|[from] psn
|upkeep
|turn|5
|
|t:|1750859240
|switch|p1a: Ogerpon|Ogerpon-Wellspring, L50, F|100/100
|move|p2a: Miraidon|Electro Drift|p1a: Ogerpon
|-damage|p1a: Ogerpon|0 fnt
|faint|p1a: Ogerpon
|move|p1b: Overqwil|Barb Barrage|p2a: Miraidon
|-crit|p2a: Miraidon
|-damage|p2a: Miraidon|23/100 tox
|move|p2b: Lunala|Moongeist Beam|p1b: Overqwil
|-resisted|p1b: Overqwil
|-damage|p1b: Overqwil|0 fnt
|faint|p1b: Overqwil
|
|-heal|p2b: Lunala|100/100 tox|[from] item: Leftovers
|-damage|p2a: Miraidon|11/100 tox|[from] psn
|-damage|p2b: Lunala|88/100 tox|[from] psn
|upkeep
|
|t:|1750859251
|switch|p1a: Rillaboom|Rillaboom, L50, F|100/100
|-fieldstart|move: Grassy Terrain|[from] ability: Grassy Surge|[of] p1a: Rillaboom
|turn|6
|
|t:|1750859271
|-terastallize|p2a: Miraidon|Electric
|move|p2a: Miraidon|Electro Drift|p1a: Rillaboom
|-resisted|p1a: Rillaboom
|-damage|p1a: Rillaboom|79/100
|move|p1a: Rillaboom|Knock Off|p2b: Lunala
|-supereffective|p2b: Lunala
|-damage|p2b: Lunala|0 fnt
|-enditem|p2b: Lunala|Leftovers|[from] move: Knock Off|[of] p1a: Rillaboom
|faint|p2b: Lunala
|
|-heal|p2a: Miraidon|17/100 tox|[from] Grassy Terrain
|-heal|p1a: Rillaboom|85/100|[from] Grassy Terrain
|-damage|p2a: Miraidon|0 fnt|[from] psn
|faint|p2a: Miraidon
|upkeep
|
|t:|1750859287
|switch|p2a: Ogerpon|Ogerpon-Hearthflame, L50, F|100/100
|switch|p2b: Incineroar|Incineroar, L50, M|100/100
|-status|p2a: Ogerpon|tox
|-ability|p2a: Ogerpon|Mold Breaker
|-status|p2b: Incineroar|tox
|-ability|p2b: Incineroar|Intimidate|boost
|-unboost|p1a: Rillaboom|atk|1
|turn|7
|
|t:|1750859301
|-terastallize|p1a: Rillaboom|Fire
|move|p2b: Incineroar|Fake Out|p1a: Rillaboom
|-damage|p1a: Rillaboom|75/100
|move|p2a: Ogerpon|Ivy Cudgel|p1a: Rillaboom|[anim] Ivy Cudgel Fire
|-resisted|p1a: Rillaboom
|-damage|p1a: Rillaboom|50/100
|cant|p1a: Rillaboom|flinch
|
|-heal|p1a: Rillaboom|56/100|[from] Grassy Terrain
|-damage|p2a: Ogerpon|95/100 tox|[from] psn
|-damage|p2b: Incineroar|95/100 tox|[from] psn
|upkeep
|turn|8
|
|t:|1750859318
|move|p2a: Ogerpon|Knock Off|p1a: Rillaboom
|-damage|p1a: Rillaboom|24/100
|-enditem|p1a: Rillaboom|Assault Vest|[from] move: Knock Off|[of] p2a: Ogerpon
|move|p1a: Rillaboom|Knock Off|p2a: Ogerpon
|-damage|p2a: Ogerpon|82/100 tox
|move|p2b: Incineroar|Parting Shot|p1a: Rillaboom
|-unboost|p1a: Rillaboom|atk|1
|-unboost|p1a: Rillaboom|spa|1
|
|-heal|p2a: Ogerpon|88/100 tox|[from] Grassy Terrain
|-heal|p1a: Rillaboom|29/100|[from] Grassy Terrain
|-heal|p2b: Incineroar|100/100 tox|[from] Grassy Terrain
|-damage|p2a: Ogerpon|76/100 tox|[from] psn
|-damage|p2b: Incineroar|89/100 tox|[from] psn
|upkeep
|turn|9
|
|t:|1750859334
|move|p1a: Rillaboom|Fake Out||[still]
|-hint|Fake Out only works on your first turn out.
|-fail|p1a: Rillaboom
|move|p2a: Ogerpon|Knock Off|p1a: Rillaboom
|-damage|p1a: Rillaboom|4/100
|move|p2b: Incineroar|Knock Off|p1a: Rillaboom
|-damage|p1a: Rillaboom|0 fnt
|faint|p1a: Rillaboom
|
|win|mazelu01
|raw|phupho's rating: 1277 &rarr; <strong>1257</strong><br />(-20 for losing)
|raw|mazelu01's rating: 1351 &rarr; <strong>1367</strong><br />(+16 for winning)
|l|☆phupho
|player|p1|
|l|☆mazelu01
|player|p2|
