|j|☆ToXavieR
|j|☆A_AstroFakemons
|t:|1750824022
|gametype|doubles
|player|p1|ToXavieR|will|1154
|player|p2|A_AstroFakemons|kieran-champion|1198
|teamsize|p1|6
|teamsize|p2|4
|gen|9
|tier|[Gen 9] VGC 2025 Reg I
|rated|
|rule|Species Clause: Limit one of each Pokémon
|rule|Item Clause: Limit 1 of each item
|clearpoke
|poke|p1|Calyrex-Ice, L50|
|poke|p1|Miraidon, L50|
|poke|p1|Grimmsnarl, L50, M|
|poke|p1|Urshifu-*, L50, F|
|poke|p1|Incineroar, L50, M|
|poke|p1|Landorus, L50, M|
|poke|p2|Terapagos, L50, M|
|poke|p2|Calyrex-Ice, L50|
|poke|p2|Hakamo-o, L50, M|
|poke|p2|Weezing-Galar, L50, M|
|teampreview|4
|inactive|Battle timer is ON: inactive players will automatically lose when time's up. (requested by A_AstroFakemons)
|inactive|ToXavieR has 60 seconds left.
|
|t:|1750824054
|start
|switch|p1a: Incineroar|Incineroar, L50, M|100/100
|switch|p1b: Grimmsnarl|Grimmsnarl, L50, M|100/100
|switch|p2a: Rex and Valguero|Calyrex-Ice, L50|100/100
|switch|p2b: Smoker and Gus|Weezing-Galar, L50, M, shiny|100/100
|-ability|p2a: Rex and Valguero|As One
|-ability|p2a: Rex and Valguero|Unnerve
|-ability|p1a: Incineroar|Intimidate|boost
|-fail|p2a: Rex and Valguero|unboost|[from] item: Clear Amulet|[of] p2a: Rex and Valguero
|-unboost|p2b: Smoker and Gus|atk|1
|-fieldstart|move: Misty Terrain|[from] ability: Misty Surge|[of] p2b: Smoker and Gus
|turn|1
|inactive|ToXavieR has 30 seconds left.
|inactive|A_AstroFakemons has 30 seconds left.
|inactive|A_AstroFakemons has 20 seconds left.
|inactive|A_AstroFakemons has 15 seconds left.
|inactive|A_AstroFakemons has 10 seconds left.
|
|t:|1750824104
|move|p2b: Smoker and Gus|Protect|p2b: Smoker and Gus
|-singleturn|p2b: Smoker and Gus|Protect
|move|p1a: Incineroar|Fake Out|p2a: Rex and Valguero
|-damage|p2a: Rex and Valguero|94/100
|move|p1b: Grimmsnarl|Reflect|p1b: Grimmsnarl
|-sidestart|p1: ToXavieR|Reflect
|cant|p2a: Rex and Valguero|flinch
|
|upkeep
|turn|2
|
|t:|1750824128
|move|p1b: Grimmsnarl|Thunder Wave|p2b: Smoker and Gus
|-activate|p2b: Smoker and Gus|move: Misty Terrain
|move|p1a: Incineroar|Flare Blitz|p2a: Rex and Valguero
|-supereffective|p2a: Rex and Valguero
|-damage|p2a: Rex and Valguero|39/100
|-damage|p1a: Incineroar|81/100|[from] Recoil
|move|p2b: Smoker and Gus|Strange Steam|p1a: Incineroar
|-damage|p1a: Incineroar|62/100
|move|p2a: Rex and Valguero|High Horsepower|p1a: Incineroar
|-supereffective|p1a: Incineroar
|-damage|p1a: Incineroar|12/100
|
|upkeep
|turn|3
|inactive|ToXavieR has 30 seconds left.
|inactive|A_AstroFakemons has 30 seconds left.
|
|t:|1750824162
|switch|p1b: Landorus|Landorus, L50, M|100/100
|switch|p2b: Kid Sensei|Hakamo-o, L50, M|100/100
|-terastallize|p2a: Rex and Valguero|Fire
|move|p1a: Incineroar|U-turn|p2a: Rex and Valguero
|-resisted|p2a: Rex and Valguero
|-damage|p2a: Rex and Valguero|34/100
|
|t:|1750824178
|switch|p1a: Grimmsnarl|Grimmsnarl, L50, M|100/100|[from] U-turn
|move|p2a: Rex and Valguero|Trick Room|p2a: Rex and Valguero
|-fieldstart|move: Trick Room|[of] p2a: Rex and Valguero
|
|upkeep
|turn|4
|
|t:|1750824198
|move|p2a: Rex and Valguero|Protect|p2a: Rex and Valguero
|-singleturn|p2a: Rex and Valguero|Protect
|move|p1a: Grimmsnarl|Light Screen|p1a: Grimmsnarl
|-sidestart|p1: ToXavieR|move: Light Screen
|move|p2b: Kid Sensei|Coaching|p2a: Rex and Valguero
|-boost|p2a: Rex and Valguero|atk|1
|-boost|p2a: Rex and Valguero|def|1
|move|p1b: Landorus|Earth Power|p2a: Rex and Valguero
|-activate|p2a: Rex and Valguero|move: Protect
|
|upkeep
|turn|5
|inactive|A_AstroFakemons has 30 seconds left.
|
|t:|1750824231
|switch|p1a: Incineroar|Incineroar, L50, M|12/100
|-ability|p1a: Incineroar|Intimidate|boost
|-fail|p2a: Rex and Valguero|unboost|[from] item: Clear Amulet|[of] p2a: Rex and Valguero
|-unboost|p2b: Kid Sensei|atk|1
|move|p1b: Landorus|Protect|p1b: Landorus
|-singleturn|p1b: Landorus|Protect
|move|p2a: Rex and Valguero|Glacial Lance|p1a: Incineroar|[spread] p1a
|-activate|p1b: Landorus|move: Protect
|-resisted|p1a: Incineroar
|-damage|p1a: Incineroar|0 fnt
|faint|p1a: Incineroar
|-ability|p2a: Rex and Valguero|Chilling Neigh|boost
|-boost|p2a: Rex and Valguero|atk|1
|move|p2b: Kid Sensei|Breaking Swipe|p1b: Landorus
|-activate|p1b: Landorus|move: Protect
|
|-fieldend|Misty Terrain
|upkeep
|
|t:|1750824247
|switch|p1a: Calyrex|Calyrex-Ice, L50|100/100
|-ability|p1a: Calyrex|As One
|-ability|p1a: Calyrex|Unnerve
|turn|6
|
|t:|1750824268
|-terastallize|p1a: Calyrex|Water
|move|p2a: Rex and Valguero|Glacial Lance|p1b: Landorus|[spread] p1a,p1b
|-resisted|p1a: Calyrex
|-crit|p1a: Calyrex
|-supereffective|p1b: Landorus
|-damage|p1a: Calyrex|49/100
|-damage|p1b: Landorus|0 fnt
|faint|p1b: Landorus
|-ability|p2a: Rex and Valguero|Chilling Neigh|boost
|-boost|p2a: Rex and Valguero|atk|1
|move|p1a: Calyrex|Glacial Lance|p2a: Rex and Valguero|[spread] p2a,p2b
|-resisted|p2a: Rex and Valguero
|-supereffective|p2b: Kid Sensei
|-damage|p2a: Rex and Valguero|22/100
|-damage|p2b: Kid Sensei|17/100
|move|p2b: Kid Sensei|Coaching|p2a: Rex and Valguero
|-boost|p2a: Rex and Valguero|atk|1
|-boost|p2a: Rex and Valguero|def|1
|
|-heal|p1a: Calyrex|55/100|[from] item: Leftovers
|upkeep
|
|t:|1750824283
|switch|p1b: Grimmsnarl|Grimmsnarl, L50, M|100/100
|turn|7
|
|t:|1750824303
|move|p2a: Rex and Valguero|Protect|p2a: Rex and Valguero
|-singleturn|p2a: Rex and Valguero|Protect
|move|p2b: Kid Sensei|Upper Hand||[still]
|-fail|p2b: Kid Sensei
|move|p1b: Grimmsnarl|Thunder Wave|p2a: Rex and Valguero
|-activate|p2a: Rex and Valguero|move: Protect
|move|p1a: Calyrex|Glacial Lance|p2b: Kid Sensei|[spread] p2b
|-activate|p2a: Rex and Valguero|move: Protect
|-supereffective|p2b: Kid Sensei
|-damage|p2b: Kid Sensei|0 fnt
|faint|p2b: Kid Sensei
|-ability|p1a: Calyrex|Chilling Neigh|boost
|-boost|p1a: Calyrex|atk|1
|
|-heal|p1a: Calyrex|61/100|[from] item: Leftovers
|-fieldend|move: Trick Room
|upkeep
|
|t:|1750824320
|switch|p2b: Smoker and Gus|Weezing-Galar, L50, M, shiny|100/100
|-fieldstart|move: Misty Terrain|[from] ability: Misty Surge|[of] p2b: Smoker and Gus
|turn|8
|
|t:|1750824341
|move|p1b: Grimmsnarl|Thunder Wave|p2a: Rex and Valguero
|-activate|p2a: Rex and Valguero|move: Misty Terrain
|move|p2b: Smoker and Gus|Acid Spray|p1a: Calyrex
|-damage|p1a: Calyrex|56/100
|-unboost|p1a: Calyrex|spd|2
|move|p1a: Calyrex|Glacial Lance|p2b: Smoker and Gus|[spread] p2a,p2b
|-resisted|p2a: Rex and Valguero
|-damage|p2a: Rex and Valguero|9/100
|-damage|p2b: Smoker and Gus|29/100
|move|p2a: Rex and Valguero|Glacial Lance|p1a: Calyrex|[spread] p1a,p1b
|-resisted|p1a: Calyrex
|-damage|p1a: Calyrex|21/100
|-damage|p1b: Grimmsnarl|0 fnt
|faint|p1b: Grimmsnarl
|-ability|p2a: Rex and Valguero|Chilling Neigh|boost
|-boost|p2a: Rex and Valguero|atk|1
|
|-heal|p1a: Calyrex|27/100|[from] item: Leftovers
|-sideend|p1: ToXavieR|Reflect
|upkeep
|turn|9
|inactive|A_AstroFakemons has 30 seconds left.
|
|t:|1750824368
|move|p2b: Smoker and Gus|Protect|p2b: Smoker and Gus
|-singleturn|p2b: Smoker and Gus|Protect
|move|p1a: Calyrex|Glacial Lance|p2a: Rex and Valguero|[spread] p2a
|-activate|p2b: Smoker and Gus|move: Protect
|-resisted|p2a: Rex and Valguero
|-damage|p2a: Rex and Valguero|0 fnt
|faint|p2a: Rex and Valguero
|-ability|p1a: Calyrex|Chilling Neigh|boost
|-boost|p1a: Calyrex|atk|1
|
|-heal|p1a: Calyrex|33/100|[from] item: Leftovers
|upkeep
|
|t:|1750824379
|switch|p2a: Paldea|Terapagos, L50, M|100/100
|-activate|p2a: Paldea|ability: Tera Shift
|detailschange|p2a: Paldea|Terapagos-Terastal, L50, M
|-heal|p2a: Paldea|100/100|[silent]
|turn|10
|
|t:|1750824394
|move|p2a: Paldea|Tera Starstorm|p1a: Calyrex
|-damage|p1a: Calyrex|0 fnt
|faint|p1a: Calyrex
|
|win|A_AstroFakemons
|raw|ToXavieR's rating: 1154 &rarr; <strong>1132</strong><br />(-22 for losing)
|raw|A_AstroFakemons's rating: 1198 &rarr; <strong>1220</strong><br />(+22 for winning)
|l|☆A_AstroFakemons
|player|p2|
|l|☆ToXavieR
|player|p1|
