|j|☆dustyelbows
|j|☆limsayjeong11
|t:|1750725613
|gametype|doubles
|player|p1|dustyelbows|swimmer-gen4dp|1134
|player|p2|limsayjeong11|102|1033
|teamsize|p1|6
|teamsize|p2|6
|gen|9
|tier|[Gen 9] VGC 2025 Reg I
|rated|
|rule|Species Clause: Limit one of each Pokémon
|rule|Item Clause: Limit 1 of each item
|clearpoke
|poke|p1|Zacian-*, L50|
|poke|p1|Kyogre, L50|
|poke|p1|Urshifu-*, L50, F|
|poke|p1|Amoonguss, L50, F|
|poke|p1|Roaring Moon, L50|
|poke|p1|Iron Hands, L50|
|poke|p2|Regidrago, L50|
|poke|p2|Incineroar, L50, F|
|poke|p2|Gholdengo, L50|
|poke|p2|Miraidon, L50|
|poke|p2|Maushold-Four, L50|
|poke|p2|Koraidon, L50|
|teampreview|4
|
|t:|1750725654
|start
|switch|p1a: Iron Hands|Iron Hands, L50|100/100
|switch|p1b: Roaring Moon|Roaring Moon, L50|100/100
|switch|p2a: Miraidon|Miraidon, L50|100/100
|switch|p2b: Koraidon|Koraidon, L50|100/100
|-weather|SunnyDay|[from] ability: Orichalcum Pulse|[of] p2b: Koraidon
|-activate|p1b: Roaring Moon|ability: Protosynthesis
|-start|p1b: Roaring Moon|protosynthesisspe
|-activate|p2b: Koraidon|Orichalcum Pulse|[source]
|-fieldstart|move: Electric Terrain|[from] ability: Hadron Engine|[of] p2a: Miraidon
|-activate|p1a: Iron Hands|ability: Quark Drive
|-start|p1a: Iron Hands|quarkdriveatk
|turn|1
|
|t:|1750725685
|move|p1a: Iron Hands|Fake Out|p2a: Miraidon
|-damage|p2a: Miraidon|80/100
|move|p1b: Roaring Moon|Tailwind|p1b: Roaring Moon
|-sidestart|p1: dustyelbows|move: Tailwind
|cant|p2a: Miraidon|flinch
|move|p2b: Koraidon|Close Combat|p1a: Iron Hands
|-crit|p1a: Iron Hands
|-damage|p1a: Iron Hands|13/100
|-unboost|p2b: Koraidon|def|1
|-unboost|p2b: Koraidon|spd|1
|
|-weather|SunnyDay|[upkeep]
|upkeep
|turn|2
|
|t:|1750725705
|move|p1b: Roaring Moon|Knock Off|p2a: Miraidon
|-damage|p2a: Miraidon|24/100
|-enditem|p2a: Miraidon|Assault Vest|[from] move: Knock Off|[of] p1b: Roaring Moon
|move|p2a: Miraidon|Dazzling Gleam|p1b: Roaring Moon|[spread] p1a,p1b
|-supereffective|p1a: Iron Hands
|-supereffective|p1b: Roaring Moon
|-damage|p1a: Iron Hands|0 fnt
|-damage|p1b: Roaring Moon|0 fnt
|faint|p1a: Iron Hands
|-end|p1a: Iron Hands|Quark Drive|[silent]
|faint|p1b: Roaring Moon
|-end|p1b: Roaring Moon|Protosynthesis|[silent]
|move|p2b: Koraidon|Close Combat|p1: Iron Hands|[notarget]
|-fail|p2b: Koraidon
|
|-weather|SunnyDay|[upkeep]
|upkeep
|
|t:|1750725716
|switch|p1b: Urshifu|Urshifu, L50, F|100/100
|switch|p1a: Zacian|Zacian-Crowned, L50|100/100
|-ability|p1a: Zacian|Intrepid Sword|boost
|-boost|p1a: Zacian|atk|1
|turn|3
|
|t:|1750725730
|-terastallize|p1a: Zacian|Fairy
|move|p1b: Urshifu|Sucker Punch|p2a: Miraidon
|-damage|p2a: Miraidon|0 fnt
|faint|p2a: Miraidon
|move|p1a: Zacian|Play Rough|p2b: Koraidon
|-supereffective|p2b: Koraidon
|-damage|p2b: Koraidon|0 fnt
|faint|p2b: Koraidon
|
|-weather|SunnyDay|[upkeep]
|upkeep
|
|t:|1750725738
|switch|p2a: Regidrago|Regidrago, L50|100/100
|switch|p2b: Maushold|Maushold-Four, L50|100/100
|turn|4
|
|t:|1750725763
|move|p2a: Regidrago|Protect|p2a: Regidrago
|-singleturn|p2a: Regidrago|Protect
|move|p1a: Zacian|Play Rough|p2a: Regidrago
|-activate|p2a: Regidrago|move: Protect
|move|p1b: Urshifu|Close Combat|p2b: Maushold
|-supereffective|p2b: Maushold
|-damage|p2b: Maushold|0 fnt
|-unboost|p1b: Urshifu|def|1
|-unboost|p1b: Urshifu|spd|1
|faint|p2b: Maushold
|
|-weather|SunnyDay|[upkeep]
|-sideend|p1: dustyelbows|move: Tailwind
|upkeep
|turn|5
|-message|limsayjeong11 forfeited.
|
|win|dustyelbows
|raw|dustyelbows's rating: 1134 &rarr; <strong>1152</strong><br />(+18 for winning)
|raw|limsayjeong11's rating: 1033 &rarr; <strong>1022</strong><br />(-11 for losing)
|l|☆limsayjeong11
|player|p2|
