|j|☆jatpark
|j|☆Miurez
|t:|1750742860
|gametype|doubles
|player|p1|jatpark|170|1345
|player|p2|Miurez|pokemonranger-gen4|1389
|teamsize|p1|6
|teamsize|p2|6
|gen|9
|tier|[Gen 9] VGC 2025 Reg I
|rated|
|rule|Species Clause: Limit one of each Pokémon
|rule|Item Clause: Limit 1 of each item
|clearpoke
|poke|p1|Stonjourner, L50, F|
|poke|p1|Whimsicott, L50, F|
|poke|p1|Indeedee-F, L50, F|
|poke|p1|Calyrex-Shadow, L50|
|poke|p1|Groudon, L50|
|poke|p1|Pincurchin, L50, F|
|poke|p2|Koraidon, L50|
|poke|p2|Lunala, L50|
|poke|p2|Indeedee-F, L50, F|
|poke|p2|Flutter Mane, L50|
|poke|p2|Incineroar, L50, F|
|poke|p2|Rhydon, L50, M|
|teampreview|4
|
|t:|1750742931
|start
|switch|p1a: Calyrex|Calyrex-Shadow, L50|100/100
|switch|p1b: Whimsicott|Whimsicott, L50, F|100/100
|switch|p2a: Lunala|Lunala, L50|100/100
|switch|p2b: Indeedee|Indeedee-F, L50, F|100/100
|-ability|p1a: Calyrex|As One
|-ability|p1a: Calyrex|Unnerve
|-fieldstart|move: Psychic Terrain|[from] ability: Psychic Surge|[of] p2b: Indeedee
|-enditem|p2b: Indeedee|Psychic Seed
|-boost|p2b: Indeedee|spd|1|[from] item: Psychic Seed
|turn|1
|
|t:|1750742969
|-terastallize|p1b: Whimsicott|Dark
|-terastallize|p2a: Lunala|Fairy
|move|p1b: Whimsicott|Tailwind|p1b: Whimsicott
|-sidestart|p1: jatpark|move: Tailwind
|move|p1a: Calyrex|Expanding Force|p2b: Indeedee|[spread] p2a,p2b
|-resisted|p2b: Indeedee
|-damage|p2a: Lunala|60/100
|-damage|p2b: Indeedee|68/100
|move|p2a: Lunala|Expanding Force|p1a: Calyrex|[spread] p1a
|-immune|p1b: Whimsicott
|-resisted|p1a: Calyrex
|-damage|p1a: Calyrex|64/100
|move|p2b: Indeedee|Trick Room|p2b: Indeedee
|-fieldstart|move: Trick Room|[of] p2b: Indeedee
|
|upkeep
|turn|2
|
|t:|1750743025
|move|p1b: Whimsicott|Taunt|p2b: Indeedee
|-activate|p2b: Indeedee|move: Psychic Terrain
|move|p2b: Indeedee|Dazzling Gleam|p1a: Calyrex|[spread] p1a,p1b
|-supereffective|p1b: Whimsicott
|-damage|p1a: Calyrex|49/100
|-damage|p1b: Whimsicott|64/100
|move|p2a: Lunala|Meteor Beam||[still]
|-prepare|p2a: Lunala|Meteor Beam
|-boost|p2a: Lunala|spa|1
|-enditem|p2a: Lunala|Power Herb
|-anim|p2a: Lunala|Meteor Beam|p1a: Calyrex
|-damage|p1a: Calyrex|0 fnt
|faint|p1a: Calyrex
|
|upkeep
|
|t:|1750743034
|switch|p1a: Stonjourner|Stonjourner, L50, F|100/100
|turn|3
|
|t:|1750743044
|move|p1a: Stonjourner|Protect|p1a: Stonjourner
|-singleturn|p1a: Stonjourner|Protect
|move|p2b: Indeedee|Dazzling Gleam|p1b: Whimsicott|[spread] p1b
|-activate|p1a: Stonjourner|move: Protect
|-supereffective|p1b: Whimsicott
|-damage|p1b: Whimsicott|23/100
|move|p2a: Lunala|Expanding Force|p1b: Whimsicott|[spread] 
|-activate|p1a: Stonjourner|move: Protect
|-immune|p1b: Whimsicott
|move|p1b: Whimsicott|Grass Knot|p2a: Lunala
|-damage|p2a: Lunala|30/100
|
|upkeep
|turn|4
|
|t:|1750743053
|move|p1a: Stonjourner|Wide Guard|p1a: Stonjourner
|-singleturn|p1a: Stonjourner|Wide Guard
|move|p2b: Indeedee|Dazzling Gleam|p1b: Whimsicott|[spread] 
|-activate|p1a: Stonjourner|move: Wide Guard
|-activate|p1b: Whimsicott|move: Wide Guard
|move|p2a: Lunala|Expanding Force|p1a: Stonjourner|[spread] 
|-activate|p1a: Stonjourner|move: Wide Guard
|-activate|p1b: Whimsicott|move: Wide Guard
|move|p1b: Whimsicott|Grass Knot|p2a: Lunala
|-damage|p2a: Lunala|2/100
|
|-sideend|p1: jatpark|move: Tailwind
|upkeep
|turn|5
|
|t:|1750743063
|move|p1a: Stonjourner|Wide Guard|p1a: Stonjourner
|-singleturn|p1a: Stonjourner|Wide Guard
|move|p2b: Indeedee|Dazzling Gleam|p1b: Whimsicott|[spread] 
|-activate|p1a: Stonjourner|move: Wide Guard
|-activate|p1b: Whimsicott|move: Wide Guard
|move|p2a: Lunala|Moongeist Beam|p1a: Stonjourner
|-damage|p1a: Stonjourner|0 fnt
|faint|p1a: Stonjourner
|move|p1b: Whimsicott|Moonblast|p2a: Lunala
|-damage|p2a: Lunala|0 fnt
|faint|p2a: Lunala
|
|-fieldend|move: Trick Room
|-fieldend|move: Psychic Terrain
|upkeep
|
|t:|1750743078
|switch|p2a: Incineroar|Incineroar, L50, F|100/100
|switch|p1a: Groudon|Groudon, L50|100/100
|-weather|SunnyDay|[from] ability: Drought|[of] p1a: Groudon
|-ability|p2a: Incineroar|Intimidate|boost
|-unboost|p1a: Groudon|atk|1
|-unboost|p1b: Whimsicott|atk|1
|turn|6
|
|t:|1750743118
|move|p2a: Incineroar|Fake Out|p1a: Groudon
|-damage|p1a: Groudon|92/100
|move|p1b: Whimsicott|Taunt|p2b: Indeedee
|-start|p2b: Indeedee|move: Taunt
|cant|p1a: Groudon|flinch
|move|p2b: Indeedee|Dazzling Gleam|p1b: Whimsicott|[spread] p1a,p1b
|-supereffective|p1b: Whimsicott
|-damage|p1a: Groudon|77/100
|-damage|p1b: Whimsicott|0 fnt
|faint|p1b: Whimsicott
|
|-weather|SunnyDay|[upkeep]
|upkeep
|turn|7
|
|t:|1750743132
|move|p1a: Groudon|Precipice Blades|p2a: Incineroar|[spread] p2b
|-miss|p1a: Groudon|p2a: Incineroar
|-damage|p2b: Indeedee|25/100
|-damage|p1a: Groudon|67/100|[from] item: Life Orb
|move|p2b: Indeedee|Dazzling Gleam|p1a: Groudon
|-damage|p1a: Groudon|46/100
|move|p2a: Incineroar|Flare Blitz|p1a: Groudon
|-damage|p1a: Groudon|0 fnt
|faint|p1a: Groudon
|-damage|p2a: Incineroar|87/100|[from] Recoil
|
|win|Miurez
|raw|jatpark's rating: 1345 &rarr; <strong>1328</strong><br />(-17 for losing)
|raw|Miurez's rating: 1389 &rarr; <strong>1406</strong><br />(+17 for winning)
|l|☆jatpark
|player|p1|
|l|☆Miurez
|player|p2|
