|j|☆Capsubaru
|j|☆Proto7716
|t:|1750723296
|gametype|doubles
|player|p1|Capsubaru|colress|1177
|player|p2|Proto7716|swimmerf-gen4dp|1142
|teamsize|p1|6
|teamsize|p2|6
|gen|9
|tier|[Gen 9] VGC 2025 Reg I
|rated|
|rule|Species Clause: Limit one of each Pokémon
|rule|Item Clause: Limit 1 of each item
|clearpoke
|poke|p1|Koraidon, L50|
|poke|p1|Scovillain, L50, F|
|poke|p1|Flutter Mane, L50|
|poke|p1|Miraidon, L50|
|poke|p1|Grimmsnarl, L50, M|
|poke|p1|Clefairy, L50, F|
|poke|p2|Amoonguss, L50, F|
|poke|p2|Incineroar, L50, F|
|poke|p2|Chien-Pao, L50|
|poke|p2|Zamazenta-*, L50|
|poke|p2|Milotic, L50, F|
|poke|p2|Calyrex-Ice, L50|
|teampreview|4
|inactive|Battle timer is ON: inactive players will automatically lose when time's up. (requested by Capsubaru)
|c|☆Capsubaru|Glhf
|inactive|Proto7716 has 60 seconds left.
|
|t:|1750723334
|start
|switch|p1a: Miraidon|Miraidon, L50|100/100
|switch|p1b: Grimmsnarl|Grimmsnarl, L50, M|100/100
|switch|p2a: Milotic|Milotic, L50, F|100/100
|switch|p2b: Incineroar|Incineroar, L50, F|100/100
|-fieldstart|move: Electric Terrain|[from] ability: Hadron Engine|[of] p1a: Miraidon
|-ability|p2b: Incineroar|Intimidate|boost
|-unboost|p1a: Miraidon|atk|1
|-unboost|p1b: Grimmsnarl|atk|1
|turn|1
|
|t:|1750723351
|move|p2b: Incineroar|Fake Out|p1a: Miraidon
|-damage|p1a: Miraidon|90/100
|move|p1b: Grimmsnarl|Light Screen|p1b: Grimmsnarl
|-sidestart|p1: Capsubaru|move: Light Screen
|cant|p1a: Miraidon|flinch
|move|p2a: Milotic|Muddy Water|p1b: Grimmsnarl|[spread] p1b
|-miss|p2a: Milotic|p1a: Miraidon
|-damage|p1b: Grimmsnarl|83/100
|
|upkeep
|turn|2
|
|t:|1750723375
|-terastallize|p2a: Milotic|Ground
|move|p1b: Grimmsnarl|Reflect|p1b: Grimmsnarl
|-sidestart|p1: Capsubaru|Reflect
|move|p1a: Miraidon|Electro Drift|p2a: Milotic
|-immune|p2a: Milotic
|move|p2b: Incineroar|Knock Off|p1a: Miraidon
|-damage|p1a: Miraidon|65/100
|-enditem|p1a: Miraidon|Assault Vest|[from] move: Knock Off|[of] p2b: Incineroar
|move|p2a: Milotic|Muddy Water|p1a: Miraidon|[spread] p1a,p1b
|-resisted|p1a: Miraidon
|-damage|p1a: Miraidon|56/100
|-damage|p1b: Grimmsnarl|67/100
|
|upkeep
|turn|3
|inactive|Capsubaru has 30 seconds left.
|
|t:|1750723402
|switch|p1b: Clefairy|Clefairy, L50, F|100/100
|move|p1a: Miraidon|Volt Switch|p2b: Incineroar
|-damage|p2b: Incineroar|36/100
|
|t:|1750723410
|switch|p1a: Koraidon|Koraidon, L50|100/100|[from] Volt Switch
|-weather|SunnyDay|[from] ability: Orichalcum Pulse|[of] p1a: Koraidon
|-activate|p1a: Koraidon|Orichalcum Pulse|[source]
|move|p2b: Incineroar|Parting Shot|p1a: Koraidon
|-fail|p1a: Koraidon|unboost|[from] item: Clear Amulet|[of] p1a: Koraidon
|move|p2a: Milotic|Icy Wind|p1b: Clefairy|[spread] p1a,p1b
|-supereffective|p1a: Koraidon
|-damage|p1a: Koraidon|90/100
|-damage|p1b: Clefairy|95/100
|-unboost|p1b: Clefairy|spe|1
|
|-weather|SunnyDay|[upkeep]
|upkeep
|turn|4
|inactive|Capsubaru has 30 seconds left.
|
|t:|1750723435
|-terastallize|p1a: Koraidon|Fire
|move|p1a: Koraidon|Flare Blitz|p2a: Milotic
|-damage|p2a: Milotic|0 fnt
|faint|p2a: Milotic
|-damage|p1a: Koraidon|52/100|[from] Recoil
|move|p2b: Incineroar|Knock Off|p1a: Koraidon
|-damage|p1a: Koraidon|34/100
|-enditem|p1a: Koraidon|Clear Amulet|[from] move: Knock Off|[of] p2b: Incineroar
|move|p1b: Clefairy|Life Dew|p1b: Clefairy|[spread] p1a,p1b
|-heal|p1a: Koraidon|59/100
|-heal|p1b: Clefairy|100/100
|
|-weather|SunnyDay|[upkeep]
|upkeep
|
|t:|1750723455
|switch|p2a: Calyrex|Calyrex-Ice, L50|100/100
|-ability|p2a: Calyrex|As One
|-ability|p2a: Calyrex|Unnerve
|turn|5
|
|t:|1750723474
|move|p2a: Calyrex|Protect|p2a: Calyrex
|-singleturn|p2a: Calyrex|Protect
|move|p1a: Koraidon|Close Combat|p2a: Calyrex
|-activate|p2a: Calyrex|move: Protect
|move|p2b: Incineroar|Parting Shot|p1a: Koraidon
|-unboost|p1a: Koraidon|atk|1
|-unboost|p1a: Koraidon|spa|1
|
|t:|1750723483
|switch|p2b: Zamazenta|Zamazenta-Crowned, L50|100/100|[from] Parting Shot
|-ability|p2b: Zamazenta|Dauntless Shield|boost
|-boost|p2b: Zamazenta|def|1
|move|p1b: Clefairy|Life Dew||[still]|[spread] p1a,p1b
|-heal|p1a: Koraidon|84/100
|-fail|p1b: Clefairy|heal
|
|-weather|SunnyDay|[upkeep]
|-fieldend|move: Electric Terrain
|upkeep
|turn|6
|
|t:|1750723497
|switch|p2a: Incineroar|Incineroar, L50, F|36/100
|-ability|p2a: Incineroar|Intimidate|boost
|-unboost|p1a: Koraidon|atk|1
|-unboost|p1b: Clefairy|atk|1
|move|p1a: Koraidon|Flare Blitz|p2a: Incineroar
|-resisted|p2a: Incineroar
|-damage|p2a: Incineroar|2/100
|-damage|p1a: Koraidon|71/100|[from] Recoil
|move|p2b: Zamazenta|Behemoth Bash|p1b: Clefairy
|-supereffective|p1b: Clefairy
|-damage|p1b: Clefairy|51/100
|move|p1b: Clefairy|Knock Off|p2a: Incineroar
|-resisted|p2a: Incineroar
|-damage|p2a: Incineroar|0 fnt
|-enditem|p2a: Incineroar|Safety Goggles|[from] move: Knock Off|[of] p1b: Clefairy
|faint|p2a: Incineroar
|
|-weather|SunnyDay|[upkeep]
|upkeep
|
|t:|1750723516
|switch|p2a: Calyrex|Calyrex-Ice, L50|100/100
|-ability|p2a: Calyrex|As One
|-ability|p2a: Calyrex|Unnerve
|turn|7
|
|t:|1750723534
|move|p2a: Calyrex|Protect|p2a: Calyrex
|-singleturn|p2a: Calyrex|Protect
|move|p1a: Koraidon|U-turn|p2b: Zamazenta
|-resisted|p2b: Zamazenta
|-damage|p2b: Zamazenta|99/100
|
|t:|1750723540
|switch|p1a: Grimmsnarl|Grimmsnarl, L50, M|67/100|[from] U-turn
|move|p2b: Zamazenta|Body Press|p1b: Clefairy
|-resisted|p1b: Clefairy
|-damage|p1b: Clefairy|33/100
|move|p1b: Clefairy|Life Dew|p1b: Clefairy|[spread] p1a,p1b
|-heal|p1a: Grimmsnarl|92/100
|-heal|p1b: Clefairy|58/100
|
|-weather|none
|upkeep
|turn|8
|
|t:|1750723554
|move|p2b: Zamazenta|Behemoth Bash|p1b: Clefairy
|-supereffective|p1b: Clefairy
|-damage|p1b: Clefairy|6/100
|move|p1a: Grimmsnarl|Foul Play|p2a: Calyrex
|-supereffective|p2a: Calyrex
|-damage|p2a: Calyrex|37/100
|move|p2a: Calyrex|Glacial Lance|p1b: Clefairy|[spread] p1a,p1b
|-damage|p1a: Grimmsnarl|69/100
|-damage|p1b: Clefairy|0 fnt
|faint|p1b: Clefairy
|-ability|p2a: Calyrex|Chilling Neigh|boost
|-boost|p2a: Calyrex|atk|1
|
|-sideend|p1: Capsubaru|move: Light Screen
|upkeep
|
|t:|1750723576
|switch|p1b: Koraidon|Koraidon, L50, tera:Fire|71/100
|-weather|SunnyDay|[from] ability: Orichalcum Pulse|[of] p1b: Koraidon
|-activate|p1b: Koraidon|Orichalcum Pulse|[source]
|turn|9
|
|t:|1750723595
|move|p1b: Koraidon|Flare Blitz|p2b: Zamazenta
|-supereffective|p2b: Zamazenta
|-damage|p2b: Zamazenta|0 fnt
|faint|p2b: Zamazenta
|-damage|p1b: Koraidon|34/100|[from] Recoil
|move|p1a: Grimmsnarl|Foul Play|p2a: Calyrex
|-supereffective|p2a: Calyrex
|-damage|p2a: Calyrex|0 fnt
|faint|p2a: Calyrex
|
|win|Capsubaru
|raw|Capsubaru's rating: 1177 &rarr; <strong>1199</strong><br />(+22 for winning)
|raw|Proto7716's rating: 1142 &rarr; <strong>1120</strong><br />(-22 for losing)
|c|☆Capsubaru|Ggwp
|l|☆Proto7716
|player|p2|
|l|☆Capsubaru
|player|p1|
|j|☆Capsubaru
|player|p1|Capsubaru|colress|
