|j|☆beastkiller3
|j|☆fntzz
|t:|1750862508
|gametype|doubles
|player|p1|beastkiller3|miku-ground|1183
|player|p2|fntzz|clown|1223
|teamsize|p1|6
|teamsize|p2|6
|gen|9
|tier|[Gen 9] VGC 2025 Reg I
|rated|
|rule|Species Clause: Limit one of each Pokémon
|rule|Item Clause: Limit 1 of each item
|clearpoke
|poke|p1|Iron Hands, L50|
|poke|p1|Miraidon, L50|
|poke|p1|Ogerpon-Cornerstone, L50, F|
|poke|p1|Ho-Oh, L50|
|poke|p1|Grimmsnarl, L50, M|
|poke|p1|Iron Boulder, L50|
|poke|p2|Koraidon, L50|
|poke|p2|Zamazenta-*, L50|
|poke|p2|Chi-Yu, L50|
|poke|p2|Whimsicott, L50, M|
|poke|p2|Raging Bolt, L50|
|poke|p2|Weezing-Galar, L50, M|
|teampreview|4
beastkiller3 has agreed to open team sheets.
|c|☆beastkiller3|glhf
|
|t:|1750862555
|start
|switch|p1a: Iron Hands|Iron Hands, L50|100/100
|switch|p1b: Miraidon|Miraidon, L50|100/100
|switch|p2a: Koraidon|Koraidon, L50|100/100
|switch|p2b: Weezing|Weezing-Galar, L50, M|100/100
|-ability|p2b: Weezing|Neutralizing Gas
|-block|p2a: Koraidon|item: Ability Shield
|-weather|SunnyDay|[from] ability: Orichalcum Pulse|[of] p2a: Koraidon
|-activate|p2a: Koraidon|Orichalcum Pulse|[source]
|turn|1
|
|t:|1750862596
|-terastallize|p2a: Koraidon|Fire
|-terastallize|p1b: Miraidon|Fairy
|move|p1a: Iron Hands|Fake Out|p2a: Koraidon
|-damage|p2a: Koraidon|86/100
|move|p1b: Miraidon|Draco Meteor|p2a: Koraidon
|-damage|p2a: Koraidon|0 fnt
|-unboost|p1b: Miraidon|spa|2
|faint|p2a: Koraidon
|move|p2b: Weezing|Dazzling Gleam|p1b: Miraidon|[spread] p1a,p1b
|-supereffective|p1a: Iron Hands
|-damage|p1a: Iron Hands|83/100
|-damage|p1b: Miraidon|83/100
|
|-weather|SunnyDay|[upkeep]
|upkeep
|
|t:|1750862614
|switch|p2a: Chi-Yu|Chi-Yu, L50|100/100
|turn|2
|
|t:|1750862623
|switch|p1b: Ho-Oh|Ho-Oh, L50, shiny|100/100
|move|p2a: Chi-Yu|Heat Wave|p1a: Iron Hands|[spread] p1a,p1b
|-resisted|p1b: Ho-Oh
|-damage|p1a: Iron Hands|50/100
|-damage|p1b: Ho-Oh|83/100
|-status|p1a: Iron Hands|brn
|move|p2b: Weezing|Poison Gas||[still]|[spread] 
|-miss|p2b: Weezing|p1b: Ho-Oh
|-fail|p2b: Weezing
|move|p1a: Iron Hands|Low Kick|p2a: Chi-Yu
|-supereffective|p2a: Chi-Yu
|-damage|p2a: Chi-Yu|81/100
|
|-weather|SunnyDay|[upkeep]
|-damage|p1a: Iron Hands|44/100 brn|[from] brn
|upkeep
|turn|3
|
|t:|1750862649
|move|p2a: Chi-Yu|Heat Wave|p1a: Iron Hands|[spread] p1a,p1b
|-resisted|p1b: Ho-Oh
|-damage|p1a: Iron Hands|12/100 brn
|-damage|p1b: Ho-Oh|63/100
|move|p1b: Ho-Oh|Sacred Fire|p2b: Weezing
|-damage|p2b: Weezing|41/100
|-status|p2b: Weezing|brn
|move|p2b: Weezing|Taunt|p1b: Ho-Oh
|-start|p1b: Ho-Oh|move: Taunt
|move|p1a: Iron Hands|Wild Charge|p2a: Chi-Yu
|-damage|p2a: Chi-Yu|42/100
|-damage|p1a: Iron Hands|6/100 brn|[from] Recoil
|
|-weather|SunnyDay|[upkeep]
|-damage|p2b: Weezing|35/100 brn|[from] brn
|-damage|p1a: Iron Hands|0 fnt|[from] brn
|faint|p1a: Iron Hands
|-end|p1a: Iron Hands|Quark Drive|[silent]
|upkeep
|j| samzongvgc
|
|t:|1750862670
|switch|p1a: Ogerpon|Ogerpon-Cornerstone, L50, F|100/100
|turn|4
|
|t:|1750862683
|-end|p2b: Weezing|ability: Neutralizing Gas
|-ability|p2a: Chi-Yu|Beads of Ruin
|switch|p2b: Raging Bolt|Raging Bolt, L50|100/100
|-activate|p2b: Raging Bolt|ability: Protosynthesis
|-start|p2b: Raging Bolt|protosynthesisspa
|move|p2a: Chi-Yu|Heat Wave|p1a: Ogerpon|[spread] p1a,p1b
|-resisted|p1b: Ho-Oh
|-damage|p1a: Ogerpon|5/100
|-damage|p1b: Ho-Oh|37/100
|-enditem|p1b: Ho-Oh|Sitrus Berry|[eat]
|-heal|p1b: Ho-Oh|62/100|[from] item: Sitrus Berry
|move|p1a: Ogerpon|Ivy Cudgel|p2a: Chi-Yu|[anim] Ivy Cudgel Rock
|-supereffective|p2a: Chi-Yu
|-damage|p2a: Chi-Yu|0 fnt
|faint|p2a: Chi-Yu
|move|p1b: Ho-Oh|Sacred Fire|p2b: Raging Bolt
|-resisted|p2b: Raging Bolt
|-damage|p2b: Raging Bolt|71/100
|
|-weather|SunnyDay|[upkeep]
|upkeep
|
|t:|1750862701
|switch|p2a: Weezing|Weezing-Galar, L50, M|35/100 brn
|-ability|p2a: Weezing|Neutralizing Gas
|turn|5
|
|t:|1750862731
|move|p1a: Ogerpon|Follow Me|p1a: Ogerpon
|-singleturn|p1a: Ogerpon|move: Follow Me
|move|p2b: Raging Bolt|Thunderclap||[still]
|-fail|p2b: Raging Bolt
|move|p1b: Ho-Oh|Sacred Fire|p2a: Weezing
|-damage|p2a: Weezing|0 fnt
|faint|p2a: Weezing
|-end|p2a: Weezing|ability: Neutralizing Gas
|
|-weather|none
|-end|p2b: Raging Bolt|Protosynthesis
|upkeep
|turn|6
|
|t:|1750862747
|move|p1a: Ogerpon|Ivy Cudgel|p2b: Raging Bolt|[anim] Ivy Cudgel Rock
|-damage|p2b: Raging Bolt|28/100
|move|p1b: Ho-Oh|Sacred Fire|p2b: Raging Bolt
|-resisted|p2b: Raging Bolt
|-damage|p2b: Raging Bolt|8/100
|-status|p2b: Raging Bolt|brn
|move|p2b: Raging Bolt|Electroweb|p1a: Ogerpon|[spread] p1a,p1b
|-resisted|p1a: Ogerpon
|-supereffective|p1b: Ho-Oh
|-damage|p1a: Ogerpon|0 fnt
|-damage|p1b: Ho-Oh|41/100
|-unboost|p1b: Ho-Oh|spe|1
|faint|p1a: Ogerpon
|
|-damage|p2b: Raging Bolt|2/100 brn|[from] brn
|-end|p1b: Ho-Oh|move: Taunt
|upkeep
|
|t:|1750862756
|switch|p1a: Miraidon|Miraidon, L50, tera:Fairy|83/100
|-fieldstart|move: Electric Terrain|[from] ability: Hadron Engine|[of] p1a: Miraidon
|turn|7
|-message|fntzz forfeited.
|
|win|beastkiller3
|raw|beastkiller3's rating: 1183 &rarr; <strong>1211</strong><br />(+28 for winning)
|raw|fntzz's rating: 1223 &rarr; <strong>1195</strong><br />(-28 for losing)
