|j|☆Escatross
|j|‽Shrekers13
|t:|1750713264
|gametype|doubles
|player|p1|Escatross|bugcatcher-gen4dp|1436
|player|p2|Shrekers13|265|1356
|teamsize|p1|6
|teamsize|p2|6
|gen|9
|tier|[Gen 9] VGC 2025 Reg I
|rated|
|rule|Species Clause: Limit one of each Pokémon
|rule|Item Clause: Limit 1 of each item
|clearpoke
|poke|p1|Jumpluff, L50, M|
|poke|p1|Weezing-Galar, L50, F|
|poke|p1|Walking Wake, L50|
|poke|p1|Koraidon, L50|
|poke|p1|Calyrex-Shadow, L50|
|poke|p1|Seel, L50, M|
|poke|p2|Calyrex-Ice, L50|
|poke|p2|Miraidon, L50|
|poke|p2|Iron Hands, L50|
|poke|p2|Iron Bundle, L50|
|poke|p2|Ogerpon-Hearthflame, L50, F|
|poke|p2|Farigiraf, L50, F|
|teampreview|4
|inactive|Battle timer is ON: inactive players will automatically lose when time's up. (requested by Escatross)
|inactive|Escatross has 60 seconds left.
|
|t:|1750713301
|start
|switch|p1a: Koraidon|Koraidon, L50|100/100
|switch|p1b: Calyrex|Calyrex-Shadow, L50|100/100
|switch|p2a: Calyrex|Calyrex-Ice, L50|100/100
|switch|p2b: Farigiraf|Farigiraf, L50, F, shiny|100/100
|-ability|p1b: Calyrex|As One
|-ability|p1b: Calyrex|Unnerve
|-ability|p2a: Calyrex|As One
|-ability|p2a: Calyrex|Unnerve
|-weather|SunnyDay|[from] ability: Orichalcum Pulse|[of] p1a: Koraidon
|-activate|p1a: Koraidon|Orichalcum Pulse|[source]
|turn|1
|
|t:|1750713322
|switch|p1b: Seel|Seel, L50, M|100/100
|-terastallize|p1a: Koraidon|Fire
|-terastallize|p2b: Farigiraf|Water
|move|p2a: Calyrex|Protect|p2a: Calyrex
|-singleturn|p2a: Calyrex|Protect
|move|p1a: Koraidon|Flare Blitz|p2b: Farigiraf
|-resisted|p2b: Farigiraf
|-damage|p2b: Farigiraf|42/100
|-damage|p1a: Koraidon|75/100|[from] Recoil
|move|p2b: Farigiraf|Trick Room|p2b: Farigiraf
|-fieldstart|move: Trick Room|[of] p2b: Farigiraf
|
|-weather|SunnyDay|[upkeep]
|upkeep
|turn|2
|inactive|Escatross has 30 seconds left.
|
|t:|1750713353
|move|p2b: Farigiraf|Helping Hand|p2a: Calyrex
|-singleturn|p2a: Calyrex|Helping Hand|[of] p2b: Farigiraf
|move|p1a: Koraidon|Protect|p1a: Koraidon
|-singleturn|p1a: Koraidon|Protect
|move|p2a: Calyrex|High Horsepower|p1a: Koraidon
|-activate|p1a: Koraidon|move: Protect
|move|p1b: Seel|Encore|p2b: Farigiraf
|-start|p2b: Farigiraf|Encore
|
|-weather|SunnyDay|[upkeep]
|upkeep
|turn|3
|
|t:|1750713372
|move|p2b: Farigiraf|Helping Hand|p2a: Calyrex
|-singleturn|p2a: Calyrex|Helping Hand|[of] p2b: Farigiraf
|move|p2a: Calyrex|High Horsepower|p1a: Koraidon
|-supereffective|p1a: Koraidon
|-damage|p1a: Koraidon|0 fnt
|faint|p1a: Koraidon
|-ability|p2a: Calyrex|Chilling Neigh|boost
|-boost|p2a: Calyrex|atk|1
|move|p1b: Seel|Horn Drill|p2a: Calyrex
|-damage|p2a: Calyrex|0 fnt
|faint|p2a: Calyrex
|-ohko
|
|-weather|SunnyDay|[upkeep]
|upkeep
|
|t:|1750713389
|switch|p2a: Miraidon|Miraidon, L50|100/100
|switch|p1a: Calyrex|Calyrex-Shadow, L50|100/100
|-ability|p1a: Calyrex|As One
|-ability|p1a: Calyrex|Unnerve
|-fieldstart|move: Electric Terrain|[from] ability: Hadron Engine|[of] p2a: Miraidon
|-enditem|p2b: Farigiraf|Electric Seed
|-boost|p2b: Farigiraf|def|1|[from] item: Electric Seed
|turn|4
|
|t:|1750713406
|switch|p2b: Iron Hands|Iron Hands, L50, shiny|100/100
|-activate|p2b: Iron Hands|ability: Quark Drive
|-start|p2b: Iron Hands|quarkdriveatk
|move|p1b: Seel|Horn Drill|p2a: Miraidon
|-damage|p2a: Miraidon|0 fnt
|faint|p2a: Miraidon
|-ohko
|move|p1a: Calyrex|Astral Barrage|p2b: Iron Hands
|-damage|p2b: Iron Hands|62/100
|
|-weather|SunnyDay|[upkeep]
|upkeep
|
|t:|1750713418
|switch|p2a: Farigiraf|Farigiraf, L50, F, shiny, tera:Water|42/100
|turn|5
|
|t:|1750713428
|move|p1a: Calyrex|Protect|p1a: Calyrex
|-singleturn|p1a: Calyrex|Protect
|move|p2b: Iron Hands|Drain Punch|p1b: Seel
|-crit|p1b: Seel
|-damage|p1b: Seel|29/100
|-heal|p2b: Iron Hands|88/100|[from] drain|[of] p1b: Seel
|move|p1b: Seel|Horn Drill|p2a: Farigiraf|[miss]
|-miss|p1b: Seel|p2a: Farigiraf
|move|p2a: Farigiraf|Foul Play|p1a: Calyrex
|-activate|p1a: Calyrex|move: Protect
|
|-weather|none
|-fieldend|move: Trick Room
|upkeep
|turn|6
|
|t:|1750713445
|move|p2a: Farigiraf|Helping Hand|p2b: Iron Hands
|-singleturn|p2b: Iron Hands|Helping Hand|[of] p2a: Farigiraf
|move|p1a: Calyrex|Encore|p2b: Iron Hands
|-start|p2b: Iron Hands|Encore
|move|p1b: Seel|Horn Drill|p2a: Farigiraf
|-damage|p2a: Farigiraf|0 fnt
|faint|p2a: Farigiraf
|-ohko
|move|p2b: Iron Hands|Drain Punch|p1b: Seel
|-damage|p1b: Seel|0 fnt
|-heal|p2b: Iron Hands|99/100|[from] drain|[of] p1b: Seel
|faint|p1b: Seel
|
|upkeep
|
|t:|1750713457
|switch|p1b: Weezing|Weezing-Galar, L50, F|100/100
|-ability|p1b: Weezing|Neutralizing Gas
|turn|7
|-message|Shrekers13 forfeited.
|
|win|Escatross
|raw|Escatross's rating: 1436 &rarr; <strong>1451</strong><br />(+15 for winning)
|raw|Shrekers13's rating: 1356 &rarr; <strong>1341</strong><br />(-15 for losing)
|l|‽Shrekers13
|player|p2|
|l|☆Escatross
|player|p1|
