|j|☆Tentacle Rat Girl
|j|☆Buddhatrainer1587
|t:|1750868836
|gametype|doubles
|player|p1|Tentacle Rat Girl|hexmaniac-gen6|1263
|player|p2|Buddhatrainer1587|102|1351
|teamsize|p1|6
|teamsize|p2|6
|gen|9
|tier|[Gen 9] VGC 2025 Reg I
|rated|
|rule|Species Clause: Limit one of each Pokémon
|rule|Item Clause: Limit 1 of each item
|clearpoke
|poke|p1|Lunala, L50|
|poke|p1|Groudon, L50|
|poke|p1|Iron Valiant, L50|
|poke|p1|Gouging Fire, L50|
|poke|p1|Indeedee, L50, M|
|poke|p1|Espathra, L50, M|
|poke|p2|Miraidon, L50|
|poke|p2|Whimsicott, L50, F|
|poke|p2|Hitmontop, L50, M|
|poke|p2|Zacian-*, L50|
|poke|p2|Incineroar, L50, F|
|poke|p2|Flutter Mane, L50|
|teampreview|4
|
|t:|1750868855
|start
|switch|p1a: Groudon|Groudon, L50|100/100
|switch|p1b: Indeedee|Indeedee, L50, M|100/100
|switch|p2a: Incineroar|Incineroar, L50, F|100/100
|switch|p2b: Miraidon|Miraidon, L50|100/100
|-fieldstart|move: Electric Terrain|[from] ability: Hadron Engine|[of] p2b: Miraidon
|-fieldstart|move: Psychic Terrain|[from] ability: Psychic Surge|[of] p1b: Indeedee
|-weather|SunnyDay|[from] ability: Drought|[of] p1a: Groudon
|-ability|p2a: Incineroar|Intimidate|boost
|-fail|p1a: Groudon|unboost|[from] item: Clear Amulet|[of] p1a: Groudon
|-unboost|p1b: Indeedee|atk|1
|turn|1
|
|t:|1750868878
|-terastallize|p1a: Groudon|Fairy
|move|p2a: Incineroar|Fake Out|p1a: Groudon
|-activate|p1a: Groudon|move: Psychic Terrain
|move|p2b: Miraidon|Draco Meteor|p1a: Groudon
|-immune|p1a: Groudon
|move|p1b: Indeedee|Gravity|p1b: Indeedee
|-fieldstart|move: Gravity
|move|p1a: Groudon|Swords Dance|p1a: Groudon
|-boost|p1a: Groudon|atk|2
|
|-weather|SunnyDay|[upkeep]
|upkeep
|turn|2
|
|t:|1750868910
|switch|p2b: Hitmontop|Hitmontop, L50, M|100/100
|-ability|p2b: Hitmontop|Intimidate|boost
|-fail|p1a: Groudon|unboost|[from] item: Clear Amulet|[of] p1a: Groudon
|-unboost|p1b: Indeedee|atk|1
|switch|p1b: Espathra|Espathra, L50, M|100/100
|-terastallize|p2a: Incineroar|Grass
|move|p1a: Groudon|Precipice Blades|p2b: Hitmontop|[spread] p2a,p2b
|-resisted|p2a: Incineroar
|-damage|p2a: Incineroar|52/100
|-damage|p2b: Hitmontop|0 fnt
|faint|p2b: Hitmontop
|move|p2a: Incineroar|Parting Shot|p1b: Espathra
|-unboost|p1b: Espathra|atk|1
|-unboost|p1b: Espathra|spa|1
|
|t:|1750868923
|switch|p2a: Miraidon|Miraidon, L50|100/100|[from] Parting Shot
|-fieldstart|move: Electric Terrain|[from] ability: Hadron Engine|[of] p2a: Miraidon
|
|-weather|SunnyDay|[upkeep]
|upkeep
|
|t:|1750868926
|switch|p2b: Incineroar|Incineroar, L50, F, tera:Grass|52/100
|-ability|p2b: Incineroar|Intimidate|boost
|-fail|p1a: Groudon|unboost|[from] item: Clear Amulet|[of] p1a: Groudon
|-unboost|p1b: Espathra|atk|1
|turn|3
|
|t:|1750868942
|move|p1b: Espathra|Protect|p1b: Espathra
|-singleturn|p1b: Espathra|Protect
|move|p2b: Incineroar|Fake Out|p1a: Groudon
|-damage|p1a: Groudon|94/100
|move|p2a: Miraidon|Electro Drift|p1a: Groudon
|-damage|p1a: Groudon|0 fnt
|faint|p1a: Groudon
|
|-weather|SunnyDay|[upkeep]
|-ability|p1b: Espathra|Speed Boost|boost
|-boost|p1b: Espathra|spe|1
|upkeep
|
|t:|1750868950
|switch|p1a: Indeedee|Indeedee, L50, M|100/100
|-fieldstart|move: Psychic Terrain|[from] ability: Psychic Surge|[of] p1a: Indeedee
|turn|4
|
|t:|1750868963
|move|p1b: Espathra|Lumina Crash|p2a: Miraidon
|-damage|p2a: Miraidon|85/100
|-unboost|p2a: Miraidon|spd|2
|move|p2a: Miraidon|Volt Switch|p1b: Espathra
|-damage|p1b: Espathra|41/100
|
|t:|1750868971
|switch|p2a: Zacian|Zacian-Crowned, L50|100/100|[from] Volt Switch
|-ability|p2a: Zacian|Intrepid Sword|boost
|-boost|p2a: Zacian|atk|1
|move|p1a: Indeedee|Expanding Force|p2b: Incineroar|[spread] p2a,p2b
|-resisted|p2a: Zacian
|-damage|p2a: Zacian|81/100
|-damage|p2b: Incineroar|21/100
|-enditem|p2b: Incineroar|Sitrus Berry|[eat]
|-heal|p2b: Incineroar|46/100|[from] item: Sitrus Berry
|move|p2b: Incineroar|Knock Off|p1a: Indeedee
|-supereffective|p1a: Indeedee
|-enditem|p1a: Indeedee|Focus Sash
|-damage|p1a: Indeedee|1/100
|
|-weather|SunnyDay|[upkeep]
|-ability|p1b: Espathra|Speed Boost|boost
|-boost|p1b: Espathra|spe|1
|upkeep
|turn|5
|
|t:|1750869003
|switch|p2b: Miraidon|Miraidon, L50|85/100
|-fieldstart|move: Electric Terrain|[from] ability: Hadron Engine|[of] p2b: Miraidon
|move|p1b: Espathra|Hypnosis|p2a: Zacian
|-activate|p2a: Zacian|move: Electric Terrain
|move|p2a: Zacian|Behemoth Blade|p1b: Espathra
|-damage|p1b: Espathra|0 fnt
|faint|p1b: Espathra
|move|p1a: Indeedee|Expanding Force|p2b: Miraidon
|-damage|p2b: Miraidon|68/100
|
|-weather|none
|-fieldend|move: Gravity
|upkeep
|-message|Tentacle Rat Girl forfeited.
|
|win|Buddhatrainer1587
|raw|Tentacle Rat Girl's rating: 1263 &rarr; <strong>1244</strong><br />(-19 for losing)
|raw|Buddhatrainer1587's rating: 1351 &rarr; <strong>1366</strong><br />(+15 for winning)
|l|☆Tentacle Rat Girl
|player|p1|
|l|☆Buddhatrainer1587
|player|p2|
