|j|☆004B
|j|☆Zordor
|t:|1750777660
|gametype|doubles
|player|p1|004B|ghetsis|1562
|player|p2|Zordor|pilot|1647
|teamsize|p1|6
|teamsize|p2|6
|gen|9
|tier|[Gen 9] VGC 2025 Reg I
|rated|
|rule|Species Clause: Limit one of each Pokémon
|rule|Item Clause: Limit 1 of each item
|clearpoke
|poke|p1|Miraidon, L50|
|poke|p1|Landorus, L50, M|
|poke|p1|Tornadus, L50, M|
|poke|p1|Farigiraf, L50, F|
|poke|p1|Conkeldurr, L50, M|
|poke|p1|Calyrex-Ice, L50|
|poke|p2|Entei, L50|
|poke|p2|Walking Wake, L50|
|poke|p2|Groudon, L50|
|poke|p2|Zacian-*, L50|
|poke|p2|Thundurus, L50, M|
|poke|p2|Ogerpon-Wellspring, L50, F|
|teampreview|4
|
|t:|1750777692
|start
|switch|p1a: Zekrom-|Miraidon, L50|100/100
|switch|p1b: Calyrex|Calyrex-Ice, L50|100/100
|switch|p2a: Walking Wake|Walking Wake, L50|100/100
|switch|p2b: Groudon|Groudon, L50|100/100
|-ability|p1b: Calyrex|As One
|-ability|p1b: Calyrex|Unnerve
|-fieldstart|move: Electric Terrain|[from] ability: Hadron Engine|[of] p1a: Zekrom-
|-weather|SunnyDay|[from] ability: Drought|[of] p2b: Groudon
|-activate|p2a: Walking Wake|ability: Protosynthesis
|-start|p2a: Walking Wake|protosynthesisspe
|turn|1
|
|t:|1750777723
|switch|p2b: Entei|Entei, L50|100/100
|-terastallize|p1b: Calyrex|Water
|move|p2a: Walking Wake|Protect|p2a: Walking Wake
|-singleturn|p2a: Walking Wake|Protect
|move|p1a: Zekrom-|Volt Switch|p2a: Walking Wake
|-activate|p2a: Walking Wake|move: Protect
|move|p1b: Calyrex|Trick Room|p1b: Calyrex
|-fieldstart|move: Trick Room|[of] p1b: Calyrex
|
|-weather|SunnyDay|[upkeep]
|upkeep
|turn|2
|
|t:|1750777754
|move|p1b: Calyrex|Protect|p1b: Calyrex
|-singleturn|p1b: Calyrex|Protect
|move|p2b: Entei|Sacred Fire|p1b: Calyrex
|-activate|p1b: Calyrex|move: Protect
|move|p2a: Walking Wake|Hydro Steam|p1a: Zekrom-
|-resisted|p1a: Zekrom-
|-damage|p1a: Zekrom-|78/100
|move|p1a: Zekrom-|Volt Switch|p2a: Walking Wake
|-damage|p2a: Walking Wake|21/100
|
|t:|1750777764
|switch|p1a: Y.M.C.A|Conkeldurr, L50, M|100/100|[from] Volt Switch
|
|-weather|SunnyDay|[upkeep]
|-status|p1a: Y.M.C.A|brn|[from] item: Flame Orb
|upkeep
|turn|3
|
|t:|1750777778
|move|p2b: Entei|Protect|p2b: Entei
|-singleturn|p2b: Entei|Protect
|move|p2a: Walking Wake|Protect|p2a: Walking Wake
|-singleturn|p2a: Walking Wake|Protect
|move|p1a: Y.M.C.A|Low Kick|p2b: Entei
|-activate|p2b: Entei|move: Protect
|move|p1b: Calyrex|Glacial Lance|p2b: Entei|[spread] 
|-activate|p2a: Walking Wake|move: Protect
|-activate|p2b: Entei|move: Protect
|
|-weather|SunnyDay|[upkeep]
|-damage|p1a: Y.M.C.A|95/100 brn|[from] brn
|upkeep
|turn|4
|
|t:|1750777801
|move|p1a: Y.M.C.A|Low Kick|p2b: Entei
|-damage|p2b: Entei|28/100
|move|p1b: Calyrex|Glacial Lance|p2a: Walking Wake|[spread] p2a,p2b
|-resisted|p2b: Entei
|-damage|p2a: Walking Wake|0 fnt
|-damage|p2b: Entei|3/100
|faint|p2a: Walking Wake
|-end|p2a: Walking Wake|Protosynthesis|[silent]
|-ability|p1b: Calyrex|Chilling Neigh|boost
|-boost|p1b: Calyrex|atk|1
|move|p2b: Entei|Sacred Fire|p1b: Calyrex
|-resisted|p1b: Calyrex
|-damage|p1b: Calyrex|81/100
|
|-weather|SunnyDay|[upkeep]
|-heal|p2b: Entei|10/100|[from] item: Leftovers
|-damage|p1a: Y.M.C.A|89/100 brn|[from] brn
|upkeep
|
|t:|1750777815
|switch|p2a: Zacian|Zacian-Crowned, L50|100/100
|-ability|p2a: Zacian|Intrepid Sword|boost
|-boost|p2a: Zacian|atk|1
|turn|5
|
|t:|1750777827
|move|p2b: Entei|Protect|p2b: Entei
|-singleturn|p2b: Entei|Protect
|move|p2a: Zacian|Protect|p2a: Zacian
|-singleturn|p2a: Zacian|Protect
|move|p1a: Y.M.C.A|Wide Guard|p1a: Y.M.C.A
|-singleturn|p1a: Y.M.C.A|Wide Guard
|move|p1b: Calyrex|High Horsepower|p2a: Zacian
|-activate|p2a: Zacian|move: Protect
|
|-weather|none
|-heal|p2b: Entei|16/100|[from] item: Leftovers
|-damage|p1a: Y.M.C.A|83/100 brn|[from] brn
|-fieldend|move: Trick Room
|-fieldend|move: Electric Terrain
|upkeep
|turn|6
|
|t:|1750777848
|move|p2a: Zacian|Play Rough|p1b: Calyrex
|-damage|p1b: Calyrex|33/100
|move|p2b: Entei|Sacred Fire|p1b: Calyrex
|-resisted|p1b: Calyrex
|-damage|p1b: Calyrex|21/100
|move|p1b: Calyrex|High Horsepower|p2a: Zacian
|-supereffective|p2a: Zacian
|-damage|p2a: Zacian|0 fnt
|faint|p2a: Zacian
|-ability|p1b: Calyrex|Chilling Neigh|boost
|-boost|p1b: Calyrex|atk|1
|move|p1a: Y.M.C.A|Low Kick|p2b: Entei
|-damage|p2b: Entei|0 fnt
|faint|p2b: Entei
|
|-damage|p1a: Y.M.C.A|77/100 brn|[from] brn
|upkeep
|
|t:|1750777859
|switch|p2b: Groudon|Groudon, L50|100/100
|-weather|SunnyDay|[from] ability: Drought|[of] p2b: Groudon
|turn|7
|
|t:|1750777871
|move|p1a: Y.M.C.A|Wide Guard|p1a: Y.M.C.A
|-singleturn|p1a: Y.M.C.A|Wide Guard
|move|p2b: Groudon|High Horsepower|p1b: Calyrex
|-damage|p1b: Calyrex|0 fnt
|faint|p1b: Calyrex
|
|-weather|SunnyDay|[upkeep]
|-damage|p1a: Y.M.C.A|72/100 brn|[from] brn
|upkeep
|
|t:|1750777881
|switch|p1b: Zekrom-|Miraidon, L50|78/100
|-fieldstart|move: Electric Terrain|[from] ability: Hadron Engine|[of] p1b: Zekrom-
|turn|8
|
|t:|1750777885
|move|p2b: Groudon|Protect|p2b: Groudon
|-singleturn|p2b: Groudon|Protect
|move|p1b: Zekrom-|Draco Meteor|p2b: Groudon
|-activate|p2b: Groudon|move: Protect
|move|p1a: Y.M.C.A|Low Kick|p2b: Groudon
|-activate|p2b: Groudon|move: Protect
|
|-weather|SunnyDay|[upkeep]
|-damage|p1a: Y.M.C.A|66/100 brn|[from] brn
|upkeep
|turn|9
|
|t:|1750777901
|-terastallize|p2b: Groudon|Fire
|move|p1b: Zekrom-|Draco Meteor|p2b: Groudon
|-damage|p2b: Groudon|12/100
|-unboost|p1b: Zekrom-|spa|2
|move|p2b: Groudon|Heat Crash|p1a: Y.M.C.A
|-damage|p1a: Y.M.C.A|0 fnt
|faint|p1a: Y.M.C.A
|
|-weather|SunnyDay|[upkeep]
|upkeep
|
|t:|1750777908
|switch|p1a: Deerling-|Farigiraf, L50, F|100/100
|-enditem|p1a: Deerling-|Electric Seed
|-boost|p1a: Deerling-|def|1|[from] item: Electric Seed
|turn|10
|
|t:|1750777912
|move|p1b: Zekrom-|Draco Meteor|p2b: Groudon
|-damage|p2b: Groudon|0 fnt
|-unboost|p1b: Zekrom-|spa|2
|faint|p2b: Groudon
|
|win|004B
|raw|004B's rating: 1562 &rarr; <strong>1587</strong><br />(+25 for winning)
|raw|Zordor's rating: 1647 &rarr; <strong>1622</strong><br />(-25 for losing)
|l|☆Zordor
|player|p2|
|l|☆004B
|player|p1|
