|j|☆ilikebluebanana
|j|☆jun2014
|t:|1750749035
|gametype|doubles
|player|p1|ilikebluebanana|169|1600
|player|p2|jun2014|102|1724
|teamsize|p1|6
|teamsize|p2|6
|gen|9
|tier|[Gen 9] VGC 2025 Reg I
|rated|
|rule|Species Clause: Limit one of each Pokémon
|rule|Item Clause: Limit 1 of each item
|clearpoke
|poke|p1|Ting-Lu, L50|
|poke|p1|Calyrex-Shadow, L50|
|poke|p1|Rillaboom, L50, M|
|poke|p1|Indeedee-F, L50, F|
|poke|p1|Zamazenta-*, L50|
|poke|p1|Comfey, L50, F|
|poke|p2|Miraidon, L50|
|poke|p2|Koraidon, L50|
|poke|p2|Grimmsnarl, L50, M|
|poke|p2|Incineroar, L50, M|
|poke|p2|Volcarona, L50, M|
|poke|p2|Ogerpon-Hearthflame, L50, F|
|teampreview|4
|inactive|Battle timer is ON: inactive players will automatically lose when time's up. (requested by ilikebluebanana)
|inactive|jun2014 has 60 seconds left.
|
|t:|1750749094
|start
|switch|p1a: Calyrex|Calyrex-Shadow, L50|100/100
|switch|p1b: Rillaboom|Rillaboom, L50, M|100/100
|switch|p2a: Koraidon|Koraidon, L50|100/100
|switch|p2b: Grimmsnarl|Grimmsnarl, L50, M|100/100
|-ability|p1a: Calyrex|As One
|-ability|p1a: Calyrex|Unnerve
|-weather|SunnyDay|[from] ability: Orichalcum Pulse|[of] p2a: Koraidon
|-activate|p2a: Koraidon|Orichalcum Pulse|[source]
|-fieldstart|move: Grassy Terrain|[from] ability: Grassy Surge|[of] p1b: Rillaboom
|turn|1
|
|t:|1750749117
|move|p1b: Rillaboom|Fake Out|p2a: Koraidon
|-damage|p2a: Koraidon|88/100
|move|p2b: Grimmsnarl|Light Screen|p2b: Grimmsnarl
|-sidestart|p2: jun2014|move: Light Screen
|move|p1a: Calyrex|Trick|p2b: Grimmsnarl
|-activate|p1a: Calyrex|move: Trick|[of] p2b: Grimmsnarl
|-item|p2b: Grimmsnarl|Choice Scarf|[from] move: Trick
|-item|p1a: Calyrex|Light Clay|[from] move: Trick
|cant|p2a: Koraidon|flinch
|
|-weather|SunnyDay|[upkeep]
|-heal|p2a: Koraidon|94/100|[from] Grassy Terrain
|upkeep
|turn|2
|inactive|jun2014 has 30 seconds left.
|inactive|ilikebluebanana has 30 seconds left.
|inactive|jun2014 has 20 seconds left.
|
|t:|1750749156
|move|p2b: Grimmsnarl|Reflect|p2b: Grimmsnarl
|-sidestart|p2: jun2014|Reflect
|move|p2a: Koraidon|Flare Blitz|p1a: Calyrex
|-damage|p1a: Calyrex|4/100
|-damage|p2a: Koraidon|62/100|[from] Recoil
|move|p1a: Calyrex|Psychic|p2a: Koraidon
|-supereffective|p2a: Koraidon
|-damage|p2a: Koraidon|0 fnt
|faint|p2a: Koraidon
|-ability|p1a: Calyrex|Grim Neigh|boost
|-boost|p1a: Calyrex|spa|1
|move|p1b: Rillaboom|U-turn|p2b: Grimmsnarl
|-damage|p2b: Grimmsnarl|81/100
|
|t:|1750749178
|switch|p1b: Indeedee|Indeedee-F, L50, F|100/100|[from] U-turn
|-fieldstart|move: Psychic Terrain|[from] ability: Psychic Surge|[of] p1b: Indeedee
|
|-weather|SunnyDay|[upkeep]
|upkeep
|
|t:|1750749188
|switch|p2a: Miraidon|Miraidon, L50|100/100
|-fieldstart|move: Electric Terrain|[from] ability: Hadron Engine|[of] p2a: Miraidon
|turn|3
|inactive|ilikebluebanana has 30 seconds left.
|inactive|jun2014 has 30 seconds left.
|inactive|jun2014 has 20 seconds left.
|
|t:|1750749226
|switch|p1b: Rillaboom|Rillaboom, L50, M|100/100
|-fieldstart|move: Grassy Terrain|[from] ability: Grassy Surge|[of] p1b: Rillaboom
|move|p2b: Grimmsnarl|Reflect||[still]
|-fail|p2b: Grimmsnarl
|move|p1a: Calyrex|Trick|p2a: Miraidon
|-activate|p1a: Calyrex|move: Trick|[of] p2a: Miraidon
|-item|p2a: Miraidon|Light Clay|[from] move: Trick
|-item|p1a: Calyrex|Covert Cloak|[from] move: Trick
|move|p2a: Miraidon|Parabolic Charge|p1b: Rillaboom|[spread] p2b,p1a,p1b
|-resisted|p1b: Rillaboom
|-damage|p2b: Grimmsnarl|68/100
|-damage|p1a: Calyrex|0 fnt
|-damage|p1b: Rillaboom|92/100
|faint|p1a: Calyrex
|
|-weather|SunnyDay|[upkeep]
|-heal|p2b: Grimmsnarl|74/100|[from] Grassy Terrain
|-heal|p1b: Rillaboom|98/100|[from] Grassy Terrain
|upkeep
|
|t:|1750749239
|switch|p1a: Zamazenta|Zamazenta-Crowned, L50|100/100
|-ability|p1a: Zamazenta|Dauntless Shield|boost
|-boost|p1a: Zamazenta|def|1
|turn|4
|
|t:|1750749255
|switch|p2b: Volcarona|Volcarona, L50, M|100/100
|move|p1b: Rillaboom|Fake Out|p2a: Miraidon
|-damage|p2a: Miraidon|93/100
|cant|p2a: Miraidon|flinch
|move|p1a: Zamazenta|Iron Defense|p1a: Zamazenta
|-boost|p1a: Zamazenta|def|2
|
|-weather|SunnyDay|[upkeep]
|-heal|p2a: Miraidon|99/100|[from] Grassy Terrain
|-heal|p1b: Rillaboom|100/100|[from] Grassy Terrain
|upkeep
|turn|5
|
|t:|1750749270
|switch|p2a: Grimmsnarl|Grimmsnarl, L50, M|74/100
|-terastallize|p1a: Zamazenta|Ghost
|move|p2b: Volcarona|Quiver Dance|p2b: Volcarona
|-boost|p2b: Volcarona|spa|1
|-boost|p2b: Volcarona|spd|1
|-boost|p2b: Volcarona|spe|1
|move|p1a: Zamazenta|Iron Defense|p1a: Zamazenta
|-boost|p1a: Zamazenta|def|2
|move|p1b: Rillaboom|U-turn|p2a: Grimmsnarl
|-damage|p2a: Grimmsnarl|54/100
|
|t:|1750749280
|switch|p1b: Indeedee|Indeedee-F, L50, F|100/100|[from] U-turn
|-fieldstart|move: Psychic Terrain|[from] ability: Psychic Surge|[of] p1b: Indeedee
|
|-weather|none
|upkeep
|turn|6
|
|t:|1750749296
|switch|p2a: Miraidon|Miraidon, L50|99/100
|-fieldstart|move: Electric Terrain|[from] ability: Hadron Engine|[of] p2a: Miraidon
|-enditem|p2b: Volcarona|Electric Seed
|-boost|p2b: Volcarona|def|1|[from] item: Electric Seed
|move|p2b: Volcarona|Quiver Dance|p2b: Volcarona
|-boost|p2b: Volcarona|spa|1
|-boost|p2b: Volcarona|spd|1
|-boost|p2b: Volcarona|spe|1
|move|p1a: Zamazenta|Iron Defense|p1a: Zamazenta
|-boost|p1a: Zamazenta|def|1
|move|p1b: Indeedee|Psychic|p2b: Volcarona
|-damage|p2b: Volcarona|90/100
|
|-sideend|p2: jun2014|Reflect
|upkeep
|turn|7
|inactive|jun2014 has 30 seconds left.
|inactive|jun2014 has 20 seconds left.
|
|t:|1750749333
|switch|p1b: Rillaboom|Rillaboom, L50, M|100/100
|-fieldstart|move: Grassy Terrain|[from] ability: Grassy Surge|[of] p1b: Rillaboom
|-terastallize|p2a: Miraidon|Electric
|move|p2b: Volcarona|Fiery Dance|p1a: Zamazenta
|-damage|p1a: Zamazenta|52/100
|move|p2a: Miraidon|Electro Drift|p1a: Zamazenta
|-damage|p1a: Zamazenta|13/100
|move|p1a: Zamazenta|Body Press|p2b: Volcarona
|-resisted|p2b: Volcarona
|-damage|p2b: Volcarona|20/100
|
|-heal|p2b: Volcarona|26/100|[from] Grassy Terrain
|-heal|p2a: Miraidon|100/100|[from] Grassy Terrain
|-heal|p1a: Zamazenta|19/100|[from] Grassy Terrain
|upkeep
|turn|8
|inactive|ilikebluebanana has 30 seconds left.
|inactive|jun2014 has 30 seconds left.
|inactive|jun2014 has 20 seconds left.
|inactive|jun2014 has 15 seconds left.
|inactive|jun2014 has 10 seconds left.
|
|t:|1750749382
|switch|p1b: Indeedee|Indeedee-F, L50, F|100/100
|-fieldstart|move: Psychic Terrain|[from] ability: Psychic Surge|[of] p1b: Indeedee
|move|p1a: Zamazenta|Protect|p1a: Zamazenta
|-singleturn|p1a: Zamazenta|Protect
|move|p2b: Volcarona|Morning Sun|p2b: Volcarona
|-heal|p2b: Volcarona|75/100
|move|p2a: Miraidon|Electro Drift|p1a: Zamazenta
|-activate|p1a: Zamazenta|move: Protect
|
|-sideend|p2: jun2014|move: Light Screen
|upkeep
|turn|9
|
|t:|1750749404
|move|p1b: Indeedee|Follow Me|p1b: Indeedee
|-singleturn|p1b: Indeedee|move: Follow Me
|move|p2b: Volcarona|Fiery Dance|p1b: Indeedee
|-damage|p1b: Indeedee|34/100
|-boost|p2b: Volcarona|spa|1
|move|p2a: Miraidon|Parabolic Charge|p1a: Zamazenta|[spread] p2b,p1a,p1b
|-damage|p2b: Volcarona|61/100
|-damage|p1a: Zamazenta|1/100
|-damage|p1b: Indeedee|4/100
|move|p1a: Zamazenta|Body Press|p2b: Volcarona
|-resisted|p2b: Volcarona
|-damage|p2b: Volcarona|0 fnt
|faint|p2b: Volcarona
|
|upkeep
|
|t:|1750749418
|switch|p2b: Grimmsnarl|Grimmsnarl, L50, M|54/100
|turn|10
|inactive|jun2014 has 30 seconds left.
|
|t:|1750749449
|move|p1a: Zamazenta|Protect|p1a: Zamazenta
|-singleturn|p1a: Zamazenta|Protect
|move|p2b: Grimmsnarl|Reflect|p2b: Grimmsnarl
|-sidestart|p2: jun2014|Reflect
|move|p2a: Miraidon|Parabolic Charge|p1a: Zamazenta|[spread] p2b,p1b
|-activate|p1a: Zamazenta|move: Protect
|-damage|p2b: Grimmsnarl|25/100
|-damage|p1b: Indeedee|0 fnt
|faint|p1b: Indeedee
|
|upkeep
|
|t:|1750749457
|switch|p1b: Rillaboom|Rillaboom, L50, M|100/100
|-fieldstart|move: Grassy Terrain|[from] ability: Grassy Surge|[of] p1b: Rillaboom
|turn|11
|
|t:|1750749468
|move|p1b: Rillaboom|Fake Out|p2a: Miraidon
|-damage|p2a: Miraidon|91/100
|move|p2b: Grimmsnarl|Reflect||[still]
|-fail|p2b: Grimmsnarl
|cant|p2a: Miraidon|flinch
|move|p1a: Zamazenta|Body Press|p2a: Miraidon
|-damage|p2a: Miraidon|0 fnt
|faint|p2a: Miraidon
|
|-heal|p1a: Zamazenta|7/100|[from] Grassy Terrain
|-heal|p2b: Grimmsnarl|31/100|[from] Grassy Terrain
|upkeep
|turn|12
|-message|jun2014 forfeited.
|
|win|ilikebluebanana
|raw|ilikebluebanana's rating: 1600 &rarr; <strong>1627</strong><br />(+27 for winning)
|raw|jun2014's rating: 1724 &rarr; <strong>1697</strong><br />(-27 for losing)
|l|☆jun2014
|player|p2|
|l|☆ilikebluebanana
|player|p1|
