|j|☆Alpacapazzo
|j|☆Blu94
|t:|1750775267
|gametype|doubles
|player|p1|Alpacapazzo|1|1342
|player|p2|Blu94|2|1427
|teamsize|p1|6
|teamsize|p2|6
|gen|9
|tier|[Gen 9] VGC 2025 Reg I
|rated|
|rule|Species Clause: Limit one of each Pokémon
|rule|Item Clause: Limit 1 of each item
|clearpoke
|poke|p1|Calyrex-Ice, L50|
|poke|p1|Zamazenta-*, L50|
|poke|p1|Incineroar, L50, F|
|poke|p1|Glimmora, L50, F|
|poke|p1|Grimmsnarl, L50, M|
|poke|p1|Urshifu-*, L50, F|
|poke|p2|Zacian-*, L50|
|poke|p2|Miraidon, L50|
|poke|p2|Pelipper, L50, M|
|poke|p2|Sneasler, L50, M|
|poke|p2|Urshifu-*, L50, M|
|poke|p2|Whimsicott, L50, M|
|teampreview|4
Blu94 rejected open team sheets.
|inactive|Battle timer is ON: inactive players will automatically lose when time's up. (requested by Blu94)
|
|t:|1750775328
|start
|switch|p1a: Glimmora|Glimmora, L50, F|100/100
|switch|p1b: Grimmsnarl|Grimmsnarl, L50, M|100/100
|switch|p2a: Sneasler|Sneasler, L50, M|100/100
|switch|p2b: Miraidon|Miraidon, L50|100/100
|-fieldstart|move: Electric Terrain|[from] ability: Hadron Engine|[of] p2b: Miraidon
|-enditem|p2a: Sneasler|Electric Seed
|-boost|p2a: Sneasler|def|1|[from] item: Electric Seed
|turn|1
|inactive|Alpacapazzo has 30 seconds left.
|
|t:|1750775360
|-terastallize|p2b: Miraidon|Fairy
|move|p2a: Sneasler|Fake Out|p1b: Grimmsnarl
|-damage|p1b: Grimmsnarl|85/100
|cant|p1b: Grimmsnarl|flinch
|move|p2b: Miraidon|Dazzling Gleam|p1b: Grimmsnarl|[spread] p1a,p1b
|-resisted|p1a: Glimmora
|-supereffective|p1b: Grimmsnarl
|-damage|p1a: Glimmora|50/100
|-damage|p1b: Grimmsnarl|0 fnt
|faint|p1b: Grimmsnarl
|move|p1a: Glimmora|Sludge Bomb|p2b: Miraidon
|-supereffective|p2b: Miraidon
|-damage|p2b: Miraidon|23/100
|
|upkeep
|
|t:|1750775378
|switch|p1b: Calyrex|Calyrex-Ice, L50|100/100
|-ability|p1b: Calyrex|As One
|-ability|p1b: Calyrex|Unnerve
|turn|2
|inactive|Blu94 has 30 seconds left.
|inactive|Blu94 has 20 seconds left.
|inactive|Blu94 has 15 seconds left.
|inactive|Blu94 has 10 seconds left.
|inactive|Blu94 has 5 seconds left.
|l|☆Alpacapazzo
|inactive|Alpacapazzo disconnected and has a minute to reconnect!
|player|p1|
|
|t:|1750775433
|-terastallize|p1b: Calyrex|Fire
|move|p1a: Glimmora|Spiky Shield|p1a: Glimmora
|-singleturn|p1a: Glimmora|move: Protect
|move|p2a: Sneasler|Throat Chop|p1b: Calyrex
|-crit|p1b: Calyrex
|-damage|p1b: Calyrex|75/100
|-start|p1b: Calyrex|Throat Chop|[silent]
|move|p2b: Miraidon|Dazzling Gleam|p1a: Glimmora|[spread] p1b
|-activate|p1a: Glimmora|move: Protect
|-resisted|p1b: Calyrex
|-damage|p1b: Calyrex|50/100
|move|p1b: Calyrex|Trick Room|p1b: Calyrex
|-fieldstart|move: Trick Room|[of] p1b: Calyrex
|
|-heal|p1b: Calyrex|56/100|[from] item: Leftovers
|upkeep
|turn|3
|j|☆Alpacapazzo
|inactive|Alpacapazzo reconnected and has 50 seconds left.
|player|p1|Alpacapazzo|1|
|inactive|Alpacapazzo has 30 seconds left.
|inactive|Blu94 has 30 seconds left.
|inactive|Blu94 has 20 seconds left.
|
|t:|1750775471
|move|p1b: Calyrex|Glacial Lance|p2a: Sneasler|[spread] p2a,p2b
|-damage|p2a: Sneasler|43/100
|-damage|p2b: Miraidon|0 fnt
|faint|p2b: Miraidon
|-ability|p1b: Calyrex|Chilling Neigh|boost
|-boost|p1b: Calyrex|atk|1
|move|p1a: Glimmora|Sludge Bomb|p2a: Sneasler
|-resisted|p2a: Sneasler
|-damage|p2a: Sneasler|15/100
|move|p2a: Sneasler|Dire Claw|p1b: Calyrex
|-damage|p1b: Calyrex|29/100
|
|-heal|p1b: Calyrex|35/100|[from] item: Leftovers
|-end|p1b: Calyrex|Throat Chop|[silent]
|upkeep
|
|t:|1750775493
|switch|p2b: Urshifu|Urshifu-Rapid-Strike, L50, M|100/100
|turn|4
|
|t:|1750775509
|switch|p1b: Zamazenta|Zamazenta-Crowned, L50|100/100
|-ability|p1b: Zamazenta|Dauntless Shield|boost
|-boost|p1b: Zamazenta|def|1
|move|p2b: Urshifu|Aqua Jet|p1b: Zamazenta
|-damage|p1b: Zamazenta|88/100
|move|p1a: Glimmora|Sludge Bomb|p2b: Urshifu
|-damage|p2b: Urshifu|24/100
|move|p2a: Sneasler|Dire Claw|p1a: Glimmora
|-resisted|p1a: Glimmora
|-damage|p1a: Glimmora|37/100
|-activate|p1a: Glimmora|ability: Toxic Debris
|-sidestart|p2: Blu94|move: Toxic Spikes
|
|upkeep
|turn|5
|-message|Blu94 forfeited.
|
|win|Alpacapazzo
|raw|Alpacapazzo's rating: 1342 &rarr; <strong>1367</strong><br />(+25 for winning)
|raw|Blu94's rating: 1427 &rarr; <strong>1402</strong><br />(-25 for losing)
|l|☆Blu94
|player|p2|
|l|☆Alpacapazzo
|player|p1|
