|j|☆HecklerSupreme
|j|☆MalteseShark
|t:|1750772351
|gametype|doubles
|player|p1|HecklerSupreme|170|1528
|player|p2|MalteseShark|169|1494
|teamsize|p1|6
|teamsize|p2|6
|gen|9
|tier|[Gen 9] VGC 2025 Reg I
|rated|
|rule|Species Clause: Limit one of each Pokémon
|rule|Item Clause: Limit 1 of each item
|clearpoke
|poke|p1|Palkia, L50|
|poke|p1|Calyrex-Ice, L50|
|poke|p1|Smeargle, L50, F|
|poke|p1|Hitmontop, L50, M|
|poke|p1|Sinistcha, L50|
|poke|p1|Entei, L50|
|poke|p2|Miraidon, L50|
|poke|p2|Calyrex-Ice, L50|
|poke|p2|Amoonguss, L50, F|
|poke|p2|Flutter Mane, L50|
|poke|p2|Garchomp, L50, F|
|poke|p2|Ogerpon-Wellspring, L50, F|
|teampreview|4
|inactive|Battle timer is ON: inactive players will automatically lose when time's up. (requested by HecklerSupreme)
|inactive|MalteseShark has 60 seconds left.
|
|t:|1750772403
|start
|switch|p1a: Calyrex|Calyrex-Ice, L50|100/100
|switch|p1b: Smeargle|Smeargle, L50, F|100/100
|switch|p2a: Calyrex|Calyrex-Ice, L50|100/100
|switch|p2b: Amoonguss|Amoonguss, L50, F|100/100
|-ability|p1a: Calyrex|As One
|-ability|p1a: Calyrex|Unnerve
|-ability|p2a: Calyrex|As One
|-ability|p2a: Calyrex|Unnerve
|turn|1
|
|t:|1750772421
|-terastallize|p2b: Amoonguss|Water
|move|p2a: Calyrex|Protect|p2a: Calyrex
|-singleturn|p2a: Calyrex|Protect
|move|p1b: Smeargle|Spore|p2b: Amoonguss
|-status|p2b: Amoonguss|slp|[from] move: Spore
|move|p1a: Calyrex|Glacial Lance|p2b: Amoonguss|[spread] p2b
|-activate|p2a: Calyrex|move: Protect
|-resisted|p2b: Amoonguss
|-damage|p2b: Amoonguss|77/100 slp
|cant|p2b: Amoonguss|slp
|
|-ability|p1b: Smeargle|Moody|boost
|-boost|p1b: Smeargle|def|2
|-unboost|p1b: Smeargle|atk|1
|upkeep
|turn|2
|
|t:|1750772443
|switch|p2b: Miraidon|Miraidon, L50|100/100
|-fieldstart|move: Electric Terrain|[from] ability: Hadron Engine|[of] p2b: Miraidon
|move|p1a: Calyrex|Protect|p1a: Calyrex
|-singleturn|p1a: Calyrex|Protect
|move|p1b: Smeargle|Decorate|p1a: Calyrex
|-boost|p1a: Calyrex|atk|2
|-boost|p1a: Calyrex|spa|2
|move|p2a: Calyrex|Swords Dance|p2a: Calyrex
|-boost|p2a: Calyrex|atk|2
|
|-ability|p1b: Smeargle|Moody|boost
|-boost|p1b: Smeargle|spe|2
|-unboost|p1b: Smeargle|def|1
|upkeep
|turn|3
|inactive|HecklerSupreme has 30 seconds left.
|
|t:|1750772468
|switch|p2b: Amoonguss|Amoonguss, L50, F, tera:Water|100/100 slp
|move|p1b: Smeargle|Follow Me|p1b: Smeargle
|-singleturn|p1b: Smeargle|move: Follow Me
|move|p1a: Calyrex|Glacial Lance|p2b: Amoonguss|[spread] p2a,p2b
|-resisted|p2a: Calyrex
|-resisted|p2b: Amoonguss
|-damage|p2a: Calyrex|66/100
|-damage|p2b: Amoonguss|56/100 slp
|move|p2a: Calyrex|Glacial Lance|p1b: Smeargle|[spread] p1a,p1b
|-resisted|p1a: Calyrex
|-damage|p1a: Calyrex|66/100
|-enditem|p1b: Smeargle|Focus Sash
|-damage|p1b: Smeargle|1/100
|
|-ability|p1b: Smeargle|Moody|boost
|-boost|p1b: Smeargle|atk|2
|-unboost|p1b: Smeargle|spd|1
|upkeep
|turn|4
|
|t:|1750772487
|move|p1b: Smeargle|Decorate|p1a: Calyrex
|-boost|p1a: Calyrex|atk|2
|-boost|p1a: Calyrex|spa|2
|move|p1a: Calyrex|Glacial Lance|p2b: Amoonguss|[spread] p2a,p2b
|-resisted|p2a: Calyrex
|-resisted|p2b: Amoonguss
|-damage|p2a: Calyrex|12/100
|-damage|p2b: Amoonguss|0 fnt
|faint|p2b: Amoonguss
|-ability|p1a: Calyrex|Chilling Neigh|boost
|-boost|p1a: Calyrex|atk|1
|move|p2a: Calyrex|Glacial Lance|p1b: Smeargle|[spread] p1a,p1b
|-resisted|p1a: Calyrex
|-damage|p1a: Calyrex|30/100
|-damage|p1b: Smeargle|0 fnt
|faint|p1b: Smeargle
|-ability|p2a: Calyrex|Chilling Neigh|boost
|-boost|p2a: Calyrex|atk|1
|
|upkeep
|
|t:|1750772501
|switch|p1b: Hitmontop|Hitmontop, L50, M|100/100
|switch|p2b: Miraidon|Miraidon, L50|100/100
|-activate|p2b: Miraidon|ability: Hadron Engine
|-ability|p1b: Hitmontop|Intimidate|boost
|-fail|p2a: Calyrex|unboost|[from] item: Clear Amulet|[of] p2a: Calyrex
|-unboost|p2b: Miraidon|atk|1
|turn|5
|
|t:|1750772510
|move|p2b: Miraidon|Protect|p2b: Miraidon
|-singleturn|p2b: Miraidon|Protect
|move|p2a: Calyrex|Protect|p2a: Calyrex
|-singleturn|p2a: Calyrex|Protect
|move|p1b: Hitmontop|Fake Out|p2b: Miraidon
|-activate|p2b: Miraidon|move: Protect
|move|p1a: Calyrex|Glacial Lance|p2b: Miraidon|[spread] 
|-activate|p2a: Calyrex|move: Protect
|-activate|p2b: Miraidon|move: Protect
|
|upkeep
|turn|6
|
|t:|1750772529
|move|p1a: Calyrex|Protect|p1a: Calyrex
|-singleturn|p1a: Calyrex|Protect
|move|p2b: Miraidon|Electro Drift|p1a: Calyrex
|-activate|p1a: Calyrex|move: Protect
|move|p1b: Hitmontop|Brick Break|p2a: Calyrex
|-damage|p2a: Calyrex|0 fnt
|faint|p2a: Calyrex
|
|-fieldend|move: Electric Terrain
|upkeep
|
|t:|1750772538
|switch|p2a: Ogerpon|Ogerpon-Wellspring, L50, F|100/100
|turn|7
|
|t:|1750772552
|move|p2b: Miraidon|Electro Drift|p1a: Calyrex
|-damage|p1a: Calyrex|0 fnt
|faint|p1a: Calyrex
|move|p2a: Ogerpon|Ivy Cudgel|p1b: Hitmontop|[anim] Ivy Cudgel Water
|-damage|p1b: Hitmontop|56/100
|move|p1b: Hitmontop|Brick Break|p2b: Miraidon
|-damage|p2b: Miraidon|74/100
|
|upkeep
|
|t:|1750772561
|switch|p1a: Palkia|Palkia, L50|100/100
|-ability|p1a: Palkia|Pressure
|turn|8
|
|t:|1750772577
|-terastallize|p1a: Palkia|Grass
|move|p2b: Miraidon|Electro Drift|p1a: Palkia
|-resisted|p1a: Palkia
|-damage|p1a: Palkia|82/100
|move|p2a: Ogerpon|Leech Seed|p1b: Hitmontop
|-start|p1b: Hitmontop|move: Leech Seed
|move|p1b: Hitmontop|Brick Break|p2b: Miraidon
|-damage|p2b: Miraidon|48/100
|move|p1a: Palkia|Trick Room|p1a: Palkia
|-fieldstart|move: Trick Room|[of] p1a: Palkia
|
|-damage|p1b: Hitmontop|44/100|[from] Leech Seed|[of] p2a: Ogerpon
|upkeep
|turn|9
|
|t:|1750772600
|move|p1b: Hitmontop|Feint|p2b: Miraidon
|-damage|p2b: Miraidon|40/100
|move|p2a: Ogerpon|Follow Me|p2a: Ogerpon
|-singleturn|p2a: Ogerpon|move: Follow Me
|move|p1a: Palkia|Spacial Rend|p2a: Ogerpon
|-damage|p2a: Ogerpon|38/100
|move|p2b: Miraidon|Calm Mind|p2b: Miraidon
|-boost|p2b: Miraidon|spa|1
|-boost|p2b: Miraidon|spd|1
|
|-damage|p1b: Hitmontop|32/100|[from] Leech Seed|[of] p2a: Ogerpon
|-heal|p2a: Ogerpon|48/100|[silent]
|upkeep
|turn|10
|
|t:|1750772613
|move|p2a: Ogerpon|Spiky Shield|p2a: Ogerpon
|-singleturn|p2a: Ogerpon|move: Protect
|move|p2b: Miraidon|Protect|p2b: Miraidon
|-singleturn|p2b: Miraidon|Protect
|move|p1b: Hitmontop|Brick Break|p2b: Miraidon
|-activate|p2b: Miraidon|move: Protect
|move|p1a: Palkia|Spacial Rend|p2b: Miraidon
|-activate|p2b: Miraidon|move: Protect
|
|-damage|p1b: Hitmontop|20/100|[from] Leech Seed|[of] p2a: Ogerpon
|-heal|p2a: Ogerpon|58/100|[silent]
|upkeep
|turn|11
|
|t:|1750772632
|move|p1b: Hitmontop|Feint|p2b: Miraidon
|-damage|p2b: Miraidon|33/100
|move|p2a: Ogerpon|Follow Me|p2a: Ogerpon
|-singleturn|p2a: Ogerpon|move: Follow Me
|move|p1a: Palkia|Spacial Rend|p2a: Ogerpon
|-damage|p2a: Ogerpon|0 fnt
|faint|p2a: Ogerpon
|move|p2b: Miraidon|Electro Drift|p1a: Palkia
|-resisted|p1a: Palkia
|-damage|p1a: Palkia|56/100
|
|upkeep
|turn|12
|
|t:|1750772645
|move|p1b: Hitmontop|Feint|p2b: Miraidon
|-damage|p2b: Miraidon|26/100
|move|p1a: Palkia|Spacial Rend|p2b: Miraidon
|-supereffective|p2b: Miraidon
|-damage|p2b: Miraidon|0 fnt
|faint|p2b: Miraidon
|
|win|HecklerSupreme
|raw|HecklerSupreme's rating: 1528 &rarr; <strong>1546</strong><br />(+18 for winning)
|raw|MalteseShark's rating: 1494 &rarr; <strong>1476</strong><br />(-18 for losing)
|c|☆HecklerSupreme|gg
|l|☆MalteseShark
|player|p2|
|l|☆HecklerSupreme
|player|p1|
