|j|☆BangRoasted
|j|☆blu3cr33p3r
|t:|1750796019
|gametype|doubles
|player|p1|BangRoasted|tulip|1256
|player|p2|blu3cr33p3r|bruno|1205
|teamsize|p1|6
|teamsize|p2|6
|gen|9
|tier|[Gen 9] VGC 2025 Reg I
|rated|
|rule|Species Clause: Limit one of each Pokémon
|rule|Item Clause: Limit 1 of each item
|clearpoke
|poke|p1|Calyrex-Shadow, L50|
|poke|p1|Terapagos, L50, M|
|poke|p1|Landorus, L50, M|
|poke|p1|Roaring Moon, L50|
|poke|p1|Ogerpon-Cornerstone, L50, F|
|poke|p1|Indeedee-F, L50, F|
|poke|p2|Lunala, L50|
|poke|p2|Ursaluna, L50, M|
|poke|p2|Urshifu-*, L50, F|
|poke|p2|Miraidon, L50|
|poke|p2|Grimmsnarl, L50, M|
|poke|p2|Incineroar, L50, M|
|teampreview|4
|inactive|Battle timer is ON: inactive players will automatically lose when time's up. (requested by BangRoasted)
|inactive|blu3cr33p3r has 60 seconds left.
|
|t:|1750796074
|start
|switch|p1a: Roaring Moon|Roaring Moon, L50|100/100
|switch|p1b: Ogerpon|Ogerpon-Cornerstone, L50, F|100/100
|switch|p2a: Grimmsnarl|Grimmsnarl, L50, M|100/100
|switch|p2b: Miraidon|Miraidon, L50|100/100
|-fieldstart|move: Electric Terrain|[from] ability: Hadron Engine|[of] p2b: Miraidon
|-enditem|p1a: Roaring Moon|Booster Energy
|-activate|p1a: Roaring Moon|ability: Protosynthesis|[fromitem]
|-start|p1a: Roaring Moon|protosynthesisspe
|turn|1
|inactive|BangRoasted has 30 seconds left.
|inactive|blu3cr33p3r has 30 seconds left.
|inactive|blu3cr33p3r has 20 seconds left.
|
|t:|1750796114
|move|p2a: Grimmsnarl|Reflect|p2a: Grimmsnarl
|-sidestart|p2: blu3cr33p3r|Reflect
|move|p1a: Roaring Moon|Tailwind|p1a: Roaring Moon
|-sidestart|p1: BangRoasted|move: Tailwind
|move|p1b: Ogerpon|Ivy Cudgel|p2b: Miraidon|[anim] Ivy Cudgel Rock
|-damage|p2b: Miraidon|67/100
|move|p2b: Miraidon|Draco Meteor|p1a: Roaring Moon
|-supereffective|p1a: Roaring Moon
|-damage|p1a: Roaring Moon|0 fnt
|-unboost|p2b: Miraidon|spa|2
|faint|p1a: Roaring Moon
|-end|p1a: Roaring Moon|Protosynthesis|[silent]
|
|upkeep
|
|t:|1750796127
|switch|p1a: Terapagos|Terapagos, L50, M|100/100
|-activate|p1a: Terapagos|ability: Tera Shift
|detailschange|p1a: Terapagos|Terapagos-Terastal, L50, M
|-heal|p1a: Terapagos|100/100|[silent]
|turn|2
|inactive|blu3cr33p3r has 30 seconds left.
|inactive|blu3cr33p3r has 20 seconds left.
|inactive|blu3cr33p3r has 15 seconds left.
|
|t:|1750796171
|switch|p2b: Urshifu|Urshifu-Rapid-Strike, L50, F|100/100
|move|p2a: Grimmsnarl|Light Screen|p2a: Grimmsnarl
|-sidestart|p2: blu3cr33p3r|move: Light Screen
|move|p1b: Ogerpon|Taunt|p2a: Grimmsnarl
|-start|p2a: Grimmsnarl|move: Taunt
|move|p1a: Terapagos|Tera Starstorm|p2b: Urshifu
|-damage|p2b: Urshifu|15/100
|
|upkeep
|turn|3
|inactive|blu3cr33p3r has 30 seconds left.
|inactive|blu3cr33p3r has 20 seconds left.
|inactive|blu3cr33p3r has 15 seconds left.
|inactive|blu3cr33p3r has 10 seconds left.
|
|t:|1750796217
|move|p1b: Ogerpon|Ivy Cudgel|p2b: Urshifu|[anim] Ivy Cudgel Rock
|-resisted|p2b: Urshifu
|-damage|p2b: Urshifu|0 fnt
|faint|p2b: Urshifu
|move|p1a: Terapagos|Tera Starstorm|p2a: Grimmsnarl
|-damage|p2a: Grimmsnarl|50/100
|move|p2a: Grimmsnarl|Spirit Break|p1b: Ogerpon
|-damage|p1b: Ogerpon|58/100
|-unboost|p1b: Ogerpon|spa|1
|
|upkeep
|
|t:|1750796235
|switch|p2b: Miraidon|Miraidon, L50|67/100
|-activate|p2b: Miraidon|ability: Hadron Engine
|turn|4
|
|t:|1750796250
|-terastallize|p1a: Terapagos|Stellar
|detailschange|p1a: Terapagos|Terapagos-Stellar, L50, M, tera:Stellar
|-heal|p1a: Terapagos|100/100|[silent]
|-ability|p1a: Terapagos|Teraform Zero
|-fieldend|move: Electric Terrain
|move|p1b: Ogerpon|Follow Me|p1b: Ogerpon
|-singleturn|p1b: Ogerpon|move: Follow Me
|move|p1a: Terapagos|Tera Starstorm|p2b: Miraidon|[spread] p2a,p2b
|-damage|p2a: Grimmsnarl|12/100
|-damage|p2b: Miraidon|47/100
|move|p2b: Miraidon|Electro Drift|p1b: Ogerpon
|-resisted|p1b: Ogerpon
|-damage|p1b: Ogerpon|27/100
|move|p2a: Grimmsnarl|Spirit Break|p1b: Ogerpon
|-damage|p1b: Ogerpon|0 fnt
|faint|p1b: Ogerpon
|
|-sideend|p1: BangRoasted|move: Tailwind
|upkeep
|
|t:|1750796270
|switch|p1b: Calyrex|Calyrex-Shadow, L50|100/100
|-ability|p1b: Calyrex|As One
|-ability|p1b: Calyrex|Unnerve
|turn|5
|inactive|blu3cr33p3r has 30 seconds left.
|
|t:|1750796296
|move|p1b: Calyrex|Disable|p2b: Miraidon
|-start|p2b: Miraidon|Disable|Electro Drift
|move|p2b: Miraidon|Snarl|p1a: Terapagos|[spread] p1a,p1b
|-supereffective|p1b: Calyrex
|-damage|p1a: Terapagos|90/100
|-damage|p1b: Calyrex|34/100
|-unboost|p1a: Terapagos|spa|1
|-unboost|p1b: Calyrex|spa|1
|move|p1a: Terapagos|Tera Starstorm|p2a: Grimmsnarl|[spread] p2a,p2b
|-damage|p2a: Grimmsnarl|0 fnt
|-damage|p2b: Miraidon|32/100
|faint|p2a: Grimmsnarl
|
|upkeep
|
|t:|1750796310
|switch|p2a: Lunala|Lunala, L50|100/100
|turn|6
|
|t:|1750796332
|move|p1b: Calyrex|Protect|p1b: Calyrex
|-singleturn|p1b: Calyrex|Protect
|move|p2a: Lunala|Wide Guard|p2a: Lunala
|-singleturn|p2a: Lunala|Wide Guard
|move|p2b: Miraidon|Snarl|p1b: Calyrex|[spread] p1a
|-activate|p1b: Calyrex|move: Protect
|-damage|p1a: Terapagos|79/100
|-unboost|p1a: Terapagos|spa|1
|move|p1a: Terapagos|Tera Starstorm|p2b: Miraidon|[spread] 
|-activate|p2a: Lunala|move: Wide Guard
|-activate|p2b: Miraidon|move: Wide Guard
|
|upkeep
|turn|7
|inactive|blu3cr33p3r has 30 seconds left.
|
|t:|1750796363
|move|p2a: Lunala|Wide Guard|p2a: Lunala
|-singleturn|p2a: Lunala|Wide Guard
|move|p1b: Calyrex|Disable|p2a: Lunala
|-start|p2a: Lunala|Disable|Wide Guard
|move|p2b: Miraidon|Snarl|p1b: Calyrex|[spread] p1a,p1b
|-supereffective|p1b: Calyrex
|-damage|p1a: Terapagos|68/100
|-damage|p1b: Calyrex|0 fnt
|-unboost|p1a: Terapagos|spa|1
|faint|p1b: Calyrex
|move|p1a: Terapagos|Tera Starstorm|p2b: Miraidon|[spread] 
|-activate|p2a: Lunala|move: Wide Guard
|-activate|p2b: Miraidon|move: Wide Guard
|
|upkeep
|turn|8
|inactive|blu3cr33p3r has 30 seconds left.
|
|t:|1750796390
|move|p2b: Miraidon|Draco Meteor|p1a: Terapagos
|-damage|p1a: Terapagos|17/100
|-unboost|p2b: Miraidon|spa|2
|move|p1a: Terapagos|Tera Starstorm|p2a: Lunala|[spread] p2a,p2b
|-crit|p2a: Lunala
|-damage|p2a: Lunala|88/100
|-damage|p2b: Miraidon|18/100
|move|p2a: Lunala|Moonblast|p1a: Terapagos
|-damage|p1a: Terapagos|0 fnt
|faint|p1a: Terapagos
|detailschange|p1: Terapagos|Terapagos, L50, M|[silent]
|
|win|blu3cr33p3r
|raw|BangRoasted's rating: 1256 &rarr; <strong>1227</strong><br />(-29 for losing)
|raw|blu3cr33p3r's rating: 1205 &rarr; <strong>1234</strong><br />(+29 for winning)
