|j|☆Boumsong90
|j|☆bubert_ps
|t:|1750749787
|gametype|doubles
|player|p1|Boumsong90|170|1380
|player|p2|bubert_ps|1|1364
|teamsize|p1|6
|teamsize|p2|6
|gen|9
|tier|[Gen 9] VGC 2025 Reg I
|rated|
|rule|Species Clause: Limit one of each Pokémon
|rule|Item Clause: Limit 1 of each item
|clearpoke
|poke|p1|Miraidon, L50|
|poke|p1|Lunala, L50|
|poke|p1|Incineroar, L50, F|
|poke|p1|Urshifu-*, L50, F|
|poke|p1|Ursaluna, L50, F|
|poke|p1|Whimsicott, L50, M|
|poke|p2|Miraidon, L50|
|poke|p2|Iron Bundle, L50|
|poke|p2|Incineroar, L50, M|
|poke|p2|Zamazenta-*, L50|
|poke|p2|Chien-Pao, L50|
|poke|p2|Annihilape, L50, F|
|teampreview|4
|
|t:|1750749826
|start
|switch|p1a: Miraidon|Miraidon, L50|100/100
|switch|p1b: Lunala|Lunala, L50, shiny|100/100
|switch|p2a: Iron Bundle|Iron Bundle, L50, shiny|100/100
|switch|p2b: Miraidon|Miraidon, L50|100/100
|-fieldstart|move: Electric Terrain|[from] ability: Hadron Engine|[of] p1a: Miraidon
|-activate|p2a: Iron Bundle|ability: Quark Drive
|-start|p2a: Iron Bundle|quarkdrivespe
|-enditem|p1b: Lunala|Electric Seed
|-boost|p1b: Lunala|def|1|[from] item: Electric Seed
|-activate|p2b: Miraidon|ability: Hadron Engine
|turn|1
|inactive|Battle timer is ON: inactive players will automatically lose when time's up. (requested by Boumsong90)
|l|☆Boumsong90
|inactive|Boumsong90 disconnected and has a minute to reconnect!
|player|p1|
|j|☆Boumsong90
|inactive|Boumsong90 reconnected and has 65 seconds left.
|player|p1|Boumsong90|170|
|inactive|Boumsong90 has 60 seconds left.
|inactive|bubert_ps has 60 seconds left.
|
|t:|1750749881
|-terastallize|p1a: Miraidon|Fairy
|move|p2a: Iron Bundle|Icy Wind|p1a: Miraidon|[spread] p1a,p1b
|-damage|p1a: Miraidon|81/100
|-damage|p1b: Lunala|94/100
|-unboost|p1a: Miraidon|spe|1
|-unboost|p1b: Lunala|spe|1
|move|p2b: Miraidon|Volt Switch|p1a: Miraidon
|-damage|p1a: Miraidon|1/100
|
|t:|1750749893
|switch|p2b: Incineroar|Incineroar, L50, M, shiny|100/100|[from] Volt Switch
|-ability|p2b: Incineroar|Intimidate|boost
|-unboost|p1a: Miraidon|atk|1
|-unboost|p1b: Lunala|atk|1
|move|p1a: Miraidon|Volt Switch|p2a: Iron Bundle
|-supereffective|p2a: Iron Bundle
|-enditem|p2a: Iron Bundle|Focus Sash
|-damage|p2a: Iron Bundle|1/100
|
|t:|1750749903
|switch|p1a: Ursaluna|Ursaluna, L50, F|100/100|[from] Volt Switch
|move|p1b: Lunala|Trick Room|p1b: Lunala
|-fieldstart|move: Trick Room|[of] p1b: Lunala
|
|-status|p1a: Ursaluna|brn|[from] item: Flame Orb
|upkeep
|turn|2
|inactive|Boumsong90 has 30 seconds left.
|inactive|bubert_ps has 30 seconds left.
|
|t:|1750749938
|move|p1a: Ursaluna|Protect|p1a: Ursaluna
|-singleturn|p1a: Ursaluna|Protect
|move|p2b: Incineroar|Fake Out|p1a: Ursaluna
|-activate|p1a: Ursaluna|move: Protect
|move|p1b: Lunala|Moongeist Beam|p2a: Iron Bundle
|-damage|p2a: Iron Bundle|0 fnt
|faint|p2a: Iron Bundle
|-end|p2a: Iron Bundle|Quark Drive|[silent]
|
|-damage|p1a: Ursaluna|95/100 brn|[from] brn
|upkeep
|
|t:|1750749941
|switch|p2a: Zamazenta|Zamazenta-Crowned, L50, shiny|100/100
|-ability|p2a: Zamazenta|Dauntless Shield|boost
|-boost|p2a: Zamazenta|def|1
|turn|3
|
|t:|1750749958
|-terastallize|p2a: Zamazenta|Dragon
|move|p1b: Lunala|Wide Guard|p1b: Lunala
|-singleturn|p1b: Lunala|Wide Guard
|move|p1a: Ursaluna|Earthquake|p2a: Zamazenta|[spread] p2a,p2b
|-activate|p1b: Lunala|move: Wide Guard
|-supereffective|p2b: Incineroar
|-damage|p2a: Zamazenta|74/100
|-damage|p2b: Incineroar|2/100
|move|p2b: Incineroar|Knock Off|p1b: Lunala
|-supereffective|p1b: Lunala
|-damage|p1b: Lunala|42/100
|move|p2a: Zamazenta|Body Press|p1a: Ursaluna
|-supereffective|p1a: Ursaluna
|-crit|p1a: Ursaluna
|-damage|p1a: Ursaluna|0 fnt
|faint|p1a: Ursaluna
|
|upkeep
|
|t:|1750749976
|switch|p1a: Urshifu|Urshifu-Rapid-Strike, L50, F|100/100
|turn|4
|
|t:|1750749995
|switch|p2b: Miraidon|Miraidon, L50|100/100
|-activate|p2b: Miraidon|ability: Hadron Engine
|move|p1b: Lunala|Moonblast|p2a: Zamazenta
|-supereffective|p2a: Zamazenta
|-damage|p2a: Zamazenta|33/100
|move|p1a: Urshifu|Close Combat|p2b: Miraidon
|-damage|p2b: Miraidon|1/100
|-unboost|p1a: Urshifu|def|1
|-unboost|p1a: Urshifu|spd|1
|move|p2a: Zamazenta|Heavy Slam|p1b: Lunala
|-damage|p1b: Lunala|16/100
|
|upkeep
|turn|5
|
|t:|1750750014
|switch|p2b: Incineroar|Incineroar, L50, M, shiny|2/100
|-ability|p2b: Incineroar|Intimidate|boost
|-unboost|p1a: Urshifu|atk|1
|-unboost|p1b: Lunala|atk|1
|move|p2a: Zamazenta|Protect|p2a: Zamazenta
|-singleturn|p2a: Zamazenta|Protect
|move|p1b: Lunala|Moonblast|p2a: Zamazenta
|-activate|p2a: Zamazenta|move: Protect
|move|p1a: Urshifu|Close Combat|p2b: Incineroar
|-supereffective|p2b: Incineroar
|-damage|p2b: Incineroar|0 fnt
|-unboost|p1a: Urshifu|def|1
|-unboost|p1a: Urshifu|spd|1
|faint|p2b: Incineroar
|
|-fieldend|move: Trick Room
|-fieldend|move: Electric Terrain
|upkeep
|
|t:|1750750023
|switch|p2b: Miraidon|Miraidon, L50|1/100
|-fieldstart|move: Electric Terrain|[from] ability: Hadron Engine|[of] p2b: Miraidon
|turn|6
|
|t:|1750750045
|move|p2b: Miraidon|Dazzling Gleam|p1a: Urshifu|[spread] p1a,p1b
|-supereffective|p1a: Urshifu
|-damage|p1a: Urshifu|0 fnt
|-damage|p1b: Lunala|0 fnt
|faint|p1a: Urshifu
|faint|p1b: Lunala
|move|p2a: Zamazenta|Body Press|p1: Urshifu|[notarget]
|-fail|p2a: Zamazenta
|
|upkeep
|
|t:|1750750057
|switch|p1b: Miraidon|Miraidon, L50, tera:Fairy|1/100
|-activate|p1b: Miraidon|ability: Hadron Engine
|turn|7
|
|t:|1750750061
|move|p2a: Zamazenta|Wide Guard|p2a: Zamazenta
|-singleturn|p2a: Zamazenta|Wide Guard
|move|p2b: Miraidon|Dazzling Gleam|p1b: Miraidon
|-damage|p1b: Miraidon|0 fnt
|faint|p1b: Miraidon
|
|win|bubert_ps
|raw|Boumsong90's rating: 1380 &rarr; <strong>1359</strong><br />(-21 for losing)
|raw|bubert_ps's rating: 1364 &rarr; <strong>1385</strong><br />(+21 for winning)
|l|☆Boumsong90
|player|p1|
|l|☆bubert_ps
|player|p2|
