|j|☆I don't 123456
|j|☆nareik12
|t:|1750789682
|gametype|doubles
|player|p1|I don't 123456|170|1084
|player|p2|nareik12|cynthia-gen4|1021
|teamsize|p1|6
|teamsize|p2|6
|gen|9
|tier|[Gen 9] VGC 2025 Reg I
|rated|
|rule|Species Clause: Limit one of each Pokémon
|rule|Item Clause: Limit 1 of each item
|clearpoke
|poke|p1|Hippowdon, L50, F|
|poke|p1|Incineroar, L50, F|
|poke|p1|Zacian-*, L50|
|poke|p1|Dialga, L50|
|poke|p1|Rillaboom, L50, F|
|poke|p1|Lycanroc, L50, F|
|poke|p2|Groudon, L50|
|poke|p2|Ho-Oh, L50|
|poke|p2|Jumpluff, L50, F|
|poke|p2|Grimmsnarl, L50, M|
|poke|p2|Ogerpon-Hearthflame, L50, F|
|poke|p2|Tatsugiri, L50, M|
|teampreview|4
|inactive|Battle timer is ON: inactive players will automatically lose when time's up. (requested by nareik12)
|
|t:|1750789698
|start
|switch|p1a: Hippowdon|Hippowdon, L50, F|100/100
|switch|p1b: Lycanroc|Lycanroc, L50, F|100/100
|switch|p2a: Groudon|Groudon, L50, shiny|100/100
|switch|p2b: Jumpluff|Jumpluff, L50, F, shiny|100/100
|-weather|SunnyDay|[from] ability: Drought|[of] p2a: Groudon
|-weather|Sandstorm|[from] ability: Sand Stream|[of] p1a: Hippowdon
|turn|1
|
|t:|1750789718
|switch|p2a: Grimmsnarl|Grimmsnarl, L50, M, shiny|100/100
|switch|p2b: Ho-Oh|Ho-Oh, L50, shiny|100/100
|move|p1b: Lycanroc|Swords Dance|p1b: Lycanroc
|-boost|p1b: Lycanroc|atk|2
|move|p1a: Hippowdon|Yawn|p2b: Ho-Oh
|-start|p2b: Ho-Oh|move: Yawn|[of] p1a: Hippowdon
|
|-weather|Sandstorm|[upkeep]
|-damage|p2b: Ho-Oh|94/100|[from] Sandstorm
|-damage|p2a: Grimmsnarl|95/100|[from] Sandstorm
|upkeep
|turn|2
|
|t:|1750789736
|switch|p2b: Groudon|Groudon, L50, shiny|100/100
|-weather|SunnyDay|[from] ability: Drought|[of] p2b: Groudon
|-terastallize|p1b: Lycanroc|Rock
|move|p2a: Grimmsnarl|Thunder Wave|p1b: Lycanroc
|-status|p1b: Lycanroc|par
|move|p1b: Lycanroc|Rock Slide|p2b: Groudon|[spread] p2a,p2b
|-resisted|p2b: Groudon
|-damage|p2a: Grimmsnarl|0 fnt
|-damage|p2b: Groudon|68/100
|faint|p2a: Grimmsnarl
|move|p1a: Hippowdon|Fissure|p2b: Groudon|[miss]
|-miss|p1a: Hippowdon|p2b: Groudon
|
|-weather|SunnyDay|[upkeep]
|upkeep
|
|t:|1750789757
|switch|p2a: Jumpluff|Jumpluff, L50, F, shiny|100/100
|turn|3
|
|t:|1750789769
|switch|p1b: Dialga|Dialga, L50|100/100
|-ability|p1b: Dialga|Pressure
|switch|p1a: Rillaboom|Rillaboom, L50, F|100/100
|-fieldstart|move: Grassy Terrain|[from] ability: Grassy Surge|[of] p1a: Rillaboom
|-enditem|p1b: Dialga|Grassy Seed
|-boost|p1b: Dialga|def|1|[from] item: Grassy Seed
|move|p2a: Jumpluff|Tailwind|p2a: Jumpluff
|-sidestart|p2: nareik12|move: Tailwind
|move|p2b: Groudon|Earthquake|p1b: Dialga|[spread] p1a,p1b
|-immune|p2a: Jumpluff
|-resisted|p1a: Rillaboom
|-supereffective|p1b: Dialga
|-damage|p1a: Rillaboom|88/100
|-damage|p1b: Dialga|80/100
|
|-weather|SunnyDay|[upkeep]
|-heal|p2b: Groudon|74/100|[from] Grassy Terrain
|-heal|p1a: Rillaboom|94/100|[from] Grassy Terrain
|-heal|p1b: Dialga|86/100|[from] Grassy Terrain
|upkeep
|turn|4
|inactive|nareik12 has 30 seconds left.
|inactive|nareik12 has 20 seconds left.
|inactive|nareik12 has 15 seconds left.
|inactive|nareik12 has 10 seconds left.
|inactive|nareik12 has 5 seconds left.
|
|t:|1750789820
|move|p1a: Rillaboom|Fake Out|p2b: Groudon
|-damage|p2b: Groudon|63/100
|move|p2a: Jumpluff|Strength Sap|p1a: Rillaboom
|-unboost|p1a: Rillaboom|atk|1
|cant|p2b: Groudon|flinch
|move|p1b: Dialga|Iron Defense|p1b: Dialga
|-boost|p1b: Dialga|def|2
|
|-weather|SunnyDay|[upkeep]
|-heal|p2b: Groudon|69/100|[from] Grassy Terrain
|-heal|p1a: Rillaboom|99/100|[from] Grassy Terrain
|-heal|p1b: Dialga|92/100|[from] Grassy Terrain
|upkeep
|turn|5
|inactive|I don't 123456 has 30 seconds left.
|
|t:|1750789847
|switch|p1a: Hippowdon|Hippowdon, L50, F|100/100
|-weather|Sandstorm|[from] ability: Sand Stream|[of] p1a: Hippowdon
|move|p2b: Groudon|Heat Crash|p1a: Hippowdon
|-damage|p1a: Hippowdon|82/100
|move|p2a: Jumpluff|Sleep Powder|p1b: Dialga
|-status|p1b: Dialga|slp|[from] move: Sleep Powder
|cant|p1b: Dialga|slp
|
|-weather|Sandstorm|[upkeep]
|-damage|p2a: Jumpluff|94/100|[from] Sandstorm
|-heal|p2b: Groudon|75/100|[from] Grassy Terrain
|-heal|p1b: Dialga|98/100 slp|[from] Grassy Terrain
|-heal|p1a: Hippowdon|88/100|[from] Grassy Terrain
|-heal|p1a: Hippowdon|94/100|[from] item: Leftovers
|upkeep
|turn|6
|inactive|I don't 123456 has 30 seconds left.
|
|t:|1750789873
|switch|p2b: Ho-Oh|Ho-Oh, L50, shiny|100/100
|move|p2a: Jumpluff|Strength Sap|p1a: Hippowdon
|-unboost|p1a: Hippowdon|atk|1
|-heal|p2a: Jumpluff|100/100
|cant|p1b: Dialga|slp
|move|p1a: Hippowdon|Fissure|p2b: Ho-Oh
|-immune|p2b: Ho-Oh
|
|-weather|Sandstorm|[upkeep]
|-damage|p2b: Ho-Oh|94/100|[from] Sandstorm
|-damage|p2a: Jumpluff|94/100|[from] Sandstorm
|-heal|p1b: Dialga|100/100 slp|[from] Grassy Terrain
|-heal|p1a: Hippowdon|100/100|[from] Grassy Terrain
|-sideend|p2: nareik12|move: Tailwind
|upkeep
|turn|7
|
|t:|1750789895
|switch|p2b: Groudon|Groudon, L50, shiny|75/100
|-weather|SunnyDay|[from] ability: Drought|[of] p2b: Groudon
|move|p2a: Jumpluff|Tailwind|p2a: Jumpluff
|-sidestart|p2: nareik12|move: Tailwind
|cant|p1b: Dialga|slp
|move|p1a: Hippowdon|Yawn|p2b: Groudon
|-start|p2b: Groudon|move: Yawn|[of] p1a: Hippowdon
|
|-weather|SunnyDay|[upkeep]
|-heal|p2b: Groudon|80/100|[from] Grassy Terrain
|-fieldend|move: Grassy Terrain
|upkeep
|turn|8
|inactive|nareik12 has 30 seconds left.
|
|t:|1750789921
|switch|p2b: Ho-Oh|Ho-Oh, L50, shiny|100/100
|move|p2a: Jumpluff|Strength Sap|p1a: Hippowdon
|-unboost|p1a: Hippowdon|atk|1
|-heal|p2a: Jumpluff|100/100
|-curestatus|p1b: Dialga|slp|[msg]
|move|p1b: Dialga|Heavy Slam|p2a: Jumpluff
|-damage|p2a: Jumpluff|51/100
|move|p1a: Hippowdon|Fissure|p2b: Ho-Oh
|-immune|p2b: Ho-Oh
|
|-weather|SunnyDay|[upkeep]
|upkeep
|turn|9
|inactive|nareik12 has 30 seconds left.
|
|t:|1750789948
|move|p1b: Dialga|Protect|p1b: Dialga
|-singleturn|p1b: Dialga|Protect
|move|p2a: Jumpluff|Sleep Powder|p1b: Dialga
|-activate|p1b: Dialga|move: Protect
|move|p2b: Ho-Oh|Sacred Fire|p1b: Dialga
|-activate|p1b: Dialga|move: Protect
|move|p1a: Hippowdon|Yawn|p2a: Jumpluff
|-start|p2a: Jumpluff|move: Yawn|[of] p1a: Hippowdon
|
|-weather|SunnyDay|[upkeep]
|upkeep
|turn|10
|inactive|I don't 123456 has 30 seconds left.
|inactive|nareik12 has 30 seconds left.
|inactive|nareik12 has 20 seconds left.
|inactive|nareik12 has 15 seconds left.
|
|t:|1750789988
|switch|p1a: Rillaboom|Rillaboom, L50, F|99/100
|-fieldstart|move: Grassy Terrain|[from] ability: Grassy Surge|[of] p1a: Rillaboom
|move|p2a: Jumpluff|Sleep Powder|p1b: Dialga|[miss]
|-miss|p2a: Jumpluff|p1b: Dialga
|move|p2b: Ho-Oh|Sacred Fire|p1b: Dialga
|-damage|p1b: Dialga|69/100
|-status|p1b: Dialga|brn
|-damage|p2b: Ho-Oh|91/100|[from] item: Life Orb
|move|p1b: Dialga|Heavy Slam|p2a: Jumpluff
|-crit|p2a: Jumpluff
|-damage|p2a: Jumpluff|12/100
|
|-weather|SunnyDay|[upkeep]
|-heal|p1a: Rillaboom|100/100|[from] Grassy Terrain
|-heal|p1b: Dialga|74/100 brn|[from] Grassy Terrain
|-damage|p1b: Dialga|69/100 brn|[from] brn
|-end|p2a: Jumpluff|move: Yawn|[silent]
|-status|p2a: Jumpluff|slp
|-sideend|p2: nareik12|move: Tailwind
|upkeep
|turn|11
|inactive|I don't 123456 has 30 seconds left.
|inactive|nareik12 has 30 seconds left.
|
|t:|1750790020
|cant|p2a: Jumpluff|slp
|move|p1a: Rillaboom|Wood Hammer|p2a: Jumpluff
|-resisted|p2a: Jumpluff
|-damage|p2a: Jumpluff|0 fnt
|faint|p2a: Jumpluff
|-damage|p1a: Rillaboom|96/100|[from] Recoil
|move|p2b: Ho-Oh|Brave Bird|p1a: Rillaboom
|-supereffective|p1a: Rillaboom
|-damage|p1a: Rillaboom|0 fnt
|faint|p1a: Rillaboom
|-damage|p2b: Ho-Oh|60/100|[from] Recoil
|-damage|p2b: Ho-Oh|50/100|[from] item: Life Orb
|move|p1b: Dialga|Body Press|p2b: Ho-Oh
|-resisted|p2b: Ho-Oh
|-damage|p2b: Ho-Oh|37/100
|
|-weather|none
|-heal|p1b: Dialga|74/100 brn|[from] Grassy Terrain
|-damage|p1b: Dialga|69/100 brn|[from] brn
|upkeep
|
|t:|1750790043
|switch|p1a: Hippowdon|Hippowdon, L50, F|100/100
|switch|p2a: Groudon|Groudon, L50, shiny|80/100
|-weather|SunnyDay|[from] ability: Drought|[of] p2a: Groudon
|-weather|Sandstorm|[from] ability: Sand Stream|[of] p1a: Hippowdon
|turn|12
|
|t:|1750790059
|move|p2a: Groudon|High Horsepower|p1b: Dialga
|-supereffective|p1b: Dialga
|-damage|p1b: Dialga|36/100 brn
|move|p2b: Ho-Oh|Sacred Fire|p1b: Dialga
|-damage|p1b: Dialga|15/100 brn
|-damage|p2b: Ho-Oh|27/100|[from] item: Life Orb
|move|p1b: Dialga|Heavy Slam|p2a: Groudon
|-damage|p2a: Groudon|74/100
|move|p1a: Hippowdon|Yawn|p2b: Ho-Oh
|-start|p2b: Ho-Oh|move: Yawn|[of] p1a: Hippowdon
|
|-weather|Sandstorm|[upkeep]
|-damage|p2b: Ho-Oh|21/100|[from] Sandstorm
|-heal|p2a: Groudon|80/100|[from] Grassy Terrain
|-heal|p1b: Dialga|21/100 brn|[from] Grassy Terrain
|-damage|p1b: Dialga|15/100 brn|[from] brn
|upkeep
|turn|13
|inactive|nareik12 has 30 seconds left.
|
|t:|1750790088
|move|p2a: Groudon|Heat Crash|p1b: Dialga
|-damage|p1b: Dialga|10/100 brn
|move|p2b: Ho-Oh|Tailwind|p2b: Ho-Oh
|-sidestart|p2: nareik12|move: Tailwind
|move|p1b: Dialga|Body Press|p2b: Ho-Oh
|-resisted|p2b: Ho-Oh
|-damage|p2b: Ho-Oh|8/100
|move|p1a: Hippowdon|Slack Off||[still]
|-fail|p1a: Hippowdon|heal
|
|-weather|Sandstorm|[upkeep]
|-damage|p2b: Ho-Oh|2/100|[from] Sandstorm
|-heal|p2a: Groudon|86/100|[from] Grassy Terrain
|-heal|p1b: Dialga|16/100 brn|[from] Grassy Terrain
|-damage|p1b: Dialga|10/100 brn|[from] brn
|-end|p2b: Ho-Oh|move: Yawn|[silent]
|-status|p2b: Ho-Oh|slp
|upkeep
|turn|14
|
|t:|1750790113
|move|p2a: Groudon|High Horsepower|p1b: Dialga
|-supereffective|p1b: Dialga
|-damage|p1b: Dialga|0 fnt
|faint|p1b: Dialga
|cant|p2b: Ho-Oh|slp
|move|p1a: Hippowdon|Fissure|p2a: Groudon|[miss]
|-miss|p1a: Hippowdon|p2a: Groudon
|
|-weather|Sandstorm|[upkeep]
|-damage|p2b: Ho-Oh|0 fnt|[from] Sandstorm
|faint|p2b: Ho-Oh
|-heal|p2a: Groudon|91/100|[from] Grassy Terrain
|-fieldend|move: Grassy Terrain
|upkeep
|
|t:|1750790122
|switch|p1b: Lycanroc|Lycanroc, L50, F, tera:Rock|100/100 par
|turn|15
|
|t:|1750790137
|move|p2a: Groudon|Earthquake|p1b: Lycanroc|[spread] p1a,p1b
|-supereffective|p1b: Lycanroc
|-damage|p1a: Hippowdon|78/100
|-damage|p1b: Lycanroc|0 fnt
|faint|p1b: Lycanroc
|move|p1a: Hippowdon|Fissure|p2a: Groudon|[miss]
|-miss|p1a: Hippowdon|p2a: Groudon
|
|-weather|Sandstorm|[upkeep]
|-heal|p1a: Hippowdon|84/100|[from] item: Leftovers
|upkeep
|turn|16
|inactive|nareik12 has 30 seconds left.
|
|t:|1750790157
|move|p2a: Groudon|Protect|p2a: Groudon
|-singleturn|p2a: Groudon|Protect
|move|p1a: Hippowdon|Fissure|p2a: Groudon
|-activate|p2a: Groudon|move: Protect
|
|-weather|none
|-heal|p1a: Hippowdon|90/100|[from] item: Leftovers
|-sideend|p2: nareik12|move: Tailwind
|upkeep
|turn|17
|inactive|nareik12 has 25 seconds left this turn.
|inactive|nareik12 has 20 seconds left.
|inactive|nareik12 has 15 seconds left.
|
|t:|1750790170
|move|p2a: Groudon|High Horsepower|p1a: Hippowdon
|-damage|p1a: Hippowdon|59/100
|move|p1a: Hippowdon|Fissure|p2a: Groudon
|-damage|p2a: Groudon|0 fnt
|faint|p2a: Groudon
|-ohko
|
|win|I don't 123456
|raw|I don&apos;t 123456's rating: 1084 &rarr; <strong>1106</strong><br />(+22 for winning)
|raw|nareik12's rating: 1021 &rarr; <strong>1010</strong><br />(-11 for losing)
|l|☆I don't 123456
|player|p1|
