|j|☆N0VA_Prime
|j|☆phonecount
|t:|1750822502
|gametype|doubles
|player|p1|N0VA_Prime|2|1331
|player|p2|phonecount|169|1445
|teamsize|p1|6
|teamsize|p2|6
|gen|9
|tier|[Gen 9] VGC 2025 Reg I
|rated|
|rule|Species Clause: Limit one of each Pokémon
|rule|Item Clause: Limit 1 of each item
|clearpoke
|poke|p1|Zacian-*, L50|
|poke|p1|Calyrex-Shadow, L50|
|poke|p1|Grimmsnarl, L50, M|
|poke|p1|Incineroar, L50, F|
|poke|p1|Raging Bolt, L50|
|poke|p1|Volcarona, L50, F|
|poke|p2|Terapagos, L50, M|
|poke|p2|Urshifu-*, L50, M|
|poke|p2|Calyrex-Shadow, L50|
|poke|p2|Whimsicott, L50, F|
|poke|p2|Sneasler, L50, F|
|poke|p2|Grimmsnarl, L50, M|
|teampreview|4
|inactive|Battle timer is ON: inactive players will automatically lose when time's up. (requested by N0VA_Prime)
N0VA_Prime rejected open team sheets.
|
|t:|1750822519
|start
|switch|p1a: Incineroar|Incineroar, L50, F|100/100
|switch|p1b: Volcarona|Volcarona, L50, F, shiny|100/100
|switch|p2a: Sneasler|Sneasler, L50, F|100/100
|switch|p2b: Calyrex|Calyrex-Shadow, L50|100/100
|-ability|p2b: Calyrex|As One
|-ability|p2b: Calyrex|Unnerve
|-ability|p1a: Incineroar|Intimidate|boost
|-unboost|p2a: Sneasler|atk|1
|-unboost|p2b: Calyrex|atk|1
|turn|1
|inactive|N0VA_Prime has 30 seconds left.
|inactive|phonecount has 30 seconds left.
|
|t:|1750822548
|move|p2a: Sneasler|Fake Out|p1a: Incineroar
|-enditem|p2a: Sneasler|Normal Gem|[from] gem
|-damage|p1a: Incineroar|91/100
|-damage|p2a: Sneasler|84/100|[from] item: Rocky Helmet|[of] p1a: Incineroar
|cant|p1a: Incineroar|flinch
|move|p2b: Calyrex|Astral Barrage|p1a: Incineroar|[spread] p1a,p1b
|-resisted|p1a: Incineroar
|-crit|p1b: Volcarona
|-damage|p1a: Incineroar|68/100
|-damage|p1b: Volcarona|22/100
|move|p1b: Volcarona|Quiver Dance|p1b: Volcarona
|-boost|p1b: Volcarona|spa|1
|-boost|p1b: Volcarona|spd|1
|-boost|p1b: Volcarona|spe|1
|
|-heal|p1b: Volcarona|29/100|[from] item: Leftovers
|upkeep
|turn|2
|
|t:|1750822566
|switch|p2b: Grimmsnarl|Grimmsnarl, L50, M|100/100
|move|p1b: Volcarona|Protect|p1b: Volcarona
|-singleturn|p1b: Volcarona|Protect
|move|p2a: Sneasler|Acrobatics|p1b: Volcarona
|-activate|p1b: Volcarona|move: Protect
|move|p1a: Incineroar|Knock Off|p2b: Grimmsnarl
|-resisted|p2b: Grimmsnarl
|-damage|p2b: Grimmsnarl|90/100
|-enditem|p2b: Grimmsnarl|Light Clay|[from] move: Knock Off|[of] p1a: Incineroar
|
|-heal|p1b: Volcarona|35/100|[from] item: Leftovers
|upkeep
|turn|3
|inactive|N0VA_Prime has 30 seconds left.
|inactive|N0VA_Prime has 20 seconds left.
|
|t:|1750822605
|move|p1b: Volcarona|Protect||[still]
|-fail|p1b: Volcarona
|move|p2b: Grimmsnarl|Reflect|p2b: Grimmsnarl
|-sidestart|p2: phonecount|Reflect
|move|p2a: Sneasler|Acrobatics|p1b: Volcarona
|-supereffective|p1b: Volcarona
|-damage|p1b: Volcarona|0 fnt
|faint|p1b: Volcarona
|move|p1a: Incineroar|Parting Shot|p2a: Sneasler
|-unboost|p2a: Sneasler|atk|1
|-unboost|p2a: Sneasler|spa|1
|
|t:|1750822617
|switch|p1a: Raging Bolt|Raging Bolt, L50|100/100|[from] Parting Shot
|
|upkeep
|
|t:|1750822620
|switch|p1b: Incineroar|Incineroar, L50, F|68/100
|-ability|p1b: Incineroar|Intimidate|boost
|-unboost|p2a: Sneasler|atk|1
|-unboost|p2b: Grimmsnarl|atk|1
|turn|4
|inactive|N0VA_Prime has 30 seconds left.
|
|t:|1750822647
|switch|p2a: Terapagos|Terapagos, L50, M|100/100
|-activate|p2a: Terapagos|ability: Tera Shift
|detailschange|p2a: Terapagos|Terapagos-Terastal, L50, M
|-heal|p2a: Terapagos|100/100|[silent]
|-terastallize|p1a: Raging Bolt|Fairy
|move|p1b: Incineroar|Fake Out|p2b: Grimmsnarl
|-damage|p2b: Grimmsnarl|82/100
|cant|p2b: Grimmsnarl|flinch
|move|p1a: Raging Bolt|Electroweb|p2a: Terapagos|[spread] p2a,p2b
|-activate|p2a: Terapagos|ability: Tera Shell
|-resisted|p2a: Terapagos
|-damage|p2a: Terapagos|91/100
|-damage|p2b: Grimmsnarl|64/100
|-unboost|p2a: Terapagos|spe|1
|-unboost|p2b: Grimmsnarl|spe|1
|
|upkeep
|turn|5
|
|t:|1750822666
|-terastallize|p2a: Terapagos|Stellar
|detailschange|p2a: Terapagos|Terapagos-Stellar, L50, M, tera:Stellar
|-heal|p2a: Terapagos|94/100|[silent]
|move|p2b: Grimmsnarl|Light Screen|p2b: Grimmsnarl
|-sidestart|p2: phonecount|move: Light Screen
|move|p1a: Raging Bolt|Snarl|p2a: Terapagos|[spread] p2a
|-miss|p1a: Raging Bolt|p2b: Grimmsnarl
|-damage|p2a: Terapagos|87/100
|-unboost|p2a: Terapagos|spa|1
|move|p1b: Incineroar|Parting Shot|p2a: Terapagos
|-unboost|p2a: Terapagos|atk|1
|-unboost|p2a: Terapagos|spa|1
|
|t:|1750822683
|switch|p1b: Calyrex|Calyrex-Shadow, L50|100/100|[from] Parting Shot
|-ability|p1b: Calyrex|As One
|-ability|p1b: Calyrex|Unnerve
|move|p2a: Terapagos|Tera Starstorm|p1a: Raging Bolt|[spread] p1a,p1b
|-supereffective|p1a: Raging Bolt
|-crit|p1b: Calyrex
|-damage|p1a: Raging Bolt|67/100
|-damage|p1b: Calyrex|17/100
|-damage|p2a: Terapagos|77/100|[from] item: Life Orb
|
|upkeep
|turn|6
|
|t:|1750822700
|move|p1b: Calyrex|Protect|p1b: Calyrex
|-singleturn|p1b: Calyrex|Protect
|move|p2b: Grimmsnarl|Thunder Wave|p1a: Raging Bolt
|-status|p1a: Raging Bolt|par
|move|p2a: Terapagos|Tera Starstorm|p1b: Calyrex|[spread] p1a
|-activate|p1b: Calyrex|move: Protect
|-supereffective|p1a: Raging Bolt
|-damage|p1a: Raging Bolt|34/100 par
|-damage|p2a: Terapagos|67/100|[from] item: Life Orb
|cant|p1a: Raging Bolt|par
|
|upkeep
|turn|7
|
|t:|1750822717
|switch|p1b: Incineroar|Incineroar, L50, F|68/100
|-ability|p1b: Incineroar|Intimidate|boost
|-unboost|p2a: Terapagos|atk|1
|-unboost|p2b: Grimmsnarl|atk|1
|move|p2a: Terapagos|Tera Starstorm|p1b: Incineroar|[spread] p1a,p1b
|-supereffective|p1a: Raging Bolt
|-damage|p1a: Raging Bolt|5/100 par
|-damage|p1b: Incineroar|45/100
|-damage|p2a: Terapagos|57/100|[from] item: Life Orb
|move|p2b: Grimmsnarl|Spirit Break|p1a: Raging Bolt
|-damage|p1a: Raging Bolt|0 fnt
|faint|p1a: Raging Bolt
|-end|p1a: Raging Bolt|Protosynthesis|[silent]
|
|-sideend|p2: phonecount|Reflect
|upkeep
|
|t:|1750822729
|switch|p1a: Calyrex|Calyrex-Shadow, L50|17/100
|-ability|p1a: Calyrex|As One
|-ability|p1a: Calyrex|Unnerve
|turn|8
|
|t:|1750822750
|move|p1a: Calyrex|Protect|p1a: Calyrex
|-singleturn|p1a: Calyrex|Protect
|move|p2b: Grimmsnarl|Reflect|p2b: Grimmsnarl
|-sidestart|p2: phonecount|Reflect
|move|p1b: Incineroar|Knock Off|p2a: Terapagos
|-damage|p2a: Terapagos|42/100
|-enditem|p2a: Terapagos|Life Orb|[from] move: Knock Off|[of] p1b: Incineroar
|move|p2a: Terapagos|Calm Mind|p2a: Terapagos
|-boost|p2a: Terapagos|spa|1
|-boost|p2a: Terapagos|spd|1
|
|upkeep
|turn|9
|
|t:|1750822767
|move|p1a: Calyrex|Astral Barrage|p2b: Grimmsnarl|[spread] p2b
|-immune|p2a: Terapagos
|-resisted|p2b: Grimmsnarl
|-damage|p2b: Grimmsnarl|51/100
|move|p1b: Incineroar|Knock Off|p2b: Grimmsnarl
|-resisted|p2b: Grimmsnarl
|-damage|p2b: Grimmsnarl|46/100
|move|p2a: Terapagos|Tera Starstorm|p1a: Calyrex|[spread] p1a,p1b
|-damage|p1a: Calyrex|0 fnt
|-damage|p1b: Incineroar|19/100
|faint|p1a: Calyrex
|move|p2b: Grimmsnarl|Spirit Break|p1b: Incineroar
|-damage|p1b: Incineroar|7/100
|-unboost|p1b: Incineroar|spa|1
|-damage|p2b: Grimmsnarl|29/100|[from] item: Rocky Helmet|[of] p1b: Incineroar
|
|-sideend|p2: phonecount|move: Light Screen
|upkeep
|turn|10
|c|☆N0VA_Prime|UVKY ASS FUCK
|-message|N0VA_Prime forfeited.
|
|win|phonecount
