|j|☆Mortan98
|j|☆Dark Slub
|t:|1750742395
|gametype|doubles
|player|p1|Mortan98|hilbert|1157
|player|p2|Dark Slub|miku-flying|1237
|teamsize|p1|6
|teamsize|p2|6
|gen|9
|tier|[Gen 9] VGC 2025 Reg I
|rated|
|rule|Species Clause: Limit one of each Pokémon
|rule|Item Clause: Limit 1 of each item
|clearpoke
|poke|p1|Terapagos, L50, M|
|poke|p1|Farigiraf, L50, M|
|poke|p1|Chi-Yu, L50|
|poke|p1|Ogerpon-Cornerstone, L50, F|
|poke|p1|Koraidon, L50|
|poke|p1|Talonflame, L50, F|
|poke|p2|Calyrex-Shadow, L50|
|poke|p2|Koraidon, L50|
|poke|p2|Amoonguss, L50, F|
|poke|p2|Incineroar, L50, F|
|poke|p2|Raging Bolt, L50|
|poke|p2|Slowbro, L50, F|
|teampreview|4
|inactive|Battle timer is ON: inactive players will automatically lose when time's up. (requested by Mortan98)
|inactive|Dark Slub has 60 seconds left.
|
|t:|1750742444
|start
|switch|p1a: Talonflame|Talonflame, L50, F|100/100
|switch|p1b: Chi-Yu|Chi-Yu, L50|100/100
|switch|p2a: Incineroar|Incineroar, L50, F|100/100
|switch|p2b: Raging Bolt|Raging Bolt, L50|100/100
|-ability|p1b: Chi-Yu|Beads of Ruin
|-ability|p2a: Incineroar|Intimidate|boost
|-unboost|p1a: Talonflame|atk|1
|-unboost|p1b: Chi-Yu|atk|1
|turn|1
|
|t:|1750742463
|switch|p1a: Ogerpon|Ogerpon-Cornerstone, L50, F|100/100
|move|p2a: Incineroar|Fake Out|p1b: Chi-Yu
|-damage|p1b: Chi-Yu|83/100
|cant|p1b: Chi-Yu|flinch
|move|p2b: Raging Bolt|Thunder|p1b: Chi-Yu
|-damage|p1b: Chi-Yu|0 fnt
|faint|p1b: Chi-Yu
|
|upkeep
|
|t:|1750742474
|switch|p1b: Koraidon|Koraidon, L50|100/100
|-weather|SunnyDay|[from] ability: Orichalcum Pulse|[of] p1b: Koraidon
|-activate|p2b: Raging Bolt|ability: Protosynthesis
|-start|p2b: Raging Bolt|protosynthesisspa
|-activate|p1b: Koraidon|Orichalcum Pulse|[source]
|turn|2
|inactive|Dark Slub has 30 seconds left.
|
|t:|1750742509
|-terastallize|p1b: Koraidon|Fire
|move|p2b: Raging Bolt|Protect|p2b: Raging Bolt
|-singleturn|p2b: Raging Bolt|Protect
|move|p1b: Koraidon|Flame Charge|p2b: Raging Bolt
|-activate|p2b: Raging Bolt|move: Protect
|move|p1a: Ogerpon|Ivy Cudgel|p2a: Incineroar|[anim] Ivy Cudgel Rock
|-supereffective|p2a: Incineroar
|-damage|p2a: Incineroar|19/100
|-enditem|p2a: Incineroar|Sitrus Berry|[eat]
|-heal|p2a: Incineroar|44/100|[from] item: Sitrus Berry
|move|p2a: Incineroar|Flare Blitz|p1a: Ogerpon
|-damage|p1a: Ogerpon|7/100
|-damage|p2a: Incineroar|20/100|[from] Recoil
|
|-weather|SunnyDay|[upkeep]
|upkeep
|turn|3
|inactive|Dark Slub has 30 seconds left.
|
|t:|1750742540
|-end|p2b: Raging Bolt|Protosynthesis|[silent]
|switch|p2b: Slowbro|Slowbro, L50, F|100/100
|move|p1a: Ogerpon|Follow Me|p1a: Ogerpon
|-singleturn|p1a: Ogerpon|move: Follow Me
|move|p1b: Koraidon|Close Combat|p2b: Slowbro
|-resisted|p2b: Slowbro
|-damage|p2b: Slowbro|50/100
|-unboost|p1b: Koraidon|def|1
|-unboost|p1b: Koraidon|spd|1
|-damage|p1b: Koraidon|91/100|[from] item: Life Orb
|move|p2a: Incineroar|Parting Shot|p1a: Ogerpon
|-unboost|p1a: Ogerpon|atk|1
|-unboost|p1a: Ogerpon|spa|1
|
|t:|1750742552
|switch|p2a: Raging Bolt|Raging Bolt, L50|100/100|[from] Parting Shot
|-activate|p2a: Raging Bolt|ability: Protosynthesis
|-start|p2a: Raging Bolt|protosynthesisspa
|
|-weather|SunnyDay|[upkeep]
|upkeep
|turn|4
|
|t:|1750742577
|move|p2b: Slowbro|Protect|p2b: Slowbro
|-singleturn|p2b: Slowbro|Protect
|move|p1a: Ogerpon|Follow Me|p1a: Ogerpon
|-singleturn|p1a: Ogerpon|move: Follow Me
|move|p1b: Koraidon|Close Combat|p2a: Raging Bolt
|-damage|p2a: Raging Bolt|5/100
|-unboost|p1b: Koraidon|def|1
|-unboost|p1b: Koraidon|spd|1
|-damage|p1b: Koraidon|82/100|[from] item: Life Orb
|move|p2a: Raging Bolt|Dragon Pulse|p1a: Ogerpon
|-damage|p1a: Ogerpon|0 fnt
|faint|p1a: Ogerpon
|
|-weather|SunnyDay|[upkeep]
|upkeep
|
|t:|1750742589
|switch|p1a: Talonflame|Talonflame, L50, F|100/100
|turn|5
|
|t:|1750742608
|switch|p2b: Incineroar|Incineroar, L50, F|20/100
|-ability|p2b: Incineroar|Intimidate|boost
|-unboost|p1a: Talonflame|atk|1
|-unboost|p1b: Koraidon|atk|1
|move|p1a: Talonflame|Tailwind|p1a: Talonflame
|-sidestart|p1: Mortan98|move: Tailwind
|move|p2a: Raging Bolt|Thunderclap|p1b: Koraidon
|-damage|p1b: Koraidon|0 fnt
|faint|p1b: Koraidon
|
|-weather|SunnyDay|[upkeep]
|upkeep
|turn|6
|-message|Mortan98 forfeited.
|
|win|Dark Slub
|raw|Mortan98's rating: 1157 &rarr; <strong>1138</strong><br />(-19 for losing)
|raw|Dark Slub's rating: 1237 &rarr; <strong>1256</strong><br />(+19 for winning)
|l|☆Mortan98
|player|p1|
