|j|☆carlitinchi
|j|☆xianbugaosshou
|t:|1750846411
|gametype|doubles
|player|p1|carlitinchi|266|1558
|player|p2|xianbugaosshou|steven|1461
|teamsize|p1|6
|teamsize|p2|6
|gen|9
|tier|[Gen 9] VGC 2025 Reg I
|rated|
|rule|Species Clause: Limit one of each Pokémon
|rule|Item Clause: Limit 1 of each item
|clearpoke
|poke|p1|Calyrex-Ice, L50|
|poke|p1|Overqwil, L50, F|
|poke|p1|Ho-Oh, L50|
|poke|p1|Ting-Lu, L50|
|poke|p1|Rillaboom, L50, F|
|poke|p1|Ogerpon-Wellspring, L50, F|
|poke|p2|Miraidon, L50|
|poke|p2|Groudon, L50|
|poke|p2|Flutter Mane, L50|
|poke|p2|Chi-Yu, L50|
|poke|p2|Urshifu-*, L50, M|
|poke|p2|Iron Hands, L50|
|teampreview|4
|inactive|Battle timer is ON: inactive players will automatically lose when time's up. (requested by xianbugaosshou)
|inactive|xianbugaosshou has 60 seconds left.
|
|t:|1750846445
|start
|switch|p1a: Calyrex|Calyrex-Ice, L50|100/100
|switch|p1b: Overqwil|Overqwil, L50, F|100/100
|switch|p2a: Miraidon|Miraidon, L50|100/100
|switch|p2b: Flutter Mane|Flutter Mane, L50|100/100
|-ability|p1a: Calyrex|As One
|-ability|p1a: Calyrex|Unnerve
|-fieldstart|move: Electric Terrain|[from] ability: Hadron Engine|[of] p2a: Miraidon
|-ability|p1b: Overqwil|Intimidate|boost
|-unboost|p2a: Miraidon|atk|1
|-unboost|p2b: Flutter Mane|atk|1
|turn|1
|
|t:|1750846466
|switch|p1a: Rillaboom|Rillaboom, L50, F|100/100
|-fieldstart|move: Grassy Terrain|[from] ability: Grassy Surge|[of] p1a: Rillaboom
|move|p2a: Miraidon|Volt Switch|p1a: Rillaboom
|-resisted|p1a: Rillaboom
|-damage|p1a: Rillaboom|79/100
|
|t:|1750846474
|switch|p2a: Groudon|Groudon, L50|100/100|[from] Volt Switch
|-weather|SunnyDay|[from] ability: Drought|[of] p2a: Groudon
|-activate|p2b: Flutter Mane|ability: Protosynthesis
|-start|p2b: Flutter Mane|protosynthesisspa
|move|p1b: Overqwil|Toxic Spikes|p2b: Flutter Mane
|-sidestart|p2: xianbugaosshou|move: Toxic Spikes
|move|p2b: Flutter Mane|Trick Room|p2b: Flutter Mane
|-fieldstart|move: Trick Room|[of] p2b: Flutter Mane
|
|-weather|SunnyDay|[upkeep]
|-heal|p1a: Rillaboom|85/100|[from] Grassy Terrain
|upkeep
|turn|2
|
|t:|1750846494
|-terastallize|p2b: Flutter Mane|Fairy
|move|p1a: Rillaboom|Fake Out|p2a: Groudon
|-damage|p2a: Groudon|92/100
|cant|p2a: Groudon|flinch
|move|p1b: Overqwil|Toxic Spikes|p2a: Groudon
|-sidestart|p2: xianbugaosshou|move: Toxic Spikes
|move|p2b: Flutter Mane|Dazzling Gleam|p1b: Overqwil|[spread] p1a,p1b
|-damage|p1a: Rillaboom|43/100
|-damage|p1b: Overqwil|48/100
|
|-weather|SunnyDay|[upkeep]
|-heal|p2a: Groudon|98/100|[from] Grassy Terrain
|-heal|p1b: Overqwil|55/100|[from] Grassy Terrain
|-heal|p1b: Overqwil|61/100|[from] item: Black Sludge
|-heal|p1a: Rillaboom|49/100|[from] Grassy Terrain
|upkeep
|turn|3
|
|t:|1750846512
|switch|p1a: Ting-Lu|Ting-Lu, L50|100/100
|-ability|p1a: Ting-Lu|Vessel of Ruin
|move|p2a: Groudon|Precipice Blades|p1a: Ting-Lu|[spread] p1a,p1b
|-supereffective|p1b: Overqwil
|-damage|p1a: Ting-Lu|62/100
|-damage|p1b: Overqwil|0 fnt
|faint|p1b: Overqwil
|-damage|p2a: Groudon|88/100|[from] item: Life Orb
|move|p2b: Flutter Mane|Dazzling Gleam|p1a: Ting-Lu
|-supereffective|p1a: Ting-Lu
|-damage|p1a: Ting-Lu|0 fnt
|faint|p1a: Ting-Lu
|
|-weather|SunnyDay|[upkeep]
|-heal|p2a: Groudon|94/100|[from] Grassy Terrain
|upkeep
|
|t:|1750846524
|switch|p1a: Rillaboom|Rillaboom, L50, F|49/100
|switch|p1b: Calyrex|Calyrex-Ice, L50|100/100
|-ability|p1b: Calyrex|As One
|-ability|p1b: Calyrex|Unnerve
|turn|4
|
|t:|1750846538
|move|p1b: Calyrex|Glacial Lance|p2a: Groudon|[spread] p2a,p2b
|-supereffective|p2a: Groudon
|-damage|p2a: Groudon|32/100
|-enditem|p2b: Flutter Mane|Focus Sash
|-damage|p2b: Flutter Mane|1/100
|move|p2a: Groudon|Heat Crash|p1b: Calyrex
|-supereffective|p1b: Calyrex
|-damage|p1b: Calyrex|63/100
|-damage|p2a: Groudon|22/100|[from] item: Life Orb
|move|p1a: Rillaboom|Wood Hammer|p2a: Groudon
|-supereffective|p2a: Groudon
|-damage|p2a: Groudon|0 fnt
|faint|p2a: Groudon
|-damage|p1a: Rillaboom|42/100|[from] Recoil
|move|p2b: Flutter Mane|Dazzling Gleam|p1b: Calyrex|[spread] p1a,p1b
|-damage|p1a: Rillaboom|0 fnt
|-damage|p1b: Calyrex|25/100
|faint|p1a: Rillaboom
|
|-weather|SunnyDay|[upkeep]
|-heal|p1b: Calyrex|31/100|[from] Grassy Terrain
|-heal|p1b: Calyrex|37/100|[from] item: Leftovers
|-heal|p2b: Flutter Mane|7/100|[from] Grassy Terrain
|upkeep
|
|t:|1750846562
|switch|p2a: Chi-Yu|Chi-Yu, L50|100/100
|-status|p2a: Chi-Yu|tox
|-ability|p2a: Chi-Yu|Beads of Ruin
|turn|5
|
|t:|1750846570
|-terastallize|p1b: Calyrex|Water
|move|p2a: Chi-Yu|Dark Pulse|p1b: Calyrex
|-damage|p1b: Calyrex|0 fnt
|faint|p1b: Calyrex
|
|win|xianbugaosshou
|raw|carlitinchi's rating: 1558 &rarr; <strong>1533</strong><br />(-25 for losing)
|raw|xianbugaosshou's rating: 1461 &rarr; <strong>1486</strong><br />(+25 for winning)
|l|☆carlitinchi
|player|p1|
