|j|☆B0R3D_I4M
|j|☆ILuvEliGE
|t:|1750761473
|gametype|doubles
|player|p1|B0R3D_I4M|hoopster|1186
|player|p2|ILuvEliGE|fisherman-gen4|1084
|teamsize|p1|6
|teamsize|p2|6
|gen|9
|tier|[Gen 9] VGC 2025 Reg I
|rated|
|rule|Species Clause: Limit one of each Pokémon
|rule|Item Clause: Limit 1 of each item
|clearpoke
|poke|p1|Groudon, L50|
|poke|p1|Iron Valiant, L50|
|poke|p1|Incineroar, L50, M|
|poke|p1|Volcarona, L50, M|
|poke|p1|Miraidon, L50|
|poke|p1|Grimmsnarl, L50, M|
|poke|p2|Mewtwo, L50|
|poke|p2|Koraidon, L50|
|poke|p2|Entei, L50|
|poke|p2|Great Tusk, L50|
|poke|p2|Indeedee-F, L50, F|
|poke|p2|Roaring Moon, L50|
|teampreview|4
|inactive|Battle timer is ON: inactive players will automatically lose when time's up. (requested by ILuvEliGE)
|inactive|B0R3D_I4M has 60 seconds left.
|
|t:|1750761528
|start
|switch|p1a: Incineroar|Incineroar, L50, M, shiny|100/100
|switch|p1b: Volcarona|Volcarona, L50, M|100/100
|switch|p2a: Koraidon|Koraidon, L50|100/100
|switch|p2b: Roaring Moon|Roaring Moon, L50|100/100
|-weather|SunnyDay|[from] ability: Orichalcum Pulse|[of] p2a: Koraidon
|-activate|p2b: Roaring Moon|ability: Protosynthesis
|-start|p2b: Roaring Moon|protosynthesisspe
|-activate|p2a: Koraidon|Orichalcum Pulse|[source]
|-ability|p1a: Incineroar|Intimidate|boost
|-unboost|p2a: Koraidon|atk|1
|-unboost|p2b: Roaring Moon|atk|1
|turn|1
|inactive|B0R3D_I4M has 30 seconds left.
|inactive|B0R3D_I4M has 20 seconds left.
|inactive|B0R3D_I4M has 15 seconds left.
|inactive|B0R3D_I4M has 10 seconds left.
|
|t:|1750761577
|move|p2a: Koraidon|Protect|p2a: Koraidon
|-singleturn|p2a: Koraidon|Protect
|move|p1a: Incineroar|Fake Out|p2b: Roaring Moon
|-damage|p2b: Roaring Moon|87/100
|cant|p2b: Roaring Moon|flinch
|move|p1b: Volcarona|Will-O-Wisp|p2a: Koraidon
|-activate|p2a: Koraidon|move: Protect
|
|-weather|SunnyDay|[upkeep]
|upkeep
|turn|2
|inactive|B0R3D_I4M has 30 seconds left.
|
|t:|1750761612
|move|p1b: Volcarona|Rage Powder|p1b: Volcarona
|-singleturn|p1b: Volcarona|move: Rage Powder
|move|p2b: Roaring Moon|Acrobatics|p1b: Volcarona
|-supereffective|p1b: Volcarona
|-damage|p1b: Volcarona|78/100
|-damage|p2b: Roaring Moon|70/100|[from] item: Rocky Helmet|[of] p1b: Volcarona
|move|p2a: Koraidon|Flare Blitz|p1b: Volcarona
|-damage|p1b: Volcarona|3/100
|-damage|p2a: Koraidon|84/100|[from] item: Rocky Helmet|[of] p1b: Volcarona
|-damage|p2a: Koraidon|61/100|[from] Recoil
|-damage|p2a: Koraidon|52/100|[from] item: Life Orb
|move|p1a: Incineroar|Parting Shot|p2a: Koraidon
|-unboost|p2a: Koraidon|atk|1
|-unboost|p2a: Koraidon|spa|1
|
|t:|1750761634
|switch|p1a: Miraidon|Miraidon, L50|100/100|[from] Parting Shot
|-fieldstart|move: Electric Terrain|[from] ability: Hadron Engine|[of] p1a: Miraidon
|
|-weather|SunnyDay|[upkeep]
|upkeep
|turn|3
|
|t:|1750761645
|switch|p2a: Great Tusk|Great Tusk, L50|100/100
|-activate|p2a: Great Tusk|ability: Protosynthesis
|-start|p2a: Great Tusk|protosynthesisatk
|-terastallize|p1a: Miraidon|Fairy
|move|p1b: Volcarona|Rage Powder|p1b: Volcarona
|-singleturn|p1b: Volcarona|move: Rage Powder
|move|p1a: Miraidon|Dragon Pulse|p2b: Roaring Moon
|-supereffective|p2b: Roaring Moon
|-damage|p2b: Roaring Moon|0 fnt
|faint|p2b: Roaring Moon
|-end|p2b: Roaring Moon|Protosynthesis|[silent]
|
|-weather|SunnyDay|[upkeep]
|upkeep
|
|t:|1750761655
|switch|p2b: Mewtwo|Mewtwo, L50|100/100
|-ability|p2b: Mewtwo|Pressure
|turn|4
|
|t:|1750761679
|switch|p1a: Incineroar|Incineroar, L50, M, shiny|100/100
|-ability|p1a: Incineroar|Intimidate|boost
|-unboost|p2a: Great Tusk|atk|1
|-unboost|p2b: Mewtwo|atk|1
|move|p2b: Mewtwo|Expanding Force|p1b: Volcarona
|-damage|p1b: Volcarona|0 fnt
|faint|p1b: Volcarona
|move|p2a: Great Tusk|Headlong Rush|p1a: Incineroar
|-supereffective|p1a: Incineroar
|-damage|p1a: Incineroar|19/100
|-unboost|p2a: Great Tusk|def|1
|-unboost|p2a: Great Tusk|spd|1
|
|-weather|SunnyDay|[upkeep]
|upkeep
|
|t:|1750761699
|switch|p1b: Groudon|Groudon, L50|100/100
|turn|5
|inactive|B0R3D_I4M has 30 seconds left.
|
|t:|1750761727
|switch|p2b: Koraidon|Koraidon, L50|52/100
|-activate|p2b: Koraidon|ability: Orichalcum Pulse
|move|p1a: Incineroar|Fake Out|p2a: Great Tusk
|-damage|p2a: Great Tusk|91/100
|move|p1b: Groudon|Crunch|p2b: Koraidon
|-resisted|p2b: Koraidon
|-damage|p2b: Koraidon|42/100
|-unboost|p2b: Koraidon|def|1
|cant|p2a: Great Tusk|flinch
|
|-weather|none
|-end|p2a: Great Tusk|Protosynthesis
|upkeep
|turn|6
|inactive|B0R3D_I4M has 30 seconds left.
|
|t:|1750761755
|-terastallize|p2b: Koraidon|Fire
|move|p2b: Koraidon|Flare Blitz|p1b: Groudon
|-damage|p1b: Groudon|42/100
|-damage|p2b: Koraidon|23/100|[from] Recoil
|-damage|p2b: Koraidon|13/100|[from] item: Life Orb
|move|p1b: Groudon|Precipice Blades|p2b: Koraidon|[spread] p2a,p2b
|-supereffective|p2b: Koraidon
|-damage|p2a: Great Tusk|47/100
|-damage|p2b: Koraidon|0 fnt
|faint|p2b: Koraidon
|move|p2a: Great Tusk|Headlong Rush|p1a: Incineroar
|-supereffective|p1a: Incineroar
|-damage|p1a: Incineroar|0 fnt
|-unboost|p2a: Great Tusk|def|1
|-unboost|p2a: Great Tusk|spd|1
|faint|p1a: Incineroar
|
|-fieldend|move: Electric Terrain
|upkeep
|
|t:|1750761771
|switch|p2b: Mewtwo|Mewtwo, L50|100/100
|switch|p1a: Miraidon|Miraidon, L50, tera:Fairy|100/100
|-fieldstart|move: Electric Terrain|[from] ability: Hadron Engine|[of] p1a: Miraidon
|-ability|p2b: Mewtwo|Pressure
|turn|7
|inactive|B0R3D_I4M has 30 seconds left.
|
|t:|1750761798
|move|p1a: Miraidon|Snarl|p2b: Mewtwo|[spread] p2a,p2b
|-resisted|p2a: Great Tusk
|-supereffective|p2b: Mewtwo
|-damage|p2a: Great Tusk|32/100
|-damage|p2b: Mewtwo|57/100
|-unboost|p2a: Great Tusk|spa|1
|-unboost|p2b: Mewtwo|spa|1
|move|p2b: Mewtwo|Expanding Force|p1b: Groudon
|-damage|p1b: Groudon|20/100
|move|p1b: Groudon|Precipice Blades|p2b: Mewtwo|[spread] p2a,p2b
|-damage|p2a: Great Tusk|0 fnt
|-damage|p2b: Mewtwo|12/100
|faint|p2a: Great Tusk
|-end|p2a: Great Tusk|Protosynthesis|[silent]
|
|upkeep
|turn|8
|-message|ILuvEliGE forfeited.
|
|win|B0R3D_I4M
|raw|B0R3D_I4M's rating: 1186 &rarr; <strong>1204</strong><br />(+18 for winning)
|raw|ILuvEliGE's rating: 1084 &rarr; <strong>1068</strong><br />(-16 for losing)
|l|☆ILuvEliGE
|player|p2|
