|j|☆khe7marak
|j|☆Lore805
|t:|1750878773
|gametype|doubles
|player|p1|khe7marak|2|1609
|player|p2|Lore805|170|1558
|teamsize|p1|6
|teamsize|p2|6
|gen|9
|tier|[Gen 9] VGC 2025 Reg I
|rated|
|rule|Species Clause: Limit one of each Pokémon
|rule|Item Clause: Limit 1 of each item
|clearpoke
|poke|p1|Calyrex-Shadow, L50|
|poke|p1|Zamazenta-*, L50|
|poke|p1|Smeargle, L50, F|
|poke|p1|Rillaboom, L50, M|
|poke|p1|Raging Bolt, L50|
|poke|p1|Talonflame, L50, M|
|poke|p2|Kyogre, L50|
|poke|p2|Calyrex-Ice, L50|
|poke|p2|Rillaboom, L50, F|
|poke|p2|Volcarona, L50, M|
|poke|p2|Raichu, L50, M|
|poke|p2|Tornadus, L50, M|
|teampreview|4
|inactive|Battle timer is ON: inactive players will automatically lose when time's up. (requested by Lore805)
|inactive|khe7marak has 60 seconds left.
|inactive|Lore805 has 60 seconds left.
|
|t:|1750878814
|start
|switch|p1a: Calyrex|Calyrex-Shadow, L50|100/100
|switch|p1b: Smeargle|Smeargle, L50, F|100/100
|switch|p2a: Tornadus|Tornadus, L50, M|100/100
|switch|p2b: Volcarona|Volcarona, L50, M|100/100
|-ability|p1a: Calyrex|As One
|-ability|p1a: Calyrex|Unnerve
|turn|1
|
|t:|1750878824
|move|p1b: Smeargle|Fake Out|p2b: Volcarona
|-damage|p2b: Volcarona|95/100
|move|p2a: Tornadus|Taunt|p1b: Smeargle
|-start|p1b: Smeargle|move: Taunt
|move|p1a: Calyrex|Astral Barrage|p2b: Volcarona|[spread] p2a,p2b
|-crit|p2b: Volcarona
|-damage|p2a: Tornadus|35/100
|-damage|p2b: Volcarona|0 fnt
|faint|p2b: Volcarona
|-ability|p1a: Calyrex|Grim Neigh|boost
|-boost|p1a: Calyrex|spa|1
|-damage|p1a: Calyrex|91/100|[from] item: Life Orb
|
|-ability|p1b: Smeargle|Moody|boost
|-boost|p1b: Smeargle|spd|2
|-unboost|p1b: Smeargle|atk|1
|upkeep
|
|t:|1750878835
|switch|p2b: Kyogre|Kyogre, L50|100/100
|-weather|RainDance|[from] ability: Drizzle|[of] p2b: Kyogre
|turn|2
|
|t:|1750878852
|switch|p1b: Talonflame|Talonflame, L50, M|100/100
|-terastallize|p2b: Kyogre|Water
|move|p1a: Calyrex|Protect|p1a: Calyrex
|-singleturn|p1a: Calyrex|Protect
|move|p2a: Tornadus|Tailwind|p2a: Tornadus
|-sidestart|p2: Lore805|move: Tailwind
|move|p2b: Kyogre|Water Spout|p1a: Calyrex|[spread] p1b
|-activate|p1a: Calyrex|move: Protect
|-supereffective|p1b: Talonflame
|-damage|p1b: Talonflame|0 fnt
|faint|p1b: Talonflame
|
|-weather|RainDance|[upkeep]
|upkeep
|
|t:|1750878862
|switch|p1b: Zamazenta|Zamazenta-Crowned, L50|100/100
|-ability|p1b: Zamazenta|Dauntless Shield|boost
|-boost|p1b: Zamazenta|def|1
|turn|3
|
|t:|1750878871
|-terastallize|p1b: Zamazenta|Grass
|move|p1b: Zamazenta|Wide Guard|p1b: Zamazenta
|-singleturn|p1b: Zamazenta|Wide Guard
|move|p2a: Tornadus|Taunt|p1b: Zamazenta
|-start|p1b: Zamazenta|move: Taunt
|move|p2b: Kyogre|Tera Blast|p1a: Calyrex|[anim] Tera Blast Water
|-damage|p1a: Calyrex|4/100
|move|p1a: Calyrex|Astral Barrage|p2a: Tornadus|[spread] p2a,p2b
|-damage|p2a: Tornadus|0 fnt
|-damage|p2b: Kyogre|37/100
|faint|p2a: Tornadus
|-ability|p1a: Calyrex|Grim Neigh|boost
|-boost|p1a: Calyrex|spa|1
|-damage|p1a: Calyrex|0 fnt|[from] item: Life Orb
|faint|p1a: Calyrex
|
|-weather|RainDance|[upkeep]
|upkeep
|
|t:|1750878887
|switch|p1a: Smeargle|Smeargle, L50, F|100/100
|switch|p2a: Calyrex|Calyrex-Ice, L50|100/100
|-ability|p2a: Calyrex|As One
|-ability|p2a: Calyrex|Unnerve
|turn|4
|inactive|Lore805 has 30 seconds left.
|
|t:|1750878920
|move|p1a: Smeargle|Fake Out|p2a: Calyrex
|-damage|p2a: Calyrex|97/100
|move|p2b: Kyogre|Tera Blast|p1a: Smeargle|[anim] Tera Blast Water
|-enditem|p1a: Smeargle|Focus Sash
|-damage|p1a: Smeargle|1/100
|cant|p2a: Calyrex|flinch
|move|p1b: Zamazenta|Body Press|p2b: Kyogre
|-damage|p2b: Kyogre|0 fnt
|faint|p2b: Kyogre
|
|-weather|RainDance|[upkeep]
|-ability|p1a: Smeargle|Moody|boost
|-boost|p1a: Smeargle|def|2
|-unboost|p1a: Smeargle|spa|1
|upkeep
|turn|5
|
|t:|1750878928
|move|p2a: Calyrex|Glacial Lance|p1a: Smeargle|[spread] p1a,p1b
|-supereffective|p1b: Zamazenta
|-damage|p1a: Smeargle|0 fnt
|-damage|p1b: Zamazenta|57/100
|faint|p1a: Smeargle
|-ability|p2a: Calyrex|Chilling Neigh|boost
|-boost|p2a: Calyrex|atk|1
|move|p1b: Zamazenta|Body Press|p2a: Calyrex
|-damage|p2a: Calyrex|52/100
|
|-weather|RainDance|[upkeep]
|-sideend|p2: Lore805|move: Tailwind
|upkeep
|turn|6
|
|t:|1750878941
|move|p2a: Calyrex|Protect|p2a: Calyrex
|-singleturn|p2a: Calyrex|Protect
|move|p1b: Zamazenta|Body Press|p2a: Calyrex
|-activate|p2a: Calyrex|move: Protect
|
|-weather|none
|-end|p1b: Zamazenta|move: Taunt
|upkeep
|turn|7
|
|t:|1750878945
|move|p1b: Zamazenta|Body Press|p2a: Calyrex
|-damage|p2a: Calyrex|13/100
|move|p2a: Calyrex|Glacial Lance|p1b: Zamazenta
|-supereffective|p1b: Zamazenta
|-damage|p1b: Zamazenta|0 fnt
|faint|p1b: Zamazenta
|
|win|Lore805
|raw|khe7marak's rating: 1609 &rarr; <strong>1586</strong><br />(-23 for losing)
|raw|Lore805's rating: 1558 &rarr; <strong>1581</strong><br />(+23 for winning)
|l|☆khe7marak
|player|p1|
|l|☆Lore805
|player|p2|
