|j|☆bonobobohemio
|j|☆reznob
|t:|1750844121
|gametype|doubles
|player|p1|bonobobohemio|drayden|1323
|player|p2|reznob|pokemonranger-gen4|1296
|teamsize|p1|6
|teamsize|p2|6
|gen|9
|tier|[Gen 9] VGC 2025 Reg I
|rated|
|rule|Species Clause: Limit one of each Pokémon
|rule|Item Clause: Limit 1 of each item
|clearpoke
|poke|p1|Koraidon, L50|
|poke|p1|Reshiram, L50|
|poke|p1|Scream Tail, L50|
|poke|p1|Tornadus, L50, M|
|poke|p1|Chien-Pao, L50|
|poke|p1|Indeedee-F, L50, F|
|poke|p2|Koraidon, L50|
|poke|p2|Chi-Yu, L50|
|poke|p2|Flutter Mane, L50|
|poke|p2|Calyrex-Shadow, L50|
|poke|p2|Rillaboom, L50, F|
|poke|p2|Landorus-Therian, L50, M|
|teampreview|4
|inactive|Battle timer is ON: inactive players will automatically lose when time's up. (requested by bonobobohemio)
|inactive|reznob has 60 seconds left.
|
|t:|1750844162
|start
|switch|p1a: Reshiram|Reshiram, L50, shiny|100/100
|switch|p1b: Tornadus|Tornadus, L50, M|100/100
|switch|p2a: Flutter Mane|Flutter Mane, L50|100/100
|switch|p2b: Chi-Yu|Chi-Yu, L50|100/100
|-ability|p2b: Chi-Yu|Beads of Ruin
|-ability|p1a: Reshiram|Turboblaze
|turn|1
|inactive|reznob has 30 seconds left.
|inactive|reznob has 20 seconds left.
|inactive|reznob has 15 seconds left.
|inactive|reznob has 10 seconds left.
|inactive|reznob has 5 seconds left.
|
|t:|1750844217
|move|p1b: Tornadus|Tailwind|p1b: Tornadus
|-sidestart|p1: bonobobohemio|move: Tailwind
|move|p1a: Reshiram|Blue Flare|p2a: Flutter Mane
|-enditem|p2a: Flutter Mane|Focus Sash
|-damage|p2a: Flutter Mane|1/100
|move|p2b: Chi-Yu|Heat Wave|p1b: Tornadus|[spread] p1a,p1b
|-resisted|p1a: Reshiram
|-damage|p1a: Reshiram|94/100
|-damage|p1b: Tornadus|42/100
|move|p2a: Flutter Mane|Moonblast|p1b: Tornadus
|-damage|p1b: Tornadus|0 fnt
|faint|p1b: Tornadus
|
|upkeep
|
|t:|1750844230
|switch|p1b: Scream Tail|Scream Tail, L50|100/100
|-enditem|p1b: Scream Tail|Booster Energy
|-activate|p1b: Scream Tail|ability: Protosynthesis|[fromitem]
|-start|p1b: Scream Tail|protosynthesisspe
|turn|2
|
|t:|1750844241
|switch|p2b: Landorus|Landorus-Therian, L50, M|100/100
|-ability|p2b: Landorus|Intimidate|boost
|-unboost|p1a: Reshiram|atk|1
|-unboost|p1b: Scream Tail|atk|1
|move|p1b: Scream Tail|Howl|p1b: Scream Tail|[spread] p1a,p1b
|-boost|p1a: Reshiram|atk|1
|-boost|p1b: Scream Tail|atk|1
|move|p1a: Reshiram|Rock Slide|p2a: Flutter Mane|[spread] p2a,p2b
|-damage|p2a: Flutter Mane|0 fnt
|-damage|p2b: Landorus|86/100
|faint|p2a: Flutter Mane
|-end|p2a: Flutter Mane|Protosynthesis|[silent]
|
|-heal|p2b: Landorus|92/100|[from] item: Leftovers
|upkeep
|
|t:|1750844255
|switch|p2a: Chi-Yu|Chi-Yu, L50|100/100
|-ability|p2a: Chi-Yu|Beads of Ruin
|turn|3
|
|t:|1750844276
|move|p1b: Scream Tail|Dazzling Gleam|p2b: Landorus|[spread] p2a,p2b
|-damage|p2a: Chi-Yu|84/100
|-damage|p2b: Landorus|65/100
|move|p1a: Reshiram|Blue Flare|p2b: Landorus
|-damage|p2b: Landorus|0 fnt
|faint|p2b: Landorus
|move|p2a: Chi-Yu|Dark Pulse|p1a: Reshiram
|-damage|p1a: Reshiram|61/100
|
|upkeep
|
|t:|1750844286
|switch|p2b: Koraidon|Koraidon, L50|100/100
|-weather|SunnyDay|[from] ability: Orichalcum Pulse|[of] p2b: Koraidon
|-activate|p2b: Koraidon|Orichalcum Pulse|[source]
|turn|4
|
|t:|1750844294
|-terastallize|p2b: Koraidon|Fire
|move|p1b: Scream Tail|Disable|p2a: Chi-Yu
|-start|p2a: Chi-Yu|Disable|Dark Pulse
|move|p1a: Reshiram|Draco Meteor|p2b: Koraidon
|-damage|p2b: Koraidon|0 fnt
|-unboost|p1a: Reshiram|spa|2
|faint|p2b: Koraidon
|cant|p2a: Chi-Yu|Disable|Dark Pulse
|
|-weather|SunnyDay|[upkeep]
|-sideend|p1: bonobobohemio|move: Tailwind
|upkeep
|turn|5
|
|t:|1750844303
|move|p1b: Scream Tail|Howl|p1b: Scream Tail|[spread] p1a,p1b
|-boost|p1a: Reshiram|atk|1
|-boost|p1b: Scream Tail|atk|1
|-activate|p2a: Chi-Yu|move: Struggle
|move|p2a: Chi-Yu|Struggle|p1a: Reshiram
|-damage|p1a: Reshiram|54/100
|-damage|p2a: Chi-Yu|59/100|[from] recoil
|move|p1a: Reshiram|Rock Slide|p2a: Chi-Yu
|-supereffective|p2a: Chi-Yu
|-damage|p2a: Chi-Yu|0 fnt
|faint|p2a: Chi-Yu
|
|win|bonobobohemio
|raw|bonobobohemio's rating: 1323 &rarr; <strong>1341</strong><br />(+18 for winning)
|raw|reznob's rating: 1296 &rarr; <strong>1273</strong><br />(-23 for losing)
|l|☆reznob
|player|p2|
|l|☆bonobobohemio
|player|p1|
