|j|☆Pokeman_2596
|j|☆Team515
|t:|1750877352
|gametype|doubles
|player|p1|Pokeman_2596|rocketgrunt|1417
|player|p2|Team515|volkner|1493
|teamsize|p1|6
|teamsize|p2|6
|gen|9
|tier|[Gen 9] VGC 2025 Reg I
|rated|
|rule|Species Clause: Limit one of each Pokémon
|rule|Item Clause: Limit 1 of each item
|clearpoke
|poke|p1|Calyrex-Shadow, L50|
|poke|p1|Eternatus, L50|
|poke|p1|Muk-Alola, L50, M|
|poke|p1|Smeargle, L50, M|
|poke|p1|Flamigo, L50, F|
|poke|p1|Rillaboom, L50, M|
|poke|p2|Calyrex-Shadow, L50|
|poke|p2|Terapagos, L50, M|
|poke|p2|Rillaboom, L50, M|
|poke|p2|Urshifu-*, L50, M|
|poke|p2|Volcarona, L50, M|
|poke|p2|Incineroar, L50, M|
|teampreview|4
|inactive|Battle timer is ON: inactive players will automatically lose when time's up. (requested by Team515)
|inactive|Team515 has 60 seconds left.
|
|t:|1750877391
|start
|switch|p1a: Dark Void|Smeargle, L50, M|100/100
|switch|p1b: The worst guy ever|Muk-Alola, L50, M|100/100
|switch|p2a: Rillaboom|Rillaboom, L50, M, shiny|100/100
|switch|p2b: Terapagos|Terapagos, L50, M|100/100
|-activate|p2b: Terapagos|ability: Tera Shift
|detailschange|p2b: Terapagos|Terapagos-Terastal, L50, M
|-heal|p2b: Terapagos|100/100|[silent]
|-fieldstart|move: Grassy Terrain|[from] ability: Grassy Surge|[of] p2a: Rillaboom
|turn|1
|
|t:|1750877414
|move|p1a: Dark Void|Fake Out|p2b: Terapagos
|-activate|p2b: Terapagos|ability: Tera Shell
|-resisted|p2b: Terapagos
|-damage|p2b: Terapagos|98/100
|move|p2a: Rillaboom|Fake Out|p1b: The worst guy ever
|-damage|p1b: The worst guy ever|91/100
|cant|p2b: Terapagos|flinch
|cant|p1b: The worst guy ever|flinch
|
|-heal|p2b: Terapagos|100/100|[from] Grassy Terrain
|-heal|p1b: The worst guy ever|97/100|[from] Grassy Terrain
|-heal|p1b: The worst guy ever|100/100|[from] item: Leftovers
|-ability|p1a: Dark Void|Moody|boost
|-boost|p1a: Dark Void|def|2
|-unboost|p1a: Dark Void|spe|1
|upkeep
|turn|2
|inactive|Team515 has 30 seconds left.
|
|t:|1750877440
|-terastallize|p2b: Terapagos|Stellar
|detailschange|p2b: Terapagos|Terapagos-Stellar, L50, M, tera:Stellar
|-heal|p2b: Terapagos|100/100|[silent]
|-ability|p2b: Terapagos|Teraform Zero
|-fieldend|move: Grassy Terrain
|move|p1a: Dark Void|Follow Me|p1a: Dark Void
|-singleturn|p1a: Dark Void|move: Follow Me
|move|p2b: Terapagos|Tera Starstorm|p1a: Dark Void|[spread] p1a,p1b
|-damage|p1a: Dark Void|15/100
|-damage|p1b: The worst guy ever|67/100
|move|p2a: Rillaboom|U-turn|p1a: Dark Void
|-crit|p1a: Dark Void
|-damage|p1a: Dark Void|0 fnt
|faint|p1a: Dark Void
|-ability|p1b: The worst guy ever|Moody|[from] ability: Power of Alchemy|[of] p1a: Dark Void
|
|t:|1750877455
|switch|p2a: Calyrex|Calyrex-Shadow, L50|100/100|[from] U-turn
|-ability|p2a: Calyrex|As One
|-ability|p2a: Calyrex|Unnerve
|move|p1b: The worst guy ever|Minimize|p1b: The worst guy ever
|-boost|p1b: The worst guy ever|evasion|2
|
|-heal|p1b: The worst guy ever|73/100|[from] item: Leftovers
|-ability|p1b: The worst guy ever|Moody|boost
|-boost|p1b: The worst guy ever|def|2
|-unboost|p1b: The worst guy ever|spe|1
|upkeep
|
|t:|1750877467
|switch|p1a: Amigo|Flamigo, L50, F|100/100
|-copyboost|p1a: Amigo|p1b: The worst guy ever|[from] ability: Costar
|-enditem|p1a: Amigo|White Herb
|-clearnegativeboost|p1a: Amigo|[silent]
|turn|3
|
|t:|1750877486
|move|p1a: Amigo|Wide Guard|p1a: Amigo
|-singleturn|p1a: Amigo|Wide Guard
|move|p2a: Calyrex|Psychic|p1a: Amigo
|-supereffective|p1a: Amigo
|-damage|p1a: Amigo|0 fnt
|faint|p1a: Amigo
|-ability|p2a: Calyrex|Grim Neigh|boost
|-boost|p2a: Calyrex|spa|1
|move|p2b: Terapagos|Meteor Beam||[still]
|-prepare|p2b: Terapagos|Meteor Beam
|-boost|p2b: Terapagos|spa|1
|-enditem|p2b: Terapagos|Power Herb
|-anim|p2b: Terapagos|Meteor Beam|p1b: The worst guy ever|[miss]
|-miss|p2b: Terapagos|p1b: The worst guy ever
|move|p1b: The worst guy ever|Minimize|p1b: The worst guy ever
|-boost|p1b: The worst guy ever|evasion|2
|
|-heal|p1b: The worst guy ever|79/100|[from] item: Leftovers
|-ability|p1b: The worst guy ever|Moody|boost
|-boost|p1b: The worst guy ever|atk|2
|-unboost|p1b: The worst guy ever|spe|1
|upkeep
|
|t:|1750877504
|switch|p1a: Bad Guy|Calyrex-Shadow, L50|100/100
|-ability|p1a: Bad Guy|As One
|-ability|p1a: Bad Guy|Unnerve
|turn|4
|
|t:|1750877516
|-terastallize|p1a: Bad Guy|Dark
|move|p1a: Bad Guy|Psych Up|p1b: The worst guy ever
|-copyboost|p1a: Bad Guy|p1b: The worst guy ever|[from] move: Psych Up
|move|p2a: Calyrex|Astral Barrage|p1a: Bad Guy|[spread] p1b
|-miss|p2a: Calyrex|p1a: Bad Guy
|-resisted|p1b: The worst guy ever
|-damage|p1b: The worst guy ever|44/100
|move|p2b: Terapagos|Tera Starstorm|p1b: The worst guy ever|[spread] p1b
|-miss|p2b: Terapagos|p1a: Bad Guy
|-damage|p1b: The worst guy ever|0 fnt
|faint|p1b: The worst guy ever
|
|upkeep
|turn|5
|
|t:|1750877535
|move|p2a: Calyrex|Encore|p1a: Bad Guy
|-start|p1a: Bad Guy|Encore
|move|p2b: Terapagos|Tera Starstorm|p1a: Bad Guy|[miss]
|-miss|p2b: Terapagos|p1a: Bad Guy
|move|p1a: Bad Guy|Psych Up|p2a: Calyrex
|-copyboost|p1a: Bad Guy|p2a: Calyrex|[from] move: Psych Up
|
|upkeep
|turn|6
|
|t:|1750877553
|move|p1a: Bad Guy|Psych Up|p2a: Calyrex
|-copyboost|p1a: Bad Guy|p2a: Calyrex|[from] move: Psych Up
|move|p2a: Calyrex|Astral Barrage|p1a: Bad Guy|[miss]
|-miss|p2a: Calyrex|p1a: Bad Guy
|move|p2b: Terapagos|Tera Starstorm|p1a: Bad Guy
|-supereffective|p1a: Bad Guy
|-damage|p1a: Bad Guy|0 fnt
|faint|p1a: Bad Guy
|
|win|Team515
|raw|Pokeman_2596's rating: 1417 &rarr; <strong>1401</strong><br />(-16 for losing)
|raw|Team515's rating: 1493 &rarr; <strong>1509</strong><br />(+16 for winning)
|c|☆Pokeman_2596|gg
|l|☆Pokeman_2596
|player|p1|
