|j|☆koudaimiluyou
|j|☆Lumber One
|t:|1750873757
|gametype|doubles
|player|p1|koudaimiluyou|cynthia-gen4|1311
|player|p2|Lumber One|skier|1425
|teamsize|p1|6
|teamsize|p2|6
|gen|9
|tier|[Gen 9] VGC 2025 Reg I
|rated|
|rule|Species Clause: Limit one of each Pokémon
|rule|Item Clause: Limit 1 of each item
|clearpoke
|poke|p1|Kyogre, L50|
|poke|p1|Calyrex-Ice, L50|
|poke|p1|Flutter Mane, L50|
|poke|p1|Grimmsnarl, L50, M|
|poke|p1|Amoonguss, L50, M|
|poke|p1|Basculegion, L50, M|
|poke|p2|Groudon, L50|
|poke|p2|Indeedee-F, L50, F|
|poke|p2|Amoonguss, L50, M|
|poke|p2|Lunala, L50|
|poke|p2|Flutter Mane, L50|
|poke|p2|Chi-Yu, L50|
|teampreview|4
|
|t:|1750873822
|start
|switch|p1a: Flutter Mane|Flutter Mane, L50|100/100
|switch|p1b: Calyrex|Calyrex-Ice, L50|100/100
|switch|p2a: Fluffy|Indeedee-F, L50, F|100/100
|switch|p2b: Amoonguss|Amoonguss, L50, M|100/100
|-ability|p1b: Calyrex|As One
|-ability|p1b: Calyrex|Unnerve
|-fieldstart|move: Psychic Terrain|[from] ability: Psychic Surge|[of] p2a: Fluffy
|turn|1
|
|t:|1750873841
|-end|p1a: Flutter Mane|Protosynthesis|[silent]
|switch|p1a: Amoonguss|Amoonguss, L50, M|100/100
|move|p2a: Fluffy|Follow Me|p2a: Fluffy
|-singleturn|p2a: Fluffy|move: Follow Me
|move|p1b: Calyrex|Glacial Lance|p2a: Fluffy|[spread] p2a,p2b
|-supereffective|p2b: Amoonguss
|-damage|p2a: Fluffy|41/100
|-damage|p2b: Amoonguss|9/100
|move|p2b: Amoonguss|Spore|p1a: Amoonguss
|-immune|p1a: Amoonguss
|
|upkeep
|turn|2
|
|t:|1750873885
|switch|p2b: Batgirl|Lunala, L50, shiny|100/100
|switch|p1a: Flutter Mane|Flutter Mane, L50|100/100
|move|p2a: Fluffy|Imprison|p2a: Fluffy
|-start|p2a: Fluffy|move: Imprison
|move|p1b: Calyrex|Glacial Lance|p2a: Fluffy|[spread] p2a,p2b
|-damage|p2a: Fluffy|0 fnt
|-damage|p2b: Batgirl|77/100
|faint|p2a: Fluffy
|-ability|p1b: Calyrex|Chilling Neigh|boost
|-boost|p1b: Calyrex|atk|1
|
|upkeep
|
|t:|1750873901
|switch|p2a: G-Unit|Groudon, L50, shiny|100/100
|-weather|SunnyDay|[from] ability: Drought|[of] p2a: G-Unit
|-activate|p1a: Flutter Mane|ability: Protosynthesis
|-start|p1a: Flutter Mane|protosynthesisspe
|turn|3
|
|t:|1750873925
|-terastallize|p2b: Batgirl|Psychic
|move|p1b: Calyrex|Protect|p1b: Calyrex
|-singleturn|p1b: Calyrex|Protect
|move|p1a: Flutter Mane|Taunt|p2b: Batgirl
|-start|p2b: Batgirl|move: Taunt
|move|p2a: G-Unit|Precipice Blades|p1b: Calyrex|[spread] 
|-activate|p1b: Calyrex|move: Protect
|-miss|p2a: G-Unit|p1a: Flutter Mane
|move|p2b: Batgirl|Expanding Force|p1a: Flutter Mane|[spread] p1a
|-activate|p1b: Calyrex|move: Protect
|-damage|p1a: Flutter Mane|10/100
|
|-weather|SunnyDay|[upkeep]
|upkeep
|turn|4
|
|t:|1750873944
|-terastallize|p1b: Calyrex|Water
|move|p1a: Flutter Mane|Shadow Ball|p2b: Batgirl
|-supereffective|p2b: Batgirl
|-damage|p2b: Batgirl|11/100
|move|p2a: G-Unit|Precipice Blades|p1a: Flutter Mane|[spread] p1a
|-miss|p2a: G-Unit|p1b: Calyrex
|-damage|p1a: Flutter Mane|0 fnt
|faint|p1a: Flutter Mane
|-end|p1a: Flutter Mane|Protosynthesis|[silent]
|move|p2b: Batgirl|Expanding Force|p1b: Calyrex
|-damage|p1b: Calyrex|23/100
|move|p1b: Calyrex|Glacial Lance|p2b: Batgirl|[spread] p2a,p2b
|-supereffective|p2a: G-Unit
|-damage|p2a: G-Unit|0 fnt
|-damage|p2b: Batgirl|0 fnt
|faint|p2a: G-Unit
|faint|p2b: Batgirl
|-ability|p1b: Calyrex|Chilling Neigh|boost
|-boost|p1b: Calyrex|atk|2
|
|-weather|SunnyDay|[upkeep]
|-heal|p1b: Calyrex|29/100|[from] item: Leftovers
|upkeep
|inactive|Battle timer is ON: inactive players will automatically lose when time's up. (requested by koudaimiluyou)
|c|☆Lumber One|Damn live and die by p blades
|
|t:|1750873973
|switch|p1a: Kyogre|Kyogre, L50|100/100
|switch|p2b: Amoonguss|Amoonguss, L50, M|43/100
|-weather|RainDance|[from] ability: Drizzle|[of] p1a: Kyogre
|turn|5
|c|☆Lumber One|Gg wp
|-message|Lumber One forfeited.
|
|win|koudaimiluyou
