|j|☆thegreatestgalar
|j|☆imnotagni
|t:|1750803111
|gametype|doubles
|player|p1|thegreatestgalar|pokemonrangerf|1575
|player|p2|imnotagni|policeman-gen7|1578
|teamsize|p1|6
|teamsize|p2|6
|gen|9
|tier|[Gen 9] VGC 2025 Reg I
|rated|
|rule|Species Clause: Limit one of each Pokémon
|rule|Item Clause: Limit 1 of each item
|clearpoke
|poke|p1|Calyrex-Shadow, L50|
|poke|p1|Zamazenta-*, L50|
|poke|p1|Incineroar, L50, M|
|poke|p1|Raichu, L50, F|
|poke|p1|Rillaboom, L50, M|
|poke|p1|Gastrodon, L50, M|
|poke|p2|Urshifu-*, L50, M|
|poke|p2|Chien-Pao, L50|
|poke|p2|Amoonguss, L50, M|
|poke|p2|Zacian-*, L50|
|poke|p2|Roaring Moon, L50|
|poke|p2|Kyogre, L50|
|teampreview|4
|inactive|Battle timer is ON: inactive players will automatically lose when time's up. (requested by imnotagni)
thegreatestgalar rejected open team sheets.
|
|t:|1750803134
|start
|switch|p1a: Mr. Body Press|Zamazenta-Crowned, L50|100/100
|switch|p1b: Thor|Raichu, L50, F|100/100
|switch|p2a: Roaring Moon|Roaring Moon, L50|100/100
|switch|p2b: Kyogre|Kyogre, L50|100/100
|-ability|p1a: Mr. Body Press|Dauntless Shield|boost
|-boost|p1a: Mr. Body Press|def|1
|-weather|RainDance|[from] ability: Drizzle|[of] p2b: Kyogre
|-enditem|p2a: Roaring Moon|Booster Energy
|-activate|p2a: Roaring Moon|ability: Protosynthesis|[fromitem]
|-start|p2a: Roaring Moon|protosynthesisspe
|turn|1
|j| Samevgcmons
|
|t:|1750803144
|move|p2a: Roaring Moon|Protect|p2a: Roaring Moon
|-singleturn|p2a: Roaring Moon|Protect
|move|p1b: Thor|Fake Out|p2b: Kyogre
|-damage|p2b: Kyogre|93/100
|move|p1a: Mr. Body Press|Body Press|p2a: Roaring Moon
|-activate|p2a: Roaring Moon|move: Protect
|cant|p2b: Kyogre|flinch
|
|-weather|RainDance|[upkeep]
|upkeep
|turn|2
|inactive|thegreatestgalar has 30 seconds left.
|
|t:|1750803170
|move|p2a: Roaring Moon|Tailwind|p2a: Roaring Moon
|-sidestart|p2: imnotagni|move: Tailwind
|move|p2b: Kyogre|Water Spout|p1b: Thor|[spread] p1a,p1b
|-damage|p1a: Mr. Body Press|25/100
|-damage|p1b: Thor|10/100
|move|p1a: Mr. Body Press|Body Press|p2b: Kyogre
|-damage|p2b: Kyogre|27/100
|move|p1b: Thor|Volt Switch|p2b: Kyogre
|-supereffective|p2b: Kyogre
|-damage|p2b: Kyogre|0 fnt
|faint|p2b: Kyogre
|
|t:|1750803181
|switch|p1b: Glick|Incineroar, L50, M|100/100|[from] Volt Switch
|-ability|p1b: Glick|Intimidate|boost
|-unboost|p2a: Roaring Moon|atk|1
|
|-weather|RainDance|[upkeep]
|upkeep
|
|t:|1750803188
|switch|p2b: Katanadog|Zacian-Crowned, L50, shiny|100/100
|-ability|p2b: Katanadog|Intrepid Sword|boost
|-boost|p2b: Katanadog|atk|1
|turn|3
|
|t:|1750803201
|move|p1a: Mr. Body Press|Protect|p1a: Mr. Body Press
|-singleturn|p1a: Mr. Body Press|Protect
|move|p2a: Roaring Moon|Knock Off|p1b: Glick
|-resisted|p1b: Glick
|-damage|p1b: Glick|88/100
|-enditem|p1b: Glick|Sitrus Berry|[from] move: Knock Off|[of] p2a: Roaring Moon
|move|p2b: Katanadog|Swords Dance|p2b: Katanadog
|-boost|p2b: Katanadog|atk|2
|move|p1b: Glick|Parting Shot|p2b: Katanadog
|-unboost|p2b: Katanadog|atk|1
|-unboost|p2b: Katanadog|spa|1
|
|t:|1750803212
|switch|p1b: Thor|Raichu, L50, F|10/100|[from] Parting Shot
|
|-weather|RainDance|[upkeep]
|upkeep
|turn|4
|
|t:|1750803227
|move|p2b: Katanadog|Protect|p2b: Katanadog
|-singleturn|p2b: Katanadog|Protect
|move|p1b: Thor|Feint|p2a: Roaring Moon
|-damage|p2a: Roaring Moon|92/100
|move|p2a: Roaring Moon|Knock Off|p1b: Thor
|-damage|p1b: Thor|0 fnt
|-enditem|p1b: Thor|Assault Vest|[from] move: Knock Off|[of] p2a: Roaring Moon
|faint|p1b: Thor
|move|p1a: Mr. Body Press|Body Press|p2a: Roaring Moon
|-supereffective|p2a: Roaring Moon
|-damage|p2a: Roaring Moon|0 fnt
|faint|p2a: Roaring Moon
|-end|p2a: Roaring Moon|Protosynthesis|[silent]
|
|-weather|RainDance|[upkeep]
|upkeep
|
|t:|1750803239
|switch|p2a: Chien-Pao|Chien-Pao, L50|100/100
|switch|p1b: Glick|Incineroar, L50, M|88/100
|-ability|p2a: Chien-Pao|Sword of Ruin
|-ability|p1b: Glick|Intimidate|boost
|-unboost|p2a: Chien-Pao|atk|1
|-unboost|p2b: Katanadog|atk|1
|turn|5
|inactive|thegreatestgalar has 30 seconds left.
|
|t:|1750803267
|move|p2a: Chien-Pao|Protect|p2a: Chien-Pao
|-singleturn|p2a: Chien-Pao|Protect
|move|p2b: Katanadog|Play Rough|p1a: Mr. Body Press
|-damage|p1a: Mr. Body Press|0 fnt
|faint|p1a: Mr. Body Press
|move|p1b: Glick|Parting Shot|p2b: Katanadog
|-unboost|p2b: Katanadog|atk|1
|-unboost|p2b: Katanadog|spa|1
|
|t:|1750803274
|switch|p1b: Woomy|Gastrodon, L50, M|100/100|[from] Parting Shot
|
|-weather|none
|-sideend|p2: imnotagni|move: Tailwind
|upkeep
|
|t:|1750803276
|switch|p1a: Glick|Incineroar, L50, M|88/100
|-ability|p1a: Glick|Intimidate|boost
|-unboost|p2a: Chien-Pao|atk|1
|-unboost|p2b: Katanadog|atk|1
|turn|6
|
|t:|1750803287
|move|p2a: Chien-Pao|Protect||[still]
|-fail|p2a: Chien-Pao
|move|p2b: Katanadog|Protect|p2b: Katanadog
|-singleturn|p2b: Katanadog|Protect
|move|p1a: Glick|Fake Out|p2a: Chien-Pao
|-damage|p2a: Chien-Pao|86/100
|move|p1b: Woomy|Yawn|p2b: Katanadog
|-activate|p2b: Katanadog|move: Protect
|
|upkeep
|turn|7
|
|t:|1750803304
|-terastallize|p2b: Katanadog|Fairy
|move|p2a: Chien-Pao|Ice Spinner|p1b: Woomy
|-damage|p1b: Woomy|77/100
|-damage|p2a: Chien-Pao|70/100|[from] item: Rocky Helmet|[of] p1b: Woomy
|move|p2b: Katanadog|Play Rough|p1b: Woomy
|-damage|p1b: Woomy|21/100
|-unboost|p1b: Woomy|atk|1
|-damage|p2b: Katanadog|84/100|[from] item: Rocky Helmet|[of] p1b: Woomy
|move|p1a: Glick|Parting Shot|p2b: Katanadog
|-unboost|p2b: Katanadog|atk|1
|-unboost|p2b: Katanadog|spa|1
|move|p1b: Woomy|Yawn|p2b: Katanadog
|-start|p2b: Katanadog|move: Yawn|[of] p1b: Woomy
|
|upkeep
|turn|8
|
|t:|1750803328
|move|p1b: Woomy|Helping Hand|p1a: Glick
|-singleturn|p1a: Glick|Helping Hand|[of] p1b: Woomy
|move|p2a: Chien-Pao|Sacred Sword|p1a: Glick
|-supereffective|p1a: Glick
|-crit|p1a: Glick
|-damage|p1a: Glick|0 fnt
|faint|p1a: Glick
|move|p2b: Katanadog|Play Rough|p1b: Woomy
|-damage|p1b: Woomy|0 fnt
|-damage|p2b: Katanadog|67/100|[from] item: Rocky Helmet|[of] p1b: Woomy
|faint|p1b: Woomy
|
|win|imnotagni
|raw|thegreatestgalar's rating: 1575 &rarr; <strong>1555</strong><br />(-20 for losing)
|raw|imnotagni's rating: 1578 &rarr; <strong>1598</strong><br />(+20 for winning)
|l|☆thegreatestgalar
|player|p1|
|l| Samevgcmons
