|j|☆NorthGDH
|j|☆Capsubaru
|t:|1750716126
|gametype|doubles
|player|p1|NorthGDH|266|1247
|player|p2|Capsubaru|colress|1215
|teamsize|p1|6
|teamsize|p2|6
|gen|9
|tier|[Gen 9] VGC 2025 Reg I
|rated|
|rule|Species Clause: Limit one of each Pokémon
|rule|Item Clause: Limit 1 of each item
|clearpoke
|poke|p1|Koraidon, L50|
|poke|p1|Farigiraf, L50, M|
|poke|p1|Volcarona, L50, F|
|poke|p1|Iron Treads, L50|
|poke|p1|Miraidon, L50|
|poke|p1|Whimsicott, L50, F|
|poke|p2|Koraidon, L50|
|poke|p2|Scovillain, L50, M|
|poke|p2|Flutter Mane, L50|
|poke|p2|Miraidon, L50|
|poke|p2|Grimmsnarl, L50, M|
|poke|p2|Clefairy, L50, M|
|teampreview|4
|inactive|Battle timer is ON: inactive players will automatically lose when time's up. (requested by NorthGDH)
|inactive|Capsubaru also wants the timer to be on.
|c|☆Capsubaru|Glhf
|inactive|NorthGDH has 60 seconds left.
|inactive|Capsubaru has 60 seconds left.
|c|☆NorthGDH|Glhf to you 2!
|
|t:|1750716189
|start
|switch|p1a: Firebug|Volcarona, L50, F, shiny|100/100
|switch|p1b: Massaidon|Miraidon, L50|100/100
|switch|p2a: Miraidon|Miraidon, L50|100/100
|switch|p2b: Grimmsnarl|Grimmsnarl, L50, M|100/100
|-fieldstart|move: Electric Terrain|[from] ability: Hadron Engine|[of] p1b: Massaidon
|-activate|p2a: Miraidon|ability: Hadron Engine
|turn|1
|
|t:|1750716208
|-terastallize|p1b: Massaidon|Fairy
|move|p1a: Firebug|Rage Powder|p1a: Firebug
|-singleturn|p1a: Firebug|move: Rage Powder
|move|p2b: Grimmsnarl|Light Screen|p2b: Grimmsnarl
|-sidestart|p2: Capsubaru|move: Light Screen
|move|p1b: Massaidon|Dazzling Gleam|p2b: Grimmsnarl|[spread] p2a,p2b
|-supereffective|p2a: Miraidon
|-supereffective|p2b: Grimmsnarl
|-damage|p2a: Miraidon|53/100
|-damage|p2b: Grimmsnarl|11/100
|move|p2a: Miraidon|Snarl|p1b: Massaidon|[spread] p1a,p1b
|-resisted|p1b: Massaidon
|-damage|p1a: Firebug|83/100
|-damage|p1b: Massaidon|91/100
|-unboost|p1a: Firebug|spa|1
|-unboost|p1b: Massaidon|spa|1
|
|upkeep
|turn|2
|inactive|Capsubaru has 30 seconds left.
|inactive|NorthGDH has 30 seconds left.
|
|t:|1750716244
|move|p2b: Grimmsnarl|Thunder Wave|p1a: Firebug
|-status|p1a: Firebug|par
|move|p1b: Massaidon|Dazzling Gleam|p2a: Miraidon|[spread] p2a,p2b
|-supereffective|p2a: Miraidon
|-supereffective|p2b: Grimmsnarl
|-damage|p2a: Miraidon|20/100
|-damage|p2b: Grimmsnarl|0 fnt
|faint|p2b: Grimmsnarl
|move|p2a: Miraidon|Snarl|p1b: Massaidon|[spread] p1a,p1b
|-resisted|p1b: Massaidon
|-damage|p1a: Firebug|68/100 par
|-damage|p1b: Massaidon|82/100
|-unboost|p1a: Firebug|spa|1
|-unboost|p1b: Massaidon|spa|1
|move|p1a: Firebug|Struggle Bug|p2a: Miraidon
|-damage|p2a: Miraidon|16/100
|-unboost|p2a: Miraidon|spa|1
|
|upkeep
|
|t:|1750716262
|switch|p2b: Koraidon|Koraidon, L50|100/100
|-weather|SunnyDay|[from] ability: Orichalcum Pulse|[of] p2b: Koraidon
|-activate|p2b: Koraidon|Orichalcum Pulse|[source]
|turn|3
|
|t:|1750716286
|switch|p1b: Fairgiraf|Farigiraf, L50, M|100/100
|-enditem|p1b: Fairgiraf|Electric Seed
|-boost|p1b: Fairgiraf|def|1|[from] item: Electric Seed
|-terastallize|p2b: Koraidon|Fire
|move|p2b: Koraidon|Flare Blitz|p1b: Fairgiraf
|-damage|p1b: Fairgiraf|33/100
|-damage|p2b: Koraidon|71/100|[from] Recoil
|move|p2a: Miraidon|Volt Switch|p1a: Firebug
|-damage|p1a: Firebug|31/100 par
|
|t:|1750716298
|switch|p2a: Scovillain|Scovillain, L50, M|100/100|[from] Volt Switch
|cant|p1a: Firebug|par
|
|-weather|SunnyDay|[upkeep]
|upkeep
|turn|4
|
|t:|1750716319
|move|p2a: Scovillain|Flamethrower|p1b: Fairgiraf
|-damage|p1b: Fairgiraf|0 fnt
|faint|p1b: Fairgiraf
|move|p2b: Koraidon|Flame Charge|p1a: Firebug
|-damage|p1a: Firebug|0 fnt
|-boost|p2b: Koraidon|spe|1
|-damage|p2b: Koraidon|55/100|[from] item: Rocky Helmet|[of] p1a: Firebug
|faint|p1a: Firebug
|
|-weather|SunnyDay|[upkeep]
|upkeep
|
|t:|1750716322
|switch|p1a: Treadington|Iron Treads, L50|100/100
|switch|p1b: Massaidon|Miraidon, L50, tera:Fairy|82/100
|-activate|p1b: Massaidon|ability: Hadron Engine
|-activate|p1a: Treadington|ability: Quark Drive
|-start|p1a: Treadington|quarkdrivespe
|turn|5
|
|t:|1750716342
|move|p2b: Koraidon|Flare Blitz|p1b: Massaidon
|-damage|p1b: Massaidon|0 fnt
|faint|p1b: Massaidon
|-damage|p2b: Koraidon|28/100|[from] Recoil
|move|p2a: Scovillain|Flamethrower|p1a: Treadington
|-supereffective|p1a: Treadington
|-damage|p1a: Treadington|0 fnt
|faint|p1a: Treadington
|-end|p1a: Treadington|Quark Drive|[silent]
|
|win|Capsubaru
|raw|NorthGDH's rating: 1247 &rarr; <strong>1220</strong><br />(-27 for losing)
|raw|Capsubaru's rating: 1215 &rarr; <strong>1242</strong><br />(+27 for winning)
|l|☆NorthGDH
|player|p1|
|c|☆Capsubaru|Ggwp
