|j|☆GRIFFY98
|j|☆xiaoliyunVGC
|t:|1750726558
|gametype|doubles
|player|p1|GRIFFY98|workerice|1543
|player|p2|xiaoliyunVGC|lillie-masters2|1650
|teamsize|p1|6
|teamsize|p2|6
|gen|9
|tier|[Gen 9] VGC 2025 Reg I
|rated|
|rule|Species Clause: Limit one of each Pokémon
|rule|Item Clause: Limit 1 of each item
|clearpoke
|poke|p1|Dondozo, L50, F|
|poke|p1|Tatsugiri, L50, M|
|poke|p1|Calyrex-Shadow, L50|
|poke|p1|Ogerpon-Hearthflame, L50, F|
|poke|p1|Landorus, L50, M|
|poke|p1|Zamazenta-*, L50|
|poke|p2|Zamazenta-*, L50|
|poke|p2|Kyogre, L50|
|poke|p2|Amoonguss, L50, F|
|poke|p2|Rillaboom, L50, F|
|poke|p2|Chien-Pao, L50|
|poke|p2|Iron Jugulis, L50|
|teampreview|4
|inactive|Battle timer is ON: inactive players will automatically lose when time's up. (requested by xiaoliyunVGC)
|
|t:|1750726580
|start
|switch|p1a: Zamazenta|Zamazenta-Crowned, L50|100/100
|switch|p1b: Calyrex|Calyrex-Shadow, L50|100/100
|switch|p2a: Zamazenta|Zamazenta-Crowned, L50, shiny|100/100
|switch|p2b: Chien-Pao|Chien-Pao, L50|100/100
|-ability|p1b: Calyrex|As One
|-ability|p1b: Calyrex|Unnerve
|-ability|p2b: Chien-Pao|Sword of Ruin
|-ability|p2a: Zamazenta|Dauntless Shield|boost
|-boost|p2a: Zamazenta|def|1
|-ability|p1a: Zamazenta|Dauntless Shield|boost
|-boost|p1a: Zamazenta|def|1
|turn|1
|inactive|xiaoliyunVGC has 30 seconds left.
|
|t:|1750726605
|-terastallize|p2a: Zamazenta|Grass
|move|p1b: Calyrex|Will-O-Wisp|p2a: Zamazenta
|-status|p2a: Zamazenta|brn
|move|p2b: Chien-Pao|Ice Spinner|p1b: Calyrex
|-damage|p1b: Calyrex|38/100
|move|p2a: Zamazenta|Behemoth Bash|p1b: Calyrex
|-damage|p1b: Calyrex|8/100
|move|p1a: Zamazenta|Body Press|p2b: Chien-Pao
|-supereffective|p2b: Chien-Pao
|-enditem|p2b: Chien-Pao|Focus Sash
|-damage|p2b: Chien-Pao|1/100
|
|-damage|p2a: Zamazenta|95/100 brn|[from] brn
|upkeep
|turn|2
|
|t:|1750726623
|switch|p2b: Amoonguss|Amoonguss, L50, F, shiny|100/100
|move|p1b: Calyrex|Protect|p1b: Calyrex
|-singleturn|p1b: Calyrex|Protect
|move|p2a: Zamazenta|Behemoth Bash|p1b: Calyrex
|-activate|p1b: Calyrex|move: Protect
|move|p1a: Zamazenta|Body Press|p2a: Zamazenta
|-damage|p2a: Zamazenta|65/100 brn
|
|-damage|p2a: Zamazenta|59/100 brn|[from] brn
|upkeep
|turn|3
|
|t:|1750726640
|move|p2b: Amoonguss|Protect|p2b: Amoonguss
|-singleturn|p2b: Amoonguss|Protect
|move|p1b: Calyrex|Astral Barrage|p2a: Zamazenta|[spread] p2a
|-activate|p2b: Amoonguss|move: Protect
|-damage|p2a: Zamazenta|16/100 brn
|move|p2a: Zamazenta|Behemoth Bash|p1b: Calyrex
|-damage|p1b: Calyrex|0 fnt
|faint|p1b: Calyrex
|move|p1a: Zamazenta|Heavy Slam|p2b: Amoonguss
|-activate|p2b: Amoonguss|move: Protect
|
|-damage|p2a: Zamazenta|10/100 brn|[from] brn
|upkeep
|
|t:|1750726652
|switch|p1b: Tatsugiri|Tatsugiri, L50, M|100/100
|turn|4
|
|t:|1750726667
|move|p1b: Tatsugiri|Helping Hand|p1a: Zamazenta
|-singleturn|p1a: Zamazenta|Helping Hand|[of] p1b: Tatsugiri
|move|p2a: Zamazenta|Body Press|p1b: Tatsugiri
|-damage|p1b: Tatsugiri|66/100
|move|p1a: Zamazenta|Heavy Slam|p2b: Amoonguss
|-damage|p2b: Amoonguss|44/100
|-damage|p1a: Zamazenta|84/100|[from] item: Rocky Helmet|[of] p2b: Amoonguss
|move|p2b: Amoonguss|Spore|p1a: Zamazenta
|-status|p1a: Zamazenta|slp|[from] move: Spore
|
|-damage|p2a: Zamazenta|4/100 brn|[from] brn
|upkeep
|turn|5
|
|t:|1750726686
|move|p2a: Zamazenta|Body Press|p1b: Tatsugiri
|-damage|p1b: Tatsugiri|32/100
|cant|p1a: Zamazenta|slp
|move|p1b: Tatsugiri|Icy Wind|p2a: Zamazenta|[spread] p2a,p2b
|-supereffective|p2a: Zamazenta
|-supereffective|p2b: Amoonguss
|-damage|p2a: Zamazenta|0 fnt
|-damage|p2b: Amoonguss|27/100
|-unboost|p2b: Amoonguss|spe|1
|faint|p2a: Zamazenta
|move|p2b: Amoonguss|Sludge Bomb|p1b: Tatsugiri
|-damage|p1b: Tatsugiri|3/100
|-status|p1b: Tatsugiri|psn
|
|-damage|p1b: Tatsugiri|0 fnt|[from] psn
|faint|p1b: Tatsugiri
|upkeep
|
|t:|1750726693
|switch|p2a: Iron Jugulis|Iron Jugulis, L50, shiny|100/100
|switch|p1b: Dondozo|Dondozo, L50, F|100/100
|-enditem|p2a: Iron Jugulis|Booster Energy
|-activate|p2a: Iron Jugulis|ability: Quark Drive|[fromitem]
|-start|p2a: Iron Jugulis|quarkdrivespe
|turn|6
|inactive|GRIFFY98 has 30 seconds left.
|
|t:|1750726719
|switch|p2b: Chien-Pao|Chien-Pao, L50|1/100
|-ability|p2b: Chien-Pao|Sword of Ruin
|move|p2a: Iron Jugulis|Hurricane|p1a: Zamazenta
|-damage|p1a: Zamazenta|51/100 slp
|cant|p1a: Zamazenta|slp
|move|p1b: Dondozo|Wave Crash|p2a: Iron Jugulis
|-damage|p2a: Iron Jugulis|31/100
|-damage|p1b: Dondozo|80/100|[from] Recoil
|
|-heal|p1b: Dondozo|86/100|[from] item: Leftovers
|upkeep
|turn|7
|inactive|xiaoliyunVGC has 30 seconds left.
|
|t:|1750726752
|move|p2a: Iron Jugulis|Hurricane|p1a: Zamazenta
|-damage|p1a: Zamazenta|22/100 slp
|-start|p1a: Zamazenta|confusion
|move|p2b: Chien-Pao|Crunch|p1a: Zamazenta
|-resisted|p1a: Zamazenta
|-damage|p1a: Zamazenta|13/100 slp
|-unboost|p1a: Zamazenta|def|1
|-curestatus|p1a: Zamazenta|slp|[msg]
|-activate|p1a: Zamazenta|confusion
|move|p1a: Zamazenta|Body Press|p2b: Chien-Pao
|-supereffective|p2b: Chien-Pao
|-damage|p2b: Chien-Pao|0 fnt
|faint|p2b: Chien-Pao
|move|p1b: Dondozo|Wave Crash|p2a: Iron Jugulis
|-damage|p2a: Iron Jugulis|0 fnt
|faint|p2a: Iron Jugulis
|-end|p2a: Iron Jugulis|Quark Drive|[silent]
|-damage|p1b: Dondozo|77/100|[from] Recoil
|
|-heal|p1b: Dondozo|84/100|[from] item: Leftovers
|upkeep
|
|t:|1750726764
|switch|p2b: Amoonguss|Amoonguss, L50, F, shiny|60/100
|turn|8
|
|t:|1750726774
|-activate|p1a: Zamazenta|confusion
|move|p1a: Zamazenta|Protect|p1a: Zamazenta
|-singleturn|p1a: Zamazenta|Protect
|move|p1b: Dondozo|Wave Crash|p2b: Amoonguss
|-resisted|p2b: Amoonguss
|-damage|p2b: Amoonguss|36/100
|-damage|p1b: Dondozo|67/100|[from] item: Rocky Helmet|[of] p2b: Amoonguss
|-damage|p1b: Dondozo|59/100|[from] Recoil
|move|p2b: Amoonguss|Spore|p1b: Dondozo
|-status|p1b: Dondozo|slp|[from] move: Spore
|
|-heal|p1b: Dondozo|65/100 slp|[from] item: Leftovers
|upkeep
|turn|9
|
|t:|1750726787
|-end|p1a: Zamazenta|confusion
|move|p1a: Zamazenta|Protect||[still]
|-fail|p1a: Zamazenta
|cant|p1b: Dondozo|slp
|move|p2b: Amoonguss|Sludge Bomb|p1b: Dondozo
|-damage|p1b: Dondozo|38/100 slp
|
|-heal|p1b: Dondozo|44/100 slp|[from] item: Leftovers
|upkeep
|turn|10
|
|t:|1750726796
|move|p1a: Zamazenta|Wide Guard|p1a: Zamazenta
|-singleturn|p1a: Zamazenta|Wide Guard
|-curestatus|p1b: Dondozo|slp|[msg]
|move|p1b: Dondozo|Wave Crash|p2b: Amoonguss
|-resisted|p2b: Amoonguss
|-damage|p2b: Amoonguss|10/100
|-damage|p1b: Dondozo|28/100|[from] item: Rocky Helmet|[of] p2b: Amoonguss
|-damage|p1b: Dondozo|20/100|[from] Recoil
|move|p2b: Amoonguss|Sludge Bomb|p1b: Dondozo
|-damage|p1b: Dondozo|0 fnt
|faint|p1b: Dondozo
|
|upkeep
|turn|11
|
|t:|1750726806
|move|p1a: Zamazenta|Heavy Slam|p2b: Amoonguss
|-damage|p2b: Amoonguss|0 fnt
|-damage|p1a: Zamazenta|0 fnt|[from] item: Rocky Helmet|[of] p2b: Amoonguss
|faint|p2b: Amoonguss
|faint|p1a: Zamazenta
|
|win|GRIFFY98
|raw|GRIFFY98's rating: 1543 &rarr; <strong>1569</strong><br />(+26 for winning)
|raw|xiaoliyunVGC's rating: 1650 &rarr; <strong>1624</strong><br />(-26 for losing)
|l|☆xiaoliyunVGC
|player|p2|
|l|☆GRIFFY98
|player|p1|
