|j|☆Kdc1223
|j|☆TheRealWristTwist
|t:|1750824285
|gametype|doubles
|player|p1|Kdc1223|169|1299
|player|p2|TheRealWristTwist|2|1391
|teamsize|p1|6
|teamsize|p2|6
|gen|9
|tier|[Gen 9] VGC 2025 Reg I
|rated|
|rule|Species Clause: Limit one of each Pokémon
|rule|Item Clause: Limit 1 of each item
|clearpoke
|poke|p1|Calyrex-Shadow, L50|
|poke|p1|Zamazenta-*, L50|
|poke|p1|Indeedee-F, L50, F|
|poke|p1|Urshifu-*, L50, M|
|poke|p1|Amoonguss, L50, M|
|poke|p1|Incineroar, L50, F|
|poke|p2|Miraidon, L50|
|poke|p2|Koraidon, L50|
|poke|p2|Whimsicott, L50, F|
|poke|p2|Gothitelle, L50, M|
|poke|p2|Scream Tail, L50|
|poke|p2|Incineroar, L50, M|
|teampreview|4
|inactive|Battle timer is ON: inactive players will automatically lose when time's up. (requested by Kdc1223)
Kdc1223 has agreed to open team sheets.
|inactive|Kdc1223 has 60 seconds left.
TheRealWristTwist rejected open team sheets.
|
|t:|1750824342
|start
|switch|p1a: Calyrex|Calyrex-Shadow, L50|100/100
|switch|p1b: Indeedee|Indeedee-F, L50, F|100/100
|switch|p2a: Koraidon|Koraidon, L50|100/100
|switch|p2b: Whimsicott|Whimsicott, L50, F|100/100
|-ability|p1a: Calyrex|As One
|-ability|p1a: Calyrex|Unnerve
|-weather|SunnyDay|[from] ability: Orichalcum Pulse|[of] p2a: Koraidon
|-activate|p2a: Koraidon|Orichalcum Pulse|[source]
|-fieldstart|move: Psychic Terrain|[from] ability: Psychic Surge|[of] p1b: Indeedee
|-enditem|p1b: Indeedee|Psychic Seed
|-boost|p1b: Indeedee|spd|1|[from] item: Psychic Seed
|turn|1
|inactive|Kdc1223 has 30 seconds left.
|inactive|TheRealWristTwist has 30 seconds left.
|inactive|Kdc1223 has 20 seconds left.
|inactive|Kdc1223 has 15 seconds left.
|inactive|Kdc1223 has 10 seconds left.
|
|t:|1750824387
|-terastallize|p2a: Koraidon|Fire
|move|p1b: Indeedee|Follow Me|p1b: Indeedee
|-singleturn|p1b: Indeedee|move: Follow Me
|move|p2b: Whimsicott|Light Screen|p2b: Whimsicott
|-sidestart|p2: TheRealWristTwist|move: Light Screen
|move|p1a: Calyrex|Psychic|p2a: Koraidon
|-damage|p2a: Koraidon|61/100
|move|p2a: Koraidon|Flare Blitz|p1b: Indeedee
|-damage|p1b: Indeedee|0 fnt
|faint|p1b: Indeedee
|-damage|p2a: Koraidon|35/100|[from] Recoil
|
|-weather|SunnyDay|[upkeep]
|upkeep
|
|t:|1750824406
|switch|p1b: Amoonguss|Amoonguss, L50, M|100/100
|turn|2
|
|t:|1750824424
|-terastallize|p1b: Amoonguss|Water
|move|p1b: Amoonguss|Rage Powder|p1b: Amoonguss
|-singleturn|p1b: Amoonguss|move: Rage Powder
|move|p2b: Whimsicott|Tailwind|p2b: Whimsicott
|-sidestart|p2: TheRealWristTwist|move: Tailwind
|move|p2a: Koraidon|Flare Blitz|p1b: Amoonguss
|-resisted|p1b: Amoonguss
|-damage|p1b: Amoonguss|37/100
|-damage|p2a: Koraidon|13/100|[from] Recoil
|move|p1a: Calyrex|Expanding Force|p2a: Koraidon|[spread] p2a,p2b
|-damage|p2a: Koraidon|0 fnt
|-damage|p2b: Whimsicott|45/100
|faint|p2a: Koraidon
|-ability|p1a: Calyrex|Grim Neigh|boost
|-boost|p1a: Calyrex|spa|1
|
|-weather|SunnyDay|[upkeep]
|upkeep
|
|t:|1750824442
|switch|p2a: Miraidon|Miraidon, L50|100/100
|-fieldstart|move: Electric Terrain|[from] ability: Hadron Engine|[of] p2a: Miraidon
|turn|3
|
|t:|1750824463
|move|p1b: Amoonguss|Rage Powder|p1b: Amoonguss
|-singleturn|p1b: Amoonguss|move: Rage Powder
|move|p2a: Miraidon|Electro Drift|p1b: Amoonguss
|-supereffective|p1b: Amoonguss
|-damage|p1b: Amoonguss|0 fnt
|faint|p1b: Amoonguss
|-damage|p2a: Miraidon|90/100|[from] item: Life Orb
|move|p2b: Whimsicott|Moonblast|p1a: Calyrex
|-damage|p1a: Calyrex|73/100
|-unboost|p1a: Calyrex|spa|1
|move|p1a: Calyrex|Astral Barrage|p2a: Miraidon|[spread] p2a,p2b
|-damage|p2a: Miraidon|60/100
|-damage|p2b: Whimsicott|0 fnt
|faint|p2b: Whimsicott
|-ability|p1a: Calyrex|Grim Neigh|boost
|-boost|p1a: Calyrex|spa|1
|
|-weather|SunnyDay|[upkeep]
|upkeep
|
|t:|1750824483
|switch|p2b: Incineroar|Incineroar, L50, M, shiny|100/100
|switch|p1b: Zamazenta|Zamazenta-Crowned, L50|100/100
|-ability|p1b: Zamazenta|Dauntless Shield|boost
|-boost|p1b: Zamazenta|def|1
|-ability|p2b: Incineroar|Intimidate|boost
|-unboost|p1a: Calyrex|atk|1
|-unboost|p1b: Zamazenta|atk|1
|turn|4
|
|t:|1750824502
|move|p2a: Miraidon|Electro Drift|p1b: Zamazenta
|-damage|p1b: Zamazenta|21/100
|-damage|p2a: Miraidon|50/100|[from] item: Life Orb
|move|p1a: Calyrex|Psychic|p2a: Miraidon
|-damage|p2a: Miraidon|8/100
|move|p1b: Zamazenta|Body Press|p2b: Incineroar
|-supereffective|p2b: Incineroar
|-damage|p2b: Incineroar|0 fnt
|faint|p2b: Incineroar
|
|-weather|SunnyDay|[upkeep]
|upkeep
|turn|5
|
|t:|1750824521
|move|p1a: Calyrex|Protect|p1a: Calyrex
|-singleturn|p1a: Calyrex|Protect
|move|p1b: Zamazenta|Protect|p1b: Zamazenta
|-singleturn|p1b: Zamazenta|Protect
|move|p2a: Miraidon|Dazzling Gleam|p1a: Calyrex|[spread] 
|-activate|p1a: Calyrex|move: Protect
|-activate|p1b: Zamazenta|move: Protect
|
|-weather|none
|-sideend|p2: TheRealWristTwist|move: Light Screen
|-sideend|p2: TheRealWristTwist|move: Tailwind
|upkeep
|turn|6
|
|t:|1750824533
|move|p2a: Miraidon|Protect|p2a: Miraidon
|-singleturn|p2a: Miraidon|Protect
|move|p1a: Calyrex|Astral Barrage|p2a: Miraidon
|-activate|p2a: Miraidon|move: Protect
|move|p1b: Zamazenta|Body Press|p2a: Miraidon
|-activate|p2a: Miraidon|move: Protect
|
|upkeep
|turn|7
|
|t:|1750824543
|move|p1a: Calyrex|Astral Barrage|p2a: Miraidon
|-damage|p2a: Miraidon|0 fnt
|faint|p2a: Miraidon
|
|win|Kdc1223
|raw|Kdc1223's rating: 1299 &rarr; <strong>1330</strong><br />(+31 for winning)
|raw|TheRealWristTwist's rating: 1391 &rarr; <strong>1366</strong><br />(-25 for losing)
|l|☆Kdc1223
|player|p1|
|l|☆TheRealWristTwist
|player|p2|
