|j|☆qunqun24
|j|☆anubisjr
|t:|1750798803
|gametype|doubles
|player|p1|qunqun24|265|1529
|player|p2|anubisjr|265|1627
|teamsize|p1|6
|teamsize|p2|6
|gen|9
|tier|[Gen 9] VGC 2025 Reg I
|rated|
|rule|Species Clause: Limit one of each Pokémon
|rule|Item Clause: Limit 1 of each item
|clearpoke
|poke|p1|Ho-Oh, L50|
|poke|p1|Eternatus, L50|
|poke|p1|Grimmsnarl, L50, M|
|poke|p1|Incineroar, L50, M|
|poke|p1|Ogerpon-Wellspring, L50, F|
|poke|p1|Rhydon, L50, M|
|poke|p2|Calyrex-Shadow, L50|
|poke|p2|Miraidon, L50|
|poke|p2|Whimsicott, L50, M|
|poke|p2|Iron Treads, L50|
|poke|p2|Urshifu-*, L50, F|
|poke|p2|Iron Hands, L50|
|teampreview|4
|inactive|Battle timer is ON: inactive players will automatically lose when time's up. (requested by qunqun24)
|j| TheCadKid
|l| TheCadKid
|
|t:|1750798828
|start
|switch|p1a: Ho-Oh|Ho-Oh, L50|100/100
|switch|p1b: Incineroar|Incineroar, L50, M|100/100
|switch|p2a: Miraidon|Miraidon, L50|100/100
|switch|p2b: Iron Treads|Iron Treads, L50|100/100
|-fieldstart|move: Electric Terrain|[from] ability: Hadron Engine|[of] p2a: Miraidon
|-activate|p2b: Iron Treads|ability: Quark Drive
|-start|p2b: Iron Treads|quarkdrivespe
|-ability|p1b: Incineroar|Intimidate|boost
|-unboost|p2a: Miraidon|atk|1
|-fail|p2b: Iron Treads|unboost|[from] item: Clear Amulet|[of] p2b: Iron Treads
|turn|1
|inactive|qunqun24 has 30 seconds left.
|inactive|qunqun24 has 20 seconds left.
|inactive|anubisjr has 30 seconds left.
|
|t:|1750798875
|move|p2b: Iron Treads|Protect|p2b: Iron Treads
|-singleturn|p2b: Iron Treads|Protect
|move|p1b: Incineroar|Fake Out|p2b: Iron Treads
|-activate|p2b: Iron Treads|move: Protect
|move|p2a: Miraidon|Draco Meteor|p1b: Incineroar
|-damage|p1b: Incineroar|0 fnt
|-unboost|p2a: Miraidon|spa|2
|faint|p1b: Incineroar
|move|p1a: Ho-Oh|Sacred Fire|p2b: Iron Treads
|-activate|p2b: Iron Treads|move: Protect
|
|upkeep
|
|t:|1750798880
|switch|p1b: Eternatus|Eternatus, L50|100/100
|-ability|p1b: Eternatus|Pressure
|turn|2
|
|t:|1750798902
|-terastallize|p1b: Eternatus|Fairy
|move|p2b: Iron Treads|Metal Sound|p1b: Eternatus
|-unboost|p1b: Eternatus|spd|2
|move|p2a: Miraidon|Draco Meteor|p1b: Eternatus
|-immune|p1b: Eternatus
|move|p1b: Eternatus|Dynamax Cannon|p2a: Miraidon
|-supereffective|p2a: Miraidon
|-damage|p2a: Miraidon|8/100
|move|p1a: Ho-Oh|Sacred Fire|p2b: Iron Treads|[miss]
|-miss|p1a: Ho-Oh|p2b: Iron Treads
|
|upkeep
|turn|3
|inactive|qunqun24 has 30 seconds left.
|inactive|anubisjr has 30 seconds left.
|
|t:|1750798929
|move|p2b: Iron Treads|Metal Sound|p1a: Ho-Oh|[miss]
|-miss|p2b: Iron Treads|p1a: Ho-Oh
|move|p2a: Miraidon|Draco Meteor|p1a: Ho-Oh
|-damage|p1a: Ho-Oh|64/100
|-unboost|p2a: Miraidon|spa|2
|move|p1b: Eternatus|Dynamax Cannon|p2b: Iron Treads
|-resisted|p2b: Iron Treads
|-damage|p2b: Iron Treads|64/100
|move|p1a: Ho-Oh|Sacred Fire|p2b: Iron Treads
|-supereffective|p2b: Iron Treads
|-damage|p2b: Iron Treads|0 fnt
|faint|p2b: Iron Treads
|-end|p2b: Iron Treads|Quark Drive|[silent]
|
|upkeep
|
|t:|1750798933
|switch|p2b: Calyrex|Calyrex-Shadow, L50|100/100
|-ability|p2b: Calyrex|As One
|-ability|p2b: Calyrex|Unnerve
|turn|4
|
|t:|1750798950
|switch|p1b: Rhydon|Rhydon, L50, M|100/100
|move|p2b: Calyrex|Astral Barrage|p1b: Rhydon|[spread] p1a,p1b
|-damage|p1a: Ho-Oh|26/100
|-damage|p1b: Rhydon|48/100
|-damage|p2b: Calyrex|91/100|[from] item: Life Orb
|move|p2a: Miraidon|Draco Meteor|p1a: Ho-Oh
|-damage|p1a: Ho-Oh|4/100
|-unboost|p2a: Miraidon|spa|2
|move|p1a: Ho-Oh|Sacred Fire|p2b: Calyrex
|-damage|p2b: Calyrex|39/100
|-status|p2b: Calyrex|brn
|
|-damage|p2b: Calyrex|34/100 brn|[from] brn
|upkeep
|turn|5
|inactive|qunqun24 has 30 seconds left.
|inactive|anubisjr has 30 seconds left.
|inactive|anubisjr has 20 seconds left.
|inactive|anubisjr has 15 seconds left.
|inactive|anubisjr has 10 seconds left.
|
|t:|1750799001
|switch|p1a: Eternatus|Eternatus, L50, tera:Fairy|100/100
|-ability|p1a: Eternatus|Pressure
|move|p1b: Rhydon|Protect|p1b: Rhydon
|-singleturn|p1b: Rhydon|Protect
|move|p2b: Calyrex|Astral Barrage|p1b: Rhydon|[spread] p1a
|-activate|p1b: Rhydon|move: Protect
|-damage|p1a: Eternatus|48/100
|-damage|p2b: Calyrex|24/100 brn|[from] item: Life Orb
|move|p2a: Miraidon|Draco Meteor|p1b: Rhydon
|-activate|p1b: Rhydon|move: Protect
|
|-heal|p1a: Eternatus|54/100|[from] item: Leftovers
|-damage|p2b: Calyrex|18/100 brn|[from] brn
|-fieldend|move: Electric Terrain
|upkeep
|turn|6
|
|t:|1750799019
|switch|p2a: Urshifu|Urshifu, L50, F|100/100
|switch|p1b: Ho-Oh|Ho-Oh, L50|37/100
|move|p2b: Calyrex|Astral Barrage|p1a: Eternatus|[spread] p1a,p1b
|-damage|p1a: Eternatus|0 fnt
|-damage|p1b: Ho-Oh|0 fnt
|faint|p1a: Eternatus
|faint|p1b: Ho-Oh
|-ability|p2b: Calyrex|Grim Neigh|boost
|-boost|p2b: Calyrex|spa|2
|-damage|p2b: Calyrex|8/100 brn|[from] item: Life Orb
|
|-damage|p2b: Calyrex|3/100 brn|[from] brn
|upkeep
|
|t:|1750799040
|switch|p1b: Rhydon|Rhydon, L50, M|48/100
|turn|7
|
|t:|1750799045
|move|p2b: Calyrex|Astral Barrage|p1b: Rhydon
|-crit|p1b: Rhydon
|-damage|p1b: Rhydon|0 fnt
|faint|p1b: Rhydon
|-damage|p2b: Calyrex|0 fnt|[from] item: Life Orb
|faint|p2b: Calyrex
|
|win|anubisjr
|raw|qunqun24's rating: 1529 &rarr; <strong>1514</strong><br />(-15 for losing)
|raw|anubisjr's rating: 1627 &rarr; <strong>1642</strong><br />(+15 for winning)
|l|☆anubisjr
|player|p2|
