|j|☆hahaemeralds
|j|☆wjssz
|t:|1750816452
|gametype|doubles
|player|p1|hahaemeralds|266|1032
|player|p2|wjssz|cheryl|1000
|teamsize|p1|6
|teamsize|p2|6
|gen|9
|tier|[Gen 9] VGC 2025 Reg I
|rated|
|rule|Species Clause: Limit one of each Pokémon
|rule|Item Clause: Limit 1 of each item
|clearpoke
|poke|p1|Calyrex-Shadow, L50|
|poke|p1|Incineroar, L50, M|
|poke|p1|Rillaboom, L50, M|
|poke|p1|Ogerpon-Hearthflame, L50, F|
|poke|p1|Zamazenta-*, L50|
|poke|p1|Urshifu-*, L50, F|
|poke|p2|Calyrex-Ice, L50|
|poke|p2|Whimsicott, L50, M|
|poke|p2|Eternatus, L50|
|poke|p2|Breloom, L50, M|
|poke|p2|Chien-Pao, L50|
|poke|p2|Ditto, L50|
|teampreview|4
|inactive|Battle timer is ON: inactive players will automatically lose when time's up. (requested by wjssz)
|
|t:|1750816467
|start
|switch|p1a: Calyrex|Calyrex-Shadow, L50|100/100
|switch|p1b: Incineroar|Incineroar, L50, M|100/100
|switch|p2a: Calyrex|Calyrex-Ice, L50|100/100
|switch|p2b: Whimsicott|Whimsicott, L50, M|100/100
|-ability|p1a: Calyrex|As One
|-ability|p1a: Calyrex|Unnerve
|-ability|p2a: Calyrex|As One
|-ability|p2a: Calyrex|Unnerve
|-ability|p1b: Incineroar|Intimidate|boost
|-unboost|p2a: Calyrex|atk|1
|-unboost|p2b: Whimsicott|atk|1
|turn|1
|
|t:|1750816486
|switch|p2a: Ditto|Ditto, L50|100/100
|-transform|p2a: Ditto|p1b: Incineroar|[from] ability: Imposter
|-ability|p2a: Ditto|Intimidate|boost
|-unboost|p1a: Calyrex|atk|1
|-unboost|p1b: Incineroar|atk|1
|move|p1b: Incineroar|Fake Out|p2b: Whimsicott
|-crit|p2b: Whimsicott
|-damage|p2b: Whimsicott|81/100
|move|p2b: Whimsicott|Tailwind|p2b: Whimsicott
|-sidestart|p2: wjssz|move: Tailwind
|move|p1a: Calyrex|Nasty Plot|p1a: Calyrex
|-boost|p1a: Calyrex|spa|2
|
|upkeep
|turn|2
|inactive|hahaemeralds has 30 seconds left.
|inactive|hahaemeralds has 20 seconds left.
|inactive|hahaemeralds has 15 seconds left.
|inactive|hahaemeralds has 10 seconds left.
|inactive|hahaemeralds has 5 seconds left.
|
|t:|1750816540
|move|p1a: Calyrex|Protect|p1a: Calyrex
|-singleturn|p1a: Calyrex|Protect
|move|p2b: Whimsicott|Light Screen|p2b: Whimsicott
|-sidestart|p2: wjssz|move: Light Screen
|move|p2a: Ditto|Knock Off|p1a: Calyrex
|-activate|p1a: Calyrex|move: Protect
|move|p1b: Incineroar|Flare Blitz|p2b: Whimsicott
|-supereffective|p2b: Whimsicott
|-damage|p2b: Whimsicott|12/100
|-damage|p1b: Incineroar|82/100|[from] Recoil
|
|upkeep
|turn|3
|
|t:|1750816561
|switch|p1a: Zamazenta|Zamazenta-Crowned, L50|100/100
|-ability|p1a: Zamazenta|Dauntless Shield|boost
|-boost|p1a: Zamazenta|def|1
|move|p2b: Whimsicott|Moonblast|p1a: Zamazenta
|-damage|p1a: Zamazenta|82/100
|-unboost|p1a: Zamazenta|spa|1
|move|p2a: Ditto|Parting Shot|p1a: Zamazenta
|-unboost|p1a: Zamazenta|atk|1
|-unboost|p1a: Zamazenta|spa|1
|
|t:|1750816571
|switch|p2a: Chien-Pao|Chien-Pao, L50|100/100|[from] Parting Shot
|-ability|p2a: Chien-Pao|Sword of Ruin
|move|p1b: Incineroar|Flare Blitz|p2b: Whimsicott
|-supereffective|p2b: Whimsicott
|-damage|p2b: Whimsicott|0 fnt
|faint|p2b: Whimsicott
|-damage|p1b: Incineroar|79/100|[from] Recoil
|
|upkeep
|
|t:|1750816573
|switch|p2b: Calyrex|Calyrex-Ice, L50|100/100
|-ability|p2b: Calyrex|As One
|-ability|p2b: Calyrex|Unnerve
|turn|4
|
|t:|1750816582
|move|p2a: Chien-Pao|Ruination|p1a: Zamazenta
|-damage|p1a: Zamazenta|42/100
|move|p2b: Calyrex|Glacial Lance|p1a: Zamazenta|[spread] p1a,p1b
|-resisted|p1a: Zamazenta
|-resisted|p1b: Incineroar
|-damage|p1a: Zamazenta|16/100
|-damage|p1b: Incineroar|29/100
|move|p1a: Zamazenta|Body Press|p2a: Chien-Pao
|-supereffective|p2a: Chien-Pao
|-enditem|p2a: Chien-Pao|Focus Sash
|-damage|p2a: Chien-Pao|1/100
|move|p1b: Incineroar|Knock Off|p2b: Calyrex
|-supereffective|p2b: Calyrex
|-damage|p2b: Calyrex|32/100
|-enditem|p2b: Calyrex|Choice Band|[from] move: Knock Off|[of] p1b: Incineroar
|
|-sideend|p2: wjssz|move: Tailwind
|upkeep
|turn|5
|inactive|hahaemeralds has 30 seconds left.
|
|t:|1750816609
|move|p1a: Zamazenta|Wide Guard|p1a: Zamazenta
|-singleturn|p1a: Zamazenta|Wide Guard
|move|p2a: Chien-Pao|Icy Wind|p1a: Zamazenta|[spread] 
|-activate|p1a: Zamazenta|move: Wide Guard
|-activate|p1b: Incineroar|move: Wide Guard
|move|p2b: Calyrex|Glacial Lance|p1a: Zamazenta|[spread] 
|-activate|p1a: Zamazenta|move: Wide Guard
|-activate|p1b: Incineroar|move: Wide Guard
|move|p1b: Incineroar|Flare Blitz|p2b: Calyrex
|-supereffective|p2b: Calyrex
|-damage|p2b: Calyrex|0 fnt
|faint|p2b: Calyrex
|-damage|p1b: Incineroar|20/100|[from] Recoil
|
|upkeep
|
|t:|1750816616
|switch|p2b: Ditto|Ditto, L50|100/100
|-transform|p2b: Ditto|p1a: Zamazenta|[from] ability: Imposter
|-ability|p2b: Ditto|Dauntless Shield|boost
|-boost|p2b: Ditto|def|1
|turn|6
|inactive|hahaemeralds has 30 seconds left.
|
|t:|1750816641
|move|p1a: Zamazenta|Protect||[still]
|-fail|p1a: Zamazenta
|move|p2a: Chien-Pao|Icy Wind|p1a: Zamazenta|[spread] p1a,p1b
|-resisted|p1a: Zamazenta
|-resisted|p1b: Incineroar
|-damage|p1a: Zamazenta|10/100
|-damage|p1b: Incineroar|13/100
|-unboost|p1a: Zamazenta|spe|1
|-unboost|p1b: Incineroar|spe|1
|move|p2b: Ditto|Body Press|p1b: Incineroar
|-supereffective|p1b: Incineroar
|-damage|p1b: Incineroar|0 fnt
|-damage|p2b: Ditto|84/100|[from] item: Rocky Helmet|[of] p1b: Incineroar
|faint|p1b: Incineroar
|
|-sideend|p2: wjssz|move: Light Screen
|upkeep
|
|t:|1750816662
|switch|p1b: Ogerpon|Ogerpon-Hearthflame, L50, F|100/100
|-ability|p1b: Ogerpon|Mold Breaker
|turn|7
|
|t:|1750816674
|move|p1a: Zamazenta|Wide Guard|p1a: Zamazenta
|-singleturn|p1a: Zamazenta|Wide Guard
|move|p2a: Chien-Pao|Icy Wind|p1a: Zamazenta|[spread] 
|-activate|p1a: Zamazenta|move: Wide Guard
|-activate|p1b: Ogerpon|move: Wide Guard
|move|p2b: Ditto|Body Press|p1b: Ogerpon
|-damage|p1b: Ogerpon|0 fnt
|faint|p1b: Ogerpon
|
|upkeep
|
|t:|1750816684
|switch|p1b: Calyrex|Calyrex-Shadow, L50|100/100
|-ability|p1b: Calyrex|As One
|-ability|p1b: Calyrex|Unnerve
|turn|8
|
|t:|1750816697
|-terastallize|p2b: Ditto|Normal
|move|p2a: Chien-Pao|Sucker Punch|p1b: Calyrex
|-supereffective|p1b: Calyrex
|-damage|p1b: Calyrex|0 fnt
|faint|p1b: Calyrex
|move|p2b: Ditto|Body Press|p1a: Zamazenta
|-supereffective|p1a: Zamazenta
|-damage|p1a: Zamazenta|0 fnt
|faint|p1a: Zamazenta
|
|win|wjssz
|raw|hahaemeralds's rating: 1032 &rarr; <strong>1016</strong><br />(-16 for losing)
|raw|wjssz's rating: 1000 &rarr; <strong>1044</strong><br />(+44 for winning)
|l|☆hahaemeralds
|player|p1|
