|j|☆D3XT3R08
|j|☆yuscaman
|t:|1750749169
|gametype|doubles
|player|p1|D3XT3R08|brock|1117
|player|p2|yuscaman|roughneck-gen4|1120
|teamsize|p1|6
|teamsize|p2|6
|gen|9
|tier|[Gen 9] VGC 2025 Reg I
|rated|
|rule|Species Clause: Limit one of each Pokémon
|rule|Item Clause: Limit 1 of each item
|clearpoke
|poke|p1|Calyrex-Shadow, L50|
|poke|p1|Whimsicott, L50, M|
|poke|p1|Arcanine, L50, M|
|poke|p1|Lugia, L50|
|poke|p1|Goodra-Hisui, L50, F|
|poke|p1|Alomomola, L50, M|
|poke|p2|Calyrex-Ice, L50|
|poke|p2|Lunala, L50|
|poke|p2|Incineroar, L50, M|
|poke|p2|Ursaluna, L50, F|
|poke|p2|Urshifu-*, L50, F|
|poke|p2|Iron Hands, L50|
|teampreview|4
|inactive|Battle timer is ON: inactive players will automatically lose when time's up. (requested by D3XT3R08)
yuscaman has agreed to open team sheets.
|
|t:|1750749192
|start
|switch|p1a: Calyrex|Calyrex-Shadow, L50|100/100
|switch|p1b: Whimsicott|Whimsicott, L50, M|100/100
|switch|p2a: Lunala|Lunala, L50|100/100
|switch|p2b: Incineroar|Incineroar, L50, M|100/100
|-ability|p1a: Calyrex|As One
|-ability|p1a: Calyrex|Unnerve
|-ability|p2b: Incineroar|Intimidate|boost
|-unboost|p1a: Calyrex|atk|1
|-unboost|p1b: Whimsicott|atk|1
|turn|1
|inactive|D3XT3R08 has 30 seconds left.
|
|t:|1750749220
|-terastallize|p1a: Calyrex|Dark
|move|p2a: Lunala|Wide Guard|p2a: Lunala
|-singleturn|p2a: Lunala|Wide Guard
|move|p1b: Whimsicott|Light Screen|p1b: Whimsicott
|-sidestart|p1: D3XT3R08|move: Light Screen
|move|p1a: Calyrex|Nasty Plot|p1a: Calyrex
|-boost|p1a: Calyrex|spa|2
|move|p2b: Incineroar|Knock Off|p1a: Calyrex
|-resisted|p1a: Calyrex
|-damage|p1a: Calyrex|72/100
|-enditem|p1a: Calyrex|Life Orb|[from] move: Knock Off|[of] p2b: Incineroar
|
|upkeep
|turn|2
|inactive|D3XT3R08 has 30 seconds left.
|inactive|yuscaman has 30 seconds left.
|
|t:|1750749252
|move|p1b: Whimsicott|Encore|p2a: Lunala
|-start|p2a: Lunala|Encore
|move|p1a: Calyrex|Astral Barrage|p2a: Lunala|[spread] p2a,p2b
|-supereffective|p2a: Lunala
|-crit|p2a: Lunala
|-resisted|p2b: Incineroar
|-damage|p2a: Lunala|0 fnt
|-damage|p2b: Incineroar|51/100
|faint|p2a: Lunala
|-ability|p1a: Calyrex|Grim Neigh|boost
|-boost|p1a: Calyrex|spa|1
|move|p2b: Incineroar|Parting Shot|p1a: Calyrex
|-unboost|p1a: Calyrex|atk|1
|-unboost|p1a: Calyrex|spa|1
|
|t:|1750749265
|switch|p2b: Urshifu|Urshifu-Rapid-Strike, L50, F|100/100|[from] Parting Shot
|
|upkeep
|
|t:|1750749273
|switch|p2a: Incineroar|Incineroar, L50, M|51/100
|-ability|p2a: Incineroar|Intimidate|boost
|-unboost|p1a: Calyrex|atk|1
|-unboost|p1b: Whimsicott|atk|1
|turn|3
|
|t:|1750749292
|move|p1a: Calyrex|Protect|p1a: Calyrex
|-singleturn|p1a: Calyrex|Protect
|move|p2a: Incineroar|Fake Out|p1a: Calyrex
|-activate|p1a: Calyrex|move: Protect
|move|p1b: Whimsicott|Tailwind|p1b: Whimsicott
|-sidestart|p1: D3XT3R08|move: Tailwind
|move|p2b: Urshifu|Close Combat|p1a: Calyrex
|-supereffective|p1a: Calyrex
|-damage|p1a: Calyrex|0 fnt
|-unboost|p2b: Urshifu|def|1
|-unboost|p2b: Urshifu|spd|1
|faint|p1a: Calyrex
|
|upkeep
|
|t:|1750749308
|switch|p1a: Lugia|Lugia, L50|100/100
|turn|4
|
|t:|1750749327
|move|p1b: Whimsicott|Moonblast|p2b: Urshifu
|-supereffective|p2b: Urshifu
|-enditem|p2b: Urshifu|Focus Sash
|-damage|p2b: Urshifu|1/100
|move|p1a: Lugia|Calm Mind|p1a: Lugia
|-boost|p1a: Lugia|spa|1
|-boost|p1a: Lugia|spd|1
|move|p2b: Urshifu|Surging Strikes|p1a: Lugia
|-crit|p1a: Lugia
|-damage|p1a: Lugia|95/100
|-crit|p1a: Lugia
|-damage|p1a: Lugia|82/100
|-crit|p1a: Lugia
|-damage|p1a: Lugia|70/100
|-hitcount|p1a: Lugia|3
|move|p2a: Incineroar|Knock Off|p1a: Lugia
|-supereffective|p1a: Lugia
|-damage|p1a: Lugia|16/100
|-enditem|p1a: Lugia|Leftovers|[from] move: Knock Off|[of] p2a: Incineroar
|
|upkeep
|turn|5
|inactive|D3XT3R08 has 30 seconds left.
|inactive|yuscaman has 30 seconds left.
|inactive|yuscaman has 20 seconds left.
|inactive|yuscaman has 15 seconds left.
|
|t:|1750749370
|move|p1b: Whimsicott|Moonblast|p2b: Urshifu
|-supereffective|p2b: Urshifu
|-damage|p2b: Urshifu|0 fnt
|faint|p2b: Urshifu
|move|p1a: Lugia|Recover|p1a: Lugia
|-heal|p1a: Lugia|66/100
|move|p2a: Incineroar|Knock Off|p1b: Whimsicott
|-resisted|p1b: Whimsicott
|-damage|p1b: Whimsicott|69/100
|-enditem|p1b: Whimsicott|Covert Cloak|[from] move: Knock Off|[of] p2a: Incineroar
|
|-sideend|p1: D3XT3R08|move: Light Screen
|upkeep
|
|t:|1750749383
|switch|p2b: Calyrex|Calyrex-Ice, L50|100/100
|-ability|p2b: Calyrex|As One
|-ability|p2b: Calyrex|Unnerve
|turn|6
|inactive|D3XT3R08 has 30 seconds left.
|
|t:|1750749413
|move|p1b: Whimsicott|Moonblast|p2b: Calyrex
|-damage|p2b: Calyrex|81/100
|move|p1a: Lugia|Earth Power|p2a: Incineroar
|-supereffective|p2a: Incineroar
|-damage|p2a: Incineroar|0 fnt
|faint|p2a: Incineroar
|move|p2b: Calyrex|Glacial Lance|p1a: Lugia|[spread] p1a,p1b
|-supereffective|p1a: Lugia
|-crit|p1a: Lugia
|-supereffective|p1b: Whimsicott
|-damage|p1a: Lugia|0 fnt
|-damage|p1b: Whimsicott|0 fnt
|faint|p1a: Lugia
|faint|p1b: Whimsicott
|-ability|p2b: Calyrex|Chilling Neigh|boost
|-boost|p2b: Calyrex|atk|2
|
|-sideend|p1: D3XT3R08|move: Tailwind
|upkeep
|
|t:|1750749425
|switch|p1a: Arcanine|Arcanine, L50, M|100/100
|-ability|p1a: Arcanine|Intimidate|boost
|-unboost|p2b: Calyrex|atk|1
|turn|7
|
|t:|1750749431
|-terastallize|p2b: Calyrex|Ground
|move|p1a: Arcanine|Flare Blitz|p2b: Calyrex
|-damage|p2b: Calyrex|46/100
|-damage|p1a: Arcanine|88/100|[from] Recoil
|move|p2b: Calyrex|Glacial Lance|p1a: Arcanine
|-resisted|p1a: Arcanine
|-damage|p1a: Arcanine|0 fnt
|faint|p1a: Arcanine
|
|win|yuscaman
|raw|D3XT3R08's rating: 1117 &rarr; <strong>1092</strong><br />(-25 for losing)
|raw|yuscaman's rating: 1120 &rarr; <strong>1145</strong><br />(+25 for winning)
|l|☆yuscaman
|player|p2|
|c|☆D3XT3R08|Ggs
|l|☆D3XT3R08
|player|p1|
