|j|☆Mondher
|j|☆coopm26
|t:|1750869324
|gametype|doubles
|player|p1|Mondher|1|1390
|player|p2|coopm26|cynthia-gen4|1374
|teamsize|p1|6
|teamsize|p2|6
|gen|9
|tier|[Gen 9] VGC 2025 Reg I
|rated|
|rule|Species Clause: Limit one of each Pokémon
|rule|Item Clause: Limit 1 of each item
|clearpoke
|poke|p1|Igglybuff, L50, M|
|poke|p1|Calyrex-Ice, L50|
|poke|p1|Indeedee-F, L50, F|
|poke|p1|Urshifu-*, L50, M|
|poke|p1|Iron Hands, L50|
|poke|p1|Miraidon, L50|
|poke|p2|Calyrex-Ice, L50|
|poke|p2|Farigiraf, L50, F|
|poke|p2|Smeargle, L50, M|
|poke|p2|Maushold-Four, L50|
|poke|p2|Kyogre, L50|
|poke|p2|Volcarona, L50, M|
|teampreview|4
coopm26 has agreed to open team sheets.
|inactive|Battle timer is ON: inactive players will automatically lose when time's up. (requested by Mondher)
|
|t:|1750869401
|start
|switch|p1a: Calyrex|Calyrex-Ice, L50|100/100
|switch|p1b: Indeedee|Indeedee-F, L50, F|100/100
|switch|p2a: Calyrex|Calyrex-Ice, L50|100/100
|switch|p2b: Maushold|Maushold-Four, L50|100/100
|-ability|p2a: Calyrex|As One
|-ability|p2a: Calyrex|Unnerve
|-ability|p1a: Calyrex|As One
|-ability|p1a: Calyrex|Unnerve
|-fieldstart|move: Psychic Terrain|[from] ability: Psychic Surge|[of] p1b: Indeedee
|turn|1
|inactive|coopm26 has 30 seconds left.
|
|t:|1750869434
|-terastallize|p2b: Maushold|Normal
|-terastallize|p1a: Calyrex|Water
|move|p1b: Indeedee|Follow Me|p1b: Indeedee
|-singleturn|p1b: Indeedee|move: Follow Me
|move|p2b: Maushold|Population Bomb|p1b: Indeedee
|-damage|p1b: Indeedee|85/100
|-damage|p2b: Maushold|84/100|[from] item: Rocky Helmet|[of] p1b: Indeedee
|-damage|p1b: Indeedee|70/100
|-damage|p2b: Maushold|67/100|[from] item: Rocky Helmet|[of] p1b: Indeedee
|-damage|p1b: Indeedee|55/100
|-damage|p2b: Maushold|50/100|[from] item: Rocky Helmet|[of] p1b: Indeedee
|-crit|p1b: Indeedee
|-damage|p1b: Indeedee|33/100
|-damage|p2b: Maushold|34/100|[from] item: Rocky Helmet|[of] p1b: Indeedee
|-damage|p1b: Indeedee|19/100
|-damage|p2b: Maushold|17/100|[from] item: Rocky Helmet|[of] p1b: Indeedee
|-damage|p1b: Indeedee|6/100
|-damage|p2b: Maushold|0 fnt|[from] item: Rocky Helmet|[of] p1b: Indeedee
|faint|p2b: Maushold
|-hitcount|p1b: Indeedee|6
|move|p2a: Calyrex|Crunch|p1b: Indeedee
|-supereffective|p1b: Indeedee
|-damage|p1b: Indeedee|0 fnt
|-damage|p2a: Calyrex|84/100|[from] item: Rocky Helmet|[of] p1b: Indeedee
|faint|p1b: Indeedee
|-ability|p2a: Calyrex|Chilling Neigh|boost
|-boost|p2a: Calyrex|atk|1
|move|p1a: Calyrex|Trick Room|p1a: Calyrex
|-fieldstart|move: Trick Room|[of] p1a: Calyrex
|
|upkeep
|c|☆coopm26|oh
|inactive|Mondher has 30 seconds left.
|inactive|coopm26 has 30 seconds left.
|
|t:|1750869465
|switch|p1b: Igglybuff|Igglybuff, L50, M|100/100
|switch|p2b: Volcarona|Volcarona, L50, M|100/100
|turn|2
|
|t:|1750869472
|move|p2b: Volcarona|Rage Powder|p2b: Volcarona
|-singleturn|p2b: Volcarona|move: Rage Powder
|move|p1b: Igglybuff|Encore|p2b: Volcarona
|-start|p2b: Volcarona|Encore
|move|p1a: Calyrex|Glacial Lance|p2b: Volcarona|[spread] p2a,p2b
|-resisted|p2a: Calyrex
|-resisted|p2b: Volcarona
|-damage|p2a: Calyrex|65/100
|-damage|p2b: Volcarona|76/100
|move|p2a: Calyrex|Seed Bomb|p1a: Calyrex
|-supereffective|p1a: Calyrex
|-damage|p1a: Calyrex|57/100
|
|upkeep
|turn|3
|
|t:|1750869488
|move|p2b: Volcarona|Rage Powder|p2b: Volcarona
|-singleturn|p2b: Volcarona|move: Rage Powder
|move|p1b: Igglybuff|Disable|p2b: Volcarona
|-start|p2b: Volcarona|Disable|Rage Powder
|move|p1a: Calyrex|Glacial Lance|p2b: Volcarona|[spread] p2a,p2b
|-resisted|p2a: Calyrex
|-resisted|p2b: Volcarona
|-damage|p2a: Calyrex|46/100
|-damage|p2b: Volcarona|51/100
|move|p2a: Calyrex|Seed Bomb|p1a: Calyrex
|-supereffective|p1a: Calyrex
|-damage|p1a: Calyrex|9/100
|
|upkeep
|turn|4
|
|t:|1750869505
|switch|p2b: Kyogre|Kyogre, L50|100/100
|-weather|RainDance|[from] ability: Drizzle|[of] p2b: Kyogre
|move|p1b: Igglybuff|Disable|p2a: Calyrex
|-start|p2a: Calyrex|Disable|Seed Bomb
|move|p1a: Calyrex|Glacial Lance|p2a: Calyrex|[spread] p2a,p2b
|-resisted|p2a: Calyrex
|-resisted|p2b: Kyogre
|-damage|p2a: Calyrex|26/100
|-damage|p2b: Kyogre|63/100
|cant|p2a: Calyrex|Disable|Seed Bomb
|
|-weather|RainDance|[upkeep]
|upkeep
|turn|5
|
|t:|1750869528
|switch|p2a: Volcarona|Volcarona, L50, M|51/100
|move|p1b: Igglybuff|Encore||[still]
|-fail|p1b: Igglybuff
|move|p1a: Calyrex|Glacial Lance|p2a: Volcarona|[spread] p2a,p2b
|-resisted|p2a: Volcarona
|-resisted|p2b: Kyogre
|-damage|p2a: Volcarona|26/100
|-damage|p2b: Kyogre|30/100
|move|p2b: Kyogre|Origin Pulse|p1a: Calyrex|[spread] p1a
|-miss|p2b: Kyogre|p1b: Igglybuff
|-resisted|p1a: Calyrex
|-damage|p1a: Calyrex|0 fnt
|faint|p1a: Calyrex
|
|-weather|RainDance|[upkeep]
|-fieldend|move: Trick Room
|-fieldend|move: Psychic Terrain
|upkeep
|
|t:|1750869541
|switch|p1a: Iron Hands|Iron Hands, L50|100/100
|turn|6
|
|t:|1750869556
|switch|p2b: Calyrex|Calyrex-Ice, L50|26/100
|-ability|p2b: Calyrex|As One
|-ability|p2b: Calyrex|Unnerve
|move|p1a: Iron Hands|Fake Out|p2a: Volcarona
|-damage|p2a: Volcarona|12/100
|-damage|p1a: Iron Hands|84/100|[from] item: Rocky Helmet|[of] p2a: Volcarona
|-status|p1a: Iron Hands|brn|[from] ability: Flame Body|[of] p2a: Volcarona
|cant|p2a: Volcarona|flinch
|move|p1b: Igglybuff|Endeavor|p2b: Calyrex
|-immune|p2b: Calyrex
|
|-weather|RainDance|[upkeep]
|-damage|p1a: Iron Hands|78/100 brn|[from] brn
|upkeep
|turn|7
|-message|Mondher forfeited.
|
|win|coopm26
|raw|Mondher's rating: 1390 &rarr; <strong>1369</strong><br />(-21 for losing)
|raw|coopm26's rating: 1374 &rarr; <strong>1395</strong><br />(+21 for winning)
|l|☆Mondher
|player|p1|
|l|☆coopm26
|player|p2|
