|j|‽Avengo2187
|j|☆Raymario Pokenic
|t:|1750774855
|gametype|doubles
|player|p1|Avengo2187|medium|1213
|player|p2|Raymario Pokenic|265|1129
|teamsize|p1|6
|teamsize|p2|6
|gen|9
|tier|[Gen 9] VGC 2025 Reg I
|rated|
|rule|Species Clause: Limit one of each Pokémon
|rule|Item Clause: Limit 1 of each item
|clearpoke
|poke|p1|Ho-Oh, L50|
|poke|p1|Koraidon, L50|
|poke|p1|Amoonguss, L50, F|
|poke|p1|Iron Treads, L50|
|poke|p1|Virizion, L50|
|poke|p1|Flutter Mane, L50|
|poke|p2|Miraidon, L50|
|poke|p2|Zacian-*, L50|
|poke|p2|Mandibuzz, L50, F|
|poke|p2|Scrafty, L50, M|
|poke|p2|Farigiraf, L50, F|
|poke|p2|Sylveon, L50, M|
|teampreview|4
|inactive|Battle timer is ON: inactive players will automatically lose when time's up. (requested by Avengo2187)
|c|☆Raymario Pokenic|virizion? in gen 9??
|c|☆Raymario Pokenic|fucking based af
|inactive|Raymario Pokenic has 60 seconds left.
|
|t:|1750774897
|start
|switch|p1a: Amoonguss|Amoonguss, L50, F|100/100
|switch|p1b: Iron Treads|Iron Treads, L50, shiny|100/100
|switch|p2a: Miraidon|Miraidon, L50|100/100
|switch|p2b: Mandibuzz|Mandibuzz, L50, F, shiny|100/100
|-fieldstart|move: Electric Terrain|[from] ability: Hadron Engine|[of] p2a: Miraidon
|-activate|p1b: Iron Treads|ability: Quark Drive
|-start|p1b: Iron Treads|quarkdriveatk
|turn|1
|inactive|Raymario Pokenic has 30 seconds left.
|
|t:|1750774928
|switch|p2a: Scrafty|Scrafty, L50, M, shiny|100/100
|-ability|p2a: Scrafty|Intimidate|boost
|-unboost|p1a: Amoonguss|atk|1
|-unboost|p1b: Iron Treads|atk|1
|move|p1b: Iron Treads|Ice Spinner|p2a: Scrafty
|-damage|p2a: Scrafty|67/100
|-fieldend|move: Electric Terrain
|-end|p1b: Iron Treads|Quark Drive
|move|p2b: Mandibuzz|Tailwind|p2b: Mandibuzz
|-sidestart|p2: Raymario Pokenic|move: Tailwind
|move|p1a: Amoonguss|Spore|p2a: Scrafty
|-status|p2a: Scrafty|slp|[from] move: Spore
|
|upkeep
|turn|2
|
|t:|1750774951
|switch|p2a: Miraidon|Miraidon, L50|100/100
|-fieldstart|move: Electric Terrain|[from] ability: Hadron Engine|[of] p2a: Miraidon
|-activate|p1b: Iron Treads|ability: Quark Drive
|-start|p1b: Iron Treads|quarkdrivespe
|move|p1b: Iron Treads|Ice Spinner|p2b: Mandibuzz
|-supereffective|p2b: Mandibuzz
|-damage|p2b: Mandibuzz|71/100
|-fieldend|move: Electric Terrain
|-end|p1b: Iron Treads|Quark Drive
|move|p2b: Mandibuzz|Brave Bird|p1a: Amoonguss
|-supereffective|p1a: Amoonguss
|-crit|p1a: Amoonguss
|-damage|p1a: Amoonguss|8/100
|-damage|p2b: Mandibuzz|40/100|[from] Recoil
|move|p1a: Amoonguss|Spore|p2b: Mandibuzz
|-immune|p2b: Mandibuzz|[from] ability: Overcoat
|
|-heal|p2b: Mandibuzz|46/100|[from] item: Leftovers
|upkeep
|turn|3
|inactive|Raymario Pokenic has 30 seconds left.
|
|t:|1750774980
|move|p1a: Amoonguss|Rage Powder|p1a: Amoonguss
|-singleturn|p1a: Amoonguss|move: Rage Powder
|move|p2a: Miraidon|Overheat|p1a: Amoonguss|[miss]
|-miss|p2a: Miraidon|p1a: Amoonguss
|move|p2b: Mandibuzz|Brave Bird|p1a: Amoonguss
|-supereffective|p1a: Amoonguss
|-damage|p1a: Amoonguss|0 fnt
|faint|p1a: Amoonguss
|-damage|p2b: Mandibuzz|43/100|[from] Recoil
|move|p1b: Iron Treads|Ice Spinner|p2b: Mandibuzz
|-supereffective|p2b: Mandibuzz
|-damage|p2b: Mandibuzz|13/100
|
|-heal|p2b: Mandibuzz|19/100|[from] item: Leftovers
|upkeep
|
|t:|1750774995
|switch|p1a: Koraidon|Koraidon, L50|100/100
|-weather|SunnyDay|[from] ability: Orichalcum Pulse|[of] p1a: Koraidon
|-activate|p1a: Koraidon|Orichalcum Pulse|[source]
|turn|4
|
|t:|1750775010
|switch|p2a: Scrafty|Scrafty, L50, M, shiny|67/100 slp
|-ability|p2a: Scrafty|Intimidate|boost
|-unboost|p1a: Koraidon|atk|1
|-unboost|p1b: Iron Treads|atk|1
|-terastallize|p1a: Koraidon|Fire
|move|p2b: Mandibuzz|Brave Bird|p1a: Koraidon
|-damage|p1a: Koraidon|74/100
|-damage|p2b: Mandibuzz|12/100|[from] Recoil
|move|p1a: Koraidon|Close Combat|p2a: Scrafty
|-supereffective|p2a: Scrafty
|-damage|p2a: Scrafty|0 fnt
|-unboost|p1a: Koraidon|def|1
|-unboost|p1a: Koraidon|spd|1
|faint|p2a: Scrafty
|-damage|p1a: Koraidon|65/100|[from] item: Life Orb
|move|p1b: Iron Treads|Ice Spinner|p2b: Mandibuzz
|-supereffective|p2b: Mandibuzz
|-damage|p2b: Mandibuzz|0 fnt
|faint|p2b: Mandibuzz
|
|-weather|SunnyDay|[upkeep]
|-sideend|p2: Raymario Pokenic|move: Tailwind
|upkeep
|
|t:|1750775025
|switch|p2b: Zacian|Zacian-Crowned, L50, shiny|100/100
|switch|p2a: Miraidon|Miraidon, L50|100/100
|-ability|p2b: Zacian|Intrepid Sword|boost
|-boost|p2b: Zacian|atk|1
|-fieldstart|move: Electric Terrain|[from] ability: Hadron Engine|[of] p2a: Miraidon
|-activate|p1b: Iron Treads|ability: Quark Drive
|-start|p1b: Iron Treads|quarkdrivespe
|turn|5
|inactive|Raymario Pokenic has 30 seconds left.
|
|t:|1750775055
|switch|p1a: Virizion|Virizion, L50|100/100
|-terastallize|p2b: Zacian|Fighting
|move|p1b: Iron Treads|Ice Spinner|p2a: Miraidon
|-supereffective|p2a: Miraidon
|-damage|p2a: Miraidon|66/100
|-fieldend|move: Electric Terrain
|-end|p1b: Iron Treads|Quark Drive
|move|p2b: Zacian|Close Combat|p1b: Iron Treads
|-supereffective|p1b: Iron Treads
|-damage|p1b: Iron Treads|0 fnt
|-unboost|p2b: Zacian|def|1
|-unboost|p2b: Zacian|spd|1
|faint|p1b: Iron Treads
|-end|p1b: Iron Treads|Quark Drive|[silent]
|move|p2a: Miraidon|Electro Drift|p1a: Virizion
|-resisted|p1a: Virizion
|-damage|p1a: Virizion|71/100
|
|-weather|SunnyDay|[upkeep]
|upkeep
|
|t:|1750775065
|switch|p1b: Koraidon|Koraidon, L50, tera:Fire|65/100
|-activate|p1b: Koraidon|ability: Orichalcum Pulse
|turn|6
|
|t:|1750775083
|move|p1b: Koraidon|Protect|p1b: Koraidon
|-singleturn|p1b: Koraidon|Protect
|move|p1a: Virizion|Coaching|p1b: Koraidon
|-boost|p1b: Koraidon|atk|1
|-boost|p1b: Koraidon|def|1
|move|p2b: Zacian|Play Rough|p1a: Virizion
|-supereffective|p1a: Virizion
|-damage|p1a: Virizion|0 fnt
|faint|p1a: Virizion
|move|p2a: Miraidon|Electro Drift|p1b: Koraidon
|-activate|p1b: Koraidon|move: Protect
|
|-weather|SunnyDay|[upkeep]
|upkeep
|turn|7
|
|t:|1750775100
|move|p1b: Koraidon|Close Combat|p2a: Miraidon
|-damage|p2a: Miraidon|0 fnt
|-unboost|p1b: Koraidon|def|1
|-unboost|p1b: Koraidon|spd|1
|faint|p2a: Miraidon
|-damage|p1b: Koraidon|55/100|[from] item: Life Orb
|move|p2b: Zacian|Close Combat|p1b: Koraidon
|-damage|p1b: Koraidon|0 fnt
|-unboost|p2b: Zacian|def|1
|-unboost|p2b: Zacian|spd|1
|faint|p1b: Koraidon
|
|win|Raymario Pokenic
|raw|Avengo2187's rating: 1213 &rarr; <strong>1182</strong><br />(-31 for losing)
|raw|Raymario Pokenic's rating: 1129 &rarr; <strong>1160</strong><br />(+31 for winning)
|c|☆Raymario Pokenic|gg
|l|‽Avengo2187
|player|p1|
|l|☆Raymario Pokenic
|player|p2|
