|j|☆cosmonaut.009
|j|☆trequinho
|t:|1750878826
|gametype|doubles
|player|p1|cosmonaut.009|steven|1208
|player|p2|trequinho|byron|1197
|teamsize|p1|6
|teamsize|p2|6
|gen|9
|tier|[Gen 9] VGC 2025 Reg I
|rated|
|rule|Species Clause: Limit one of each Pokémon
|rule|Item Clause: Limit 1 of each item
|clearpoke
|poke|p1|Miraidon, L50|
|poke|p1|Lunala, L50|
|poke|p1|Whimsicott, L50, F|
|poke|p1|Chi-Yu, L50|
|poke|p1|Urshifu-*, L50, M|
|poke|p1|Iron Hands, L50|
|poke|p2|Groudon, L50|
|poke|p2|Miraidon, L50|
|poke|p2|Incineroar, L50, M|
|poke|p2|Walking Wake, L50|
|poke|p2|Sneasler, L50, M|
|poke|p2|Whimsicott, L50, F|
|teampreview|4
|inactive|Battle timer is ON: inactive players will automatically lose when time's up. (requested by trequinho)
|inactive|cosmonaut.009 has 60 seconds left.
|inactive|cosmonaut.009 has 30 seconds left.
|inactive|cosmonaut.009 has 20 seconds left.
|inactive|cosmonaut.009 has 15 seconds left.
|
|t:|1750878904
|start
|switch|p1a: Lunala|Lunala, L50|100/100
|switch|p1b: Urshifu|Urshifu-Rapid-Strike, L50, M|100/100
|switch|p2a: Whisky|Incineroar, L50, M|100/100
|switch|p2b: Tequila|Whimsicott, L50, F, shiny|100/100
|-ability|p2a: Whisky|Intimidate|boost
|-unboost|p1a: Lunala|atk|1
|-unboost|p1b: Urshifu|atk|1
|turn|1
|inactive|cosmonaut.009 has 30 seconds left.
|inactive|cosmonaut.009 has 20 seconds left.
|inactive|cosmonaut.009 has 15 seconds left.
|inactive|cosmonaut.009 has 10 seconds left.
|
|t:|1750878953
|-terastallize|p1a: Lunala|Water
|-terastallize|p2a: Whisky|Ghost
|move|p2b: Tequila|Taunt|p1a: Lunala
|-start|p1a: Lunala|move: Taunt
|move|p1b: Urshifu|Close Combat|p2a: Whisky
|-immune|p2a: Whisky
|move|p2a: Whisky|Parting Shot|p1a: Lunala
|-unboost|p1a: Lunala|atk|1
|-unboost|p1a: Lunala|spa|1
|
|t:|1750878975
|switch|p2a: Vodka|Miraidon, L50|100/100|[from] Parting Shot
|-fieldstart|move: Electric Terrain|[from] ability: Hadron Engine|[of] p2a: Vodka
|-enditem|p1a: Lunala|Electric Seed
|-boost|p1a: Lunala|def|1|[from] item: Electric Seed
|cant|p1a: Lunala|move: Taunt|Trick Room
|
|upkeep
|turn|2
|inactive|cosmonaut.009 has 30 seconds left.
|
|t:|1750879001
|switch|p1a: Iron Hands|Iron Hands, L50|100/100
|-activate|p1a: Iron Hands|ability: Quark Drive
|-start|p1a: Iron Hands|quarkdriveatk
|move|p2a: Vodka|Electro Drift|p1a: Iron Hands
|-resisted|p1a: Iron Hands
|-damage|p1a: Iron Hands|64/100
|move|p2b: Tequila|Giga Drain|p1b: Urshifu
|-supereffective|p1b: Urshifu
|-damage|p1b: Urshifu|12/100
|move|p1b: Urshifu|Close Combat|p2a: Vodka
|-damage|p2a: Vodka|54/100
|-unboost|p1b: Urshifu|def|1
|-unboost|p1b: Urshifu|spd|1
|
|upkeep
|turn|3
|
|t:|1750879021
|move|p1b: Urshifu|Detect|p1b: Urshifu
|-singleturn|p1b: Urshifu|Protect
|move|p1a: Iron Hands|Fake Out|p2a: Vodka
|-damage|p2a: Vodka|34/100
|move|p2b: Tequila|Tailwind|p2b: Tequila
|-sidestart|p2: trequinho|move: Tailwind
|cant|p2a: Vodka|flinch
|
|upkeep
|turn|4
|
|t:|1750879038
|switch|p1b: Miraidon|Miraidon, L50|100/100
|-activate|p1b: Miraidon|ability: Hadron Engine
|move|p2b: Tequila|Taunt|p1a: Iron Hands
|-start|p1a: Iron Hands|move: Taunt
|move|p2a: Vodka|Electro Drift|p1b: Miraidon
|-resisted|p1b: Miraidon
|-damage|p1b: Miraidon|69/100
|move|p1a: Iron Hands|Heavy Slam|p2b: Tequila
|-supereffective|p2b: Tequila
|-enditem|p2b: Tequila|Focus Sash
|-damage|p2b: Tequila|1/100
|
|upkeep
|turn|5
|inactive|cosmonaut.009 has 30 seconds left.
|inactive|cosmonaut.009 has 20 seconds left.
|inactive|cosmonaut.009 has 15 seconds left.
|inactive|cosmonaut.009 has 10 seconds left.
|
|t:|1750879084
|switch|p2a: Whisky|Incineroar, L50, M, tera:Ghost|100/100
|-ability|p2a: Whisky|Intimidate|boost
|-unboost|p1a: Iron Hands|atk|1
|-unboost|p1b: Miraidon|atk|1
|switch|p1b: Urshifu|Urshifu-Rapid-Strike, L50, M|12/100
|move|p2b: Tequila|Moonblast|p1b: Urshifu
|-supereffective|p1b: Urshifu
|-damage|p1b: Urshifu|0 fnt
|faint|p1b: Urshifu
|move|p1a: Iron Hands|Low Kick|p2a: Whisky
|-immune|p2a: Whisky
|
|-fieldend|move: Electric Terrain
|-end|p1a: Iron Hands|Quark Drive
|upkeep
|
|t:|1750879100
|switch|p1b: Miraidon|Miraidon, L50|69/100
|-fieldstart|move: Electric Terrain|[from] ability: Hadron Engine|[of] p1b: Miraidon
|-activate|p1a: Iron Hands|ability: Quark Drive
|-start|p1a: Iron Hands|quarkdrivedef
|turn|6
|
|t:|1750879115
|move|p2a: Whisky|Fake Out|p1b: Miraidon
|-damage|p1b: Miraidon|58/100
|move|p2b: Tequila|Moonblast|p1b: Miraidon
|-supereffective|p1b: Miraidon
|-damage|p1b: Miraidon|0 fnt
|faint|p1b: Miraidon
|move|p1a: Iron Hands|Heavy Slam|p2b: Tequila
|-supereffective|p2b: Tequila
|-damage|p2b: Tequila|0 fnt
|faint|p2b: Tequila
|
|-end|p1a: Iron Hands|move: Taunt
|-sideend|p2: trequinho|move: Tailwind
|upkeep
|
|t:|1750879126
|switch|p1b: Lunala|Lunala, L50, tera:Water|100/100
|switch|p2b: Vodka|Miraidon, L50|34/100
|-activate|p2b: Vodka|ability: Hadron Engine
|turn|7
|
|t:|1750879139
|move|p2b: Vodka|Discharge|p1b: Lunala|[spread] p2a,p1a,p1b
|-resisted|p1a: Iron Hands
|-supereffective|p1b: Lunala
|-crit|p1b: Lunala
|-damage|p2a: Whisky|30/100
|-damage|p1a: Iron Hands|41/100
|-damage|p1b: Lunala|15/100
|-status|p1b: Lunala|par
|move|p2a: Whisky|Parting Shot|p1a: Iron Hands
|-unboost|p1a: Iron Hands|atk|1
|-unboost|p1a: Iron Hands|spa|1
|
|t:|1750879146
|switch|p2a: Vinho|Groudon, L50|100/100|[from] Parting Shot
|-weather|SunnyDay|[from] ability: Drought|[of] p2a: Vinho
|move|p1b: Lunala|Moongeist Beam|p2a: Vinho
|-damage|p2a: Vinho|66/100
|move|p1a: Iron Hands|Low Kick|p2b: Vodka
|-damage|p2b: Vodka|0 fnt
|faint|p2b: Vodka
|
|-weather|SunnyDay|[upkeep]
|upkeep
|
|t:|1750879157
|switch|p2b: Whisky|Incineroar, L50, M, tera:Ghost|30/100
|-ability|p2b: Whisky|Intimidate|boost
|-unboost|p1a: Iron Hands|atk|1
|-unboost|p1b: Lunala|atk|1
|turn|8
|
|t:|1750879164
|move|p2b: Whisky|Fake Out|p1a: Iron Hands
|-damage|p1a: Iron Hands|35/100
|move|p2a: Vinho|Precipice Blades|p1b: Lunala|[spread] p1a,p1b
|-supereffective|p1a: Iron Hands
|-damage|p1a: Iron Hands|0 fnt
|-damage|p1b: Lunala|0 fnt
|faint|p1a: Iron Hands
|-end|p1a: Iron Hands|Quark Drive|[silent]
|faint|p1b: Lunala
|
|win|trequinho
|raw|cosmonaut.009's rating: 1208 &rarr; <strong>1182</strong><br />(-26 for losing)
|raw|trequinho's rating: 1197 &rarr; <strong>1223</strong><br />(+26 for winning)
|l|☆cosmonaut.009
|player|p1|
