|j|☆donly1165
|j|☆ZEATHS
|t:|1750847321
|gametype|doubles
|player|p1|donly1165|ghetsis|1015
|player|p2|ZEATHS|pokemaniac|1137
|teamsize|p1|6
|teamsize|p2|6
|gen|9
|tier|[Gen 9] VGC 2025 Reg I
|rated|
|rule|Species Clause: Limit one of each Pokémon
|rule|Item Clause: Limit 1 of each item
|clearpoke
|poke|p1|Groudon, L50|
|poke|p1|Kyogre, L50|
|poke|p1|Scizor, L50, M|
|poke|p1|Rhydon, L50, F|
|poke|p1|Zapdos, L50|
|poke|p1|Tyranitar, L50, M|
|poke|p2|Kyurem-White, L50|
|poke|p2|Zamazenta-*, L50|
|poke|p2|Amoonguss, L50, F|
|poke|p2|Tornadus, L50, M|
|poke|p2|Urshifu-*, L50, F|
|poke|p2|Ditto, L50|
|teampreview|4
ZEATHS has agreed to open team sheets.
|c|☆ZEATHS|this is unique
|
|t:|1750847342
|start
|switch|p1a: Zapdos|Zapdos, L50, shiny|100/100
|switch|p1b: Kyogre|Kyogre, L50|100/100
|switch|p2a: Tornadus|Tornadus, L50, M, shiny|100/100
|switch|p2b: Ditto|Ditto, L50|100/100
|-weather|RainDance|[from] ability: Drizzle|[of] p1b: Kyogre
|-transform|p2b: Ditto|p1a: Zapdos|[from] ability: Imposter
|turn|1
|
|t:|1750847365
|move|p2a: Tornadus|Snowscape|p2a: Tornadus
|-weather|Snowscape
|move|p2b: Ditto|Zap Cannon|p1b: Kyogre|[miss]
|-miss|p2b: Ditto|p1b: Kyogre
|move|p1a: Zapdos|Zap Cannon|p2a: Tornadus|[miss]
|-miss|p1a: Zapdos|p2a: Tornadus
|move|p1b: Kyogre|Water Spout|p2a: Tornadus|[spread] p2a,p2b
|-damage|p2a: Tornadus|24/100
|-damage|p2b: Ditto|9/100
|
|-weather|Snowscape|[upkeep]
|upkeep
|turn|2
|
|t:|1750847386
|move|p2a: Tornadus|Tailwind|p2a: Tornadus
|-sidestart|p2: ZEATHS|move: Tailwind
|move|p2b: Ditto|Zap Cannon|p1b: Kyogre|[miss]
|-miss|p2b: Ditto|p1b: Kyogre
|move|p1a: Zapdos|Zap Cannon|p2a: Tornadus|[miss]
|-miss|p1a: Zapdos|p2a: Tornadus
|move|p1b: Kyogre|Water Spout|p2a: Tornadus|[spread] p2a,p2b
|-damage|p2a: Tornadus|0 fnt
|-damage|p2b: Ditto|0 fnt
|faint|p2a: Tornadus
|faint|p2b: Ditto
|
|-weather|Snowscape|[upkeep]
|upkeep
|
|t:|1750847396
|switch|p2a: Kyurem|Kyurem-White, L50, shiny|100/100
|switch|p2b: Zamazenta|Zamazenta-Crowned, L50|100/100
|-ability|p2b: Zamazenta|Dauntless Shield|boost
|-boost|p2b: Zamazenta|def|1
|-ability|p2a: Kyurem|Turboblaze
|turn|3
|
|t:|1750847415
|switch|p1a: Scizor|Scizor, L50, M|100/100
|switch|p1b: Rhydon|Rhydon, L50, F, shiny|100/100
|-terastallize|p2a: Kyurem|Ice
|move|p2b: Zamazenta|Wide Guard|p2b: Zamazenta
|-singleturn|p2b: Zamazenta|Wide Guard
|move|p2a: Kyurem|Blizzard|p1a: Scizor|[spread] p1a,p1b
|-resisted|p1a: Scizor
|-supereffective|p1b: Rhydon
|-damage|p1a: Scizor|33/100
|-damage|p1b: Rhydon|0 fnt
|faint|p1b: Rhydon
|
|-weather|Snowscape|[upkeep]
|upkeep
|
|t:|1750847433
|switch|p1b: Kyogre|Kyogre, L50|100/100
|-weather|RainDance|[from] ability: Drizzle|[of] p1b: Kyogre
|turn|4
|
|t:|1750847444
|move|p2b: Zamazenta|Wide Guard|p2b: Zamazenta
|-singleturn|p2b: Zamazenta|Wide Guard
|move|p1a: Scizor|Bullet Punch|p2a: Kyurem
|-supereffective|p2a: Kyurem
|-damage|p2a: Kyurem|38/100
|move|p2a: Kyurem|Blizzard|p1b: Kyogre|[spread] 
|-miss|p2a: Kyurem|p1a: Scizor
|-miss|p2a: Kyurem|p1b: Kyogre
|move|p1b: Kyogre|Origin Pulse|p2b: Zamazenta|[spread] 
|-activate|p2a: Kyurem|move: Wide Guard
|-activate|p2b: Zamazenta|move: Wide Guard
|
|-weather|RainDance|[upkeep]
|upkeep
|turn|5
|
|t:|1750847466
|move|p1a: Scizor|Bullet Punch|p2a: Kyurem
|-supereffective|p2a: Kyurem
|-damage|p2a: Kyurem|0 fnt
|faint|p2a: Kyurem
|move|p2b: Zamazenta|Heavy Slam|p1a: Scizor
|-resisted|p1a: Scizor
|-damage|p1a: Scizor|6/100
|-enditem|p1a: Scizor|Salac Berry|[eat]
|-boost|p1a: Scizor|spe|1|[from] item: Salac Berry
|move|p1b: Kyogre|Blizzard|p2b: Zamazenta
|-resisted|p2b: Zamazenta
|-damage|p2b: Zamazenta|84/100
|
|-weather|RainDance|[upkeep]
|-sideend|p2: ZEATHS|move: Tailwind
|upkeep
|turn|6
|c|☆ZEATHS|gg lol
|
|t:|1750847489
|move|p2b: Zamazenta|Iron Defense|p2b: Zamazenta
|-boost|p2b: Zamazenta|def|2
|move|p1a: Scizor|Aerial Ace|p2b: Zamazenta
|-damage|p2b: Zamazenta|76/100
|move|p1b: Kyogre|Water Spout|p2b: Zamazenta
|-damage|p2b: Zamazenta|0 fnt
|faint|p2b: Zamazenta
|
|win|donly1165
|raw|donly1165's rating: 1015 &rarr; <strong>1065</strong><br />(+50 for winning)
|raw|ZEATHS's rating: 1137 &rarr; <strong>1104</strong><br />(-33 for losing)
