|j|☆10for10
|j|☆Dakimakura69
|t:|1750800114
|gametype|doubles
|player|p1|10for10|2|1404
|player|p2|Dakimakura69|cynthia|1483
|teamsize|p1|6
|teamsize|p2|6
|gen|9
|tier|[Gen 9] VGC 2025 Reg I
|rated|
|rule|Species Clause: Limit one of each Pokémon
|rule|Item Clause: Limit 1 of each item
|clearpoke
|poke|p1|Miraidon, L50|
|poke|p1|Calyrex-Ice, L50|
|poke|p1|Farigiraf, L50, F|
|poke|p1|Incineroar, L50, F|
|poke|p1|Urshifu-*, L50, F|
|poke|p1|Landorus, L50, M|
|poke|p2|Lunala, L50|
|poke|p2|Koraidon, L50|
|poke|p2|Flutter Mane, L50|
|poke|p2|Indeedee-F, L50, F|
|poke|p2|Ogerpon-Cornerstone, L50, F|
|poke|p2|Chi-Yu, L50|
|teampreview|4
Dakimakura69 rejected open team sheets.
|inactive|Battle timer is ON: inactive players will automatically lose when time's up. (requested by 10for10)
|inactive|10for10 has 60 seconds left.
|
|t:|1750800179
|start
|switch|p1a: Miraidon|Miraidon, L50|100/100
|switch|p1b: Calyrex|Calyrex-Ice, L50|100/100
|switch|p2a: Lunala|Lunala, L50|100/100
|switch|p2b: Indeedee|Indeedee-F, L50, F|100/100
|-ability|p1b: Calyrex|As One
|-ability|p1b: Calyrex|Unnerve
|-fieldstart|move: Electric Terrain|[from] ability: Hadron Engine|[of] p1a: Miraidon
|-fieldstart|move: Psychic Terrain|[from] ability: Psychic Surge|[of] p2b: Indeedee
|turn|1
|inactive|10for10 has 30 seconds left.
|inactive|Dakimakura69 has 30 seconds left.
|inactive|Dakimakura69 has 20 seconds left.
|inactive|10for10 has 20 seconds left.
|inactive|Dakimakura69 has 15 seconds left.
|
|t:|1750800219
|-terastallize|p1b: Calyrex|Fire
|move|p2b: Indeedee|Follow Me|p2b: Indeedee
|-singleturn|p2b: Indeedee|move: Follow Me
|move|p1a: Miraidon|Volt Switch|p2b: Indeedee
|-damage|p2b: Indeedee|48/100
|
|t:|1750800225
|switch|p1a: Incineroar|Incineroar, L50, F, shiny|100/100|[from] Volt Switch
|-ability|p1a: Incineroar|Intimidate|boost
|-unboost|p2a: Lunala|atk|1
|-unboost|p2b: Indeedee|atk|1
|move|p2a: Lunala|Meteor Beam||[still]
|-prepare|p2a: Lunala|Meteor Beam
|-boost|p2a: Lunala|spa|1
|-enditem|p2a: Lunala|Power Herb
|-anim|p2a: Lunala|Meteor Beam|p1b: Calyrex|[miss]
|-miss|p2a: Lunala|p1b: Calyrex
|move|p1b: Calyrex|Glacial Lance|p2a: Lunala|[spread] p2a,p2b
|-damage|p2a: Lunala|76/100
|-damage|p2b: Indeedee|0 fnt
|faint|p2b: Indeedee
|-ability|p1b: Calyrex|Chilling Neigh|boost
|-boost|p1b: Calyrex|atk|1
|
|upkeep
|c|☆Dakimakura69|?
|inactive|Dakimakura69 has 30 seconds left.
|
|t:|1750800253
|switch|p2b: Koraidon|Koraidon, L50|100/100
|-weather|SunnyDay|[from] ability: Orichalcum Pulse|[of] p2b: Koraidon
|-activate|p2b: Koraidon|Orichalcum Pulse|[source]
|turn|2
|c|☆10for10|its not 100% accurate
|c|☆Dakimakura69|right. 90%.
|c|☆Dakimakura69|Didnt know.
|inactive|Dakimakura69 has 30 seconds left.
|inactive|Dakimakura69 has 20 seconds left.
|inactive|Dakimakura69 has 15 seconds left.
|inactive|Dakimakura69 has 10 seconds left.
|
|t:|1750800303
|move|p1b: Calyrex|Protect|p1b: Calyrex
|-singleturn|p1b: Calyrex|Protect
|move|p2b: Koraidon|Close Combat|p1a: Incineroar
|-supereffective|p1a: Incineroar
|-damage|p1a: Incineroar|0 fnt
|-unboost|p2b: Koraidon|def|1
|-unboost|p2b: Koraidon|spd|1
|-damage|p2b: Koraidon|84/100|[from] item: Rocky Helmet|[of] p1a: Incineroar
|faint|p1a: Incineroar
|-damage|p2b: Koraidon|75/100|[from] item: Life Orb
|move|p2a: Lunala|Moongeist Beam|p1b: Calyrex
|-activate|p1b: Calyrex|move: Protect
|
|-weather|SunnyDay|[upkeep]
|upkeep
|
|t:|1750800327
|switch|p1a: Miraidon|Miraidon, L50|100/100
|-fieldstart|move: Electric Terrain|[from] ability: Hadron Engine|[of] p1a: Miraidon
|turn|3
|inactive|Dakimakura69 has 30 seconds left.
|
|t:|1750800358
|move|p1a: Miraidon|Volt Switch|p2b: Koraidon
|-resisted|p2b: Koraidon
|-damage|p2b: Koraidon|3/100
|
|t:|1750800362
|switch|p1a: Landorus|Landorus, L50, M|100/100|[from] Volt Switch
|move|p2b: Koraidon|Close Combat|p1b: Calyrex
|-damage|p1b: Calyrex|27/100
|-unboost|p2b: Koraidon|def|1
|-unboost|p2b: Koraidon|spd|1
|-damage|p2b: Koraidon|0 fnt|[from] item: Life Orb
|faint|p2b: Koraidon
|move|p2a: Lunala|Moongeist Beam|p1b: Calyrex
|-damage|p1b: Calyrex|0 fnt
|faint|p1b: Calyrex
|
|-weather|SunnyDay|[upkeep]
|upkeep
|
|t:|1750800376
|switch|p2b: Flutter Mane|Flutter Mane, L50|100/100
|switch|p1b: Miraidon|Miraidon, L50|100/100
|-activate|p1b: Miraidon|ability: Hadron Engine
|-activate|p2b: Flutter Mane|ability: Protosynthesis
|-start|p2b: Flutter Mane|protosynthesisspe
|turn|4
|inactive|Dakimakura69 has 30 seconds left.
|
|t:|1750800410
|move|p2b: Flutter Mane|Icy Wind|p1b: Miraidon|[spread] p1a,p1b
|-supereffective|p1a: Landorus
|-supereffective|p1b: Miraidon
|-damage|p1a: Landorus|37/100
|-damage|p1b: Miraidon|74/100
|-unboost|p1a: Landorus|spe|1
|-unboost|p1b: Miraidon|spe|1
|move|p2a: Lunala|Moongeist Beam|p1b: Miraidon
|-damage|p1b: Miraidon|6/100
|move|p1b: Miraidon|Electro Drift|p2a: Lunala
|-crit|p2a: Lunala
|-damage|p2a: Lunala|0 fnt
|faint|p2a: Lunala
|move|p1a: Landorus|Sludge Bomb|p2b: Flutter Mane
|-damage|p2b: Flutter Mane|52/100
|
|-weather|SunnyDay|[upkeep]
|upkeep
|turn|5
|c|☆Dakimakura69|oh well
|
|t:|1750800433
|move|p2b: Flutter Mane|Icy Wind|p1a: Landorus|[spread] p1a,p1b
|-supereffective|p1a: Landorus
|-supereffective|p1b: Miraidon
|-damage|p1a: Landorus|0 fnt
|-damage|p1b: Miraidon|0 fnt
|faint|p1a: Landorus
|faint|p1b: Miraidon
|
|win|Dakimakura69
|raw|10for10's rating: 1404 &rarr; <strong>1388</strong><br />(-16 for losing)
|raw|Dakimakura69's rating: 1483 &rarr; <strong>1499</strong><br />(+16 for winning)
|c|☆Dakimakura69|i really dont know my calcs
|c|☆Dakimakura69|playing since 2 weeks only
|l|☆10for10
|player|p1|
