|j|☆Nat43250325
|j|☆LasermanZ1
|t:|1750735940
|gametype|doubles
|player|p1|Nat43250325|n|
|player|p2|LasermanZ1|ash|
|teamsize|p1|6
|teamsize|p2|6
|gen|9
|tier|[Gen 9] VGC 2025 Reg I
|rated|Tournament battle
|rule|Species Clause: Limit one of each Pokémon
|rule|Item Clause: Limit 1 of each item
|raw|<div class="infobox"><details class="readmore" open><summary><strong>2 custom rules:</strong></summary> Force Open Team Sheets, !Open Team Sheets</details></div>
|clearpoke
|poke|p1|Zacian-*, L50|
|poke|p1|Kyogre, L50|
|poke|p1|Incineroar, L50, F|
|poke|p1|Rillaboom, L50, M|
|poke|p1|Tornadus, L50, M|
|poke|p1|Farigiraf, L50, M|
|poke|p2|Koraidon, L50|
|poke|p2|Terapagos, L50, M|
|poke|p2|Flutter Mane, L50|
|poke|p2|Rillaboom, L50, M|
|poke|p2|Incineroar, L50, M|
|poke|p2|Volcarona, L50, F|
|teampreview|4
|showteam|p1|Zacian-Crowned||RustedSword|IntrepidSword|PlayRough,behemothblade,SwordsDance,Protect||||||50|,,,,,Steel]Kyogre||ChoiceScarf|Drizzle|WaterSpout,OriginPulse,IceBeam,Thunder||||||50|,,,,,Water]Incineroar||SafetyGoggles|Intimidate|FakeOut,PartingShot,KnockOff,Taunt|||F|||50|,,,,,Ghost]Rillaboom||AssaultVest|GrassySurge|FakeOut,GrassyGlide,WoodHammer,Uturn|||M|||50|,,,,,Fire]Tornadus||FocusSash|Prankster|Tailwind,BleakwindStorm,Taunt,RainDance|||M|||50|,,,,,Ground]Farigiraf||MentalHerb|ArmorTail|HelpingHand,AllySwitch,PsychicNoise,TrickRoom|||M|||50|,,,,,Fairy
|showteam|p2|Koraidon||LifeOrb|OrichalcumPulse|CloseCombat,FlareBlitz,FlameCharge,Protect||||||50|,,,,,Fire]Terapagos||Leftovers|TeraShift|TeraStarstorm,CalmMind,EarthPower,Protect|||M|||50|,,,,,Stellar]Flutter Mane||FocusSash|Protosynthesis|Moonblast,ShadowBall,IcyWind,Protect||||||50|,,,,,Stellar]Rillaboom||AssaultVest|GrassySurge|GrassyGlide,WoodHammer,FakeOut,Uturn|||M|||50|,,,,,Poison]Incineroar||SafetyGoggles|Intimidate|KnockOff,FakeOut,Taunt,Uturn|||M|||50|,,,,,Ghost]Volcarona||RockyHelmet|FlameBody|StruggleBug,Overheat,RagePowder,MorningSun|||F|||50|,,,,,Grass
|inactive|Battle timer is ON: inactive players will automatically lose when time's up. (requested by Nat43250325)
|inactive|Nat43250325 has 60 seconds left.
|inactive|LasermanZ1 has 60 seconds left.
|inactive|LasermanZ1 has 30 seconds left.
|
|t:|1750736008
|start
|switch|p1a: Zacian|Zacian-Crowned, L50, shiny|100/100
|switch|p1b: Incineroar|Incineroar, L50, F, shiny|100/100
|switch|p2a: Rillaboom|Rillaboom, L50, M|100/100
|switch|p2b: Terapagos|Terapagos, L50, M|100/100
|-activate|p2b: Terapagos|ability: Tera Shift
|detailschange|p2b: Terapagos|Terapagos-Terastal, L50, M
|-heal|p2b: Terapagos|100/100|[silent]
|-ability|p1a: Zacian|Intrepid Sword|boost
|-boost|p1a: Zacian|atk|1
|-fieldstart|move: Grassy Terrain|[from] ability: Grassy Surge|[of] p2a: Rillaboom
|-ability|p1b: Incineroar|Intimidate|boost
|-unboost|p2a: Rillaboom|atk|1
|-unboost|p2b: Terapagos|atk|1
|turn|1
|inactive|Nat43250325 has 30 seconds left.
|inactive|LasermanZ1 has 30 seconds left.
|
|t:|1750736043
|-terastallize|p1b: Incineroar|Ghost
|move|p1a: Zacian|Protect|p1a: Zacian
|-singleturn|p1a: Zacian|Protect
|move|p2a: Rillaboom|Fake Out|p1a: Zacian
|-activate|p1a: Zacian|move: Protect
|move|p2b: Terapagos|Calm Mind|p2b: Terapagos
|-boost|p2b: Terapagos|spa|1
|-boost|p2b: Terapagos|spd|1
|move|p1b: Incineroar|Knock Off|p2b: Terapagos
|-activate|p2b: Terapagos|ability: Tera Shell
|-resisted|p2b: Terapagos
|-damage|p2b: Terapagos|86/100
|-enditem|p2b: Terapagos|Leftovers|[from] move: Knock Off|[of] p1b: Incineroar
|
|-heal|p2b: Terapagos|93/100|[from] Grassy Terrain
|upkeep
|turn|2
|j| whyyoudothat34
|l| whyyoudothat34
|inactive|LasermanZ1 has 30 seconds left.
|inactive|LasermanZ1 has 20 seconds left.
|inactive|LasermanZ1 has 15 seconds left.
|inactive|Nat43250325 has 30 seconds left.
|inactive|LasermanZ1 has 10 seconds left.
|
|t:|1750736091
|-terastallize|p2b: Terapagos|Stellar
|detailschange|p2b: Terapagos|Terapagos-Stellar, L50, M, tera:Stellar
|-heal|p2b: Terapagos|95/100|[silent]
|-ability|p2b: Terapagos|Teraform Zero
|-fieldend|move: Grassy Terrain
|move|p1a: Zacian|Swords Dance|p1a: Zacian
|-boost|p1a: Zacian|atk|2
|move|p2a: Rillaboom|U-turn|p1a: Zacian
|-resisted|p1a: Zacian
|-damage|p1a: Zacian|97/100
|
|t:|1750736106
|switch|p2a: Flutter Mane|Flutter Mane, L50|100/100|[from] U-turn
|move|p2b: Terapagos|Tera Starstorm|p1b: Incineroar|[spread] p1a,p1b
|-supereffective|p1b: Incineroar
|-damage|p1a: Zacian|61/100
|-damage|p1b: Incineroar|8/100
|move|p1b: Incineroar|Parting Shot|p2a: Flutter Mane
|-unboost|p2a: Flutter Mane|atk|1
|-unboost|p2a: Flutter Mane|spa|1
|
|t:|1750736114
|switch|p1b: Tornadus|Tornadus, L50, M, shiny|100/100|[from] Parting Shot
|
|upkeep
|turn|3
|
|t:|1750736130
|move|p1b: Tornadus|Tailwind|p1b: Tornadus
|-sidestart|p1: Nat43250325|move: Tailwind
|move|p1a: Zacian|Behemoth Blade|p2b: Terapagos
|-damage|p2b: Terapagos|36/100
|move|p2a: Flutter Mane|Icy Wind|p1a: Zacian|[spread] p1a,p1b
|-resisted|p1a: Zacian
|-supereffective|p1b: Tornadus
|-damage|p1a: Zacian|57/100
|-damage|p1b: Tornadus|75/100
|-unboost|p1a: Zacian|spe|1
|-unboost|p1b: Tornadus|spe|1
|move|p2b: Terapagos|Tera Starstorm|p1a: Zacian|[spread] p1a,p1b
|-damage|p1a: Zacian|16/100
|-damage|p1b: Tornadus|6/100
|
|upkeep
|turn|4
|
|t:|1750736151
|move|p1a: Zacian|Behemoth Blade|p2a: Flutter Mane
|-supereffective|p2a: Flutter Mane
|-enditem|p2a: Flutter Mane|Focus Sash
|-damage|p2a: Flutter Mane|1/100
|move|p1b: Tornadus|Bleakwind Storm|p2b: Terapagos|[spread] p2b
|-miss|p1b: Tornadus|p2a: Flutter Mane
|-damage|p2b: Terapagos|20/100
|move|p2a: Flutter Mane|Icy Wind|p1b: Tornadus|[spread] p1a,p1b
|-resisted|p1a: Zacian
|-supereffective|p1b: Tornadus
|-damage|p1a: Zacian|12/100
|-damage|p1b: Tornadus|0 fnt
|-unboost|p1a: Zacian|spe|1
|faint|p1b: Tornadus
|move|p2b: Terapagos|Tera Starstorm|p1a: Zacian
|-damage|p1a: Zacian|0 fnt
|faint|p1a: Zacian
|
|upkeep
|
|t:|1750736161
|switch|p1a: Kyogre|Kyogre, L50, shiny|100/100
|switch|p1b: Incineroar|Incineroar, L50, F, shiny, tera:Ghost|8/100
|-weather|RainDance|[from] ability: Drizzle|[of] p1a: Kyogre
|-ability|p1b: Incineroar|Intimidate|boost
|-unboost|p2a: Flutter Mane|atk|1
|-unboost|p2b: Terapagos|atk|1
|turn|5
|inactive|LasermanZ1 has 30 seconds left.
|
|t:|1750736188
|move|p2a: Flutter Mane|Protect|p2a: Flutter Mane
|-singleturn|p2a: Flutter Mane|Protect
|move|p2b: Terapagos|Protect|p2b: Terapagos
|-singleturn|p2b: Terapagos|Protect
|move|p1a: Kyogre|Ice Beam|p2b: Terapagos
|-activate|p2b: Terapagos|move: Protect
|move|p1b: Incineroar|Knock Off|p2a: Flutter Mane
|-activate|p2a: Flutter Mane|move: Protect
|
|-weather|RainDance|[upkeep]
|upkeep
|turn|6
|inactive|LasermanZ1 has 30 seconds left.
|
|t:|1750736215
|move|p1a: Kyogre|Ice Beam|p2b: Terapagos
|-damage|p2b: Terapagos|6/100
|move|p2a: Flutter Mane|Icy Wind|p1a: Kyogre|[spread] p1a,p1b
|-resisted|p1a: Kyogre
|-damage|p1a: Kyogre|96/100
|-damage|p1b: Incineroar|0 fnt
|-unboost|p1a: Kyogre|spe|1
|faint|p1b: Incineroar
|move|p2b: Terapagos|Tera Starstorm|p1a: Kyogre
|-damage|p1a: Kyogre|47/100
|
|-weather|RainDance|[upkeep]
|-sideend|p1: Nat43250325|move: Tailwind
|upkeep
|turn|7
|
|t:|1750736229
|move|p2a: Flutter Mane|Moonblast|p1a: Kyogre
|-damage|p1a: Kyogre|19/100
|-unboost|p1a: Kyogre|spa|1
|move|p1a: Kyogre|Ice Beam|p2a: Flutter Mane
|-damage|p2a: Flutter Mane|0 fnt
|faint|p2a: Flutter Mane
|-end|p2a: Flutter Mane|Protosynthesis|[silent]
|move|p2b: Terapagos|Tera Starstorm|p1a: Kyogre
|-damage|p1a: Kyogre|0 fnt
|faint|p1a: Kyogre
|
|win|LasermanZ1
|n|☆Nat43250325|nat43250325
|n|☆LasermanZ1|lasermanz1
|l|☆Nat43250325
|player|p1|
