|j|☆GreatScotlandYard
|j|☆NarutoUzumaki1234
|t:|1750753113
|gametype|doubles
|player|p1|GreatScotlandYard|drayden|1052
|player|p2|NarutoUzumaki1234|1|1146
|teamsize|p1|6
|teamsize|p2|6
|gen|9
|tier|[Gen 9] VGC 2025 Reg I
|rated|
|rule|Species Clause: Limit one of each Pokémon
|rule|Item Clause: Limit 1 of each item
|clearpoke
|poke|p1|Grimmsnarl, L50, M|
|poke|p1|Muk-Alola, L50, M|
|poke|p1|Flamigo, L50, F|
|poke|p1|Eternatus, L50|
|poke|p1|Falinks, L50|
|poke|p1|Espeon, L50, M|
|poke|p2|Kyogre, L50|
|poke|p2|Palkia-Origin, L50|
|poke|p2|Blastoise, L50, M|
|poke|p2|Archaludon, L50, M|
|poke|p2|Raichu, L50, M|
|poke|p2|Barraskewda, L50, M|
|teampreview|4
|
|t:|1750753139
|start
|switch|p1a: Grimmsnarl|Grimmsnarl, L50, M, shiny|100/100
|switch|p1b: Muk|Muk-Alola, L50, M, shiny|100/100
|switch|p2a: Kyogre|Kyogre, L50, shiny|100/100
|switch|p2b: Archaludon|Archaludon, L50, M, shiny|100/100
|-weather|RainDance|[from] ability: Drizzle|[of] p2a: Kyogre
|turn|1
|
|t:|1750753161
|move|p1b: Muk|Protect|p1b: Muk
|-singleturn|p1b: Muk|Protect
|move|p1a: Grimmsnarl|Thunder Wave|p2a: Kyogre
|-status|p2a: Kyogre|par
|move|p2b: Archaludon|Flash Cannon|p1a: Grimmsnarl
|-supereffective|p1a: Grimmsnarl
|-damage|p1a: Grimmsnarl|14/100
|cant|p2a: Kyogre|par
|
|-weather|RainDance|[upkeep]
|upkeep
|turn|2
|
|t:|1750753187
|-terastallize|p1b: Muk|Electric
|move|p1a: Grimmsnarl|Thunder Wave|p2b: Archaludon
|-status|p2b: Archaludon|par
|move|p2a: Kyogre|Water Spout|p1a: Grimmsnarl|[spread] p1a,p1b
|-damage|p1a: Grimmsnarl|0 fnt
|-damage|p1b: Muk|41/100
|faint|p1a: Grimmsnarl
|-ability|p1b: Muk|Prankster|[from] ability: Power of Alchemy|[of] p1a: Grimmsnarl
|move|p1b: Muk|Minimize|p1b: Muk
|-boost|p1b: Muk|evasion|2
|move|p2b: Archaludon|Electro Shot||[still]
|-prepare|p2b: Archaludon|Electro Shot
|-boost|p2b: Archaludon|spa|1
|-anim|p2b: Archaludon|Electro Shot|p1b: Muk
|-resisted|p1b: Muk
|-damage|p1b: Muk|19/100
|
|-weather|RainDance|[upkeep]
|-heal|p1b: Muk|25/100|[from] item: Leftovers
|upkeep
|
|t:|1750753210
|switch|p1a: Eternatus|Eternatus, L50|100/100
|-ability|p1a: Eternatus|Pressure
|turn|3
|
|t:|1750753232
|move|p1b: Muk|Pain Split|p2a: Kyogre
|-sethp|p2a: Kyogre|65/100 par|[from] move: Pain Split|[silent]
|-sethp|p1b: Muk|54/100|[from] move: Pain Split
|move|p1a: Eternatus|Cosmic Power|p1a: Eternatus
|-boost|p1a: Eternatus|def|1
|-boost|p1a: Eternatus|spd|1
|cant|p2a: Kyogre|par
|move|p2b: Archaludon|Dragon Pulse|p1a: Eternatus
|-supereffective|p1a: Eternatus
|-damage|p1a: Eternatus|54/100
|
|-weather|RainDance|[upkeep]
|-heal|p1a: Eternatus|60/100|[from] item: Black Sludge
|-heal|p1b: Muk|60/100|[from] item: Leftovers
|upkeep
|turn|4
|
|t:|1750753259
|move|p1b: Muk|Minimize|p1b: Muk
|-boost|p1b: Muk|evasion|2
|move|p1a: Eternatus|Cosmic Power|p1a: Eternatus
|-boost|p1a: Eternatus|def|1
|-boost|p1a: Eternatus|spd|1
|move|p2a: Kyogre|Water Spout|p1b: Muk|[spread] p1a
|-miss|p2a: Kyogre|p1b: Muk
|-resisted|p1a: Eternatus
|-damage|p1a: Eternatus|52/100
|move|p2b: Archaludon|Dragon Pulse|p1a: Eternatus
|-supereffective|p1a: Eternatus
|-damage|p1a: Eternatus|15/100
|
|-weather|RainDance|[upkeep]
|-heal|p1a: Eternatus|22/100|[from] item: Black Sludge
|-heal|p1b: Muk|66/100|[from] item: Leftovers
|upkeep
|turn|5
|
|t:|1750753288
|move|p1b: Muk|Minimize|p1b: Muk
|-boost|p1b: Muk|evasion|2
|move|p1a: Eternatus|Recover|p1a: Eternatus
|-heal|p1a: Eternatus|72/100
|move|p2a: Kyogre|Ice Beam|p1a: Eternatus
|-supereffective|p1a: Eternatus
|-damage|p1a: Eternatus|54/100
|cant|p2b: Archaludon|par
|
|-weather|RainDance|[upkeep]
|-heal|p1a: Eternatus|60/100|[from] item: Black Sludge
|-heal|p1b: Muk|72/100|[from] item: Leftovers
|upkeep
|turn|6
|
|t:|1750753317
|switch|p2a: Palkia|Palkia-Origin, L50, shiny|100/100
|-ability|p2a: Palkia|Pressure
|move|p1a: Eternatus|Toxic Spikes|p2b: Archaludon
|-sidestart|p2: NarutoUzumaki1234|move: Toxic Spikes
|move|p1b: Muk|Sludge Bomb|p2a: Palkia
|-damage|p2a: Palkia|79/100
|cant|p2b: Archaludon|par
|
|-weather|RainDance|[upkeep]
|-heal|p1a: Eternatus|66/100|[from] item: Black Sludge
|-heal|p1b: Muk|78/100|[from] item: Leftovers
|upkeep
|turn|7
|
|t:|1750753341
|-terastallize|p2a: Palkia|Fire
|move|p2a: Palkia|Spacial Rend|p1a: Eternatus
|-supereffective|p1a: Eternatus
|-damage|p1a: Eternatus|26/100
|move|p1a: Eternatus|Toxic Spikes|p2b: Archaludon
|-sidestart|p2: NarutoUzumaki1234|move: Toxic Spikes
|move|p1b: Muk|Sludge Bomb|p2a: Palkia
|-damage|p2a: Palkia|58/100
|cant|p2b: Archaludon|par
|
|-weather|RainDance|[upkeep]
|-heal|p1a: Eternatus|32/100|[from] item: Black Sludge
|-heal|p1b: Muk|84/100|[from] item: Leftovers
|upkeep
|turn|8
|
|t:|1750753383
|move|p2a: Palkia|Spacial Rend|p1a: Eternatus
|-supereffective|p1a: Eternatus
|-damage|p1a: Eternatus|0 fnt
|faint|p1a: Eternatus
|move|p1b: Muk|Sludge Bomb|p2a: Palkia
|-damage|p2a: Palkia|34/100
|move|p2b: Archaludon|Dragon Pulse|p1b: Muk
|-damage|p1b: Muk|42/100
|
|-weather|none
|-heal|p1b: Muk|48/100|[from] item: Leftovers
|upkeep
|
|t:|1750753394
|switch|p1a: Falinks|Falinks, L50, shiny|100/100
|turn|9
|-activate|p1a: Falinks|item: Quick Claw
|
|t:|1750753413
|move|p1b: Muk|Pain Split|p2b: Archaludon
|-sethp|p2b: Archaludon|81/100 par|[from] move: Pain Split|[silent]
|-sethp|p1b: Muk|63/100|[from] move: Pain Split
|move|p1a: Falinks|Psych Up|p1b: Muk
|-copyboost|p1a: Falinks|p1b: Muk|[from] move: Psych Up
|move|p2a: Palkia|Gravity|p2a: Palkia
|-fieldstart|move: Gravity
|move|p2b: Archaludon|Dragon Pulse|p1b: Muk
|-damage|p1b: Muk|22/100
|
|-heal|p1b: Muk|28/100|[from] item: Leftovers
|upkeep
|turn|10
|
|t:|1750753440
|switch|p2b: Blastoise|Blastoise, L50, M|100/100
|-status|p2b: Blastoise|tox
|move|p1b: Muk|Protect|p1b: Muk
|-singleturn|p1b: Muk|Protect
|move|p2a: Palkia|Spacial Rend|p1b: Muk
|-activate|p1b: Muk|move: Protect
|move|p1a: Falinks|No Retreat|p1a: Falinks
|-boost|p1a: Falinks|atk|1
|-boost|p1a: Falinks|def|1
|-boost|p1a: Falinks|spa|1
|-boost|p1a: Falinks|spd|1
|-boost|p1a: Falinks|spe|1
|-start|p1a: Falinks|move: No Retreat
|
|-heal|p1b: Muk|34/100|[from] item: Leftovers
|-damage|p2b: Blastoise|95/100 tox|[from] psn
|upkeep
|turn|11
|
|t:|1750753466
|move|p2b: Blastoise|Fake Out|p1a: Falinks|[miss]
|-miss|p2b: Blastoise|p1a: Falinks
|move|p1b: Muk|Pain Split|p2b: Blastoise
|-sethp|p2b: Blastoise|67/100 tox|[from] move: Pain Split|[silent]
|-sethp|p1b: Muk|59/100|[from] move: Pain Split
|move|p2a: Palkia|Spacial Rend|p1a: Falinks
|-damage|p1a: Falinks|53/100
|move|p1a: Falinks|Iron Head|p2a: Palkia
|-resisted|p2a: Palkia
|-damage|p2a: Palkia|20/100
|
|-heal|p1b: Muk|65/100|[from] item: Leftovers
|-damage|p2b: Blastoise|55/100 tox|[from] psn
|upkeep
|turn|12
|-activate|p1a: Falinks|item: Quick Claw
|
|t:|1750753497
|move|p1b: Muk|Protect|p1b: Muk
|-singleturn|p1b: Muk|Protect
|move|p1a: Falinks|Iron Head|p2a: Palkia
|-resisted|p2a: Palkia
|-damage|p2a: Palkia|5/100
|move|p2a: Palkia|Spacial Rend|p1a: Falinks|[miss]
|-miss|p2a: Palkia|p1a: Falinks
|move|p2b: Blastoise|Liquidation|p1a: Falinks|[miss]
|-miss|p2b: Blastoise|p1a: Falinks
|
|-heal|p1b: Muk|71/100|[from] item: Leftovers
|-damage|p2b: Blastoise|37/100 tox|[from] psn
|upkeep
|turn|13
|
|t:|1750753522
|move|p2a: Palkia|Spacial Rend|p1a: Falinks
|-damage|p1a: Falinks|2/100
|move|p1a: Falinks|Iron Head|p2a: Palkia
|-resisted|p2a: Palkia
|-damage|p2a: Palkia|0 fnt
|faint|p2a: Palkia
|move|p2b: Blastoise|Liquidation|p1a: Falinks
|-damage|p1a: Falinks|0 fnt
|faint|p1a: Falinks
|move|p1b: Muk|Sludge Bomb|p2b: Blastoise
|-crit|p2b: Blastoise
|-damage|p2b: Blastoise|16/100 tox
|
|-heal|p1b: Muk|77/100|[from] item: Leftovers
|-damage|p2b: Blastoise|0 fnt|[from] psn
|faint|p2b: Blastoise
|-fieldend|move: Gravity
|upkeep
|
|t:|1750753541
|switch|p2a: Kyogre|Kyogre, L50, shiny|65/100 par
|switch|p2b: Archaludon|Archaludon, L50, M, shiny|81/100 par
|-weather|RainDance|[from] ability: Drizzle|[of] p2a: Kyogre
|turn|14
|
|t:|1750753569
|move|p2a: Kyogre|Water Spout|p1b: Muk|[miss]
|-miss|p2a: Kyogre|p1b: Muk
|move|p1b: Muk|Sludge Bomb|p2a: Kyogre
|-damage|p2a: Kyogre|48/100 par
|move|p2b: Archaludon|Dragon Pulse|p1b: Muk
|-damage|p1b: Muk|50/100
|
|-weather|RainDance|[upkeep]
|-heal|p1b: Muk|56/100|[from] item: Leftovers
|upkeep
|turn|15
|
|t:|1750753586
|move|p1b: Muk|Pain Split|p2b: Archaludon
|-sethp|p2b: Archaludon|76/100 par|[from] move: Pain Split|[silent]
|-sethp|p1b: Muk|59/100|[from] move: Pain Split
|move|p2a: Kyogre|Water Spout|p1b: Muk
|-damage|p1b: Muk|21/100
|cant|p2b: Archaludon|par
|
|-weather|RainDance|[upkeep]
|-heal|p1b: Muk|27/100|[from] item: Leftovers
|upkeep
|turn|16
|
|t:|1750753607
|move|p1b: Muk|Pain Split|p2b: Archaludon
|-sethp|p2b: Archaludon|55/100 par|[from] move: Pain Split|[silent]
|-sethp|p1b: Muk|43/100|[from] move: Pain Split
|move|p2a: Kyogre|Water Spout|p1b: Muk|[miss]
|-miss|p2a: Kyogre|p1b: Muk
|cant|p2b: Archaludon|par
|
|-weather|RainDance|[upkeep]
|-heal|p1b: Muk|49/100|[from] item: Leftovers
|upkeep
|turn|17
|
|t:|1750753630
|move|p1b: Muk|Protect|p1b: Muk
|-singleturn|p1b: Muk|Protect
|move|p2a: Kyogre|Water Spout|p1b: Muk
|-activate|p1b: Muk|move: Protect
|move|p2b: Archaludon|Dragon Pulse|p1b: Muk
|-activate|p1b: Muk|move: Protect
|
|-weather|RainDance|[upkeep]
|-heal|p1b: Muk|55/100|[from] item: Leftovers
|upkeep
|turn|18
|
|t:|1750753645
|move|p2a: Kyogre|Water Spout|p1b: Muk|[miss]
|-miss|p2a: Kyogre|p1b: Muk
|move|p1b: Muk|Sludge Bomb|p2a: Kyogre
|-damage|p2a: Kyogre|32/100 par
|move|p2b: Archaludon|Dragon Pulse|p1b: Muk|[miss]
|-miss|p2b: Archaludon|p1b: Muk
|
|-weather|RainDance|[upkeep]
|-heal|p1b: Muk|61/100|[from] item: Leftovers
|upkeep
|turn|19
|
|t:|1750753665
|move|p1b: Muk|Protect|p1b: Muk
|-singleturn|p1b: Muk|Protect
|move|p2a: Kyogre|Ice Beam|p1b: Muk
|-activate|p1b: Muk|move: Protect
|move|p2b: Archaludon|Dragon Pulse|p1b: Muk
|-activate|p1b: Muk|move: Protect
|
|-weather|RainDance|[upkeep]
|-heal|p1b: Muk|67/100|[from] item: Leftovers
|upkeep
|turn|20
|inactive|Battle timer is ON: inactive players will automatically lose when time's up. (requested by NarutoUzumaki1234)
|
|t:|1750753680
|move|p2a: Kyogre|Ice Beam|p1b: Muk
|-damage|p1b: Muk|47/100
|move|p1b: Muk|Sludge Bomb|p2a: Kyogre
|-damage|p2a: Kyogre|14/100 par
|move|p2b: Archaludon|Dragon Pulse|p1b: Muk
|-damage|p1b: Muk|18/100
|
|-weather|RainDance|[upkeep]
|-heal|p1b: Muk|25/100|[from] item: Leftovers
|upkeep
|turn|21
|
|t:|1750753695
|move|p1b: Muk|Protect|p1b: Muk
|-singleturn|p1b: Muk|Protect
|move|p2a: Kyogre|Ice Beam|p1b: Muk
|-activate|p1b: Muk|move: Protect
|move|p2b: Archaludon|Dragon Pulse|p1b: Muk
|-activate|p1b: Muk|move: Protect
|
|-weather|none
|-heal|p1b: Muk|31/100|[from] item: Leftovers
|upkeep
|turn|22
|
|t:|1750753709
|move|p2a: Kyogre|Ice Beam|p1b: Muk
|-damage|p1b: Muk|8/100
|move|p1b: Muk|Sludge Bomb|p2a: Kyogre
|-damage|p2a: Kyogre|0 fnt
|faint|p2a: Kyogre
|move|p2b: Archaludon|Dragon Pulse|p1b: Muk
|-damage|p1b: Muk|0 fnt
|faint|p1b: Muk
|
|win|NarutoUzumaki1234
|raw|GreatScotlandYard's rating: 1052 &rarr; <strong>1039</strong><br />(-13 for losing)
|raw|NarutoUzumaki1234's rating: 1146 &rarr; <strong>1164</strong><br />(+18 for winning)
|l|☆GreatScotlandYard
|player|p1|
|c|☆NarutoUzumaki1234|It a bad person
|c|☆NarutoUzumaki1234|Ur*
|l|☆NarutoUzumaki1234
|player|p2|
