|j|☆ls1998
|j|☆Royal_Rumpus
|t:|1750725617
|gametype|doubles
|player|p1|ls1998|265|1124
|player|p2|Royal_Rumpus|blue|1202
|teamsize|p1|6
|teamsize|p2|6
|gen|9
|tier|[Gen 9] VGC 2025 Reg I
|rated|
|rule|Species Clause: Limit one of each Pokémon
|rule|Item Clause: Limit 1 of each item
|clearpoke
|poke|p1|Tyranitar, L50, F|
|poke|p1|Tornadus, L50, M|
|poke|p1|Excadrill, L50, M|
|poke|p1|Calyrex-Shadow, L50|
|poke|p1|Terapagos, L50, M|
|poke|p1|Incineroar, L50, M|
|poke|p2|Fezandipiti, L50, M|
|poke|p2|Rillaboom, L50, M|
|poke|p2|Groudon, L50|
|poke|p2|Indeedee-F, L50, F|
|poke|p2|Calyrex-Shadow, L50|
|poke|p2|Urshifu-*, L50, M|
|teampreview|4
|
|t:|1750725635
|start
|switch|p1a: Tyranitar|Tyranitar, L50, F|100/100
|switch|p1b: Tornadus|Tornadus, L50, M|100/100
|switch|p2a: Fezandipiti|Fezandipiti, L50, M|100/100
|switch|p2b: Urshifu|Urshifu, L50, M|100/100
|-weather|Sandstorm|[from] ability: Sand Stream|[of] p1a: Tyranitar
|turn|1
|inactive|Battle timer is ON: inactive players will automatically lose when time's up. (requested by Royal_Rumpus)
|
|t:|1750725671
|move|p1b: Tornadus|Tailwind|p1b: Tornadus
|-sidestart|p1: ls1998|move: Tailwind
|move|p2a: Fezandipiti|Tailwind|p2a: Fezandipiti
|-sidestart|p2: Royal_Rumpus|move: Tailwind
|move|p2b: Urshifu|Close Combat|p1a: Tyranitar
|-supereffective|p1a: Tyranitar
|-damage|p1a: Tyranitar|0 fnt
|-unboost|p2b: Urshifu|def|1
|-unboost|p2b: Urshifu|spd|1
|faint|p1a: Tyranitar
|
|-weather|Sandstorm|[upkeep]
|-damage|p1b: Tornadus|95/100|[from] Sandstorm
|-damage|p2a: Fezandipiti|94/100|[from] Sandstorm
|-damage|p2b: Urshifu|95/100|[from] Sandstorm
|upkeep
|
|t:|1750725685
|switch|p1a: Excadrill|Excadrill, L50, M|100/100
|turn|2
|
|t:|1750725704
|switch|p2b: Rillaboom|Rillaboom, L50, M|100/100
|-fieldstart|move: Grassy Terrain|[from] ability: Grassy Surge|[of] p2b: Rillaboom
|move|p1b: Tornadus|Taunt|p2b: Rillaboom
|-start|p2b: Rillaboom|move: Taunt
|move|p1a: Excadrill|Earthquake|p2a: Fezandipiti|[spread] p2a,p2b
|-immune|p1b: Tornadus
|-supereffective|p2a: Fezandipiti
|-resisted|p2b: Rillaboom
|-damage|p2a: Fezandipiti|45/100
|-damage|p2b: Rillaboom|87/100
|-damage|p1a: Excadrill|91/100|[from] item: Life Orb
|move|p2a: Fezandipiti|Dazzling Gleam|p1a: Excadrill|[spread] p1a,p1b
|-resisted|p1a: Excadrill
|-damage|p1a: Excadrill|79/100
|-damage|p1b: Tornadus|73/100
|-status|p1b: Tornadus|tox|[from] ability: Toxic Chain|[of] p2a: Fezandipiti
|
|-weather|Sandstorm|[upkeep]
|-damage|p1b: Tornadus|67/100 tox|[from] Sandstorm
|-damage|p2a: Fezandipiti|39/100|[from] Sandstorm
|-damage|p2b: Rillaboom|82/100|[from] Sandstorm
|-heal|p1a: Excadrill|85/100|[from] Grassy Terrain
|-heal|p2a: Fezandipiti|45/100|[from] Grassy Terrain
|-heal|p2b: Rillaboom|87/100|[from] Grassy Terrain
|-damage|p1b: Tornadus|61/100 tox|[from] psn
|upkeep
|turn|3
|inactive|ls1998 has 30 seconds left.
|inactive|Royal_Rumpus has 30 seconds left.
|inactive|Royal_Rumpus has 20 seconds left.
|inactive|Royal_Rumpus has 15 seconds left.
|
|t:|1750725744
|move|p2b: Rillaboom|Grassy Glide|p1a: Excadrill
|-damage|p1a: Excadrill|30/100
|move|p1a: Excadrill|Earthquake|p2a: Fezandipiti|[spread] p2a,p2b
|-immune|p1b: Tornadus
|-supereffective|p2a: Fezandipiti
|-resisted|p2b: Rillaboom
|-damage|p2a: Fezandipiti|0 fnt
|-damage|p2b: Rillaboom|74/100
|faint|p2a: Fezandipiti
|-damage|p1a: Excadrill|20/100|[from] item: Life Orb
|move|p1b: Tornadus|Bleakwind Storm|p2b: Rillaboom
|-supereffective|p2b: Rillaboom
|-damage|p2b: Rillaboom|0 fnt
|faint|p2b: Rillaboom
|
|-weather|Sandstorm|[upkeep]
|-damage|p1b: Tornadus|55/100 tox|[from] Sandstorm
|-heal|p1a: Excadrill|26/100|[from] Grassy Terrain
|-damage|p1b: Tornadus|43/100 tox|[from] psn
|upkeep
|
|t:|1750725754
|switch|p2a: Calyrex|Calyrex-Shadow, L50|100/100
|switch|p2b: Urshifu|Urshifu, L50, M|95/100
|-ability|p2a: Calyrex|As One
|-ability|p2a: Calyrex|Unnerve
|turn|4
|inactive|ls1998 has 30 seconds left.
|
|t:|1750725781
|move|p2a: Calyrex|Protect|p2a: Calyrex
|-singleturn|p2a: Calyrex|Protect
|move|p1b: Tornadus|Taunt|p2b: Urshifu
|-hint|Since gen 7, Dark is immune to Prankster moves.
|-immune|p2b: Urshifu
|move|p1a: Excadrill|Earthquake|p2b: Urshifu|[spread] p2b
|-activate|p2a: Calyrex|move: Protect
|-immune|p1b: Tornadus
|-damage|p2b: Urshifu|70/100
|-damage|p1a: Excadrill|17/100|[from] item: Life Orb
|move|p2b: Urshifu|Wicked Blow|p1a: Excadrill
|-crit|p1a: Excadrill
|-damage|p1a: Excadrill|0 fnt
|faint|p1a: Excadrill
|
|-weather|Sandstorm|[upkeep]
|-damage|p2a: Calyrex|95/100|[from] Sandstorm
|-damage|p1b: Tornadus|38/100 tox|[from] Sandstorm
|-damage|p2b: Urshifu|64/100|[from] Sandstorm
|-heal|p2a: Calyrex|100/100|[from] Grassy Terrain
|-heal|p2b: Urshifu|70/100|[from] Grassy Terrain
|-damage|p1b: Tornadus|20/100 tox|[from] psn
|-sideend|p1: ls1998|move: Tailwind
|-sideend|p2: Royal_Rumpus|move: Tailwind
|upkeep
|
|t:|1750725804
|switch|p1a: Terapagos|Terapagos, L50, M|100/100
|-activate|p1a: Terapagos|ability: Tera Shift
|detailschange|p1a: Terapagos|Terapagos-Terastal, L50, M
|-heal|p1a: Terapagos|100/100|[silent]
|turn|5
|
|t:|1750725825
|-terastallize|p1a: Terapagos|Stellar
|detailschange|p1a: Terapagos|Terapagos-Stellar, L50, M, tera:Stellar
|-heal|p1a: Terapagos|100/100|[silent]
|-ability|p1a: Terapagos|Teraform Zero
|-weather|none
|-fieldend|move: Grassy Terrain
|move|p1b: Tornadus|Taunt|p2a: Calyrex
|-start|p2a: Calyrex|move: Taunt
|move|p2a: Calyrex|Psychic|p1a: Terapagos
|-damage|p1a: Terapagos|60/100
|move|p2b: Urshifu|Wicked Blow|p1a: Terapagos
|-crit|p1a: Terapagos
|-damage|p1a: Terapagos|0 fnt
|faint|p1a: Terapagos
|detailschange|p1: Terapagos|Terapagos, L50, M|[silent]
|
|-damage|p1b: Tornadus|0 fnt|[from] psn
|faint|p1b: Tornadus
|
|win|Royal_Rumpus
|raw|ls1998's rating: 1124 &rarr; <strong>1105</strong><br />(-19 for losing)
|raw|Royal_Rumpus's rating: 1202 &rarr; <strong>1221</strong><br />(+19 for winning)
|l|☆Royal_Rumpus
|player|p2|
|l|☆ls1998
|player|p1|
