|j|☆HardFreaQ
|j|☆21Kieran
|html|<table width="100%"><tr><td align="left">HardFreaQ</td><td align="right">21Kieran</tr><tr><td align="left"><i class="fa fa-circle"></i> <i class="fa fa-circle-o"></i> </td><td align="right"><i class="fa fa-circle-o"></i> <i class="fa fa-circle"></i> </tr></table>
|uhtml|bestof|<h2><strong>Game 3</strong> of <a href="/game-bestof3-gen9vgc2025regi-2391195829">a best-of-3</a></h2>
|t:|1750815316
|gametype|doubles
|player|p1|HardFreaQ|lucas|
|player|p2|21Kieran|hau-masters|
|teamsize|p1|6
|teamsize|p2|6
|gen|9
|tier|[Gen 9] VGC 2025 Reg I
|rated|Tournament battle
|rule|Species Clause: Limit one of each Pokémon
|rule|Item Clause: Limit 1 of each item
|raw|<div class="infobox"><details class="readmore" open><summary><strong>3 custom rules:</strong></summary> Force Open Team Sheets, !Open Team Sheets, Best of = 3</details></div>
|clearpoke
|poke|p1|Calyrex-Ice, L50|
|poke|p1|Miraidon, L50|
|poke|p1|Farigiraf, L50, F|
|poke|p1|Volcarona, L50, F|
|poke|p1|Iron Hands, L50|
|poke|p1|Grimmsnarl, L50, M|
|poke|p2|Terapagos, L50, M|
|poke|p2|Miraidon, L50|
|poke|p2|Urshifu-*, L50, F|
|poke|p2|Incineroar, L50, M|
|poke|p2|Sinistcha, L50|
|poke|p2|Landorus, L50, M|
|teampreview|4
|showteam|p1|Calyrex-Ice||ClearAmulet|AsOneGlastrier|GlacialLance,HighHorsepower,TrickRoom,Protect||||||50|,,,,,Fire]Miraidon||ChoiceSpecs|HadronEngine|ElectroDrift,VoltSwitch,DracoMeteor,DazzlingGleam||||||50|,,,,,Fairy]Farigiraf||MirrorHerb|ArmorTail|Psychic,ShadowBall,TrickRoom,HelpingHand|||F|||50|,,,,,Water]Volcarona||ElectricSeed|FlameBody|FieryDance,BugBuzz,QuiverDance,Protect|||F|||50|,,,,,Dragon]Iron Hands||AssaultVest|QuarkDrive|LowKick,DrainPunch,WildCharge,FakeOut||||||50|,,,,,Bug]Grimmsnarl||LightClay|Prankster|SpiritBreak,Reflect,LightScreen,PartingShot|||M|||50|,,,,,Steel
|showteam|p2|Terapagos||ElectricSeed|TeraShift|TeraStarstorm,EarthPower,CalmMind,Protect|||M|||50|,,,,,Stellar]Miraidon||AssaultVest|HadronEngine|ElectroDrift,VoltSwitch,DracoMeteor,Snarl||||||50|,,,,,Electric]Urshifu-Rapid-Strike||ChoiceScarf|UnseenFist|RainDance,SurgingStrikes,CloseCombat,Uturn|||F|||50|,,,,,Water]Incineroar||RockyHelmet|Intimidate|PartingShot,KnockOff,FlareBlitz,FakeOut|||M|||50|,,,,,Ghost]Sinistcha||FocusSash|Hospitality|Protect,LifeDew,ShadowBall,RagePowder||||||50|,,,,,Fire]Landorus||LifeOrb|SheerForce|EarthPower,SludgeBomb,Protect,SandsearStorm|||M|||50|,,,,,Poison
|inactive|Battle timer is ON: inactive players will automatically lose when time's up. (requested by HardFreaQ)
|j| Iamsliverfish
|
|t:|1750815328
|start
|switch|p1a: Volcarona|Volcarona, L50, F|100/100
|switch|p1b: Iron Hands|Iron Hands, L50, shiny|100/100
|switch|p2a: Terapagos|Terapagos, L50, M|100/100
|switch|p2b: Miraidon|Miraidon, L50|100/100
|-activate|p2a: Terapagos|ability: Tera Shift
|detailschange|p2a: Terapagos|Terapagos-Terastal, L50, M
|-heal|p2a: Terapagos|100/100|[silent]
|-fieldstart|move: Electric Terrain|[from] ability: Hadron Engine|[of] p2b: Miraidon
|-enditem|p1a: Volcarona|Electric Seed
|-boost|p1a: Volcarona|def|1|[from] item: Electric Seed
|-enditem|p2a: Terapagos|Electric Seed
|-boost|p2a: Terapagos|def|1|[from] item: Electric Seed
|-activate|p1b: Iron Hands|ability: Quark Drive
|-start|p1b: Iron Hands|quarkdriveatk
|turn|1
|
|t:|1750815339
|move|p1b: Iron Hands|Fake Out|p2b: Miraidon
|-damage|p2b: Miraidon|82/100
|cant|p2b: Miraidon|flinch
|move|p1a: Volcarona|Quiver Dance|p1a: Volcarona
|-boost|p1a: Volcarona|spa|1
|-boost|p1a: Volcarona|spd|1
|-boost|p1a: Volcarona|spe|1
|move|p2a: Terapagos|Tera Starstorm|p1a: Volcarona
|-damage|p1a: Volcarona|72/100
|
|upkeep
|turn|2
|
|t:|1750815353
|move|p1a: Volcarona|Quiver Dance|p1a: Volcarona
|-boost|p1a: Volcarona|spa|1
|-boost|p1a: Volcarona|spd|1
|-boost|p1a: Volcarona|spe|1
|move|p2b: Miraidon|Volt Switch|p1a: Volcarona
|-damage|p1a: Volcarona|41/100
|
|t:|1750815357
|switch|p2b: Incineroar|Incineroar, L50, M, shiny|100/100|[from] Volt Switch
|-ability|p2b: Incineroar|Intimidate|boost
|-unboost|p1a: Volcarona|atk|1
|-unboost|p1b: Iron Hands|atk|1
|move|p2a: Terapagos|Calm Mind|p2a: Terapagos
|-boost|p2a: Terapagos|spa|1
|-boost|p2a: Terapagos|spd|1
|move|p1b: Iron Hands|Low Kick|p2b: Incineroar
|-supereffective|p2b: Incineroar
|-damage|p2b: Incineroar|44/100
|-damage|p1b: Iron Hands|84/100|[from] item: Rocky Helmet|[of] p2b: Incineroar
|
|upkeep
|turn|3
|
|t:|1750815377
|-end|p1b: Iron Hands|Quark Drive|[silent]
|switch|p1b: Miraidon|Miraidon, L50|100/100
|-activate|p1b: Miraidon|ability: Hadron Engine
|move|p2b: Incineroar|Fake Out|p1b: Miraidon
|-damage|p1b: Miraidon|92/100
|move|p1a: Volcarona|Fiery Dance|p2a: Terapagos
|-activate|p2a: Terapagos|ability: Tera Shell
|-resisted|p2a: Terapagos
|-damage|p2a: Terapagos|79/100
|move|p2a: Terapagos|Calm Mind|p2a: Terapagos
|-boost|p2a: Terapagos|spa|1
|-boost|p2a: Terapagos|spd|1
|
|upkeep
|turn|4
|
|t:|1750815385
|switch|p2b: Sinistcha|Sinistcha, L50|100/100
|-heal|p2a: Terapagos|100/100|[from] ability: Hospitality|[of] p2b: Sinistcha
|-terastallize|p2a: Terapagos|Stellar
|detailschange|p2a: Terapagos|Terapagos-Stellar, L50, M, tera:Stellar
|-heal|p2a: Terapagos|100/100|[silent]
|-ability|p2a: Terapagos|Teraform Zero
|-fieldend|move: Electric Terrain
|move|p1a: Volcarona|Fiery Dance|p2a: Terapagos
|-damage|p2a: Terapagos|79/100
|-boost|p1a: Volcarona|spa|1
|move|p1b: Miraidon|Volt Switch|p2b: Sinistcha
|-resisted|p2b: Sinistcha
|-damage|p2b: Sinistcha|75/100
|
|t:|1750815388
|switch|p1b: Iron Hands|Iron Hands, L50, shiny|84/100|[from] Volt Switch
|move|p2a: Terapagos|Tera Starstorm|p1a: Volcarona|[spread] p1a,p1b
|-crit|p1b: Iron Hands
|-damage|p1a: Volcarona|9/100
|-damage|p1b: Iron Hands|25/100
|
|upkeep
|turn|5
|
|t:|1750815412
|switch|p2b: Incineroar|Incineroar, L50, M, shiny|44/100
|-ability|p2b: Incineroar|Intimidate|boost
|-unboost|p1a: Volcarona|atk|1
|-unboost|p1b: Iron Hands|atk|1
|-end|p1b: Iron Hands|Quark Drive|[silent]
|switch|p1b: Calyrex|Calyrex-Ice, L50|100/100
|-ability|p1b: Calyrex|As One
|-ability|p1b: Calyrex|Unnerve
|move|p2a: Terapagos|Protect|p2a: Terapagos
|-singleturn|p2a: Terapagos|Protect
|move|p1a: Volcarona|Fiery Dance|p2b: Incineroar
|-resisted|p2b: Incineroar
|-damage|p2b: Incineroar|6/100
|
|upkeep
|turn|6
|
|t:|1750815425
|move|p1a: Volcarona|Protect|p1a: Volcarona
|-singleturn|p1a: Volcarona|Protect
|move|p1b: Calyrex|Protect|p1b: Calyrex
|-singleturn|p1b: Calyrex|Protect
|move|p2b: Incineroar|Fake Out|p1b: Calyrex
|-activate|p1b: Calyrex|move: Protect
|move|p2a: Terapagos|Tera Starstorm|p1b: Calyrex|[spread] 
|-activate|p1a: Volcarona|move: Protect
|-activate|p1b: Calyrex|move: Protect
|
|upkeep
|turn|7
|
|t:|1750815433
|move|p1a: Volcarona|Fiery Dance|p2b: Incineroar
|-resisted|p2b: Incineroar
|-damage|p2b: Incineroar|0 fnt
|faint|p2b: Incineroar
|move|p2a: Terapagos|Tera Starstorm|p1a: Volcarona|[spread] p1a,p1b
|-damage|p1a: Volcarona|0 fnt
|-damage|p1b: Calyrex|61/100
|faint|p1a: Volcarona
|move|p1b: Calyrex|Trick Room|p1b: Calyrex
|-fieldstart|move: Trick Room|[of] p1b: Calyrex
|
|upkeep
|
|t:|1750815438
|switch|p2b: Sinistcha|Sinistcha, L50|75/100
|switch|p1a: Iron Hands|Iron Hands, L50, shiny|25/100
|-heal|p2a: Terapagos|100/100|[from] ability: Hospitality|[of] p2b: Sinistcha
|turn|8
|j| imgoldshark07
|
|t:|1750815445
|move|p2b: Sinistcha|Protect|p2b: Sinistcha
|-singleturn|p2b: Sinistcha|Protect
|move|p2a: Terapagos|Protect|p2a: Terapagos
|-singleturn|p2a: Terapagos|Protect
|move|p1b: Calyrex|Glacial Lance|p2a: Terapagos|[spread] 
|-activate|p2a: Terapagos|move: Protect
|-activate|p2b: Sinistcha|move: Protect
|move|p1a: Iron Hands|Low Kick|p2a: Terapagos
|-activate|p2a: Terapagos|move: Protect
|
|upkeep
|turn|9
|c| Iamsliverfish|get goobed kieran
|
|t:|1750815451
|move|p1b: Calyrex|Glacial Lance|p2b: Sinistcha|[spread] p2a,p2b
|-supereffective|p2b: Sinistcha
|-damage|p2a: Terapagos|81/100
|-damage|p2b: Sinistcha|0 fnt
|faint|p2b: Sinistcha
|-ability|p1b: Calyrex|Chilling Neigh|boost
|-boost|p1b: Calyrex|atk|1
|move|p1a: Iron Hands|Low Kick|p2a: Terapagos
|-supereffective|p2a: Terapagos
|-damage|p2a: Terapagos|51/100
|move|p2a: Terapagos|Tera Starstorm|p1a: Iron Hands|[spread] p1a,p1b
|-damage|p1a: Iron Hands|0 fnt
|-damage|p1b: Calyrex|15/100
|faint|p1a: Iron Hands
|-end|p1a: Iron Hands|Quark Drive|[silent]
|
|upkeep
|
|t:|1750815462
|switch|p1a: Miraidon|Miraidon, L50|92/100
|switch|p2b: Miraidon|Miraidon, L50|82/100
|-fieldstart|move: Electric Terrain|[from] ability: Hadron Engine|[of] p1a: Miraidon
|-activate|p2b: Miraidon|ability: Hadron Engine
|turn|10
|l| imgoldshark07
|
|t:|1750815467
|move|p1b: Calyrex|Glacial Lance|p2a: Terapagos|[spread] p2a,p2b
|-supereffective|p2b: Miraidon
|-damage|p2a: Terapagos|25/100
|-damage|p2b: Miraidon|0 fnt
|faint|p2b: Miraidon
|-ability|p1b: Calyrex|Chilling Neigh|boost
|-boost|p1b: Calyrex|atk|1
|move|p2a: Terapagos|Tera Starstorm|p1b: Calyrex|[spread] p1a,p1b
|-damage|p1a: Miraidon|43/100
|-damage|p1b: Calyrex|0 fnt
|faint|p1b: Calyrex
|move|p1a: Miraidon|Electro Drift|p2a: Terapagos
|-damage|p2a: Terapagos|0 fnt
|faint|p2a: Terapagos
|detailschange|p2: Terapagos|Terapagos, L50, M|[silent]
|
|win|HardFreaQ
