|j|☆davynelly
|j|☆dawnsmons
|t:|1750871457
|gametype|doubles
|player|p1|davynelly|1|1192
|player|p2|dawnsmons|dawn-gen4pt|1301
|teamsize|p1|6
|teamsize|p2|6
|gen|9
|tier|[Gen 9] VGC 2025 Reg I
|rated|
|rule|Species Clause: Limit one of each Pokémon
|rule|Item Clause: Limit 1 of each item
|clearpoke
|poke|p1|Miraidon, L50|
|poke|p1|Lunala, L50|
|poke|p1|Iron Bundle, L50|
|poke|p1|Iron Crown, L50|
|poke|p1|Indeedee-F, L50, F|
|poke|p1|Iron Valiant, L50|
|poke|p2|Koraidon, L50|
|poke|p2|Weezing-Galar, L50, F|
|poke|p2|Calyrex-Shadow, L50|
|poke|p2|Chi-Yu, L50|
|poke|p2|Walking Wake, L50|
|poke|p2|Brute Bonnet, L50|
|teampreview|4
|
|t:|1750871539
|start
|switch|p1a: Miraidon|Miraidon, L50|100/100
|switch|p1b: Iron Crown|Iron Crown, L50|100/100
|switch|p2a: Koraidon|Koraidon, L50|100/100
|switch|p2b: Weezing|Weezing-Galar, L50, F, shiny|100/100
|-ability|p2b: Weezing|Neutralizing Gas
|-block|p2a: Koraidon|item: Ability Shield
|-weather|SunnyDay|[from] ability: Orichalcum Pulse|[of] p2a: Koraidon
|-activate|p2a: Koraidon|Orichalcum Pulse|[source]
|turn|1
|
|t:|1750871569
|move|p2a: Koraidon|Protect|p2a: Koraidon
|-singleturn|p2a: Koraidon|Protect
|move|p2b: Weezing|Protect|p2b: Weezing
|-singleturn|p2b: Weezing|Protect
|move|p1b: Iron Crown|Tachyon Cutter|p2b: Weezing
|-activate|p2b: Weezing|move: Protect
|move|p1a: Miraidon|Volt Switch|p2a: Koraidon
|-activate|p2a: Koraidon|move: Protect
|
|-weather|SunnyDay|[upkeep]
|upkeep
|turn|2
|
|t:|1750871625
|-end|p2b: Weezing|ability: Neutralizing Gas
|-fieldstart|move: Electric Terrain|[from] ability: Hadron Engine|[of] p1a: Miraidon
|-activate|p1b: Iron Crown|ability: Quark Drive
|-start|p1b: Iron Crown|quarkdrivespa
|switch|p2b: Chi-Yu|Chi-Yu, L50|100/100
|-ability|p2b: Chi-Yu|Beads of Ruin
|-terastallize|p2a: Koraidon|Fire
|move|p1b: Iron Crown|Tachyon Cutter|p2b: Chi-Yu
|-resisted|p2b: Chi-Yu
|-damage|p2b: Chi-Yu|78/100
|-resisted|p2b: Chi-Yu
|-damage|p2b: Chi-Yu|57/100
|-hitcount|p2b: Chi-Yu|2
|move|p1a: Miraidon|Volt Switch|p2a: Koraidon
|-damage|p2a: Koraidon|0 fnt
|faint|p2a: Koraidon
|
|t:|1750871646
|switch|p1a: Iron Valiant|Iron Valiant, L50|100/100|[from] Volt Switch
|-activate|p1a: Iron Valiant|ability: Quark Drive
|-start|p1a: Iron Valiant|quarkdrivespe
|
|-weather|SunnyDay|[upkeep]
|upkeep
|
|t:|1750871662
|switch|p2a: Calyrex|Calyrex-Shadow, L50|100/100
|-ability|p2a: Calyrex|As One
|-ability|p2a: Calyrex|Unnerve
|turn|3
|inactive|Battle timer is ON: inactive players will automatically lose when time's up. (requested by davynelly)
|
|t:|1750871688
|-terastallize|p1b: Iron Crown|Water
|move|p1a: Iron Valiant|Knock Off|p2a: Calyrex
|-supereffective|p2a: Calyrex
|-damage|p2a: Calyrex|0 fnt
|-enditem|p2a: Calyrex|Life Orb|[from] move: Knock Off|[of] p1a: Iron Valiant
|faint|p2a: Calyrex
|move|p2b: Chi-Yu|Heat Wave|p1b: Iron Crown|[spread] p1a,p1b
|-resisted|p1b: Iron Crown
|-damage|p1a: Iron Valiant|0 fnt
|-damage|p1b: Iron Crown|62/100
|faint|p1a: Iron Valiant
|-end|p1a: Iron Valiant|Quark Drive|[silent]
|move|p1b: Iron Crown|Tachyon Cutter|p2b: Chi-Yu
|-resisted|p2b: Chi-Yu
|-damage|p2b: Chi-Yu|37/100
|-resisted|p2b: Chi-Yu
|-damage|p2b: Chi-Yu|18/100
|-hitcount|p2b: Chi-Yu|2
|
|-weather|SunnyDay|[upkeep]
|upkeep
|
|t:|1750871701
|switch|p2a: Weezing|Weezing-Galar, L50, F, shiny|100/100
|switch|p1a: Miraidon|Miraidon, L50|100/100
|-ability|p2a: Weezing|Neutralizing Gas
|turn|4
|
|t:|1750871723
|move|p2a: Weezing|Protect|p2a: Weezing
|-singleturn|p2a: Weezing|Protect
|move|p2b: Chi-Yu|Heat Wave|p1b: Iron Crown|[spread] p1a,p1b
|-resisted|p1a: Miraidon
|-resisted|p1b: Iron Crown
|-damage|p1a: Miraidon|72/100
|-damage|p1b: Iron Crown|28/100
|move|p1b: Iron Crown|Tachyon Cutter|p2b: Chi-Yu
|-resisted|p2b: Chi-Yu
|-damage|p2b: Chi-Yu|3/100
|-resisted|p2b: Chi-Yu
|-damage|p2b: Chi-Yu|0 fnt
|faint|p2b: Chi-Yu
|-hitcount|p2: Chi-Yu|2
|move|p1a: Miraidon|Electro Drift|p2a: Weezing
|-activate|p2a: Weezing|move: Protect
|
|-weather|SunnyDay|[upkeep]
|upkeep
|turn|5
|
|t:|1750871738
|move|p1b: Iron Crown|Tachyon Cutter|p2a: Weezing
|-supereffective|p2a: Weezing
|-crit|p2a: Weezing
|-damage|p2a: Weezing|10/100
|-supereffective|p2a: Weezing
|-damage|p2a: Weezing|0 fnt
|faint|p2a: Weezing
|-end|p2a: Weezing|ability: Neutralizing Gas
|-activate|p1a: Miraidon|ability: Hadron Engine
|-hitcount|p2: Weezing|2
|
|win|davynelly
|raw|davynelly's rating: 1192 &rarr; <strong>1225</strong><br />(+33 for winning)
|raw|dawnsmons's rating: 1301 &rarr; <strong>1275</strong><br />(-26 for losing)
|l|☆dawnsmons
|player|p2|
|l|☆davynelly
|player|p1|
