|j|☆hdlshshxvqjw
|j|☆BERNARDOWERNECK
|t:|1750748179
|gametype|doubles
|player|p1|hdlshshxvqjw|102|1400
|player|p2|BERNARDOWERNECK|battlegirl-gen4|1349
|teamsize|p1|6
|teamsize|p2|6
|gen|9
|tier|[Gen 9] VGC 2025 Reg I
|rated|
|rule|Species Clause: Limit one of each Pokémon
|rule|Item Clause: Limit 1 of each item
|clearpoke
|poke|p1|Ho-Oh, L50|
|poke|p1|Calyrex-Shadow, L50|
|poke|p1|Walking Wake, L50|
|poke|p1|Incineroar, L50, M|
|poke|p1|Landorus, L50, M|
|poke|p1|Toxapex, L50, F|
|poke|p2|Volcarona, L50, F|
|poke|p2|Calyrex-Ice, L50|
|poke|p2|Okidogi, L50, M|
|poke|p2|Rillaboom, L50, M|
|poke|p2|Smeargle, L50, M|
|poke|p2|Miraidon, L50|
|teampreview|4
|inactive|Battle timer is ON: inactive players will automatically lose when time's up. (requested by BERNARDOWERNECK)
|
|t:|1750748215
|start
|switch|p1a: Calyrex|Calyrex-Shadow, L50|100/100
|switch|p1b: Toxapex|Toxapex, L50, F|100/100
|switch|p2a: Miraidon|Miraidon, L50|100/100
|switch|p2b: Calyrex|Calyrex-Ice, L50|100/100
|-ability|p1a: Calyrex|As One
|-ability|p1a: Calyrex|Unnerve
|-ability|p2b: Calyrex|As One
|-ability|p2b: Calyrex|Unnerve
|-fieldstart|move: Electric Terrain|[from] ability: Hadron Engine|[of] p2a: Miraidon
|turn|1
|inactive|BERNARDOWERNECK has 30 seconds left.
|
|t:|1750748245
|-terastallize|p2a: Miraidon|Electric
|move|p1b: Toxapex|Baneful Bunker|p1b: Toxapex
|-singleturn|p1b: Toxapex|move: Protect
|move|p2b: Calyrex|Protect|p2b: Calyrex
|-singleturn|p2b: Calyrex|Protect
|move|p2a: Miraidon|Electro Drift|p1a: Calyrex
|-enditem|p1a: Calyrex|Focus Sash
|-damage|p1a: Calyrex|1/100
|move|p1a: Calyrex|Astral Barrage|p2a: Miraidon|[spread] p2a
|-activate|p2b: Calyrex|move: Protect
|-damage|p2a: Miraidon|59/100
|
|upkeep
|turn|2
|inactive|hdlshshxvqjw has 30 seconds left.
|inactive|hdlshshxvqjw has 20 seconds left.
|inactive|hdlshshxvqjw has 15 seconds left.
|
|t:|1750748288
|move|p2a: Miraidon|Electro Drift|p1b: Toxapex
|-supereffective|p1b: Toxapex
|-damage|p1b: Toxapex|0 fnt
|faint|p1b: Toxapex
|move|p1a: Calyrex|Encore|p2b: Calyrex
|-start|p2b: Calyrex|Encore
|move|p2b: Calyrex|Protect||[still]
|-fail|p2b: Calyrex
|
|upkeep
|
|t:|1750748292
|switch|p1b: Landorus|Landorus, L50, M|100/100
|turn|3
|
|t:|1750748308
|switch|p2a: Smeargle|Smeargle, L50, M, shiny|100/100
|move|p1a: Calyrex|Protect|p1a: Calyrex
|-singleturn|p1a: Calyrex|Protect
|move|p2b: Calyrex|Protect|p2b: Calyrex
|-singleturn|p2b: Calyrex|Protect
|move|p1b: Landorus|Sandsear Storm|p2b: Calyrex|[spread] p2a
|-activate|p2b: Calyrex|move: Protect
|-enditem|p2a: Smeargle|Focus Sash
|-damage|p2a: Smeargle|1/100
|
|-ability|p2a: Smeargle|Moody|boost
|-boost|p2a: Smeargle|atk|2
|-unboost|p2a: Smeargle|def|1
|upkeep
|turn|4
|
|t:|1750748331
|move|p2b: Calyrex|Protect||[still]
|-fail|p2b: Calyrex
|move|p1a: Calyrex|Astral Barrage|p2a: Smeargle|[spread] p2b
|-immune|p2a: Smeargle
|-supereffective|p2b: Calyrex
|-damage|p2b: Calyrex|37/100
|move|p2a: Smeargle|Spore|p1b: Landorus
|-status|p1b: Landorus|slp|[from] move: Spore
|cant|p1b: Landorus|slp
|
|-end|p2b: Calyrex|Encore
|-ability|p2a: Smeargle|Moody|boost
|-boost|p2a: Smeargle|atk|2
|-unboost|p2a: Smeargle|spd|1
|upkeep
|turn|5
|
|t:|1750748353
|switch|p2b: Miraidon|Miraidon, L50, tera:Electric|59/100
|-activate|p2b: Miraidon|ability: Hadron Engine
|move|p1a: Calyrex|Encore||[still]
|-fail|p1a: Calyrex
|move|p2a: Smeargle|Spore|p1a: Calyrex
|-activate|p1a: Calyrex|move: Electric Terrain
|-curestatus|p1b: Landorus|slp|[msg]
|move|p1b: Landorus|Substitute|p1b: Landorus
|-start|p1b: Landorus|Substitute
|-damage|p1b: Landorus|76/100
|
|-heal|p1b: Landorus|82/100|[from] item: Leftovers
|-fieldend|move: Electric Terrain
|-ability|p2a: Smeargle|Moody|boost
|-boost|p2a: Smeargle|atk|2
|-unboost|p2a: Smeargle|spd|1
|upkeep
|turn|6
|
|t:|1750748375
|move|p1a: Calyrex|Protect|p1a: Calyrex
|-singleturn|p1a: Calyrex|Protect
|move|p1b: Landorus|Protect|p1b: Landorus
|-singleturn|p1b: Landorus|Protect
|move|p2a: Smeargle|Follow Me|p2a: Smeargle
|-singleturn|p2a: Smeargle|move: Follow Me
|move|p2b: Miraidon|Snarl|p1b: Landorus|[spread] 
|-activate|p1a: Calyrex|move: Protect
|-activate|p1b: Landorus|move: Protect
|
|-heal|p1b: Landorus|88/100|[from] item: Leftovers
|-ability|p2a: Smeargle|Moody|boost
|-boost|p2a: Smeargle|def|2
|-unboost|p2a: Smeargle|spe|1
|upkeep
|turn|7
|
|t:|1750748400
|switch|p2b: Calyrex|Calyrex-Ice, L50|37/100
|-ability|p2b: Calyrex|As One
|-ability|p2b: Calyrex|Unnerve
|switch|p1a: Ho-Oh|Ho-Oh, L50|100/100
|move|p1b: Landorus|Sludge Bomb|p2a: Smeargle
|-damage|p2a: Smeargle|0 fnt
|faint|p2a: Smeargle
|
|-heal|p1b: Landorus|94/100|[from] item: Leftovers
|upkeep
|
|t:|1750748415
|switch|p2a: Miraidon|Miraidon, L50, tera:Electric|59/100
|-fieldstart|move: Electric Terrain|[from] ability: Hadron Engine|[of] p2a: Miraidon
|turn|8
|
|t:|1750748436
|move|p1a: Ho-Oh|Protect|p1a: Ho-Oh
|-singleturn|p1a: Ho-Oh|Protect
|move|p2a: Miraidon|Draco Meteor|p1a: Ho-Oh
|-activate|p1a: Ho-Oh|move: Protect
|move|p1b: Landorus|Sandsear Storm|p2a: Miraidon|[spread] p2a
|-miss|p1b: Landorus|p2b: Calyrex
|-supereffective|p2a: Miraidon
|-damage|p2a: Miraidon|0 fnt
|faint|p2a: Miraidon
|move|p2b: Calyrex|Glacial Lance|p1a: Ho-Oh|[spread] p1b
|-activate|p1a: Ho-Oh|move: Protect
|-supereffective|p1b: Landorus
|-end|p1b: Landorus|Substitute
|
|-heal|p1b: Landorus|100/100|[from] item: Leftovers
|upkeep
|
|t:|1750748453
|switch|p2a: Okidogi|Okidogi, L50, M|100/100
|turn|9
|
|t:|1750748462
|move|p1b: Landorus|Substitute|p1b: Landorus
|-start|p1b: Landorus|Substitute
|-damage|p1b: Landorus|76/100
|move|p2a: Okidogi|Gunk Shot|p1a: Ho-Oh
|-damage|p1a: Ho-Oh|54/100
|move|p1a: Ho-Oh|Sacred Fire|p2b: Calyrex
|-supereffective|p2b: Calyrex
|-damage|p2b: Calyrex|0 fnt
|faint|p2b: Calyrex
|
|-heal|p1b: Landorus|82/100|[from] item: Leftovers
|upkeep
|turn|10
|-message|BERNARDOWERNECK forfeited.
|
|win|hdlshshxvqjw
|raw|hdlshshxvqjw's rating: 1400 &rarr; <strong>1417</strong><br />(+17 for winning)
|raw|BERNARDOWERNECK's rating: 1349 &rarr; <strong>1332</strong><br />(-17 for losing)
|l|☆BERNARDOWERNECK
|player|p2|
|l|☆hdlshshxvqjw
|player|p1|
