|j|☆cardojtv
|j|☆funnylion
|t:|1750878345
|gametype|doubles
|player|p1|cardojtv|169|1211
|player|p2|funnylion|170|1340
|teamsize|p1|6
|teamsize|p2|6
|gen|9
|tier|[Gen 9] VGC 2025 Reg I
|rated|
|rule|Species Clause: Limit one of each Pokémon
|rule|Item Clause: Limit 1 of each item
|clearpoke
|poke|p1|Rillaboom, L50, M|
|poke|p1|Incineroar, L50, M|
|poke|p1|Terapagos, L50, M|
|poke|p1|Volcarona, L50, M|
|poke|p1|Flutter Mane, L50|
|poke|p1|Koraidon, L50|
|poke|p2|Koraidon, L50|
|poke|p2|Flutter Mane, L50|
|poke|p2|Calyrex-Shadow, L50|
|poke|p2|Incineroar, L50, M|
|poke|p2|Scream Tail, L50|
|poke|p2|Ogerpon-Wellspring, L50, F|
|teampreview|4
|inactive|Battle timer is ON: inactive players will automatically lose when time's up. (requested by funnylion)
funnylion has agreed to open team sheets.
|
|t:|1750878372
|start
|switch|p1a: Incineroar|Incineroar, L50, M|100/100
|switch|p1b: Terapagos|Terapagos, L50, M|100/100
|switch|p2a: Incineroar|Incineroar, L50, M|100/100
|switch|p2b: Calyrex|Calyrex-Shadow, L50|100/100
|-activate|p1b: Terapagos|ability: Tera Shift
|detailschange|p1b: Terapagos|Terapagos-Terastal, L50, M
|-heal|p1b: Terapagos|100/100|[silent]
|-ability|p2b: Calyrex|As One
|-ability|p2b: Calyrex|Unnerve
|-ability|p1a: Incineroar|Intimidate|boost
|-unboost|p2a: Incineroar|atk|1
|-unboost|p2b: Calyrex|atk|1
|-ability|p2a: Incineroar|Intimidate|boost
|-unboost|p1a: Incineroar|atk|1
|-unboost|p1b: Terapagos|atk|1
|turn|1
|inactive|cardojtv has 30 seconds left.
|inactive|cardojtv has 20 seconds left.
|inactive|cardojtv has 15 seconds left.
|inactive|cardojtv has 10 seconds left.
|
|t:|1750878418
|switch|p2b: Koraidon|Koraidon, L50|100/100
|-weather|SunnyDay|[from] ability: Orichalcum Pulse|[of] p2b: Koraidon
|-activate|p2b: Koraidon|Orichalcum Pulse|[source]
|move|p2a: Incineroar|Fake Out|p1b: Terapagos
|-activate|p1b: Terapagos|ability: Tera Shell
|-resisted|p1b: Terapagos
|-damage|p1b: Terapagos|97/100
|cant|p1b: Terapagos|flinch
|move|p1a: Incineroar|Knock Off|p2b: Koraidon
|-resisted|p2b: Koraidon
|-damage|p2b: Koraidon|90/100
|-enditem|p2b: Koraidon|Life Orb|[from] move: Knock Off|[of] p1a: Incineroar
|
|-weather|SunnyDay|[upkeep]
|-heal|p1b: Terapagos|100/100|[from] item: Leftovers
|upkeep
|turn|2
|
|t:|1750878439
|switch|p1a: Flutter Mane|Flutter Mane, L50|100/100
|-activate|p1a: Flutter Mane|ability: Protosynthesis
|-start|p1a: Flutter Mane|protosynthesisspe
|move|p2b: Koraidon|Close Combat|p1a: Flutter Mane
|-immune|p1a: Flutter Mane
|move|p1b: Terapagos|Calm Mind|p1b: Terapagos
|-boost|p1b: Terapagos|spa|1
|-boost|p1b: Terapagos|spd|1
|move|p2a: Incineroar|Knock Off|p1b: Terapagos
|-activate|p1b: Terapagos|ability: Tera Shell
|-resisted|p1b: Terapagos
|-damage|p1b: Terapagos|90/100
|-enditem|p1b: Terapagos|Leftovers|[from] move: Knock Off|[of] p2a: Incineroar
|
|-weather|SunnyDay|[upkeep]
|upkeep
|turn|3
|
|t:|1750878457
|-end|p1a: Flutter Mane|Protosynthesis|[silent]
|switch|p1a: Incineroar|Incineroar, L50, M|100/100
|-ability|p1a: Incineroar|Intimidate|boost
|-unboost|p2a: Incineroar|atk|1
|-unboost|p2b: Koraidon|atk|1
|-terastallize|p2b: Koraidon|Fire
|move|p2b: Koraidon|Close Combat|p1b: Terapagos
|-supereffective|p1b: Terapagos
|-damage|p1b: Terapagos|14/100
|-unboost|p2b: Koraidon|def|1
|-unboost|p2b: Koraidon|spd|1
|move|p1b: Terapagos|Calm Mind|p1b: Terapagos
|-boost|p1b: Terapagos|spa|1
|-boost|p1b: Terapagos|spd|1
|move|p2a: Incineroar|Flare Blitz|p1a: Incineroar
|-resisted|p1a: Incineroar
|-damage|p1a: Incineroar|82/100
|-damage|p2a: Incineroar|95/100|[from] Recoil
|
|-weather|SunnyDay|[upkeep]
|upkeep
|turn|4
|
|t:|1750878475
|-terastallize|p1b: Terapagos|Stellar
|detailschange|p1b: Terapagos|Terapagos-Stellar, L50, M, tera:Stellar
|-heal|p1b: Terapagos|36/100|[silent]
|-ability|p1b: Terapagos|Teraform Zero
|-weather|none
|move|p2b: Koraidon|Protect|p2b: Koraidon
|-singleturn|p2b: Koraidon|Protect
|move|p1a: Incineroar|Fake Out|p2b: Koraidon
|-activate|p2b: Koraidon|move: Protect
|move|p1b: Terapagos|Tera Starstorm|p2a: Incineroar|[spread] p2a
|-activate|p2b: Koraidon|move: Protect
|-damage|p2a: Incineroar|56/100
|move|p2a: Incineroar|U-turn|p1b: Terapagos
|-damage|p1b: Terapagos|29/100
|
|t:|1750878484
|switch|p2a: Ogerpon|Ogerpon-Wellspring, L50, F|100/100|[from] U-turn
|
|upkeep
|turn|5
|
|t:|1750878502
|move|p1b: Terapagos|Protect|p1b: Terapagos
|-singleturn|p1b: Terapagos|Protect
|move|p2b: Koraidon|Close Combat|p1b: Terapagos
|-activate|p1b: Terapagos|move: Protect
|move|p2a: Ogerpon|Ivy Cudgel|p1a: Incineroar|[anim] Ivy Cudgel Water
|-supereffective|p1a: Incineroar
|-damage|p1a: Incineroar|0 fnt
|faint|p1a: Incineroar
|
|upkeep
|
|t:|1750878512
|switch|p1a: Flutter Mane|Flutter Mane, L50|100/100
|turn|6
|
|t:|1750878518
|move|p2a: Ogerpon|Follow Me|p2a: Ogerpon
|-singleturn|p2a: Ogerpon|move: Follow Me
|move|p2b: Koraidon|Close Combat|p1b: Terapagos
|-supereffective|p1b: Terapagos
|-damage|p1b: Terapagos|0 fnt
|-unboost|p2b: Koraidon|def|1
|-unboost|p2b: Koraidon|spd|1
|faint|p1b: Terapagos
|detailschange|p1: Terapagos|Terapagos, L50, M|[silent]
|move|p1a: Flutter Mane|Icy Wind|p2a: Ogerpon|[spread] p2a
|-miss|p1a: Flutter Mane|p2b: Koraidon
|-damage|p2a: Ogerpon|82/100
|-unboost|p2a: Ogerpon|spe|1
|
|upkeep
|
|t:|1750878528
|switch|p1b: Rillaboom|Rillaboom, L50, M|100/100
|-fieldstart|move: Grassy Terrain|[from] ability: Grassy Surge|[of] p1b: Rillaboom
|turn|7
|
|t:|1750878535
|switch|p2b: Incineroar|Incineroar, L50, M|56/100
|-ability|p2b: Incineroar|Intimidate|boost
|-unboost|p1a: Flutter Mane|atk|1
|-unboost|p1b: Rillaboom|atk|1
|move|p2a: Ogerpon|Spiky Shield|p2a: Ogerpon
|-singleturn|p2a: Ogerpon|move: Protect
|move|p1b: Rillaboom|Fake Out|p2b: Incineroar
|-damage|p2b: Incineroar|47/100
|move|p1a: Flutter Mane|Moonblast|p2a: Ogerpon
|-activate|p2a: Ogerpon|move: Protect
|
|-heal|p2a: Ogerpon|88/100|[from] Grassy Terrain
|-heal|p2b: Incineroar|52/100|[from] Grassy Terrain
|upkeep
|turn|8
|inactive|cardojtv has 30 seconds left.
|inactive|funnylion has 30 seconds left.
|
|t:|1750878566
|move|p2b: Incineroar|Fake Out|p1b: Rillaboom
|-damage|p1b: Rillaboom|88/100
|move|p1a: Flutter Mane|Moonblast|p2a: Ogerpon
|-damage|p2a: Ogerpon|22/100
|move|p2a: Ogerpon|Horn Leech|p1a: Flutter Mane
|-crit|p1a: Flutter Mane
|-enditem|p1a: Flutter Mane|Focus Sash
|-damage|p1a: Flutter Mane|1/100
|-heal|p2a: Ogerpon|64/100|[from] drain|[of] p1a: Flutter Mane
|cant|p1b: Rillaboom|flinch
|
|-heal|p1a: Flutter Mane|7/100|[from] Grassy Terrain
|-heal|p2a: Ogerpon|70/100|[from] Grassy Terrain
|-heal|p1b: Rillaboom|94/100|[from] Grassy Terrain
|-heal|p2b: Incineroar|58/100|[from] Grassy Terrain
|upkeep
|turn|9
|-message|cardojtv forfeited.
|
|win|funnylion
|raw|cardojtv's rating: 1211 &rarr; <strong>1195</strong><br />(-16 for losing)
|raw|funnylion's rating: 1340 &rarr; <strong>1353</strong><br />(+13 for winning)
|l|☆cardojtv
|player|p1|
