|j|☆SlippyWippy
|j|☆i'm a 304
|t:|1750730129
|gametype|doubles
|player|p1|SlippyWippy|hilda|1208
|player|p2|i'm a 304|flannery|1201
|teamsize|p1|6
|teamsize|p2|6
|gen|9
|tier|[Gen 9] VGC 2025 Reg I
|rated|
|rule|Species Clause: Limit one of each Pokémon
|rule|Item Clause: Limit 1 of each item
|clearpoke
|poke|p1|Kyogre, L50|
|poke|p1|Tornadus, L50, M|
|poke|p1|Incineroar, L50, F|
|poke|p1|Zacian-*, L50|
|poke|p1|Rillaboom, L50, F|
|poke|p1|Urshifu-*, L50, M|
|poke|p2|Volcarona, L50, M|
|poke|p2|Lunala, L50|
|poke|p2|Flutter Mane, L50|
|poke|p2|Koraidon, L50|
|poke|p2|Rillaboom, L50, F|
|poke|p2|Urshifu-*, L50, M|
|teampreview|4
|inactive|Battle timer is ON: inactive players will automatically lose when time's up. (requested by SlippyWippy)
i'm a 304 has agreed to open team sheets.
|inactive|i'm a 304 has 60 seconds left.
SlippyWippy rejected open team sheets.
|
|t:|1750730187
|start
|switch|p1a: Tornadus|Tornadus, L50, M|100/100
|switch|p1b: Zacian|Zacian-Crowned, L50|100/100
|switch|p2a: Volcarona|Volcarona, L50, M|100/100
|switch|p2b: Rillaboom|Rillaboom, L50, F|100/100
|-ability|p1b: Zacian|Intrepid Sword|boost
|-boost|p1b: Zacian|atk|1
|-fieldstart|move: Grassy Terrain|[from] ability: Grassy Surge|[of] p2b: Rillaboom
|-enditem|p2a: Volcarona|Grassy Seed
|-boost|p2a: Volcarona|def|1|[from] item: Grassy Seed
|turn|1
|inactive|SlippyWippy has 30 seconds left.
|
|t:|1750730212
|switch|p1b: Kyogre|Kyogre, L50, shiny|100/100
|-weather|RainDance|[from] ability: Drizzle|[of] p1b: Kyogre
|-terastallize|p1a: Tornadus|Ghost
|move|p2b: Rillaboom|Fake Out|p1b: Kyogre
|-damage|p1b: Kyogre|87/100
|move|p1a: Tornadus|Bleakwind Storm|p2b: Rillaboom|[spread] p2a,p2b
|-supereffective|p2a: Volcarona
|-supereffective|p2b: Rillaboom
|-damage|p2a: Volcarona|30/100
|-damage|p2b: Rillaboom|37/100
|move|p2a: Volcarona|Quiver Dance|p2a: Volcarona
|-boost|p2a: Volcarona|spa|1
|-boost|p2a: Volcarona|spd|1
|-boost|p2a: Volcarona|spe|1
|
|-weather|RainDance|[upkeep]
|-heal|p2a: Volcarona|36/100|[from] Grassy Terrain
|-heal|p2b: Rillaboom|44/100|[from] Grassy Terrain
|-heal|p1b: Kyogre|93/100|[from] Grassy Terrain
|upkeep
|turn|2
|inactive|SlippyWippy has 30 seconds left.
|inactive|SlippyWippy has 20 seconds left.
|
|t:|1750730250
|switch|p2b: Lunala|Lunala, L50|100/100
|move|p2a: Volcarona|Protect|p2a: Volcarona
|-singleturn|p2a: Volcarona|Protect
|move|p1b: Kyogre|Protect|p1b: Kyogre
|-singleturn|p1b: Kyogre|Protect
|move|p1a: Tornadus|Bleakwind Storm|p2b: Lunala|[spread] p2b
|-activate|p2a: Volcarona|move: Protect
|-damage|p2b: Lunala|87/100
|
|-weather|RainDance|[upkeep]
|-heal|p2a: Volcarona|42/100|[from] Grassy Terrain
|-heal|p2b: Lunala|94/100|[from] Grassy Terrain
|-heal|p2b: Lunala|99/100|[from] item: Leftovers
|-heal|p1b: Kyogre|99/100|[from] Grassy Terrain
|upkeep
|turn|3
|
|t:|1750730262
|move|p2b: Lunala|Wide Guard|p2b: Lunala
|-singleturn|p2b: Lunala|Wide Guard
|move|p1a: Tornadus|Taunt|p2b: Lunala
|-start|p2b: Lunala|move: Taunt
|move|p2a: Volcarona|Giga Drain|p1b: Kyogre
|-supereffective|p1b: Kyogre
|-damage|p1b: Kyogre|29/100
|-heal|p2a: Volcarona|79/100|[from] drain|[of] p1b: Kyogre
|move|p1b: Kyogre|Origin Pulse|p2b: Lunala|[spread] 
|-activate|p2a: Volcarona|move: Wide Guard
|-activate|p2b: Lunala|move: Wide Guard
|
|-weather|RainDance|[upkeep]
|-heal|p2a: Volcarona|85/100|[from] Grassy Terrain
|-heal|p2b: Lunala|100/100|[from] Grassy Terrain
|-heal|p1b: Kyogre|35/100|[from] Grassy Terrain
|upkeep
|turn|4
|
|t:|1750730282
|move|p1b: Kyogre|Protect|p1b: Kyogre
|-singleturn|p1b: Kyogre|Protect
|move|p1a: Tornadus|Tailwind|p1a: Tornadus
|-sidestart|p1: SlippyWippy|move: Tailwind
|move|p2a: Volcarona|Giga Drain|p1b: Kyogre
|-activate|p1b: Kyogre|move: Protect
|move|p2b: Lunala|Moongeist Beam|p1a: Tornadus
|-supereffective|p1a: Tornadus
|-enditem|p1a: Tornadus|Focus Sash
|-damage|p1a: Tornadus|1/100
|
|-weather|RainDance|[upkeep]
|-heal|p1a: Tornadus|7/100|[from] Grassy Terrain
|-heal|p1b: Kyogre|41/100|[from] Grassy Terrain
|-heal|p2a: Volcarona|91/100|[from] Grassy Terrain
|upkeep
|turn|5
|
|t:|1750730310
|switch|p1a: Urshifu|Urshifu-Rapid-Strike, L50, M|100/100
|move|p1b: Kyogre|Origin Pulse|p2a: Volcarona|[spread] p2a,p2b
|-supereffective|p2a: Volcarona
|-damage|p2a: Volcarona|0 fnt
|-damage|p2b: Lunala|70/100
|faint|p2a: Volcarona
|move|p2b: Lunala|Moongeist Beam|p1a: Urshifu
|-damage|p1a: Urshifu|23/100
|
|-weather|none
|-heal|p1a: Urshifu|29/100|[from] Grassy Terrain
|-heal|p1b: Kyogre|47/100|[from] Grassy Terrain
|-heal|p2b: Lunala|76/100|[from] Grassy Terrain
|-heal|p2b: Lunala|82/100|[from] item: Leftovers
|-fieldend|move: Grassy Terrain
|upkeep
|
|t:|1750730325
|switch|p2a: Rillaboom|Rillaboom, L50, F|44/100
|-fieldstart|move: Grassy Terrain|[from] ability: Grassy Surge|[of] p2a: Rillaboom
|turn|6
|
|t:|1750730349
|move|p2a: Rillaboom|Fake Out|p1b: Kyogre
|-damage|p1b: Kyogre|35/100
|move|p1a: Urshifu|Close Combat|p2a: Rillaboom
|-damage|p2a: Rillaboom|0 fnt
|-unboost|p1a: Urshifu|def|1
|-unboost|p1a: Urshifu|spd|1
|faint|p2a: Rillaboom
|cant|p1b: Kyogre|flinch
|move|p2b: Lunala|Moonblast|p1a: Urshifu
|-supereffective|p1a: Urshifu
|-damage|p1a: Urshifu|0 fnt
|faint|p1a: Urshifu
|
|-heal|p1b: Kyogre|41/100|[from] Grassy Terrain
|-heal|p2b: Lunala|88/100|[from] Grassy Terrain
|-heal|p2b: Lunala|94/100|[from] item: Leftovers
|-end|p2b: Lunala|move: Taunt
|upkeep
|
|t:|1750730365
|switch|p1a: Tornadus|Tornadus, L50, M, tera:Ghost|7/100
|switch|p2a: Koraidon|Koraidon, L50|100/100
|-weather|SunnyDay|[from] ability: Orichalcum Pulse|[of] p2a: Koraidon
|-activate|p2a: Koraidon|Orichalcum Pulse|[source]
|turn|7
|
|t:|1750730387
|move|p1b: Kyogre|Protect|p1b: Kyogre
|-singleturn|p1b: Kyogre|Protect
|move|p1a: Tornadus|Rain Dance|p1a: Tornadus
|-weather|RainDance
|move|p2a: Koraidon|Flame Charge|p1a: Tornadus
|-damage|p1a: Tornadus|0 fnt
|-boost|p2a: Koraidon|spe|1
|faint|p1a: Tornadus
|-damage|p2a: Koraidon|91/100|[from] item: Life Orb
|move|p2b: Lunala|Tailwind|p2b: Lunala
|-sidestart|p2: i'm a 304|move: Tailwind
|
|-weather|RainDance|[upkeep]
|-heal|p2a: Koraidon|96/100|[from] Grassy Terrain
|-heal|p2b: Lunala|100/100|[from] Grassy Terrain
|-heal|p1b: Kyogre|47/100|[from] Grassy Terrain
|-sideend|p1: SlippyWippy|move: Tailwind
|upkeep
|
|t:|1750730394
|switch|p1a: Zacian|Zacian-Crowned, L50|100/100
|turn|8
|
|t:|1750730418
|-terastallize|p2a: Koraidon|Fire
|move|p2b: Lunala|Wide Guard|p2b: Lunala
|-singleturn|p2b: Lunala|Wide Guard
|move|p2a: Koraidon|Close Combat|p1b: Kyogre
|-damage|p1b: Kyogre|0 fnt
|-unboost|p2a: Koraidon|def|1
|-unboost|p2a: Koraidon|spd|1
|faint|p1b: Kyogre
|-damage|p2a: Koraidon|87/100|[from] item: Life Orb
|move|p1a: Zacian|Play Rough|p2a: Koraidon
|-resisted|p2a: Koraidon
|-damage|p2a: Koraidon|52/100
|
|-weather|RainDance|[upkeep]
|-heal|p2a: Koraidon|58/100|[from] Grassy Terrain
|upkeep
|turn|9
|
|t:|1750730441
|move|p2a: Koraidon|Close Combat|p1a: Zacian
|-damage|p1a: Zacian|35/100
|-unboost|p2a: Koraidon|def|1
|-unboost|p2a: Koraidon|spd|1
|-damage|p2a: Koraidon|48/100|[from] item: Life Orb
|move|p2b: Lunala|Moongeist Beam|p1a: Zacian
|-crit|p1a: Zacian
|-damage|p1a: Zacian|0 fnt
|faint|p1a: Zacian
|
|win|i'm a 304
|raw|SlippyWippy's rating: 1208 &rarr; <strong>1182</strong><br />(-26 for losing)
|raw|i&apos;m a 304's rating: 1201 &rarr; <strong>1227</strong><br />(+26 for winning)
|l|☆i'm a 304
|player|p2|
