|j|☆reznob
|j|☆ForgotPasswordz
|t:|1750832417
|gametype|doubles
|player|p1|reznob|102|1290
|player|p2|ForgotPasswordz|psychic-gen4|1344
|teamsize|p1|6
|teamsize|p2|6
|gen|9
|tier|[Gen 9] VGC 2025 Reg I
|rated|
|rule|Species Clause: Limit one of each Pokémon
|rule|Item Clause: Limit 1 of each item
|clearpoke
|poke|p1|Zamazenta-*, L50|
|poke|p1|Calyrex-Shadow, L50|
|poke|p1|Incineroar, L50, F|
|poke|p1|Indeedee-F, L50, F|
|poke|p1|Flutter Mane, L50|
|poke|p1|Ursaluna, L50, M|
|poke|p2|Ho-Oh, L50|
|poke|p2|Eternatus, L50|
|poke|p2|Quagsire, L50, F|
|poke|p2|Grimmsnarl, L50, M|
|poke|p2|Ting-Lu, L50|
|poke|p2|Rhydon, L50, M|
|teampreview|4
|
|t:|1750832443
|start
|switch|p1a: Calyrex|Calyrex-Shadow, L50|100/100
|switch|p1b: Indeedee|Indeedee-F, L50, F|100/100
|switch|p2a: Ho-Oh|Ho-Oh, L50|100/100
|switch|p2b: Grimmsnarl|Grimmsnarl, L50, M|100/100
|-ability|p1a: Calyrex|As One
|-ability|p1a: Calyrex|Unnerve
|-fieldstart|move: Psychic Terrain|[from] ability: Psychic Surge|[of] p1b: Indeedee
|-enditem|p1b: Indeedee|Psychic Seed
|-boost|p1b: Indeedee|spd|1|[from] item: Psychic Seed
|turn|1
|
|t:|1750832460
|move|p2b: Grimmsnarl|Light Screen|p2b: Grimmsnarl
|-sidestart|p2: ForgotPasswordz|move: Light Screen
|move|p1a: Calyrex|Astral Barrage|p2a: Ho-Oh|[spread] p2a,p2b
|-resisted|p2b: Grimmsnarl
|-damage|p2a: Ho-Oh|80/100
|-damage|p2b: Grimmsnarl|79/100
|move|p1b: Indeedee|Psychic|p2a: Ho-Oh
|-damage|p2a: Ho-Oh|64/100
|move|p2a: Ho-Oh|Whirlwind|p1a: Calyrex
|drag|p1a: Ursaluna|Ursaluna, L50, M|100/100
|
|-status|p1a: Ursaluna|brn|[from] item: Flame Orb
|upkeep
|turn|2
|
|t:|1750832487
|move|p2a: Ho-Oh|Protect|p2a: Ho-Oh
|-singleturn|p2a: Ho-Oh|Protect
|move|p2b: Grimmsnarl|Reflect|p2b: Grimmsnarl
|-sidestart|p2: ForgotPasswordz|Reflect
|move|p1a: Ursaluna|Facade|p2b: Grimmsnarl
|-damage|p2b: Grimmsnarl|13/100
|move|p1b: Indeedee|Trick Room|p1b: Indeedee
|-fieldstart|move: Trick Room|[of] p1b: Indeedee
|
|-damage|p1a: Ursaluna|95/100 brn|[from] brn
|upkeep
|turn|3
|
|t:|1750832516
|move|p2b: Grimmsnarl|Thunder Wave|p1b: Indeedee
|-activate|p1b: Indeedee|move: Psychic Terrain
|move|p1a: Ursaluna|Facade|p2a: Ho-Oh
|-damage|p2a: Ho-Oh|8/100
|-damage|p1a: Ursaluna|78/100 brn|[from] item: Rocky Helmet|[of] p2a: Ho-Oh
|move|p1b: Indeedee|Psychic|p2a: Ho-Oh
|-damage|p2a: Ho-Oh|0 fnt
|faint|p2a: Ho-Oh
|
|-damage|p1a: Ursaluna|72/100 brn|[from] brn
|upkeep
|
|t:|1750832526
|switch|p2a: Quagsire|Quagsire, L50, F|100/100
|turn|4
|
|t:|1750832542
|move|p1b: Indeedee|Follow Me|p1b: Indeedee
|-singleturn|p1b: Indeedee|move: Follow Me
|move|p2a: Quagsire|Toxic|p1b: Indeedee
|-status|p1b: Indeedee|tox
|move|p1a: Ursaluna|Facade|p2a: Quagsire
|-damage|p2a: Quagsire|46/100
|move|p2b: Grimmsnarl|Foul Play|p1b: Indeedee
|-supereffective|p1b: Indeedee
|-damage|p1b: Indeedee|67/100 tox
|
|-heal|p2a: Quagsire|51/100|[from] item: Leftovers
|-damage|p1b: Indeedee|60/100 tox|[from] psn
|-damage|p1a: Ursaluna|66/100 brn|[from] brn
|upkeep
|turn|5
|
|t:|1750832555
|move|p1b: Indeedee|Follow Me|p1b: Indeedee
|-singleturn|p1b: Indeedee|move: Follow Me
|move|p2a: Quagsire|Recover|p2a: Quagsire
|-heal|p2a: Quagsire|100/100
|move|p1a: Ursaluna|Facade|p2a: Quagsire
|-damage|p2a: Quagsire|39/100
|move|p2b: Grimmsnarl|Foul Play|p1b: Indeedee
|-supereffective|p1b: Indeedee
|-damage|p1b: Indeedee|26/100 tox
|
|-heal|p2a: Quagsire|45/100|[from] item: Leftovers
|-damage|p1b: Indeedee|14/100 tox|[from] psn
|-damage|p1a: Ursaluna|60/100 brn|[from] brn
|-fieldend|move: Psychic Terrain
|upkeep
|turn|6
|
|t:|1750832568
|move|p1b: Indeedee|Follow Me|p1b: Indeedee
|-singleturn|p1b: Indeedee|move: Follow Me
|move|p2a: Quagsire|Recover|p2a: Quagsire
|-heal|p2a: Quagsire|95/100
|move|p1a: Ursaluna|Earthquake|p2a: Quagsire|[spread] p1b,p2a,p2b
|-damage|p1b: Indeedee|0 fnt
|-damage|p2a: Quagsire|65/100
|-damage|p2b: Grimmsnarl|0 fnt
|faint|p1b: Indeedee
|faint|p2b: Grimmsnarl
|
|-heal|p2a: Quagsire|71/100|[from] item: Leftovers
|-damage|p1a: Ursaluna|55/100 brn|[from] brn
|-fieldend|move: Trick Room
|upkeep
|
|t:|1750832577
|switch|p1b: Calyrex|Calyrex-Shadow, L50|100/100
|switch|p2b: Eternatus|Eternatus, L50|100/100
|-ability|p1b: Calyrex|As One
|-ability|p1b: Calyrex|Unnerve
|-ability|p2b: Eternatus|Pressure
|turn|7
|
|t:|1750832594
|-terastallize|p2b: Eternatus|Fairy
|move|p1b: Calyrex|Astral Barrage|p2b: Eternatus|[spread] p2a,p2b
|-damage|p2a: Quagsire|24/100
|-damage|p2b: Eternatus|80/100
|move|p2b: Eternatus|Cosmic Power|p2b: Eternatus
|-boost|p2b: Eternatus|def|1
|-boost|p2b: Eternatus|spd|1
|move|p1a: Ursaluna|Headlong Rush|p2b: Eternatus
|-damage|p2b: Eternatus|49/100
|-unboost|p1a: Ursaluna|def|1
|-unboost|p1a: Ursaluna|spd|1
|move|p2a: Quagsire|Toxic|p1b: Calyrex|[miss]
|-miss|p2a: Quagsire|p1b: Calyrex
|
|-heal|p2a: Quagsire|30/100|[from] item: Leftovers
|-damage|p1a: Ursaluna|49/100 brn|[from] brn
|upkeep
|turn|8
|
|t:|1750832616
|move|p2a: Quagsire|Protect|p2a: Quagsire
|-singleturn|p2a: Quagsire|Protect
|move|p1b: Calyrex|Astral Barrage|p2a: Quagsire|[spread] p2b
|-activate|p2a: Quagsire|move: Protect
|-damage|p2b: Eternatus|36/100
|move|p2b: Eternatus|Fire Spin|p1b: Calyrex
|-damage|p1b: Calyrex|89/100
|-activate|p1b: Calyrex|move: Fire Spin|[of] p2b: Eternatus
|move|p1a: Ursaluna|Facade|p2b: Eternatus
|-damage|p2b: Eternatus|0 fnt
|faint|p2b: Eternatus
|
|-heal|p2a: Quagsire|36/100|[from] item: Leftovers
|-damage|p1a: Ursaluna|43/100 brn|[from] brn
|-end|p1b: Calyrex|Fire Spin|[partiallytrapped]|[silent]
|-sideend|p2: ForgotPasswordz|move: Light Screen
|upkeep
|turn|9
|-message|ForgotPasswordz forfeited.
|
|win|reznob
|raw|reznob's rating: 1290 &rarr; <strong>1319</strong><br />(+29 for winning)
|raw|ForgotPasswordz's rating: 1344 &rarr; <strong>1321</strong><br />(-23 for losing)
|l|☆ForgotPasswordz
|player|p2|
|l|☆reznob
|player|p1|
