|j|☆higigig
|j|☆dumbatus
|t:|1750742068
|gametype|doubles
|player|p1|higigig|sisandbro|1167
|player|p2|dumbatus|2|1201
|teamsize|p1|6
|teamsize|p2|6
|gen|9
|tier|[Gen 9] VGC 2025 Reg I
|rated|
|rule|Species Clause: Limit one of each Pokémon
|rule|Item Clause: Limit 1 of each item
|clearpoke
|poke|p1|Lunala, L50|
|poke|p1|Kyogre, L50|
|poke|p1|Rillaboom, L50, M|
|poke|p1|Urshifu-*, L50, M|
|poke|p1|Incineroar, L50, M|
|poke|p1|Comfey, L50, F|
|poke|p2|Calyrex-Ice, L50|
|poke|p2|Miraidon, L50|
|poke|p2|Farigiraf, L50, M|
|poke|p2|Grimmsnarl, L50, M|
|poke|p2|Iron Hands, L50|
|poke|p2|Chi-Yu, L50|
|teampreview|4
|inactive|Battle timer is ON: inactive players will automatically lose when time's up. (requested by higigig)
|l|☆dumbatus
|inactive|dumbatus disconnected and has a minute to reconnect!
|player|p2|
|j|☆dumbatus
|inactive|dumbatus reconnected and has 65 seconds left.
|player|p2|dumbatus|2|
|inactive|dumbatus has 60 seconds left.
|
|t:|1750742118
|start
|switch|p1a: Incineroar|Incineroar, L50, M|100/100
|switch|p1b: Rillaboom|Rillaboom, L50, M|100/100
|switch|p2a: Sports car|Miraidon, L50|100/100
|switch|p2b: Iron Hands|Iron Hands, L50|100/100
|-fieldstart|move: Electric Terrain|[from] ability: Hadron Engine|[of] p2a: Sports car
|-activate|p2b: Iron Hands|ability: Quark Drive
|-start|p2b: Iron Hands|quarkdriveatk
|-fieldstart|move: Grassy Terrain|[from] ability: Grassy Surge|[of] p1b: Rillaboom
|-end|p2b: Iron Hands|Quark Drive
|-ability|p1a: Incineroar|Intimidate|boost
|-unboost|p2a: Sports car|atk|1
|-unboost|p2b: Iron Hands|atk|1
|turn|1
|inactive|higigig has 30 seconds left.
|
|t:|1750742149
|-end|p2b: Iron Hands|Quark Drive|[silent]
|switch|p2b: Farigiraf|Farigiraf, L50, M|100/100
|move|p1a: Incineroar|Fake Out||[still]
|cant|p2b: Farigiraf|ability: Armor Tail|Fake Out|[of] p1a: Incineroar
|move|p2a: Sports car|Volt Switch|p1a: Incineroar
|-damage|p1a: Incineroar|60/100
|
|t:|1750742159
|switch|p2a: Iron Hands|Iron Hands, L50|100/100|[from] Volt Switch
|move|p1b: Rillaboom|U-turn|p2a: Iron Hands
|-resisted|p2a: Iron Hands
|-damage|p2a: Iron Hands|91/100
|
|t:|1750742166
|switch|p1b: Lunala|Lunala, L50|100/100|[from] U-turn
|
|-heal|p1a: Incineroar|66/100|[from] Grassy Terrain
|-heal|p2a: Iron Hands|97/100|[from] Grassy Terrain
|upkeep
|turn|2
|inactive|dumbatus has 30 seconds left.
|inactive|dumbatus has 20 seconds left.
|
|t:|1750742204
|switch|p2b: Sports car|Miraidon, L50|100/100
|-fieldstart|move: Electric Terrain|[from] ability: Hadron Engine|[of] p2b: Sports car
|-activate|p2a: Iron Hands|ability: Quark Drive
|-start|p2a: Iron Hands|quarkdriveatk
|move|p2a: Iron Hands|Fake Out|p1a: Incineroar
|-damage|p1a: Incineroar|46/100
|-enditem|p1a: Incineroar|Sitrus Berry|[eat]
|-heal|p1a: Incineroar|71/100|[from] item: Sitrus Berry
|cant|p1a: Incineroar|flinch
|move|p1b: Lunala|Trick Room|p1b: Lunala
|-fieldstart|move: Trick Room|[of] p1b: Lunala
|
|upkeep
|turn|3
|inactive|higigig has 30 seconds left.
|inactive|dumbatus has 30 seconds left.
|inactive|higigig has 20 seconds left.
|inactive|higigig has 15 seconds left.
|inactive|higigig has 10 seconds left.
|
|t:|1750742253
|switch|p2b: Farigiraf|Farigiraf, L50, M|100/100
|-enditem|p2b: Farigiraf|Electric Seed
|-boost|p2b: Farigiraf|def|1|[from] item: Electric Seed
|move|p2a: Iron Hands|Low Kick|p1a: Incineroar
|-supereffective|p1a: Incineroar
|-damage|p1a: Incineroar|0 fnt
|faint|p1a: Incineroar
|move|p1b: Lunala|Meteor Beam||[still]
|-prepare|p1b: Lunala|Meteor Beam
|-boost|p1b: Lunala|spa|1
|-enditem|p1b: Lunala|Power Herb
|-anim|p1b: Lunala|Meteor Beam|p2b: Farigiraf|[miss]
|-miss|p1b: Lunala|p2b: Farigiraf
|
|upkeep
|
|t:|1750742265
|switch|p1a: Rillaboom|Rillaboom, L50, M|100/100
|-fieldstart|move: Grassy Terrain|[from] ability: Grassy Surge|[of] p1a: Rillaboom
|-end|p2a: Iron Hands|Quark Drive
|turn|4
|inactive|dumbatus has 30 seconds left.
|inactive|dumbatus has 20 seconds left.
|
|t:|1750742303
|move|p2a: Iron Hands|Wild Charge|p1b: Lunala
|-damage|p1b: Lunala|78/100
|-damage|p2a: Iron Hands|91/100|[from] Recoil
|move|p2b: Farigiraf|Foul Play|p1b: Lunala
|-supereffective|p1b: Lunala
|-damage|p1b: Lunala|19/100
|move|p1a: Rillaboom|U-turn|p2b: Farigiraf
|-supereffective|p2b: Farigiraf
|-crit|p2b: Farigiraf
|-damage|p2b: Farigiraf|31/100
|
|t:|1750742311
|switch|p1a: Comfey|Comfey, L50, F|100/100|[from] U-turn
|move|p1b: Lunala|Moongeist Beam|p2a: Iron Hands
|-damage|p2a: Iron Hands|55/100
|
|-heal|p2a: Iron Hands|61/100|[from] Grassy Terrain
|-heal|p2b: Farigiraf|37/100|[from] Grassy Terrain
|-heal|p1b: Lunala|25/100|[from] Grassy Terrain
|upkeep
|turn|5
|inactive|dumbatus has 30 seconds left.
|
|t:|1750742343
|-end|p2a: Iron Hands|Quark Drive|[silent]
|switch|p2a: Sports car|Miraidon, L50|100/100
|-fieldstart|move: Electric Terrain|[from] ability: Hadron Engine|[of] p2a: Sports car
|-terastallize|p1b: Lunala|Fairy
|move|p1a: Comfey|Floral Healing|p1b: Lunala
|-heal|p1b: Lunala|75/100
|move|p2b: Farigiraf|Foul Play|p1b: Lunala
|-resisted|p1b: Lunala
|-damage|p1b: Lunala|69/100
|move|p1b: Lunala|Moongeist Beam|p2a: Sports car
|-damage|p2a: Sports car|40/100
|
|upkeep
|turn|6
|inactive|dumbatus has 30 seconds left.
|
|t:|1750742374
|move|p2b: Farigiraf|Helping Hand|p2a: Sports car
|-singleturn|p2a: Sports car|Helping Hand|[of] p2b: Farigiraf
|move|p1a: Comfey|Floral Healing|p1b: Lunala
|-heal|p1b: Lunala|100/100
|move|p1b: Lunala|Moongeist Beam|p2a: Sports car
|-crit|p2a: Sports car
|-damage|p2a: Sports car|0 fnt
|faint|p2a: Sports car
|
|-fieldend|move: Trick Room
|upkeep
|
|t:|1750742390
|switch|p2a: Iron Hands|Iron Hands, L50|61/100
|-activate|p2a: Iron Hands|ability: Quark Drive
|-start|p2a: Iron Hands|quarkdriveatk
|turn|7
|-message|dumbatus forfeited.
|
|win|higigig
|raw|higigig's rating: 1167 &rarr; <strong>1194</strong><br />(+27 for winning)
|raw|dumbatus's rating: 1201 &rarr; <strong>1174</strong><br />(-27 for losing)
|l|☆dumbatus
|player|p2|
