|j|☆blu3cr33p3r
|j|☆Dylan The Dude
|t:|1750800524
|gametype|doubles
|player|p1|blu3cr33p3r|bruno|1269
|player|p2|Dylan The Dude|265|1178
|teamsize|p1|6
|teamsize|p2|6
|gen|9
|tier|[Gen 9] VGC 2025 Reg I
|rated|
|rule|Species Clause: Limit one of each Pokémon
|rule|Item Clause: Limit 1 of each item
|clearpoke
|poke|p1|Lunala, L50|
|poke|p1|Ursaluna, L50, F|
|poke|p1|Urshifu-*, L50, M|
|poke|p1|Miraidon, L50|
|poke|p1|Grimmsnarl, L50, M|
|poke|p1|Incineroar, L50, F|
|poke|p2|Tyranitar, L50, F|
|poke|p2|Miraidon, L50|
|poke|p2|Lunala, L50|
|poke|p2|Ursaluna-Bloodmoon, L50, M|
|poke|p2|Ogerpon-Cornerstone, L50, F|
|poke|p2|Garchomp, L50, F|
|teampreview|4
|inactive|Battle timer is ON: inactive players will automatically lose when time's up. (requested by Dylan The Dude)
|inactive|blu3cr33p3r has 60 seconds left.
|
|t:|1750800600
|start
|switch|p1a: Miraidon|Miraidon, L50|100/100
|switch|p1b: Grimmsnarl|Grimmsnarl, L50, M|100/100
|switch|p2a: Tyranitar|Tyranitar, L50, F|100/100
|switch|p2b: Miraidon|Miraidon, L50|100/100
|-fieldstart|move: Electric Terrain|[from] ability: Hadron Engine|[of] p1a: Miraidon
|-enditem|p2a: Tyranitar|Electric Seed
|-boost|p2a: Tyranitar|def|1|[from] item: Electric Seed
|-activate|p2b: Miraidon|ability: Hadron Engine
|-weather|Sandstorm|[from] ability: Sand Stream|[of] p2a: Tyranitar
|turn|1
|inactive|blu3cr33p3r has 30 seconds left.
|
|t:|1750800633
|-terastallize|p2b: Miraidon|Poison
|move|p1b: Grimmsnarl|Light Screen|p1b: Grimmsnarl
|-sidestart|p1: blu3cr33p3r|move: Light Screen
|move|p1a: Miraidon|Draco Meteor|p2b: Miraidon|[miss]
|-miss|p1a: Miraidon|p2b: Miraidon
|move|p2b: Miraidon|Volt Switch|p1b: Grimmsnarl
|-damage|p1b: Grimmsnarl|58/100
|
|t:|1750800642
|switch|p2b: Lunala|Lunala, L50|100/100|[from] Volt Switch
|move|p2a: Tyranitar|Rock Slide|p1a: Miraidon|[spread] p1a,p1b
|-damage|p1a: Miraidon|74/100
|-damage|p1b: Grimmsnarl|25/100
|
|-weather|Sandstorm|[upkeep]
|-damage|p1a: Miraidon|68/100|[from] Sandstorm
|-damage|p2b: Lunala|94/100|[from] Sandstorm
|-damage|p1b: Grimmsnarl|19/100|[from] Sandstorm
|-heal|p2b: Lunala|100/100|[from] item: Leftovers
|upkeep
|turn|2
|
|t:|1750800664
|move|p1b: Grimmsnarl|Reflect|p1b: Grimmsnarl
|-sidestart|p1: blu3cr33p3r|Reflect
|move|p1a: Miraidon|Snarl|p2a: Tyranitar|[spread] p2a,p2b
|-resisted|p2a: Tyranitar
|-supereffective|p2b: Lunala
|-damage|p2a: Tyranitar|94/100
|-damage|p2b: Lunala|70/100
|-unboost|p2a: Tyranitar|spa|1
|-unboost|p2b: Lunala|spa|1
|move|p2a: Tyranitar|Rock Slide|p1a: Miraidon|[spread] p1a,p1b
|-damage|p1a: Miraidon|49/100
|-damage|p1b: Grimmsnarl|0 fnt
|faint|p1b: Grimmsnarl
|move|p2b: Lunala|Trick Room|p2b: Lunala
|-fieldstart|move: Trick Room|[of] p2b: Lunala
|
|-weather|Sandstorm|[upkeep]
|-damage|p2b: Lunala|64/100|[from] Sandstorm
|-damage|p1a: Miraidon|43/100|[from] Sandstorm
|-heal|p2b: Lunala|70/100|[from] item: Leftovers
|upkeep
|inactive|blu3cr33p3r has 30 seconds left.
|inactive|blu3cr33p3r has 20 seconds left.
|
|t:|1750800701
|switch|p1b: Lunala|Lunala, L50|100/100
|-enditem|p1b: Lunala|Electric Seed
|-boost|p1b: Lunala|def|1|[from] item: Electric Seed
|turn|3
|inactive|blu3cr33p3r has 30 seconds left.
|inactive|blu3cr33p3r has 20 seconds left.
|
|t:|1750800738
|-terastallize|p1b: Lunala|Fairy
|move|p2a: Tyranitar|Knock Off|p1b: Lunala
|-resisted|p1b: Lunala
|-damage|p1b: Lunala|97/100
|move|p2b: Lunala|Moongeist Beam|p1b: Lunala
|-damage|p1b: Lunala|76/100
|move|p1b: Lunala|Moongeist Beam|p2b: Lunala
|-supereffective|p2b: Lunala
|-damage|p2b: Lunala|0 fnt
|faint|p2b: Lunala
|move|p1a: Miraidon|Electro Drift|p2a: Tyranitar
|-damage|p2a: Tyranitar|36/100
|
|-weather|Sandstorm|[upkeep]
|-damage|p1b: Lunala|70/100|[from] Sandstorm
|-damage|p1a: Miraidon|38/100|[from] Sandstorm
|upkeep
|
|t:|1750800755
|switch|p2b: Ursaluna|Ursaluna-Bloodmoon, L50, M|100/100
|turn|4
|inactive|blu3cr33p3r has 30 seconds left.
|
|t:|1750800789
|move|p2b: Ursaluna|Hyper Voice|p1b: Lunala|[spread] p1a,p1b
|-enditem|p2b: Ursaluna|Normal Gem|[from] gem
|-damage|p1a: Miraidon|20/100
|-damage|p1b: Lunala|46/100
|move|p2a: Tyranitar|Rock Slide|p1b: Lunala|[spread] p1a,p1b
|-damage|p1a: Miraidon|2/100
|-damage|p1b: Lunala|35/100
|move|p1b: Lunala|Moonblast|p2b: Ursaluna
|-damage|p2b: Ursaluna|38/100
|move|p1a: Miraidon|Draco Meteor|p2b: Ursaluna
|-damage|p2b: Ursaluna|0 fnt
|-unboost|p1a: Miraidon|spa|2
|faint|p2b: Ursaluna
|
|-weather|Sandstorm|[upkeep]
|-damage|p1b: Lunala|29/100|[from] Sandstorm
|-damage|p1a: Miraidon|0 fnt|[from] Sandstorm
|faint|p1a: Miraidon
|upkeep
|
|t:|1750800808
|switch|p2b: Miraidon|Miraidon, L50, tera:Poison|100/100
|switch|p1a: Ursaluna|Ursaluna, L50, F|100/100
|-activate|p2b: Miraidon|ability: Hadron Engine
|turn|5
|
|t:|1750800824
|move|p1b: Lunala|Wide Guard|p1b: Lunala
|-singleturn|p1b: Lunala|Wide Guard
|move|p1a: Ursaluna|Earthquake|p2a: Tyranitar|[spread] p2a,p2b
|-activate|p1b: Lunala|move: Wide Guard
|-supereffective|p2a: Tyranitar
|-supereffective|p2b: Miraidon
|-damage|p2a: Tyranitar|0 fnt
|-damage|p2b: Miraidon|31/100
|faint|p2a: Tyranitar
|move|p2b: Miraidon|Electro Drift|p1b: Lunala
|-damage|p1b: Lunala|0 fnt
|faint|p1b: Lunala
|
|-weather|none
|-fieldend|move: Electric Terrain
|-status|p1a: Ursaluna|brn|[from] item: Flame Orb
|upkeep
|turn|6
|inactive|blu3cr33p3r has 30 seconds left.
|
|t:|1750800852
|move|p1a: Ursaluna|Earthquake|p2b: Miraidon
|-supereffective|p2b: Miraidon
|-damage|p2b: Miraidon|0 fnt
|faint|p2b: Miraidon
|
|win|blu3cr33p3r
|raw|blu3cr33p3r's rating: 1269 &rarr; <strong>1288</strong><br />(+19 for winning)
|raw|Dylan The Dude's rating: 1178 &rarr; <strong>1159</strong><br />(-19 for losing)
