|j|☆TheDecommissioner
|j|☆cmacc24
|t:|1750879723
|gametype|doubles
|player|p1|TheDecommissioner|preschooler|1363
|player|p2|cmacc24|2|1385
|teamsize|p1|6
|teamsize|p2|6
|gen|9
|tier|[Gen 9] VGC 2025 Reg I
|rated|
|rule|Species Clause: Limit one of each Pokémon
|rule|Item Clause: Limit 1 of each item
|clearpoke
|poke|p1|Walking Wake, L50|
|poke|p1|Torkoal, L50, M|
|poke|p1|Indeedee-F, L50, F|
|poke|p1|Koraidon, L50|
|poke|p1|Lilligant-Hisui, L50, F|
|poke|p1|Archaludon, L50, F|
|poke|p2|Groudon, L50|
|poke|p2|Koraidon, L50|
|poke|p2|Flutter Mane, L50|
|poke|p2|Rillaboom, L50, F|
|poke|p2|Chandelure, L50, M|
|poke|p2|Grimmsnarl, L50, M|
|teampreview|4
|inactive|Battle timer is ON: inactive players will automatically lose when time's up. (requested by TheDecommissioner)
|inactive|TheDecommissioner has 60 seconds left.
|
|t:|1750879759
|start
|switch|p1a: Talking|Lilligant-Hisui, L50, F|100/100
|switch|p1b: FOREVERR|Torkoal, L50, M, shiny|100/100
|switch|p2a: Koraidon|Koraidon, L50|100/100
|switch|p2b: Flutter Mane|Flutter Mane, L50|100/100
|-weather|SunnyDay|[from] ability: Orichalcum Pulse|[of] p2a: Koraidon
|-activate|p2b: Flutter Mane|ability: Protosynthesis
|-start|p2b: Flutter Mane|protosynthesisspe
|-activate|p2a: Koraidon|Orichalcum Pulse|[source]
|turn|1
|inactive|cmacc24 has 30 seconds left.
|inactive|cmacc24 has 20 seconds left.
|
|t:|1750879797
|-terastallize|p1b: FOREVERR|Fire
|move|p1a: Talking|After You|p1b: FOREVERR
|-activate|p1b: FOREVERR|move: After You
|move|p1b: FOREVERR|Eruption|p2b: Flutter Mane|[spread] p2a,p2b
|-resisted|p2a: Koraidon
|-damage|p2a: Koraidon|47/100
|-enditem|p2b: Flutter Mane|Focus Sash
|-damage|p2b: Flutter Mane|1/100
|move|p2b: Flutter Mane|Moonblast|p1a: Talking
|-supereffective|p1a: Talking
|-crit|p1a: Talking
|-damage|p1a: Talking|0 fnt
|faint|p1a: Talking
|move|p2a: Koraidon|U-turn|p1b: FOREVERR
|-resisted|p1b: FOREVERR
|-damage|p1b: FOREVERR|81/100
|
|t:|1750879813
|switch|p2a: Groudon|Groudon, L50|100/100|[from] U-turn
|
|-weather|SunnyDay|[upkeep]
|upkeep
|
|t:|1750879820
|switch|p1a: Indeedee|Indeedee-F, L50, F|100/100
|-fieldstart|move: Psychic Terrain|[from] ability: Psychic Surge|[of] p1a: Indeedee
|turn|2
|
|t:|1750879831
|-end|p2b: Flutter Mane|Protosynthesis|[silent]
|switch|p2b: Chandelure|Chandelure, L50, M|100/100
|move|p1b: FOREVERR|Protect|p1b: FOREVERR
|-singleturn|p1b: FOREVERR|Protect
|move|p2a: Groudon|Rock Slide|p1b: FOREVERR|[spread] p1a
|-activate|p1b: FOREVERR|move: Protect
|-damage|p1a: Indeedee|78/100
|move|p1a: Indeedee|Trick Room|p1a: Indeedee
|-fieldstart|move: Trick Room|[of] p1a: Indeedee
|-enditem|p2b: Chandelure|Room Service
|-unboost|p2b: Chandelure|spe|1|[from] item: Room Service
|
|-weather|SunnyDay|[upkeep]
|upkeep
|turn|3
|
|t:|1750879850
|move|p2a: Groudon|Protect|p2a: Groudon
|-singleturn|p2a: Groudon|Protect
|move|p1b: FOREVERR|Solar Beam||[still]
|-prepare|p1b: FOREVERR|Solar Beam
|-anim|p1b: FOREVERR|Solar Beam|p2a: Groudon
|-activate|p2a: Groudon|move: Protect
|move|p2b: Chandelure|Flamethrower|p1a: Indeedee
|-damage|p1a: Indeedee|0 fnt
|faint|p1a: Indeedee
|
|-weather|SunnyDay|[upkeep]
|upkeep
|
|t:|1750879852
|switch|p1a: Scotland|Walking Wake, L50|100/100
|-activate|p1a: Scotland|ability: Protosynthesis
|-start|p1a: Scotland|protosynthesisspe
|turn|4
|
|t:|1750879874
|move|p1b: FOREVERR|Protect|p1b: FOREVERR
|-singleturn|p1b: FOREVERR|Protect
|move|p2b: Chandelure|Shadow Ball|p1a: Scotland
|-crit|p1a: Scotland
|-damage|p1a: Scotland|11/100
|move|p2a: Groudon|Precipice Blades|p1a: Scotland|[spread] p1a
|-activate|p1b: FOREVERR|move: Protect
|-damage|p1a: Scotland|0 fnt
|faint|p1a: Scotland
|-end|p1a: Scotland|Protosynthesis|[silent]
|
|-weather|SunnyDay|[upkeep]
|upkeep
|turn|5
|-message|TheDecommissioner forfeited.
|
|win|cmacc24
|raw|TheDecommissioner's rating: 1363 &rarr; <strong>1344</strong><br />(-19 for losing)
|raw|cmacc24's rating: 1385 &rarr; <strong>1404</strong><br />(+19 for winning)
|l|☆TheDecommissioner
|player|p1|
|l|☆cmacc24
|player|p2|
