|j|☆peedr
|j|☆plantscience
|t:|1750779112
|gametype|doubles
|player|p1|peedr|2|1388
|player|p2|plantscience|265|1423
|teamsize|p1|6
|teamsize|p2|6
|gen|9
|tier|[Gen 9] VGC 2025 Reg I
|rated|
|rule|Species Clause: Limit one of each Pokémon
|rule|Item Clause: Limit 1 of each item
|clearpoke
|poke|p1|Kyogre, L50|
|poke|p1|Archaludon, L50, F|
|poke|p1|Amoonguss, L50, F|
|poke|p1|Klefki, L50, M|
|poke|p1|Zacian-*, L50|
|poke|p1|Basculegion, L50, M|
|poke|p2|Miraidon, L50|
|poke|p2|Whimsicott, L50, M|
|poke|p2|Incineroar, L50, F|
|poke|p2|Calyrex-Ice, L50|
|poke|p2|Urshifu-*, L50, M|
|poke|p2|Landorus, L50, M|
|teampreview|4
peedr has agreed to open team sheets.
|inactive|Battle timer is ON: inactive players will automatically lose when time's up. (requested by plantscience)
|c|☆peedr|Another generic team
|inactive|plantscience has 60 seconds left.
|
|t:|1750779153
|start
|switch|p1a: Kyogre|Kyogre, L50|100/100
|switch|p1b: Basculegion|Basculegion, L50, M, shiny|100/100
|switch|p2a: Landorus|Landorus, L50, M|100/100
|switch|p2b: Urshifu|Urshifu-Rapid-Strike, L50, M|100/100
|-weather|RainDance|[from] ability: Drizzle|[of] p1a: Kyogre
|turn|1
|inactive|plantscience has 30 seconds left.
|
|t:|1750779179
|switch|p2a: Miraidon|Miraidon, L50|100/100
|-fieldstart|move: Electric Terrain|[from] ability: Hadron Engine|[of] p2a: Miraidon
|-terastallize|p2b: Urshifu|Water
|move|p1b: Basculegion|Flip Turn|p2b: Urshifu
|-resisted|p2b: Urshifu
|-damage|p2b: Urshifu|69/100
|
|t:|1750779190
|switch|p1b: Klefki|Klefki, L50, M, shiny|100/100|[from] Flip Turn
|move|p1a: Kyogre|Origin Pulse|p2b: Urshifu|[spread] p2a,p2b
|-resisted|p2a: Miraidon
|-resisted|p2b: Urshifu
|-damage|p2a: Miraidon|83/100
|-damage|p2b: Urshifu|26/100
|move|p2b: Urshifu|Surging Strikes|p1b: Klefki
|-crit|p1b: Klefki
|-damage|p1b: Klefki|49/100
|-crit|p1b: Klefki
|-damage|p1b: Klefki|2/100
|-crit|p1b: Klefki
|-damage|p1b: Klefki|0 fnt
|faint|p1b: Klefki
|-hitcount|p1: Klefki|3
|
|-weather|RainDance|[upkeep]
|upkeep
|
|t:|1750779206
|switch|p1b: Basculegion|Basculegion, L50, M, shiny|100/100
|turn|2
|
|t:|1750779214
|-terastallize|p1b: Basculegion|Ground
|move|p2b: Urshifu|Protect|p2b: Urshifu
|-singleturn|p2b: Urshifu|Protect
|move|p1b: Basculegion|Tera Blast|p2a: Miraidon|[anim] Tera Blast Ground
|-supereffective|p2a: Miraidon
|-damage|p2a: Miraidon|0 fnt
|faint|p2a: Miraidon
|move|p1a: Kyogre|Origin Pulse|p2b: Urshifu
|-activate|p2b: Urshifu|move: Protect
|
|-weather|RainDance|[upkeep]
|upkeep
|
|t:|1750779225
|switch|p2a: Calyrex|Calyrex-Ice, L50|100/100
|-ability|p2a: Calyrex|As One
|-ability|p2a: Calyrex|Unnerve
|turn|3
|
|t:|1750779237
|switch|p2b: Landorus|Landorus, L50, M|100/100
|move|p1b: Basculegion|Tera Blast|p2b: Landorus|[anim] Tera Blast Ground
|-immune|p2b: Landorus
|move|p1a: Kyogre|Water Spout|p2b: Landorus|[spread] p2a,p2b
|-supereffective|p2b: Landorus
|-damage|p2a: Calyrex|42/100
|-damage|p2b: Landorus|0 fnt
|faint|p2b: Landorus
|move|p2a: Calyrex|Trick Room|p2a: Calyrex
|-fieldstart|move: Trick Room|[of] p2a: Calyrex
|
|-weather|RainDance|[upkeep]
|upkeep
|
|t:|1750779247
|switch|p2b: Urshifu|Urshifu-Rapid-Strike, L50, M, tera:Water|26/100
|turn|4
|
|t:|1750779253
|move|p2a: Calyrex|Glacial Lance|p1a: Kyogre|[spread] p1a,p1b
|-resisted|p1a: Kyogre
|-crit|p1a: Kyogre
|-supereffective|p1b: Basculegion
|-damage|p1a: Kyogre|55/100
|-damage|p1b: Basculegion|0 fnt
|faint|p1b: Basculegion
|-ability|p2a: Calyrex|Chilling Neigh|boost
|-boost|p2a: Calyrex|atk|1
|move|p2b: Urshifu|Surging Strikes|p1a: Kyogre
|-resisted|p1a: Kyogre
|-crit|p1a: Kyogre
|-damage|p1a: Kyogre|30/100
|-resisted|p1a: Kyogre
|-crit|p1a: Kyogre
|-damage|p1a: Kyogre|4/100
|-resisted|p1a: Kyogre
|-crit|p1a: Kyogre
|-damage|p1a: Kyogre|0 fnt
|faint|p1a: Kyogre
|-hitcount|p1: Kyogre|3
|
|-weather|RainDance|[upkeep]
|upkeep
|
|t:|1750779256
|switch|p1b: Zacian|Zacian-Crowned, L50, shiny|100/100
|-ability|p1b: Zacian|Intrepid Sword|boost
|-boost|p1b: Zacian|atk|1
|turn|5
|
|t:|1750779279
|move|p2a: Calyrex|Leech Seed|p1b: Zacian
|-start|p1b: Zacian|move: Leech Seed
|move|p2b: Urshifu|Surging Strikes|p1b: Zacian
|-crit|p1b: Zacian
|-damage|p1b: Zacian|50/100
|-crit|p1b: Zacian
|-damage|p1b: Zacian|0 fnt
|faint|p1b: Zacian
|-hitcount|p1: Zacian|2
|
|win|plantscience
|raw|peedr's rating: 1388 &rarr; <strong>1370</strong><br />(-18 for losing)
|raw|plantscience's rating: 1423 &rarr; <strong>1441</strong><br />(+18 for winning)
|l|☆plantscience
|player|p2|
