|j|☆yaasuto
|j|☆Borislax
|t:|1750725730
|gametype|doubles
|player|p1|yaasuto|hilbert|1470
|player|p2|Borislax|elesa|1541
|teamsize|p1|6
|teamsize|p2|6
|gen|9
|tier|[Gen 9] VGC 2025 Reg I
|rated|
|rule|Species Clause: Limit one of each Pokémon
|rule|Item Clause: Limit 1 of each item
|clearpoke
|poke|p1|Ho-Oh, L50|
|poke|p1|Eternatus, L50|
|poke|p1|Wo-Chien, L50|
|poke|p1|Incineroar, L50, M|
|poke|p1|Rillaboom, L50, F|
|poke|p1|Ting-Lu, L50|
|poke|p2|Rayquaza, L50|
|poke|p2|Chien-Pao, L50|
|poke|p2|Dondozo, L50, F|
|poke|p2|Tatsugiri, L50, M|
|poke|p2|Calyrex-Shadow, L50|
|poke|p2|Chi-Yu, L50|
|teampreview|4
|inactive|Battle timer is ON: inactive players will automatically lose when time's up. (requested by yaasuto)
Borislax has agreed to open team sheets.
|inactive|Borislax has 60 seconds left.
|
|t:|1750725761
|start
|switch|p1a: Eternatus|Eternatus, L50|100/100
|switch|p1b: Incineroar|Incineroar, L50, M|100/100
|switch|p2a: Oogie|Rayquaza, L50|100/100
|switch|p2b: Boogie|Chien-Pao, L50|100/100
|-ability|p2b: Boogie|Sword of Ruin
|-ability|p1a: Eternatus|Pressure
|-ability|p2a: Oogie|Air Lock
|-ability|p1b: Incineroar|Intimidate|boost
|-unboost|p2a: Oogie|atk|1
|-unboost|p2b: Boogie|atk|1
|turn|1
|
|t:|1750725773
|-terastallize|p2a: Oogie|Normal
|move|p2b: Boogie|Protect|p2b: Boogie
|-singleturn|p2b: Boogie|Protect
|move|p1b: Incineroar|Fake Out|p2b: Boogie
|-activate|p2b: Boogie|move: Protect
|move|p1a: Eternatus|Substitute|p1a: Eternatus
|-start|p1a: Eternatus|Substitute
|-damage|p1a: Eternatus|76/100
|move|p2a: Oogie|Earthquake|p1b: Incineroar|[spread] p1a,p1b
|-activate|p2b: Boogie|move: Protect
|-supereffective|p1a: Eternatus
|-end|p1a: Eternatus|Substitute
|-supereffective|p1b: Incineroar
|-damage|p1b: Incineroar|29/100
|-enditem|p1b: Incineroar|Sitrus Berry|[eat]
|-heal|p1b: Incineroar|54/100|[from] item: Sitrus Berry
|
|-heal|p1a: Eternatus|82/100|[from] item: Black Sludge
|upkeep
|turn|2
|
|t:|1750725793
|move|p1a: Eternatus|Protect|p1a: Eternatus
|-singleturn|p1a: Eternatus|Protect
|move|p2b: Boogie|Ice Spinner|p1a: Eternatus
|-activate|p1a: Eternatus|move: Protect
|move|p2a: Oogie|Earthquake|p1b: Incineroar|[spread] p2b,p1b
|-activate|p1a: Eternatus|move: Protect
|-supereffective|p1b: Incineroar
|-damage|p2b: Boogie|57/100
|-damage|p1b: Incineroar|0 fnt
|faint|p1b: Incineroar
|
|-heal|p1a: Eternatus|88/100|[from] item: Black Sludge
|upkeep
|
|t:|1750725802
|switch|p1b: Ho-Oh|Ho-Oh, L50|100/100
|turn|3
|
|t:|1750725813
|switch|p1a: Wo-Chien|Wo-Chien, L50|100/100
|-ability|p1a: Wo-Chien|Tablets of Ruin
|move|p2b: Boogie|Protect|p2b: Boogie
|-singleturn|p2b: Boogie|Protect
|move|p2a: Oogie|Earthquake|p1a: Wo-Chien|[spread] p1a
|-activate|p2b: Boogie|move: Protect
|-immune|p1b: Ho-Oh
|-resisted|p1a: Wo-Chien
|-damage|p1a: Wo-Chien|90/100
|move|p1b: Ho-Oh|Sacred Fire|p2a: Oogie
|-damage|p2a: Oogie|59/100
|-status|p2a: Oogie|brn
|
|-damage|p2a: Oogie|53/100 brn|[from] brn
|upkeep
|turn|4
|
|t:|1750725824
|switch|p2b: buble|Tatsugiri, L50, M, shiny|100/100
|switch|p2a: Peetuh the hoarse|Dondozo, L50, F|100/100
|-activate|p2b: buble|ability: Commander|[of] p2a: Peetuh the hoarse
|-boost|p2a: Peetuh the hoarse|atk|2
|-boost|p2a: Peetuh the hoarse|spa|2
|-boost|p2a: Peetuh the hoarse|spe|2
|-boost|p2a: Peetuh the hoarse|def|2
|-boost|p2a: Peetuh the hoarse|spd|2
|move|p1b: Ho-Oh|Sacred Fire|p2b: buble|[miss]
|-miss|p1b: Ho-Oh|p2b: buble
|move|p1a: Wo-Chien|Leech Seed|p2a: Peetuh the hoarse
|-start|p2a: Peetuh the hoarse|move: Leech Seed
|
|-damage|p2a: Peetuh the hoarse|88/100|[from] Leech Seed|[of] p1a: Wo-Chien
|-heal|p1a: Wo-Chien|100/100|[silent]
|upkeep
|turn|5
|inactive|Borislax has 30 seconds left.
|
|t:|1750725856
|switch|p1b: Eternatus|Eternatus, L50|88/100
|-ability|p1b: Eternatus|Pressure
|move|p2a: Peetuh the hoarse|Wave Crash|p1b: Eternatus
|-resisted|p1b: Eternatus
|-damage|p1b: Eternatus|68/100
|-damage|p2a: Peetuh the hoarse|82/100|[from] Recoil
|move|p1a: Wo-Chien|Pollen Puff|p1b: Eternatus
|-heal|p1b: Eternatus|100/100
|
|-damage|p2a: Peetuh the hoarse|69/100|[from] Leech Seed|[of] p1a: Wo-Chien
|upkeep
|turn|6
|
|t:|1750725874
|move|p1b: Eternatus|Toxic|p2a: Peetuh the hoarse
|-status|p2a: Peetuh the hoarse|tox
|move|p2a: Peetuh the hoarse|Wave Crash|p1b: Eternatus
|-resisted|p1b: Eternatus
|-damage|p1b: Eternatus|82/100
|-damage|p2a: Peetuh the hoarse|63/100 tox|[from] Recoil
|move|p1a: Wo-Chien|Pollen Puff|p1b: Eternatus
|-heal|p1b: Eternatus|100/100
|
|-damage|p2a: Peetuh the hoarse|51/100 tox|[from] Leech Seed|[of] p1a: Wo-Chien
|-damage|p2a: Peetuh the hoarse|45/100 tox|[from] psn
|upkeep
|turn|7
|
|t:|1750725890
|move|p1b: Eternatus|Substitute|p1b: Eternatus
|-start|p1b: Eternatus|Substitute
|-damage|p1b: Eternatus|76/100
|move|p2a: Peetuh the hoarse|Earthquake|p1b: Eternatus|[spread] p1a,p1b
|-miss|p2a: Peetuh the hoarse|p2b: buble
|-supereffective|p1b: Eternatus
|-end|p1b: Eternatus|Substitute
|-resisted|p1a: Wo-Chien
|-damage|p1a: Wo-Chien|91/100
|move|p1a: Wo-Chien|Pollen Puff|p1b: Eternatus
|-heal|p1b: Eternatus|100/100
|
|-damage|p2a: Peetuh the hoarse|32/100 tox|[from] Leech Seed|[of] p1a: Wo-Chien
|-heal|p1a: Wo-Chien|100/100|[silent]
|-damage|p2a: Peetuh the hoarse|20/100 tox|[from] psn
|upkeep
|turn|8
|
|t:|1750725914
|move|p1b: Eternatus|Substitute|p1b: Eternatus
|-start|p1b: Eternatus|Substitute
|-damage|p1b: Eternatus|76/100
|move|p2a: Peetuh the hoarse|Earthquake|p1b: Eternatus|[spread] p1a,p1b
|-miss|p2a: Peetuh the hoarse|p2b: buble
|-supereffective|p1b: Eternatus
|-end|p1b: Eternatus|Substitute
|-resisted|p1a: Wo-Chien
|-damage|p1a: Wo-Chien|92/100
|move|p1a: Wo-Chien|Pollen Puff|p1b: Eternatus
|-heal|p1b: Eternatus|100/100
|
|-damage|p2a: Peetuh the hoarse|8/100 tox|[from] Leech Seed|[of] p1a: Wo-Chien
|-heal|p1a: Wo-Chien|100/100|[silent]
|-damage|p2a: Peetuh the hoarse|0 fnt|[from] psn
|faint|p2a: Peetuh the hoarse
|upkeep
|
|t:|1750725936
|switch|p2a: Oogie|Rayquaza, L50, tera:Normal|53/100 brn
|-ability|p2a: Oogie|Air Lock
|turn|9
|
|t:|1750725953
|move|p1b: Eternatus|Protect|p1b: Eternatus
|-singleturn|p1b: Eternatus|Protect
|move|p1a: Wo-Chien|Protect|p1a: Wo-Chien
|-singleturn|p1a: Wo-Chien|Protect
|move|p2a: Oogie|Outrage|p1b: Eternatus
|-activate|p1b: Eternatus|move: Protect
|move|p2b: buble|Draco Meteor|p1b: Eternatus
|-activate|p1b: Eternatus|move: Protect
|
|-damage|p2a: Oogie|46/100 brn|[from] brn
|upkeep
|turn|10
|
|t:|1750725968
|-terastallize|p1b: Eternatus|Poison
|move|p1b: Eternatus|Dynamax Cannon|p2a: Oogie
|-damage|p2a: Oogie|0 fnt
|faint|p2a: Oogie
|move|p2b: buble|Draco Meteor|p1b: Eternatus
|-damage|p1b: Eternatus|51/100
|-unboost|p2b: buble|spa|2
|move|p1a: Wo-Chien|Pollen Puff|p1b: Eternatus
|-heal|p1b: Eternatus|100/100
|
|upkeep
|inactive|Borislax has 30 seconds left.
|
|t:|1750725998
|switch|p2a: Boogie|Chien-Pao, L50|57/100
|-ability|p2a: Boogie|Sword of Ruin
|turn|11
|
|t:|1750726007
|move|p2a: Boogie|Ice Spinner|p1a: Wo-Chien
|-supereffective|p1a: Wo-Chien
|-damage|p1a: Wo-Chien|47/100
|move|p1b: Eternatus|Dynamax Cannon|p2a: Boogie
|-crit|p2a: Boogie
|-damage|p2a: Boogie|0 fnt
|faint|p2a: Boogie
|move|p2b: buble|Muddy Water|p1b: Eternatus|[spread] p1a,p1b
|-resisted|p1a: Wo-Chien
|-damage|p1a: Wo-Chien|41/100
|-damage|p1b: Eternatus|88/100
|-unboost|p1a: Wo-Chien|accuracy|1
|move|p1a: Wo-Chien|Pollen Puff|p1b: Eternatus
|-heal|p1b: Eternatus|100/100
|
|upkeep
|turn|12
|inactive|Borislax has 30 seconds left.
|-message|Borislax forfeited.
|
|win|yaasuto
|raw|yaasuto's rating: 1470 &rarr; <strong>1494</strong><br />(+24 for winning)
|raw|Borislax's rating: 1541 &rarr; <strong>1517</strong><br />(-24 for losing)
|l|☆yaasuto
|player|p1|
