|j|☆eriksp
|j|☆Emirnent
|t:|1750711999
|gametype|doubles
|player|p1|eriksp|calem-masters|1666
|player|p2|Emirnent|265|1756
|teamsize|p1|6
|teamsize|p2|6
|gen|9
|tier|[Gen 9] VGC 2025 Reg I
|rated|
|rule|Species Clause: Limit one of each Pokémon
|rule|Item Clause: Limit 1 of each item
|clearpoke
|poke|p1|Calyrex-Ice, L50|
|poke|p1|Miraidon, L50|
|poke|p1|Volcarona, L50, F|
|poke|p1|Iron Hands, L50|
|poke|p1|Grimmsnarl, L50, M|
|poke|p1|Incineroar, L50, M|
|poke|p2|Calyrex-Ice, L50|
|poke|p2|Zamazenta-*, L50|
|poke|p2|Smeargle, L50, F|
|poke|p2|Raging Bolt, L50|
|poke|p2|Tornadus, L50, M|
|poke|p2|Landorus, L50, M|
|teampreview|4
eriksp has agreed to open team sheets.
|inactive|Battle timer is ON: inactive players will automatically lose when time's up. (requested by Emirnent)
|inactive|Emirnent has 60 seconds left.
|
|t:|1750712058
|start
|switch|p1a: Calyrex|Calyrex-Ice, L50|100/100
|switch|p1b: Grimmsnarl|Grimmsnarl, L50, M|100/100
|switch|p2a: Smeargle|Smeargle, L50, F|100/100
|switch|p2b: Landorus|Landorus, L50, M|100/100
|-ability|p1a: Calyrex|As One
|-ability|p1a: Calyrex|Unnerve
|turn|1
|inactive|eriksp has 30 seconds left.
|
|t:|1750712089
|switch|p2b: Calyrex|Calyrex-Ice, L50|100/100
|-ability|p2b: Calyrex|As One
|-ability|p2b: Calyrex|Unnerve
|move|p1b: Grimmsnarl|Light Screen|p1b: Grimmsnarl
|-sidestart|p1: eriksp|move: Light Screen
|move|p2a: Smeargle|Spore|p1a: Calyrex
|-status|p1a: Calyrex|slp|[from] move: Spore
|cant|p1a: Calyrex|slp
|
|-ability|p2a: Smeargle|Moody|boost
|-boost|p2a: Smeargle|def|2
|-unboost|p2a: Smeargle|atk|1
|upkeep
|turn|2
|
|t:|1750712104
|move|p1b: Grimmsnarl|Thunder Wave|p2b: Calyrex
|-status|p2b: Calyrex|par
|move|p2a: Smeargle|Decorate|p2b: Calyrex
|-boost|p2b: Calyrex|atk|2
|-boost|p2b: Calyrex|spa|2
|cant|p1a: Calyrex|slp
|move|p2b: Calyrex|Glacial Lance|p1b: Grimmsnarl|[spread] p1a,p1b
|-resisted|p1a: Calyrex
|-damage|p1a: Calyrex|69/100 slp
|-damage|p1b: Grimmsnarl|0 fnt
|faint|p1b: Grimmsnarl
|-ability|p2b: Calyrex|Chilling Neigh|boost
|-boost|p2b: Calyrex|atk|1
|
|-ability|p2a: Smeargle|Moody|boost
|-boost|p2a: Smeargle|def|2
|-unboost|p2a: Smeargle|spa|1
|upkeep
|
|t:|1750712113
|switch|p1b: Volcarona|Volcarona, L50, F, shiny|100/100
|turn|3
|
|t:|1750712120
|-terastallize|p2b: Calyrex|Fire
|move|p1b: Volcarona|Struggle Bug|p2b: Calyrex|[spread] p2a,p2b
|-crit|p2a: Smeargle
|-resisted|p2b: Calyrex
|-damage|p2a: Smeargle|50/100
|-damage|p2b: Calyrex|96/100 par
|-unboost|p2a: Smeargle|spa|1
|-unboost|p2b: Calyrex|spa|1
|move|p2a: Smeargle|Decorate|p2b: Calyrex
|-boost|p2b: Calyrex|atk|2
|-boost|p2b: Calyrex|spa|2
|-curestatus|p1a: Calyrex|slp|[msg]
|move|p1a: Calyrex|Glacial Lance|p2b: Calyrex|[spread] p2a,p2b
|-resisted|p2b: Calyrex
|-damage|p2a: Smeargle|5/100
|-damage|p2b: Calyrex|78/100 par
|cant|p2b: Calyrex|par
|
|-ability|p2a: Smeargle|Moody|boost
|-boost|p2a: Smeargle|atk|2
|-unboost|p2a: Smeargle|spe|1
|upkeep
|turn|4
|
|t:|1750712144
|move|p2a: Smeargle|Follow Me|p2a: Smeargle
|-singleturn|p2a: Smeargle|move: Follow Me
|move|p1b: Volcarona|Fiery Dance|p2a: Smeargle
|-damage|p2a: Smeargle|0 fnt
|faint|p2a: Smeargle
|move|p1a: Calyrex|High Horsepower|p2b: Calyrex
|-supereffective|p2b: Calyrex
|-damage|p2b: Calyrex|25/100 par
|move|p2b: Calyrex|Glacial Lance|p1a: Calyrex|[spread] p1a,p1b
|-resisted|p1a: Calyrex
|-resisted|p1b: Volcarona
|-damage|p1a: Calyrex|5/100
|-damage|p1b: Volcarona|0 fnt
|faint|p1b: Volcarona
|-ability|p2b: Calyrex|Chilling Neigh|boost
|-boost|p2b: Calyrex|atk|1
|
|upkeep
|
|t:|1750712163
|switch|p1b: Miraidon|Miraidon, L50|100/100
|switch|p2a: Zamazenta|Zamazenta-Crowned, L50|100/100
|-fieldstart|move: Electric Terrain|[from] ability: Hadron Engine|[of] p1b: Miraidon
|-ability|p2a: Zamazenta|Dauntless Shield|boost
|-boost|p2a: Zamazenta|def|1
|turn|5
|
|t:|1750712173
|move|p2a: Zamazenta|Protect|p2a: Zamazenta
|-singleturn|p2a: Zamazenta|Protect
|move|p1b: Miraidon|Electro Drift|p2a: Zamazenta
|-activate|p2a: Zamazenta|move: Protect
|move|p1a: Calyrex|High Horsepower|p2b: Calyrex|[miss]
|-miss|p1a: Calyrex|p2b: Calyrex
|cant|p2b: Calyrex|par
|
|upkeep
|turn|6
|
|t:|1750712187
|move|p1b: Miraidon|Electro Drift|p2a: Zamazenta
|-damage|p2a: Zamazenta|6/100
|move|p2a: Zamazenta|Body Press|p1a: Calyrex
|-damage|p1a: Calyrex|0 fnt
|faint|p1a: Calyrex
|move|p2b: Calyrex|Glacial Lance|p1b: Miraidon
|-supereffective|p1b: Miraidon
|-damage|p1b: Miraidon|0 fnt
|faint|p1b: Miraidon
|
|win|Emirnent
|raw|eriksp's rating: 1666 &rarr; <strong>1651</strong><br />(-15 for losing)
|raw|Emirnent's rating: 1756 &rarr; <strong>1771</strong><br />(+15 for winning)
|l|☆Emirnent
|player|p2|
|l|☆eriksp
|player|p1|
