|j|☆ones1ngleplayer
|j|☆xdenoniox
|t:|1750764207
|gametype|doubles
|player|p1|ones1ngleplayer|blue|1356
|player|p2|xdenoniox|lance|1435
|teamsize|p1|6
|teamsize|p2|6
|gen|9
|tier|[Gen 9] VGC 2025 Reg I
|rated|
|rule|Species Clause: Limit one of each Pokémon
|rule|Item Clause: Limit 1 of each item
|clearpoke
|poke|p1|Calyrex-Ice, L50|
|poke|p1|Whimsicott, L50, M|
|poke|p1|Farigiraf, L50, F|
|poke|p1|Kyogre, L50|
|poke|p1|Urshifu-*, L50, F|
|poke|p1|Chien-Pao, L50|
|poke|p2|Miraidon, L50|
|poke|p2|Zamazenta-*, L50|
|poke|p2|Volcarona, L50, M|
|poke|p2|Chien-Pao, L50|
|poke|p2|Rillaboom, L50, M|
|poke|p2|Ogerpon, L50, F|
|teampreview|4
|inactive|Battle timer is ON: inactive players will automatically lose when time's up. (requested by ones1ngleplayer)
|
|t:|1750764242
|start
|switch|p1a: Calyrex|Calyrex-Ice, L50|100/100
|switch|p1b: Whimsicott|Whimsicott, L50, M|100/100
|switch|p2a: Miraidon|Miraidon, L50|100/100
|switch|p2b: Volcarona|Volcarona, L50, M, shiny|100/100
|-ability|p1a: Calyrex|As One
|-ability|p1a: Calyrex|Unnerve
|-fieldstart|move: Electric Terrain|[from] ability: Hadron Engine|[of] p2a: Miraidon
|-enditem|p2b: Volcarona|Electric Seed
|-boost|p2b: Volcarona|def|1|[from] item: Electric Seed
|turn|1
|inactive|xdenoniox has 30 seconds left.
|inactive|xdenoniox has 20 seconds left.
|
|t:|1750764280
|-terastallize|p2a: Miraidon|Electric
|-terastallize|p1a: Calyrex|Fire
|move|p1b: Whimsicott|Misty Terrain|p1b: Whimsicott
|-fieldstart|move: Misty Terrain
|move|p2a: Miraidon|Volt Switch|p1a: Calyrex
|-damage|p1a: Calyrex|64/100
|
|t:|1750764290
|switch|p2a: Zamazenta|Zamazenta-Crowned, L50, shiny|100/100|[from] Volt Switch
|-ability|p2a: Zamazenta|Dauntless Shield|boost
|-boost|p2a: Zamazenta|def|1
|move|p2b: Volcarona|Quiver Dance|p2b: Volcarona
|-boost|p2b: Volcarona|spa|1
|-boost|p2b: Volcarona|spd|1
|-boost|p2b: Volcarona|spe|1
|move|p1a: Calyrex|Trick Room|p1a: Calyrex
|-fieldstart|move: Trick Room|[of] p1a: Calyrex
|
|upkeep
|turn|2
|
|t:|1750764314
|switch|p1b: Farigiraf|Farigiraf, L50, F|100/100
|move|p2b: Volcarona|Protect|p2b: Volcarona
|-singleturn|p2b: Volcarona|Protect
|move|p1a: Calyrex|Leech Seed|p2a: Zamazenta
|-start|p2a: Zamazenta|move: Leech Seed
|move|p2a: Zamazenta|Body Press|p1a: Calyrex
|-damage|p1a: Calyrex|20/100
|
|-damage|p2a: Zamazenta|88/100|[from] Leech Seed|[of] p1a: Calyrex
|-heal|p1a: Calyrex|31/100|[silent]
|upkeep
|turn|3
|inactive|xdenoniox has 30 seconds left.
|
|t:|1750764339
|switch|p1a: Kyogre|Kyogre, L50|100/100
|-weather|RainDance|[from] ability: Drizzle|[of] p1a: Kyogre
|move|p1b: Farigiraf|Hyper Voice|p2b: Volcarona|[spread] p2a,p2b
|-resisted|p2a: Zamazenta
|-damage|p2a: Zamazenta|78/100
|-damage|p2b: Volcarona|82/100
|-enditem|p1b: Farigiraf|Throat Spray
|-boost|p1b: Farigiraf|spa|1|[from] item: Throat Spray
|move|p2a: Zamazenta|Body Press|p1a: Kyogre
|-damage|p1a: Kyogre|39/100
|move|p2b: Volcarona|Fiery Dance|p1b: Farigiraf
|-damage|p1b: Farigiraf|73/100
|-boost|p2b: Volcarona|spa|1
|
|-weather|RainDance|[upkeep]
|-heal|p1a: Kyogre|45/100|[from] item: Leftovers
|-damage|p2a: Zamazenta|66/100|[from] Leech Seed|[of] p1a: Kyogre
|-heal|p1a: Kyogre|56/100|[silent]
|upkeep
|turn|4
|
|t:|1750764361
|move|p2a: Zamazenta|Wide Guard|p2a: Zamazenta
|-singleturn|p2a: Zamazenta|Wide Guard
|move|p1b: Farigiraf|Psychic|p2a: Zamazenta
|-damage|p2a: Zamazenta|17/100
|move|p1a: Kyogre|Origin Pulse|p2b: Volcarona|[spread] 
|-activate|p2a: Zamazenta|move: Wide Guard
|-activate|p2b: Volcarona|move: Wide Guard
|move|p2b: Volcarona|Giga Drain|p1a: Kyogre
|-supereffective|p1a: Kyogre
|-damage|p1a: Kyogre|1/100
|-heal|p2b: Volcarona|100/100|[from] drain|[of] p1a: Kyogre
|
|-weather|RainDance|[upkeep]
|-heal|p1a: Kyogre|7/100|[from] item: Leftovers
|-damage|p2a: Zamazenta|4/100|[from] Leech Seed|[of] p1a: Kyogre
|-heal|p1a: Kyogre|18/100|[silent]
|upkeep
|turn|5
|inactive|xdenoniox has 30 seconds left.
|
|t:|1750764393
|switch|p2a: Miraidon|Miraidon, L50, tera:Electric|100/100
|-fieldstart|move: Electric Terrain|[from] ability: Hadron Engine|[of] p2a: Miraidon
|move|p1a: Kyogre|Protect|p1a: Kyogre
|-singleturn|p1a: Kyogre|Protect
|move|p2b: Volcarona|Protect|p2b: Volcarona
|-singleturn|p2b: Volcarona|Protect
|move|p1b: Farigiraf|Roar|p2b: Volcarona
|drag|p2b: Zamazenta|Zamazenta-Crowned, L50, shiny|4/100
|
|-weather|RainDance|[upkeep]
|-heal|p1a: Kyogre|24/100|[from] item: Leftovers
|-fieldend|move: Trick Room
|upkeep
|turn|6
|inactive|xdenoniox has 30 seconds left.
|
|t:|1750764419
|switch|p1a: Whimsicott|Whimsicott, L50, M|100/100
|move|p2a: Miraidon|Electro Drift|p1b: Farigiraf
|-damage|p1b: Farigiraf|0 fnt
|faint|p1b: Farigiraf
|move|p2b: Zamazenta|Body Press|p1a: Whimsicott
|-resisted|p1a: Whimsicott
|-crit|p1a: Whimsicott
|-damage|p1a: Whimsicott|69/100
|
|-weather|RainDance|[upkeep]
|upkeep
|
|t:|1750764428
|switch|p1b: Calyrex|Calyrex-Ice, L50, tera:Fire|31/100
|-ability|p1b: Calyrex|As One
|-ability|p1b: Calyrex|Unnerve
|turn|7
|
|t:|1750764441
|move|p1a: Whimsicott|Protect|p1a: Whimsicott
|-singleturn|p1a: Whimsicott|Protect
|move|p2a: Miraidon|Electro Drift|p1b: Calyrex
|-damage|p1b: Calyrex|0 fnt
|faint|p1b: Calyrex
|move|p2b: Zamazenta|Behemoth Bash|p1a: Whimsicott
|-activate|p1a: Whimsicott|move: Protect
|
|-weather|none
|upkeep
|
|t:|1750764445
|switch|p1b: Kyogre|Kyogre, L50|24/100
|-weather|RainDance|[from] ability: Drizzle|[of] p1b: Kyogre
|turn|8
|
|t:|1750764455
|move|p1a: Whimsicott|Tailwind|p1a: Whimsicott
|-sidestart|p1: ones1ngleplayer|move: Tailwind
|move|p2a: Miraidon|Electro Drift|p1b: Kyogre
|-supereffective|p1b: Kyogre
|-damage|p1b: Kyogre|0 fnt
|faint|p1b: Kyogre
|move|p2b: Zamazenta|Behemoth Bash|p1a: Whimsicott
|-supereffective|p1a: Whimsicott
|-damage|p1a: Whimsicott|0 fnt
|faint|p1a: Whimsicott
|
|win|xdenoniox
|raw|ones1ngleplayer's rating: 1356 &rarr; <strong>1340</strong><br />(-16 for losing)
|raw|xdenoniox's rating: 1435 &rarr; <strong>1451</strong><br />(+16 for winning)
