|j|☆neebieplayersea
|j|☆The Lesko
|t:|1750720325
|gametype|doubles
|player|p1|neebieplayersea|265|1676
|player|p2|The Lesko|acetrainer-gen4dp|1584
|teamsize|p1|6
|teamsize|p2|6
|gen|9
|tier|[Gen 9] VGC 2025 Reg I
|rated|
|rule|Species Clause: Limit one of each Pokémon
|rule|Item Clause: Limit 1 of each item
|clearpoke
|poke|p1|Miraidon, L50|
|poke|p1|Calyrex-Ice, L50|
|poke|p1|Urshifu-*, L50, F|
|poke|p1|Incineroar, L50, F|
|poke|p1|Ditto, L50|
|poke|p1|Tornadus, L50, M|
|poke|p2|Lunala, L50|
|poke|p2|Miraidon, L50|
|poke|p2|Urshifu-*, L50, M|
|poke|p2|Iron Hands, L50|
|poke|p2|Incineroar, L50, F|
|poke|p2|Iron Leaves, L50|
|teampreview|4
|c|☆The Lesko|glhf
|c|☆The Lesko|man i hate ditto lol
|
|t:|1750720376
|start
|switch|p1a: Urshifu|Urshifu-Rapid-Strike, L50, F|100/100
|switch|p1b: Calyrex|Calyrex-Ice, L50|100/100
|switch|p2a: RAOUF|Urshifu-Rapid-Strike, L50, M|100/100
|switch|p2b: Lakovievic|Lunala, L50|100/100
|-ability|p1b: Calyrex|As One
|-ability|p1b: Calyrex|Unnerve
|turn|1
|
|t:|1750720394
|-terastallize|p1b: Calyrex|Dragon
|move|p2a: RAOUF|U-turn|p1b: Calyrex
|-damage|p1b: Calyrex|84/100
|
|t:|1750720403
|switch|p2a: Il Vesc|Miraidon, L50|100/100|[from] U-turn
|-fieldstart|move: Electric Terrain|[from] ability: Hadron Engine|[of] p2a: Il Vesc
|-enditem|p2b: Lakovievic|Electric Seed
|-boost|p2b: Lakovievic|def|1|[from] item: Electric Seed
|move|p2b: Lakovievic|Psychic|p1a: Urshifu
|-supereffective|p1a: Urshifu
|-damage|p1a: Urshifu|0 fnt
|faint|p1a: Urshifu
|move|p1b: Calyrex|Glacial Lance|p2a: Il Vesc|[spread] p2a,p2b
|-supereffective|p2a: Il Vesc
|-damage|p2a: Il Vesc|0 fnt
|-damage|p2b: Lakovievic|86/100
|faint|p2a: Il Vesc
|-ability|p1b: Calyrex|Chilling Neigh|boost
|-boost|p1b: Calyrex|atk|1
|
|upkeep
|
|t:|1750720424
|switch|p2a: TiaConty|Iron Leaves, L50|100/100
|switch|p1a: Miraidon|Miraidon, L50|100/100
|-activate|p1a: Miraidon|ability: Hadron Engine
|-activate|p2a: TiaConty|ability: Quark Drive
|-start|p2a: TiaConty|quarkdrivespe
|turn|2
|inactive|Battle timer is ON: inactive players will automatically lose when time's up. (requested by The Lesko)
|
|t:|1750720449
|switch|p1b: Incineroar|Incineroar, L50, F|100/100
|-ability|p1b: Incineroar|Intimidate|boost
|-unboost|p2a: TiaConty|atk|1
|-unboost|p2b: Lakovievic|atk|1
|-terastallize|p2b: Lakovievic|Fire
|move|p2a: TiaConty|Psyblade|p1a: Miraidon
|-damage|p1a: Miraidon|41/100
|move|p1a: Miraidon|Electro Drift|p2b: Lakovievic
|-damage|p2b: Lakovievic|0 fnt
|faint|p2b: Lakovievic
|
|upkeep
|
|t:|1750720463
|switch|p2b: RAOUF|Urshifu-Rapid-Strike, L50, M|100/100
|turn|3
|
|t:|1750720477
|switch|p1a: Calyrex|Calyrex-Ice, L50, tera:Dragon|84/100
|-ability|p1a: Calyrex|As One
|-ability|p1a: Calyrex|Unnerve
|move|p1b: Incineroar|Fake Out|p2b: RAOUF
|-damage|p2b: RAOUF|91/100
|move|p2a: TiaConty|Psyblade|p1a: Calyrex
|-damage|p1a: Calyrex|50/100
|cant|p2b: RAOUF|flinch
|
|upkeep
|turn|4
|j| prahhhh
|inactive|The Lesko has 30 seconds left.
|
|t:|1750720509
|move|p2a: TiaConty|Psyblade|p1a: Calyrex
|-damage|p1a: Calyrex|15/100
|move|p2b: RAOUF|Surging Strikes|p1b: Incineroar
|-supereffective|p1b: Incineroar
|-crit|p1b: Incineroar
|-damage|p1b: Incineroar|68/100
|-supereffective|p1b: Incineroar
|-crit|p1b: Incineroar
|-damage|p1b: Incineroar|35/100
|-supereffective|p1b: Incineroar
|-crit|p1b: Incineroar
|-damage|p1b: Incineroar|5/100
|-hitcount|p1b: Incineroar|3
|move|p1b: Incineroar|Parting Shot|p2a: TiaConty
|-unboost|p2a: TiaConty|atk|1
|-unboost|p2a: TiaConty|spa|1
|
|t:|1750720522
|switch|p1b: Miraidon|Miraidon, L50|41/100|[from] Parting Shot
|-activate|p1b: Miraidon|ability: Hadron Engine
|move|p1a: Calyrex|Glacial Lance|p2b: RAOUF|[spread] p2a,p2b
|-supereffective|p2a: TiaConty
|-resisted|p2b: RAOUF
|-damage|p2a: TiaConty|0 fnt
|-damage|p2b: RAOUF|61/100
|faint|p2a: TiaConty
|-end|p2a: TiaConty|Quark Drive|[silent]
|-ability|p1a: Calyrex|Chilling Neigh|boost
|-boost|p1a: Calyrex|atk|1
|
|upkeep
|turn|5
|
|t:|1750720539
|move|p2b: RAOUF|Surging Strikes|p1b: Miraidon
|-resisted|p1b: Miraidon
|-crit|p1b: Miraidon
|-damage|p1b: Miraidon|31/100
|-resisted|p1b: Miraidon
|-crit|p1b: Miraidon
|-damage|p1b: Miraidon|20/100
|-resisted|p1b: Miraidon
|-crit|p1b: Miraidon
|-damage|p1b: Miraidon|10/100
|-hitcount|p1b: Miraidon|3
|move|p1b: Miraidon|Electro Drift|p2b: RAOUF
|-supereffective|p2b: RAOUF
|-damage|p2b: RAOUF|0 fnt
|faint|p2b: RAOUF
|
|win|neebieplayersea
|raw|neebieplayersea's rating: 1676 &rarr; <strong>1691</strong><br />(+15 for winning)
|raw|The Lesko's rating: 1584 &rarr; <strong>1569</strong><br />(-15 for losing)
|l|☆The Lesko
|player|p2|
|l| prahhhh
