|j|☆Onemagician4496
|j|☆something123
|t:|1750750217
|gametype|doubles
|player|p1|Onemagician4496|steven|1632
|player|p2|something123|102|1765
|teamsize|p1|6
|teamsize|p2|6
|gen|9
|tier|[Gen 9] VGC 2025 Reg I
|rated|
|rule|Species Clause: Limit one of each Pokémon
|rule|Item Clause: Limit 1 of each item
|clearpoke
|poke|p1|Incineroar, L50, F|
|poke|p1|Koraidon, L50|
|poke|p1|Flutter Mane, L50|
|poke|p1|Amoonguss, L50, M|
|poke|p1|Calyrex-Ice, L50|
|poke|p1|Annihilape, L50, F|
|poke|p2|Calyrex-Ice, L50|
|poke|p2|Kyogre, L50|
|poke|p2|Iron Jugulis, L50|
|poke|p2|Urshifu-*, L50, F|
|poke|p2|Rhyperior, L50, M|
|poke|p2|Amoonguss, L50, F|
|teampreview|4
|inactive|Battle timer is ON: inactive players will automatically lose when time's up. (requested by Onemagician4496)
|j| Xxip
|
|t:|1750750244
|start
|switch|p1a: Calyrex|Calyrex-Ice, L50|100/100
|switch|p1b: Annihilape|Annihilape, L50, F|100/100
|switch|p2a: Kyogre|Kyogre, L50|100/100
|switch|p2b: Iron Jugulis|Iron Jugulis, L50|100/100
|-ability|p1a: Calyrex|As One
|-ability|p1a: Calyrex|Unnerve
|-weather|RainDance|[from] ability: Drizzle|[of] p2a: Kyogre
|-enditem|p2b: Iron Jugulis|Booster Energy
|-activate|p2b: Iron Jugulis|ability: Quark Drive|[fromitem]
|-start|p2b: Iron Jugulis|quarkdrivespe
|turn|1
|inactive|something123 has 30 seconds left.
|l| Xxip
|inactive|something123 has 20 seconds left.
|inactive|something123 has 15 seconds left.
|inactive|something123 has 10 seconds left.
|inactive|something123 has 5 seconds left.
|
|t:|1750750297
|switch|p1b: Koraidon|Koraidon, L50|100/100
|-weather|SunnyDay|[from] ability: Orichalcum Pulse|[of] p1b: Koraidon
|-activate|p1b: Koraidon|Orichalcum Pulse|[source]
|-terastallize|p2b: Iron Jugulis|Fire
|move|p2b: Iron Jugulis|Hurricane|p1b: Koraidon|[miss]
|-miss|p2b: Iron Jugulis|p1b: Koraidon
|move|p2a: Kyogre|Water Spout|p1b: Koraidon|[spread] p1a,p1b
|-resisted|p1b: Koraidon
|-crit|p1b: Koraidon
|-damage|p1a: Calyrex|74/100
|-damage|p1b: Koraidon|65/100
|move|p1a: Calyrex|Glacial Lance|p2a: Kyogre|[spread] p2a,p2b
|-resisted|p2a: Kyogre
|-resisted|p2b: Iron Jugulis
|-damage|p2a: Kyogre|75/100
|-damage|p2b: Iron Jugulis|74/100
|
|-weather|SunnyDay|[upkeep]
|-heal|p1a: Calyrex|80/100|[from] item: Leftovers
|upkeep
|turn|2
|inactive|Onemagician4496 has 30 seconds left.
|inactive|something123 has 30 seconds left.
|inactive|Onemagician4496 has 20 seconds left.
|inactive|something123 has 20 seconds left.
|inactive|Onemagician4496 has 15 seconds left.
|
|t:|1750750339
|switch|p2a: Urshifu|Urshifu-Rapid-Strike, L50, F|100/100
|-terastallize|p1b: Koraidon|Fire
|move|p2b: Iron Jugulis|Hurricane|p1b: Koraidon|[miss]
|-miss|p2b: Iron Jugulis|p1b: Koraidon
|move|p1b: Koraidon|Scale Shot|p2b: Iron Jugulis
|-damage|p2b: Iron Jugulis|56/100
|-damage|p2b: Iron Jugulis|37/100
|-damage|p2b: Iron Jugulis|17/100
|-damage|p2b: Iron Jugulis|0 fnt
|faint|p2b: Iron Jugulis
|-end|p2b: Iron Jugulis|Quark Drive|[silent]
|-hitcount|p2: Iron Jugulis|4
|-unboost|p1b: Koraidon|def|1
|-boost|p1b: Koraidon|spe|1
|move|p1a: Calyrex|Leech Seed|p2a: Urshifu
|-start|p2a: Urshifu|move: Leech Seed
|
|-weather|SunnyDay|[upkeep]
|-heal|p1a: Calyrex|86/100|[from] item: Leftovers
|-damage|p2a: Urshifu|88/100|[from] Leech Seed|[of] p1a: Calyrex
|-heal|p1a: Calyrex|97/100|[silent]
|upkeep
|c|☆something123|f
|
|t:|1750750352
|switch|p2b: Kyogre|Kyogre, L50|75/100
|-weather|RainDance|[from] ability: Drizzle|[of] p2b: Kyogre
|turn|3
|
|t:|1750750364
|switch|p1b: Incineroar|Incineroar, L50, F|100/100
|-ability|p1b: Incineroar|Intimidate|boost
|-unboost|p2a: Urshifu|atk|1
|-unboost|p2b: Kyogre|atk|1
|move|p1a: Calyrex|Protect|p1a: Calyrex
|-singleturn|p1a: Calyrex|Protect
|move|p2b: Kyogre|Origin Pulse|p1b: Incineroar|[spread] 
|-activate|p1a: Calyrex|move: Protect
|-miss|p2b: Kyogre|p1b: Incineroar
|move|p2a: Urshifu|U-turn|p1a: Calyrex
|-supereffective|p1a: Calyrex
|-damage|p1a: Calyrex|65/100
|c|☆something123|omg...
|
|t:|1750750377
|switch|p2a: Calyrex|Calyrex-Ice, L50|100/100|[from] U-turn
|-ability|p2a: Calyrex|As One
|-ability|p2a: Calyrex|Unnerve
|
|-weather|RainDance|[upkeep]
|-heal|p1a: Calyrex|71/100|[from] item: Leftovers
|upkeep
|turn|4
|
|t:|1750750388
|switch|p2b: Urshifu|Urshifu-Rapid-Strike, L50, F|88/100
|move|p2a: Calyrex|Protect|p2a: Calyrex
|-singleturn|p2a: Calyrex|Protect
|move|p1b: Incineroar|Fake Out|p2b: Urshifu
|-damage|p2b: Urshifu|78/100
|move|p1a: Calyrex|Leech Seed|p2a: Calyrex
|-activate|p2a: Calyrex|move: Protect
|
|-weather|RainDance|[upkeep]
|-heal|p1a: Calyrex|76/100|[from] item: Leftovers
|upkeep
|turn|5
|
|t:|1750750410
|move|p2b: Urshifu|U-turn|p1a: Calyrex
|-supereffective|p1a: Calyrex
|-damage|p1a: Calyrex|26/100
|
|t:|1750750413
|switch|p2b: Kyogre|Kyogre, L50|75/100|[from] U-turn
|move|p2a: Calyrex|Glacial Lance|p1b: Incineroar|[spread] p1a,p1b
|-resisted|p1a: Calyrex
|-resisted|p1b: Incineroar
|-damage|p1a: Calyrex|7/100
|-damage|p1b: Incineroar|78/100
|move|p1b: Incineroar|Knock Off|p2a: Calyrex
|-supereffective|p2a: Calyrex
|-damage|p2a: Calyrex|56/100
|-enditem|p2a: Calyrex|Clear Amulet|[from] move: Knock Off|[of] p1b: Incineroar
|move|p1a: Calyrex|Leech Seed|p2a: Calyrex
|-start|p2a: Calyrex|move: Leech Seed
|
|-weather|RainDance|[upkeep]
|-heal|p1a: Calyrex|13/100|[from] item: Leftovers
|-damage|p2a: Calyrex|43/100|[from] Leech Seed|[of] p1a: Calyrex
|-heal|p1a: Calyrex|25/100|[silent]
|upkeep
|turn|6
|inactive|Onemagician4496 has 30 seconds left.
|inactive|something123 has 30 seconds left.
|inactive|Onemagician4496 has 20 seconds left.
|inactive|something123 has 20 seconds left.
|inactive|Onemagician4496 has 15 seconds left.
|inactive|something123 has 15 seconds left.
|
|t:|1750750454
|move|p1a: Calyrex|Protect|p1a: Calyrex
|-singleturn|p1a: Calyrex|Protect
|move|p2b: Kyogre|Origin Pulse|p1b: Incineroar|[spread] 
|-activate|p1a: Calyrex|move: Protect
|-miss|p2b: Kyogre|p1b: Incineroar
|move|p1b: Incineroar|U-turn|p2b: Kyogre
|-damage|p2b: Kyogre|56/100
|c|☆something123|wtf
|
|t:|1750750464
|switch|p1b: Koraidon|Koraidon, L50, tera:Fire|65/100|[from] U-turn
|-weather|SunnyDay|[from] ability: Orichalcum Pulse|[of] p1b: Koraidon
|-activate|p1b: Koraidon|Orichalcum Pulse|[source]
|move|p2a: Calyrex|Trick Room|p2a: Calyrex
|-fieldstart|move: Trick Room|[of] p2a: Calyrex
|
|-weather|SunnyDay|[upkeep]
|-heal|p1a: Calyrex|31/100|[from] item: Leftovers
|-damage|p2a: Calyrex|30/100|[from] Leech Seed|[of] p1a: Calyrex
|-heal|p1a: Calyrex|43/100|[silent]
|upkeep
|turn|7
|inactive|something123 has 30 seconds left.
|
|t:|1750750495
|switch|p1b: Incineroar|Incineroar, L50, F|78/100
|-ability|p1b: Incineroar|Intimidate|boost
|-unboost|p2a: Calyrex|atk|1
|-unboost|p2b: Kyogre|atk|1
|move|p1a: Calyrex|Glacial Lance|p2b: Kyogre|[spread] p2a,p2b
|-resisted|p2a: Calyrex
|-resisted|p2b: Kyogre
|-damage|p2a: Calyrex|13/100
|-damage|p2b: Kyogre|31/100
|move|p2a: Calyrex|Seed Bomb|p1a: Calyrex
|-damage|p1a: Calyrex|29/100
|move|p2b: Kyogre|Origin Pulse|p1b: Incineroar|[spread] p1a,p1b
|-supereffective|p1b: Incineroar
|-damage|p1a: Calyrex|8/100
|-damage|p1b: Incineroar|33/100
|
|-weather|SunnyDay|[upkeep]
|-heal|p1a: Calyrex|14/100|[from] item: Leftovers
|-damage|p2a: Calyrex|0 fnt|[from] Leech Seed|[of] p1a: Calyrex
|-heal|p1a: Calyrex|26/100|[silent]
|faint|p2a: Calyrex
|upkeep
|
|t:|1750750508
|switch|p2a: Urshifu|Urshifu-Rapid-Strike, L50, F|78/100
|turn|8
|
|t:|1750750521
|move|p1a: Calyrex|Leech Seed|p2a: Urshifu
|-start|p2a: Urshifu|move: Leech Seed
|move|p1b: Incineroar|Knock Off|p2b: Kyogre
|-damage|p2b: Kyogre|0 fnt
|-enditem|p2b: Kyogre|Choice Specs|[from] move: Knock Off|[of] p1b: Incineroar
|faint|p2b: Kyogre
|move|p2a: Urshifu|Surging Strikes|p1a: Calyrex
|-crit|p1a: Calyrex
|-damage|p1a: Calyrex|16/100
|-crit|p1a: Calyrex
|-damage|p1a: Calyrex|5/100
|-crit|p1a: Calyrex
|-damage|p1a: Calyrex|0 fnt
|faint|p1a: Calyrex
|-hitcount|p1: Calyrex|3
|
|-weather|SunnyDay|[upkeep]
|upkeep
|
|t:|1750750535
|switch|p1a: Koraidon|Koraidon, L50, tera:Fire|65/100
|-activate|p1a: Koraidon|ability: Orichalcum Pulse
|turn|9
|
|t:|1750750541
|move|p1b: Incineroar|Knock Off|p2a: Urshifu
|-resisted|p2a: Urshifu
|-damage|p2a: Urshifu|62/100
|-enditem|p2a: Urshifu|Choice Band|[from] move: Knock Off|[of] p1b: Incineroar
|move|p2a: Urshifu|Surging Strikes|p1a: Koraidon
|-supereffective|p1a: Koraidon
|-crit|p1a: Koraidon
|-damage|p1a: Koraidon|45/100
|-supereffective|p1a: Koraidon
|-crit|p1a: Koraidon
|-damage|p1a: Koraidon|27/100
|-supereffective|p1a: Koraidon
|-crit|p1a: Koraidon
|-damage|p1a: Koraidon|11/100
|-hitcount|p1a: Koraidon|3
|move|p1a: Koraidon|Scale Shot|p2a: Urshifu
|-damage|p2a: Urshifu|44/100
|-damage|p2a: Urshifu|27/100
|-damage|p2a: Urshifu|9/100
|-damage|p2a: Urshifu|0 fnt
|faint|p2a: Urshifu
|-hitcount|p2: Urshifu|4
|
|win|Onemagician4496
|raw|Onemagician4496's rating: 1632 &rarr; <strong>1659</strong><br />(+27 for winning)
|raw|something123's rating: 1765 &rarr; <strong>1738</strong><br />(-27 for losing)
|l|☆something123
|player|p2|
|l|☆Onemagician4496
|player|p1|
