|j|☆jimbo3million
|j|☆GG=Groudon Gaming
|t:|1750835187
|gametype|doubles
|player|p1|jimbo3million|2|1076
|player|p2|GG=Groudon Gaming|acerola-masters2|1123
|teamsize|p1|6
|teamsize|p2|6
|gen|9
|tier|[Gen 9] VGC 2025 Reg I
|rated|
|rule|Species Clause: Limit one of each Pokémon
|rule|Item Clause: Limit 1 of each item
|clearpoke
|poke|p1|Zacian-*, L50|
|poke|p1|Kyogre, L50|
|poke|p1|Chien-Pao, L50|
|poke|p1|Urshifu-*, L50, M|
|poke|p1|Roaring Moon, L50|
|poke|p1|Amoonguss, L50, M|
|poke|p2|Groudon, L50|
|poke|p2|Miraidon, L50|
|poke|p2|Entei, L50|
|poke|p2|Whimsicott, L50, F|
|poke|p2|Flutter Mane, L50|
|poke|p2|Volcarona, L50, M|
|teampreview|4
|inactive|Battle timer is ON: inactive players will automatically lose when time's up. (requested by GG=Groudon Gaming)
|
|t:|1750835209
|start
|switch|p1a: Kyogre|Kyogre, L50|100/100
|switch|p1b: Roaring Moon|Roaring Moon, L50|100/100
|switch|p2a: Miraidon|Miraidon, L50|100/100
|switch|p2b: Whimsicott|Whimsicott, L50, F|100/100
|-fieldstart|move: Electric Terrain|[from] ability: Hadron Engine|[of] p2a: Miraidon
|-weather|RainDance|[from] ability: Drizzle|[of] p1a: Kyogre
|-enditem|p1b: Roaring Moon|Booster Energy
|-activate|p1b: Roaring Moon|ability: Protosynthesis|[fromitem]
|-start|p1b: Roaring Moon|protosynthesisspe
|turn|1
|inactive|jimbo3million has 30 seconds left.
|inactive|GG=Groudon Gaming has 30 seconds left.
|
|t:|1750835244
|-terastallize|p1a: Kyogre|Grass
|move|p2b: Whimsicott|Tailwind|p2b: Whimsicott
|-sidestart|p2: GG=Groudon Gaming|move: Tailwind
|move|p2a: Miraidon|Electro Drift|p1b: Roaring Moon
|-resisted|p1b: Roaring Moon
|-damage|p1b: Roaring Moon|41/100
|move|p1b: Roaring Moon|Tailwind|p1b: Roaring Moon
|-sidestart|p1: jimbo3million|move: Tailwind
|move|p1a: Kyogre|Water Spout|p2a: Miraidon|[spread] p2a,p2b
|-resisted|p2a: Miraidon
|-crit|p2a: Miraidon
|-resisted|p2b: Whimsicott
|-damage|p2a: Miraidon|35/100
|-damage|p2b: Whimsicott|24/100
|
|-weather|RainDance|[upkeep]
|upkeep
|turn|2
|inactive|jimbo3million has 30 seconds left.
|inactive|GG=Groudon Gaming has 30 seconds left.
|inactive|jimbo3million has 20 seconds left.
|inactive|jimbo3million has 15 seconds left.
|inactive|jimbo3million has 10 seconds left.
|
|t:|1750835290
|move|p1b: Roaring Moon|Taunt|p2b: Whimsicott
|-start|p2b: Whimsicott|move: Taunt
|move|p2b: Whimsicott|Moonblast|p1b: Roaring Moon
|-supereffective|p1b: Roaring Moon
|-damage|p1b: Roaring Moon|0 fnt
|faint|p1b: Roaring Moon
|-end|p1b: Roaring Moon|Protosynthesis|[silent]
|move|p2a: Miraidon|Electro Drift|p1a: Kyogre
|-resisted|p1a: Kyogre
|-damage|p1a: Kyogre|51/100
|move|p1a: Kyogre|Water Spout|p2b: Whimsicott|[spread] p2a,p2b
|-resisted|p2a: Miraidon
|-resisted|p2b: Whimsicott
|-damage|p2a: Miraidon|10/100
|-damage|p2b: Whimsicott|0 fnt
|faint|p2b: Whimsicott
|
|-weather|RainDance|[upkeep]
|upkeep
|
|t:|1750835310
|switch|p1b: Zacian|Zacian-Crowned, L50|100/100
|switch|p2b: Groudon|Groudon, L50|100/100
|-ability|p1b: Zacian|Intrepid Sword|boost
|-boost|p1b: Zacian|atk|1
|-weather|SunnyDay|[from] ability: Drought|[of] p2b: Groudon
|turn|3
|inactive|jimbo3million has 30 seconds left.
|
|t:|1750835339
|-terastallize|p2b: Groudon|Fire
|move|p1a: Kyogre|Protect|p1a: Kyogre
|-singleturn|p1a: Kyogre|Protect
|move|p1b: Zacian|Behemoth Blade|p2a: Miraidon
|-resisted|p2a: Miraidon
|-damage|p2a: Miraidon|0 fnt
|faint|p2a: Miraidon
|move|p2b: Groudon|Precipice Blades|p1a: Kyogre|[spread] 
|-activate|p1a: Kyogre|move: Protect
|-miss|p2b: Groudon|p1b: Zacian
|
|-weather|SunnyDay|[upkeep]
|upkeep
|
|t:|1750835344
|switch|p2a: Flutter Mane|Flutter Mane, L50|100/100
|-activate|p2a: Flutter Mane|ability: Protosynthesis
|-start|p2a: Flutter Mane|protosynthesisspe
|turn|4
|inactive|jimbo3million has 30 seconds left.
|
|t:|1750835378
|switch|p1a: Urshifu|Urshifu-Rapid-Strike, L50, M|100/100
|move|p1b: Zacian|Protect|p1b: Zacian
|-singleturn|p1b: Zacian|Protect
|move|p2a: Flutter Mane|Moonblast|p1a: Urshifu
|-supereffective|p1a: Urshifu
|-damage|p1a: Urshifu|0 fnt
|faint|p1a: Urshifu
|move|p2b: Groudon|Precipice Blades|p1b: Zacian
|-activate|p1b: Zacian|move: Protect
|
|-weather|SunnyDay|[upkeep]
|-sideend|p2: GG=Groudon Gaming|move: Tailwind
|-sideend|p1: jimbo3million|move: Tailwind
|upkeep
|
|t:|1750835392
|switch|p1a: Kyogre|Kyogre, L50, tera:Grass|51/100
|-weather|RainDance|[from] ability: Drizzle|[of] p1a: Kyogre
|-end|p2a: Flutter Mane|Protosynthesis
|turn|5
|
|t:|1750835411
|move|p2b: Groudon|Helping Hand|p2a: Flutter Mane
|-singleturn|p2a: Flutter Mane|Helping Hand|[of] p2b: Groudon
|move|p1b: Zacian|Behemoth Blade|p2a: Flutter Mane
|-supereffective|p2a: Flutter Mane
|-enditem|p2a: Flutter Mane|Focus Sash
|-damage|p2a: Flutter Mane|1/100
|move|p2a: Flutter Mane|Moonblast|p1a: Kyogre
|-damage|p1a: Kyogre|0 fnt
|faint|p1a: Kyogre
|
|-weather|RainDance|[upkeep]
|-fieldend|move: Electric Terrain
|upkeep
|turn|6
|
|t:|1750835428
|move|p1b: Zacian|Behemoth Blade|p2b: Groudon
|-resisted|p2b: Groudon
|-damage|p2b: Groudon|76/100
|move|p2a: Flutter Mane|Moonblast|p1b: Zacian
|-resisted|p1b: Zacian
|-damage|p1b: Zacian|81/100
|-unboost|p1b: Zacian|spa|1
|move|p2b: Groudon|Precipice Blades|p1b: Zacian
|-supereffective|p1b: Zacian
|-damage|p1b: Zacian|0 fnt
|faint|p1b: Zacian
|
|win|GG=Groudon Gaming
|raw|jimbo3million's rating: 1076 &rarr; <strong>1057</strong><br />(-19 for losing)
|raw|GG=Groudon Gaming's rating: 1123 &rarr; <strong>1145</strong><br />(+22 for winning)
