|j|☆Hikawari
|j|☆It'sJustKen VGC
|t:|1750811445
|gametype|doubles
|player|p1|Hikawari|1|1679
|player|p2|It'sJustKen VGC|caitlin|1688
|teamsize|p1|6
|teamsize|p2|6
|gen|9
|tier|[Gen 9] VGC 2025 Reg I
|rated|
|rule|Species Clause: Limit one of each Pokémon
|rule|Item Clause: Limit 1 of each item
|clearpoke
|poke|p1|Zamazenta-*, L50|
|poke|p1|Calyrex-Shadow, L50|
|poke|p1|Urshifu-*, L50, F|
|poke|p1|Amoonguss, L50, M|
|poke|p1|Chien-Pao, L50|
|poke|p1|Ogerpon-Cornerstone, L50, F|
|poke|p2|Incineroar, L50, F|
|poke|p2|Urshifu-*, L50, M|
|poke|p2|Amoonguss, L50, F|
|poke|p2|Calyrex-Shadow, L50|
|poke|p2|Tornadus, L50, M|
|poke|p2|Terapagos, L50, M|
|teampreview|4
|inactive|Battle timer is ON: inactive players will automatically lose when time's up. (requested by It'sJustKen VGC)
Hikawari has agreed to open team sheets.
|inactive|It'sJustKen VGC has 60 seconds left.
|inactive|It'sJustKen VGC has 30 seconds left.
|
|t:|1750811514
|start
|switch|p1a: Calyrex|Calyrex-Shadow, L50|100/100
|switch|p1b: Zamazenta|Zamazenta-Crowned, L50|100/100
|switch|p2a: @Not Wolfe Glick|Incineroar, L50, F|100/100
|switch|p2b: Steven He|Urshifu-Rapid-Strike, L50, M|100/100
|-ability|p1a: Calyrex|As One
|-ability|p1a: Calyrex|Unnerve
|-ability|p1b: Zamazenta|Dauntless Shield|boost
|-boost|p1b: Zamazenta|def|1
|-ability|p2a: @Not Wolfe Glick|Intimidate|boost
|-unboost|p1a: Calyrex|atk|1
|-unboost|p1b: Zamazenta|atk|1
|turn|1
|j| ryou_zero
|inactive|It'sJustKen VGC has 30 seconds left.
|
|t:|1750811544
|switch|p1a: Ogerpon|Ogerpon-Cornerstone, L50, F|100/100
|switch|p2a: PTSD Mushroom|Amoonguss, L50, F|100/100
|move|p2b: Steven He|U-turn|p1a: Ogerpon
|-supereffective|p1a: Ogerpon
|-damage|p1a: Ogerpon|36/100
|
|t:|1750811549
|switch|p2b: Chicken Jockey|Calyrex-Shadow, L50|100/100|[from] U-turn
|-ability|p2b: Chicken Jockey|As One
|-ability|p2b: Chicken Jockey|Unnerve
|move|p1b: Zamazenta|Body Press|p2a: PTSD Mushroom
|-resisted|p2a: PTSD Mushroom
|-damage|p2a: PTSD Mushroom|70/100
|
|upkeep
|turn|2
|
|t:|1750811557
|switch|p2a: Steven He|Urshifu-Rapid-Strike, L50, M|100/100
|move|p2b: Chicken Jockey|Astral Barrage|p1a: Ogerpon|[spread] p1a,p1b
|-crit|p1a: Ogerpon
|-damage|p1a: Ogerpon|0 fnt
|-damage|p1b: Zamazenta|41/100
|faint|p1a: Ogerpon
|-ability|p2b: Chicken Jockey|Grim Neigh|boost
|-boost|p2b: Chicken Jockey|spa|1
|-damage|p2b: Chicken Jockey|91/100|[from] item: Life Orb
|move|p1b: Zamazenta|Heavy Slam|p2a: Steven He
|-resisted|p2a: Steven He
|-damage|p2a: Steven He|84/100
|
|upkeep
|
|t:|1750811563
|switch|p1a: Calyrex|Calyrex-Shadow, L50|100/100
|-ability|p1a: Calyrex|As One
|-ability|p1a: Calyrex|Unnerve
|turn|3
|j| zagmaer
|l| ryou_zero
|
|t:|1750811570
|switch|p2b: @Not Wolfe Glick|Incineroar, L50, F|100/100
|-ability|p2b: @Not Wolfe Glick|Intimidate|boost
|-unboost|p1a: Calyrex|atk|1
|-unboost|p1b: Zamazenta|atk|1
|-terastallize|p1a: Calyrex|Normal
|move|p2a: Steven He|U-turn|p1a: Calyrex
|-damage|p1a: Calyrex|69/100
|
|t:|1750811574
|switch|p2a: PTSD Mushroom|Amoonguss, L50, F|100/100|[from] U-turn
|move|p1a: Calyrex|Astral Barrage|p2b: @Not Wolfe Glick|[spread] p2a,p2b
|-resisted|p2b: @Not Wolfe Glick
|-damage|p2a: PTSD Mushroom|46/100
|-damage|p2b: @Not Wolfe Glick|78/100
|-damage|p1a: Calyrex|59/100|[from] item: Life Orb
|move|p1b: Zamazenta|Body Press|p2a: PTSD Mushroom
|-resisted|p2a: PTSD Mushroom
|-damage|p2a: PTSD Mushroom|18/100
|
|upkeep
|turn|4
|
|t:|1750811589
|switch|p2a: Steven He|Urshifu-Rapid-Strike, L50, M|84/100
|move|p1a: Calyrex|Protect|p1a: Calyrex
|-singleturn|p1a: Calyrex|Protect
|move|p1b: Zamazenta|Protect|p1b: Zamazenta
|-singleturn|p1b: Zamazenta|Protect
|move|p2b: @Not Wolfe Glick|Fake Out|p1a: Calyrex
|-activate|p1a: Calyrex|move: Protect
|
|upkeep
|turn|5
|inactive|It'sJustKen VGC has 30 seconds left.
|inactive|It'sJustKen VGC has 20 seconds left.
|inactive|It'sJustKen VGC has 15 seconds left.
|inactive|It'sJustKen VGC has 10 seconds left.
|inactive|It'sJustKen VGC has 5 seconds left.
|
|t:|1750811644
|switch|p1a: Chien-Pao|Chien-Pao, L50|100/100
|-ability|p1a: Chien-Pao|Sword of Ruin
|move|p2b: @Not Wolfe Glick|Fake Out||[still]
|-hint|Fake Out only works on your first turn out.
|-fail|p2b: @Not Wolfe Glick
|move|p2a: Steven He|Surging Strikes|p1a: Chien-Pao
|-crit|p1a: Chien-Pao
|-damage|p1a: Chien-Pao|69/100
|-crit|p1a: Chien-Pao
|-damage|p1a: Chien-Pao|40/100
|-crit|p1a: Chien-Pao
|-damage|p1a: Chien-Pao|11/100
|-hitcount|p1a: Chien-Pao|3
|move|p1b: Zamazenta|Body Press|p2a: Steven He
|-damage|p2a: Steven He|0 fnt
|faint|p2a: Steven He
|
|upkeep
|
|t:|1750811650
|switch|p2a: PTSD Mushroom|Amoonguss, L50, F|51/100
|turn|6
|
|t:|1750811656
|switch|p2b: Chicken Jockey|Calyrex-Shadow, L50|91/100
|-ability|p2b: Chicken Jockey|As One
|-ability|p2b: Chicken Jockey|Unnerve
|move|p2a: PTSD Mushroom|Protect|p2a: PTSD Mushroom
|-singleturn|p2a: PTSD Mushroom|Protect
|move|p1a: Chien-Pao|Icicle Crash|p2a: PTSD Mushroom
|-activate|p2a: PTSD Mushroom|move: Protect
|move|p1b: Zamazenta|Body Press|p2b: Chicken Jockey
|-immune|p2b: Chicken Jockey
|
|upkeep
|turn|7
|
|t:|1750811667
|switch|p2a: @Not Wolfe Glick|Incineroar, L50, F|78/100
|-ability|p2a: @Not Wolfe Glick|Intimidate|boost
|-unboost|p1a: Chien-Pao|atk|1
|-unboost|p1b: Zamazenta|atk|1
|-terastallize|p2b: Chicken Jockey|Ghost
|move|p1b: Zamazenta|Wide Guard|p1b: Zamazenta
|-singleturn|p1b: Zamazenta|Wide Guard
|move|p2b: Chicken Jockey|Astral Barrage|p1b: Zamazenta|[spread] 
|-activate|p1a: Chien-Pao|move: Wide Guard
|-activate|p1b: Zamazenta|move: Wide Guard
|move|p1a: Chien-Pao|Icicle Crash|p2a: @Not Wolfe Glick
|-resisted|p2a: @Not Wolfe Glick
|-damage|p2a: @Not Wolfe Glick|55/100
|
|upkeep
|turn|8
|
|t:|1750811685
|move|p1a: Chien-Pao|Protect|p1a: Chien-Pao
|-singleturn|p1a: Chien-Pao|Protect
|move|p2b: Chicken Jockey|Shadow Ball|p1b: Zamazenta
|-crit|p1b: Zamazenta
|-damage|p1b: Zamazenta|0 fnt
|faint|p1b: Zamazenta
|-ability|p2b: Chicken Jockey|Grim Neigh|boost
|-boost|p2b: Chicken Jockey|spa|1
|-damage|p2b: Chicken Jockey|81/100|[from] item: Life Orb
|move|p2a: @Not Wolfe Glick|U-turn|p1a: Chien-Pao
|-activate|p1a: Chien-Pao|move: Protect
|
|upkeep
|j| ryou_zero
|l| ryou_zero
|
|t:|1750811690
|switch|p1b: Calyrex|Calyrex-Shadow, L50, tera:Normal|59/100
|-ability|p1b: Calyrex|As One
|-ability|p1b: Calyrex|Unnerve
|turn|9
|
|t:|1750811705
|switch|p2b: PTSD Mushroom|Amoonguss, L50, F|84/100
|move|p1b: Calyrex|Astral Barrage|p2a: @Not Wolfe Glick|[spread] p2a,p2b
|-resisted|p2a: @Not Wolfe Glick
|-damage|p2a: @Not Wolfe Glick|33/100
|-damage|p2b: PTSD Mushroom|23/100
|-damage|p1b: Calyrex|49/100|[from] item: Life Orb
|move|p1a: Chien-Pao|Icicle Crash|p2a: @Not Wolfe Glick
|-resisted|p2a: @Not Wolfe Glick
|-damage|p2a: @Not Wolfe Glick|12/100
|move|p2a: @Not Wolfe Glick|Flare Blitz|p1b: Calyrex
|-damage|p1b: Calyrex|0 fnt
|-enditem|p2b: PTSD Mushroom|Sitrus Berry|[eat]
|-heal|p2b: PTSD Mushroom|48/100|[from] item: Sitrus Berry
|faint|p1b: Calyrex
|-damage|p2a: @Not Wolfe Glick|0 fnt|[from] Recoil
|faint|p2a: @Not Wolfe Glick
|
|upkeep
|
|t:|1750811708
|switch|p2a: Chicken Jockey|Calyrex-Shadow, L50, tera:Ghost|81/100
|-ability|p2a: Chicken Jockey|As One
|-ability|p2a: Chicken Jockey|Unnerve
|turn|10
|-message|Hikawari forfeited.
|
|win|It'sJustKen VGC
|raw|Hikawari's rating: 1679 &rarr; <strong>1660</strong><br />(-19 for losing)
|raw|It&apos;sJustKen VGC's rating: 1688 &rarr; <strong>1707</strong><br />(+19 for winning)
|l|☆Hikawari
|player|p1|
|l| zagmaer
|l|☆It'sJustKen VGC
|player|p2|
