|j|☆KogaAF1219
|j|☆Zugucapretta
|t:|1750714004
|gametype|doubles
|player|p1|KogaAF1219|koga|1355
|player|p2|Zugucapretta|102|1452
|teamsize|p1|6
|teamsize|p2|6
|gen|9
|tier|[Gen 9] VGC 2025 Reg I
|rated|
|rule|Species Clause: Limit one of each Pokémon
|rule|Item Clause: Limit 1 of each item
|clearpoke
|poke|p1|Indeedee, L50, M|
|poke|p1|Illumise, L50, F|
|poke|p1|Kyogre, L50|
|poke|p1|Urshifu-*, L50, M|
|poke|p1|Calyrex-Shadow, L50|
|poke|p1|Gastrodon, L50, M|
|poke|p2|Calyrex-Shadow, L50|
|poke|p2|Kingambit, L50, M|
|poke|p2|Incineroar, L50, M|
|poke|p2|Koraidon, L50|
|poke|p2|Great Tusk, L50|
|poke|p2|Ogerpon-Hearthflame, L50, F|
|teampreview|4
KogaAF1219 has agreed to open team sheets.
|inactive|Battle timer is ON: inactive players will automatically lose when time's up. (requested by KogaAF1219)
|
|t:|1750714040
|start
|switch|p1a: Illumise|Illumise, L50, F|100/100
|switch|p1b: Kyogre|Kyogre, L50|100/100
|switch|p2a: La Forchetta|Kingambit, L50, M|100/100
|switch|p2b: Kali|Calyrex-Shadow, L50|100/100
|-ability|p2b: Kali|As One
|-ability|p2b: Kali|Unnerve
|-weather|RainDance|[from] ability: Drizzle|[of] p1b: Kyogre
|turn|1
|
|t:|1750714064
|switch|p2b: Fazzone|Koraidon, L50|100/100
|-weather|SunnyDay|[from] ability: Orichalcum Pulse|[of] p2b: Fazzone
|-activate|p2b: Fazzone|Orichalcum Pulse|[source]
|move|p1a: Illumise|Rain Dance|p1a: Illumise
|-weather|RainDance
|move|p2a: La Forchetta|Sucker Punch|p1b: Kyogre
|-damage|p1b: Kyogre|55/100
|move|p1b: Kyogre|Water Spout|p2a: La Forchetta|[spread] p2a,p2b
|-resisted|p2b: Fazzone
|-damage|p2a: La Forchetta|64/100
|-damage|p2b: Fazzone|77/100
|
|-weather|RainDance|[upkeep]
|upkeep
|turn|2
|inactive|Zugucapretta has 30 seconds left.
|inactive|Zugucapretta has 20 seconds left.
|inactive|Zugucapretta has 15 seconds left.
|
|t:|1750714106
|switch|p2b: Kali|Calyrex-Shadow, L50|100/100
|-ability|p2b: Kali|As One
|-ability|p2b: Kali|Unnerve
|switch|p1a: Indeedee|Indeedee, L50, M|100/100
|-fieldstart|move: Psychic Terrain|[from] ability: Psychic Surge|[of] p1a: Indeedee
|move|p2a: La Forchetta|Sucker Punch|p1b: Kyogre
|-activate|p1b: Kyogre|move: Psychic Terrain
|move|p1b: Kyogre|Water Spout|p2b: Kali|[spread] p2a,p2b
|-damage|p2a: La Forchetta|31/100
|-damage|p2b: Kali|52/100
|
|-weather|RainDance|[upkeep]
|upkeep
|turn|3
|inactive|Zugucapretta has 30 seconds left.
|
|t:|1750714137
|move|p1b: Kyogre|Water Spout|p2a: La Forchetta|[spread] p2a,p2b
|-crit|p2b: Kali
|-damage|p2a: La Forchetta|0 fnt
|-damage|p2b: Kali|0 fnt
|faint|p2a: La Forchetta
|faint|p2b: Kali
|move|p1a: Indeedee|Expanding Force|p2: La Forchetta|[notarget]
|-fail|p1a: Indeedee
|
|-weather|RainDance|[upkeep]
|upkeep
|
|t:|1750714141
|switch|p2b: J.Zanetti|Great Tusk, L50|100/100
|switch|p2a: Fazzone|Koraidon, L50|77/100
|-weather|SunnyDay|[from] ability: Orichalcum Pulse|[of] p2a: Fazzone
|-activate|p2b: J.Zanetti|ability: Protosynthesis
|-start|p2b: J.Zanetti|protosynthesisatk
|-activate|p2a: Fazzone|Orichalcum Pulse|[source]
|turn|4
|inactive|Zugucapretta has 30 seconds left.
|inactive|Zugucapretta has 20 seconds left.
|inactive|Zugucapretta has 15 seconds left.
|inactive|Zugucapretta has 10 seconds left.
|
|t:|1750714190
|-terastallize|p2b: J.Zanetti|Ghost
|move|p1b: Kyogre|Water Spout|p2a: Fazzone|[spread] p2a,p2b
|-resisted|p2a: Fazzone
|-damage|p2a: Fazzone|69/100
|-damage|p2b: J.Zanetti|74/100
|move|p2b: J.Zanetti|Knock Off|p1a: Indeedee
|-supereffective|p1a: Indeedee
|-enditem|p1a: Indeedee|Focus Sash
|-damage|p1a: Indeedee|1/100
|move|p2a: Fazzone|Flame Charge|p1a: Indeedee
|-damage|p1a: Indeedee|0 fnt
|-boost|p2a: Fazzone|spe|1
|faint|p1a: Indeedee
|-damage|p2a: Fazzone|59/100|[from] item: Life Orb
|
|-weather|SunnyDay|[upkeep]
|upkeep
|
|t:|1750714196
|switch|p1a: Illumise|Illumise, L50, F|100/100
|turn|5
|inactive|Zugucapretta has 30 seconds left.
|inactive|Zugucapretta has 20 seconds left.
|
|t:|1750714235
|move|p1a: Illumise|Tailwind|p1a: Illumise
|-sidestart|p1: KogaAF1219|move: Tailwind
|move|p1b: Kyogre|Water Spout|p2b: J.Zanetti|[spread] p2a,p2b
|-resisted|p2a: Fazzone
|-damage|p2a: Fazzone|52/100
|-damage|p2b: J.Zanetti|47/100
|move|p2a: Fazzone|Close Combat|p1b: Kyogre
|-damage|p1b: Kyogre|0 fnt
|-unboost|p2a: Fazzone|def|1
|-unboost|p2a: Fazzone|spd|1
|faint|p1b: Kyogre
|-damage|p2a: Fazzone|42/100|[from] item: Life Orb
|move|p2b: J.Zanetti|Knock Off|p1a: Illumise
|-damage|p1a: Illumise|41/100
|-enditem|p1a: Illumise|Covert Cloak|[from] move: Knock Off|[of] p2b: J.Zanetti
|
|-weather|SunnyDay|[upkeep]
|upkeep
|
|t:|1750714240
|switch|p1b: Calyrex|Calyrex-Shadow, L50|100/100
|-ability|p1b: Calyrex|As One
|-ability|p1b: Calyrex|Unnerve
|turn|6
|-message|Zugucapretta forfeited.
|
|win|KogaAF1219
|raw|KogaAF1219's rating: 1355 &rarr; <strong>1380</strong><br />(+25 for winning)
|raw|Zugucapretta's rating: 1452 &rarr; <strong>1427</strong><br />(-25 for losing)
|l|☆Zugucapretta
|player|p2|
|l|☆KogaAF1219
|player|p1|
