|j|☆ManmcMan
|j|☆alexeido
|t:|1750796086
|gametype|doubles
|player|p1|ManmcMan|lucas|1109
|player|p2|alexeido|colress|1085
|teamsize|p1|6
|teamsize|p2|6
|gen|9
|tier|[Gen 9] VGC 2025 Reg I
|rated|
|rule|Species Clause: Limit one of each Pokémon
|rule|Item Clause: Limit 1 of each item
|clearpoke
|poke|p1|Miraidon, L50|
|poke|p1|Calyrex-Shadow, L50|
|poke|p1|Ogerpon-Wellspring, L50, F|
|poke|p1|Iron Valiant, L50|
|poke|p1|Archaludon, L50, M|
|poke|p1|Gholdengo, L50|
|poke|p2|Lanturn, L50, M|
|poke|p2|Palafin, L50, M|
|poke|p2|Urshifu-*, L50, F|
|poke|p2|Dondozo, L50, F|
|poke|p2|Tatsugiri, L50, M|
|poke|p2|Toxapex, L50, M|
|teampreview|4
|inactive|Battle timer is ON: inactive players will automatically lose when time's up. (requested by ManmcMan)
alexeido has agreed to open team sheets.
|inactive|alexeido has 60 seconds left.
|
|t:|1750796127
|start
|switch|p1a: Gholdengo|Gholdengo, L50, shiny|100/100
|switch|p1b: Archaludon|Archaludon, L50, M|100/100
|switch|p2a: Lanturn|Lanturn, L50, M, shiny|100/100
|switch|p2b: Dondozo|Dondozo, L50, F|100/100
|turn|1
|inactive|ManmcMan has 30 seconds left.
|inactive|alexeido has 30 seconds left.
|inactive|ManmcMan has 20 seconds left.
|inactive|alexeido has 20 seconds left.
|inactive|ManmcMan has 15 seconds left.
|
|t:|1750796170
|switch|p2a: Tatsugiri|Tatsugiri, L50, M|100/100
|-activate|p2a: Tatsugiri|ability: Commander|[of] p2b: Dondozo
|-boost|p2b: Dondozo|atk|2
|-boost|p2b: Dondozo|spa|2
|-boost|p2b: Dondozo|spe|2
|-boost|p2b: Dondozo|def|2
|-boost|p2b: Dondozo|spd|2
|-terastallize|p2b: Dondozo|Ground
|move|p1a: Gholdengo|Dazzling Gleam|p2a: Tatsugiri|[spread] p2b
|-miss|p1a: Gholdengo|p2a: Tatsugiri
|-damage|p2b: Dondozo|94/100
|move|p2b: Dondozo|Earthquake|p1b: Archaludon|[spread] p1a,p1b
|-miss|p2b: Dondozo|p2a: Tatsugiri
|-supereffective|p1a: Gholdengo
|-supereffective|p1b: Archaludon
|-damage|p1a: Gholdengo|0 fnt
|-damage|p1b: Archaludon|2/100
|-ability|p1b: Archaludon|Stamina|boost
|-boost|p1b: Archaludon|def|1
|faint|p1a: Gholdengo
|move|p1b: Archaludon|Thunderbolt|p2b: Dondozo
|-immune|p2b: Dondozo
|
|upkeep
|
|t:|1750796182
|switch|p1a: Calyrex|Calyrex-Shadow, L50|100/100
|-ability|p1a: Calyrex|As One
|-ability|p1a: Calyrex|Unnerve
|turn|2
|
|t:|1750796205
|move|p1a: Calyrex|Haze|p1a: Calyrex
|-clearallboost
|move|p1b: Archaludon|Thunderbolt|p2b: Dondozo
|-immune|p2b: Dondozo
|move|p2b: Dondozo|Earthquake|p1a: Calyrex|[spread] p1a,p1b
|-miss|p2b: Dondozo|p2a: Tatsugiri
|-supereffective|p1b: Archaludon
|-damage|p1a: Calyrex|61/100
|-damage|p1b: Archaludon|0 fnt
|faint|p1b: Archaludon
|
|upkeep
|
|t:|1750796217
|switch|p1b: Miraidon|Miraidon, L50|100/100
|-fieldstart|move: Electric Terrain|[from] ability: Hadron Engine|[of] p1b: Miraidon
|turn|3
|
|t:|1750796230
|move|p1a: Calyrex|Astral Barrage|p2a: Tatsugiri|[spread] p2b
|-miss|p1a: Calyrex|p2a: Tatsugiri
|-damage|p2b: Dondozo|57/100
|move|p1b: Miraidon|Dragon Pulse|p2b: Dondozo
|-damage|p2b: Dondozo|17/100
|move|p2b: Dondozo|Earthquake|p1a: Calyrex|[spread] p1a,p1b
|-miss|p2b: Dondozo|p2a: Tatsugiri
|-supereffective|p1b: Miraidon
|-damage|p1a: Calyrex|21/100
|-damage|p1b: Miraidon|38/100
|
|upkeep
|turn|4
|inactive|alexeido has 30 seconds left.
|inactive|alexeido has 20 seconds left.
|inactive|alexeido has 15 seconds left.
|inactive|alexeido has 10 seconds left.
|inactive|alexeido has 5 seconds left.
|
|t:|1750796285
|move|p1a: Calyrex|Astral Barrage|p2a: Tatsugiri|[spread] p2b
|-miss|p1a: Calyrex|p2a: Tatsugiri
|-damage|p2b: Dondozo|0 fnt
|faint|p2b: Dondozo
|-ability|p1a: Calyrex|Grim Neigh|boost
|-boost|p1a: Calyrex|spa|1
|move|p1b: Miraidon|Dragon Pulse|p2a: Tatsugiri
|-supereffective|p2a: Tatsugiri
|-crit|p2a: Tatsugiri
|-damage|p2a: Tatsugiri|0 fnt
|faint|p2a: Tatsugiri
|
|upkeep
|
|t:|1750796292
|switch|p2a: Lanturn|Lanturn, L50, M, shiny|100/100
|switch|p2b: Urshifu|Urshifu-Rapid-Strike, L50, F|100/100
|turn|5
|inactive|alexeido has 30 seconds left.
|
|t:|1750796320
|move|p1a: Calyrex|Astral Barrage|p2a: Lanturn|[spread] p2a,p2b
|-damage|p2a: Lanturn|41/100
|-damage|p2b: Urshifu|0 fnt
|faint|p2b: Urshifu
|-ability|p1a: Calyrex|Grim Neigh|boost
|-boost|p1a: Calyrex|spa|1
|move|p1b: Miraidon|Dazzling Gleam|p2a: Lanturn
|-damage|p2a: Lanturn|12/100
|move|p2a: Lanturn|Icy Wind|p1a: Calyrex|[spread] p1a,p1b
|-supereffective|p1b: Miraidon
|-damage|p1a: Calyrex|14/100
|-damage|p1b: Miraidon|23/100
|-unboost|p1a: Calyrex|spe|1
|-unboost|p1b: Miraidon|spe|1
|
|-heal|p2a: Lanturn|18/100|[from] item: Leftovers
|upkeep
|turn|6
|
|t:|1750796334
|move|p1a: Calyrex|Astral Barrage|p2a: Lanturn
|-damage|p2a: Lanturn|0 fnt
|faint|p2a: Lanturn
|
|win|ManmcMan
|raw|ManmcMan's rating: 1109 &rarr; <strong>1132</strong><br />(+23 for winning)
|raw|alexeido's rating: 1085 &rarr; <strong>1064</strong><br />(-21 for losing)
|l|☆alexeido
|player|p2|
|l|☆ManmcMan
|player|p1|
