|j|☆Camax
|j|☆azzazzl
|t:|1750834002
|gametype|doubles
|player|p1|Camax|170|1409
|player|p2|azzazzl|dawn|1502
|teamsize|p1|6
|teamsize|p2|6
|gen|9
|tier|[Gen 9] VGC 2025 Reg I
|rated|
|rule|Species Clause: Limit one of each Pokémon
|rule|Item Clause: Limit 1 of each item
|clearpoke
|poke|p1|Kyogre, L50|
|poke|p1|Zamazenta-*, L50|
|poke|p1|Iron Hands, L50|
|poke|p1|Rillaboom, L50, F|
|poke|p1|Whimsicott, L50, F|
|poke|p1|Landorus, L50, M|
|poke|p2|Calyrex-Ice, L50|
|poke|p2|Kyogre, L50|
|poke|p2|Brute Bonnet, L50|
|poke|p2|Indeedee-F, L50, F|
|poke|p2|Gallade, L50, M|
|poke|p2|Ursaluna, L50, F|
|teampreview|4
|inactive|Battle timer is ON: inactive players will automatically lose when time's up. (requested by Camax)
|
|t:|1750834030
|start
|switch|p1a: Whimsicott|Whimsicott, L50, F|100/100
|switch|p1b: Zamazenta|Zamazenta-Crowned, L50|100/100
|switch|p2a: Calyrex|Calyrex-Ice, L50|100/100
|switch|p2b: Indeedee|Indeedee-F, L50, F|100/100
|-ability|p2a: Calyrex|As One
|-ability|p2a: Calyrex|Unnerve
|-ability|p1b: Zamazenta|Dauntless Shield|boost
|-boost|p1b: Zamazenta|def|1
|-fieldstart|move: Psychic Terrain|[from] ability: Psychic Surge|[of] p2b: Indeedee
|turn|1
|inactive|azzazzl has 30 seconds left.
|
|t:|1750834060
|switch|p1b: Rillaboom|Rillaboom, L50, F|100/100
|-fieldstart|move: Grassy Terrain|[from] ability: Grassy Surge|[of] p1b: Rillaboom
|move|p2b: Indeedee|Follow Me|p2b: Indeedee
|-singleturn|p2b: Indeedee|move: Follow Me
|move|p1a: Whimsicott|Taunt|p2b: Indeedee
|-start|p2b: Indeedee|move: Taunt
|move|p2a: Calyrex|Trick Room|p2a: Calyrex
|-fieldstart|move: Trick Room|[of] p2a: Calyrex
|
|upkeep
|turn|2
|inactive|azzazzl has 30 seconds left.
|inactive|azzazzl has 20 seconds left.
|inactive|azzazzl has 15 seconds left.
|
|t:|1750834104
|switch|p2a: Gallade|Gallade, L50, M|100/100
|move|p1a: Whimsicott|Encore||[still]
|-fail|p1a: Whimsicott
|move|p2b: Indeedee|Alluring Voice|p1a: Whimsicott
|-damage|p1a: Whimsicott|69/100
|move|p1b: Rillaboom|U-turn|p2b: Indeedee
|-supereffective|p2b: Indeedee
|-damage|p2b: Indeedee|50/100
|
|t:|1750834116
|switch|p1b: Zamazenta|Zamazenta-Crowned, L50|100/100|[from] U-turn
|
|-heal|p2b: Indeedee|56/100|[from] Grassy Terrain
|-heal|p1a: Whimsicott|75/100|[from] Grassy Terrain
|upkeep
|turn|3
|
|t:|1750834128
|move|p2a: Gallade|Sacred Sword|p1b: Zamazenta
|-supereffective|p1b: Zamazenta
|-damage|p1b: Zamazenta|5/100
|-damage|p2a: Gallade|91/100|[from] item: Life Orb
|move|p2b: Indeedee|Alluring Voice|p1a: Whimsicott
|-damage|p1a: Whimsicott|45/100
|move|p1b: Zamazenta|Snarl|p2b: Indeedee|[spread] p2a,p2b
|-supereffective|p2b: Indeedee
|-damage|p2a: Gallade|84/100
|-damage|p2b: Indeedee|42/100
|-unboost|p2a: Gallade|spa|1
|-unboost|p2b: Indeedee|spa|1
|move|p1a: Whimsicott|Moonblast|p2a: Gallade
|-supereffective|p2a: Gallade
|-damage|p2a: Gallade|19/100
|
|-heal|p2a: Gallade|25/100|[from] Grassy Terrain
|-heal|p2b: Indeedee|49/100|[from] Grassy Terrain
|-heal|p1b: Zamazenta|11/100|[from] Grassy Terrain
|-heal|p1a: Whimsicott|51/100|[from] Grassy Terrain
|upkeep
|turn|4
|inactive|Camax has 30 seconds left.
|inactive|azzazzl has 30 seconds left.
|
|t:|1750834161
|move|p2a: Gallade|Psycho Cut|p1a: Whimsicott
|-damage|p1a: Whimsicott|0 fnt
|faint|p1a: Whimsicott
|-damage|p2a: Gallade|15/100|[from] item: Life Orb
|move|p2b: Indeedee|Alluring Voice|p1b: Zamazenta
|-damage|p1b: Zamazenta|3/100
|move|p1b: Zamazenta|Body Press|p2b: Indeedee
|-damage|p2b: Indeedee|0 fnt
|faint|p2b: Indeedee
|
|-heal|p2a: Gallade|21/100|[from] Grassy Terrain
|-heal|p1b: Zamazenta|9/100|[from] Grassy Terrain
|upkeep
|
|t:|1750834182
|switch|p2b: Calyrex|Calyrex-Ice, L50|100/100
|switch|p1a: Rillaboom|Rillaboom, L50, F|100/100
|-ability|p2b: Calyrex|As One
|-ability|p2b: Calyrex|Unnerve
|turn|5
|
|t:|1750834198
|move|p2a: Gallade|Upper Hand|p1a: Rillaboom
|-damage|p1a: Rillaboom|55/100
|-damage|p2a: Gallade|11/100|[from] item: Life Orb
|cant|p1a: Rillaboom|flinch
|move|p1b: Zamazenta|Wide Guard|p1b: Zamazenta
|-singleturn|p1b: Zamazenta|Wide Guard
|move|p2b: Calyrex|Glacial Lance|p1b: Zamazenta|[spread] 
|-activate|p1a: Rillaboom|move: Wide Guard
|-activate|p1b: Zamazenta|move: Wide Guard
|
|-heal|p2a: Gallade|17/100|[from] Grassy Terrain
|-heal|p1a: Rillaboom|61/100|[from] Grassy Terrain
|-heal|p1b: Zamazenta|15/100|[from] Grassy Terrain
|-fieldend|move: Trick Room
|-fieldend|move: Grassy Terrain
|upkeep
|turn|6
|inactive|azzazzl has 30 seconds left.
|
|t:|1750834229
|-terastallize|p1b: Zamazenta|Stellar
|-terastallize|p2b: Calyrex|Dragon
|move|p1b: Zamazenta|Behemoth Bash|p2b: Calyrex
|-damage|p2b: Calyrex|68/100
|move|p1a: Rillaboom|Grassy Glide|p2a: Gallade
|-damage|p2a: Gallade|0 fnt
|faint|p2a: Gallade
|move|p2b: Calyrex|Trick Room|p2b: Calyrex
|-fieldstart|move: Trick Room|[of] p2b: Calyrex
|
|upkeep
|
|t:|1750834239
|switch|p2a: Kyogre|Kyogre, L50|100/100
|-weather|RainDance|[from] ability: Drizzle|[of] p2a: Kyogre
|turn|7
|
|t:|1750834247
|move|p1b: Zamazenta|Wide Guard|p1b: Zamazenta
|-singleturn|p1b: Zamazenta|Wide Guard
|move|p2a: Kyogre|Thunder|p1b: Zamazenta
|-damage|p1b: Zamazenta|0 fnt
|faint|p1b: Zamazenta
|move|p2b: Calyrex|Glacial Lance|p1a: Rillaboom
|-activate|p1a: Rillaboom|move: Wide Guard
|move|p1a: Rillaboom|Grassy Glide|p2a: Kyogre
|-supereffective|p2a: Kyogre
|-damage|p2a: Kyogre|39/100
|
|-weather|RainDance|[upkeep]
|upkeep
|
|t:|1750834262
|switch|p1b: Kyogre|Kyogre, L50|100/100
|turn|8
|
|t:|1750834272
|move|p2a: Kyogre|Thunder|p1b: Kyogre
|-supereffective|p1b: Kyogre
|-damage|p1b: Kyogre|31/100
|-status|p1b: Kyogre|par
|move|p2b: Calyrex|Glacial Lance|p1b: Kyogre|[spread] p1a,p1b
|-supereffective|p1a: Rillaboom
|-resisted|p1b: Kyogre
|-damage|p1a: Rillaboom|0 fnt
|-damage|p1b: Kyogre|0 fnt
|faint|p1a: Rillaboom
|faint|p1b: Kyogre
|
|win|azzazzl
|raw|Camax's rating: 1409 &rarr; <strong>1394</strong><br />(-15 for losing)
|raw|azzazzl's rating: 1502 &rarr; <strong>1517</strong><br />(+15 for winning)
|l|☆Camax
|player|p1|
|l|☆azzazzl
|player|p2|
