|j|☆413XPlayz
|j|☆Scytherium
|html|<table width="100%"><tr><td align="left">413XPlayz</td><td align="right">Scytherium</tr><tr><td align="left"><i class="fa fa-circle"></i> <i class="fa fa-circle-o"></i> </td><td align="right"><i class="fa fa-circle-o"></i> <i class="fa fa-circle-o"></i> </tr></table>
|uhtml|bestof|<h2><strong>Game 2</strong> of <a href="/game-bestof3-gen9vgc2025regi-2390584075">a best-of-3</a></h2>
|t:|1750732360
|gametype|doubles
|player|p1|413XPlayz|psychic|
|player|p2|Scytherium|aaron|
|teamsize|p1|6
|teamsize|p2|6
|gen|9
|tier|[Gen 9] VGC 2025 Reg I
|rated|Tournament battle
|rule|Species Clause: Limit one of each Pokémon
|rule|Item Clause: Limit 1 of each item
|raw|<div class="infobox"><details class="readmore" open><summary><strong>3 custom rules:</strong></summary> Force Open Team Sheets, !Open Team Sheets, Best of = 3</details></div>
|clearpoke
|poke|p1|Koraidon, L50|
|poke|p1|Calyrex-Shadow, L50|
|poke|p1|Incineroar, L50, M|
|poke|p1|Jumpluff, L50, M|
|poke|p1|Iron Treads, L50|
|poke|p1|Urshifu-*, L50, F|
|poke|p2|Calyrex-Shadow, L50|
|poke|p2|Zamazenta-*, L50|
|poke|p2|Tatsugiri, L50, M|
|poke|p2|Dondozo, L50, F|
|poke|p2|Weezing, L50, M|
|poke|p2|Ogerpon-Cornerstone, L50, F|
|teampreview|4
|showteam|p1|Koraidon||ClearAmulet|OrichalcumPulse|CollisionCourse,FlareBlitz,FlameCharge,Protect||||||50|,,,,,Fire]Calyrex-Shadow||FocusSash|AsOneSpectrier|AstralBarrage,Psychic,Encore,Protect||||||50|,,,,,Ghost]Incineroar||AssaultVest|Intimidate|KnockOff,FlareBlitz,Uturn,FakeOut|||M|||50|,,,,,Bug]Jumpluff||CovertCloak|Chlorophyll|Tailwind,SleepPowder,RagePowder,Protect|||M|||50|,,,,,Dark]Iron Treads||LifeOrb|QuarkDrive|SteelRoller,HighHorsepower,KnockOff,Protect||||||50|,,,,,Ghost]Urshifu||BlackGlasses|UnseenFist|WickedBlow,CloseCombat,SuckerPunch,Detect|||F|||50|,,,,,Dark
|showteam|p2|Calyrex-Shadow||SpellTag|AsOneSpectrier|Protect,AstralBarrage,TeraBlast,ExpandingForce||||||50|,,,,,Fighting]Zamazenta-Crowned||RustedShield|DauntlessShield|Protect,WideGuard,behemothbash,BodyPress||||||50|,,,,,Fighting]Tatsugiri||ChoiceScarf|Commander|DracoMeteor,MuddyWater,TeraBlast,IcyWind|||M|||50|,,,,,Steel]Dondozo||Leftovers|Unaware|Protect,WaveCrash,Earthquake,Yawn|||F|||50|,,,,,Grass]Weezing||FocusSash|NeutralizingGas|Protect,DarkPulse,ToxicSpikes,WillOWisp|||M|||50|,,,,,Dark]Ogerpon-Cornerstone||CornerstoneMask|Sturdy|SpikyShield,IvyCudgel,KnockOff,WoodHammer|||F|||50|,,,,,Rock
|j|%Radio Free C-Side
|j| felipesoaressouza
|j| Waterbeast66
|inactive|Battle timer is ON: inactive players will automatically lose when time's up. (requested by Scytherium)
|j| Graffiti Boy
|
|t:|1750732438
|start
|switch|p1a: Calyrex|Calyrex-Shadow, L50|100/100
|switch|p1b: Koraidon|Koraidon, L50|100/100
|switch|p2a: Weezing|Weezing, L50, M|100/100
|switch|p2b: Calyrex|Calyrex-Shadow, L50|100/100
|-ability|p2a: Weezing|Neutralizing Gas
|-ability|p1a: Calyrex|As One
|-ability|p1a: Calyrex|Unnerve
|-ability|p2b: Calyrex|As One
|-ability|p2b: Calyrex|Unnerve
|turn|1
|l| Graffiti Boy
|inactive|413XPlayz has 30 seconds left.
|
|t:|1750732468
|-terastallize|p2b: Calyrex|Fighting
|-terastallize|p1b: Koraidon|Fire
|move|p1a: Calyrex|Protect|p1a: Calyrex
|-singleturn|p1a: Calyrex|Protect
|move|p2b: Calyrex|Astral Barrage|p1b: Koraidon|[spread] p1b
|-activate|p1a: Calyrex|move: Protect
|-damage|p1b: Koraidon|42/100
|move|p1b: Koraidon|Flare Blitz|p2a: Weezing
|-damage|p2a: Weezing|50/100
|-damage|p1b: Koraidon|27/100|[from] Recoil
|move|p2a: Weezing|Dark Pulse|p1a: Calyrex
|-activate|p1a: Calyrex|move: Protect
|
|upkeep
|turn|2
|
|t:|1750732486
|switch|p1b: Incineroar|Incineroar, L50, M|100/100
|move|p2b: Calyrex|Protect|p2b: Calyrex
|-singleturn|p2b: Calyrex|Protect
|move|p1a: Calyrex|Astral Barrage|p2b: Calyrex|[spread] p2a
|-activate|p2b: Calyrex|move: Protect
|-damage|p2a: Weezing|0 fnt
|faint|p2a: Weezing
|-end|p2a: Weezing|ability: Neutralizing Gas
|-ability|p1b: Incineroar|Intimidate|boost
|-unboost|p2b: Calyrex|atk|1
|-ability|p1a: Calyrex|Grim Neigh|boost
|-boost|p1a: Calyrex|spa|1
|
|upkeep
|
|t:|1750732496
|switch|p2a: Dondozo|Dondozo, L50, F|100/100
|turn|3
|j| dwadsadfasf
|
|t:|1750732516
|switch|p2b: Tatsugiri|Tatsugiri, L50, M|100/100
|-activate|p2b: Tatsugiri|ability: Commander|[of] p2a: Dondozo
|-boost|p2a: Dondozo|atk|2
|-boost|p2a: Dondozo|spa|2
|-boost|p2a: Dondozo|spe|2
|-boost|p2a: Dondozo|def|2
|-boost|p2a: Dondozo|spd|2
|switch|p1b: Urshifu|Urshifu, L50, F|100/100
|move|p1a: Calyrex|Astral Barrage|p2a: Dondozo|[spread] p2a
|-miss|p1a: Calyrex|p2b: Tatsugiri
|-damage|p2a: Dondozo|83/100
|move|p2a: Dondozo|Yawn|p1a: Calyrex
|-start|p1a: Calyrex|move: Yawn|[of] p2a: Dondozo
|
|-heal|p2a: Dondozo|89/100|[from] item: Leftovers
|upkeep
|turn|4
|
|t:|1750732531
|switch|p1a: Incineroar|Incineroar, L50, M|100/100
|-ability|p1a: Incineroar|Intimidate|boost
|-unboost|p2a: Dondozo|atk|1
|-unboost|p2b: Tatsugiri|atk|1
|move|p1b: Urshifu|Wicked Blow|p2a: Dondozo
|-crit|p2a: Dondozo
|-damage|p2a: Dondozo|43/100
|move|p2a: Dondozo|Wave Crash|p1b: Urshifu
|-damage|p1b: Urshifu|44/100
|-damage|p2a: Dondozo|29/100|[from] Recoil
|
|-heal|p2a: Dondozo|36/100|[from] item: Leftovers
|upkeep
|turn|5
|inactive|413XPlayz has 30 seconds left.
|inactive|413XPlayz has 20 seconds left.
|inactive|413XPlayz has 15 seconds left.
|inactive|413XPlayz has 10 seconds left.
|
|t:|1750732578
|switch|p1a: Koraidon|Koraidon, L50, tera:Fire|27/100
|-weather|SunnyDay|[from] ability: Orichalcum Pulse|[of] p1a: Koraidon
|-activate|p1a: Koraidon|Orichalcum Pulse|[source]
|move|p1b: Urshifu|Detect|p1b: Urshifu
|-singleturn|p1b: Urshifu|Protect
|move|p2a: Dondozo|Wave Crash|p1b: Urshifu
|-activate|p1b: Urshifu|move: Protect
|
|-weather|SunnyDay|[upkeep]
|-heal|p2a: Dondozo|42/100|[from] item: Leftovers
|upkeep
|turn|6
|c|☆Scytherium|Ggs.
|j| Iamsliverfish
|c|☆Scytherium|You won this
|
|t:|1750732599
|switch|p1b: Incineroar|Incineroar, L50, M|100/100
|-ability|p1b: Incineroar|Intimidate|boost
|-unboost|p2a: Dondozo|atk|1
|-unboost|p2b: Tatsugiri|atk|1
|move|p1a: Koraidon|Collision Course|p2a: Dondozo
|-damage|p2a: Dondozo|20/100
|move|p2a: Dondozo|Earthquake|p1a: Koraidon|[spread] p1a,p1b
|-miss|p2a: Dondozo|p2b: Tatsugiri
|-supereffective|p1a: Koraidon
|-supereffective|p1b: Incineroar
|-damage|p1a: Koraidon|1/100
|-damage|p1b: Incineroar|71/100
|
|-weather|SunnyDay|[upkeep]
|-heal|p2a: Dondozo|26/100|[from] item: Leftovers
|upkeep
|turn|7
|c|☆413XPlayz|i want to guarantee get damage on tats
|c|☆413XPlayz|maybe im playing too hard lol
|c|☆Scytherium|You are
|inactive|413XPlayz has 30 seconds left.
|c|%Radio Free C-Side|honestly I think you're making it harder for yourself
|c|☆Scytherium|you had me
|inactive|413XPlayz has 20 seconds left.
|c|☆Scytherium|Just wicked blow
|j| Rainpelt103
|inactive|413XPlayz has 15 seconds left.
|c|%Radio Free C-Side|you could've killed dozo and just used fake out pivoting to guarantee it
|
|t:|1750732644
|move|p1a: Koraidon|Collision Course|p2a: Dondozo
|-damage|p2a: Dondozo|6/100
|move|p2a: Dondozo|Earthquake|p1b: Incineroar|[spread] p1a,p1b
|-miss|p2a: Dondozo|p2b: Tatsugiri
|-supereffective|p1a: Koraidon
|-supereffective|p1b: Incineroar
|-damage|p1a: Koraidon|0 fnt
|-damage|p1b: Incineroar|42/100
|faint|p1a: Koraidon
|move|p1b: Incineroar|Knock Off|p2a: Dondozo
|-damage|p2a: Dondozo|0 fnt
|-enditem|p2a: Dondozo|Leftovers|[from] move: Knock Off|[of] p1b: Incineroar
|faint|p2a: Dondozo
|
|-weather|SunnyDay|[upkeep]
|upkeep
|c|☆413XPlayz|ye
|c|☆413XPlayz|oops
|c| dwadsadfasf|oh no
|j| sheepie_sheep
|c| Rainpelt103|rip
|
|t:|1750732659
|switch|p1a: Urshifu|Urshifu, L50, F|44/100
|switch|p2a: Calyrex|Calyrex-Shadow, L50, tera:Fighting|100/100
|-ability|p2a: Calyrex|As One
|-ability|p2a: Calyrex|Unnerve
|turn|8
|
|t:|1750732667
|move|p2a: Calyrex|Protect|p2a: Calyrex
|-singleturn|p2a: Calyrex|Protect
|move|p1a: Urshifu|Sucker Punch|p2b: Tatsugiri
|-damage|p2b: Tatsugiri|14/100
|move|p2b: Tatsugiri|Muddy Water|p1a: Urshifu|[spread] p1a
|-miss|p2b: Tatsugiri|p1b: Incineroar
|-damage|p1a: Urshifu|22/100
|move|p1b: Incineroar|Knock Off|p2b: Tatsugiri
|-damage|p2b: Tatsugiri|0 fnt
|-enditem|p2b: Tatsugiri|Choice Scarf|[from] move: Knock Off|[of] p1b: Incineroar
|faint|p2b: Tatsugiri
|
|-weather|SunnyDay|[upkeep]
|upkeep
|turn|9
|c|☆413XPlayz|yay
|c| Iamsliverfish|nah
|
|t:|1750732685
|move|p1a: Urshifu|Sucker Punch|p2a: Calyrex
|-resisted|p2a: Calyrex
|-damage|p2a: Calyrex|71/100
|move|p2a: Calyrex|Astral Barrage|p1a: Urshifu|[spread] p1a,p1b
|-resisted|p1a: Urshifu
|-resisted|p1b: Incineroar
|-damage|p1a: Urshifu|0 fnt
|-damage|p1b: Incineroar|25/100
|faint|p1a: Urshifu
|-ability|p2a: Calyrex|Grim Neigh|boost
|-boost|p2a: Calyrex|spa|1
|move|p1b: Incineroar|Flare Blitz|p2a: Calyrex
|-damage|p2a: Calyrex|0 fnt
|faint|p2a: Calyrex
|-damage|p1b: Incineroar|5/100|[from] Recoil
|
|win|413XPlayz
|c| dwadsadfasf|YAY
|l| dwadsadfasf
|l| Radio Free C-Side
|l| Rainpelt103
|l| sheepie_sheep
|l|☆Scytherium
|player|p2|
