|j|☆blu3cr33p3r
|j|☆MarcieISForager
|t:|1750797777
|gametype|doubles
|player|p1|blu3cr33p3r|bruno|1215
|player|p2|MarcieISForager|marley|1186
|teamsize|p1|6
|teamsize|p2|6
|gen|9
|tier|[Gen 9] VGC 2025 Reg I
|rated|
|rule|Species Clause: Limit one of each Pokémon
|rule|Item Clause: Limit 1 of each item
|clearpoke
|poke|p1|Lunala, L50|
|poke|p1|Ursaluna, L50, F|
|poke|p1|Urshifu-*, L50, M|
|poke|p1|Miraidon, L50|
|poke|p1|Grimmsnarl, L50, M|
|poke|p1|Incineroar, L50, F|
|poke|p2|Hitmontop, L50, M|
|poke|p2|Lunala, L50|
|poke|p2|Grimmsnarl, L50, M|
|poke|p2|Kyogre, L50|
|poke|p2|Basculegion, L50, M|
|poke|p2|Amoonguss, L50, M|
|teampreview|4
|
|t:|1750797832
|start
|switch|p1a: Miraidon|Miraidon, L50|100/100
|switch|p1b: Grimmsnarl|Grimmsnarl, L50, M|100/100
|switch|p2a: Lunala|Lunala, L50|100/100
|switch|p2b: Hitmontop|Hitmontop, L50, M|100/100
|-fieldstart|move: Electric Terrain|[from] ability: Hadron Engine|[of] p1a: Miraidon
|-ability|p2b: Hitmontop|Intimidate|boost
|-unboost|p1a: Miraidon|atk|1
|-unboost|p1b: Grimmsnarl|atk|1
|turn|1
|
|t:|1750797869
|move|p2b: Hitmontop|Wide Guard|p2b: Hitmontop
|-singleturn|p2b: Hitmontop|Wide Guard
|move|p1b: Grimmsnarl|Light Screen|p1b: Grimmsnarl
|-sidestart|p1: blu3cr33p3r|move: Light Screen
|move|p2a: Lunala|Meteor Beam||[still]
|-prepare|p2a: Lunala|Meteor Beam
|-boost|p2a: Lunala|spa|1
|-enditem|p2a: Lunala|Power Herb
|-anim|p2a: Lunala|Meteor Beam|p1a: Miraidon
|-damage|p1a: Miraidon|78/100
|move|p1a: Miraidon|Snarl|p2a: Lunala|[spread] 
|-activate|p2a: Lunala|move: Wide Guard
|-activate|p2b: Hitmontop|move: Wide Guard
|
|upkeep
|turn|2
|
|t:|1750797898
|-terastallize|p2a: Lunala|Fairy
|move|p2b: Hitmontop|Helping Hand|p2a: Lunala
|-singleturn|p2a: Lunala|Helping Hand|[of] p2b: Hitmontop
|move|p2a: Lunala|Moonblast|p1a: Miraidon
|-supereffective|p1a: Miraidon
|-damage|p1a: Miraidon|4/100
|move|p1a: Miraidon|Electro Drift|p2a: Lunala
|-damage|p2a: Lunala|61/100
|move|p1b: Grimmsnarl|Spirit Break|p2a: Lunala
|-damage|p2a: Lunala|40/100
|-unboost|p2a: Lunala|spa|1
|
|upkeep
|turn|3
|
|t:|1750797938
|switch|p2b: Basculegion|Basculegion, L50, M|100/100
|move|p1b: Grimmsnarl|Thunder Wave|p2a: Lunala
|-status|p2a: Lunala|par
|move|p1a: Miraidon|Electro Drift|p2a: Lunala
|-damage|p2a: Lunala|0 fnt
|faint|p2a: Lunala
|
|upkeep
|
|t:|1750797951
|switch|p2a: Hitmontop|Hitmontop, L50, M|100/100
|-ability|p2a: Hitmontop|Intimidate|boost
|-unboost|p1a: Miraidon|atk|1
|-unboost|p1b: Grimmsnarl|atk|1
|turn|4
|
|t:|1750797986
|switch|p2b: Kyogre|Kyogre, L50|100/100
|-weather|RainDance|[from] ability: Drizzle|[of] p2b: Kyogre
|move|p2a: Hitmontop|Fake Out|p1a: Miraidon
|-damage|p1a: Miraidon|0 fnt
|faint|p1a: Miraidon
|move|p1b: Grimmsnarl|Reflect|p1b: Grimmsnarl
|-sidestart|p1: blu3cr33p3r|Reflect
|
|-weather|RainDance|[upkeep]
|upkeep
|
|t:|1750798000
|switch|p1a: Ursaluna|Ursaluna, L50, F|100/100
|turn|5
|
|t:|1750798024
|move|p1a: Ursaluna|Protect|p1a: Ursaluna
|-singleturn|p1a: Ursaluna|Protect
|move|p2b: Kyogre|Water Spout|p1b: Grimmsnarl|[spread] p1b
|-activate|p1a: Ursaluna|move: Protect
|-damage|p1b: Grimmsnarl|31/100
|move|p2a: Hitmontop|Close Combat|p1a: Ursaluna
|-activate|p1a: Ursaluna|move: Protect
|move|p1b: Grimmsnarl|Spirit Break|p2b: Kyogre
|-damage|p2b: Kyogre|86/100
|-unboost|p2b: Kyogre|spa|1
|
|-weather|RainDance|[upkeep]
|-fieldend|move: Electric Terrain
|-status|p1a: Ursaluna|brn|[from] item: Flame Orb
|upkeep
|turn|6
|
|t:|1750798057
|switch|p2b: Basculegion|Basculegion, L50, M|100/100
|-terastallize|p1a: Ursaluna|Ghost
|move|p1b: Grimmsnarl|Thunder Wave|p2b: Basculegion
|-status|p2b: Basculegion|par
|move|p2a: Hitmontop|Close Combat|p1a: Ursaluna
|-immune|p1a: Ursaluna
|move|p1a: Ursaluna|Facade|p2b: Basculegion
|-immune|p2b: Basculegion
|
|-weather|RainDance|[upkeep]
|-damage|p1a: Ursaluna|95/100 brn|[from] brn
|upkeep
|turn|7
|
|t:|1750798087
|move|p2b: Basculegion|Last Respects|p1a: Ursaluna
|-supereffective|p1a: Ursaluna
|-damage|p1a: Ursaluna|44/100 brn
|move|p2a: Hitmontop|Close Combat|p1b: Grimmsnarl
|-damage|p1b: Grimmsnarl|0 fnt
|-unboost|p2a: Hitmontop|def|1
|-unboost|p2a: Hitmontop|spd|1
|faint|p1b: Grimmsnarl
|move|p1a: Ursaluna|Earthquake|p2b: Basculegion|[spread] p2a,p2b
|-damage|p2a: Hitmontop|0 fnt
|-damage|p2b: Basculegion|12/100 par
|faint|p2a: Hitmontop
|
|-weather|RainDance|[upkeep]
|-damage|p1a: Ursaluna|39/100 brn|[from] brn
|upkeep
|
|t:|1750798105
|switch|p2a: Kyogre|Kyogre, L50|86/100
|switch|p1b: Lunala|Lunala, L50|100/100
|turn|8
|
|t:|1750798127
|move|p1b: Lunala|Wide Guard|p1b: Lunala
|-singleturn|p1b: Lunala|Wide Guard
|move|p2b: Basculegion|Last Respects|p1b: Lunala
|-supereffective|p1b: Lunala
|-damage|p1b: Lunala|31/100
|move|p2a: Kyogre|Water Spout|p1a: Ursaluna|[spread] 
|-activate|p1a: Ursaluna|move: Wide Guard
|-activate|p1b: Lunala|move: Wide Guard
|move|p1a: Ursaluna|Facade|p2a: Kyogre
|-damage|p2a: Kyogre|0 fnt
|faint|p2a: Kyogre
|
|-weather|none
|-damage|p1a: Ursaluna|33/100 brn|[from] brn
|-sideend|p1: blu3cr33p3r|move: Light Screen
|upkeep
|turn|9
|
|t:|1750798158
|move|p1b: Lunala|Moonblast|p2b: Basculegion
|-damage|p2b: Basculegion|0 fnt
|faint|p2b: Basculegion
|
|win|blu3cr33p3r
|raw|blu3cr33p3r's rating: 1215 &rarr; <strong>1238</strong><br />(+23 for winning)
|raw|MarcieISForager's rating: 1186 &rarr; <strong>1163</strong><br />(-23 for losing)
