|j|☆Slowpoke Well YT
|j|☆TheParasectKing
|t:|1750876471
|gametype|doubles
|player|p1|Slowpoke Well YT|ethan|1455
|player|p2|TheParasectKing|acetrainer-gen4dp|1399
|teamsize|p1|6
|teamsize|p2|6
|gen|9
|tier|[Gen 9] VGC 2025 Reg I
|rated|
|rule|Species Clause: Limit one of each Pokémon
|rule|Item Clause: Limit 1 of each item
|clearpoke
|poke|p1|Eternatus, L50|
|poke|p1|Calyrex-Shadow, L50|
|poke|p1|Rillaboom, L50, M|
|poke|p1|Incineroar, L50, F|
|poke|p1|Urshifu-*, L50, F|
|poke|p1|Thundurus, L50, M|
|poke|p2|Lunala, L50|
|poke|p2|Zamazenta-*, L50|
|poke|p2|Flutter Mane, L50|
|poke|p2|Urshifu-*, L50, F|
|poke|p2|Incineroar, L50, M|
|poke|p2|Rillaboom, L50, F|
|teampreview|4
|inactive|Battle timer is ON: inactive players will automatically lose when time's up. (requested by TheParasectKing)
|inactive|Slowpoke Well YT also wants the timer to be on.
|
|t:|1750876492
|start
|switch|p1a: Eternatus|Eternatus, L50|100/100
|switch|p1b: Incineroar|Incineroar, L50, F|100/100
|switch|p2a: Lunala|Lunala, L50|100/100
|switch|p2b: Incineroar|Incineroar, L50, M|100/100
|-ability|p1a: Eternatus|Pressure
|-ability|p2b: Incineroar|Intimidate|boost
|-unboost|p1a: Eternatus|atk|1
|-unboost|p1b: Incineroar|atk|1
|-ability|p1b: Incineroar|Intimidate|boost
|-unboost|p2a: Lunala|atk|1
|-unboost|p2b: Incineroar|atk|1
|turn|1
|
|t:|1750876508
|move|p2b: Incineroar|Fake Out|p1a: Eternatus
|-damage|p1a: Eternatus|95/100
|cant|p1a: Eternatus|flinch
|move|p2a: Lunala|Meteor Beam||[still]
|-prepare|p2a: Lunala|Meteor Beam
|-boost|p2a: Lunala|spa|1
|-enditem|p2a: Lunala|Power Herb
|-anim|p2a: Lunala|Meteor Beam|p1b: Incineroar|[miss]
|-miss|p2a: Lunala|p1b: Incineroar
|move|p1b: Incineroar|Knock Off|p2a: Lunala
|-supereffective|p2a: Lunala
|-damage|p2a: Lunala|70/100
|
|-heal|p1a: Eternatus|100/100|[from] item: Leftovers
|upkeep
|turn|2
|inactive|TheParasectKing has 30 seconds left.
|
|t:|1750876533
|-terastallize|p2a: Lunala|Water
|move|p1a: Eternatus|Cosmic Power|p1a: Eternatus
|-boost|p1a: Eternatus|def|1
|-boost|p1a: Eternatus|spd|1
|move|p2a: Lunala|Moongeist Beam|p1a: Eternatus
|-damage|p1a: Eternatus|64/100
|move|p2b: Incineroar|Knock Off|p1a: Eternatus
|-damage|p1a: Eternatus|50/100
|-enditem|p1a: Eternatus|Leftovers|[from] move: Knock Off|[of] p2b: Incineroar
|move|p1b: Incineroar|Parting Shot|p2a: Lunala
|-unboost|p2a: Lunala|atk|1
|-unboost|p2a: Lunala|spa|1
|
|t:|1750876547
|switch|p1b: Rillaboom|Rillaboom, L50, M|100/100|[from] Parting Shot
|-fieldstart|move: Grassy Terrain|[from] ability: Grassy Surge|[of] p1b: Rillaboom
|
|-heal|p1a: Eternatus|57/100|[from] Grassy Terrain
|-heal|p2a: Lunala|77/100|[from] Grassy Terrain
|upkeep
|turn|3
|
|t:|1750876556
|switch|p2a: Zamazenta|Zamazenta-Crowned, L50|100/100
|-ability|p2a: Zamazenta|Dauntless Shield|boost
|-boost|p2a: Zamazenta|def|1
|move|p1a: Eternatus|Cosmic Power|p1a: Eternatus
|-boost|p1a: Eternatus|def|1
|-boost|p1a: Eternatus|spd|1
|move|p1b: Rillaboom|Wood Hammer|p2a: Zamazenta
|-resisted|p2a: Zamazenta
|-damage|p2a: Zamazenta|83/100
|-damage|p1b: Rillaboom|95/100|[from] Recoil
|move|p2b: Incineroar|U-turn|p1b: Rillaboom
|-supereffective|p1b: Rillaboom
|-damage|p1b: Rillaboom|63/100
|
|t:|1750876567
|switch|p2b: Lunala|Lunala, L50, tera:Water|77/100|[from] U-turn
|
|-heal|p2a: Zamazenta|89/100|[from] Grassy Terrain
|-heal|p1a: Eternatus|63/100|[from] Grassy Terrain
|-heal|p2b: Lunala|83/100|[from] Grassy Terrain
|-heal|p1b: Rillaboom|69/100|[from] Grassy Terrain
|upkeep
|turn|4
|
|t:|1750876580
|switch|p2b: Incineroar|Incineroar, L50, M|100/100
|-ability|p2b: Incineroar|Intimidate|boost
|-unboost|p1a: Eternatus|atk|1
|-unboost|p1b: Rillaboom|atk|1
|move|p2a: Zamazenta|Body Press|p1b: Rillaboom
|-damage|p1b: Rillaboom|0 fnt
|faint|p1b: Rillaboom
|move|p1a: Eternatus|Cosmic Power|p1a: Eternatus
|-boost|p1a: Eternatus|def|1
|-boost|p1a: Eternatus|spd|1
|
|-heal|p2a: Zamazenta|95/100|[from] Grassy Terrain
|-heal|p1a: Eternatus|69/100|[from] Grassy Terrain
|upkeep
|
|t:|1750876593
|switch|p1b: Incineroar|Incineroar, L50, F|100/100
|-ability|p1b: Incineroar|Intimidate|boost
|-unboost|p2a: Zamazenta|atk|1
|-unboost|p2b: Incineroar|atk|1
|turn|5
|
|t:|1750876609
|-terastallize|p1b: Incineroar|Ghost
|move|p2a: Zamazenta|Protect|p2a: Zamazenta
|-singleturn|p2a: Zamazenta|Protect
|move|p1a: Eternatus|Cosmic Power|p1a: Eternatus
|-boost|p1a: Eternatus|def|1
|-boost|p1a: Eternatus|spd|1
|move|p2b: Incineroar|Knock Off|p1b: Incineroar
|-supereffective|p1b: Incineroar
|-damage|p1b: Incineroar|43/100
|-enditem|p1b: Incineroar|Safety Goggles|[from] move: Knock Off|[of] p2b: Incineroar
|move|p1b: Incineroar|Will-O-Wisp|p2a: Zamazenta
|-activate|p2a: Zamazenta|move: Protect
|
|-heal|p2a: Zamazenta|100/100|[from] Grassy Terrain
|-heal|p1a: Eternatus|75/100|[from] Grassy Terrain
|-heal|p1b: Incineroar|49/100|[from] Grassy Terrain
|upkeep
|turn|6
|
|t:|1750876632
|move|p2a: Zamazenta|Heavy Slam|p1b: Incineroar
|-damage|p1b: Incineroar|22/100
|move|p1a: Eternatus|Cosmic Power|p1a: Eternatus
|-boost|p1a: Eternatus|def|1
|-boost|p1a: Eternatus|spd|1
|move|p2b: Incineroar|Knock Off|p1b: Incineroar
|-supereffective|p1b: Incineroar
|-damage|p1b: Incineroar|0 fnt
|faint|p1b: Incineroar
|
|-heal|p1a: Eternatus|81/100|[from] Grassy Terrain
|-fieldend|move: Grassy Terrain
|upkeep
|
|t:|1750876642
|switch|p1b: Calyrex|Calyrex-Shadow, L50|100/100
|-ability|p1b: Calyrex|As One
|-ability|p1b: Calyrex|Unnerve
|turn|7
|
|t:|1750876665
|move|p1b: Calyrex|Protect|p1b: Calyrex
|-singleturn|p1b: Calyrex|Protect
|move|p2a: Zamazenta|Heavy Slam|p1b: Calyrex
|-activate|p1b: Calyrex|move: Protect
|move|p1a: Eternatus|Cosmic Power|p1a: Eternatus
|-boost|p1a: Eternatus|def|1
|-boost|p1a: Eternatus|spd|1
|move|p2b: Incineroar|U-turn|p1b: Calyrex
|-activate|p1b: Calyrex|move: Protect
|
|upkeep
|turn|8
|
|t:|1750876679
|move|p1b: Calyrex|Psychic|p2a: Zamazenta
|-damage|p2a: Zamazenta|57/100
|move|p2a: Zamazenta|Body Press|p1b: Calyrex
|-immune|p1b: Calyrex
|move|p1a: Eternatus|Sludge Bomb|p2b: Incineroar
|-damage|p2b: Incineroar|71/100
|move|p2b: Incineroar|U-turn|p1b: Calyrex
|-damage|p1b: Calyrex|79/100
|
|t:|1750876685
|switch|p2b: Flutter Mane|Flutter Mane, L50|100/100|[from] U-turn
|-enditem|p2b: Flutter Mane|Booster Energy
|-activate|p2b: Flutter Mane|ability: Protosynthesis|[fromitem]
|-start|p2b: Flutter Mane|protosynthesisspe
|
|upkeep
|turn|9
|
|t:|1750876694
|move|p1b: Calyrex|Protect|p1b: Calyrex
|-singleturn|p1b: Calyrex|Protect
|move|p2b: Flutter Mane|Shadow Ball|p1b: Calyrex
|-activate|p1b: Calyrex|move: Protect
|move|p2a: Zamazenta|Body Press|p1b: Calyrex
|-activate|p1b: Calyrex|move: Protect
|move|p1a: Eternatus|Flamethrower|p2a: Zamazenta
|-supereffective|p2a: Zamazenta
|-damage|p2a: Zamazenta|10/100
|
|upkeep
|turn|10
|
|t:|1750876712
|move|p2a: Zamazenta|Protect|p2a: Zamazenta
|-singleturn|p2a: Zamazenta|Protect
|move|p2b: Flutter Mane|Shadow Ball|p1b: Calyrex
|-supereffective|p1b: Calyrex
|-damage|p1b: Calyrex|0 fnt
|faint|p1b: Calyrex
|move|p1a: Eternatus|Flamethrower|p2a: Zamazenta
|-activate|p2a: Zamazenta|move: Protect
|
|upkeep
|turn|11
|
|t:|1750876722
|move|p2b: Flutter Mane|Moonblast|p1a: Eternatus
|-damage|p1a: Eternatus|72/100
|-unboost|p1a: Eternatus|spa|1
|move|p2a: Zamazenta|Heavy Slam|p1a: Eternatus
|-damage|p1a: Eternatus|71/100
|move|p1a: Eternatus|Flamethrower|p2a: Zamazenta
|-supereffective|p2a: Zamazenta
|-damage|p2a: Zamazenta|0 fnt
|faint|p2a: Zamazenta
|
|upkeep
|
|t:|1750876725
|switch|p2a: Incineroar|Incineroar, L50, M|71/100
|-ability|p2a: Incineroar|Intimidate|boost
|-unboost|p1a: Eternatus|atk|1
|turn|12
|
|t:|1750876737
|move|p2a: Incineroar|Fake Out|p1a: Eternatus
|-crit|p1a: Eternatus
|-damage|p1a: Eternatus|59/100
|move|p2b: Flutter Mane|Moonblast|p1a: Eternatus
|-damage|p1a: Eternatus|49/100
|cant|p1a: Eternatus|flinch
|
|upkeep
|turn|13
|
|t:|1750876745
|move|p2b: Flutter Mane|Moonblast|p1a: Eternatus
|-damage|p1a: Eternatus|41/100
|move|p1a: Eternatus|Recover|p1a: Eternatus
|-heal|p1a: Eternatus|91/100
|move|p2a: Incineroar|U-turn|p1a: Eternatus
|-resisted|p1a: Eternatus
|-damage|p1a: Eternatus|89/100
|
|t:|1750876748
|switch|p2a: Lunala|Lunala, L50, tera:Water|83/100|[from] U-turn
|
|upkeep
|turn|14
|
|t:|1750876756
|move|p2b: Flutter Mane|Moonblast|p1a: Eternatus
|-damage|p1a: Eternatus|79/100
|move|p1a: Eternatus|Sludge Bomb|p2a: Lunala
|-damage|p2a: Lunala|62/100
|move|p2a: Lunala|Meteor Beam||[still]
|-prepare|p2a: Lunala|Meteor Beam
|-boost|p2a: Lunala|spa|1
|
|upkeep
|turn|15
|
|t:|1750876764
|move|p2b: Flutter Mane|Moonblast|p1a: Eternatus
|-damage|p1a: Eternatus|70/100
|-unboost|p1a: Eternatus|spa|1
|move|p1a: Eternatus|Sludge Bomb|p2a: Lunala
|-damage|p2a: Lunala|45/100
|move|p2a: Lunala|Meteor Beam|p1a: Eternatus|[from] lockedmove
|-damage|p1a: Eternatus|58/100
|
|upkeep
|turn|16
|
|t:|1750876774
|move|p2b: Flutter Mane|Moonblast|p1a: Eternatus
|-damage|p1a: Eternatus|49/100
|move|p1a: Eternatus|Sludge Bomb|p2a: Lunala
|-damage|p2a: Lunala|31/100
|move|p2a: Lunala|Moongeist Beam|p1a: Eternatus
|-damage|p1a: Eternatus|35/100
|
|upkeep
|turn|17
|
|t:|1750876782
|move|p2b: Flutter Mane|Moonblast|p1a: Eternatus
|-damage|p1a: Eternatus|25/100
|move|p1a: Eternatus|Recover|p1a: Eternatus
|-heal|p1a: Eternatus|75/100
|move|p2a: Lunala|Moongeist Beam|p1a: Eternatus
|-damage|p1a: Eternatus|60/100
|
|upkeep
|turn|18
|
|t:|1750876791
|move|p2b: Flutter Mane|Moonblast|p1a: Eternatus
|-damage|p1a: Eternatus|51/100
|move|p1a: Eternatus|Sludge Bomb|p2a: Lunala
|-damage|p2a: Lunala|16/100
|move|p2a: Lunala|Moongeist Beam|p1a: Eternatus
|-damage|p1a: Eternatus|37/100
|
|upkeep
|turn|19
|
|t:|1750876800
|move|p2b: Flutter Mane|Moonblast|p1a: Eternatus
|-damage|p1a: Eternatus|27/100
|move|p1a: Eternatus|Recover|p1a: Eternatus
|-heal|p1a: Eternatus|78/100
|move|p2a: Lunala|Moonblast|p1a: Eternatus
|-damage|p1a: Eternatus|69/100
|
|upkeep
|turn|20
|
|t:|1750876808
|move|p2b: Flutter Mane|Moonblast|p1a: Eternatus
|-damage|p1a: Eternatus|60/100
|move|p1a: Eternatus|Sludge Bomb|p2a: Lunala
|-damage|p2a: Lunala|2/100
|move|p2a: Lunala|Moonblast|p1a: Eternatus
|-damage|p1a: Eternatus|49/100
|
|upkeep
|turn|21
|
|t:|1750876816
|move|p2b: Flutter Mane|Moonblast|p1a: Eternatus
|-damage|p1a: Eternatus|40/100
|-unboost|p1a: Eternatus|spa|1
|move|p1a: Eternatus|Flamethrower|p2a: Lunala
|-resisted|p2a: Lunala
|-damage|p2a: Lunala|0 fnt
|faint|p2a: Lunala
|
|upkeep
|
|t:|1750876819
|switch|p2a: Incineroar|Incineroar, L50, M|71/100
|-ability|p2a: Incineroar|Intimidate|boost
|-unboost|p1a: Eternatus|atk|1
|turn|22
|
|t:|1750876826
|move|p2a: Incineroar|Fake Out|p1a: Eternatus
|-damage|p1a: Eternatus|37/100
|move|p2b: Flutter Mane|Moonblast|p1a: Eternatus
|-damage|p1a: Eternatus|29/100
|-unboost|p1a: Eternatus|spa|1
|cant|p1a: Eternatus|flinch
|
|upkeep
|turn|23
|
|t:|1750876835
|move|p2b: Flutter Mane|Icy Wind|p1a: Eternatus
|-supereffective|p1a: Eternatus
|-damage|p1a: Eternatus|22/100
|-unboost|p1a: Eternatus|spe|1
|move|p1a: Eternatus|Recover|p1a: Eternatus
|-heal|p1a: Eternatus|72/100
|move|p2a: Incineroar|Knock Off|p1a: Eternatus
|-damage|p1a: Eternatus|67/100
|
|upkeep
|turn|24
|
|t:|1750876844
|move|p2b: Flutter Mane|Protect|p2b: Flutter Mane
|-singleturn|p2b: Flutter Mane|Protect
|move|p1a: Eternatus|Sludge Bomb|p2b: Flutter Mane
|-activate|p2b: Flutter Mane|move: Protect
|move|p2a: Incineroar|Knock Off|p1a: Eternatus
|-damage|p1a: Eternatus|62/100
|
|upkeep
|turn|25
|
|t:|1750876851
|move|p2b: Flutter Mane|Shadow Ball|p1a: Eternatus
|-damage|p1a: Eternatus|55/100
|move|p1a: Eternatus|Sludge Bomb|p2b: Flutter Mane
|-damage|p2b: Flutter Mane|87/100
|-status|p2b: Flutter Mane|psn
|move|p2a: Incineroar|Knock Off|p1a: Eternatus
|-damage|p1a: Eternatus|51/100
|
|-damage|p2b: Flutter Mane|75/100 psn|[from] psn
|upkeep
|turn|26
|
|t:|1750876863
|move|p2b: Flutter Mane|Protect|p2b: Flutter Mane
|-singleturn|p2b: Flutter Mane|Protect
|move|p1a: Eternatus|Sludge Bomb|p2a: Incineroar
|-damage|p2a: Incineroar|60/100
|move|p2a: Incineroar|Knock Off|p1a: Eternatus
|-damage|p1a: Eternatus|46/100
|
|-damage|p2b: Flutter Mane|62/100 psn|[from] psn
|upkeep
|turn|27
|
|t:|1750876871
|move|p2b: Flutter Mane|Shadow Ball|p1a: Eternatus
|-damage|p1a: Eternatus|38/100
|move|p1a: Eternatus|Sludge Bomb|p2a: Incineroar
|-damage|p2a: Incineroar|49/100
|move|p2a: Incineroar|Knock Off|p1a: Eternatus
|-damage|p1a: Eternatus|33/100
|
|-damage|p2b: Flutter Mane|50/100 psn|[from] psn
|upkeep
|turn|28
|
|t:|1750876880
|move|p2b: Flutter Mane|Icy Wind|p1a: Eternatus
|-supereffective|p1a: Eternatus
|-damage|p1a: Eternatus|25/100
|-unboost|p1a: Eternatus|spe|1
|move|p2a: Incineroar|Knock Off|p1a: Eternatus
|-damage|p1a: Eternatus|20/100
|move|p1a: Eternatus|Recover|p1a: Eternatus
|-heal|p1a: Eternatus|70/100
|
|-damage|p2b: Flutter Mane|38/100 psn|[from] psn
|upkeep
|turn|29
|
|t:|1750876891
|move|p2b: Flutter Mane|Shadow Ball|p1a: Eternatus
|-damage|p1a: Eternatus|62/100
|move|p2a: Incineroar|Knock Off|p1a: Eternatus
|-damage|p1a: Eternatus|57/100
|move|p1a: Eternatus|Sludge Bomb|p2a: Incineroar
|-damage|p2a: Incineroar|38/100
|
|-damage|p2b: Flutter Mane|26/100 psn|[from] psn
|upkeep
|turn|30
|
|t:|1750876901
|move|p2b: Flutter Mane|Shadow Ball|p1a: Eternatus
|-damage|p1a: Eternatus|49/100
|move|p2a: Incineroar|Knock Off|p1a: Eternatus
|-damage|p1a: Eternatus|44/100
|move|p1a: Eternatus|Sludge Bomb|p2a: Incineroar
|-damage|p2a: Incineroar|28/100
|
|-damage|p2b: Flutter Mane|13/100 psn|[from] psn
|upkeep
|turn|31
|
|t:|1750876910
|move|p2b: Flutter Mane|Shadow Ball|p1a: Eternatus
|-damage|p1a: Eternatus|36/100
|-unboost|p1a: Eternatus|spd|1
|move|p2a: Incineroar|Knock Off|p1a: Eternatus
|-damage|p1a: Eternatus|31/100
|move|p1a: Eternatus|Recover|p1a: Eternatus
|-heal|p1a: Eternatus|81/100
|
|-damage|p2b: Flutter Mane|1/100 psn|[from] psn
|upkeep
|turn|32
|
|t:|1750876920
|move|p2b: Flutter Mane|Shadow Ball|p1a: Eternatus
|-damage|p1a: Eternatus|72/100
|-unboost|p1a: Eternatus|spd|1
|move|p2a: Incineroar|Knock Off|p1a: Eternatus
|-damage|p1a: Eternatus|67/100
|move|p1a: Eternatus|Sludge Bomb|p2a: Incineroar
|-damage|p2a: Incineroar|18/100
|
|-damage|p2b: Flutter Mane|0 fnt|[from] psn
|faint|p2b: Flutter Mane
|-end|p2b: Flutter Mane|Protosynthesis|[silent]
|upkeep
|turn|33
|
|t:|1750876931
|move|p2a: Incineroar|Knock Off|p1a: Eternatus
|-damage|p1a: Eternatus|63/100
|move|p1a: Eternatus|Sludge Bomb|p2a: Incineroar
|-damage|p2a: Incineroar|7/100
|-status|p2a: Incineroar|psn
|
|-damage|p2a: Incineroar|0 fnt|[from] psn
|faint|p2a: Incineroar
|
|win|Slowpoke Well YT
|raw|Slowpoke Well YT's rating: 1455 &rarr; <strong>1472</strong><br />(+17 for winning)
|raw|TheParasectKing's rating: 1399 &rarr; <strong>1382</strong><br />(-17 for losing)
