|j|☆mr.sylent
|j|☆Berre999
|t:|1750773762
|gametype|doubles
|player|p1|mr.sylent|265|1191
|player|p2|Berre999|2|1137
|teamsize|p1|6
|teamsize|p2|6
|gen|9
|tier|[Gen 9] VGC 2025 Reg I
|rated|
|rule|Species Clause: Limit one of each Pokémon
|rule|Item Clause: Limit 1 of each item
|clearpoke
|poke|p1|Charjabug, L50, F|
|poke|p1|Chi-Yu, L50|
|poke|p1|Koraidon, L50|
|poke|p1|Gothitelle, L50, M|
|poke|p1|Incineroar, L50, M|
|poke|p1|Flutter Mane, L50|
|poke|p2|Terapagos, L50, M|
|poke|p2|Miraidon, L50|
|poke|p2|Incineroar, L50, F|
|poke|p2|Amoonguss, L50, F|
|poke|p2|Annihilape, L50, F|
|poke|p2|Whimsicott, L50, M|
|teampreview|4
Berre999 has agreed to open team sheets.
|
|t:|1750773788
|start
|switch|p1a: Koraidon|Koraidon, L50|100/100
|switch|p1b: Flutter Mane|Flutter Mane, L50|100/100
|switch|p2a: Annihilape|Annihilape, L50, F|100/100
|switch|p2b: Whimsicott|Whimsicott, L50, M|100/100
|-weather|SunnyDay|[from] ability: Orichalcum Pulse|[of] p1a: Koraidon
|-activate|p1b: Flutter Mane|ability: Protosynthesis
|-start|p1b: Flutter Mane|protosynthesisspe
|-activate|p1a: Koraidon|Orichalcum Pulse|[source]
|turn|1
|
|t:|1750773808
|move|p1a: Koraidon|Protect|p1a: Koraidon
|-singleturn|p1a: Koraidon|Protect
|move|p2a: Annihilape|Protect|p2a: Annihilape
|-singleturn|p2a: Annihilape|Protect
|move|p2b: Whimsicott|Tailwind|p2b: Whimsicott
|-sidestart|p2: Berre999|move: Tailwind
|move|p1b: Flutter Mane|Moonblast|p2a: Annihilape
|-activate|p2a: Annihilape|move: Protect
|
|-weather|SunnyDay|[upkeep]
|upkeep
|turn|2
|
|t:|1750773833
|switch|p2b: Miraidon|Miraidon, L50|100/100
|-fieldstart|move: Electric Terrain|[from] ability: Hadron Engine|[of] p2b: Miraidon
|switch|p1a: Charjabug|Charjabug, L50, F|100/100
|move|p1b: Flutter Mane|Moonblast|p2a: Annihilape
|-supereffective|p2a: Annihilape
|-damage|p2a: Annihilape|0 fnt
|faint|p2a: Annihilape
|
|-weather|SunnyDay|[upkeep]
|upkeep
|
|t:|1750773843
|switch|p2a: Terapagos|Terapagos, L50, M|100/100
|-activate|p2a: Terapagos|ability: Tera Shift
|detailschange|p2a: Terapagos|Terapagos-Terastal, L50, M
|-heal|p2a: Terapagos|100/100|[silent]
|turn|3
|
|t:|1750773862
|move|p1b: Flutter Mane|Protect|p1b: Flutter Mane
|-singleturn|p1b: Flutter Mane|Protect
|move|p2b: Miraidon|Electro Drift|p1b: Flutter Mane
|-activate|p1b: Flutter Mane|move: Protect
|move|p2a: Terapagos|Calm Mind|p2a: Terapagos
|-boost|p2a: Terapagos|spa|1
|-boost|p2a: Terapagos|spd|1
|move|p1a: Charjabug|Light Screen|p1a: Charjabug
|-sidestart|p1: mr.sylent|move: Light Screen
|
|-weather|SunnyDay|[upkeep]
|upkeep
|turn|4
|
|t:|1750773879
|move|p2b: Miraidon|Electro Drift|p1b: Flutter Mane
|-damage|p1b: Flutter Mane|4/100
|move|p1b: Flutter Mane|Moonblast|p2b: Miraidon
|-supereffective|p2b: Miraidon
|-damage|p2b: Miraidon|0 fnt
|faint|p2b: Miraidon
|move|p2a: Terapagos|Calm Mind|p2a: Terapagos
|-boost|p2a: Terapagos|spa|1
|-boost|p2a: Terapagos|spd|1
|move|p1a: Charjabug|Eerie Impulse|p2a: Terapagos
|-unboost|p2a: Terapagos|spa|2
|
|-weather|SunnyDay|[upkeep]
|-sideend|p2: Berre999|move: Tailwind
|upkeep
|
|t:|1750773893
|switch|p2b: Whimsicott|Whimsicott, L50, M|100/100
|turn|5
|
|t:|1750773931
|move|p1b: Flutter Mane|Protect|p1b: Flutter Mane
|-singleturn|p1b: Flutter Mane|Protect
|move|p2b: Whimsicott|Moonblast|p1b: Flutter Mane
|-activate|p1b: Flutter Mane|move: Protect
|move|p2a: Terapagos|Calm Mind|p2a: Terapagos
|-boost|p2a: Terapagos|spa|1
|-boost|p2a: Terapagos|spd|1
|move|p1a: Charjabug|Eerie Impulse|p2a: Terapagos
|-unboost|p2a: Terapagos|spa|2
|
|-weather|none
|-end|p1b: Flutter Mane|Protosynthesis
|upkeep
|turn|6
|
|t:|1750773953
|-end|p1b: Flutter Mane|Protosynthesis|[silent]
|switch|p1b: Gothitelle|Gothitelle, L50, M|100/100
|move|p2b: Whimsicott|Encore||[still]
|-fail|p2b: Whimsicott
|move|p2a: Terapagos|Calm Mind|p2a: Terapagos
|-boost|p2a: Terapagos|spa|1
|-boost|p2a: Terapagos|spd|1
|move|p1a: Charjabug|Thunder Wave|p2a: Terapagos
|-status|p2a: Terapagos|par
|
|-fieldend|move: Electric Terrain
|upkeep
|turn|7
|
|t:|1750773978
|switch|p1a: Koraidon|Koraidon, L50|100/100
|-weather|SunnyDay|[from] ability: Orichalcum Pulse|[of] p1a: Koraidon
|-activate|p1a: Koraidon|Orichalcum Pulse|[source]
|move|p2a: Terapagos|Protect|p2a: Terapagos
|-singleturn|p2a: Terapagos|Protect
|move|p1b: Gothitelle|Fake Out|p2a: Terapagos
|-activate|p2a: Terapagos|move: Protect
|move|p2b: Whimsicott|Tailwind|p2b: Whimsicott
|-sidestart|p2: Berre999|move: Tailwind
|
|-weather|SunnyDay|[upkeep]
|-sideend|p1: mr.sylent|move: Light Screen
|upkeep
|turn|8
|
|t:|1750774000
|-terastallize|p2a: Terapagos|Stellar
|detailschange|p2a: Terapagos|Terapagos-Stellar, L50, M, tera:Stellar
|-heal|p2a: Terapagos|100/100 par|[silent]
|-ability|p2a: Terapagos|Teraform Zero
|-weather|none
|move|p1a: Koraidon|Protect|p1a: Koraidon
|-singleturn|p1a: Koraidon|Protect
|move|p2b: Whimsicott|Moonblast|p1a: Koraidon
|-activate|p1a: Koraidon|move: Protect
|move|p2a: Terapagos|Tera Starstorm|p1b: Gothitelle|[spread] p1b
|-activate|p1a: Koraidon|move: Protect
|-damage|p1b: Gothitelle|72/100
|move|p1b: Gothitelle|Trick Room|p1b: Gothitelle
|-fieldstart|move: Trick Room|[of] p1b: Gothitelle
|
|-heal|p1b: Gothitelle|78/100|[from] item: Leftovers
|upkeep
|turn|9
|
|t:|1750774028
|move|p2b: Whimsicott|Encore|p1a: Koraidon
|-start|p1a: Koraidon|Encore
|move|p1b: Gothitelle|Psychic|p2b: Whimsicott
|-damage|p2b: Whimsicott|56/100
|move|p2a: Terapagos|Tera Starstorm|p1a: Koraidon|[spread] p1a,p1b
|-damage|p1a: Koraidon|65/100
|-damage|p1b: Gothitelle|49/100
|move|p1a: Koraidon|Protect||[still]
|-fail|p1a: Koraidon
|
|-heal|p1b: Gothitelle|55/100|[from] item: Leftovers
|upkeep
|turn|10
|
|t:|1750774044
|switch|p1a: Flutter Mane|Flutter Mane, L50|4/100
|move|p1b: Gothitelle|Psychic|p2a: Terapagos
|-damage|p2a: Terapagos|95/100 par
|move|p2a: Terapagos|Calm Mind|p2a: Terapagos
|-boost|p2a: Terapagos|spa|1
|-boost|p2a: Terapagos|spd|1
|move|p2b: Whimsicott|Moonblast|p1a: Flutter Mane
|-damage|p1a: Flutter Mane|0 fnt
|faint|p1a: Flutter Mane
|-end|p1a: Flutter Mane|Protosynthesis|[silent]
|
|-heal|p1b: Gothitelle|61/100|[from] item: Leftovers
|-heal|p2a: Terapagos|100/100 par|[from] item: Leftovers
|-sideend|p2: Berre999|move: Tailwind
|upkeep
|
|t:|1750774051
|switch|p1a: Koraidon|Koraidon, L50|65/100
|-weather|SunnyDay|[from] ability: Orichalcum Pulse|[of] p1a: Koraidon
|-activate|p1a: Koraidon|Orichalcum Pulse|[source]
|turn|11
|
|t:|1750774084
|switch|p1a: Charjabug|Charjabug, L50, F|100/100
|move|p2a: Terapagos|Tera Starstorm|p1a: Charjabug|[spread] p1a,p1b
|-damage|p1a: Charjabug|57/100
|-damage|p1b: Gothitelle|17/100
|move|p1b: Gothitelle|Psychic|p2b: Whimsicott
|-damage|p2b: Whimsicott|0 fnt
|faint|p2b: Whimsicott
|
|-weather|SunnyDay|[upkeep]
|-heal|p1b: Gothitelle|24/100|[from] item: Leftovers
|upkeep
|turn|12
|
|t:|1750774110
|move|p2a: Terapagos|Tera Starstorm|p1b: Gothitelle|[spread] p1a,p1b
|-damage|p1a: Charjabug|17/100
|-damage|p1b: Gothitelle|0 fnt
|faint|p1b: Gothitelle
|move|p1a: Charjabug|Light Screen|p1a: Charjabug
|-sidestart|p1: mr.sylent|move: Light Screen
|
|-weather|SunnyDay|[upkeep]
|-fieldend|move: Trick Room
|upkeep
|
|t:|1750774114
|switch|p1b: Koraidon|Koraidon, L50|65/100
|-activate|p1b: Koraidon|ability: Orichalcum Pulse
|turn|13
|
|t:|1750774125
|move|p1b: Koraidon|Collision Course|p2a: Terapagos
|-supereffective|p2a: Terapagos
|-damage|p2a: Terapagos|0 fnt
|faint|p2a: Terapagos
|detailschange|p2: Terapagos|Terapagos, L50, M|[silent]
|-damage|p1b: Koraidon|55/100|[from] item: Life Orb
|
|win|mr.sylent
|raw|mr.sylent's rating: 1191 &rarr; <strong>1212</strong><br />(+21 for winning)
|raw|Berre999's rating: 1137 &rarr; <strong>1116</strong><br />(-21 for losing)
|c|☆mr.sylent|ggs
|l|☆Berre999
|player|p2|
|l|☆mr.sylent
|player|p1|
