|j|☆peedr
|j|☆shakyturtle
|t:|1750707226
|gametype|doubles
|player|p1|peedr|266|1286
|player|p2|shakyturtle|blaine|1360
|teamsize|p1|6
|teamsize|p2|6
|gen|9
|tier|[Gen 9] VGC 2025 Reg I
|rated|
|rule|Species Clause: Limit one of each Pokémon
|rule|Item Clause: Limit 1 of each item
|clearpoke
|poke|p1|Kyogre, L50|
|poke|p1|Archaludon, L50, F|
|poke|p1|Amoonguss, L50, F|
|poke|p1|Klefki, L50, F|
|poke|p1|Zacian-*, L50|
|poke|p1|Basculegion, L50, M|
|poke|p2|Kingambit, L50, M|
|poke|p2|Calyrex-Shadow, L50|
|poke|p2|Whimsicott, L50, F|
|poke|p2|Ogerpon-Hearthflame, L50, F|
|poke|p2|Urshifu-*, L50, M|
|poke|p2|Kyurem-Black, L50|
|teampreview|4
|inactive|Battle timer is ON: inactive players will automatically lose when time's up. (requested by shakyturtle)
|inactive|peedr has 60 seconds left.
|
|t:|1750707258
|start
|switch|p1a: Kyogre|Kyogre, L50|100/100
|switch|p1b: Basculegion|Basculegion, L50, M, shiny|100/100
|switch|p2a: Calyrex|Calyrex-Shadow, L50|100/100
|switch|p2b: Whimsicott|Whimsicott, L50, F|100/100
|-ability|p2a: Calyrex|As One
|-ability|p2a: Calyrex|Unnerve
|-weather|RainDance|[from] ability: Drizzle|[of] p1a: Kyogre
|turn|1
|
|t:|1750707275
|-terastallize|p1b: Basculegion|Ground
|move|p2b: Whimsicott|Tailwind|p2b: Whimsicott
|-sidestart|p2: shakyturtle|move: Tailwind
|move|p2a: Calyrex|Astral Barrage|p1b: Basculegion|[spread] p1a,p1b
|-damage|p1a: Kyogre|41/100
|-damage|p1b: Basculegion|11/100
|move|p1b: Basculegion|Flip Turn|p2a: Calyrex
|-damage|p2a: Calyrex|29/100
|
|t:|1750707288
|switch|p1b: Klefki|Klefki, L50, F, shiny|100/100|[from] Flip Turn
|move|p1a: Kyogre|Origin Pulse|p2b: Whimsicott|[spread] p2a,p2b
|-resisted|p2b: Whimsicott
|-damage|p2a: Calyrex|0 fnt
|-damage|p2b: Whimsicott|46/100
|faint|p2a: Calyrex
|
|-weather|RainDance|[upkeep]
|upkeep
|
|t:|1750707303
|switch|p2a: Urshifu|Urshifu-Rapid-Strike, L50, M|100/100
|turn|2
|
|t:|1750707317
|move|p1b: Klefki|Thunder Wave|p2a: Urshifu
|-status|p2a: Urshifu|par
|move|p2b: Whimsicott|Moonblast|p1a: Kyogre
|-damage|p1a: Kyogre|17/100
|move|p2a: Urshifu|Surging Strikes|p1a: Kyogre
|-resisted|p1a: Kyogre
|-crit|p1a: Kyogre
|-damage|p1a: Kyogre|2/100
|-resisted|p1a: Kyogre
|-crit|p1a: Kyogre
|-damage|p1a: Kyogre|0 fnt
|faint|p1a: Kyogre
|-hitcount|p1: Kyogre|2
|
|-weather|RainDance|[upkeep]
|upkeep
|
|t:|1750707327
|switch|p1a: Basculegion|Basculegion, L50, M, shiny, tera:Ground|11/100
|turn|3
|
|t:|1750707336
|move|p1b: Klefki|Thunder Wave|p2b: Whimsicott
|-status|p2b: Whimsicott|par
|move|p1a: Basculegion|Last Respects|p2b: Whimsicott
|-crit|p2b: Whimsicott
|-damage|p2b: Whimsicott|0 fnt
|faint|p2b: Whimsicott
|move|p2a: Urshifu|Surging Strikes|p1a: Basculegion
|-supereffective|p1a: Basculegion
|-crit|p1a: Basculegion
|-damage|p1a: Basculegion|0 fnt
|faint|p1a: Basculegion
|-hitcount|p1: Basculegion|1
|
|-weather|RainDance|[upkeep]
|upkeep
|
|t:|1750707345
|switch|p2b: Kyurem|Kyurem-Black, L50|100/100
|switch|p1a: Zacian|Zacian-Crowned, L50, shiny|100/100
|-ability|p2b: Kyurem|Teravolt
|-ability|p1a: Zacian|Intrepid Sword|boost
|-boost|p1a: Zacian|atk|1
|turn|4
|
|t:|1750707356
|-terastallize|p2b: Kyurem|Fairy
|move|p1b: Klefki|Thunder Wave|p2b: Kyurem
|-status|p2b: Kyurem|par
|move|p2a: Urshifu|Surging Strikes|p1b: Klefki
|-crit|p1b: Klefki
|-damage|p1b: Klefki|65/100
|-crit|p1b: Klefki
|-damage|p1b: Klefki|30/100
|-crit|p1b: Klefki
|-damage|p1b: Klefki|0 fnt
|faint|p1b: Klefki
|-hitcount|p1: Klefki|3
|move|p1a: Zacian|Play Rough|p2a: Urshifu
|-supereffective|p2a: Urshifu
|-damage|p2a: Urshifu|0 fnt
|faint|p2a: Urshifu
|move|p2b: Kyurem|Fusion Bolt|p1a: Zacian
|-damage|p1a: Zacian|29/100
|
|-weather|RainDance|[upkeep]
|-sideend|p2: shakyturtle|move: Tailwind
|upkeep
|turn|5
|c|☆shakyturtle|gg
|
|t:|1750707379
|move|p1a: Zacian|Behemoth Blade|p2b: Kyurem
|-supereffective|p2b: Kyurem
|-damage|p2b: Kyurem|0 fnt
|faint|p2b: Kyurem
|
|win|peedr
|raw|peedr's rating: 1286 &rarr; <strong>1316</strong><br />(+30 for winning)
|raw|shakyturtle's rating: 1360 &rarr; <strong>1336</strong><br />(-24 for losing)
|l|☆shakyturtle
|player|p2|
|c|☆peedr|Gg
|l|☆peedr
|player|p1|
