|j|☆comrade5
|j|☆Cloud Uwu
|t:|1750877695
|gametype|doubles
|player|p1|comrade5|170|1364
|player|p2|Cloud Uwu|parasollady|1299
|teamsize|p1|6
|teamsize|p2|6
|gen|9
|tier|[Gen 9] VGC 2025 Reg I
|rated|
|rule|Species Clause: Limit one of each Pokémon
|rule|Item Clause: Limit 1 of each item
|clearpoke
|poke|p1|Zamazenta-*, L50|
|poke|p1|Incineroar, L50, F|
|poke|p1|Urshifu-*, L50, F|
|poke|p1|Raichu, L50, F|
|poke|p1|Calyrex-Shadow, L50|
|poke|p1|Amoonguss, L50, F|
|poke|p2|Terapagos, L50, M|
|poke|p2|Kyogre, L50|
|poke|p2|Tsareena, L50, F|
|poke|p2|Tornadus, L50, M|
|poke|p2|Clefairy, L50, F|
|poke|p2|Smeargle, L50, F|
|teampreview|4
Cloud Uwu rejected open team sheets.
|
|t:|1750877720
|start
|switch|p1a: Raichu|Raichu, L50, F, shiny|100/100
|switch|p1b: Urshifu|Urshifu-Rapid-Strike, L50, F|100/100
|switch|p2a: Paige|Terapagos, L50, M|100/100
|switch|p2b: Frida|Smeargle, L50, F, shiny|100/100
|-activate|p2a: Paige|ability: Tera Shift
|detailschange|p2a: Paige|Terapagos-Terastal, L50, M
|-heal|p2a: Paige|100/100|[silent]
|turn|1
|
|t:|1750877744
|move|p1a: Raichu|Fake Out|p2b: Frida
|-damage|p2b: Frida|83/100
|cant|p2b: Frida|flinch
|move|p1b: Urshifu|Surging Strikes|p2a: Paige
|-activate|p2a: Paige|ability: Tera Shell
|-resisted|p2a: Paige
|-crit|p2a: Paige
|-damage|p2a: Paige|89/100
|-resisted|p2a: Paige
|-crit|p2a: Paige
|-damage|p2a: Paige|76/100
|-resisted|p2a: Paige
|-crit|p2a: Paige
|-damage|p2a: Paige|63/100
|-hitcount|p2a: Paige|3
|move|p2a: Paige|Earth Power|p1a: Raichu
|-supereffective|p1a: Raichu
|-damage|p1a: Raichu|31/100
|
|-heal|p2a: Paige|69/100|[from] item: Leftovers
|upkeep
|turn|2
|
|t:|1750877769
|-terastallize|p2a: Paige|Stellar
|detailschange|p2a: Paige|Terapagos-Stellar, L50, M, tera:Stellar
|-heal|p2a: Paige|77/100|[silent]
|move|p1b: Urshifu|Surging Strikes|p2b: Frida
|-crit|p2b: Frida
|-damage|p2b: Frida|7/100
|-crit|p2b: Frida
|-damage|p2b: Frida|0 fnt
|faint|p2b: Frida
|-hitcount|p2: Frida|2
|move|p1a: Raichu|Nuzzle|p2a: Paige
|-damage|p2a: Paige|73/100
|-status|p2a: Paige|par
|move|p2a: Paige|Tera Starstorm|p1a: Raichu|[spread] p1a,p1b
|-damage|p1a: Raichu|0 fnt
|-damage|p1b: Urshifu|41/100
|faint|p1a: Raichu
|
|-heal|p2a: Paige|79/100 par|[from] item: Leftovers
|upkeep
|
|t:|1750877787
|switch|p1a: Zamazenta|Zamazenta-Crowned, L50, shiny|100/100
|switch|p2b: Reneé|Tsareena, L50, F, shiny|100/100
|-ability|p1a: Zamazenta|Dauntless Shield|boost
|-boost|p1a: Zamazenta|def|1
|turn|3
|
|t:|1750877809
|move|p2a: Paige|Protect|p2a: Paige
|-singleturn|p2a: Paige|Protect
|move|p1b: Urshifu|Surging Strikes|p2a: Paige
|-crit|p2a: Paige
|-damage|p2a: Paige|61/100 par
|-crit|p2a: Paige
|-damage|p2a: Paige|42/100 par
|-crit|p2a: Paige
|-damage|p2a: Paige|23/100 par
|-hitcount|p2a: Paige|3
|move|p1a: Zamazenta|Body Press|p2a: Paige
|-activate|p2a: Paige|move: Protect
|move|p2b: Reneé|Power Whip|p1b: Urshifu
|-supereffective|p1b: Urshifu
|-crit|p1b: Urshifu
|-damage|p1b: Urshifu|0 fnt
|faint|p1b: Urshifu
|
|-heal|p2a: Paige|29/100 par|[from] item: Leftovers
|upkeep
|
|t:|1750877825
|switch|p1b: Calyrex|Calyrex-Shadow, L50|100/100
|-ability|p1b: Calyrex|As One
|-ability|p1b: Calyrex|Unnerve
|turn|4
|
|t:|1750877843
|move|p1b: Calyrex|Psychic|p2a: Paige
|-damage|p2a: Paige|0 fnt
|faint|p2a: Paige
|detailschange|p2: Paige|Terapagos, L50, M|[silent]
|-ability|p1b: Calyrex|Grim Neigh|boost
|-boost|p1b: Calyrex|spa|1
|-damage|p1b: Calyrex|91/100|[from] item: Life Orb
|move|p1a: Zamazenta|Body Press|p2b: Reneé
|-damage|p2b: Reneé|13/100
|move|p2b: Reneé|Knock Off|p1b: Calyrex
|-supereffective|p1b: Calyrex
|-damage|p1b: Calyrex|0 fnt
|-enditem|p1b: Calyrex|Life Orb|[from] move: Knock Off|[of] p2b: Reneé
|faint|p1b: Calyrex
|
|upkeep
|
|t:|1750877853
|switch|p2a: Submotherine|Kyogre, L50|100/100
|-weather|RainDance|[from] ability: Drizzle|[of] p2a: Submotherine
|turn|5
|
|t:|1750877863
|-terastallize|p1a: Zamazenta|Grass
|move|p1a: Zamazenta|Body Press|p2a: Submotherine
|-damage|p2a: Submotherine|23/100
|move|p2a: Submotherine|Water Spout|p1a: Zamazenta
|-resisted|p1a: Zamazenta
|-damage|p1a: Zamazenta|88/100
|move|p2b: Reneé|Play Rough|p1a: Zamazenta
|-damage|p1a: Zamazenta|76/100
|
|-weather|RainDance|[upkeep]
|upkeep
|turn|6
|
|t:|1750877879
|move|p2a: Submotherine|Protect|p2a: Submotherine
|-singleturn|p2a: Submotherine|Protect
|move|p1a: Zamazenta|Body Press|p2b: Reneé
|-damage|p2b: Reneé|0 fnt
|faint|p2b: Reneé
|
|-weather|RainDance|[upkeep]
|upkeep
|turn|7
|
|t:|1750877887
|move|p1a: Zamazenta|Body Press|p2a: Submotherine
|-damage|p2a: Submotherine|0 fnt
|faint|p2a: Submotherine
|
|win|comrade5
|raw|comrade5's rating: 1364 &rarr; <strong>1380</strong><br />(+16 for winning)
|raw|Cloud Uwu's rating: 1299 &rarr; <strong>1279</strong><br />(-20 for losing)
