|j|☆Devol420
|j|☆Pantoskywalker
|t:|1750719413
|gametype|doubles
|player|p1|Devol420|101|1221
|player|p2|Pantoskywalker|2|1205
|teamsize|p1|6
|teamsize|p2|6
|gen|9
|tier|[Gen 9] VGC 2025 Reg I
|rated|
|rule|Species Clause: Limit one of each Pokémon
|rule|Item Clause: Limit 1 of each item
|clearpoke
|poke|p1|Typhlosion-Hisui, L50, M|
|poke|p1|Groudon, L50|
|poke|p1|Kommo-o, L50, F|
|poke|p1|Sinistcha-Masterpiece, L50|
|poke|p1|Urshifu-*, L50, F|
|poke|p1|Whimsicott, L50, F|
|poke|p2|Koraidon, L50|
|poke|p2|Terapagos, L50, M|
|poke|p2|Flutter Mane, L50|
|poke|p2|Rillaboom, L50, F|
|poke|p2|Incineroar, L50, M|
|poke|p2|Volcarona, L50, M|
|teampreview|4
|inactive|Battle timer is ON: inactive players will automatically lose when time's up. (requested by Devol420)
Pantoskywalker has agreed to open team sheets.
|c|☆Pantoskywalker|Glhf
|inactive|Devol420 has 60 seconds left.
|inactive|Pantoskywalker has 60 seconds left.
|
|t:|1750719464
|start
|switch|p1a: Urshifu|Urshifu, L50, F|100/100
|switch|p1b: Kommo-o|Kommo-o, L50, F|100/100
|switch|p2a: Koraidon|Koraidon, L50|100/100
|switch|p2b: Flutter Mane|Flutter Mane, L50|100/100
|-weather|SunnyDay|[from] ability: Orichalcum Pulse|[of] p2a: Koraidon
|-activate|p2b: Flutter Mane|ability: Protosynthesis
|-start|p2b: Flutter Mane|protosynthesisspe
|-activate|p2a: Koraidon|Orichalcum Pulse|[source]
|turn|1
|inactive|Devol420 has 30 seconds left.
|
|t:|1750719495
|switch|p2a: Incineroar|Incineroar, L50, M|100/100
|-ability|p2a: Incineroar|Intimidate|boost
|-unboost|p1a: Urshifu|atk|1
|-unboost|p1b: Kommo-o|atk|1
|-terastallize|p1a: Urshifu|Steel
|move|p1b: Kommo-o|Protect|p1b: Kommo-o
|-singleturn|p1b: Kommo-o|Protect
|move|p2b: Flutter Mane|Moonblast|p1a: Urshifu
|-resisted|p1a: Urshifu
|-damage|p1a: Urshifu|60/100
|move|p1a: Urshifu|Iron Head|p2b: Flutter Mane
|-supereffective|p2b: Flutter Mane
|-enditem|p2b: Flutter Mane|Focus Sash
|-damage|p2b: Flutter Mane|1/100
|-damage|p1a: Urshifu|51/100|[from] item: Life Orb
|
|-weather|SunnyDay|[upkeep]
|upkeep
|turn|2
|inactive|Pantoskywalker has 30 seconds left.
|inactive|Pantoskywalker has 20 seconds left.
|inactive|Pantoskywalker has 15 seconds left.
|inactive|Pantoskywalker has 10 seconds left.
|
|t:|1750719543
|move|p2a: Incineroar|Fake Out|p1a: Urshifu
|-resisted|p1a: Urshifu
|-damage|p1a: Urshifu|45/100
|move|p2b: Flutter Mane|Shadow Ball|p1b: Kommo-o
|-damage|p1b: Kommo-o|52/100
|cant|p1a: Urshifu|flinch
|move|p1b: Kommo-o|Clangorous Soul|p1b: Kommo-o
|-boost|p1b: Kommo-o|atk|1
|-boost|p1b: Kommo-o|def|1
|-boost|p1b: Kommo-o|spa|1
|-boost|p1b: Kommo-o|spd|1
|-boost|p1b: Kommo-o|spe|1
|-damage|p1b: Kommo-o|19/100
|-enditem|p1b: Kommo-o|Throat Spray
|-boost|p1b: Kommo-o|spa|1|[from] item: Throat Spray
|
|-weather|SunnyDay|[upkeep]
|upkeep
|turn|3
|inactive|Pantoskywalker has 30 seconds left.
|inactive|Pantoskywalker has 20 seconds left.
|inactive|Pantoskywalker has 15 seconds left.
|inactive|Pantoskywalker has 10 seconds left.
|inactive|Pantoskywalker has 5 seconds left.
|
|t:|1750719596
|switch|p1a: Whimsicott|Whimsicott, L50, F|100/100
|switch|p2a: Koraidon|Koraidon, L50|100/100
|-activate|p2a: Koraidon|ability: Orichalcum Pulse
|move|p1b: Kommo-o|Protect|p1b: Kommo-o
|-singleturn|p1b: Kommo-o|Protect
|move|p2b: Flutter Mane|Shadow Ball|p1a: Whimsicott
|-damage|p1a: Whimsicott|51/100
|
|-weather|SunnyDay|[upkeep]
|upkeep
|turn|4
|inactive|Pantoskywalker has 30 seconds left.
|
|t:|1750719624
|-terastallize|p2a: Koraidon|Fire
|move|p2b: Flutter Mane|Protect|p2b: Flutter Mane
|-singleturn|p2b: Flutter Mane|Protect
|move|p1a: Whimsicott|Tailwind|p1a: Whimsicott
|-sidestart|p1: Devol420|move: Tailwind
|move|p1b: Kommo-o|Clanging Scales|p2a: Koraidon|[spread] p2a
|-activate|p2b: Flutter Mane|move: Protect
|-damage|p2a: Koraidon|32/100
|-unboost|p1b: Kommo-o|def|1
|move|p2a: Koraidon|Flame Charge|p1a: Whimsicott
|-supereffective|p1a: Whimsicott
|-damage|p1a: Whimsicott|0 fnt
|-boost|p2a: Koraidon|spe|1
|faint|p1a: Whimsicott
|-damage|p2a: Koraidon|22/100|[from] item: Life Orb
|
|-weather|SunnyDay|[upkeep]
|upkeep
|
|t:|1750719641
|switch|p1a: Urshifu|Urshifu, L50, F, tera:Steel|45/100
|turn|5
|
|t:|1750719651
|-end|p2b: Flutter Mane|Protosynthesis|[silent]
|switch|p2b: Incineroar|Incineroar, L50, M|100/100
|-ability|p2b: Incineroar|Intimidate|boost
|-unboost|p1a: Urshifu|atk|1
|-unboost|p1b: Kommo-o|atk|1
|move|p2a: Koraidon|Protect|p2a: Koraidon
|-singleturn|p2a: Koraidon|Protect
|move|p1b: Kommo-o|Clanging Scales|p2b: Incineroar|[spread] p2b
|-activate|p2a: Koraidon|move: Protect
|-crit|p2b: Incineroar
|-damage|p2b: Incineroar|3/100
|-unboost|p1b: Kommo-o|def|1
|move|p1a: Urshifu|Iron Head|p2b: Incineroar
|-resisted|p2b: Incineroar
|-crit|p2b: Incineroar
|-damage|p2b: Incineroar|0 fnt
|faint|p2b: Incineroar
|-damage|p1a: Urshifu|35/100|[from] item: Life Orb
|
|-weather|none
|upkeep
|
|t:|1750719662
|switch|p2b: Terapagos|Terapagos, L50, M|100/100
|-activate|p2b: Terapagos|ability: Tera Shift
|detailschange|p2b: Terapagos|Terapagos-Terastal, L50, M
|-heal|p2b: Terapagos|100/100|[silent]
|turn|6
|inactive|Pantoskywalker has 30 seconds left.
|
|t:|1750719693
|switch|p1a: Sinistcha|Sinistcha-Masterpiece, L50|100/100
|-heal|p1b: Kommo-o|44/100|[from] ability: Hospitality|[of] p1a: Sinistcha
|switch|p2a: Flutter Mane|Flutter Mane, L50|1/100
|move|p1b: Kommo-o|Clanging Scales|p2a: Flutter Mane|[spread] p2b
|-immune|p2a: Flutter Mane
|-activate|p2b: Terapagos|ability: Tera Shell
|-resisted|p2b: Terapagos
|-damage|p2b: Terapagos|71/100
|-unboost|p1b: Kommo-o|def|1
|move|p2b: Terapagos|Earth Power|p1a: Sinistcha
|-resisted|p1a: Sinistcha
|-damage|p1a: Sinistcha|86/100
|
|-heal|p2b: Terapagos|78/100|[from] item: Leftovers
|upkeep
|turn|7
|inactive|Devol420 has 30 seconds left.
|
|t:|1750719728
|move|p2a: Flutter Mane|Protect|p2a: Flutter Mane
|-singleturn|p2a: Flutter Mane|Protect
|move|p2b: Terapagos|Protect|p2b: Terapagos
|-singleturn|p2b: Terapagos|Protect
|move|p1a: Sinistcha|Rage Powder|p1a: Sinistcha
|-singleturn|p1a: Sinistcha|move: Rage Powder
|move|p1b: Kommo-o|Flash Cannon|p2a: Flutter Mane
|-activate|p2a: Flutter Mane|move: Protect
|
|-heal|p2b: Terapagos|84/100|[from] item: Leftovers
|-sideend|p1: Devol420|move: Tailwind
|upkeep
|turn|8
|
|t:|1750719742
|switch|p2b: Koraidon|Koraidon, L50, tera:Fire|22/100
|-weather|SunnyDay|[from] ability: Orichalcum Pulse|[of] p2b: Koraidon
|-activate|p2a: Flutter Mane|ability: Protosynthesis
|-start|p2a: Flutter Mane|protosynthesisspe
|-activate|p2b: Koraidon|Orichalcum Pulse|[source]
|move|p1a: Sinistcha|Rage Powder|p1a: Sinistcha
|-singleturn|p1a: Sinistcha|move: Rage Powder
|move|p2a: Flutter Mane|Moonblast|p1a: Sinistcha
|-damage|p1a: Sinistcha|19/100
|-unboost|p1a: Sinistcha|spa|1
|move|p1b: Kommo-o|Clangorous Soul|p1b: Kommo-o
|-boost|p1b: Kommo-o|atk|1
|-boost|p1b: Kommo-o|def|1
|-boost|p1b: Kommo-o|spa|1
|-boost|p1b: Kommo-o|spd|1
|-boost|p1b: Kommo-o|spe|1
|-damage|p1b: Kommo-o|11/100
|
|-weather|SunnyDay|[upkeep]
|upkeep
|turn|9
|inactive|Pantoskywalker has 30 seconds left.
|inactive|Devol420 has 30 seconds left.
|inactive|Pantoskywalker has 20 seconds left.
|
|t:|1750719779
|move|p1a: Sinistcha|Rage Powder|p1a: Sinistcha
|-singleturn|p1a: Sinistcha|move: Rage Powder
|move|p2a: Flutter Mane|Moonblast|p1a: Sinistcha
|-damage|p1a: Sinistcha|0 fnt
|faint|p1a: Sinistcha
|move|p1b: Kommo-o|Flash Cannon|p2a: Flutter Mane
|-supereffective|p2a: Flutter Mane
|-damage|p2a: Flutter Mane|0 fnt
|faint|p2a: Flutter Mane
|-end|p2a: Flutter Mane|Protosynthesis|[silent]
|move|p2b: Koraidon|Flame Charge|p1b: Kommo-o
|-resisted|p1b: Kommo-o
|-damage|p1b: Kommo-o|0 fnt
|-boost|p2b: Koraidon|spe|1
|faint|p1b: Kommo-o
|-damage|p2b: Koraidon|12/100|[from] item: Life Orb
|
|-weather|SunnyDay|[upkeep]
|upkeep
|
|t:|1750719796
|switch|p2a: Terapagos|Terapagos-Terastal, L50, M|84/100
|switch|p1b: Urshifu|Urshifu, L50, F, tera:Steel|35/100
|turn|10
|c|☆Pantoskywalker|Gg wp
|
|t:|1750719807
|move|p1b: Urshifu|Protect|p1b: Urshifu
|-singleturn|p1b: Urshifu|Protect
|move|p2b: Koraidon|Flame Charge|p1b: Urshifu
|-activate|p1b: Urshifu|move: Protect
|move|p2a: Terapagos|Earth Power|p1b: Urshifu
|-activate|p1b: Urshifu|move: Protect
|
|-weather|SunnyDay|[upkeep]
|-heal|p2a: Terapagos|90/100|[from] item: Leftovers
|upkeep
|turn|11
|
|t:|1750719818
|move|p2b: Koraidon|Flame Charge|p1b: Urshifu
|-supereffective|p1b: Urshifu
|-damage|p1b: Urshifu|0 fnt
|-boost|p2b: Koraidon|spe|1
|faint|p1b: Urshifu
|-damage|p2b: Koraidon|3/100|[from] item: Life Orb
|
|win|Pantoskywalker
|raw|Devol420's rating: 1221 &rarr; <strong>1195</strong><br />(-26 for losing)
|raw|Pantoskywalker's rating: 1205 &rarr; <strong>1231</strong><br />(+26 for winning)
|l|☆Devol420
|player|p1|
|l|☆Pantoskywalker
|player|p2|
