|j|☆1shing1
|j|☆whymustsadness
|t:|1750737987
|gametype|doubles
|player|p1|1shing1|266|1454
|player|p2|whymustsadness|gentleman|1493
|teamsize|p1|6
|teamsize|p2|6
|gen|9
|tier|[Gen 9] VGC 2025 Reg I
|rated|
|rule|Species Clause: Limit one of each Pokémon
|rule|Item Clause: Limit 1 of each item
|clearpoke
|poke|p1|Lunala, L50|
|poke|p1|Ho-Oh, L50|
|poke|p1|Rillaboom, L50, M|
|poke|p1|Amoonguss, L50, M|
|poke|p1|Zoroark-Hisui, L50, M|
|poke|p1|Swampert, L50, M|
|poke|p2|Zoroark-Hisui, L50, M|
|poke|p2|Incineroar, L50, F|
|poke|p2|Calyrex-Ice, L50|
|poke|p2|Ogerpon-Wellspring, L50, F|
|poke|p2|Raging Bolt, L50|
|poke|p2|Lunala, L50|
|teampreview|4
|inactive|Battle timer is ON: inactive players will automatically lose when time's up. (requested by whymustsadness)
|c|☆whymustsadness|Disguise beother
|inactive|1shing1 has 60 seconds left.
|inactive|whymustsadness has 60 seconds left.
|
|t:|1750738033
|start
|switch|p1a: Ho-Oh|Ho-Oh, L50|100/100
|switch|p1b: Amoonguss|Amoonguss, L50, M|100/100
|switch|p2a: Calyrex|Calyrex-Ice, L50|100/100
|switch|p2b: Incineroar|Incineroar, L50, F, shiny|100/100
|-ability|p2a: Calyrex|As One
|-ability|p2a: Calyrex|Unnerve
|-ability|p2b: Incineroar|Intimidate|boost
|-unboost|p1a: Ho-Oh|atk|1
|-unboost|p1b: Amoonguss|atk|1
|turn|1
|
|t:|1750738047
|-terastallize|p2a: Calyrex|Fire
|move|p1a: Ho-Oh|Brave Bird|p2b: Incineroar
|-damage|p2b: Incineroar|68/100
|-damage|p1a: Ho-Oh|91/100|[from] Recoil
|move|p2b: Incineroar|Flare Blitz|p1b: Amoonguss
|-supereffective|p1b: Amoonguss
|-damage|p1b: Amoonguss|8/100
|-damage|p2b: Incineroar|52/100|[from] item: Rocky Helmet|[of] p1b: Amoonguss
|-damage|p2b: Incineroar|18/100|[from] Recoil
|-enditem|p2b: Incineroar|Sitrus Berry|[eat]
|-heal|p2b: Incineroar|42/100|[from] item: Sitrus Berry
|move|p2a: Calyrex|Glacial Lance|p1a: Ho-Oh|[spread] p1a,p1b
|-supereffective|p1b: Amoonguss
|-damage|p1a: Ho-Oh|48/100
|-damage|p1b: Amoonguss|0 fnt
|faint|p1b: Amoonguss
|-ability|p2a: Calyrex|Chilling Neigh|boost
|-boost|p2a: Calyrex|atk|1
|
|upkeep
|
|t:|1750738053
|switch|p1b: Lunala|Lunala, L50|100/100
|turn|2
|
|t:|1750738067
|switch|p1a: Swampert|Swampert, L50, M|100/100
|-terastallize|p1b: Lunala|Fairy
|move|p2a: Calyrex|Protect|p2a: Calyrex
|-singleturn|p2a: Calyrex|Protect
|move|p1b: Lunala|Dazzling Gleam|p2a: Calyrex|[spread] p2b
|-activate|p2a: Calyrex|move: Protect
|-damage|p2b: Incineroar|16/100
|move|p2b: Incineroar|Knock Off|p1b: Lunala
|-resisted|p1b: Lunala
|-damage|p1b: Lunala|93/100
|-enditem|p1b: Lunala|Leftovers|[from] move: Knock Off|[of] p2b: Incineroar
|
|upkeep
|turn|3
|
|t:|1750738087
|switch|p2a: Ogerpon|Ogerpon-Wellspring, L50, F|100/100
|move|p1b: Lunala|Dazzling Gleam|p2b: Incineroar|[spread] p2a,p2b
|-damage|p2a: Ogerpon|75/100
|-damage|p2b: Incineroar|0 fnt
|faint|p2b: Incineroar
|move|p1a: Swampert|High Horsepower|p2a: Ogerpon
|-resisted|p2a: Ogerpon
|-crit|p2a: Ogerpon
|-damage|p2a: Ogerpon|43/100
|
|upkeep
|
|t:|1750738102
|switch|p2b: Calyrex|Calyrex-Ice, L50, tera:Fire|100/100
|-ability|p2b: Calyrex|As One
|-ability|p2b: Calyrex|Unnerve
|turn|4
|
|t:|1750738115
|switch|p1a: Ho-Oh|Ho-Oh, L50|81/100
|move|p1b: Lunala|Moongeist Beam|p2a: Ogerpon
|-damage|p2a: Ogerpon|2/100
|move|p2a: Ogerpon|Horn Leech|p1a: Ho-Oh
|-resisted|p1a: Ho-Oh
|-damage|p1a: Ho-Oh|75/100
|-heal|p2a: Ogerpon|6/100|[from] drain|[of] p1a: Ho-Oh
|move|p2b: Calyrex|Glacial Lance|p1b: Lunala|[spread] p1a,p1b
|-crit|p1b: Lunala
|-damage|p1a: Ho-Oh|38/100
|-damage|p1b: Lunala|30/100
|
|upkeep
|turn|5
|
|t:|1750738144
|switch|p1a: Swampert|Swampert, L50, M|100/100
|move|p1b: Lunala|Dazzling Gleam|p2b: Calyrex|[spread] p2a,p2b
|-resisted|p2b: Calyrex
|-damage|p2a: Ogerpon|0 fnt
|-damage|p2b: Calyrex|91/100
|faint|p2a: Ogerpon
|move|p2b: Calyrex|Glacial Lance|p1b: Lunala|[spread] p1a,p1b
|-crit|p1b: Lunala
|-damage|p1a: Swampert|48/100
|-damage|p1b: Lunala|0 fnt
|faint|p1b: Lunala
|-ability|p2b: Calyrex|Chilling Neigh|boost
|-boost|p2b: Calyrex|atk|1
|
|upkeep
|
|t:|1750738158
|switch|p1b: Ho-Oh|Ho-Oh, L50|71/100
|switch|p2a: Raging Bolt|Raging Bolt, L50|100/100
|turn|6
|
|t:|1750738167
|move|p1b: Ho-Oh|Life Dew|p1b: Ho-Oh|[spread] p1a,p1b
|-heal|p1a: Swampert|73/100
|-heal|p1b: Ho-Oh|96/100
|move|p2a: Raging Bolt|Thunderbolt|p1b: Ho-Oh
|-supereffective|p1b: Ho-Oh
|-damage|p1b: Ho-Oh|34/100
|move|p1a: Swampert|High Horsepower|p2a: Raging Bolt
|-supereffective|p2a: Raging Bolt
|-damage|p2a: Raging Bolt|19/100
|move|p2b: Calyrex|Glacial Lance|p1a: Swampert|[spread] p1a,p1b
|-crit|p1b: Ho-Oh
|-damage|p1a: Swampert|0 fnt
|-damage|p1b: Ho-Oh|0 fnt
|faint|p1a: Swampert
|faint|p1b: Ho-Oh
|
|win|whymustsadness
|raw|1shing1's rating: 1454 &rarr; <strong>1436</strong><br />(-18 for losing)
|raw|whymustsadness's rating: 1493 &rarr; <strong>1511</strong><br />(+18 for winning)
|l|☆1shing1
|player|p1|
|l|☆whymustsadness
|player|p2|
