|j|☆POIPOLE13
|j|☆Shapshooter
|t:|1750716353
|gametype|doubles
|player|p1|POIPOLE13|giovanni|1208
|player|p2|Shapshooter|102|1115
|teamsize|p1|6
|teamsize|p2|6
|gen|9
|tier|[Gen 9] VGC 2025 Reg I
|rated|
|rule|Species Clause: Limit one of each Pokémon
|rule|Item Clause: Limit 1 of each item
|clearpoke
|poke|p1|Calyrex-Shadow, L50|
|poke|p1|Koraidon, L50|
|poke|p1|Clefairy, L50, F|
|poke|p1|Whimsicott, L50, M|
|poke|p1|Chien-Pao, L50|
|poke|p1|Walking Wake, L50|
|poke|p2|Sableye, L50, M|
|poke|p2|Toedscool, L50, F|
|poke|p2|Calyrex-Shadow, L50|
|poke|p2|Zamazenta-*, L50|
|poke|p2|Rillaboom, L50, M|
|poke|p2|Flutter Mane, L50|
|teampreview|4
POIPOLE13 has agreed to open team sheets.
|
|t:|1750716377
|start
|switch|p1a: GHOSTIE|Calyrex-Shadow, L50|100/100
|switch|p1b: WIMSIE|Whimsicott, L50, M, shiny|100/100
|switch|p2a: Sableye|Sableye, L50, M|100/100
|switch|p2b: Toedscool|Toedscool, L50, F|100/100
|-ability|p1a: GHOSTIE|As One
|-ability|p1a: GHOSTIE|Unnerve
|turn|1
|
|t:|1750716400
|-terastallize|p2b: Toedscool|Ground
|move|p1a: GHOSTIE|Protect|p1a: GHOSTIE
|-singleturn|p1a: GHOSTIE|Protect
|move|p1b: WIMSIE|Tailwind|p1b: WIMSIE
|-sidestart|p1: POIPOLE13|move: Tailwind
|move|p2a: Sableye|Skill Swap|p2b: Toedscool
|-activate|p2a: Sableye|move: Skill Swap|||[of] p2b: Toedscool
|move|p2b: Toedscool|Spore|p1a: GHOSTIE
|-activate|p1a: GHOSTIE|move: Protect
|
|upkeep
|turn|2
|
|t:|1750716440
|move|p2b: Toedscool|Spore|p1a: GHOSTIE
|-status|p1a: GHOSTIE|slp|[from] move: Spore
|cant|p1a: GHOSTIE|slp
|move|p1b: WIMSIE|Moonblast|p2a: Sableye
|-supereffective|p2a: Sableye
|-damage|p2a: Sableye|20/100
|move|p2a: Sableye|Light Screen|p2a: Sableye
|-sidestart|p2: Shapshooter|move: Light Screen
|
|upkeep
|turn|3
|
|t:|1750716465
|-terastallize|p1a: GHOSTIE|Water
|move|p1b: WIMSIE|Light Screen|p1b: WIMSIE
|-sidestart|p1: POIPOLE13|move: Light Screen
|move|p2b: Toedscool|Spore|p1b: WIMSIE
|-immune|p1b: WIMSIE
|cant|p1a: GHOSTIE|slp
|move|p2a: Sableye|Skill Swap||[still]
|-fail|p2a: Sableye
|
|upkeep
|turn|4
|
|t:|1750716482
|switch|p2a: Calyrex|Calyrex-Shadow, L50|100/100
|-ability|p2a: Calyrex|As One
|-ability|p2a: Calyrex|Unnerve
|move|p2b: Toedscool|Spore|p1a: GHOSTIE
|-fail|p1a: GHOSTIE|slp
|cant|p1a: GHOSTIE|slp
|move|p1b: WIMSIE|Moonblast|p2b: Toedscool
|-damage|p2b: Toedscool|71/100
|
|-sideend|p1: POIPOLE13|move: Tailwind
|upkeep
|turn|5
|
|t:|1750716499
|move|p2b: Toedscool|Spore|p1a: GHOSTIE
|-fail|p1a: GHOSTIE|slp
|move|p1b: WIMSIE|Tailwind|p1b: WIMSIE
|-sidestart|p1: POIPOLE13|move: Tailwind
|-curestatus|p1a: GHOSTIE|slp|[msg]
|move|p1a: GHOSTIE|Astral Barrage|p2b: Toedscool|[spread] p2a,p2b
|-supereffective|p2a: Calyrex
|-damage|p2a: Calyrex|0 fnt
|-damage|p2b: Toedscool|14/100
|faint|p2a: Calyrex
|-ability|p1a: GHOSTIE|Grim Neigh|boost
|-boost|p1a: GHOSTIE|spa|1
|
|upkeep
|
|t:|1750716509
|switch|p2a: Zamazenta|Zamazenta-Crowned, L50|100/100
|-ability|p2a: Zamazenta|Dauntless Shield|boost
|-boost|p2a: Zamazenta|def|1
|turn|6
|
|t:|1750716523
|move|p1a: GHOSTIE|Protect|p1a: GHOSTIE
|-singleturn|p1a: GHOSTIE|Protect
|move|p2b: Toedscool|Spore|p1a: GHOSTIE
|-activate|p1a: GHOSTIE|move: Protect
|move|p1b: WIMSIE|Moonblast|p2b: Toedscool
|-damage|p2b: Toedscool|0 fnt
|faint|p2b: Toedscool
|move|p2a: Zamazenta|Behemoth Bash|p1a: GHOSTIE
|-activate|p1a: GHOSTIE|move: Protect
|
|-sideend|p2: Shapshooter|move: Light Screen
|upkeep
|-message|Shapshooter forfeited.
|
|win|POIPOLE13
|raw|POIPOLE13's rating: 1208 &rarr; <strong>1226</strong><br />(+18 for winning)
|raw|Shapshooter's rating: 1115 &rarr; <strong>1097</strong><br />(-18 for losing)
|l|☆Shapshooter
|player|p2|
|l|☆POIPOLE13
|player|p1|
