|j|☆Useless0o0
|j|☆sleemo2
|t:|1750869252
|gametype|doubles
|player|p1|Useless0o0|170|1519
|player|p2|sleemo2|acetrainerf|1533
|teamsize|p1|6
|teamsize|p2|6
|gen|9
|tier|[Gen 9] VGC 2025 Reg I
|rated|
|rule|Species Clause: Limit one of each Pokémon
|rule|Item Clause: Limit 1 of each item
|clearpoke
|poke|p1|Calyrex-Ice, L50|
|poke|p1|Kyogre, L50|
|poke|p1|Iron Jugulis, L50|
|poke|p1|Basculegion, L50, M|
|poke|p1|Rillaboom, L50, F|
|poke|p1|Electabuzz, L50, M|
|poke|p2|Lunala, L50|
|poke|p2|Miraidon, L50|
|poke|p2|Incineroar, L50, M|
|poke|p2|Iron Hands, L50|
|poke|p2|Whimsicott, L50, F|
|poke|p2|Farigiraf, L50, M|
|teampreview|4
|inactive|Battle timer is ON: inactive players will automatically lose when time's up. (requested by Useless0o0)
|
|t:|1750869269
|start
|switch|p1a: Calyrex|Calyrex-Ice, L50|100/100
|switch|p1b: Rillaboom|Rillaboom, L50, F|100/100
|switch|p2a: Lunala|Lunala, L50, shiny|100/100
|switch|p2b: Miraidon|Miraidon, L50|100/100
|-ability|p1a: Calyrex|As One
|-ability|p1a: Calyrex|Unnerve
|-fieldstart|move: Electric Terrain|[from] ability: Hadron Engine|[of] p2b: Miraidon
|-enditem|p2a: Lunala|Electric Seed
|-boost|p2a: Lunala|def|1|[from] item: Electric Seed
|-fieldstart|move: Grassy Terrain|[from] ability: Grassy Surge|[of] p1b: Rillaboom
|turn|1
|
|t:|1750869280
|switch|p2b: Incineroar|Incineroar, L50, M|100/100
|-ability|p2b: Incineroar|Intimidate|boost
|-unboost|p1a: Calyrex|atk|1
|-unboost|p1b: Rillaboom|atk|1
|-terastallize|p1a: Calyrex|Fairy
|move|p2a: Lunala|Calm Mind|p2a: Lunala
|-boost|p2a: Lunala|spa|1
|-boost|p2a: Lunala|spd|1
|move|p1b: Rillaboom|U-turn|p2a: Lunala
|-damage|p2a: Lunala|96/100
|
|t:|1750869286
|switch|p1b: Electabuzz|Electabuzz, L50, M|100/100|[from] U-turn
|move|p1a: Calyrex|Glacial Lance|p2b: Incineroar|[spread] p2a,p2b
|-resisted|p2b: Incineroar
|-damage|p2a: Lunala|72/100
|-damage|p2b: Incineroar|80/100
|
|-heal|p2a: Lunala|79/100|[from] Grassy Terrain
|-heal|p2b: Incineroar|86/100|[from] Grassy Terrain
|upkeep
|turn|2
|
|t:|1750869298
|move|p2b: Incineroar|Fake Out|p1a: Calyrex
|-damage|p1a: Calyrex|93/100
|move|p1b: Electabuzz|Knock Off|p2a: Lunala
|-supereffective|p2a: Lunala
|-damage|p2a: Lunala|52/100
|move|p2a: Lunala|Calm Mind|p2a: Lunala
|-boost|p2a: Lunala|spa|1
|-boost|p2a: Lunala|spd|1
|cant|p1a: Calyrex|flinch
|
|-heal|p2a: Lunala|58/100|[from] Grassy Terrain
|-heal|p2b: Incineroar|92/100|[from] Grassy Terrain
|-heal|p1a: Calyrex|99/100|[from] Grassy Terrain
|upkeep
|turn|3
|
|t:|1750869312
|move|p1b: Electabuzz|Taunt|p2a: Lunala
|-start|p2a: Lunala|move: Taunt
|move|p2a: Lunala|Moongeist Beam|p1b: Electabuzz
|-damage|p1b: Electabuzz|6/100
|move|p2b: Incineroar|Parting Shot|p1a: Calyrex
|-unboost|p1a: Calyrex|atk|1
|-unboost|p1a: Calyrex|spa|1
|
|t:|1750869321
|switch|p2b: Miraidon|Miraidon, L50|100/100|[from] Parting Shot
|-fieldstart|move: Electric Terrain|[from] ability: Hadron Engine|[of] p2b: Miraidon
|move|p1a: Calyrex|Glacial Lance|p2b: Miraidon|[spread] p2a,p2b
|-supereffective|p2b: Miraidon
|-damage|p2a: Lunala|41/100
|-damage|p2b: Miraidon|33/100
|
|upkeep
|turn|4
|
|t:|1750869336
|move|p1b: Electabuzz|Follow Me|p1b: Electabuzz
|-singleturn|p1b: Electabuzz|move: Follow Me
|move|p2b: Miraidon|Snarl|p1a: Calyrex|[spread] p1a,p1b
|-resisted|p1a: Calyrex
|-damage|p1a: Calyrex|88/100
|-damage|p1b: Electabuzz|0 fnt
|-unboost|p1a: Calyrex|spa|1
|faint|p1b: Electabuzz
|move|p2a: Lunala|Moongeist Beam|p1a: Calyrex
|-damage|p1a: Calyrex|9/100
|move|p1a: Calyrex|Glacial Lance|p2a: Lunala|[spread] p2a,p2b
|-supereffective|p2b: Miraidon
|-damage|p2a: Lunala|23/100
|-damage|p2b: Miraidon|0 fnt
|faint|p2b: Miraidon
|-ability|p1a: Calyrex|Chilling Neigh|boost
|-boost|p1a: Calyrex|atk|1
|
|upkeep
|
|t:|1750869345
|switch|p2b: Iron Hands|Iron Hands, L50|100/100
|switch|p1b: Rillaboom|Rillaboom, L50, F|100/100
|-fieldstart|move: Grassy Terrain|[from] ability: Grassy Surge|[of] p1b: Rillaboom
|turn|5
|
|t:|1750869352
|move|p1a: Calyrex|Protect|p1a: Calyrex
|-singleturn|p1a: Calyrex|Protect
|move|p2b: Iron Hands|Fake Out|p1a: Calyrex
|-activate|p1a: Calyrex|move: Protect
|move|p1b: Rillaboom|Grassy Glide|p2a: Lunala
|-damage|p2a: Lunala|5/100
|move|p2a: Lunala|Moongeist Beam|p1b: Rillaboom
|-damage|p1b: Rillaboom|38/100
|
|-heal|p2a: Lunala|12/100|[from] Grassy Terrain
|-heal|p1b: Rillaboom|44/100|[from] Grassy Terrain
|-heal|p1a: Calyrex|15/100|[from] Grassy Terrain
|-end|p2a: Lunala|move: Taunt
|upkeep
|turn|6
|
|t:|1750869370
|move|p1b: Rillaboom|Grassy Glide|p2a: Lunala
|-damage|p2a: Lunala|0 fnt
|faint|p2a: Lunala
|move|p2b: Iron Hands|Wild Charge|p1a: Calyrex
|-damage|p1a: Calyrex|0 fnt
|faint|p1a: Calyrex
|-damage|p2b: Iron Hands|97/100|[from] Recoil
|
|-heal|p1b: Rillaboom|50/100|[from] Grassy Terrain
|-heal|p2b: Iron Hands|100/100|[from] Grassy Terrain
|upkeep
|
|t:|1750869374
|switch|p2a: Incineroar|Incineroar, L50, M|92/100
|switch|p1a: Kyogre|Kyogre, L50|100/100
|-weather|RainDance|[from] ability: Drizzle|[of] p1a: Kyogre
|-ability|p2a: Incineroar|Intimidate|boost
|-unboost|p1a: Kyogre|atk|1
|-unboost|p1b: Rillaboom|atk|1
|turn|7
|
|t:|1750869385
|move|p1a: Kyogre|Protect|p1a: Kyogre
|-singleturn|p1a: Kyogre|Protect
|move|p2a: Incineroar|Fake Out|p1a: Kyogre
|-activate|p1a: Kyogre|move: Protect
|move|p1b: Rillaboom|Wood Hammer|p2b: Iron Hands
|-damage|p2b: Iron Hands|65/100
|-damage|p1b: Rillaboom|35/100|[from] Recoil
|move|p2b: Iron Hands|Low Kick|p1b: Rillaboom
|-damage|p1b: Rillaboom|0 fnt
|faint|p1b: Rillaboom
|
|-weather|RainDance|[upkeep]
|-heal|p2a: Incineroar|98/100|[from] Grassy Terrain
|-heal|p2b: Iron Hands|71/100|[from] Grassy Terrain
|upkeep
|turn|8
|
|t:|1750869393
|-terastallize|p2a: Incineroar|Grass
|move|p1a: Kyogre|Water Spout|p2b: Iron Hands|[spread] p2a,p2b
|-resisted|p2a: Incineroar
|-damage|p2a: Incineroar|48/100
|-damage|p2b: Iron Hands|1/100
|move|p2a: Incineroar|Knock Off|p1a: Kyogre
|-damage|p1a: Kyogre|61/100
|-enditem|p1a: Kyogre|Mystic Water|[from] move: Knock Off|[of] p2a: Incineroar
|move|p2b: Iron Hands|Drain Punch|p1a: Kyogre
|-damage|p1a: Kyogre|15/100
|-heal|p2b: Iron Hands|19/100|[from] drain|[of] p1a: Kyogre
|
|-weather|RainDance|[upkeep]
|-heal|p1a: Kyogre|21/100|[from] Grassy Terrain
|-heal|p2a: Incineroar|54/100|[from] Grassy Terrain
|-heal|p2b: Iron Hands|25/100|[from] Grassy Terrain
|upkeep
|turn|9
|j| Prasoooon
|
|t:|1750869407
|move|p1a: Kyogre|Origin Pulse|p2b: Iron Hands|[spread] p2a
|-miss|p1a: Kyogre|p2b: Iron Hands
|-resisted|p2a: Incineroar
|-damage|p2a: Incineroar|24/100
|-enditem|p2a: Incineroar|Aguav Berry|[eat]
|-heal|p2a: Incineroar|57/100|[from] item: Aguav Berry
|move|p2a: Incineroar|Knock Off|p1a: Kyogre
|-damage|p1a: Kyogre|0 fnt
|faint|p1a: Kyogre
|
|win|sleemo2
|raw|Useless0o0's rating: 1519 &rarr; <strong>1500</strong><br />(-19 for losing)
|raw|sleemo2's rating: 1533 &rarr; <strong>1552</strong><br />(+19 for winning)
|l|☆Useless0o0
|player|p1|
|l| Prasoooon
