|j|☆fuleya
|j|☆drakkulll
|t:|1750811528
|gametype|doubles
|player|p1|fuleya|101|1399
|player|p2|drakkulll|giovanni|1296
|teamsize|p1|6
|teamsize|p2|6
|gen|9
|tier|[Gen 9] VGC 2025 Reg I
|rated|
|rule|Species Clause: Limit one of each Pokémon
|rule|Item Clause: Limit 1 of each item
|clearpoke
|poke|p1|Calyrex-Ice, L50|
|poke|p1|Miraidon, L50|
|poke|p1|Grimmsnarl, L50, M|
|poke|p1|Urshifu-*, L50, M|
|poke|p1|Incineroar, L50, F|
|poke|p1|Landorus, L50, M|
|poke|p2|Mightyena, L50, M|
|poke|p2|Lunala, L50|
|poke|p2|Raging Bolt, L50|
|poke|p2|Kyogre, L50|
|poke|p2|Rillaboom, L50, F|
|poke|p2|Ursaluna-Bloodmoon, L50, M|
|teampreview|4
|l|☆fuleya
|player|p1|
|j|☆fuleya
|player|p1|fuleya|101|
|inactive|Battle timer is ON: inactive players will automatically lose when time's up. (requested by drakkulll)
|
|t:|1750811569
|start
|switch|p1a: Grimmsnarl|Grimmsnarl, L50, M|100/100
|switch|p1b: Miraidon|Miraidon, L50|100/100
|switch|p2a: Jesus|Lunala, L50|100/100
|switch|p2b: Cthulu|Mightyena, L50, M|100/100
|-fieldstart|move: Electric Terrain|[from] ability: Hadron Engine|[of] p1b: Miraidon
|-ability|p2b: Cthulu|Intimidate|boost
|-unboost|p1a: Grimmsnarl|atk|1
|-unboost|p1b: Miraidon|atk|1
|turn|1
|
|t:|1750811588
|move|p1a: Grimmsnarl|Light Screen|p1a: Grimmsnarl
|-sidestart|p1: fuleya|move: Light Screen
|move|p1b: Miraidon|Electro Drift|p2b: Cthulu
|-damage|p2b: Cthulu|0 fnt
|faint|p2b: Cthulu
|move|p2a: Jesus|Trick Room|p2a: Jesus
|-fieldstart|move: Trick Room|[of] p2a: Jesus
|
|upkeep
|
|t:|1750811595
|switch|p2b: Hemos|Ursaluna-Bloodmoon, L50, M|100/100
|turn|2
|
|t:|1750811607
|move|p2b: Hemos|Earth Power|p1b: Miraidon
|-supereffective|p1b: Miraidon
|-damage|p1b: Miraidon|36/100
|-damage|p2b: Hemos|91/100|[from] item: Life Orb
|move|p1a: Grimmsnarl|Spirit Break|p2a: Jesus
|-damage|p2a: Jesus|92/100
|-unboost|p2a: Jesus|spa|1
|move|p2a: Jesus|Meteor Beam||[still]
|-prepare|p2a: Jesus|Meteor Beam
|-boost|p2a: Jesus|spa|1
|-enditem|p2a: Jesus|Power Herb
|-anim|p2a: Jesus|Meteor Beam|p1b: Miraidon
|-damage|p1b: Miraidon|16/100
|move|p1b: Miraidon|Electro Drift|p2a: Jesus
|-damage|p2a: Jesus|0 fnt
|faint|p2a: Jesus
|
|upkeep
|
|t:|1750811615
|switch|p2a: Than|Kyogre, L50|100/100
|-weather|RainDance|[from] ability: Drizzle|[of] p2a: Than
|turn|3
|
|t:|1750811627
|move|p2b: Hemos|Hyper Voice|p1b: Miraidon|[spread] p1a,p1b
|-damage|p1a: Grimmsnarl|72/100
|-damage|p1b: Miraidon|0 fnt
|faint|p1b: Miraidon
|-damage|p2b: Hemos|81/100|[from] item: Life Orb
|move|p1a: Grimmsnarl|Spirit Break|p2a: Than
|-damage|p2a: Than|82/100
|-unboost|p2a: Than|spa|1
|move|p2a: Than|Water Spout|p1a: Grimmsnarl
|-damage|p1a: Grimmsnarl|20/100
|
|-weather|RainDance|[upkeep]
|upkeep
|
|t:|1750811641
|switch|p1b: Calyrex|Calyrex-Ice, L50|100/100
|-ability|p1b: Calyrex|As One
|-ability|p1b: Calyrex|Unnerve
|turn|4
|
|t:|1750811660
|-terastallize|p2b: Hemos|Normal
|-terastallize|p1b: Calyrex|Water
|move|p2b: Hemos|Blood Moon|p1b: Calyrex
|-damage|p1b: Calyrex|39/100
|-damage|p2b: Hemos|71/100|[from] item: Life Orb
|move|p1b: Calyrex|Glacial Lance|p2b: Hemos|[spread] p2a,p2b
|-resisted|p2a: Than
|-damage|p2a: Than|58/100
|-damage|p2b: Hemos|36/100
|move|p1a: Grimmsnarl|Spirit Break|p2b: Hemos
|-damage|p2b: Hemos|20/100
|-unboost|p2b: Hemos|spa|1
|move|p2a: Than|Origin Pulse|p1b: Calyrex|[spread] p1a,p1b
|-resisted|p1b: Calyrex
|-damage|p1a: Grimmsnarl|0 fnt
|-damage|p1b: Calyrex|27/100
|faint|p1a: Grimmsnarl
|
|-weather|RainDance|[upkeep]
|-heal|p1b: Calyrex|32/100|[from] item: Leftovers
|upkeep
|
|t:|1750811679
|switch|p1a: Urshifu|Urshifu-Rapid-Strike, L50, M|100/100
|turn|5
|
|t:|1750811692
|move|p2b: Hemos|Hyper Voice|p1a: Urshifu|[spread] p1a,p1b
|-damage|p1a: Urshifu|67/100
|-damage|p1b: Calyrex|15/100
|-damage|p2b: Hemos|10/100|[from] item: Life Orb
|move|p1b: Calyrex|Glacial Lance|p2b: Hemos|[spread] p2a,p2b
|-resisted|p2a: Than
|-damage|p2a: Than|35/100
|-damage|p2b: Hemos|0 fnt
|faint|p2b: Hemos
|-ability|p1b: Calyrex|Chilling Neigh|boost
|-boost|p1b: Calyrex|atk|1
|move|p2a: Than|Thunder|p1a: Urshifu
|-supereffective|p1a: Urshifu
|-damage|p1a: Urshifu|7/100
|-status|p1a: Urshifu|par
|cant|p1a: Urshifu|par
|
|-weather|RainDance|[upkeep]
|-heal|p1b: Calyrex|21/100|[from] item: Leftovers
|-fieldend|move: Trick Room
|-fieldend|move: Electric Terrain
|upkeep
|turn|6
|inactive|fuleya has 30 seconds left.
|inactive|fuleya has 20 seconds left.
|
|t:|1750811731
|move|p2a: Than|Thunder|p1b: Calyrex
|-supereffective|p1b: Calyrex
|-damage|p1b: Calyrex|0 fnt
|faint|p1b: Calyrex
|move|p1a: Urshifu|Close Combat|p2a: Than
|-damage|p2a: Than|0 fnt
|-unboost|p1a: Urshifu|def|1
|-unboost|p1a: Urshifu|spd|1
|faint|p2a: Than
|
|win|fuleya
|raw|fuleya's rating: 1399 &rarr; <strong>1413</strong><br />(+14 for winning)
|raw|drakkulll's rating: 1296 &rarr; <strong>1278</strong><br />(-18 for losing)
|l|☆drakkulll
|player|p2|
|l|☆fuleya
|player|p1|
