|j|☆Moosewii7
|j|☆kakashit_com
|t:|1750801832
|gametype|doubles
|player|p1|Moosewii7|101|1469
|player|p2|kakashit_com|1|1505
|teamsize|p1|6
|teamsize|p2|6
|gen|9
|tier|[Gen 9] VGC 2025 Reg I
|rated|
|rule|Species Clause: Limit one of each Pokémon
|rule|Item Clause: Limit 1 of each item
|clearpoke
|poke|p1|Calyrex-Shadow, L50|
|poke|p1|Indeedee-F, L50, F|
|poke|p1|Kyogre, L50|
|poke|p1|Maushold-Four, L50|
|poke|p1|Garganacl, L50, M|
|poke|p1|Raging Bolt, L50|
|poke|p2|Miraidon, L50|
|poke|p2|Calyrex-Ice, L50|
|poke|p2|Incineroar, L50, M|
|poke|p2|Rillaboom, L50, M|
|poke|p2|Landorus, L50, M|
|poke|p2|Urshifu-*, L50, F|
|teampreview|4
|inactive|Battle timer is ON: inactive players will automatically lose when time's up. (requested by kakashit_com)
|
|t:|1750801862
|start
|switch|p1a: Indeedee|Indeedee-F, L50, F|100/100
|switch|p1b: Kyogre|Kyogre, L50|100/100
|switch|p2a: Miraidon|Miraidon, L50|100/100
|switch|p2b: Urshifu|Urshifu-Rapid-Strike, L50, F|100/100
|-fieldstart|move: Electric Terrain|[from] ability: Hadron Engine|[of] p2a: Miraidon
|-weather|RainDance|[from] ability: Drizzle|[of] p1b: Kyogre
|-fieldstart|move: Psychic Terrain|[from] ability: Psychic Surge|[of] p1a: Indeedee
|turn|1
|
|t:|1750801881
|-terastallize|p1b: Kyogre|Water
|move|p1a: Indeedee|Follow Me|p1a: Indeedee
|-singleturn|p1a: Indeedee|move: Follow Me
|move|p2a: Miraidon|Snarl|p1b: Kyogre|[spread] p1a,p1b
|-supereffective|p1a: Indeedee
|-damage|p1a: Indeedee|71/100
|-damage|p1b: Kyogre|91/100
|-unboost|p1a: Indeedee|spa|1
|move|p2b: Urshifu|U-turn|p1a: Indeedee
|-supereffective|p1a: Indeedee
|-crit|p1a: Indeedee
|-damage|p1a: Indeedee|0 fnt
|faint|p1a: Indeedee
|
|t:|1750801893
|switch|p2b: Calyrex|Calyrex-Ice, L50|100/100|[from] U-turn
|-ability|p2b: Calyrex|As One
|-ability|p2b: Calyrex|Unnerve
|move|p1b: Kyogre|Water Spout|p2a: Miraidon|[spread] p2a,p2b
|-resisted|p2a: Miraidon
|-damage|p2a: Miraidon|53/100
|-damage|p2b: Calyrex|27/100
|
|-weather|RainDance|[upkeep]
|-heal|p2b: Calyrex|33/100|[from] item: Leftovers
|upkeep
|
|t:|1750801906
|switch|p1a: Calyrex|Calyrex-Shadow, L50|100/100
|-ability|p1a: Calyrex|As One
|-ability|p1a: Calyrex|Unnerve
|turn|2
|
|t:|1750801914
|switch|p1b: Maushold|Maushold-Four, L50|100/100
|move|p2b: Calyrex|Protect|p2b: Calyrex
|-singleturn|p2b: Calyrex|Protect
|move|p2a: Miraidon|Snarl|p1b: Maushold|[spread] p1a,p1b
|-supereffective|p1a: Calyrex
|-damage|p1a: Calyrex|32/100
|-damage|p1b: Maushold|75/100
|-unboost|p1a: Calyrex|spa|1
|-unboost|p1b: Maushold|spa|1
|move|p1a: Calyrex|Astral Barrage|p2a: Miraidon|[spread] p2a
|-activate|p2b: Calyrex|move: Protect
|-damage|p2a: Miraidon|24/100
|
|-weather|RainDance|[upkeep]
|-heal|p2b: Calyrex|39/100|[from] item: Leftovers
|upkeep
|turn|3
|inactive|Moosewii7 has 30 seconds left.
|
|t:|1750801948
|switch|p1a: Kyogre|Kyogre, L50, tera:Water|91/100
|-terastallize|p2b: Calyrex|Water
|move|p2a: Miraidon|Snarl|p1a: Kyogre|[spread] p1a,p1b
|-damage|p1a: Kyogre|82/100
|-damage|p1b: Maushold|53/100
|-unboost|p1b: Maushold|spa|1
|move|p1b: Maushold|Population Bomb|p2b: Calyrex
|-damage|p2b: Calyrex|31/100
|-damage|p2b: Calyrex|24/100
|-damage|p2b: Calyrex|18/100
|-damage|p2b: Calyrex|11/100
|-damage|p2b: Calyrex|3/100
|-damage|p2b: Calyrex|0 fnt
|faint|p2b: Calyrex
|-hitcount|p2: Calyrex|6
|
|-weather|RainDance|[upkeep]
|upkeep
|
|t:|1750801970
|switch|p2b: Urshifu|Urshifu-Rapid-Strike, L50, F|100/100
|turn|4
|
|t:|1750801991
|switch|p2a: Landorus|Landorus, L50, M|100/100
|move|p1b: Maushold|Population Bomb|p2b: Urshifu
|-damage|p2b: Urshifu|90/100
|-damage|p2b: Urshifu|80/100
|-damage|p2b: Urshifu|69/100
|-crit|p2b: Urshifu
|-damage|p2b: Urshifu|52/100
|-damage|p2b: Urshifu|41/100
|-damage|p2b: Urshifu|31/100
|-damage|p2b: Urshifu|19/100
|-damage|p2b: Urshifu|7/100
|-damage|p2b: Urshifu|0 fnt
|faint|p2b: Urshifu
|-hitcount|p2: Urshifu|9
|move|p1a: Kyogre|Origin Pulse|p2a: Landorus
|-supereffective|p2a: Landorus
|-damage|p2a: Landorus|0 fnt
|faint|p2a: Landorus
|
|-weather|RainDance|[upkeep]
|upkeep
|
|t:|1750802001
|switch|p2b: Miraidon|Miraidon, L50|24/100
|-fieldstart|move: Electric Terrain|[from] ability: Hadron Engine|[of] p2b: Miraidon
|turn|5
|-message|kakashit_com forfeited.
|
|win|Moosewii7
|raw|Moosewii7's rating: 1469 &rarr; <strong>1491</strong><br />(+22 for winning)
|raw|kakashit_com's rating: 1505 &rarr; <strong>1483</strong><br />(-22 for losing)
|l|☆kakashit_com
|player|p2|
|l|☆Moosewii7
|player|p1|
