|j|☆mastaWelch9000
|j|☆Spalding944
|t:|1750855589
|gametype|doubles
|player|p1|mastaWelch9000|169|1168
|player|p2|Spalding944|101|1208
|teamsize|p1|6
|teamsize|p2|6
|gen|9
|tier|[Gen 9] VGC 2025 Reg I
|rated|
|rule|Species Clause: Limit one of each Pokémon
|rule|Item Clause: Limit 1 of each item
|clearpoke
|poke|p1|Ninetales-Alola, L50, F|
|poke|p1|Calyrex-Ice, L50|
|poke|p1|Kyurem-White, L50|
|poke|p1|Slowking-Galar, L50, M|
|poke|p1|Amoonguss, L50, F|
|poke|p1|Rillaboom, L50, M|
|poke|p2|Mewtwo, L50|
|poke|p2|Indeedee-F, L50, F|
|poke|p2|Drifblim, L50, F|
|poke|p2|Tatsugiri, L50, F|
|poke|p2|Dondozo, L50, M|
|poke|p2|Terapagos, L50, M|
|teampreview|4
mastaWelch9000 has agreed to open team sheets.
|inactive|Battle timer is ON: inactive players will automatically lose when time's up. (requested by mastaWelch9000)
|inactive|mastaWelch9000 has 60 seconds left.
|
|t:|1750855652
|start
|switch|p1a: Ninetales|Ninetales-Alola, L50, F|100/100
|switch|p1b: Calyrex|Calyrex-Ice, L50|100/100
|switch|p2a: Indeedee|Indeedee-F, L50, F|100/100
|switch|p2b: Drifblim|Drifblim, L50, F|100/100
|-ability|p1b: Calyrex|As One
|-ability|p1b: Calyrex|Unnerve
|-weather|Snowscape|[from] ability: Snow Warning|[of] p1a: Ninetales
|-fieldstart|move: Psychic Terrain|[from] ability: Psychic Surge|[of] p2a: Indeedee
|-enditem|p2b: Drifblim|Psychic Seed
|-boost|p2b: Drifblim|spd|1|[from] item: Psychic Seed
|turn|1
|inactive|mastaWelch9000 has 30 seconds left.
|inactive|mastaWelch9000 has 20 seconds left.
|inactive|mastaWelch9000 has 15 seconds left.
|inactive|mastaWelch9000 has 10 seconds left.
|inactive|mastaWelch9000 has 5 seconds left.
|
|t:|1750855704
|-terastallize|p2b: Drifblim|Dark
|move|p2a: Indeedee|Follow Me|p2a: Indeedee
|-singleturn|p2a: Indeedee|move: Follow Me
|move|p2b: Drifblim|Minimize|p2b: Drifblim
|-boost|p2b: Drifblim|evasion|2
|move|p1a: Ninetales|Aurora Veil|p1a: Ninetales
|-sidestart|p1: mastaWelch9000|move: Aurora Veil
|move|p1b: Calyrex|Trick Room|p1b: Calyrex
|-fieldstart|move: Trick Room|[of] p1b: Calyrex
|
|-weather|Snowscape|[upkeep]
|upkeep
|turn|2
|inactive|Spalding944 has 30 seconds left.
|
|t:|1750855738
|move|p1b: Calyrex|Glacial Lance|p2b: Drifblim|[spread] p2a,p2b
|-damage|p2a: Indeedee|58/100
|-damage|p2b: Drifblim|51/100
|move|p2a: Indeedee|Heal Pulse|p2b: Drifblim
|-heal|p2b: Drifblim|100/100
|move|p1a: Ninetales|Blizzard|p2a: Indeedee|[spread] p2a,p2b
|-damage|p2a: Indeedee|30/100
|-damage|p2b: Drifblim|83/100
|move|p2b: Drifblim|Minimize|p2b: Drifblim
|-boost|p2b: Drifblim|evasion|2
|
|-weather|Snowscape|[upkeep]
|upkeep
|turn|3
|inactive|Spalding944 has 30 seconds left.
|
|t:|1750855765
|move|p2a: Indeedee|Protect|p2a: Indeedee
|-singleturn|p2a: Indeedee|Protect
|move|p1b: Calyrex|Glacial Lance|p2b: Drifblim|[spread] p2b
|-activate|p2a: Indeedee|move: Protect
|-damage|p2b: Drifblim|33/100
|move|p1a: Ninetales|Blizzard|p2b: Drifblim|[spread] p2b
|-activate|p2a: Indeedee|move: Protect
|-damage|p2b: Drifblim|15/100
|move|p2b: Drifblim|Minimize|p2b: Drifblim
|-boost|p2b: Drifblim|evasion|2
|
|-weather|Snowscape|[upkeep]
|upkeep
|turn|4
|inactive|mastaWelch9000 has 30 seconds left.
|
|t:|1750855792
|move|p2b: Drifblim|Protect|p2b: Drifblim
|-singleturn|p2b: Drifblim|Protect
|move|p1b: Calyrex|Glacial Lance|p2b: Drifblim|[spread] p2a
|-activate|p2b: Drifblim|move: Protect
|-damage|p2a: Indeedee|0 fnt
|faint|p2a: Indeedee
|-ability|p1b: Calyrex|Chilling Neigh|boost
|-boost|p1b: Calyrex|atk|1
|move|p1a: Ninetales|Blizzard|p2b: Drifblim
|-activate|p2b: Drifblim|move: Protect
|
|-weather|Snowscape|[upkeep]
|upkeep
|
|t:|1750855803
|switch|p2a: Tatsugiri|Tatsugiri, L50, F|100/100
|turn|5
|inactive|mastaWelch9000 has 30 seconds left.
|inactive|mastaWelch9000 has 20 seconds left.
|
|t:|1750855841
|move|p2a: Tatsugiri|Protect|p2a: Tatsugiri
|-singleturn|p2a: Tatsugiri|Protect
|move|p1b: Calyrex|Glacial Lance|p2a: Tatsugiri|[spread] 
|-activate|p2a: Tatsugiri|move: Protect
|-miss|p1b: Calyrex|p2b: Drifblim
|move|p1a: Ninetales|Freeze-Dry|p2a: Tatsugiri
|-activate|p2a: Tatsugiri|move: Protect
|move|p2b: Drifblim|Baton Pass|p2b: Drifblim
|
|t:|1750855850
|switch|p2b: Dondozo|Dondozo, L50, M|100/100|[from] Baton Pass
|-activate|p2a: Tatsugiri|ability: Commander|[of] p2b: Dondozo
|-boost|p2b: Dondozo|atk|2
|-boost|p2b: Dondozo|spa|2
|-boost|p2b: Dondozo|spe|2
|-boost|p2b: Dondozo|def|2
|-boost|p2b: Dondozo|spd|2
|
|-weather|none
|-sideend|p1: mastaWelch9000|move: Aurora Veil
|-fieldend|move: Trick Room
|-fieldend|move: Psychic Terrain
|upkeep
|turn|6
|inactive|mastaWelch9000 has 30 seconds left.
|inactive|mastaWelch9000 has 20 seconds left.
|inactive|mastaWelch9000 has 15 seconds left.
|
|t:|1750855894
|switch|p1a: Rillaboom|Rillaboom, L50, M|100/100
|-fieldstart|move: Grassy Terrain|[from] ability: Grassy Surge|[of] p1a: Rillaboom
|move|p2b: Dondozo|Order Up|p1b: Calyrex
|-damage|p1b: Calyrex|77/100
|-boost|p2b: Dondozo|atk|1
|move|p1b: Calyrex|Leech Seed|p2b: Dondozo|[miss]
|-miss|p1b: Calyrex|p2b: Dondozo
|
|-heal|p1b: Calyrex|83/100|[from] Grassy Terrain
|-heal|p1b: Calyrex|89/100|[from] item: Leftovers
|upkeep
|turn|7
|
|t:|1750855918
|switch|p1b: Ninetales|Ninetales-Alola, L50, F|100/100
|-weather|Snowscape|[from] ability: Snow Warning|[of] p1b: Ninetales
|move|p2b: Dondozo|Protect|p2b: Dondozo
|-singleturn|p2b: Dondozo|Protect
|move|p1a: Rillaboom|Fake Out|p2b: Dondozo
|-activate|p2b: Dondozo|move: Protect
|
|-weather|Snowscape|[upkeep]
|upkeep
|turn|8
|inactive|mastaWelch9000 has 30 seconds left.
|
|t:|1750855951
|move|p1a: Rillaboom|Grassy Glide|p2b: Dondozo|[miss]
|-miss|p1a: Rillaboom|p2b: Dondozo
|move|p1b: Ninetales|Aurora Veil|p1b: Ninetales
|-sidestart|p1: mastaWelch9000|move: Aurora Veil
|move|p2b: Dondozo|Substitute|p2b: Dondozo
|-start|p2b: Dondozo|Substitute
|-damage|p2b: Dondozo|75/100
|
|-weather|Snowscape|[upkeep]
|-heal|p2b: Dondozo|82/100|[from] Grassy Terrain
|-heal|p2b: Dondozo|88/100|[from] item: Leftovers
|upkeep
|turn|9
|inactive|mastaWelch9000 has 30 seconds left.
|inactive|mastaWelch9000 has 20 seconds left.
|inactive|mastaWelch9000 has 15 seconds left.
|inactive|mastaWelch9000 has 10 seconds left.
|
|t:|1750855997
|switch|p1a: Kyurem|Kyurem-White, L50|100/100
|-ability|p1a: Kyurem|Turboblaze
|move|p2b: Dondozo|Protect|p2b: Dondozo
|-singleturn|p2b: Dondozo|Protect
|move|p1b: Ninetales|Blizzard|p2a: Tatsugiri|[spread] 
|-miss|p1b: Ninetales|p2a: Tatsugiri
|-activate|p2b: Dondozo|move: Protect
|
|-weather|Snowscape|[upkeep]
|-heal|p2b: Dondozo|94/100|[from] Grassy Terrain
|-heal|p2b: Dondozo|100/100|[from] item: Leftovers
|upkeep
|turn|10
|
|t:|1750856013
|move|p1b: Ninetales|Blizzard|p2b: Dondozo|[spread] p2b
|-miss|p1b: Ninetales|p2a: Tatsugiri
|-resisted|p2b: Dondozo
|-activate|p2b: Dondozo|move: Substitute|[damage]
|move|p1a: Kyurem|Blizzard|p2b: Dondozo|[spread] p2b
|-miss|p1a: Kyurem|p2a: Tatsugiri
|-resisted|p2b: Dondozo
|-activate|p2b: Dondozo|move: Substitute|[damage]
|-damage|p1a: Kyurem|91/100|[from] item: Life Orb
|move|p2b: Dondozo|Order Up|p1a: Kyurem
|-supereffective|p1a: Kyurem
|-damage|p1a: Kyurem|52/100
|-boost|p2b: Dondozo|atk|1
|
|-weather|Snowscape|[upkeep]
|-heal|p1a: Kyurem|58/100|[from] Grassy Terrain
|-fieldend|move: Grassy Terrain
|upkeep
|turn|11
|
|t:|1750856038
|move|p1a: Kyurem|Protect|p1a: Kyurem
|-singleturn|p1a: Kyurem|Protect
|move|p1b: Ninetales|Blizzard|p2b: Dondozo|[spread] p2b
|-miss|p1b: Ninetales|p2a: Tatsugiri
|-resisted|p2b: Dondozo
|-activate|p2b: Dondozo|move: Substitute|[damage]
|move|p2b: Dondozo|Order Up|p1a: Kyurem
|-activate|p1a: Kyurem|move: Protect
|
|-weather|none
|upkeep
|turn|12
|inactive|mastaWelch9000 has 30 seconds left.
|inactive|mastaWelch9000 has 20 seconds left.
|
|t:|1750856076
|switch|p1b: Calyrex|Calyrex-Ice, L50|89/100
|-ability|p1b: Calyrex|As One
|-ability|p1b: Calyrex|Unnerve
|move|p1a: Kyurem|Blizzard|p2a: Tatsugiri|[spread] p2b
|-miss|p1a: Kyurem|p2a: Tatsugiri
|-resisted|p2b: Dondozo
|-end|p2b: Dondozo|Substitute
|-damage|p1a: Kyurem|48/100|[from] item: Life Orb
|move|p2b: Dondozo|Order Up|p1a: Kyurem
|-supereffective|p1a: Kyurem
|-damage|p1a: Kyurem|0 fnt
|faint|p1a: Kyurem
|-boost|p2b: Dondozo|atk|1
|
|-heal|p1b: Calyrex|95/100|[from] item: Leftovers
|-sideend|p1: mastaWelch9000|move: Aurora Veil
|upkeep
|
|t:|1750856092
|switch|p1a: Ninetales|Ninetales-Alola, L50, F|100/100
|-weather|Snowscape|[from] ability: Snow Warning|[of] p1a: Ninetales
|turn|13
|
|t:|1750856102
|move|p1a: Ninetales|Aurora Veil|p1a: Ninetales
|-sidestart|p1: mastaWelch9000|move: Aurora Veil
|move|p2b: Dondozo|Substitute|p2b: Dondozo
|-start|p2b: Dondozo|Substitute
|-damage|p2b: Dondozo|75/100
|move|p1b: Calyrex|Leech Seed|p2b: Dondozo|[miss]
|-miss|p1b: Calyrex|p2b: Dondozo
|
|-weather|Snowscape|[upkeep]
|-heal|p2b: Dondozo|82/100|[from] item: Leftovers
|-heal|p1b: Calyrex|100/100|[from] item: Leftovers
|upkeep
|turn|14
|inactive|mastaWelch9000 has 30 seconds left.
|
|t:|1750856127
|move|p1a: Ninetales|Blizzard|p2a: Tatsugiri|[spread] p2b
|-miss|p1a: Ninetales|p2a: Tatsugiri
|-resisted|p2b: Dondozo
|-activate|p2b: Dondozo|move: Substitute|[damage]
|move|p2b: Dondozo|Order Up|p1b: Calyrex
|-damage|p1b: Calyrex|82/100
|-boost|p2b: Dondozo|atk|1
|move|p1b: Calyrex|Leech Seed|p2b: Dondozo|[miss]
|-miss|p1b: Calyrex|p2b: Dondozo
|
|-weather|Snowscape|[upkeep]
|-heal|p2b: Dondozo|88/100|[from] item: Leftovers
|-heal|p1b: Calyrex|87/100|[from] item: Leftovers
|upkeep
|turn|15
|inactive|mastaWelch9000 has 30 seconds left this turn.
|inactive|mastaWelch9000 has 20 seconds left.
|inactive|mastaWelch9000 has 15 seconds left.
|
|t:|1750856143
|move|p2b: Dondozo|Protect|p2b: Dondozo
|-singleturn|p2b: Dondozo|Protect
|move|p1a: Ninetales|Blizzard|p2a: Tatsugiri|[spread] 
|-miss|p1a: Ninetales|p2a: Tatsugiri
|-activate|p2b: Dondozo|move: Protect
|move|p1b: Calyrex|Leech Seed|p2b: Dondozo
|-activate|p2b: Dondozo|move: Protect
|
|-weather|Snowscape|[upkeep]
|-heal|p2b: Dondozo|94/100|[from] item: Leftovers
|-heal|p1b: Calyrex|93/100|[from] item: Leftovers
|upkeep
|turn|16
|inactive|mastaWelch9000 has 15 seconds left this turn.
|inactive|mastaWelch9000 has 10 seconds left.
|inactive|mastaWelch9000 has 5 seconds left.
|
|t:|1750856157
|move|p1a: Ninetales|Moonblast|p2b: Dondozo
|-activate|p2b: Dondozo|move: Substitute|[damage]
|move|p2b: Dondozo|Earthquake|p1a: Ninetales|[spread] p1a,p1b
|-miss|p2b: Dondozo|p2a: Tatsugiri
|-damage|p1a: Ninetales|54/100
|-damage|p1b: Calyrex|72/100
|move|p1b: Calyrex|Leech Seed|p2b: Dondozo|[miss]
|-miss|p1b: Calyrex|p2b: Dondozo
|
|-weather|Snowscape|[upkeep]
|-heal|p2b: Dondozo|100/100|[from] item: Leftovers
|-heal|p1b: Calyrex|78/100|[from] item: Leftovers
|upkeep
|turn|17
|inactive|mastaWelch9000 has 5 seconds left this turn.
|-message|mastaWelch9000 lost due to inactivity.
|
|win|Spalding944
|raw|mastaWelch9000's rating: 1168 &rarr; <strong>1146</strong><br />(-22 for losing)
|raw|Spalding944's rating: 1208 &rarr; <strong>1230</strong><br />(+22 for winning)
