|j|☆peedr
|j|☆Tokoromegumi415
|t:|1750727259
|gametype|doubles
|player|p1|peedr|1|1362
|player|p2|Tokoromegumi415|1|1452
|teamsize|p1|6
|teamsize|p2|6
|gen|9
|tier|[Gen 9] VGC 2025 Reg I
|rated|
|rule|Species Clause: Limit one of each Pokémon
|rule|Item Clause: Limit 1 of each item
|clearpoke
|poke|p1|Kyogre, L50|
|poke|p1|Archaludon, L50, M|
|poke|p1|Amoonguss, L50, F|
|poke|p1|Klefki, L50, M|
|poke|p1|Zacian-*, L50|
|poke|p1|Basculegion, L50, M|
|poke|p2|Ho-Oh, L50|
|poke|p2|Zamazenta-*, L50|
|poke|p2|Cresselia, L50, F|
|poke|p2|Rillaboom, L50, M|
|poke|p2|Annihilape, L50, M|
|poke|p2|Overqwil, L50, M|
|teampreview|4
|
|t:|1750727307
|start
|switch|p1a: Kyogre|Kyogre, L50|100/100
|switch|p1b: Klefki|Klefki, L50, M, shiny|100/100
|switch|p2a: Ho-Oh|Ho-Oh, L50, shiny|100/100
|switch|p2b: Rillaboom|Rillaboom, L50, M|100/100
|-weather|RainDance|[from] ability: Drizzle|[of] p1a: Kyogre
|-fieldstart|move: Grassy Terrain|[from] ability: Grassy Surge|[of] p2b: Rillaboom
|turn|1
|
|t:|1750727333
|switch|p1a: Archaludon|Archaludon, L50, M, shiny|100/100
|move|p2b: Rillaboom|Fake Out|p1a: Archaludon
|-resisted|p1a: Archaludon
|-damage|p1a: Archaludon|96/100
|-ability|p1a: Archaludon|Stamina|boost
|-boost|p1a: Archaludon|def|1
|move|p1b: Klefki|Light Screen|p1b: Klefki
|-sidestart|p1: peedr|move: Light Screen
|move|p2a: Ho-Oh|Calm Mind|p2a: Ho-Oh
|-boost|p2a: Ho-Oh|spa|1
|-boost|p2a: Ho-Oh|spd|1
|
|-weather|RainDance|[upkeep]
|-heal|p1a: Archaludon|100/100|[from] Grassy Terrain
|upkeep
|turn|2
|
|t:|1750727375
|-terastallize|p2a: Ho-Oh|Grass
|move|p1b: Klefki|Thunder Wave|p2a: Ho-Oh
|-status|p2a: Ho-Oh|par
|move|p1a: Archaludon|Electro Shot||[still]
|-prepare|p1a: Archaludon|Electro Shot
|-boost|p1a: Archaludon|spa|1
|-anim|p1a: Archaludon|Electro Shot|p2a: Ho-Oh
|-resisted|p2a: Ho-Oh
|-damage|p2a: Ho-Oh|86/100 par
|move|p2b: Rillaboom|Knock Off|p1a: Archaludon
|-damage|p1a: Archaludon|84/100
|-ability|p1a: Archaludon|Stamina|boost
|-boost|p1a: Archaludon|def|1
|-enditem|p1a: Archaludon|Assault Vest|[from] move: Knock Off|[of] p2b: Rillaboom
|move|p2a: Ho-Oh|Sacred Fire|p1a: Archaludon
|-damage|p1a: Archaludon|76/100
|-status|p1a: Archaludon|brn
|-ability|p1a: Archaludon|Stamina|boost
|-boost|p1a: Archaludon|def|1
|
|-weather|RainDance|[upkeep]
|-heal|p1a: Archaludon|82/100 brn|[from] Grassy Terrain
|-heal|p2a: Ho-Oh|93/100 par|[from] Grassy Terrain
|-damage|p1a: Archaludon|76/100 brn|[from] brn
|upkeep
|turn|3
|
|t:|1750727407
|move|p1b: Klefki|Thunder Wave|p2b: Rillaboom
|-status|p2b: Rillaboom|par
|move|p1a: Archaludon|Electro Shot||[still]
|-prepare|p1a: Archaludon|Electro Shot
|-boost|p1a: Archaludon|spa|1
|-anim|p1a: Archaludon|Electro Shot|p2a: Ho-Oh
|-resisted|p2a: Ho-Oh
|-damage|p2a: Ho-Oh|75/100 par
|move|p2a: Ho-Oh|Calm Mind|p2a: Ho-Oh
|-boost|p2a: Ho-Oh|spa|1
|-boost|p2a: Ho-Oh|spd|1
|move|p2b: Rillaboom|U-turn|p1b: Klefki
|-resisted|p1b: Klefki
|-damage|p1b: Klefki|96/100
|
|t:|1750727431
|switch|p2b: Zamazenta|Zamazenta-Crowned, L50|100/100|[from] U-turn
|-ability|p2b: Zamazenta|Dauntless Shield|boost
|-boost|p2b: Zamazenta|def|1
|
|-weather|RainDance|[upkeep]
|-heal|p1a: Archaludon|82/100 brn|[from] Grassy Terrain
|-heal|p1b: Klefki|100/100|[from] Grassy Terrain
|-heal|p2a: Ho-Oh|81/100 par|[from] Grassy Terrain
|-damage|p1a: Archaludon|76/100 brn|[from] brn
|upkeep
|turn|4
|
|t:|1750727449
|move|p2b: Zamazenta|Protect|p2b: Zamazenta
|-singleturn|p2b: Zamazenta|Protect
|move|p1b: Klefki|Thunder Wave|p2b: Zamazenta
|-activate|p2b: Zamazenta|move: Protect
|move|p1a: Archaludon|Flash Cannon|p2a: Ho-Oh
|-crit|p2a: Ho-Oh
|-damage|p2a: Ho-Oh|16/100 par
|move|p2a: Ho-Oh|Sacred Fire|p1b: Klefki
|-supereffective|p1b: Klefki
|-damage|p1b: Klefki|59/100
|
|-weather|RainDance|[upkeep]
|-heal|p1a: Archaludon|82/100 brn|[from] Grassy Terrain
|-heal|p1b: Klefki|65/100|[from] Grassy Terrain
|-heal|p2a: Ho-Oh|22/100 par|[from] Grassy Terrain
|-damage|p1a: Archaludon|76/100 brn|[from] brn
|upkeep
|turn|5
|
|t:|1750727482
|move|p1b: Klefki|Thunder Wave|p2b: Zamazenta
|-status|p2b: Zamazenta|par
|move|p1a: Archaludon|Body Press|p2b: Zamazenta
|-supereffective|p2b: Zamazenta
|-damage|p2b: Zamazenta|75/100 par
|move|p2b: Zamazenta|Body Press|p1b: Klefki
|-damage|p1b: Klefki|7/100
|move|p2a: Ho-Oh|Life Dew|p2a: Ho-Oh|[spread] p2a,p2b
|-heal|p2a: Ho-Oh|47/100 par
|-heal|p2b: Zamazenta|99/100 par
|
|-weather|none
|-heal|p1a: Archaludon|82/100 brn|[from] Grassy Terrain
|-heal|p2b: Zamazenta|100/100 par|[from] Grassy Terrain
|-heal|p1b: Klefki|13/100|[from] Grassy Terrain
|-heal|p2a: Ho-Oh|53/100 par|[from] Grassy Terrain
|-damage|p1a: Archaludon|76/100 brn|[from] brn
|-sideend|p1: peedr|move: Light Screen
|-fieldend|move: Grassy Terrain
|upkeep
|turn|6
|
|t:|1750727517
|cant|p2b: Zamazenta|par
|move|p1b: Klefki|Rain Dance|p1b: Klefki
|-weather|RainDance
|move|p1a: Archaludon|Flash Cannon|p2a: Ho-Oh
|-damage|p2a: Ho-Oh|28/100 par
|move|p2a: Ho-Oh|Life Dew||[still]|[spread] p2a,p2b
|-heal|p2a: Ho-Oh|53/100 par
|-fail|p2b: Zamazenta|heal
|
|-weather|RainDance|[upkeep]
|-damage|p1a: Archaludon|70/100 brn|[from] brn
|upkeep
|turn|7
|
|t:|1750727544
|move|p1b: Klefki|Reflect|p1b: Klefki
|-sidestart|p1: peedr|Reflect
|move|p1a: Archaludon|Electro Shot||[still]
|-prepare|p1a: Archaludon|Electro Shot
|-boost|p1a: Archaludon|spa|1
|-anim|p1a: Archaludon|Electro Shot|p2b: Zamazenta
|-damage|p2b: Zamazenta|19/100 par
|move|p2b: Zamazenta|Body Press|p1b: Klefki
|-damage|p1b: Klefki|0 fnt
|faint|p1b: Klefki
|move|p2a: Ho-Oh|Life Dew|p2a: Ho-Oh|[spread] p2a,p2b
|-heal|p2a: Ho-Oh|78/100 par
|-heal|p2b: Zamazenta|44/100 par
|
|-weather|RainDance|[upkeep]
|-damage|p1a: Archaludon|64/100 brn|[from] brn
|upkeep
|
|t:|1750727564
|switch|p1b: Zacian|Zacian-Crowned, L50, shiny|100/100
|-ability|p1b: Zacian|Intrepid Sword|boost
|-boost|p1b: Zacian|atk|1
|turn|8
|
|t:|1750727575
|switch|p2b: Overqwil|Overqwil, L50, M, shiny|100/100
|-ability|p2b: Overqwil|Intimidate|boost
|-unboost|p1a: Archaludon|atk|1
|-unboost|p1b: Zacian|atk|1
|move|p1b: Zacian|Play Rough|p2a: Ho-Oh
|-damage|p2a: Ho-Oh|42/100 par
|-damage|p1b: Zacian|84/100|[from] item: Rocky Helmet|[of] p2a: Ho-Oh
|move|p1a: Archaludon|Flash Cannon|p2a: Ho-Oh
|-damage|p2a: Ho-Oh|14/100 par
|move|p2a: Ho-Oh|Sacred Fire|p1b: Zacian
|-supereffective|p1b: Zacian
|-damage|p1b: Zacian|55/100
|-status|p1b: Zacian|brn
|
|-weather|RainDance|[upkeep]
|-damage|p1b: Zacian|49/100 brn|[from] brn
|-damage|p1a: Archaludon|58/100 brn|[from] brn
|upkeep
|turn|9
|
|t:|1750727620
|switch|p2a: Zamazenta|Zamazenta-Crowned, L50|44/100 par
|move|p2b: Overqwil|Protect|p2b: Overqwil
|-singleturn|p2b: Overqwil|Protect
|move|p1b: Zacian|Play Rough|p2a: Zamazenta
|-damage|p2a: Zamazenta|28/100 par
|move|p1a: Archaludon|Body Press|p2a: Zamazenta
|-supereffective|p2a: Zamazenta
|-damage|p2a: Zamazenta|0 fnt
|faint|p2a: Zamazenta
|
|-weather|RainDance|[upkeep]
|-damage|p1b: Zacian|43/100 brn|[from] brn
|-damage|p1a: Archaludon|52/100 brn|[from] brn
|upkeep
|-message|Tokoromegumi415 forfeited.
|
|win|peedr
|raw|peedr's rating: 1362 &rarr; <strong>1387</strong><br />(+25 for winning)
|raw|Tokoromegumi415's rating: 1452 &rarr; <strong>1427</strong><br />(-25 for losing)
|l|☆Tokoromegumi415
|player|p2|
