|j|☆changfandiao123
|j|☆elbatracio29
|t:|1750853611
|gametype|doubles
|player|p1|changfandiao123|cynthia-gen4|1270
|player|p2|elbatracio29|170|1346
|teamsize|p1|6
|teamsize|p2|6
|gen|9
|tier|[Gen 9] VGC 2025 Reg I
|rated|
|rule|Species Clause: Limit one of each Pokémon
|rule|Item Clause: Limit 1 of each item
|clearpoke
|poke|p1|Ho-Oh, L50|
|poke|p1|Miraidon, L50|
|poke|p1|Ogerpon-Wellspring, L50, F|
|poke|p1|Iron Hands, L50|
|poke|p1|Farigiraf, L50, M|
|poke|p1|Flutter Mane, L50|
|poke|p2|Urshifu-*, L50, F|
|poke|p2|Regieleki, L50|
|poke|p2|Miraidon, L50|
|poke|p2|Zamazenta-*, L50|
|poke|p2|Whimsicott, L50, F|
|poke|p2|Iron Jugulis, L50|
|teampreview|4
|inactive|Battle timer is ON: inactive players will automatically lose when time's up. (requested by elbatracio29)
|inactive|elbatracio29 has 60 seconds left.
|
|t:|1750853649
|start
|switch|p1a: Miraidon|Miraidon, L50|100/100
|switch|p1b: Farigiraf|Farigiraf, L50, M, shiny|100/100
|switch|p2a: Regieleki|Regieleki, L50|100/100
|switch|p2b: Miraidon|Miraidon, L50|100/100
|-fieldstart|move: Electric Terrain|[from] ability: Hadron Engine|[of] p2b: Miraidon
|-activate|p1a: Miraidon|ability: Hadron Engine
|turn|1
|
|t:|1750853670
|-terastallize|p2b: Miraidon|Electric
|move|p1a: Miraidon|Protect|p1a: Miraidon
|-singleturn|p1a: Miraidon|Protect
|move|p2a: Regieleki|Electroweb|p1b: Farigiraf|[spread] p1b
|-activate|p1a: Miraidon|move: Protect
|-damage|p1b: Farigiraf|52/100
|-unboost|p1b: Farigiraf|spe|1
|move|p2b: Miraidon|Electro Drift|p1b: Farigiraf
|-damage|p1b: Farigiraf|0 fnt
|-damage|p2b: Miraidon|84/100|[from] item: Rocky Helmet|[of] p1b: Farigiraf
|faint|p1b: Farigiraf
|-damage|p2b: Miraidon|74/100|[from] item: Life Orb
|
|upkeep
|
|t:|1750853684
|switch|p1b: Ho-Oh|Ho-Oh, L50, shiny|100/100
|turn|2
|
|t:|1750853695
|-terastallize|p1b: Ho-Oh|Grass
|move|p2b: Miraidon|Protect|p2b: Miraidon
|-singleturn|p2b: Miraidon|Protect
|move|p2a: Regieleki|Electroweb|p1a: Miraidon|[spread] p1a,p1b
|-resisted|p1a: Miraidon
|-resisted|p1b: Ho-Oh
|-damage|p1a: Miraidon|90/100
|-damage|p1b: Ho-Oh|85/100
|-unboost|p1a: Miraidon|spe|1
|move|p1a: Miraidon|Draco Meteor|p2a: Regieleki
|-damage|p2a: Regieleki|0 fnt
|-unboost|p1a: Miraidon|spa|2
|faint|p2a: Regieleki
|move|p1b: Ho-Oh|Tailwind|p1b: Ho-Oh
|-sidestart|p1: changfandiao123|move: Tailwind
|
|upkeep
|
|t:|1750853712
|switch|p2a: Iron Jugulis|Iron Jugulis, L50|100/100
|-activate|p2a: Iron Jugulis|ability: Quark Drive
|-start|p2a: Iron Jugulis|quarkdrivespa
|turn|3
|
|t:|1750853729
|move|p1b: Ho-Oh|Protect|p1b: Ho-Oh
|-singleturn|p1b: Ho-Oh|Protect
|move|p1a: Miraidon|Volt Switch|p2a: Iron Jugulis
|-supereffective|p2a: Iron Jugulis
|-damage|p2a: Iron Jugulis|1/100
|
|t:|1750853735
|switch|p1a: Iron Hands|Iron Hands, L50|100/100|[from] Volt Switch
|-activate|p1a: Iron Hands|ability: Quark Drive
|-start|p1a: Iron Hands|quarkdriveatk
|move|p2b: Miraidon|Electro Drift|p1a: Iron Hands
|-resisted|p1a: Iron Hands
|-damage|p1a: Iron Hands|64/100
|-damage|p2b: Miraidon|65/100|[from] item: Life Orb
|move|p2a: Iron Jugulis|Tailwind|p2a: Iron Jugulis
|-sidestart|p2: elbatracio29|move: Tailwind
|
|upkeep
|turn|4
|inactive|elbatracio29 has 30 seconds left.
|inactive|elbatracio29 has 20 seconds left.
|inactive|elbatracio29 has 15 seconds left.
|
|t:|1750853778
|move|p1a: Iron Hands|Fake Out|p2a: Iron Jugulis
|-damage|p2a: Iron Jugulis|0 fnt
|faint|p2a: Iron Jugulis
|-end|p2a: Iron Jugulis|Quark Drive|[silent]
|move|p2b: Miraidon|Electro Drift|p1a: Iron Hands
|-resisted|p1a: Iron Hands
|-damage|p1a: Iron Hands|24/100
|-damage|p2b: Miraidon|55/100|[from] item: Life Orb
|move|p1b: Ho-Oh|Sacred Fire|p2b: Miraidon
|-damage|p2b: Miraidon|2/100
|-status|p2b: Miraidon|brn
|
|-damage|p2b: Miraidon|0 fnt|[from] brn
|faint|p2b: Miraidon
|upkeep
|
|t:|1750853786
|switch|p2b: Zamazenta|Zamazenta-Crowned, L50|100/100
|-ability|p2b: Zamazenta|Dauntless Shield|boost
|-boost|p2b: Zamazenta|def|1
|turn|5
|-message|elbatracio29 forfeited.
|
|win|changfandiao123
|raw|changfandiao123's rating: 1270 &rarr; <strong>1300</strong><br />(+30 for winning)
|raw|elbatracio29's rating: 1346 &rarr; <strong>1322</strong><br />(-24 for losing)
|l|☆elbatracio29
|player|p2|
|l|☆changfandiao123
|player|p1|
