|j|☆3Anna
|j|☆azzazzl
|t:|1750834413
|gametype|doubles
|player|p1|3Anna|101|1466
|player|p2|azzazzl|dawn|1501
|teamsize|p1|6
|teamsize|p2|6
|gen|9
|tier|[Gen 9] VGC 2025 Reg I
|rated|
|rule|Species Clause: Limit one of each Pokémon
|rule|Item Clause: Limit 1 of each item
|clearpoke
|poke|p1|Calyrex-Shadow, L50|
|poke|p1|Zamazenta-*, L50|
|poke|p1|Chien-Pao, L50|
|poke|p1|Raging Bolt, L50|
|poke|p1|Ting-Lu, L50|
|poke|p1|Dondozo, L50, F|
|poke|p2|Calyrex-Ice, L50|
|poke|p2|Kyogre, L50|
|poke|p2|Brute Bonnet, L50|
|poke|p2|Indeedee-F, L50, F|
|poke|p2|Gallade, L50, M|
|poke|p2|Ursaluna, L50, M|
|teampreview|4
|
|t:|1750834441
|start
|switch|p1a: Chien-Pao|Chien-Pao, L50|100/100
|switch|p1b: Dondozo|Dondozo, L50, F|100/100
|switch|p2a: Calyrex|Calyrex-Ice, L50|100/100
|switch|p2b: Indeedee|Indeedee-F, L50, F|100/100
|-ability|p2a: Calyrex|As One
|-ability|p2a: Calyrex|Unnerve
|-ability|p1a: Chien-Pao|Sword of Ruin
|-fieldstart|move: Psychic Terrain|[from] ability: Psychic Surge|[of] p2b: Indeedee
|turn|1
|
|t:|1750834454
|move|p2b: Indeedee|Follow Me|p2b: Indeedee
|-singleturn|p2b: Indeedee|move: Follow Me
|move|p1a: Chien-Pao|Sacred Sword|p2b: Indeedee
|-damage|p2b: Indeedee|63/100
|move|p1b: Dondozo|Wave Crash|p2b: Indeedee
|-damage|p2b: Indeedee|8/100
|-damage|p1b: Dondozo|88/100|[from] Recoil
|move|p2a: Calyrex|Trick Room|p2a: Calyrex
|-fieldstart|move: Trick Room|[of] p2a: Calyrex
|
|-heal|p1b: Dondozo|94/100|[from] item: Leftovers
|upkeep
|turn|2
|
|t:|1750834470
|move|p2a: Calyrex|Glacial Lance|p1a: Chien-Pao|[spread] p1a,p1b
|-resisted|p1a: Chien-Pao
|-resisted|p1b: Dondozo
|-damage|p1a: Chien-Pao|60/100
|-damage|p1b: Dondozo|75/100
|move|p1b: Dondozo|Wave Crash|p2b: Indeedee
|-damage|p2b: Indeedee|0 fnt
|faint|p2b: Indeedee
|-damage|p1b: Dondozo|73/100|[from] Recoil
|move|p1a: Chien-Pao|Sacred Sword|p2a: Calyrex
|-damage|p2a: Calyrex|78/100
|
|-heal|p1b: Dondozo|79/100|[from] item: Leftovers
|upkeep
|
|t:|1750834483
|switch|p2b: Kyogre|Kyogre, L50|100/100
|-weather|RainDance|[from] ability: Drizzle|[of] p2b: Kyogre
|turn|3
|
|t:|1750834493
|move|p2b: Kyogre|Water Spout|p1a: Chien-Pao|[spread] p1a,p1b
|-resisted|p1b: Dondozo
|-damage|p1a: Chien-Pao|0 fnt
|-damage|p1b: Dondozo|28/100
|faint|p1a: Chien-Pao
|move|p2a: Calyrex|Glacial Lance|p1b: Dondozo
|-resisted|p1b: Dondozo
|-damage|p1b: Dondozo|10/100
|move|p1b: Dondozo|Yawn|p2a: Calyrex
|-start|p2a: Calyrex|move: Yawn|[of] p1b: Dondozo
|
|-weather|RainDance|[upkeep]
|-heal|p1b: Dondozo|16/100|[from] item: Leftovers
|upkeep
|
|t:|1750834497
|switch|p1a: Zamazenta|Zamazenta-Crowned, L50|100/100
|-ability|p1a: Zamazenta|Dauntless Shield|boost
|-boost|p1a: Zamazenta|def|1
|turn|4
|
|t:|1750834512
|switch|p2a: Gallade|Gallade, L50, M|100/100
|move|p1a: Zamazenta|Wide Guard|p1a: Zamazenta
|-singleturn|p1a: Zamazenta|Wide Guard
|move|p2b: Kyogre|Thunder|p1b: Dondozo
|-supereffective|p1b: Dondozo
|-damage|p1b: Dondozo|0 fnt
|faint|p1b: Dondozo
|
|-weather|RainDance|[upkeep]
|upkeep
|
|t:|1750834519
|switch|p1b: Calyrex|Calyrex-Shadow, L50|100/100
|-ability|p1b: Calyrex|As One
|-ability|p1b: Calyrex|Unnerve
|turn|5
|
|t:|1750834532
|-terastallize|p1b: Calyrex|Ghost
|move|p2a: Gallade|Wide Guard|p2a: Gallade
|-singleturn|p2a: Gallade|Wide Guard
|move|p1a: Zamazenta|Wide Guard|p1a: Zamazenta
|-singleturn|p1a: Zamazenta|Wide Guard
|move|p2b: Kyogre|Hydro Pump|p1b: Calyrex
|-damage|p1b: Calyrex|0 fnt
|faint|p1b: Calyrex
|
|-weather|RainDance|[upkeep]
|-fieldend|move: Trick Room
|-fieldend|move: Psychic Terrain
|upkeep
|turn|6
|c|☆3Anna|gg
|-message|3Anna forfeited.
|
|win|azzazzl
|raw|3Anna's rating: 1466 &rarr; <strong>1448</strong><br />(-18 for losing)
|raw|azzazzl's rating: 1501 &rarr; <strong>1519</strong><br />(+18 for winning)
|l|☆3Anna
|player|p1|
|l|☆azzazzl
|player|p2|
