|j|☆Meganium-Megafan
|j|☆Williampikachucar
|t:|1750876894
|gametype|doubles
|player|p1|Meganium-Megafan|waiter-gen4|1113
|player|p2|Williampikachucar|pokekid|1098
|teamsize|p1|6
|teamsize|p2|6
|gen|9
|tier|[Gen 9] VGC 2025 Reg I
|rated|
|rule|Species Clause: Limit one of each Pokémon
|rule|Item Clause: Limit 1 of each item
|clearpoke
|poke|p1|Koraidon, L50|
|poke|p1|Groudon, L50|
|poke|p1|Tornadus, L50, M|
|poke|p1|Lilligant-Hisui, L50, F|
|poke|p1|Iron Bundle, L50|
|poke|p1|Tinkaton, L50, F|
|poke|p2|Scream Tail, L50|
|poke|p2|Gothitelle, L50, M|
|poke|p2|Incineroar, L50, M|
|poke|p2|Amoonguss, L50, F|
|poke|p2|Koraidon, L50|
|poke|p2|Miraidon, L50|
|teampreview|4
|
|t:|1750876936
|start
|switch|p1a: Iron Bundle|Iron Bundle, L50|100/100
|switch|p1b: Tinkaton|Tinkaton, L50, F|100/100
|switch|p2a: Gothitelle|Gothitelle, L50, M|100/100
|switch|p2b: Scream Tail|Scream Tail, L50|100/100
|-enditem|p1a: Iron Bundle|Booster Energy
|-activate|p1a: Iron Bundle|ability: Quark Drive|[fromitem]
|-start|p1a: Iron Bundle|quarkdrivespe
|turn|1
|
|t:|1750876955
|move|p1b: Tinkaton|Fake Out|p2a: Gothitelle
|-damage|p2a: Gothitelle|91/100
|cant|p2a: Gothitelle|flinch
|move|p1a: Iron Bundle|Taunt|p2b: Scream Tail
|-start|p2b: Scream Tail|move: Taunt
|cant|p2b: Scream Tail|move: Taunt|Perish Song
|
|upkeep
|turn|2
|inactive|Battle timer is ON: inactive players will automatically lose when time's up. (requested by Williampikachucar)
|
|t:|1750876978
|-end|p2b: Scream Tail|Protosynthesis|[silent]
|switch|p2b: Miraidon|Miraidon, L50|100/100
|-fieldstart|move: Electric Terrain|[from] ability: Hadron Engine|[of] p2b: Miraidon
|move|p1a: Iron Bundle|Freeze-Dry|p2b: Miraidon
|-supereffective|p2b: Miraidon
|-damage|p2b: Miraidon|32/100
|-status|p2b: Miraidon|frz
|move|p1b: Tinkaton|Rock Slide|p2b: Miraidon|[spread] p2a,p2b
|-damage|p2a: Gothitelle|79/100
|-damage|p2b: Miraidon|18/100 frz
|cant|p2a: Gothitelle|flinch
|
|upkeep
|turn|3
|c|☆Meganium-Megafan|oof
|
|t:|1750877008
|move|p1a: Iron Bundle|Icy Wind|p2a: Gothitelle|[spread] p2a,p2b
|-supereffective|p2b: Miraidon
|-damage|p2a: Gothitelle|59/100
|-damage|p2b: Miraidon|0 fnt
|-unboost|p2a: Gothitelle|spe|1
|faint|p2b: Miraidon
|move|p1b: Tinkaton|Gigaton Hammer|p2a: Gothitelle
|-damage|p2a: Gothitelle|6/100
|-enditem|p2a: Gothitelle|Sitrus Berry|[eat]
|-heal|p2a: Gothitelle|31/100|[from] item: Sitrus Berry
|move|p2a: Gothitelle|Heal Pulse|p2: Miraidon|[notarget]
|-fail|p2a: Gothitelle
|
|upkeep
|
|t:|1750877020
|switch|p2b: Scream Tail|Scream Tail, L50|100/100
|turn|4
|
|t:|1750877035
|move|p2b: Scream Tail|Protect|p2b: Scream Tail
|-singleturn|p2b: Scream Tail|Protect
|move|p1a: Iron Bundle|Taunt|p2b: Scream Tail
|-activate|p2b: Scream Tail|move: Protect
|move|p1b: Tinkaton|Rock Slide|p2a: Gothitelle|[spread] 
|-activate|p2b: Scream Tail|move: Protect
|-miss|p1b: Tinkaton|p2a: Gothitelle
|move|p2a: Gothitelle|Psychic|p1a: Iron Bundle
|-damage|p1a: Iron Bundle|44/100
|
|upkeep
|turn|5
|
|t:|1750877051
|-end|p2b: Scream Tail|Protosynthesis|[silent]
|switch|p2b: Incineroar|Incineroar, L50, M|100/100
|-ability|p2b: Incineroar|Intimidate|boost
|-unboost|p1a: Iron Bundle|atk|1
|-fail|p1b: Tinkaton|unboost|Attack|[from] ability: Own Tempo|[of] p1b: Tinkaton
|move|p1a: Iron Bundle|Taunt|p2b: Incineroar
|-start|p2b: Incineroar|move: Taunt
|move|p1b: Tinkaton|Gigaton Hammer|p2a: Gothitelle
|-damage|p2a: Gothitelle|0 fnt
|faint|p2a: Gothitelle
|
|upkeep
|
|t:|1750877062
|switch|p2a: Scream Tail|Scream Tail, L50|100/100
|turn|6
|
|t:|1750877079
|move|p2b: Incineroar|Fake Out|p1a: Iron Bundle
|-damage|p1a: Iron Bundle|29/100
|cant|p1a: Iron Bundle|flinch
|move|p2a: Scream Tail|Encore|p1b: Tinkaton
|-start|p1b: Tinkaton|Encore
|move|p1b: Tinkaton|Gigaton Hammer|p2a: Scream Tail
|-supereffective|p2a: Scream Tail
|-damage|p2a: Scream Tail|13/100
|-hint|Some effects can force a Pokemon to use Gigaton Hammer again in a row.
|
|-fieldend|move: Electric Terrain
|upkeep
|turn|7
|
|t:|1750877100
|switch|p1b: Koraidon|Koraidon, L50|100/100
|-weather|SunnyDay|[from] ability: Orichalcum Pulse|[of] p1b: Koraidon
|-activate|p2a: Scream Tail|ability: Protosynthesis
|-start|p2a: Scream Tail|protosynthesisspe
|-activate|p1b: Koraidon|Orichalcum Pulse|[source]
|move|p2a: Scream Tail|Protect|p2a: Scream Tail
|-singleturn|p2a: Scream Tail|Protect
|move|p1a: Iron Bundle|Taunt|p2a: Scream Tail
|-activate|p2a: Scream Tail|move: Protect
|move|p2b: Incineroar|Flare Blitz|p1a: Iron Bundle
|-damage|p1a: Iron Bundle|0 fnt
|faint|p1a: Iron Bundle
|-end|p1a: Iron Bundle|Quark Drive|[silent]
|-damage|p2b: Incineroar|94/100|[from] Recoil
|
|-weather|SunnyDay|[upkeep]
|-end|p2b: Incineroar|move: Taunt
|upkeep
|
|t:|1750877103
|switch|p1a: Lilligant|Lilligant-Hisui, L50, F|100/100
|turn|8
|inactive|Williampikachucar has 30 seconds left.
|
|t:|1750877129
|move|p2a: Scream Tail|Protect||[still]
|-fail|p2a: Scream Tail
|move|p1a: Lilligant|Coaching|p1b: Koraidon
|-boost|p1b: Koraidon|atk|1
|-boost|p1b: Koraidon|def|1
|move|p1b: Koraidon|Collision Course|p2b: Incineroar
|-supereffective|p2b: Incineroar
|-damage|p2b: Incineroar|0 fnt
|faint|p2b: Incineroar
|
|-weather|SunnyDay|[upkeep]
|upkeep
|turn|9
|-message|Williampikachucar forfeited.
|
|win|Meganium-Megafan
|raw|Meganium-Megafan's rating: 1113 &rarr; <strong>1137</strong><br />(+24 for winning)
|raw|Williampikachucar's rating: 1098 &rarr; <strong>1074</strong><br />(-24 for losing)
|l|☆Williampikachucar
|player|p2|
|c|☆Meganium-Megafan|ggs
|l|☆Meganium-Megafan
|player|p1|
