|j|☆xiaojiajiaar
|j|☆Muckzy
|t:|1750861661
|gametype|doubles
|player|p1|xiaojiajiaar|1|1401
|player|p2|Muckzy|101|1391
|teamsize|p1|6
|teamsize|p2|6
|gen|9
|tier|[Gen 9] VGC 2025 Reg I
|rated|
|rule|Species Clause: Limit one of each Pokémon
|rule|Item Clause: Limit 1 of each item
|clearpoke
|poke|p1|Muk-Alola, L50, F|
|poke|p1|Smeargle, L50, F|
|poke|p1|Indeedee-F, L50, F|
|poke|p1|Urshifu-*, L50, F|
|poke|p1|Palkia-Origin, L50|
|poke|p1|Calyrex-Shadow, L50|
|poke|p2|Calyrex-Ice, L50|
|poke|p2|Ho-Oh, L50|
|poke|p2|Primarina, L50, M|
|poke|p2|Farigiraf, L50, F|
|poke|p2|Incineroar, L50, F|
|poke|p2|Brute Bonnet, L50|
|teampreview|4
|
|t:|1750861699
|start
|switch|p1a: Muk|Muk-Alola, L50, F|100/100
|switch|p1b: Smeargle|Smeargle, L50, F|100/100
|switch|p2a: Primarina|Primarina, L50, M|100/100
|switch|p2b: Calyrex|Calyrex-Ice, L50|100/100
|-ability|p2b: Calyrex|As One
|-ability|p2b: Calyrex|Unnerve
|turn|1
|
|t:|1750861715
|move|p1b: Smeargle|Spore|p2a: Primarina
|-status|p2a: Primarina|slp|[from] move: Spore
|move|p1a: Muk|Minimize|p1a: Muk
|-boost|p1a: Muk|evasion|2
|cant|p2a: Primarina|slp
|move|p2b: Calyrex|Leech Seed|p1a: Muk|[miss]
|-miss|p2b: Calyrex|p1a: Muk
|
|-ability|p1b: Smeargle|Moody|boost
|-boost|p1b: Smeargle|spa|2
|-unboost|p1b: Smeargle|atk|1
|upkeep
|turn|2
|
|t:|1750861732
|move|p1b: Smeargle|Spore|p2b: Calyrex
|-status|p2b: Calyrex|slp|[from] move: Spore
|move|p1a: Muk|Minimize|p1a: Muk
|-boost|p1a: Muk|evasion|2
|cant|p2a: Primarina|slp
|cant|p2b: Calyrex|slp
|
|-ability|p1b: Smeargle|Moody|boost
|-boost|p1b: Smeargle|def|2
|-unboost|p1b: Smeargle|atk|1
|upkeep
|turn|3
|
|t:|1750861751
|move|p1b: Smeargle|Final Gambit|p2b: Calyrex
|-damage|p2b: Calyrex|22/100 slp
|faint|p1b: Smeargle
|-ability|p1a: Muk|Moody|[from] ability: Power of Alchemy|[of] p1b: Smeargle
|move|p1a: Muk|Minimize|p1a: Muk
|-boost|p1a: Muk|evasion|2
|cant|p2a: Primarina|slp
|-curestatus|p2b: Calyrex|slp|[msg]
|move|p2b: Calyrex|Trick Room|p2b: Calyrex
|-fieldstart|move: Trick Room|[of] p2b: Calyrex
|
|-heal|p2b: Calyrex|28/100|[from] item: Leftovers
|-ability|p1a: Muk|Moody|boost
|-boost|p1a: Muk|def|2
|-unboost|p1a: Muk|spa|1
|upkeep
|
|t:|1750861765
|switch|p1b: Palkia|Palkia-Origin, L50|100/100
|-ability|p1b: Palkia|Pressure
|turn|4
|
|t:|1750861783
|-terastallize|p2b: Calyrex|Water
|move|p2b: Calyrex|Leech Seed|p1a: Muk|[miss]
|-miss|p2b: Calyrex|p1a: Muk
|-curestatus|p2a: Primarina|slp|[msg]
|move|p2a: Primarina|Moonblast|p1b: Palkia
|-supereffective|p1b: Palkia
|-damage|p1b: Palkia|6/100
|move|p1a: Muk|Knock Off|p2b: Calyrex
|-damage|p2b: Calyrex|8/100
|-enditem|p2b: Calyrex|Leftovers|[from] move: Knock Off|[of] p1a: Muk
|move|p1b: Palkia|Psych Up|p1a: Muk
|-copyboost|p1b: Palkia|p1a: Muk|[from] move: Psych Up
|
|-ability|p1a: Muk|Moody|boost
|-boost|p1a: Muk|def|2
|-unboost|p1a: Muk|spe|1
|upkeep
|turn|5
|
|t:|1750861811
|move|p1a: Muk|Knock Off|p2b: Calyrex
|-damage|p2b: Calyrex|0 fnt
|faint|p2b: Calyrex
|move|p2a: Primarina|Hyper Voice|p1b: Palkia|[spread] 
|-miss|p2a: Primarina|p1a: Muk
|-miss|p2a: Primarina|p1b: Palkia
|move|p1b: Palkia|Earth Power|p2a: Primarina
|-damage|p2a: Primarina|80/100
|
|-ability|p1a: Muk|Moody|boost
|-boost|p1a: Muk|spa|2
|-unboost|p1a: Muk|spd|1
|upkeep
|
|t:|1750861827
|switch|p2b: Brute Bonnet|Brute Bonnet, L50|100/100
|turn|6
|
|t:|1750861841
|move|p1a: Muk|Knock Off|p2b: Brute Bonnet
|-resisted|p2b: Brute Bonnet
|-crit|p2b: Brute Bonnet
|-damage|p2b: Brute Bonnet|81/100
|-enditem|p2b: Brute Bonnet|Sitrus Berry|[from] move: Knock Off|[of] p1a: Muk
|move|p2a: Primarina|Hyper Voice|p1b: Palkia|[spread] p1b
|-miss|p2a: Primarina|p1a: Muk
|-resisted|p1b: Palkia
|-damage|p1b: Palkia|0 fnt
|faint|p1b: Palkia
|-enditem|p2a: Primarina|Throat Spray
|-boost|p2a: Primarina|spa|1|[from] item: Throat Spray
|move|p2b: Brute Bonnet|Spore|p1a: Muk
|-status|p1a: Muk|slp|[from] move: Spore
|
|-ability|p1a: Muk|Moody|boost
|-boost|p1a: Muk|def|2
|-unboost|p1a: Muk|spd|1
|upkeep
|
|t:|1750861854
|switch|p1b: Calyrex|Calyrex-Shadow, L50|100/100
|-ability|p1b: Calyrex|As One
|-ability|p1b: Calyrex|Unnerve
|turn|7
|
|t:|1750861863
|cant|p1a: Muk|slp
|move|p1b: Calyrex|Protect|p1b: Calyrex
|-singleturn|p1b: Calyrex|Protect
|move|p2b: Brute Bonnet|Sucker Punch||[still]
|-fail|p2b: Brute Bonnet
|move|p2a: Primarina|Perish Song|p2a: Primarina
|-start|p1a: Muk|perish3|[silent]
|-start|p1b: Calyrex|perish3|[silent]
|-start|p2a: Primarina|perish3|[silent]
|-start|p2b: Brute Bonnet|perish3|[silent]
|-fieldactivate|move: Perish Song
|
|-start|p1a: Muk|perish3
|-start|p2a: Primarina|perish3
|-start|p2b: Brute Bonnet|perish3
|-start|p1b: Calyrex|perish3
|-fieldend|move: Trick Room
|-ability|p1a: Muk|Moody|boost
|-boost|p1a: Muk|spd|2
|-unboost|p1a: Muk|atk|1
|upkeep
|turn|8
|
|t:|1750861899
|-terastallize|p1b: Calyrex|Normal
|move|p2a: Primarina|Protect|p2a: Primarina
|-singleturn|p2a: Primarina|Protect
|move|p2b: Brute Bonnet|Sucker Punch||[still]
|-fail|p2b: Brute Bonnet
|move|p1b: Calyrex|Psych Up|p1a: Muk
|-copyboost|p1b: Calyrex|p1a: Muk|[from] move: Psych Up
|cant|p1a: Muk|slp
|
|-start|p1b: Calyrex|perish2
|-start|p2b: Brute Bonnet|perish2
|-start|p2a: Primarina|perish2
|-start|p1a: Muk|perish2
|-ability|p1a: Muk|Moody|boost
|-boost|p1a: Muk|spe|2
|-unboost|p1a: Muk|spa|1
|upkeep
|turn|9
|-message|xiaojiajiaar forfeited.
|
|win|Muckzy
|raw|xiaojiajiaar's rating: 1401 &rarr; <strong>1380</strong><br />(-21 for losing)
|raw|Muckzy's rating: 1391 &rarr; <strong>1412</strong><br />(+21 for winning)
|l|☆xiaojiajiaar
|player|p1|
|l|☆Muckzy
|player|p2|
