|j|☆urnotsam
|j|☆Neoknight_drawz
|t:|1750713415
|gametype|doubles
|player|p1|urnotsam|169|1109
|player|p2|Neoknight_drawz|ethan|1018
|teamsize|p1|6
|teamsize|p2|6
|gen|9
|tier|[Gen 9] VGC 2025 Reg I
|rated|
|rule|Species Clause: Limit one of each Pokémon
|rule|Item Clause: Limit 1 of each item
|clearpoke
|poke|p1|Incineroar, L50, F|
|poke|p1|Rillaboom, L50, M|
|poke|p1|Miraidon, L50|
|poke|p1|Grimmsnarl, L50, M|
|poke|p1|Ogerpon-Wellspring, L50, F|
|poke|p1|Lunala, L50|
|poke|p2|Rillaboom, L50, F|
|poke|p2|Farigiraf, L50, M|
|poke|p2|Ursaluna, L50, F|
|poke|p2|Grimmsnarl, L50, M|
|poke|p2|Aipom, L50, M|
|poke|p2|Weezing-Galar, L50, M|
|teampreview|4
|inactive|Battle timer is ON: inactive players will automatically lose when time's up. (requested by urnotsam)
|inactive|urnotsam has 60 seconds left.
|
|t:|1750713460
|start
|switch|p1a: Incineroar|Incineroar, L50, F|100/100
|switch|p1b: Grimmsnarl|Grimmsnarl, L50, M|100/100
|switch|p2a: Rillaboom|Rillaboom, L50, F|100/100
|switch|p2b: Farigiraf|Farigiraf, L50, M|100/100
|-fieldstart|move: Grassy Terrain|[from] ability: Grassy Surge|[of] p2a: Rillaboom
|-ability|p1a: Incineroar|Intimidate|boost
|-unboost|p2a: Rillaboom|atk|1
|-unboost|p2b: Farigiraf|atk|1
|turn|1
|
|t:|1750713479
|-terastallize|p2a: Rillaboom|Water
|move|p2a: Rillaboom|Fake Out|p1a: Incineroar
|-damage|p1a: Incineroar|94/100
|-damage|p2a: Rillaboom|84/100|[from] item: Rocky Helmet|[of] p1a: Incineroar
|cant|p1a: Incineroar|flinch
|move|p1b: Grimmsnarl|Light Screen|p1b: Grimmsnarl
|-sidestart|p1: urnotsam|move: Light Screen
|move|p2b: Farigiraf|Trick Room|p2b: Farigiraf
|-fieldstart|move: Trick Room|[of] p2b: Farigiraf
|
|-heal|p1a: Incineroar|99/100|[from] Grassy Terrain
|-heal|p2a: Rillaboom|90/100|[from] Grassy Terrain
|upkeep
|turn|2
|
|t:|1750713504
|move|p2b: Farigiraf|Helping Hand|p2a: Rillaboom
|-singleturn|p2a: Rillaboom|Helping Hand|[of] p2b: Farigiraf
|move|p2a: Rillaboom|Grassy Glide|p1b: Grimmsnarl
|-damage|p1b: Grimmsnarl|67/100
|move|p1b: Grimmsnarl|Spirit Break|p2b: Farigiraf
|-damage|p2b: Farigiraf|75/100
|-unboost|p2b: Farigiraf|spa|1
|move|p1a: Incineroar|Will-O-Wisp|p2b: Farigiraf
|-status|p2b: Farigiraf|brn
|
|-heal|p2b: Farigiraf|81/100 brn|[from] Grassy Terrain
|-heal|p1b: Grimmsnarl|73/100|[from] Grassy Terrain
|-heal|p1a: Incineroar|100/100|[from] Grassy Terrain
|-heal|p2a: Rillaboom|96/100|[from] Grassy Terrain
|-damage|p2b: Farigiraf|75/100 brn|[from] brn
|upkeep
|turn|3
|
|t:|1750713524
|switch|p1a: Lunala|Lunala, L50|100/100
|move|p2b: Farigiraf|Helping Hand|p2a: Rillaboom
|-singleturn|p2a: Rillaboom|Helping Hand|[of] p2b: Farigiraf
|move|p1b: Grimmsnarl|Thunder Wave||[still]
|cant|p2b: Farigiraf|ability: Armor Tail|Thunder Wave|[of] p1b: Grimmsnarl
|move|p2a: Rillaboom|Grassy Glide|p1b: Grimmsnarl
|-damage|p1b: Grimmsnarl|40/100
|
|-heal|p2b: Farigiraf|81/100 brn|[from] Grassy Terrain
|-heal|p1b: Grimmsnarl|46/100|[from] Grassy Terrain
|-heal|p2a: Rillaboom|100/100|[from] Grassy Terrain
|-damage|p2b: Farigiraf|75/100 brn|[from] brn
|upkeep
|turn|4
|
|t:|1750713543
|move|p2b: Farigiraf|Helping Hand|p2a: Rillaboom
|-singleturn|p2a: Rillaboom|Helping Hand|[of] p2b: Farigiraf
|move|p1b: Grimmsnarl|Thunder Wave|p1a: Lunala
|-status|p1a: Lunala|par
|move|p2a: Rillaboom|Grassy Glide|p1b: Grimmsnarl
|-damage|p1b: Grimmsnarl|8/100
|move|p1a: Lunala|Calm Mind|p1a: Lunala
|-boost|p1a: Lunala|spa|1
|-boost|p1a: Lunala|spd|1
|
|-heal|p2b: Farigiraf|81/100 brn|[from] Grassy Terrain
|-heal|p1b: Grimmsnarl|14/100|[from] Grassy Terrain
|-damage|p2b: Farigiraf|75/100 brn|[from] brn
|upkeep
|turn|5
|
|t:|1750713562
|move|p1b: Grimmsnarl|Thunder Wave||[still]
|cant|p2b: Farigiraf|ability: Armor Tail|Thunder Wave|[of] p1b: Grimmsnarl
|move|p2a: Rillaboom|Grassy Glide|p1b: Grimmsnarl
|-damage|p1b: Grimmsnarl|0 fnt
|faint|p1b: Grimmsnarl
|cant|p1a: Lunala|par
|move|p2b: Farigiraf|Foul Play|p1a: Lunala
|-supereffective|p1a: Lunala
|-damage|p1a: Lunala|88/100 par
|
|-heal|p1a: Lunala|94/100 par|[from] Grassy Terrain
|-heal|p1a: Lunala|100/100 par|[from] item: Leftovers
|-heal|p2b: Farigiraf|81/100 brn|[from] Grassy Terrain
|-damage|p2b: Farigiraf|75/100 brn|[from] brn
|-fieldend|move: Trick Room
|-fieldend|move: Grassy Terrain
|upkeep
|
|t:|1750713570
|switch|p1b: Incineroar|Incineroar, L50, F|100/100
|-ability|p1b: Incineroar|Intimidate|boost
|-unboost|p2a: Rillaboom|atk|1
|-unboost|p2b: Farigiraf|atk|1
|turn|6
|inactive|urnotsam has 30 seconds left.
|
|t:|1750713598
|move|p2a: Rillaboom|U-turn|p1b: Incineroar
|-damage|p1b: Incineroar|92/100
|-damage|p2a: Rillaboom|84/100|[from] item: Rocky Helmet|[of] p1b: Incineroar
|
|t:|1750713604
|switch|p2a: Weezing|Weezing-Galar, L50, M|100/100|[from] U-turn
|-ability|p2a: Weezing|Neutralizing Gas
|move|p1b: Incineroar|Will-O-Wisp|p2a: Weezing
|-status|p2a: Weezing|brn
|move|p2b: Farigiraf|Dazzling Gleam|p1b: Incineroar|[spread] p1a,p1b
|-damage|p1a: Lunala|97/100 par
|-damage|p1b: Incineroar|87/100
|move|p1a: Lunala|Moonblast|p2a: Weezing
|-resisted|p2a: Weezing
|-damage|p2a: Weezing|63/100 brn
|
|-heal|p1a: Lunala|100/100 par|[from] item: Leftovers
|-damage|p2a: Weezing|57/100 brn|[from] brn
|-damage|p2b: Farigiraf|69/100 brn|[from] brn
|upkeep
|turn|7
|inactive|urnotsam has 30 seconds left.
|inactive|Neoknight_drawz has 30 seconds left.
|inactive|Neoknight_drawz has 20 seconds left.
|inactive|Neoknight_drawz has 15 seconds left.
|inactive|Neoknight_drawz has 10 seconds left.
|l|☆Neoknight_drawz
|inactive|Neoknight_drawz disconnected and has a minute to reconnect!
|player|p2|
|inactive|Neoknight_drawz has 5 seconds left.
|-message|Neoknight_drawz lost due to inactivity.
|
|win|urnotsam
|raw|urnotsam's rating: 1109 &rarr; <strong>1128</strong><br />(+19 for winning)
|raw|Neoknight_drawz's rating: 1018 &rarr; <strong>1009</strong><br />(-9 for losing)
|l|☆urnotsam
|player|p1|
