|j|☆addictedgamerkid
|j|☆blu3cr33p3r
|t:|1750816712
|gametype|doubles
|player|p1|addictedgamerkid|1|1232
|player|p2|blu3cr33p3r|bruno|1267
|teamsize|p1|6
|teamsize|p2|6
|gen|9
|tier|[Gen 9] VGC 2025 Reg I
|rated|
|rule|Species Clause: Limit one of each Pokémon
|rule|Item Clause: Limit 1 of each item
|clearpoke
|poke|p1|Sableye, L50, F|
|poke|p1|Zamazenta-*, L50|
|poke|p1|Lunala, L50|
|poke|p1|Ursaluna, L50, F|
|poke|p1|Grimmsnarl, L50, M|
|poke|p1|Rillaboom, L50, F|
|poke|p2|Lunala, L50|
|poke|p2|Ursaluna, L50, M|
|poke|p2|Urshifu-*, L50, F|
|poke|p2|Miraidon, L50|
|poke|p2|Grimmsnarl, L50, M|
|poke|p2|Incineroar, L50, F|
|teampreview|4
|
|t:|1750816783
|start
|switch|p1a: Rillaboom|Rillaboom, L50, F|100/100
|switch|p1b: Sableye|Sableye, L50, F|100/100
|switch|p2a: Grimmsnarl|Grimmsnarl, L50, M|100/100
|switch|p2b: Miraidon|Miraidon, L50|100/100
|-fieldstart|move: Electric Terrain|[from] ability: Hadron Engine|[of] p2b: Miraidon
|-fieldstart|move: Grassy Terrain|[from] ability: Grassy Surge|[of] p1a: Rillaboom
|turn|1
|
|t:|1750816830
|move|p1a: Rillaboom|Fake Out|p2b: Miraidon
|-damage|p2b: Miraidon|88/100
|move|p2a: Grimmsnarl|Reflect|p2a: Grimmsnarl
|-sidestart|p2: blu3cr33p3r|Reflect
|cant|p2b: Miraidon|flinch
|move|p1b: Sableye|Foul Play|p2b: Miraidon
|-damage|p2b: Miraidon|73/100
|
|-heal|p2b: Miraidon|79/100|[from] Grassy Terrain
|upkeep
|turn|2
|
|t:|1750816850
|move|p2a: Grimmsnarl|Light Screen|p2a: Grimmsnarl
|-sidestart|p2: blu3cr33p3r|move: Light Screen
|move|p1b: Sableye|Quash|p2b: Miraidon
|-activate|p2b: Miraidon|move: Quash
|move|p1a: Rillaboom|U-turn|p2b: Miraidon
|-crit|p2b: Miraidon
|-damage|p2b: Miraidon|47/100
|inactive|Battle timer is ON: inactive players will automatically lose when time's up. (requested by blu3cr33p3r)
|
|t:|1750816855
|switch|p1a: Ursaluna|Ursaluna, L50, F|100/100|[from] U-turn
|move|p2b: Miraidon|Electro Drift|p1b: Sableye
|-damage|p1b: Sableye|35/100
|
|-heal|p2b: Miraidon|53/100|[from] Grassy Terrain
|-heal|p1b: Sableye|41/100|[from] Grassy Terrain
|-status|p1a: Ursaluna|brn|[from] item: Flame Orb
|upkeep
|turn|3
|inactive|blu3cr33p3r has 30 seconds left.
|
|t:|1750816884
|move|p1b: Sableye|Quash|p2b: Miraidon
|-activate|p2b: Miraidon|move: Quash
|move|p2a: Grimmsnarl|Spirit Break|p1b: Sableye
|-supereffective|p1b: Sableye
|-damage|p1b: Sableye|0 fnt
|faint|p1b: Sableye
|move|p1a: Ursaluna|Facade|p2b: Miraidon
|-damage|p2b: Miraidon|0 fnt
|faint|p2b: Miraidon
|
|-damage|p1a: Ursaluna|95/100 brn|[from] brn
|upkeep
|
|t:|1750816900
|switch|p2b: Urshifu|Urshifu-Rapid-Strike, L50, F|100/100
|switch|p1b: Rillaboom|Rillaboom, L50, F|100/100
|turn|4
|inactive|blu3cr33p3r has 30 seconds left.
|
|t:|1750816933
|-terastallize|p2b: Urshifu|Ghost
|-terastallize|p1a: Ursaluna|Ghost
|move|p1b: Rillaboom|Grassy Glide|p2b: Urshifu
|-damage|p2b: Urshifu|74/100
|move|p2a: Grimmsnarl|Thunder Wave|p1b: Rillaboom
|-status|p1b: Rillaboom|par
|move|p2b: Urshifu|Close Combat|p1a: Ursaluna
|-immune|p1a: Ursaluna
|move|p1a: Ursaluna|Facade|p2b: Urshifu
|-immune|p2b: Urshifu
|
|-heal|p2b: Urshifu|80/100|[from] Grassy Terrain
|-heal|p1a: Ursaluna|100/100 brn|[from] Grassy Terrain
|-damage|p1a: Ursaluna|95/100 brn|[from] brn
|upkeep
|turn|5
|inactive|blu3cr33p3r has 30 seconds left.
|
|t:|1750816965
|move|p2b: Urshifu|Close Combat|p1b: Rillaboom
|-damage|p1b: Rillaboom|0 fnt
|-unboost|p2b: Urshifu|def|1
|-unboost|p2b: Urshifu|spd|1
|faint|p1b: Rillaboom
|move|p2a: Grimmsnarl|Spirit Break|p1a: Ursaluna
|-crit|p1a: Ursaluna
|-damage|p1a: Ursaluna|64/100 brn
|-unboost|p1a: Ursaluna|spa|1
|move|p1a: Ursaluna|Headlong Rush|p2b: Urshifu
|-damage|p2b: Urshifu|0 fnt
|-unboost|p1a: Ursaluna|def|1
|-unboost|p1a: Ursaluna|spd|1
|faint|p2b: Urshifu
|
|-heal|p1a: Ursaluna|70/100 brn|[from] Grassy Terrain
|-damage|p1a: Ursaluna|64/100 brn|[from] brn
|-fieldend|move: Grassy Terrain
|upkeep
|
|t:|1750816988
|switch|p2b: Lunala|Lunala, L50|100/100
|switch|p1b: Zamazenta|Zamazenta-Crowned, L50|100/100
|-ability|p1b: Zamazenta|Dauntless Shield|boost
|-boost|p1b: Zamazenta|def|1
|turn|6
|
|t:|1750817017
|move|p1a: Ursaluna|Protect|p1a: Ursaluna
|-singleturn|p1a: Ursaluna|Protect
|move|p2a: Grimmsnarl|Thunder Wave|p1b: Zamazenta
|-status|p1b: Zamazenta|par
|move|p2b: Lunala|Moongeist Beam|p1a: Ursaluna
|-activate|p1a: Ursaluna|move: Protect
|cant|p1b: Zamazenta|par
|
|-damage|p1a: Ursaluna|58/100 brn|[from] brn
|upkeep
|turn|7
|
|t:|1750817035
|move|p2b: Lunala|Moonblast|p1a: Ursaluna
|-crit|p1a: Ursaluna
|-damage|p1a: Ursaluna|0 fnt
|faint|p1a: Ursaluna
|move|p2a: Grimmsnarl|Spirit Break|p1b: Zamazenta
|-damage|p1b: Zamazenta|89/100 par
|-unboost|p1b: Zamazenta|spa|1
|move|p1b: Zamazenta|Heavy Slam|p2b: Lunala
|-damage|p2b: Lunala|90/100
|
|upkeep
|turn|8
|-message|addictedgamerkid forfeited.
|
|win|blu3cr33p3r
|raw|addictedgamerkid's rating: 1232 &rarr; <strong>1210</strong><br />(-22 for losing)
|raw|blu3cr33p3r's rating: 1267 &rarr; <strong>1289</strong><br />(+22 for winning)
|l|☆addictedgamerkid
|player|p1|
