|j|☆hungoverashell
|j|☆mjbucks
|t:|1750814828
|gametype|doubles
|player|p1|hungoverashell|266|1425
|player|p2|mjbucks|pokemaniac|1391
|teamsize|p1|6
|teamsize|p2|6
|gen|9
|tier|[Gen 9] VGC 2025 Reg I
|rated|
|rule|Species Clause: Limit one of each Pokémon
|rule|Item Clause: Limit 1 of each item
|clearpoke
|poke|p1|Lunala, L50|
|poke|p1|Ursaluna, L50, M|
|poke|p1|Urshifu-*, L50, M|
|poke|p1|Miraidon, L50|
|poke|p1|Grimmsnarl, L50, M|
|poke|p1|Incineroar, L50, M|
|poke|p2|Kyogre, L50|
|poke|p2|Crawdaunt, L50, F|
|poke|p2|Whimsicott, L50, F|
|poke|p2|Zamazenta-*, L50|
|poke|p2|Landorus, L50, M|
|poke|p2|Raging Bolt, L50|
|teampreview|4
|inactive|Battle timer is ON: inactive players will automatically lose when time's up. (requested by mjbucks)
|inactive|hungoverashell has 60 seconds left.
|
|t:|1750814867
|start
|switch|p1a: Incineroar|Incineroar, L50, M|100/100
|switch|p1b: Lunala|Lunala, L50|100/100
|switch|p2a: Crawdaunt|Crawdaunt, L50, F|100/100
|switch|p2b: Landorus|Landorus, L50, M|100/100
|-ability|p1a: Incineroar|Intimidate|boost
|-unboost|p2a: Crawdaunt|atk|1
|-unboost|p2b: Landorus|atk|1
|turn|1
|inactive|hungoverashell has 30 seconds left.
|inactive|hungoverashell has 20 seconds left.
|inactive|hungoverashell has 15 seconds left.
|inactive|hungoverashell has 10 seconds left.
|inactive|hungoverashell has 5 seconds left.
|
|t:|1750814920
|move|p1a: Incineroar|Fake Out|p2b: Landorus
|-damage|p2b: Landorus|91/100
|cant|p2b: Landorus|flinch
|move|p1b: Lunala|Moonblast|p2a: Crawdaunt
|-supereffective|p2a: Crawdaunt
|-enditem|p2a: Crawdaunt|Focus Sash
|-damage|p2a: Crawdaunt|1/100
|-unboost|p2a: Crawdaunt|spa|1
|move|p2a: Crawdaunt|Taunt|p1b: Lunala
|-start|p1b: Lunala|move: Taunt
|
|upkeep
|turn|2
|inactive|hungoverashell has 30 seconds left.
|inactive|hungoverashell has 20 seconds left.
|
|t:|1750814958
|move|p2b: Landorus|Sandsear Storm|p1b: Lunala|[spread] p1b
|-miss|p2b: Landorus|p1a: Incineroar
|-crit|p1b: Lunala
|-damage|p1b: Lunala|71/100
|move|p1b: Lunala|Moonblast|p2a: Crawdaunt
|-supereffective|p2a: Crawdaunt
|-damage|p2a: Crawdaunt|0 fnt
|faint|p2a: Crawdaunt
|move|p1a: Incineroar|Knock Off|p2b: Landorus
|-damage|p2b: Landorus|57/100
|-enditem|p2b: Landorus|Life Orb|[from] move: Knock Off|[of] p1a: Incineroar
|
|upkeep
|
|t:|1750814976
|switch|p2a: Kyogre|Kyogre, L50|100/100
|-weather|RainDance|[from] ability: Drizzle|[of] p2a: Kyogre
|turn|3
|inactive|hungoverashell has 30 seconds left.
|
|t:|1750815009
|switch|p1b: Miraidon|Miraidon, L50|100/100
|-fieldstart|move: Electric Terrain|[from] ability: Hadron Engine|[of] p1b: Miraidon
|move|p2a: Kyogre|Water Spout|p1a: Incineroar|[spread] p1a,p1b
|-supereffective|p1a: Incineroar
|-resisted|p1b: Miraidon
|-damage|p1a: Incineroar|0 fnt
|-damage|p1b: Miraidon|75/100
|faint|p1a: Incineroar
|move|p2b: Landorus|Earth Power|p1b: Miraidon
|-supereffective|p1b: Miraidon
|-damage|p1b: Miraidon|20/100
|
|-weather|RainDance|[upkeep]
|upkeep
|
|t:|1750815026
|switch|p1a: Lunala|Lunala, L50|71/100
|-enditem|p1a: Lunala|Electric Seed
|-boost|p1a: Lunala|def|1|[from] item: Electric Seed
|turn|4
|
|t:|1750815033
|move|p1a: Lunala|Wide Guard|p1a: Lunala
|-singleturn|p1a: Lunala|Wide Guard
|move|p2a: Kyogre|Water Spout|p1b: Miraidon|[spread] 
|-activate|p1a: Lunala|move: Wide Guard
|-activate|p1b: Miraidon|move: Wide Guard
|move|p1b: Miraidon|Electro Drift|p2a: Kyogre
|-supereffective|p2a: Kyogre
|-damage|p2a: Kyogre|0 fnt
|faint|p2a: Kyogre
|move|p2b: Landorus|Earth Power|p1b: Miraidon
|-supereffective|p1b: Miraidon
|-damage|p1b: Miraidon|0 fnt
|faint|p1b: Miraidon
|
|-weather|RainDance|[upkeep]
|upkeep
|
|t:|1750815051
|switch|p1b: Urshifu|Urshifu-Rapid-Strike, L50, M|100/100
|switch|p2a: Zamazenta|Zamazenta-Crowned, L50|100/100
|-ability|p2a: Zamazenta|Dauntless Shield|boost
|-boost|p2a: Zamazenta|def|1
|turn|5
|inactive|hungoverashell has 30 seconds left.
|
|t:|1750815078
|-terastallize|p1b: Urshifu|Ghost
|-terastallize|p2b: Landorus|Water
|move|p2a: Zamazenta|Body Press|p1b: Urshifu
|-immune|p1b: Urshifu
|move|p1b: Urshifu|Surging Strikes|p2b: Landorus
|-resisted|p2b: Landorus
|-crit|p2b: Landorus
|-damage|p2b: Landorus|34/100
|-resisted|p2b: Landorus
|-crit|p2b: Landorus
|-damage|p2b: Landorus|12/100
|-resisted|p2b: Landorus
|-crit|p2b: Landorus
|-damage|p2b: Landorus|0 fnt
|faint|p2b: Landorus
|-hitcount|p2: Landorus|3
|move|p1a: Lunala|Moongeist Beam|p2a: Zamazenta
|-damage|p2a: Zamazenta|65/100
|
|-weather|RainDance|[upkeep]
|upkeep
|turn|6
|l|☆mjbucks
|inactive|mjbucks disconnected and has a minute to reconnect!
|player|p2|
|
|t:|1750815101
|move|p2a: Zamazenta|Heavy Slam|p1b: Urshifu
|-damage|p1b: Urshifu|50/100
|move|p1b: Urshifu|Surging Strikes|p2a: Zamazenta
|-crit|p2a: Zamazenta
|-damage|p2a: Zamazenta|37/100
|-crit|p2a: Zamazenta
|-damage|p2a: Zamazenta|10/100
|-crit|p2a: Zamazenta
|-damage|p2a: Zamazenta|0 fnt
|faint|p2a: Zamazenta
|-hitcount|p2: Zamazenta|3
|
|win|hungoverashell
|raw|hungoverashell's rating: 1425 &rarr; <strong>1443</strong><br />(+18 for winning)
|raw|mjbucks's rating: 1391 &rarr; <strong>1373</strong><br />(-18 for losing)
|l|☆hungoverashell
|player|p1|
