|j|☆Honored1
|j|☆Auragami
|t:|1750828292
|gametype|doubles
|player|p1|Honored1|silver|
|player|p2|Auragami|burglar|
|teamsize|p1|6
|teamsize|p2|6
|gen|9
|tier|[Gen 9] VGC 2025 Reg I
|rule|Species Clause: Limit one of each Pokémon
|rule|Item Clause: Limit 1 of each item
|clearpoke
|poke|p1|Moltres-Galar, L50|
|poke|p1|Zamazenta-*, L50|
|poke|p1|Palafin, L50, F|
|poke|p1|Sinistcha, L50|
|poke|p1|Rillaboom, L50, F|
|poke|p1|Ting-Lu, L50|
|poke|p2|Kyurem-White, L50|
|poke|p2|Ninetales-Alola, L50, M|
|poke|p2|Milotic, L50, M|
|poke|p2|Urshifu-*, L50, F|
|poke|p2|Ursaluna-Bloodmoon, L50, M|
|poke|p2|Indeedee-F, L50, F|
|teampreview|4
|
|t:|1750828308
|start
|switch|p1a: Moltres|Moltres-Galar, L50|100/100
|switch|p1b: Palafin|Palafin, L50, F|100/100
|switch|p2a: Indeedee|Indeedee-F, L50, F, shiny|100/100
|switch|p2b: Milotic|Milotic, L50, M, shiny|100/100
|-fieldstart|move: Psychic Terrain|[from] ability: Psychic Surge|[of] p2a: Indeedee
|turn|1
|
|t:|1750828332
|move|p2a: Indeedee|Helping Hand|p2b: Milotic
|-singleturn|p2b: Milotic|Helping Hand|[of] p2a: Indeedee
|move|p1b: Palafin|Flip Turn|p2a: Indeedee
|-damage|p2a: Indeedee|69/100
|
|t:|1750828339
|detailschange|p1b: Palafin|Palafin-Hero, L50, F
|switch|p1b: Ting-Lu|Ting-Lu, L50|100/100|[from] Flip Turn
|-ability|p1b: Ting-Lu|Vessel of Ruin
|move|p1a: Moltres|Tailwind|p1a: Moltres
|-sidestart|p1: Honored1|move: Tailwind
|move|p2b: Milotic|Coil|p2b: Milotic
|-boost|p2b: Milotic|atk|1
|-boost|p2b: Milotic|def|1
|-boost|p2b: Milotic|accuracy|1
|
|upkeep
|turn|2
|
|t:|1750828387
|move|p2a: Indeedee|Follow Me|p2a: Indeedee
|-singleturn|p2a: Indeedee|move: Follow Me
|move|p1a: Moltres|Fiery Wrath|p2b: Milotic|[spread] p2a,p2b
|-supereffective|p2a: Indeedee
|-damage|p2a: Indeedee|28/100
|-damage|p2b: Milotic|87/100
|-enditem|p2a: Indeedee|Sitrus Berry|[eat]
|-heal|p2a: Indeedee|52/100|[from] item: Sitrus Berry
|move|p1b: Ting-Lu|Heavy Slam|p2a: Indeedee
|-damage|p2a: Indeedee|24/100
|move|p2b: Milotic|Scald|p1b: Ting-Lu
|-supereffective|p1b: Ting-Lu
|-damage|p1b: Ting-Lu|84/100
|-status|p1b: Ting-Lu|brn
|
|-heal|p2b: Milotic|93/100|[from] item: Leftovers
|-damage|p1b: Ting-Lu|78/100 brn|[from] brn
|upkeep
|turn|3
|
|t:|1750828420
|move|p2a: Indeedee|Follow Me|p2a: Indeedee
|-singleturn|p2a: Indeedee|move: Follow Me
|move|p1a: Moltres|Fiery Wrath|p2b: Milotic|[spread] p2a,p2b
|-supereffective|p2a: Indeedee
|-damage|p2a: Indeedee|0 fnt
|-damage|p2b: Milotic|81/100
|faint|p2a: Indeedee
|move|p1b: Ting-Lu|Fissure|p2b: Milotic|[miss]
|-miss|p1b: Ting-Lu|p2b: Milotic
|cant|p2b: Milotic|flinch
|
|-heal|p2b: Milotic|87/100|[from] item: Leftovers
|-damage|p1b: Ting-Lu|71/100 brn|[from] brn
|upkeep
|
|t:|1750828439
|switch|p2a: Kyurem|Kyurem-White, L50, shiny|100/100
|-ability|p2a: Kyurem|Turboblaze
|turn|4
|
|t:|1750828456
|move|p1a: Moltres|Fiery Wrath|p2b: Milotic|[spread] p2a,p2b
|-damage|p2a: Kyurem|89/100
|-damage|p2b: Milotic|73/100
|move|p1b: Ting-Lu|Snarl|p2b: Milotic|[spread] p2a,p2b
|-damage|p2a: Kyurem|85/100
|-damage|p2b: Milotic|69/100
|-unboost|p2a: Kyurem|spa|1
|-unboost|p2b: Milotic|spa|1
|-ability|p2b: Milotic|Competitive|boost
|-boost|p2b: Milotic|spa|2
|move|p2a: Kyurem|Blizzard|p1a: Moltres|[spread] 
|-miss|p2a: Kyurem|p1a: Moltres
|-miss|p2a: Kyurem|p1b: Ting-Lu
|cant|p2b: Milotic|flinch
|
|-heal|p2b: Milotic|75/100|[from] item: Leftovers
|-damage|p1b: Ting-Lu|65/100 brn|[from] brn
|-sideend|p1: Honored1|move: Tailwind
|upkeep
|turn|5
|
|t:|1750828492
|move|p1a: Moltres|Fiery Wrath|p2b: Milotic|[spread] p2a,p2b
|-damage|p2a: Kyurem|74/100
|-damage|p2b: Milotic|61/100
|cant|p2a: Kyurem|flinch
|move|p2b: Milotic|Hypnosis|p1a: Moltres
|-status|p1a: Moltres|slp|[from] move: Hypnosis
|move|p1b: Ting-Lu|Fissure|p2a: Kyurem|[miss]
|-miss|p1b: Ting-Lu|p2a: Kyurem
|
|-heal|p2b: Milotic|67/100|[from] item: Leftovers
|-damage|p1b: Ting-Lu|59/100 brn|[from] brn
|-fieldend|move: Psychic Terrain
|upkeep
|turn|6
|
|t:|1750828512
|cant|p1a: Moltres|slp
|move|p2a: Kyurem|Freeze-Dry|p1a: Moltres
|-supereffective|p1a: Moltres
|-damage|p1a: Moltres|67/100 slp
|move|p2b: Milotic|Coil|p2b: Milotic
|-boost|p2b: Milotic|atk|1
|-boost|p2b: Milotic|def|1
|-boost|p2b: Milotic|accuracy|1
|move|p1b: Ting-Lu|Stomping Tantrum|p2a: Kyurem
|-damage|p2a: Kyurem|52/100
|
|-heal|p2b: Milotic|73/100|[from] item: Leftovers
|-damage|p1b: Ting-Lu|53/100 brn|[from] brn
|upkeep
|turn|7
|
|t:|1750828538
|-curestatus|p1a: Moltres|slp|[msg]
|move|p1a: Moltres|Fiery Wrath|p2b: Milotic|[spread] p2a,p2b
|-damage|p2a: Kyurem|42/100
|-damage|p2b: Milotic|60/100
|move|p2a: Kyurem|Blizzard|p1a: Moltres|[spread] p1a,p1b
|-supereffective|p1a: Moltres
|-supereffective|p1b: Ting-Lu
|-damage|p1a: Moltres|30/100
|-damage|p1b: Ting-Lu|32/100 brn
|-status|p1a: Moltres|frz
|-ability|p1a: Moltres|Berserk|boost
|-boost|p1a: Moltres|spa|1
|cant|p2b: Milotic|flinch
|move|p1b: Ting-Lu|Heavy Slam|p2a: Kyurem
|-supereffective|p2a: Kyurem
|-damage|p2a: Kyurem|27/100
|
|-heal|p2b: Milotic|66/100|[from] item: Leftovers
|-damage|p1b: Ting-Lu|26/100 brn|[from] brn
|upkeep
|turn|8
|
|t:|1750828564
|cant|p1a: Moltres|frz
|move|p2a: Kyurem|Blizzard|p1b: Ting-Lu|[spread] p1a
|-miss|p2a: Kyurem|p1b: Ting-Lu
|-supereffective|p1a: Moltres
|-damage|p1a: Moltres|0 fnt
|faint|p1a: Moltres
|move|p2b: Milotic|Life Dew|p2b: Milotic|[spread] p2a,p2b
|-heal|p2a: Kyurem|52/100
|-heal|p2b: Milotic|92/100
|move|p1b: Ting-Lu|Stomping Tantrum|p2a: Kyurem
|-damage|p2a: Kyurem|39/100
|
|-heal|p2b: Milotic|98/100|[from] item: Leftovers
|-damage|p1b: Ting-Lu|20/100 brn|[from] brn
|upkeep
|
|t:|1750828583
|switch|p1a: Sinistcha|Sinistcha, L50|100/100
|-heal|p1b: Ting-Lu|44/100 brn|[from] ability: Hospitality|[of] p1a: Sinistcha
|turn|9
|
|t:|1750828601
|move|p2a: Kyurem|Freeze-Dry|p1a: Sinistcha
|-supereffective|p1a: Sinistcha
|-damage|p1a: Sinistcha|42/100
|move|p2b: Milotic|Life Dew|p2b: Milotic|[spread] p2a,p2b
|-heal|p2a: Kyurem|64/100
|-heal|p2b: Milotic|100/100
|move|p1a: Sinistcha|Shadow Ball|p2b: Milotic
|-damage|p2b: Milotic|84/100
|move|p1b: Ting-Lu|Snarl|p2a: Kyurem|[spread] p2a,p2b
|-damage|p2a: Kyurem|60/100
|-damage|p2b: Milotic|80/100
|-unboost|p2a: Kyurem|spa|1
|-unboost|p2b: Milotic|spa|1
|-ability|p2b: Milotic|Competitive|boost
|-boost|p2b: Milotic|spa|2
|
|-heal|p2b: Milotic|86/100|[from] item: Leftovers
|-heal|p1a: Sinistcha|48/100|[from] item: Leftovers
|-damage|p1b: Ting-Lu|38/100 brn|[from] brn
|upkeep
|turn|10
|
|t:|1750828633
|move|p2a: Kyurem|Freeze-Dry|p1a: Sinistcha
|-supereffective|p1a: Sinistcha
|-damage|p1a: Sinistcha|7/100
|move|p2b: Milotic|Scald|p1b: Ting-Lu
|-supereffective|p1b: Ting-Lu
|-damage|p1b: Ting-Lu|4/100 brn
|move|p1a: Sinistcha|Matcha Gotcha|p2a: Kyurem|[spread] p2a,p2b
|-resisted|p2a: Kyurem
|-supereffective|p2b: Milotic
|-damage|p2a: Kyurem|55/100
|-heal|p1a: Sinistcha|9/100|[from] drain|[of] p2a: Kyurem
|-damage|p2b: Milotic|64/100
|-heal|p1a: Sinistcha|22/100|[from] drain|[of] p2b: Milotic
|move|p1b: Ting-Lu|Heavy Slam|p2a: Kyurem
|-supereffective|p2a: Kyurem
|-damage|p2a: Kyurem|41/100
|
|-heal|p2b: Milotic|70/100|[from] item: Leftovers
|-heal|p1a: Sinistcha|28/100|[from] item: Leftovers
|-damage|p1b: Ting-Lu|0 fnt|[from] brn
|faint|p1b: Ting-Lu
|upkeep
|
|t:|1750828652
|switch|p1b: Palafin|Palafin-Hero, L50, F|100/100
|-activate|p1b: Palafin|ability: Zero to Hero
|turn|11
|
|t:|1750828678
|-terastallize|p1b: Palafin|Water
|move|p1b: Palafin|Wave Crash|p2a: Kyurem
|-resisted|p2a: Kyurem
|-damage|p2a: Kyurem|0 fnt
|faint|p2a: Kyurem
|-damage|p1b: Palafin|84/100|[from] Recoil
|move|p2b: Milotic|Life Dew|p2b: Milotic
|-heal|p2b: Milotic|95/100
|move|p1a: Sinistcha|Calm Mind|p1a: Sinistcha
|-boost|p1a: Sinistcha|spa|1
|-boost|p1a: Sinistcha|spd|1
|
|-heal|p2b: Milotic|100/100|[from] item: Leftovers
|-heal|p1a: Sinistcha|34/100|[from] item: Leftovers
|upkeep
|
|t:|1750828694
|switch|p2a: Ursaluna|Ursaluna-Bloodmoon, L50, M|100/100
|turn|12
|
|t:|1750828719
|move|p1b: Palafin|Wave Crash|p2a: Ursaluna
|-supereffective|p2a: Ursaluna
|-damage|p2a: Ursaluna|0 fnt
|faint|p2a: Ursaluna
|-damage|p1b: Palafin|43/100|[from] Recoil
|move|p2b: Milotic|Scald|p1a: Sinistcha
|-resisted|p1a: Sinistcha
|-damage|p1a: Sinistcha|11/100
|move|p1a: Sinistcha|Matcha Gotcha|p2b: Milotic
|-supereffective|p2b: Milotic
|-damage|p2b: Milotic|43/100
|-heal|p1a: Sinistcha|44/100|[from] drain|[of] p2b: Milotic
|
|-heal|p2b: Milotic|49/100|[from] item: Leftovers
|-heal|p1a: Sinistcha|50/100|[from] item: Leftovers
|upkeep
|turn|13
|
|t:|1750828742
|-terastallize|p2b: Milotic|Grass
|move|p1b: Palafin|Wave Crash|p2b: Milotic
|-resisted|p2b: Milotic
|-damage|p2b: Milotic|10/100
|-damage|p1b: Palafin|28/100|[from] Recoil
|move|p2b: Milotic|Life Dew|p2b: Milotic
|-heal|p2b: Milotic|36/100
|move|p1a: Sinistcha|Matcha Gotcha|p2b: Milotic
|-resisted|p2b: Milotic
|-damage|p2b: Milotic|23/100
|-heal|p1a: Sinistcha|57/100|[from] drain|[of] p2b: Milotic
|
|-heal|p2b: Milotic|29/100|[from] item: Leftovers
|-heal|p1a: Sinistcha|63/100|[from] item: Leftovers
|upkeep
|turn|14
|
|t:|1750828761
|move|p1b: Palafin|Wave Crash|p2b: Milotic
|-resisted|p2b: Milotic
|-damage|p2b: Milotic|0 fnt
|faint|p2b: Milotic
|-damage|p1b: Palafin|17/100|[from] Recoil
|
|win|Honored1
