|j|☆ShXdowR
|j|☆gsaaan
|t:|1750869250
|gametype|doubles
|player|p1|ShXdowR|ethan|1261
|player|p2|gsaaan|169|1279
|teamsize|p1|6
|teamsize|p2|6
|gen|9
|tier|[Gen 9] VGC 2025 Reg I
|rated|
|rule|Species Clause: Limit one of each Pokémon
|rule|Item Clause: Limit 1 of each item
|clearpoke
|poke|p1|Charizard, L50, F|
|poke|p1|Gyarados, L50, M|
|poke|p1|Farigiraf, L50, F|
|poke|p1|Rillaboom, L50, F|
|poke|p1|Eternatus, L50|
|poke|p1|Groudon, L50|
|poke|p2|Koraidon, L50|
|poke|p2|Ho-Oh, L50|
|poke|p2|Walking Wake, L50|
|poke|p2|Rillaboom, L50, F|
|poke|p2|Sandy Shocks, L50|
|poke|p2|Cobalion, L50|
|teampreview|4
|inactive|Battle timer is ON: inactive players will automatically lose when time's up. (requested by gsaaan)
|
|t:|1750869279
|start
|switch|p1a: Charizard|Charizard, L50, F|100/100
|switch|p1b: Groudon|Groudon, L50|100/100
|switch|p2a: Walking Wake|Walking Wake, L50|100/100
|switch|p2b: Sandy Shocks|Sandy Shocks, L50|100/100
|-weather|SunnyDay|[from] ability: Drought|[of] p1b: Groudon
|-activate|p2a: Walking Wake|ability: Protosynthesis
|-start|p2a: Walking Wake|protosynthesisspe
|-activate|p2b: Sandy Shocks|ability: Protosynthesis
|-start|p2b: Sandy Shocks|protosynthesisspe
|turn|1
|inactive|ShXdowR has 30 seconds left.
|
|t:|1750869307
|-terastallize|p1a: Charizard|Fire
|move|p2a: Walking Wake|Hydro Steam|p1b: Groudon
|-supereffective|p1b: Groudon
|-damage|p1b: Groudon|0 fnt
|faint|p1b: Groudon
|move|p2b: Sandy Shocks|Thunderbolt|p1a: Charizard
|-damage|p1a: Charizard|44/100
|move|p1a: Charizard|Heat Wave|p2b: Sandy Shocks|[spread] p2a,p2b
|-resisted|p2a: Walking Wake
|-damage|p2a: Walking Wake|73/100
|-enditem|p2b: Sandy Shocks|Focus Sash
|-damage|p2b: Sandy Shocks|1/100
|
|-weather|SunnyDay|[upkeep]
|-damage|p1a: Charizard|32/100|[from] ability: Solar Power|[of] p1a: Charizard
|upkeep
|
|t:|1750869318
|switch|p1b: Farigiraf|Farigiraf, L50, F, shiny|100/100
|turn|2
|
|t:|1750869337
|switch|p1a: Eternatus|Eternatus, L50|100/100
|-ability|p1a: Eternatus|Pressure
|move|p2a: Walking Wake|Hydro Steam|p1b: Farigiraf
|-damage|p1b: Farigiraf|20/100
|move|p2b: Sandy Shocks|Thunderbolt|p1a: Eternatus
|-resisted|p1a: Eternatus
|-damage|p1a: Eternatus|82/100
|move|p1b: Farigiraf|Trick Room|p1b: Farigiraf
|-fieldstart|move: Trick Room|[of] p1b: Farigiraf
|
|-weather|SunnyDay|[upkeep]
|upkeep
|turn|3
|
|t:|1750869357
|move|p1b: Farigiraf|Psychic|p2b: Sandy Shocks
|-damage|p2b: Sandy Shocks|0 fnt
|faint|p2b: Sandy Shocks
|-end|p2b: Sandy Shocks|Protosynthesis|[silent]
|move|p1a: Eternatus|Dynamax Cannon|p2a: Walking Wake
|-supereffective|p2a: Walking Wake
|-damage|p2a: Walking Wake|0 fnt
|faint|p2a: Walking Wake
|-end|p2a: Walking Wake|Protosynthesis|[silent]
|
|-weather|SunnyDay|[upkeep]
|upkeep
|
|t:|1750869365
|switch|p2b: Koraidon|Koraidon, L50|100/100
|switch|p2a: Ho-Oh|Ho-Oh, L50|100/100
|-activate|p2b: Koraidon|ability: Orichalcum Pulse
|turn|4
|
|t:|1750869383
|move|p2a: Ho-Oh|Protect|p2a: Ho-Oh
|-singleturn|p2a: Ho-Oh|Protect
|move|p2b: Koraidon|Protect|p2b: Koraidon
|-singleturn|p2b: Koraidon|Protect
|move|p1b: Farigiraf|Psychic|p2b: Koraidon
|-activate|p2b: Koraidon|move: Protect
|move|p1a: Eternatus|Meteor Beam||[still]
|-prepare|p1a: Eternatus|Meteor Beam
|-boost|p1a: Eternatus|spa|1
|-enditem|p1a: Eternatus|Power Herb
|-anim|p1a: Eternatus|Meteor Beam|p2a: Ho-Oh
|-activate|p2a: Ho-Oh|move: Protect
|
|-weather|SunnyDay|[upkeep]
|upkeep
|turn|5
|
|t:|1750869405
|-terastallize|p2b: Koraidon|Fire
|move|p1b: Farigiraf|Foul Play|p2a: Ho-Oh
|-crit|p2a: Ho-Oh
|-damage|p2a: Ho-Oh|57/100
|move|p2a: Ho-Oh|Brave Bird|p1a: Eternatus
|-damage|p1a: Eternatus|29/100
|-damage|p2a: Ho-Oh|39/100|[from] Recoil
|move|p2b: Koraidon|Flame Charge|p1b: Farigiraf
|-damage|p1b: Farigiraf|0 fnt
|-boost|p2b: Koraidon|spe|1
|faint|p1b: Farigiraf
|-damage|p2b: Koraidon|91/100|[from] item: Life Orb
|move|p1a: Eternatus|Dynamax Cannon|p2b: Koraidon
|-damage|p2b: Koraidon|8/100
|
|-weather|none
|upkeep
|
|t:|1750869416
|switch|p1b: Charizard|Charizard, L50, F, tera:Fire|32/100
|turn|6
|
|t:|1750869424
|move|p2a: Ho-Oh|Protect|p2a: Ho-Oh
|-singleturn|p2a: Ho-Oh|Protect
|move|p2b: Koraidon|Protect|p2b: Koraidon
|-singleturn|p2b: Koraidon|Protect
|move|p1a: Eternatus|Dynamax Cannon|p2a: Ho-Oh
|-activate|p2a: Ho-Oh|move: Protect
|move|p1b: Charizard|Heat Wave|p2b: Koraidon|[spread] 
|-activate|p2a: Ho-Oh|move: Protect
|-activate|p2b: Koraidon|move: Protect
|
|-fieldend|move: Trick Room
|upkeep
|turn|7
|
|t:|1750869438
|move|p2b: Koraidon|Close Combat|p1b: Charizard
|-damage|p1b: Charizard|0 fnt
|-unboost|p2b: Koraidon|def|1
|-unboost|p2b: Koraidon|spd|1
|faint|p1b: Charizard
|-damage|p2b: Koraidon|0 fnt|[from] item: Life Orb
|faint|p2b: Koraidon
|move|p1a: Eternatus|Dynamax Cannon|p2a: Ho-Oh
|-damage|p2a: Ho-Oh|0 fnt
|faint|p2a: Ho-Oh
|
|win|ShXdowR
|raw|ShXdowR's rating: 1261 &rarr; <strong>1287</strong><br />(+26 for winning)
|raw|gsaaan's rating: 1279 &rarr; <strong>1253</strong><br />(-26 for losing)
|l|☆ShXdowR
|player|p1|
|l|☆gsaaan
|player|p2|
