|j|☆Borislax
|j|☆peasantbread
|t:|1750725769
|gametype|doubles
|player|p1|Borislax|elesa|1541
|player|p2|peasantbread|169|1650
|teamsize|p1|6
|teamsize|p2|6
|gen|9
|tier|[Gen 9] VGC 2025 Reg I
|rated|
|rule|Species Clause: Limit one of each Pokémon
|rule|Item Clause: Limit 1 of each item
|clearpoke
|poke|p1|Rayquaza, L50|
|poke|p1|Chien-Pao, L50|
|poke|p1|Dondozo, L50, M|
|poke|p1|Tatsugiri, L50, M|
|poke|p1|Calyrex-Shadow, L50|
|poke|p1|Chi-Yu, L50|
|poke|p2|Calyrex-Ice, L50|
|poke|p2|Kyogre, L50|
|poke|p2|Grimmsnarl, L50, M|
|poke|p2|Amoonguss, L50, M|
|poke|p2|Rillaboom, L50, M|
|poke|p2|Ursaluna, L50, F|
|teampreview|4
|inactive|Battle timer is ON: inactive players will automatically lose when time's up. (requested by Borislax)
|
|t:|1750725787
|start
|switch|p1a: Oogie|Rayquaza, L50|100/100
|switch|p1b: Boogie|Chien-Pao, L50|100/100
|switch|p2a: Grimmsnarl|Grimmsnarl, L50, M|100/100
|switch|p2b: Calyrex|Calyrex-Ice, L50|100/100
|-ability|p2b: Calyrex|As One
|-ability|p2b: Calyrex|Unnerve
|-ability|p1b: Boogie|Sword of Ruin
|-ability|p1a: Oogie|Air Lock
|turn|1
|
|t:|1750725808
|-terastallize|p1a: Oogie|Normal
|move|p1b: Boogie|Protect|p1b: Boogie
|-singleturn|p1b: Boogie|Protect
|move|p2b: Calyrex|Protect|p2b: Calyrex
|-singleturn|p2b: Calyrex|Protect
|move|p1a: Oogie|Extreme Speed|p2a: Grimmsnarl
|-damage|p2a: Grimmsnarl|0 fnt
|faint|p2a: Grimmsnarl
|
|upkeep
|
|t:|1750725823
|switch|p2a: Amoonguss|Amoonguss, L50, M|100/100
|turn|2
|
|t:|1750725841
|-terastallize|p2a: Amoonguss|Fire
|move|p1a: Oogie|Extreme Speed|p2a: Amoonguss
|-damage|p2a: Amoonguss|27/100
|-damage|p1a: Oogie|84/100|[from] item: Rocky Helmet|[of] p2a: Amoonguss
|move|p2a: Amoonguss|Rage Powder|p2a: Amoonguss
|-singleturn|p2a: Amoonguss|move: Rage Powder
|move|p1b: Boogie|Ice Spinner|p2a: Amoonguss
|-resisted|p2a: Amoonguss
|-damage|p2a: Amoonguss|6/100
|-damage|p1b: Boogie|84/100|[from] item: Rocky Helmet|[of] p2a: Amoonguss
|move|p2b: Calyrex|Trick Room|p2b: Calyrex
|-fieldstart|move: Trick Room|[of] p2b: Calyrex
|
|upkeep
|turn|3
|
|t:|1750725863
|move|p2a: Amoonguss|Protect|p2a: Amoonguss
|-singleturn|p2a: Amoonguss|Protect
|move|p1a: Oogie|Extreme Speed|p2a: Amoonguss
|-activate|p2a: Amoonguss|move: Protect
|move|p1b: Boogie|Sucker Punch|p2b: Calyrex
|-supereffective|p2b: Calyrex
|-damage|p2b: Calyrex|44/100
|move|p2b: Calyrex|Glacial Lance|p1b: Boogie|[spread] p1a,p1b
|-resisted|p1b: Boogie
|-damage|p1a: Oogie|16/100
|-damage|p1b: Boogie|46/100
|
|-heal|p2b: Calyrex|50/100|[from] item: Leftovers
|upkeep
|turn|4
|
|t:|1750725885
|switch|p2a: Kyogre|Kyogre, L50|100/100
|-weather|RainDance|[from] ability: Drizzle|[of] p2a: Kyogre
|move|p2b: Calyrex|Protect|p2b: Calyrex
|-singleturn|p2b: Calyrex|Protect
|move|p1a: Oogie|Extreme Speed|p2a: Kyogre
|-damage|p2a: Kyogre|18/100
|move|p1b: Boogie|Sucker Punch||[still]
|-fail|p1b: Boogie
|
|-weather|RainDance|[upkeep]
|-heal|p2b: Calyrex|56/100|[from] item: Leftovers
|upkeep
|turn|5
|c|☆peasantbread|Choice band?
|c|☆Borislax|guess hehe
|
|t:|1750725909
|move|p1a: Oogie|Extreme Speed|p2a: Kyogre
|-damage|p2a: Kyogre|0 fnt
|faint|p2a: Kyogre
|move|p1b: Boogie|Sucker Punch|p2b: Calyrex
|-supereffective|p2b: Calyrex
|-damage|p2b: Calyrex|1/100
|move|p2b: Calyrex|Glacial Lance|p1a: Oogie|[spread] p1a,p1b
|-resisted|p1b: Boogie
|-damage|p1a: Oogie|0 fnt
|-damage|p1b: Boogie|9/100
|faint|p1a: Oogie
|-ability|p2b: Calyrex|Chilling Neigh|boost
|-boost|p2b: Calyrex|atk|1
|
|-weather|RainDance|[upkeep]
|-heal|p2b: Calyrex|7/100|[from] item: Leftovers
|upkeep
|c|☆peasantbread|Seems that way
|c|☆peasantbread|That's a lot of damage
|c|☆Borislax|(it is)
|
|t:|1750725939
|switch|p2a: Amoonguss|Amoonguss, L50, M, tera:Fire|39/100
|switch|p1a: Peetuh the hoarse|Dondozo, L50, M|100/100
|turn|6
|
|t:|1750725948
|switch|p1b: buble|Tatsugiri, L50, M, shiny|100/100
|-activate|p1b: buble|ability: Commander|[of] p1a: Peetuh the hoarse
|-boost|p1a: Peetuh the hoarse|atk|2
|-boost|p1a: Peetuh the hoarse|spa|2
|-boost|p1a: Peetuh the hoarse|spe|2
|-boost|p1a: Peetuh the hoarse|def|2
|-boost|p1a: Peetuh the hoarse|spd|2
|move|p1a: Peetuh the hoarse|Protect|p1a: Peetuh the hoarse
|-singleturn|p1a: Peetuh the hoarse|Protect
|move|p2a: Amoonguss|Pollen Puff|p2b: Calyrex
|-heal|p2b: Calyrex|57/100
|move|p2b: Calyrex|Leech Seed|p1a: Peetuh the hoarse
|-activate|p1a: Peetuh the hoarse|move: Protect
|
|-weather|RainDance|[upkeep]
|-heal|p2b: Calyrex|62/100|[from] item: Leftovers
|-fieldend|move: Trick Room
|upkeep
|turn|7
|c|☆Borislax|ish
|
|t:|1750725965
|move|p2a: Amoonguss|Protect|p2a: Amoonguss
|-singleturn|p2a: Amoonguss|Protect
|move|p1a: Peetuh the hoarse|Earthquake|p2a: Amoonguss|[spread] p2b
|-miss|p1a: Peetuh the hoarse|p1b: buble
|-activate|p2a: Amoonguss|move: Protect
|-damage|p2b: Calyrex|41/100
|move|p2b: Calyrex|Trick Room|p2b: Calyrex
|-fieldstart|move: Trick Room|[of] p2b: Calyrex
|
|-weather|RainDance|[upkeep]
|-heal|p2b: Calyrex|46/100|[from] item: Leftovers
|upkeep
|turn|8
|
|t:|1750725983
|move|p2a: Amoonguss|Spore|p1a: Peetuh the hoarse
|-status|p1a: Peetuh the hoarse|slp|[from] move: Spore
|move|p2b: Calyrex|Leech Seed|p1a: Peetuh the hoarse
|-start|p1a: Peetuh the hoarse|move: Leech Seed
|cant|p1a: Peetuh the hoarse|slp
|
|-weather|none
|-heal|p2b: Calyrex|52/100|[from] item: Leftovers
|-damage|p1a: Peetuh the hoarse|88/100 slp|[from] Leech Seed|[of] p2b: Calyrex
|-heal|p2b: Calyrex|67/100|[silent]
|upkeep
|turn|9
|
|t:|1750725993
|move|p2a: Amoonguss|Pollen Puff|p2b: Calyrex
|-heal|p2b: Calyrex|100/100
|move|p2b: Calyrex|Glacial Lance|p1b: buble|[spread] p1a
|-miss|p2b: Calyrex|p1b: buble
|-resisted|p1a: Peetuh the hoarse
|-damage|p1a: Peetuh the hoarse|80/100 slp
|-curestatus|p1a: Peetuh the hoarse|slp|[msg]
|move|p1a: Peetuh the hoarse|Earthquake|p2b: Calyrex|[spread] p2a,p2b
|-miss|p1a: Peetuh the hoarse|p1b: buble
|-supereffective|p2a: Amoonguss
|-damage|p2a: Amoonguss|0 fnt
|-damage|p2b: Calyrex|79/100
|faint|p2a: Amoonguss
|
|-heal|p2b: Calyrex|85/100|[from] item: Leftovers
|-damage|p1a: Peetuh the hoarse|67/100|[from] Leech Seed|[of] p2b: Calyrex
|-heal|p2b: Calyrex|99/100|[silent]
|upkeep
|turn|10
|inactive|Borislax has 30 seconds left.
|
|t:|1750726024
|move|p2b: Calyrex|Protect|p2b: Calyrex
|-singleturn|p2b: Calyrex|Protect
|move|p1a: Peetuh the hoarse|Wave Crash|p2b: Calyrex
|-activate|p2b: Calyrex|move: Protect
|
|-heal|p2b: Calyrex|100/100|[from] item: Leftovers
|-damage|p1a: Peetuh the hoarse|55/100|[from] Leech Seed|[of] p2b: Calyrex
|upkeep
|turn|11
|
|t:|1750726032
|move|p2b: Calyrex|Glacial Lance|p1a: Peetuh the hoarse|[spread] p1a
|-miss|p2b: Calyrex|p1b: buble
|-resisted|p1a: Peetuh the hoarse
|-damage|p1a: Peetuh the hoarse|47/100
|move|p1a: Peetuh the hoarse|Wave Crash|p2b: Calyrex
|-damage|p2b: Calyrex|46/100
|-damage|p1a: Peetuh the hoarse|32/100|[from] Recoil
|
|-heal|p2b: Calyrex|52/100|[from] item: Leftovers
|-damage|p1a: Peetuh the hoarse|20/100|[from] Leech Seed|[of] p2b: Calyrex
|-heal|p2b: Calyrex|67/100|[silent]
|-fieldend|move: Trick Room
|upkeep
|turn|12
|
|t:|1750726042
|move|p2b: Calyrex|Protect|p2b: Calyrex
|-singleturn|p2b: Calyrex|Protect
|move|p1a: Peetuh the hoarse|Rest|p1a: Peetuh the hoarse
|-status|p1a: Peetuh the hoarse|slp|[from] move: Rest
|-heal|p1a: Peetuh the hoarse|100/100 slp|[silent]
|
|-heal|p2b: Calyrex|73/100|[from] item: Leftovers
|-damage|p1a: Peetuh the hoarse|88/100 slp|[from] Leech Seed|[of] p2b: Calyrex
|-heal|p2b: Calyrex|88/100|[silent]
|upkeep
|turn|13
|c|☆Borislax|bro i'm so sorry
|
|t:|1750726054
|cant|p1a: Peetuh the hoarse|slp
|move|p2b: Calyrex|Trick Room|p2b: Calyrex
|-fieldstart|move: Trick Room|[of] p2b: Calyrex
|
|-heal|p2b: Calyrex|94/100|[from] item: Leftovers
|-damage|p1a: Peetuh the hoarse|76/100 slp|[from] Leech Seed|[of] p2b: Calyrex
|-heal|p2b: Calyrex|100/100|[silent]
|upkeep
|turn|14
|c|☆peasantbread|Lollllll
|c|☆Borislax|this is gonna take forever
|
|t:|1750726062
|move|p2b: Calyrex|Glacial Lance|p1a: Peetuh the hoarse|[spread] p1a
|-miss|p2b: Calyrex|p1b: buble
|-resisted|p1a: Peetuh the hoarse
|-crit|p1a: Peetuh the hoarse
|-damage|p1a: Peetuh the hoarse|48/100 slp
|cant|p1a: Peetuh the hoarse|slp
|
|-damage|p1a: Peetuh the hoarse|36/100 slp|[from] Leech Seed|[of] p2b: Calyrex
|upkeep
|turn|15
|
|t:|1750726071
|move|p2b: Calyrex|Protect|p2b: Calyrex
|-singleturn|p2b: Calyrex|Protect
|-curestatus|p1a: Peetuh the hoarse|slp|[msg]
|move|p1a: Peetuh the hoarse|Wave Crash|p2b: Calyrex
|-activate|p2b: Calyrex|move: Protect
|
|-damage|p1a: Peetuh the hoarse|24/100|[from] Leech Seed|[of] p2b: Calyrex
|upkeep
|turn|16
|
|t:|1750726082
|move|p1a: Peetuh the hoarse|Protect|p1a: Peetuh the hoarse
|-singleturn|p1a: Peetuh the hoarse|Protect
|move|p2b: Calyrex|Leech Seed|p1a: Peetuh the hoarse
|-activate|p1a: Peetuh the hoarse|move: Protect
|
|-damage|p1a: Peetuh the hoarse|11/100|[from] Leech Seed|[of] p2b: Calyrex
|upkeep
|turn|17
|
|t:|1750726088
|move|p2b: Calyrex|Glacial Lance|p1a: Peetuh the hoarse|[spread] p1a
|-miss|p2b: Calyrex|p1b: buble
|-resisted|p1a: Peetuh the hoarse
|-damage|p1a: Peetuh the hoarse|3/100
|move|p1a: Peetuh the hoarse|Rest|p1a: Peetuh the hoarse
|-status|p1a: Peetuh the hoarse|slp|[from] move: Rest
|-heal|p1a: Peetuh the hoarse|100/100 slp|[silent]
|
|-damage|p1a: Peetuh the hoarse|88/100 slp|[from] Leech Seed|[of] p2b: Calyrex
|-fieldend|move: Trick Room
|upkeep
|turn|18
|
|t:|1750726095
|cant|p1a: Peetuh the hoarse|slp
|move|p2b: Calyrex|Leech Seed||[still]
|-fail|p2b: Calyrex
|
|-damage|p1a: Peetuh the hoarse|76/100 slp|[from] Leech Seed|[of] p2b: Calyrex
|upkeep
|turn|19
|
|t:|1750726098
|cant|p1a: Peetuh the hoarse|slp
|move|p2b: Calyrex|Trick Room|p2b: Calyrex
|-fieldstart|move: Trick Room|[of] p2b: Calyrex
|
|-damage|p1a: Peetuh the hoarse|63/100 slp|[from] Leech Seed|[of] p2b: Calyrex
|upkeep
|turn|20
|
|t:|1750726113
|move|p2b: Calyrex|Protect|p2b: Calyrex
|-singleturn|p2b: Calyrex|Protect
|-curestatus|p1a: Peetuh the hoarse|slp|[msg]
|move|p1a: Peetuh the hoarse|Wave Crash|p2b: Calyrex
|-activate|p2b: Calyrex|move: Protect
|
|-damage|p1a: Peetuh the hoarse|51/100|[from] Leech Seed|[of] p2b: Calyrex
|upkeep
|turn|21
|
|t:|1750726123
|move|p2b: Calyrex|Leech Seed||[still]
|-fail|p2b: Calyrex
|move|p1a: Peetuh the hoarse|Wave Crash|p2b: Calyrex
|-damage|p2b: Calyrex|43/100
|-damage|p1a: Peetuh the hoarse|35/100|[from] Recoil
|
|-heal|p2b: Calyrex|49/100|[from] item: Leftovers
|-damage|p1a: Peetuh the hoarse|23/100|[from] Leech Seed|[of] p2b: Calyrex
|-heal|p2b: Calyrex|64/100|[silent]
|upkeep
|turn|22
|
|t:|1750726131
|move|p2b: Calyrex|Protect|p2b: Calyrex
|-singleturn|p2b: Calyrex|Protect
|move|p1a: Peetuh the hoarse|Wave Crash|p2b: Calyrex
|-activate|p2b: Calyrex|move: Protect
|
|-heal|p2b: Calyrex|70/100|[from] item: Leftovers
|-damage|p1a: Peetuh the hoarse|10/100|[from] Leech Seed|[of] p2b: Calyrex
|-heal|p2b: Calyrex|85/100|[silent]
|upkeep
|turn|23
|
|t:|1750726140
|move|p2b: Calyrex|Glacial Lance|p1a: Peetuh the hoarse|[spread] p1a
|-miss|p2b: Calyrex|p1b: buble
|-resisted|p1a: Peetuh the hoarse
|-damage|p1a: Peetuh the hoarse|2/100
|move|p1a: Peetuh the hoarse|Wave Crash|p2b: Calyrex
|-damage|p2b: Calyrex|33/100
|-damage|p1a: Peetuh the hoarse|0 fnt|[from] Recoil
|faint|p1a: Peetuh the hoarse
|
|-heal|p2b: Calyrex|39/100|[from] item: Leftovers
|-fieldend|move: Trick Room
|upkeep
|
|t:|1750726146
|switch|p1a: Boogie|Chien-Pao, L50|9/100
|-ability|p1a: Boogie|Sword of Ruin
|turn|24
|
|t:|1750726154
|move|p2b: Calyrex|Protect|p2b: Calyrex
|-singleturn|p2b: Calyrex|Protect
|move|p1a: Boogie|Throat Chop|p2b: Calyrex
|-activate|p2b: Calyrex|move: Protect
|move|p1b: buble|Muddy Water|p2b: Calyrex
|-activate|p2b: Calyrex|move: Protect
|
|-heal|p2b: Calyrex|44/100|[from] item: Leftovers
|upkeep
|turn|25
|c|☆Borislax|ggs?
|
|t:|1750726173
|move|p1a: Boogie|Throat Chop|p2b: Calyrex
|-supereffective|p2b: Calyrex
|-damage|p2b: Calyrex|0 fnt
|faint|p2b: Calyrex
|
|win|Borislax
|raw|Borislax's rating: 1517 &rarr; <strong>1544</strong><br />(+27 for winning)
|raw|peasantbread's rating: 1650 &rarr; <strong>1623</strong><br />(-27 for losing)
|c|☆peasantbread|Gg
|l|☆peasantbread
|player|p2|
