|j|☆Rathanegren
|j|☆TheParasectKing
|t:|1750828548
|gametype|doubles
|player|p1|Rathanegren|clerkf|1196
|player|p2|TheParasectKing|acetrainer-gen4dp|1329
|teamsize|p1|6
|teamsize|p2|6
|gen|9
|tier|[Gen 9] VGC 2025 Reg I
|rated|
|rule|Species Clause: Limit one of each Pokémon
|rule|Item Clause: Limit 1 of each item
|clearpoke
|poke|p1|Miraidon, L50|
|poke|p1|Iron Valiant, L50|
|poke|p1|Lunala, L50|
|poke|p1|Gholdengo, L50|
|poke|p1|Iron Hands, L50|
|poke|p1|Chien-Pao, L50|
|poke|p2|Lunala, L50|
|poke|p2|Zamazenta-*, L50|
|poke|p2|Flutter Mane, L50|
|poke|p2|Urshifu-*, L50, F|
|poke|p2|Incineroar, L50, F|
|poke|p2|Rillaboom, L50, F|
|teampreview|4
|inactive|Battle timer is ON: inactive players will automatically lose when time's up. (requested by TheParasectKing)
|inactive|Rathanegren has 60 seconds left.
|inactive|Rathanegren has 30 seconds left.
|
|t:|1750828614
|start
|switch|p1a: Miraidon|Miraidon, L50|100/100
|switch|p1b: Iron Valiant|Iron Valiant, L50, shiny|100/100
|switch|p2a: Zamazenta|Zamazenta-Crowned, L50|100/100
|switch|p2b: Incineroar|Incineroar, L50, F|100/100
|-fieldstart|move: Electric Terrain|[from] ability: Hadron Engine|[of] p1a: Miraidon
|-activate|p1b: Iron Valiant|ability: Quark Drive
|-start|p1b: Iron Valiant|quarkdrivespe
|-ability|p2a: Zamazenta|Dauntless Shield|boost
|-boost|p2a: Zamazenta|def|1
|-ability|p2b: Incineroar|Intimidate|boost
|-unboost|p1a: Miraidon|atk|1
|-unboost|p1b: Iron Valiant|atk|1
|turn|1
|inactive|Rathanegren has 30 seconds left.
|inactive|TheParasectKing has 30 seconds left.
|inactive|TheParasectKing has 20 seconds left.
|
|t:|1750828651
|switch|p1a: Iron Hands|Iron Hands, L50|100/100
|-activate|p1a: Iron Hands|ability: Quark Drive
|-start|p1a: Iron Hands|quarkdriveatk
|move|p2b: Incineroar|Fake Out|p1a: Iron Hands
|-damage|p1a: Iron Hands|91/100
|move|p1b: Iron Valiant|Moonblast|p2a: Zamazenta
|-damage|p2a: Zamazenta|54/100
|-unboost|p2a: Zamazenta|spa|1
|-damage|p1b: Iron Valiant|91/100|[from] item: Life Orb
|move|p2a: Zamazenta|Body Press|p1a: Iron Hands
|-damage|p1a: Iron Hands|42/100
|
|upkeep
|turn|2
|
|t:|1750828673
|switch|p2b: Lunala|Lunala, L50|100/100
|move|p2a: Zamazenta|Protect|p2a: Zamazenta
|-singleturn|p2a: Zamazenta|Protect
|move|p1a: Iron Hands|Fake Out|p2a: Zamazenta
|-activate|p2a: Zamazenta|move: Protect
|move|p1b: Iron Valiant|Aura Sphere|p2b: Lunala
|-immune|p2b: Lunala
|
|upkeep
|turn|3
|inactive|Rathanegren has 30 seconds left.
|inactive|Rathanegren has 20 seconds left.
|inactive|Rathanegren has 15 seconds left.
|inactive|Rathanegren has 10 seconds left.
|inactive|Rathanegren has 5 seconds left.
|
|t:|1750828726
|-end|p1a: Iron Hands|Quark Drive|[silent]
|switch|p1a: Gholdengo|Gholdengo, L50|100/100
|-terastallize|p2a: Zamazenta|Dragon
|move|p1b: Iron Valiant|Moonblast|p2a: Zamazenta
|-supereffective|p2a: Zamazenta
|-damage|p2a: Zamazenta|0 fnt
|faint|p2a: Zamazenta
|-damage|p1b: Iron Valiant|82/100|[from] item: Life Orb
|move|p2b: Lunala|Moonblast|p1b: Iron Valiant
|-supereffective|p1b: Iron Valiant
|-damage|p1b: Iron Valiant|0 fnt
|faint|p1b: Iron Valiant
|-end|p1b: Iron Valiant|Quark Drive|[silent]
|
|upkeep
|
|t:|1750828743
|switch|p1b: Miraidon|Miraidon, L50|100/100
|switch|p2a: Incineroar|Incineroar, L50, F|100/100
|-activate|p1b: Miraidon|ability: Hadron Engine
|-ability|p2a: Incineroar|Intimidate|boost
|-unboost|p1a: Gholdengo|atk|1
|-unboost|p1b: Miraidon|atk|1
|turn|4
|
|t:|1750828767
|-terastallize|p1a: Gholdengo|Steel
|move|p2a: Incineroar|Fake Out|p1b: Miraidon
|-damage|p1b: Miraidon|87/100
|cant|p1b: Miraidon|flinch
|move|p1a: Gholdengo|Make It Rain|p2a: Incineroar|[spread] p2a,p2b
|-resisted|p2a: Incineroar
|-damage|p2a: Incineroar|67/100
|-damage|p2b: Lunala|67/100
|-unboost|p1a: Gholdengo|spa|1
|move|p2b: Lunala|Meteor Beam||[still]
|-prepare|p2b: Lunala|Meteor Beam
|-boost|p2b: Lunala|spa|1
|-enditem|p2b: Lunala|Power Herb
|-anim|p2b: Lunala|Meteor Beam|p1b: Miraidon
|-damage|p1b: Miraidon|32/100
|
|upkeep
|turn|5
|inactive|Rathanegren has 30 seconds left.
|inactive|TheParasectKing has 30 seconds left.
|inactive|Rathanegren has 20 seconds left.
|
|t:|1750828802
|switch|p2b: Rillaboom|Rillaboom, L50, F|100/100
|-fieldstart|move: Grassy Terrain|[from] ability: Grassy Surge|[of] p2b: Rillaboom
|move|p1b: Miraidon|Electro Drift|p2b: Rillaboom
|-resisted|p2b: Rillaboom
|-damage|p2b: Rillaboom|63/100
|move|p1a: Gholdengo|Make It Rain|p2a: Incineroar|[spread] p2a,p2b
|-resisted|p2a: Incineroar
|-damage|p2a: Incineroar|47/100
|-damage|p2b: Rillaboom|0 fnt
|-unboost|p1a: Gholdengo|spa|1
|faint|p2b: Rillaboom
|move|p2a: Incineroar|Knock Off|p1b: Miraidon
|-damage|p1b: Miraidon|0 fnt
|-enditem|p1b: Miraidon|Choice Scarf|[from] move: Knock Off|[of] p2a: Incineroar
|faint|p1b: Miraidon
|
|-heal|p2a: Incineroar|52/100|[from] Grassy Terrain
|upkeep
|
|t:|1750828825
|switch|p1b: Iron Hands|Iron Hands, L50|42/100
|switch|p2b: Lunala|Lunala, L50|67/100
|turn|6
|inactive|Rathanegren has 30 seconds left.
|inactive|Rathanegren has 20 seconds left.
|inactive|Rathanegren has 15 seconds left.
|inactive|Rathanegren has 10 seconds left.
|
|t:|1750828870
|move|p1a: Gholdengo|Make It Rain|p2a: Incineroar|[spread] p2a,p2b
|-resisted|p2a: Incineroar
|-damage|p2a: Incineroar|36/100
|-damage|p2b: Lunala|37/100
|-unboost|p1a: Gholdengo|spa|1
|move|p2b: Lunala|Moonblast|p1b: Iron Hands
|-supereffective|p1b: Iron Hands
|-damage|p1b: Iron Hands|0 fnt
|faint|p1b: Iron Hands
|-end|p1b: Iron Hands|Quark Drive|[silent]
|move|p2a: Incineroar|Flare Blitz|p1a: Gholdengo
|-supereffective|p1a: Gholdengo
|-damage|p1a: Gholdengo|0 fnt
|faint|p1a: Gholdengo
|-damage|p2a: Incineroar|6/100|[from] Recoil
|
|win|TheParasectKing
|raw|Rathanegren's rating: 1196 &rarr; <strong>1180</strong><br />(-16 for losing)
|raw|TheParasectKing's rating: 1329 &rarr; <strong>1342</strong><br />(+13 for winning)
|l|☆TheParasectKing
|player|p2|
