|j|☆HarrietThugman
|j|☆Captain7378
|t:|1750861046
|gametype|doubles
|player|p1|HarrietThugman|102|1137
|player|p2|Captain7378|chuck|1197
|teamsize|p1|6
|teamsize|p2|6
|gen|9
|tier|[Gen 9] VGC 2025 Reg I
|rated|
|rule|Species Clause: Limit one of each Pokémon
|rule|Item Clause: Limit 1 of each item
|clearpoke
|poke|p1|Calyrex-Shadow, L50|
|poke|p1|Chi-Yu, L50|
|poke|p1|Minior, L50|
|poke|p1|Zacian-*, L50|
|poke|p1|Flutter Mane, L50|
|poke|p1|Rillaboom, L50, F|
|poke|p2|Calyrex-Shadow, L50|
|poke|p2|Incineroar, L50, F|
|poke|p2|Zamazenta-*, L50|
|poke|p2|Rillaboom, L50, M|
|poke|p2|Farigiraf, L50, F|
|poke|p2|Urshifu-*, L50, F|
|teampreview|4
|inactive|Battle timer is ON: inactive players will automatically lose when time's up. (requested by Captain7378)
|inactive|HarrietThugman has 60 seconds left.
|
|t:|1750861084
|start
|switch|p1a: Minior|Minior, L50|100/100
|switch|p1b: Rillaboom|Rillaboom, L50, F|100/100
|switch|p2a: Incineroar|Incineroar, L50, F|100/100
|switch|p2b: Calyrex|Calyrex-Shadow, L50|100/100
|-ability|p2b: Calyrex|As One
|-ability|p2b: Calyrex|Unnerve
|-fieldstart|move: Grassy Terrain|[from] ability: Grassy Surge|[of] p1b: Rillaboom
|-ability|p2a: Incineroar|Intimidate|boost
|-unboost|p1a: Minior|atk|1
|-unboost|p1b: Rillaboom|atk|1
|-formechange|p1a: Minior|Minior-Meteor||[from] ability: Shields Down
|turn|1
|
|t:|1750861099
|-terastallize|p1b: Rillaboom|Dark
|move|p2a: Incineroar|Fake Out|p1b: Rillaboom
|-crit|p1b: Rillaboom
|-damage|p1b: Rillaboom|86/100
|move|p2b: Calyrex|Astral Barrage|p1b: Rillaboom|[spread] p1a,p1b
|-resisted|p1b: Rillaboom
|-damage|p1a: Minior|0 fnt
|-damage|p1b: Rillaboom|39/100
|faint|p1a: Minior
|-ability|p2b: Calyrex|Grim Neigh|boost
|-boost|p2b: Calyrex|spa|1
|-damage|p2b: Calyrex|91/100|[from] item: Life Orb
|move|p1b: Rillaboom|Knock Off|p2b: Calyrex
|-supereffective|p2b: Calyrex
|-damage|p2b: Calyrex|0 fnt
|-enditem|p2b: Calyrex|Life Orb|[from] move: Knock Off|[of] p1b: Rillaboom
|faint|p2b: Calyrex
|
|-heal|p1b: Rillaboom|44/100|[from] Grassy Terrain
|upkeep
|
|t:|1750861119
|switch|p2b: Urshifu|Urshifu-Rapid-Strike, L50, F|100/100
|switch|p1a: Calyrex|Calyrex-Shadow, L50|100/100
|-ability|p1a: Calyrex|As One
|-ability|p1a: Calyrex|Unnerve
|turn|2
|inactive|HarrietThugman has 30 seconds left.
|inactive|Captain7378 has 30 seconds left.
|
|t:|1750861161
|-terastallize|p2b: Urshifu|Water
|move|p2b: Urshifu|Aqua Jet|p1b: Rillaboom
|-damage|p1b: Rillaboom|12/100
|move|p1b: Rillaboom|Grassy Glide|p2b: Urshifu
|-supereffective|p2b: Urshifu
|-damage|p2b: Urshifu|43/100
|move|p1a: Calyrex|Astral Barrage|p2a: Incineroar|[spread] p2a,p2b
|-resisted|p2a: Incineroar
|-damage|p2a: Incineroar|76/100
|-damage|p2b: Urshifu|0 fnt
|faint|p2b: Urshifu
|-ability|p1a: Calyrex|Grim Neigh|boost
|-boost|p1a: Calyrex|spa|1
|move|p2a: Incineroar|Knock Off|p1a: Calyrex
|-supereffective|p1a: Calyrex
|-enditem|p1a: Calyrex|Focus Sash
|-damage|p1a: Calyrex|1/100
|
|-heal|p1a: Calyrex|7/100|[from] Grassy Terrain
|-heal|p1b: Rillaboom|18/100|[from] Grassy Terrain
|-heal|p2a: Incineroar|82/100|[from] Grassy Terrain
|upkeep
|
|t:|1750861180
|switch|p2b: Zamazenta|Zamazenta-Crowned, L50|100/100
|-ability|p2b: Zamazenta|Dauntless Shield|boost
|-boost|p2b: Zamazenta|def|1
|turn|3
|
|t:|1750861190
|switch|p1b: Zacian|Zacian-Crowned, L50|100/100
|-ability|p1b: Zacian|Intrepid Sword|boost
|-boost|p1b: Zacian|atk|1
|move|p1a: Calyrex|Protect|p1a: Calyrex
|-singleturn|p1a: Calyrex|Protect
|move|p2b: Zamazenta|Wide Guard|p2b: Zamazenta
|-singleturn|p2b: Zamazenta|Wide Guard
|move|p2a: Incineroar|Flare Blitz|p1b: Zacian
|-supereffective|p1b: Zacian
|-damage|p1b: Zacian|14/100
|-damage|p2a: Incineroar|56/100|[from] Recoil
|
|-heal|p1a: Calyrex|12/100|[from] Grassy Terrain
|-heal|p1b: Zacian|20/100|[from] Grassy Terrain
|-heal|p2a: Incineroar|62/100|[from] Grassy Terrain
|upkeep
|turn|4
|
|t:|1750861216
|move|p2b: Zamazenta|Wide Guard|p2b: Zamazenta
|-singleturn|p2b: Zamazenta|Wide Guard
|move|p1a: Calyrex|Draining Kiss|p2a: Incineroar
|-damage|p2a: Incineroar|33/100
|-heal|p1a: Calyrex|35/100|[from] drain|[of] p2a: Incineroar
|move|p1b: Zacian|Brick Break|p2a: Incineroar
|-supereffective|p2a: Incineroar
|-damage|p2a: Incineroar|0 fnt
|faint|p2a: Incineroar
|
|-heal|p1a: Calyrex|41/100|[from] Grassy Terrain
|-heal|p1b: Zacian|25/100|[from] Grassy Terrain
|upkeep
|turn|5
|-message|Captain7378 forfeited.
|
|win|HarrietThugman
|raw|HarrietThugman's rating: 1137 &rarr; <strong>1166</strong><br />(+29 for winning)
|raw|Captain7378's rating: 1197 &rarr; <strong>1168</strong><br />(-29 for losing)
|l|☆Captain7378
|player|p2|
|l|☆HarrietThugman
|player|p1|
