|j|☆KilamanolaVGC
|j|☆brunooo11._
|t:|1750781137
|gametype|doubles
|player|p1|KilamanolaVGC|red|1160
|player|p2|brunooo11._|pokemaniac|1126
|teamsize|p1|6
|teamsize|p2|6
|gen|9
|tier|[Gen 9] VGC 2025 Reg I
|rated|
|rule|Species Clause: Limit one of each Pokémon
|rule|Item Clause: Limit 1 of each item
|clearpoke
|poke|p1|Noivern, L50, F|
|poke|p1|Shiftry, L50, M|
|poke|p1|Calyrex-Shadow, L50|
|poke|p1|Zamazenta-*, L50|
|poke|p1|Chi-Yu, L50|
|poke|p1|Urshifu-*, L50, M|
|poke|p2|Calyrex-Ice, L50|
|poke|p2|Miraidon, L50|
|poke|p2|Grimmsnarl, L50, M|
|poke|p2|Urshifu-*, L50, F|
|poke|p2|Incineroar, L50, F|
|poke|p2|Landorus, L50, M|
|teampreview|4
|inactive|Battle timer is ON: inactive players will automatically lose when time's up. (requested by KilamanolaVGC)
brunooo11._ rejected open team sheets.
|
|t:|1750781162
|start
|switch|p1a: Shiftry|Shiftry, L50, M, shiny|100/100
|switch|p1b: Urshifu|Urshifu-Rapid-Strike, L50, M|100/100
|switch|p2a: Grimmsnarl|Grimmsnarl, L50, M|100/100
|switch|p2b: Incineroar|Incineroar, L50, F|100/100
|-ability|p2b: Incineroar|Intimidate|boost
|-unboost|p1a: Shiftry|atk|1
|-unboost|p1b: Urshifu|atk|1
|turn|1
|
|t:|1750781174
|-terastallize|p1b: Urshifu|Water
|move|p1a: Shiftry|Fake Out|p2a: Grimmsnarl
|-enditem|p1a: Shiftry|Normal Gem|[from] gem
|-damage|p2a: Grimmsnarl|89/100
|cant|p2a: Grimmsnarl|flinch
|move|p1b: Urshifu|Surging Strikes|p2a: Grimmsnarl
|-crit|p2a: Grimmsnarl
|-damage|p2a: Grimmsnarl|60/100
|-crit|p2a: Grimmsnarl
|-damage|p2a: Grimmsnarl|28/100
|-crit|p2a: Grimmsnarl
|-damage|p2a: Grimmsnarl|0 fnt
|faint|p2a: Grimmsnarl
|-hitcount|p2: Grimmsnarl|3
|move|p2b: Incineroar|U-turn|p1a: Shiftry
|-supereffective|p1a: Shiftry
|-damage|p1a: Shiftry|0 fnt
|faint|p1a: Shiftry
|
|t:|1750781187
|switch|p2b: Miraidon|Miraidon, L50|100/100|[from] U-turn
|-fieldstart|move: Electric Terrain|[from] ability: Hadron Engine|[of] p2b: Miraidon
|
|upkeep
|
|t:|1750781194
|switch|p1a: Noivern|Noivern, L50, F, shiny|100/100
|switch|p2a: Incineroar|Incineroar, L50, F|100/100
|-ability|p2a: Incineroar|Intimidate|boost
|-unboost|p1a: Noivern|atk|1
|-unboost|p1b: Urshifu|atk|1
|turn|2
|
|t:|1750781203
|-terastallize|p2b: Miraidon|Fairy
|move|p1b: Urshifu|Detect|p1b: Urshifu
|-singleturn|p1b: Urshifu|Protect
|move|p2a: Incineroar|Fake Out|p1b: Urshifu
|-activate|p1b: Urshifu|move: Protect
|move|p1a: Noivern|Tailwind|p1a: Noivern
|-sidestart|p1: KilamanolaVGC|move: Tailwind
|move|p2b: Miraidon|Electro Drift|p1b: Urshifu
|-activate|p1b: Urshifu|move: Protect
|
|upkeep
|turn|3
|
|t:|1750781222
|move|p1a: Noivern|Super Fang|p2b: Miraidon
|-damage|p2b: Miraidon|51/100
|move|p1b: Urshifu|Surging Strikes|p2b: Miraidon
|-crit|p2b: Miraidon
|-damage|p2b: Miraidon|25/100
|-crit|p2b: Miraidon
|-damage|p2b: Miraidon|1/100
|-crit|p2b: Miraidon
|-damage|p2b: Miraidon|0 fnt
|faint|p2b: Miraidon
|-hitcount|p2: Miraidon|3
|move|p2a: Incineroar|Knock Off|p1b: Urshifu
|-damage|p1b: Urshifu|64/100
|-enditem|p1b: Urshifu|Focus Sash|[from] move: Knock Off|[of] p2a: Incineroar
|
|upkeep
|
|t:|1750781234
|switch|p2b: Landorus|Landorus, L50, M|100/100
|turn|4
|
|t:|1750781245
|move|p1a: Noivern|Super Fang|p2a: Incineroar
|-damage|p2a: Incineroar|51/100
|move|p1b: Urshifu|Surging Strikes|p2a: Incineroar
|-supereffective|p2a: Incineroar
|-crit|p2a: Incineroar
|-damage|p2a: Incineroar|0 fnt
|faint|p2a: Incineroar
|-hitcount|p2: Incineroar|1
|move|p2b: Landorus|Sludge Bomb|p1b: Urshifu
|-damage|p1b: Urshifu|0 fnt
|faint|p1b: Urshifu
|
|upkeep
|
|t:|1750781251
|switch|p1b: Calyrex|Calyrex-Shadow, L50|100/100
|-ability|p1b: Calyrex|As One
|-ability|p1b: Calyrex|Unnerve
|turn|5
|
|t:|1750781261
|move|p1b: Calyrex|Astral Barrage|p2b: Landorus
|-damage|p2b: Landorus|24/100
|-damage|p1b: Calyrex|91/100|[from] item: Life Orb
|move|p1a: Noivern|Super Fang|p2b: Landorus
|-damage|p2b: Landorus|13/100
|move|p2b: Landorus|Taunt|p1b: Calyrex
|-start|p1b: Calyrex|move: Taunt
|
|-sideend|p1: KilamanolaVGC|move: Tailwind
|-fieldend|move: Electric Terrain
|upkeep
|turn|6
|-message|brunooo11._ forfeited.
|
|win|KilamanolaVGC
|raw|KilamanolaVGC's rating: 1160 &rarr; <strong>1183</strong><br />(+23 for winning)
|raw|brunooo11._'s rating: 1126 &rarr; <strong>1103</strong><br />(-23 for losing)
|l|☆brunooo11._
|player|p2|
|l|☆KilamanolaVGC
|player|p1|
