|j|‽Wjkelly89
|j|☆spidyyyyyyyy
|t:|1750738339
|gametype|doubles
|player|p1|Wjkelly89|crasherwake|1260
|player|p2|spidyyyyyyyy|red|1214
|teamsize|p1|6
|teamsize|p2|6
|gen|9
|tier|[Gen 9] VGC 2025 Reg I
|rated|
|rule|Species Clause: Limit one of each Pokémon
|rule|Item Clause: Limit 1 of each item
|clearpoke
|poke|p1|Incineroar, L50, M|
|poke|p1|Calyrex-Ice, L50|
|poke|p1|Dusclops, L50, F|
|poke|p1|Rillaboom, L50, F|
|poke|p1|Walking Wake, L50|
|poke|p1|Necrozma-Dusk-Mane, L50|
|poke|p2|Miraidon, L50|
|poke|p2|Calyrex-Shadow, L50|
|poke|p2|Iron Hands, L50|
|poke|p2|Amoonguss, L50, M|
|poke|p2|Chi-Yu, L50|
|poke|p2|Ting-Lu, L50|
|teampreview|4
|inactive|Battle timer is ON: inactive players will automatically lose when time's up. (requested by Wjkelly89)
|
|t:|1750738372
|start
|switch|p1a: Dusclops|Dusclops, L50, F|100/100
|switch|p1b: Rillaboom|Rillaboom, L50, F|100/100
|switch|p2a: Iron Hands|Iron Hands, L50|100/100
|switch|p2b: Amoonguss|Amoonguss, L50, M|100/100
|-fieldstart|move: Grassy Terrain|[from] ability: Grassy Surge|[of] p1b: Rillaboom
|-item|p2a: Iron Hands|Assault Vest|[from] ability: Frisk|[of] p1a: Dusclops
|-item|p2b: Amoonguss|Rocky Helmet|[from] ability: Frisk|[of] p1a: Dusclops
|turn|1
|
|t:|1750738397
|move|p1b: Rillaboom|Fake Out|p2a: Iron Hands
|-damage|p2a: Iron Hands|91/100
|cant|p2a: Iron Hands|flinch
|move|p2b: Amoonguss|Spore|p1a: Dusclops
|-status|p1a: Dusclops|slp|[from] move: Spore
|cant|p1a: Dusclops|slp
|
|-heal|p2a: Iron Hands|97/100|[from] Grassy Terrain
|upkeep
|turn|2
|
|t:|1750738413
|switch|p1b: Incineroar|Incineroar, L50, M|100/100
|-ability|p1b: Incineroar|Intimidate|boost
|-unboost|p2a: Iron Hands|atk|1
|-unboost|p2b: Amoonguss|atk|1
|move|p2a: Iron Hands|Heavy Slam|p1a: Dusclops
|-damage|p1a: Dusclops|82/100 slp
|move|p2b: Amoonguss|Pollen Puff|p1b: Incineroar
|-damage|p1b: Incineroar|83/100
|cant|p1a: Dusclops|slp
|
|-heal|p1b: Incineroar|89/100|[from] Grassy Terrain
|-heal|p2a: Iron Hands|100/100|[from] Grassy Terrain
|-heal|p1a: Dusclops|88/100 slp|[from] Grassy Terrain
|upkeep
|turn|3
|
|t:|1750738430
|move|p1b: Incineroar|Flare Blitz|p2b: Amoonguss
|-supereffective|p2b: Amoonguss
|-damage|p2b: Amoonguss|0 fnt
|-damage|p1b: Incineroar|73/100|[from] item: Rocky Helmet|[of] p2b: Amoonguss
|faint|p2b: Amoonguss
|-damage|p1b: Incineroar|37/100|[from] Recoil
|move|p2a: Iron Hands|Drain Punch|p1b: Incineroar
|-supereffective|p1b: Incineroar
|-damage|p1b: Incineroar|0 fnt
|faint|p1b: Incineroar
|-curestatus|p1a: Dusclops|slp|[msg]
|move|p1a: Dusclops|Will-O-Wisp|p2a: Iron Hands
|-status|p2a: Iron Hands|brn
|
|-heal|p1a: Dusclops|94/100|[from] Grassy Terrain
|-damage|p2a: Iron Hands|95/100 brn|[from] brn
|upkeep
|
|t:|1750738443
|switch|p1b: Calyrex|Calyrex-Ice, L50|100/100
|switch|p2b: Calyrex|Calyrex-Shadow, L50|100/100
|-ability|p2b: Calyrex|As One
|-ability|p2b: Calyrex|Unnerve
|-ability|p1b: Calyrex|As One
|-ability|p1b: Calyrex|Unnerve
|turn|4
|
|t:|1750738460
|-terastallize|p2b: Calyrex|Fairy
|-terastallize|p1a: Dusclops|Normal
|move|p1b: Calyrex|Protect|p1b: Calyrex
|-singleturn|p1b: Calyrex|Protect
|move|p2b: Calyrex|Astral Barrage|p1b: Calyrex|[spread] 
|-activate|p1b: Calyrex|move: Protect
|-immune|p1a: Dusclops
|move|p2a: Iron Hands|Heavy Slam|p1b: Calyrex
|-activate|p1b: Calyrex|move: Protect
|move|p1a: Dusclops|Trick Room|p1a: Dusclops
|-fieldstart|move: Trick Room|[of] p1a: Dusclops
|
|-heal|p1a: Dusclops|99/100|[from] Grassy Terrain
|-heal|p2a: Iron Hands|100/100 brn|[from] Grassy Terrain
|-damage|p2a: Iron Hands|95/100 brn|[from] brn
|upkeep
|turn|5
|inactive|Wjkelly89 has 30 seconds left.
|
|t:|1750738488
|move|p1a: Dusclops|Shadow Sneak|p1b: Calyrex
|-supereffective|p1b: Calyrex
|-damage|p1b: Calyrex|87/100
|-enditem|p1b: Calyrex|Weakness Policy
|-boost|p1b: Calyrex|atk|2|[from] item: Weakness Policy
|-boost|p1b: Calyrex|spa|2|[from] item: Weakness Policy
|move|p1b: Calyrex|Glacial Lance|p2a: Iron Hands|[spread] p2a,p2b
|-damage|p2a: Iron Hands|7/100 brn
|-enditem|p2b: Calyrex|Focus Sash
|-damage|p2b: Calyrex|1/100
|move|p2a: Iron Hands|Drain Punch|p1a: Dusclops
|-supereffective|p1a: Dusclops
|-damage|p1a: Dusclops|83/100
|-heal|p2a: Iron Hands|11/100 brn|[from] drain|[of] p1a: Dusclops
|move|p2b: Calyrex|Astral Barrage|p1b: Calyrex|[spread] p1b
|-immune|p1a: Dusclops
|-supereffective|p1b: Calyrex
|-damage|p1b: Calyrex|0 fnt
|faint|p1b: Calyrex
|-ability|p2b: Calyrex|Grim Neigh|boost
|-boost|p2b: Calyrex|spa|1
|
|-heal|p1a: Dusclops|89/100|[from] Grassy Terrain
|-heal|p2a: Iron Hands|17/100 brn|[from] Grassy Terrain
|-heal|p2b: Calyrex|7/100|[from] Grassy Terrain
|-damage|p2a: Iron Hands|11/100 brn|[from] brn
|-fieldend|move: Grassy Terrain
|upkeep
|
|t:|1750738498
|switch|p1b: Rillaboom|Rillaboom, L50, F|100/100
|-fieldstart|move: Grassy Terrain|[from] ability: Grassy Surge|[of] p1b: Rillaboom
|turn|6
|inactive|Wjkelly89 has 30 seconds left.
|inactive|Wjkelly89 has 20 seconds left.
|
|t:|1750738534
|move|p2b: Calyrex|Protect|p2b: Calyrex
|-singleturn|p2b: Calyrex|Protect
|move|p1b: Rillaboom|Fake Out|p2b: Calyrex
|-activate|p2b: Calyrex|move: Protect
|move|p1a: Dusclops|Shadow Sneak|p2a: Iron Hands
|-damage|p2a: Iron Hands|4/100 brn
|move|p2a: Iron Hands|Drain Punch|p1b: Rillaboom
|-damage|p1b: Rillaboom|84/100
|-heal|p2a: Iron Hands|11/100 brn|[from] drain|[of] p1b: Rillaboom
|
|-heal|p1a: Dusclops|95/100|[from] Grassy Terrain
|-heal|p2a: Iron Hands|16/100 brn|[from] Grassy Terrain
|-heal|p1b: Rillaboom|90/100|[from] Grassy Terrain
|-heal|p2b: Calyrex|12/100|[from] Grassy Terrain
|-damage|p2a: Iron Hands|11/100 brn|[from] brn
|upkeep
|turn|7
|
|t:|1750738556
|move|p1a: Dusclops|Shadow Sneak|p2a: Iron Hands
|-damage|p2a: Iron Hands|3/100 brn
|move|p2a: Iron Hands|Drain Punch|p1a: Dusclops
|-supereffective|p1a: Dusclops
|-damage|p1a: Dusclops|76/100
|-heal|p2a: Iron Hands|8/100 brn|[from] drain|[of] p1a: Dusclops
|move|p1b: Rillaboom|High Horsepower|p2b: Calyrex
|-damage|p2b: Calyrex|0 fnt
|faint|p2b: Calyrex
|
|-heal|p1a: Dusclops|82/100|[from] Grassy Terrain
|-heal|p2a: Iron Hands|14/100 brn|[from] Grassy Terrain
|-heal|p1b: Rillaboom|95/100|[from] Grassy Terrain
|-damage|p2a: Iron Hands|8/100 brn|[from] brn
|upkeep
|
|t:|1750738565
|switch|p2b: Chi-Yu|Chi-Yu, L50|100/100
|-ability|p2b: Chi-Yu|Beads of Ruin
|turn|8
|
|t:|1750738584
|move|p1a: Dusclops|Shadow Sneak|p2a: Iron Hands
|-damage|p2a: Iron Hands|0 fnt
|faint|p2a: Iron Hands
|-end|p2a: Iron Hands|Quark Drive|[silent]
|move|p1b: Rillaboom|High Horsepower|p2b: Chi-Yu
|-supereffective|p2b: Chi-Yu
|-damage|p2b: Chi-Yu|0 fnt
|faint|p2b: Chi-Yu
|
|win|Wjkelly89
|raw|Wjkelly89's rating: 1260 &rarr; <strong>1282</strong><br />(+22 for winning)
|raw|spidyyyyyyyy's rating: 1214 &rarr; <strong>1192</strong><br />(-22 for losing)
|l|☆spidyyyyyyyy
|player|p2|
|l|‽Wjkelly89
|player|p1|
