|j|☆RustyTacos27
|j|☆azzazzl
|t:|1750861138
|gametype|doubles
|player|p1|RustyTacos27|266|1541
|player|p2|azzazzl|dawn|1620
|teamsize|p1|6
|teamsize|p2|6
|gen|9
|tier|[Gen 9] VGC 2025 Reg I
|rated|
|rule|Species Clause: Limit one of each Pokémon
|rule|Item Clause: Limit 1 of each item
|clearpoke
|poke|p1|Kyogre, L50|
|poke|p1|Calyrex-Shadow, L50|
|poke|p1|Indeedee-F, L50, F|
|poke|p1|Urshifu-*, L50, F|
|poke|p1|Grimmsnarl, L50, M|
|poke|p1|Bruxish, L50, F|
|poke|p2|Calyrex-Ice, L50|
|poke|p2|Kyogre, L50|
|poke|p2|Brute Bonnet, L50|
|poke|p2|Indeedee-F, L50, F|
|poke|p2|Gallade, L50, M|
|poke|p2|Ursaluna, L50, M|
|teampreview|4
|
|t:|1750861159
|start
|switch|p1a: Calyrex|Calyrex-Shadow, L50|100/100
|switch|p1b: Bruxish|Bruxish, L50, F|100/100
|switch|p2a: Calyrex|Calyrex-Ice, L50|100/100
|switch|p2b: Gallade|Gallade, L50, M|100/100
|-ability|p1a: Calyrex|As One
|-ability|p1a: Calyrex|Unnerve
|-ability|p2a: Calyrex|As One
|-ability|p2a: Calyrex|Unnerve
|turn|1
|
|t:|1750861198
|-terastallize|p2a: Calyrex|Dragon
|move|p2b: Gallade|Wide Guard|p2b: Gallade
|-singleturn|p2b: Gallade|Wide Guard
|move|p1b: Bruxish|Super Fang|p2a: Calyrex
|-damage|p2a: Calyrex|51/100
|move|p1a: Calyrex|Expanding Force|p2a: Calyrex
|-damage|p2a: Calyrex|16/100
|move|p2a: Calyrex|Trick Room|p2a: Calyrex
|-fieldstart|move: Trick Room|[of] p2a: Calyrex
|
|upkeep
|turn|2
|
|t:|1750861217
|switch|p1b: Urshifu|Urshifu-Rapid-Strike, L50, F|100/100
|-terastallize|p1a: Calyrex|Fire
|move|p2a: Calyrex|Glacial Lance|p1a: Calyrex|[spread] p1a,p1b
|-resisted|p1a: Calyrex
|-resisted|p1b: Urshifu
|-damage|p1a: Calyrex|66/100
|-damage|p1b: Urshifu|72/100
|move|p2b: Gallade|Psycho Cut|p1a: Calyrex
|-damage|p1a: Calyrex|0 fnt
|faint|p1a: Calyrex
|-damage|p2b: Gallade|91/100|[from] item: Life Orb
|
|upkeep
|
|t:|1750861231
|switch|p1a: Kyogre|Kyogre, L50|100/100
|-weather|RainDance|[from] ability: Drizzle|[of] p1a: Kyogre
|turn|3
|
|t:|1750861239
|move|p1b: Urshifu|Aqua Jet|p2a: Calyrex
|-resisted|p2a: Calyrex
|-damage|p2a: Calyrex|6/100
|move|p2a: Calyrex|Glacial Lance|p1a: Kyogre|[spread] p1a,p1b
|-resisted|p1a: Kyogre
|-resisted|p1b: Urshifu
|-damage|p1a: Kyogre|65/100
|-damage|p1b: Urshifu|43/100
|move|p2b: Gallade|Sacred Sword|p1a: Kyogre
|-damage|p1a: Kyogre|0 fnt
|faint|p1a: Kyogre
|-damage|p2b: Gallade|81/100|[from] item: Life Orb
|
|-weather|RainDance|[upkeep]
|upkeep
|
|t:|1750861244
|switch|p1a: Bruxish|Bruxish, L50, F|100/100
|turn|4
|
|t:|1750861256
|move|p1b: Urshifu|Aqua Jet|p2a: Calyrex
|-resisted|p2a: Calyrex
|-damage|p2a: Calyrex|0 fnt
|faint|p2a: Calyrex
|move|p2b: Gallade|Sacred Sword|p1b: Urshifu
|-damage|p1b: Urshifu|0 fnt
|faint|p1b: Urshifu
|-damage|p2b: Gallade|71/100|[from] item: Life Orb
|move|p1a: Bruxish|Surf|p2b: Gallade
|-damage|p2b: Gallade|37/100
|
|-weather|RainDance|[upkeep]
|upkeep
|
|t:|1750861268
|switch|p2a: Brute Bonnet|Brute Bonnet, L50|100/100
|-enditem|p2a: Brute Bonnet|Booster Energy
|-activate|p2a: Brute Bonnet|ability: Protosynthesis|[fromitem]
|-start|p2a: Brute Bonnet|protosynthesisatk
|turn|5
|
|t:|1750861276
|move|p2a: Brute Bonnet|Seed Bomb|p1a: Bruxish
|-supereffective|p1a: Bruxish
|-damage|p1a: Bruxish|0 fnt
|faint|p1a: Bruxish
|
|win|azzazzl
|raw|RustyTacos27's rating: 1541 &rarr; <strong>1525</strong><br />(-16 for losing)
|raw|azzazzl's rating: 1620 &rarr; <strong>1636</strong><br />(+16 for winning)
|l|☆RustyTacos27
|player|p1|
|l|☆azzazzl
|player|p2|
