|j|☆erik311
|j|☆yung flutty
|t:|1750808882
|gametype|doubles
|player|p1|erik311|elesa-masters|
|player|p2|yung flutty|roxie|
|teamsize|p1|6
|teamsize|p2|6
|gen|9
|tier|[Gen 9] VGC 2025 Reg I
|rated|Tournament battle
|rule|Species Clause: Limit one of each Pokémon
|rule|Item Clause: Limit 1 of each item
|raw|<div class="infobox"><details class="readmore" open><summary><strong>2 custom rules:</strong></summary> Force Open Team Sheets, !Open Team Sheets</details></div>
|clearpoke
|poke|p1|Calyrex-Ice, L50|
|poke|p1|Miraidon, L50|
|poke|p1|Volcarona, L50, F|
|poke|p1|Ogerpon-Cornerstone, L50, F|
|poke|p1|Whimsicott, L50, M|
|poke|p1|Incineroar, L50, F|
|poke|p2|Calyrex-Shadow, L50|
|poke|p2|Kyogre, L50|
|poke|p2|Incineroar, L50, F|
|poke|p2|Rillaboom, L50, F|
|poke|p2|Urshifu-*, L50, M|
|poke|p2|Roaring Moon, L50|
|teampreview|4
|showteam|p1|Calyrex-Ice||ClearAmulet|AsOneGlastrier|GlacialLance,HighHorsepower,TrickRoom,Protect||||||50|,,,,,Water]Miraidon||ChoiceSpecs|HadronEngine|ElectroDrift,DracoMeteor,DazzlingGleam,VoltSwitch||||||50|,,,,,Fairy]Volcarona||ElectricSeed|FlameBody|FieryDance,StruggleBug,QuiverDance,Protect|||F|||50|,,,,,Dragon]Ogerpon-Cornerstone||CornerstoneMask|Sturdy|IvyCudgel,PowerWhip,FollowMe,SpikyShield|||F|||50|,,,,,Rock]Whimsicott||CovertCloak|Prankster|Tailwind,Moonblast,LightScreen,Encore|||M|||50|,,,,,Water]Incineroar||AssaultVest|Intimidate|FakeOut,KnockOff,FlareBlitz,Uturn|||F|||50|,,,,,Bug
|showteam|p2|Calyrex-Shadow||FocusSash|AsOneSpectrier|AstralBarrage,Encore,Disable,Protect||||||50|,,,,,Dark]Kyogre||MysticWater|Drizzle|WaterSpout,OriginPulse,IceBeam,Protect||||||50|,,,,,Grass]Incineroar||SafetyGoggles|Intimidate|KnockOff,WillOWisp,PartingShot,FakeOut|||F|||50|,,,,,Bug]Rillaboom||AssaultVest|GrassySurge|WoodHammer,GrassyGlide,Uturn,FakeOut|||F|||50|,,,,,Fire]Urshifu-Rapid-Strike||ChoiceScarf|UnseenFist|SurgingStrikes,CloseCombat,AquaJet,Uturn|||M|||50|,,,,,Ghost]Roaring Moon||BoosterEnergy|Protosynthesis|KnockOff,Acrobatics,Tailwind,Protect||||||50|,,,,,Flying
|inactive|Battle timer is ON: inactive players will automatically lose when time's up. (requested by erik311)
|inactive|erik311 has 60 seconds left.
|inactive|yung flutty has 60 seconds left.
|inactive|erik311 has 30 seconds left.
|inactive|yung flutty has 30 seconds left.
|
|t:|1750808944
|start
|switch|p1a: Calyrex|Calyrex-Ice, L50|100/100
|switch|p1b: Incineroar|Incineroar, L50, F|100/100
|switch|p2a: Rillaboom|Rillaboom, L50, F|100/100
|switch|p2b: Kyogre|Kyogre, L50|100/100
|-ability|p1a: Calyrex|As One
|-ability|p1a: Calyrex|Unnerve
|-weather|RainDance|[from] ability: Drizzle|[of] p2b: Kyogre
|-fieldstart|move: Grassy Terrain|[from] ability: Grassy Surge|[of] p2a: Rillaboom
|-ability|p1b: Incineroar|Intimidate|boost
|-unboost|p2a: Rillaboom|atk|1
|-unboost|p2b: Kyogre|atk|1
|turn|1
|inactive|erik311 has 30 seconds left.
|inactive|yung flutty has 30 seconds left.
|inactive|erik311 has 20 seconds left.
|
|t:|1750808983
|switch|p1b: Miraidon|Miraidon, L50|100/100
|-fieldstart|move: Electric Terrain|[from] ability: Hadron Engine|[of] p1b: Miraidon
|move|p1a: Calyrex|Protect|p1a: Calyrex
|-singleturn|p1a: Calyrex|Protect
|move|p2b: Kyogre|Water Spout|p1a: Calyrex|[spread] p1b
|-activate|p1a: Calyrex|move: Protect
|-resisted|p1b: Miraidon
|-damage|p1b: Miraidon|49/100
|move|p2a: Rillaboom|U-turn|p1a: Calyrex
|-activate|p1a: Calyrex|move: Protect
|
|-weather|RainDance|[upkeep]
|upkeep
|turn|2
|inactive|erik311 has 30 seconds left.
|inactive|erik311 has 20 seconds left.
|inactive|erik311 has 15 seconds left.
|inactive|erik311 has 10 seconds left.
|
|t:|1750809032
|move|p2b: Kyogre|Protect|p2b: Kyogre
|-singleturn|p2b: Kyogre|Protect
|move|p1b: Miraidon|Draco Meteor|p2b: Kyogre
|-activate|p2b: Kyogre|move: Protect
|move|p2a: Rillaboom|U-turn|p1a: Calyrex
|-supereffective|p1a: Calyrex
|-damage|p1a: Calyrex|81/100
|
|t:|1750809043
|switch|p2a: Incineroar|Incineroar, L50, F|100/100|[from] U-turn
|-ability|p2a: Incineroar|Intimidate|boost
|-fail|p1a: Calyrex|unboost|[from] item: Clear Amulet|[of] p1a: Calyrex
|-unboost|p1b: Miraidon|atk|1
|move|p1a: Calyrex|Glacial Lance|p2b: Kyogre|[spread] p2a
|-activate|p2b: Kyogre|move: Protect
|-resisted|p2a: Incineroar
|-damage|p2a: Incineroar|81/100
|
|-weather|RainDance|[upkeep]
|upkeep
|turn|3
|inactive|erik311 has 30 seconds left.
|
|t:|1750809070
|switch|p1b: Ogerpon|Ogerpon-Cornerstone, L50, F|100/100
|move|p1a: Calyrex|Protect|p1a: Calyrex
|-singleturn|p1a: Calyrex|Protect
|move|p2a: Incineroar|Fake Out|p1b: Ogerpon
|-resisted|p1b: Ogerpon
|-damage|p1b: Ogerpon|93/100
|move|p2b: Kyogre|Water Spout|p1a: Calyrex|[spread] p1b
|-activate|p1a: Calyrex|move: Protect
|-damage|p1b: Ogerpon|0 fnt
|faint|p1b: Ogerpon
|
|-weather|RainDance|[upkeep]
|upkeep
|
|t:|1750809076
|switch|p1b: Miraidon|Miraidon, L50|49/100
|-activate|p1b: Miraidon|ability: Hadron Engine
|turn|4
|j| TViewierVGC
|inactive|yung flutty has 30 seconds left.
|inactive|yung flutty has 20 seconds left.
|
|t:|1750809114
|-terastallize|p1a: Calyrex|Water
|move|p2b: Kyogre|Protect|p2b: Kyogre
|-singleturn|p2b: Kyogre|Protect
|move|p1b: Miraidon|Volt Switch|p2a: Incineroar
|-damage|p2a: Incineroar|0 fnt
|faint|p2a: Incineroar
|
|t:|1750809117
|switch|p1b: Incineroar|Incineroar, L50, F|100/100|[from] Volt Switch
|-ability|p1b: Incineroar|Intimidate|boost
|-unboost|p2b: Kyogre|atk|1
|move|p1a: Calyrex|Trick Room|p1a: Calyrex
|-fieldstart|move: Trick Room|[of] p1a: Calyrex
|
|-weather|RainDance|[upkeep]
|upkeep
|
|t:|1750809125
|switch|p2a: Calyrex|Calyrex-Shadow, L50|100/100
|-ability|p2a: Calyrex|As One
|-ability|p2a: Calyrex|Unnerve
|turn|5
|inactive|erik311 has 30 seconds left.
|
|t:|1750809156
|move|p1a: Calyrex|Glacial Lance|p2a: Calyrex|[spread] p2a,p2b
|-resisted|p2b: Kyogre
|-damage|p2a: Calyrex|46/100
|-damage|p2b: Kyogre|74/100
|move|p1b: Incineroar|Knock Off|p2b: Kyogre
|-damage|p2b: Kyogre|38/100
|-enditem|p2b: Kyogre|Mystic Water|[from] move: Knock Off|[of] p1b: Incineroar
|move|p2b: Kyogre|Origin Pulse|p1b: Incineroar|[spread] p1b
|-miss|p2b: Kyogre|p1a: Calyrex
|-supereffective|p1b: Incineroar
|-damage|p1b: Incineroar|0 fnt
|faint|p1b: Incineroar
|move|p2a: Calyrex|Disable|p1a: Calyrex
|-start|p1a: Calyrex|Disable|Glacial Lance
|
|-weather|none
|-fieldend|move: Electric Terrain
|upkeep
|
|t:|1750809160
|switch|p1b: Miraidon|Miraidon, L50|49/100
|-fieldstart|move: Electric Terrain|[from] ability: Hadron Engine|[of] p1b: Miraidon
|turn|6
|
|t:|1750809182
|switch|p2a: Rillaboom|Rillaboom, L50, F|100/100
|-fieldstart|move: Grassy Terrain|[from] ability: Grassy Surge|[of] p2a: Rillaboom
|move|p2b: Kyogre|Protect|p2b: Kyogre
|-singleturn|p2b: Kyogre|Protect
|move|p1a: Calyrex|High Horsepower|p2b: Kyogre
|-activate|p2b: Kyogre|move: Protect
|move|p1b: Miraidon|Electro Drift|p2a: Rillaboom
|-resisted|p2a: Rillaboom
|-damage|p2a: Rillaboom|70/100
|
|-heal|p1a: Calyrex|87/100|[from] Grassy Terrain
|-heal|p2a: Rillaboom|77/100|[from] Grassy Terrain
|-heal|p2b: Kyogre|45/100|[from] Grassy Terrain
|-heal|p1b: Miraidon|55/100|[from] Grassy Terrain
|upkeep
|turn|7
|
|t:|1750809202
|move|p2a: Rillaboom|Fake Out|p1a: Calyrex
|-damage|p1a: Calyrex|78/100
|cant|p1a: Calyrex|flinch
|move|p2b: Kyogre|Ice Beam|p1b: Miraidon
|-supereffective|p1b: Miraidon
|-damage|p1b: Miraidon|0 fnt
|faint|p1b: Miraidon
|
|-heal|p1a: Calyrex|84/100|[from] Grassy Terrain
|-heal|p2a: Rillaboom|83/100|[from] Grassy Terrain
|-heal|p2b: Kyogre|51/100|[from] Grassy Terrain
|upkeep
|turn|8
|-message|erik311 forfeited.
|
|win|yung flutty
|n|☆erik311|erik311
|n|☆yung flutty|yungflutty
|n| TViewierVGC|tviewiervgc
