|j|☆Salsbug
|j|☆Donkeep
|t:|1750825771
|gametype|doubles
|player|p1|Salsbug|cynthia-gen4|1145
|player|p2|Donkeep|fisherman-gen4|1098
|teamsize|p1|6
|teamsize|p2|6
|gen|9
|tier|[Gen 9] VGC 2025 Reg I
|rated|
|rule|Species Clause: Limit one of each Pokémon
|rule|Item Clause: Limit 1 of each item
|clearpoke
|poke|p1|Lunala, L50|
|poke|p1|Groudon, L50|
|poke|p1|Venusaur, L50, F|
|poke|p1|Ogerpon-Wellspring, L50, F|
|poke|p1|Flutter Mane, L50|
|poke|p1|Incineroar, L50, F|
|poke|p2|Calyrex-Shadow, L50|
|poke|p2|Koraidon, L50|
|poke|p2|Incineroar, L50, F|
|poke|p2|Whimsicott, L50, M|
|poke|p2|Bastiodon, L50, M|
|poke|p2|Clawitzer, L50, M|
|teampreview|4
|inactive|Battle timer is ON: inactive players will automatically lose when time's up. (requested by Donkeep)
|inactive|Donkeep has 60 seconds left.
|
|t:|1750825823
|start
|switch|p1a: Groudon|Groudon, L50|100/100
|switch|p1b: Flutter Mane|Flutter Mane, L50|100/100
|switch|p2a: Calyrex|Calyrex-Shadow, L50|100/100
|switch|p2b: Incineroar|Incineroar, L50, F|100/100
|-ability|p2a: Calyrex|As One
|-ability|p2a: Calyrex|Unnerve
|-weather|SunnyDay|[from] ability: Drought|[of] p1a: Groudon
|-activate|p1b: Flutter Mane|ability: Protosynthesis
|-start|p1b: Flutter Mane|protosynthesisspe
|-ability|p2b: Incineroar|Intimidate|boost
|-unboost|p1a: Groudon|atk|1
|-unboost|p1b: Flutter Mane|atk|1
|turn|1
|inactive|Donkeep has 30 seconds left.
|
|t:|1750825850
|move|p1a: Groudon|Protect|p1a: Groudon
|-singleturn|p1a: Groudon|Protect
|move|p1b: Flutter Mane|Shadow Ball|p2a: Calyrex
|-supereffective|p2a: Calyrex
|-enditem|p2a: Calyrex|Focus Sash
|-damage|p2a: Calyrex|1/100
|move|p2a: Calyrex|Astral Barrage|p1a: Groudon|[spread] p1b
|-activate|p1a: Groudon|move: Protect
|-supereffective|p1b: Flutter Mane
|-damage|p1b: Flutter Mane|0 fnt
|faint|p1b: Flutter Mane
|-end|p1b: Flutter Mane|Protosynthesis|[silent]
|-ability|p2a: Calyrex|Grim Neigh|boost
|-boost|p2a: Calyrex|spa|1
|move|p2b: Incineroar|Knock Off|p1a: Groudon
|-activate|p1a: Groudon|move: Protect
|
|-weather|SunnyDay|[upkeep]
|upkeep
|
|t:|1750825856
|switch|p1b: Venusaur|Venusaur, L50, F|100/100
|turn|2
|inactive|Donkeep has 30 seconds left.
|
|t:|1750825882
|-terastallize|p2a: Calyrex|Ghost
|move|p1b: Venusaur|Weather Ball|p2a: Calyrex
|-damage|p2a: Calyrex|0 fnt
|faint|p2a: Calyrex
|-damage|p1b: Venusaur|91/100|[from] item: Life Orb
|move|p1a: Groudon|Precipice Blades|p2b: Incineroar
|-supereffective|p2b: Incineroar
|-damage|p2b: Incineroar|8/100
|move|p2b: Incineroar|Knock Off|p1a: Groudon
|-damage|p1a: Groudon|61/100
|-enditem|p1a: Groudon|Heat Rock|[from] move: Knock Off|[of] p2b: Incineroar
|
|-weather|SunnyDay|[upkeep]
|upkeep
|
|t:|1750825900
|switch|p2a: Koraidon|Koraidon, L50|100/100
|-activate|p2a: Koraidon|ability: Orichalcum Pulse
|turn|3
|inactive|Salsbug has 30 seconds left.
|
|t:|1750825933
|move|p1b: Venusaur|Growth|p1b: Venusaur
|-boost|p1b: Venusaur|atk|2
|-boost|p1b: Venusaur|spa|2
|move|p2a: Koraidon|Flare Blitz|p1b: Venusaur
|-supereffective|p1b: Venusaur
|-damage|p1b: Venusaur|0 fnt
|faint|p1b: Venusaur
|-damage|p2a: Koraidon|74/100|[from] Recoil
|-damage|p2a: Koraidon|64/100|[from] item: Life Orb
|move|p1a: Groudon|Precipice Blades|p2a: Koraidon|[spread] p2a,p2b
|-supereffective|p2b: Incineroar
|-damage|p2a: Koraidon|35/100
|-damage|p2b: Incineroar|0 fnt
|faint|p2b: Incineroar
|
|-weather|SunnyDay|[upkeep]
|upkeep
|
|t:|1750825950
|switch|p1b: Ogerpon|Ogerpon-Wellspring, L50, F|100/100
|switch|p2b: Clawitzer|Clawitzer, L50, M|100/100
|turn|4
|
|t:|1750825965
|-terastallize|p1a: Groudon|Grass
|move|p2a: Koraidon|Protect|p2a: Koraidon
|-singleturn|p2a: Koraidon|Protect
|move|p1b: Ogerpon|Spiky Shield|p1b: Ogerpon
|-singleturn|p1b: Ogerpon|move: Protect
|move|p1a: Groudon|Precipice Blades|p2a: Koraidon|[spread] p2b
|-activate|p2a: Koraidon|move: Protect
|-damage|p2b: Clawitzer|63/100
|move|p2b: Clawitzer|Ice Beam|p1a: Groudon
|-supereffective|p1a: Groudon
|-damage|p1a: Groudon|0 fnt
|faint|p1a: Groudon
|
|-weather|SunnyDay|[upkeep]
|upkeep
|turn|5
|
|t:|1750825989
|move|p2a: Koraidon|Close Combat|p1b: Ogerpon
|-damage|p1b: Ogerpon|0 fnt
|-unboost|p2a: Koraidon|def|1
|-unboost|p2a: Koraidon|spd|1
|faint|p1b: Ogerpon
|-damage|p2a: Koraidon|25/100|[from] item: Life Orb
|
|win|Donkeep
|raw|Salsbug's rating: 1145 &rarr; <strong>1117</strong><br />(-28 for losing)
|raw|Donkeep's rating: 1098 &rarr; <strong>1127</strong><br />(+29 for winning)
|l|☆Salsbug
|player|p1|
|l|☆Donkeep
|player|p2|
