|j|☆504smokemon
|j|☆GeAR5hift
|t:|1750711142
|gametype|doubles
|player|p1|504smokemon|hoopster|1088
|player|p2|GeAR5hift|blaine|1123
|teamsize|p1|6
|teamsize|p2|6
|gen|9
|tier|[Gen 9] VGC 2025 Reg I
|rated|
|rule|Species Clause: Limit one of each Pokémon
|rule|Item Clause: Limit 1 of each item
|clearpoke
|poke|p1|Incineroar, L50, F|
|poke|p1|Rillaboom, L50, F|
|poke|p1|Miraidon, L50|
|poke|p1|Grimmsnarl, L50, M|
|poke|p1|Ogerpon-Wellspring, L50, F|
|poke|p1|Lunala, L50|
|poke|p2|Scream Tail, L50|
|poke|p2|Koraidon, L50|
|poke|p2|Flutter Mane, L50|
|poke|p2|Venusaur, L50, M|
|poke|p2|Rillaboom, L50, M|
|poke|p2|Incineroar, L50, M|
|teampreview|4
|
|t:|1750711185
|start
|switch|p1a: Rillaboom|Rillaboom, L50, F|100/100
|switch|p1b: Miraidon|Miraidon, L50|100/100
|switch|p2a: Koraidon|Koraidon, L50|100/100
|switch|p2b: Venusaur|Venusaur, L50, M|100/100
|-fieldstart|move: Electric Terrain|[from] ability: Hadron Engine|[of] p1b: Miraidon
|-weather|SunnyDay|[from] ability: Orichalcum Pulse|[of] p2a: Koraidon
|-activate|p2a: Koraidon|Orichalcum Pulse|[source]
|-fieldstart|move: Grassy Terrain|[from] ability: Grassy Surge|[of] p1a: Rillaboom
|turn|1
|
|t:|1750711219
|move|p2a: Koraidon|Protect|p2a: Koraidon
|-singleturn|p2a: Koraidon|Protect
|move|p1a: Rillaboom|Fake Out|p2a: Koraidon
|-activate|p2a: Koraidon|move: Protect
|move|p1b: Miraidon|Draco Meteor|p2a: Koraidon
|-activate|p2a: Koraidon|move: Protect
|move|p2b: Venusaur|Solar Beam||[still]
|-prepare|p2b: Venusaur|Solar Beam
|-anim|p2b: Venusaur|Solar Beam|p1b: Miraidon
|-resisted|p1b: Miraidon
|-damage|p1b: Miraidon|68/100
|
|-weather|SunnyDay|[upkeep]
|-heal|p1b: Miraidon|74/100|[from] Grassy Terrain
|upkeep
|turn|2
|
|t:|1750711257
|-terastallize|p2a: Koraidon|Fire
|move|p1b: Miraidon|Draco Meteor|p2a: Koraidon
|-damage|p2a: Koraidon|32/100
|-unboost|p1b: Miraidon|spa|2
|move|p2b: Venusaur|Sludge Bomb|p1a: Rillaboom
|-supereffective|p1a: Rillaboom
|-damage|p1a: Rillaboom|48/100
|move|p2a: Koraidon|Flare Blitz|p1b: Miraidon
|-resisted|p1b: Miraidon
|-damage|p1b: Miraidon|0 fnt
|faint|p1b: Miraidon
|-damage|p2a: Koraidon|6/100|[from] Recoil
|-damage|p2a: Koraidon|0 fnt|[from] item: Life Orb
|faint|p2a: Koraidon
|move|p1a: Rillaboom|U-turn|p2b: Venusaur
|-damage|p2b: Venusaur|78/100
|
|t:|1750711284
|switch|p1a: Lunala|Lunala, L50|100/100|[from] U-turn
|
|-weather|SunnyDay|[upkeep]
|-heal|p2b: Venusaur|83/100|[from] Grassy Terrain
|upkeep
|
|t:|1750711302
|switch|p2a: Scream Tail|Scream Tail, L50|100/100
|switch|p1b: Grimmsnarl|Grimmsnarl, L50, M|100/100
|-activate|p2a: Scream Tail|ability: Protosynthesis
|-start|p2a: Scream Tail|protosynthesisspe
|turn|3
|
|t:|1750711329
|move|p2a: Scream Tail|Protect|p2a: Scream Tail
|-singleturn|p2a: Scream Tail|Protect
|move|p1b: Grimmsnarl|Light Screen|p1b: Grimmsnarl
|-sidestart|p1: 504smokemon|move: Light Screen
|move|p2b: Venusaur|Solar Beam||[still]
|-prepare|p2b: Venusaur|Solar Beam
|-anim|p2b: Venusaur|Solar Beam|p1a: Lunala
|-damage|p1a: Lunala|83/100
|move|p1a: Lunala|Moongeist Beam|p2b: Venusaur
|-damage|p2b: Venusaur|36/100
|
|-weather|SunnyDay|[upkeep]
|-heal|p2b: Venusaur|42/100|[from] Grassy Terrain
|-heal|p1a: Lunala|89/100|[from] Grassy Terrain
|-heal|p1a: Lunala|96/100|[from] item: Leftovers
|upkeep
|turn|4
|
|t:|1750711360
|move|p2a: Scream Tail|Disable|p1a: Lunala
|-start|p1a: Lunala|Disable|Moongeist Beam
|move|p2b: Venusaur|Giga Drain|p1b: Grimmsnarl
|-damage|p1b: Grimmsnarl|73/100
|-heal|p2b: Venusaur|57/100|[from] drain|[of] p1b: Grimmsnarl
|cant|p1a: Lunala|Disable|Moongeist Beam
|move|p1b: Grimmsnarl|Spirit Break|p2a: Scream Tail
|-damage|p2a: Scream Tail|77/100
|-unboost|p2a: Scream Tail|spa|1
|
|-weather|SunnyDay|[upkeep]
|-heal|p2a: Scream Tail|83/100|[from] Grassy Terrain
|-heal|p2b: Venusaur|63/100|[from] Grassy Terrain
|-heal|p1a: Lunala|100/100|[from] Grassy Terrain
|-heal|p1b: Grimmsnarl|79/100|[from] Grassy Terrain
|upkeep
|turn|5
|
|t:|1750711392
|move|p2a: Scream Tail|Encore|p1a: Lunala
|-start|p1a: Lunala|Encore
|move|p2b: Venusaur|Solar Beam||[still]
|-prepare|p2b: Venusaur|Solar Beam
|-anim|p2b: Venusaur|Solar Beam|p1b: Grimmsnarl
|-damage|p1b: Grimmsnarl|34/100
|cant|p1a: Lunala|Disable|Moongeist Beam
|move|p1b: Grimmsnarl|Spirit Break|p2b: Venusaur
|-resisted|p2b: Venusaur
|-damage|p2b: Venusaur|46/100
|-unboost|p2b: Venusaur|spa|1
|
|-weather|none
|-end|p2a: Scream Tail|Protosynthesis
|-heal|p2a: Scream Tail|89/100|[from] Grassy Terrain
|-heal|p2b: Venusaur|52/100|[from] Grassy Terrain
|-heal|p1b: Grimmsnarl|40/100|[from] Grassy Terrain
|-fieldend|move: Grassy Terrain
|upkeep
|turn|6
|
|t:|1750711427
|switch|p1b: Rillaboom|Rillaboom, L50, F|48/100
|-fieldstart|move: Grassy Terrain|[from] ability: Grassy Surge|[of] p1b: Rillaboom
|move|p2a: Scream Tail|Disable||[still]
|-fail|p2a: Scream Tail
|-activate|p1a: Lunala|move: Struggle
|move|p1a: Lunala|Struggle|p2b: Venusaur
|-damage|p2b: Venusaur|41/100
|-damage|p1a: Lunala|75/100|[from] recoil
|move|p2b: Venusaur|Giga Drain|p1b: Rillaboom
|-resisted|p1b: Rillaboom
|-damage|p1b: Rillaboom|42/100
|-heal|p2b: Venusaur|45/100|[from] drain|[of] p1b: Rillaboom
|
|-heal|p2a: Scream Tail|95/100|[from] Grassy Terrain
|-heal|p1a: Lunala|82/100|[from] Grassy Terrain
|-heal|p1a: Lunala|88/100|[from] item: Leftovers
|-heal|p1b: Rillaboom|48/100|[from] Grassy Terrain
|-heal|p2b: Venusaur|51/100|[from] Grassy Terrain
|upkeep
|turn|7
|
|t:|1750711467
|switch|p1a: Grimmsnarl|Grimmsnarl, L50, M|40/100
|move|p1b: Rillaboom|Fake Out|p2b: Venusaur
|-damage|p2b: Venusaur|36/100
|move|p2a: Scream Tail|Dazzling Gleam|p1a: Grimmsnarl|[spread] p1a,p1b
|-supereffective|p1a: Grimmsnarl
|-damage|p1a: Grimmsnarl|29/100
|-damage|p1b: Rillaboom|44/100
|cant|p2b: Venusaur|flinch
|
|-heal|p2a: Scream Tail|100/100|[from] Grassy Terrain
|-heal|p1b: Rillaboom|50/100|[from] Grassy Terrain
|-heal|p2b: Venusaur|42/100|[from] Grassy Terrain
|-heal|p1a: Grimmsnarl|35/100|[from] Grassy Terrain
|upkeep
|turn|8
|
|t:|1750711495
|move|p2a: Scream Tail|Encore|p1b: Rillaboom
|-start|p1b: Rillaboom|Encore
|move|p1b: Rillaboom|Fake Out||[still]
|-hint|Fake Out only works on your first turn out.
|-fail|p1b: Rillaboom
|move|p2b: Venusaur|Giga Drain|p1a: Grimmsnarl
|-damage|p1a: Grimmsnarl|18/100
|-heal|p2b: Venusaur|51/100|[from] drain|[of] p1a: Grimmsnarl
|move|p1a: Grimmsnarl|Spirit Break|p2b: Venusaur
|-resisted|p2b: Venusaur
|-damage|p2b: Venusaur|34/100
|-unboost|p2b: Venusaur|spa|1
|
|-heal|p1b: Rillaboom|56/100|[from] Grassy Terrain
|-heal|p2b: Venusaur|40/100|[from] Grassy Terrain
|-heal|p1a: Grimmsnarl|24/100|[from] Grassy Terrain
|upkeep
|turn|9
|
|t:|1750711527
|switch|p1b: Lunala|Lunala, L50|88/100
|move|p2a: Scream Tail|Dazzling Gleam|p1a: Grimmsnarl|[spread] p1a,p1b
|-supereffective|p1a: Grimmsnarl
|-damage|p1a: Grimmsnarl|12/100
|-damage|p1b: Lunala|83/100
|move|p2b: Venusaur|Giga Drain|p1a: Grimmsnarl
|-damage|p1a: Grimmsnarl|0 fnt
|-heal|p2b: Venusaur|46/100|[from] drain|[of] p1a: Grimmsnarl
|faint|p1a: Grimmsnarl
|
|-heal|p1b: Lunala|89/100|[from] Grassy Terrain
|-heal|p1b: Lunala|96/100|[from] item: Leftovers
|-heal|p2b: Venusaur|52/100|[from] Grassy Terrain
|upkeep
|
|t:|1750711544
|switch|p1a: Rillaboom|Rillaboom, L50, F|56/100
|turn|10
|
|t:|1750711574
|move|p2a: Scream Tail|Protect|p2a: Scream Tail
|-singleturn|p2a: Scream Tail|Protect
|move|p1a: Rillaboom|Fake Out|p2a: Scream Tail
|-activate|p2a: Scream Tail|move: Protect
|move|p1b: Lunala|Moongeist Beam|p2a: Scream Tail
|-activate|p2a: Scream Tail|move: Protect
|move|p2b: Venusaur|Sludge Bomb|p1a: Rillaboom
|-supereffective|p1a: Rillaboom
|-damage|p1a: Rillaboom|38/100
|
|-heal|p1b: Lunala|100/100|[from] Grassy Terrain
|-heal|p1a: Rillaboom|44/100|[from] Grassy Terrain
|-heal|p2b: Venusaur|58/100|[from] Grassy Terrain
|-sideend|p1: 504smokemon|move: Light Screen
|-fieldend|move: Grassy Terrain
|upkeep
|turn|11
|inactive|Battle timer is ON: inactive players will automatically lose when time's up. (requested by GeAR5hift)
|
|t:|1750711607
|switch|p2b: Rillaboom|Rillaboom, L50, M|100/100
|-fieldstart|move: Grassy Terrain|[from] ability: Grassy Surge|[of] p2b: Rillaboom
|move|p2a: Scream Tail|Encore|p1a: Rillaboom
|-start|p1a: Rillaboom|Encore
|move|p1b: Lunala|Moongeist Beam|p2b: Rillaboom
|-damage|p2b: Rillaboom|32/100
|move|p1a: Rillaboom|Fake Out||[still]
|-hint|Fake Out only works on your first turn out.
|-fail|p1a: Rillaboom
|
|-heal|p2b: Rillaboom|38/100|[from] Grassy Terrain
|-heal|p1a: Rillaboom|50/100|[from] Grassy Terrain
|upkeep
|turn|12
|inactive|504smokemon has 30 seconds left.
|inactive|GeAR5hift has 30 seconds left.
|
|t:|1750711640
|move|p1a: Rillaboom|Fake Out||[still]
|-hint|Fake Out only works on your first turn out.
|-fail|p1a: Rillaboom
|move|p2a: Scream Tail|Disable|p1b: Lunala
|-start|p1b: Lunala|Disable|Moongeist Beam
|move|p2b: Rillaboom|Wood Hammer|p1b: Lunala
|-damage|p1b: Lunala|71/100
|-damage|p2b: Rillaboom|27/100|[from] Recoil
|cant|p1b: Lunala|Disable|Moongeist Beam
|
|-heal|p2b: Rillaboom|33/100|[from] Grassy Terrain
|-heal|p1b: Lunala|77/100|[from] Grassy Terrain
|-heal|p1b: Lunala|84/100|[from] item: Leftovers
|-heal|p1a: Rillaboom|56/100|[from] Grassy Terrain
|upkeep
|turn|13
|
|t:|1750711664
|move|p1a: Rillaboom|Fake Out||[still]
|-hint|Fake Out only works on your first turn out.
|-fail|p1a: Rillaboom
|move|p2a: Scream Tail|Encore|p1b: Lunala
|-start|p1b: Lunala|Encore
|move|p2b: Rillaboom|Wood Hammer|p1b: Lunala
|-damage|p1b: Lunala|27/100
|-damage|p2b: Rillaboom|11/100|[from] Recoil
|cant|p1b: Lunala|Disable|Moongeist Beam
|
|-heal|p2b: Rillaboom|18/100|[from] Grassy Terrain
|-heal|p1b: Lunala|33/100|[from] Grassy Terrain
|-heal|p1b: Lunala|39/100|[from] item: Leftovers
|-heal|p1a: Rillaboom|61/100|[from] Grassy Terrain
|-end|p1a: Rillaboom|Encore
|upkeep
|turn|14
|inactive|504smokemon has 30 seconds left.
|-message|504smokemon forfeited.
|
|win|GeAR5hift
|raw|504smokemon's rating: 1088 &rarr; <strong>1067</strong><br />(-21 for losing)
|raw|GeAR5hift's rating: 1123 &rarr; <strong>1145</strong><br />(+22 for winning)
