|j|☆gundi8
|j|☆firexxzz
|t:|1750851372
|gametype|doubles
|player|p1|gundi8|ethan-gen2|1503
|player|p2|firexxzz|ghetsis|1476
|teamsize|p1|6
|teamsize|p2|6
|gen|9
|tier|[Gen 9] VGC 2025 Reg I
|rated|
|rule|Species Clause: Limit one of each Pokémon
|rule|Item Clause: Limit 1 of each item
|clearpoke
|poke|p1|Miraidon, L50|
|poke|p1|Zamazenta-*, L50|
|poke|p1|Volcarona, L50, F|
|poke|p1|Chien-Pao, L50|
|poke|p1|Rillaboom, L50, M|
|poke|p1|Ogerpon, L50, F|
|poke|p2|Calyrex-Ice, L50|
|poke|p2|Farigiraf, L50, M|
|poke|p2|Smeargle, L50, F|
|poke|p2|Maushold, L50|
|poke|p2|Kyogre, L50|
|poke|p2|Volcarona, L50, M|
|teampreview|4
|inactive|Battle timer is ON: inactive players will automatically lose when time's up. (requested by gundi8)
|inactive|gundi8 has 60 seconds left.
|inactive|firexxzz has 60 seconds left.
|inactive|gundi8 has 30 seconds left.
|inactive|gundi8 has 20 seconds left.
|inactive|gundi8 has 15 seconds left.
|inactive|gundi8 has 10 seconds left.
|inactive|gundi8 has 5 seconds left.
|inactive|firexxzz has 30 seconds left.
|
|t:|1750851473
|start
|switch|p1a: Miraidon|Miraidon, L50|100/100
|switch|p1b: Ogerpon|Ogerpon, L50, F|100/100
|switch|p2a: Smeargle|Smeargle, L50, F|100/100
|switch|p2b: Volcarona|Volcarona, L50, M|100/100
|-fieldstart|move: Electric Terrain|[from] ability: Hadron Engine|[of] p1a: Miraidon
|turn|1
|
|t:|1750851496
|move|p2a: Smeargle|Fake Out|p1a: Miraidon
|-damage|p1a: Miraidon|96/100
|cant|p1a: Miraidon|flinch
|move|p1b: Ogerpon|Taunt|p2a: Smeargle
|-start|p2a: Smeargle|move: Taunt
|move|p2b: Volcarona|Tailwind|p2b: Volcarona
|-sidestart|p2: firexxzz|move: Tailwind
|
|-ability|p2a: Smeargle|Moody|boost
|-boost|p2a: Smeargle|atk|2
|-unboost|p2a: Smeargle|spd|1
|upkeep
|turn|2
|inactive|gundi8 has 30 seconds left.
|
|t:|1750851530
|switch|p2a: Calyrex|Calyrex-Ice, L50|100/100
|-ability|p2a: Calyrex|As One
|-ability|p2a: Calyrex|Unnerve
|move|p1b: Ogerpon|Spiky Shield|p1b: Ogerpon
|-singleturn|p1b: Ogerpon|move: Protect
|move|p1a: Miraidon|Electro Drift|p2a: Calyrex
|-damage|p2a: Calyrex|53/100
|move|p2b: Volcarona|Flamethrower|p1b: Ogerpon
|-activate|p1b: Ogerpon|move: Protect
|
|upkeep
|turn|3
|
|t:|1750851550
|switch|p1b: Zamazenta|Zamazenta-Crowned, L50|100/100
|-ability|p1b: Zamazenta|Dauntless Shield|boost
|-boost|p1b: Zamazenta|def|1
|-terastallize|p1a: Miraidon|Electric
|move|p1a: Miraidon|Electro Drift|p2a: Calyrex
|-damage|p2a: Calyrex|0 fnt
|faint|p2a: Calyrex
|move|p2b: Volcarona|Flamethrower|p1b: Zamazenta
|-supereffective|p1b: Zamazenta
|-damage|p1b: Zamazenta|44/100
|-status|p1b: Zamazenta|brn
|
|-damage|p1b: Zamazenta|37/100 brn|[from] brn
|upkeep
|
|t:|1750851565
|switch|p2a: Maushold|Maushold, L50|100/100
|turn|4
|
|t:|1750851588
|-terastallize|p2a: Maushold|Normal
|move|p2a: Maushold|Population Bomb|p1a: Miraidon
|-damage|p1a: Miraidon|80/100
|-damage|p1a: Miraidon|65/100
|-damage|p1a: Miraidon|50/100
|-damage|p1a: Miraidon|34/100
|-damage|p1a: Miraidon|20/100
|-damage|p1a: Miraidon|7/100
|-damage|p1a: Miraidon|0 fnt
|faint|p1a: Miraidon
|-hitcount|p1: Miraidon|7
|move|p2b: Volcarona|Flamethrower|p1b: Zamazenta
|-supereffective|p1b: Zamazenta
|-damage|p1b: Zamazenta|0 fnt
|faint|p1b: Zamazenta
|
|-sideend|p2: firexxzz|move: Tailwind
|upkeep
|
|t:|1750851597
|switch|p1a: Chien-Pao|Chien-Pao, L50|100/100
|switch|p1b: Ogerpon|Ogerpon, L50, F|100/100
|-ability|p1a: Chien-Pao|Sword of Ruin
|turn|5
|
|t:|1750851609
|move|p2a: Maushold|Protect|p2a: Maushold
|-singleturn|p2a: Maushold|Protect
|move|p1a: Chien-Pao|Sucker Punch||[still]
|-fail|p1a: Chien-Pao
|move|p1b: Ogerpon|Ivy Cudgel|p2a: Maushold
|-activate|p2a: Maushold|move: Protect
|move|p2b: Volcarona|Tailwind|p2b: Volcarona
|-sidestart|p2: firexxzz|move: Tailwind
|
|-fieldend|move: Electric Terrain
|upkeep
|turn|6
|inactive|firexxzz has 30 seconds left.
|
|t:|1750851636
|move|p2b: Volcarona|Rage Powder|p2b: Volcarona
|-singleturn|p2b: Volcarona|move: Rage Powder
|move|p2a: Maushold|Population Bomb|p1a: Chien-Pao
|-damage|p1a: Chien-Pao|80/100
|-damage|p1a: Chien-Pao|60/100
|-damage|p1a: Chien-Pao|39/100
|-damage|p1a: Chien-Pao|18/100
|-damage|p1a: Chien-Pao|0 fnt
|faint|p1a: Chien-Pao
|-hitcount|p1: Chien-Pao|5
|move|p1b: Ogerpon|Ivy Cudgel|p2a: Maushold
|-damage|p2a: Maushold|16/100
|
|upkeep
|turn|7
|-message|gundi8 forfeited.
|
|win|firexxzz
|raw|gundi8's rating: 1503 &rarr; <strong>1481</strong><br />(-22 for losing)
|raw|firexxzz's rating: 1476 &rarr; <strong>1498</strong><br />(+22 for winning)
