|j|☆Teamtest09
|j|☆something123
|t:|1750734337
|gametype|doubles
|player|p1|Teamtest09|unknown|1634
|player|p2|something123|102|1735
|teamsize|p1|6
|teamsize|p2|6
|gen|9
|tier|[Gen 9] VGC 2025 Reg I
|rated|
|rule|Species Clause: Limit one of each Pokémon
|rule|Item Clause: Limit 1 of each item
|clearpoke
|poke|p1|Koraidon, L50|
|poke|p1|Calyrex-Shadow, L50|
|poke|p1|Weezing-Galar, L50, M|
|poke|p1|Chi-Yu, L50|
|poke|p1|Walking Wake, L50|
|poke|p1|Brute Bonnet, L50|
|poke|p2|Koraidon, L50|
|poke|p2|Scovillain, L50, F|
|poke|p2|Miraidon, L50|
|poke|p2|Chesnaught, L50, F|
|poke|p2|Clefairy, L50, F|
|poke|p2|Indeedee-F, L50, F|
|teampreview|4
|
|t:|1750734410
|start
|switch|p1a: Weezing|Weezing-Galar, L50, M, shiny|100/100
|switch|p1b: Koraidon|Koraidon, L50|100/100
|switch|p2a: Koraidon|Koraidon, L50|100/100
|switch|p2b: Miraidon|Miraidon, L50|100/100
|-ability|p1a: Weezing|Neutralizing Gas
|-block|p1b: Koraidon|item: Ability Shield
|-weather|SunnyDay|[from] ability: Orichalcum Pulse|[of] p1b: Koraidon
|-activate|p1b: Koraidon|Orichalcum Pulse|[source]
|turn|1
|
|t:|1750734438
|-terastallize|p2a: Koraidon|Fire
|-terastallize|p1b: Koraidon|Fire
|move|p2b: Miraidon|Draco Meteor|p1b: Koraidon
|-damage|p1b: Koraidon|36/100
|-unboost|p2b: Miraidon|spa|2
|move|p2a: Koraidon|Flame Charge|p1a: Weezing
|-damage|p1a: Weezing|55/100
|-boost|p2a: Koraidon|spe|1
|move|p1b: Koraidon|Flame Charge|p2b: Miraidon
|-resisted|p2b: Miraidon
|-damage|p2b: Miraidon|65/100
|-boost|p1b: Koraidon|spe|1
|move|p1a: Weezing|Play Rough|p2a: Koraidon
|-resisted|p2a: Koraidon
|-damage|p2a: Koraidon|88/100
|
|-weather|SunnyDay|[upkeep]
|upkeep
|turn|2
|j| neebieplayersea
|
|t:|1750734481
|-end|p1a: Weezing|ability: Neutralizing Gas
|-fieldstart|move: Electric Terrain|[from] ability: Hadron Engine|[of] p2b: Miraidon
|-activate|p2a: Koraidon|ability: Orichalcum Pulse
|switch|p1a: Walking Wake|Walking Wake, L50|100/100
|-activate|p1a: Walking Wake|ability: Protosynthesis
|-start|p1a: Walking Wake|protosynthesisspe
|move|p2b: Miraidon|Draco Meteor|p1b: Koraidon
|-damage|p1b: Koraidon|0 fnt
|-unboost|p2b: Miraidon|spa|2
|faint|p1b: Koraidon
|move|p2a: Koraidon|Flare Blitz|p1a: Walking Wake
|-resisted|p1a: Walking Wake
|-damage|p1a: Walking Wake|66/100
|-damage|p2a: Koraidon|76/100|[from] Recoil
|
|-weather|SunnyDay|[upkeep]
|upkeep
|l| neebieplayersea
|
|t:|1750734495
|switch|p1b: Calyrex|Calyrex-Shadow, L50|100/100
|-ability|p1b: Calyrex|As One
|-ability|p1b: Calyrex|Unnerve
|turn|3
|
|t:|1750734540
|switch|p2b: Clefairy|Clefairy, L50, F|100/100
|move|p2a: Koraidon|Collision Course|p1a: Walking Wake
|-damage|p1a: Walking Wake|0 fnt
|faint|p1a: Walking Wake
|-end|p1a: Walking Wake|Protosynthesis|[silent]
|move|p1b: Calyrex|Astral Barrage|p2a: Koraidon|[spread] p2a,p2b
|-damage|p2a: Koraidon|33/100
|-damage|p2b: Clefairy|44/100
|
|-weather|SunnyDay|[upkeep]
|upkeep
|
|t:|1750734550
|switch|p1a: Weezing|Weezing-Galar, L50, M, shiny|55/100
|-ability|p1a: Weezing|Neutralizing Gas
|turn|4
|
|t:|1750734571
|move|p2a: Koraidon|Protect|p2a: Koraidon
|-singleturn|p2a: Koraidon|Protect
|move|p2b: Clefairy|Protect|p2b: Clefairy
|-singleturn|p2b: Clefairy|Protect
|move|p1b: Calyrex|Astral Barrage|p2b: Clefairy|[spread] 
|-activate|p2a: Koraidon|move: Protect
|-activate|p2b: Clefairy|move: Protect
|move|p1a: Weezing|Taunt|p2b: Clefairy
|-activate|p2b: Clefairy|move: Protect
|
|-weather|SunnyDay|[upkeep]
|upkeep
|turn|5
|
|t:|1750734598
|move|p1a: Weezing|Protect|p1a: Weezing
|-singleturn|p1a: Weezing|Protect
|move|p2b: Clefairy|Follow Me|p2b: Clefairy
|-singleturn|p2b: Clefairy|move: Follow Me
|move|p2a: Koraidon|Flare Blitz|p1b: Calyrex
|-damage|p1b: Calyrex|0 fnt
|faint|p1b: Calyrex
|-damage|p2a: Koraidon|0 fnt|[from] Recoil
|faint|p2a: Koraidon
|
|-weather|none
|upkeep
|
|t:|1750734606
|switch|p2a: Miraidon|Miraidon, L50|65/100
|turn|6
|-message|Teamtest09 forfeited.
|
|win|something123
|raw|Teamtest09's rating: 1634 &rarr; <strong>1620</strong><br />(-14 for losing)
|raw|something123's rating: 1735 &rarr; <strong>1749</strong><br />(+14 for winning)
|l|☆Teamtest09
|player|p1|
|l|☆something123
|player|p2|
