|j|☆Yoshimitsu Kaidou
|j|☆AstellarElzette
|t:|1750849899
|gametype|doubles
|player|p1|Yoshimitsu Kaidou|drayden|1065
|player|p2|AstellarElzette|101|1133
|teamsize|p1|6
|teamsize|p2|6
|gen|9
|tier|[Gen 9] VGC 2025 Reg I
|rated|
|rule|Species Clause: Limit one of each Pokémon
|rule|Item Clause: Limit 1 of each item
|clearpoke
|poke|p1|Regice, L50|
|poke|p1|Grimmsnarl, L50, M|
|poke|p1|Ninetales-Alola, L50, F|
|poke|p1|Ogerpon-Wellspring, L50, F|
|poke|p1|Landorus, L50, M|
|poke|p1|Urshifu-*, L50, M|
|poke|p2|Terapagos, L50, M|
|poke|p2|Rayquaza, L50|
|poke|p2|Amoonguss, L50, M|
|poke|p2|Incineroar, L50, F|
|poke|p2|Chien-Pao, L50|
|poke|p2|Flutter Mane, L50|
|teampreview|4
|
|t:|1750849923
|start
|switch|p1a: Regice|Regice, L50, shiny|100/100
|switch|p1b: Grimmsnarl|Grimmsnarl, L50, M, shiny|100/100
|switch|p2a: Terapagos|Terapagos, L50, M|100/100
|switch|p2b: Amoonguss|Amoonguss, L50, M, shiny|100/100
|-activate|p2a: Terapagos|ability: Tera Shift
|detailschange|p2a: Terapagos|Terapagos-Terastal, L50, M
|-heal|p2a: Terapagos|100/100|[silent]
|turn|1
|inactive|Battle timer is ON: inactive players will automatically lose when time's up. (requested by AstellarElzette)
|
|t:|1750849982
|-terastallize|p2a: Terapagos|Stellar
|detailschange|p2a: Terapagos|Terapagos-Stellar, L50, M, tera:Stellar
|-heal|p2a: Terapagos|100/100|[silent]
|move|p1a: Regice|Protect|p1a: Regice
|-singleturn|p1a: Regice|Protect
|move|p1b: Grimmsnarl|Light Screen|p1b: Grimmsnarl
|-sidestart|p1: Yoshimitsu Kaidou|move: Light Screen
|move|p2a: Terapagos|Tera Starstorm|p1b: Grimmsnarl|[spread] p1b
|-activate|p1a: Regice|move: Protect
|-damage|p1b: Grimmsnarl|73/100
|move|p2b: Amoonguss|Spore|p1b: Grimmsnarl
|-status|p1b: Grimmsnarl|slp|[from] move: Spore
|
|upkeep
|turn|2
|inactive|Yoshimitsu Kaidou has 30 seconds left.
|inactive|AstellarElzette has 30 seconds left.
|
|t:|1750850009
|switch|p1b: Ninetales|Ninetales-Alola, L50, F, shiny|100/100
|-weather|Snowscape|[from] ability: Snow Warning|[of] p1b: Ninetales
|-terastallize|p1a: Regice|Ice
|move|p2a: Terapagos|Tera Starstorm|p1a: Regice|[spread] p1a,p1b
|-supereffective|p1a: Regice
|-damage|p1a: Regice|68/100
|-damage|p1b: Ninetales|54/100
|move|p1a: Regice|Blizzard|p2b: Amoonguss|[spread] p2a,p2b
|-supereffective|p2b: Amoonguss
|-damage|p2a: Terapagos|73/100
|-damage|p2b: Amoonguss|24/100
|move|p2b: Amoonguss|Spore|p1a: Regice
|-status|p1a: Regice|slp|[from] move: Spore
|
|-weather|Snowscape|[upkeep]
|-heal|p1a: Regice|74/100 slp|[from] ability: Ice Body
|-heal|p1a: Regice|80/100 slp|[from] item: Leftovers
|upkeep
|turn|3
|inactive|Yoshimitsu Kaidou has 30 seconds left.
|
|t:|1750850038
|switch|p2b: Rayquaza|Rayquaza, L50, shiny|100/100
|-ability|p2b: Rayquaza|Air Lock
|move|p1b: Ninetales|Blizzard|p2b: Rayquaza|[spread] p2a,p2b
|-supereffective|p2b: Rayquaza
|-damage|p2a: Terapagos|42/100
|-damage|p2b: Rayquaza|0 fnt
|faint|p2b: Rayquaza
|move|p2a: Terapagos|Tera Starstorm|p1a: Regice|[spread] p1a,p1b
|-supereffective|p1a: Regice
|-damage|p1a: Regice|47/100 slp
|-damage|p1b: Ninetales|9/100
|cant|p1a: Regice|slp
|
|-weather|Snowscape|[upkeep]
|-heal|p1a: Regice|53/100 slp|[from] ability: Ice Body
|-heal|p1a: Regice|59/100 slp|[from] item: Leftovers
|upkeep
|
|t:|1750850055
|switch|p2b: Incineroar|Incineroar, L50, F, shiny|100/100
|-ability|p2b: Incineroar|Intimidate|boost
|-unboost|p1a: Regice|atk|1
|-unboost|p1b: Ninetales|atk|1
|turn|4
|inactive|AstellarElzette has 30 seconds left.
|inactive|AstellarElzette has 20 seconds left.
|
|t:|1750850091
|switch|p1b: Grimmsnarl|Grimmsnarl, L50, M, shiny|73/100 slp
|move|p2a: Terapagos|Tera Starstorm|p1b: Grimmsnarl|[spread] p1a,p1b
|-supereffective|p1a: Regice
|-damage|p1a: Regice|29/100 slp
|-damage|p1b: Grimmsnarl|46/100 slp
|move|p2b: Incineroar|Flare Blitz|p1a: Regice
|-supereffective|p1a: Regice
|-damage|p1a: Regice|0 fnt
|faint|p1a: Regice
|-damage|p2b: Incineroar|92/100|[from] Recoil
|
|-weather|Snowscape|[upkeep]
|upkeep
|
|t:|1750850115
|switch|p1a: Landorus|Landorus, L50, M, shiny|100/100
|turn|5
|inactive|AstellarElzette has 30 seconds left.
|
|t:|1750850148
|cant|p1b: Grimmsnarl|slp
|move|p1a: Landorus|Earth Power|p2a: Terapagos
|-damage|p2a: Terapagos|0 fnt
|faint|p2a: Terapagos
|detailschange|p2: Terapagos|Terapagos, L50, M|[silent]
|move|p2b: Incineroar|U-turn|p1b: Grimmsnarl
|-damage|p1b: Grimmsnarl|21/100 slp
|
|t:|1750850158
|switch|p2b: Amoonguss|Amoonguss, L50, M, shiny|57/100|[from] U-turn
|
|-weather|Snowscape|[upkeep]
|upkeep
|
|t:|1750850164
|switch|p2a: Incineroar|Incineroar, L50, F, shiny|92/100
|-ability|p2a: Incineroar|Intimidate|boost
|-unboost|p1a: Landorus|atk|1
|-unboost|p1b: Grimmsnarl|atk|1
|turn|6
|
|t:|1750850184
|move|p1a: Landorus|Protect|p1a: Landorus
|-singleturn|p1a: Landorus|Protect
|-curestatus|p1b: Grimmsnarl|slp|[msg]
|move|p1b: Grimmsnarl|Reflect|p1b: Grimmsnarl
|-sidestart|p1: Yoshimitsu Kaidou|Reflect
|move|p2a: Incineroar|Flare Blitz|p1a: Landorus
|-activate|p1a: Landorus|move: Protect
|move|p2b: Amoonguss|Spore|p1a: Landorus
|-activate|p1a: Landorus|move: Protect
|
|-weather|none
|upkeep
|turn|7
|inactive|Yoshimitsu Kaidou has 30 seconds left.
|inactive|Yoshimitsu Kaidou has 20 seconds left.
|
|t:|1750850222
|move|p1b: Grimmsnarl|Sucker Punch|p2a: Incineroar
|-resisted|p2a: Incineroar
|-damage|p2a: Incineroar|81/100
|move|p1a: Landorus|Sludge Bomb|p2b: Amoonguss
|-damage|p2b: Amoonguss|11/100
|move|p2a: Incineroar|Flare Blitz|p1b: Grimmsnarl
|-damage|p1b: Grimmsnarl|0 fnt
|faint|p1b: Grimmsnarl
|-damage|p2a: Incineroar|74/100|[from] Recoil
|move|p2b: Amoonguss|Spore|p1a: Landorus
|-status|p1a: Landorus|slp|[from] move: Spore
|
|upkeep
|
|t:|1750850241
|switch|p1b: Ninetales|Ninetales-Alola, L50, F, shiny|9/100
|-weather|Snowscape|[from] ability: Snow Warning|[of] p1b: Ninetales
|turn|8
|inactive|Yoshimitsu Kaidou has 30 seconds left.
|inactive|AstellarElzette has 30 seconds left.
|inactive|Yoshimitsu Kaidou has 20 seconds left.
|inactive|AstellarElzette has 20 seconds left.
|inactive|Yoshimitsu Kaidou has 15 seconds left.
|
|t:|1750850284
|move|p1b: Ninetales|Blizzard|p2b: Amoonguss|[spread] p2a,p2b
|-resisted|p2a: Incineroar
|-supereffective|p2b: Amoonguss
|-damage|p2a: Incineroar|62/100
|-damage|p2b: Amoonguss|0 fnt
|-status|p2a: Incineroar|frz
|faint|p2b: Amoonguss
|cant|p1a: Landorus|slp
|cant|p2a: Incineroar|frz
|
|-weather|Snowscape|[upkeep]
|-sideend|p1: Yoshimitsu Kaidou|move: Light Screen
|upkeep
|turn|9
|
|t:|1750850301
|move|p1b: Ninetales|Blizzard|p2a: Incineroar
|-resisted|p2a: Incineroar
|-damage|p2a: Incineroar|45/100 frz
|cant|p1a: Landorus|slp
|-curestatus|p2a: Incineroar|frz|[msg]
|move|p2a: Incineroar|Knock Off|p1b: Ninetales
|-resisted|p1b: Ninetales
|-damage|p1b: Ninetales|0 fnt
|-enditem|p1b: Ninetales|Choice Specs|[from] move: Knock Off|[of] p2a: Incineroar
|faint|p1b: Ninetales
|
|-weather|Snowscape|[upkeep]
|upkeep
|turn|10
|
|t:|1750850317
|cant|p1a: Landorus|slp
|move|p2a: Incineroar|Flare Blitz|p1a: Landorus
|-damage|p1a: Landorus|56/100 slp
|-damage|p2a: Incineroar|33/100|[from] Recoil
|
|-weather|Snowscape|[upkeep]
|upkeep
|turn|11
|
|t:|1750850331
|-curestatus|p1a: Landorus|slp|[msg]
|move|p1a: Landorus|Earth Power|p2a: Incineroar
|-supereffective|p2a: Incineroar
|-damage|p2a: Incineroar|0 fnt
|faint|p2a: Incineroar
|
|win|Yoshimitsu Kaidou
|raw|Yoshimitsu Kaidou's rating: 1065 &rarr; <strong>1101</strong><br />(+36 for winning)
|raw|AstellarElzette's rating: 1133 &rarr; <strong>1103</strong><br />(-30 for losing)
|l|☆AstellarElzette
|player|p2|
|l|☆Yoshimitsu Kaidou
|player|p1|
