|j|☆KogaJunior23
|j|☆DOAKZYN
|t:|1750710629
|gametype|doubles
|player|p1|KogaJunior23|koga|1487
|player|p2|DOAKZYN|266|1437
|teamsize|p1|6
|teamsize|p2|6
|gen|9
|tier|[Gen 9] VGC 2025 Reg I
|rated|
|rule|Species Clause: Limit one of each Pokémon
|rule|Item Clause: Limit 1 of each item
|clearpoke
|poke|p1|Kyogre, L50|
|poke|p1|Zacian-*, L50|
|poke|p1|Beartic, L50, F|
|poke|p1|Amoonguss, L50, F|
|poke|p1|Tornadus, L50, M|
|poke|p1|Landorus, L50, M|
|poke|p2|Kyogre, L50|
|poke|p2|Urshifu-*, L50, M|
|poke|p2|Tornadus, L50, M|
|poke|p2|Miraidon, L50|
|poke|p2|Ursaluna-Bloodmoon, L50, M|
|poke|p2|Farigiraf, L50, M|
|teampreview|4
|inactive|Battle timer is ON: inactive players will automatically lose when time's up. (requested by KogaJunior23)
|inactive|DOAKZYN has 60 seconds left.
|
|t:|1750710662
|start
|switch|p1a: Tornadus|Tornadus, L50, M|100/100
|switch|p1b: Zacian|Zacian-Crowned, L50|100/100
|switch|p2a: Urshifu|Urshifu-Rapid-Strike, L50, M|100/100
|switch|p2b: Tornadus|Tornadus, L50, M|100/100
|-ability|p1b: Zacian|Intrepid Sword|boost
|-boost|p1b: Zacian|atk|1
|turn|1
|
|t:|1750710678
|-terastallize|p2a: Urshifu|Water
|move|p2b: Tornadus|Taunt|p1a: Tornadus
|-start|p1a: Tornadus|move: Taunt
|cant|p1a: Tornadus|move: Taunt|Tailwind
|move|p1b: Zacian|Play Rough|p2a: Urshifu
|-damage|p2a: Urshifu|17/100
|move|p2a: Urshifu|Surging Strikes|p1b: Zacian
|-crit|p1b: Zacian
|-damage|p1b: Zacian|59/100
|-crit|p1b: Zacian
|-damage|p1b: Zacian|16/100
|-crit|p1b: Zacian
|-damage|p1b: Zacian|0 fnt
|faint|p1b: Zacian
|-hitcount|p1: Zacian|3
|
|upkeep
|
|t:|1750710691
|switch|p1b: Kyogre|Kyogre, L50|100/100
|-weather|RainDance|[from] ability: Drizzle|[of] p1b: Kyogre
|turn|2
|
|t:|1750710701
|move|p2b: Tornadus|Tailwind|p2b: Tornadus
|-sidestart|p2: DOAKZYN|move: Tailwind
|move|p2a: Urshifu|Surging Strikes|p1a: Tornadus
|-crit|p1a: Tornadus
|-damage|p1a: Tornadus|36/100
|-crit|p1a: Tornadus
|-damage|p1a: Tornadus|0 fnt
|faint|p1a: Tornadus
|-hitcount|p1: Tornadus|2
|move|p1b: Kyogre|Origin Pulse|p2a: Urshifu|[spread] p2a,p2b
|-resisted|p2a: Urshifu
|-damage|p2a: Urshifu|0 fnt
|-enditem|p2b: Tornadus|Focus Sash
|-damage|p2b: Tornadus|1/100
|faint|p2a: Urshifu
|
|-weather|RainDance|[upkeep]
|upkeep
|
|t:|1750710714
|switch|p2a: Kyogre|Kyogre, L50|100/100
|switch|p1a: Beartic|Beartic, L50, F, shiny|100/100
|turn|3
|
|t:|1750710727
|-terastallize|p1a: Beartic|Electric
|move|p2b: Tornadus|Bleakwind Storm|p1b: Kyogre|[spread] p1a,p1b
|-resisted|p1a: Beartic
|-damage|p1a: Beartic|84/100
|-damage|p1b: Kyogre|77/100
|move|p2a: Kyogre|Origin Pulse|p1a: Beartic|[spread] p1a,p1b
|-resisted|p1b: Kyogre
|-damage|p1a: Beartic|17/100
|-damage|p1b: Kyogre|52/100
|move|p1a: Beartic|Tera Blast|p2a: Kyogre|[anim] Tera Blast Electric
|-supereffective|p2a: Kyogre
|-damage|p2a: Kyogre|21/100
|move|p1b: Kyogre|Origin Pulse|p2b: Tornadus|[spread] p2a,p2b
|-resisted|p2a: Kyogre
|-crit|p2a: Kyogre
|-damage|p2a: Kyogre|0 fnt
|-damage|p2b: Tornadus|0 fnt
|faint|p2a: Kyogre
|faint|p2b: Tornadus
|
|-weather|RainDance|[upkeep]
|upkeep
|
|t:|1750710743
|switch|p2a: Miraidon|Miraidon, L50|100/100
|-fieldstart|move: Electric Terrain|[from] ability: Hadron Engine|[of] p2a: Miraidon
|turn|4
|
|t:|1750710753
|move|p2a: Miraidon|Dazzling Gleam|p1b: Kyogre|[spread] p1a,p1b
|-damage|p1a: Beartic|0 fnt
|-damage|p1b: Kyogre|22/100
|faint|p1a: Beartic
|move|p1b: Kyogre|Ice Beam|p2a: Miraidon
|-supereffective|p2a: Miraidon
|-damage|p2a: Miraidon|24/100
|
|-weather|RainDance|[upkeep]
|upkeep
|turn|5
|
|t:|1750710763
|move|p1b: Kyogre|Protect|p1b: Kyogre
|-singleturn|p1b: Kyogre|Protect
|move|p2a: Miraidon|Dazzling Gleam|p1b: Kyogre
|-activate|p1b: Kyogre|move: Protect
|
|-weather|RainDance|[upkeep]
|-sideend|p2: DOAKZYN|move: Tailwind
|upkeep
|turn|6
|c|☆KogaJunior23|Gg
|
|t:|1750710777
|move|p2a: Miraidon|Dazzling Gleam|p1b: Kyogre
|-damage|p1b: Kyogre|0 fnt
|faint|p1b: Kyogre
|
|win|DOAKZYN
|raw|KogaJunior23's rating: 1487 &rarr; <strong>1464</strong><br />(-23 for losing)
|raw|DOAKZYN's rating: 1437 &rarr; <strong>1460</strong><br />(+23 for winning)
|c|☆DOAKZYN|gg
|l|☆KogaJunior23
|player|p1|
|l|☆DOAKZYN
|player|p2|
