|j|☆Shiney07
|j|☆Noobknight the 1st
|t:|1750842205
|gametype|doubles
|player|p1|Shiney07|hugh|1082
|player|p2|Noobknight the 1st|iris-gen5bw2|1133
|teamsize|p1|6
|teamsize|p2|6
|gen|9
|tier|[Gen 9] VGC 2025 Reg I
|rated|
|rule|Species Clause: Limit one of each Pokémon
|rule|Item Clause: Limit 1 of each item
|clearpoke
|poke|p1|Amoonguss, L50, F|
|poke|p1|Incineroar, L50, F|
|poke|p1|Snorlax, L50, F|
|poke|p1|Porygon2, L50|
|poke|p1|Gastrodon-East, L50, M|
|poke|p1|Iron Hands, L50|
|poke|p2|Terapagos, L50, M|
|poke|p2|Lunala, L50|
|poke|p2|Oranguru, L50, M|
|poke|p2|Grimmsnarl, L50, M|
|poke|p2|Urshifu-*, L50, F|
|poke|p2|Volcarona, L50, M|
|teampreview|4
|inactive|Battle timer is ON: inactive players will automatically lose when time's up. (requested by Shiney07)
|inactive|Shiney07 has 60 seconds left.
|inactive|Noobknight the 1st has 60 seconds left.
|
|t:|1750842251
|start
|switch|p1a: El Furry|Incineroar, L50, F|100/100
|switch|p1b: Amoonguss|Amoonguss, L50, F, shiny|100/100
|switch|p2a: Grimmsnarl|Grimmsnarl, L50, M|100/100
|switch|p2b: Lunala|Lunala, L50|100/100
|-ability|p1a: El Furry|Intimidate|boost
|-unboost|p2a: Grimmsnarl|atk|1
|-unboost|p2b: Lunala|atk|1
|turn|1
|inactive|Noobknight the 1st has 30 seconds left.
|inactive|Noobknight the 1st has 20 seconds left.
|
|t:|1750842287
|switch|p1a: Passalas|Gastrodon-East, L50, M|100/100
|move|p2a: Grimmsnarl|Thunder Wave|p1b: Amoonguss
|-status|p1b: Amoonguss|par
|cant|p1b: Amoonguss|par
|move|p2b: Lunala|Teleport|p2b: Lunala
|
|t:|1750842304
|switch|p2b: Terapagos|Terapagos, L50, M|100/100|[from] Teleport
|-activate|p2b: Terapagos|ability: Tera Shift
|detailschange|p2b: Terapagos|Terapagos-Terastal, L50, M
|-heal|p2b: Terapagos|100/100|[silent]
|
|upkeep
|turn|2
|
|t:|1750842323
|-terastallize|p2b: Terapagos|Stellar
|detailschange|p2b: Terapagos|Terapagos-Stellar, L50, M, tera:Stellar
|-heal|p2b: Terapagos|100/100|[silent]
|move|p2a: Grimmsnarl|Parting Shot|p1a: Passalas
|-fail|p1a: Passalas|unboost|[from] item: Clear Amulet|[of] p1a: Passalas
|move|p2b: Terapagos|Meteor Beam||[still]
|-prepare|p2b: Terapagos|Meteor Beam
|-boost|p2b: Terapagos|spa|1
|-enditem|p2b: Terapagos|Power Herb
|-anim|p2b: Terapagos|Meteor Beam|p1b: Amoonguss|[miss]
|-miss|p2b: Terapagos|p1b: Amoonguss
|move|p1a: Passalas|Yawn|p2b: Terapagos
|-start|p2b: Terapagos|move: Yawn|[of] p1a: Passalas
|move|p1b: Amoonguss|Spore|p2a: Grimmsnarl
|-status|p2a: Grimmsnarl|slp|[from] move: Spore
|
|upkeep
|turn|3
|inactive|Shiney07 has 30 seconds left.
|inactive|Noobknight the 1st has 30 seconds left.
|inactive|Shiney07 has 20 seconds left.
|inactive|Noobknight the 1st has 20 seconds left.
|
|t:|1750842358
|switch|p2a: Oranguru|Oranguru, L50, M|100/100
|move|p2b: Terapagos|Tera Starstorm|p1a: Passalas|[spread] p1a,p1b
|-crit|p1a: Passalas
|-damage|p1a: Passalas|26/100
|-damage|p1b: Amoonguss|47/100 par
|move|p1a: Passalas|Ice Beam|p2b: Terapagos
|-damage|p2b: Terapagos|87/100
|cant|p1b: Amoonguss|par
|
|-end|p2b: Terapagos|move: Yawn|[silent]
|-status|p2b: Terapagos|slp
|upkeep
|turn|4
|inactive|Noobknight the 1st has 30 seconds left.
|
|t:|1750842384
|switch|p1b: El Furry|Incineroar, L50, F|100/100
|-ability|p1b: El Furry|Intimidate|boost
|-unboost|p2a: Oranguru|atk|1
|-unboost|p2b: Terapagos|atk|1
|cant|p2b: Terapagos|slp
|move|p1a: Passalas|Muddy Water|p2a: Oranguru|[spread] p2a,p2b
|-damage|p2a: Oranguru|85/100
|-damage|p2b: Terapagos|73/100 slp
|-unboost|p2b: Terapagos|accuracy|1
|move|p2a: Oranguru|Instruct|p2b: Terapagos
|-singleturn|p2b: Terapagos|move: Instruct|[of] p2a: Oranguru
|-curestatus|p2b: Terapagos|slp|[msg]
|move|p2b: Terapagos|Tera Starstorm|p1a: Passalas|[spread] p1a,p1b
|-damage|p1a: Passalas|0 fnt
|-damage|p1b: El Furry|43/100
|-enditem|p1b: El Furry|Sitrus Berry|[eat]
|-heal|p1b: El Furry|68/100|[from] item: Sitrus Berry
|faint|p1a: Passalas
|
|upkeep
|inactive|Shiney07 has 30 seconds left.
|
|t:|1750842413
|switch|p1a: Sumo|Iron Hands, L50|100/100
|turn|5
|
|t:|1750842423
|move|p1b: El Furry|Fake Out|p2a: Oranguru
|-damage|p2a: Oranguru|72/100
|move|p2b: Terapagos|Earth Power|p1a: Sumo
|-supereffective|p1a: Sumo
|-damage|p1a: Sumo|24/100
|move|p1a: Sumo|Drain Punch|p2b: Terapagos
|-supereffective|p2b: Terapagos
|-damage|p2b: Terapagos|9/100
|-heal|p1a: Sumo|53/100|[from] drain|[of] p2b: Terapagos
|cant|p2a: Oranguru|flinch
|
|upkeep
|turn|6
|l|☆Shiney07
|inactive|Shiney07 disconnected and has a minute to reconnect!
|player|p1|
|inactive|Shiney07 has 30 seconds left.
|inactive|Noobknight the 1st has 30 seconds left.
|j|☆Shiney07
|inactive|Shiney07 reconnected and has 25 seconds left.
|player|p1|Shiney07|hugh|
|inactive|Shiney07 has 20 seconds left.
|inactive|Noobknight the 1st has 20 seconds left.
|inactive|Shiney07 has 15 seconds left.
|inactive|Noobknight the 1st has 15 seconds left.
|
|t:|1750842467
|-end|p1a: Sumo|Quark Drive|[silent]
|switch|p1a: Amoonguss|Amoonguss, L50, F, shiny|80/100 par
|move|p2b: Terapagos|Tera Starstorm|p1a: Amoonguss|[spread] p1a
|-miss|p2b: Terapagos|p1b: El Furry
|-damage|p1a: Amoonguss|23/100 par
|move|p1b: El Furry|Knock Off|p2b: Terapagos
|-damage|p2b: Terapagos|0 fnt
|faint|p2b: Terapagos
|detailschange|p2: Terapagos|Terapagos, L50, M|[silent]
|move|p2a: Oranguru|Instruct|p2: Terapagos|[notarget]
|-fail|p2a: Oranguru
|
|upkeep
|
|t:|1750842481
|switch|p2b: Lunala|Lunala, L50|100/100
|turn|7
|inactive|Noobknight the 1st has 30 seconds left.
|inactive|Noobknight the 1st has 20 seconds left.
|
|t:|1750842516
|switch|p2a: Grimmsnarl|Grimmsnarl, L50, M|100/100 slp
|move|p2b: Lunala|Moongeist Beam|p1a: Amoonguss
|-damage|p1a: Amoonguss|0 fnt
|faint|p1a: Amoonguss
|move|p1b: El Furry|Knock Off|p2b: Lunala
|-supereffective|p2b: Lunala
|-damage|p2b: Lunala|26/100
|-enditem|p2b: Lunala|Safety Goggles|[from] move: Knock Off|[of] p1b: El Furry
|
|upkeep
|
|t:|1750842528
|switch|p1a: Sumo|Iron Hands, L50|53/100
|turn|8
|
|t:|1750842551
|-terastallize|p1a: Sumo|Grass
|cant|p2a: Grimmsnarl|slp
|move|p2b: Lunala|Moongeist Beam|p1a: Sumo
|-damage|p1a: Sumo|21/100
|move|p1b: El Furry|Knock Off|p2b: Lunala
|-supereffective|p2b: Lunala
|-damage|p2b: Lunala|0 fnt
|faint|p2b: Lunala
|move|p1a: Sumo|Heavy Slam|p2a: Grimmsnarl
|-supereffective|p2a: Grimmsnarl
|-damage|p2a: Grimmsnarl|0 fnt
|faint|p2a: Grimmsnarl
|
|upkeep
|
|t:|1750842569
|switch|p2b: Oranguru|Oranguru, L50, M|72/100
|turn|9
|
|t:|1750842579
|move|p1b: El Furry|Knock Off|p2b: Oranguru
|-supereffective|p2b: Oranguru
|-damage|p2b: Oranguru|0 fnt
|-enditem|p2b: Oranguru|Choice Specs|[from] move: Knock Off|[of] p1b: El Furry
|faint|p2b: Oranguru
|
|win|Shiney07
|raw|Shiney07's rating: 1082 &rarr; <strong>1114</strong><br />(+32 for winning)
|raw|Noobknight the 1st's rating: 1133 &rarr; <strong>1104</strong><br />(-29 for losing)
|l|☆Noobknight the 1st
|player|p2|
|l|☆Shiney07
|player|p1|
