|j|☆Mathethe
|j|☆Jungle211
|t:|1750817665
|gametype|doubles
|player|p1|Mathethe|266|1116
|player|p2|Jungle211|hugh|1203
|teamsize|p1|6
|teamsize|p2|6
|gen|9
|tier|[Gen 9] VGC 2025 Reg I
|rated|
|rule|Species Clause: Limit one of each Pokémon
|rule|Item Clause: Limit 1 of each item
|clearpoke
|poke|p1|Tornadus, L50, M|
|poke|p1|Calyrex-Shadow, L50|
|poke|p1|Terapagos, L50, M|
|poke|p1|Indeedee-F, L50, F|
|poke|p1|Iron Valiant, L50|
|poke|p1|Garganacl, L50, M|
|poke|p2|Clefairy, L50, F|
|poke|p2|Zacian-*, L50|
|poke|p2|Kyogre, L50|
|poke|p2|Chesnaught, L50, M|
|poke|p2|Incineroar, L50, M|
|poke|p2|Raichu, L50, M|
|teampreview|4
|
|t:|1750817718
|start
|switch|p1a: Iron Valiant|Iron Valiant, L50|100/100
|switch|p1b: Tornadus|Tornadus, L50, M|100/100
|switch|p2a: Zacian|Zacian-Crowned, L50, shiny|100/100
|switch|p2b: Incineroar|Incineroar, L50, M|100/100
|-ability|p2a: Zacian|Intrepid Sword|boost
|-boost|p2a: Zacian|atk|1
|-ability|p2b: Incineroar|Intimidate|boost
|-unboost|p1a: Iron Valiant|atk|1
|-unboost|p1b: Tornadus|atk|1
|turn|1
|
|t:|1750817780
|move|p2b: Incineroar|Fake Out|p1a: Iron Valiant
|-damage|p1a: Iron Valiant|84/100
|move|p1b: Tornadus|Tailwind|p1b: Tornadus
|-sidestart|p1: Mathethe|move: Tailwind
|cant|p1a: Iron Valiant|flinch
|move|p2a: Zacian|Behemoth Blade|p1a: Iron Valiant
|-supereffective|p1a: Iron Valiant
|-damage|p1a: Iron Valiant|0 fnt
|faint|p1a: Iron Valiant
|-end|p1a: Iron Valiant|Quark Drive|[silent]
|
|upkeep
|inactive|Battle timer is ON: inactive players will automatically lose when time's up. (requested by Mathethe)
|
|t:|1750817803
|switch|p1a: Terapagos|Terapagos, L50, M|100/100
|-activate|p1a: Terapagos|ability: Tera Shift
|detailschange|p1a: Terapagos|Terapagos-Terastal, L50, M
|-heal|p1a: Terapagos|100/100|[silent]
|turn|2
|inactive|Jungle211 has 30 seconds left.
|
|t:|1750817831
|-terastallize|p1a: Terapagos|Stellar
|detailschange|p1a: Terapagos|Terapagos-Stellar, L50, M, tera:Stellar
|-heal|p1a: Terapagos|100/100|[silent]
|move|p1b: Tornadus|Bleakwind Storm|p2b: Incineroar|[spread] 
|-miss|p1b: Tornadus|p2a: Zacian
|-miss|p1b: Tornadus|p2b: Incineroar
|move|p2a: Zacian|Behemoth Blade|p1a: Terapagos
|-damage|p1a: Terapagos|51/100
|move|p1a: Terapagos|Tera Starstorm|p2b: Incineroar|[spread] p2a,p2b
|-damage|p2a: Zacian|64/100
|-damage|p2b: Incineroar|64/100
|move|p2b: Incineroar|Knock Off|p1a: Terapagos
|-damage|p1a: Terapagos|25/100
|-enditem|p1a: Terapagos|Leftovers|[from] move: Knock Off|[of] p2b: Incineroar
|
|upkeep
|turn|3
|inactive|Jungle211 has 30 seconds left.
|inactive|Jungle211 has 20 seconds left.
|
|t:|1750817868
|move|p1b: Tornadus|Bleakwind Storm|p2a: Zacian|[spread] p2a,p2b
|-resisted|p2a: Zacian
|-damage|p2a: Zacian|50/100
|-damage|p2b: Incineroar|32/100
|-unboost|p2a: Zacian|spe|1
|move|p1a: Terapagos|Tera Starstorm|p2a: Zacian|[spread] p2a,p2b
|-crit|p2b: Incineroar
|-damage|p2a: Zacian|12/100
|-damage|p2b: Incineroar|0 fnt
|faint|p2b: Incineroar
|move|p2a: Zacian|Behemoth Blade|p1a: Terapagos
|-damage|p1a: Terapagos|0 fnt
|faint|p1a: Terapagos
|detailschange|p1: Terapagos|Terapagos, L50, M|[silent]
|
|upkeep
|
|t:|1750817880
|switch|p2b: Chesnaught|Chesnaught, L50, M, shiny|100/100
|switch|p1a: Calyrex|Calyrex-Shadow, L50|100/100
|-ability|p1a: Calyrex|As One
|-ability|p1a: Calyrex|Unnerve
|turn|4
|
|t:|1750817902
|-terastallize|p2a: Zacian|Ground
|move|p2b: Chesnaught|Spiky Shield|p2b: Chesnaught
|-singleturn|p2b: Chesnaught|move: Protect
|move|p1a: Calyrex|Astral Barrage|p2a: Zacian|[spread] p2a
|-activate|p2b: Chesnaught|move: Protect
|-damage|p2a: Zacian|0 fnt
|faint|p2a: Zacian
|-ability|p1a: Calyrex|Grim Neigh|boost
|-boost|p1a: Calyrex|spa|1
|move|p1b: Tornadus|Bleakwind Storm|p2b: Chesnaught
|-activate|p2b: Chesnaught|move: Protect
|
|-sideend|p1: Mathethe|move: Tailwind
|upkeep
|
|t:|1750817904
|switch|p2a: Kyogre|Kyogre, L50|100/100
|-weather|RainDance|[from] ability: Drizzle|[of] p2a: Kyogre
|turn|5
|
|t:|1750817923
|move|p2b: Chesnaught|Wide Guard|p2b: Chesnaught
|-singleturn|p2b: Chesnaught|Wide Guard
|move|p2a: Kyogre|Hydro Pump|p1a: Calyrex
|-damage|p1a: Calyrex|6/100
|move|p1a: Calyrex|Astral Barrage|p2b: Chesnaught|[spread] 
|-activate|p2a: Kyogre|move: Wide Guard
|-activate|p2b: Chesnaught|move: Wide Guard
|move|p1b: Tornadus|Bleakwind Storm|p2a: Kyogre|[spread] 
|-activate|p2a: Kyogre|move: Wide Guard
|-activate|p2b: Chesnaught|move: Wide Guard
|
|-weather|RainDance|[upkeep]
|upkeep
|turn|6
|
|t:|1750817940
|move|p2b: Chesnaught|Wide Guard|p2b: Chesnaught
|-singleturn|p2b: Chesnaught|Wide Guard
|move|p1b: Tornadus|Taunt|p2b: Chesnaught
|-start|p2b: Chesnaught|move: Taunt
|move|p2a: Kyogre|Hydro Pump|p1a: Calyrex
|-damage|p1a: Calyrex|0 fnt
|faint|p1a: Calyrex
|
|-weather|RainDance|[upkeep]
|upkeep
|turn|7
|
|t:|1750817949
|move|p2a: Kyogre|Hydro Pump|p1b: Tornadus
|-damage|p1b: Tornadus|0 fnt
|faint|p1b: Tornadus
|
|win|Jungle211
|raw|Mathethe's rating: 1116 &rarr; <strong>1097</strong><br />(-19 for losing)
|raw|Jungle211's rating: 1203 &rarr; <strong>1222</strong><br />(+19 for winning)
