|j|☆imgoldshark07
|j|☆HardFreaQ
|html|<table width="100%"><tr><td align="left">imgoldshark07</td><td align="right">HardFreaQ</tr><tr><td align="left"><i class="fa fa-circle-o"></i> <i class="fa fa-circle-o"></i> </td><td align="right"><i class="fa fa-circle-o"></i> <i class="fa fa-circle-o"></i> </tr></table>
|uhtml|bestof|<h2><strong>Game 1</strong> of <a href="/game-bestof3-gen9vgc2025regi-2391211752">a best-of-3</a></h2>
|t:|1750817016
|gametype|doubles
|player|p1|imgoldshark07|170|
|player|p2|HardFreaQ|lucas|
|teamsize|p1|6
|teamsize|p2|6
|gen|9
|tier|[Gen 9] VGC 2025 Reg I
|rated|Tournament battle
|rule|Species Clause: Limit one of each Pokémon
|rule|Item Clause: Limit 1 of each item
|raw|<div class="infobox"><details class="readmore" open><summary><strong>3 custom rules:</strong></summary> Force Open Team Sheets, !Open Team Sheets, Best of = 3</details></div>
|clearpoke
|poke|p1|Calyrex-Ice, L50|
|poke|p1|Terapagos, L50, M|
|poke|p1|Urshifu-*, L50, F|
|poke|p1|Volcarona, L50, M|
|poke|p1|Raging Bolt, L50|
|poke|p1|Rillaboom, L50, M|
|poke|p2|Calyrex-Ice, L50|
|poke|p2|Miraidon, L50|
|poke|p2|Farigiraf, L50, F|
|poke|p2|Volcarona, L50, F|
|poke|p2|Iron Hands, L50|
|poke|p2|Grimmsnarl, L50, M|
|teampreview|4
|showteam|p1|Calyrex-Ice||ClearAmulet|AsOneGlastrier|GlacialLance,HighHorsepower,TrickRoom,Protect||||||50|,,,,,Water]Terapagos||ExpertBelt|TeraShift|TeraStarstorm,DarkPulse,EarthPower,Protect|||M|||50|,,,,,Stellar]Urshifu-Rapid-Strike||MysticWater|UnseenFist|SurgingStrikes,CloseCombat,Taunt,Detect|||F|||50|,,,,,Water]Volcarona||RockyHelmet|FlameBody|FieryDance,WillOWisp,RagePowder,Tailwind|||M|||50|,,,,,Steel]Raging Bolt||BoosterEnergy|Protosynthesis|Thunderbolt,Thunderclap,DragonPulse,Protect||||||50|,,,,,Fairy]Rillaboom||AssaultVest|GrassySurge|WoodHammer,GrassyGlide,Uturn,FakeOut|||M|||50|,,,,,Water
|showteam|p2|Calyrex-Ice||ClearAmulet|AsOneGlastrier|GlacialLance,HighHorsepower,TrickRoom,Protect||||||50|,,,,,Fire]Miraidon||ChoiceSpecs|HadronEngine|ElectroDrift,VoltSwitch,DracoMeteor,DazzlingGleam||||||50|,,,,,Fairy]Farigiraf||MirrorHerb|ArmorTail|Psychic,ShadowBall,TrickRoom,HelpingHand|||F|||50|,,,,,Water]Volcarona||ElectricSeed|FlameBody|FieryDance,BugBuzz,QuiverDance,Protect|||F|||50|,,,,,Dragon]Iron Hands||AssaultVest|QuarkDrive|LowKick,DrainPunch,WildCharge,FakeOut||||||50|,,,,,Bug]Grimmsnarl||LightClay|Prankster|SpiritBreak,Reflect,LightScreen,PartingShot|||M|||50|,,,,,Steel
|inactive|Battle timer is ON: inactive players will automatically lose when time's up. (requested by HardFreaQ)
|
|t:|1750817029
|start
|switch|p1a: Calyrex|Calyrex-Ice, L50|100/100
|switch|p1b: Rillaboom|Rillaboom, L50, M|100/100
|switch|p2a: Miraidon|Miraidon, L50|100/100
|switch|p2b: Volcarona|Volcarona, L50, F|100/100
|-ability|p1a: Calyrex|As One
|-ability|p1a: Calyrex|Unnerve
|-fieldstart|move: Electric Terrain|[from] ability: Hadron Engine|[of] p2a: Miraidon
|-enditem|p2b: Volcarona|Electric Seed
|-boost|p2b: Volcarona|def|1|[from] item: Electric Seed
|-fieldstart|move: Grassy Terrain|[from] ability: Grassy Surge|[of] p1b: Rillaboom
|turn|1
|
|t:|1750817040
|switch|p2a: Farigiraf|Farigiraf, L50, F|100/100
|move|p1b: Rillaboom|Fake Out||[still]
|cant|p2a: Farigiraf|ability: Armor Tail|Fake Out|[of] p1b: Rillaboom
|move|p2b: Volcarona|Quiver Dance|p2b: Volcarona
|-boost|p2b: Volcarona|spa|1
|-boost|p2b: Volcarona|spd|1
|-boost|p2b: Volcarona|spe|1
|move|p1a: Calyrex|Glacial Lance|p2a: Farigiraf|[spread] p2a,p2b
|-resisted|p2b: Volcarona
|-damage|p2a: Farigiraf|59/100
|-damage|p2b: Volcarona|79/100
|
|-heal|p2b: Volcarona|85/100|[from] Grassy Terrain
|-heal|p2a: Farigiraf|65/100|[from] Grassy Terrain
|upkeep
|turn|2
|
|t:|1750817049
|switch|p2a: Iron Hands|Iron Hands, L50, shiny|100/100
|move|p1a: Calyrex|Protect|p1a: Calyrex
|-singleturn|p1a: Calyrex|Protect
|move|p2b: Volcarona|Quiver Dance|p2b: Volcarona
|-boost|p2b: Volcarona|spa|1
|-boost|p2b: Volcarona|spd|1
|-boost|p2b: Volcarona|spe|1
|move|p1b: Rillaboom|U-turn|p2a: Iron Hands
|-resisted|p2a: Iron Hands
|-damage|p2a: Iron Hands|93/100
|
|t:|1750817055
|switch|p1b: Volcarona|Volcarona, L50, M|100/100|[from] U-turn
|
|-heal|p2b: Volcarona|91/100|[from] Grassy Terrain
|-heal|p2a: Iron Hands|99/100|[from] Grassy Terrain
|upkeep
|turn|3
|
|t:|1750817059
|-terastallize|p1a: Calyrex|Water
|move|p2a: Iron Hands|Fake Out|p1a: Calyrex
|-damage|p1a: Calyrex|90/100
|move|p1b: Volcarona|Rage Powder|p1b: Volcarona
|-singleturn|p1b: Volcarona|move: Rage Powder
|move|p2b: Volcarona|Quiver Dance|p2b: Volcarona
|-boost|p2b: Volcarona|spa|1
|-boost|p2b: Volcarona|spd|1
|-boost|p2b: Volcarona|spe|1
|cant|p1a: Calyrex|flinch
|
|-heal|p2b: Volcarona|97/100|[from] Grassy Terrain
|-heal|p1a: Calyrex|96/100|[from] Grassy Terrain
|-heal|p2a: Iron Hands|100/100|[from] Grassy Terrain
|upkeep
|turn|4
|j|+Omega Gio
|
|t:|1750817072
|-end|p2a: Iron Hands|Quark Drive|[silent]
|switch|p2a: Farigiraf|Farigiraf, L50, F|65/100
|move|p1b: Volcarona|Rage Powder|p1b: Volcarona
|-singleturn|p1b: Volcarona|move: Rage Powder
|move|p2b: Volcarona|Fiery Dance|p1b: Volcarona
|-damage|p1b: Volcarona|21/100
|move|p1a: Calyrex|Trick Room|p1a: Calyrex
|-fieldstart|move: Trick Room|[of] p1a: Calyrex
|
|-heal|p1a: Calyrex|100/100|[from] Grassy Terrain
|-heal|p2a: Farigiraf|72/100|[from] Grassy Terrain
|-heal|p1b: Volcarona|27/100|[from] Grassy Terrain
|-heal|p2b: Volcarona|100/100|[from] Grassy Terrain
|upkeep
|turn|5
|
|t:|1750817081
|-terastallize|p2a: Farigiraf|Water
|move|p1b: Volcarona|Rage Powder|p1b: Volcarona
|-singleturn|p1b: Volcarona|move: Rage Powder
|move|p1a: Calyrex|Glacial Lance|p2a: Farigiraf|[spread] p2a,p2b
|-resisted|p2a: Farigiraf
|-resisted|p2b: Volcarona
|-damage|p2a: Farigiraf|49/100
|-damage|p2b: Volcarona|79/100
|move|p2b: Volcarona|Fiery Dance|p1b: Volcarona
|-damage|p1b: Volcarona|0 fnt
|faint|p1b: Volcarona
|move|p2a: Farigiraf|Trick Room|p2a: Farigiraf
|-fieldend|move: Trick Room
|
|-heal|p2b: Volcarona|85/100|[from] Grassy Terrain
|-heal|p2a: Farigiraf|55/100|[from] Grassy Terrain
|-fieldend|move: Grassy Terrain
|upkeep
|
|t:|1750817090
|switch|p1b: Rillaboom|Rillaboom, L50, M|100/100
|-fieldstart|move: Grassy Terrain|[from] ability: Grassy Surge|[of] p1b: Rillaboom
|turn|6
|
|t:|1750817098
|switch|p1b: Urshifu|Urshifu-Rapid-Strike, L50, F|100/100
|move|p2b: Volcarona|Fiery Dance|p1b: Urshifu
|-resisted|p1b: Urshifu
|-damage|p1b: Urshifu|45/100
|move|p2a: Farigiraf|Psychic|p1b: Urshifu
|-supereffective|p1b: Urshifu
|-damage|p1b: Urshifu|0 fnt
|faint|p1b: Urshifu
|move|p1a: Calyrex|Trick Room|p1a: Calyrex
|-fieldstart|move: Trick Room|[of] p1a: Calyrex
|
|-heal|p2a: Farigiraf|61/100|[from] Grassy Terrain
|-heal|p2b: Volcarona|91/100|[from] Grassy Terrain
|upkeep
|
|t:|1750817106
|switch|p1b: Rillaboom|Rillaboom, L50, M|100/100
|turn|7
|
|t:|1750817109
|move|p1a: Calyrex|Glacial Lance|p2b: Volcarona|[spread] p2a,p2b
|-resisted|p2a: Farigiraf
|-resisted|p2b: Volcarona
|-crit|p2b: Volcarona
|-damage|p2a: Farigiraf|41/100
|-damage|p2b: Volcarona|46/100
|move|p1b: Rillaboom|Wood Hammer|p2a: Farigiraf
|-supereffective|p2a: Farigiraf
|-damage|p2a: Farigiraf|0 fnt
|faint|p2a: Farigiraf
|-damage|p1b: Rillaboom|86/100|[from] Recoil
|move|p2b: Volcarona|Fiery Dance|p1b: Rillaboom
|-supereffective|p1b: Rillaboom
|-damage|p1b: Rillaboom|0 fnt
|-boost|p2b: Volcarona|spa|1
|faint|p1b: Rillaboom
|
|-heal|p2b: Volcarona|52/100|[from] Grassy Terrain
|upkeep
|
|t:|1750817111
|switch|p2a: Iron Hands|Iron Hands, L50, shiny|100/100
|turn|8
|
|t:|1750817114
|move|p2a: Iron Hands|Fake Out|p1a: Calyrex
|-damage|p1a: Calyrex|91/100
|cant|p1a: Calyrex|flinch
|move|p2b: Volcarona|Quiver Dance|p2b: Volcarona
|-boost|p2b: Volcarona|spa|1
|-boost|p2b: Volcarona|spd|1
|-boost|p2b: Volcarona|spe|1
|
|-heal|p1a: Calyrex|97/100|[from] Grassy Terrain
|-heal|p2b: Volcarona|58/100|[from] Grassy Terrain
|upkeep
|turn|9
|
|t:|1750817116
|move|p1a: Calyrex|Protect|p1a: Calyrex
|-singleturn|p1a: Calyrex|Protect
|move|p2a: Iron Hands|Wild Charge|p1a: Calyrex
|-activate|p1a: Calyrex|move: Protect
|move|p2b: Volcarona|Bug Buzz|p1a: Calyrex
|-activate|p1a: Calyrex|move: Protect
|
|-heal|p1a: Calyrex|100/100|[from] Grassy Terrain
|-heal|p2b: Volcarona|65/100|[from] Grassy Terrain
|upkeep
|turn|10
|
|t:|1750817119
|move|p2a: Iron Hands|Wild Charge|p1a: Calyrex
|-supereffective|p1a: Calyrex
|-damage|p1a: Calyrex|33/100
|-damage|p2a: Iron Hands|86/100|[from] Recoil
|move|p1a: Calyrex|Glacial Lance|p2a: Iron Hands|[spread] p2a,p2b
|-resisted|p2b: Volcarona
|-damage|p2a: Iron Hands|49/100
|-damage|p2b: Volcarona|43/100
|move|p2b: Volcarona|Bug Buzz|p1a: Calyrex
|-damage|p1a: Calyrex|0 fnt
|faint|p1a: Calyrex
|
|win|HardFreaQ
