|j|☆Memlonnn
|j|☆gu7rixx
|t:|1750831213
|gametype|doubles
|player|p1|Memlonnn|shauntal|1168
|player|p2|gu7rixx|hoopster|1248
|teamsize|p1|6
|teamsize|p2|6
|gen|9
|tier|[Gen 9] VGC 2025 Reg I
|rated|
|rule|Species Clause: Limit one of each Pokémon
|rule|Item Clause: Limit 1 of each item
|clearpoke
|poke|p1|Clefairy, L50, M|
|poke|p1|Calyrex-Ice, L50|
|poke|p1|Chandelure, L50, M|
|poke|p1|Kyogre, L50|
|poke|p1|Archaludon, L50, F|
|poke|p1|Incineroar, L50, F|
|poke|p2|Kyogre, L50|
|poke|p2|Flutter Mane, L50|
|poke|p2|Smeargle, L50, M|
|poke|p2|Amoonguss, L50, M|
|poke|p2|Calyrex-Ice, L50|
|poke|p2|Incineroar, L50, M|
|teampreview|4
|inactive|Battle timer is ON: inactive players will automatically lose when time's up. (requested by Memlonnn)
|inactive|gu7rixx has 60 seconds left.
Memlonnn has agreed to open team sheets.
|
|t:|1750831254
|start
|switch|p1a: Ballin|Incineroar, L50, F, shiny|100/100
|switch|p1b: Ado|Chandelure, L50, M, shiny|100/100
|switch|p2a: Smeargle|Smeargle, L50, M|100/100
|switch|p2b: Kyogre|Kyogre, L50|100/100
|-weather|RainDance|[from] ability: Drizzle|[of] p2b: Kyogre
|-ability|p1a: Ballin|Intimidate|boost
|-unboost|p2a: Smeargle|atk|1
|-unboost|p2b: Kyogre|atk|1
|turn|1
|
|t:|1750831271
|move|p2a: Smeargle|Fake Out|p1a: Ballin
|-damage|p1a: Ballin|98/100
|cant|p1a: Ballin|flinch
|move|p2b: Kyogre|Water Spout|p1a: Ballin|[spread] p1a,p1b
|-supereffective|p1a: Ballin
|-supereffective|p1b: Ado
|-damage|p1a: Ballin|0 fnt
|-damage|p1b: Ado|0 fnt
|faint|p1a: Ballin
|faint|p1b: Ado
|
|-weather|RainDance|[upkeep]
|-ability|p2a: Smeargle|Moody|boost
|-boost|p2a: Smeargle|spd|2
|-unboost|p2a: Smeargle|spa|1
|upkeep
|
|t:|1750831288
|switch|p1b: Poke|Calyrex-Ice, L50|100/100
|switch|p1a: Bob|Archaludon, L50, F|100/100
|-ability|p1b: Poke|As One
|-ability|p1b: Poke|Unnerve
|turn|2
|
|t:|1750831302
|move|p2b: Kyogre|Protect|p2b: Kyogre
|-singleturn|p2b: Kyogre|Protect
|move|p1b: Poke|Protect|p1b: Poke
|-singleturn|p1b: Poke|Protect
|move|p2a: Smeargle|Spore|p1a: Bob
|-status|p1a: Bob|slp|[from] move: Spore
|cant|p1a: Bob|slp
|
|-weather|RainDance|[upkeep]
|-ability|p2a: Smeargle|Moody|boost
|-boost|p2a: Smeargle|spa|2
|-unboost|p2a: Smeargle|def|1
|upkeep
|turn|3
|
|t:|1750831324
|move|p2b: Kyogre|Water Spout|p1a: Bob|[spread] p1a,p1b
|-resisted|p1a: Bob
|-damage|p1a: Bob|57/100 slp
|-damage|p1b: Poke|19/100
|-ability|p1a: Bob|Stamina|boost
|-boost|p1a: Bob|def|1
|move|p2a: Smeargle|Decorate|p2b: Kyogre
|-boost|p2b: Kyogre|atk|2
|-boost|p2b: Kyogre|spa|2
|cant|p1a: Bob|slp
|move|p1b: Poke|Glacial Lance|p2b: Kyogre|[spread] p2a,p2b
|-resisted|p2b: Kyogre
|-enditem|p2a: Smeargle|Focus Sash
|-damage|p2a: Smeargle|1/100
|-damage|p2b: Kyogre|59/100
|-damage|p1b: Poke|10/100|[from] item: Life Orb
|
|-weather|RainDance|[upkeep]
|-ability|p2a: Smeargle|Moody|boost
|-boost|p2a: Smeargle|spd|2
|-unboost|p2a: Smeargle|atk|1
|upkeep
|turn|4
|inactive|gu7rixx has 30 seconds left.
|
|t:|1750831351
|move|p2b: Kyogre|Protect|p2b: Kyogre
|-singleturn|p2b: Kyogre|Protect
|move|p1b: Poke|Protect|p1b: Poke
|-singleturn|p1b: Poke|Protect
|move|p2a: Smeargle|Decorate|p2b: Kyogre
|-boost|p2b: Kyogre|atk|2
|-boost|p2b: Kyogre|spa|2
|cant|p1a: Bob|slp
|
|-weather|RainDance|[upkeep]
|-ability|p2a: Smeargle|Moody|boost
|-boost|p2a: Smeargle|spd|2
|-unboost|p2a: Smeargle|atk|1
|upkeep
|turn|5
|
|t:|1750831367
|switch|p2a: Incineroar|Incineroar, L50, M, shiny|100/100
|-ability|p2a: Incineroar|Intimidate|boost
|-unboost|p1a: Bob|atk|1
|-unboost|p1b: Poke|atk|1
|move|p1b: Poke|Protect||[still]
|-fail|p1b: Poke
|move|p2b: Kyogre|Water Spout|p1a: Bob|[spread] p1a,p1b
|-resisted|p1a: Bob
|-damage|p1a: Bob|0 fnt
|-damage|p1b: Poke|0 fnt
|faint|p1a: Bob
|faint|p1b: Poke
|
|win|gu7rixx
|raw|Memlonnn's rating: 1168 &rarr; <strong>1149</strong><br />(-19 for losing)
|raw|gu7rixx's rating: 1248 &rarr; <strong>1267</strong><br />(+19 for winning)
|l|☆Memlonnn
|player|p1|
|l|☆gu7rixx
|player|p2|
