|j|☆gingerlike
|j|‽xGSx3ntr0py
|t:|1750740420
|gametype|doubles
|player|p1|gingerlike|2|1461
|player|p2|xGSx3ntr0py|169|1508
|teamsize|p1|6
|teamsize|p2|6
|gen|9
|tier|[Gen 9] VGC 2025 Reg I
|rated|
|rule|Species Clause: Limit one of each Pokémon
|rule|Item Clause: Limit 1 of each item
|clearpoke
|poke|p1|Lilligant-Hisui, L50, F|
|poke|p1|Koraidon, L50|
|poke|p1|Rillaboom, L50, F|
|poke|p1|Zamazenta-*, L50|
|poke|p1|Chien-Pao, L50|
|poke|p1|Annihilape, L50, M|
|poke|p2|Calyrex-Ice, L50|
|poke|p2|Smeargle, L50, F|
|poke|p2|Incineroar, L50, M|
|poke|p2|Rillaboom, L50, M|
|poke|p2|Lunala, L50|
|poke|p2|Muk-Alola, L50, F|
|teampreview|4
|inactive|Battle timer is ON: inactive players will automatically lose when time's up. (requested by gingerlike)
|inactive|gingerlike has 60 seconds left.
|
|t:|1750740453
|start
|switch|p1a: Zamazenta|Zamazenta-Crowned, L50|100/100
|switch|p1b: Annihilape|Annihilape, L50, M|100/100
|switch|p2a: Muk|Muk-Alola, L50, F|100/100
|switch|p2b: Smeargle|Smeargle, L50, F|100/100
|-ability|p1a: Zamazenta|Dauntless Shield|boost
|-boost|p1a: Zamazenta|def|1
|turn|1
|
|t:|1750740469
|move|p2b: Smeargle|Follow Me|p2b: Smeargle
|-singleturn|p2b: Smeargle|move: Follow Me
|move|p1b: Annihilape|Coaching|p1a: Zamazenta
|-boost|p1a: Zamazenta|atk|1
|-boost|p1a: Zamazenta|def|1
|move|p1a: Zamazenta|Body Press|p2b: Smeargle
|-supereffective|p2b: Smeargle
|-enditem|p2b: Smeargle|Focus Sash
|-damage|p2b: Smeargle|1/100
|move|p2a: Muk|Minimize|p2a: Muk
|-boost|p2a: Muk|evasion|2
|
|-ability|p2b: Smeargle|Moody|boost
|-boost|p2b: Smeargle|atk|2
|-unboost|p2b: Smeargle|def|1
|upkeep
|turn|2
|
|t:|1750740489
|move|p2b: Smeargle|Follow Me|p2b: Smeargle
|-singleturn|p2b: Smeargle|move: Follow Me
|move|p1b: Annihilape|Coaching|p1a: Zamazenta
|-boost|p1a: Zamazenta|atk|1
|-boost|p1a: Zamazenta|def|1
|move|p1a: Zamazenta|Heavy Slam|p2b: Smeargle
|-damage|p2b: Smeargle|0 fnt
|faint|p2b: Smeargle
|-ability|p2a: Muk|Moody|[from] ability: Power of Alchemy|[of] p2b: Smeargle
|move|p2a: Muk|Minimize|p2a: Muk
|-boost|p2a: Muk|evasion|2
|
|-ability|p2a: Muk|Moody|boost
|-boost|p2a: Muk|spd|2
|-unboost|p2a: Muk|atk|1
|upkeep
|
|t:|1750740497
|switch|p2b: Lunala|Lunala, L50|100/100
|turn|3
|
|t:|1750740514
|move|p2a: Muk|Protect|p2a: Muk
|-singleturn|p2a: Muk|Protect
|move|p1b: Annihilape|Coaching|p1a: Zamazenta
|-boost|p1a: Zamazenta|atk|1
|-boost|p1a: Zamazenta|def|1
|move|p1a: Zamazenta|Heavy Slam|p2a: Muk
|-activate|p2a: Muk|move: Protect
|move|p2b: Lunala|Psych Up|p2a: Muk
|-copyboost|p2b: Lunala|p2a: Muk|[from] move: Psych Up
|
|-ability|p2a: Muk|Moody|boost
|-boost|p2a: Muk|atk|2
|-unboost|p2a: Muk|def|1
|upkeep
|turn|4
|inactive|xGSx3ntr0py has 30 seconds left.
|
|t:|1750740542
|move|p1b: Annihilape|Coaching|p1a: Zamazenta
|-boost|p1a: Zamazenta|atk|1
|-boost|p1a: Zamazenta|def|1
|move|p1a: Zamazenta|Heavy Slam|p2a: Muk
|-damage|p2a: Muk|0 fnt
|faint|p2a: Muk
|move|p2b: Lunala|Moonblast|p1a: Zamazenta
|-damage|p1a: Zamazenta|71/100
|
|upkeep
|
|t:|1750740549
|switch|p2a: Incineroar|Incineroar, L50, M|100/100
|-ability|p2a: Incineroar|Intimidate|boost
|-unboost|p1a: Zamazenta|atk|1
|-unboost|p1b: Annihilape|atk|1
|-ability|p1b: Annihilape|Defiant|boost
|-boost|p1b: Annihilape|atk|2
|turn|5
|
|t:|1750740558
|move|p1a: Zamazenta|Protect|p1a: Zamazenta
|-singleturn|p1a: Zamazenta|Protect
|move|p2a: Incineroar|Fake Out|p1a: Zamazenta
|-activate|p1a: Zamazenta|move: Protect
|move|p1b: Annihilape|Coaching|p1a: Zamazenta
|-boost|p1a: Zamazenta|atk|1
|-boost|p1a: Zamazenta|def|1
|move|p2b: Lunala|Moonblast|p1a: Zamazenta
|-activate|p1a: Zamazenta|move: Protect
|
|upkeep
|turn|6
|
|t:|1750740578
|move|p1b: Annihilape|Coaching|p1a: Zamazenta
|-boost|p1a: Zamazenta|atk|1
|-boost|p1a: Zamazenta|def|0
|move|p1a: Zamazenta|Heavy Slam|p2b: Lunala|[miss]
|-miss|p1a: Zamazenta|p2b: Lunala
|move|p2b: Lunala|Moonblast|p1a: Zamazenta
|-damage|p1a: Zamazenta|40/100
|move|p2a: Incineroar|Will-O-Wisp|p1a: Zamazenta
|-status|p1a: Zamazenta|brn
|
|-damage|p1a: Zamazenta|34/100 brn|[from] brn
|upkeep
|turn|7
|
|t:|1750740595
|switch|p1b: Chien-Pao|Chien-Pao, L50|100/100
|-ability|p1b: Chien-Pao|Sword of Ruin
|move|p1a: Zamazenta|Body Press|p2a: Incineroar
|-supereffective|p2a: Incineroar
|-damage|p2a: Incineroar|0 fnt
|faint|p2a: Incineroar
|move|p2b: Lunala|Moonblast|p1a: Zamazenta
|-damage|p1a: Zamazenta|8/100 brn
|
|-damage|p1a: Zamazenta|2/100 brn|[from] brn
|upkeep
|turn|8
|
|t:|1750740615
|move|p2b: Lunala|Protect|p2b: Lunala
|-singleturn|p2b: Lunala|Protect
|move|p1b: Chien-Pao|Sucker Punch||[still]
|-fail|p1b: Chien-Pao
|move|p1a: Zamazenta|Heavy Slam|p2b: Lunala
|-activate|p2b: Lunala|move: Protect
|
|-damage|p1a: Zamazenta|0 fnt|[from] brn
|faint|p1a: Zamazenta
|upkeep
|
|t:|1750740623
|switch|p1a: Annihilape|Annihilape, L50, M|100/100
|turn|9
|
|t:|1750740634
|-terastallize|p2b: Lunala|Fairy
|move|p1a: Annihilape|U-turn|p2b: Lunala|[miss]
|-miss|p1a: Annihilape|p2b: Lunala
|move|p1b: Chien-Pao|Throat Chop|p2b: Lunala|[miss]
|-miss|p1b: Chien-Pao|p2b: Lunala
|move|p2b: Lunala|Moonblast|p1a: Annihilape
|-supereffective|p1a: Annihilape
|-damage|p1a: Annihilape|4/100
|
|upkeep
|turn|10
|inactive|gingerlike has 30 seconds left.
|inactive|gingerlike has 20 seconds left.
|c|☆gingerlike|Is this acually fun for you?
|inactive|gingerlike has 15 seconds left.
|
|t:|1750740678
|move|p1a: Annihilape|U-turn|p2b: Lunala|[miss]
|-miss|p1a: Annihilape|p2b: Lunala
|move|p1b: Chien-Pao|Ice Spinner|p2b: Lunala
|-damage|p2b: Lunala|80/100
|move|p2b: Lunala|Moonblast|p1a: Annihilape
|-supereffective|p1a: Annihilape
|-damage|p1a: Annihilape|0 fnt
|faint|p1a: Annihilape
|
|-heal|p2b: Lunala|86/100|[from] item: Leftovers
|upkeep
|
|t:|1750740680
|switch|p1a: Koraidon|Koraidon, L50|100/100
|-weather|SunnyDay|[from] ability: Orichalcum Pulse|[of] p1a: Koraidon
|-activate|p1a: Koraidon|Orichalcum Pulse|[source]
|turn|11
|
|t:|1750740698
|-terastallize|p1a: Koraidon|Fire
|move|p1b: Chien-Pao|Ice Spinner|p2b: Lunala
|-damage|p2b: Lunala|46/100
|move|p1a: Koraidon|Flare Blitz|p2b: Lunala
|-damage|p2b: Lunala|0 fnt
|faint|p2b: Lunala
|-damage|p1a: Koraidon|80/100|[from] Recoil
|-damage|p1a: Koraidon|70/100|[from] item: Life Orb
|
|win|gingerlike
|raw|gingerlike's rating: 1461 &rarr; <strong>1484</strong><br />(+23 for winning)
|raw|xGSx3ntr0py's rating: 1508 &rarr; <strong>1485</strong><br />(-23 for losing)
|l|‽xGSx3ntr0py
|player|p2|
|c|☆gingerlike|Because it shouldn't be.
|l|☆gingerlike
|player|p1|
