|j|☆Scottyboi3
|j|☆we moveing
|t:|1750820594
|gametype|doubles
|player|p1|Scottyboi3|102|1134
|player|p2|we moveing|266|1150
|teamsize|p1|6
|teamsize|p2|6
|gen|9
|tier|[Gen 9] VGC 2025 Reg I
|rated|
|rule|Species Clause: Limit one of each Pokémon
|rule|Item Clause: Limit 1 of each item
|clearpoke
|poke|p1|Incineroar, L50, M|
|poke|p1|Kyogre, L50|
|poke|p1|Tornadus, L50, M|
|poke|p1|Amoonguss, L50, F|
|poke|p1|Roaring Moon, L50|
|poke|p1|Ting-Lu, L50|
|poke|p2|Koraidon, L50|
|poke|p2|Walking Wake, L50|
|poke|p2|Incineroar, L50, M|
|poke|p2|Scovillain, L50, M|
|poke|p2|Ursaluna, L50, F|
|poke|p2|Zamazenta-*, L50|
|teampreview|4
|
|t:|1750820625
|start
|switch|p1a: Tornadus|Tornadus, L50, M|100/100
|switch|p1b: Incineroar|Incineroar, L50, M|100/100
|switch|p2a: Walking Wake|Walking Wake, L50|100/100
|switch|p2b: Zamazenta|Zamazenta-Crowned, L50|100/100
|-ability|p2b: Zamazenta|Dauntless Shield|boost
|-boost|p2b: Zamazenta|def|1
|-ability|p1b: Incineroar|Intimidate|boost
|-unboost|p2a: Walking Wake|atk|1
|-unboost|p2b: Zamazenta|atk|1
|turn|1
|
|t:|1750820643
|move|p1a: Tornadus|Tailwind|p1a: Tornadus
|-sidestart|p1: Scottyboi3|move: Tailwind
|move|p1b: Incineroar|Flare Blitz|p2b: Zamazenta
|-supereffective|p2b: Zamazenta
|-damage|p2b: Zamazenta|68/100
|-damage|p1b: Incineroar|91/100|[from] Recoil
|move|p2b: Zamazenta|Body Press|p1b: Incineroar
|-supereffective|p1b: Incineroar
|-damage|p1b: Incineroar|0 fnt
|faint|p1b: Incineroar
|move|p2a: Walking Wake|Snarl|p1a: Tornadus
|-damage|p1a: Tornadus|76/100
|-unboost|p1a: Tornadus|spa|1
|
|upkeep
|
|t:|1750820658
|switch|p1b: Kyogre|Kyogre, L50|100/100
|-weather|RainDance|[from] ability: Drizzle|[of] p1b: Kyogre
|turn|2
|
|t:|1750820677
|move|p1b: Kyogre|Protect|p1b: Kyogre
|-singleturn|p1b: Kyogre|Protect
|move|p2b: Zamazenta|Protect|p2b: Zamazenta
|-singleturn|p2b: Zamazenta|Protect
|move|p1a: Tornadus|Bleakwind Storm|p2b: Zamazenta|[spread] p2a
|-activate|p2b: Zamazenta|move: Protect
|-damage|p2a: Walking Wake|86/100
|move|p2a: Walking Wake|Snarl|p1b: Kyogre|[spread] p1a
|-activate|p1b: Kyogre|move: Protect
|-damage|p1a: Tornadus|59/100
|-unboost|p1a: Tornadus|spa|1
|
|-weather|RainDance|[upkeep]
|upkeep
|turn|3
|
|t:|1750820723
|switch|p1a: Roaring Moon|Roaring Moon, L50|100/100
|-enditem|p1a: Roaring Moon|Booster Energy
|-activate|p1a: Roaring Moon|ability: Protosynthesis|[fromitem]
|-start|p1a: Roaring Moon|protosynthesisatk
|switch|p2b: Koraidon|Koraidon, L50|100/100
|-weather|SunnyDay|[from] ability: Orichalcum Pulse|[of] p2b: Koraidon
|-activate|p2a: Walking Wake|ability: Protosynthesis
|-start|p2a: Walking Wake|protosynthesisspa
|-activate|p2b: Koraidon|Orichalcum Pulse|[source]
|move|p1b: Kyogre|Water Spout|p2b: Koraidon|[spread] p2a,p2b
|-resisted|p2a: Walking Wake
|-resisted|p2b: Koraidon
|-damage|p2a: Walking Wake|81/100
|-damage|p2b: Koraidon|82/100
|move|p2a: Walking Wake|Hydro Steam|p1a: Roaring Moon
|-resisted|p1a: Roaring Moon
|-damage|p1a: Roaring Moon|65/100
|
|-weather|SunnyDay|[upkeep]
|upkeep
|turn|4
|
|t:|1750820777
|switch|p1b: Tornadus|Tornadus, L50, M|59/100
|move|p1a: Roaring Moon|Protect|p1a: Roaring Moon
|-singleturn|p1a: Roaring Moon|Protect
|move|p2b: Koraidon|Close Combat|p1b: Tornadus
|-resisted|p1b: Tornadus
|-damage|p1b: Tornadus|0 fnt
|-unboost|p2b: Koraidon|def|1
|-unboost|p2b: Koraidon|spd|1
|faint|p1b: Tornadus
|move|p2a: Walking Wake|Draco Meteor|p1a: Roaring Moon
|-activate|p1a: Roaring Moon|move: Protect
|
|-weather|SunnyDay|[upkeep]
|-sideend|p1: Scottyboi3|move: Tailwind
|upkeep
|
|t:|1750820792
|switch|p1b: Kyogre|Kyogre, L50|100/100
|-weather|RainDance|[from] ability: Drizzle|[of] p1b: Kyogre
|-end|p2a: Walking Wake|Protosynthesis
|turn|5
|
|t:|1750820802
|switch|p2b: Zamazenta|Zamazenta-Crowned, L50|68/100
|-terastallize|p1a: Roaring Moon|Flying
|move|p1b: Kyogre|Protect|p1b: Kyogre
|-singleturn|p1b: Kyogre|Protect
|move|p1a: Roaring Moon|Acrobatics|p2a: Walking Wake
|-damage|p2a: Walking Wake|2/100
|move|p2a: Walking Wake|Draco Meteor|p1a: Roaring Moon
|-damage|p1a: Roaring Moon|2/100
|-unboost|p2a: Walking Wake|spa|2
|
|-weather|RainDance|[upkeep]
|upkeep
|turn|6
|
|t:|1750820827
|move|p2b: Zamazenta|Wide Guard|p2b: Zamazenta
|-singleturn|p2b: Zamazenta|Wide Guard
|move|p1a: Roaring Moon|Acrobatics|p2b: Zamazenta
|-damage|p2b: Zamazenta|28/100
|move|p2a: Walking Wake|Snarl|p1a: Roaring Moon|[spread] p1a,p1b
|-damage|p1a: Roaring Moon|0 fnt
|-damage|p1b: Kyogre|97/100
|-unboost|p1b: Kyogre|spa|1
|faint|p1a: Roaring Moon
|-end|p1a: Roaring Moon|Protosynthesis|[silent]
|move|p1b: Kyogre|Water Spout|p2a: Walking Wake|[spread] 
|-activate|p2a: Walking Wake|move: Wide Guard
|-activate|p2b: Zamazenta|move: Wide Guard
|
|-weather|RainDance|[upkeep]
|upkeep
|turn|7
|
|t:|1750820849
|move|p1b: Kyogre|Protect|p1b: Kyogre
|-singleturn|p1b: Kyogre|Protect
|move|p2b: Zamazenta|Body Press|p1b: Kyogre
|-activate|p1b: Kyogre|move: Protect
|move|p2a: Walking Wake|Snarl|p1b: Kyogre
|-activate|p1b: Kyogre|move: Protect
|
|-weather|RainDance|[upkeep]
|upkeep
|turn|8
|
|t:|1750820869
|move|p2b: Zamazenta|Wide Guard|p2b: Zamazenta
|-singleturn|p2b: Zamazenta|Wide Guard
|move|p2a: Walking Wake|Snarl|p1b: Kyogre
|-damage|p1b: Kyogre|92/100
|-unboost|p1b: Kyogre|spa|1
|move|p1b: Kyogre|Ice Beam|p2b: Zamazenta
|-resisted|p2b: Zamazenta
|-damage|p2b: Zamazenta|22/100
|
|-weather|RainDance|[upkeep]
|upkeep
|turn|9
|-message|Scottyboi3 forfeited.
|
|win|we moveing
|raw|Scottyboi3's rating: 1134 &rarr; <strong>1110</strong><br />(-24 for losing)
|raw|we moveing's rating: 1150 &rarr; <strong>1174</strong><br />(+24 for winning)
