|j|☆xavvcb
|j|☆Khalifious
|t:|1750770429
|gametype|doubles
|player|p1|xavvcb|flint|1187
|player|p2|Khalifious|drayden|1145
|teamsize|p1|6
|teamsize|p2|6
|gen|9
|tier|[Gen 9] VGC 2025 Reg I
|rated|
|rule|Species Clause: Limit one of each Pokémon
|rule|Item Clause: Limit 1 of each item
|clearpoke
|poke|p1|Whimsicott, L50, M|
|poke|p1|Kyogre, L50|
|poke|p1|Politoed, L50, F|
|poke|p1|Raichu, L50, M|
|poke|p1|Tornadus, L50, M|
|poke|p1|Calyrex-Shadow, L50|
|poke|p2|Ogerpon, L50, F|
|poke|p2|Iron Bundle, L50|
|poke|p2|Miraidon, L50|
|poke|p2|Iron Boulder, L50|
|poke|p2|Toxicroak, L50, M|
|poke|p2|Lunala, L50|
|teampreview|4
|inactive|Battle timer is ON: inactive players will automatically lose when time's up. (requested by xavvcb)
|inactive|Khalifious also wants the timer to be on.
xavvcb rejected open team sheets.
|inactive|Khalifious has 60 seconds left.
|
|t:|1750770460
|start
|switch|p1a: DE BRUYNE|Whimsicott, L50, M, shiny|100/100
|switch|p1b: CRISTIANO RONALDO|Kyogre, L50|100/100
|switch|p2a: Toxicroak|Toxicroak, L50, M|100/100
|switch|p2b: Ogerpon|Ogerpon, L50, F|100/100
|-weather|RainDance|[from] ability: Drizzle|[of] p1b: CRISTIANO RONALDO
|turn|1
|
|t:|1750770482
|move|p1a: DE BRUYNE|Tailwind|p1a: DE BRUYNE
|-sidestart|p1: xavvcb|move: Tailwind
|move|p1b: CRISTIANO RONALDO|Water Spout|p2b: Ogerpon|[spread] p2b
|-immune|p2a: Toxicroak|[from] ability: Dry Skin
|-resisted|p2b: Ogerpon
|-damage|p2b: Ogerpon|11/100
|move|p2b: Ogerpon|Horn Leech|p1b: CRISTIANO RONALDO
|-supereffective|p1b: CRISTIANO RONALDO
|-damage|p1b: CRISTIANO RONALDO|14/100
|-heal|p2b: Ogerpon|60/100|[from] drain|[of] p1b: CRISTIANO RONALDO
|move|p2a: Toxicroak|Gunk Shot|p1a: DE BRUYNE
|-supereffective|p1a: DE BRUYNE
|-damage|p1a: DE BRUYNE|0 fnt
|faint|p1a: DE BRUYNE
|
|-weather|RainDance|[upkeep]
|upkeep
|
|t:|1750770494
|switch|p1a: WIRTZ|Calyrex-Shadow, L50|100/100
|-ability|p1a: WIRTZ|As One
|-ability|p1a: WIRTZ|Unnerve
|turn|2
|
|t:|1750770501
|switch|p1b: TROSSARD|Raichu, L50, M, shiny|100/100
|move|p2b: Ogerpon|Spiky Shield|p2b: Ogerpon
|-singleturn|p2b: Ogerpon|move: Protect
|move|p1a: WIRTZ|Astral Barrage|p2a: Toxicroak|[spread] p2a
|-activate|p2b: Ogerpon|move: Protect
|-damage|p2a: Toxicroak|31/100
|-damage|p1a: WIRTZ|91/100|[from] item: Life Orb
|move|p2a: Toxicroak|Gunk Shot|p1a: WIRTZ
|-resisted|p1a: WIRTZ
|-damage|p1a: WIRTZ|51/100
|
|-weather|RainDance|[upkeep]
|-heal|p2a: Toxicroak|43/100|[from] ability: Dry Skin
|upkeep
|turn|3
|inactive|xavvcb has 30 seconds left.
|inactive|Khalifious has 30 seconds left.
|
|t:|1750770530
|switch|p2a: Iron Boulder|Iron Boulder, L50|100/100
|-enditem|p2a: Iron Boulder|Booster Energy
|-activate|p2a: Iron Boulder|ability: Quark Drive|[fromitem]
|-start|p2a: Iron Boulder|quarkdriveatk
|move|p2b: Ogerpon|Spiky Shield||[still]
|-fail|p2b: Ogerpon
|move|p1a: WIRTZ|Astral Barrage|p2a: Iron Boulder|[spread] p2a,p2b
|-supereffective|p2a: Iron Boulder
|-damage|p2a: Iron Boulder|0 fnt
|-damage|p2b: Ogerpon|0 fnt
|faint|p2a: Iron Boulder
|-end|p2a: Iron Boulder|Quark Drive|[silent]
|faint|p2b: Ogerpon
|-ability|p1a: WIRTZ|Grim Neigh|boost
|-boost|p1a: WIRTZ|spa|2
|-damage|p1a: WIRTZ|42/100|[from] item: Life Orb
|move|p1b: TROSSARD|Alluring Voice|p2: Iron Boulder|[notarget]
|-fail|p1b: TROSSARD
|
|-weather|RainDance|[upkeep]
|upkeep
|
|t:|1750770537
|switch|p2b: Toxicroak|Toxicroak, L50, M|43/100
|switch|p2a: Lunala|Lunala, L50|100/100
|turn|4
|
|t:|1750770550
|-terastallize|p2a: Lunala|Normal
|move|p2b: Toxicroak|Fake Out|p1b: TROSSARD
|-damage|p1b: TROSSARD|71/100
|move|p1a: WIRTZ|Psychic|p2b: Toxicroak
|-supereffective|p2b: Toxicroak
|-damage|p2b: Toxicroak|0 fnt
|faint|p2b: Toxicroak
|-ability|p1a: WIRTZ|Grim Neigh|boost
|-boost|p1a: WIRTZ|spa|1
|-damage|p1a: WIRTZ|32/100|[from] item: Life Orb
|cant|p1b: TROSSARD|flinch
|move|p2a: Lunala|Trick Room|p2a: Lunala
|-fieldstart|move: Trick Room|[of] p2a: Lunala
|
|-weather|RainDance|[upkeep]
|-sideend|p1: xavvcb|move: Tailwind
|upkeep
|turn|5
|
|t:|1750770573
|switch|p1b: CRISTIANO RONALDO|Kyogre, L50|14/100
|move|p2a: Lunala|Moongeist Beam|p1b: CRISTIANO RONALDO
|-damage|p1b: CRISTIANO RONALDO|0 fnt
|faint|p1b: CRISTIANO RONALDO
|move|p1a: WIRTZ|Pollen Puff|p1: CRISTIANO RONALDO|[notarget]
|-fail|p1a: WIRTZ
|
|-weather|none
|upkeep
|
|t:|1750770579
|switch|p1b: TROSSARD|Raichu, L50, M, shiny|71/100
|turn|6
|
|t:|1750770588
|move|p1b: TROSSARD|Fake Out|p2a: Lunala
|-damage|p2a: Lunala|98/100
|cant|p2a: Lunala|flinch
|move|p1a: WIRTZ|Psychic|p2a: Lunala
|-damage|p2a: Lunala|0 fnt
|faint|p2a: Lunala
|-damage|p1a: WIRTZ|22/100|[from] item: Life Orb
|
|win|xavvcb
|raw|xavvcb's rating: 1187 &rarr; <strong>1209</strong><br />(+22 for winning)
|raw|Khalifious's rating: 1145 &rarr; <strong>1123</strong><br />(-22 for losing)
|c|☆xavvcb|gg
|l|☆Khalifious
|player|p2|
|l|☆xavvcb
|player|p1|
