|j|☆abidan40
|j|☆tommyisamot
|t:|1750795176
|gametype|doubles
|player|p1|abidan40|clown|1105
|player|p2|tommyisamot|gentleman-gen4|1144
|teamsize|p1|6
|teamsize|p2|6
|gen|9
|tier|[Gen 9] VGC 2025 Reg I
|rated|
|rule|Species Clause: Limit one of each Pokémon
|rule|Item Clause: Limit 1 of each item
|clearpoke
|poke|p1|Raikou, L50|
|poke|p1|Incineroar, L50, F|
|poke|p1|Kyurem-Black, L50|
|poke|p1|Calyrex-Shadow, L50|
|poke|p1|Rillaboom, L50, M|
|poke|p1|Ninetales-Alola, L50, F|
|poke|p2|Calyrex-Shadow, L50|
|poke|p2|Incineroar, L50, M|
|poke|p2|Urshifu-*, L50, M|
|poke|p2|Zamazenta-*, L50|
|poke|p2|Rillaboom, L50, M|
|poke|p2|Chien-Pao, L50|
|teampreview|4
|inactive|Battle timer is ON: inactive players will automatically lose when time's up. (requested by abidan40)
|inactive|abidan40 has 60 seconds left.
|inactive|abidan40 has 30 seconds left.
|inactive|abidan40 has 20 seconds left.
|inactive|abidan40 has 15 seconds left.
|inactive|abidan40 has 10 seconds left.
|
|t:|1750795261
|start
|switch|p1a: Raikou|Raikou, L50|100/100
|switch|p1b: Calyrex|Calyrex-Shadow, L50|100/100
|switch|p2a: Zamazenta|Zamazenta-Crowned, L50|100/100
|switch|p2b: Incineroar|Incineroar, L50, M, shiny|100/100
|-ability|p1b: Calyrex|As One
|-ability|p1b: Calyrex|Unnerve
|-ability|p2a: Zamazenta|Dauntless Shield|boost
|-boost|p2a: Zamazenta|def|1
|-ability|p2b: Incineroar|Intimidate|boost
|-fail|p1a: Raikou|unboost|Attack|[from] ability: Inner Focus|[of] p1a: Raikou
|-unboost|p1b: Calyrex|atk|1
|turn|1
|
|t:|1750795285
|move|p1b: Calyrex|Protect|p1b: Calyrex
|-singleturn|p1b: Calyrex|Protect
|move|p2a: Zamazenta|Wide Guard|p2a: Zamazenta
|-singleturn|p2a: Zamazenta|Wide Guard
|move|p2b: Incineroar|Fake Out|p1a: Raikou
|-damage|p1a: Raikou|86/100
|-damage|p2b: Incineroar|84/100|[from] item: Rocky Helmet|[of] p1a: Raikou
|move|p1a: Raikou|Scald|p2b: Incineroar
|-supereffective|p2b: Incineroar
|-damage|p2b: Incineroar|44/100
|
|upkeep
|turn|2
|inactive|tommyisamot has 30 seconds left.
|inactive|tommyisamot has 20 seconds left.
|inactive|tommyisamot has 15 seconds left.
|inactive|tommyisamot has 10 seconds left.
|
|t:|1750795330
|switch|p1b: Incineroar|Incineroar, L50, F, shiny|100/100
|-ability|p1b: Incineroar|Intimidate|boost
|-unboost|p2a: Zamazenta|atk|1
|-unboost|p2b: Incineroar|atk|1
|switch|p2b: Calyrex|Calyrex-Shadow, L50|100/100
|-ability|p2b: Calyrex|As One
|-ability|p2b: Calyrex|Unnerve
|move|p2a: Zamazenta|Wide Guard|p2a: Zamazenta
|-singleturn|p2a: Zamazenta|Wide Guard
|move|p1a: Raikou|Scald|p2b: Calyrex
|-damage|p2b: Calyrex|76/100
|
|upkeep
|turn|3
|
|t:|1750795350
|move|p1b: Incineroar|Fake Out|p2a: Zamazenta
|-resisted|p2a: Zamazenta
|-damage|p2a: Zamazenta|98/100
|move|p2b: Calyrex|Astral Barrage|p1a: Raikou|[spread] p1a,p1b
|-resisted|p1b: Incineroar
|-crit|p1b: Incineroar
|-damage|p1a: Raikou|22/100
|-damage|p1b: Incineroar|61/100
|move|p1a: Raikou|Snarl|p2b: Calyrex|[spread] p2a,p2b
|-resisted|p2a: Zamazenta
|-crit|p2a: Zamazenta
|-supereffective|p2b: Calyrex
|-damage|p2a: Zamazenta|90/100
|-damage|p2b: Calyrex|31/100
|-unboost|p2a: Zamazenta|spa|1
|cant|p2a: Zamazenta|flinch
|
|upkeep
|turn|4
|inactive|abidan40 has 30 seconds left.
|
|t:|1750795385
|switch|p2a: Incineroar|Incineroar, L50, M, shiny|44/100
|-ability|p2a: Incineroar|Intimidate|boost
|-fail|p1a: Raikou|unboost|Attack|[from] ability: Inner Focus|[of] p1a: Raikou
|-unboost|p1b: Incineroar|atk|1
|move|p2b: Calyrex|Astral Barrage|p1a: Raikou|[spread] p1a,p1b
|-resisted|p1b: Incineroar
|-damage|p1a: Raikou|0 fnt
|-damage|p1b: Incineroar|36/100
|faint|p1a: Raikou
|-ability|p2b: Calyrex|Grim Neigh|boost
|-boost|p2b: Calyrex|spa|1
|move|p1b: Incineroar|Knock Off|p2b: Calyrex
|-supereffective|p2b: Calyrex
|-damage|p2b: Calyrex|0 fnt
|-enditem|p2b: Calyrex|Covert Cloak|[from] move: Knock Off|[of] p1b: Incineroar
|-enditem|p1b: Incineroar|Sitrus Berry|[eat]
|-heal|p1b: Incineroar|60/100|[from] item: Sitrus Berry
|faint|p2b: Calyrex
|
|upkeep
|
|t:|1750795406
|switch|p2b: Zamazenta|Zamazenta-Crowned, L50|90/100
|switch|p1a: Calyrex|Calyrex-Shadow, L50|100/100
|-ability|p1a: Calyrex|As One
|-ability|p1a: Calyrex|Unnerve
|turn|5
|inactive|abidan40 has 30 seconds left.
|
|t:|1750795439
|move|p2b: Zamazenta|Wide Guard|p2b: Zamazenta
|-singleturn|p2b: Zamazenta|Wide Guard
|move|p1a: Calyrex|Astral Barrage|p2b: Zamazenta|[spread] 
|-activate|p2a: Incineroar|move: Wide Guard
|-activate|p2b: Zamazenta|move: Wide Guard
|move|p1b: Incineroar|Parting Shot|p2a: Incineroar
|-unboost|p2a: Incineroar|atk|1
|-unboost|p2a: Incineroar|spa|1
|
|t:|1750795448
|switch|p1b: Kyurem|Kyurem-Black, L50|100/100|[from] Parting Shot
|-ability|p1b: Kyurem|Teravolt
|move|p2a: Incineroar|Knock Off|p1a: Calyrex
|-supereffective|p1a: Calyrex
|-enditem|p1a: Calyrex|Focus Sash
|-damage|p1a: Calyrex|1/100
|
|upkeep
|turn|6
|inactive|tommyisamot has 30 seconds left.
|inactive|tommyisamot has 20 seconds left.
|inactive|tommyisamot has 15 seconds left.
|inactive|tommyisamot has 10 seconds left.
|
|t:|1750795497
|switch|p1a: Incineroar|Incineroar, L50, F, shiny|60/100
|-ability|p1a: Incineroar|Intimidate|boost
|-unboost|p2a: Incineroar|atk|1
|-unboost|p2b: Zamazenta|atk|1
|-terastallize|p1b: Kyurem|Poison
|move|p2b: Zamazenta|Protect||[still]
|-fail|p2b: Zamazenta
|move|p1b: Kyurem|Scale Shot|p2a: Incineroar
|-damage|p2a: Incineroar|30/100
|-damage|p2a: Incineroar|17/100
|-damage|p2a: Incineroar|4/100
|-damage|p2a: Incineroar|0 fnt
|faint|p2a: Incineroar
|-hitcount|p2: Incineroar|4
|-unboost|p1b: Kyurem|def|1
|-boost|p1b: Kyurem|spe|1
|
|upkeep
|
|t:|1750795515
|switch|p2a: Urshifu|Urshifu-Rapid-Strike, L50, M|100/100
|turn|7
|inactive|tommyisamot has 30 seconds left.
|
|t:|1750795542
|switch|p1b: Calyrex|Calyrex-Shadow, L50|1/100
|-ability|p1b: Calyrex|As One
|-ability|p1b: Calyrex|Unnerve
|move|p1a: Incineroar|Fake Out|p2a: Urshifu
|-damage|p2a: Urshifu|87/100
|move|p2b: Zamazenta|Heavy Slam|p1b: Calyrex
|-damage|p1b: Calyrex|0 fnt
|faint|p1b: Calyrex
|cant|p2a: Urshifu|flinch
|
|upkeep
|
|t:|1750795555
|switch|p1b: Kyurem|Kyurem-Black, L50, tera:Poison|100/100
|-ability|p1b: Kyurem|Teravolt
|turn|8
|inactive|tommyisamot has 30 seconds left.
|inactive|tommyisamot has 20 seconds left.
|
|t:|1750795592
|-terastallize|p2a: Urshifu|Stellar
|move|p2b: Zamazenta|Body Press|p1a: Incineroar
|-supereffective|p1a: Incineroar
|-crit|p1a: Incineroar
|-damage|p1a: Incineroar|0 fnt
|faint|p1a: Incineroar
|move|p1b: Kyurem|Dragon Dance|p1b: Kyurem
|-boost|p1b: Kyurem|atk|1
|-boost|p1b: Kyurem|spe|1
|move|p2a: Urshifu|Close Combat|p1b: Kyurem
|-resisted|p1b: Kyurem
|-damage|p1b: Kyurem|62/100
|-unboost|p2a: Urshifu|def|1
|-unboost|p2a: Urshifu|spd|1
|
|upkeep
|turn|9
|
|t:|1750795616
|move|p1b: Kyurem|Icicle Spear|p2a: Urshifu
|-resisted|p2a: Urshifu
|-damage|p2a: Urshifu|72/100
|-resisted|p2a: Urshifu
|-damage|p2a: Urshifu|56/100
|-resisted|p2a: Urshifu
|-damage|p2a: Urshifu|40/100
|-resisted|p2a: Urshifu
|-damage|p2a: Urshifu|22/100
|-resisted|p2a: Urshifu
|-damage|p2a: Urshifu|4/100
|-hitcount|p2a: Urshifu|5
|move|p2b: Zamazenta|Heavy Slam|p1b: Kyurem
|-damage|p1b: Kyurem|48/100
|move|p2a: Urshifu|Close Combat|p1b: Kyurem
|-resisted|p1b: Kyurem
|-damage|p1b: Kyurem|20/100
|-unboost|p2a: Urshifu|def|1
|-unboost|p2a: Urshifu|spd|1
|
|upkeep
|turn|10
|-message|abidan40 forfeited.
|
|win|tommyisamot
|raw|abidan40's rating: 1105 &rarr; <strong>1083</strong><br />(-22 for losing)
|raw|tommyisamot's rating: 1144 &rarr; <strong>1166</strong><br />(+22 for winning)
|l|☆abidan40
|player|p1|
|l|☆tommyisamot
|player|p2|
