|j|‽Shrekers13
|j|☆jephre45
|t:|1750827015
|gametype|doubles
|player|p1|Shrekers13|265|1436
|player|p2|jephre45|plasmagrunt|1450
|teamsize|p1|6
|teamsize|p2|6
|gen|9
|tier|[Gen 9] VGC 2025 Reg I
|rated|
|rule|Species Clause: Limit one of each Pokémon
|rule|Item Clause: Limit 1 of each item
|clearpoke
|poke|p1|Calyrex-Ice, L50|
|poke|p1|Miraidon, L50|
|poke|p1|Iron Hands, L50|
|poke|p1|Iron Bundle, L50|
|poke|p1|Ogerpon-Hearthflame, L50, F|
|poke|p1|Farigiraf, L50, F|
|poke|p2|Koraidon, L50|
|poke|p2|Calyrex-Ice, L50|
|poke|p2|Flutter Mane, L50|
|poke|p2|Chi-Yu, L50|
|poke|p2|Brute Bonnet, L50|
|poke|p2|Annihilape, L50, F|
|teampreview|4
|inactive|Battle timer is ON: inactive players will automatically lose when time's up. (requested by Shrekers13)
|
|t:|1750827094
|start
|switch|p1a: Miraidon|Miraidon, L50|100/100
|switch|p1b: Iron Bundle|Iron Bundle, L50, shiny|100/100
|switch|p2a: Koraidon|Koraidon, L50|100/100
|switch|p2b: Flutter Mane|Flutter Mane, L50|100/100
|-weather|SunnyDay|[from] ability: Orichalcum Pulse|[of] p2a: Koraidon
|-activate|p2b: Flutter Mane|ability: Protosynthesis
|-start|p2b: Flutter Mane|protosynthesisspe
|-activate|p2a: Koraidon|Orichalcum Pulse|[source]
|-fieldstart|move: Electric Terrain|[from] ability: Hadron Engine|[of] p1a: Miraidon
|-activate|p1b: Iron Bundle|ability: Quark Drive
|-start|p1b: Iron Bundle|quarkdrivespe
|turn|1
|
|t:|1750827110
|move|p2b: Flutter Mane|Protect|p2b: Flutter Mane
|-singleturn|p2b: Flutter Mane|Protect
|move|p2a: Koraidon|Protect|p2a: Koraidon
|-singleturn|p2a: Koraidon|Protect
|move|p1b: Iron Bundle|Icy Wind|p2b: Flutter Mane|[spread] 
|-activate|p2a: Koraidon|move: Protect
|-activate|p2b: Flutter Mane|move: Protect
|move|p1a: Miraidon|Volt Switch|p2a: Koraidon
|-activate|p2a: Koraidon|move: Protect
|
|-weather|SunnyDay|[upkeep]
|upkeep
|turn|2
|j| Samevgcmons
|
|t:|1750827132
|-terastallize|p1a: Miraidon|Fairy
|move|p1b: Iron Bundle|Icy Wind|p2b: Flutter Mane|[spread] p2a,p2b
|-supereffective|p2a: Koraidon
|-damage|p2a: Koraidon|61/100
|-damage|p2b: Flutter Mane|79/100
|-unboost|p2a: Koraidon|spe|1
|-unboost|p2b: Flutter Mane|spe|1
|move|p1a: Miraidon|Volt Switch|p2b: Flutter Mane
|-damage|p2b: Flutter Mane|0 fnt
|faint|p2b: Flutter Mane
|-end|p2b: Flutter Mane|Protosynthesis|[silent]
|
|t:|1750827145
|switch|p1a: Ogerpon|Ogerpon-Hearthflame, L50, F|100/100|[from] Volt Switch
|-ability|p1a: Ogerpon|Mold Breaker
|move|p2a: Koraidon|Flame Charge|p1a: Ogerpon
|-damage|p1a: Ogerpon|42/100
|-boost|p2a: Koraidon|spe|1
|-damage|p2a: Koraidon|51/100|[from] item: Life Orb
|
|-weather|SunnyDay|[upkeep]
|upkeep
|
|t:|1750827151
|switch|p2b: Calyrex|Calyrex-Ice, L50|100/100
|-ability|p2b: Calyrex|As One
|-ability|p2b: Calyrex|Unnerve
|turn|3
|inactive|jephre45 has 30 seconds left.
|
|t:|1750827179
|-terastallize|p2b: Calyrex|Fairy
|move|p2a: Koraidon|Protect|p2a: Koraidon
|-singleturn|p2a: Koraidon|Protect
|move|p1b: Iron Bundle|Icy Wind|p2b: Calyrex|[spread] p2b
|-activate|p2a: Koraidon|move: Protect
|-damage|p2b: Calyrex|86/100
|move|p1a: Ogerpon|Ivy Cudgel|p2a: Koraidon|[anim] Ivy Cudgel Fire
|-activate|p2a: Koraidon|move: Protect
|move|p2b: Calyrex|Trick Room|p2b: Calyrex
|-fieldstart|move: Trick Room|[of] p2b: Calyrex
|
|-weather|SunnyDay|[upkeep]
|upkeep
|turn|4
|inactive|Shrekers13 has 30 seconds left.
|
|t:|1750827206
|switch|p1a: Calyrex|Calyrex-Ice, L50|100/100
|-ability|p1a: Calyrex|As One
|-ability|p1a: Calyrex|Unnerve
|move|p1b: Iron Bundle|Protect|p1b: Iron Bundle
|-singleturn|p1b: Iron Bundle|Protect
|move|p2b: Calyrex|Glacial Lance|p1b: Iron Bundle|[spread] p1a
|-activate|p1b: Iron Bundle|move: Protect
|-resisted|p1a: Calyrex
|-damage|p1a: Calyrex|84/100
|move|p2a: Koraidon|Close Combat|p1b: Iron Bundle
|-activate|p1b: Iron Bundle|move: Protect
|
|-weather|SunnyDay|[upkeep]
|upkeep
|turn|5
|
|t:|1750827224
|move|p2a: Koraidon|Protect|p2a: Koraidon
|-singleturn|p2a: Koraidon|Protect
|move|p1a: Calyrex|Glacial Lance|p2a: Koraidon|[spread] p2b
|-activate|p2a: Koraidon|move: Protect
|-damage|p2b: Calyrex|52/100
|move|p2b: Calyrex|Glacial Lance|p1b: Iron Bundle|[spread] p1a,p1b
|-resisted|p1a: Calyrex
|-resisted|p1b: Iron Bundle
|-crit|p1b: Iron Bundle
|-damage|p1a: Calyrex|67/100
|-damage|p1b: Iron Bundle|73/100
|move|p1b: Iron Bundle|Hydro Pump|p2b: Calyrex|[miss]
|-miss|p1b: Iron Bundle|p2b: Calyrex
|
|-weather|none
|-fieldend|move: Electric Terrain
|-end|p1b: Iron Bundle|Quark Drive
|upkeep
|turn|6
|
|t:|1750827240
|switch|p2a: Brute Bonnet|Brute Bonnet, L50|100/100
|move|p1a: Calyrex|Glacial Lance|p2b: Calyrex|[spread] p2a,p2b
|-supereffective|p2a: Brute Bonnet
|-damage|p2a: Brute Bonnet|18/100
|-damage|p2b: Calyrex|18/100
|move|p2b: Calyrex|Close Combat|p1b: Iron Bundle
|-supereffective|p1b: Iron Bundle
|-damage|p1b: Iron Bundle|0 fnt
|-unboost|p2b: Calyrex|def|1
|-unboost|p2b: Calyrex|spd|1
|faint|p1b: Iron Bundle
|-end|p1b: Iron Bundle|Quark Drive|[silent]
|-ability|p2b: Calyrex|Chilling Neigh|boost
|-boost|p2b: Calyrex|atk|1
|
|upkeep
|
|t:|1750827257
|switch|p1b: Ogerpon|Ogerpon-Hearthflame, L50, F|42/100
|-ability|p1b: Ogerpon|Mold Breaker
|turn|7
|
|t:|1750827263
|move|p2b: Calyrex|Protect|p2b: Calyrex
|-singleturn|p2b: Calyrex|Protect
|move|p1b: Ogerpon|Spiky Shield|p1b: Ogerpon
|-singleturn|p1b: Ogerpon|move: Protect
|move|p2a: Brute Bonnet|Sucker Punch|p1a: Calyrex
|-supereffective|p1a: Calyrex
|-damage|p1a: Calyrex|29/100
|move|p1a: Calyrex|Glacial Lance|p2b: Calyrex|[spread] p2a
|-activate|p2b: Calyrex|move: Protect
|-supereffective|p2a: Brute Bonnet
|-damage|p2a: Brute Bonnet|0 fnt
|faint|p2a: Brute Bonnet
|-end|p2a: Brute Bonnet|Protosynthesis|[silent]
|-ability|p1a: Calyrex|Chilling Neigh|boost
|-boost|p1a: Calyrex|atk|1
|
|-fieldend|move: Trick Room
|upkeep
|
|t:|1750827269
|switch|p2a: Koraidon|Koraidon, L50|51/100
|-weather|SunnyDay|[from] ability: Orichalcum Pulse|[of] p2a: Koraidon
|-activate|p2a: Koraidon|Orichalcum Pulse|[source]
|turn|8
|inactive|jephre45 has 30 seconds left.
|
|t:|1750827295
|move|p2b: Calyrex|Protect||[still]
|-fail|p2b: Calyrex
|move|p2a: Koraidon|Flame Charge|p1a: Calyrex
|-supereffective|p1a: Calyrex
|-damage|p1a: Calyrex|0 fnt
|-boost|p2a: Koraidon|spe|1
|faint|p1a: Calyrex
|-damage|p2a: Koraidon|41/100|[from] item: Life Orb
|move|p1b: Ogerpon|Ivy Cudgel|p2b: Calyrex|[anim] Ivy Cudgel Fire
|-damage|p2b: Calyrex|0 fnt
|faint|p2b: Calyrex
|
|-weather|SunnyDay|[upkeep]
|upkeep
|
|t:|1750827307
|switch|p1a: Miraidon|Miraidon, L50, tera:Fairy|100/100
|-fieldstart|move: Electric Terrain|[from] ability: Hadron Engine|[of] p1a: Miraidon
|turn|9
|
|t:|1750827315
|move|p1b: Ogerpon|Follow Me|p1b: Ogerpon
|-singleturn|p1b: Ogerpon|move: Follow Me
|move|p2a: Koraidon|Flare Blitz|p1b: Ogerpon
|-damage|p1b: Ogerpon|0 fnt
|faint|p1b: Ogerpon
|-damage|p2a: Koraidon|29/100|[from] Recoil
|-damage|p2a: Koraidon|19/100|[from] item: Life Orb
|move|p1a: Miraidon|Electro Drift|p2a: Koraidon
|-resisted|p2a: Koraidon
|-damage|p2a: Koraidon|0 fnt
|faint|p2a: Koraidon
|
|win|Shrekers13
|raw|Shrekers13's rating: 1436 &rarr; <strong>1457</strong><br />(+21 for winning)
|raw|jephre45's rating: 1450 &rarr; <strong>1429</strong><br />(-21 for losing)
|l|☆jephre45
|player|p2|
|l|‽Shrekers13
|player|p1|
|l| Samevgcmons
