|j|☆Anothernameagain
|j|☆Air947
|t:|1750744933
|gametype|doubles
|player|p1|Anothernameagain|266|1215
|player|p2|Air947|1|1231
|teamsize|p1|6
|teamsize|p2|6
|gen|9
|tier|[Gen 9] VGC 2025 Reg I
|rated|
|rule|Species Clause: Limit one of each Pokémon
|rule|Item Clause: Limit 1 of each item
|clearpoke
|poke|p1|Koraidon, L50|
|poke|p1|Chi-Yu, L50|
|poke|p1|Weezing, L50, M|
|poke|p1|Incineroar, L50, M|
|poke|p1|Calyrex-Shadow, L50|
|poke|p1|Ogerpon-Wellspring, L50, F|
|poke|p2|Lunala, L50|
|poke|p2|Zamazenta-*, L50|
|poke|p2|Indeedee-F, L50, F|
|poke|p2|Amoonguss, L50, M|
|poke|p2|Ting-Lu, L50|
|poke|p2|Ursaluna-Bloodmoon, L50, M|
|teampreview|4
|
|t:|1750744983
|start
|switch|p1a: Ogerpon|Ogerpon-Wellspring, L50, F|100/100
|switch|p1b: Weezing|Weezing, L50, M|100/100
|switch|p2a: Amoonguss|Amoonguss, L50, M|100/100
|switch|p2b: Lunala|Lunala, L50|100/100
|-ability|p1b: Weezing|Neutralizing Gas
|turn|1
|
|t:|1750745007
|move|p1a: Ogerpon|Spiky Shield|p1a: Ogerpon
|-singleturn|p1a: Ogerpon|move: Protect
|move|p2b: Lunala|Moongeist Beam|p1b: Weezing
|-damage|p1b: Weezing|43/100
|move|p1b: Weezing|Taunt|p2a: Amoonguss
|-start|p2a: Amoonguss|move: Taunt
|cant|p2a: Amoonguss|move: Taunt|Spore
|
|-heal|p1b: Weezing|49/100|[from] item: Leftovers
|upkeep
|turn|2
|
|t:|1750745025
|move|p1b: Weezing|Protect|p1b: Weezing
|-singleturn|p1b: Weezing|Protect
|move|p1a: Ogerpon|Ivy Cudgel|p2b: Lunala|[anim] Ivy Cudgel Water
|-damage|p2b: Lunala|65/100
|move|p2b: Lunala|Moongeist Beam|p1b: Weezing
|-activate|p1b: Weezing|move: Protect
|move|p2a: Amoonguss|Pollen Puff|p1a: Ogerpon
|-supereffective|p1a: Ogerpon
|-damage|p1a: Ogerpon|63/100
|
|-heal|p1b: Weezing|55/100|[from] item: Leftovers
|upkeep
|turn|3
|
|t:|1750745053
|move|p1a: Ogerpon|Ivy Cudgel|p2b: Lunala|[anim] Ivy Cudgel Water
|-damage|p2b: Lunala|28/100
|move|p1b: Weezing|Assurance|p2b: Lunala
|-supereffective|p2b: Lunala
|-crit|p2b: Lunala
|-damage|p2b: Lunala|0 fnt
|faint|p2b: Lunala
|move|p2a: Amoonguss|Pollen Puff|p2: Lunala|[notarget]
|-fail|p2a: Amoonguss
|
|-heal|p1b: Weezing|60/100|[from] item: Leftovers
|-end|p2a: Amoonguss|move: Taunt
|upkeep
|
|t:|1750745063
|switch|p2b: Ursaluna|Ursaluna-Bloodmoon, L50, M|100/100
|turn|4
|
|t:|1750745077
|-terastallize|p2b: Ursaluna|Normal
|move|p1b: Weezing|Protect|p1b: Weezing
|-singleturn|p1b: Weezing|Protect
|move|p2a: Amoonguss|Rage Powder|p2a: Amoonguss
|-singleturn|p2a: Amoonguss|move: Rage Powder
|move|p1a: Ogerpon|Ivy Cudgel|p2b: Ursaluna|[anim] Ivy Cudgel Water
|-damage|p2b: Ursaluna|64/100
|move|p2b: Ursaluna|Hyper Voice|p1a: Ogerpon|[spread] p1a
|-activate|p1b: Weezing|move: Protect
|-damage|p1a: Ogerpon|0 fnt
|faint|p1a: Ogerpon
|-damage|p2b: Ursaluna|54/100|[from] item: Life Orb
|
|-heal|p1b: Weezing|66/100|[from] item: Leftovers
|upkeep
|
|t:|1750745090
|switch|p1a: Chi-Yu|Chi-Yu, L50|100/100
|turn|5
|
|t:|1750745104
|-terastallize|p1a: Chi-Yu|Fire
|move|p2a: Amoonguss|Protect|p2a: Amoonguss
|-singleturn|p2a: Amoonguss|Protect
|move|p1a: Chi-Yu|Heat Wave|p2a: Amoonguss|[spread] p2b
|-activate|p2a: Amoonguss|move: Protect
|-damage|p2b: Ursaluna|0 fnt
|faint|p2b: Ursaluna
|move|p1b: Weezing|Assurance|p2a: Amoonguss
|-activate|p2a: Amoonguss|move: Protect
|
|-heal|p1b: Weezing|72/100|[from] item: Leftovers
|upkeep
|
|t:|1750745112
|switch|p2b: Zamazenta|Zamazenta-Crowned, L50|100/100
|turn|6
|
|t:|1750745125
|move|p1a: Chi-Yu|Heat Wave|p2b: Zamazenta|[spread] p2a,p2b
|-supereffective|p2a: Amoonguss
|-supereffective|p2b: Zamazenta
|-damage|p2a: Amoonguss|11/100
|-damage|p2b: Zamazenta|38/100
|-status|p2b: Zamazenta|brn
|-enditem|p2a: Amoonguss|Sitrus Berry|[eat]
|-heal|p2a: Amoonguss|36/100|[from] item: Sitrus Berry
|move|p2b: Zamazenta|Body Press|p1a: Chi-Yu
|-damage|p1a: Chi-Yu|61/100
|move|p1b: Weezing|Will-O-Wisp|p2b: Zamazenta
|-fail|p2b: Zamazenta|brn
|move|p2a: Amoonguss|Pollen Puff|p2b: Zamazenta
|-heal|p2b: Zamazenta|88/100 brn
|
|-heal|p1b: Weezing|78/100|[from] item: Leftovers
|-damage|p2b: Zamazenta|82/100 brn|[from] brn
|upkeep
|turn|7
|
|t:|1750745150
|switch|p1a: Calyrex|Calyrex-Shadow, L50|100/100
|-ability|p1a: Calyrex|As One
|-ability|p1a: Calyrex|Unnerve
|move|p2b: Zamazenta|Wide Guard|p2b: Zamazenta
|-singleturn|p2b: Zamazenta|Wide Guard
|move|p1b: Weezing|Taunt|p2a: Amoonguss
|-start|p2a: Amoonguss|move: Taunt
|cant|p2a: Amoonguss|move: Taunt|Spore
|
|-heal|p1b: Weezing|84/100|[from] item: Leftovers
|-damage|p2b: Zamazenta|76/100 brn|[from] brn
|upkeep
|turn|8
|
|t:|1750745177
|move|p1a: Calyrex|Encore|p2b: Zamazenta
|-start|p2b: Zamazenta|Encore
|move|p2b: Zamazenta|Wide Guard|p2b: Zamazenta
|-singleturn|p2b: Zamazenta|Wide Guard
|move|p1b: Weezing|Will-O-Wisp|p2a: Amoonguss|[miss]
|-miss|p1b: Weezing|p2a: Amoonguss
|move|p2a: Amoonguss|Pollen Puff|p2b: Zamazenta
|-heal|p2b: Zamazenta|100/100 brn
|
|-heal|p1b: Weezing|89/100|[from] item: Leftovers
|-damage|p2b: Zamazenta|94/100 brn|[from] brn
|upkeep
|turn|9
|
|t:|1750745190
|move|p2b: Zamazenta|Wide Guard|p2b: Zamazenta
|-singleturn|p2b: Zamazenta|Wide Guard
|move|p1a: Calyrex|Psychic|p2a: Amoonguss
|-supereffective|p2a: Amoonguss
|-damage|p2a: Amoonguss|0 fnt
|faint|p2a: Amoonguss
|-ability|p1a: Calyrex|Grim Neigh|boost
|-boost|p1a: Calyrex|spa|1
|move|p1b: Weezing|Taunt|p2b: Zamazenta
|-start|p2b: Zamazenta|move: Taunt
|
|-heal|p1b: Weezing|95/100|[from] item: Leftovers
|-damage|p2b: Zamazenta|88/100 brn|[from] brn
|upkeep
|turn|10
|-message|Air947 forfeited.
|
|win|Anothernameagain
|raw|Anothernameagain's rating: 1215 &rarr; <strong>1241</strong><br />(+26 for winning)
|raw|Air947's rating: 1231 &rarr; <strong>1205</strong><br />(-26 for losing)
|l|☆Air947
|player|p2|
|l|☆Anothernameagain
|player|p1|
