|j|☆BabaYaga357
|j|☆knucklee
|t:|1750773155
|gametype|doubles
|player|p1|BabaYaga357|1|1327
|player|p2|knucklee|169|1345
|teamsize|p1|6
|teamsize|p2|6
|gen|9
|tier|[Gen 9] VGC 2025 Reg I
|rated|
|rule|Species Clause: Limit one of each Pokémon
|rule|Item Clause: Limit 1 of each item
|clearpoke
|poke|p1|Solgaleo, L50|
|poke|p1|Ursaluna, L50, M|
|poke|p1|Urshifu-*, L50, F|
|poke|p1|Amoonguss, L50, M|
|poke|p1|Ho-Oh, L50|
|poke|p1|Incineroar, L50, M|
|poke|p2|Calyrex-Shadow, L50|
|poke|p2|Incineroar, L50, F|
|poke|p2|Rillaboom, L50, M|
|poke|p2|Raging Bolt, L50|
|poke|p2|Zamazenta-*, L50|
|poke|p2|Ogerpon-Hearthflame, L50, F|
|teampreview|4
|inactive|Battle timer is ON: inactive players will automatically lose when time's up. (requested by BabaYaga357)
|inactive|BabaYaga357 has 60 seconds left.
|inactive|knucklee has 60 seconds left.
|inactive|BabaYaga357 has 30 seconds left.
|
|t:|1750773219
|start
|switch|p1a: Solgaleo|Solgaleo, L50|100/100
|switch|p1b: Incineroar|Incineroar, L50, M|100/100
|switch|p2a: Incineroar|Incineroar, L50, F|100/100
|switch|p2b: Calyrex|Calyrex-Shadow, L50|100/100
|-ability|p2b: Calyrex|As One
|-ability|p2b: Calyrex|Unnerve
|-ability|p1b: Incineroar|Intimidate|boost
|-unboost|p2a: Incineroar|atk|1
|-unboost|p2b: Calyrex|atk|1
|-ability|p2a: Incineroar|Intimidate|boost
|-fail|p1a: Solgaleo|unboost|[from] ability: Full Metal Body|[of] p1a: Solgaleo
|-unboost|p1b: Incineroar|atk|1
|turn|1
|inactive|BabaYaga357 has 30 seconds left.
|inactive|knucklee has 30 seconds left.
|inactive|BabaYaga357 has 20 seconds left.
|
|t:|1750773259
|switch|p2a: Ogerpon|Ogerpon-Hearthflame, L50, F|100/100
|-ability|p2a: Ogerpon|Mold Breaker
|-terastallize|p2b: Calyrex|Dark
|move|p1b: Incineroar|Fake Out|p2a: Ogerpon
|-damage|p2a: Ogerpon|93/100
|move|p2b: Calyrex|Nasty Plot|p2b: Calyrex
|-boost|p2b: Calyrex|spa|2
|move|p1a: Solgaleo|Trick Room|p1a: Solgaleo
|-fieldstart|move: Trick Room|[of] p1a: Solgaleo
|
|upkeep
|turn|2
|inactive|BabaYaga357 has 30 seconds left.
|inactive|knucklee has 30 seconds left.
|inactive|BabaYaga357 has 20 seconds left.
|inactive|knucklee has 20 seconds left.
|inactive|BabaYaga357 has 15 seconds left.
|inactive|knucklee has 15 seconds left.
|inactive|knucklee has 10 seconds left.
|inactive|BabaYaga357 has 10 seconds left.
|
|t:|1750773311
|-terastallize|p1a: Solgaleo|Dragon
|move|p2a: Ogerpon|Follow Me|p2a: Ogerpon
|-singleturn|p2a: Ogerpon|move: Follow Me
|move|p1a: Solgaleo|Sunsteel Strike|p2a: Ogerpon
|-resisted|p2a: Ogerpon
|-damage|p2a: Ogerpon|57/100
|-damage|p1a: Solgaleo|91/100|[from] item: Life Orb
|move|p1b: Incineroar|Parting Shot|p2a: Ogerpon
|-unboost|p2a: Ogerpon|atk|1
|-unboost|p2a: Ogerpon|spa|1
|
|t:|1750773321
|switch|p1b: Ursaluna|Ursaluna, L50, M|100/100|[from] Parting Shot
|move|p2b: Calyrex|Astral Barrage|p1b: Ursaluna|[spread] p1a
|-immune|p1b: Ursaluna
|-damage|p1a: Solgaleo|0 fnt
|faint|p1a: Solgaleo
|-ability|p2b: Calyrex|Grim Neigh|boost
|-boost|p2b: Calyrex|spa|1
|-damage|p2b: Calyrex|91/100|[from] item: Life Orb
|
|-status|p1b: Ursaluna|brn|[from] item: Flame Orb
|upkeep
|
|t:|1750773323
|switch|p1a: Incineroar|Incineroar, L50, M|100/100
|-ability|p1a: Incineroar|Intimidate|boost
|-unboost|p2a: Ogerpon|atk|1
|-unboost|p2b: Calyrex|atk|1
|turn|3
|
|t:|1750773343
|switch|p1a: Sefesta|Ho-Oh, L50|100/100
|move|p2a: Ogerpon|Spiky Shield|p2a: Ogerpon
|-singleturn|p2a: Ogerpon|move: Protect
|move|p2b: Calyrex|Protect|p2b: Calyrex
|-singleturn|p2b: Calyrex|Protect
|move|p1b: Ursaluna|Earthquake|p2a: Ogerpon|[spread] 
|-activate|p2a: Ogerpon|move: Protect
|-activate|p2b: Calyrex|move: Protect
|-immune|p1a: Sefesta
|
|-damage|p1b: Ursaluna|95/100 brn|[from] brn
|upkeep
|turn|4
|
|t:|1750773368
|switch|p2a: Incineroar|Incineroar, L50, F|100/100
|-ability|p2a: Incineroar|Intimidate|boost
|-fail|p1a: Sefesta|unboost|[from] item: Clear Amulet|[of] p1a: Sefesta
|-unboost|p1b: Ursaluna|atk|1
|move|p1b: Ursaluna|Facade|p2b: Calyrex
|-damage|p2b: Calyrex|12/100
|move|p1a: Sefesta|Brave Bird|p2a: Incineroar
|-damage|p2a: Incineroar|58/100
|-damage|p1a: Sefesta|84/100|[from] item: Rocky Helmet|[of] p2a: Incineroar
|-damage|p1a: Sefesta|71/100|[from] Recoil
|move|p2b: Calyrex|Psychic|p1b: Ursaluna
|-damage|p1b: Ursaluna|0 fnt
|faint|p1b: Ursaluna
|-ability|p2b: Calyrex|Grim Neigh|boost
|-boost|p2b: Calyrex|spa|1
|-damage|p2b: Calyrex|3/100|[from] item: Life Orb
|
|upkeep
|
|t:|1750773382
|switch|p1b: Incineroar|Incineroar, L50, M|100/100
|-ability|p1b: Incineroar|Intimidate|boost
|-unboost|p2a: Incineroar|atk|1
|-unboost|p2b: Calyrex|atk|1
|turn|5
|
|t:|1750773395
|switch|p2a: Zamazenta|Zamazenta-Crowned, L50|100/100
|-ability|p2a: Zamazenta|Dauntless Shield|boost
|-boost|p2a: Zamazenta|def|1
|move|p2b: Calyrex|Protect|p2b: Calyrex
|-singleturn|p2b: Calyrex|Protect
|move|p1b: Incineroar|Fake Out|p2b: Calyrex
|-activate|p2b: Calyrex|move: Protect
|move|p1a: Sefesta|Tailwind|p1a: Sefesta
|-sidestart|p1: BabaYaga357|move: Tailwind
|
|-fieldend|move: Trick Room
|upkeep
|turn|6
|
|t:|1750773410
|move|p1b: Incineroar|Knock Off|p2b: Calyrex
|-resisted|p2b: Calyrex
|-damage|p2b: Calyrex|0 fnt
|-enditem|p2b: Calyrex|Life Orb|[from] move: Knock Off|[of] p1b: Incineroar
|faint|p2b: Calyrex
|move|p1a: Sefesta|Sacred Fire|p2a: Zamazenta
|-supereffective|p2a: Zamazenta
|-damage|p2a: Zamazenta|65/100
|move|p2a: Zamazenta|Body Press|p1b: Incineroar
|-supereffective|p1b: Incineroar
|-damage|p1b: Incineroar|0 fnt
|faint|p1b: Incineroar
|
|upkeep
|
|t:|1750773422
|switch|p2b: Incineroar|Incineroar, L50, F|58/100
|-ability|p2b: Incineroar|Intimidate|boost
|-fail|p1a: Sefesta|unboost|[from] item: Clear Amulet|[of] p1a: Sefesta
|turn|7
|-message|BabaYaga357 forfeited.
|
|win|knucklee
|raw|BabaYaga357's rating: 1327 &rarr; <strong>1308</strong><br />(-19 for losing)
|raw|knucklee's rating: 1345 &rarr; <strong>1364</strong><br />(+19 for winning)
|l|☆BabaYaga357
|player|p1|
|l|☆knucklee
|player|p2|
