|j|☆Iusjs
|j|☆abc'svgc
|t:|1750743723
|gametype|doubles
|player|p1|Iusjs|102|1202
|player|p2|abc'svgc|hiker-gen4|1306
|teamsize|p1|6
|teamsize|p2|6
|gen|9
|tier|[Gen 9] VGC 2025 Reg I
|rated|
|rule|Species Clause: Limit one of each Pokémon
|rule|Item Clause: Limit 1 of each item
|clearpoke
|poke|p1|Mudsdale, L50, M|
|poke|p1|Dialga, L50|
|poke|p1|Gallade, L50, M|
|poke|p1|Incineroar, L50, F|
|poke|p1|Indeedee-F, L50, F|
|poke|p1|Lunala, L50|
|poke|p2|Terapagos, L50, M|
|poke|p2|Lunala, L50|
|poke|p2|Rillaboom, L50, M|
|poke|p2|Volcarona, L50, F|
|poke|p2|Urshifu-*, L50, F|
|poke|p2|Pelipper, L50, M|
|teampreview|4
|inactive|Battle timer is ON: inactive players will automatically lose when time's up. (requested by abc'svgc)
|inactive|Iusjs has 60 seconds left.
|
|t:|1750743784
|start
|switch|p1a: Incineroar|Incineroar, L50, F|100/100
|switch|p1b: Gallade|Gallade, L50, M|100/100
|switch|p2a: Terapagos|Terapagos, L50, M|100/100
|switch|p2b: Volcarona|Volcarona, L50, F|100/100
|-activate|p2a: Terapagos|ability: Tera Shift
|detailschange|p2a: Terapagos|Terapagos-Terastal, L50, M
|-heal|p2a: Terapagos|100/100|[silent]
|-ability|p1a: Incineroar|Intimidate|boost
|-unboost|p2a: Terapagos|atk|1
|-unboost|p2b: Volcarona|atk|1
|turn|1
|
|t:|1750743803
|move|p2b: Volcarona|Rage Powder|p2b: Volcarona
|-singleturn|p2b: Volcarona|move: Rage Powder
|move|p1b: Gallade|Psycho Cut|p2b: Volcarona
|-damage|p2b: Volcarona|47/100
|move|p2a: Terapagos|Calm Mind|p2a: Terapagos
|-boost|p2a: Terapagos|spa|1
|-boost|p2a: Terapagos|spd|1
|move|p1a: Incineroar|Knock Off|p2b: Volcarona
|-damage|p2b: Volcarona|9/100
|-enditem|p2b: Volcarona|Safety Goggles|[from] move: Knock Off|[of] p1a: Incineroar
|
|upkeep
|turn|2
|
|t:|1750743824
|move|p1b: Gallade|Wide Guard|p1b: Gallade
|-singleturn|p1b: Gallade|Wide Guard
|move|p2b: Volcarona|Rage Powder|p2b: Volcarona
|-singleturn|p2b: Volcarona|move: Rage Powder
|move|p2a: Terapagos|Calm Mind|p2a: Terapagos
|-boost|p2a: Terapagos|spa|1
|-boost|p2a: Terapagos|spd|1
|move|p1a: Incineroar|Knock Off|p2b: Volcarona
|-damage|p2b: Volcarona|0 fnt
|faint|p2b: Volcarona
|
|upkeep
|
|t:|1750743837
|switch|p2b: Lunala|Lunala, L50|100/100
|turn|3
|inactive|Iusjs has 30 seconds left.
|inactive|Iusjs has 20 seconds left.
|
|t:|1750743878
|-terastallize|p2a: Terapagos|Stellar
|detailschange|p2a: Terapagos|Terapagos-Stellar, L50, M, tera:Stellar
|-heal|p2a: Terapagos|100/100|[silent]
|move|p1b: Gallade|Wide Guard|p1b: Gallade
|-singleturn|p1b: Gallade|Wide Guard
|move|p2b: Lunala|Moonblast|p1b: Gallade
|-supereffective|p1b: Gallade
|-damage|p1b: Gallade|35/100
|move|p2a: Terapagos|Earth Power|p1a: Incineroar
|-supereffective|p1a: Incineroar
|-damage|p1a: Incineroar|11/100
|move|p1a: Incineroar|Roar|p2a: Terapagos
|drag|p2a: Rillaboom|Rillaboom, L50, M|100/100
|-fieldstart|move: Grassy Terrain|[from] ability: Grassy Surge|[of] p2a: Rillaboom
|-enditem|p2b: Lunala|Grassy Seed
|-boost|p2b: Lunala|def|1|[from] item: Grassy Seed
|
|-heal|p1b: Gallade|41/100|[from] Grassy Terrain
|-heal|p1a: Incineroar|17/100|[from] Grassy Terrain
|upkeep
|turn|4
|inactive|Iusjs has 30 seconds left.
|inactive|abc'svgc has 30 seconds left.
|inactive|Iusjs has 20 seconds left.
|
|t:|1750743916
|move|p2a: Rillaboom|Fake Out|p1b: Gallade
|-damage|p1b: Gallade|17/100
|cant|p1b: Gallade|flinch
|move|p2b: Lunala|Moonblast|p1a: Incineroar
|-damage|p1a: Incineroar|0 fnt
|faint|p1a: Incineroar
|
|-heal|p1b: Gallade|23/100|[from] Grassy Terrain
|upkeep
|
|t:|1750743927
|switch|p1a: Dialga|Dialga, L50|100/100
|turn|5
|inactive|Iusjs has 30 seconds left.
|
|t:|1750743955
|move|p2a: Rillaboom|Grassy Glide|p1b: Gallade
|-damage|p1b: Gallade|0 fnt
|faint|p1b: Gallade
|move|p2b: Lunala|Moongeist Beam|p1a: Dialga
|-damage|p1a: Dialga|61/100
|move|p1a: Dialga|Flash Cannon|p2b: Lunala
|-damage|p2b: Lunala|85/100
|
|-heal|p2b: Lunala|91/100|[from] Grassy Terrain
|-heal|p1a: Dialga|67/100|[from] Grassy Terrain
|upkeep
|
|t:|1750743958
|switch|p1b: Mudsdale|Mudsdale, L50, M|100/100
|turn|6
|
|t:|1750743980
|move|p2b: Lunala|Moongeist Beam|p1a: Dialga
|-damage|p1a: Dialga|27/100
|move|p1a: Dialga|Flash Cannon|p2b: Lunala
|-damage|p2b: Lunala|53/100
|move|p2a: Rillaboom|Wood Hammer|p1a: Dialga
|-resisted|p1a: Dialga
|-damage|p1a: Dialga|11/100
|-damage|p2a: Rillaboom|95/100|[from] Recoil
|move|p1b: Mudsdale|High Horsepower|p2b: Lunala
|-damage|p2b: Lunala|19/100
|
|-heal|p2b: Lunala|25/100|[from] Grassy Terrain
|-heal|p1a: Dialga|16/100|[from] Grassy Terrain
|-heal|p2a: Rillaboom|100/100|[from] Grassy Terrain
|upkeep
|turn|7
|
|t:|1750744002
|switch|p2b: Terapagos|Terapagos-Stellar, L50, M, tera:Stellar|100/100
|-terastallize|p1b: Mudsdale|Grass
|move|p1a: Dialga|Protect|p1a: Dialga
|-singleturn|p1a: Dialga|Protect
|move|p2a: Rillaboom|Wood Hammer|p1a: Dialga
|-activate|p1a: Dialga|move: Protect
|move|p1b: Mudsdale|High Horsepower|p2b: Terapagos
|-damage|p2b: Terapagos|57/100
|
|-heal|p1a: Dialga|22/100|[from] Grassy Terrain
|-heal|p2b: Terapagos|63/100|[from] Grassy Terrain
|-heal|p2b: Terapagos|69/100|[from] item: Leftovers
|-fieldend|move: Grassy Terrain
|upkeep
|turn|8
|
|t:|1750744017
|move|p1a: Dialga|Roar of Time|p2b: Terapagos
|-damage|p2b: Terapagos|14/100
|-mustrecharge|p1a: Dialga
|move|p2b: Terapagos|Tera Starstorm|p1a: Dialga|[spread] p1a,p1b
|-supereffective|p1b: Mudsdale
|-damage|p1a: Dialga|0 fnt
|-damage|p1b: Mudsdale|42/100
|faint|p1a: Dialga
|move|p2a: Rillaboom|U-turn|p1b: Mudsdale
|-supereffective|p1b: Mudsdale
|-damage|p1b: Mudsdale|0 fnt
|faint|p1b: Mudsdale
|
|win|abc'svgc
|raw|Iusjs's rating: 1202 &rarr; <strong>1184</strong><br />(-18 for losing)
|raw|abc&apos;svgc's rating: 1306 &rarr; <strong>1320</strong><br />(+14 for winning)
