|j|☆skibidifortniteriz
|j|☆gegio2017
|t:|1750757742
|gametype|doubles
|player|p1|skibidifortniteriz|169|1430
|player|p2|gegio2017|red|1551
|teamsize|p1|5
|teamsize|p2|6
|gen|9
|tier|[Gen 9] VGC 2025 Reg I
|rated|
|rule|Species Clause: Limit one of each Pokémon
|rule|Item Clause: Limit 1 of each item
|clearpoke
|poke|p1|Calyrex-Shadow, L50|
|poke|p1|Regidrago, L50|
|poke|p1|Zamazenta-*, L50|
|poke|p1|Rillaboom, L50, F|
|poke|p1|Chien-Pao, L50|
|poke|p2|Miraidon, L50|
|poke|p2|Calyrex-Ice, L50|
|poke|p2|Urshifu-*, L50, F|
|poke|p2|Iron Hands, L50|
|poke|p2|Ogerpon-Hearthflame, L50, F|
|poke|p2|Farigiraf, L50, M|
|teampreview|4
|inactive|Battle timer is ON: inactive players will automatically lose when time's up. (requested by skibidifortniteriz)
|
|t:|1750757780
|start
|switch|p1a: Regidrago|Regidrago, L50|100/100
|switch|p1b: Rillaboom|Rillaboom, L50, F|100/100
|switch|p2a: Iron Hands|Iron Hands, L50|100/100
|switch|p2b: Farigiraf|Farigiraf, L50, M|100/100
|-fieldstart|move: Grassy Terrain|[from] ability: Grassy Surge|[of] p1b: Rillaboom
|turn|1
|
|t:|1750757793
|move|p2a: Iron Hands|Fake Out|p1a: Regidrago
|-damage|p1a: Regidrago|83/100
|cant|p1a: Regidrago|flinch
|move|p1b: Rillaboom|Wood Hammer|p2b: Farigiraf
|-damage|p2b: Farigiraf|46/100
|-damage|p1b: Rillaboom|81/100|[from] Recoil
|move|p2b: Farigiraf|Trick Room|p2b: Farigiraf
|-fieldstart|move: Trick Room|[of] p2b: Farigiraf
|
|-heal|p2b: Farigiraf|52/100|[from] Grassy Terrain
|-heal|p1b: Rillaboom|87/100|[from] Grassy Terrain
|-heal|p1a: Regidrago|89/100|[from] Grassy Terrain
|upkeep
|turn|2
|
|t:|1750757814
|switch|p2b: Calyrex|Calyrex-Ice, L50|100/100
|-ability|p2b: Calyrex|As One
|-ability|p2b: Calyrex|Unnerve
|move|p1a: Regidrago|Protect|p1a: Regidrago
|-singleturn|p1a: Regidrago|Protect
|move|p2a: Iron Hands|Low Kick|p1a: Regidrago
|-activate|p1a: Regidrago|move: Protect
|move|p1b: Rillaboom|U-turn|p2b: Calyrex
|-supereffective|p2b: Calyrex
|-damage|p2b: Calyrex|72/100
|
|t:|1750757825
|switch|p1b: Zamazenta|Zamazenta-Crowned, L50|100/100|[from] U-turn
|-ability|p1b: Zamazenta|Dauntless Shield|boost
|-boost|p1b: Zamazenta|def|1
|
|-heal|p2b: Calyrex|78/100|[from] Grassy Terrain
|-heal|p1a: Regidrago|95/100|[from] Grassy Terrain
|upkeep
|turn|3
|
|t:|1750757842
|move|p1b: Zamazenta|Wide Guard|p1b: Zamazenta
|-singleturn|p1b: Zamazenta|Wide Guard
|move|p2b: Calyrex|High Horsepower|p1b: Zamazenta
|-supereffective|p1b: Zamazenta
|-damage|p1b: Zamazenta|73/100
|move|p2a: Iron Hands|Low Kick|p1b: Zamazenta
|-supereffective|p1b: Zamazenta
|-damage|p1b: Zamazenta|22/100
|move|p1a: Regidrago|Dragon Energy|p2b: Calyrex|[spread] p2a,p2b
|-crit|p2a: Iron Hands
|-damage|p2a: Iron Hands|31/100
|-damage|p2b: Calyrex|20/100
|
|-heal|p2a: Iron Hands|37/100|[from] Grassy Terrain
|-heal|p2b: Calyrex|26/100|[from] Grassy Terrain
|-heal|p1a: Regidrago|100/100|[from] Grassy Terrain
|-heal|p1b: Zamazenta|28/100|[from] Grassy Terrain
|upkeep
|turn|4
|inactive|gegio2017 has 30 seconds left.
|
|t:|1750757867
|switch|p1b: Calyrex|Calyrex-Shadow, L50|100/100
|-ability|p1b: Calyrex|As One
|-ability|p1b: Calyrex|Unnerve
|move|p2b: Calyrex|Protect|p2b: Calyrex
|-singleturn|p2b: Calyrex|Protect
|move|p1a: Regidrago|Protect|p1a: Regidrago
|-singleturn|p1a: Regidrago|Protect
|move|p2a: Iron Hands|Drain Punch|p1b: Calyrex
|-immune|p1b: Calyrex
|
|-heal|p2b: Calyrex|32/100|[from] Grassy Terrain
|-heal|p2a: Iron Hands|43/100|[from] Grassy Terrain
|upkeep
|turn|5
|
|t:|1750757888
|-end|p2a: Iron Hands|Quark Drive|[silent]
|switch|p2a: Farigiraf|Farigiraf, L50, M|52/100
|switch|p1a: Rillaboom|Rillaboom, L50, F|87/100
|move|p1b: Calyrex|Protect|p1b: Calyrex
|-singleturn|p1b: Calyrex|Protect
|move|p2b: Calyrex|Glacial Lance|p1b: Calyrex|[spread] p1a
|-activate|p1b: Calyrex|move: Protect
|-supereffective|p1a: Rillaboom
|-damage|p1a: Rillaboom|0 fnt
|faint|p1a: Rillaboom
|-ability|p2b: Calyrex|Chilling Neigh|boost
|-boost|p2b: Calyrex|atk|1
|
|-heal|p2b: Calyrex|37/100|[from] Grassy Terrain
|-heal|p2a: Farigiraf|58/100|[from] Grassy Terrain
|-fieldend|move: Trick Room
|-fieldend|move: Grassy Terrain
|upkeep
|
|t:|1750757903
|switch|p1a: Zamazenta|Zamazenta-Crowned, L50|28/100
|turn|6
|
|t:|1750757914
|switch|p2b: Miraidon|Miraidon, L50|100/100
|-fieldstart|move: Electric Terrain|[from] ability: Hadron Engine|[of] p2b: Miraidon
|-enditem|p2a: Farigiraf|Electric Seed
|-boost|p2a: Farigiraf|def|1|[from] item: Electric Seed
|move|p1b: Calyrex|Astral Barrage|p2a: Farigiraf|[spread] p2b
|-immune|p2a: Farigiraf
|-damage|p2b: Miraidon|40/100
|-damage|p1b: Calyrex|91/100|[from] item: Life Orb
|move|p1a: Zamazenta|Body Press|p2a: Farigiraf
|-damage|p2a: Farigiraf|29/100
|move|p2a: Farigiraf|Trick Room|p2a: Farigiraf
|-fieldstart|move: Trick Room|[of] p2a: Farigiraf
|
|upkeep
|turn|7
|
|t:|1750757933
|move|p2a: Farigiraf|Foul Play|p1b: Calyrex
|-supereffective|p1b: Calyrex
|-damage|p1b: Calyrex|11/100
|move|p1a: Zamazenta|Body Press|p2b: Miraidon
|-damage|p2b: Miraidon|0 fnt
|faint|p2b: Miraidon
|move|p1b: Calyrex|Psychic|p2a: Farigiraf
|-resisted|p2a: Farigiraf
|-damage|p2a: Farigiraf|0 fnt
|faint|p2a: Farigiraf
|-ability|p1b: Calyrex|Grim Neigh|boost
|-boost|p1b: Calyrex|spa|1
|-damage|p1b: Calyrex|2/100|[from] item: Life Orb
|
|upkeep
|
|t:|1750757940
|switch|p2a: Iron Hands|Iron Hands, L50|43/100
|switch|p2b: Calyrex|Calyrex-Ice, L50|37/100
|-ability|p2b: Calyrex|As One
|-ability|p2b: Calyrex|Unnerve
|-activate|p2a: Iron Hands|ability: Quark Drive
|-start|p2a: Iron Hands|quarkdriveatk
|turn|8
|
|t:|1750757944
|move|p1a: Zamazenta|Protect|p1a: Zamazenta
|-singleturn|p1a: Zamazenta|Protect
|move|p1b: Calyrex|Protect|p1b: Calyrex
|-singleturn|p1b: Calyrex|Protect
|move|p2b: Calyrex|High Horsepower|p1b: Calyrex
|-activate|p1b: Calyrex|move: Protect
|move|p2a: Iron Hands|Drain Punch|p1a: Zamazenta
|-activate|p1a: Zamazenta|move: Protect
|
|upkeep
|turn|9
|
|t:|1750757967
|switch|p1b: Regidrago|Regidrago, L50|100/100
|move|p1a: Zamazenta|Wide Guard|p1a: Zamazenta
|-singleturn|p1a: Zamazenta|Wide Guard
|move|p2b: Calyrex|High Horsepower|p1b: Regidrago
|-damage|p1b: Regidrago|57/100
|move|p2a: Iron Hands|Drain Punch|p1a: Zamazenta
|-supereffective|p1a: Zamazenta
|-crit|p1a: Zamazenta
|-damage|p1a: Zamazenta|0 fnt
|-heal|p2a: Iron Hands|54/100|[from] drain|[of] p1a: Zamazenta
|faint|p1a: Zamazenta
|
|upkeep
|
|t:|1750757975
|switch|p1a: Calyrex|Calyrex-Shadow, L50|2/100
|-ability|p1a: Calyrex|As One
|-ability|p1a: Calyrex|Unnerve
|turn|10
|
|t:|1750757997
|move|p1b: Regidrago|Protect|p1b: Regidrago
|-singleturn|p1b: Regidrago|Protect
|move|p1a: Calyrex|Protect|p1a: Calyrex
|-singleturn|p1a: Calyrex|Protect
|move|p2b: Calyrex|Glacial Lance|p1b: Regidrago|[spread] 
|-activate|p1a: Calyrex|move: Protect
|-activate|p1b: Regidrago|move: Protect
|move|p2a: Iron Hands|Low Kick|p1b: Regidrago
|-activate|p1b: Regidrago|move: Protect
|
|-fieldend|move: Trick Room
|-fieldend|move: Electric Terrain
|-end|p2a: Iron Hands|Quark Drive
|upkeep
|turn|11
|
|t:|1750758013
|-terastallize|p1b: Regidrago|Dragon
|-terastallize|p2b: Calyrex|Water
|move|p1a: Calyrex|Astral Barrage|p2a: Iron Hands|[spread] p2a,p2b
|-damage|p2a: Iron Hands|15/100
|-damage|p2b: Calyrex|0 fnt
|faint|p2b: Calyrex
|-ability|p1a: Calyrex|Grim Neigh|boost
|-boost|p1a: Calyrex|spa|1
|-damage|p1a: Calyrex|0 fnt|[from] item: Life Orb
|faint|p1a: Calyrex
|move|p1b: Regidrago|Dragon Energy|p2a: Iron Hands
|-damage|p2a: Iron Hands|0 fnt
|faint|p2a: Iron Hands
|-end|p2a: Iron Hands|Quark Drive|[silent]
|
|win|skibidifortniteriz
|raw|skibidifortniteriz's rating: 1430 &rarr; <strong>1457</strong><br />(+27 for winning)
|raw|gegio2017's rating: 1551 &rarr; <strong>1524</strong><br />(-27 for losing)
|l|☆gegio2017
|player|p2|
