|j|☆A0Y
|j|☆Sylverfsh
|t:|1750861079
|gametype|doubles
|player|p1|A0Y|102|1089
|player|p2|Sylverfsh|170|1179
|teamsize|p1|6
|teamsize|p2|6
|gen|9
|tier|[Gen 9] VGC 2025 Reg I
|rated|
|rule|Species Clause: Limit one of each Pokémon
|rule|Item Clause: Limit 1 of each item
|clearpoke
|poke|p1|Reshiram, L50|
|poke|p1|Bastiodon, L50, F|
|poke|p1|Rillaboom, L50, F|
|poke|p1|Incineroar, L50, F|
|poke|p1|Kyurem-Black, L50|
|poke|p1|Urshifu-*, L50, F|
|poke|p2|Calyrex-Shadow, L50|
|poke|p2|Koraidon, L50|
|poke|p2|Chi-Yu, L50|
|poke|p2|Whimsicott, L50, F|
|poke|p2|Incineroar, L50, F|
|poke|p2|Amoonguss, L50, M|
|teampreview|4
|inactive|Battle timer is ON: inactive players will automatically lose when time's up. (requested by Sylverfsh)
|
|t:|1750861133
|start
|switch|p1a: Bastiodon|Bastiodon, L50, F|100/100
|switch|p1b: Urshifu|Urshifu-Rapid-Strike, L50, F|100/100
|switch|p2a: Amoonguss|Amoonguss, L50, M|100/100
|switch|p2b: Calyrex|Calyrex-Shadow, L50|100/100
|-ability|p2b: Calyrex|As One
|-ability|p2b: Calyrex|Unnerve
|turn|1
|
|t:|1750861155
|move|p1a: Bastiodon|Wide Guard|p1a: Bastiodon
|-singleturn|p1a: Bastiodon|Wide Guard
|move|p2a: Amoonguss|Rage Powder|p2a: Amoonguss
|-singleturn|p2a: Amoonguss|move: Rage Powder
|move|p1b: Urshifu|U-turn|p2a: Amoonguss
|-crit|p2a: Amoonguss
|-damage|p2a: Amoonguss|67/100
|
|t:|1750861166
|switch|p1b: Reshiram|Reshiram, L50|100/100|[from] U-turn
|-ability|p1b: Reshiram|Turboblaze
|move|p2b: Calyrex|Nasty Plot|p2b: Calyrex
|-boost|p2b: Calyrex|spa|2
|-enditem|p1b: Reshiram|Mirror Herb
|-boost|p1b: Reshiram|spa|2|[from] item: Mirror Herb
|
|upkeep
|turn|2
|inactive|A0Y has 30 seconds left.
|inactive|Sylverfsh has 30 seconds left.
|
|t:|1750861199
|-terastallize|p2b: Calyrex|Fairy
|move|p1a: Bastiodon|Wide Guard|p1a: Bastiodon
|-singleturn|p1a: Bastiodon|Wide Guard
|move|p2b: Calyrex|Draining Kiss|p1b: Reshiram
|-damage|p1b: Reshiram|48/100
|move|p1b: Reshiram|Fusion Flare|p2a: Amoonguss
|-supereffective|p2a: Amoonguss
|-damage|p2a: Amoonguss|0 fnt
|faint|p2a: Amoonguss
|
|upkeep
|
|t:|1750861209
|switch|p2a: Chi-Yu|Chi-Yu, L50|100/100
|-ability|p2a: Chi-Yu|Beads of Ruin
|turn|3
|
|t:|1750861228
|-terastallize|p1a: Bastiodon|Fighting
|move|p2b: Calyrex|Protect|p2b: Calyrex
|-singleturn|p2b: Calyrex|Protect
|move|p1b: Reshiram|Protect|p1b: Reshiram
|-singleturn|p1b: Reshiram|Protect
|move|p2a: Chi-Yu|Heat Wave|p1b: Reshiram|[spread] p1a
|-activate|p1b: Reshiram|move: Protect
|-damage|p1a: Bastiodon|59/100
|move|p1a: Bastiodon|Body Press|p2a: Chi-Yu
|-supereffective|p2a: Chi-Yu
|-damage|p2a: Chi-Yu|0 fnt
|faint|p2a: Chi-Yu
|
|-heal|p1a: Bastiodon|65/100|[from] item: Leftovers
|upkeep
|
|t:|1750861241
|switch|p2a: Koraidon|Koraidon, L50|100/100
|-weather|SunnyDay|[from] ability: Orichalcum Pulse|[of] p2a: Koraidon
|-activate|p2a: Koraidon|Orichalcum Pulse|[source]
|turn|4
|inactive|A0Y has 30 seconds left.
|
|t:|1750861266
|move|p2b: Calyrex|Draining Kiss|p1a: Bastiodon
|-supereffective|p1a: Bastiodon
|-damage|p1a: Bastiodon|0 fnt
|faint|p1a: Bastiodon
|-ability|p2b: Calyrex|Grim Neigh|boost
|-boost|p2b: Calyrex|spa|1
|move|p2a: Koraidon|Dragon Claw|p1b: Reshiram
|-supereffective|p1b: Reshiram
|-damage|p1b: Reshiram|0 fnt
|faint|p1b: Reshiram
|-damage|p2a: Koraidon|91/100|[from] item: Life Orb
|
|-weather|SunnyDay|[upkeep]
|upkeep
|
|t:|1750861282
|switch|p1b: Urshifu|Urshifu-Rapid-Strike, L50, F|100/100
|switch|p1a: Kyurem|Kyurem-Black, L50|100/100
|-ability|p1a: Kyurem|Teravolt
|turn|5
|inactive|A0Y has 30 seconds left.
|
|t:|1750861312
|move|p1b: Urshifu|Iron Head|p2b: Calyrex
|-supereffective|p2b: Calyrex
|-damage|p2b: Calyrex|19/100
|cant|p2b: Calyrex|flinch
|move|p2a: Koraidon|Close Combat|p1b: Urshifu
|-damage|p1b: Urshifu|0 fnt
|-unboost|p2a: Koraidon|def|1
|-unboost|p2a: Koraidon|spd|1
|faint|p1b: Urshifu
|-damage|p2a: Koraidon|81/100|[from] item: Life Orb
|move|p1a: Kyurem|Scale Shot|p2a: Koraidon
|-supereffective|p2a: Koraidon
|-damage|p2a: Koraidon|36/100
|-supereffective|p2a: Koraidon
|-damage|p2a: Koraidon|0 fnt
|faint|p2a: Koraidon
|-hitcount|p2: Koraidon|2
|-unboost|p1a: Kyurem|def|1
|-boost|p1a: Kyurem|spe|1
|
|-weather|SunnyDay|[upkeep]
|upkeep
|turn|6
|
|t:|1750861337
|move|p2b: Calyrex|Draining Kiss|p1a: Kyurem
|-supereffective|p1a: Kyurem
|-damage|p1a: Kyurem|0 fnt
|-heal|p2b: Calyrex|100/100|[from] drain|[of] p1a: Kyurem
|faint|p1a: Kyurem
|
|win|Sylverfsh
|raw|A0Y's rating: 1089 &rarr; <strong>1072</strong><br />(-17 for losing)
|raw|Sylverfsh's rating: 1179 &rarr; <strong>1198</strong><br />(+19 for winning)
|l|☆A0Y
|player|p1|
|l|☆Sylverfsh
|player|p2|
