|j|☆zsg2006
|j|☆vZinny
|t:|1750801415
|gametype|doubles
|player|p1|zsg2006|blackbelt-gen4dp|1164
|player|p2|vZinny|miku-ground|1245
|teamsize|p1|6
|teamsize|p2|6
|gen|9
|tier|[Gen 9] VGC 2025 Reg I
|rated|
|rule|Species Clause: Limit one of each Pokémon
|rule|Item Clause: Limit 1 of each item
|clearpoke
|poke|p1|Miraidon, L50|
|poke|p1|Calyrex-Shadow, L50|
|poke|p1|Clefable, L50, F|
|poke|p1|Flutter Mane, L50|
|poke|p1|Urshifu-*, L50, M|
|poke|p1|Whimsicott, L50, F|
|poke|p2|Miraidon, L50|
|poke|p2|Chi-Yu, L50|
|poke|p2|Calyrex-Ice, L50|
|poke|p2|Incineroar, L50, M|
|poke|p2|Whimsicott, L50, M|
|poke|p2|Ogerpon-Cornerstone, L50, F|
|teampreview|4
zsg2006 has agreed to open team sheets.
vZinny has agreed to open team sheets.
|showteam|p1|Miraidon||ChoiceSpecs|HadronEngine|ElectroDrift,VoltSwitch,DracoMeteor,Overheat||||||50|,,,,,Electric]Calyrex-Shadow||FocusSash|AsOneSpectrier|AstralBarrage,Psyshock,NastyPlot,Protect||||||50|,,,,,Dark]Clefable||SafetyGoggles|Unaware|Moonblast,HelpingHand,FollowMe,Protect|||F|||50|,,,,,Fairy]Flutter Mane||BoosterEnergy|Protosynthesis|Moonblast,ShadowBall,IcyWind,Protect||||||50|,,,,,Ghost]Urshifu-Rapid-Strike||ChoiceBand|UnseenFist|SurgingStrikes,AquaJet,CloseCombat,PoisonJab|||M|||50|,,,,,Water]Whimsicott||CovertCloak|Prankster|HelpingHand,Tailwind,Taunt,Encore|||F|||50|,,,,,Grass
|showteam|p2|Miraidon||ChoiceSpecs|HadronEngine|ElectroDrift,VoltSwitch,DracoMeteor,DazzlingGleam||||||50|,,,,,Electric]Chi-Yu||FocusSash|BeadsofRuin|HeatWave,Snarl,Overheat,Protect||||||50|,,,,,Ghost]Calyrex-Ice||ClearAmulet|AsOneGlastrier|GlacialLance,HeavySlam,HighHorsepower,Protect||||||50|,,,,,Fire]Incineroar||IapapaBerry|Intimidate|PartingShot,FlareBlitz,KnockOff,FakeOut|||M|||50|,,,,,Grass]Whimsicott||CovertCloak|Prankster|HelpingHand,Tailwind,Taunt,Moonblast|||M|||50|,,,,,Grass]Ogerpon-Cornerstone||CornerstoneMask|Sturdy|IvyCudgel,WoodHammer,FollowMe,SpikyShield|||F|||50|,,,,,Rock
|
|t:|1750801501
|start
|switch|p1a: Urshifu|Urshifu-Rapid-Strike, L50, M|100/100
|switch|p1b: Whimsicott|Whimsicott, L50, F|100/100
|switch|p2a: Miraidon|Miraidon, L50|100/100
|switch|p2b: Chi-Yu|Chi-Yu, L50|100/100
|-fieldstart|move: Electric Terrain|[from] ability: Hadron Engine|[of] p2a: Miraidon
|-ability|p2b: Chi-Yu|Beads of Ruin
|turn|1
|
|t:|1750801563
|switch|p2b: Calyrex|Calyrex-Ice, L50|100/100
|-ability|p2b: Calyrex|As One
|-ability|p2b: Calyrex|Unnerve
|move|p1b: Whimsicott|Tailwind|p1b: Whimsicott
|-sidestart|p1: zsg2006|move: Tailwind
|move|p1a: Urshifu|Surging Strikes|p2b: Calyrex
|-crit|p2b: Calyrex
|-damage|p2b: Calyrex|80/100
|-crit|p2b: Calyrex
|-damage|p2b: Calyrex|58/100
|-crit|p2b: Calyrex
|-damage|p2b: Calyrex|39/100
|-hitcount|p2b: Calyrex|3
|move|p2a: Miraidon|Electro Drift|p1a: Urshifu
|-supereffective|p1a: Urshifu
|-damage|p1a: Urshifu|0 fnt
|faint|p1a: Urshifu
|
|upkeep
|
|t:|1750801584
|switch|p1a: Calyrex|Calyrex-Shadow, L50|100/100
|-ability|p1a: Calyrex|As One
|-ability|p1a: Calyrex|Unnerve
|turn|2
|
|t:|1750801612
|switch|p2b: Incineroar|Incineroar, L50, M|100/100
|-ability|p2b: Incineroar|Intimidate|boost
|-unboost|p1a: Calyrex|atk|1
|-unboost|p1b: Whimsicott|atk|1
|move|p1b: Whimsicott|Helping Hand|p1a: Calyrex
|-singleturn|p1a: Calyrex|Helping Hand|[of] p1b: Whimsicott
|move|p1a: Calyrex|Astral Barrage|p2a: Miraidon|[spread] p2a,p2b
|-resisted|p2b: Incineroar
|-damage|p2a: Miraidon|30/100
|-damage|p2b: Incineroar|70/100
|move|p2a: Miraidon|Electro Drift|p1a: Calyrex
|-enditem|p1a: Calyrex|Focus Sash
|-damage|p1a: Calyrex|1/100
|
|upkeep
|turn|3
|
|t:|1750801651
|switch|p2a: Chi-Yu|Chi-Yu, L50|100/100
|-ability|p2a: Chi-Yu|Beads of Ruin
|move|p1b: Whimsicott|Helping Hand|p1a: Calyrex
|-singleturn|p1a: Calyrex|Helping Hand|[of] p1b: Whimsicott
|move|p2b: Incineroar|Fake Out|p1a: Calyrex
|-immune|p1a: Calyrex
|move|p1a: Calyrex|Astral Barrage|p2a: Chi-Yu|[spread] p2a,p2b
|-resisted|p2a: Chi-Yu
|-resisted|p2b: Incineroar
|-damage|p2a: Chi-Yu|50/100
|-damage|p2b: Incineroar|29/100
|
|upkeep
|turn|4
|
|t:|1750801676
|move|p1b: Whimsicott|Helping Hand|p1a: Calyrex
|-singleturn|p1a: Calyrex|Helping Hand|[of] p1b: Whimsicott
|move|p2a: Chi-Yu|Protect|p2a: Chi-Yu
|-singleturn|p2a: Chi-Yu|Protect
|move|p1a: Calyrex|Astral Barrage|p2b: Incineroar|[spread] p2b
|-activate|p2a: Chi-Yu|move: Protect
|-resisted|p2b: Incineroar
|-damage|p2b: Incineroar|0 fnt
|faint|p2b: Incineroar
|-ability|p1a: Calyrex|Grim Neigh|boost
|-boost|p1a: Calyrex|spa|1
|
|-sideend|p1: zsg2006|move: Tailwind
|upkeep
|
|t:|1750801689
|switch|p2b: Miraidon|Miraidon, L50|30/100
|-activate|p2b: Miraidon|ability: Hadron Engine
|turn|5
|
|t:|1750801712
|move|p1b: Whimsicott|Tailwind|p1b: Whimsicott
|-sidestart|p1: zsg2006|move: Tailwind
|move|p1a: Calyrex|Astral Barrage|p2a: Chi-Yu|[spread] p2a,p2b
|-resisted|p2a: Chi-Yu
|-damage|p2a: Chi-Yu|0 fnt
|-damage|p2b: Miraidon|0 fnt
|faint|p2a: Chi-Yu
|faint|p2b: Miraidon
|-ability|p1a: Calyrex|Grim Neigh|boost
|-boost|p1a: Calyrex|spa|2
|
|-fieldend|move: Electric Terrain
|upkeep
|-message|vZinny forfeited.
|
|win|zsg2006
|raw|zsg2006's rating: 1164 &rarr; <strong>1195</strong><br />(+31 for winning)
|raw|vZinny's rating: 1245 &rarr; <strong>1214</strong><br />(-31 for losing)
|l|☆vZinny
|player|p2|
|l|☆zsg2006
|player|p1|
