|j|☆asmr_vampir
|j|☆DoubleBad17
|t:|1750824039
|gametype|doubles
|player|p1|asmr_vampir|169|1157
|player|p2|DoubleBad17|1|1309
|teamsize|p1|6
|teamsize|p2|6
|gen|9
|tier|[Gen 9] VGC 2025 Reg I
|rated|
|rule|Species Clause: Limit one of each Pokémon
|rule|Item Clause: Limit 1 of each item
|clearpoke
|poke|p1|Miraidon, L50|
|poke|p1|Iron Hands, L50|
|poke|p1|Ogerpon-Hearthflame, L50, F|
|poke|p1|Whimsicott, L50, F|
|poke|p1|Ursaluna-Bloodmoon, L50, M|
|poke|p1|Farigiraf, L50, M|
|poke|p2|Calyrex-Ice, L50|
|poke|p2|Incineroar, L50, M|
|poke|p2|Weezing-Galar, L50, M|
|poke|p2|Raging Bolt, L50|
|poke|p2|Urshifu-*, L50, M|
|poke|p2|Kyogre, L50|
|teampreview|4
|
|t:|1750824075
|start
|switch|p1a: Ogerpon|Ogerpon-Hearthflame, L50, F|100/100
|switch|p1b: Iron Hands|Iron Hands, L50, shiny|100/100
|switch|p2a: Incineroar|Incineroar, L50, M|100/100
|switch|p2b: Weezing|Weezing-Galar, L50, M|100/100
|-ability|p2b: Weezing|Neutralizing Gas
|turn|1
|
|t:|1750824109
|-terastallize|p1a: Ogerpon|Fire
|detailschange|p1a: Ogerpon|Ogerpon-Hearthflame-Tera, L50, F, tera:Fire
|move|p2a: Incineroar|Fake Out|p1b: Iron Hands
|-damage|p1b: Iron Hands|94/100
|move|p1a: Ogerpon|Ivy Cudgel|p2b: Weezing|[anim] Ivy Cudgel Fire
|-crit|p2b: Weezing
|-damage|p2b: Weezing|9/100
|move|p2b: Weezing|Will-O-Wisp|p1b: Iron Hands
|-status|p1b: Iron Hands|brn
|cant|p1b: Iron Hands|flinch
|
|-damage|p1b: Iron Hands|88/100 brn|[from] brn
|upkeep
|turn|2
|
|t:|1750824135
|move|p2b: Weezing|Protect|p2b: Weezing
|-singleturn|p2b: Weezing|Protect
|move|p1a: Ogerpon|Ivy Cudgel|p2b: Weezing|[anim] Ivy Cudgel Fire
|-activate|p2b: Weezing|move: Protect
|move|p2a: Incineroar|U-turn|p1a: Ogerpon
|-resisted|p1a: Ogerpon
|-damage|p1a: Ogerpon|88/100
|
|t:|1750824143
|switch|p2a: Urshifu|Urshifu-Rapid-Strike, L50, M|100/100|[from] U-turn
|move|p1b: Iron Hands|Close Combat|p2a: Urshifu
|-damage|p2a: Urshifu|65/100
|-unboost|p1b: Iron Hands|def|1
|-unboost|p1b: Iron Hands|spd|1
|
|-damage|p1b: Iron Hands|82/100 brn|[from] brn
|upkeep
|turn|3
|
|t:|1750824172
|move|p1a: Ogerpon|Follow Me|p1a: Ogerpon
|-singleturn|p1a: Ogerpon|move: Follow Me
|move|p2a: Urshifu|Surging Strikes|p1a: Ogerpon
|-supereffective|p1a: Ogerpon
|-crit|p1a: Ogerpon
|-damage|p1a: Ogerpon|28/100
|-supereffective|p1a: Ogerpon
|-crit|p1a: Ogerpon
|-damage|p1a: Ogerpon|0 fnt
|faint|p1a: Ogerpon
|detailschange|p1: Ogerpon|Ogerpon-Hearthflame, L50, F|[silent]
|-hitcount|p1: Ogerpon|2
|move|p2b: Weezing|Poison Gas||[still]
|-fail|p2b: Weezing
|move|p1b: Iron Hands|Thunder Punch|p2a: Urshifu
|-supereffective|p2a: Urshifu
|-damage|p2a: Urshifu|20/100
|
|-damage|p1b: Iron Hands|75/100 brn|[from] brn
|upkeep
|
|t:|1750824189
|switch|p1a: Miraidon|Miraidon, L50|100/100
|turn|4
|
|t:|1750824225
|switch|p2a: Incineroar|Incineroar, L50, M|100/100
|move|p2b: Weezing|Protect|p2b: Weezing
|-singleturn|p2b: Weezing|Protect
|move|p1a: Miraidon|Dazzling Gleam|p2a: Incineroar|[spread] p2a
|-activate|p2b: Weezing|move: Protect
|-damage|p2a: Incineroar|80/100
|move|p1b: Iron Hands|Close Combat|p2b: Weezing
|-activate|p2b: Weezing|move: Protect
|
|-damage|p1b: Iron Hands|69/100 brn|[from] brn
|upkeep
|turn|5
|
|t:|1750824247
|move|p2a: Incineroar|Fake Out|p1a: Miraidon
|-damage|p1a: Miraidon|89/100
|cant|p1a: Miraidon|flinch
|move|p2b: Weezing|Poison Gas||[still]|[spread] p1a,p1b
|-status|p1a: Miraidon|psn
|-fail|p2b: Weezing
|move|p1b: Iron Hands|Drain Punch|p2b: Weezing
|-resisted|p2b: Weezing
|-damage|p2b: Weezing|5/100
|-heal|p1b: Iron Hands|71/100 brn|[from] drain|[of] p2b: Weezing
|
|-damage|p1a: Miraidon|77/100 psn|[from] psn
|-damage|p1b: Iron Hands|65/100 brn|[from] brn
|upkeep
|turn|6
|
|t:|1750824272
|move|p2b: Weezing|Protect|p2b: Weezing
|-singleturn|p2b: Weezing|Protect
|move|p1a: Miraidon|Dazzling Gleam|p2a: Incineroar|[spread] p2a
|-activate|p2b: Weezing|move: Protect
|-damage|p2a: Incineroar|60/100
|move|p2a: Incineroar|U-turn|p1a: Miraidon
|-damage|p1a: Miraidon|59/100 psn
|
|t:|1750824287
|switch|p2a: Calyrex|Calyrex-Ice, L50|100/100|[from] U-turn
|-ability|p2a: Calyrex|As One
|-ability|p2a: Calyrex|Unnerve
|move|p1b: Iron Hands|Close Combat|p2a: Calyrex
|-damage|p2a: Calyrex|82/100
|-unboost|p1b: Iron Hands|def|1
|-unboost|p1b: Iron Hands|spd|1
|
|-heal|p2a: Calyrex|87/100|[from] item: Leftovers
|-damage|p1a: Miraidon|47/100 psn|[from] psn
|-damage|p1b: Iron Hands|59/100 brn|[from] brn
|upkeep
|turn|7
|
|t:|1750824309
|-end|p1b: Iron Hands|Quark Drive|[silent]
|switch|p1b: Ursaluna|Ursaluna-Bloodmoon, L50, M|100/100
|move|p1a: Miraidon|Dazzling Gleam|p2b: Weezing|[spread] p2a,p2b
|-resisted|p2b: Weezing
|-damage|p2a: Calyrex|70/100
|-damage|p2b: Weezing|0 fnt
|faint|p2b: Weezing
|-end|p2b: Weezing|ability: Neutralizing Gas
|-fieldstart|move: Electric Terrain|[from] ability: Hadron Engine|[of] p1a: Miraidon
|move|p2a: Calyrex|Glacial Lance|p1b: Ursaluna|[spread] p1a,p1b
|-supereffective|p1a: Miraidon
|-supereffective|p1b: Ursaluna
|-damage|p1a: Miraidon|0 fnt
|-damage|p1b: Ursaluna|35/100
|faint|p1a: Miraidon
|-ability|p2a: Calyrex|Chilling Neigh|boost
|-boost|p2a: Calyrex|atk|1
|
|-heal|p2a: Calyrex|75/100|[from] item: Leftovers
|upkeep
|
|t:|1750824331
|switch|p1a: Iron Hands|Iron Hands, L50, shiny|59/100 brn
|switch|p2b: Urshifu|Urshifu-Rapid-Strike, L50, M|20/100
|-activate|p1a: Iron Hands|ability: Quark Drive
|-start|p1a: Iron Hands|quarkdriveatk
|turn|8
|
|t:|1750824350
|move|p1a: Iron Hands|Fake Out|p2b: Urshifu
|-damage|p2b: Urshifu|10/100
|cant|p2b: Urshifu|flinch
|move|p2a: Calyrex|Glacial Lance|p1b: Ursaluna|[spread] p1a,p1b
|-supereffective|p1b: Ursaluna
|-damage|p1a: Iron Hands|10/100 brn
|-damage|p1b: Ursaluna|0 fnt
|faint|p1b: Ursaluna
|-ability|p2a: Calyrex|Chilling Neigh|boost
|-boost|p2a: Calyrex|atk|1
|
|-heal|p2a: Calyrex|81/100|[from] item: Leftovers
|-damage|p1a: Iron Hands|4/100 brn|[from] brn
|upkeep
|turn|9
|-message|asmr_vampir forfeited.
|
|win|DoubleBad17
|raw|asmr_vampir's rating: 1157 &rarr; <strong>1142</strong><br />(-15 for losing)
|raw|DoubleBad17's rating: 1309 &rarr; <strong>1321</strong><br />(+12 for winning)
|l|☆asmr_vampir
|player|p1|
|l|☆DoubleBad17
|player|p2|
