|j|☆qunqun24
|j|☆kojimuranishi
|t:|1750773916
|gametype|doubles
|player|p1|qunqun24|101|1577
|player|p2|kojimuranishi|265|1626
|teamsize|p1|6
|teamsize|p2|6
|gen|9
|tier|[Gen 9] VGC 2025 Reg I
|rated|
|rule|Species Clause: Limit one of each Pokémon
|rule|Item Clause: Limit 1 of each item
|clearpoke
|poke|p1|Ho-Oh, L50|
|poke|p1|Eternatus, L50|
|poke|p1|Grimmsnarl, L50, M|
|poke|p1|Ogerpon-Wellspring, L50, F|
|poke|p1|Rhydon, L50, F|
|poke|p1|Incineroar, L50, F|
|poke|p2|Calyrex-Ice, L50|
|poke|p2|Whimsicott, L50, M|
|poke|p2|Volcarona, L50, F|
|poke|p2|Chi-Yu, L50|
|poke|p2|Landorus, L50, M|
|poke|p2|Terapagos, L50, M|
|teampreview|4
|inactive|Battle timer is ON: inactive players will automatically lose when time's up. (requested by qunqun24)
|
|t:|1750773940
|start
|switch|p1a: Incineroar|Incineroar, L50, F|100/100
|switch|p1b: Ho-Oh|Ho-Oh, L50|100/100
|switch|p2a: Whimsicott|Whimsicott, L50, M|100/100
|switch|p2b: Calyrex|Calyrex-Ice, L50|100/100
|-ability|p2b: Calyrex|As One
|-ability|p2b: Calyrex|Unnerve
|-ability|p1a: Incineroar|Intimidate|boost
|-unboost|p2a: Whimsicott|atk|1
|-unboost|p2b: Calyrex|atk|1
|turn|1
|j| GexkaXXV
|inactive|kojimuranishi has 30 seconds left.
|
|t:|1750773969
|move|p1a: Incineroar|Fake Out|p2b: Calyrex
|-damage|p2b: Calyrex|93/100
|move|p2a: Whimsicott|Moonblast|p1a: Incineroar
|-damage|p1a: Incineroar|70/100
|-unboost|p1a: Incineroar|spa|1
|move|p1b: Ho-Oh|Sacred Fire|p2a: Whimsicott
|-supereffective|p2a: Whimsicott
|-enditem|p2a: Whimsicott|Focus Sash
|-damage|p2a: Whimsicott|1/100
|cant|p2b: Calyrex|flinch
|
|upkeep
|turn|2
|j| congwuyu
|inactive|kojimuranishi has 30 seconds left.
|
|t:|1750773999
|switch|p2b: Chi-Yu|Chi-Yu, L50|100/100
|-ability|p2b: Chi-Yu|Beads of Ruin
|move|p2a: Whimsicott|Protect|p2a: Whimsicott
|-singleturn|p2a: Whimsicott|Protect
|move|p1b: Ho-Oh|Sacred Fire|p2b: Chi-Yu
|-resisted|p2b: Chi-Yu
|-damage|p2b: Chi-Yu|62/100
|move|p1a: Incineroar|Knock Off|p2b: Chi-Yu
|-resisted|p2b: Chi-Yu
|-damage|p2b: Chi-Yu|30/100
|-enditem|p2b: Chi-Yu|Choice Specs|[from] move: Knock Off|[of] p1a: Incineroar
|
|upkeep
|turn|3
|
|t:|1750774016
|move|p2a: Whimsicott|Moonblast|p1a: Incineroar
|-damage|p1a: Incineroar|32/100
|move|p2b: Chi-Yu|Overheat|p1a: Incineroar
|-resisted|p1a: Incineroar
|-damage|p1a: Incineroar|0 fnt
|-unboost|p2b: Chi-Yu|spa|2
|faint|p1a: Incineroar
|move|p1b: Ho-Oh|Brave Bird|p2b: Chi-Yu
|-damage|p2b: Chi-Yu|0 fnt
|faint|p2b: Chi-Yu
|-damage|p1b: Ho-Oh|94/100|[from] Recoil
|
|upkeep
|
|t:|1750774029
|switch|p2b: Calyrex|Calyrex-Ice, L50|93/100
|switch|p1a: Grimmsnarl|Grimmsnarl, L50, M|100/100
|-ability|p2b: Calyrex|As One
|-ability|p2b: Calyrex|Unnerve
|turn|4
|
|t:|1750774045
|switch|p2b: Terapagos|Terapagos, L50, M|100/100
|-activate|p2b: Terapagos|ability: Tera Shift
|detailschange|p2b: Terapagos|Terapagos-Terastal, L50, M
|-heal|p2b: Terapagos|100/100|[silent]
|move|p1a: Grimmsnarl|Reflect|p1a: Grimmsnarl
|-sidestart|p1: qunqun24|Reflect
|move|p2a: Whimsicott|Moonblast|p1a: Grimmsnarl
|-supereffective|p1a: Grimmsnarl
|-damage|p1a: Grimmsnarl|30/100
|move|p1b: Ho-Oh|Sacred Fire|p2b: Terapagos
|-activate|p2b: Terapagos|ability: Tera Shell
|-resisted|p2b: Terapagos
|-damage|p2b: Terapagos|79/100
|
|upkeep
|turn|5
|inactive|kojimuranishi has 30 seconds left.
|inactive|kojimuranishi has 20 seconds left.
|inactive|kojimuranishi has 15 seconds left.
|inactive|kojimuranishi has 10 seconds left.
|inactive|kojimuranishi has 5 seconds left.
|
|t:|1750774098
|move|p2a: Whimsicott|Protect|p2a: Whimsicott
|-singleturn|p2a: Whimsicott|Protect
|move|p1a: Grimmsnarl|Light Screen|p1a: Grimmsnarl
|-sidestart|p1: qunqun24|move: Light Screen
|move|p2b: Terapagos|Meteor Beam||[still]
|-prepare|p2b: Terapagos|Meteor Beam
|-boost|p2b: Terapagos|spa|1
|-enditem|p2b: Terapagos|Power Herb
|-anim|p2b: Terapagos|Meteor Beam|p1b: Ho-Oh|[miss]
|-miss|p2b: Terapagos|p1b: Ho-Oh
|move|p1b: Ho-Oh|Sacred Fire|p2b: Terapagos
|-damage|p2b: Terapagos|33/100
|-status|p2b: Terapagos|brn
|
|-damage|p2b: Terapagos|27/100 brn|[from] brn
|upkeep
|turn|6
|inactive|kojimuranishi has 30 seconds left.
|
|t:|1750774128
|move|p2b: Terapagos|Protect|p2b: Terapagos
|-singleturn|p2b: Terapagos|Protect
|move|p2a: Whimsicott|Moonblast|p1a: Grimmsnarl
|-supereffective|p1a: Grimmsnarl
|-damage|p1a: Grimmsnarl|0 fnt
|faint|p1a: Grimmsnarl
|move|p1b: Ho-Oh|Brave Bird|p2a: Whimsicott
|-supereffective|p2a: Whimsicott
|-damage|p2a: Whimsicott|0 fnt
|faint|p2a: Whimsicott
|-damage|p1b: Ho-Oh|94/100|[from] Recoil
|
|-damage|p2b: Terapagos|21/100 brn|[from] brn
|upkeep
|
|t:|1750774148
|switch|p2a: Calyrex|Calyrex-Ice, L50|93/100
|switch|p1a: Eternatus|Eternatus, L50|100/100
|-ability|p2a: Calyrex|As One
|-ability|p2a: Calyrex|Unnerve
|-ability|p1a: Eternatus|Pressure
|turn|7
|
|t:|1750774168
|-terastallize|p2a: Calyrex|Ice
|move|p1a: Eternatus|Protect|p1a: Eternatus
|-singleturn|p1a: Eternatus|Protect
|move|p2b: Terapagos|Tera Starstorm|p1b: Ho-Oh
|-damage|p1b: Ho-Oh|55/100
|move|p1b: Ho-Oh|Sacred Fire|p2a: Calyrex
|-supereffective|p2a: Calyrex
|-damage|p2a: Calyrex|14/100
|move|p2a: Calyrex|Glacial Lance|p1a: Eternatus|[spread] p1b
|-activate|p1a: Eternatus|move: Protect
|-damage|p1b: Ho-Oh|0 fnt
|faint|p1b: Ho-Oh
|-ability|p2a: Calyrex|Chilling Neigh|boost
|-boost|p2a: Calyrex|atk|1
|
|-damage|p2b: Terapagos|15/100 brn|[from] brn
|upkeep
|turn|8
|inactive|kojimuranishi has 30 seconds left.
|
|t:|1750774200
|-terastallize|p1a: Eternatus|Fairy
|move|p1a: Eternatus|Dynamax Cannon|p2a: Calyrex
|-damage|p2a: Calyrex|0 fnt
|faint|p2a: Calyrex
|move|p2b: Terapagos|Tera Starstorm|p1a: Eternatus
|-damage|p1a: Eternatus|54/100
|
|-heal|p1a: Eternatus|60/100|[from] item: Leftovers
|-damage|p2b: Terapagos|9/100 brn|[from] brn
|upkeep
|turn|9
|
|t:|1750774214
|move|p1a: Eternatus|Dynamax Cannon|p2b: Terapagos
|-damage|p2b: Terapagos|0 fnt
|faint|p2b: Terapagos
|
|win|qunqun24
|raw|qunqun24's rating: 1577 &rarr; <strong>1600</strong><br />(+23 for winning)
|raw|kojimuranishi's rating: 1626 &rarr; <strong>1603</strong><br />(-23 for losing)
|l|☆kojimuranishi
|player|p2|
|l| GexkaXXV
|l| congwuyu
|l|☆qunqun24
|player|p1|
|j|☆qunqun24
|player|p1|qunqun24|101|
|l|☆qunqun24
|player|p1|
