|j|☆pecan3141
|j|☆Arthoryuz
|t:|1750877082
|gametype|doubles
|player|p1|pecan3141|101|1155
|player|p2|Arthoryuz|youngster-gen4dp|1100
|teamsize|p1|6
|teamsize|p2|6
|gen|9
|tier|[Gen 9] VGC 2025 Reg I
|rated|
|rule|Species Clause: Limit one of each Pokémon
|rule|Item Clause: Limit 1 of each item
|clearpoke
|poke|p1|Tornadus, L50, M|
|poke|p1|Kyogre, L50|
|poke|p1|Indeedee, L50, M|
|poke|p1|Breloom, L50, F|
|poke|p1|Incineroar, L50, F|
|poke|p1|Kyurem-Black, L50|
|poke|p2|Regigigas, L50|
|poke|p2|Weezing-Galar, L50, M|
|poke|p2|Medicham, L50, F|
|poke|p2|Koraidon, L50|
|poke|p2|Flutter Mane, L50|
|poke|p2|Amoonguss, L50, F|
|teampreview|4
|inactive|Battle timer is ON: inactive players will automatically lose when time's up. (requested by pecan3141)
|inactive|Arthoryuz has 60 seconds left.
|
|t:|1750877154
|start
|switch|p1a: Indeedee|Indeedee, L50, M|100/100
|switch|p1b: Breloom|Breloom, L50, F|100/100
|switch|p2a: Regigigas|Regigigas, L50|100/100
|switch|p2b: Weezing|Weezing-Galar, L50, M|100/100
|-ability|p2b: Weezing|Neutralizing Gas
|turn|1
|
|t:|1750877170
|-terastallize|p2a: Regigigas|Ghost
|move|p1a: Indeedee|Trick|p2b: Weezing
|-activate|p1a: Indeedee|move: Trick|[of] p2b: Weezing
|-item|p2b: Weezing|Choice Scarf|[from] move: Trick
|-item|p1a: Indeedee|Sitrus Berry|[from] move: Trick
|move|p2a: Regigigas|Heavy Slam|p1a: Indeedee
|-damage|p1a: Indeedee|0 fnt
|faint|p1a: Indeedee
|move|p1b: Breloom|Spore|p2a: Regigigas
|-status|p2a: Regigigas|slp|[from] move: Spore
|move|p2b: Weezing|Poison Gas|p1b: Breloom
|-status|p1b: Breloom|psn
|
|-damage|p1b: Breloom|88/100 psn|[from] psn
|upkeep
|
|t:|1750877185
|switch|p1a: Tornadus|Tornadus, L50, M|100/100
|turn|2
|
|t:|1750877196
|cant|p2a: Regigigas|slp
|move|p1b: Breloom|Bullet Seed|p2a: Regigigas
|-damage|p2a: Regigigas|88/100 slp
|-damage|p2a: Regigigas|76/100 slp
|-damage|p2a: Regigigas|65/100 slp
|-damage|p2a: Regigigas|53/100 slp
|-crit|p2a: Regigigas
|-damage|p2a: Regigigas|36/100 slp
|-hitcount|p2a: Regigigas|5
|move|p1a: Tornadus|Taunt|p2b: Weezing
|-start|p2b: Weezing|move: Taunt
|cant|p2b: Weezing|move: Taunt|Poison Gas
|
|-damage|p1b: Breloom|75/100 psn|[from] psn
|upkeep
|turn|3
|
|t:|1750877218
|cant|p2a: Regigigas|slp
|move|p1b: Breloom|Spore|p2b: Weezing
|-status|p2b: Weezing|slp|[from] move: Spore
|move|p1a: Tornadus|Rain Dance|p1a: Tornadus
|-weather|RainDance
|cant|p2b: Weezing|slp
|
|-weather|RainDance|[upkeep]
|-damage|p1b: Breloom|63/100 psn|[from] psn
|upkeep
|turn|4
|
|t:|1750877237
|-end|p2a: Regigigas|Slow Start|[silent]
|switch|p2a: Koraidon|Koraidon, L50|100/100
|-weather|SunnyDay|[from] ability: Orichalcum Pulse|[of] p2a: Koraidon
|-activate|p2a: Koraidon|Orichalcum Pulse|[source]
|-end|p2b: Weezing|ability: Neutralizing Gas
|switch|p2b: Flutter Mane|Flutter Mane, L50|100/100
|-activate|p2b: Flutter Mane|ability: Protosynthesis
|-start|p2b: Flutter Mane|protosynthesisspa
|move|p1a: Tornadus|Tailwind|p1a: Tornadus
|-sidestart|p1: pecan3141|move: Tailwind
|move|p1b: Breloom|Bullet Seed|p2a: Koraidon
|-resisted|p2a: Koraidon
|-damage|p2a: Koraidon|93/100
|-resisted|p2a: Koraidon
|-damage|p2a: Koraidon|86/100
|-resisted|p2a: Koraidon
|-damage|p2a: Koraidon|79/100
|-resisted|p2a: Koraidon
|-damage|p2a: Koraidon|72/100
|-hitcount|p2a: Koraidon|4
|
|-weather|SunnyDay|[upkeep]
|-damage|p1b: Breloom|50/100 psn|[from] psn
|upkeep
|turn|5
|inactive|pecan3141 has 30 seconds left.
|
|t:|1750877262
|move|p2a: Koraidon|Protect|p2a: Koraidon
|-singleturn|p2a: Koraidon|Protect
|move|p1a: Tornadus|Rain Dance|p1a: Tornadus
|-weather|RainDance
|-end|p2b: Flutter Mane|Protosynthesis
|move|p1b: Breloom|Bullet Seed|p2b: Flutter Mane
|-damage|p2b: Flutter Mane|75/100
|-damage|p2b: Flutter Mane|50/100
|-damage|p2b: Flutter Mane|26/100
|-damage|p2b: Flutter Mane|2/100
|-damage|p2b: Flutter Mane|0 fnt
|faint|p2b: Flutter Mane
|-end|p2b: Flutter Mane|Protosynthesis|[silent]
|-hitcount|p2: Flutter Mane|5
|
|-weather|RainDance|[upkeep]
|-damage|p1b: Breloom|38/100 psn|[from] psn
|upkeep
|
|t:|1750877276
|switch|p2b: Weezing|Weezing-Galar, L50, M|100/100 slp
|-ability|p2b: Weezing|Neutralizing Gas
|-block|p2a: Koraidon|item: Ability Shield
|turn|6
|
|t:|1750877291
|move|p1b: Breloom|Spore|p2a: Koraidon
|-status|p2a: Koraidon|slp|[from] move: Spore
|move|p1a: Tornadus|Bleakwind Storm|p2a: Koraidon|[spread] p2a,p2b
|-supereffective|p2a: Koraidon
|-damage|p2a: Koraidon|12/100 slp
|-damage|p2b: Weezing|69/100 slp
|-unboost|p2a: Koraidon|spe|1
|cant|p2b: Weezing|slp
|cant|p2a: Koraidon|slp
|
|-weather|RainDance|[upkeep]
|-damage|p1b: Breloom|25/100 psn|[from] psn
|upkeep
|turn|7
|-message|Arthoryuz forfeited.
|
|win|pecan3141
|raw|pecan3141's rating: 1155 &rarr; <strong>1176</strong><br />(+21 for winning)
|raw|Arthoryuz's rating: 1100 &rarr; <strong>1079</strong><br />(-21 for losing)
|l|☆Arthoryuz
|player|p2|
|l|☆pecan3141
|player|p1|
