|j|☆salvx
|j|☆sonite
|t:|1750760057
|gametype|doubles
|player|p1|salvx|shadowtriad|1240
|player|p2|sonite|169|1175
|teamsize|p1|6
|teamsize|p2|6
|gen|9
|tier|[Gen 9] VGC 2025 Reg I
|rated|
|rule|Species Clause: Limit one of each Pokémon
|rule|Item Clause: Limit 1 of each item
|clearpoke
|poke|p1|Blaziken, L50, M|
|poke|p1|Miraidon, L50|
|poke|p1|Grimmsnarl, L50, M|
|poke|p1|Iron Hands, L50|
|poke|p1|Farigiraf, L50, M|
|poke|p1|Koraidon, L50|
|poke|p2|Miraidon, L50|
|poke|p2|Lunala, L50|
|poke|p2|Sinistcha, L50|
|poke|p2|Incineroar, L50, F|
|poke|p2|Iron Bundle, L50|
|poke|p2|Grimmsnarl, L50, M|
|teampreview|4
|inactive|Battle timer is ON: inactive players will automatically lose when time's up. (requested by salvx)
|
|t:|1750760093
|start
|switch|p1a: Blaziken|Blaziken, L50, M|100/100
|switch|p1b: Grimmsnarl|Grimmsnarl, L50, M|100/100
|switch|p2a: Incineroar|Incineroar, L50, F|100/100
|switch|p2b: Grimmsnarl|Grimmsnarl, L50, M|100/100
|-ability|p2a: Incineroar|Intimidate|boost
|-unboost|p1a: Blaziken|atk|1
|-unboost|p1b: Grimmsnarl|atk|1
|turn|1
|inactive|salvx has 30 seconds left.
|
|t:|1750760127
|move|p1a: Blaziken|Protect|p1a: Blaziken
|-singleturn|p1a: Blaziken|Protect
|move|p2a: Incineroar|Fake Out|p1b: Grimmsnarl
|-damage|p1b: Grimmsnarl|87/100
|move|p2b: Grimmsnarl|Reflect|p2b: Grimmsnarl
|-sidestart|p2: sonite|Reflect
|cant|p1b: Grimmsnarl|flinch
|
|-ability|p1a: Blaziken|Speed Boost|boost
|-boost|p1a: Blaziken|spe|1
|upkeep
|turn|2
|
|t:|1750760148
|move|p2b: Grimmsnarl|Light Screen|p2b: Grimmsnarl
|-sidestart|p2: sonite|move: Light Screen
|move|p1b: Grimmsnarl|Reflect|p1b: Grimmsnarl
|-sidestart|p1: salvx|Reflect
|move|p1a: Blaziken|Swords Dance|p1a: Blaziken
|-boost|p1a: Blaziken|atk|2
|move|p2a: Incineroar|Knock Off|p1b: Grimmsnarl
|-resisted|p1b: Grimmsnarl
|-damage|p1b: Grimmsnarl|79/100
|-enditem|p1b: Grimmsnarl|Light Clay|[from] move: Knock Off|[of] p2a: Incineroar
|
|-ability|p1a: Blaziken|Speed Boost|boost
|-boost|p1a: Blaziken|spe|1
|upkeep
|turn|3
|
|t:|1750760173
|move|p1b: Grimmsnarl|Light Screen|p1b: Grimmsnarl
|-sidestart|p1: salvx|move: Light Screen
|move|p1a: Blaziken|Swords Dance|p1a: Blaziken
|-boost|p1a: Blaziken|atk|2
|move|p2b: Grimmsnarl|Spirit Break|p1b: Grimmsnarl
|-supereffective|p1b: Grimmsnarl
|-damage|p1b: Grimmsnarl|29/100
|-unboost|p1b: Grimmsnarl|spa|1
|move|p2a: Incineroar|Parting Shot|p1a: Blaziken
|-unboost|p1a: Blaziken|atk|1
|-unboost|p1a: Blaziken|spa|1
|
|t:|1750760192
|switch|p2a: Miraidon|Miraidon, L50|100/100|[from] Parting Shot
|-fieldstart|move: Electric Terrain|[from] ability: Hadron Engine|[of] p2a: Miraidon
|
|-ability|p1a: Blaziken|Speed Boost|boost
|-boost|p1a: Blaziken|spe|1
|upkeep
|turn|4
|
|t:|1750760214
|move|p2b: Grimmsnarl|Parting Shot|p1a: Blaziken
|-unboost|p1a: Blaziken|atk|1
|-unboost|p1a: Blaziken|spa|1
|
|t:|1750760217
|switch|p2b: Incineroar|Incineroar, L50, F|100/100|[from] Parting Shot
|-ability|p2b: Incineroar|Intimidate|boost
|-unboost|p1a: Blaziken|atk|1
|-unboost|p1b: Grimmsnarl|atk|1
|move|p1a: Blaziken|Swords Dance|p1a: Blaziken
|-boost|p1a: Blaziken|atk|2
|move|p2a: Miraidon|Volt Switch|p1b: Grimmsnarl
|-damage|p1b: Grimmsnarl|0 fnt
|faint|p1b: Grimmsnarl
|
|t:|1750760233
|switch|p2a: Grimmsnarl|Grimmsnarl, L50, M|100/100|[from] Volt Switch
|
|-ability|p1a: Blaziken|Speed Boost|boost
|-boost|p1a: Blaziken|spe|1
|upkeep
|
|t:|1750760240
|switch|p1b: Iron Hands|Iron Hands, L50|100/100
|-activate|p1b: Iron Hands|ability: Quark Drive
|-start|p1b: Iron Hands|quarkdriveatk
|turn|5
|
|t:|1750760258
|move|p1a: Blaziken|Protect|p1a: Blaziken
|-singleturn|p1a: Blaziken|Protect
|move|p2b: Incineroar|Fake Out|p1b: Iron Hands
|-damage|p1b: Iron Hands|96/100
|move|p2a: Grimmsnarl|Parting Shot|p1a: Blaziken
|-activate|p1a: Blaziken|move: Protect
|cant|p1b: Iron Hands|flinch
|
|-ability|p1a: Blaziken|Speed Boost|boost
|-boost|p1a: Blaziken|spe|1
|upkeep
|turn|6
|
|t:|1750760278
|switch|p2b: Lunala|Lunala, L50|100/100
|-enditem|p2b: Lunala|Electric Seed
|-boost|p2b: Lunala|def|1|[from] item: Electric Seed
|move|p2a: Grimmsnarl|Parting Shot|p1b: Iron Hands
|-unboost|p1b: Iron Hands|atk|1
|-unboost|p1b: Iron Hands|spa|1
|
|t:|1750760286
|switch|p2a: Incineroar|Incineroar, L50, F|100/100|[from] Parting Shot
|-ability|p2a: Incineroar|Intimidate|boost
|-unboost|p1a: Blaziken|atk|1
|-unboost|p1b: Iron Hands|atk|1
|move|p1a: Blaziken|Baton Pass|p1a: Blaziken
|
|t:|1750760290
|switch|p1a: Koraidon|Koraidon, L50|100/100|[from] Baton Pass
|-weather|SunnyDay|[from] ability: Orichalcum Pulse|[of] p1a: Koraidon
|-activate|p1a: Koraidon|Orichalcum Pulse|[source]
|move|p1b: Iron Hands|Low Kick|p2b: Lunala
|-immune|p2b: Lunala
|
|-weather|SunnyDay|[upkeep]
|upkeep
|turn|7
|inactive|sonite has 30 seconds left.
|
|t:|1750760317
|move|p1a: Koraidon|Protect|p1a: Koraidon
|-singleturn|p1a: Koraidon|Protect
|move|p2a: Incineroar|Fake Out|p1a: Koraidon
|-activate|p1a: Koraidon|move: Protect
|move|p2b: Lunala|Calm Mind|p2b: Lunala
|-boost|p2b: Lunala|spa|1
|-boost|p2b: Lunala|spd|1
|move|p1b: Iron Hands|Wild Charge|p2b: Lunala
|-damage|p2b: Lunala|94/100
|-damage|p1b: Iron Hands|94/100|[from] Recoil
|
|-weather|SunnyDay|[upkeep]
|-sideend|p1: salvx|move: Light Screen
|-fieldend|move: Electric Terrain
|-end|p1b: Iron Hands|Quark Drive
|upkeep
|turn|8
|inactive|sonite has 30 seconds left.
|inactive|sonite has 20 seconds left.
|inactive|salvx has 30 seconds left.
|
|t:|1750760363
|-terastallize|p1a: Koraidon|Fire
|move|p2a: Incineroar|Helping Hand|p2b: Lunala
|-singleturn|p2b: Lunala|Helping Hand|[of] p2a: Incineroar
|move|p1a: Koraidon|Flame Charge|p2b: Lunala
|-damage|p2b: Lunala|64/100
|-boost|p1a: Koraidon|spe|1
|move|p2b: Lunala|Moonblast|p1a: Koraidon
|-resisted|p1a: Koraidon
|-damage|p1a: Koraidon|65/100
|move|p1b: Iron Hands|Volt Switch|p2b: Lunala
|-damage|p2b: Lunala|62/100
|
|t:|1750760370
|-end|p1b: Iron Hands|Quark Drive|[silent]
|switch|p1b: Blaziken|Blaziken, L50, M|100/100|[from] Volt Switch
|
|-weather|SunnyDay|[upkeep]
|-sideend|p2: sonite|Reflect
|upkeep
|turn|9
|inactive|sonite has 30 seconds left.
|
|t:|1750760397
|move|p2a: Incineroar|Helping Hand|p2b: Lunala
|-singleturn|p2b: Lunala|Helping Hand|[of] p2a: Incineroar
|move|p1a: Koraidon|Drain Punch|p2a: Incineroar
|-supereffective|p2a: Incineroar
|-damage|p2a: Incineroar|0 fnt
|-heal|p1a: Koraidon|100/100|[from] drain|[of] p2a: Incineroar
|-damage|p1a: Koraidon|84/100|[from] item: Rocky Helmet|[of] p2a: Incineroar
|faint|p2a: Incineroar
|move|p1b: Blaziken|Swords Dance|p1b: Blaziken
|-boost|p1b: Blaziken|atk|2
|move|p2b: Lunala|Moongeist Beam|p1a: Koraidon
|-damage|p1a: Koraidon|0 fnt
|faint|p1a: Koraidon
|
|-weather|SunnyDay|[upkeep]
|-sideend|p1: salvx|Reflect
|-sideend|p2: sonite|move: Light Screen
|-ability|p1b: Blaziken|Speed Boost|boost
|-boost|p1b: Blaziken|spe|1
|upkeep
|
|t:|1750760415
|switch|p1a: Iron Hands|Iron Hands, L50|94/100
|switch|p2a: Grimmsnarl|Grimmsnarl, L50, M|100/100
|turn|10
|inactive|sonite has 30 seconds left.
|
|t:|1750760442
|-terastallize|p2b: Lunala|Fairy
|move|p2a: Grimmsnarl|Reflect|p2a: Grimmsnarl
|-sidestart|p2: sonite|Reflect
|move|p1b: Blaziken|Swords Dance|p1b: Blaziken
|-boost|p1b: Blaziken|atk|2
|move|p2b: Lunala|Moonblast|p1a: Iron Hands
|-supereffective|p1a: Iron Hands
|-damage|p1a: Iron Hands|0 fnt
|faint|p1a: Iron Hands
|-end|p1a: Iron Hands|Quark Drive|[silent]
|
|-weather|none
|-ability|p1b: Blaziken|Speed Boost|boost
|-boost|p1b: Blaziken|spe|1
|upkeep
|turn|11
|
|t:|1750760458
|move|p2a: Grimmsnarl|Parting Shot|p1b: Blaziken
|-unboost|p1b: Blaziken|atk|1
|-unboost|p1b: Blaziken|spa|1
|
|t:|1750760464
|switch|p2a: Miraidon|Miraidon, L50|100/100|[from] Parting Shot
|-fieldstart|move: Electric Terrain|[from] ability: Hadron Engine|[of] p2a: Miraidon
|move|p1b: Blaziken|Close Combat|p2b: Lunala
|-resisted|p2b: Lunala
|-damage|p2b: Lunala|46/100
|-unboost|p1b: Blaziken|def|1
|-unboost|p1b: Blaziken|spd|1
|move|p2b: Lunala|Moongeist Beam|p1b: Blaziken
|-enditem|p1b: Blaziken|Focus Sash
|-damage|p1b: Blaziken|1/100
|
|-ability|p1b: Blaziken|Speed Boost|boost
|-boost|p1b: Blaziken|spe|1
|upkeep
|turn|12
|-message|salvx forfeited.
|
|win|sonite
|raw|salvx's rating: 1240 &rarr; <strong>1210</strong><br />(-30 for losing)
|raw|sonite's rating: 1175 &rarr; <strong>1205</strong><br />(+30 for winning)
|l|☆salvx
|player|p1|
