|j|☆Banthejuggalo
|j|☆FlyingDingo
|t:|1750716424
|gametype|doubles
|player|p1|Banthejuggalo|265|1532
|player|p2|FlyingDingo|hilda-wonderlauncher|1546
|teamsize|p1|6
|teamsize|p2|6
|gen|9
|tier|[Gen 9] VGC 2025 Reg I
|rated|
|rule|Species Clause: Limit one of each Pokémon
|rule|Item Clause: Limit 1 of each item
|clearpoke
|poke|p1|Ho-Oh, L50|
|poke|p1|Suicune, L50|
|poke|p1|Ting-Lu, L50|
|poke|p1|Calyrex-Ice, L50|
|poke|p1|Rillaboom, L50, F|
|poke|p1|Grimmsnarl, L50, M|
|poke|p2|Giratina-Origin, L50|
|poke|p2|Kleavor, L50, F|
|poke|p2|Zamazenta-*, L50|
|poke|p2|Rillaboom, L50, M|
|poke|p2|Chi-Yu, L50|
|poke|p2|Urshifu-*, L50, M|
|teampreview|4
|
|t:|1750716446
|start
|switch|p1a: Grimmsnarl|Grimmsnarl, L50, M|100/100
|switch|p1b: Suicune|Suicune, L50|100/100
|switch|p2a: Giratina|Giratina-Origin, L50|100/100
|switch|p2b: Kleavor|Kleavor, L50, F|100/100
|-ability|p1b: Suicune|Pressure
|turn|1
|inactive|Battle timer is ON: inactive players will automatically lose when time's up. (requested by FlyingDingo)
|
|t:|1750716459
|move|p1a: Grimmsnarl|Reflect|p1a: Grimmsnarl
|-sidestart|p1: Banthejuggalo|Reflect
|move|p2b: Kleavor|Stone Axe|p1b: Suicune
|-damage|p1b: Suicune|76/100
|-sidestart|p1: Banthejuggalo|move: Stealth Rock
|move|p2a: Giratina|Poltergeist|p1b: Suicune
|-activate|p1b: Suicune|move: Poltergeist|Sitrus Berry
|-damage|p1b: Suicune|43/100
|-enditem|p1b: Suicune|Sitrus Berry|[eat]
|-heal|p1b: Suicune|67/100|[from] item: Sitrus Berry
|move|p1b: Suicune|Calm Mind|p1b: Suicune
|-boost|p1b: Suicune|spa|1
|-boost|p1b: Suicune|spd|1
|
|upkeep
|turn|2
|
|t:|1750716479
|move|p2b: Kleavor|X-Scissor|p1b: Suicune
|-damage|p1b: Suicune|37/100
|move|p2a: Giratina|Dragon Claw|p1b: Suicune
|-damage|p1b: Suicune|11/100
|move|p1b: Suicune|Scald|p2a: Giratina
|-resisted|p2a: Giratina
|-damage|p2a: Giratina|86/100
|-status|p2a: Giratina|brn
|move|p1a: Grimmsnarl|Spirit Break|p2a: Giratina
|-supereffective|p2a: Giratina
|-damage|p2a: Giratina|43/100 brn
|-unboost|p2a: Giratina|spa|1
|
|-damage|p2a: Giratina|37/100 brn|[from] brn
|upkeep
|turn|3
|inactive|Banthejuggalo has 30 seconds left.
|inactive|FlyingDingo has 30 seconds left.
|
|t:|1750716514
|move|p2b: Kleavor|Tailwind|p2b: Kleavor
|-sidestart|p2: FlyingDingo|move: Tailwind
|move|p2a: Giratina|Dragon Claw|p1b: Suicune
|-damage|p1b: Suicune|0 fnt
|faint|p1b: Suicune
|move|p1a: Grimmsnarl|Spirit Break|p2b: Kleavor
|-damage|p2b: Kleavor|64/100
|-unboost|p2b: Kleavor|spa|1
|
|-damage|p2a: Giratina|31/100 brn|[from] brn
|upkeep
|
|t:|1750716530
|switch|p1b: Calyrex|Calyrex-Ice, L50|100/100
|-ability|p1b: Calyrex|As One
|-ability|p1b: Calyrex|Unnerve
|-damage|p1b: Calyrex|76/100|[from] Stealth Rock
|turn|4
|
|t:|1750716542
|move|p1b: Calyrex|Protect|p1b: Calyrex
|-singleturn|p1b: Calyrex|Protect
|move|p2b: Kleavor|X-Scissor|p1b: Calyrex
|-activate|p1b: Calyrex|move: Protect
|move|p2a: Giratina|Poltergeist|p1b: Calyrex
|-activate|p1b: Calyrex|move: Protect
|move|p1a: Grimmsnarl|Spirit Break|p2b: Kleavor
|-damage|p2b: Kleavor|22/100
|-unboost|p2b: Kleavor|spa|1
|
|-heal|p1b: Calyrex|82/100|[from] item: Leftovers
|-damage|p2a: Giratina|24/100 brn|[from] brn
|upkeep
|turn|5
|
|t:|1750716562
|-terastallize|p1b: Calyrex|Water
|move|p1a: Grimmsnarl|Misty Terrain|p1a: Grimmsnarl
|-fieldstart|move: Misty Terrain
|move|p2b: Kleavor|X-Scissor|p1b: Calyrex
|-damage|p1b: Calyrex|58/100
|move|p2a: Giratina|Poltergeist|p1b: Calyrex
|-activate|p1b: Calyrex|move: Poltergeist|Leftovers
|-damage|p1b: Calyrex|46/100
|move|p1b: Calyrex|Trick Room|p1b: Calyrex
|-fieldstart|move: Trick Room|[of] p1b: Calyrex
|
|-heal|p1b: Calyrex|52/100|[from] item: Leftovers
|-damage|p2a: Giratina|18/100 brn|[from] brn
|upkeep
|turn|6
|inactive|FlyingDingo has 30 seconds left.
|
|t:|1750716596
|switch|p2b: Zamazenta|Zamazenta-Crowned, L50|100/100
|-ability|p2b: Zamazenta|Dauntless Shield|boost
|-boost|p2b: Zamazenta|def|1
|move|p2a: Giratina|Shadow Sneak|p1b: Calyrex
|-damage|p1b: Calyrex|47/100
|move|p1b: Calyrex|Glacial Lance|p2a: Giratina|[spread] p2a,p2b
|-supereffective|p2a: Giratina
|-resisted|p2b: Zamazenta
|-damage|p2a: Giratina|0 fnt
|-damage|p2b: Zamazenta|91/100
|faint|p2a: Giratina
|-ability|p1b: Calyrex|Chilling Neigh|boost
|-boost|p1b: Calyrex|atk|1
|move|p1a: Grimmsnarl|Spirit Break|p2b: Zamazenta
|-damage|p2b: Zamazenta|80/100
|-unboost|p2b: Zamazenta|spa|1
|
|-heal|p1b: Calyrex|53/100|[from] item: Leftovers
|-sideend|p2: FlyingDingo|move: Tailwind
|upkeep
|
|t:|1750716619
|switch|p2a: Urshifu|Urshifu-Rapid-Strike, L50, M|100/100
|turn|7
|inactive|FlyingDingo has 30 seconds left.
|
|t:|1750716648
|-terastallize|p2a: Urshifu|Grass
|move|p2b: Zamazenta|Wide Guard|p2b: Zamazenta
|-singleturn|p2b: Zamazenta|Wide Guard
|move|p1b: Calyrex|Leech Seed|p2b: Zamazenta|[miss]
|-miss|p1b: Calyrex|p2b: Zamazenta
|move|p1a: Grimmsnarl|Spirit Break|p2a: Urshifu
|-damage|p2a: Urshifu|71/100
|-unboost|p2a: Urshifu|spa|1
|move|p2a: Urshifu|Surging Strikes|p1b: Calyrex
|-resisted|p1b: Calyrex
|-crit|p1b: Calyrex
|-damage|p1b: Calyrex|43/100
|-resisted|p1b: Calyrex
|-crit|p1b: Calyrex
|-damage|p1b: Calyrex|35/100
|-resisted|p1b: Calyrex
|-crit|p1b: Calyrex
|-damage|p1b: Calyrex|27/100
|-hitcount|p1b: Calyrex|3
|
|-heal|p1b: Calyrex|32/100|[from] item: Leftovers
|upkeep
|turn|8
|
|t:|1750716670
|move|p2b: Zamazenta|Wide Guard|p2b: Zamazenta
|-singleturn|p2b: Zamazenta|Wide Guard
|move|p1b: Calyrex|Leech Seed|p2b: Zamazenta
|-start|p2b: Zamazenta|move: Leech Seed
|move|p1a: Grimmsnarl|Spirit Break|p2a: Urshifu
|-damage|p2a: Urshifu|39/100
|-unboost|p2a: Urshifu|spa|1
|move|p2a: Urshifu|Surging Strikes|p1a: Grimmsnarl
|-crit|p1a: Grimmsnarl
|-damage|p1a: Grimmsnarl|66/100
|-crit|p1a: Grimmsnarl
|-damage|p1a: Grimmsnarl|35/100
|-crit|p1a: Grimmsnarl
|-damage|p1a: Grimmsnarl|0 fnt
|faint|p1a: Grimmsnarl
|-hitcount|p1: Grimmsnarl|3
|
|-heal|p1b: Calyrex|38/100|[from] item: Leftovers
|-damage|p2b: Zamazenta|67/100|[from] Leech Seed|[of] p1b: Calyrex
|-heal|p1b: Calyrex|50/100|[silent]
|-sideend|p1: Banthejuggalo|Reflect
|upkeep
|
|t:|1750716681
|switch|p1a: Ho-Oh|Ho-Oh, L50|100/100
|-damage|p1a: Ho-Oh|51/100|[from] Stealth Rock
|turn|9
|
|t:|1750716705
|move|p1b: Calyrex|Glacial Lance|p2a: Urshifu|[spread] p2a,p2b
|-supereffective|p2a: Urshifu
|-resisted|p2b: Zamazenta
|-damage|p2a: Urshifu|0 fnt
|-damage|p2b: Zamazenta|55/100
|faint|p2a: Urshifu
|-ability|p1b: Calyrex|Chilling Neigh|boost
|-boost|p1b: Calyrex|atk|1
|move|p1a: Ho-Oh|Sacred Fire|p2b: Zamazenta
|-supereffective|p2b: Zamazenta
|-damage|p2b: Zamazenta|22/100
|move|p2b: Zamazenta|Body Press|p1b: Calyrex
|-damage|p1b: Calyrex|9/100
|
|-heal|p1b: Calyrex|15/100|[from] item: Leftovers
|-damage|p2b: Zamazenta|10/100|[from] Leech Seed|[of] p1b: Calyrex
|-heal|p1b: Calyrex|27/100|[silent]
|-fieldend|move: Trick Room
|-fieldend|Misty Terrain
|upkeep
|
|t:|1750716709
|switch|p2a: Kleavor|Kleavor, L50, F|22/100
|turn|10
|
|t:|1750716718
|move|p2b: Zamazenta|Wide Guard|p2b: Zamazenta
|-singleturn|p2b: Zamazenta|Wide Guard
|move|p2a: Kleavor|Stone Axe|p1a: Ho-Oh
|-supereffective|p1a: Ho-Oh
|-damage|p1a: Ho-Oh|0 fnt
|-damage|p2a: Kleavor|5/100|[from] item: Rocky Helmet|[of] p1a: Ho-Oh
|faint|p1a: Ho-Oh
|move|p1b: Calyrex|Glacial Lance|p2b: Zamazenta|[spread] 
|-activate|p2a: Kleavor|move: Wide Guard
|-activate|p2b: Zamazenta|move: Wide Guard
|
|-heal|p1b: Calyrex|32/100|[from] item: Leftovers
|-damage|p2b: Zamazenta|0 fnt|[from] Leech Seed|[of] p1b: Calyrex
|-heal|p1b: Calyrex|41/100|[silent]
|faint|p2b: Zamazenta
|upkeep
|turn|11
|
|t:|1750716728
|move|p2a: Kleavor|X-Scissor|p1b: Calyrex
|-damage|p1b: Calyrex|6/100
|move|p1b: Calyrex|Glacial Lance|p2a: Kleavor
|-damage|p2a: Kleavor|0 fnt
|faint|p2a: Kleavor
|
|win|Banthejuggalo
|raw|Banthejuggalo's rating: 1532 &rarr; <strong>1553</strong><br />(+21 for winning)
|raw|FlyingDingo's rating: 1546 &rarr; <strong>1525</strong><br />(-21 for losing)
|c|☆FlyingDingo|Gg
|c|☆Banthejuggalo|Gg
|l|☆Banthejuggalo
|player|p1|
|l|☆FlyingDingo
|player|p2|
