|j|☆ZEATHS
|j|☆h_dizzel37
|t:|1750847510
|gametype|doubles
|player|p1|ZEATHS|pokemaniac|1104
|player|p2|h_dizzel37|102|1144
|teamsize|p1|6
|teamsize|p2|6
|gen|9
|tier|[Gen 9] VGC 2025 Reg I
|rated|
|rule|Species Clause: Limit one of each Pokémon
|rule|Item Clause: Limit 1 of each item
|clearpoke
|poke|p1|Kyurem-White, L50|
|poke|p1|Zamazenta-*, L50|
|poke|p1|Amoonguss, L50, F|
|poke|p1|Tornadus, L50, M|
|poke|p1|Urshifu-*, L50, F|
|poke|p1|Ditto, L50|
|poke|p2|Calyrex-Ice, L50|
|poke|p2|Glastrier, L50|
|poke|p2|Raichu, L50, F|
|poke|p2|Oranguru, L50, F|
|poke|p2|Zoroark-Hisui, L50, F|
|poke|p2|Necrozma-Dawn-Wings, L50|
|teampreview|4
ZEATHS has agreed to open team sheets.
|
|t:|1750847547
|start
|switch|p1a: Tornadus|Tornadus, L50, M, shiny|100/100
|switch|p1b: Kyurem|Kyurem-White, L50, shiny|100/100
|switch|p2a: Necrozma|Necrozma-Dawn-Wings, L50|100/100
|switch|p2b: Oranguru|Oranguru, L50, F|100/100
|-ability|p1b: Kyurem|Turboblaze
|turn|1
|inactive|Battle timer is ON: inactive players will automatically lose when time's up. (requested by h_dizzel37)
|
|t:|1750847562
|-terastallize|p1b: Kyurem|Ice
|move|p1a: Tornadus|Snowscape|p1a: Tornadus
|-weather|Snowscape
|move|p1b: Kyurem|Blizzard|p2a: Necrozma|[spread] p2a,p2b
|-damage|p2a: Necrozma|31/100
|-damage|p2b: Oranguru|36/100
|move|p2a: Necrozma|Meteor Beam||[still]
|-prepare|p2a: Necrozma|Meteor Beam
|-boost|p2a: Necrozma|spa|1
|-enditem|p2a: Necrozma|Power Herb
|-anim|p2a: Necrozma|Meteor Beam|p1b: Kyurem|[miss]
|-miss|p2a: Necrozma|p1b: Kyurem
|move|p2b: Oranguru|Trick Room|p2b: Oranguru
|-fieldstart|move: Trick Room|[of] p2b: Oranguru
|
|-weather|Snowscape|[upkeep]
|upkeep
|turn|2
|
|t:|1750847586
|move|p2b: Oranguru|Encore|p1a: Tornadus
|-start|p1a: Tornadus|Encore
|move|p2a: Necrozma|Moongeist Beam|p1b: Kyurem
|-damage|p1b: Kyurem|8/100
|move|p1a: Tornadus|Snowscape||[still]
|-fail|p1a: Tornadus
|move|p1b: Kyurem|Blizzard|p2b: Oranguru|[spread] p2a,p2b
|-damage|p2a: Necrozma|0 fnt
|-damage|p2b: Oranguru|0 fnt
|faint|p2a: Necrozma
|faint|p2b: Oranguru
|
|-weather|Snowscape|[upkeep]
|upkeep
|
|t:|1750847597
|switch|p2b: Glastrier|Glastrier, L50|100/100
|switch|p2a: Calyrex|Calyrex-Ice, L50|100/100
|-ability|p2a: Calyrex|As One
|-ability|p2a: Calyrex|Unnerve
|turn|3
|
|t:|1750847604
|switch|p1a: Zamazenta|Zamazenta-Crowned, L50|100/100
|-ability|p1a: Zamazenta|Dauntless Shield|boost
|-boost|p1a: Zamazenta|def|1
|switch|p1b: Ditto|Ditto, L50|100/100
|-transform|p1b: Ditto|p2a: Calyrex|[from] ability: Imposter
|-ability|p1b: Ditto|As One
|-ability|p1b: Ditto|Unnerve
|move|p2b: Glastrier|Icicle Crash|p1a: Zamazenta|[miss]
|-miss|p2b: Glastrier|p1a: Zamazenta
|move|p2a: Calyrex|Glacial Lance|p1b: Ditto|[spread] p1a,p1b
|-resisted|p1a: Zamazenta
|-resisted|p1b: Ditto
|-damage|p1a: Zamazenta|92/100
|-damage|p1b: Ditto|90/100
|
|-weather|Snowscape|[upkeep]
|upkeep
|turn|4
|inactive|h_dizzel37 has 30 seconds left.
|
|t:|1750847633
|move|p1a: Zamazenta|Wide Guard|p1a: Zamazenta
|-singleturn|p1a: Zamazenta|Wide Guard
|move|p2b: Glastrier|High Horsepower|p1a: Zamazenta
|-supereffective|p1a: Zamazenta
|-damage|p1a: Zamazenta|60/100
|move|p2a: Calyrex|Leech Seed|p1a: Zamazenta
|-start|p1a: Zamazenta|move: Leech Seed
|move|p1b: Ditto|Trick Room|p1b: Ditto
|-fieldend|move: Trick Room
|
|-weather|Snowscape|[upkeep]
|-damage|p1a: Zamazenta|48/100|[from] Leech Seed|[of] p2a: Calyrex
|upkeep
|turn|5
|
|t:|1750847648
|switch|p1b: Tornadus|Tornadus, L50, M, shiny|100/100
|move|p1a: Zamazenta|Body Press|p2b: Glastrier
|-supereffective|p2b: Glastrier
|-damage|p2b: Glastrier|35/100
|move|p2a: Calyrex|Leech Seed|p1b: Tornadus
|-start|p1b: Tornadus|move: Leech Seed
|move|p2b: Glastrier|High Horsepower|p1a: Zamazenta
|-supereffective|p1a: Zamazenta
|-damage|p1a: Zamazenta|18/100
|
|-weather|none
|-damage|p1a: Zamazenta|6/100|[from] Leech Seed|[of] p2a: Calyrex
|-damage|p1b: Tornadus|88/100|[from] Leech Seed|[of] p2a: Calyrex
|upkeep
|turn|6
|
|t:|1750847662
|move|p2b: Glastrier|Protect|p2b: Glastrier
|-singleturn|p2b: Glastrier|Protect
|move|p1b: Tornadus|Snowscape|p1b: Tornadus
|-weather|Snowscape
|move|p1a: Zamazenta|Body Press|p2b: Glastrier
|-activate|p2b: Glastrier|move: Protect
|move|p2a: Calyrex|Trick Room|p2a: Calyrex
|-fieldstart|move: Trick Room|[of] p2a: Calyrex
|
|-weather|Snowscape|[upkeep]
|-damage|p1b: Tornadus|76/100|[from] Leech Seed|[of] p2a: Calyrex
|-damage|p1a: Zamazenta|0 fnt|[from] Leech Seed|[of] p2a: Calyrex
|faint|p1a: Zamazenta
|upkeep
|
|t:|1750847672
|switch|p1a: Ditto|Ditto, L50|90/100
|-transform|p1a: Ditto|p2b: Glastrier|[from] ability: Imposter
|turn|7
|
|t:|1750847685
|-terastallize|p2a: Calyrex|Water
|move|p1a: Ditto|High Horsepower|p2a: Calyrex
|-damage|p2a: Calyrex|80/100
|move|p2b: Glastrier|Close Combat|p1a: Ditto
|-supereffective|p1a: Ditto
|-damage|p1a: Ditto|31/100
|-unboost|p2b: Glastrier|def|1
|-unboost|p2b: Glastrier|spd|1
|move|p2a: Calyrex|Glacial Lance|p1b: Tornadus|[spread] p1a,p1b
|-resisted|p1a: Ditto
|-supereffective|p1b: Tornadus
|-damage|p1a: Ditto|16/100
|-damage|p1b: Tornadus|0 fnt
|faint|p1b: Tornadus
|-ability|p2a: Calyrex|Chilling Neigh|boost
|-boost|p2a: Calyrex|atk|1
|
|-weather|Snowscape|[upkeep]
|-heal|p2a: Calyrex|86/100|[from] item: Leftovers
|upkeep
|
|t:|1750847692
|switch|p1b: Kyurem|Kyurem-White, L50, shiny, tera:Ice|8/100
|-ability|p1b: Kyurem|Turboblaze
|turn|8
|
|t:|1750847706
|move|p2b: Glastrier|Protect|p2b: Glastrier
|-singleturn|p2b: Glastrier|Protect
|move|p1a: Ditto|Close Combat|p2b: Glastrier
|-activate|p2b: Glastrier|move: Protect
|move|p2a: Calyrex|Glacial Lance|p1a: Ditto|[spread] p1a,p1b
|-resisted|p1a: Ditto
|-resisted|p1b: Kyurem
|-damage|p1a: Ditto|0 fnt
|-damage|p1b: Kyurem|0 fnt
|faint|p1a: Ditto
|faint|p1b: Kyurem
|
|win|h_dizzel37
|raw|ZEATHS's rating: 1104 &rarr; <strong>1082</strong><br />(-22 for losing)
|raw|h_dizzel37's rating: 1144 &rarr; <strong>1166</strong><br />(+22 for winning)
|c|☆ZEATHS|gg
