|j|☆cjjsir
|j|☆IncineroarH8ter
|t:|1750752204
|gametype|doubles
|player|p1|cjjsir|266|1487
|player|p2|IncineroarH8ter|unknown|1363
|teamsize|p1|6
|teamsize|p2|6
|gen|9
|tier|[Gen 9] VGC 2025 Reg I
|rated|
|rule|Species Clause: Limit one of each Pokémon
|rule|Item Clause: Limit 1 of each item
|clearpoke
|poke|p1|Grimmsnarl, L50, M|
|poke|p1|Gallade, L50, M|
|poke|p1|Metagross, L50|
|poke|p1|Lunala, L50|
|poke|p1|Amoonguss, L50, M|
|poke|p1|Calyrex-Ice, L50|
|poke|p2|Lunala, L50|
|poke|p2|Annihilape, L50, F|
|poke|p2|Calyrex-Ice, L50|
|poke|p2|Grimmsnarl, L50, M|
|poke|p2|Indeedee-F, L50, F|
|poke|p2|Iron Leaves, L50|
|teampreview|4
|
|t:|1750752237
|start
|switch|p1a: Grimmsnarl|Grimmsnarl, L50, M|100/100
|switch|p1b: Metagross|Metagross, L50|100/100
|switch|p2a: Annihilape|Annihilape, L50, F|100/100
|switch|p2b: Grimmsnarl|Grimmsnarl, L50, M|100/100
|turn|1
|
|t:|1750752256
|move|p1b: Metagross|Bullet Punch|p2a: Annihilape
|-damage|p2a: Annihilape|76/100
|move|p2b: Grimmsnarl|Reflect|p2b: Grimmsnarl
|-sidestart|p2: IncineroarH8ter|Reflect
|move|p2a: Annihilape|Taunt|p1a: Grimmsnarl
|-start|p1a: Grimmsnarl|move: Taunt
|move|p1a: Grimmsnarl|Spirit Break|p2b: Grimmsnarl
|-supereffective|p2b: Grimmsnarl
|-damage|p2b: Grimmsnarl|52/100
|-unboost|p2b: Grimmsnarl|spa|1
|
|-heal|p2a: Annihilape|83/100|[from] item: Leftovers
|upkeep
|turn|2
|
|t:|1750752282
|move|p2b: Grimmsnarl|Light Screen|p2b: Grimmsnarl
|-sidestart|p2: IncineroarH8ter|move: Light Screen
|move|p2a: Annihilape|Rage Fist|p1b: Metagross
|-supereffective|p1b: Metagross
|-damage|p1b: Metagross|14/100
|move|p1b: Metagross|Psychic Fangs|p2a: Annihilape
|-sideend|p2: IncineroarH8ter|Reflect
|-sideend|p2: IncineroarH8ter|move: Light Screen
|-supereffective|p2a: Annihilape
|-damage|p2a: Annihilape|0 fnt
|faint|p2a: Annihilape
|move|p1a: Grimmsnarl|Spirit Break|p2b: Grimmsnarl
|-supereffective|p2b: Grimmsnarl
|-damage|p2b: Grimmsnarl|0 fnt
|faint|p2b: Grimmsnarl
|
|upkeep
|
|t:|1750752291
|switch|p2a: Calyrex|Calyrex-Ice, L50|100/100
|switch|p2b: Indeedee|Indeedee-F, L50, F|100/100
|-ability|p2a: Calyrex|As One
|-ability|p2a: Calyrex|Unnerve
|-fieldstart|move: Psychic Terrain|[from] ability: Psychic Surge|[of] p2b: Indeedee
|-enditem|p2b: Indeedee|Psychic Seed
|-boost|p2b: Indeedee|spd|1|[from] item: Psychic Seed
|turn|3
|
|t:|1750752309
|switch|p1a: Calyrex|Calyrex-Ice, L50|100/100
|-ability|p1a: Calyrex|As One
|-ability|p1a: Calyrex|Unnerve
|-terastallize|p2a: Calyrex|Water
|move|p1b: Metagross|Knock Off|p2a: Calyrex
|-damage|p2a: Calyrex|77/100
|-enditem|p2a: Calyrex|Lum Berry|[from] move: Knock Off|[of] p1b: Metagross
|move|p2a: Calyrex|Swords Dance|p2a: Calyrex
|-boost|p2a: Calyrex|atk|2
|move|p2b: Indeedee|Trick Room|p2b: Indeedee
|-fieldstart|move: Trick Room|[of] p2b: Indeedee
|
|upkeep
|turn|4
|
|t:|1750752336
|move|p1a: Calyrex|Leech Seed|p2a: Calyrex
|-start|p2a: Calyrex|move: Leech Seed
|move|p2a: Calyrex|Glacial Lance|p1b: Metagross|[spread] p1a,p1b
|-resisted|p1a: Calyrex
|-crit|p1a: Calyrex
|-resisted|p1b: Metagross
|-damage|p1a: Calyrex|44/100
|-damage|p1b: Metagross|0 fnt
|faint|p1b: Metagross
|-ability|p2a: Calyrex|Chilling Neigh|boost
|-boost|p2a: Calyrex|atk|1
|move|p2b: Indeedee|Heal Pulse|p2a: Calyrex
|-heal|p2a: Calyrex|100/100
|
|-damage|p2a: Calyrex|88/100|[from] Leech Seed|[of] p1a: Calyrex
|-heal|p1a: Calyrex|56/100|[silent]
|upkeep
|
|t:|1750752351
|switch|p1b: Grimmsnarl|Grimmsnarl, L50, M|100/100
|turn|5
|
|t:|1750752361
|move|p1b: Grimmsnarl|Reflect|p1b: Grimmsnarl
|-sidestart|p1: cjjsir|Reflect
|move|p2a: Calyrex|Glacial Lance|p1a: Calyrex|[spread] p1a,p1b
|-resisted|p1a: Calyrex
|-damage|p1a: Calyrex|23/100
|-damage|p1b: Grimmsnarl|0 fnt
|faint|p1b: Grimmsnarl
|-ability|p2a: Calyrex|Chilling Neigh|boost
|-boost|p2a: Calyrex|atk|1
|move|p2b: Indeedee|Heal Pulse|p2a: Calyrex
|-heal|p2a: Calyrex|100/100
|move|p1a: Calyrex|Trick Room|p1a: Calyrex
|-fieldend|move: Trick Room
|
|-damage|p2a: Calyrex|88/100|[from] Leech Seed|[of] p1a: Calyrex
|-heal|p1a: Calyrex|35/100|[silent]
|upkeep
|
|t:|1750752372
|switch|p1b: Lunala|Lunala, L50|100/100
|turn|6
|
|t:|1750752391
|move|p1b: Lunala|Meteor Beam||[still]
|-prepare|p1b: Lunala|Meteor Beam
|-boost|p1b: Lunala|spa|1
|-enditem|p1b: Lunala|Power Herb
|-anim|p1b: Lunala|Meteor Beam|p2a: Calyrex
|-damage|p2a: Calyrex|36/100
|move|p2b: Indeedee|Psychic|p1b: Lunala
|-resisted|p1b: Lunala
|-crit|p1b: Lunala
|-damage|p1b: Lunala|91/100
|move|p2a: Calyrex|Glacial Lance|p1b: Lunala|[spread] p1a,p1b
|-resisted|p1a: Calyrex
|-damage|p1a: Calyrex|0 fnt
|-damage|p1b: Lunala|0 fnt
|faint|p1a: Calyrex
|faint|p1b: Lunala
|
|win|IncineroarH8ter
|raw|cjjsir's rating: 1487 &rarr; <strong>1460</strong><br />(-27 for losing)
|raw|IncineroarH8ter's rating: 1363 &rarr; <strong>1390</strong><br />(+27 for winning)
|l|☆IncineroarH8ter
|player|p2|
|l|☆cjjsir
|player|p1|
