|j|☆drwildy
|j|☆natsuki aoya
|t:|1750817607
|gametype|doubles
|player|p1|drwildy|ninjaboy|1341
|player|p2|natsuki aoya|erika|1313
|teamsize|p1|6
|teamsize|p2|6
|gen|9
|tier|[Gen 9] VGC 2025 Reg I
|rated|
|rule|Species Clause: Limit one of each Pokémon
|rule|Item Clause: Limit 1 of each item
|clearpoke
|poke|p1|Brute Bonnet, L50|
|poke|p1|Groudon, L50|
|poke|p1|Whimsicott, L50, F|
|poke|p1|Calyrex-Shadow, L50|
|poke|p1|Raging Bolt, L50|
|poke|p1|Incineroar, L50, M|
|poke|p2|Calyrex-Ice, L50|
|poke|p2|Kyogre, L50|
|poke|p2|Whimsicott, L50, F|
|poke|p2|Tsareena, L50, F|
|poke|p2|Raging Bolt, L50|
|poke|p2|Swampert, L50, M|
|teampreview|4
|inactive|Battle timer is ON: inactive players will automatically lose when time's up. (requested by natsuki aoya)
|inactive|drwildy has 60 seconds left.
|
|t:|1750817679
|start
|switch|p1a: Brute Bonnet|Brute Bonnet, L50|100/100
|switch|p1b: Calyrex|Calyrex-Shadow, L50|100/100
|switch|p2a: Tsareena|Tsareena, L50, F|100/100
|switch|p2b: Whimsicott|Whimsicott, L50, F|100/100
|-ability|p1b: Calyrex|As One
|-ability|p1b: Calyrex|Unnerve
|turn|1
|inactive|drwildy has 30 seconds left.
|inactive|drwildy has 20 seconds left.
|
|t:|1750817715
|-end|p1a: Brute Bonnet|Protosynthesis|[silent]
|switch|p1a: Raging Bolt|Raging Bolt, L50|100/100
|move|p1b: Calyrex|Astral Barrage|p2b: Whimsicott|[spread] p2a,p2b
|-crit|p2b: Whimsicott
|-damage|p2a: Tsareena|45/100
|-damage|p2b: Whimsicott|15/100
|move|p2a: Tsareena|High Jump Kick|p1a: Raging Bolt
|-damage|p1a: Raging Bolt|59/100
|move|p2b: Whimsicott|Trick Room|p2b: Whimsicott
|-fieldstart|move: Trick Room|[of] p2b: Whimsicott
|
|upkeep
|turn|2
|inactive|drwildy has 30 seconds left.
|inactive|natsuki aoya has 30 seconds left.
|
|t:|1750817746
|switch|p1b: Brute Bonnet|Brute Bonnet, L50|100/100
|move|p2b: Whimsicott|Misty Terrain|p2b: Whimsicott
|-fieldstart|move: Misty Terrain
|move|p2a: Tsareena|Triple Axel|p1a: Raging Bolt
|-supereffective|p1a: Raging Bolt
|-damage|p1a: Raging Bolt|46/100
|-supereffective|p1a: Raging Bolt
|-crit|p1a: Raging Bolt
|-damage|p1a: Raging Bolt|12/100
|-supereffective|p1a: Raging Bolt
|-damage|p1a: Raging Bolt|0 fnt
|faint|p1a: Raging Bolt
|-end|p1a: Raging Bolt|Protosynthesis|[silent]
|-hitcount|p1: Raging Bolt|3
|
|upkeep
|
|t:|1750817761
|switch|p1a: Groudon|Groudon, L50|100/100
|-weather|SunnyDay|[from] ability: Drought|[of] p1a: Groudon
|-activate|p1b: Brute Bonnet|ability: Protosynthesis
|-start|p1b: Brute Bonnet|protosynthesisdef
|turn|3
|inactive|drwildy has 30 seconds left.
|inactive|drwildy has 20 seconds left.
|inactive|drwildy has 15 seconds left.
|inactive|drwildy has 10 seconds left.
|
|t:|1750817809
|-terastallize|p1a: Groudon|Fire
|move|p2b: Whimsicott|Memento|p1a: Groudon
|-fail|p1a: Groudon|unboost|[from] item: Clear Amulet|[of] p1a: Groudon
|faint|p2b: Whimsicott
|move|p1b: Brute Bonnet|Spore|p2a: Tsareena
|-immune|p2a: Tsareena
|move|p2a: Tsareena|High Jump Kick|p1b: Brute Bonnet
|-supereffective|p1b: Brute Bonnet
|-damage|p1b: Brute Bonnet|56/100
|-damage|p2a: Tsareena|28/100|[from] item: Rocky Helmet|[of] p1b: Brute Bonnet
|move|p1a: Groudon|Heat Crash|p2a: Tsareena
|-supereffective|p2a: Tsareena
|-crit|p2a: Tsareena
|-damage|p2a: Tsareena|0 fnt
|faint|p2a: Tsareena
|
|-weather|SunnyDay|[upkeep]
|upkeep
|
|t:|1750817825
|switch|p2a: Kyogre|Kyogre, L50|100/100
|switch|p2b: Calyrex|Calyrex-Ice, L50|100/100
|-ability|p2b: Calyrex|As One
|-ability|p2b: Calyrex|Unnerve
|-weather|RainDance|[from] ability: Drizzle|[of] p2a: Kyogre
|-end|p1b: Brute Bonnet|Protosynthesis
|turn|4
|inactive|drwildy has 30 seconds left.
|inactive|drwildy has 20 seconds left.
|
|t:|1750817864
|switch|p1a: Calyrex|Calyrex-Shadow, L50|100/100
|-ability|p1a: Calyrex|As One
|-ability|p1a: Calyrex|Unnerve
|-terastallize|p2a: Kyogre|Water
|move|p2b: Calyrex|Glacial Lance|p1b: Brute Bonnet|[spread] p1a,p1b
|-supereffective|p1b: Brute Bonnet
|-damage|p1a: Calyrex|15/100
|-damage|p1b: Brute Bonnet|0 fnt
|faint|p1b: Brute Bonnet
|-end|p1b: Brute Bonnet|Protosynthesis|[silent]
|-ability|p2b: Calyrex|Chilling Neigh|boost
|-boost|p2b: Calyrex|atk|1
|move|p2a: Kyogre|Water Spout|p1a: Calyrex
|-damage|p1a: Calyrex|0 fnt
|faint|p1a: Calyrex
|
|-weather|RainDance|[upkeep]
|upkeep
|
|t:|1750817881
|switch|p1b: Groudon|Groudon, L50, tera:Fire|100/100
|-weather|SunnyDay|[from] ability: Drought|[of] p1b: Groudon
|turn|5
|
|t:|1750817889
|move|p2b: Calyrex|High Horsepower|p1b: Groudon
|-supereffective|p1b: Groudon
|-damage|p1b: Groudon|20/100
|move|p2a: Kyogre|Water Spout|p1b: Groudon
|-supereffective|p1b: Groudon
|-crit|p1b: Groudon
|-damage|p1b: Groudon|0 fnt
|faint|p1b: Groudon
|
|win|natsuki aoya
|raw|drwildy's rating: 1341 &rarr; <strong>1319</strong><br />(-22 for losing)
|raw|natsuki aoya's rating: 1313 &rarr; <strong>1335</strong><br />(+22 for winning)
