|j|☆wuhanyiluanma
|j|☆phonecount
|t:|1750840824
|gametype|doubles
|player|p1|wuhanyiluanma|266|1494
|player|p2|phonecount|169|1431
|teamsize|p1|6
|teamsize|p2|6
|gen|9
|tier|[Gen 9] VGC 2025 Reg I
|rated|
|rule|Species Clause: Limit one of each Pokémon
|rule|Item Clause: Limit 1 of each item
|clearpoke
|poke|p1|Okidogi, L50, M|
|poke|p1|Palkia, L50|
|poke|p1|Lanturn, L50, M|
|poke|p1|Miraidon, L50|
|poke|p1|Grimmsnarl, L50, M|
|poke|p1|Oranguru, L50, F|
|poke|p2|Terapagos, L50, M|
|poke|p2|Calyrex-Shadow, L50|
|poke|p2|Whimsicott, L50, M|
|poke|p2|Urshifu-*, L50, M|
|poke|p2|Sneasler, L50, F|
|poke|p2|Grimmsnarl, L50, M|
|teampreview|4
|
|t:|1750840833
|start
|switch|p1a: Grimmsnarl|Grimmsnarl, L50, M|100/100
|switch|p1b: Palkia|Palkia, L50|100/100
|switch|p2a: Sneasler|Sneasler, L50, F|100/100
|switch|p2b: Calyrex|Calyrex-Shadow, L50|100/100
|-ability|p2b: Calyrex|As One
|-ability|p2b: Calyrex|Unnerve
|turn|1
|inactive|Battle timer is ON: inactive players will automatically lose when time's up. (requested by phonecount)
|
|t:|1750840850
|-terastallize|p2b: Calyrex|Fairy
|move|p2a: Sneasler|Fake Out|p1a: Grimmsnarl
|-enditem|p2a: Sneasler|Normal Gem|[from] gem
|-damage|p1a: Grimmsnarl|81/100
|cant|p1a: Grimmsnarl|flinch
|move|p2b: Calyrex|Tera Blast|p1a: Grimmsnarl|[anim] Tera Blast Fairy
|-supereffective|p1a: Grimmsnarl
|-damage|p1a: Grimmsnarl|0 fnt
|faint|p1a: Grimmsnarl
|-ability|p2b: Calyrex|Grim Neigh|boost
|-boost|p2b: Calyrex|spa|1
|move|p1b: Palkia|Trick Room|p1b: Palkia
|-fieldstart|move: Trick Room|[of] p1b: Palkia
|
|upkeep
|
|t:|1750840865
|switch|p1a: Miraidon|Miraidon, L50|100/100
|-fieldstart|move: Electric Terrain|[from] ability: Hadron Engine|[of] p1a: Miraidon
|turn|2
|
|t:|1750840889
|switch|p1b: Oranguru|Oranguru, L50, F|100/100
|-terastallize|p1a: Miraidon|Fairy
|move|p1a: Miraidon|Calm Mind|p1a: Miraidon
|-boost|p1a: Miraidon|spa|1
|-boost|p1a: Miraidon|spd|1
|move|p2b: Calyrex|Tera Blast|p1b: Oranguru|[anim] Tera Blast Fairy
|-damage|p1b: Oranguru|40/100
|move|p2a: Sneasler|Dire Claw|p1b: Oranguru
|-damage|p1b: Oranguru|2/100
|
|upkeep
|turn|3
|inactive|phonecount has 30 seconds left.
|inactive|phonecount has 20 seconds left.
|inactive|phonecount has 15 seconds left.
|
|t:|1750840931
|switch|p2a: Grimmsnarl|Grimmsnarl, L50, M|100/100
|move|p2b: Calyrex|Protect|p2b: Calyrex
|-singleturn|p2b: Calyrex|Protect
|move|p1b: Oranguru|Instruct|p1a: Miraidon
|-singleturn|p1a: Miraidon|move: Instruct|[of] p1b: Oranguru
|move|p1a: Miraidon|Calm Mind|p1a: Miraidon
|-boost|p1a: Miraidon|spa|1
|-boost|p1a: Miraidon|spd|1
|move|p1a: Miraidon|Parabolic Charge|p2a: Grimmsnarl|[spread] p2a
|-activate|p2b: Calyrex|move: Protect
|-activate|p1b: Oranguru|ability: Telepathy
|-crit|p2a: Grimmsnarl
|-damage|p2a: Grimmsnarl|0 fnt
|faint|p2a: Grimmsnarl
|
|upkeep
|
|t:|1750840949
|switch|p2a: Sneasler|Sneasler, L50, F|100/100
|turn|4
|
|t:|1750840963
|move|p1b: Oranguru|Protect|p1b: Oranguru
|-singleturn|p1b: Oranguru|Protect
|move|p2a: Sneasler|Fake Out|p1b: Oranguru
|-activate|p1b: Oranguru|move: Protect
|move|p1a: Miraidon|Parabolic Charge|p2b: Calyrex|[spread] p2a,p2b
|-activate|p1b: Oranguru|move: Protect
|-damage|p2a: Sneasler|0 fnt
|-damage|p2b: Calyrex|23/100
|faint|p2a: Sneasler
|move|p2b: Calyrex|Astral Barrage|p1b: Oranguru|[spread] p1a
|-activate|p1b: Oranguru|move: Protect
|-damage|p1a: Miraidon|70/100
|
|upkeep
|
|t:|1750840977
|switch|p2a: Terapagos|Terapagos, L50, M|100/100
|-activate|p2a: Terapagos|ability: Tera Shift
|detailschange|p2a: Terapagos|Terapagos-Terastal, L50, M
|-heal|p2a: Terapagos|100/100|[silent]
|turn|5
|
|t:|1750840991
|move|p2a: Terapagos|Protect|p2a: Terapagos
|-singleturn|p2a: Terapagos|Protect
|move|p1b: Oranguru|Instruct|p1a: Miraidon
|-singleturn|p1a: Miraidon|move: Instruct|[of] p1b: Oranguru
|move|p1a: Miraidon|Parabolic Charge|p2a: Terapagos|[spread] p2b
|-activate|p2a: Terapagos|move: Protect
|-activate|p1b: Oranguru|ability: Telepathy
|-damage|p2b: Calyrex|0 fnt
|-heal|p1a: Miraidon|80/100|[from] drain|[of] p2b: Calyrex
|faint|p2b: Calyrex
|move|p1a: Miraidon|Parabolic Charge|p2a: Terapagos|[spread] 
|-activate|p2a: Terapagos|move: Protect
|-activate|p1b: Oranguru|ability: Telepathy
|
|-fieldend|move: Trick Room
|upkeep
|turn|6
|-message|phonecount forfeited.
|
|win|wuhanyiluanma
|raw|wuhanyiluanma's rating: 1494 &rarr; <strong>1510</strong><br />(+16 for winning)
|raw|phonecount's rating: 1431 &rarr; <strong>1415</strong><br />(-16 for losing)
|l|☆phonecount
|player|p2|
|l|☆wuhanyiluanma
|player|p1|
