|j|☆Chrismillvgc
|j|☆Rn 86
|t:|1750773354
|gametype|doubles
|player|p1|Chrismillvgc|iris-gen5bw2|1236
|player|p2|Rn 86|266|1126
|teamsize|p1|6
|teamsize|p2|6
|gen|9
|tier|[Gen 9] VGC 2025 Reg I
|rated|
|rule|Species Clause: Limit one of each Pokémon
|rule|Item Clause: Limit 1 of each item
|clearpoke
|poke|p1|Bastiodon, L50, F|
|poke|p1|Calyrex-Shadow, L50|
|poke|p1|Urshifu-*, L50, M|
|poke|p1|Incineroar, L50, F|
|poke|p1|Whimsicott, L50, F|
|poke|p1|Terapagos, L50, M|
|poke|p2|Incineroar, L50, M|
|poke|p2|Calyrex-Ice, L50|
|poke|p2|Indeedee-F, L50, F|
|poke|p2|Iron Hands, L50|
|poke|p2|Koraidon, L50|
|poke|p2|Articuno-Galar, L50|
|teampreview|4
|inactive|Battle timer is ON: inactive players will automatically lose when time's up. (requested by Rn 86)
|inactive|Chrismillvgc also wants the timer to be on.
|inactive|Chrismillvgc has 60 seconds left.
|
|t:|1750773385
|start
|switch|p1a: Don HateCrime|Whimsicott, L50, F, shiny|100/100
|switch|p1b: Hatsune Miku|Terapagos, L50, M|100/100
|switch|p2a: Koraidon|Koraidon, L50|100/100
|switch|p2b: Articuno|Articuno-Galar, L50|100/100
|-activate|p1b: Hatsune Miku|ability: Tera Shift
|detailschange|p1b: Hatsune Miku|Terapagos-Terastal, L50, M
|-heal|p1b: Hatsune Miku|100/100|[silent]
|-weather|SunnyDay|[from] ability: Orichalcum Pulse|[of] p2a: Koraidon
|-activate|p2a: Koraidon|Orichalcum Pulse|[source]
|turn|1
|inactive|Rn 86 has 30 seconds left.
|inactive|Rn 86 has 20 seconds left.
|inactive|Rn 86 has 15 seconds left.
|
|t:|1750773426
|-terastallize|p2a: Koraidon|Fire
|move|p1b: Hatsune Miku|Protect|p1b: Hatsune Miku
|-singleturn|p1b: Hatsune Miku|Protect
|move|p1a: Don HateCrime|Tailwind|p1a: Don HateCrime
|-sidestart|p1: Chrismillvgc|move: Tailwind
|move|p2b: Articuno|Air Slash|p1a: Don HateCrime
|-supereffective|p1a: Don HateCrime
|-damage|p1a: Don HateCrime|0 fnt
|faint|p1a: Don HateCrime
|move|p2a: Koraidon|Close Combat|p1b: Hatsune Miku
|-activate|p1b: Hatsune Miku|move: Protect
|
|-weather|SunnyDay|[upkeep]
|upkeep
|
|t:|1750773438
|switch|p1a: Don $90|Urshifu-Rapid-Strike, L50, M|100/100
|turn|2
|
|t:|1750773459
|-terastallize|p1b: Hatsune Miku|Stellar
|detailschange|p1b: Hatsune Miku|Terapagos-Stellar, L50, M, tera:Stellar
|-heal|p1b: Hatsune Miku|100/100|[silent]
|-ability|p1b: Hatsune Miku|Teraform Zero
|-weather|none
|move|p1a: Don $90|Surging Strikes|p2a: Koraidon
|-supereffective|p2a: Koraidon
|-crit|p2a: Koraidon
|-damage|p2a: Koraidon|55/100
|-supereffective|p2a: Koraidon
|-crit|p2a: Koraidon
|-damage|p2a: Koraidon|7/100
|-supereffective|p2a: Koraidon
|-crit|p2a: Koraidon
|-damage|p2a: Koraidon|0 fnt
|faint|p2a: Koraidon
|-hitcount|p2: Koraidon|3
|move|p1b: Hatsune Miku|Calm Mind|p1b: Hatsune Miku
|-boost|p1b: Hatsune Miku|spa|1
|-boost|p1b: Hatsune Miku|spd|1
|move|p2b: Articuno|Air Slash|p1a: Don $90
|-supereffective|p1a: Don $90
|-damage|p1a: Don $90|0 fnt
|faint|p1a: Don $90
|
|upkeep
|inactive|Rn 86 has 30 seconds left.
|
|t:|1750773491
|switch|p2a: Calyrex|Calyrex-Ice, L50|100/100
|switch|p1a: Don Arrogance|Calyrex-Shadow, L50|100/100
|-ability|p1a: Don Arrogance|As One
|-ability|p1a: Don Arrogance|Unnerve
|-ability|p2a: Calyrex|As One
|-ability|p2a: Calyrex|Unnerve
|turn|3
|
|t:|1750773506
|move|p2a: Calyrex|Protect|p2a: Calyrex
|-singleturn|p2a: Calyrex|Protect
|move|p1a: Don Arrogance|Astral Barrage|p2a: Calyrex|[spread] p2b
|-activate|p2a: Calyrex|move: Protect
|-supereffective|p2b: Articuno
|-damage|p2b: Articuno|0 fnt
|faint|p2b: Articuno
|-ability|p1a: Don Arrogance|Grim Neigh|boost
|-boost|p1a: Don Arrogance|spa|1
|-damage|p1a: Don Arrogance|91/100|[from] item: Life Orb
|move|p1b: Hatsune Miku|Tera Starstorm|p2a: Calyrex
|-activate|p2a: Calyrex|move: Protect
|
|upkeep
|
|t:|1750773507
|switch|p2b: Meow Meow|Incineroar, L50, M|100/100
|-ability|p2b: Meow Meow|Intimidate|boost
|-unboost|p1a: Don Arrogance|atk|1
|-unboost|p1b: Hatsune Miku|atk|1
|turn|4
|
|t:|1750773531
|move|p1a: Don Arrogance|Protect|p1a: Don Arrogance
|-singleturn|p1a: Don Arrogance|Protect
|move|p2b: Meow Meow|Fake Out|p1b: Hatsune Miku
|-damage|p1b: Hatsune Miku|93/100
|cant|p1b: Hatsune Miku|flinch
|move|p2a: Calyrex|Glacial Lance|p1a: Don Arrogance|[spread] p1b
|-activate|p1a: Don Arrogance|move: Protect
|-damage|p1b: Hatsune Miku|65/100
|
|-heal|p1b: Hatsune Miku|71/100|[from] item: Leftovers
|-sideend|p1: Chrismillvgc|move: Tailwind
|upkeep
|turn|5
|
|t:|1750773550
|move|p2a: Calyrex|Protect|p2a: Calyrex
|-singleturn|p2a: Calyrex|Protect
|move|p1a: Don Arrogance|Astral Barrage|p2b: Meow Meow|[spread] p2b
|-activate|p2a: Calyrex|move: Protect
|-resisted|p2b: Meow Meow
|-damage|p2b: Meow Meow|46/100
|-damage|p1a: Don Arrogance|81/100|[from] item: Life Orb
|move|p1b: Hatsune Miku|Tera Starstorm|p2b: Meow Meow|[spread] p2b
|-activate|p2a: Calyrex|move: Protect
|-damage|p2b: Meow Meow|0 fnt
|faint|p2b: Meow Meow
|
|-heal|p1b: Hatsune Miku|78/100|[from] item: Leftovers
|upkeep
|turn|6
|-message|Rn 86 forfeited.
|
|win|Chrismillvgc
|raw|Chrismillvgc's rating: 1236 &rarr; <strong>1253</strong><br />(+17 for winning)
|raw|Rn 86's rating: 1126 &rarr; <strong>1109</strong><br />(-17 for losing)
|l|☆Rn 86
|player|p2|
|l|☆Chrismillvgc
|player|p1|
