|j|☆Bodoque31
|j|☆21Kieran
|t:|1750747974
|gametype|doubles
|player|p1|Bodoque31|skyla|
|player|p2|21Kieran|hau-masters|
|teamsize|p1|6
|teamsize|p2|6
|gen|9
|tier|[Gen 9] VGC 2025 Reg I
|rated|Tournament battle
|rule|Species Clause: Limit one of each Pokémon
|rule|Item Clause: Limit 1 of each item
|raw|<div class="infobox"><details class="readmore" open><summary><strong>2 custom rules:</strong></summary> Force Open Team Sheets, !Open Team Sheets</details></div>
|clearpoke
|poke|p1|Miraidon, L50|
|poke|p1|Zamazenta-*, L50|
|poke|p1|Riolu, L50, M|
|poke|p1|Chi-Yu, L50|
|poke|p1|Rillaboom, L50, M|
|poke|p1|Ditto, L50|
|poke|p2|Miraidon, L50|
|poke|p2|Terapagos, L50, M|
|poke|p2|Urshifu-*, L50, F|
|poke|p2|Incineroar, L50, F|
|poke|p2|Sinistcha, L50|
|poke|p2|Landorus, L50, M|
|teampreview|4
|showteam|p1|Miraidon||ChoiceSpecs|HadronEngine|ElectroDrift,DracoMeteor,VoltSwitch,DazzlingGleam||||||50|,,,,,Fairy]Zamazenta-Crowned||RustedShield|DauntlessShield|BodyPress,behemothbash,WideGuard,Protect||||||50|,,,,,Dragon]Riolu||FocusSash|Prankster|BulletPunch,HelpingHand,QuickGuard,Coaching|||M|||50|,,,,,Dark]Chi-Yu||ChoiceScarf|BeadsofRuin|HeatWave,DarkPulse,Overheat,Snarl||||||50|,,,,,Ground]Rillaboom||AssaultVest|GrassySurge|FakeOut,WoodHammer,GrassyGlide,HighHorsepower|||M|||50|,,,,,Fire]Ditto||ClearAmulet|Imposter|Transform||||||50|,,,,,Ghost
|showteam|p2|Miraidon||AssaultVest|HadronEngine|ElectroDrift,VoltSwitch,DracoMeteor,Snarl||||||50|,,,,,Electric]Terapagos||ElectricSeed|TeraShift|TeraStarstorm,EarthPower,CalmMind,Protect|||M|||50|,,,,,Stellar]Urshifu-Rapid-Strike||ChoiceScarf|UnseenFist|SurgingStrikes,CloseCombat,RainDance,Uturn|||F|||50|,,,,,Water]Incineroar||RockyHelmet|Intimidate|FakeOut,PartingShot,KnockOff,FlareBlitz|||F|||50|,,,,,Ghost]Sinistcha||FocusSash|Hospitality|ShadowBall,RagePowder,LifeDew,Protect||||||50|,,,,,Fire]Landorus||LifeOrb|SheerForce|EarthPower,SludgeBomb,Protect,SandsearStorm|||M|||50|,,,,,Poison
|c|☆21Kieran|glhf
|c|☆Bodoque31|glhf
|inactive|Battle timer is ON: inactive players will automatically lose when time's up. (requested by Bodoque31)
|
|t:|1750747991
|start
|switch|p1a: Dante|Zamazenta-Crowned, L50, shiny|100/100
|switch|p1b: Lucas|Riolu, L50, M, shiny|100/100
|switch|p2a: Terapagos|Terapagos, L50, M|100/100
|switch|p2b: Incineroar|Incineroar, L50, F, shiny|100/100
|-activate|p2a: Terapagos|ability: Tera Shift
|detailschange|p2a: Terapagos|Terapagos-Terastal, L50, M
|-heal|p2a: Terapagos|100/100|[silent]
|-ability|p1a: Dante|Dauntless Shield|boost
|-boost|p1a: Dante|def|1
|-ability|p2b: Incineroar|Intimidate|boost
|-unboost|p1a: Dante|atk|1
|-unboost|p1b: Lucas|atk|1
|turn|1
|
|t:|1750748000
|switch|p2b: Miraidon|Miraidon, L50|100/100
|-fieldstart|move: Electric Terrain|[from] ability: Hadron Engine|[of] p2b: Miraidon
|-enditem|p2a: Terapagos|Electric Seed
|-boost|p2a: Terapagos|def|1|[from] item: Electric Seed
|move|p1b: Lucas|Quick Guard|p1b: Lucas
|-singleturn|p1b: Lucas|Quick Guard
|move|p1a: Dante|Body Press|p2b: Miraidon
|-damage|p2b: Miraidon|35/100
|move|p2a: Terapagos|Calm Mind|p2a: Terapagos
|-boost|p2a: Terapagos|spa|1
|-boost|p2a: Terapagos|spd|1
|
|upkeep
|turn|2
|
|t:|1750748016
|switch|p2b: Sinistcha|Sinistcha, L50|100/100
|-terastallize|p1a: Dante|Dragon
|move|p1b: Lucas|Bullet Punch|p2a: Terapagos
|-activate|p2a: Terapagos|ability: Tera Shell
|-resisted|p2a: Terapagos
|-damage|p2a: Terapagos|99/100
|move|p1a: Dante|Body Press|p2a: Terapagos
|-supereffective|p2a: Terapagos
|-damage|p2a: Terapagos|40/100
|move|p2a: Terapagos|Tera Starstorm|p1b: Lucas
|-enditem|p1b: Lucas|Focus Sash
|-damage|p1b: Lucas|1/100
|
|upkeep
|turn|3
|j| gackajink
|
|t:|1750748028
|-terastallize|p2a: Terapagos|Stellar
|detailschange|p2a: Terapagos|Terapagos-Stellar, L50, M, tera:Stellar
|-heal|p2a: Terapagos|55/100|[silent]
|-ability|p2a: Terapagos|Teraform Zero
|-fieldend|move: Electric Terrain
|move|p2b: Sinistcha|Rage Powder|p2b: Sinistcha
|-singleturn|p2b: Sinistcha|move: Rage Powder
|move|p1b: Lucas|Coaching|p1a: Dante
|-boost|p1a: Dante|atk|1
|-boost|p1a: Dante|def|1
|move|p1a: Dante|Body Press|p2b: Sinistcha
|-immune|p2b: Sinistcha
|move|p2a: Terapagos|Tera Starstorm|p1b: Lucas|[spread] p1a,p1b
|-supereffective|p1a: Dante
|-damage|p1a: Dante|32/100
|-damage|p1b: Lucas|0 fnt
|faint|p1b: Lucas
|
|upkeep
|
|t:|1750748035
|switch|p1b: Maestra Picsis|Chi-Yu, L50|100/100
|-ability|p1b: Maestra Picsis|Beads of Ruin
|turn|4
|l| gackajink
|
|t:|1750748047
|move|p2a: Terapagos|Protect|p2a: Terapagos
|-singleturn|p2a: Terapagos|Protect
|move|p2b: Sinistcha|Protect|p2b: Sinistcha
|-singleturn|p2b: Sinistcha|Protect
|move|p1a: Dante|Wide Guard|p1a: Dante
|-singleturn|p1a: Dante|Wide Guard
|move|p1b: Maestra Picsis|Snarl|p2b: Sinistcha|[spread] 
|-activate|p2a: Terapagos|move: Protect
|-activate|p2b: Sinistcha|move: Protect
|
|upkeep
|turn|5
|
|t:|1750748052
|switch|p2b: Incineroar|Incineroar, L50, F, shiny|100/100
|-ability|p2b: Incineroar|Intimidate|boost
|-unboost|p1a: Dante|atk|1
|-unboost|p1b: Maestra Picsis|atk|1
|move|p1b: Maestra Picsis|Snarl|p2a: Terapagos|[spread] p2a,p2b
|-resisted|p2b: Incineroar
|-damage|p2a: Terapagos|44/100
|-damage|p2b: Incineroar|86/100
|-unboost|p2a: Terapagos|spa|1
|-unboost|p2b: Incineroar|spa|1
|move|p1a: Dante|Body Press|p2a: Terapagos
|-supereffective|p2a: Terapagos
|-damage|p2a: Terapagos|0 fnt
|faint|p2a: Terapagos
|detailschange|p2: Terapagos|Terapagos, L50, M|[silent]
|
|upkeep
|
|t:|1750748063
|switch|p2a: Miraidon|Miraidon, L50|35/100
|-fieldstart|move: Electric Terrain|[from] ability: Hadron Engine|[of] p2a: Miraidon
|turn|6
|
|t:|1750748068
|move|p1a: Dante|Protect|p1a: Dante
|-singleturn|p1a: Dante|Protect
|move|p2b: Incineroar|Fake Out|p1a: Dante
|-activate|p1a: Dante|move: Protect
|move|p1b: Maestra Picsis|Snarl|p2b: Incineroar|[spread] p2a,p2b
|-resisted|p2b: Incineroar
|-damage|p2a: Miraidon|21/100
|-damage|p2b: Incineroar|73/100
|-unboost|p2a: Miraidon|spa|1
|-unboost|p2b: Incineroar|spa|1
|move|p2a: Miraidon|Electro Drift|p1b: Maestra Picsis
|-damage|p1b: Maestra Picsis|20/100
|
|upkeep
|turn|7
|
|t:|1750748080
|switch|p2b: Sinistcha|Sinistcha, L50|100/100
|-heal|p2a: Miraidon|45/100|[from] ability: Hospitality|[of] p2b: Sinistcha
|move|p1b: Maestra Picsis|Snarl|p2a: Miraidon|[spread] p2a,p2b
|-supereffective|p2b: Sinistcha
|-damage|p2a: Miraidon|30/100
|-damage|p2b: Sinistcha|50/100
|-unboost|p2a: Miraidon|spa|1
|-unboost|p2b: Sinistcha|spa|1
|move|p1a: Dante|Body Press|p2b: Sinistcha
|-immune|p2b: Sinistcha
|move|p2a: Miraidon|Draco Meteor|p1a: Dante|[miss]
|-miss|p2a: Miraidon|p1a: Dante
|
|upkeep
|turn|8
|j| ShirtlessRayRizzo
|
|t:|1750748091
|move|p2b: Sinistcha|Rage Powder|p2b: Sinistcha
|-singleturn|p2b: Sinistcha|move: Rage Powder
|move|p1b: Maestra Picsis|Snarl|p2b: Sinistcha|[spread] p2a,p2b
|-supereffective|p2b: Sinistcha
|-damage|p2a: Miraidon|15/100
|-damage|p2b: Sinistcha|0 fnt
|-unboost|p2a: Miraidon|spa|1
|faint|p2b: Sinistcha
|move|p1a: Dante|Body Press|p2a: Miraidon
|-damage|p2a: Miraidon|0 fnt
|faint|p2a: Miraidon
|
|upkeep
|c|☆Bodoque31|gg
|c|☆21Kieran|are we being serious rn
|c|☆21Kieran|smh
|c|☆21Kieran|gg
|-message|21Kieran forfeited.
|
|win|Bodoque31
|n|☆Bodoque31|bodoque31
|n|☆21Kieran|21kieran
|n| ShirtlessRayRizzo|shirtlessrayrizzo
