|j|☆TogoVGC
|j|‽Onile
|t:|1750775922
|gametype|doubles
|player|p1|TogoVGC|petrel|1146
|player|p2|Onile|266|1257
|teamsize|p1|6
|teamsize|p2|6
|gen|9
|tier|[Gen 9] VGC 2025 Reg I
|rated|
|rule|Species Clause: Limit one of each Pokémon
|rule|Item Clause: Limit 1 of each item
|clearpoke
|poke|p1|Shiftry, L50, F|
|poke|p1|Koraidon, L50|
|poke|p1|Lunala, L50|
|poke|p1|Tornadus, L50, M|
|poke|p1|Ursaluna-Bloodmoon, L50, M|
|poke|p1|Magmortar, L50, M|
|poke|p2|Calyrex-Ice, L50|
|poke|p2|Zamazenta-*, L50|
|poke|p2|Farigiraf, L50, F|
|poke|p2|Amoonguss, L50, F|
|poke|p2|Ursaluna-Bloodmoon, L50, M|
|poke|p2|Grimmsnarl, L50, M|
|teampreview|4
|inactive|Battle timer is ON: inactive players will automatically lose when time's up. (requested by Onile)
Onile has agreed to open team sheets.
|
|t:|1750775951
|start
|switch|p1a: Koraidon|Koraidon, L50|100/100
|switch|p1b: Shiftry|Shiftry, L50, F|100/100
|switch|p2a: Calyrex|Calyrex-Ice, L50|100/100
|switch|p2b: Amoonguss|Amoonguss, L50, F|100/100
|-ability|p2a: Calyrex|As One
|-ability|p2a: Calyrex|Unnerve
|-weather|SunnyDay|[from] ability: Orichalcum Pulse|[of] p1a: Koraidon
|-activate|p1a: Koraidon|Orichalcum Pulse|[source]
|turn|1
|
|t:|1750775972
|switch|p1a: Magmortar|Magmortar, L50, M|100/100
|-terastallize|p2b: Amoonguss|Water
|move|p1b: Shiftry|Fake Out|p2a: Calyrex
|-damage|p2a: Calyrex|93/100
|move|p2b: Amoonguss|Rage Powder|p2b: Amoonguss
|-singleturn|p2b: Amoonguss|move: Rage Powder
|cant|p2a: Calyrex|flinch
|
|-weather|SunnyDay|[upkeep]
|upkeep
|turn|2
|
|t:|1750775985
|move|p2b: Amoonguss|Rage Powder|p2b: Amoonguss
|-singleturn|p2b: Amoonguss|move: Rage Powder
|move|p1b: Shiftry|Knock Off|p2a: Calyrex
|-supereffective|p2a: Calyrex
|-damage|p2a: Calyrex|41/100
|-enditem|p2a: Calyrex|Clear Amulet|[from] move: Knock Off|[of] p1b: Shiftry
|move|p1a: Magmortar|Thunderbolt|p2b: Amoonguss
|-supereffective|p2b: Amoonguss
|-damage|p2b: Amoonguss|57/100
|move|p2a: Calyrex|Trick Room|p2a: Calyrex
|-fieldstart|move: Trick Room|[of] p2a: Calyrex
|
|-weather|SunnyDay|[upkeep]
|upkeep
|turn|3
|inactive|TogoVGC has 30 seconds left.
|
|t:|1750776018
|-terastallize|p1b: Shiftry|Stellar
|move|p1a: Magmortar|Helping Hand|p1b: Shiftry
|-singleturn|p1b: Shiftry|Helping Hand|[of] p1a: Magmortar
|move|p2b: Amoonguss|Spore|p1a: Magmortar
|-immune|p1a: Magmortar|[from] ability: Vital Spirit
|move|p2a: Calyrex|Glacial Lance|p1b: Shiftry|[spread] p1a,p1b
|-resisted|p1a: Magmortar
|-supereffective|p1b: Shiftry
|-damage|p1a: Magmortar|70/100
|-enditem|p1b: Shiftry|Focus Sash
|-damage|p1b: Shiftry|1/100
|move|p1b: Shiftry|Leaf Blade|p2a: Calyrex
|-damage|p2a: Calyrex|0 fnt
|faint|p2a: Calyrex
|
|-weather|SunnyDay|[upkeep]
|upkeep
|
|t:|1750776033
|switch|p2a: Ursaluna|Ursaluna-Bloodmoon, L50, M|100/100
|turn|4
|inactive|TogoVGC has 30 seconds left.
|
|t:|1750776066
|switch|p1b: Lunala|Lunala, L50|100/100
|move|p2b: Amoonguss|Clear Smog|p1a: Magmortar
|-damage|p1a: Magmortar|53/100
|-clearboost|p1a: Magmortar
|move|p2a: Ursaluna|Hyper Voice|p1b: Lunala|[spread] p1a,p1b
|-damage|p1a: Magmortar|14/100
|-damage|p1b: Lunala|87/100
|move|p1a: Magmortar|Overheat|p2a: Ursaluna
|-damage|p2a: Ursaluna|23/100
|-unboost|p1a: Magmortar|spa|2
|-enditem|p1a: Magmortar|Eject Pack
|inactive|TogoVGC has 30 seconds left.
|
|t:|1750776091
|switch|p1a: Shiftry|Shiftry, L50, F, tera:Stellar|1/100
|
|-weather|SunnyDay|[upkeep]
|upkeep
|turn|5
|
|t:|1750776100
|move|p1a: Shiftry|Fake Out|p2b: Amoonguss
|-damage|p2b: Amoonguss|43/100
|-damage|p1a: Shiftry|0 fnt|[from] item: Rocky Helmet|[of] p2b: Amoonguss
|faint|p1a: Shiftry
|move|p2a: Ursaluna|Vacuum Wave|p1b: Lunala
|-resisted|p1b: Lunala
|-damage|p1b: Lunala|82/100
|cant|p2b: Amoonguss|flinch
|move|p1b: Lunala|Trick Room|p1b: Lunala
|-fieldend|move: Trick Room
|
|-weather|none
|upkeep
|-message|Onile forfeited.
|
|win|TogoVGC
|raw|TogoVGC's rating: 1178 &rarr; <strong>1209</strong><br />(+31 for winning)
|raw|Onile's rating: 1257 &rarr; <strong>1226</strong><br />(-31 for losing)
|l|‽Onile
|player|p2|
