|j|☆mafafa
|j|☆EstiGatetes
|t:|1750796437
|gametype|doubles
|player|p1|mafafa|cynthia-gen4|1078
|player|p2|EstiGatetes|hilda|1007
|teamsize|p1|6
|teamsize|p2|6
|gen|9
|tier|[Gen 9] VGC 2025 Reg I
|rated|
|rule|Species Clause: Limit one of each Pokémon
|rule|Item Clause: Limit 1 of each item
|clearpoke
|poke|p1|Miraidon, L50|
|poke|p1|Smeargle, L50, M|
|poke|p1|Urshifu-*, L50, M|
|poke|p1|Farigiraf, L50, F|
|poke|p1|Ho-Oh, L50|
|poke|p1|Iron Hands, L50|
|poke|p2|Ninetales-Alola, L50, F|
|poke|p2|Articuno, L50|
|poke|p2|Calyrex-Ice, L50|
|poke|p2|Incineroar, L50, M|
|poke|p2|Amoonguss, L50, F|
|poke|p2|Chien-Pao, L50|
|teampreview|4
EstiGatetes has agreed to open team sheets.
|
|t:|1750796488
|start
|switch|p1a: Miraidon|Miraidon, L50|100/100
|switch|p1b: Smeargle|Smeargle, L50, M|100/100
|switch|p2a: Ninetales|Ninetales-Alola, L50, F|100/100
|switch|p2b: Articuno|Articuno, L50|100/100
|-fieldstart|move: Electric Terrain|[from] ability: Hadron Engine|[of] p1a: Miraidon
|-weather|Snowscape|[from] ability: Snow Warning|[of] p2a: Ninetales
|turn|1
|
|t:|1750796507
|-terastallize|p2b: Articuno|Ice
|move|p1a: Miraidon|Protect|p1a: Miraidon
|-singleturn|p1a: Miraidon|Protect
|move|p2a: Ninetales|Protect|p2a: Ninetales
|-singleturn|p2a: Ninetales|Protect
|move|p1b: Smeargle|Decorate|p1a: Miraidon
|-boost|p1a: Miraidon|atk|2
|-boost|p1a: Miraidon|spa|2
|move|p2b: Articuno|Blizzard|p1a: Miraidon|[spread] p1b
|-activate|p1a: Miraidon|move: Protect
|-enditem|p1b: Smeargle|Focus Sash
|-damage|p1b: Smeargle|1/100
|
|-weather|Snowscape|[upkeep]
|-ability|p1b: Smeargle|Moody|boost
|-boost|p1b: Smeargle|def|2
|-unboost|p1b: Smeargle|atk|1
|upkeep
|turn|2
|
|t:|1750796534
|move|p1a: Miraidon|Electro Drift|p2b: Articuno
|-damage|p2b: Articuno|0 fnt
|faint|p2b: Articuno
|-damage|p1a: Miraidon|91/100|[from] item: Life Orb
|move|p2a: Ninetales|Aurora Veil|p2a: Ninetales
|-sidestart|p2: EstiGatetes|move: Aurora Veil
|move|p1b: Smeargle|Decorate|p1a: Miraidon
|-boost|p1a: Miraidon|atk|2
|-boost|p1a: Miraidon|spa|2
|
|-weather|Snowscape|[upkeep]
|-ability|p1b: Smeargle|Moody|boost
|-boost|p1b: Smeargle|atk|2
|-unboost|p1b: Smeargle|spe|1
|upkeep
|
|t:|1750796548
|switch|p2b: Incineroar|Incineroar, L50, M|100/100
|-ability|p2b: Incineroar|Intimidate|boost
|-unboost|p1a: Miraidon|atk|1
|-unboost|p1b: Smeargle|atk|1
|turn|3
|
|t:|1750796579
|move|p1a: Miraidon|Protect|p1a: Miraidon
|-singleturn|p1a: Miraidon|Protect
|move|p2a: Ninetales|Protect|p2a: Ninetales
|-singleturn|p2a: Ninetales|Protect
|move|p2b: Incineroar|Fake Out|p1a: Miraidon
|-activate|p1a: Miraidon|move: Protect
|move|p1b: Smeargle|U-turn|p2a: Ninetales
|-activate|p2a: Ninetales|move: Protect
|
|-weather|Snowscape|[upkeep]
|-ability|p1b: Smeargle|Moody|boost
|-boost|p1b: Smeargle|atk|2
|-unboost|p1b: Smeargle|spa|1
|upkeep
|turn|4
|
|t:|1750796611
|move|p1b: Smeargle|Helping Hand|p1a: Miraidon
|-singleturn|p1a: Miraidon|Helping Hand|[of] p1b: Smeargle
|move|p1a: Miraidon|Electro Drift|p2b: Incineroar
|-damage|p2b: Incineroar|0 fnt
|faint|p2b: Incineroar
|-damage|p1a: Miraidon|81/100|[from] item: Life Orb
|move|p2a: Ninetales|Blizzard|p1a: Miraidon|[spread] p1a,p1b
|-supereffective|p1a: Miraidon
|-damage|p1a: Miraidon|27/100
|-damage|p1b: Smeargle|0 fnt
|-status|p1a: Miraidon|frz
|faint|p1b: Smeargle
|
|-weather|Snowscape|[upkeep]
|upkeep
|
|t:|1750796627
|switch|p1b: Iron Hands|Iron Hands, L50|100/100
|switch|p2b: Calyrex|Calyrex-Ice, L50|100/100
|-ability|p2b: Calyrex|As One
|-ability|p2b: Calyrex|Unnerve
|-activate|p1b: Iron Hands|ability: Quark Drive
|-start|p1b: Iron Hands|quarkdriveatk
|turn|5
|
|t:|1750796648
|cant|p1a: Miraidon|frz
|move|p2a: Ninetales|Protect|p2a: Ninetales
|-singleturn|p2a: Ninetales|Protect
|move|p1b: Iron Hands|Fake Out|p2b: Calyrex
|-damage|p2b: Calyrex|95/100
|cant|p2b: Calyrex|flinch
|
|-weather|none
|-fieldend|move: Electric Terrain
|-end|p1b: Iron Hands|Quark Drive
|upkeep
|turn|6
|
|t:|1750796668
|cant|p1a: Miraidon|frz
|move|p2a: Ninetales|Moonblast|p1a: Miraidon
|-supereffective|p1a: Miraidon
|-damage|p1a: Miraidon|0 fnt
|faint|p1a: Miraidon
|move|p1b: Iron Hands|Low Kick|p2b: Calyrex
|-damage|p2b: Calyrex|65/100
|move|p2b: Calyrex|High Horsepower|p1b: Iron Hands
|-supereffective|p1b: Iron Hands
|-damage|p1b: Iron Hands|47/100
|
|upkeep
|
|t:|1750796677
|switch|p1a: Farigiraf|Farigiraf, L50, F|100/100
|turn|7
|
|t:|1750796694
|move|p2a: Ninetales|Protect|p2a: Ninetales
|-singleturn|p2a: Ninetales|Protect
|move|p1a: Farigiraf|Foul Play|p2b: Calyrex
|-supereffective|p2b: Calyrex
|-damage|p2b: Calyrex|28/100
|move|p2b: Calyrex|High Horsepower|p1b: Iron Hands
|-supereffective|p1b: Iron Hands
|-damage|p1b: Iron Hands|0 fnt
|faint|p1b: Iron Hands
|-end|p1b: Iron Hands|Quark Drive|[silent]
|-ability|p2b: Calyrex|Chilling Neigh|boost
|-boost|p2b: Calyrex|atk|1
|
|upkeep
|turn|8
|
|t:|1750796715
|move|p2b: Calyrex|Protect|p2b: Calyrex
|-singleturn|p2b: Calyrex|Protect
|move|p2a: Ninetales|Moonblast|p1a: Farigiraf
|-damage|p1a: Farigiraf|69/100
|move|p1a: Farigiraf|Foul Play|p2b: Calyrex
|-activate|p2b: Calyrex|move: Protect
|
|upkeep
|turn|9
|
|t:|1750796727
|-terastallize|p1a: Farigiraf|Water
|move|p2a: Ninetales|Moonblast|p1a: Farigiraf
|-damage|p1a: Farigiraf|35/100
|move|p1a: Farigiraf|Foul Play|p2b: Calyrex
|-supereffective|p2b: Calyrex
|-crit|p2b: Calyrex
|-damage|p2b: Calyrex|0 fnt
|faint|p2b: Calyrex
|
|-sideend|p2: EstiGatetes|move: Aurora Veil
|upkeep
|turn|10
|
|t:|1750796741
|move|p2a: Ninetales|Moonblast|p1a: Farigiraf
|-damage|p1a: Farigiraf|0 fnt
|faint|p1a: Farigiraf
|
|win|EstiGatetes
|raw|mafafa's rating: 1078 &rarr; <strong>1052</strong><br />(-26 for losing)
|raw|EstiGatetes's rating: 1007 &rarr; <strong>1054</strong><br />(+47 for winning)
|l|☆mafafa
|player|p1|
