|j|☆willscharnagl
|j|☆RustyTacos27
|t:|1750718567
|gametype|doubles
|player|p1|willscharnagl|266|1516
|player|p2|RustyTacos27|101|1524
|teamsize|p1|6
|teamsize|p2|6
|gen|9
|tier|[Gen 9] VGC 2025 Reg I
|rated|
|rule|Species Clause: Limit one of each Pokémon
|rule|Item Clause: Limit 1 of each item
|clearpoke
|poke|p1|Venusaur, L50, F|
|poke|p1|Groudon, L50|
|poke|p1|Flutter Mane, L50|
|poke|p1|Calyrex-Ice, L50|
|poke|p1|Raging Bolt, L50|
|poke|p1|Ogerpon-Cornerstone, L50, F|
|poke|p2|Bastiodon, L50, F|
|poke|p2|Miraidon, L50|
|poke|p2|Calyrex-Shadow, L50|
|poke|p2|Urshifu-*, L50, M|
|poke|p2|Incineroar, L50, M|
|poke|p2|Whimsicott, L50, F|
|teampreview|4
|j| slimyswag
|inactive|Battle timer is ON: inactive players will automatically lose when time's up. (requested by willscharnagl)
|
|t:|1750718599
|start
|switch|p1a: Calyrex|Calyrex-Ice, L50|100/100
|switch|p1b: Ogerpon|Ogerpon-Cornerstone, L50, F|100/100
|switch|p2a: Don Arrogance|Calyrex-Shadow, L50|100/100
|switch|p2b: Don Bastio|Bastiodon, L50, F, shiny|100/100
|-ability|p2a: Don Arrogance|As One
|-ability|p2a: Don Arrogance|Unnerve
|-ability|p1a: Calyrex|As One
|-ability|p1a: Calyrex|Unnerve
|turn|1
|
|t:|1750718621
|-terastallize|p1a: Calyrex|Water
|move|p1b: Ogerpon|Follow Me|p1b: Ogerpon
|-singleturn|p1b: Ogerpon|move: Follow Me
|move|p2a: Don Arrogance|Astral Barrage|p1b: Ogerpon|[spread] p1a,p1b
|-damage|p1a: Calyrex|58/100
|-damage|p1b: Ogerpon|17/100
|-damage|p2a: Don Arrogance|91/100|[from] item: Life Orb
|move|p1a: Calyrex|Glacial Lance|p2a: Don Arrogance|[spread] p2a,p2b
|-resisted|p2b: Don Bastio
|-damage|p2a: Don Arrogance|34/100
|-damage|p2b: Don Bastio|84/100
|move|p2b: Don Bastio|Body Press|p1b: Ogerpon
|-supereffective|p1b: Ogerpon
|-damage|p1b: Ogerpon|0 fnt
|faint|p1b: Ogerpon
|
|upkeep
|
|t:|1750718643
|switch|p1b: Groudon|Groudon, L50|100/100
|-weather|SunnyDay|[from] ability: Drought|[of] p1b: Groudon
|turn|2
|
|t:|1750718653
|move|p2b: Don Bastio|Wide Guard|p2b: Don Bastio
|-singleturn|p2b: Don Bastio|Wide Guard
|move|p2a: Don Arrogance|Astral Barrage|p1a: Calyrex|[spread] p1a,p1b
|-damage|p1a: Calyrex|16/100
|-damage|p1b: Groudon|61/100
|-damage|p2a: Don Arrogance|24/100|[from] item: Life Orb
|move|p1b: Groudon|High Horsepower|p2b: Don Bastio
|-supereffective|p2b: Don Bastio
|-damage|p2b: Don Bastio|0 fnt
|faint|p2b: Don Bastio
|move|p1a: Calyrex|Trick Room|p1a: Calyrex
|-fieldstart|move: Trick Room|[of] p1a: Calyrex
|
|-weather|SunnyDay|[upkeep]
|upkeep
|
|t:|1750718666
|switch|p2b: Don VGC|Incineroar, L50, M|100/100
|-ability|p2b: Don VGC|Intimidate|boost
|-unboost|p1a: Calyrex|atk|1
|-unboost|p1b: Groudon|atk|1
|turn|3
|
|t:|1750718685
|switch|p1a: Raging Bolt|Raging Bolt, L50|100/100
|-activate|p1a: Raging Bolt|ability: Protosynthesis
|-start|p1a: Raging Bolt|protosynthesisspa
|move|p2a: Don Arrogance|Protect|p2a: Don Arrogance
|-singleturn|p2a: Don Arrogance|Protect
|move|p1b: Groudon|Precipice Blades|p2a: Don Arrogance|[spread] p2b
|-activate|p2a: Don Arrogance|move: Protect
|-supereffective|p2b: Don VGC
|-damage|p2b: Don VGC|37/100
|move|p2b: Don VGC|Knock Off|p1a: Raging Bolt
|-damage|p1a: Raging Bolt|69/100
|-enditem|p1a: Raging Bolt|Magnet|[from] move: Knock Off|[of] p2b: Don VGC
|
|-weather|SunnyDay|[upkeep]
|upkeep
|turn|4
|inactive|RustyTacos27 has 30 seconds left.
|
|t:|1750718712
|-terastallize|p2b: Don VGC|Bug
|move|p2a: Don Arrogance|Protect|p2a: Don Arrogance
|-singleturn|p2a: Don Arrogance|Protect
|move|p1b: Groudon|High Horsepower|p2b: Don VGC
|-resisted|p2b: Don VGC
|-damage|p2b: Don VGC|19/100
|move|p2b: Don VGC|Parting Shot|p1a: Raging Bolt
|-unboost|p1a: Raging Bolt|atk|1
|-unboost|p1a: Raging Bolt|spa|1
|
|t:|1750718722
|switch|p2b: Don Buttons|Miraidon, L50|100/100|[from] Parting Shot
|-fieldstart|move: Electric Terrain|[from] ability: Hadron Engine|[of] p2b: Don Buttons
|move|p1a: Raging Bolt|Dragon Pulse|p2a: Don Arrogance
|-activate|p2a: Don Arrogance|move: Protect
|
|-weather|SunnyDay|[upkeep]
|upkeep
|turn|5
|
|t:|1750718730
|switch|p2a: Don VGC|Incineroar, L50, M, tera:Bug|19/100
|-ability|p2a: Don VGC|Intimidate|boost
|-unboost|p1a: Raging Bolt|atk|1
|-unboost|p1b: Groudon|atk|1
|move|p1b: Groudon|Precipice Blades|p2a: Don VGC|[spread] p2a,p2b
|-resisted|p2a: Don VGC
|-supereffective|p2b: Don Buttons
|-damage|p2a: Don VGC|7/100
|-damage|p2b: Don Buttons|58/100
|move|p1a: Raging Bolt|Dragon Pulse|p2b: Don Buttons
|-supereffective|p2b: Don Buttons
|-damage|p2b: Don Buttons|0 fnt
|faint|p2b: Don Buttons
|
|-weather|SunnyDay|[upkeep]
|upkeep
|
|t:|1750718740
|switch|p2b: Don Arrogance|Calyrex-Shadow, L50|24/100
|-ability|p2b: Don Arrogance|As One
|-ability|p2b: Don Arrogance|Unnerve
|turn|6
|
|t:|1750718747
|move|p2b: Don Arrogance|Protect|p2b: Don Arrogance
|-singleturn|p2b: Don Arrogance|Protect
|move|p2a: Don VGC|Fake Out|p1a: Raging Bolt
|-damage|p1a: Raging Bolt|60/100
|cant|p1a: Raging Bolt|flinch
|move|p1b: Groudon|Rock Slide|p2a: Don VGC|[spread] 
|-activate|p2b: Don Arrogance|move: Protect
|-miss|p1b: Groudon|p2a: Don VGC
|
|-weather|none
|-end|p1a: Raging Bolt|Protosynthesis
|-fieldend|move: Trick Room
|upkeep
|turn|7
|
|t:|1750718761
|move|p1a: Raging Bolt|Thunderclap|p2b: Don Arrogance
|-damage|p2b: Don Arrogance|0 fnt
|faint|p2b: Don Arrogance
|move|p2a: Don VGC|Knock Off|p1b: Groudon
|-damage|p1b: Groudon|36/100
|-enditem|p1b: Groudon|Assault Vest|[from] move: Knock Off|[of] p2a: Don VGC
|move|p1b: Groudon|Rock Slide|p2a: Don VGC
|-supereffective|p2a: Don VGC
|-damage|p2a: Don VGC|0 fnt
|faint|p2a: Don VGC
|
|win|willscharnagl
|raw|willscharnagl's rating: 1516 &rarr; <strong>1536</strong><br />(+20 for winning)
|raw|RustyTacos27's rating: 1524 &rarr; <strong>1504</strong><br />(-20 for losing)
|l|☆RustyTacos27
|player|p2|
|l|☆willscharnagl
|player|p1|
|l| slimyswag
|j|☆willscharnagl
|player|p1|willscharnagl|266|
|l|☆willscharnagl
|player|p1|
