|j|☆Kinnachan456
|j|☆TogoVGC
|t:|1750775418
|gametype|doubles
|player|p1|Kinnachan456|shauntal|1211
|player|p2|TogoVGC|petrel|1194
|teamsize|p1|6
|teamsize|p2|6
|gen|9
|tier|[Gen 9] VGC 2025 Reg I
|rated|
|rule|Species Clause: Limit one of each Pokémon
|rule|Item Clause: Limit 1 of each item
|clearpoke
|poke|p1|Miraidon, L50|
|poke|p1|Smeargle, L50, F|
|poke|p1|Glastrier, L50|
|poke|p1|Kyogre, L50|
|poke|p1|Farigiraf, L50, F|
|poke|p1|Incineroar, L50, F|
|poke|p2|Shiftry, L50, F|
|poke|p2|Koraidon, L50|
|poke|p2|Lunala, L50|
|poke|p2|Tornadus, L50, M|
|poke|p2|Ursaluna-Bloodmoon, L50, M|
|poke|p2|Magmortar, L50, M|
|teampreview|4
|
|t:|1750775451
|start
|switch|p1a: Farigiraf|Farigiraf, L50, F|100/100
|switch|p1b: Smeargle|Smeargle, L50, F|100/100
|switch|p2a: Tornadus|Tornadus, L50, M|100/100
|switch|p2b: Magmortar|Magmortar, L50, M|100/100
|turn|1
|
|t:|1750775475
|move|p2b: Magmortar|Helping Hand|p2a: Tornadus
|-singleturn|p2a: Tornadus|Helping Hand|[of] p2b: Magmortar
|move|p1b: Smeargle|Fake Out|p2b: Magmortar
|-damage|p2b: Magmortar|95/100
|move|p2a: Tornadus|Bleakwind Storm|p1a: Farigiraf|[spread] p1a
|-miss|p2a: Tornadus|p1b: Smeargle
|-damage|p1a: Farigiraf|67/100
|move|p1a: Farigiraf|Trick Room|p1a: Farigiraf
|-fieldstart|move: Trick Room|[of] p1a: Farigiraf
|
|-ability|p1b: Smeargle|Moody|boost
|-boost|p1b: Smeargle|spa|2
|-unboost|p1b: Smeargle|spd|1
|-enditem|p1b: Smeargle|Eject Pack
|upkeep
|
|t:|1750775490
|switch|p1b: Kyogre|Kyogre, L50|100/100
|-weather|RainDance|[from] ability: Drizzle|[of] p1b: Kyogre
|turn|2
|
|t:|1750775502
|-terastallize|p2b: Magmortar|Electric
|move|p1a: Farigiraf|Helping Hand|p1b: Kyogre
|-singleturn|p1b: Kyogre|Helping Hand|[of] p1a: Farigiraf
|move|p2a: Tornadus|Sunny Day|p2a: Tornadus
|-weather|SunnyDay
|move|p1b: Kyogre|Origin Pulse|p2b: Magmortar|[spread] p2a,p2b
|-damage|p2a: Tornadus|39/100
|-damage|p2b: Magmortar|50/100
|move|p2b: Magmortar|Thunderbolt|p1b: Kyogre
|-supereffective|p1b: Kyogre
|-damage|p1b: Kyogre|34/100
|
|-weather|SunnyDay|[upkeep]
|upkeep
|turn|3
|
|t:|1750775539
|switch|p2a: Koraidon|Koraidon, L50|100/100
|-activate|p2a: Koraidon|ability: Orichalcum Pulse
|move|p1a: Farigiraf|Rain Dance|p1a: Farigiraf
|-weather|RainDance
|move|p1b: Kyogre|Origin Pulse|p2b: Magmortar|[spread] p2a,p2b
|-resisted|p2a: Koraidon
|-damage|p2a: Koraidon|54/100
|-damage|p2b: Magmortar|0 fnt
|faint|p2b: Magmortar
|
|-weather|RainDance|[upkeep]
|upkeep
|
|t:|1750775548
|switch|p2b: Lunala|Lunala, L50|100/100
|turn|4
|
|t:|1750775562
|move|p1a: Farigiraf|Helping Hand|p1b: Kyogre
|-singleturn|p1b: Kyogre|Helping Hand|[of] p1a: Farigiraf
|move|p2a: Koraidon|Protect|p2a: Koraidon
|-singleturn|p2a: Koraidon|Protect
|move|p1b: Kyogre|Origin Pulse|p2a: Koraidon|[spread] 
|-activate|p2a: Koraidon|move: Protect
|-miss|p1b: Kyogre|p2b: Lunala
|move|p2b: Lunala|Trick Room|p2b: Lunala
|-fieldend|move: Trick Room
|
|-weather|RainDance|[upkeep]
|upkeep
|turn|5
|inactive|Battle timer is ON: inactive players will automatically lose when time's up. (requested by Kinnachan456)
|inactive|TogoVGC has 60 seconds left.
|
|t:|1750775649
|switch|p1b: Smeargle|Smeargle, L50, F|100/100
|move|p2a: Koraidon|Flame Charge|p1a: Farigiraf
|-damage|p1a: Farigiraf|57/100
|-boost|p2a: Koraidon|spe|1
|move|p2b: Lunala|Meteor Beam||[still]
|-prepare|p2b: Lunala|Meteor Beam
|-boost|p2b: Lunala|spa|1
|-enditem|p2b: Lunala|Power Herb
|-anim|p2b: Lunala|Meteor Beam|p1a: Farigiraf
|-damage|p1a: Farigiraf|2/100
|move|p1a: Farigiraf|Trick Room|p1a: Farigiraf
|-fieldstart|move: Trick Room|[of] p1a: Farigiraf
|
|-weather|RainDance|[upkeep]
|-ability|p1b: Smeargle|Moody|boost
|-boost|p1b: Smeargle|spd|2
|-unboost|p1b: Smeargle|atk|1
|upkeep
|turn|6
|
|t:|1750775672
|switch|p2a: Tornadus|Tornadus, L50, M|39/100
|move|p1b: Smeargle|Fake Out|p2a: Tornadus
|-damage|p2a: Tornadus|35/100
|move|p1a: Farigiraf|Psychic Fangs|p2a: Tornadus
|-damage|p2a: Tornadus|0 fnt
|faint|p2a: Tornadus
|move|p2b: Lunala|Trick Room|p2b: Lunala
|-fieldend|move: Trick Room
|
|-weather|RainDance|[upkeep]
|-ability|p1b: Smeargle|Moody|boost
|-boost|p1b: Smeargle|spe|2
|-unboost|p1b: Smeargle|spd|1
|upkeep
|
|t:|1750775685
|switch|p2a: Koraidon|Koraidon, L50|54/100
|-weather|SunnyDay|[from] ability: Orichalcum Pulse|[of] p2a: Koraidon
|-activate|p2a: Koraidon|Orichalcum Pulse|[source]
|turn|7
|
|t:|1750775699
|move|p2a: Koraidon|Collision Course|p1b: Smeargle
|-supereffective|p1b: Smeargle
|-damage|p1b: Smeargle|0 fnt
|faint|p1b: Smeargle
|move|p2b: Lunala|Meteor Beam||[still]
|-prepare|p2b: Lunala|Meteor Beam
|-boost|p2b: Lunala|spa|1
|move|p1a: Farigiraf|Trick Room|p1a: Farigiraf
|-fieldstart|move: Trick Room|[of] p1a: Farigiraf
|
|-weather|SunnyDay|[upkeep]
|upkeep
|
|t:|1750775713
|switch|p1b: Kyogre|Kyogre, L50|34/100
|-weather|RainDance|[from] ability: Drizzle|[of] p1b: Kyogre
|turn|8
|inactive|TogoVGC has 30 seconds left.
|inactive|TogoVGC has 20 seconds left.
|
|t:|1750775750
|-terastallize|p1b: Kyogre|Water
|move|p2a: Koraidon|Protect|p2a: Koraidon
|-singleturn|p2a: Koraidon|Protect
|move|p1a: Farigiraf|Psychic Fangs|p2a: Koraidon
|-activate|p2a: Koraidon|move: Protect
|move|p1b: Kyogre|Origin Pulse|p2b: Lunala|[spread] p2b
|-activate|p2a: Koraidon|move: Protect
|-crit|p2b: Lunala
|-damage|p2b: Lunala|32/100
|move|p2b: Lunala|Meteor Beam|p1b: Kyogre|[from] lockedmove
|-damage|p1b: Kyogre|0 fnt
|faint|p1b: Kyogre
|
|-weather|RainDance|[upkeep]
|upkeep
|
|t:|1750775764
|switch|p1b: Miraidon|Miraidon, L50|100/100
|-fieldstart|move: Electric Terrain|[from] ability: Hadron Engine|[of] p1b: Miraidon
|-enditem|p1a: Farigiraf|Electric Seed
|-boost|p1a: Farigiraf|def|1|[from] item: Electric Seed
|turn|9
|inactive|Kinnachan456 has 30 seconds left.
|inactive|Kinnachan456 has 20 seconds left.
|inactive|Kinnachan456 has 15 seconds left.
|
|t:|1750775808
|move|p1a: Farigiraf|Psychic Fangs|p2a: Koraidon
|-supereffective|p2a: Koraidon
|-damage|p2a: Koraidon|8/100
|move|p2b: Lunala|Moongeist Beam|p1b: Miraidon
|-damage|p1b: Miraidon|33/100
|move|p1b: Miraidon|Snarl|p2a: Koraidon|[spread] p2a,p2b
|-resisted|p2a: Koraidon
|-supereffective|p2b: Lunala
|-damage|p2a: Koraidon|0 fnt
|-damage|p2b: Lunala|0 fnt
|faint|p2a: Koraidon
|faint|p2b: Lunala
|
|win|Kinnachan456
|raw|Kinnachan456's rating: 1211 &rarr; <strong>1235</strong><br />(+24 for winning)
|raw|TogoVGC's rating: 1194 &rarr; <strong>1170</strong><br />(-24 for losing)
