|j|☆Jaker0125
|j|☆ptyago07
|t:|1750870920
|gametype|doubles
|player|p1|Jaker0125|red|1314
|player|p2|ptyago07|volkner|1251
|teamsize|p1|6
|teamsize|p2|6
|gen|9
|tier|[Gen 9] VGC 2025 Reg I
|rated|
|rule|Species Clause: Limit one of each Pokémon
|rule|Item Clause: Limit 1 of each item
|clearpoke
|poke|p1|Calyrex-Ice, L50|
|poke|p1|Kyogre, L50|
|poke|p1|Blastoise, L50, F|
|poke|p1|Amoonguss, L50, M|
|poke|p1|Flutter Mane, L50|
|poke|p1|Urshifu-*, L50, F|
|poke|p2|Entei, L50|
|poke|p2|Raikou, L50|
|poke|p2|Grimmsnarl, L50, M|
|poke|p2|Groudon, L50|
|poke|p2|Miraidon, L50|
|poke|p2|Incineroar, L50, M|
|teampreview|4
|inactive|Battle timer is ON: inactive players will automatically lose when time's up. (requested by Jaker0125)
|
|t:|1750870941
|start
|switch|p1a: Kyogre|Kyogre, L50|100/100
|switch|p1b: Blastoise|Blastoise, L50, F|100/100
|switch|p2a: Raikou|Raikou, L50, shiny|100/100
|switch|p2b: Miraidon|Miraidon, L50|100/100
|-fieldstart|move: Electric Terrain|[from] ability: Hadron Engine|[of] p2b: Miraidon
|-enditem|p2a: Raikou|Electric Seed
|-boost|p2a: Raikou|def|1|[from] item: Electric Seed
|-weather|RainDance|[from] ability: Drizzle|[of] p1a: Kyogre
|turn|1
|inactive|Jaker0125 has 30 seconds left.
|
|t:|1750870970
|-terastallize|p1a: Kyogre|Grass
|move|p2a: Raikou|Helping Hand|p2b: Miraidon
|-singleturn|p2b: Miraidon|Helping Hand|[of] p2a: Raikou
|move|p1b: Blastoise|Fake Out|p2b: Miraidon
|-damage|p2b: Miraidon|93/100
|cant|p2b: Miraidon|flinch
|move|p1a: Kyogre|Origin Pulse|p2b: Miraidon|[spread] p2a,p2b
|-resisted|p2b: Miraidon
|-damage|p2a: Raikou|27/100
|-damage|p2b: Miraidon|54/100
|
|-weather|RainDance|[upkeep]
|upkeep
|turn|2
|inactive|Jaker0125 has 30 seconds left.
|
|t:|1750870999
|switch|p1b: Amoonguss|Amoonguss, L50, M|100/100
|move|p1a: Kyogre|Protect|p1a: Kyogre
|-singleturn|p1a: Kyogre|Protect
|move|p2b: Miraidon|Volt Switch|p1a: Kyogre
|-activate|p1a: Kyogre|move: Protect
|move|p2a: Raikou|Electroweb|p1b: Amoonguss|[spread] 
|-activate|p1a: Kyogre|move: Protect
|-miss|p2a: Raikou|p1b: Amoonguss
|
|-weather|RainDance|[upkeep]
|upkeep
|turn|3
|
|t:|1750871017
|move|p2a: Raikou|Helping Hand|p2b: Miraidon
|-singleturn|p2b: Miraidon|Helping Hand|[of] p2a: Raikou
|move|p1b: Amoonguss|Rage Powder|p1b: Amoonguss
|-singleturn|p1b: Amoonguss|move: Rage Powder
|move|p2b: Miraidon|Volt Switch|p1b: Amoonguss
|-resisted|p1b: Amoonguss
|-damage|p1b: Amoonguss|59/100
|
|t:|1750871025
|switch|p2b: Groudon|Groudon, L50, shiny|100/100|[from] Volt Switch
|-weather|SunnyDay|[from] ability: Drought|[of] p2b: Groudon
|move|p1a: Kyogre|Water Spout|p2a: Raikou|[spread] p2a,p2b
|-supereffective|p2b: Groudon
|-damage|p2a: Raikou|0 fnt
|-damage|p2b: Groudon|34/100
|faint|p2a: Raikou
|
|-weather|SunnyDay|[upkeep]
|upkeep
|
|t:|1750871037
|switch|p2a: Incineroar|Incineroar, L50, M, shiny|100/100
|-ability|p2a: Incineroar|Intimidate|boost
|-unboost|p1a: Kyogre|atk|1
|-unboost|p1b: Amoonguss|atk|1
|turn|4
|
|t:|1750871060
|switch|p1a: Blastoise|Blastoise, L50, F|100/100
|move|p1b: Amoonguss|Protect|p1b: Amoonguss
|-singleturn|p1b: Amoonguss|Protect
|move|p2b: Groudon|Fire Punch|p1b: Amoonguss
|-activate|p1b: Amoonguss|move: Protect
|move|p2a: Incineroar|U-turn|p1b: Amoonguss
|-activate|p1b: Amoonguss|move: Protect
|
|-weather|SunnyDay|[upkeep]
|upkeep
|turn|5
|inactive|ptyago07 has 30 seconds left.
|
|t:|1750871087
|switch|p1b: Kyogre|Kyogre, L50, tera:Grass|100/100
|-weather|RainDance|[from] ability: Drizzle|[of] p1b: Kyogre
|-terastallize|p2a: Incineroar|Water
|move|p2b: Groudon|Protect|p2b: Groudon
|-singleturn|p2b: Groudon|Protect
|move|p1a: Blastoise|Fake Out|p2a: Incineroar
|-damage|p2a: Incineroar|93/100
|move|p2a: Incineroar|U-turn|p1a: Blastoise
|-damage|p1a: Blastoise|86/100
|
|t:|1750871099
|switch|p2a: Miraidon|Miraidon, L50|54/100|[from] U-turn
|-activate|p2a: Miraidon|ability: Hadron Engine
|
|-weather|RainDance|[upkeep]
|-heal|p1a: Blastoise|92/100|[from] ability: Rain Dish
|-fieldend|move: Electric Terrain
|upkeep
|turn|6
|inactive|Jaker0125 has 30 seconds left.
|inactive|Jaker0125 has 20 seconds left.
|inactive|Jaker0125 has 15 seconds left.
|
|t:|1750871140
|switch|p1a: Amoonguss|Amoonguss, L50, M|92/100
|move|p1b: Kyogre|Protect|p1b: Kyogre
|-singleturn|p1b: Kyogre|Protect
|move|p2a: Miraidon|Electro Drift|p1a: Amoonguss
|-resisted|p1a: Amoonguss
|-damage|p1a: Amoonguss|67/100
|move|p2b: Groudon|Precipice Blades|p1b: Kyogre|[spread] p1a
|-activate|p1b: Kyogre|move: Protect
|-damage|p1a: Amoonguss|26/100
|
|-weather|RainDance|[upkeep]
|upkeep
|turn|7
|
|t:|1750871164
|move|p1a: Amoonguss|Rage Powder|p1a: Amoonguss
|-singleturn|p1a: Amoonguss|move: Rage Powder
|move|p2a: Miraidon|Electro Drift|p1a: Amoonguss
|-resisted|p1a: Amoonguss
|-damage|p1a: Amoonguss|4/100
|move|p1b: Kyogre|Water Spout|p2a: Miraidon|[spread] p2a,p2b
|-resisted|p2a: Miraidon
|-supereffective|p2b: Groudon
|-damage|p2a: Miraidon|0 fnt
|-damage|p2b: Groudon|0 fnt
|faint|p2a: Miraidon
|faint|p2b: Groudon
|
|-weather|RainDance|[upkeep]
|upkeep
|inactive|ptyago07 has 30 seconds left.
|inactive|ptyago07 has 20 seconds left.
|inactive|ptyago07 has 15 seconds left.
|inactive|ptyago07 has 10 seconds left.
|inactive|ptyago07 has 5 seconds left.
|
|t:|1750871220
|switch|p2a: Incineroar|Incineroar, L50, M, shiny, tera:Water|93/100
|-ability|p2a: Incineroar|Intimidate|boost
|-unboost|p1a: Amoonguss|atk|1
|-unboost|p1b: Kyogre|atk|1
|turn|8
|inactive|ptyago07 has 30 seconds left.
|inactive|ptyago07 has 20 seconds left.
|inactive|ptyago07 has 15 seconds left.
|inactive|ptyago07 has 10 seconds left.
|inactive|ptyago07 has 5 seconds left.
|
|t:|1750871275
|switch|p1a: Blastoise|Blastoise, L50, F|92/100
|move|p1b: Kyogre|Protect|p1b: Kyogre
|-singleturn|p1b: Kyogre|Protect
|move|p2a: Incineroar|Fake Out|p1a: Blastoise
|-damage|p1a: Blastoise|83/100
|
|-weather|RainDance|[upkeep]
|-heal|p1a: Blastoise|89/100|[from] ability: Rain Dish
|upkeep
|turn|9
|inactive|ptyago07 has 30 seconds left.
|inactive|ptyago07 has 20 seconds left.
|inactive|ptyago07 has 15 seconds left.
|l|☆ptyago07
|inactive|ptyago07 disconnected and has a minute to reconnect!
|player|p2|
|inactive|ptyago07 has 10 seconds left.
|inactive|ptyago07 has 5 seconds left.
|-message|ptyago07 lost due to inactivity.
|
|win|Jaker0125
|raw|Jaker0125's rating: 1314 &rarr; <strong>1330</strong><br />(+16 for winning)
|raw|ptyago07's rating: 1251 &rarr; <strong>1230</strong><br />(-21 for losing)
|l|☆Jaker0125
|player|p1|
