|j|☆TheCheekyMeek
|j|☆Azuael
|t:|1750879925
|gametype|doubles
|player|p1|TheCheekyMeek|266|1416
|player|p2|Azuael|2|1352
|teamsize|p1|6
|teamsize|p2|6
|gen|9
|tier|[Gen 9] VGC 2025 Reg I
|rated|
|rule|Species Clause: Limit one of each Pokémon
|rule|Item Clause: Limit 1 of each item
|clearpoke
|poke|p1|Calyrex-Ice, L50|
|poke|p1|Kyogre, L50|
|poke|p1|Amoonguss, L50, F|
|poke|p1|Urshifu-*, L50, F|
|poke|p1|Raging Bolt, L50|
|poke|p1|Grimmsnarl, L50, M|
|poke|p2|Zacian-*, L50|
|poke|p2|Kyogre, L50|
|poke|p2|Pikachu, L50, F|
|poke|p2|Moltres-Galar, L50|
|poke|p2|Amoonguss, L50, F|
|poke|p2|Grimmsnarl, L50, M|
|teampreview|4
|
|t:|1750879955
|start
|switch|p1a: Amoonguss|Amoonguss, L50, F|100/100
|switch|p1b: Kyogre|Kyogre, L50|100/100
|switch|p2a: Pikachu|Pikachu, L50, F|100/100
|switch|p2b: Kyogre|Kyogre, L50|100/100
|-weather|RainDance|[from] ability: Drizzle|[of] p2b: Kyogre
|turn|1
|inactive|Battle timer is ON: inactive players will automatically lose when time's up. (requested by TheCheekyMeek)
|inactive|Azuael has 60 seconds left.
|l|☆TheCheekyMeek
|inactive|TheCheekyMeek disconnected and has a minute to reconnect!
|player|p1|
|j|☆TheCheekyMeek
|inactive|TheCheekyMeek reconnected.
|player|p1|TheCheekyMeek|266|
|inactive|Azuael has 30 seconds left.
|inactive|Azuael has 20 seconds left.
|
|t:|1750880026
|-terastallize|p2b: Kyogre|Water
|move|p1b: Kyogre|Protect|p1b: Kyogre
|-singleturn|p1b: Kyogre|Protect
|move|p1a: Amoonguss|Protect|p1a: Amoonguss
|-singleturn|p1a: Amoonguss|Protect
|move|p2a: Pikachu|Fake Out|p1a: Amoonguss
|-activate|p1a: Amoonguss|move: Protect
|move|p2b: Kyogre|Water Spout|p1b: Kyogre|[spread] 
|-activate|p1a: Amoonguss|move: Protect
|-activate|p1b: Kyogre|move: Protect
|
|-weather|RainDance|[upkeep]
|upkeep
|turn|2
|
|t:|1750880049
|move|p2a: Pikachu|Nuzzle|p1b: Kyogre
|-supereffective|p1b: Kyogre
|-damage|p1b: Kyogre|89/100
|-status|p1b: Kyogre|par
|move|p2b: Kyogre|Water Spout|p1b: Kyogre|[spread] p1a,p1b
|-resisted|p1a: Amoonguss
|-resisted|p1b: Kyogre
|-damage|p1a: Amoonguss|48/100
|-damage|p1b: Kyogre|48/100 par
|cant|p1b: Kyogre|par
|move|p1a: Amoonguss|Spore|p2b: Kyogre
|-status|p2b: Kyogre|slp|[from] move: Spore
|
|-weather|RainDance|[upkeep]
|upkeep
|turn|3
|
|t:|1750880070
|switch|p1a: Calyrex|Calyrex-Ice, L50|100/100
|-ability|p1a: Calyrex|As One
|-ability|p1a: Calyrex|Unnerve
|move|p2a: Pikachu|Nuzzle|p1a: Calyrex
|-damage|p1a: Calyrex|96/100
|-status|p1a: Calyrex|par
|cant|p2b: Kyogre|slp
|cant|p1b: Kyogre|par
|
|-weather|RainDance|[upkeep]
|upkeep
|turn|4
|inactive|TheCheekyMeek has 30 seconds left.
|inactive|Azuael has 30 seconds left.
|
|t:|1750880096
|-terastallize|p1a: Calyrex|Grass
|move|p2a: Pikachu|Endeavor|p1a: Calyrex
|-damage|p1a: Calyrex|46/100 par
|cant|p2b: Kyogre|slp
|move|p1b: Kyogre|Origin Pulse|p2a: Pikachu|[spread] p2a,p2b
|-resisted|p2b: Kyogre
|-crit|p2b: Kyogre
|-enditem|p2a: Pikachu|Focus Sash
|-damage|p2a: Pikachu|2/100
|-damage|p2b: Kyogre|70/100 slp
|move|p1a: Calyrex|Leech Seed|p2b: Kyogre
|-start|p2b: Kyogre|move: Leech Seed
|
|-weather|RainDance|[upkeep]
|-damage|p2b: Kyogre|58/100 slp|[from] Leech Seed|[of] p1a: Calyrex
|-heal|p1a: Calyrex|58/100 par|[silent]
|upkeep
|turn|5
|
|t:|1750880118
|move|p1a: Calyrex|Protect|p1a: Calyrex
|-singleturn|p1a: Calyrex|Protect
|move|p2a: Pikachu|Endeavor|p1a: Calyrex
|-activate|p1a: Calyrex|move: Protect
|cant|p2b: Kyogre|slp
|move|p1b: Kyogre|Water Spout|p2b: Kyogre|[spread] p2a,p2b
|-resisted|p2b: Kyogre
|-damage|p2a: Pikachu|0 fnt
|-damage|p2b: Kyogre|45/100 slp
|faint|p2a: Pikachu
|
|-weather|none
|-damage|p2b: Kyogre|33/100 slp|[from] Leech Seed|[of] p1a: Calyrex
|-heal|p1a: Calyrex|69/100 par|[silent]
|upkeep
|
|t:|1750880134
|switch|p2a: Zacian|Zacian-Crowned, L50|100/100
|-ability|p2a: Zacian|Intrepid Sword|boost
|-boost|p2a: Zacian|atk|1
|turn|6
|
|t:|1750880151
|switch|p2b: Amoonguss|Amoonguss, L50, F|100/100
|switch|p1a: Amoonguss|Amoonguss, L50, F|82/100
|move|p2a: Zacian|Play Rough|p1a: Amoonguss
|-resisted|p1a: Amoonguss
|-damage|p1a: Amoonguss|50/100
|-damage|p2a: Zacian|84/100|[from] item: Rocky Helmet|[of] p1a: Amoonguss
|move|p1b: Kyogre|Water Spout|p2b: Amoonguss|[spread] p2a,p2b
|-resisted|p2b: Amoonguss
|-damage|p2a: Zacian|52/100
|-damage|p2b: Amoonguss|84/100
|
|upkeep
|turn|7
|
|t:|1750880176
|move|p1b: Kyogre|Protect|p1b: Kyogre
|-singleturn|p1b: Kyogre|Protect
|move|p2a: Zacian|Behemoth Blade|p1a: Amoonguss
|-damage|p1a: Amoonguss|0 fnt
|-damage|p2a: Zacian|36/100|[from] item: Rocky Helmet|[of] p1a: Amoonguss
|faint|p1a: Amoonguss
|move|p2b: Amoonguss|Pollen Puff|p2a: Zacian
|-heal|p2a: Zacian|86/100
|
|upkeep
|
|t:|1750880188
|switch|p1a: Urshifu|Urshifu-Rapid-Strike, L50, F|100/100
|turn|8
|
|t:|1750880198
|switch|p1a: Calyrex|Calyrex-Ice, L50, tera:Grass|69/100 par
|-ability|p1a: Calyrex|As One
|-ability|p1a: Calyrex|Unnerve
|switch|p2a: Kyogre|Kyogre, L50, tera:Water|33/100 slp
|-weather|RainDance|[from] ability: Drizzle|[of] p2a: Kyogre
|move|p1b: Kyogre|Origin Pulse|p2b: Amoonguss|[spread] p2a,p2b
|-resisted|p2a: Kyogre
|-resisted|p2b: Amoonguss
|-damage|p2a: Kyogre|12/100 slp
|-damage|p2b: Amoonguss|44/100
|move|p2b: Amoonguss|Spore|p1a: Calyrex
|-immune|p1a: Calyrex
|
|-weather|RainDance|[upkeep]
|upkeep
|turn|9
|inactive|TheCheekyMeek has 30 seconds left.
|
|t:|1750880223
|-curestatus|p2a: Kyogre|slp|[msg]
|move|p2a: Kyogre|Ice Beam|p1a: Calyrex
|-supereffective|p1a: Calyrex
|-damage|p1a: Calyrex|32/100 par
|move|p1b: Kyogre|Water Spout|p2a: Kyogre|[spread] p2a,p2b
|-resisted|p2a: Kyogre
|-resisted|p2b: Amoonguss
|-damage|p2a: Kyogre|0 fnt
|-damage|p2b: Amoonguss|17/100
|faint|p2a: Kyogre
|move|p1a: Calyrex|Glacial Lance|p2b: Amoonguss
|-supereffective|p2b: Amoonguss
|-damage|p2b: Amoonguss|0 fnt
|faint|p2b: Amoonguss
|-ability|p1a: Calyrex|Chilling Neigh|boost
|-boost|p1a: Calyrex|atk|1
|
|-weather|RainDance|[upkeep]
|upkeep
|
|t:|1750880242
|switch|p2a: Zacian|Zacian-Crowned, L50|86/100
|turn|10
|
|t:|1750880256
|move|p2a: Zacian|Play Rough|p1a: Calyrex
|-damage|p1a: Calyrex|0 fnt
|faint|p1a: Calyrex
|move|p1b: Kyogre|Hydro Pump|p2a: Zacian
|-damage|p2a: Zacian|0 fnt
|faint|p2a: Zacian
|
|win|TheCheekyMeek
|raw|TheCheekyMeek's rating: 1416 &rarr; <strong>1432</strong><br />(+16 for winning)
|raw|Azuael's rating: 1352 &rarr; <strong>1336</strong><br />(-16 for losing)
|l|☆Azuael
|player|p2|
|l|☆TheCheekyMeek
|player|p1|
