|j|☆LaCourgetta
|j|☆fgjhs24
|t:|1750788693
|gametype|doubles
|player|p1|LaCourgetta|102|1394
|player|p2|fgjhs24|170|1479
|teamsize|p1|6
|teamsize|p2|6
|gen|9
|tier|[Gen 9] VGC 2025 Reg I
|rated|
|rule|Species Clause: Limit one of each Pokémon
|rule|Item Clause: Limit 1 of each item
|clearpoke
|poke|p1|Zoroark-Hisui, L50, F|
|poke|p1|Dialga-Origin, L50|
|poke|p1|Calyrex-Ice, L50|
|poke|p1|Incineroar, L50, F|
|poke|p1|Ursaluna, L50, F|
|poke|p1|Ogerpon-Wellspring, L50, F|
|poke|p2|Chien-Pao, L50|
|poke|p2|Calyrex-Shadow, L50|
|poke|p2|Zamazenta-*, L50|
|poke|p2|Raging Bolt, L50|
|poke|p2|Amoonguss, L50, F|
|poke|p2|Ting-Lu, L50|
|teampreview|4
|inactive|Battle timer is ON: inactive players will automatically lose when time's up. (requested by LaCourgetta)
|inactive|LaCourgetta has 60 seconds left.
|inactive|fgjhs24 has 60 seconds left.
|inactive|LaCourgetta has 30 seconds left.
|inactive|LaCourgetta has 20 seconds left.
|inactive|LaCourgetta has 15 seconds left.
|inactive|LaCourgetta has 10 seconds left.
|inactive|LaCourgetta has 5 seconds left.
|
|t:|1750788790
|start
|switch|p1a: Dialga|Dialga-Origin, L50|100/100
|switch|p1b: Ursaluna|Ursaluna, L50, F|100/100
|switch|p2a: Calyrex|Calyrex-Shadow, L50|100/100
|switch|p2b: Zamazenta|Zamazenta-Crowned, L50|100/100
|-ability|p2a: Calyrex|As One
|-ability|p2a: Calyrex|Unnerve
|-ability|p2b: Zamazenta|Dauntless Shield|boost
|-boost|p2b: Zamazenta|def|1
|turn|1
|inactive|LaCourgetta has 30 seconds left.
|
|t:|1750788820
|-terastallize|p1a: Dialga|Ground
|move|p2a: Calyrex|Astral Barrage|p1b: Ursaluna|[spread] p1a
|-immune|p1b: Ursaluna
|-damage|p1a: Dialga|64/100
|move|p2b: Zamazenta|Body Press|p1a: Dialga
|-damage|p1a: Dialga|14/100
|move|p1b: Ursaluna|Burning Jealousy|p2b: Zamazenta|[spread] p2a,p2b
|-supereffective|p2b: Zamazenta
|-damage|p2a: Calyrex|84/100
|-damage|p2b: Zamazenta|73/100
|-status|p2b: Zamazenta|brn
|move|p1a: Dialga|Trick Room|p1a: Dialga
|-fieldstart|move: Trick Room|[of] p1a: Dialga
|
|-damage|p2b: Zamazenta|66/100 brn|[from] brn
|upkeep
|turn|2
|inactive|LaCourgetta has 30 seconds left.
|inactive|fgjhs24 has 30 seconds left.
|
|t:|1750788851
|switch|p2a: Ting-Lu|Ting-Lu, L50|100/100
|-ability|p2a: Ting-Lu|Vessel of Ruin
|move|p1a: Dialga|Earth Power|p2b: Zamazenta
|-supereffective|p2b: Zamazenta
|-damage|p2b: Zamazenta|3/100 brn
|move|p1b: Ursaluna|Bitter Malice|p2a: Ting-Lu
|-resisted|p2a: Ting-Lu
|-damage|p2a: Ting-Lu|94/100
|-unboost|p2a: Ting-Lu|atk|1
|move|p2b: Zamazenta|Body Press|p1a: Dialga
|-damage|p1a: Dialga|0 fnt
|faint|p1a: Dialga
|
|-damage|p2b: Zamazenta|0 fnt|[from] brn
|faint|p2b: Zamazenta
|upkeep
|inactive|LaCourgetta has 30 seconds left.
|
|t:|1750788877
|switch|p1a: Ursaluna|Ursaluna, L50, F|100/100
|switch|p2b: Chien-Pao|Chien-Pao, L50|100/100
|-ability|p2b: Chien-Pao|Sword of Ruin
|turn|3
|
|t:|1750788901
|switch|p1b: Incineroar|Incineroar, L50, F|100/100
|move|p1a: Ursaluna|Protect|p1a: Ursaluna
|-singleturn|p1a: Ursaluna|Protect
|move|p2b: Chien-Pao|Protect|p2b: Chien-Pao
|-singleturn|p2b: Chien-Pao|Protect
|move|p2a: Ting-Lu|Snarl|p1a: Ursaluna|[spread] p1b
|-activate|p1a: Ursaluna|move: Protect
|-resisted|p1b: Incineroar
|-damage|p1b: Incineroar|98/100
|-unboost|p1b: Incineroar|spa|1
|
|-status|p1a: Ursaluna|brn|[from] item: Flame Orb
|upkeep
|turn|4
|inactive|LaCourgetta has 30 seconds left.
|inactive|fgjhs24 has 30 seconds left.
|inactive|LaCourgetta has 20 seconds left.
|inactive|LaCourgetta has 15 seconds left.
|inactive|LaCourgetta has 10 seconds left.
|
|t:|1750788947
|move|p1a: Ursaluna|Facade|p2b: Chien-Pao
|-damage|p2b: Chien-Pao|0 fnt
|faint|p2b: Chien-Pao
|move|p2a: Ting-Lu|Sand Tomb|p1b: Incineroar
|-supereffective|p1b: Incineroar
|-damage|p1b: Incineroar|77/100
|-activate|p1b: Incineroar|move: Sand Tomb|[of] p2a: Ting-Lu
|move|p1b: Incineroar|Knock Off|p2a: Ting-Lu
|-resisted|p2a: Ting-Lu
|-damage|p2a: Ting-Lu|80/100
|-enditem|p2a: Ting-Lu|Assault Vest|[from] move: Knock Off|[of] p1b: Incineroar
|
|-damage|p1a: Ursaluna|95/100 brn|[from] brn
|-damage|p1b: Incineroar|64/100|[from] move: Sand Tomb|[partiallytrapped]
|upkeep
|
|t:|1750788962
|switch|p2b: Calyrex|Calyrex-Shadow, L50|84/100
|-ability|p2b: Calyrex|As One
|-ability|p2b: Calyrex|Unnerve
|turn|5
|
|t:|1750788979
|move|p2b: Calyrex|Protect|p2b: Calyrex
|-singleturn|p2b: Calyrex|Protect
|move|p1a: Ursaluna|Facade|p2a: Ting-Lu
|-damage|p2a: Ting-Lu|13/100
|move|p2a: Ting-Lu|Stone Edge|p1b: Incineroar
|-supereffective|p1b: Incineroar
|-crit|p1b: Incineroar
|-damage|p1b: Incineroar|0 fnt
|faint|p1b: Incineroar
|
|-damage|p1a: Ursaluna|89/100 brn|[from] brn
|-fieldend|move: Trick Room
|upkeep
|
|t:|1750788987
|switch|p1b: Zoroark|Zoroark-Hisui, L50, F|100/100
|turn|6
|
|t:|1750789008
|-terastallize|p2b: Calyrex|Ghost
|move|p2b: Calyrex|Psychic|p1b: Zoroark
|-damage|p1b: Zoroark|17/100
|move|p1b: Zoroark|Hyper Voice|p2a: Ting-Lu|[spread] p2a
|-immune|p2b: Calyrex
|-damage|p2a: Ting-Lu|0 fnt
|faint|p2a: Ting-Lu
|move|p1a: Ursaluna|Headlong Rush|p2b: Calyrex
|-damage|p2b: Calyrex|0 fnt
|-unboost|p1a: Ursaluna|def|1
|-unboost|p1a: Ursaluna|spd|1
|faint|p2b: Calyrex
|
|win|LaCourgetta
|raw|LaCourgetta's rating: 1394 &rarr; <strong>1419</strong><br />(+25 for winning)
|raw|fgjhs24's rating: 1479 &rarr; <strong>1454</strong><br />(-25 for losing)
|l|☆fgjhs24
|player|p2|
