|j|‽SkinnyTieDye
|j|☆QuagsireJelly
|t:|1750830571
|gametype|doubles
|player|p1|SkinnyTieDye|collector|1171
|player|p2|QuagsireJelly|266|1178
|teamsize|p1|6
|teamsize|p2|6
|gen|9
|tier|[Gen 9] VGC 2025 Reg I
|rated|
|rule|Species Clause: Limit one of each Pokémon
|rule|Item Clause: Limit 1 of each item
|clearpoke
|poke|p1|Koraidon, L50|
|poke|p1|Flutter Mane, L50|
|poke|p1|Raging Bolt, L50|
|poke|p1|Incineroar, L50, F|
|poke|p1|Chi-Yu, L50|
|poke|p1|Solgaleo, L50|
|poke|p2|Smeargle, L50, M|
|poke|p2|Muk-Alola, L50, M|
|poke|p2|Flamigo, L50, F|
|poke|p2|Calyrex-Ice, L50|
|poke|p2|Porygon2, L50|
|poke|p2|Ursaluna-Bloodmoon, L50, M|
|teampreview|4
|inactive|Battle timer is ON: inactive players will automatically lose when time's up. (requested by SkinnyTieDye)
|inactive|SkinnyTieDye has 60 seconds left.
|
|t:|1750830619
|start
|switch|p1a: Incineroar|Incineroar, L50, F, shiny|100/100
|switch|p1b: Raging Bolt|Raging Bolt, L50|100/100
|switch|p2a: Smeargle|Smeargle, L50, M|100/100
|switch|p2b: Muk|Muk-Alola, L50, M|100/100
|-ability|p1a: Incineroar|Intimidate|boost
|-unboost|p2a: Smeargle|atk|1
|-unboost|p2b: Muk|atk|1
|turn|1
|
|t:|1750830635
|move|p2a: Smeargle|Fake Out|p1a: Incineroar
|-damage|p1a: Incineroar|96/100
|cant|p1a: Incineroar|flinch
|move|p1b: Raging Bolt|Volt Switch|p2b: Muk
|-damage|p2b: Muk|62/100
|
|t:|1750830641
|-end|p1b: Raging Bolt|Protosynthesis|[silent]
|switch|p1b: Koraidon|Koraidon, L50|100/100|[from] Volt Switch
|-weather|SunnyDay|[from] ability: Orichalcum Pulse|[of] p1b: Koraidon
|-activate|p1b: Koraidon|Orichalcum Pulse|[source]
|move|p2b: Muk|Minimize|p2b: Muk
|-boost|p2b: Muk|evasion|2
|
|-weather|SunnyDay|[upkeep]
|-heal|p2b: Muk|68/100|[from] item: Leftovers
|-ability|p2a: Smeargle|Moody|boost
|-boost|p2a: Smeargle|spa|2
|-unboost|p2a: Smeargle|spe|1
|upkeep
|turn|2
|
|t:|1750830652
|move|p2a: Smeargle|Follow Me|p2a: Smeargle
|-singleturn|p2a: Smeargle|move: Follow Me
|move|p1b: Koraidon|Collision Course|p2a: Smeargle
|-supereffective|p2a: Smeargle
|-enditem|p2a: Smeargle|Focus Sash
|-damage|p2a: Smeargle|1/100
|move|p2b: Muk|Minimize|p2b: Muk
|-boost|p2b: Muk|evasion|2
|move|p1a: Incineroar|Knock Off|p2a: Smeargle
|-damage|p2a: Smeargle|0 fnt
|faint|p2a: Smeargle
|-ability|p2b: Muk|Moody|[from] ability: Power of Alchemy|[of] p2a: Smeargle
|
|-weather|SunnyDay|[upkeep]
|-heal|p2b: Muk|75/100|[from] item: Leftovers
|-ability|p2b: Muk|Moody|boost
|-boost|p2b: Muk|atk|2
|-unboost|p2b: Muk|def|1
|upkeep
|inactive|QuagsireJelly has 30 seconds left.
|
|t:|1750830679
|switch|p2a: Calyrex|Calyrex-Ice, L50|100/100
|-ability|p2a: Calyrex|As One
|-ability|p2a: Calyrex|Unnerve
|turn|3
|
|t:|1750830696
|-terastallize|p1b: Koraidon|Fire
|move|p2a: Calyrex|Protect|p2a: Calyrex
|-singleturn|p2a: Calyrex|Protect
|move|p1b: Koraidon|Collision Course|p2b: Muk|[miss]
|-miss|p1b: Koraidon|p2b: Muk
|move|p2b: Muk|Minimize|p2b: Muk
|-boost|p2b: Muk|evasion|2
|move|p1a: Incineroar|Knock Off|p2a: Calyrex
|-activate|p2a: Calyrex|move: Protect
|
|-weather|SunnyDay|[upkeep]
|-heal|p2b: Muk|81/100|[from] item: Leftovers
|-ability|p2b: Muk|Moody|boost
|-boost|p2b: Muk|def|2
|-unboost|p2b: Muk|spe|1
|upkeep
|turn|4
|
|t:|1750830711
|move|p1b: Koraidon|Flare Blitz|p2a: Calyrex
|-supereffective|p2a: Calyrex
|-damage|p2a: Calyrex|0 fnt
|faint|p2a: Calyrex
|-damage|p1b: Koraidon|62/100|[from] Recoil
|move|p1a: Incineroar|Knock Off|p2b: Muk
|-resisted|p2b: Muk
|-damage|p2b: Muk|71/100
|-enditem|p2b: Muk|Leftovers|[from] move: Knock Off|[of] p1a: Incineroar
|move|p2b: Muk|Poison Jab|p1b: Koraidon
|-damage|p1b: Koraidon|26/100
|
|-weather|SunnyDay|[upkeep]
|-ability|p2b: Muk|Moody|boost
|-boost|p2b: Muk|spe|2
|-unboost|p2b: Muk|spd|1
|upkeep
|
|t:|1750830720
|switch|p2a: Flamigo|Flamigo, L50, F|100/100
|-copyboost|p2a: Flamigo|p2b: Muk|[from] ability: Costar
|turn|5
|
|t:|1750830733
|move|p2a: Flamigo|Liquidation|p1a: Incineroar
|-supereffective|p1a: Incineroar
|-damage|p1a: Incineroar|58/100
|move|p1b: Koraidon|Collision Course|p2b: Muk
|-damage|p2b: Muk|34/100
|move|p2b: Muk|Poison Jab|p1b: Koraidon
|-damage|p1b: Koraidon|0 fnt
|faint|p1b: Koraidon
|move|p1a: Incineroar|Parting Shot|p2a: Flamigo|[miss]
|-miss|p1a: Incineroar|p2a: Flamigo
|
|-weather|none
|-ability|p2b: Muk|Moody|boost
|-boost|p2b: Muk|spa|2
|-unboost|p2b: Muk|def|1
|upkeep
|
|t:|1750830742
|switch|p1b: Raging Bolt|Raging Bolt, L50|100/100
|turn|6
|
|t:|1750830753
|move|p2a: Flamigo|Liquidation|p1a: Incineroar
|-supereffective|p1a: Incineroar
|-damage|p1a: Incineroar|0 fnt
|faint|p1a: Incineroar
|move|p2b: Muk|Knock Off|p1b: Raging Bolt
|-damage|p1b: Raging Bolt|59/100
|-enditem|p1b: Raging Bolt|Assault Vest|[from] move: Knock Off|[of] p2b: Muk
|move|p1b: Raging Bolt|Volt Switch|p2a: Flamigo|[miss]
|-miss|p1b: Raging Bolt|p2a: Flamigo
|
|-ability|p2b: Muk|Moody|boost
|-boost|p2b: Muk|spa|2
|-unboost|p2b: Muk|atk|1
|upkeep
|
|t:|1750830762
|switch|p1a: Chi-Yu|Chi-Yu, L50|100/100
|-ability|p1a: Chi-Yu|Beads of Ruin
|turn|7
|
|t:|1750830773
|move|p1b: Raging Bolt|Thunderclap|p2a: Flamigo|[miss]
|-miss|p1b: Raging Bolt|p2a: Flamigo
|move|p1a: Chi-Yu|Heat Wave|p2b: Muk|[spread] 
|-miss|p1a: Chi-Yu|p2a: Flamigo
|-miss|p1a: Chi-Yu|p2b: Muk
|move|p2a: Flamigo|Liquidation|p1a: Chi-Yu
|-supereffective|p1a: Chi-Yu
|-damage|p1a: Chi-Yu|0 fnt
|faint|p1a: Chi-Yu
|move|p2b: Muk|Poison Jab|p1b: Raging Bolt
|-damage|p1b: Raging Bolt|33/100
|
|-ability|p2b: Muk|Moody|boost
|-boost|p2b: Muk|spd|2
|-unboost|p2b: Muk|atk|1
|upkeep
|turn|8
|
|t:|1750830787
|move|p1b: Raging Bolt|Thunderclap|p2a: Flamigo
|-supereffective|p2a: Flamigo
|-damage|p2a: Flamigo|0 fnt
|faint|p2a: Flamigo
|move|p2b: Muk|Poison Jab|p1b: Raging Bolt
|-damage|p1b: Raging Bolt|15/100
|-status|p1b: Raging Bolt|psn
|
|-damage|p1b: Raging Bolt|3/100 psn|[from] psn
|-ability|p2b: Muk|Moody|boost
|-boost|p2b: Muk|spe|2
|-unboost|p2b: Muk|atk|1
|upkeep
|turn|9
|
|t:|1750830794
|move|p2b: Muk|Protect|p2b: Muk
|-singleturn|p2b: Muk|Protect
|move|p1b: Raging Bolt|Draco Meteor|p2b: Muk
|-activate|p2b: Muk|move: Protect
|
|-damage|p1b: Raging Bolt|0 fnt|[from] psn
|faint|p1b: Raging Bolt
|-end|p1b: Raging Bolt|Protosynthesis|[silent]
|
|win|QuagsireJelly
|raw|SkinnyTieDye's rating: 1171 &rarr; <strong>1147</strong><br />(-24 for losing)
|raw|QuagsireJelly's rating: 1178 &rarr; <strong>1202</strong><br />(+24 for winning)
|l|‽SkinnyTieDye
|player|p1|
|l|☆QuagsireJelly
|player|p2|
