|j|☆blu3cr33p3r
|j|☆synchro2
|t:|1750816390
|gametype|doubles
|player|p1|blu3cr33p3r|bruno|1247
|player|p2|synchro2|iris-gen5bw2|1181
|teamsize|p1|6
|teamsize|p2|6
|gen|9
|tier|[Gen 9] VGC 2025 Reg I
|rated|
|rule|Species Clause: Limit one of each Pokémon
|rule|Item Clause: Limit 1 of each item
|clearpoke
|poke|p1|Lunala, L50|
|poke|p1|Ursaluna, L50, M|
|poke|p1|Urshifu-*, L50, F|
|poke|p1|Miraidon, L50|
|poke|p1|Grimmsnarl, L50, M|
|poke|p1|Incineroar, L50, F|
|poke|p2|Chi-Yu, L50|
|poke|p2|Whimsicott, L50, M|
|poke|p2|Lunala, L50|
|poke|p2|Miraidon, L50|
|poke|p2|Iron Hands, L50|
|poke|p2|Incineroar, L50, M|
|teampreview|4
|
|t:|1750816428
|start
|switch|p1a: Miraidon|Miraidon, L50|100/100
|switch|p1b: Grimmsnarl|Grimmsnarl, L50, M|100/100
|switch|p2a: Chi-Yu|Chi-Yu, L50|100/100
|switch|p2b: Miraidon|Miraidon, L50|100/100
|-ability|p2a: Chi-Yu|Beads of Ruin
|-fieldstart|move: Electric Terrain|[from] ability: Hadron Engine|[of] p2b: Miraidon
|-activate|p1a: Miraidon|ability: Hadron Engine
|turn|1
|
|t:|1750816471
|-terastallize|p2b: Miraidon|Fairy
|move|p1b: Grimmsnarl|Light Screen|p1b: Grimmsnarl
|-sidestart|p1: blu3cr33p3r|move: Light Screen
|move|p2a: Chi-Yu|Snarl|p1a: Miraidon|[spread] p1a,p1b
|-resisted|p1b: Grimmsnarl
|-damage|p1a: Miraidon|89/100
|-damage|p1b: Grimmsnarl|96/100
|-unboost|p1a: Miraidon|spa|1
|-unboost|p1b: Grimmsnarl|spa|1
|move|p2b: Miraidon|Dazzling Gleam|p1a: Miraidon|[spread] p1a,p1b
|-supereffective|p1a: Miraidon
|-supereffective|p1b: Grimmsnarl
|-damage|p1a: Miraidon|31/100
|-damage|p1b: Grimmsnarl|0 fnt
|faint|p1b: Grimmsnarl
|move|p1a: Miraidon|Electro Drift|p2a: Chi-Yu
|-damage|p2a: Chi-Yu|24/100
|
|upkeep
|
|t:|1750816496
|switch|p1b: Lunala|Lunala, L50|100/100
|-enditem|p1b: Lunala|Electric Seed
|-boost|p1b: Lunala|def|1|[from] item: Electric Seed
|turn|2
|
|t:|1750816540
|switch|p2b: Iron Hands|Iron Hands, L50|100/100
|-activate|p2b: Iron Hands|ability: Quark Drive
|-start|p2b: Iron Hands|quarkdriveatk
|-terastallize|p1b: Lunala|Fairy
|move|p2a: Chi-Yu|Snarl|p1b: Lunala|[spread] p1a,p1b
|-resisted|p1b: Lunala
|-damage|p1a: Miraidon|20/100
|-damage|p1b: Lunala|97/100
|-unboost|p1a: Miraidon|spa|1
|-unboost|p1b: Lunala|spa|1
|move|p1a: Miraidon|Electro Drift|p2a: Chi-Yu
|-damage|p2a: Chi-Yu|0 fnt
|faint|p2a: Chi-Yu
|move|p1b: Lunala|Moonblast|p2b: Iron Hands
|-supereffective|p2b: Iron Hands
|-damage|p2b: Iron Hands|55/100
|
|upkeep
|
|t:|1750816561
|switch|p2a: Miraidon|Miraidon, L50, tera:Fairy|100/100
|-activate|p2a: Miraidon|ability: Hadron Engine
|turn|3
|
|t:|1750816603
|switch|p1a: Ursaluna|Ursaluna, L50, M|100/100
|move|p2a: Miraidon|Dazzling Gleam|p1b: Lunala|[spread] p1a,p1b
|-damage|p1a: Ursaluna|66/100
|-damage|p1b: Lunala|68/100
|move|p1b: Lunala|Moonblast|p2b: Iron Hands
|-supereffective|p2b: Iron Hands
|-damage|p2b: Iron Hands|14/100
|move|p2b: Iron Hands|Supercell Slam|p1a: Ursaluna
|-immune|p1a: Ursaluna
|-damage|p2b: Iron Hands|0 fnt|[from] supercellslam
|faint|p2b: Iron Hands
|-end|p2b: Iron Hands|Quark Drive|[silent]
|
|-status|p1a: Ursaluna|brn|[from] item: Flame Orb
|upkeep
|
|t:|1750816611
|switch|p2b: Lunala|Lunala, L50|100/100
|turn|4
|inactive|Battle timer is ON: inactive players will automatically lose when time's up. (requested by blu3cr33p3r)
|
|t:|1750816661
|move|p2a: Miraidon|Dazzling Gleam|p1a: Ursaluna|[spread] p1a,p1b
|-damage|p1a: Ursaluna|31/100 brn
|-damage|p1b: Lunala|37/100
|move|p2b: Lunala|Meteor Beam||[still]
|-prepare|p2b: Lunala|Meteor Beam
|-boost|p2b: Lunala|spa|1
|-enditem|p2b: Lunala|Power Herb
|-anim|p2b: Lunala|Meteor Beam|p1b: Lunala
|-damage|p1b: Lunala|2/100
|move|p1b: Lunala|Moongeist Beam|p2b: Lunala
|-supereffective|p2b: Lunala
|-damage|p2b: Lunala|43/100
|move|p1a: Ursaluna|Facade|p2a: Miraidon
|-damage|p2a: Miraidon|0 fnt
|faint|p2a: Miraidon
|
|-damage|p1a: Ursaluna|25/100 brn|[from] brn
|upkeep
|turn|5
|-message|synchro2 forfeited.
|
|win|blu3cr33p3r
|raw|blu3cr33p3r's rating: 1247 &rarr; <strong>1267</strong><br />(+20 for winning)
|raw|synchro2's rating: 1181 &rarr; <strong>1161</strong><br />(-20 for losing)
|l|☆synchro2
|player|p2|
