|j|☆Domia22
|j|☆kmkmkmmk
|t:|1750746602
|gametype|doubles
|player|p1|Domia22|skyla|1361
|player|p2|kmkmkmmk|burglar|1254
|teamsize|p1|6
|teamsize|p2|6
|gen|9
|tier|[Gen 9] VGC 2025 Reg I
|rated|
|rule|Species Clause: Limit one of each Pokémon
|rule|Item Clause: Limit 1 of each item
|clearpoke
|poke|p1|Calyrex-Ice, L50|
|poke|p1|Lunala, L50|
|poke|p1|Indeedee-F, L50, F|
|poke|p1|Torkoal, L50, F|
|poke|p1|Annihilape, L50, M|
|poke|p1|Brute Bonnet, L50|
|poke|p2|Lugia, L50|
|poke|p2|Clodsire, L50, F|
|poke|p2|Iron Moth, L50|
|poke|p2|Calyrex-Ice, L50|
|poke|p2|Grimmsnarl, L50, M|
|poke|p2|Gastrodon, L50, M|
|teampreview|4
|
|t:|1750746644
|start
|switch|p1a: Calyrex|Calyrex-Ice, L50|100/100
|switch|p1b: Indeedee|Indeedee-F, L50, F|100/100
|switch|p2a: Gastrodon|Gastrodon, L50, M|100/100
|switch|p2b: Grimmsnarl|Grimmsnarl, L50, M|100/100
|-ability|p1a: Calyrex|As One
|-ability|p1a: Calyrex|Unnerve
|-fieldstart|move: Psychic Terrain|[from] ability: Psychic Surge|[of] p1b: Indeedee
|turn|1
|inactive|Battle timer is ON: inactive players will automatically lose when time's up. (requested by kmkmkmmk)
|inactive|Domia22 has 60 seconds left.
|
|t:|1750746692
|move|p2b: Grimmsnarl|Reflect|p2b: Grimmsnarl
|-sidestart|p2: kmkmkmmk|Reflect
|move|p2a: Gastrodon|Icy Wind|p1b: Indeedee|[spread] p1a,p1b
|-resisted|p1a: Calyrex
|-damage|p1a: Calyrex|97/100
|-damage|p1b: Indeedee|89/100
|-unboost|p1b: Indeedee|spe|1
|move|p1a: Calyrex|Glacial Lance|p2b: Grimmsnarl|[spread] p2a,p2b
|-damage|p2a: Gastrodon|67/100
|-damage|p2b: Grimmsnarl|56/100
|move|p1b: Indeedee|Trick Room|p1b: Indeedee
|-fieldstart|move: Trick Room|[of] p1b: Indeedee
|
|upkeep
|turn|2
|
|t:|1750746715
|move|p1b: Indeedee|Follow Me|p1b: Indeedee
|-singleturn|p1b: Indeedee|move: Follow Me
|move|p2b: Grimmsnarl|Parting Shot|p1b: Indeedee
|-activate|p1b: Indeedee|move: Psychic Terrain
|move|p1a: Calyrex|Glacial Lance|p2a: Gastrodon|[spread] p2a,p2b
|-damage|p2a: Gastrodon|34/100
|-damage|p2b: Grimmsnarl|14/100
|move|p2a: Gastrodon|Muddy Water|p1b: Indeedee|[spread] p1a,p1b
|-damage|p1a: Calyrex|82/100
|-damage|p1b: Indeedee|65/100
|
|upkeep
|turn|3
|
|t:|1750746733
|move|p1b: Indeedee|Helping Hand|p1a: Calyrex
|-singleturn|p1a: Calyrex|Helping Hand|[of] p1b: Indeedee
|move|p2b: Grimmsnarl|Light Screen|p2b: Grimmsnarl
|-sidestart|p2: kmkmkmmk|move: Light Screen
|move|p1a: Calyrex|Glacial Lance|p2a: Gastrodon|[spread] p2a,p2b
|-crit|p2b: Grimmsnarl
|-damage|p2a: Gastrodon|0 fnt
|-damage|p2b: Grimmsnarl|0 fnt
|faint|p2a: Gastrodon
|faint|p2b: Grimmsnarl
|-ability|p1a: Calyrex|Chilling Neigh|boost
|-boost|p1a: Calyrex|atk|2
|
|upkeep
|
|t:|1750746740
|switch|p2a: Clodsire|Clodsire, L50, F|100/100
|switch|p2b: Calyrex|Calyrex-Ice, L50|100/100
|-ability|p2b: Calyrex|As One
|-ability|p2b: Calyrex|Unnerve
|turn|4
|
|t:|1750746749
|-terastallize|p2b: Calyrex|Water
|move|p2a: Clodsire|Protect|p2a: Clodsire
|-singleturn|p2a: Clodsire|Protect
|move|p1b: Indeedee|Follow Me|p1b: Indeedee
|-singleturn|p1b: Indeedee|move: Follow Me
|move|p2b: Calyrex|Swords Dance|p2b: Calyrex
|-boost|p2b: Calyrex|atk|2
|move|p1a: Calyrex|Glacial Lance|p2b: Calyrex|[spread] p2b
|-activate|p2a: Clodsire|move: Protect
|-resisted|p2b: Calyrex
|-damage|p2b: Calyrex|80/100
|
|upkeep
|turn|5
|
|t:|1750746774
|move|p1b: Indeedee|Helping Hand|p1a: Calyrex
|-singleturn|p1a: Calyrex|Helping Hand|[of] p1b: Indeedee
|move|p2a: Clodsire|After You|p2b: Calyrex
|-activate|p2b: Calyrex|move: After You
|move|p2b: Calyrex|Glacial Lance|p1a: Calyrex|[spread] p1a,p1b
|-resisted|p1a: Calyrex
|-damage|p1a: Calyrex|51/100
|-damage|p1b: Indeedee|0 fnt
|faint|p1b: Indeedee
|-ability|p2b: Calyrex|Chilling Neigh|boost
|-boost|p2b: Calyrex|atk|1
|move|p1a: Calyrex|Close Combat|p2b: Calyrex
|-damage|p2b: Calyrex|19/100
|-unboost|p1a: Calyrex|def|1
|-unboost|p1a: Calyrex|spd|1
|
|-sideend|p2: kmkmkmmk|Reflect
|-fieldend|move: Trick Room
|-fieldend|move: Psychic Terrain
|upkeep
|
|t:|1750746789
|switch|p1b: Torkoal|Torkoal, L50, F|100/100
|-weather|SunnyDay|[from] ability: Drought|[of] p1b: Torkoal
|turn|6
|
|t:|1750746805
|move|p2a: Clodsire|Protect|p2a: Clodsire
|-singleturn|p2a: Clodsire|Protect
|move|p2b: Calyrex|Glacial Lance|p1a: Calyrex|[spread] p1a,p1b
|-resisted|p1a: Calyrex
|-resisted|p1b: Torkoal
|-damage|p1a: Calyrex|0 fnt
|-damage|p1b: Torkoal|47/100
|-enditem|p2b: Calyrex|Sitrus Berry|[eat]
|-heal|p2b: Calyrex|43/100|[from] item: Sitrus Berry
|faint|p1a: Calyrex
|-ability|p2b: Calyrex|Chilling Neigh|boost
|-boost|p2b: Calyrex|atk|1
|move|p1b: Torkoal|Eruption|p2a: Clodsire|[spread] p2b
|-activate|p2a: Clodsire|move: Protect
|-resisted|p2b: Calyrex
|-damage|p2b: Calyrex|32/100
|
|-weather|SunnyDay|[upkeep]
|upkeep
|
|t:|1750746820
|switch|p1a: Lunala|Lunala, L50|100/100
|turn|7
|
|t:|1750746834
|-terastallize|p1b: Torkoal|Fire
|move|p2b: Calyrex|Protect|p2b: Calyrex
|-singleturn|p2b: Calyrex|Protect
|move|p1a: Lunala|Wide Guard|p1a: Lunala
|-singleturn|p1a: Lunala|Wide Guard
|move|p2a: Clodsire|High Horsepower|p1b: Torkoal
|-supereffective|p1b: Torkoal
|-damage|p1b: Torkoal|8/100
|move|p1b: Torkoal|Eruption|p2b: Calyrex|[spread] p2a
|-activate|p2b: Calyrex|move: Protect
|-damage|p2a: Clodsire|95/100
|
|-weather|SunnyDay|[upkeep]
|-sideend|p2: kmkmkmmk|move: Light Screen
|upkeep
|turn|8
|
|t:|1750746858
|move|p2a: Clodsire|High Horsepower|p1a: Lunala
|-damage|p1a: Lunala|89/100
|move|p1b: Torkoal|Eruption|p2b: Calyrex|[spread] p2a,p2b
|-resisted|p2b: Calyrex
|-damage|p2a: Clodsire|87/100
|-damage|p2b: Calyrex|28/100
|move|p1a: Lunala|Trick Room|p1a: Lunala
|-fieldstart|move: Trick Room|[of] p1a: Lunala
|move|p2b: Calyrex|Trick Room|p2b: Calyrex
|-fieldend|move: Trick Room
|
|-weather|SunnyDay|[upkeep]
|-heal|p1a: Lunala|95/100|[from] item: Leftovers
|upkeep
|turn|9
|
|t:|1750746877
|move|p1a: Lunala|Expanding Force|p2b: Calyrex
|-damage|p2b: Calyrex|0 fnt
|faint|p2b: Calyrex
|move|p2a: Clodsire|High Horsepower|p1b: Torkoal
|-supereffective|p1b: Torkoal
|-damage|p1b: Torkoal|0 fnt
|faint|p1b: Torkoal
|
|-weather|SunnyDay|[upkeep]
|-heal|p1a: Lunala|100/100|[from] item: Leftovers
|upkeep
|turn|10
|
|t:|1750746888
|move|p1a: Lunala|Expanding Force|p2a: Clodsire
|-supereffective|p2a: Clodsire
|-damage|p2a: Clodsire|26/100
|move|p2a: Clodsire|Toxic|p1a: Lunala
|-status|p1a: Lunala|tox
|
|-weather|none
|-damage|p1a: Lunala|94/100 tox|[from] psn
|upkeep
|turn|11
|
|t:|1750746896
|move|p2a: Clodsire|Protect|p2a: Clodsire
|-singleturn|p2a: Clodsire|Protect
|move|p1a: Lunala|Expanding Force|p2a: Clodsire
|-activate|p2a: Clodsire|move: Protect
|
|-heal|p1a: Lunala|100/100 tox|[from] item: Leftovers
|-damage|p1a: Lunala|88/100 tox|[from] psn
|upkeep
|turn|12
|
|t:|1750746905
|move|p1a: Lunala|Expanding Force|p2a: Clodsire
|-supereffective|p2a: Clodsire
|-damage|p2a: Clodsire|0 fnt
|faint|p2a: Clodsire
|
|win|Domia22
|raw|Domia22's rating: 1361 &rarr; <strong>1375</strong><br />(+14 for winning)
|raw|kmkmkmmk's rating: 1254 &rarr; <strong>1236</strong><br />(-18 for losing)
|l|☆kmkmkmmk
|player|p2|
|l|☆Domia22
|player|p1|
