|j|☆spividi
|j|☆canon_tm
|t:|1750769785
|gametype|doubles
|player|p1|spividi|blackbelt-gen4dp|1588
|player|p2|canon_tm|265|1493
|teamsize|p1|6
|teamsize|p2|6
|gen|9
|tier|[Gen 9] VGC 2025 Reg I
|rated|
|rule|Species Clause: Limit one of each Pokémon
|rule|Item Clause: Limit 1 of each item
|clearpoke
|poke|p1|Regigigas, L50|
|poke|p1|Weezing-Galar, L50, M|
|poke|p1|Calyrex-Shadow, L50|
|poke|p1|Koraidon, L50|
|poke|p1|Raging Bolt, L50|
|poke|p1|Grimmsnarl, L50, M|
|poke|p2|Miraidon, L50|
|poke|p2|Calyrex-Ice, L50|
|poke|p2|Volcarona, L50, M|
|poke|p2|Grimmsnarl, L50, M|
|poke|p2|Ursaluna, L50, F|
|poke|p2|Ogerpon-Wellspring, L50, F|
|teampreview|4
|inactive|Battle timer is ON: inactive players will automatically lose when time's up. (requested by spividi)
|
|t:|1750769804
|start
|switch|p1a: Weezing|Weezing-Galar, L50, M|100/100
|switch|p1b: Regigigas|Regigigas, L50|100/100
|switch|p2a: Calyrex|Calyrex-Ice, L50|100/100
|switch|p2b: Grimmsnarl|Grimmsnarl, L50, M|100/100
|-ability|p1a: Weezing|Neutralizing Gas
|-ability|p2a: Calyrex|As One
|-ability|p2a: Calyrex|Unnerve
|turn|1
|
|t:|1750769818
|move|p2b: Grimmsnarl|Fake Out|p1a: Weezing
|-damage|p1a: Weezing|91/100
|move|p1b: Regigigas|Knock Off|p2a: Calyrex
|-supereffective|p2a: Calyrex
|-damage|p2a: Calyrex|33/100
|-enditem|p2a: Calyrex|Clear Amulet|[from] move: Knock Off|[of] p1b: Regigigas
|-damage|p1b: Regigigas|90/100|[from] item: Life Orb
|cant|p1a: Weezing|flinch
|move|p2a: Calyrex|Trick Room|p2a: Calyrex
|-fieldstart|move: Trick Room|[of] p2a: Calyrex
|
|upkeep
|turn|2
|inactive|spividi has 30 seconds left.
|inactive|spividi has 20 seconds left.
|inactive|spividi has 15 seconds left.
|inactive|spividi has 10 seconds left.
|
|t:|1750769864
|move|p1a: Weezing|Protect|p1a: Weezing
|-singleturn|p1a: Weezing|Protect
|move|p2a: Calyrex|Glacial Lance|p1b: Regigigas|[spread] p1b
|-activate|p1a: Weezing|move: Protect
|-damage|p1b: Regigigas|48/100
|move|p2b: Grimmsnarl|Foul Play|p1b: Regigigas
|-damage|p1b: Regigigas|0 fnt
|faint|p1b: Regigigas
|-end|p1b: Regigigas|Slow Start|[silent]
|
|upkeep
|
|t:|1750769877
|switch|p1b: Koraidon|Koraidon, L50|100/100
|-weather|SunnyDay|[from] ability: Orichalcum Pulse|[of] p1b: Koraidon
|-activate|p1b: Koraidon|Orichalcum Pulse|[source]
|turn|3
|
|t:|1750769906
|move|p1b: Koraidon|Protect|p1b: Koraidon
|-singleturn|p1b: Koraidon|Protect
|move|p2a: Calyrex|Glacial Lance|p1b: Koraidon|[spread] p1a
|-activate|p1b: Koraidon|move: Protect
|-damage|p1a: Weezing|31/100
|move|p1a: Weezing|Sludge Bomb|p2a: Calyrex
|-damage|p2a: Calyrex|13/100
|move|p2b: Grimmsnarl|Reflect|p2b: Grimmsnarl
|-sidestart|p2: canon_tm|Reflect
|
|-weather|SunnyDay|[upkeep]
|upkeep
|turn|4
|
|t:|1750769923
|-terastallize|p1b: Koraidon|Fire
|move|p1a: Weezing|Protect|p1a: Weezing
|-singleturn|p1a: Weezing|Protect
|move|p2a: Calyrex|Glacial Lance|p1b: Koraidon|[spread] p1b
|-activate|p1a: Weezing|move: Protect
|-resisted|p1b: Koraidon
|-damage|p1b: Koraidon|74/100
|move|p2b: Grimmsnarl|Foul Play|p1b: Koraidon
|-damage|p1b: Koraidon|28/100
|move|p1b: Koraidon|Collision Course|p2a: Calyrex
|-crit|p2a: Calyrex
|-damage|p2a: Calyrex|0 fnt
|-enditem|p1a: Weezing|Sitrus Berry|[eat]
|-heal|p1a: Weezing|56/100|[from] item: Sitrus Berry
|faint|p2a: Calyrex
|
|-weather|SunnyDay|[upkeep]
|upkeep
|
|t:|1750769947
|switch|p2a: Ursaluna|Ursaluna, L50, F|100/100
|turn|5
|
|t:|1750769966
|move|p1b: Koraidon|Protect|p1b: Koraidon
|-singleturn|p1b: Koraidon|Protect
|move|p2a: Ursaluna|Earthquake|p1b: Koraidon|[spread] p2b,p1a
|-activate|p1b: Koraidon|move: Protect
|-supereffective|p1a: Weezing
|-damage|p2b: Grimmsnarl|68/100
|-damage|p1a: Weezing|0 fnt
|faint|p1a: Weezing
|-end|p1a: Weezing|ability: Neutralizing Gas
|move|p2b: Grimmsnarl|Light Screen|p2b: Grimmsnarl
|-sidestart|p2: canon_tm|move: Light Screen
|
|-weather|SunnyDay|[upkeep]
|-fieldend|move: Trick Room
|-status|p2a: Ursaluna|brn|[from] item: Flame Orb
|upkeep
|
|t:|1750769970
|switch|p1a: Calyrex|Calyrex-Shadow, L50|100/100
|-ability|p1a: Calyrex|As One
|-ability|p1a: Calyrex|Unnerve
|turn|6
|
|t:|1750769989
|move|p1a: Calyrex|Astral Barrage|p2a: Ursaluna|[spread] p2b
|-immune|p2a: Ursaluna
|-resisted|p2b: Grimmsnarl
|-damage|p2b: Grimmsnarl|52/100
|move|p1b: Koraidon|Collision Course|p2a: Ursaluna
|-supereffective|p2a: Ursaluna
|-damage|p2a: Ursaluna|0 fnt
|faint|p2a: Ursaluna
|move|p2b: Grimmsnarl|Foul Play|p1b: Koraidon
|-crit|p1b: Koraidon
|-damage|p1b: Koraidon|0 fnt
|faint|p1b: Koraidon
|
|-weather|SunnyDay|[upkeep]
|upkeep
|
|t:|1750770001
|switch|p2a: Miraidon|Miraidon, L50|100/100
|-fieldstart|move: Electric Terrain|[from] ability: Hadron Engine|[of] p2a: Miraidon
|turn|7
|-message|spividi forfeited.
|
|win|canon_tm
|raw|spividi's rating: 1588 &rarr; <strong>1563</strong><br />(-25 for losing)
|raw|canon_tm's rating: 1493 &rarr; <strong>1518</strong><br />(+25 for winning)
|l|☆spividi
|player|p1|
|l|☆canon_tm
|player|p2|
|j| Wenpachi
|l| Wenpachi
