|j|☆Ahokozo
|j|☆bullybutt
|t:|1750743770
|gametype|doubles
|player|p1|Ahokozo|dawn|1164
|player|p2|bullybutt|265|1110
|teamsize|p1|6
|teamsize|p2|6
|gen|9
|tier|[Gen 9] VGC 2025 Reg I
|rated|
|rule|Species Clause: Limit one of each Pokémon
|rule|Item Clause: Limit 1 of each item
|clearpoke
|poke|p1|Indeedee-F, L50, F|
|poke|p1|Gardevoir, L50, F|
|poke|p1|Gallade, L50, M|
|poke|p1|Oranguru, L50, F|
|poke|p1|Necrozma-Dawn-Wings, L50|
|poke|p1|Calyrex-Ice, L50|
|poke|p2|Lunala, L50|
|poke|p2|Indeedee-F, L50, F|
|poke|p2|Rillaboom, L50, M|
|poke|p2|Chi-Yu, L50|
|poke|p2|Calyrex-Shadow, L50|
|poke|p2|Urshifu-*, L50, F|
|teampreview|4
|inactive|Battle timer is ON: inactive players will automatically lose when time's up. (requested by Ahokozo)
|
|t:|1750743794
|start
|switch|p1a: Indeedee|Indeedee-F, L50, F, shiny|100/100
|switch|p1b: Calyrex|Calyrex-Ice, L50|100/100
|switch|p2a: Chi-Yu|Chi-Yu, L50|100/100
|switch|p2b: Rillaboom|Rillaboom, L50, M|100/100
|-ability|p1b: Calyrex|As One
|-ability|p1b: Calyrex|Unnerve
|-ability|p2a: Chi-Yu|Beads of Ruin
|-fieldstart|move: Grassy Terrain|[from] ability: Grassy Surge|[of] p2b: Rillaboom
|-fieldstart|move: Psychic Terrain|[from] ability: Psychic Surge|[of] p1a: Indeedee
|turn|1
|inactive|bullybutt has 30 seconds left.
|
|t:|1750743823
|switch|p2b: Urshifu|Urshifu-Rapid-Strike, L50, F|100/100
|switch|p1b: Gardevoir|Gardevoir, L50, F, shiny|100/100
|-ability|p1b: Gardevoir|Beads of Ruin
|-ability|p1b: Gardevoir|Beads of Ruin|[from] ability: Trace|[of] p2a: Chi-Yu
|move|p2a: Chi-Yu|Heat Wave|p1a: Indeedee|[spread] p1b
|-miss|p2a: Chi-Yu|p1a: Indeedee
|-damage|p1b: Gardevoir|66/100
|move|p1a: Indeedee|Trick Room|p1a: Indeedee
|-fieldstart|move: Trick Room|[of] p1a: Indeedee
|
|upkeep
|turn|2
|inactive|Ahokozo has 30 seconds left.
|inactive|Ahokozo has 20 seconds left.
|inactive|Ahokozo has 15 seconds left.
|inactive|Ahokozo has 10 seconds left.
|inactive|Ahokozo has 5 seconds left.
|
|t:|1750743878
|move|p1b: Gardevoir|Dazzling Gleam|p2b: Urshifu|[spread] p2a,p2b
|-supereffective|p2b: Urshifu
|-damage|p2a: Chi-Yu|47/100
|-damage|p2b: Urshifu|0 fnt
|faint|p2b: Urshifu
|-damage|p1b: Gardevoir|56/100|[from] item: Life Orb
|move|p1a: Indeedee|Alluring Voice|p2a: Chi-Yu
|-damage|p2a: Chi-Yu|28/100
|move|p2a: Chi-Yu|Heat Wave|p1a: Indeedee|[spread] p1a,p1b
|-damage|p1a: Indeedee|52/100
|-damage|p1b: Gardevoir|21/100
|
|upkeep
|
|t:|1750743890
|switch|p2b: Calyrex|Calyrex-Shadow, L50|100/100
|-ability|p2b: Calyrex|As One
|-ability|p2b: Calyrex|Unnerve
|turn|3
|
|t:|1750743904
|move|p1a: Indeedee|Helping Hand|p1b: Gardevoir
|-singleturn|p1b: Gardevoir|Helping Hand|[of] p1a: Indeedee
|move|p1b: Gardevoir|Dazzling Gleam|p2a: Chi-Yu|[spread] p2a,p2b
|-damage|p2a: Chi-Yu|0 fnt
|-damage|p2b: Calyrex|19/100
|faint|p2a: Chi-Yu
|-damage|p1b: Gardevoir|11/100|[from] item: Life Orb
|move|p2b: Calyrex|Astral Barrage|p1a: Indeedee|[spread] p1b
|-immune|p1a: Indeedee
|-supereffective|p1b: Gardevoir
|-damage|p1b: Gardevoir|0 fnt
|faint|p1b: Gardevoir
|-ability|p2b: Calyrex|Grim Neigh|boost
|-boost|p2b: Calyrex|spa|1
|
|upkeep
|
|t:|1750743919
|switch|p1b: Calyrex|Calyrex-Ice, L50|100/100
|switch|p2a: Rillaboom|Rillaboom, L50, M|100/100
|-ability|p1b: Calyrex|As One
|-ability|p1b: Calyrex|Unnerve
|-fieldstart|move: Grassy Terrain|[from] ability: Grassy Surge|[of] p2a: Rillaboom
|turn|4
|
|t:|1750743939
|-terastallize|p1b: Calyrex|Normal
|move|p2b: Calyrex|Protect|p2b: Calyrex
|-singleturn|p2b: Calyrex|Protect
|move|p1b: Calyrex|Glacial Lance|p2a: Rillaboom|[spread] p2a
|-activate|p2b: Calyrex|move: Protect
|-supereffective|p2a: Rillaboom
|-crit|p2a: Rillaboom
|-damage|p2a: Rillaboom|0 fnt
|faint|p2a: Rillaboom
|-ability|p1b: Calyrex|Chilling Neigh|boost
|-boost|p1b: Calyrex|atk|1
|move|p1a: Indeedee|Alluring Voice|p2b: Calyrex
|-activate|p2b: Calyrex|move: Protect
|
|-heal|p1a: Indeedee|59/100|[from] Grassy Terrain
|-heal|p2b: Calyrex|25/100|[from] Grassy Terrain
|upkeep
|turn|5
|
|t:|1750743954
|move|p1a: Indeedee|Helping Hand|p1b: Calyrex
|-singleturn|p1b: Calyrex|Helping Hand|[of] p1a: Indeedee
|move|p2b: Calyrex|Protect||[still]
|-fail|p2b: Calyrex
|move|p1b: Calyrex|High Horsepower|p2b: Calyrex
|-damage|p2b: Calyrex|0 fnt
|faint|p2b: Calyrex
|
|win|Ahokozo
|raw|Ahokozo's rating: 1164 &rarr; <strong>1185</strong><br />(+21 for winning)
|raw|bullybutt's rating: 1110 &rarr; <strong>1089</strong><br />(-21 for losing)
|l|☆bullybutt
|player|p2|
|l|☆Ahokozo
|player|p1|
