|j|☆dhiaruga101
|j|☆MorrisPXG456
|t:|1750835480
|gametype|doubles
|player|p1|dhiaruga101|cynthia-gen4|1613
|player|p2|MorrisPXG456|colress|1527
|teamsize|p1|6
|teamsize|p2|6
|gen|9
|tier|[Gen 9] VGC 2025 Reg I
|rated|
|rule|Species Clause: Limit one of each Pokémon
|rule|Item Clause: Limit 1 of each item
|clearpoke
|poke|p1|Miraidon, L50|
|poke|p1|Calyrex-Ice, L50|
|poke|p1|Grimmsnarl, L50, M|
|poke|p1|Incineroar, L50, F|
|poke|p1|Landorus, L50, M|
|poke|p1|Urshifu-*, L50, F|
|poke|p2|Miraidon, L50|
|poke|p2|Kyogre, L50|
|poke|p2|Tornadus, L50, M|
|poke|p2|Urshifu-*, L50, F|
|poke|p2|Landorus, L50, M|
|poke|p2|Grimmsnarl, L50, M|
|teampreview|4
|inactive|Battle timer is ON: inactive players will automatically lose when time's up. (requested by dhiaruga101)
|
|t:|1750835507
|start
|switch|p1a: Grimmsnarl|Grimmsnarl, L50, M, shiny|100/100
|switch|p1b: Calyrex|Calyrex-Ice, L50|100/100
|switch|p2a: Aventurine|Grimmsnarl, L50, M|100/100
|switch|p2b: Azure Dragon|Miraidon, L50|100/100
|-ability|p1b: Calyrex|As One
|-ability|p1b: Calyrex|Unnerve
|-fieldstart|move: Electric Terrain|[from] ability: Hadron Engine|[of] p2b: Azure Dragon
|turn|1
|
|t:|1750835522
|-terastallize|p2b: Azure Dragon|Fairy
|move|p1b: Calyrex|Protect|p1b: Calyrex
|-singleturn|p1b: Calyrex|Protect
|move|p1a: Grimmsnarl|Light Screen|p1a: Grimmsnarl
|-sidestart|p1: dhiaruga101|move: Light Screen
|move|p2a: Aventurine|Reflect|p2a: Aventurine
|-sidestart|p2: MorrisPXG456|Reflect
|move|p2b: Azure Dragon|Electro Drift|p1a: Grimmsnarl
|-damage|p1a: Grimmsnarl|0 fnt
|faint|p1a: Grimmsnarl
|
|upkeep
|
|t:|1750835536
|switch|p1a: Miraidon|Miraidon, L50|100/100
|-activate|p1a: Miraidon|ability: Hadron Engine
|turn|2
|
|t:|1750835552
|move|p2a: Aventurine|Light Screen|p2a: Aventurine
|-sidestart|p2: MorrisPXG456|move: Light Screen
|move|p2b: Azure Dragon|Electro Drift|p1b: Calyrex
|-damage|p1b: Calyrex|42/100
|move|p1a: Miraidon|Electro Drift|p2b: Azure Dragon
|-damage|p2b: Azure Dragon|18/100
|move|p1b: Calyrex|Leech Seed|p2a: Aventurine
|-start|p2a: Aventurine|move: Leech Seed
|
|-heal|p1b: Calyrex|47/100|[from] item: Leftovers
|-damage|p2a: Aventurine|88/100|[from] Leech Seed|[of] p1b: Calyrex
|-heal|p1b: Calyrex|58/100|[silent]
|upkeep
|turn|3
|
|t:|1750835571
|switch|p2b: Kasandra|Urshifu-Rapid-Strike, L50, F|100/100
|move|p1b: Calyrex|Protect|p1b: Calyrex
|-singleturn|p1b: Calyrex|Protect
|move|p1a: Miraidon|Electro Drift|p2b: Kasandra
|-supereffective|p2b: Kasandra
|-damage|p2b: Kasandra|0 fnt
|faint|p2b: Kasandra
|move|p2a: Aventurine|Foul Play|p1b: Calyrex
|-activate|p1b: Calyrex|move: Protect
|
|-heal|p1b: Calyrex|64/100|[from] item: Leftovers
|-damage|p2a: Aventurine|76/100|[from] Leech Seed|[of] p1b: Calyrex
|-heal|p1b: Calyrex|75/100|[silent]
|upkeep
|
|t:|1750835576
|switch|p2b: Azure Dragon|Miraidon, L50, tera:Fairy|18/100
|-activate|p2b: Azure Dragon|ability: Hadron Engine
|turn|4
|
|t:|1750835601
|switch|p1b: Urshifu|Urshifu-Rapid-Strike, L50, F|100/100
|-terastallize|p1a: Miraidon|Fairy
|move|p2b: Azure Dragon|Dazzling Gleam|p1b: Urshifu|[spread] p1a,p1b
|-supereffective|p1b: Urshifu
|-damage|p1a: Miraidon|69/100
|-damage|p1b: Urshifu|0 fnt
|faint|p1b: Urshifu
|move|p1a: Miraidon|Electro Drift|p2b: Azure Dragon
|-damage|p2b: Azure Dragon|0 fnt
|faint|p2b: Azure Dragon
|move|p2a: Aventurine|Foul Play|p1a: Miraidon
|-resisted|p1a: Miraidon
|-damage|p1a: Miraidon|58/100
|
|upkeep
|
|t:|1750835616
|switch|p2b: feedtheorca|Kyogre, L50|100/100
|switch|p1b: Calyrex|Calyrex-Ice, L50|75/100
|-ability|p1b: Calyrex|As One
|-ability|p1b: Calyrex|Unnerve
|-weather|RainDance|[from] ability: Drizzle|[of] p2b: feedtheorca
|turn|5
|
|t:|1750835627
|move|p2a: Aventurine|Thunder Wave|p1a: Miraidon
|-status|p1a: Miraidon|par
|move|p2b: feedtheorca|Water Spout|p1a: Miraidon|[spread] p1a,p1b
|-crit|p1a: Miraidon
|-damage|p1a: Miraidon|0 fnt
|-damage|p1b: Calyrex|26/100
|faint|p1a: Miraidon
|move|p1b: Calyrex|Glacial Lance|p2a: Aventurine|[spread] p2a,p2b
|-resisted|p2b: feedtheorca
|-damage|p2a: Aventurine|45/100
|-damage|p2b: feedtheorca|87/100
|
|-weather|RainDance|[upkeep]
|-heal|p1b: Calyrex|32/100|[from] item: Leftovers
|-damage|p2a: Aventurine|33/100|[from] Leech Seed|[of] p1b: Calyrex
|-heal|p1b: Calyrex|43/100|[silent]
|-fieldend|move: Electric Terrain
|upkeep
|turn|6
|
|t:|1750835638
|move|p1b: Calyrex|Protect|p1b: Calyrex
|-singleturn|p1b: Calyrex|Protect
|move|p2b: feedtheorca|Water Spout|p1b: Calyrex
|-activate|p1b: Calyrex|move: Protect
|move|p2a: Aventurine|Foul Play|p1b: Calyrex
|-activate|p1b: Calyrex|move: Protect
|
|-weather|RainDance|[upkeep]
|-heal|p1b: Calyrex|49/100|[from] item: Leftovers
|-damage|p2a: Aventurine|20/100|[from] Leech Seed|[of] p1b: Calyrex
|-heal|p1b: Calyrex|60/100|[silent]
|upkeep
|turn|7
|
|t:|1750835647
|move|p2b: feedtheorca|Water Spout|p1b: Calyrex
|-damage|p1b: Calyrex|0 fnt
|faint|p1b: Calyrex
|
|win|MorrisPXG456
|raw|dhiaruga101's rating: 1613 &rarr; <strong>1588</strong><br />(-25 for losing)
|raw|MorrisPXG456's rating: 1527 &rarr; <strong>1552</strong><br />(+25 for winning)
|l|☆dhiaruga101
|player|p1|
