|j|☆azzazzl
|j|☆sicknessuntodeath
|t:|1750831661
|gametype|doubles
|player|p1|azzazzl|dawn|1509
|player|p2|sicknessuntodeath|steven|1494
|teamsize|p1|6
|teamsize|p2|6
|gen|9
|tier|[Gen 9] VGC 2025 Reg I
|rated|
|rule|Species Clause: Limit one of each Pokémon
|rule|Item Clause: Limit 1 of each item
|clearpoke
|poke|p1|Calyrex-Ice, L50|
|poke|p1|Kyogre, L50|
|poke|p1|Brute Bonnet, L50|
|poke|p1|Indeedee-F, L50, F|
|poke|p1|Gallade, L50, M|
|poke|p1|Ursaluna, L50, M|
|poke|p2|Clefairy, L50, F|
|poke|p2|Rillaboom, L50, M|
|poke|p2|Calyrex-Shadow, L50|
|poke|p2|Zamazenta-*, L50|
|poke|p2|Urshifu-*, L50, F|
|poke|p2|Amoonguss, L50, M|
|teampreview|4
|
|t:|1750831686
|start
|switch|p1a: Calyrex|Calyrex-Ice, L50|100/100
|switch|p1b: Indeedee|Indeedee-F, L50, F|100/100
|switch|p2a: Zamazenta|Zamazenta-Crowned, L50|100/100
|switch|p2b: Calyrex|Calyrex-Shadow, L50|100/100
|-ability|p2b: Calyrex|As One
|-ability|p2b: Calyrex|Unnerve
|-ability|p1a: Calyrex|As One
|-ability|p1a: Calyrex|Unnerve
|-ability|p2a: Zamazenta|Dauntless Shield|boost
|-boost|p2a: Zamazenta|def|1
|-fieldstart|move: Psychic Terrain|[from] ability: Psychic Surge|[of] p1b: Indeedee
|turn|1
|inactive|Battle timer is ON: inactive players will automatically lose when time's up. (requested by sicknessuntodeath)
|
|t:|1750831704
|-terastallize|p1a: Calyrex|Dragon
|move|p1b: Indeedee|Follow Me|p1b: Indeedee
|-singleturn|p1b: Indeedee|move: Follow Me
|move|p2b: Calyrex|Calm Mind|p2b: Calyrex
|-boost|p2b: Calyrex|spa|1
|-boost|p2b: Calyrex|spd|1
|move|p2a: Zamazenta|Iron Defense|p2a: Zamazenta
|-boost|p2a: Zamazenta|def|2
|move|p1a: Calyrex|Trick Room|p1a: Calyrex
|-fieldstart|move: Trick Room|[of] p1a: Calyrex
|
|upkeep
|turn|2
|
|t:|1750831725
|move|p2b: Calyrex|Protect|p2b: Calyrex
|-singleturn|p2b: Calyrex|Protect
|move|p1b: Indeedee|Follow Me|p1b: Indeedee
|-singleturn|p1b: Indeedee|move: Follow Me
|move|p1a: Calyrex|High Horsepower|p2b: Calyrex
|-activate|p2b: Calyrex|move: Protect
|move|p2a: Zamazenta|Body Press|p1b: Indeedee
|-damage|p1b: Indeedee|0 fnt
|faint|p1b: Indeedee
|
|upkeep
|
|t:|1750831735
|switch|p1b: Gallade|Gallade, L50, M|100/100
|turn|3
|inactive|azzazzl has 30 seconds left.
|
|t:|1750831761
|-terastallize|p2b: Calyrex|Fairy
|move|p2a: Zamazenta|Wide Guard|p2a: Zamazenta
|-singleturn|p2a: Zamazenta|Wide Guard
|move|p1a: Calyrex|High Horsepower|p2b: Calyrex
|-damage|p2b: Calyrex|54/100
|move|p1b: Gallade|Sacred Sword|p2a: Zamazenta
|-supereffective|p2a: Zamazenta
|-damage|p2a: Zamazenta|0 fnt
|faint|p2a: Zamazenta
|-damage|p1b: Gallade|91/100|[from] item: Life Orb
|move|p2b: Calyrex|Astral Barrage|p1a: Calyrex|[spread] p1a,p1b
|-supereffective|p1b: Gallade
|-damage|p1a: Calyrex|51/100
|-damage|p1b: Gallade|0 fnt
|faint|p1b: Gallade
|-ability|p2b: Calyrex|Grim Neigh|boost
|-boost|p2b: Calyrex|spa|1
|
|upkeep
|
|t:|1750831778
|switch|p1b: Brute Bonnet|Brute Bonnet, L50|100/100
|switch|p2a: Rillaboom|Rillaboom, L50, M|100/100
|-fieldstart|move: Grassy Terrain|[from] ability: Grassy Surge|[of] p2a: Rillaboom
|-enditem|p2b: Calyrex|Grassy Seed
|-boost|p2b: Calyrex|def|1|[from] item: Grassy Seed
|-enditem|p1b: Brute Bonnet|Booster Energy
|-activate|p1b: Brute Bonnet|ability: Protosynthesis|[fromitem]
|-start|p1b: Brute Bonnet|protosynthesisatk
|turn|4
|
|t:|1750831793
|move|p2b: Calyrex|Protect|p2b: Calyrex
|-singleturn|p2b: Calyrex|Protect
|move|p2a: Rillaboom|Fake Out|p1a: Calyrex
|-damage|p1a: Calyrex|43/100
|cant|p1a: Calyrex|flinch
|move|p1b: Brute Bonnet|Seed Bomb|p2b: Calyrex
|-activate|p2b: Calyrex|move: Protect
|
|-heal|p1a: Calyrex|49/100|[from] Grassy Terrain
|-heal|p2b: Calyrex|60/100|[from] Grassy Terrain
|upkeep
|turn|5
|
|t:|1750831809
|switch|p2a: Urshifu|Urshifu-Rapid-Strike, L50, F|100/100
|move|p1a: Calyrex|Glacial Lance|p2b: Calyrex|[spread] p2a,p2b
|-resisted|p2a: Urshifu
|-damage|p2a: Urshifu|69/100
|-damage|p2b: Calyrex|16/100
|move|p1b: Brute Bonnet|Seed Bomb|p2b: Calyrex
|-damage|p2b: Calyrex|0 fnt
|faint|p2b: Calyrex
|
|-heal|p1a: Calyrex|55/100|[from] Grassy Terrain
|-heal|p2a: Urshifu|75/100|[from] Grassy Terrain
|-fieldend|move: Trick Room
|upkeep
|
|t:|1750831817
|switch|p2b: Rillaboom|Rillaboom, L50, M|100/100
|turn|6
|
|t:|1750831831
|move|p2b: Rillaboom|Fake Out|p1a: Calyrex
|-damage|p1a: Calyrex|46/100
|move|p2a: Urshifu|Close Combat|p1a: Calyrex
|-damage|p1a: Calyrex|5/100
|-unboost|p2a: Urshifu|def|1
|-unboost|p2a: Urshifu|spd|1
|move|p1b: Brute Bonnet|Spore|p2a: Urshifu
|-status|p2a: Urshifu|slp|[from] move: Spore
|cant|p1a: Calyrex|flinch
|
|-heal|p2a: Urshifu|81/100 slp|[from] Grassy Terrain
|-heal|p1a: Calyrex|11/100|[from] Grassy Terrain
|upkeep
|turn|7
|
|t:|1750831852
|cant|p2a: Urshifu|slp
|move|p2b: Rillaboom|Drum Beating|p1a: Calyrex
|-resisted|p1a: Calyrex
|-damage|p1a: Calyrex|0 fnt
|faint|p1a: Calyrex
|move|p1b: Brute Bonnet|Seed Bomb|p2a: Urshifu
|-supereffective|p2a: Urshifu
|-damage|p2a: Urshifu|0 fnt
|faint|p2a: Urshifu
|
|upkeep
|turn|8
|
|t:|1750831863
|move|p2b: Rillaboom|U-turn|p1b: Brute Bonnet
|-supereffective|p1b: Brute Bonnet
|-damage|p1b: Brute Bonnet|27/100
|move|p1b: Brute Bonnet|Crunch|p2b: Rillaboom
|-damage|p2b: Rillaboom|41/100
|
|-heal|p2b: Rillaboom|47/100|[from] Grassy Terrain
|-heal|p1b: Brute Bonnet|33/100|[from] Grassy Terrain
|-fieldend|move: Grassy Terrain
|upkeep
|turn|9
|
|t:|1750831872
|move|p2b: Rillaboom|U-turn|p1b: Brute Bonnet
|-supereffective|p1b: Brute Bonnet
|-damage|p1b: Brute Bonnet|0 fnt
|faint|p1b: Brute Bonnet
|-end|p1b: Brute Bonnet|Protosynthesis|[silent]
|
|win|sicknessuntodeath
|raw|azzazzl's rating: 1509 &rarr; <strong>1488</strong><br />(-21 for losing)
|raw|sicknessuntodeath's rating: 1494 &rarr; <strong>1515</strong><br />(+21 for winning)
|l|☆sicknessuntodeath
|player|p2|
|l|☆azzazzl
|player|p1|
