|j|☆Dam1en137
|j|☆phatyoloswag
|t:|1750844223
|gametype|doubles
|player|p1|Dam1en137|169|1154
|player|p2|phatyoloswag|102|1172
|teamsize|p1|6
|teamsize|p2|6
|gen|9
|tier|[Gen 9] VGC 2025 Reg I
|rated|
|rule|Species Clause: Limit one of each Pokémon
|rule|Item Clause: Limit 1 of each item
|clearpoke
|poke|p1|Ting-Lu, L50|
|poke|p1|Calyrex-Ice, L50|
|poke|p1|Lunala, L50|
|poke|p1|Incineroar, L50, M|
|poke|p1|Sentret, L50, F|
|poke|p1|Gallade, L50, M|
|poke|p2|Koraidon, L50|
|poke|p2|Miraidon, L50|
|poke|p2|Volcarona, L50, M|
|poke|p2|Sceptile, L50, F|
|poke|p2|Iron Treads, L50|
|poke|p2|Rabsca, L50, F|
|teampreview|4
|inactive|Battle timer is ON: inactive players will automatically lose when time's up. (requested by phatyoloswag)
|inactive|Dam1en137 has 60 seconds left.
|inactive|phatyoloswag has 60 seconds left.
|
|t:|1750844264
|start
|switch|p1a: Lunala|Lunala, L50|100/100
|switch|p1b: Incineroar|Incineroar, L50, M|100/100
|switch|p2a: Sceptile|Sceptile, L50, F|100/100
|switch|p2b: Miraidon|Miraidon, L50|100/100
|-fieldstart|move: Electric Terrain|[from] ability: Hadron Engine|[of] p2b: Miraidon
|-enditem|p2a: Sceptile|Electric Seed
|-boost|p2a: Sceptile|def|1|[from] item: Electric Seed
|-ability|p1b: Incineroar|Intimidate|boost
|-unboost|p2a: Sceptile|atk|1
|-unboost|p2b: Miraidon|atk|1
|turn|1
|
|t:|1750844284
|move|p2a: Sceptile|Quick Guard|p2a: Sceptile
|-singleturn|p2a: Sceptile|Quick Guard
|move|p1b: Incineroar|Fake Out|p2b: Miraidon
|-activate|p2b: Miraidon|move: Quick Guard
|move|p2b: Miraidon|Calm Mind|p2b: Miraidon
|-boost|p2b: Miraidon|spa|1
|-boost|p2b: Miraidon|spd|1
|move|p1a: Lunala|Trick Room|p1a: Lunala
|-fieldstart|move: Trick Room|[of] p1a: Lunala
|
|upkeep
|turn|2
|
|t:|1750844307
|move|p1b: Incineroar|Knock Off|p2b: Miraidon
|-damage|p2b: Miraidon|54/100
|-enditem|p2b: Miraidon|Leftovers|[from] move: Knock Off|[of] p1b: Incineroar
|move|p1a: Lunala|Moonblast|p2b: Miraidon
|-supereffective|p2b: Miraidon
|-damage|p2b: Miraidon|17/100
|-unboost|p2b: Miraidon|spa|1
|move|p2b: Miraidon|Electro Drift|p1a: Lunala
|-damage|p1a: Lunala|66/100
|move|p2a: Sceptile|Dragon Cheer|p2b: Miraidon
|-start|p2b: Miraidon|move: Dragon Cheer
|
|upkeep
|turn|3
|
|t:|1750844330
|-terastallize|p2b: Miraidon|Steel
|move|p1b: Incineroar|Flare Blitz|p2b: Miraidon
|-supereffective|p2b: Miraidon
|-damage|p2b: Miraidon|0 fnt
|faint|p2b: Miraidon
|-damage|p1b: Incineroar|95/100|[from] Recoil
|move|p1a: Lunala|Moongeist Beam|p2a: Sceptile
|-damage|p2a: Sceptile|32/100
|move|p2a: Sceptile|Leech Seed|p1a: Lunala
|-start|p1a: Lunala|move: Leech Seed
|
|-damage|p1a: Lunala|54/100|[from] Leech Seed|[of] p2a: Sceptile
|-heal|p2a: Sceptile|49/100|[silent]
|upkeep
|
|t:|1750844347
|switch|p2b: Volcarona|Volcarona, L50, M|100/100
|turn|4
|inactive|phatyoloswag has 30 seconds left.
|
|t:|1750844374
|move|p1b: Incineroar|Knock Off|p2b: Volcarona
|-damage|p2b: Volcarona|37/100
|-enditem|p2b: Volcarona|Covert Cloak|[from] move: Knock Off|[of] p1b: Incineroar
|move|p1a: Lunala|Moongeist Beam|p2a: Sceptile
|-damage|p2a: Sceptile|0 fnt
|faint|p2a: Sceptile
|move|p2b: Volcarona|Quiver Dance|p2b: Volcarona
|-boost|p2b: Volcarona|spa|1
|-boost|p2b: Volcarona|spd|1
|-boost|p2b: Volcarona|spe|1
|
|upkeep
|
|t:|1750844387
|switch|p2a: Koraidon|Koraidon, L50|100/100
|-weather|SunnyDay|[from] ability: Orichalcum Pulse|[of] p2a: Koraidon
|-activate|p2a: Koraidon|Orichalcum Pulse|[source]
|turn|5
|
|t:|1750844401
|move|p1b: Incineroar|Knock Off|p2a: Koraidon
|-resisted|p2a: Koraidon
|-damage|p2a: Koraidon|78/100
|-enditem|p2a: Koraidon|Life Orb|[from] move: Knock Off|[of] p1b: Incineroar
|move|p1a: Lunala|Moongeist Beam|p2b: Volcarona
|-damage|p2b: Volcarona|4/100
|move|p2a: Koraidon|Flare Blitz|p1a: Lunala
|-damage|p1a: Lunala|0 fnt
|faint|p1a: Lunala
|-damage|p2a: Koraidon|54/100|[from] Recoil
|move|p2b: Volcarona|Giga Drain|p1b: Incineroar
|-resisted|p1b: Incineroar
|-damage|p1b: Incineroar|84/100
|-heal|p2b: Volcarona|10/100|[from] drain|[of] p1b: Incineroar
|
|-weather|SunnyDay|[upkeep]
|-fieldend|move: Trick Room
|-fieldend|move: Electric Terrain
|upkeep
|
|t:|1750844414
|switch|p1a: Sentret|Sentret, L50, F, shiny|100/100
|turn|6
|
|t:|1750844431
|move|p2b: Volcarona|Giga Drain|p1a: Sentret
|-enditem|p1a: Sentret|Focus Sash
|-damage|p1a: Sentret|1/100
|-heal|p2b: Volcarona|39/100|[from] drain|[of] p1a: Sentret
|move|p2a: Koraidon|Drain Punch|p1b: Incineroar
|-supereffective|p1b: Incineroar
|-damage|p1b: Incineroar|0 fnt
|-heal|p2a: Koraidon|100/100|[from] drain|[of] p1b: Incineroar
|faint|p1b: Incineroar
|move|p1a: Sentret|Endeavor|p2a: Koraidon
|-damage|p2a: Koraidon|1/100
|
|-weather|SunnyDay|[upkeep]
|upkeep
|
|t:|1750844440
|switch|p1b: Calyrex|Calyrex-Ice, L50|100/100
|-ability|p1b: Calyrex|As One
|-ability|p1b: Calyrex|Unnerve
|turn|7
|
|t:|1750844459
|-terastallize|p1b: Calyrex|Water
|move|p1a: Sentret|Quick Attack|p2a: Koraidon
|-damage|p2a: Koraidon|0 fnt
|faint|p2a: Koraidon
|move|p2b: Volcarona|Giga Drain|p1a: Sentret
|-damage|p1a: Sentret|0 fnt
|-heal|p2b: Volcarona|39/100|[from] drain|[of] p1a: Sentret
|faint|p1a: Sentret
|move|p1b: Calyrex|High Horsepower|p2b: Volcarona
|-damage|p2b: Volcarona|0 fnt
|faint|p2b: Volcarona
|
|win|Dam1en137
|raw|Dam1en137's rating: 1154 &rarr; <strong>1180</strong><br />(+26 for winning)
|raw|phatyoloswag's rating: 1172 &rarr; <strong>1146</strong><br />(-26 for losing)
|l|☆Dam1en137
|player|p1|
