|j|☆yaasuto
|j|☆Mentalsyndrome
|t:|1750732260
|gametype|doubles
|player|p1|yaasuto|hilbert|1453
|player|p2|Mentalsyndrome|2|1482
|teamsize|p1|6
|teamsize|p2|6
|gen|9
|tier|[Gen 9] VGC 2025 Reg I
|rated|
|rule|Species Clause: Limit one of each Pokémon
|rule|Item Clause: Limit 1 of each item
|clearpoke
|poke|p1|Ho-Oh, L50|
|poke|p1|Eternatus, L50|
|poke|p1|Wo-Chien, L50|
|poke|p1|Incineroar, L50, M|
|poke|p1|Rillaboom, L50, F|
|poke|p1|Ting-Lu, L50|
|poke|p2|Miraidon, L50|
|poke|p2|Calyrex-Shadow, L50|
|poke|p2|Farigiraf, L50, M|
|poke|p2|Incineroar, L50, F|
|poke|p2|Whimsicott, L50, M|
|poke|p2|Ursaluna, L50, F|
|teampreview|4
|inactive|Battle timer is ON: inactive players will automatically lose when time's up. (requested by Mentalsyndrome)
|inactive|yaasuto also wants the timer to be on.
|
|t:|1750732288
|start
|switch|p1a: Eternatus|Eternatus, L50|100/100
|switch|p1b: Rillaboom|Rillaboom, L50, F|100/100
|switch|p2a: Calyrex|Calyrex-Shadow, L50|100/100
|switch|p2b: Whimsicott|Whimsicott, L50, M, shiny|100/100
|-ability|p2a: Calyrex|As One
|-ability|p2a: Calyrex|Unnerve
|-ability|p1a: Eternatus|Pressure
|-fieldstart|move: Grassy Terrain|[from] ability: Grassy Surge|[of] p1b: Rillaboom
|turn|1
|
|t:|1750732295
|switch|p1a: Ting-Lu|Ting-Lu, L50|100/100
|-ability|p1a: Ting-Lu|Vessel of Ruin
|move|p2b: Whimsicott|Fake Tears|p1b: Rillaboom
|-unboost|p1b: Rillaboom|spd|2
|move|p2a: Calyrex|Pollen Puff|p1b: Rillaboom
|-supereffective|p1b: Rillaboom
|-damage|p1b: Rillaboom|29/100
|-damage|p2a: Calyrex|91/100|[from] item: Life Orb
|move|p1b: Rillaboom|U-turn|p2a: Calyrex
|-damage|p2a: Calyrex|68/100
|
|t:|1750732303
|switch|p1b: Ho-Oh|Ho-Oh, L50|100/100|[from] U-turn
|
|-heal|p2a: Calyrex|74/100|[from] Grassy Terrain
|upkeep
|turn|2
|
|t:|1750732321
|-terastallize|p2a: Calyrex|Dark
|move|p2a: Calyrex|Astral Barrage|p1b: Ho-Oh|[spread] p1a,p1b
|-resisted|p1a: Ting-Lu
|-damage|p1a: Ting-Lu|84/100
|-damage|p1b: Ho-Oh|70/100
|-damage|p2a: Calyrex|64/100|[from] item: Life Orb
|move|p2b: Whimsicott|Moonblast|p1a: Ting-Lu
|-supereffective|p1a: Ting-Lu
|-damage|p1a: Ting-Lu|63/100
|move|p1b: Ho-Oh|Sacred Fire|p2b: Whimsicott
|-supereffective|p2b: Whimsicott
|-damage|p2b: Whimsicott|0 fnt
|faint|p2b: Whimsicott
|move|p1a: Ting-Lu|Snarl|p2a: Calyrex
|-resisted|p2a: Calyrex
|-damage|p2a: Calyrex|57/100
|-unboost|p2a: Calyrex|spa|1
|
|-heal|p2a: Calyrex|63/100|[from] Grassy Terrain
|-heal|p1a: Ting-Lu|69/100|[from] Grassy Terrain
|-heal|p1a: Ting-Lu|75/100|[from] item: Leftovers
|upkeep
|
|t:|1750732331
|switch|p2b: Miraidon|Miraidon, L50|100/100
|-fieldstart|move: Electric Terrain|[from] ability: Hadron Engine|[of] p2b: Miraidon
|turn|3
|
|t:|1750732344
|-terastallize|p1b: Ho-Oh|Grass
|move|p2a: Calyrex|Pollen Puff|p1a: Ting-Lu
|-supereffective|p1a: Ting-Lu
|-damage|p1a: Ting-Lu|47/100
|-damage|p2a: Calyrex|53/100|[from] item: Life Orb
|move|p2b: Miraidon|Volt Switch|p1b: Ho-Oh
|-resisted|p1b: Ho-Oh
|-damage|p1b: Ho-Oh|48/100
|
|t:|1750732347
|switch|p2b: Ursaluna|Ursaluna, L50, F|100/100|[from] Volt Switch
|move|p1b: Ho-Oh|Life Dew|p1b: Ho-Oh|[spread] p1a,p1b
|-heal|p1a: Ting-Lu|72/100
|-heal|p1b: Ho-Oh|73/100
|move|p1a: Ting-Lu|Sand Tomb|p2b: Ursaluna
|-damage|p2b: Ursaluna|90/100
|-activate|p2b: Ursaluna|move: Sand Tomb|[of] p1a: Ting-Lu
|
|-heal|p1a: Ting-Lu|78/100|[from] item: Leftovers
|-damage|p2b: Ursaluna|78/100|[from] move: Sand Tomb|[partiallytrapped]
|-status|p2b: Ursaluna|brn|[from] item: Flame Orb
|upkeep
|turn|4
|inactive|yaasuto has 30 seconds left.
|inactive|yaasuto has 20 seconds left.
|inactive|Mentalsyndrome has 30 seconds left.
|
|t:|1750732388
|move|p2a: Calyrex|Pollen Puff|p1b: Ho-Oh
|-supereffective|p1b: Ho-Oh
|-damage|p1b: Ho-Oh|44/100
|-damage|p2a: Calyrex|43/100|[from] item: Life Orb
|move|p1b: Ho-Oh|Life Dew|p1b: Ho-Oh|[spread] p1a,p1b
|-heal|p1a: Ting-Lu|100/100
|-heal|p1b: Ho-Oh|69/100
|move|p1a: Ting-Lu|Sand Tomb|p2a: Calyrex
|-damage|p2a: Calyrex|29/100
|-activate|p2a: Calyrex|move: Sand Tomb|[of] p1a: Ting-Lu
|move|p2b: Ursaluna|Facade|p1a: Ting-Lu
|-damage|p1a: Ting-Lu|35/100
|
|-heal|p1a: Ting-Lu|41/100|[from] item: Leftovers
|-damage|p2b: Ursaluna|72/100 brn|[from] brn
|-damage|p2a: Calyrex|17/100|[from] move: Sand Tomb|[partiallytrapped]
|-damage|p2b: Ursaluna|60/100 brn|[from] move: Sand Tomb|[partiallytrapped]
|upkeep
|turn|5
|
|t:|1750732405
|move|p1b: Ho-Oh|Protect|p1b: Ho-Oh
|-singleturn|p1b: Ho-Oh|Protect
|move|p1a: Ting-Lu|Protect|p1a: Ting-Lu
|-singleturn|p1a: Ting-Lu|Protect
|move|p2a: Calyrex|Pollen Puff|p1a: Ting-Lu
|-activate|p1a: Ting-Lu|move: Protect
|move|p2b: Ursaluna|Facade|p1a: Ting-Lu
|-activate|p1a: Ting-Lu|move: Protect
|
|-heal|p1a: Ting-Lu|47/100|[from] item: Leftovers
|-damage|p2b: Ursaluna|54/100 brn|[from] brn
|-damage|p2a: Calyrex|5/100|[from] move: Sand Tomb|[partiallytrapped]
|-damage|p2b: Ursaluna|42/100 brn|[from] move: Sand Tomb|[partiallytrapped]
|upkeep
|turn|6
|inactive|yaasuto has 30 seconds left.
|
|t:|1750732432
|move|p2a: Calyrex|Pollen Puff|p2b: Ursaluna
|-heal|p2b: Ursaluna|92/100 brn
|-damage|p2a: Calyrex|0 fnt|[from] item: Life Orb
|faint|p2a: Calyrex
|move|p1b: Ho-Oh|Life Dew|p1b: Ho-Oh|[spread] p1a,p1b
|-heal|p1a: Ting-Lu|73/100
|-heal|p1b: Ho-Oh|93/100
|move|p1a: Ting-Lu|Sand Tomb|p2b: Ursaluna
|-damage|p2b: Ursaluna|82/100 brn
|move|p2b: Ursaluna|Facade|p1a: Ting-Lu
|-damage|p1a: Ting-Lu|4/100
|
|-heal|p1a: Ting-Lu|10/100|[from] item: Leftovers
|-damage|p2b: Ursaluna|76/100 brn|[from] brn
|-damage|p2b: Ursaluna|64/100 brn|[from] move: Sand Tomb|[partiallytrapped]
|upkeep
|
|t:|1750732436
|switch|p2a: Miraidon|Miraidon, L50|100/100
|-activate|p2a: Miraidon|ability: Hadron Engine
|turn|7
|
|t:|1750732443
|move|p1b: Ho-Oh|Protect|p1b: Ho-Oh
|-singleturn|p1b: Ho-Oh|Protect
|move|p1a: Ting-Lu|Protect|p1a: Ting-Lu
|-singleturn|p1a: Ting-Lu|Protect
|move|p2a: Miraidon|Dazzling Gleam|p1b: Ho-Oh|[spread] 
|-activate|p1a: Ting-Lu|move: Protect
|-activate|p1b: Ho-Oh|move: Protect
|move|p2b: Ursaluna|Facade|p1b: Ho-Oh
|-activate|p1b: Ho-Oh|move: Protect
|
|-heal|p1a: Ting-Lu|16/100|[from] item: Leftovers
|-damage|p2b: Ursaluna|58/100 brn|[from] brn
|-end|p2b: Ursaluna|Sand Tomb|[partiallytrapped]
|-fieldend|move: Electric Terrain
|upkeep
|turn|8
|
|t:|1750732453
|switch|p1a: Rillaboom|Rillaboom, L50, F|29/100
|-fieldstart|move: Grassy Terrain|[from] ability: Grassy Surge|[of] p1a: Rillaboom
|move|p2a: Miraidon|Dazzling Gleam|p1b: Ho-Oh|[spread] p1a,p1b
|-damage|p1a: Rillaboom|13/100
|-damage|p1b: Ho-Oh|73/100
|move|p1b: Ho-Oh|Sacred Fire|p2b: Ursaluna
|-damage|p2b: Ursaluna|22/100 brn
|move|p2b: Ursaluna|Facade|p1b: Ho-Oh
|-damage|p1b: Ho-Oh|0 fnt
|-damage|p2b: Ursaluna|5/100 brn|[from] item: Rocky Helmet|[of] p1b: Ho-Oh
|faint|p1b: Ho-Oh
|
|-heal|p1a: Rillaboom|18/100|[from] Grassy Terrain
|-heal|p2b: Ursaluna|11/100 brn|[from] Grassy Terrain
|-damage|p2b: Ursaluna|5/100 brn|[from] brn
|upkeep
|
|t:|1750732457
|switch|p1b: Eternatus|Eternatus, L50|100/100
|-ability|p1b: Eternatus|Pressure
|turn|9
|
|t:|1750732464
|move|p1a: Rillaboom|Grassy Glide|p2b: Ursaluna
|-supereffective|p2b: Ursaluna
|-crit|p2b: Ursaluna
|-damage|p2b: Ursaluna|0 fnt
|faint|p2b: Ursaluna
|move|p2a: Miraidon|Dazzling Gleam|p1a: Rillaboom|[spread] p1a,p1b
|-damage|p1a: Rillaboom|2/100
|-damage|p1b: Eternatus|77/100
|move|p1b: Eternatus|Substitute|p1b: Eternatus
|-start|p1b: Eternatus|Substitute
|-damage|p1b: Eternatus|52/100
|
|-heal|p1b: Eternatus|58/100|[from] Grassy Terrain
|-heal|p1b: Eternatus|64/100|[from] item: Black Sludge
|-heal|p1a: Rillaboom|8/100|[from] Grassy Terrain
|upkeep
|turn|10
|
|t:|1750732471
|move|p2a: Miraidon|Dazzling Gleam|p1b: Eternatus|[spread] p1a,p1b
|-activate|p1b: Eternatus|move: Substitute|[damage]
|-damage|p1a: Rillaboom|0 fnt
|faint|p1a: Rillaboom
|move|p1b: Eternatus|Toxic|p2a: Miraidon
|-status|p2a: Miraidon|tox
|
|-heal|p1b: Eternatus|70/100|[from] Grassy Terrain
|-heal|p1b: Eternatus|76/100|[from] item: Black Sludge
|-damage|p2a: Miraidon|95/100 tox|[from] psn
|upkeep
|
|t:|1750732473
|switch|p1a: Ting-Lu|Ting-Lu, L50|16/100
|-ability|p1a: Ting-Lu|Vessel of Ruin
|turn|11
|
|t:|1750732475
|move|p2a: Miraidon|Dazzling Gleam|p1a: Ting-Lu|[spread] p1a,p1b
|-end|p1b: Eternatus|Substitute
|-supereffective|p1a: Ting-Lu
|-damage|p1a: Ting-Lu|0 fnt
|faint|p1a: Ting-Lu
|move|p1b: Eternatus|Dynamax Cannon|p2a: Miraidon
|-supereffective|p2a: Miraidon
|-damage|p2a: Miraidon|9/100 tox
|
|-heal|p2a: Miraidon|15/100 tox|[from] Grassy Terrain
|-heal|p1b: Eternatus|82/100|[from] Grassy Terrain
|-heal|p1b: Eternatus|88/100|[from] item: Black Sludge
|-damage|p2a: Miraidon|3/100 tox|[from] psn
|upkeep
|turn|12
|
|t:|1750732478
|move|p1b: Eternatus|Protect|p1b: Eternatus
|-singleturn|p1b: Eternatus|Protect
|move|p2a: Miraidon|Dazzling Gleam|p1b: Eternatus
|-activate|p1b: Eternatus|move: Protect
|
|-heal|p2a: Miraidon|9/100 tox|[from] Grassy Terrain
|-heal|p1b: Eternatus|94/100|[from] Grassy Terrain
|-heal|p1b: Eternatus|100/100|[from] item: Black Sludge
|-damage|p2a: Miraidon|0 fnt|[from] psn
|faint|p2a: Miraidon
|
|win|yaasuto
|raw|yaasuto's rating: 1453 &rarr; <strong>1475</strong><br />(+22 for winning)
|raw|Mentalsyndrome's rating: 1482 &rarr; <strong>1460</strong><br />(-22 for losing)
|l|☆yaasuto
|player|p1|
