|j|☆exp666
|j|☆xeno24
|t:|1750775088
|gametype|doubles
|player|p1|exp666|169|1285
|player|p2|xeno24|101|1288
|teamsize|p1|6
|teamsize|p2|6
|gen|9
|tier|[Gen 9] VGC 2025 Reg I
|rated|
|rule|Species Clause: Limit one of each Pokémon
|rule|Item Clause: Limit 1 of each item
|clearpoke
|poke|p1|Zacian-*, L50|
|poke|p1|Kyogre, L50|
|poke|p1|Ditto, L50|
|poke|p1|Urshifu-*, L50, F|
|poke|p1|Raichu, L50, F|
|poke|p1|Talonflame, L50, F|
|poke|p2|Miraidon, L50|
|poke|p2|Incineroar, L50, M|
|poke|p2|Calyrex-Ice, L50|
|poke|p2|Landorus, L50, M|
|poke|p2|Urshifu-*, L50, F|
|poke|p2|Farigiraf, L50, F|
|teampreview|4
|inactive|Battle timer is ON: inactive players will automatically lose when time's up. (requested by xeno24)
|inactive|exp666 has 60 seconds left.
|
|t:|1750775121
|start
|switch|p1a: Talonflame|Talonflame, L50, F|100/100
|switch|p1b: Urshifu|Urshifu-Rapid-Strike, L50, F|100/100
|switch|p2a: Miraidon|Miraidon, L50|100/100
|switch|p2b: Landorus|Landorus, L50, M|100/100
|-fieldstart|move: Electric Terrain|[from] ability: Hadron Engine|[of] p2a: Miraidon
|turn|1
|inactive|exp666 has 30 seconds left.
|
|t:|1750775151
|move|p1a: Talonflame|Tailwind|p1a: Talonflame
|-sidestart|p1: exp666|move: Tailwind
|move|p1b: Urshifu|Surging Strikes|p2b: Landorus
|-supereffective|p2b: Landorus
|-crit|p2b: Landorus
|-damage|p2b: Landorus|57/100
|-supereffective|p2b: Landorus
|-crit|p2b: Landorus
|-damage|p2b: Landorus|13/100
|-supereffective|p2b: Landorus
|-crit|p2b: Landorus
|-damage|p2b: Landorus|0 fnt
|faint|p2b: Landorus
|-hitcount|p2: Landorus|3
|move|p2a: Miraidon|Volt Switch|p1b: Urshifu
|-supereffective|p1b: Urshifu
|-damage|p1b: Urshifu|0 fnt
|faint|p1b: Urshifu
|
|t:|1750775161
|switch|p2a: Calyrex|Calyrex-Ice, L50|100/100|[from] Volt Switch
|-ability|p2a: Calyrex|As One
|-ability|p2a: Calyrex|Unnerve
|
|upkeep
|
|t:|1750775166
|switch|p2b: Farigiraf|Farigiraf, L50, F|100/100
|switch|p1b: Zacian|Zacian-Crowned, L50|100/100
|-ability|p1b: Zacian|Intrepid Sword|boost
|-boost|p1b: Zacian|atk|1
|-enditem|p2b: Farigiraf|Electric Seed
|-boost|p2b: Farigiraf|def|1|[from] item: Electric Seed
|turn|2
|
|t:|1750775179
|-terastallize|p2a: Calyrex|Water
|move|p1b: Zacian|Behemoth Blade|p2a: Calyrex
|-resisted|p2a: Calyrex
|-damage|p2a: Calyrex|76/100
|move|p1a: Talonflame|Taunt|p2b: Farigiraf
|-start|p2b: Farigiraf|move: Taunt
|move|p2a: Calyrex|Leech Seed|p1b: Zacian
|-start|p1b: Zacian|move: Leech Seed
|cant|p2b: Farigiraf|move: Taunt|Trick Room
|
|-heal|p2a: Calyrex|82/100|[from] item: Leftovers
|-damage|p1b: Zacian|88/100|[from] Leech Seed|[of] p2a: Calyrex
|-heal|p2a: Calyrex|92/100|[silent]
|upkeep
|turn|3
|inactive|xeno24 has 30 seconds left.
|
|t:|1750775204
|move|p1b: Zacian|Behemoth Blade|p2b: Farigiraf
|-damage|p2b: Farigiraf|57/100
|move|p1a: Talonflame|Taunt|p2a: Calyrex
|-start|p2a: Calyrex|move: Taunt
|move|p2b: Farigiraf|Foul Play|p1b: Zacian
|-resisted|p1b: Zacian
|-damage|p1b: Zacian|61/100
|move|p2a: Calyrex|Glacial Lance|p1b: Zacian|[spread] p1a,p1b
|-resisted|p1b: Zacian
|-damage|p1a: Talonflame|18/100
|-damage|p1b: Zacian|35/100
|
|-heal|p2a: Calyrex|98/100|[from] item: Leftovers
|-damage|p1b: Zacian|23/100|[from] Leech Seed|[of] p2a: Calyrex
|-heal|p2a: Calyrex|100/100|[silent]
|upkeep
|turn|4
|
|t:|1750775224
|switch|p2b: Miraidon|Miraidon, L50|100/100
|-activate|p2b: Miraidon|ability: Hadron Engine
|move|p1b: Zacian|Sacred Sword|p2b: Miraidon
|-damage|p2b: Miraidon|50/100
|move|p1a: Talonflame|Will-O-Wisp|p2a: Calyrex
|-status|p2a: Calyrex|brn
|move|p2a: Calyrex|Glacial Lance|p1b: Zacian|[spread] p1a,p1b
|-resisted|p1b: Zacian
|-damage|p1a: Talonflame|0 fnt
|-damage|p1b: Zacian|9/100
|faint|p1a: Talonflame
|-ability|p2a: Calyrex|Chilling Neigh|boost
|-boost|p2a: Calyrex|atk|1
|
|-damage|p1b: Zacian|0 fnt|[from] Leech Seed|[of] p2a: Calyrex
|faint|p1b: Zacian
|-damage|p2a: Calyrex|95/100 brn|[from] brn
|-sideend|p1: exp666|move: Tailwind
|upkeep
|
|t:|1750775238
|switch|p1b: Kyogre|Kyogre, L50|100/100
|-weather|RainDance|[from] ability: Drizzle|[of] p1b: Kyogre
|turn|5
|-message|exp666 forfeited.
|
|win|xeno24
|raw|exp666's rating: 1285 &rarr; <strong>1260</strong><br />(-25 for losing)
|raw|xeno24's rating: 1288 &rarr; <strong>1313</strong><br />(+25 for winning)
|l|☆xeno24
|player|p2|
|l|☆exp666
|player|p1|
