|j|☆Yofty
|j|☆OneOunch
|t:|1750871223
|gametype|doubles
|player|p1|Yofty|101|1102
|player|p2|OneOunch|170|1050
|teamsize|p1|6
|teamsize|p2|6
|gen|9
|tier|[Gen 9] VGC 2025 Reg I
|rated|
|rule|Species Clause: Limit one of each Pokémon
|rule|Item Clause: Limit 1 of each item
|clearpoke
|poke|p1|Solgaleo, L50|
|poke|p1|Chansey, L50, F|
|poke|p1|Salamence, L50, M|
|poke|p1|Feraligatr, L50, F|
|poke|p1|Ting-Lu, L50|
|poke|p1|Urshifu-*, L50, F|
|poke|p2|Koraidon, L50|
|poke|p2|Gothitelle, L50, F|
|poke|p2|Scream Tail, L50|
|poke|p2|Incineroar, L50, F|
|poke|p2|Flutter Mane, L50|
|poke|p2|Amoonguss, L50, F|
|teampreview|4
|inactive|Battle timer is ON: inactive players will automatically lose when time's up. (requested by OneOunch)
OneOunch rejected open team sheets.
|
|t:|1750871268
|start
|switch|p1a: Chansey|Chansey, L50, F|100/100
|switch|p1b: Urshifu|Urshifu, L50, F|100/100
|switch|p2a: Gothitelle|Gothitelle, L50, F|100/100
|switch|p2b: Scream Tail|Scream Tail, L50|100/100
|-enditem|p2b: Scream Tail|Booster Energy
|-activate|p2b: Scream Tail|ability: Protosynthesis|[fromitem]
|-start|p2b: Scream Tail|protosynthesisspe
|turn|1
|
|t:|1750871287
|move|p2a: Gothitelle|Fake Out|p1b: Urshifu
|-damage|p1b: Urshifu|96/100
|move|p2b: Scream Tail|Perish Song|p2b: Scream Tail
|-start|p1a: Chansey|perish3|[silent]
|-start|p1b: Urshifu|perish3|[silent]
|-start|p2a: Gothitelle|perish3|[silent]
|-start|p2b: Scream Tail|perish3|[silent]
|-fieldactivate|move: Perish Song
|cant|p1b: Urshifu|flinch
|move|p1a: Chansey|Blizzard|p2b: Scream Tail|[spread] p2a,p2b
|-crit|p2a: Gothitelle
|-damage|p2a: Gothitelle|84/100
|-damage|p2b: Scream Tail|95/100
|-status|p2a: Gothitelle|frz
|
|-heal|p2a: Gothitelle|90/100 frz|[from] item: Leftovers
|-start|p2b: Scream Tail|perish3
|-start|p1b: Urshifu|perish3
|-start|p2a: Gothitelle|perish3
|-start|p1a: Chansey|perish3
|upkeep
|turn|2
|inactive|Yofty has 30 seconds left.
|inactive|OneOunch has 30 seconds left.
|
|t:|1750871319
|cant|p2a: Gothitelle|frz
|move|p2b: Scream Tail|Encore||[still]
|-fail|p2b: Scream Tail
|move|p1b: Urshifu|Wicked Blow|p2a: Gothitelle
|-supereffective|p2a: Gothitelle
|-crit|p2a: Gothitelle
|-damage|p2a: Gothitelle|0 fnt
|faint|p2a: Gothitelle
|move|p1a: Chansey|Seismic Toss|p2b: Scream Tail
|-damage|p2b: Scream Tail|72/100
|
|-start|p2b: Scream Tail|perish2
|-start|p1b: Urshifu|perish2
|-start|p1a: Chansey|perish2
|upkeep
|
|t:|1750871327
|switch|p2a: Incineroar|Incineroar, L50, F|100/100
|-ability|p2a: Incineroar|Intimidate|boost
|-unboost|p1a: Chansey|atk|1
|-unboost|p1b: Urshifu|atk|1
|turn|3
|
|t:|1750871343
|switch|p1b: Salamence|Salamence, L50, M|100/100
|-ability|p1b: Salamence|Intimidate|boost
|-unboost|p2a: Incineroar|atk|1
|-unboost|p2b: Scream Tail|atk|1
|move|p2a: Incineroar|Fake Out|p1b: Salamence
|-damage|p1b: Salamence|88/100
|move|p2b: Scream Tail|Encore|p1a: Chansey
|-start|p1a: Chansey|Encore
|move|p1a: Chansey|Seismic Toss|p2a: Incineroar
|-damage|p2a: Incineroar|71/100
|
|-start|p2b: Scream Tail|perish1
|-start|p1a: Chansey|perish1
|upkeep
|turn|4
|inactive|Yofty has 30 seconds left.
|inactive|OneOunch has 30 seconds left.
|inactive|Yofty has 20 seconds left.
|
|t:|1750871378
|switch|p1a: Ting-Lu|Ting-Lu, L50|100/100
|-ability|p1a: Ting-Lu|Vessel of Ruin
|move|p2b: Scream Tail|Protect|p2b: Scream Tail
|-singleturn|p2b: Scream Tail|Protect
|move|p1b: Salamence|Earthquake|p2b: Scream Tail|[spread] p1a,p2a
|-activate|p2b: Scream Tail|move: Protect
|-supereffective|p2a: Incineroar
|-damage|p1a: Ting-Lu|89/100
|-damage|p2a: Incineroar|10/100
|move|p2a: Incineroar|Parting Shot|p1b: Salamence
|-unboost|p1b: Salamence|atk|1
|-unboost|p1b: Salamence|spa|1
|
|t:|1750871385
|switch|p2a: Koraidon|Koraidon, L50|100/100|[from] Parting Shot
|-weather|SunnyDay|[from] ability: Orichalcum Pulse|[of] p2a: Koraidon
|-activate|p2a: Koraidon|Orichalcum Pulse|[source]
|
|-weather|SunnyDay|[upkeep]
|-start|p2b: Scream Tail|perish0
|faint|p2b: Scream Tail
|-end|p2b: Scream Tail|Protosynthesis|[silent]
|upkeep
|
|t:|1750871387
|switch|p2b: Incineroar|Incineroar, L50, F|10/100
|-ability|p2b: Incineroar|Intimidate|boost
|-unboost|p1a: Ting-Lu|atk|1
|-unboost|p1b: Salamence|atk|1
|turn|5
|inactive|Yofty has 30 seconds left.
|
|t:|1750871414
|move|p2b: Incineroar|Fake Out|p1b: Salamence
|-damage|p1b: Salamence|71/100
|cant|p1b: Salamence|flinch
|move|p2a: Koraidon|Close Combat|p1a: Ting-Lu
|-supereffective|p1a: Ting-Lu
|-damage|p1a: Ting-Lu|0 fnt
|-unboost|p2a: Koraidon|def|1
|-unboost|p2a: Koraidon|spd|1
|faint|p1a: Ting-Lu
|-damage|p2a: Koraidon|91/100|[from] item: Life Orb
|
|-weather|SunnyDay|[upkeep]
|upkeep
|
|t:|1750871433
|switch|p1a: Urshifu|Urshifu, L50, F|96/100
|turn|6
|inactive|OneOunch has 30 seconds left.
|
|t:|1750871459
|move|p1a: Urshifu|Detect|p1a: Urshifu
|-singleturn|p1a: Urshifu|Protect
|move|p1b: Salamence|Earthquake|p2a: Koraidon|[spread] p2a,p2b
|-activate|p1a: Urshifu|move: Protect
|-supereffective|p2b: Incineroar
|-damage|p2a: Koraidon|73/100
|-damage|p2b: Incineroar|0 fnt
|faint|p2b: Incineroar
|move|p2a: Koraidon|Close Combat|p1a: Urshifu
|-activate|p1a: Urshifu|move: Protect
|
|-weather|SunnyDay|[upkeep]
|upkeep
|turn|7
|inactive|Yofty has 30 seconds left.
|
|t:|1750871489
|switch|p1a: Chansey|Chansey, L50, F|100/100
|move|p1b: Salamence|Earthquake|p2a: Koraidon|[spread] p1a,p2a
|-damage|p1a: Chansey|93/100
|-damage|p2a: Koraidon|56/100
|move|p2a: Koraidon|Close Combat|p1a: Chansey
|-supereffective|p1a: Chansey
|-damage|p1a: Chansey|0 fnt
|-unboost|p2a: Koraidon|def|1
|-unboost|p2a: Koraidon|spd|1
|faint|p1a: Chansey
|-damage|p2a: Koraidon|46/100|[from] item: Life Orb
|
|-weather|SunnyDay|[upkeep]
|upkeep
|
|t:|1750871503
|switch|p1a: Urshifu|Urshifu, L50, F|96/100
|turn|8
|inactive|Yofty has 30 seconds left.
|
|t:|1750871536
|move|p1b: Salamence|Earthquake|p2a: Koraidon|[spread] p1a,p2a
|-damage|p1a: Urshifu|85/100
|-damage|p2a: Koraidon|24/100
|move|p2a: Koraidon|Close Combat|p1a: Urshifu
|-supereffective|p1a: Urshifu
|-damage|p1a: Urshifu|0 fnt
|-unboost|p2a: Koraidon|def|1
|-unboost|p2a: Koraidon|spd|1
|faint|p1a: Urshifu
|-damage|p2a: Koraidon|14/100|[from] item: Life Orb
|
|-weather|none
|upkeep
|turn|9
|inactive|OneOunch has 30 seconds left.
|
|t:|1750871562
|move|p1b: Salamence|Earthquake|p2a: Koraidon
|-damage|p2a: Koraidon|0 fnt
|faint|p2a: Koraidon
|
|win|Yofty
|raw|Yofty's rating: 1102 &rarr; <strong>1123</strong><br />(+21 for winning)
|raw|OneOunch's rating: 1050 &rarr; <strong>1035</strong><br />(-15 for losing)
|l|☆OneOunch
|player|p2|
|l|☆Yofty
|player|p1|
