|j|☆CamNewtontheGOAT
|j|☆alecfromkanto
|t:|1750807552
|gametype|doubles
|player|p1|CamNewtontheGOAT|169|1407
|player|p2|alecfromkanto|cynthia|1379
|teamsize|p1|6
|teamsize|p2|6
|gen|9
|tier|[Gen 9] VGC 2025 Reg I
|rated|
|rule|Species Clause: Limit one of each Pokémon
|rule|Item Clause: Limit 1 of each item
|clearpoke
|poke|p1|Zamazenta-*, L50|
|poke|p1|Incineroar, L50, M|
|poke|p1|Rillaboom, L50, M|
|poke|p1|Calyrex-Shadow, L50|
|poke|p1|Raging Bolt, L50|
|poke|p1|Ogerpon-Hearthflame, L50, F|
|poke|p2|Miraidon, L50|
|poke|p2|Incineroar, L50, M|
|poke|p2|Grimmsnarl, L50, M|
|poke|p2|Flutter Mane, L50|
|poke|p2|Groudon, L50|
|poke|p2|Iron Hands, L50|
|teampreview|4
|inactive|Battle timer is ON: inactive players will automatically lose when time's up. (requested by alecfromkanto)
|inactive|CamNewtontheGOAT has 60 seconds left.
|inactive|alecfromkanto has 60 seconds left.
CamNewtontheGOAT rejected open team sheets.
|inactive|alecfromkanto has 30 seconds left.
|inactive|alecfromkanto has 20 seconds left.
|
|t:|1750807623
|start
|switch|p1a: Incineroar|Incineroar, L50, M|100/100
|switch|p1b: Zamazenta|Zamazenta-Crowned, L50|100/100
|switch|p2a: Incineroar|Incineroar, L50, M, shiny|100/100
|switch|p2b: Groudon|Groudon, L50, shiny|100/100
|-ability|p1b: Zamazenta|Dauntless Shield|boost
|-boost|p1b: Zamazenta|def|1
|-weather|SunnyDay|[from] ability: Drought|[of] p2b: Groudon
|-ability|p1a: Incineroar|Intimidate|boost
|-unboost|p2a: Incineroar|atk|1
|-fail|p2b: Groudon|unboost|[from] item: Clear Amulet|[of] p2b: Groudon
|-ability|p2a: Incineroar|Intimidate|boost
|-unboost|p1a: Incineroar|atk|1
|-unboost|p1b: Zamazenta|atk|1
|turn|1
|
|t:|1750807650
|move|p1a: Incineroar|Fake Out|p2a: Incineroar
|-damage|p2a: Incineroar|95/100
|cant|p2a: Incineroar|flinch
|move|p1b: Zamazenta|Body Press|p2a: Incineroar
|-supereffective|p2a: Incineroar
|-damage|p2a: Incineroar|0 fnt
|faint|p2a: Incineroar
|move|p2b: Groudon|Precipice Blades|p1a: Incineroar|[spread] p1a,p1b
|-supereffective|p1a: Incineroar
|-supereffective|p1b: Zamazenta
|-damage|p1a: Incineroar|22/100
|-damage|p1b: Zamazenta|57/100
|
|-weather|SunnyDay|[upkeep]
|upkeep
|
|t:|1750807658
|switch|p2a: Miraidon|Miraidon, L50|100/100
|-fieldstart|move: Electric Terrain|[from] ability: Hadron Engine|[of] p2a: Miraidon
|turn|2
|inactive|alecfromkanto has 30 seconds left.
|
|t:|1750807685
|switch|p1a: Rillaboom|Rillaboom, L50, M|100/100
|-fieldstart|move: Grassy Terrain|[from] ability: Grassy Surge|[of] p1a: Rillaboom
|move|p1b: Zamazenta|Protect|p1b: Zamazenta
|-singleturn|p1b: Zamazenta|Protect
|move|p2a: Miraidon|Volt Switch|p1a: Rillaboom
|-resisted|p1a: Rillaboom
|-damage|p1a: Rillaboom|88/100
|
|t:|1750807693
|switch|p2a: Flutter Mane|Flutter Mane, L50, shiny|100/100|[from] Volt Switch
|-activate|p2a: Flutter Mane|ability: Protosynthesis
|-start|p2a: Flutter Mane|protosynthesisspe
|move|p2b: Groudon|Fire Punch|p1a: Rillaboom
|-supereffective|p1a: Rillaboom
|-damage|p1a: Rillaboom|3/100
|
|-weather|SunnyDay|[upkeep]
|-heal|p1b: Zamazenta|63/100|[from] Grassy Terrain
|-heal|p1a: Rillaboom|9/100|[from] Grassy Terrain
|upkeep
|turn|3
|inactive|alecfromkanto has 30 seconds left.
|inactive|alecfromkanto has 20 seconds left.
|
|t:|1750807730
|move|p2a: Flutter Mane|Protect|p2a: Flutter Mane
|-singleturn|p2a: Flutter Mane|Protect
|move|p2b: Groudon|Protect|p2b: Groudon
|-singleturn|p2b: Groudon|Protect
|move|p1a: Rillaboom|Fake Out|p2b: Groudon
|-activate|p2b: Groudon|move: Protect
|move|p1b: Zamazenta|Behemoth Bash|p2a: Flutter Mane
|-activate|p2a: Flutter Mane|move: Protect
|
|-weather|SunnyDay|[upkeep]
|-heal|p1b: Zamazenta|69/100|[from] Grassy Terrain
|-heal|p1a: Rillaboom|15/100|[from] Grassy Terrain
|upkeep
|turn|4
|inactive|alecfromkanto has 30 seconds left.
|inactive|alecfromkanto has 20 seconds left.
|inactive|alecfromkanto has 15 seconds left.
|
|t:|1750807773
|move|p1b: Zamazenta|Wide Guard|p1b: Zamazenta
|-singleturn|p1b: Zamazenta|Wide Guard
|move|p1a: Rillaboom|Grassy Glide|p2a: Flutter Mane
|-damage|p2a: Flutter Mane|20/100
|move|p2a: Flutter Mane|Moonblast|p1a: Rillaboom
|-damage|p1a: Rillaboom|0 fnt
|faint|p1a: Rillaboom
|move|p2b: Groudon|Fire Punch|p1b: Zamazenta
|-supereffective|p1b: Zamazenta
|-damage|p1b: Zamazenta|32/100
|
|-weather|SunnyDay|[upkeep]
|-heal|p2a: Flutter Mane|26/100|[from] Grassy Terrain
|-heal|p1b: Zamazenta|38/100|[from] Grassy Terrain
|upkeep
|
|t:|1750807788
|switch|p1a: Incineroar|Incineroar, L50, M|22/100
|-ability|p1a: Incineroar|Intimidate|boost
|-unboost|p2a: Flutter Mane|atk|1
|-fail|p2b: Groudon|unboost|[from] item: Clear Amulet|[of] p2b: Groudon
|turn|5
|inactive|alecfromkanto has 30 seconds left.
|inactive|alecfromkanto has 20 seconds left.
|
|t:|1750807835
|-end|p2a: Flutter Mane|Protosynthesis|[silent]
|switch|p2a: Miraidon|Miraidon, L50|100/100
|-fieldstart|move: Electric Terrain|[from] ability: Hadron Engine|[of] p2a: Miraidon
|move|p2b: Groudon|Protect|p2b: Groudon
|-singleturn|p2b: Groudon|Protect
|move|p1a: Incineroar|Fake Out|p2b: Groudon
|-activate|p2b: Groudon|move: Protect
|move|p1b: Zamazenta|Body Press|p2b: Groudon
|-activate|p2b: Groudon|move: Protect
|
|-weather|none
|upkeep
|turn|6
|inactive|alecfromkanto has 30 seconds left.
|inactive|alecfromkanto has 20 seconds left.
|inactive|alecfromkanto has 15 seconds left.
|inactive|alecfromkanto has 10 seconds left.
|
|t:|1750807880
|-terastallize|p2b: Groudon|Fire
|move|p1b: Zamazenta|Wide Guard|p1b: Zamazenta
|-singleturn|p1b: Zamazenta|Wide Guard
|move|p2a: Miraidon|Volt Switch|p1a: Incineroar
|-damage|p1a: Incineroar|0 fnt
|faint|p1a: Incineroar
|
|t:|1750807886
|switch|p2a: Flutter Mane|Flutter Mane, L50, shiny|26/100|[from] Volt Switch
|move|p2b: Groudon|Fire Punch|p1b: Zamazenta
|-supereffective|p1b: Zamazenta
|-damage|p1b: Zamazenta|3/100
|
|upkeep
|
|t:|1750807892
|switch|p1a: Calyrex|Calyrex-Shadow, L50|100/100
|-ability|p1a: Calyrex|As One
|-ability|p1a: Calyrex|Unnerve
|turn|7
|inactive|alecfromkanto has 30 seconds left.
|inactive|alecfromkanto has 20 seconds left.
|inactive|alecfromkanto has 15 seconds left.
|inactive|alecfromkanto has 10 seconds left.
|inactive|alecfromkanto has 5 seconds left.
|
|t:|1750807946
|switch|p2b: Miraidon|Miraidon, L50|100/100
|-activate|p2b: Miraidon|ability: Hadron Engine
|move|p2a: Flutter Mane|Protect|p2a: Flutter Mane
|-singleturn|p2a: Flutter Mane|Protect
|move|p1a: Calyrex|Astral Barrage|p2a: Flutter Mane|[spread] p2b
|-activate|p2a: Flutter Mane|move: Protect
|-damage|p2b: Miraidon|47/100
|-damage|p1a: Calyrex|91/100|[from] item: Life Orb
|move|p1b: Zamazenta|Body Press|p2b: Miraidon
|-damage|p2b: Miraidon|0 fnt
|faint|p2b: Miraidon
|
|upkeep
|
|t:|1750807958
|switch|p2b: Groudon|Groudon, L50, shiny, tera:Fire|100/100
|-weather|SunnyDay|[from] ability: Drought|[of] p2b: Groudon
|-activate|p2a: Flutter Mane|ability: Protosynthesis
|-start|p2a: Flutter Mane|protosynthesisspe
|turn|8
|inactive|alecfromkanto has 30 seconds left.
|inactive|alecfromkanto has 20 seconds left.
|inactive|alecfromkanto has 15 seconds left.
|
|t:|1750808001
|move|p2a: Flutter Mane|Moonblast|p1b: Zamazenta
|-damage|p1b: Zamazenta|0 fnt
|faint|p1b: Zamazenta
|move|p1a: Calyrex|Astral Barrage|p2a: Flutter Mane|[spread] p2a,p2b
|-supereffective|p2a: Flutter Mane
|-damage|p2a: Flutter Mane|0 fnt
|-damage|p2b: Groudon|36/100
|faint|p2a: Flutter Mane
|-end|p2a: Flutter Mane|Protosynthesis|[silent]
|-ability|p1a: Calyrex|Grim Neigh|boost
|-boost|p1a: Calyrex|spa|1
|-damage|p1a: Calyrex|81/100|[from] item: Life Orb
|move|p2b: Groudon|Precipice Blades|p1a: Calyrex
|-damage|p1a: Calyrex|5/100
|
|-weather|SunnyDay|[upkeep]
|upkeep
|turn|9
|
|t:|1750808015
|move|p2b: Groudon|Protect|p2b: Groudon
|-singleturn|p2b: Groudon|Protect
|move|p1a: Calyrex|Astral Barrage|p2b: Groudon
|-activate|p2b: Groudon|move: Protect
|
|-weather|SunnyDay|[upkeep]
|-fieldend|move: Electric Terrain
|upkeep
|turn|10
|
|t:|1750808018
|move|p1a: Calyrex|Astral Barrage|p2b: Groudon
|-damage|p2b: Groudon|0 fnt
|faint|p2b: Groudon
|-damage|p1a: Calyrex|0 fnt|[from] item: Life Orb
|faint|p1a: Calyrex
|
|win|CamNewtontheGOAT
|raw|CamNewtontheGOAT's rating: 1407 &rarr; <strong>1425</strong><br />(+18 for winning)
|raw|alecfromkanto's rating: 1379 &rarr; <strong>1361</strong><br />(-18 for losing)
