|j|☆Danielon611
|j|☆quantumking12
|t:|1750865568
|gametype|doubles
|player|p1|Danielon611|1|1281
|player|p2|quantumking12|biker-gen4|1190
|teamsize|p1|6
|teamsize|p2|6
|gen|9
|tier|[Gen 9] VGC 2025 Reg I
|rated|
|rule|Species Clause: Limit one of each Pokémon
|rule|Item Clause: Limit 1 of each item
|clearpoke
|poke|p1|Calyrex-Shadow, L50|
|poke|p1|Zamazenta-*, L50|
|poke|p1|Tornadus, L50, M|
|poke|p1|Chi-Yu, L50|
|poke|p1|Rillaboom, L50, F|
|poke|p1|Incineroar, L50, M|
|poke|p2|Chi-Yu, L50|
|poke|p2|Sinistcha-Masterpiece, L50|
|poke|p2|Zacian-*, L50|
|poke|p2|Groudon, L50|
|poke|p2|Whimsicott, L50, F|
|poke|p2|Kilowattrel, L50, M|
|teampreview|4
|inactive|Battle timer is ON: inactive players will automatically lose when time's up. (requested by quantumking12)
|inactive|Danielon611 has 60 seconds left.
|
|t:|1750865607
|start
|switch|p1a: Tornadus|Tornadus, L50, M|100/100
|switch|p1b: Chi-Yu|Chi-Yu, L50|100/100
|switch|p2a: Kilowattrel|Kilowattrel, L50, M|100/100
|switch|p2b: Chi-Yu|Chi-Yu, L50|100/100
|-ability|p1b: Chi-Yu|Beads of Ruin
|-ability|p2b: Chi-Yu|Beads of Ruin
|turn|1
|
|t:|1750865632
|move|p1a: Tornadus|Tailwind|p1a: Tornadus
|-sidestart|p1: Danielon611|move: Tailwind
|move|p1b: Chi-Yu|Overheat|p2a: Kilowattrel
|-damage|p2a: Kilowattrel|0 fnt
|-unboost|p1b: Chi-Yu|spa|2
|faint|p2a: Kilowattrel
|move|p2b: Chi-Yu|Heat Wave|p1b: Chi-Yu|[spread] p1a,p1b
|-resisted|p1b: Chi-Yu
|-damage|p1a: Tornadus|37/100
|-damage|p1b: Chi-Yu|75/100
|
|upkeep
|
|t:|1750865643
|switch|p2a: Groudon|Groudon, L50|100/100
|-weather|SunnyDay|[from] ability: Drought|[of] p2a: Groudon
|turn|2
|
|t:|1750865651
|switch|p1b: Incineroar|Incineroar, L50, M|100/100
|-ability|p1b: Incineroar|Intimidate|boost
|-unboost|p2a: Groudon|atk|1
|-unboost|p2b: Chi-Yu|atk|1
|move|p1a: Tornadus|Rain Dance|p1a: Tornadus
|-weather|RainDance
|move|p2b: Chi-Yu|Heat Wave|p1a: Tornadus|[spread] p1a
|-miss|p2b: Chi-Yu|p1b: Incineroar
|-damage|p1a: Tornadus|3/100
|move|p2a: Groudon|Rock Slide|p1b: Incineroar|[spread] p1a,p1b
|-supereffective|p1a: Tornadus
|-supereffective|p1b: Incineroar
|-damage|p1a: Tornadus|0 fnt
|-damage|p1b: Incineroar|72/100
|faint|p1a: Tornadus
|-damage|p2a: Groudon|91/100|[from] item: Life Orb
|
|-weather|RainDance|[upkeep]
|upkeep
|
|t:|1750865670
|switch|p1a: Calyrex|Calyrex-Shadow, L50|100/100
|-ability|p1a: Calyrex|As One
|-ability|p1a: Calyrex|Unnerve
|turn|3
|
|t:|1750865680
|switch|p2a: Zacian|Zacian-Crowned, L50, shiny|100/100
|-ability|p2a: Zacian|Intrepid Sword|boost
|-boost|p2a: Zacian|atk|1
|-terastallize|p1a: Calyrex|Ground
|move|p1b: Incineroar|Fake Out|p2a: Zacian
|-resisted|p2a: Zacian
|-damage|p2a: Zacian|96/100
|move|p1a: Calyrex|Tera Blast|p2b: Chi-Yu|[anim] Tera Blast Ground
|-supereffective|p2b: Chi-Yu
|-damage|p2b: Chi-Yu|0 fnt
|faint|p2b: Chi-Yu
|-ability|p1a: Calyrex|Grim Neigh|boost
|-boost|p1a: Calyrex|spa|1
|
|-weather|RainDance|[upkeep]
|upkeep
|
|t:|1750865693
|switch|p2b: Groudon|Groudon, L50|91/100
|-weather|SunnyDay|[from] ability: Drought|[of] p2b: Groudon
|turn|4
|
|t:|1750865705
|move|p1a: Calyrex|Tera Blast|p2a: Zacian|[anim] Tera Blast Ground
|-supereffective|p2a: Zacian
|-damage|p2a: Zacian|0 fnt
|faint|p2a: Zacian
|-ability|p1a: Calyrex|Grim Neigh|boost
|-boost|p1a: Calyrex|spa|1
|move|p1b: Incineroar|Will-O-Wisp|p2b: Groudon|[miss]
|-miss|p1b: Incineroar|p2b: Groudon
|move|p2b: Groudon|Precipice Blades|p1a: Calyrex|[spread] p1a,p1b
|-supereffective|p1b: Incineroar
|-damage|p1a: Calyrex|4/100
|-damage|p1b: Incineroar|0 fnt
|faint|p1b: Incineroar
|-damage|p2b: Groudon|81/100|[from] item: Life Orb
|
|-weather|SunnyDay|[upkeep]
|-sideend|p1: Danielon611|move: Tailwind
|upkeep
|
|t:|1750865721
|switch|p1b: Chi-Yu|Chi-Yu, L50|75/100
|-ability|p1b: Chi-Yu|Beads of Ruin
|turn|5
|
|t:|1750865732
|move|p1b: Chi-Yu|Overheat|p2b: Groudon
|-damage|p2b: Groudon|0 fnt
|-unboost|p1b: Chi-Yu|spa|2
|faint|p2b: Groudon
|
|win|Danielon611
|raw|Danielon611's rating: 1281 &rarr; <strong>1300</strong><br />(+19 for winning)
|raw|quantumking12's rating: 1190 &rarr; <strong>1171</strong><br />(-19 for losing)
|l|☆Danielon611
|player|p1|
|l|☆quantumking12
|player|p2|
