|j|☆Chrisrilla
|j|☆Odaibaru
|t:|1750712689
|gametype|doubles
|player|p1|Chrisrilla|170|1086
|player|p2|Odaibaru|266|1145
|teamsize|p1|6
|teamsize|p2|6
|gen|9
|tier|[Gen 9] VGC 2025 Reg I
|rated|
|rule|Species Clause: Limit one of each Pokémon
|rule|Item Clause: Limit 1 of each item
|clearpoke
|poke|p1|Incineroar, L50, F|
|poke|p1|Amoonguss, L50, M|
|poke|p1|Miraidon, L50|
|poke|p1|Urshifu-*, L50, F|
|poke|p1|Calyrex-Shadow, L50|
|poke|p1|Pelipper, L50, F|
|poke|p2|Slaking, L50, M|
|poke|p2|Weezing, L50, M|
|poke|p2|Koffing, L50, M|
|poke|p2|Plusle, L50, F|
|poke|p2|Minun, L50, M|
|poke|p2|Regigigas, L50|
|teampreview|4
|inactive|Battle timer is ON: inactive players will automatically lose when time's up. (requested by Odaibaru)
Odaibaru rejected open team sheets.
|
|t:|1750712722
|start
|switch|p1a: Incineroar|Incineroar, L50, F|100/100
|switch|p1b: Miraidon|Miraidon, L50|100/100
|switch|p2a: Koffing|Koffing, L50, M|100/100
|switch|p2b: Slaking|Slaking, L50, M|100/100
|-ability|p2a: Koffing|Neutralizing Gas
|turn|1
|inactive|Chrisrilla has 30 seconds left.
|
|t:|1750712754
|-terastallize|p2b: Slaking|Ground
|move|p2a: Koffing|Protect|p2a: Koffing
|-singleturn|p2a: Koffing|Protect
|move|p1b: Miraidon|Dazzling Gleam|p2a: Koffing|[spread] p2b
|-activate|p2a: Koffing|move: Protect
|-damage|p2b: Slaking|78/100
|move|p2b: Slaking|High Horsepower|p1b: Miraidon
|-supereffective|p1b: Miraidon
|-damage|p1b: Miraidon|0 fnt
|faint|p1b: Miraidon
|move|p1a: Incineroar|Taunt|p2b: Slaking
|-start|p2b: Slaking|move: Taunt
|
|upkeep
|
|t:|1750712775
|switch|p1b: Calyrex|Calyrex-Shadow, L50|100/100
|-ability|p1b: Calyrex|As One
|-ability|p1b: Calyrex|Unnerve
|turn|2
|
|t:|1750712786
|move|p1b: Calyrex|Protect|p1b: Calyrex
|-singleturn|p1b: Calyrex|Protect
|move|p2b: Slaking|Shadow Claw|p1b: Calyrex
|-activate|p1b: Calyrex|move: Protect
|move|p1a: Incineroar|Parting Shot|p2b: Slaking
|-unboost|p2b: Slaking|atk|1
|-unboost|p2b: Slaking|spa|1
|
|t:|1750712795
|switch|p1a: Amoonguss|Amoonguss, L50, M|100/100|[from] Parting Shot
|move|p2a: Koffing|Scary Face|p1b: Calyrex
|-activate|p1b: Calyrex|move: Protect
|
|upkeep
|turn|3
|inactive|Odaibaru has 30 seconds left.
|
|t:|1750712821
|switch|p2b: Regigigas|Regigigas, L50|100/100
|move|p1b: Calyrex|Psychic|p2a: Koffing
|-supereffective|p2a: Koffing
|-damage|p2a: Koffing|0 fnt
|faint|p2a: Koffing
|-end|p2a: Koffing|ability: Neutralizing Gas
|-start|p2b: Regigigas|ability: Slow Start
|-ability|p1b: Calyrex|Grim Neigh|boost
|-boost|p1b: Calyrex|spa|1
|-damage|p1b: Calyrex|91/100|[from] item: Life Orb
|move|p1a: Amoonguss|Toxic|p2b: Regigigas
|-status|p2b: Regigigas|tox
|
|-damage|p2b: Regigigas|95/100 tox|[from] psn
|upkeep
|
|t:|1750712837
|switch|p2a: Weezing|Weezing, L50, M|100/100
|-ability|p2a: Weezing|Neutralizing Gas
|-end|p2b: Regigigas|Slow Start|[silent]
|turn|4
|
|t:|1750712850
|move|p1b: Calyrex|Psychic|p2a: Weezing
|-supereffective|p2a: Weezing
|-crit|p2a: Weezing
|-damage|p2a: Weezing|0 fnt
|faint|p2a: Weezing
|-end|p2a: Weezing|ability: Neutralizing Gas
|-start|p2b: Regigigas|ability: Slow Start
|-ability|p1b: Calyrex|Grim Neigh|boost
|-boost|p1b: Calyrex|spa|1
|-damage|p1b: Calyrex|81/100|[from] item: Life Orb
|move|p2b: Regigigas|High Horsepower|p1b: Calyrex
|-damage|p1b: Calyrex|56/100
|move|p1a: Amoonguss|Spore||[still]
|-fail|p1a: Amoonguss
|
|-heal|p2b: Regigigas|100/100 tox|[from] item: Leftovers
|-damage|p2b: Regigigas|89/100 tox|[from] psn
|upkeep
|
|t:|1750712867
|switch|p2a: Slaking|Slaking, L50, M, tera:Ground|78/100
|turn|5
|
|t:|1750712880
|move|p1b: Calyrex|Pain Split|p2b: Regigigas
|-sethp|p2b: Regigigas|67/100 tox|[from] move: Pain Split|[silent]
|-sethp|p1b: Calyrex|83/100|[from] move: Pain Split
|move|p2a: Slaking|Shadow Claw|p1b: Calyrex
|-supereffective|p1b: Calyrex
|-crit|p1b: Calyrex
|-damage|p1b: Calyrex|0 fnt
|faint|p1b: Calyrex
|move|p2b: Regigigas|High Horsepower|p1a: Amoonguss
|-damage|p1a: Amoonguss|82/100
|move|p1a: Amoonguss|Energy Ball|p2a: Slaking
|-supereffective|p2a: Slaking
|-damage|p2a: Slaking|15/100
|
|-heal|p2b: Regigigas|73/100 tox|[from] item: Leftovers
|-damage|p2b: Regigigas|55/100 tox|[from] psn
|upkeep
|
|t:|1750712897
|switch|p1b: Incineroar|Incineroar, L50, F|100/100
|-ability|p1b: Incineroar|Intimidate|boost
|-unboost|p2a: Slaking|atk|1
|-unboost|p2b: Regigigas|atk|1
|turn|6
|
|t:|1750712916
|move|p2b: Regigigas|Protect|p2b: Regigigas
|-singleturn|p2b: Regigigas|Protect
|cant|p2a: Slaking|ability: Truant
|move|p1b: Incineroar|Knock Off|p2b: Regigigas
|-activate|p2b: Regigigas|move: Protect
|move|p1a: Amoonguss|Energy Ball|p2a: Slaking
|-supereffective|p2a: Slaking
|-damage|p2a: Slaking|0 fnt
|faint|p2a: Slaking
|
|-heal|p2b: Regigigas|61/100 tox|[from] item: Leftovers
|-damage|p2b: Regigigas|37/100 tox|[from] psn
|upkeep
|turn|7
|
|t:|1750712937
|move|p1b: Incineroar|Knock Off|p2b: Regigigas
|-damage|p2b: Regigigas|10/100 tox
|-enditem|p2b: Regigigas|Leftovers|[from] move: Knock Off|[of] p1b: Incineroar
|move|p2b: Regigigas|Drain Punch|p1b: Incineroar
|-supereffective|p1b: Incineroar
|-damage|p1b: Incineroar|80/100
|-heal|p2b: Regigigas|20/100 tox|[from] drain|[of] p1b: Incineroar
|move|p1a: Amoonguss|Energy Ball|p2b: Regigigas
|-damage|p2b: Regigigas|0 fnt
|faint|p2b: Regigigas
|-end|p2b: Regigigas|Slow Start|[silent]
|
|win|Chrisrilla
|raw|Chrisrilla's rating: 1086 &rarr; <strong>1118</strong><br />(+32 for winning)
|raw|Odaibaru's rating: 1145 &rarr; <strong>1116</strong><br />(-29 for losing)
|l|☆Odaibaru
|player|p2|
|l|☆Chrisrilla
|player|p1|
