|j|☆Iusjs
|j|☆sillynator
|t:|1750743118
|gametype|doubles
|player|p1|Iusjs|102|1204
|player|p2|sillynator|emmet|1296
|teamsize|p1|6
|teamsize|p2|6
|gen|9
|tier|[Gen 9] VGC 2025 Reg I
|rated|
|rule|Species Clause: Limit one of each Pokémon
|rule|Item Clause: Limit 1 of each item
|clearpoke
|poke|p1|Mudsdale, L50, F|
|poke|p1|Dialga, L50|
|poke|p1|Gallade, L50, M|
|poke|p1|Incineroar, L50, F|
|poke|p1|Indeedee-F, L50, F|
|poke|p1|Lunala, L50|
|poke|p2|Miraidon, L50|
|poke|p2|Basculegion, L50, M|
|poke|p2|Kyogre, L50|
|poke|p2|Incineroar, L50, F|
|poke|p2|Ogerpon-Cornerstone, L50, F|
|poke|p2|Murkrow, L50, M|
|teampreview|4
|inactive|Battle timer is ON: inactive players will automatically lose when time's up. (requested by sillynator)
Iusjs has agreed to open team sheets.
|inactive|Iusjs has 60 seconds left.
|inactive|Iusjs has 30 seconds left.
|inactive|Iusjs has 20 seconds left.
|inactive|Iusjs has 15 seconds left.
|inactive|Iusjs has 10 seconds left.
|
|t:|1750743201
|start
|switch|p1a: Lunala|Lunala, L50|100/100
|switch|p1b: Indeedee|Indeedee-F, L50, F|100/100
|switch|p2a: Kyogre|Kyogre, L50, shiny|100/100
|switch|p2b: Ogerpon|Ogerpon-Cornerstone, L50, F|100/100
|-weather|RainDance|[from] ability: Drizzle|[of] p2a: Kyogre
|-fieldstart|move: Psychic Terrain|[from] ability: Psychic Surge|[of] p1b: Indeedee
|turn|1
|
|t:|1750743217
|move|p2a: Kyogre|Protect|p2a: Kyogre
|-singleturn|p2a: Kyogre|Protect
|move|p1a: Lunala|Wide Guard|p1a: Lunala
|-singleturn|p1a: Lunala|Wide Guard
|move|p2b: Ogerpon|Taunt|p1b: Indeedee
|-start|p1b: Indeedee|move: Taunt
|cant|p1b: Indeedee|move: Taunt|Trick Room
|
|-weather|RainDance|[upkeep]
|upkeep
|turn|2
|inactive|Iusjs has 30 seconds left.
|
|t:|1750743246
|switch|p1b: Dialga|Dialga, L50|100/100
|-enditem|p1b: Dialga|Psychic Seed
|-boost|p1b: Dialga|spd|1|[from] item: Psychic Seed
|-terastallize|p1a: Lunala|Fairy
|move|p1a: Lunala|Moonblast|p2a: Kyogre
|-damage|p2a: Kyogre|68/100
|move|p2b: Ogerpon|Wood Hammer|p1a: Lunala
|-damage|p1a: Lunala|75/100
|-damage|p2b: Ogerpon|84/100|[from] item: Rocky Helmet|[of] p1a: Lunala
|-damage|p2b: Ogerpon|73/100|[from] Recoil
|move|p2a: Kyogre|Water Spout|p1b: Dialga|[spread] p1a,p1b
|-resisted|p1b: Dialga
|-damage|p1a: Lunala|9/100
|-damage|p1b: Dialga|76/100
|
|-weather|RainDance|[upkeep]
|upkeep
|turn|3
|inactive|Iusjs has 30 seconds left.
|inactive|sillynator has 30 seconds left.
|
|t:|1750743277
|move|p1a: Lunala|Protect|p1a: Lunala
|-singleturn|p1a: Lunala|Protect
|move|p2b: Ogerpon|Taunt|p1b: Dialga
|-start|p1b: Dialga|move: Taunt
|move|p2a: Kyogre|Ice Beam|p1a: Lunala
|-activate|p1a: Lunala|move: Protect
|move|p1b: Dialga|Flash Cannon|p2b: Ogerpon
|-supereffective|p2b: Ogerpon
|-damage|p2b: Ogerpon|0 fnt
|faint|p2b: Ogerpon
|
|-weather|RainDance|[upkeep]
|upkeep
|
|t:|1750743284
|switch|p2b: Basculegion|Basculegion, L50, M|100/100
|turn|4
|inactive|Iusjs has 30 seconds left.
|inactive|Iusjs has 20 seconds left.
|inactive|Iusjs has 15 seconds left.
|
|t:|1750743331
|move|p2b: Basculegion|Protect|p2b: Basculegion
|-singleturn|p2b: Basculegion|Protect
|move|p1a: Lunala|Moongeist Beam|p2b: Basculegion
|-activate|p2b: Basculegion|move: Protect
|move|p2a: Kyogre|Ice Beam|p1a: Lunala
|-damage|p1a: Lunala|0 fnt
|faint|p1a: Lunala
|move|p1b: Dialga|Roar of Time|p2a: Kyogre|[miss]
|-miss|p1b: Dialga|p2a: Kyogre
|
|-weather|RainDance|[upkeep]
|upkeep
|
|t:|1750743347
|switch|p1a: Indeedee|Indeedee-F, L50, F|100/100
|turn|5
|
|t:|1750743364
|-terastallize|p2b: Basculegion|Stellar
|move|p2b: Basculegion|Last Respects|p1b: Dialga
|-damage|p1b: Dialga|6/100
|-damage|p2b: Basculegion|91/100|[from] item: Life Orb
|move|p2a: Kyogre|Water Spout|p1a: Indeedee|[spread] p1a,p1b
|-resisted|p1b: Dialga
|-damage|p1a: Indeedee|38/100
|-damage|p1b: Dialga|0 fnt
|faint|p1b: Dialga
|move|p1a: Indeedee|Trick Room|p1a: Indeedee
|-fieldstart|move: Trick Room|[of] p1a: Indeedee
|
|-weather|none
|-fieldend|move: Psychic Terrain
|upkeep
|
|t:|1750743378
|switch|p1b: Mudsdale|Mudsdale, L50, F|100/100
|turn|6
|inactive|Iusjs has 30 seconds left.
|inactive|Iusjs has 20 seconds left.
|inactive|Iusjs has 15 seconds left.
|inactive|Iusjs has 10 seconds left.
|
|t:|1750743428
|move|p1a: Indeedee|Follow Me|p1a: Indeedee
|-singleturn|p1a: Indeedee|move: Follow Me
|move|p2b: Basculegion|Aqua Jet|p1a: Indeedee
|-damage|p1a: Indeedee|0 fnt
|faint|p1a: Indeedee
|-damage|p2b: Basculegion|81/100|[from] item: Life Orb
|move|p1b: Mudsdale|High Horsepower|p2a: Kyogre
|-damage|p2a: Kyogre|0 fnt
|faint|p2a: Kyogre
|
|upkeep
|
|t:|1750743440
|switch|p2a: Miraidon|Miraidon, L50|100/100
|-fieldstart|move: Electric Terrain|[from] ability: Hadron Engine|[of] p2a: Miraidon
|turn|7
|inactive|Iusjs has 30 seconds left.
|
|t:|1750743466
|move|p1b: Mudsdale|High Horsepower|p2a: Miraidon
|-supereffective|p2a: Miraidon
|-damage|p2a: Miraidon|0 fnt
|faint|p2a: Miraidon
|move|p2b: Basculegion|Wave Crash|p1b: Mudsdale
|-supereffective|p1b: Mudsdale
|-damage|p1b: Mudsdale|0 fnt
|faint|p1b: Mudsdale
|-damage|p2b: Basculegion|46/100|[from] Recoil
|-damage|p2b: Basculegion|36/100|[from] item: Life Orb
|
|win|sillynator
|raw|Iusjs's rating: 1204 &rarr; <strong>1185</strong><br />(-19 for losing)
|raw|sillynator's rating: 1296 &rarr; <strong>1315</strong><br />(+19 for winning)
|l|☆sillynator
|player|p2|
|l|☆Iusjs
|player|p1|
