|j|☆MtrCtyMunchlx
|j|☆parmigggiana
|t:|1750770656
|gametype|doubles
|player|p1|MtrCtyMunchlx|rood|1059
|player|p2|parmigggiana|266|1109
|teamsize|p1|6
|teamsize|p2|6
|gen|9
|tier|[Gen 9] VGC 2025 Reg I
|rated|
|rule|Species Clause: Limit one of each Pokémon
|rule|Item Clause: Limit 1 of each item
|clearpoke
|poke|p1|Snorlax, L50, F|
|poke|p1|Indeedee-F, L50, F|
|poke|p1|Iron Hands, L50|
|poke|p1|Gyarados, L50, F|
|poke|p1|Calyrex-Ice, L50|
|poke|p1|Giratina-Origin, L50|
|poke|p2|Gastrodon-East, L50, F|
|poke|p2|Incineroar, L50, F|
|poke|p2|Koraidon, L50|
|poke|p2|Terapagos, L50, M|
|poke|p2|Raichu-Alola, L50, F|
|poke|p2|Rillaboom, L50, M|
|teampreview|4
|inactive|Battle timer is ON: inactive players will automatically lose when time's up. (requested by parmigggiana)
parmigggiana has agreed to open team sheets.
|
|t:|1750770685
|start
|switch|p1a: Indeedee|Indeedee-F, L50, F|100/100
|switch|p1b: Snorlax|Snorlax, L50, F, shiny|100/100
|switch|p2a: Incineroar|Incineroar, L50, F|100/100
|switch|p2b: Koraidon|Koraidon, L50|100/100
|-weather|SunnyDay|[from] ability: Orichalcum Pulse|[of] p2b: Koraidon
|-activate|p2b: Koraidon|Orichalcum Pulse|[source]
|-ability|p2a: Incineroar|Intimidate|boost
|-unboost|p1a: Indeedee|atk|1
|-unboost|p1b: Snorlax|atk|1
|-fieldstart|move: Psychic Terrain|[from] ability: Psychic Surge|[of] p1a: Indeedee
|turn|1
|
|t:|1750770708
|move|p1b: Snorlax|Protect|p1b: Snorlax
|-singleturn|p1b: Snorlax|Protect
|move|p2b: Koraidon|Collision Course|p1b: Snorlax
|-activate|p1b: Snorlax|move: Protect
|move|p2a: Incineroar|Knock Off|p1a: Indeedee
|-supereffective|p1a: Indeedee
|-damage|p1a: Indeedee|4/100
|-enditem|p1a: Indeedee|Leftovers|[from] move: Knock Off|[of] p2a: Incineroar
|move|p1a: Indeedee|Trick Room|p1a: Indeedee
|-fieldstart|move: Trick Room|[of] p1a: Indeedee
|
|-weather|SunnyDay|[upkeep]
|-status|p1b: Snorlax|brn|[from] item: Flame Orb
|upkeep
|turn|2
|
|t:|1750770732
|move|p1a: Indeedee|Helping Hand|p1b: Snorlax
|-singleturn|p1b: Snorlax|Helping Hand|[of] p1a: Indeedee
|move|p1b: Snorlax|Facade|p2b: Koraidon
|-damage|p2b: Koraidon|51/100
|move|p2a: Incineroar|Parting Shot|p1b: Snorlax
|-unboost|p1b: Snorlax|atk|1
|-unboost|p1b: Snorlax|spa|1
|
|t:|1750770740
|switch|p2a: Rillaboom|Rillaboom, L50, M|100/100|[from] Parting Shot
|-fieldstart|move: Grassy Terrain|[from] ability: Grassy Surge|[of] p2a: Rillaboom
|move|p2b: Koraidon|U-turn|p1a: Indeedee
|-supereffective|p1a: Indeedee
|-damage|p1a: Indeedee|0 fnt
|faint|p1a: Indeedee
|-damage|p2b: Koraidon|41/100|[from] item: Life Orb
|
|t:|1750770750
|switch|p2b: Incineroar|Incineroar, L50, F|100/100|[from] U-turn
|-ability|p2b: Incineroar|Intimidate|boost
|-unboost|p1b: Snorlax|atk|1
|
|-weather|SunnyDay|[upkeep]
|-damage|p1b: Snorlax|94/100 brn|[from] brn
|upkeep
|
|t:|1750770757
|switch|p1a: Calyrex|Calyrex-Ice, L50|100/100
|-ability|p1a: Calyrex|As One
|-ability|p1a: Calyrex|Unnerve
|turn|3
|
|t:|1750770777
|switch|p2b: Koraidon|Koraidon, L50|41/100
|-activate|p2b: Koraidon|ability: Orichalcum Pulse
|-terastallize|p1a: Calyrex|Fire
|move|p2a: Rillaboom|Fake Out|p1a: Calyrex
|-damage|p1a: Calyrex|95/100
|move|p1b: Snorlax|Heavy Slam|p2b: Koraidon
|-damage|p2b: Koraidon|39/100
|move|p1a: Calyrex|Glacial Lance|p2b: Koraidon|[spread] p2a,p2b
|-supereffective|p2a: Rillaboom
|-supereffective|p2b: Koraidon
|-damage|p2a: Rillaboom|25/100
|-damage|p2b: Koraidon|0 fnt
|faint|p2b: Koraidon
|-ability|p1a: Calyrex|Chilling Neigh|boost
|-boost|p1a: Calyrex|atk|1
|
|-weather|SunnyDay|[upkeep]
|-heal|p1b: Snorlax|100/100 brn|[from] Grassy Terrain
|-heal|p1a: Calyrex|100/100|[from] Grassy Terrain
|-heal|p2a: Rillaboom|31/100|[from] Grassy Terrain
|-damage|p1b: Snorlax|94/100 brn|[from] brn
|upkeep
|
|t:|1750770790
|switch|p2b: Incineroar|Incineroar, L50, F|100/100
|-ability|p2b: Incineroar|Intimidate|boost
|-unboost|p1a: Calyrex|atk|1
|-unboost|p1b: Snorlax|atk|1
|turn|4
|
|t:|1750770810
|move|p2a: Rillaboom|Grassy Glide|p1a: Calyrex
|-resisted|p1a: Calyrex
|-damage|p1a: Calyrex|93/100
|move|p1b: Snorlax|Heavy Slam|p2b: Incineroar
|-resisted|p2b: Incineroar
|-damage|p2b: Incineroar|98/100
|move|p1a: Calyrex|Glacial Lance|p2b: Incineroar|[spread] p2a,p2b
|-supereffective|p2a: Rillaboom
|-resisted|p2b: Incineroar
|-damage|p2a: Rillaboom|0 fnt
|-damage|p2b: Incineroar|76/100
|faint|p2a: Rillaboom
|-ability|p1a: Calyrex|Chilling Neigh|boost
|-boost|p1a: Calyrex|atk|1
|move|p2b: Incineroar|Knock Off|p1a: Calyrex
|-damage|p1a: Calyrex|75/100
|-enditem|p1a: Calyrex|Covert Cloak|[from] move: Knock Off|[of] p2b: Incineroar
|
|-weather|SunnyDay|[upkeep]
|-heal|p1b: Snorlax|100/100 brn|[from] Grassy Terrain
|-heal|p1a: Calyrex|81/100|[from] Grassy Terrain
|-heal|p2b: Incineroar|82/100|[from] Grassy Terrain
|-damage|p1b: Snorlax|94/100 brn|[from] brn
|upkeep
|
|t:|1750770823
|switch|p2a: Terapagos|Terapagos, L50, M|100/100
|-activate|p2a: Terapagos|ability: Tera Shift
|detailschange|p2a: Terapagos|Terapagos-Terastal, L50, M
|-heal|p2a: Terapagos|100/100|[silent]
|turn|5
|
|t:|1750770845
|move|p2a: Terapagos|Protect|p2a: Terapagos
|-singleturn|p2a: Terapagos|Protect
|move|p1b: Snorlax|Thunder Punch|p2a: Terapagos
|-activate|p2a: Terapagos|move: Protect
|move|p1a: Calyrex|High Horsepower|p2b: Incineroar
|-supereffective|p2b: Incineroar
|-damage|p2b: Incineroar|0 fnt
|faint|p2b: Incineroar
|-ability|p1a: Calyrex|Chilling Neigh|boost
|-boost|p1a: Calyrex|atk|1
|
|-weather|none
|-heal|p1b: Snorlax|100/100 brn|[from] Grassy Terrain
|-heal|p1a: Calyrex|87/100|[from] Grassy Terrain
|-damage|p1b: Snorlax|94/100 brn|[from] brn
|-fieldend|move: Trick Room
|upkeep
|turn|6
|
|t:|1750770865
|-terastallize|p2a: Terapagos|Stellar
|detailschange|p2a: Terapagos|Terapagos-Stellar, L50, M, tera:Stellar
|-heal|p2a: Terapagos|100/100|[silent]
|-ability|p2a: Terapagos|Teraform Zero
|-fieldend|move: Grassy Terrain
|move|p2a: Terapagos|Calm Mind|p2a: Terapagos
|-boost|p2a: Terapagos|spa|1
|-boost|p2a: Terapagos|spd|1
|move|p1a: Calyrex|High Horsepower|p2a: Terapagos
|-damage|p2a: Terapagos|58/100
|move|p1b: Snorlax|Thunder Punch|p2a: Terapagos
|-damage|p2a: Terapagos|56/100
|
|-heal|p2a: Terapagos|62/100|[from] item: Leftovers
|-damage|p1b: Snorlax|88/100 brn|[from] brn
|upkeep
|turn|7
|-message|parmigggiana forfeited.
|
|win|MtrCtyMunchlx
|raw|MtrCtyMunchlx's rating: 1059 &rarr; <strong>1095</strong><br />(+36 for winning)
|raw|parmigggiana's rating: 1109 &rarr; <strong>1080</strong><br />(-29 for losing)
