|j|☆NinoDungeon
|j|☆Lucydoosydoo
|t:|1750878172
|gametype|doubles
|player|p1|NinoDungeon|2|1132
|player|p2|Lucydoosydoo|fantina|1142
|teamsize|p1|6
|teamsize|p2|6
|gen|9
|tier|[Gen 9] VGC 2025 Reg I
|rated|
|rule|Species Clause: Limit one of each Pokémon
|rule|Item Clause: Limit 1 of each item
|clearpoke
|poke|p1|Miraidon, L50|
|poke|p1|Whimsicott, L50, M|
|poke|p1|Incineroar, L50, M|
|poke|p1|Calyrex-Ice, L50|
|poke|p1|Urshifu-*, L50, M|
|poke|p1|Landorus, L50, M|
|poke|p2|Roaring Moon, L50|
|poke|p2|Kilowattrel, L50, F|
|poke|p2|Zamazenta-*, L50|
|poke|p2|Kyogre, L50|
|poke|p2|Grimmsnarl, L50, M|
|poke|p2|Sinistcha, L50|
|teampreview|4
|
|t:|1750878188
|start
|switch|p1a: Urshifu|Urshifu-Rapid-Strike, L50, M|100/100
|switch|p1b: Incineroar|Incineroar, L50, M|100/100
|switch|p2a: Kilowattrel|Kilowattrel, L50, F|100/100
|switch|p2b: Kyogre|Kyogre, L50|100/100
|-weather|RainDance|[from] ability: Drizzle|[of] p2b: Kyogre
|-ability|p1b: Incineroar|Intimidate|boost
|-unboost|p2a: Kilowattrel|atk|1
|-unboost|p2b: Kyogre|atk|1
|turn|1
|
|t:|1750878250
|move|p1a: Urshifu|Protect|p1a: Urshifu
|-singleturn|p1a: Urshifu|Protect
|move|p2a: Kilowattrel|Tailwind|p2a: Kilowattrel
|-sidestart|p2: Lucydoosydoo|move: Tailwind
|-start|p2a: Kilowattrel|Charge|Tailwind|[from] ability: Wind Power
|move|p2b: Kyogre|Water Spout|p1a: Urshifu|[spread] p1b
|-activate|p1a: Urshifu|move: Protect
|-supereffective|p1b: Incineroar
|-damage|p1b: Incineroar|0 fnt
|faint|p1b: Incineroar
|
|-weather|RainDance|[upkeep]
|upkeep
|
|t:|1750878264
|switch|p1b: Miraidon|Miraidon, L50|100/100
|-fieldstart|move: Electric Terrain|[from] ability: Hadron Engine|[of] p1b: Miraidon
|turn|2
|
|t:|1750878286
|-terastallize|p2b: Kyogre|Grass
|move|p2a: Kilowattrel|Hurricane|p1a: Urshifu
|-supereffective|p1a: Urshifu
|-damage|p1a: Urshifu|0 fnt
|faint|p1a: Urshifu
|move|p2b: Kyogre|Ice Beam|p1b: Miraidon
|-supereffective|p1b: Miraidon
|-damage|p1b: Miraidon|55/100
|move|p1b: Miraidon|Electro Drift|p2b: Kyogre
|-resisted|p2b: Kyogre
|-damage|p2b: Kyogre|68/100
|
|-weather|RainDance|[upkeep]
|-heal|p2b: Kyogre|74/100|[from] item: Leftovers
|upkeep
|
|t:|1750878302
|switch|p1a: Calyrex|Calyrex-Ice, L50|100/100
|-ability|p1a: Calyrex|As One
|-ability|p1a: Calyrex|Unnerve
|turn|3
|
|t:|1750878326
|-terastallize|p1b: Miraidon|Fairy
|move|p2a: Kilowattrel|Hurricane|p1a: Calyrex
|-damage|p1a: Calyrex|65/100
|move|p2b: Kyogre|Ice Beam|p1b: Miraidon
|-damage|p1b: Miraidon|33/100
|move|p1b: Miraidon|Dazzling Gleam|p2b: Kyogre|[spread] p2a,p2b
|-damage|p2a: Kilowattrel|8/100
|-damage|p2b: Kyogre|46/100
|move|p1a: Calyrex|Leech Seed|p2b: Kyogre
|-immune|p2b: Kyogre
|
|-weather|RainDance|[upkeep]
|-heal|p2b: Kyogre|52/100|[from] item: Leftovers
|upkeep
|turn|4
|
|t:|1750878360
|move|p2a: Kilowattrel|Hurricane|p1b: Miraidon
|-damage|p1b: Miraidon|4/100
|move|p2b: Kyogre|Thunder|p1a: Calyrex
|-damage|p1a: Calyrex|25/100
|-status|p1a: Calyrex|par
|move|p1b: Miraidon|Dazzling Gleam|p2b: Kyogre|[spread] p2a,p2b
|-damage|p2a: Kilowattrel|0 fnt
|-damage|p2b: Kyogre|20/100
|faint|p2a: Kilowattrel
|move|p1a: Calyrex|Leech Seed|p2b: Kyogre
|-immune|p2b: Kyogre
|
|-weather|RainDance|[upkeep]
|-heal|p2b: Kyogre|26/100|[from] item: Leftovers
|-sideend|p2: Lucydoosydoo|move: Tailwind
|upkeep
|
|t:|1750878374
|switch|p2a: Sinistcha|Sinistcha, L50|100/100
|-heal|p2b: Kyogre|50/100|[from] ability: Hospitality|[of] p2a: Sinistcha
|turn|5
|-message|NinoDungeon forfeited.
|
|win|Lucydoosydoo
|raw|NinoDungeon's rating: 1132 &rarr; <strong>1108</strong><br />(-24 for losing)
|raw|Lucydoosydoo's rating: 1142 &rarr; <strong>1166</strong><br />(+24 for winning)
|l|☆NinoDungeon
|player|p1|
