|j|☆SlamTTHM
|j|☆daming20009
|t:|1750726645
|gametype|doubles
|player|p1|SlamTTHM|265|1091
|player|p2|daming20009|170|1217
|teamsize|p1|6
|teamsize|p2|6
|gen|9
|tier|[Gen 9] VGC 2025 Reg I
|rated|
|rule|Species Clause: Limit one of each Pokémon
|rule|Item Clause: Limit 1 of each item
|clearpoke
|poke|p1|Empoleon, L50, M|
|poke|p1|Calyrex-Ice, L50|
|poke|p1|Necrozma-Dawn-Wings, L50|
|poke|p1|Porygon2, L50|
|poke|p1|Brute Bonnet, L50|
|poke|p1|Alcremie, L50, F|
|poke|p2|Calyrex-Shadow, L50|
|poke|p2|Koraidon, L50|
|poke|p2|Weezing-Galar, L50, F|
|poke|p2|Chi-Yu, L50|
|poke|p2|Walking Wake, L50|
|poke|p2|Brute Bonnet, L50|
|teampreview|4
|
|t:|1750726693
|start
|switch|p1a: Necrozma|Necrozma-Dawn-Wings, L50|100/100
|switch|p1b: Brute Bonnet|Brute Bonnet, L50|100/100
|switch|p2a: Koraidon|Koraidon, L50|100/100
|switch|p2b: Weezing|Weezing-Galar, L50, F, shiny|100/100
|-ability|p2b: Weezing|Neutralizing Gas
|-block|p2a: Koraidon|item: Ability Shield
|-weather|SunnyDay|[from] ability: Orichalcum Pulse|[of] p2a: Koraidon
|-activate|p2a: Koraidon|Orichalcum Pulse|[source]
|turn|1
|
|t:|1750726728
|-terastallize|p2a: Koraidon|Fire
|move|p1b: Brute Bonnet|Rage Powder|p1b: Brute Bonnet
|-singleturn|p1b: Brute Bonnet|move: Rage Powder
|move|p2a: Koraidon|Flare Blitz|p1b: Brute Bonnet
|-supereffective|p1b: Brute Bonnet
|-damage|p1b: Brute Bonnet|0 fnt
|faint|p1b: Brute Bonnet
|-end|p1b: Brute Bonnet|Protosynthesis|[silent]
|-damage|p2a: Koraidon|71/100|[from] Recoil
|move|p2b: Weezing|Taunt|p1a: Necrozma
|-start|p1a: Necrozma|move: Taunt
|-enditem|p1a: Necrozma|Mental Herb
|-end|p1a: Necrozma|move: Taunt
|move|p1a: Necrozma|Trick Room|p1a: Necrozma
|-fieldstart|move: Trick Room|[of] p1a: Necrozma
|
|-weather|SunnyDay|[upkeep]
|upkeep
|
|t:|1750726752
|switch|p1b: Alcremie|Alcremie, L50, F|100/100
|turn|2
|
|t:|1750726783
|move|p1b: Alcremie|Decorate|p1a: Necrozma
|-boost|p1a: Necrozma|atk|2
|-boost|p1a: Necrozma|spa|2
|move|p1a: Necrozma|Moongeist Beam|p2a: Koraidon
|-damage|p2a: Koraidon|0 fnt
|faint|p2a: Koraidon
|move|p2b: Weezing|Taunt|p1b: Alcremie
|-start|p1b: Alcremie|move: Taunt
|
|-weather|SunnyDay|[upkeep]
|upkeep
|
|t:|1750726799
|switch|p2a: Walking Wake|Walking Wake, L50|100/100
|turn|3
|
|t:|1750726820
|move|p1b: Alcremie|Dazzling Gleam|p2a: Walking Wake|[spread] p2a,p2b
|-supereffective|p2a: Walking Wake
|-resisted|p2b: Weezing
|-damage|p2a: Walking Wake|68/100
|-damage|p2b: Weezing|90/100
|move|p1a: Necrozma|Photon Geyser|p2b: Weezing
|-supereffective|p2b: Weezing
|-damage|p2b: Weezing|0 fnt
|faint|p2b: Weezing
|-end|p2b: Weezing|ability: Neutralizing Gas
|-activate|p2a: Walking Wake|ability: Protosynthesis
|-start|p2a: Walking Wake|protosynthesisspe
|move|p2a: Walking Wake|Snarl|p1a: Necrozma|[spread] p1a,p1b
|-supereffective|p1a: Necrozma
|-resisted|p1b: Alcremie
|-damage|p1a: Necrozma|64/100
|-damage|p1b: Alcremie|95/100
|-unboost|p1a: Necrozma|spa|1
|
|-weather|SunnyDay|[upkeep]
|upkeep
|
|t:|1750726840
|switch|p2b: Chi-Yu|Chi-Yu, L50|100/100
|-ability|p2b: Chi-Yu|Beads of Ruin
|turn|4
|
|t:|1750726871
|switch|p1b: Calyrex|Calyrex-Ice, L50|100/100
|-ability|p1b: Calyrex|As One
|-ability|p1b: Calyrex|Unnerve
|move|p1a: Necrozma|Moongeist Beam|p2b: Chi-Yu
|-resisted|p2b: Chi-Yu
|-damage|p2b: Chi-Yu|41/100
|move|p2b: Chi-Yu|Snarl|p1a: Necrozma|[spread] p1a,p1b
|-supereffective|p1a: Necrozma
|-supereffective|p1b: Calyrex
|-damage|p1a: Necrozma|0 fnt
|-damage|p1b: Calyrex|61/100
|-unboost|p1b: Calyrex|spa|1
|-enditem|p1b: Calyrex|Weakness Policy
|-boost|p1b: Calyrex|atk|2|[from] item: Weakness Policy
|-boost|p1b: Calyrex|spa|2|[from] item: Weakness Policy
|faint|p1a: Necrozma
|move|p2a: Walking Wake|Snarl|p1b: Calyrex
|-supereffective|p1b: Calyrex
|-damage|p1b: Calyrex|28/100
|-unboost|p1b: Calyrex|spa|1
|
|-weather|SunnyDay|[upkeep]
|upkeep
|
|t:|1750726890
|switch|p1a: Alcremie|Alcremie, L50, F|95/100
|turn|5
|
|t:|1750726904
|move|p1b: Calyrex|Glacial Lance|p2b: Chi-Yu|[spread] p2a,p2b
|-resisted|p2b: Chi-Yu
|-damage|p2a: Walking Wake|0 fnt
|-damage|p2b: Chi-Yu|0 fnt
|faint|p2a: Walking Wake
|-end|p2a: Walking Wake|Protosynthesis|[silent]
|faint|p2b: Chi-Yu
|
|win|SlamTTHM
|raw|SlamTTHM's rating: 1091 &rarr; <strong>1127</strong><br />(+36 for winning)
|raw|daming20009's rating: 1217 &rarr; <strong>1183</strong><br />(-34 for losing)
|l|☆daming20009
|player|p2|
