|j|☆WrestlingDemon
|j|☆FairyLandAlice
|t:|1750775110
|gametype|doubles
|player|p1|WrestlingDemon|hiker-gen4|1443
|player|p2|FairyLandAlice|caitlin|1461
|teamsize|p1|6
|teamsize|p2|6
|gen|9
|tier|[Gen 9] VGC 2025 Reg I
|rated|
|rule|Species Clause: Limit one of each Pokémon
|rule|Item Clause: Limit 1 of each item
|clearpoke
|poke|p1|Calyrex-Shadow, L50|
|poke|p1|Zamazenta-*, L50|
|poke|p1|Whimsicott, L50, M|
|poke|p1|Incineroar, L50, M|
|poke|p1|Rillaboom, L50, F|
|poke|p1|Urshifu-*, L50, M|
|poke|p2|Giratina-Origin, L50|
|poke|p2|Zamazenta-*, L50|
|poke|p2|Chien-Pao, L50|
|poke|p2|Entei, L50|
|poke|p2|Urshifu-*, L50, F|
|poke|p2|Rillaboom, L50, F|
|teampreview|4
|inactive|Battle timer is ON: inactive players will automatically lose when time's up. (requested by WrestlingDemon)
|inactive|FairyLandAlice has 60 seconds left.
|inactive|FairyLandAlice has 30 seconds left.
|
|t:|1750775173
|start
|switch|p1a: Incineroar|Incineroar, L50, M|100/100
|switch|p1b: Zamazenta|Zamazenta-Crowned, L50|100/100
|switch|p2a: Zamazenta|Zamazenta-Crowned, L50|100/100
|switch|p2b: Giratina|Giratina-Origin, L50|100/100
|-ability|p1b: Zamazenta|Dauntless Shield|boost
|-boost|p1b: Zamazenta|def|1
|-ability|p2a: Zamazenta|Dauntless Shield|boost
|-boost|p2a: Zamazenta|def|1
|-ability|p1a: Incineroar|Intimidate|boost
|-unboost|p2a: Zamazenta|atk|1
|-unboost|p2b: Giratina|atk|1
|turn|1
|inactive|WrestlingDemon has 30 seconds left.
|inactive|FairyLandAlice has 30 seconds left.
|inactive|FairyLandAlice has 20 seconds left.
|
|t:|1750775212
|-terastallize|p2a: Zamazenta|Ghost
|move|p1a: Incineroar|Fake Out|p2a: Zamazenta
|-immune|p2a: Zamazenta
|move|p1b: Zamazenta|Body Press|p2a: Zamazenta
|-immune|p2a: Zamazenta
|move|p2a: Zamazenta|Body Press|p1a: Incineroar
|-supereffective|p1a: Incineroar
|-damage|p1a: Incineroar|0 fnt
|faint|p1a: Incineroar
|move|p2b: Giratina|Poltergeist|p1b: Zamazenta
|-activate|p1b: Zamazenta|move: Poltergeist|Rusted Shield
|-damage|p1b: Zamazenta|82/100
|
|upkeep
|
|t:|1750775224
|switch|p1a: Calyrex|Calyrex-Shadow, L50|100/100
|-ability|p1a: Calyrex|As One
|-ability|p1a: Calyrex|Unnerve
|turn|2
|inactive|FairyLandAlice has 30 seconds left.
|
|t:|1750775254
|-terastallize|p1a: Calyrex|Normal
|move|p2a: Zamazenta|Wide Guard|p2a: Zamazenta
|-singleturn|p2a: Zamazenta|Wide Guard
|move|p1a: Calyrex|Nasty Plot|p1a: Calyrex
|-boost|p1a: Calyrex|spa|2
|move|p1b: Zamazenta|Behemoth Bash|p2b: Giratina
|-crit|p2b: Giratina
|-damage|p2b: Giratina|55/100
|move|p2b: Giratina|Poltergeist|p1a: Calyrex
|-immune|p1a: Calyrex
|
|upkeep
|turn|3
|inactive|FairyLandAlice has 30 seconds left.
|
|t:|1750775288
|move|p2b: Giratina|Protect|p2b: Giratina
|-singleturn|p2b: Giratina|Protect
|move|p1a: Calyrex|Astral Barrage|p2a: Zamazenta|[spread] p2a
|-activate|p2b: Giratina|move: Protect
|-supereffective|p2a: Zamazenta
|-damage|p2a: Zamazenta|0 fnt
|faint|p2a: Zamazenta
|-ability|p1a: Calyrex|Grim Neigh|boost
|-boost|p1a: Calyrex|spa|1
|-damage|p1a: Calyrex|91/100|[from] item: Life Orb
|move|p1b: Zamazenta|Behemoth Bash|p2b: Giratina
|-activate|p2b: Giratina|move: Protect
|
|upkeep
|
|t:|1750775309
|switch|p2a: Urshifu|Urshifu-Rapid-Strike, L50, F|100/100
|turn|4
|
|t:|1750775330
|switch|p1a: Urshifu|Urshifu-Rapid-Strike, L50, M|100/100
|move|p2a: Urshifu|Close Combat|p1a: Urshifu
|-damage|p1a: Urshifu|29/100
|-unboost|p2a: Urshifu|def|1
|-unboost|p2a: Urshifu|spd|1
|move|p1b: Zamazenta|Body Press|p2a: Urshifu
|-damage|p2a: Urshifu|0 fnt
|faint|p2a: Urshifu
|move|p2b: Giratina|Poltergeist|p1b: Zamazenta
|-activate|p1b: Zamazenta|move: Poltergeist|Rusted Shield
|-damage|p1b: Zamazenta|62/100
|
|upkeep
|
|t:|1750775345
|switch|p2a: Entei|Entei, L50|100/100
|turn|5
|-message|FairyLandAlice forfeited.
|
|win|WrestlingDemon
|raw|WrestlingDemon's rating: 1443 &rarr; <strong>1464</strong><br />(+21 for winning)
|raw|FairyLandAlice's rating: 1461 &rarr; <strong>1440</strong><br />(-21 for losing)
|l|☆FairyLandAlice
|player|p2|
|l|☆WrestlingDemon
|player|p1|
