|j|☆xxcaptainarchiexx
|j|☆Traceyius
|t:|1750749475
|gametype|doubles
|player|p1|xxcaptainarchiexx|170|1357
|player|p2|Traceyius|medium|1380
|teamsize|p1|6
|teamsize|p2|6
|gen|9
|tier|[Gen 9] VGC 2025 Reg I
|rated|
|rule|Species Clause: Limit one of each Pokémon
|rule|Item Clause: Limit 1 of each item
|clearpoke
|poke|p1|Calyrex-Ice, L50|
|poke|p1|Miraidon, L50|
|poke|p1|Grimmsnarl, L50, M|
|poke|p1|Urshifu-*, L50, F|
|poke|p1|Incineroar, L50, M|
|poke|p1|Landorus, L50, M|
|poke|p2|Calyrex-Ice, L50|
|poke|p2|Miraidon, L50|
|poke|p2|Whimsicott, L50, M|
|poke|p2|Farigiraf, L50, F|
|poke|p2|Mienshao, L50, F|
|poke|p2|Landorus-Therian, L50, M|
|teampreview|4
|inactive|Battle timer is ON: inactive players will automatically lose when time's up. (requested by xxcaptainarchiexx)
|inactive|Traceyius also wants the timer to be on.
|inactive|xxcaptainarchiexx has 60 seconds left.
|inactive|Traceyius has 60 seconds left.
|
|t:|1750749522
|start
|switch|p1a: Calyrex|Calyrex-Ice, L50|100/100
|switch|p1b: Grimmsnarl|Grimmsnarl, L50, M|100/100
|switch|p2a: Mienshao|Mienshao, L50, F|100/100
|switch|p2b: Miraidon|Miraidon, L50|100/100
|-ability|p1a: Calyrex|As One
|-ability|p1a: Calyrex|Unnerve
|-fieldstart|move: Electric Terrain|[from] ability: Hadron Engine|[of] p2b: Miraidon
|turn|1
|
|t:|1750749541
|move|p1a: Calyrex|Protect|p1a: Calyrex
|-singleturn|p1a: Calyrex|Protect
|move|p2a: Mienshao|Fake Out|p1b: Grimmsnarl
|-damage|p1b: Grimmsnarl|86/100
|cant|p1b: Grimmsnarl|flinch
|move|p2b: Miraidon|Electro Drift|p1a: Calyrex
|-activate|p1a: Calyrex|move: Protect
|
|upkeep
|turn|2
|
|t:|1750749556
|move|p2a: Mienshao|Wide Guard|p2a: Mienshao
|-singleturn|p2a: Mienshao|Wide Guard
|move|p1b: Grimmsnarl|Light Screen|p1b: Grimmsnarl
|-sidestart|p1: xxcaptainarchiexx|move: Light Screen
|move|p2b: Miraidon|Electro Drift|p1b: Grimmsnarl
|-damage|p1b: Grimmsnarl|6/100
|move|p1a: Calyrex|Trick Room|p1a: Calyrex
|-fieldstart|move: Trick Room|[of] p1a: Calyrex
|
|upkeep
|turn|3
|
|t:|1750749583
|switch|p2b: Landorus|Landorus-Therian, L50, M|100/100
|-ability|p2b: Landorus|Intimidate|boost
|-unboost|p1a: Calyrex|atk|1
|-unboost|p1b: Grimmsnarl|atk|1
|move|p1a: Calyrex|Leech Seed|p2b: Landorus|[miss]
|-miss|p1a: Calyrex|p2b: Landorus
|move|p1b: Grimmsnarl|Spirit Break|p2b: Landorus
|-damage|p2b: Landorus|76/100
|-unboost|p2b: Landorus|spa|1
|move|p2a: Mienshao|Knock Off|p1b: Grimmsnarl
|-resisted|p1b: Grimmsnarl
|-damage|p1b: Grimmsnarl|0 fnt
|-enditem|p1b: Grimmsnarl|Light Clay|[from] move: Knock Off|[of] p2a: Mienshao
|faint|p1b: Grimmsnarl
|
|upkeep
|
|t:|1750749599
|switch|p1b: Landorus|Landorus, L50, M|100/100
|turn|4
|inactive|Traceyius has 30 seconds left.
|
|t:|1750749625
|move|p2a: Mienshao|Wide Guard|p2a: Mienshao
|-singleturn|p2a: Mienshao|Wide Guard
|move|p1a: Calyrex|Leech Seed|p2b: Landorus
|-start|p2b: Landorus|move: Leech Seed
|move|p1b: Landorus|Earth Power|p2a: Mienshao
|-enditem|p2a: Mienshao|Focus Sash
|-damage|p2a: Mienshao|1/100
|move|p2b: Landorus|Rock Slide|p1a: Calyrex|[spread] p1a,p1b
|-supereffective|p1a: Calyrex
|-damage|p1a: Calyrex|70/100
|-damage|p1b: Landorus|80/100
|
|-heal|p1a: Calyrex|75/100|[from] item: Leftovers
|-damage|p2b: Landorus|64/100|[from] Leech Seed|[of] p1a: Calyrex
|-heal|p1a: Calyrex|85/100|[silent]
|upkeep
|turn|5
|inactive|xxcaptainarchiexx has 30 seconds left.
|inactive|xxcaptainarchiexx has 20 seconds left.
|
|t:|1750749660
|switch|p2b: Calyrex|Calyrex-Ice, L50|100/100
|-ability|p2b: Calyrex|As One
|-ability|p2b: Calyrex|Unnerve
|move|p2a: Mienshao|Wide Guard|p2a: Mienshao
|-singleturn|p2a: Mienshao|Wide Guard
|move|p1a: Calyrex|Glacial Lance|p2b: Calyrex|[spread] 
|-activate|p2a: Mienshao|move: Wide Guard
|-activate|p2b: Calyrex|move: Wide Guard
|move|p1b: Landorus|Sludge Bomb|p2a: Mienshao
|-damage|p2a: Mienshao|0 fnt
|faint|p2a: Mienshao
|
|-heal|p1a: Calyrex|91/100|[from] item: Leftovers
|-fieldend|move: Electric Terrain
|upkeep
|
|t:|1750749675
|switch|p2a: Miraidon|Miraidon, L50|100/100
|-fieldstart|move: Electric Terrain|[from] ability: Hadron Engine|[of] p2a: Miraidon
|turn|6
|inactive|xxcaptainarchiexx has 30 seconds left.
|inactive|xxcaptainarchiexx has 20 seconds left.
|
|t:|1750749711
|-terastallize|p1b: Landorus|Poison
|-terastallize|p2a: Miraidon|Ghost
|move|p1a: Calyrex|Leech Seed|p2b: Calyrex
|-start|p2b: Calyrex|move: Leech Seed
|move|p2b: Calyrex|Glacial Lance|p1a: Calyrex|[spread] p1a,p1b
|-resisted|p1a: Calyrex
|-damage|p1a: Calyrex|70/100
|-damage|p1b: Landorus|2/100
|-damage|p2b: Calyrex|91/100|[from] item: Life Orb
|move|p1b: Landorus|Sludge Bomb|p2b: Calyrex
|-damage|p2b: Calyrex|33/100
|move|p2a: Miraidon|Electro Drift|p1a: Calyrex
|-damage|p1a: Calyrex|11/100
|
|-heal|p1a: Calyrex|17/100|[from] item: Leftovers
|-damage|p2b: Calyrex|21/100|[from] Leech Seed|[of] p1a: Calyrex
|-heal|p1a: Calyrex|28/100|[silent]
|-fieldend|move: Trick Room
|upkeep
|turn|7
|
|t:|1750749732
|move|p1a: Calyrex|Protect|p1a: Calyrex
|-singleturn|p1a: Calyrex|Protect
|move|p2a: Miraidon|Electro Drift|p1b: Landorus
|-crit|p1b: Landorus
|-damage|p1b: Landorus|0 fnt
|faint|p1b: Landorus
|move|p2b: Calyrex|Glacial Lance|p1a: Calyrex
|-activate|p1a: Calyrex|move: Protect
|
|-heal|p1a: Calyrex|33/100|[from] item: Leftovers
|-damage|p2b: Calyrex|8/100|[from] Leech Seed|[of] p1a: Calyrex
|-heal|p1a: Calyrex|44/100|[silent]
|upkeep
|
|t:|1750749736
|switch|p1b: Miraidon|Miraidon, L50|100/100
|-activate|p1b: Miraidon|ability: Hadron Engine
|turn|8
|
|t:|1750749750
|move|p2a: Miraidon|Electro Drift|p1a: Calyrex
|-damage|p1a: Calyrex|0 fnt
|faint|p1a: Calyrex
|move|p1b: Miraidon|Electro Drift|p2a: Miraidon
|-crit|p2a: Miraidon
|-damage|p2a: Miraidon|0 fnt
|faint|p2a: Miraidon
|move|p2b: Calyrex|Glacial Lance|p1b: Miraidon
|-supereffective|p1b: Miraidon
|-damage|p1b: Miraidon|0 fnt
|faint|p1b: Miraidon
|-damage|p2b: Calyrex|0 fnt|[from] item: Life Orb
|faint|p2b: Calyrex
|
|win|Traceyius
|raw|xxcaptainarchiexx's rating: 1357 &rarr; <strong>1338</strong><br />(-19 for losing)
|raw|Traceyius's rating: 1380 &rarr; <strong>1399</strong><br />(+19 for winning)
|l|☆Traceyius
|player|p2|
|l|☆xxcaptainarchiexx
|player|p1|
