|j|☆assaultvestmiraid
|j|☆radiomochi
|t:|1750763425
|gametype|doubles
|player|p1|assaultvestmiraid|169|1022
|player|p2|radiomochi|fisherman-gen4|1000
|teamsize|p1|6
|teamsize|p2|6
|gen|9
|tier|[Gen 9] VGC 2025 Reg I
|rated|
|rule|Species Clause: Limit one of each Pokémon
|rule|Item Clause: Limit 1 of each item
|clearpoke
|poke|p1|Dialga, L50|
|poke|p1|Pelipper, L50, M|
|poke|p1|Urshifu-*, L50, M|
|poke|p1|Clawitzer, L50, M|
|poke|p1|Kyogre, L50|
|poke|p1|Amoonguss, L50, M|
|poke|p2|Terapagos, L50, M|
|poke|p2|Koraidon, L50|
|poke|p2|Ogerpon-Hearthflame, L50, F|
|poke|p2|Roaring Moon, L50|
|poke|p2|Farigiraf, L50, F|
|poke|p2|Rillaboom, L50, F|
|teampreview|4
|inactive|Battle timer is ON: inactive players will automatically lose when time's up. (requested by assaultvestmiraid)
|inactive|radiomochi has 60 seconds left.
|inactive|assaultvestmiraid has 60 seconds left.
|inactive|radiomochi has 30 seconds left.
|inactive|radiomochi has 20 seconds left.
|inactive|radiomochi has 15 seconds left.
|inactive|radiomochi has 10 seconds left.
|inactive|radiomochi has 5 seconds left.
|
|t:|1750763515
|start
|switch|p1a: Urshifu|Urshifu-Rapid-Strike, L50, M|100/100
|switch|p1b: Kyogre|Kyogre, L50|100/100
|switch|p2a: Terapagos|Terapagos, L50, M|100/100
|switch|p2b: Rillaboom|Rillaboom, L50, F|100/100
|-activate|p2a: Terapagos|ability: Tera Shift
|detailschange|p2a: Terapagos|Terapagos-Terastal, L50, M
|-heal|p2a: Terapagos|100/100|[silent]
|-fieldstart|move: Grassy Terrain|[from] ability: Grassy Surge|[of] p2b: Rillaboom
|-weather|RainDance|[from] ability: Drizzle|[of] p1b: Kyogre
|turn|1
|inactive|assaultvestmiraid has 30 seconds left.
|inactive|radiomochi has 30 seconds left.
|
|t:|1750763547
|move|p1b: Kyogre|Protect|p1b: Kyogre
|-singleturn|p1b: Kyogre|Protect
|move|p1a: Urshifu|Aqua Jet|p1b: Kyogre
|-resisted|p1b: Kyogre
|-damage|p1b: Kyogre|83/100
|-enditem|p1b: Kyogre|Absorb Bulb
|-boost|p1b: Kyogre|spa|1|[from] item: Absorb Bulb
|move|p2b: Rillaboom|Grassy Glide|p1a: Urshifu
|-supereffective|p1a: Urshifu
|-damage|p1a: Urshifu|31/100
|move|p2a: Terapagos|Calm Mind|p2a: Terapagos
|-boost|p2a: Terapagos|spa|1
|-boost|p2a: Terapagos|spd|1
|
|-weather|RainDance|[upkeep]
|-heal|p1a: Urshifu|37/100|[from] Grassy Terrain
|-heal|p1b: Kyogre|89/100|[from] Grassy Terrain
|upkeep
|turn|2
|inactive|assaultvestmiraid has 30 seconds left.
|inactive|radiomochi has 30 seconds left.
|
|t:|1750763581
|-terastallize|p1b: Kyogre|Grass
|move|p1a: Urshifu|Close Combat|p2a: Terapagos
|-activate|p2a: Terapagos|ability: Tera Shell
|-resisted|p2a: Terapagos
|-damage|p2a: Terapagos|75/100
|-unboost|p1a: Urshifu|def|1
|-unboost|p1a: Urshifu|spd|1
|move|p2a: Terapagos|Calm Mind|p2a: Terapagos
|-boost|p2a: Terapagos|spa|1
|-boost|p2a: Terapagos|spd|1
|move|p2b: Rillaboom|U-turn|p1a: Urshifu
|-resisted|p1a: Urshifu
|-damage|p1a: Urshifu|20/100
|
|t:|1750763594
|switch|p2b: Koraidon|Koraidon, L50|100/100|[from] U-turn
|-weather|SunnyDay|[from] ability: Orichalcum Pulse|[of] p2b: Koraidon
|-activate|p2b: Koraidon|Orichalcum Pulse|[source]
|move|p1b: Kyogre|Calm Mind|p1b: Kyogre
|-boost|p1b: Kyogre|spa|1
|-boost|p1b: Kyogre|spd|1
|
|-weather|SunnyDay|[upkeep]
|-heal|p1a: Urshifu|26/100|[from] Grassy Terrain
|-heal|p2a: Terapagos|82/100|[from] Grassy Terrain
|-heal|p2a: Terapagos|88/100|[from] item: Leftovers
|-heal|p1b: Kyogre|95/100|[from] Grassy Terrain
|upkeep
|turn|3
|inactive|assaultvestmiraid has 30 seconds left.
|inactive|radiomochi has 30 seconds left.
|inactive|assaultvestmiraid has 20 seconds left.
|inactive|radiomochi has 20 seconds left.
|
|t:|1750763633
|switch|p2b: Roaring Moon|Roaring Moon, L50|100/100
|-activate|p2b: Roaring Moon|ability: Protosynthesis
|-start|p2b: Roaring Moon|protosynthesisspe
|switch|p1a: Clawitzer|Clawitzer, L50, M, shiny|100/100
|-terastallize|p2a: Terapagos|Stellar
|detailschange|p2a: Terapagos|Terapagos-Stellar, L50, M, tera:Stellar
|-heal|p2a: Terapagos|91/100|[silent]
|-ability|p2a: Terapagos|Teraform Zero
|-weather|none
|-end|p2b: Roaring Moon|Protosynthesis
|-fieldend|move: Grassy Terrain
|move|p1b: Kyogre|Protect|p1b: Kyogre
|-singleturn|p1b: Kyogre|Protect
|move|p2a: Terapagos|Tera Starstorm|p1a: Clawitzer|[spread] p1a
|-activate|p1b: Kyogre|move: Protect
|-damage|p1a: Clawitzer|10/100
|
|-heal|p2a: Terapagos|97/100|[from] item: Leftovers
|upkeep
|turn|4
|inactive|assaultvestmiraid has 30 seconds left.
|inactive|radiomochi has 30 seconds left.
|inactive|assaultvestmiraid has 20 seconds left.
|inactive|assaultvestmiraid has 15 seconds left.
|inactive|assaultvestmiraid has 10 seconds left.
|inactive|assaultvestmiraid has 5 seconds left.
|
|t:|1750763684
|move|p2a: Terapagos|Protect|p2a: Terapagos
|-singleturn|p2a: Terapagos|Protect
|move|p2b: Roaring Moon|Tailwind|p2b: Roaring Moon
|-sidestart|p2: radiomochi|move: Tailwind
|move|p1a: Clawitzer|Heal Pulse|p1b: Kyogre
|-heal|p1b: Kyogre|100/100
|move|p1b: Kyogre|Origin Pulse|p2b: Roaring Moon|[spread] 
|-activate|p2a: Terapagos|move: Protect
|-miss|p1b: Kyogre|p2b: Roaring Moon
|
|-heal|p2a: Terapagos|100/100|[from] item: Leftovers
|upkeep
|turn|5
|inactive|assaultvestmiraid has 30 seconds left.
|inactive|radiomochi has 30 seconds left.
|
|t:|1750763713
|-end|p2b: Roaring Moon|Protosynthesis|[silent]
|switch|p2b: Koraidon|Koraidon, L50|100/100
|-weather|SunnyDay|[from] ability: Orichalcum Pulse|[of] p2b: Koraidon
|-activate|p2b: Koraidon|Orichalcum Pulse|[source]
|move|p1b: Kyogre|Protect|p1b: Kyogre
|-singleturn|p1b: Kyogre|Protect
|move|p2a: Terapagos|Tera Starstorm|p1b: Kyogre|[spread] p1a
|-activate|p1b: Kyogre|move: Protect
|-damage|p1a: Clawitzer|0 fnt
|faint|p1a: Clawitzer
|
|-weather|SunnyDay|[upkeep]
|upkeep
|
|t:|1750763727
|switch|p1a: Dialga|Dialga, L50|100/100
|turn|6
|
|t:|1750763746
|move|p2b: Koraidon|Flame Charge|p1b: Kyogre
|-supereffective|p1b: Kyogre
|-damage|p1b: Kyogre|16/100
|-boost|p2b: Koraidon|spe|1
|-damage|p2b: Koraidon|91/100|[from] item: Life Orb
|move|p2a: Terapagos|Tera Starstorm|p1a: Dialga|[spread] p1a,p1b
|-supereffective|p1b: Kyogre
|-damage|p1a: Dialga|27/100
|-damage|p1b: Kyogre|0 fnt
|faint|p1b: Kyogre
|move|p1a: Dialga|Draco Meteor|p2b: Koraidon
|-supereffective|p2b: Koraidon
|-damage|p2b: Koraidon|0 fnt
|-unboost|p1a: Dialga|spa|2
|faint|p2b: Koraidon
|-enditem|p1a: Dialga|White Herb
|-clearnegativeboost|p1a: Dialga|[silent]
|
|-weather|SunnyDay|[upkeep]
|upkeep
|-message|assaultvestmiraid forfeited.
|
|win|radiomochi
|raw|assaultvestmiraid's rating: 1022 &rarr; <strong>1008</strong><br />(-14 for losing)
|raw|radiomochi's rating: 1000 &rarr; <strong>1043</strong><br />(+43 for winning)
