|j|☆forgottenbladelost
|j|☆Waffles4breakfast
|t:|1750712738
|gametype|doubles
|player|p1|forgottenbladelost|riley|1508
|player|p2|Waffles4breakfast|juggler|1529
|teamsize|p1|6
|teamsize|p2|6
|gen|9
|tier|[Gen 9] VGC 2025 Reg I
|rated|
|rule|Species Clause: Limit one of each Pokémon
|rule|Item Clause: Limit 1 of each item
|clearpoke
|poke|p1|Zamazenta-*, L50|
|poke|p1|Terapagos, L50, M|
|poke|p1|Whimsicott, L50, F|
|poke|p1|Urshifu-*, L50, F|
|poke|p1|Gholdengo, L50|
|poke|p1|Thundurus-Therian, L50, M|
|poke|p2|Kyogre, L50|
|poke|p2|Tornadus, L50, M|
|poke|p2|Annihilape, L50, F|
|poke|p2|Flutter Mane, L50|
|poke|p2|Calyrex-Shadow, L50|
|poke|p2|Indeedee-F, L50, F|
|teampreview|4
forgottenbladelost rejected open team sheets.
|
|t:|1750712781
|start
|switch|p1a: Zamazenta|Zamazenta-Crowned, L50|100/100
|switch|p1b: Thundurus|Thundurus-Therian, L50, M|100/100
|switch|p2a: Tornadus|Tornadus, L50, M|100/100
|switch|p2b: Kyogre|Kyogre, L50|100/100
|-ability|p1a: Zamazenta|Dauntless Shield|boost
|-boost|p1a: Zamazenta|def|1
|-weather|RainDance|[from] ability: Drizzle|[of] p2b: Kyogre
|turn|1
|
|t:|1750712797
|move|p1a: Zamazenta|Protect|p1a: Zamazenta
|-singleturn|p1a: Zamazenta|Protect
|move|p2a: Tornadus|Tailwind|p2a: Tornadus
|-sidestart|p2: Waffles4breakfast|move: Tailwind
|move|p2b: Kyogre|Ice Beam|p1b: Thundurus
|-supereffective|p1b: Thundurus
|-damage|p1b: Thundurus|0 fnt
|faint|p1b: Thundurus
|
|-weather|RainDance|[upkeep]
|upkeep
|
|t:|1750712809
|switch|p1b: Terapagos|Terapagos, L50, M|100/100
|-activate|p1b: Terapagos|ability: Tera Shift
|detailschange|p1b: Terapagos|Terapagos-Terastal, L50, M
|-heal|p1b: Terapagos|100/100|[silent]
|turn|2
|
|t:|1750712824
|-terastallize|p1b: Terapagos|Stellar
|detailschange|p1b: Terapagos|Terapagos-Stellar, L50, M, tera:Stellar
|-heal|p1b: Terapagos|100/100|[silent]
|-ability|p1b: Terapagos|Teraform Zero
|-weather|none
|move|p2a: Tornadus|Bleakwind Storm|p1a: Zamazenta|[spread] p1a,p1b
|-damage|p1a: Zamazenta|69/100
|-damage|p1b: Terapagos|75/100
|move|p2b: Kyogre|Ice Beam|p1b: Terapagos
|-damage|p1b: Terapagos|31/100
|-status|p1b: Terapagos|frz
|move|p1a: Zamazenta|Body Press|p2b: Kyogre
|-damage|p2b: Kyogre|25/100
|cant|p1b: Terapagos|frz
|
|upkeep
|turn|3
|
|t:|1750712846
|move|p2a: Tornadus|Bleakwind Storm|p1b: Terapagos|[spread] p1b
|-miss|p2a: Tornadus|p1a: Zamazenta
|-damage|p1b: Terapagos|5/100 frz
|move|p2b: Kyogre|Ice Beam|p1b: Terapagos
|-damage|p1b: Terapagos|0 fnt
|faint|p1b: Terapagos
|detailschange|p1: Terapagos|Terapagos, L50, M|[silent]
|move|p1a: Zamazenta|Body Press|p2b: Kyogre
|-damage|p2b: Kyogre|0 fnt
|faint|p2b: Kyogre
|
|upkeep
|
|t:|1750712858
|switch|p2b: Calyrex|Calyrex-Shadow, L50|100/100
|switch|p1b: Gholdengo|Gholdengo, L50|100/100
|-ability|p2b: Calyrex|As One
|-ability|p2b: Calyrex|Unnerve
|turn|4
|
|t:|1750712873
|move|p1a: Zamazenta|Wide Guard|p1a: Zamazenta
|-singleturn|p1a: Zamazenta|Wide Guard
|move|p2b: Calyrex|Shadow Ball|p1b: Gholdengo
|-supereffective|p1b: Gholdengo
|-damage|p1b: Gholdengo|0 fnt
|faint|p1b: Gholdengo
|-ability|p2b: Calyrex|Grim Neigh|boost
|-boost|p2b: Calyrex|spa|1
|-damage|p2b: Calyrex|91/100|[from] item: Life Orb
|move|p2a: Tornadus|Bleakwind Storm|p1a: Zamazenta
|-activate|p1a: Zamazenta|move: Wide Guard
|
|-sideend|p2: Waffles4breakfast|move: Tailwind
|upkeep
|turn|5
|-message|forgottenbladelost forfeited.
|
|win|Waffles4breakfast
|raw|forgottenbladelost's rating: 1508 &rarr; <strong>1489</strong><br />(-19 for losing)
|raw|Waffles4breakfast's rating: 1529 &rarr; <strong>1548</strong><br />(+19 for winning)
|l|☆forgottenbladelost
|player|p1|
|l|☆Waffles4breakfast
|player|p2|
