|j|☆Blu94
|j|☆Pelippherb
|t:|1750772962
|gametype|doubles
|player|p1|Blu94|2|1460
|player|p2|Pelippherb|acetrainer-gen4dp|1457
|teamsize|p1|6
|teamsize|p2|6
|gen|9
|tier|[Gen 9] VGC 2025 Reg I
|rated|
|rule|Species Clause: Limit one of each Pokémon
|rule|Item Clause: Limit 1 of each item
|clearpoke
|poke|p1|Zacian-*, L50|
|poke|p1|Miraidon, L50|
|poke|p1|Pelipper, L50, M|
|poke|p1|Sneasler, L50, M|
|poke|p1|Urshifu-*, L50, M|
|poke|p1|Whimsicott, L50, F|
|poke|p2|Calyrex-Ice, L50|
|poke|p2|Miraidon, L50|
|poke|p2|Landorus, L50, M|
|poke|p2|Urshifu-*, L50, M|
|poke|p2|Pelipper, L50, M|
|poke|p2|Ogerpon, L50, F|
|teampreview|4
Blu94 rejected open team sheets.
|inactive|Battle timer is ON: inactive players will automatically lose when time's up. (requested by Pelippherb)
|
|t:|1750772997
|start
|switch|p1a: Urshifu|Urshifu, L50, M|100/100
|switch|p1b: Whimsicott|Whimsicott, L50, F|100/100
|switch|p2a: Landorus|Landorus, L50, M|100/100
|switch|p2b: Pelipper|Pelipper, L50, M|100/100
|-weather|RainDance|[from] ability: Drizzle|[of] p2b: Pelipper
|turn|1
|
|t:|1750773017
|move|p1a: Urshifu|Detect|p1a: Urshifu
|-singleturn|p1a: Urshifu|Protect
|move|p1b: Whimsicott|Light Screen|p1b: Whimsicott
|-sidestart|p1: Blu94|move: Light Screen
|move|p2a: Landorus|Sandsear Storm|p1a: Urshifu|[spread] p1b
|-activate|p1a: Urshifu|move: Protect
|-resisted|p1b: Whimsicott
|-damage|p1b: Whimsicott|82/100
|move|p2b: Pelipper|Tailwind|p2b: Pelipper
|-sidestart|p2: Pelippherb|move: Tailwind
|
|-weather|RainDance|[upkeep]
|upkeep
|turn|2
|
|t:|1750773034
|move|p1b: Whimsicott|Tailwind|p1b: Whimsicott
|-sidestart|p1: Blu94|move: Tailwind
|move|p1a: Urshifu|Wicked Blow|p2a: Landorus
|-crit|p2a: Landorus
|-damage|p2a: Landorus|40/100
|move|p2a: Landorus|Sandsear Storm|p1a: Urshifu|[spread] p1a,p1b
|-resisted|p1b: Whimsicott
|-damage|p1a: Urshifu|58/100
|-damage|p1b: Whimsicott|63/100
|move|p2b: Pelipper|Hurricane|p1a: Urshifu
|-supereffective|p1a: Urshifu
|-damage|p1a: Urshifu|0 fnt
|faint|p1a: Urshifu
|
|-weather|RainDance|[upkeep]
|upkeep
|
|t:|1750773052
|switch|p1a: Zacian|Zacian-Crowned, L50|100/100
|-ability|p1a: Zacian|Intrepid Sword|boost
|-boost|p1a: Zacian|atk|1
|turn|3
|inactive|Blu94 has 30 seconds left.
|
|t:|1750773083
|switch|p1b: Miraidon|Miraidon, L50|100/100
|-fieldstart|move: Electric Terrain|[from] ability: Hadron Engine|[of] p1b: Miraidon
|move|p1a: Zacian|Behemoth Blade|p2a: Landorus
|-damage|p2a: Landorus|0 fnt
|faint|p2a: Landorus
|move|p2b: Pelipper|Hurricane|p1b: Miraidon
|-resisted|p1b: Miraidon
|-damage|p1b: Miraidon|84/100
|
|-weather|RainDance|[upkeep]
|upkeep
|
|t:|1750773097
|switch|p2a: Urshifu|Urshifu-Rapid-Strike, L50, M|100/100
|turn|4
|inactive|Blu94 has 30 seconds left.
|
|t:|1750773126
|-terastallize|p2a: Urshifu|Water
|-terastallize|p1b: Miraidon|Fairy
|move|p2b: Pelipper|Wide Guard|p2b: Pelipper
|-singleturn|p2b: Pelipper|Wide Guard
|move|p2a: Urshifu|Surging Strikes|p1a: Zacian
|-crit|p1a: Zacian
|-damage|p1a: Zacian|62/100
|-crit|p1a: Zacian
|-damage|p1a: Zacian|23/100
|-crit|p1a: Zacian
|-damage|p1a: Zacian|0 fnt
|faint|p1a: Zacian
|-hitcount|p1: Zacian|3
|move|p1b: Miraidon|Dazzling Gleam|p2b: Pelipper|[spread] 
|-activate|p2a: Urshifu|move: Wide Guard
|-activate|p2b: Pelipper|move: Wide Guard
|
|-weather|RainDance|[upkeep]
|-sideend|p2: Pelippherb|move: Tailwind
|upkeep
|
|t:|1750773141
|switch|p1a: Whimsicott|Whimsicott, L50, F|63/100
|turn|5
|-message|Blu94 forfeited.
|
|win|Pelippherb
|raw|Blu94's rating: 1460 &rarr; <strong>1440</strong><br />(-20 for losing)
|raw|Pelippherb's rating: 1457 &rarr; <strong>1477</strong><br />(+20 for winning)
|l|☆Blu94
|player|p1|
|l|☆Pelippherb
|player|p2|
