|j|☆Chef204
|j|☆Thestormking6289
|t:|1750806730
|gametype|doubles
|player|p1|Chef204|cynthia-gen4|1099
|player|p2|Thestormking6289|pokefan-gen4|1195
|teamsize|p1|6
|teamsize|p2|6
|gen|9
|tier|[Gen 9] VGC 2025 Reg I
|rated|
|rule|Species Clause: Limit one of each Pokémon
|rule|Item Clause: Limit 1 of each item
|clearpoke
|poke|p1|Solgaleo, L50|
|poke|p1|Masquerain, L50, F|
|poke|p1|Comfey, L50, F|
|poke|p1|Hariyama, L50, M|
|poke|p1|Iron Hands, L50|
|poke|p1|Miraidon, L50|
|poke|p2|Koraidon, L50|
|poke|p2|Incineroar, L50, F|
|poke|p2|Miraidon, L50|
|poke|p2|Iron Hands, L50|
|poke|p2|Whimsicott, L50, F|
|poke|p2|Basculegion, L50, M|
|teampreview|4
|inactive|Battle timer is ON: inactive players will automatically lose when time's up. (requested by Chef204)
Chef204 rejected open team sheets.
|
|t:|1750806747
|start
|switch|p1a: Miraidon|Miraidon, L50|100/100
|switch|p1b: Masquerain|Masquerain, L50, F, shiny|100/100
|switch|p2a: Koraidon|Koraidon, L50|100/100
|switch|p2b: Incineroar|Incineroar, L50, F|100/100
|-fieldstart|move: Electric Terrain|[from] ability: Hadron Engine|[of] p1a: Miraidon
|-weather|SunnyDay|[from] ability: Orichalcum Pulse|[of] p2a: Koraidon
|-activate|p2a: Koraidon|Orichalcum Pulse|[source]
|-ability|p1b: Masquerain|Intimidate|boost
|-unboost|p2a: Koraidon|atk|1
|-unboost|p2b: Incineroar|atk|1
|-ability|p2b: Incineroar|Intimidate|boost
|-unboost|p1a: Miraidon|atk|1
|-unboost|p1b: Masquerain|atk|1
|turn|1
|
|t:|1750806772
|switch|p2a: Whimsicott|Whimsicott, L50, F|100/100
|-terastallize|p1a: Miraidon|Ghost
|move|p2b: Incineroar|Fake Out|p1b: Masquerain
|-crit|p1b: Masquerain
|-damage|p1b: Masquerain|69/100
|move|p1a: Miraidon|Volt Switch|p2b: Incineroar
|-damage|p2b: Incineroar|47/100
|
|t:|1750806779
|switch|p1a: Solgaleo|Solgaleo, L50|100/100|[from] Volt Switch
|cant|p1b: Masquerain|flinch
|
|-weather|SunnyDay|[upkeep]
|upkeep
|turn|2
|
|t:|1750806793
|move|p2a: Whimsicott|Tailwind|p2a: Whimsicott
|-sidestart|p2: Thestormking6289|move: Tailwind
|move|p2b: Incineroar|Flare Blitz|p1a: Solgaleo
|-supereffective|p1a: Solgaleo
|-damage|p1a: Solgaleo|35/100
|-enditem|p1a: Solgaleo|Weakness Policy
|-boost|p1a: Solgaleo|atk|2|[from] item: Weakness Policy
|-boost|p1a: Solgaleo|spa|2|[from] item: Weakness Policy
|-damage|p2b: Incineroar|23/100|[from] Recoil
|move|p1b: Masquerain|Tailwind|p1b: Masquerain
|-sidestart|p1: Chef204|move: Tailwind
|move|p1a: Solgaleo|Earthquake|p2b: Incineroar|[spread] p2a,p2b
|-immune|p1b: Masquerain
|-resisted|p2a: Whimsicott
|-supereffective|p2b: Incineroar
|-crit|p2b: Incineroar
|-damage|p2a: Whimsicott|68/100
|-damage|p2b: Incineroar|0 fnt
|faint|p2b: Incineroar
|
|-weather|SunnyDay|[upkeep]
|upkeep
|
|t:|1750806812
|switch|p2b: Koraidon|Koraidon, L50|100/100
|-activate|p2b: Koraidon|ability: Orichalcum Pulse
|turn|3
|
|t:|1750806828
|-terastallize|p2b: Koraidon|Fire
|move|p2a: Whimsicott|Fake Tears|p1b: Masquerain
|-unboost|p1b: Masquerain|spd|2
|move|p2b: Koraidon|Flare Blitz|p1a: Solgaleo
|-supereffective|p1a: Solgaleo
|-damage|p1a: Solgaleo|0 fnt
|faint|p1a: Solgaleo
|-damage|p2b: Koraidon|86/100|[from] Recoil
|-damage|p2b: Koraidon|76/100|[from] item: Life Orb
|move|p1b: Masquerain|Whirlwind|p2b: Koraidon
|drag|p2b: Miraidon|Miraidon, L50|100/100
|-activate|p2b: Miraidon|ability: Hadron Engine
|
|-weather|SunnyDay|[upkeep]
|upkeep
|
|t:|1750806840
|switch|p1a: Iron Hands|Iron Hands, L50, shiny|100/100
|-activate|p1a: Iron Hands|ability: Quark Drive
|-start|p1a: Iron Hands|quarkdriveatk
|turn|4
|
|t:|1750806855
|switch|p2b: Koraidon|Koraidon, L50, tera:Fire|76/100
|-activate|p2b: Koraidon|ability: Orichalcum Pulse
|move|p1a: Iron Hands|Fake Out|p2b: Koraidon
|-damage|p2b: Koraidon|56/100
|move|p2a: Whimsicott|Fake Tears|p1a: Iron Hands
|-unboost|p1a: Iron Hands|spd|2
|-enditem|p1a: Iron Hands|Eject Pack
|
|t:|1750806865
|-end|p1a: Iron Hands|Quark Drive|[silent]
|switch|p1a: Miraidon|Miraidon, L50, tera:Ghost|100/100
|-activate|p1a: Miraidon|ability: Hadron Engine
|move|p1b: Masquerain|Ice Beam|p2a: Whimsicott
|-supereffective|p2a: Whimsicott
|-damage|p2a: Whimsicott|14/100
|
|-weather|SunnyDay|[upkeep]
|upkeep
|turn|5
|
|t:|1750806885
|move|p2a: Whimsicott|Protect|p2a: Whimsicott
|-singleturn|p2a: Whimsicott|Protect
|move|p1a: Miraidon|Volt Switch|p2a: Whimsicott
|-activate|p2a: Whimsicott|move: Protect
|move|p2b: Koraidon|Crunch|p1a: Miraidon
|-supereffective|p1a: Miraidon
|-damage|p1a: Miraidon|6/100
|-damage|p2b: Koraidon|46/100|[from] item: Life Orb
|move|p1b: Masquerain|Whirlwind|p2b: Koraidon
|drag|p2b: Miraidon|Miraidon, L50|100/100
|-activate|p2b: Miraidon|ability: Hadron Engine
|
|-weather|none
|-sideend|p1: Chef204|move: Tailwind
|-sideend|p2: Thestormking6289|move: Tailwind
|-fieldend|move: Electric Terrain
|upkeep
|turn|6
|
|t:|1750806905
|switch|p1a: Iron Hands|Iron Hands, L50, shiny|100/100
|move|p2a: Whimsicott|Tailwind|p2a: Whimsicott
|-sidestart|p2: Thestormking6289|move: Tailwind
|move|p2b: Miraidon|Dazzling Gleam|p1a: Iron Hands|[spread] p1a,p1b
|-supereffective|p1a: Iron Hands
|-crit|p1b: Masquerain
|-damage|p1a: Iron Hands|40/100
|-damage|p1b: Masquerain|0 fnt
|faint|p1b: Masquerain
|
|upkeep
|
|t:|1750806912
|switch|p1b: Miraidon|Miraidon, L50, tera:Ghost|6/100
|-fieldstart|move: Electric Terrain|[from] ability: Hadron Engine|[of] p1b: Miraidon
|-activate|p1a: Iron Hands|ability: Quark Drive
|-start|p1a: Iron Hands|quarkdriveatk
|turn|7
|
|t:|1750806922
|move|p1a: Iron Hands|Fake Out|p2a: Whimsicott
|-damage|p2a: Whimsicott|0 fnt
|faint|p2a: Whimsicott
|move|p2b: Miraidon|Dazzling Gleam|p1a: Iron Hands|[spread] p1a,p1b
|-supereffective|p1a: Iron Hands
|-damage|p1a: Iron Hands|0 fnt
|-damage|p1b: Miraidon|0 fnt
|faint|p1a: Iron Hands
|-end|p1a: Iron Hands|Quark Drive|[silent]
|faint|p1b: Miraidon
|
|win|Thestormking6289
|raw|Chef204's rating: 1099 &rarr; <strong>1081</strong><br />(-18 for losing)
|raw|Thestormking6289's rating: 1195 &rarr; <strong>1213</strong><br />(+18 for winning)
|l|☆Chef204
|player|p1|
|l|☆Thestormking6289
|player|p2|
