|j|‽Graves Wu
|j|☆Closedteamlistsuck
|t:|1750840341
|gametype|doubles
|player|p1|Graves Wu|steven|1577
|player|p2|Closedteamlistsuck|battlegirl-gen4|1498
|teamsize|p1|6
|teamsize|p2|6
|gen|9
|tier|[Gen 9] VGC 2025 Reg I
|rated|
|rule|Species Clause: Limit one of each Pokémon
|rule|Item Clause: Limit 1 of each item
|clearpoke
|poke|p1|Zamazenta-*, L50|
|poke|p1|Calyrex-Shadow, L50|
|poke|p1|Raging Bolt, L50|
|poke|p1|Rillaboom, L50, M|
|poke|p1|Incineroar, L50, F|
|poke|p1|Ogerpon-Hearthflame, L50, F|
|poke|p2|Iron Hands, L50|
|poke|p2|Ho-Oh, L50|
|poke|p2|Farigiraf, L50, M|
|poke|p2|Miraidon, L50|
|poke|p2|Grimmsnarl, L50, M|
|poke|p2|Iron Bundle, L50|
|teampreview|4
|inactive|Battle timer is ON: inactive players will automatically lose when time's up. (requested by Graves Wu)
|
|t:|1750840372
|start
|switch|p1a: Zamazenta|Zamazenta-Crowned, L50|100/100
|switch|p1b: Rillaboom|Rillaboom, L50, M, shiny|100/100
|switch|p2a: Farigiraf|Farigiraf, L50, M, shiny|100/100
|switch|p2b: Iron Hands|Iron Hands, L50, shiny|100/100
|-ability|p1a: Zamazenta|Dauntless Shield|boost
|-boost|p1a: Zamazenta|def|1
|-fieldstart|move: Grassy Terrain|[from] ability: Grassy Surge|[of] p1b: Rillaboom
|turn|1
|
|t:|1750840386
|move|p2b: Iron Hands|Fake Out|p1b: Rillaboom
|-damage|p1b: Rillaboom|86/100
|move|p1a: Zamazenta|Body Press|p2a: Farigiraf
|-damage|p2a: Farigiraf|50/100
|cant|p1b: Rillaboom|flinch
|move|p2a: Farigiraf|Trick Room|p2a: Farigiraf
|-fieldstart|move: Trick Room|[of] p2a: Farigiraf
|
|-heal|p2a: Farigiraf|56/100|[from] Grassy Terrain
|-heal|p1b: Rillaboom|92/100|[from] Grassy Terrain
|upkeep
|turn|2
|
|t:|1750840405
|move|p2a: Farigiraf|Helping Hand|p2b: Iron Hands
|-singleturn|p2b: Iron Hands|Helping Hand|[of] p2a: Farigiraf
|move|p1a: Zamazenta|Protect|p1a: Zamazenta
|-singleturn|p1a: Zamazenta|Protect
|move|p2b: Iron Hands|Low Kick|p1a: Zamazenta
|-activate|p1a: Zamazenta|move: Protect
|move|p1b: Rillaboom|Wood Hammer|p2a: Farigiraf
|-damage|p2a: Farigiraf|0 fnt
|faint|p2a: Farigiraf
|-damage|p1b: Rillaboom|72/100|[from] Recoil
|
|-heal|p1b: Rillaboom|78/100|[from] Grassy Terrain
|upkeep
|
|t:|1750840410
|switch|p2a: Ho-Oh|Ho-Oh, L50, shiny|100/100
|turn|3
|inactive|Graves Wu has 30 seconds left.
|
|t:|1750840445
|-terastallize|p1a: Zamazenta|Dragon
|move|p2b: Iron Hands|Low Kick|p1b: Rillaboom
|-damage|p1b: Rillaboom|38/100
|move|p1b: Rillaboom|U-turn|p2b: Iron Hands
|-resisted|p2b: Iron Hands
|-damage|p2b: Iron Hands|93/100
|
|t:|1750840454
|switch|p1b: Raging Bolt|Raging Bolt, L50|100/100|[from] U-turn
|move|p2a: Ho-Oh|Sacred Fire|p1a: Zamazenta
|-resisted|p1a: Zamazenta
|-damage|p1a: Zamazenta|90/100
|move|p1a: Zamazenta|Body Press|p2b: Iron Hands
|-damage|p2b: Iron Hands|49/100
|
|-heal|p2b: Iron Hands|55/100|[from] Grassy Terrain
|-heal|p1a: Zamazenta|96/100|[from] Grassy Terrain
|upkeep
|turn|4
|
|t:|1750840468
|move|p2a: Ho-Oh|Protect|p2a: Ho-Oh
|-singleturn|p2a: Ho-Oh|Protect
|move|p1a: Zamazenta|Protect|p1a: Zamazenta
|-singleturn|p1a: Zamazenta|Protect
|move|p2b: Iron Hands|Drain Punch|p1b: Raging Bolt
|-damage|p1b: Raging Bolt|67/100
|-heal|p2b: Iron Hands|71/100|[from] drain|[of] p1b: Raging Bolt
|move|p1b: Raging Bolt|Thunderbolt|p2a: Ho-Oh
|-activate|p2a: Ho-Oh|move: Protect
|
|-heal|p2b: Iron Hands|78/100|[from] Grassy Terrain
|-heal|p1b: Raging Bolt|73/100|[from] Grassy Terrain
|-heal|p1a: Zamazenta|100/100|[from] Grassy Terrain
|upkeep
|turn|5
|
|t:|1750840493
|-end|p2b: Iron Hands|Quark Drive|[silent]
|switch|p2b: Miraidon|Miraidon, L50|100/100
|-fieldstart|move: Electric Terrain|[from] ability: Hadron Engine|[of] p2b: Miraidon
|-terastallize|p2a: Ho-Oh|Grass
|move|p1b: Raging Bolt|Thunderbolt|p2a: Ho-Oh
|-resisted|p2a: Ho-Oh
|-damage|p2a: Ho-Oh|76/100
|move|p2a: Ho-Oh|Tailwind|p2a: Ho-Oh
|-sidestart|p2: Closedteamlistsuck|move: Tailwind
|move|p1a: Zamazenta|Body Press|p2b: Miraidon
|-damage|p2b: Miraidon|45/100
|
|-heal|p2a: Ho-Oh|82/100|[from] item: Leftovers
|-fieldend|move: Trick Room
|upkeep
|turn|6
|inactive|Graves Wu has 30 seconds left.
|inactive|Closedteamlistsuck has 30 seconds left.
|inactive|Graves Wu has 20 seconds left.
|inactive|Graves Wu has 15 seconds left.
|inactive|Graves Wu has 10 seconds left.
|inactive|Graves Wu has 5 seconds left.
|inactive|Closedteamlistsuck has 20 seconds left.
|
|t:|1750840548
|move|p1b: Raging Bolt|Protect|p1b: Raging Bolt
|-singleturn|p1b: Raging Bolt|Protect
|move|p2b: Miraidon|Volt Switch|p1b: Raging Bolt
|-activate|p1b: Raging Bolt|move: Protect
|move|p2a: Ho-Oh|Sacred Fire|p1b: Raging Bolt
|-activate|p1b: Raging Bolt|move: Protect
|move|p1a: Zamazenta|Body Press|p2b: Miraidon
|-damage|p2b: Miraidon|0 fnt
|faint|p2b: Miraidon
|
|-heal|p2a: Ho-Oh|88/100|[from] item: Leftovers
|upkeep
|c|☆Closedteamlistsuck|I mean
|c|☆Closedteamlistsuck|not scared to loose zam ?
|
|t:|1750840593
|switch|p2b: Iron Hands|Iron Hands, L50, shiny|78/100
|-activate|p2b: Iron Hands|ability: Quark Drive
|-start|p2b: Iron Hands|quarkdriveatk
|turn|7
|
|t:|1750840610
|move|p2a: Ho-Oh|Sacred Fire|p1a: Zamazenta
|-resisted|p1a: Zamazenta
|-damage|p1a: Zamazenta|89/100
|-status|p1a: Zamazenta|brn
|move|p1a: Zamazenta|Body Press|p2a: Ho-Oh
|-damage|p2a: Ho-Oh|59/100
|move|p2b: Iron Hands|Low Kick|p1b: Raging Bolt
|-damage|p1b: Raging Bolt|10/100
|move|p1b: Raging Bolt|Draco Meteor|p2b: Iron Hands
|-damage|p2b: Iron Hands|38/100
|-unboost|p1b: Raging Bolt|spa|2
|
|-heal|p2a: Ho-Oh|65/100|[from] item: Leftovers
|-damage|p1a: Zamazenta|83/100 brn|[from] brn
|upkeep
|turn|8
|
|t:|1750840629
|-end|p1b: Raging Bolt|Protosynthesis|[silent]
|switch|p1b: Rillaboom|Rillaboom, L50, M, shiny|38/100
|-fieldstart|move: Grassy Terrain|[from] ability: Grassy Surge|[of] p1b: Rillaboom
|-end|p2b: Iron Hands|Quark Drive
|move|p2a: Ho-Oh|Brave Bird|p1b: Rillaboom
|-supereffective|p1b: Rillaboom
|-damage|p1b: Rillaboom|0 fnt
|faint|p1b: Rillaboom
|-damage|p2a: Ho-Oh|53/100|[from] Recoil
|move|p1a: Zamazenta|Body Press|p2a: Ho-Oh
|-damage|p2a: Ho-Oh|27/100
|move|p2b: Iron Hands|Drain Punch|p1a: Zamazenta
|-damage|p1a: Zamazenta|66/100 brn
|-heal|p2b: Iron Hands|45/100|[from] drain|[of] p1a: Zamazenta
|
|-heal|p2a: Ho-Oh|33/100|[from] Grassy Terrain
|-heal|p2a: Ho-Oh|39/100|[from] item: Leftovers
|-heal|p1a: Zamazenta|72/100 brn|[from] Grassy Terrain
|-heal|p2b: Iron Hands|51/100|[from] Grassy Terrain
|-damage|p1a: Zamazenta|66/100 brn|[from] brn
|-sideend|p2: Closedteamlistsuck|move: Tailwind
|upkeep
|inactive|Graves Wu has 30 seconds left.
|inactive|Graves Wu has 20 seconds left.
|inactive|Graves Wu has 15 seconds left.
|
|t:|1750840670
|switch|p1b: Calyrex|Calyrex-Shadow, L50|100/100
|-ability|p1b: Calyrex|As One
|-ability|p1b: Calyrex|Unnerve
|turn|9
|
|t:|1750840689
|move|p1b: Calyrex|Astral Barrage|p2a: Ho-Oh|[spread] p2a,p2b
|-damage|p2a: Ho-Oh|0 fnt
|-damage|p2b: Iron Hands|17/100
|faint|p2a: Ho-Oh
|-ability|p1b: Calyrex|Grim Neigh|boost
|-boost|p1b: Calyrex|spa|1
|-damage|p1b: Calyrex|91/100|[from] item: Life Orb
|move|p1a: Zamazenta|Body Press|p2b: Iron Hands
|-damage|p2b: Iron Hands|0 fnt
|faint|p2b: Iron Hands
|-end|p2b: Iron Hands|Quark Drive|[silent]
|
|win|Graves Wu
|raw|Graves Wu's rating: 1577 &rarr; <strong>1593</strong><br />(+16 for winning)
|raw|Closedteamlistsuck's rating: 1498 &rarr; <strong>1482</strong><br />(-16 for losing)
|l|☆Closedteamlistsuck
|player|p2|
|l|‽Graves Wu
|player|p1|
