|j|☆Sir Quag VIII
|j|☆TheGreatRuce
|t:|1750781219
|gametype|doubles
|player|p1|Sir Quag VIII|2|1165
|player|p2|TheGreatRuce|ethan|1235
|teamsize|p1|6
|teamsize|p2|6
|gen|9
|tier|[Gen 9] VGC 2025 Reg I
|rated|
|rule|Species Clause: Limit one of each Pokémon
|rule|Item Clause: Limit 1 of each item
|clearpoke
|poke|p1|Miraidon, L50|
|poke|p1|Iron Thorns, L50|
|poke|p1|Cobalion, L50|
|poke|p1|Necrozma, L50|
|poke|p1|Ariados, L50, F|
|poke|p1|Sinistcha, L50|
|poke|p2|Armarouge, L50, F|
|poke|p2|Brute Bonnet, L50|
|poke|p2|Groudon, L50|
|poke|p2|Miraidon, L50|
|poke|p2|Tauros-Paldea-Aqua, L50, M|
|poke|p2|Tornadus, L50, M|
|teampreview|4
|inactive|Battle timer is ON: inactive players will automatically lose when time's up. (requested by Sir Quag VIII)
|inactive|Sir Quag VIII has 60 seconds left.
|
|t:|1750781263
|start
|switch|p1a: Miraidon|Miraidon, L50|100/100
|switch|p1b: Iron Thorns|Iron Thorns, L50, shiny|100/100
|switch|p2a: Brute Bonnet|Brute Bonnet, L50|100/100
|switch|p2b: Groudon|Groudon, L50|100/100
|-fieldstart|move: Electric Terrain|[from] ability: Hadron Engine|[of] p1a: Miraidon
|-activate|p1b: Iron Thorns|ability: Quark Drive
|-start|p1b: Iron Thorns|quarkdriveatk
|-weather|SunnyDay|[from] ability: Drought|[of] p2b: Groudon
|-activate|p2a: Brute Bonnet|ability: Protosynthesis
|-start|p2a: Brute Bonnet|protosynthesisspd
|turn|1
|inactive|Sir Quag VIII has 30 seconds left.
|
|t:|1750781297
|switch|p1a: Sinistcha|Sinistcha, L50|100/100
|-terastallize|p1b: Iron Thorns|Bug
|move|p2a: Brute Bonnet|Rage Powder|p2a: Brute Bonnet
|-singleturn|p2a: Brute Bonnet|move: Rage Powder
|move|p2b: Groudon|Bulk Up|p2b: Groudon
|-boost|p2b: Groudon|atk|1
|-boost|p2b: Groudon|def|1
|move|p1b: Iron Thorns|Pin Missile|p2a: Brute Bonnet
|-supereffective|p2a: Brute Bonnet
|-damage|p2a: Brute Bonnet|45/100
|-supereffective|p2a: Brute Bonnet
|-damage|p2a: Brute Bonnet|0 fnt
|faint|p2a: Brute Bonnet
|-end|p2a: Brute Bonnet|Protosynthesis|[silent]
|-hitcount|p2: Brute Bonnet|2
|
|-weather|SunnyDay|[upkeep]
|upkeep
|
|t:|1750781311
|switch|p2a: Armarouge|Armarouge, L50, F|100/100
|turn|2
|
|t:|1750781330
|switch|p1a: Miraidon|Miraidon, L50|100/100
|-activate|p1a: Miraidon|ability: Hadron Engine
|move|p2b: Groudon|Heat Crash|p1b: Iron Thorns
|-supereffective|p1b: Iron Thorns
|-damage|p1b: Iron Thorns|0 fnt
|faint|p1b: Iron Thorns
|-end|p1b: Iron Thorns|Quark Drive|[silent]
|move|p2a: Armarouge|Armor Cannon|p1a: Miraidon
|-resisted|p1a: Miraidon
|-damage|p1a: Miraidon|80/100
|-unboost|p2a: Armarouge|def|1
|-unboost|p2a: Armarouge|spd|1
|
|-weather|SunnyDay|[upkeep]
|upkeep
|
|t:|1750781343
|switch|p1b: Sinistcha|Sinistcha, L50|100/100
|-heal|p1a: Miraidon|100/100|[from] ability: Hospitality|[of] p1b: Sinistcha
|turn|3
|
|t:|1750781365
|switch|p2a: Miraidon|Miraidon, L50|100/100
|-activate|p2a: Miraidon|ability: Hadron Engine
|move|p1a: Miraidon|Electro Drift|p2a: Miraidon
|-resisted|p2a: Miraidon
|-damage|p2a: Miraidon|79/100
|move|p2b: Groudon|Precipice Blades|p1b: Sinistcha|[spread] p1b
|-miss|p2b: Groudon|p1a: Miraidon
|-resisted|p1b: Sinistcha
|-damage|p1b: Sinistcha|62/100
|move|p1b: Sinistcha|Trick Room|p1b: Sinistcha
|-fieldstart|move: Trick Room|[of] p1b: Sinistcha
|
|-weather|SunnyDay|[upkeep]
|-heal|p1b: Sinistcha|68/100|[from] item: Leftovers
|upkeep
|turn|4
|
|t:|1750781386
|move|p1b: Sinistcha|Matcha Gotcha|p2b: Groudon|[spread] p2a,p2b
|-resisted|p2a: Miraidon
|-supereffective|p2b: Groudon
|-damage|p2a: Miraidon|67/100
|-heal|p1b: Sinistcha|74/100|[from] drain|[of] p2a: Miraidon
|-damage|p2b: Groudon|49/100
|-heal|p1b: Sinistcha|100/100|[from] drain|[of] p2b: Groudon
|move|p2b: Groudon|Precipice Blades|p1b: Sinistcha|[spread] 
|-miss|p2b: Groudon|p1a: Miraidon
|-miss|p2b: Groudon|p1b: Sinistcha
|move|p1a: Miraidon|Draco Meteor|p2a: Miraidon
|-supereffective|p2a: Miraidon
|-damage|p2a: Miraidon|0 fnt
|-unboost|p1a: Miraidon|spa|2
|faint|p2a: Miraidon
|
|-weather|SunnyDay|[upkeep]
|upkeep
|
|t:|1750781403
|switch|p2a: Armarouge|Armarouge, L50, F|100/100
|turn|5
|inactive|Sir Quag VIII has 30 seconds left.
|inactive|Sir Quag VIII has 20 seconds left.
|inactive|Sir Quag VIII has 15 seconds left.
|
|t:|1750781443
|move|p1b: Sinistcha|Protect|p1b: Sinistcha
|-singleturn|p1b: Sinistcha|Protect
|move|p2a: Armarouge|Wide Guard|p2a: Armarouge
|-singleturn|p2a: Armarouge|Wide Guard
|move|p2b: Groudon|Precipice Blades|p1b: Sinistcha|[spread] p1a
|-activate|p1b: Sinistcha|move: Protect
|-supereffective|p1a: Miraidon
|-damage|p1a: Miraidon|0 fnt
|faint|p1a: Miraidon
|
|-weather|none
|-fieldend|move: Electric Terrain
|upkeep
|
|t:|1750781454
|switch|p1a: Necrozma|Necrozma, L50|100/100
|turn|6
|
|t:|1750781467
|move|p2b: Groudon|Protect|p2b: Groudon
|-singleturn|p2b: Groudon|Protect
|move|p1b: Sinistcha|Matcha Gotcha|p2b: Groudon|[spread] p2a
|-activate|p2b: Groudon|move: Protect
|-resisted|p2a: Armarouge
|-damage|p2a: Armarouge|86/100
|move|p1a: Necrozma|Meteor Beam||[still]
|-prepare|p1a: Necrozma|Meteor Beam
|-boost|p1a: Necrozma|spa|1
|-enditem|p1a: Necrozma|Power Herb
|-anim|p1a: Necrozma|Meteor Beam|p2a: Armarouge|[miss]
|-miss|p1a: Necrozma|p2a: Armarouge
|move|p2a: Armarouge|Will-O-Wisp|p1a: Necrozma
|-status|p1a: Necrozma|brn
|
|-damage|p1a: Necrozma|95/100 brn|[from] brn
|upkeep
|turn|7
|inactive|Sir Quag VIII has 30 seconds left.
|
|t:|1750781495
|move|p2a: Armarouge|Wide Guard|p2a: Armarouge
|-singleturn|p2a: Armarouge|Wide Guard
|move|p1b: Sinistcha|Matcha Gotcha|p2a: Armarouge|[spread] 
|-activate|p2a: Armarouge|move: Wide Guard
|-activate|p2b: Groudon|move: Wide Guard
|move|p1a: Necrozma|Photon Geyser|p2b: Groudon
|-damage|p2b: Groudon|0 fnt
|faint|p2b: Groudon
|
|-damage|p1a: Necrozma|89/100 brn|[from] brn
|-fieldend|move: Trick Room
|upkeep
|turn|8
|
|t:|1750781519
|move|p1b: Sinistcha|Rage Powder|p1b: Sinistcha
|-singleturn|p1b: Sinistcha|move: Rage Powder
|move|p2a: Armarouge|Armor Cannon|p1b: Sinistcha
|-supereffective|p1b: Sinistcha
|-damage|p1b: Sinistcha|0 fnt
|-unboost|p2a: Armarouge|def|1
|-unboost|p2a: Armarouge|spd|1
|faint|p1b: Sinistcha
|move|p1a: Necrozma|Tera Blast|p2a: Armarouge
|-damage|p2a: Armarouge|20/100
|
|-damage|p1a: Necrozma|83/100 brn|[from] brn
|upkeep
|turn|9
|
|t:|1750781536
|-terastallize|p2a: Armarouge|Ghost
|move|p2a: Armarouge|Armor Cannon|p1a: Necrozma
|-damage|p1a: Necrozma|38/100 brn
|-unboost|p2a: Armarouge|def|1
|-unboost|p2a: Armarouge|spd|1
|move|p1a: Necrozma|Tera Blast|p2a: Armarouge
|-immune|p2a: Armarouge
|
|-damage|p1a: Necrozma|32/100 brn|[from] brn
|upkeep
|turn|10
|
|t:|1750781551
|move|p2a: Armarouge|Armor Cannon|p1a: Necrozma
|-damage|p1a: Necrozma|0 fnt
|-unboost|p2a: Armarouge|def|1
|-unboost|p2a: Armarouge|spd|1
|faint|p1a: Necrozma
|
|win|TheGreatRuce
|raw|Sir Quag VIII's rating: 1165 &rarr; <strong>1145</strong><br />(-20 for losing)
|raw|TheGreatRuce's rating: 1235 &rarr; <strong>1255</strong><br />(+20 for winning)
|l|☆Sir Quag VIII
|player|p1|
|c|☆TheGreatRuce|gg wp
|l|☆TheGreatRuce
|player|p2|
