|j|☆watwutthat
|j|☆Toxirino
|t:|1750763094
|gametype|doubles
|player|p1|watwutthat|shadowtriad|1140
|player|p2|Toxirino|proton|1095
|teamsize|p1|6
|teamsize|p2|6
|gen|9
|tier|[Gen 9] VGC 2025 Reg I
|rated|
|rule|Species Clause: Limit one of each Pokémon
|rule|Item Clause: Limit 1 of each item
|clearpoke
|poke|p1|Scream Tail, L50|
|poke|p1|Koraidon, L50|
|poke|p1|Chien-Pao, L50|
|poke|p1|Tornadus, L50, M|
|poke|p1|Ogerpon-Cornerstone, L50, F|
|poke|p1|Typhlosion-Hisui, L50, F|
|poke|p2|Gengar, L50, F|
|poke|p2|Sneasler, L50, F|
|poke|p2|Grafaiai, L50, F|
|poke|p2|Amoonguss, L50, F|
|poke|p2|Eternatus, L50|
|poke|p2|Slowbro-Galar, L50, M|
|teampreview|4
|inactive|Battle timer is ON: inactive players will automatically lose when time's up. (requested by Toxirino)
watwutthat has agreed to open team sheets.
|inactive|Toxirino has 60 seconds left.
|
|t:|1750763141
|start
|switch|p1a: Scream Tail|Scream Tail, L50, shiny|100/100
|switch|p1b: Tornadus|Tornadus, L50, M|100/100
|switch|p2a: Gengar|Gengar, L50, F|100/100
|switch|p2b: Grafaiai|Grafaiai, L50, F, shiny|100/100
|turn|1
|
|t:|1750763164
|move|p1b: Tornadus|Tailwind|p1b: Tornadus
|-sidestart|p1: watwutthat|move: Tailwind
|move|p1a: Scream Tail|Disable||[still]
|-fail|p1a: Scream Tail
|move|p2a: Gengar|Shadow Ball|p1a: Scream Tail
|-supereffective|p1a: Scream Tail
|-damage|p1a: Scream Tail|36/100
|move|p2b: Grafaiai|Foul Play|p1a: Scream Tail
|-damage|p1a: Scream Tail|23/100
|
|-heal|p1a: Scream Tail|29/100|[from] item: Leftovers
|upkeep
|turn|2
|inactive|watwutthat has 30 seconds left.
|
|t:|1750763193
|move|p1b: Tornadus|Protect|p1b: Tornadus
|-singleturn|p1b: Tornadus|Protect
|move|p2b: Grafaiai|Encore|p1b: Tornadus
|-activate|p1b: Tornadus|move: Protect
|move|p1a: Scream Tail|Disable|p2a: Gengar
|-start|p2a: Gengar|Disable|Shadow Ball
|cant|p2a: Gengar|Disable|Shadow Ball
|
|-heal|p1a: Scream Tail|35/100|[from] item: Leftovers
|upkeep
|turn|3
|
|t:|1750763211
|switch|p1b: Typhlosion|Typhlosion-Hisui, L50, F|100/100
|move|p2b: Grafaiai|Encore||[still]
|-fail|p2b: Grafaiai
|move|p1a: Scream Tail|Encore||[still]
|-fail|p1a: Scream Tail
|move|p2a: Gengar|Sludge Bomb|p1a: Scream Tail
|-supereffective|p1a: Scream Tail
|-damage|p1a: Scream Tail|0 fnt
|faint|p1a: Scream Tail
|-end|p1a: Scream Tail|Protosynthesis|[silent]
|
|upkeep
|
|t:|1750763221
|switch|p1a: Koraidon|Koraidon, L50|100/100
|-weather|SunnyDay|[from] ability: Orichalcum Pulse|[of] p1a: Koraidon
|-activate|p1a: Koraidon|Orichalcum Pulse|[source]
|turn|4
|
|t:|1750763239
|switch|p2b: Amoonguss|Amoonguss, L50, F|100/100
|-terastallize|p1b: Typhlosion|Fire
|move|p1a: Koraidon|Close Combat|p2b: Amoonguss
|-resisted|p2b: Amoonguss
|-damage|p2b: Amoonguss|55/100
|-unboost|p1a: Koraidon|def|1
|-unboost|p1a: Koraidon|spd|1
|-enditem|p2b: Amoonguss|Eject Button
|-damage|p1a: Koraidon|91/100|[from] item: Life Orb
|
|t:|1750763248
|switch|p2b: Grafaiai|Grafaiai, L50, F, shiny|100/100
|move|p1b: Typhlosion|Eruption|p2b: Grafaiai|[spread] p2a,p2b
|-enditem|p2a: Gengar|Focus Sash
|-damage|p2a: Gengar|1/100
|-damage|p2b: Grafaiai|0 fnt
|faint|p2b: Grafaiai
|move|p2a: Gengar|Trick Room|p2a: Gengar
|-fieldstart|move: Trick Room|[of] p2a: Gengar
|
|-weather|SunnyDay|[upkeep]
|-sideend|p1: watwutthat|move: Tailwind
|upkeep
|
|t:|1750763251
|switch|p2b: Amoonguss|Amoonguss, L50, F|88/100
|turn|5
|
|t:|1750763266
|switch|p1b: Tornadus|Tornadus, L50, M|100/100
|move|p2b: Amoonguss|Spore|p1b: Tornadus
|-status|p1b: Tornadus|slp|[from] move: Spore
|move|p2a: Gengar|Sludge Bomb|p1a: Koraidon
|-damage|p1a: Koraidon|15/100
|-status|p1a: Koraidon|psn
|move|p1a: Koraidon|U-turn|p2a: Gengar
|-resisted|p2a: Gengar
|-damage|p2a: Gengar|0 fnt
|-start|p1a: Koraidon|Disable|U-turn|[from] ability: Cursed Body|[of] p2a: Gengar
|faint|p2a: Gengar
|-damage|p1a: Koraidon|5/100 psn|[from] item: Life Orb
|
|t:|1750763280
|switch|p1a: Typhlosion|Typhlosion-Hisui, L50, F, tera:Fire|100/100|[from] U-turn
|
|-weather|SunnyDay|[upkeep]
|upkeep
|
|t:|1750763282
|switch|p2a: Slowbro|Slowbro-Galar, L50, M|100/100
|turn|6
|l|☆Toxirino
|inactive|Toxirino disconnected and has a minute to reconnect!
|player|p2|
|j|☆Toxirino
|inactive|Toxirino reconnected and has 45 seconds left.
|player|p2|Toxirino|proton|
|
|t:|1750763305
|cant|p1b: Tornadus|slp
|move|p2b: Amoonguss|Spore|p1a: Typhlosion
|-status|p1a: Typhlosion|slp|[from] move: Spore
|move|p2a: Slowbro|Shell Side Arm|p1a: Typhlosion|[anim] Shell Side Arm Physical
|-damage|p1a: Typhlosion|41/100 slp
|-hint|Physical Shell Side Arm
|cant|p1a: Typhlosion|slp
|
|-weather|SunnyDay|[upkeep]
|upkeep
|turn|7
|
|t:|1750763321
|cant|p1b: Tornadus|slp
|move|p2b: Amoonguss|Foul Play|p1b: Tornadus
|-damage|p1b: Tornadus|75/100 slp
|move|p2a: Slowbro|Shell Side Arm|p1a: Typhlosion|[anim] Shell Side Arm Physical
|-damage|p1a: Typhlosion|0 fnt
|-hint|Physical Shell Side Arm
|faint|p1a: Typhlosion
|
|-weather|SunnyDay|[upkeep]
|upkeep
|
|t:|1750763329
|switch|p1a: Koraidon|Koraidon, L50|5/100 psn
|-activate|p1a: Koraidon|ability: Orichalcum Pulse
|turn|8
|
|t:|1750763339
|move|p2b: Amoonguss|Foul Play|p1a: Koraidon
|-resisted|p1a: Koraidon
|-damage|p1a: Koraidon|0 fnt
|faint|p1a: Koraidon
|move|p2a: Slowbro|Shell Side Arm|p1b: Tornadus|[anim] Shell Side Arm Physical
|-damage|p1b: Tornadus|21/100 slp
|-hint|Physical Shell Side Arm
|cant|p1b: Tornadus|slp
|
|-weather|none
|-fieldend|move: Trick Room
|upkeep
|turn|9
|-message|watwutthat forfeited.
|
|win|Toxirino
|raw|watwutthat's rating: 1140 &rarr; <strong>1112</strong><br />(-28 for losing)
|raw|Toxirino's rating: 1095 &rarr; <strong>1124</strong><br />(+29 for winning)
