|j|☆slickfast
|j|☆sleemo2
|t:|1750801886
|gametype|doubles
|player|p1|slickfast|266|1472
|player|p2|sleemo2|acetrainerf|1556
|teamsize|p1|6
|teamsize|p2|6
|gen|9
|tier|[Gen 9] VGC 2025 Reg I
|rated|
|rule|Species Clause: Limit one of each Pokémon
|rule|Item Clause: Limit 1 of each item
|clearpoke
|poke|p1|Kyurem-White, L50|
|poke|p1|Tornadus, L50, M|
|poke|p1|Calyrex-Shadow, L50|
|poke|p1|Indeedee-F, L50, F|
|poke|p1|Dondozo, L50, M|
|poke|p1|Tatsugiri, L50, F|
|poke|p2|Miraidon, L50|
|poke|p2|Grimmsnarl, L50, M|
|poke|p2|Ursaluna, L50, F|
|poke|p2|Urshifu-*, L50, F|
|poke|p2|Incineroar, L50, F|
|poke|p2|Lunala, L50|
|teampreview|4
|inactive|Battle timer is ON: inactive players will automatically lose when time's up. (requested by slickfast)
|
|t:|1750801923
|start
|switch|p1a: Kyurem|Kyurem-White, L50|100/100
|switch|p1b: Tornadus|Tornadus, L50, M|100/100
|switch|p2a: Grimmsnarl|Grimmsnarl, L50, M|100/100
|switch|p2b: Miraidon|Miraidon, L50|100/100
|-fieldstart|move: Electric Terrain|[from] ability: Hadron Engine|[of] p2b: Miraidon
|-ability|p1a: Kyurem|Turboblaze
|turn|1
|inactive|slickfast has 30 seconds left.
|inactive|slickfast has 20 seconds left.
|inactive|slickfast has 15 seconds left.
|
|t:|1750801966
|-terastallize|p2b: Miraidon|Fairy
|-terastallize|p1a: Kyurem|Ground
|move|p1b: Tornadus|Snowscape|p1b: Tornadus
|-weather|Snowscape
|move|p2a: Grimmsnarl|Light Screen|p2a: Grimmsnarl
|-sidestart|p2: sleemo2|move: Light Screen
|move|p2b: Miraidon|Dazzling Gleam|p1a: Kyurem|[spread] p1a,p1b
|-damage|p1a: Kyurem|66/100
|-damage|p1b: Tornadus|24/100
|move|p1a: Kyurem|Blizzard|p2a: Grimmsnarl|[spread] p2a,p2b
|-damage|p2a: Grimmsnarl|67/100
|-damage|p2b: Miraidon|68/100
|
|-weather|Snowscape|[upkeep]
|upkeep
|turn|2
|
|t:|1750801986
|move|p1b: Tornadus|Tailwind|p1b: Tornadus
|-sidestart|p1: slickfast|move: Tailwind
|move|p1a: Kyurem|Blizzard|p2a: Grimmsnarl|[spread] p2a,p2b
|-damage|p2a: Grimmsnarl|36/100
|-damage|p2b: Miraidon|35/100
|move|p2b: Miraidon|Dazzling Gleam|p1a: Kyurem|[spread] p1a,p1b
|-damage|p1a: Kyurem|33/100
|-damage|p1b: Tornadus|0 fnt
|faint|p1b: Tornadus
|move|p2a: Grimmsnarl|Spirit Break|p1a: Kyurem
|-damage|p1a: Kyurem|8/100
|-unboost|p1a: Kyurem|spa|1
|
|-weather|Snowscape|[upkeep]
|upkeep
|
|t:|1750802002
|switch|p1b: Calyrex|Calyrex-Shadow, L50|100/100
|-ability|p1b: Calyrex|As One
|-ability|p1b: Calyrex|Unnerve
|turn|3
|
|t:|1750802016
|move|p2a: Grimmsnarl|Scary Face|p1b: Calyrex
|-unboost|p1b: Calyrex|spe|2
|move|p1a: Kyurem|Blizzard|p2a: Grimmsnarl|[spread] p2a,p2b
|-damage|p2a: Grimmsnarl|14/100
|-damage|p2b: Miraidon|13/100
|move|p1b: Calyrex|Astral Barrage|p2a: Grimmsnarl|[spread] p2a,p2b
|-resisted|p2a: Grimmsnarl
|-damage|p2a: Grimmsnarl|0 fnt
|-damage|p2b: Miraidon|0 fnt
|faint|p2a: Grimmsnarl
|faint|p2b: Miraidon
|-ability|p1b: Calyrex|Grim Neigh|boost
|-boost|p1b: Calyrex|spa|2
|
|-weather|Snowscape|[upkeep]
|upkeep
|
|t:|1750802024
|switch|p2b: Urshifu|Urshifu-Rapid-Strike, L50, F|100/100
|switch|p2a: Lunala|Lunala, L50, shiny|100/100
|-enditem|p2a: Lunala|Electric Seed
|-boost|p2a: Lunala|def|1|[from] item: Electric Seed
|turn|4
|inactive|slickfast has 30 seconds left.
|inactive|slickfast has 20 seconds left.
|
|t:|1750802060
|move|p2b: Urshifu|Aqua Jet|p1a: Kyurem
|-supereffective|p1a: Kyurem
|-damage|p1a: Kyurem|0 fnt
|faint|p1a: Kyurem
|move|p1b: Calyrex|Expanding Force|p2b: Urshifu
|-supereffective|p2b: Urshifu
|-damage|p2b: Urshifu|0 fnt
|faint|p2b: Urshifu
|-ability|p1b: Calyrex|Grim Neigh|boost
|-boost|p1b: Calyrex|spa|1
|move|p2a: Lunala|Trick Room|p2a: Lunala
|-fieldstart|move: Trick Room|[of] p2a: Lunala
|
|-weather|Snowscape|[upkeep]
|upkeep
|
|t:|1750802073
|switch|p1a: Indeedee|Indeedee-F, L50, F|100/100
|-fieldstart|move: Psychic Terrain|[from] ability: Psychic Surge|[of] p1a: Indeedee
|turn|5
|-message|sleemo2 forfeited.
|
|win|slickfast
|raw|slickfast's rating: 1472 &rarr; <strong>1497</strong><br />(+25 for winning)
|raw|sleemo2's rating: 1556 &rarr; <strong>1531</strong><br />(-25 for losing)
|l|☆sleemo2
|player|p2|
|l|☆slickfast
|player|p1|
