|j|☆Aozora Kazama青空風間
|j|☆Ivievolucion
|t:|1750770022
|gametype|doubles
|player|p1|Aozora Kazama青空風間|169|1246
|player|p2|Ivievolucion|fisherman|1299
|teamsize|p1|6
|teamsize|p2|6
|gen|9
|tier|[Gen 9] VGC 2025 Reg I
|rated|
|rule|Species Clause: Limit one of each Pokémon
|rule|Item Clause: Limit 1 of each item
|clearpoke
|poke|p1|Stonjourner, L50, M|
|poke|p1|Weezing-Galar, L50, M|
|poke|p1|Sceptile, L50, M|
|poke|p1|Calyrex-Shadow, L50|
|poke|p1|Zacian-*, L50|
|poke|p1|Chi-Yu, L50|
|poke|p2|Kyogre, L50|
|poke|p2|Smeargle, L50, M|
|poke|p2|Incineroar, L50, M|
|poke|p2|Flutter Mane, L50|
|poke|p2|Calyrex-Ice, L50|
|poke|p2|Amoonguss, L50, F|
|teampreview|4
|inactive|Battle timer is ON: inactive players will automatically lose when time's up. (requested by Aozora Kazama青空風間)
Ivievolucion rejected open team sheets.
|
|t:|1750770048
|start
|switch|p1a: Sceptile|Sceptile, L50, M, shiny|100/100
|switch|p1b: Weezing|Weezing-Galar, L50, M, shiny|100/100
|switch|p2a: Calyrex|Calyrex-Ice, L50|100/100
|switch|p2b: Smeargle|Smeargle, L50, M|100/100
|-ability|p2a: Calyrex|As One
|-ability|p2a: Calyrex|Unnerve
|-fieldstart|move: Misty Terrain|[from] ability: Misty Surge|[of] p1b: Weezing
|turn|1
|
|t:|1750770058
|move|p2a: Calyrex|Protect|p2a: Calyrex
|-singleturn|p2a: Calyrex|Protect
|move|p1a: Sceptile|Shed Tail|p1a: Sceptile
|-start|p1a: Sceptile|Substitute|[from] move: Shed Tail
|-damage|p1a: Sceptile|50/100
|
|t:|1750770064
|switch|p1a: Calyrex|Calyrex-Shadow, L50|100/100|[from] Shed Tail
|-ability|p1a: Calyrex|As One
|-ability|p1a: Calyrex|Unnerve
|move|p2b: Smeargle|Spore|p1b: Weezing
|-activate|p1b: Weezing|move: Misty Terrain
|move|p1b: Weezing|Gunk Shot|p2a: Calyrex
|-activate|p2a: Calyrex|move: Protect
|
|-ability|p2b: Smeargle|Moody|boost
|-boost|p2b: Smeargle|def|2
|-unboost|p2b: Smeargle|spe|1
|upkeep
|turn|2
|
|t:|1750770086
|switch|p1b: Stonehenge|Stonjourner, L50, M, shiny|100/100
|-terastallize|p2a: Calyrex|Fairy
|move|p2b: Smeargle|Follow Me|p2b: Smeargle
|-singleturn|p2b: Smeargle|move: Follow Me
|move|p1a: Calyrex|Pollen Puff|p2b: Smeargle
|-crit|p2b: Smeargle
|-enditem|p2b: Smeargle|Focus Sash
|-damage|p2b: Smeargle|1/100
|move|p2a: Calyrex|Glacial Lance|p1b: Stonehenge|[spread] p1a,p1b
|-end|p1a: Calyrex|Substitute
|-damage|p1b: Stonehenge|54/100
|
|-ability|p2b: Smeargle|Moody|boost
|-boost|p2b: Smeargle|spd|2
|-unboost|p2b: Smeargle|spe|1
|upkeep
|turn|3
|
|t:|1750770105
|move|p1a: Calyrex|Protect|p1a: Calyrex
|-singleturn|p1a: Calyrex|Protect
|move|p2b: Smeargle|Follow Me|p2b: Smeargle
|-singleturn|p2b: Smeargle|move: Follow Me
|move|p1b: Stonehenge|Rock Slide|p2a: Calyrex|[spread] p2a,p2b
|-damage|p2a: Calyrex|82/100
|-damage|p2b: Smeargle|0 fnt
|faint|p2b: Smeargle
|move|p2a: Calyrex|Glacial Lance|p1b: Stonehenge|[spread] p1b
|-activate|p1a: Calyrex|move: Protect
|-damage|p1b: Stonehenge|16/100
|
|-heal|p2a: Calyrex|87/100|[from] item: Leftovers
|upkeep
|
|t:|1750770121
|switch|p2b: Amoonguss|Amoonguss, L50, F|100/100
|turn|4
|
|t:|1750770136
|move|p1b: Stonehenge|Wide Guard|p1b: Stonehenge
|-singleturn|p1b: Stonehenge|Wide Guard
|move|p1a: Calyrex|Astral Barrage|p2b: Amoonguss|[spread] p2a,p2b
|-damage|p2a: Calyrex|43/100
|-damage|p2b: Amoonguss|47/100
|move|p2b: Amoonguss|Pollen Puff|p2a: Calyrex
|-heal|p2a: Calyrex|93/100
|move|p2a: Calyrex|Trick Room|p2a: Calyrex
|-fieldstart|move: Trick Room|[of] p2a: Calyrex
|
|-heal|p2a: Calyrex|99/100|[from] item: Leftovers
|upkeep
|turn|5
|
|t:|1750770154
|move|p2b: Amoonguss|Protect|p2b: Amoonguss
|-singleturn|p2b: Amoonguss|Protect
|move|p1b: Stonehenge|Wide Guard|p1b: Stonehenge
|-singleturn|p1b: Stonehenge|Wide Guard
|move|p2a: Calyrex|Leech Seed|p1b: Stonehenge
|-start|p1b: Stonehenge|move: Leech Seed
|move|p1a: Calyrex|Astral Barrage|p2a: Calyrex|[spread] p2a
|-activate|p2b: Amoonguss|move: Protect
|-damage|p2a: Calyrex|57/100
|
|-heal|p2a: Calyrex|63/100|[from] item: Leftovers
|-damage|p1b: Stonehenge|4/100|[from] Leech Seed|[of] p2a: Calyrex
|-heal|p2a: Calyrex|73/100|[silent]
|-fieldend|Misty Terrain
|upkeep
|turn|6
|
|t:|1750770170
|switch|p1b: Weezing|Weezing-Galar, L50, M, shiny|100/100
|-fieldstart|move: Misty Terrain|[from] ability: Misty Surge|[of] p1b: Weezing
|move|p1a: Calyrex|Protect|p1a: Calyrex
|-singleturn|p1a: Calyrex|Protect
|move|p2b: Amoonguss|Spore|p1a: Calyrex
|-activate|p1a: Calyrex|move: Protect
|move|p2a: Calyrex|Glacial Lance|p1a: Calyrex|[spread] p1b
|-activate|p1a: Calyrex|move: Protect
|-damage|p1b: Weezing|52/100
|
|-heal|p2a: Calyrex|79/100|[from] item: Leftovers
|upkeep
|turn|7
|
|t:|1750770198
|move|p2b: Amoonguss|Pollen Puff|p1a: Calyrex
|-damage|p1a: Calyrex|82/100
|move|p2a: Calyrex|Glacial Lance|p1b: Weezing|[spread] p1a,p1b
|-damage|p1a: Calyrex|18/100
|-damage|p1b: Weezing|0 fnt
|faint|p1b: Weezing
|-ability|p2a: Calyrex|Chilling Neigh|boost
|-boost|p2a: Calyrex|atk|1
|move|p1a: Calyrex|Astral Barrage|p2b: Amoonguss|[spread] p2a,p2b
|-damage|p2a: Calyrex|45/100
|-damage|p2b: Amoonguss|5/100
|
|-heal|p2a: Calyrex|51/100|[from] item: Leftovers
|upkeep
|
|t:|1750770221
|switch|p1b: Stonehenge|Stonjourner, L50, M, shiny|4/100
|turn|8
|
|t:|1750770227
|move|p1b: Stonehenge|Protect|p1b: Stonehenge
|-singleturn|p1b: Stonehenge|Protect
|move|p1a: Calyrex|Protect|p1a: Calyrex
|-singleturn|p1a: Calyrex|Protect
|move|p2b: Amoonguss|Pollen Puff|p2a: Calyrex
|-heal|p2a: Calyrex|100/100
|move|p2a: Calyrex|Leech Seed|p1a: Calyrex
|-activate|p1a: Calyrex|move: Protect
|
|-fieldend|move: Trick Room
|upkeep
|turn|9
|
|t:|1750770246
|switch|p2b: Kyogre|Kyogre, L50|100/100
|-weather|RainDance|[from] ability: Drizzle|[of] p2b: Kyogre
|move|p1b: Stonehenge|Wide Guard|p1b: Stonehenge
|-singleturn|p1b: Stonehenge|Wide Guard
|move|p1a: Calyrex|Astral Barrage|p2a: Calyrex|[spread] p2a,p2b
|-damage|p2a: Calyrex|61/100
|-damage|p2b: Kyogre|53/100
|move|p2a: Calyrex|Trick Room|p2a: Calyrex
|-fieldstart|move: Trick Room|[of] p2a: Calyrex
|
|-weather|RainDance|[upkeep]
|-heal|p2a: Calyrex|67/100|[from] item: Leftovers
|upkeep
|turn|10
|
|t:|1750770260
|move|p1b: Stonehenge|Wide Guard|p1b: Stonehenge
|-singleturn|p1b: Stonehenge|Wide Guard
|move|p2a: Calyrex|Leech Seed|p1b: Stonehenge
|-start|p1b: Stonehenge|move: Leech Seed
|move|p2b: Kyogre|Thunder|p1a: Calyrex
|-damage|p1a: Calyrex|0 fnt
|faint|p1a: Calyrex
|
|-weather|RainDance|[upkeep]
|-heal|p2a: Calyrex|72/100|[from] item: Leftovers
|-damage|p1b: Stonehenge|0 fnt|[from] Leech Seed|[of] p2a: Calyrex
|-heal|p2a: Calyrex|75/100|[silent]
|faint|p1b: Stonehenge
|-fieldend|Misty Terrain
|upkeep
|
|t:|1750770268
|switch|p1b: Sceptile|Sceptile, L50, M, shiny|50/100
|turn|11
|
|t:|1750770274
|move|p2a: Calyrex|Glacial Lance|p1b: Sceptile
|-supereffective|p1b: Sceptile
|-damage|p1b: Sceptile|0 fnt
|faint|p1b: Sceptile
|
|win|Ivievolucion
|raw|Aozora Kazama青空風間's rating: 1246 &rarr; <strong>1225</strong><br />(-21 for losing)
|raw|Ivievolucion's rating: 1299 &rarr; <strong>1320</strong><br />(+21 for winning)
|l|☆Aozora Kazama青空風間
|player|p1|
|l|☆Ivievolucion
|player|p2|
