|j|☆DaniMedOli7
|j|☆eevee887
|t:|1750868651
|gametype|doubles
|player|p1|DaniMedOli7|169|1107
|player|p2|eevee887|red|1059
|teamsize|p1|6
|teamsize|p2|6
|gen|9
|tier|[Gen 9] VGC 2025 Reg I
|rated|
|rule|Species Clause: Limit one of each Pokémon
|rule|Item Clause: Limit 1 of each item
|clearpoke
|poke|p1|Volcarona, L50, F|
|poke|p1|Miraidon, L50|
|poke|p1|Rillaboom, L50, F|
|poke|p1|Zamazenta-*, L50|
|poke|p1|Ogerpon-Wellspring, L50, F|
|poke|p1|Chien-Pao, L50|
|poke|p2|Vileplume, L50, M|
|poke|p2|Blaziken, L50, M|
|poke|p2|Groudon, L50|
|poke|p2|Lunala, L50|
|poke|p2|Virizion, L50|
|poke|p2|Inteleon, L50, M|
|teampreview|4
|inactive|Battle timer is ON: inactive players will automatically lose when time's up. (requested by DaniMedOli7)
|
|t:|1750868682
|start
|switch|p1a: Volcarona|Volcarona, L50, F, shiny|100/100
|switch|p1b: Rillaboom|Rillaboom, L50, F|100/100
|switch|p2a: Vileplume|Vileplume, L50, M, shiny|100/100
|switch|p2b: Groudon|Groudon, L50|100/100
|-weather|SunnyDay|[from] ability: Drought|[of] p2b: Groudon
|-fieldstart|move: Grassy Terrain|[from] ability: Grassy Surge|[of] p1b: Rillaboom
|turn|1
|
|t:|1750868704
|move|p2b: Groudon|Protect|p2b: Groudon
|-singleturn|p2b: Groudon|Protect
|move|p1b: Rillaboom|Fake Out|p2b: Groudon
|-activate|p2b: Groudon|move: Protect
|move|p2a: Vileplume|Sludge Bomb|p1b: Rillaboom
|-supereffective|p1b: Rillaboom
|-damage|p1b: Rillaboom|53/100
|move|p1a: Volcarona|Quiver Dance|p1a: Volcarona
|-boost|p1a: Volcarona|spa|1
|-boost|p1a: Volcarona|spd|1
|-boost|p1a: Volcarona|spe|1
|
|-weather|SunnyDay|[upkeep]
|-heal|p1b: Rillaboom|59/100|[from] Grassy Terrain
|upkeep
|turn|2
|inactive|eevee887 has 30 seconds left.
|
|t:|1750868737
|move|p1a: Volcarona|Fiery Dance|p2a: Vileplume
|-supereffective|p2a: Vileplume
|-damage|p2a: Vileplume|0 fnt
|faint|p2a: Vileplume
|move|p2b: Groudon|Precipice Blades|p1b: Rillaboom|[spread] p1a,p1b
|-resisted|p1b: Rillaboom
|-damage|p1a: Volcarona|40/100
|-damage|p1b: Rillaboom|33/100
|move|p1b: Rillaboom|U-turn|p2b: Groudon
|-damage|p2b: Groudon|84/100
|
|t:|1750868750
|switch|p1b: Zamazenta|Zamazenta-Crowned, L50|100/100|[from] U-turn
|-ability|p1b: Zamazenta|Dauntless Shield|boost
|-boost|p1b: Zamazenta|def|1
|
|-weather|SunnyDay|[upkeep]
|-heal|p1a: Volcarona|46/100|[from] Grassy Terrain
|-heal|p2b: Groudon|90/100|[from] Grassy Terrain
|-heal|p2b: Groudon|96/100|[from] item: Leftovers
|upkeep
|
|t:|1750868758
|switch|p2a: Blaziken|Blaziken, L50, M, shiny|100/100
|turn|3
|
|t:|1750868773
|-terastallize|p1a: Volcarona|Grass
|move|p1b: Zamazenta|Wide Guard|p1b: Zamazenta
|-singleturn|p1b: Zamazenta|Wide Guard
|move|p1a: Volcarona|Giga Drain|p2b: Groudon
|-supereffective|p2b: Groudon
|-damage|p2b: Groudon|0 fnt
|-heal|p1a: Volcarona|91/100|[from] drain|[of] p2b: Groudon
|faint|p2b: Groudon
|move|p2a: Blaziken|Bulk Up|p2a: Blaziken
|-boost|p2a: Blaziken|atk|1
|-boost|p2a: Blaziken|def|1
|
|-weather|SunnyDay|[upkeep]
|-heal|p1a: Volcarona|97/100|[from] Grassy Terrain
|-ability|p2a: Blaziken|Speed Boost|boost
|-boost|p2a: Blaziken|spe|1
|upkeep
|
|t:|1750868786
|switch|p2b: Virizion|Virizion, L50|100/100
|turn|4
|inactive|eevee887 has 30 seconds left.
|
|t:|1750868813
|move|p1a: Volcarona|Protect|p1a: Volcarona
|-singleturn|p1a: Volcarona|Protect
|move|p2a: Blaziken|Protect|p2a: Blaziken
|-singleturn|p2a: Blaziken|Protect
|move|p1b: Zamazenta|Body Press|p2a: Blaziken
|-activate|p2a: Blaziken|move: Protect
|move|p2b: Virizion|Close Combat|p1b: Zamazenta
|-supereffective|p1b: Zamazenta
|-damage|p1b: Zamazenta|48/100
|-unboost|p2b: Virizion|def|1
|-unboost|p2b: Virizion|spd|1
|
|-weather|SunnyDay|[upkeep]
|-heal|p1a: Volcarona|100/100|[from] Grassy Terrain
|-heal|p1b: Zamazenta|54/100|[from] Grassy Terrain
|-ability|p2a: Blaziken|Speed Boost|boost
|-boost|p2a: Blaziken|spe|1
|upkeep
|turn|5
|
|t:|1750868837
|move|p1b: Zamazenta|Protect|p1b: Zamazenta
|-singleturn|p1b: Zamazenta|Protect
|move|p1a: Volcarona|Fiery Dance|p2b: Virizion
|-supereffective|p2b: Virizion
|-damage|p2b: Virizion|0 fnt
|faint|p2b: Virizion
|move|p2a: Blaziken|Flare Blitz|p1b: Zamazenta
|-activate|p1b: Zamazenta|move: Protect
|
|-weather|none
|-heal|p1b: Zamazenta|60/100|[from] Grassy Terrain
|-fieldend|move: Grassy Terrain
|-ability|p2a: Blaziken|Speed Boost|boost
|-boost|p2a: Blaziken|spe|1
|upkeep
|turn|6
|
|t:|1750868853
|-terastallize|p2a: Blaziken|Stellar
|move|p2a: Blaziken|Flare Blitz|p1b: Zamazenta
|-supereffective|p1b: Zamazenta
|-damage|p1b: Zamazenta|0 fnt
|faint|p1b: Zamazenta
|-damage|p2a: Blaziken|75/100|[from] Recoil
|move|p1a: Volcarona|Fiery Dance|p2a: Blaziken
|-resisted|p2a: Blaziken
|-damage|p2a: Blaziken|37/100
|
|-ability|p2a: Blaziken|Speed Boost|boost
|-boost|p2a: Blaziken|spe|1
|upkeep
|
|t:|1750868864
|switch|p1b: Rillaboom|Rillaboom, L50, F|33/100
|-fieldstart|move: Grassy Terrain|[from] ability: Grassy Surge|[of] p1b: Rillaboom
|turn|7
|
|t:|1750868877
|switch|p1b: Miraidon|Miraidon, L50|100/100
|-fieldstart|move: Electric Terrain|[from] ability: Hadron Engine|[of] p1b: Miraidon
|-enditem|p1a: Volcarona|Electric Seed
|-boost|p1a: Volcarona|def|1|[from] item: Electric Seed
|move|p2a: Blaziken|Bulk Up|p2a: Blaziken
|-boost|p2a: Blaziken|atk|1
|-boost|p2a: Blaziken|def|1
|move|p1a: Volcarona|Fiery Dance|p2a: Blaziken
|-resisted|p2a: Blaziken
|-damage|p2a: Blaziken|0 fnt
|-boost|p1a: Volcarona|spa|1
|faint|p2a: Blaziken
|
|win|DaniMedOli7
|raw|DaniMedOli7's rating: 1107 &rarr; <strong>1129</strong><br />(+22 for winning)
|raw|eevee887's rating: 1059 &rarr; <strong>1043</strong><br />(-16 for losing)
|l|☆eevee887
|player|p2|
|l|☆DaniMedOli7
|player|p1|
