|j|☆ilicorB
|j|☆Maaaaple
|t:|1750772959
|gametype|doubles
|player|p1|ilicorB|169|1140
|player|p2|Maaaaple|170|1222
|teamsize|p1|6
|teamsize|p2|6
|gen|9
|tier|[Gen 9] VGC 2025 Reg I
|rated|
|rule|Species Clause: Limit one of each Pokémon
|rule|Item Clause: Limit 1 of each item
|clearpoke
|poke|p1|Whimsicott, L50, F|
|poke|p1|Pelipper, L50, F|
|poke|p1|Incineroar, L50, F|
|poke|p1|Calyrex-Ice, L50|
|poke|p1|Miraidon, L50|
|poke|p1|Urshifu-*, L50, F|
|poke|p2|Whimsicott, L50, F|
|poke|p2|Calyrex-Shadow, L50|
|poke|p2|Miraidon, L50|
|poke|p2|Incineroar, L50, M|
|poke|p2|Iron Hands, L50|
|poke|p2|Chi-Yu, L50|
|teampreview|4
|
|t:|1750772997
|start
|switch|p1a: Pelipper|Pelipper, L50, F, shiny|100/100
|switch|p1b: Miraidon|Miraidon, L50|100/100
|switch|p2a: Incineroar|Incineroar, L50, M|100/100
|switch|p2b: Miraidon|Miraidon, L50|100/100
|-fieldstart|move: Electric Terrain|[from] ability: Hadron Engine|[of] p2b: Miraidon
|-activate|p1b: Miraidon|ability: Hadron Engine
|-ability|p2a: Incineroar|Intimidate|boost
|-unboost|p1a: Pelipper|atk|1
|-unboost|p1b: Miraidon|atk|1
|-weather|RainDance|[from] ability: Drizzle|[of] p1a: Pelipper
|turn|1
|
|t:|1750773024
|move|p1b: Miraidon|Protect|p1b: Miraidon
|-singleturn|p1b: Miraidon|Protect
|move|p2a: Incineroar|Fake Out|p1b: Miraidon
|-activate|p1b: Miraidon|move: Protect
|move|p2b: Miraidon|Volt Switch|p1a: Pelipper
|-supereffective|p1a: Pelipper
|-enditem|p1a: Pelipper|Focus Sash
|-damage|p1a: Pelipper|1/100
|
|t:|1750773034
|switch|p2b: Calyrex|Calyrex-Shadow, L50|100/100|[from] Volt Switch
|-ability|p2b: Calyrex|As One
|-ability|p2b: Calyrex|Unnerve
|move|p1a: Pelipper|Hurricane|p2b: Calyrex
|-damage|p2b: Calyrex|62/100
|
|-weather|RainDance|[upkeep]
|upkeep
|turn|2
|
|t:|1750773054
|move|p2b: Calyrex|Protect|p2b: Calyrex
|-singleturn|p2b: Calyrex|Protect
|move|p1a: Pelipper|Wide Guard|p1a: Pelipper
|-singleturn|p1a: Pelipper|Wide Guard
|move|p1b: Miraidon|Snarl|p2b: Calyrex|[spread] p2a
|-activate|p2b: Calyrex|move: Protect
|-resisted|p2a: Incineroar
|-damage|p2a: Incineroar|93/100
|-unboost|p2a: Incineroar|spa|1
|move|p2a: Incineroar|Parting Shot|p1b: Miraidon
|-unboost|p1b: Miraidon|atk|1
|-unboost|p1b: Miraidon|spa|1
|
|t:|1750773066
|switch|p2a: Whimsicott|Whimsicott, L50, F, shiny|100/100|[from] Parting Shot
|
|-weather|RainDance|[upkeep]
|upkeep
|turn|3
|
|t:|1750773091
|switch|p2b: Incineroar|Incineroar, L50, M|93/100
|-ability|p2b: Incineroar|Intimidate|boost
|-unboost|p1a: Pelipper|atk|1
|-unboost|p1b: Miraidon|atk|1
|move|p1a: Pelipper|Wide Guard|p1a: Pelipper
|-singleturn|p1a: Pelipper|Wide Guard
|move|p2a: Whimsicott|Tailwind|p2a: Whimsicott
|-sidestart|p2: Maaaaple|move: Tailwind
|move|p1b: Miraidon|Snarl|p2a: Whimsicott|[spread] p2a,p2b
|-resisted|p2a: Whimsicott
|-resisted|p2b: Incineroar
|-damage|p2a: Whimsicott|92/100
|-damage|p2b: Incineroar|87/100
|-unboost|p2b: Incineroar|spa|1
|
|-weather|RainDance|[upkeep]
|upkeep
|turn|4
|
|t:|1750773126
|switch|p1b: Urshifu|Urshifu-Rapid-Strike, L50, F|100/100
|move|p2a: Whimsicott|Moonblast|p1a: Pelipper
|-damage|p1a: Pelipper|0 fnt
|faint|p1a: Pelipper
|move|p2b: Incineroar|Parting Shot|p1b: Urshifu
|-unboost|p1b: Urshifu|atk|1
|-unboost|p1b: Urshifu|spa|1
|
|t:|1750773143
|switch|p2b: Miraidon|Miraidon, L50|100/100|[from] Parting Shot
|-activate|p2b: Miraidon|ability: Hadron Engine
|
|-weather|RainDance|[upkeep]
|upkeep
|
|t:|1750773154
|switch|p1a: Calyrex|Calyrex-Ice, L50|100/100
|-ability|p1a: Calyrex|As One
|-ability|p1a: Calyrex|Unnerve
|turn|5
|
|t:|1750773192
|switch|p2a: Incineroar|Incineroar, L50, M|87/100
|-ability|p2a: Incineroar|Intimidate|boost
|-unboost|p1a: Calyrex|atk|1
|-unboost|p1b: Urshifu|atk|1
|move|p1b: Urshifu|Protect|p1b: Urshifu
|-singleturn|p1b: Urshifu|Protect
|move|p2b: Miraidon|Volt Switch|p1b: Urshifu
|-activate|p1b: Urshifu|move: Protect
|move|p1a: Calyrex|Glacial Lance|p2a: Incineroar|[spread] p2a,p2b
|-resisted|p2a: Incineroar
|-supereffective|p2b: Miraidon
|-damage|p2a: Incineroar|68/100
|-damage|p2b: Miraidon|24/100
|
|-weather|none
|-fieldend|move: Electric Terrain
|upkeep
|turn|6
|
|t:|1750773231
|-terastallize|p1b: Urshifu|Fire
|move|p1a: Calyrex|Protect|p1a: Calyrex
|-singleturn|p1a: Calyrex|Protect
|move|p2a: Incineroar|Fake Out|p1b: Urshifu
|-damage|p1b: Urshifu|91/100
|move|p2b: Miraidon|Volt Switch|p1b: Urshifu
|-damage|p1b: Urshifu|21/100
|-enditem|p1b: Urshifu|Sitrus Berry|[eat]
|-heal|p1b: Urshifu|46/100|[from] item: Sitrus Berry
|
|t:|1750773241
|switch|p2b: Whimsicott|Whimsicott, L50, F, shiny|92/100|[from] Volt Switch
|cant|p1b: Urshifu|flinch
|
|-sideend|p2: Maaaaple|move: Tailwind
|upkeep
|turn|7
|
|t:|1750773255
|switch|p1a: Miraidon|Miraidon, L50|100/100
|-fieldstart|move: Electric Terrain|[from] ability: Hadron Engine|[of] p1a: Miraidon
|move|p2b: Whimsicott|Tailwind|p2b: Whimsicott
|-sidestart|p2: Maaaaple|move: Tailwind
|move|p2a: Incineroar|Will-O-Wisp|p1a: Miraidon
|-status|p1a: Miraidon|brn
|move|p1b: Urshifu|Surging Strikes|p2a: Incineroar
|-supereffective|p2a: Incineroar
|-crit|p2a: Incineroar
|-damage|p2a: Incineroar|24/100
|-damage|p1b: Urshifu|29/100|[from] item: Rocky Helmet|[of] p2a: Incineroar
|-supereffective|p2a: Incineroar
|-crit|p2a: Incineroar
|-damage|p2a: Incineroar|0 fnt
|-damage|p1b: Urshifu|13/100|[from] item: Rocky Helmet|[of] p2a: Incineroar
|faint|p2a: Incineroar
|-hitcount|p2: Incineroar|2
|
|-damage|p1a: Miraidon|95/100 brn|[from] brn
|upkeep
|
|t:|1750773282
|switch|p2a: Miraidon|Miraidon, L50|24/100
|-activate|p2a: Miraidon|ability: Hadron Engine
|turn|8
|
|t:|1750773309
|-terastallize|p2a: Miraidon|Fairy
|move|p1a: Miraidon|Protect|p1a: Miraidon
|-singleturn|p1a: Miraidon|Protect
|move|p2b: Whimsicott|Encore|p1b: Urshifu
|-start|p1b: Urshifu|Encore
|move|p2a: Miraidon|Dazzling Gleam|p1b: Urshifu|[spread] p1b
|-activate|p1a: Miraidon|move: Protect
|-resisted|p1b: Urshifu
|-damage|p1b: Urshifu|0 fnt
|faint|p1b: Urshifu
|
|-damage|p1a: Miraidon|89/100 brn|[from] brn
|upkeep
|
|t:|1750773324
|switch|p1b: Calyrex|Calyrex-Ice, L50|100/100
|-ability|p1b: Calyrex|As One
|-ability|p1b: Calyrex|Unnerve
|turn|9
|l|☆ilicorB
|player|p1|
|j|☆ilicorB
|player|p1|ilicorB|169|
|
|t:|1750773360
|move|p2b: Whimsicott|Encore|p1a: Miraidon
|-start|p1a: Miraidon|Encore
|move|p2a: Miraidon|Dazzling Gleam|p1b: Calyrex|[spread] p1a,p1b
|-supereffective|p1a: Miraidon
|-damage|p1a: Miraidon|0 fnt
|-damage|p1b: Calyrex|55/100
|faint|p1a: Miraidon
|move|p1b: Calyrex|Trick Room|p1b: Calyrex
|-fieldstart|move: Trick Room|[of] p1b: Calyrex
|
|upkeep
|turn|10
|
|t:|1750773371
|move|p1b: Calyrex|Protect|p1b: Calyrex
|-singleturn|p1b: Calyrex|Protect
|move|p2b: Whimsicott|Encore|p1b: Calyrex
|-activate|p1b: Calyrex|move: Protect
|move|p2a: Miraidon|Dazzling Gleam|p1b: Calyrex
|-activate|p1b: Calyrex|move: Protect
|
|-sideend|p2: Maaaaple|move: Tailwind
|upkeep
|turn|11
|
|t:|1750773382
|move|p2b: Whimsicott|Encore|p1b: Calyrex
|-start|p1b: Calyrex|Encore
|move|p1b: Calyrex|Protect||[still]
|-fail|p1b: Calyrex
|move|p2a: Miraidon|Dazzling Gleam|p1b: Calyrex
|-damage|p1b: Calyrex|0 fnt
|faint|p1b: Calyrex
|
|win|Maaaaple
|raw|ilicorB's rating: 1140 &rarr; <strong>1121</strong><br />(-19 for losing)
|raw|Maaaaple's rating: 1222 &rarr; <strong>1241</strong><br />(+19 for winning)
|l|☆ilicorB
|player|p1|
