|j|☆CB kg fb HD
|j|☆NathanaelW19
|t:|1750879561
|gametype|doubles
|player|p1|CB kg fb HD|brycen|1130
|player|p2|NathanaelW19|scientist|1212
|teamsize|p1|6
|teamsize|p2|6
|gen|9
|tier|[Gen 9] VGC 2025 Reg I
|rated|
|rule|Species Clause: Limit one of each Pokémon
|rule|Item Clause: Limit 1 of each item
|clearpoke
|poke|p1|Iron Bundle, L50|
|poke|p1|Iron Valiant, L50|
|poke|p1|Iron Jugulis, L50|
|poke|p1|Iron Crown, L50|
|poke|p1|Iron Hands, L50|
|poke|p1|Miraidon, L50|
|poke|p2|Wyrdeer, L50, F|
|poke|p2|Bruxish, L50, F|
|poke|p2|Indeedee, L50, M|
|poke|p2|Calyrex-Shadow, L50|
|poke|p2|Incineroar, L50, F|
|poke|p2|Ho-Oh, L50|
|teampreview|4
|inactive|Battle timer is ON: inactive players will automatically lose when time's up. (requested by NathanaelW19)
|inactive|CB kg fb HD also wants the timer to be on.
|inactive|CB kg fb HD has 60 seconds left.
|
|t:|1750879603
|start
|switch|p1a: Iron Jugulis|Iron Jugulis, L50, shiny|100/100
|switch|p1b: Iron Valiant|Iron Valiant, L50|100/100
|switch|p2a: Wyrdeer|Wyrdeer, L50, F|100/100
|switch|p2b: Bruxish|Bruxish, L50, F, shiny|100/100
|-ability|p2a: Wyrdeer|Intimidate|boost
|-unboost|p1a: Iron Jugulis|atk|1
|-unboost|p1b: Iron Valiant|atk|1
|turn|1
|
|t:|1750879618
|-terastallize|p2a: Wyrdeer|Fire
|move|p1b: Iron Valiant|Thunderbolt|p2b: Bruxish
|-supereffective|p2b: Bruxish
|-damage|p2b: Bruxish|15/100
|move|p1a: Iron Jugulis|Taunt|p2a: Wyrdeer
|-start|p2a: Wyrdeer|move: Taunt
|move|p2b: Bruxish|Flip Turn|p2a: Wyrdeer
|-supereffective|p2a: Wyrdeer
|-damage|p2a: Wyrdeer|65/100
|-enditem|p2a: Wyrdeer|Weakness Policy
|-boost|p2a: Wyrdeer|atk|2|[from] item: Weakness Policy
|-boost|p2a: Wyrdeer|spa|2|[from] item: Weakness Policy
|
|t:|1750879630
|switch|p2b: Indeedee|Indeedee, L50, M, shiny|100/100|[from] Flip Turn
|-fieldstart|move: Psychic Terrain|[from] ability: Psychic Surge|[of] p2b: Indeedee
|move|p2a: Wyrdeer|Expanding Force|p1a: Iron Jugulis|[spread] p1b
|-immune|p1a: Iron Jugulis
|-supereffective|p1b: Iron Valiant
|-enditem|p1b: Iron Valiant|Focus Sash
|-damage|p1b: Iron Valiant|1/100
|
|upkeep
|turn|2
|inactive|CB kg fb HD has 30 seconds left.
|
|t:|1750879657
|move|p1b: Iron Valiant|Wide Guard|p1b: Iron Valiant
|-singleturn|p1b: Iron Valiant|Wide Guard
|move|p1a: Iron Jugulis|Dark Pulse|p2b: Indeedee
|-supereffective|p2b: Indeedee
|-damage|p2b: Indeedee|0 fnt
|faint|p2b: Indeedee
|move|p2a: Wyrdeer|Shadow Ball|p1b: Iron Valiant
|-damage|p1b: Iron Valiant|0 fnt
|faint|p1b: Iron Valiant
|-end|p1b: Iron Valiant|Quark Drive|[silent]
|
|upkeep
|
|t:|1750879674
|switch|p1b: Miraidon|Miraidon, L50|100/100
|switch|p2b: Calyrex|Calyrex-Shadow, L50|100/100
|-ability|p2b: Calyrex|As One
|-ability|p2b: Calyrex|Unnerve
|-fieldstart|move: Electric Terrain|[from] ability: Hadron Engine|[of] p1b: Miraidon
|-activate|p1a: Iron Jugulis|ability: Quark Drive
|-start|p1a: Iron Jugulis|quarkdrivespe
|turn|3
|
|t:|1750879695
|-terastallize|p1b: Miraidon|Electric
|move|p2b: Calyrex|Protect|p2b: Calyrex
|-singleturn|p2b: Calyrex|Protect
|move|p1a: Iron Jugulis|Tailwind|p1a: Iron Jugulis
|-sidestart|p1: CB kg fb HD|move: Tailwind
|move|p1b: Miraidon|Volt Switch|p2b: Calyrex
|-activate|p2b: Calyrex|move: Protect
|move|p2a: Wyrdeer|Expanding Force|p1b: Miraidon
|-damage|p1b: Miraidon|44/100
|
|-end|p2a: Wyrdeer|move: Taunt
|upkeep
|turn|4
|
|t:|1750879719
|switch|p2b: Bruxish|Bruxish, L50, F, shiny|15/100
|move|p1a: Iron Jugulis|Dark Pulse|p2b: Bruxish
|-supereffective|p2b: Bruxish
|-damage|p2b: Bruxish|0 fnt
|faint|p2b: Bruxish
|move|p1b: Miraidon|Volt Switch|p2a: Wyrdeer
|-damage|p2a: Wyrdeer|0 fnt
|faint|p2a: Wyrdeer
|
|t:|1750879730
|switch|p1b: Iron Hands|Iron Hands, L50|100/100|[from] Volt Switch
|-activate|p1b: Iron Hands|ability: Quark Drive
|-start|p1b: Iron Hands|quarkdriveatk
|
|upkeep
|
|t:|1750879737
|switch|p2b: Calyrex|Calyrex-Shadow, L50|100/100
|-ability|p2b: Calyrex|As One
|-ability|p2b: Calyrex|Unnerve
|turn|5
|c|☆NathanaelW19|Gg
|-message|NathanaelW19 forfeited.
|
|win|CB kg fb HD
|raw|CB kg fb HD's rating: 1130 &rarr; <strong>1161</strong><br />(+31 for winning)
|raw|NathanaelW19's rating: 1212 &rarr; <strong>1181</strong><br />(-31 for losing)
|l|☆NathanaelW19
|player|p2|
|l|☆CB kg fb HD
|player|p1|
