|j|☆goofyronald756
|j|☆Yeoneeeeee
|t:|1750798548
|gametype|doubles
|player|p1|goofyronald756|barry|1537
|player|p2|Yeoneeeeee|266|1468
|teamsize|p1|6
|teamsize|p2|6
|gen|9
|tier|[Gen 9] VGC 2025 Reg I
|rated|
|rule|Species Clause: Limit one of each Pokémon
|rule|Item Clause: Limit 1 of each item
|clearpoke
|poke|p1|Miraidon, L50|
|poke|p1|Lunala, L50|
|poke|p1|Sylveon, L50, F|
|poke|p1|Incineroar, L50, M|
|poke|p1|Iron Hands, L50|
|poke|p1|Urshifu-*, L50, M|
|poke|p2|Miraidon, L50|
|poke|p2|Iron Hands, L50|
|poke|p2|Incineroar, L50, F|
|poke|p2|Urshifu-*, L50, F|
|poke|p2|Calyrex-Shadow, L50|
|poke|p2|Whimsicott, L50, M|
|teampreview|4
|inactive|Battle timer is ON: inactive players will automatically lose when time's up. (requested by Yeoneeeeee)
|inactive|Yeoneeeeee has 60 seconds left.
|
|t:|1750798613
|start
|switch|p1a: Miraidon|Miraidon, L50|100/100
|switch|p1b: Lunala|Lunala, L50|100/100
|switch|p2a: Calyrex|Calyrex-Shadow, L50|100/100
|switch|p2b: Urshifu|Urshifu-Rapid-Strike, L50, F|100/100
|-ability|p2a: Calyrex|As One
|-ability|p2a: Calyrex|Unnerve
|-fieldstart|move: Electric Terrain|[from] ability: Hadron Engine|[of] p1a: Miraidon
|-enditem|p1b: Lunala|Electric Seed
|-boost|p1b: Lunala|def|1|[from] item: Electric Seed
|turn|1
|
|t:|1750798631
|move|p2a: Calyrex|Protect|p2a: Calyrex
|-singleturn|p2a: Calyrex|Protect
|move|p1b: Lunala|Wide Guard|p1b: Lunala
|-singleturn|p1b: Lunala|Wide Guard
|move|p2b: Urshifu|U-turn|p1b: Lunala
|-damage|p1b: Lunala|94/100
|
|t:|1750798639
|switch|p2b: Miraidon|Miraidon, L50|100/100|[from] U-turn
|-activate|p2b: Miraidon|ability: Hadron Engine
|move|p1a: Miraidon|Dazzling Gleam|p2a: Calyrex|[spread] p2b
|-activate|p2a: Calyrex|move: Protect
|-supereffective|p2b: Miraidon
|-damage|p2b: Miraidon|54/100
|
|upkeep
|turn|2
|
|t:|1750798660
|switch|p1a: Iron Hands|Iron Hands, L50|100/100
|-activate|p1a: Iron Hands|ability: Quark Drive
|-start|p1a: Iron Hands|quarkdriveatk
|-terastallize|p2b: Miraidon|Electric
|-terastallize|p1b: Lunala|Fairy
|move|p2a: Calyrex|Psyshock|p1a: Iron Hands
|-supereffective|p1a: Iron Hands
|-damage|p1a: Iron Hands|27/100
|move|p2b: Miraidon|Draco Meteor|p1a: Iron Hands
|-damage|p1a: Iron Hands|0 fnt
|-unboost|p2b: Miraidon|spa|2
|faint|p1a: Iron Hands
|-end|p1a: Iron Hands|Quark Drive|[silent]
|move|p1b: Lunala|Trick Room|p1b: Lunala
|-fieldstart|move: Trick Room|[of] p1b: Lunala
|
|upkeep
|
|t:|1750798668
|switch|p1a: Sylveon|Sylveon, L50, F, shiny|100/100
|turn|3
|
|t:|1750798693
|move|p2a: Calyrex|Protect|p2a: Calyrex
|-singleturn|p2a: Calyrex|Protect
|move|p1a: Sylveon|Hyper Voice|p2a: Calyrex|[spread] p2b
|-activate|p2a: Calyrex|move: Protect
|-damage|p2b: Miraidon|28/100
|move|p1b: Lunala|Moongeist Beam|p2b: Miraidon
|-damage|p2b: Miraidon|0 fnt
|faint|p2b: Miraidon
|
|upkeep
|
|t:|1750798705
|switch|p2b: Iron Hands|Iron Hands, L50|100/100
|-enditem|p2b: Iron Hands|Electric Seed
|-boost|p2b: Iron Hands|def|1|[from] item: Electric Seed
|-activate|p2b: Iron Hands|ability: Quark Drive
|-start|p2b: Iron Hands|quarkdrivedef
|turn|4
|
|t:|1750798720
|move|p1b: Lunala|Wide Guard|p1b: Lunala
|-singleturn|p1b: Lunala|Wide Guard
|move|p2b: Iron Hands|Thunder Punch|p1a: Sylveon
|-damage|p1a: Sylveon|53/100
|move|p1a: Sylveon|Hyper Voice|p2a: Calyrex|[spread] p2a,p2b
|-supereffective|p2b: Iron Hands
|-damage|p2a: Calyrex|54/100
|-damage|p2b: Iron Hands|29/100
|move|p2a: Calyrex|Astral Barrage|p1a: Sylveon|[spread] 
|-activate|p1a: Sylveon|move: Wide Guard
|-activate|p1b: Lunala|move: Wide Guard
|
|upkeep
|turn|5
|inactive|Yeoneeeeee has 30 seconds left.
|
|t:|1750798746
|move|p2b: Iron Hands|Protect|p2b: Iron Hands
|-singleturn|p2b: Iron Hands|Protect
|move|p1a: Sylveon|Hyper Voice|p2a: Calyrex|[spread] p2a
|-activate|p2b: Iron Hands|move: Protect
|-damage|p2a: Calyrex|4/100
|move|p1b: Lunala|Moongeist Beam|p2a: Calyrex
|-supereffective|p2a: Calyrex
|-damage|p2a: Calyrex|0 fnt
|faint|p2a: Calyrex
|
|-fieldend|move: Electric Terrain
|-end|p2b: Iron Hands|Quark Drive
|upkeep
|-message|Yeoneeeeee forfeited.
|
|win|goofyronald756
|raw|goofyronald756's rating: 1537 &rarr; <strong>1553</strong><br />(+16 for winning)
|raw|Yeoneeeeee's rating: 1468 &rarr; <strong>1452</strong><br />(-16 for losing)
|l|☆Yeoneeeeee
|player|p2|
|l|☆goofyronald756
|player|p1|
