|j|☆SlippyWippy
|j|☆mpds44
|t:|1750745322
|gametype|doubles
|player|p1|SlippyWippy|hilda|1181
|player|p2|mpds44|2|1152
|teamsize|p1|6
|teamsize|p2|6
|gen|9
|tier|[Gen 9] VGC 2025 Reg I
|rated|
|rule|Species Clause: Limit one of each Pokémon
|rule|Item Clause: Limit 1 of each item
|clearpoke
|poke|p1|Kyogre, L50|
|poke|p1|Tornadus, L50, M|
|poke|p1|Incineroar, L50, M|
|poke|p1|Zacian-*, L50|
|poke|p1|Rillaboom, L50, F|
|poke|p1|Urshifu-*, L50, M|
|poke|p2|Groudon, L50|
|poke|p2|Sableye, L50, M|
|poke|p2|Ting-Lu, L50|
|poke|p2|Miraidon, L50|
|poke|p2|Iron Boulder, L50|
|poke|p2|Entei, L50|
|teampreview|4
|inactive|Battle timer is ON: inactive players will automatically lose when time's up. (requested by SlippyWippy)
|inactive|mpds44 has 60 seconds left.
SlippyWippy has agreed to open team sheets.
|
|t:|1750745373
|start
|switch|p1a: Kyogre|Kyogre, L50, shiny|100/100
|switch|p1b: Tornadus|Tornadus, L50, M|100/100
|switch|p2a: Sableye|Sableye, L50, M|100/100
|switch|p2b: Ting-Lu|Ting-Lu, L50|100/100
|-weather|RainDance|[from] ability: Drizzle|[of] p1a: Kyogre
|-ability|p2b: Ting-Lu|Vessel of Ruin
|turn|1
|
|t:|1750745389
|move|p1b: Tornadus|Rain Dance||[still]
|-fail|p1b: Tornadus
|move|p2a: Sableye|Quash|p1a: Kyogre
|-activate|p1a: Kyogre|move: Quash
|move|p2b: Ting-Lu|Ruination|p1a: Kyogre
|-damage|p1a: Kyogre|51/100
|move|p1a: Kyogre|Water Spout|p2a: Sableye|[spread] p2a,p2b
|-supereffective|p2b: Ting-Lu
|-damage|p2a: Sableye|50/100
|-damage|p2b: Ting-Lu|34/100
|
|-weather|RainDance|[upkeep]
|upkeep
|turn|2
|inactive|SlippyWippy has 30 seconds left.
|
|t:|1750745415
|move|p1a: Kyogre|Protect|p1a: Kyogre
|-singleturn|p1a: Kyogre|Protect
|move|p2a: Sableye|Quash|p1a: Kyogre
|-activate|p1a: Kyogre|move: Protect
|move|p1b: Tornadus|Bleakwind Storm|p2b: Ting-Lu|[spread] p2a,p2b
|-damage|p2a: Sableye|22/100
|-damage|p2b: Ting-Lu|14/100
|move|p2b: Ting-Lu|Snarl|p1b: Tornadus|[spread] p1b
|-activate|p1a: Kyogre|move: Protect
|-damage|p1b: Tornadus|89/100
|-unboost|p1b: Tornadus|spa|1
|
|-weather|RainDance|[upkeep]
|upkeep
|turn|3
|inactive|SlippyWippy has 30 seconds left.
|
|t:|1750745446
|move|p2a: Sableye|Quash|p1a: Kyogre
|-activate|p1a: Kyogre|move: Quash
|move|p1b: Tornadus|Bleakwind Storm|p2b: Ting-Lu|[spread] p2a,p2b
|-damage|p2a: Sableye|0 fnt
|-damage|p2b: Ting-Lu|0 fnt
|faint|p2a: Sableye
|faint|p2b: Ting-Lu
|move|p1a: Kyogre|Origin Pulse|p2: Sableye|[notarget]
|-fail|p1a: Kyogre
|
|-weather|RainDance|[upkeep]
|upkeep
|
|t:|1750745452
|switch|p2a: Miraidon|Miraidon, L50|100/100
|switch|p2b: Iron Boulder|Iron Boulder, L50|100/100
|-fieldstart|move: Electric Terrain|[from] ability: Hadron Engine|[of] p2a: Miraidon
|-activate|p2b: Iron Boulder|ability: Quark Drive
|-start|p2b: Iron Boulder|quarkdrivespe
|turn|4
|
|t:|1750745467
|move|p1a: Kyogre|Protect|p1a: Kyogre
|-singleturn|p1a: Kyogre|Protect
|move|p1b: Tornadus|Tailwind|p1b: Tornadus
|-sidestart|p1: SlippyWippy|move: Tailwind
|move|p2b: Iron Boulder|Wild Charge|p1b: Tornadus
|-supereffective|p1b: Tornadus
|-damage|p1b: Tornadus|0 fnt
|faint|p1b: Tornadus
|-damage|p2b: Iron Boulder|80/100|[from] Recoil
|-damage|p2b: Iron Boulder|70/100|[from] item: Life Orb
|move|p2a: Miraidon|Electro Drift|p1a: Kyogre
|-activate|p1a: Kyogre|move: Protect
|
|-weather|RainDance|[upkeep]
|upkeep
|
|t:|1750745480
|switch|p1b: Zacian|Zacian-Crowned, L50|100/100
|-ability|p1b: Zacian|Intrepid Sword|boost
|-boost|p1b: Zacian|atk|1
|turn|5
|inactive|SlippyWippy has 30 seconds left.
|
|t:|1750745512
|-terastallize|p2a: Miraidon|Fairy
|move|p1b: Zacian|Protect|p1b: Zacian
|-singleturn|p1b: Zacian|Protect
|move|p2b: Iron Boulder|Protect|p2b: Iron Boulder
|-singleturn|p2b: Iron Boulder|Protect
|move|p1a: Kyogre|Hydro Pump|p2b: Iron Boulder
|-activate|p2b: Iron Boulder|move: Protect
|move|p2a: Miraidon|Electro Drift|p1a: Kyogre
|-supereffective|p1a: Kyogre
|-damage|p1a: Kyogre|0 fnt
|faint|p1a: Kyogre
|
|-weather|none
|upkeep
|
|t:|1750745521
|switch|p1a: Urshifu|Urshifu-Rapid-Strike, L50, M|100/100
|turn|6
|
|t:|1750745540
|move|p1b: Zacian|Behemoth Blade|p2a: Miraidon
|-supereffective|p2a: Miraidon
|-damage|p2a: Miraidon|0 fnt
|faint|p2a: Miraidon
|move|p1a: Urshifu|Surging Strikes|p2b: Iron Boulder
|-supereffective|p2b: Iron Boulder
|-crit|p2b: Iron Boulder
|-damage|p2b: Iron Boulder|5/100
|-supereffective|p2b: Iron Boulder
|-crit|p2b: Iron Boulder
|-damage|p2b: Iron Boulder|0 fnt
|faint|p2b: Iron Boulder
|-end|p2b: Iron Boulder|Quark Drive|[silent]
|-hitcount|p2: Iron Boulder|2
|
|win|SlippyWippy
|raw|SlippyWippy's rating: 1181 &rarr; <strong>1204</strong><br />(+23 for winning)
|raw|mpds44's rating: 1152 &rarr; <strong>1129</strong><br />(-23 for losing)
|l|☆mpds44
|player|p2|
|l|☆SlippyWippy
|player|p1|
