|j|☆bogan7595
|j|☆xdt707
|t:|1750729407
|gametype|doubles
|player|p1|bogan7595|nate|1072
|player|p2|xdt707|swimmerf-gen4|1000
|teamsize|p1|6
|teamsize|p2|6
|gen|9
|tier|[Gen 9] VGC 2025 Reg I
|rated|
|rule|Species Clause: Limit one of each Pokémon
|rule|Item Clause: Limit 1 of each item
|clearpoke
|poke|p1|Braviary-Hisui, L50, M|
|poke|p1|Flamigo, L50, F|
|poke|p1|Electabuzz, L50, M|
|poke|p1|Kyogre, L50|
|poke|p1|Incineroar, L50, M|
|poke|p1|Kingdra, L50, M|
|poke|p2|Calyrex-Ice, L50|
|poke|p2|Grimmsnarl, L50, M|
|poke|p2|Gholdengo, L50|
|poke|p2|Miraidon, L50|
|poke|p2|Landorus, L50, M|
|poke|p2|Urshifu-*, L50, M|
|teampreview|4
|
|t:|1750729439
|start
|switch|p1a: Kingdra|Kingdra, L50, M|100/100
|switch|p1b: Kyogre|Kyogre, L50|100/100
|switch|p2a: Grimmsnarl|Grimmsnarl, L50, M, shiny|100/100
|switch|p2b: Urshifu|Urshifu-Rapid-Strike, L50, M|100/100
|-weather|RainDance|[from] ability: Drizzle|[of] p1b: Kyogre
|turn|1
|inactive|Battle timer is ON: inactive players will automatically lose when time's up. (requested by xdt707)
|inactive|xdt707 has 60 seconds left.
|
|t:|1750729472
|switch|p1b: Electabuzz|Electabuzz, L50, M|100/100
|move|p2a: Grimmsnarl|Fake Out|p1b: Electabuzz
|-damage|p1b: Electabuzz|88/100
|-status|p2a: Grimmsnarl|par|[from] ability: Static|[of] p1b: Electabuzz
|move|p1a: Kingdra|Dragon Dance|p1a: Kingdra
|-boost|p1a: Kingdra|atk|1
|-boost|p1a: Kingdra|spe|1
|move|p2b: Urshifu|Drain Punch|p1b: Electabuzz
|-damage|p1b: Electabuzz|38/100
|
|-weather|RainDance|[upkeep]
|upkeep
|turn|2
|
|t:|1750729496
|move|p1b: Electabuzz|Follow Me|p1b: Electabuzz
|-singleturn|p1b: Electabuzz|move: Follow Me
|move|p2a: Grimmsnarl|Parting Shot|p1b: Electabuzz
|-unboost|p1b: Electabuzz|atk|1
|-unboost|p1b: Electabuzz|spa|1
|
|t:|1750729503
|switch|p2a: Miraidon|Miraidon, L50|100/100|[from] Parting Shot
|-fieldstart|move: Electric Terrain|[from] ability: Hadron Engine|[of] p2a: Miraidon
|move|p1a: Kingdra|Dragon Dance|p1a: Kingdra
|-boost|p1a: Kingdra|atk|1
|-boost|p1a: Kingdra|spe|1
|move|p2b: Urshifu|Surging Strikes|p1b: Electabuzz
|-crit|p1b: Electabuzz
|-damage|p1b: Electabuzz|3/100
|-status|p2b: Urshifu|par|[from] ability: Static|[of] p1b: Electabuzz
|-crit|p1b: Electabuzz
|-damage|p1b: Electabuzz|0 fnt
|faint|p1b: Electabuzz
|-hitcount|p1: Electabuzz|2
|
|-weather|RainDance|[upkeep]
|upkeep
|
|t:|1750729517
|switch|p1b: Flamigo|Flamigo, L50, F|100/100
|-copyboost|p1b: Flamigo|p1a: Kingdra|[from] ability: Costar
|turn|3
|inactive|bogan7595 has 30 seconds left.
|inactive|xdt707 has 30 seconds left.
|
|t:|1750729548
|-terastallize|p2a: Miraidon|Electric
|move|p1a: Kingdra|Wave Crash|p2b: Urshifu
|-resisted|p2b: Urshifu
|-damage|p2b: Urshifu|21/100 par
|-damage|p1a: Kingdra|68/100|[from] Recoil
|move|p1b: Flamigo|Close Combat|p2a: Miraidon
|-damage|p2a: Miraidon|6/100
|-unboost|p1b: Flamigo|def|1
|-unboost|p1b: Flamigo|spd|1
|move|p2a: Miraidon|Draco Meteor|p1a: Kingdra
|-supereffective|p1a: Kingdra
|-damage|p1a: Kingdra|0 fnt
|-unboost|p2a: Miraidon|spa|2
|faint|p1a: Kingdra
|move|p2b: Urshifu|Surging Strikes|p1b: Flamigo
|-crit|p1b: Flamigo
|-damage|p1b: Flamigo|29/100
|-crit|p1b: Flamigo
|-damage|p1b: Flamigo|0 fnt
|faint|p1b: Flamigo
|-hitcount|p1: Flamigo|2
|
|-weather|RainDance|[upkeep]
|upkeep
|
|t:|1750729569
|switch|p1b: Kyogre|Kyogre, L50|100/100
|turn|4
|inactive|xdt707 has 30 seconds left.
|
|t:|1750729602
|switch|p2a: Calyrex|Calyrex-Ice, L50|100/100
|-ability|p2a: Calyrex|As One
|-ability|p2a: Calyrex|Unnerve
|-terastallize|p1b: Kyogre|Grass
|move|p2b: Urshifu|Aqua Jet|p1b: Kyogre
|-resisted|p1b: Kyogre
|-damage|p1b: Kyogre|82/100
|move|p1b: Kyogre|Origin Pulse|p2b: Urshifu|[spread] p2b
|-miss|p1b: Kyogre|p2a: Calyrex
|-resisted|p2b: Urshifu
|-damage|p2b: Urshifu|0 fnt
|faint|p2b: Urshifu
|
|-weather|RainDance|[upkeep]
|upkeep
|
|t:|1750729617
|switch|p2b: Grimmsnarl|Grimmsnarl, L50, M, shiny|100/100 par
|turn|5
|
|t:|1750729626
|move|p2b: Grimmsnarl|Fake Out|p1b: Kyogre
|-damage|p1b: Kyogre|70/100
|cant|p1b: Kyogre|flinch
|move|p2a: Calyrex|Glacial Lance|p1b: Kyogre
|-supereffective|p1b: Kyogre
|-damage|p1b: Kyogre|0 fnt
|faint|p1b: Kyogre
|
|win|xdt707
|raw|bogan7595's rating: 1072 &rarr; <strong>1047</strong><br />(-25 for losing)
|raw|xdt707's rating: 1000 &rarr; <strong>1048</strong><br />(+48 for winning)
|l|☆bogan7595
|player|p1|
