|j|☆MakePertGreatAgain
|j|☆ReijiYukishiro
|t:|1750775735
|gametype|doubles
|player|p1|MakePertGreatAgain|pokemonbreeder|1098
|player|p2|ReijiYukishiro|steven|1011
|teamsize|p1|6
|teamsize|p2|6
|gen|9
|tier|[Gen 9] VGC 2025 Reg I
|rated|
|rule|Species Clause: Limit one of each Pokémon
|rule|Item Clause: Limit 1 of each item
|clearpoke
|poke|p1|Rillaboom, L50, F|
|poke|p1|Electabuzz, L50, F|
|poke|p1|Kyogre, L50|
|poke|p1|Zacian-*, L50|
|poke|p1|Tornadus, L50, M|
|poke|p1|Chi-Yu, L50|
|poke|p2|Miraidon, L50|
|poke|p2|Lunala, L50|
|poke|p2|Roaring Moon, L50|
|poke|p2|Incineroar, L50, M|
|poke|p2|Iron Hands, L50|
|poke|p2|Urshifu-*, L50, M|
|teampreview|4
|inactive|Battle timer is ON: inactive players will automatically lose when time's up. (requested by ReijiYukishiro)
|c|☆MakePertGreatAgain|glhf
|inactive|MakePertGreatAgain has 60 seconds left.
|
|t:|1750775781
|start
|switch|p1a: belgug|Kyogre, L50|100/100
|switch|p1b: LiterallyAMan|Tornadus, L50, M|100/100
|switch|p2a: Lunala|Lunala, L50|100/100
|switch|p2b: Incineroar|Incineroar, L50, M|100/100
|-weather|RainDance|[from] ability: Drizzle|[of] p1a: belgug
|-ability|p2b: Incineroar|Intimidate|boost
|-unboost|p1a: belgug|atk|1
|-unboost|p1b: LiterallyAMan|atk|1
|turn|1
|
|t:|1750775797
|move|p2b: Incineroar|Fake Out|p1a: belgug
|-damage|p1a: belgug|88/100
|move|p1b: LiterallyAMan|Tailwind|p1b: LiterallyAMan
|-sidestart|p1: MakePertGreatAgain|move: Tailwind
|cant|p1a: belgug|flinch
|move|p2a: Lunala|Trick Room|p2a: Lunala
|-fieldstart|move: Trick Room|[of] p2a: Lunala
|
|-weather|RainDance|[upkeep]
|-heal|p1a: belgug|94/100|[from] item: Leftovers
|upkeep
|turn|2
|inactive|ReijiYukishiro has 30 seconds left.
|
|t:|1750775825
|move|p1b: LiterallyAMan|Protect|p1b: LiterallyAMan
|-singleturn|p1b: LiterallyAMan|Protect
|move|p1a: belgug|Protect|p1a: belgug
|-singleturn|p1a: belgug|Protect
|move|p2a: Lunala|Wide Guard|p2a: Lunala
|-singleturn|p2a: Lunala|Wide Guard
|move|p2b: Incineroar|Parting Shot|p1a: belgug
|-activate|p1a: belgug|move: Protect
|
|-weather|RainDance|[upkeep]
|-heal|p1a: belgug|99/100|[from] item: Leftovers
|upkeep
|turn|3
|inactive|MakePertGreatAgain has 30 seconds left.
|inactive|ReijiYukishiro has 30 seconds left.
|
|t:|1750775858
|move|p2b: Incineroar|Parting Shot|p1a: belgug
|-unboost|p1a: belgug|atk|1
|-unboost|p1a: belgug|spa|1
|
|t:|1750775862
|switch|p2b: Iron Hands|Iron Hands, L50|100/100|[from] Parting Shot
|move|p2a: Lunala|Moonblast|p1a: belgug
|-damage|p1a: belgug|82/100
|-unboost|p1a: belgug|spa|1
|move|p1a: belgug|Origin Pulse|p2a: Lunala|[spread] p2a,p2b
|-damage|p2a: Lunala|89/100
|-damage|p2b: Iron Hands|75/100
|move|p1b: LiterallyAMan|Bleakwind Storm|p2a: Lunala|[spread] p2a,p2b
|-damage|p2a: Lunala|69/100
|-damage|p2b: Iron Hands|52/100
|-unboost|p2b: Iron Hands|spe|1
|
|-weather|RainDance|[upkeep]
|-heal|p1a: belgug|87/100|[from] item: Leftovers
|upkeep
|turn|4
|
|t:|1750775887
|move|p1b: LiterallyAMan|Protect|p1b: LiterallyAMan
|-singleturn|p1b: LiterallyAMan|Protect
|move|p1a: belgug|Protect|p1a: belgug
|-singleturn|p1a: belgug|Protect
|move|p2a: Lunala|Wide Guard|p2a: Lunala
|-singleturn|p2a: Lunala|Wide Guard
|move|p2b: Iron Hands|Volt Switch|p1a: belgug
|-activate|p1a: belgug|move: Protect
|
|-weather|RainDance|[upkeep]
|-heal|p1a: belgug|93/100|[from] item: Leftovers
|-sideend|p1: MakePertGreatAgain|move: Tailwind
|upkeep
|turn|5
|inactive|MakePertGreatAgain has 30 seconds left.
|
|t:|1750775917
|switch|p1a: gorphisch|Chi-Yu, L50|100/100
|-ability|p1a: gorphisch|Beads of Ruin
|move|p2a: Lunala|Wide Guard|p2a: Lunala
|-singleturn|p2a: Lunala|Wide Guard
|move|p1b: LiterallyAMan|Taunt|p2a: Lunala
|-start|p2a: Lunala|move: Taunt
|move|p2b: Iron Hands|Volt Switch|p1a: gorphisch
|-damage|p1a: gorphisch|86/100
|
|t:|1750775930
|-end|p2b: Iron Hands|Quark Drive|[silent]
|switch|p2b: Urshifu|Urshifu-Rapid-Strike, L50, M|100/100|[from] Volt Switch
|
|-weather|none
|-fieldend|move: Trick Room
|upkeep
|turn|6
|inactive|ReijiYukishiro has 30 seconds left.
|
|t:|1750775956
|switch|p2a: Incineroar|Incineroar, L50, M|100/100
|-ability|p2a: Incineroar|Intimidate|boost
|-unboost|p1a: gorphisch|atk|1
|-unboost|p1b: LiterallyAMan|atk|1
|-terastallize|p1a: gorphisch|Grass
|-terastallize|p2b: Urshifu|Water
|move|p1b: LiterallyAMan|Tailwind|p1b: LiterallyAMan
|-sidestart|p1: MakePertGreatAgain|move: Tailwind
|move|p1a: gorphisch|Tera Blast|p2b: Urshifu|[anim] Tera Blast Grass
|-supereffective|p2b: Urshifu
|-damage|p2b: Urshifu|0 fnt
|faint|p2b: Urshifu
|
|upkeep
|
|t:|1750775971
|switch|p2b: Lunala|Lunala, L50|69/100
|turn|7
|
|t:|1750775984
|switch|p1a: belgug|Kyogre, L50|93/100
|-weather|RainDance|[from] ability: Drizzle|[of] p1a: belgug
|move|p2a: Incineroar|Fake Out|p1a: belgug
|-damage|p1a: belgug|82/100
|move|p1b: LiterallyAMan|Taunt|p2b: Lunala
|-start|p2b: Lunala|move: Taunt
|cant|p2b: Lunala|move: Taunt|Trick Room
|
|-weather|RainDance|[upkeep]
|-heal|p1a: belgug|87/100|[from] item: Leftovers
|upkeep
|turn|8
|-message|ReijiYukishiro forfeited.
|
|win|MakePertGreatAgain
|raw|MakePertGreatAgain's rating: 1098 &rarr; <strong>1117</strong><br />(+19 for winning)
|raw|ReijiYukishiro's rating: 1011 &rarr; <strong>1002</strong><br />(-9 for losing)
|l|☆ReijiYukishiro
|player|p2|
