|j|☆antfrrr~
|j|☆queen_lel
|t:|1750867347
|gametype|doubles
|player|p1|antfrrr~|nate|1174
|player|p2|queen_lel|169|1235
|teamsize|p1|5
|teamsize|p2|6
|gen|9
|tier|[Gen 9] VGC 2025 Reg I
|rated|
|rule|Species Clause: Limit one of each Pokémon
|rule|Item Clause: Limit 1 of each item
|clearpoke
|poke|p1|Miraidon, L50|
|poke|p1|Iron Jugulis, L50|
|poke|p1|Zamazenta-*, L50|
|poke|p1|Luxray, L50, M|
|poke|p1|Meowscarada, L50, M|
|poke|p2|Zamazenta-*, L50|
|poke|p2|Volcarona, L50, M|
|poke|p2|Calyrex-Shadow, L50|
|poke|p2|Ogerpon-Wellspring, L50, F|
|poke|p2|Rillaboom, L50, F|
|poke|p2|Iron Hands, L50|
|teampreview|4
|inactive|Battle timer is ON: inactive players will automatically lose when time's up. (requested by queen_lel)
|
|t:|1750867362
|start
|switch|p1a: Iron Jugulis|Iron Jugulis, L50|100/100
|switch|p1b: PURRR|Meowscarada, L50, M|100/100
|switch|p2a: Calyrex|Calyrex-Shadow, L50|100/100
|switch|p2b: Rillaboom|Rillaboom, L50, F|100/100
|-ability|p2a: Calyrex|As One
|-ability|p2a: Calyrex|Unnerve
|-fieldstart|move: Grassy Terrain|[from] ability: Grassy Surge|[of] p2b: Rillaboom
|turn|1
|inactive|antfrrr~ has 30 seconds left.
|inactive|antfrrr~ has 20 seconds left.
|
|t:|1750867402
|switch|p2a: Volcarona|Volcarona, L50, M|100/100
|move|p2b: Rillaboom|Fake Out|p1a: Iron Jugulis
|-damage|p1a: Iron Jugulis|85/100
|move|p1a: Iron Jugulis|Tailwind|p1a: Iron Jugulis
|-sidestart|p1: antfrrr~|move: Tailwind
|move|p1b: PURRR|Knock Off|p2a: Volcarona
|-damage|p2a: Volcarona|41/100
|-damage|p1b: PURRR|84/100|[from] item: Rocky Helmet|[of] p2a: Volcarona
|-enditem|p2a: Volcarona|Rocky Helmet|[from] move: Knock Off|[of] p1b: PURRR
|
|-heal|p1b: PURRR|90/100|[from] Grassy Terrain
|-heal|p2a: Volcarona|47/100|[from] Grassy Terrain
|upkeep
|turn|2
|
|t:|1750867419
|switch|p1b: Miraidon|Miraidon, L50|100/100
|-fieldstart|move: Electric Terrain|[from] ability: Hadron Engine|[of] p1b: Miraidon
|-activate|p1a: Iron Jugulis|ability: Quark Drive
|-start|p1a: Iron Jugulis|quarkdrivespe
|move|p2a: Volcarona|Protect|p2a: Volcarona
|-singleturn|p2a: Volcarona|Protect
|move|p1a: Iron Jugulis|Dragon Cheer|p1b: Miraidon
|-start|p1b: Miraidon|move: Dragon Cheer
|move|p2b: Rillaboom|U-turn|p1b: Miraidon
|-damage|p1b: Miraidon|75/100
|
|t:|1750867431
|switch|p2b: Calyrex|Calyrex-Shadow, L50|100/100|[from] U-turn
|-ability|p2b: Calyrex|As One
|-ability|p2b: Calyrex|Unnerve
|
|upkeep
|turn|3
|
|t:|1750867443
|switch|p2a: Rillaboom|Rillaboom, L50, F|100/100
|-fieldstart|move: Grassy Terrain|[from] ability: Grassy Surge|[of] p2a: Rillaboom
|-end|p1a: Iron Jugulis|Quark Drive
|-terastallize|p2b: Calyrex|Ground
|move|p1b: Miraidon|Electro Drift|p2b: Calyrex
|-immune|p2b: Calyrex
|move|p1a: Iron Jugulis|Snarl|p2a: Rillaboom|[spread] p2a,p2b
|-damage|p2a: Rillaboom|88/100
|-damage|p2b: Calyrex|83/100
|-unboost|p2a: Rillaboom|spa|1
|-unboost|p2b: Calyrex|spa|1
|move|p2b: Calyrex|Astral Barrage|p1a: Iron Jugulis|[spread] p1a,p1b
|-resisted|p1a: Iron Jugulis
|-damage|p1a: Iron Jugulis|56/100
|-damage|p1b: Miraidon|25/100
|
|-heal|p1b: Miraidon|31/100|[from] Grassy Terrain
|-heal|p2b: Calyrex|89/100|[from] Grassy Terrain
|-heal|p2a: Rillaboom|94/100|[from] Grassy Terrain
|upkeep
|turn|4
|inactive|antfrrr~ has 30 seconds left.
|
|t:|1750867470
|switch|p1b: PURRR|Meowscarada, L50, M|90/100
|-end|p1a: Iron Jugulis|Quark Drive|[silent]
|switch|p1a: Moonlight|Luxray, L50, M, shiny|100/100
|-ability|p1a: Moonlight|Intimidate|boost
|-unboost|p2a: Rillaboom|atk|1
|-unboost|p2b: Calyrex|atk|1
|move|p2a: Rillaboom|Fake Out|p1b: PURRR
|-damage|p1b: PURRR|75/100
|move|p2b: Calyrex|Astral Barrage|p1a: Moonlight|[spread] p1a,p1b
|-resisted|p1b: PURRR
|-damage|p1a: Moonlight|40/100
|-damage|p1b: PURRR|34/100
|
|-heal|p1b: PURRR|40/100|[from] Grassy Terrain
|-heal|p2b: Calyrex|95/100|[from] Grassy Terrain
|-heal|p1a: Moonlight|45/100|[from] Grassy Terrain
|-heal|p2a: Rillaboom|100/100|[from] Grassy Terrain
|-sideend|p1: antfrrr~|move: Tailwind
|upkeep
|turn|5
|
|t:|1750867492
|switch|p2b: Zamazenta|Zamazenta-Crowned, L50|100/100
|-enditem|p1a: Moonlight|Sitrus Berry|[eat]
|-heal|p1a: Moonlight|70/100|[from] item: Sitrus Berry
|-ability|p2b: Zamazenta|Dauntless Shield|boost
|-boost|p2b: Zamazenta|def|1
|move|p1b: PURRR|Flower Trick|p2b: Zamazenta
|-resisted|p2b: Zamazenta
|-crit|p2b: Zamazenta
|-damage|p2b: Zamazenta|78/100
|move|p2a: Rillaboom|U-turn|p1b: PURRR
|-supereffective|p1b: PURRR
|-damage|p1b: PURRR|0 fnt
|faint|p1b: PURRR
|
|t:|1750867503
|switch|p2a: Volcarona|Volcarona, L50, M|47/100|[from] U-turn
|move|p1a: Moonlight|Ice Fang|p2a: Volcarona|[miss]
|-miss|p1a: Moonlight|p2a: Volcarona
|
|-heal|p2b: Zamazenta|84/100|[from] Grassy Terrain
|-heal|p2a: Volcarona|52/100|[from] Grassy Terrain
|-heal|p1a: Moonlight|76/100|[from] Grassy Terrain
|upkeep
|
|t:|1750867511
|switch|p1b: Iron Jugulis|Iron Jugulis, L50|56/100
|turn|6
|
|t:|1750867519
|move|p2a: Volcarona|Rage Powder|p2a: Volcarona
|-singleturn|p2a: Volcarona|move: Rage Powder
|move|p2b: Zamazenta|Body Press|p1b: Iron Jugulis
|-damage|p1b: Iron Jugulis|0 fnt
|faint|p1b: Iron Jugulis
|-end|p1b: Iron Jugulis|Quark Drive|[silent]
|move|p1a: Moonlight|Electroweb|p2b: Zamazenta|[spread] p2a,p2b
|-damage|p2a: Volcarona|44/100
|-damage|p2b: Zamazenta|75/100
|-unboost|p2a: Volcarona|spe|1
|-unboost|p2b: Zamazenta|spe|1
|
|-heal|p2b: Zamazenta|81/100|[from] Grassy Terrain
|-heal|p1a: Moonlight|82/100|[from] Grassy Terrain
|-heal|p2a: Volcarona|50/100|[from] Grassy Terrain
|upkeep
|
|t:|1750867529
|switch|p1b: Miraidon|Miraidon, L50|31/100
|-fieldstart|move: Electric Terrain|[from] ability: Hadron Engine|[of] p1b: Miraidon
|turn|7
|
|t:|1750867542
|switch|p2a: Rillaboom|Rillaboom, L50, F|100/100
|-fieldstart|move: Grassy Terrain|[from] ability: Grassy Surge|[of] p2a: Rillaboom
|-terastallize|p1b: Miraidon|Fairy
|move|p1a: Moonlight|Helping Hand|p1b: Miraidon
|-singleturn|p1b: Miraidon|Helping Hand|[of] p1a: Moonlight
|move|p2b: Zamazenta|Protect|p2b: Zamazenta
|-singleturn|p2b: Zamazenta|Protect
|move|p1b: Miraidon|Dazzling Gleam|p2a: Rillaboom|[spread] p2a
|-activate|p2b: Zamazenta|move: Protect
|-damage|p2a: Rillaboom|59/100
|
|-heal|p1b: Miraidon|36/100|[from] Grassy Terrain
|-heal|p2a: Rillaboom|65/100|[from] Grassy Terrain
|-heal|p2b: Zamazenta|87/100|[from] Grassy Terrain
|-heal|p1a: Moonlight|88/100|[from] Grassy Terrain
|upkeep
|turn|8
|
|t:|1750867557
|move|p1b: Miraidon|Protect|p1b: Miraidon
|-singleturn|p1b: Miraidon|Protect
|move|p2a: Rillaboom|Fake Out|p1b: Miraidon
|-activate|p1b: Miraidon|move: Protect
|move|p2b: Zamazenta|Behemoth Bash|p1b: Miraidon
|-activate|p1b: Miraidon|move: Protect
|move|p1a: Moonlight|Electroweb|p2a: Rillaboom|[spread] p2a,p2b
|-resisted|p2a: Rillaboom
|-damage|p2a: Rillaboom|61/100
|-damage|p2b: Zamazenta|78/100
|-unboost|p2a: Rillaboom|spe|1
|-unboost|p2b: Zamazenta|spe|1
|
|-heal|p1b: Miraidon|42/100|[from] Grassy Terrain
|-heal|p1a: Moonlight|94/100|[from] Grassy Terrain
|-heal|p2b: Zamazenta|84/100|[from] Grassy Terrain
|-heal|p2a: Rillaboom|67/100|[from] Grassy Terrain
|upkeep
|turn|9
|inactive|antfrrr~ has 30 seconds left.
|
|t:|1750867582
|move|p2a: Rillaboom|Grassy Glide|p1b: Miraidon
|-damage|p1b: Miraidon|1/100
|move|p1b: Miraidon|Electro Drift|p2b: Zamazenta
|-crit|p2b: Zamazenta
|-damage|p2b: Zamazenta|17/100
|move|p1a: Moonlight|Ice Fang|p2a: Rillaboom
|-supereffective|p2a: Rillaboom
|-damage|p2a: Rillaboom|20/100
|move|p2b: Zamazenta|Behemoth Bash|p1b: Miraidon
|-supereffective|p1b: Miraidon
|-damage|p1b: Miraidon|0 fnt
|faint|p1b: Miraidon
|
|-heal|p1a: Moonlight|99/100|[from] Grassy Terrain
|-heal|p2b: Zamazenta|23/100|[from] Grassy Terrain
|-heal|p2a: Rillaboom|27/100|[from] Grassy Terrain
|upkeep
|turn|10
|-message|antfrrr~ forfeited.
|
|win|queen_lel
|raw|antfrrr~'s rating: 1174 &rarr; <strong>1153</strong><br />(-21 for losing)
|raw|queen_lel's rating: 1235 &rarr; <strong>1256</strong><br />(+21 for winning)
|l|☆antfrrr~
|player|p1|
|l|☆queen_lel
|player|p2|
