|j|☆mpds44
|j|☆CallmeMr.R
|t:|1750872177
|gametype|doubles
|player|p1|mpds44|lucas|1211
|player|p2|CallmeMr.R|alec-anime|1237
|teamsize|p1|6
|teamsize|p2|6
|gen|9
|tier|[Gen 9] VGC 2025 Reg I
|rated|
|rule|Species Clause: Limit one of each Pokémon
|rule|Item Clause: Limit 1 of each item
|clearpoke
|poke|p1|Koraidon, L50|
|poke|p1|Weezing-Galar, L50, M|
|poke|p1|Calyrex-Shadow, L50|
|poke|p1|Chi-Yu, L50|
|poke|p1|Walking Wake, L50|
|poke|p1|Brute Bonnet, L50|
|poke|p2|Kyogre, L50|
|poke|p2|Tornadus, L50, M|
|poke|p2|Rillaboom, L50, M|
|poke|p2|Landorus, L50, M|
|poke|p2|Calyrex-Ice, L50|
|poke|p2|Iron Valiant, L50|
|teampreview|4
|inactive|Battle timer is ON: inactive players will automatically lose when time's up. (requested by CallmeMr.R)
|inactive|mpds44 also wants the timer to be on.
|
|t:|1750872201
|start
|switch|p1a: Koraidon|Koraidon, L50|100/100
|switch|p1b: Weezing|Weezing-Galar, L50, M|100/100
|switch|p2a: Landorus|Landorus, L50, M|100/100
|switch|p2b: Iron Valiant|Iron Valiant, L50, shiny|100/100
|-ability|p1b: Weezing|Neutralizing Gas
|-block|p1a: Koraidon|item: Ability Shield
|-weather|SunnyDay|[from] ability: Orichalcum Pulse|[of] p1a: Koraidon
|-activate|p1a: Koraidon|Orichalcum Pulse|[source]
|turn|1
|inactive|mpds44 has 30 seconds left.
|inactive|mpds44 has 20 seconds left.
|inactive|mpds44 has 15 seconds left.
|inactive|mpds44 has 10 seconds left.
|
|t:|1750872249
|-terastallize|p1a: Koraidon|Fire
|move|p2a: Landorus|Protect|p2a: Landorus
|-singleturn|p2a: Landorus|Protect
|move|p1a: Koraidon|Flare Blitz|p2b: Iron Valiant
|-enditem|p2b: Iron Valiant|Focus Sash
|-damage|p2b: Iron Valiant|1/100
|-damage|p1a: Koraidon|72/100|[from] Recoil
|move|p2b: Iron Valiant|Icy Wind|p1a: Koraidon|[spread] p1a,p1b
|-resisted|p1a: Koraidon
|-damage|p1a: Koraidon|66/100
|-damage|p1b: Weezing|88/100
|-unboost|p1a: Koraidon|spe|1
|move|p1b: Weezing|Strange Steam|p2a: Landorus
|-activate|p2a: Landorus|move: Protect
|
|-weather|SunnyDay|[upkeep]
|upkeep
|turn|2
|inactive|CallmeMr.R has 30 seconds left.
|
|t:|1750872274
|switch|p1a: Brute Bonnet|Brute Bonnet, L50|100/100
|move|p2b: Iron Valiant|Icy Wind|p1b: Weezing|[spread] p1a,p1b
|-supereffective|p1a: Brute Bonnet
|-damage|p1a: Brute Bonnet|81/100
|-damage|p1b: Weezing|75/100
|-unboost|p1a: Brute Bonnet|spe|1
|move|p2a: Landorus|Earth Power|p1a: Brute Bonnet
|-resisted|p1a: Brute Bonnet
|-damage|p1a: Brute Bonnet|63/100
|-damage|p2a: Landorus|91/100|[from] item: Life Orb
|move|p1b: Weezing|Poison Gas|p2b: Iron Valiant|[spread] p2a,p2b
|-status|p2a: Landorus|psn
|-status|p2b: Iron Valiant|psn
|
|-weather|SunnyDay|[upkeep]
|-damage|p2b: Iron Valiant|0 fnt|[from] psn
|faint|p2b: Iron Valiant
|-end|p2b: Iron Valiant|Quark Drive|[silent]
|-damage|p2a: Landorus|79/100 psn|[from] psn
|upkeep
|
|t:|1750872285
|switch|p2b: Calyrex|Calyrex-Ice, L50|100/100
|-ability|p2b: Calyrex|As One
|-ability|p2b: Calyrex|Unnerve
|turn|3
|
|t:|1750872313
|move|p2a: Landorus|Earth Power|p1b: Weezing
|-supereffective|p1b: Weezing
|-damage|p1b: Weezing|0 fnt
|faint|p1b: Weezing
|-end|p1b: Weezing|ability: Neutralizing Gas
|-activate|p1a: Brute Bonnet|ability: Protosynthesis
|-start|p1a: Brute Bonnet|protosynthesisdef
|-damage|p2a: Landorus|69/100 psn|[from] item: Life Orb
|move|p1a: Brute Bonnet|Spore|p2b: Calyrex
|-status|p2b: Calyrex|slp|[from] move: Spore
|cant|p2b: Calyrex|slp
|
|-weather|SunnyDay|[upkeep]
|-damage|p2a: Landorus|57/100 psn|[from] psn
|upkeep
|
|t:|1750872318
|switch|p1b: Calyrex|Calyrex-Shadow, L50|100/100
|-ability|p1b: Calyrex|As One
|-ability|p1b: Calyrex|Unnerve
|turn|4
|
|t:|1750872334
|-terastallize|p2b: Calyrex|Fire
|move|p2a: Landorus|Protect|p2a: Landorus
|-singleturn|p2a: Landorus|Protect
|move|p1a: Brute Bonnet|Rage Powder|p1a: Brute Bonnet
|-singleturn|p1a: Brute Bonnet|move: Rage Powder
|move|p1b: Calyrex|Astral Barrage|p2a: Landorus|[spread] p2b
|-activate|p2a: Landorus|move: Protect
|-damage|p2b: Calyrex|48/100 slp
|-damage|p1b: Calyrex|91/100|[from] item: Life Orb
|-curestatus|p2b: Calyrex|slp|[msg]
|move|p2b: Calyrex|Trick Room|p2b: Calyrex
|-fieldstart|move: Trick Room|[of] p2b: Calyrex
|
|-weather|SunnyDay|[upkeep]
|-damage|p2a: Landorus|44/100 psn|[from] psn
|upkeep
|turn|5
|
|t:|1750872352
|move|p1b: Calyrex|Protect|p1b: Calyrex
|-singleturn|p1b: Calyrex|Protect
|move|p2b: Calyrex|Glacial Lance|p1b: Calyrex|[spread] p1a
|-activate|p1b: Calyrex|move: Protect
|-supereffective|p1a: Brute Bonnet
|-damage|p1a: Brute Bonnet|1/100
|move|p1a: Brute Bonnet|Spore|p2b: Calyrex
|-status|p2b: Calyrex|slp|[from] move: Spore
|move|p2a: Landorus|Rock Slide|p1b: Calyrex|[spread] p1a
|-activate|p1b: Calyrex|move: Protect
|-damage|p1a: Brute Bonnet|0 fnt
|faint|p1a: Brute Bonnet
|-end|p1a: Brute Bonnet|Protosynthesis|[silent]
|
|-weather|none
|-damage|p2a: Landorus|32/100 psn|[from] psn
|upkeep
|
|t:|1750872360
|switch|p1a: Koraidon|Koraidon, L50, tera:Fire|66/100
|-weather|SunnyDay|[from] ability: Orichalcum Pulse|[of] p1a: Koraidon
|-activate|p1a: Koraidon|Orichalcum Pulse|[source]
|turn|6
|
|t:|1750872368
|move|p1a: Koraidon|Protect|p1a: Koraidon
|-singleturn|p1a: Koraidon|Protect
|cant|p2b: Calyrex|slp
|move|p2a: Landorus|Earth Power|p1a: Koraidon
|-activate|p1a: Koraidon|move: Protect
|move|p1b: Calyrex|Astral Barrage|p2a: Landorus|[spread] p2a,p2b
|-damage|p2a: Landorus|0 fnt
|-damage|p2b: Calyrex|0 fnt
|faint|p2a: Landorus
|faint|p2b: Calyrex
|-ability|p1b: Calyrex|Grim Neigh|boost
|-boost|p1b: Calyrex|spa|2
|-damage|p1b: Calyrex|81/100|[from] item: Life Orb
|
|-weather|SunnyDay|[upkeep]
|upkeep
|
|t:|1750872370
|switch|p2b: Kyogre|Kyogre, L50|100/100
|-weather|RainDance|[from] ability: Drizzle|[of] p2b: Kyogre
|turn|7
|
|t:|1750872385
|move|p2b: Kyogre|Water Spout|p1b: Calyrex|[spread] p1a,p1b
|-supereffective|p1a: Koraidon
|-damage|p1a: Koraidon|0 fnt
|-damage|p1b: Calyrex|0 fnt
|faint|p1a: Koraidon
|faint|p1b: Calyrex
|
|win|CallmeMr.R
|raw|mpds44's rating: 1211 &rarr; <strong>1188</strong><br />(-23 for losing)
|raw|CallmeMr.R's rating: 1237 &rarr; <strong>1260</strong><br />(+23 for winning)
|l|☆mpds44
|player|p1|
|c|☆CallmeMr.R|GG ez
