|j|☆Artic 1.0
|j|☆TheBeeps
|t:|1750733165
|gametype|doubles
|player|p1|Artic 1.0|170|1117
|player|p2|TheBeeps|cynthia|1166
|teamsize|p1|6
|teamsize|p2|6
|gen|9
|tier|[Gen 9] VGC 2025 Reg I
|rated|
|rule|Species Clause: Limit one of each Pokémon
|rule|Item Clause: Limit 1 of each item
|clearpoke
|poke|p1|Lunala, L50|
|poke|p1|Rillaboom, L50, M|
|poke|p1|Wyrdeer, L50, M|
|poke|p1|Incineroar, L50, M|
|poke|p1|Urshifu-*, L50, F|
|poke|p1|Chien-Pao, L50|
|poke|p2|Miraidon, L50|
|poke|p2|Lunala, L50|
|poke|p2|Incineroar, L50, M|
|poke|p2|Whimsicott, L50, F|
|poke|p2|Araquanid, L50, M|
|poke|p2|Raichu, L50, M|
|teampreview|4
|inactive|Battle timer is ON: inactive players will automatically lose when time's up. (requested by Artic 1.0)
TheBeeps has agreed to open team sheets.
|inactive|TheBeeps has 60 seconds left.
Artic 1.0 has agreed to open team sheets.
|showteam|p1|Lunala||GrassySeed|ShadowShield|Moonlight,CalmMind,MoongeistBeam,Moonblast||||||50|,,,,,Dark]Rillaboom||AssaultVest|GrassySurge|HammerArm,DrumBeating,GrassyGlide,FakeOut|||M|||50|,,,,,Fighting]Wyrdeer||LightClay|Intimidate|Reflect,LightScreen,TeraBlast,SkillSwap|||M|||50|,,,,,Ghost]Incineroar||SafetyGoggles|Intimidate|FlareBlitz,KnockOff,PartingShot,FakeOut|||M|||50|,,,,,Fire]Urshifu-Rapid-Strike||ChoiceScarf|UnseenFist|Uturn,SurgingStrikes,CloseCombat,TeraBlast|||F|||50|,,,,,Dark]Chien-Pao||FocusSash|SwordofRuin|IcicleCrash,SuckerPunch,Crunch,Protect||||||50|,,,,,Dark
|showteam|p2|Miraidon||ChoiceSpecs|HadronEngine|ElectroDrift,VoltSwitch,DracoMeteor,DazzlingGleam||||||50|,,,,,Fairy]Lunala||ElectricSeed|ShadowShield|MoongeistBeam,TrickRoom,WideGuard,Moonblast||||||50|,,,,,Fairy]Incineroar||AssaultVest|Intimidate|FakeOut,FlareBlitz,KnockOff,Uturn|||M|||50|,,,,,Bug]Whimsicott||CovertCloak|Prankster|Moonblast,LightScreen,Encore,Tailwind|||F|||50|,,,,,Water]Araquanid||SafetyGoggles|WaterBubble|Protect,Liquidation,LeechLife,WideGuard|||M|||50|,,,,,Water]Raichu||Leftovers|LightningRod|FakeOut,Reflect,Thunderbolt,Feint|||M|||50|,,,,,Grass
|
|t:|1750733201
|start
|switch|p1a: Rillaboom|Rillaboom, L50, M|100/100
|switch|p1b: Wyrdeer|Wyrdeer, L50, M|100/100
|switch|p2a: Raichu|Raichu, L50, M|100/100
|switch|p2b: Whimsicott|Whimsicott, L50, F|100/100
|-fieldstart|move: Grassy Terrain|[from] ability: Grassy Surge|[of] p1a: Rillaboom
|-ability|p1b: Wyrdeer|Intimidate|boost
|-unboost|p2a: Raichu|atk|1
|-unboost|p2b: Whimsicott|atk|1
|turn|1
|inactive|Artic 1.0 has 30 seconds left.
|inactive|TheBeeps has 30 seconds left.
|
|t:|1750733228
|move|p2a: Raichu|Fake Out|p1b: Wyrdeer
|-damage|p1b: Wyrdeer|95/100
|move|p2b: Whimsicott|Tailwind|p2b: Whimsicott
|-sidestart|p2: TheBeeps|move: Tailwind
|move|p1a: Rillaboom|Drum Beating|p2a: Raichu
|-damage|p2a: Raichu|10/100
|-unboost|p2a: Raichu|spe|1
|cant|p1b: Wyrdeer|flinch
|
|-heal|p2a: Raichu|15/100|[from] Grassy Terrain
|-heal|p2a: Raichu|21/100|[from] item: Leftovers
|-heal|p1b: Wyrdeer|100/100|[from] Grassy Terrain
|upkeep
|turn|2
|
|t:|1750733252
|switch|p2b: Incineroar|Incineroar, L50, M|100/100
|-ability|p2b: Incineroar|Intimidate|boost
|-unboost|p1a: Rillaboom|atk|1
|-unboost|p1b: Wyrdeer|atk|1
|move|p2a: Raichu|Reflect|p2a: Raichu
|-sidestart|p2: TheBeeps|Reflect
|move|p1a: Rillaboom|Drum Beating|p2b: Incineroar
|-resisted|p2b: Incineroar
|-damage|p2b: Incineroar|92/100
|-unboost|p2b: Incineroar|spe|1
|move|p1b: Wyrdeer|Light Screen|p1b: Wyrdeer
|-sidestart|p1: Artic 1.0|move: Light Screen
|
|-heal|p2a: Raichu|27/100|[from] Grassy Terrain
|-heal|p2a: Raichu|33/100|[from] item: Leftovers
|-heal|p2b: Incineroar|98/100|[from] Grassy Terrain
|upkeep
|turn|3
|inactive|TheBeeps has 30 seconds left.
|inactive|TheBeeps has 20 seconds left.
|
|t:|1750733289
|switch|p2a: Lunala|Lunala, L50|100/100
|switch|p1a: Incineroar|Incineroar, L50, M|100/100
|-ability|p1a: Incineroar|Intimidate|boost
|-unboost|p2a: Lunala|atk|1
|-unboost|p2b: Incineroar|atk|1
|move|p2b: Incineroar|Knock Off|p1a: Incineroar
|-resisted|p1a: Incineroar
|-damage|p1a: Incineroar|88/100
|-enditem|p1a: Incineroar|Safety Goggles|[from] move: Knock Off|[of] p2b: Incineroar
|move|p1b: Wyrdeer|Reflect|p1b: Wyrdeer
|-sidestart|p1: Artic 1.0|Reflect
|
|-heal|p2b: Incineroar|100/100|[from] Grassy Terrain
|-heal|p1a: Incineroar|94/100|[from] Grassy Terrain
|upkeep
|turn|4
|inactive|Artic 1.0 has 30 seconds left.
|
|t:|1750733314
|move|p2a: Lunala|Moonblast|p1a: Incineroar
|-damage|p1a: Incineroar|70/100
|move|p2b: Incineroar|U-turn|p1b: Wyrdeer
|-supereffective|p1b: Wyrdeer
|-damage|p1b: Wyrdeer|83/100
|
|t:|1750733323
|switch|p2b: Whimsicott|Whimsicott, L50, F|100/100|[from] U-turn
|move|p1b: Wyrdeer|Skill Swap|p1a: Incineroar
|-activate|p1b: Wyrdeer|move: Skill Swap|||[of] p1a: Incineroar
|-ability|p1b: Wyrdeer|Intimidate|boost
|-unboost|p2a: Lunala|atk|1
|-unboost|p2b: Whimsicott|atk|1
|-ability|p1a: Incineroar|Intimidate|boost
|-unboost|p2a: Lunala|atk|1
|-unboost|p2b: Whimsicott|atk|1
|move|p1a: Incineroar|Parting Shot|p2a: Lunala
|-unboost|p2a: Lunala|atk|1
|-unboost|p2a: Lunala|spa|1
|
|t:|1750733336
|switch|p1a: Lunala|Lunala, L50, shiny|100/100|[from] Parting Shot
|-enditem|p1a: Lunala|Grassy Seed
|-boost|p1a: Lunala|def|1|[from] item: Grassy Seed
|
|-heal|p1b: Wyrdeer|89/100|[from] Grassy Terrain
|-sideend|p2: TheBeeps|move: Tailwind
|upkeep
|turn|5
|
|t:|1750733352
|switch|p2a: Incineroar|Incineroar, L50, M|100/100
|-ability|p2a: Incineroar|Intimidate|boost
|-unboost|p1a: Lunala|atk|1
|-unboost|p1b: Wyrdeer|atk|1
|switch|p1b: Incineroar|Incineroar, L50, M|70/100
|-ability|p1b: Incineroar|Intimidate|boost
|-unboost|p2a: Incineroar|atk|1
|-unboost|p2b: Whimsicott|atk|1
|move|p2b: Whimsicott|Light Screen|p2b: Whimsicott
|-sidestart|p2: TheBeeps|move: Light Screen
|move|p1a: Lunala|Calm Mind|p1a: Lunala
|-boost|p1a: Lunala|spa|1
|-boost|p1a: Lunala|spd|1
|
|-heal|p1b: Incineroar|76/100|[from] Grassy Terrain
|-fieldend|move: Grassy Terrain
|upkeep
|turn|6
|inactive|TheBeeps has 30 seconds left.
|inactive|TheBeeps has 20 seconds left.
|
|t:|1750733387
|-terastallize|p1a: Lunala|Dark
|move|p2b: Whimsicott|Tailwind|p2b: Whimsicott
|-sidestart|p2: TheBeeps|move: Tailwind
|move|p2a: Incineroar|Knock Off|p1a: Lunala
|-resisted|p1a: Lunala
|-damage|p1a: Lunala|99/100
|move|p1a: Lunala|Calm Mind|p1a: Lunala
|-boost|p1a: Lunala|spa|1
|-boost|p1a: Lunala|spd|1
|move|p1b: Incineroar|Flare Blitz|p2b: Whimsicott
|-supereffective|p2b: Whimsicott
|-damage|p2b: Whimsicott|0 fnt
|faint|p2b: Whimsicott
|-damage|p1b: Incineroar|51/100|[from] Recoil
|
|-sideend|p2: TheBeeps|Reflect
|upkeep
|
|t:|1750733401
|switch|p2b: Raichu|Raichu, L50, M|33/100
|turn|7
|
|t:|1750733418
|move|p2b: Raichu|Fake Out|p1a: Lunala
|-damage|p1a: Lunala|97/100
|move|p2a: Incineroar|Flare Blitz|p1a: Lunala
|-damage|p1a: Lunala|88/100
|-damage|p2a: Incineroar|97/100|[from] Recoil
|cant|p1a: Lunala|flinch
|move|p1b: Incineroar|Parting Shot|p2a: Incineroar
|-unboost|p2a: Incineroar|atk|1
|-unboost|p2a: Incineroar|spa|1
|
|t:|1750733432
|switch|p1b: Rillaboom|Rillaboom, L50, M|100/100|[from] Parting Shot
|-fieldstart|move: Grassy Terrain|[from] ability: Grassy Surge|[of] p1b: Rillaboom
|
|-heal|p2b: Raichu|38/100|[from] Grassy Terrain
|-heal|p2b: Raichu|44/100|[from] item: Leftovers
|-heal|p2a: Incineroar|100/100|[from] Grassy Terrain
|-heal|p1a: Lunala|94/100|[from] Grassy Terrain
|upkeep
|turn|8
|
|t:|1750733450
|move|p2b: Raichu|Thunderbolt|p1a: Lunala
|-damage|p1a: Lunala|88/100
|move|p2a: Incineroar|U-turn|p1a: Lunala
|-supereffective|p1a: Lunala
|-damage|p1a: Lunala|82/100
|
|t:|1750733455
|switch|p2a: Lunala|Lunala, L50|100/100|[from] U-turn
|move|p1a: Lunala|Calm Mind|p1a: Lunala
|-boost|p1a: Lunala|spa|1
|-boost|p1a: Lunala|spd|1
|move|p1b: Rillaboom|Hammer Arm|p2a: Lunala
|-immune|p2a: Lunala
|
|-heal|p2b: Raichu|50/100|[from] Grassy Terrain
|-heal|p2b: Raichu|56/100|[from] item: Leftovers
|-heal|p1a: Lunala|89/100|[from] Grassy Terrain
|upkeep
|turn|9
|
|t:|1750733468
|-terastallize|p2a: Lunala|Fairy
|move|p2b: Raichu|Reflect|p2b: Raichu
|-sidestart|p2: TheBeeps|Reflect
|move|p2a: Lunala|Moonblast|p1a: Lunala
|-supereffective|p1a: Lunala
|-crit|p1a: Lunala
|-damage|p1a: Lunala|0 fnt
|faint|p1a: Lunala
|move|p1b: Rillaboom|Drum Beating|p2b: Raichu
|-damage|p2b: Raichu|0 fnt
|faint|p2b: Raichu
|
|-sideend|p2: TheBeeps|move: Light Screen
|-sideend|p1: Artic 1.0|move: Light Screen
|-sideend|p2: TheBeeps|move: Tailwind
|upkeep
|
|t:|1750733481
|switch|p2b: Incineroar|Incineroar, L50, M|100/100
|switch|p1a: Incineroar|Incineroar, L50, M|51/100
|-ability|p2b: Incineroar|Intimidate|boost
|-unboost|p1a: Incineroar|atk|1
|-unboost|p1b: Rillaboom|atk|1
|-ability|p1a: Incineroar|Intimidate|boost
|-unboost|p2a: Lunala|atk|1
|-unboost|p2b: Incineroar|atk|1
|turn|10
|c|☆Artic 1.0|Oooof course it crits
|c|☆Artic 1.0|Why wouldn't it.
|
|t:|1750733501
|move|p1a: Incineroar|Fake Out|p2a: Lunala
|-damage|p2a: Lunala|98/100
|cant|p2a: Lunala|flinch
|move|p1b: Rillaboom|Hammer Arm|p2b: Incineroar
|-supereffective|p2b: Incineroar
|-damage|p2b: Incineroar|78/100
|-unboost|p1b: Rillaboom|spe|1
|move|p2b: Incineroar|Knock Off|p1b: Rillaboom
|-damage|p1b: Rillaboom|84/100
|-enditem|p1b: Rillaboom|Assault Vest|[from] move: Knock Off|[of] p2b: Incineroar
|
|-heal|p2a: Lunala|100/100|[from] Grassy Terrain
|-heal|p2b: Incineroar|84/100|[from] Grassy Terrain
|-heal|p1a: Incineroar|57/100|[from] Grassy Terrain
|-heal|p1b: Rillaboom|90/100|[from] Grassy Terrain
|-sideend|p1: Artic 1.0|Reflect
|upkeep
|turn|11
|inactive|TheBeeps has 30 seconds left.
|
|t:|1750733528
|switch|p1b: Wyrdeer|Wyrdeer, L50, M|89/100
|-ability|p1b: Wyrdeer|Intimidate|boost
|-unboost|p2a: Lunala|atk|1
|-unboost|p2b: Incineroar|atk|1
|move|p2a: Lunala|Moonblast|p1b: Wyrdeer
|-damage|p1b: Wyrdeer|47/100
|move|p2b: Incineroar|U-turn|p1a: Incineroar
|-damage|p1a: Incineroar|48/100
|move|p1a: Incineroar|Knock Off|p2a: Lunala
|-resisted|p2a: Lunala
|-damage|p2a: Lunala|97/100
|-enditem|p2a: Lunala|Electric Seed|[from] move: Knock Off|[of] p1a: Incineroar
|
|-heal|p2a: Lunala|100/100|[from] Grassy Terrain
|-heal|p1b: Wyrdeer|53/100|[from] Grassy Terrain
|-heal|p2b: Incineroar|90/100|[from] Grassy Terrain
|-heal|p1a: Incineroar|53/100|[from] Grassy Terrain
|-fieldend|move: Grassy Terrain
|upkeep
|turn|12
|
|t:|1750733555
|move|p2a: Lunala|Moonblast|p1a: Incineroar
|-damage|p1a: Incineroar|0 fnt
|faint|p1a: Incineroar
|move|p1b: Wyrdeer|Light Screen|p1b: Wyrdeer
|-sidestart|p1: Artic 1.0|move: Light Screen
|move|p2b: Incineroar|Knock Off|p1b: Wyrdeer
|-supereffective|p1b: Wyrdeer
|-damage|p1b: Wyrdeer|8/100
|-enditem|p1b: Wyrdeer|Light Clay|[from] move: Knock Off|[of] p2b: Incineroar
|
|upkeep
|
|t:|1750733562
|switch|p1a: Rillaboom|Rillaboom, L50, M|90/100
|-fieldstart|move: Grassy Terrain|[from] ability: Grassy Surge|[of] p1a: Rillaboom
|turn|13
|
|t:|1750733573
|move|p2a: Lunala|Moongeist Beam|p1a: Rillaboom
|-damage|p1a: Rillaboom|50/100
|move|p1a: Rillaboom|Drum Beating|p2a: Lunala
|-damage|p2a: Lunala|87/100
|-unboost|p2a: Lunala|spe|1
|move|p1b: Wyrdeer|Reflect|p1b: Wyrdeer
|-sidestart|p1: Artic 1.0|Reflect
|move|p2b: Incineroar|Knock Off|p1b: Wyrdeer
|-supereffective|p1b: Wyrdeer
|-damage|p1b: Wyrdeer|0 fnt
|faint|p1b: Wyrdeer
|
|-heal|p1a: Rillaboom|56/100|[from] Grassy Terrain
|-heal|p2b: Incineroar|96/100|[from] Grassy Terrain
|-heal|p2a: Lunala|94/100|[from] Grassy Terrain
|-sideend|p2: TheBeeps|Reflect
|upkeep
|turn|14
|
|t:|1750733590
|move|p1a: Rillaboom|Drum Beating|p2a: Lunala
|-damage|p2a: Lunala|49/100
|-unboost|p2a: Lunala|spe|1
|move|p2b: Incineroar|Flare Blitz|p1a: Rillaboom
|-supereffective|p1a: Rillaboom
|-damage|p1a: Rillaboom|28/100
|-damage|p2b: Incineroar|87/100|[from] Recoil
|move|p2a: Lunala|Moongeist Beam|p1a: Rillaboom
|-damage|p1a: Rillaboom|0 fnt
|faint|p1a: Rillaboom
|
|win|TheBeeps
|raw|Artic 1.0's rating: 1117 &rarr; <strong>1096</strong><br />(-21 for losing)
|raw|TheBeeps's rating: 1166 &rarr; <strong>1187</strong><br />(+21 for winning)
|l|☆Artic 1.0
|player|p1|
|l|☆TheBeeps
|player|p2|
