|j|☆szoob busziness
|j|☆bingusbingusbin
|t:|1750829822
|gametype|doubles
|player|p1|szoob busziness|miku-ground|1177
|player|p2|bingusbingusbin|ghetsis-gen5bw|1170
|teamsize|p1|6
|teamsize|p2|6
|gen|9
|tier|[Gen 9] VGC 2025 Reg I
|rated|
|rule|Species Clause: Limit one of each Pokémon
|rule|Item Clause: Limit 1 of each item
|clearpoke
|poke|p1|Regidrago, L50|
|poke|p1|Necrozma-Dawn-Wings, L50|
|poke|p1|Walking Wake, L50|
|poke|p1|Regieleki, L50|
|poke|p1|Indeedee-F, L50, F|
|poke|p1|Koraidon, L50|
|poke|p2|Ditto, L50|
|poke|p2|Volcarona, L50, F|
|poke|p2|Grimmsnarl, L50, M|
|poke|p2|Iron Hands, L50|
|poke|p2|Miraidon, L50|
|poke|p2|Basculegion, L50, M|
|teampreview|4
|inactive|Battle timer is ON: inactive players will automatically lose when time's up. (requested by szoob busziness)
|inactive|bingusbingusbin has 60 seconds left.
|inactive|bingusbingusbin has 30 seconds left.
|
|t:|1750829911
|start
|switch|p1a: Koraidon|Koraidon, L50|100/100
|switch|p1b: Regieleki|Regieleki, L50|100/100
|switch|p2a: Basculegion|Basculegion, L50, M|100/100
|switch|p2b: Grimmsnarl|Grimmsnarl, L50, M|100/100
|-weather|SunnyDay|[from] ability: Orichalcum Pulse|[of] p1a: Koraidon
|-activate|p1a: Koraidon|Orichalcum Pulse|[source]
|turn|1
|inactive|bingusbingusbin has 30 seconds left.
|
|t:|1750829942
|switch|p2a: Iron Hands|Iron Hands, L50|100/100
|move|p1b: Regieleki|Electroweb|p2a: Iron Hands|[spread] p2a,p2b
|-resisted|p2a: Iron Hands
|-damage|p2a: Iron Hands|95/100
|-damage|p2b: Grimmsnarl|81/100
|-unboost|p2a: Iron Hands|spe|1
|-unboost|p2b: Grimmsnarl|spe|1
|move|p1a: Koraidon|Close Combat|p2b: Grimmsnarl
|-damage|p2b: Grimmsnarl|0 fnt
|-unboost|p1a: Koraidon|def|1
|-unboost|p1a: Koraidon|spd|1
|faint|p2b: Grimmsnarl
|-damage|p1a: Koraidon|91/100|[from] item: Life Orb
|
|-weather|SunnyDay|[upkeep]
|upkeep
|
|t:|1750829957
|switch|p2b: Miraidon|Miraidon, L50|100/100
|-fieldstart|move: Electric Terrain|[from] ability: Hadron Engine|[of] p2b: Miraidon
|-activate|p2a: Iron Hands|ability: Quark Drive
|-start|p2a: Iron Hands|quarkdriveatk
|turn|2
|
|t:|1750829966
|-terastallize|p1a: Koraidon|Fire
|move|p2a: Iron Hands|Fake Out|p1b: Regieleki
|-damage|p1b: Regieleki|59/100
|move|p1b: Regieleki|Electroweb|p2b: Miraidon|[spread] p2a,p2b
|-resisted|p2a: Iron Hands
|-resisted|p2b: Miraidon
|-damage|p2a: Iron Hands|87/100
|-damage|p2b: Miraidon|94/100
|-unboost|p2a: Iron Hands|spe|1
|-unboost|p2b: Miraidon|spe|1
|move|p1a: Koraidon|Flare Blitz|p2b: Miraidon
|-resisted|p2b: Miraidon
|-damage|p2b: Miraidon|0 fnt
|faint|p2b: Miraidon
|-damage|p1a: Koraidon|59/100|[from] Recoil
|-damage|p1a: Koraidon|49/100|[from] item: Life Orb
|
|-weather|SunnyDay|[upkeep]
|upkeep
|
|t:|1750829982
|switch|p2b: Basculegion|Basculegion, L50, M|100/100
|turn|3
|
|t:|1750829997
|-terastallize|p2b: Basculegion|Stellar
|move|p2b: Basculegion|Aqua Jet|p1a: Koraidon
|-supereffective|p1a: Koraidon
|-damage|p1a: Koraidon|0 fnt
|faint|p1a: Koraidon
|move|p1b: Regieleki|Thunderbolt|p2b: Basculegion
|-supereffective|p2b: Basculegion
|-crit|p2b: Basculegion
|-damage|p2b: Basculegion|0 fnt
|faint|p2b: Basculegion
|move|p2a: Iron Hands|Heavy Slam|p1b: Regieleki
|-resisted|p1b: Regieleki
|-damage|p1b: Regieleki|28/100
|
|-weather|SunnyDay|[upkeep]
|upkeep
|
|t:|1750830010
|switch|p1a: Regidrago|Regidrago, L50|100/100
|turn|4
|
|t:|1750830021
|move|p1b: Regieleki|Thunderbolt|p2a: Iron Hands
|-resisted|p2a: Iron Hands
|-damage|p2a: Iron Hands|69/100
|move|p1a: Regidrago|Dragon Energy|p2a: Iron Hands
|-damage|p2a: Iron Hands|12/100
|move|p2a: Iron Hands|Low Kick|p1a: Regidrago
|-damage|p1a: Regidrago|5/100
|
|-weather|SunnyDay|[upkeep]
|upkeep
|turn|5
|inactive|bingusbingusbin has 30 seconds left.
|inactive|bingusbingusbin has 20 seconds left.
|inactive|bingusbingusbin has 15 seconds left.
|inactive|bingusbingusbin has 10 seconds left.
|inactive|bingusbingusbin has 5 seconds left.
|
|t:|1750830076
|move|p1b: Regieleki|Thunderbolt|p2a: Iron Hands
|-resisted|p2a: Iron Hands
|-damage|p2a: Iron Hands|0 fnt
|faint|p2a: Iron Hands
|-end|p2a: Iron Hands|Quark Drive|[silent]
|
|win|szoob busziness
|raw|szoob busziness's rating: 1177 &rarr; <strong>1201</strong><br />(+24 for winning)
|raw|bingusbingusbin's rating: 1170 &rarr; <strong>1146</strong><br />(-24 for losing)
|l|☆bingusbingusbin
|player|p2|
|l|☆szoob busziness
|player|p1|
