|j|☆phonekretchy
|j|☆blapzzz
|t:|1750796977
|gametype|doubles
|player|p1|phonekretchy|2|1255
|player|p2|blapzzz|erika|1342
|teamsize|p1|6
|teamsize|p2|6
|gen|9
|tier|[Gen 9] VGC 2025 Reg I
|rated|
|rule|Species Clause: Limit one of each Pokémon
|rule|Item Clause: Limit 1 of each item
|clearpoke
|poke|p1|Calyrex-Ice, L50|
|poke|p1|Miraidon, L50|
|poke|p1|Abomasnow, L50, M|
|poke|p1|Incineroar, L50, M|
|poke|p1|Ursaluna-Bloodmoon, L50, M|
|poke|p1|Articuno, L50|
|poke|p2|Kyurem-White, L50|
|poke|p2|Ninetales-Alola, L50, F|
|poke|p2|Tornadus, L50, M|
|poke|p2|Lunala, L50|
|poke|p2|Urshifu-*, L50, F|
|poke|p2|Incineroar, L50, F|
|teampreview|4
|inactive|Battle timer is ON: inactive players will automatically lose when time's up. (requested by phonekretchy)
|inactiveoff|Battle timer is now OFF.
|
|t:|1750797034
|start
|switch|p1a: Miraidon|Miraidon, L50|100/100
|switch|p1b: Abomasnow|Abomasnow, L50, M|100/100
|switch|p2a: Snowy|Ninetales-Alola, L50, F|100/100
|switch|p2b: Urshifu|Urshifu-Rapid-Strike, L50, F|100/100
|-fieldstart|move: Electric Terrain|[from] ability: Hadron Engine|[of] p1a: Miraidon
|-weather|Snowscape|[from] ability: Snow Warning|[of] p2a: Snowy
|turn|1
|
|t:|1750797052
|move|p2b: Urshifu|U-turn|p1a: Miraidon
|-damage|p1a: Miraidon|76/100
|
|t:|1750797055
|switch|p2b: Kyurem|Kyurem-White, L50|100/100|[from] U-turn
|-ability|p2b: Kyurem|Turboblaze
|move|p1a: Miraidon|Electro Drift|p2b: Kyurem
|-resisted|p2b: Kyurem
|-damage|p2b: Kyurem|66/100
|move|p2a: Snowy|Aurora Veil|p2a: Snowy
|-sidestart|p2: blapzzz|move: Aurora Veil
|move|p1b: Abomasnow|Aurora Veil|p1b: Abomasnow
|-sidestart|p1: phonekretchy|move: Aurora Veil
|
|-weather|Snowscape|[upkeep]
|upkeep
|turn|2
|inactive|Battle timer is ON: inactive players will automatically lose when time's up. (requested by phonekretchy)
|
|t:|1750797092
|switch|p1a: Articuno|Articuno, L50, shiny|100/100
|move|p2a: Snowy|Blizzard|p1a: Articuno|[spread] p1a,p1b
|-damage|p1a: Articuno|84/100
|-damage|p1b: Abomasnow|83/100
|move|p2b: Kyurem|Blizzard|p1a: Articuno|[spread] p1a,p1b
|-damage|p1a: Articuno|54/100
|-damage|p1b: Abomasnow|53/100
|move|p1b: Abomasnow|Sheer Cold|p2b: Kyurem
|-immune|p2b: Kyurem|[ohko]
|
|-weather|Snowscape|[upkeep]
|upkeep
|turn|3
|inactive|blapzzz has 30 seconds left.
|
|t:|1750797122
|move|p2a: Snowy|Blizzard|p1a: Articuno|[spread] p1a,p1b
|-damage|p1a: Articuno|39/100
|-damage|p1b: Abomasnow|36/100
|move|p2b: Kyurem|Fusion Flare|p1a: Articuno
|-supereffective|p1a: Articuno
|-damage|p1a: Articuno|0 fnt
|faint|p1a: Articuno
|move|p1b: Abomasnow|Bulldoze|p2b: Kyurem|[spread] p2a,p2b
|-crit|p2b: Kyurem
|-damage|p2a: Snowy|94/100
|-damage|p2b: Kyurem|58/100
|-unboost|p2a: Snowy|spe|1
|-unboost|p2b: Kyurem|spe|1
|
|-weather|Snowscape|[upkeep]
|upkeep
|c|☆phonekretchy|oopsi i forgor
|
|t:|1750797134
|switch|p1a: Miraidon|Miraidon, L50|76/100
|-activate|p1a: Miraidon|ability: Hadron Engine
|turn|4
|
|t:|1750797140
|switch|p2b: Lunala|Lunala, L50|100/100
|switch|p1b: Calyrex|Calyrex-Ice, L50|100/100
|-ability|p1b: Calyrex|As One
|-ability|p1b: Calyrex|Unnerve
|-terastallize|p1a: Miraidon|Fairy
|move|p1a: Miraidon|Dazzling Gleam|p2b: Lunala|[spread] p2a,p2b
|-damage|p2a: Snowy|39/100
|-damage|p2b: Lunala|86/100
|move|p2a: Snowy|Blizzard|p1b: Calyrex|[spread] p1a,p1b
|-resisted|p1b: Calyrex
|-damage|p1a: Miraidon|58/100
|-damage|p1b: Calyrex|94/100
|
|-weather|Snowscape|[upkeep]
|upkeep
|turn|5
|inactive|blapzzz has 30 seconds left.
|inactive|blapzzz has 20 seconds left.
|inactive|blapzzz has 15 seconds left.
|inactive|blapzzz has 10 seconds left.
|inactive|blapzzz has 5 seconds left.
|
|t:|1750797193
|move|p1a: Miraidon|Dazzling Gleam|p2b: Lunala|[spread] p2a,p2b
|-damage|p2a: Snowy|0 fnt
|-damage|p2b: Lunala|58/100
|faint|p2a: Snowy
|move|p2b: Lunala|Meteor Beam||[still]
|-prepare|p2b: Lunala|Meteor Beam
|-boost|p2b: Lunala|spa|1
|-enditem|p2b: Lunala|Power Herb
|-anim|p2b: Lunala|Meteor Beam|p1b: Calyrex
|-supereffective|p1b: Calyrex
|-damage|p1b: Calyrex|42/100
|-enditem|p1b: Calyrex|Weakness Policy
|-boost|p1b: Calyrex|atk|2|[from] item: Weakness Policy
|-boost|p1b: Calyrex|spa|2|[from] item: Weakness Policy
|move|p1b: Calyrex|Glacial Lance|p2b: Lunala
|-damage|p2b: Lunala|0 fnt
|faint|p2b: Lunala
|-ability|p1b: Calyrex|Chilling Neigh|boost
|-boost|p1b: Calyrex|atk|1
|
|-weather|none
|-sideend|p2: blapzzz|move: Aurora Veil
|-fieldend|move: Electric Terrain
|upkeep
|
|t:|1750797207
|switch|p2a: Kyurem|Kyurem-White, L50|58/100
|switch|p2b: Urshifu|Urshifu-Rapid-Strike, L50, F|100/100
|-ability|p2a: Kyurem|Turboblaze
|turn|6
|
|t:|1750797230
|switch|p1a: Abomasnow|Abomasnow, L50, M|36/100
|-weather|Snowscape|[from] ability: Snow Warning|[of] p1a: Abomasnow
|-terastallize|p2b: Urshifu|Water
|move|p1b: Calyrex|Protect|p1b: Calyrex
|-singleturn|p1b: Calyrex|Protect
|move|p2b: Urshifu|Surging Strikes|p1a: Abomasnow
|-resisted|p1a: Abomasnow
|-crit|p1a: Abomasnow
|-damage|p1a: Abomasnow|27/100
|-resisted|p1a: Abomasnow
|-crit|p1a: Abomasnow
|-damage|p1a: Abomasnow|19/100
|-resisted|p1a: Abomasnow
|-crit|p1a: Abomasnow
|-damage|p1a: Abomasnow|9/100
|-hitcount|p1a: Abomasnow|3
|move|p2a: Kyurem|Fusion Flare|p1b: Calyrex
|-activate|p1b: Calyrex|move: Protect
|
|-weather|Snowscape|[upkeep]
|upkeep
|turn|7
|inactive|blapzzz has 30 seconds left.
|inactive|phonekretchy has 30 seconds left.
|inactive|blapzzz has 20 seconds left.
|inactive|blapzzz has 15 seconds left.
|
|t:|1750797271
|move|p2b: Urshifu|Surging Strikes|p1a: Abomasnow
|-resisted|p1a: Abomasnow
|-crit|p1a: Abomasnow
|-damage|p1a: Abomasnow|0 fnt
|faint|p1a: Abomasnow
|-hitcount|p1: Abomasnow|1
|move|p2a: Kyurem|Fusion Flare|p1b: Calyrex
|-supereffective|p1b: Calyrex
|-damage|p1b: Calyrex|4/100
|move|p1b: Calyrex|Glacial Lance|p2b: Urshifu|[spread] p2a,p2b
|-resisted|p2b: Urshifu
|-damage|p2a: Kyurem|0 fnt
|-damage|p2b: Urshifu|34/100
|faint|p2a: Kyurem
|-ability|p1b: Calyrex|Chilling Neigh|boost
|-boost|p1b: Calyrex|atk|1
|
|-weather|Snowscape|[upkeep]
|upkeep
|
|t:|1750797280
|switch|p1a: Miraidon|Miraidon, L50, tera:Fairy|58/100
|-fieldstart|move: Electric Terrain|[from] ability: Hadron Engine|[of] p1a: Miraidon
|turn|8
|c|☆phonekretchy|ggd
|inactive|blapzzz has 30 seconds left.
|
|t:|1750797308
|move|p2b: Urshifu|Surging Strikes|p1a: Miraidon
|-crit|p1a: Miraidon
|-damage|p1a: Miraidon|31/100
|-crit|p1a: Miraidon
|-damage|p1a: Miraidon|0 fnt
|faint|p1a: Miraidon
|-hitcount|p1: Miraidon|2
|move|p1b: Calyrex|Glacial Lance|p2b: Urshifu
|-resisted|p2b: Urshifu
|-damage|p2b: Urshifu|0 fnt
|faint|p2b: Urshifu
|
|win|phonekretchy
|raw|phonekretchy's rating: 1255 &rarr; <strong>1286</strong><br />(+31 for winning)
|raw|blapzzz's rating: 1342 &rarr; <strong>1317</strong><br />(-25 for losing)
|l|☆phonekretchy
|player|p1|
|l|☆blapzzz
|player|p2|
