|j|☆Grumblebumble
|j|☆imgoldshark07
|t:|1750726135
|gametype|doubles
|player|p1|Grumblebumble|backpacker|
|player|p2|imgoldshark07|102|
|teamsize|p1|6
|teamsize|p2|6
|gen|9
|tier|[Gen 9] VGC 2025 Reg I
|rated|Tournament battle
|rule|Species Clause: Limit one of each Pokémon
|rule|Item Clause: Limit 1 of each item
|raw|<div class="infobox"><details class="readmore" open><summary><strong>2 custom rules:</strong></summary> Force Open Team Sheets, !Open Team Sheets</details></div>
|clearpoke
|poke|p1|Miraidon, L50|
|poke|p1|Zamazenta-*, L50|
|poke|p1|Chien-Pao, L50|
|poke|p1|Iron Hands, L50|
|poke|p1|Farigiraf, L50, F|
|poke|p1|Whimsicott, L50, F|
|poke|p2|Koraidon, L50|
|poke|p2|Calyrex-Ice, L50|
|poke|p2|Brute Bonnet, L50|
|poke|p2|Volcarona, L50, M|
|poke|p2|Chi-Yu, L50|
|poke|p2|Iron Hands, L50|
|teampreview|4
|showteam|p1|Miraidon||ChoiceSpecs|HadronEngine|DazzlingGleam,DracoMeteor,ElectroDrift,VoltSwitch||||||50|,,,,,Fairy]Zamazenta-Crowned||RustedShield|DauntlessShield|BodyPress,HeavySlam,WideGuard,Protect||||||50|,,,,,Dragon]Chien-Pao||FocusSash|SwordofRuin|IcicleCrash,Crunch,SuckerPunch,Protect||||||50|,,,,,Stellar]Iron Hands||AssaultVest|QuarkDrive|WildCharge,LowKick,IcePunch,FakeOut||||||50|,,,,,Water]Farigiraf||ElectricSeed|ArmorTail|Psychic,FoulPlay,HelpingHand,TrickRoom|||F|||50|,,,,,Water]Whimsicott||CovertCloak|Prankster|Moonblast,Tailwind,LightScreen,Encore|||F|||50|,,,,,Fire
|showteam|p2|Koraidon||LifeOrb|OrichalcumPulse|FlareBlitz,FlameCharge,CloseCombat,Protect||||||50|,,,,,Fire]Calyrex-Ice||ClearAmulet|AsOneGlastrier|GlacialLance,HighHorsepower,TrickRoom,Protect||||||50|,,,,,Water]Brute Bonnet||CovertCloak|Protosynthesis|SeedBomb,SuckerPunch,RagePowder,Spore||||||50|,,,,,Water]Volcarona||RockyHelmet|FlameBody|FieryDance,StruggleBug,RagePowder,Tailwind|||M|||50|,,,,,Water]Chi-Yu||ChoiceScarf|BeadsofRuin|HeatWave,Overheat,DarkPulse,Snarl||||||50|,,,,,Ghost]Iron Hands||AssaultVest|QuarkDrive|FakeOut,WildCharge,DrainPunch,LowKick||||||50|,,,,,Water
|j| Iamsliverfish
|j| N0rthana
|c| Iamsliverfish|W
|j| empm
|c|☆Grumblebumble|glhf
|
|t:|1750726193
|start
|switch|p1a: Miraidon|Miraidon, L50|100/100
|switch|p1b: Whimsicott|Whimsicott, L50, F|100/100
|switch|p2a: Calyrex|Calyrex-Ice, L50|100/100
|switch|p2b: Brute Bonnet|Brute Bonnet, L50|100/100
|-ability|p2a: Calyrex|As One
|-ability|p2a: Calyrex|Unnerve
|-fieldstart|move: Electric Terrain|[from] ability: Hadron Engine|[of] p1a: Miraidon
|turn|1
|
|t:|1750726210
|switch|p1b: Zamazenta|Zamazenta-Crowned, L50|100/100
|-ability|p1b: Zamazenta|Dauntless Shield|boost
|-boost|p1b: Zamazenta|def|1
|-terastallize|p1a: Miraidon|Fairy
|move|p2b: Brute Bonnet|Rage Powder|p2b: Brute Bonnet
|-singleturn|p2b: Brute Bonnet|move: Rage Powder
|move|p1a: Miraidon|Dazzling Gleam|p2a: Calyrex|[spread] p2a,p2b
|-supereffective|p2b: Brute Bonnet
|-damage|p2a: Calyrex|58/100
|-damage|p2b: Brute Bonnet|8/100
|move|p2a: Calyrex|Glacial Lance|p1b: Zamazenta|[spread] p1a,p1b
|-resisted|p1b: Zamazenta
|-damage|p1a: Miraidon|48/100
|-damage|p1b: Zamazenta|91/100
|
|upkeep
|turn|2
|c| Iamsliverfish|goob
|
|t:|1750726227
|move|p2a: Calyrex|Protect|p2a: Calyrex
|-singleturn|p2a: Calyrex|Protect
|move|p2b: Brute Bonnet|Sucker Punch|p1a: Miraidon
|-resisted|p1a: Miraidon
|-damage|p1a: Miraidon|34/100
|move|p1a: Miraidon|Dazzling Gleam|p2a: Calyrex|[spread] p2b
|-activate|p2a: Calyrex|move: Protect
|-supereffective|p2b: Brute Bonnet
|-damage|p2b: Brute Bonnet|0 fnt
|faint|p2b: Brute Bonnet
|-end|p2b: Brute Bonnet|Protosynthesis|[silent]
|move|p1b: Zamazenta|Body Press|p2a: Calyrex
|-activate|p2a: Calyrex|move: Protect
|
|upkeep
|
|t:|1750726232
|switch|p2b: Koraidon|Koraidon, L50|100/100
|-weather|SunnyDay|[from] ability: Orichalcum Pulse|[of] p2b: Koraidon
|-activate|p2b: Koraidon|Orichalcum Pulse|[source]
|turn|3
|
|t:|1750726259
|switch|p1a: Chien-Pao|Chien-Pao, L50|100/100
|-ability|p1a: Chien-Pao|Sword of Ruin
|switch|p2a: Volcarona|Volcarona, L50, M|100/100
|-terastallize|p2b: Koraidon|Fire
|move|p2b: Koraidon|Flame Charge|p1a: Chien-Pao
|-supereffective|p1a: Chien-Pao
|-enditem|p1a: Chien-Pao|Focus Sash
|-damage|p1a: Chien-Pao|1/100
|-boost|p2b: Koraidon|spe|1
|-damage|p2b: Koraidon|91/100|[from] item: Life Orb
|move|p1b: Zamazenta|Body Press|p2a: Volcarona
|-resisted|p2a: Volcarona
|-damage|p2a: Volcarona|55/100
|-damage|p1b: Zamazenta|75/100|[from] item: Rocky Helmet|[of] p2a: Volcarona
|
|-weather|SunnyDay|[upkeep]
|upkeep
|turn|4
|
|t:|1750726289
|move|p2a: Volcarona|Rage Powder|p2a: Volcarona
|-singleturn|p2a: Volcarona|move: Rage Powder
|move|p1a: Chien-Pao|Sucker Punch||[still]
|-fail|p1a: Chien-Pao
|move|p2b: Koraidon|Flame Charge|p1a: Chien-Pao
|-supereffective|p1a: Chien-Pao
|-damage|p1a: Chien-Pao|0 fnt
|-boost|p2b: Koraidon|spe|1
|faint|p1a: Chien-Pao
|-damage|p2b: Koraidon|81/100|[from] item: Life Orb
|move|p1b: Zamazenta|Body Press|p2a: Volcarona
|-resisted|p2a: Volcarona
|-damage|p2a: Volcarona|25/100
|-damage|p1b: Zamazenta|59/100|[from] item: Rocky Helmet|[of] p2a: Volcarona
|
|-weather|SunnyDay|[upkeep]
|upkeep
|
|t:|1750726300
|switch|p1a: Whimsicott|Whimsicott, L50, F|100/100
|turn|5
|c| Iamsliverfish|ugly fire moth
|c| N0rthana|Volcarona my beloved
|c|☆Grumblebumble|ya got me
|c|☆Grumblebumble|well played
|
|t:|1750726361
|move|p1b: Zamazenta|Protect|p1b: Zamazenta
|-singleturn|p1b: Zamazenta|Protect
|move|p2a: Volcarona|Rage Powder|p2a: Volcarona
|-singleturn|p2a: Volcarona|move: Rage Powder
|move|p1a: Whimsicott|Tailwind|p1a: Whimsicott
|-sidestart|p1: Grumblebumble|move: Tailwind
|move|p2b: Koraidon|Flame Charge|p1a: Whimsicott
|-supereffective|p1a: Whimsicott
|-damage|p1a: Whimsicott|0 fnt
|-boost|p2b: Koraidon|spe|1
|faint|p1a: Whimsicott
|-damage|p2b: Koraidon|72/100|[from] item: Life Orb
|
|-weather|SunnyDay|[upkeep]
|-fieldend|move: Electric Terrain
|upkeep
|
|t:|1750726369
|switch|p1a: Miraidon|Miraidon, L50, tera:Fairy|34/100
|-fieldstart|move: Electric Terrain|[from] ability: Hadron Engine|[of] p1a: Miraidon
|turn|6
|
|t:|1750726375
|move|p2a: Volcarona|Rage Powder|p2a: Volcarona
|-singleturn|p2a: Volcarona|move: Rage Powder
|move|p2b: Koraidon|Flame Charge|p1a: Miraidon
|-crit|p1a: Miraidon
|-damage|p1a: Miraidon|0 fnt
|-boost|p2b: Koraidon|spe|1
|faint|p1a: Miraidon
|-damage|p2b: Koraidon|62/100|[from] item: Life Orb
|move|p1b: Zamazenta|Body Press|p2a: Volcarona
|-resisted|p2a: Volcarona
|-damage|p2a: Volcarona|0 fnt
|-damage|p1b: Zamazenta|43/100|[from] item: Rocky Helmet|[of] p2a: Volcarona
|-status|p1b: Zamazenta|brn|[from] ability: Flame Body|[of] p2a: Volcarona
|faint|p2a: Volcarona
|
|-weather|SunnyDay|[upkeep]
|-damage|p1b: Zamazenta|37/100 brn|[from] brn
|upkeep
|
|t:|1750726379
|switch|p2a: Calyrex|Calyrex-Ice, L50|58/100
|-ability|p2a: Calyrex|As One
|-ability|p2a: Calyrex|Unnerve
|turn|7
|-message|Grumblebumble forfeited.
|
|win|imgoldshark07
|n|☆Grumblebumble|grumblebumble
|n|☆imgoldshark07|imgoldshark07
|n| Iamsliverfish|iamsliverfish
|n| N0rthana|n0rthana
|n| empm|empm
