|j|☆Bratwurst565
|j|☆billyandersen24
|t:|1750831094
|gametype|doubles
|player|p1|Bratwurst565|2|1278
|player|p2|billyandersen24|biker-gen4|1233
|teamsize|p1|6
|teamsize|p2|6
|gen|9
|tier|[Gen 9] VGC 2025 Reg I
|rated|
|rule|Species Clause: Limit one of each Pokémon
|rule|Item Clause: Limit 1 of each item
|clearpoke
|poke|p1|Kyogre, L50|
|poke|p1|Tornadus, L50, M|
|poke|p1|Urshifu-*, L50, M|
|poke|p1|Zamazenta-*, L50|
|poke|p1|Tsareena, L50, F|
|poke|p1|Landorus, L50, M|
|poke|p2|Incineroar, L50, M|
|poke|p2|Ursaluna, L50, F|
|poke|p2|Urshifu-*, L50, M|
|poke|p2|Miraidon, L50|
|poke|p2|Lunala, L50|
|poke|p2|Whimsicott, L50, F|
|teampreview|4
|inactive|Battle timer is ON: inactive players will automatically lose when time's up. (requested by billyandersen24)
|inactive|billyandersen24 has 60 seconds left.
|inactive|Bratwurst565 has 60 seconds left.
|
|t:|1750831151
|start
|switch|p1a: Kyogre|Kyogre, L50|100/100
|switch|p1b: Landorus|Landorus, L50, M|100/100
|switch|p2a: Incineroar|Incineroar, L50, M|100/100
|switch|p2b: Miraidon|Miraidon, L50|100/100
|-fieldstart|move: Electric Terrain|[from] ability: Hadron Engine|[of] p2b: Miraidon
|-weather|RainDance|[from] ability: Drizzle|[of] p1a: Kyogre
|-ability|p2a: Incineroar|Intimidate|boost
|-unboost|p1a: Kyogre|atk|1
|-unboost|p1b: Landorus|atk|1
|turn|1
|inactive|Bratwurst565 has 30 seconds left.
|
|t:|1750831178
|switch|p1a: Tsareena|Tsareena, L50, F|100/100
|move|p2a: Incineroar|Fake Out||[still]
|cant|p1a: Tsareena|ability: Queenly Majesty|Fake Out|[of] p2a: Incineroar
|move|p2b: Miraidon|Volt Switch|p1a: Tsareena
|-resisted|p1a: Tsareena
|-damage|p1a: Tsareena|42/100
|
|t:|1750831188
|switch|p2b: Urshifu|Urshifu-Rapid-Strike, L50, M|100/100|[from] Volt Switch
|move|p1b: Landorus|Sandsear Storm|p2a: Incineroar|[spread] p2a,p2b
|-supereffective|p2a: Incineroar
|-damage|p2a: Incineroar|38/100
|-damage|p2b: Urshifu|29/100
|
|-weather|RainDance|[upkeep]
|upkeep
|turn|2
|inactive|Bratwurst565 has 30 seconds left.
|inactive|billyandersen24 has 30 seconds left.
|inactive|Bratwurst565 has 20 seconds left.
|inactive|billyandersen24 has 20 seconds left.
|inactive|billyandersen24 has 15 seconds left.
|inactive|Bratwurst565 has 15 seconds left.
|inactive|billyandersen24 has 10 seconds left.
|inactive|Bratwurst565 has 10 seconds left.
|
|t:|1750831241
|switch|p1b: Kyogre|Kyogre, L50|100/100
|move|p2b: Urshifu|Surging Strikes|p1b: Kyogre
|-resisted|p1b: Kyogre
|-crit|p1b: Kyogre
|-damage|p1b: Kyogre|71/100
|-resisted|p1b: Kyogre
|-crit|p1b: Kyogre
|-damage|p1b: Kyogre|42/100
|-resisted|p1b: Kyogre
|-crit|p1b: Kyogre
|-damage|p1b: Kyogre|15/100
|-hitcount|p1b: Kyogre|3
|move|p1a: Tsareena|Power Whip|p2b: Urshifu
|-supereffective|p2b: Urshifu
|-damage|p2b: Urshifu|0 fnt
|faint|p2b: Urshifu
|move|p2a: Incineroar|Flare Blitz|p1a: Tsareena
|-supereffective|p1a: Tsareena
|-damage|p1a: Tsareena|0 fnt
|faint|p1a: Tsareena
|-damage|p2a: Incineroar|28/100|[from] Recoil
|
|-weather|RainDance|[upkeep]
|upkeep
|inactive|Bratwurst565 has 30 seconds left.
|
|t:|1750831268
|switch|p2b: Miraidon|Miraidon, L50|100/100
|switch|p1a: Landorus|Landorus, L50, M|100/100
|-activate|p2b: Miraidon|ability: Hadron Engine
|turn|3
|
|t:|1750831288
|-terastallize|p2b: Miraidon|Fairy
|move|p1b: Kyogre|Protect|p1b: Kyogre
|-singleturn|p1b: Kyogre|Protect
|move|p2b: Miraidon|Dazzling Gleam|p1a: Landorus|[spread] p1a
|-activate|p1b: Kyogre|move: Protect
|-damage|p1a: Landorus|24/100
|move|p1a: Landorus|Sandsear Storm|p2b: Miraidon|[spread] p2a,p2b
|-supereffective|p2a: Incineroar
|-damage|p2a: Incineroar|0 fnt
|-damage|p2b: Miraidon|57/100
|faint|p2a: Incineroar
|
|-weather|RainDance|[upkeep]
|upkeep
|
|t:|1750831302
|switch|p2a: Lunala|Lunala, L50|100/100
|-enditem|p2a: Lunala|Electric Seed
|-boost|p2a: Lunala|def|1|[from] item: Electric Seed
|turn|4
|
|t:|1750831316
|move|p1a: Landorus|Protect|p1a: Landorus
|-singleturn|p1a: Landorus|Protect
|move|p2a: Lunala|Wide Guard|p2a: Lunala
|-singleturn|p2a: Lunala|Wide Guard
|move|p2b: Miraidon|Dazzling Gleam|p1b: Kyogre|[spread] p1b
|-activate|p1a: Landorus|move: Protect
|-damage|p1b: Kyogre|0 fnt
|faint|p1b: Kyogre
|
|-weather|RainDance|[upkeep]
|upkeep
|
|t:|1750831329
|switch|p1b: Urshifu|Urshifu-Rapid-Strike, L50, M|100/100
|turn|5
|
|t:|1750831346
|-terastallize|p1b: Urshifu|Grass
|move|p2a: Lunala|Wide Guard|p2a: Lunala
|-singleturn|p2a: Lunala|Wide Guard
|move|p1b: Urshifu|Aqua Jet|p2b: Miraidon
|-damage|p2b: Miraidon|7/100
|move|p2b: Miraidon|Dazzling Gleam|p1a: Landorus|[spread] p1a,p1b
|-damage|p1a: Landorus|0 fnt
|-damage|p1b: Urshifu|2/100
|faint|p1a: Landorus
|
|-weather|none
|-fieldend|move: Electric Terrain
|upkeep
|turn|6
|
|t:|1750831362
|move|p1b: Urshifu|Aqua Jet|p2b: Miraidon
|-damage|p2b: Miraidon|0 fnt
|faint|p2b: Miraidon
|move|p2a: Lunala|Moonblast|p1b: Urshifu
|-damage|p1b: Urshifu|0 fnt
|faint|p1b: Urshifu
|
|win|billyandersen24
|raw|Bratwurst565's rating: 1278 &rarr; <strong>1250</strong><br />(-28 for losing)
|raw|billyandersen24's rating: 1233 &rarr; <strong>1261</strong><br />(+28 for winning)
|l|☆Bratwurst565
|player|p1|
|l|☆billyandersen24
|player|p2|
