|j|☆MultiZapdos
|j|☆pitermax
|t:|1750797549
|gametype|doubles
|player|p1|MultiZapdos|102|
|player|p2|pitermax|marley|
|teamsize|p1|6
|teamsize|p2|6
|gen|9
|tier|[Gen 9] VGC 2025 Reg I
|rule|Species Clause: Limit one of each Pokémon
|rule|Item Clause: Limit 1 of each item
|clearpoke
|poke|p1|Gholdengo, L50|
|poke|p1|Tinkaton, L50, F|
|poke|p1|Kingambit, L50, F|
|poke|p1|Registeel, L50|
|poke|p1|Corviknight, L50, F|
|poke|p1|Scizor, L50, M|
|poke|p2|Glimmora, L50, F|
|poke|p2|Toxapex, L50, F|
|poke|p2|Amoonguss, L50, F|
|poke|p2|Iron Moth, L50|
|poke|p2|Toxtricity-Low-Key, L50, M|
|poke|p2|Grafaiai, L50, F|
|teampreview|4
|j| alexeido
pitermax has agreed to open team sheets.
MultiZapdos has agreed to open team sheets.
|showteam|p1|Gholdengo||ChoiceScarf|GoodasGold|MakeItRain,ShadowBall,Thunderbolt,Psychic||||||50|,,,,,Normal]Tinkaton||AssaultVest|MoldBreaker|FakeOut,GigatonHammer,KnockOff,PlayRough|||F|||50|,,,,,Dragon]Kingambit||BlackGlasses|Defiant|SuckerPunch,KowtowCleave,IronHead,Protect|||F|||50|,,,,,Dark]Registeel||Leftovers|ClearBody|BodyPress,IronDefense,HeavySlam,Protect||||||50|,,,,,Fairy]Corviknight||SitrusBerry|MirrorArmor|Uturn,Tailwind,IronHead,BraveBird|||F|||50|,,,,,Ghost]Scizor||ChoiceBand|Technician|BulletPunch,Uturn,Trailblaze,KnockOff|||M|||50|,,,,,Dragon
|showteam|p2|Glimmora||FocusSash|ToxicDebris|StealthRock,MortalSpin,PowerGem,EarthPower|||F|||50|,,,,,Rock]Toxapex||BlackSludge|Regenerator|Recover,BanefulBunker,Haze,ToxicSpikes|||F|||50|,,,,,Water]Amoonguss||RockyHelmet|Regenerator|Spore,GigaDrain,SludgeBomb,ClearSmog|||F|||50|,,,,,Water]Iron Moth||BoosterEnergy|QuarkDrive|Flamethrower,SludgeWave,EnergyBall,Substitute||||||50|,,,,,Fire]Toxtricity-Low-Key||ChoiceSpecs|PunkRock|Overdrive,Boomburst,SludgeWave,VoltSwitch|||M|||50|,,,,,Electric]Grafaiai||Leftovers|Prankster|KnockOff,Encore,Taunt,PartingShot|||F|||50|,,,,,Poison
|j| thander11
|
|t:|1750797681
|start
|switch|p1a: Alborotador|Corviknight, L50, F|100/100
|switch|p1b: VIKTORRRR|Registeel, L50|100/100
|switch|p2a: Amoonguss|Amoonguss, L50, F, shiny|100/100
|switch|p2b: Toxtricity|Toxtricity-Low-Key, L50, M|100/100
|turn|1
|j| okkito
|
|t:|1750797735
|move|p1b: VIKTORRRR|Protect|p1b: VIKTORRRR
|-singleturn|p1b: VIKTORRRR|Protect
|move|p2b: Toxtricity|Overdrive|p1b: VIKTORRRR|[spread] p1a
|-activate|p1b: VIKTORRRR|move: Protect
|-supereffective|p1a: Alborotador
|-damage|p1a: Alborotador|0 fnt
|faint|p1a: Alborotador
|move|p2a: Amoonguss|Spore|p1b: VIKTORRRR
|-activate|p1b: VIKTORRRR|move: Protect
|
|upkeep
|
|t:|1750797747
|switch|p1a: Risquetos|Gholdengo, L50|100/100
|turn|2
|
|t:|1750797774
|move|p1a: Risquetos|Psychic|p2b: Toxtricity
|-supereffective|p2b: Toxtricity
|-damage|p2b: Toxtricity|3/100
|move|p2b: Toxtricity|Overdrive|p1a: Risquetos|[spread] p1a,p1b
|-crit|p1a: Risquetos
|-damage|p1a: Risquetos|0 fnt
|-damage|p1b: VIKTORRRR|60/100
|faint|p1a: Risquetos
|move|p1b: VIKTORRRR|Heavy Slam|p2a: Amoonguss
|-damage|p2a: Amoonguss|65/100
|-damage|p1b: VIKTORRRR|44/100|[from] item: Rocky Helmet|[of] p2a: Amoonguss
|move|p2a: Amoonguss|Spore|p1b: VIKTORRRR
|-status|p1b: VIKTORRRR|slp|[from] move: Spore
|
|-heal|p1b: VIKTORRRR|50/100 slp|[from] item: Leftovers
|upkeep
|
|t:|1750797791
|switch|p1a: Star Platinum|Scizor, L50, M|100/100
|turn|3
|
|t:|1750797824
|-terastallize|p1a: Star Platinum|Dragon
|cant|p1b: VIKTORRRR|slp
|move|p1a: Star Platinum|Bullet Punch|p2b: Toxtricity
|-resisted|p2b: Toxtricity
|-damage|p2b: Toxtricity|0 fnt
|faint|p2b: Toxtricity
|move|p2a: Amoonguss|Giga Drain|p1b: VIKTORRRR
|-resisted|p1b: VIKTORRRR
|-damage|p1b: VIKTORRRR|43/100 slp
|-heal|p2a: Amoonguss|68/100|[from] drain|[of] p1b: VIKTORRRR
|
|-heal|p1b: VIKTORRRR|49/100 slp|[from] item: Leftovers
|upkeep
|
|t:|1750797870
|switch|p2b: Grafaiai|Grafaiai, L50, F|100/100
|turn|4
|
|t:|1750797907
|cant|p1b: VIKTORRRR|slp
|move|p2b: Grafaiai|Parting Shot|p1a: Star Platinum
|-unboost|p1a: Star Platinum|atk|1
|-unboost|p1a: Star Platinum|spa|1
|
|t:|1750797914
|switch|p2b: Iron Moth|Iron Moth, L50|100/100|[from] Parting Shot
|-enditem|p2b: Iron Moth|Booster Energy
|-activate|p2b: Iron Moth|ability: Quark Drive|[fromitem]
|-start|p2b: Iron Moth|quarkdrivespa
|move|p1a: Star Platinum|Bullet Punch|p2a: Amoonguss
|-crit|p2a: Amoonguss
|-damage|p2a: Amoonguss|0 fnt
|-damage|p1a: Star Platinum|84/100|[from] item: Rocky Helmet|[of] p2a: Amoonguss
|faint|p2a: Amoonguss
|
|-heal|p1b: VIKTORRRR|55/100 slp|[from] item: Leftovers
|upkeep
|
|t:|1750797925
|switch|p2a: Grafaiai|Grafaiai, L50, F|100/100
|turn|5
|
|t:|1750797953
|-terastallize|p2b: Iron Moth|Fire
|move|p2a: Grafaiai|Parting Shot|p1a: Star Platinum
|-unboost|p1a: Star Platinum|atk|1
|-unboost|p1a: Star Platinum|spa|1
|move|p1a: Star Platinum|Bullet Punch|p2b: Iron Moth
|-resisted|p2b: Iron Moth
|-damage|p2b: Iron Moth|76/100
|move|p2b: Iron Moth|Flamethrower|p1a: Star Platinum
|-resisted|p1a: Star Platinum
|-damage|p1a: Star Platinum|33/100
|-curestatus|p1b: VIKTORRRR|slp|[msg]
|move|p1b: VIKTORRRR|Heavy Slam|p2b: Iron Moth
|-resisted|p2b: Iron Moth
|-crit|p2b: Iron Moth
|-damage|p2b: Iron Moth|30/100
|
|-heal|p1b: VIKTORRRR|60/100|[from] item: Leftovers
|upkeep
|turn|6
|
|t:|1750798008
|move|p1a: Star Platinum|Bullet Punch|p2b: Iron Moth
|-resisted|p2b: Iron Moth
|-damage|p2b: Iron Moth|6/100
|move|p2b: Iron Moth|Flamethrower|p1b: VIKTORRRR
|-supereffective|p1b: VIKTORRRR
|-damage|p1b: VIKTORRRR|0 fnt
|faint|p1b: VIKTORRRR
|move|p2a: Grafaiai|Knock Off|p1a: Star Platinum
|-damage|p1a: Star Platinum|10/100
|-enditem|p1a: Star Platinum|Choice Band|[from] move: Knock Off|[of] p2a: Grafaiai
|
|upkeep
|turn|7
|
|t:|1750798025
|move|p1a: Star Platinum|Bullet Punch|p2b: Iron Moth
|-resisted|p2b: Iron Moth
|-damage|p2b: Iron Moth|0 fnt
|faint|p2b: Iron Moth
|-end|p2b: Iron Moth|Quark Drive|[silent]
|move|p2a: Grafaiai|Knock Off|p1a: Star Platinum
|-damage|p1a: Star Platinum|0 fnt
|faint|p1a: Star Platinum
|
|win|pitermax
