|j|☆Neil2911
|j|☆bluebleh
|t:|1750843893
|gametype|doubles
|player|p1|Neil2911|steven|1199
|player|p2|bluebleh|gentleman-gen4dp|1143
|teamsize|p1|6
|teamsize|p2|6
|gen|9
|tier|[Gen 9] VGC 2025 Reg I
|rated|
|rule|Species Clause: Limit one of each Pokémon
|rule|Item Clause: Limit 1 of each item
|clearpoke
|poke|p1|Solgaleo, L50|
|poke|p1|Iron Hands, L50|
|poke|p1|Miraidon, L50|
|poke|p1|Incineroar, L50, M|
|poke|p1|Urshifu-*, L50, M|
|poke|p1|Chien-Pao, L50|
|poke|p2|Lilligant-Hisui, L50, F|
|poke|p2|Groudon, L50|
|poke|p2|Kleavor, L50, M|
|poke|p2|Ho-Oh, L50|
|poke|p2|Magnezone, L50|
|poke|p2|Roaring Moon, L50|
|teampreview|4
bluebleh rejected open team sheets.
|
|t:|1750843911
|start
|switch|p1a: Miraidon|Miraidon, L50|100/100
|switch|p1b: Iron Hands|Iron Hands, L50|100/100
|switch|p2a: Groudon|Groudon, L50|100/100
|switch|p2b: Bosphoramus|Kleavor, L50, M|100/100
|-fieldstart|move: Electric Terrain|[from] ability: Hadron Engine|[of] p1a: Miraidon
|-activate|p1b: Iron Hands|ability: Quark Drive
|-start|p1b: Iron Hands|quarkdriveatk
|-weather|SunnyDay|[from] ability: Drought|[of] p2a: Groudon
|turn|1
|inactive|Battle timer is ON: inactive players will automatically lose when time's up. (requested by Neil2911)
|
|t:|1750843938
|move|p1b: Iron Hands|Fake Out|p2a: Groudon
|-damage|p2a: Groudon|87/100
|move|p1a: Miraidon|Electro Drift|p2b: Bosphoramus
|-damage|p2b: Bosphoramus|0 fnt
|faint|p2b: Bosphoramus
|cant|p2a: Groudon|flinch
|
|-weather|SunnyDay|[upkeep]
|upkeep
|
|t:|1750843947
|switch|p2b: Pavlova|Lilligant-Hisui, L50, F, shiny|100/100
|turn|2
|inactive|Neil2911 has 30 seconds left.
|
|t:|1750843974
|-end|p1b: Iron Hands|Quark Drive|[silent]
|switch|p1b: Urshifu|Urshifu-Rapid-Strike, L50, M|100/100
|-terastallize|p2b: Pavlova|Ice
|move|p2b: Pavlova|Triple Axel|p1a: Miraidon
|-supereffective|p1a: Miraidon
|-damage|p1a: Miraidon|80/100
|-supereffective|p1a: Miraidon
|-damage|p1a: Miraidon|35/100
|-supereffective|p1a: Miraidon
|-damage|p1a: Miraidon|0 fnt
|faint|p1a: Miraidon
|-hitcount|p1: Miraidon|3
|move|p2a: Groudon|Precipice Blades|p1b: Urshifu
|-damage|p1b: Urshifu|35/100
|
|-weather|SunnyDay|[upkeep]
|upkeep
|
|t:|1750843991
|switch|p1a: Iron Hands|Iron Hands, L50|100/100
|-activate|p1a: Iron Hands|ability: Quark Drive
|-start|p1a: Iron Hands|quarkdriveatk
|turn|3
|
|t:|1750844006
|move|p1a: Iron Hands|Fake Out|p2b: Pavlova
|-damage|p2b: Pavlova|68/100
|cant|p2b: Pavlova|flinch
|move|p1b: Urshifu|Surging Strikes|p2a: Groudon
|-supereffective|p2a: Groudon
|-crit|p2a: Groudon
|-damage|p2a: Groudon|75/100
|-supereffective|p2a: Groudon
|-crit|p2a: Groudon
|-damage|p2a: Groudon|63/100
|-supereffective|p2a: Groudon
|-crit|p2a: Groudon
|-damage|p2a: Groudon|51/100
|-hitcount|p2a: Groudon|3
|move|p2a: Groudon|Precipice Blades|p1b: Urshifu|[spread] p1b
|-miss|p2a: Groudon|p1a: Iron Hands
|-damage|p1b: Urshifu|0 fnt
|faint|p1b: Urshifu
|
|-weather|SunnyDay|[upkeep]
|upkeep
|
|t:|1750844022
|switch|p1b: Solgaleo|Solgaleo, L50|100/100
|turn|4
|inactive|Neil2911 has 30 seconds left.
|
|t:|1750844049
|switch|p2b: Ho-Oh|Ho-Oh, L50|100/100
|-terastallize|p1b: Solgaleo|Rock
|move|p1b: Solgaleo|Rock Slide|p2b: Ho-Oh|[spread] p2a,p2b
|-resisted|p2a: Groudon
|-supereffective|p2b: Ho-Oh
|-damage|p2a: Groudon|39/100
|-damage|p2b: Ho-Oh|0 fnt
|faint|p2b: Ho-Oh
|-damage|p1b: Solgaleo|91/100|[from] item: Life Orb
|move|p2a: Groudon|Precipice Blades|p1a: Iron Hands|[spread] p1a,p1b
|-supereffective|p1a: Iron Hands
|-supereffective|p1b: Solgaleo
|-damage|p1a: Iron Hands|34/100
|-damage|p1b: Solgaleo|5/100
|move|p1a: Iron Hands|Heavy Slam|p2a: Groudon
|-damage|p2a: Groudon|24/100
|
|-weather|SunnyDay|[upkeep]
|upkeep
|
|t:|1750844064
|switch|p2b: Pavlova|Lilligant-Hisui, L50, F, shiny, tera:Ice|68/100
|turn|5
|
|t:|1750844080
|move|p2b: Pavlova|Axe Kick|p1a: Iron Hands
|-damage|p1a: Iron Hands|0 fnt
|faint|p1a: Iron Hands
|-end|p1a: Iron Hands|Quark Drive|[silent]
|move|p1b: Solgaleo|Rock Slide|p2b: Pavlova|[spread] p2a
|-miss|p1b: Solgaleo|p2b: Pavlova
|-resisted|p2a: Groudon
|-damage|p2a: Groudon|12/100
|-damage|p1b: Solgaleo|0 fnt|[from] item: Life Orb
|faint|p1b: Solgaleo
|
|win|bluebleh
|raw|Neil2911's rating: 1199 &rarr; <strong>1170</strong><br />(-29 for losing)
|raw|bluebleh's rating: 1143 &rarr; <strong>1172</strong><br />(+29 for winning)
|l|☆Neil2911
|player|p1|
|l|☆bluebleh
|player|p2|
