|j|☆mowthegrasstyson
|j|☆Scottyboi3
|t:|1750857780
|gametype|doubles
|player|p1|mowthegrasstyson|hiker-gen4|1045
|player|p2|Scottyboi3|101|1005
|teamsize|p1|6
|teamsize|p2|6
|gen|9
|tier|[Gen 9] VGC 2025 Reg I
|rated|
|rule|Species Clause: Limit one of each Pokémon
|rule|Item Clause: Limit 1 of each item
|clearpoke
|poke|p1|Muk-Alola, L50, M|
|poke|p1|Scovillain, L50, F|
|poke|p1|Incineroar, L50, M|
|poke|p1|Tornadus, L50, M|
|poke|p1|Rillaboom, L50, F|
|poke|p1|Calyrex-Shadow, L50|
|poke|p2|Incineroar, L50, M|
|poke|p2|Kyogre, L50|
|poke|p2|Tornadus, L50, M|
|poke|p2|Amoonguss, L50, M|
|poke|p2|Roaring Moon, L50|
|poke|p2|Ting-Lu, L50|
|teampreview|4
|
|t:|1750857825
|start
|switch|p1a: Muk|Muk-Alola, L50, M|100/100
|switch|p1b: Scovillain|Scovillain, L50, F|100/100
|switch|p2a: Roaring Moon|Roaring Moon, L50|100/100
|switch|p2b: Incineroar|Incineroar, L50, M|100/100
|-ability|p2b: Incineroar|Intimidate|boost
|-unboost|p1a: Muk|atk|1
|-unboost|p1b: Scovillain|atk|1
|-enditem|p2a: Roaring Moon|Booster Energy
|-activate|p2a: Roaring Moon|ability: Protosynthesis|[fromitem]
|-start|p2a: Roaring Moon|protosynthesisatk
|turn|1
|
|t:|1750857847
|-end|p2a: Roaring Moon|Protosynthesis|[silent]
|switch|p2a: Tornadus|Tornadus, L50, M|100/100
|move|p1b: Scovillain|Protect|p1b: Scovillain
|-singleturn|p1b: Scovillain|Protect
|move|p1a: Muk|Protect|p1a: Muk
|-singleturn|p1a: Muk|Protect
|move|p2b: Incineroar|Flare Blitz|p1b: Scovillain
|-activate|p1b: Scovillain|move: Protect
|
|-ability|p1b: Scovillain|Moody|boost
|-boost|p1b: Scovillain|spd|2
|-unboost|p1b: Scovillain|def|1
|upkeep
|turn|2
|
|t:|1750857869
|move|p1b: Scovillain|Rage Powder|p1b: Scovillain
|-singleturn|p1b: Scovillain|move: Rage Powder
|move|p2a: Tornadus|Tailwind|p2a: Tornadus
|-sidestart|p2: Scottyboi3|move: Tailwind
|move|p2b: Incineroar|Parting Shot|p1b: Scovillain
|-unboost|p1b: Scovillain|atk|1
|-unboost|p1b: Scovillain|spa|1
|
|t:|1750857888
|switch|p2b: Roaring Moon|Roaring Moon, L50|100/100|[from] Parting Shot
|move|p1a: Muk|Minimize|p1a: Muk
|-boost|p1a: Muk|evasion|2
|
|-ability|p1b: Scovillain|Moody|boost
|-boost|p1b: Scovillain|def|2
|-unboost|p1b: Scovillain|spd|1
|upkeep
|turn|3
|
|t:|1750857905
|move|p1b: Scovillain|Rage Powder|p1b: Scovillain
|-singleturn|p1b: Scovillain|move: Rage Powder
|move|p2b: Roaring Moon|Acrobatics|p1b: Scovillain
|-supereffective|p1b: Scovillain
|-enditem|p1b: Scovillain|Focus Sash
|-damage|p1b: Scovillain|1/100
|move|p2a: Tornadus|Bleakwind Storm|p1b: Scovillain|[spread] p1b
|-miss|p2a: Tornadus|p1a: Muk
|-supereffective|p1b: Scovillain
|-damage|p1b: Scovillain|0 fnt
|faint|p1b: Scovillain
|-ability|p1a: Muk|Moody|[from] ability: Power of Alchemy|[of] p1b: Scovillain
|move|p1a: Muk|Minimize|p1a: Muk
|-boost|p1a: Muk|evasion|2
|
|-ability|p1a: Muk|Moody|boost
|-boost|p1a: Muk|spe|2
|-unboost|p1a: Muk|def|1
|upkeep
|
|t:|1750857909
|switch|p1b: Tornadus|Tornadus, L50, M|100/100
|turn|4
|
|t:|1750857936
|move|p1b: Tornadus|Tailwind|p1b: Tornadus
|-sidestart|p1: mowthegrasstyson|move: Tailwind
|move|p2b: Roaring Moon|Acrobatics|p1a: Muk|[miss]
|-miss|p2b: Roaring Moon|p1a: Muk
|move|p2a: Tornadus|Bleakwind Storm|p1a: Muk|[spread] 
|-miss|p2a: Tornadus|p1a: Muk
|-miss|p2a: Tornadus|p1b: Tornadus
|move|p1a: Muk|Minimize|p1a: Muk
|-boost|p1a: Muk|evasion|2
|
|-ability|p1a: Muk|Moody|boost
|-boost|p1a: Muk|spa|2
|-unboost|p1a: Muk|def|1
|upkeep
|turn|5
|
|t:|1750857955
|move|p2b: Roaring Moon|Acrobatics|p1a: Muk|[miss]
|-miss|p2b: Roaring Moon|p1a: Muk
|move|p2a: Tornadus|Bleakwind Storm|p1a: Muk|[spread] 
|-miss|p2a: Tornadus|p1a: Muk
|-miss|p2a: Tornadus|p1b: Tornadus
|move|p1a: Muk|Poison Jab|p2a: Tornadus
|-damage|p2a: Tornadus|70/100
|move|p1b: Tornadus|Bleakwind Storm|p2a: Tornadus|[spread] p2a,p2b
|-damage|p2a: Tornadus|30/100
|-damage|p2b: Roaring Moon|69/100
|-unboost|p2a: Tornadus|spe|1
|-unboost|p2b: Roaring Moon|spe|1
|
|-sideend|p2: Scottyboi3|move: Tailwind
|-ability|p1a: Muk|Moody|boost
|-boost|p1a: Muk|spd|2
|-unboost|p1a: Muk|def|1
|upkeep
|turn|6
|
|t:|1750857987
|move|p2a: Tornadus|Tailwind|p2a: Tornadus
|-sidestart|p2: Scottyboi3|move: Tailwind
|move|p1a: Muk|Poison Jab|p2b: Roaring Moon
|-damage|p2b: Roaring Moon|43/100
|move|p1b: Tornadus|Bleakwind Storm|p2a: Tornadus|[spread] p2a,p2b
|-damage|p2a: Tornadus|0 fnt
|-damage|p2b: Roaring Moon|13/100
|faint|p2a: Tornadus
|move|p2b: Roaring Moon|Acrobatics|p1a: Muk|[miss]
|-miss|p2b: Roaring Moon|p1a: Muk
|
|-ability|p1a: Muk|Moody|boost
|-boost|p1a: Muk|spd|2
|-unboost|p1a: Muk|spa|1
|upkeep
|
|t:|1750858002
|switch|p2a: Incineroar|Incineroar, L50, M|100/100
|-ability|p2a: Incineroar|Intimidate|boost
|-unboost|p1a: Muk|atk|1
|-unboost|p1b: Tornadus|atk|1
|turn|7
|
|t:|1750858037
|-terastallize|p2b: Roaring Moon|Flying
|move|p2a: Incineroar|Fake Out|p1a: Muk
|-damage|p1a: Muk|70/100
|cant|p1a: Muk|flinch
|move|p1b: Tornadus|Bleakwind Storm|p2a: Incineroar|[spread] p2a,p2b
|-damage|p2a: Incineroar|78/100
|-damage|p2b: Roaring Moon|0 fnt
|-unboost|p2a: Incineroar|spe|1
|faint|p2b: Roaring Moon
|-end|p2b: Roaring Moon|Protosynthesis|[silent]
|
|-heal|p1a: Muk|76/100|[from] item: Black Sludge
|-sideend|p1: mowthegrasstyson|move: Tailwind
|-ability|p1a: Muk|Moody|boost
|-boost|p1a: Muk|spd|2
|-unboost|p1a: Muk|def|1
|upkeep
|
|t:|1750858054
|switch|p2b: Kyogre|Kyogre, L50|100/100
|-weather|RainDance|[from] ability: Drizzle|[of] p2b: Kyogre
|turn|8
|
|t:|1750858075
|move|p1b: Tornadus|Sunny Day|p1b: Tornadus
|-weather|SunnyDay
|move|p2b: Kyogre|Water Spout|p1a: Muk|[spread] p1a,p1b
|-damage|p1a: Muk|71/100
|-damage|p1b: Tornadus|60/100
|move|p1a: Muk|Poison Jab|p2b: Kyogre
|-damage|p2b: Kyogre|87/100
|-status|p2b: Kyogre|psn
|move|p2a: Incineroar|Snarl|p1a: Muk|[spread] p1b
|-miss|p2a: Incineroar|p1a: Muk
|-damage|p1b: Tornadus|47/100
|
|-weather|SunnyDay|[upkeep]
|-heal|p1a: Muk|77/100|[from] item: Black Sludge
|-damage|p2b: Kyogre|75/100 psn|[from] psn
|-ability|p1a: Muk|Moody|boost
|-boost|p1a: Muk|def|2
|-unboost|p1a: Muk|spe|1
|upkeep
|turn|9
|
|t:|1750858107
|move|p1b: Tornadus|Tailwind|p1b: Tornadus
|-sidestart|p1: mowthegrasstyson|move: Tailwind
|move|p2b: Kyogre|Origin Pulse|p1b: Tornadus|[spread] p1b
|-miss|p2b: Kyogre|p1a: Muk
|-damage|p1b: Tornadus|18/100
|move|p1a: Muk|Poison Jab|p2b: Kyogre
|-damage|p2b: Kyogre|60/100 psn
|move|p2a: Incineroar|Snarl|p1a: Muk|[spread] 
|-miss|p2a: Incineroar|p1a: Muk
|-miss|p2a: Incineroar|p1b: Tornadus
|
|-weather|SunnyDay|[upkeep]
|-heal|p1a: Muk|83/100|[from] item: Black Sludge
|-damage|p2b: Kyogre|48/100 psn|[from] psn
|-sideend|p2: Scottyboi3|move: Tailwind
|-ability|p1a: Muk|Moody|boost
|-boost|p1a: Muk|atk|2
|-unboost|p1a: Muk|spd|1
|upkeep
|turn|10
|
|t:|1750858129
|move|p1b: Tornadus|Bleakwind Storm|p2a: Incineroar|[spread] p2b
|-miss|p1b: Tornadus|p2a: Incineroar
|-damage|p2b: Kyogre|31/100 psn
|-unboost|p2b: Kyogre|spe|1
|move|p1a: Muk|Poison Jab|p2b: Kyogre
|-crit|p2b: Kyogre
|-damage|p2b: Kyogre|0 fnt
|faint|p2b: Kyogre
|move|p2a: Incineroar|Snarl|p1b: Tornadus|[spread] p1b
|-miss|p2a: Incineroar|p1a: Muk
|-damage|p1b: Tornadus|7/100
|
|-weather|SunnyDay|[upkeep]
|-heal|p1a: Muk|89/100|[from] item: Black Sludge
|-ability|p1a: Muk|Moody|boost
|-boost|p1a: Muk|def|2
|-unboost|p1a: Muk|atk|1
|upkeep
|turn|11
|-message|Scottyboi3 forfeited.
|
|win|mowthegrasstyson
|raw|mowthegrasstyson's rating: 1045 &rarr; <strong>1074</strong><br />(+29 for winning)
|raw|Scottyboi3's rating: 1005 &rarr; <strong>1000</strong><br />(-5 for losing)
|l|☆mowthegrasstyson
|player|p1|
