|j|☆ArtiboniteLadder
|j|☆SolVGC14
|t:|1750877614
|gametype|doubles
|player|p1|ArtiboniteLadder|firebreather|1414
|player|p2|SolVGC14|hilbert|1513
|teamsize|p1|6
|teamsize|p2|6
|gen|9
|tier|[Gen 9] VGC 2025 Reg I
|rated|
|rule|Species Clause: Limit one of each Pokémon
|rule|Item Clause: Limit 1 of each item
|clearpoke
|poke|p1|Kyogre, L50|
|poke|p1|Sinistcha-Masterpiece, L50|
|poke|p1|Incineroar, L50, M|
|poke|p1|Ursaluna, L50, F|
|poke|p1|Dialga, L50|
|poke|p1|Landorus, L50, M|
|poke|p2|Iron Bundle, L50|
|poke|p2|Miraidon, L50|
|poke|p2|Incineroar, L50, M|
|poke|p2|Zacian-*, L50|
|poke|p2|Araquanid, L50, F|
|poke|p2|Zoroark-Hisui, L50, M|
|teampreview|4
|inactive|Battle timer is ON: inactive players will automatically lose when time's up. (requested by ArtiboniteLadder)
|
|t:|1750877662
|start
|switch|p1a: Incineroar|Incineroar, L50, M|100/100
|switch|p1b: Dialga|Dialga, L50|100/100
|switch|p2a: Iron Bundle|Iron Bundle, L50|100/100
|switch|p2b: Miraidon|Miraidon, L50|100/100
|-fieldstart|move: Electric Terrain|[from] ability: Hadron Engine|[of] p2b: Miraidon
|-activate|p2a: Iron Bundle|ability: Quark Drive
|-start|p2a: Iron Bundle|quarkdrivespe
|-ability|p1a: Incineroar|Intimidate|boost
|-unboost|p2a: Iron Bundle|atk|1
|-unboost|p2b: Miraidon|atk|1
|turn|1
|
|t:|1750877679
|move|p2a: Iron Bundle|Protect|p2a: Iron Bundle
|-singleturn|p2a: Iron Bundle|Protect
|move|p1a: Incineroar|Fake Out|p2b: Miraidon
|-damage|p2b: Miraidon|92/100
|cant|p2b: Miraidon|flinch
|move|p1b: Dialga|Trick Room|p1b: Dialga
|-fieldstart|move: Trick Room|[of] p1b: Dialga
|
|upkeep
|turn|2
|inactive|SolVGC14 has 30 seconds left.
|inactive|ArtiboniteLadder has 30 seconds left.
|inactive|SolVGC14 has 20 seconds left.
|
|t:|1750877715
|switch|p2b: Zacian|Zacian-Crowned, L50|100/100
|-ability|p2b: Zacian|Intrepid Sword|boost
|-boost|p2b: Zacian|atk|1
|move|p1a: Incineroar|Knock Off|p2a: Iron Bundle
|-damage|p2a: Iron Bundle|52/100
|-enditem|p2a: Iron Bundle|Focus Sash|[from] move: Knock Off|[of] p1a: Incineroar
|move|p1b: Dialga|Flash Cannon|p2a: Iron Bundle
|-damage|p2a: Iron Bundle|0 fnt
|faint|p2a: Iron Bundle
|-end|p2a: Iron Bundle|Quark Drive|[silent]
|
|upkeep
|
|t:|1750877726
|switch|p2a: Araquanid|Araquanid, L50, F|100/100
|turn|3
|
|t:|1750877743
|switch|p1a: Kyogre|Kyogre, L50|100/100
|-weather|RainDance|[from] ability: Drizzle|[of] p1a: Kyogre
|switch|p2b: Miraidon|Miraidon, L50|92/100
|-activate|p2b: Miraidon|ability: Hadron Engine
|move|p2a: Araquanid|Liquidation|p1a: Kyogre
|-resisted|p1a: Kyogre
|-damage|p1a: Kyogre|57/100
|move|p1b: Dialga|Flash Cannon|p2b: Miraidon
|-resisted|p2b: Miraidon
|-damage|p2b: Miraidon|82/100
|
|-weather|RainDance|[upkeep]
|upkeep
|turn|4
|inactive|ArtiboniteLadder has 30 seconds left.
|inactive|SolVGC14 has 30 seconds left.
|inactive|ArtiboniteLadder has 20 seconds left.
|inactive|SolVGC14 has 20 seconds left.
|inactive|SolVGC14 has 15 seconds left.
|inactive|SolVGC14 has 10 seconds left.
|inactive|SolVGC14 has 5 seconds left.
|
|t:|1750877796
|-terastallize|p2a: Araquanid|Water
|move|p2a: Araquanid|Liquidation|p1a: Kyogre
|-resisted|p1a: Kyogre
|-damage|p1a: Kyogre|0 fnt
|faint|p1a: Kyogre
|move|p1b: Dialga|Dragon Pulse|p2a: Araquanid
|-damage|p2a: Araquanid|64/100
|move|p2b: Miraidon|Snarl|p1b: Dialga
|-damage|p1b: Dialga|76/100
|-unboost|p1b: Dialga|spa|1
|
|-weather|RainDance|[upkeep]
|upkeep
|
|t:|1750877803
|switch|p1a: Ursaluna|Ursaluna, L50, F|100/100
|turn|5
|
|t:|1750877825
|switch|p1b: Incineroar|Incineroar, L50, M|100/100
|-ability|p1b: Incineroar|Intimidate|boost
|-fail|p2a: Araquanid|unboost|[from] item: Clear Amulet|[of] p2a: Araquanid
|-unboost|p2b: Miraidon|atk|1
|-terastallize|p1a: Ursaluna|Ghost
|move|p2a: Araquanid|Protect|p2a: Araquanid
|-singleturn|p2a: Araquanid|Protect
|move|p1a: Ursaluna|Headlong Rush|p2b: Miraidon
|-supereffective|p2b: Miraidon
|-damage|p2b: Miraidon|0 fnt
|-unboost|p1a: Ursaluna|def|1
|-unboost|p1a: Ursaluna|spd|1
|faint|p2b: Miraidon
|
|-weather|RainDance|[upkeep]
|-fieldend|move: Trick Room
|-fieldend|move: Electric Terrain
|-status|p1a: Ursaluna|brn|[from] item: Flame Orb
|upkeep
|
|t:|1750877840
|switch|p2b: Zacian|Zacian-Crowned, L50|100/100
|turn|6
|inactive|ArtiboniteLadder has 30 seconds left.
|inactive|SolVGC14 has 30 seconds left.
|
|t:|1750877873
|move|p1b: Incineroar|Fake Out|p2a: Araquanid
|-damage|p2a: Araquanid|52/100
|move|p2b: Zacian|Behemoth Blade|p1a: Ursaluna
|-damage|p1a: Ursaluna|46/100 brn
|move|p1a: Ursaluna|Facade|p2a: Araquanid
|-damage|p2a: Araquanid|0 fnt
|faint|p2a: Araquanid
|
|-weather|RainDance|[upkeep]
|-damage|p1a: Ursaluna|40/100 brn|[from] brn
|upkeep
|turn|7
|
|t:|1750877889
|switch|p1b: Dialga|Dialga, L50|76/100
|move|p1a: Ursaluna|Protect|p1a: Ursaluna
|-singleturn|p1a: Ursaluna|Protect
|move|p2b: Zacian|Swords Dance|p2b: Zacian
|-boost|p2b: Zacian|atk|2
|
|-weather|none
|-damage|p1a: Ursaluna|35/100 brn|[from] brn
|upkeep
|turn|8
|
|t:|1750877902
|switch|p1a: Incineroar|Incineroar, L50, M|100/100
|-ability|p1a: Incineroar|Intimidate|boost
|-unboost|p2b: Zacian|atk|1
|move|p2b: Zacian|Behemoth Blade|p1a: Incineroar
|-resisted|p1a: Incineroar
|-damage|p1a: Incineroar|61/100
|move|p1b: Dialga|Trick Room|p1b: Dialga
|-fieldstart|move: Trick Room|[of] p1b: Dialga
|
|upkeep
|turn|9
|
|t:|1750877909
|move|p2b: Zacian|Protect|p2b: Zacian
|-singleturn|p2b: Zacian|Protect
|move|p1a: Incineroar|Parting Shot|p2b: Zacian
|-activate|p2b: Zacian|move: Protect
|move|p1b: Dialga|Flash Cannon|p2b: Zacian
|-activate|p2b: Zacian|move: Protect
|
|upkeep
|turn|10
|
|t:|1750877919
|move|p1a: Incineroar|Parting Shot|p2b: Zacian
|-unboost|p2b: Zacian|atk|1
|-unboost|p2b: Zacian|spa|1
|
|t:|1750877921
|switch|p1a: Ursaluna|Ursaluna, L50, F, tera:Ghost|35/100 brn|[from] Parting Shot
|move|p1b: Dialga|Flash Cannon|p2b: Zacian
|-damage|p2b: Zacian|67/100
|move|p2b: Zacian|Play Rough|p1a: Ursaluna
|-damage|p1a: Ursaluna|0 fnt
|faint|p1a: Ursaluna
|
|upkeep
|
|t:|1750877923
|switch|p1a: Incineroar|Incineroar, L50, M|61/100
|-ability|p1a: Incineroar|Intimidate|boost
|-unboost|p2b: Zacian|atk|1
|turn|11
|
|t:|1750877931
|move|p2b: Zacian|Protect|p2b: Zacian
|-singleturn|p2b: Zacian|Protect
|move|p1a: Incineroar|Flare Blitz|p2b: Zacian
|-activate|p2b: Zacian|move: Protect
|move|p1b: Dialga|Flash Cannon|p2b: Zacian
|-activate|p2b: Zacian|move: Protect
|
|upkeep
|turn|12
|c|☆ArtiboniteLadder|gg
|
|t:|1750877947
|move|p2b: Zacian|Protect||[still]
|-fail|p2b: Zacian
|move|p1a: Incineroar|Knock Off|p2b: Zacian
|-resisted|p2b: Zacian
|-damage|p2b: Zacian|55/100
|move|p1b: Dialga|Flash Cannon|p2b: Zacian
|-crit|p2b: Zacian
|-damage|p2b: Zacian|6/100
|
|-fieldend|move: Trick Room
|upkeep
|turn|13
|
|t:|1750877962
|move|p2b: Zacian|Play Rough|p1a: Incineroar
|-damage|p1a: Incineroar|30/100
|move|p1b: Dialga|Flash Cannon|p2b: Zacian
|-crit|p2b: Zacian
|-damage|p2b: Zacian|0 fnt
|faint|p2b: Zacian
|
|win|ArtiboniteLadder
|raw|ArtiboniteLadder's rating: 1414 &rarr; <strong>1440</strong><br />(+26 for winning)
|raw|SolVGC14's rating: 1513 &rarr; <strong>1487</strong><br />(-26 for losing)
|c|☆ArtiboniteLadder|easy
|l|☆ArtiboniteLadder
|player|p1|
|l|☆SolVGC14
|player|p2|
