|j|☆jupitervivi
|j|☆thetealgear
|t:|1750833267
|gametype|doubles
|player|p1|jupitervivi|ghetsis-gen5bw|1248
|player|p2|thetealgear|1|1251
|teamsize|p1|6
|teamsize|p2|6
|gen|9
|tier|[Gen 9] VGC 2025 Reg I
|rated|
|rule|Species Clause: Limit one of each Pokémon
|rule|Item Clause: Limit 1 of each item
|clearpoke
|poke|p1|Koraidon, L50|
|poke|p1|Scovillain, L50, F|
|poke|p1|Miraidon, L50|
|poke|p1|Whimsicott, L50, F|
|poke|p1|Ditto, L50|
|poke|p1|Incineroar, L50, F|
|poke|p2|Calyrex-Shadow, L50|
|poke|p2|Zamazenta-*, L50|
|poke|p2|Chien-Pao, L50|
|poke|p2|Raging Bolt, L50|
|poke|p2|Amoonguss, L50, F|
|poke|p2|Ting-Lu, L50|
|teampreview|4
|inactive|Battle timer is ON: inactive players will automatically lose when time's up. (requested by jupitervivi)
|
|t:|1750833325
|start
|switch|p1a: Meringue|Whimsicott, L50, F, shiny|100/100
|switch|p1b: Hydrogen Bomb|Miraidon, L50|100/100
|switch|p2a: Amoonguss|Amoonguss, L50, F|100/100
|switch|p2b: Calyrex|Calyrex-Shadow, L50|100/100
|-ability|p2b: Calyrex|As One
|-ability|p2b: Calyrex|Unnerve
|-fieldstart|move: Electric Terrain|[from] ability: Hadron Engine|[of] p1b: Hydrogen Bomb
|turn|1
|
|t:|1750833352
|switch|p2b: Ting-Lu|Ting-Lu, L50|100/100
|-ability|p2b: Ting-Lu|Vessel of Ruin
|-terastallize|p1b: Hydrogen Bomb|Electric
|move|p1a: Meringue|Tailwind|p1a: Meringue
|-sidestart|p1: jupitervivi|move: Tailwind
|move|p1b: Hydrogen Bomb|Discharge|p2b: Ting-Lu|[spread] p1a,p2a
|-immune|p2b: Ting-Lu
|-resisted|p1a: Meringue
|-resisted|p2a: Amoonguss
|-damage|p1a: Meringue|48/100
|-damage|p2a: Amoonguss|65/100
|move|p2a: Amoonguss|Pollen Puff|p1a: Meringue
|-damage|p1a: Meringue|31/100
|
|upkeep
|turn|2
|inactive|jupitervivi has 30 seconds left.
|inactive|thetealgear has 30 seconds left.
|
|t:|1750833382
|switch|p1b: Incendiary Grenade|Koraidon, L50|100/100
|-weather|SunnyDay|[from] ability: Orichalcum Pulse|[of] p1b: Incendiary Grenade
|-activate|p1b: Incendiary Grenade|Orichalcum Pulse|[source]
|move|p2a: Amoonguss|Protect|p2a: Amoonguss
|-singleturn|p2a: Amoonguss|Protect
|move|p1a: Meringue|Taunt|p2a: Amoonguss
|-activate|p2a: Amoonguss|move: Protect
|move|p2b: Ting-Lu|Snarl|p1a: Meringue|[spread] p1a,p1b
|-resisted|p1a: Meringue
|-resisted|p1b: Incendiary Grenade
|-damage|p1a: Meringue|26/100
|-damage|p1b: Incendiary Grenade|97/100
|-unboost|p1a: Meringue|spa|1
|
|-weather|SunnyDay|[upkeep]
|upkeep
|turn|3
|inactive|thetealgear has 30 seconds left.
|inactive|jupitervivi has 30 seconds left.
|inactive|thetealgear has 20 seconds left.
|inactive|thetealgear has 15 seconds left.
|
|t:|1750833427
|move|p2a: Amoonguss|Rage Powder|p2a: Amoonguss
|-singleturn|p2a: Amoonguss|move: Rage Powder
|move|p1a: Meringue|Encore|p2a: Amoonguss
|-start|p2a: Amoonguss|Encore
|move|p1b: Incendiary Grenade|Flame Charge|p2a: Amoonguss
|-supereffective|p2a: Amoonguss
|-damage|p2a: Amoonguss|6/100
|-boost|p1b: Incendiary Grenade|spe|1
|-damage|p1b: Incendiary Grenade|80/100|[from] item: Rocky Helmet|[of] p2a: Amoonguss
|move|p2b: Ting-Lu|Sand Tomb|p1b: Incendiary Grenade
|-damage|p1b: Incendiary Grenade|67/100
|-activate|p1b: Incendiary Grenade|move: Sand Tomb|[of] p2b: Ting-Lu
|
|-weather|SunnyDay|[upkeep]
|-damage|p1b: Incendiary Grenade|55/100|[from] move: Sand Tomb|[partiallytrapped]
|upkeep
|turn|4
|
|t:|1750833449
|move|p1b: Incendiary Grenade|Protect|p1b: Incendiary Grenade
|-singleturn|p1b: Incendiary Grenade|Protect
|move|p2a: Amoonguss|Rage Powder|p2a: Amoonguss
|-singleturn|p2a: Amoonguss|move: Rage Powder
|move|p1a: Meringue|Taunt|p2a: Amoonguss
|-start|p2a: Amoonguss|move: Taunt
|move|p2b: Ting-Lu|Ruination|p1b: Incendiary Grenade
|-activate|p1b: Incendiary Grenade|move: Protect
|
|-weather|SunnyDay|[upkeep]
|-damage|p1b: Incendiary Grenade|43/100|[from] move: Sand Tomb|[partiallytrapped]
|-sideend|p1: jupitervivi|move: Tailwind
|upkeep
|turn|5
|
|t:|1750833470
|switch|p2b: Calyrex|Calyrex-Shadow, L50|100/100
|-ability|p2b: Calyrex|As One
|-ability|p2b: Calyrex|Unnerve
|switch|p2a: Zamazenta|Zamazenta-Crowned, L50|100/100
|-ability|p2a: Zamazenta|Dauntless Shield|boost
|-boost|p2a: Zamazenta|def|1
|move|p1a: Meringue|Tailwind|p1a: Meringue
|-sidestart|p1: jupitervivi|move: Tailwind
|move|p1b: Incendiary Grenade|Collision Course|p2b: Calyrex
|-immune|p2b: Calyrex
|
|-weather|SunnyDay|[upkeep]
|-end|p1b: Incendiary Grenade|Sand Tomb|[partiallytrapped]|[silent]
|-fieldend|move: Electric Terrain
|upkeep
|turn|6
|inactive|jupitervivi has 30 seconds left.
|
|t:|1750833503
|move|p2a: Zamazenta|Protect|p2a: Zamazenta
|-singleturn|p2a: Zamazenta|Protect
|move|p1a: Meringue|Taunt|p2b: Calyrex
|-start|p2b: Calyrex|move: Taunt
|move|p1b: Incendiary Grenade|Flare Blitz|p2a: Zamazenta
|-activate|p2a: Zamazenta|move: Protect
|move|p2b: Calyrex|Astral Barrage|p1b: Incendiary Grenade|[spread] p1a,p1b
|-damage|p1a: Meringue|0 fnt
|-damage|p1b: Incendiary Grenade|0 fnt
|faint|p1a: Meringue
|faint|p1b: Incendiary Grenade
|-ability|p2b: Calyrex|Grim Neigh|boost
|-boost|p2b: Calyrex|spa|2
|
|-weather|none
|upkeep
|
|t:|1750833523
|switch|p1b: Goop|Ditto, L50, shiny|100/100
|switch|p1a: Hydrogen Bomb|Miraidon, L50, tera:Electric|100/100
|-fieldstart|move: Electric Terrain|[from] ability: Hadron Engine|[of] p1a: Hydrogen Bomb
|-transform|p1b: Goop|p2a: Zamazenta|[from] ability: Imposter
|-ability|p1b: Goop|Dauntless Shield|boost
|-boost|p1b: Goop|def|1
|turn|7
|
|t:|1750833546
|switch|p2a: Amoonguss|Amoonguss, L50, F|39/100
|move|p1a: Hydrogen Bomb|Electro Drift|p2b: Calyrex
|-enditem|p2b: Calyrex|Focus Sash
|-damage|p2b: Calyrex|1/100
|move|p1b: Goop|Body Press|p2a: Amoonguss
|-resisted|p2a: Amoonguss
|-damage|p2a: Amoonguss|1/100
|-damage|p1b: Goop|84/100|[from] item: Rocky Helmet|[of] p2a: Amoonguss
|move|p2b: Calyrex|Psychic|p1b: Goop
|-crit|p1b: Goop
|-damage|p1b: Goop|0 fnt
|faint|p1b: Goop
|-ability|p2b: Calyrex|Grim Neigh|boost
|-boost|p2b: Calyrex|spa|1
|
|upkeep
|turn|8
|
|t:|1750833566
|move|p2a: Amoonguss|Rage Powder|p2a: Amoonguss
|-singleturn|p2a: Amoonguss|move: Rage Powder
|move|p1a: Hydrogen Bomb|Electro Drift|p2a: Amoonguss
|-resisted|p2a: Amoonguss
|-damage|p2a: Amoonguss|0 fnt
|-damage|p1a: Hydrogen Bomb|84/100|[from] item: Rocky Helmet|[of] p2a: Amoonguss
|faint|p2a: Amoonguss
|move|p2b: Calyrex|Astral Barrage|p1a: Hydrogen Bomb
|-damage|p1a: Hydrogen Bomb|0 fnt
|faint|p1a: Hydrogen Bomb
|
|win|thetealgear
|raw|jupitervivi's rating: 1248 &rarr; <strong>1223</strong><br />(-25 for losing)
|raw|thetealgear's rating: 1251 &rarr; <strong>1276</strong><br />(+25 for winning)
|l|☆thetealgear
|player|p2|
|l|☆jupitervivi
|player|p1|
