|j|☆Aabraao
|j|☆Moosewii7
|t:|1750859475
|gametype|doubles
|player|p1|Aabraao|hilbert|1525
|player|p2|Moosewii7|2|1561
|teamsize|p1|6
|teamsize|p2|6
|gen|9
|tier|[Gen 9] VGC 2025 Reg I
|rated|
|rule|Species Clause: Limit one of each Pokémon
|rule|Item Clause: Limit 1 of each item
|clearpoke
|poke|p1|Lunala, L50|
|poke|p1|Calyrex-Ice, L50|
|poke|p1|Incineroar, L50, F|
|poke|p1|Kingambit, L50, M|
|poke|p1|Ogerpon-Cornerstone, L50, F|
|poke|p1|Torkoal, L50, F|
|poke|p2|Calyrex-Shadow, L50|
|poke|p2|Indeedee-F, L50, F|
|poke|p2|Kyogre, L50|
|poke|p2|Maushold-Four, L50|
|poke|p2|Regieleki, L50|
|poke|p2|Ursaluna-Bloodmoon, L50, M|
|teampreview|4
|inactive|Battle timer is ON: inactive players will automatically lose when time's up. (requested by Aabraao)
Moosewii7 rejected open team sheets.
|inactive|Aabraao has 60 seconds left.
|inactive|Aabraao has 30 seconds left.
|inactive|Aabraao has 20 seconds left.
|inactive|Aabraao has 15 seconds left.
|inactive|Aabraao has 10 seconds left.
|inactive|Aabraao has 5 seconds left.
|
|t:|1750859565
|start
|switch|p1a: Lunala|Lunala, L50|100/100
|switch|p1b: Calyrex|Calyrex-Ice, L50|100/100
|switch|p2a: Indeedee|Indeedee-F, L50, F|100/100
|switch|p2b: Calyrex|Calyrex-Shadow, L50|100/100
|-ability|p2b: Calyrex|As One
|-ability|p2b: Calyrex|Unnerve
|-ability|p1b: Calyrex|As One
|-ability|p1b: Calyrex|Unnerve
|-fieldstart|move: Psychic Terrain|[from] ability: Psychic Surge|[of] p2a: Indeedee
|turn|1
|
|t:|1750859588
|-terastallize|p1a: Lunala|Water
|move|p1b: Calyrex|Protect|p1b: Calyrex
|-singleturn|p1b: Calyrex|Protect
|move|p2b: Calyrex|Nasty Plot|p2b: Calyrex
|-boost|p2b: Calyrex|spa|2
|move|p1a: Lunala|Moongeist Beam|p2b: Calyrex
|-supereffective|p2b: Calyrex
|-enditem|p2b: Calyrex|Focus Sash
|-damage|p2b: Calyrex|1/100
|move|p2a: Indeedee|Trick Room|p2a: Indeedee
|-fieldstart|move: Trick Room|[of] p2a: Indeedee
|
|upkeep
|turn|2
|
|t:|1750859606
|move|p2b: Calyrex|Protect|p2b: Calyrex
|-singleturn|p2b: Calyrex|Protect
|move|p1b: Calyrex|Glacial Lance|p2b: Calyrex|[spread] p2a
|-activate|p2b: Calyrex|move: Protect
|-damage|p2a: Indeedee|37/100
|move|p1a: Lunala|Calm Mind|p1a: Lunala
|-boost|p1a: Lunala|spa|1
|-boost|p1a: Lunala|spd|1
|move|p2a: Indeedee|Trick Room|p2a: Indeedee
|-fieldend|move: Trick Room
|
|upkeep
|turn|3
|
|t:|1750859628
|switch|p1b: Incineroar|Incineroar, L50, F|100/100
|-ability|p1b: Incineroar|Intimidate|boost
|-unboost|p2a: Indeedee|atk|1
|-unboost|p2b: Calyrex|atk|1
|move|p2a: Indeedee|Helping Hand|p2b: Calyrex
|-singleturn|p2b: Calyrex|Helping Hand|[of] p2a: Indeedee
|move|p2b: Calyrex|Astral Barrage|p1a: Lunala|[spread] p1a,p1b
|-resisted|p1b: Incineroar
|-damage|p1a: Lunala|65/100
|-damage|p1b: Incineroar|18/100
|move|p1a: Lunala|Moonblast|p2b: Calyrex
|-damage|p2b: Calyrex|0 fnt
|faint|p2b: Calyrex
|
|-heal|p1a: Lunala|71/100|[from] item: Leftovers
|upkeep
|
|t:|1750859650
|switch|p2b: Ursaluna|Ursaluna-Bloodmoon, L50, M|100/100
|turn|4
|
|t:|1750859663
|move|p2a: Indeedee|Follow Me|p2a: Indeedee
|-singleturn|p2a: Indeedee|move: Follow Me
|move|p1a: Lunala|Calm Mind|p1a: Lunala
|-boost|p1a: Lunala|spa|1
|-boost|p1a: Lunala|spd|1
|move|p2b: Ursaluna|Blood Moon|p1a: Lunala
|-damage|p1a: Lunala|35/100
|-damage|p2b: Ursaluna|90/100|[from] item: Life Orb
|move|p1b: Incineroar|Knock Off|p2a: Indeedee
|-supereffective|p2a: Indeedee
|-damage|p2a: Indeedee|0 fnt
|-damage|p1b: Incineroar|1/100|[from] item: Rocky Helmet|[of] p2a: Indeedee
|-enditem|p2a: Indeedee|Rocky Helmet|[from] move: Knock Off|[of] p1b: Incineroar
|faint|p2a: Indeedee
|
|-heal|p1a: Lunala|42/100|[from] item: Leftovers
|upkeep
|
|t:|1750859681
|switch|p2a: Kyogre|Kyogre, L50|100/100
|-weather|RainDance|[from] ability: Drizzle|[of] p2a: Kyogre
|turn|5
|
|t:|1750859693
|-terastallize|p2a: Kyogre|Water
|move|p2a: Kyogre|Water Spout|p1a: Lunala|[spread] p1a,p1b
|-resisted|p1a: Lunala
|-supereffective|p1b: Incineroar
|-damage|p1a: Lunala|18/100
|-damage|p1b: Incineroar|0 fnt
|faint|p1b: Incineroar
|move|p2b: Ursaluna|Hyper Voice|p1a: Lunala
|-damage|p1a: Lunala|0 fnt
|faint|p1a: Lunala
|-damage|p2b: Ursaluna|80/100|[from] item: Life Orb
|
|-weather|RainDance|[upkeep]
|-fieldend|move: Psychic Terrain
|upkeep
|
|t:|1750859695
|switch|p1a: Calyrex|Calyrex-Ice, L50|100/100
|switch|p1b: Kingambit|Kingambit, L50, M|100/100
|-ability|p1a: Calyrex|As One
|-ability|p1a: Calyrex|Unnerve
|turn|6
|
|t:|1750859719
|move|p1b: Kingambit|Sucker Punch|p2a: Kyogre
|-damage|p2a: Kyogre|60/100
|move|p2a: Kyogre|Water Spout|p1a: Calyrex|[spread] p1a,p1b
|-damage|p1a: Calyrex|42/100
|-damage|p1b: Kingambit|41/100
|move|p2b: Ursaluna|Earth Power|p1b: Kingambit
|-supereffective|p1b: Kingambit
|-damage|p1b: Kingambit|0 fnt
|faint|p1b: Kingambit
|-damage|p2b: Ursaluna|70/100|[from] item: Life Orb
|move|p1a: Calyrex|Trick Room|p1a: Calyrex
|-fieldstart|move: Trick Room|[of] p1a: Calyrex
|
|-weather|RainDance|[upkeep]
|upkeep
|turn|7
|
|t:|1750859738
|move|p2b: Ursaluna|Protect|p2b: Ursaluna
|-singleturn|p2b: Ursaluna|Protect
|move|p1a: Calyrex|Glacial Lance|p2b: Ursaluna|[spread] p2a
|-activate|p2b: Ursaluna|move: Protect
|-resisted|p2a: Kyogre
|-damage|p2a: Kyogre|33/100
|move|p2a: Kyogre|Hydro Pump|p1a: Calyrex|[miss]
|-miss|p2a: Kyogre|p1a: Calyrex
|
|-weather|RainDance|[upkeep]
|upkeep
|turn|8
|
|t:|1750859756
|move|p2b: Ursaluna|Protect|p2b: Ursaluna
|-singleturn|p2b: Ursaluna|Protect
|move|p1a: Calyrex|Glacial Lance|p2b: Ursaluna|[spread] p2a
|-activate|p2b: Ursaluna|move: Protect
|-resisted|p2a: Kyogre
|-damage|p2a: Kyogre|6/100
|move|p2a: Kyogre|Hydro Pump|p1a: Calyrex
|-damage|p1a: Calyrex|0 fnt
|faint|p1a: Calyrex
|
|win|Moosewii7
|raw|Aabraao's rating: 1525 &rarr; <strong>1507</strong><br />(-18 for losing)
|raw|Moosewii7's rating: 1561 &rarr; <strong>1579</strong><br />(+18 for winning)
|l|☆Aabraao
|player|p1|
|l|☆Moosewii7
|player|p2|
