|j|☆WeWantBreathOfFire
|j|☆eleffele
|t:|1750850104
|gametype|doubles
|player|p1|WeWantBreathOfFire|pryce|1667
|player|p2|eleffele|102|1718
|teamsize|p1|6
|teamsize|p2|6
|gen|9
|tier|[Gen 9] VGC 2025 Reg I
|rated|
|rule|Species Clause: Limit one of each Pokémon
|rule|Item Clause: Limit 1 of each item
|clearpoke
|poke|p1|Rillaboom, L50, M|
|poke|p1|Urshifu-*, L50, M|
|poke|p1|Eternatus, L50|
|poke|p1|Kyogre, L50|
|poke|p1|Incineroar, L50, M|
|poke|p1|Wo-Chien, L50|
|poke|p2|Incineroar, L50, M|
|poke|p2|Lunala, L50|
|poke|p2|Zamazenta-*, L50|
|poke|p2|Amoonguss, L50, F|
|poke|p2|Indeedee-F, L50, F|
|poke|p2|Tornadus, L50, M|
|teampreview|4
|inactive|Battle timer is ON: inactive players will automatically lose when time's up. (requested by eleffele)
|inactive|eleffele has 60 seconds left.
|inactive|eleffele has 30 seconds left.
|
|t:|1750850169
|start
|switch|p1a: Eternatus|Eternatus, L50|100/100
|switch|p1b: Kyogre|Kyogre, L50|100/100
|switch|p2a: Tornadus|Tornadus, L50, M|100/100
|switch|p2b: Lunala|Lunala, L50|100/100
|-weather|RainDance|[from] ability: Drizzle|[of] p1b: Kyogre
|-ability|p1a: Eternatus|Pressure
|turn|1
|inactive|WeWantBreathOfFire has 30 seconds left.
|
|t:|1750850197
|-terastallize|p1a: Eternatus|Fairy
|move|p2a: Tornadus|Sunny Day|p2a: Tornadus
|-weather|SunnyDay
|move|p1b: Kyogre|Water Spout|p2b: Lunala|[spread] p2a,p2b
|-damage|p2a: Tornadus|67/100
|-damage|p2b: Lunala|90/100
|move|p1a: Eternatus|Cosmic Power|p1a: Eternatus
|-boost|p1a: Eternatus|def|1
|-boost|p1a: Eternatus|spd|1
|move|p2b: Lunala|Meteor Beam||[still]
|-prepare|p2b: Lunala|Meteor Beam
|-boost|p2b: Lunala|spa|1
|-enditem|p2b: Lunala|Power Herb
|-anim|p2b: Lunala|Meteor Beam|p1b: Kyogre|[miss]
|-miss|p2b: Lunala|p1b: Kyogre
|
|-weather|SunnyDay|[upkeep]
|upkeep
|turn|2
|inactive|eleffele has 30 seconds left.
|
|t:|1750850229
|switch|p1b: Urshifu|Urshifu, L50, M|100/100
|move|p2a: Tornadus|Tailwind|p2a: Tornadus
|-sidestart|p2: eleffele|move: Tailwind
|move|p2b: Lunala|Moongeist Beam|p1a: Eternatus
|-damage|p1a: Eternatus|58/100
|move|p1a: Eternatus|Substitute|p1a: Eternatus
|-start|p1a: Eternatus|Substitute
|-damage|p1a: Eternatus|33/100
|
|-weather|SunnyDay|[upkeep]
|-heal|p1a: Eternatus|39/100|[from] item: Leftovers
|upkeep
|turn|3
|inactive|eleffele has 30 seconds left.
|inactive|WeWantBreathOfFire has 30 seconds left.
|inactive|eleffele has 20 seconds left.
|
|t:|1750850268
|-terastallize|p2b: Lunala|Fairy
|move|p1b: Urshifu|Protect|p1b: Urshifu
|-singleturn|p1b: Urshifu|Protect
|move|p2a: Tornadus|Bleakwind Storm|p1b: Urshifu|[spread] p1a
|-activate|p1b: Urshifu|move: Protect
|-activate|p1a: Eternatus|move: Substitute|[damage]
|move|p2b: Lunala|Moongeist Beam|p1a: Eternatus
|-end|p1a: Eternatus|Substitute
|move|p1a: Eternatus|Recover|p1a: Eternatus
|-heal|p1a: Eternatus|89/100
|
|-weather|SunnyDay|[upkeep]
|-heal|p1a: Eternatus|95/100|[from] item: Leftovers
|upkeep
|turn|4
|inactive|eleffele has 30 seconds left.
|
|t:|1750850295
|switch|p2a: Indeedee|Indeedee-F, L50, F|100/100
|-fieldstart|move: Psychic Terrain|[from] ability: Psychic Surge|[of] p2a: Indeedee
|move|p1b: Urshifu|Sucker Punch||[still]
|-fail|p1b: Urshifu
|move|p2b: Lunala|Expanding Force|p1a: Eternatus|[spread] p1a
|-immune|p1b: Urshifu
|-damage|p1a: Eternatus|40/100
|move|p1a: Eternatus|Sludge Bomb|p2b: Lunala
|-supereffective|p2b: Lunala
|-damage|p2b: Lunala|35/100
|-status|p2b: Lunala|psn
|
|-weather|SunnyDay|[upkeep]
|-heal|p1a: Eternatus|46/100|[from] item: Leftovers
|-damage|p2b: Lunala|22/100 psn|[from] psn
|upkeep
|turn|5
|
|t:|1750850316
|move|p2a: Indeedee|Helping Hand|p2b: Lunala
|-singleturn|p2b: Lunala|Helping Hand|[of] p2a: Indeedee
|move|p2b: Lunala|Moongeist Beam|p1a: Eternatus
|-damage|p1a: Eternatus|0 fnt
|faint|p1a: Eternatus
|move|p1b: Urshifu|Wicked Blow|p2a: Indeedee
|-supereffective|p2a: Indeedee
|-crit|p2a: Indeedee
|-enditem|p2a: Indeedee|Focus Sash
|-damage|p2a: Indeedee|1/100
|
|-weather|none
|-damage|p2b: Lunala|10/100 psn|[from] psn
|-sideend|p2: eleffele|move: Tailwind
|upkeep
|
|t:|1750850326
|switch|p1a: Rillaboom|Rillaboom, L50, M|100/100
|-fieldstart|move: Grassy Terrain|[from] ability: Grassy Surge|[of] p1a: Rillaboom
|turn|6
|
|t:|1750850351
|move|p1a: Rillaboom|Fake Out|p2b: Lunala
|-damage|p2b: Lunala|1/100 psn
|move|p2a: Indeedee|Follow Me|p2a: Indeedee
|-singleturn|p2a: Indeedee|move: Follow Me
|move|p1b: Urshifu|Wicked Blow|p2a: Indeedee
|-supereffective|p2a: Indeedee
|-crit|p2a: Indeedee
|-damage|p2a: Indeedee|0 fnt
|faint|p2a: Indeedee
|cant|p2b: Lunala|flinch
|
|-heal|p2b: Lunala|7/100 psn|[from] Grassy Terrain
|-damage|p2b: Lunala|0 fnt|[from] psn
|faint|p2b: Lunala
|upkeep
|
|t:|1750850358
|switch|p2b: Tornadus|Tornadus, L50, M|67/100
|switch|p2a: Zamazenta|Zamazenta-Crowned, L50|100/100
|-ability|p2a: Zamazenta|Dauntless Shield|boost
|-boost|p2a: Zamazenta|def|1
|turn|7
|
|t:|1750850376
|move|p1b: Urshifu|Protect|p1b: Urshifu
|-singleturn|p1b: Urshifu|Protect
|move|p2b: Tornadus|Tailwind|p2b: Tornadus
|-sidestart|p2: eleffele|move: Tailwind
|move|p2a: Zamazenta|Iron Defense|p2a: Zamazenta
|-boost|p2a: Zamazenta|def|2
|move|p1a: Rillaboom|U-turn|p2b: Tornadus
|-resisted|p2b: Tornadus
|-damage|p2b: Tornadus|57/100
|
|t:|1750850378
|switch|p1a: Kyogre|Kyogre, L50|100/100|[from] U-turn
|-weather|RainDance|[from] ability: Drizzle|[of] p1a: Kyogre
|
|-weather|RainDance|[upkeep]
|upkeep
|turn|8
|
|t:|1750850393
|move|p2a: Zamazenta|Body Press|p1a: Kyogre
|-damage|p1a: Kyogre|0 fnt
|faint|p1a: Kyogre
|move|p2b: Tornadus|Bleakwind Storm|p1b: Urshifu
|-supereffective|p1b: Urshifu
|-enditem|p1b: Urshifu|Focus Sash
|-damage|p1b: Urshifu|1/100
|move|p1b: Urshifu|Wicked Blow|p2b: Tornadus
|-crit|p2b: Tornadus
|-damage|p2b: Tornadus|0 fnt
|faint|p2b: Tornadus
|
|-weather|RainDance|[upkeep]
|-heal|p1b: Urshifu|7/100|[from] Grassy Terrain
|upkeep
|
|t:|1750850395
|switch|p1a: Rillaboom|Rillaboom, L50, M|100/100
|turn|9
|
|t:|1750850411
|move|p1a: Rillaboom|Fake Out|p2a: Zamazenta
|-resisted|p2a: Zamazenta
|-damage|p2a: Zamazenta|99/100
|cant|p2a: Zamazenta|flinch
|move|p1b: Urshifu|Close Combat|p2a: Zamazenta
|-supereffective|p2a: Zamazenta
|-damage|p2a: Zamazenta|66/100
|-unboost|p1b: Urshifu|def|1
|-unboost|p1b: Urshifu|spd|1
|
|-weather|RainDance|[upkeep]
|-heal|p2a: Zamazenta|72/100|[from] Grassy Terrain
|-heal|p1b: Urshifu|12/100|[from] Grassy Terrain
|upkeep
|turn|10
|
|t:|1750850420
|move|p2a: Zamazenta|Body Press|p1b: Urshifu
|-supereffective|p1b: Urshifu
|-damage|p1b: Urshifu|0 fnt
|faint|p1b: Urshifu
|move|p1a: Rillaboom|High Horsepower|p2a: Zamazenta
|-supereffective|p2a: Zamazenta
|-damage|p2a: Zamazenta|60/100
|
|-weather|RainDance|[upkeep]
|-heal|p2a: Zamazenta|65/100|[from] Grassy Terrain
|-sideend|p2: eleffele|move: Tailwind
|-fieldend|move: Grassy Terrain
|upkeep
|turn|11
|
|t:|1750850431
|move|p2a: Zamazenta|Body Press|p1a: Rillaboom
|-damage|p1a: Rillaboom|0 fnt
|faint|p1a: Rillaboom
|
|win|eleffele
|raw|WeWantBreathOfFire's rating: 1667 &rarr; <strong>1650</strong><br />(-17 for losing)
|raw|eleffele's rating: 1718 &rarr; <strong>1735</strong><br />(+17 for winning)
|l|☆WeWantBreathOfFire
|player|p1|
|l| eleffele
