|j|☆apa plays poke
|j|☆br1jxp
|t:|1750824969
|gametype|doubles
|player|p1|apa plays poke|norman|1479
|player|p2|br1jxp|266|1465
|teamsize|p1|6
|teamsize|p2|6
|gen|9
|tier|[Gen 9] VGC 2025 Reg I
|rated|
|rule|Species Clause: Limit one of each Pokémon
|rule|Item Clause: Limit 1 of each item
|clearpoke
|poke|p1|Calyrex-Shadow, L50|
|poke|p1|Rillaboom, L50, M|
|poke|p1|Kyogre, L50|
|poke|p1|Farigiraf, L50, F|
|poke|p1|Whimsicott, L50, F|
|poke|p1|Golduck, L50, M|
|poke|p2|Kyogre, L50|
|poke|p2|Whimsicott, L50, M|
|poke|p2|Kyurem-Black, L50|
|poke|p2|Tinkaton, L50, F|
|poke|p2|Urshifu-*, L50, M|
|poke|p2|Landorus, L50, M|
|teampreview|4
|j| Marve13pt2
|inactive|Battle timer is ON: inactive players will automatically lose when time's up. (requested by br1jxp)
|inactive|apa plays poke has 60 seconds left.
|inactive|apa plays poke has 30 seconds left.
|j| johnkharkiv
|inactive|apa plays poke has 20 seconds left.
|inactive|apa plays poke has 15 seconds left.
|
|t:|1750825162
|start
|switch|p1a: Rillaboom|Rillaboom, L50, M|100/100
|switch|p1b: Kyogre|Kyogre, L50|100/100
|switch|p2a: Kyurem|Kyurem-Black, L50|100/100
|switch|p2b: Whimsicott|Whimsicott, L50, M|100/100
|-weather|RainDance|[from] ability: Drizzle|[of] p1b: Kyogre
|-ability|p2a: Kyurem|Teravolt
|-fieldstart|move: Grassy Terrain|[from] ability: Grassy Surge|[of] p1a: Rillaboom
|turn|1
|inactive|br1jxp has 30 seconds left.
|
|t:|1750825189
|move|p2a: Kyurem|Protect|p2a: Kyurem
|-singleturn|p2a: Kyurem|Protect
|move|p1a: Rillaboom|Fake Out|p2a: Kyurem
|-activate|p2a: Kyurem|move: Protect
|move|p2b: Whimsicott|Light Screen|p2b: Whimsicott
|-sidestart|p2: br1jxp|move: Light Screen
|move|p1b: Kyogre|Ice Beam|p2b: Whimsicott
|-supereffective|p2b: Whimsicott
|-damage|p2b: Whimsicott|27/100
|-damage|p1b: Kyogre|91/100|[from] item: Life Orb
|
|-weather|RainDance|[upkeep]
|-heal|p2b: Whimsicott|33/100|[from] Grassy Terrain
|-heal|p1b: Kyogre|96/100|[from] Grassy Terrain
|upkeep
|turn|2
|inactive|br1jxp has 30 seconds left.
|
|t:|1750825215
|switch|p1a: Golduck|Golduck, L50, M|100/100
|move|p2b: Whimsicott|Tailwind|p2b: Whimsicott
|-sidestart|p2: br1jxp|move: Tailwind
|move|p2a: Kyurem|Icicle Spear|p1a: Golduck
|-resisted|p1a: Golduck
|-damage|p1a: Golduck|91/100
|-resisted|p1a: Golduck
|-damage|p1a: Golduck|81/100
|-resisted|p1a: Golduck
|-damage|p1a: Golduck|72/100
|-resisted|p1a: Golduck
|-damage|p1a: Golduck|62/100
|-resisted|p1a: Golduck
|-damage|p1a: Golduck|52/100
|-hitcount|p1a: Golduck|5
|move|p1b: Kyogre|Ice Beam|p2b: Whimsicott
|-supereffective|p2b: Whimsicott
|-damage|p2b: Whimsicott|0 fnt
|faint|p2b: Whimsicott
|-damage|p1b: Kyogre|87/100|[from] item: Life Orb
|
|-weather|RainDance|[upkeep]
|-heal|p1a: Golduck|58/100|[from] Grassy Terrain
|-heal|p1a: Golduck|64/100|[from] item: Leftovers
|-heal|p1b: Kyogre|92/100|[from] Grassy Terrain
|upkeep
|
|t:|1750825225
|switch|p2b: Tinkaton|Tinkaton, L50, F|100/100
|-ability|p2b: Tinkaton|Mold Breaker
|turn|3
|
|t:|1750825245
|switch|p1b: Rillaboom|Rillaboom, L50, M|100/100
|move|p2b: Tinkaton|Fake Out|p1b: Rillaboom
|-damage|p1b: Rillaboom|92/100
|move|p1a: Golduck|Disable|p2a: Kyurem
|-start|p2a: Kyurem|Disable|Icicle Spear
|move|p2a: Kyurem|Scale Shot|p1a: Golduck
|-damage|p1a: Golduck|46/100
|-damage|p1a: Golduck|25/100
|-damage|p1a: Golduck|6/100
|-damage|p1a: Golduck|0 fnt
|faint|p1a: Golduck
|-hitcount|p1: Golduck|4
|-unboost|p2a: Kyurem|def|1
|-boost|p2a: Kyurem|spe|1
|
|-weather|RainDance|[upkeep]
|-heal|p1b: Rillaboom|98/100|[from] Grassy Terrain
|upkeep
|l|☆apa plays poke
|inactive|apa plays poke disconnected and has a minute to reconnect!
|player|p1|
|inactive|apa plays poke has 30 seconds left.
|j|☆apa plays poke
|inactive|apa plays poke reconnected and has 25 seconds left.
|player|p1|apa plays poke|norman|
|
|t:|1750825280
|switch|p1a: Kyogre|Kyogre, L50|92/100
|turn|4
|j| seaweeder
|inactive|apa plays poke has 30 seconds left.
|
|t:|1750825306
|move|p2a: Kyurem|Protect|p2a: Kyurem
|-singleturn|p2a: Kyurem|Protect
|move|p2b: Tinkaton|Gigaton Hammer|p1a: Kyogre
|-resisted|p1a: Kyogre
|-damage|p1a: Kyogre|66/100
|move|p1a: Kyogre|Origin Pulse|p2a: Kyurem|[spread] p2b
|-activate|p2a: Kyurem|move: Protect
|-damage|p2b: Tinkaton|65/100
|-damage|p1a: Kyogre|56/100|[from] item: Life Orb
|move|p1b: Rillaboom|Brick Break|p2a: Kyurem
|-activate|p2a: Kyurem|move: Protect
|
|-weather|RainDance|[upkeep]
|-heal|p2b: Tinkaton|71/100|[from] Grassy Terrain
|-heal|p1a: Kyogre|62/100|[from] Grassy Terrain
|-heal|p1b: Rillaboom|100/100|[from] Grassy Terrain
|upkeep
|turn|5
|
|t:|1750825320
|-terastallize|p2a: Kyurem|Electric
|move|p2b: Tinkaton|Feint|p1a: Kyogre
|-damage|p1a: Kyogre|54/100
|move|p2a: Kyurem|Fusion Bolt|p1a: Kyogre
|-supereffective|p1a: Kyogre
|-damage|p1a: Kyogre|0 fnt
|faint|p1a: Kyogre
|move|p1b: Rillaboom|Brick Break|p2a: Kyurem
|-sideend|p2: br1jxp|move: Light Screen
|-damage|p2a: Kyurem|67/100
|
|-weather|none
|-heal|p2a: Kyurem|74/100|[from] Grassy Terrain
|-heal|p2b: Tinkaton|78/100|[from] Grassy Terrain
|-sideend|p2: br1jxp|move: Tailwind
|-fieldend|move: Grassy Terrain
|upkeep
|inactive|apa plays poke has 30 seconds left.
|
|t:|1750825347
|switch|p1a: Calyrex|Calyrex-Shadow, L50|100/100
|-ability|p1a: Calyrex|As One
|-ability|p1a: Calyrex|Unnerve
|turn|6
|l| seaweeder
|
|t:|1750825368
|move|p2a: Kyurem|Protect|p2a: Kyurem
|-singleturn|p2a: Kyurem|Protect
|move|p1a: Calyrex|Astral Barrage|p2b: Tinkaton|[spread] p2b
|-activate|p2a: Kyurem|move: Protect
|-damage|p2b: Tinkaton|46/100
|move|p2b: Tinkaton|Play Rough|p1a: Calyrex
|-damage|p1a: Calyrex|69/100
|move|p1b: Rillaboom|Grassy Glide|p2a: Kyurem
|-activate|p2a: Kyurem|move: Protect
|
|-end|p2a: Kyurem|Disable
|upkeep
|turn|7
|
|t:|1750825382
|move|p1a: Calyrex|Astral Barrage|p2a: Kyurem|[spread] p2a,p2b
|-crit|p2a: Kyurem
|-damage|p2a: Kyurem|0 fnt
|-damage|p2b: Tinkaton|10/100
|faint|p2a: Kyurem
|-ability|p1a: Calyrex|Grim Neigh|boost
|-boost|p1a: Calyrex|spa|1
|move|p2b: Tinkaton|Gigaton Hammer|p1a: Calyrex
|-damage|p1a: Calyrex|10/100
|move|p1b: Rillaboom|Grassy Glide|p2b: Tinkaton
|-resisted|p2b: Tinkaton
|-damage|p2b: Tinkaton|0 fnt
|faint|p2b: Tinkaton
|
|upkeep
|
|t:|1750825387
|switch|p2b: Kyogre|Kyogre, L50|100/100
|-weather|RainDance|[from] ability: Drizzle|[of] p2b: Kyogre
|turn|8
|
|t:|1750825402
|-terastallize|p1b: Rillaboom|Grass
|move|p1a: Calyrex|Astral Barrage|p2b: Kyogre
|-damage|p2b: Kyogre|31/100
|move|p2b: Kyogre|Origin Pulse|p1a: Calyrex|[spread] p1a
|-miss|p2b: Kyogre|p1b: Rillaboom
|-damage|p1a: Calyrex|0 fnt
|faint|p1a: Calyrex
|move|p1b: Rillaboom|Grassy Glide|p2b: Kyogre
|-supereffective|p2b: Kyogre
|-damage|p2b: Kyogre|0 fnt
|faint|p2b: Kyogre
|
|win|apa plays poke
|raw|apa plays poke's rating: 1479 &rarr; <strong>1498</strong><br />(+19 for winning)
|raw|br1jxp's rating: 1465 &rarr; <strong>1446</strong><br />(-19 for losing)
|l|☆apa plays poke
|player|p1|
|l|☆br1jxp
|player|p2|
|l| Marve13pt2
|l| johnkharkiv
