|j|☆Honored1
|j|☆Auragami
|t:|1750882186
|gametype|doubles
|player|p1|Honored1|silver|
|player|p2|Auragami|burglar|
|teamsize|p1|6
|teamsize|p2|6
|gen|9
|tier|[Gen 9] VGC 2025 Reg I
|rule|Species Clause: Limit one of each Pokémon
|rule|Item Clause: Limit 1 of each item
|clearpoke
|poke|p1|Calyrex-Ice, L50|
|poke|p1|Miraidon, L50|
|poke|p1|Grimmsnarl, L50, M|
|poke|p1|Urshifu-*, L50, M|
|poke|p1|Infernape, L50, F|
|poke|p1|Landorus, L50, M|
|poke|p2|Slowking, L50, M|
|poke|p2|Weezing-Galar, L50, M|
|poke|p2|Baxcalibur, L50, F|
|poke|p2|Kyogre, L50|
|poke|p2|Indeedee-F, L50, F|
|poke|p2|Smeargle, L50, M|
|teampreview|4
|
|t:|1750882227
|start
|switch|p1a: Grimmsnarl|Grimmsnarl, L50, M|100/100
|switch|p1b: Calyrex|Calyrex-Ice, L50|100/100
|switch|p2a: LOL GG?|Smeargle, L50, M, shiny|100/100
|switch|p2b: RRR DEM|Baxcalibur, L50, F|100/100
|-ability|p1b: Calyrex|As One
|-ability|p1b: Calyrex|Unnerve
|turn|1
|
|t:|1750882259
|-terastallize|p1a: Grimmsnarl|Ghost
|move|p2a: LOL GG?|Fake Out|p1b: Calyrex
|-damage|p1b: Calyrex|97/100
|move|p1a: Grimmsnarl|Light Screen|p1a: Grimmsnarl
|-sidestart|p1: Honored1|move: Light Screen
|move|p2b: RRR DEM|Swords Dance|p2b: RRR DEM
|-boost|p2b: RRR DEM|atk|2
|cant|p1b: Calyrex|flinch
|
|-heal|p1b: Calyrex|100/100|[from] item: Leftovers
|-ability|p2a: LOL GG?|Moody|boost
|-boost|p2a: LOL GG?|def|2
|-unboost|p2a: LOL GG?|atk|1
|upkeep
|turn|2
|
|t:|1750882306
|move|p1b: Calyrex|Protect|p1b: Calyrex
|-singleturn|p1b: Calyrex|Protect
|move|p1a: Grimmsnarl|Thunder Wave|p2b: RRR DEM
|-status|p2b: RRR DEM|par
|move|p2a: LOL GG?|Spore|p1b: Calyrex
|-activate|p1b: Calyrex|move: Protect
|move|p2b: RRR DEM|Icicle Spear|p1a: Grimmsnarl
|-damage|p1a: Grimmsnarl|69/100
|-damage|p1a: Grimmsnarl|42/100
|-damage|p1a: Grimmsnarl|14/100
|-damage|p1a: Grimmsnarl|0 fnt
|faint|p1a: Grimmsnarl
|-hitcount|p1: Grimmsnarl|4
|
|-ability|p2a: LOL GG?|Moody|boost
|-boost|p2a: LOL GG?|atk|2
|-unboost|p2a: LOL GG?|def|1
|upkeep
|
|t:|1750882324
|switch|p1a: Infernape|Infernape, L50, F|100/100
|turn|3
|l|☆Auragami
|player|p2|
|j|☆Auragami
|player|p2|Auragami|burglar|
|
|t:|1750882350
|move|p2a: LOL GG?|Follow Me|p2a: LOL GG?
|-singleturn|p2a: LOL GG?|move: Follow Me
|move|p1a: Infernape|Nasty Plot|p1a: Infernape
|-boost|p1a: Infernape|spa|2
|move|p2b: RRR DEM|Scale Shot|p1a: Infernape
|-damage|p1a: Infernape|60/100
|-damage|p1a: Infernape|14/100
|-damage|p1a: Infernape|0 fnt
|faint|p1a: Infernape
|-hitcount|p1: Infernape|3
|-unboost|p2b: RRR DEM|def|1
|-boost|p2b: RRR DEM|spe|1
|move|p1b: Calyrex|Glacial Lance|p2b: RRR DEM|[spread] p2a,p2b
|-crit|p2a: LOL GG?
|-enditem|p2a: LOL GG?|Focus Sash
|-damage|p2a: LOL GG?|1/100
|-damage|p2b: RRR DEM|24/100 par
|
|-ability|p2a: LOL GG?|Moody|boost
|-boost|p2a: LOL GG?|spe|2
|-unboost|p2a: LOL GG?|spa|1
|upkeep
|
|t:|1750882369
|switch|p1a: Miraidon|Miraidon, L50|100/100
|-fieldstart|move: Electric Terrain|[from] ability: Hadron Engine|[of] p1a: Miraidon
|turn|4
|
|t:|1750882388
|move|p2a: LOL GG?|Follow Me|p2a: LOL GG?
|-singleturn|p2a: LOL GG?|move: Follow Me
|move|p1a: Miraidon|Electro Drift|p2a: LOL GG?
|-damage|p2a: LOL GG?|0 fnt
|faint|p2a: LOL GG?
|move|p2b: RRR DEM|Scale Shot|p1a: Miraidon|[miss]
|-miss|p2b: RRR DEM|p1a: Miraidon
|move|p1b: Calyrex|Glacial Lance|p2b: RRR DEM
|-damage|p2b: RRR DEM|0 fnt
|faint|p2b: RRR DEM
|-ability|p1b: Calyrex|Chilling Neigh|boost
|-boost|p1b: Calyrex|atk|1
|
|upkeep
|
|t:|1750882403
|switch|p2b: THIS IS MY LINT|Weezing-Galar, L50, M|100/100
|switch|p2a: CIG WHALE|Kyogre, L50|100/100
|-ability|p2b: THIS IS MY LINT|Neutralizing Gas
|turn|5
|
|t:|1750882436
|move|p2a: CIG WHALE|Origin Pulse|p1a: Miraidon|[spread] p1b
|-miss|p2a: CIG WHALE|p1a: Miraidon
|-damage|p1b: Calyrex|83/100
|move|p1a: Miraidon|Electro Drift|p2a: CIG WHALE
|-supereffective|p2a: CIG WHALE
|-damage|p2a: CIG WHALE|0 fnt
|faint|p2a: CIG WHALE
|move|p2b: THIS IS MY LINT|Gunk Shot|p1a: Miraidon
|-damage|p1a: Miraidon|58/100
|move|p1b: Calyrex|Glacial Lance|p2b: THIS IS MY LINT
|-damage|p2b: THIS IS MY LINT|0 fnt
|faint|p2b: THIS IS MY LINT
|-end|p2b: THIS IS MY LINT|ability: Neutralizing Gas
|-activate|p1a: Miraidon|ability: Hadron Engine
|
|win|Honored1
