|j|☆BenAnimates
|j|☆forestiero123
|t:|1750773129
|gametype|doubles
|player|p1|BenAnimates|cameraman|1096
|player|p2|forestiero123|102|1181
|teamsize|p1|6
|teamsize|p2|6
|gen|9
|tier|[Gen 9] VGC 2025 Reg I
|rated|
|rule|Species Clause: Limit one of each Pokémon
|rule|Item Clause: Limit 1 of each item
|clearpoke
|poke|p1|Koraidon, L50|
|poke|p1|Miraidon, L50|
|poke|p1|Raging Bolt, L50|
|poke|p1|Incineroar, L50, M|
|poke|p1|Sinistcha, L50|
|poke|p1|Cloyster, L50, M|
|poke|p2|Koraidon, L50|
|poke|p2|Calyrex-Shadow, L50|
|poke|p2|Incineroar, L50, M|
|poke|p2|Flutter Mane, L50|
|poke|p2|Rillaboom, L50, M|
|poke|p2|Whimsicott, L50, M|
|teampreview|4
|inactive|Battle timer is ON: inactive players will automatically lose when time's up. (requested by BenAnimates)
|inactive|forestiero123 has 60 seconds left.
|
|t:|1750773165
|start
|switch|p1a: Cloyster|Cloyster, L50, M, shiny|100/100
|switch|p1b: Miraidon|Miraidon, L50|100/100
|switch|p2a: Incineroar|Incineroar, L50, M|100/100
|switch|p2b: Koraidon|Koraidon, L50|100/100
|-fieldstart|move: Electric Terrain|[from] ability: Hadron Engine|[of] p1b: Miraidon
|-weather|SunnyDay|[from] ability: Orichalcum Pulse|[of] p2b: Koraidon
|-activate|p2b: Koraidon|Orichalcum Pulse|[source]
|-ability|p2a: Incineroar|Intimidate|boost
|-unboost|p1a: Cloyster|atk|1
|-unboost|p1b: Miraidon|atk|1
|turn|1
|
|t:|1750773189
|switch|p2b: Rillaboom|Rillaboom, L50, M|100/100
|-fieldstart|move: Grassy Terrain|[from] ability: Grassy Surge|[of] p2b: Rillaboom
|move|p2a: Incineroar|Fake Out|p1b: Miraidon
|-damage|p1b: Miraidon|89/100
|cant|p1b: Miraidon|flinch
|move|p1a: Cloyster|Icicle Spear|p2b: Rillaboom
|-supereffective|p2b: Rillaboom
|-damage|p2b: Rillaboom|86/100
|-supereffective|p2b: Rillaboom
|-damage|p2b: Rillaboom|72/100
|-supereffective|p2b: Rillaboom
|-damage|p2b: Rillaboom|59/100
|-supereffective|p2b: Rillaboom
|-damage|p2b: Rillaboom|44/100
|-supereffective|p2b: Rillaboom
|-damage|p2b: Rillaboom|32/100
|-hitcount|p2b: Rillaboom|5
|
|-weather|SunnyDay|[upkeep]
|-heal|p1b: Miraidon|95/100|[from] Grassy Terrain
|-heal|p2b: Rillaboom|38/100|[from] Grassy Terrain
|upkeep
|turn|2
|inactive|BenAnimates has 30 seconds left.
|inactive|forestiero123 has 30 seconds left.
|
|t:|1750773218
|switch|p1a: Koraidon|Koraidon, L50|100/100
|-activate|p1a: Koraidon|ability: Orichalcum Pulse
|move|p2b: Rillaboom|Fake Out|p1a: Koraidon
|-damage|p1a: Koraidon|90/100
|move|p1b: Miraidon|Electro Drift|p2a: Incineroar
|-damage|p2a: Incineroar|41/100
|-damage|p1b: Miraidon|78/100|[from] item: Rocky Helmet|[of] p2a: Incineroar
|move|p2a: Incineroar|Knock Off|p1b: Miraidon
|-damage|p1b: Miraidon|36/100
|-enditem|p1b: Miraidon|Choice Specs|[from] move: Knock Off|[of] p2a: Incineroar
|
|-weather|SunnyDay|[upkeep]
|-heal|p1b: Miraidon|42/100|[from] Grassy Terrain
|-heal|p1a: Koraidon|95/100|[from] Grassy Terrain
|-heal|p1a: Koraidon|100/100|[from] item: Leftovers
|-heal|p2b: Rillaboom|43/100|[from] Grassy Terrain
|-heal|p2a: Incineroar|47/100|[from] Grassy Terrain
|upkeep
|turn|3
|inactive|forestiero123 has 30 seconds left.
|
|t:|1750773244
|switch|p2b: Whimsicott|Whimsicott, L50, M|100/100
|move|p1b: Miraidon|Volt Switch|p2a: Incineroar
|-damage|p2a: Incineroar|20/100
|
|t:|1750773250
|switch|p1b: Cloyster|Cloyster, L50, M, shiny|100/100|[from] Volt Switch
|move|p1a: Koraidon|Collision Course|p2b: Whimsicott
|-resisted|p2b: Whimsicott
|-damage|p2b: Whimsicott|72/100
|move|p2a: Incineroar|Parting Shot|p1a: Koraidon
|-unboost|p1a: Koraidon|atk|1
|-unboost|p1a: Koraidon|spa|1
|
|t:|1750773259
|switch|p2a: Koraidon|Koraidon, L50|100/100|[from] Parting Shot
|-activate|p2a: Koraidon|ability: Orichalcum Pulse
|
|-weather|SunnyDay|[upkeep]
|-heal|p2b: Whimsicott|78/100|[from] Grassy Terrain
|upkeep
|turn|4
|
|t:|1750773273
|move|p2b: Whimsicott|Tailwind|p2b: Whimsicott
|-sidestart|p2: forestiero123|move: Tailwind
|move|p2a: Koraidon|Close Combat|p1b: Cloyster
|-supereffective|p1b: Cloyster
|-damage|p1b: Cloyster|0 fnt
|-unboost|p2a: Koraidon|def|1
|-unboost|p2a: Koraidon|spd|1
|faint|p1b: Cloyster
|move|p1a: Koraidon|Flare Blitz|p2b: Whimsicott
|-supereffective|p2b: Whimsicott
|-crit|p2b: Whimsicott
|-damage|p2b: Whimsicott|0 fnt
|faint|p2b: Whimsicott
|-damage|p1a: Koraidon|76/100|[from] Recoil
|
|-weather|SunnyDay|[upkeep]
|-heal|p1a: Koraidon|82/100|[from] Grassy Terrain
|-heal|p1a: Koraidon|87/100|[from] item: Leftovers
|upkeep
|
|t:|1750773292
|switch|p2b: Incineroar|Incineroar, L50, M|20/100
|switch|p1b: Raging Bolt|Raging Bolt, L50|100/100
|-ability|p2b: Incineroar|Intimidate|boost
|-unboost|p1a: Koraidon|atk|1
|-unboost|p1b: Raging Bolt|atk|1
|-item|p1b: Raging Bolt|Air Balloon
|-activate|p1b: Raging Bolt|ability: Protosynthesis
|-start|p1b: Raging Bolt|protosynthesisspa
|turn|5
|
|t:|1750773312
|-terastallize|p2a: Koraidon|Fire
|move|p2b: Incineroar|Fake Out|p1a: Koraidon
|-damage|p1a: Koraidon|77/100
|move|p2a: Koraidon|Flare Blitz|p1b: Raging Bolt
|-resisted|p1b: Raging Bolt
|-damage|p1b: Raging Bolt|30/100
|-enditem|p1b: Raging Bolt|Air Balloon
|-damage|p2a: Koraidon|74/100|[from] Recoil
|cant|p1a: Koraidon|flinch
|move|p1b: Raging Bolt|Draco Meteor|p2a: Koraidon
|-damage|p2a: Koraidon|0 fnt
|-unboost|p1b: Raging Bolt|spa|2
|faint|p2a: Koraidon
|
|-weather|none
|-end|p1b: Raging Bolt|Protosynthesis
|-heal|p1a: Koraidon|83/100|[from] Grassy Terrain
|-heal|p1a: Koraidon|88/100|[from] item: Leftovers
|-heal|p2b: Incineroar|26/100|[from] Grassy Terrain
|-heal|p1b: Raging Bolt|36/100|[from] Grassy Terrain
|-fieldend|move: Grassy Terrain
|upkeep
|
|t:|1750773331
|switch|p2a: Rillaboom|Rillaboom, L50, M|43/100
|-fieldstart|move: Grassy Terrain|[from] ability: Grassy Surge|[of] p2a: Rillaboom
|turn|6
|
|t:|1750773340
|move|p1a: Koraidon|Protect|p1a: Koraidon
|-singleturn|p1a: Koraidon|Protect
|move|p2a: Rillaboom|Fake Out|p1a: Koraidon
|-activate|p1a: Koraidon|move: Protect
|move|p1b: Raging Bolt|Thunderclap|p2b: Incineroar
|-damage|p2b: Incineroar|13/100
|move|p2b: Incineroar|Knock Off|p1b: Raging Bolt
|-damage|p1b: Raging Bolt|13/100
|
|-heal|p2a: Rillaboom|49/100|[from] Grassy Terrain
|-heal|p1a: Koraidon|94/100|[from] Grassy Terrain
|-heal|p1a: Koraidon|99/100|[from] item: Leftovers
|-heal|p2b: Incineroar|19/100|[from] Grassy Terrain
|-heal|p1b: Raging Bolt|19/100|[from] Grassy Terrain
|upkeep
|turn|7
|l|☆forestiero123
|inactive|forestiero123 disconnected and has a minute to reconnect!
|player|p2|
|inactive|forestiero123 has 30 seconds left.
|inactive|forestiero123 has 20 seconds left.
|inactive|forestiero123 has 15 seconds left.
|inactive|forestiero123 has 10 seconds left.
|inactive|forestiero123 has 5 seconds left.
|-message|forestiero123 lost due to inactivity.
|
|win|BenAnimates
|raw|BenAnimates's rating: 1096 &rarr; <strong>1128</strong><br />(+32 for winning)
|raw|forestiero123's rating: 1181 &rarr; <strong>1150</strong><br />(-31 for losing)
|l|☆BenAnimates
|player|p1|
