|j|☆calvinbradford
|j|☆woopre
|t:|1750722964
|gametype|doubles
|player|p1|calvinbradford|pokemaniac|1213
|player|p2|woopre|cynthia-anime2|1259
|teamsize|p1|6
|teamsize|p2|6
|gen|9
|tier|[Gen 9] VGC 2025 Reg I
|rated|
|rule|Species Clause: Limit one of each Pokémon
|rule|Item Clause: Limit 1 of each item
|clearpoke
|poke|p1|Kyogre, L50|
|poke|p1|Incineroar, L50, M|
|poke|p1|Calyrex-Ice, L50|
|poke|p1|Iron Hands, L50|
|poke|p1|Chien-Pao, L50|
|poke|p1|Whimsicott, L50, M|
|poke|p2|Ursaluna-Bloodmoon, L50, M|
|poke|p2|Miraidon, L50|
|poke|p2|Calyrex-Ice, L50|
|poke|p2|Volcarona, L50, F|
|poke|p2|Iron Hands, L50|
|poke|p2|Chien-Pao, L50|
|teampreview|4
|inactive|Battle timer is ON: inactive players will automatically lose when time's up. (requested by woopre)
woopre has agreed to open team sheets.
|inactive|woopre has 60 seconds left.
|
|t:|1750723012
|start
|switch|p1a: Calyrex|Calyrex-Ice, L50|100/100
|switch|p1b: Incineroar|Incineroar, L50, M|100/100
|switch|p2a: Home To Oblivion|Miraidon, L50|100/100
|switch|p2b: Man In The Moon|Ursaluna-Bloodmoon, L50, M|100/100
|-ability|p1a: Calyrex|As One
|-ability|p1a: Calyrex|Unnerve
|-fieldstart|move: Electric Terrain|[from] ability: Hadron Engine|[of] p2a: Home To Oblivion
|-ability|p1b: Incineroar|Intimidate|boost
|-unboost|p2a: Home To Oblivion|atk|1
|-unboost|p2b: Man In The Moon|atk|1
|turn|1
|inactive|calvinbradford has 30 seconds left.
|
|t:|1750723037
|switch|p2a: HeadIsFullOfFlames|Volcarona, L50, F|100/100
|move|p2b: Man In The Moon|Protect|p2b: Man In The Moon
|-singleturn|p2b: Man In The Moon|Protect
|move|p1b: Incineroar|Fake Out|p2a: HeadIsFullOfFlames
|-damage|p2a: HeadIsFullOfFlames|90/100
|-damage|p1b: Incineroar|84/100|[from] item: Rocky Helmet|[of] p2a: HeadIsFullOfFlames
|move|p1a: Calyrex|Glacial Lance|p2a: HeadIsFullOfFlames|[spread] p2a
|-activate|p2b: Man In The Moon|move: Protect
|-resisted|p2a: HeadIsFullOfFlames
|-damage|p2a: HeadIsFullOfFlames|64/100
|
|upkeep
|turn|2
|inactive|calvinbradford has 30 seconds left.
|
|t:|1750723069
|move|p1a: Calyrex|Protect|p1a: Calyrex
|-singleturn|p1a: Calyrex|Protect
|move|p2a: HeadIsFullOfFlames|Fiery Dance|p1a: Calyrex
|-activate|p1a: Calyrex|move: Protect
|move|p1b: Incineroar|U-turn|p2b: Man In The Moon
|-damage|p2b: Man In The Moon|88/100
|
|t:|1750723075
|switch|p1b: Kyogre|Kyogre, L50|100/100|[from] U-turn
|-weather|RainDance|[from] ability: Drizzle|[of] p1b: Kyogre
|move|p2b: Man In The Moon|Blood Moon|p1a: Calyrex
|-activate|p1a: Calyrex|move: Protect
|
|-weather|RainDance|[upkeep]
|upkeep
|turn|3
|
|t:|1750723097
|switch|p2b: Concrete Hands|Iron Hands, L50|100/100
|-activate|p2b: Concrete Hands|ability: Quark Drive
|-start|p2b: Concrete Hands|quarkdriveatk
|switch|p1a: Incineroar|Incineroar, L50, M|84/100
|-ability|p1a: Incineroar|Intimidate|boost
|-unboost|p2a: HeadIsFullOfFlames|atk|1
|-unboost|p2b: Concrete Hands|atk|1
|move|p2a: HeadIsFullOfFlames|Protect|p2a: HeadIsFullOfFlames
|-singleturn|p2a: HeadIsFullOfFlames|Protect
|move|p1b: Kyogre|Water Spout|p2a: HeadIsFullOfFlames|[spread] p2b
|-activate|p2a: HeadIsFullOfFlames|move: Protect
|-damage|p2b: Concrete Hands|26/100
|
|-weather|RainDance|[upkeep]
|upkeep
|turn|4
|
|t:|1750723114
|-terastallize|p1b: Kyogre|Grass
|move|p1a: Incineroar|Fake Out|p2b: Concrete Hands
|-damage|p2b: Concrete Hands|18/100
|cant|p2b: Concrete Hands|flinch
|move|p1b: Kyogre|Water Spout|p2a: HeadIsFullOfFlames|[spread] p2a,p2b
|-supereffective|p2a: HeadIsFullOfFlames
|-damage|p2a: HeadIsFullOfFlames|0 fnt
|-damage|p2b: Concrete Hands|0 fnt
|faint|p2a: HeadIsFullOfFlames
|faint|p2b: Concrete Hands
|-end|p2b: Concrete Hands|Quark Drive|[silent]
|
|-weather|RainDance|[upkeep]
|upkeep
|
|t:|1750723120
|switch|p2a: Home To Oblivion|Miraidon, L50|100/100
|switch|p2b: Man In The Moon|Ursaluna-Bloodmoon, L50, M|88/100
|-activate|p2a: Home To Oblivion|ability: Hadron Engine
|turn|5
|
|t:|1750723135
|move|p2a: Home To Oblivion|Electro Drift|p1b: Kyogre
|-resisted|p1b: Kyogre
|-damage|p1b: Kyogre|47/100
|move|p1b: Kyogre|Water Spout|p2b: Man In The Moon|[spread] p2a,p2b
|-resisted|p2a: Home To Oblivion
|-supereffective|p2b: Man In The Moon
|-damage|p2a: Home To Oblivion|77/100
|-damage|p2b: Man In The Moon|0 fnt
|faint|p2b: Man In The Moon
|move|p1a: Incineroar|U-turn|p2a: Home To Oblivion
|-damage|p2a: Home To Oblivion|62/100
|
|t:|1750723145
|switch|p1a: Chien-Pao|Chien-Pao, L50|100/100|[from] U-turn
|-ability|p1a: Chien-Pao|Sword of Ruin
|
|-weather|RainDance|[upkeep]
|-fieldend|move: Electric Terrain
|upkeep
|turn|6
|-message|woopre forfeited.
|
|win|calvinbradford
|raw|calvinbradford's rating: 1213 &rarr; <strong>1241</strong><br />(+28 for winning)
|raw|woopre's rating: 1259 &rarr; <strong>1231</strong><br />(-28 for losing)
|l|☆woopre
|player|p2|
