|j|☆Shoeyvgc
|j|☆GG=Groudon Gaming
|t:|1750835670
|gametype|doubles
|player|p1|Shoeyvgc|102|1237
|player|p2|GG=Groudon Gaming|acerola-masters2|1177
|teamsize|p1|6
|teamsize|p2|6
|gen|9
|tier|[Gen 9] VGC 2025 Reg I
|rated|
|rule|Species Clause: Limit one of each Pokémon
|rule|Item Clause: Limit 1 of each item
|clearpoke
|poke|p1|Miraidon, L50|
|poke|p1|Calyrex-Ice, L50|
|poke|p1|Incineroar, L50, F|
|poke|p1|Landorus, L50, M|
|poke|p1|Urshifu-*, L50, F|
|poke|p1|Farigiraf, L50, F|
|poke|p2|Groudon, L50|
|poke|p2|Miraidon, L50|
|poke|p2|Entei, L50|
|poke|p2|Whimsicott, L50, M|
|poke|p2|Flutter Mane, L50|
|poke|p2|Volcarona, L50, F|
|teampreview|4
|inactive|Battle timer is ON: inactive players will automatically lose when time's up. (requested by GG=Groudon Gaming)
|
|t:|1750835694
|start
|switch|p1a: Calyrex|Calyrex-Ice, L50|100/100
|switch|p1b: Incineroar|Incineroar, L50, F|100/100
|switch|p2a: Groudon|Groudon, L50|100/100
|switch|p2b: Entei|Entei, L50|100/100
|-ability|p1a: Calyrex|As One
|-ability|p1a: Calyrex|Unnerve
|-weather|SunnyDay|[from] ability: Drought|[of] p2a: Groudon
|-ability|p1b: Incineroar|Intimidate|boost
|-fail|p2a: Groudon|unboost|[from] item: Clear Amulet|[of] p2a: Groudon
|-fail|p2b: Entei|unboost|Attack|[from] ability: Inner Focus|[of] p2b: Entei
|turn|1
|
|t:|1750835707
|-terastallize|p2a: Groudon|Fire
|-terastallize|p1a: Calyrex|Water
|move|p2a: Groudon|Helping Hand|p2b: Entei
|-singleturn|p2b: Entei|Helping Hand|[of] p2a: Groudon
|move|p2b: Entei|Eruption|p1a: Calyrex|[spread] p1a,p1b
|-resisted|p1a: Calyrex
|-resisted|p1b: Incineroar
|-damage|p1a: Calyrex|69/100
|-damage|p1b: Incineroar|67/100
|move|p1b: Incineroar|U-turn|p2b: Entei
|-resisted|p2b: Entei
|-damage|p2b: Entei|88/100
|
|t:|1750835720
|switch|p1b: Urshifu|Urshifu-Rapid-Strike, L50, F|100/100|[from] U-turn
|move|p1a: Calyrex|Trick Room|p1a: Calyrex
|-fieldstart|move: Trick Room|[of] p1a: Calyrex
|
|-weather|SunnyDay|[upkeep]
|-heal|p1a: Calyrex|74/100|[from] item: Leftovers
|upkeep
|turn|2
|
|t:|1750835731
|switch|p2b: Volcarona|Volcarona, L50, F|100/100
|move|p1a: Calyrex|Leech Seed|p2a: Groudon
|-start|p2a: Groudon|move: Leech Seed
|move|p2a: Groudon|Precipice Blades|p1b: Urshifu|[spread] p1a,p1b
|-damage|p1a: Calyrex|43/100
|-damage|p1b: Urshifu|49/100
|move|p1b: Urshifu|Surging Strikes|p2b: Volcarona
|-supereffective|p2b: Volcarona
|-crit|p2b: Volcarona
|-damage|p2b: Volcarona|78/100
|-supereffective|p2b: Volcarona
|-crit|p2b: Volcarona
|-damage|p2b: Volcarona|55/100
|-supereffective|p2b: Volcarona
|-crit|p2b: Volcarona
|-damage|p2b: Volcarona|30/100
|-hitcount|p2b: Volcarona|3
|
|-weather|SunnyDay|[upkeep]
|-heal|p1a: Calyrex|49/100|[from] item: Leftovers
|-damage|p2a: Groudon|88/100|[from] Leech Seed|[of] p1a: Calyrex
|-heal|p1a: Calyrex|61/100|[silent]
|upkeep
|turn|3
|
|t:|1750835754
|switch|p2a: Entei|Entei, L50|88/100
|switch|p1b: Incineroar|Incineroar, L50, F|67/100
|-ability|p1b: Incineroar|Intimidate|boost
|-fail|p2a: Entei|unboost|Attack|[from] ability: Inner Focus|[of] p2a: Entei
|-unboost|p2b: Volcarona|atk|1
|move|p1a: Calyrex|Glacial Lance|p2a: Entei|[spread] p2a,p2b
|-resisted|p2a: Entei
|-crit|p2a: Entei
|-resisted|p2b: Volcarona
|-damage|p2a: Entei|44/100
|-damage|p2b: Volcarona|0 fnt
|faint|p2b: Volcarona
|-ability|p1a: Calyrex|Chilling Neigh|boost
|-boost|p1a: Calyrex|atk|1
|
|-weather|SunnyDay|[upkeep]
|-heal|p1a: Calyrex|67/100|[from] item: Leftovers
|upkeep
|
|t:|1750835776
|switch|p2b: Groudon|Groudon, L50, tera:Fire|88/100
|turn|4
|
|t:|1750835787
|move|p1b: Incineroar|Fake Out|p2b: Groudon
|-damage|p2b: Groudon|79/100
|move|p1a: Calyrex|Glacial Lance|p2a: Entei|[spread] p2a,p2b
|-resisted|p2a: Entei
|-resisted|p2b: Groudon
|-damage|p2a: Entei|2/100
|-damage|p2b: Groudon|55/100
|cant|p2b: Groudon|flinch
|move|p2a: Entei|Shadow Ball|p1a: Calyrex
|-damage|p1a: Calyrex|52/100
|-unboost|p1a: Calyrex|spd|1
|
|-weather|SunnyDay|[upkeep]
|-heal|p1a: Calyrex|58/100|[from] item: Leftovers
|upkeep
|turn|5
|
|t:|1750835803
|move|p1a: Calyrex|Glacial Lance|p2a: Entei|[spread] p2a,p2b
|-resisted|p2a: Entei
|-resisted|p2b: Groudon
|-damage|p2a: Entei|0 fnt
|-damage|p2b: Groudon|29/100
|faint|p2a: Entei
|-ability|p1a: Calyrex|Chilling Neigh|boost
|-boost|p1a: Calyrex|atk|1
|move|p1b: Incineroar|Knock Off|p2b: Groudon
|-damage|p2b: Groudon|0 fnt
|-enditem|p2b: Groudon|Clear Amulet|[from] move: Knock Off|[of] p1b: Incineroar
|faint|p2b: Groudon
|
|-weather|none
|-heal|p1a: Calyrex|63/100|[from] item: Leftovers
|-fieldend|move: Trick Room
|upkeep
|-message|GG=Groudon Gaming forfeited.
|
|win|Shoeyvgc
|raw|Shoeyvgc's rating: 1237 &rarr; <strong>1258</strong><br />(+21 for winning)
|raw|GG=Groudon Gaming's rating: 1177 &rarr; <strong>1156</strong><br />(-21 for losing)
