|j|☆Kicks10
|j|☆kkyd11
|t:|1750770904
|gametype|doubles
|player|p1|Kicks10|dahlia|1363
|player|p2|kkyd11|169|1402
|teamsize|p1|6
|teamsize|p2|6
|gen|9
|tier|[Gen 9] VGC 2025 Reg I
|rated|
|rule|Species Clause: Limit one of each Pokémon
|rule|Item Clause: Limit 1 of each item
|clearpoke
|poke|p1|Roaring Moon, L50|
|poke|p1|Gyarados, L50, F|
|poke|p1|Kyogre, L50|
|poke|p1|Weezing-Galar, L50, F|
|poke|p1|Rhyperior, L50, M|
|poke|p1|Lunala, L50|
|poke|p2|Rayquaza, L50|
|poke|p2|Chien-Pao, L50|
|poke|p2|Riolu, L50, F|
|poke|p2|Smeargle, L50, M|
|poke|p2|Calyrex-Shadow, L50|
|poke|p2|Rillaboom, L50, F|
|teampreview|4
|inactive|Battle timer is ON: inactive players will automatically lose when time's up. (requested by Kicks10)
|inactive|Kicks10 has 60 seconds left.
|inactive|kkyd11 has 60 seconds left.
|
|t:|1750770959
|start
|switch|p1a: Roaring Moon|Roaring Moon, L50|100/100
|switch|p1b: Kyogre|Kyogre, L50|100/100
|switch|p2a: Riolu|Riolu, L50, F|100/100
|switch|p2b: Rayquaza|Rayquaza, L50|100/100
|-weather|RainDance|[from] ability: Drizzle|[of] p1b: Kyogre
|-ability|p2b: Rayquaza|Air Lock
|-enditem|p1a: Roaring Moon|Booster Energy
|-activate|p1a: Roaring Moon|ability: Protosynthesis|[fromitem]
|-start|p1a: Roaring Moon|protosynthesisspe
|turn|1
|
|t:|1750770982
|-terastallize|p2b: Rayquaza|Normal
|move|p2b: Rayquaza|Extreme Speed|p1b: Kyogre
|-damage|p1b: Kyogre|18/100
|move|p2a: Riolu|Coaching|p2b: Rayquaza
|-boost|p2b: Rayquaza|atk|1
|-boost|p2b: Rayquaza|def|1
|move|p1a: Roaring Moon|Tailwind|p1a: Roaring Moon
|-sidestart|p1: Kicks10|move: Tailwind
|move|p1b: Kyogre|Ice Beam|p2b: Rayquaza
|-damage|p2b: Rayquaza|71/100
|
|-weather|RainDance|[upkeep]
|upkeep
|turn|2
|
|t:|1750771005
|switch|p1b: Weezing|Weezing-Galar, L50, F|100/100
|-fieldstart|move: Misty Terrain|[from] ability: Misty Surge|[of] p1b: Weezing
|move|p2b: Rayquaza|Extreme Speed|p1b: Weezing
|-damage|p1b: Weezing|19/100
|-damage|p2b: Rayquaza|55/100|[from] item: Rocky Helmet|[of] p1b: Weezing
|move|p2a: Riolu|Coaching|p2b: Rayquaza
|-boost|p2b: Rayquaza|atk|1
|-boost|p2b: Rayquaza|def|1
|move|p1a: Roaring Moon|Acrobatics|p2a: Riolu
|-supereffective|p2a: Riolu
|-damage|p2a: Riolu|0 fnt
|faint|p2a: Riolu
|
|-weather|RainDance|[upkeep]
|upkeep
|
|t:|1750771029
|switch|p2a: Rillaboom|Rillaboom, L50, F|100/100
|-fieldstart|move: Grassy Terrain|[from] ability: Grassy Surge|[of] p2a: Rillaboom
|turn|3
|
|t:|1750771038
|move|p1a: Roaring Moon|Protect|p1a: Roaring Moon
|-singleturn|p1a: Roaring Moon|Protect
|move|p1b: Weezing|Protect|p1b: Weezing
|-singleturn|p1b: Weezing|Protect
|move|p2a: Rillaboom|Fake Out|p1b: Weezing
|-activate|p1b: Weezing|move: Protect
|move|p2b: Rayquaza|Extreme Speed|p1a: Roaring Moon
|-activate|p1a: Roaring Moon|move: Protect
|
|-weather|RainDance|[upkeep]
|-heal|p1b: Weezing|24/100|[from] Grassy Terrain
|-heal|p2b: Rayquaza|61/100|[from] Grassy Terrain
|upkeep
|turn|4
|
|t:|1750771058
|-end|p1a: Roaring Moon|Protosynthesis|[silent]
|switch|p1a: Lunala|Lunala, L50|100/100
|move|p2b: Rayquaza|Extreme Speed|p1a: Lunala
|-immune|p1a: Lunala
|move|p2a: Rillaboom|Grassy Glide|p1b: Weezing
|-resisted|p1b: Weezing
|-damage|p1b: Weezing|11/100
|-damage|p2a: Rillaboom|84/100|[from] item: Rocky Helmet|[of] p1b: Weezing
|move|p1b: Weezing|Destiny Bond|p1b: Weezing
|-singlemove|p1b: Weezing|Destiny Bond
|
|-weather|RainDance|[upkeep]
|-heal|p1b: Weezing|17/100|[from] Grassy Terrain
|-heal|p2b: Rayquaza|67/100|[from] Grassy Terrain
|-heal|p2a: Rillaboom|90/100|[from] Grassy Terrain
|-sideend|p1: Kicks10|move: Tailwind
|upkeep
|turn|5
|inactive|kkyd11 has 30 seconds left.
|inactive|kkyd11 has 20 seconds left.
|
|t:|1750771096
|switch|p2b: Chien-Pao|Chien-Pao, L50|100/100
|-ability|p2b: Chien-Pao|Sword of Ruin
|move|p1a: Lunala|Meteor Beam||[still]
|-prepare|p1a: Lunala|Meteor Beam
|-boost|p1a: Lunala|spa|1
|-enditem|p1a: Lunala|Power Herb
|-anim|p1a: Lunala|Meteor Beam|p2b: Chien-Pao
|-supereffective|p2b: Chien-Pao
|-enditem|p2b: Chien-Pao|Focus Sash
|-damage|p2b: Chien-Pao|1/100
|move|p2a: Rillaboom|Wood Hammer|p1a: Lunala
|-damage|p1a: Lunala|51/100
|-damage|p2a: Rillaboom|72/100|[from] Recoil
|move|p1b: Weezing|Sludge Bomb|p2a: Rillaboom
|-supereffective|p2a: Rillaboom
|-damage|p2a: Rillaboom|30/100
|
|-weather|none
|-heal|p2b: Chien-Pao|7/100|[from] Grassy Terrain
|-heal|p1a: Lunala|57/100|[from] Grassy Terrain
|-heal|p2a: Rillaboom|36/100|[from] Grassy Terrain
|-heal|p1b: Weezing|23/100|[from] Grassy Terrain
|upkeep
|turn|6
|
|t:|1750771121
|move|p1a: Lunala|Protect|p1a: Lunala
|-singleturn|p1a: Lunala|Protect
|move|p2b: Chien-Pao|Sucker Punch||[still]
|-fail|p2b: Chien-Pao
|move|p2a: Rillaboom|Wood Hammer|p1b: Weezing
|-resisted|p1b: Weezing
|-damage|p1b: Weezing|0 fnt
|-damage|p2a: Rillaboom|19/100|[from] item: Rocky Helmet|[of] p1b: Weezing
|faint|p1b: Weezing
|-damage|p2a: Rillaboom|13/100|[from] Recoil
|
|-heal|p2b: Chien-Pao|13/100|[from] Grassy Terrain
|-heal|p1a: Lunala|63/100|[from] Grassy Terrain
|-heal|p2a: Rillaboom|19/100|[from] Grassy Terrain
|upkeep
|
|t:|1750771131
|switch|p1b: Roaring Moon|Roaring Moon, L50|100/100
|turn|7
|
|t:|1750771147
|-terastallize|p1a: Lunala|Fairy
|move|p1b: Roaring Moon|Protect|p1b: Roaring Moon
|-singleturn|p1b: Roaring Moon|Protect
|move|p2b: Chien-Pao|Sucker Punch||[still]
|-fail|p2b: Chien-Pao
|move|p2a: Rillaboom|Grassy Glide|p1a: Lunala
|-damage|p1a: Lunala|16/100
|move|p1a: Lunala|Tailwind|p1a: Lunala
|-sidestart|p1: Kicks10|move: Tailwind
|
|-heal|p1a: Lunala|22/100|[from] Grassy Terrain
|-heal|p2b: Chien-Pao|18/100|[from] Grassy Terrain
|-heal|p2a: Rillaboom|25/100|[from] Grassy Terrain
|-fieldend|move: Grassy Terrain
|upkeep
|turn|8
|inactive|Kicks10 has 30 seconds left.
|inactive|kkyd11 has 30 seconds left.
|
|t:|1750771175
|-end|p1b: Roaring Moon|Protosynthesis|[silent]
|switch|p1b: Kyogre|Kyogre, L50|18/100
|-weather|RainDance|[from] ability: Drizzle|[of] p1b: Kyogre
|move|p2b: Chien-Pao|Protect|p2b: Chien-Pao
|-singleturn|p2b: Chien-Pao|Protect
|move|p1a: Lunala|Moongeist Beam|p2a: Rillaboom
|-damage|p2a: Rillaboom|0 fnt
|faint|p2a: Rillaboom
|
|-weather|RainDance|[upkeep]
|upkeep
|
|t:|1750771186
|switch|p2a: Rayquaza|Rayquaza, L50, tera:Normal|67/100
|-ability|p2a: Rayquaza|Air Lock
|turn|9
|inactive|Kicks10 has 30 seconds left.
|
|t:|1750771216
|move|p1b: Kyogre|Protect|p1b: Kyogre
|-singleturn|p1b: Kyogre|Protect
|move|p2a: Rayquaza|Extreme Speed|p1a: Lunala
|-damage|p1a: Lunala|0 fnt
|faint|p1a: Lunala
|move|p2b: Chien-Pao|Sucker Punch||[still]
|-fail|p2b: Chien-Pao
|
|-weather|RainDance|[upkeep]
|upkeep
|
|t:|1750771223
|switch|p1a: Roaring Moon|Roaring Moon, L50|100/100
|turn|10
|
|t:|1750771240
|move|p2a: Rayquaza|Extreme Speed|p1a: Roaring Moon
|-damage|p1a: Roaring Moon|0 fnt
|faint|p1a: Roaring Moon
|-end|p1a: Roaring Moon|Protosynthesis|[silent]
|move|p2b: Chien-Pao|Sucker Punch|p1b: Kyogre
|-damage|p1b: Kyogre|0 fnt
|faint|p1b: Kyogre
|
|win|kkyd11
|raw|Kicks10's rating: 1363 &rarr; <strong>1345</strong><br />(-18 for losing)
|raw|kkyd11's rating: 1402 &rarr; <strong>1420</strong><br />(+18 for winning)
|l|☆Kicks10
|player|p1|
|l|☆kkyd11
|player|p2|
