|j|☆cream 670
|j|☆LogoVGC
|t:|1750815451
|gametype|doubles
|player|p1|cream 670|kimonogirl|1405
|player|p2|LogoVGC|clown|1418
|teamsize|p1|6
|teamsize|p2|6
|gen|9
|tier|[Gen 9] VGC 2025 Reg I
|rated|
|rule|Species Clause: Limit one of each Pokémon
|rule|Item Clause: Limit 1 of each item
|clearpoke
|poke|p1|Rillaboom, L50, F|
|poke|p1|Koraidon, L50|
|poke|p1|Incineroar, L50, M|
|poke|p1|Calyrex-Ice, L50|
|poke|p1|Volcarona, L50, F|
|poke|p1|Sandy Shocks, L50|
|poke|p2|Calyrex-Ice, L50|
|poke|p2|Miraidon, L50|
|poke|p2|Grimmsnarl, L50, M|
|poke|p2|Urshifu-*, L50, M|
|poke|p2|Incineroar, L50, M|
|poke|p2|Landorus, L50, M|
|teampreview|4
LogoVGC has agreed to open team sheets.
cream 670 has agreed to open team sheets.
|showteam|p1|Rillaboom||AssaultVest|GrassySurge|WoodHammer,Uturn,GrassyGlide,FakeOut|||F|||50|,,,,,Poison]Koraidon||LifeOrb|OrichalcumPulse|CloseCombat,Protect,FlameCharge,FlareBlitz||||||50|,,,,,Fire]Incineroar||SafetyGoggles|Intimidate|FlareBlitz,FakeOut,PartingShot,KnockOff|||M|||50|,,,,,Bug]Calyrex-Ice||ClearAmulet|AsOneGlastrier|GlacialLance,Protect,HighHorsepower,TrickRoom||||||50|,,,,,Fire]Volcarona||RockyHelmet|FlameBody|Overheat,RagePowder,StruggleBug,MorningSun|||F|||50|,,,,,Grass]Sandy Shocks||FocusSash|Protosynthesis|Thunderbolt,Protect,EarthPower,Electroweb||||||50|,,,,,Stellar
|showteam|p2|Calyrex-Ice||Leftovers|AsOneGlastrier|GlacialLance,LeechSeed,TrickRoom,Protect||||||50|,,,,,Water]Miraidon||ChoiceSpecs|HadronEngine|ElectroDrift,VoltSwitch,DracoMeteor,DazzlingGleam||||||50|,,,,,Fairy]Grimmsnarl||LightClay|Prankster|SpiritBreak,ThunderWave,Reflect,LightScreen|||M|||50|,,,,,Ghost]Urshifu-Rapid-Strike||ChoiceBand|UnseenFist|SurgingStrikes,CloseCombat,Uturn,AquaJet|||M|||50|,,,,,Ghost]Incineroar||AssaultVest|Intimidate|FlareBlitz,KnockOff,Uturn,FakeOut|||M|||50|,,,,,Grass]Landorus||LifeOrb|SheerForce|EarthPower,SludgeBomb,Taunt,Protect|||M|||50|,,,,,Poison
|
|t:|1750815525
|start
|switch|p1a: Pyrrhus|Incineroar, L50, M|100/100
|switch|p1b: Calyrex|Calyrex-Ice, L50|100/100
|switch|p2a: Calyrex|Calyrex-Ice, L50|100/100
|switch|p2b: Incineroar|Incineroar, L50, M|100/100
|-ability|p1b: Calyrex|As One
|-ability|p1b: Calyrex|Unnerve
|-ability|p2a: Calyrex|As One
|-ability|p2a: Calyrex|Unnerve
|-ability|p2b: Incineroar|Intimidate|boost
|-unboost|p1a: Pyrrhus|atk|1
|-fail|p1b: Calyrex|unboost|[from] item: Clear Amulet|[of] p1b: Calyrex
|-ability|p1a: Pyrrhus|Intimidate|boost
|-unboost|p2a: Calyrex|atk|1
|-unboost|p2b: Incineroar|atk|1
|turn|1
|
|t:|1750815541
|move|p2b: Incineroar|Fake Out|p1a: Pyrrhus
|-damage|p1a: Pyrrhus|94/100
|cant|p1a: Pyrrhus|flinch
|move|p1b: Calyrex|High Horsepower|p2b: Incineroar
|-supereffective|p2b: Incineroar
|-damage|p2b: Incineroar|31/100
|move|p2a: Calyrex|Leech Seed|p1b: Calyrex
|-start|p1b: Calyrex|move: Leech Seed
|
|-damage|p1b: Calyrex|88/100|[from] Leech Seed|[of] p2a: Calyrex
|upkeep
|turn|2
|
|t:|1750815557
|switch|p1b: Rillaboom|Rillaboom, L50, F|100/100
|-fieldstart|move: Grassy Terrain|[from] ability: Grassy Surge|[of] p1b: Rillaboom
|move|p2a: Calyrex|Protect|p2a: Calyrex
|-singleturn|p2a: Calyrex|Protect
|move|p2b: Incineroar|U-turn|p1b: Rillaboom
|-supereffective|p1b: Rillaboom
|-damage|p1b: Rillaboom|76/100
|
|t:|1750815567
|switch|p2b: Landorus|Landorus, L50, M|100/100|[from] U-turn
|move|p1a: Pyrrhus|Parting Shot|p2a: Calyrex
|-activate|p2a: Calyrex|move: Protect
|
|-heal|p1b: Rillaboom|82/100|[from] Grassy Terrain
|-heal|p1a: Pyrrhus|99/100|[from] Grassy Terrain
|upkeep
|turn|3
|
|t:|1750815581
|switch|p2a: Incineroar|Incineroar, L50, M|31/100
|-ability|p2a: Incineroar|Intimidate|boost
|-unboost|p1a: Pyrrhus|atk|1
|-unboost|p1b: Rillaboom|atk|1
|move|p1b: Rillaboom|Fake Out|p2b: Landorus
|-damage|p2b: Landorus|92/100
|cant|p2b: Landorus|flinch
|move|p1a: Pyrrhus|Parting Shot|p2a: Incineroar
|-unboost|p2a: Incineroar|atk|1
|-unboost|p2a: Incineroar|spa|1
|
|t:|1750815593
|switch|p1a: Calyrex|Calyrex-Ice, L50|88/100|[from] Parting Shot
|-ability|p1a: Calyrex|As One
|-ability|p1a: Calyrex|Unnerve
|
|-heal|p1b: Rillaboom|88/100|[from] Grassy Terrain
|-heal|p2a: Incineroar|37/100|[from] Grassy Terrain
|-heal|p1a: Calyrex|94/100|[from] Grassy Terrain
|upkeep
|turn|4
|
|t:|1750815611
|switch|p1b: Pyrrhus|Incineroar, L50, M|99/100
|-ability|p1b: Pyrrhus|Intimidate|boost
|-unboost|p2a: Incineroar|atk|1
|-unboost|p2b: Landorus|atk|1
|move|p1a: Calyrex|Protect|p1a: Calyrex
|-singleturn|p1a: Calyrex|Protect
|move|p2a: Incineroar|U-turn|p1b: Pyrrhus
|-damage|p1b: Pyrrhus|92/100
|
|t:|1750815624
|switch|p2a: Calyrex|Calyrex-Ice, L50|100/100|[from] U-turn
|-ability|p2a: Calyrex|As One
|-ability|p2a: Calyrex|Unnerve
|move|p2b: Landorus|Sludge Bomb|p1b: Pyrrhus
|-damage|p1b: Pyrrhus|53/100
|
|-heal|p1a: Calyrex|99/100|[from] Grassy Terrain
|-heal|p1b: Pyrrhus|59/100|[from] Grassy Terrain
|upkeep
|turn|5
|
|t:|1750815643
|switch|p2a: Incineroar|Incineroar, L50, M|37/100
|-ability|p2a: Incineroar|Intimidate|boost
|-fail|p1a: Calyrex|unboost|[from] item: Clear Amulet|[of] p1a: Calyrex
|-unboost|p1b: Pyrrhus|atk|1
|-terastallize|p2b: Landorus|Poison
|move|p2b: Landorus|Earth Power|p1a: Calyrex
|-damage|p1a: Calyrex|51/100
|move|p1a: Calyrex|Glacial Lance|p2a: Incineroar|[spread] p2a,p2b
|-resisted|p2a: Incineroar
|-damage|p2a: Incineroar|11/100
|-damage|p2b: Landorus|36/100
|move|p1b: Pyrrhus|Parting Shot|p2a: Incineroar
|-unboost|p2a: Incineroar|atk|1
|-unboost|p2a: Incineroar|spa|1
|
|t:|1750815659
|switch|p1b: コライドンv|Koraidon, L50|100/100|[from] Parting Shot
|-weather|SunnyDay|[from] ability: Orichalcum Pulse|[of] p1b: コライドンv
|-activate|p1b: コライドンv|Orichalcum Pulse|[source]
|
|-weather|SunnyDay|[upkeep]
|-heal|p2a: Incineroar|17/100|[from] Grassy Terrain
|-heal|p2b: Landorus|42/100|[from] Grassy Terrain
|-heal|p1a: Calyrex|57/100|[from] Grassy Terrain
|upkeep
|turn|6
|
|t:|1750815681
|switch|p2a: Grimmsnarl|Grimmsnarl, L50, M|100/100
|move|p1b: コライドンv|Protect|p1b: コライドンv
|-singleturn|p1b: コライドンv|Protect
|move|p1a: Calyrex|Protect|p1a: Calyrex
|-singleturn|p1a: Calyrex|Protect
|move|p2b: Landorus|Earth Power|p1a: Calyrex
|-activate|p1a: Calyrex|move: Protect
|
|-weather|SunnyDay|[upkeep]
|-heal|p2b: Landorus|48/100|[from] Grassy Terrain
|-heal|p1a: Calyrex|63/100|[from] Grassy Terrain
|-fieldend|move: Grassy Terrain
|upkeep
|turn|7
|
|t:|1750815730
|move|p2a: Grimmsnarl|Thunder Wave|p1b: コライドンv
|-status|p1b: コライドンv|par
|move|p2b: Landorus|Sludge Bomb|p1b: コライドンv
|-damage|p1b: コライドンv|24/100 par
|cant|p1b: コライドンv|par
|move|p1a: Calyrex|Glacial Lance|p2a: Grimmsnarl|[spread] p2a,p2b
|-damage|p2a: Grimmsnarl|41/100
|-damage|p2b: Landorus|0 fnt
|faint|p2b: Landorus
|-ability|p1a: Calyrex|Chilling Neigh|boost
|-boost|p1a: Calyrex|atk|1
|
|-weather|SunnyDay|[upkeep]
|upkeep
|
|t:|1750815740
|switch|p2b: Incineroar|Incineroar, L50, M|17/100
|-ability|p2b: Incineroar|Intimidate|boost
|-fail|p1a: Calyrex|unboost|[from] item: Clear Amulet|[of] p1a: Calyrex
|-unboost|p1b: コライドンv|atk|1
|turn|8
|
|t:|1750815777
|-terastallize|p1a: Calyrex|Fire
|move|p2a: Grimmsnarl|Reflect|p2a: Grimmsnarl
|-sidestart|p2: LogoVGC|Reflect
|move|p2b: Incineroar|Flare Blitz|p1b: コライドンv
|-resisted|p1b: コライドンv
|-damage|p1b: コライドンv|0 fnt
|faint|p1b: コライドンv
|-damage|p2b: Incineroar|10/100|[from] Recoil
|move|p1a: Calyrex|Glacial Lance|p2b: Incineroar|[spread] p2a,p2b
|-resisted|p2b: Incineroar
|-damage|p2a: Grimmsnarl|0 fnt
|-damage|p2b: Incineroar|0 fnt
|faint|p2a: Grimmsnarl
|faint|p2b: Incineroar
|-ability|p1a: Calyrex|Chilling Neigh|boost
|-boost|p1a: Calyrex|atk|2
|
|-weather|SunnyDay|[upkeep]
|upkeep
|
|t:|1750815792
|switch|p1b: Pyrrhus|Incineroar, L50, M|59/100
|switch|p2a: Calyrex|Calyrex-Ice, L50|100/100
|-ability|p2a: Calyrex|As One
|-ability|p2a: Calyrex|Unnerve
|-ability|p1b: Pyrrhus|Intimidate|boost
|-unboost|p2a: Calyrex|atk|1
|turn|9
|
|t:|1750815797
|move|p2a: Calyrex|Protect|p2a: Calyrex
|-singleturn|p2a: Calyrex|Protect
|move|p1b: Pyrrhus|Fake Out|p2a: Calyrex
|-activate|p2a: Calyrex|move: Protect
|move|p1a: Calyrex|Glacial Lance|p2a: Calyrex
|-activate|p2a: Calyrex|move: Protect
|
|-weather|none
|upkeep
|turn|10
|
|t:|1750815804
|move|p1a: Calyrex|Glacial Lance|p2a: Calyrex
|-resisted|p2a: Calyrex
|-damage|p2a: Calyrex|62/100
|move|p2a: Calyrex|Leech Seed|p1a: Calyrex
|-start|p1a: Calyrex|move: Leech Seed
|move|p1b: Pyrrhus|Parting Shot|p2a: Calyrex
|-unboost|p2a: Calyrex|atk|1
|-unboost|p2a: Calyrex|spa|1
|
|t:|1750815812
|switch|p1b: Rillaboom|Rillaboom, L50, F|88/100|[from] Parting Shot
|-fieldstart|move: Grassy Terrain|[from] ability: Grassy Surge|[of] p1b: Rillaboom
|
|-heal|p1b: Rillaboom|94/100|[from] Grassy Terrain
|-heal|p1a: Calyrex|69/100|[from] Grassy Terrain
|-heal|p2a: Calyrex|68/100|[from] Grassy Terrain
|-heal|p2a: Calyrex|73/100|[from] item: Leftovers
|-damage|p1a: Calyrex|56/100|[from] Leech Seed|[of] p2a: Calyrex
|-heal|p2a: Calyrex|86/100|[silent]
|upkeep
|turn|11
|
|t:|1750815830
|switch|p1b: Pyrrhus|Incineroar, L50, M|59/100
|-ability|p1b: Pyrrhus|Intimidate|boost
|-unboost|p2a: Calyrex|atk|1
|move|p1a: Calyrex|Glacial Lance|p2a: Calyrex
|-resisted|p2a: Calyrex
|-damage|p2a: Calyrex|49/100
|move|p2a: Calyrex|Leech Seed|p1b: Pyrrhus
|-start|p1b: Pyrrhus|move: Leech Seed
|
|-heal|p1a: Calyrex|62/100|[from] Grassy Terrain
|-heal|p2a: Calyrex|55/100|[from] Grassy Terrain
|-heal|p2a: Calyrex|60/100|[from] item: Leftovers
|-heal|p1b: Pyrrhus|65/100|[from] Grassy Terrain
|-damage|p1a: Calyrex|50/100|[from] Leech Seed|[of] p2a: Calyrex
|-heal|p2a: Calyrex|72/100|[silent]
|-damage|p1b: Pyrrhus|52/100|[from] Leech Seed|[of] p2a: Calyrex
|-heal|p2a: Calyrex|85/100|[silent]
|upkeep
|turn|12
|
|t:|1750815843
|switch|p1a: Rillaboom|Rillaboom, L50, F|94/100
|move|p2a: Calyrex|Glacial Lance|p1b: Pyrrhus|[spread] p1a,p1b
|-supereffective|p1a: Rillaboom
|-crit|p1a: Rillaboom
|-resisted|p1b: Pyrrhus
|-damage|p1a: Rillaboom|0 fnt
|-damage|p1b: Pyrrhus|42/100
|faint|p1a: Rillaboom
|-ability|p2a: Calyrex|Chilling Neigh|boost
|-boost|p2a: Calyrex|atk|1
|move|p1b: Pyrrhus|Parting Shot|p2a: Calyrex
|-unboost|p2a: Calyrex|atk|1
|-unboost|p2a: Calyrex|spa|1
|
|t:|1750815847
|switch|p1b: Calyrex|Calyrex-Ice, L50, tera:Fire|50/100|[from] Parting Shot
|-ability|p1b: Calyrex|As One
|-ability|p1b: Calyrex|Unnerve
|
|-heal|p1b: Calyrex|56/100|[from] Grassy Terrain
|-heal|p2a: Calyrex|90/100|[from] Grassy Terrain
|-heal|p2a: Calyrex|96/100|[from] item: Leftovers
|upkeep
|
|t:|1750815852
|switch|p1a: Pyrrhus|Incineroar, L50, M|42/100
|-ability|p1a: Pyrrhus|Intimidate|boost
|-unboost|p2a: Calyrex|atk|1
|turn|13
|
|t:|1750815861
|move|p2a: Calyrex|Protect|p2a: Calyrex
|-singleturn|p2a: Calyrex|Protect
|move|p1a: Pyrrhus|Fake Out|p2a: Calyrex
|-activate|p2a: Calyrex|move: Protect
|move|p1b: Calyrex|High Horsepower|p2a: Calyrex
|-activate|p2a: Calyrex|move: Protect
|
|-heal|p1b: Calyrex|62/100|[from] Grassy Terrain
|-heal|p2a: Calyrex|100/100|[from] Grassy Terrain
|-heal|p1a: Pyrrhus|48/100|[from] Grassy Terrain
|upkeep
|turn|14
|
|t:|1750815868
|move|p1b: Calyrex|High Horsepower|p2a: Calyrex
|-damage|p2a: Calyrex|85/100
|move|p2a: Calyrex|Leech Seed|p1b: Calyrex
|-start|p1b: Calyrex|move: Leech Seed
|move|p1a: Pyrrhus|Knock Off|p2a: Calyrex
|-supereffective|p2a: Calyrex
|-crit|p2a: Calyrex
|-damage|p2a: Calyrex|13/100
|-enditem|p2a: Calyrex|Leftovers|[from] move: Knock Off|[of] p1a: Pyrrhus
|
|-heal|p1b: Calyrex|68/100|[from] Grassy Terrain
|-heal|p2a: Calyrex|18/100|[from] Grassy Terrain
|-heal|p1a: Pyrrhus|54/100|[from] Grassy Terrain
|-damage|p1b: Calyrex|55/100|[from] Leech Seed|[of] p2a: Calyrex
|-heal|p2a: Calyrex|30/100|[silent]
|-fieldend|move: Grassy Terrain
|upkeep
|turn|15
|
|t:|1750815887
|move|p2a: Calyrex|Leech Seed|p1a: Pyrrhus
|-start|p1a: Pyrrhus|move: Leech Seed
|move|p1a: Pyrrhus|Flare Blitz|p2a: Calyrex
|-supereffective|p2a: Calyrex
|-damage|p2a: Calyrex|0 fnt
|faint|p2a: Calyrex
|-damage|p1a: Pyrrhus|44/100|[from] Recoil
|
|win|cream 670
|raw|cream 670's rating: 1405 &rarr; <strong>1426</strong><br />(+21 for winning)
|raw|LogoVGC's rating: 1418 &rarr; <strong>1397</strong><br />(-21 for losing)
|c|☆cream 670|Gg
|c|☆LogoVGC|gg
|l|☆cream 670
|player|p1|
