|j|☆coopm26
|j|☆Jameson Murray
|t:|1750881911
|gametype|doubles
|player|p1|coopm26|cynthia-gen4|1441
|player|p2|Jameson Murray|elesa|1492
|teamsize|p1|6
|teamsize|p2|6
|gen|9
|tier|[Gen 9] VGC 2025 Reg I
|rated|
|rule|Species Clause: Limit one of each Pokémon
|rule|Item Clause: Limit 1 of each item
|clearpoke
|poke|p1|Calyrex-Ice, L50|
|poke|p1|Farigiraf, L50, M|
|poke|p1|Smeargle, L50, M|
|poke|p1|Maushold-Four, L50|
|poke|p1|Kyogre, L50|
|poke|p1|Volcarona, L50, F|
|poke|p2|Groudon, L50|
|poke|p2|Jumpluff, L50, F|
|poke|p2|Raging Bolt, L50|
|poke|p2|Flutter Mane, L50|
|poke|p2|Chi-Yu, L50|
|poke|p2|Calyrex-Ice, L50|
|teampreview|4
coopm26 has agreed to open team sheets.
|
|t:|1750881954
|start
|switch|p1a: Smeargle|Smeargle, L50, M|100/100
|switch|p1b: Calyrex|Calyrex-Ice, L50|100/100
|switch|p2a: Jumpluff|Jumpluff, L50, F, shiny|100/100
|switch|p2b: Calyrex|Calyrex-Ice, L50|100/100
|-ability|p1b: Calyrex|As One
|-ability|p1b: Calyrex|Unnerve
|-ability|p2b: Calyrex|As One
|-ability|p2b: Calyrex|Unnerve
|turn|1
|inactive|Battle timer is ON: inactive players will automatically lose when time's up. (requested by coopm26)
|
|t:|1750881975
|move|p1a: Smeargle|Fake Out|p2a: Jumpluff
|-damage|p2a: Jumpluff|95/100
|move|p2a: Jumpluff|Sleep Powder|p1b: Calyrex
|-status|p1b: Calyrex|slp|[from] move: Sleep Powder
|cant|p1b: Calyrex|slp
|move|p2b: Calyrex|Imprison|p2b: Calyrex
|-start|p2b: Calyrex|move: Imprison
|
|-ability|p1a: Smeargle|Moody|boost
|-boost|p1a: Smeargle|spa|2
|-unboost|p1a: Smeargle|atk|1
|upkeep
|turn|2
|
|t:|1750881992
|switch|p1b: Kyogre|Kyogre, L50|100/100
|-weather|RainDance|[from] ability: Drizzle|[of] p1b: Kyogre
|move|p2a: Jumpluff|Rage Powder|p2a: Jumpluff
|-singleturn|p2a: Jumpluff|move: Rage Powder
|move|p1a: Smeargle|Decorate|p2a: Jumpluff
|-boost|p2a: Jumpluff|atk|2
|-boost|p2a: Jumpluff|spa|2
|move|p2b: Calyrex|Leech Seed|p1a: Smeargle
|-start|p1a: Smeargle|move: Leech Seed
|
|-weather|RainDance|[upkeep]
|-damage|p1a: Smeargle|88/100|[from] Leech Seed|[of] p2b: Calyrex
|-ability|p1a: Smeargle|Moody|boost
|-boost|p1a: Smeargle|spa|2
|-unboost|p1a: Smeargle|atk|1
|upkeep
|turn|3
|
|t:|1750882014
|switch|p1a: Maushold|Maushold-Four, L50|100/100
|move|p1b: Kyogre|Thunder|p2b: Calyrex
|-damage|p2b: Calyrex|73/100
|move|p2a: Jumpluff|Tailwind|p2a: Jumpluff
|-sidestart|p2: Jameson Murray|move: Tailwind
|move|p2b: Calyrex|Glacial Lance|p1a: Maushold|[spread] p1a,p1b
|-resisted|p1b: Kyogre
|-damage|p1a: Maushold|8/100
|-damage|p1b: Kyogre|70/100
|
|-weather|RainDance|[upkeep]
|upkeep
|turn|4
|
|t:|1750882034
|switch|p1b: Calyrex|Calyrex-Ice, L50|100/100 slp
|-ability|p1b: Calyrex|As One
|-ability|p1b: Calyrex|Unnerve
|move|p1a: Maushold|Protect|p1a: Maushold
|-singleturn|p1a: Maushold|Protect
|move|p2a: Jumpluff|Pollen Puff|p1a: Maushold
|-activate|p1a: Maushold|move: Protect
|move|p2b: Calyrex|Glacial Lance|p1b: Calyrex|[spread] p1b
|-activate|p1a: Maushold|move: Protect
|-resisted|p1b: Calyrex
|-damage|p1b: Calyrex|83/100 slp
|
|-weather|RainDance|[upkeep]
|upkeep
|turn|5
|
|t:|1750882073
|switch|p1a: Smeargle|Smeargle, L50, M|88/100
|switch|p1b: Kyogre|Kyogre, L50|70/100
|move|p2a: Jumpluff|Pollen Puff|p1a: Smeargle
|-damage|p1a: Smeargle|36/100
|move|p2b: Calyrex|Glacial Lance|p1a: Smeargle|[spread] p1a,p1b
|-resisted|p1b: Kyogre
|-damage|p1a: Smeargle|0 fnt
|-damage|p1b: Kyogre|40/100
|faint|p1a: Smeargle
|-ability|p2b: Calyrex|Chilling Neigh|boost
|-boost|p2b: Calyrex|atk|1
|
|-weather|RainDance|[upkeep]
|upkeep
|
|t:|1750882088
|switch|p1a: Calyrex|Calyrex-Ice, L50|83/100 slp
|-ability|p1a: Calyrex|As One
|-ability|p1a: Calyrex|Unnerve
|turn|6
|
|t:|1750882097
|-terastallize|p1b: Kyogre|Water
|move|p2a: Jumpluff|Pollen Puff|p2b: Calyrex
|-heal|p2b: Calyrex|100/100
|move|p1b: Kyogre|Origin Pulse|p2b: Calyrex|[spread] p2a,p2b
|-resisted|p2a: Jumpluff
|-damage|p2a: Jumpluff|46/100
|-damage|p2b: Calyrex|38/100
|move|p2b: Calyrex|Glacial Lance|p1b: Kyogre|[spread] p1a,p1b
|-resisted|p1a: Calyrex
|-crit|p1a: Calyrex
|-resisted|p1b: Kyogre
|-damage|p1a: Calyrex|42/100 slp
|-damage|p1b: Kyogre|0 fnt
|faint|p1b: Kyogre
|-ability|p2b: Calyrex|Chilling Neigh|boost
|-boost|p2b: Calyrex|atk|1
|cant|p1a: Calyrex|slp
|
|-weather|none
|-sideend|p2: Jameson Murray|move: Tailwind
|upkeep
|
|t:|1750882113
|switch|p1b: Maushold|Maushold-Four, L50|8/100
|turn|7
|
|t:|1750882118
|move|p2a: Jumpluff|Rage Powder|p2a: Jumpluff
|-singleturn|p2a: Jumpluff|move: Rage Powder
|move|p1b: Maushold|Population Bomb|p2a: Jumpluff
|-damage|p2a: Jumpluff|31/100
|-damage|p2a: Jumpluff|18/100
|-damage|p2a: Jumpluff|3/100
|-damage|p2a: Jumpluff|0 fnt
|faint|p2a: Jumpluff
|-hitcount|p2: Jumpluff|4
|cant|p1a: Calyrex|slp
|move|p2b: Calyrex|Glacial Lance|p1b: Maushold|[spread] p1a,p1b
|-resisted|p1a: Calyrex
|-damage|p1a: Calyrex|10/100 slp
|-damage|p1b: Maushold|0 fnt
|faint|p1b: Maushold
|-ability|p2b: Calyrex|Chilling Neigh|boost
|-boost|p2b: Calyrex|atk|1
|
|upkeep
|c|☆coopm26|gg
|
|t:|1750882132
|switch|p2a: Raging Bolt|Raging Bolt, L50|100/100
|turn|8
|
|t:|1750882137
|move|p2a: Raging Bolt|Protect|p2a: Raging Bolt
|-singleturn|p2a: Raging Bolt|Protect
|-curestatus|p1a: Calyrex|slp|[msg]
|move|p1a: Calyrex|Crunch|p2b: Calyrex
|-supereffective|p2b: Calyrex
|-damage|p2b: Calyrex|0 fnt
|faint|p2b: Calyrex
|-ability|p1a: Calyrex|Chilling Neigh|boost
|-boost|p1a: Calyrex|atk|1
|
|upkeep
|
|t:|1750882139
|switch|p2b: Groudon|Groudon, L50, shiny|100/100
|-weather|SunnyDay|[from] ability: Drought|[of] p2b: Groudon
|-activate|p2a: Raging Bolt|ability: Protosynthesis
|-start|p2a: Raging Bolt|protosynthesisspa
|turn|9
|c|☆coopm26|don't thunderclap
|c|☆Jameson Murray|Okay I won't
|
|t:|1750882169
|-terastallize|p2b: Groudon|Fire
|move|p2b: Groudon|Heat Crash|p1a: Calyrex
|-supereffective|p1a: Calyrex
|-damage|p1a: Calyrex|0 fnt
|faint|p1a: Calyrex
|
|win|Jameson Murray
|raw|coopm26's rating: 1441 &rarr; <strong>1424</strong><br />(-17 for losing)
|raw|Jameson Murray's rating: 1492 &rarr; <strong>1509</strong><br />(+17 for winning)
|c|☆coopm26|aww man
|c|☆coopm26|gg
|c|☆Jameson Murray|I was so scared of like a max speed caly
|c|☆Jameson Murray|Gg!
|c|☆coopm26|haha
|l|☆coopm26
|player|p1|
|l|☆Jameson Murray
|player|p2|
