|j|☆AttackonGolurk
|j|☆Jordy Alba
|t:|1750775200
|gametype|doubles
|player|p1|AttackonGolurk|steven|1316
|player|p2|Jordy Alba|265|1254
|teamsize|p1|6
|teamsize|p2|6
|gen|9
|tier|[Gen 9] VGC 2025 Reg I
|rated|
|rule|Species Clause: Limit one of each Pokémon
|rule|Item Clause: Limit 1 of each item
|clearpoke
|poke|p1|Miraidon, L50|
|poke|p1|Zamazenta-*, L50|
|poke|p1|Grimmsnarl, L50, M|
|poke|p1|Chien-Pao, L50|
|poke|p1|Volcarona, L50, F|
|poke|p1|Iron Hands, L50|
|poke|p2|Zapdos-Galar, L50|
|poke|p2|Thundurus-Therian, L50, M|
|poke|p2|Kleavor, L50, F|
|poke|p2|Giratina, L50|
|poke|p2|Incineroar, L50, F|
|poke|p2|Miraidon, L50|
|teampreview|4
|inactive|Battle timer is ON: inactive players will automatically lose when time's up. (requested by AttackonGolurk)
|
|t:|1750775234
|start
|switch|p1a: Grimmsnarl|Grimmsnarl, L50, M|100/100
|switch|p1b: Miraidon|Miraidon, L50|100/100
|switch|p2a: Kleavor|Kleavor, L50, F|100/100
|switch|p2b: Thundurus|Thundurus-Therian, L50, M|100/100
|-fieldstart|move: Electric Terrain|[from] ability: Hadron Engine|[of] p1b: Miraidon
|turn|1
|
|t:|1750775250
|move|p1a: Grimmsnarl|Light Screen|p1a: Grimmsnarl
|-sidestart|p1: AttackonGolurk|move: Light Screen
|move|p2a: Kleavor|Stone Axe|p1b: Miraidon
|-damage|p1b: Miraidon|49/100
|-sidestart|p1: AttackonGolurk|move: Stealth Rock
|move|p1b: Miraidon|Volt Switch|p2a: Kleavor
|-damage|p2a: Kleavor|0 fnt
|faint|p2a: Kleavor
|
|t:|1750775259
|switch|p1b: Iron Hands|Iron Hands, L50|100/100|[from] Volt Switch
|-damage|p1b: Iron Hands|95/100|[from] Stealth Rock
|-activate|p1b: Iron Hands|ability: Quark Drive
|-start|p1b: Iron Hands|quarkdriveatk
|move|p2b: Thundurus|Taunt|p1a: Grimmsnarl
|-start|p1a: Grimmsnarl|move: Taunt
|
|upkeep
|
|t:|1750775270
|switch|p2a: Incineroar|Incineroar, L50, F|100/100
|-ability|p2a: Incineroar|Intimidate|boost
|-unboost|p1a: Grimmsnarl|atk|1
|-unboost|p1b: Iron Hands|atk|1
|turn|2
|
|t:|1750775280
|move|p1b: Iron Hands|Fake Out|p2b: Thundurus
|-damage|p2b: Thundurus|81/100
|move|p2a: Incineroar|Fake Out|p1b: Iron Hands
|-damage|p1b: Iron Hands|85/100
|cant|p2b: Thundurus|flinch
|move|p1a: Grimmsnarl|Spirit Break|p2b: Thundurus
|-damage|p2b: Thundurus|48/100
|-unboost|p2b: Thundurus|spa|1
|
|upkeep
|turn|3
|inactive|Jordy Alba has 30 seconds left.
|
|t:|1750775309
|move|p2b: Thundurus|Volt Switch|p1a: Grimmsnarl
|-damage|p1a: Grimmsnarl|84/100
|
|t:|1750775311
|switch|p2b: Giratina|Giratina, L50|100/100|[from] Volt Switch
|move|p1b: Iron Hands|Drain Punch|p2a: Incineroar
|-supereffective|p2a: Incineroar
|-damage|p2a: Incineroar|29/100
|-heal|p1b: Iron Hands|100/100|[from] drain|[of] p2a: Incineroar
|move|p1a: Grimmsnarl|Spirit Break|p2b: Giratina
|-supereffective|p2b: Giratina
|-damage|p2b: Giratina|76/100
|-unboost|p2b: Giratina|spa|1
|move|p2a: Incineroar|U-turn|p1a: Grimmsnarl
|-damage|p1a: Grimmsnarl|57/100
|
|t:|1750775314
|switch|p2a: Thundurus|Thundurus-Therian, L50, M|48/100|[from] U-turn
|
|-heal|p2b: Giratina|83/100|[from] item: Leftovers
|upkeep
|turn|4
|
|t:|1750775337
|-end|p1b: Iron Hands|Quark Drive|[silent]
|switch|p1b: Zamazenta|Zamazenta-Crowned, L50|100/100
|-damage|p1b: Zamazenta|97/100|[from] Stealth Rock
|-ability|p1b: Zamazenta|Dauntless Shield|boost
|-boost|p1b: Zamazenta|def|1
|move|p2a: Thundurus|Sludge Wave|p1a: Grimmsnarl|[spread] p1a
|-activate|p2b: Giratina|ability: Telepathy
|-immune|p1b: Zamazenta
|-supereffective|p1a: Grimmsnarl
|-damage|p1a: Grimmsnarl|23/100
|move|p2b: Giratina|Will-O-Wisp|p1b: Zamazenta
|-status|p1b: Zamazenta|brn
|move|p1a: Grimmsnarl|Spirit Break|p2a: Thundurus
|-damage|p2a: Thundurus|13/100
|-unboost|p2a: Thundurus|spa|1
|
|-heal|p2b: Giratina|89/100|[from] item: Leftovers
|-damage|p1b: Zamazenta|91/100 brn|[from] brn
|-end|p1a: Grimmsnarl|move: Taunt
|upkeep
|turn|5
|inactive|AttackonGolurk has 30 seconds left.
|inactive|Jordy Alba has 30 seconds left.
|inactive|AttackonGolurk has 20 seconds left.
|
|t:|1750775374
|move|p2b: Giratina|Protect|p2b: Giratina
|-singleturn|p2b: Giratina|Protect
|move|p1b: Zamazenta|Wide Guard|p1b: Zamazenta
|-singleturn|p1b: Zamazenta|Wide Guard
|move|p1a: Grimmsnarl|Thunder Wave|p2b: Giratina
|-activate|p2b: Giratina|move: Protect
|move|p2a: Thundurus|Taunt|p1a: Grimmsnarl
|-start|p1a: Grimmsnarl|move: Taunt
|
|-heal|p2b: Giratina|95/100|[from] item: Leftovers
|-damage|p1b: Zamazenta|85/100 brn|[from] brn
|-fieldend|move: Electric Terrain
|upkeep
|turn|6
|inactive|Jordy Alba has 30 seconds left.
|
|t:|1750775400
|move|p2a: Thundurus|Volt Switch|p1a: Grimmsnarl
|-damage|p1a: Grimmsnarl|6/100
|
|t:|1750775403
|switch|p2a: Incineroar|Incineroar, L50, F|29/100|[from] Volt Switch
|-ability|p2a: Incineroar|Intimidate|boost
|-unboost|p1a: Grimmsnarl|atk|1
|-unboost|p1b: Zamazenta|atk|1
|move|p1b: Zamazenta|Body Press|p2a: Incineroar
|-supereffective|p2a: Incineroar
|-damage|p2a: Incineroar|0 fnt
|faint|p2a: Incineroar
|move|p2b: Giratina|Shadow Force||[still]
|-prepare|p2b: Giratina|Shadow Force
|move|p1a: Grimmsnarl|Spirit Break|p2b: Giratina|[miss]
|-miss|p1a: Grimmsnarl|p2b: Giratina
|
|-heal|p2b: Giratina|100/100|[from] item: Leftovers
|-damage|p1b: Zamazenta|79/100 brn|[from] brn
|upkeep
|
|t:|1750775405
|switch|p2a: Thundurus|Thundurus-Therian, L50, M|13/100
|turn|7
|
|t:|1750775415
|move|p2a: Thundurus|Volt Switch|p1a: Grimmsnarl
|-damage|p1a: Grimmsnarl|0 fnt
|faint|p1a: Grimmsnarl
|move|p1b: Zamazenta|Body Press|p2a: Thundurus
|-resisted|p2a: Thundurus
|-damage|p2a: Thundurus|0 fnt
|faint|p2a: Thundurus
|move|p2b: Giratina|Shadow Force|p1b: Zamazenta|[from] lockedmove
|-damage|p1b: Zamazenta|59/100 brn
|
|-damage|p1b: Zamazenta|53/100 brn|[from] brn
|upkeep
|
|t:|1750775420
|switch|p1a: Miraidon|Miraidon, L50|49/100
|-damage|p1a: Miraidon|36/100|[from] Stealth Rock
|-fieldstart|move: Electric Terrain|[from] ability: Hadron Engine|[of] p1a: Miraidon
|turn|8
|
|t:|1750775434
|move|p2b: Giratina|Protect|p2b: Giratina
|-singleturn|p2b: Giratina|Protect
|move|p1a: Miraidon|Draco Meteor|p2b: Giratina
|-activate|p2b: Giratina|move: Protect
|move|p1b: Zamazenta|Heavy Slam|p2b: Giratina
|-activate|p2b: Giratina|move: Protect
|
|-damage|p1b: Zamazenta|47/100 brn|[from] brn
|-sideend|p1: AttackonGolurk|move: Light Screen
|upkeep
|turn|9
|
|t:|1750775447
|-terastallize|p2b: Giratina|Poison
|move|p1a: Miraidon|Draco Meteor|p2b: Giratina
|-damage|p2b: Giratina|22/100
|-unboost|p1a: Miraidon|spa|2
|move|p1b: Zamazenta|Heavy Slam|p2b: Giratina
|-damage|p2b: Giratina|19/100
|move|p2b: Giratina|Shadow Force||[still]
|-prepare|p2b: Giratina|Shadow Force
|
|-heal|p2b: Giratina|25/100|[from] item: Leftovers
|-damage|p1b: Zamazenta|41/100 brn|[from] brn
|upkeep
|turn|10
|
|t:|1750775462
|switch|p1b: Iron Hands|Iron Hands, L50|100/100
|-damage|p1b: Iron Hands|95/100|[from] Stealth Rock
|-activate|p1b: Iron Hands|ability: Quark Drive
|-start|p1b: Iron Hands|quarkdriveatk
|move|p1a: Miraidon|Draco Meteor|p2b: Giratina|[miss]
|-miss|p1a: Miraidon|p2b: Giratina
|move|p2b: Giratina|Shadow Force|p1a: Miraidon|[from] lockedmove
|-damage|p1a: Miraidon|0 fnt
|faint|p1a: Miraidon
|
|-heal|p2b: Giratina|31/100|[from] item: Leftovers
|upkeep
|
|t:|1750775472
|switch|p1a: Zamazenta|Zamazenta-Crowned, L50|41/100 brn
|-damage|p1a: Zamazenta|38/100 brn|[from] Stealth Rock
|turn|11
|
|t:|1750775484
|move|p2b: Giratina|Protect|p2b: Giratina
|-singleturn|p2b: Giratina|Protect
|move|p1b: Iron Hands|Fake Out|p2b: Giratina
|-activate|p2b: Giratina|move: Protect
|move|p1a: Zamazenta|Heavy Slam|p2b: Giratina
|-activate|p2b: Giratina|move: Protect
|
|-heal|p2b: Giratina|37/100|[from] item: Leftovers
|-damage|p1a: Zamazenta|32/100 brn|[from] brn
|upkeep
|turn|12
|
|t:|1750775493
|move|p1a: Zamazenta|Heavy Slam|p2b: Giratina
|-damage|p2b: Giratina|33/100
|move|p2b: Giratina|Will-O-Wisp|p1b: Iron Hands
|-status|p1b: Iron Hands|brn
|move|p1b: Iron Hands|Wild Charge|p2b: Giratina
|-damage|p2b: Giratina|6/100
|-damage|p1b: Iron Hands|88/100 brn|[from] Recoil
|
|-heal|p2b: Giratina|12/100|[from] item: Leftovers
|-damage|p1a: Zamazenta|26/100 brn|[from] brn
|-damage|p1b: Iron Hands|82/100 brn|[from] brn
|-fieldend|move: Electric Terrain
|-end|p1b: Iron Hands|Quark Drive
|upkeep
|turn|13
|
|t:|1750775507
|move|p2b: Giratina|Protect|p2b: Giratina
|-singleturn|p2b: Giratina|Protect
|move|p1a: Zamazenta|Heavy Slam|p2b: Giratina
|-activate|p2b: Giratina|move: Protect
|move|p1b: Iron Hands|Wild Charge|p2b: Giratina
|-activate|p2b: Giratina|move: Protect
|
|-heal|p2b: Giratina|18/100|[from] item: Leftovers
|-damage|p1a: Zamazenta|20/100 brn|[from] brn
|-damage|p1b: Iron Hands|76/100 brn|[from] brn
|upkeep
|turn|14
|inactive|Jordy Alba has 30 seconds left.
|inactive|Jordy Alba has 20 seconds left.
|
|t:|1750775543
|move|p1a: Zamazenta|Heavy Slam|p2b: Giratina
|-damage|p2b: Giratina|14/100
|move|p2b: Giratina|Shadow Force||[still]
|-prepare|p2b: Giratina|Shadow Force
|move|p1b: Iron Hands|Wild Charge|p2b: Giratina|[miss]
|-miss|p1b: Iron Hands|p2b: Giratina
|
|-heal|p2b: Giratina|20/100|[from] item: Leftovers
|-damage|p1a: Zamazenta|14/100 brn|[from] brn
|-damage|p1b: Iron Hands|70/100 brn|[from] brn
|upkeep
|turn|15
|
|t:|1750775560
|move|p1a: Zamazenta|Heavy Slam|p2b: Giratina|[miss]
|-miss|p1a: Zamazenta|p2b: Giratina
|move|p2b: Giratina|Shadow Force|p1b: Iron Hands|[from] lockedmove
|-damage|p1b: Iron Hands|33/100 brn
|move|p1b: Iron Hands|Wild Charge|p2b: Giratina
|-damage|p2b: Giratina|5/100
|-damage|p1b: Iron Hands|29/100 brn|[from] Recoil
|
|-heal|p2b: Giratina|11/100|[from] item: Leftovers
|-damage|p1a: Zamazenta|8/100 brn|[from] brn
|-damage|p1b: Iron Hands|23/100 brn|[from] brn
|upkeep
|turn|16
|
|t:|1750775572
|move|p2b: Giratina|Protect|p2b: Giratina
|-singleturn|p2b: Giratina|Protect
|move|p1a: Zamazenta|Heavy Slam|p2b: Giratina
|-activate|p2b: Giratina|move: Protect
|move|p1b: Iron Hands|Wild Charge|p2b: Giratina
|-activate|p2b: Giratina|move: Protect
|
|-heal|p2b: Giratina|18/100|[from] item: Leftovers
|-damage|p1a: Zamazenta|2/100 brn|[from] brn
|-damage|p1b: Iron Hands|17/100 brn|[from] brn
|upkeep
|turn|17
|-message|AttackonGolurk forfeited.
|
|win|Jordy Alba
|raw|AttackonGolurk's rating: 1316 &rarr; <strong>1292</strong><br />(-24 for losing)
|raw|Jordy Alba's rating: 1254 &rarr; <strong>1283</strong><br />(+29 for winning)
|c|☆Jordy Alba|ggez
|c|☆Jordy Alba|nah wo
|c|☆Jordy Alba|wp
|c|☆AttackonGolurk|What's
|c|☆AttackonGolurk|The 4th move on giratina?
|c|☆Jordy Alba|shadow sneak
|c|☆AttackonGolurk|Cool
|c|☆AttackonGolurk|Gg wo
|c|☆AttackonGolurk|Wp
|c|☆Jordy Alba|he chonky boy
|c|☆Jordy Alba|cheers
|c|☆AttackonGolurk|Y sí
|l|☆AttackonGolurk
|player|p1|
|l|☆Jordy Alba
|player|p2|
