|j|☆Hikawari
|j|☆Iamsliverfish
|t:|1750812588
|gametype|doubles
|player|p1|Hikawari|1|1699
|player|p2|Iamsliverfish|silver-masters|1780
|teamsize|p1|6
|teamsize|p2|6
|gen|9
|tier|[Gen 9] VGC 2025 Reg I
|rated|
|rule|Species Clause: Limit one of each Pokémon
|rule|Item Clause: Limit 1 of each item
|clearpoke
|poke|p1|Zamazenta-*, L50|
|poke|p1|Calyrex-Shadow, L50|
|poke|p1|Urshifu-*, L50, M|
|poke|p1|Amoonguss, L50, M|
|poke|p1|Chien-Pao, L50|
|poke|p1|Ogerpon-Cornerstone, L50, F|
|poke|p2|Zamazenta-*, L50|
|poke|p2|Kyogre, L50|
|poke|p2|Chien-Pao, L50|
|poke|p2|Roaring Moon, L50|
|poke|p2|Rillaboom, L50, F|
|poke|p2|Urshifu-*, L50, F|
|teampreview|4
|inactive|Battle timer is ON: inactive players will automatically lose when time's up. (requested by Hikawari)
Hikawari has agreed to open team sheets.
|inactive|Iamsliverfish has 60 seconds left.
|
|t:|1750812621
|start
|switch|p1a: Zamazenta|Zamazenta-Crowned, L50|100/100
|switch|p1b: Chien-Pao|Chien-Pao, L50|100/100
|switch|p2a: roundtile|Roaring Moon, L50|100/100
|switch|p2b: Dogtile|Zamazenta-Crowned, L50|100/100
|-ability|p1b: Chien-Pao|Sword of Ruin
|-ability|p2b: Dogtile|Dauntless Shield|boost
|-boost|p2b: Dogtile|def|1
|-ability|p1a: Zamazenta|Dauntless Shield|boost
|-boost|p1a: Zamazenta|def|1
|-enditem|p2a: roundtile|Booster Energy
|-activate|p2a: roundtile|ability: Protosynthesis|[fromitem]
|-start|p2a: roundtile|protosynthesisspe
|turn|1
|
|t:|1750812635
|move|p2a: roundtile|Tailwind|p2a: roundtile
|-sidestart|p2: Iamsliverfish|move: Tailwind
|move|p2b: Dogtile|Imprison|p2b: Dogtile
|-start|p2b: Dogtile|move: Imprison
|move|p1b: Chien-Pao|Icicle Crash|p2a: roundtile|[miss]
|-miss|p1b: Chien-Pao|p2a: roundtile
|cant|p1a: Zamazenta|move: Imprison|Body Press
|
|upkeep
|turn|2
|inactive|Iamsliverfish has 30 seconds left.
|
|t:|1750812667
|switch|p1a: Amoonguss|Amoonguss, L50, M|100/100
|move|p2a: roundtile|Acrobatics|p1b: Chien-Pao
|-damage|p1b: Chien-Pao|51/100
|move|p2b: Dogtile|Heavy Slam|p1b: Chien-Pao
|-supereffective|p1b: Chien-Pao
|-damage|p1b: Chien-Pao|0 fnt
|faint|p1b: Chien-Pao
|
|upkeep
|
|t:|1750812678
|switch|p1b: Calyrex|Calyrex-Shadow, L50|100/100
|-ability|p1b: Calyrex|As One
|-ability|p1b: Calyrex|Unnerve
|turn|3
|inactive|Iamsliverfish has 30 seconds left.
|inactive|Iamsliverfish has 20 seconds left.
|
|t:|1750812718
|-terastallize|p2a: roundtile|Flying
|move|p1a: Amoonguss|Rage Powder|p1a: Amoonguss
|-singleturn|p1a: Amoonguss|move: Rage Powder
|move|p2a: roundtile|Acrobatics|p1a: Amoonguss
|-supereffective|p1a: Amoonguss
|-damage|p1a: Amoonguss|3/100
|-damage|p2a: roundtile|84/100|[from] item: Rocky Helmet|[of] p1a: Amoonguss
|move|p2b: Dogtile|Body Press|p1a: Amoonguss
|-resisted|p1a: Amoonguss
|-damage|p1a: Amoonguss|0 fnt
|-damage|p2b: Dogtile|84/100|[from] item: Rocky Helmet|[of] p1a: Amoonguss
|faint|p1a: Amoonguss
|move|p1b: Calyrex|Astral Barrage|p2a: roundtile|[spread] p2a,p2b
|-damage|p2a: roundtile|32/100
|-damage|p2b: Dogtile|38/100
|-damage|p1b: Calyrex|91/100|[from] item: Life Orb
|
|upkeep
|
|t:|1750812734
|switch|p1a: Zamazenta|Zamazenta-Crowned, L50|100/100
|turn|4
|
|t:|1750812741
|-terastallize|p1b: Calyrex|Normal
|move|p1a: Zamazenta|Wide Guard|p1a: Zamazenta
|-singleturn|p1a: Zamazenta|Wide Guard
|move|p2a: roundtile|Knock Off|p1b: Calyrex
|-damage|p1b: Calyrex|44/100
|-enditem|p1b: Calyrex|Life Orb|[from] move: Knock Off|[of] p2a: roundtile
|move|p2b: Dogtile|Body Press|p1b: Calyrex
|-supereffective|p1b: Calyrex
|-damage|p1b: Calyrex|0 fnt
|faint|p1b: Calyrex
|
|-sideend|p2: Iamsliverfish|move: Tailwind
|upkeep
|turn|5
|-message|Hikawari forfeited.
|
|win|Iamsliverfish
|raw|Hikawari's rating: 1699 &rarr; <strong>1684</strong><br />(-15 for losing)
|raw|Iamsliverfish's rating: 1796 &rarr; <strong>1811</strong><br />(+15 for winning)
|l|☆Hikawari
|player|p1|
|l|☆Iamsliverfish
|player|p2|
