|j|☆Llemand
|j|☆nuggs54
|t:|1750741342
|gametype|doubles
|player|p1|Llemand|caitlin|1252
|player|p2|nuggs54|266|1201
|teamsize|p1|6
|teamsize|p2|6
|gen|9
|tier|[Gen 9] VGC 2025 Reg I
|rated|
|rule|Species Clause: Limit one of each Pokémon
|rule|Item Clause: Limit 1 of each item
|clearpoke
|poke|p1|Koraidon, L50|
|poke|p1|Ursaluna-Bloodmoon, L50, M|
|poke|p1|Lunala, L50|
|poke|p1|Kingambit, L50, M|
|poke|p1|Clefairy, L50, M|
|poke|p1|Ogerpon-Hearthflame, L50, F|
|poke|p2|Zekrom, L50|
|poke|p2|Calyrex-Ice, L50|
|poke|p2|Volcarona, L50, F|
|poke|p2|Porygon2, L50|
|poke|p2|Urshifu-*, L50, M|
|poke|p2|Landorus, L50, M|
|teampreview|4
|
|t:|1750741400
|start
|switch|p1a: Ogerpon|Ogerpon-Hearthflame, L50, F|100/100
|switch|p1b: Lunala|Lunala, L50|100/100
|switch|p2a: Landorus|Landorus, L50, M|100/100
|switch|p2b: Calyrex|Calyrex-Ice, L50|100/100
|-ability|p2b: Calyrex|As One
|-ability|p2b: Calyrex|Unnerve
|-ability|p1a: Ogerpon|Mold Breaker
|turn|1
|
|t:|1750741420
|-terastallize|p2b: Calyrex|Water
|move|p1a: Ogerpon|Horn Leech|p2b: Calyrex
|-supereffective|p2b: Calyrex
|-damage|p2b: Calyrex|51/100
|move|p1b: Lunala|Meteor Beam||[still]
|-prepare|p1b: Lunala|Meteor Beam
|-boost|p1b: Lunala|spa|1
|-enditem|p1b: Lunala|Power Herb
|-anim|p1b: Lunala|Meteor Beam|p2a: Landorus
|-damage|p2a: Landorus|44/100
|move|p2a: Landorus|Sludge Bomb|p1a: Ogerpon
|-supereffective|p1a: Ogerpon
|-damage|p1a: Ogerpon|0 fnt
|faint|p1a: Ogerpon
|move|p2b: Calyrex|Leech Seed|p1b: Lunala
|-start|p1b: Lunala|move: Leech Seed
|
|-heal|p2b: Calyrex|57/100|[from] item: Leftovers
|-damage|p1b: Lunala|88/100|[from] Leech Seed|[of] p2b: Calyrex
|-heal|p2b: Calyrex|72/100|[silent]
|upkeep
|
|t:|1750741437
|switch|p1a: Ursaluna|Ursaluna-Bloodmoon, L50, M|100/100
|turn|2
|
|t:|1750741458
|-terastallize|p1a: Ursaluna|Normal
|move|p1b: Lunala|Moongeist Beam|p2a: Landorus
|-damage|p2a: Landorus|0 fnt
|faint|p2a: Landorus
|move|p2b: Calyrex|Leech Seed|p1a: Ursaluna|[miss]
|-miss|p2b: Calyrex|p1a: Ursaluna
|move|p1a: Ursaluna|Blood Moon|p2b: Calyrex
|-damage|p2b: Calyrex|1/100
|
|-heal|p2b: Calyrex|7/100|[from] item: Leftovers
|-damage|p1b: Lunala|76/100|[from] Leech Seed|[of] p2b: Calyrex
|-heal|p2b: Calyrex|21/100|[silent]
|upkeep
|
|t:|1750741471
|switch|p2a: Porygon2|Porygon2, L50|100/100
|-ability|p2a: Porygon2|Download|boost
|-boost|p2a: Porygon2|spa|1
|turn|3
|
|t:|1750741488
|move|p2b: Calyrex|Protect|p2b: Calyrex
|-singleturn|p2b: Calyrex|Protect
|move|p1a: Ursaluna|Hyper Voice|p2a: Porygon2|[spread] p2a
|-activate|p2b: Calyrex|move: Protect
|-damage|p2a: Porygon2|71/100
|move|p1b: Lunala|Trick Room|p1b: Lunala
|-fieldstart|move: Trick Room|[of] p1b: Lunala
|move|p2a: Porygon2|Trick Room|p2a: Porygon2
|-fieldend|move: Trick Room
|
|-heal|p2b: Calyrex|27/100|[from] item: Leftovers
|-damage|p1b: Lunala|64/100|[from] Leech Seed|[of] p2b: Calyrex
|-heal|p2b: Calyrex|42/100|[silent]
|upkeep
|turn|4
|
|t:|1750741512
|switch|p1b: Kingambit|Kingambit, L50, M|100/100
|move|p2a: Porygon2|Shadow Ball|p1b: Kingambit
|-resisted|p1b: Kingambit
|-damage|p1b: Kingambit|84/100
|move|p2b: Calyrex|Leech Seed|p1a: Ursaluna
|-start|p1a: Ursaluna|move: Leech Seed
|move|p1a: Ursaluna|Blood Moon|p2b: Calyrex
|-damage|p2b: Calyrex|0 fnt
|faint|p2b: Calyrex
|
|upkeep
|
|t:|1750741520
|switch|p2b: Zekrom|Zekrom, L50|100/100
|-ability|p2b: Zekrom|Teravolt
|turn|5
|
|t:|1750741534
|switch|p1a: Lunala|Lunala, L50|64/100
|move|p1b: Kingambit|Protect|p1b: Kingambit
|-singleturn|p1b: Kingambit|Protect
|move|p2b: Zekrom|Fusion Bolt|p1a: Lunala
|-crit|p1a: Lunala
|-damage|p1a: Lunala|0 fnt
|faint|p1a: Lunala
|move|p2a: Porygon2|Ice Beam|p1b: Kingambit
|-activate|p1b: Kingambit|move: Protect
|
|upkeep
|
|t:|1750741543
|switch|p1a: Ursaluna|Ursaluna-Bloodmoon, L50, M, tera:Normal|100/100
|turn|6
|
|t:|1750741564
|move|p1b: Kingambit|Sucker Punch|p2b: Zekrom
|-damage|p2b: Zekrom|63/100
|move|p2b: Zekrom|Fusion Bolt|p1a: Ursaluna
|-damage|p1a: Ursaluna|61/100
|move|p2a: Porygon2|Ice Beam|p1a: Ursaluna
|-damage|p1a: Ursaluna|34/100
|move|p1a: Ursaluna|Earth Power|p2b: Zekrom
|-supereffective|p2b: Zekrom
|-damage|p2b: Zekrom|0 fnt
|faint|p2b: Zekrom
|
|upkeep
|turn|7
|
|t:|1750741593
|move|p1a: Ursaluna|Vacuum Wave|p2a: Porygon2
|-supereffective|p2a: Porygon2
|-damage|p2a: Porygon2|53/100
|move|p2a: Porygon2|Ice Beam|p1a: Ursaluna
|-damage|p1a: Ursaluna|4/100
|move|p1b: Kingambit|Iron Head|p2a: Porygon2
|-damage|p2a: Porygon2|26/100
|
|upkeep
|turn|8
|
|t:|1750741609
|move|p1a: Ursaluna|Vacuum Wave|p2a: Porygon2
|-supereffective|p2a: Porygon2
|-damage|p2a: Porygon2|8/100
|move|p2a: Porygon2|Recover|p2a: Porygon2
|-heal|p2a: Porygon2|58/100
|move|p1b: Kingambit|Iron Head|p2a: Porygon2
|-damage|p2a: Porygon2|33/100
|
|upkeep
|turn|9
|
|t:|1750741620
|move|p1a: Ursaluna|Vacuum Wave|p2a: Porygon2
|-supereffective|p2a: Porygon2
|-damage|p2a: Porygon2|13/100
|move|p2a: Porygon2|Recover|p2a: Porygon2
|-heal|p2a: Porygon2|63/100
|move|p1b: Kingambit|Iron Head|p2a: Porygon2
|-damage|p2a: Porygon2|34/100
|
|upkeep
|turn|10
|
|t:|1750741630
|move|p1a: Ursaluna|Vacuum Wave|p2a: Porygon2
|-supereffective|p2a: Porygon2
|-damage|p2a: Porygon2|16/100
|move|p2a: Porygon2|Recover|p2a: Porygon2
|-heal|p2a: Porygon2|66/100
|move|p1b: Kingambit|Kowtow Cleave|p2a: Porygon2
|-damage|p2a: Porygon2|36/100
|
|upkeep
|turn|11
|
|t:|1750741642
|move|p2a: Porygon2|Recover|p2a: Porygon2
|-heal|p2a: Porygon2|86/100
|move|p1a: Ursaluna|Blood Moon|p2a: Porygon2
|-damage|p2a: Porygon2|19/100
|move|p1b: Kingambit|Kowtow Cleave|p2a: Porygon2
|-damage|p2a: Porygon2|0 fnt
|faint|p2a: Porygon2
|
|win|Llemand
|raw|Llemand's rating: 1252 &rarr; <strong>1273</strong><br />(+21 for winning)
|raw|nuggs54's rating: 1201 &rarr; <strong>1180</strong><br />(-21 for losing)
|l|☆nuggs54
|player|p2|
|c|☆Llemand|gg
|l|☆Llemand
|player|p1|
