|j|☆broodedgy
|j|☆canon_tm
|t:|1750870231
|gametype|doubles
|player|p1|broodedgy|266|1519
|player|p2|canon_tm|169|1561
|teamsize|p1|6
|teamsize|p2|6
|gen|9
|tier|[Gen 9] VGC 2025 Reg I
|rated|
|rule|Species Clause: Limit one of each Pokémon
|rule|Item Clause: Limit 1 of each item
|clearpoke
|poke|p1|Farigiraf, L50, F|
|poke|p1|Miraidon, L50|
|poke|p1|Rayquaza, L50|
|poke|p1|Iron Hands, L50|
|poke|p1|Volcarona, L50, M|
|poke|p1|Ogerpon-Wellspring, L50, F|
|poke|p2|Miraidon, L50|
|poke|p2|Zamazenta-*, L50|
|poke|p2|Chien-Pao, L50|
|poke|p2|Incineroar, L50, M|
|poke|p2|Landorus, L50, M|
|poke|p2|Whimsicott, L50, F|
|teampreview|4
|inactive|Battle timer is ON: inactive players will automatically lose when time's up. (requested by broodedgy)
|inactive|canon_tm has 60 seconds left.
|inactive|canon_tm has 30 seconds left.
|inactive|broodedgy has 60 seconds left.
|inactive|canon_tm has 20 seconds left.
|
|t:|1750870307
|start
|switch|p1a: Miraidon|Miraidon, L50|100/100
|switch|p1b: Volcarona|Volcarona, L50, M|100/100
|switch|p2a: Miraidon|Miraidon, L50|100/100
|switch|p2b: Whimsicott|Whimsicott, L50, F|100/100
|-fieldstart|move: Electric Terrain|[from] ability: Hadron Engine|[of] p1a: Miraidon
|-activate|p2a: Miraidon|ability: Hadron Engine
|turn|1
|
|t:|1750870331
|move|p1b: Volcarona|Rage Powder|p1b: Volcarona
|-singleturn|p1b: Volcarona|move: Rage Powder
|move|p2b: Whimsicott|Light Screen|p2b: Whimsicott
|-sidestart|p2: canon_tm|move: Light Screen
|move|p1a: Miraidon|Volt Switch|p2a: Miraidon
|-resisted|p2a: Miraidon
|-damage|p2a: Miraidon|91/100
|
|t:|1750870339
|switch|p1a: Iron Hands|Iron Hands, L50|100/100|[from] Volt Switch
|-activate|p1a: Iron Hands|ability: Quark Drive
|-start|p1a: Iron Hands|quarkdriveatk
|move|p2a: Miraidon|Electro Drift|p1b: Volcarona
|-damage|p1b: Volcarona|0 fnt
|-damage|p2a: Miraidon|74/100|[from] item: Rocky Helmet|[of] p1b: Volcarona
|faint|p1b: Volcarona
|
|upkeep
|
|t:|1750870354
|switch|p1b: Rayquaza|Rayquaza, L50|100/100
|-ability|p1b: Rayquaza|Air Lock
|turn|2
|inactive|canon_tm has 30 seconds left.
|
|t:|1750870381
|switch|p2a: Landorus|Landorus, L50, M|100/100
|-terastallize|p1b: Rayquaza|Normal
|move|p1a: Iron Hands|Fake Out|p2a: Landorus
|-damage|p2a: Landorus|79/100
|move|p1b: Rayquaza|Extreme Speed|p2b: Whimsicott
|-damage|p2b: Whimsicott|4/100
|move|p2b: Whimsicott|Moonblast|p1b: Rayquaza
|-damage|p1b: Rayquaza|73/100
|-unboost|p1b: Rayquaza|spa|1
|
|upkeep
|turn|3
|
|t:|1750870404
|move|p1b: Rayquaza|Extreme Speed|p2a: Landorus
|-damage|p2a: Landorus|0 fnt
|faint|p2a: Landorus
|move|p2b: Whimsicott|Moonblast|p1b: Rayquaza
|-damage|p1b: Rayquaza|49/100
|move|p1a: Iron Hands|Drain Punch|p2b: Whimsicott
|-resisted|p2b: Whimsicott
|-crit|p2b: Whimsicott
|-damage|p2b: Whimsicott|0 fnt
|faint|p2b: Whimsicott
|
|upkeep
|
|t:|1750870417
|switch|p2b: Chien-Pao|Chien-Pao, L50|100/100
|switch|p2a: Miraidon|Miraidon, L50|74/100
|-ability|p2b: Chien-Pao|Sword of Ruin
|-activate|p2a: Miraidon|ability: Hadron Engine
|turn|4
|
|t:|1750870440
|-terastallize|p2a: Miraidon|Fairy
|move|p1b: Rayquaza|Extreme Speed|p2a: Miraidon
|-damage|p2a: Miraidon|0 fnt
|faint|p2a: Miraidon
|move|p2b: Chien-Pao|Icicle Crash|p1a: Iron Hands
|-damage|p1a: Iron Hands|66/100
|move|p1a: Iron Hands|Drain Punch|p2b: Chien-Pao
|-supereffective|p2b: Chien-Pao
|-enditem|p2b: Chien-Pao|Focus Sash
|-damage|p2b: Chien-Pao|1/100
|-heal|p1a: Iron Hands|99/100|[from] drain|[of] p2b: Chien-Pao
|
|upkeep
|turn|5
|-message|canon_tm forfeited.
|
|win|broodedgy
|raw|broodedgy's rating: 1519 &rarr; <strong>1541</strong><br />(+22 for winning)
|raw|canon_tm's rating: 1561 &rarr; <strong>1539</strong><br />(-22 for losing)
|l|☆canon_tm
|player|p2|
|l|☆broodedgy
|player|p1|
