|j|☆raul6248
|j|☆DoubleBad17
|t:|1750786310
|gametype|doubles
|player|p1|raul6248|shadowtriad|1350
|player|p2|DoubleBad17|266|1335
|teamsize|p1|6
|teamsize|p2|6
|gen|9
|tier|[Gen 9] VGC 2025 Reg I
|rated|
|rule|Species Clause: Limit one of each Pokémon
|rule|Item Clause: Limit 1 of each item
|clearpoke
|poke|p1|Kyogre, L50|
|poke|p1|Incineroar, L50, M|
|poke|p1|Amoonguss, L50, M|
|poke|p1|Calyrex-Ice, L50|
|poke|p1|Grimmsnarl, L50, M|
|poke|p1|Rillaboom, L50, M|
|poke|p2|Calyrex-Ice, L50|
|poke|p2|Incineroar, L50, M|
|poke|p2|Lugia, L50|
|poke|p2|Weezing-Galar, L50, M|
|poke|p2|Raging Bolt, L50|
|poke|p2|Urshifu-*, L50, F|
|teampreview|4
|
|t:|1750786380
|start
|switch|p1a: Grimmsnarl|Grimmsnarl, L50, M|100/100
|switch|p1b: Caly MaxM|Calyrex-Ice, L50|100/100
|switch|p2a: Calyrex|Calyrex-Ice, L50|100/100
|switch|p2b: Incineroar|Incineroar, L50, M|100/100
|-ability|p2a: Calyrex|As One
|-ability|p2a: Calyrex|Unnerve
|-ability|p1b: Caly MaxM|As One
|-ability|p1b: Caly MaxM|Unnerve
|-ability|p2b: Incineroar|Intimidate|boost
|-unboost|p1a: Grimmsnarl|atk|1
|-unboost|p1b: Caly MaxM|atk|1
|turn|1
|
|t:|1750786414
|switch|p1b: Incineroar|Incineroar, L50, M, shiny|100/100
|-ability|p1b: Incineroar|Intimidate|boost
|-unboost|p2a: Calyrex|atk|1
|-unboost|p2b: Incineroar|atk|1
|move|p2b: Incineroar|Fake Out|p1b: Incineroar
|-damage|p1b: Incineroar|94/100
|move|p1a: Grimmsnarl|Reflect|p1a: Grimmsnarl
|-sidestart|p1: raul6248|Reflect
|move|p2a: Calyrex|Leech Seed|p1a: Grimmsnarl
|-start|p1a: Grimmsnarl|move: Leech Seed
|
|-damage|p1a: Grimmsnarl|88/100|[from] Leech Seed|[of] p2a: Calyrex
|upkeep
|turn|2
|
|t:|1750786438
|move|p2a: Calyrex|Protect|p2a: Calyrex
|-singleturn|p2a: Calyrex|Protect
|move|p1a: Grimmsnarl|Light Screen|p1a: Grimmsnarl
|-sidestart|p1: raul6248|move: Light Screen
|move|p1b: Incineroar|Will-O-Wisp|p2a: Calyrex
|-activate|p2a: Calyrex|move: Protect
|move|p2b: Incineroar|U-turn|p1a: Grimmsnarl
|-damage|p1a: Grimmsnarl|80/100
|
|t:|1750786453
|switch|p2b: Urshifu|Urshifu-Rapid-Strike, L50, F|100/100|[from] U-turn
|
|-damage|p1a: Grimmsnarl|67/100|[from] Leech Seed|[of] p2a: Calyrex
|upkeep
|turn|3
|
|t:|1750786490
|switch|p1b: Amoonguss|Amoonguss, L50, M|100/100
|move|p1a: Grimmsnarl|Thunder Wave|p2b: Urshifu
|-status|p2b: Urshifu|par
|move|p2b: Urshifu|Surging Strikes|p1b: Amoonguss
|-resisted|p1b: Amoonguss
|-crit|p1b: Amoonguss
|-damage|p1b: Amoonguss|90/100
|-damage|p2b: Urshifu|84/100 par|[from] item: Rocky Helmet|[of] p1b: Amoonguss
|-resisted|p1b: Amoonguss
|-crit|p1b: Amoonguss
|-damage|p1b: Amoonguss|82/100
|-damage|p2b: Urshifu|68/100 par|[from] item: Rocky Helmet|[of] p1b: Amoonguss
|-resisted|p1b: Amoonguss
|-crit|p1b: Amoonguss
|-damage|p1b: Amoonguss|73/100
|-damage|p2b: Urshifu|51/100 par|[from] item: Rocky Helmet|[of] p1b: Amoonguss
|-hitcount|p1b: Amoonguss|3
|move|p2a: Calyrex|Leech Seed|p1b: Amoonguss
|-immune|p1b: Amoonguss
|
|-damage|p1a: Grimmsnarl|55/100|[from] Leech Seed|[of] p2a: Calyrex
|upkeep
|turn|4
|
|t:|1750786521
|switch|p1b: Incineroar|Incineroar, L50, M, shiny|94/100
|-ability|p1b: Incineroar|Intimidate|boost
|-unboost|p2a: Calyrex|atk|1
|-unboost|p2b: Urshifu|atk|1
|move|p2b: Urshifu|Surging Strikes|p1a: Grimmsnarl
|-crit|p1a: Grimmsnarl
|-damage|p1a: Grimmsnarl|30/100
|-crit|p1a: Grimmsnarl
|-damage|p1a: Grimmsnarl|8/100
|-crit|p1a: Grimmsnarl
|-damage|p1a: Grimmsnarl|0 fnt
|faint|p1a: Grimmsnarl
|-hitcount|p1: Grimmsnarl|3
|move|p2a: Calyrex|Glacial Lance|p1b: Incineroar
|-resisted|p1b: Incineroar
|-damage|p1b: Incineroar|84/100
|
|upkeep
|
|t:|1750786529
|switch|p1a: Caly MaxM|Calyrex-Ice, L50|100/100
|-ability|p1a: Caly MaxM|As One
|-ability|p1a: Caly MaxM|Unnerve
|turn|5
|
|t:|1750786564
|switch|p2b: Incineroar|Incineroar, L50, M|100/100
|-ability|p2b: Incineroar|Intimidate|boost
|-unboost|p1a: Caly MaxM|atk|1
|-unboost|p1b: Incineroar|atk|1
|switch|p1b: Amoonguss|Amoonguss, L50, M|100/100
|-terastallize|p2a: Calyrex|Fire
|move|p2a: Calyrex|Body Press|p1b: Amoonguss
|-resisted|p1b: Amoonguss
|-damage|p1b: Amoonguss|91/100
|-damage|p2a: Calyrex|84/100|[from] item: Rocky Helmet|[of] p1b: Amoonguss
|move|p1a: Caly MaxM|Leech Seed|p2b: Incineroar
|-start|p2b: Incineroar|move: Leech Seed
|
|-heal|p2a: Calyrex|90/100|[from] item: Leftovers
|-damage|p2b: Incineroar|88/100|[from] Leech Seed|[of] p1a: Caly MaxM
|upkeep
|turn|6
|
|t:|1750786599
|switch|p1a: Incineroar|Incineroar, L50, M, shiny|84/100
|-ability|p1a: Incineroar|Intimidate|boost
|-unboost|p2a: Calyrex|atk|1
|-unboost|p2b: Incineroar|atk|1
|move|p2b: Incineroar|Knock Off|p1a: Incineroar
|-resisted|p1a: Incineroar
|-damage|p1a: Incineroar|76/100
|-enditem|p1a: Incineroar|Safety Goggles|[from] move: Knock Off|[of] p2b: Incineroar
|move|p2a: Calyrex|Glacial Lance|p1a: Incineroar|[spread] p1a,p1b
|-resisted|p1a: Incineroar
|-supereffective|p1b: Amoonguss
|-damage|p1a: Incineroar|70/100
|-damage|p1b: Amoonguss|67/100
|move|p1b: Amoonguss|Spore|p2a: Calyrex
|-status|p2a: Calyrex|slp|[from] move: Spore
|
|-heal|p2a: Calyrex|96/100 slp|[from] item: Leftovers
|-damage|p2b: Incineroar|76/100|[from] Leech Seed|[of] p1a: Incineroar
|-heal|p1a: Incineroar|82/100|[silent]
|upkeep
|turn|7
|
|t:|1750786637
|move|p1b: Amoonguss|Protect|p1b: Amoonguss
|-singleturn|p1b: Amoonguss|Protect
|move|p1a: Incineroar|Knock Off|p2b: Incineroar
|-resisted|p2b: Incineroar
|-crit|p2b: Incineroar
|-damage|p2b: Incineroar|54/100
|-enditem|p2b: Incineroar|Safety Goggles|[from] move: Knock Off|[of] p1a: Incineroar
|move|p2b: Incineroar|U-turn|p1b: Amoonguss
|-activate|p1b: Amoonguss|move: Protect
|cant|p2a: Calyrex|slp
|
|-heal|p2a: Calyrex|100/100 slp|[from] item: Leftovers
|-damage|p2b: Incineroar|42/100|[from] Leech Seed|[of] p1a: Incineroar
|-heal|p1a: Incineroar|95/100|[silent]
|upkeep
|turn|8
|
|t:|1750786662
|move|p1a: Incineroar|Knock Off|p2b: Incineroar
|-resisted|p2b: Incineroar
|-damage|p2b: Incineroar|32/100
|move|p2b: Incineroar|U-turn|p1b: Amoonguss
|-damage|p1b: Amoonguss|59/100
|-damage|p2b: Incineroar|15/100|[from] item: Rocky Helmet|[of] p1b: Amoonguss
|
|t:|1750786674
|switch|p2b: Urshifu|Urshifu-Rapid-Strike, L50, F|51/100 par|[from] U-turn
|-curestatus|p2a: Calyrex|slp|[msg]
|move|p2a: Calyrex|Glacial Lance|p1b: Amoonguss|[spread] p1a,p1b
|-resisted|p1a: Incineroar
|-supereffective|p1b: Amoonguss
|-damage|p1a: Incineroar|89/100
|-damage|p1b: Amoonguss|35/100
|move|p1b: Amoonguss|Spore||[still]
|-fail|p1b: Amoonguss
|
|-sideend|p1: raul6248|Reflect
|upkeep
|turn|9
|
|t:|1750786705
|switch|p1b: Caly MaxM|Calyrex-Ice, L50|100/100
|-ability|p1b: Caly MaxM|As One
|-ability|p1b: Caly MaxM|Unnerve
|move|p2a: Calyrex|Protect|p2a: Calyrex
|-singleturn|p2a: Calyrex|Protect
|move|p2b: Urshifu|Coaching|p2a: Calyrex
|-boost|p2a: Calyrex|atk|1
|-boost|p2a: Calyrex|def|1
|move|p1a: Incineroar|Knock Off|p2b: Urshifu
|-resisted|p2b: Urshifu
|-damage|p2b: Urshifu|29/100 par
|-enditem|p2b: Urshifu|Choice Scarf|[from] move: Knock Off|[of] p1a: Incineroar
|
|-sideend|p1: raul6248|move: Light Screen
|upkeep
|turn|10
|
|t:|1750786734
|move|p1a: Incineroar|Knock Off|p2a: Calyrex
|-damage|p2a: Calyrex|85/100
|-enditem|p2a: Calyrex|Leftovers|[from] move: Knock Off|[of] p1a: Incineroar
|move|p2b: Urshifu|Coaching|p2a: Calyrex
|-boost|p2a: Calyrex|atk|1
|-boost|p2a: Calyrex|def|1
|move|p2a: Calyrex|Glacial Lance|p1b: Caly MaxM|[spread] p1a,p1b
|-resisted|p1a: Incineroar
|-resisted|p1b: Caly MaxM
|-damage|p1a: Incineroar|74/100
|-damage|p1b: Caly MaxM|90/100
|move|p1b: Caly MaxM|Glacial Lance|p2a: Calyrex|[spread] p2a,p2b
|-resisted|p2a: Calyrex
|-resisted|p2b: Urshifu
|-damage|p2a: Calyrex|77/100
|-damage|p2b: Urshifu|2/100 par
|
|-heal|p1b: Caly MaxM|96/100|[from] item: Leftovers
|upkeep
|turn|11
|
|t:|1750786762
|move|p1a: Incineroar|Parting Shot|p2a: Calyrex
|-unboost|p2a: Calyrex|atk|1
|-unboost|p2a: Calyrex|spa|1
|
|t:|1750786766
|switch|p1a: Amoonguss|Amoonguss, L50, M|69/100|[from] Parting Shot
|move|p2b: Urshifu|Coaching|p2a: Calyrex
|-boost|p2a: Calyrex|atk|1
|-boost|p2a: Calyrex|def|1
|move|p2a: Calyrex|Leech Seed|p1b: Caly MaxM
|-start|p1b: Caly MaxM|move: Leech Seed
|move|p1b: Caly MaxM|Glacial Lance|p2a: Calyrex|[spread] p2a,p2b
|-resisted|p2a: Calyrex
|-resisted|p2b: Urshifu
|-damage|p2a: Calyrex|72/100
|-damage|p2b: Urshifu|0 fnt
|faint|p2b: Urshifu
|-ability|p1b: Caly MaxM|Chilling Neigh|boost
|-boost|p1b: Caly MaxM|atk|1
|
|-heal|p1b: Caly MaxM|100/100|[from] item: Leftovers
|-damage|p1b: Caly MaxM|88/100|[from] Leech Seed|[of] p2a: Calyrex
|-heal|p2a: Calyrex|84/100|[silent]
|upkeep
|
|t:|1750786786
|switch|p2b: Incineroar|Incineroar, L50, M|15/100
|-ability|p2b: Incineroar|Intimidate|boost
|-unboost|p1a: Amoonguss|atk|1
|-unboost|p1b: Caly MaxM|atk|1
|turn|12
|
|t:|1750786807
|switch|p1a: Incineroar|Incineroar, L50, M, shiny|74/100
|-ability|p1a: Incineroar|Intimidate|boost
|-unboost|p2a: Calyrex|atk|1
|-unboost|p2b: Incineroar|atk|1
|move|p1b: Caly MaxM|Protect|p1b: Caly MaxM
|-singleturn|p1b: Caly MaxM|Protect
|move|p2b: Incineroar|Flare Blitz|p1a: Incineroar
|-resisted|p1a: Incineroar
|-damage|p1a: Incineroar|61/100
|-damage|p2b: Incineroar|11/100|[from] Recoil
|move|p2a: Calyrex|Glacial Lance|p1a: Incineroar|[spread] p1a
|-activate|p1b: Caly MaxM|move: Protect
|-resisted|p1a: Incineroar
|-damage|p1a: Incineroar|51/100
|
|-heal|p1b: Caly MaxM|94/100|[from] item: Leftovers
|-damage|p1b: Caly MaxM|82/100|[from] Leech Seed|[of] p2a: Calyrex
|-heal|p2a: Calyrex|96/100|[silent]
|upkeep
|turn|13
|
|t:|1750786833
|move|p1a: Incineroar|Fake Out|p2a: Calyrex
|-damage|p2a: Calyrex|93/100
|move|p2b: Incineroar|Flare Blitz|p1b: Caly MaxM
|-supereffective|p1b: Caly MaxM
|-damage|p1b: Caly MaxM|42/100
|-damage|p2b: Incineroar|0 fnt|[from] Recoil
|faint|p2b: Incineroar
|cant|p2a: Calyrex|flinch
|move|p1b: Caly MaxM|Glacial Lance|p2a: Calyrex
|-resisted|p2a: Calyrex
|-damage|p2a: Calyrex|86/100
|
|-heal|p1b: Caly MaxM|47/100|[from] item: Leftovers
|-damage|p1b: Caly MaxM|35/100|[from] Leech Seed|[of] p2a: Calyrex
|-heal|p2a: Calyrex|98/100|[silent]
|upkeep
|
|t:|1750786849
|switch|p2b: Raging Bolt|Raging Bolt, L50|100/100
|turn|14
|
|t:|1750786862
|switch|p1b: Amoonguss|Amoonguss, L50, M|100/100
|move|p2b: Raging Bolt|Thunderbolt|p1b: Amoonguss
|-resisted|p1b: Amoonguss
|-damage|p1b: Amoonguss|81/100
|move|p1a: Incineroar|Parting Shot|p2b: Raging Bolt
|-unboost|p2b: Raging Bolt|atk|1
|-unboost|p2b: Raging Bolt|spa|1
|
|t:|1750786871
|switch|p1a: Caly MaxM|Calyrex-Ice, L50|35/100|[from] Parting Shot
|-ability|p1a: Caly MaxM|As One
|-ability|p1a: Caly MaxM|Unnerve
|move|p2a: Calyrex|Body Press|p1a: Caly MaxM
|-damage|p1a: Caly MaxM|0 fnt
|faint|p1a: Caly MaxM
|-ability|p2a: Calyrex|Chilling Neigh|boost
|-boost|p2a: Calyrex|atk|1
|
|upkeep
|
|t:|1750786873
|switch|p1a: Incineroar|Incineroar, L50, M, shiny|51/100
|-ability|p1a: Incineroar|Intimidate|boost
|-unboost|p2a: Calyrex|atk|1
|-unboost|p2b: Raging Bolt|atk|1
|turn|15
|
|t:|1750786906
|move|p1a: Incineroar|Fake Out|p2b: Raging Bolt
|-damage|p2b: Raging Bolt|91/100
|cant|p2b: Raging Bolt|flinch
|move|p2a: Calyrex|Leech Seed|p1a: Incineroar
|-start|p1a: Incineroar|move: Leech Seed
|move|p1b: Amoonguss|Spore|p2b: Raging Bolt
|-status|p2b: Raging Bolt|slp|[from] move: Spore
|
|-damage|p1a: Incineroar|39/100|[from] Leech Seed|[of] p2a: Calyrex
|-heal|p2a: Calyrex|100/100|[silent]
|upkeep
|turn|16
|
|t:|1750786954
|move|p2a: Calyrex|Protect|p2a: Calyrex
|-singleturn|p2a: Calyrex|Protect
|cant|p2b: Raging Bolt|slp
|move|p1a: Incineroar|Knock Off|p2a: Calyrex
|-activate|p2a: Calyrex|move: Protect
|move|p1b: Amoonguss|Spore|p2a: Calyrex
|-activate|p2a: Calyrex|move: Protect
|
|-damage|p1a: Incineroar|27/100|[from] Leech Seed|[of] p2a: Calyrex
|upkeep
|turn|17
|
|t:|1750786974
|cant|p2b: Raging Bolt|slp
|move|p1a: Incineroar|Parting Shot|p2a: Calyrex
|-unboost|p2a: Calyrex|atk|1
|-unboost|p2a: Calyrex|spa|1
|move|p2a: Calyrex|Glacial Lance|p1b: Amoonguss|[spread] p1a,p1b
|-resisted|p1a: Incineroar
|-supereffective|p1b: Amoonguss
|-damage|p1a: Incineroar|19/100
|-damage|p1b: Amoonguss|45/100
|move|p1b: Amoonguss|Spore|p2a: Calyrex
|-status|p2a: Calyrex|slp|[from] move: Spore
|
|-damage|p1a: Incineroar|6/100|[from] Leech Seed|[of] p2a: Calyrex
|upkeep
|turn|18
|
|t:|1750786991
|-curestatus|p2b: Raging Bolt|slp|[msg]
|move|p2b: Raging Bolt|Draco Meteor|p1b: Amoonguss
|-damage|p1b: Amoonguss|7/100
|-unboost|p2b: Raging Bolt|spa|2
|move|p1a: Incineroar|Knock Off|p2b: Raging Bolt
|-damage|p2b: Raging Bolt|52/100
|-enditem|p2b: Raging Bolt|Assault Vest|[from] move: Knock Off|[of] p1a: Incineroar
|cant|p2a: Calyrex|slp
|move|p1b: Amoonguss|Pollen Puff|p1a: Incineroar
|-heal|p1a: Incineroar|56/100
|
|-damage|p1a: Incineroar|44/100|[from] Leech Seed|[of] p2a: Calyrex
|upkeep
|turn|19
|
|t:|1750787021
|move|p1b: Amoonguss|Protect|p1b: Amoonguss
|-singleturn|p1b: Amoonguss|Protect
|move|p2b: Raging Bolt|Thunderbolt|p1b: Amoonguss
|-activate|p1b: Amoonguss|move: Protect
|move|p1a: Incineroar|Knock Off|p2b: Raging Bolt
|-damage|p2b: Raging Bolt|28/100
|-curestatus|p2a: Calyrex|slp|[msg]
|move|p2a: Calyrex|Glacial Lance|p1b: Amoonguss|[spread] p1a
|-activate|p1b: Amoonguss|move: Protect
|-resisted|p1a: Incineroar
|-damage|p1a: Incineroar|36/100
|
|-damage|p1a: Incineroar|23/100|[from] Leech Seed|[of] p2a: Calyrex
|upkeep
|turn|20
|
|t:|1750787045
|move|p2b: Raging Bolt|Thunderbolt|p1a: Incineroar
|-damage|p1a: Incineroar|5/100
|move|p1a: Incineroar|Knock Off|p2b: Raging Bolt
|-damage|p2b: Raging Bolt|5/100
|move|p2a: Calyrex|Glacial Lance|p1b: Amoonguss|[spread] p1a,p1b
|-resisted|p1a: Incineroar
|-supereffective|p1b: Amoonguss
|-crit|p1b: Amoonguss
|-damage|p1a: Incineroar|0 fnt
|-damage|p1b: Amoonguss|0 fnt
|faint|p1a: Incineroar
|faint|p1b: Amoonguss
|
|win|DoubleBad17
|raw|raul6248's rating: 1350 &rarr; <strong>1329</strong><br />(-21 for losing)
|raw|DoubleBad17's rating: 1335 &rarr; <strong>1356</strong><br />(+21 for winning)
|l|☆raul6248
|player|p1|
