|j|☆RaidenVGC7
|j|☆frmx
|t:|1750846065
|gametype|doubles
|player|p1|RaidenVGC7|1|1588
|player|p2|frmx|2|1452
|teamsize|p1|6
|teamsize|p2|6
|gen|9
|tier|[Gen 9] VGC 2025 Reg I
|rated|
|rule|Species Clause: Limit one of each Pokémon
|rule|Item Clause: Limit 1 of each item
|clearpoke
|poke|p1|Calyrex-Ice, L50|
|poke|p1|Miraidon, L50|
|poke|p1|Drowzee, L50, M|
|poke|p1|Iron Hands, L50|
|poke|p1|Urshifu-*, L50, F|
|poke|p1|Incineroar, L50, F|
|poke|p2|Kyogre, L50|
|poke|p2|Iron Jugulis, L50|
|poke|p2|Landorus, L50, M|
|poke|p2|Miraidon, L50|
|poke|p2|Raichu-Alola, L50, M|
|poke|p2|Farigiraf, L50, M|
|teampreview|4
|inactive|Battle timer is ON: inactive players will automatically lose when time's up. (requested by RaidenVGC7)
|j| eran13aba
|l| eran13aba
|j| eran13aba
RaidenVGC7 rejected open team sheets.
|inactive|frmx has 60 seconds left.
|
|t:|1750846102
|start
|switch|p1a: Calyrex|Calyrex-Ice, L50|100/100
|switch|p1b: Drowzee|Drowzee, L50, M|100/100
|switch|p2a: Raichu|Raichu-Alola, L50, M|100/100
|switch|p2b: Miraidon|Miraidon, L50|100/100
|-ability|p1a: Calyrex|As One
|-ability|p1a: Calyrex|Unnerve
|-fieldstart|move: Electric Terrain|[from] ability: Hadron Engine|[of] p2b: Miraidon
|turn|1
|inactive|RaidenVGC7 has 30 seconds left.
|inactive|RaidenVGC7 has 20 seconds left.
|inactive|RaidenVGC7 has 15 seconds left.
|inactive|RaidenVGC7 has 10 seconds left.
|inactive|RaidenVGC7 has 5 seconds left.
|
|t:|1750846155
|switch|p1b: Iron Hands|Iron Hands, L50|100/100
|-activate|p1b: Iron Hands|ability: Quark Drive
|-start|p1b: Iron Hands|quarkdriveatk
|move|p1a: Calyrex|Protect|p1a: Calyrex
|-singleturn|p1a: Calyrex|Protect
|move|p2a: Raichu|Fake Tears|p1b: Iron Hands
|-unboost|p1b: Iron Hands|spd|2
|move|p2b: Miraidon|Electro Drift|p1b: Iron Hands
|-resisted|p1b: Iron Hands
|-damage|p1b: Iron Hands|25/100
|
|upkeep
|turn|2
|
|t:|1750846177
|move|p1b: Iron Hands|Fake Out|p2b: Miraidon
|-damage|p2b: Miraidon|79/100
|move|p2a: Raichu|Encore|p1a: Calyrex
|-start|p1a: Calyrex|Encore
|cant|p2b: Miraidon|flinch
|move|p1a: Calyrex|Protect||[still]
|-fail|p1a: Calyrex
|
|upkeep
|turn|3
|inactive|RaidenVGC7 has 30 seconds left.
|inactive|RaidenVGC7 has 20 seconds left.
|inactive|frmx has 30 seconds left.
|inactive|frmx has 20 seconds left.
|
|t:|1750846226
|switch|p1a: Miraidon|Miraidon, L50|100/100
|-activate|p1a: Miraidon|ability: Hadron Engine
|-end|p1b: Iron Hands|Quark Drive|[silent]
|switch|p1b: Drowzee|Drowzee, L50, M|100/100
|move|p2a: Raichu|Encore||[still]
|-fail|p2a: Raichu
|move|p2b: Miraidon|Electro Drift|p1a: Miraidon
|-resisted|p1a: Miraidon
|-damage|p1a: Miraidon|74/100
|
|upkeep
|turn|4
|inactive|RaidenVGC7 has 30 seconds left.
|
|t:|1750846257
|-terastallize|p1a: Miraidon|Fairy
|move|p1b: Drowzee|Helping Hand|p1a: Miraidon
|-singleturn|p1a: Miraidon|Helping Hand|[of] p1b: Drowzee
|move|p2a: Raichu|Nuzzle|p1a: Miraidon
|-damage|p1a: Miraidon|67/100
|-status|p1a: Miraidon|par
|move|p2b: Miraidon|Electro Drift|p1a: Miraidon
|-damage|p1a: Miraidon|0 fnt
|faint|p1a: Miraidon
|
|upkeep
|
|t:|1750846276
|switch|p1a: Calyrex|Calyrex-Ice, L50|100/100
|-ability|p1a: Calyrex|As One
|-ability|p1a: Calyrex|Unnerve
|turn|5
|
|t:|1750846299
|move|p2a: Raichu|Fake Tears|p1a: Calyrex
|-fail|p1a: Calyrex|unboost|[from] item: Clear Amulet|[of] p1a: Calyrex
|move|p2b: Miraidon|Electro Drift|p1a: Calyrex
|-damage|p1a: Calyrex|16/100
|move|p1b: Drowzee|Night Shade|p2a: Raichu
|-damage|p2a: Raichu|71/100
|move|p1a: Calyrex|Trick Room|p1a: Calyrex
|-fieldstart|move: Trick Room|[of] p1a: Calyrex
|
|-fieldend|move: Electric Terrain
|upkeep
|turn|6
|
|t:|1750846318
|switch|p2a: Kyogre|Kyogre, L50|100/100
|-weather|RainDance|[from] ability: Drizzle|[of] p2a: Kyogre
|-terastallize|p2b: Miraidon|Fairy
|move|p1b: Drowzee|Helping Hand|p1a: Calyrex
|-singleturn|p1a: Calyrex|Helping Hand|[of] p1b: Drowzee
|move|p1a: Calyrex|Glacial Lance|p2b: Miraidon|[spread] p2a,p2b
|-resisted|p2a: Kyogre
|-crit|p2a: Kyogre
|-damage|p2a: Kyogre|25/100
|-damage|p2b: Miraidon|0 fnt
|faint|p2b: Miraidon
|-ability|p1a: Calyrex|Chilling Neigh|boost
|-boost|p1a: Calyrex|atk|1
|
|-weather|RainDance|[upkeep]
|upkeep
|
|t:|1750846325
|switch|p2b: Farigiraf|Farigiraf, L50, M|100/100
|turn|7
|
|t:|1750846339
|move|p1b: Drowzee|Helping Hand|p1a: Calyrex
|-singleturn|p1a: Calyrex|Helping Hand|[of] p1b: Drowzee
|move|p1a: Calyrex|Glacial Lance|p2a: Kyogre|[spread] p2a,p2b
|-resisted|p2a: Kyogre
|-damage|p2a: Kyogre|0 fnt
|-damage|p2b: Farigiraf|0 fnt
|faint|p2a: Kyogre
|faint|p2b: Farigiraf
|-ability|p1a: Calyrex|Chilling Neigh|boost
|-boost|p1a: Calyrex|atk|2
|
|-weather|RainDance|[upkeep]
|upkeep
|-message|frmx forfeited.
|
|win|RaidenVGC7
|raw|RaidenVGC7's rating: 1588 &rarr; <strong>1601</strong><br />(+13 for winning)
|raw|frmx's rating: 1452 &rarr; <strong>1439</strong><br />(-13 for losing)
|l|☆frmx
|player|p2|
|l| eran13aba
|l|☆RaidenVGC7
|player|p1|
