|j|☆CaioFN
|j|☆TimBob21
|t:|1750810529
|gametype|doubles
|player|p1|CaioFN|170|1000
|player|p2|TimBob21|1|1061
|teamsize|p1|6
|teamsize|p2|6
|gen|9
|tier|[Gen 9] VGC 2025 Reg I
|rated|
|rule|Species Clause: Limit one of each Pokémon
|rule|Item Clause: Limit 1 of each item
|clearpoke
|poke|p1|Zamazenta-*, L50|
|poke|p1|Calyrex-Shadow, L50|
|poke|p1|Comfey, L50, F|
|poke|p1|Whimsicott, L50, M|
|poke|p1|Maushold-Four, L50|
|poke|p1|Dragapult, L50, F|
|poke|p2|Kyurem-White, L50|
|poke|p2|Rayquaza, L50|
|poke|p2|Ninetales-Alola, L50, F|
|poke|p2|Tornadus, L50, M|
|poke|p2|Gouging Fire, L50|
|poke|p2|Chi-Yu, L50|
|teampreview|4
|inactive|Battle timer is ON: inactive players will automatically lose when time's up. (requested by TimBob21)
|
|t:|1750810547
|start
|switch|p1a: Zamazenta|Zamazenta-Crowned, L50|100/100
|switch|p1b: Comfey|Comfey, L50, F|100/100
|switch|p2a: Kyurem|Kyurem-White, L50, shiny|100/100
|switch|p2b: Tornadus|Tornadus, L50, M, shiny|100/100
|-ability|p1a: Zamazenta|Dauntless Shield|boost
|-boost|p1a: Zamazenta|def|1
|-ability|p2a: Kyurem|Turboblaze
|turn|1
|
|t:|1750810568
|move|p1b: Comfey|Helping Hand|p1a: Zamazenta
|-singleturn|p1a: Zamazenta|Helping Hand|[of] p1b: Comfey
|move|p2a: Kyurem|Protect|p2a: Kyurem
|-singleturn|p2a: Kyurem|Protect
|move|p1a: Zamazenta|Body Press|p2a: Kyurem
|-activate|p2a: Kyurem|move: Protect
|move|p2b: Tornadus|Bleakwind Storm|p1b: Comfey|[spread] p1b
|-miss|p2b: Tornadus|p1a: Zamazenta
|-damage|p1b: Comfey|70/100
|
|upkeep
|turn|2
|inactive|TimBob21 has 30 seconds left.
|
|t:|1750810595
|switch|p2a: Rayquaza|Rayquaza, L50, shiny|100/100
|-ability|p2a: Rayquaza|Air Lock
|move|p1b: Comfey|Helping Hand|p1a: Zamazenta
|-singleturn|p1a: Zamazenta|Helping Hand|[of] p1b: Comfey
|move|p1a: Zamazenta|Behemoth Bash|p2a: Rayquaza
|-crit|p2a: Rayquaza
|-damage|p2a: Rayquaza|14/100
|move|p2b: Tornadus|Bleakwind Storm|p1a: Zamazenta|[spread] p1b
|-miss|p2b: Tornadus|p1a: Zamazenta
|-damage|p1b: Comfey|41/100
|-enditem|p1b: Comfey|Sitrus Berry|[eat]
|-heal|p1b: Comfey|66/100|[from] item: Sitrus Berry
|
|upkeep
|turn|3
|inactive|CaioFN has 30 seconds left.
|
|t:|1750810627
|move|p1b: Comfey|Helping Hand|p1a: Zamazenta
|-singleturn|p1a: Zamazenta|Helping Hand|[of] p1b: Comfey
|move|p2a: Rayquaza|Extreme Speed|p1a: Zamazenta
|-resisted|p1a: Zamazenta
|-damage|p1a: Zamazenta|93/100
|move|p1a: Zamazenta|Behemoth Bash|p2b: Tornadus
|-damage|p2b: Tornadus|49/100
|move|p2b: Tornadus|Bleakwind Storm|p1a: Zamazenta|[spread] p1a,p1b
|-damage|p1a: Zamazenta|73/100
|-damage|p1b: Comfey|35/100
|
|upkeep
|turn|4
|
|t:|1750810651
|move|p1b: Comfey|Floral Healing|p1a: Zamazenta
|-heal|p1a: Zamazenta|100/100
|move|p2a: Rayquaza|Extreme Speed|p1b: Comfey
|-damage|p1b: Comfey|2/100
|move|p2b: Tornadus|Tailwind|p2b: Tornadus
|-sidestart|p2: TimBob21|move: Tailwind
|move|p1a: Zamazenta|Body Press|p2b: Tornadus
|-resisted|p2b: Tornadus
|-damage|p2b: Tornadus|20/100
|
|upkeep
|turn|5
|inactive|CaioFN has 30 seconds left.
|
|t:|1750810686
|move|p1b: Comfey|Helping Hand|p1a: Zamazenta
|-singleturn|p1a: Zamazenta|Helping Hand|[of] p1b: Comfey
|move|p2b: Tornadus|Bleakwind Storm|p1b: Comfey|[spread] p1b
|-miss|p2b: Tornadus|p1a: Zamazenta
|-damage|p1b: Comfey|0 fnt
|faint|p1b: Comfey
|move|p2a: Rayquaza|Dragon Ascent|p1a: Zamazenta
|-damage|p1a: Zamazenta|67/100
|-unboost|p2a: Rayquaza|def|1
|-unboost|p2a: Rayquaza|spd|1
|move|p1a: Zamazenta|Body Press|p2b: Tornadus
|-resisted|p2b: Tornadus
|-damage|p2b: Tornadus|0 fnt
|faint|p2b: Tornadus
|
|upkeep
|
|t:|1750810701
|switch|p2b: Kyurem|Kyurem-White, L50, shiny|100/100
|switch|p1b: Whimsicott|Whimsicott, L50, M|100/100
|-ability|p2b: Kyurem|Turboblaze
|turn|6
|
|t:|1750810719
|switch|p2a: Chi-Yu|Chi-Yu, L50|100/100
|-ability|p2a: Chi-Yu|Beads of Ruin
|move|p1b: Whimsicott|Protect|p1b: Whimsicott
|-singleturn|p1b: Whimsicott|Protect
|move|p2b: Kyurem|Protect|p2b: Kyurem
|-singleturn|p2b: Kyurem|Protect
|move|p1a: Zamazenta|Protect||[still]
|-fail|p1a: Zamazenta
|
|upkeep
|turn|7
|inactive|CaioFN has 30 seconds left.
|inactive|CaioFN has 20 seconds left.
|
|t:|1750810757
|move|p1b: Whimsicott|Tailwind|p1b: Whimsicott
|-sidestart|p1: CaioFN|move: Tailwind
|move|p2a: Chi-Yu|Heat Wave|p1a: Zamazenta|[spread] p1a,p1b
|-supereffective|p1a: Zamazenta
|-supereffective|p1b: Whimsicott
|-damage|p1a: Zamazenta|5/100
|-damage|p1b: Whimsicott|0 fnt
|faint|p1b: Whimsicott
|move|p1a: Zamazenta|Body Press|p2b: Kyurem
|-supereffective|p2b: Kyurem
|-damage|p2b: Kyurem|0 fnt
|faint|p2b: Kyurem
|
|-sideend|p2: TimBob21|move: Tailwind
|upkeep
|
|t:|1750810771
|switch|p1b: Calyrex|Calyrex-Shadow, L50|100/100
|switch|p2b: Rayquaza|Rayquaza, L50, shiny|14/100
|-ability|p1b: Calyrex|As One
|-ability|p1b: Calyrex|Unnerve
|-ability|p2b: Rayquaza|Air Lock
|turn|8
|
|t:|1750810781
|-terastallize|p2b: Rayquaza|Normal
|move|p1a: Zamazenta|Wide Guard|p1a: Zamazenta
|-singleturn|p1a: Zamazenta|Wide Guard
|move|p1b: Calyrex|Astral Barrage|p2b: Rayquaza|[spread] p2a
|-immune|p2b: Rayquaza
|-resisted|p2a: Chi-Yu
|-damage|p2a: Chi-Yu|67/100
|move|p2a: Chi-Yu|Heat Wave|p1a: Zamazenta|[spread] 
|-activate|p1a: Zamazenta|move: Wide Guard
|-activate|p1b: Calyrex|move: Wide Guard
|move|p2b: Rayquaza|Dragon Ascent|p1b: Calyrex
|-damage|p1b: Calyrex|20/100
|-unboost|p2b: Rayquaza|def|1
|-unboost|p2b: Rayquaza|spd|1
|
|upkeep
|turn|9
|inactive|CaioFN has 30 seconds left.
|inactive|CaioFN has 20 seconds left.
|
|t:|1750810817
|move|p2b: Rayquaza|Extreme Speed|p1a: Zamazenta
|-resisted|p1a: Zamazenta
|-damage|p1a: Zamazenta|0 fnt
|faint|p1a: Zamazenta
|move|p1b: Calyrex|Psychic|p2b: Rayquaza
|-damage|p2b: Rayquaza|0 fnt
|faint|p2b: Rayquaza
|-ability|p1b: Calyrex|Grim Neigh|boost
|-boost|p1b: Calyrex|spa|1
|move|p2a: Chi-Yu|Heat Wave|p1b: Calyrex
|-damage|p1b: Calyrex|0 fnt
|faint|p1b: Calyrex
|
|win|TimBob21
|raw|CaioFN's rating: 1000 &rarr; <strong>1000</strong><br />(+0 for losing)
|raw|TimBob21's rating: 1061 &rarr; <strong>1086</strong><br />(+25 for winning)
