|j|☆Cdogp
|j|☆Carajo666
|t:|1750803477
|gametype|doubles
|player|p1|Cdogp|wattson|1549
|player|p2|Carajo666|roughneck|1483
|teamsize|p1|6
|teamsize|p2|6
|gen|9
|tier|[Gen 9] VGC 2025 Reg I
|rated|
|rule|Species Clause: Limit one of each Pokémon
|rule|Item Clause: Limit 1 of each item
|clearpoke
|poke|p1|Zamazenta-*, L50|
|poke|p1|Calyrex-Shadow, L50|
|poke|p1|Tornadus, L50, M|
|poke|p1|Rillaboom, L50, F|
|poke|p1|Smeargle, L50, F|
|poke|p1|Raging Bolt, L50|
|poke|p2|Lunala, L50|
|poke|p2|Tyranitar, L50, M|
|poke|p2|Amoonguss, L50, F|
|poke|p2|Ho-Oh, L50|
|poke|p2|Excadrill, L50, M|
|poke|p2|Enamorus-Therian, L50, F|
|teampreview|4
|
|t:|1750803503
|start
|switch|p1a: Zamazenta|Zamazenta-Crowned, L50|100/100
|switch|p1b: Rillaboom|Rillaboom, L50, F|100/100
|switch|p2a: Lunala|Lunala, L50|100/100
|switch|p2b: Tyranitar|Tyranitar, L50, M|100/100
|-ability|p1a: Zamazenta|Dauntless Shield|boost
|-boost|p1a: Zamazenta|def|1
|-fieldstart|move: Grassy Terrain|[from] ability: Grassy Surge|[of] p1b: Rillaboom
|-weather|Sandstorm|[from] ability: Sand Stream|[of] p2b: Tyranitar
|turn|1
|l|☆Cdogp
|player|p1|
|
|t:|1750803517
|switch|p2b: Enamorus|Enamorus-Therian, L50, F|100/100
|move|p1a: Zamazenta|Heavy Slam|p2a: Lunala
|-damage|p2a: Lunala|81/100
|move|p1b: Rillaboom|Wood Hammer|p2a: Lunala
|-damage|p2a: Lunala|19/100
|-damage|p1b: Rillaboom|76/100|[from] Recoil
|move|p2a: Lunala|Trick Room|p2a: Lunala
|-fieldstart|move: Trick Room|[of] p2a: Lunala
|
|-weather|Sandstorm|[upkeep]
|-damage|p1b: Rillaboom|71/100|[from] Sandstorm
|-heal|p2a: Lunala|25/100|[from] Grassy Terrain
|-heal|p1b: Rillaboom|76/100|[from] Grassy Terrain
|upkeep
|turn|2
|j|☆Cdogp
|player|p1|Cdogp|wattson|
|
|t:|1750803539
|switch|p2a: Ho-Oh|Ho-Oh, L50|100/100
|move|p1b: Rillaboom|Grassy Glide|p2a: Ho-Oh
|-resisted|p2a: Ho-Oh
|-damage|p2a: Ho-Oh|94/100
|move|p2b: Enamorus|Earth Power|p1a: Zamazenta
|-supereffective|p1a: Zamazenta
|-damage|p1a: Zamazenta|30/100
|move|p1a: Zamazenta|Heavy Slam|p2b: Enamorus
|-supereffective|p2b: Enamorus
|-damage|p2b: Enamorus|17/100
|
|-weather|Sandstorm|[upkeep]
|-damage|p1b: Rillaboom|71/100|[from] Sandstorm
|-damage|p2a: Ho-Oh|88/100|[from] Sandstorm
|-heal|p1b: Rillaboom|76/100|[from] Grassy Terrain
|-heal|p1a: Zamazenta|36/100|[from] Grassy Terrain
|upkeep
|turn|3
|
|t:|1750803564
|switch|p2b: Lunala|Lunala, L50|25/100
|move|p1a: Zamazenta|Protect|p1a: Zamazenta
|-singleturn|p1a: Zamazenta|Protect
|move|p1b: Rillaboom|U-turn|p2b: Lunala
|-damage|p2b: Lunala|6/100
|
|t:|1750803566
|switch|p1b: Smeargle|Smeargle, L50, F|100/100|[from] U-turn
|move|p2a: Ho-Oh|Sacred Fire|p1b: Smeargle
|-damage|p1b: Smeargle|7/100
|
|-weather|Sandstorm|[upkeep]
|-damage|p2a: Ho-Oh|83/100|[from] Sandstorm
|-damage|p1b: Smeargle|0 fnt|[from] Sandstorm
|faint|p1b: Smeargle
|-heal|p2b: Lunala|12/100|[from] Grassy Terrain
|-heal|p1a: Zamazenta|42/100|[from] Grassy Terrain
|upkeep
|
|t:|1750803570
|switch|p1b: Rillaboom|Rillaboom, L50, F|76/100
|turn|4
|
|t:|1750803589
|move|p2a: Ho-Oh|Protect|p2a: Ho-Oh
|-singleturn|p2a: Ho-Oh|Protect
|move|p1b: Rillaboom|Fake Out|p2a: Ho-Oh
|-activate|p2a: Ho-Oh|move: Protect
|move|p2b: Lunala|Moonblast|p1a: Zamazenta
|-crit|p1a: Zamazenta
|-damage|p1a: Zamazenta|4/100
|-unboost|p1a: Zamazenta|spa|1
|move|p1a: Zamazenta|Heavy Slam|p2b: Lunala
|-damage|p2b: Lunala|0 fnt
|faint|p2b: Lunala
|
|-weather|Sandstorm|[upkeep]
|-damage|p1b: Rillaboom|71/100|[from] Sandstorm
|-damage|p2a: Ho-Oh|77/100|[from] Sandstorm
|-heal|p1b: Rillaboom|76/100|[from] Grassy Terrain
|-heal|p1a: Zamazenta|10/100|[from] Grassy Terrain
|upkeep
|
|t:|1750803601
|switch|p2b: Enamorus|Enamorus-Therian, L50, F|17/100
|turn|5
|
|t:|1750803617
|move|p1b: Rillaboom|Grassy Glide|p2b: Enamorus
|-resisted|p2b: Enamorus
|-damage|p2b: Enamorus|2/100
|move|p2b: Enamorus|Dazzling Gleam|p1b: Rillaboom|[spread] p1a,p1b
|-crit|p1a: Zamazenta
|-damage|p1a: Zamazenta|0 fnt
|-damage|p1b: Rillaboom|41/100
|faint|p1a: Zamazenta
|move|p2a: Ho-Oh|Sacred Fire|p1b: Rillaboom
|-supereffective|p1b: Rillaboom
|-damage|p1b: Rillaboom|0 fnt
|faint|p1b: Rillaboom
|
|-weather|none
|-fieldend|move: Trick Room
|-fieldend|move: Grassy Terrain
|upkeep
|
|t:|1750803619
|switch|p1b: Calyrex|Calyrex-Shadow, L50|100/100
|-ability|p1b: Calyrex|As One
|-ability|p1b: Calyrex|Unnerve
|turn|6
|
|t:|1750803638
|move|p1b: Calyrex|Astral Barrage|p2b: Enamorus|[spread] p2a,p2b
|-damage|p2a: Ho-Oh|39/100
|-damage|p2b: Enamorus|0 fnt
|faint|p2b: Enamorus
|-ability|p1b: Calyrex|Grim Neigh|boost
|-boost|p1b: Calyrex|spa|1
|-damage|p1b: Calyrex|91/100|[from] item: Life Orb
|move|p2a: Ho-Oh|Sacred Fire|p1b: Calyrex
|-damage|p1b: Calyrex|40/100
|-status|p1b: Calyrex|brn
|
|-damage|p1b: Calyrex|34/100 brn|[from] brn
|upkeep
|
|t:|1750803643
|switch|p2b: Tyranitar|Tyranitar, L50, M|100/100
|-weather|Sandstorm|[from] ability: Sand Stream|[of] p2b: Tyranitar
|turn|7
|
|t:|1750803652
|move|p1b: Calyrex|Astral Barrage|p2b: Tyranitar|[spread] p2a,p2b
|-resisted|p2b: Tyranitar
|-damage|p2a: Ho-Oh|0 fnt
|-damage|p2b: Tyranitar|82/100
|faint|p2a: Ho-Oh
|-ability|p1b: Calyrex|Grim Neigh|boost
|-boost|p1b: Calyrex|spa|1
|-damage|p1b: Calyrex|24/100 brn|[from] item: Life Orb
|move|p2b: Tyranitar|Knock Off|p1b: Calyrex
|-supereffective|p1b: Calyrex
|-damage|p1b: Calyrex|0 fnt
|-enditem|p1b: Calyrex|Life Orb|[from] move: Knock Off|[of] p2b: Tyranitar
|faint|p1b: Calyrex
|
|win|Carajo666
|raw|Cdogp's rating: 1549 &rarr; <strong>1525</strong><br />(-24 for losing)
|raw|Carajo666's rating: 1483 &rarr; <strong>1507</strong><br />(+24 for winning)
|l|☆Cdogp
|player|p1|
