|j|☆Papa Goomer
|j|☆olaf-18
|t:|1750721444
|gametype|doubles
|player|p1|Papa Goomer|101|1331
|player|p2|olaf-18|169|1280
|teamsize|p1|6
|teamsize|p2|6
|gen|9
|tier|[Gen 9] VGC 2025 Reg I
|rated|
|rule|Species Clause: Limit one of each Pokémon
|rule|Item Clause: Limit 1 of each item
|clearpoke
|poke|p1|Ogerpon-Hearthflame, L50, F|
|poke|p1|Whimsicott, L50, M|
|poke|p1|Miraidon, L50|
|poke|p1|Farigiraf, L50, M|
|poke|p1|Calyrex-Shadow, L50|
|poke|p1|Urshifu-*, L50, M|
|poke|p2|Espathra, L50, F|
|poke|p2|Calyrex-Shadow, L50|
|poke|p2|Miraidon, L50|
|poke|p2|Indeedee-F, L50, F|
|poke|p2|Incineroar, L50, F|
|poke|p2|Volcarona, L50, M|
|teampreview|4
|
|t:|1750721503
|start
|switch|p1a: Calyrex|Calyrex-Shadow, L50|100/100
|switch|p1b: Urshifu|Urshifu-Rapid-Strike, L50, M|100/100
|switch|p2a: Espathra|Espathra, L50, F|100/100
|switch|p2b: Miraidon|Miraidon, L50|100/100
|-ability|p1a: Calyrex|As One
|-ability|p1a: Calyrex|Unnerve
|-fieldstart|move: Electric Terrain|[from] ability: Hadron Engine|[of] p2b: Miraidon
|-enditem|p2a: Espathra|Electric Seed
|-boost|p2a: Espathra|def|1|[from] item: Electric Seed
|turn|1
|
|t:|1750721518
|-terastallize|p1b: Urshifu|Steel
|move|p1a: Calyrex|Protect|p1a: Calyrex
|-singleturn|p1a: Calyrex|Protect
|move|p2b: Miraidon|Electro Drift|p1a: Calyrex
|-activate|p1a: Calyrex|move: Protect
|move|p2a: Espathra|Calm Mind|p2a: Espathra
|-boost|p2a: Espathra|spa|1
|-boost|p2a: Espathra|spd|1
|move|p1b: Urshifu|Surging Strikes|p2a: Espathra
|-crit|p2a: Espathra
|-damage|p2a: Espathra|68/100
|-crit|p2a: Espathra
|-damage|p2a: Espathra|35/100
|-crit|p2a: Espathra
|-damage|p2a: Espathra|0 fnt
|faint|p2a: Espathra
|-hitcount|p2: Espathra|3
|
|upkeep
|
|t:|1750721530
|switch|p2a: Incineroar|Incineroar, L50, F|100/100
|-ability|p2a: Incineroar|Intimidate|boost
|-unboost|p1a: Calyrex|atk|1
|-unboost|p1b: Urshifu|atk|1
|turn|2
|
|t:|1750721540
|switch|p1a: Ogerpon|Ogerpon-Hearthflame, L50, F|100/100
|-ability|p1a: Ogerpon|Mold Breaker
|move|p2a: Incineroar|Fake Out|p1b: Urshifu
|-resisted|p1b: Urshifu
|-damage|p1b: Urshifu|94/100
|move|p2b: Miraidon|Electro Drift|p1a: Ogerpon
|-resisted|p1a: Ogerpon
|-damage|p1a: Ogerpon|51/100
|cant|p1b: Urshifu|flinch
|
|upkeep
|turn|3
|
|t:|1750721566
|move|p2b: Miraidon|Electro Drift|p1b: Urshifu
|-crit|p1b: Urshifu
|-damage|p1b: Urshifu|0 fnt
|faint|p1b: Urshifu
|move|p1a: Ogerpon|Ivy Cudgel|p2b: Miraidon|[anim] Ivy Cudgel Fire
|-resisted|p2b: Miraidon
|-damage|p2b: Miraidon|71/100
|move|p2a: Incineroar|Flare Blitz|p1a: Ogerpon
|-damage|p1a: Ogerpon|0 fnt
|faint|p1a: Ogerpon
|-damage|p2a: Incineroar|86/100|[from] Recoil
|
|upkeep
|
|t:|1750721574
|switch|p1a: Calyrex|Calyrex-Shadow, L50|100/100
|switch|p1b: Miraidon|Miraidon, L50|100/100
|-ability|p1a: Calyrex|As One
|-ability|p1a: Calyrex|Unnerve
|-activate|p1b: Miraidon|ability: Hadron Engine
|turn|4
|
|t:|1750721587
|switch|p2b: Calyrex|Calyrex-Shadow, L50|100/100
|-ability|p2b: Calyrex|As One
|-ability|p2b: Calyrex|Unnerve
|move|p1a: Calyrex|Protect|p1a: Calyrex
|-singleturn|p1a: Calyrex|Protect
|move|p1b: Miraidon|Dazzling Gleam|p2a: Incineroar|[spread] p2a,p2b
|-damage|p2a: Incineroar|42/100
|-damage|p2b: Calyrex|59/100
|move|p2a: Incineroar|Knock Off|p1a: Calyrex
|-activate|p1a: Calyrex|move: Protect
|
|upkeep
|turn|5
|
|t:|1750721624
|-terastallize|p2a: Incineroar|Fire
|move|p2b: Calyrex|Astral Barrage|p1a: Calyrex|[spread] p1a,p1b
|-supereffective|p1a: Calyrex
|-damage|p1a: Calyrex|0 fnt
|-damage|p1b: Miraidon|50/100
|faint|p1a: Calyrex
|-ability|p2b: Calyrex|Grim Neigh|boost
|-boost|p2b: Calyrex|spa|1
|move|p1b: Miraidon|Dazzling Gleam|p2a: Incineroar|[spread] p2a,p2b
|-resisted|p2a: Incineroar
|-crit|p2b: Calyrex
|-damage|p2a: Incineroar|22/100
|-damage|p2b: Calyrex|0 fnt
|faint|p2b: Calyrex
|move|p2a: Incineroar|Knock Off|p1b: Miraidon
|-damage|p1b: Miraidon|3/100
|-enditem|p1b: Miraidon|Choice Specs|[from] move: Knock Off|[of] p2a: Incineroar
|
|-fieldend|move: Electric Terrain
|upkeep
|
|t:|1750721631
|switch|p2b: Miraidon|Miraidon, L50|71/100
|-fieldstart|move: Electric Terrain|[from] ability: Hadron Engine|[of] p2b: Miraidon
|turn|6
|
|t:|1750721637
|move|p2b: Miraidon|Electro Drift|p1b: Miraidon
|-resisted|p1b: Miraidon
|-damage|p1b: Miraidon|0 fnt
|faint|p1b: Miraidon
|
|win|olaf-18
|raw|Papa Goomer's rating: 1331 &rarr; <strong>1308</strong><br />(-23 for losing)
|raw|olaf-18's rating: 1280 &rarr; <strong>1309</strong><br />(+29 for winning)
|l|☆Papa Goomer
|player|p1|
|l|☆olaf-18
|player|p2|
