|j|☆Prometheus756
|j|☆magiuz
|t:|1750716095
|gametype|doubles
|player|p1|Prometheus756|gentleman-gen4dp|1542
|player|p2|magiuz|101|1445
|teamsize|p1|6
|teamsize|p2|6
|gen|9
|tier|[Gen 9] VGC 2025 Reg I
|rated|
|rule|Species Clause: Limit one of each Pokémon
|rule|Item Clause: Limit 1 of each item
|clearpoke
|poke|p1|Kyogre, L50|
|poke|p1|Urshifu-*, L50, F|
|poke|p1|Tornadus, L50, M|
|poke|p1|Amoonguss, L50, F|
|poke|p1|Rillaboom, L50, M|
|poke|p1|Zacian-*, L50|
|poke|p2|Necrozma-Dawn-Wings, L50|
|poke|p2|Calyrex-Ice, L50|
|poke|p2|Torkoal, L50, M|
|poke|p2|Indeedee-F, L50, F|
|poke|p2|Ursaluna, L50, M|
|poke|p2|Smeargle, L50, F|
|teampreview|4
|inactive|Battle timer is ON: inactive players will automatically lose when time's up. (requested by Prometheus756)
|inactive|Prometheus756 has 60 seconds left.
|
|t:|1750716139
|start
|switch|p1a: Kyogre|Kyogre, L50|100/100
|switch|p1b: Amoonguss|Amoonguss, L50, F|100/100
|switch|p2a: Indeedee|Indeedee-F, L50, F|100/100
|switch|p2b: Necrozma|Necrozma-Dawn-Wings, L50|100/100
|-weather|RainDance|[from] ability: Drizzle|[of] p1a: Kyogre
|-fieldstart|move: Psychic Terrain|[from] ability: Psychic Surge|[of] p2a: Indeedee
|turn|1
|
|t:|1750716157
|-terastallize|p2b: Necrozma|Grass
|-terastallize|p1b: Amoonguss|Water
|move|p2a: Indeedee|Follow Me|p2a: Indeedee
|-singleturn|p2a: Indeedee|move: Follow Me
|move|p1a: Kyogre|Water Spout|p2a: Indeedee|[spread] p2a,p2b
|-resisted|p2b: Necrozma
|-damage|p2a: Indeedee|11/100
|-damage|p2b: Necrozma|64/100
|move|p1b: Amoonguss|Spore|p2a: Indeedee
|-activate|p2a: Indeedee|item: Safety Goggles|Spore
|move|p2b: Necrozma|Trick Room|p2b: Necrozma
|-fieldstart|move: Trick Room|[of] p2b: Necrozma
|
|-weather|RainDance|[upkeep]
|upkeep
|turn|2
|inactive|Prometheus756 has 30 seconds left.
|inactive|Prometheus756 has 20 seconds left.
|inactive|Prometheus756 has 15 seconds left.
|inactive|Prometheus756 has 10 seconds left.
|
|t:|1750716206
|move|p2a: Indeedee|Follow Me|p2a: Indeedee
|-singleturn|p2a: Indeedee|move: Follow Me
|move|p1b: Amoonguss|Clear Smog|p2a: Indeedee
|-damage|p2a: Indeedee|0 fnt
|-clearboost|p2a: Indeedee
|faint|p2a: Indeedee
|move|p2b: Necrozma|Meteor Beam||[still]
|-prepare|p2b: Necrozma|Meteor Beam
|-boost|p2b: Necrozma|spa|1
|-enditem|p2b: Necrozma|Power Herb
|-anim|p2b: Necrozma|Meteor Beam|p1a: Kyogre
|-damage|p1a: Kyogre|49/100
|move|p1a: Kyogre|Calm Mind|p1a: Kyogre
|-boost|p1a: Kyogre|spa|1
|-boost|p1a: Kyogre|spd|1
|
|-weather|RainDance|[upkeep]
|upkeep
|
|t:|1750716221
|switch|p2a: Torkoal|Torkoal, L50, M|100/100
|-weather|SunnyDay|[from] ability: Drought|[of] p2a: Torkoal
|turn|3
|
|t:|1750716243
|move|p2a: Torkoal|Eruption|p1a: Kyogre|[spread] p1a,p1b
|-resisted|p1a: Kyogre
|-resisted|p1b: Amoonguss
|-damage|p1a: Kyogre|30/100
|-damage|p1b: Amoonguss|68/100
|move|p1b: Amoonguss|Spore|p2a: Torkoal
|-status|p2a: Torkoal|slp|[from] move: Spore
|move|p2b: Necrozma|Expanding Force|p1a: Kyogre|[spread] p1a,p1b
|-damage|p1a: Kyogre|0 fnt
|-damage|p1b: Amoonguss|0 fnt
|faint|p1a: Kyogre
|faint|p1b: Amoonguss
|
|-weather|SunnyDay|[upkeep]
|upkeep
|
|t:|1750716254
|switch|p1b: Urshifu|Urshifu-Rapid-Strike, L50, F|100/100
|switch|p1a: Zacian|Zacian-Crowned, L50|100/100
|-ability|p1a: Zacian|Intrepid Sword|boost
|-boost|p1a: Zacian|atk|1
|turn|4
|
|t:|1750716276
|cant|p2a: Torkoal|slp
|move|p2b: Necrozma|Expanding Force|p1b: Urshifu|[spread] p1a,p1b
|-resisted|p1a: Zacian
|-supereffective|p1b: Urshifu
|-damage|p1a: Zacian|45/100
|-damage|p1b: Urshifu|0 fnt
|faint|p1b: Urshifu
|move|p1a: Zacian|Behemoth Blade|p2b: Necrozma
|-damage|p2b: Necrozma|0 fnt
|faint|p2b: Necrozma
|
|-weather|SunnyDay|[upkeep]
|upkeep
|
|t:|1750716285
|switch|p2b: Ursaluna|Ursaluna, L50, M|100/100
|turn|5
|
|t:|1750716291
|move|p1a: Zacian|Protect|p1a: Zacian
|-singleturn|p1a: Zacian|Protect
|cant|p2a: Torkoal|slp
|move|p2b: Ursaluna|Headlong Rush|p1a: Zacian
|-activate|p1a: Zacian|move: Protect
|
|-weather|SunnyDay|[upkeep]
|-fieldend|move: Trick Room
|-fieldend|move: Psychic Terrain
|-status|p2b: Ursaluna|brn|[from] item: Flame Orb
|upkeep
|turn|6
|
|t:|1750716305
|move|p1a: Zacian|Close Combat|p2b: Ursaluna
|-supereffective|p2b: Ursaluna
|-damage|p2b: Ursaluna|0 fnt
|-unboost|p1a: Zacian|def|1
|-unboost|p1a: Zacian|spd|1
|faint|p2b: Ursaluna
|-curestatus|p2a: Torkoal|slp|[msg]
|move|p2a: Torkoal|Weather Ball|p1a: Zacian
|-supereffective|p1a: Zacian
|-damage|p1a: Zacian|0 fnt
|faint|p1a: Zacian
|
|win|magiuz
|raw|Prometheus756's rating: 1542 &rarr; <strong>1517</strong><br />(-25 for losing)
|raw|magiuz's rating: 1445 &rarr; <strong>1470</strong><br />(+25 for winning)
|l|☆Prometheus756
|player|p1|
|l|☆magiuz
|player|p2|
