|j|☆Caleb092997
|j|☆kaught
|t:|1750879044
|gametype|doubles
|player|p1|Caleb092997|266|1374
|player|p2|kaught|265|1386
|teamsize|p1|6
|teamsize|p2|6
|gen|9
|tier|[Gen 9] VGC 2025 Reg I
|rated|
|rule|Species Clause: Limit one of each Pokémon
|rule|Item Clause: Limit 1 of each item
|clearpoke
|poke|p1|Calyrex-Shadow, L50|
|poke|p1|Ho-Oh, L50|
|poke|p1|Gastrodon, L50, F|
|poke|p1|Rillaboom, L50, F|
|poke|p1|Sandy Shocks, L50|
|poke|p1|Urshifu-*, L50, F|
|poke|p2|Volcarona, L50, F|
|poke|p2|Zamazenta-*, L50|
|poke|p2|Scream Tail, L50|
|poke|p2|Iron Treads, L50|
|poke|p2|Miraidon, L50|
|poke|p2|Incineroar, L50, M|
|teampreview|4
|inactive|Battle timer is ON: inactive players will automatically lose when time's up. (requested by Caleb092997)
|
|t:|1750879087
|start
|switch|p1a: Calyrex|Calyrex-Shadow, L50|100/100
|switch|p1b: Rillaboom|Rillaboom, L50, F|100/100
|switch|p2a: Zamazenta|Zamazenta-Crowned, L50|100/100
|switch|p2b: Incineroar|Incineroar, L50, M|100/100
|-ability|p1a: Calyrex|As One
|-ability|p1a: Calyrex|Unnerve
|-ability|p2a: Zamazenta|Dauntless Shield|boost
|-boost|p2a: Zamazenta|def|1
|-fieldstart|move: Grassy Terrain|[from] ability: Grassy Surge|[of] p1b: Rillaboom
|-ability|p2b: Incineroar|Intimidate|boost
|-unboost|p1a: Calyrex|atk|1
|-unboost|p1b: Rillaboom|atk|1
|turn|1
|
|t:|1750879108
|move|p2a: Zamazenta|Wide Guard|p2a: Zamazenta
|-singleturn|p2a: Zamazenta|Wide Guard
|move|p1b: Rillaboom|Fake Out|p2b: Incineroar
|-damage|p2b: Incineroar|94/100
|move|p1a: Calyrex|Nasty Plot|p1a: Calyrex
|-boost|p1a: Calyrex|spa|2
|cant|p2b: Incineroar|flinch
|
|-heal|p2b: Incineroar|99/100|[from] Grassy Terrain
|upkeep
|turn|2
|
|t:|1750879123
|switch|p1b: Sandy Shocks|Sandy Shocks, L50|100/100
|-enditem|p1b: Sandy Shocks|Booster Energy
|-activate|p1b: Sandy Shocks|ability: Protosynthesis|[fromitem]
|-start|p1b: Sandy Shocks|protosynthesisspe
|move|p1a: Calyrex|Protect|p1a: Calyrex
|-singleturn|p1a: Calyrex|Protect
|move|p2a: Zamazenta|Wide Guard|p2a: Zamazenta
|-singleturn|p2a: Zamazenta|Wide Guard
|move|p2b: Incineroar|Knock Off|p1a: Calyrex
|-activate|p1a: Calyrex|move: Protect
|
|-heal|p2b: Incineroar|100/100|[from] Grassy Terrain
|upkeep
|turn|3
|
|t:|1750879143
|-terastallize|p1a: Calyrex|Dark
|move|p2a: Zamazenta|Wide Guard|p2a: Zamazenta
|-singleturn|p2a: Zamazenta|Wide Guard
|move|p1b: Sandy Shocks|Earth Power|p2a: Zamazenta
|-supereffective|p2a: Zamazenta
|-damage|p2a: Zamazenta|36/100
|move|p1a: Calyrex|Psychic|p2a: Zamazenta
|-damage|p2a: Zamazenta|0 fnt
|faint|p2a: Zamazenta
|-ability|p1a: Calyrex|Grim Neigh|boost
|-boost|p1a: Calyrex|spa|1
|move|p2b: Incineroar|U-turn|p1a: Calyrex
|-supereffective|p1a: Calyrex
|-damage|p1a: Calyrex|66/100
|
|t:|1750879159
|switch|p2b: Miraidon|Miraidon, L50|100/100|[from] U-turn
|-fieldstart|move: Electric Terrain|[from] ability: Hadron Engine|[of] p2b: Miraidon
|
|upkeep
|
|t:|1750879162
|switch|p2a: Incineroar|Incineroar, L50, M|100/100
|-ability|p2a: Incineroar|Intimidate|boost
|-unboost|p1a: Calyrex|atk|1
|-unboost|p1b: Sandy Shocks|atk|1
|turn|4
|
|t:|1750879183
|-end|p1b: Sandy Shocks|Protosynthesis|[silent]
|switch|p1b: Rillaboom|Rillaboom, L50, F|100/100
|-fieldstart|move: Grassy Terrain|[from] ability: Grassy Surge|[of] p1b: Rillaboom
|move|p1a: Calyrex|Protect|p1a: Calyrex
|-singleturn|p1a: Calyrex|Protect
|move|p2a: Incineroar|Fake Out|p1b: Rillaboom
|-damage|p1b: Rillaboom|89/100
|move|p2b: Miraidon|Draco Meteor|p1b: Rillaboom
|-damage|p1b: Rillaboom|26/100
|-unboost|p2b: Miraidon|spa|2
|
|-heal|p1a: Calyrex|72/100|[from] Grassy Terrain
|-heal|p1b: Rillaboom|32/100|[from] Grassy Terrain
|upkeep
|turn|5
|
|t:|1750879202
|switch|p2b: Volcarona|Volcarona, L50, F|100/100
|move|p1b: Rillaboom|Fake Out|p2b: Volcarona
|-damage|p2b: Volcarona|85/100
|-damage|p1b: Rillaboom|15/100|[from] item: Rocky Helmet|[of] p2b: Volcarona
|-status|p1b: Rillaboom|brn|[from] ability: Flame Body|[of] p2b: Volcarona
|move|p1a: Calyrex|Astral Barrage|p2a: Incineroar|[spread] p2a,p2b
|-resisted|p2a: Incineroar
|-damage|p2a: Incineroar|66/100
|-damage|p2b: Volcarona|0 fnt
|faint|p2b: Volcarona
|-ability|p1a: Calyrex|Grim Neigh|boost
|-boost|p1a: Calyrex|spa|1
|move|p2a: Incineroar|Flare Blitz|p1a: Calyrex
|-damage|p1a: Calyrex|28/100
|-enditem|p1a: Calyrex|Sitrus Berry|[eat]
|-heal|p1a: Calyrex|53/100|[from] item: Sitrus Berry
|-damage|p2a: Incineroar|51/100|[from] Recoil
|
|-heal|p1a: Calyrex|59/100|[from] Grassy Terrain
|-heal|p1b: Rillaboom|22/100 brn|[from] Grassy Terrain
|-heal|p2a: Incineroar|57/100|[from] Grassy Terrain
|-damage|p1b: Rillaboom|15/100 brn|[from] brn
|upkeep
|-message|kaught forfeited.
|
|win|Caleb092997
|raw|Caleb092997's rating: 1374 &rarr; <strong>1395</strong><br />(+21 for winning)
|raw|kaught's rating: 1386 &rarr; <strong>1365</strong><br />(-21 for losing)
|l|☆kaught
|player|p2|
|l|☆Caleb092997
|player|p1|
