|j|☆alecfromkanto
|j|☆bestgeoduck
|t:|1750869227
|gametype|doubles
|player|p1|alecfromkanto|cynthia|1396
|player|p2|bestgeoduck|collector|1364
|teamsize|p1|6
|teamsize|p2|6
|gen|9
|tier|[Gen 9] VGC 2025 Reg I
|rated|
|rule|Species Clause: Limit one of each Pokémon
|rule|Item Clause: Limit 1 of each item
|clearpoke
|poke|p1|Miraidon, L50|
|poke|p1|Incineroar, L50, M|
|poke|p1|Grimmsnarl, L50, M|
|poke|p1|Flutter Mane, L50|
|poke|p1|Groudon, L50|
|poke|p1|Iron Hands, L50|
|poke|p2|Tornadus, L50, M|
|poke|p2|Calyrex-Shadow, L50|
|poke|p2|Toxapex, L50, F|
|poke|p2|Landorus, L50, M|
|poke|p2|Kingambit, L50, M|
|poke|p2|Necrozma-Dusk-Mane, L50|
|teampreview|4
|inactive|Battle timer is ON: inactive players will automatically lose when time's up. (requested by alecfromkanto)
|inactive|alecfromkanto has 60 seconds left.
|inactive|bestgeoduck has 60 seconds left.
|
|t:|1750869277
|start
|switch|p1a: Grimmsnarl|Grimmsnarl, L50, M, shiny|100/100
|switch|p1b: Miraidon|Miraidon, L50|100/100
|switch|p2a: Tornadus|Tornadus, L50, M|100/100
|switch|p2b: Landorus|Landorus, L50, M|100/100
|-fieldstart|move: Electric Terrain|[from] ability: Hadron Engine|[of] p1b: Miraidon
|turn|1
|
|t:|1750869297
|move|p2a: Tornadus|Tailwind|p2a: Tornadus
|-sidestart|p2: bestgeoduck|move: Tailwind
|move|p1a: Grimmsnarl|Light Screen|p1a: Grimmsnarl
|-sidestart|p1: alecfromkanto|move: Light Screen
|move|p1b: Miraidon|Volt Switch|p2a: Tornadus
|-supereffective|p2a: Tornadus
|-damage|p2a: Tornadus|0 fnt
|faint|p2a: Tornadus
|
|t:|1750869307
|switch|p1b: Groudon|Groudon, L50, shiny|100/100|[from] Volt Switch
|-weather|SunnyDay|[from] ability: Drought|[of] p1b: Groudon
|move|p2b: Landorus|Earth Power|p1b: Groudon
|-damage|p1b: Groudon|58/100
|
|-weather|SunnyDay|[upkeep]
|upkeep
|
|t:|1750869319
|switch|p2a: Toxapex|Toxapex, L50, F|100/100
|turn|2
|inactive|alecfromkanto has 30 seconds left.
|inactive|alecfromkanto has 20 seconds left.
|
|t:|1750869359
|switch|p1a: Incineroar|Incineroar, L50, M, shiny|100/100
|-ability|p1a: Incineroar|Intimidate|boost
|-unboost|p2a: Toxapex|atk|1
|-unboost|p2b: Landorus|atk|1
|move|p2b: Landorus|Protect|p2b: Landorus
|-singleturn|p2b: Landorus|Protect
|move|p1b: Groudon|Protect|p1b: Groudon
|-singleturn|p1b: Groudon|Protect
|move|p2a: Toxapex|Toxic|p1a: Incineroar
|-status|p1a: Incineroar|tox
|
|-weather|SunnyDay|[upkeep]
|-damage|p1a: Incineroar|95/100 tox|[from] psn
|upkeep
|turn|3
|inactive|bestgeoduck has 30 seconds left.
|
|t:|1750869391
|switch|p2b: Calyrex|Calyrex-Shadow, L50|100/100
|-ability|p2b: Calyrex|As One
|-ability|p2b: Calyrex|Unnerve
|move|p1a: Incineroar|Fake Out|p2a: Toxapex
|-damage|p2a: Toxapex|94/100
|move|p1b: Groudon|Precipice Blades|p2a: Toxapex|[spread] p2a,p2b
|-supereffective|p2a: Toxapex
|-damage|p2a: Toxapex|37/100
|-damage|p2b: Calyrex|42/100
|cant|p2a: Toxapex|flinch
|
|-weather|SunnyDay|[upkeep]
|-damage|p1a: Incineroar|83/100 tox|[from] psn
|upkeep
|turn|4
|inactive|bestgeoduck has 30 seconds left.
|inactive|bestgeoduck has 20 seconds left.
|inactive|bestgeoduck has 15 seconds left.
|inactive|bestgeoduck has 10 seconds left.
|
|t:|1750869437
|move|p2b: Calyrex|Protect|p2b: Calyrex
|-singleturn|p2b: Calyrex|Protect
|move|p1b: Groudon|Protect|p1b: Groudon
|-singleturn|p1b: Groudon|Protect
|move|p1a: Incineroar|Knock Off|p2b: Calyrex
|-activate|p2b: Calyrex|move: Protect
|move|p2a: Toxapex|Toxic|p1b: Groudon
|-activate|p1b: Groudon|move: Protect
|
|-weather|SunnyDay|[upkeep]
|-damage|p1a: Incineroar|65/100 tox|[from] psn
|-sideend|p2: bestgeoduck|move: Tailwind
|upkeep
|turn|5
|inactive|bestgeoduck has 30 seconds left.
|
|t:|1750869468
|switch|p1b: Grimmsnarl|Grimmsnarl, L50, M, shiny|100/100
|-terastallize|p2b: Calyrex|Normal
|move|p2a: Toxapex|Wide Guard|p2a: Toxapex
|-singleturn|p2a: Toxapex|Wide Guard
|move|p2b: Calyrex|Astral Barrage|p1b: Grimmsnarl|[spread] p1a,p1b
|-resisted|p1a: Incineroar
|-resisted|p1b: Grimmsnarl
|-damage|p1a: Incineroar|53/100 tox
|-damage|p1b: Grimmsnarl|85/100
|move|p1a: Incineroar|Flare Blitz|p2b: Calyrex
|-damage|p2b: Calyrex|0 fnt
|faint|p2b: Calyrex
|-damage|p1a: Incineroar|41/100 tox|[from] Recoil
|
|-weather|none
|-damage|p1a: Incineroar|17/100 tox|[from] psn
|-fieldend|move: Electric Terrain
|upkeep
|
|t:|1750869475
|switch|p2b: Landorus|Landorus, L50, M|100/100
|turn|6
|inactive|alecfromkanto has 30 seconds left.
|inactive|bestgeoduck has 30 seconds left.
|
|t:|1750869507
|switch|p1a: Groudon|Groudon, L50, shiny|58/100
|-weather|SunnyDay|[from] ability: Drought|[of] p1a: Groudon
|move|p1b: Grimmsnarl|Thunder Wave|p2a: Toxapex
|-status|p2a: Toxapex|par
|move|p2b: Landorus|Sandsear Storm|p1a: Groudon|[spread] p1a,p1b
|-damage|p1a: Groudon|21/100
|-damage|p1b: Grimmsnarl|47/100
|move|p2a: Toxapex|Toxic|p1b: Grimmsnarl
|-status|p1b: Grimmsnarl|tox
|
|-weather|SunnyDay|[upkeep]
|-damage|p1b: Grimmsnarl|41/100 tox|[from] psn
|upkeep
|turn|7
|inactive|alecfromkanto has 30 seconds left.
|inactive|alecfromkanto has 20 seconds left.
|inactive|alecfromkanto has 15 seconds left.
|inactive|alecfromkanto has 10 seconds left.
|inactive|alecfromkanto has 5 seconds left.
|
|t:|1750869561
|switch|p1b: Incineroar|Incineroar, L50, M, shiny|17/100 tox
|-ability|p1b: Incineroar|Intimidate|boost
|-unboost|p2a: Toxapex|atk|1
|-unboost|p2b: Landorus|atk|1
|move|p2b: Landorus|Sandsear Storm|p1a: Groudon|[spread] p1b
|-miss|p2b: Landorus|p1a: Groudon
|-supereffective|p1b: Incineroar
|-damage|p1b: Incineroar|0 fnt
|faint|p1b: Incineroar
|move|p1a: Groudon|Precipice Blades|p2b: Landorus|[spread] p2a
|-immune|p2b: Landorus
|-supereffective|p2a: Toxapex
|-damage|p2a: Toxapex|0 fnt
|faint|p2a: Toxapex
|
|-weather|SunnyDay|[upkeep]
|upkeep
|
|t:|1750869571
|switch|p1b: Miraidon|Miraidon, L50|100/100
|-fieldstart|move: Electric Terrain|[from] ability: Hadron Engine|[of] p1b: Miraidon
|turn|8
|
|t:|1750869584
|move|p1b: Miraidon|Draco Meteor|p2b: Landorus
|-damage|p2b: Landorus|0 fnt
|-unboost|p1b: Miraidon|spa|2
|faint|p2b: Landorus
|
|win|alecfromkanto
|raw|alecfromkanto's rating: 1396 &rarr; <strong>1414</strong><br />(+18 for winning)
|raw|bestgeoduck's rating: 1364 &rarr; <strong>1346</strong><br />(-18 for losing)
