|j|☆TopHatCobraYT
|j|☆bigtwigrandy
|t:|1750810588
|gametype|doubles
|player|p1|TopHatCobraYT|waiter-gen4dp|1098
|player|p2|bigtwigrandy|ethan|1052
|teamsize|p1|4
|teamsize|p2|6
|gen|9
|tier|[Gen 9] VGC 2025 Reg I
|rated|
|rule|Species Clause: Limit one of each Pokémon
|rule|Item Clause: Limit 1 of each item
|clearpoke
|poke|p1|Oranguru, L50, F|
|poke|p1|Calyrex-Ice, L50|
|poke|p1|Greedent, L50, M|
|poke|p1|Vikavolt, L50, F|
|poke|p2|Kyogre, L50|
|poke|p2|Zamazenta-*, L50|
|poke|p2|Urshifu-*, L50, F|
|poke|p2|Grimmsnarl, L50, M|
|poke|p2|Whimsicott, L50, F|
|poke|p2|Rillaboom, L50, M|
|teampreview|4
|inactive|Battle timer is ON: inactive players will automatically lose when time's up. (requested by bigtwigrandy)
|
|t:|1750810606
|start
|switch|p1a: Oranguru|Oranguru, L50, F|100/100
|switch|p1b: Calyrex|Calyrex-Ice, L50|100/100
|switch|p2a: Zamazenta|Zamazenta-Crowned, L50|100/100
|switch|p2b: Grimmsnarl|Grimmsnarl, L50, M|100/100
|-ability|p1b: Calyrex|As One
|-ability|p1b: Calyrex|Unnerve
|-ability|p2a: Zamazenta|Dauntless Shield|boost
|-boost|p2a: Zamazenta|def|1
|turn|1
|
|t:|1750810622
|move|p1b: Calyrex|Protect|p1b: Calyrex
|-singleturn|p1b: Calyrex|Protect
|move|p2b: Grimmsnarl|Reflect|p2b: Grimmsnarl
|-sidestart|p2: bigtwigrandy|Reflect
|move|p2a: Zamazenta|Iron Defense|p2a: Zamazenta
|-boost|p2a: Zamazenta|def|2
|move|p1a: Oranguru|Trick Room|p1a: Oranguru
|-fieldstart|move: Trick Room|[of] p1a: Oranguru
|
|upkeep
|turn|2
|inactive|bigtwigrandy has 30 seconds left.
|inactive|TopHatCobraYT has 30 seconds left.
|inactive|TopHatCobraYT has 20 seconds left.
|inactive|TopHatCobraYT has 15 seconds left.
|inactive|TopHatCobraYT has 10 seconds left.
|
|t:|1750810672
|move|p2b: Grimmsnarl|Light Screen|p2b: Grimmsnarl
|-sidestart|p2: bigtwigrandy|move: Light Screen
|move|p1b: Calyrex|Stomping Tantrum|p2a: Zamazenta
|-supereffective|p2a: Zamazenta
|-damage|p2a: Zamazenta|88/100
|move|p1a: Oranguru|Instruct|p1b: Calyrex
|-singleturn|p1b: Calyrex|move: Instruct|[of] p1a: Oranguru
|move|p1b: Calyrex|Stomping Tantrum|p2a: Zamazenta
|-supereffective|p2a: Zamazenta
|-damage|p2a: Zamazenta|75/100
|move|p2a: Zamazenta|Body Press|p1b: Calyrex
|-damage|p1b: Calyrex|45/100
|
|upkeep
|turn|3
|inactive|bigtwigrandy has 30 seconds left.
|
|t:|1750810701
|-terastallize|p1b: Calyrex|Ice
|move|p1b: Calyrex|Glacial Lance|p2a: Zamazenta|[spread] p2a,p2b
|-resisted|p2a: Zamazenta
|-damage|p2a: Zamazenta|68/100
|-damage|p2b: Grimmsnarl|29/100
|-heal|p1b: Calyrex|54/100|[from] item: Shell Bell|[of] p2b: Grimmsnarl
|move|p1a: Oranguru|Instruct|p1b: Calyrex
|-singleturn|p1b: Calyrex|move: Instruct|[of] p1a: Oranguru
|move|p1b: Calyrex|Glacial Lance|p2b: Grimmsnarl|[spread] p2a,p2b
|-resisted|p2a: Zamazenta
|-damage|p2a: Zamazenta|61/100
|-damage|p2b: Grimmsnarl|0 fnt
|faint|p2b: Grimmsnarl
|-ability|p1b: Calyrex|Chilling Neigh|boost
|-boost|p1b: Calyrex|atk|1
|-heal|p1b: Calyrex|58/100|[from] item: Shell Bell|[of] p2: Grimmsnarl
|move|p2a: Zamazenta|Body Press|p1b: Calyrex
|-supereffective|p1b: Calyrex
|-damage|p1b: Calyrex|0 fnt
|faint|p1b: Calyrex
|
|upkeep
|
|t:|1750810720
|switch|p1b: Greedent|Greedent, L50, M|100/100
|switch|p2b: Urshifu|Urshifu, L50, F|100/100
|turn|4
|
|t:|1750810734
|move|p1b: Greedent|Belly Drum|p1b: Greedent
|-damage|p1b: Greedent|50/100
|-setboost|p1b: Greedent|atk|6|[from] move: Belly Drum
|-enditem|p1b: Greedent|Sitrus Berry|[eat]
|-heal|p1b: Greedent|75/100|[from] item: Sitrus Berry
|-heal|p1b: Greedent|100/100|[from] ability: Cheek Pouch
|move|p1a: Oranguru|Psychic|p2a: Zamazenta
|-damage|p2a: Zamazenta|48/100
|move|p2b: Urshifu|Wicked Blow|p1a: Oranguru
|-supereffective|p1a: Oranguru
|-crit|p1a: Oranguru
|-enditem|p1a: Oranguru|Focus Sash
|-damage|p1a: Oranguru|1/100
|move|p2a: Zamazenta|Body Press|p1b: Greedent
|-supereffective|p1b: Greedent
|-damage|p1b: Greedent|0 fnt
|faint|p1b: Greedent
|
|upkeep
|
|t:|1750810749
|switch|p1b: Vikavolt|Vikavolt, L50, F|100/100
|turn|5
|
|t:|1750810758
|move|p2a: Zamazenta|Wide Guard|p2a: Zamazenta
|-singleturn|p2a: Zamazenta|Wide Guard
|move|p1a: Oranguru|Instruct||[still]
|-fail|p1a: Oranguru
|move|p1b: Vikavolt|Thunderbolt|p2a: Zamazenta
|-damage|p2a: Zamazenta|18/100
|-damage|p1b: Vikavolt|91/100|[from] item: Life Orb
|move|p2b: Urshifu|Wicked Blow|p1a: Oranguru
|-supereffective|p1a: Oranguru
|-crit|p1a: Oranguru
|-damage|p1a: Oranguru|0 fnt
|faint|p1a: Oranguru
|
|-fieldend|move: Trick Room
|upkeep
|turn|6
|
|t:|1750810774
|move|p2b: Urshifu|Sucker Punch|p1b: Vikavolt
|-damage|p1b: Vikavolt|61/100
|move|p2a: Zamazenta|Heavy Slam|p1b: Vikavolt
|-resisted|p1b: Vikavolt
|-damage|p1b: Vikavolt|40/100
|move|p1b: Vikavolt|Thunderbolt|p2a: Zamazenta
|-damage|p2a: Zamazenta|0 fnt
|faint|p2a: Zamazenta
|-damage|p1b: Vikavolt|30/100|[from] item: Life Orb
|
|upkeep
|
|t:|1750810781
|switch|p2a: Kyogre|Kyogre, L50|100/100
|-weather|RainDance|[from] ability: Drizzle|[of] p2a: Kyogre
|turn|7
|
|t:|1750810792
|move|p2b: Urshifu|Sucker Punch|p1b: Vikavolt
|-crit|p1b: Vikavolt
|-damage|p1b: Vikavolt|0 fnt
|faint|p1b: Vikavolt
|
|win|bigtwigrandy
|raw|TopHatCobraYT's rating: 1098 &rarr; <strong>1070</strong><br />(-28 for losing)
|raw|bigtwigrandy's rating: 1052 &rarr; <strong>1088</strong><br />(+36 for winning)
|l|☆TopHatCobraYT
|player|p1|
|l|☆bigtwigrandy
|player|p2|
