|j|☆schmarble
|j|☆parrotboy
|t:|1750827088
|gametype|doubles
|player|p1|schmarble|skyla|1260
|player|p2|parrotboy|hiker-gen4|1361
|teamsize|p1|6
|teamsize|p2|6
|gen|9
|tier|[Gen 9] VGC 2025 Reg I
|rated|
|rule|Species Clause: Limit one of each Pokémon
|rule|Item Clause: Limit 1 of each item
|clearpoke
|poke|p1|Calyrex-Shadow, L50|
|poke|p1|Zamazenta-*, L50|
|poke|p1|Whimsicott, L50, F|
|poke|p1|Incineroar, L50, M|
|poke|p1|Raging Bolt, L50|
|poke|p1|Ogerpon-Hearthflame, L50, F|
|poke|p2|Flutter Mane, L50|
|poke|p2|Koraidon, L50|
|poke|p2|Scream Tail, L50|
|poke|p2|Gothitelle, L50, F|
|poke|p2|Incineroar, L50, M|
|poke|p2|Calyrex-Ice, L50|
|teampreview|4
|inactive|Battle timer is ON: inactive players will automatically lose when time's up. (requested by parrotboy)
schmarble has agreed to open team sheets.
|inactive|schmarble has 60 seconds left.
|
|t:|1750827140
|start
|switch|p1a: Calyrex|Calyrex-Shadow, L50|100/100
|switch|p1b: Incineroar|Incineroar, L50, M, shiny|100/100
|switch|p2a: Flutter Mane|Flutter Mane, L50|100/100
|switch|p2b: Koraidon|Koraidon, L50|100/100
|-ability|p1a: Calyrex|As One
|-ability|p1a: Calyrex|Unnerve
|-weather|SunnyDay|[from] ability: Orichalcum Pulse|[of] p2b: Koraidon
|-activate|p2a: Flutter Mane|ability: Protosynthesis
|-start|p2a: Flutter Mane|protosynthesisspe
|-activate|p2b: Koraidon|Orichalcum Pulse|[source]
|-ability|p1b: Incineroar|Intimidate|boost
|-unboost|p2a: Flutter Mane|atk|1
|-unboost|p2b: Koraidon|atk|1
|turn|1
|
|t:|1750827150
|switch|p2b: Incineroar|Incineroar, L50, M|100/100
|-ability|p2b: Incineroar|Intimidate|boost
|-unboost|p1a: Calyrex|atk|1
|-unboost|p1b: Incineroar|atk|1
|move|p2a: Flutter Mane|Protect|p2a: Flutter Mane
|-singleturn|p2a: Flutter Mane|Protect
|move|p1b: Incineroar|Fake Out|p2b: Incineroar
|-damage|p2b: Incineroar|93/100
|move|p1a: Calyrex|Astral Barrage|p2b: Incineroar|[spread] p2b
|-activate|p2a: Flutter Mane|move: Protect
|-resisted|p2b: Incineroar
|-damage|p2b: Incineroar|64/100
|-damage|p1a: Calyrex|91/100|[from] item: Life Orb
|
|-weather|SunnyDay|[upkeep]
|upkeep
|turn|2
|inactive|schmarble has 30 seconds left.
|inactive|parrotboy has 30 seconds left.
|
|t:|1750827179
|-terastallize|p2a: Flutter Mane|Normal
|-terastallize|p1a: Calyrex|Dark
|move|p2a: Flutter Mane|Shadow Ball|p1a: Calyrex
|-resisted|p1a: Calyrex
|-damage|p1a: Calyrex|70/100
|move|p1a: Calyrex|Encore|p2a: Flutter Mane
|-start|p2a: Flutter Mane|Encore
|move|p2b: Incineroar|Parting Shot|p1b: Incineroar
|-unboost|p1b: Incineroar|atk|1
|-unboost|p1b: Incineroar|spa|1
|
|t:|1750827192
|switch|p2b: Scream Tail|Scream Tail, L50|100/100|[from] Parting Shot
|-activate|p2b: Scream Tail|ability: Protosynthesis
|-start|p2b: Scream Tail|protosynthesisspe
|move|p1b: Incineroar|Knock Off|p2a: Flutter Mane
|-damage|p2a: Flutter Mane|61/100
|-enditem|p2a: Flutter Mane|Focus Sash|[from] move: Knock Off|[of] p1b: Incineroar
|
|-weather|SunnyDay|[upkeep]
|upkeep
|turn|3
|
|t:|1750827211
|switch|p1a: Zamazenta|Zamazenta-Crowned, L50|100/100
|-ability|p1a: Zamazenta|Dauntless Shield|boost
|-boost|p1a: Zamazenta|def|1
|move|p2a: Flutter Mane|Shadow Ball|p1a: Zamazenta
|-damage|p1a: Zamazenta|68/100
|move|p2b: Scream Tail|Encore||[still]
|-fail|p2b: Scream Tail
|move|p1b: Incineroar|Taunt|p2b: Scream Tail
|-start|p2b: Scream Tail|move: Taunt
|
|-weather|SunnyDay|[upkeep]
|upkeep
|turn|4
|inactive|schmarble has 30 seconds left.
|
|t:|1750827238
|-end|p2a: Flutter Mane|Protosynthesis|[silent]
|switch|p2a: Incineroar|Incineroar, L50, M|64/100
|-ability|p2a: Incineroar|Intimidate|boost
|-unboost|p1a: Zamazenta|atk|1
|-unboost|p1b: Incineroar|atk|1
|-end|p2b: Scream Tail|Protosynthesis|[silent]
|switch|p2b: Koraidon|Koraidon, L50|100/100
|-activate|p2b: Koraidon|ability: Orichalcum Pulse
|switch|p1b: Ogerpon|Ogerpon-Hearthflame, L50, F|100/100
|-ability|p1b: Ogerpon|Mold Breaker
|move|p1a: Zamazenta|Body Press|p2a: Incineroar
|-supereffective|p2a: Incineroar
|-damage|p2a: Incineroar|0 fnt
|faint|p2a: Incineroar
|
|-weather|SunnyDay|[upkeep]
|upkeep
|
|t:|1750827256
|switch|p2a: Scream Tail|Scream Tail, L50|100/100
|-activate|p2a: Scream Tail|ability: Protosynthesis
|-start|p2a: Scream Tail|protosynthesisspe
|turn|5
|
|t:|1750827268
|switch|p1a: Incineroar|Incineroar, L50, M, shiny|100/100
|-ability|p1a: Incineroar|Intimidate|boost
|-unboost|p2a: Scream Tail|atk|1
|-unboost|p2b: Koraidon|atk|1
|move|p1b: Ogerpon|Spiky Shield|p1b: Ogerpon
|-singleturn|p1b: Ogerpon|move: Protect
|move|p2a: Scream Tail|Disable||[still]
|-fail|p2a: Scream Tail
|move|p2b: Koraidon|Flare Blitz|p1b: Ogerpon
|-activate|p1b: Ogerpon|move: Protect
|-damage|p2b: Koraidon|88/100|[from] Spiky Shield|[of] p1b: Ogerpon
|
|-weather|none
|-end|p2a: Scream Tail|Protosynthesis
|upkeep
|-enditem|p2a: Scream Tail|Booster Energy
|-activate|p2a: Scream Tail|ability: Protosynthesis|[fromitem]
|-start|p2a: Scream Tail|protosynthesisspe
|turn|6
|inactive|schmarble has 30 seconds left.
|inactive|schmarble has 20 seconds left.
|inactive|schmarble has 15 seconds left.
|
|t:|1750827308
|switch|p2b: Flutter Mane|Flutter Mane, L50, tera:Normal|61/100
|move|p1a: Incineroar|Fake Out|p2a: Scream Tail
|-damage|p2a: Scream Tail|92/100
|cant|p2a: Scream Tail|flinch
|move|p1b: Ogerpon|Ivy Cudgel|p2a: Scream Tail|[anim] Ivy Cudgel Fire
|-damage|p2a: Scream Tail|51/100
|
|upkeep
|turn|7
|
|t:|1750827329
|move|p2b: Flutter Mane|Protect|p2b: Flutter Mane
|-singleturn|p2b: Flutter Mane|Protect
|move|p2a: Scream Tail|Encore|p1a: Incineroar
|-start|p1a: Incineroar|Encore
|move|p1b: Ogerpon|Ivy Cudgel|p2b: Flutter Mane|[anim] Ivy Cudgel Fire
|-activate|p2b: Flutter Mane|move: Protect
|move|p1a: Incineroar|Fake Out||[still]
|-hint|Fake Out only works on your first turn out.
|-fail|p1a: Incineroar
|
|upkeep
|turn|8
|
|t:|1750827339
|switch|p1a: Calyrex|Calyrex-Shadow, L50, tera:Dark|70/100
|-ability|p1a: Calyrex|As One
|-ability|p1a: Calyrex|Unnerve
|move|p1b: Ogerpon|Follow Me|p1b: Ogerpon
|-singleturn|p1b: Ogerpon|move: Follow Me
|move|p2a: Scream Tail|Disable|p1b: Ogerpon
|-start|p1b: Ogerpon|Disable|Follow Me
|move|p2b: Flutter Mane|Moonblast|p1b: Ogerpon
|-resisted|p1b: Ogerpon
|-damage|p1b: Ogerpon|76/100
|
|upkeep
|turn|9
|inactive|parrotboy has 30 seconds left.
|inactive|parrotboy has 20 seconds left.
|
|t:|1750827375
|switch|p1b: Incineroar|Incineroar, L50, M, shiny|100/100
|-ability|p1b: Incineroar|Intimidate|boost
|-unboost|p2a: Scream Tail|atk|1
|-unboost|p2b: Flutter Mane|atk|1
|move|p2a: Scream Tail|Dazzling Gleam|p1a: Calyrex|[spread] p1a,p1b
|-supereffective|p1a: Calyrex
|-damage|p1a: Calyrex|36/100
|-damage|p1b: Incineroar|88/100
|move|p1a: Calyrex|Psychic|p2b: Flutter Mane
|-damage|p2b: Flutter Mane|0 fnt
|faint|p2b: Flutter Mane
|-end|p2b: Flutter Mane|Protosynthesis|[silent]
|-ability|p1a: Calyrex|Grim Neigh|boost
|-boost|p1a: Calyrex|spa|1
|-damage|p1a: Calyrex|26/100|[from] item: Life Orb
|
|upkeep
|
|t:|1750827385
|switch|p2b: Koraidon|Koraidon, L50|88/100
|-weather|SunnyDay|[from] ability: Orichalcum Pulse|[of] p2b: Koraidon
|-activate|p2b: Koraidon|Orichalcum Pulse|[source]
|turn|10
|-message|parrotboy forfeited.
|
|win|schmarble
|raw|schmarble's rating: 1260 &rarr; <strong>1292</strong><br />(+32 for winning)
|raw|parrotboy's rating: 1361 &rarr; <strong>1335</strong><br />(-26 for losing)
|l|☆parrotboy
|player|p2|
|l|☆schmarble
|player|p1|
