|j|☆swbthj
|j|☆ArtiskFox
|t:|1750827960
|gametype|doubles
|player|p1|swbthj|skyla|1389
|player|p2|ArtiskFox|170|1343
|teamsize|p1|6
|teamsize|p2|6
|gen|9
|tier|[Gen 9] VGC 2025 Reg I
|rated|
|rule|Species Clause: Limit one of each Pokémon
|rule|Item Clause: Limit 1 of each item
|clearpoke
|poke|p1|Calyrex-Ice, L50|
|poke|p1|Miraidon, L50|
|poke|p1|Whimsicott, L50, M|
|poke|p1|Urshifu-*, L50, F|
|poke|p1|Incineroar, L50, F|
|poke|p1|Landorus, L50, M|
|poke|p2|Ho-Oh, L50|
|poke|p2|Miraidon, L50|
|poke|p2|Incineroar, L50, F|
|poke|p2|Chien-Pao, L50|
|poke|p2|Iron Hands, L50|
|poke|p2|Iron Valiant, L50|
|teampreview|4
|
|t:|1750828011
|start
|switch|p1a: Whimsicott|Whimsicott, L50, M|100/100
|switch|p1b: Urshifu|Urshifu-Rapid-Strike, L50, F|100/100
|switch|p2a: Incineroar|Incineroar, L50, F|100/100
|switch|p2b: Chien-Pao|Chien-Pao, L50|100/100
|-ability|p2b: Chien-Pao|Sword of Ruin
|-ability|p2a: Incineroar|Intimidate|boost
|-unboost|p1a: Whimsicott|atk|1
|-unboost|p1b: Urshifu|atk|1
|turn|1
|
|t:|1750828032
|move|p1b: Urshifu|Detect|p1b: Urshifu
|-singleturn|p1b: Urshifu|Protect
|move|p2a: Incineroar|Fake Out|p1b: Urshifu
|-activate|p1b: Urshifu|move: Protect
|move|p1a: Whimsicott|Tailwind|p1a: Whimsicott
|-sidestart|p1: swbthj|move: Tailwind
|move|p2b: Chien-Pao|Icicle Crash|p1a: Whimsicott
|-supereffective|p1a: Whimsicott
|-damage|p1a: Whimsicott|0 fnt
|faint|p1a: Whimsicott
|-damage|p2b: Chien-Pao|91/100|[from] item: Life Orb
|
|upkeep
|
|t:|1750828052
|switch|p1a: Landorus|Landorus, L50, M|100/100
|turn|2
|
|t:|1750828067
|switch|p2b: Ho-Oh|Ho-Oh, L50|100/100
|-terastallize|p1b: Urshifu|Water
|-terastallize|p2a: Incineroar|Bug
|move|p1b: Urshifu|Surging Strikes|p2b: Ho-Oh
|-supereffective|p2b: Ho-Oh
|-crit|p2b: Ho-Oh
|-damage|p2b: Ho-Oh|50/100
|-supereffective|p2b: Ho-Oh
|-crit|p2b: Ho-Oh
|-damage|p2b: Ho-Oh|2/100
|-supereffective|p2b: Ho-Oh
|-crit|p2b: Ho-Oh
|-damage|p2b: Ho-Oh|0 fnt
|faint|p2b: Ho-Oh
|-hitcount|p2: Ho-Oh|3
|move|p1a: Landorus|Earth Power|p2a: Incineroar
|-resisted|p2a: Incineroar
|-damage|p2a: Incineroar|70/100
|move|p2a: Incineroar|Parting Shot|p1a: Landorus
|-unboost|p1a: Landorus|atk|1
|-unboost|p1a: Landorus|spa|1
|
|t:|1750828085
|switch|p2a: Miraidon|Miraidon, L50|100/100|[from] Parting Shot
|-fieldstart|move: Electric Terrain|[from] ability: Hadron Engine|[of] p2a: Miraidon
|
|upkeep
|
|t:|1750828089
|switch|p2b: Incineroar|Incineroar, L50, F, tera:Bug|70/100
|-ability|p2b: Incineroar|Intimidate|boost
|-unboost|p1a: Landorus|atk|1
|-unboost|p1b: Urshifu|atk|1
|turn|3
|
|t:|1750828110
|move|p2b: Incineroar|Fake Out|p1a: Landorus
|-damage|p1a: Landorus|89/100
|move|p1b: Urshifu|Surging Strikes|p2b: Incineroar
|-crit|p2b: Incineroar
|-damage|p2b: Incineroar|46/100
|-damage|p1b: Urshifu|84/100|[from] item: Rocky Helmet|[of] p2b: Incineroar
|-crit|p2b: Incineroar
|-damage|p2b: Incineroar|22/100
|-damage|p1b: Urshifu|68/100|[from] item: Rocky Helmet|[of] p2b: Incineroar
|-crit|p2b: Incineroar
|-damage|p2b: Incineroar|0 fnt
|-damage|p1b: Urshifu|51/100|[from] item: Rocky Helmet|[of] p2b: Incineroar
|faint|p2b: Incineroar
|-hitcount|p2: Incineroar|3
|cant|p1a: Landorus|flinch
|move|p2a: Miraidon|Dazzling Gleam|p1a: Landorus|[spread] p1a,p1b
|-damage|p1a: Landorus|46/100
|-damage|p1b: Urshifu|0 fnt
|faint|p1b: Urshifu
|
|upkeep
|
|t:|1750828131
|switch|p1b: Miraidon|Miraidon, L50|100/100
|switch|p2b: Chien-Pao|Chien-Pao, L50|91/100
|-activate|p1b: Miraidon|ability: Hadron Engine
|-ability|p2b: Chien-Pao|Sword of Ruin
|turn|4
|
|t:|1750828162
|move|p2b: Chien-Pao|Sucker Punch|p1a: Landorus
|-damage|p1a: Landorus|0 fnt
|faint|p1a: Landorus
|-damage|p2b: Chien-Pao|81/100|[from] item: Life Orb
|move|p1b: Miraidon|Dazzling Gleam|p2b: Chien-Pao|[spread] p2a,p2b
|-supereffective|p2a: Miraidon
|-supereffective|p2b: Chien-Pao
|-damage|p2a: Miraidon|58/100
|-damage|p2b: Chien-Pao|0 fnt
|faint|p2b: Chien-Pao
|move|p2a: Miraidon|Dazzling Gleam|p1b: Miraidon
|-supereffective|p1b: Miraidon
|-damage|p1b: Miraidon|38/100
|
|-sideend|p1: swbthj|move: Tailwind
|upkeep
|turn|5
|
|t:|1750828178
|move|p2a: Miraidon|Dazzling Gleam|p1b: Miraidon
|-supereffective|p1b: Miraidon
|-damage|p1b: Miraidon|0 fnt
|faint|p1b: Miraidon
|
|win|ArtiskFox
|raw|swbthj's rating: 1389 &rarr; <strong>1366</strong><br />(-23 for losing)
|raw|ArtiskFox's rating: 1343 &rarr; <strong>1366</strong><br />(+23 for winning)
|l|☆swbthj
|player|p1|
|l|☆ArtiskFox
|player|p2|
