|j|☆KK the Boi VGC
|j|☆Brakmeritus
|t:|1750706617
|gametype|doubles
|player|p1|KK the Boi VGC|veteran|1312
|player|p2|Brakmeritus|lady|1214
|teamsize|p1|6
|teamsize|p2|6
|gen|9
|tier|[Gen 9] VGC 2025 Reg I
|rated|
|rule|Species Clause: Limit one of each Pokémon
|rule|Item Clause: Limit 1 of each item
|clearpoke
|poke|p1|Incineroar, L50, F|
|poke|p1|Rillaboom, L50, M|
|poke|p1|Urshifu-*, L50, M|
|poke|p1|Kyogre, L50|
|poke|p1|Tornadus, L50, M|
|poke|p1|Miraidon, L50|
|poke|p2|Calyrex-Shadow, L50|
|poke|p2|Koraidon, L50|
|poke|p2|Weezing-Galar, L50, F|
|poke|p2|Walking Wake, L50|
|poke|p2|Chi-Yu, L50|
|poke|p2|Incineroar, L50, M|
|teampreview|4
KK the Boi VGC has agreed to open team sheets.
|
|t:|1750706673
|start
|switch|p1a: Miraidon|Miraidon, L50|100/100
|switch|p1b: Incineroar|Incineroar, L50, F|100/100
|switch|p2a: Koraidon|Koraidon, L50|100/100
|switch|p2b: Weezing|Weezing-Galar, L50, F|100/100
|-ability|p2b: Weezing|Neutralizing Gas
|-block|p2a: Koraidon|item: Ability Shield
|-weather|SunnyDay|[from] ability: Orichalcum Pulse|[of] p2a: Koraidon
|-activate|p2a: Koraidon|Orichalcum Pulse|[source]
|turn|1
|
|t:|1750706695
|move|p2a: Koraidon|Protect|p2a: Koraidon
|-singleturn|p2a: Koraidon|Protect
|move|p2b: Weezing|Protect|p2b: Weezing
|-singleturn|p2b: Weezing|Protect
|move|p1b: Incineroar|Fake Out|p2a: Koraidon
|-activate|p2a: Koraidon|move: Protect
|move|p1a: Miraidon|Volt Switch|p2b: Weezing
|-activate|p2b: Weezing|move: Protect
|
|-weather|SunnyDay|[upkeep]
|upkeep
|turn|2
|
|t:|1750706732
|switch|p1a: Kyogre|Kyogre, L50|100/100
|-terastallize|p2a: Koraidon|Fire
|move|p2a: Koraidon|Flame Charge|p1a: Kyogre
|-resisted|p1a: Kyogre
|-damage|p1a: Kyogre|66/100
|-boost|p2a: Koraidon|spe|1
|move|p2b: Weezing|Play Rough|p1a: Kyogre
|-damage|p1a: Kyogre|35/100
|move|p1b: Incineroar|Parting Shot|p2a: Koraidon
|-unboost|p2a: Koraidon|atk|1
|-unboost|p2a: Koraidon|spa|1
|
|t:|1750706741
|switch|p1b: Miraidon|Miraidon, L50|100/100|[from] Parting Shot
|
|-weather|SunnyDay|[upkeep]
|upkeep
|turn|3
|
|t:|1750706772
|move|p2b: Weezing|Protect|p2b: Weezing
|-singleturn|p2b: Weezing|Protect
|move|p2a: Koraidon|Collision Course|p1a: Kyogre
|-crit|p1a: Kyogre
|-damage|p1a: Kyogre|0 fnt
|faint|p1a: Kyogre
|move|p1b: Miraidon|Volt Switch|p2b: Weezing
|-activate|p2b: Weezing|move: Protect
|
|-weather|SunnyDay|[upkeep]
|upkeep
|
|t:|1750706778
|switch|p1a: Tornadus|Tornadus, L50, M|100/100
|turn|4
|
|t:|1750706821
|move|p2a: Koraidon|Flare Blitz|p1a: Tornadus
|-damage|p1a: Tornadus|13/100
|-damage|p2a: Koraidon|75/100|[from] Recoil
|move|p1b: Miraidon|Volt Switch|p2a: Koraidon
|-damage|p2a: Koraidon|30/100
|
|t:|1750706825
|switch|p1b: Incineroar|Incineroar, L50, F|100/100|[from] Volt Switch
|move|p1a: Tornadus|Rain Dance|p1a: Tornadus
|-weather|RainDance
|move|p2b: Weezing|Play Rough|p1b: Incineroar|[miss]
|-miss|p2b: Weezing|p1b: Incineroar
|
|-weather|RainDance|[upkeep]
|upkeep
|turn|5
|
|t:|1750706896
|switch|p1b: Miraidon|Miraidon, L50|100/100
|move|p2a: Koraidon|Protect|p2a: Koraidon
|-singleturn|p2a: Koraidon|Protect
|move|p1a: Tornadus|Tailwind|p1a: Tornadus
|-sidestart|p1: KK the Boi VGC|move: Tailwind
|move|p2b: Weezing|Play Rough|p1a: Tornadus
|-damage|p1a: Tornadus|0 fnt
|faint|p1a: Tornadus
|
|-weather|RainDance|[upkeep]
|upkeep
|
|t:|1750706899
|switch|p1a: Incineroar|Incineroar, L50, F|100/100
|turn|6
|
|t:|1750706934
|switch|p2a: Calyrex|Calyrex-Shadow, L50|100/100
|-ability|p2a: Calyrex|As One
|-ability|p2a: Calyrex|Unnerve
|move|p2b: Weezing|Protect|p2b: Weezing
|-singleturn|p2b: Weezing|Protect
|move|p1a: Incineroar|Fake Out|p2a: Calyrex
|-immune|p2a: Calyrex
|move|p1b: Miraidon|Electro Drift|p2a: Calyrex
|-damage|p2a: Calyrex|19/100
|
|-weather|RainDance|[upkeep]
|upkeep
|turn|7
|
|t:|1750706965
|-end|p2b: Weezing|ability: Neutralizing Gas
|-fieldstart|move: Electric Terrain|[from] ability: Hadron Engine|[of] p1b: Miraidon
|-ability|p1a: Incineroar|Intimidate|boost
|-unboost|p2a: Calyrex|atk|1
|-unboost|p2b: Weezing|atk|1
|switch|p2b: Koraidon|Koraidon, L50, tera:Fire|30/100
|-weather|SunnyDay|[from] ability: Orichalcum Pulse|[of] p2b: Koraidon
|-activate|p2b: Koraidon|Orichalcum Pulse|[source]
|move|p2a: Calyrex|Protect|p2a: Calyrex
|-singleturn|p2a: Calyrex|Protect
|move|p1b: Miraidon|Electro Drift|p2b: Koraidon
|-damage|p2b: Koraidon|0 fnt
|faint|p2b: Koraidon
|move|p1a: Incineroar|Parting Shot|p2a: Calyrex
|-activate|p2a: Calyrex|move: Protect
|
|-weather|SunnyDay|[upkeep]
|upkeep
|
|t:|1750706990
|switch|p2b: Weezing|Weezing-Galar, L50, F|100/100
|-ability|p2b: Weezing|Neutralizing Gas
|turn|8
|
|t:|1750707014
|switch|p2a: Walking Wake|Walking Wake, L50|100/100
|move|p2b: Weezing|Protect|p2b: Weezing
|-singleturn|p2b: Weezing|Protect
|move|p1b: Miraidon|Electro Drift|p2b: Weezing
|-activate|p2b: Weezing|move: Protect
|move|p1a: Incineroar|Flare Blitz|p2a: Walking Wake
|-resisted|p2a: Walking Wake
|-damage|p2a: Walking Wake|83/100
|-damage|p1a: Incineroar|95/100|[from] Recoil
|
|-weather|SunnyDay|[upkeep]
|-sideend|p1: KK the Boi VGC|move: Tailwind
|upkeep
|turn|9
|
|t:|1750707053
|-terastallize|p1a: Incineroar|Bug
|move|p1b: Miraidon|Electro Drift|p2a: Walking Wake
|-damage|p2a: Walking Wake|6/100
|move|p2a: Walking Wake|Draco Meteor|p1b: Miraidon
|-supereffective|p1b: Miraidon
|-damage|p1b: Miraidon|0 fnt
|-unboost|p2a: Walking Wake|spa|2
|faint|p1b: Miraidon
|move|p2b: Weezing|Play Rough|p1a: Incineroar
|-damage|p1a: Incineroar|67/100
|-damage|p2b: Weezing|84/100|[from] item: Rocky Helmet|[of] p1a: Incineroar
|move|p1a: Incineroar|Flare Blitz|p2b: Weezing
|-crit|p2b: Weezing
|-damage|p2b: Weezing|0 fnt
|faint|p2b: Weezing
|-end|p2b: Weezing|ability: Neutralizing Gas
|-activate|p2a: Walking Wake|ability: Protosynthesis
|-start|p2a: Walking Wake|protosynthesisspe
|-ability|p1a: Incineroar|Intimidate|boost
|-unboost|p2a: Walking Wake|atk|1
|-damage|p1a: Incineroar|43/100|[from] Recoil
|
|-weather|SunnyDay|[upkeep]
|upkeep
|
|t:|1750707075
|switch|p2b: Calyrex|Calyrex-Shadow, L50|19/100
|-ability|p2b: Calyrex|As One
|-ability|p2b: Calyrex|Unnerve
|turn|10
|
|t:|1750707097
|move|p2a: Walking Wake|Aqua Jet|p1a: Incineroar
|-damage|p1a: Incineroar|40/100
|-damage|p2a: Walking Wake|0 fnt|[from] item: Rocky Helmet|[of] p1a: Incineroar
|faint|p2a: Walking Wake
|-end|p2a: Walking Wake|Protosynthesis|[silent]
|move|p2b: Calyrex|Astral Barrage|p1a: Incineroar
|-damage|p1a: Incineroar|0 fnt
|faint|p1a: Incineroar
|
|win|Brakmeritus
|raw|KK the Boi VGC's rating: 1312 &rarr; <strong>1287</strong><br />(-25 for losing)
|raw|Brakmeritus's rating: 1214 &rarr; <strong>1246</strong><br />(+32 for winning)
