|j|☆NegaiFreak
|j|☆Tronbbx22
|t:|1750792597
|gametype|doubles
|player|p1|NegaiFreak|169|1403
|player|p2|Tronbbx22|koga|1419
|teamsize|p1|6
|teamsize|p2|6
|gen|9
|tier|[Gen 9] VGC 2025 Reg I
|rated|
|rule|Species Clause: Limit one of each Pokémon
|rule|Item Clause: Limit 1 of each item
|clearpoke
|poke|p1|Lunala, L50|
|poke|p1|Koraidon, L50|
|poke|p1|Flutter Mane, L50|
|poke|p1|Farigiraf, L50, F|
|poke|p1|Incineroar, L50, M|
|poke|p1|Rillaboom, L50, F|
|poke|p2|Lunala, L50|
|poke|p2|Ursaluna, L50, F|
|poke|p2|Urshifu-*, L50, F|
|poke|p2|Miraidon, L50|
|poke|p2|Grimmsnarl, L50, M|
|poke|p2|Incineroar, L50, F|
|teampreview|4
|
|t:|1750792604
|start
|switch|p1a: Lunala|Lunala, L50|100/100
|switch|p1b: Rillaboom|Rillaboom, L50, F|100/100
|switch|p2a: Miraidon|Miraidon, L50|100/100
|switch|p2b: Grimmsnarl|Grimmsnarl, L50, M|100/100
|-fieldstart|move: Electric Terrain|[from] ability: Hadron Engine|[of] p2a: Miraidon
|-fieldstart|move: Grassy Terrain|[from] ability: Grassy Surge|[of] p1b: Rillaboom
|turn|1
|c|☆NegaiFreak|GLHF
|
|t:|1750792621
|move|p1b: Rillaboom|Fake Out|p2b: Grimmsnarl
|-damage|p2b: Grimmsnarl|86/100
|cant|p2b: Grimmsnarl|flinch
|move|p2a: Miraidon|Snarl|p1b: Rillaboom|[spread] p1a,p1b
|-supereffective|p1a: Lunala
|-damage|p1a: Lunala|76/100
|-damage|p1b: Rillaboom|90/100
|-unboost|p1a: Lunala|spa|1
|-unboost|p1b: Rillaboom|spa|1
|move|p1a: Lunala|Calm Mind|p1a: Lunala
|-boost|p1a: Lunala|spa|1
|-boost|p1a: Lunala|spd|1
|
|-heal|p1a: Lunala|82/100|[from] Grassy Terrain
|-heal|p1a: Lunala|88/100|[from] item: Leftovers
|-heal|p1b: Rillaboom|96/100|[from] Grassy Terrain
|-heal|p2b: Grimmsnarl|92/100|[from] Grassy Terrain
|upkeep
|turn|2
|
|t:|1750792641
|move|p1a: Lunala|Protect|p1a: Lunala
|-singleturn|p1a: Lunala|Protect
|move|p2b: Grimmsnarl|Light Screen|p2b: Grimmsnarl
|-sidestart|p2: Tronbbx22|move: Light Screen
|move|p2a: Miraidon|Electro Drift|p1a: Lunala
|-activate|p1a: Lunala|move: Protect
|move|p1b: Rillaboom|U-turn|p2b: Grimmsnarl
|-damage|p2b: Grimmsnarl|68/100
|
|t:|1750792652
|switch|p1b: Koraidon|Koraidon, L50|100/100|[from] U-turn
|-weather|SunnyDay|[from] ability: Orichalcum Pulse|[of] p1b: Koraidon
|-activate|p1b: Koraidon|Orichalcum Pulse|[source]
|
|-weather|SunnyDay|[upkeep]
|-heal|p1a: Lunala|94/100|[from] Grassy Terrain
|-heal|p1a: Lunala|100/100|[from] item: Leftovers
|-heal|p2b: Grimmsnarl|74/100|[from] Grassy Terrain
|upkeep
|turn|3
|
|t:|1750792678
|switch|p1a: Farigiraf|Farigiraf, L50, F|100/100
|-terastallize|p1b: Koraidon|Fire
|-terastallize|p2a: Miraidon|Electric
|move|p2b: Grimmsnarl|Thunder Wave||[still]
|cant|p1a: Farigiraf|ability: Armor Tail|Thunder Wave|[of] p2b: Grimmsnarl
|move|p1b: Koraidon|Flame Charge|p2b: Grimmsnarl
|-damage|p2b: Grimmsnarl|0 fnt
|-boost|p1b: Koraidon|spe|1
|faint|p2b: Grimmsnarl
|-damage|p1b: Koraidon|91/100|[from] item: Life Orb
|move|p2a: Miraidon|Electro Drift|p1b: Koraidon
|-damage|p1b: Koraidon|18/100
|
|-weather|SunnyDay|[upkeep]
|-heal|p1b: Koraidon|23/100|[from] Grassy Terrain
|upkeep
|
|t:|1750792691
|switch|p2b: Ursaluna|Ursaluna, L50, F|100/100
|turn|4
|
|t:|1750792705
|switch|p2b: Lunala|Lunala, L50|100/100
|move|p1b: Koraidon|Close Combat|p2a: Miraidon
|-damage|p2a: Miraidon|0 fnt
|-unboost|p1b: Koraidon|def|1
|-unboost|p1b: Koraidon|spd|1
|faint|p2a: Miraidon
|-damage|p1b: Koraidon|14/100|[from] item: Life Orb
|move|p1a: Farigiraf|Hyper Voice|p2b: Lunala
|-immune|p2b: Lunala
|
|-weather|SunnyDay|[upkeep]
|-heal|p1b: Koraidon|19/100|[from] Grassy Terrain
|upkeep
|
|t:|1750792710
|switch|p2a: Ursaluna|Ursaluna, L50, F|100/100
|turn|5
|
|t:|1750792727
|move|p2a: Ursaluna|Protect|p2a: Ursaluna
|-singleturn|p2a: Ursaluna|Protect
|move|p1b: Koraidon|Flare Blitz|p2b: Lunala
|-damage|p2b: Lunala|45/100
|-damage|p1b: Koraidon|0 fnt|[from] Recoil
|faint|p1b: Koraidon
|move|p2b: Lunala|Trick Room|p2b: Lunala
|-fieldstart|move: Trick Room|[of] p2b: Lunala
|move|p1a: Farigiraf|Trick Room|p1a: Farigiraf
|-fieldend|move: Trick Room
|
|-weather|SunnyDay|[upkeep]
|-heal|p2b: Lunala|51/100|[from] Grassy Terrain
|-fieldend|move: Grassy Terrain
|-status|p2a: Ursaluna|brn|[from] item: Flame Orb
|upkeep
|
|t:|1750792741
|switch|p1b: Rillaboom|Rillaboom, L50, F|96/100
|-fieldstart|move: Grassy Terrain|[from] ability: Grassy Surge|[of] p1b: Rillaboom
|turn|6
|c|☆Tronbbx22|Really GG
|
|t:|1750792760
|move|p1a: Farigiraf|Helping Hand|p1b: Rillaboom
|-singleturn|p1b: Rillaboom|Helping Hand|[of] p1a: Farigiraf
|move|p2a: Ursaluna|Protect||[still]
|-fail|p2a: Ursaluna
|move|p1b: Rillaboom|Wood Hammer|p2a: Ursaluna
|-supereffective|p2a: Ursaluna
|-damage|p2a: Ursaluna|0 fnt
|faint|p2a: Ursaluna
|-damage|p1b: Rillaboom|55/100|[from] Recoil
|move|p2b: Lunala|Trick Room|p2b: Lunala
|-fieldstart|move: Trick Room|[of] p2b: Lunala
|
|-weather|none
|-heal|p1b: Rillaboom|61/100|[from] Grassy Terrain
|-heal|p2b: Lunala|57/100|[from] Grassy Terrain
|upkeep
|turn|7
|c|☆NegaiFreak|GG, WP
|
|t:|1750792792
|move|p1a: Farigiraf|Helping Hand|p1b: Rillaboom
|-singleturn|p1b: Rillaboom|Helping Hand|[of] p1a: Farigiraf
|move|p1b: Rillaboom|Wood Hammer|p2b: Lunala
|-damage|p2b: Lunala|0 fnt
|faint|p2b: Lunala
|-damage|p1b: Rillaboom|38/100|[from] Recoil
|
|win|NegaiFreak
|raw|NegaiFreak's rating: 1403 &rarr; <strong>1424</strong><br />(+21 for winning)
|raw|Tronbbx22's rating: 1419 &rarr; <strong>1398</strong><br />(-21 for losing)
|c|☆Tronbbx22|Good predicts
|l|☆Tronbbx22
|player|p2|
|c|☆NegaiFreak|Yeah, I felt when I saw Lunala and Ursaluna, I needed to make a call
