|j|☆SnorlaxPikachu1
|j|☆Moreuptempo
|t:|1750846813
|gametype|doubles
|player|p1|SnorlaxPikachu1|palmer|
|player|p2|Moreuptempo|red|
|teamsize|p1|6
|teamsize|p2|6
|gen|9
|tier|[Gen 9] VGC 2025 Reg I
|rated|Tournament battle
|rule|Species Clause: Limit one of each Pokémon
|rule|Item Clause: Limit 1 of each item
|raw|<div class="infobox"><details class="readmore" open><summary><strong>2 custom rules:</strong></summary> Force Open Team Sheets, !Open Team Sheets</details></div>
|clearpoke
|poke|p1|Calyrex-Shadow, L50|
|poke|p1|Smeargle, L50, F|
|poke|p1|Zamazenta-*, L50|
|poke|p1|Whimsicott, L50, F|
|poke|p1|Rillaboom, L50, F|
|poke|p1|Ogerpon-Cornerstone, L50, F|
|poke|p2|Lunala, L50|
|poke|p2|Ursaluna, L50, M|
|poke|p2|Koraidon, L50|
|poke|p2|Flutter Mane, L50|
|poke|p2|Chi-Yu, L50|
|poke|p2|Brute Bonnet, L50|
|teampreview|4
|showteam|p1|Calyrex-Shadow||LifeOrb|AsOneSpectrier|AstralBarrage,Psychic,NastyPlot,Protect||||||50|,,,,,Dark]Smeargle||FocusSash|Moody|Spore,FollowMe,WideGuard,FakeOut|||F|||50|,,,,,Grass]Zamazenta-Crowned||RustedShield|DauntlessShield|BodyPress,HeavySlam,WideGuard,Protect||||||50|,,,,,Dragon]Whimsicott||CovertCloak|Prankster|Moonblast,Tailwind,Encore,HelpingHand|||F|||50|,,,,,Dark]Rillaboom||AssaultVest|GrassySurge|GrassyGlide,WoodHammer,FakeOut,Uturn|||F|||50|,,,,,Fire]Ogerpon-Cornerstone||CornerstoneMask|Sturdy|IvyCudgel,FollowMe,SpikyShield,Taunt|||F|||50|,,,,,Rock
|showteam|p2|Lunala||PowerHerb|ShadowShield|MeteorBeam,MoongeistBeam,TrickRoom,WideGuard||||||50|,,,,,Fairy]Ursaluna||FlameOrb|Guts|Facade,HeadlongRush,Earthquake,Protect|||M|||50|,,,,,Ghost]Koraidon||LifeOrb|OrichalcumPulse|CloseCombat,FlareBlitz,FlameCharge,Protect||||||50|,,,,,Fire]Flutter Mane||FocusSash|Protosynthesis|ShadowBall,Moonblast,IcyWind,Protect||||||50|,,,,,Stellar]Chi-Yu||ChoiceScarf|BeadsofRuin|HeatWave,DarkPulse,Snarl,Flamethrower||||||50|,,,,,Fire]Brute Bonnet||SitrusBerry|Protosynthesis|Spore,SuckerPunch,RagePowder,SeedBomb||||||50|,,,,,Water
|j| Avi 2007
|
|t:|1750846835
|start
|switch|p1a: Hecuba|Zamazenta-Crowned, L50|100/100
|switch|p1b: Aurae|Whimsicott, L50, F|100/100
|switch|p2a: Koraidon|Koraidon, L50|100/100
|switch|p2b: Chi-Yu|Chi-Yu, L50|100/100
|-ability|p2b: Chi-Yu|Beads of Ruin
|-weather|SunnyDay|[from] ability: Orichalcum Pulse|[of] p2a: Koraidon
|-activate|p2a: Koraidon|Orichalcum Pulse|[source]
|-ability|p1a: Hecuba|Dauntless Shield|boost
|-boost|p1a: Hecuba|def|1
|turn|1
|
|t:|1750846852
|switch|p2b: Lunala|Lunala, L50|100/100
|-terastallize|p2a: Koraidon|Fire
|move|p1b: Aurae|Tailwind|p1b: Aurae
|-sidestart|p1: SnorlaxPikachu1|move: Tailwind
|move|p1a: Hecuba|Body Press|p2b: Lunala
|-immune|p2b: Lunala
|move|p2a: Koraidon|Flame Charge|p1a: Hecuba
|-supereffective|p1a: Hecuba
|-damage|p1a: Hecuba|42/100
|-boost|p2a: Koraidon|spe|1
|-damage|p2a: Koraidon|91/100|[from] item: Life Orb
|
|-weather|SunnyDay|[upkeep]
|upkeep
|turn|2
|
|t:|1750846877
|switch|p2a: Chi-Yu|Chi-Yu, L50|100/100
|-ability|p2a: Chi-Yu|Beads of Ruin
|-terastallize|p1a: Hecuba|Dragon
|move|p1b: Aurae|Helping Hand|p1a: Hecuba
|-singleturn|p1a: Hecuba|Helping Hand|[of] p1b: Aurae
|move|p1a: Hecuba|Body Press|p2a: Chi-Yu
|-supereffective|p2a: Chi-Yu
|-damage|p2a: Chi-Yu|0 fnt
|faint|p2a: Chi-Yu
|move|p2b: Lunala|Trick Room|p2b: Lunala
|-fieldstart|move: Trick Room|[of] p2b: Lunala
|
|-weather|SunnyDay|[upkeep]
|upkeep
|
|t:|1750846886
|switch|p2a: Ursaluna|Ursaluna, L50, M, shiny|100/100
|turn|3
|
|t:|1750846918
|switch|p2b: Koraidon|Koraidon, L50, tera:Fire|91/100
|-activate|p2b: Koraidon|ability: Orichalcum Pulse
|move|p1b: Aurae|Encore||[still]
|-fail|p1b: Aurae
|move|p2a: Ursaluna|Headlong Rush|p1a: Hecuba
|-damage|p1a: Hecuba|17/100
|-unboost|p2a: Ursaluna|def|1
|-unboost|p2a: Ursaluna|spd|1
|move|p1a: Hecuba|Body Press|p2a: Ursaluna
|-supereffective|p2a: Ursaluna
|-damage|p2a: Ursaluna|0 fnt
|faint|p2a: Ursaluna
|
|-weather|SunnyDay|[upkeep]
|upkeep
|
|t:|1750846920
|switch|p2a: Lunala|Lunala, L50|100/100
|turn|4
|
|t:|1750846940
|move|p2a: Lunala|Meteor Beam||[still]
|-prepare|p2a: Lunala|Meteor Beam
|-boost|p2a: Lunala|spa|1
|-enditem|p2a: Lunala|Power Herb
|-anim|p2a: Lunala|Meteor Beam|p1a: Hecuba
|-damage|p1a: Hecuba|0 fnt
|faint|p1a: Hecuba
|move|p2b: Koraidon|Flare Blitz|p1b: Aurae
|-supereffective|p1b: Aurae
|-damage|p1b: Aurae|0 fnt
|faint|p1b: Aurae
|-damage|p2b: Koraidon|61/100|[from] Recoil
|-damage|p2b: Koraidon|52/100|[from] item: Life Orb
|
|-weather|SunnyDay|[upkeep]
|-sideend|p1: SnorlaxPikachu1|move: Tailwind
|upkeep
|
|t:|1750846947
|switch|p1a: Hecate|Calyrex-Shadow, L50|100/100
|switch|p1b: Thalia|Ogerpon-Cornerstone, L50, F|100/100
|-ability|p1a: Hecate|As One
|-ability|p1a: Hecate|Unnerve
|turn|5
|j| turtle100000000
|
|t:|1750846992
|move|p2b: Koraidon|Protect|p2b: Koraidon
|-singleturn|p2b: Koraidon|Protect
|move|p1b: Thalia|Follow Me|p1b: Thalia
|-singleturn|p1b: Thalia|move: Follow Me
|move|p2a: Lunala|Moongeist Beam|p1b: Thalia
|-damage|p1b: Thalia|1/100
|move|p1a: Hecate|Astral Barrage|p2a: Lunala|[spread] p2a
|-activate|p2b: Koraidon|move: Protect
|-supereffective|p2a: Lunala
|-damage|p2a: Lunala|1/100
|-damage|p1a: Hecate|91/100|[from] item: Life Orb
|
|-weather|none
|upkeep
|turn|6
|c|☆SnorlaxPikachu1|how many hp?
|
|t:|1750847035
|move|p1b: Thalia|Spiky Shield|p1b: Thalia
|-singleturn|p1b: Thalia|move: Protect
|move|p1a: Hecate|Protect|p1a: Hecate
|-singleturn|p1a: Hecate|Protect
|move|p2a: Lunala|Moongeist Beam|p1b: Thalia
|-activate|p1b: Thalia|move: Protect
|move|p2b: Koraidon|Flame Charge|p1a: Hecate
|-activate|p1a: Hecate|move: Protect
|
|-fieldend|move: Trick Room
|upkeep
|turn|7
|j| daelien
|
|t:|1750847061
|move|p2a: Lunala|Wide Guard|p2a: Lunala
|-singleturn|p2a: Lunala|Wide Guard
|move|p2b: Koraidon|Flame Charge|p1b: Thalia
|-crit|p1b: Thalia
|-damage|p1b: Thalia|0 fnt
|-boost|p2b: Koraidon|spe|1
|faint|p1b: Thalia
|-damage|p2b: Koraidon|42/100|[from] item: Life Orb
|move|p1a: Hecate|Astral Barrage|p2a: Lunala|[spread] 
|-activate|p2a: Lunala|move: Wide Guard
|-activate|p2b: Koraidon|move: Wide Guard
|
|upkeep
|turn|8
|
|t:|1750847080
|move|p2b: Koraidon|Flare Blitz|p1a: Hecate
|-damage|p1a: Hecate|11/100
|-damage|p2b: Koraidon|14/100|[from] Recoil
|-damage|p2b: Koraidon|5/100|[from] item: Life Orb
|move|p1a: Hecate|Astral Barrage|p2a: Lunala|[spread] p2a,p2b
|-supereffective|p2a: Lunala
|-crit|p2a: Lunala
|-damage|p2a: Lunala|0 fnt
|-damage|p2b: Koraidon|0 fnt
|faint|p2a: Lunala
|faint|p2b: Koraidon
|-damage|p1a: Hecate|1/100|[from] item: Life Orb
|
|win|SnorlaxPikachu1
|n|☆SnorlaxPikachu1|snorlaxpikachu1
|n|☆Moreuptempo|moreuptempo
|n| Avi 2007|avi2007
|n| turtle100000000|turtle100000000
|n| daelien|daelien
