|j|☆Lewissquire
|j|☆Keltos
|t:|1750860056
|gametype|doubles
|player|p1|Lewissquire|266|1292
|player|p2|Keltos|170|1282
|teamsize|p1|6
|teamsize|p2|6
|gen|9
|tier|[Gen 9] VGC 2025 Reg I
|rated|
|rule|Species Clause: Limit one of each Pokémon
|rule|Item Clause: Limit 1 of each item
|clearpoke
|poke|p1|Zamazenta-*, L50|
|poke|p1|Raging Bolt, L50|
|poke|p1|Incineroar, L50, F|
|poke|p1|Rillaboom, L50, M|
|poke|p1|Ogerpon-Hearthflame, L50, F|
|poke|p1|Calyrex-Shadow, L50|
|poke|p2|Calyrex-Shadow, L50|
|poke|p2|Koraidon, L50|
|poke|p2|Garchomp, L50, M|
|poke|p2|Flutter Mane, L50|
|poke|p2|Iron Valiant, L50|
|poke|p2|Tornadus, L50, M|
|teampreview|4
|inactive|Battle timer is ON: inactive players will automatically lose when time's up. (requested by Keltos)
|inactive|Lewissquire has 60 seconds left.
|inactive|Keltos has 60 seconds left.
|
|t:|1750860112
|start
|switch|p1a: Incineroar|Incineroar, L50, F|100/100
|switch|p1b: Rillaboom|Rillaboom, L50, M|100/100
|switch|p2a: Garchomp|Garchomp, L50, M|100/100
|switch|p2b: Tornadus|Tornadus, L50, M|100/100
|-fieldstart|move: Grassy Terrain|[from] ability: Grassy Surge|[of] p1b: Rillaboom
|-ability|p1a: Incineroar|Intimidate|boost
|-unboost|p2a: Garchomp|atk|1
|-unboost|p2b: Tornadus|atk|1
|turn|1
|inactive|Lewissquire has 30 seconds left.
|inactive|Keltos has 30 seconds left.
|
|t:|1750860143
|switch|p2a: Calyrex|Calyrex-Shadow, L50|100/100
|-ability|p2a: Calyrex|As One
|-ability|p2a: Calyrex|Unnerve
|move|p1b: Rillaboom|Fake Out|p2a: Calyrex
|-immune|p2a: Calyrex
|move|p2b: Tornadus|Tailwind|p2b: Tornadus
|-sidestart|p2: Keltos|move: Tailwind
|move|p1a: Incineroar|Knock Off|p2b: Tornadus
|-damage|p2b: Tornadus|53/100
|-enditem|p2b: Tornadus|Covert Cloak|[from] move: Knock Off|[of] p1a: Incineroar
|
|upkeep
|turn|2
|inactive|Lewissquire has 30 seconds left.
|inactive|Keltos has 30 seconds left.
|
|t:|1750860171
|switch|p2a: Koraidon|Koraidon, L50|100/100
|-weather|SunnyDay|[from] ability: Orichalcum Pulse|[of] p2a: Koraidon
|-activate|p2a: Koraidon|Orichalcum Pulse|[source]
|move|p2b: Tornadus|Heat Wave|p1b: Rillaboom|[spread] p1a,p1b
|-resisted|p1a: Incineroar
|-supereffective|p1b: Rillaboom
|-damage|p1a: Incineroar|87/100
|-damage|p1b: Rillaboom|53/100
|move|p1b: Rillaboom|Wood Hammer|p2a: Koraidon
|-resisted|p2a: Koraidon
|-damage|p2a: Koraidon|63/100
|-damage|p1b: Rillaboom|42/100|[from] Recoil
|move|p1a: Incineroar|Knock Off|p2a: Koraidon
|-resisted|p2a: Koraidon
|-crit|p2a: Koraidon
|-damage|p2a: Koraidon|39/100
|-enditem|p2a: Koraidon|Life Orb|[from] move: Knock Off|[of] p1a: Incineroar
|
|-weather|SunnyDay|[upkeep]
|-heal|p2a: Koraidon|45/100|[from] Grassy Terrain
|-heal|p1b: Rillaboom|48/100|[from] Grassy Terrain
|-heal|p1a: Incineroar|93/100|[from] Grassy Terrain
|upkeep
|turn|3
|inactive|Lewissquire has 30 seconds left.
|inactive|Keltos has 30 seconds left.
|inactive|Lewissquire has 20 seconds left.
|inactive|Lewissquire has 15 seconds left.
|inactive|Lewissquire has 10 seconds left.
|inactive|Lewissquire has 5 seconds left.
|
|t:|1750860221
|move|p2a: Koraidon|Close Combat|p1a: Incineroar
|-supereffective|p1a: Incineroar
|-damage|p1a: Incineroar|0 fnt
|-unboost|p2a: Koraidon|def|1
|-unboost|p2a: Koraidon|spd|1
|-damage|p2a: Koraidon|28/100|[from] item: Rocky Helmet|[of] p1a: Incineroar
|faint|p1a: Incineroar
|move|p2b: Tornadus|Heat Wave|p1b: Rillaboom
|-supereffective|p1b: Rillaboom
|-damage|p1b: Rillaboom|0 fnt
|faint|p1b: Rillaboom
|
|-weather|SunnyDay|[upkeep]
|-heal|p2a: Koraidon|35/100|[from] Grassy Terrain
|upkeep
|
|t:|1750860237
|switch|p1b: Zamazenta|Zamazenta-Crowned, L50|100/100
|switch|p1a: Calyrex|Calyrex-Shadow, L50|100/100
|-ability|p1a: Calyrex|As One
|-ability|p1a: Calyrex|Unnerve
|-ability|p1b: Zamazenta|Dauntless Shield|boost
|-boost|p1b: Zamazenta|def|1
|turn|4
|inactive|Lewissquire has 30 seconds left.
|
|t:|1750860266
|-terastallize|p1b: Zamazenta|Water
|move|p1b: Zamazenta|Wide Guard|p1b: Zamazenta
|-singleturn|p1b: Zamazenta|Wide Guard
|move|p2a: Koraidon|Flare Blitz|p1a: Calyrex
|-damage|p1a: Calyrex|12/100
|-damage|p2a: Koraidon|3/100|[from] Recoil
|move|p2b: Tornadus|Heat Wave|p1a: Calyrex|[spread] 
|-activate|p1a: Calyrex|move: Wide Guard
|-activate|p1b: Zamazenta|move: Wide Guard
|move|p1a: Calyrex|Astral Barrage|p2a: Koraidon|[spread] p2a,p2b
|-damage|p2a: Koraidon|0 fnt
|-damage|p2b: Tornadus|6/100
|faint|p2a: Koraidon
|-ability|p1a: Calyrex|Grim Neigh|boost
|-boost|p1a: Calyrex|spa|1
|-damage|p1a: Calyrex|3/100|[from] item: Life Orb
|
|-weather|SunnyDay|[upkeep]
|-heal|p1a: Calyrex|8/100|[from] Grassy Terrain
|-sideend|p2: Keltos|move: Tailwind
|upkeep
|
|t:|1750860286
|switch|p2a: Calyrex|Calyrex-Shadow, L50|100/100
|-ability|p2a: Calyrex|As One
|-ability|p2a: Calyrex|Unnerve
|turn|5
|-message|Lewissquire forfeited.
|
|win|Keltos
|raw|Lewissquire's rating: 1292 &rarr; <strong>1266</strong><br />(-26 for losing)
|raw|Keltos's rating: 1282 &rarr; <strong>1308</strong><br />(+26 for winning)
|l|☆Lewissquire
|player|p1|
|l|☆Keltos
|player|p2|
