|j|☆korima-alt
|j|☆krispeefishee
|t:|1750872729
|gametype|doubles
|player|p1|korima-alt|acetrainercouple|1101
|player|p2|krispeefishee|drayden|1045
|teamsize|p1|6
|teamsize|p2|6
|gen|9
|tier|[Gen 9] VGC 2025 Reg I
|rated|
|rule|Species Clause: Limit one of each Pokémon
|rule|Item Clause: Limit 1 of each item
|clearpoke
|poke|p1|Kyurem-White, L50|
|poke|p1|Amoonguss, L50, F|
|poke|p1|Calyrex-Ice, L50|
|poke|p1|Weezing-Galar, L50, M|
|poke|p1|Hitmontop, L50, M|
|poke|p1|Ninetales-Alola, L50, M|
|poke|p2|Scizor, L50, M|
|poke|p2|Raichu, L50, F|
|poke|p2|Iron Valiant, L50|
|poke|p2|Reshiram, L50|
|poke|p2|Chien-Pao, L50|
|poke|p2|Flutter Mane, L50|
|teampreview|4
korima-alt rejected open team sheets.
|inactive|Battle timer is ON: inactive players will automatically lose when time's up. (requested by krispeefishee)
|
|t:|1750872778
|start
|switch|p1a: Amoonguss|Amoonguss, L50, F, shiny|100/100
|switch|p1b: Hitmontop|Hitmontop, L50, M|100/100
|switch|p2a: Scizor|Scizor, L50, M|100/100
|switch|p2b: Chien-Pao|Chien-Pao, L50|100/100
|-ability|p2b: Chien-Pao|Sword of Ruin
|-ability|p1b: Hitmontop|Intimidate|boost
|-unboost|p2a: Scizor|atk|1
|-unboost|p2b: Chien-Pao|atk|1
|turn|1
|
|t:|1750872791
|move|p1b: Hitmontop|Fake Out|p2a: Scizor
|-resisted|p2a: Scizor
|-damage|p2a: Scizor|95/100
|move|p2b: Chien-Pao|Ice Spinner|p1a: Amoonguss
|-supereffective|p1a: Amoonguss
|-damage|p1a: Amoonguss|26/100
|-damage|p2b: Chien-Pao|84/100|[from] item: Rocky Helmet|[of] p1a: Amoonguss
|cant|p2a: Scizor|flinch
|move|p1a: Amoonguss|Spore|p2a: Scizor
|-status|p2a: Scizor|slp|[from] move: Spore
|
|upkeep
|turn|2
|
|t:|1750872814
|switch|p1a: Calyrex|Calyrex-Ice, L50|100/100
|-ability|p1a: Calyrex|As One
|-ability|p1a: Calyrex|Unnerve
|move|p1b: Hitmontop|Protect|p1b: Hitmontop
|-singleturn|p1b: Hitmontop|Protect
|move|p2b: Chien-Pao|Ice Shard|p1a: Calyrex
|-resisted|p1a: Calyrex
|-damage|p1a: Calyrex|94/100
|cant|p2a: Scizor|slp
|
|upkeep
|turn|3
|
|t:|1750872830
|-terastallize|p1a: Calyrex|Dark
|cant|p2a: Scizor|slp
|move|p2b: Chien-Pao|Crunch|p1a: Calyrex
|-resisted|p1a: Calyrex
|-damage|p1a: Calyrex|84/100
|move|p1b: Hitmontop|Coaching|p1a: Calyrex
|-boost|p1a: Calyrex|atk|1
|-boost|p1a: Calyrex|def|1
|move|p1a: Calyrex|Trick Room|p1a: Calyrex
|-fieldstart|move: Trick Room|[of] p1a: Calyrex
|
|upkeep
|turn|4
|
|t:|1750872849
|move|p1b: Hitmontop|Helping Hand|p1a: Calyrex
|-singleturn|p1a: Calyrex|Helping Hand|[of] p1b: Hitmontop
|move|p1a: Calyrex|Glacial Lance|p2a: Scizor|[spread] p2a,p2b
|-resisted|p2a: Scizor
|-resisted|p2b: Chien-Pao
|-damage|p2a: Scizor|0 fnt
|-damage|p2b: Chien-Pao|0 fnt
|faint|p2a: Scizor
|faint|p2b: Chien-Pao
|-ability|p1a: Calyrex|Chilling Neigh|boost
|-boost|p1a: Calyrex|atk|2
|-damage|p1a: Calyrex|74/100|[from] item: Life Orb
|
|upkeep
|
|t:|1750872854
|switch|p2a: Iron Valiant|Iron Valiant, L50|100/100
|switch|p2b: Reshiram|Reshiram, L50|100/100
|-ability|p2b: Reshiram|Turboblaze
|turn|5
|
|t:|1750872864
|move|p2b: Reshiram|Protect|p2b: Reshiram
|-singleturn|p2b: Reshiram|Protect
|move|p1a: Calyrex|Glacial Lance|p2a: Iron Valiant|[spread] p2a
|-activate|p2b: Reshiram|move: Protect
|-damage|p2a: Iron Valiant|0 fnt
|faint|p2a: Iron Valiant
|-end|p2a: Iron Valiant|Quark Drive|[silent]
|-ability|p1a: Calyrex|Chilling Neigh|boost
|-boost|p1a: Calyrex|atk|1
|-damage|p1a: Calyrex|65/100|[from] item: Life Orb
|move|p1b: Hitmontop|Coaching|p1a: Calyrex
|-boost|p1a: Calyrex|atk|1
|-boost|p1a: Calyrex|def|1
|
|upkeep
|turn|6
|
|t:|1750872879
|move|p1a: Calyrex|Glacial Lance|p2b: Reshiram
|-damage|p2b: Reshiram|0 fnt
|faint|p2b: Reshiram
|-damage|p1a: Calyrex|55/100|[from] item: Life Orb
|
|win|korima-alt
|raw|korima-alt's rating: 1101 &rarr; <strong>1122</strong><br />(+21 for winning)
|raw|krispeefishee's rating: 1045 &rarr; <strong>1031</strong><br />(-14 for losing)
|l|☆krispeefishee
|player|p2|
