|j|☆zugasteam
|j|☆EnlighteN1124
|t:|1750771338
|gametype|doubles
|player|p1|zugasteam|266|1700
|player|p2|EnlighteN1124|morty|1561
|teamsize|p1|6
|teamsize|p2|6
|gen|9
|tier|[Gen 9] VGC 2025 Reg I
|rated|
|rule|Species Clause: Limit one of each Pokémon
|rule|Item Clause: Limit 1 of each item
|clearpoke
|poke|p1|Grimmsnarl, L50, M|
|poke|p1|Calyrex-Shadow, L50|
|poke|p1|Landorus, L50, M|
|poke|p1|Ogerpon-Wellspring, L50, F|
|poke|p1|Incineroar, L50, F|
|poke|p1|Zamazenta-*, L50|
|poke|p2|Kyogre, L50|
|poke|p2|Urshifu-*, L50, M|
|poke|p2|Zacian-*, L50|
|poke|p2|Roaring Moon, L50|
|poke|p2|Rillaboom, L50, M|
|poke|p2|Landorus, L50, M|
|teampreview|4
|inactive|Battle timer is ON: inactive players will automatically lose when time's up. (requested by zugasteam)
|j| UI Rain
|inactive|EnlighteN1124 has 60 seconds left.
|
|t:|1750771397
|start
|switch|p1a: Grimmsnarl|Grimmsnarl, L50, M|100/100
|switch|p1b: Zamazenta|Zamazenta-Crowned, L50|100/100
|switch|p2a: Landorus|Landorus, L50, M|100/100
|switch|p2b: Roaring Moon|Roaring Moon, L50|100/100
|-ability|p1b: Zamazenta|Dauntless Shield|boost
|-boost|p1b: Zamazenta|def|1
|-enditem|p2b: Roaring Moon|Booster Energy
|-activate|p2b: Roaring Moon|ability: Protosynthesis|[fromitem]
|-start|p2b: Roaring Moon|protosynthesisspe
|turn|1
|
|t:|1750771412
|move|p2b: Roaring Moon|Protect|p2b: Roaring Moon
|-singleturn|p2b: Roaring Moon|Protect
|move|p1a: Grimmsnarl|Light Screen|p1a: Grimmsnarl
|-sidestart|p1: zugasteam|move: Light Screen
|move|p1b: Zamazenta|Body Press|p2b: Roaring Moon
|-activate|p2b: Roaring Moon|move: Protect
|move|p2a: Landorus|Sandsear Storm|p1a: Grimmsnarl|[spread] p1a,p1b
|-supereffective|p1b: Zamazenta
|-damage|p1a: Grimmsnarl|64/100
|-damage|p1b: Zamazenta|32/100
|
|upkeep
|turn|2
|inactive|EnlighteN1124 has 30 seconds left.
|inactive|EnlighteN1124 has 20 seconds left.
|
|t:|1750771450
|-terastallize|p2b: Roaring Moon|Flying
|move|p1b: Zamazenta|Protect|p1b: Zamazenta
|-singleturn|p1b: Zamazenta|Protect
|move|p2b: Roaring Moon|Acrobatics|p1a: Grimmsnarl
|-damage|p1a: Grimmsnarl|6/100
|move|p2a: Landorus|Sandsear Storm|p1b: Zamazenta|[spread] p1a
|-activate|p1b: Zamazenta|move: Protect
|-damage|p1a: Grimmsnarl|0 fnt
|faint|p1a: Grimmsnarl
|
|upkeep
|
|t:|1750771462
|switch|p1a: Ogerpon|Ogerpon-Wellspring, L50, F|100/100
|turn|3
|
|t:|1750771481
|-terastallize|p1a: Ogerpon|Water
|detailschange|p1a: Ogerpon|Ogerpon-Wellspring-Tera, L50, F, tera:Water
|-ability|p1a: Ogerpon|Embody Aspect (Wellspring)|boost
|-boost|p1a: Ogerpon|spd|1
|move|p2a: Landorus|Protect|p2a: Landorus
|-singleturn|p2a: Landorus|Protect
|move|p2b: Roaring Moon|Tailwind|p2b: Roaring Moon
|-sidestart|p2: EnlighteN1124|move: Tailwind
|move|p1b: Zamazenta|Behemoth Bash|p2b: Roaring Moon
|-damage|p2b: Roaring Moon|61/100
|move|p1a: Ogerpon|Ivy Cudgel|p2a: Landorus|[anim] Ivy Cudgel Water
|-activate|p2a: Landorus|move: Protect
|
|upkeep
|turn|4
|inactive|EnlighteN1124 has 30 seconds left.
|
|t:|1750771513
|move|p1b: Zamazenta|Wide Guard|p1b: Zamazenta
|-singleturn|p1b: Zamazenta|Wide Guard
|move|p2b: Roaring Moon|Acrobatics|p1a: Ogerpon
|-damage|p1a: Ogerpon|49/100
|move|p2a: Landorus|Earth Power|p1b: Zamazenta
|-supereffective|p1b: Zamazenta
|-damage|p1b: Zamazenta|0 fnt
|faint|p1b: Zamazenta
|move|p1a: Ogerpon|Ivy Cudgel|p2a: Landorus|[anim] Ivy Cudgel Water
|-supereffective|p2a: Landorus
|-damage|p2a: Landorus|0 fnt
|faint|p2a: Landorus
|
|upkeep
|
|t:|1750771535
|switch|p1b: Calyrex|Calyrex-Shadow, L50|100/100
|switch|p2a: Kyogre|Kyogre, L50|100/100
|-ability|p1b: Calyrex|As One
|-ability|p1b: Calyrex|Unnerve
|-weather|RainDance|[from] ability: Drizzle|[of] p2a: Kyogre
|turn|5
|
|t:|1750771547
|move|p1b: Calyrex|Protect|p1b: Calyrex
|-singleturn|p1b: Calyrex|Protect
|move|p1a: Ogerpon|Spiky Shield|p1a: Ogerpon
|-singleturn|p1a: Ogerpon|move: Protect
|move|p2b: Roaring Moon|Acrobatics|p1a: Ogerpon
|-activate|p1a: Ogerpon|move: Protect
|-damage|p2b: Roaring Moon|49/100|[from] Spiky Shield|[of] p1a: Ogerpon
|move|p2a: Kyogre|Water Spout|p1b: Calyrex|[spread] 
|-activate|p1a: Ogerpon|move: Protect
|-activate|p1b: Calyrex|move: Protect
|
|-weather|RainDance|[upkeep]
|upkeep
|turn|6
|
|t:|1750771568
|move|p2b: Roaring Moon|Protect|p2b: Roaring Moon
|-singleturn|p2b: Roaring Moon|Protect
|move|p1a: Ogerpon|Follow Me|p1a: Ogerpon
|-singleturn|p1a: Ogerpon|move: Follow Me
|move|p2a: Kyogre|Water Spout|p1b: Calyrex|[spread] p1a,p1b
|-resisted|p1a: Ogerpon
|-damage|p1a: Ogerpon|19/100
|-damage|p1b: Calyrex|19/100
|move|p1b: Calyrex|Astral Barrage|p2b: Roaring Moon|[spread] p2a
|-activate|p2b: Roaring Moon|move: Protect
|-damage|p2a: Kyogre|64/100
|
|-weather|RainDance|[upkeep]
|-sideend|p2: EnlighteN1124|move: Tailwind
|upkeep
|turn|7
|-message|zugasteam forfeited.
|
|win|EnlighteN1124
|raw|zugasteam's rating: 1700 &rarr; <strong>1672</strong><br />(-28 for losing)
|raw|EnlighteN1124's rating: 1561 &rarr; <strong>1589</strong><br />(+28 for winning)
|l|☆zugasteam
|player|p1|
|l|☆EnlighteN1124
|player|p2|
