|j|☆nwoidn
|j|☆dojabumi
|t:|1750828659
|gametype|doubles
|player|p1|nwoidn|cynthia-gen4|1222
|player|p2|dojabumi|169|1202
|teamsize|p1|6
|teamsize|p2|6
|gen|9
|tier|[Gen 9] VGC 2025 Reg I
|rated|
|rule|Species Clause: Limit one of each Pokémon
|rule|Item Clause: Limit 1 of each item
|clearpoke
|poke|p1|Kyurem-Black, L50|
|poke|p1|Koraidon, L50|
|poke|p1|Sinistcha-Masterpiece, L50|
|poke|p1|Flutter Mane, L50|
|poke|p1|Incineroar, L50, F|
|poke|p1|Farigiraf, L50, M|
|poke|p2|Zacian-*, L50|
|poke|p2|Cresselia, L50, F|
|poke|p2|Heatran, L50, M|
|poke|p2|Rillaboom, L50, F|
|poke|p2|Koraidon, L50|
|poke|p2|Walking Wake, L50|
|teampreview|4
|inactive|Battle timer is ON: inactive players will automatically lose when time's up. (requested by nwoidn)
|
|t:|1750828716
|start
|switch|p1a: Incineroar|Incineroar, L50, F|100/100
|switch|p1b: Koraidon|Koraidon, L50|100/100
|switch|p2a: Heatran|Heatran, L50, M|100/100
|switch|p2b: Cresselia|Cresselia, L50, F|100/100
|-weather|SunnyDay|[from] ability: Orichalcum Pulse|[of] p1b: Koraidon
|-activate|p1b: Koraidon|Orichalcum Pulse|[source]
|-ability|p1a: Incineroar|Intimidate|boost
|-unboost|p2a: Heatran|atk|1
|-unboost|p2b: Cresselia|atk|1
|turn|1
|inactive|nwoidn has 30 seconds left.
|
|t:|1750828750
|-terastallize|p2a: Heatran|Bug
|move|p1a: Incineroar|Fake Out|p2b: Cresselia
|-damage|p2b: Cresselia|94/100
|move|p1b: Koraidon|Close Combat|p2a: Heatran
|-resisted|p2a: Heatran
|-damage|p2a: Heatran|60/100
|-unboost|p1b: Koraidon|def|1
|-unboost|p1b: Koraidon|spd|1
|-damage|p1b: Koraidon|91/100|[from] item: Life Orb
|move|p2a: Heatran|Substitute|p2a: Heatran
|-start|p2a: Heatran|Substitute
|-damage|p2a: Heatran|35/100
|cant|p2b: Cresselia|flinch
|
|-weather|SunnyDay|[upkeep]
|-heal|p2a: Heatran|41/100|[from] item: Leftovers
|upkeep
|turn|2
|inactive|nwoidn has 30 seconds left.
|
|t:|1750828777
|move|p1b: Koraidon|Flame Charge|p2a: Heatran
|-start|p2a: Heatran|ability: Flash Fire
|move|p2a: Heatran|Heat Wave|p1b: Koraidon|[spread] p1b
|-miss|p2a: Heatran|p1a: Incineroar
|-resisted|p1b: Koraidon
|-damage|p1b: Koraidon|23/100
|move|p1a: Incineroar|Knock Off|p2b: Cresselia
|-supereffective|p2b: Cresselia
|-damage|p2b: Cresselia|49/100
|-enditem|p2b: Cresselia|Safety Goggles|[from] move: Knock Off|[of] p1a: Incineroar
|move|p2b: Cresselia|Trick Room|p2b: Cresselia
|-fieldstart|move: Trick Room|[of] p2b: Cresselia
|
|-weather|SunnyDay|[upkeep]
|-heal|p2a: Heatran|47/100|[from] item: Leftovers
|upkeep
|turn|3
|
|t:|1750828800
|move|p1b: Koraidon|Protect|p1b: Koraidon
|-singleturn|p1b: Koraidon|Protect
|move|p1a: Incineroar|Knock Off|p2b: Cresselia
|-supereffective|p2b: Cresselia
|-damage|p2b: Cresselia|18/100
|move|p2b: Cresselia|Psychic|p1b: Koraidon
|-activate|p1b: Koraidon|move: Protect
|move|p2a: Heatran|Heat Wave|p1b: Koraidon|[spread] 
|-activate|p1b: Koraidon|move: Protect
|-miss|p2a: Heatran|p1a: Incineroar
|
|-weather|SunnyDay|[upkeep]
|-heal|p2a: Heatran|53/100|[from] item: Leftovers
|upkeep
|turn|4
|inactive|nwoidn has 30 seconds left.
|
|t:|1750828832
|move|p1a: Incineroar|Knock Off|p2b: Cresselia
|-supereffective|p2b: Cresselia
|-damage|p2b: Cresselia|0 fnt
|faint|p2b: Cresselia
|move|p2a: Heatran|Heat Wave|p1b: Koraidon|[spread] p1b
|-miss|p2a: Heatran|p1a: Incineroar
|-resisted|p1b: Koraidon
|-damage|p1b: Koraidon|0 fnt
|faint|p1b: Koraidon
|
|-weather|SunnyDay|[upkeep]
|-heal|p2a: Heatran|59/100|[from] item: Leftovers
|upkeep
|
|t:|1750828854
|switch|p2b: Koraidon|Koraidon, L50|100/100
|switch|p1b: Kyurem|Kyurem-Black, L50|100/100
|-ability|p1b: Kyurem|Teravolt
|-activate|p2b: Koraidon|ability: Orichalcum Pulse
|turn|5
|
|t:|1750828868
|-terastallize|p1b: Kyurem|Fairy
|move|p2b: Koraidon|Protect|p2b: Koraidon
|-singleturn|p2b: Koraidon|Protect
|move|p1a: Incineroar|U-turn|p2a: Heatran
|-activate|p2a: Heatran|move: Substitute|[damage]
|
|t:|1750828874
|switch|p1a: Sinistcha|Sinistcha-Masterpiece, L50|100/100|[from] U-turn
|move|p2a: Heatran|Heat Wave|p1a: Sinistcha|[spread] p1a,p1b
|-supereffective|p1a: Sinistcha
|-damage|p1a: Sinistcha|0 fnt
|-damage|p1b: Kyurem|31/100
|faint|p1a: Sinistcha
|move|p1b: Kyurem|Freeze Shock||[still]
|-prepare|p1b: Kyurem|Freeze Shock
|-enditem|p1b: Kyurem|Power Herb
|-anim|p1b: Kyurem|Freeze Shock|p2b: Koraidon
|-activate|p2b: Koraidon|move: Protect
|
|-weather|none
|-heal|p2a: Heatran|65/100|[from] item: Leftovers
|upkeep
|l|☆nwoidn
|inactive|nwoidn disconnected and has a minute to reconnect!
|player|p1|
|inactive|nwoidn has 30 seconds left.
|inactive|nwoidn has 20 seconds left.
|inactive|nwoidn has 15 seconds left.
|inactive|nwoidn has 10 seconds left.
|inactive|nwoidn has 5 seconds left.
|-message|nwoidn lost due to inactivity.
|
|win|dojabumi
|raw|nwoidn's rating: 1222 &rarr; <strong>1196</strong><br />(-26 for losing)
|raw|dojabumi's rating: 1202 &rarr; <strong>1228</strong><br />(+26 for winning)
|l|☆dojabumi
|player|p2|
