|j|☆Maxxxi9
|j|☆Scottyboi3
|t:|1750853725
|gametype|doubles
|player|p1|Maxxxi9|steven|1118
|player|p2|Scottyboi3|101|1068
|teamsize|p1|6
|teamsize|p2|6
|gen|9
|tier|[Gen 9] VGC 2025 Reg I
|rated|
|rule|Species Clause: Limit one of each Pokémon
|rule|Item Clause: Limit 1 of each item
|clearpoke
|poke|p1|Calyrex-Ice, L50|
|poke|p1|Giratina-Origin, L50|
|poke|p1|Spectrier, L50|
|poke|p1|Incineroar, L50, F|
|poke|p1|Urshifu-*, L50, M|
|poke|p1|Ogerpon-Cornerstone, L50, F|
|poke|p2|Incineroar, L50, M|
|poke|p2|Kyogre, L50|
|poke|p2|Tornadus, L50, M|
|poke|p2|Amoonguss, L50, F|
|poke|p2|Roaring Moon, L50|
|poke|p2|Ting-Lu, L50|
|teampreview|4
|inactive|Battle timer is ON: inactive players will automatically lose when time's up. (requested by Maxxxi9)
|inactive|Maxxxi9 has 60 seconds left.
|
|t:|1750853766
|start
|switch|p1a: Calyrex|Calyrex-Ice, L50|100/100
|switch|p1b: Incineroar|Incineroar, L50, F|100/100
|switch|p2a: Tornadus|Tornadus, L50, M|100/100
|switch|p2b: Incineroar|Incineroar, L50, M|100/100
|-ability|p1a: Calyrex|As One
|-ability|p1a: Calyrex|Unnerve
|-ability|p1b: Incineroar|Intimidate|boost
|-unboost|p2a: Tornadus|atk|1
|-unboost|p2b: Incineroar|atk|1
|-ability|p2b: Incineroar|Intimidate|boost
|-unboost|p1a: Calyrex|atk|1
|-unboost|p1b: Incineroar|atk|1
|turn|1
|
|t:|1750853785
|move|p1b: Incineroar|Fake Out|p2b: Incineroar
|-damage|p2b: Incineroar|92/100
|move|p2a: Tornadus|Tailwind|p2a: Tornadus
|-sidestart|p2: Scottyboi3|move: Tailwind
|cant|p2b: Incineroar|flinch
|move|p1a: Calyrex|Glacial Lance|p2b: Incineroar|[spread] p2a,p2b
|-supereffective|p2a: Tornadus
|-resisted|p2b: Incineroar
|-enditem|p2a: Tornadus|Focus Sash
|-damage|p2a: Tornadus|1/100
|-damage|p2b: Incineroar|74/100
|-damage|p1a: Calyrex|91/100|[from] item: Life Orb
|
|upkeep
|turn|2
|inactive|Scottyboi3 has 30 seconds left.
|inactive|Scottyboi3 has 20 seconds left.
|inactive|Scottyboi3 has 15 seconds left.
|inactive|Scottyboi3 has 10 seconds left.
|
|t:|1750853833
|switch|p2a: Amoonguss|Amoonguss, L50, F|100/100
|-terastallize|p1a: Calyrex|Water
|move|p2b: Incineroar|Flare Blitz|p1a: Calyrex
|-resisted|p1a: Calyrex
|-damage|p1a: Calyrex|83/100
|-damage|p2b: Incineroar|72/100|[from] Recoil
|move|p1b: Incineroar|Parting Shot|p2a: Amoonguss
|-unboost|p2a: Amoonguss|atk|1
|-unboost|p2a: Amoonguss|spa|1
|
|t:|1750853848
|switch|p1b: Giratina|Giratina-Origin, L50|100/100|[from] Parting Shot
|move|p1a: Calyrex|Glacial Lance|p2b: Incineroar|[spread] p2a,p2b
|-supereffective|p2a: Amoonguss
|-resisted|p2b: Incineroar
|-damage|p2a: Amoonguss|37/100
|-damage|p2b: Incineroar|54/100
|-damage|p1a: Calyrex|73/100|[from] item: Life Orb
|
|upkeep
|turn|3
|
|t:|1750853865
|move|p2b: Incineroar|Fake Out||[still]
|-hint|Fake Out only works on your first turn out.
|-fail|p2b: Incineroar
|move|p1b: Giratina|Draco Meteor|p2a: Amoonguss
|-damage|p2a: Amoonguss|0 fnt
|-unboost|p1b: Giratina|spa|2
|faint|p2a: Amoonguss
|move|p1a: Calyrex|Glacial Lance|p2b: Incineroar
|-resisted|p2b: Incineroar
|-damage|p2b: Incineroar|29/100
|-damage|p1a: Calyrex|64/100|[from] item: Life Orb
|
|upkeep
|
|t:|1750853878
|switch|p2a: Kyogre|Kyogre, L50|100/100
|-weather|RainDance|[from] ability: Drizzle|[of] p2a: Kyogre
|turn|4
|
|t:|1750853898
|move|p1b: Giratina|Protect|p1b: Giratina
|-singleturn|p1b: Giratina|Protect
|move|p1a: Calyrex|Protect|p1a: Calyrex
|-singleturn|p1a: Calyrex|Protect
|move|p2a: Kyogre|Water Spout|p1a: Calyrex|[spread] 
|-activate|p1a: Calyrex|move: Protect
|-activate|p1b: Giratina|move: Protect
|move|p2b: Incineroar|Parting Shot|p1a: Calyrex
|-activate|p1a: Calyrex|move: Protect
|
|-weather|RainDance|[upkeep]
|-sideend|p2: Scottyboi3|move: Tailwind
|upkeep
|turn|5
|
|t:|1750853914
|move|p2a: Kyogre|Protect|p2a: Kyogre
|-singleturn|p2a: Kyogre|Protect
|move|p1b: Giratina|Poltergeist|p2a: Kyogre
|-activate|p2a: Kyogre|move: Protect
|move|p2b: Incineroar|Parting Shot|p1a: Calyrex
|-unboost|p1a: Calyrex|atk|1
|-unboost|p1a: Calyrex|spa|1
|
|t:|1750853924
|switch|p2b: Tornadus|Tornadus, L50, M|1/100|[from] Parting Shot
|move|p1a: Calyrex|Glacial Lance|p2a: Kyogre|[spread] p2b
|-activate|p2a: Kyogre|move: Protect
|-supereffective|p2b: Tornadus
|-damage|p2b: Tornadus|0 fnt
|faint|p2b: Tornadus
|-ability|p1a: Calyrex|Chilling Neigh|boost
|-boost|p1a: Calyrex|atk|1
|-damage|p1a: Calyrex|54/100|[from] item: Life Orb
|
|-weather|RainDance|[upkeep]
|upkeep
|
|t:|1750853938
|switch|p2b: Incineroar|Incineroar, L50, M|29/100
|-ability|p2b: Incineroar|Intimidate|boost
|-unboost|p1a: Calyrex|atk|1
|-unboost|p1b: Giratina|atk|1
|turn|6
|
|t:|1750853953
|move|p1a: Calyrex|Protect|p1a: Calyrex
|-singleturn|p1a: Calyrex|Protect
|move|p2b: Incineroar|Fake Out|p1a: Calyrex
|-activate|p1a: Calyrex|move: Protect
|move|p2a: Kyogre|Ice Beam|p1b: Giratina
|-supereffective|p1b: Giratina
|-damage|p1b: Giratina|57/100
|-status|p1b: Giratina|frz
|cant|p1b: Giratina|frz
|
|-weather|RainDance|[upkeep]
|upkeep
|turn|7
|inactive|Maxxxi9 has 30 seconds left.
|
|t:|1750853979
|switch|p1a: Incineroar|Incineroar, L50, F|100/100
|-ability|p1a: Incineroar|Intimidate|boost
|-unboost|p2a: Kyogre|atk|1
|-unboost|p2b: Incineroar|atk|1
|move|p2a: Kyogre|Water Spout|p1b: Giratina|[spread] p1a,p1b
|-supereffective|p1a: Incineroar
|-resisted|p1b: Giratina
|-damage|p1a: Incineroar|0 fnt
|-damage|p1b: Giratina|21/100 frz
|faint|p1a: Incineroar
|-curestatus|p1b: Giratina|frz|[msg]
|move|p1b: Giratina|Poltergeist|p2a: Kyogre|[miss]
|-miss|p1b: Giratina|p2a: Kyogre
|move|p2b: Incineroar|Snarl|p1b: Giratina
|-supereffective|p1b: Giratina
|-damage|p1b: Giratina|1/100
|-unboost|p1b: Giratina|spa|1
|
|-weather|RainDance|[upkeep]
|upkeep
|
|t:|1750853986
|switch|p1a: Spectrier|Spectrier, L50|100/100
|turn|8
|
|t:|1750854010
|switch|p1a: Calyrex|Calyrex-Ice, L50, tera:Water|54/100
|-ability|p1a: Calyrex|As One
|-ability|p1a: Calyrex|Unnerve
|move|p2a: Kyogre|Water Spout|p1b: Giratina|[spread] p1a,p1b
|-resisted|p1a: Calyrex
|-resisted|p1b: Giratina
|-damage|p1a: Calyrex|15/100
|-damage|p1b: Giratina|0 fnt
|faint|p1b: Giratina
|move|p2b: Incineroar|Snarl|p1a: Calyrex
|-damage|p1a: Calyrex|5/100
|-unboost|p1a: Calyrex|spa|1
|
|-weather|none
|upkeep
|
|t:|1750854018
|switch|p1b: Spectrier|Spectrier, L50|100/100
|turn|9
|
|t:|1750854029
|move|p2a: Kyogre|Protect|p2a: Kyogre
|-singleturn|p2a: Kyogre|Protect
|move|p1a: Calyrex|Protect|p1a: Calyrex
|-singleturn|p1a: Calyrex|Protect
|move|p1b: Spectrier|Shadow Ball|p2a: Kyogre
|-activate|p2a: Kyogre|move: Protect
|move|p2b: Incineroar|Snarl|p1a: Calyrex|[spread] p1b
|-activate|p1a: Calyrex|move: Protect
|-supereffective|p1b: Spectrier
|-damage|p1b: Spectrier|76/100
|-unboost|p1b: Spectrier|spa|1
|
|upkeep
|turn|10
|-message|Maxxxi9 forfeited.
|
|win|Scottyboi3
|raw|Maxxxi9's rating: 1118 &rarr; <strong>1089</strong><br />(-29 for losing)
|raw|Scottyboi3's rating: 1068 &rarr; <strong>1102</strong><br />(+34 for winning)
|l|☆Maxxxi9
|player|p1|
