|j|☆yukotin
|j|☆WaveHunts
|t:|1750839569
|gametype|doubles
|player|p1|yukotin|riley|1102
|player|p2|WaveHunts|byron|1156
|teamsize|p1|6
|teamsize|p2|6
|gen|9
|tier|[Gen 9] VGC 2025 Reg I
|rated|
|rule|Species Clause: Limit one of each Pokémon
|rule|Item Clause: Limit 1 of each item
|clearpoke
|poke|p1|Kyogre, L50|
|poke|p1|Ting-Lu, L50|
|poke|p1|Cryogonal, L50|
|poke|p1|Articuno, L50|
|poke|p1|Ninetales-Alola, L50, M|
|poke|p1|Blaziken, L50, M|
|poke|p2|Kyogre, L50|
|poke|p2|Amoonguss, L50, F|
|poke|p2|Tornadus, L50, M|
|poke|p2|Overqwil, L50, M|
|poke|p2|Rhyperior, L50, F|
|poke|p2|Lunala, L50|
|teampreview|4
|
|t:|1750839580
|start
|switch|p1a: Kyogre|Kyogre, L50|100/100
|switch|p1b: Ting-Lu|Ting-Lu, L50|100/100
|switch|p2a: Kyogre|Kyogre, L50|100/100
|switch|p2b: Tornadus|Tornadus, L50, M, shiny|100/100
|-weather|RainDance|[from] ability: Drizzle|[of] p2a: Kyogre
|-ability|p1b: Ting-Lu|Vessel of Ruin
|turn|1
|
|t:|1750839614
|-terastallize|p1b: Ting-Lu|Dragon
|move|p2b: Tornadus|Tailwind|p2b: Tornadus
|-sidestart|p2: WaveHunts|move: Tailwind
|move|p2a: Kyogre|Thunder|p1a: Kyogre
|-supereffective|p1a: Kyogre
|-damage|p1a: Kyogre|58/100
|move|p1a: Kyogre|Sheer Cold|p2b: Tornadus|[miss]
|-miss|p1a: Kyogre|p2b: Tornadus
|move|p1b: Ting-Lu|Fissure|p2a: Kyogre
|-damage|p2a: Kyogre|0 fnt
|faint|p2a: Kyogre
|-ohko
|
|-weather|RainDance|[upkeep]
|upkeep
|
|t:|1750839631
|switch|p2a: Lunala|Lunala, L50|100/100
|turn|2
|
|t:|1750839655
|-terastallize|p2a: Lunala|Psychic
|move|p2b: Tornadus|Bleakwind Storm|p1a: Kyogre|[spread] p1a,p1b
|-damage|p1a: Kyogre|41/100
|-damage|p1b: Ting-Lu|84/100
|-enditem|p1a: Kyogre|Sitrus Berry|[eat]
|-heal|p1a: Kyogre|66/100|[from] item: Sitrus Berry
|move|p2a: Lunala|Meteor Beam||[still]
|-prepare|p2a: Lunala|Meteor Beam
|-boost|p2a: Lunala|spa|1
|-enditem|p2a: Lunala|Power Herb
|-anim|p2a: Lunala|Meteor Beam|p1a: Kyogre
|-damage|p1a: Kyogre|35/100
|move|p1a: Kyogre|Sheer Cold|p2b: Tornadus|[miss]
|-miss|p1a: Kyogre|p2b: Tornadus
|move|p1b: Ting-Lu|Fissure|p2a: Lunala|[miss]
|-miss|p1b: Ting-Lu|p2a: Lunala
|
|-weather|RainDance|[upkeep]
|upkeep
|turn|3
|
|t:|1750839674
|move|p2b: Tornadus|Bleakwind Storm|p1a: Kyogre|[spread] p1a,p1b
|-damage|p1a: Kyogre|18/100
|-damage|p1b: Ting-Lu|68/100
|-unboost|p1b: Ting-Lu|spe|1
|move|p2a: Lunala|Dazzling Gleam|p1b: Ting-Lu|[spread] p1a,p1b
|-supereffective|p1b: Ting-Lu
|-damage|p1a: Kyogre|2/100
|-damage|p1b: Ting-Lu|38/100
|move|p1a: Kyogre|Sheer Cold|p2b: Tornadus|[miss]
|-miss|p1a: Kyogre|p2b: Tornadus
|move|p1b: Ting-Lu|Fissure|p2a: Lunala|[miss]
|-miss|p1b: Ting-Lu|p2a: Lunala
|
|-weather|RainDance|[upkeep]
|upkeep
|turn|4
|
|t:|1750839688
|move|p2b: Tornadus|Bleakwind Storm|p1a: Kyogre|[spread] p1a,p1b
|-damage|p1a: Kyogre|0 fnt
|-damage|p1b: Ting-Lu|23/100
|faint|p1a: Kyogre
|move|p2a: Lunala|Dazzling Gleam|p1b: Ting-Lu
|-supereffective|p1b: Ting-Lu
|-damage|p1b: Ting-Lu|0 fnt
|faint|p1b: Ting-Lu
|
|-weather|RainDance|[upkeep]
|-sideend|p2: WaveHunts|move: Tailwind
|upkeep
|
|t:|1750839692
|switch|p1a: Cryogonal|Cryogonal, L50|100/100
|switch|p1b: Articuno|Articuno, L50|100/100
|turn|5
|
|t:|1750839697
|move|p2b: Tornadus|Bleakwind Storm|p1b: Articuno|[spread] p1a,p1b
|-damage|p1a: Cryogonal|75/100
|-damage|p1b: Articuno|80/100
|move|p2a: Lunala|Dazzling Gleam|p1a: Cryogonal|[spread] p1a,p1b
|-crit|p1b: Articuno
|-damage|p1a: Cryogonal|52/100
|-damage|p1b: Articuno|48/100
|move|p1a: Cryogonal|Sheer Cold|p2b: Tornadus|[miss]
|-miss|p1a: Cryogonal|p2b: Tornadus
|move|p1b: Articuno|Sheer Cold|p2a: Lunala|[miss]
|-miss|p1b: Articuno|p2a: Lunala
|
|-weather|none
|-heal|p1b: Articuno|54/100|[from] item: Leftovers
|upkeep
|turn|6
|
|t:|1750839713
|move|p2b: Tornadus|Tailwind|p2b: Tornadus
|-sidestart|p2: WaveHunts|move: Tailwind
|move|p2a: Lunala|Dazzling Gleam|p1a: Cryogonal|[spread] p1a,p1b
|-damage|p1a: Cryogonal|28/100
|-damage|p1b: Articuno|35/100
|move|p1a: Cryogonal|Sheer Cold|p2b: Tornadus|[miss]
|-miss|p1a: Cryogonal|p2b: Tornadus
|move|p1b: Articuno|Sheer Cold|p2a: Lunala|[miss]
|-miss|p1b: Articuno|p2a: Lunala
|
|-heal|p1b: Articuno|41/100|[from] item: Leftovers
|upkeep
|turn|7
|
|t:|1750839730
|move|p2b: Tornadus|Bleakwind Storm|p1a: Cryogonal|[spread] p1b
|-miss|p2b: Tornadus|p1a: Cryogonal
|-damage|p1b: Articuno|20/100
|move|p2a: Lunala|Dazzling Gleam|p1b: Articuno|[spread] p1a,p1b
|-damage|p1a: Cryogonal|5/100
|-damage|p1b: Articuno|1/100
|move|p1a: Cryogonal|Sheer Cold|p2b: Tornadus
|-damage|p2b: Tornadus|0 fnt
|faint|p2b: Tornadus
|-ohko
|move|p1b: Articuno|Sheer Cold|p2a: Lunala|[miss]
|-miss|p1b: Articuno|p2a: Lunala
|
|-heal|p1b: Articuno|7/100|[from] item: Leftovers
|upkeep
|
|t:|1750839736
|switch|p2b: Rhyperior|Rhyperior, L50, F|100/100
|turn|8
|
|t:|1750839743
|move|p2a: Lunala|Dazzling Gleam|p1b: Articuno|[spread] p1a,p1b
|-damage|p1a: Cryogonal|0 fnt
|-damage|p1b: Articuno|0 fnt
|faint|p1a: Cryogonal
|faint|p1b: Articuno
|
|win|WaveHunts
|raw|yukotin's rating: 1102 &rarr; <strong>1081</strong><br />(-21 for losing)
|raw|WaveHunts's rating: 1156 &rarr; <strong>1177</strong><br />(+21 for winning)
|l|☆WaveHunts
|player|p2|
|c|☆yukotin|2/12
|l|☆yukotin
|player|p1|
