|j|☆ness#1glazer
|j|☆DNWB
|t:|1750813140
|gametype|doubles
|player|p1|ness#1glazer|n|1271
|player|p2|DNWB|101|1363
|teamsize|p1|6
|teamsize|p2|6
|gen|9
|tier|[Gen 9] VGC 2025 Reg I
|rated|
|rule|Species Clause: Limit one of each Pokémon
|rule|Item Clause: Limit 1 of each item
|clearpoke
|poke|p1|Rillaboom, L50, F|
|poke|p1|Calyrex-Shadow, L50|
|poke|p1|Zamazenta-*, L50|
|poke|p1|Incineroar, L50, F|
|poke|p1|Raging Bolt, L50|
|poke|p1|Smeargle, L50, M|
|poke|p2|Calyrex-Ice, L50|
|poke|p2|Miraidon, L50|
|poke|p2|Incineroar, L50, F|
|poke|p2|Urshifu-*, L50, M|
|poke|p2|Whimsicott, L50, M|
|poke|p2|Landorus, L50, M|
|teampreview|4
|inactive|Battle timer is ON: inactive players will automatically lose when time's up. (requested by DNWB)
|inactive|ness#1glazer has 60 seconds left.
|inactive|DNWB has 60 seconds left.
|
|t:|1750813190
|start
|switch|p1a: Calyrex|Calyrex-Shadow, L50|100/100
|switch|p1b: Smeargle|Smeargle, L50, M|100/100
|switch|p2a: Whimsicott|Whimsicott, L50, M, shiny|100/100
|switch|p2b: Miraidon|Miraidon, L50|100/100
|-ability|p1a: Calyrex|As One
|-ability|p1a: Calyrex|Unnerve
|-fieldstart|move: Electric Terrain|[from] ability: Hadron Engine|[of] p2b: Miraidon
|turn|1
|inactive|DNWB has 30 seconds left.
|
|t:|1750813215
|-terastallize|p2b: Miraidon|Electric
|move|p2a: Whimsicott|Tailwind|p2a: Whimsicott
|-sidestart|p2: DNWB|move: Tailwind
|move|p2b: Miraidon|Electro Drift|p1b: Smeargle
|-damage|p1b: Smeargle|0 fnt
|faint|p1b: Smeargle
|move|p1a: Calyrex|Astral Barrage|p2b: Miraidon|[spread] p2a,p2b
|-damage|p2a: Whimsicott|26/100
|-damage|p2b: Miraidon|54/100
|
|upkeep
|
|t:|1750813231
|switch|p1b: Rillaboom|Rillaboom, L50, F|100/100
|-fieldstart|move: Grassy Terrain|[from] ability: Grassy Surge|[of] p1b: Rillaboom
|turn|2
|inactive|DNWB has 30 seconds left.
|inactive|DNWB has 20 seconds left.
|
|t:|1750813267
|move|p1b: Rillaboom|Fake Out|p2b: Miraidon
|-damage|p2b: Miraidon|37/100
|move|p2a: Whimsicott|Encore|p1b: Rillaboom
|-start|p1b: Rillaboom|Encore
|cant|p2b: Miraidon|flinch
|move|p1a: Calyrex|Astral Barrage|p2a: Whimsicott|[spread] p2a,p2b
|-damage|p2a: Whimsicott|0 fnt
|-damage|p2b: Miraidon|0 fnt
|faint|p2a: Whimsicott
|faint|p2b: Miraidon
|-ability|p1a: Calyrex|Grim Neigh|boost
|-boost|p1a: Calyrex|spa|2
|
|upkeep
|
|t:|1750813279
|switch|p2b: Calyrex|Calyrex-Ice, L50|100/100
|switch|p2a: Landorus|Landorus, L50, M, shiny|100/100
|-ability|p2b: Calyrex|As One
|-ability|p2b: Calyrex|Unnerve
|turn|3
|
|t:|1750813296
|move|p1a: Calyrex|Protect|p1a: Calyrex
|-singleturn|p1a: Calyrex|Protect
|move|p1b: Rillaboom|Fake Out||[still]
|-hint|Fake Out only works on your first turn out.
|-fail|p1b: Rillaboom
|move|p2a: Landorus|Earth Power|p1a: Calyrex
|-activate|p1a: Calyrex|move: Protect
|move|p2b: Calyrex|Glacial Lance|p1b: Rillaboom|[spread] p1b
|-activate|p1a: Calyrex|move: Protect
|-supereffective|p1b: Rillaboom
|-damage|p1b: Rillaboom|15/100
|
|-heal|p1b: Rillaboom|21/100|[from] Grassy Terrain
|upkeep
|turn|4
|inactive|ness#1glazer has 30 seconds left.
|inactive|DNWB has 30 seconds left.
|inactive|DNWB has 20 seconds left.
|
|t:|1750813334
|move|p1b: Rillaboom|Fake Out||[still]
|-hint|Fake Out only works on your first turn out.
|-fail|p1b: Rillaboom
|move|p2a: Landorus|Sandsear Storm|p1a: Calyrex|[spread] p1a,p1b
|-resisted|p1b: Rillaboom
|-damage|p1a: Calyrex|38/100
|-damage|p1b: Rillaboom|0 fnt
|faint|p1b: Rillaboom
|move|p1a: Calyrex|Astral Barrage|p2a: Landorus|[spread] p2a,p2b
|-supereffective|p2b: Calyrex
|-damage|p2a: Landorus|0 fnt
|-damage|p2b: Calyrex|28/100
|faint|p2a: Landorus
|-ability|p1a: Calyrex|Grim Neigh|boost
|-boost|p1a: Calyrex|spa|1
|move|p2b: Calyrex|Lash Out|p1a: Calyrex
|-supereffective|p1a: Calyrex
|-damage|p1a: Calyrex|0 fnt
|faint|p1a: Calyrex
|-ability|p2b: Calyrex|Chilling Neigh|boost
|-boost|p2b: Calyrex|atk|1
|
|-heal|p2b: Calyrex|34/100|[from] Grassy Terrain
|-sideend|p2: DNWB|move: Tailwind
|upkeep
|
|t:|1750813346
|switch|p1a: Zamazenta|Zamazenta-Crowned, L50|100/100
|-ability|p1a: Zamazenta|Dauntless Shield|boost
|-boost|p1a: Zamazenta|def|1
|turn|5
|
|t:|1750813357
|move|p1a: Zamazenta|Body Press|p2b: Calyrex
|-damage|p2b: Calyrex|0 fnt
|faint|p2b: Calyrex
|
|win|ness#1glazer
|raw|ness#1glazer's rating: 1271 &rarr; <strong>1302</strong><br />(+31 for winning)
|raw|DNWB's rating: 1363 &rarr; <strong>1338</strong><br />(-25 for losing)
