|j|☆klkir
|j|☆asdfarhtsjfraf
|t:|1750776839
|gametype|doubles
|player|p1|klkir|unknown|1150
|player|p2|asdfarhtsjfraf|2|1031
|teamsize|p1|6
|teamsize|p2|6
|gen|9
|tier|[Gen 9] VGC 2025 Reg I
|rated|
|rule|Species Clause: Limit one of each Pokémon
|rule|Item Clause: Limit 1 of each item
|clearpoke
|poke|p1|Calyrex-Shadow, L50|
|poke|p1|Terapagos, L50, M|
|poke|p1|Incineroar, L50, F|
|poke|p1|Ogerpon-Cornerstone, L50, F|
|poke|p1|Rillaboom, L50, F|
|poke|p1|Amoonguss, L50, M|
|poke|p2|Koraidon, L50|
|poke|p2|Raging Bolt, L50|
|poke|p2|Incineroar, L50, M|
|poke|p2|Zacian-*, L50|
|poke|p2|Amoonguss, L50, F|
|poke|p2|Flutter Mane, L50|
|teampreview|4
|inactive|Battle timer is ON: inactive players will automatically lose when time's up. (requested by klkir)
|inactive|klkir has 60 seconds left.
|inactive|asdfarhtsjfraf has 60 seconds left.
|
|t:|1750776887
|start
|switch|p1a: Incineroar|Incineroar, L50, F, shiny|100/100
|switch|p1b: Calyrex|Calyrex-Shadow, L50|100/100
|switch|p2a: Flutter Mane|Flutter Mane, L50|100/100
|switch|p2b: Incineroar|Incineroar, L50, M|100/100
|-ability|p1b: Calyrex|As One
|-ability|p1b: Calyrex|Unnerve
|-ability|p2b: Incineroar|Intimidate|boost
|-unboost|p1a: Incineroar|atk|1
|-unboost|p1b: Calyrex|atk|1
|-ability|p1a: Incineroar|Intimidate|boost
|-unboost|p2a: Flutter Mane|atk|1
|-unboost|p2b: Incineroar|atk|1
|turn|1
|inactive|klkir has 30 seconds left.
|
|t:|1750776917
|switch|p2b: Koraidon|Koraidon, L50|100/100
|-weather|SunnyDay|[from] ability: Orichalcum Pulse|[of] p2b: Koraidon
|-activate|p2a: Flutter Mane|ability: Protosynthesis
|-start|p2a: Flutter Mane|protosynthesisspe
|-activate|p2b: Koraidon|Orichalcum Pulse|[source]
|move|p1a: Incineroar|Fake Out|p2b: Koraidon
|-damage|p2b: Koraidon|94/100
|move|p2a: Flutter Mane|Shadow Ball|p1b: Calyrex
|-supereffective|p1b: Calyrex
|-enditem|p1b: Calyrex|Focus Sash
|-damage|p1b: Calyrex|1/100
|move|p1b: Calyrex|Astral Barrage|p2b: Koraidon|[spread] p2a,p2b
|-supereffective|p2a: Flutter Mane
|-enditem|p2a: Flutter Mane|Focus Sash
|-damage|p2a: Flutter Mane|1/100
|-damage|p2b: Koraidon|36/100
|
|-weather|SunnyDay|[upkeep]
|upkeep
|turn|2
|inactive|klkir has 30 seconds left.
|inactive|asdfarhtsjfraf has 30 seconds left.
|inactive|klkir has 20 seconds left.
|inactive|klkir has 15 seconds left.
|inactive|klkir has 10 seconds left.
|
|t:|1750776962
|switch|p1a: Amoonguss|Amoonguss, L50, M|100/100
|move|p1b: Calyrex|Protect|p1b: Calyrex
|-singleturn|p1b: Calyrex|Protect
|move|p2a: Flutter Mane|Moonblast|p1b: Calyrex
|-activate|p1b: Calyrex|move: Protect
|move|p2b: Koraidon|Close Combat|p1a: Amoonguss
|-resisted|p1a: Amoonguss
|-damage|p1a: Amoonguss|60/100
|-unboost|p2b: Koraidon|def|1
|-unboost|p2b: Koraidon|spd|1
|-damage|p2b: Koraidon|20/100|[from] item: Rocky Helmet|[of] p1a: Amoonguss
|-damage|p2b: Koraidon|10/100|[from] item: Life Orb
|
|-weather|SunnyDay|[upkeep]
|upkeep
|turn|3
|
|t:|1750776990
|move|p1a: Amoonguss|Protect|p1a: Amoonguss
|-singleturn|p1a: Amoonguss|Protect
|move|p2a: Flutter Mane|Icy Wind|p1b: Calyrex|[spread] p1b
|-activate|p1a: Amoonguss|move: Protect
|-damage|p1b: Calyrex|0 fnt
|faint|p1b: Calyrex
|move|p2b: Koraidon|Flame Charge|p1a: Amoonguss
|-activate|p1a: Amoonguss|move: Protect
|
|-weather|SunnyDay|[upkeep]
|upkeep
|
|t:|1750777000
|switch|p1b: Incineroar|Incineroar, L50, F, shiny|100/100
|-ability|p1b: Incineroar|Intimidate|boost
|-unboost|p2a: Flutter Mane|atk|1
|-unboost|p2b: Koraidon|atk|1
|turn|4
|
|t:|1750777023
|switch|p2b: Incineroar|Incineroar, L50, M|100/100
|-ability|p2b: Incineroar|Intimidate|boost
|-unboost|p1a: Amoonguss|atk|1
|-unboost|p1b: Incineroar|atk|1
|switch|p1a: Terapagos|Terapagos, L50, M|100/100
|-activate|p1a: Terapagos|ability: Tera Shift
|detailschange|p1a: Terapagos|Terapagos-Terastal, L50, M
|-heal|p1a: Terapagos|100/100|[silent]
|move|p2a: Flutter Mane|Protect|p2a: Flutter Mane
|-singleturn|p2a: Flutter Mane|Protect
|move|p1b: Incineroar|Fake Out|p2b: Incineroar
|-damage|p2b: Incineroar|94/100
|
|-weather|SunnyDay|[upkeep]
|upkeep
|turn|5
|inactive|klkir has 30 seconds left.
|inactive|asdfarhtsjfraf has 30 seconds left.
|inactive|asdfarhtsjfraf has 20 seconds left.
|
|t:|1750777059
|switch|p1b: Amoonguss|Amoonguss, L50, M|94/100
|move|p2b: Incineroar|Fake Out|p1b: Amoonguss
|-damage|p1b: Amoonguss|85/100
|-damage|p2b: Incineroar|77/100|[from] item: Rocky Helmet|[of] p1b: Amoonguss
|move|p2a: Flutter Mane|Moonblast|p1b: Amoonguss
|-resisted|p1b: Amoonguss
|-damage|p1b: Amoonguss|63/100
|move|p1a: Terapagos|Calm Mind|p1a: Terapagos
|-boost|p1a: Terapagos|spa|1
|-boost|p1a: Terapagos|spd|1
|
|-weather|none
|-end|p2a: Flutter Mane|Protosynthesis
|upkeep
|turn|6
|inactive|klkir has 30 seconds left.
|inactive|klkir has 20 seconds left.
|inactive|asdfarhtsjfraf has 30 seconds left.
|inactive|klkir has 15 seconds left.
|inactive|klkir has 10 seconds left.
|
|t:|1750777108
|switch|p1b: Incineroar|Incineroar, L50, F, shiny|100/100
|-ability|p1b: Incineroar|Intimidate|boost
|-unboost|p2a: Flutter Mane|atk|1
|-unboost|p2b: Incineroar|atk|1
|move|p1a: Terapagos|Protect|p1a: Terapagos
|-singleturn|p1a: Terapagos|Protect
|move|p2a: Flutter Mane|Icy Wind|p1b: Incineroar|[spread] p1b
|-activate|p1a: Terapagos|move: Protect
|-resisted|p1b: Incineroar
|-damage|p1b: Incineroar|95/100
|-unboost|p1b: Incineroar|spe|1
|move|p2b: Incineroar|Flare Blitz|p1b: Incineroar
|-resisted|p1b: Incineroar
|-damage|p1b: Incineroar|83/100
|-damage|p2b: Incineroar|73/100|[from] Recoil
|
|upkeep
|turn|7
|inactive|klkir has 30 seconds left.
|
|t:|1750777139
|move|p2a: Flutter Mane|Protect|p2a: Flutter Mane
|-singleturn|p2a: Flutter Mane|Protect
|move|p2b: Incineroar|Protect|p2b: Incineroar
|-singleturn|p2b: Incineroar|Protect
|move|p1b: Incineroar|Fake Out|p2b: Incineroar
|-activate|p2b: Incineroar|move: Protect
|move|p1a: Terapagos|Calm Mind|p1a: Terapagos
|-boost|p1a: Terapagos|spa|1
|-boost|p1a: Terapagos|spd|1
|
|upkeep
|turn|8
|
|t:|1750777159
|switch|p1b: Amoonguss|Amoonguss, L50, M|96/100
|-terastallize|p1a: Terapagos|Stellar
|detailschange|p1a: Terapagos|Terapagos-Stellar, L50, M, tera:Stellar
|-heal|p1a: Terapagos|100/100|[silent]
|move|p2a: Flutter Mane|Moonblast|p1a: Terapagos
|-damage|p1a: Terapagos|85/100
|move|p1a: Terapagos|Tera Starstorm|p2a: Flutter Mane|[spread] p2a,p2b
|-damage|p2a: Flutter Mane|0 fnt
|-damage|p2b: Incineroar|22/100
|faint|p2a: Flutter Mane
|-end|p2a: Flutter Mane|Protosynthesis|[silent]
|move|p2b: Incineroar|Parting Shot|p1a: Terapagos
|-unboost|p1a: Terapagos|atk|1
|-unboost|p1a: Terapagos|spa|1
|inactive|asdfarhtsjfraf has 30 seconds left.
|
|t:|1750777187
|switch|p2b: Zacian|Zacian-Crowned, L50|100/100|[from] Parting Shot
|-ability|p2b: Zacian|Intrepid Sword|boost
|-boost|p2b: Zacian|atk|1
|
|-heal|p1a: Terapagos|92/100|[from] item: Leftovers
|upkeep
|
|t:|1750777195
|switch|p2a: Koraidon|Koraidon, L50|10/100
|-weather|SunnyDay|[from] ability: Orichalcum Pulse|[of] p2a: Koraidon
|-activate|p2a: Koraidon|Orichalcum Pulse|[source]
|turn|9
|inactive|klkir has 30 seconds left.
|inactive|asdfarhtsjfraf has 30 seconds left.
|inactive|asdfarhtsjfraf has 20 seconds left.
|inactive|asdfarhtsjfraf has 15 seconds left.
|
|t:|1750777235
|move|p1a: Terapagos|Protect|p1a: Terapagos
|-singleturn|p1a: Terapagos|Protect
|move|p1b: Amoonguss|Protect|p1b: Amoonguss
|-singleturn|p1b: Amoonguss|Protect
|move|p2a: Koraidon|Flame Charge|p1b: Amoonguss
|-activate|p1b: Amoonguss|move: Protect
|move|p2b: Zacian|Swords Dance|p2b: Zacian
|-boost|p2b: Zacian|atk|2
|
|-weather|SunnyDay|[upkeep]
|-heal|p1a: Terapagos|98/100|[from] item: Leftovers
|upkeep
|turn|10
|inactive|asdfarhtsjfraf has 30 seconds left.
|
|t:|1750777266
|switch|p1b: Incineroar|Incineroar, L50, F, shiny|83/100
|-ability|p1b: Incineroar|Intimidate|boost
|-unboost|p2a: Koraidon|atk|1
|-unboost|p2b: Zacian|atk|1
|move|p2a: Koraidon|Close Combat|p1a: Terapagos
|-supereffective|p1a: Terapagos
|-damage|p1a: Terapagos|21/100
|-unboost|p2a: Koraidon|def|1
|-unboost|p2a: Koraidon|spd|1
|-damage|p2a: Koraidon|0 fnt|[from] item: Life Orb
|faint|p2a: Koraidon
|move|p2b: Zacian|Behemoth Blade|p1a: Terapagos
|-damage|p1a: Terapagos|0 fnt
|faint|p1a: Terapagos
|detailschange|p1: Terapagos|Terapagos, L50, M|[silent]
|
|-weather|SunnyDay|[upkeep]
|upkeep
|
|t:|1750777281
|switch|p2a: Incineroar|Incineroar, L50, M|22/100
|switch|p1a: Amoonguss|Amoonguss, L50, M|100/100
|-ability|p2a: Incineroar|Intimidate|boost
|-unboost|p1a: Amoonguss|atk|1
|-unboost|p1b: Incineroar|atk|1
|turn|11
|inactive|asdfarhtsjfraf has 30 seconds left.
|inactive|asdfarhtsjfraf has 20 seconds left.
|inactive|asdfarhtsjfraf has 15 seconds left.
|inactive|asdfarhtsjfraf has 10 seconds left.
|
|t:|1750777329
|move|p2a: Incineroar|Fake Out|p1b: Incineroar
|-crit|p1b: Incineroar
|-damage|p1b: Incineroar|71/100
|cant|p1b: Incineroar|flinch
|move|p2b: Zacian|Behemoth Blade|p1a: Amoonguss
|-damage|p1a: Amoonguss|17/100
|-damage|p2b: Zacian|84/100|[from] item: Rocky Helmet|[of] p1a: Amoonguss
|move|p1a: Amoonguss|Spore|p2b: Zacian
|-status|p2b: Zacian|slp|[from] move: Spore
|
|-weather|SunnyDay|[upkeep]
|upkeep
|turn|12
|inactive|asdfarhtsjfraf has 30 seconds left.
|
|t:|1750777360
|-terastallize|p2b: Zacian|Fairy
|cant|p2b: Zacian|slp
|move|p1a: Amoonguss|Protect|p1a: Amoonguss
|-singleturn|p1a: Amoonguss|Protect
|move|p2a: Incineroar|Flare Blitz|p1a: Amoonguss
|-activate|p1a: Amoonguss|move: Protect
|move|p1b: Incineroar|Flare Blitz|p2b: Zacian
|-damage|p2b: Zacian|42/100 slp
|-damage|p1b: Incineroar|60/100|[from] Recoil
|
|-weather|SunnyDay|[upkeep]
|upkeep
|turn|13
|
|t:|1750777384
|cant|p2b: Zacian|slp
|move|p1a: Amoonguss|Protect|p1a: Amoonguss
|-singleturn|p1a: Amoonguss|Protect
|move|p2a: Incineroar|Flare Blitz|p1a: Amoonguss
|-activate|p1a: Amoonguss|move: Protect
|move|p1b: Incineroar|Flare Blitz|p2b: Zacian
|-damage|p2b: Zacian|0 fnt
|faint|p2b: Zacian
|-damage|p1b: Incineroar|49/100|[from] Recoil
|
|-weather|none
|upkeep
|turn|14
|-message|asdfarhtsjfraf forfeited.
|
|win|klkir
|raw|klkir's rating: 1150 &rarr; <strong>1167</strong><br />(+17 for winning)
|raw|asdfarhtsjfraf's rating: 1031 &rarr; <strong>1021</strong><br />(-10 for losing)
|l|☆asdfarhtsjfraf
|player|p2|
|c|☆klkir|you play very well, gg!
