|j|☆qrich27
|j|☆Chapignon286
|t:|1750721583
|gametype|doubles
|player|p1|qrich27|102|1357
|player|p2|Chapignon286|170|1316
|teamsize|p1|6
|teamsize|p2|6
|gen|9
|tier|[Gen 9] VGC 2025 Reg I
|rated|
|rule|Species Clause: Limit one of each Pokémon
|rule|Item Clause: Limit 1 of each item
|clearpoke
|poke|p1|Solgaleo, L50|
|poke|p1|Indeedee-F, L50, F|
|poke|p1|Calyrex-Shadow, L50|
|poke|p1|Iron Hands, L50|
|poke|p1|Armarouge, L50, M|
|poke|p1|Lokix, L50, F|
|poke|p2|Smeargle, L50, F|
|poke|p2|Calyrex-Shadow, L50|
|poke|p2|Miraidon, L50|
|poke|p2|Iron Hands, L50|
|poke|p2|Iron Bundle, L50|
|poke|p2|Ogerpon-Cornerstone, L50, F|
|teampreview|4
|
|t:|1750721644
|start
|switch|p1a: Calyrex|Calyrex-Shadow, L50|100/100
|switch|p1b: Lokix|Lokix, L50, F|100/100
|switch|p2a: Iron Bundle|Iron Bundle, L50|100/100
|switch|p2b: Calyrex|Calyrex-Shadow, L50|100/100
|-ability|p1a: Calyrex|As One
|-ability|p1a: Calyrex|Unnerve
|-ability|p2b: Calyrex|As One
|-ability|p2b: Calyrex|Unnerve
|-enditem|p2a: Iron Bundle|Booster Energy
|-activate|p2a: Iron Bundle|ability: Quark Drive|[fromitem]
|-start|p2a: Iron Bundle|quarkdrivespe
|turn|1
|
|t:|1750721670
|switch|p1a: Indeedee|Indeedee-F, L50, F|100/100
|-fieldstart|move: Psychic Terrain|[from] ability: Psychic Surge|[of] p1a: Indeedee
|move|p2a: Iron Bundle|Icy Wind|p1b: Lokix|[spread] p1a,p1b
|-damage|p1a: Indeedee|82/100
|-damage|p1b: Lokix|67/100
|-unboost|p1a: Indeedee|spe|1
|-unboost|p1b: Lokix|spe|1
|move|p2b: Calyrex|Astral Barrage|p1b: Lokix|[spread] p1b
|-immune|p1a: Indeedee
|-resisted|p1b: Lokix
|-damage|p1b: Lokix|23/100
|move|p1b: Lokix|U-turn|p2a: Iron Bundle
|-damage|p2a: Iron Bundle|41/100
|
|t:|1750721690
|switch|p1b: Solgaleo|Solgaleo, L50|100/100|[from] U-turn
|-enditem|p1b: Solgaleo|Psychic Seed
|-boost|p1b: Solgaleo|spd|1|[from] item: Psychic Seed
|
|upkeep
|turn|2
|
|t:|1750721711
|-end|p2a: Iron Bundle|Quark Drive|[silent]
|switch|p2a: Iron Hands|Iron Hands, L50|100/100
|switch|p2b: Miraidon|Miraidon, L50|100/100
|-fieldstart|move: Electric Terrain|[from] ability: Hadron Engine|[of] p2b: Miraidon
|-activate|p2a: Iron Hands|ability: Quark Drive
|-start|p2a: Iron Hands|quarkdriveatk
|move|p1b: Solgaleo|Knock Off|p2b: Miraidon
|-damage|p2b: Miraidon|61/100
|-enditem|p2b: Miraidon|Life Orb|[from] move: Knock Off|[of] p1b: Solgaleo
|move|p1a: Indeedee|Dazzling Gleam|p2a: Iron Hands|[spread] p2a,p2b
|-supereffective|p2a: Iron Hands
|-supereffective|p2b: Miraidon
|-damage|p2a: Iron Hands|86/100
|-damage|p2b: Miraidon|36/100
|
|upkeep
|turn|3
|
|t:|1750721754
|switch|p1a: Lokix|Lokix, L50, F|23/100
|move|p1b: Solgaleo|Protect|p1b: Solgaleo
|-singleturn|p1b: Solgaleo|Protect
|move|p2b: Miraidon|Volt Switch|p1a: Lokix
|-damage|p1a: Lokix|0 fnt
|faint|p1a: Lokix
|
|t:|1750721759
|switch|p2b: Iron Bundle|Iron Bundle, L50|41/100|[from] Volt Switch
|-activate|p2b: Iron Bundle|ability: Quark Drive
|-start|p2b: Iron Bundle|quarkdrivespe
|move|p2a: Iron Hands|Wild Charge|p1b: Solgaleo
|-activate|p1b: Solgaleo|move: Protect
|
|upkeep
|
|t:|1750721771
|switch|p1a: Indeedee|Indeedee-F, L50, F|82/100
|-fieldstart|move: Psychic Terrain|[from] ability: Psychic Surge|[of] p1a: Indeedee
|-end|p2b: Iron Bundle|Quark Drive
|-end|p2a: Iron Hands|Quark Drive
|turn|4
|
|t:|1750721795
|move|p2b: Iron Bundle|Protect|p2b: Iron Bundle
|-singleturn|p2b: Iron Bundle|Protect
|move|p1b: Solgaleo|Psychic Fangs|p2a: Iron Hands
|-supereffective|p2a: Iron Hands
|-damage|p2a: Iron Hands|0 fnt
|faint|p2a: Iron Hands
|-end|p2a: Iron Hands|Quark Drive|[silent]
|move|p1a: Indeedee|Dazzling Gleam|p2b: Iron Bundle
|-activate|p2b: Iron Bundle|move: Protect
|
|upkeep
|
|t:|1750721800
|switch|p2a: Miraidon|Miraidon, L50|36/100
|-fieldstart|move: Electric Terrain|[from] ability: Hadron Engine|[of] p2a: Miraidon
|-activate|p2b: Iron Bundle|ability: Quark Drive
|-start|p2b: Iron Bundle|quarkdrivespe
|turn|5
|
|t:|1750721830
|move|p2b: Iron Bundle|Protect||[still]
|-fail|p2b: Iron Bundle
|move|p1a: Indeedee|Follow Me|p1a: Indeedee
|-singleturn|p1a: Indeedee|move: Follow Me
|move|p2a: Miraidon|Electro Drift|p1a: Indeedee
|-damage|p1a: Indeedee|0 fnt
|faint|p1a: Indeedee
|move|p1b: Solgaleo|Sunsteel Strike|p2b: Iron Bundle
|-damage|p2b: Iron Bundle|0 fnt
|faint|p2b: Iron Bundle
|-end|p2b: Iron Bundle|Quark Drive|[silent]
|
|upkeep
|c|☆Chapignon286|whoops lol
|
|t:|1750721844
|switch|p2b: Calyrex|Calyrex-Shadow, L50|100/100
|switch|p1a: Calyrex|Calyrex-Shadow, L50|100/100
|-ability|p1a: Calyrex|As One
|-ability|p1a: Calyrex|Unnerve
|-ability|p2b: Calyrex|As One
|-ability|p2b: Calyrex|Unnerve
|turn|6
|
|t:|1750721874
|-terastallize|p1a: Calyrex|Ghost
|move|p1a: Calyrex|Astral Barrage|p2a: Miraidon|[spread] p2a,p2b
|-supereffective|p2b: Calyrex
|-damage|p2a: Miraidon|0 fnt
|-enditem|p2b: Calyrex|Focus Sash
|-damage|p2b: Calyrex|1/100
|faint|p2a: Miraidon
|-ability|p1a: Calyrex|Grim Neigh|boost
|-boost|p1a: Calyrex|spa|1
|move|p2b: Calyrex|Astral Barrage|p1b: Solgaleo|[spread] p1a,p1b
|-supereffective|p1a: Calyrex
|-crit|p1a: Calyrex
|-supereffective|p1b: Solgaleo
|-damage|p1a: Calyrex|0 fnt
|-damage|p1b: Solgaleo|46/100
|faint|p1a: Calyrex
|-ability|p2b: Calyrex|Grim Neigh|boost
|-boost|p2b: Calyrex|spa|1
|move|p1b: Solgaleo|Knock Off|p2b: Calyrex
|-supereffective|p2b: Calyrex
|-damage|p2b: Calyrex|0 fnt
|faint|p2b: Calyrex
|
|win|qrich27
|raw|qrich27's rating: 1357 &rarr; <strong>1375</strong><br />(+18 for winning)
|raw|Chapignon286's rating: 1316 &rarr; <strong>1298</strong><br />(-18 for losing)
|c|☆Chapignon286|gg
|l|☆Chapignon286
|player|p2|
|l|☆qrich27
|player|p1|
