|j|☆Fredzhangg
|j|☆DjBeat
|t:|1750784260
|gametype|doubles
|player|p1|Fredzhangg|170|1440
|player|p2|DjBeat|backpacker|1431
|teamsize|p1|6
|teamsize|p2|6
|gen|9
|tier|[Gen 9] VGC 2025 Reg I
|rated|
|rule|Species Clause: Limit one of each Pokémon
|rule|Item Clause: Limit 1 of each item
|clearpoke
|poke|p1|Kyogre, L50|
|poke|p1|Zacian-*, L50|
|poke|p1|Urshifu-*, L50, M|
|poke|p1|Amoonguss, L50, M|
|poke|p1|Chien-Pao, L50|
|poke|p1|Tornadus, L50, M|
|poke|p2|Zacian-*, L50|
|poke|p2|Miraidon, L50|
|poke|p2|Whimsicott, L50, F|
|poke|p2|Urshifu-*, L50, F|
|poke|p2|Volcarona, L50, F|
|poke|p2|Farigiraf, L50, F|
|teampreview|4
Fredzhangg rejected open team sheets.
|inactive|Battle timer is ON: inactive players will automatically lose when time's up. (requested by Fredzhangg)
|inactive|DjBeat has 60 seconds left.
|
|t:|1750784443
|start
|switch|p1a: Amoonguss|Amoonguss, L50, M|100/100
|switch|p1b: Chien-Pao|Chien-Pao, L50|100/100
|switch|p2a: Whimsicott|Whimsicott, L50, F, shiny|100/100
|switch|p2b: Volcarona|Volcarona, L50, F|100/100
|-ability|p1b: Chien-Pao|Sword of Ruin
|turn|1
|inactive|DjBeat has 30 seconds left.
|inactive|DjBeat has 20 seconds left.
|
|t:|1750784480
|move|p2b: Volcarona|Protect|p2b: Volcarona
|-singleturn|p2b: Volcarona|Protect
|move|p2a: Whimsicott|Tailwind|p2a: Whimsicott
|-sidestart|p2: DjBeat|move: Tailwind
|move|p1b: Chien-Pao|Ice Spinner|p2a: Whimsicott
|-supereffective|p2a: Whimsicott
|-damage|p2a: Whimsicott|0 fnt
|faint|p2a: Whimsicott
|move|p1a: Amoonguss|Spore|p2b: Volcarona
|-activate|p2b: Volcarona|move: Protect
|
|upkeep
|
|t:|1750784493
|switch|p2a: Urshifu|Urshifu-Rapid-Strike, L50, F|100/100
|turn|2
|inactive|Fredzhangg has 30 seconds left.
|inactive|DjBeat has 30 seconds left.
|
|t:|1750784522
|-terastallize|p2a: Urshifu|Water
|move|p2b: Volcarona|Flamethrower|p1a: Amoonguss
|-supereffective|p1a: Amoonguss
|-damage|p1a: Amoonguss|24/100
|move|p2a: Urshifu|Surging Strikes|p1b: Chien-Pao
|-crit|p1b: Chien-Pao
|-damage|p1b: Chien-Pao|36/100
|-crit|p1b: Chien-Pao
|-damage|p1b: Chien-Pao|0 fnt
|faint|p1b: Chien-Pao
|-hitcount|p1: Chien-Pao|2
|move|p1a: Amoonguss|Spore|p2b: Volcarona
|-status|p2b: Volcarona|slp|[from] move: Spore
|
|upkeep
|
|t:|1750784538
|switch|p1b: Kyogre|Kyogre, L50|100/100
|-weather|RainDance|[from] ability: Drizzle|[of] p1b: Kyogre
|turn|3
|
|t:|1750784559
|move|p1a: Amoonguss|Rage Powder|p1a: Amoonguss
|-singleturn|p1a: Amoonguss|move: Rage Powder
|cant|p2b: Volcarona|slp
|move|p2a: Urshifu|Surging Strikes|p1a: Amoonguss
|-resisted|p1a: Amoonguss
|-crit|p1a: Amoonguss
|-damage|p1a: Amoonguss|0 fnt
|-damage|p2a: Urshifu|84/100|[from] item: Rocky Helmet|[of] p1a: Amoonguss
|faint|p1a: Amoonguss
|-hitcount|p1: Amoonguss|1
|move|p1b: Kyogre|Water Spout|p2a: Urshifu|[spread] p2a,p2b
|-resisted|p2a: Urshifu
|-supereffective|p2b: Volcarona
|-damage|p2a: Urshifu|13/100
|-damage|p2b: Volcarona|0 fnt
|faint|p2b: Volcarona
|
|-weather|RainDance|[upkeep]
|upkeep
|
|t:|1750784574
|switch|p2b: Zacian|Zacian-Crowned, L50|100/100
|switch|p1a: Zacian|Zacian-Crowned, L50|100/100
|-ability|p2b: Zacian|Intrepid Sword|boost
|-boost|p2b: Zacian|atk|1
|-ability|p1a: Zacian|Intrepid Sword|boost
|-boost|p1a: Zacian|atk|1
|turn|4
|inactive|Fredzhangg has 30 seconds left.
|
|t:|1750784608
|move|p2b: Zacian|Play Rough|p1b: Kyogre
|-damage|p1b: Kyogre|30/100
|move|p2a: Urshifu|Surging Strikes|p1a: Zacian
|-crit|p1a: Zacian
|-damage|p1a: Zacian|41/100
|-crit|p1a: Zacian
|-damage|p1a: Zacian|0 fnt
|faint|p1a: Zacian
|-hitcount|p1: Zacian|2
|move|p1b: Kyogre|Origin Pulse|p2a: Urshifu|[spread] p2a,p2b
|-resisted|p2a: Urshifu
|-damage|p2a: Urshifu|0 fnt
|-damage|p2b: Zacian|35/100
|faint|p2a: Urshifu
|
|-weather|RainDance|[upkeep]
|-sideend|p2: DjBeat|move: Tailwind
|upkeep
|turn|5
|
|t:|1750784626
|move|p1b: Kyogre|Protect|p1b: Kyogre
|-singleturn|p1b: Kyogre|Protect
|move|p2b: Zacian|Play Rough|p1b: Kyogre
|-activate|p1b: Kyogre|move: Protect
|
|-weather|RainDance|[upkeep]
|upkeep
|turn|6
|
|t:|1750784634
|move|p2b: Zacian|Play Rough|p1b: Kyogre|[miss]
|-miss|p2b: Zacian|p1b: Kyogre
|move|p1b: Kyogre|Thunder|p2b: Zacian
|-damage|p2b: Zacian|0 fnt
|faint|p2b: Zacian
|
|win|Fredzhangg
|raw|Fredzhangg's rating: 1440 &rarr; <strong>1459</strong><br />(+19 for winning)
|raw|DjBeat's rating: 1431 &rarr; <strong>1412</strong><br />(-19 for losing)
|c|☆DjBeat|xDDDDDDD
|l|☆DjBeat
|player|p2|
