|j|☆canon_tm
|j|☆v4valentin3
|t:|1750870458
|gametype|doubles
|player|p1|canon_tm|169|1539
|player|p2|v4valentin3|swimmerf|1531
|teamsize|p1|6
|teamsize|p2|6
|gen|9
|tier|[Gen 9] VGC 2025 Reg I
|rated|
|rule|Species Clause: Limit one of each Pokémon
|rule|Item Clause: Limit 1 of each item
|clearpoke
|poke|p1|Miraidon, L50|
|poke|p1|Zamazenta-*, L50|
|poke|p1|Chien-Pao, L50|
|poke|p1|Incineroar, L50, F|
|poke|p1|Landorus, L50, M|
|poke|p1|Whimsicott, L50, F|
|poke|p2|Calyrex-Ice, L50|
|poke|p2|Miraidon, L50|
|poke|p2|Sableye, L50, F|
|poke|p2|Volcarona, L50, F|
|poke|p2|Iron Treads, L50|
|poke|p2|Incineroar, L50, F|
|teampreview|4
|inactive|Battle timer is ON: inactive players will automatically lose when time's up. (requested by v4valentin3)
|inactive|v4valentin3 has 60 seconds left.
|
|t:|1750870490
|start
|switch|p1a: Miraidon|Miraidon, L50|100/100
|switch|p1b: Whimsicott|Whimsicott, L50, F|100/100
|switch|p2a: Volcarona|Volcarona, L50, F, shiny|100/100
|switch|p2b: Miraidon|Miraidon, L50|100/100
|-fieldstart|move: Electric Terrain|[from] ability: Hadron Engine|[of] p1a: Miraidon
|-enditem|p2a: Volcarona|Electric Seed
|-boost|p2a: Volcarona|def|1|[from] item: Electric Seed
|-activate|p2b: Miraidon|ability: Hadron Engine
|turn|1
|
|t:|1750870502
|move|p1b: Whimsicott|Light Screen|p1b: Whimsicott
|-sidestart|p1: canon_tm|move: Light Screen
|move|p1a: Miraidon|Electro Drift|p2a: Volcarona
|-damage|p2a: Volcarona|0 fnt
|faint|p2a: Volcarona
|move|p2b: Miraidon|Dragon Pulse|p1a: Miraidon
|-supereffective|p1a: Miraidon
|-damage|p1a: Miraidon|40/100
|
|upkeep
|
|t:|1750870510
|switch|p2a: Calyrex|Calyrex-Ice, L50|100/100
|-ability|p2a: Calyrex|As One
|-ability|p2a: Calyrex|Unnerve
|turn|2
|inactive|canon_tm has 30 seconds left.
|inactive|canon_tm has 20 seconds left.
|
|t:|1750870548
|switch|p1a: Zamazenta|Zamazenta-Crowned, L50|100/100
|-ability|p1a: Zamazenta|Dauntless Shield|boost
|-boost|p1a: Zamazenta|def|1
|move|p1b: Whimsicott|Moonblast|p2b: Miraidon
|-supereffective|p2b: Miraidon
|-damage|p2b: Miraidon|75/100
|move|p2b: Miraidon|Volt Switch|p1b: Whimsicott
|-resisted|p1b: Whimsicott
|-damage|p1b: Whimsicott|74/100
|
|t:|1750870556
|switch|p2b: Iron Treads|Iron Treads, L50|100/100|[from] Volt Switch
|-activate|p2b: Iron Treads|ability: Quark Drive
|-start|p2b: Iron Treads|quarkdrivespe
|move|p2a: Calyrex|Glacial Lance|p1a: Zamazenta|[spread] p1a,p1b
|-resisted|p1a: Zamazenta
|-supereffective|p1b: Whimsicott
|-damage|p1a: Zamazenta|89/100
|-damage|p1b: Whimsicott|0 fnt
|faint|p1b: Whimsicott
|-ability|p2a: Calyrex|Chilling Neigh|boost
|-boost|p2a: Calyrex|atk|1
|
|upkeep
|
|t:|1750870572
|switch|p1b: Incineroar|Incineroar, L50, F|100/100
|-ability|p1b: Incineroar|Intimidate|boost
|-unboost|p2a: Calyrex|atk|1
|-unboost|p2b: Iron Treads|atk|1
|turn|3
|
|t:|1750870587
|-terastallize|p1b: Incineroar|Bug
|move|p2b: Iron Treads|High Horsepower|p1b: Incineroar
|-resisted|p1b: Incineroar
|-damage|p1b: Incineroar|81/100
|move|p1a: Zamazenta|Body Press|p2b: Iron Treads
|-supereffective|p2b: Iron Treads
|-damage|p2b: Iron Treads|0 fnt
|faint|p2b: Iron Treads
|-end|p2b: Iron Treads|Quark Drive|[silent]
|move|p1b: Incineroar|Knock Off|p2a: Calyrex
|-supereffective|p2a: Calyrex
|-damage|p2a: Calyrex|48/100
|-enditem|p2a: Calyrex|Never-Melt Ice|[from] move: Knock Off|[of] p1b: Incineroar
|move|p2a: Calyrex|Leech Seed|p1a: Zamazenta
|-start|p1a: Zamazenta|move: Leech Seed
|
|-damage|p1a: Zamazenta|77/100|[from] Leech Seed|[of] p2a: Calyrex
|-heal|p2a: Calyrex|60/100|[silent]
|upkeep
|
|t:|1750870601
|switch|p2b: Miraidon|Miraidon, L50|75/100
|-activate|p2b: Miraidon|ability: Hadron Engine
|turn|4
|
|t:|1750870625
|-terastallize|p2b: Miraidon|Electric
|move|p2a: Calyrex|Protect|p2a: Calyrex
|-singleturn|p2a: Calyrex|Protect
|move|p1a: Zamazenta|Body Press|p2b: Miraidon
|-damage|p2b: Miraidon|8/100
|move|p2b: Miraidon|Parabolic Charge|p1a: Zamazenta|[spread] p1a,p1b
|-activate|p2a: Calyrex|move: Protect
|-damage|p1a: Zamazenta|48/100
|-heal|p2b: Miraidon|22/100|[from] drain|[of] p1a: Zamazenta
|-damage|p1b: Incineroar|54/100
|-heal|p2b: Miraidon|36/100|[from] drain|[of] p1b: Incineroar
|move|p1b: Incineroar|Flare Blitz|p2a: Calyrex
|-activate|p2a: Calyrex|move: Protect
|
|-damage|p1a: Zamazenta|36/100|[from] Leech Seed|[of] p2a: Calyrex
|-heal|p2a: Calyrex|72/100|[silent]
|upkeep
|turn|5
|
|t:|1750870650
|move|p1a: Zamazenta|Body Press|p2b: Miraidon
|-damage|p2b: Miraidon|0 fnt
|faint|p2b: Miraidon
|move|p1b: Incineroar|Flare Blitz|p2a: Calyrex
|-supereffective|p2a: Calyrex
|-damage|p2a: Calyrex|8/100
|-damage|p1b: Incineroar|32/100|[from] Recoil
|move|p2a: Calyrex|Glacial Lance|p1a: Zamazenta|[spread] p1a,p1b
|-resisted|p1a: Zamazenta
|-damage|p1a: Zamazenta|25/100
|-damage|p1b: Incineroar|0 fnt
|faint|p1b: Incineroar
|-ability|p2a: Calyrex|Chilling Neigh|boost
|-boost|p2a: Calyrex|atk|1
|
|-damage|p1a: Zamazenta|12/100|[from] Leech Seed|[of] p2a: Calyrex
|-heal|p2a: Calyrex|19/100|[silent]
|-sideend|p1: canon_tm|move: Light Screen
|-fieldend|move: Electric Terrain
|upkeep
|
|t:|1750870660
|switch|p1b: Miraidon|Miraidon, L50|40/100
|-fieldstart|move: Electric Terrain|[from] ability: Hadron Engine|[of] p1b: Miraidon
|turn|6
|
|t:|1750870666
|move|p2a: Calyrex|Protect|p2a: Calyrex
|-singleturn|p2a: Calyrex|Protect
|move|p1b: Miraidon|Electro Drift|p2a: Calyrex
|-activate|p2a: Calyrex|move: Protect
|move|p1a: Zamazenta|Body Press|p2a: Calyrex
|-activate|p2a: Calyrex|move: Protect
|
|-damage|p1a: Zamazenta|0 fnt|[from] Leech Seed|[of] p2a: Calyrex
|-heal|p2a: Calyrex|30/100|[silent]
|faint|p1a: Zamazenta
|upkeep
|turn|7
|
|t:|1750870676
|move|p1b: Miraidon|Electro Drift|p2a: Calyrex
|-damage|p2a: Calyrex|0 fnt
|faint|p2a: Calyrex
|
|win|canon_tm
|raw|canon_tm's rating: 1539 &rarr; <strong>1559</strong><br />(+20 for winning)
|raw|v4valentin3's rating: 1531 &rarr; <strong>1511</strong><br />(-20 for losing)
|l|☆v4valentin3
|player|p2|
|l|☆canon_tm
|player|p1|
