|j|☆rainbowboojay
|j|☆welosethose
|t:|1750882608
|gametype|doubles
|player|p1|rainbowboojay|1|1295
|player|p2|welosethose|hilbert|1338
|teamsize|p1|6
|teamsize|p2|6
|gen|9
|tier|[Gen 9] VGC 2025 Reg I
|rated|
|rule|Species Clause: Limit one of each Pokémon
|rule|Item Clause: Limit 1 of each item
|clearpoke
|poke|p1|Okidogi, L50, M|
|poke|p1|Chandelure, L50, M|
|poke|p1|Calyrex-Ice, L50|
|poke|p1|Urshifu-*, L50, M|
|poke|p1|Terapagos, L50, M|
|poke|p1|Meowscarada, L50, F|
|poke|p2|Clefairy, L50, F|
|poke|p2|Calyrex-Shadow, L50|
|poke|p2|Kyogre, L50|
|poke|p2|Rillaboom, L50, F|
|poke|p2|Roaring Moon, L50|
|poke|p2|Landorus, L50, M|
|teampreview|4
|inactive|Battle timer is ON: inactive players will automatically lose when time's up. (requested by rainbowboojay)
|
|t:|1750882636
|start
|switch|p1a: Calyrex|Calyrex-Ice, L50|100/100
|switch|p1b: Meowscarada|Meowscarada, L50, F|100/100
|switch|p2a: Kyogre|Kyogre, L50, shiny|100/100
|switch|p2b: Rillaboom|Rillaboom, L50, F, shiny|100/100
|-ability|p1a: Calyrex|As One
|-ability|p1a: Calyrex|Unnerve
|-fieldstart|move: Grassy Terrain|[from] ability: Grassy Surge|[of] p2b: Rillaboom
|-weather|RainDance|[from] ability: Drizzle|[of] p2a: Kyogre
|turn|1
|inactive|welosethose has 30 seconds left.
|
|t:|1750882666
|-terastallize|p2a: Kyogre|Grass
|move|p1a: Calyrex|Protect|p1a: Calyrex
|-singleturn|p1a: Calyrex|Protect
|move|p2b: Rillaboom|Fake Out|p1a: Calyrex
|-activate|p1a: Calyrex|move: Protect
|move|p1b: Meowscarada|Flower Trick|p2a: Kyogre
|-start|p1b: Meowscarada|typechange|Grass|[from] ability: Protean
|-resisted|p2a: Kyogre
|-crit|p2a: Kyogre
|-damage|p2a: Kyogre|52/100
|move|p2a: Kyogre|Origin Pulse|p1a: Calyrex|[spread] p1b
|-activate|p1a: Calyrex|move: Protect
|-resisted|p1b: Meowscarada
|-damage|p1b: Meowscarada|31/100
|
|-weather|RainDance|[upkeep]
|-heal|p1b: Meowscarada|37/100|[from] Grassy Terrain
|-heal|p2a: Kyogre|58/100|[from] Grassy Terrain
|upkeep
|turn|2
|
|t:|1750882689
|-terastallize|p1a: Calyrex|Grass
|move|p1b: Meowscarada|Flower Trick|p2a: Kyogre
|-resisted|p2a: Kyogre
|-crit|p2a: Kyogre
|-damage|p2a: Kyogre|14/100
|move|p2b: Rillaboom|U-turn|p1a: Calyrex
|-supereffective|p1a: Calyrex
|-damage|p1a: Calyrex|74/100
|
|t:|1750882696
|switch|p2b: Clefairy|Clefairy, L50, F, shiny|100/100|[from] U-turn
|move|p2a: Kyogre|Origin Pulse|p1b: Meowscarada|[spread] p1a,p1b
|-resisted|p1a: Calyrex
|-resisted|p1b: Meowscarada
|-damage|p1a: Calyrex|42/100
|-damage|p1b: Meowscarada|0 fnt
|faint|p1b: Meowscarada
|move|p1a: Calyrex|Trick Room|p1a: Calyrex
|-fieldstart|move: Trick Room|[of] p1a: Calyrex
|
|-weather|RainDance|[upkeep]
|-heal|p1a: Calyrex|47/100|[from] Grassy Terrain
|-heal|p2a: Kyogre|20/100|[from] Grassy Terrain
|upkeep
|
|t:|1750882703
|switch|p1b: Terapagos|Terapagos, L50, M|100/100
|-activate|p1b: Terapagos|ability: Tera Shift
|detailschange|p1b: Terapagos|Terapagos-Terastal, L50, M
|-heal|p1b: Terapagos|100/100|[silent]
|turn|3
|
|t:|1750882707
|move|p2b: Clefairy|After You|p2a: Kyogre
|-activate|p2a: Kyogre|move: After You
|move|p2a: Kyogre|Origin Pulse|p1a: Calyrex|[spread] p1a
|-miss|p2a: Kyogre|p1b: Terapagos
|-resisted|p1a: Calyrex
|-damage|p1a: Calyrex|14/100
|move|p1a: Calyrex|Glacial Lance|p2b: Clefairy|[spread] p2a,p2b
|-supereffective|p2a: Kyogre
|-damage|p2a: Kyogre|0 fnt
|-damage|p2b: Clefairy|51/100
|faint|p2a: Kyogre
|-ability|p1a: Calyrex|Chilling Neigh|boost
|-boost|p1a: Calyrex|atk|1
|move|p1b: Terapagos|Calm Mind|p1b: Terapagos
|-boost|p1b: Terapagos|spa|1
|-boost|p1b: Terapagos|spd|1
|
|-weather|RainDance|[upkeep]
|-heal|p2b: Clefairy|58/100|[from] Grassy Terrain
|-heal|p1a: Calyrex|19/100|[from] Grassy Terrain
|upkeep
|
|t:|1750882716
|switch|p2a: Calyrex|Calyrex-Shadow, L50|100/100
|-ability|p2a: Calyrex|As One
|-ability|p2a: Calyrex|Unnerve
|turn|4
|
|t:|1750882723
|move|p1a: Calyrex|Protect|p1a: Calyrex
|-singleturn|p1a: Calyrex|Protect
|move|p2b: Clefairy|After You|p2a: Calyrex
|-activate|p2a: Calyrex|move: After You
|move|p2a: Calyrex|Psychic|p1a: Calyrex
|-activate|p1a: Calyrex|move: Protect
|move|p1b: Terapagos|Thunderbolt|p2a: Calyrex
|-damage|p2a: Calyrex|68/100
|
|-weather|RainDance|[upkeep]
|-heal|p2b: Clefairy|64/100|[from] Grassy Terrain
|-heal|p1a: Calyrex|25/100|[from] Grassy Terrain
|-heal|p2a: Calyrex|74/100|[from] Grassy Terrain
|upkeep
|turn|5
|inactive|rainbowboojay has 30 seconds left.
|
|t:|1750882752
|move|p2b: Clefairy|After You|p2a: Calyrex
|-activate|p2a: Calyrex|move: After You
|move|p2a: Calyrex|Psychic|p1a: Calyrex
|-crit|p1a: Calyrex
|-damage|p1a: Calyrex|0 fnt
|faint|p1a: Calyrex
|-ability|p2a: Calyrex|Grim Neigh|boost
|-boost|p2a: Calyrex|spa|1
|-damage|p2a: Calyrex|65/100|[from] item: Life Orb
|move|p1b: Terapagos|Thunderbolt|p2a: Calyrex
|-damage|p2a: Calyrex|35/100
|
|-weather|none
|-heal|p2b: Clefairy|70/100|[from] Grassy Terrain
|-heal|p2a: Calyrex|41/100|[from] Grassy Terrain
|-fieldend|move: Grassy Terrain
|upkeep
|
|t:|1750882756
|switch|p1a: Okidogi|Okidogi, L50, M|100/100
|turn|6
|
|t:|1750882768
|move|p2b: Clefairy|Protect|p2b: Clefairy
|-singleturn|p2b: Clefairy|Protect
|move|p2a: Calyrex|Protect|p2a: Calyrex
|-singleturn|p2a: Calyrex|Protect
|move|p1a: Okidogi|Throat Chop|p2a: Calyrex
|-activate|p2a: Calyrex|move: Protect
|move|p1b: Terapagos|Thunderbolt|p2a: Calyrex
|-activate|p2a: Calyrex|move: Protect
|
|-fieldend|move: Trick Room
|upkeep
|turn|7
|
|t:|1750882778
|move|p2b: Clefairy|Follow Me|p2b: Clefairy
|-singleturn|p2b: Clefairy|move: Follow Me
|move|p2a: Calyrex|Nasty Plot|p2a: Calyrex
|-boost|p2a: Calyrex|spa|2
|move|p1b: Terapagos|Thunderbolt|p2b: Clefairy
|-damage|p2b: Clefairy|34/100
|move|p1a: Okidogi|Throat Chop|p2b: Clefairy
|-resisted|p2b: Clefairy
|-damage|p2b: Clefairy|19/100
|-start|p2b: Clefairy|Throat Chop|[silent]
|-damage|p1a: Okidogi|91/100|[from] item: Life Orb
|
|upkeep
|turn|8
|
|t:|1750882791
|move|p2b: Clefairy|Follow Me|p2b: Clefairy
|-singleturn|p2b: Clefairy|move: Follow Me
|move|p2a: Calyrex|Psychic|p1b: Terapagos
|-activate|p1b: Terapagos|ability: Tera Shell
|-resisted|p1b: Terapagos
|-crit|p1b: Terapagos
|-damage|p1b: Terapagos|3/100
|-damage|p2a: Calyrex|32/100|[from] item: Life Orb
|move|p1b: Terapagos|Thunderbolt|p2b: Clefairy
|-crit|p2b: Clefairy
|-damage|p2b: Clefairy|0 fnt
|faint|p2b: Clefairy
|move|p1a: Okidogi|Throat Chop|p2a: Calyrex
|-supereffective|p2a: Calyrex
|-damage|p2a: Calyrex|0 fnt
|faint|p2a: Calyrex
|-damage|p1a: Okidogi|81/100|[from] item: Life Orb
|
|-heal|p1b: Terapagos|9/100|[from] item: Leftovers
|upkeep
|
|t:|1750882801
|switch|p2b: Rillaboom|Rillaboom, L50, F, shiny|100/100
|-fieldstart|move: Grassy Terrain|[from] ability: Grassy Surge|[of] p2b: Rillaboom
|turn|9
|
|t:|1750882823
|move|p1b: Terapagos|Protect|p1b: Terapagos
|-singleturn|p1b: Terapagos|Protect
|move|p2b: Rillaboom|Fake Out|p1a: Okidogi
|-crit|p1a: Okidogi
|-damage|p1a: Okidogi|66/100
|cant|p1a: Okidogi|flinch
|
|-heal|p1b: Terapagos|15/100|[from] Grassy Terrain
|-heal|p1b: Terapagos|21/100|[from] item: Leftovers
|-heal|p1a: Okidogi|72/100|[from] Grassy Terrain
|upkeep
|turn|10
|
|t:|1750882831
|move|p2b: Rillaboom|Drum Beating|p1b: Terapagos
|-damage|p1b: Terapagos|0 fnt
|faint|p1b: Terapagos
|move|p1a: Okidogi|Gunk Shot|p2b: Rillaboom
|-supereffective|p2b: Rillaboom
|-damage|p2b: Rillaboom|0 fnt
|faint|p2b: Rillaboom
|-damage|p1a: Okidogi|62/100|[from] item: Life Orb
|
|win|rainbowboojay
|raw|rainbowboojay's rating: 1295 &rarr; <strong>1323</strong><br />(+28 for winning)
|raw|welosethose's rating: 1338 &rarr; <strong>1316</strong><br />(-22 for losing)
|l|☆welosethose
|player|p2|
|l|☆rainbowboojay
|player|p1|
