|j|☆Wanderers159
|j|☆klanes1209
|t:|1750861611
|gametype|doubles
|player|p1|Wanderers159|169|1172
|player|p2|klanes1209|101|1159
|teamsize|p1|6
|teamsize|p2|6
|gen|9
|tier|[Gen 9] VGC 2025 Reg I
|rated|
|rule|Species Clause: Limit one of each Pokémon
|rule|Item Clause: Limit 1 of each item
|clearpoke
|poke|p1|Calyrex-Shadow, L50|
|poke|p1|Zamazenta-*, L50|
|poke|p1|Incineroar, L50, F|
|poke|p1|Rillaboom, L50, F|
|poke|p1|Urshifu-*, L50, F|
|poke|p1|Ogerpon-Hearthflame, L50, F|
|poke|p2|Calyrex-Shadow, L50|
|poke|p2|Zamazenta-*, L50|
|poke|p2|Rillaboom, L50, M|
|poke|p2|Smeargle, L50, M|
|poke|p2|Whimsicott, L50, F|
|poke|p2|Chi-Yu, L50|
|teampreview|4
|inactive|Battle timer is ON: inactive players will automatically lose when time's up. (requested by Wanderers159)
|inactive|Wanderers159 has 60 seconds left.
|inactive|klanes1209 has 60 seconds left.
|inactive|klanes1209 has 30 seconds left.
|
|t:|1750861675
|start
|switch|p1a: Calyrex|Calyrex-Shadow, L50|100/100
|switch|p1b: Zamazenta|Zamazenta-Crowned, L50|100/100
|switch|p2a: Whimsicott|Whimsicott, L50, F|100/100
|switch|p2b: Calyrex|Calyrex-Shadow, L50|100/100
|-ability|p1a: Calyrex|As One
|-ability|p1a: Calyrex|Unnerve
|-ability|p2b: Calyrex|As One
|-ability|p2b: Calyrex|Unnerve
|-ability|p1b: Zamazenta|Dauntless Shield|boost
|-boost|p1b: Zamazenta|def|1
|turn|1
|inactive|klanes1209 has 30 seconds left.
|inactive|klanes1209 has 20 seconds left.
|inactive|klanes1209 has 15 seconds left.
|
|t:|1750861717
|-terastallize|p2b: Calyrex|Dark
|-terastallize|p1a: Calyrex|Ghost
|move|p1b: Zamazenta|Wide Guard|p1b: Zamazenta
|-singleturn|p1b: Zamazenta|Wide Guard
|move|p2a: Whimsicott|Tailwind|p2a: Whimsicott
|-sidestart|p2: klanes1209|move: Tailwind
|move|p2b: Calyrex|Nasty Plot|p2b: Calyrex
|-boost|p2b: Calyrex|spa|2
|move|p1a: Calyrex|Astral Barrage|p2a: Whimsicott|[spread] p2a,p2b
|-resisted|p2b: Calyrex
|-damage|p2a: Whimsicott|6/100
|-damage|p2b: Calyrex|64/100
|
|upkeep
|turn|2
|inactive|Wanderers159 has 30 seconds left.
|inactive|klanes1209 has 30 seconds left.
|inactive|klanes1209 has 20 seconds left.
|inactive|klanes1209 has 15 seconds left.
|
|t:|1750861758
|move|p1b: Zamazenta|Wide Guard|p1b: Zamazenta
|-singleturn|p1b: Zamazenta|Wide Guard
|move|p2a: Whimsicott|Encore|p1b: Zamazenta
|-start|p1b: Zamazenta|Encore
|move|p2b: Calyrex|Psychic|p1a: Calyrex
|-enditem|p1a: Calyrex|Focus Sash
|-damage|p1a: Calyrex|1/100
|move|p1a: Calyrex|Astral Barrage|p2a: Whimsicott|[spread] p2a,p2b
|-resisted|p2b: Calyrex
|-damage|p2a: Whimsicott|0 fnt
|-damage|p2b: Calyrex|30/100
|faint|p2a: Whimsicott
|-ability|p1a: Calyrex|Grim Neigh|boost
|-boost|p1a: Calyrex|spa|1
|
|upkeep
|inactive|klanes1209 has 30 seconds left.
|
|t:|1750861787
|switch|p2a: Zamazenta|Zamazenta-Crowned, L50|100/100
|-ability|p2a: Zamazenta|Dauntless Shield|boost
|-boost|p2a: Zamazenta|def|1
|turn|3
|
|t:|1750861799
|switch|p1b: Rillaboom|Rillaboom, L50, F|100/100
|-fieldstart|move: Grassy Terrain|[from] ability: Grassy Surge|[of] p1b: Rillaboom
|move|p1a: Calyrex|Protect|p1a: Calyrex
|-singleturn|p1a: Calyrex|Protect
|move|p2b: Calyrex|Psychic|p1a: Calyrex
|-activate|p1a: Calyrex|move: Protect
|move|p2a: Zamazenta|Body Press|p1b: Rillaboom
|-damage|p1b: Rillaboom|33/100
|
|-heal|p2b: Calyrex|36/100|[from] Grassy Terrain
|-heal|p1a: Calyrex|7/100|[from] Grassy Terrain
|-heal|p1b: Rillaboom|39/100|[from] Grassy Terrain
|upkeep
|turn|4
|inactive|Wanderers159 has 30 seconds left.
|inactive|klanes1209 has 30 seconds left.
|inactive|Wanderers159 has 20 seconds left.
|inactive|Wanderers159 has 15 seconds left.
|
|t:|1750861841
|move|p2b: Calyrex|Protect|p2b: Calyrex
|-singleturn|p2b: Calyrex|Protect
|move|p1b: Rillaboom|Fake Out|p2b: Calyrex
|-activate|p2b: Calyrex|move: Protect
|move|p2a: Zamazenta|Heavy Slam|p1a: Calyrex
|-damage|p1a: Calyrex|0 fnt
|faint|p1a: Calyrex
|
|-heal|p2b: Calyrex|42/100|[from] Grassy Terrain
|-heal|p1b: Rillaboom|45/100|[from] Grassy Terrain
|-sideend|p2: klanes1209|move: Tailwind
|upkeep
|
|t:|1750861855
|switch|p1a: Ogerpon|Ogerpon-Hearthflame, L50, F|100/100
|-ability|p1a: Ogerpon|Mold Breaker
|turn|5
|inactive|klanes1209 has 30 seconds left.
|inactive|klanes1209 has 20 seconds left.
|inactive|klanes1209 has 15 seconds left.
|inactive|klanes1209 has 10 seconds left.
|
|t:|1750861901
|switch|p2b: Smeargle|Smeargle, L50, M|100/100
|move|p1a: Ogerpon|Spiky Shield|p1a: Ogerpon
|-singleturn|p1a: Ogerpon|move: Protect
|move|p2a: Zamazenta|Body Press|p1b: Rillaboom
|-damage|p1b: Rillaboom|0 fnt
|faint|p1b: Rillaboom
|
|-ability|p2b: Smeargle|Moody|boost
|-boost|p2b: Smeargle|atk|2
|-unboost|p2b: Smeargle|spe|1
|upkeep
|
|t:|1750861915
|switch|p1b: Zamazenta|Zamazenta-Crowned, L50|100/100
|turn|6
|
|t:|1750861925
|move|p2b: Smeargle|Fake Out|p1b: Zamazenta
|-resisted|p1b: Zamazenta
|-damage|p1b: Zamazenta|97/100
|cant|p1b: Zamazenta|flinch
|move|p1a: Ogerpon|Ivy Cudgel|p2a: Zamazenta|[anim] Ivy Cudgel Fire
|-supereffective|p2a: Zamazenta
|-damage|p2a: Zamazenta|56/100
|move|p2a: Zamazenta|Body Press|p1a: Ogerpon
|-damage|p1a: Ogerpon|5/100
|
|-heal|p1b: Zamazenta|100/100|[from] Grassy Terrain
|-heal|p1a: Ogerpon|11/100|[from] Grassy Terrain
|-heal|p2a: Zamazenta|62/100|[from] Grassy Terrain
|-ability|p2b: Smeargle|Moody|boost
|-boost|p2b: Smeargle|spe|2
|-unboost|p2b: Smeargle|spd|1
|upkeep
|turn|7
|
|t:|1750861945
|move|p1a: Ogerpon|Spiky Shield|p1a: Ogerpon
|-singleturn|p1a: Ogerpon|move: Protect
|move|p2a: Zamazenta|Protect|p2a: Zamazenta
|-singleturn|p2a: Zamazenta|Protect
|move|p2b: Smeargle|Spore|p1b: Zamazenta
|-status|p1b: Zamazenta|slp|[from] move: Spore
|cant|p1b: Zamazenta|slp
|
|-heal|p1a: Ogerpon|17/100|[from] Grassy Terrain
|-heal|p2a: Zamazenta|68/100|[from] Grassy Terrain
|-fieldend|move: Grassy Terrain
|-ability|p2b: Smeargle|Moody|boost
|-boost|p2b: Smeargle|spe|2
|-unboost|p2b: Smeargle|spa|1
|upkeep
|turn|8
|inactive|Wanderers159 has 30 seconds left.
|
|t:|1750861971
|move|p2b: Smeargle|Follow Me|p2b: Smeargle
|-singleturn|p2b: Smeargle|move: Follow Me
|cant|p1b: Zamazenta|slp
|move|p1a: Ogerpon|Ivy Cudgel|p2b: Smeargle|[anim] Ivy Cudgel Fire
|-enditem|p2b: Smeargle|Focus Sash
|-damage|p2b: Smeargle|1/100
|move|p2a: Zamazenta|Body Press|p1a: Ogerpon
|-damage|p1a: Ogerpon|0 fnt
|faint|p1a: Ogerpon
|
|-ability|p2b: Smeargle|Moody|boost
|-boost|p2b: Smeargle|def|2
|-unboost|p2b: Smeargle|spa|1
|upkeep
|turn|9
|-message|Wanderers159 forfeited.
|
|win|klanes1209
|raw|Wanderers159's rating: 1172 &rarr; <strong>1146</strong><br />(-26 for losing)
|raw|klanes1209's rating: 1159 &rarr; <strong>1185</strong><br />(+26 for winning)
|l|☆Wanderers159
|player|p1|
