|j|☆juicy_meat_skewer
|j|☆bimbo mafioso
|t:|1750787638
|gametype|doubles
|player|p1|juicy_meat_skewer|169|1575
|player|p2|bimbo mafioso|swimmerf|1597
|teamsize|p1|6
|teamsize|p2|6
|gen|9
|tier|[Gen 9] VGC 2025 Reg I
|rated|
|rule|Species Clause: Limit one of each Pokémon
|rule|Item Clause: Limit 1 of each item
|clearpoke
|poke|p1|Calyrex-Ice, L50|
|poke|p1|Miraidon, L50|
|poke|p1|Urshifu-*, L50, M|
|poke|p1|Landorus, L50, M|
|poke|p1|Incineroar, L50, F|
|poke|p1|Farigiraf, L50, M|
|poke|p2|Urshifu-*, L50, M|
|poke|p2|Rillaboom, L50, M|
|poke|p2|Incineroar, L50, M|
|poke|p2|Zamazenta-*, L50|
|poke|p2|Ogerpon-Cornerstone, L50, F|
|poke|p2|Calyrex-Shadow, L50|
|teampreview|4
|inactive|Battle timer is ON: inactive players will automatically lose when time's up. (requested by bimbo mafioso)
|
|t:|1750787664
|start
|switch|p1a: Miraidon|Miraidon, L50|100/100
|switch|p1b: Farigiraf|Farigiraf, L50, M|100/100
|switch|p2a: Rillaboom|Rillaboom, L50, M|100/100
|switch|p2b: Zamazenta|Zamazenta-Crowned, L50|100/100
|-fieldstart|move: Electric Terrain|[from] ability: Hadron Engine|[of] p1a: Miraidon
|-enditem|p1b: Farigiraf|Electric Seed
|-boost|p1b: Farigiraf|def|1|[from] item: Electric Seed
|-ability|p2b: Zamazenta|Dauntless Shield|boost
|-boost|p2b: Zamazenta|def|1
|-fieldstart|move: Grassy Terrain|[from] ability: Grassy Surge|[of] p2a: Rillaboom
|turn|1
|inactive|juicy_meat_skewer has 30 seconds left.
|
|t:|1750787696
|move|p1b: Farigiraf|Helping Hand|p1a: Miraidon
|-singleturn|p1a: Miraidon|Helping Hand|[of] p1b: Farigiraf
|move|p1a: Miraidon|Volt Switch|p2b: Zamazenta
|-damage|p2b: Zamazenta|60/100
|
|t:|1750787703
|switch|p1a: Landorus|Landorus, L50, M|100/100|[from] Volt Switch
|move|p2b: Zamazenta|Body Press|p1a: Landorus
|-resisted|p1a: Landorus
|-crit|p1a: Landorus
|-damage|p1a: Landorus|41/100
|move|p2a: Rillaboom|U-turn|p1a: Landorus
|-resisted|p1a: Landorus
|-damage|p1a: Landorus|29/100
|
|t:|1750787719
|switch|p2a: Incineroar|Incineroar, L50, M|100/100|[from] U-turn
|-ability|p2a: Incineroar|Intimidate|boost
|-unboost|p1a: Landorus|atk|1
|-unboost|p1b: Farigiraf|atk|1
|
|-heal|p2b: Zamazenta|66/100|[from] Grassy Terrain
|upkeep
|turn|2
|inactive|bimbo mafioso has 30 seconds left.
|
|t:|1750787751
|move|p2a: Incineroar|Helping Hand|p2b: Zamazenta
|-singleturn|p2b: Zamazenta|Helping Hand|[of] p2a: Incineroar
|move|p1a: Landorus|Protect|p1a: Landorus
|-singleturn|p1a: Landorus|Protect
|move|p2b: Zamazenta|Body Press|p1b: Farigiraf
|-damage|p1b: Farigiraf|38/100
|move|p1b: Farigiraf|Psychic|p2b: Zamazenta
|-damage|p2b: Zamazenta|40/100
|
|-heal|p2b: Zamazenta|46/100|[from] Grassy Terrain
|-heal|p1b: Farigiraf|44/100|[from] Grassy Terrain
|upkeep
|turn|3
|
|t:|1750787773
|move|p1a: Landorus|Sandsear Storm|p2a: Incineroar|[spread] p2a,p2b
|-supereffective|p2a: Incineroar
|-supereffective|p2b: Zamazenta
|-damage|p2a: Incineroar|18/100
|-damage|p2b: Zamazenta|0 fnt
|faint|p2b: Zamazenta
|move|p2a: Incineroar|Parting Shot|p1a: Landorus
|-unboost|p1a: Landorus|atk|1
|-unboost|p1a: Landorus|spa|1
|c|☆bimbo mafioso|huh
|c|☆bimbo mafioso|you're seriously running timid lando
|
|t:|1750787787
|switch|p2a: Calyrex|Calyrex-Shadow, L50|100/100|[from] Parting Shot
|-ability|p2a: Calyrex|As One
|-ability|p2a: Calyrex|Unnerve
|move|p1b: Farigiraf|Trick Room|p1b: Farigiraf
|-fieldstart|move: Trick Room|[of] p1b: Farigiraf
|
|-heal|p1b: Farigiraf|50/100|[from] Grassy Terrain
|upkeep
|
|t:|1750787792
|switch|p2b: Incineroar|Incineroar, L50, M|18/100
|-ability|p2b: Incineroar|Intimidate|boost
|-unboost|p1a: Landorus|atk|1
|-unboost|p1b: Farigiraf|atk|1
|turn|4
|c|☆juicy_meat_skewer|did u lose ur zama or no
|c|☆juicy_meat_skewer|??
|inactive|juicy_meat_skewer has 30 seconds left.
|inactive|bimbo mafioso has 30 seconds left.
|
|t:|1750787825
|move|p1a: Landorus|Protect|p1a: Landorus
|-singleturn|p1a: Landorus|Protect
|move|p2a: Calyrex|Protect|p2a: Calyrex
|-singleturn|p2a: Calyrex|Protect
|move|p2b: Incineroar|Parting Shot|p1a: Landorus
|-activate|p1a: Landorus|move: Protect
|move|p1b: Farigiraf|Foul Play|p2b: Incineroar
|-resisted|p2b: Incineroar
|-damage|p2b: Incineroar|8/100
|-damage|p1b: Farigiraf|34/100|[from] item: Rocky Helmet|[of] p2b: Incineroar
|
|-heal|p2b: Incineroar|14/100|[from] Grassy Terrain
|-heal|p1b: Farigiraf|39/100|[from] Grassy Terrain
|upkeep
|turn|5
|
|t:|1750787846
|-terastallize|p2a: Calyrex|Dark
|move|p2b: Incineroar|Parting Shot|p1a: Landorus
|-unboost|p1a: Landorus|atk|1
|-unboost|p1a: Landorus|spa|1
|
|t:|1750787850
|switch|p2b: Rillaboom|Rillaboom, L50, M|100/100|[from] Parting Shot
|move|p1b: Farigiraf|Foul Play|p2b: Rillaboom
|-damage|p2b: Rillaboom|70/100
|move|p1a: Landorus|Sandsear Storm|p2a: Calyrex|[spread] p2a,p2b
|-resisted|p2b: Rillaboom
|-damage|p2a: Calyrex|71/100
|-damage|p2b: Rillaboom|61/100
|move|p2a: Calyrex|Nasty Plot|p2a: Calyrex
|-boost|p2a: Calyrex|spa|2
|
|-heal|p1b: Farigiraf|45/100|[from] Grassy Terrain
|-heal|p2b: Rillaboom|67/100|[from] Grassy Terrain
|-heal|p2a: Calyrex|77/100|[from] Grassy Terrain
|-fieldend|move: Grassy Terrain
|upkeep
|turn|6
|inactive|juicy_meat_skewer has 30 seconds left.
|
|t:|1750787880
|move|p1a: Landorus|Protect|p1a: Landorus
|-singleturn|p1a: Landorus|Protect
|move|p1b: Farigiraf|Foul Play|p2b: Rillaboom
|-damage|p2b: Rillaboom|36/100
|move|p2b: Rillaboom|Wood Hammer|p1a: Landorus
|-activate|p1a: Landorus|move: Protect
|move|p2a: Calyrex|Nasty Plot|p2a: Calyrex
|-boost|p2a: Calyrex|spa|2
|
|upkeep
|turn|7
|inactive|juicy_meat_skewer has 30 seconds left.
|inactive|juicy_meat_skewer has 20 seconds left.
|inactive|juicy_meat_skewer has 15 seconds left.
|
|t:|1750787921
|-terastallize|p1a: Landorus|Poison
|move|p1b: Farigiraf|Foul Play|p2b: Rillaboom
|-damage|p2b: Rillaboom|6/100
|move|p2b: Rillaboom|Wood Hammer|p1a: Landorus
|-resisted|p1a: Landorus
|-damage|p1a: Landorus|0 fnt
|faint|p1a: Landorus
|-damage|p2b: Rillaboom|0 fnt|[from] Recoil
|faint|p2b: Rillaboom
|move|p2a: Calyrex|Psychic|p1b: Farigiraf
|-resisted|p1b: Farigiraf
|-damage|p1b: Farigiraf|0 fnt
|faint|p1b: Farigiraf
|-ability|p2a: Calyrex|Grim Neigh|boost
|-boost|p2a: Calyrex|spa|1
|-damage|p2a: Calyrex|68/100|[from] item: Life Orb
|
|-fieldend|move: Trick Room
|upkeep
|
|t:|1750787942
|switch|p1a: Miraidon|Miraidon, L50|100/100
|switch|p2b: Incineroar|Incineroar, L50, M|14/100
|switch|p1b: Calyrex|Calyrex-Ice, L50|100/100
|-ability|p1b: Calyrex|As One
|-ability|p1b: Calyrex|Unnerve
|-fieldstart|move: Electric Terrain|[from] ability: Hadron Engine|[of] p1a: Miraidon
|-ability|p2b: Incineroar|Intimidate|boost
|-unboost|p1a: Miraidon|atk|1
|-fail|p1b: Calyrex|unboost|[from] item: Clear Amulet|[of] p1b: Calyrex
|turn|8
|c|☆bimbo mafioso|why did u tera lando
|inactive|juicy_meat_skewer has 30 seconds left.
|inactive|juicy_meat_skewer has 20 seconds left.
|c|☆juicy_meat_skewer|i was worried u might do gg instead of wh
|inactive|juicy_meat_skewer has 15 seconds left.
|c|☆juicy_meat_skewer|and not get recoil
|inactive|juicy_meat_skewer has 10 seconds left.
|c|☆juicy_meat_skewer|+ have the switch
|
|t:|1750787992
|move|p2b: Incineroar|Fake Out|p1a: Miraidon
|-damage|p1a: Miraidon|90/100
|cant|p1a: Miraidon|flinch
|move|p2a: Calyrex|Astral Barrage|p1a: Miraidon|[spread] p1a,p1b
|-supereffective|p1b: Calyrex
|-damage|p1a: Miraidon|0 fnt
|-damage|p1b: Calyrex|0 fnt
|faint|p1a: Miraidon
|faint|p1b: Calyrex
|-damage|p2a: Calyrex|58/100|[from] item: Life Orb
|
|win|bimbo mafioso
|raw|juicy_meat_skewer's rating: 1575 &rarr; <strong>1556</strong><br />(-19 for losing)
|raw|bimbo mafioso's rating: 1597 &rarr; <strong>1616</strong><br />(+19 for winning)
|c|☆juicy_meat_skewer|gg
|c|☆bimbo mafioso|ggs
|c|☆bimbo mafioso|i knew miraidon was scarf
