|j|☆blah dkasb
|j|☆jestrid
|t:|1750860020
|gametype|doubles
|player|p1|blah dkasb|brycenman|1040
|player|p2|jestrid|roxie|1015
|teamsize|p1|6
|teamsize|p2|6
|gen|9
|tier|[Gen 9] VGC 2025 Reg I
|rated|
|rule|Species Clause: Limit one of each Pokémon
|rule|Item Clause: Limit 1 of each item
|clearpoke
|poke|p1|Falinks, L50|
|poke|p1|Ogerpon-Cornerstone, L50, F|
|poke|p1|Whimsicott, L50, M|
|poke|p1|Grimmsnarl, L50, M|
|poke|p1|Palkia-Origin, L50|
|poke|p1|Ho-Oh, L50|
|poke|p2|Chandelure, L50, M|
|poke|p2|Groudon, L50|
|poke|p2|Amoonguss, L50, M|
|poke|p2|Indeedee-F, L50, F|
|poke|p2|Chien-Pao, L50|
|poke|p2|Greninja-*, L50, F|
|teampreview|4
|inactive|Battle timer is ON: inactive players will automatically lose when time's up. (requested by blah dkasb)
|
|t:|1750860036
|start
|switch|p1a: Ho-Oh|Ho-Oh, L50|100/100
|switch|p1b: Grimmsnarl|Grimmsnarl, L50, M|100/100
|switch|p2a: Groudon|Groudon, L50|100/100
|switch|p2b: Greninja|Greninja, L50, F|100/100
|-weather|SunnyDay|[from] ability: Drought|[of] p2a: Groudon
|turn|1
|inactive|blah dkasb has 30 seconds left.
|
|t:|1750860067
|move|p1b: Grimmsnarl|Reflect|p1b: Grimmsnarl
|-sidestart|p1: blah dkasb|Reflect
|move|p2b: Greninja|Surf|p1a: Ho-Oh|[spread] p2a,p1a,p1b
|-supereffective|p2a: Groudon
|-supereffective|p1a: Ho-Oh
|-damage|p2a: Groudon|69/100
|-damage|p1a: Ho-Oh|84/100
|-damage|p1b: Grimmsnarl|87/100
|move|p1a: Ho-Oh|Tailwind|p1a: Ho-Oh
|-sidestart|p1: blah dkasb|move: Tailwind
|move|p2a: Groudon|Thunder|p1a: Ho-Oh
|-supereffective|p1a: Ho-Oh
|-damage|p1a: Ho-Oh|46/100
|
|-weather|SunnyDay|[upkeep]
|upkeep
|turn|2
|
|t:|1750860088
|move|p1b: Grimmsnarl|Light Screen|p1b: Grimmsnarl
|-sidestart|p1: blah dkasb|move: Light Screen
|move|p1a: Ho-Oh|Life Dew|p1a: Ho-Oh|[spread] p1a,p1b
|-heal|p1a: Ho-Oh|71/100
|-heal|p1b: Grimmsnarl|100/100
|move|p2b: Greninja|Surf|p1a: Ho-Oh|[spread] p2a,p1a,p1b
|-supereffective|p2a: Groudon
|-supereffective|p1a: Ho-Oh
|-damage|p2a: Groudon|37/100
|-damage|p1a: Ho-Oh|60/100
|-damage|p1b: Grimmsnarl|92/100
|move|p2a: Groudon|Eruption|p1b: Grimmsnarl|[spread] p1a,p1b
|-resisted|p1a: Ho-Oh
|-damage|p1a: Ho-Oh|57/100
|-damage|p1b: Grimmsnarl|80/100
|
|-weather|SunnyDay|[upkeep]
|upkeep
|turn|3
|inactive|blah dkasb has 30 seconds left.
|inactive|jestrid has 30 seconds left.
|inactive|blah dkasb has 20 seconds left.
|inactive|blah dkasb has 15 seconds left.
|inactive|blah dkasb has 10 seconds left.
|
|t:|1750860137
|move|p2b: Greninja|Water Shuriken|p1b: Grimmsnarl
|-damage|p1b: Grimmsnarl|78/100
|-damage|p1b: Grimmsnarl|76/100
|-hitcount|p1b: Grimmsnarl|2
|move|p1a: Ho-Oh|Brave Bird|p2a: Groudon
|-damage|p2a: Groudon|10/100
|-damage|p1a: Ho-Oh|49/100|[from] Recoil
|move|p1b: Grimmsnarl|Spirit Break|p2b: Greninja
|-supereffective|p2b: Greninja
|-damage|p2b: Greninja|2/100
|move|p2a: Groudon|Thunder|p1a: Ho-Oh|[miss]
|-miss|p2a: Groudon|p1a: Ho-Oh
|
|-weather|SunnyDay|[upkeep]
|upkeep
|turn|4
|inactive|blah dkasb has 30 seconds left.
|inactive|jestrid has 30 seconds left.
|inactive|blah dkasb has 20 seconds left.
|
|t:|1750860175
|move|p1a: Ho-Oh|Life Dew|p1a: Ho-Oh|[spread] p1a,p1b
|-heal|p1a: Ho-Oh|74/100
|-heal|p1b: Grimmsnarl|100/100
|move|p2b: Greninja|Toxic Spikes|p1b: Grimmsnarl
|-sidestart|p1: blah dkasb|move: Toxic Spikes
|move|p1b: Grimmsnarl|Spirit Break|p2a: Groudon
|-damage|p2a: Groudon|0 fnt
|faint|p2a: Groudon
|
|-weather|SunnyDay|[upkeep]
|-sideend|p1: blah dkasb|move: Tailwind
|upkeep
|
|t:|1750860191
|switch|p2a: Amoonguss|Amoonguss, L50, M|100/100
|turn|5
|
|t:|1750860212
|move|p2a: Amoonguss|Rage Powder|p2a: Amoonguss
|-singleturn|p2a: Amoonguss|move: Rage Powder
|move|p2b: Greninja|Haze|p2b: Greninja
|-clearallboost
|move|p1a: Ho-Oh|Heat Wave|p2a: Amoonguss|[spread] p2b
|-miss|p1a: Ho-Oh|p2a: Amoonguss
|-resisted|p2b: Greninja
|-damage|p2b: Greninja|0 fnt
|faint|p2b: Greninja
|move|p1b: Grimmsnarl|Spirit Break|p2a: Amoonguss
|-resisted|p2a: Amoonguss
|-damage|p2a: Amoonguss|85/100
|-unboost|p2a: Amoonguss|spa|1
|-damage|p1b: Grimmsnarl|84/100|[from] item: Rocky Helmet|[of] p2a: Amoonguss
|
|-weather|none
|upkeep
|
|t:|1750860230
|switch|p2b: Chien-Pao|Chien-Pao, L50|100/100
|-ability|p2b: Chien-Pao|Sword of Ruin
|turn|6
|inactive|blah dkasb has 30 seconds left.
|inactive|jestrid has 30 seconds left.
|
|t:|1750860263
|move|p2b: Chien-Pao|Blizzard|p1b: Grimmsnarl|[spread] p1b
|-miss|p2b: Chien-Pao|p1a: Ho-Oh
|-damage|p1b: Grimmsnarl|63/100
|move|p1a: Ho-Oh|Tailwind|p1a: Ho-Oh
|-sidestart|p1: blah dkasb|move: Tailwind
|move|p1b: Grimmsnarl|Spirit Break|p2b: Chien-Pao
|-supereffective|p2b: Chien-Pao
|-damage|p2b: Chien-Pao|14/100
|-unboost|p2b: Chien-Pao|spa|1
|move|p2a: Amoonguss|Sludge Bomb|p1b: Grimmsnarl
|-supereffective|p1b: Grimmsnarl
|-damage|p1b: Grimmsnarl|39/100
|
|upkeep
|turn|7
|
|t:|1750860283
|move|p2a: Amoonguss|Rage Powder|p2a: Amoonguss
|-singleturn|p2a: Amoonguss|move: Rage Powder
|move|p1a: Ho-Oh|Heat Wave|p2a: Amoonguss|[spread] p2a,p2b
|-supereffective|p2a: Amoonguss
|-supereffective|p2b: Chien-Pao
|-damage|p2a: Amoonguss|43/100
|-damage|p2b: Chien-Pao|0 fnt
|faint|p2b: Chien-Pao
|move|p1b: Grimmsnarl|Spirit Break|p2a: Amoonguss
|-resisted|p2a: Amoonguss
|-damage|p2a: Amoonguss|28/100
|-unboost|p2a: Amoonguss|spa|1
|-damage|p1b: Grimmsnarl|23/100|[from] item: Rocky Helmet|[of] p2a: Amoonguss
|
|upkeep
|turn|8
|
|t:|1750860301
|move|p1a: Ho-Oh|Brave Bird|p2a: Amoonguss
|-supereffective|p2a: Amoonguss
|-damage|p2a: Amoonguss|0 fnt
|-damage|p1a: Ho-Oh|58/100|[from] item: Rocky Helmet|[of] p2a: Amoonguss
|-status|p1a: Ho-Oh|par|[from] ability: Effect Spore|[of] p2a: Amoonguss
|faint|p2a: Amoonguss
|-damage|p1a: Ho-Oh|47/100 par|[from] Recoil
|
|win|blah dkasb
|raw|blah dkasb's rating: 1075 &rarr; <strong>1099</strong><br />(+24 for winning)
|raw|jestrid's rating: 1015 &rarr; <strong>1005</strong><br />(-10 for losing)
|l|☆blah dkasb
|player|p1|
|l|☆jestrid
|player|p2|
|j|☆blah dkasb
|player|p1|blah dkasb|brycenman|
