|j|☆Dam1en137
|j|☆Marcel113
|t:|1750842209
|gametype|doubles
|player|p1|Dam1en137|169|1187
|player|p2|Marcel113|266|1211
|teamsize|p1|6
|teamsize|p2|6
|gen|9
|tier|[Gen 9] VGC 2025 Reg I
|rated|
|rule|Species Clause: Limit one of each Pokémon
|rule|Item Clause: Limit 1 of each item
|clearpoke
|poke|p1|Grimmsnarl, L50, M|
|poke|p1|Wo-Chien, L50|
|poke|p1|Calyrex-Shadow, L50|
|poke|p1|Miraidon, L50|
|poke|p1|Sneasler, L50, F|
|poke|p1|Clefairy, L50, F|
|poke|p2|Miraidon, L50|
|poke|p2|Incineroar, L50, F|
|poke|p2|Primarina, L50, M|
|poke|p2|Gothitelle, L50, F|
|poke|p2|Landorus, L50, M|
|poke|p2|Calyrex-Ice, L50|
|teampreview|4
Marcel113 has agreed to open team sheets.
|inactive|Battle timer is ON: inactive players will automatically lose when time's up. (requested by Marcel113)
|
|t:|1750842231
|start
|switch|p1a: Calyrex|Calyrex-Shadow, L50|100/100
|switch|p1b: Grimmsnarl|Grimmsnarl, L50, M|100/100
|switch|p2a: Incineroar|Incineroar, L50, F|100/100
|switch|p2b: Calyrex|Calyrex-Ice, L50|100/100
|-ability|p1a: Calyrex|As One
|-ability|p1a: Calyrex|Unnerve
|-ability|p2b: Calyrex|As One
|-ability|p2b: Calyrex|Unnerve
|-ability|p2a: Incineroar|Intimidate|boost
|-unboost|p1a: Calyrex|atk|1
|-unboost|p1b: Grimmsnarl|atk|1
|turn|1
|
|t:|1750842254
|-terastallize|p2b: Calyrex|Water
|move|p2a: Incineroar|Fake Out|p1b: Grimmsnarl
|-damage|p1b: Grimmsnarl|89/100
|cant|p1b: Grimmsnarl|flinch
|move|p1a: Calyrex|Astral Barrage|p2a: Incineroar|[spread] p2a,p2b
|-resisted|p2a: Incineroar
|-damage|p2a: Incineroar|81/100
|-damage|p2b: Calyrex|60/100
|move|p2b: Calyrex|Glacial Lance|p1a: Calyrex|[spread] p1a,p1b
|-crit|p1a: Calyrex
|-enditem|p1a: Calyrex|Focus Sash
|-damage|p1a: Calyrex|1/100
|-damage|p1b: Grimmsnarl|0 fnt
|faint|p1b: Grimmsnarl
|-ability|p2b: Calyrex|Chilling Neigh|boost
|-boost|p2b: Calyrex|atk|1
|
|upkeep
|
|t:|1750842270
|switch|p1b: Wo-Chien|Wo-Chien, L50|100/100
|-ability|p1b: Wo-Chien|Tablets of Ruin
|turn|2
|
|t:|1750842288
|-terastallize|p1b: Wo-Chien|Fire
|move|p1a: Calyrex|Protect|p1a: Calyrex
|-singleturn|p1a: Calyrex|Protect
|move|p2a: Incineroar|U-turn|p1b: Wo-Chien
|-resisted|p1b: Wo-Chien
|-damage|p1b: Wo-Chien|96/100
|
|t:|1750842296
|switch|p2a: Primarina|Primarina, L50, M|100/100|[from] U-turn
|move|p1b: Wo-Chien|Foul Play|p2b: Calyrex
|-damage|p2b: Calyrex|6/100
|move|p2b: Calyrex|Glacial Lance|p1a: Calyrex|[spread] p1b
|-activate|p1a: Calyrex|move: Protect
|-resisted|p1b: Wo-Chien
|-damage|p1b: Wo-Chien|60/100
|
|-heal|p1b: Wo-Chien|66/100|[from] item: Leftovers
|upkeep
|turn|3
|
|t:|1750842318
|switch|p2b: Incineroar|Incineroar, L50, F|81/100
|-ability|p2b: Incineroar|Intimidate|boost
|-unboost|p1a: Calyrex|atk|1
|-unboost|p1b: Wo-Chien|atk|1
|move|p1b: Wo-Chien|Protect|p1b: Wo-Chien
|-singleturn|p1b: Wo-Chien|Protect
|move|p1a: Calyrex|Astral Barrage|p2a: Primarina|[spread] p2a,p2b
|-resisted|p2b: Incineroar
|-damage|p2a: Primarina|65/100
|-damage|p2b: Incineroar|64/100
|move|p2a: Primarina|Hyper Voice|p1a: Calyrex|[spread] p1a
|-activate|p1b: Wo-Chien|move: Protect
|-damage|p1a: Calyrex|0 fnt
|faint|p1a: Calyrex
|-enditem|p2a: Primarina|Throat Spray
|-boost|p2a: Primarina|spa|1|[from] item: Throat Spray
|
|-heal|p1b: Wo-Chien|72/100|[from] item: Leftovers
|upkeep
|
|t:|1750842320
|switch|p1a: Clefairy|Clefairy, L50, F|100/100
|turn|4
|
|t:|1750842340
|move|p2b: Incineroar|Fake Out|p1b: Wo-Chien
|-damage|p1b: Wo-Chien|67/100
|move|p1a: Clefairy|Follow Me|p1a: Clefairy
|-singleturn|p1a: Clefairy|move: Follow Me
|cant|p1b: Wo-Chien|flinch
|move|p2a: Primarina|Hyper Voice|p1b: Wo-Chien|[spread] p1a,p1b
|-supereffective|p1b: Wo-Chien
|-damage|p1a: Clefairy|69/100
|-damage|p1b: Wo-Chien|22/100
|
|-heal|p1b: Wo-Chien|28/100|[from] item: Leftovers
|upkeep
|turn|5
|
|t:|1750842355
|switch|p2b: Gothitelle|Gothitelle, L50, F|100/100
|move|p1b: Wo-Chien|Protect|p1b: Wo-Chien
|-singleturn|p1b: Wo-Chien|Protect
|move|p2a: Primarina|Hyper Voice|p1b: Wo-Chien|[spread] p1a
|-activate|p1b: Wo-Chien|move: Protect
|-damage|p1a: Clefairy|37/100
|move|p1a: Clefairy|Encore||[still]
|-fail|p1a: Clefairy
|
|-heal|p1b: Wo-Chien|34/100|[from] item: Leftovers
|upkeep
|turn|6
|
|t:|1750842368
|move|p2b: Gothitelle|Fake Out|p1b: Wo-Chien
|-damage|p1b: Wo-Chien|32/100
|move|p1a: Clefairy|Follow Me|p1a: Clefairy
|-singleturn|p1a: Clefairy|move: Follow Me
|cant|p1b: Wo-Chien|flinch
|move|p2a: Primarina|Hyper Voice|p1b: Wo-Chien|[spread] p1a,p1b
|-supereffective|p1b: Wo-Chien
|-damage|p1a: Clefairy|3/100
|-damage|p1b: Wo-Chien|0 fnt
|faint|p1b: Wo-Chien
|
|upkeep
|turn|7
|-message|Dam1en137 forfeited.
|
|win|Marcel113
|raw|Dam1en137's rating: 1187 &rarr; <strong>1164</strong><br />(-23 for losing)
|raw|Marcel113's rating: 1211 &rarr; <strong>1234</strong><br />(+23 for winning)
|l|☆Dam1en137
|player|p1|
|l|☆Marcel113
|player|p2|
