|j|☆funnylion
|j|☆paulymcel
|t:|1750710445
|gametype|doubles
|player|p1|funnylion|2|1171
|player|p2|paulymcel|169|1072
|teamsize|p1|6
|teamsize|p2|6
|gen|9
|tier|[Gen 9] VGC 2025 Reg I
|rated|
|rule|Species Clause: Limit one of each Pokémon
|rule|Item Clause: Limit 1 of each item
|clearpoke
|poke|p1|Lunala, L50|
|poke|p1|Koraidon, L50|
|poke|p1|Ditto, L50|
|poke|p1|Jumpluff, L50, M|
|poke|p1|Incineroar, L50, M|
|poke|p1|Ursaluna, L50, M|
|poke|p2|Tornadus, L50, M|
|poke|p2|Raging Bolt, L50|
|poke|p2|Ursaluna-Bloodmoon, L50, M|
|poke|p2|Koraidon, L50|
|poke|p2|Urshifu-*, L50, F|
|poke|p2|Calyrex-Ice, L50|
|teampreview|4
|inactive|Battle timer is ON: inactive players will automatically lose when time's up. (requested by funnylion)
|j| markfinch12345
|l| markfinch12345
funnylion has agreed to open team sheets.
|
|t:|1750710457
|start
|switch|p1a: Rakko|Jumpluff, L50, M, shiny|100/100
|switch|p1b: Big Justice|Incineroar, L50, M|100/100
|switch|p2a: Tornadus|Tornadus, L50, M|100/100
|switch|p2b: Ursaluna|Ursaluna-Bloodmoon, L50, M|100/100
|-ability|p1b: Big Justice|Intimidate|boost
|-unboost|p2a: Tornadus|atk|1
|-unboost|p2b: Ursaluna|atk|1
|turn|1
|
|t:|1750710475
|switch|p1b: Big Boom AJ|Koraidon, L50|100/100
|-weather|SunnyDay|[from] ability: Orichalcum Pulse|[of] p1b: Big Boom AJ
|-activate|p1b: Big Boom AJ|Orichalcum Pulse|[source]
|move|p2a: Tornadus|Tailwind|p2a: Tornadus
|-sidestart|p2: paulymcel|move: Tailwind
|move|p1a: Rakko|Sleep Powder|p2b: Ursaluna
|-status|p2b: Ursaluna|slp|[from] move: Sleep Powder
|cant|p2b: Ursaluna|slp
|
|-weather|SunnyDay|[upkeep]
|upkeep
|turn|2
|
|t:|1750710495
|-terastallize|p1b: Big Boom AJ|Fire
|move|p2a: Tornadus|Knock Off|p1b: Big Boom AJ
|-damage|p1b: Big Boom AJ|88/100
|-enditem|p1b: Big Boom AJ|Life Orb|[from] move: Knock Off|[of] p2a: Tornadus
|move|p1a: Rakko|Tailwind|p1a: Rakko
|-sidestart|p1: funnylion|move: Tailwind
|move|p1b: Big Boom AJ|Close Combat|p2b: Ursaluna
|-supereffective|p2b: Ursaluna
|-crit|p2b: Ursaluna
|-damage|p2b: Ursaluna|0 fnt
|-unboost|p1b: Big Boom AJ|def|1
|-unboost|p1b: Big Boom AJ|spd|1
|faint|p2b: Ursaluna
|
|-weather|SunnyDay|[upkeep]
|upkeep
|
|t:|1750710511
|switch|p2b: Calyrex|Calyrex-Ice, L50|100/100
|-ability|p2b: Calyrex|As One
|-ability|p2b: Calyrex|Unnerve
|turn|3
|
|t:|1750710526
|-terastallize|p2b: Calyrex|Ice
|move|p1a: Rakko|Sleep Powder|p2a: Tornadus|[miss]
|-miss|p1a: Rakko|p2a: Tornadus
|move|p1b: Big Boom AJ|Flare Blitz|p2b: Calyrex
|-supereffective|p2b: Calyrex
|-damage|p2b: Calyrex|0 fnt
|faint|p2b: Calyrex
|-damage|p1b: Big Boom AJ|49/100|[from] Recoil
|move|p2a: Tornadus|Bleakwind Storm|p1b: Big Boom AJ|[spread] p1a,p1b
|-supereffective|p1a: Rakko
|-crit|p1a: Rakko
|-damage|p1a: Rakko|21/100
|-damage|p1b: Big Boom AJ|3/100
|-unboost|p1b: Big Boom AJ|spe|1
|
|-weather|SunnyDay|[upkeep]
|upkeep
|
|t:|1750710543
|switch|p2b: Koraidon|Koraidon, L50|100/100
|-activate|p2b: Koraidon|ability: Orichalcum Pulse
|turn|4
|
|t:|1750710554
|move|p2b: Koraidon|Protect|p2b: Koraidon
|-singleturn|p2b: Koraidon|Protect
|move|p1b: Big Boom AJ|Protect|p1b: Big Boom AJ
|-singleturn|p1b: Big Boom AJ|Protect
|move|p1a: Rakko|Sleep Powder|p2b: Koraidon
|-activate|p2b: Koraidon|move: Protect
|move|p2a: Tornadus|Bleakwind Storm|p1a: Rakko|[spread] p1a
|-activate|p1b: Big Boom AJ|move: Protect
|-supereffective|p1a: Rakko
|-damage|p1a: Rakko|0 fnt
|faint|p1a: Rakko
|
|-weather|SunnyDay|[upkeep]
|-sideend|p2: paulymcel|move: Tailwind
|upkeep
|
|t:|1750710565
|switch|p1a: Big Justice|Incineroar, L50, M|100/100
|-ability|p1a: Big Justice|Intimidate|boost
|-unboost|p2a: Tornadus|atk|1
|-unboost|p2b: Koraidon|atk|1
|turn|5
|
|t:|1750710582
|move|p1a: Big Justice|Fake Out|p2b: Koraidon
|-damage|p2b: Koraidon|93/100
|move|p2a: Tornadus|Tailwind|p2a: Tornadus
|-sidestart|p2: paulymcel|move: Tailwind
|cant|p2b: Koraidon|flinch
|move|p1b: Big Boom AJ|Close Combat|p2b: Koraidon
|-damage|p2b: Koraidon|23/100
|-unboost|p1b: Big Boom AJ|def|1
|-unboost|p1b: Big Boom AJ|spd|1
|
|-weather|none
|-sideend|p1: funnylion|move: Tailwind
|upkeep
|turn|6
|inactive|funnylion has 30 seconds left.
|
|t:|1750710613
|move|p1b: Big Boom AJ|Protect|p1b: Big Boom AJ
|-singleturn|p1b: Big Boom AJ|Protect
|move|p2a: Tornadus|Knock Off|p1a: Big Justice
|-resisted|p1a: Big Justice
|-damage|p1a: Big Justice|96/100
|-enditem|p1a: Big Justice|Safety Goggles|[from] move: Knock Off|[of] p2a: Tornadus
|move|p2b: Koraidon|Close Combat|p1b: Big Boom AJ
|-activate|p1b: Big Boom AJ|move: Protect
|move|p1a: Big Justice|Flare Blitz|p2b: Koraidon
|-resisted|p2b: Koraidon
|-crit|p2b: Koraidon
|-damage|p2b: Koraidon|0 fnt
|faint|p2b: Koraidon
|-damage|p1a: Big Justice|88/100|[from] Recoil
|
|upkeep
|turn|7
|
|t:|1750710631
|move|p2a: Tornadus|Bleakwind Storm|p1a: Big Justice|[spread] p1a,p1b
|-damage|p1a: Big Justice|61/100
|-damage|p1b: Big Boom AJ|0 fnt
|faint|p1b: Big Boom AJ
|move|p1a: Big Justice|Knock Off|p2a: Tornadus
|-damage|p2a: Tornadus|53/100
|-enditem|p2a: Tornadus|Focus Sash|[from] move: Knock Off|[of] p1a: Big Justice
|
|upkeep
|
|t:|1750710638
|switch|p1b: Hanover|Ursaluna, L50, M, shiny|100/100
|turn|8
|
|t:|1750710646
|move|p2a: Tornadus|Bleakwind Storm|p1b: Hanover|[spread] p1a
|-miss|p2a: Tornadus|p1b: Hanover
|-damage|p1a: Big Justice|31/100
|move|p1a: Big Justice|Knock Off|p2a: Tornadus
|-damage|p2a: Tornadus|20/100
|move|p1b: Hanover|Facade|p2a: Tornadus
|-crit|p2a: Tornadus
|-damage|p2a: Tornadus|0 fnt
|faint|p2a: Tornadus
|
|win|funnylion
|raw|funnylion's rating: 1171 &rarr; <strong>1189</strong><br />(+18 for winning)
|raw|paulymcel's rating: 1072 &rarr; <strong>1057</strong><br />(-15 for losing)
|c|☆funnylion|gg
