|j|‽Frostypkmn
|j|☆klkir
|t:|1750774957
|gametype|doubles
|player|p1|Frostypkmn|clown|1160
|player|p2|klkir|unknown|1154
|teamsize|p1|6
|teamsize|p2|6
|gen|9
|tier|[Gen 9] VGC 2025 Reg I
|rated|
|rule|Species Clause: Limit one of each Pokémon
|rule|Item Clause: Limit 1 of each item
|clearpoke
|poke|p1|Lunala, L50|
|poke|p1|Ursaluna, L50, F|
|poke|p1|Urshifu-*, L50, M|
|poke|p1|Miraidon, L50|
|poke|p1|Grimmsnarl, L50, M|
|poke|p1|Incineroar, L50, M|
|poke|p2|Calyrex-Shadow, L50|
|poke|p2|Terapagos, L50, M|
|poke|p2|Incineroar, L50, M|
|poke|p2|Ogerpon-Cornerstone, L50, F|
|poke|p2|Rillaboom, L50, F|
|poke|p2|Amoonguss, L50, M|
|teampreview|4
|inactive|Battle timer is ON: inactive players will automatically lose when time's up. (requested by klkir)
Frostypkmn has agreed to open team sheets.
|
|t:|1750774985
|start
|switch|p1a: Miraidon|Miraidon, L50|100/100
|switch|p1b: Incineroar|Incineroar, L50, M|100/100
|switch|p2a: Amoonguss|Amoonguss, L50, M|100/100
|switch|p2b: Calyrex|Calyrex-Shadow, L50|100/100
|-ability|p2b: Calyrex|As One
|-ability|p2b: Calyrex|Unnerve
|-fieldstart|move: Electric Terrain|[from] ability: Hadron Engine|[of] p1a: Miraidon
|-ability|p1b: Incineroar|Intimidate|boost
|-unboost|p2a: Amoonguss|atk|1
|-unboost|p2b: Calyrex|atk|1
|turn|1
|inactive|Frostypkmn has 30 seconds left.
|inactive|Frostypkmn has 20 seconds left.
|inactive|Frostypkmn has 15 seconds left.
|inactive|Frostypkmn has 10 seconds left.
|inactive|Frostypkmn has 5 seconds left.
|
|t:|1750775039
|switch|p1a: Lunala|Lunala, L50|100/100
|-enditem|p1a: Lunala|Electric Seed
|-boost|p1a: Lunala|def|1|[from] item: Electric Seed
|-terastallize|p1b: Incineroar|Bug
|move|p2b: Calyrex|Protect|p2b: Calyrex
|-singleturn|p2b: Calyrex|Protect
|move|p2a: Amoonguss|Protect|p2a: Amoonguss
|-singleturn|p2a: Amoonguss|Protect
|move|p1b: Incineroar|Knock Off|p2b: Calyrex
|-activate|p2b: Calyrex|move: Protect
|
|upkeep
|turn|2
|inactive|Frostypkmn has 30 seconds left.
|inactive|klkir has 30 seconds left.
|inactive|Frostypkmn has 20 seconds left.
|inactive|klkir has 20 seconds left.
|inactive|klkir has 15 seconds left.
|inactive|klkir has 10 seconds left.
|inactive|klkir has 5 seconds left.
|
|t:|1750775092
|move|p2b: Calyrex|Disable|p1b: Incineroar
|-start|p1b: Incineroar|Disable|Knock Off
|cant|p1b: Incineroar|Disable|Knock Off
|move|p2a: Amoonguss|Spore|p1b: Incineroar
|-activate|p1b: Incineroar|move: Electric Terrain
|move|p1a: Lunala|Trick Room|p1a: Lunala
|-fieldstart|move: Trick Room|[of] p1a: Lunala
|
|upkeep
|turn|3
|inactive|Frostypkmn has 30 seconds left.
|
|t:|1750775122
|move|p2a: Amoonguss|Spore|p1a: Lunala
|-activate|p1a: Lunala|move: Electric Terrain
|move|p1b: Incineroar|Will-O-Wisp|p2a: Amoonguss
|-status|p2a: Amoonguss|brn
|move|p1a: Lunala|Moongeist Beam|p2b: Calyrex
|-supereffective|p2b: Calyrex
|-enditem|p2b: Calyrex|Focus Sash
|-damage|p2b: Calyrex|1/100
|move|p2b: Calyrex|Astral Barrage|p1b: Incineroar|[spread] p1a,p1b
|-supereffective|p1a: Lunala
|-damage|p1a: Lunala|22/100
|-damage|p1b: Incineroar|49/100
|
|-damage|p2a: Amoonguss|95/100 brn|[from] brn
|upkeep
|turn|4
|inactive|Frostypkmn has 30 seconds left.
|inactive|klkir has 30 seconds left.
|inactive|Frostypkmn has 20 seconds left.
|inactive|Frostypkmn has 15 seconds left.
|inactive|Frostypkmn has 10 seconds left.
|
|t:|1750775169
|move|p2a: Amoonguss|Protect|p2a: Amoonguss
|-singleturn|p2a: Amoonguss|Protect
|move|p1b: Incineroar|Parting Shot|p2b: Calyrex
|-unboost|p2b: Calyrex|atk|1
|-unboost|p2b: Calyrex|spa|1
|
|t:|1750775179
|switch|p1b: Urshifu|Urshifu-Rapid-Strike, L50, M|100/100|[from] Parting Shot
|move|p1a: Lunala|Moongeist Beam|p2a: Amoonguss
|-activate|p2a: Amoonguss|move: Protect
|move|p2b: Calyrex|Astral Barrage|p1a: Lunala|[spread] p1a,p1b
|-supereffective|p1a: Lunala
|-damage|p1a: Lunala|0 fnt
|-damage|p1b: Urshifu|50/100
|faint|p1a: Lunala
|-ability|p2b: Calyrex|Grim Neigh|boost
|-boost|p2b: Calyrex|spa|1
|
|-damage|p2a: Amoonguss|89/100 brn|[from] brn
|upkeep
|
|t:|1750775196
|switch|p1a: Incineroar|Incineroar, L50, M, tera:Bug|49/100
|-ability|p1a: Incineroar|Intimidate|boost
|-unboost|p2a: Amoonguss|atk|1
|-unboost|p2b: Calyrex|atk|1
|turn|5
|
|t:|1750775209
|move|p2b: Calyrex|Protect|p2b: Calyrex
|-singleturn|p2b: Calyrex|Protect
|move|p1a: Incineroar|Fake Out|p2a: Amoonguss
|-damage|p2a: Amoonguss|79/100 brn
|-damage|p1a: Incineroar|32/100|[from] item: Rocky Helmet|[of] p2a: Amoonguss
|cant|p2a: Amoonguss|flinch
|move|p1b: Urshifu|Surging Strikes|p2b: Calyrex
|-crit|p2b: Calyrex
|-damage|p2b: Calyrex|0 fnt
|faint|p2b: Calyrex
|-hitcount|p2: Calyrex|1
|
|-damage|p2a: Amoonguss|74/100 brn|[from] brn
|-fieldend|move: Electric Terrain
|upkeep
|c|☆klkir|forgot about that xD
|
|t:|1750775232
|switch|p2b: Terapagos|Terapagos, L50, M|100/100
|-activate|p2b: Terapagos|ability: Tera Shift
|detailschange|p2b: Terapagos|Terapagos-Terastal, L50, M
|-heal|p2b: Terapagos|100/100|[silent]
|turn|6
|
|t:|1750775253
|switch|p1b: Miraidon|Miraidon, L50|100/100
|-fieldstart|move: Electric Terrain|[from] ability: Hadron Engine|[of] p1b: Miraidon
|move|p2a: Amoonguss|Spore|p1b: Miraidon
|-activate|p1b: Miraidon|move: Electric Terrain
|move|p1a: Incineroar|Knock Off|p2b: Terapagos
|-activate|p2b: Terapagos|ability: Tera Shell
|-resisted|p2b: Terapagos
|-damage|p2b: Terapagos|85/100
|-enditem|p2b: Terapagos|Leftovers|[from] move: Knock Off|[of] p1a: Incineroar
|move|p2b: Terapagos|Calm Mind|p2b: Terapagos
|-boost|p2b: Terapagos|spa|1
|-boost|p2b: Terapagos|spd|1
|
|-damage|p2a: Amoonguss|68/100 brn|[from] brn
|-fieldend|move: Trick Room
|upkeep
|turn|7
|inactive|Frostypkmn has 30 seconds left.
|inactive|klkir has 30 seconds left.
|
|t:|1750775282
|switch|p2a: Incineroar|Incineroar, L50, M, shiny|100/100
|-ability|p2a: Incineroar|Intimidate|boost
|-unboost|p1a: Incineroar|atk|1
|-unboost|p1b: Miraidon|atk|1
|-terastallize|p2b: Terapagos|Stellar
|detailschange|p2b: Terapagos|Terapagos-Stellar, L50, M, tera:Stellar
|-heal|p2b: Terapagos|89/100|[silent]
|-ability|p2b: Terapagos|Teraform Zero
|-fieldend|move: Electric Terrain
|move|p1b: Miraidon|Draco Meteor|p2b: Terapagos
|-damage|p2b: Terapagos|58/100
|-unboost|p1b: Miraidon|spa|2
|move|p2b: Terapagos|Tera Starstorm|p1a: Incineroar|[spread] p1a,p1b
|-supereffective|p1a: Incineroar
|-damage|p1a: Incineroar|0 fnt
|-damage|p1b: Miraidon|72/100
|faint|p1a: Incineroar
|
|upkeep
|
|t:|1750775302
|switch|p1a: Urshifu|Urshifu-Rapid-Strike, L50, M|50/100
|turn|8
|
|t:|1750775322
|move|p1b: Miraidon|Electro Drift|p2b: Terapagos
|-damage|p2b: Terapagos|46/100
|move|p1a: Urshifu|Surging Strikes|p2b: Terapagos
|-crit|p2b: Terapagos
|-damage|p2b: Terapagos|26/100
|-crit|p2b: Terapagos
|-damage|p2b: Terapagos|8/100
|-crit|p2b: Terapagos
|-damage|p2b: Terapagos|0 fnt
|faint|p2b: Terapagos
|detailschange|p2: Terapagos|Terapagos, L50, M|[silent]
|-hitcount|p2: Terapagos|3
|move|p2a: Incineroar|Knock Off|p1a: Urshifu
|-resisted|p1a: Urshifu
|-damage|p1a: Urshifu|33/100
|-enditem|p1a: Urshifu|Choice Band|[from] move: Knock Off|[of] p2a: Incineroar
|
|upkeep
|
|t:|1750775335
|switch|p2b: Amoonguss|Amoonguss, L50, M|100/100 brn
|turn|9
|inactive|klkir has 30 seconds left.
|inactive|klkir has 20 seconds left.
|inactive|klkir has 15 seconds left.
|
|t:|1750775377
|move|p2b: Amoonguss|Protect|p2b: Amoonguss
|-singleturn|p2b: Amoonguss|Protect
|move|p1b: Miraidon|Electro Drift|p2a: Incineroar
|-damage|p2a: Incineroar|76/100
|move|p1a: Urshifu|Surging Strikes|p2a: Incineroar
|-supereffective|p2a: Incineroar
|-crit|p2a: Incineroar
|-damage|p2a: Incineroar|43/100
|-supereffective|p2a: Incineroar
|-crit|p2a: Incineroar
|-damage|p2a: Incineroar|12/100
|-supereffective|p2a: Incineroar
|-crit|p2a: Incineroar
|-damage|p2a: Incineroar|0 fnt
|faint|p2a: Incineroar
|-hitcount|p2: Incineroar|3
|
|-damage|p2b: Amoonguss|95/100 brn|[from] brn
|upkeep
|turn|10
|inactive|Frostypkmn has 30 seconds left.
|inactive|klkir has 30 seconds left.
|-message|klkir forfeited.
|
|win|Frostypkmn
|raw|Frostypkmn's rating: 1160 &rarr; <strong>1185</strong><br />(+25 for winning)
|raw|klkir's rating: 1154 &rarr; <strong>1129</strong><br />(-25 for losing)
|l|☆klkir
|player|p2|
