|j|☆silver750250
|j|☆Kehorie
|html|<table width="100%"><tr><td align="left">silver750250</td><td align="right">Kehorie</tr><tr><td align="left"><i class="fa fa-circle"></i> <i class="fa fa-circle-o"></i> </td><td align="right"><i class="fa fa-circle-o"></i> <i class="fa fa-circle"></i> </tr></table>
|uhtml|bestof|<h2><strong>Game 3</strong> of <a href="/game-bestof3-gen9vgc2025regi-2391340956">a best-of-3</a></h2>
|t:|1750840058
|gametype|doubles
|player|p1|silver750250|calem|
|player|p2|Kehorie|caitlin|
|teamsize|p1|6
|teamsize|p2|6
|gen|9
|tier|[Gen 9] VGC 2025 Reg I
|rated|Tournament battle
|rule|Species Clause: Limit one of each Pokémon
|rule|Item Clause: Limit 1 of each item
|raw|<div class="infobox"><details class="readmore" open><summary><strong>3 custom rules:</strong></summary> Force Open Team Sheets, !Open Team Sheets, Best of = 3</details></div>
|clearpoke
|poke|p1|Miraidon, L50|
|poke|p1|Zamazenta-*, L50|
|poke|p1|Incineroar, L50, M|
|poke|p1|Chien-Pao, L50|
|poke|p1|Talonflame, L50, M|
|poke|p1|Iron Bundle, L50|
|poke|p2|Lunala, L50|
|poke|p2|Ogerpon-Hearthflame, L50, F|
|poke|p2|Groudon, L50|
|poke|p2|Iron Valiant, L50|
|poke|p2|Flutter Mane, L50|
|poke|p2|Indeedee-F, L50, F|
|teampreview|4
|showteam|p1|Miraidon||ChoiceSpecs|HadronEngine|DazzlingGleam,DracoMeteor,ElectroDrift,VoltSwitch||||||50|,,,,,Fairy]Zamazenta-Crowned||RustedShield|DauntlessShield|BodyPress,HeavySlam,WideGuard,Protect||||||50|,,,,,Ghost]Incineroar||CovertCloak|Intimidate|FakeOut,KnockOff,PartingShot,Protect|||M|||50|,,,,,Ghost]Chien-Pao||FocusSash|SwordofRuin|SacredSword,IcicleCrash,Protect,SuckerPunch||||||50|,,,,,Stellar]Talonflame||SitrusBerry|GaleWings|FlareBlitz,UpperHand,Protect,Tailwind|||M|||50|,,,,,Grass]Iron Bundle||LifeOrb|QuarkDrive|IcyWind,Encore,HydroPump,HelpingHand||||||50|,,,,,Ghost
|showteam|p2|Lunala||PowerHerb|ShadowShield|MoongeistBeam,ExpandingForce,MeteorBeam,TrickRoom||||||50|,,,,,Water]Ogerpon-Hearthflame||HearthflameMask|MoldBreaker|IvyCudgel,WoodHammer,FollowMe,SpikyShield|||F|||50|,,,,,Fire]Groudon||AssaultVest|Drought|PrecipiceBlades,HighHorsepower,HeatCrash,Crunch||||||50|,,,,,Fire]Iron Valiant||BoosterEnergy|QuarkDrive|SpiritBreak,WideGuard,Coaching,Encore||||||50|,,,,,Ghost]Flutter Mane||ChoiceSpecs|Protosynthesis|Moonblast,DazzlingGleam,ShadowBall,IcyWind||||||50|,,,,,Fairy]Indeedee-F||RockyHelmet|PsychicSurge|AlluringVoice,FollowMe,HelpingHand,TrickRoom|||F|||50|,,,,,Fairy
|
|t:|1750840097
|start
|switch|p1a: Miraidon|Miraidon, L50|100/100
|switch|p1b: Chien-Pao|Chien-Pao, L50|100/100
|switch|p2a: Zalera|Flutter Mane, L50, shiny|100/100
|switch|p2b: Gilgamesh|Ogerpon-Hearthflame, L50, F|100/100
|-ability|p1b: Chien-Pao|Sword of Ruin
|-fieldstart|move: Electric Terrain|[from] ability: Hadron Engine|[of] p1a: Miraidon
|-ability|p2b: Gilgamesh|Mold Breaker
|turn|1
|
|t:|1750840114
|-terastallize|p2a: Zalera|Fairy
|move|p2b: Gilgamesh|Follow Me|p2b: Gilgamesh
|-singleturn|p2b: Gilgamesh|move: Follow Me
|move|p1b: Chien-Pao|Sucker Punch||[still]
|-fail|p1b: Chien-Pao
|move|p2a: Zalera|Dazzling Gleam|p1b: Chien-Pao|[spread] p1a,p1b
|-supereffective|p1a: Miraidon
|-supereffective|p1b: Chien-Pao
|-damage|p1a: Miraidon|0 fnt
|-enditem|p1b: Chien-Pao|Focus Sash
|-damage|p1b: Chien-Pao|1/100
|faint|p1a: Miraidon
|
|upkeep
|
|t:|1750840122
|switch|p1a: Talonflame|Talonflame, L50, M|100/100
|turn|2
|
|t:|1750840133
|switch|p2b: Ifrit|Groudon, L50, shiny|100/100
|-weather|SunnyDay|[from] ability: Drought|[of] p2b: Ifrit
|-activate|p2a: Zalera|ability: Protosynthesis
|-start|p2a: Zalera|protosynthesisspe
|move|p1a: Talonflame|Tailwind|p1a: Talonflame
|-sidestart|p1: silver750250|move: Tailwind
|move|p1b: Chien-Pao|Icicle Crash|p2a: Zalera
|-damage|p2a: Zalera|0 fnt
|faint|p2a: Zalera
|-end|p2a: Zalera|Protosynthesis|[silent]
|
|-weather|SunnyDay|[upkeep]
|upkeep
|
|t:|1750840154
|switch|p2a: Zelenia|Iron Valiant, L50|100/100
|-activate|p2a: Zelenia|ability: Quark Drive
|-start|p2a: Zelenia|quarkdrivespe
|turn|3
|
|t:|1750840165
|move|p1b: Chien-Pao|Icicle Crash|p2b: Ifrit
|-supereffective|p2b: Ifrit
|-damage|p2b: Ifrit|25/100
|move|p1a: Talonflame|Flare Blitz|p2a: Zelenia
|-damage|p2a: Zelenia|32/100
|-damage|p1a: Talonflame|76/100|[from] Recoil
|move|p2a: Zelenia|Spirit Break|p1b: Chien-Pao
|-supereffective|p1b: Chien-Pao
|-crit|p1b: Chien-Pao
|-damage|p1b: Chien-Pao|0 fnt
|faint|p1b: Chien-Pao
|move|p2b: Ifrit|Heat Crash|p1a: Talonflame
|-resisted|p1a: Talonflame
|-damage|p1a: Talonflame|27/100
|-enditem|p1a: Talonflame|Sitrus Berry|[eat]
|-heal|p1a: Talonflame|51/100|[from] item: Sitrus Berry
|
|-weather|SunnyDay|[upkeep]
|upkeep
|
|t:|1750840173
|switch|p1b: Iron Bundle|Iron Bundle, L50|100/100
|-activate|p1b: Iron Bundle|ability: Quark Drive
|-start|p1b: Iron Bundle|quarkdrivespe
|turn|4
|
|t:|1750840193
|move|p2a: Zelenia|Wide Guard|p2a: Zelenia
|-singleturn|p2a: Zelenia|Wide Guard
|move|p1b: Iron Bundle|Icy Wind|p2b: Ifrit|[spread] 
|-activate|p2a: Zelenia|move: Wide Guard
|-activate|p2b: Ifrit|move: Wide Guard
|move|p1a: Talonflame|Flare Blitz|p2a: Zelenia
|-damage|p2a: Zelenia|0 fnt
|faint|p2a: Zelenia
|-end|p2a: Zelenia|Quark Drive|[silent]
|-damage|p1a: Talonflame|40/100|[from] Recoil
|move|p2b: Ifrit|Heat Crash|p1b: Iron Bundle
|-damage|p1b: Iron Bundle|32/100
|
|-weather|SunnyDay|[upkeep]
|upkeep
|
|t:|1750840204
|switch|p2a: Gilgamesh|Ogerpon-Hearthflame, L50, F|100/100
|-ability|p2a: Gilgamesh|Mold Breaker
|turn|5
|
|t:|1750840228
|move|p1b: Iron Bundle|Icy Wind|p2a: Gilgamesh|[spread] p2a,p2b
|-supereffective|p2b: Ifrit
|-damage|p2a: Gilgamesh|75/100
|-damage|p2b: Ifrit|0 fnt
|-unboost|p2a: Gilgamesh|spe|1
|faint|p2b: Ifrit
|-damage|p1b: Iron Bundle|22/100|[from] item: Life Orb
|move|p1a: Talonflame|Flare Blitz|p2a: Gilgamesh
|-damage|p2a: Gilgamesh|9/100
|-damage|p1a: Talonflame|19/100|[from] Recoil
|move|p2a: Gilgamesh|Ivy Cudgel|p1b: Iron Bundle|[anim] Ivy Cudgel Fire
|-crit|p1b: Iron Bundle
|-damage|p1b: Iron Bundle|0 fnt
|faint|p1b: Iron Bundle
|-end|p1b: Iron Bundle|Quark Drive|[silent]
|
|-weather|SunnyDay|[upkeep]
|-sideend|p1: silver750250|move: Tailwind
|-fieldend|move: Electric Terrain
|upkeep
|turn|6
|
|t:|1750840234
|move|p2a: Gilgamesh|Spiky Shield|p2a: Gilgamesh
|-singleturn|p2a: Gilgamesh|move: Protect
|move|p1a: Talonflame|Flare Blitz|p2a: Gilgamesh
|-activate|p2a: Gilgamesh|move: Protect
|-damage|p1a: Talonflame|7/100|[from] Spiky Shield|[of] p2a: Gilgamesh
|
|-weather|none
|upkeep
|turn|7
|
|t:|1750840241
|move|p2a: Gilgamesh|Spiky Shield||[still]
|-fail|p2a: Gilgamesh
|move|p1a: Talonflame|Flare Blitz|p2a: Gilgamesh
|-damage|p2a: Gilgamesh|0 fnt
|faint|p2a: Gilgamesh
|-damage|p1a: Talonflame|4/100|[from] Recoil
|
|win|silver750250
|c|☆silver750250|ggwp
