|j|☆MengMengZi
|j|☆wuhanyiluanma
|t:|1750742568
|gametype|doubles
|player|p1|MengMengZi|n|1299
|player|p2|wuhanyiluanma|169|1374
|teamsize|p1|6
|teamsize|p2|6
|gen|9
|tier|[Gen 9] VGC 2025 Reg I
|rated|
|rule|Species Clause: Limit one of each Pokémon
|rule|Item Clause: Limit 1 of each item
|clearpoke
|poke|p1|Ho-Oh, L50|
|poke|p1|Koraidon, L50|
|poke|p1|Flutter Mane, L50|
|poke|p1|Brute Bonnet, L50|
|poke|p1|Walking Wake, L50|
|poke|p1|Urshifu-*, L50, F|
|poke|p2|Okidogi, L50, M|
|poke|p2|Palkia, L50|
|poke|p2|Lanturn, L50, M|
|poke|p2|Miraidon, L50|
|poke|p2|Grimmsnarl, L50, M|
|poke|p2|Oranguru, L50, M|
|teampreview|4
|
|t:|1750742630
|start
|switch|p1a: Koraidon|Koraidon, L50|100/100
|switch|p1b: Flutter Mane|Flutter Mane, L50|100/100
|switch|p2a: Grimmsnarl|Grimmsnarl, L50, M|100/100
|switch|p2b: Palkia|Palkia, L50|100/100
|-weather|SunnyDay|[from] ability: Orichalcum Pulse|[of] p1a: Koraidon
|-activate|p1b: Flutter Mane|ability: Protosynthesis
|-start|p1b: Flutter Mane|protosynthesisspe
|-activate|p1a: Koraidon|Orichalcum Pulse|[source]
|turn|1
|
|t:|1750742669
|move|p2a: Grimmsnarl|Reflect|p2a: Grimmsnarl
|-sidestart|p2: wuhanyiluanma|Reflect
|move|p1b: Flutter Mane|Moonblast|p2b: Palkia
|-supereffective|p2b: Palkia
|-damage|p2b: Palkia|21/100
|move|p1a: Koraidon|Collision Course|p2b: Palkia
|-damage|p2b: Palkia|0 fnt
|faint|p2b: Palkia
|
|-weather|SunnyDay|[upkeep]
|upkeep
|
|t:|1750742686
|switch|p2b: Miraidon|Miraidon, L50|100/100
|-fieldstart|move: Electric Terrain|[from] ability: Hadron Engine|[of] p2b: Miraidon
|turn|2
|
|t:|1750742719
|-terastallize|p1a: Koraidon|Fire
|-terastallize|p2b: Miraidon|Fairy
|move|p2a: Grimmsnarl|Light Screen|p2a: Grimmsnarl
|-sidestart|p2: wuhanyiluanma|move: Light Screen
|move|p1b: Flutter Mane|Moonblast|p2a: Grimmsnarl
|-supereffective|p2a: Grimmsnarl
|-damage|p2a: Grimmsnarl|39/100
|move|p1a: Koraidon|Flare Blitz|p2a: Grimmsnarl
|-damage|p2a: Grimmsnarl|0 fnt
|faint|p2a: Grimmsnarl
|-damage|p1a: Koraidon|86/100|[from] Recoil
|move|p2b: Miraidon|Calm Mind|p2b: Miraidon
|-boost|p2b: Miraidon|spa|1
|-boost|p2b: Miraidon|spd|1
|
|-weather|SunnyDay|[upkeep]
|upkeep
|
|t:|1750742737
|switch|p2a: Lanturn|Lanturn, L50, M|100/100
|turn|3
|
|t:|1750742756
|move|p1b: Flutter Mane|Icy Wind|p2a: Lanturn|[spread] p2a,p2b
|-resisted|p2a: Lanturn
|-damage|p2a: Lanturn|96/100
|-damage|p2b: Miraidon|95/100
|-unboost|p2a: Lanturn|spe|1
|move|p1a: Koraidon|Flare Blitz|p2b: Miraidon
|-damage|p2b: Miraidon|40/100
|-damage|p1a: Koraidon|64/100|[from] Recoil
|move|p2b: Miraidon|Parabolic Charge|p1a: Koraidon|[spread] p1a,p1b
|-heal|p2a: Lanturn|100/100|[from] ability: Volt Absorb|[of] p2b: Miraidon
|-damage|p1a: Koraidon|0 fnt
|-heal|p2b: Miraidon|67/100|[from] drain|[of] p1a: Koraidon
|-damage|p1b: Flutter Mane|40/100
|-heal|p2b: Miraidon|86/100|[from] drain|[of] p1b: Flutter Mane
|faint|p1a: Koraidon
|move|p2a: Lanturn|Eerie Impulse|p1b: Flutter Mane
|-unboost|p1b: Flutter Mane|spa|2
|
|-weather|SunnyDay|[upkeep]
|upkeep
|
|t:|1750742771
|switch|p1a: Walking Wake|Walking Wake, L50|100/100
|-activate|p1a: Walking Wake|ability: Protosynthesis
|-start|p1a: Walking Wake|protosynthesisspe
|turn|4
|
|t:|1750742785
|move|p1b: Flutter Mane|Moonblast|p2b: Miraidon
|-damage|p2b: Miraidon|77/100
|move|p1a: Walking Wake|Hydro Steam|p2b: Miraidon
|-damage|p2b: Miraidon|58/100
|move|p2b: Miraidon|Parabolic Charge|p1a: Walking Wake|[spread] p1a,p1b
|-immune|p2a: Lanturn|[from] ability: Volt Absorb
|-damage|p1a: Walking Wake|54/100
|-heal|p2b: Miraidon|78/100|[from] drain|[of] p1a: Walking Wake
|-damage|p1b: Flutter Mane|0 fnt
|-heal|p2b: Miraidon|90/100|[from] drain|[of] p1b: Flutter Mane
|faint|p1b: Flutter Mane
|-end|p1b: Flutter Mane|Protosynthesis|[silent]
|move|p2a: Lanturn|Eerie Impulse|p1a: Walking Wake
|-unboost|p1a: Walking Wake|spa|2
|
|-weather|SunnyDay|[upkeep]
|upkeep
|
|t:|1750742792
|switch|p1b: Ho-Oh|Ho-Oh, L50|100/100
|turn|5
|-message|MengMengZi forfeited.
|
|win|wuhanyiluanma
|raw|MengMengZi's rating: 1299 &rarr; <strong>1279</strong><br />(-20 for losing)
|raw|wuhanyiluanma's rating: 1374 &rarr; <strong>1390</strong><br />(+16 for winning)
|l|☆MengMengZi
|player|p1|
|l|☆wuhanyiluanma
|player|p2|
