|j|☆Lio_Lyre
|j|☆dtv2001
|t:|1750830331
|gametype|doubles
|player|p1|Lio_Lyre|rood|1107
|player|p2|dtv2001|266|1075
|teamsize|p1|6
|teamsize|p2|6
|gen|9
|tier|[Gen 9] VGC 2025 Reg I
|rated|
|rule|Species Clause: Limit one of each Pokémon
|rule|Item Clause: Limit 1 of each item
|clearpoke
|poke|p1|Koraidon, L50|
|poke|p1|Whimsicott, L50, F|
|poke|p1|Incineroar, L50, F|
|poke|p1|Kyogre, L50|
|poke|p1|Walking Wake, L50|
|poke|p1|Amoonguss, L50, M|
|poke|p2|Kyogre, L50|
|poke|p2|Suicune, L50|
|poke|p2|Bruxish, L50, F|
|poke|p2|Araquanid, L50, F|
|poke|p2|Urshifu-*, L50, M|
|poke|p2|Ogerpon-Wellspring, L50, F|
|teampreview|4
|inactive|Battle timer is ON: inactive players will automatically lose when time's up. (requested by Lio_Lyre)
|inactive|Lio_Lyre has 60 seconds left.
|inactive|dtv2001 has 60 seconds left.
|
|t:|1750830376
|start
|switch|p1a: Whimsicott|Whimsicott, L50, F|100/100
|switch|p1b: Amoonguss|Amoonguss, L50, M|100/100
|switch|p2a: Suicune|Suicune, L50|100/100
|switch|p2b: Bruxish|Bruxish, L50, F|100/100
|turn|1
|inactive|Lio_Lyre has 30 seconds left.
|inactive|Lio_Lyre has 20 seconds left.
|inactive|Lio_Lyre has 15 seconds left.
|
|t:|1750830421
|move|p1a: Whimsicott|Light Screen|p1a: Whimsicott
|-sidestart|p1: Lio_Lyre|move: Light Screen
|move|p2b: Bruxish|Super Fang|p1b: Amoonguss
|-damage|p1b: Amoonguss|51/100
|move|p2a: Suicune|Tailwind|p2a: Suicune
|-sidestart|p2: dtv2001|move: Tailwind
|move|p1b: Amoonguss|Spore|p2a: Suicune
|-status|p2a: Suicune|slp|[from] move: Spore
|
|upkeep
|turn|2
|inactive|Lio_Lyre has 30 seconds left.
|
|t:|1750830446
|switch|p2a: Kyogre|Kyogre, L50|100/100
|-weather|RainDance|[from] ability: Drizzle|[of] p2a: Kyogre
|move|p1a: Whimsicott|Tailwind|p1a: Whimsicott
|-sidestart|p1: Lio_Lyre|move: Tailwind
|move|p2b: Bruxish|Disable|p1b: Amoonguss
|-start|p1b: Amoonguss|Disable|Spore
|move|p1b: Amoonguss|Sludge Bomb|p2b: Bruxish
|-damage|p2b: Bruxish|55/100
|
|-weather|RainDance|[upkeep]
|upkeep
|turn|3
|
|t:|1750830468
|switch|p1b: Walking Wake|Walking Wake, L50|100/100
|-enditem|p1b: Walking Wake|Booster Energy
|-activate|p1b: Walking Wake|ability: Protosynthesis|[fromitem]
|-start|p1b: Walking Wake|protosynthesisspa
|move|p2b: Bruxish|Super Fang|p1a: Whimsicott
|-damage|p1a: Whimsicott|51/100
|move|p2a: Kyogre|Water Spout|p1b: Walking Wake|[spread] p1a,p1b
|-resisted|p1a: Whimsicott
|-resisted|p1b: Walking Wake
|-damage|p1a: Whimsicott|13/100
|-damage|p1b: Walking Wake|78/100
|move|p1a: Whimsicott|Solar Beam||[still]
|-prepare|p1a: Whimsicott|Solar Beam
|
|-weather|RainDance|[upkeep]
|upkeep
|turn|4
|inactive|Lio_Lyre has 30 seconds left.
|inactive|dtv2001 has 30 seconds left.
|
|t:|1750830494
|move|p1b: Walking Wake|Dragon Pulse|p2b: Bruxish
|-damage|p2b: Bruxish|0 fnt
|faint|p2b: Bruxish
|move|p2a: Kyogre|Water Spout|p1b: Walking Wake|[spread] p1a,p1b
|-resisted|p1a: Whimsicott
|-resisted|p1b: Walking Wake
|-damage|p1a: Whimsicott|0 fnt
|-damage|p1b: Walking Wake|54/100
|faint|p1a: Whimsicott
|
|-weather|RainDance|[upkeep]
|-sideend|p2: dtv2001|move: Tailwind
|upkeep
|
|t:|1750830506
|switch|p2b: Suicune|Suicune, L50|100/100 slp
|switch|p1a: Amoonguss|Amoonguss, L50, M|51/100
|turn|5
|
|t:|1750830520
|move|p1b: Walking Wake|Dragon Pulse|p2a: Kyogre
|-damage|p2a: Kyogre|56/100
|move|p2a: Kyogre|Ice Beam|p1a: Amoonguss
|-supereffective|p1a: Amoonguss
|-damage|p1a: Amoonguss|16/100
|-enditem|p1a: Amoonguss|Sitrus Berry|[eat]
|-heal|p1a: Amoonguss|41/100|[from] item: Sitrus Berry
|cant|p2b: Suicune|slp
|move|p1a: Amoonguss|Spore|p2a: Kyogre
|-status|p2a: Kyogre|slp|[from] move: Spore
|
|-weather|RainDance|[upkeep]
|-sideend|p1: Lio_Lyre|move: Tailwind
|upkeep
|turn|6
|
|t:|1750830544
|move|p1b: Walking Wake|Dragon Pulse|p2a: Kyogre
|-damage|p2a: Kyogre|11/100 slp
|cant|p2a: Kyogre|slp
|cant|p2b: Suicune|slp
|move|p1a: Amoonguss|Spore|p2a: Kyogre
|-fail|p2a: Kyogre|slp
|
|-weather|none
|upkeep
|turn|7
|l|☆dtv2001
|inactive|dtv2001 disconnected and has a minute to reconnect!
|player|p2|
|inactive|dtv2001 has 30 seconds left.
|inactive|dtv2001 has 20 seconds left.
|inactive|dtv2001 has 15 seconds left.
|inactive|dtv2001 has 10 seconds left.
|inactive|dtv2001 has 5 seconds left.
|-message|dtv2001 lost due to inactivity.
|
|win|Lio_Lyre
|raw|Lio_Lyre's rating: 1107 &rarr; <strong>1130</strong><br />(+23 for winning)
|raw|dtv2001's rating: 1075 &rarr; <strong>1056</strong><br />(-19 for losing)
|l|☆Lio_Lyre
|player|p1|
