|j|☆Mars002
|j|☆Banthejuggalo
|t:|1750716757
|gametype|doubles
|player|p1|Mars002|101|1599
|player|p2|Banthejuggalo|265|1553
|teamsize|p1|6
|teamsize|p2|6
|gen|9
|tier|[Gen 9] VGC 2025 Reg I
|rated|
|rule|Species Clause: Limit one of each Pokémon
|rule|Item Clause: Limit 1 of each item
|clearpoke
|poke|p1|Groudon, L50|
|poke|p1|Calyrex-Ice, L50|
|poke|p1|Rillaboom, L50, M|
|poke|p1|Annihilape, L50, F|
|poke|p1|Walking Wake, L50|
|poke|p1|Comfey, L50, M|
|poke|p2|Ho-Oh, L50|
|poke|p2|Suicune, L50|
|poke|p2|Ting-Lu, L50|
|poke|p2|Calyrex-Ice, L50|
|poke|p2|Rillaboom, L50, M|
|poke|p2|Grimmsnarl, L50, M|
|teampreview|4
|inactive|Battle timer is ON: inactive players will automatically lose when time's up. (requested by Mars002)
|
|t:|1750716784
|start
|switch|p1a: Annihilape|Annihilape, L50, F|100/100
|switch|p1b: Walking Wake|Walking Wake, L50|100/100
|switch|p2a: Grimmsnarl|Grimmsnarl, L50, M|100/100
|switch|p2b: Calyrex|Calyrex-Ice, L50|100/100
|-ability|p2b: Calyrex|As One
|-ability|p2b: Calyrex|Unnerve
|turn|1
|
|t:|1750716805
|move|p2b: Calyrex|Protect|p2b: Calyrex
|-singleturn|p2b: Calyrex|Protect
|move|p2a: Grimmsnarl|Light Screen|p2a: Grimmsnarl
|-sidestart|p2: Banthejuggalo|move: Light Screen
|move|p1a: Annihilape|Final Gambit|p2b: Calyrex
|-activate|p2b: Calyrex|move: Protect
|move|p1b: Walking Wake|Hydro Steam|p2a: Grimmsnarl
|-damage|p2a: Grimmsnarl|66/100
|
|upkeep
|turn|2
|inactive|Mars002 has 30 seconds left.
|
|t:|1750716835
|switch|p1a: Groudon|Groudon, L50|100/100
|-weather|SunnyDay|[from] ability: Drought|[of] p1a: Groudon
|-activate|p1b: Walking Wake|ability: Protosynthesis
|-start|p1b: Walking Wake|protosynthesisspe
|switch|p2b: Suicune|Suicune, L50|100/100
|-ability|p2b: Suicune|Pressure
|move|p1b: Walking Wake|Hydro Steam|p2a: Grimmsnarl
|-damage|p2a: Grimmsnarl|15/100
|move|p2a: Grimmsnarl|Spirit Break|p1b: Walking Wake
|-supereffective|p1b: Walking Wake
|-damage|p1b: Walking Wake|36/100
|-unboost|p1b: Walking Wake|spa|1
|
|-weather|SunnyDay|[upkeep]
|upkeep
|turn|3
|
|t:|1750716856
|-end|p1b: Walking Wake|Protosynthesis|[silent]
|switch|p1b: Calyrex|Calyrex-Ice, L50|100/100
|-ability|p1b: Calyrex|As One
|-ability|p1b: Calyrex|Unnerve
|move|p2a: Grimmsnarl|Reflect|p2a: Grimmsnarl
|-sidestart|p2: Banthejuggalo|Reflect
|move|p1a: Groudon|Precipice Blades|p2b: Suicune|[spread] p2a,p2b
|-damage|p2a: Grimmsnarl|0 fnt
|-damage|p2b: Suicune|74/100
|faint|p2a: Grimmsnarl
|move|p2b: Suicune|Calm Mind|p2b: Suicune
|-boost|p2b: Suicune|spa|1
|-boost|p2b: Suicune|spd|1
|
|-weather|SunnyDay|[upkeep]
|upkeep
|
|t:|1750716866
|switch|p2a: Ho-Oh|Ho-Oh, L50|100/100
|turn|4
|
|t:|1750716883
|move|p1b: Calyrex|Protect|p1b: Calyrex
|-singleturn|p1b: Calyrex|Protect
|move|p2a: Ho-Oh|Sacred Fire|p1b: Calyrex
|-activate|p1b: Calyrex|move: Protect
|move|p1a: Groudon|Rock Slide|p2a: Ho-Oh|[spread] p2a,p2b
|-supereffective|p2a: Ho-Oh
|-damage|p2a: Ho-Oh|58/100
|-damage|p2b: Suicune|63/100
|cant|p2b: Suicune|flinch
|
|-weather|SunnyDay|[upkeep]
|upkeep
|turn|5
|inactive|Mars002 has 30 seconds left.
|
|t:|1750716913
|switch|p1b: Walking Wake|Walking Wake, L50|36/100
|-activate|p1b: Walking Wake|ability: Protosynthesis
|-start|p1b: Walking Wake|protosynthesisspe
|move|p2a: Ho-Oh|Sacred Fire|p1a: Groudon
|-damage|p1a: Groudon|61/100
|move|p1a: Groudon|Rock Slide|p2b: Suicune|[spread] p2a,p2b
|-supereffective|p2a: Ho-Oh
|-damage|p2a: Ho-Oh|19/100
|-damage|p2b: Suicune|52/100
|move|p2b: Suicune|Scald|p1a: Groudon
|-supereffective|p1a: Groudon
|-damage|p1a: Groudon|38/100
|
|-weather|SunnyDay|[upkeep]
|upkeep
|turn|6
|c|☆Banthejuggalo|Damn no burn. Lucky
|inactive|Banthejuggalo has 30 seconds left.
|
|t:|1750716945
|move|p2a: Ho-Oh|Protect|p2a: Ho-Oh
|-singleturn|p2a: Ho-Oh|Protect
|move|p1b: Walking Wake|Dragon Pulse|p2a: Ho-Oh
|-activate|p2a: Ho-Oh|move: Protect
|move|p1a: Groudon|Precipice Blades|p2b: Suicune|[spread] p2b
|-activate|p2a: Ho-Oh|move: Protect
|-damage|p2b: Suicune|25/100
|-enditem|p2b: Suicune|Sitrus Berry|[eat]
|-heal|p2b: Suicune|49/100|[from] item: Sitrus Berry
|move|p2b: Suicune|Scald|p1a: Groudon
|-supereffective|p1a: Groudon
|-damage|p1a: Groudon|16/100
|
|-weather|none
|-end|p1b: Walking Wake|Protosynthesis
|upkeep
|turn|7
|inactive|Mars002 has 30 seconds left.
|
|t:|1750716979
|switch|p2a: Calyrex|Calyrex-Ice, L50|100/100
|-ability|p2a: Calyrex|As One
|-ability|p2a: Calyrex|Unnerve
|switch|p1a: Calyrex|Calyrex-Ice, L50|100/100
|-ability|p1a: Calyrex|As One
|-ability|p1a: Calyrex|Unnerve
|move|p1b: Walking Wake|Dragon Pulse|p2b: Suicune
|-damage|p2b: Suicune|30/100
|move|p2b: Suicune|Scald|p1a: Calyrex
|-damage|p1a: Calyrex|71/100
|
|upkeep
|turn|8
|inactive|Mars002 has 30 seconds left.
|inactive|Banthejuggalo has 30 seconds left.
|
|t:|1750717005
|-end|p1b: Walking Wake|Protosynthesis|[silent]
|switch|p1b: Groudon|Groudon, L50|16/100
|-weather|SunnyDay|[from] ability: Drought|[of] p1b: Groudon
|move|p2b: Suicune|Scald|p1a: Calyrex
|-damage|p1a: Calyrex|55/100
|move|p2a: Calyrex|Leech Seed|p1a: Calyrex
|-start|p1a: Calyrex|move: Leech Seed
|move|p1a: Calyrex|Seed Bomb|p2b: Suicune
|-supereffective|p2b: Suicune
|-damage|p2b: Suicune|0 fnt
|faint|p2b: Suicune
|-ability|p1a: Calyrex|Chilling Neigh|boost
|-boost|p1a: Calyrex|atk|1
|
|-weather|SunnyDay|[upkeep]
|-damage|p1a: Calyrex|43/100|[from] Leech Seed|[of] p2a: Calyrex
|-sideend|p2: Banthejuggalo|move: Light Screen
|upkeep
|
|t:|1750717016
|switch|p2b: Ho-Oh|Ho-Oh, L50|52/100
|turn|9
|
|t:|1750717034
|switch|p1b: Walking Wake|Walking Wake, L50|36/100
|-activate|p1b: Walking Wake|ability: Protosynthesis
|-start|p1b: Walking Wake|protosynthesisspe
|move|p2b: Ho-Oh|Sacred Fire|p1b: Walking Wake
|-resisted|p1b: Walking Wake
|-damage|p1b: Walking Wake|17/100
|-status|p1b: Walking Wake|brn
|move|p1a: Calyrex|Glacial Lance|p2b: Ho-Oh|[spread] p2a,p2b
|-resisted|p2a: Calyrex
|-damage|p2a: Calyrex|84/100
|-damage|p2b: Ho-Oh|13/100
|move|p2a: Calyrex|Glacial Lance|p1b: Walking Wake|[spread] p1a,p1b
|-resisted|p1a: Calyrex
|-damage|p1a: Calyrex|30/100
|-damage|p1b: Walking Wake|0 fnt
|faint|p1b: Walking Wake
|-end|p1b: Walking Wake|Protosynthesis|[silent]
|-ability|p2a: Calyrex|Chilling Neigh|boost
|-boost|p2a: Calyrex|atk|1
|
|-weather|SunnyDay|[upkeep]
|-heal|p2a: Calyrex|90/100|[from] item: Leftovers
|-damage|p1a: Calyrex|18/100|[from] Leech Seed|[of] p2a: Calyrex
|-heal|p2a: Calyrex|100/100|[silent]
|upkeep
|inactive|Mars002 has 30 seconds left.
|
|t:|1750717062
|switch|p1b: Groudon|Groudon, L50|16/100
|turn|10
|
|t:|1750717083
|-terastallize|p1b: Groudon|Water
|move|p2b: Ho-Oh|Sacred Fire|p1b: Groudon
|-resisted|p1b: Groudon
|-damage|p1b: Groudon|0 fnt
|faint|p1b: Groudon
|move|p1a: Calyrex|Glacial Lance|p2b: Ho-Oh|[spread] p2a,p2b
|-resisted|p2a: Calyrex
|-damage|p2a: Calyrex|85/100
|-damage|p2b: Ho-Oh|0 fnt
|faint|p2b: Ho-Oh
|-ability|p1a: Calyrex|Chilling Neigh|boost
|-boost|p1a: Calyrex|atk|1
|move|p2a: Calyrex|Trick Room|p2a: Calyrex
|-fieldstart|move: Trick Room|[of] p2a: Calyrex
|
|-weather|SunnyDay|[upkeep]
|-heal|p2a: Calyrex|90/100|[from] item: Leftovers
|-damage|p1a: Calyrex|6/100|[from] Leech Seed|[of] p2a: Calyrex
|-heal|p2a: Calyrex|100/100|[silent]
|-sideend|p2: Banthejuggalo|Reflect
|upkeep
|
|t:|1750717101
|switch|p1b: Annihilape|Annihilape, L50, F|100/100
|turn|11
|-message|Mars002 forfeited.
|
|win|Banthejuggalo
|raw|Mars002's rating: 1599 &rarr; <strong>1576</strong><br />(-23 for losing)
|raw|Banthejuggalo's rating: 1553 &rarr; <strong>1576</strong><br />(+23 for winning)
|l|☆Mars002
|player|p1|
|l|☆Banthejuggalo
|player|p2|
