|j|☆raykit123
|j|☆trick room4
|t:|1750766945
|gametype|doubles
|player|p1|raykit123|hilbert|1480
|player|p2|trick room4|170|1406
|teamsize|p1|6
|teamsize|p2|6
|gen|9
|tier|[Gen 9] VGC 2025 Reg I
|rated|
|rule|Species Clause: Limit one of each Pokémon
|rule|Item Clause: Limit 1 of each item
|clearpoke
|poke|p1|Rayquaza, L50|
|poke|p1|Calyrex-Shadow, L50|
|poke|p1|Incineroar, L50, M|
|poke|p1|Chien-Pao, L50|
|poke|p1|Amoonguss, L50, M|
|poke|p1|Weezing, L50, M|
|poke|p2|Calyrex-Ice, L50|
|poke|p2|Miraidon, L50|
|poke|p2|Volcarona, L50, M|
|poke|p2|Grimmsnarl, L50, M|
|poke|p2|Iron Hands, L50|
|poke|p2|Urshifu-*, L50, F|
|teampreview|4
|inactive|Battle timer is ON: inactive players will automatically lose when time's up. (requested by trick room4)
|
|t:|1750766959
|start
|switch|p1a: Rayquaza|Rayquaza, L50, shiny|100/100
|switch|p1b: Incineroar|Incineroar, L50, M, shiny|100/100
|switch|p2a: Calyrex|Calyrex-Ice, L50|100/100
|switch|p2b: Iron Hands|Iron Hands, L50|100/100
|-ability|p2a: Calyrex|As One
|-ability|p2a: Calyrex|Unnerve
|-ability|p1a: Rayquaza|Air Lock
|-ability|p1b: Incineroar|Intimidate|boost
|-fail|p2a: Calyrex|unboost|[from] item: Clear Amulet|[of] p2a: Calyrex
|-unboost|p2b: Iron Hands|atk|1
|turn|1
|
|t:|1750766974
|-terastallize|p1a: Rayquaza|Normal
|move|p2a: Calyrex|Protect|p2a: Calyrex
|-singleturn|p2a: Calyrex|Protect
|move|p1b: Incineroar|Fake Out|p2b: Iron Hands
|-damage|p2b: Iron Hands|93/100
|cant|p2b: Iron Hands|flinch
|move|p1a: Rayquaza|Swords Dance|p1a: Rayquaza
|-boost|p1a: Rayquaza|atk|2
|
|upkeep
|turn|2
|inactive|raykit123 has 30 seconds left.
|inactive|trick room4 has 30 seconds left.
|
|t:|1750767020
|move|p1a: Rayquaza|Dragon Ascent|p2a: Calyrex
|-damage|p2a: Calyrex|14/100
|-unboost|p1a: Rayquaza|def|1
|-unboost|p1a: Rayquaza|spd|1
|move|p1b: Incineroar|Knock Off|p2a: Calyrex
|-supereffective|p2a: Calyrex
|-damage|p2a: Calyrex|0 fnt
|-enditem|p2a: Calyrex|Clear Amulet|[from] move: Knock Off|[of] p1b: Incineroar
|faint|p2a: Calyrex
|move|p2b: Iron Hands|Drain Punch|p1a: Rayquaza
|-supereffective|p1a: Rayquaza
|-damage|p1a: Rayquaza|22/100
|-heal|p2b: Iron Hands|100/100|[from] drain|[of] p1a: Rayquaza
|
|upkeep
|
|t:|1750767035
|switch|p2a: Miraidon|Miraidon, L50|100/100
|-fieldstart|move: Electric Terrain|[from] ability: Hadron Engine|[of] p2a: Miraidon
|-activate|p2b: Iron Hands|ability: Quark Drive
|-start|p2b: Iron Hands|quarkdriveatk
|turn|3
|
|t:|1750767041
|switch|p1b: Chien-Pao|Chien-Pao, L50|100/100
|-ability|p1b: Chien-Pao|Sword of Ruin
|move|p2a: Miraidon|Protect|p2a: Miraidon
|-singleturn|p2a: Miraidon|Protect
|move|p1a: Rayquaza|Extreme Speed|p2a: Miraidon
|-activate|p2a: Miraidon|move: Protect
|move|p2b: Iron Hands|Drain Punch|p1a: Rayquaza
|-supereffective|p1a: Rayquaza
|-damage|p1a: Rayquaza|0 fnt
|faint|p1a: Rayquaza
|
|upkeep
|
|t:|1750767054
|switch|p1a: Incineroar|Incineroar, L50, M, shiny|100/100
|-ability|p1a: Incineroar|Intimidate|boost
|-unboost|p2a: Miraidon|atk|1
|-unboost|p2b: Iron Hands|atk|1
|turn|4
|
|t:|1750767078
|switch|p2a: Urshifu|Urshifu-Rapid-Strike, L50, F|100/100
|move|p1a: Incineroar|Fake Out|p2b: Iron Hands
|-damage|p2b: Iron Hands|90/100
|move|p1b: Chien-Pao|Ice Spinner|p2a: Urshifu
|-resisted|p2a: Urshifu
|-damage|p2a: Urshifu|71/100
|-fieldend|move: Electric Terrain
|-end|p2b: Iron Hands|Quark Drive
|cant|p2b: Iron Hands|flinch
|
|upkeep
|turn|5
|inactive|raykit123 has 30 seconds left.
|
|t:|1750767105
|move|p1b: Chien-Pao|Sacred Sword|p2b: Iron Hands
|-damage|p2b: Iron Hands|58/100
|move|p2a: Urshifu|Close Combat|p1b: Chien-Pao
|-supereffective|p1b: Chien-Pao
|-enditem|p1b: Chien-Pao|Focus Sash
|-damage|p1b: Chien-Pao|1/100
|-unboost|p2a: Urshifu|def|1
|-unboost|p2a: Urshifu|spd|1
|move|p1a: Incineroar|U-turn|p2b: Iron Hands
|-resisted|p2b: Iron Hands
|-damage|p2b: Iron Hands|50/100
|
|t:|1750767118
|switch|p1a: Calyrex|Calyrex-Shadow, L50|100/100|[from] U-turn
|-ability|p1a: Calyrex|As One
|-ability|p1a: Calyrex|Unnerve
|move|p2b: Iron Hands|Drain Punch|p1b: Chien-Pao
|-supereffective|p1b: Chien-Pao
|-damage|p1b: Chien-Pao|0 fnt
|-heal|p2b: Iron Hands|50/100|[from] drain|[of] p1b: Chien-Pao
|faint|p1b: Chien-Pao
|
|upkeep
|
|t:|1750767119
|switch|p1b: Incineroar|Incineroar, L50, M, shiny|100/100
|-ability|p1b: Incineroar|Intimidate|boost
|-unboost|p2a: Urshifu|atk|1
|-unboost|p2b: Iron Hands|atk|1
|turn|6
|
|t:|1750767129
|-end|p2b: Iron Hands|Quark Drive|[silent]
|switch|p2b: Miraidon|Miraidon, L50|100/100
|-fieldstart|move: Electric Terrain|[from] ability: Hadron Engine|[of] p2b: Miraidon
|move|p2a: Urshifu|Detect|p2a: Urshifu
|-singleturn|p2a: Urshifu|Protect
|move|p1b: Incineroar|Fake Out|p2a: Urshifu
|-activate|p2a: Urshifu|move: Protect
|move|p1a: Calyrex|Astral Barrage|p2a: Urshifu|[spread] p2b
|-activate|p2a: Urshifu|move: Protect
|-damage|p2b: Miraidon|33/100
|-damage|p1a: Calyrex|91/100|[from] item: Life Orb
|
|upkeep
|turn|7
|
|t:|1750767149
|-terastallize|p2a: Urshifu|Water
|move|p2b: Miraidon|Protect|p2b: Miraidon
|-singleturn|p2b: Miraidon|Protect
|move|p1a: Calyrex|Astral Barrage|p2b: Miraidon|[spread] p2a
|-activate|p2b: Miraidon|move: Protect
|-damage|p2a: Urshifu|0 fnt
|faint|p2a: Urshifu
|-ability|p1a: Calyrex|Grim Neigh|boost
|-boost|p1a: Calyrex|spa|1
|-damage|p1a: Calyrex|81/100|[from] item: Life Orb
|move|p1b: Incineroar|Knock Off|p2b: Miraidon
|-activate|p2b: Miraidon|move: Protect
|
|upkeep
|
|t:|1750767157
|switch|p2a: Iron Hands|Iron Hands, L50|50/100
|-activate|p2a: Iron Hands|ability: Quark Drive
|-start|p2a: Iron Hands|quarkdriveatk
|turn|8
|
|t:|1750767169
|move|p1a: Calyrex|Astral Barrage|p2a: Iron Hands|[spread] p2a,p2b
|-damage|p2a: Iron Hands|0 fnt
|-damage|p2b: Miraidon|0 fnt
|faint|p2a: Iron Hands
|-end|p2a: Iron Hands|Quark Drive|[silent]
|faint|p2b: Miraidon
|-damage|p1a: Calyrex|72/100|[from] item: Life Orb
|
|win|raykit123
|raw|raykit123's rating: 1480 &rarr; <strong>1496</strong><br />(+16 for winning)
|raw|trick room4's rating: 1406 &rarr; <strong>1390</strong><br />(-16 for losing)
|l|☆trick room4
|player|p2|
|l|☆raykit123
|player|p1|
