|j|☆bigplayer250
|j|☆jasticjason
|t:|1750749741
|gametype|doubles
|player|p1|bigplayer250|caitlin|1093
|player|p2|jasticjason|265|1067
|teamsize|p1|6
|teamsize|p2|6
|gen|9
|tier|[Gen 9] VGC 2025 Reg I
|rated|
|rule|Species Clause: Limit one of each Pokémon
|rule|Item Clause: Limit 1 of each item
|clearpoke
|poke|p1|Indeedee-F, L50, F|
|poke|p1|Drifblim, L50, F|
|poke|p1|Dondozo, L50, F|
|poke|p1|Tatsugiri, L50, F|
|poke|p1|Garchomp, L50, M|
|poke|p1|Hippowdon, L50, M|
|poke|p2|Koraidon, L50|
|poke|p2|Gothitelle, L50, M|
|poke|p2|Amoonguss, L50, M|
|poke|p2|Incineroar, L50, F|
|poke|p2|Scream Tail, L50|
|poke|p2|Flutter Mane, L50|
|teampreview|4
|inactive|Battle timer is ON: inactive players will automatically lose when time's up. (requested by bigplayer250)
|inactive|jasticjason has 60 seconds left.
|
|t:|1750749784
|start
|switch|p1a: Drifblim|Drifblim, L50, F|100/100
|switch|p1b: Indeedee|Indeedee-F, L50, F|100/100
|switch|p2a: Gothitelle|Gothitelle, L50, M|100/100
|switch|p2b: Incineroar|Incineroar, L50, F|100/100
|-fieldstart|move: Psychic Terrain|[from] ability: Psychic Surge|[of] p1b: Indeedee
|-enditem|p1a: Drifblim|Psychic Seed
|-boost|p1a: Drifblim|spd|1|[from] item: Psychic Seed
|-ability|p2b: Incineroar|Intimidate|boost
|-unboost|p1a: Drifblim|atk|1
|-unboost|p1b: Indeedee|atk|1
|turn|1
|inactive|bigplayer250 has 30 seconds left.
|inactive|jasticjason has 30 seconds left.
|inactive|bigplayer250 has 20 seconds left.
|inactive|bigplayer250 has 15 seconds left.
|inactive|bigplayer250 has 10 seconds left.
|inactive|bigplayer250 has 5 seconds left.
|
|t:|1750749839
|move|p2b: Incineroar|Fake Out|p1b: Indeedee
|-activate|p1b: Indeedee|move: Psychic Terrain
|move|p1b: Indeedee|Follow Me|p1b: Indeedee
|-singleturn|p1b: Indeedee|move: Follow Me
|move|p1a: Drifblim|Minimize|p1a: Drifblim
|-boost|p1a: Drifblim|evasion|2
|move|p2a: Gothitelle|Taunt|p1b: Indeedee
|-start|p1b: Indeedee|move: Taunt
|
|upkeep
|turn|2
|inactive|bigplayer250 has 30 seconds left.
|inactive|bigplayer250 has 20 seconds left.
|inactive|bigplayer250 has 15 seconds left.
|inactive|bigplayer250 has 10 seconds left.
|inactive|bigplayer250 has 5 seconds left.
|
|t:|1750749894
|move|p1a: Drifblim|Minimize|p1a: Drifblim
|-boost|p1a: Drifblim|evasion|2
|move|p1b: Indeedee|Psychic|p2b: Incineroar
|-immune|p2b: Incineroar
|move|p2a: Gothitelle|Taunt|p1a: Drifblim
|-start|p1a: Drifblim|move: Taunt
|move|p2b: Incineroar|Parting Shot|p1a: Drifblim
|-unboost|p1a: Drifblim|atk|1
|-unboost|p1a: Drifblim|spa|1
|
|t:|1750749903
|switch|p2b: Scream Tail|Scream Tail, L50|100/100|[from] Parting Shot
|-enditem|p2b: Scream Tail|Booster Energy
|-activate|p2b: Scream Tail|ability: Protosynthesis|[fromitem]
|-start|p2b: Scream Tail|protosynthesisspe
|
|upkeep
|turn|3
|inactive|bigplayer250 has 30 seconds left.
|inactive|bigplayer250 has 20 seconds left.
|inactive|bigplayer250 has 15 seconds left.
|inactive|bigplayer250 has 10 seconds left.
|inactive|bigplayer250 has 5 seconds left.
|
|t:|1750749954
|move|p2a: Gothitelle|Protect|p2a: Gothitelle
|-singleturn|p2a: Gothitelle|Protect
|move|p1a: Drifblim|Acrobatics|p2a: Gothitelle
|-activate|p2a: Gothitelle|move: Protect
|move|p2b: Scream Tail|Perish Song|p2b: Scream Tail
|-start|p1a: Drifblim|perish3|[silent]
|-start|p1b: Indeedee|perish3|[silent]
|-start|p2a: Gothitelle|perish3|[silent]
|-start|p2b: Scream Tail|perish3|[silent]
|-fieldactivate|move: Perish Song
|move|p1b: Indeedee|Psychic|p2b: Scream Tail
|-resisted|p2b: Scream Tail
|-damage|p2b: Scream Tail|87/100
|
|-start|p1a: Drifblim|perish3
|-start|p2b: Scream Tail|perish3
|-start|p1b: Indeedee|perish3
|-start|p2a: Gothitelle|perish3
|upkeep
|turn|4
|inactive|bigplayer250 has 30 seconds left.
|inactive|jasticjason has 30 seconds left.
|inactive|bigplayer250 has 20 seconds left.
|inactive|bigplayer250 has 15 seconds left.
|inactive|bigplayer250 has 10 seconds left.
|
|t:|1750750003
|move|p2a: Gothitelle|Protect||[still]
|-fail|p2a: Gothitelle
|move|p1a: Drifblim|Acrobatics|p2b: Scream Tail
|-damage|p2b: Scream Tail|74/100
|move|p2b: Scream Tail|Disable|p1a: Drifblim
|-start|p1a: Drifblim|Disable|Acrobatics
|move|p1b: Indeedee|Psychic|p2b: Scream Tail
|-resisted|p2b: Scream Tail
|-damage|p2b: Scream Tail|60/100
|
|-end|p1b: Indeedee|move: Taunt
|-start|p1a: Drifblim|perish2
|-start|p2b: Scream Tail|perish2
|-start|p1b: Indeedee|perish2
|-start|p2a: Gothitelle|perish2
|upkeep
|turn|5
|
|t:|1750750025
|-activate|p1a: Drifblim|move: Struggle
|move|p1a: Drifblim|Struggle|p2b: Scream Tail
|-damage|p2b: Scream Tail|55/100
|-damage|p1a: Drifblim|75/100|[from] recoil
|move|p2b: Scream Tail|Disable|p1b: Indeedee
|-start|p1b: Indeedee|Disable|Psychic
|move|p1b: Indeedee|Skill Swap|p2a: Gothitelle
|-activate|p1b: Indeedee|move: Skill Swap|Shadow Tag|Psychic Surge|[of] p2a: Gothitelle
|move|p2a: Gothitelle|Taunt|p1b: Indeedee
|-start|p1b: Indeedee|move: Taunt
|
|-end|p1a: Drifblim|move: Taunt
|-start|p1a: Drifblim|perish1
|-start|p2b: Scream Tail|perish1
|-start|p1b: Indeedee|perish1
|-start|p2a: Gothitelle|perish1
|-fieldend|move: Psychic Terrain
|upkeep
|turn|6
|
|t:|1750750049
|move|p2b: Scream Tail|Protect|p2b: Scream Tail
|-singleturn|p2b: Scream Tail|Protect
|move|p2a: Gothitelle|Protect|p2a: Gothitelle
|-singleturn|p2a: Gothitelle|Protect
|move|p1a: Drifblim|Baton Pass|p1a: Drifblim
|
|t:|1750750058
|switch|p1a: Dondozo|Dondozo, L50, F, shiny|100/100|[from] Baton Pass
|-activate|p1b: Indeedee|move: Struggle
|move|p1b: Indeedee|Struggle|p2a: Gothitelle
|-activate|p2a: Gothitelle|move: Protect
|
|-start|p2b: Scream Tail|perish0
|-start|p1b: Indeedee|perish0
|-start|p2a: Gothitelle|perish0
|-start|p1a: Dondozo|perish0
|faint|p2b: Scream Tail
|-end|p2b: Scream Tail|Protosynthesis|[silent]
|faint|p1b: Indeedee
|faint|p2a: Gothitelle
|faint|p1a: Dondozo
|upkeep
|
|t:|1750750070
|switch|p2b: Koraidon|Koraidon, L50|100/100
|switch|p1b: Tatsugiri|Tatsugiri, L50, F|100/100
|switch|p2a: Incineroar|Incineroar, L50, F|100/100
|switch|p1a: Drifblim|Drifblim, L50, F|75/100
|-weather|SunnyDay|[from] ability: Orichalcum Pulse|[of] p2b: Koraidon
|-activate|p2b: Koraidon|Orichalcum Pulse|[source]
|-ability|p2a: Incineroar|Intimidate|boost
|-unboost|p1a: Drifblim|atk|1
|-unboost|p1b: Tatsugiri|atk|1
|turn|7
|inactive|jasticjason has 30 seconds left.
|inactive|bigplayer250 has 30 seconds left.
|
|t:|1750750106
|-terastallize|p1b: Tatsugiri|Water
|move|p2a: Incineroar|Fake Out|p1b: Tatsugiri
|-damage|p1b: Tatsugiri|82/100
|move|p2b: Koraidon|Flare Blitz|p1a: Drifblim
|-damage|p1a: Drifblim|0 fnt
|faint|p1a: Drifblim
|-damage|p2b: Koraidon|69/100|[from] Recoil
|-damage|p2b: Koraidon|59/100|[from] item: Life Orb
|cant|p1b: Tatsugiri|flinch
|
|-weather|SunnyDay|[upkeep]
|upkeep
|turn|8
|
|t:|1750750120
|move|p2b: Koraidon|Flare Blitz|p1b: Tatsugiri
|-resisted|p1b: Tatsugiri
|-damage|p1b: Tatsugiri|0 fnt
|faint|p1b: Tatsugiri
|-damage|p2b: Koraidon|37/100|[from] Recoil
|-damage|p2b: Koraidon|27/100|[from] item: Life Orb
|
|win|jasticjason
|raw|bigplayer250's rating: 1063 &rarr; <strong>1044</strong><br />(-19 for losing)
|raw|jasticjason's rating: 1067 &rarr; <strong>1097</strong><br />(+30 for winning)
|l|☆bigplayer250
|player|p1|
|l|☆jasticjason
|player|p2|
