|j|☆3gris
|j|☆Ado Love's
|t:|1750877692
|gametype|doubles
|player|p1|3gris|depotagent|1242
|player|p2|Ado Love's|170|1340
|teamsize|p1|6
|teamsize|p2|6
|gen|9
|tier|[Gen 9] VGC 2025 Reg I
|rated|
|rule|Species Clause: Limit one of each Pokémon
|rule|Item Clause: Limit 1 of each item
|clearpoke
|poke|p1|Seedot, L50, F|
|poke|p1|Incineroar, L50, M|
|poke|p1|Farigiraf, L50, M|
|poke|p1|Iron Hands, L50|
|poke|p1|Miraidon, L50|
|poke|p1|Calyrex-Ice, L50|
|poke|p2|Zacian-*, L50|
|poke|p2|Urshifu-*, L50, M|
|poke|p2|Tornadus, L50, M|
|poke|p2|Chien-Pao, L50|
|poke|p2|Lunala, L50|
|poke|p2|Indeedee-F, L50, F|
|teampreview|4
|
|t:|1750877733
|start
|switch|p1a: Calyrex|Calyrex-Ice, L50|100/100
|switch|p1b: Miraidon|Miraidon, L50|100/100
|switch|p2a: Lunala|Lunala, L50|100/100
|switch|p2b: Urshifu|Urshifu-Rapid-Strike, L50, M|100/100
|-ability|p1a: Calyrex|As One
|-ability|p1a: Calyrex|Unnerve
|-fieldstart|move: Electric Terrain|[from] ability: Hadron Engine|[of] p1b: Miraidon
|turn|1
|
|t:|1750877767
|move|p2b: Urshifu|Detect|p2b: Urshifu
|-singleturn|p2b: Urshifu|Protect
|move|p1b: Miraidon|Electro Drift|p2b: Urshifu
|-activate|p2b: Urshifu|move: Protect
|move|p2a: Lunala|Moongeist Beam|p1a: Calyrex
|-supereffective|p1a: Calyrex
|-damage|p1a: Calyrex|24/100
|move|p1a: Calyrex|Trick Room|p1a: Calyrex
|-fieldstart|move: Trick Room|[of] p1a: Calyrex
|
|upkeep
|turn|2
|
|t:|1750877809
|switch|p1a: Seedot|Seedot, L50, F|100/100
|move|p2a: Lunala|Moongeist Beam|p1a: Seedot
|-enditem|p1a: Seedot|Focus Sash
|-damage|p1a: Seedot|1/100
|move|p2b: Urshifu|Surging Strikes|p1b: Miraidon
|-resisted|p1b: Miraidon
|-crit|p1b: Miraidon
|-damage|p1b: Miraidon|88/100
|-resisted|p1b: Miraidon
|-crit|p1b: Miraidon
|-damage|p1b: Miraidon|76/100
|-resisted|p1b: Miraidon
|-crit|p1b: Miraidon
|-damage|p1b: Miraidon|64/100
|-hitcount|p1b: Miraidon|3
|move|p1b: Miraidon|Electro Drift|p2b: Urshifu
|-supereffective|p2b: Urshifu
|-damage|p2b: Urshifu|0 fnt
|faint|p2b: Urshifu
|
|upkeep
|
|t:|1750877829
|switch|p2b: Indeedee|Indeedee-F, L50, F|100/100
|-fieldstart|move: Psychic Terrain|[from] ability: Psychic Surge|[of] p2b: Indeedee
|turn|3
|
|t:|1750877852
|switch|p1b: Incineroar|Incineroar, L50, M|100/100
|-ability|p1b: Incineroar|Intimidate|boost
|-unboost|p2a: Lunala|atk|1
|-unboost|p2b: Indeedee|atk|1
|move|p2b: Indeedee|Follow Me|p2b: Indeedee
|-singleturn|p2b: Indeedee|move: Follow Me
|move|p1a: Seedot|Endeavor|p2b: Indeedee
|-damage|p2b: Indeedee|1/100
|move|p2a: Lunala|Expanding Force|p1a: Seedot|[spread] p1a
|-immune|p1b: Incineroar
|-damage|p1a: Seedot|0 fnt
|faint|p1a: Seedot
|
|upkeep
|
|t:|1750877866
|switch|p1a: Calyrex|Calyrex-Ice, L50|24/100
|-ability|p1a: Calyrex|As One
|-ability|p1a: Calyrex|Unnerve
|turn|4
|
|t:|1750877886
|-terastallize|p2a: Lunala|Water
|move|p2b: Indeedee|Protect|p2b: Indeedee
|-singleturn|p2b: Indeedee|Protect
|move|p1a: Calyrex|Glacial Lance|p2b: Indeedee|[spread] p2a
|-activate|p2b: Indeedee|move: Protect
|-resisted|p2a: Lunala
|-damage|p2a: Lunala|92/100
|move|p1b: Incineroar|Knock Off|p2a: Lunala
|-damage|p2a: Lunala|52/100
|-enditem|p2a: Lunala|Power Herb|[from] move: Knock Off|[of] p1b: Incineroar
|move|p2a: Lunala|Meteor Beam||[still]
|-prepare|p2a: Lunala|Meteor Beam
|-boost|p2a: Lunala|spa|1
|
|upkeep
|turn|5
|
|t:|1750877912
|move|p1a: Calyrex|Glacial Lance|p2a: Lunala|[spread] p2a,p2b
|-resisted|p2a: Lunala
|-crit|p2b: Indeedee
|-damage|p2a: Lunala|37/100
|-damage|p2b: Indeedee|0 fnt
|faint|p2b: Indeedee
|-ability|p1a: Calyrex|Chilling Neigh|boost
|-boost|p1a: Calyrex|atk|1
|move|p1b: Incineroar|Knock Off|p2a: Lunala
|-damage|p2a: Lunala|13/100
|move|p2a: Lunala|Meteor Beam|p1b: Incineroar|[from] lockedmove
|-supereffective|p1b: Incineroar
|-damage|p1b: Incineroar|0 fnt
|faint|p1b: Incineroar
|
|-fieldend|move: Trick Room
|upkeep
|
|t:|1750877928
|switch|p2b: Zacian|Zacian-Crowned, L50|100/100
|switch|p1b: Miraidon|Miraidon, L50|64/100
|-ability|p2b: Zacian|Intrepid Sword|boost
|-boost|p2b: Zacian|atk|1
|-fieldstart|move: Electric Terrain|[from] ability: Hadron Engine|[of] p1b: Miraidon
|turn|6
|
|t:|1750877943
|move|p2b: Zacian|Play Rough|p1b: Miraidon|[miss]
|-miss|p2b: Zacian|p1b: Miraidon
|move|p1b: Miraidon|Electro Drift|p2b: Zacian
|-damage|p2b: Zacian|0 fnt
|faint|p2b: Zacian
|move|p2a: Lunala|Moongeist Beam|p1a: Calyrex
|-supereffective|p1a: Calyrex
|-damage|p1a: Calyrex|0 fnt
|faint|p1a: Calyrex
|
|upkeep
|turn|7
|c|☆Ado Love's|GG
|-message|Ado Love's forfeited.
|
|win|3gris
|raw|3gris's rating: 1242 &rarr; <strong>1274</strong><br />(+32 for winning)
|raw|Ado Love&apos;s's rating: 1340 &rarr; <strong>1315</strong><br />(-25 for losing)
|l|☆Ado Love's
|player|p2|
|l|☆3gris
|player|p1|
