|j|☆quagzacian
|j|☆WrestlingDemon
|t:|1750810078
|gametype|doubles
|player|p1|quagzacian|barry|1500
|player|p2|WrestlingDemon|hiker-gen4|1511
|teamsize|p1|6
|teamsize|p2|6
|gen|9
|tier|[Gen 9] VGC 2025 Reg I
|rated|
|rule|Species Clause: Limit one of each Pokémon
|rule|Item Clause: Limit 1 of each item
|clearpoke
|poke|p1|Miraidon, L50|
|poke|p1|Lunala, L50|
|poke|p1|Sylveon, L50, M|
|poke|p1|Incineroar, L50, F|
|poke|p1|Iron Hands, L50|
|poke|p1|Urshifu-*, L50, F|
|poke|p2|Calyrex-Shadow, L50|
|poke|p2|Zamazenta-*, L50|
|poke|p2|Whimsicott, L50, F|
|poke|p2|Incineroar, L50, M|
|poke|p2|Rillaboom, L50, F|
|poke|p2|Urshifu-*, L50, M|
|teampreview|4
|inactive|Battle timer is ON: inactive players will automatically lose when time's up. (requested by WrestlingDemon)
|
|t:|1750810107
|start
|switch|p1a: Lunala|Lunala, L50|100/100
|switch|p1b: Incineroar|Incineroar, L50, F|100/100
|switch|p2a: Rillaboom|Rillaboom, L50, F|100/100
|switch|p2b: Calyrex|Calyrex-Shadow, L50|100/100
|-ability|p2b: Calyrex|As One
|-ability|p2b: Calyrex|Unnerve
|-fieldstart|move: Grassy Terrain|[from] ability: Grassy Surge|[of] p2a: Rillaboom
|-ability|p1b: Incineroar|Intimidate|boost
|-unboost|p2a: Rillaboom|atk|1
|-unboost|p2b: Calyrex|atk|1
|turn|1
|
|t:|1750810119
|switch|p1b: Miraidon|Miraidon, L50|100/100
|-fieldstart|move: Electric Terrain|[from] ability: Hadron Engine|[of] p1b: Miraidon
|-enditem|p1a: Lunala|Electric Seed
|-boost|p1a: Lunala|def|1|[from] item: Electric Seed
|move|p1a: Lunala|Wide Guard|p1a: Lunala
|-singleturn|p1a: Lunala|Wide Guard
|move|p2a: Rillaboom|Fake Out|p1b: Miraidon
|-damage|p1b: Miraidon|91/100
|move|p2b: Calyrex|Astral Barrage|p1a: Lunala|[spread] 
|-activate|p1a: Lunala|move: Wide Guard
|-activate|p1b: Miraidon|move: Wide Guard
|
|upkeep
|turn|2
|
|t:|1750810142
|-terastallize|p1a: Lunala|Fairy
|move|p2b: Calyrex|Protect|p2b: Calyrex
|-singleturn|p2b: Calyrex|Protect
|move|p1b: Miraidon|Volt Switch|p2a: Rillaboom
|-resisted|p2a: Rillaboom
|-damage|p2a: Rillaboom|58/100
|
|t:|1750810147
|switch|p1b: Sylveon|Sylveon, L50, M, shiny|100/100|[from] Volt Switch
|move|p2a: Rillaboom|U-turn|p1b: Sylveon
|-resisted|p1b: Sylveon
|-damage|p1b: Sylveon|92/100
|
|t:|1750810157
|switch|p2a: Zamazenta|Zamazenta-Crowned, L50|100/100|[from] U-turn
|-ability|p2a: Zamazenta|Dauntless Shield|boost
|-boost|p2a: Zamazenta|def|1
|move|p1a: Lunala|Trick Room|p1a: Lunala
|-fieldstart|move: Trick Room|[of] p1a: Lunala
|
|upkeep
|turn|3
|
|t:|1750810164
|switch|p2b: Rillaboom|Rillaboom, L50, F|58/100
|-fieldstart|move: Grassy Terrain|[from] ability: Grassy Surge|[of] p2b: Rillaboom
|move|p1b: Sylveon|Detect|p1b: Sylveon
|-singleturn|p1b: Sylveon|Protect
|move|p1a: Lunala|Moongeist Beam|p2b: Rillaboom
|-damage|p2b: Rillaboom|7/100
|move|p2a: Zamazenta|Behemoth Bash|p1b: Sylveon
|-activate|p1b: Sylveon|move: Protect
|
|-heal|p1b: Sylveon|98/100|[from] Grassy Terrain
|-heal|p2b: Rillaboom|13/100|[from] Grassy Terrain
|upkeep
|turn|4
|
|t:|1750810182
|move|p2b: Rillaboom|Fake Out|p1a: Lunala
|-damage|p1a: Lunala|97/100
|move|p1b: Sylveon|Hyper Voice|p2b: Rillaboom|[spread] p2a,p2b
|-damage|p2a: Zamazenta|70/100
|-damage|p2b: Rillaboom|0 fnt
|faint|p2b: Rillaboom
|cant|p1a: Lunala|flinch
|move|p2a: Zamazenta|Behemoth Bash|p1b: Sylveon
|-supereffective|p1b: Sylveon
|-crit|p1b: Sylveon
|-damage|p1b: Sylveon|0 fnt
|faint|p1b: Sylveon
|
|-heal|p1a: Lunala|100/100|[from] Grassy Terrain
|-heal|p2a: Zamazenta|76/100|[from] Grassy Terrain
|upkeep
|
|t:|1750810195
|switch|p1b: Incineroar|Incineroar, L50, F|100/100
|switch|p2b: Calyrex|Calyrex-Shadow, L50|100/100
|-ability|p2b: Calyrex|As One
|-ability|p2b: Calyrex|Unnerve
|-ability|p1b: Incineroar|Intimidate|boost
|-unboost|p2a: Zamazenta|atk|1
|-unboost|p2b: Calyrex|atk|1
|turn|5
|
|t:|1750810212
|-terastallize|p2b: Calyrex|Normal
|move|p2a: Zamazenta|Protect|p2a: Zamazenta
|-singleturn|p2a: Zamazenta|Protect
|move|p1b: Incineroar|Fake Out|p2a: Zamazenta
|-activate|p2a: Zamazenta|move: Protect
|move|p1a: Lunala|Moongeist Beam|p2a: Zamazenta
|-activate|p2a: Zamazenta|move: Protect
|move|p2b: Calyrex|Nasty Plot|p2b: Calyrex
|-boost|p2b: Calyrex|spa|2
|
|-heal|p2a: Zamazenta|82/100|[from] Grassy Terrain
|upkeep
|turn|6
|
|t:|1750810224
|move|p1b: Incineroar|Flare Blitz|p2a: Zamazenta
|-supereffective|p2a: Zamazenta
|-damage|p2a: Zamazenta|46/100
|-damage|p1b: Incineroar|90/100|[from] Recoil
|move|p1a: Lunala|Moongeist Beam|p2a: Zamazenta
|-damage|p2a: Zamazenta|5/100
|move|p2a: Zamazenta|Behemoth Bash|p1a: Lunala
|-supereffective|p1a: Lunala
|-damage|p1a: Lunala|86/100
|move|p2b: Calyrex|Astral Barrage|p1b: Incineroar|[spread] p1a,p1b
|-resisted|p1b: Incineroar
|-damage|p1a: Lunala|0 fnt
|-damage|p1b: Incineroar|20/100
|faint|p1a: Lunala
|-ability|p2b: Calyrex|Grim Neigh|boost
|-boost|p2b: Calyrex|spa|1
|-damage|p2b: Calyrex|91/100|[from] item: Life Orb
|
|-heal|p1b: Incineroar|26/100|[from] Grassy Terrain
|-heal|p2a: Zamazenta|10/100|[from] Grassy Terrain
|-heal|p2b: Calyrex|97/100|[from] Grassy Terrain
|-fieldend|move: Trick Room
|upkeep
|-message|quagzacian forfeited.
|
|win|WrestlingDemon
|raw|quagzacian's rating: 1500 &rarr; <strong>1481</strong><br />(-19 for losing)
|raw|WrestlingDemon's rating: 1511 &rarr; <strong>1530</strong><br />(+19 for winning)
|l|☆quagzacian
|player|p1|
|l|☆WrestlingDemon
|player|p2|
