|j|☆AyayaCalling
|j|☆Scarfchomper003
|html|<table width="100%"><tr><td align="left">AyayaCalling</td><td align="right">Scarfchomper003</tr><tr><td align="left"><i class="fa fa-circle-o"></i> <i class="fa fa-circle-o"></i> </td><td align="right"><i class="fa fa-circle-o"></i> <i class="fa fa-circle-o"></i> </tr></table>
|uhtml|bestof|<h2><strong>Game 1</strong> of <a href="/game-bestof3-gen9vgc2025regi-2391501729">a best-of-3</a></h2>
|t:|1750863688
|gametype|doubles
|player|p1|AyayaCalling|dawn|
|player|p2|Scarfchomper003|boarder|
|teamsize|p1|6
|teamsize|p2|6
|gen|9
|tier|[Gen 9] VGC 2025 Reg I
|rule|Species Clause: Limit one of each Pokémon
|rule|Item Clause: Limit 1 of each item
|raw|<div class="infobox"><details class="readmore" open><summary><strong>1 custom rule:</strong></summary> Best of = 3</details></div>
|clearpoke
|poke|p1|Passimian, L50, M|
|poke|p1|Dragonite, L50, F|
|poke|p1|Ursaluna-Bloodmoon, L50, M|
|poke|p1|Murkrow, L50, F|
|poke|p1|Grimmsnarl, L50, M|
|poke|p1|Magmar, L50, F|
|poke|p2|Mienshao, L50, M|
|poke|p2|Maushold-Four, L50|
|poke|p2|Drifblim, L50, F|
|poke|p2|Dondozo, L50, M|
|poke|p2|Rillaboom, L50, M|
|poke|p2|Tatsugiri, L50, F|
|teampreview|4
|inactive|Battle timer is ON: inactive players will automatically lose when time's up. (requested by AyayaCalling)
|inactive|Scarfchomper003 also wants the timer to be on.
|j| Fynnster
Scarfchomper003 has agreed to open team sheets.
AyayaCalling has agreed to open team sheets.
|showteam|p1|Passimian||ChoiceScarf|Defiant|CloseCombat,KnockOff,RockSlide,Uturn|||M|||50|,,,,,Ghost]Dragonite||LoadedDice|InnerFocus|ScaleShot,ExtremeSpeed,StompingTantrum,Protect|||F|||50|,,,,,Normal]Ursaluna-Bloodmoon||AssaultVest|MindsEye|BloodMoon,HyperVoice,EarthPower,VacuumWave|||M|||50|,,,,,Normal]Murkrow||FocusSash|Prankster|Tailwind,Haze,SunnyDay,FoulPlay|||F|||50|,,,,,Ghost]Grimmsnarl||SafetyGoggles|Prankster|FakeOut,SpiritBreak,PartingShot,ThunderWave|||M|||50|,,,,,Ghost]Magmar||Eviolite|VitalSpirit|FollowMe,Protect,Overheat,WillOWisp|||F|||50|,,,,,Ghost
|showteam|p2|Mienshao||FocusSash|InnerFocus|CloseCombat,KnockOff,FakeOut,Coaching|||M|||50|,,,,,Stellar]Maushold-Four||SafetyGoggles|FriendGuard|SuperFang,FollowMe,Taunt,Encore||||||50|,,,,,Ghost]Drifblim||GrassySeed|Unburden|ShadowBall,Tailwind,StrengthSap,WillOWisp|||F|||50|,,,,,Steel]Dondozo||Leftovers|WaterVeil|WaveCrash,Earthquake,OrderUp,Protect|||M|||50|,,,,,Grass]Rillaboom||AssaultVest|GrassySurge|WoodHammer,GrassyGlide,HighHorsepower,FakeOut|||M|||50|,,,,,Fire]Tatsugiri||LifeOrb|Commander|DracoMeteor,MuddyWater,IcyWind,Protect|||F|||50|,,,,,Steel
|inactive|AyayaCalling has 60 seconds left.
|inactive|Scarfchomper003 has 60 seconds left.
|
|t:|1750863736
|start
|switch|p1a: Dragonite|Dragonite, L50, F|100/100
|switch|p1b: Grimmsnarl|Grimmsnarl, L50, M, shiny|100/100
|switch|p2a: Scout|Mienshao, L50, M, shiny|100/100
|switch|p2b: Priest|Tatsugiri, L50, F, shiny|100/100
|turn|1
|inactive|AyayaCalling has 30 seconds left.
|
|t:|1750863763
|move|p2a: Scout|Fake Out|p1b: Grimmsnarl
|-damage|p1b: Grimmsnarl|84/100
|cant|p1b: Grimmsnarl|flinch
|move|p2b: Priest|Icy Wind|p1a: Dragonite|[spread] p1a,p1b
|-supereffective|p1a: Dragonite
|-damage|p1a: Dragonite|20/100
|-damage|p1b: Grimmsnarl|63/100
|-unboost|p1a: Dragonite|spe|1
|-unboost|p1b: Grimmsnarl|spe|1
|-damage|p2b: Priest|91/100|[from] item: Life Orb
|move|p1a: Dragonite|Scale Shot|p2a: Scout
|-damage|p2a: Scout|70/100
|-crit|p2a: Scout
|-damage|p2a: Scout|24/100
|-damage|p2a: Scout|0 fnt
|faint|p2a: Scout
|-hitcount|p2: Scout|3
|-unboost|p1a: Dragonite|def|1
|-boost|p1a: Dragonite|spe|1
|
|upkeep
|
|t:|1750863779
|switch|p2a: Jaguar|Rillaboom, L50, M, shiny|100/100
|-fieldstart|move: Grassy Terrain|[from] ability: Grassy Surge|[of] p2a: Jaguar
|turn|2
|inactive|AyayaCalling has 30 seconds left.
|
|t:|1750863805
|move|p1a: Dragonite|Protect|p1a: Dragonite
|-singleturn|p1a: Dragonite|Protect
|move|p2a: Jaguar|Fake Out|p1b: Grimmsnarl
|-damage|p1b: Grimmsnarl|45/100
|cant|p1b: Grimmsnarl|flinch
|move|p2b: Priest|Muddy Water|p1b: Grimmsnarl|[spread] p1b
|-activate|p1a: Dragonite|move: Protect
|-damage|p1b: Grimmsnarl|0 fnt
|faint|p1b: Grimmsnarl
|-damage|p2b: Priest|81/100|[from] item: Life Orb
|
|-heal|p2b: Priest|87/100|[from] Grassy Terrain
|upkeep
|
|t:|1750863820
|switch|p1b: Murkrow|Murkrow, L50, F|100/100
|turn|3
|inactive|Scarfchomper003 has 30 seconds left.
|
|t:|1750863847
|-terastallize|p2b: Priest|Steel
|move|p1b: Murkrow|Tailwind|p1b: Murkrow
|-sidestart|p1: AyayaCalling|move: Tailwind
|move|p1a: Dragonite|Scale Shot|p2b: Priest
|-resisted|p2b: Priest
|-damage|p2b: Priest|73/100
|-resisted|p2b: Priest
|-damage|p2b: Priest|58/100
|-resisted|p2b: Priest
|-damage|p2b: Priest|45/100
|-resisted|p2b: Priest
|-damage|p2b: Priest|32/100
|-resisted|p2b: Priest
|-damage|p2b: Priest|17/100
|-hitcount|p2b: Priest|5
|-unboost|p1a: Dragonite|def|1
|-boost|p1a: Dragonite|spe|1
|move|p2b: Priest|Icy Wind|p1a: Dragonite|[spread] p1a,p1b
|-supereffective|p1a: Dragonite
|-supereffective|p1b: Murkrow
|-damage|p1a: Dragonite|0 fnt
|-damage|p1b: Murkrow|59/100
|-unboost|p1b: Murkrow|spe|1
|faint|p1a: Dragonite
|-damage|p2b: Priest|7/100|[from] item: Life Orb
|move|p2a: Jaguar|Wood Hammer|p1b: Murkrow
|-resisted|p1b: Murkrow
|-damage|p1b: Murkrow|0 fnt
|faint|p1b: Murkrow
|-damage|p2a: Jaguar|85/100|[from] Recoil
|
|-heal|p2b: Priest|13/100|[from] Grassy Terrain
|-heal|p2a: Jaguar|91/100|[from] Grassy Terrain
|upkeep
|inactive|AyayaCalling has 30 seconds left.
|
|t:|1750863876
|switch|p1b: Ursaluna|Ursaluna-Bloodmoon, L50, M|100/100
|turn|4
|
|t:|1750863896
|switch|p2a: Elephant|Dondozo, L50, M, shiny|100/100
|-activate|p2b: Priest|ability: Commander|[of] p2a: Elephant
|-boost|p2a: Elephant|atk|2
|-boost|p2a: Elephant|spa|2
|-boost|p2a: Elephant|spe|2
|-boost|p2a: Elephant|def|2
|-boost|p2a: Elephant|spd|2
|-terastallize|p1b: Ursaluna|Normal
|move|p1b: Ursaluna|Hyper Voice|p2a: Elephant|[spread] p2a
|-miss|p1b: Ursaluna|p2b: Priest
|-damage|p2a: Elephant|76/100
|
|-heal|p2a: Elephant|82/100|[from] Grassy Terrain
|-heal|p2a: Elephant|88/100|[from] item: Leftovers
|-heal|p2b: Priest|19/100|[from] Grassy Terrain
|upkeep
|turn|5
|
|t:|1750863913
|move|p2a: Elephant|Protect|p2a: Elephant
|-singleturn|p2a: Elephant|Protect
|move|p1b: Ursaluna|Blood Moon|p2a: Elephant
|-activate|p2a: Elephant|move: Protect
|
|-heal|p2a: Elephant|94/100|[from] Grassy Terrain
|-heal|p2a: Elephant|100/100|[from] item: Leftovers
|-heal|p2b: Priest|24/100|[from] Grassy Terrain
|upkeep
|turn|6
|
|t:|1750863924
|move|p1b: Ursaluna|Hyper Voice|p2a: Elephant|[spread] p2a
|-miss|p1b: Ursaluna|p2b: Priest
|-damage|p2a: Elephant|78/100
|move|p2a: Elephant|Wave Crash|p1b: Ursaluna
|-damage|p1b: Ursaluna|21/100
|-damage|p2a: Elephant|54/100|[from] Recoil
|
|-heal|p1b: Ursaluna|27/100|[from] Grassy Terrain
|-heal|p2a: Elephant|60/100|[from] Grassy Terrain
|-heal|p2a: Elephant|66/100|[from] item: Leftovers
|-heal|p2b: Priest|30/100|[from] Grassy Terrain
|-sideend|p1: AyayaCalling|move: Tailwind
|-fieldend|move: Grassy Terrain
|upkeep
|turn|7
|
|t:|1750863938
|move|p2a: Elephant|Wave Crash|p1b: Ursaluna
|-damage|p1b: Ursaluna|0 fnt
|faint|p1b: Ursaluna
|-damage|p2a: Elephant|58/100|[from] Recoil
|
|win|Scarfchomper003
||AyayaCalling is ready for game 2.
||Scarfchomper003 is ready for game 2.
|uhtml|next|Next: <a href="/battle-gen9vgc2025regi-2391504043"><strong>Game 2 of 3</strong></a>
|l| Fynnster
|j| Fynnster
