|j|☆Ashirato
|j|☆TommyGuapo
|t:|1750720077
|gametype|doubles
|player|p1|Ashirato|elesa|1376
|player|p2|TommyGuapo|102|1448
|teamsize|p1|6
|teamsize|p2|6
|gen|9
|tier|[Gen 9] VGC 2025 Reg I
|rated|
|rule|Species Clause: Limit one of each Pokémon
|rule|Item Clause: Limit 1 of each item
|clearpoke
|poke|p1|Groudon, L50|
|poke|p1|Ceruledge, L50, M|
|poke|p1|Scream Tail, L50|
|poke|p1|Zamazenta-*, L50|
|poke|p1|Farigiraf, L50, F|
|poke|p1|Walking Wake, L50|
|poke|p2|Terapagos, L50, M|
|poke|p2|Volcarona, L50, F|
|poke|p2|Scream Tail, L50|
|poke|p2|Rillaboom, L50, M|
|poke|p2|Giratina-Origin, L50|
|poke|p2|Comfey, L50, F|
|teampreview|4
|inactive|Battle timer is ON: inactive players will automatically lose when time's up. (requested by TommyGuapo)
|inactive|TommyGuapo has 60 seconds left.
|inactive|TommyGuapo has 30 seconds left.
|
|t:|1750720144
|start
|switch|p1a: Groudon|Groudon, L50|100/100
|switch|p1b: Scream Tail|Scream Tail, L50|100/100
|switch|p2a: Volcarona|Volcarona, L50, F|100/100
|switch|p2b: Terapagos|Terapagos, L50, M|100/100
|-activate|p2b: Terapagos|ability: Tera Shift
|detailschange|p2b: Terapagos|Terapagos-Terastal, L50, M
|-heal|p2b: Terapagos|100/100|[silent]
|-weather|SunnyDay|[from] ability: Drought|[of] p1a: Groudon
|-activate|p1b: Scream Tail|ability: Protosynthesis
|-start|p1b: Scream Tail|protosynthesisspe
|turn|1
|inactive|Ashirato has 30 seconds left.
|inactive|TommyGuapo has 30 seconds left.
|
|t:|1750720174
|move|p1b: Scream Tail|Dazzling Gleam|p2b: Terapagos|[spread] p2a,p2b
|-resisted|p2a: Volcarona
|-activate|p2b: Terapagos|ability: Tera Shell
|-resisted|p2b: Terapagos
|-damage|p2a: Volcarona|94/100
|-damage|p2b: Terapagos|94/100
|move|p2a: Volcarona|Fiery Dance|p1b: Scream Tail
|-damage|p1b: Scream Tail|63/100
|move|p2b: Terapagos|Calm Mind|p2b: Terapagos
|-boost|p2b: Terapagos|spa|1
|-boost|p2b: Terapagos|spd|1
|move|p1a: Groudon|Precipice Blades|p2a: Volcarona|[spread] p2a,p2b
|-damage|p2a: Volcarona|39/100
|-damage|p2b: Terapagos|50/100
|
|-weather|SunnyDay|[upkeep]
|upkeep
|turn|2
|inactive|TommyGuapo has 30 seconds left.
|
|t:|1750720207
|move|p1b: Scream Tail|Protect|p1b: Scream Tail
|-singleturn|p1b: Scream Tail|Protect
|move|p2a: Volcarona|Rage Powder|p2a: Volcarona
|-singleturn|p2a: Volcarona|move: Rage Powder
|move|p2b: Terapagos|Tera Starstorm|p1b: Scream Tail
|-activate|p1b: Scream Tail|move: Protect
|move|p1a: Groudon|Precipice Blades|p2a: Volcarona|[spread] p2a,p2b
|-damage|p2a: Volcarona|0 fnt
|-damage|p2b: Terapagos|5/100
|faint|p2a: Volcarona
|
|-weather|SunnyDay|[upkeep]
|upkeep
|
|t:|1750720218
|switch|p2a: Giratina|Giratina-Origin, L50|100/100
|turn|3
|
|t:|1750720236
|switch|p1a: Ceruledge|Ceruledge, L50, M|100/100
|move|p2b: Terapagos|Protect|p2b: Terapagos
|-singleturn|p2b: Terapagos|Protect
|move|p1b: Scream Tail|Disable|p2b: Terapagos
|-activate|p2b: Terapagos|move: Protect
|move|p2a: Giratina|Poltergeist|p1b: Scream Tail
|-activate|p1b: Scream Tail|move: Poltergeist|Booster Energy
|-supereffective|p1b: Scream Tail
|-damage|p1b: Scream Tail|0 fnt
|faint|p1b: Scream Tail
|-end|p1b: Scream Tail|Protosynthesis|[silent]
|
|-weather|SunnyDay|[upkeep]
|upkeep
|
|t:|1750720252
|switch|p1b: Walking Wake|Walking Wake, L50|100/100
|-activate|p1b: Walking Wake|ability: Protosynthesis
|-start|p1b: Walking Wake|protosynthesisspa
|turn|4
|inactive|TommyGuapo has 30 seconds left.
|
|t:|1750720286
|-terastallize|p2b: Terapagos|Stellar
|detailschange|p2b: Terapagos|Terapagos-Stellar, L50, M, tera:Stellar
|-heal|p2b: Terapagos|29/100|[silent]
|-ability|p2b: Terapagos|Teraform Zero
|-weather|none
|-end|p1b: Walking Wake|Protosynthesis
|move|p2a: Giratina|Protect|p2a: Giratina
|-singleturn|p2a: Giratina|Protect
|move|p1b: Walking Wake|Hydro Steam|p2a: Giratina
|-activate|p2a: Giratina|move: Protect
|move|p1a: Ceruledge|Flame Charge|p2b: Terapagos
|-damage|p2b: Terapagos|15/100
|-boost|p1a: Ceruledge|spe|1
|move|p2b: Terapagos|Tera Starstorm|p1a: Ceruledge|[spread] p1a,p1b
|-damage|p1a: Ceruledge|38/100
|-damage|p1b: Walking Wake|32/100
|
|upkeep
|turn|5
|inactive|Ashirato has 30 seconds left.
|inactive|TommyGuapo has 30 seconds left.
|inactive|TommyGuapo has 20 seconds left.
|inactive|TommyGuapo has 15 seconds left.
|
|t:|1750720336
|move|p2a: Giratina|Shadow Sneak|p1b: Walking Wake
|-damage|p1b: Walking Wake|6/100
|move|p1b: Walking Wake|Hydro Steam|p2b: Terapagos
|-damage|p2b: Terapagos|0 fnt
|faint|p2b: Terapagos
|detailschange|p2: Terapagos|Terapagos, L50, M|[silent]
|move|p1a: Ceruledge|Phantom Force||[still]
|-prepare|p1a: Ceruledge|Phantom Force
|
|upkeep
|
|t:|1750720348
|switch|p2b: Scream Tail|Scream Tail, L50|100/100
|-enditem|p2b: Scream Tail|Booster Energy
|-activate|p2b: Scream Tail|ability: Protosynthesis|[fromitem]
|-start|p2b: Scream Tail|protosynthesisspe
|turn|6
|
|t:|1750720365
|move|p2b: Scream Tail|Dazzling Gleam|p1b: Walking Wake|[spread] p1b
|-miss|p2b: Scream Tail|p1a: Ceruledge
|-supereffective|p1b: Walking Wake
|-damage|p1b: Walking Wake|0 fnt
|faint|p1b: Walking Wake
|-end|p1b: Walking Wake|Protosynthesis|[silent]
|move|p1a: Ceruledge|Phantom Force|p2a: Giratina|[from] lockedmove
|-supereffective|p2a: Giratina
|-damage|p2a: Giratina|36/100
|move|p2a: Giratina|Poltergeist|p1a: Ceruledge
|-activate|p1a: Ceruledge|move: Poltergeist|Focus Sash
|-supereffective|p1a: Ceruledge
|-damage|p1a: Ceruledge|0 fnt
|faint|p1a: Ceruledge
|
|upkeep
|
|t:|1750720381
|switch|p1a: Groudon|Groudon, L50|100/100
|-weather|SunnyDay|[from] ability: Drought|[of] p1a: Groudon
|turn|7
|
|t:|1750720394
|move|p2b: Scream Tail|Protect|p2b: Scream Tail
|-singleturn|p2b: Scream Tail|Protect
|move|p2a: Giratina|Protect|p2a: Giratina
|-singleturn|p2a: Giratina|Protect
|move|p1a: Groudon|Heat Crash|p2a: Giratina
|-activate|p2a: Giratina|move: Protect
|
|-weather|SunnyDay|[upkeep]
|upkeep
|turn|8
|
|t:|1750720408
|move|p2b: Scream Tail|Disable|p1a: Groudon
|-start|p1a: Groudon|Disable|Heat Crash
|move|p1a: Groudon|High Horsepower|p2b: Scream Tail
|-damage|p2b: Scream Tail|50/100
|move|p2a: Giratina|Draco Meteor|p1a: Groudon
|-damage|p1a: Groudon|64/100
|-unboost|p2a: Giratina|spa|2
|
|-weather|SunnyDay|[upkeep]
|upkeep
|turn|9
|
|t:|1750720425
|move|p2b: Scream Tail|Encore|p1a: Groudon
|-start|p1a: Groudon|Encore
|move|p1a: Groudon|High Horsepower|p2b: Scream Tail
|-damage|p2b: Scream Tail|5/100
|move|p2a: Giratina|Poltergeist|p1a: Groudon
|-activate|p1a: Groudon|move: Poltergeist|Assault Vest
|-damage|p1a: Groudon|18/100
|
|-weather|SunnyDay|[upkeep]
|upkeep
|turn|10
|
|t:|1750720437
|move|p2a: Giratina|Shadow Sneak|p1a: Groudon
|-damage|p1a: Groudon|2/100
|move|p2b: Scream Tail|Dazzling Gleam|p1a: Groudon
|-damage|p1a: Groudon|0 fnt
|faint|p1a: Groudon
|
|win|TommyGuapo
|raw|Ashirato's rating: 1376 &rarr; <strong>1360</strong><br />(-16 for losing)
|raw|TommyGuapo's rating: 1448 &rarr; <strong>1464</strong><br />(+16 for winning)
|l|☆Ashirato
|player|p1|
