|j|☆Gamertag1001
|j|☆Ayyofred
|t:|1750740512
|gametype|doubles
|player|p1|Gamertag1001|kieran-champion|1387
|player|p2|Ayyofred|juggler|1485
|teamsize|p1|6
|teamsize|p2|6
|gen|9
|tier|[Gen 9] VGC 2025 Reg I
|rated|
|rule|Species Clause: Limit one of each Pokémon
|rule|Item Clause: Limit 1 of each item
|clearpoke
|poke|p1|Calyrex-Shadow, L50|
|poke|p1|Koraidon, L50|
|poke|p1|Chi-Yu, L50|
|poke|p1|Weezing-Galar, L50, F|
|poke|p1|Dondozo, L50, F|
|poke|p1|Tatsugiri-Droopy, L50, M|
|poke|p2|Kyogre, L50|
|poke|p2|Pelipper, L50, M|
|poke|p2|Zacian-*, L50|
|poke|p2|Raging Bolt, L50|
|poke|p2|Amoonguss, L50, F|
|poke|p2|Farigiraf, L50, F|
|teampreview|4
|inactive|Battle timer is ON: inactive players will automatically lose when time's up. (requested by Gamertag1001)
|inactive|Ayyofred has 60 seconds left.
|
|t:|1750740550
|start
|switch|p1a: Weezing|Weezing-Galar, L50, F|100/100
|switch|p1b: Koraidon|Koraidon, L50|100/100
|switch|p2a: Kyogre|Kyogre, L50|100/100
|switch|p2b: Farigiraf|Farigiraf, L50, F|100/100
|-ability|p1a: Weezing|Neutralizing Gas
|-block|p1b: Koraidon|item: Ability Shield
|-weather|SunnyDay|[from] ability: Orichalcum Pulse|[of] p1b: Koraidon
|-activate|p1b: Koraidon|Orichalcum Pulse|[source]
|turn|1
|inactive|Ayyofred has 30 seconds left.
|
|t:|1750740581
|move|p2b: Farigiraf|Helping Hand|p2a: Kyogre
|-singleturn|p2a: Kyogre|Helping Hand|[of] p2b: Farigiraf
|move|p2a: Kyogre|Water Spout|p1b: Koraidon|[spread] p1a,p1b
|-resisted|p1b: Koraidon
|-damage|p1a: Weezing|56/100
|-damage|p1b: Koraidon|81/100
|move|p1b: Koraidon|Collision Course|p2a: Kyogre
|-damage|p2a: Kyogre|37/100
|move|p1a: Weezing|Taunt|p2b: Farigiraf
|-start|p2b: Farigiraf|move: Taunt
|
|-weather|SunnyDay|[upkeep]
|upkeep
|turn|2
|
|t:|1750740604
|switch|p2a: Raging Bolt|Raging Bolt, L50|100/100
|move|p1b: Koraidon|Flare Blitz|p2b: Farigiraf
|-crit|p2b: Farigiraf
|-damage|p2b: Farigiraf|0 fnt
|-damage|p1b: Koraidon|64/100|[from] item: Rocky Helmet|[of] p2b: Farigiraf
|faint|p2b: Farigiraf
|-damage|p1b: Koraidon|22/100|[from] Recoil
|move|p1a: Weezing|Toxic Spikes|p2a: Raging Bolt
|-sidestart|p2: Ayyofred|move: Toxic Spikes
|
|-weather|SunnyDay|[upkeep]
|upkeep
|
|t:|1750740617
|switch|p2b: Kyogre|Kyogre, L50|37/100
|-status|p2b: Kyogre|psn
|turn|3
|
|t:|1750740634
|switch|p1b: Tatsugiri|Tatsugiri-Droopy, L50, M|100/100
|-end|p1a: Weezing|ability: Neutralizing Gas
|-weather|RainDance|[from] ability: Drizzle|[of] p2b: Kyogre
|switch|p1a: Dondozo|Dondozo, L50, F|100/100
|-enditem|p2a: Raging Bolt|Booster Energy
|-activate|p2a: Raging Bolt|ability: Protosynthesis|[fromitem]
|-start|p2a: Raging Bolt|protosynthesisspa
|-activate|p1b: Tatsugiri|ability: Commander|[of] p1a: Dondozo
|-boost|p1a: Dondozo|atk|2
|-boost|p1a: Dondozo|spa|2
|-boost|p1a: Dondozo|spe|2
|-boost|p1a: Dondozo|def|2
|-boost|p1a: Dondozo|spd|2
|-terastallize|p2a: Raging Bolt|Fairy
|move|p2b: Kyogre|Ice Beam|p1b: Tatsugiri|[miss]
|-miss|p2b: Kyogre|p1b: Tatsugiri
|move|p2a: Raging Bolt|Calm Mind|p2a: Raging Bolt
|-boost|p2a: Raging Bolt|spa|1
|-boost|p2a: Raging Bolt|spd|1
|
|-weather|RainDance|[upkeep]
|-damage|p2b: Kyogre|25/100 psn|[from] psn
|upkeep
|turn|4
|inactive|Gamertag1001 has 30 seconds left.
|inactive|Ayyofred has 30 seconds left.
|
|t:|1750740664
|switch|p2b: Zacian|Zacian-Crowned, L50|100/100
|-ability|p2b: Zacian|Intrepid Sword|boost
|-boost|p2b: Zacian|atk|1
|-terastallize|p1a: Dondozo|Grass
|move|p1a: Dondozo|Earthquake|p2b: Zacian|[spread] p2a,p2b
|-miss|p1a: Dondozo|p1b: Tatsugiri
|-supereffective|p2b: Zacian
|-damage|p2a: Raging Bolt|73/100
|-damage|p2b: Zacian|23/100
|move|p2a: Raging Bolt|Thunder|p1a: Dondozo
|-resisted|p1a: Dondozo
|-damage|p1a: Dondozo|82/100
|-status|p1a: Dondozo|par
|
|-weather|RainDance|[upkeep]
|-heal|p1a: Dondozo|88/100 par|[from] item: Leftovers
|upkeep
|turn|5
|inactive|Ayyofred has 30 seconds left.
|
|t:|1750740696
|move|p2b: Zacian|Play Rough|p1a: Dondozo
|-crit|p1a: Dondozo
|-damage|p1a: Dondozo|44/100 par
|move|p2a: Raging Bolt|Calm Mind|p2a: Raging Bolt
|-boost|p2a: Raging Bolt|spa|1
|-boost|p2a: Raging Bolt|spd|1
|move|p1a: Dondozo|Earthquake|p2a: Raging Bolt|[spread] p2a,p2b
|-miss|p1a: Dondozo|p1b: Tatsugiri
|-supereffective|p2b: Zacian
|-damage|p2a: Raging Bolt|41/100
|-damage|p2b: Zacian|0 fnt
|faint|p2b: Zacian
|
|-weather|RainDance|[upkeep]
|-heal|p1a: Dondozo|50/100 par|[from] item: Leftovers
|upkeep
|
|t:|1750740710
|switch|p2b: Kyogre|Kyogre, L50|25/100 psn
|turn|6
|
|t:|1750740721
|cant|p1a: Dondozo|par
|move|p2b: Kyogre|Ice Beam|p1a: Dondozo
|-supereffective|p1a: Dondozo
|-damage|p1a: Dondozo|23/100 par
|move|p2a: Raging Bolt|Dragon Pulse|p1a: Dondozo
|-damage|p1a: Dondozo|0 fnt
|faint|p1a: Dondozo
|
|-weather|RainDance|[upkeep]
|-damage|p2b: Kyogre|13/100 psn|[from] psn
|upkeep
|
|t:|1750740729
|switch|p1a: Koraidon|Koraidon, L50|22/100
|-weather|SunnyDay|[from] ability: Orichalcum Pulse|[of] p1a: Koraidon
|-activate|p1a: Koraidon|Orichalcum Pulse|[source]
|turn|7
|
|t:|1750740742
|move|p2a: Raging Bolt|Thunderclap|p1a: Koraidon
|-resisted|p1a: Koraidon
|-damage|p1a: Koraidon|0 fnt
|faint|p1a: Koraidon
|move|p2b: Kyogre|Ice Beam|p1b: Tatsugiri
|-damage|p1b: Tatsugiri|63/100
|move|p1b: Tatsugiri|Mirror Coat|p2b: Kyogre
|-damage|p2b: Kyogre|0 fnt
|faint|p2b: Kyogre
|
|-weather|SunnyDay|[upkeep]
|upkeep
|
|t:|1750740745
|switch|p1a: Weezing|Weezing-Galar, L50, F|56/100
|-ability|p1a: Weezing|Neutralizing Gas
|turn|8
|
|t:|1750740764
|move|p1b: Tatsugiri|Protect|p1b: Tatsugiri
|-singleturn|p1b: Tatsugiri|Protect
|move|p2a: Raging Bolt|Dragon Pulse|p1b: Tatsugiri
|-activate|p1b: Tatsugiri|move: Protect
|move|p1a: Weezing|Poison Gas|p2a: Raging Bolt
|-status|p2a: Raging Bolt|psn
|
|-weather|SunnyDay|[upkeep]
|-damage|p2a: Raging Bolt|29/100 psn|[from] psn
|upkeep
|turn|9
|
|t:|1750740773
|move|p2a: Raging Bolt|Dragon Pulse|p1b: Tatsugiri
|-supereffective|p1b: Tatsugiri
|-damage|p1b: Tatsugiri|0 fnt
|faint|p1b: Tatsugiri
|move|p1a: Weezing|Strange Steam|p2a: Raging Bolt
|-damage|p2a: Raging Bolt|17/100 psn
|
|-weather|SunnyDay|[upkeep]
|-damage|p2a: Raging Bolt|4/100 psn|[from] psn
|upkeep
|turn|10
|
|t:|1750740788
|move|p2a: Raging Bolt|Thunder|p1a: Weezing|[miss]
|-miss|p2a: Raging Bolt|p1a: Weezing
|move|p1a: Weezing|Poison Gas|p2a: Raging Bolt
|-fail|p2a: Raging Bolt|psn
|
|-weather|SunnyDay|[upkeep]
|-damage|p2a: Raging Bolt|0 fnt|[from] psn
|faint|p2a: Raging Bolt
|-end|p2a: Raging Bolt|Protosynthesis|[silent]
|
|win|Gamertag1001
|raw|Gamertag1001's rating: 1387 &rarr; <strong>1412</strong><br />(+25 for winning)
|raw|Ayyofred's rating: 1485 &rarr; <strong>1460</strong><br />(-25 for losing)
|l|☆Gamertag1001
|player|p1|
|l|☆Ayyofred
|player|p2|
