|j|☆k caloh cohone'
|j|‽Shrekers13
|t:|1750760182
|gametype|doubles
|player|p1|k caloh cohone'|unknown|1263
|player|p2|Shrekers13|170|1341
|teamsize|p1|6
|teamsize|p2|6
|gen|9
|tier|[Gen 9] VGC 2025 Reg I
|rated|
|rule|Species Clause: Limit one of each Pokémon
|rule|Item Clause: Limit 1 of each item
|clearpoke
|poke|p1|Miraidon, L50|
|poke|p1|Koraidon, L50|
|poke|p1|Whimsicott, L50, F|
|poke|p1|Ditto, L50|
|poke|p1|Iron Hands, L50|
|poke|p1|Ogerpon-Hearthflame, L50, F|
|poke|p2|Calyrex-Ice, L50|
|poke|p2|Miraidon, L50|
|poke|p2|Iron Hands, L50|
|poke|p2|Iron Bundle, L50|
|poke|p2|Ogerpon-Hearthflame, L50, F|
|poke|p2|Farigiraf, L50, F|
|teampreview|4
|
|t:|1750760232
|start
|switch|p1a: Iron Hands|Iron Hands, L50|100/100
|switch|p1b: Koraidon|Koraidon, L50|100/100
|switch|p2a: Miraidon|Miraidon, L50|100/100
|switch|p2b: Iron Bundle|Iron Bundle, L50, shiny|100/100
|-fieldstart|move: Electric Terrain|[from] ability: Hadron Engine|[of] p2a: Miraidon
|-activate|p2b: Iron Bundle|ability: Quark Drive
|-start|p2b: Iron Bundle|quarkdrivespe
|-activate|p1a: Iron Hands|ability: Quark Drive
|-start|p1a: Iron Hands|quarkdriveatk
|-weather|SunnyDay|[from] ability: Orichalcum Pulse|[of] p1b: Koraidon
|-activate|p1b: Koraidon|Orichalcum Pulse|[source]
|turn|1
|
|t:|1750760258
|switch|p2a: Iron Hands|Iron Hands, L50, shiny|100/100
|-activate|p2a: Iron Hands|ability: Quark Drive
|-start|p2a: Iron Hands|quarkdriveatk
|-terastallize|p1b: Koraidon|Fire
|move|p2b: Iron Bundle|Protect|p2b: Iron Bundle
|-singleturn|p2b: Iron Bundle|Protect
|move|p1a: Iron Hands|Fake Out|p2a: Iron Hands
|-damage|p2a: Iron Hands|88/100
|move|p1b: Koraidon|Flame Charge|p2b: Iron Bundle
|-activate|p2b: Iron Bundle|move: Protect
|
|-weather|SunnyDay|[upkeep]
|upkeep
|turn|2
|
|t:|1750760280
|move|p1b: Koraidon|Protect|p1b: Koraidon
|-singleturn|p1b: Koraidon|Protect
|move|p2a: Iron Hands|Fake Out|p1b: Koraidon
|-activate|p1b: Koraidon|move: Protect
|move|p2b: Iron Bundle|Icy Wind|p1a: Iron Hands|[spread] p1a
|-activate|p1b: Koraidon|move: Protect
|-crit|p1a: Iron Hands
|-damage|p1a: Iron Hands|85/100
|-unboost|p1a: Iron Hands|spe|1
|move|p1a: Iron Hands|Low Kick|p2a: Iron Hands
|-crit|p2a: Iron Hands
|-damage|p2a: Iron Hands|0 fnt
|faint|p2a: Iron Hands
|-end|p2a: Iron Hands|Quark Drive|[silent]
|
|-weather|SunnyDay|[upkeep]
|upkeep
|
|t:|1750760294
|switch|p2a: Miraidon|Miraidon, L50|100/100
|-activate|p2a: Miraidon|ability: Hadron Engine
|turn|3
|
|t:|1750760311
|move|p2b: Iron Bundle|Icy Wind|p1a: Iron Hands|[spread] p1a,p1b
|-resisted|p1b: Koraidon
|-damage|p1a: Iron Hands|74/100
|-damage|p1b: Koraidon|90/100
|-unboost|p1a: Iron Hands|spe|1
|move|p2a: Miraidon|Draco Meteor|p1b: Koraidon
|-damage|p1b: Koraidon|0 fnt
|-unboost|p2a: Miraidon|spa|2
|faint|p1b: Koraidon
|move|p1a: Iron Hands|Low Kick|p2a: Miraidon
|-damage|p2a: Miraidon|13/100
|
|-weather|SunnyDay|[upkeep]
|upkeep
|
|t:|1750760327
|switch|p1b: Miraidon|Miraidon, L50|100/100
|-activate|p1b: Miraidon|ability: Hadron Engine
|turn|4
|
|t:|1750760338
|move|p2b: Iron Bundle|Icy Wind|p1a: Iron Hands|[spread] p1a,p1b
|-supereffective|p1b: Miraidon
|-damage|p1a: Iron Hands|63/100
|-damage|p1b: Miraidon|63/100
|-unboost|p1a: Iron Hands|spe|1
|-unboost|p1b: Miraidon|spe|1
|move|p2a: Miraidon|Draco Meteor|p1b: Miraidon
|-supereffective|p1b: Miraidon
|-damage|p1b: Miraidon|0 fnt
|-unboost|p2a: Miraidon|spa|2
|faint|p1b: Miraidon
|move|p1a: Iron Hands|Low Kick|p2b: Iron Bundle
|-supereffective|p2b: Iron Bundle
|-damage|p2b: Iron Bundle|28/100
|
|-weather|SunnyDay|[upkeep]
|upkeep
|
|t:|1750760350
|switch|p1b: Ditto|Ditto, L50, shiny|100/100
|-transform|p1b: Ditto|p2a: Miraidon|[from] ability: Imposter
|-activate|p1b: Ditto|ability: Hadron Engine
|turn|5
|
|t:|1750760358
|move|p2b: Iron Bundle|Icy Wind|p1a: Iron Hands|[spread] p1a,p1b
|-supereffective|p1b: Ditto
|-damage|p1a: Iron Hands|52/100
|-damage|p1b: Ditto|54/100
|-unboost|p1a: Iron Hands|spe|1
|-unboost|p1b: Ditto|spe|1
|move|p2a: Miraidon|Draco Meteor|p1b: Ditto
|-supereffective|p1b: Ditto
|-crit|p1b: Ditto
|-damage|p1b: Ditto|0 fnt
|-unboost|p2a: Miraidon|spa|2
|faint|p1b: Ditto
|move|p1a: Iron Hands|Volt Switch|p2b: Iron Bundle
|-supereffective|p2b: Iron Bundle
|-damage|p2b: Iron Bundle|0 fnt
|faint|p2b: Iron Bundle
|-end|p2b: Iron Bundle|Quark Drive|[silent]
|
|-weather|none
|-fieldend|move: Electric Terrain
|-end|p1a: Iron Hands|Quark Drive
|upkeep
|l|☆k caloh cohone'
|player|p1|
|
|t:|1750760372
|switch|p2b: Ogerpon|Ogerpon-Hearthflame, L50, F|100/100
|-ability|p2b: Ogerpon|Mold Breaker
|turn|6
|inactive|Battle timer is ON: inactive players will automatically lose when time's up. (requested by Shrekers13)
|inactive|k caloh cohone' has 30 seconds to reconnect!
|inactive|k caloh cohone' has 20 seconds to reconnect!
|inactive|k caloh cohone' has 15 seconds to reconnect!
|inactive|k caloh cohone' has 10 seconds to reconnect!
|inactive|k caloh cohone' has 5 seconds to reconnect!
|-message|k caloh cohone' lost due to inactivity.
|
|win|Shrekers13
|raw|k caloh cohone&apos;'s rating: 1263 &rarr; <strong>1244</strong><br />(-19 for losing)
|raw|Shrekers13's rating: 1341 &rarr; <strong>1357</strong><br />(+16 for winning)
