|j|☆fdrgsfafawdawd
|j|☆xuanleivgc
|t:|1750872801
|gametype|doubles
|player|p1|fdrgsfafawdawd|palmer|1167
|player|p2|xuanleivgc|266|1275
|teamsize|p1|6
|teamsize|p2|6
|gen|9
|tier|[Gen 9] VGC 2025 Reg I
|rated|
|rule|Species Clause: Limit one of each Pokémon
|rule|Item Clause: Limit 1 of each item
|clearpoke
|poke|p1|Calyrex-Shadow, L50|
|poke|p1|Regieleki, L50|
|poke|p1|Chi-Yu, L50|
|poke|p1|Tornadus, L50, M|
|poke|p1|Hitmontop, L50, M|
|poke|p1|Miraidon, L50|
|poke|p2|Lunala, L50|
|poke|p2|Groudon, L50|
|poke|p2|Whimsicott, L50, F|
|poke|p2|Raging Bolt, L50|
|poke|p2|Entei, L50|
|poke|p2|Kingambit, L50, F|
|teampreview|4
|inactive|Battle timer is ON: inactive players will automatically lose when time's up. (requested by fdrgsfafawdawd)
fdrgsfafawdawd rejected open team sheets.
|inactive|fdrgsfafawdawd has 60 seconds left.
|
|t:|1750872859
|start
|switch|p1a: Miraidon|Miraidon, L50|100/100
|switch|p1b: Chi-Yu|Chi-Yu, L50|100/100
|switch|p2a: Groudon|Groudon, L50|100/100
|switch|p2b: Whimsicott|Whimsicott, L50, F|100/100
|-ability|p1b: Chi-Yu|Beads of Ruin
|-fieldstart|move: Electric Terrain|[from] ability: Hadron Engine|[of] p1a: Miraidon
|-weather|SunnyDay|[from] ability: Drought|[of] p2a: Groudon
|turn|1
|inactive|fdrgsfafawdawd has 30 seconds left.
|inactive|xuanleivgc has 30 seconds left.
|inactive|xuanleivgc has 20 seconds left.
|inactive|xuanleivgc has 15 seconds left.
|inactive|fdrgsfafawdawd has 20 seconds left.
|inactive|xuanleivgc has 10 seconds left.
|
|t:|1750872906
|switch|p1b: Hitmontop|Hitmontop, L50, M|100/100
|-ability|p1b: Hitmontop|Intimidate|boost
|-fail|p2a: Groudon|unboost|[from] item: Clear Amulet|[of] p2a: Groudon
|-unboost|p2b: Whimsicott|atk|1
|-terastallize|p1a: Miraidon|Fairy
|-terastallize|p2a: Groudon|Fire
|move|p2b: Whimsicott|Tailwind|p2b: Whimsicott
|-sidestart|p2: xuanleivgc|move: Tailwind
|move|p2a: Groudon|Precipice Blades|p1b: Hitmontop|[spread] p1a
|-miss|p2a: Groudon|p1b: Hitmontop
|-damage|p1a: Miraidon|38/100
|move|p1a: Miraidon|Dazzling Gleam|p2a: Groudon|[spread] p2a,p2b
|-resisted|p2a: Groudon
|-damage|p2a: Groudon|69/100
|-enditem|p2b: Whimsicott|Focus Sash
|-damage|p2b: Whimsicott|1/100
|
|-weather|SunnyDay|[upkeep]
|upkeep
|turn|2
|inactive|fdrgsfafawdawd has 30 seconds left.
|inactive|fdrgsfafawdawd has 20 seconds left.
|
|t:|1750872942
|move|p1b: Hitmontop|Fake Out|p2a: Groudon
|-damage|p2a: Groudon|60/100
|move|p2b: Whimsicott|Endeavor|p1b: Hitmontop
|-damage|p1b: Hitmontop|1/100
|-enditem|p1b: Hitmontop|Eject Button
|
|t:|1750872954
|switch|p1b: Calyrex|Calyrex-Shadow, L50|100/100
|-ability|p1b: Calyrex|As One
|-ability|p1b: Calyrex|Unnerve
|cant|p2a: Groudon|flinch
|move|p1a: Miraidon|Dazzling Gleam|p2b: Whimsicott|[spread] p2a,p2b
|-resisted|p2a: Groudon
|-damage|p2a: Groudon|31/100
|-damage|p2b: Whimsicott|0 fnt
|faint|p2b: Whimsicott
|
|-weather|SunnyDay|[upkeep]
|upkeep
|
|t:|1750872972
|switch|p2b: Raging Bolt|Raging Bolt, L50|100/100
|-activate|p2b: Raging Bolt|ability: Protosynthesis
|-start|p2b: Raging Bolt|protosynthesisspa
|turn|3
|inactive|fdrgsfafawdawd has 30 seconds left.
|
|t:|1750873003
|move|p1b: Calyrex|Protect|p1b: Calyrex
|-singleturn|p1b: Calyrex|Protect
|move|p2b: Raging Bolt|Snarl|p1a: Miraidon|[spread] p1a
|-activate|p1b: Calyrex|move: Protect
|-resisted|p1a: Miraidon
|-damage|p1a: Miraidon|26/100
|-unboost|p1a: Miraidon|spa|1
|-damage|p2b: Raging Bolt|91/100|[from] item: Life Orb
|move|p2a: Groudon|Precipice Blades|p1b: Calyrex|[spread] 
|-activate|p1b: Calyrex|move: Protect
|-miss|p2a: Groudon|p1a: Miraidon
|move|p1a: Miraidon|Dazzling Gleam|p2a: Groudon|[spread] p2a,p2b
|-resisted|p2a: Groudon
|-supereffective|p2b: Raging Bolt
|-damage|p2a: Groudon|12/100
|-damage|p2b: Raging Bolt|12/100
|
|-weather|SunnyDay|[upkeep]
|upkeep
|turn|4
|
|t:|1750873027
|switch|p1b: Hitmontop|Hitmontop, L50, M|1/100
|-ability|p1b: Hitmontop|Intimidate|boost
|-fail|p2a: Groudon|unboost|[from] item: Clear Amulet|[of] p2a: Groudon
|-unboost|p2b: Raging Bolt|atk|1
|move|p2b: Raging Bolt|Snarl|p1a: Miraidon|[spread] p1a,p1b
|-resisted|p1a: Miraidon
|-crit|p1a: Miraidon
|-resisted|p1b: Hitmontop
|-damage|p1a: Miraidon|6/100
|-damage|p1b: Hitmontop|0 fnt
|-unboost|p1a: Miraidon|spa|1
|faint|p1b: Hitmontop
|-damage|p2b: Raging Bolt|2/100|[from] item: Life Orb
|move|p2a: Groudon|Precipice Blades|p1a: Miraidon
|-damage|p1a: Miraidon|0 fnt
|faint|p1a: Miraidon
|
|-weather|SunnyDay|[upkeep]
|-sideend|p2: xuanleivgc|move: Tailwind
|upkeep
|
|t:|1750873043
|switch|p1a: Calyrex|Calyrex-Shadow, L50|100/100
|switch|p1b: Chi-Yu|Chi-Yu, L50|100/100
|-ability|p1a: Calyrex|As One
|-ability|p1a: Calyrex|Unnerve
|-ability|p1b: Chi-Yu|Beads of Ruin
|turn|5
|inactive|fdrgsfafawdawd has 30 seconds left.
|
|t:|1750873075
|move|p2a: Groudon|Protect|p2a: Groudon
|-singleturn|p2a: Groudon|Protect
|move|p2b: Raging Bolt|Thunderclap||[still]
|-fail|p2b: Raging Bolt
|move|p1b: Chi-Yu|Heat Wave|p2a: Groudon|[spread] p2b
|-activate|p2a: Groudon|move: Protect
|-resisted|p2b: Raging Bolt
|-damage|p2b: Raging Bolt|0 fnt
|faint|p2b: Raging Bolt
|-end|p2b: Raging Bolt|Protosynthesis|[silent]
|move|p1a: Calyrex|Nasty Plot|p1a: Calyrex
|-boost|p1a: Calyrex|spa|2
|
|-weather|none
|-fieldend|move: Electric Terrain
|upkeep
|
|t:|1750873090
|switch|p2b: Lunala|Lunala, L50, shiny|100/100
|turn|6
|
|t:|1750873095
|move|p2b: Lunala|Wide Guard|p2b: Lunala
|-singleturn|p2b: Lunala|Wide Guard
|move|p1b: Chi-Yu|Heat Wave|p2b: Lunala|[spread] 
|-activate|p2a: Groudon|move: Wide Guard
|-activate|p2b: Lunala|move: Wide Guard
|move|p1a: Calyrex|Astral Barrage|p2a: Groudon|[spread] 
|-activate|p2a: Groudon|move: Wide Guard
|-activate|p2b: Lunala|move: Wide Guard
|move|p2a: Groudon|Precipice Blades|p1a: Calyrex|[spread] p1b
|-miss|p2a: Groudon|p1a: Calyrex
|-supereffective|p1b: Chi-Yu
|-damage|p1b: Chi-Yu|0 fnt
|faint|p1b: Chi-Yu
|
|upkeep
|turn|7
|inactive|xuanleivgc has 30 seconds left.
|
|t:|1750873123
|move|p1a: Calyrex|Draining Kiss|p2a: Groudon
|-resisted|p2a: Groudon
|-damage|p2a: Groudon|0 fnt
|faint|p2a: Groudon
|-ability|p1a: Calyrex|Grim Neigh|boost
|-boost|p1a: Calyrex|spa|1
|move|p2b: Lunala|Meteor Beam||[still]
|-prepare|p2b: Lunala|Meteor Beam
|-boost|p2b: Lunala|spa|1
|-enditem|p2b: Lunala|Power Herb
|-anim|p2b: Lunala|Meteor Beam|p1a: Calyrex
|-crit|p1a: Calyrex
|-enditem|p1a: Calyrex|Focus Sash
|-damage|p1a: Calyrex|1/100
|
|upkeep
|turn|8
|
|t:|1750873137
|move|p1a: Calyrex|Astral Barrage|p2b: Lunala
|-supereffective|p2b: Lunala
|-damage|p2b: Lunala|0 fnt
|faint|p2b: Lunala
|
|win|fdrgsfafawdawd
|raw|fdrgsfafawdawd's rating: 1167 &rarr; <strong>1200</strong><br />(+33 for winning)
|raw|xuanleivgc's rating: 1275 &rarr; <strong>1242</strong><br />(-33 for losing)
|c|☆fdrgsfafawdawd|gg ez
