|j|☆JoeyFromFullHouse
|j|☆phonecount
|t:|1750856043
|gametype|doubles
|player|p1|JoeyFromFullHouse|fisherman-gen4|1415
|player|p2|phonecount|169|1307
|teamsize|p1|6
|teamsize|p2|6
|gen|9
|tier|[Gen 9] VGC 2025 Reg I
|rated|
|rule|Species Clause: Limit one of each Pokémon
|rule|Item Clause: Limit 1 of each item
|clearpoke
|poke|p1|Rillaboom, L50, M|
|poke|p1|Calyrex-Shadow, L50|
|poke|p1|Zamazenta-*, L50|
|poke|p1|Incineroar, L50, M|
|poke|p1|Raging Bolt, L50|
|poke|p1|Ogerpon-Hearthflame, L50, F|
|poke|p2|Terapagos, L50, M|
|poke|p2|Urshifu-*, L50, F|
|poke|p2|Calyrex-Shadow, L50|
|poke|p2|Whimsicott, L50, F|
|poke|p2|Sneasler, L50, M|
|poke|p2|Grimmsnarl, L50, M|
|teampreview|4
|inactive|Battle timer is ON: inactive players will automatically lose when time's up. (requested by JoeyFromFullHouse)
|inactive|JoeyFromFullHouse has 60 seconds left.
|inactive|JoeyFromFullHouse has 30 seconds left.
|inactive|JoeyFromFullHouse has 20 seconds left.
|
|t:|1750856115
|start
|switch|p1a: Calyrex|Calyrex-Shadow, L50|100/100
|switch|p1b: Ogerpon|Ogerpon-Hearthflame, L50, F|100/100
|switch|p2a: Sneasler|Sneasler, L50, M|100/100
|switch|p2b: Calyrex|Calyrex-Shadow, L50|100/100
|-ability|p1a: Calyrex|As One
|-ability|p1a: Calyrex|Unnerve
|-ability|p2b: Calyrex|As One
|-ability|p2b: Calyrex|Unnerve
|-ability|p1b: Ogerpon|Mold Breaker
|turn|1
|
|t:|1750856129
|move|p1a: Calyrex|Protect|p1a: Calyrex
|-singleturn|p1a: Calyrex|Protect
|move|p1b: Ogerpon|Spiky Shield|p1b: Ogerpon
|-singleturn|p1b: Ogerpon|move: Protect
|move|p2a: Sneasler|Fake Out|p1b: Ogerpon
|-activate|p1b: Ogerpon|move: Protect
|-damage|p2a: Sneasler|88/100|[from] Spiky Shield|[of] p1b: Ogerpon
|move|p2b: Calyrex|Astral Barrage|p1a: Calyrex|[spread] 
|-activate|p1a: Calyrex|move: Protect
|-activate|p1b: Ogerpon|move: Protect
|
|upkeep
|turn|2
|
|t:|1750856153
|-terastallize|p1a: Calyrex|Dark
|move|p1a: Calyrex|Psychic|p2a: Sneasler
|-supereffective|p2a: Sneasler
|-damage|p2a: Sneasler|0 fnt
|faint|p2a: Sneasler
|-ability|p1a: Calyrex|Grim Neigh|boost
|-boost|p1a: Calyrex|spa|1
|-damage|p1a: Calyrex|91/100|[from] item: Life Orb
|move|p2b: Calyrex|Astral Barrage|p1a: Calyrex|[spread] p1a,p1b
|-resisted|p1a: Calyrex
|-damage|p1a: Calyrex|64/100
|-damage|p1b: Ogerpon|30/100
|move|p1b: Ogerpon|Ivy Cudgel|p2b: Calyrex|[anim] Ivy Cudgel Fire
|-damage|p2b: Calyrex|30/100
|
|upkeep
|
|t:|1750856173
|switch|p2a: Terapagos|Terapagos, L50, M|100/100
|-activate|p2a: Terapagos|ability: Tera Shift
|detailschange|p2a: Terapagos|Terapagos-Terastal, L50, M
|-heal|p2a: Terapagos|100/100|[silent]
|turn|3
|
|t:|1750856191
|switch|p2b: Grimmsnarl|Grimmsnarl, L50, M|100/100
|switch|p1a: Rillaboom|Rillaboom, L50, M|100/100
|-fieldstart|move: Grassy Terrain|[from] ability: Grassy Surge|[of] p1a: Rillaboom
|-terastallize|p2a: Terapagos|Stellar
|detailschange|p2a: Terapagos|Terapagos-Stellar, L50, M, tera:Stellar
|-heal|p2a: Terapagos|100/100|[silent]
|-ability|p2a: Terapagos|Teraform Zero
|-fieldend|move: Grassy Terrain
|move|p1b: Ogerpon|Grassy Glide|p2b: Grimmsnarl
|-damage|p2b: Grimmsnarl|60/100
|move|p2a: Terapagos|Tera Starstorm|p1a: Rillaboom|[spread] p1a,p1b
|-damage|p1a: Rillaboom|60/100
|-damage|p1b: Ogerpon|0 fnt
|faint|p1b: Ogerpon
|-damage|p2a: Terapagos|90/100|[from] item: Life Orb
|
|upkeep
|
|t:|1750856210
|switch|p1b: Zamazenta|Zamazenta-Crowned, L50|100/100
|-ability|p1b: Zamazenta|Dauntless Shield|boost
|-boost|p1b: Zamazenta|def|1
|turn|4
|
|t:|1750856221
|move|p2a: Terapagos|Protect|p2a: Terapagos
|-singleturn|p2a: Terapagos|Protect
|move|p1b: Zamazenta|Wide Guard|p1b: Zamazenta
|-singleturn|p1b: Zamazenta|Wide Guard
|move|p2b: Grimmsnarl|Reflect|p2b: Grimmsnarl
|-sidestart|p2: phonecount|Reflect
|move|p1a: Rillaboom|Wood Hammer|p2a: Terapagos
|-activate|p2a: Terapagos|move: Protect
|
|upkeep
|turn|5
|
|t:|1750856238
|move|p1b: Zamazenta|Wide Guard|p1b: Zamazenta
|-singleturn|p1b: Zamazenta|Wide Guard
|move|p2b: Grimmsnarl|Thunder Wave|p1b: Zamazenta
|-status|p1b: Zamazenta|par
|move|p2a: Terapagos|Earth Power|p1b: Zamazenta
|-supereffective|p1b: Zamazenta
|-damage|p1b: Zamazenta|20/100 par
|-damage|p2a: Terapagos|80/100|[from] item: Life Orb
|move|p1a: Rillaboom|Wood Hammer|p2b: Grimmsnarl
|-damage|p2b: Grimmsnarl|0 fnt
|faint|p2b: Grimmsnarl
|-damage|p1a: Rillaboom|40/100|[from] Recoil
|
|upkeep
|
|t:|1750856253
|switch|p2b: Calyrex|Calyrex-Shadow, L50|30/100
|-ability|p2b: Calyrex|As One
|-ability|p2b: Calyrex|Unnerve
|turn|6
|
|t:|1750856269
|move|p1b: Zamazenta|Protect||[still]
|-fail|p1b: Zamazenta
|move|p2b: Calyrex|Psychic|p1a: Rillaboom
|-damage|p1a: Rillaboom|0 fnt
|faint|p1a: Rillaboom
|-ability|p2b: Calyrex|Grim Neigh|boost
|-boost|p2b: Calyrex|spa|1
|move|p2a: Terapagos|Earth Power|p1b: Zamazenta
|-supereffective|p1b: Zamazenta
|-damage|p1b: Zamazenta|0 fnt
|faint|p1b: Zamazenta
|-damage|p2a: Terapagos|70/100|[from] item: Life Orb
|
|upkeep
|
|t:|1750856278
|switch|p1b: Calyrex|Calyrex-Shadow, L50, tera:Dark|64/100
|-ability|p1b: Calyrex|As One
|-ability|p1b: Calyrex|Unnerve
|turn|7
|
|t:|1750856295
|move|p2b: Calyrex|Astral Barrage|p1b: Calyrex
|-resisted|p1b: Calyrex
|-damage|p1b: Calyrex|4/100
|move|p1b: Calyrex|Psychic|p2a: Terapagos
|-damage|p2a: Terapagos|20/100
|-damage|p1b: Calyrex|0 fnt|[from] item: Life Orb
|faint|p1b: Calyrex
|
|win|phonecount
|raw|JoeyFromFullHouse's rating: 1415 &rarr; <strong>1389</strong><br />(-26 for losing)
|raw|phonecount's rating: 1307 &rarr; <strong>1333</strong><br />(+26 for winning)
|l|☆JoeyFromFullHouse
|player|p1|
|l|☆phonecount
|player|p2|
