|j|☆name1010
|j|☆Moorzaube
|t:|1750852412
|gametype|doubles
|player|p1|name1010|1|1358
|player|p2|Moorzaube|169|1250
|teamsize|p1|6
|teamsize|p2|6
|gen|9
|tier|[Gen 9] VGC 2025 Reg I
|rated|
|rule|Species Clause: Limit one of each Pokémon
|rule|Item Clause: Limit 1 of each item
|clearpoke
|poke|p1|Calyrex-Ice, L50|
|poke|p1|Amoonguss, L50, M|
|poke|p1|Torkoal, L50, F|
|poke|p1|Iron Hands, L50|
|poke|p1|Indeedee-F, L50, F|
|poke|p1|Zacian-*, L50|
|poke|p2|Calyrex-Shadow, L50|
|poke|p2|Zamazenta-*, L50|
|poke|p2|Rillaboom, L50, M|
|poke|p2|Urshifu-*, L50, M|
|poke|p2|Chien-Pao, L50|
|poke|p2|Incineroar, L50, M|
|teampreview|4
|inactive|Battle timer is ON: inactive players will automatically lose when time's up. (requested by name1010)
|j| Naktix
|inactive|Moorzaube has 60 seconds left.
name1010 has agreed to open team sheets.
|
|t:|1750852468
|start
|switch|p1a: Calyrex|Calyrex-Ice, L50|100/100
|switch|p1b: Indeedee|Indeedee-F, L50, F, shiny|100/100
|switch|p2a: Chien-Pao|Chien-Pao, L50|100/100
|switch|p2b: Incineroar|Incineroar, L50, M|100/100
|-ability|p1a: Calyrex|As One
|-ability|p1a: Calyrex|Unnerve
|-ability|p2a: Chien-Pao|Sword of Ruin
|-fieldstart|move: Psychic Terrain|[from] ability: Psychic Surge|[of] p1b: Indeedee
|-ability|p2b: Incineroar|Intimidate|boost
|-fail|p1a: Calyrex|unboost|[from] item: Clear Amulet|[of] p1a: Calyrex
|-unboost|p1b: Indeedee|atk|1
|turn|1
|inactive|Moorzaube has 30 seconds left.
|inactive|Moorzaube has 20 seconds left.
|
|t:|1750852506
|switch|p2a: Rillaboom|Rillaboom, L50, M|100/100
|-fieldstart|move: Grassy Terrain|[from] ability: Grassy Surge|[of] p2a: Rillaboom
|move|p2b: Incineroar|Fake Out|p1a: Calyrex
|-crit|p1a: Calyrex
|-damage|p1a: Calyrex|91/100
|move|p1b: Indeedee|Follow Me|p1b: Indeedee
|-singleturn|p1b: Indeedee|move: Follow Me
|cant|p1a: Calyrex|flinch
|
|-heal|p1a: Calyrex|97/100|[from] Grassy Terrain
|upkeep
|turn|2
|
|t:|1750852531
|move|p2a: Rillaboom|Fake Out|p1b: Indeedee
|-damage|p1b: Indeedee|89/100
|cant|p1b: Indeedee|flinch
|move|p2b: Incineroar|Knock Off|p1a: Calyrex
|-supereffective|p1a: Calyrex
|-damage|p1a: Calyrex|47/100
|-enditem|p1a: Calyrex|Clear Amulet|[from] move: Knock Off|[of] p2b: Incineroar
|move|p1a: Calyrex|Trick Room|p1a: Calyrex
|-fieldstart|move: Trick Room|[of] p1a: Calyrex
|
|-heal|p1a: Calyrex|53/100|[from] Grassy Terrain
|-heal|p1b: Indeedee|95/100|[from] Grassy Terrain
|upkeep
|turn|3
|
|t:|1750852549
|switch|p1a: Iron Hands|Iron Hands, L50, shiny|100/100
|switch|p2a: Zamazenta|Zamazenta-Crowned, L50|100/100
|-ability|p2a: Zamazenta|Dauntless Shield|boost
|-boost|p2a: Zamazenta|def|1
|move|p2b: Incineroar|Parting Shot|p1a: Iron Hands
|-unboost|p1a: Iron Hands|atk|1
|-unboost|p1a: Iron Hands|spa|1
|
|t:|1750852562
|switch|p2b: Rillaboom|Rillaboom, L50, M|100/100|[from] Parting Shot
|move|p1b: Indeedee|Psychic|p2a: Zamazenta
|-damage|p2a: Zamazenta|80/100
|
|-heal|p1b: Indeedee|100/100|[from] Grassy Terrain
|-heal|p2a: Zamazenta|86/100|[from] Grassy Terrain
|upkeep
|turn|4
|
|t:|1750852584
|switch|p1b: Amoonguss|Amoonguss, L50, M|100/100
|move|p2a: Zamazenta|Protect|p2a: Zamazenta
|-singleturn|p2a: Zamazenta|Protect
|move|p1a: Iron Hands|Fake Out|p2a: Zamazenta
|-activate|p2a: Zamazenta|move: Protect
|move|p2b: Rillaboom|U-turn|p1b: Amoonguss
|-damage|p1b: Amoonguss|78/100
|
|t:|1750852593
|switch|p2b: Incineroar|Incineroar, L50, M|100/100|[from] U-turn
|-ability|p2b: Incineroar|Intimidate|boost
|-unboost|p1a: Iron Hands|atk|1
|-unboost|p1b: Amoonguss|atk|1
|
|-heal|p1b: Amoonguss|84/100|[from] Grassy Terrain
|-heal|p2a: Zamazenta|93/100|[from] Grassy Terrain
|upkeep
|turn|5
|
|t:|1750852611
|-end|p1a: Iron Hands|Quark Drive|[silent]
|switch|p1a: Indeedee|Indeedee-F, L50, F, shiny|100/100
|-fieldstart|move: Psychic Terrain|[from] ability: Psychic Surge|[of] p1a: Indeedee
|switch|p2a: Rillaboom|Rillaboom, L50, M|100/100
|-fieldstart|move: Grassy Terrain|[from] ability: Grassy Surge|[of] p2a: Rillaboom
|move|p1b: Amoonguss|Spore|p2a: Rillaboom
|-immune|p2a: Rillaboom
|move|p2b: Incineroar|Knock Off|p1a: Indeedee
|-supereffective|p1a: Indeedee
|-damage|p1a: Indeedee|23/100
|-enditem|p1a: Indeedee|Focus Sash|[from] move: Knock Off|[of] p2b: Incineroar
|
|-heal|p1b: Amoonguss|90/100|[from] Grassy Terrain
|-heal|p1a: Indeedee|29/100|[from] Grassy Terrain
|upkeep
|turn|6
|inactive|Moorzaube has 30 seconds left.
|
|t:|1750852639
|move|p1a: Indeedee|Follow Me|p1a: Indeedee
|-singleturn|p1a: Indeedee|move: Follow Me
|move|p2a: Rillaboom|Grassy Glide|p1a: Indeedee
|-damage|p1a: Indeedee|0 fnt
|faint|p1a: Indeedee
|move|p1b: Amoonguss|Spore|p2b: Incineroar
|-activate|p2b: Incineroar|item: Safety Goggles|Spore
|move|p2b: Incineroar|Flare Blitz|p1b: Amoonguss
|-supereffective|p1b: Amoonguss
|-damage|p1b: Amoonguss|0 fnt
|faint|p1b: Amoonguss
|-damage|p2b: Incineroar|68/100|[from] Recoil
|
|-heal|p2b: Incineroar|74/100|[from] Grassy Terrain
|-fieldend|move: Trick Room
|upkeep
|
|t:|1750852651
|switch|p1a: Iron Hands|Iron Hands, L50, shiny|100/100
|switch|p1b: Calyrex|Calyrex-Ice, L50|53/100
|-ability|p1b: Calyrex|As One
|-ability|p1b: Calyrex|Unnerve
|turn|7
|inactive|Moorzaube has 30 seconds left.
|inactive|Moorzaube has 20 seconds left.
|
|t:|1750852689
|move|p2a: Rillaboom|U-turn|p1b: Calyrex
|-supereffective|p1b: Calyrex
|-damage|p1b: Calyrex|26/100
|
|t:|1750852696
|switch|p2a: Zamazenta|Zamazenta-Crowned, L50|93/100|[from] U-turn
|move|p2b: Incineroar|Parting Shot|p1b: Calyrex
|-unboost|p1b: Calyrex|atk|1
|-unboost|p1b: Calyrex|spa|1
|
|t:|1750852701
|switch|p2b: Rillaboom|Rillaboom, L50, M|100/100|[from] Parting Shot
|move|p1a: Iron Hands|Drain Punch|p2b: Rillaboom
|-damage|p2b: Rillaboom|61/100
|move|p1b: Calyrex|Glacial Lance|p2a: Zamazenta|[spread] p2a,p2b
|-resisted|p2a: Zamazenta
|-supereffective|p2b: Rillaboom
|-damage|p2a: Zamazenta|83/100
|-damage|p2b: Rillaboom|0 fnt
|faint|p2b: Rillaboom
|-ability|p1b: Calyrex|Chilling Neigh|boost
|-boost|p1b: Calyrex|atk|1
|
|-heal|p2a: Zamazenta|89/100|[from] Grassy Terrain
|-heal|p1b: Calyrex|32/100|[from] Grassy Terrain
|upkeep
|
|t:|1750852711
|switch|p2b: Incineroar|Incineroar, L50, M|74/100
|-ability|p2b: Incineroar|Intimidate|boost
|-unboost|p1a: Iron Hands|atk|1
|-unboost|p1b: Calyrex|atk|1
|turn|8
|inactive|Moorzaube has 30 seconds left.
|
|t:|1750852740
|-terastallize|p2b: Incineroar|Dragon
|move|p1b: Calyrex|Protect|p1b: Calyrex
|-singleturn|p1b: Calyrex|Protect
|move|p2b: Incineroar|Fake Out|p1b: Calyrex
|-activate|p1b: Calyrex|move: Protect
|move|p2a: Zamazenta|Body Press|p1a: Iron Hands
|-damage|p1a: Iron Hands|69/100
|move|p1a: Iron Hands|Drain Punch|p2b: Incineroar
|-damage|p2b: Incineroar|46/100
|-heal|p1a: Iron Hands|81/100|[from] drain|[of] p2b: Incineroar
|
|-heal|p2a: Zamazenta|95/100|[from] Grassy Terrain
|-heal|p2b: Incineroar|51/100|[from] Grassy Terrain
|-heal|p1a: Iron Hands|87/100|[from] Grassy Terrain
|-heal|p1b: Calyrex|38/100|[from] Grassy Terrain
|upkeep
|turn|9
|
|t:|1750852761
|move|p2a: Zamazenta|Body Press|p1b: Calyrex
|-damage|p1b: Calyrex|10/100
|move|p2b: Incineroar|Flare Blitz|p1b: Calyrex
|-supereffective|p1b: Calyrex
|-damage|p1b: Calyrex|0 fnt
|faint|p1b: Calyrex
|-damage|p2b: Incineroar|48/100|[from] Recoil
|move|p1a: Iron Hands|Drain Punch|p2a: Zamazenta
|-supereffective|p2a: Zamazenta
|-damage|p2a: Zamazenta|60/100
|-heal|p1a: Iron Hands|99/100|[from] drain|[of] p2a: Zamazenta
|
|-heal|p2a: Zamazenta|66/100|[from] Grassy Terrain
|-heal|p2b: Incineroar|54/100|[from] Grassy Terrain
|-heal|p1a: Iron Hands|100/100|[from] Grassy Terrain
|-fieldend|move: Grassy Terrain
|upkeep
|turn|10
|-message|name1010 forfeited.
|
|win|Moorzaube
|raw|name1010's rating: 1358 &rarr; <strong>1332</strong><br />(-26 for losing)
|raw|Moorzaube's rating: 1250 &rarr; <strong>1283</strong><br />(+33 for winning)
|l|☆name1010
|player|p1|
