|j|☆higigig
|j|☆ThePhantom6969
|t:|1750744248
|gametype|doubles
|player|p1|higigig|sisandbro|1194
|player|p2|ThePhantom6969|gambler|1205
|teamsize|p1|6
|teamsize|p2|6
|gen|9
|tier|[Gen 9] VGC 2025 Reg I
|rated|
|rule|Species Clause: Limit one of each Pokémon
|rule|Item Clause: Limit 1 of each item
|clearpoke
|poke|p1|Lunala, L50|
|poke|p1|Kyogre, L50|
|poke|p1|Rillaboom, L50, M|
|poke|p1|Urshifu-*, L50, F|
|poke|p1|Incineroar, L50, F|
|poke|p1|Comfey, L50, F|
|poke|p2|Zekrom, L50|
|poke|p2|Reshiram, L50|
|poke|p2|Incineroar, L50, M|
|poke|p2|Whimsicott, L50, M|
|poke|p2|Farigiraf, L50, F|
|poke|p2|Ursaluna-Bloodmoon, L50, M|
|teampreview|4
|inactive|Battle timer is ON: inactive players will automatically lose when time's up. (requested by higigig)
|
|t:|1750744274
|start
|switch|p1a: Lunala|Lunala, L50|100/100
|switch|p1b: Rillaboom|Rillaboom, L50, M|100/100
|switch|p2a: Whimsicott|Whimsicott, L50, M|100/100
|switch|p2b: Zekrom|Zekrom, L50|100/100
|-ability|p2b: Zekrom|Teravolt
|-fieldstart|move: Grassy Terrain|[from] ability: Grassy Surge|[of] p1b: Rillaboom
|turn|1
|
|t:|1750744299
|move|p2a: Whimsicott|Moonblast|p1a: Lunala
|-damage|p1a: Lunala|91/100
|-unboost|p1a: Lunala|spa|1
|move|p2b: Zekrom|Bolt Strike|p1a: Lunala
|-damage|p1a: Lunala|29/100
|move|p1b: Rillaboom|U-turn|p2a: Whimsicott
|-damage|p2a: Whimsicott|60/100
|
|t:|1750744313
|switch|p1b: Comfey|Comfey, L50, F|100/100|[from] U-turn
|move|p1a: Lunala|Trick Room|p1a: Lunala
|-fieldstart|move: Trick Room|[of] p1a: Lunala
|
|-heal|p1a: Lunala|35/100|[from] Grassy Terrain
|-heal|p1a: Lunala|41/100|[from] item: Leftovers
|-heal|p2a: Whimsicott|66/100|[from] Grassy Terrain
|upkeep
|turn|2
|
|t:|1750744326
|move|p1b: Comfey|Floral Healing|p1a: Lunala
|-heal|p1a: Lunala|100/100
|move|p2a: Whimsicott|Encore|p1a: Lunala
|-start|p1a: Lunala|Encore
|move|p2b: Zekrom|Bolt Strike|p1b: Comfey
|-damage|p1b: Comfey|11/100
|move|p1a: Lunala|Trick Room|p1a: Lunala
|-fieldend|move: Trick Room
|
|-heal|p2a: Whimsicott|72/100|[from] Grassy Terrain
|-heal|p1b: Comfey|16/100|[from] Grassy Terrain
|upkeep
|turn|3
|inactive|higigig has 30 seconds left.
|
|t:|1750744355
|switch|p1b: Rillaboom|Rillaboom, L50, M|100/100
|move|p2a: Whimsicott|Taunt|p1a: Lunala
|-start|p1a: Lunala|move: Taunt
|move|p2b: Zekrom|Fusion Bolt|p1b: Rillaboom
|-resisted|p1b: Rillaboom
|-damage|p1b: Rillaboom|73/100
|cant|p1a: Lunala|move: Taunt|Trick Room
|
|-heal|p2a: Whimsicott|78/100|[from] Grassy Terrain
|-heal|p1b: Rillaboom|79/100|[from] Grassy Terrain
|upkeep
|turn|4
|
|t:|1750744371
|switch|p1a: Comfey|Comfey, L50, F|16/100
|-terastallize|p2b: Zekrom|Electric
|move|p1b: Rillaboom|Fake Out|p2b: Zekrom
|-damage|p2b: Zekrom|90/100
|move|p2a: Whimsicott|Moonblast|p1a: Comfey
|-damage|p1a: Comfey|0 fnt
|faint|p1a: Comfey
|cant|p2b: Zekrom|flinch
|
|-heal|p2a: Whimsicott|84/100|[from] Grassy Terrain
|-heal|p2b: Zekrom|96/100|[from] Grassy Terrain
|-heal|p1b: Rillaboom|85/100|[from] Grassy Terrain
|upkeep
|
|t:|1750744380
|switch|p1a: Lunala|Lunala, L50|100/100
|turn|5
|
|t:|1750744388
|move|p2a: Whimsicott|Encore|p1b: Rillaboom
|-start|p1b: Rillaboom|Encore
|move|p1a: Lunala|Moongeist Beam|p2b: Zekrom
|-damage|p2b: Zekrom|72/100
|move|p2b: Zekrom|Fusion Bolt|p1a: Lunala
|-damage|p1a: Lunala|70/100
|move|p1b: Rillaboom|Fake Out||[still]
|-hint|Fake Out only works on your first turn out.
|-fail|p1b: Rillaboom
|
|-heal|p2a: Whimsicott|89/100|[from] Grassy Terrain
|-heal|p1a: Lunala|76/100|[from] Grassy Terrain
|-heal|p1a: Lunala|82/100|[from] item: Leftovers
|-heal|p2b: Zekrom|78/100|[from] Grassy Terrain
|-heal|p1b: Rillaboom|90/100|[from] Grassy Terrain
|-fieldend|move: Grassy Terrain
|upkeep
|turn|6
|
|t:|1750744410
|switch|p1b: Kyogre|Kyogre, L50|100/100
|-weather|RainDance|[from] ability: Drizzle|[of] p1b: Kyogre
|move|p2a: Whimsicott|Moonblast|p1a: Lunala
|-damage|p1a: Lunala|65/100
|move|p1a: Lunala|Moongeist Beam|p2a: Whimsicott
|-damage|p2a: Whimsicott|7/100
|move|p2b: Zekrom|Bolt Strike|p1a: Lunala
|-damage|p1a: Lunala|0 fnt
|faint|p1a: Lunala
|
|-weather|RainDance|[upkeep]
|upkeep
|
|t:|1750744412
|switch|p1a: Rillaboom|Rillaboom, L50, M|90/100
|-fieldstart|move: Grassy Terrain|[from] ability: Grassy Surge|[of] p1a: Rillaboom
|turn|7
|
|t:|1750744428
|switch|p2b: Incineroar|Incineroar, L50, M|100/100
|-ability|p2b: Incineroar|Intimidate|boost
|-unboost|p1a: Rillaboom|atk|1
|-unboost|p1b: Kyogre|atk|1
|move|p1a: Rillaboom|Fake Out|p2b: Incineroar
|-damage|p2b: Incineroar|93/100
|-damage|p1a: Rillaboom|74/100|[from] item: Rocky Helmet|[of] p2b: Incineroar
|move|p2a: Whimsicott|Tailwind|p2a: Whimsicott
|-sidestart|p2: ThePhantom6969|move: Tailwind
|move|p1b: Kyogre|Water Spout|p2a: Whimsicott|[spread] p2a,p2b
|-resisted|p2a: Whimsicott
|-supereffective|p2b: Incineroar
|-crit|p2b: Incineroar
|-damage|p2a: Whimsicott|0 fnt
|-damage|p2b: Incineroar|0 fnt
|faint|p2a: Whimsicott
|faint|p2b: Incineroar
|
|-weather|RainDance|[upkeep]
|-heal|p1a: Rillaboom|80/100|[from] Grassy Terrain
|upkeep
|
|t:|1750744431
|switch|p2a: Reshiram|Reshiram, L50, shiny|100/100
|switch|p2b: Zekrom|Zekrom, L50, tera:Electric|78/100
|-ability|p2a: Reshiram|Turboblaze
|-ability|p2b: Zekrom|Teravolt
|turn|8
|
|t:|1750744446
|-terastallize|p1b: Kyogre|Grass
|move|p2a: Reshiram|Fusion Flare|p1a: Rillaboom
|-supereffective|p1a: Rillaboom
|-damage|p1a: Rillaboom|0 fnt
|faint|p1a: Rillaboom
|-damage|p2a: Reshiram|91/100|[from] item: Life Orb
|move|p2b: Zekrom|Fusion Bolt|p1b: Kyogre
|-resisted|p1b: Kyogre
|-damage|p1b: Kyogre|26/100
|move|p1b: Kyogre|Water Spout|p2a: Reshiram|[spread] p2a,p2b
|-damage|p2a: Reshiram|68/100
|-damage|p2b: Zekrom|66/100
|
|-weather|RainDance|[upkeep]
|-heal|p2a: Reshiram|74/100|[from] Grassy Terrain
|-heal|p2b: Zekrom|72/100|[from] Grassy Terrain
|-heal|p1b: Kyogre|31/100|[from] Grassy Terrain
|upkeep
|turn|9
|-message|higigig forfeited.
|
|win|ThePhantom6969
|raw|higigig's rating: 1194 &rarr; <strong>1170</strong><br />(-24 for losing)
|raw|ThePhantom6969's rating: 1205 &rarr; <strong>1229</strong><br />(+24 for winning)
|l|☆higigig
|player|p1|
|l|☆ThePhantom6969
|player|p2|
