|j|☆AttackonGolurk
|j|☆koyotavgc
|t:|1750780862
|gametype|doubles
|player|p1|AttackonGolurk|steven|1319
|player|p2|koyotavgc|iono|1326
|teamsize|p1|6
|teamsize|p2|6
|gen|9
|tier|[Gen 9] VGC 2025 Reg I
|rated|
|rule|Species Clause: Limit one of each Pokémon
|rule|Item Clause: Limit 1 of each item
|clearpoke
|poke|p1|Miraidon, L50|
|poke|p1|Zamazenta-*, L50|
|poke|p1|Grimmsnarl, L50, M|
|poke|p1|Chien-Pao, L50|
|poke|p1|Volcarona, L50, M|
|poke|p1|Iron Hands, L50|
|poke|p2|Zamazenta-*, L50|
|poke|p2|Rillaboom, L50, M|
|poke|p2|Volcarona, L50, M|
|poke|p2|Calyrex-Shadow, L50|
|poke|p2|Urshifu-*, L50, M|
|poke|p2|Raging Bolt, L50|
|teampreview|4
|inactive|Battle timer is ON: inactive players will automatically lose when time's up. (requested by AttackonGolurk)
|inactive|koyotavgc has 60 seconds left.
|inactive|koyotavgc has 30 seconds left.
|inactive|koyotavgc has 20 seconds left.
|inactive|koyotavgc has 15 seconds left.
|inactive|koyotavgc has 10 seconds left.
|
|t:|1750780947
|start
|switch|p1a: Grimmsnarl|Grimmsnarl, L50, M|100/100
|switch|p1b: Miraidon|Miraidon, L50|100/100
|switch|p2a: Calyrex|Calyrex-Shadow, L50|100/100
|switch|p2b: Volcarona|Volcarona, L50, M|100/100
|-ability|p2a: Calyrex|As One
|-ability|p2a: Calyrex|Unnerve
|-fieldstart|move: Electric Terrain|[from] ability: Hadron Engine|[of] p1b: Miraidon
|turn|1
|
|t:|1750780970
|-terastallize|p2b: Volcarona|Grass
|move|p2a: Calyrex|Protect|p2a: Calyrex
|-singleturn|p2a: Calyrex|Protect
|move|p1a: Grimmsnarl|Light Screen|p1a: Grimmsnarl
|-sidestart|p1: AttackonGolurk|move: Light Screen
|move|p1b: Miraidon|Volt Switch|p2a: Calyrex
|-activate|p2a: Calyrex|move: Protect
|move|p2b: Volcarona|Quiver Dance|p2b: Volcarona
|-boost|p2b: Volcarona|spa|1
|-boost|p2b: Volcarona|spd|1
|-boost|p2b: Volcarona|spe|1
|
|upkeep
|turn|2
|inactive|koyotavgc has 30 seconds left.
|inactive|koyotavgc has 20 seconds left.
|inactive|koyotavgc has 15 seconds left.
|
|t:|1750781010
|move|p1a: Grimmsnarl|Thunder Wave|p2b: Volcarona
|-status|p2b: Volcarona|par
|move|p2a: Calyrex|Astral Barrage|p1a: Grimmsnarl|[spread] p1a,p1b
|-resisted|p1a: Grimmsnarl
|-damage|p1a: Grimmsnarl|79/100
|-damage|p1b: Miraidon|62/100
|-damage|p2a: Calyrex|91/100|[from] item: Life Orb
|move|p1b: Miraidon|Volt Switch|p2a: Calyrex
|-damage|p2a: Calyrex|0 fnt
|faint|p2a: Calyrex
|
|t:|1750781026
|switch|p1b: Volcarona|Volcarona, L50, M|100/100|[from] Volt Switch
|move|p2b: Volcarona|Struggle Bug|p1a: Grimmsnarl|[spread] p1a,p1b
|-resisted|p1b: Volcarona
|-damage|p1a: Grimmsnarl|64/100
|-damage|p1b: Volcarona|93/100
|-unboost|p1a: Grimmsnarl|spa|1
|-unboost|p1b: Volcarona|spa|1
|
|-heal|p1b: Volcarona|99/100|[from] item: Leftovers
|upkeep
|
|t:|1750781036
|switch|p2a: Urshifu|Urshifu-Rapid-Strike, L50, M|100/100
|turn|3
|
|t:|1750781049
|-terastallize|p1b: Volcarona|Dragon
|move|p1a: Grimmsnarl|Thunder Wave|p2a: Urshifu
|-status|p2a: Urshifu|par
|move|p1b: Volcarona|Struggle Bug|p2b: Volcarona|[spread] p2a,p2b
|-resisted|p2a: Urshifu
|-supereffective|p2b: Volcarona
|-damage|p2a: Urshifu|92/100 par
|-damage|p2b: Volcarona|87/100 par
|-unboost|p2a: Urshifu|spa|1
|-unboost|p2b: Volcarona|spa|1
|cant|p2b: Volcarona|par
|cant|p2a: Urshifu|par
|
|-heal|p1b: Volcarona|100/100|[from] item: Leftovers
|-heal|p2b: Volcarona|93/100 par|[from] item: Leftovers
|upkeep
|turn|4
|c|☆koyotavgc|God player
|
|t:|1750781069
|move|p1b: Volcarona|Quiver Dance|p1b: Volcarona
|-boost|p1b: Volcarona|spa|1
|-boost|p1b: Volcarona|spd|1
|-boost|p1b: Volcarona|spe|1
|cant|p2b: Volcarona|par
|cant|p2a: Urshifu|par
|move|p1a: Grimmsnarl|Spirit Break|p2b: Volcarona
|-damage|p2b: Volcarona|57/100 par
|-unboost|p2b: Volcarona|spa|1
|
|-heal|p2b: Volcarona|64/100 par|[from] item: Leftovers
|upkeep
|turn|5
|c|☆koyotavgc|Gg
|inactive|koyotavgc has 30 seconds left.
|c|☆AttackonGolurk|Damn
|c|☆AttackonGolurk|I am pretty good tbh
|inactive|koyotavgc has 20 seconds left.
|inactive|koyotavgc has 15 seconds left.
|inactive|koyotavgc has 10 seconds left.
|inactive|koyotavgc has 5 seconds left.
|
|t:|1750781124
|move|p1b: Volcarona|Struggle Bug|p2a: Urshifu|[spread] p2a,p2b
|-resisted|p2a: Urshifu
|-supereffective|p2b: Volcarona
|-damage|p2a: Urshifu|78/100 par
|-damage|p2b: Volcarona|42/100 par
|-unboost|p2a: Urshifu|spa|1
|-unboost|p2b: Volcarona|spa|1
|cant|p2b: Volcarona|par
|move|p2a: Urshifu|Close Combat|p1b: Volcarona
|-damage|p1b: Volcarona|18/100
|-unboost|p2a: Urshifu|def|1
|-unboost|p2a: Urshifu|spd|1
|move|p1a: Grimmsnarl|Spirit Break|p2a: Urshifu
|-supereffective|p2a: Urshifu
|-crit|p2a: Urshifu
|-damage|p2a: Urshifu|0 fnt
|faint|p2a: Urshifu
|
|-heal|p1b: Volcarona|24/100|[from] item: Leftovers
|-heal|p2b: Volcarona|48/100 par|[from] item: Leftovers
|-fieldend|move: Electric Terrain
|upkeep
|c|☆koyotavgc|And like there you’re not going to give me victory over a question of honor?
|
|t:|1750781147
|switch|p2a: Zamazenta|Zamazenta-Crowned, L50|100/100
|-ability|p2a: Zamazenta|Dauntless Shield|boost
|-boost|p2a: Zamazenta|def|1
|turn|6
|c|☆AttackonGolurk|What?
|c|☆koyotavgc|I swear
|c|☆koyotavgc|No honor
|inactive|koyotavgc has 30 seconds left.
|c|☆koyotavgc|You'r not going to give me victory?
|inactive|koyotavgc has 20 seconds left.
|c|☆AttackonGolurk|I dont understand what you're asking
|c|☆koyotavgc|After all this
|inactive|koyotavgc has 15 seconds left.
|inactive|koyotavgc has 10 seconds left.
|
|t:|1750781192
|move|p2a: Zamazenta|Protect|p2a: Zamazenta
|-singleturn|p2a: Zamazenta|Protect
|move|p1a: Grimmsnarl|Reflect|p1a: Grimmsnarl
|-sidestart|p1: AttackonGolurk|Reflect
|move|p1b: Volcarona|Flamethrower|p2a: Zamazenta
|-activate|p2a: Zamazenta|move: Protect
|move|p2b: Volcarona|Fiery Dance|p1b: Volcarona
|-resisted|p1b: Volcarona
|-damage|p1b: Volcarona|20/100
|-boost|p2b: Volcarona|spa|1
|
|-heal|p1b: Volcarona|27/100|[from] item: Leftovers
|-heal|p2b: Volcarona|54/100 par|[from] item: Leftovers
|upkeep
|turn|7
|c|☆AttackonGolurk|You want me to forfet?
|inactive|koyotavgc has 30 seconds left.
|j| mendako_peace
|c|☆koyotavgc|How can you accept a victory like that?
|inactive|koyotavgc has 20 seconds left.
|inactive|koyotavgc has 15 seconds left.
|c|☆AttackonGolurk|That's just the game lol
|inactive|koyotavgc has 10 seconds left.
|c|☆koyotavgc|Please have a minimum of honor
|inactive|koyotavgc has 5 seconds left.
|
|t:|1750781244
|move|p1a: Grimmsnarl|Thunder Wave|p2a: Zamazenta
|-status|p2a: Zamazenta|par
|move|p1b: Volcarona|Flamethrower|p2a: Zamazenta
|-supereffective|p2a: Zamazenta
|-damage|p2a: Zamazenta|40/100 par
|move|p2b: Volcarona|Quiver Dance|p2b: Volcarona
|-boost|p2b: Volcarona|spa|1
|-boost|p2b: Volcarona|spd|1
|-boost|p2b: Volcarona|spe|1
|move|p2a: Zamazenta|Body Press|p1b: Volcarona
|-damage|p1b: Volcarona|0 fnt
|faint|p1b: Volcarona
|
|-heal|p2b: Volcarona|60/100 par|[from] item: Leftovers
|upkeep
|c|☆AttackonGolurk|No one is going to forfeit for you in a real tournament
|
|t:|1750781261
|switch|p1b: Zamazenta|Zamazenta-Crowned, L50|100/100
|-ability|p1b: Zamazenta|Dauntless Shield|boost
|-boost|p1b: Zamazenta|def|1
|turn|8
|c|☆koyotavgc|You play no real tournament stop a bit
|
|t:|1750781273
|cant|p2a: Zamazenta|par
|move|p1b: Zamazenta|Body Press|p2b: Volcarona
|-damage|p2b: Volcarona|0 fnt
|faint|p2b: Volcarona
|move|p1a: Grimmsnarl|Spirit Break|p2a: Zamazenta
|-damage|p2a: Zamazenta|29/100 par
|-unboost|p2a: Zamazenta|spa|1
|
|-sideend|p1: AttackonGolurk|move: Light Screen
|upkeep
|turn|9
|c|☆AttackonGolurk|Gg man
|c|☆AttackonGolurk|You just got unlucky
|c|☆koyotavgc|No honor, I would be ashamed
|inactive|koyotavgc has 30 seconds left.
|c|☆AttackonGolurk|Yeah yeah
|inactive|koyotavgc has 20 seconds left.
|c|☆AttackonGolurk|Take this L and hold it
|inactive|koyotavgc has 15 seconds left.
|inactive|koyotavgc has 10 seconds left.
|inactive|koyotavgc has 5 seconds left.
|c|☆AttackonGolurk|4
|c|☆AttackonGolurk|3
|c|☆AttackonGolurk|2
|c|☆AttackonGolurk|1
|
|t:|1750781328
|move|p1b: Zamazenta|Body Press|p2a: Zamazenta
|-supereffective|p2a: Zamazenta
|-damage|p2a: Zamazenta|0 fnt
|faint|p2a: Zamazenta
|
|win|AttackonGolurk
|raw|AttackonGolurk's rating: 1319 &rarr; <strong>1339</strong><br />(+20 for winning)
|raw|koyotavgc's rating: 1326 &rarr; <strong>1306</strong><br />(-20 for losing)
|c|☆koyotavgc|I have rarely seen a guy as ridiculous you would get hissed at in regional
|c|☆koyotavgc|Good game
|c|☆AttackonGolurk|Yeah but I wouldn't demand my opp
|c|☆AttackonGolurk|Forfeit
|c|☆koyotavgc|0 honor
|l|☆koyotavgc
|player|p2|
|c|☆AttackonGolurk|Git gud
|l| mendako_peace
