|j|☆hdlshshxvqjw
|j|☆Anothernameagain
|t:|1750746967
|gametype|doubles
|player|p1|hdlshshxvqjw|102|1374
|player|p2|Anothernameagain|266|1272
|teamsize|p1|6
|teamsize|p2|6
|gen|9
|tier|[Gen 9] VGC 2025 Reg I
|rated|
|rule|Species Clause: Limit one of each Pokémon
|rule|Item Clause: Limit 1 of each item
|clearpoke
|poke|p1|Ho-Oh, L50|
|poke|p1|Calyrex-Shadow, L50|
|poke|p1|Walking Wake, L50|
|poke|p1|Incineroar, L50, F|
|poke|p1|Landorus, L50, M|
|poke|p1|Toxapex, L50, M|
|poke|p2|Koraidon, L50|
|poke|p2|Chi-Yu, L50|
|poke|p2|Weezing, L50, F|
|poke|p2|Incineroar, L50, M|
|poke|p2|Calyrex-Shadow, L50|
|poke|p2|Regieleki, L50|
|teampreview|4
|inactive|Battle timer is ON: inactive players will automatically lose when time's up. (requested by hdlshshxvqjw)
|
|t:|1750746992
|start
|switch|p1a: Ho-Oh|Ho-Oh, L50|100/100
|switch|p1b: Toxapex|Toxapex, L50, M|100/100
|switch|p2a: Calyrex|Calyrex-Shadow, L50|100/100
|switch|p2b: Regieleki|Regieleki, L50|100/100
|-ability|p2a: Calyrex|As One
|-ability|p2a: Calyrex|Unnerve
|turn|1
|
|t:|1750747012
|switch|p1a: Incineroar|Incineroar, L50, F|100/100
|-ability|p1a: Incineroar|Intimidate|boost
|-unboost|p2a: Calyrex|atk|1
|-unboost|p2b: Regieleki|atk|1
|-terastallize|p1b: Toxapex|Dark
|move|p2b: Regieleki|Protect|p2b: Regieleki
|-singleturn|p2b: Regieleki|Protect
|move|p2a: Calyrex|Psychic|p1b: Toxapex
|-immune|p1b: Toxapex
|move|p1b: Toxapex|Toxic Spikes|p2b: Regieleki
|-sidestart|p2: Anothernameagain|move: Toxic Spikes
|
|upkeep
|turn|2
|inactive|hdlshshxvqjw has 30 seconds left.
|inactive|Anothernameagain has 30 seconds left.
|
|t:|1750747044
|move|p2b: Regieleki|Electroweb|p1a: Incineroar|[spread] p1a,p1b
|-damage|p1a: Incineroar|87/100
|-damage|p1b: Toxapex|85/100
|-unboost|p1a: Incineroar|spe|1
|-unboost|p1b: Toxapex|spe|1
|move|p2a: Calyrex|Encore|p1b: Toxapex
|-start|p1b: Toxapex|Encore
|-enditem|p1b: Toxapex|Mental Herb
|-end|p1b: Toxapex|Encore
|move|p1a: Incineroar|Knock Off|p2b: Regieleki
|-damage|p2b: Regieleki|17/100
|-enditem|p2b: Regieleki|Normal Gem|[from] move: Knock Off|[of] p1a: Incineroar
|move|p1b: Toxapex|Infestation|p2b: Regieleki
|-crit|p2b: Regieleki
|-damage|p2b: Regieleki|7/100
|-activate|p2b: Regieleki|move: Infestation|[of] p1b: Toxapex
|
|-damage|p2b: Regieleki|0 fnt|[from] move: Infestation|[partiallytrapped]
|faint|p2b: Regieleki
|upkeep
|
|t:|1750747063
|switch|p2b: Koraidon|Koraidon, L50|100/100
|-status|p2b: Koraidon|psn
|-weather|SunnyDay|[from] ability: Orichalcum Pulse|[of] p2b: Koraidon
|-activate|p2b: Koraidon|Orichalcum Pulse|[source]
|turn|3
|
|t:|1750747083
|switch|p1a: Calyrex|Calyrex-Shadow, L50|100/100
|-ability|p1a: Calyrex|As One
|-ability|p1a: Calyrex|Unnerve
|move|p2a: Calyrex|Protect|p2a: Calyrex
|-singleturn|p2a: Calyrex|Protect
|move|p1b: Toxapex|Wide Guard|p1b: Toxapex
|-singleturn|p1b: Toxapex|Wide Guard
|move|p2b: Koraidon|Collision Course|p1b: Toxapex
|-supereffective|p1b: Toxapex
|-damage|p1b: Toxapex|0 fnt
|faint|p1b: Toxapex
|
|-weather|SunnyDay|[upkeep]
|-damage|p2b: Koraidon|88/100 psn|[from] psn
|upkeep
|
|t:|1750747092
|switch|p1b: Incineroar|Incineroar, L50, F|87/100
|-ability|p1b: Incineroar|Intimidate|boost
|-unboost|p2a: Calyrex|atk|1
|-unboost|p2b: Koraidon|atk|1
|turn|4
|
|t:|1750747108
|move|p2b: Koraidon|Helping Hand|p2a: Calyrex
|-singleturn|p2a: Calyrex|Helping Hand|[of] p2b: Koraidon
|move|p1b: Incineroar|Fake Out|p2a: Calyrex
|-immune|p2a: Calyrex
|move|p2a: Calyrex|Astral Barrage|p1b: Incineroar|[spread] p1a,p1b
|-supereffective|p1a: Calyrex
|-resisted|p1b: Incineroar
|-enditem|p1a: Calyrex|Focus Sash
|-damage|p1a: Calyrex|1/100
|-damage|p1b: Incineroar|60/100
|move|p1a: Calyrex|Astral Barrage|p2b: Koraidon|[spread] p2a,p2b
|-supereffective|p2a: Calyrex
|-enditem|p2a: Calyrex|Focus Sash
|-damage|p2a: Calyrex|1/100
|-damage|p2b: Koraidon|41/100 psn
|
|-weather|SunnyDay|[upkeep]
|-damage|p2b: Koraidon|28/100 psn|[from] psn
|upkeep
|turn|5
|inactive|Anothernameagain has 30 seconds left.
|
|t:|1750747135
|move|p2a: Calyrex|Protect|p2a: Calyrex
|-singleturn|p2a: Calyrex|Protect
|move|p1a: Calyrex|Astral Barrage|p2b: Koraidon|[spread] p2b
|-activate|p2a: Calyrex|move: Protect
|-damage|p2b: Koraidon|0 fnt
|faint|p2b: Koraidon
|-ability|p1a: Calyrex|Grim Neigh|boost
|-boost|p1a: Calyrex|spa|1
|move|p1b: Incineroar|U-turn|p2a: Calyrex
|-activate|p2a: Calyrex|move: Protect
|
|-weather|SunnyDay|[upkeep]
|upkeep
|
|t:|1750747149
|switch|p2b: Chi-Yu|Chi-Yu, L50|100/100
|-status|p2b: Chi-Yu|psn
|-ability|p2b: Chi-Yu|Beads of Ruin
|turn|6
|
|t:|1750747163
|-terastallize|p2b: Chi-Yu|Fire
|move|p1a: Calyrex|Protect|p1a: Calyrex
|-singleturn|p1a: Calyrex|Protect
|move|p2b: Chi-Yu|Heat Wave|p1b: Incineroar|[spread] p1b
|-activate|p1a: Calyrex|move: Protect
|-resisted|p1b: Incineroar
|-damage|p1b: Incineroar|31/100
|move|p2a: Calyrex|Astral Barrage|p1a: Calyrex|[spread] p1b
|-activate|p1a: Calyrex|move: Protect
|-resisted|p1b: Incineroar
|-damage|p1b: Incineroar|10/100
|move|p1b: Incineroar|U-turn|p2a: Calyrex
|-damage|p2a: Calyrex|0 fnt
|faint|p2a: Calyrex
|
|t:|1750747173
|switch|p1b: Ho-Oh|Ho-Oh, L50|100/100|[from] U-turn
|
|-weather|SunnyDay|[upkeep]
|-damage|p2b: Chi-Yu|88/100 psn|[from] psn
|upkeep
|turn|7
|
|t:|1750747179
|move|p1b: Ho-Oh|Protect|p1b: Ho-Oh
|-singleturn|p1b: Ho-Oh|Protect
|move|p2b: Chi-Yu|Heat Wave|p1a: Calyrex|[spread] p1a
|-activate|p1b: Ho-Oh|move: Protect
|-damage|p1a: Calyrex|0 fnt
|faint|p1a: Calyrex
|
|-weather|none
|-damage|p2b: Chi-Yu|76/100 psn|[from] psn
|upkeep
|
|t:|1750747181
|switch|p1a: Incineroar|Incineroar, L50, F|10/100
|-ability|p1a: Incineroar|Intimidate|boost
|-unboost|p2b: Chi-Yu|atk|1
|turn|8
|-message|Anothernameagain forfeited.
|
|win|hdlshshxvqjw
|raw|hdlshshxvqjw's rating: 1374 &rarr; <strong>1388</strong><br />(+14 for winning)
|raw|Anothernameagain's rating: 1272 &rarr; <strong>1254</strong><br />(-18 for losing)
|l|☆Anothernameagain
|player|p2|
|l|☆hdlshshxvqjw
|player|p1|
