|j|☆Dakimakura69
|j|☆amandaToriMeating
|t:|1750795310
|gametype|doubles
|player|p1|Dakimakura69|cynthia|1542
|player|p2|amandaToriMeating|266|1534
|teamsize|p1|6
|teamsize|p2|6
|gen|9
|tier|[Gen 9] VGC 2025 Reg I
|rated|
|rule|Species Clause: Limit one of each Pokémon
|rule|Item Clause: Limit 1 of each item
|clearpoke
|poke|p1|Lunala, L50|
|poke|p1|Koraidon, L50|
|poke|p1|Flutter Mane, L50|
|poke|p1|Indeedee-F, L50, F|
|poke|p1|Ogerpon-Cornerstone, L50, F|
|poke|p1|Chi-Yu, L50|
|poke|p2|Indeedee-F, L50, F|
|poke|p2|Kyogre, L50|
|poke|p2|Tornadus, L50, M|
|poke|p2|Calyrex-Shadow, L50|
|poke|p2|Amoonguss, L50, F|
|poke|p2|Sneasler, L50, M|
|teampreview|4
|inactive|Battle timer is ON: inactive players will automatically lose when time's up. (requested by amandaToriMeating)
Dakimakura69 rejected open team sheets.
|inactive|Dakimakura69 has 60 seconds left.
|inactive|Dakimakura69 has 30 seconds left.
|
|t:|1750795379
|start
|switch|p1a: Lunala|Lunala, L50|100/100
|switch|p1b: Ogerpon|Ogerpon-Cornerstone, L50, F|100/100
|switch|p2a: Indeedee|Indeedee-F, L50, F|100/100
|switch|p2b: Calyrex|Calyrex-Shadow, L50|100/100
|-ability|p2b: Calyrex|As One
|-ability|p2b: Calyrex|Unnerve
|-fieldstart|move: Psychic Terrain|[from] ability: Psychic Surge|[of] p2a: Indeedee
|turn|1
|j| TrainerGil
|inactive|Dakimakura69 has 30 seconds left.
|inactive|Dakimakura69 has 20 seconds left.
|inactive|Dakimakura69 has 15 seconds left.
|
|t:|1750795424
|switch|p1a: Indeedee|Indeedee-F, L50, F|100/100
|move|p2b: Calyrex|Protect|p2b: Calyrex
|-singleturn|p2b: Calyrex|Protect
|move|p1b: Ogerpon|Ivy Cudgel|p2b: Calyrex|[anim] Ivy Cudgel Rock
|-activate|p2b: Calyrex|move: Protect
|move|p2a: Indeedee|Imprison|p2a: Indeedee
|-start|p2a: Indeedee|move: Imprison
|
|upkeep
|turn|2
|inactive|Dakimakura69 has 30 seconds left.
|
|t:|1750795453
|move|p2a: Indeedee|Follow Me|p2a: Indeedee
|-singleturn|p2a: Indeedee|move: Follow Me
|move|p2b: Calyrex|Expanding Force|p1a: Indeedee|[spread] p1a,p1b
|-resisted|p1a: Indeedee
|-damage|p1a: Indeedee|54/100
|-ability|p1b: Ogerpon|Sturdy
|-damage|p1b: Ogerpon|1/100
|-damage|p2b: Calyrex|91/100|[from] item: Life Orb
|move|p1b: Ogerpon|Ivy Cudgel|p2a: Indeedee|[anim] Ivy Cudgel Rock
|-damage|p2a: Indeedee|39/100
|move|p1a: Indeedee|Shadow Ball|p2a: Indeedee
|-immune|p2a: Indeedee
|
|upkeep
|turn|3
|inactive|Dakimakura69 has 30 seconds left.
|inactive|Dakimakura69 has 20 seconds left.
|inactive|Dakimakura69 has 15 seconds left.
|inactive|Dakimakura69 has 10 seconds left.
|
|t:|1750795500
|move|p2a: Indeedee|Helping Hand|p2b: Calyrex
|-singleturn|p2b: Calyrex|Helping Hand|[of] p2a: Indeedee
|move|p2b: Calyrex|Expanding Force|p1b: Ogerpon|[spread] p1a,p1b
|-resisted|p1a: Indeedee
|-damage|p1a: Indeedee|0 fnt
|-damage|p1b: Ogerpon|0 fnt
|faint|p1a: Indeedee
|faint|p1b: Ogerpon
|-ability|p2b: Calyrex|Grim Neigh|boost
|-boost|p2b: Calyrex|spa|2
|-damage|p2b: Calyrex|81/100|[from] item: Life Orb
|
|upkeep
|
|t:|1750795510
|switch|p1b: Lunala|Lunala, L50|100/100
|switch|p1a: Koraidon|Koraidon, L50|100/100
|-weather|SunnyDay|[from] ability: Orichalcum Pulse|[of] p1a: Koraidon
|-activate|p1a: Koraidon|Orichalcum Pulse|[source]
|turn|4
|inactive|Dakimakura69 has 30 seconds left.
|
|t:|1750795541
|-terastallize|p2b: Calyrex|Ground
|-terastallize|p1b: Lunala|Water
|move|p1a: Koraidon|Protect|p1a: Koraidon
|-singleturn|p1a: Koraidon|Protect
|move|p2a: Indeedee|Follow Me|p2a: Indeedee
|-singleturn|p2a: Indeedee|move: Follow Me
|move|p2b: Calyrex|Tera Blast|p1a: Koraidon|[anim] Tera Blast Ground
|-activate|p1a: Koraidon|move: Protect
|move|p1b: Lunala|Meteor Beam||[still]
|-prepare|p1b: Lunala|Meteor Beam
|-boost|p1b: Lunala|spa|1
|-enditem|p1b: Lunala|Power Herb
|-anim|p1b: Lunala|Meteor Beam|p2a: Indeedee
|-damage|p2a: Indeedee|0 fnt
|faint|p2a: Indeedee
|
|-weather|SunnyDay|[upkeep]
|upkeep
|
|t:|1750795561
|switch|p2a: Sneasler|Sneasler, L50, M|100/100
|-enditem|p2a: Sneasler|Psychic Seed
|-boost|p2a: Sneasler|spd|1|[from] item: Psychic Seed
|turn|5
|inactive|Dakimakura69 has 30 seconds left.
|
|t:|1750795589
|move|p2a: Sneasler|Dire Claw|p1b: Lunala
|-damage|p1b: Lunala|80/100
|-status|p1b: Lunala|psn
|move|p2b: Calyrex|Tera Blast|p1a: Koraidon|[anim] Tera Blast Ground
|-crit|p1a: Koraidon
|-damage|p1a: Koraidon|0 fnt
|faint|p1a: Koraidon
|-ability|p2b: Calyrex|Grim Neigh|boost
|-boost|p2b: Calyrex|spa|1
|-damage|p2b: Calyrex|72/100|[from] item: Life Orb
|move|p1b: Lunala|Expanding Force|p2b: Calyrex|[spread] p2a,p2b
|-supereffective|p2a: Sneasler
|-damage|p2a: Sneasler|0 fnt
|-damage|p2b: Calyrex|0 fnt
|faint|p2a: Sneasler
|faint|p2b: Calyrex
|
|-weather|SunnyDay|[upkeep]
|-damage|p1b: Lunala|68/100 psn|[from] psn
|-fieldend|move: Psychic Terrain
|upkeep
|
|t:|1750795610
|switch|p2b: Kyogre|Kyogre, L50|100/100
|-weather|RainDance|[from] ability: Drizzle|[of] p2b: Kyogre
|turn|6
|
|t:|1750795619
|move|p2b: Kyogre|Protect|p2b: Kyogre
|-singleturn|p2b: Kyogre|Protect
|move|p1b: Lunala|Moongeist Beam|p2b: Kyogre
|-activate|p2b: Kyogre|move: Protect
|
|-weather|RainDance|[upkeep]
|-damage|p1b: Lunala|55/100 psn|[from] psn
|upkeep
|turn|7
|
|t:|1750795629
|move|p1b: Lunala|Moongeist Beam|p2b: Kyogre
|-damage|p2b: Kyogre|40/100
|move|p2b: Kyogre|Water Spout|p1b: Lunala
|-resisted|p1b: Lunala
|-damage|p1b: Lunala|33/100 psn
|
|-weather|RainDance|[upkeep]
|-damage|p1b: Lunala|20/100 psn|[from] psn
|upkeep
|turn|8
|
|t:|1750795641
|move|p2b: Kyogre|Protect|p2b: Kyogre
|-singleturn|p2b: Kyogre|Protect
|move|p1b: Lunala|Moongeist Beam|p2b: Kyogre
|-activate|p2b: Kyogre|move: Protect
|
|-weather|RainDance|[upkeep]
|-damage|p1b: Lunala|8/100 psn|[from] psn
|upkeep
|turn|9
|c|☆Dakimakura69|what lead would have been better for me?
|c|☆Dakimakura69|i felt instantly on the backfoot
|
|t:|1750795652
|move|p2b: Kyogre|Protect||[still]
|-fail|p2b: Kyogre
|move|p1b: Lunala|Moongeist Beam|p2b: Kyogre
|-damage|p2b: Kyogre|0 fnt
|faint|p2b: Kyogre
|
|win|Dakimakura69
|raw|Dakimakura69's rating: 1542 &rarr; <strong>1562</strong><br />(+20 for winning)
|raw|amandaToriMeating's rating: 1534 &rarr; <strong>1514</strong><br />(-20 for losing)
|l|☆amandaToriMeating
|player|p2|
|l| TrainerGil
|c|☆Dakimakura69|idk the indeedee switch-in was a bad response right
