|j|☆Sir Grindalot
|j|☆stakey
|t:|1750827765
|gametype|doubles
|player|p1|Sir Grindalot|170|1144
|player|p2|stakey|2|1127
|teamsize|p1|6
|teamsize|p2|6
|gen|9
|tier|[Gen 9] VGC 2025 Reg I
|rated|
|rule|Species Clause: Limit one of each Pokémon
|rule|Item Clause: Limit 1 of each item
|clearpoke
|poke|p1|Kommo-o, L50, F|
|poke|p1|Calyrex-Shadow, L50|
|poke|p1|Rillaboom, L50, F|
|poke|p1|Incineroar, L50, M|
|poke|p1|Koraidon, L50|
|poke|p1|Scovillain, L50, M|
|poke|p2|Sneasler, L50, F|
|poke|p2|Scream Tail, L50|
|poke|p2|Chien-Pao, L50|
|poke|p2|Cinccino, L50, F|
|poke|p2|Roaring Moon, L50|
|poke|p2|Archaludon, L50, F|
|teampreview|4
|inactive|Battle timer is ON: inactive players will automatically lose when time's up. (requested by Sir Grindalot)
|inactive|stakey has 60 seconds left.
|
|t:|1750827810
|start
|switch|p1a: Kommo-o|Kommo-o, L50, F|100/100
|switch|p1b: Rillaboom|Rillaboom, L50, F|100/100
|switch|p2a: Sneasler|Sneasler, L50, F|100/100
|switch|p2b: Cinccino|Cinccino, L50, F|100/100
|-fieldstart|move: Grassy Terrain|[from] ability: Grassy Surge|[of] p1b: Rillaboom
|turn|1
|
|t:|1750827833
|move|p2b: Cinccino|Protect|p2b: Cinccino
|-singleturn|p2b: Cinccino|Protect
|move|p2a: Sneasler|Protect|p2a: Sneasler
|-singleturn|p2a: Sneasler|Protect
|move|p1a: Kommo-o|Clangorous Soul|p1a: Kommo-o
|-boost|p1a: Kommo-o|atk|1
|-boost|p1a: Kommo-o|def|1
|-boost|p1a: Kommo-o|spa|1
|-boost|p1a: Kommo-o|spd|1
|-boost|p1a: Kommo-o|spe|1
|-damage|p1a: Kommo-o|68/100
|move|p1b: Rillaboom|Wood Hammer|p2b: Cinccino
|-activate|p2b: Cinccino|move: Protect
|
|-heal|p1a: Kommo-o|74/100|[from] Grassy Terrain
|-heal|p1a: Kommo-o|80/100|[from] item: Leftovers
|upkeep
|turn|2
|inactive|Sir Grindalot has 30 seconds left.
|inactive|stakey has 30 seconds left.
|inactive|Sir Grindalot has 20 seconds left.
|inactive|stakey has 20 seconds left.
|inactive|stakey has 15 seconds left.
|inactive|stakey has 10 seconds left.
|
|t:|1750827881
|move|p2b: Cinccino|Helping Hand|p2a: Sneasler
|-singleturn|p2a: Sneasler|Helping Hand|[of] p2b: Cinccino
|move|p1a: Kommo-o|Protect|p1a: Kommo-o
|-singleturn|p1a: Kommo-o|Protect
|move|p2a: Sneasler|Dire Claw|p1b: Rillaboom
|-supereffective|p1b: Rillaboom
|-damage|p1b: Rillaboom|0 fnt
|faint|p1b: Rillaboom
|
|-heal|p1a: Kommo-o|86/100|[from] Grassy Terrain
|-heal|p1a: Kommo-o|93/100|[from] item: Leftovers
|upkeep
|
|t:|1750827889
|switch|p1b: Incineroar|Incineroar, L50, M|100/100
|-ability|p1b: Incineroar|Intimidate|boost
|-unboost|p2a: Sneasler|atk|1
|-unboost|p2b: Cinccino|atk|1
|turn|3
|
|t:|1750827906
|move|p2b: Cinccino|Protect|p2b: Cinccino
|-singleturn|p2b: Cinccino|Protect
|move|p2a: Sneasler|Protect|p2a: Sneasler
|-singleturn|p2a: Sneasler|Protect
|move|p1b: Incineroar|Fake Out|p2a: Sneasler
|-activate|p2a: Sneasler|move: Protect
|move|p1a: Kommo-o|Clangorous Soul|p1a: Kommo-o
|-boost|p1a: Kommo-o|atk|1
|-boost|p1a: Kommo-o|def|1
|-boost|p1a: Kommo-o|spa|1
|-boost|p1a: Kommo-o|spd|1
|-boost|p1a: Kommo-o|spe|1
|-damage|p1a: Kommo-o|60/100
|
|-heal|p1a: Kommo-o|66/100|[from] Grassy Terrain
|-heal|p1a: Kommo-o|72/100|[from] item: Leftovers
|upkeep
|turn|4
|inactive|Sir Grindalot has 30 seconds left.
|inactive|stakey has 30 seconds left.
|inactive|Sir Grindalot has 20 seconds left.
|
|t:|1750827944
|-terastallize|p2a: Sneasler|Dark
|move|p2b: Cinccino|Helping Hand|p2a: Sneasler
|-singleturn|p2a: Sneasler|Helping Hand|[of] p2b: Cinccino
|move|p1a: Kommo-o|Drain Punch|p2b: Cinccino
|-supereffective|p2b: Cinccino
|-damage|p2b: Cinccino|0 fnt
|-heal|p1a: Kommo-o|100/100|[from] drain|[of] p2b: Cinccino
|faint|p2b: Cinccino
|move|p2a: Sneasler|Fling|p1a: Kommo-o
|-resisted|p1a: Kommo-o
|-crit|p1a: Kommo-o
|-damage|p1a: Kommo-o|63/100
|-status|p1a: Kommo-o|psn
|-enditem|p2a: Sneasler|Poison Barb|[from] move: Fling
|move|p1b: Incineroar|Flare Blitz|p2a: Sneasler
|-damage|p2a: Sneasler|1/100
|-damage|p1b: Incineroar|74/100|[from] Recoil
|
|-heal|p2a: Sneasler|7/100|[from] Grassy Terrain
|-heal|p1a: Kommo-o|69/100 psn|[from] Grassy Terrain
|-heal|p1a: Kommo-o|75/100 psn|[from] item: Leftovers
|-heal|p1b: Incineroar|80/100|[from] Grassy Terrain
|-damage|p1a: Kommo-o|63/100 psn|[from] psn
|upkeep
|inactive|stakey has 30 seconds left.
|inactive|stakey has 20 seconds left.
|inactive|stakey has 15 seconds left.
|
|t:|1750827985
|switch|p2b: Chien-Pao|Chien-Pao, L50|100/100
|-ability|p2b: Chien-Pao|Sword of Ruin
|turn|5
|inactive|stakey has 30 seconds left.
|
|t:|1750828012
|move|p1a: Kommo-o|Protect|p1a: Kommo-o
|-singleturn|p1a: Kommo-o|Protect
|move|p2a: Sneasler|Dire Claw|p1b: Incineroar
|-damage|p1b: Incineroar|41/100
|move|p2b: Chien-Pao|Sacred Sword|p1b: Incineroar
|-supereffective|p1b: Incineroar
|-damage|p1b: Incineroar|0 fnt
|faint|p1b: Incineroar
|
|-heal|p2a: Sneasler|13/100|[from] Grassy Terrain
|-heal|p1a: Kommo-o|69/100 psn|[from] Grassy Terrain
|-heal|p1a: Kommo-o|75/100 psn|[from] item: Leftovers
|-damage|p1a: Kommo-o|63/100 psn|[from] psn
|upkeep
|
|t:|1750828020
|switch|p1b: Calyrex|Calyrex-Shadow, L50|100/100
|-ability|p1b: Calyrex|As One
|-ability|p1b: Calyrex|Unnerve
|turn|6
|
|t:|1750828044
|move|p2b: Chien-Pao|Sucker Punch||[still]
|-fail|p2b: Chien-Pao
|move|p2a: Sneasler|Fling||[still]
|-fail|p2a: Sneasler
|move|p1a: Kommo-o|Drain Punch|p2b: Chien-Pao
|-supereffective|p2b: Chien-Pao
|-enditem|p2b: Chien-Pao|Focus Sash
|-damage|p2b: Chien-Pao|1/100
|-heal|p1a: Kommo-o|100/100 psn|[from] drain|[of] p2b: Chien-Pao
|move|p1b: Calyrex|Psych Up|p1a: Kommo-o
|-copyboost|p1b: Calyrex|p1a: Kommo-o|[from] move: Psych Up
|
|-heal|p2a: Sneasler|19/100|[from] Grassy Terrain
|-heal|p2b: Chien-Pao|7/100|[from] Grassy Terrain
|-damage|p1a: Kommo-o|88/100 psn|[from] psn
|upkeep
|turn|7
|inactive|stakey has 30 seconds left.
|inactive|stakey has 20 seconds left.
|inactive|stakey has 15 seconds left.
|inactive|stakey has 10 seconds left.
|
|t:|1750828091
|-terastallize|p1b: Calyrex|Fairy
|move|p2b: Chien-Pao|Sucker Punch|p1b: Calyrex
|-resisted|p1b: Calyrex
|-damage|p1b: Calyrex|89/100
|move|p1b: Calyrex|Astral Barrage|p2b: Chien-Pao|[spread] p2a,p2b
|-resisted|p2a: Sneasler
|-resisted|p2b: Chien-Pao
|-damage|p2a: Sneasler|0 fnt
|-damage|p2b: Chien-Pao|0 fnt
|faint|p2a: Sneasler
|faint|p2b: Chien-Pao
|-ability|p1b: Calyrex|Grim Neigh|boost
|-boost|p1b: Calyrex|spa|2
|move|p1a: Kommo-o|Clangorous Soul|p1a: Kommo-o
|-boost|p1a: Kommo-o|atk|1
|-boost|p1a: Kommo-o|def|1
|-boost|p1a: Kommo-o|spa|1
|-boost|p1a: Kommo-o|spd|1
|-boost|p1a: Kommo-o|spe|1
|-damage|p1a: Kommo-o|55/100 psn
|
|-heal|p1b: Calyrex|95/100|[from] Grassy Terrain
|-heal|p1a: Kommo-o|61/100 psn|[from] Grassy Terrain
|-heal|p1a: Kommo-o|68/100 psn|[from] item: Leftovers
|-damage|p1a: Kommo-o|55/100 psn|[from] psn
|upkeep
|inactive|stakey has 30 seconds left.
|
|t:|1750828116
|switch|p2b: Scream Tail|Scream Tail, L50|100/100
|turn|8
|inactive|Sir Grindalot has 30 seconds left.
|
|t:|1750828142
|move|p1b: Calyrex|Astral Barrage|p2b: Scream Tail
|-supereffective|p2b: Scream Tail
|-damage|p2b: Scream Tail|0 fnt
|faint|p2b: Scream Tail
|-end|p2b: Scream Tail|Protosynthesis|[silent]
|
|win|Sir Grindalot
|raw|Sir Grindalot's rating: 1144 &rarr; <strong>1168</strong><br />(+24 for winning)
|raw|stakey's rating: 1127 &rarr; <strong>1103</strong><br />(-24 for losing)
|l|☆Sir Grindalot
|player|p1|
|l|☆stakey
|player|p2|
