|j|‽Allhailhippo
|j|☆branefx
|t:|1750863506
|gametype|doubles
|player|p1|Allhailhippo|170|1536
|player|p2|branefx|169|1554
|teamsize|p1|6
|teamsize|p2|6
|gen|9
|tier|[Gen 9] VGC 2025 Reg I
|rated|
|rule|Species Clause: Limit one of each Pokémon
|rule|Item Clause: Limit 1 of each item
|clearpoke
|poke|p1|Necrozma-Dusk-Mane, L50|
|poke|p1|Calyrex-Ice, L50|
|poke|p1|Farigiraf, L50, M|
|poke|p1|Tornadus, L50, M|
|poke|p1|Flutter Mane, L50|
|poke|p1|Ursaluna, L50, F|
|poke|p2|Koraidon, L50|
|poke|p2|Calyrex-Shadow, L50|
|poke|p2|Flutter Mane, L50|
|poke|p2|Walking Wake, L50|
|poke|p2|Weezing-Galar, L50, F|
|poke|p2|Brute Bonnet, L50|
|teampreview|4
|inactive|Battle timer is ON: inactive players will automatically lose when time's up. (requested by branefx)
|inactive|Allhailhippo also wants the timer to be on.
|
|t:|1750863523
|start
|switch|p1a: Calyrex|Calyrex-Ice, L50|100/100
|switch|p1b: Farigiraf|Farigiraf, L50, M|100/100
|switch|p2a: Koraidon|Koraidon, L50|100/100
|switch|p2b: Weezing|Weezing-Galar, L50, F|100/100
|-ability|p2b: Weezing|Neutralizing Gas
|-block|p2a: Koraidon|item: Ability Shield
|-ability|p1a: Calyrex|As One
|-ability|p1a: Calyrex|Unnerve
|-weather|SunnyDay|[from] ability: Orichalcum Pulse|[of] p2a: Koraidon
|-activate|p2a: Koraidon|Orichalcum Pulse|[source]
|turn|1
|inactive|branefx has 30 seconds left.
|inactive|branefx has 20 seconds left.
|
|t:|1750863558
|-terastallize|p2a: Koraidon|Fire
|-terastallize|p1a: Calyrex|Fire
|move|p2a: Koraidon|Flare Blitz|p1b: Farigiraf
|-damage|p1b: Farigiraf|0 fnt
|faint|p1b: Farigiraf
|-damage|p2a: Koraidon|58/100|[from] Recoil
|move|p2b: Weezing|Taunt|p1a: Calyrex
|-start|p1a: Calyrex|move: Taunt
|move|p1a: Calyrex|Glacial Lance|p2a: Koraidon|[spread] p2a,p2b
|-resisted|p2a: Koraidon
|-damage|p2a: Koraidon|30/100
|-damage|p2b: Weezing|50/100
|
|-weather|SunnyDay|[upkeep]
|upkeep
|
|t:|1750863574
|switch|p1b: Flutter Mane|Flutter Mane, L50|100/100
|turn|2
|
|t:|1750863582
|move|p1b: Flutter Mane|Protect|p1b: Flutter Mane
|-singleturn|p1b: Flutter Mane|Protect
|move|p2a: Koraidon|Flare Blitz|p1b: Flutter Mane
|-activate|p1b: Flutter Mane|move: Protect
|move|p2b: Weezing|Poison Gas|p1b: Flutter Mane|[spread] p1a
|-activate|p1b: Flutter Mane|move: Protect
|-status|p1a: Calyrex|psn
|move|p1a: Calyrex|Glacial Lance|p2b: Weezing|[spread] p2a,p2b
|-resisted|p2a: Koraidon
|-damage|p2a: Koraidon|6/100
|-damage|p2b: Weezing|6/100
|
|-weather|SunnyDay|[upkeep]
|-damage|p1a: Calyrex|88/100 psn|[from] psn
|upkeep
|turn|3
|
|t:|1750863600
|move|p2a: Koraidon|Flare Blitz|p1b: Flutter Mane
|-enditem|p1b: Flutter Mane|Focus Sash
|-damage|p1b: Flutter Mane|1/100
|-damage|p2a: Koraidon|0 fnt|[from] Recoil
|faint|p2a: Koraidon
|move|p1b: Flutter Mane|Moonblast|p2b: Weezing
|-resisted|p2b: Weezing
|-damage|p2b: Weezing|0 fnt
|faint|p2b: Weezing
|-end|p2b: Weezing|ability: Neutralizing Gas
|-activate|p1b: Flutter Mane|ability: Protosynthesis
|-start|p1b: Flutter Mane|protosynthesisspe
|move|p1a: Calyrex|Glacial Lance|p2: Koraidon|[notarget]
|-fail|p1a: Calyrex
|
|-weather|SunnyDay|[upkeep]
|-damage|p1a: Calyrex|76/100 psn|[from] psn
|-end|p1a: Calyrex|move: Taunt
|upkeep
|
|t:|1750863610
|switch|p2a: Calyrex|Calyrex-Shadow, L50|100/100
|switch|p2b: Flutter Mane|Flutter Mane, L50|100/100
|-ability|p2a: Calyrex|As One
|-ability|p2a: Calyrex|Unnerve
|-activate|p2b: Flutter Mane|ability: Protosynthesis
|-start|p2b: Flutter Mane|protosynthesisspe
|turn|4
|
|t:|1750863622
|move|p2b: Flutter Mane|Dazzling Gleam|p1b: Flutter Mane|[spread] p1a,p1b
|-resisted|p1a: Calyrex
|-damage|p1a: Calyrex|65/100 psn
|-damage|p1b: Flutter Mane|0 fnt
|faint|p1b: Flutter Mane
|-end|p1b: Flutter Mane|Protosynthesis|[silent]
|move|p2a: Calyrex|Astral Barrage|p1a: Calyrex
|-damage|p1a: Calyrex|30/100 psn
|move|p1a: Calyrex|Glacial Lance|p2a: Calyrex|[spread] p2a,p2b
|-damage|p2a: Calyrex|32/100
|-damage|p2b: Flutter Mane|0 fnt
|faint|p2b: Flutter Mane
|-end|p2b: Flutter Mane|Protosynthesis|[silent]
|-ability|p1a: Calyrex|Chilling Neigh|boost
|-boost|p1a: Calyrex|atk|1
|
|-weather|SunnyDay|[upkeep]
|-damage|p1a: Calyrex|18/100 psn|[from] psn
|upkeep
|
|t:|1750863635
|switch|p1b: Necrozma|Necrozma-Dusk-Mane, L50|100/100
|turn|5
|
|t:|1750863640
|move|p2a: Calyrex|Astral Barrage|p1a: Calyrex|[spread] p1a,p1b
|-supereffective|p1b: Necrozma
|-damage|p1a: Calyrex|0 fnt
|-damage|p1b: Necrozma|30/100
|faint|p1a: Calyrex
|-ability|p2a: Calyrex|Grim Neigh|boost
|-boost|p2a: Calyrex|spa|1
|move|p1b: Necrozma|Knock Off|p2a: Calyrex
|-supereffective|p2a: Calyrex
|-damage|p2a: Calyrex|0 fnt
|-enditem|p2a: Calyrex|Focus Sash|[from] move: Knock Off|[of] p1b: Necrozma
|faint|p2a: Calyrex
|
|win|Allhailhippo
|raw|Allhailhippo's rating: 1536 &rarr; <strong>1557</strong><br />(+21 for winning)
|raw|branefx's rating: 1554 &rarr; <strong>1533</strong><br />(-21 for losing)
|l|☆branefx
|player|p2|
|l|‽Allhailhippo
|player|p1|
