|j|☆jeigan for smash
|j|☆Glaciaty
|t:|1750882876
|gametype|doubles
|player|p1|jeigan for smash|giovanni|1416
|player|p2|Glaciaty|waiter-gen4dp|1367
|teamsize|p1|6
|teamsize|p2|6
|gen|9
|tier|[Gen 9] VGC 2025 Reg I
|rated|
|rule|Species Clause: Limit one of each Pokémon
|rule|Item Clause: Limit 1 of each item
|clearpoke
|poke|p1|Calyrex-Shadow, L50|
|poke|p1|Miraidon, L50|
|poke|p1|Incineroar, L50, F|
|poke|p1|Sneasler, L50, M|
|poke|p1|Amoonguss, L50, M|
|poke|p1|Gastrodon-East, L50, F|
|poke|p2|Groudon, L50|
|poke|p2|Miraidon, L50|
|poke|p2|Meowstic, L50, M|
|poke|p2|Iron Boulder, L50|
|poke|p2|Incineroar, L50, M|
|poke|p2|Flutter Mane, L50|
|teampreview|4
|inactive|Battle timer is ON: inactive players will automatically lose when time's up. (requested by Glaciaty)
|
|t:|1750882896
|start
|switch|p1a: Miraidon|Miraidon, L50|100/100
|switch|p1b: Sneasler|Sneasler, L50, M|100/100
|switch|p2a: Meowstic|Meowstic, L50, M|100/100
|switch|p2b: Groudon|Groudon, L50|100/100
|-fieldstart|move: Electric Terrain|[from] ability: Hadron Engine|[of] p1a: Miraidon
|-enditem|p1b: Sneasler|Electric Seed
|-boost|p1b: Sneasler|def|1|[from] item: Electric Seed
|-weather|SunnyDay|[from] ability: Drought|[of] p2b: Groudon
|turn|1
|
|t:|1750882918
|move|p1b: Sneasler|Fake Out|p2b: Groudon
|-damage|p2b: Groudon|89/100
|move|p2a: Meowstic|Fake Out|p1a: Miraidon
|-damage|p1a: Miraidon|96/100
|cant|p1a: Miraidon|flinch
|cant|p2b: Groudon|flinch
|
|-weather|SunnyDay|[upkeep]
|upkeep
|turn|2
|
|t:|1750882936
|move|p2b: Groudon|Protect|p2b: Groudon
|-singleturn|p2b: Groudon|Protect
|move|p1b: Sneasler|Acid Spray|p2b: Groudon
|-activate|p2b: Groudon|move: Protect
|move|p1a: Miraidon|Volt Switch|p2a: Meowstic
|-damage|p2a: Meowstic|33/100
|
|t:|1750882944
|switch|p1a: Calyrex|Calyrex-Shadow, L50|100/100|[from] Volt Switch
|-ability|p1a: Calyrex|As One
|-ability|p1a: Calyrex|Unnerve
|move|p2a: Meowstic|Psychic Noise|p1b: Sneasler
|-supereffective|p1b: Sneasler
|-damage|p1b: Sneasler|0 fnt
|faint|p1b: Sneasler
|
|-weather|SunnyDay|[upkeep]
|upkeep
|
|t:|1750882948
|switch|p1b: Incineroar|Incineroar, L50, F|100/100
|-ability|p1b: Incineroar|Intimidate|boost
|-unboost|p2a: Meowstic|atk|1
|-fail|p2b: Groudon|unboost|[from] item: Clear Amulet|[of] p2b: Groudon
|turn|3
|
|t:|1750882966
|switch|p2b: Miraidon|Miraidon, L50|100/100
|-activate|p2b: Miraidon|ability: Hadron Engine
|-terastallize|p1a: Calyrex|Ghost
|move|p1b: Incineroar|Fake Out|p2b: Miraidon
|-damage|p2b: Miraidon|92/100
|move|p2a: Meowstic|Thunder Wave|p1a: Calyrex
|-status|p1a: Calyrex|par
|cant|p1a: Calyrex|par
|
|-weather|SunnyDay|[upkeep]
|upkeep
|turn|4
|inactive|Glaciaty has 30 seconds left.
|
|t:|1750882996
|switch|p2a: Groudon|Groudon, L50|89/100
|move|p2b: Miraidon|Snarl|p1b: Incineroar|[spread] p1a,p1b
|-supereffective|p1a: Calyrex
|-resisted|p1b: Incineroar
|-damage|p1a: Calyrex|59/100 par
|-damage|p1b: Incineroar|94/100
|-unboost|p1a: Calyrex|spa|1
|-unboost|p1b: Incineroar|spa|1
|move|p1b: Incineroar|Knock Off|p2b: Miraidon
|-damage|p2b: Miraidon|60/100
|-enditem|p2b: Miraidon|Assault Vest|[from] move: Knock Off|[of] p1b: Incineroar
|cant|p1a: Calyrex|par
|
|-weather|SunnyDay|[upkeep]
|upkeep
|turn|5
|-message|jeigan for smash forfeited.
|
|win|Glaciaty
|raw|jeigan for smash's rating: 1416 &rarr; <strong>1393</strong><br />(-23 for losing)
|raw|Glaciaty's rating: 1367 &rarr; <strong>1390</strong><br />(+23 for winning)
|l|☆jeigan for smash
|player|p1|
|l|☆Glaciaty
|player|p2|
