|j|☆falk DJ
|j|‽glowsharp
|t:|1750844329
|gametype|doubles
|player|p1|falk DJ|miku-water|1411
|player|p2|glowsharp|nate|1368
|teamsize|p1|6
|teamsize|p2|6
|gen|9
|tier|[Gen 9] VGC 2025 Reg I
|rated|
|rule|Species Clause: Limit one of each Pokémon
|rule|Item Clause: Limit 1 of each item
|clearpoke
|poke|p1|Calyrex-Shadow, L50|
|poke|p1|Miraidon, L50|
|poke|p1|Dondozo, L50, F|
|poke|p1|Tatsugiri-Droopy, L50, M|
|poke|p1|Flamigo, L50, M|
|poke|p1|Volcarona, L50, F|
|poke|p2|Kyogre, L50|
|poke|p2|Urshifu-*, L50, F|
|poke|p2|Flutter Mane, L50|
|poke|p2|Calyrex-Ice, L50|
|poke|p2|Indeedee-F, L50, F|
|poke|p2|Ursaluna, L50, M|
|teampreview|4
|inactive|Battle timer is ON: inactive players will automatically lose when time's up. (requested by falk DJ)
|
|t:|1750844354
|start
|switch|p1a: Miraidon|Miraidon, L50|100/100
|switch|p1b: Tatsugiri|Tatsugiri-Droopy, L50, M|100/100
|switch|p2a: Calyrex|Calyrex-Ice, L50|100/100
|switch|p2b: Ursaluna|Ursaluna, L50, M|100/100
|-ability|p2a: Calyrex|As One
|-ability|p2a: Calyrex|Unnerve
|-fieldstart|move: Electric Terrain|[from] ability: Hadron Engine|[of] p1a: Miraidon
|turn|1
|
|t:|1750844377
|-terastallize|p2a: Calyrex|Grass
|move|p2b: Ursaluna|Protect|p2b: Ursaluna
|-singleturn|p2b: Ursaluna|Protect
|move|p1a: Miraidon|Volt Switch|p2a: Calyrex
|-resisted|p2a: Calyrex
|-damage|p2a: Calyrex|80/100
|
|t:|1750844382
|switch|p1a: Dondozo|Dondozo, L50, F|100/100|[from] Volt Switch
|-activate|p1b: Tatsugiri|ability: Commander|[of] p1a: Dondozo
|-boost|p1a: Dondozo|atk|2
|-boost|p1a: Dondozo|spa|2
|-boost|p1a: Dondozo|spe|2
|-boost|p1a: Dondozo|def|2
|-boost|p1a: Dondozo|spd|2
|move|p2a: Calyrex|Trick Room|p2a: Calyrex
|-fieldstart|move: Trick Room|[of] p2a: Calyrex
|
|-damage|p1b: Tatsugiri|88/100|[from] item: Black Sludge
|-status|p2b: Ursaluna|brn|[from] item: Flame Orb
|upkeep
|turn|2
|
|t:|1750844402
|move|p1a: Dondozo|Protect|p1a: Dondozo
|-singleturn|p1a: Dondozo|Protect
|move|p2a: Calyrex|Seed Bomb|p1a: Dondozo
|-activate|p1a: Dondozo|move: Protect
|move|p2b: Ursaluna|Facade|p1a: Dondozo
|-activate|p1a: Dondozo|move: Protect
|
|-damage|p1b: Tatsugiri|75/100|[from] item: Black Sludge
|-damage|p2b: Ursaluna|95/100 brn|[from] brn
|upkeep
|turn|3
|
|t:|1750844410
|-terastallize|p1a: Dondozo|Grass
|move|p2a: Calyrex|Protect|p2a: Calyrex
|-singleturn|p2a: Calyrex|Protect
|move|p2b: Ursaluna|Facade|p1a: Dondozo
|-damage|p1a: Dondozo|65/100
|move|p1a: Dondozo|Wave Crash|p2b: Ursaluna
|-supereffective|p2b: Ursaluna
|-damage|p2b: Ursaluna|0 fnt
|faint|p2b: Ursaluna
|-damage|p1a: Dondozo|41/100|[from] Recoil
|
|-heal|p1a: Dondozo|47/100|[from] item: Leftovers
|-damage|p1b: Tatsugiri|63/100|[from] item: Black Sludge
|upkeep
|
|t:|1750844421
|switch|p2b: Kyogre|Kyogre, L50|100/100
|-weather|RainDance|[from] ability: Drizzle|[of] p2b: Kyogre
|turn|4
|
|t:|1750844427
|move|p1a: Dondozo|Protect|p1a: Dondozo
|-singleturn|p1a: Dondozo|Protect
|move|p2a: Calyrex|Seed Bomb|p1a: Dondozo
|-activate|p1a: Dondozo|move: Protect
|move|p2b: Kyogre|Origin Pulse|p1a: Dondozo|[spread] 
|-miss|p2b: Kyogre|p1b: Tatsugiri
|-activate|p1a: Dondozo|move: Protect
|
|-weather|RainDance|[upkeep]
|-heal|p1a: Dondozo|53/100|[from] item: Leftovers
|-damage|p1b: Tatsugiri|50/100|[from] item: Black Sludge
|upkeep
|turn|5
|
|t:|1750844451
|move|p2a: Calyrex|Glacial Lance|p1a: Dondozo|[spread] p1a
|-miss|p2a: Calyrex|p1b: Tatsugiri
|-supereffective|p1a: Dondozo
|-damage|p1a: Dondozo|20/100
|move|p1a: Dondozo|Order Up|p2b: Kyogre
|-damage|p2b: Kyogre|64/100
|-boost|p1a: Dondozo|def|1
|move|p2b: Kyogre|Origin Pulse|p1b: Tatsugiri|[spread] p1a
|-miss|p2b: Kyogre|p1b: Tatsugiri
|-resisted|p1a: Dondozo
|-damage|p1a: Dondozo|2/100
|
|-weather|RainDance|[upkeep]
|-heal|p1a: Dondozo|8/100|[from] item: Leftovers
|-damage|p1b: Tatsugiri|38/100|[from] item: Black Sludge
|-fieldend|move: Trick Room
|-fieldend|move: Electric Terrain
|upkeep
|turn|6
|
|t:|1750844475
|move|p2b: Kyogre|Origin Pulse|p1a: Dondozo|[spread] p1a
|-miss|p2b: Kyogre|p1b: Tatsugiri
|-resisted|p1a: Dondozo
|-damage|p1a: Dondozo|0 fnt
|faint|p1a: Dondozo
|move|p2a: Calyrex|Trick Room|p2a: Calyrex
|-fieldstart|move: Trick Room|[of] p2a: Calyrex
|
|-weather|RainDance|[upkeep]
|-damage|p1b: Tatsugiri|25/100|[from] item: Black Sludge
|upkeep
|
|t:|1750844478
|switch|p1a: Miraidon|Miraidon, L50|100/100
|-fieldstart|move: Electric Terrain|[from] ability: Hadron Engine|[of] p1a: Miraidon
|turn|7
|
|t:|1750844486
|move|p1a: Miraidon|Protect|p1a: Miraidon
|-singleturn|p1a: Miraidon|Protect
|move|p2a: Calyrex|Glacial Lance|p1b: Tatsugiri|[spread] p1b
|-activate|p1a: Miraidon|move: Protect
|-damage|p1b: Tatsugiri|0 fnt
|faint|p1b: Tatsugiri
|-ability|p2a: Calyrex|Chilling Neigh|boost
|-boost|p2a: Calyrex|atk|1
|move|p2b: Kyogre|Origin Pulse|p1a: Miraidon
|-activate|p1a: Miraidon|move: Protect
|
|-weather|RainDance|[upkeep]
|upkeep
|
|t:|1750844489
|switch|p1b: Calyrex|Calyrex-Shadow, L50|100/100
|-ability|p1b: Calyrex|As One
|-ability|p1b: Calyrex|Unnerve
|turn|8
|-message|falk DJ forfeited.
|
|win|glowsharp
|raw|falk DJ's rating: 1411 &rarr; <strong>1389</strong><br />(-22 for losing)
|raw|glowsharp's rating: 1368 &rarr; <strong>1390</strong><br />(+22 for winning)
|l|☆falk DJ
|player|p1|
|l|‽glowsharp
|player|p2|
