|j|☆gold_necrozma
|j|☆natsuki aoya
|t:|1750729706
|gametype|doubles
|player|p1|gold_necrozma|ghetsis|1155
|player|p2|natsuki aoya|2|1256
|teamsize|p1|6
|teamsize|p2|6
|gen|9
|tier|[Gen 9] VGC 2025 Reg I
|rated|
|rule|Species Clause: Limit one of each Pokémon
|rule|Item Clause: Limit 1 of each item
|clearpoke
|poke|p1|Koraidon, L50|
|poke|p1|Miraidon, L50|
|poke|p1|Raging Bolt, L50|
|poke|p1|Whimsicott, L50, M|
|poke|p1|Brute Bonnet, L50|
|poke|p1|Kingambit, L50, F|
|poke|p2|Calyrex-Ice, L50|
|poke|p2|Kyogre, L50|
|poke|p2|Whimsicott, L50, F|
|poke|p2|Tsareena, L50, F|
|poke|p2|Raging Bolt, L50|
|poke|p2|Swampert, L50, M|
|teampreview|4
|inactive|Battle timer is ON: inactive players will automatically lose when time's up. (requested by natsuki aoya)
|
|t:|1750729758
|start
|switch|p1a: Miraidon|Miraidon, L50|100/100
|switch|p1b: Koraidon|Koraidon, L50|100/100
|switch|p2a: Whimsicott|Whimsicott, L50, F|100/100
|switch|p2b: Raging Bolt|Raging Bolt, L50|100/100
|-weather|SunnyDay|[from] ability: Orichalcum Pulse|[of] p1b: Koraidon
|-activate|p2b: Raging Bolt|ability: Protosynthesis
|-start|p2b: Raging Bolt|protosynthesisspa
|-activate|p1b: Koraidon|Orichalcum Pulse|[source]
|-fieldstart|move: Electric Terrain|[from] ability: Hadron Engine|[of] p1a: Miraidon
|turn|1
|inactive|gold_necrozma has 30 seconds left.
|
|t:|1750729784
|move|p2b: Raging Bolt|Protect|p2b: Raging Bolt
|-singleturn|p2b: Raging Bolt|Protect
|move|p1b: Koraidon|Collision Course|p2b: Raging Bolt
|-activate|p2b: Raging Bolt|move: Protect
|move|p1a: Miraidon|Dazzling Gleam|p2b: Raging Bolt|[spread] p2a
|-activate|p2b: Raging Bolt|move: Protect
|-damage|p2a: Whimsicott|53/100
|move|p2a: Whimsicott|Trick Room|p2a: Whimsicott
|-fieldstart|move: Trick Room|[of] p2a: Whimsicott
|
|-weather|SunnyDay|[upkeep]
|upkeep
|turn|2
|inactive|natsuki aoya has 30 seconds left.
|inactive|natsuki aoya has 20 seconds left.
|inactive|natsuki aoya has 15 seconds left.
|inactive|natsuki aoya has 10 seconds left.
|
|t:|1750729830
|switch|p1b: Whimsicott|Whimsicott, L50, M|100/100
|-terastallize|p1a: Miraidon|Fairy
|move|p2a: Whimsicott|Memento|p1b: Whimsicott
|-unboost|p1b: Whimsicott|atk|2
|-unboost|p1b: Whimsicott|spa|2
|faint|p2a: Whimsicott
|move|p2b: Raging Bolt|Draco Meteor|p1b: Whimsicott
|-immune|p1b: Whimsicott
|move|p1a: Miraidon|Dazzling Gleam|p2b: Raging Bolt
|-supereffective|p2b: Raging Bolt
|-damage|p2b: Raging Bolt|0 fnt
|faint|p2b: Raging Bolt
|-end|p2b: Raging Bolt|Protosynthesis|[silent]
|
|-weather|SunnyDay|[upkeep]
|upkeep
|
|t:|1750729844
|switch|p2b: Calyrex|Calyrex-Ice, L50|100/100
|switch|p2a: Kyogre|Kyogre, L50|100/100
|-ability|p2b: Calyrex|As One
|-ability|p2b: Calyrex|Unnerve
|-weather|RainDance|[from] ability: Drizzle|[of] p2a: Kyogre
|turn|3
|
|t:|1750729874
|move|p1b: Whimsicott|Taunt|p2b: Calyrex
|-start|p2b: Calyrex|move: Taunt
|move|p2b: Calyrex|Glacial Lance|p1b: Whimsicott|[spread] p1a,p1b
|-supereffective|p1b: Whimsicott
|-damage|p1a: Miraidon|27/100
|-damage|p1b: Whimsicott|0 fnt
|faint|p1b: Whimsicott
|-ability|p2b: Calyrex|Chilling Neigh|boost
|-boost|p2b: Calyrex|atk|1
|move|p2a: Kyogre|Ice Beam|p1a: Miraidon
|-damage|p1a: Miraidon|0 fnt
|faint|p1a: Miraidon
|
|-weather|RainDance|[upkeep]
|upkeep
|
|t:|1750729883
|switch|p1b: Kingambit|Kingambit, L50, F|100/100
|switch|p1a: Koraidon|Koraidon, L50|100/100
|-weather|SunnyDay|[from] ability: Orichalcum Pulse|[of] p1a: Koraidon
|-activate|p1a: Koraidon|Orichalcum Pulse|[source]
|turn|4
|inactive|natsuki aoya has 30 seconds left.
|inactive|natsuki aoya has 20 seconds left.
|
|t:|1750729920
|-terastallize|p2b: Calyrex|Grass
|move|p1b: Kingambit|Sucker Punch|p2b: Calyrex
|-damage|p2b: Calyrex|74/100
|move|p2b: Calyrex|High Horsepower|p1a: Koraidon
|-damage|p1a: Koraidon|37/100
|move|p2a: Kyogre|Ice Beam|p1a: Koraidon
|-supereffective|p1a: Koraidon
|-damage|p1a: Koraidon|0 fnt
|faint|p1a: Koraidon
|
|-weather|SunnyDay|[upkeep]
|upkeep
|turn|5
|-message|gold_necrozma forfeited.
|
|win|natsuki aoya
|raw|gold_necrozma's rating: 1155 &rarr; <strong>1137</strong><br />(-18 for losing)
|raw|natsuki aoya's rating: 1256 &rarr; <strong>1274</strong><br />(+18 for winning)
|l|☆gold_necrozma
|player|p1|
