|j|☆matthewman64
|j|☆sandstrummie
|t:|1750863483
|gametype|doubles
|player|p1|matthewman64|265|1426
|player|p2|sandstrummie|unknown|1487
|teamsize|p1|6
|teamsize|p2|6
|gen|9
|tier|[Gen 9] VGC 2025 Reg I
|rated|
|rule|Species Clause: Limit one of each Pokémon
|rule|Item Clause: Limit 1 of each item
|clearpoke
|poke|p1|Zamazenta-*, L50|
|poke|p1|Calyrex-Shadow, L50|
|poke|p1|Tornadus, L50, M|
|poke|p1|Urshifu-*, L50, M|
|poke|p1|Rillaboom, L50, M|
|poke|p1|Chien-Pao, L50|
|poke|p2|Calyrex-Shadow, L50|
|poke|p2|Zamazenta-*, L50|
|poke|p2|Tyranitar, L50, F|
|poke|p2|Garchomp, L50, M|
|poke|p2|Amoonguss, L50, F|
|poke|p2|Incineroar, L50, F|
|teampreview|4
|inactive|Battle timer is ON: inactive players will automatically lose when time's up. (requested by sandstrummie)
|
|t:|1750863515
|start
|switch|p1a: Tornadus|Tornadus, L50, M|100/100
|switch|p1b: Urshifu|Urshifu-Rapid-Strike, L50, M|100/100
|switch|p2a: Tyranitar|Tyranitar, L50, F|100/100
|switch|p2b: Garchomp|Garchomp, L50, M|100/100
|-weather|Sandstorm|[from] ability: Sand Stream|[of] p2a: Tyranitar
|turn|1
|inactive|matthewman64 has 30 seconds left.
|inactive|sandstrummie has 30 seconds left.
|
|t:|1750863548
|switch|p2a: Calyrex|Calyrex-Shadow, L50|100/100
|-ability|p2a: Calyrex|As One
|-ability|p2a: Calyrex|Unnerve
|move|p1a: Tornadus|Rain Dance|p1a: Tornadus
|-weather|RainDance
|move|p2b: Garchomp|Rock Slide|p1b: Urshifu|[spread] p1a,p1b
|-supereffective|p1a: Tornadus
|-resisted|p1b: Urshifu
|-damage|p1a: Tornadus|49/100
|-damage|p1b: Urshifu|91/100
|move|p1b: Urshifu|Surging Strikes|p2a: Calyrex
|-crit|p2a: Calyrex
|-damage|p2a: Calyrex|60/100
|-crit|p2a: Calyrex
|-damage|p2a: Calyrex|17/100
|-crit|p2a: Calyrex
|-damage|p2a: Calyrex|0 fnt
|faint|p2a: Calyrex
|-hitcount|p2: Calyrex|3
|
|-weather|RainDance|[upkeep]
|upkeep
|
|t:|1750863571
|switch|p2a: Zamazenta|Zamazenta-Crowned, L50|100/100
|-ability|p2a: Zamazenta|Dauntless Shield|boost
|-boost|p2a: Zamazenta|def|1
|turn|2
|
|t:|1750863583
|-terastallize|p1b: Urshifu|Water
|move|p1a: Tornadus|Tailwind|p1a: Tornadus
|-sidestart|p1: matthewman64|move: Tailwind
|move|p1b: Urshifu|Surging Strikes|p2a: Zamazenta
|-crit|p2a: Zamazenta
|-damage|p2a: Zamazenta|69/100
|-crit|p2a: Zamazenta
|-damage|p2a: Zamazenta|38/100
|-crit|p2a: Zamazenta
|-damage|p2a: Zamazenta|10/100
|-hitcount|p2a: Zamazenta|3
|move|p2a: Zamazenta|Body Press|p1b: Urshifu
|-damage|p1b: Urshifu|28/100
|move|p2b: Garchomp|Rock Slide|p1a: Tornadus|[spread] p1a,p1b
|-supereffective|p1a: Tornadus
|-damage|p1a: Tornadus|5/100
|-damage|p1b: Urshifu|10/100
|
|-weather|RainDance|[upkeep]
|upkeep
|turn|3
|inactive|sandstrummie has 30 seconds left.
|
|t:|1750863610
|switch|p2a: Tyranitar|Tyranitar, L50, F|100/100
|-weather|Sandstorm|[from] ability: Sand Stream|[of] p2a: Tyranitar
|move|p1b: Urshifu|Surging Strikes|p2b: Garchomp|[miss]
|-miss|p1b: Urshifu|p2b: Garchomp
|move|p1a: Tornadus|Bleakwind Storm|p2b: Garchomp|[spread] p2b
|-miss|p1a: Tornadus|p2a: Tyranitar
|-damage|p2b: Garchomp|71/100
|-unboost|p2b: Garchomp|spe|1
|move|p2b: Garchomp|Rock Slide|p1b: Urshifu|[spread] p1b
|-miss|p2b: Garchomp|p1a: Tornadus
|-damage|p1b: Urshifu|0 fnt
|faint|p1b: Urshifu
|
|-weather|Sandstorm|[upkeep]
|-damage|p1a: Tornadus|0 fnt|[from] Sandstorm
|faint|p1a: Tornadus
|upkeep
|
|t:|1750863630
|switch|p1b: Zamazenta|Zamazenta-Crowned, L50|100/100
|switch|p1a: Calyrex|Calyrex-Shadow, L50|100/100
|-ability|p1a: Calyrex|As One
|-ability|p1a: Calyrex|Unnerve
|-ability|p1b: Zamazenta|Dauntless Shield|boost
|-boost|p1b: Zamazenta|def|1
|turn|4
|inactive|matthewman64 has 30 seconds left.
|inactive|sandstrummie has 30 seconds left.
|inactive|matthewman64 has 20 seconds left.
|inactive|sandstrummie has 20 seconds left.
|inactive|matthewman64 has 15 seconds left.
|inactive|sandstrummie has 15 seconds left.
|
|t:|1750863675
|-terastallize|p2a: Tyranitar|Ghost
|move|p1a: Calyrex|Astral Barrage|p2a: Tyranitar|[spread] p2a,p2b
|-supereffective|p2a: Tyranitar
|-crit|p2a: Tyranitar
|-damage|p2a: Tyranitar|4/100
|-damage|p2b: Garchomp|12/100
|move|p1b: Zamazenta|Body Press|p2a: Tyranitar
|-immune|p2a: Tyranitar
|move|p2b: Garchomp|Stomping Tantrum|p1b: Zamazenta
|-supereffective|p1b: Zamazenta
|-damage|p1b: Zamazenta|72/100
|move|p2a: Tyranitar|Knock Off|p1a: Calyrex
|-supereffective|p1a: Calyrex
|-enditem|p1a: Calyrex|Focus Sash
|-damage|p1a: Calyrex|1/100
|
|-weather|Sandstorm|[upkeep]
|-damage|p1a: Calyrex|0 fnt|[from] Sandstorm
|-damage|p2a: Tyranitar|0 fnt|[from] Sandstorm
|faint|p1a: Calyrex
|faint|p2a: Tyranitar
|upkeep
|
|t:|1750863687
|switch|p2a: Zamazenta|Zamazenta-Crowned, L50|10/100
|turn|5
|
|t:|1750863712
|move|p2a: Zamazenta|Protect|p2a: Zamazenta
|-singleturn|p2a: Zamazenta|Protect
|move|p1b: Zamazenta|Body Press|p2a: Zamazenta
|-activate|p2a: Zamazenta|move: Protect
|move|p2b: Garchomp|Stomping Tantrum|p1b: Zamazenta
|-supereffective|p1b: Zamazenta
|-damage|p1b: Zamazenta|41/100
|
|-weather|Sandstorm|[upkeep]
|-sideend|p1: matthewman64|move: Tailwind
|upkeep
|turn|6
|l|☆sandstrummie
|inactive|sandstrummie disconnected and has a minute to reconnect!
|player|p2|
|j|☆sandstrummie
|inactive|sandstrummie reconnected and has 35 seconds left.
|player|p2|sandstrummie|unknown|
|inactive|sandstrummie has 30 seconds left.
|
|t:|1750863743
|move|p2a: Zamazenta|Body Press|p1b: Zamazenta
|-supereffective|p1b: Zamazenta
|-damage|p1b: Zamazenta|7/100
|move|p1b: Zamazenta|Body Press|p2a: Zamazenta
|-supereffective|p2a: Zamazenta
|-damage|p2a: Zamazenta|0 fnt
|faint|p2a: Zamazenta
|move|p2b: Garchomp|Stomping Tantrum|p1b: Zamazenta
|-supereffective|p1b: Zamazenta
|-damage|p1b: Zamazenta|0 fnt
|faint|p1b: Zamazenta
|
|win|sandstrummie
|raw|matthewman64's rating: 1426 &rarr; <strong>1409</strong><br />(-17 for losing)
|raw|sandstrummie's rating: 1487 &rarr; <strong>1504</strong><br />(+17 for winning)
|l|☆sandstrummie
|player|p2|
|j|☆sandstrummie
|player|p2|sandstrummie|unknown|
|l|☆sandstrummie
|player|p2|
