|j|☆danuwu
|j|☆pey88
|t:|1750865102
|gametype|doubles
|player|p1|danuwu|liko|1191
|player|p2|pey88|101|1195
|teamsize|p1|6
|teamsize|p2|6
|gen|9
|tier|[Gen 9] VGC 2025 Reg I
|rated|
|rule|Species Clause: Limit one of each Pokémon
|rule|Item Clause: Limit 1 of each item
|clearpoke
|poke|p1|Terapagos, L50, M|
|poke|p1|Chi-Yu, L50|
|poke|p1|Rillaboom, L50, F|
|poke|p1|Grimmsnarl, L50, M|
|poke|p1|Zacian-*, L50|
|poke|p1|Whimsicott, L50, M|
|poke|p2|Ninetales, L50, F|
|poke|p2|Ceruledge, L50, F|
|poke|p2|Venusaur, L50, M|
|poke|p2|Hatterene, L50, F|
|poke|p2|Great Tusk, L50|
|poke|p2|Walking Wake, L50|
|teampreview|4
|inactive|Battle timer is ON: inactive players will automatically lose when time's up. (requested by danuwu)
pey88 has agreed to open team sheets.
|c|☆pey88|wtf
|c|☆pey88|this is my ou team
|inactive|danuwu has 60 seconds left.
|c|☆pey88|it got picked as my vgc
|
|t:|1750865152
|start
|switch|p1a: Terapagos|Terapagos, L50, M|100/100
|switch|p1b: Grimmsnarl|Grimmsnarl, L50, M|100/100
|switch|p2a: Ninetales|Ninetales, L50, F|100/100
|switch|p2b: Venusaur|Venusaur, L50, M|100/100
|-activate|p1a: Terapagos|ability: Tera Shift
|detailschange|p1a: Terapagos|Terapagos-Terastal, L50, M
|-heal|p1a: Terapagos|100/100|[silent]
|-weather|SunnyDay|[from] ability: Drought|[of] p2a: Ninetales
|turn|1
|c|☆pey88|well glhf i guess
|
|t:|1750865171
|move|p1b: Grimmsnarl|Fake Out|p2b: Venusaur
|-damage|p2b: Venusaur|83/100
|cant|p2b: Venusaur|flinch
|move|p2a: Ninetales|Flamethrower|p1a: Terapagos
|-activate|p1a: Terapagos|ability: Tera Shell
|-resisted|p1a: Terapagos
|-damage|p1a: Terapagos|83/100
|move|p1a: Terapagos|Calm Mind|p1a: Terapagos
|-boost|p1a: Terapagos|spa|1
|-boost|p1a: Terapagos|spd|1
|
|-weather|SunnyDay|[upkeep]
|-heal|p1a: Terapagos|90/100|[from] item: Leftovers
|upkeep
|turn|2
|
|t:|1750865193
|move|p1a: Terapagos|Protect|p1a: Terapagos
|-singleturn|p1a: Terapagos|Protect
|move|p1b: Grimmsnarl|Light Screen|p1b: Grimmsnarl
|-sidestart|p1: danuwu|move: Light Screen
|move|p2b: Venusaur|Growth|p2b: Venusaur
|-boost|p2b: Venusaur|atk|2
|-boost|p2b: Venusaur|spa|2
|move|p2a: Ninetales|Flamethrower|p1a: Terapagos
|-activate|p1a: Terapagos|move: Protect
|
|-weather|SunnyDay|[upkeep]
|-heal|p1a: Terapagos|96/100|[from] item: Leftovers
|upkeep
|turn|3
|inactive|danuwu has 30 seconds left.
|
|t:|1750865225
|move|p2b: Venusaur|Sludge Bomb|p1b: Grimmsnarl
|-supereffective|p1b: Grimmsnarl
|-damage|p1b: Grimmsnarl|0 fnt
|faint|p1b: Grimmsnarl
|-damage|p2b: Venusaur|73/100|[from] item: Life Orb
|move|p2a: Ninetales|Flamethrower|p1a: Terapagos
|-damage|p1a: Terapagos|79/100
|move|p1a: Terapagos|Tera Starstorm|p2b: Venusaur
|-damage|p2b: Venusaur|0 fnt
|faint|p2b: Venusaur
|
|-weather|SunnyDay|[upkeep]
|-heal|p1a: Terapagos|85/100|[from] item: Leftovers
|upkeep
|
|t:|1750865243
|switch|p2b: Ceruledge|Ceruledge, L50, F|100/100
|switch|p1b: Whimsicott|Whimsicott, L50, M|100/100
|turn|4
|
|t:|1750865254
|-terastallize|p1a: Terapagos|Stellar
|detailschange|p1a: Terapagos|Terapagos-Stellar, L50, M, tera:Stellar
|-heal|p1a: Terapagos|89/100|[silent]
|-ability|p1a: Terapagos|Teraform Zero
|-weather|none
|move|p1b: Whimsicott|Tailwind|p1b: Whimsicott
|-sidestart|p1: danuwu|move: Tailwind
|move|p1a: Terapagos|Tera Starstorm|p2b: Ceruledge|[spread] p2a,p2b
|-damage|p2a: Ninetales|36/100
|-damage|p2b: Ceruledge|24/100
|move|p2a: Ninetales|Flamethrower|p1b: Whimsicott
|-supereffective|p1b: Whimsicott
|-damage|p1b: Whimsicott|55/100
|move|p2b: Ceruledge|Swords Dance|p2b: Ceruledge
|-boost|p2b: Ceruledge|atk|2
|
|-heal|p1a: Terapagos|95/100|[from] item: Leftovers
|upkeep
|turn|5
|inactive|pey88 has 30 seconds left.
|
|t:|1750865281
|move|p1b: Whimsicott|Encore|p2b: Ceruledge
|-start|p2b: Ceruledge|Encore
|move|p1a: Terapagos|Tera Starstorm|p2b: Ceruledge|[spread] p2a,p2b
|-crit|p2b: Ceruledge
|-damage|p2a: Ninetales|0 fnt
|-damage|p2b: Ceruledge|0 fnt
|faint|p2a: Ninetales
|faint|p2b: Ceruledge
|
|-heal|p1a: Terapagos|100/100|[from] item: Leftovers
|upkeep
|
|t:|1750865287
|switch|p2b: Walking Wake|Walking Wake, L50|100/100
|turn|6
|-message|pey88 forfeited.
|
|win|danuwu
|raw|danuwu's rating: 1191 &rarr; <strong>1216</strong><br />(+25 for winning)
|raw|pey88's rating: 1195 &rarr; <strong>1170</strong><br />(-25 for losing)
|l|☆pey88
|player|p2|
|l|☆danuwu
|player|p1|
