|j|☆davirru3
|j|☆decorate666
|t:|1750847636
|gametype|doubles
|player|p1|davirru3|ghetsis|1683
|player|p2|decorate666|dawn|1587
|teamsize|p1|6
|teamsize|p2|6
|gen|9
|tier|[Gen 9] VGC 2025 Reg I
|rated|
|rule|Species Clause: Limit one of each Pokémon
|rule|Item Clause: Limit 1 of each item
|clearpoke
|poke|p1|Calyrex-Shadow, L50|
|poke|p1|Zamazenta-*, L50|
|poke|p1|Chien-Pao, L50|
|poke|p1|Whimsicott, L50, M|
|poke|p1|Raging Bolt, L50|
|poke|p1|Amoonguss, L50, M|
|poke|p2|Calyrex-Ice, L50|
|poke|p2|Kyogre, L50|
|poke|p2|Smeargle, L50, F|
|poke|p2|Ditto, L50|
|poke|p2|Incineroar, L50, M|
|poke|p2|Ogerpon-Hearthflame, L50, F|
|teampreview|4
|inactive|Battle timer is ON: inactive players will automatically lose when time's up. (requested by davirru3)
|
|t:|1750847656
|start
|switch|p1a: Raging Bolt|Raging Bolt, L50|100/100
|switch|p1b: Zamazenta|Zamazenta-Crowned, L50|100/100
|switch|p2a: Smeargle|Smeargle, L50, F|100/100
|switch|p2b: Calyrex|Calyrex-Ice, L50|100/100
|-ability|p2b: Calyrex|As One
|-ability|p2b: Calyrex|Unnerve
|-ability|p1b: Zamazenta|Dauntless Shield|boost
|-boost|p1b: Zamazenta|def|1
|-enditem|p1a: Raging Bolt|Booster Energy
|-activate|p1a: Raging Bolt|ability: Protosynthesis|[fromitem]
|-start|p1a: Raging Bolt|protosynthesisspa
|turn|1
|inactive|decorate666 has 30 seconds left.
|
|t:|1750847685
|move|p1b: Zamazenta|Body Press|p2a: Smeargle
|-supereffective|p2a: Smeargle
|-enditem|p2a: Smeargle|Focus Sash
|-damage|p2a: Smeargle|1/100
|move|p2a: Smeargle|Decorate|p2b: Calyrex
|-boost|p2b: Calyrex|atk|2
|-boost|p2b: Calyrex|spa|2
|move|p1a: Raging Bolt|Thunderbolt|p2a: Smeargle
|-damage|p2a: Smeargle|0 fnt
|faint|p2a: Smeargle
|move|p2b: Calyrex|High Horsepower|p1b: Zamazenta
|-supereffective|p1b: Zamazenta
|-damage|p1b: Zamazenta|35/100
|
|upkeep
|
|t:|1750847700
|switch|p2a: Ditto|Ditto, L50|100/100
|-transform|p2a: Ditto|p1b: Zamazenta|[from] ability: Imposter
|-ability|p2a: Ditto|Dauntless Shield|boost
|-boost|p2a: Ditto|def|1
|turn|2
|
|t:|1750847720
|move|p2b: Calyrex|Protect|p2b: Calyrex
|-singleturn|p2b: Calyrex|Protect
|move|p2a: Ditto|Body Press|p1b: Zamazenta
|-supereffective|p1b: Zamazenta
|-damage|p1b: Zamazenta|0 fnt
|faint|p1b: Zamazenta
|move|p1a: Raging Bolt|Thunderbolt|p2b: Calyrex
|-activate|p2b: Calyrex|move: Protect
|
|upkeep
|
|t:|1750847730
|switch|p1b: Calyrex|Calyrex-Shadow, L50|100/100
|-ability|p1b: Calyrex|As One
|-ability|p1b: Calyrex|Unnerve
|turn|3
|
|t:|1750847745
|-terastallize|p2b: Calyrex|Fire
|move|p1b: Calyrex|Encore|p2b: Calyrex
|-start|p2b: Calyrex|Encore
|move|p2a: Ditto|Heavy Slam|p1b: Calyrex
|-damage|p1b: Calyrex|43/100
|move|p1a: Raging Bolt|Thunderbolt|p2a: Ditto
|-damage|p2a: Ditto|36/100
|move|p2b: Calyrex|Protect||[still]
|-fail|p2b: Calyrex
|
|upkeep
|turn|4
|inactive|decorate666 has 30 seconds left.
|inactive|decorate666 has 20 seconds left.
|inactive|decorate666 has 15 seconds left.
|inactive|decorate666 has 10 seconds left.
|
|t:|1750847791
|switch|p2b: Kyogre|Kyogre, L50|100/100
|-weather|RainDance|[from] ability: Drizzle|[of] p2b: Kyogre
|move|p2a: Ditto|Wide Guard|p2a: Ditto
|-singleturn|p2a: Ditto|Wide Guard
|move|p1b: Calyrex|Astral Barrage|p2b: Kyogre|[spread] 
|-activate|p2a: Ditto|move: Wide Guard
|-activate|p2b: Kyogre|move: Wide Guard
|move|p1a: Raging Bolt|Thunderbolt|p2a: Ditto
|-damage|p2a: Ditto|0 fnt
|faint|p2a: Ditto
|
|-weather|RainDance|[upkeep]
|upkeep
|
|t:|1750847800
|switch|p2a: Calyrex|Calyrex-Ice, L50, tera:Fire|100/100
|-ability|p2a: Calyrex|As One
|-ability|p2a: Calyrex|Unnerve
|turn|5
|inactive|davirru3 has 30 seconds left.
|
|t:|1750847834
|move|p1b: Calyrex|Protect|p1b: Calyrex
|-singleturn|p1b: Calyrex|Protect
|move|p2b: Kyogre|Origin Pulse|p1b: Calyrex|[spread] p1a
|-activate|p1b: Calyrex|move: Protect
|-resisted|p1a: Raging Bolt
|-damage|p1a: Raging Bolt|72/100
|move|p1a: Raging Bolt|Thunderbolt|p2b: Kyogre
|-supereffective|p2b: Kyogre
|-damage|p2b: Kyogre|0 fnt
|faint|p2b: Kyogre
|move|p2a: Calyrex|Glacial Lance|p1a: Raging Bolt|[spread] p1a
|-activate|p1b: Calyrex|move: Protect
|-supereffective|p1a: Raging Bolt
|-damage|p1a: Raging Bolt|0 fnt
|faint|p1a: Raging Bolt
|-end|p1a: Raging Bolt|Protosynthesis|[silent]
|-ability|p2a: Calyrex|Chilling Neigh|boost
|-boost|p2a: Calyrex|atk|1
|
|-weather|RainDance|[upkeep]
|upkeep
|
|t:|1750847840
|switch|p1a: Amoonguss|Amoonguss, L50, M|100/100
|turn|6
|inactive|davirru3 has 30 seconds left.
|inactive|davirru3 has 20 seconds left.
|inactive|davirru3 has 15 seconds left.
|
|t:|1750847883
|-terastallize|p1a: Amoonguss|Water
|move|p1b: Calyrex|Protect||[still]
|-fail|p1b: Calyrex
|move|p2a: Calyrex|Glacial Lance|p1b: Calyrex|[spread] p1a,p1b
|-resisted|p1a: Amoonguss
|-damage|p1a: Amoonguss|64/100
|-damage|p1b: Calyrex|0 fnt
|faint|p1b: Calyrex
|-ability|p2a: Calyrex|Chilling Neigh|boost
|-boost|p2a: Calyrex|atk|1
|move|p1a: Amoonguss|Spore|p2a: Calyrex
|-status|p2a: Calyrex|slp|[from] move: Spore
|
|-weather|RainDance|[upkeep]
|upkeep
|turn|7
|-message|davirru3 forfeited.
|
|win|decorate666
|raw|davirru3's rating: 1683 &rarr; <strong>1658</strong><br />(-25 for losing)
|raw|decorate666's rating: 1587 &rarr; <strong>1612</strong><br />(+25 for winning)
|l|☆davirru3
|player|p1|
|l|☆decorate666
|player|p2|
