|j|☆Shdgfuels
|j|☆PLEASEPLEAK
|t:|1750827206
|gametype|doubles
|player|p1|Shdgfuels|265|1000
|player|p2|PLEASEPLEAK|101|1047
|teamsize|p1|6
|teamsize|p2|6
|gen|9
|tier|[Gen 9] VGC 2025 Reg I
|rated|
|rule|Species Clause: Limit one of each Pokémon
|rule|Item Clause: Limit 1 of each item
|clearpoke
|poke|p1|Chi-Yu, L50|
|poke|p1|Koraidon, L50|
|poke|p1|Scovillain, L50, M|
|poke|p1|Clefairy, L50, M|
|poke|p1|Calyrex-Shadow, L50|
|poke|p1|Whimsicott, L50, M|
|poke|p2|Calyrex-Ice, L50|
|poke|p2|Incineroar, L50, F|
|poke|p2|Amoonguss, L50, M|
|poke|p2|Flutter Mane, L50|
|poke|p2|Koraidon, L50|
|poke|p2|Iron Hands, L50|
|teampreview|4
|
|t:|1750827225
|start
|switch|p1a: Koraidon|Koraidon, L50|100/100
|switch|p1b: Scovillain|Scovillain, L50, M, shiny|100/100
|switch|p2a: Calyrex|Calyrex-Ice, L50|100/100
|switch|p2b: Incineroar|Incineroar, L50, F|100/100
|-ability|p2a: Calyrex|As One
|-ability|p2a: Calyrex|Unnerve
|-weather|SunnyDay|[from] ability: Orichalcum Pulse|[of] p1a: Koraidon
|-activate|p1a: Koraidon|Orichalcum Pulse|[source]
|-ability|p2b: Incineroar|Intimidate|boost
|-fail|p1a: Koraidon|unboost|[from] item: Clear Amulet|[of] p1a: Koraidon
|-unboost|p1b: Scovillain|atk|1
|turn|1
|inactive|Battle timer is ON: inactive players will automatically lose when time's up. (requested by PLEASEPLEAK)
|
|t:|1750827263
|-terastallize|p1a: Koraidon|Fire
|-terastallize|p2a: Calyrex|Water
|move|p2b: Incineroar|Fake Out|p1a: Koraidon
|-damage|p1a: Koraidon|92/100
|move|p1b: Scovillain|Spicy Extract|p1a: Koraidon
|-fail|p1a: Koraidon|unboost|[from] item: Clear Amulet|[of] p1a: Koraidon
|-boost|p1a: Koraidon|atk|2
|cant|p1a: Koraidon|flinch
|move|p2a: Calyrex|Trick Room|p2a: Calyrex
|-fieldstart|move: Trick Room|[of] p2a: Calyrex
|
|-weather|SunnyDay|[upkeep]
|upkeep
|turn|2
|inactive|Shdgfuels has 30 seconds left.
|inactive|PLEASEPLEAK has 30 seconds left.
|
|t:|1750827292
|move|p1b: Scovillain|Rage Powder|p1b: Scovillain
|-singleturn|p1b: Scovillain|move: Rage Powder
|move|p2a: Calyrex|High Horsepower|p1b: Scovillain
|-damage|p1b: Scovillain|35/100
|move|p2b: Incineroar|Knock Off|p1a: Koraidon
|-damage|p1a: Koraidon|60/100
|-enditem|p1a: Koraidon|Clear Amulet|[from] move: Knock Off|[of] p2b: Incineroar
|move|p1a: Koraidon|Collision Course|p2a: Calyrex
|-damage|p2a: Calyrex|19/100
|
|-weather|SunnyDay|[upkeep]
|upkeep
|turn|3
|inactive|Shdgfuels has 30 seconds left.
|
|t:|1750827318
|switch|p2a: Amoonguss|Amoonguss, L50, M|100/100
|move|p1a: Koraidon|Protect|p1a: Koraidon
|-singleturn|p1a: Koraidon|Protect
|move|p2b: Incineroar|Parting Shot|p1a: Koraidon
|-activate|p1a: Koraidon|move: Protect
|move|p1b: Scovillain|Overheat|p2a: Amoonguss|[miss]
|-miss|p1b: Scovillain|p2a: Amoonguss
|
|-weather|SunnyDay|[upkeep]
|upkeep
|turn|4
|inactive|Shdgfuels has 30 seconds left.
|inactive|Shdgfuels has 20 seconds left.
|inactive|Shdgfuels has 15 seconds left.
|
|t:|1750827359
|switch|p2b: Calyrex|Calyrex-Ice, L50, tera:Water|19/100
|-ability|p2b: Calyrex|As One
|-ability|p2b: Calyrex|Unnerve
|switch|p1a: Clefairy|Clefairy, L50, M|100/100
|move|p2a: Amoonguss|Pollen Puff|p2b: Calyrex
|-heal|p2b: Calyrex|69/100
|move|p1b: Scovillain|Overheat|p2a: Amoonguss
|-supereffective|p2a: Amoonguss
|-damage|p2a: Amoonguss|0 fnt
|-unboost|p1b: Scovillain|spa|2
|faint|p2a: Amoonguss
|
|-weather|SunnyDay|[upkeep]
|upkeep
|
|t:|1750827383
|switch|p2a: Incineroar|Incineroar, L50, F|100/100
|-ability|p2a: Incineroar|Intimidate|boost
|-unboost|p1a: Clefairy|atk|1
|-unboost|p1b: Scovillain|atk|1
|turn|5
|
|t:|1750827405
|move|p1a: Clefairy|Protect|p1a: Clefairy
|-singleturn|p1a: Clefairy|Protect
|move|p2a: Incineroar|Fake Out|p1a: Clefairy
|-activate|p1a: Clefairy|move: Protect
|move|p2b: Calyrex|Glacial Lance|p1a: Clefairy|[spread] p1b
|-activate|p1a: Clefairy|move: Protect
|-damage|p1b: Scovillain|0 fnt
|faint|p1b: Scovillain
|-ability|p2b: Calyrex|Chilling Neigh|boost
|-boost|p2b: Calyrex|atk|1
|
|-weather|none
|-fieldend|move: Trick Room
|upkeep
|
|t:|1750827416
|switch|p1b: Calyrex|Calyrex-Shadow, L50|100/100
|-ability|p1b: Calyrex|As One
|-ability|p1b: Calyrex|Unnerve
|turn|6
|
|t:|1750827439
|move|p1a: Clefairy|Follow Me|p1a: Clefairy
|-singleturn|p1a: Clefairy|move: Follow Me
|move|p1b: Calyrex|Energy Ball|p2b: Calyrex
|-supereffective|p2b: Calyrex
|-damage|p2b: Calyrex|0 fnt
|faint|p2b: Calyrex
|-ability|p1b: Calyrex|Grim Neigh|boost
|-boost|p1b: Calyrex|spa|1
|move|p2a: Incineroar|Knock Off|p1a: Clefairy
|-resisted|p1a: Clefairy
|-damage|p1a: Clefairy|83/100
|-enditem|p1a: Clefairy|Eviolite|[from] move: Knock Off|[of] p2a: Incineroar
|
|upkeep
|inactive|PLEASEPLEAK has 30 seconds left.
|inactive|PLEASEPLEAK has 20 seconds left.
|inactive|PLEASEPLEAK has 15 seconds left.
|
|t:|1750827480
|switch|p2b: Flutter Mane|Flutter Mane, L50|100/100
|-enditem|p2b: Flutter Mane|Booster Energy
|-activate|p2b: Flutter Mane|ability: Protosynthesis|[fromitem]
|-start|p2b: Flutter Mane|protosynthesisspe
|turn|7
|inactive|PLEASEPLEAK has 30 seconds left.
|inactive|PLEASEPLEAK has 20 seconds left.
|inactive|Shdgfuels has 30 seconds left.
|inactive|PLEASEPLEAK has 15 seconds left.
|inactive|PLEASEPLEAK has 10 seconds left.
|
|t:|1750827526
|move|p1a: Clefairy|Follow Me|p1a: Clefairy
|-singleturn|p1a: Clefairy|move: Follow Me
|move|p2b: Flutter Mane|Shadow Ball|p1a: Clefairy
|-damage|p1a: Clefairy|37/100
|-unboost|p1a: Clefairy|spd|1
|move|p1b: Calyrex|Energy Ball|p2b: Flutter Mane
|-damage|p2b: Flutter Mane|17/100
|move|p2a: Incineroar|Knock Off|p1a: Clefairy
|-resisted|p1a: Clefairy
|-damage|p1a: Clefairy|18/100
|
|upkeep
|turn|8
|inactive|PLEASEPLEAK has 30 seconds left.
|inactive|PLEASEPLEAK has 20 seconds left.
|
|t:|1750827565
|move|p1a: Clefairy|Follow Me|p1a: Clefairy
|-singleturn|p1a: Clefairy|move: Follow Me
|move|p2b: Flutter Mane|Shadow Ball|p1a: Clefairy
|-damage|p1a: Clefairy|0 fnt
|faint|p1a: Clefairy
|move|p1b: Calyrex|Energy Ball|p2b: Flutter Mane
|-damage|p2b: Flutter Mane|0 fnt
|faint|p2b: Flutter Mane
|-end|p2b: Flutter Mane|Protosynthesis|[silent]
|-ability|p1b: Calyrex|Grim Neigh|boost
|-boost|p1b: Calyrex|spa|1
|move|p2a: Incineroar|Knock Off|p1b: Calyrex
|-supereffective|p1b: Calyrex
|-damage|p1b: Calyrex|0 fnt
|-enditem|p1b: Calyrex|Choice Specs|[from] move: Knock Off|[of] p2a: Incineroar
|faint|p1b: Calyrex
|
|upkeep
|
|t:|1750827576
|switch|p1a: Koraidon|Koraidon, L50, tera:Fire|60/100
|-weather|SunnyDay|[from] ability: Orichalcum Pulse|[of] p1a: Koraidon
|-activate|p1a: Koraidon|Orichalcum Pulse|[source]
|turn|9
|inactive|PLEASEPLEAK has 30 seconds left.
|
|t:|1750827605
|move|p1a: Koraidon|Collision Course|p2a: Incineroar
|-supereffective|p2a: Incineroar
|-damage|p2a: Incineroar|0 fnt
|faint|p2a: Incineroar
|
|win|Shdgfuels
|raw|Shdgfuels's rating: 1046 &rarr; <strong>1079</strong><br />(+33 for winning)
|raw|PLEASEPLEAK's rating: 1047 &rarr; <strong>1030</strong><br />(-17 for losing)
