|j|☆dax92
|j|☆agrant
|t:|1750872419
|gametype|doubles
|player|p1|dax92|blue|1344
|player|p2|agrant|170|1383
|teamsize|p1|6
|teamsize|p2|6
|gen|9
|tier|[Gen 9] VGC 2025 Reg I
|rated|
|rule|Species Clause: Limit one of each Pokémon
|rule|Item Clause: Limit 1 of each item
|clearpoke
|poke|p1|Tornadus, L50, M|
|poke|p1|Ceruledge, L50, M|
|poke|p1|Zacian-*, L50|
|poke|p1|Kyogre, L50|
|poke|p1|Incineroar, L50, M|
|poke|p1|Grimmsnarl, L50, M|
|poke|p2|Ho-Oh, L50|
|poke|p2|Miraidon, L50|
|poke|p2|Raichu, L50, F|
|poke|p2|Farigiraf, L50, F|
|poke|p2|Urshifu-*, L50, F|
|poke|p2|Amoonguss, L50, M|
|teampreview|4
|
|t:|1750872459
|start
|switch|p1a: Kyogre|Kyogre, L50|100/100
|switch|p1b: Ceruledge|Ceruledge, L50, M|100/100
|switch|p2a: Farigiraf|Farigiraf, L50, F|100/100
|switch|p2b: Urshifu|Urshifu-Rapid-Strike, L50, F|100/100
|-weather|RainDance|[from] ability: Drizzle|[of] p1a: Kyogre
|turn|1
|inactive|Battle timer is ON: inactive players will automatically lose when time's up. (requested by dax92)
|inactive|agrant also wants the timer to be on.
|inactive|dax92 has 60 seconds left.
|inactive|agrant has 60 seconds left.
|
|t:|1750872495
|-terastallize|p1b: Ceruledge|Grass
|move|p2b: Urshifu|U-turn|p1b: Ceruledge
|-supereffective|p1b: Ceruledge
|-damage|p1b: Ceruledge|22/100
|
|t:|1750872500
|switch|p2b: Amoonguss|Amoonguss, L50, M|100/100|[from] U-turn
|move|p1a: Kyogre|Water Spout|p2a: Farigiraf|[spread] p2a,p2b
|-resisted|p2b: Amoonguss
|-damage|p2a: Farigiraf|0 fnt
|-damage|p2b: Amoonguss|39/100
|faint|p2a: Farigiraf
|-damage|p1a: Kyogre|91/100|[from] item: Life Orb
|move|p1b: Ceruledge|Bulk Up|p1b: Ceruledge
|-boost|p1b: Ceruledge|atk|1
|-boost|p1b: Ceruledge|def|1
|
|-weather|RainDance|[upkeep]
|upkeep
|
|t:|1750872510
|switch|p2a: Miraidon|Miraidon, L50|100/100
|-fieldstart|move: Electric Terrain|[from] ability: Hadron Engine|[of] p2a: Miraidon
|turn|2
|inactive|agrant has 30 seconds left.
|
|t:|1750872543
|move|p1a: Kyogre|Protect|p1a: Kyogre
|-singleturn|p1a: Kyogre|Protect
|move|p1b: Ceruledge|Shadow Sneak|p2b: Amoonguss
|-damage|p2b: Amoonguss|18/100
|-damage|p1b: Ceruledge|6/100|[from] item: Rocky Helmet|[of] p2b: Amoonguss
|move|p2a: Miraidon|Electro Drift|p1a: Kyogre
|-activate|p1a: Kyogre|move: Protect
|move|p2b: Amoonguss|Sludge Bomb|p1b: Ceruledge
|-supereffective|p1b: Ceruledge
|-damage|p1b: Ceruledge|0 fnt
|faint|p1b: Ceruledge
|
|-weather|RainDance|[upkeep]
|upkeep
|
|t:|1750872560
|switch|p1b: Tornadus|Tornadus, L50, M|100/100
|turn|3
|inactive|agrant has 30 seconds left.
|
|t:|1750872587
|switch|p2b: Urshifu|Urshifu-Rapid-Strike, L50, F|100/100
|move|p1b: Tornadus|Tailwind|p1b: Tornadus
|-sidestart|p1: dax92|move: Tailwind
|move|p1a: Kyogre|Water Spout|p2a: Miraidon|[spread] p2a,p2b
|-resisted|p2a: Miraidon
|-resisted|p2b: Urshifu
|-damage|p2a: Miraidon|41/100
|-damage|p2b: Urshifu|7/100
|-damage|p1a: Kyogre|81/100|[from] item: Life Orb
|move|p2a: Miraidon|Electro Drift|p1a: Kyogre
|-supereffective|p1a: Kyogre
|-damage|p1a: Kyogre|0 fnt
|faint|p1a: Kyogre
|
|-weather|RainDance|[upkeep]
|upkeep
|
|t:|1750872604
|switch|p1a: Zacian|Zacian-Crowned, L50|100/100
|-ability|p1a: Zacian|Intrepid Sword|boost
|-boost|p1a: Zacian|atk|1
|turn|4
|
|t:|1750872628
|switch|p2a: Amoonguss|Amoonguss, L50, M|52/100
|-terastallize|p2b: Urshifu|Water
|move|p1a: Zacian|Play Rough|p2a: Amoonguss
|-resisted|p2a: Amoonguss
|-damage|p2a: Amoonguss|24/100
|-damage|p1a: Zacian|84/100|[from] item: Rocky Helmet|[of] p2a: Amoonguss
|move|p1b: Tornadus|Bleakwind Storm|p2b: Urshifu|[spread] p2a,p2b
|-supereffective|p2a: Amoonguss
|-damage|p2a: Amoonguss|0 fnt
|-damage|p2b: Urshifu|0 fnt
|faint|p2a: Amoonguss
|faint|p2b: Urshifu
|
|-weather|RainDance|[upkeep]
|upkeep
|
|t:|1750872639
|switch|p2a: Miraidon|Miraidon, L50|41/100
|-activate|p2a: Miraidon|ability: Hadron Engine
|turn|5
|
|t:|1750872651
|move|p1a: Zacian|Play Rough|p2a: Miraidon
|-supereffective|p2a: Miraidon
|-damage|p2a: Miraidon|0 fnt
|faint|p2a: Miraidon
|
|win|dax92
|raw|dax92's rating: 1344 &rarr; <strong>1366</strong><br />(+22 for winning)
|raw|agrant's rating: 1383 &rarr; <strong>1361</strong><br />(-22 for losing)
|l|☆agrant
|player|p2|
|l|☆dax92
|player|p1|
