|j|☆gu7rixx
|j|☆Stonexe
|t:|1750841100
|gametype|doubles
|player|p1|gu7rixx|hoopster|1200
|player|p2|Stonexe|266|1254
|teamsize|p1|6
|teamsize|p2|6
|gen|9
|tier|[Gen 9] VGC 2025 Reg I
|rated|
|rule|Species Clause: Limit one of each Pokémon
|rule|Item Clause: Limit 1 of each item
|clearpoke
|poke|p1|Kyogre, L50|
|poke|p1|Flutter Mane, L50|
|poke|p1|Smeargle, L50, M|
|poke|p1|Amoonguss, L50, M|
|poke|p1|Calyrex-Ice, L50|
|poke|p1|Incineroar, L50, M|
|poke|p2|Grafaiai, L50, M|
|poke|p2|Miraidon, L50|
|poke|p2|Calyrex-Ice, L50|
|poke|p2|Ogerpon-Wellspring, L50, F|
|poke|p2|Entei, L50|
|poke|p2|Iron Jugulis, L50|
|teampreview|4
|inactive|Battle timer is ON: inactive players will automatically lose when time's up. (requested by Stonexe)
|inactive|gu7rixx has 60 seconds left.
|
|t:|1750841144
|start
|switch|p1a: Smeargle|Smeargle, L50, M|100/100
|switch|p1b: Calyrex|Calyrex-Ice, L50|100/100
|switch|p2a: Miraidon|Miraidon, L50|100/100
|switch|p2b: AnalTouch|Grafaiai, L50, M|100/100
|-ability|p1b: Calyrex|As One
|-ability|p1b: Calyrex|Unnerve
|-fieldstart|move: Electric Terrain|[from] ability: Hadron Engine|[of] p2a: Miraidon
|-enditem|p2b: AnalTouch|Electric Seed
|-boost|p2b: AnalTouch|def|1|[from] item: Electric Seed
|turn|1
|
|t:|1750841167
|move|p1a: Smeargle|Fake Out|p2a: Miraidon
|-damage|p2a: Miraidon|95/100
|move|p2b: AnalTouch|Knock Off|p1b: Calyrex
|-supereffective|p1b: Calyrex
|-damage|p1b: Calyrex|72/100
|-enditem|p1b: Calyrex|Leftovers|[from] move: Knock Off|[of] p2b: AnalTouch
|move|p2a: Miraidon|Electro Drift|p1b: Calyrex
|-damage|p1b: Calyrex|2/100
|move|p1b: Calyrex|Trick Room|p1b: Calyrex
|-fieldstart|move: Trick Room|[of] p1b: Calyrex
|
|-ability|p1a: Smeargle|Moody|boost
|-boost|p1a: Smeargle|atk|2
|-unboost|p1a: Smeargle|def|1
|upkeep
|turn|2
|inactive|Stonexe has 30 seconds left.
|inactive|Stonexe has 20 seconds left.
|inactive|Stonexe has 15 seconds left.
|
|t:|1750841208
|switch|p2a: Entei|Entei, L50|100/100
|move|p1b: Calyrex|Protect|p1b: Calyrex
|-singleturn|p1b: Calyrex|Protect
|move|p1a: Smeargle|Decorate|p1b: Calyrex
|-boost|p1b: Calyrex|atk|2
|-boost|p1b: Calyrex|spa|2
|move|p2b: AnalTouch|Acid Spray|p1b: Calyrex
|-activate|p1b: Calyrex|move: Protect
|
|-ability|p1a: Smeargle|Moody|boost
|-boost|p1a: Smeargle|atk|2
|-unboost|p1a: Smeargle|def|1
|upkeep
|turn|3
|
|t:|1750841227
|move|p1a: Smeargle|Follow Me|p1a: Smeargle
|-singleturn|p1a: Smeargle|move: Follow Me
|move|p2a: Entei|Extreme Speed|p1a: Smeargle
|-enditem|p1a: Smeargle|Focus Sash
|-damage|p1a: Smeargle|1/100
|move|p1b: Calyrex|Glacial Lance|p2a: Entei|[spread] p2a,p2b
|-resisted|p2a: Entei
|-damage|p2a: Entei|53/100
|-damage|p2b: AnalTouch|0 fnt
|faint|p2b: AnalTouch
|-ability|p1b: Calyrex|Chilling Neigh|boost
|-boost|p1b: Calyrex|atk|1
|
|-ability|p1a: Smeargle|Moody|boost
|-boost|p1a: Smeargle|atk|2
|-unboost|p1a: Smeargle|spd|1
|upkeep
|
|t:|1750841235
|switch|p2b: Ogerpon|Ogerpon-Wellspring, L50, F|100/100
|turn|4
|
|t:|1750841256
|-terastallize|p2b: Ogerpon|Water
|detailschange|p2b: Ogerpon|Ogerpon-Wellspring-Tera, L50, F, tera:Water
|-ability|p2b: Ogerpon|Embody Aspect (Wellspring)|boost
|-boost|p2b: Ogerpon|spd|1
|move|p1b: Calyrex|Protect|p1b: Calyrex
|-singleturn|p1b: Calyrex|Protect
|move|p2a: Entei|Extreme Speed|p1a: Smeargle
|-damage|p1a: Smeargle|0 fnt
|faint|p1a: Smeargle
|move|p2b: Ogerpon|Ivy Cudgel|p1b: Calyrex|[anim] Ivy Cudgel Water
|-activate|p1b: Calyrex|move: Protect
|
|upkeep
|
|t:|1750841271
|switch|p1a: Flutter Mane|Flutter Mane, L50|100/100
|turn|5
|
|t:|1750841283
|switch|p1b: Kyogre|Kyogre, L50|100/100
|-weather|RainDance|[from] ability: Drizzle|[of] p1b: Kyogre
|move|p2a: Entei|Extreme Speed|p1b: Kyogre
|-damage|p1b: Kyogre|50/100
|move|p2b: Ogerpon|Ivy Cudgel|p1a: Flutter Mane|[anim] Ivy Cudgel Water
|-damage|p1a: Flutter Mane|0 fnt
|faint|p1a: Flutter Mane
|-end|p1a: Flutter Mane|Protosynthesis|[silent]
|
|-weather|RainDance|[upkeep]
|-fieldend|move: Trick Room
|-fieldend|move: Electric Terrain
|upkeep
|
|t:|1750841293
|switch|p1a: Calyrex|Calyrex-Ice, L50|2/100
|-ability|p1a: Calyrex|As One
|-ability|p1a: Calyrex|Unnerve
|turn|6
|
|t:|1750841300
|move|p2a: Entei|Extreme Speed|p1a: Calyrex
|-damage|p1a: Calyrex|0 fnt
|faint|p1a: Calyrex
|move|p2b: Ogerpon|Horn Leech|p1b: Kyogre
|-supereffective|p1b: Kyogre
|-damage|p1b: Kyogre|0 fnt
|faint|p1b: Kyogre
|
|win|Stonexe
|raw|gu7rixx's rating: 1200 &rarr; <strong>1179</strong><br />(-21 for losing)
|raw|Stonexe's rating: 1254 &rarr; <strong>1275</strong><br />(+21 for winning)
|l|☆gu7rixx
|player|p1|
|l|☆Stonexe
|player|p2|
