|j|☆Heliosan
|j|☆Edvinpasta07
|t:|1750749593
|gametype|doubles
|player|p1|Heliosan|steven|1483
|player|p2|Edvinpasta07|proton|1385
|teamsize|p1|6
|teamsize|p2|6
|gen|9
|tier|[Gen 9] VGC 2025 Reg I
|rated|
|rule|Species Clause: Limit one of each Pokémon
|rule|Item Clause: Limit 1 of each item
|clearpoke
|poke|p1|Miraidon, L50|
|poke|p1|Lunala, L50|
|poke|p1|Ursaluna, L50, F|
|poke|p1|Amoonguss, L50, M|
|poke|p1|Incineroar, L50, M|
|poke|p1|Urshifu-*, L50, M|
|poke|p2|Weezing-Galar, L50, F|
|poke|p2|Dondozo, L50, F|
|poke|p2|Tatsugiri-Droopy, L50, F|
|poke|p2|Koraidon, L50|
|poke|p2|Calyrex-Shadow, L50|
|poke|p2|Chi-Yu, L50|
|teampreview|4
|inactive|Battle timer is ON: inactive players will automatically lose when time's up. (requested by Edvinpasta07)
|inactive|Heliosan has 60 seconds left.
|
|t:|1750749635
|start
|switch|p1a: Miraidon|Miraidon, L50|100/100
|switch|p1b: Lunala|Lunala, L50|100/100
|switch|p2a: Weezing|Weezing-Galar, L50, F|100/100
|switch|p2b: Calyrex|Calyrex-Shadow, L50|100/100
|-ability|p2a: Weezing|Neutralizing Gas
|-ability|p2b: Calyrex|As One
|-ability|p2b: Calyrex|Unnerve
|turn|1
|
|t:|1750749651
|-terastallize|p1b: Lunala|Fairy
|move|p2b: Calyrex|Protect|p2b: Calyrex
|-singleturn|p2b: Calyrex|Protect
|move|p1a: Miraidon|Snarl|p2a: Weezing|[spread] p2a
|-activate|p2b: Calyrex|move: Protect
|-resisted|p2a: Weezing
|-damage|p2a: Weezing|92/100
|-unboost|p2a: Weezing|spa|1
|move|p1b: Lunala|Moongeist Beam|p2a: Weezing
|-damage|p2a: Weezing|38/100
|-enditem|p2a: Weezing|Sitrus Berry|[eat]
|-heal|p2a: Weezing|63/100|[from] item: Sitrus Berry
|move|p2a: Weezing|Toxic Spikes|p1b: Lunala
|-sidestart|p1: Heliosan|move: Toxic Spikes
|
|upkeep
|turn|2
|
|t:|1750749672
|-terastallize|p2b: Calyrex|Normal
|move|p2b: Calyrex|Encore|p1b: Lunala
|-start|p1b: Lunala|Encore
|move|p1a: Miraidon|Snarl|p2b: Calyrex|[spread] p2a,p2b
|-resisted|p2a: Weezing
|-damage|p2a: Weezing|56/100
|-damage|p2b: Calyrex|84/100
|-unboost|p2a: Weezing|spa|1
|-unboost|p2b: Calyrex|spa|1
|move|p1b: Lunala|Moongeist Beam|p2a: Weezing
|-damage|p2a: Weezing|0 fnt
|faint|p2a: Weezing
|-end|p2a: Weezing|ability: Neutralizing Gas
|-fieldstart|move: Electric Terrain|[from] ability: Hadron Engine|[of] p1a: Miraidon
|-enditem|p1b: Lunala|Electric Seed
|-boost|p1b: Lunala|def|1|[from] item: Electric Seed
|
|upkeep
|
|t:|1750749692
|switch|p2a: Chi-Yu|Chi-Yu, L50|100/100
|-ability|p2a: Chi-Yu|Beads of Ruin
|turn|3
|
|t:|1750749717
|switch|p1b: Incineroar|Incineroar, L50, M|100/100
|-status|p1b: Incineroar|psn
|-ability|p1b: Incineroar|Intimidate|boost
|-unboost|p2a: Chi-Yu|atk|1
|-unboost|p2b: Calyrex|atk|1
|move|p2a: Chi-Yu|Snarl|p1a: Miraidon|[spread] p1b
|-miss|p2a: Chi-Yu|p1a: Miraidon
|-resisted|p1b: Incineroar
|-damage|p1b: Incineroar|89/100 psn
|move|p2b: Calyrex|Astral Barrage|p1a: Miraidon|[spread] p1a,p1b
|-resisted|p1b: Incineroar
|-damage|p1a: Miraidon|74/100
|-damage|p1b: Incineroar|70/100 psn
|move|p1a: Miraidon|Snarl|p2a: Chi-Yu|[spread] p2a,p2b
|-resisted|p2a: Chi-Yu
|-damage|p2a: Chi-Yu|88/100
|-damage|p2b: Calyrex|56/100
|-unboost|p2a: Chi-Yu|spa|1
|-unboost|p2b: Calyrex|spa|1
|
|-damage|p1b: Incineroar|57/100 psn|[from] psn
|upkeep
|turn|4
|inactive|Heliosan has 30 seconds left.
|
|t:|1750749747
|move|p1b: Incineroar|Fake Out|p2b: Calyrex
|-damage|p2b: Calyrex|42/100
|move|p2a: Chi-Yu|Snarl|p1b: Incineroar|[spread] p1a,p1b
|-resisted|p1b: Incineroar
|-damage|p1a: Miraidon|63/100
|-damage|p1b: Incineroar|51/100 psn
|-unboost|p1a: Miraidon|spa|1
|cant|p2b: Calyrex|flinch
|move|p1a: Miraidon|Volt Switch|p2a: Chi-Yu
|-damage|p2a: Chi-Yu|28/100
|
|t:|1750749753
|switch|p1a: Ursaluna|Ursaluna, L50, F|100/100|[from] Volt Switch
|-status|p1a: Ursaluna|psn
|
|-damage|p1b: Incineroar|39/100 psn|[from] psn
|-damage|p1a: Ursaluna|88/100 psn|[from] psn
|upkeep
|turn|5
|
|t:|1750749766
|switch|p2b: Koraidon|Koraidon, L50|100/100
|-weather|SunnyDay|[from] ability: Orichalcum Pulse|[of] p2b: Koraidon
|-activate|p2b: Koraidon|Orichalcum Pulse|[source]
|move|p1a: Ursaluna|Protect|p1a: Ursaluna
|-singleturn|p1a: Ursaluna|Protect
|move|p2a: Chi-Yu|Snarl|p1b: Incineroar|[spread] p1b
|-activate|p1a: Ursaluna|move: Protect
|-resisted|p1b: Incineroar
|-damage|p1b: Incineroar|31/100 psn
|move|p1b: Incineroar|Knock Off|p2b: Koraidon
|-resisted|p2b: Koraidon
|-damage|p2b: Koraidon|83/100
|-enditem|p2b: Koraidon|Ability Shield|[from] move: Knock Off|[of] p1b: Incineroar
|
|-weather|SunnyDay|[upkeep]
|-damage|p1b: Incineroar|19/100 psn|[from] psn
|-damage|p1a: Ursaluna|76/100 psn|[from] psn
|upkeep
|turn|6
|inactive|Heliosan has 30 seconds left.
|
|t:|1750749791
|switch|p1a: Lunala|Lunala, L50, tera:Fairy|100/100
|-status|p1a: Lunala|psn
|move|p2a: Chi-Yu|Snarl|p1a: Lunala|[spread] p1a,p1b
|-resisted|p1a: Lunala
|-resisted|p1b: Incineroar
|-damage|p1a: Lunala|97/100 psn
|-damage|p1b: Incineroar|12/100 psn
|-unboost|p1a: Lunala|spa|1
|move|p2b: Koraidon|Collision Course|p1a: Lunala
|-resisted|p1a: Lunala
|-crit|p1a: Lunala
|-damage|p1a: Lunala|60/100 psn
|move|p1b: Incineroar|Will-O-Wisp|p2b: Koraidon
|-status|p2b: Koraidon|brn
|
|-weather|SunnyDay|[upkeep]
|-damage|p1a: Lunala|48/100 psn|[from] psn
|-damage|p1b: Incineroar|0 fnt|[from] psn
|faint|p1b: Incineroar
|-damage|p2b: Koraidon|78/100 brn|[from] brn
|-fieldend|move: Electric Terrain
|upkeep
|
|t:|1750749809
|switch|p1b: Miraidon|Miraidon, L50|63/100
|-status|p1b: Miraidon|psn
|-fieldstart|move: Electric Terrain|[from] ability: Hadron Engine|[of] p1b: Miraidon
|turn|7
|
|t:|1750749814
|move|p2b: Koraidon|Protect|p2b: Koraidon
|-singleturn|p2b: Koraidon|Protect
|move|p2a: Chi-Yu|Snarl|p1a: Lunala|[spread] p1a,p1b
|-resisted|p1a: Lunala
|-damage|p1a: Lunala|41/100 psn
|-damage|p1b: Miraidon|53/100 psn
|-unboost|p1a: Lunala|spa|1
|-unboost|p1b: Miraidon|spa|1
|move|p1b: Miraidon|Volt Switch|p2a: Chi-Yu
|-damage|p2a: Chi-Yu|0 fnt
|faint|p2a: Chi-Yu
|
|t:|1750749819
|switch|p1b: Ursaluna|Ursaluna, L50, F|76/100 psn|[from] Volt Switch
|move|p1a: Lunala|Trick Room|p1a: Lunala
|-fieldstart|move: Trick Room|[of] p1a: Lunala
|
|-weather|SunnyDay|[upkeep]
|-damage|p1b: Ursaluna|64/100 psn|[from] psn
|-damage|p1a: Lunala|28/100 psn|[from] psn
|-damage|p2b: Koraidon|72/100 brn|[from] brn
|upkeep
|
|t:|1750749824
|switch|p2a: Calyrex|Calyrex-Shadow, L50, tera:Normal|42/100
|-ability|p2a: Calyrex|As One
|-ability|p2a: Calyrex|Unnerve
|turn|8
|-message|Edvinpasta07 forfeited.
|
|win|Heliosan
|raw|Heliosan's rating: 1483 &rarr; <strong>1498</strong><br />(+15 for winning)
|raw|Edvinpasta07's rating: 1385 &rarr; <strong>1370</strong><br />(-15 for losing)
|l|☆Edvinpasta07
|player|p2|
