|j|☆lukkyltd12
|j|☆radiomochi
|t:|1750765596
|gametype|doubles
|player|p1|lukkyltd12|ethan|1094
|player|p2|radiomochi|fisherman-gen4|1026
|teamsize|p1|6
|teamsize|p2|6
|gen|9
|tier|[Gen 9] VGC 2025 Reg I
|rated|
|rule|Species Clause: Limit one of each Pokémon
|rule|Item Clause: Limit 1 of each item
|clearpoke
|poke|p1|Rillaboom, L50, F|
|poke|p1|Urshifu-*, L50, F|
|poke|p1|Archaludon, L50, M|
|poke|p1|Magmar, L50, M|
|poke|p1|Kyogre, L50|
|poke|p1|Whimsicott, L50, F|
|poke|p2|Terapagos, L50, M|
|poke|p2|Koraidon, L50|
|poke|p2|Ogerpon-Hearthflame, L50, F|
|poke|p2|Roaring Moon, L50|
|poke|p2|Farigiraf, L50, F|
|poke|p2|Rillaboom, L50, F|
|teampreview|4
|
|t:|1750765629
|start
|switch|p1a: Whimsicott|Whimsicott, L50, F, shiny|100/100
|switch|p1b: Rillaboom|Rillaboom, L50, F|100/100
|switch|p2a: Terapagos|Terapagos, L50, M|100/100
|switch|p2b: Rillaboom|Rillaboom, L50, F|100/100
|-activate|p2a: Terapagos|ability: Tera Shift
|detailschange|p2a: Terapagos|Terapagos-Terastal, L50, M
|-heal|p2a: Terapagos|100/100|[silent]
|-fieldstart|move: Grassy Terrain|[from] ability: Grassy Surge|[of] p2b: Rillaboom
|turn|1
|inactive|Battle timer is ON: inactive players will automatically lose when time's up. (requested by radiomochi)
|
|t:|1750765660
|move|p2b: Rillaboom|Fake Out|p1b: Rillaboom
|-damage|p1b: Rillaboom|88/100
|cant|p1b: Rillaboom|flinch
|move|p1a: Whimsicott|Tailwind|p1a: Whimsicott
|-sidestart|p1: lukkyltd12|move: Tailwind
|move|p2a: Terapagos|Calm Mind|p2a: Terapagos
|-boost|p2a: Terapagos|spa|1
|-boost|p2a: Terapagos|spd|1
|
|-heal|p1b: Rillaboom|94/100|[from] Grassy Terrain
|upkeep
|turn|2
|inactive|radiomochi has 30 seconds left.
|inactive|radiomochi has 20 seconds left.
|
|t:|1750765696
|move|p1a: Whimsicott|Encore|p2a: Terapagos
|-start|p2a: Terapagos|Encore
|move|p1b: Rillaboom|U-turn|p2a: Terapagos
|-activate|p2a: Terapagos|ability: Tera Shell
|-resisted|p2a: Terapagos
|-damage|p2a: Terapagos|90/100
|
|t:|1750765705
|switch|p1b: Urshifu|Urshifu, L50, F|100/100|[from] U-turn
|move|p2a: Terapagos|Calm Mind|p2a: Terapagos
|-boost|p2a: Terapagos|spa|1
|-boost|p2a: Terapagos|spd|1
|move|p2b: Rillaboom|U-turn|p1a: Whimsicott
|-damage|p1a: Whimsicott|66/100
|
|t:|1750765716
|switch|p2b: Roaring Moon|Roaring Moon, L50|100/100|[from] U-turn
|
|-heal|p1a: Whimsicott|72/100|[from] Grassy Terrain
|-heal|p2a: Terapagos|96/100|[from] Grassy Terrain
|-heal|p2a: Terapagos|100/100|[from] item: Leftovers
|upkeep
|turn|3
|inactive|radiomochi has 30 seconds left.
|
|t:|1750765748
|move|p1a: Whimsicott|Moonblast|p2b: Roaring Moon
|-supereffective|p2b: Roaring Moon
|-damage|p2b: Roaring Moon|19/100
|-unboost|p2b: Roaring Moon|spa|1
|move|p1b: Urshifu|Brick Break|p2a: Terapagos
|-activate|p2a: Terapagos|ability: Tera Shell
|-resisted|p2a: Terapagos
|-damage|p2a: Terapagos|82/100
|move|p2b: Roaring Moon|Tailwind|p2b: Roaring Moon
|-sidestart|p2: radiomochi|move: Tailwind
|move|p2a: Terapagos|Calm Mind|p2a: Terapagos
|-boost|p2a: Terapagos|spa|1
|-boost|p2a: Terapagos|spd|1
|
|-heal|p1a: Whimsicott|78/100|[from] Grassy Terrain
|-heal|p2b: Roaring Moon|25/100|[from] Grassy Terrain
|-heal|p2a: Terapagos|89/100|[from] Grassy Terrain
|-heal|p2a: Terapagos|95/100|[from] item: Leftovers
|upkeep
|turn|4
|inactive|lukkyltd12 has 30 seconds left.
|inactive|radiomochi has 30 seconds left.
|inactive|lukkyltd12 has 20 seconds left.
|
|t:|1750765784
|-terastallize|p1b: Urshifu|Dark
|move|p1a: Whimsicott|Moonblast|p2b: Roaring Moon
|-supereffective|p2b: Roaring Moon
|-damage|p2b: Roaring Moon|0 fnt
|faint|p2b: Roaring Moon
|-end|p2b: Roaring Moon|Protosynthesis|[silent]
|move|p1b: Urshifu|Wicked Blow|p2a: Terapagos
|-crit|p2a: Terapagos
|-damage|p2a: Terapagos|18/100
|move|p2a: Terapagos|Calm Mind|p2a: Terapagos
|-boost|p2a: Terapagos|spa|1
|-boost|p2a: Terapagos|spd|1
|
|-heal|p1a: Whimsicott|84/100|[from] Grassy Terrain
|-heal|p2a: Terapagos|24/100|[from] Grassy Terrain
|-heal|p2a: Terapagos|30/100|[from] item: Leftovers
|-end|p2a: Terapagos|Encore
|-sideend|p1: lukkyltd12|move: Tailwind
|upkeep
|
|t:|1750765802
|switch|p2b: Koraidon|Koraidon, L50|100/100
|-weather|SunnyDay|[from] ability: Orichalcum Pulse|[of] p2b: Koraidon
|-activate|p2b: Koraidon|Orichalcum Pulse|[source]
|turn|5
|
|t:|1750765824
|switch|p2a: Rillaboom|Rillaboom, L50, F|100/100
|move|p1a: Whimsicott|Encore||[still]
|-fail|p1a: Whimsicott
|move|p2b: Koraidon|Flame Charge|p1a: Whimsicott
|-supereffective|p1a: Whimsicott
|-damage|p1a: Whimsicott|0 fnt
|-boost|p2b: Koraidon|spe|1
|faint|p1a: Whimsicott
|-damage|p2b: Koraidon|91/100|[from] item: Life Orb
|move|p1b: Urshifu|Wicked Blow|p2a: Rillaboom
|-crit|p2a: Rillaboom
|-damage|p2a: Rillaboom|10/100
|
|-weather|SunnyDay|[upkeep]
|-heal|p2b: Koraidon|97/100|[from] Grassy Terrain
|-heal|p2a: Rillaboom|16/100|[from] Grassy Terrain
|-fieldend|move: Grassy Terrain
|upkeep
|
|t:|1750765845
|switch|p1a: Kyogre|Kyogre, L50|100/100
|-weather|RainDance|[from] ability: Drizzle|[of] p1a: Kyogre
|turn|6
|
|t:|1750765866
|switch|p2b: Terapagos|Terapagos-Terastal, L50, M|30/100
|move|p1b: Urshifu|Protect|p1b: Urshifu
|-singleturn|p1b: Urshifu|Protect
|move|p2a: Rillaboom|U-turn|p1a: Kyogre
|-damage|p1a: Kyogre|81/100
|
|t:|1750765872
|switch|p2a: Koraidon|Koraidon, L50|97/100|[from] U-turn
|-weather|SunnyDay|[from] ability: Orichalcum Pulse|[of] p2a: Koraidon
|-activate|p2a: Koraidon|Orichalcum Pulse|[source]
|move|p1a: Kyogre|Water Spout|p2a: Koraidon|[spread] p2a,p2b
|-resisted|p2a: Koraidon
|-damage|p2a: Koraidon|85/100
|-damage|p2b: Terapagos|10/100
|
|-weather|SunnyDay|[upkeep]
|-heal|p2b: Terapagos|16/100|[from] item: Leftovers
|-heal|p1a: Kyogre|87/100|[from] item: Leftovers
|-sideend|p2: radiomochi|move: Tailwind
|upkeep
|turn|7
|inactive|lukkyltd12 has 30 seconds left.
|inactive|radiomochi has 30 seconds left.
|
|t:|1750765901
|switch|p2b: Rillaboom|Rillaboom, L50, F|16/100
|-fieldstart|move: Grassy Terrain|[from] ability: Grassy Surge|[of] p2b: Rillaboom
|switch|p1a: Rillaboom|Rillaboom, L50, F|94/100
|move|p2a: Koraidon|Close Combat|p1b: Urshifu
|-supereffective|p1b: Urshifu
|-crit|p1b: Urshifu
|-damage|p1b: Urshifu|0 fnt
|-unboost|p2a: Koraidon|def|1
|-unboost|p2a: Koraidon|spd|1
|faint|p1b: Urshifu
|-damage|p2a: Koraidon|76/100|[from] item: Life Orb
|
|-weather|SunnyDay|[upkeep]
|-heal|p2a: Koraidon|82/100|[from] Grassy Terrain
|-heal|p2b: Rillaboom|22/100|[from] Grassy Terrain
|-heal|p1a: Rillaboom|99/100|[from] Grassy Terrain
|upkeep
|
|t:|1750765918
|switch|p1b: Kyogre|Kyogre, L50|87/100
|-weather|RainDance|[from] ability: Drizzle|[of] p1b: Kyogre
|turn|8
|
|t:|1750765935
|switch|p2a: Terapagos|Terapagos-Terastal, L50, M|16/100
|move|p2b: Rillaboom|Fake Out|p1b: Kyogre
|-damage|p1b: Kyogre|75/100
|move|p1a: Rillaboom|Fake Out|p2a: Terapagos
|-damage|p2a: Terapagos|4/100
|cant|p1b: Kyogre|flinch
|
|-weather|RainDance|[upkeep]
|-heal|p2a: Terapagos|10/100|[from] Grassy Terrain
|-heal|p2a: Terapagos|16/100|[from] item: Leftovers
|-heal|p2b: Rillaboom|29/100|[from] Grassy Terrain
|-heal|p1b: Kyogre|81/100|[from] Grassy Terrain
|-heal|p1b: Kyogre|87/100|[from] item: Leftovers
|-heal|p1a: Rillaboom|100/100|[from] Grassy Terrain
|upkeep
|turn|9
|inactive|lukkyltd12 has 30 seconds left.
|inactive|radiomochi has 30 seconds left.
|inactive|radiomochi has 20 seconds left.
|
|t:|1750765971
|move|p2a: Terapagos|Protect|p2a: Terapagos
|-singleturn|p2a: Terapagos|Protect
|move|p1a: Rillaboom|Grassy Glide|p2a: Terapagos
|-activate|p2a: Terapagos|move: Protect
|move|p2b: Rillaboom|U-turn|p1a: Rillaboom
|-supereffective|p1a: Rillaboom
|-damage|p1a: Rillaboom|57/100
|
|t:|1750765979
|switch|p2b: Koraidon|Koraidon, L50|82/100|[from] U-turn
|-weather|SunnyDay|[from] ability: Orichalcum Pulse|[of] p2b: Koraidon
|-activate|p2b: Koraidon|Orichalcum Pulse|[source]
|move|p1b: Kyogre|Water Spout|p2a: Terapagos|[spread] p2b
|-activate|p2a: Terapagos|move: Protect
|-resisted|p2b: Koraidon
|-damage|p2b: Koraidon|71/100
|
|-weather|SunnyDay|[upkeep]
|-heal|p2b: Koraidon|77/100|[from] Grassy Terrain
|-heal|p2a: Terapagos|22/100|[from] Grassy Terrain
|-heal|p2a: Terapagos|29/100|[from] item: Leftovers
|-heal|p1b: Kyogre|94/100|[from] Grassy Terrain
|-heal|p1b: Kyogre|99/100|[from] item: Leftovers
|-heal|p1a: Rillaboom|63/100|[from] Grassy Terrain
|upkeep
|turn|10
|inactive|radiomochi has 30 seconds left.
|
|t:|1750766009
|move|p1a: Rillaboom|Grassy Glide|p2a: Terapagos
|-damage|p2a: Terapagos|0 fnt
|faint|p2a: Terapagos
|move|p2b: Koraidon|Flame Charge|p1a: Rillaboom
|-supereffective|p1a: Rillaboom
|-damage|p1a: Rillaboom|0 fnt
|-boost|p2b: Koraidon|spe|1
|faint|p1a: Rillaboom
|-damage|p2b: Koraidon|68/100|[from] item: Life Orb
|move|p1b: Kyogre|Ice Beam|p2b: Koraidon
|-supereffective|p2b: Koraidon
|-damage|p2b: Koraidon|0 fnt
|faint|p2b: Koraidon
|
|-weather|SunnyDay|[upkeep]
|-heal|p1b: Kyogre|100/100|[from] Grassy Terrain
|upkeep
|
|t:|1750766025
|switch|p2b: Rillaboom|Rillaboom, L50, F|29/100
|turn|11
|
|t:|1750766038
|move|p2b: Rillaboom|Fake Out|p1b: Kyogre
|-damage|p1b: Kyogre|89/100
|cant|p1b: Kyogre|flinch
|
|-weather|SunnyDay|[upkeep]
|-heal|p2b: Rillaboom|35/100|[from] Grassy Terrain
|-heal|p1b: Kyogre|95/100|[from] Grassy Terrain
|-heal|p1b: Kyogre|100/100|[from] item: Leftovers
|-fieldend|move: Grassy Terrain
|upkeep
|turn|12
|
|t:|1750766055
|-terastallize|p2b: Rillaboom|Fire
|move|p2b: Rillaboom|Wood Hammer|p1b: Kyogre
|-supereffective|p1b: Kyogre
|-damage|p1b: Kyogre|2/100
|-damage|p2b: Rillaboom|5/100|[from] Recoil
|move|p1b: Kyogre|Ice Beam|p2b: Rillaboom
|-resisted|p2b: Rillaboom
|-crit|p2b: Rillaboom
|-damage|p2b: Rillaboom|0 fnt
|faint|p2b: Rillaboom
|
|win|lukkyltd12
|raw|lukkyltd12's rating: 1094 &rarr; <strong>1115</strong><br />(+21 for winning)
|raw|radiomochi's rating: 1026 &rarr; <strong>1015</strong><br />(-11 for losing)
|c|☆radiomochi|GGs
|l|☆lukkyltd12
|player|p1|
