|j|☆rman500
|j|☆trashbros
|t:|1750788602
|gametype|doubles
|player|p1|rman500|169|1421
|player|p2|trashbros|rood|1344
|teamsize|p1|6
|teamsize|p2|6
|gen|9
|tier|[Gen 9] VGC 2025 Reg I
|rated|
|rule|Species Clause: Limit one of each Pokémon
|rule|Item Clause: Limit 1 of each item
|clearpoke
|poke|p1|Great Tusk, L50|
|poke|p1|Tsareena, L50, F|
|poke|p1|Kyogre, L50|
|poke|p1|Raging Bolt, L50|
|poke|p1|Whimsicott, L50, F|
|poke|p1|Zacian-*, L50|
|poke|p2|Miraidon, L50|
|poke|p2|Calyrex-Ice, L50|
|poke|p2|Grimmsnarl, L50, M|
|poke|p2|Incineroar, L50, M|
|poke|p2|Pelipper, L50, M|
|poke|p2|Urshifu-*, L50, M|
|teampreview|4
|
|t:|1750788641
|start
|switch|p1a: Kyogre|Kyogre, L50, shiny|100/100
|switch|p1b: Whimsicott|Whimsicott, L50, F, shiny|100/100
|switch|p2a: Bill Gacks|Miraidon, L50|100/100
|switch|p2b: Mr Pibb|Incineroar, L50, M|100/100
|-fieldstart|move: Electric Terrain|[from] ability: Hadron Engine|[of] p2a: Bill Gacks
|-weather|RainDance|[from] ability: Drizzle|[of] p1a: Kyogre
|-ability|p2b: Mr Pibb|Intimidate|boost
|-unboost|p1a: Kyogre|atk|1
|-unboost|p1b: Whimsicott|atk|1
|turn|1
|
|t:|1750788661
|move|p1a: Kyogre|Protect|p1a: Kyogre
|-singleturn|p1a: Kyogre|Protect
|move|p2b: Mr Pibb|Fake Out|p1a: Kyogre
|-activate|p1a: Kyogre|move: Protect
|move|p1b: Whimsicott|Tailwind|p1b: Whimsicott
|-sidestart|p1: rman500|move: Tailwind
|move|p2a: Bill Gacks|Snarl|p1a: Kyogre|[spread] p1b
|-activate|p1a: Kyogre|move: Protect
|-resisted|p1b: Whimsicott
|-damage|p1b: Whimsicott|83/100
|-unboost|p1b: Whimsicott|spa|1
|
|-weather|RainDance|[upkeep]
|upkeep
|turn|2
|
|t:|1750788679
|-terastallize|p2b: Mr Pibb|Grass
|move|p1b: Whimsicott|Moonblast|p2a: Bill Gacks
|-supereffective|p2a: Bill Gacks
|-damage|p2a: Bill Gacks|62/100
|-unboost|p2a: Bill Gacks|spa|1
|move|p1a: Kyogre|Water Spout|p2a: Bill Gacks|[spread] p2a,p2b
|-resisted|p2a: Bill Gacks
|-resisted|p2b: Mr Pibb
|-damage|p2a: Bill Gacks|15/100
|-damage|p2b: Mr Pibb|55/100
|move|p2a: Bill Gacks|Snarl|p1a: Kyogre|[spread] p1a,p1b
|-resisted|p1b: Whimsicott
|-damage|p1a: Kyogre|90/100
|-damage|p1b: Whimsicott|71/100
|-unboost|p1a: Kyogre|spa|1
|-unboost|p1b: Whimsicott|spa|1
|move|p2b: Mr Pibb|U-turn|p1a: Kyogre
|-damage|p1a: Kyogre|70/100
|
|t:|1750788695
|switch|p2b: The Frozen One|Calyrex-Ice, L50|100/100|[from] U-turn
|-ability|p2b: The Frozen One|As One
|-ability|p2b: The Frozen One|Unnerve
|
|-weather|RainDance|[upkeep]
|upkeep
|turn|3
|
|t:|1750788716
|switch|p2a: Mr Pibb|Incineroar, L50, M, tera:Grass|55/100
|-ability|p2a: Mr Pibb|Intimidate|boost
|-unboost|p1a: Kyogre|atk|1
|-unboost|p1b: Whimsicott|atk|1
|move|p1b: Whimsicott|Moonblast|p2a: Mr Pibb
|-damage|p2a: Mr Pibb|43/100
|move|p1a: Kyogre|Hydro Pump|p2b: The Frozen One
|-damage|p2b: The Frozen One|54/100
|move|p2b: The Frozen One|Glacial Lance|p1a: Kyogre|[spread] p1a,p1b
|-resisted|p1a: Kyogre
|-supereffective|p1b: Whimsicott
|-damage|p1a: Kyogre|42/100
|-damage|p1b: Whimsicott|0 fnt
|faint|p1b: Whimsicott
|-ability|p2b: The Frozen One|Chilling Neigh|boost
|-boost|p2b: The Frozen One|atk|1
|
|-weather|RainDance|[upkeep]
|-heal|p2b: The Frozen One|60/100|[from] item: Leftovers
|upkeep
|
|t:|1750788731
|switch|p1b: Great Tusk|Great Tusk, L50, shiny|100/100
|turn|4
|
|t:|1750788740
|switch|p2a: Larry|Pelipper, L50, M|100/100
|move|p1a: Kyogre|Protect|p1a: Kyogre
|-singleturn|p1a: Kyogre|Protect
|move|p1b: Great Tusk|Earthquake|p2a: Larry|[spread] p2b
|-activate|p1a: Kyogre|move: Protect
|-immune|p2a: Larry
|-damage|p2b: The Frozen One|32/100
|move|p2b: The Frozen One|Leech Seed|p1a: Kyogre
|-activate|p1a: Kyogre|move: Protect
|
|-weather|RainDance|[upkeep]
|-heal|p2b: The Frozen One|38/100|[from] item: Leftovers
|-sideend|p1: rman500|move: Tailwind
|upkeep
|turn|5
|
|t:|1750788764
|-end|p1b: Great Tusk|Protosynthesis|[silent]
|switch|p1b: Zacian|Zacian-Crowned, L50, shiny|100/100
|-ability|p1b: Zacian|Intrepid Sword|boost
|-boost|p1b: Zacian|atk|1
|move|p2a: Larry|Protect|p2a: Larry
|-singleturn|p2a: Larry|Protect
|move|p1a: Kyogre|Origin Pulse|p2b: The Frozen One|[spread] p2b
|-activate|p2a: Larry|move: Protect
|-damage|p2b: The Frozen One|0 fnt
|faint|p2b: The Frozen One
|
|-weather|none
|-fieldend|move: Electric Terrain
|upkeep
|
|t:|1750788774
|switch|p2b: Mr Pibb|Incineroar, L50, M, tera:Grass|43/100
|-ability|p2b: Mr Pibb|Intimidate|boost
|-unboost|p1a: Kyogre|atk|1
|-unboost|p1b: Zacian|atk|1
|turn|6
|
|t:|1750788783
|switch|p1a: Great Tusk|Great Tusk, L50, shiny|100/100
|move|p1b: Zacian|Protect|p1b: Zacian
|-singleturn|p1b: Zacian|Protect
|move|p2b: Mr Pibb|Fake Out|p1b: Zacian
|-activate|p1b: Zacian|move: Protect
|move|p2a: Larry|Hurricane|p1a: Great Tusk
|-supereffective|p1a: Great Tusk
|-damage|p1a: Great Tusk|0 fnt
|faint|p1a: Great Tusk
|-end|p1a: Great Tusk|Protosynthesis|[silent]
|
|upkeep
|
|t:|1750788793
|switch|p1a: Kyogre|Kyogre, L50, shiny|42/100
|-weather|RainDance|[from] ability: Drizzle|[of] p1a: Kyogre
|turn|7
|
|t:|1750788835
|move|p1b: Zacian|Behemoth Blade|p2b: Mr Pibb
|-damage|p2b: Mr Pibb|0 fnt
|faint|p2b: Mr Pibb
|move|p1a: Kyogre|Water Spout|p2a: Larry
|-resisted|p2a: Larry
|-damage|p2a: Larry|53/100
|move|p2a: Larry|Weather Ball|p1b: Zacian
|-damage|p1b: Zacian|42/100
|
|-weather|RainDance|[upkeep]
|upkeep
|
|t:|1750788846
|switch|p2b: Bill Gacks|Miraidon, L50|15/100
|-fieldstart|move: Electric Terrain|[from] ability: Hadron Engine|[of] p2b: Bill Gacks
|turn|8
|
|t:|1750788863
|-terastallize|p1b: Zacian|Fairy
|move|p2b: Bill Gacks|Electro Drift|p1a: Kyogre
|-supereffective|p1a: Kyogre
|-damage|p1a: Kyogre|0 fnt
|faint|p1a: Kyogre
|move|p1b: Zacian|Behemoth Blade|p2a: Larry
|-resisted|p2a: Larry
|-damage|p2a: Larry|24/100
|move|p2a: Larry|Weather Ball|p1b: Zacian
|-damage|p1b: Zacian|0 fnt
|faint|p1b: Zacian
|
|win|trashbros
|raw|rman500's rating: 1421 &rarr; <strong>1397</strong><br />(-24 for losing)
|raw|trashbros's rating: 1344 &rarr; <strong>1368</strong><br />(+24 for winning)
|l|☆rman500
|player|p1|
