|j|☆jzbnaruto
|j|☆xcfggvb
|t:|1750833317
|gametype|doubles
|player|p1|jzbnaruto|170|1143
|player|p2|xcfggvb|dawn|1171
|teamsize|p1|6
|teamsize|p2|6
|gen|9
|tier|[Gen 9] VGC 2025 Reg I
|rated|
|rule|Species Clause: Limit one of each Pokémon
|rule|Item Clause: Limit 1 of each item
|clearpoke
|poke|p1|Scrafty, L50, F|
|poke|p1|Koraidon, L50|
|poke|p1|Walking Wake, L50|
|poke|p1|Kingambit, L50, F|
|poke|p1|Whimsicott, L50, F|
|poke|p1|Chi-Yu, L50|
|poke|p2|Terapagos, L50, M|
|poke|p2|Urshifu-*, L50, M|
|poke|p2|Chi-Yu, L50|
|poke|p2|Tornadus, L50, M|
|poke|p2|Flutter Mane, L50|
|poke|p2|Amoonguss, L50, M|
|teampreview|4
|inactive|Battle timer is ON: inactive players will automatically lose when time's up. (requested by xcfggvb)
jzbnaruto rejected open team sheets.
|inactive|jzbnaruto has 60 seconds left.
|
|t:|1750833362
|start
|switch|p1a: Scrafty|Scrafty, L50, F|100/100
|switch|p1b: Koraidon|Koraidon, L50|100/100
|switch|p2a: Tornadus|Tornadus, L50, M|100/100
|switch|p2b: Terapagos|Terapagos, L50, M|100/100
|-activate|p2b: Terapagos|ability: Tera Shift
|detailschange|p2b: Terapagos|Terapagos-Terastal, L50, M
|-heal|p2b: Terapagos|100/100|[silent]
|-weather|SunnyDay|[from] ability: Orichalcum Pulse|[of] p1b: Koraidon
|-activate|p1b: Koraidon|Orichalcum Pulse|[source]
|-ability|p1a: Scrafty|Intimidate|boost
|-unboost|p2a: Tornadus|atk|1
|-unboost|p2b: Terapagos|atk|1
|turn|1
|inactive|xcfggvb has 30 seconds left.
|
|t:|1750833392
|switch|p2b: Flutter Mane|Flutter Mane, L50|100/100
|-activate|p2b: Flutter Mane|ability: Protosynthesis
|-start|p2b: Flutter Mane|protosynthesisspe
|-terastallize|p1b: Koraidon|Fire
|move|p1a: Scrafty|Fake Out|p2a: Tornadus
|-damage|p2a: Tornadus|90/100
|move|p2a: Tornadus|Tailwind|p2a: Tornadus
|-sidestart|p2: xcfggvb|move: Tailwind
|move|p1b: Koraidon|Flare Blitz|p2b: Flutter Mane
|-damage|p2b: Flutter Mane|0 fnt
|faint|p2b: Flutter Mane
|-end|p2b: Flutter Mane|Protosynthesis|[silent]
|-damage|p1b: Koraidon|74/100|[from] Recoil
|
|-weather|SunnyDay|[upkeep]
|upkeep
|
|t:|1750833410
|switch|p2b: Terapagos|Terapagos-Terastal, L50, M|100/100
|turn|2
|
|t:|1750833421
|-terastallize|p2b: Terapagos|Stellar
|detailschange|p2b: Terapagos|Terapagos-Stellar, L50, M, tera:Stellar
|-heal|p2b: Terapagos|100/100|[silent]
|-ability|p2b: Terapagos|Teraform Zero
|-weather|none
|move|p1b: Koraidon|Protect|p1b: Koraidon
|-singleturn|p1b: Koraidon|Protect
|move|p2a: Tornadus|Bleakwind Storm|p1b: Koraidon|[spread] p1a
|-activate|p1b: Koraidon|move: Protect
|-supereffective|p1a: Scrafty
|-damage|p1a: Scrafty|57/100
|move|p2b: Terapagos|Tera Starstorm|p1b: Koraidon|[spread] p1a
|-activate|p1b: Koraidon|move: Protect
|-damage|p1a: Scrafty|13/100
|move|p1a: Scrafty|Snarl|p2a: Tornadus|[spread] p2a,p2b
|-damage|p2a: Tornadus|80/100
|-damage|p2b: Terapagos|95/100
|-unboost|p2b: Terapagos|spa|1
|
|-heal|p1a: Scrafty|19/100|[from] item: Leftovers
|upkeep
|turn|3
|inactive|jzbnaruto has 30 seconds left.
|inactive|xcfggvb has 30 seconds left.
|inactive|jzbnaruto has 20 seconds left.
|
|t:|1750833459
|move|p2a: Tornadus|Bleakwind Storm|p1a: Scrafty|[spread] p1a,p1b
|-supereffective|p1a: Scrafty
|-damage|p1a: Scrafty|0 fnt
|-damage|p1b: Koraidon|40/100
|faint|p1a: Scrafty
|move|p2b: Terapagos|Tera Starstorm|p1b: Koraidon
|-supereffective|p1b: Koraidon
|-damage|p1b: Koraidon|0 fnt
|faint|p1b: Koraidon
|
|upkeep
|
|t:|1750833462
|switch|p1b: Whimsicott|Whimsicott, L50, F|100/100
|switch|p1a: Kingambit|Kingambit, L50, F|100/100
|turn|4
|
|t:|1750833476
|switch|p2b: Chi-Yu|Chi-Yu, L50|100/100
|-ability|p2b: Chi-Yu|Beads of Ruin
|move|p2a: Tornadus|Taunt|p1b: Whimsicott
|-start|p1b: Whimsicott|move: Taunt
|cant|p1b: Whimsicott|move: Taunt|Tailwind
|move|p1a: Kingambit|Kowtow Cleave|p2b: Chi-Yu
|-resisted|p2b: Chi-Yu
|-damage|p2b: Chi-Yu|64/100
|
|-sideend|p2: xcfggvb|move: Tailwind
|upkeep
|turn|5
|
|t:|1750833497
|move|p2a: Tornadus|Tailwind|p2a: Tornadus
|-sidestart|p2: xcfggvb|move: Tailwind
|move|p1a: Kingambit|Sucker Punch||[still]
|-fail|p1a: Kingambit
|move|p2b: Chi-Yu|Will-O-Wisp|p1a: Kingambit
|-status|p1a: Kingambit|brn
|move|p1b: Whimsicott|Moonblast|p2b: Chi-Yu
|-damage|p2b: Chi-Yu|28/100
|
|-damage|p1a: Kingambit|95/100 brn|[from] brn
|upkeep
|turn|6
|-message|jzbnaruto forfeited.
|
|win|xcfggvb
|raw|jzbnaruto's rating: 1143 &rarr; <strong>1120</strong><br />(-23 for losing)
|raw|xcfggvb's rating: 1171 &rarr; <strong>1194</strong><br />(+23 for winning)
|l|☆jzbnaruto
|player|p1|
|l|☆xcfggvb
|player|p2|
