|j|☆phalap
|j|☆sawawa256
|t:|1750824196
|gametype|doubles
|player|p1|phalap|lucas-gen4pt|1553
|player|p2|sawawa256|hilbert|1472
|teamsize|p1|6
|teamsize|p2|6
|gen|9
|tier|[Gen 9] VGC 2025 Reg I
|rated|
|rule|Species Clause: Limit one of each Pokémon
|rule|Item Clause: Limit 1 of each item
|clearpoke
|poke|p1|Miraidon, L50|
|poke|p1|Farigiraf, L50, M|
|poke|p1|Incineroar, L50, M|
|poke|p1|Calyrex-Ice, L50|
|poke|p1|Urshifu-*, L50, F|
|poke|p1|Landorus, L50, M|
|poke|p2|Calyrex-Ice, L50|
|poke|p2|Incineroar, L50, F|
|poke|p2|Ogerpon-Cornerstone, L50, F|
|poke|p2|Urshifu-*, L50, M|
|poke|p2|Miraidon, L50|
|poke|p2|Ursaluna, L50, M|
|teampreview|4
|inactive|Battle timer is ON: inactive players will automatically lose when time's up. (requested by phalap)
|inactive|sawawa256 has 60 seconds left.
|
|t:|1750824231
|start
|switch|p1a: Calyrex|Calyrex-Ice, L50|100/100
|switch|p1b: Urshifu|Urshifu-Rapid-Strike, L50, F|100/100
|switch|p2a: Calyrex|Calyrex-Ice, L50|100/100
|switch|p2b: Ogerpon|Ogerpon-Cornerstone, L50, F|100/100
|-ability|p2a: Calyrex|As One
|-ability|p2a: Calyrex|Unnerve
|-ability|p1a: Calyrex|As One
|-ability|p1a: Calyrex|Unnerve
|turn|1
|
|t:|1750824251
|-terastallize|p2a: Calyrex|Water
|move|p1b: Urshifu|Surging Strikes|p2b: Ogerpon
|-crit|p2b: Ogerpon
|-damage|p2b: Ogerpon|80/100
|-crit|p2b: Ogerpon
|-damage|p2b: Ogerpon|62/100
|-crit|p2b: Ogerpon
|-damage|p2b: Ogerpon|41/100
|-hitcount|p2b: Ogerpon|3
|move|p2b: Ogerpon|Ivy Cudgel|p1a: Calyrex|[anim] Ivy Cudgel Rock
|-supereffective|p1a: Calyrex
|-damage|p1a: Calyrex|53/100
|move|p2a: Calyrex|Glacial Lance|p1b: Urshifu|[spread] p1a,p1b
|-resisted|p1a: Calyrex
|-resisted|p1b: Urshifu
|-damage|p1a: Calyrex|37/100
|-damage|p1b: Urshifu|73/100
|move|p1a: Calyrex|Glacial Lance|p2a: Calyrex|[spread] p2a,p2b
|-resisted|p2a: Calyrex
|-supereffective|p2b: Ogerpon
|-damage|p2a: Calyrex|84/100
|-damage|p2b: Ogerpon|0 fnt
|faint|p2b: Ogerpon
|-ability|p1a: Calyrex|Chilling Neigh|boost
|-boost|p1a: Calyrex|atk|1
|
|-heal|p1a: Calyrex|43/100|[from] item: Leftovers
|upkeep
|
|t:|1750824272
|switch|p2b: Miraidon|Miraidon, L50|100/100
|-fieldstart|move: Electric Terrain|[from] ability: Hadron Engine|[of] p2b: Miraidon
|turn|2
|
|t:|1750824295
|move|p1b: Urshifu|Surging Strikes|p2b: Miraidon
|-resisted|p2b: Miraidon
|-crit|p2b: Miraidon
|-damage|p2b: Miraidon|90/100
|-resisted|p2b: Miraidon
|-crit|p2b: Miraidon
|-damage|p2b: Miraidon|79/100
|-resisted|p2b: Miraidon
|-crit|p2b: Miraidon
|-damage|p2b: Miraidon|70/100
|-hitcount|p2b: Miraidon|3
|move|p2b: Miraidon|Volt Switch|p1b: Urshifu
|-supereffective|p1b: Urshifu
|-damage|p1b: Urshifu|0 fnt
|faint|p1b: Urshifu
|
|t:|1750824306
|switch|p2b: Ursaluna|Ursaluna, L50, M|100/100|[from] Volt Switch
|move|p1a: Calyrex|Leech Seed|p2a: Calyrex
|-start|p2a: Calyrex|move: Leech Seed
|move|p2a: Calyrex|Trick Room|p2a: Calyrex
|-fieldstart|move: Trick Room|[of] p2a: Calyrex
|
|-heal|p1a: Calyrex|49/100|[from] item: Leftovers
|-damage|p2a: Calyrex|72/100|[from] Leech Seed|[of] p1a: Calyrex
|-heal|p1a: Calyrex|59/100|[silent]
|-status|p2b: Ursaluna|brn|[from] item: Flame Orb
|upkeep
|
|t:|1750824313
|switch|p1b: Landorus|Landorus, L50, M|100/100
|turn|3
|
|t:|1750824320
|move|p1a: Calyrex|Protect|p1a: Calyrex
|-singleturn|p1a: Calyrex|Protect
|move|p1b: Landorus|Protect|p1b: Landorus
|-singleturn|p1b: Landorus|Protect
|move|p2b: Ursaluna|Facade|p1a: Calyrex
|-activate|p1a: Calyrex|move: Protect
|move|p2a: Calyrex|Glacial Lance|p1b: Landorus|[spread] 
|-activate|p1a: Calyrex|move: Protect
|-activate|p1b: Landorus|move: Protect
|
|-heal|p1a: Calyrex|65/100|[from] item: Leftovers
|-damage|p2a: Calyrex|60/100|[from] Leech Seed|[of] p1a: Calyrex
|-heal|p1a: Calyrex|76/100|[silent]
|-damage|p2b: Ursaluna|94/100 brn|[from] brn
|upkeep
|turn|4
|
|t:|1750824336
|-terastallize|p1b: Landorus|Poison
|move|p2b: Ursaluna|Facade|p1a: Calyrex
|-damage|p1a: Calyrex|9/100
|move|p1a: Calyrex|Glacial Lance|p2a: Calyrex|[spread] p2a,p2b
|-resisted|p2a: Calyrex
|-supereffective|p2b: Ursaluna
|-damage|p2a: Calyrex|36/100
|-damage|p2b: Ursaluna|0 fnt
|faint|p2b: Ursaluna
|-ability|p1a: Calyrex|Chilling Neigh|boost
|-boost|p1a: Calyrex|atk|1
|move|p2a: Calyrex|Glacial Lance|p1a: Calyrex|[spread] p1a,p1b
|-resisted|p1a: Calyrex
|-damage|p1a: Calyrex|0 fnt
|-damage|p1b: Landorus|39/100
|faint|p1a: Calyrex
|-ability|p2a: Calyrex|Chilling Neigh|boost
|-boost|p2a: Calyrex|atk|1
|move|p1b: Landorus|Sandsear Storm|p2a: Calyrex
|-damage|p2a: Calyrex|0 fnt
|faint|p2a: Calyrex
|
|upkeep
|
|t:|1750824356
|switch|p2b: Miraidon|Miraidon, L50|70/100
|switch|p1a: Miraidon|Miraidon, L50|100/100
|-activate|p1a: Miraidon|ability: Hadron Engine
|-activate|p2b: Miraidon|ability: Hadron Engine
|turn|5
|
|t:|1750824365
|move|p1b: Landorus|Earth Power|p2b: Miraidon
|-supereffective|p2b: Miraidon
|-damage|p2b: Miraidon|0 fnt
|faint|p2b: Miraidon
|
|win|phalap
|raw|phalap's rating: 1553 &rarr; <strong>1568</strong><br />(+15 for winning)
|raw|sawawa256's rating: 1472 &rarr; <strong>1457</strong><br />(-15 for losing)
|l|☆sawawa256
|player|p2|
|l|☆phalap
|player|p1|
