|j|☆OwesH47
|j|☆mauveracor
|t:|1750715020
|gametype|doubles
|player|p1|OwesH47|burglar|1337
|player|p2|mauveracor|2|1388
|teamsize|p1|6
|teamsize|p2|6
|gen|9
|tier|[Gen 9] VGC 2025 Reg I
|rated|
|rule|Species Clause: Limit one of each Pokémon
|rule|Item Clause: Limit 1 of each item
|clearpoke
|poke|p1|Calyrex-Ice, L50|
|poke|p1|Miraidon, L50|
|poke|p1|Incineroar, L50, M|
|poke|p1|Urshifu-*, L50, F|
|poke|p1|Ninetales-Alola, L50, M|
|poke|p1|Amoonguss, L50, F|
|poke|p2|Grafaiai, L50, M|
|poke|p2|Zacian-*, L50|
|poke|p2|Regigigas, L50|
|poke|p2|Lunala, L50|
|poke|p2|Amoonguss, L50, F|
|poke|p2|Slaking, L50, F|
|teampreview|4
|inactive|Battle timer is ON: inactive players will automatically lose when time's up. (requested by mauveracor)
|inactive|OwesH47 has 60 seconds left.
|inactive|mauveracor has 60 seconds left.
|
|t:|1750715072
|start
|switch|p1a: Ninetales|Ninetales-Alola, L50, M, shiny|100/100
|switch|p1b: Incineroar|Incineroar, L50, M, shiny|100/100
|switch|p2a: Grafaiai|Grafaiai, L50, M|100/100
|switch|p2b: Slaking|Slaking, L50, F|100/100
|-weather|Snowscape|[from] ability: Snow Warning|[of] p1a: Ninetales
|-ability|p1b: Incineroar|Intimidate|boost
|-unboost|p2a: Grafaiai|atk|1
|-unboost|p2b: Slaking|atk|1
|turn|1
|inactive|mauveracor has 30 seconds left.
|
|t:|1750715098
|move|p2a: Grafaiai|Doodle|p1a: Ninetales
|-endability|p2a: Grafaiai|Prankster|[from] move: Doodle
|-ability|p2a: Grafaiai|Snow Warning|[from] move: Doodle
|-endability|p2b: Slaking|Truant|[from] move: Doodle
|-ability|p2b: Slaking|Snow Warning|[from] move: Doodle
|move|p1a: Ninetales|Aurora Veil|p1a: Ninetales
|-sidestart|p1: OwesH47|move: Aurora Veil
|move|p2b: Slaking|Giga Impact|p1b: Incineroar
|-damage|p1b: Incineroar|50/100
|-mustrecharge|p2b: Slaking
|move|p1b: Incineroar|Parting Shot|p2a: Grafaiai
|-unboost|p2a: Grafaiai|atk|1
|-unboost|p2a: Grafaiai|spa|1
|
|t:|1750715110
|switch|p1b: Urshifu|Urshifu-Rapid-Strike, L50, F|100/100|[from] Parting Shot
|
|-weather|Snowscape|[upkeep]
|upkeep
|turn|2
|
|t:|1750715122
|switch|p2a: Lunala|Lunala, L50|100/100
|move|p1a: Ninetales|Encore|p2b: Slaking
|-start|p2b: Slaking|Encore
|cant|p2b: Slaking|recharge
|move|p1b: Urshifu|Surging Strikes|p2a: Lunala
|-crit|p2a: Lunala
|-damage|p2a: Lunala|88/100
|-crit|p2a: Lunala
|-damage|p2a: Lunala|62/100
|-crit|p2a: Lunala
|-damage|p2a: Lunala|38/100
|-hitcount|p2a: Lunala|3
|
|-weather|Snowscape|[upkeep]
|upkeep
|turn|3
|
|t:|1750715146
|switch|p2b: Grafaiai|Grafaiai, L50, M|100/100
|-terastallize|p1b: Urshifu|Ghost
|move|p1a: Ninetales|Icy Wind|p2b: Grafaiai|[spread] p2a,p2b
|-damage|p2a: Lunala|29/100
|-damage|p2b: Grafaiai|88/100
|-unboost|p2a: Lunala|spe|1
|move|p1b: Urshifu|Surging Strikes|p2a: Lunala
|-crit|p2a: Lunala
|-damage|p2a: Lunala|3/100
|-crit|p2a: Lunala
|-damage|p2a: Lunala|0 fnt
|faint|p2a: Lunala
|-hitcount|p2: Lunala|2
|
|-weather|Snowscape|[upkeep]
|upkeep
|
|t:|1750715158
|switch|p2a: Slaking|Slaking, L50, F|100/100
|turn|4
|
|t:|1750715166
|switch|p1a: Incineroar|Incineroar, L50, M, shiny|50/100
|-ability|p1a: Incineroar|Intimidate|boost
|-unboost|p2a: Slaking|atk|1
|-unboost|p2b: Grafaiai|atk|1
|move|p2b: Grafaiai|Doodle|p1a: Incineroar
|-hint|Since gen 7, Dark is immune to Prankster moves.
|-immune|p1a: Incineroar
|move|p2a: Slaking|Giga Impact|p1b: Urshifu
|-immune|p1b: Urshifu
|move|p1b: Urshifu|Surging Strikes|p2a: Slaking
|-crit|p2a: Slaking
|-damage|p2a: Slaking|73/100
|-crit|p2a: Slaking
|-damage|p2a: Slaking|48/100
|-crit|p2a: Slaking
|-damage|p2a: Slaking|23/100
|-hitcount|p2a: Slaking|3
|
|-weather|Snowscape|[upkeep]
|upkeep
|turn|5
|
|t:|1750715187
|switch|p1a: Ninetales|Ninetales-Alola, L50, M, shiny|100/100
|move|p2b: Grafaiai|Doodle|p1b: Urshifu
|-endability|p2a: Slaking|Truant|[from] move: Doodle
|-ability|p2a: Slaking|Unseen Fist|[from] move: Doodle
|-endability|p2b: Grafaiai|Prankster|[from] move: Doodle
|-ability|p2b: Grafaiai|Unseen Fist|[from] move: Doodle
|move|p2a: Slaking|Giga Impact|p1a: Ninetales
|-damage|p1a: Ninetales|50/100
|-mustrecharge|p2a: Slaking
|move|p1b: Urshifu|Surging Strikes|p2b: Grafaiai
|-crit|p2b: Grafaiai
|-damage|p2b: Grafaiai|40/100
|-crit|p2b: Grafaiai
|-damage|p2b: Grafaiai|0 fnt
|faint|p2b: Grafaiai
|-hitcount|p2: Grafaiai|2
|
|-weather|none
|upkeep
|
|t:|1750715197
|switch|p2b: Zacian|Zacian-Crowned, L50|100/100
|-ability|p2b: Zacian|Intrepid Sword|boost
|-boost|p2b: Zacian|atk|1
|turn|6
|
|t:|1750715213
|switch|p1a: Incineroar|Incineroar, L50, M, shiny|50/100
|-ability|p1a: Incineroar|Intimidate|boost
|-unboost|p2a: Slaking|atk|1
|-unboost|p2b: Zacian|atk|1
|move|p2b: Zacian|Sacred Sword|p1a: Incineroar
|-supereffective|p1a: Incineroar
|-crit|p1a: Incineroar
|-damage|p1a: Incineroar|0 fnt
|faint|p1a: Incineroar
|cant|p2a: Slaking|recharge
|move|p1b: Urshifu|Surging Strikes|p2b: Zacian
|-crit|p2b: Zacian
|-damage|p2b: Zacian|72/100
|-crit|p2b: Zacian
|-damage|p2b: Zacian|41/100
|-crit|p2b: Zacian
|-damage|p2b: Zacian|12/100
|-hitcount|p2b: Zacian|3
|
|upkeep
|-message|mauveracor forfeited.
|
|win|OwesH47
|raw|OwesH47's rating: 1337 &rarr; <strong>1360</strong><br />(+23 for winning)
|raw|mauveracor's rating: 1388 &rarr; <strong>1365</strong><br />(-23 for losing)
|l|☆mauveracor
|player|p2|
|l|☆OwesH47
|player|p1|
