|j|☆pikmingeneral
|j|☆TCBro89
|t:|1750868329
|gametype|doubles
|player|p1|pikmingeneral|pokemaniac|1312
|player|p2|TCBro89|red|1397
|teamsize|p1|6
|teamsize|p2|6
|gen|9
|tier|[Gen 9] VGC 2025 Reg I
|rated|
|rule|Species Clause: Limit one of each Pokémon
|rule|Item Clause: Limit 1 of each item
|clearpoke
|poke|p1|Terapagos, L50, M|
|poke|p1|Lunala, L50|
|poke|p1|Amoonguss, L50, M|
|poke|p1|Incineroar, L50, M|
|poke|p1|Kingambit, L50, F|
|poke|p1|Torterra, L50, F|
|poke|p2|Miraidon, L50|
|poke|p2|Iron Bundle, L50|
|poke|p2|Groudon, L50|
|poke|p2|Whimsicott, L50, M|
|poke|p2|Raging Bolt, L50|
|poke|p2|Farigiraf, L50, F|
|teampreview|4
|inactive|Battle timer is ON: inactive players will automatically lose when time's up. (requested by TCBro89)
|j| nijjerayi minion
|inactive|pikmingeneral has 60 seconds left.
|inactive|TCBro89 has 60 seconds left.
|
|t:|1750868367
|start
|switch|p1a: Batty|Lunala, L50|100/100
|switch|p1b: Sus|Amoonguss, L50, M|100/100
|switch|p2a: Miraidon|Miraidon, L50|100/100
|switch|p2b: Farigiraf|Farigiraf, L50, F|100/100
|-fieldstart|move: Electric Terrain|[from] ability: Hadron Engine|[of] p2a: Miraidon
|turn|1
|inactive|pikmingeneral has 30 seconds left.
|
|t:|1750868397
|move|p2a: Miraidon|Volt Switch|p1a: Batty
|-damage|p1a: Batty|75/100
|
|t:|1750868401
|switch|p2a: Groudon|Groudon, L50|100/100|[from] Volt Switch
|-weather|SunnyDay|[from] ability: Drought|[of] p2a: Groudon
|move|p1a: Batty|Dazzling Gleam|p2a: Groudon|[spread] p2a,p2b
|-damage|p2a: Groudon|84/100
|-damage|p2b: Farigiraf|84/100
|move|p2b: Farigiraf|Foul Play|p1a: Batty
|-supereffective|p1a: Batty
|-damage|p1a: Batty|16/100
|move|p1b: Sus|Pollen Puff|p1a: Batty
|-heal|p1a: Batty|66/100
|
|-weather|SunnyDay|[upkeep]
|upkeep
|turn|2
|
|t:|1750868423
|switch|p1b: Rainbow Turt|Terapagos, L50, M|100/100
|-activate|p1b: Rainbow Turt|ability: Tera Shift
|detailschange|p1b: Rainbow Turt|Terapagos-Terastal, L50, M
|-heal|p1b: Rainbow Turt|100/100|[silent]
|-terastallize|p2a: Groudon|Fire
|move|p1a: Batty|Wide Guard|p1a: Batty
|-singleturn|p1a: Batty|Wide Guard
|move|p2a: Groudon|Heat Crash|p1b: Rainbow Turt
|-activate|p1b: Rainbow Turt|ability: Tera Shell
|-resisted|p1b: Rainbow Turt
|-crit|p1b: Rainbow Turt
|-damage|p1b: Rainbow Turt|37/100
|move|p2b: Farigiraf|Foul Play|p1a: Batty
|-supereffective|p1a: Batty
|-damage|p1a: Batty|4/100
|
|-weather|SunnyDay|[upkeep]
|upkeep
|turn|3
|inactive|TCBro89 has 30 seconds left.
|
|t:|1750868454
|-terastallize|p1b: Rainbow Turt|Stellar
|detailschange|p1b: Rainbow Turt|Terapagos-Stellar, L50, M, tera:Stellar
|-heal|p1b: Rainbow Turt|53/100|[silent]
|-ability|p1b: Rainbow Turt|Teraform Zero
|-weather|none
|-fieldend|move: Electric Terrain
|move|p2a: Groudon|Heat Crash|p1b: Rainbow Turt
|-damage|p1b: Rainbow Turt|5/100
|move|p1b: Rainbow Turt|Tera Starstorm|p2b: Farigiraf|[spread] p2a,p2b
|-supereffective|p2a: Groudon
|-damage|p2a: Groudon|0 fnt
|-damage|p2b: Farigiraf|27/100
|faint|p2a: Groudon
|move|p2b: Farigiraf|Foul Play|p1a: Batty
|-supereffective|p1a: Batty
|-damage|p1a: Batty|0 fnt
|faint|p1a: Batty
|
|upkeep
|
|t:|1750868470
|switch|p2a: Miraidon|Miraidon, L50|100/100
|switch|p1a: Sus|Amoonguss, L50, M|100/100
|-fieldstart|move: Electric Terrain|[from] ability: Hadron Engine|[of] p2a: Miraidon
|turn|4
|
|t:|1750868491
|move|p1a: Sus|Rage Powder|p1a: Sus
|-singleturn|p1a: Sus|move: Rage Powder
|move|p2a: Miraidon|Dazzling Gleam|p1a: Sus|[spread] p1a,p1b
|-resisted|p1a: Sus
|-damage|p1a: Sus|86/100
|-damage|p1b: Rainbow Turt|0 fnt
|faint|p1b: Rainbow Turt
|detailschange|p1: Rainbow Turt|Terapagos, L50, M|[silent]
|move|p2b: Farigiraf|Foul Play|p1a: Sus
|-damage|p1a: Sus|68/100
|
|upkeep
|
|t:|1750868498
|switch|p1b: Turt Turt|Torterra, L50, F|100/100
|turn|5
|
|t:|1750868514
|switch|p2a: Iron Bundle|Iron Bundle, L50|100/100
|-activate|p2a: Iron Bundle|ability: Quark Drive
|-start|p2a: Iron Bundle|quarkdrivespe
|move|p2b: Farigiraf|Foul Play|p1a: Sus
|-damage|p1a: Sus|52/100
|move|p1b: Turt Turt|High Horsepower|p2a: Iron Bundle
|-damage|p2a: Iron Bundle|46/100
|move|p1a: Sus|Pollen Puff|p2b: Farigiraf
|-supereffective|p2b: Farigiraf
|-damage|p2b: Farigiraf|0 fnt
|faint|p2b: Farigiraf
|
|upkeep
|
|t:|1750868528
|switch|p2b: Miraidon|Miraidon, L50|100/100
|-activate|p2b: Miraidon|ability: Hadron Engine
|turn|6
|
|t:|1750868537
|move|p1a: Sus|Rage Powder|p1a: Sus
|-singleturn|p1a: Sus|move: Rage Powder
|move|p2a: Iron Bundle|Ice Beam|p1a: Sus
|-supereffective|p1a: Sus
|-damage|p1a: Sus|0 fnt
|faint|p1a: Sus
|move|p2b: Miraidon|Draco Meteor|p1b: Turt Turt
|-damage|p1b: Turt Turt|0 fnt
|-unboost|p2b: Miraidon|spa|2
|faint|p1b: Turt Turt
|
|win|TCBro89
|raw|pikmingeneral's rating: 1312 &rarr; <strong>1297</strong><br />(-15 for losing)
|raw|TCBro89's rating: 1397 &rarr; <strong>1412</strong><br />(+15 for winning)
|l|☆pikmingeneral
|player|p1|
|l|☆TCBro89
|player|p2|
|l| nijjerayi minion
