|j|☆Master M-rada
|j|☆Falcon9115
|t:|1750859964
|gametype|doubles
|player|p1|Master M-rada|blue|1282
|player|p2|Falcon9115|red|1243
|teamsize|p1|6
|teamsize|p2|6
|gen|9
|tier|[Gen 9] VGC 2025 Reg I
|rated|
|rule|Species Clause: Limit one of each Pokémon
|rule|Item Clause: Limit 1 of each item
|clearpoke
|poke|p1|Zamazenta-*, L50|
|poke|p1|Miraidon, L50|
|poke|p1|Grimmsnarl, L50, M|
|poke|p1|Raging Bolt, L50|
|poke|p1|Rillaboom, L50, F|
|poke|p1|Volcarona, L50, F|
|poke|p2|Calyrex-Ice, L50|
|poke|p2|Incineroar, L50, M|
|poke|p2|Clefable, L50, M|
|poke|p2|Tornadus, L50, M|
|poke|p2|Miraidon, L50|
|poke|p2|Amoonguss, L50, M|
|teampreview|4
|inactive|Battle timer is ON: inactive players will automatically lose when time's up. (requested by Master M-rada)
|inactive|Master M-rada has 60 seconds left.
|inactive|Falcon9115 has 60 seconds left.
|
|t:|1750860016
|start
|switch|p1a: Rillaboom|Rillaboom, L50, F|100/100
|switch|p1b: Zamazenta|Zamazenta-Crowned, L50|100/100
|switch|p2a: Calyrex|Calyrex-Ice, L50|100/100
|switch|p2b: Incineroar|Incineroar, L50, M|100/100
|-ability|p2a: Calyrex|As One
|-ability|p2a: Calyrex|Unnerve
|-ability|p1b: Zamazenta|Dauntless Shield|boost
|-boost|p1b: Zamazenta|def|1
|-fieldstart|move: Grassy Terrain|[from] ability: Grassy Surge|[of] p1a: Rillaboom
|-ability|p2b: Incineroar|Intimidate|boost
|-unboost|p1a: Rillaboom|atk|1
|-unboost|p1b: Zamazenta|atk|1
|turn|1
|inactive|Master M-rada has 30 seconds left.
|
|t:|1750860046
|move|p2a: Calyrex|Protect|p2a: Calyrex
|-singleturn|p2a: Calyrex|Protect
|move|p1a: Rillaboom|Fake Out|p2a: Calyrex
|-activate|p2a: Calyrex|move: Protect
|move|p1b: Zamazenta|Body Press|p2b: Incineroar
|-supereffective|p2b: Incineroar
|-damage|p2b: Incineroar|0 fnt
|faint|p2b: Incineroar
|
|upkeep
|
|t:|1750860060
|switch|p2b: Amoonguss|Amoonguss, L50, M|100/100
|turn|2
|inactive|Master M-rada has 30 seconds left.
|
|t:|1750860089
|-terastallize|p1a: Rillaboom|Fire
|move|p2b: Amoonguss|Rage Powder|p2b: Amoonguss
|-singleturn|p2b: Amoonguss|move: Rage Powder
|move|p1b: Zamazenta|Heavy Slam|p2b: Amoonguss
|-damage|p2b: Amoonguss|65/100
|-damage|p1b: Zamazenta|84/100|[from] item: Rocky Helmet|[of] p2b: Amoonguss
|move|p1a: Rillaboom|Wood Hammer|p2b: Amoonguss
|-resisted|p2b: Amoonguss
|-damage|p2b: Amoonguss|52/100
|-damage|p1a: Rillaboom|84/100|[from] item: Rocky Helmet|[of] p2b: Amoonguss
|-damage|p1a: Rillaboom|79/100|[from] Recoil
|move|p2a: Calyrex|Glacial Lance|p1a: Rillaboom|[spread] p1a,p1b
|-resisted|p1a: Rillaboom
|-resisted|p1b: Zamazenta
|-damage|p1a: Rillaboom|55/100
|-damage|p1b: Zamazenta|72/100
|
|-heal|p1b: Zamazenta|77/100|[from] Grassy Terrain
|-heal|p1a: Rillaboom|61/100|[from] Grassy Terrain
|-heal|p2b: Amoonguss|58/100|[from] Grassy Terrain
|upkeep
|turn|3
|
|t:|1750860111
|move|p1b: Zamazenta|Wide Guard|p1b: Zamazenta
|-singleturn|p1b: Zamazenta|Wide Guard
|move|p2b: Amoonguss|Rage Powder|p2b: Amoonguss
|-singleturn|p2b: Amoonguss|move: Rage Powder
|move|p1a: Rillaboom|U-turn|p2b: Amoonguss
|-damage|p2b: Amoonguss|39/100
|-damage|p1a: Rillaboom|45/100|[from] item: Rocky Helmet|[of] p2b: Amoonguss
|
|t:|1750860121
|switch|p1a: Miraidon|Miraidon, L50|100/100|[from] U-turn
|-fieldstart|move: Electric Terrain|[from] ability: Hadron Engine|[of] p1a: Miraidon
|move|p2a: Calyrex|Zen Headbutt|p1a: Miraidon
|-damage|p1a: Miraidon|50/100
|
|upkeep
|turn|4
|inactive|Falcon9115 has 30 seconds left.
|inactive|Falcon9115 has 20 seconds left.
|
|t:|1750860157
|move|p1b: Zamazenta|Wide Guard|p1b: Zamazenta
|-singleturn|p1b: Zamazenta|Wide Guard
|move|p2b: Amoonguss|Rage Powder|p2b: Amoonguss
|-singleturn|p2b: Amoonguss|move: Rage Powder
|move|p1a: Miraidon|Volt Switch|p2b: Amoonguss
|-resisted|p2b: Amoonguss
|-damage|p2b: Amoonguss|3/100
|
|t:|1750860164
|switch|p1a: Raging Bolt|Raging Bolt, L50|100/100|[from] Volt Switch
|-enditem|p1a: Raging Bolt|Booster Energy
|-activate|p1a: Raging Bolt|ability: Protosynthesis|[fromitem]
|-start|p1a: Raging Bolt|protosynthesisspa
|move|p2a: Calyrex|Zen Headbutt|p1a: Raging Bolt
|-damage|p1a: Raging Bolt|60/100
|
|upkeep
|turn|5
|inactive|Master M-rada has 30 seconds left.
|
|t:|1750860192
|move|p1b: Zamazenta|Wide Guard|p1b: Zamazenta
|-singleturn|p1b: Zamazenta|Wide Guard
|move|p2b: Amoonguss|Rage Powder|p2b: Amoonguss
|-singleturn|p2b: Amoonguss|move: Rage Powder
|move|p1a: Raging Bolt|Thunderbolt|p2b: Amoonguss
|-resisted|p2b: Amoonguss
|-damage|p2b: Amoonguss|0 fnt
|faint|p2b: Amoonguss
|move|p2a: Calyrex|Glacial Lance|p1a: Raging Bolt|[spread] 
|-activate|p1a: Raging Bolt|move: Wide Guard
|-activate|p1b: Zamazenta|move: Wide Guard
|
|upkeep
|
|t:|1750860195
|switch|p2b: Clefable|Clefable, L50, M|100/100
|turn|6
|
|t:|1750860210
|move|p1b: Zamazenta|Wide Guard|p1b: Zamazenta
|-singleturn|p1b: Zamazenta|Wide Guard
|move|p2b: Clefable|Follow Me|p2b: Clefable
|-singleturn|p2b: Clefable|move: Follow Me
|move|p1a: Raging Bolt|Thunderbolt|p2b: Clefable
|-damage|p2b: Clefable|44/100
|move|p2a: Calyrex|Zen Headbutt|p1a: Raging Bolt
|-damage|p1a: Raging Bolt|17/100
|
|-heal|p2b: Clefable|50/100|[from] item: Leftovers
|upkeep
|turn|7
|inactive|Falcon9115 has 30 seconds left.
|
|t:|1750860243
|move|p2b: Clefable|Follow Me|p2b: Clefable
|-singleturn|p2b: Clefable|move: Follow Me
|move|p1b: Zamazenta|Body Press|p2b: Clefable
|-resisted|p2b: Clefable
|-damage|p2b: Clefable|23/100
|move|p1a: Raging Bolt|Thunderbolt|p2b: Clefable
|-damage|p2b: Clefable|0 fnt
|faint|p2b: Clefable
|move|p2a: Calyrex|Zen Headbutt|p1a: Raging Bolt
|-damage|p1a: Raging Bolt|0 fnt
|faint|p1a: Raging Bolt
|-end|p1a: Raging Bolt|Protosynthesis|[silent]
|-ability|p2a: Calyrex|Chilling Neigh|boost
|-boost|p2a: Calyrex|atk|1
|
|-fieldend|move: Electric Terrain
|upkeep
|
|t:|1750860256
|switch|p1a: Miraidon|Miraidon, L50|50/100
|-fieldstart|move: Electric Terrain|[from] ability: Hadron Engine|[of] p1a: Miraidon
|turn|8
|
|t:|1750860270
|move|p1a: Miraidon|Electro Drift|p2a: Calyrex
|-damage|p2a: Calyrex|2/100
|move|p1b: Zamazenta|Body Press|p2a: Calyrex
|-damage|p2a: Calyrex|0 fnt
|faint|p2a: Calyrex
|
|win|Master M-rada
|raw|Master M-rada's rating: 1282 &rarr; <strong>1304</strong><br />(+22 for winning)
|raw|Falcon9115's rating: 1243 &rarr; <strong>1221</strong><br />(-22 for losing)
|l|☆Falcon9115
|player|p2|
|l|☆Master M-rada
|player|p1|
