|j|☆andandandandand
|j|☆MavenVGC
|t:|1750872454
|gametype|doubles
|player|p1|andandandandand|skyla|1299
|player|p2|MavenVGC|steven|1369
|teamsize|p1|6
|teamsize|p2|6
|gen|9
|tier|[Gen 9] VGC 2025 Reg I
|rated|
|rule|Species Clause: Limit one of each Pokémon
|rule|Item Clause: Limit 1 of each item
|clearpoke
|poke|p1|Whimsicott, L50, M|
|poke|p1|Reshiram, L50|
|poke|p1|Groudon, L50|
|poke|p1|Walking Wake, L50|
|poke|p1|Urshifu-*, L50, F|
|poke|p1|Sinistcha-Masterpiece, L50|
|poke|p2|Calyrex-Ice, L50|
|poke|p2|Ho-Oh, L50|
|poke|p2|Iron Hands, L50|
|poke|p2|Flutter Mane, L50|
|poke|p2|Ogerpon-Wellspring, L50, F|
|poke|p2|Volcarona, L50, M|
|teampreview|4
|inactive|Battle timer is ON: inactive players will automatically lose when time's up. (requested by MavenVGC)
|inactive|andandandandand also wants the timer to be on.
MavenVGC rejected open team sheets.
|inactive|MavenVGC has 60 seconds left.
|
|t:|1750872487
|start
|switch|p1a: Whimsicott|Whimsicott, L50, M, shiny|100/100
|switch|p1b: Groudon|Groudon, L50, shiny|100/100
|switch|p2a: Calyrex|Calyrex-Ice, L50|100/100
|switch|p2b: Flutter Mane|Flutter Mane, L50|100/100
|-ability|p2a: Calyrex|As One
|-ability|p2a: Calyrex|Unnerve
|-weather|SunnyDay|[from] ability: Drought|[of] p1b: Groudon
|-activate|p2b: Flutter Mane|ability: Protosynthesis
|-start|p2b: Flutter Mane|protosynthesisspe
|turn|1
|
|t:|1750872498
|-terastallize|p1b: Groudon|Fire
|move|p2a: Calyrex|Protect|p2a: Calyrex
|-singleturn|p2a: Calyrex|Protect
|move|p1a: Whimsicott|Tailwind|p1a: Whimsicott
|-sidestart|p1: andandandandand|move: Tailwind
|move|p1b: Groudon|Eruption|p2a: Calyrex|[spread] p2b
|-activate|p2a: Calyrex|move: Protect
|-damage|p2b: Flutter Mane|6/100
|move|p2b: Flutter Mane|Trick Room|p2b: Flutter Mane
|-fieldstart|move: Trick Room|[of] p2b: Flutter Mane
|
|-weather|SunnyDay|[upkeep]
|upkeep
|turn|2
|
|t:|1750872516
|-end|p2b: Flutter Mane|Protosynthesis|[silent]
|switch|p2b: Ho-Oh|Ho-Oh, L50|100/100
|-terastallize|p2a: Calyrex|Fire
|move|p1a: Whimsicott|Encore||[still]
|-fail|p1a: Whimsicott
|move|p2a: Calyrex|Glacial Lance|p1a: Whimsicott|[spread] p1a,p1b
|-supereffective|p1a: Whimsicott
|-resisted|p1b: Groudon
|-damage|p1a: Whimsicott|0 fnt
|-damage|p1b: Groudon|83/100
|faint|p1a: Whimsicott
|-ability|p2a: Calyrex|Chilling Neigh|boost
|-boost|p2a: Calyrex|atk|1
|move|p1b: Groudon|Eruption|p2a: Calyrex|[spread] p2a,p2b
|-resisted|p2a: Calyrex
|-resisted|p2b: Ho-Oh
|-damage|p2a: Calyrex|75/100
|-damage|p2b: Ho-Oh|76/100
|
|-weather|SunnyDay|[upkeep]
|-heal|p2a: Calyrex|81/100|[from] item: Leftovers
|upkeep
|
|t:|1750872528
|switch|p1a: Walking Wake|Walking Wake, L50|100/100
|-activate|p1a: Walking Wake|ability: Protosynthesis
|-start|p1a: Walking Wake|protosynthesisspe
|turn|3
|
|t:|1750872538
|move|p2a: Calyrex|Glacial Lance|p1a: Walking Wake|[spread] p1a,p1b
|-resisted|p1b: Groudon
|-damage|p1a: Walking Wake|22/100
|-damage|p1b: Groudon|57/100
|move|p2b: Ho-Oh|Brave Bird|p1b: Groudon
|-damage|p1b: Groudon|20/100
|-damage|p2b: Ho-Oh|64/100|[from] Recoil
|move|p1b: Groudon|Earth Power|p2a: Calyrex
|-supereffective|p2a: Calyrex
|-damage|p2a: Calyrex|29/100
|move|p1a: Walking Wake|Hydro Steam|p2a: Calyrex
|-supereffective|p2a: Calyrex
|-damage|p2a: Calyrex|0 fnt
|faint|p2a: Calyrex
|-damage|p1a: Walking Wake|12/100|[from] item: Life Orb
|
|-weather|SunnyDay|[upkeep]
|upkeep
|
|t:|1750872549
|switch|p2a: Ogerpon|Ogerpon-Wellspring, L50, F|100/100
|turn|4
|
|t:|1750872573
|move|p1b: Groudon|Protect|p1b: Groudon
|-singleturn|p1b: Groudon|Protect
|move|p1a: Walking Wake|Protect|p1a: Walking Wake
|-singleturn|p1a: Walking Wake|Protect
|move|p2b: Ho-Oh|Brave Bird|p1a: Walking Wake
|-activate|p1a: Walking Wake|move: Protect
|move|p2a: Ogerpon|Ivy Cudgel|p1b: Groudon|[anim] Ivy Cudgel Water
|-activate|p1b: Groudon|move: Protect
|
|-weather|SunnyDay|[upkeep]
|-sideend|p1: andandandandand|move: Tailwind
|upkeep
|turn|5
|
|t:|1750872584
|move|p1b: Groudon|Protect|p1b: Groudon
|-singleturn|p1b: Groudon|Protect
|move|p1a: Walking Wake|Protect|p1a: Walking Wake
|-singleturn|p1a: Walking Wake|Protect
|move|p2b: Ho-Oh|Brave Bird|p1a: Walking Wake
|-activate|p1a: Walking Wake|move: Protect
|move|p2a: Ogerpon|Ivy Cudgel|p1b: Groudon|[anim] Ivy Cudgel Water
|-activate|p1b: Groudon|move: Protect
|
|-weather|none
|-end|p1a: Walking Wake|Protosynthesis
|-fieldend|move: Trick Room
|upkeep
|turn|6
|c|☆MavenVGC|double double protect
|c|☆MavenVGC|...
|c|☆MavenVGC|are you fucking serious?
|inactive|MavenVGC has 30 seconds left.
|
|t:|1750872610
|move|p1a: Walking Wake|Hydro Steam|p2b: Ho-Oh
|-supereffective|p2b: Ho-Oh
|-damage|p2b: Ho-Oh|2/100
|-enditem|p2b: Ho-Oh|Sitrus Berry|[eat]
|-heal|p2b: Ho-Oh|27/100|[from] item: Sitrus Berry
|-damage|p1a: Walking Wake|2/100|[from] item: Life Orb
|move|p2a: Ogerpon|Ivy Cudgel|p1b: Groudon|[anim] Ivy Cudgel Water
|-supereffective|p1b: Groudon
|-damage|p1b: Groudon|0 fnt
|faint|p1b: Groudon
|move|p2b: Ho-Oh|Brave Bird|p1a: Walking Wake
|-damage|p1a: Walking Wake|0 fnt
|faint|p1a: Walking Wake
|-end|p1a: Walking Wake|Protosynthesis|[silent]
|-damage|p2b: Ho-Oh|26/100|[from] Recoil
|
|upkeep
|
|t:|1750872620
|switch|p1b: Reshiram|Reshiram, L50, shiny|100/100
|-ability|p1b: Reshiram|Turboblaze
|turn|7
|c|☆MavenVGC|u are obvsiouly a cheater
|
|t:|1750872635
|move|p2b: Ho-Oh|Protect|p2b: Ho-Oh
|-singleturn|p2b: Ho-Oh|Protect
|move|p2a: Ogerpon|Ivy Cudgel|p1b: Reshiram|[anim] Ivy Cudgel Water
|-damage|p1b: Reshiram|35/100
|move|p1b: Reshiram|Heat Wave|p2b: Ho-Oh|[spread] p2a
|-activate|p2b: Ho-Oh|move: Protect
|-damage|p2a: Ogerpon|13/100
|-status|p2a: Ogerpon|brn
|
|-damage|p2a: Ogerpon|8/100 brn|[from] brn
|upkeep
|turn|8
|
|t:|1750872650
|move|p2a: Ogerpon|Ivy Cudgel|p1b: Reshiram|[anim] Ivy Cudgel Water
|-damage|p1b: Reshiram|5/100
|move|p1b: Reshiram|Heat Wave|p2a: Ogerpon|[spread] p2a,p2b
|-resisted|p2b: Ho-Oh
|-damage|p2a: Ogerpon|0 fnt
|-damage|p2b: Ho-Oh|7/100
|faint|p2a: Ogerpon
|move|p2b: Ho-Oh|Brave Bird|p1b: Reshiram
|-damage|p1b: Reshiram|0 fnt
|faint|p1b: Reshiram
|-damage|p2b: Ho-Oh|5/100|[from] Recoil
|
|win|MavenVGC
|raw|andandandandand's rating: 1299 &rarr; <strong>1279</strong><br />(-20 for losing)
|raw|MavenVGC's rating: 1369 &rarr; <strong>1385</strong><br />(+16 for winning)
|l|☆andandandandand
|player|p1|
