|j|☆Edvinpasta07
|j|☆Vinegar_it_is
|t:|1750862807
|gametype|doubles
|player|p1|Edvinpasta07|proton|1429
|player|p2|Vinegar_it_is|170|1461
|teamsize|p1|6
|teamsize|p2|6
|gen|9
|tier|[Gen 9] VGC 2025 Reg I
|rated|
|rule|Species Clause: Limit one of each Pokémon
|rule|Item Clause: Limit 1 of each item
|clearpoke
|poke|p1|Weezing-Galar, L50, M|
|poke|p1|Dondozo, L50, F|
|poke|p1|Tatsugiri-Droopy, L50, M|
|poke|p1|Koraidon, L50|
|poke|p1|Calyrex-Shadow, L50|
|poke|p1|Chi-Yu, L50|
|poke|p2|Lunala, L50|
|poke|p2|Zamazenta-*, L50|
|poke|p2|Zoroark-Hisui, L50, F|
|poke|p2|Ogerpon-Wellspring, L50, F|
|poke|p2|Ursaluna, L50, F|
|poke|p2|Whimsicott, L50, M|
|teampreview|4
|inactive|Battle timer is ON: inactive players will automatically lose when time's up. (requested by Edvinpasta07)
|inactive|Vinegar_it_is has 60 seconds left.
|
|t:|1750862863
|start
|switch|p1a: Weezing|Weezing-Galar, L50, M|100/100
|switch|p1b: Calyrex|Calyrex-Shadow, L50|100/100
|switch|p2a: Zamazenta|Zamazenta-Crowned, L50|100/100
|switch|p2b: Lunala|Lunala, L50|100/100
|-ability|p1a: Weezing|Neutralizing Gas
|-ability|p1b: Calyrex|As One
|-ability|p1b: Calyrex|Unnerve
|turn|1
|
|t:|1750862886
|move|p1b: Calyrex|Protect|p1b: Calyrex
|-singleturn|p1b: Calyrex|Protect
|move|p2a: Zamazenta|Wide Guard|p2a: Zamazenta
|-singleturn|p2a: Zamazenta|Wide Guard
|move|p2b: Lunala|Moongeist Beam|p1b: Calyrex
|-activate|p1b: Calyrex|move: Protect
|move|p1a: Weezing|Taunt|p2b: Lunala
|-start|p2b: Lunala|move: Taunt
|
|upkeep
|turn|2
|inactive|Vinegar_it_is has 30 seconds left.
|
|t:|1750862916
|-terastallize|p1b: Calyrex|Normal
|move|p1b: Calyrex|Encore|p2a: Zamazenta
|-start|p2a: Zamazenta|Encore
|move|p2a: Zamazenta|Wide Guard|p2a: Zamazenta
|-singleturn|p2a: Zamazenta|Wide Guard
|move|p2b: Lunala|Dazzling Gleam|p1b: Calyrex|[spread] p1a,p1b
|-resisted|p1a: Weezing
|-damage|p1a: Weezing|88/100
|-damage|p1b: Calyrex|78/100
|move|p1a: Weezing|Taunt|p2a: Zamazenta
|-start|p2a: Zamazenta|move: Taunt
|
|upkeep
|turn|3
|inactive|Vinegar_it_is has 30 seconds left.
|inactive|Vinegar_it_is has 20 seconds left.
|
|t:|1750862954
|switch|p2a: Zoroark|Zoroark-Hisui, L50, F|100/100
|-terastallize|p2b: Lunala|Fairy
|move|p1b: Calyrex|Astral Barrage|p2b: Lunala|[spread] p2b
|-immune|p2a: Zoroark
|-damage|p2b: Lunala|60/100
|move|p2b: Lunala|Dazzling Gleam|p1a: Weezing|[spread] p1a,p1b
|-resisted|p1a: Weezing
|-damage|p1a: Weezing|71/100
|-damage|p1b: Calyrex|43/100
|move|p1a: Weezing|Toxic Spikes|p2b: Lunala
|-sidestart|p2: Vinegar_it_is|move: Toxic Spikes
|
|-heal|p2b: Lunala|66/100|[from] item: Leftovers
|upkeep
|turn|4
|inactive|Vinegar_it_is has 30 seconds left.
|inactive|Vinegar_it_is has 20 seconds left.
|inactive|Vinegar_it_is has 15 seconds left.
|inactive|Vinegar_it_is has 10 seconds left.
|
|t:|1750863004
|move|p1b: Calyrex|Protect|p1b: Calyrex
|-singleturn|p1b: Calyrex|Protect
|move|p2a: Zoroark|Psychic|p1a: Weezing
|-supereffective|p1a: Weezing
|-damage|p1a: Weezing|0 fnt
|faint|p1a: Weezing
|-end|p1a: Weezing|ability: Neutralizing Gas
|move|p2b: Lunala|Dazzling Gleam|p1b: Calyrex
|-activate|p1b: Calyrex|move: Protect
|
|-heal|p2b: Lunala|72/100|[from] item: Leftovers
|-end|p2b: Lunala|move: Taunt
|upkeep
|
|t:|1750863012
|switch|p1a: Chi-Yu|Chi-Yu, L50|100/100
|-ability|p1a: Chi-Yu|Beads of Ruin
|turn|5
|
|t:|1750863041
|move|p2b: Lunala|Protect|p2b: Lunala
|-singleturn|p2b: Lunala|Protect
|move|p1a: Chi-Yu|Snarl|p2b: Lunala|[spread] p2a
|-activate|p2b: Lunala|move: Protect
|-supereffective|p2a: Zoroark
|-damage|p2a: Zoroark|0 fnt
|faint|p2a: Zoroark
|move|p1b: Calyrex|Psychic|p2b: Lunala
|-activate|p2b: Lunala|move: Protect
|
|-heal|p2b: Lunala|78/100|[from] item: Leftovers
|upkeep
|
|t:|1750863057
|switch|p2a: Zamazenta|Zamazenta-Crowned, L50|100/100
|-ability|p2a: Zamazenta|Dauntless Shield|boost
|-boost|p2a: Zamazenta|def|1
|turn|6
|
|t:|1750863073
|switch|p1a: Koraidon|Koraidon, L50|100/100
|-weather|SunnyDay|[from] ability: Orichalcum Pulse|[of] p1a: Koraidon
|-activate|p1a: Koraidon|Orichalcum Pulse|[source]
|switch|p2b: Ogerpon|Ogerpon-Wellspring, L50, F|100/100
|-status|p2b: Ogerpon|psn
|move|p1b: Calyrex|Psychic|p2a: Zamazenta
|-damage|p2a: Zamazenta|63/100
|-unboost|p2a: Zamazenta|spd|1
|move|p2a: Zamazenta|Body Press|p1b: Calyrex
|-supereffective|p1b: Calyrex
|-damage|p1b: Calyrex|0 fnt
|faint|p1b: Calyrex
|
|-weather|SunnyDay|[upkeep]
|-damage|p2b: Ogerpon|88/100 psn|[from] psn
|upkeep
|
|t:|1750863083
|switch|p1b: Chi-Yu|Chi-Yu, L50|100/100
|-ability|p1b: Chi-Yu|Beads of Ruin
|turn|7
|
|t:|1750863106
|move|p2a: Zamazenta|Protect|p2a: Zamazenta
|-singleturn|p2a: Zamazenta|Protect
|move|p1b: Chi-Yu|Heat Wave|p2b: Ogerpon|[spread] p2b
|-activate|p2a: Zamazenta|move: Protect
|-damage|p2b: Ogerpon|27/100 psn
|move|p1a: Koraidon|Flare Blitz|p2b: Ogerpon
|-damage|p2b: Ogerpon|0 fnt
|faint|p2b: Ogerpon
|-damage|p1a: Koraidon|91/100|[from] Recoil
|
|-weather|SunnyDay|[upkeep]
|upkeep
|
|t:|1750863117
|switch|p2b: Lunala|Lunala, L50, tera:Fairy|78/100
|-status|p2b: Lunala|psn
|turn|8
|
|t:|1750863131
|move|p2a: Zamazenta|Wide Guard|p2a: Zamazenta
|-singleturn|p2a: Zamazenta|Wide Guard
|move|p1b: Chi-Yu|Heat Wave|p2a: Zamazenta|[spread] 
|-activate|p2a: Zamazenta|move: Wide Guard
|-activate|p2b: Lunala|move: Wide Guard
|move|p1a: Koraidon|Flare Blitz|p2a: Zamazenta
|-supereffective|p2a: Zamazenta
|-damage|p2a: Zamazenta|0 fnt
|faint|p2a: Zamazenta
|-damage|p1a: Koraidon|68/100|[from] Recoil
|move|p2b: Lunala|Trick Room|p2b: Lunala
|-fieldstart|move: Trick Room|[of] p2b: Lunala
|
|-weather|SunnyDay|[upkeep]
|-heal|p2b: Lunala|84/100 psn|[from] item: Leftovers
|-damage|p2b: Lunala|72/100 psn|[from] psn
|upkeep
|turn|9
|
|t:|1750863149
|move|p2b: Lunala|Dazzling Gleam|p1b: Chi-Yu|[spread] p1a,p1b
|-supereffective|p1a: Koraidon
|-damage|p1a: Koraidon|0 fnt
|-damage|p1b: Chi-Yu|54/100
|faint|p1a: Koraidon
|move|p1b: Chi-Yu|Heat Wave|p2b: Lunala
|-damage|p2b: Lunala|0 fnt
|faint|p2b: Lunala
|
|win|Edvinpasta07
|raw|Edvinpasta07's rating: 1429 &rarr; <strong>1451</strong><br />(+22 for winning)
|raw|Vinegar_it_is's rating: 1461 &rarr; <strong>1439</strong><br />(-22 for losing)
|c|☆Edvinpasta07|GG
|c|☆Vinegar_it_is|gg
|l|☆Vinegar_it_is
|player|p2|
|l|☆Edvinpasta07
|player|p1|
