|j|☆Iusjs
|j|☆konkonmatcha
|t:|1750741790
|gametype|doubles
|player|p1|Iusjs|102|1250
|player|p2|konkonmatcha|170|1318
|teamsize|p1|6
|teamsize|p2|6
|gen|9
|tier|[Gen 9] VGC 2025 Reg I
|rated|
|rule|Species Clause: Limit one of each Pokémon
|rule|Item Clause: Limit 1 of each item
|clearpoke
|poke|p1|Mudsdale, L50, M|
|poke|p1|Dialga, L50|
|poke|p1|Gallade, L50, M|
|poke|p1|Incineroar, L50, M|
|poke|p1|Indeedee-F, L50, F|
|poke|p1|Lunala, L50|
|poke|p2|Dialga, L50|
|poke|p2|Calyrex-Shadow, L50|
|poke|p2|Ursaluna, L50, M|
|poke|p2|Regieleki, L50|
|poke|p2|Grimmsnarl, L50, M|
|poke|p2|Urshifu-*, L50, M|
|teampreview|4
|j| hypno013
|c|☆Iusjs|Ay
Iusjs has agreed to open team sheets.
konkonmatcha rejected open team sheets.
|inactive|Battle timer is ON: inactive players will automatically lose when time's up. (requested by konkonmatcha)
|c|☆Iusjs|Aight
|c|☆konkonmatcha|lol no offense
|inactive|Iusjs has 60 seconds left.
|inactive|konkonmatcha has 60 seconds left.
|
|t:|1750741861
|start
|switch|p1a: Gallade|Gallade, L50, M|100/100
|switch|p1b: Indeedee|Indeedee-F, L50, F|100/100
|switch|p2a: Grimmsnarl|Grimmsnarl, L50, M|100/100
|switch|p2b: Calyrex|Calyrex-Shadow, L50|100/100
|-ability|p2b: Calyrex|As One
|-ability|p2b: Calyrex|Unnerve
|-fieldstart|move: Psychic Terrain|[from] ability: Psychic Surge|[of] p1b: Indeedee
|turn|1
|inactive|konkonmatcha has 30 seconds left.
|inactive|konkonmatcha has 20 seconds left.
|
|t:|1750741901
|move|p1a: Gallade|Wide Guard|p1a: Gallade
|-singleturn|p1a: Gallade|Wide Guard
|move|p2b: Calyrex|Expanding Force|p1b: Indeedee|[spread] 
|-activate|p1a: Gallade|move: Wide Guard
|-activate|p1b: Indeedee|move: Wide Guard
|move|p2a: Grimmsnarl|False Surrender|p1b: Indeedee
|-supereffective|p1b: Indeedee
|-damage|p1b: Indeedee|0 fnt
|faint|p1b: Indeedee
|
|upkeep
|inactive|Iusjs has 30 seconds left.
|inactive|Iusjs has 20 seconds left.
|inactive|Iusjs has 15 seconds left.
|
|t:|1750741942
|switch|p1b: Dialga|Dialga, L50|100/100
|-enditem|p1b: Dialga|Psychic Seed
|-boost|p1b: Dialga|spd|1|[from] item: Psychic Seed
|turn|2
|
|t:|1750741956
|switch|p2b: Ursaluna|Ursaluna, L50, M|100/100
|move|p1a: Gallade|Wide Guard|p1a: Gallade
|-singleturn|p1a: Gallade|Wide Guard
|move|p2a: Grimmsnarl|Reflect|p2a: Grimmsnarl
|-sidestart|p2: konkonmatcha|Reflect
|move|p1b: Dialga|Trick Room|p1b: Dialga
|-fieldstart|move: Trick Room|[of] p1b: Dialga
|
|-status|p2b: Ursaluna|brn|[from] item: Flame Orb
|upkeep
|turn|3
|
|t:|1750741981
|move|p1b: Dialga|Protect|p1b: Dialga
|-singleturn|p1b: Dialga|Protect
|move|p2b: Ursaluna|Facade|p1a: Gallade
|-enditem|p1a: Gallade|Focus Sash
|-damage|p1a: Gallade|1/100
|move|p2a: Grimmsnarl|Spirit Break|p1b: Dialga
|-activate|p1b: Dialga|move: Protect
|move|p1a: Gallade|Psycho Cut|p2b: Ursaluna
|-damage|p2b: Ursaluna|61/100 brn
|
|-damage|p2b: Ursaluna|55/100 brn|[from] brn
|upkeep
|turn|4
|
|t:|1750742000
|switch|p2a: Dialga|Dialga, L50|100/100
|-terastallize|p2b: Ursaluna|Ground
|-terastallize|p1b: Dialga|Fairy
|move|p1a: Gallade|Wide Guard|p1a: Gallade
|-singleturn|p1a: Gallade|Wide Guard
|move|p2b: Ursaluna|Earthquake|p1b: Dialga|[spread] 
|-activate|p1a: Gallade|move: Wide Guard
|-activate|p1b: Dialga|move: Wide Guard
|-activate|p2a: Dialga|ability: Telepathy
|move|p1b: Dialga|Roar of Time|p2b: Ursaluna
|-damage|p2b: Ursaluna|0 fnt
|-mustrecharge|p1b: Dialga
|faint|p2b: Ursaluna
|
|upkeep
|
|t:|1750742016
|switch|p2b: Grimmsnarl|Grimmsnarl, L50, M|100/100
|turn|5
|
|t:|1750742034
|switch|p1a: Mudsdale|Mudsdale, L50, M|100/100
|move|p2b: Grimmsnarl|Spirit Break|p1a: Mudsdale
|-damage|p1a: Mudsdale|68/100
|-unboost|p1a: Mudsdale|spa|1
|move|p2a: Dialga|Flash Cannon|p1b: Dialga
|-supereffective|p1b: Dialga
|-crit|p1b: Dialga
|-damage|p1b: Dialga|0 fnt
|faint|p1b: Dialga
|
|-fieldend|move: Psychic Terrain
|upkeep
|
|t:|1750742041
|switch|p1b: Gallade|Gallade, L50, M|1/100
|turn|6
|
|t:|1750742061
|move|p1b: Gallade|Wide Guard|p1b: Gallade
|-singleturn|p1b: Gallade|Wide Guard
|move|p1a: Mudsdale|Earthquake|p2b: Grimmsnarl|[spread] p2a,p2b
|-activate|p1b: Gallade|move: Wide Guard
|-supereffective|p2a: Dialga
|-crit|p2b: Grimmsnarl
|-damage|p2a: Dialga|36/100
|-damage|p2b: Grimmsnarl|0 fnt
|faint|p2b: Grimmsnarl
|move|p2a: Dialga|Dragon Pulse|p1a: Mudsdale
|-damage|p1a: Mudsdale|11/100
|
|-sideend|p2: konkonmatcha|Reflect
|-fieldend|move: Trick Room
|upkeep
|
|t:|1750742072
|switch|p2b: Calyrex|Calyrex-Shadow, L50|100/100
|-ability|p2b: Calyrex|As One
|-ability|p2b: Calyrex|Unnerve
|turn|7
|
|t:|1750742089
|move|p1b: Gallade|Wide Guard|p1b: Gallade
|-singleturn|p1b: Gallade|Wide Guard
|move|p2b: Calyrex|Shadow Ball|p1b: Gallade
|-supereffective|p1b: Gallade
|-damage|p1b: Gallade|0 fnt
|faint|p1b: Gallade
|-ability|p2b: Calyrex|Grim Neigh|boost
|-boost|p2b: Calyrex|spa|1
|move|p2a: Dialga|Dragon Pulse|p1a: Mudsdale
|-damage|p1a: Mudsdale|0 fnt
|faint|p1a: Mudsdale
|
|win|konkonmatcha
|raw|Iusjs's rating: 1250 &rarr; <strong>1230</strong><br />(-20 for losing)
|raw|konkonmatcha's rating: 1318 &rarr; <strong>1334</strong><br />(+16 for winning)
|c|☆Iusjs|Gg
|c|☆konkonmatcha|gg
|l|☆konkonmatcha
|player|p2|
|l|☆Iusjs
|player|p1|
|l| hypno013
|j|☆Iusjs
|player|p1|Iusjs|102|
