|j|☆blu3cr33p3r
|j|☆Carlitovic
|t:|1750795667
|gametype|doubles
|player|p1|blu3cr33p3r|bruno|1180
|player|p2|Carlitovic|169|1174
|teamsize|p1|6
|teamsize|p2|6
|gen|9
|tier|[Gen 9] VGC 2025 Reg I
|rated|
|rule|Species Clause: Limit one of each Pokémon
|rule|Item Clause: Limit 1 of each item
|clearpoke
|poke|p1|Lunala, L50|
|poke|p1|Ursaluna, L50, F|
|poke|p1|Urshifu-*, L50, F|
|poke|p1|Miraidon, L50|
|poke|p1|Grimmsnarl, L50, M|
|poke|p1|Incineroar, L50, F|
|poke|p2|Grimmsnarl, L50, M|
|poke|p2|Incineroar, L50, F|
|poke|p2|Miraidon, L50|
|poke|p2|Urshifu-*, L50, F|
|poke|p2|Lunala, L50|
|poke|p2|Rillaboom, L50, F|
|teampreview|4
|inactive|Battle timer is ON: inactive players will automatically lose when time's up. (requested by blu3cr33p3r)
|
|t:|1750795695
|start
|switch|p1a: Miraidon|Miraidon, L50|100/100
|switch|p1b: Grimmsnarl|Grimmsnarl, L50, M|100/100
|switch|p2a: Grimmsnarl|Grimmsnarl, L50, M, shiny|100/100
|switch|p2b: Lunala|Lunala, L50|100/100
|-fieldstart|move: Electric Terrain|[from] ability: Hadron Engine|[of] p1a: Miraidon
|turn|1
|inactive|blu3cr33p3r has 30 seconds left.
|
|t:|1750795723
|move|p1b: Grimmsnarl|Light Screen|p1b: Grimmsnarl
|-sidestart|p1: blu3cr33p3r|move: Light Screen
|move|p2a: Grimmsnarl|Light Screen|p2a: Grimmsnarl
|-sidestart|p2: Carlitovic|move: Light Screen
|move|p1a: Miraidon|Snarl|p2a: Grimmsnarl|[spread] p2b
|-miss|p1a: Miraidon|p2a: Grimmsnarl
|-supereffective|p2b: Lunala
|-damage|p2b: Lunala|81/100
|-unboost|p2b: Lunala|spa|1
|move|p2b: Lunala|Moonblast|p1a: Miraidon
|-supereffective|p1a: Miraidon
|-damage|p1a: Miraidon|82/100
|-unboost|p1a: Miraidon|spa|1
|
|upkeep
|turn|2
|inactive|blu3cr33p3r has 30 seconds left.
|inactive|Carlitovic has 30 seconds left.
|inactive|blu3cr33p3r has 20 seconds left.
|inactive|blu3cr33p3r has 15 seconds left.
|inactive|blu3cr33p3r has 10 seconds left.
|inactive|blu3cr33p3r has 5 seconds left.
|
|t:|1750795775
|switch|p2b: Incineroar|Incineroar, L50, F, shiny|100/100
|-ability|p2b: Incineroar|Intimidate|boost
|-unboost|p1a: Miraidon|atk|1
|-unboost|p1b: Grimmsnarl|atk|1
|move|p1b: Grimmsnarl|Thunder Wave|p2b: Incineroar
|-hint|Since gen 7, Dark is immune to Prankster moves.
|-immune|p2b: Incineroar
|move|p2a: Grimmsnarl|Thunder Wave|p1b: Grimmsnarl
|-hint|Since gen 7, Dark is immune to Prankster moves.
|-immune|p1b: Grimmsnarl
|move|p1a: Miraidon|Electro Drift|p2b: Incineroar
|-damage|p2b: Incineroar|73/100
|
|upkeep
|turn|3
|inactive|blu3cr33p3r has 30 seconds left.
|inactive|Carlitovic has 30 seconds left.
|
|t:|1750795807
|switch|p1a: Ursaluna|Ursaluna, L50, F|100/100
|move|p2b: Incineroar|Fake Out|p1a: Ursaluna
|-damage|p1a: Ursaluna|93/100
|move|p2a: Grimmsnarl|Reflect|p2a: Grimmsnarl
|-sidestart|p2: Carlitovic|Reflect
|move|p1b: Grimmsnarl|Spirit Break|p2a: Grimmsnarl
|-supereffective|p2a: Grimmsnarl
|-damage|p2a: Grimmsnarl|74/100
|-unboost|p2a: Grimmsnarl|spa|1
|
|-status|p1a: Ursaluna|brn|[from] item: Flame Orb
|upkeep
|turn|4
|inactive|blu3cr33p3r has 30 seconds left.
|inactive|Carlitovic has 30 seconds left.
|
|t:|1750795840
|move|p2a: Grimmsnarl|Thunder Wave|p1a: Ursaluna
|-immune|p1a: Ursaluna
|move|p1b: Grimmsnarl|Spirit Break|p2a: Grimmsnarl
|-supereffective|p2a: Grimmsnarl
|-damage|p2a: Grimmsnarl|48/100
|-unboost|p2a: Grimmsnarl|spa|1
|move|p2b: Incineroar|Knock Off|p1a: Ursaluna
|-damage|p1a: Ursaluna|67/100 brn
|-enditem|p1a: Ursaluna|Flame Orb|[from] move: Knock Off|[of] p2b: Incineroar
|move|p1a: Ursaluna|Facade|p2b: Incineroar
|-damage|p2b: Incineroar|0 fnt
|faint|p2b: Incineroar
|
|-damage|p1a: Ursaluna|61/100 brn|[from] brn
|upkeep
|
|t:|1750795862
|switch|p2b: Urshifu|Urshifu-Rapid-Strike, L50, F|100/100
|turn|5
|c|☆Carlitovic|How is it still burned
|inactive|Carlitovic has 30 seconds left.
|inactive|Carlitovic has 20 seconds left.
|
|t:|1750795901
|switch|p1b: Miraidon|Miraidon, L50|82/100
|-activate|p1b: Miraidon|ability: Hadron Engine
|-terastallize|p2b: Urshifu|Water
|move|p1a: Ursaluna|Protect|p1a: Ursaluna
|-singleturn|p1a: Ursaluna|Protect
|move|p2b: Urshifu|Surging Strikes|p1a: Ursaluna
|-supereffective|p1a: Ursaluna
|-crit|p1a: Ursaluna
|-damage|p1a: Ursaluna|10/100 brn
|-supereffective|p1a: Ursaluna
|-crit|p1a: Ursaluna
|-damage|p1a: Ursaluna|0 fnt
|faint|p1a: Ursaluna
|-hitcount|p1: Ursaluna|2
|-damage|p2b: Urshifu|91/100|[from] item: Life Orb
|move|p2a: Grimmsnarl|Spirit Break|p1b: Miraidon
|-supereffective|p1b: Miraidon
|-damage|p1b: Miraidon|29/100
|-unboost|p1b: Miraidon|spa|1
|
|-fieldend|move: Electric Terrain
|upkeep
|c|☆blu3cr33p3r|removing flame orb doesnt heal the burn lol
|c|☆blu3cr33p3r|oh i forgot about unseen fist
|inactive|blu3cr33p3r has 30 seconds left.
|
|t:|1750795926
|switch|p1a: Lunala|Lunala, L50|100/100
|turn|6
|
|t:|1750795946
|switch|p2b: Lunala|Lunala, L50|81/100
|-terastallize|p1a: Lunala|Fairy
|move|p1b: Miraidon|Electro Drift|p2b: Lunala
|-damage|p2b: Lunala|62/100
|move|p1a: Lunala|Moonblast|p2a: Grimmsnarl
|-supereffective|p2a: Grimmsnarl
|-damage|p2a: Grimmsnarl|0 fnt
|faint|p2a: Grimmsnarl
|
|upkeep
|
|t:|1750795957
|switch|p2a: Urshifu|Urshifu-Rapid-Strike, L50, F, tera:Water|91/100
|turn|7
|inactive|blu3cr33p3r has 30 seconds left.
|
|t:|1750795986
|move|p2a: Urshifu|Aqua Jet|p1b: Miraidon
|-resisted|p1b: Miraidon
|-damage|p1b: Miraidon|12/100
|-damage|p2a: Urshifu|81/100|[from] item: Life Orb
|move|p1b: Miraidon|Electro Drift|p2a: Urshifu
|-supereffective|p2a: Urshifu
|-crit|p2a: Urshifu
|-damage|p2a: Urshifu|0 fnt
|faint|p2a: Urshifu
|move|p1a: Lunala|Moongeist Beam|p2b: Lunala
|-supereffective|p2b: Lunala
|-damage|p2b: Lunala|0 fnt
|faint|p2b: Lunala
|
|win|blu3cr33p3r
|raw|blu3cr33p3r's rating: 1180 &rarr; <strong>1205</strong><br />(+25 for winning)
|raw|Carlitovic's rating: 1174 &rarr; <strong>1149</strong><br />(-25 for losing)
|l|☆Carlitovic
|player|p2|
