|j|☆Mameon
|j|☆billyandersen24
|t:|1750840258
|gametype|doubles
|player|p1|Mameon|red|1294
|player|p2|billyandersen24|biker-gen4|1257
|teamsize|p1|6
|teamsize|p2|6
|gen|9
|tier|[Gen 9] VGC 2025 Reg I
|rated|
|rule|Species Clause: Limit one of each Pokémon
|rule|Item Clause: Limit 1 of each item
|clearpoke
|poke|p1|Calyrex-Ice, L50|
|poke|p1|Scraggy, L50, F|
|poke|p1|Miraidon, L50|
|poke|p1|Farigiraf, L50, M|
|poke|p1|Iron Treads, L50|
|poke|p1|Iron Hands, L50|
|poke|p2|Incineroar, L50, M|
|poke|p2|Ursaluna, L50, F|
|poke|p2|Urshifu-*, L50, F|
|poke|p2|Miraidon, L50|
|poke|p2|Lunala, L50|
|poke|p2|Whimsicott, L50, M|
|teampreview|4
|inactive|Battle timer is ON: inactive players will automatically lose when time's up. (requested by billyandersen24)
|
|t:|1750840285
|start
|switch|p1a: Scraggy|Scraggy, L50, F|100/100
|switch|p1b: Calyrex|Calyrex-Ice, L50|100/100
|switch|p2a: Whimsicott|Whimsicott, L50, M|100/100
|switch|p2b: Miraidon|Miraidon, L50|100/100
|-ability|p1b: Calyrex|As One
|-ability|p1b: Calyrex|Unnerve
|-fieldstart|move: Electric Terrain|[from] ability: Hadron Engine|[of] p2b: Miraidon
|-ability|p1a: Scraggy|Intimidate|boost
|-unboost|p2a: Whimsicott|atk|1
|-unboost|p2b: Miraidon|atk|1
|turn|1
|inactive|billyandersen24 has 30 seconds left.
|inactive|billyandersen24 has 20 seconds left.
|inactive|billyandersen24 has 15 seconds left.
|inactive|billyandersen24 has 10 seconds left.
|
|t:|1750840331
|switch|p2b: Lunala|Lunala, L50|100/100
|-enditem|p2b: Lunala|Electric Seed
|-boost|p2b: Lunala|def|1|[from] item: Electric Seed
|move|p1a: Scraggy|Fake Out|p2b: Lunala
|-immune|p2b: Lunala
|move|p2a: Whimsicott|Moonblast|p1a: Scraggy
|-supereffective|p1a: Scraggy
|-damage|p1a: Scraggy|5/100
|-unboost|p1a: Scraggy|spa|1
|move|p1b: Calyrex|Trick Room|p1b: Calyrex
|-fieldstart|move: Trick Room|[of] p1b: Calyrex
|
|upkeep
|turn|2
|inactive|Mameon has 30 seconds left.
|
|t:|1750840358
|move|p2a: Whimsicott|Encore|p1b: Calyrex
|-start|p1b: Calyrex|Encore
|move|p1a: Scraggy|Foul Play|p2b: Lunala
|-supereffective|p2b: Lunala
|-crit|p2b: Lunala
|-damage|p2b: Lunala|40/100
|move|p1b: Calyrex|Trick Room|p1b: Calyrex
|-fieldend|move: Trick Room
|move|p2b: Lunala|Moongeist Beam|p1b: Calyrex
|-supereffective|p1b: Calyrex
|-damage|p1b: Calyrex|27/100
|
|upkeep
|turn|3
|inactive|Mameon has 30 seconds left.
|
|t:|1750840386
|switch|p1b: Farigiraf|Farigiraf, L50, M|100/100
|-enditem|p1b: Farigiraf|Electric Seed
|-boost|p1b: Farigiraf|def|1|[from] item: Electric Seed
|move|p2a: Whimsicott|Moonblast|p1a: Scraggy
|-supereffective|p1a: Scraggy
|-damage|p1a: Scraggy|0 fnt
|faint|p1a: Scraggy
|move|p2b: Lunala|Moongeist Beam|p1b: Farigiraf
|-immune|p1b: Farigiraf
|
|upkeep
|
|t:|1750840399
|switch|p1a: Miraidon|Miraidon, L50|100/100
|-activate|p1a: Miraidon|ability: Hadron Engine
|turn|4
|
|t:|1750840411
|-terastallize|p1a: Miraidon|Fairy
|-terastallize|p2b: Lunala|Fairy
|move|p1b: Farigiraf|Helping Hand|p1a: Miraidon
|-singleturn|p1a: Miraidon|Helping Hand|[of] p1b: Farigiraf
|move|p2a: Whimsicott|Tailwind|p2a: Whimsicott
|-sidestart|p2: billyandersen24|move: Tailwind
|move|p2b: Lunala|Moonblast|p1a: Miraidon
|-damage|p1a: Miraidon|62/100
|move|p1a: Miraidon|Dazzling Gleam|p2b: Lunala|[spread] p2a,p2b
|-damage|p2a: Whimsicott|0 fnt
|-damage|p2b: Lunala|0 fnt
|faint|p2a: Whimsicott
|faint|p2b: Lunala
|
|upkeep
|
|t:|1750840427
|switch|p2a: Miraidon|Miraidon, L50|100/100
|switch|p2b: Ursaluna|Ursaluna, L50, F|100/100
|-activate|p2a: Miraidon|ability: Hadron Engine
|turn|5
|
|t:|1750840442
|move|p2b: Ursaluna|Protect|p2b: Ursaluna
|-singleturn|p2b: Ursaluna|Protect
|move|p2a: Miraidon|Electro Drift|p1a: Miraidon
|-damage|p1a: Miraidon|0 fnt
|faint|p1a: Miraidon
|move|p1b: Farigiraf|Trick Room|p1b: Farigiraf
|-fieldstart|move: Trick Room|[of] p1b: Farigiraf
|
|-fieldend|move: Electric Terrain
|-status|p2b: Ursaluna|brn|[from] item: Flame Orb
|upkeep
|
|t:|1750840454
|switch|p1a: Calyrex|Calyrex-Ice, L50|27/100
|-ability|p1a: Calyrex|As One
|-ability|p1a: Calyrex|Unnerve
|turn|6
|
|t:|1750840466
|move|p1b: Farigiraf|Helping Hand|p1a: Calyrex
|-singleturn|p1a: Calyrex|Helping Hand|[of] p1b: Farigiraf
|move|p1a: Calyrex|Glacial Lance|p2b: Ursaluna|[spread] p2a,p2b
|-supereffective|p2a: Miraidon
|-supereffective|p2b: Ursaluna
|-damage|p2a: Miraidon|0 fnt
|-damage|p2b: Ursaluna|0 fnt
|faint|p2a: Miraidon
|faint|p2b: Ursaluna
|
|win|Mameon
|raw|Mameon's rating: 1294 &rarr; <strong>1316</strong><br />(+22 for winning)
|raw|billyandersen24's rating: 1257 &rarr; <strong>1235</strong><br />(-22 for losing)
|l|☆billyandersen24
|player|p2|
|l|☆Mameon
|player|p1|
|j|☆Mameon
|player|p1|Mameon|red|
