|j|☆xoBUSox
|j|☆Gotolas
|t:|1750871148
|gametype|doubles
|player|p1|xoBUSox|birdkeeper|1154
|player|p2|Gotolas|n|1103
|teamsize|p1|6
|teamsize|p2|6
|gen|9
|tier|[Gen 9] VGC 2025 Reg I
|rated|
|rule|Species Clause: Limit one of each Pokémon
|rule|Item Clause: Limit 1 of each item
|clearpoke
|poke|p1|Kyogre, L50|
|poke|p1|Zacian-*, L50|
|poke|p1|Incineroar, L50, M|
|poke|p1|Whimsicott, L50, F|
|poke|p1|Moltres-Galar, L50|
|poke|p1|Raichu, L50, M|
|poke|p2|Kyogre, L50|
|poke|p2|Barraskewda, L50, F|
|poke|p2|Zapdos, L50|
|poke|p2|Ludicolo, L50, M|
|poke|p2|Zamazenta-*, L50|
|poke|p2|Palafin, L50, M|
|teampreview|4
|inactive|Battle timer is ON: inactive players will automatically lose when time's up. (requested by Gotolas)
|
|t:|1750871167
|start
|switch|p1a: Kyogre|Kyogre, L50|100/100
|switch|p1b: Whimsicott|Whimsicott, L50, F|100/100
|switch|p2a: Kyogre|Kyogre, L50|100/100
|switch|p2b: Zapdos|Zapdos, L50|100/100
|-weather|RainDance|[from] ability: Drizzle|[of] p1a: Kyogre
|-ability|p2b: Zapdos|Pressure
|turn|1
|
|t:|1750871188
|switch|p1a: Raichu|Raichu, L50, M|100/100
|move|p1b: Whimsicott|Tailwind|p1b: Whimsicott
|-sidestart|p1: xoBUSox|move: Tailwind
|move|p2b: Zapdos|Tailwind|p2b: Zapdos
|-sidestart|p2: Gotolas|move: Tailwind
|move|p2a: Kyogre|Calm Mind|p2a: Kyogre
|-boost|p2a: Kyogre|spa|1
|-boost|p2a: Kyogre|spd|1
|
|-weather|RainDance|[upkeep]
|upkeep
|turn|2
|
|t:|1750871205
|move|p2a: Kyogre|Protect|p2a: Kyogre
|-singleturn|p2a: Kyogre|Protect
|move|p1b: Whimsicott|Encore|p2a: Kyogre
|-activate|p2a: Kyogre|move: Protect
|move|p1a: Raichu|Volt Switch|p2a: Kyogre
|-activate|p2a: Kyogre|move: Protect
|move|p2b: Zapdos|Hurricane|p1b: Whimsicott
|-supereffective|p1b: Whimsicott
|-enditem|p1b: Whimsicott|Focus Sash
|-damage|p1b: Whimsicott|1/100
|
|-weather|RainDance|[upkeep]
|upkeep
|turn|3
|
|t:|1750871215
|move|p1b: Whimsicott|Encore|p2a: Kyogre
|-start|p2a: Kyogre|Encore
|move|p1a: Raichu|Volt Switch|p2a: Kyogre
|-supereffective|p2a: Kyogre
|-damage|p2a: Kyogre|79/100
|
|t:|1750871219
|switch|p1a: Zacian|Zacian-Crowned, L50|100/100|[from] Volt Switch
|-ability|p1a: Zacian|Intrepid Sword|boost
|-boost|p1a: Zacian|atk|1
|move|p2b: Zapdos|Thunder|p1a: Zacian
|-damage|p1a: Zacian|47/100
|move|p2a: Kyogre|Protect||[still]
|-fail|p2a: Kyogre
|
|-weather|RainDance|[upkeep]
|-heal|p2a: Kyogre|84/100|[from] item: Leftovers
|upkeep
|turn|4
|
|t:|1750871238
|switch|p1b: Raichu|Raichu, L50, M|100/100
|move|p2a: Kyogre|Protect|p2a: Kyogre
|-singleturn|p2a: Kyogre|Protect
|move|p1a: Zacian|Behemoth Blade|p2b: Zapdos
|-resisted|p2b: Zapdos
|-damage|p2b: Zapdos|44/100
|move|p2b: Zapdos|Thunder|p1b: Raichu
|-activate|p1b: Raichu|ability: Lightning Rod
|-ability|p1b: Raichu|Lightning Rod|boost
|-boost|p1b: Raichu|spa|1
|
|-weather|RainDance|[upkeep]
|-heal|p2a: Kyogre|90/100|[from] item: Leftovers
|-sideend|p2: Gotolas|move: Tailwind
|-sideend|p1: xoBUSox|move: Tailwind
|upkeep
|turn|5
|
|t:|1750871253
|move|p2a: Kyogre|Protect|p2a: Kyogre
|-singleturn|p2a: Kyogre|Protect
|move|p1a: Zacian|Behemoth Blade|p2b: Zapdos
|-resisted|p2b: Zapdos
|-damage|p2b: Zapdos|0 fnt
|faint|p2b: Zapdos
|move|p1b: Raichu|Volt Switch|p2a: Kyogre
|-activate|p2a: Kyogre|move: Protect
|
|-weather|none
|-heal|p2a: Kyogre|96/100|[from] item: Leftovers
|-end|p2a: Kyogre|Encore
|upkeep
|
|t:|1750871257
|switch|p2b: Barraskewda|Barraskewda, L50, F|100/100
|turn|6
|
|t:|1750871268
|switch|p2a: Ludicolo|Ludicolo, L50, M|100/100
|move|p1a: Zacian|Close Combat|p2a: Ludicolo
|-damage|p2a: Ludicolo|0 fnt
|-unboost|p1a: Zacian|def|1
|-unboost|p1a: Zacian|spd|1
|faint|p2a: Ludicolo
|move|p2b: Barraskewda|Waterfall|p1b: Raichu
|-damage|p1b: Raichu|0 fnt
|faint|p1b: Raichu
|
|upkeep
|
|t:|1750871278
|switch|p1b: Whimsicott|Whimsicott, L50, F|1/100
|switch|p2a: Kyogre|Kyogre, L50|96/100
|-weather|RainDance|[from] ability: Drizzle|[of] p2a: Kyogre
|turn|7
|
|t:|1750871290
|move|p1b: Whimsicott|Tailwind|p1b: Whimsicott
|-sidestart|p1: xoBUSox|move: Tailwind
|move|p1a: Zacian|Close Combat|p2a: Kyogre
|-damage|p2a: Kyogre|17/100
|-unboost|p1a: Zacian|def|1
|-unboost|p1a: Zacian|spd|1
|move|p2b: Barraskewda|Waterfall|p1a: Zacian
|-damage|p1a: Zacian|0 fnt
|faint|p1a: Zacian
|move|p2a: Kyogre|Origin Pulse|p1b: Whimsicott
|-resisted|p1b: Whimsicott
|-damage|p1b: Whimsicott|0 fnt
|faint|p1b: Whimsicott
|
|-weather|RainDance|[upkeep]
|-heal|p2a: Kyogre|23/100|[from] item: Leftovers
|upkeep
|
|t:|1750871300
|switch|p1a: Kyogre|Kyogre, L50|100/100
|turn|8
|
|t:|1750871306
|-terastallize|p2a: Kyogre|Electric
|move|p1a: Kyogre|Thunder|p2a: Kyogre
|-resisted|p2a: Kyogre
|-damage|p2a: Kyogre|6/100
|move|p2b: Barraskewda|Waterfall|p1a: Kyogre
|-resisted|p1a: Kyogre
|-damage|p1a: Kyogre|48/100
|move|p2a: Kyogre|Thunder|p1a: Kyogre
|-supereffective|p1a: Kyogre
|-damage|p1a: Kyogre|0 fnt
|faint|p1a: Kyogre
|
|win|Gotolas
|raw|xoBUSox's rating: 1154 &rarr; <strong>1125</strong><br />(-29 for losing)
|raw|Gotolas's rating: 1103 &rarr; <strong>1132</strong><br />(+29 for winning)
|l|☆xoBUSox
|player|p1|
|l|☆Gotolas
|player|p2|
