|j|☆mincarretta
|j|☆Injexion
|t:|1750769996
|gametype|doubles
|player|p1|mincarretta|266|1319
|player|p2|Injexion|101|1215
|teamsize|p1|6
|teamsize|p2|6
|gen|9
|tier|[Gen 9] VGC 2025 Reg I
|rated|
|rule|Species Clause: Limit one of each Pokémon
|rule|Item Clause: Limit 1 of each item
|clearpoke
|poke|p1|Kyurem-White, L50|
|poke|p1|Calyrex-Ice, L50|
|poke|p1|Sandslash-Alola, L50, F|
|poke|p1|Chien-Pao, L50|
|poke|p1|Ninetales-Alola, L50, F|
|poke|p1|Avalugg-Hisui, L50, M|
|poke|p2|Ninetales-Alola, L50, M|
|poke|p2|Calyrex-Ice, L50|
|poke|p2|Sinistcha-Masterpiece, L50|
|poke|p2|Milotic, L50, F|
|poke|p2|Urshifu-*, L50, F|
|poke|p2|Miraidon, L50|
|teampreview|4
|inactive|Battle timer is ON: inactive players will automatically lose when time's up. (requested by mincarretta)
|inactive|Injexion has 60 seconds left.
|j| Wenpachi
|
|t:|1750770033
|start
|switch|p1a: Ninetales|Ninetales-Alola, L50, F|100/100
|switch|p1b: Chien-Pao|Chien-Pao, L50|100/100
|switch|p2a: Milotic|Milotic, L50, F|100/100
|switch|p2b: Urshifu|Urshifu, L50, F|100/100
|-ability|p1b: Chien-Pao|Sword of Ruin
|-weather|Snowscape|[from] ability: Snow Warning|[of] p1a: Ninetales
|turn|1
|inactive|mincarretta has 30 seconds left.
|inactive|Injexion has 30 seconds left.
|inactive|mincarretta has 20 seconds left.
|inactive|Injexion has 20 seconds left.
|
|t:|1750770069
|-terastallize|p2b: Urshifu|Fairy
|move|p2b: Urshifu|Close Combat|p1b: Chien-Pao
|-supereffective|p1b: Chien-Pao
|-enditem|p1b: Chien-Pao|Focus Sash
|-damage|p1b: Chien-Pao|1/100
|-unboost|p2b: Urshifu|def|1
|-unboost|p2b: Urshifu|spd|1
|move|p1b: Chien-Pao|Crunch|p2a: Milotic
|-damage|p2a: Milotic|52/100
|move|p1a: Ninetales|Aurora Veil|p1a: Ninetales
|-sidestart|p1: mincarretta|move: Aurora Veil
|move|p2a: Milotic|Draining Kiss|p1b: Chien-Pao
|-supereffective|p1b: Chien-Pao
|-damage|p1b: Chien-Pao|0 fnt
|-heal|p2a: Milotic|53/100|[from] drain|[of] p1b: Chien-Pao
|faint|p1b: Chien-Pao
|
|-weather|Snowscape|[upkeep]
|upkeep
|
|t:|1750770087
|switch|p1b: Sandslash|Sandslash-Alola, L50, F|100/100
|turn|2
|
|t:|1750770105
|-terastallize|p1b: Sandslash|Ghost
|move|p2b: Urshifu|Close Combat|p1b: Sandslash
|-immune|p1b: Sandslash
|move|p1b: Sandslash|Hone Claws|p1b: Sandslash
|-boost|p1b: Sandslash|atk|1
|-boost|p1b: Sandslash|accuracy|1
|move|p1a: Ninetales|Freeze-Dry|p2a: Milotic
|-supereffective|p2a: Milotic
|-damage|p2a: Milotic|32/100
|move|p2a: Milotic|Muddy Water|p1a: Ninetales|[spread] p1a,p1b
|-damage|p1a: Ninetales|81/100
|-damage|p1b: Sandslash|71/100
|
|-weather|Snowscape|[upkeep]
|upkeep
|turn|3
|l| Wenpachi
|inactive|mincarretta has 30 seconds left.
|inactive|Injexion has 30 seconds left.
|inactive|mincarretta has 20 seconds left.
|
|t:|1750770140
|switch|p2b: Ninetales|Ninetales-Alola, L50, M|100/100
|move|p1b: Sandslash|Rock Slide|p2b: Ninetales|[spread] p2a,p2b
|-supereffective|p2b: Ninetales
|-damage|p2a: Milotic|0 fnt
|-damage|p2b: Ninetales|38/100
|faint|p2a: Milotic
|-damage|p1b: Sandslash|61/100|[from] item: Life Orb
|move|p1a: Ninetales|Freeze-Dry|p2b: Ninetales
|-resisted|p2b: Ninetales
|-damage|p2b: Ninetales|29/100
|
|-weather|Snowscape|[upkeep]
|upkeep
|
|t:|1750770155
|switch|p2a: Urshifu|Urshifu, L50, F, tera:Fairy|100/100
|turn|4
|inactive|mincarretta has 30 seconds left.
|inactive|mincarretta has 20 seconds left.
|
|t:|1750770193
|switch|p1b: Kyurem|Kyurem-White, L50|100/100
|-ability|p1b: Kyurem|Turboblaze
|move|p2a: Urshifu|Wicked Blow|p1b: Kyurem
|-crit|p1b: Kyurem
|-damage|p1b: Kyurem|66/100
|move|p1a: Ninetales|Freeze-Dry|p2a: Urshifu
|-damage|p2a: Urshifu|69/100
|move|p2b: Ninetales|Aurora Veil|p2b: Ninetales
|-sidestart|p2: Injexion|move: Aurora Veil
|
|-weather|Snowscape|[upkeep]
|upkeep
|turn|5
|
|t:|1750770214
|switch|p2a: Calyrex|Calyrex-Ice, L50|100/100
|-ability|p2a: Calyrex|As One
|-ability|p2a: Calyrex|Unnerve
|move|p1a: Ninetales|Helping Hand|p1b: Kyurem
|-singleturn|p1b: Kyurem|Helping Hand|[of] p1a: Ninetales
|move|p2b: Ninetales|Dazzling Gleam|p1b: Kyurem|[spread] p1a,p1b
|-supereffective|p1b: Kyurem
|-damage|p1a: Ninetales|65/100
|-damage|p1b: Kyurem|47/100
|move|p1b: Kyurem|Blizzard|p2a: Calyrex|[spread] p2a,p2b
|-resisted|p2a: Calyrex
|-resisted|p2b: Ninetales
|-damage|p2a: Calyrex|81/100
|-damage|p2b: Ninetales|0 fnt
|faint|p2b: Ninetales
|
|-weather|none
|upkeep
|
|t:|1750770232
|switch|p2b: Urshifu|Urshifu, L50, F, tera:Fairy|69/100
|turn|6
|inactive|mincarretta has 30 seconds left.
|inactive|Injexion has 30 seconds left.
|
|t:|1750770272
|move|p2b: Urshifu|Wicked Blow|p1b: Kyurem
|-crit|p1b: Kyurem
|-damage|p1b: Kyurem|0 fnt
|faint|p1b: Kyurem
|move|p1a: Ninetales|Freeze-Dry|p2b: Urshifu
|-damage|p2b: Urshifu|48/100
|move|p2a: Calyrex|Throat Chop|p1a: Ninetales
|-resisted|p1a: Ninetales
|-damage|p1a: Ninetales|50/100
|-start|p1a: Ninetales|Throat Chop|[silent]
|
|upkeep
|
|t:|1750770282
|switch|p1b: Sandslash|Sandslash-Alola, L50, F, tera:Ghost|61/100
|turn|7
|
|t:|1750770293
|move|p2b: Urshifu|Wicked Blow|p1b: Sandslash
|-supereffective|p1b: Sandslash
|-crit|p1b: Sandslash
|-damage|p1b: Sandslash|0 fnt
|faint|p1b: Sandslash
|move|p1a: Ninetales|Freeze-Dry|p2b: Urshifu
|-damage|p2b: Urshifu|26/100
|move|p2a: Calyrex|Glacial Lance|p1a: Ninetales
|-resisted|p1a: Ninetales
|-damage|p1a: Ninetales|14/100
|
|-end|p1a: Ninetales|Throat Chop|[silent]
|upkeep
|turn|8
|-message|mincarretta forfeited.
|
|win|Injexion
|raw|mincarretta's rating: 1319 &rarr; <strong>1293</strong><br />(-26 for losing)
|raw|Injexion's rating: 1215 &rarr; <strong>1247</strong><br />(+32 for winning)
|l|☆mincarretta
|player|p1|
|l|☆Injexion
|player|p2|
