|j|☆ColdWarrior4
|j|☆wholesale bread
|t:|1750840354
|gametype|doubles
|player|p1|ColdWarrior4|unknown|1075
|player|p2|wholesale bread|102|1146
|teamsize|p1|6
|teamsize|p2|6
|gen|9
|tier|[Gen 9] VGC 2025 Reg I
|rated|
|rule|Species Clause: Limit one of each Pokémon
|rule|Item Clause: Limit 1 of each item
|clearpoke
|poke|p1|Miraidon, L50|
|poke|p1|Urshifu-*, L50, F|
|poke|p1|Whimsicott, L50, F|
|poke|p1|Lunala, L50|
|poke|p1|Smeargle, L50, M|
|poke|p1|Politoed, L50, M|
|poke|p2|Urshifu-*, L50, F|
|poke|p2|Archaludon, L50, F|
|poke|p2|Kyogre, L50|
|poke|p2|Scizor, L50, F|
|poke|p2|Miraidon, L50|
|poke|p2|Cresselia, L50, F|
|teampreview|4
|inactive|Battle timer is ON: inactive players will automatically lose when time's up. (requested by ColdWarrior4)
ColdWarrior4 has agreed to open team sheets.
|inactive|wholesale bread has 60 seconds left.
|
|t:|1750840386
|start
|switch|p1a: bolty-jolty|Miraidon, L50|100/100
|switch|p1b: Whimsicott|Whimsicott, L50, F|100/100
|switch|p2a: Scizor|Scizor, L50, F|100/100
|switch|p2b: Miraidon|Miraidon, L50|100/100
|-fieldstart|move: Electric Terrain|[from] ability: Hadron Engine|[of] p2b: Miraidon
|-activate|p1a: bolty-jolty|ability: Hadron Engine
|turn|1
|
|t:|1750840407
|move|p1b: Whimsicott|Tailwind|p1b: Whimsicott
|-sidestart|p1: ColdWarrior4|move: Tailwind
|move|p1a: bolty-jolty|Dazzling Gleam|p2b: Miraidon|[spread] p2a,p2b
|-resisted|p2a: Scizor
|-supereffective|p2b: Miraidon
|-damage|p2a: Scizor|78/100
|-damage|p2b: Miraidon|26/100
|move|p2b: Miraidon|Dazzling Gleam|p1b: Whimsicott|[spread] p1a,p1b
|-supereffective|p1a: bolty-jolty
|-damage|p1a: bolty-jolty|29/100
|-damage|p1b: Whimsicott|30/100
|move|p2a: Scizor|Swords Dance|p2a: Scizor
|-boost|p2a: Scizor|atk|2
|
|upkeep
|turn|2
|
|t:|1750840432
|switch|p2b: Archaludon|Archaludon, L50, F|100/100
|move|p1b: Whimsicott|Helping Hand|p1a: bolty-jolty
|-singleturn|p1a: bolty-jolty|Helping Hand|[of] p1b: Whimsicott
|move|p2a: Scizor|Bullet Punch|p1a: bolty-jolty
|-resisted|p1a: bolty-jolty
|-damage|p1a: bolty-jolty|0 fnt
|faint|p1a: bolty-jolty
|
|upkeep
|
|t:|1750840441
|switch|p1a: Urshifu-Rapid-Shit|Urshifu-Rapid-Strike, L50, F|100/100
|turn|3
|
|t:|1750840461
|move|p1b: Whimsicott|Helping Hand|p1a: Urshifu-Rapid-Shit
|-singleturn|p1a: Urshifu-Rapid-Shit|Helping Hand|[of] p1b: Whimsicott
|move|p2a: Scizor|Bullet Punch|p1b: Whimsicott
|-supereffective|p1b: Whimsicott
|-damage|p1b: Whimsicott|0 fnt
|faint|p1b: Whimsicott
|move|p1a: Urshifu-Rapid-Shit|Close Combat|p2b: Archaludon
|-supereffective|p2b: Archaludon
|-damage|p2b: Archaludon|0 fnt
|-unboost|p1a: Urshifu-Rapid-Shit|def|1
|-unboost|p1a: Urshifu-Rapid-Shit|spd|1
|faint|p2b: Archaludon
|
|upkeep
|
|t:|1750840481
|switch|p1b: Politoed|Politoed, L50, M|100/100
|switch|p2b: Kyogre|Kyogre, L50|100/100
|-weather|RainDance|[from] ability: Drizzle|[of] p1b: Politoed
|turn|4
|
|t:|1750840493
|move|p1a: Urshifu-Rapid-Shit|Protect|p1a: Urshifu-Rapid-Shit
|-singleturn|p1a: Urshifu-Rapid-Shit|Protect
|move|p2a: Scizor|Bullet Punch|p1a: Urshifu-Rapid-Shit
|-activate|p1a: Urshifu-Rapid-Shit|move: Protect
|move|p1b: Politoed|Perish Song|p1b: Politoed
|-start|p1a: Urshifu-Rapid-Shit|perish3|[silent]
|-start|p1b: Politoed|perish3|[silent]
|-start|p2a: Scizor|perish3|[silent]
|-start|p2b: Kyogre|perish3|[silent]
|-fieldactivate|move: Perish Song
|move|p2b: Kyogre|Thunder|p1b: Politoed
|-supereffective|p1b: Politoed
|-damage|p1b: Politoed|13/100
|-status|p1b: Politoed|par
|-damage|p2b: Kyogre|91/100|[from] item: Life Orb
|
|-weather|RainDance|[upkeep]
|-start|p1a: Urshifu-Rapid-Shit|perish3
|-start|p2b: Kyogre|perish3
|-start|p1b: Politoed|perish3
|-start|p2a: Scizor|perish3
|-sideend|p1: ColdWarrior4|move: Tailwind
|upkeep
|turn|5
|inactive|ColdWarrior4 has 30 seconds left.
|inactive|ColdWarrior4 has 20 seconds left.
|inactive|ColdWarrior4 has 15 seconds left.
|inactive|ColdWarrior4 has 10 seconds left.
|inactive|ColdWarrior4 has 5 seconds left.
|
|t:|1750840548
|move|p1a: Urshifu-Rapid-Shit|Aqua Jet|p2b: Kyogre
|-resisted|p2b: Kyogre
|-damage|p2b: Kyogre|74/100
|move|p2b: Kyogre|Thunder|p1b: Politoed
|-supereffective|p1b: Politoed
|-damage|p1b: Politoed|0 fnt
|faint|p1b: Politoed
|-damage|p2b: Kyogre|64/100|[from] item: Life Orb
|move|p2a: Scizor|Acrobatics|p1a: Urshifu-Rapid-Shit
|-supereffective|p1a: Urshifu-Rapid-Shit
|-enditem|p1a: Urshifu-Rapid-Shit|Focus Sash
|-damage|p1a: Urshifu-Rapid-Shit|1/100
|
|-weather|RainDance|[upkeep]
|-start|p1a: Urshifu-Rapid-Shit|perish2
|-start|p2b: Kyogre|perish2
|-start|p2a: Scizor|perish2
|-fieldend|move: Electric Terrain
|upkeep
|turn|6
|inactive|ColdWarrior4 has 30 seconds left.
|inactive|ColdWarrior4 has 20 seconds left.
|inactive|ColdWarrior4 has 15 seconds left.
|inactive|ColdWarrior4 has 10 seconds left.
|inactive|ColdWarrior4 has 5 seconds left.
|
|t:|1750840603
|move|p1a: Urshifu-Rapid-Shit|Aqua Jet|p2b: Kyogre
|-resisted|p2b: Kyogre
|-crit|p2b: Kyogre
|-damage|p2b: Kyogre|38/100
|move|p2a: Scizor|Bullet Punch|p1a: Urshifu-Rapid-Shit
|-resisted|p1a: Urshifu-Rapid-Shit
|-damage|p1a: Urshifu-Rapid-Shit|0 fnt
|faint|p1a: Urshifu-Rapid-Shit
|
|win|wholesale bread
|raw|ColdWarrior4's rating: 1075 &rarr; <strong>1058</strong><br />(-17 for losing)
|raw|wholesale bread's rating: 1146 &rarr; <strong>1166</strong><br />(+20 for winning)
|l|☆wholesale bread
|player|p2|
