|j|☆Ivievolucion
|j|☆ee123
|t:|1750773408
|gametype|doubles
|player|p1|Ivievolucion|fisherman|1276
|player|p2|ee123|2|1238
|teamsize|p1|6
|teamsize|p2|6
|gen|9
|tier|[Gen 9] VGC 2025 Reg I
|rated|
|rule|Species Clause: Limit one of each Pokémon
|rule|Item Clause: Limit 1 of each item
|clearpoke
|poke|p1|Koraidon, L50|
|poke|p1|Ogerpon-Cornerstone, L50, F|
|poke|p1|Calyrex-Shadow, L50|
|poke|p1|Smeargle, L50, M|
|poke|p1|Incineroar, L50, M|
|poke|p1|Rillaboom, L50, F|
|poke|p2|Lunala, L50|
|poke|p2|Ursaluna, L50, F|
|poke|p2|Urshifu-*, L50, F|
|poke|p2|Miraidon, L50|
|poke|p2|Grimmsnarl, L50, M|
|poke|p2|Incineroar, L50, F|
|teampreview|4
Ivievolucion rejected open team sheets.
|inactive|Battle timer is ON: inactive players will automatically lose when time's up. (requested by ee123)
|
|t:|1750773471
|start
|switch|p1a: Smeargle|Smeargle, L50, M|100/100
|switch|p1b: Calyrex|Calyrex-Shadow, L50|100/100
|switch|p2a: Lunala|Lunala, L50|100/100
|switch|p2b: Miraidon|Miraidon, L50|100/100
|-ability|p1b: Calyrex|As One
|-ability|p1b: Calyrex|Unnerve
|-fieldstart|move: Electric Terrain|[from] ability: Hadron Engine|[of] p2b: Miraidon
|-enditem|p2a: Lunala|Electric Seed
|-boost|p2a: Lunala|def|1|[from] item: Electric Seed
|turn|1
|
|t:|1750773494
|switch|p1a: Rillaboom|Rillaboom, L50, F|100/100
|-fieldstart|move: Grassy Terrain|[from] ability: Grassy Surge|[of] p1a: Rillaboom
|move|p1b: Calyrex|Protect|p1b: Calyrex
|-singleturn|p1b: Calyrex|Protect
|move|p2a: Lunala|Wide Guard|p2a: Lunala
|-singleturn|p2a: Lunala|Wide Guard
|move|p2b: Miraidon|Snarl|p1a: Rillaboom|[spread] p1a
|-activate|p1b: Calyrex|move: Protect
|-damage|p1a: Rillaboom|91/100
|-unboost|p1a: Rillaboom|spa|1
|
|-heal|p1a: Rillaboom|97/100|[from] Grassy Terrain
|upkeep
|turn|2
|
|t:|1750773515
|-terastallize|p1b: Calyrex|Dark
|move|p1a: Rillaboom|Fake Out|p2b: Miraidon
|-damage|p2b: Miraidon|89/100
|move|p1b: Calyrex|Nasty Plot|p1b: Calyrex
|-boost|p1b: Calyrex|spa|2
|cant|p2b: Miraidon|flinch
|move|p2a: Lunala|Moongeist Beam|p1b: Calyrex
|-resisted|p1b: Calyrex
|-damage|p1b: Calyrex|75/100
|
|-heal|p1b: Calyrex|81/100|[from] Grassy Terrain
|-heal|p2b: Miraidon|95/100|[from] Grassy Terrain
|-heal|p1a: Rillaboom|100/100|[from] Grassy Terrain
|upkeep
|turn|3
|inactive|ee123 has 30 seconds left.
|
|t:|1750773546
|switch|p2b: Incineroar|Incineroar, L50, F|100/100
|-ability|p2b: Incineroar|Intimidate|boost
|-unboost|p1a: Rillaboom|atk|1
|-unboost|p1b: Calyrex|atk|1
|move|p1b: Calyrex|Protect|p1b: Calyrex
|-singleturn|p1b: Calyrex|Protect
|move|p2a: Lunala|Moonblast|p1b: Calyrex
|-activate|p1b: Calyrex|move: Protect
|move|p1a: Rillaboom|U-turn|p2a: Lunala
|-damage|p2a: Lunala|97/100
|
|t:|1750773560
|switch|p1a: Koraidon|Koraidon, L50|100/100|[from] U-turn
|-weather|SunnyDay|[from] ability: Orichalcum Pulse|[of] p1a: Koraidon
|-activate|p1a: Koraidon|Orichalcum Pulse|[source]
|
|-weather|SunnyDay|[upkeep]
|-heal|p1b: Calyrex|87/100|[from] Grassy Terrain
|-heal|p2a: Lunala|100/100|[from] Grassy Terrain
|upkeep
|turn|4
|
|t:|1750773577
|move|p2b: Incineroar|Fake Out|p1b: Calyrex
|-damage|p1b: Calyrex|77/100
|cant|p1b: Calyrex|flinch
|move|p1a: Koraidon|Collision Course|p2b: Incineroar
|-supereffective|p2b: Incineroar
|-damage|p2b: Incineroar|0 fnt
|-damage|p1a: Koraidon|84/100|[from] item: Rocky Helmet|[of] p2b: Incineroar
|faint|p2b: Incineroar
|move|p2a: Lunala|Trick Room|p2a: Lunala
|-fieldstart|move: Trick Room|[of] p2a: Lunala
|
|-weather|SunnyDay|[upkeep]
|-heal|p1a: Koraidon|90/100|[from] Grassy Terrain
|-heal|p1b: Calyrex|83/100|[from] Grassy Terrain
|upkeep
|
|t:|1750773583
|switch|p2b: Ursaluna|Ursaluna, L50, F|100/100
|turn|5
|inactive|ee123 has 30 seconds left.
|inactive|ee123 has 20 seconds left.
|inactive|ee123 has 15 seconds left.
|
|t:|1750773628
|switch|p1a: Smeargle|Smeargle, L50, M|100/100
|move|p1b: Calyrex|Protect|p1b: Calyrex
|-singleturn|p1b: Calyrex|Protect
|move|p2b: Ursaluna|Facade|p1b: Calyrex
|-activate|p1b: Calyrex|move: Protect
|move|p2a: Lunala|Moonblast|p1b: Calyrex
|-activate|p1b: Calyrex|move: Protect
|
|-weather|SunnyDay|[upkeep]
|-heal|p1b: Calyrex|89/100|[from] Grassy Terrain
|-fieldend|move: Grassy Terrain
|-status|p2b: Ursaluna|brn|[from] item: Flame Orb
|-ability|p1a: Smeargle|Moody|boost
|-boost|p1a: Smeargle|spd|2
|-unboost|p1a: Smeargle|spa|1
|upkeep
|turn|6
|inactive|ee123 has 30 seconds left.
|
|t:|1750773653
|move|p2b: Ursaluna|Protect|p2b: Ursaluna
|-singleturn|p2b: Ursaluna|Protect
|move|p1a: Smeargle|Follow Me|p1a: Smeargle
|-singleturn|p1a: Smeargle|move: Follow Me
|move|p2a: Lunala|Moonblast|p1a: Smeargle
|-damage|p1a: Smeargle|65/100
|move|p1b: Calyrex|Psychic|p2b: Ursaluna
|-activate|p2b: Ursaluna|move: Protect
|
|-weather|SunnyDay|[upkeep]
|-damage|p2b: Ursaluna|95/100 brn|[from] brn
|-ability|p1a: Smeargle|Moody|boost
|-boost|p1a: Smeargle|spa|2
|-unboost|p1a: Smeargle|def|1
|upkeep
|turn|7
|inactive|Ivievolucion has 30 seconds left.
|
|t:|1750773684
|move|p1a: Smeargle|Follow Me|p1a: Smeargle
|-singleturn|p1a: Smeargle|move: Follow Me
|move|p2b: Ursaluna|Facade|p1a: Smeargle
|-damage|p1a: Smeargle|0 fnt
|faint|p1a: Smeargle
|move|p2a: Lunala|Moonblast|p1b: Calyrex
|-supereffective|p1b: Calyrex
|-damage|p1b: Calyrex|24/100
|-unboost|p1b: Calyrex|spa|1
|move|p1b: Calyrex|Astral Barrage|p2b: Ursaluna|[spread] p2a
|-immune|p2b: Ursaluna
|-supereffective|p2a: Lunala
|-damage|p2a: Lunala|0 fnt
|faint|p2a: Lunala
|-ability|p1b: Calyrex|Grim Neigh|boost
|-boost|p1b: Calyrex|spa|1
|
|-weather|none
|-damage|p2b: Ursaluna|89/100 brn|[from] brn
|upkeep
|
|t:|1750773699
|switch|p1a: Koraidon|Koraidon, L50|90/100
|switch|p2a: Miraidon|Miraidon, L50|95/100
|-fieldstart|move: Electric Terrain|[from] ability: Hadron Engine|[of] p2a: Miraidon
|-weather|SunnyDay|[from] ability: Orichalcum Pulse|[of] p1a: Koraidon
|-activate|p1a: Koraidon|Orichalcum Pulse|[source]
|turn|8
|
|t:|1750773727
|move|p1a: Koraidon|Protect|p1a: Koraidon
|-singleturn|p1a: Koraidon|Protect
|move|p1b: Calyrex|Protect|p1b: Calyrex
|-singleturn|p1b: Calyrex|Protect
|move|p2b: Ursaluna|Facade|p1b: Calyrex
|-activate|p1b: Calyrex|move: Protect
|move|p2a: Miraidon|Draco Meteor|p1a: Koraidon
|-activate|p1a: Koraidon|move: Protect
|
|-weather|SunnyDay|[upkeep]
|-damage|p2b: Ursaluna|83/100 brn|[from] brn
|-fieldend|move: Trick Room
|upkeep
|turn|9
|inactive|ee123 has 30 seconds left.
|inactive|ee123 has 20 seconds left.
|
|t:|1750773763
|move|p2b: Ursaluna|Protect|p2b: Ursaluna
|-singleturn|p2b: Ursaluna|Protect
|move|p1b: Calyrex|Astral Barrage|p2b: Ursaluna|[spread] p2a
|-activate|p2b: Ursaluna|move: Protect
|-damage|p2a: Miraidon|38/100
|move|p1a: Koraidon|Collision Course|p2b: Ursaluna
|-activate|p2b: Ursaluna|move: Protect
|move|p2a: Miraidon|Electro Drift|p1b: Calyrex
|-damage|p1b: Calyrex|0 fnt
|faint|p1b: Calyrex
|
|-weather|SunnyDay|[upkeep]
|-damage|p2b: Ursaluna|77/100 brn|[from] brn
|upkeep
|
|t:|1750773776
|switch|p1b: Rillaboom|Rillaboom, L50, F|100/100
|-fieldstart|move: Grassy Terrain|[from] ability: Grassy Surge|[of] p1b: Rillaboom
|turn|10
|
|t:|1750773786
|-terastallize|p2b: Ursaluna|Ghost
|move|p1b: Rillaboom|Fake Out|p2a: Miraidon
|-damage|p2a: Miraidon|27/100
|move|p1a: Koraidon|Flare Blitz|p2b: Ursaluna
|-damage|p2b: Ursaluna|15/100 brn
|-damage|p1a: Koraidon|64/100|[from] Recoil
|cant|p2a: Miraidon|flinch
|move|p2b: Ursaluna|Facade|p1a: Koraidon
|-damage|p1a: Koraidon|0 fnt
|faint|p1a: Koraidon
|
|-weather|SunnyDay|[upkeep]
|-heal|p2a: Miraidon|33/100|[from] Grassy Terrain
|-heal|p2b: Ursaluna|21/100 brn|[from] Grassy Terrain
|-damage|p2b: Ursaluna|15/100 brn|[from] brn
|upkeep
|turn|11
|
|t:|1750773807
|move|p1b: Rillaboom|Grassy Glide|p2a: Miraidon
|-resisted|p2a: Miraidon
|-damage|p2a: Miraidon|19/100
|move|p2a: Miraidon|Draco Meteor|p1b: Rillaboom
|-damage|p1b: Rillaboom|52/100
|-unboost|p2a: Miraidon|spa|2
|move|p2b: Ursaluna|Facade|p1b: Rillaboom
|-damage|p1b: Rillaboom|0 fnt
|faint|p1b: Rillaboom
|
|win|ee123
|raw|Ivievolucion's rating: 1276 &rarr; <strong>1248</strong><br />(-28 for losing)
|raw|ee123's rating: 1238 &rarr; <strong>1266</strong><br />(+28 for winning)
|l|☆Ivievolucion
|player|p1|
