|j|☆danjvgc
|j|☆LittleYoshi0
|t:|1750875804
|gametype|doubles
|player|p1|danjvgc|byron|1400
|player|p2|LittleYoshi0|aaron|1395
|teamsize|p1|6
|teamsize|p2|6
|gen|9
|tier|[Gen 9] VGC 2025 Reg I
|rated|
|rule|Species Clause: Limit one of each Pokémon
|rule|Item Clause: Limit 1 of each item
|clearpoke
|poke|p1|Calyrex-Ice, L50|
|poke|p1|Miraidon, L50|
|poke|p1|Farigiraf, L50, M|
|poke|p1|Urshifu-*, L50, F|
|poke|p1|Landorus, L50, M|
|poke|p1|Incineroar, L50, M|
|poke|p2|Zacian-*, L50|
|poke|p2|Calyrex-Shadow, L50|
|poke|p2|Okidogi, L50, M|
|poke|p2|Mienshao, L50, F|
|poke|p2|Grimmsnarl, L50, M|
|poke|p2|Whimsicott, L50, M|
|teampreview|4
|
|t:|1750875844
|start
|switch|p1a: Incineroar|Incineroar, L50, M|100/100
|switch|p1b: Calyrex|Calyrex-Ice, L50|100/100
|switch|p2a: Zacian|Zacian-Crowned, L50, shiny|100/100
|switch|p2b: Okidogi|Okidogi, L50, M|100/100
|-ability|p1b: Calyrex|As One
|-ability|p1b: Calyrex|Unnerve
|-ability|p2a: Zacian|Intrepid Sword|boost
|-boost|p2a: Zacian|atk|1
|-ability|p1a: Incineroar|Intimidate|boost
|-unboost|p2a: Zacian|atk|1
|-ability|p2b: Okidogi|Guard Dog|boost
|-boost|p2b: Okidogi|atk|1
|turn|1
|
|t:|1750875860
|-terastallize|p1b: Calyrex|Water
|move|p2b: Okidogi|Upper Hand|p1a: Incineroar
|-supereffective|p1a: Incineroar
|-damage|p1a: Incineroar|13/100
|cant|p1a: Incineroar|flinch
|move|p2a: Zacian|Behemoth Blade|p1b: Calyrex
|-resisted|p1b: Calyrex
|-damage|p1b: Calyrex|85/100
|move|p1b: Calyrex|Trick Room|p1b: Calyrex
|-fieldstart|move: Trick Room|[of] p1b: Calyrex
|
|upkeep
|turn|2
|
|t:|1750875898
|move|p1b: Calyrex|High Horsepower|p2b: Okidogi
|-supereffective|p2b: Okidogi
|-damage|p2b: Okidogi|29/100
|move|p1a: Incineroar|Flare Blitz|p2b: Okidogi
|-crit|p2b: Okidogi
|-damage|p2b: Okidogi|0 fnt
|faint|p2b: Okidogi
|-damage|p1a: Incineroar|4/100|[from] Recoil
|move|p2a: Zacian|Close Combat|p1b: Calyrex
|-damage|p1b: Calyrex|59/100
|-unboost|p2a: Zacian|def|1
|-unboost|p2a: Zacian|spd|1
|
|upkeep
|
|t:|1750875910
|switch|p2b: Mienshao|Mienshao, L50, F|100/100
|turn|3
|
|t:|1750875941
|switch|p1a: Farigiraf|Farigiraf, L50, M|100/100
|move|p2b: Mienshao|Fake Out||[still]
|cant|p1a: Farigiraf|ability: Armor Tail|Fake Out|[of] p2b: Mienshao
|move|p1b: Calyrex|High Horsepower|p2a: Zacian
|-supereffective|p2a: Zacian
|-damage|p2a: Zacian|1/100
|move|p2a: Zacian|Play Rough|p1a: Farigiraf
|-damage|p1a: Farigiraf|54/100
|
|upkeep
|turn|4
|
|t:|1750875966
|move|p2b: Mienshao|Wide Guard|p2b: Mienshao
|-singleturn|p2b: Mienshao|Wide Guard
|move|p1b: Calyrex|High Horsepower|p2b: Mienshao
|-damage|p2b: Mienshao|25/100
|move|p1a: Farigiraf|Psychic|p2b: Mienshao
|-supereffective|p2b: Mienshao
|-damage|p2b: Mienshao|0 fnt
|faint|p2b: Mienshao
|move|p2a: Zacian|Play Rough|p1b: Calyrex
|-damage|p1b: Calyrex|29/100
|
|upkeep
|
|t:|1750875976
|switch|p2b: Calyrex|Calyrex-Shadow, L50|100/100
|-ability|p2b: Calyrex|As One
|-ability|p2b: Calyrex|Unnerve
|turn|5
|
|t:|1750875981
|move|p2a: Zacian|Protect|p2a: Zacian
|-singleturn|p2a: Zacian|Protect
|move|p2b: Calyrex|Protect|p2b: Calyrex
|-singleturn|p2b: Calyrex|Protect
|move|p1b: Calyrex|Trick Room|p1b: Calyrex
|-fieldend|move: Trick Room
|move|p1a: Farigiraf|Trick Room|p1a: Farigiraf
|-fieldstart|move: Trick Room|[of] p1a: Farigiraf
|
|upkeep
|turn|6
|c|☆danjvgc|gg
|
|t:|1750876002
|-terastallize|p2b: Calyrex|Dark
|move|p1b: Calyrex|Glacial Lance|p2b: Calyrex|[spread] p2a,p2b
|-resisted|p2a: Zacian
|-damage|p2a: Zacian|0 fnt
|-damage|p2b: Calyrex|36/100
|faint|p2a: Zacian
|-ability|p1b: Calyrex|Chilling Neigh|boost
|-boost|p1b: Calyrex|atk|1
|move|p1a: Farigiraf|Foul Play|p2b: Calyrex
|-resisted|p2b: Calyrex
|-damage|p2b: Calyrex|27/100
|move|p2b: Calyrex|Astral Barrage|p1a: Farigiraf|[spread] p1b
|-immune|p1a: Farigiraf
|-damage|p1b: Calyrex|0 fnt
|faint|p1b: Calyrex
|-ability|p2b: Calyrex|Grim Neigh|boost
|-boost|p2b: Calyrex|spa|1
|-damage|p2b: Calyrex|18/100|[from] item: Life Orb
|
|upkeep
|
|t:|1750876014
|switch|p1b: Incineroar|Incineroar, L50, M|4/100
|-ability|p1b: Incineroar|Intimidate|boost
|-unboost|p2b: Calyrex|atk|1
|turn|7
|
|t:|1750876021
|move|p2b: Calyrex|Protect|p2b: Calyrex
|-singleturn|p2b: Calyrex|Protect
|move|p1b: Incineroar|Fake Out|p2b: Calyrex
|-activate|p2b: Calyrex|move: Protect
|move|p1a: Farigiraf|Foul Play|p2b: Calyrex
|-activate|p2b: Calyrex|move: Protect
|
|upkeep
|turn|8
|
|t:|1750876031
|move|p1a: Farigiraf|Foul Play|p2b: Calyrex
|-resisted|p2b: Calyrex
|-damage|p2b: Calyrex|12/100
|move|p1b: Incineroar|U-turn|p2b: Calyrex
|-supereffective|p2b: Calyrex
|-damage|p2b: Calyrex|0 fnt
|faint|p2b: Calyrex
|
|win|danjvgc
|raw|danjvgc's rating: 1400 &rarr; <strong>1420</strong><br />(+20 for winning)
|raw|LittleYoshi0's rating: 1395 &rarr; <strong>1375</strong><br />(-20 for losing)
|l|☆LittleYoshi0
|player|p2|
|l|☆danjvgc
|player|p1|
