|j|‽nobody9028
|j|☆caprican
|t:|1750752319
|gametype|doubles
|player|p1|nobody9028|dawn|1493
|player|p2|caprican|skyla|1368
|teamsize|p1|6
|teamsize|p2|6
|gen|9
|tier|[Gen 9] VGC 2025 Reg I
|rated|
|rule|Species Clause: Limit one of each Pokémon
|rule|Item Clause: Limit 1 of each item
|clearpoke
|poke|p1|Miraidon, L50|
|poke|p1|Whimsicott, L50, M|
|poke|p1|Farigiraf, L50, F|
|poke|p1|Iron Hands, L50|
|poke|p1|Calyrex-Shadow, L50|
|poke|p1|Chi-Yu, L50|
|poke|p2|Miraidon, L50|
|poke|p2|Calyrex-Ice, L50|
|poke|p2|Incineroar, L50, F|
|poke|p2|Iron Hands, L50|
|poke|p2|Farigiraf, L50, F|
|poke|p2|Iron Treads, L50|
|teampreview|4
|
|t:|1750752363
|start
|switch|p1a: Calyrex|Calyrex-Shadow, L50|100/100
|switch|p1b: Miraidon|Miraidon, L50|100/100
|switch|p2a: MEOW|Incineroar, L50, F, shiny|100/100
|switch|p2b: ROLL TIDE|Iron Treads, L50|100/100
|-ability|p1a: Calyrex|As One
|-ability|p1a: Calyrex|Unnerve
|-fieldstart|move: Electric Terrain|[from] ability: Hadron Engine|[of] p1b: Miraidon
|-activate|p2b: ROLL TIDE|ability: Quark Drive
|-start|p2b: ROLL TIDE|quarkdrivespe
|-ability|p2a: MEOW|Intimidate|boost
|-unboost|p1a: Calyrex|atk|1
|-unboost|p1b: Miraidon|atk|1
|turn|1
|
|t:|1750752402
|switch|p1b: Farigiraf|Farigiraf, L50, F|100/100
|-enditem|p1b: Farigiraf|Electric Seed
|-boost|p1b: Farigiraf|def|1|[from] item: Electric Seed
|move|p2a: MEOW|Fake Out||[still]
|cant|p1b: Farigiraf|ability: Armor Tail|Fake Out|[of] p2a: MEOW
|move|p2b: ROLL TIDE|Knock Off|p1a: Calyrex
|-supereffective|p1a: Calyrex
|-enditem|p1a: Calyrex|Focus Sash
|-damage|p1a: Calyrex|1/100
|-damage|p2b: ROLL TIDE|91/100|[from] item: Life Orb
|move|p1a: Calyrex|Astral Barrage|p2a: MEOW|[spread] p2a,p2b
|-resisted|p2a: MEOW
|-damage|p2a: MEOW|75/100
|-damage|p2b: ROLL TIDE|11/100
|
|upkeep
|turn|2
|
|t:|1750752451
|move|p1a: Calyrex|Protect|p1a: Calyrex
|-singleturn|p1a: Calyrex|Protect
|move|p2b: ROLL TIDE|Knock Off|p1a: Calyrex
|-activate|p1a: Calyrex|move: Protect
|move|p1b: Farigiraf|Foul Play|p2b: ROLL TIDE
|-damage|p2b: ROLL TIDE|0 fnt
|faint|p2b: ROLL TIDE
|-end|p2b: ROLL TIDE|Quark Drive|[silent]
|move|p2a: MEOW|Will-O-Wisp|p1b: Farigiraf
|-status|p1b: Farigiraf|brn
|
|-damage|p1b: Farigiraf|94/100 brn|[from] brn
|upkeep
|
|t:|1750752464
|switch|p2b: NOM NOM GRASS|Farigiraf, L50, F, shiny|100/100
|-enditem|p2b: NOM NOM GRASS|Electric Seed
|-boost|p2b: NOM NOM GRASS|def|1|[from] item: Electric Seed
|turn|3
|
|t:|1750752495
|move|p1a: Calyrex|Encore|p2a: MEOW
|-start|p2a: MEOW|Encore
|move|p1b: Farigiraf|Imprison|p1b: Farigiraf
|-start|p1b: Farigiraf|move: Imprison
|move|p2a: MEOW|Will-O-Wisp|p1a: Calyrex
|-status|p1a: Calyrex|brn
|cant|p2b: NOM NOM GRASS|move: Imprison|Trick Room
|
|-damage|p1a: Calyrex|0 fnt|[from] brn
|faint|p1a: Calyrex
|-damage|p1b: Farigiraf|88/100 brn|[from] brn
|upkeep
|
|t:|1750752509
|switch|p1a: Miraidon|Miraidon, L50|100/100
|-activate|p1a: Miraidon|ability: Hadron Engine
|turn|4
|
|t:|1750752542
|switch|p2a: THE DON|Miraidon, L50|100/100
|-activate|p2a: THE DON|ability: Hadron Engine
|move|p1b: Farigiraf|Helping Hand|p1a: Miraidon
|-singleturn|p1a: Miraidon|Helping Hand|[of] p1b: Farigiraf
|move|p1a: Miraidon|Electro Drift|p2a: THE DON
|-resisted|p2a: THE DON
|-damage|p2a: THE DON|75/100
|move|p2b: NOM NOM GRASS|Psychic|p1a: Miraidon
|-damage|p1a: Miraidon|68/100
|
|-damage|p1b: Farigiraf|82/100 brn|[from] brn
|upkeep
|turn|5
|
|t:|1750752587
|switch|p1a: Iron Hands|Iron Hands, L50|100/100
|-activate|p1a: Iron Hands|ability: Quark Drive
|-start|p1a: Iron Hands|quarkdriveatk
|move|p2a: THE DON|Volt Switch|p1a: Iron Hands
|-resisted|p1a: Iron Hands
|-damage|p1a: Iron Hands|70/100
|
|t:|1750752595
|switch|p2a: MEOW|Incineroar, L50, F, shiny|75/100|[from] Volt Switch
|-ability|p2a: MEOW|Intimidate|boost
|-unboost|p1a: Iron Hands|atk|1
|-unboost|p1b: Farigiraf|atk|1
|move|p1b: Farigiraf|Foul Play|p2b: NOM NOM GRASS
|-supereffective|p2b: NOM NOM GRASS
|-damage|p2b: NOM NOM GRASS|92/100
|move|p2b: NOM NOM GRASS|Psychic|p1a: Iron Hands
|-supereffective|p1a: Iron Hands
|-damage|p1a: Iron Hands|30/100
|
|-damage|p1b: Farigiraf|76/100 brn|[from] brn
|-fieldend|move: Electric Terrain
|-end|p1a: Iron Hands|Quark Drive
|upkeep
|turn|6
|
|t:|1750752617
|move|p1b: Farigiraf|Helping Hand|p1a: Iron Hands
|-singleturn|p1a: Iron Hands|Helping Hand|[of] p1b: Farigiraf
|move|p2b: NOM NOM GRASS|Psychic|p1a: Iron Hands
|-supereffective|p1a: Iron Hands
|-damage|p1a: Iron Hands|0 fnt
|faint|p1a: Iron Hands
|-end|p1a: Iron Hands|Quark Drive|[silent]
|move|p2a: MEOW|Will-O-Wisp|p1b: Farigiraf
|-fail|p1b: Farigiraf|brn
|
|-damage|p1b: Farigiraf|70/100 brn|[from] brn
|upkeep
|
|t:|1750752623
|switch|p1a: Miraidon|Miraidon, L50|68/100
|-fieldstart|move: Electric Terrain|[from] ability: Hadron Engine|[of] p1a: Miraidon
|turn|7
|
|t:|1750752640
|-terastallize|p1a: Miraidon|Fairy
|move|p1b: Farigiraf|Helping Hand|p1a: Miraidon
|-singleturn|p1a: Miraidon|Helping Hand|[of] p1b: Farigiraf
|move|p1a: Miraidon|Dazzling Gleam|p2a: MEOW|[spread] p2a,p2b
|-damage|p2a: MEOW|13/100
|-damage|p2b: NOM NOM GRASS|32/100
|move|p2b: NOM NOM GRASS|Psychic|p1a: Miraidon
|-damage|p1a: Miraidon|35/100
|-unboost|p1a: Miraidon|spd|1
|move|p2a: MEOW|Parting Shot|p1a: Miraidon
|-unboost|p1a: Miraidon|atk|1
|-unboost|p1a: Miraidon|spa|1
|
|t:|1750752652
|switch|p2a: THE DON|Miraidon, L50|75/100|[from] Parting Shot
|-activate|p2a: THE DON|ability: Hadron Engine
|
|-damage|p1b: Farigiraf|63/100 brn|[from] brn
|upkeep
|turn|8
|
|t:|1750752671
|-terastallize|p2a: THE DON|Fairy
|move|p1b: Farigiraf|Helping Hand|p1a: Miraidon
|-singleturn|p1a: Miraidon|Helping Hand|[of] p1b: Farigiraf
|move|p1a: Miraidon|Dazzling Gleam|p2b: NOM NOM GRASS|[spread] p2a,p2b
|-damage|p2a: THE DON|41/100
|-damage|p2b: NOM NOM GRASS|0 fnt
|faint|p2b: NOM NOM GRASS
|move|p2a: THE DON|Electro Drift|p1a: Miraidon
|-damage|p1a: Miraidon|0 fnt
|faint|p1a: Miraidon
|
|-damage|p1b: Farigiraf|57/100 brn|[from] brn
|upkeep
|-message|nobody9028 forfeited.
|
|win|caprican
|raw|nobody9028's rating: 1493 &rarr; <strong>1466</strong><br />(-27 for losing)
|raw|caprican's rating: 1368 &rarr; <strong>1395</strong><br />(+27 for winning)
|l|‽nobody9028
|player|p1|
|l|☆caprican
|player|p2|
