|j|☆GabrielCanto
|j|☆Wacko789
|t:|1750805428
|gametype|doubles
|player|p1|GabrielCanto|hilda|1512
|player|p2|Wacko789|2|1573
|teamsize|p1|6
|teamsize|p2|6
|gen|9
|tier|[Gen 9] VGC 2025 Reg I
|rated|
|rule|Species Clause: Limit one of each Pokémon
|rule|Item Clause: Limit 1 of each item
|clearpoke
|poke|p1|Calyrex-Shadow, L50|
|poke|p1|Kyogre, L50|
|poke|p1|Incineroar, L50, M|
|poke|p1|Tornadus, L50, M|
|poke|p1|Iron Hands, L50|
|poke|p1|Archaludon, L50, M|
|poke|p2|Incineroar, L50, F|
|poke|p2|Raging Bolt, L50|
|poke|p2|Calyrex-Ice, L50|
|poke|p2|Smeargle, L50, F|
|poke|p2|Kyogre, L50|
|poke|p2|Ogerpon, L50, F|
|teampreview|4
|inactive|Battle timer is ON: inactive players will automatically lose when time's up. (requested by GabrielCanto)
|inactive|GabrielCanto has 60 seconds left.
|inactive|GabrielCanto has 30 seconds left.
|
|t:|1750805491
|start
|switch|p1a: Calyrex|Calyrex-Shadow, L50|100/100
|switch|p1b: Iron Hands|Iron Hands, L50|100/100
|switch|p2a: Raging Bolt|Raging Bolt, L50|100/100
|switch|p2b: Smeargle|Smeargle, L50, F|100/100
|-ability|p1a: Calyrex|As One
|-ability|p1a: Calyrex|Unnerve
|turn|1
|
|t:|1750805514
|move|p1b: Iron Hands|Fake Out|p2b: Smeargle
|-crit|p2b: Smeargle
|-damage|p2b: Smeargle|58/100
|move|p1a: Calyrex|Psychic|p2b: Smeargle
|-damage|p2b: Smeargle|0 fnt
|faint|p2b: Smeargle
|-ability|p1a: Calyrex|Grim Neigh|boost
|-boost|p1a: Calyrex|spa|1
|move|p2a: Raging Bolt|Snarl|p1b: Iron Hands|[spread] p1a,p1b
|-supereffective|p1a: Calyrex
|-resisted|p1b: Iron Hands
|-damage|p1a: Calyrex|39/100
|-damage|p1b: Iron Hands|93/100
|-unboost|p1a: Calyrex|spa|1
|
|upkeep
|
|t:|1750805529
|switch|p2b: Calyrex|Calyrex-Ice, L50|100/100
|-ability|p2b: Calyrex|As One
|-ability|p2b: Calyrex|Unnerve
|turn|2
|inactive|Wacko789 has 30 seconds left.
|
|t:|1750805556
|switch|p2b: Incineroar|Incineroar, L50, F|100/100
|-ability|p2b: Incineroar|Intimidate|boost
|-unboost|p1a: Calyrex|atk|1
|-fail|p1b: Iron Hands|unboost|[from] item: Clear Amulet|[of] p1b: Iron Hands
|move|p1a: Calyrex|Protect|p1a: Calyrex
|-singleturn|p1a: Calyrex|Protect
|move|p2a: Raging Bolt|Thunderclap||[still]
|-fail|p2a: Raging Bolt
|move|p1b: Iron Hands|Volt Switch|p2a: Raging Bolt
|-resisted|p2a: Raging Bolt
|-damage|p2a: Raging Bolt|99/100
|
|t:|1750805568
|-end|p1b: Iron Hands|Quark Drive|[silent]
|switch|p1b: Archaludon|Archaludon, L50, M|100/100|[from] Volt Switch
|
|upkeep
|turn|3
|
|t:|1750805589
|switch|p1a: Iron Hands|Iron Hands, L50|93/100
|move|p1b: Archaludon|Draco Meteor|p2a: Raging Bolt
|-supereffective|p2a: Raging Bolt
|-damage|p2a: Raging Bolt|30/100
|-unboost|p1b: Archaludon|spa|2
|move|p2a: Raging Bolt|Snarl|p1b: Archaludon|[spread] p1a,p1b
|-resisted|p1a: Iron Hands
|-damage|p1a: Iron Hands|87/100
|-damage|p1b: Archaludon|89/100
|-unboost|p1b: Archaludon|spa|1
|-ability|p1b: Archaludon|Stamina|boost
|-boost|p1b: Archaludon|def|1
|move|p2b: Incineroar|Parting Shot|p1b: Archaludon
|-unboost|p1b: Archaludon|atk|1
|-unboost|p1b: Archaludon|spa|1
|
|t:|1750805605
|switch|p2b: Calyrex|Calyrex-Ice, L50|100/100|[from] Parting Shot
|-ability|p2b: Calyrex|As One
|-ability|p2b: Calyrex|Unnerve
|
|upkeep
|turn|4
|
|t:|1750805625
|-end|p2a: Raging Bolt|Protosynthesis|[silent]
|switch|p2a: Incineroar|Incineroar, L50, F|100/100
|-ability|p2a: Incineroar|Intimidate|boost
|-fail|p1a: Iron Hands|unboost|[from] item: Clear Amulet|[of] p1a: Iron Hands
|-unboost|p1b: Archaludon|atk|1
|-terastallize|p2b: Calyrex|Fairy
|move|p1a: Iron Hands|Fake Out|p2a: Incineroar
|-damage|p2a: Incineroar|90/100
|move|p1b: Archaludon|Body Press|p2a: Incineroar
|-supereffective|p2a: Incineroar
|-damage|p2a: Incineroar|36/100
|move|p2b: Calyrex|Glacial Lance|p1a: Iron Hands|[spread] p1a,p1b
|-damage|p1a: Iron Hands|55/100
|-damage|p1b: Archaludon|63/100
|-ability|p1b: Archaludon|Stamina|boost
|-boost|p1b: Archaludon|def|1
|
|upkeep
|turn|5
|inactive|Wacko789 has 30 seconds left.
|
|t:|1750805656
|move|p1b: Archaludon|Body Press|p2a: Incineroar
|-supereffective|p2a: Incineroar
|-damage|p2a: Incineroar|0 fnt
|faint|p2a: Incineroar
|move|p2b: Calyrex|Glacial Lance|p1b: Archaludon|[spread] p1a,p1b
|-damage|p1a: Iron Hands|19/100
|-damage|p1b: Archaludon|44/100
|-ability|p1b: Archaludon|Stamina|boost
|-boost|p1b: Archaludon|def|1
|move|p1a: Iron Hands|Drain Punch|p2b: Calyrex
|-resisted|p2b: Calyrex
|-damage|p2b: Calyrex|88/100
|-heal|p1a: Iron Hands|24/100|[from] drain|[of] p2b: Calyrex
|
|upkeep
|
|t:|1750805663
|switch|p2a: Raging Bolt|Raging Bolt, L50|30/100
|turn|6
|
|t:|1750805681
|switch|p1b: Kyogre|Kyogre, L50|100/100
|-weather|RainDance|[from] ability: Drizzle|[of] p1b: Kyogre
|move|p2a: Raging Bolt|Thunderclap||[still]
|-fail|p2a: Raging Bolt
|move|p2b: Calyrex|Glacial Lance|p1b: Kyogre|[spread] p1a,p1b
|-resisted|p1b: Kyogre
|-damage|p1a: Iron Hands|0 fnt
|-damage|p1b: Kyogre|72/100
|faint|p1a: Iron Hands
|-end|p1a: Iron Hands|Quark Drive|[silent]
|-ability|p2b: Calyrex|Chilling Neigh|boost
|-boost|p2b: Calyrex|atk|1
|
|-weather|RainDance|[upkeep]
|upkeep
|
|t:|1750805693
|switch|p1a: Calyrex|Calyrex-Shadow, L50|39/100
|-ability|p1a: Calyrex|As One
|-ability|p1a: Calyrex|Unnerve
|turn|7
|
|t:|1750805706
|-terastallize|p1b: Kyogre|Electric
|move|p2a: Raging Bolt|Thunderclap|p1b: Kyogre
|-resisted|p1b: Kyogre
|-damage|p1b: Kyogre|57/100
|move|p1b: Kyogre|Water Spout|p2b: Calyrex|[spread] p2a,p2b
|-resisted|p2a: Raging Bolt
|-damage|p2a: Raging Bolt|16/100
|-damage|p2b: Calyrex|58/100
|move|p1a: Calyrex|Astral Barrage|p2b: Calyrex|[spread] p2a,p2b
|-damage|p2a: Raging Bolt|0 fnt
|-damage|p2b: Calyrex|22/100
|faint|p2a: Raging Bolt
|-end|p2a: Raging Bolt|Protosynthesis|[silent]
|-ability|p1a: Calyrex|Grim Neigh|boost
|-boost|p1a: Calyrex|spa|1
|move|p2b: Calyrex|Glacial Lance|p1a: Calyrex|[spread] p1a,p1b
|-damage|p1a: Calyrex|0 fnt
|-damage|p1b: Kyogre|0 fnt
|faint|p1a: Calyrex
|faint|p1b: Kyogre
|-ability|p2b: Calyrex|Chilling Neigh|boost
|-boost|p2b: Calyrex|atk|2
|
|-weather|RainDance|[upkeep]
|upkeep
|
|t:|1750805718
|switch|p1b: Archaludon|Archaludon, L50, M|44/100
|turn|8
|c|☆GabrielCanto|Gg
|
|t:|1750805735
|move|p1b: Archaludon|Flash Cannon|p2b: Calyrex
|-supereffective|p2b: Calyrex
|-damage|p2b: Calyrex|0 fnt
|faint|p2b: Calyrex
|
|win|GabrielCanto
|raw|GabrielCanto's rating: 1512 &rarr; <strong>1535</strong><br />(+23 for winning)
|raw|Wacko789's rating: 1573 &rarr; <strong>1550</strong><br />(-23 for losing)
|l|☆Wacko789
|player|p2|
|l|☆GabrielCanto
|player|p1|
