|j|☆I'm Y Dad Left
|j|☆TheBeeps
|t:|1750733006
|gametype|doubles
|player|p1|I'm Y Dad Left|pokekid|1085
|player|p2|TheBeeps|cynthia|1114
|teamsize|p1|6
|teamsize|p2|6
|gen|9
|tier|[Gen 9] VGC 2025 Reg I
|rated|
|rule|Species Clause: Limit one of each Pokémon
|rule|Item Clause: Limit 1 of each item
|clearpoke
|poke|p1|Heracross, L50, M|
|poke|p1|Raichu, L50, F|
|poke|p1|Milotic, L50, M|
|poke|p1|Hitmontop, L50, M|
|poke|p1|Talonflame, L50, F|
|poke|p1|Porygon2, L50|
|poke|p2|Miraidon, L50|
|poke|p2|Lunala, L50|
|poke|p2|Incineroar, L50, F|
|poke|p2|Whimsicott, L50, M|
|poke|p2|Araquanid, L50, M|
|poke|p2|Raichu, L50, F|
|teampreview|4
TheBeeps has agreed to open team sheets.
|
|t:|1750733025
|start
|switch|p1a: Mike Tyson|Raichu, L50, F|100/100
|switch|p1b: Beetle Juice|Heracross, L50, M|100/100
|switch|p2a: Miraidon|Miraidon, L50|100/100
|switch|p2b: Whimsicott|Whimsicott, L50, M|100/100
|-fieldstart|move: Electric Terrain|[from] ability: Hadron Engine|[of] p2a: Miraidon
|turn|1
|inactive|Battle timer is ON: inactive players will automatically lose when time's up. (requested by I'm Y Dad Left)
|
|t:|1750733054
|move|p1a: Mike Tyson|Fake Out|p2b: Whimsicott
|-damage|p2b: Whimsicott|90/100
|move|p2b: Whimsicott|Tailwind|p2b: Whimsicott
|-sidestart|p2: TheBeeps|move: Tailwind
|move|p2a: Miraidon|Dazzling Gleam|p1b: Beetle Juice|[spread] p1a,p1b
|-supereffective|p1b: Beetle Juice
|-damage|p1a: Mike Tyson|38/100
|-damage|p1b: Beetle Juice|0 fnt
|faint|p1b: Beetle Juice
|
|upkeep
|
|t:|1750733063
|switch|p1b: Trouser Snake|Milotic, L50, M|100/100
|turn|2
|
|t:|1750733074
|move|p1a: Mike Tyson|Helping Hand|p1b: Trouser Snake
|-singleturn|p1b: Trouser Snake|Helping Hand|[of] p1a: Mike Tyson
|move|p2b: Whimsicott|Light Screen|p2b: Whimsicott
|-sidestart|p2: TheBeeps|move: Light Screen
|move|p2a: Miraidon|Dazzling Gleam|p1b: Trouser Snake|[spread] p1a,p1b
|-damage|p1a: Mike Tyson|0 fnt
|-damage|p1b: Trouser Snake|65/100
|faint|p1a: Mike Tyson
|move|p1b: Trouser Snake|Ice Beam|p2a: Miraidon
|-supereffective|p2a: Miraidon
|-damage|p2a: Miraidon|54/100
|
|upkeep
|
|t:|1750733084
|switch|p1a: Wicked Wings|Talonflame, L50, F|100/100
|turn|3
|
|t:|1750733094
|move|p1b: Trouser Snake|Protect|p1b: Trouser Snake
|-singleturn|p1b: Trouser Snake|Protect
|move|p1a: Wicked Wings|Brave Bird|p2b: Whimsicott
|-supereffective|p2b: Whimsicott
|-crit|p2b: Whimsicott
|-damage|p2b: Whimsicott|0 fnt
|faint|p2b: Whimsicott
|-damage|p1a: Wicked Wings|72/100|[from] Recoil
|move|p2a: Miraidon|Dazzling Gleam|p1a: Wicked Wings|[spread] p1a
|-activate|p1b: Trouser Snake|move: Protect
|-resisted|p1a: Wicked Wings
|-damage|p1a: Wicked Wings|34/100
|
|upkeep
|
|t:|1750733110
|switch|p2b: Lunala|Lunala, L50|100/100
|-enditem|p2b: Lunala|Electric Seed
|-boost|p2b: Lunala|def|1|[from] item: Electric Seed
|turn|4
|
|t:|1750733125
|-terastallize|p1b: Trouser Snake|Stellar
|move|p1a: Wicked Wings|Protect|p1a: Wicked Wings
|-singleturn|p1a: Wicked Wings|Protect
|move|p2a: Miraidon|Dazzling Gleam|p1a: Wicked Wings|[spread] p1b
|-activate|p1a: Wicked Wings|move: Protect
|-damage|p1b: Trouser Snake|34/100
|move|p2b: Lunala|Moongeist Beam|p1b: Trouser Snake
|-damage|p1b: Trouser Snake|0 fnt
|faint|p1b: Trouser Snake
|
|-sideend|p2: TheBeeps|move: Tailwind
|upkeep
|turn|5
|-message|I'm Y Dad Left forfeited.
|
|win|TheBeeps
|raw|I&apos;m Y Dad Left's rating: 1085 &rarr; <strong>1064</strong><br />(-21 for losing)
|raw|TheBeeps's rating: 1114 &rarr; <strong>1137</strong><br />(+23 for winning)
|l|☆I'm Y Dad Left
|player|p1|
|l|☆TheBeeps
|player|p2|
