|j|☆numnumsssss
|j|☆beastkiller3
|t:|1750864005
|gametype|doubles
|player|p1|numnumsssss|wallace|1247
|player|p2|beastkiller3|miku-ground|1243
|teamsize|p1|6
|teamsize|p2|6
|gen|9
|tier|[Gen 9] VGC 2025 Reg I
|rated|
|rule|Species Clause: Limit one of each Pokémon
|rule|Item Clause: Limit 1 of each item
|clearpoke
|poke|p1|Calyrex-Ice, L50|
|poke|p1|Ursaluna, L50, M|
|poke|p1|Indeedee-F, L50, F|
|poke|p1|Annihilape, L50, M|
|poke|p1|Torkoal, L50, M|
|poke|p1|Terapagos, L50, M|
|poke|p2|Iron Hands, L50|
|poke|p2|Miraidon, L50|
|poke|p2|Ogerpon-Cornerstone, L50, F|
|poke|p2|Ho-Oh, L50|
|poke|p2|Grimmsnarl, L50, M|
|poke|p2|Iron Boulder, L50|
|teampreview|4
|c|☆beastkiller3|glhf
beastkiller3 has agreed to open team sheets.
|
|t:|1750864043
|start
|switch|p1a: Indeedee|Indeedee-F, L50, F|100/100
|switch|p1b: Terapagos|Terapagos, L50, M|100/100
|switch|p2a: Ho-Oh|Ho-Oh, L50, shiny|100/100
|switch|p2b: Iron Boulder|Iron Boulder, L50|100/100
|-activate|p1b: Terapagos|ability: Tera Shift
|detailschange|p1b: Terapagos|Terapagos-Terastal, L50, M
|-heal|p1b: Terapagos|100/100|[silent]
|-fieldstart|move: Psychic Terrain|[from] ability: Psychic Surge|[of] p1a: Indeedee
|turn|1
|
|t:|1750864076
|move|p2b: Iron Boulder|Mighty Cleave|p1a: Indeedee
|-damage|p1a: Indeedee|27/100
|-damage|p2b: Iron Boulder|91/100|[from] item: Life Orb
|move|p2a: Ho-Oh|Sacred Fire|p1a: Indeedee
|-damage|p1a: Indeedee|0 fnt
|faint|p1a: Indeedee
|move|p1b: Terapagos|Calm Mind|p1b: Terapagos
|-boost|p1b: Terapagos|spa|1
|-boost|p1b: Terapagos|spd|1
|
|upkeep
|
|t:|1750864089
|switch|p1a: Calyrex|Calyrex-Ice, L50|100/100
|-ability|p1a: Calyrex|As One
|-ability|p1a: Calyrex|Unnerve
|turn|2
|
|t:|1750864111
|move|p1a: Calyrex|Protect|p1a: Calyrex
|-singleturn|p1a: Calyrex|Protect
|move|p2b: Iron Boulder|Mighty Cleave|p1a: Calyrex
|-supereffective|p1a: Calyrex
|-damage|p1a: Calyrex|16/100
|-damage|p2b: Iron Boulder|82/100|[from] item: Life Orb
|move|p2a: Ho-Oh|Sacred Fire|p1a: Calyrex
|-activate|p1a: Calyrex|move: Protect
|move|p1b: Terapagos|Calm Mind|p1b: Terapagos
|-boost|p1b: Terapagos|spa|1
|-boost|p1b: Terapagos|spd|1
|
|upkeep
|turn|3
|
|t:|1750864133
|-terastallize|p1b: Terapagos|Stellar
|detailschange|p1b: Terapagos|Terapagos-Stellar, L50, M, tera:Stellar
|-heal|p1b: Terapagos|100/100|[silent]
|-ability|p1b: Terapagos|Teraform Zero
|-fieldend|move: Psychic Terrain
|move|p2b: Iron Boulder|Mighty Cleave|p1a: Calyrex
|-supereffective|p1a: Calyrex
|-damage|p1a: Calyrex|0 fnt
|faint|p1a: Calyrex
|-damage|p2b: Iron Boulder|72/100|[from] item: Life Orb
|move|p2a: Ho-Oh|Sacred Fire|p1b: Terapagos
|-damage|p1b: Terapagos|71/100
|move|p1b: Terapagos|Tera Starstorm|p2a: Ho-Oh|[spread] p2a,p2b
|-damage|p2a: Ho-Oh|54/100
|-damage|p2b: Iron Boulder|0 fnt
|faint|p2b: Iron Boulder
|-end|p2b: Iron Boulder|Quark Drive|[silent]
|
|-heal|p1b: Terapagos|77/100|[from] item: Leftovers
|upkeep
|
|t:|1750864154
|switch|p2b: Ogerpon|Ogerpon-Cornerstone, L50, F|100/100
|switch|p1a: Torkoal|Torkoal, L50, M|100/100
|-weather|SunnyDay|[from] ability: Drought|[of] p1a: Torkoal
|turn|4
|
|t:|1750864196
|-terastallize|p2b: Ogerpon|Rock
|detailschange|p2b: Ogerpon|Ogerpon-Cornerstone-Tera, L50, F, tera:Rock
|-ability|p2b: Ogerpon|Embody Aspect (Cornerstone)|boost
|-boost|p2b: Ogerpon|def|1
|move|p2b: Ogerpon|Ivy Cudgel|p1b: Terapagos|[anim] Ivy Cudgel Rock
|-damage|p1b: Terapagos|30/100
|move|p2a: Ho-Oh|Sacred Fire|p1b: Terapagos
|-damage|p1b: Terapagos|0 fnt
|faint|p1b: Terapagos
|detailschange|p1: Terapagos|Terapagos, L50, M|[silent]
|move|p1a: Torkoal|Weather Ball|p2b: Ogerpon
|-resisted|p2b: Ogerpon
|-damage|p2b: Ogerpon|39/100
|
|-weather|SunnyDay|[upkeep]
|upkeep
|turn|5
|-message|numnumsssss forfeited.
|
|win|beastkiller3
|raw|numnumsssss's rating: 1247 &rarr; <strong>1222</strong><br />(-25 for losing)
|raw|beastkiller3's rating: 1243 &rarr; <strong>1268</strong><br />(+25 for winning)
|l|☆numnumsssss
|player|p1|
