|j|☆Bkjubhvjvvbjbbbvb
|j|☆young79_Trung
|t:|1750774480
|gametype|doubles
|player|p1|Bkjubhvjvvbjbbbvb|265|1000
|player|p2|young79_Trung|bugcatcher-gen4dp|1005
|teamsize|p1|6
|teamsize|p2|6
|gen|9
|tier|[Gen 9] VGC 2025 Reg I
|rated|
|rule|Species Clause: Limit one of each Pokémon
|rule|Item Clause: Limit 1 of each item
|clearpoke
|poke|p1|Whimsicott, L50, F|
|poke|p1|Urshifu-*, L50, M|
|poke|p1|Ursaluna, L50, M|
|poke|p1|Miraidon, L50|
|poke|p1|Lunala, L50|
|poke|p1|Incineroar, L50, M|
|poke|p2|Tyranitar, L50, M|
|poke|p2|Garganacl, L50, M|
|poke|p2|Arcanine-Hisui, L50, F|
|poke|p2|Ogerpon-Cornerstone, L50, F|
|poke|p2|Rhyperior, L50, F|
|poke|p2|Regirock, L50|
|teampreview|4
|inactive|Battle timer is ON: inactive players will automatically lose when time's up. (requested by young79_Trung)
|
|t:|1750774508
|start
|switch|p1a: Incineroar|Incineroar, L50, M|100/100
|switch|p1b: Lunala|Lunala, L50|100/100
|switch|p2a: Tyranitar|Tyranitar, L50, M|100/100
|switch|p2b: Garganacl|Garganacl, L50, M|100/100
|-weather|Sandstorm|[from] ability: Sand Stream|[of] p2a: Tyranitar
|-ability|p1a: Incineroar|Intimidate|boost
|-unboost|p2a: Tyranitar|atk|1
|-unboost|p2b: Garganacl|atk|1
|turn|1
|
|t:|1750774526
|-terastallize|p1b: Lunala|Fairy
|move|p2a: Tyranitar|Protect|p2a: Tyranitar
|-singleturn|p2a: Tyranitar|Protect
|move|p1a: Incineroar|Fake Out|p2b: Garganacl
|-resisted|p2b: Garganacl
|-damage|p2b: Garganacl|96/100
|move|p1b: Lunala|Moonblast|p2a: Tyranitar
|-activate|p2a: Tyranitar|move: Protect
|cant|p2b: Garganacl|flinch
|
|-weather|Sandstorm|[upkeep]
|-damage|p1b: Lunala|94/100|[from] Sandstorm
|-damage|p1a: Incineroar|95/100|[from] Sandstorm
|-heal|p2b: Garganacl|100/100|[from] item: Leftovers
|upkeep
|turn|2
|
|t:|1750774547
|move|p1b: Lunala|Moonblast|p2a: Tyranitar
|-supereffective|p2a: Tyranitar
|-damage|p2a: Tyranitar|54/100
|-unboost|p2a: Tyranitar|spa|1
|-enditem|p2a: Tyranitar|Weakness Policy
|-boost|p2a: Tyranitar|atk|2|[from] item: Weakness Policy
|-boost|p2a: Tyranitar|spa|2|[from] item: Weakness Policy
|move|p2a: Tyranitar|Rock Slide|p1b: Lunala|[spread] p1a,p1b
|-supereffective|p1a: Incineroar
|-crit|p1b: Lunala
|-damage|p1a: Incineroar|0 fnt
|-damage|p1b: Lunala|37/100
|faint|p1a: Incineroar
|move|p2b: Garganacl|Salt Cure|p1b: Lunala
|-crit|p1b: Lunala
|-damage|p1b: Lunala|21/100
|-start|p1b: Lunala|Salt Cure
|
|-weather|Sandstorm|[upkeep]
|-damage|p1b: Lunala|15/100|[from] Sandstorm
|-damage|p1b: Lunala|3/100|[from] Salt Cure
|upkeep
|
|t:|1750774559
|switch|p1a: Urshifu|Urshifu-Rapid-Strike, L50, M|100/100
|turn|3
|
|t:|1750774571
|move|p2a: Tyranitar|Protect|p2a: Tyranitar
|-singleturn|p2a: Tyranitar|Protect
|move|p1a: Urshifu|Surging Strikes|p2b: Garganacl
|-supereffective|p2b: Garganacl
|-crit|p2b: Garganacl
|-damage|p2b: Garganacl|65/100
|-supereffective|p2b: Garganacl
|-crit|p2b: Garganacl
|-damage|p2b: Garganacl|32/100
|-supereffective|p2b: Garganacl
|-crit|p2b: Garganacl
|-damage|p2b: Garganacl|0 fnt
|faint|p2b: Garganacl
|-hitcount|p2: Garganacl|3
|move|p1b: Lunala|Trick Room|p1b: Lunala
|-fieldstart|move: Trick Room|[of] p1b: Lunala
|
|-weather|Sandstorm|[upkeep]
|-damage|p1b: Lunala|0 fnt|[from] Sandstorm
|-damage|p1a: Urshifu|95/100|[from] Sandstorm
|faint|p1b: Lunala
|upkeep
|
|t:|1750774582
|switch|p2b: Arcanine|Arcanine-Hisui, L50, F|100/100
|switch|p1b: Ursaluna|Ursaluna, L50, M|100/100
|turn|4
|
|t:|1750774594
|move|p1b: Ursaluna|Protect|p1b: Ursaluna
|-singleturn|p1b: Ursaluna|Protect
|move|p2a: Tyranitar|Rock Slide|p1b: Ursaluna|[spread] p1a
|-activate|p1b: Ursaluna|move: Protect
|-resisted|p1a: Urshifu
|-damage|p1a: Urshifu|71/100
|move|p2b: Arcanine|Wild Charge|p1a: Urshifu
|-supereffective|p1a: Urshifu
|-crit|p1a: Urshifu
|-damage|p1a: Urshifu|0 fnt
|faint|p1a: Urshifu
|
|-weather|Sandstorm|[upkeep]
|-status|p1b: Ursaluna|brn|[from] item: Flame Orb
|upkeep
|turn|5
|inactive|young79_Trung has 30 seconds left.
|
|t:|1750774621
|-terastallize|p2b: Arcanine|Normal
|move|p1b: Ursaluna|Earthquake|p2a: Tyranitar|[spread] p2a,p2b
|-supereffective|p2a: Tyranitar
|-damage|p2a: Tyranitar|0 fnt
|-damage|p2b: Arcanine|10/100
|faint|p2a: Tyranitar
|move|p2b: Arcanine|Double-Edge|p1b: Ursaluna
|-damage|p1b: Ursaluna|60/100 brn
|
|-weather|none
|-damage|p1b: Ursaluna|54/100 brn|[from] brn
|upkeep
|
|t:|1750774629
|switch|p2a: Ogerpon|Ogerpon-Cornerstone, L50, F|100/100
|turn|6
|
|t:|1750774637
|move|p2b: Arcanine|Protect|p2b: Arcanine
|-singleturn|p2b: Arcanine|Protect
|move|p1b: Ursaluna|Facade|p2a: Ogerpon
|-resisted|p2a: Ogerpon
|-damage|p2a: Ogerpon|11/100
|move|p2a: Ogerpon|Horn Leech|p1b: Ursaluna
|-supereffective|p1b: Ursaluna
|-damage|p1b: Ursaluna|0 fnt
|-heal|p2a: Ogerpon|52/100|[from] drain|[of] p1b: Ursaluna
|faint|p1b: Ursaluna
|
|win|young79_Trung
|raw|Bkjubhvjvvbjbbbvb's rating: 1000 &rarr; <strong>1000</strong><br />(+0 for losing)
|raw|young79_Trung's rating: 1005 &rarr; <strong>1044</strong><br />(+39 for winning)
|l|☆Bkjubhvjvvbjbbbvb
|player|p1|
