|j|☆jacre22
|j|☆StaleRYEBread
|t:|1750824647
|gametype|doubles
|player|p1|jacre22|iris-gen5bw2|1165
|player|p2|StaleRYEBread|101|1220
|teamsize|p1|6
|teamsize|p2|6
|gen|9
|tier|[Gen 9] VGC 2025 Reg I
|rated|
|rule|Species Clause: Limit one of each Pokémon
|rule|Item Clause: Limit 1 of each item
|clearpoke
|poke|p1|Kyogre, L50|
|poke|p1|Urshifu-*, L50, F|
|poke|p1|Amoonguss, L50, M|
|poke|p1|Zacian-*, L50|
|poke|p1|Chien-Pao, L50|
|poke|p1|Roaring Moon, L50|
|poke|p2|Kyogre, L50|
|poke|p2|Calyrex-Ice, L50|
|poke|p2|Incineroar, L50, M|
|poke|p2|Amoonguss, L50, M|
|poke|p2|Porygon2, L50|
|poke|p2|Kingambit, L50, M|
|teampreview|4
|
|t:|1750824686
|start
|switch|p1a: Kyogre|Kyogre, L50|100/100
|switch|p1b: Roaring Moon|Roaring Moon, L50|100/100
|switch|p2a: Incineroar|Incineroar, L50, M|100/100
|switch|p2b: Porygon2|Porygon2, L50, shiny|100/100
|-weather|RainDance|[from] ability: Drizzle|[of] p1a: Kyogre
|-ability|p2a: Incineroar|Intimidate|boost
|-unboost|p1a: Kyogre|atk|1
|-unboost|p1b: Roaring Moon|atk|1
|-ability|p2b: Porygon2|Download|boost
|-boost|p2b: Porygon2|atk|1
|-enditem|p1b: Roaring Moon|Booster Energy
|-activate|p1b: Roaring Moon|ability: Protosynthesis|[fromitem]
|-start|p1b: Roaring Moon|protosynthesisspe
|turn|1
|
|t:|1750824705
|move|p2a: Incineroar|Fake Out|p1a: Kyogre
|-damage|p1a: Kyogre|89/100
|move|p1b: Roaring Moon|Tailwind|p1b: Roaring Moon
|-sidestart|p1: jacre22|move: Tailwind
|cant|p1a: Kyogre|flinch
|move|p2b: Porygon2|Trick Room|p2b: Porygon2
|-fieldstart|move: Trick Room|[of] p2b: Porygon2
|
|-weather|RainDance|[upkeep]
|upkeep
|turn|2
|
|t:|1750824721
|switch|p2b: Calyrex|Calyrex-Ice, L50|100/100
|-ability|p2b: Calyrex|As One
|-ability|p2b: Calyrex|Unnerve
|switch|p2a: Kyogre|Kyogre, L50|100/100
|move|p1a: Kyogre|Water Spout|p2a: Kyogre|[spread] p2a,p2b
|-resisted|p2a: Kyogre
|-crit|p2a: Kyogre
|-damage|p2a: Kyogre|49/100
|-damage|p2b: Calyrex|25/100
|move|p1b: Roaring Moon|Knock Off|p2b: Calyrex
|-supereffective|p2b: Calyrex
|-damage|p2b: Calyrex|0 fnt
|-enditem|p2b: Calyrex|Clear Amulet|[from] move: Knock Off|[of] p1b: Roaring Moon
|faint|p2b: Calyrex
|
|-weather|RainDance|[upkeep]
|upkeep
|
|t:|1750824739
|switch|p2b: Porygon2|Porygon2, L50, shiny|100/100
|-ability|p2b: Porygon2|Download|boost
|-boost|p2b: Porygon2|atk|1
|turn|3
|
|t:|1750824766
|-terastallize|p2a: Kyogre|Electric
|-terastallize|p1a: Kyogre|Grass
|move|p2b: Porygon2|Tri Attack|p1b: Roaring Moon
|-damage|p1b: Roaring Moon|71/100
|move|p2a: Kyogre|Thunder|p1a: Kyogre
|-resisted|p1a: Kyogre
|-damage|p1a: Kyogre|60/100
|move|p1a: Kyogre|Thunder|p2a: Kyogre
|-resisted|p2a: Kyogre
|-damage|p2a: Kyogre|33/100
|move|p1b: Roaring Moon|Knock Off|p2a: Kyogre
|-damage|p2a: Kyogre|0 fnt
|-enditem|p2a: Kyogre|Mystic Water|[from] move: Knock Off|[of] p1b: Roaring Moon
|faint|p2a: Kyogre
|
|-weather|RainDance|[upkeep]
|upkeep
|
|t:|1750824783
|switch|p2a: Incineroar|Incineroar, L50, M|100/100
|-ability|p2a: Incineroar|Intimidate|boost
|-unboost|p1a: Kyogre|atk|1
|-unboost|p1b: Roaring Moon|atk|1
|turn|4
|
|t:|1750824797
|move|p2a: Incineroar|Fake Out|p1b: Roaring Moon
|-damage|p1b: Roaring Moon|55/100
|move|p2b: Porygon2|Tri Attack|p1a: Kyogre
|-damage|p1a: Kyogre|38/100
|move|p1a: Kyogre|Origin Pulse|p2a: Incineroar|[spread] p2a,p2b
|-supereffective|p2a: Incineroar
|-damage|p2a: Incineroar|0 fnt
|-damage|p2b: Porygon2|61/100
|faint|p2a: Incineroar
|cant|p1b: Roaring Moon|flinch
|
|-weather|RainDance|[upkeep]
|-sideend|p1: jacre22|move: Tailwind
|upkeep
|turn|5
|
|t:|1750824813
|move|p2b: Porygon2|Tri Attack|p1a: Kyogre
|-crit|p1a: Kyogre
|-damage|p1a: Kyogre|2/100
|move|p1a: Kyogre|Origin Pulse|p2b: Porygon2
|-damage|p2b: Porygon2|3/100
|move|p1b: Roaring Moon|Knock Off|p2b: Porygon2
|-crit|p2b: Porygon2
|-damage|p2b: Porygon2|0 fnt
|-enditem|p2b: Porygon2|Eviolite|[from] move: Knock Off|[of] p1b: Roaring Moon
|faint|p2b: Porygon2
|
|win|jacre22
|raw|jacre22's rating: 1165 &rarr; <strong>1194</strong><br />(+29 for winning)
|raw|StaleRYEBread's rating: 1220 &rarr; <strong>1191</strong><br />(-29 for losing)
|c|☆jacre22|gg
|l|☆jacre22
|player|p1|
|l|☆StaleRYEBread
|player|p2|
