|j|☆Scottyboi3
|j|☆Jamstiffer
|t:|1750783955
|gametype|doubles
|player|p1|Scottyboi3|169|1059
|player|p2|Jamstiffer|aaron|1009
|teamsize|p1|6
|teamsize|p2|6
|gen|9
|tier|[Gen 9] VGC 2025 Reg I
|rated|
|rule|Species Clause: Limit one of each Pokémon
|rule|Item Clause: Limit 1 of each item
|clearpoke
|poke|p1|Incineroar, L50, M|
|poke|p1|Kyogre, L50|
|poke|p1|Tornadus, L50, M|
|poke|p1|Amoonguss, L50, M|
|poke|p1|Roaring Moon, L50|
|poke|p1|Ting-Lu, L50|
|poke|p2|Koraidon, L50|
|poke|p2|Lunala, L50|
|poke|p2|Ursaluna, L50, M|
|poke|p2|Brute Bonnet, L50|
|poke|p2|Flutter Mane, L50|
|poke|p2|Iron Hands, L50|
|teampreview|4
|
|t:|1750783990
|start
|switch|p1a: Incineroar|Incineroar, L50, M|100/100
|switch|p1b: Tornadus|Tornadus, L50, M|100/100
|switch|p2a: Koraidon|Koraidon, L50|100/100
|switch|p2b: Flutter Mane|Flutter Mane, L50|100/100
|-weather|SunnyDay|[from] ability: Orichalcum Pulse|[of] p2a: Koraidon
|-activate|p2b: Flutter Mane|ability: Protosynthesis
|-start|p2b: Flutter Mane|protosynthesisspe
|-activate|p2a: Koraidon|Orichalcum Pulse|[source]
|-ability|p1a: Incineroar|Intimidate|boost
|-unboost|p2a: Koraidon|atk|1
|-unboost|p2b: Flutter Mane|atk|1
|turn|1
|
|t:|1750784026
|switch|p2a: Brute Bonnet|Brute Bonnet, L50|100/100
|-activate|p2a: Brute Bonnet|ability: Protosynthesis
|-start|p2a: Brute Bonnet|protosynthesisatk
|move|p1a: Incineroar|Fake Out|p2a: Brute Bonnet
|-damage|p2a: Brute Bonnet|92/100
|move|p1b: Tornadus|Tailwind|p1b: Tornadus
|-sidestart|p1: Scottyboi3|move: Tailwind
|move|p2b: Flutter Mane|Icy Wind|p1a: Incineroar|[spread] p1a,p1b
|-resisted|p1a: Incineroar
|-supereffective|p1b: Tornadus
|-damage|p1a: Incineroar|95/100
|-damage|p1b: Tornadus|62/100
|-unboost|p1a: Incineroar|spe|1
|-unboost|p1b: Tornadus|spe|1
|
|-weather|SunnyDay|[upkeep]
|upkeep
|turn|2
|
|t:|1750784077
|-terastallize|p2b: Flutter Mane|Fairy
|-terastallize|p1b: Tornadus|Ghost
|move|p2a: Brute Bonnet|Sucker Punch|p1b: Tornadus
|-supereffective|p1b: Tornadus
|-damage|p1b: Tornadus|0 fnt
|faint|p1b: Tornadus
|move|p2b: Flutter Mane|Moonblast|p1a: Incineroar
|-damage|p1a: Incineroar|39/100
|-unboost|p1a: Incineroar|spa|1
|move|p1a: Incineroar|Parting Shot|p2b: Flutter Mane
|-unboost|p2b: Flutter Mane|atk|1
|-unboost|p2b: Flutter Mane|spa|1
|
|t:|1750784092
|switch|p1a: Kyogre|Kyogre, L50|100/100|[from] Parting Shot
|-weather|RainDance|[from] ability: Drizzle|[of] p1a: Kyogre
|-end|p2b: Flutter Mane|Protosynthesis
|-end|p2a: Brute Bonnet|Protosynthesis
|
|-weather|RainDance|[upkeep]
|upkeep
|
|t:|1750784099
|switch|p1b: Incineroar|Incineroar, L50, M|39/100
|-ability|p1b: Incineroar|Intimidate|boost
|-unboost|p2a: Brute Bonnet|atk|1
|-unboost|p2b: Flutter Mane|atk|1
|turn|3
|
|t:|1750784111
|-end|p2a: Brute Bonnet|Protosynthesis|[silent]
|switch|p2a: Koraidon|Koraidon, L50|100/100
|-weather|SunnyDay|[from] ability: Orichalcum Pulse|[of] p2a: Koraidon
|-activate|p2b: Flutter Mane|ability: Protosynthesis
|-start|p2b: Flutter Mane|protosynthesisspe
|-activate|p2a: Koraidon|Orichalcum Pulse|[source]
|move|p2b: Flutter Mane|Protect|p2b: Flutter Mane
|-singleturn|p2b: Flutter Mane|Protect
|move|p1b: Incineroar|Fake Out|p2b: Flutter Mane
|-activate|p2b: Flutter Mane|move: Protect
|move|p1a: Kyogre|Water Spout|p2a: Koraidon|[spread] p2a
|-activate|p2b: Flutter Mane|move: Protect
|-resisted|p2a: Koraidon
|-damage|p2a: Koraidon|86/100
|
|-weather|SunnyDay|[upkeep]
|upkeep
|turn|4
|
|t:|1750784175
|switch|p2a: Iron Hands|Iron Hands, L50|100/100
|move|p1a: Kyogre|Protect|p1a: Kyogre
|-singleturn|p1a: Kyogre|Protect
|move|p2b: Flutter Mane|Icy Wind|p1a: Kyogre|[spread] p1b
|-activate|p1a: Kyogre|move: Protect
|-resisted|p1b: Incineroar
|-damage|p1b: Incineroar|35/100
|-unboost|p1b: Incineroar|spe|1
|move|p1b: Incineroar|Parting Shot|p2b: Flutter Mane
|-unboost|p2b: Flutter Mane|atk|1
|-unboost|p2b: Flutter Mane|spa|1
|
|t:|1750784190
|switch|p1b: Roaring Moon|Roaring Moon, L50|100/100|[from] Parting Shot
|-activate|p1b: Roaring Moon|ability: Protosynthesis
|-start|p1b: Roaring Moon|protosynthesisatk
|
|-weather|SunnyDay|[upkeep]
|-sideend|p1: Scottyboi3|move: Tailwind
|upkeep
|turn|5
|
|t:|1750784216
|switch|p1a: Incineroar|Incineroar, L50, M|35/100
|-ability|p1a: Incineroar|Intimidate|boost
|-unboost|p2a: Iron Hands|atk|1
|-unboost|p2b: Flutter Mane|atk|1
|move|p2b: Flutter Mane|Icy Wind|p1a: Incineroar|[spread] p1b
|-miss|p2b: Flutter Mane|p1a: Incineroar
|-supereffective|p1b: Roaring Moon
|-damage|p1b: Roaring Moon|86/100
|-unboost|p1b: Roaring Moon|spe|1
|move|p1b: Roaring Moon|Acrobatics|p2a: Iron Hands
|-damage|p2a: Iron Hands|84/100
|move|p2a: Iron Hands|Drain Punch|p1b: Roaring Moon
|-supereffective|p1b: Roaring Moon
|-damage|p1b: Roaring Moon|3/100
|-heal|p2a: Iron Hands|100/100|[from] drain|[of] p1b: Roaring Moon
|
|-weather|SunnyDay|[upkeep]
|upkeep
|turn|6
|-message|Scottyboi3 forfeited.
|
|win|Jamstiffer
|raw|Scottyboi3's rating: 1059 &rarr; <strong>1037</strong><br />(-22 for losing)
|raw|Jamstiffer's rating: 1009 &rarr; <strong>1053</strong><br />(+44 for winning)
