|j|☆tzfmndf03
|j|☆protodrake
|t:|1750838775
|gametype|doubles
|player|p1|tzfmndf03|169|1509
|player|p2|protodrake|169|1564
|teamsize|p1|6
|teamsize|p2|6
|gen|9
|tier|[Gen 9] VGC 2025 Reg I
|rated|
|rule|Species Clause: Limit one of each Pokémon
|rule|Item Clause: Limit 1 of each item
|clearpoke
|poke|p1|Muk-Alola, L50, F|
|poke|p1|Smeargle, L50, F|
|poke|p1|Ditto, L50|
|poke|p1|Calyrex-Shadow, L50|
|poke|p1|Landorus, L50, M|
|poke|p1|Miraidon, L50|
|poke|p2|Calyrex-Ice, L50|
|poke|p2|Lunala, L50|
|poke|p2|Indeedee-F, L50, F|
|poke|p2|Urshifu-*, L50, M|
|poke|p2|Ditto, L50|
|poke|p2|Ursaluna, L50, F|
|teampreview|4
|
|t:|1750838799
|start
|switch|p1a: God Call Me God|Muk-Alola, L50, F|100/100
|switch|p1b: God|Smeargle, L50, F|100/100
|switch|p2a: Calyrex|Calyrex-Ice, L50|100/100
|switch|p2b: Urshifu|Urshifu-Rapid-Strike, L50, M|100/100
|-ability|p2a: Calyrex|As One
|-ability|p2a: Calyrex|Unnerve
|turn|1
|inactive|Battle timer is ON: inactive players will automatically lose when time's up. (requested by tzfmndf03)
|
|t:|1750838821
|switch|p2a: Indeedee|Indeedee-F, L50, F|100/100
|-fieldstart|move: Psychic Terrain|[from] ability: Psychic Surge|[of] p2a: Indeedee
|-terastallize|p2b: Urshifu|Water
|move|p1b: God|Fake Out|p2b: Urshifu
|-activate|p2b: Urshifu|move: Psychic Terrain
|move|p2b: Urshifu|Surging Strikes|p1b: God
|-crit|p1b: God
|-enditem|p1b: God|Focus Sash
|-damage|p1b: God|1/100
|-crit|p1b: God
|-damage|p1b: God|0 fnt
|faint|p1b: God
|-ability|p1a: God Call Me God|Moody|[from] ability: Power of Alchemy|[of] p1b: God
|-hitcount|p1: God|2
|move|p1a: God Call Me God|Minimize|p1a: God Call Me God
|-boost|p1a: God Call Me God|evasion|2
|
|-ability|p1a: God Call Me God|Moody|boost
|-boost|p1a: God Call Me God|def|2
|-unboost|p1a: God Call Me God|spa|1
|upkeep
|
|t:|1750838837
|switch|p1b: NUCLEAR|Calyrex-Shadow, L50|100/100
|-ability|p1b: NUCLEAR|As One
|-ability|p1b: NUCLEAR|Unnerve
|turn|2
|
|t:|1750838846
|-terastallize|p1b: NUCLEAR|Grass
|move|p1b: NUCLEAR|Giga Drain|p2b: Urshifu
|-supereffective|p2b: Urshifu
|-damage|p2b: Urshifu|0 fnt
|faint|p2b: Urshifu
|-ability|p1b: NUCLEAR|Grim Neigh|boost
|-boost|p1b: NUCLEAR|spa|1
|move|p1a: God Call Me God|Minimize|p1a: God Call Me God
|-boost|p1a: God Call Me God|evasion|2
|move|p2a: Indeedee|Trick Room|p2a: Indeedee
|-fieldstart|move: Trick Room|[of] p2a: Indeedee
|
|-ability|p1a: God Call Me God|Moody|boost
|-boost|p1a: God Call Me God|spd|2
|-unboost|p1a: God Call Me God|spa|1
|upkeep
|
|t:|1750838858
|switch|p2b: Calyrex|Calyrex-Ice, L50|100/100
|-ability|p2b: Calyrex|As One
|-ability|p2b: Calyrex|Unnerve
|turn|3
|
|t:|1750838873
|move|p1b: NUCLEAR|Protect|p1b: NUCLEAR
|-singleturn|p1b: NUCLEAR|Protect
|move|p2b: Calyrex|Glacial Lance|p1b: NUCLEAR|[spread] 
|-activate|p1b: NUCLEAR|move: Protect
|-miss|p2b: Calyrex|p1a: God Call Me God
|move|p1a: God Call Me God|Minimize|p1a: God Call Me God
|-boost|p1a: God Call Me God|evasion|2
|move|p2a: Indeedee|Tera Blast|p1b: NUCLEAR
|-activate|p1b: NUCLEAR|move: Protect
|
|-ability|p1a: God Call Me God|Moody|boost
|-boost|p1a: God Call Me God|spe|2
|-unboost|p1a: God Call Me God|def|1
|upkeep
|turn|4
|
|t:|1750838890
|switch|p1b: Ditto|Ditto, L50|100/100
|-transform|p1b: Ditto|p2a: Indeedee|[from] ability: Imposter
|move|p2b: Calyrex|Glacial Lance|p1a: God Call Me God|[spread] p1a,p1b
|-damage|p1a: God Call Me God|69/100
|-damage|p1b: Ditto|31/100
|move|p2a: Indeedee|Tera Blast|p1b: Ditto
|-damage|p1b: Ditto|1/100
|move|p1a: God Call Me God|Knock Off|p2b: Calyrex
|-supereffective|p2b: Calyrex
|-damage|p2b: Calyrex|59/100
|-enditem|p2b: Calyrex|Clear Amulet|[from] move: Knock Off|[of] p1a: God Call Me God
|
|-ability|p1a: God Call Me God|Moody|boost
|-boost|p1a: God Call Me God|spe|2
|-unboost|p1a: God Call Me God|def|1
|upkeep
|turn|5
|inactive|tzfmndf03 has 30 seconds left.
|
|t:|1750838920
|move|p1a: God Call Me God|Protect|p1a: God Call Me God
|-singleturn|p1a: God Call Me God|Protect
|move|p2b: Calyrex|Curse|p2b: Calyrex
|-unboost|p2b: Calyrex|spe|1
|-boost|p2b: Calyrex|atk|1
|-boost|p2b: Calyrex|def|1
|move|p2a: Indeedee|Tera Blast|p1b: Ditto
|-damage|p1b: Ditto|0 fnt
|faint|p1b: Ditto
|
|-fieldend|move: Psychic Terrain
|-ability|p1a: God Call Me God|Moody|boost
|-boost|p1a: God Call Me God|spe|2
|-unboost|p1a: God Call Me God|spd|1
|upkeep
|
|t:|1750838930
|switch|p1b: NUCLEAR|Calyrex-Shadow, L50, tera:Grass|100/100
|-ability|p1b: NUCLEAR|As One
|-ability|p1b: NUCLEAR|Unnerve
|turn|6
|
|t:|1750838939
|move|p1b: NUCLEAR|Astral Barrage|p2a: Indeedee|[spread] p2b
|-immune|p2a: Indeedee
|-supereffective|p2b: Calyrex
|-damage|p2b: Calyrex|0 fnt
|faint|p2b: Calyrex
|-ability|p1b: NUCLEAR|Grim Neigh|boost
|-boost|p1b: NUCLEAR|spa|1
|move|p1a: God Call Me God|Poison Gas|p2a: Indeedee
|-status|p2a: Indeedee|psn
|move|p2a: Indeedee|Trick Room|p2a: Indeedee
|-fieldend|move: Trick Room
|
|-damage|p2a: Indeedee|88/100 psn|[from] psn
|-ability|p1a: God Call Me God|Moody|boost
|-boost|p1a: God Call Me God|spa|2
|-unboost|p1a: God Call Me God|def|1
|upkeep
|-message|protodrake forfeited.
|
|win|tzfmndf03
|raw|tzfmndf03's rating: 1509 &rarr; <strong>1532</strong><br />(+23 for winning)
|raw|protodrake's rating: 1564 &rarr; <strong>1541</strong><br />(-23 for losing)
|l|☆protodrake
|player|p2|
|l|☆tzfmndf03
|player|p1|
