|j|‽jeceee
|j|☆Nehehkhara666
|t:|1750844457
|gametype|doubles
|player|p1|jeceee|102|1198
|player|p2|Nehehkhara666|koga|1218
|teamsize|p1|6
|teamsize|p2|6
|gen|9
|tier|[Gen 9] VGC 2025 Reg I
|rated|
|rule|Species Clause: Limit one of each Pokémon
|rule|Item Clause: Limit 1 of each item
|clearpoke
|poke|p1|Terapagos, L50, M|
|poke|p1|Incineroar, L50, M|
|poke|p1|Rillaboom, L50, M|
|poke|p1|Urshifu-*, L50, M|
|poke|p1|Clefairy, L50, M|
|poke|p1|Calyrex-Shadow, L50|
|poke|p2|Azumarill, L50, F|
|poke|p2|Miraidon, L50|
|poke|p2|Calyrex-Ice, L50|
|poke|p2|Iron Hands, L50|
|poke|p2|Tinkaton, L50, F|
|poke|p2|Altaria, L50, F|
|teampreview|4
|inactive|Battle timer is ON: inactive players will automatically lose when time's up. (requested by jeceee)
|
|t:|1750844500
|start
|switch|p1a: Terapagos|Terapagos, L50, M|100/100
|switch|p1b: Rillaboom|Rillaboom, L50, M|100/100
|switch|p2a: Hammermädchen|Tinkaton, L50, F|100/100
|switch|p2b: Miradon|Miraidon, L50|100/100
|-activate|p1a: Terapagos|ability: Tera Shift
|detailschange|p1a: Terapagos|Terapagos-Terastal, L50, M
|-heal|p1a: Terapagos|100/100|[silent]
|-fieldstart|move: Electric Terrain|[from] ability: Hadron Engine|[of] p2b: Miradon
|-ability|p2a: Hammermädchen|Mold Breaker
|-fieldstart|move: Grassy Terrain|[from] ability: Grassy Surge|[of] p1b: Rillaboom
|turn|1
|
|t:|1750844523
|move|p2a: Hammermädchen|Fake Out|p1b: Rillaboom
|-damage|p1b: Rillaboom|92/100
|cant|p1b: Rillaboom|flinch
|move|p2b: Miradon|Volt Switch|p1a: Terapagos
|-activate|p1a: Terapagos|ability: Tera Shell
|-resisted|p1a: Terapagos
|-damage|p1a: Terapagos|79/100
|
|t:|1750844532
|switch|p2b: Eiseinhorn|Calyrex-Ice, L50|100/100|[from] Volt Switch
|-ability|p2b: Eiseinhorn|As One
|-ability|p2b: Eiseinhorn|Unnerve
|move|p1a: Terapagos|Calm Mind|p1a: Terapagos
|-boost|p1a: Terapagos|spa|1
|-boost|p1a: Terapagos|spd|1
|
|-heal|p1a: Terapagos|85/100|[from] Grassy Terrain
|-heal|p1a: Terapagos|91/100|[from] item: Leftovers
|-heal|p1b: Rillaboom|98/100|[from] Grassy Terrain
|upkeep
|turn|2
|
|t:|1750844550
|move|p1a: Terapagos|Protect|p1a: Terapagos
|-singleturn|p1a: Terapagos|Protect
|move|p2a: Hammermädchen|Knock Off|p1a: Terapagos
|-activate|p1a: Terapagos|move: Protect
|move|p1b: Rillaboom|U-turn|p2b: Eiseinhorn
|-supereffective|p2b: Eiseinhorn
|-damage|p2b: Eiseinhorn|74/100
|
|t:|1750844559
|switch|p1b: Incineroar|Incineroar, L50, M|100/100|[from] U-turn
|-ability|p1b: Incineroar|Intimidate|boost
|-unboost|p2a: Hammermädchen|atk|1
|-unboost|p2b: Eiseinhorn|atk|1
|move|p2b: Eiseinhorn|Glacial Lance|p1a: Terapagos|[spread] p1b
|-activate|p1a: Terapagos|move: Protect
|-resisted|p1b: Incineroar
|-damage|p1b: Incineroar|88/100
|
|-heal|p1a: Terapagos|97/100|[from] Grassy Terrain
|-heal|p1a: Terapagos|100/100|[from] item: Leftovers
|-heal|p1b: Incineroar|94/100|[from] Grassy Terrain
|-heal|p2b: Eiseinhorn|80/100|[from] Grassy Terrain
|upkeep
|turn|3
|
|t:|1750844577
|switch|p2b: Kuddliges Ü-Ei|Azumarill, L50, F|100/100
|move|p2a: Hammermädchen|Knock Off|p1a: Terapagos
|-damage|p1a: Terapagos|91/100
|-enditem|p1a: Terapagos|Leftovers|[from] move: Knock Off|[of] p2a: Hammermädchen
|move|p1a: Terapagos|Calm Mind|p1a: Terapagos
|-boost|p1a: Terapagos|spa|1
|-boost|p1a: Terapagos|spd|1
|move|p1b: Incineroar|Will-O-Wisp|p2b: Kuddliges Ü-Ei
|-status|p2b: Kuddliges Ü-Ei|brn
|
|-heal|p1a: Terapagos|97/100|[from] Grassy Terrain
|-heal|p1b: Incineroar|99/100|[from] Grassy Terrain
|-damage|p2b: Kuddliges Ü-Ei|95/100 brn|[from] brn
|upkeep
|turn|4
|
|t:|1750844599
|switch|p2a: Miradon|Miraidon, L50|100/100
|-fieldstart|move: Electric Terrain|[from] ability: Hadron Engine|[of] p2a: Miradon
|move|p1a: Terapagos|Protect|p1a: Terapagos
|-singleturn|p1a: Terapagos|Protect
|move|p1b: Incineroar|Will-O-Wisp|p2a: Miradon|[miss]
|-miss|p1b: Incineroar|p2a: Miradon
|move|p2b: Kuddliges Ü-Ei|Belly Drum|p2b: Kuddliges Ü-Ei
|-damage|p2b: Kuddliges Ü-Ei|45/100 brn
|-setboost|p2b: Kuddliges Ü-Ei|atk|6|[from] move: Belly Drum
|-enditem|p2b: Kuddliges Ü-Ei|Sitrus Berry|[eat]
|-heal|p2b: Kuddliges Ü-Ei|69/100 brn|[from] item: Sitrus Berry
|
|-damage|p2b: Kuddliges Ü-Ei|63/100 brn|[from] brn
|upkeep
|turn|5
|
|t:|1750844623
|switch|p1b: Rillaboom|Rillaboom, L50, M|98/100
|-fieldstart|move: Grassy Terrain|[from] ability: Grassy Surge|[of] p1b: Rillaboom
|-terastallize|p1a: Terapagos|Stellar
|detailschange|p1a: Terapagos|Terapagos-Stellar, L50, M, tera:Stellar
|-heal|p1a: Terapagos|98/100|[silent]
|-ability|p1a: Terapagos|Teraform Zero
|-fieldend|move: Grassy Terrain
|move|p2a: Miradon|Electro Drift|p1a: Terapagos
|-damage|p1a: Terapagos|75/100
|move|p1a: Terapagos|Tera Starstorm|p2b: Kuddliges Ü-Ei|[spread] p2a,p2b
|-damage|p2a: Miradon|32/100
|-damage|p2b: Kuddliges Ü-Ei|0 fnt
|faint|p2b: Kuddliges Ü-Ei
|
|upkeep
|-message|Nehehkhara666 forfeited.
|
|win|jeceee
|raw|jeceee's rating: 1198 &rarr; <strong>1224</strong><br />(+26 for winning)
|raw|Nehehkhara666's rating: 1218 &rarr; <strong>1192</strong><br />(-26 for losing)
|l|☆Nehehkhara666
|player|p2|
|l|‽jeceee
|player|p1|
