|j|☆drakkulll
|j|☆SRP4K
|t:|1750856637
|gametype|doubles
|player|p1|drakkulll|giovanni|1234
|player|p2|SRP4K|lucas|1208
|teamsize|p1|6
|teamsize|p2|6
|gen|9
|tier|[Gen 9] VGC 2025 Reg I
|rated|
|rule|Species Clause: Limit one of each Pokémon
|rule|Item Clause: Limit 1 of each item
|clearpoke
|poke|p1|Mightyena, L50, M|
|poke|p1|Lunala, L50|
|poke|p1|Raging Bolt, L50|
|poke|p1|Kyogre, L50|
|poke|p1|Rillaboom, L50, F|
|poke|p1|Ursaluna-Bloodmoon, L50, M|
|poke|p2|Miraidon, L50|
|poke|p2|Incineroar, L50, M|
|poke|p2|Ogerpon-Wellspring, L50, F|
|poke|p2|Calyrex-Shadow, L50|
|poke|p2|Tatsugiri, L50, F|
|poke|p2|Dondozo, L50, F|
|teampreview|4
|inactive|Battle timer is ON: inactive players will automatically lose when time's up. (requested by SRP4K)
|inactive|drakkulll has 60 seconds left.
|
|t:|1750856669
|start
|switch|p1a: Jesus|Lunala, L50|100/100
|switch|p1b: Cthulu|Mightyena, L50, M|100/100
|switch|p2a: Ogerpon|Ogerpon-Wellspring, L50, F|100/100
|switch|p2b: Miraidon|Miraidon, L50|100/100
|-fieldstart|move: Electric Terrain|[from] ability: Hadron Engine|[of] p2b: Miraidon
|-ability|p1b: Cthulu|Intimidate|boost
|-unboost|p2a: Ogerpon|atk|1
|-unboost|p2b: Miraidon|atk|1
|turn|1
|inactive|SRP4K has 30 seconds left.
|inactive|SRP4K has 20 seconds left.
|
|t:|1750856704
|move|p2a: Ogerpon|Follow Me|p2a: Ogerpon
|-singleturn|p2a: Ogerpon|move: Follow Me
|move|p2b: Miraidon|Electro Drift|p1a: Jesus
|-damage|p1a: Jesus|63/100
|move|p1b: Cthulu|Super Fang|p2a: Ogerpon
|-damage|p2a: Ogerpon|50/100
|move|p1a: Jesus|Trick Room|p1a: Jesus
|-fieldstart|move: Trick Room|[of] p1a: Jesus
|
|upkeep
|turn|2
|inactive|SRP4K has 30 seconds left.
|
|t:|1750856732
|switch|p1a: Hemos|Ursaluna-Bloodmoon, L50, M|100/100
|-terastallize|p2b: Miraidon|Electric
|move|p2a: Ogerpon|Follow Me|p2a: Ogerpon
|-singleturn|p2a: Ogerpon|move: Follow Me
|move|p1b: Cthulu|Super Fang|p2a: Ogerpon
|-damage|p2a: Ogerpon|25/100
|move|p2b: Miraidon|Volt Switch|p1a: Hemos
|-immune|p1a: Hemos
|
|upkeep
|turn|3
|
|t:|1750856749
|move|p1a: Hemos|Protect|p1a: Hemos
|-singleturn|p1a: Hemos|Protect
|move|p2a: Ogerpon|Spiky Shield|p2a: Ogerpon
|-singleturn|p2a: Ogerpon|move: Protect
|move|p1b: Cthulu|Foul Play|p2a: Ogerpon
|-activate|p2a: Ogerpon|move: Protect
|-damage|p1b: Cthulu|88/100|[from] Spiky Shield|[of] p2a: Ogerpon
|move|p2b: Miraidon|Volt Switch|p1b: Cthulu
|-damage|p1b: Cthulu|0 fnt
|faint|p1b: Cthulu
|
|t:|1750856763
|switch|p2b: Incineroar|Incineroar, L50, M|100/100|[from] Volt Switch
|-ability|p2b: Incineroar|Intimidate|boost
|-unboost|p1a: Hemos|atk|1
|
|upkeep
|
|t:|1750856768
|switch|p1b: Than|Kyogre, L50|100/100
|-weather|RainDance|[from] ability: Drizzle|[of] p1b: Than
|turn|4
|
|t:|1750856788
|move|p2b: Incineroar|Fake Out|p1b: Than
|-damage|p1b: Than|91/100
|move|p1a: Hemos|Hyper Voice|p2a: Ogerpon|[spread] p2a,p2b
|-damage|p2a: Ogerpon|0 fnt
|-damage|p2b: Incineroar|53/100
|faint|p2a: Ogerpon
|-damage|p1a: Hemos|91/100|[from] item: Life Orb
|cant|p1b: Than|flinch
|
|-weather|RainDance|[upkeep]
|upkeep
|
|t:|1750856800
|switch|p2a: Calyrex|Calyrex-Shadow, L50|100/100
|-ability|p2a: Calyrex|As One
|-ability|p2a: Calyrex|Unnerve
|turn|5
|inactive|SRP4K has 30 seconds left.
|
|t:|1750856829
|move|p1a: Hemos|Blood Moon|p2a: Calyrex
|-enditem|p2a: Calyrex|Focus Sash
|-damage|p2a: Calyrex|1/100
|-damage|p1a: Hemos|81/100|[from] item: Life Orb
|move|p2b: Incineroar|Parting Shot|p1b: Than
|-unboost|p1b: Than|atk|1
|-unboost|p1b: Than|spa|1
|
|t:|1750856839
|switch|p2b: Miraidon|Miraidon, L50, tera:Electric|100/100|[from] Parting Shot
|-activate|p2b: Miraidon|ability: Hadron Engine
|move|p1b: Than|Water Spout|p2b: Miraidon|[spread] p2a,p2b
|-damage|p2a: Calyrex|0 fnt
|-damage|p2b: Miraidon|61/100
|faint|p2a: Calyrex
|
|-weather|RainDance|[upkeep]
|-fieldend|move: Trick Room
|-fieldend|move: Electric Terrain
|upkeep
|
|t:|1750856842
|switch|p2a: Incineroar|Incineroar, L50, M|53/100
|-ability|p2a: Incineroar|Intimidate|boost
|-unboost|p1a: Hemos|atk|1
|-unboost|p1b: Than|atk|1
|turn|6
|inactive|drakkulll has 30 seconds left.
|
|t:|1750856872
|switch|p1b: Jesus|Lunala, L50|63/100
|move|p2a: Incineroar|Fake Out|p1a: Hemos
|-damage|p1a: Hemos|72/100
|move|p2b: Miraidon|Electro Drift|p1b: Jesus
|-damage|p1b: Jesus|11/100
|cant|p1a: Hemos|flinch
|
|-weather|RainDance|[upkeep]
|upkeep
|turn|7
|
|t:|1750856889
|move|p2a: Incineroar|Fake Out||[still]
|-hint|Fake Out only works on your first turn out.
|-fail|p2a: Incineroar
|move|p2b: Miraidon|Snarl|p1a: Hemos|[spread] p1a,p1b
|-supereffective|p1b: Jesus
|-damage|p1a: Hemos|55/100
|-damage|p1b: Jesus|0 fnt
|-unboost|p1a: Hemos|spa|1
|faint|p1b: Jesus
|move|p1a: Hemos|Earth Power|p2b: Miraidon
|-supereffective|p2b: Miraidon
|-damage|p2b: Miraidon|15/100
|-damage|p1a: Hemos|45/100|[from] item: Life Orb
|
|-weather|RainDance|[upkeep]
|upkeep
|
|t:|1750856904
|switch|p1b: Than|Kyogre, L50|91/100
|turn|8
|
|t:|1750856924
|-terastallize|p1b: Than|Grass
|move|p2b: Miraidon|Electro Drift|p1b: Than
|-resisted|p1b: Than
|-damage|p1b: Than|63/100
|move|p1b: Than|Water Spout|p2b: Miraidon|[spread] p2a,p2b
|-supereffective|p2a: Incineroar
|-damage|p2a: Incineroar|0 fnt
|-damage|p2b: Miraidon|0 fnt
|faint|p2a: Incineroar
|faint|p2b: Miraidon
|
|win|drakkulll
|raw|drakkulll's rating: 1234 &rarr; <strong>1257</strong><br />(+23 for winning)
|raw|SRP4K's rating: 1208 &rarr; <strong>1185</strong><br />(-23 for losing)
|l|☆SRP4K
|player|p2|
|l|☆drakkulll
|player|p1|
|j|☆drakkulll
|player|p1|drakkulll|giovanni|
|l|☆drakkulll
|player|p1|
