|j|☆TalonLameN64
|j|☆SpinnerVGC
|t:|1750712476
|gametype|doubles
|player|p1|TalonLameN64|169|1202
|player|p2|SpinnerVGC|benga|1293
|teamsize|p1|6
|teamsize|p2|6
|gen|9
|tier|[Gen 9] VGC 2025 Reg I
|rated|
|rule|Species Clause: Limit one of each Pokémon
|rule|Item Clause: Limit 1 of each item
|clearpoke
|poke|p1|Incineroar, L50, M|
|poke|p1|Koraidon, L50|
|poke|p1|Zamazenta-*, L50|
|poke|p1|Landorus, L50, M|
|poke|p1|Urshifu-*, L50, F|
|poke|p1|Rillaboom, L50, M|
|poke|p2|Calyrex-Ice, L50|
|poke|p2|Mewtwo, L50|
|poke|p2|Indeedee-F, L50, F|
|poke|p2|Incineroar, L50, F|
|poke|p2|Urshifu-*, L50, F|
|poke|p2|Ogerpon-Cornerstone, L50, F|
|teampreview|4
|inactive|Battle timer is ON: inactive players will automatically lose when time's up. (requested by SpinnerVGC)
SpinnerVGC rejected open team sheets.
|
|t:|1750712502
|start
|switch|p1a: Incineroar|Incineroar, L50, M|100/100
|switch|p1b: Rillaboom|Rillaboom, L50, M|100/100
|switch|p2a: Mewtwo|Mewtwo, L50, shiny|100/100
|switch|p2b: Incineroar|Incineroar, L50, F, shiny|100/100
|-ability|p2a: Mewtwo|Pressure
|-fieldstart|move: Grassy Terrain|[from] ability: Grassy Surge|[of] p1b: Rillaboom
|-ability|p1a: Incineroar|Intimidate|boost
|-unboost|p2a: Mewtwo|atk|1
|-unboost|p2b: Incineroar|atk|1
|-ability|p2b: Incineroar|Intimidate|boost
|-unboost|p1a: Incineroar|atk|1
|-unboost|p1b: Rillaboom|atk|1
|turn|1
|
|t:|1750712518
|move|p2a: Mewtwo|Protect|p2a: Mewtwo
|-singleturn|p2a: Mewtwo|Protect
|move|p1b: Rillaboom|Fake Out|p2b: Incineroar
|-damage|p2b: Incineroar|94/100
|-damage|p1b: Rillaboom|84/100|[from] item: Rocky Helmet|[of] p2b: Incineroar
|move|p1a: Incineroar|Knock Off|p2a: Mewtwo
|-activate|p2a: Mewtwo|move: Protect
|cant|p2b: Incineroar|flinch
|
|-heal|p1b: Rillaboom|90/100|[from] Grassy Terrain
|-heal|p2b: Incineroar|99/100|[from] Grassy Terrain
|upkeep
|turn|2
|inactive|TalonLameN64 has 30 seconds left.
|
|t:|1750712545
|switch|p2b: Indeedee|Indeedee-F, L50, F|100/100
|-fieldstart|move: Psychic Terrain|[from] ability: Psychic Surge|[of] p2b: Indeedee
|move|p2a: Mewtwo|Psystrike|p1b: Rillaboom
|-damage|p1b: Rillaboom|4/100
|move|p1b: Rillaboom|U-turn|p2b: Indeedee
|-supereffective|p2b: Indeedee
|-damage|p2b: Indeedee|67/100
|
|t:|1750712554
|switch|p1b: Koraidon|Koraidon, L50|100/100|[from] U-turn
|-weather|SunnyDay|[from] ability: Orichalcum Pulse|[of] p1b: Koraidon
|-activate|p1b: Koraidon|Orichalcum Pulse|[source]
|move|p1a: Incineroar|Knock Off|p2a: Mewtwo
|-supereffective|p2a: Mewtwo
|-damage|p2a: Mewtwo|24/100
|-enditem|p2a: Mewtwo|Focus Sash|[from] move: Knock Off|[of] p1a: Incineroar
|
|-weather|SunnyDay|[upkeep]
|upkeep
|turn|3
|
|t:|1750712575
|-terastallize|p1b: Koraidon|Fire
|move|p2a: Mewtwo|Protect|p2a: Mewtwo
|-singleturn|p2a: Mewtwo|Protect
|move|p1b: Koraidon|U-turn|p2a: Mewtwo
|-activate|p2a: Mewtwo|move: Protect
|move|p1a: Incineroar|U-turn|p2b: Indeedee
|-supereffective|p2b: Indeedee
|-damage|p2b: Indeedee|32/100
|
|t:|1750712578
|switch|p1a: Rillaboom|Rillaboom, L50, M|4/100|[from] U-turn
|-fieldstart|move: Grassy Terrain|[from] ability: Grassy Surge|[of] p1a: Rillaboom
|move|p2b: Indeedee|Trick Room|p2b: Indeedee
|-fieldstart|move: Trick Room|[of] p2b: Indeedee
|
|-weather|SunnyDay|[upkeep]
|-heal|p2b: Indeedee|38/100|[from] Grassy Terrain
|-heal|p1a: Rillaboom|10/100|[from] Grassy Terrain
|-heal|p2a: Mewtwo|30/100|[from] Grassy Terrain
|upkeep
|turn|4
|
|t:|1750712598
|move|p1a: Rillaboom|Fake Out|p2a: Mewtwo
|-damage|p2a: Mewtwo|13/100
|move|p2b: Indeedee|Follow Me|p2b: Indeedee
|-singleturn|p2b: Indeedee|move: Follow Me
|cant|p2a: Mewtwo|flinch
|move|p1b: Koraidon|U-turn|p2b: Indeedee
|-supereffective|p2b: Indeedee
|-damage|p2b: Indeedee|0 fnt
|faint|p2b: Indeedee
|-damage|p1b: Koraidon|91/100|[from] item: Life Orb
|
|t:|1750712607
|switch|p1b: Incineroar|Incineroar, L50, M|100/100|[from] U-turn
|-ability|p1b: Incineroar|Intimidate|boost
|-unboost|p2a: Mewtwo|atk|1
|
|-weather|SunnyDay|[upkeep]
|-heal|p1a: Rillaboom|15/100|[from] Grassy Terrain
|-heal|p2a: Mewtwo|19/100|[from] Grassy Terrain
|upkeep
|
|t:|1750712610
|switch|p2b: Calyrex|Calyrex-Ice, L50|100/100
|-ability|p2b: Calyrex|As One
|-ability|p2b: Calyrex|Unnerve
|turn|5
|
|t:|1750712621
|move|p2b: Calyrex|Protect|p2b: Calyrex
|-singleturn|p2b: Calyrex|Protect
|move|p2a: Mewtwo|Protect|p2a: Mewtwo
|-singleturn|p2a: Mewtwo|Protect
|move|p1a: Rillaboom|Grassy Glide|p2a: Mewtwo
|-activate|p2a: Mewtwo|move: Protect
|move|p1b: Incineroar|Knock Off|p2b: Calyrex
|-activate|p2b: Calyrex|move: Protect
|
|-weather|SunnyDay|[upkeep]
|-heal|p1a: Rillaboom|21/100|[from] Grassy Terrain
|-heal|p2a: Mewtwo|25/100|[from] Grassy Terrain
|upkeep
|turn|6
|
|t:|1750712630
|switch|p2a: Incineroar|Incineroar, L50, F, shiny|99/100
|-ability|p2a: Incineroar|Intimidate|boost
|-unboost|p1a: Rillaboom|atk|1
|-unboost|p1b: Incineroar|atk|1
|-terastallize|p2b: Calyrex|Ice
|move|p1a: Rillaboom|Grassy Glide|p2a: Incineroar
|-resisted|p2a: Incineroar
|-damage|p2a: Incineroar|91/100
|-damage|p1a: Rillaboom|4/100|[from] item: Rocky Helmet|[of] p2a: Incineroar
|move|p2b: Calyrex|Glacial Lance|p1b: Incineroar|[spread] p1a,p1b
|-supereffective|p1a: Rillaboom
|-crit|p1a: Rillaboom
|-resisted|p1b: Incineroar
|-damage|p1a: Rillaboom|0 fnt
|-damage|p1b: Incineroar|49/100
|faint|p1a: Rillaboom
|-ability|p2b: Calyrex|Chilling Neigh|boost
|-boost|p2b: Calyrex|atk|1
|-damage|p2b: Calyrex|91/100|[from] item: Life Orb
|move|p1b: Incineroar|Knock Off|p2b: Calyrex
|-damage|p2b: Calyrex|70/100
|-enditem|p2b: Calyrex|Life Orb|[from] move: Knock Off|[of] p1b: Incineroar
|
|-weather|none
|-heal|p2b: Calyrex|76/100|[from] Grassy Terrain
|-heal|p2a: Incineroar|97/100|[from] Grassy Terrain
|-heal|p1b: Incineroar|55/100|[from] Grassy Terrain
|upkeep
|
|t:|1750712652
|switch|p1a: Koraidon|Koraidon, L50, tera:Fire|91/100
|-weather|SunnyDay|[from] ability: Orichalcum Pulse|[of] p1a: Koraidon
|-activate|p1a: Koraidon|Orichalcum Pulse|[source]
|turn|7
|
|t:|1750712667
|move|p1a: Koraidon|Protect|p1a: Koraidon
|-singleturn|p1a: Koraidon|Protect
|move|p2a: Incineroar|Fake Out|p1b: Incineroar
|-damage|p1b: Incineroar|44/100
|move|p2b: Calyrex|High Horsepower|p1a: Koraidon
|-activate|p1a: Koraidon|move: Protect
|cant|p1b: Incineroar|flinch
|
|-weather|SunnyDay|[upkeep]
|-heal|p2b: Calyrex|82/100|[from] Grassy Terrain
|-heal|p2a: Incineroar|100/100|[from] Grassy Terrain
|-heal|p1b: Incineroar|50/100|[from] Grassy Terrain
|-heal|p1a: Koraidon|96/100|[from] Grassy Terrain
|-fieldend|move: Trick Room
|-fieldend|move: Grassy Terrain
|upkeep
|turn|8
|
|t:|1750712685
|move|p2b: Calyrex|Protect|p2b: Calyrex
|-singleturn|p2b: Calyrex|Protect
|move|p1a: Koraidon|Close Combat|p2a: Incineroar
|-supereffective|p2a: Incineroar
|-damage|p2a: Incineroar|0 fnt
|-unboost|p1a: Koraidon|def|1
|-unboost|p1a: Koraidon|spd|1
|-damage|p1a: Koraidon|80/100|[from] item: Rocky Helmet|[of] p2a: Incineroar
|faint|p2a: Incineroar
|-damage|p1a: Koraidon|70/100|[from] item: Life Orb
|move|p1b: Incineroar|Flare Blitz|p2b: Calyrex
|-activate|p2b: Calyrex|move: Protect
|
|-weather|SunnyDay|[upkeep]
|upkeep
|
|t:|1750712690
|switch|p2a: Mewtwo|Mewtwo, L50, shiny|25/100
|-ability|p2a: Mewtwo|Pressure
|turn|9
|
|t:|1750712704
|move|p1a: Koraidon|Flare Blitz|p2b: Calyrex
|-supereffective|p2b: Calyrex
|-damage|p2b: Calyrex|0 fnt
|faint|p2b: Calyrex
|-damage|p1a: Koraidon|39/100|[from] Recoil
|-damage|p1a: Koraidon|29/100|[from] item: Life Orb
|move|p2a: Mewtwo|Psystrike|p1a: Koraidon
|-damage|p1a: Koraidon|0 fnt
|faint|p1a: Koraidon
|move|p1b: Incineroar|Knock Off|p2a: Mewtwo
|-supereffective|p2a: Mewtwo
|-damage|p2a: Mewtwo|0 fnt
|faint|p2a: Mewtwo
|
|win|TalonLameN64
|raw|TalonLameN64's rating: 1202 &rarr; <strong>1233</strong><br />(+31 for winning)
|raw|SpinnerVGC's rating: 1293 &rarr; <strong>1262</strong><br />(-31 for losing)
