|j|☆Alexfind
|j|☆solvingdragon52
|t:|1750721026
|gametype|doubles
|player|p1|Alexfind|2|1372
|player|p2|solvingdragon52|266|1425
|teamsize|p1|6
|teamsize|p2|6
|gen|9
|tier|[Gen 9] VGC 2025 Reg I
|rated|
|rule|Species Clause: Limit one of each Pokémon
|rule|Item Clause: Limit 1 of each item
|clearpoke
|poke|p1|Stonjourner, L50, M|
|poke|p1|Calyrex-Ice, L50|
|poke|p1|Koraidon, L50|
|poke|p1|Raichu, L50, F|
|poke|p1|Walking Wake, L50|
|poke|p1|Brute Bonnet, L50|
|poke|p2|Miraidon, L50|
|poke|p2|Calyrex-Ice, L50|
|poke|p2|Whimsicott, L50, F|
|poke|p2|Urshifu-*, L50, M|
|poke|p2|Farigiraf, L50, M|
|poke|p2|Incineroar, L50, M|
|teampreview|4
|inactive|Battle timer is ON: inactive players will automatically lose when time's up. (requested by Alexfind)
|inactive|solvingdragon52 has 60 seconds left.
|
|t:|1750721081
|start
|switch|p1a: Raichu|Raichu, L50, F|100/100
|switch|p1b: Calyrex|Calyrex-Ice, L50|100/100
|switch|p2a: Incineroar|Incineroar, L50, M|100/100
|switch|p2b: Miraidon|Miraidon, L50|100/100
|-ability|p1b: Calyrex|As One
|-ability|p1b: Calyrex|Unnerve
|-fieldstart|move: Electric Terrain|[from] ability: Hadron Engine|[of] p2b: Miraidon
|-ability|p2a: Incineroar|Intimidate|boost
|-unboost|p1a: Raichu|atk|1
|-unboost|p1b: Calyrex|atk|1
|turn|1
|inactive|solvingdragon52 has 30 seconds left.
|
|t:|1750721114
|switch|p2b: Farigiraf|Farigiraf, L50, M|100/100
|-enditem|p2b: Farigiraf|Electric Seed
|-boost|p2b: Farigiraf|def|1|[from] item: Electric Seed
|move|p1b: Calyrex|Protect|p1b: Calyrex
|-singleturn|p1b: Calyrex|Protect
|move|p1a: Raichu|Volt Switch|p2a: Incineroar
|-damage|p2a: Incineroar|85/100
|
|t:|1750721126
|switch|p1a: Koraidon|Koraidon, L50|100/100|[from] Volt Switch
|-weather|SunnyDay|[from] ability: Orichalcum Pulse|[of] p1a: Koraidon
|-activate|p1a: Koraidon|Orichalcum Pulse|[source]
|move|p2a: Incineroar|U-turn|p1b: Calyrex
|-activate|p1b: Calyrex|move: Protect
|
|-weather|SunnyDay|[upkeep]
|upkeep
|turn|2
|inactive|solvingdragon52 has 30 seconds left.
|
|t:|1750721153
|switch|p1b: Stonjourner|Stonjourner, L50, M|100/100
|move|p1a: Koraidon|Collision Course|p2a: Incineroar
|-supereffective|p2a: Incineroar
|-damage|p2a: Incineroar|0 fnt
|faint|p2a: Incineroar
|move|p2b: Farigiraf|Trick Room|p2b: Farigiraf
|-fieldstart|move: Trick Room|[of] p2b: Farigiraf
|
|-weather|SunnyDay|[upkeep]
|upkeep
|
|t:|1750721163
|switch|p2a: Calyrex|Calyrex-Ice, L50|100/100
|-ability|p2a: Calyrex|As One
|-ability|p2a: Calyrex|Unnerve
|turn|3
|
|t:|1750721185
|-terastallize|p2a: Calyrex|Fire
|move|p2b: Farigiraf|Helping Hand|p2a: Calyrex
|-singleturn|p2a: Calyrex|Helping Hand|[of] p2b: Farigiraf
|move|p1b: Stonjourner|Wide Guard|p1b: Stonjourner
|-singleturn|p1b: Stonjourner|Wide Guard
|move|p2a: Calyrex|High Horsepower|p1b: Stonjourner
|-supereffective|p1b: Stonjourner
|-damage|p1b: Stonjourner|25/100
|move|p1a: Koraidon|Collision Course|p2a: Calyrex
|-damage|p2a: Calyrex|38/100
|
|-weather|SunnyDay|[upkeep]
|upkeep
|turn|4
|inactive|Alexfind has 30 seconds left.
|inactive|Alexfind has 20 seconds left.
|inactive|Alexfind has 15 seconds left.
|
|t:|1750721226
|move|p2a: Calyrex|Protect|p2a: Calyrex
|-singleturn|p2a: Calyrex|Protect
|move|p1b: Stonjourner|Wide Guard|p1b: Stonjourner
|-singleturn|p1b: Stonjourner|Wide Guard
|move|p2b: Farigiraf|Foul Play|p1b: Stonjourner
|-damage|p1b: Stonjourner|10/100
|move|p1a: Koraidon|Flare Blitz|p2b: Farigiraf
|-damage|p2b: Farigiraf|21/100
|-damage|p1a: Koraidon|71/100|[from] Recoil
|
|-weather|SunnyDay|[upkeep]
|upkeep
|turn|5
|
|t:|1750721243
|move|p2b: Farigiraf|Helping Hand|p2a: Calyrex
|-singleturn|p2a: Calyrex|Helping Hand|[of] p2b: Farigiraf
|move|p1b: Stonjourner|Wide Guard|p1b: Stonjourner
|-singleturn|p1b: Stonjourner|Wide Guard
|move|p2a: Calyrex|High Horsepower|p1a: Koraidon
|-damage|p1a: Koraidon|20/100
|move|p1a: Koraidon|Collision Course|p2a: Calyrex
|-damage|p2a: Calyrex|0 fnt
|faint|p2a: Calyrex
|
|-weather|none
|-fieldend|move: Electric Terrain
|upkeep
|
|t:|1750721251
|switch|p2a: Miraidon|Miraidon, L50|100/100
|-fieldstart|move: Electric Terrain|[from] ability: Hadron Engine|[of] p2a: Miraidon
|turn|6
|inactive|Alexfind has 30 seconds left.
|inactive|solvingdragon52 has 30 seconds left.
|
|t:|1750721285
|-terastallize|p1a: Koraidon|Fire
|move|p2b: Farigiraf|Foul Play|p1b: Stonjourner
|-crit|p1b: Stonjourner
|-damage|p1b: Stonjourner|0 fnt
|faint|p1b: Stonjourner
|move|p1a: Koraidon|Flare Blitz|p2a: Miraidon
|-resisted|p2a: Miraidon
|-damage|p2a: Miraidon|65/100
|-damage|p1a: Koraidon|10/100|[from] Recoil
|move|p2a: Miraidon|Dazzling Gleam|p1a: Koraidon
|-resisted|p1a: Koraidon
|-damage|p1a: Koraidon|0 fnt
|faint|p1a: Koraidon
|
|-fieldend|move: Trick Room
|upkeep
|
|t:|1750721299
|switch|p1a: Calyrex|Calyrex-Ice, L50|100/100
|switch|p1b: Raichu|Raichu, L50, F|100/100
|-ability|p1a: Calyrex|As One
|-ability|p1a: Calyrex|Unnerve
|turn|7
|
|t:|1750721309
|move|p2b: Farigiraf|Helping Hand|p2a: Miraidon
|-singleturn|p2a: Miraidon|Helping Hand|[of] p2b: Farigiraf
|move|p2a: Miraidon|Dazzling Gleam|p1a: Calyrex|[spread] p1a,p1b
|-damage|p1a: Calyrex|57/100
|-damage|p1b: Raichu|36/100
|move|p1b: Raichu|Volt Switch|p2b: Farigiraf
|-crit|p2b: Farigiraf
|-damage|p2b: Farigiraf|0 fnt
|faint|p2b: Farigiraf
|move|p1a: Calyrex|Glacial Lance|p2a: Miraidon
|-supereffective|p2a: Miraidon
|-damage|p2a: Miraidon|0 fnt
|faint|p2a: Miraidon
|
|win|Alexfind
|raw|Alexfind's rating: 1372 &rarr; <strong>1395</strong><br />(+23 for winning)
|raw|solvingdragon52's rating: 1425 &rarr; <strong>1402</strong><br />(-23 for losing)
|l|☆solvingdragon52
|player|p2|
|l|☆Alexfind
|player|p1|
