|j|☆Rikje3
|j|☆Nydira
|t:|1750855720
|gametype|doubles
|player|p1|Rikje3|roxie|1403
|player|p2|Nydira|fisher-gen8|1504
|teamsize|p1|6
|teamsize|p2|6
|gen|9
|tier|[Gen 9] VGC 2025 Reg I
|rated|
|rule|Species Clause: Limit one of each Pokémon
|rule|Item Clause: Limit 1 of each item
|clearpoke
|poke|p1|Kyogre, L50|
|poke|p1|Talonflame, L50, M|
|poke|p1|Groudon, L50|
|poke|p1|Charizard, L50, F|
|poke|p1|Raging Bolt, L50|
|poke|p1|Iron Treads, L50|
|poke|p2|Koraidon, L50|
|poke|p2|Incineroar, L50, F|
|poke|p2|Scovillain, L50, M|
|poke|p2|Lunala, L50|
|poke|p2|Ursaluna, L50, M|
|poke|p2|Indeedee-F, L50, F|
|teampreview|4
|inactive|Battle timer is ON: inactive players will automatically lose when time's up. (requested by Nydira)
|inactive|Rikje3 also wants the timer to be on.
|inactive|Rikje3 has 60 seconds left.
|inactive|Nydira has 60 seconds left.
|inactive|Nydira has 30 seconds left.
|inactive|Nydira has 20 seconds left.
|inactive|Nydira has 15 seconds left.
|
|t:|1750855796
|start
|switch|p1a: Talonflame|Talonflame, L50, M|100/100
|switch|p1b: Groudon|Groudon, L50|100/100
|switch|p2a: Koraidon|Koraidon, L50|100/100
|switch|p2b: Lunala|Lunala, L50|100/100
|-weather|SunnyDay|[from] ability: Orichalcum Pulse|[of] p2a: Koraidon
|-activate|p2a: Koraidon|Orichalcum Pulse|[source]
|turn|1
|inactive|Rikje3 has 30 seconds left.
|
|t:|1750855823
|switch|p2a: Ursaluna|Ursaluna, L50, M|100/100
|move|p1a: Talonflame|Hurricane|p2a: Ursaluna
|-damage|p2a: Ursaluna|54/100
|move|p1b: Groudon|Precipice Blades|p2b: Lunala|[spread] p2b
|-miss|p1b: Groudon|p2a: Ursaluna
|-damage|p2b: Lunala|79/100
|move|p2b: Lunala|Trick Room|p2b: Lunala
|-fieldstart|move: Trick Room|[of] p2b: Lunala
|
|-weather|SunnyDay|[upkeep]
|-heal|p2b: Lunala|85/100|[from] item: Leftovers
|-status|p2a: Ursaluna|brn|[from] item: Flame Orb
|upkeep
|turn|2
|inactive|Nydira has 30 seconds left.
|
|t:|1750855855
|move|p2b: Lunala|Wide Guard|p2b: Lunala
|-singleturn|p2b: Lunala|Wide Guard
|move|p1a: Talonflame|Hurricane|p2a: Ursaluna|[miss]
|-miss|p1a: Talonflame|p2a: Ursaluna
|move|p2a: Ursaluna|Earthquake|p1a: Talonflame|[spread] p1b
|-activate|p2b: Lunala|move: Wide Guard
|-immune|p1a: Talonflame
|-damage|p1b: Groudon|51/100
|move|p1b: Groudon|Crunch|p2b: Lunala
|-supereffective|p2b: Lunala
|-damage|p2b: Lunala|0 fnt
|faint|p2b: Lunala
|
|-weather|SunnyDay|[upkeep]
|-damage|p2a: Ursaluna|48/100 brn|[from] brn
|upkeep
|
|t:|1750855872
|switch|p2b: Indeedee|Indeedee-F, L50, F|100/100
|-fieldstart|move: Psychic Terrain|[from] ability: Psychic Surge|[of] p2b: Indeedee
|-enditem|p2b: Indeedee|Psychic Seed
|-boost|p2b: Indeedee|spd|1|[from] item: Psychic Seed
|turn|3
|
|t:|1750855895
|switch|p1a: Charizard|Charizard, L50, F|100/100
|move|p2a: Ursaluna|Facade|p1b: Groudon
|-damage|p1b: Groudon|0 fnt
|faint|p1b: Groudon
|move|p2b: Indeedee|Psychic|p1a: Charizard
|-damage|p1a: Charizard|48/100
|-unboost|p1a: Charizard|spd|1
|
|-weather|SunnyDay|[upkeep]
|-damage|p1a: Charizard|36/100|[from] ability: Solar Power|[of] p1a: Charizard
|-damage|p2a: Ursaluna|43/100 brn|[from] brn
|upkeep
|
|t:|1750855914
|switch|p1b: Talonflame|Talonflame, L50, M|100/100
|turn|4
|inactive|Nydira has 30 seconds left.
|
|t:|1750855941
|move|p1b: Talonflame|Hurricane|p2a: Ursaluna
|-activate|p2a: Ursaluna|move: Psychic Terrain
|move|p2a: Ursaluna|Facade|p1a: Charizard
|-damage|p1a: Charizard|0 fnt
|faint|p1a: Charizard
|move|p2b: Indeedee|Psychic|p1b: Talonflame
|-damage|p1b: Talonflame|38/100
|
|-weather|SunnyDay|[upkeep]
|-damage|p2a: Ursaluna|37/100 brn|[from] brn
|upkeep
|
|t:|1750855952
|switch|p1a: Kyogre|Kyogre, L50|100/100
|-weather|RainDance|[from] ability: Drizzle|[of] p1a: Kyogre
|turn|5
|
|t:|1750855969
|move|p2a: Ursaluna|Facade|p1a: Kyogre
|-damage|p1a: Kyogre|0 fnt
|faint|p1a: Kyogre
|move|p2b: Indeedee|Psychic|p1b: Talonflame
|-damage|p1b: Talonflame|0 fnt
|faint|p1b: Talonflame
|
|win|Nydira
|raw|Rikje3's rating: 1403 &rarr; <strong>1389</strong><br />(-14 for losing)
|raw|Nydira's rating: 1504 &rarr; <strong>1518</strong><br />(+14 for winning)
|l|☆Rikje3
|player|p1|
|l|☆Nydira
|player|p2|
