|j|☆dawdawdadad
|j|☆cordab
|t:|1750870111
|gametype|doubles
|player|p1|dawdawdadad|norman|1398
|player|p2|cordab|cynthia|1460
|teamsize|p1|6
|teamsize|p2|6
|gen|9
|tier|[Gen 9] VGC 2025 Reg I
|rated|
|rule|Species Clause: Limit one of each Pokémon
|rule|Item Clause: Limit 1 of each item
|clearpoke
|poke|p1|Miraidon, L50|
|poke|p1|Incineroar, L50, F|
|poke|p1|Iron Hands, L50|
|poke|p1|Kyogre, L50|
|poke|p1|Tornadus, L50, M|
|poke|p1|Raichu-Alola, L50, M|
|poke|p2|Calyrex-Shadow, L50|
|poke|p2|Chi-Yu, L50|
|poke|p2|Rillaboom, L50, M|
|poke|p2|Koraidon, L50|
|poke|p2|Flutter Mane, L50|
|poke|p2|Farigiraf, L50, M|
|teampreview|4
|
|t:|1750870133
|start
|switch|p1a: Miraidon|Miraidon, L50|100/100
|switch|p1b: Raichu|Raichu-Alola, L50, M|100/100
|switch|p2a: Calyrex|Calyrex-Shadow, L50|100/100
|switch|p2b: Rillaboom|Rillaboom, L50, M, shiny|100/100
|-ability|p2a: Calyrex|As One
|-ability|p2a: Calyrex|Unnerve
|-fieldstart|move: Electric Terrain|[from] ability: Hadron Engine|[of] p1a: Miraidon
|-fieldstart|move: Grassy Terrain|[from] ability: Grassy Surge|[of] p2b: Rillaboom
|turn|1
|
|t:|1750870149
|move|p2b: Rillaboom|Fake Out|p1b: Raichu
|-damage|p1b: Raichu|64/100
|move|p2a: Calyrex|Nasty Plot|p2a: Calyrex
|-boost|p2a: Calyrex|spa|2
|move|p1a: Miraidon|Volt Switch|p2a: Calyrex
|-damage|p2a: Calyrex|45/100
|
|t:|1750870157
|switch|p1a: Incineroar|Incineroar, L50, F|100/100|[from] Volt Switch
|-ability|p1a: Incineroar|Intimidate|boost
|-unboost|p2a: Calyrex|atk|1
|-unboost|p2b: Rillaboom|atk|1
|cant|p1b: Raichu|flinch
|
|-heal|p2a: Calyrex|51/100|[from] Grassy Terrain
|-heal|p1b: Raichu|70/100|[from] Grassy Terrain
|upkeep
|turn|2
|
|t:|1750870168
|switch|p1a: Miraidon|Miraidon, L50|100/100
|-fieldstart|move: Electric Terrain|[from] ability: Hadron Engine|[of] p1a: Miraidon
|move|p2a: Calyrex|Protect|p2a: Calyrex
|-singleturn|p2a: Calyrex|Protect
|move|p1b: Raichu|Nuzzle|p2a: Calyrex
|-activate|p2a: Calyrex|move: Protect
|move|p2b: Rillaboom|U-turn|p1b: Raichu
|-supereffective|p1b: Raichu
|-damage|p1b: Raichu|0 fnt
|faint|p1b: Raichu
|
|t:|1750870186
|switch|p2b: Koraidon|Koraidon, L50|100/100|[from] U-turn
|-weather|SunnyDay|[from] ability: Orichalcum Pulse|[of] p2b: Koraidon
|-activate|p2b: Koraidon|Orichalcum Pulse|[source]
|
|-weather|SunnyDay|[upkeep]
|upkeep
|
|t:|1750870192
|switch|p1b: Incineroar|Incineroar, L50, F|100/100
|-ability|p1b: Incineroar|Intimidate|boost
|-unboost|p2a: Calyrex|atk|1
|-unboost|p2b: Koraidon|atk|1
|turn|3
|
|t:|1750870207
|-terastallize|p1a: Miraidon|Fairy
|move|p2a: Calyrex|Astral Barrage|p1b: Incineroar|[spread] p1a,p1b
|-resisted|p1b: Incineroar
|-damage|p1a: Miraidon|10/100
|-damage|p1b: Incineroar|54/100
|move|p2b: Koraidon|Close Combat|p1a: Miraidon
|-resisted|p1a: Miraidon
|-damage|p1a: Miraidon|0 fnt
|-unboost|p2b: Koraidon|def|1
|-unboost|p2b: Koraidon|spd|1
|faint|p1a: Miraidon
|-damage|p2b: Koraidon|91/100|[from] item: Life Orb
|move|p1b: Incineroar|Knock Off|p2a: Calyrex
|-supereffective|p2a: Calyrex
|-damage|p2a: Calyrex|0 fnt
|-enditem|p2a: Calyrex|Covert Cloak|[from] move: Knock Off|[of] p1b: Incineroar
|faint|p2a: Calyrex
|
|-weather|SunnyDay|[upkeep]
|upkeep
|
|t:|1750870224
|switch|p2a: Chi-Yu|Chi-Yu, L50|100/100
|switch|p1a: Kyogre|Kyogre, L50|100/100
|-ability|p2a: Chi-Yu|Beads of Ruin
|-weather|RainDance|[from] ability: Drizzle|[of] p1a: Kyogre
|turn|4
|
|t:|1750870233
|switch|p2b: Rillaboom|Rillaboom, L50, M, shiny|100/100
|-fieldstart|move: Grassy Terrain|[from] ability: Grassy Surge|[of] p2b: Rillaboom
|move|p2a: Chi-Yu|Snarl|p1a: Kyogre|[spread] p1a,p1b
|-resisted|p1b: Incineroar
|-damage|p1a: Kyogre|76/100
|-damage|p1b: Incineroar|39/100
|-unboost|p1a: Kyogre|spa|1
|-unboost|p1b: Incineroar|spa|1
|move|p1a: Kyogre|Water Spout|p2a: Chi-Yu|[spread] p2a,p2b
|-supereffective|p2a: Chi-Yu
|-resisted|p2b: Rillaboom
|-damage|p2a: Chi-Yu|0 fnt
|-damage|p2b: Rillaboom|76/100
|faint|p2a: Chi-Yu
|move|p1b: Incineroar|Knock Off|p2b: Rillaboom
|-damage|p2b: Rillaboom|31/100
|-enditem|p2b: Rillaboom|Assault Vest|[from] move: Knock Off|[of] p1b: Incineroar
|
|-weather|RainDance|[upkeep]
|-heal|p1a: Kyogre|82/100|[from] Grassy Terrain
|-heal|p2b: Rillaboom|38/100|[from] Grassy Terrain
|-heal|p1b: Incineroar|45/100|[from] Grassy Terrain
|upkeep
|
|t:|1750870238
|switch|p2a: Koraidon|Koraidon, L50|91/100
|-weather|SunnyDay|[from] ability: Orichalcum Pulse|[of] p2a: Koraidon
|-activate|p2a: Koraidon|Orichalcum Pulse|[source]
|turn|5
|
|t:|1750870258
|move|p2b: Rillaboom|Grassy Glide|p1a: Kyogre
|-supereffective|p1a: Kyogre
|-damage|p1a: Kyogre|0 fnt
|faint|p1a: Kyogre
|move|p2a: Koraidon|Close Combat|p1b: Incineroar
|-supereffective|p1b: Incineroar
|-damage|p1b: Incineroar|0 fnt
|-unboost|p2a: Koraidon|def|1
|-unboost|p2a: Koraidon|spd|1
|-damage|p2a: Koraidon|74/100|[from] item: Rocky Helmet|[of] p1b: Incineroar
|faint|p1b: Incineroar
|-damage|p2a: Koraidon|65/100|[from] item: Life Orb
|
|win|cordab
|raw|dawdawdadad's rating: 1398 &rarr; <strong>1382</strong><br />(-16 for losing)
|raw|cordab's rating: 1460 &rarr; <strong>1476</strong><br />(+16 for winning)
|l|☆cordab
|player|p2|
