|j|☆HMGAMING
|j|☆RRyan Tsui
|t:|1750746658
|gametype|doubles
|player|p1|HMGAMING|2|1317
|player|p2|RRyan Tsui|swimmer-gen4|1214
|teamsize|p1|6
|teamsize|p2|6
|gen|9
|tier|[Gen 9] VGC 2025 Reg I
|rated|
|rule|Species Clause: Limit one of each Pokémon
|rule|Item Clause: Limit 1 of each item
|clearpoke
|poke|p1|Zekrom, L50|
|poke|p1|Calyrex-Shadow, L50|
|poke|p1|Amoonguss, L50, F|
|poke|p1|Pelipper, L50, M|
|poke|p1|Urshifu-*, L50, F|
|poke|p1|Incineroar, L50, F|
|poke|p2|Calyrex-Ice, L50|
|poke|p2|Scrafty, L50, F|
|poke|p2|Ninetales-Alola, L50, F|
|poke|p2|Miraidon, L50|
|poke|p2|Landorus, L50, M|
|poke|p2|Dondozo, L50, M|
|teampreview|4
|inactive|Battle timer is ON: inactive players will automatically lose when time's up. (requested by HMGAMING)
|
|t:|1750746698
|start
|switch|p1a: Zekrom|Zekrom, L50, shiny|100/100
|switch|p1b: Incineroar|Incineroar, L50, F, shiny|100/100
|switch|p2a: Ninetales|Ninetales-Alola, L50, F|100/100
|switch|p2b: Miraidon|Miraidon, L50|100/100
|-fieldstart|move: Electric Terrain|[from] ability: Hadron Engine|[of] p2b: Miraidon
|-weather|Snowscape|[from] ability: Snow Warning|[of] p2a: Ninetales
|-ability|p1a: Zekrom|Teravolt
|-ability|p1b: Incineroar|Intimidate|boost
|-unboost|p2a: Ninetales|atk|1
|-unboost|p2b: Miraidon|atk|1
|turn|1
|
|t:|1750746723
|-terastallize|p2a: Ninetales|Ghost
|-terastallize|p1a: Zekrom|Steel
|move|p1b: Incineroar|Fake Out|p2a: Ninetales
|-immune|p2a: Ninetales
|move|p2b: Miraidon|Dazzling Gleam|p1a: Zekrom|[spread] p1a,p1b
|-resisted|p1a: Zekrom
|-damage|p1a: Zekrom|88/100
|-damage|p1b: Incineroar|75/100
|move|p2a: Ninetales|Aurora Veil|p2a: Ninetales
|-sidestart|p2: RRyan Tsui|move: Aurora Veil
|move|p1a: Zekrom|Dragon Dance|p1a: Zekrom
|-boost|p1a: Zekrom|atk|1
|-boost|p1a: Zekrom|spe|1
|
|-weather|Snowscape|[upkeep]
|upkeep
|turn|2
|inactive|RRyan Tsui has 30 seconds left.
|
|t:|1750746748
|switch|p2b: Calyrex|Calyrex-Ice, L50|100/100
|-ability|p2b: Calyrex|As One
|-ability|p2b: Calyrex|Unnerve
|move|p2a: Ninetales|Encore|p1a: Zekrom
|-start|p1a: Zekrom|Encore
|move|p1a: Zekrom|Dragon Dance|p1a: Zekrom
|-boost|p1a: Zekrom|atk|1
|-boost|p1a: Zekrom|spe|1
|move|p1b: Incineroar|Parting Shot|p2b: Calyrex
|-unboost|p2b: Calyrex|atk|1
|-unboost|p2b: Calyrex|spa|1
|
|t:|1750746766
|switch|p1b: Calyrex|Calyrex-Shadow, L50|100/100|[from] Parting Shot
|-ability|p1b: Calyrex|As One
|-ability|p1b: Calyrex|Unnerve
|
|-weather|Snowscape|[upkeep]
|upkeep
|turn|3
|
|t:|1750746786
|move|p2a: Ninetales|Helping Hand|p2b: Calyrex
|-singleturn|p2b: Calyrex|Helping Hand|[of] p2a: Ninetales
|move|p1a: Zekrom|Dragon Dance|p1a: Zekrom
|-boost|p1a: Zekrom|atk|1
|-boost|p1a: Zekrom|spe|1
|move|p1b: Calyrex|Astral Barrage|p2a: Ninetales|[spread] p2a,p2b
|-supereffective|p2a: Ninetales
|-supereffective|p2b: Calyrex
|-damage|p2a: Ninetales|0 fnt
|-damage|p2b: Calyrex|56/100
|faint|p2a: Ninetales
|-ability|p1b: Calyrex|Grim Neigh|boost
|-boost|p1b: Calyrex|spa|1
|-damage|p1b: Calyrex|91/100|[from] item: Life Orb
|move|p2b: Calyrex|Glacial Lance|p1b: Calyrex|[spread] p1a,p1b
|-resisted|p1a: Zekrom
|-damage|p1a: Zekrom|68/100
|-damage|p1b: Calyrex|24/100
|
|-weather|Snowscape|[upkeep]
|upkeep
|
|t:|1750746804
|switch|p2a: Scrafty|Scrafty, L50, F|100/100
|-ability|p2a: Scrafty|Intimidate|boost
|-fail|p1a: Zekrom|unboost|[from] item: Clear Amulet|[of] p1a: Zekrom
|-unboost|p1b: Calyrex|atk|1
|turn|4
|
|t:|1750746818
|move|p1b: Calyrex|Protect|p1b: Calyrex
|-singleturn|p1b: Calyrex|Protect
|move|p1a: Zekrom|Dragon Dance|p1a: Zekrom
|-boost|p1a: Zekrom|atk|1
|-boost|p1a: Zekrom|spe|1
|move|p2a: Scrafty|Coaching|p2b: Calyrex
|-boost|p2b: Calyrex|atk|1
|-boost|p2b: Calyrex|def|1
|move|p2b: Calyrex|Glacial Lance|p1b: Calyrex|[spread] p1a
|-activate|p1b: Calyrex|move: Protect
|-resisted|p1a: Zekrom
|-damage|p1a: Zekrom|46/100
|
|-weather|Snowscape|[upkeep]
|-end|p1a: Zekrom|Encore
|upkeep
|turn|5
|inactive|RRyan Tsui has 30 seconds left.
|
|t:|1750746851
|move|p1a: Zekrom|Fusion Bolt|p2a: Scrafty
|-enditem|p2a: Scrafty|Focus Sash
|-damage|p2a: Scrafty|1/100
|move|p1b: Calyrex|Astral Barrage|p2b: Calyrex|[spread] p2a,p2b
|-resisted|p2a: Scrafty
|-crit|p2a: Scrafty
|-supereffective|p2b: Calyrex
|-damage|p2a: Scrafty|0 fnt
|-damage|p2b: Calyrex|0 fnt
|faint|p2a: Scrafty
|faint|p2b: Calyrex
|-ability|p1b: Calyrex|Grim Neigh|boost
|-boost|p1b: Calyrex|spa|2
|-damage|p1b: Calyrex|15/100|[from] item: Life Orb
|
|-weather|none
|-fieldend|move: Electric Terrain
|upkeep
|
|t:|1750746869
|switch|p2b: Miraidon|Miraidon, L50|100/100
|-fieldstart|move: Electric Terrain|[from] ability: Hadron Engine|[of] p2b: Miraidon
|turn|6
|
|t:|1750746887
|move|p1a: Zekrom|Dragon Claw|p2b: Miraidon
|-supereffective|p2b: Miraidon
|-damage|p2b: Miraidon|0 fnt
|faint|p2b: Miraidon
|
|win|HMGAMING
|raw|HMGAMING's rating: 1317 &rarr; <strong>1331</strong><br />(+14 for winning)
|raw|RRyan Tsui's rating: 1214 &rarr; <strong>1196</strong><br />(-18 for losing)
|l|☆HMGAMING
|player|p1|
|l|☆RRyan Tsui
|player|p2|
