|j|☆bleezo
|j|☆Leacenh
|t:|1750855089
|gametype|doubles
|player|p1|bleezo|101|1372
|player|p2|Leacenh|2|1380
|teamsize|p1|6
|teamsize|p2|6
|gen|9
|tier|[Gen 9] VGC 2025 Reg I
|rated|
|rule|Species Clause: Limit one of each Pokémon
|rule|Item Clause: Limit 1 of each item
|clearpoke
|poke|p1|Calyrex-Ice, L50|
|poke|p1|Urshifu-*, L50, F|
|poke|p1|Miraidon, L50|
|poke|p1|Comfey, L50, F|
|poke|p1|Indeedee-F, L50, F|
|poke|p1|Incineroar, L50, M|
|poke|p2|Calyrex-Shadow, L50|
|poke|p2|Zamazenta-*, L50|
|poke|p2|Incineroar, L50, M|
|poke|p2|Rillaboom, L50, F|
|poke|p2|Raging Bolt, L50|
|poke|p2|Whimsicott, L50, M|
|teampreview|4
|inactive|Battle timer is ON: inactive players will automatically lose when time's up. (requested by bleezo)
|inactive|bleezo has 60 seconds left.
|inactive|bleezo has 30 seconds left.
|inactive|bleezo has 20 seconds left.
|inactive|bleezo has 15 seconds left.
|inactive|bleezo has 10 seconds left.
|
|t:|1750855170
|start
|switch|p1a: Miraidon|Miraidon, L50|100/100
|switch|p1b: Urshifu|Urshifu, L50, F|100/100
|switch|p2a: Zamazenta|Zamazenta-Crowned, L50|100/100
|switch|p2b: Incineroar|Incineroar, L50, M|100/100
|-fieldstart|move: Electric Terrain|[from] ability: Hadron Engine|[of] p1a: Miraidon
|-ability|p2a: Zamazenta|Dauntless Shield|boost
|-boost|p2a: Zamazenta|def|1
|-ability|p2b: Incineroar|Intimidate|boost
|-unboost|p1a: Miraidon|atk|1
|-unboost|p1b: Urshifu|atk|1
|turn|1
|inactive|bleezo has 30 seconds left.
|inactive|bleezo has 20 seconds left.
|inactive|bleezo has 15 seconds left.
|inactive|bleezo has 10 seconds left.
|inactive|bleezo has 5 seconds left.
|
|t:|1750855222
|switch|p1a: Calyrex|Calyrex-Ice, L50|100/100
|-ability|p1a: Calyrex|As One
|-ability|p1a: Calyrex|Unnerve
|-enditem|p1a: Calyrex|Electric Seed
|-boost|p1a: Calyrex|def|1|[from] item: Electric Seed
|-terastallize|p1b: Urshifu|Ghost
|move|p2b: Incineroar|Fake Out|p1a: Calyrex
|-damage|p1a: Calyrex|96/100
|move|p1b: Urshifu|Coaching|p1a: Calyrex
|-boost|p1a: Calyrex|atk|1
|-boost|p1a: Calyrex|def|1
|move|p2a: Zamazenta|Body Press|p1a: Calyrex
|-damage|p1a: Calyrex|73/100
|
|upkeep
|turn|2
|inactive|Leacenh has 30 seconds left.
|inactive|Leacenh has 20 seconds left.
|inactive|Leacenh has 15 seconds left.
|inactive|Leacenh has 10 seconds left.
|
|t:|1750855272
|move|p1a: Calyrex|Protect|p1a: Calyrex
|-singleturn|p1a: Calyrex|Protect
|move|p1b: Urshifu|Taunt|p2a: Zamazenta
|-start|p2a: Zamazenta|move: Taunt
|move|p2a: Zamazenta|Body Press|p1a: Calyrex
|-activate|p1a: Calyrex|move: Protect
|move|p2b: Incineroar|Flare Blitz|p1a: Calyrex
|-activate|p1a: Calyrex|move: Protect
|
|upkeep
|turn|3
|inactive|bleezo has 30 seconds left.
|inactive|Leacenh has 30 seconds left.
|inactive|bleezo has 20 seconds left.
|inactive|bleezo has 15 seconds left.
|
|t:|1750855312
|switch|p1b: Comfey|Comfey, L50, F|100/100
|move|p2a: Zamazenta|Body Press|p1a: Calyrex
|-damage|p1a: Calyrex|52/100
|move|p2b: Incineroar|Knock Off|p1a: Calyrex
|-supereffective|p1a: Calyrex
|-damage|p1a: Calyrex|35/100
|move|p1a: Calyrex|Body Press|p2b: Incineroar
|-supereffective|p2b: Incineroar
|-damage|p2b: Incineroar|6/100
|
|upkeep
|turn|4
|
|t:|1750855332
|move|p1b: Comfey|Floral Healing|p1a: Calyrex
|-heal|p1a: Calyrex|85/100
|move|p2a: Zamazenta|Heavy Slam|p1b: Comfey
|-supereffective|p1b: Comfey
|-damage|p1b: Comfey|0 fnt
|faint|p1b: Comfey
|move|p2b: Incineroar|Flare Blitz|p1a: Calyrex
|-supereffective|p1a: Calyrex
|-damage|p1a: Calyrex|55/100
|-damage|p2b: Incineroar|0 fnt|[from] Recoil
|faint|p2b: Incineroar
|move|p1a: Calyrex|Glacial Lance|p2a: Zamazenta
|-resisted|p2a: Zamazenta
|-damage|p2a: Zamazenta|83/100
|
|-end|p2a: Zamazenta|move: Taunt
|upkeep
|
|t:|1750855352
|switch|p1b: Miraidon|Miraidon, L50|100/100
|switch|p2b: Raging Bolt|Raging Bolt, L50|100/100
|-activate|p1b: Miraidon|ability: Hadron Engine
|turn|5
|
|t:|1750855373
|-terastallize|p2b: Raging Bolt|Electric
|move|p1a: Calyrex|Protect|p1a: Calyrex
|-singleturn|p1a: Calyrex|Protect
|move|p1b: Miraidon|Electro Drift|p2a: Zamazenta
|-damage|p2a: Zamazenta|12/100
|move|p2a: Zamazenta|Body Press|p1b: Miraidon
|-damage|p1b: Miraidon|37/100
|move|p2b: Raging Bolt|Thunderbolt|p1a: Calyrex
|-activate|p1a: Calyrex|move: Protect
|
|-fieldend|move: Electric Terrain
|upkeep
|turn|6
|inactive|Leacenh has 30 seconds left.
|
|t:|1750855402
|move|p2a: Zamazenta|Protect|p2a: Zamazenta
|-singleturn|p2a: Zamazenta|Protect
|move|p1b: Miraidon|Electro Drift|p2a: Zamazenta
|-activate|p2a: Zamazenta|move: Protect
|move|p2b: Raging Bolt|Thunderbolt|p1a: Calyrex
|-damage|p1a: Calyrex|8/100
|-status|p1a: Calyrex|par
|move|p1a: Calyrex|Glacial Lance|p2b: Raging Bolt|[spread] p2b
|-activate|p2a: Zamazenta|move: Protect
|-damage|p2b: Raging Bolt|35/100
|
|upkeep
|turn|7
|inactive|Leacenh has 30 seconds left.
|
|t:|1750855435
|move|p1b: Miraidon|Electro Drift|p2a: Zamazenta
|-damage|p2a: Zamazenta|0 fnt
|faint|p2a: Zamazenta
|move|p2b: Raging Bolt|Thunderbolt|p1a: Calyrex
|-damage|p1a: Calyrex|0 fnt
|faint|p1a: Calyrex
|
|upkeep
|
|t:|1750855443
|switch|p2a: Calyrex|Calyrex-Shadow, L50|100/100
|switch|p1a: Urshifu|Urshifu, L50, F, tera:Ghost|100/100
|-ability|p2a: Calyrex|As One
|-ability|p2a: Calyrex|Unnerve
|turn|8
|
|t:|1750855464
|move|p2b: Raging Bolt|Thunderclap|p1a: Urshifu
|-enditem|p1a: Urshifu|Focus Sash
|-damage|p1a: Urshifu|1/100
|move|p1b: Miraidon|Electro Drift|p2a: Calyrex
|-damage|p2a: Calyrex|35/100
|move|p2a: Calyrex|Astral Barrage|p1b: Miraidon|[spread] p1a,p1b
|-supereffective|p1a: Urshifu
|-damage|p1a: Urshifu|0 fnt
|-damage|p1b: Miraidon|0 fnt
|faint|p1a: Urshifu
|faint|p1b: Miraidon
|
|win|Leacenh
|raw|bleezo's rating: 1372 &rarr; <strong>1352</strong><br />(-20 for losing)
|raw|Leacenh's rating: 1380 &rarr; <strong>1400</strong><br />(+20 for winning)
|l|☆bleezo
|player|p1|
|l|☆Leacenh
|player|p2|
