|j|☆bimbo mafioso
|j|☆thegreatestgalar
|t:|1750802235
|gametype|doubles
|player|p1|bimbo mafioso|swimmerf|1564
|player|p2|thegreatestgalar|pokemonrangerf|1540
|teamsize|p1|6
|teamsize|p2|6
|gen|9
|tier|[Gen 9] VGC 2025 Reg I
|rated|
|rule|Species Clause: Limit one of each Pokémon
|rule|Item Clause: Limit 1 of each item
|clearpoke
|poke|p1|Urshifu-*, L50, F|
|poke|p1|Rillaboom, L50, F|
|poke|p1|Incineroar, L50, M|
|poke|p1|Zamazenta-*, L50|
|poke|p1|Ogerpon-Cornerstone, L50, F|
|poke|p1|Calyrex-Shadow, L50|
|poke|p2|Calyrex-Shadow, L50|
|poke|p2|Zamazenta-*, L50|
|poke|p2|Incineroar, L50, M|
|poke|p2|Raichu, L50, F|
|poke|p2|Rillaboom, L50, F|
|poke|p2|Gastrodon, L50, F|
|teampreview|4
|inactive|Battle timer is ON: inactive players will automatically lose when time's up. (requested by bimbo mafioso)
thegreatestgalar rejected open team sheets.
|
|t:|1750802257
|start
|switch|p1a: Zamazenta|Zamazenta-Crowned, L50|100/100
|switch|p1b: Calyrex|Calyrex-Shadow, L50|100/100
|switch|p2a: Mr. Body Press|Zamazenta-Crowned, L50|100/100
|switch|p2b: Thor|Raichu, L50, F|100/100
|-ability|p1b: Calyrex|As One
|-ability|p1b: Calyrex|Unnerve
|-ability|p1a: Zamazenta|Dauntless Shield|boost
|-boost|p1a: Zamazenta|def|1
|-ability|p2a: Mr. Body Press|Dauntless Shield|boost
|-boost|p2a: Mr. Body Press|def|1
|turn|1
|
|t:|1750802272
|-terastallize|p2a: Mr. Body Press|Dragon
|move|p1b: Calyrex|Astral Barrage|p2b: Thor|[spread] p2a,p2b
|-damage|p2a: Mr. Body Press|55/100
|-damage|p2b: Thor|47/100
|-damage|p1b: Calyrex|91/100|[from] item: Life Orb
|move|p1a: Zamazenta|Body Press|p2a: Mr. Body Press
|-damage|p2a: Mr. Body Press|29/100
|move|p2a: Mr. Body Press|Heavy Slam|p1b: Calyrex
|-damage|p1b: Calyrex|40/100
|move|p2b: Thor|Nuzzle|p1b: Calyrex
|-damage|p1b: Calyrex|33/100
|-status|p1b: Calyrex|par
|
|upkeep
|turn|2
|
|t:|1750802296
|move|p2a: Mr. Body Press|Protect|p2a: Mr. Body Press
|-singleturn|p2a: Mr. Body Press|Protect
|move|p1a: Zamazenta|Body Press|p2a: Mr. Body Press
|-activate|p2a: Mr. Body Press|move: Protect
|move|p2b: Thor|Nuzzle|p1a: Zamazenta
|-damage|p1a: Zamazenta|98/100
|-status|p1a: Zamazenta|par
|move|p1b: Calyrex|Astral Barrage|p2a: Mr. Body Press|[spread] p2b
|-activate|p2a: Mr. Body Press|move: Protect
|-crit|p2b: Thor
|-damage|p2b: Thor|0 fnt
|faint|p2b: Thor
|-ability|p1b: Calyrex|Grim Neigh|boost
|-boost|p1b: Calyrex|spa|1
|-damage|p1b: Calyrex|24/100 par|[from] item: Life Orb
|
|upkeep
|
|t:|1750802306
|switch|p2b: Da Horse|Calyrex-Shadow, L50|100/100
|-ability|p2b: Da Horse|As One
|-ability|p2b: Da Horse|Unnerve
|turn|3
|j| elwafle
|l| elwafle
|
|t:|1750802325
|switch|p1b: Incineroar|Incineroar, L50, M|100/100
|-ability|p1b: Incineroar|Intimidate|boost
|-unboost|p2a: Mr. Body Press|atk|1
|-unboost|p2b: Da Horse|atk|1
|move|p1a: Zamazenta|Protect|p1a: Zamazenta
|-singleturn|p1a: Zamazenta|Protect
|move|p2a: Mr. Body Press|Wide Guard|p2a: Mr. Body Press
|-singleturn|p2a: Mr. Body Press|Wide Guard
|move|p2b: Da Horse|Nasty Plot|p2b: Da Horse
|-boost|p2b: Da Horse|spa|2
|
|upkeep
|turn|4
|inactive|thegreatestgalar has 30 seconds left.
|inactive|bimbo mafioso has 30 seconds left.
|
|t:|1750802356
|move|p1b: Incineroar|Fake Out|p2a: Mr. Body Press
|-damage|p2a: Mr. Body Press|24/100
|move|p2b: Da Horse|Psychic|p1a: Zamazenta
|-damage|p1a: Zamazenta|22/100 par
|cant|p2a: Mr. Body Press|flinch
|move|p1a: Zamazenta|Heavy Slam|p2b: Da Horse
|-damage|p2b: Da Horse|35/100
|
|upkeep
|turn|5
|
|t:|1750802370
|move|p2b: Da Horse|Protect|p2b: Da Horse
|-singleturn|p2b: Da Horse|Protect
|move|p1a: Zamazenta|Wide Guard|p1a: Zamazenta
|-singleturn|p1a: Zamazenta|Wide Guard
|move|p2a: Mr. Body Press|Body Press|p1b: Incineroar
|-supereffective|p1b: Incineroar
|-damage|p1b: Incineroar|0 fnt
|-damage|p2a: Mr. Body Press|8/100|[from] item: Rocky Helmet|[of] p1b: Incineroar
|faint|p1b: Incineroar
|
|upkeep
|
|t:|1750802377
|switch|p1b: Ogerpon|Ogerpon-Cornerstone, L50, F|100/100
|turn|6
|
|t:|1750802385
|move|p1a: Zamazenta|Protect||[still]
|-fail|p1a: Zamazenta
|move|p2b: Da Horse|Psychic|p1b: Ogerpon
|-ability|p1b: Ogerpon|Sturdy
|-damage|p1b: Ogerpon|1/100
|move|p1b: Ogerpon|Ivy Cudgel|p2b: Da Horse|[anim] Ivy Cudgel Rock
|-damage|p2b: Da Horse|0 fnt
|faint|p2b: Da Horse
|move|p2a: Mr. Body Press|Body Press|p1b: Ogerpon
|-supereffective|p1b: Ogerpon
|-damage|p1b: Ogerpon|0 fnt
|faint|p1b: Ogerpon
|
|upkeep
|
|t:|1750802398
|switch|p2b: Glick|Incineroar, L50, M|100/100
|switch|p1b: Calyrex|Calyrex-Shadow, L50|24/100 par
|-ability|p1b: Calyrex|As One
|-ability|p1b: Calyrex|Unnerve
|-ability|p2b: Glick|Intimidate|boost
|-unboost|p1a: Zamazenta|atk|1
|-unboost|p1b: Calyrex|atk|1
|turn|7
|
|t:|1750802405
|move|p2a: Mr. Body Press|Protect|p2a: Mr. Body Press
|-singleturn|p2a: Mr. Body Press|Protect
|move|p1b: Calyrex|Protect|p1b: Calyrex
|-singleturn|p1b: Calyrex|Protect
|move|p1a: Zamazenta|Protect|p1a: Zamazenta
|-singleturn|p1a: Zamazenta|Protect
|move|p2b: Glick|Knock Off|p1b: Calyrex
|-activate|p1b: Calyrex|move: Protect
|
|upkeep
|turn|8
|c|☆thegreatestgalar|is your team immune to paralysis lol
|
|t:|1750802424
|move|p2a: Mr. Body Press|Body Press|p1a: Zamazenta
|-supereffective|p1a: Zamazenta
|-damage|p1a: Zamazenta|0 fnt
|faint|p1a: Zamazenta
|cant|p1b: Calyrex|par
|move|p2b: Glick|Knock Off|p1b: Calyrex
|-supereffective|p1b: Calyrex
|-damage|p1b: Calyrex|0 fnt
|-enditem|p1b: Calyrex|Life Orb|[from] move: Knock Off|[of] p2b: Glick
|faint|p1b: Calyrex
|
|win|thegreatestgalar
|raw|bimbo mafioso's rating: 1564 &rarr; <strong>1543</strong><br />(-21 for losing)
|raw|thegreatestgalar's rating: 1540 &rarr; <strong>1561</strong><br />(+21 for winning)
|l|☆thegreatestgalar
|player|p2|
|l|☆bimbo mafioso
|player|p1|
