|j|☆GG=Groudon Gaming
|j|☆plsdontspeaktome
|t:|1750834760
|gametype|doubles
|player|p1|GG=Groudon Gaming|acerola-masters2|1097
|player|p2|plsdontspeaktome|265|1185
|teamsize|p1|6
|teamsize|p2|6
|gen|9
|tier|[Gen 9] VGC 2025 Reg I
|rated|
|rule|Species Clause: Limit one of each Pokémon
|rule|Item Clause: Limit 1 of each item
|clearpoke
|poke|p1|Groudon, L50|
|poke|p1|Miraidon, L50|
|poke|p1|Entei, L50|
|poke|p1|Whimsicott, L50, M|
|poke|p1|Flutter Mane, L50|
|poke|p1|Volcarona, L50, F|
|poke|p2|Calyrex-Shadow, L50|
|poke|p2|Whimsicott, L50, F|
|poke|p2|Rillaboom, L50, M|
|poke|p2|Rayquaza, L50|
|poke|p2|Sneasler, L50, F|
|poke|p2|Urshifu-*, L50, M|
|teampreview|4
|inactive|Battle timer is ON: inactive players will automatically lose when time's up. (requested by GG=Groudon Gaming)
|j| Fishteeth565
|l| Fishteeth565
|inactive|GG=Groudon Gaming has 60 seconds left.
|
|t:|1750834792
|start
|switch|p1a: Miraidon|Miraidon, L50|100/100
|switch|p1b: Whimsicott|Whimsicott, L50, M|100/100
|switch|p2a: Rayquaza|Rayquaza, L50|100/100
|switch|p2b: Sneasler|Sneasler, L50, F|100/100
|-ability|p2b: Sneasler|Pressure
|-fieldstart|move: Electric Terrain|[from] ability: Hadron Engine|[of] p1a: Miraidon
|-ability|p2a: Rayquaza|Air Lock
|turn|1
|
|t:|1750834802
|-terastallize|p2a: Rayquaza|Normal
|move|p2b: Sneasler|Fake Out|p1a: Miraidon
|-damage|p1a: Miraidon|88/100
|move|p1b: Whimsicott|Tailwind|p1b: Whimsicott
|-sidestart|p1: GG=Groudon Gaming|move: Tailwind
|cant|p1a: Miraidon|flinch
|move|p2a: Rayquaza|Swords Dance|p2a: Rayquaza
|-boost|p2a: Rayquaza|atk|2
|
|upkeep
|turn|2
|
|t:|1750834819
|move|p2a: Rayquaza|Extreme Speed|p1a: Miraidon
|-damage|p1a: Miraidon|0 fnt
|faint|p1a: Miraidon
|move|p1b: Whimsicott|Encore|p2b: Sneasler
|-start|p2b: Sneasler|Encore
|move|p2b: Sneasler|Fake Out||[still]
|-hint|Fake Out only works on your first turn out.
|-fail|p2b: Sneasler
|
|upkeep
|
|t:|1750834824
|switch|p1a: Groudon|Groudon, L50|100/100
|-weather|SunnyDay|[from] ability: Drought|[of] p1a: Groudon
|turn|3
|
|t:|1750834842
|switch|p2b: Rillaboom|Rillaboom, L50, M|100/100
|-fieldstart|move: Grassy Terrain|[from] ability: Grassy Surge|[of] p2b: Rillaboom
|move|p2a: Rayquaza|Extreme Speed|p1a: Groudon
|-damage|p1a: Groudon|38/100
|move|p1b: Whimsicott|Moonblast|p2a: Rayquaza
|-damage|p2a: Rayquaza|73/100
|move|p1a: Groudon|Precipice Blades|p2a: Rayquaza|[spread] p2a,p2b
|-resisted|p2b: Rillaboom
|-damage|p2a: Rayquaza|25/100
|-damage|p2b: Rillaboom|77/100
|
|-weather|SunnyDay|[upkeep]
|-heal|p1a: Groudon|44/100|[from] Grassy Terrain
|-heal|p2a: Rayquaza|32/100|[from] Grassy Terrain
|-heal|p2b: Rillaboom|83/100|[from] Grassy Terrain
|upkeep
|turn|4
|inactive|GG=Groudon Gaming has 30 seconds left.
|inactive|plsdontspeaktome has 30 seconds left.
|inactive|GG=Groudon Gaming has 20 seconds left.
|inactive|GG=Groudon Gaming has 15 seconds left.
|inactive|plsdontspeaktome has 20 seconds left.
|inactive|GG=Groudon Gaming has 10 seconds left.
|inactive|plsdontspeaktome has 15 seconds left.
|inactive|GG=Groudon Gaming has 5 seconds left.
|
|t:|1750834893
|move|p1a: Groudon|Protect|p1a: Groudon
|-singleturn|p1a: Groudon|Protect
|move|p2b: Rillaboom|Fake Out|p1b: Whimsicott
|-crit|p1b: Whimsicott
|-damage|p1b: Whimsicott|78/100
|move|p2a: Rayquaza|Extreme Speed|p1a: Groudon
|-activate|p1a: Groudon|move: Protect
|move|p1b: Whimsicott|Moonblast|p2a: Rayquaza
|-damage|p2a: Rayquaza|6/100
|
|-weather|SunnyDay|[upkeep]
|-heal|p1b: Whimsicott|84/100|[from] Grassy Terrain
|-heal|p1a: Groudon|50/100|[from] Grassy Terrain
|-heal|p2a: Rayquaza|12/100|[from] Grassy Terrain
|-heal|p2b: Rillaboom|89/100|[from] Grassy Terrain
|-sideend|p1: GG=Groudon Gaming|move: Tailwind
|upkeep
|turn|5
|
|t:|1750834914
|move|p2a: Rayquaza|Extreme Speed|p1b: Whimsicott
|-damage|p1b: Whimsicott|0 fnt
|faint|p1b: Whimsicott
|move|p2b: Rillaboom|Grassy Glide|p1a: Groudon
|-supereffective|p1a: Groudon
|-damage|p1a: Groudon|9/100
|move|p1a: Groudon|Heat Crash|p2b: Rillaboom
|-supereffective|p2b: Rillaboom
|-damage|p2b: Rillaboom|7/100
|
|-weather|SunnyDay|[upkeep]
|-heal|p1a: Groudon|15/100|[from] Grassy Terrain
|-heal|p2a: Rayquaza|18/100|[from] Grassy Terrain
|-heal|p2b: Rillaboom|13/100|[from] Grassy Terrain
|upkeep
|
|t:|1750834920
|switch|p1b: Entei|Entei, L50|100/100
|turn|6
|
|t:|1750834934
|move|p1a: Groudon|Protect|p1a: Groudon
|-singleturn|p1a: Groudon|Protect
|move|p2a: Rayquaza|Extreme Speed|p1b: Entei
|-damage|p1b: Entei|0 fnt
|faint|p1b: Entei
|move|p2b: Rillaboom|Grassy Glide|p1a: Groudon
|-activate|p1a: Groudon|move: Protect
|
|-weather|SunnyDay|[upkeep]
|-heal|p1a: Groudon|21/100|[from] Grassy Terrain
|-heal|p2a: Rayquaza|24/100|[from] Grassy Terrain
|-heal|p2b: Rillaboom|19/100|[from] Grassy Terrain
|upkeep
|turn|7
|-message|GG=Groudon Gaming forfeited.
|
|win|plsdontspeaktome
|raw|GG=Groudon Gaming's rating: 1097 &rarr; <strong>1079</strong><br />(-18 for losing)
|raw|plsdontspeaktome's rating: 1185 &rarr; <strong>1204</strong><br />(+19 for winning)
