|j|☆blah dkasb
|j|☆okjkkhgvccc
|t:|1750859917
|gametype|doubles
|player|p1|blah dkasb|brycenman|1040
|player|p2|okjkkhgvccc|swimmerf-gen4|1052
|teamsize|p1|6
|teamsize|p2|6
|gen|9
|tier|[Gen 9] VGC 2025 Reg I
|rated|
|rule|Species Clause: Limit one of each Pokémon
|rule|Item Clause: Limit 1 of each item
|clearpoke
|poke|p1|Falinks, L50|
|poke|p1|Ogerpon-Cornerstone, L50, F|
|poke|p1|Whimsicott, L50, M|
|poke|p1|Grimmsnarl, L50, M|
|poke|p1|Palkia-Origin, L50|
|poke|p1|Ho-Oh, L50|
|poke|p2|Koraidon, L50|
|poke|p2|Amoonguss, L50, M|
|poke|p2|Flutter Mane, L50|
|poke|p2|Incineroar, L50, F|
|poke|p2|Walking Wake, L50|
|poke|p2|Groudon, L50|
|teampreview|4
|inactive|Battle timer is ON: inactive players will automatically lose when time's up. (requested by okjkkhgvccc)
|inactive|blah dkasb also wants the timer to be on.
|inactive|okjkkhgvccc has 60 seconds left.
|inactive|blah dkasb has 60 seconds left.
|
|t:|1750859985
|start
|switch|p1a: Falinks|Falinks, L50|100/100
|switch|p1b: Ho-Oh|Ho-Oh, L50|100/100
|switch|p2a: Koraidon|Koraidon, L50|100/100
|switch|p2b: Amoonguss|Amoonguss, L50, M|100/100
|-weather|SunnyDay|[from] ability: Orichalcum Pulse|[of] p2a: Koraidon
|-activate|p2a: Koraidon|Orichalcum Pulse|[source]
|turn|1
|inactive|okjkkhgvccc has 30 seconds left.
|inactive|okjkkhgvccc has 20 seconds left.
|inactive|okjkkhgvccc has 15 seconds left.
|
|t:|1750860028
|-terastallize|p1a: Falinks|Ghost
|move|p2b: Amoonguss|Rage Powder|p2b: Amoonguss
|-singleturn|p2b: Amoonguss|move: Rage Powder
|move|p2a: Koraidon|Close Combat|p1a: Falinks
|-immune|p1a: Falinks
|move|p1b: Ho-Oh|Tailwind|p1b: Ho-Oh
|-sidestart|p1: blah dkasb|move: Tailwind
|move|p1a: Falinks|No Retreat|p1a: Falinks
|-boost|p1a: Falinks|atk|1
|-boost|p1a: Falinks|def|1
|-boost|p1a: Falinks|spa|1
|-boost|p1a: Falinks|spd|1
|-boost|p1a: Falinks|spe|1
|-start|p1a: Falinks|move: No Retreat
|
|-weather|SunnyDay|[upkeep]
|upkeep
|turn|2
|inactive|okjkkhgvccc has 30 seconds left.
|
|t:|1750860059
|-terastallize|p2a: Koraidon|Fire
|move|p2b: Amoonguss|Rage Powder|p2b: Amoonguss
|-singleturn|p2b: Amoonguss|move: Rage Powder
|move|p1a: Falinks|High Horsepower|p2a: Koraidon
|-supereffective|p2a: Koraidon
|-damage|p2a: Koraidon|12/100
|move|p1b: Ho-Oh|Heat Wave|p2a: Koraidon|[spread] p2a
|-miss|p1b: Ho-Oh|p2b: Amoonguss
|-resisted|p2a: Koraidon
|-damage|p2a: Koraidon|0 fnt
|faint|p2a: Koraidon
|
|-weather|SunnyDay|[upkeep]
|upkeep
|
|t:|1750860069
|switch|p2a: Flutter Mane|Flutter Mane, L50|100/100
|-activate|p2a: Flutter Mane|ability: Protosynthesis
|-start|p2a: Flutter Mane|protosynthesisspe
|turn|3
|inactive|blah dkasb has 30 seconds left.
|
|t:|1750860097
|move|p1a: Falinks|Iron Head|p2a: Flutter Mane
|-supereffective|p2a: Flutter Mane
|-enditem|p2a: Flutter Mane|Focus Sash
|-damage|p2a: Flutter Mane|1/100
|move|p2a: Flutter Mane|Shadow Ball|p1a: Falinks
|-supereffective|p1a: Falinks
|-damage|p1a: Falinks|0 fnt
|faint|p1a: Falinks
|move|p1b: Ho-Oh|Heat Wave|p2a: Flutter Mane|[spread] p2b
|-miss|p1b: Ho-Oh|p2a: Flutter Mane
|-supereffective|p2b: Amoonguss
|-damage|p2b: Amoonguss|31/100
|move|p2b: Amoonguss|Spore|p1b: Ho-Oh
|-status|p1b: Ho-Oh|slp|[from] move: Spore
|
|-weather|SunnyDay|[upkeep]
|upkeep
|
|t:|1750860106
|switch|p1a: Grimmsnarl|Grimmsnarl, L50, M|100/100
|turn|4
|
|t:|1750860115
|move|p1a: Grimmsnarl|Fake Out|p2b: Amoonguss
|-damage|p2b: Amoonguss|22/100
|move|p2b: Amoonguss|Rage Powder|p2b: Amoonguss
|-singleturn|p2b: Amoonguss|move: Rage Powder
|move|p2a: Flutter Mane|Moonblast|p1a: Grimmsnarl
|-supereffective|p1a: Grimmsnarl
|-damage|p1a: Grimmsnarl|5/100
|cant|p1b: Ho-Oh|slp
|
|-weather|SunnyDay|[upkeep]
|-sideend|p1: blah dkasb|move: Tailwind
|upkeep
|turn|5
|
|t:|1750860131
|move|p2b: Amoonguss|Rage Powder|p2b: Amoonguss
|-singleturn|p2b: Amoonguss|move: Rage Powder
|move|p1a: Grimmsnarl|Light Screen|p1a: Grimmsnarl
|-sidestart|p1: blah dkasb|move: Light Screen
|move|p2a: Flutter Mane|Icy Wind|p1a: Grimmsnarl|[spread] p1b
|-miss|p2a: Flutter Mane|p1a: Grimmsnarl
|-damage|p1b: Ho-Oh|95/100 slp
|cant|p1b: Ho-Oh|slp
|
|-weather|none
|-end|p2a: Flutter Mane|Protosynthesis
|upkeep
|turn|6
|inactive|okjkkhgvccc has 30 seconds left.
|
|t:|1750860157
|move|p1a: Grimmsnarl|Reflect|p1a: Grimmsnarl
|-sidestart|p1: blah dkasb|Reflect
|move|p2a: Flutter Mane|Icy Wind|p1b: Ho-Oh|[spread] p1a,p1b
|-crit|p1b: Ho-Oh
|-damage|p1a: Grimmsnarl|0 fnt
|-damage|p1b: Ho-Oh|80/100 slp
|faint|p1a: Grimmsnarl
|cant|p1b: Ho-Oh|slp
|move|p2b: Amoonguss|Sludge Bomb|p1b: Ho-Oh
|-damage|p1b: Ho-Oh|69/100 slp
|
|upkeep
|
|t:|1750860180
|switch|p1a: Palkia|Palkia-Origin, L50|100/100
|turn|7
|
|t:|1750860188
|move|p2b: Amoonguss|Rage Powder|p2b: Amoonguss
|-singleturn|p2b: Amoonguss|move: Rage Powder
|move|p2a: Flutter Mane|Moonblast|p1a: Palkia
|-supereffective|p1a: Palkia
|-damage|p1a: Palkia|42/100
|move|p1a: Palkia|Icy Wind|p2b: Amoonguss|[spread] p2b
|-miss|p1a: Palkia|p2a: Flutter Mane
|-supereffective|p2b: Amoonguss
|-damage|p2b: Amoonguss|0 fnt
|faint|p2b: Amoonguss
|-curestatus|p1b: Ho-Oh|slp|[msg]
|move|p1b: Ho-Oh|Tailwind|p1b: Ho-Oh
|-sidestart|p1: blah dkasb|move: Tailwind
|
|upkeep
|
|t:|1750860191
|switch|p2b: Walking Wake|Walking Wake, L50|100/100
|turn|8
|inactive|blah dkasb has 30 seconds left.
|inactive|blah dkasb has 20 seconds left.
|
|t:|1750860229
|move|p1a: Palkia|Protect|p1a: Palkia
|-singleturn|p1a: Palkia|Protect
|move|p1b: Ho-Oh|Heat Wave|p2a: Flutter Mane|[spread] p2a,p2b
|-resisted|p2b: Walking Wake
|-crit|p2b: Walking Wake
|-damage|p2a: Flutter Mane|0 fnt
|-damage|p2b: Walking Wake|88/100
|faint|p2a: Flutter Mane
|-end|p2a: Flutter Mane|Protosynthesis|[silent]
|move|p2b: Walking Wake|Hydro Steam|p1b: Ho-Oh
|-supereffective|p1b: Ho-Oh
|-damage|p1b: Ho-Oh|25/100
|
|upkeep
|turn|9
|
|t:|1750860239
|move|p1a: Palkia|Dragon Pulse|p2b: Walking Wake
|-supereffective|p2b: Walking Wake
|-damage|p2b: Walking Wake|0 fnt
|faint|p2b: Walking Wake
|-end|p2b: Walking Wake|Protosynthesis|[silent]
|
|win|blah dkasb
|raw|blah dkasb's rating: 1040 &rarr; <strong>1075</strong><br />(+35 for winning)
|raw|okjkkhgvccc's rating: 1052 &rarr; <strong>1034</strong><br />(-18 for losing)
|l|☆okjkkhgvccc
|player|p2|
