|j|☆totolaw
|j|☆navinsachump
|t:|1750827379
|gametype|doubles
|player|p1|totolaw|266|1421
|player|p2|navinsachump|1|1562
|teamsize|p1|6
|teamsize|p2|6
|gen|9
|tier|[Gen 9] VGC 2025 Reg I
|rated|
|rule|Species Clause: Limit one of each Pokémon
|rule|Item Clause: Limit 1 of each item
|clearpoke
|poke|p1|Miraidon, L50|
|poke|p1|Iron Treads, L50|
|poke|p1|Sinistcha-Masterpiece, L50|
|poke|p1|Terapagos, L50, M|
|poke|p1|Iron Bundle, L50|
|poke|p1|Incineroar, L50, M|
|poke|p2|Miraidon, L50|
|poke|p2|Lunala, L50|
|poke|p2|Whimsicott, L50, F|
|poke|p2|Chi-Yu, L50|
|poke|p2|Urshifu-*, L50, M|
|poke|p2|Iron Hands, L50|
|teampreview|4
|
|t:|1750827433
|start
|switch|p1a: Iron Treads|Iron Treads, L50|100/100
|switch|p1b: Miraidon|Miraidon, L50|100/100
|switch|p2a: Urshifu|Urshifu-Rapid-Strike, L50, M|100/100
|switch|p2b: Whimsicott|Whimsicott, L50, F|100/100
|-fieldstart|move: Electric Terrain|[from] ability: Hadron Engine|[of] p1b: Miraidon
|-activate|p1a: Iron Treads|ability: Quark Drive
|-start|p1a: Iron Treads|quarkdrivespe
|turn|1
|inactive|Battle timer is ON: inactive players will automatically lose when time's up. (requested by navinsachump)
|j| Samevgcmons
|
|t:|1750827457
|switch|p1b: Incineroar|Incineroar, L50, M|100/100
|-ability|p1b: Incineroar|Intimidate|boost
|-unboost|p2a: Urshifu|atk|1
|-unboost|p2b: Whimsicott|atk|1
|-terastallize|p1a: Iron Treads|Bug
|move|p2b: Whimsicott|Tailwind|p2b: Whimsicott
|-sidestart|p2: navinsachump|move: Tailwind
|move|p2a: Urshifu|Surging Strikes|p1a: Iron Treads
|-crit|p1a: Iron Treads
|-damage|p1a: Iron Treads|80/100
|-crit|p1a: Iron Treads
|-damage|p1a: Iron Treads|61/100
|-crit|p1a: Iron Treads
|-damage|p1a: Iron Treads|42/100
|-hitcount|p1a: Iron Treads|3
|move|p1a: Iron Treads|Steel Roller|p2b: Whimsicott
|-supereffective|p2b: Whimsicott
|-damage|p2b: Whimsicott|0 fnt
|-fieldend|move: Electric Terrain
|-end|p1a: Iron Treads|Quark Drive
|faint|p2b: Whimsicott
|
|upkeep
|inactive|navinsachump has 30 seconds left.
|
|t:|1750827491
|switch|p2b: Miraidon|Miraidon, L50|100/100
|-fieldstart|move: Electric Terrain|[from] ability: Hadron Engine|[of] p2b: Miraidon
|-activate|p1a: Iron Treads|ability: Quark Drive
|-start|p1a: Iron Treads|quarkdrivespe
|turn|2
|
|t:|1750827516
|move|p2a: Urshifu|Detect|p2a: Urshifu
|-singleturn|p2a: Urshifu|Protect
|move|p1a: Iron Treads|Protect|p1a: Iron Treads
|-singleturn|p1a: Iron Treads|Protect
|move|p2b: Miraidon|Volt Switch|p1a: Iron Treads
|-activate|p1a: Iron Treads|move: Protect
|move|p1b: Incineroar|Parting Shot|p2b: Miraidon
|-unboost|p2b: Miraidon|atk|1
|-unboost|p2b: Miraidon|spa|1
|
|t:|1750827530
|switch|p1b: Miraidon|Miraidon, L50|100/100|[from] Parting Shot
|-activate|p1b: Miraidon|ability: Hadron Engine
|
|upkeep
|turn|3
|
|t:|1750827549
|-end|p1a: Iron Treads|Quark Drive|[silent]
|switch|p1a: Incineroar|Incineroar, L50, M|100/100
|-ability|p1a: Incineroar|Intimidate|boost
|-unboost|p2a: Urshifu|atk|1
|-unboost|p2b: Miraidon|atk|1
|move|p2b: Miraidon|Volt Switch|p1a: Incineroar
|-damage|p1a: Incineroar|51/100
|
|t:|1750827555
|switch|p2b: Chi-Yu|Chi-Yu, L50|100/100|[from] Volt Switch
|-ability|p2b: Chi-Yu|Beads of Ruin
|move|p2a: Urshifu|Surging Strikes|p1a: Incineroar
|-supereffective|p1a: Incineroar
|-crit|p1a: Incineroar
|-damage|p1a: Incineroar|11/100
|-damage|p2a: Urshifu|84/100|[from] item: Rocky Helmet|[of] p1a: Incineroar
|-supereffective|p1a: Incineroar
|-crit|p1a: Incineroar
|-damage|p1a: Incineroar|0 fnt
|-damage|p2a: Urshifu|68/100|[from] item: Rocky Helmet|[of] p1a: Incineroar
|faint|p1a: Incineroar
|-hitcount|p1: Incineroar|2
|move|p1b: Miraidon|Draco Meteor|p2a: Urshifu
|-damage|p2a: Urshifu|0 fnt
|-unboost|p1b: Miraidon|spa|2
|faint|p2a: Urshifu
|
|upkeep
|
|t:|1750827572
|switch|p2a: Miraidon|Miraidon, L50|100/100
|switch|p1a: Iron Treads|Iron Treads, L50, tera:Bug|42/100
|-activate|p2a: Miraidon|ability: Hadron Engine
|-activate|p1a: Iron Treads|ability: Quark Drive
|-start|p1a: Iron Treads|quarkdrivespe
|turn|4
|inactive|navinsachump has 30 seconds left.
|
|t:|1750827604
|-terastallize|p2a: Miraidon|Fairy
|move|p1a: Iron Treads|Protect|p1a: Iron Treads
|-singleturn|p1a: Iron Treads|Protect
|move|p2b: Chi-Yu|Snarl|p1b: Miraidon|[spread] p1b
|-activate|p1a: Iron Treads|move: Protect
|-damage|p1b: Miraidon|80/100
|-unboost|p1b: Miraidon|spa|1
|move|p2a: Miraidon|Dazzling Gleam|p1a: Iron Treads|[spread] p1b
|-activate|p1a: Iron Treads|move: Protect
|-supereffective|p1b: Miraidon
|-damage|p1b: Miraidon|0 fnt
|faint|p1b: Miraidon
|
|-sideend|p2: navinsachump|move: Tailwind
|upkeep
|inactive|totolaw has 30 seconds left.
|
|t:|1750827633
|switch|p1b: Terapagos|Terapagos, L50, M|100/100
|-activate|p1b: Terapagos|ability: Tera Shift
|detailschange|p1b: Terapagos|Terapagos-Terastal, L50, M
|-heal|p1b: Terapagos|100/100|[silent]
|-enditem|p1b: Terapagos|Electric Seed
|-boost|p1b: Terapagos|def|1|[from] item: Electric Seed
|turn|5
|
|t:|1750827642
|move|p1a: Iron Treads|Steel Roller|p2a: Miraidon
|-supereffective|p2a: Miraidon
|-damage|p2a: Miraidon|0 fnt
|-fieldend|move: Electric Terrain
|-end|p1a: Iron Treads|Quark Drive
|faint|p2a: Miraidon
|move|p2b: Chi-Yu|Snarl|p1b: Terapagos|[spread] p1a,p1b
|-activate|p1b: Terapagos|ability: Tera Shell
|-resisted|p1b: Terapagos
|-damage|p1a: Iron Treads|0 fnt
|-damage|p1b: Terapagos|87/100
|-unboost|p1b: Terapagos|spa|1
|faint|p1a: Iron Treads
|-end|p1a: Iron Treads|Quark Drive|[silent]
|move|p1b: Terapagos|Calm Mind|p1b: Terapagos
|-boost|p1b: Terapagos|spa|1
|-boost|p1b: Terapagos|spd|1
|
|upkeep
|turn|6
|
|t:|1750827661
|move|p1b: Terapagos|Protect|p1b: Terapagos
|-singleturn|p1b: Terapagos|Protect
|move|p2b: Chi-Yu|Snarl|p1b: Terapagos
|-activate|p1b: Terapagos|move: Protect
|
|upkeep
|turn|7
|
|t:|1750827675
|move|p2b: Chi-Yu|Snarl|p1b: Terapagos
|-crit|p1b: Terapagos
|-damage|p1b: Terapagos|30/100
|-unboost|p1b: Terapagos|spa|1
|move|p1b: Terapagos|Tera Starstorm|p2b: Chi-Yu
|-damage|p2b: Chi-Yu|54/100
|
|upkeep
|turn|8
|
|t:|1750827682
|move|p1b: Terapagos|Protect|p1b: Terapagos
|-singleturn|p1b: Terapagos|Protect
|move|p2b: Chi-Yu|Snarl|p1b: Terapagos
|-activate|p1b: Terapagos|move: Protect
|
|upkeep
|turn|9
|
|t:|1750827688
|move|p2b: Chi-Yu|Snarl|p1b: Terapagos
|-damage|p1b: Terapagos|8/100
|-unboost|p1b: Terapagos|spa|1
|move|p1b: Terapagos|Tera Starstorm|p2b: Chi-Yu
|-damage|p2b: Chi-Yu|19/100
|
|upkeep
|turn|10
|c|☆navinsachump|gg
|
|t:|1750827696
|move|p2b: Chi-Yu|Snarl|p1b: Terapagos
|-damage|p1b: Terapagos|0 fnt
|faint|p1b: Terapagos
|
|win|navinsachump
|raw|totolaw's rating: 1421 &rarr; <strong>1409</strong><br />(-12 for losing)
|raw|navinsachump's rating: 1562 &rarr; <strong>1574</strong><br />(+12 for winning)
|l|☆navinsachump
|player|p2|
|l| Samevgcmons
|l|☆totolaw
|player|p1|
