|j|☆AppleWalrus1
|j|☆TommyGuapo
|t:|1750879989
|gametype|doubles
|player|p1|AppleWalrus1|caitlin|1487
|player|p2|TommyGuapo|102|1539
|teamsize|p1|6
|teamsize|p2|6
|gen|9
|tier|[Gen 9] VGC 2025 Reg I
|rated|
|rule|Species Clause: Limit one of each Pokémon
|rule|Item Clause: Limit 1 of each item
|clearpoke
|poke|p1|Typhlosion-Hisui, L50, F|
|poke|p1|Koraidon, L50|
|poke|p1|Landorus-Therian, L50, M|
|poke|p1|Ho-Oh, L50|
|poke|p1|Grimmsnarl, L50, M|
|poke|p1|Ogerpon-Wellspring, L50, F|
|poke|p2|Zacian-*, L50|
|poke|p2|Giratina-Origin, L50|
|poke|p2|Urshifu-*, L50, M|
|poke|p2|Chien-Pao, L50|
|poke|p2|Pelipper, L50, M|
|poke|p2|Rillaboom, L50, M|
|teampreview|4
|inactive|Battle timer is ON: inactive players will automatically lose when time's up. (requested by AppleWalrus1)
TommyGuapo has agreed to open team sheets.
|inactive|TommyGuapo has 60 seconds left.
|inactive|AppleWalrus1 has 60 seconds left.
AppleWalrus1 rejected open team sheets.
|inactive|TommyGuapo has 30 seconds left.
|inactive|TommyGuapo has 20 seconds left.
|inactive|TommyGuapo has 15 seconds left.
|
|t:|1750880066
|start
|switch|p1a: Koraidon|Koraidon, L50|100/100
|switch|p1b: Grimmsnarl|Grimmsnarl, L50, M|100/100
|switch|p2a: Giratina|Giratina-Origin, L50|100/100
|switch|p2b: Urshifu|Urshifu-Rapid-Strike, L50, M|100/100
|-weather|SunnyDay|[from] ability: Orichalcum Pulse|[of] p1a: Koraidon
|-activate|p1a: Koraidon|Orichalcum Pulse|[source]
|turn|1
|inactive|AppleWalrus1 has 30 seconds left.
|
|t:|1750880092
|switch|p2a: Pelipper|Pelipper, L50, M|100/100
|-weather|RainDance|[from] ability: Drizzle|[of] p2a: Pelipper
|move|p1a: Koraidon|Protect|p1a: Koraidon
|-singleturn|p1a: Koraidon|Protect
|move|p1b: Grimmsnarl|Thunder Wave|p2b: Urshifu
|-status|p2b: Urshifu|par
|move|p2b: Urshifu|Surging Strikes|p1b: Grimmsnarl
|-crit|p1b: Grimmsnarl
|-damage|p1b: Grimmsnarl|67/100
|-crit|p1b: Grimmsnarl
|-damage|p1b: Grimmsnarl|35/100
|-crit|p1b: Grimmsnarl
|-damage|p1b: Grimmsnarl|4/100
|-hitcount|p1b: Grimmsnarl|3
|
|-weather|RainDance|[upkeep]
|upkeep
|turn|2
|inactive|TommyGuapo has 30 seconds left.
|inactive|TommyGuapo has 20 seconds left.
|
|t:|1750880132
|switch|p1a: Ho-Oh|Ho-Oh, L50|100/100
|move|p1b: Grimmsnarl|Reflect|p1b: Grimmsnarl
|-sidestart|p1: AppleWalrus1|Reflect
|move|p2a: Pelipper|Tailwind|p2a: Pelipper
|-sidestart|p2: TommyGuapo|move: Tailwind
|move|p2b: Urshifu|Surging Strikes|p1b: Grimmsnarl
|-crit|p1b: Grimmsnarl
|-damage|p1b: Grimmsnarl|0 fnt
|faint|p1b: Grimmsnarl
|-hitcount|p1: Grimmsnarl|1
|
|-weather|RainDance|[upkeep]
|upkeep
|
|t:|1750880144
|switch|p1b: Koraidon|Koraidon, L50|100/100
|-weather|SunnyDay|[from] ability: Orichalcum Pulse|[of] p1b: Koraidon
|-activate|p1b: Koraidon|Orichalcum Pulse|[source]
|turn|3
|inactive|AppleWalrus1 has 30 seconds left.
|inactive|TommyGuapo has 30 seconds left.
|
|t:|1750880176
|move|p2a: Pelipper|Helping Hand|p2b: Urshifu
|-singleturn|p2b: Urshifu|Helping Hand|[of] p2a: Pelipper
|move|p2b: Urshifu|Surging Strikes|p1a: Ho-Oh
|-supereffective|p1a: Ho-Oh
|-crit|p1a: Ho-Oh
|-damage|p1a: Ho-Oh|76/100
|-supereffective|p1a: Ho-Oh
|-crit|p1a: Ho-Oh
|-damage|p1a: Ho-Oh|53/100
|-supereffective|p1a: Ho-Oh
|-crit|p1a: Ho-Oh
|-damage|p1a: Ho-Oh|26/100
|-hitcount|p1a: Ho-Oh|3
|move|p1b: Koraidon|Close Combat|p2b: Urshifu
|-damage|p2b: Urshifu|0 fnt
|-unboost|p1b: Koraidon|def|1
|-unboost|p1b: Koraidon|spd|1
|faint|p2b: Urshifu
|-damage|p1b: Koraidon|91/100|[from] item: Life Orb
|move|p1a: Ho-Oh|Tailwind|p1a: Ho-Oh
|-sidestart|p1: AppleWalrus1|move: Tailwind
|
|-weather|SunnyDay|[upkeep]
|upkeep
|
|t:|1750880200
|switch|p2b: Zacian|Zacian-Crowned, L50|100/100
|-ability|p2b: Zacian|Intrepid Sword|boost
|-boost|p2b: Zacian|atk|1
|turn|4
|
|t:|1750880227
|switch|p1b: Typhlosion|Typhlosion-Hisui, L50, F, shiny|100/100
|-item|p2a: Pelipper|Ability Shield|[from] ability: Frisk|[of] p1b: Typhlosion
|-item|p2b: Zacian|Rusted Sword|[from] ability: Frisk|[of] p1b: Typhlosion
|-terastallize|p2b: Zacian|Fairy
|move|p2b: Zacian|Substitute|p2b: Zacian
|-start|p2b: Zacian|Substitute
|-damage|p2b: Zacian|76/100
|move|p1a: Ho-Oh|Sacred Fire|p2b: Zacian
|-end|p2b: Zacian|Substitute
|move|p2a: Pelipper|Hurricane|p1b: Typhlosion
|-damage|p1b: Typhlosion|52/100
|
|-weather|SunnyDay|[upkeep]
|upkeep
|turn|5
|inactive|AppleWalrus1 has 30 seconds left.
|inactive|TommyGuapo has 30 seconds left.
|inactive|AppleWalrus1 has 20 seconds left.
|inactive|AppleWalrus1 has 15 seconds left.
|
|t:|1750880269
|move|p2a: Pelipper|Wide Guard|p2a: Pelipper
|-singleturn|p2a: Pelipper|Wide Guard
|move|p2b: Zacian|Behemoth Blade|p1a: Ho-Oh
|-resisted|p1a: Ho-Oh
|-damage|p1a: Ho-Oh|5/100
|move|p1b: Typhlosion|Shadow Ball|p2a: Pelipper
|-damage|p2a: Pelipper|14/100
|move|p1a: Ho-Oh|Brave Bird|p2b: Zacian
|-damage|p2b: Zacian|20/100
|-damage|p1a: Ho-Oh|0 fnt|[from] Recoil
|faint|p1a: Ho-Oh
|
|-weather|SunnyDay|[upkeep]
|-sideend|p2: TommyGuapo|move: Tailwind
|upkeep
|
|t:|1750880279
|switch|p1a: Koraidon|Koraidon, L50|91/100
|-activate|p1a: Koraidon|ability: Orichalcum Pulse
|turn|6
|inactive|TommyGuapo has 30 seconds left.
|
|t:|1750880309
|-terastallize|p1a: Koraidon|Fire
|move|p2b: Zacian|Protect|p2b: Zacian
|-singleturn|p2b: Zacian|Protect
|move|p1a: Koraidon|Flame Charge|p2a: Pelipper
|-resisted|p2a: Pelipper
|-damage|p2a: Pelipper|0 fnt
|-boost|p1a: Koraidon|spe|1
|faint|p2a: Pelipper
|-damage|p1a: Koraidon|81/100|[from] item: Life Orb
|move|p1b: Typhlosion|Shadow Ball|p2b: Zacian
|-activate|p2b: Zacian|move: Protect
|
|-weather|SunnyDay|[upkeep]
|-sideend|p1: AppleWalrus1|move: Tailwind
|upkeep
|
|t:|1750880318
|switch|p2a: Giratina|Giratina-Origin, L50|100/100
|turn|7
|inactive|TommyGuapo has 30 seconds left.
|
|t:|1750880348
|move|p2a: Giratina|Shadow Sneak|p1b: Typhlosion
|-supereffective|p1b: Typhlosion
|-damage|p1b: Typhlosion|3/100
|move|p1a: Koraidon|Flame Charge|p2b: Zacian
|-damage|p2b: Zacian|0 fnt
|-boost|p1a: Koraidon|spe|1
|faint|p2b: Zacian
|-damage|p1a: Koraidon|72/100|[from] item: Life Orb
|move|p1b: Typhlosion|Shadow Ball|p2a: Giratina
|-supereffective|p2a: Giratina
|-damage|p2a: Giratina|13/100
|
|-weather|none
|upkeep
|turn|8
|-message|TommyGuapo forfeited.
|
|win|AppleWalrus1
|raw|AppleWalrus1's rating: 1487 &rarr; <strong>1510</strong><br />(+23 for winning)
|raw|TommyGuapo's rating: 1539 &rarr; <strong>1516</strong><br />(-23 for losing)
|l|☆AppleWalrus1
|player|p1|
