|j|☆Wyrdoe
|j|☆SpinnerVGC
|t:|1750714931
|gametype|doubles
|player|p1|Wyrdoe|266|1249
|player|p2|SpinnerVGC|benga|1283
|teamsize|p1|6
|teamsize|p2|6
|gen|9
|tier|[Gen 9] VGC 2025 Reg I
|rated|
|rule|Species Clause: Limit one of each Pokémon
|rule|Item Clause: Limit 1 of each item
|clearpoke
|poke|p1|Ho-Oh, L50|
|poke|p1|Miraidon, L50|
|poke|p1|Farigiraf, L50, F|
|poke|p1|Grimmsnarl, L50, M|
|poke|p1|Urshifu-*, L50, F|
|poke|p1|Hydrapple, L50, M|
|poke|p2|Calyrex-Ice, L50|
|poke|p2|Mewtwo, L50|
|poke|p2|Indeedee-F, L50, F|
|poke|p2|Incineroar, L50, M|
|poke|p2|Urshifu-*, L50, M|
|poke|p2|Ogerpon-Cornerstone, L50, F|
|teampreview|4
|inactive|Battle timer is ON: inactive players will automatically lose when time's up. (requested by SpinnerVGC)
SpinnerVGC rejected open team sheets.
|inactive|SpinnerVGC has 60 seconds left.
|
|t:|1750714968
|start
|switch|p1a: Farigiraf|Farigiraf, L50, F, shiny|100/100
|switch|p1b: Ho-Oh|Ho-Oh, L50|100/100
|switch|p2a: Ogerpon|Ogerpon-Cornerstone, L50, F|100/100
|switch|p2b: Calyrex|Calyrex-Ice, L50|100/100
|-ability|p2b: Calyrex|As One
|-ability|p2b: Calyrex|Unnerve
|turn|1
|inactive|Wyrdoe has 30 seconds left.
|inactive|Wyrdoe has 20 seconds left.
|inactive|Wyrdoe has 15 seconds left.
|inactive|Wyrdoe has 10 seconds left.
|
|t:|1750715015
|-terastallize|p1b: Ho-Oh|Fairy
|move|p2b: Calyrex|Protect|p2b: Calyrex
|-singleturn|p2b: Calyrex|Protect
|move|p2a: Ogerpon|Ivy Cudgel|p1b: Ho-Oh|[anim] Ivy Cudgel Rock
|-damage|p1b: Ho-Oh|54/100
|move|p1b: Ho-Oh|Sacred Fire|p2b: Calyrex
|-activate|p2b: Calyrex|move: Protect
|move|p1a: Farigiraf|Foul Play|p2b: Calyrex
|-activate|p2b: Calyrex|move: Protect
|
|upkeep
|turn|2
|inactive|SpinnerVGC has 30 seconds left.
|inactive|SpinnerVGC has 20 seconds left.
|inactive|Wyrdoe has 30 seconds left.
|
|t:|1750715056
|move|p1a: Farigiraf|Helping Hand|p1b: Ho-Oh
|-singleturn|p1b: Ho-Oh|Helping Hand|[of] p1a: Farigiraf
|move|p2a: Ogerpon|Follow Me|p2a: Ogerpon
|-singleturn|p2a: Ogerpon|move: Follow Me
|move|p1b: Ho-Oh|Sacred Fire|p2a: Ogerpon
|-crit|p2a: Ogerpon
|-ability|p2a: Ogerpon|Sturdy
|-damage|p2a: Ogerpon|1/100
|move|p2b: Calyrex|Trick Room|p2b: Calyrex
|-fieldstart|move: Trick Room|[of] p2b: Calyrex
|
|upkeep
|turn|3
|
|t:|1750715074
|switch|p1b: Urshifu|Urshifu-Rapid-Strike, L50, F|100/100
|-terastallize|p2b: Calyrex|Ice
|move|p2a: Ogerpon|Follow Me|p2a: Ogerpon
|-singleturn|p2a: Ogerpon|move: Follow Me
|move|p2b: Calyrex|Glacial Lance|p1a: Farigiraf|[spread] p1a,p1b
|-resisted|p1b: Urshifu
|-damage|p1a: Farigiraf|12/100
|-damage|p1b: Urshifu|47/100
|-damage|p2b: Calyrex|91/100|[from] item: Life Orb
|move|p1a: Farigiraf|Trick Room|p1a: Farigiraf
|-fieldend|move: Trick Room
|
|upkeep
|turn|4
|inactive|Wyrdoe has 30 seconds left.
|
|t:|1750715104
|move|p2a: Ogerpon|Follow Me|p2a: Ogerpon
|-singleturn|p2a: Ogerpon|move: Follow Me
|move|p1b: Urshifu|Aqua Jet|p2a: Ogerpon
|-damage|p2a: Ogerpon|0 fnt
|faint|p2a: Ogerpon
|move|p1a: Farigiraf|Foul Play|p2b: Calyrex
|-damage|p2b: Calyrex|63/100
|move|p2b: Calyrex|Trick Room|p2b: Calyrex
|-fieldstart|move: Trick Room|[of] p2b: Calyrex
|
|upkeep
|
|t:|1750715116
|switch|p2a: Urshifu|Urshifu-Rapid-Strike, L50, M|100/100
|turn|5
|
|t:|1750715127
|move|p1b: Urshifu|Aqua Jet|p2b: Calyrex
|-damage|p2b: Calyrex|48/100
|move|p2b: Calyrex|Glacial Lance|p1b: Urshifu|[spread] p1a,p1b
|-resisted|p1b: Urshifu
|-damage|p1a: Farigiraf|0 fnt
|-damage|p1b: Urshifu|0 fnt
|faint|p1a: Farigiraf
|faint|p1b: Urshifu
|-ability|p2b: Calyrex|Chilling Neigh|boost
|-boost|p2b: Calyrex|atk|2
|-damage|p2b: Calyrex|38/100|[from] item: Life Orb
|move|p2a: Urshifu|U-turn|p1: Farigiraf|[notarget]
|-fail|p2a: Urshifu
|
|upkeep
|
|t:|1750715132
|switch|p1a: Miraidon|Miraidon, L50|100/100
|switch|p1b: Ho-Oh|Ho-Oh, L50, tera:Fairy|87/100
|-fieldstart|move: Electric Terrain|[from] ability: Hadron Engine|[of] p1a: Miraidon
|turn|6
|-message|Wyrdoe forfeited.
|
|win|SpinnerVGC
|raw|Wyrdoe's rating: 1249 &rarr; <strong>1226</strong><br />(-23 for losing)
|raw|SpinnerVGC's rating: 1283 &rarr; <strong>1306</strong><br />(+23 for winning)
|l|☆Wyrdoe
|player|p1|
