|j|☆BiscuitBob
|j|☆lucatons
|t:|1750781533
|gametype|doubles
|player|p1|BiscuitBob|hilbert|1357
|player|p2|lucatons|169|1367
|teamsize|p1|6
|teamsize|p2|6
|gen|9
|tier|[Gen 9] VGC 2025 Reg I
|rated|
|rule|Species Clause: Limit one of each Pokémon
|rule|Item Clause: Limit 1 of each item
|clearpoke
|poke|p1|Miraidon, L50|
|poke|p1|Chi-Yu, L50|
|poke|p1|Groudon, L50|
|poke|p1|Sableye, L50, F|
|poke|p1|Roaring Moon, L50|
|poke|p1|Hatterene, L50, F|
|poke|p2|Koraidon, L50|
|poke|p2|Miraidon, L50|
|poke|p2|Chesnaught, L50, M|
|poke|p2|Clefairy, L50, M|
|poke|p2|Scovillain, L50, F|
|poke|p2|Indeedee-F, L50, F|
|teampreview|4
|inactive|Battle timer is ON: inactive players will automatically lose when time's up. (requested by BiscuitBob)
|inactive|BiscuitBob has 60 seconds left.
|
|t:|1750781569
|start
|switch|p1a: Roaring Moon|Roaring Moon, L50|100/100
|switch|p1b: Groudon|Groudon, L50|100/100
|switch|p2a: Scovillain|Scovillain, L50, F, shiny|100/100
|switch|p2b: Koraidon|Koraidon, L50|100/100
|-weather|SunnyDay|[from] ability: Orichalcum Pulse|[of] p2b: Koraidon
|-activate|p1a: Roaring Moon|ability: Protosynthesis
|-start|p1a: Roaring Moon|protosynthesisspe
|-activate|p2b: Koraidon|Orichalcum Pulse|[source]
|turn|1
|inactive|lucatons has 30 seconds left.
|
|t:|1750781596
|move|p1a: Roaring Moon|Tailwind|p1a: Roaring Moon
|-sidestart|p1: BiscuitBob|move: Tailwind
|move|p2a: Scovillain|Spicy Extract|p2b: Koraidon
|-fail|p2b: Koraidon|unboost|[from] item: Clear Amulet|[of] p2b: Koraidon
|-boost|p2b: Koraidon|atk|2
|move|p1b: Groudon|Precipice Blades|p2b: Koraidon|[spread] p2b
|-miss|p1b: Groudon|p2a: Scovillain
|-damage|p2b: Koraidon|58/100
|move|p2b: Koraidon|Flame Charge|p1b: Groudon
|-damage|p1b: Groudon|54/100
|-boost|p2b: Koraidon|spe|1
|
|-weather|SunnyDay|[upkeep]
|upkeep
|turn|2
|inactive|lucatons has 30 seconds left.
|inactive|lucatons has 20 seconds left.
|inactive|lucatons has 15 seconds left.
|
|t:|1750781636
|switch|p2a: Chesnaught|Chesnaught, L50, M, shiny|100/100
|move|p2b: Koraidon|Protect|p2b: Koraidon
|-singleturn|p2b: Koraidon|Protect
|move|p1a: Roaring Moon|Knock Off|p2b: Koraidon
|-activate|p2b: Koraidon|move: Protect
|move|p1b: Groudon|Precipice Blades|p2b: Koraidon|[spread] p2a
|-activate|p2b: Koraidon|move: Protect
|-resisted|p2a: Chesnaught
|-damage|p2a: Chesnaught|85/100
|
|-weather|SunnyDay|[upkeep]
|upkeep
|turn|3
|
|t:|1750781656
|move|p2a: Chesnaught|Wide Guard|p2a: Chesnaught
|-singleturn|p2a: Chesnaught|Wide Guard
|move|p2b: Koraidon|Collision Course|p1a: Roaring Moon
|-supereffective|p1a: Roaring Moon
|-damage|p1a: Roaring Moon|0 fnt
|faint|p1a: Roaring Moon
|-end|p1a: Roaring Moon|Protosynthesis|[silent]
|move|p1b: Groudon|Heat Crash|p2a: Chesnaught
|-supereffective|p2a: Chesnaught
|-damage|p2a: Chesnaught|6/100
|
|-weather|SunnyDay|[upkeep]
|upkeep
|
|t:|1750781671
|switch|p1a: Miraidon|Miraidon, L50|100/100
|-fieldstart|move: Electric Terrain|[from] ability: Hadron Engine|[of] p1a: Miraidon
|-enditem|p2a: Chesnaught|Electric Seed
|-boost|p2a: Chesnaught|def|1|[from] item: Electric Seed
|turn|4
|
|t:|1750781688
|move|p2b: Koraidon|Protect|p2b: Koraidon
|-singleturn|p2b: Koraidon|Protect
|move|p2a: Chesnaught|Spiky Shield||[still]
|-fail|p2a: Chesnaught
|move|p1a: Miraidon|Draco Meteor|p2b: Koraidon
|-activate|p2b: Koraidon|move: Protect
|move|p1b: Groudon|Heat Crash|p2a: Chesnaught
|-supereffective|p2a: Chesnaught
|-damage|p2a: Chesnaught|0 fnt
|faint|p2a: Chesnaught
|
|-weather|SunnyDay|[upkeep]
|-sideend|p1: BiscuitBob|move: Tailwind
|upkeep
|
|t:|1750781699
|switch|p2a: Scovillain|Scovillain, L50, F, shiny|100/100
|turn|5
|inactive|BiscuitBob has 30 seconds left.
|
|t:|1750781725
|-terastallize|p1a: Miraidon|Fairy
|move|p2a: Scovillain|Rage Powder|p2a: Scovillain
|-singleturn|p2a: Scovillain|move: Rage Powder
|move|p2b: Koraidon|Collision Course|p1a: Miraidon
|-resisted|p1a: Miraidon
|-damage|p1a: Miraidon|24/100
|move|p1a: Miraidon|Dazzling Gleam|p2a: Scovillain|[spread] p2a,p2b
|-resisted|p2a: Scovillain
|-supereffective|p2b: Koraidon
|-damage|p2a: Scovillain|62/100
|-damage|p2b: Koraidon|0 fnt
|faint|p2b: Koraidon
|-damage|p1a: Miraidon|15/100|[from] item: Life Orb
|move|p1b: Groudon|Precipice Blades|p2a: Scovillain
|-crit|p2a: Scovillain
|-damage|p2a: Scovillain|0 fnt
|faint|p2a: Scovillain
|
|-weather|none
|upkeep
|inactive|lucatons has 30 seconds left.
|inactive|lucatons has 20 seconds left.
|inactive|lucatons has 15 seconds left.
|inactive|lucatons has 10 seconds left.
|
|t:|1750781772
|switch|p2a: Miraidon|Miraidon, L50|100/100
|-activate|p2a: Miraidon|ability: Hadron Engine
|turn|6
|
|t:|1750781785
|move|p2a: Miraidon|Snarl|p1a: Miraidon|[spread] p1a,p1b
|-resisted|p1a: Miraidon
|-damage|p1a: Miraidon|6/100
|-damage|p1b: Groudon|33/100
|-unboost|p1a: Miraidon|spa|1
|move|p1a: Miraidon|Electro Drift|p2a: Miraidon
|-resisted|p2a: Miraidon
|-damage|p2a: Miraidon|83/100
|-damage|p1a: Miraidon|0 fnt|[from] item: Life Orb
|faint|p1a: Miraidon
|move|p1b: Groudon|Precipice Blades|p2a: Miraidon
|-supereffective|p2a: Miraidon
|-damage|p2a: Miraidon|0 fnt
|faint|p2a: Miraidon
|
|win|BiscuitBob
|raw|BiscuitBob's rating: 1357 &rarr; <strong>1378</strong><br />(+21 for winning)
|raw|lucatons's rating: 1367 &rarr; <strong>1346</strong><br />(-21 for losing)
|l|☆lucatons
|player|p2|
|l|☆BiscuitBob
|player|p1|
