|j|☆MJ_VGC_0
|j|☆Rypassed You
|t:|1750744570
|gametype|doubles
|player|p1|MJ_VGC_0|silver|1403
|player|p2|Rypassed You|drayton|1549
|teamsize|p1|6
|teamsize|p2|6
|gen|9
|tier|[Gen 9] VGC 2025 Reg I
|rated|
|rule|Species Clause: Limit one of each Pokémon
|rule|Item Clause: Limit 1 of each item
|clearpoke
|poke|p1|Kyogre, L50|
|poke|p1|Miraidon, L50|
|poke|p1|Tornadus, L50, M|
|poke|p1|Tentacruel, L50, F|
|poke|p1|Farigiraf, L50, M|
|poke|p1|Iron Treads, L50|
|poke|p2|Kyogre, L50|
|poke|p2|Miraidon, L50|
|poke|p2|Tornadus, L50, M|
|poke|p2|Iron Hands, L50|
|poke|p2|Farigiraf, L50, F|
|poke|p2|Urshifu-*, L50, M|
|teampreview|4
|inactive|Battle timer is ON: inactive players will automatically lose when time's up. (requested by Rypassed You)
|
|t:|1750744592
|start
|switch|p1a: Tornadus|Tornadus, L50, M|100/100
|switch|p1b: Tentacruel|Tentacruel, L50, F|100/100
|switch|p2a: トルネロス|Tornadus, L50, M|100/100
|switch|p2b: Natalia|Miraidon, L50|100/100
|-fieldstart|move: Electric Terrain|[from] ability: Hadron Engine|[of] p2b: Natalia
|turn|1
|inactive|Rypassed You has 30 seconds left.
|
|t:|1750744622
|-terastallize|p1b: Tentacruel|Grass
|move|p2a: トルネロス|Taunt|p1a: Tornadus
|-start|p1a: Tornadus|move: Taunt
|cant|p1a: Tornadus|move: Taunt|Taunt
|move|p2b: Natalia|Electro Drift|p1a: Tornadus
|-supereffective|p1a: Tornadus
|-damage|p1a: Tornadus|0 fnt
|faint|p1a: Tornadus
|move|p1b: Tentacruel|Toxic Spikes|p2a: トルネロス
|-sidestart|p2: Rypassed You|move: Toxic Spikes
|
|upkeep
|
|t:|1750744641
|switch|p1a: Miraidon|Miraidon, L50|100/100
|-activate|p1a: Miraidon|ability: Hadron Engine
|turn|2
|
|t:|1750744657
|switch|p2b: Dhruva|Kyogre, L50|100/100
|-status|p2b: Dhruva|psn
|-weather|RainDance|[from] ability: Drizzle|[of] p2b: Dhruva
|switch|p1a: Kyogre|Kyogre, L50|100/100
|move|p2a: トルネロス|Taunt|p1b: Tentacruel
|-start|p1b: Tentacruel|move: Taunt
|move|p1b: Tentacruel|Acid Spray|p2b: Dhruva
|-damage|p2b: Dhruva|90/100 psn
|-unboost|p2b: Dhruva|spd|2
|
|-weather|RainDance|[upkeep]
|-damage|p2b: Dhruva|78/100 psn|[from] psn
|upkeep
|turn|3
|
|t:|1750744679
|move|p2b: Dhruva|Protect|p2b: Dhruva
|-singleturn|p2b: Dhruva|Protect
|move|p2a: トルネロス|Bleakwind Storm|p1a: Kyogre|[spread] p1a,p1b
|-supereffective|p1b: Tentacruel
|-damage|p1a: Kyogre|72/100
|-damage|p1b: Tentacruel|36/100
|move|p1b: Tentacruel|Acid Spray|p2a: トルネロス
|-damage|p2a: トルネロス|84/100
|-unboost|p2a: トルネロス|spd|2
|move|p1a: Kyogre|Origin Pulse|p2a: トルネロス|[spread] p2a
|-activate|p2b: Dhruva|move: Protect
|-damage|p2a: トルネロス|0 fnt
|faint|p2a: トルネロス
|
|-weather|RainDance|[upkeep]
|-heal|p1b: Tentacruel|42/100|[from] ability: Rain Dish
|-heal|p1b: Tentacruel|48/100|[from] item: Leftovers
|-damage|p2b: Dhruva|66/100 psn|[from] psn
|upkeep
|
|t:|1750744691
|switch|p2a: Natalia|Miraidon, L50|100/100
|-status|p2a: Natalia|psn
|-activate|p2a: Natalia|ability: Hadron Engine
|turn|4
|
|t:|1750744713
|move|p1a: Kyogre|Protect|p1a: Kyogre
|-singleturn|p1a: Kyogre|Protect
|move|p2a: Natalia|Electro Drift|p1a: Kyogre
|-activate|p1a: Kyogre|move: Protect
|move|p1b: Tentacruel|Acid Spray|p2a: Natalia
|-crit|p2a: Natalia
|-damage|p2a: Natalia|85/100 psn
|-unboost|p2a: Natalia|spd|2
|move|p2b: Dhruva|Ice Beam|p1b: Tentacruel
|-supereffective|p1b: Tentacruel
|-damage|p1b: Tentacruel|0 fnt
|faint|p1b: Tentacruel
|
|-weather|RainDance|[upkeep]
|-damage|p2a: Natalia|72/100 psn|[from] psn
|-damage|p2b: Dhruva|54/100 psn|[from] psn
|upkeep
|
|t:|1750744731
|switch|p1b: Miraidon|Miraidon, L50|100/100
|-activate|p1b: Miraidon|ability: Hadron Engine
|turn|5
|
|t:|1750744739
|switch|p2a: George|Urshifu-Rapid-Strike, L50, M|100/100
|-status|p2a: George|psn
|move|p2b: Dhruva|Protect|p2b: Dhruva
|-singleturn|p2b: Dhruva|Protect
|move|p1b: Miraidon|Dazzling Gleam|p2a: George|[spread] p2a
|-activate|p2b: Dhruva|move: Protect
|-supereffective|p2a: George
|-damage|p2a: George|0 fnt
|faint|p2a: George
|move|p1a: Kyogre|Origin Pulse|p2b: Dhruva
|-activate|p2b: Dhruva|move: Protect
|
|-weather|RainDance|[upkeep]
|-damage|p2b: Dhruva|42/100 psn|[from] psn
|-fieldend|move: Electric Terrain
|upkeep
|
|t:|1750744742
|switch|p2a: Natalia|Miraidon, L50|72/100 psn
|-fieldstart|move: Electric Terrain|[from] ability: Hadron Engine|[of] p2a: Natalia
|turn|6
|
|t:|1750744764
|-terastallize|p2a: Natalia|Fairy
|move|p2a: Natalia|Dazzling Gleam|p1b: Miraidon|[spread] p1a,p1b
|-supereffective|p1b: Miraidon
|-damage|p1a: Kyogre|20/100
|-damage|p1b: Miraidon|0 fnt
|faint|p1b: Miraidon
|move|p1a: Kyogre|Ice Beam|p2a: Natalia
|-damage|p2a: Natalia|39/100 psn
|move|p2b: Dhruva|Origin Pulse|p1a: Kyogre
|-resisted|p1a: Kyogre
|-damage|p1a: Kyogre|0 fnt
|faint|p1a: Kyogre
|
|win|Rypassed You
|raw|MJ_VGC_0's rating: 1403 &rarr; <strong>1391</strong><br />(-12 for losing)
|raw|Rypassed You's rating: 1549 &rarr; <strong>1561</strong><br />(+12 for winning)
|l|☆Rypassed You
|player|p2|
