|j|☆Leacenh
|j|‽Shrekers13
|t:|1750827768
|gametype|doubles
|player|p1|Leacenh|1|1407
|player|p2|Shrekers13|265|1449
|teamsize|p1|6
|teamsize|p2|6
|gen|9
|tier|[Gen 9] VGC 2025 Reg I
|rated|
|rule|Species Clause: Limit one of each Pokémon
|rule|Item Clause: Limit 1 of each item
|clearpoke
|poke|p1|Calyrex-Shadow, L50|
|poke|p1|Zamazenta-*, L50|
|poke|p1|Incineroar, L50, M|
|poke|p1|Rillaboom, L50, F|
|poke|p1|Raging Bolt, L50|
|poke|p1|Whimsicott, L50, M|
|poke|p2|Calyrex-Ice, L50|
|poke|p2|Miraidon, L50|
|poke|p2|Iron Hands, L50|
|poke|p2|Iron Bundle, L50|
|poke|p2|Ogerpon-Hearthflame, L50, F|
|poke|p2|Farigiraf, L50, F|
|teampreview|4
|
|t:|1750827797
|start
|switch|p1a: Calyrex|Calyrex-Shadow, L50|100/100
|switch|p1b: Zamazenta|Zamazenta-Crowned, L50|100/100
|switch|p2a: Calyrex|Calyrex-Ice, L50|100/100
|switch|p2b: Farigiraf|Farigiraf, L50, F, shiny|100/100
|-ability|p1a: Calyrex|As One
|-ability|p1a: Calyrex|Unnerve
|-ability|p2a: Calyrex|As One
|-ability|p2a: Calyrex|Unnerve
|-ability|p1b: Zamazenta|Dauntless Shield|boost
|-boost|p1b: Zamazenta|def|1
|turn|1
|
|t:|1750827823
|-terastallize|p2a: Calyrex|Fire
|move|p1a: Calyrex|Astral Barrage|p2a: Calyrex|[spread] p2a
|-immune|p2b: Farigiraf
|-damage|p2a: Calyrex|65/100
|move|p1b: Zamazenta|Body Press|p2a: Calyrex
|-damage|p2a: Calyrex|19/100
|move|p2b: Farigiraf|Foul Play|p1a: Calyrex
|-supereffective|p1a: Calyrex
|-damage|p1a: Calyrex|21/100
|move|p2a: Calyrex|High Horsepower|p1a: Calyrex
|-damage|p1a: Calyrex|0 fnt
|faint|p1a: Calyrex
|-ability|p2a: Calyrex|Chilling Neigh|boost
|-boost|p2a: Calyrex|atk|1
|
|upkeep
|
|t:|1750827843
|switch|p1a: Rillaboom|Rillaboom, L50, F|100/100
|-fieldstart|move: Grassy Terrain|[from] ability: Grassy Surge|[of] p1a: Rillaboom
|turn|2
|
|t:|1750827869
|move|p2b: Farigiraf|Helping Hand|p2a: Calyrex
|-singleturn|p2a: Calyrex|Helping Hand|[of] p2b: Farigiraf
|move|p1b: Zamazenta|Body Press|p2b: Farigiraf
|-damage|p2b: Farigiraf|41/100
|move|p1a: Rillaboom|Wood Hammer|p2b: Farigiraf
|-damage|p2b: Farigiraf|0 fnt
|faint|p2b: Farigiraf
|-damage|p1a: Rillaboom|86/100|[from] Recoil
|move|p2a: Calyrex|High Horsepower|p1b: Zamazenta
|-supereffective|p1b: Zamazenta
|-damage|p1b: Zamazenta|34/100
|
|-heal|p1b: Zamazenta|40/100|[from] Grassy Terrain
|-heal|p1a: Rillaboom|92/100|[from] Grassy Terrain
|-heal|p2a: Calyrex|25/100|[from] Grassy Terrain
|upkeep
|
|t:|1750827887
|switch|p2b: Ogerpon|Ogerpon-Hearthflame, L50, F|100/100
|-ability|p2b: Ogerpon|Mold Breaker
|turn|3
|inactive|Battle timer is ON: inactive players will automatically lose when time's up. (requested by Shrekers13)
|
|t:|1750827925
|-terastallize|p1a: Rillaboom|Fire
|move|p2a: Calyrex|Protect|p2a: Calyrex
|-singleturn|p2a: Calyrex|Protect
|move|p2b: Ogerpon|Ivy Cudgel|p1a: Rillaboom|[anim] Ivy Cudgel Fire
|-resisted|p1a: Rillaboom
|-damage|p1a: Rillaboom|66/100
|move|p1b: Zamazenta|Body Press|p2a: Calyrex
|-activate|p2a: Calyrex|move: Protect
|move|p1a: Rillaboom|U-turn|p2a: Calyrex
|-activate|p2a: Calyrex|move: Protect
|
|-heal|p1b: Zamazenta|46/100|[from] Grassy Terrain
|-heal|p1a: Rillaboom|72/100|[from] Grassy Terrain
|-heal|p2a: Calyrex|30/100|[from] Grassy Terrain
|upkeep
|turn|4
|
|t:|1750827944
|move|p2b: Ogerpon|Ivy Cudgel|p1b: Zamazenta|[anim] Ivy Cudgel Fire
|-supereffective|p1b: Zamazenta
|-damage|p1b: Zamazenta|4/100
|move|p1b: Zamazenta|Body Press|p2a: Calyrex
|-damage|p2a: Calyrex|0 fnt
|faint|p2a: Calyrex
|move|p1a: Rillaboom|U-turn|p2b: Ogerpon
|-damage|p2b: Ogerpon|66/100
|
|t:|1750827952
|switch|p1a: Incineroar|Incineroar, L50, M|100/100|[from] U-turn
|-ability|p1a: Incineroar|Intimidate|boost
|-unboost|p2b: Ogerpon|atk|1
|
|-heal|p2b: Ogerpon|72/100|[from] Grassy Terrain
|-heal|p1b: Zamazenta|10/100|[from] Grassy Terrain
|upkeep
|
|t:|1750827959
|switch|p2a: Miraidon|Miraidon, L50|100/100
|-fieldstart|move: Electric Terrain|[from] ability: Hadron Engine|[of] p2a: Miraidon
|turn|5
|
|t:|1750827977
|switch|p1a: Rillaboom|Rillaboom, L50, F, tera:Fire|72/100
|-fieldstart|move: Grassy Terrain|[from] ability: Grassy Surge|[of] p1a: Rillaboom
|move|p1b: Zamazenta|Protect|p1b: Zamazenta
|-singleturn|p1b: Zamazenta|Protect
|move|p2a: Miraidon|Electro Drift|p1a: Rillaboom
|-damage|p1a: Rillaboom|14/100
|move|p2b: Ogerpon|Ivy Cudgel|p1b: Zamazenta|[anim] Ivy Cudgel Fire
|-activate|p1b: Zamazenta|move: Protect
|
|-heal|p2b: Ogerpon|77/100|[from] Grassy Terrain
|-heal|p1b: Zamazenta|16/100|[from] Grassy Terrain
|-heal|p1a: Rillaboom|19/100|[from] Grassy Terrain
|upkeep
|turn|6
|inactive|Leacenh has 30 seconds left.
|inactive|Shrekers13 has 30 seconds left.
|inactive|Leacenh has 20 seconds left.
|inactive|Shrekers13 has 20 seconds left.
|inactive|Shrekers13 has 15 seconds left.
|
|t:|1750828021
|move|p1a: Rillaboom|Fake Out|p2a: Miraidon
|-damage|p2a: Miraidon|86/100
|cant|p2a: Miraidon|flinch
|move|p2b: Ogerpon|Ivy Cudgel|p1b: Zamazenta|[anim] Ivy Cudgel Fire
|-supereffective|p1b: Zamazenta
|-damage|p1b: Zamazenta|0 fnt
|faint|p1b: Zamazenta
|
|-heal|p2a: Miraidon|93/100|[from] Grassy Terrain
|-heal|p2b: Ogerpon|83/100|[from] Grassy Terrain
|-heal|p1a: Rillaboom|25/100|[from] Grassy Terrain
|upkeep
|
|t:|1750828030
|switch|p1b: Incineroar|Incineroar, L50, M|100/100
|-ability|p1b: Incineroar|Intimidate|boost
|-unboost|p2a: Miraidon|atk|1
|-unboost|p2b: Ogerpon|atk|1
|turn|7
|
|t:|1750828039
|move|p2a: Miraidon|Electro Drift|p1b: Incineroar
|-damage|p1b: Incineroar|43/100
|-enditem|p1b: Incineroar|Sitrus Berry|[eat]
|-heal|p1b: Incineroar|68/100|[from] item: Sitrus Berry
|move|p2b: Ogerpon|Ivy Cudgel|p1a: Rillaboom|[anim] Ivy Cudgel Fire
|-resisted|p1a: Rillaboom
|-damage|p1a: Rillaboom|11/100
|move|p1a: Rillaboom|Wood Hammer|p2a: Miraidon
|-resisted|p2a: Miraidon
|-damage|p2a: Miraidon|48/100
|-damage|p1a: Rillaboom|0 fnt|[from] Recoil
|faint|p1a: Rillaboom
|move|p1b: Incineroar|Knock Off|p2a: Miraidon
|-damage|p2a: Miraidon|7/100
|-enditem|p2a: Miraidon|Choice Specs|[from] move: Knock Off|[of] p1b: Incineroar
|
|-heal|p2a: Miraidon|14/100|[from] Grassy Terrain
|-heal|p2b: Ogerpon|89/100|[from] Grassy Terrain
|-heal|p1b: Incineroar|74/100|[from] Grassy Terrain
|upkeep
|turn|8
|
|t:|1750828061
|move|p2b: Ogerpon|Follow Me|p2b: Ogerpon
|-singleturn|p2b: Ogerpon|move: Follow Me
|move|p2a: Miraidon|Electro Drift|p1b: Incineroar
|-damage|p1b: Incineroar|36/100
|move|p1b: Incineroar|Knock Off|p2b: Ogerpon
|-damage|p2b: Ogerpon|54/100
|
|-heal|p2a: Miraidon|20/100|[from] Grassy Terrain
|-heal|p2b: Ogerpon|59/100|[from] Grassy Terrain
|-heal|p1b: Incineroar|42/100|[from] Grassy Terrain
|upkeep
|turn|9
|
|t:|1750828073
|move|p2b: Ogerpon|Follow Me|p2b: Ogerpon
|-singleturn|p2b: Ogerpon|move: Follow Me
|move|p2a: Miraidon|Electro Drift|p1b: Incineroar
|-damage|p1b: Incineroar|4/100
|move|p1b: Incineroar|Flare Blitz|p2b: Ogerpon
|-damage|p2b: Ogerpon|1/100
|-damage|p1b: Incineroar|0 fnt|[from] Recoil
|faint|p1b: Incineroar
|
|win|Shrekers13
|raw|Leacenh's rating: 1407 &rarr; <strong>1389</strong><br />(-18 for losing)
|raw|Shrekers13's rating: 1449 &rarr; <strong>1467</strong><br />(+18 for winning)
|l|☆Leacenh
|player|p1|
