|j|☆coolio2001
|j|☆SleepFete
|t:|1750775278
|gametype|doubles
|player|p1|coolio2001|102|1301
|player|p2|SleepFete|265|1377
|teamsize|p1|6
|teamsize|p2|6
|gen|9
|tier|[Gen 9] VGC 2025 Reg I
|rated|
|rule|Species Clause: Limit one of each Pokémon
|rule|Item Clause: Limit 1 of each item
|clearpoke
|poke|p1|Kyogre, L50|
|poke|p1|Zacian-*, L50|
|poke|p1|Pikachu, L50, M|
|poke|p1|Amoonguss, L50, F|
|poke|p1|Grimmsnarl, L50, M|
|poke|p1|Moltres-Galar, L50|
|poke|p2|Calyrex-Shadow, L50|
|poke|p2|Zamazenta-*, L50|
|poke|p2|Tornadus, L50, M|
|poke|p2|Smeargle, L50, M|
|poke|p2|Rillaboom, L50, F|
|poke|p2|Raging Bolt, L50|
|teampreview|4
|inactive|Battle timer is ON: inactive players will automatically lose when time's up. (requested by coolio2001)
|inactive|coolio2001 has 60 seconds left.
|inactive|SleepFete has 60 seconds left.
|inactive|coolio2001 has 30 seconds left.
|
|t:|1750775343
|start
|switch|p1a: Zacian|Zacian-Crowned, L50|100/100
|switch|p1b: Amoonguss|Amoonguss, L50, F|100/100
|switch|p2a: Zamazenta|Zamazenta-Crowned, L50|100/100
|switch|p2b: Rillaboom|Rillaboom, L50, F|100/100
|-ability|p1a: Zacian|Intrepid Sword|boost
|-boost|p1a: Zacian|atk|1
|-ability|p2a: Zamazenta|Dauntless Shield|boost
|-boost|p2a: Zamazenta|def|1
|-fieldstart|move: Grassy Terrain|[from] ability: Grassy Surge|[of] p2b: Rillaboom
|turn|1
|inactive|coolio2001 has 30 seconds left.
|inactive|SleepFete has 30 seconds left.
|inactive|coolio2001 has 20 seconds left.
|
|t:|1750775380
|move|p2b: Rillaboom|Fake Out|p1b: Amoonguss
|-damage|p1b: Amoonguss|91/100
|-damage|p2b: Rillaboom|84/100|[from] item: Rocky Helmet|[of] p1b: Amoonguss
|cant|p1b: Amoonguss|flinch
|move|p1a: Zacian|Sacred Sword|p2a: Zamazenta
|-supereffective|p2a: Zamazenta
|-damage|p2a: Zamazenta|44/100
|move|p2a: Zamazenta|Body Press|p1a: Zacian
|-damage|p1a: Zacian|43/100
|
|-heal|p1a: Zacian|49/100|[from] Grassy Terrain
|-heal|p2a: Zamazenta|50/100|[from] Grassy Terrain
|-heal|p2b: Rillaboom|90/100|[from] Grassy Terrain
|-heal|p1b: Amoonguss|97/100|[from] Grassy Terrain
|upkeep
|turn|2
|inactive|coolio2001 has 30 seconds left.
|inactive|SleepFete has 30 seconds left.
|inactive|coolio2001 has 20 seconds left.
|
|t:|1750775415
|move|p2a: Zamazenta|Protect|p2a: Zamazenta
|-singleturn|p2a: Zamazenta|Protect
|move|p1b: Amoonguss|Rage Powder|p1b: Amoonguss
|-singleturn|p1b: Amoonguss|move: Rage Powder
|move|p1a: Zacian|Behemoth Blade|p2b: Rillaboom
|-damage|p2b: Rillaboom|9/100
|move|p2b: Rillaboom|U-turn|p1a: Zacian
|-resisted|p1a: Zacian
|-damage|p1a: Zacian|44/100
|
|t:|1750775425
|switch|p2b: Calyrex|Calyrex-Shadow, L50|100/100|[from] U-turn
|-ability|p2b: Calyrex|As One
|-ability|p2b: Calyrex|Unnerve
|
|-heal|p1a: Zacian|50/100|[from] Grassy Terrain
|-heal|p2a: Zamazenta|57/100|[from] Grassy Terrain
|-heal|p1b: Amoonguss|100/100|[from] Grassy Terrain
|upkeep
|turn|3
|inactive|SleepFete has 30 seconds left.
|
|t:|1750775457
|-terastallize|p2a: Zamazenta|Grass
|move|p2b: Calyrex|Protect|p2b: Calyrex
|-singleturn|p2b: Calyrex|Protect
|move|p1a: Zacian|Protect|p1a: Zacian
|-singleturn|p1a: Zacian|Protect
|move|p2a: Zamazenta|Body Press|p1a: Zacian
|-activate|p1a: Zacian|move: Protect
|move|p1b: Amoonguss|Spore|p2b: Calyrex
|-activate|p2b: Calyrex|move: Protect
|
|-heal|p1a: Zacian|56/100|[from] Grassy Terrain
|-heal|p2a: Zamazenta|63/100|[from] Grassy Terrain
|upkeep
|turn|4
|inactive|coolio2001 has 30 seconds left.
|
|t:|1750775490
|switch|p2b: Rillaboom|Rillaboom, L50, F|9/100
|move|p1b: Amoonguss|Protect|p1b: Amoonguss
|-singleturn|p1b: Amoonguss|Protect
|move|p1a: Zacian|Behemoth Blade|p2b: Rillaboom
|-damage|p2b: Rillaboom|0 fnt
|faint|p2b: Rillaboom
|move|p2a: Zamazenta|Body Press|p1a: Zacian
|-damage|p1a: Zacian|0 fnt
|faint|p1a: Zacian
|
|-heal|p2a: Zamazenta|69/100|[from] Grassy Terrain
|upkeep
|
|t:|1750775506
|switch|p1a: Moltres|Moltres-Galar, L50|100/100
|switch|p2b: Calyrex|Calyrex-Shadow, L50|100/100
|-ability|p2b: Calyrex|As One
|-ability|p2b: Calyrex|Unnerve
|turn|5
|inactive|coolio2001 has 30 seconds left.
|
|t:|1750775537
|move|p2b: Calyrex|Protect|p2b: Calyrex
|-singleturn|p2b: Calyrex|Protect
|move|p2a: Zamazenta|Body Press|p1a: Moltres
|-damage|p1a: Moltres|39/100
|-ability|p1a: Moltres|Berserk|boost
|-boost|p1a: Moltres|spa|1
|move|p1a: Moltres|Tailwind|p1a: Moltres
|-sidestart|p1: coolio2001|move: Tailwind
|move|p1b: Amoonguss|Spore|p2b: Calyrex
|-activate|p2b: Calyrex|move: Protect
|
|-heal|p2a: Zamazenta|75/100|[from] Grassy Terrain
|-fieldend|move: Grassy Terrain
|upkeep
|turn|6
|inactive|SleepFete has 30 seconds left.
|inactive|SleepFete has 20 seconds left.
|inactive|SleepFete has 15 seconds left.
|
|t:|1750775577
|move|p1a: Moltres|Fiery Wrath|p2a: Zamazenta|[spread] p2a,p2b
|-supereffective|p2b: Calyrex
|-damage|p2a: Zamazenta|44/100
|-damage|p2b: Calyrex|0 fnt
|faint|p2b: Calyrex
|move|p2a: Zamazenta|Heavy Slam|p1b: Amoonguss
|-damage|p1b: Amoonguss|66/100
|-damage|p2a: Zamazenta|28/100|[from] item: Rocky Helmet|[of] p1b: Amoonguss
|move|p1b: Amoonguss|Pollen Puff|p1a: Moltres
|-heal|p1a: Moltres|89/100
|
|upkeep
|
|t:|1750775582
|switch|p2b: Raging Bolt|Raging Bolt, L50|100/100
|-enditem|p2b: Raging Bolt|Booster Energy
|-activate|p2b: Raging Bolt|ability: Protosynthesis|[fromitem]
|-start|p2b: Raging Bolt|protosynthesisspa
|turn|7
|inactive|SleepFete has 30 seconds left.
|inactive|SleepFete has 20 seconds left.
|
|t:|1750775620
|-terastallize|p1a: Moltres|Steel
|move|p2a: Zamazenta|Wide Guard|p2a: Zamazenta
|-singleturn|p2a: Zamazenta|Wide Guard
|move|p1a: Moltres|Hurricane|p2a: Zamazenta
|-supereffective|p2a: Zamazenta
|-damage|p2a: Zamazenta|0 fnt
|faint|p2a: Zamazenta
|move|p2b: Raging Bolt|Thunderbolt|p1a: Moltres
|-damage|p1a: Moltres|39/100
|-ability|p1a: Moltres|Berserk|boost
|-boost|p1a: Moltres|spa|1
|move|p1b: Amoonguss|Spore|p2b: Raging Bolt
|-status|p2b: Raging Bolt|slp|[from] move: Spore
|
|upkeep
|turn|8
|
|t:|1750775638
|move|p1a: Moltres|Fiery Wrath|p2b: Raging Bolt
|-damage|p2b: Raging Bolt|35/100 slp
|cant|p2b: Raging Bolt|slp
|move|p1b: Amoonguss|Pollen Puff|p1a: Moltres
|-heal|p1a: Moltres|88/100
|
|-sideend|p1: coolio2001|move: Tailwind
|upkeep
|turn|9
|
|t:|1750775651
|move|p1a: Moltres|Fiery Wrath|p2b: Raging Bolt
|-damage|p2b: Raging Bolt|0 fnt
|faint|p2b: Raging Bolt
|-end|p2b: Raging Bolt|Protosynthesis|[silent]
|
|win|coolio2001
|raw|coolio2001's rating: 1301 &rarr; <strong>1325</strong><br />(+24 for winning)
|raw|SleepFete's rating: 1377 &rarr; <strong>1353</strong><br />(-24 for losing)
|l|☆SleepFete
|player|p2|
|l|☆coolio2001
|player|p1|
