|j|‽miketrash123
|j|☆Pupsbaerchen
|t:|1750741855
|gametype|doubles
|player|p1|miketrash123|turo-ai|1195
|player|p2|Pupsbaerchen|beauty-gen4dp|1223
|teamsize|p1|6
|teamsize|p2|6
|gen|9
|tier|[Gen 9] VGC 2025 Reg I
|rated|
|rule|Species Clause: Limit one of each Pokémon
|rule|Item Clause: Limit 1 of each item
|clearpoke
|poke|p1|Calyrex-Ice, L50|
|poke|p1|Miraidon, L50|
|poke|p1|Iron Hands, L50|
|poke|p1|Grimmsnarl, L50, M|
|poke|p1|Farigiraf, L50, F|
|poke|p1|Chien-Pao, L50|
|poke|p2|Eternatus, L50|
|poke|p2|Entei, L50|
|poke|p2|Suicune, L50|
|poke|p2|Landorus-Therian, L50, M|
|poke|p2|Regieleki, L50|
|poke|p2|Amoonguss, L50, M|
|teampreview|4
miketrash123 has agreed to open team sheets.
|
|t:|1750741882
|start
|switch|p1a: Calyrex|Calyrex-Ice, L50|100/100
|switch|p1b: Farigiraf|Farigiraf, L50, F|100/100
|switch|p2a: Entei|Entei, L50|100/100
|switch|p2b: Amoonguss|Amoonguss, L50, M|100/100
|-ability|p1a: Calyrex|As One
|-ability|p1a: Calyrex|Unnerve
|turn|1
|inactive|Battle timer is ON: inactive players will automatically lose when time's up. (requested by miketrash123)
|
|t:|1750741906
|-terastallize|p1a: Calyrex|Fire
|-terastallize|p2b: Amoonguss|Water
|move|p2a: Entei|Sacred Fire|p1a: Calyrex
|-resisted|p1a: Calyrex
|-damage|p1a: Calyrex|84/100
|move|p1b: Farigiraf|Psychic Noise|p2b: Amoonguss
|-damage|p2b: Amoonguss|78/100
|-start|p2b: Amoonguss|move: Heal Block
|-enditem|p2b: Amoonguss|Mental Herb
|-end|p2b: Amoonguss|move: Heal Block
|move|p2b: Amoonguss|Spore|p1a: Calyrex
|-status|p1a: Calyrex|slp|[from] move: Spore
|cant|p1a: Calyrex|slp
|
|upkeep
|turn|2
|inactive|Pupsbaerchen has 30 seconds left.
|
|t:|1750741939
|switch|p1a: Miraidon|Miraidon, L50|100/100
|-fieldstart|move: Electric Terrain|[from] ability: Hadron Engine|[of] p1a: Miraidon
|-enditem|p1b: Farigiraf|Electric Seed
|-boost|p1b: Farigiraf|def|1|[from] item: Electric Seed
|move|p2a: Entei|Stomping Tantrum|p1a: Miraidon
|-supereffective|p1a: Miraidon
|-damage|p1a: Miraidon|44/100
|move|p1b: Farigiraf|Psychic Noise|p2b: Amoonguss
|-damage|p2b: Amoonguss|54/100
|-start|p2b: Amoonguss|move: Heal Block
|move|p2b: Amoonguss|Spore|p1b: Farigiraf
|-activate|p1b: Farigiraf|move: Electric Terrain
|
|upkeep
|turn|3
|inactive|miketrash123 has 30 seconds left.
|
|t:|1750741968
|move|p2b: Amoonguss|Rage Powder|p2b: Amoonguss
|-singleturn|p2b: Amoonguss|move: Rage Powder
|move|p1a: Miraidon|Volt Switch|p2b: Amoonguss
|-supereffective|p2b: Amoonguss
|-damage|p2b: Amoonguss|0 fnt
|faint|p2b: Amoonguss
|
|t:|1750741973
|switch|p1a: Chien-Pao|Chien-Pao, L50|100/100|[from] Volt Switch
|-ability|p1a: Chien-Pao|Sword of Ruin
|move|p2a: Entei|Stomping Tantrum|p1a: Chien-Pao
|-damage|p1a: Chien-Pao|64/100
|move|p1b: Farigiraf|Foul Play|p2a: Entei
|-damage|p2a: Entei|57/100
|
|upkeep
|
|t:|1750741987
|switch|p2b: Landorus|Landorus-Therian, L50, M|100/100
|-ability|p2b: Landorus|Intimidate|boost
|-unboost|p1a: Chien-Pao|atk|1
|-unboost|p1b: Farigiraf|atk|1
|turn|4
|
|t:|1750742005
|switch|p2b: Eternatus|Eternatus, L50|100/100
|-ability|p2b: Eternatus|Pressure
|move|p1a: Chien-Pao|Ice Spinner|p2b: Eternatus
|-supereffective|p2b: Eternatus
|-damage|p2b: Eternatus|44/100
|-fieldend|move: Electric Terrain
|move|p2a: Entei|Sacred Fire|p1a: Chien-Pao
|-supereffective|p1a: Chien-Pao
|-damage|p1a: Chien-Pao|0 fnt
|faint|p1a: Chien-Pao
|move|p1b: Farigiraf|Foul Play|p2a: Entei
|-damage|p2a: Entei|28/100
|
|upkeep
|
|t:|1750742015
|switch|p1a: Miraidon|Miraidon, L50|44/100
|-fieldstart|move: Electric Terrain|[from] ability: Hadron Engine|[of] p1a: Miraidon
|turn|5
|
|t:|1750742026
|switch|p2b: Landorus|Landorus-Therian, L50, M|100/100
|-ability|p2b: Landorus|Intimidate|boost
|-unboost|p1a: Miraidon|atk|1
|-unboost|p1b: Farigiraf|atk|1
|move|p1a: Miraidon|Volt Switch|p2a: Entei
|-damage|p2a: Entei|0 fnt
|faint|p2a: Entei
|
|t:|1750742032
|switch|p1a: Calyrex|Calyrex-Ice, L50, tera:Fire|84/100 slp|[from] Volt Switch
|-ability|p1a: Calyrex|As One
|-ability|p1a: Calyrex|Unnerve
|move|p1b: Farigiraf|Trick Room|p1b: Farigiraf
|-fieldstart|move: Trick Room|[of] p1b: Farigiraf
|
|upkeep
|
|t:|1750742041
|switch|p2a: Eternatus|Eternatus, L50|44/100
|-ability|p2a: Eternatus|Pressure
|turn|6
|
|t:|1750742051
|cant|p1a: Calyrex|slp
|move|p2a: Eternatus|Protect|p2a: Eternatus
|-singleturn|p2a: Eternatus|Protect
|move|p1b: Farigiraf|Psychic Noise|p2a: Eternatus
|-activate|p2a: Eternatus|move: Protect
|move|p2b: Landorus|Earth Power|p1a: Calyrex
|-supereffective|p1a: Calyrex
|-damage|p1a: Calyrex|31/100 slp
|
|upkeep
|turn|7
|
|t:|1750742067
|-curestatus|p1a: Calyrex|slp|[msg]
|move|p1a: Calyrex|Glacial Lance|p2b: Landorus|[spread] p2a,p2b
|-supereffective|p2a: Eternatus
|-crit|p2a: Eternatus
|-supereffective|p2b: Landorus
|-damage|p2a: Eternatus|0 fnt
|-damage|p2b: Landorus|0 fnt
|faint|p2a: Eternatus
|faint|p2b: Landorus
|
|win|miketrash123
|raw|miketrash123's rating: 1195 &rarr; <strong>1222</strong><br />(+27 for winning)
|raw|Pupsbaerchen's rating: 1223 &rarr; <strong>1196</strong><br />(-27 for losing)
|l|☆Pupsbaerchen
|player|p2|
|l|‽miketrash123
|player|p1|
