|j|☆just_danyy
|j|☆BraneFX
|t:|1750769366
|gametype|doubles
|player|p1|just_danyy|flannery|1486
|player|p2|BraneFX|blackbelt-gen4dp|1503
|teamsize|p1|6
|teamsize|p2|6
|gen|9
|tier|[Gen 9] VGC 2025 Reg I
|rated|
|rule|Species Clause: Limit one of each Pokémon
|rule|Item Clause: Limit 1 of each item
|clearpoke
|poke|p1|Calyrex-Ice, L50|
|poke|p1|Miraidon, L50|
|poke|p1|Urshifu-*, L50, M|
|poke|p1|Incineroar, L50, F|
|poke|p1|Landorus, L50, M|
|poke|p1|Whimsicott, L50, M|
|poke|p2|Koraidon, L50|
|poke|p2|Calyrex-Shadow, L50|
|poke|p2|Flutter Mane, L50|
|poke|p2|Walking Wake, L50|
|poke|p2|Weezing-Galar, L50, M|
|poke|p2|Brute Bonnet, L50|
|teampreview|4
|inactive|Battle timer is ON: inactive players will automatically lose when time's up. (requested by BraneFX)
|inactive|just_danyy also wants the timer to be on.
|inactive|just_danyy has 60 seconds left.
|
|t:|1750769401
|start
|switch|p1a: Norris|Landorus, L50, M|100/100
|switch|p1b: Cotone|Whimsicott, L50, M, shiny|100/100
|switch|p2a: Koraidon|Koraidon, L50|100/100
|switch|p2b: Weezing|Weezing-Galar, L50, M|100/100
|-ability|p2b: Weezing|Neutralizing Gas
|-block|p2a: Koraidon|item: Ability Shield
|-weather|SunnyDay|[from] ability: Orichalcum Pulse|[of] p2a: Koraidon
|-activate|p2a: Koraidon|Orichalcum Pulse|[source]
|turn|1
|
|t:|1750769418
|-terastallize|p2a: Koraidon|Fire
|move|p2b: Weezing|Protect|p2b: Weezing
|-singleturn|p2b: Weezing|Protect
|move|p2a: Koraidon|Flare Blitz|p1b: Cotone
|-supereffective|p1b: Cotone
|-damage|p1b: Cotone|0 fnt
|faint|p1b: Cotone
|-damage|p2a: Koraidon|69/100|[from] Recoil
|move|p1a: Norris|Earth Power|p2b: Weezing
|-activate|p2b: Weezing|move: Protect
|
|-weather|SunnyDay|[upkeep]
|upkeep
|
|t:|1750769429
|switch|p1b: Fuegro|Incineroar, L50, F|100/100
|turn|2
|
|t:|1750769442
|move|p1b: Fuegro|Fake Out|p2a: Koraidon
|-damage|p2a: Koraidon|59/100
|cant|p2a: Koraidon|flinch
|move|p1a: Norris|Earth Power|p2b: Weezing
|-supereffective|p2b: Weezing
|-damage|p2b: Weezing|0 fnt
|faint|p2b: Weezing
|-end|p2b: Weezing|ability: Neutralizing Gas
|-ability|p1b: Fuegro|Intimidate|boost
|-unboost|p2a: Koraidon|atk|1
|-damage|p1a: Norris|91/100|[from] item: Life Orb
|
|-weather|SunnyDay|[upkeep]
|upkeep
|
|t:|1750769448
|switch|p2b: Calyrex|Calyrex-Shadow, L50|100/100
|-ability|p2b: Calyrex|As One
|-ability|p2b: Calyrex|Unnerve
|turn|3
|
|t:|1750769463
|move|p1a: Norris|Protect|p1a: Norris
|-singleturn|p1a: Norris|Protect
|move|p2b: Calyrex|Astral Barrage|p1b: Fuegro|[spread] p1b
|-activate|p1a: Norris|move: Protect
|-resisted|p1b: Fuegro
|-damage|p1b: Fuegro|82/100
|move|p2a: Koraidon|Collision Course|p1b: Fuegro
|-supereffective|p1b: Fuegro
|-damage|p1b: Fuegro|0 fnt
|faint|p1b: Fuegro
|
|-weather|SunnyDay|[upkeep]
|upkeep
|
|t:|1750769473
|switch|p1b: Tuonocollo|Miraidon, L50|100/100
|-fieldstart|move: Electric Terrain|[from] ability: Hadron Engine|[of] p1b: Tuonocollo
|turn|4
|
|t:|1750769497
|-terastallize|p1b: Tuonocollo|Fairy
|move|p2b: Calyrex|Astral Barrage|p1a: Norris|[spread] p1a,p1b
|-damage|p1a: Norris|39/100
|-damage|p1b: Tuonocollo|62/100
|move|p2a: Koraidon|Collision Course|p1b: Tuonocollo
|-resisted|p1b: Tuonocollo
|-damage|p1b: Tuonocollo|43/100
|move|p1b: Tuonocollo|Electro Drift|p2a: Koraidon
|-damage|p2a: Koraidon|0 fnt
|faint|p2a: Koraidon
|move|p1a: Norris|Earth Power|p2b: Calyrex
|-damage|p2b: Calyrex|33/100
|
|-weather|SunnyDay|[upkeep]
|upkeep
|
|t:|1750769503
|switch|p2a: Flutter Mane|Flutter Mane, L50|100/100
|-activate|p2a: Flutter Mane|ability: Protosynthesis
|-start|p2a: Flutter Mane|protosynthesisspe
|turn|5
|
|t:|1750769519
|move|p2a: Flutter Mane|Dazzling Gleam|p1b: Tuonocollo|[spread] p1a,p1b
|-damage|p1a: Norris|0 fnt
|-damage|p1b: Tuonocollo|11/100
|faint|p1a: Norris
|move|p2b: Calyrex|Astral Barrage|p1b: Tuonocollo
|-damage|p1b: Tuonocollo|0 fnt
|faint|p1b: Tuonocollo
|
|win|BraneFX
|raw|just_danyy's rating: 1486 &rarr; <strong>1467</strong><br />(-19 for losing)
|raw|BraneFX's rating: 1503 &rarr; <strong>1522</strong><br />(+19 for winning)
|l|☆just_danyy
|player|p1|
|l|☆BraneFX
|player|p2|
