|j|☆GWMuk
|j|☆Mildly Displeased
|t:|1750841986
|gametype|doubles
|player|p1|GWMuk|crasherwake|1471
|player|p2|Mildly Displeased|lillie|1553
|teamsize|p1|6
|teamsize|p2|6
|gen|9
|tier|[Gen 9] VGC 2025 Reg I
|rated|
|rule|Species Clause: Limit one of each Pokémon
|rule|Item Clause: Limit 1 of each item
|clearpoke
|poke|p1|Urshifu-*, L50, F|
|poke|p1|Zamazenta-*, L50|
|poke|p1|Ogerpon-Wellspring, L50, F|
|poke|p1|Calyrex-Shadow, L50|
|poke|p1|Incineroar, L50, M|
|poke|p1|Rillaboom, L50, F|
|poke|p2|Primarina, L50, M|
|poke|p2|Talonflame, L50, F|
|poke|p2|Zamazenta-*, L50|
|poke|p2|Rillaboom, L50, F|
|poke|p2|Lunala, L50|
|poke|p2|Ting-Lu, L50|
|teampreview|4
|inactive|Battle timer is ON: inactive players will automatically lose when time's up. (requested by GWMuk)
|inactive|Mildly Displeased also wants the timer to be on.
|
|t:|1750842001
|start
|switch|p1a: Urshifu|Urshifu, L50, F|100/100
|switch|p1b: Zamazenta|Zamazenta-Crowned, L50|100/100
|switch|p2a: Phoenix|Talonflame, L50, F, shiny|100/100
|switch|p2b: Nebby|Lunala, L50|100/100
|-ability|p1b: Zamazenta|Dauntless Shield|boost
|-boost|p1b: Zamazenta|def|1
|turn|1
|
|t:|1750842020
|-terastallize|p2b: Nebby|Fairy
|move|p1a: Urshifu|Detect|p1a: Urshifu
|-singleturn|p1a: Urshifu|Protect
|move|p2a: Phoenix|Brave Bird|p1a: Urshifu
|-activate|p1a: Urshifu|move: Protect
|move|p1b: Zamazenta|Coaching|p1a: Urshifu
|-boost|p1a: Urshifu|atk|1
|-boost|p1a: Urshifu|def|1
|move|p2b: Nebby|Heat Wave|p1a: Urshifu|[spread] p1b
|-activate|p1a: Urshifu|move: Protect
|-supereffective|p1b: Zamazenta
|-crit|p1b: Zamazenta
|-damage|p1b: Zamazenta|37/100
|
|upkeep
|turn|2
|
|t:|1750842039
|-terastallize|p1a: Urshifu|Fairy
|move|p1b: Zamazenta|Wide Guard|p1b: Zamazenta
|-singleturn|p1b: Zamazenta|Wide Guard
|move|p2a: Phoenix|Brave Bird|p1a: Urshifu
|-damage|p1a: Urshifu|68/100
|-damage|p2a: Phoenix|88/100|[from] Recoil
|move|p1a: Urshifu|Wicked Blow|p2a: Phoenix
|-crit|p2a: Phoenix
|-damage|p2a: Phoenix|0 fnt
|faint|p2a: Phoenix
|move|p2b: Nebby|Heat Wave|p1b: Zamazenta|[spread] 
|-activate|p1a: Urshifu|move: Wide Guard
|-activate|p1b: Zamazenta|move: Wide Guard
|
|-heal|p1a: Urshifu|74/100|[from] item: Leftovers
|upkeep
|
|t:|1750842045
|switch|p2a: Little bro|Zamazenta-Crowned, L50|100/100
|-ability|p2a: Little bro|Dauntless Shield|boost
|-boost|p2a: Little bro|def|1
|turn|3
|
|t:|1750842058
|move|p1a: Urshifu|Detect|p1a: Urshifu
|-singleturn|p1a: Urshifu|Protect
|move|p1b: Zamazenta|Body Press|p2a: Little bro
|-supereffective|p2a: Little bro
|-damage|p2a: Little bro|46/100
|move|p2a: Little bro|Heavy Slam|p1a: Urshifu
|-activate|p1a: Urshifu|move: Protect
|move|p2b: Nebby|Heat Wave|p1a: Urshifu|[spread] p1b
|-activate|p1a: Urshifu|move: Protect
|-supereffective|p1b: Zamazenta
|-damage|p1b: Zamazenta|0 fnt
|faint|p1b: Zamazenta
|
|-heal|p1a: Urshifu|79/100|[from] item: Leftovers
|upkeep
|
|t:|1750842070
|switch|p1b: Rillaboom|Rillaboom, L50, F|100/100
|-fieldstart|move: Grassy Terrain|[from] ability: Grassy Surge|[of] p1b: Rillaboom
|turn|4
|
|t:|1750842089
|move|p1b: Rillaboom|Fake Out|p2b: Nebby
|-damage|p2b: Nebby|95/100
|move|p2a: Little bro|Heavy Slam|p1a: Urshifu
|-supereffective|p1a: Urshifu
|-damage|p1a: Urshifu|16/100
|move|p1a: Urshifu|Wicked Blow|p2a: Little bro
|-resisted|p2a: Little bro
|-crit|p2a: Little bro
|-damage|p2a: Little bro|18/100
|cant|p2b: Nebby|flinch
|
|-heal|p2a: Little bro|25/100|[from] Grassy Terrain
|-heal|p1a: Urshifu|22/100|[from] Grassy Terrain
|-heal|p1a: Urshifu|28/100|[from] item: Leftovers
|-heal|p2b: Nebby|100/100|[from] Grassy Terrain
|upkeep
|turn|5
|
|t:|1750842105
|move|p1a: Urshifu|Detect|p1a: Urshifu
|-singleturn|p1a: Urshifu|Protect
|move|p2a: Little bro|Body Press|p1b: Rillaboom
|-damage|p1b: Rillaboom|35/100
|move|p2b: Nebby|Heat Wave|p1b: Rillaboom|[spread] p1b
|-activate|p1a: Urshifu|move: Protect
|-supereffective|p1b: Rillaboom
|-damage|p1b: Rillaboom|0 fnt
|faint|p1b: Rillaboom
|
|-heal|p2a: Little bro|31/100|[from] Grassy Terrain
|-heal|p1a: Urshifu|34/100|[from] Grassy Terrain
|-heal|p1a: Urshifu|39/100|[from] item: Leftovers
|upkeep
|
|t:|1750842110
|switch|p1b: Calyrex|Calyrex-Shadow, L50|100/100
|-ability|p1b: Calyrex|As One
|-ability|p1b: Calyrex|Unnerve
|turn|6
|-message|GWMuk forfeited.
|
|win|Mildly Displeased
|raw|GWMuk's rating: 1471 &rarr; <strong>1456</strong><br />(-15 for losing)
|raw|Mildly Displeased's rating: 1553 &rarr; <strong>1568</strong><br />(+15 for winning)
|l|☆GWMuk
|player|p1|
|l|☆Mildly Displeased
|player|p2|
