|j|☆Scottyboi3
|j|☆Nickpents
|t:|1750781978
|gametype|doubles
|player|p1|Scottyboi3|169|1025
|player|p2|Nickpents|266|1000
|teamsize|p1|6
|teamsize|p2|6
|gen|9
|tier|[Gen 9] VGC 2025 Reg I
|rated|
|rule|Species Clause: Limit one of each Pokémon
|rule|Item Clause: Limit 1 of each item
|clearpoke
|poke|p1|Incineroar, L50, M|
|poke|p1|Kyogre, L50|
|poke|p1|Tornadus, L50, M|
|poke|p1|Amoonguss, L50, F|
|poke|p1|Roaring Moon, L50|
|poke|p1|Ting-Lu, L50|
|poke|p2|Urshifu-*, L50, F|
|poke|p2|Incineroar, L50, M|
|poke|p2|Farigiraf, L50, M|
|poke|p2|Cresselia, L50, F|
|poke|p2|Torkoal, L50, M|
|poke|p2|Zamazenta-*, L50|
|teampreview|4
|
|t:|1750782015
|start
|switch|p1a: Incineroar|Incineroar, L50, M|100/100
|switch|p1b: Ting-Lu|Ting-Lu, L50|100/100
|switch|p2a: Farigiraf|Farigiraf, L50, M|100/100
|switch|p2b: Incineroar|Incineroar, L50, M|100/100
|-ability|p2b: Incineroar|Intimidate|boost
|-unboost|p1a: Incineroar|atk|1
|-unboost|p1b: Ting-Lu|atk|1
|-ability|p1a: Incineroar|Intimidate|boost
|-unboost|p2a: Farigiraf|atk|1
|-unboost|p2b: Incineroar|atk|1
|-ability|p1b: Ting-Lu|Vessel of Ruin
|turn|1
|
|t:|1750782040
|move|p2b: Incineroar|Fake Out|p1a: Incineroar
|-damage|p1a: Incineroar|93/100
|cant|p1a: Incineroar|flinch
|move|p1b: Ting-Lu|Taunt|p2a: Farigiraf
|-start|p2a: Farigiraf|move: Taunt
|cant|p2a: Farigiraf|move: Taunt|Trick Room
|
|upkeep
|turn|2
|
|t:|1750782057
|switch|p2a: Cresselia|Cresselia, L50, F|100/100
|move|p2b: Incineroar|Parting Shot|p1b: Ting-Lu
|-unboost|p1b: Ting-Lu|atk|1
|-unboost|p1b: Ting-Lu|spa|1
|
|t:|1750782067
|switch|p2b: Farigiraf|Farigiraf, L50, M|100/100|[from] Parting Shot
|move|p1a: Incineroar|Flare Blitz|p2a: Cresselia
|-damage|p2a: Cresselia|84/100
|-damage|p1a: Incineroar|76/100|[from] item: Rocky Helmet|[of] p2a: Cresselia
|-damage|p1a: Incineroar|70/100|[from] Recoil
|move|p1b: Ting-Lu|Stomping Tantrum|p2b: Farigiraf
|-damage|p2b: Farigiraf|86/100
|
|upkeep
|turn|3
|
|t:|1750782099
|move|p2a: Cresselia|Icy Wind|p1a: Incineroar|[spread] p1a,p1b
|-resisted|p1a: Incineroar
|-supereffective|p1b: Ting-Lu
|-damage|p1a: Incineroar|68/100
|-damage|p1b: Ting-Lu|94/100
|-unboost|p1a: Incineroar|spe|1
|-unboost|p1b: Ting-Lu|spe|1
|move|p1a: Incineroar|Parting Shot|p2a: Cresselia
|-unboost|p2a: Cresselia|atk|1
|-unboost|p2a: Cresselia|spa|1
|
|t:|1750782109
|switch|p1a: Amoonguss|Amoonguss, L50, F|100/100|[from] Parting Shot
|move|p1b: Ting-Lu|Ruination|p2b: Farigiraf
|-damage|p2b: Farigiraf|43/100
|move|p2b: Farigiraf|Trick Room|p2b: Farigiraf
|-fieldstart|move: Trick Room|[of] p2b: Farigiraf
|
|-heal|p1b: Ting-Lu|99/100|[from] item: Leftovers
|upkeep
|turn|4
|
|t:|1750782126
|switch|p2b: Torkoal|Torkoal, L50, M|100/100
|-weather|SunnyDay|[from] ability: Drought|[of] p2b: Torkoal
|move|p1b: Ting-Lu|Stomping Tantrum|p2b: Torkoal
|-supereffective|p2b: Torkoal
|-crit|p2b: Torkoal
|-damage|p2b: Torkoal|22/100
|move|p1a: Amoonguss|Spore|p2a: Cresselia
|-status|p2a: Cresselia|slp|[from] move: Spore
|cant|p2a: Cresselia|slp
|
|-weather|SunnyDay|[upkeep]
|-heal|p1b: Ting-Lu|100/100|[from] item: Leftovers
|upkeep
|turn|5
|
|t:|1750782164
|move|p1a: Amoonguss|Protect|p1a: Amoonguss
|-singleturn|p1a: Amoonguss|Protect
|move|p2b: Torkoal|Lava Plume|p1a: Amoonguss|[spread] p2a,p1b
|-activate|p1a: Amoonguss|move: Protect
|-damage|p2a: Cresselia|66/100 slp
|-damage|p1b: Ting-Lu|83/100
|move|p1b: Ting-Lu|Stomping Tantrum|p2b: Torkoal
|-supereffective|p2b: Torkoal
|-damage|p2b: Torkoal|0 fnt
|faint|p2b: Torkoal
|-curestatus|p2a: Cresselia|slp|[msg]
|move|p2a: Cresselia|Thunder Wave|p1a: Amoonguss
|-activate|p1a: Amoonguss|move: Protect
|
|-weather|SunnyDay|[upkeep]
|-heal|p1b: Ting-Lu|89/100|[from] item: Leftovers
|upkeep
|
|t:|1750782214
|switch|p2b: Incineroar|Incineroar, L50, M|100/100
|-ability|p2b: Incineroar|Intimidate|boost
|-unboost|p1a: Amoonguss|atk|1
|-unboost|p1b: Ting-Lu|atk|1
|turn|6
|
|t:|1750782252
|switch|p1a: Incineroar|Incineroar, L50, M|68/100
|-ability|p1a: Incineroar|Intimidate|boost
|-unboost|p2a: Cresselia|atk|1
|-unboost|p2b: Incineroar|atk|1
|move|p1b: Ting-Lu|Stomping Tantrum|p2b: Incineroar
|-supereffective|p2b: Incineroar
|-damage|p2b: Incineroar|77/100
|move|p2a: Cresselia|Thunder Wave|p1a: Incineroar
|-status|p1a: Incineroar|par
|move|p2b: Incineroar|Flare Blitz|p1a: Incineroar
|-resisted|p1a: Incineroar
|-damage|p1a: Incineroar|46/100 par
|-damage|p2b: Incineroar|69/100|[from] Recoil
|
|-weather|SunnyDay|[upkeep]
|-heal|p1b: Ting-Lu|95/100|[from] item: Leftovers
|-heal|p2b: Incineroar|75/100|[from] item: Leftovers
|upkeep
|turn|7
|
|t:|1750782297
|switch|p1a: Roaring Moon|Roaring Moon, L50|100/100
|-activate|p1a: Roaring Moon|ability: Protosynthesis
|-start|p1a: Roaring Moon|protosynthesisatk
|move|p1b: Ting-Lu|Taunt|p2a: Cresselia
|-start|p2a: Cresselia|move: Taunt
|cant|p2a: Cresselia|move: Taunt|Thunder Wave
|move|p2b: Incineroar|Parting Shot|p1a: Roaring Moon
|-unboost|p1a: Roaring Moon|atk|1
|-unboost|p1a: Roaring Moon|spa|1
|
|t:|1750782308
|switch|p2b: Farigiraf|Farigiraf, L50, M|43/100|[from] Parting Shot
|
|-weather|SunnyDay|[upkeep]
|-heal|p1b: Ting-Lu|100/100|[from] item: Leftovers
|-fieldend|move: Trick Room
|upkeep
|turn|8
|
|t:|1750782343
|-terastallize|p1a: Roaring Moon|Flying
|move|p1a: Roaring Moon|Acrobatics|p2b: Farigiraf
|-damage|p2b: Farigiraf|16/100
|move|p2a: Cresselia|Icy Wind|p1a: Roaring Moon|[spread] p1a,p1b
|-supereffective|p1a: Roaring Moon
|-supereffective|p1b: Ting-Lu
|-damage|p1a: Roaring Moon|93/100
|-damage|p1b: Ting-Lu|97/100
|-unboost|p1a: Roaring Moon|spe|1
|-unboost|p1b: Ting-Lu|spe|1
|move|p2b: Farigiraf|Dazzling Gleam|p1a: Roaring Moon|[spread] p1a,p1b
|-supereffective|p1b: Ting-Lu
|-damage|p1a: Roaring Moon|79/100
|-damage|p1b: Ting-Lu|81/100
|move|p1b: Ting-Lu|Taunt|p2b: Farigiraf
|-start|p2b: Farigiraf|move: Taunt
|
|-weather|none
|-end|p1a: Roaring Moon|Protosynthesis
|-heal|p1b: Ting-Lu|87/100|[from] item: Leftovers
|upkeep
|-enditem|p1a: Roaring Moon|Booster Energy
|-activate|p1a: Roaring Moon|ability: Protosynthesis|[fromitem]
|-start|p1a: Roaring Moon|protosynthesisatk
|turn|9
|
|t:|1750782384
|-end|p1a: Roaring Moon|Protosynthesis|[silent]
|switch|p1a: Amoonguss|Amoonguss, L50, F|100/100
|switch|p1b: Incineroar|Incineroar, L50, M|46/100 par
|-ability|p1b: Incineroar|Intimidate|boost
|-unboost|p2a: Cresselia|atk|1
|-unboost|p2b: Farigiraf|atk|1
|move|p2a: Cresselia|Icy Wind|p1b: Incineroar|[spread] p1a,p1b
|-supereffective|p1a: Amoonguss
|-resisted|p1b: Incineroar
|-damage|p1a: Amoonguss|91/100
|-damage|p1b: Incineroar|45/100 par
|-unboost|p1a: Amoonguss|spe|1
|-unboost|p1b: Incineroar|spe|1
|move|p2b: Farigiraf|Dazzling Gleam|p1b: Incineroar|[spread] p1a,p1b
|-resisted|p1a: Amoonguss
|-damage|p1a: Amoonguss|83/100
|-damage|p1b: Incineroar|31/100 par
|
|-end|p2a: Cresselia|move: Taunt
|upkeep
|turn|10
|l|☆Nickpents
|player|p2|
|inactive|Battle timer is ON: inactive players will automatically lose when time's up. (requested by Scottyboi3)
|inactive|Nickpents has 30 seconds to reconnect!
|inactive|Nickpents has 20 seconds to reconnect!
|inactive|Nickpents has 15 seconds to reconnect!
|inactive|Nickpents has 10 seconds to reconnect!
|l|☆Scottyboi3
|inactive|Scottyboi3 disconnected and has a minute to reconnect!
|player|p1|
|inactive|Nickpents has 5 seconds to reconnect!
|j|☆Scottyboi3
|inactive|Scottyboi3 reconnected.
|player|p1|Scottyboi3|169|
|-message|Nickpents lost due to inactivity.
|
|win|Scottyboi3
|raw|Scottyboi3's rating: 1025 &rarr; <strong>1059</strong><br />(+34 for winning)
|raw|Nickpents's rating: 1000 &rarr; <strong>1000</strong><br />(+0 for losing)
