|j|☆Moosewii7
|j|☆Revandd
|t:|1750775045
|gametype|doubles
|player|p1|Moosewii7|101|1390
|player|p2|Revandd|102|1401
|teamsize|p1|6
|teamsize|p2|6
|gen|9
|tier|[Gen 9] VGC 2025 Reg I
|rated|
|rule|Species Clause: Limit one of each Pokémon
|rule|Item Clause: Limit 1 of each item
|clearpoke
|poke|p1|Calyrex-Shadow, L50|
|poke|p1|Garganacl, L50, F|
|poke|p1|Indeedee-F, L50, F|
|poke|p1|Iron Hands, L50|
|poke|p1|Kyogre, L50|
|poke|p1|Maushold-Four, L50|
|poke|p2|Raichu-Alola, L50, M|
|poke|p2|Miraidon, L50|
|poke|p2|Lunala, L50|
|poke|p2|Ogerpon-Wellspring, L50, F|
|poke|p2|Incineroar, L50, M|
|poke|p2|Urshifu-*, L50, M|
|teampreview|4
|inactive|Battle timer is ON: inactive players will automatically lose when time's up. (requested by Moosewii7)
Moosewii7 rejected open team sheets.
|
|t:|1750775063
|start
|switch|p1a: Indeedee|Indeedee-F, L50, F|100/100
|switch|p1b: Kyogre|Kyogre, L50|100/100
|switch|p2a: Urshifu|Urshifu, L50, M|100/100
|switch|p2b: Miraidon|Miraidon, L50|100/100
|-fieldstart|move: Electric Terrain|[from] ability: Hadron Engine|[of] p2b: Miraidon
|-weather|RainDance|[from] ability: Drizzle|[of] p1b: Kyogre
|-fieldstart|move: Psychic Terrain|[from] ability: Psychic Surge|[of] p1a: Indeedee
|turn|1
|
|t:|1750775079
|-terastallize|p1b: Kyogre|Water
|move|p1a: Indeedee|Follow Me|p1a: Indeedee
|-singleturn|p1a: Indeedee|move: Follow Me
|move|p2a: Urshifu|Wicked Blow|p1a: Indeedee
|-supereffective|p1a: Indeedee
|-crit|p1a: Indeedee
|-damage|p1a: Indeedee|0 fnt
|faint|p1a: Indeedee
|move|p2b: Miraidon|Volt Switch|p1b: Kyogre
|-supereffective|p1b: Kyogre
|-damage|p1b: Kyogre|53/100
|
|t:|1750775089
|switch|p2b: Ogerpon|Ogerpon-Wellspring, L50, F|100/100|[from] Volt Switch
|move|p1b: Kyogre|Water Spout|p2a: Urshifu|[spread] p2a
|-immune|p2b: Ogerpon|[from] ability: Water Absorb
|-damage|p2a: Urshifu|0 fnt
|faint|p2a: Urshifu
|
|-weather|RainDance|[upkeep]
|upkeep
|
|t:|1750775101
|switch|p2a: Miraidon|Miraidon, L50|100/100
|switch|p1a: Maushold|Maushold-Four, L50|100/100
|-fieldstart|move: Electric Terrain|[from] ability: Hadron Engine|[of] p2a: Miraidon
|turn|2
|
|t:|1750775111
|-terastallize|p2a: Miraidon|Fairy
|move|p1b: Kyogre|Protect|p1b: Kyogre
|-singleturn|p1b: Kyogre|Protect
|move|p2b: Ogerpon|Follow Me|p2b: Ogerpon
|-singleturn|p2b: Ogerpon|move: Follow Me
|move|p2a: Miraidon|Dazzling Gleam|p1a: Maushold|[spread] p1a
|-activate|p1b: Kyogre|move: Protect
|-damage|p1a: Maushold|34/100
|move|p1a: Maushold|Population Bomb|p2b: Ogerpon
|-damage|p2b: Ogerpon|86/100
|-damage|p2b: Ogerpon|69/100
|-damage|p2b: Ogerpon|53/100
|-damage|p2b: Ogerpon|37/100
|-damage|p2b: Ogerpon|23/100
|-damage|p2b: Ogerpon|8/100
|-damage|p2b: Ogerpon|0 fnt
|faint|p2b: Ogerpon
|-hitcount|p2: Ogerpon|7
|
|-weather|RainDance|[upkeep]
|upkeep
|
|t:|1750775119
|switch|p2b: Raichu|Raichu-Alola, L50, M|100/100
|turn|3
|
|t:|1750775140
|move|p1a: Maushold|Protect|p1a: Maushold
|-singleturn|p1a: Maushold|Protect
|move|p2b: Raichu|Thunderbolt|p1b: Kyogre
|-supereffective|p1b: Kyogre
|-damage|p1b: Kyogre|0 fnt
|faint|p1b: Kyogre
|move|p2a: Miraidon|Dazzling Gleam|p1a: Maushold
|-activate|p1a: Maushold|move: Protect
|
|-weather|RainDance|[upkeep]
|upkeep
|
|t:|1750775151
|switch|p1b: Calyrex|Calyrex-Shadow, L50|100/100
|-ability|p1b: Calyrex|As One
|-ability|p1b: Calyrex|Unnerve
|turn|4
|
|t:|1750775158
|move|p1a: Maushold|Follow Me|p1a: Maushold
|-singleturn|p1a: Maushold|move: Follow Me
|move|p2b: Raichu|Thunderbolt|p1a: Maushold
|-damage|p1a: Maushold|0 fnt
|faint|p1a: Maushold
|move|p1b: Calyrex|Astral Barrage|p2b: Raichu|[spread] p2a,p2b
|-supereffective|p2b: Raichu
|-damage|p2a: Miraidon|71/100
|-enditem|p2b: Raichu|Focus Sash
|-damage|p2b: Raichu|1/100
|move|p2a: Miraidon|Dazzling Gleam|p1b: Calyrex
|-damage|p1b: Calyrex|41/100
|
|-weather|RainDance|[upkeep]
|upkeep
|turn|5
|
|t:|1750775174
|move|p2b: Raichu|Thunderbolt|p1b: Calyrex
|-damage|p1b: Calyrex|0 fnt
|faint|p1b: Calyrex
|
|win|Revandd
|raw|Moosewii7's rating: 1390 &rarr; <strong>1371</strong><br />(-19 for losing)
|raw|Revandd's rating: 1401 &rarr; <strong>1420</strong><br />(+19 for winning)
|l|☆Moosewii7
|player|p1|
|l|☆Revandd
|player|p2|
