|j|☆Aabraao
|j|☆sturbyy
|t:|1750861342
|gametype|doubles
|player|p1|Aabraao|hilbert|1583
|player|p2|sturbyy|2|1693
|teamsize|p1|6
|teamsize|p2|6
|gen|9
|tier|[Gen 9] VGC 2025 Reg I
|rated|
|rule|Species Clause: Limit one of each Pokémon
|rule|Item Clause: Limit 1 of each item
|clearpoke
|poke|p1|Lunala, L50|
|poke|p1|Calyrex-Ice, L50|
|poke|p1|Incineroar, L50, F|
|poke|p1|Kingambit, L50, M|
|poke|p1|Ogerpon-Cornerstone, L50, F|
|poke|p1|Torkoal, L50, F|
|poke|p2|Miraidon, L50|
|poke|p2|Calyrex-Ice, L50|
|poke|p2|Incineroar, L50, F|
|poke|p2|Landorus, L50, M|
|poke|p2|Urshifu-*, L50, M|
|poke|p2|Farigiraf, L50, M|
|teampreview|4
|inactive|Battle timer is ON: inactive players will automatically lose when time's up. (requested by Aabraao)
|
|t:|1750861361
|start
|switch|p1a: Calyrex|Calyrex-Ice, L50|100/100
|switch|p1b: Ogerpon|Ogerpon-Cornerstone, L50, F|100/100
|switch|p2a: Calyrex|Calyrex-Ice, L50|100/100
|switch|p2b: Urshifu|Urshifu-Rapid-Strike, L50, M|100/100
|-ability|p2a: Calyrex|As One
|-ability|p2a: Calyrex|Unnerve
|-ability|p1a: Calyrex|As One
|-ability|p1a: Calyrex|Unnerve
|turn|1
|
|t:|1750861376
|-terastallize|p2a: Calyrex|Water
|move|p2b: Urshifu|U-turn|p1b: Ogerpon
|-supereffective|p1b: Ogerpon
|-damage|p1b: Ogerpon|35/100
|
|t:|1750861381
|switch|p2b: Farigiraf|Farigiraf, L50, M|100/100|[from] U-turn
|move|p1b: Ogerpon|Horn Leech|p2b: Farigiraf
|-damage|p2b: Farigiraf|53/100
|-heal|p1b: Ogerpon|67/100|[from] drain|[of] p2b: Farigiraf
|move|p2a: Calyrex|Glacial Lance|p1a: Calyrex|[spread] p1a,p1b
|-resisted|p1a: Calyrex
|-supereffective|p1b: Ogerpon
|-damage|p1a: Calyrex|83/100
|-damage|p1b: Ogerpon|0 fnt
|faint|p1b: Ogerpon
|-ability|p2a: Calyrex|Chilling Neigh|boost
|-boost|p2a: Calyrex|atk|1
|move|p1a: Calyrex|Glacial Lance|p2b: Farigiraf|[spread] p2a,p2b
|-resisted|p2a: Calyrex
|-damage|p2a: Calyrex|84/100
|-damage|p2b: Farigiraf|0 fnt
|faint|p2b: Farigiraf
|-ability|p1a: Calyrex|Chilling Neigh|boost
|-boost|p1a: Calyrex|atk|1
|
|-heal|p2a: Calyrex|90/100|[from] item: Leftovers
|upkeep
|
|t:|1750861399
|switch|p1b: Kingambit|Kingambit, L50, M|100/100
|switch|p2b: Urshifu|Urshifu-Rapid-Strike, L50, M|100/100
|turn|2
|
|t:|1750861417
|move|p2b: Urshifu|Coaching|p2a: Calyrex
|-boost|p2a: Calyrex|atk|1
|-boost|p2a: Calyrex|def|1
|move|p2a: Calyrex|Leech Seed|p1a: Calyrex
|-start|p1a: Calyrex|move: Leech Seed
|move|p1b: Kingambit|Low Kick|p2a: Calyrex
|-damage|p2a: Calyrex|69/100
|move|p1a: Calyrex|Trick Room|p1a: Calyrex
|-fieldstart|move: Trick Room|[of] p1a: Calyrex
|
|-heal|p2a: Calyrex|75/100|[from] item: Leftovers
|-damage|p1a: Calyrex|71/100|[from] Leech Seed|[of] p2a: Calyrex
|-heal|p2a: Calyrex|87/100|[silent]
|upkeep
|turn|3
|
|t:|1750861436
|move|p1a: Calyrex|Glacial Lance|p2b: Urshifu|[spread] p2a,p2b
|-resisted|p2a: Calyrex
|-resisted|p2b: Urshifu
|-crit|p2b: Urshifu
|-damage|p2a: Calyrex|70/100
|-damage|p2b: Urshifu|36/100
|move|p1b: Kingambit|Kowtow Cleave|p2b: Urshifu
|-resisted|p2b: Urshifu
|-damage|p2b: Urshifu|8/100
|move|p2a: Calyrex|Leech Seed|p1b: Kingambit
|-start|p1b: Kingambit|move: Leech Seed
|move|p2b: Urshifu|Coaching|p2a: Calyrex
|-boost|p2a: Calyrex|atk|1
|-boost|p2a: Calyrex|def|1
|
|-heal|p2a: Calyrex|75/100|[from] item: Leftovers
|-damage|p1b: Kingambit|88/100|[from] Leech Seed|[of] p2a: Calyrex
|-heal|p2a: Calyrex|87/100|[silent]
|-damage|p1a: Calyrex|59/100|[from] Leech Seed|[of] p2a: Calyrex
|-heal|p2a: Calyrex|99/100|[silent]
|upkeep
|turn|4
|
|t:|1750861457
|move|p1b: Kingambit|Kowtow Cleave|p2a: Calyrex
|-damage|p2a: Calyrex|83/100
|move|p1a: Calyrex|Glacial Lance|p2b: Urshifu|[spread] p2a,p2b
|-resisted|p2a: Calyrex
|-resisted|p2b: Urshifu
|-damage|p2a: Calyrex|69/100
|-damage|p2b: Urshifu|0 fnt
|faint|p2b: Urshifu
|-ability|p1a: Calyrex|Chilling Neigh|boost
|-boost|p1a: Calyrex|atk|1
|move|p2a: Calyrex|Trick Room|p2a: Calyrex
|-fieldend|move: Trick Room
|
|-heal|p2a: Calyrex|75/100|[from] item: Leftovers
|-damage|p1b: Kingambit|76/100|[from] Leech Seed|[of] p2a: Calyrex
|-heal|p2a: Calyrex|87/100|[silent]
|-damage|p1a: Calyrex|47/100|[from] Leech Seed|[of] p2a: Calyrex
|-heal|p2a: Calyrex|99/100|[silent]
|upkeep
|
|t:|1750861463
|switch|p2b: Miraidon|Miraidon, L50|100/100
|-fieldstart|move: Electric Terrain|[from] ability: Hadron Engine|[of] p2b: Miraidon
|turn|5
|
|t:|1750861477
|-terastallize|p1a: Calyrex|Ground
|move|p2b: Miraidon|Electro Drift|p1a: Calyrex
|-immune|p1a: Calyrex
|move|p2a: Calyrex|Glacial Lance|p1a: Calyrex|[spread] p1a,p1b
|-supereffective|p1a: Calyrex
|-resisted|p1b: Kingambit
|-damage|p1a: Calyrex|0 fnt
|-damage|p1b: Kingambit|25/100
|faint|p1a: Calyrex
|-ability|p2a: Calyrex|Chilling Neigh|boost
|-boost|p2a: Calyrex|atk|1
|move|p1b: Kingambit|Kowtow Cleave|p2a: Calyrex
|-damage|p2a: Calyrex|83/100
|
|-heal|p2a: Calyrex|88/100|[from] item: Leftovers
|-damage|p1b: Kingambit|13/100|[from] Leech Seed|[of] p2a: Calyrex
|-heal|p2a: Calyrex|100/100|[silent]
|upkeep
|
|t:|1750861479
|switch|p1a: Torkoal|Torkoal, L50, F|100/100
|-weather|SunnyDay|[from] ability: Drought|[of] p1a: Torkoal
|turn|6
|-message|Aabraao forfeited.
|
|win|sturbyy
|raw|Aabraao's rating: 1583 &rarr; <strong>1569</strong><br />(-14 for losing)
|raw|sturbyy's rating: 1693 &rarr; <strong>1707</strong><br />(+14 for winning)
|l|☆Aabraao
|player|p1|
|c|☆sturbyy|Gg
|l|☆sturbyy
|player|p2|
