|j|☆FIlmor2004
|j|☆CadaverLuke
|t:|1750707294
|gametype|doubles
|player|p1|FIlmor2004|265|1109
|player|p2|CadaverLuke|101|1120
|teamsize|p1|6
|teamsize|p2|6
|gen|9
|tier|[Gen 9] VGC 2025 Reg I
|rated|
|rule|Species Clause: Limit one of each Pokémon
|rule|Item Clause: Limit 1 of each item
|clearpoke
|poke|p1|Koraidon, L50|
|poke|p1|Kyurem-White, L50|
|poke|p1|Iron Hands, L50|
|poke|p1|Flutter Mane, L50|
|poke|p1|Tornadus, L50, M|
|poke|p1|Amoonguss, L50, F|
|poke|p2|Whimsicott, L50, F|
|poke|p2|Indeedee, L50, M|
|poke|p2|Urshifu-*, L50, F|
|poke|p2|Kyogre, L50|
|poke|p2|Annihilape, L50, F|
|poke|p2|Calyrex-Shadow, L50|
|teampreview|4
|inactive|Battle timer is ON: inactive players will automatically lose when time's up. (requested by FIlmor2004)
|
|t:|1750707320
|start
|switch|p1a: Kyurem|Kyurem-White, L50|100/100
|switch|p1b: Tornadus|Tornadus, L50, M|100/100
|switch|p2a: Whimsicott|Whimsicott, L50, F|100/100
|switch|p2b: Indeedee|Indeedee, L50, M|100/100
|-ability|p1a: Kyurem|Turboblaze
|-fieldstart|move: Psychic Terrain|[from] ability: Psychic Surge|[of] p2b: Indeedee
|turn|1
|
|t:|1750707345
|move|p1b: Tornadus|Taunt|p2b: Indeedee
|-activate|p2b: Indeedee|move: Psychic Terrain
|move|p2a: Whimsicott|Tailwind|p2a: Whimsicott
|-sidestart|p2: CadaverLuke|move: Tailwind
|move|p2b: Indeedee|Expanding Force|p1a: Kyurem|[spread] p1a,p1b
|-damage|p1a: Kyurem|31/100
|-damage|p1b: Tornadus|7/100
|-damage|p2b: Indeedee|91/100|[from] item: Life Orb
|move|p1a: Kyurem|Fusion Flare|p2a: Whimsicott
|-supereffective|p2a: Whimsicott
|-damage|p2a: Whimsicott|0 fnt
|faint|p2a: Whimsicott
|-damage|p1a: Kyurem|21/100|[from] item: Life Orb
|
|upkeep
|
|t:|1750707365
|switch|p2a: Urshifu|Urshifu-Rapid-Strike, L50, F|100/100
|turn|2
|
|t:|1750707390
|move|p1a: Kyurem|Protect|p1a: Kyurem
|-singleturn|p1a: Kyurem|Protect
|move|p1b: Tornadus|Tailwind|p1b: Tornadus
|-sidestart|p1: FIlmor2004|move: Tailwind
|move|p2a: Urshifu|Surging Strikes|p1a: Kyurem
|-resisted|p1a: Kyurem
|-crit|p1a: Kyurem
|-damage|p1a: Kyurem|10/100
|-resisted|p1a: Kyurem
|-crit|p1a: Kyurem
|-damage|p1a: Kyurem|0 fnt
|faint|p1a: Kyurem
|-hitcount|p1: Kyurem|2
|move|p2b: Indeedee|Expanding Force|p1b: Tornadus
|-damage|p1b: Tornadus|0 fnt
|faint|p1b: Tornadus
|-damage|p2b: Indeedee|81/100|[from] item: Life Orb
|
|upkeep
|
|t:|1750707398
|switch|p1b: Koraidon|Koraidon, L50|100/100
|switch|p1a: Iron Hands|Iron Hands, L50|100/100
|-weather|SunnyDay|[from] ability: Orichalcum Pulse|[of] p1b: Koraidon
|-activate|p1b: Koraidon|Orichalcum Pulse|[source]
|turn|3
|inactive|CadaverLuke has 30 seconds left.
|
|t:|1750707430
|move|p1a: Iron Hands|Fake Out|p2a: Urshifu
|-activate|p2a: Urshifu|move: Psychic Terrain
|move|p1b: Koraidon|Collision Course|p2b: Indeedee
|-damage|p2b: Indeedee|0 fnt
|faint|p2b: Indeedee
|move|p2a: Urshifu|U-turn|p1a: Iron Hands
|-resisted|p1a: Iron Hands
|-damage|p1a: Iron Hands|92/100
|
|t:|1750707440
|switch|p2a: Kyogre|Kyogre, L50|100/100|[from] U-turn
|-weather|RainDance|[from] ability: Drizzle|[of] p2a: Kyogre
|
|-weather|RainDance|[upkeep]
|upkeep
|
|t:|1750707447
|switch|p2b: Urshifu|Urshifu-Rapid-Strike, L50, F|100/100
|turn|4
|inactive|FIlmor2004 has 30 seconds left.
|
|t:|1750707474
|-terastallize|p2a: Kyogre|Water
|move|p1b: Koraidon|Collision Course|p2a: Kyogre
|-damage|p2a: Kyogre|42/100
|move|p2a: Kyogre|Water Spout|p1a: Iron Hands|[spread] p1a,p1b
|-resisted|p1b: Koraidon
|-damage|p1a: Iron Hands|59/100
|-damage|p1b: Koraidon|57/100
|move|p2b: Urshifu|Close Combat|p1b: Koraidon
|-damage|p1b: Koraidon|0 fnt
|-unboost|p2b: Urshifu|def|1
|-unboost|p2b: Urshifu|spd|1
|faint|p1b: Koraidon
|move|p1a: Iron Hands|Wild Charge|p2b: Urshifu
|-supereffective|p2b: Urshifu
|-damage|p2b: Urshifu|0 fnt
|faint|p2b: Urshifu
|-damage|p1a: Iron Hands|38/100|[from] Recoil
|
|-weather|RainDance|[upkeep]
|-sideend|p2: CadaverLuke|move: Tailwind
|upkeep
|turn|5
|inactive|CadaverLuke has 30 seconds left.
|
|t:|1750707500
|-terastallize|p1a: Iron Hands|Grass
|move|p2a: Kyogre|Water Spout|p1a: Iron Hands
|-resisted|p1a: Iron Hands
|-damage|p1a: Iron Hands|14/100
|move|p1a: Iron Hands|Wild Charge|p2a: Kyogre
|-supereffective|p2a: Kyogre
|-damage|p2a: Kyogre|0 fnt
|faint|p2a: Kyogre
|-damage|p1a: Iron Hands|7/100|[from] Recoil
|
|win|FIlmor2004
|raw|FIlmor2004's rating: 1109 &rarr; <strong>1135</strong><br />(+26 for winning)
|raw|CadaverLuke's rating: 1120 &rarr; <strong>1094</strong><br />(-26 for losing)
|n|☆CadaverLuke|cadaverluke
|l|☆CadaverLuke
|player|p2|
