|j|‽jonbon22
|j|☆THE_GREASY_SACK
|t:|1750776400
|gametype|doubles
|player|p1|jonbon22|1|1206
|player|p2|THE_GREASY_SACK|aromalady|1233
|teamsize|p1|6
|teamsize|p2|6
|gen|9
|tier|[Gen 9] VGC 2025 Reg I
|rated|
|rule|Species Clause: Limit one of each Pokémon
|rule|Item Clause: Limit 1 of each item
|clearpoke
|poke|p1|Ursaluna, L50, M|
|poke|p1|Reshiram, L50|
|poke|p1|Kyurem-Black, L50|
|poke|p1|Indeedee-F, L50, F|
|poke|p1|Torkoal, L50, M|
|poke|p1|Sneasler, L50, M|
|poke|p2|Eternatus, L50|
|poke|p2|Calyrex-Ice, L50|
|poke|p2|Grimmsnarl, L50, M|
|poke|p2|Incineroar, L50, M|
|poke|p2|Salazzle, L50, F|
|poke|p2|Regirock, L50|
|teampreview|4
|inactive|Battle timer is ON: inactive players will automatically lose when time's up. (requested by THE_GREASY_SACK)
jonbon22 rejected open team sheets.
|
|t:|1750776427
|start
|switch|p1a: Indeedee|Indeedee-F, L50, F|100/100
|switch|p1b: Reshiram|Reshiram, L50|100/100
|switch|p2a: Salazzle|Salazzle, L50, F|100/100
|switch|p2b: UIIUIUIUIUIIU|Regirock, L50|100/100
|-ability|p1b: Reshiram|Turboblaze
|-fieldstart|move: Psychic Terrain|[from] ability: Psychic Surge|[of] p1a: Indeedee
|turn|1
|inactive|jonbon22 has 30 seconds left.
|c|☆THE_GREASY_SACK|uh
|c|☆THE_GREASY_SACK|REGIROCK!
|inactive|jonbon22 has 20 seconds left.
|
|t:|1750776463
|switch|p1a: Ursaluna|Ursaluna, L50, M|100/100
|move|p2a: Salazzle|Poison Gas|p1b: Reshiram|[spread] p1b
|-miss|p2a: Salazzle|p1a: Ursaluna
|-status|p1b: Reshiram|psn
|move|p1b: Reshiram|Draco Meteor|p2b: UIIUIUIUIUIIU
|-damage|p2b: UIIUIUIUIUIIU|0 fnt
|-unboost|p1b: Reshiram|spa|2
|faint|p2b: UIIUIUIUIUIIU
|
|-damage|p1b: Reshiram|88/100 psn|[from] psn
|-status|p1a: Ursaluna|brn|[from] item: Flame Orb
|upkeep
|c|☆THE_GREASY_SACK|uiiuiuiu
|
|t:|1750776482
|switch|p2b: Calyrex|Calyrex-Ice, L50|100/100
|-ability|p2b: Calyrex|As One
|-ability|p2b: Calyrex|Unnerve
|turn|2
|
|t:|1750776499
|-terastallize|p1a: Ursaluna|Ghost
|move|p2a: Salazzle|Protect|p2a: Salazzle
|-singleturn|p2a: Salazzle|Protect
|move|p1b: Reshiram|Draco Meteor|p2b: Calyrex|[miss]
|-miss|p1b: Reshiram|p2b: Calyrex
|move|p1a: Ursaluna|Rock Slide|p2b: Calyrex|[spread] p2b
|-activate|p2a: Salazzle|move: Protect
|-supereffective|p2b: Calyrex
|-crit|p2b: Calyrex
|-damage|p2b: Calyrex|53/100
|cant|p2b: Calyrex|flinch
|
|-heal|p2b: Calyrex|59/100|[from] item: Leftovers
|-damage|p1b: Reshiram|76/100 psn|[from] psn
|-damage|p1a: Ursaluna|95/100 brn|[from] brn
|upkeep
|turn|3
|c|☆THE_GREASY_SACK|ok
|inactive|THE_GREASY_SACK has 30 seconds left.
|
|t:|1750776525
|move|p2b: Calyrex|Protect|p2b: Calyrex
|-singleturn|p2b: Calyrex|Protect
|move|p2a: Salazzle|Heat Wave|p1b: Reshiram|[spread] p1a,p1b
|-resisted|p1b: Reshiram
|-damage|p1a: Ursaluna|68/100 brn
|-damage|p1b: Reshiram|72/100 psn
|move|p1b: Reshiram|Draco Meteor|p2b: Calyrex
|-activate|p2b: Calyrex|move: Protect
|move|p1a: Ursaluna|Rock Slide|p2b: Calyrex|[spread] p2a
|-activate|p2b: Calyrex|move: Protect
|-supereffective|p2a: Salazzle
|-enditem|p2a: Salazzle|Focus Sash
|-damage|p2a: Salazzle|1/100
|
|-heal|p2b: Calyrex|65/100|[from] item: Leftovers
|-damage|p1b: Reshiram|59/100 psn|[from] psn
|-damage|p1a: Ursaluna|62/100 brn|[from] brn
|upkeep
|turn|4
|inactive|THE_GREASY_SACK has 30 seconds left.
|
|t:|1750776553
|move|p2a: Salazzle|Heat Wave|p1a: Ursaluna|[spread] p1a,p1b
|-resisted|p1b: Reshiram
|-damage|p1a: Ursaluna|38/100 brn
|-damage|p1b: Reshiram|55/100 psn
|move|p1b: Reshiram|Draco Meteor|p2b: Calyrex
|-damage|p2b: Calyrex|24/100
|-unboost|p1b: Reshiram|spa|2
|move|p1a: Ursaluna|Rock Slide|p2b: Calyrex|[spread] p2a,p2b
|-supereffective|p2a: Salazzle
|-supereffective|p2b: Calyrex
|-damage|p2a: Salazzle|0 fnt
|-damage|p2b: Calyrex|0 fnt
|faint|p2a: Salazzle
|faint|p2b: Calyrex
|
|-damage|p1b: Reshiram|43/100 psn|[from] psn
|-damage|p1a: Ursaluna|32/100 brn|[from] brn
|upkeep
|
|t:|1750776568
|switch|p2b: Eternatus|Eternatus, L50|100/100
|-ability|p2b: Eternatus|Pressure
|turn|5
|
|t:|1750776580
|switch|p1b: Indeedee|Indeedee-F, L50, F|100/100
|move|p2b: Eternatus|Protect|p2b: Eternatus
|-singleturn|p2b: Eternatus|Protect
|move|p1a: Ursaluna|Protect||[still]
|-fail|p1a: Ursaluna
|
|-damage|p1a: Ursaluna|26/100 brn|[from] brn
|-fieldend|move: Psychic Terrain
|upkeep
|turn|6
|
|t:|1750776595
|-terastallize|p2b: Eternatus|Normal
|move|p1b: Indeedee|Follow Me|p1b: Indeedee
|-singleturn|p1b: Indeedee|move: Follow Me
|move|p2b: Eternatus|Cosmic Power|p2b: Eternatus
|-boost|p2b: Eternatus|def|1
|-boost|p2b: Eternatus|spd|1
|move|p1a: Ursaluna|Headlong Rush|p2b: Eternatus
|-damage|p2b: Eternatus|64/100
|-unboost|p1a: Ursaluna|def|1
|-unboost|p1a: Ursaluna|spd|1
|
|-damage|p1a: Ursaluna|20/100 brn|[from] brn
|upkeep
|turn|7
|
|t:|1750776610
|move|p1b: Indeedee|Follow Me|p1b: Indeedee
|-singleturn|p1b: Indeedee|move: Follow Me
|move|p2b: Eternatus|Cosmic Power|p2b: Eternatus
|-boost|p2b: Eternatus|def|1
|-boost|p2b: Eternatus|spd|1
|move|p1a: Ursaluna|Facade|p2b: Eternatus
|-damage|p2b: Eternatus|28/100
|
|-damage|p1a: Ursaluna|14/100 brn|[from] brn
|upkeep
|turn|8
|
|t:|1750776622
|move|p1b: Indeedee|Follow Me|p1b: Indeedee
|-singleturn|p1b: Indeedee|move: Follow Me
|move|p2b: Eternatus|Recover|p2b: Eternatus
|-heal|p2b: Eternatus|78/100
|move|p1a: Ursaluna|Facade|p2b: Eternatus
|-damage|p2b: Eternatus|43/100
|
|-damage|p1a: Ursaluna|8/100 brn|[from] brn
|upkeep
|turn|9
|
|t:|1750776636
|move|p2b: Eternatus|Recover|p2b: Eternatus
|-heal|p2b: Eternatus|93/100
|move|p1a: Ursaluna|Facade|p2b: Eternatus
|-damage|p2b: Eternatus|61/100
|move|p1b: Indeedee|Trick Room|p1b: Indeedee
|-fieldstart|move: Trick Room|[of] p1b: Indeedee
|
|-damage|p1a: Ursaluna|2/100 brn|[from] brn
|upkeep
|turn|10
|
|t:|1750776652
|switch|p1b: Torkoal|Torkoal, L50, M|100/100
|-weather|SunnyDay|[from] ability: Drought|[of] p1b: Torkoal
|move|p2b: Eternatus|Protect|p2b: Eternatus
|-singleturn|p2b: Eternatus|Protect
|move|p1a: Ursaluna|Facade|p2b: Eternatus
|-activate|p2b: Eternatus|move: Protect
|
|-weather|SunnyDay|[upkeep]
|-damage|p1a: Ursaluna|0 fnt|[from] brn
|faint|p1a: Ursaluna
|upkeep
|
|t:|1750776663
|switch|p1a: Reshiram|Reshiram, L50|43/100 psn
|-ability|p1a: Reshiram|Turboblaze
|turn|11
|
|t:|1750776671
|move|p1b: Torkoal|Eruption|p2b: Eternatus
|-damage|p2b: Eternatus|15/100
|move|p1a: Reshiram|Heat Wave|p2b: Eternatus
|-damage|p2b: Eternatus|0 fnt
|faint|p2b: Eternatus
|
|win|jonbon22
|raw|jonbon22's rating: 1206 &rarr; <strong>1233</strong><br />(+27 for winning)
|raw|THE_GREASY_SACK's rating: 1233 &rarr; <strong>1206</strong><br />(-27 for losing)
|l|☆THE_GREASY_SACK
|player|p2|
|l|‽jonbon22
|player|p1|
