|j|☆vinomata
|j|☆plini123456
|t:|1750733611
|gametype|doubles
|player|p1|vinomata|burglar|1052
|player|p2|plini123456|brycenman|1055
|teamsize|p1|6
|teamsize|p2|6
|gen|9
|tier|[Gen 9] VGC 2025 Reg I
|rated|
|rule|Species Clause: Limit one of each Pokémon
|rule|Item Clause: Limit 1 of each item
|clearpoke
|poke|p1|Ursaluna, L50, F|
|poke|p1|Zamazenta-*, L50|
|poke|p1|Calyrex-Ice, L50|
|poke|p1|Eelektross, L50, F|
|poke|p1|Slowking, L50, F|
|poke|p1|Haunter, L50, M|
|poke|p2|Ho-Oh, L50|
|poke|p2|Eternatus, L50|
|poke|p2|Quagsire, L50, M|
|poke|p2|Grimmsnarl, L50, M|
|poke|p2|Ting-Lu, L50|
|poke|p2|Rhydon, L50, F|
|teampreview|4
|inactive|Battle timer is ON: inactive players will automatically lose when time's up. (requested by vinomata)
|inactive|vinomata has 60 seconds left.
|inactive|plini123456 has 60 seconds left.
|
|t:|1750733665
|start
|switch|p1a: Doge|Zamazenta-Crowned, L50|100/100
|switch|p1b: Haunter|Haunter, L50, M|100/100
|switch|p2a: Quagsire|Quagsire, L50, M|100/100
|switch|p2b: Ho-Oh|Ho-Oh, L50|100/100
|-ability|p1a: Doge|Dauntless Shield|boost
|-boost|p1a: Doge|def|1
|turn|1
|inactive|plini123456 has 30 seconds left.
|inactive|plini123456 has 20 seconds left.
|inactive|plini123456 has 15 seconds left.
|inactive|plini123456 has 10 seconds left.
|inactive|plini123456 has 5 seconds left.
|
|t:|1750733715
|switch|p2a: Ting-Lu|Ting-Lu, L50|100/100
|-ability|p2a: Ting-Lu|Vessel of Ruin
|move|p1a: Doge|Iron Defense|p1a: Doge
|-boost|p1a: Doge|def|2
|move|p2b: Ho-Oh|Sacred Fire|p1a: Doge
|-supereffective|p1a: Doge
|-damage|p1a: Doge|76/100
|-status|p1a: Doge|brn
|move|p1b: Haunter|Trick Room|p1b: Haunter
|-fieldstart|move: Trick Room|[of] p1b: Haunter
|
|-damage|p1a: Doge|70/100 brn|[from] brn
|upkeep
|turn|2
|inactive|vinomata has 30 seconds left.
|inactive|plini123456 has 30 seconds left.
|
|t:|1750733745
|move|p2a: Ting-Lu|Snarl|p1a: Doge|[spread] p1a,p1b
|-resisted|p1a: Doge
|-supereffective|p1b: Haunter
|-damage|p1a: Doge|69/100 brn
|-damage|p1b: Haunter|87/100
|-unboost|p1a: Doge|spa|1
|-unboost|p1b: Haunter|spa|1
|move|p1b: Haunter|Toxic|p2b: Ho-Oh
|-status|p2b: Ho-Oh|tox
|move|p1a: Doge|Body Press|p2a: Ting-Lu
|-supereffective|p2a: Ting-Lu
|-damage|p2a: Ting-Lu|49/100
|move|p2b: Ho-Oh|Whirlwind|p1a: Doge
|drag|p1a: Elektra|Eelektross, L50, F|100/100
|
|-damage|p2b: Ho-Oh|94/100 tox|[from] psn
|upkeep
|turn|3
|inactive|vinomata has 30 seconds left.
|inactive|plini123456 has 30 seconds left.
|
|t:|1750733773
|move|p2a: Ting-Lu|Snarl|p1a: Elektra|[spread] p1a
|-miss|p2a: Ting-Lu|p1b: Haunter
|-damage|p1a: Elektra|91/100
|-unboost|p1a: Elektra|spa|1
|move|p1a: Elektra|Coil|p1a: Elektra
|-boost|p1a: Elektra|atk|1
|-boost|p1a: Elektra|def|1
|-boost|p1a: Elektra|accuracy|1
|move|p1b: Haunter|Encore|p2a: Ting-Lu
|-start|p2a: Ting-Lu|Encore
|move|p2b: Ho-Oh|Sacred Fire|p1b: Haunter
|-damage|p1b: Haunter|20/100
|
|-heal|p1a: Elektra|97/100|[from] item: Leftovers
|-damage|p2b: Ho-Oh|82/100 tox|[from] psn
|upkeep
|turn|4
|inactive|vinomata has 30 seconds left.
|inactive|plini123456 has 30 seconds left.
|
|t:|1750733806
|switch|p2a: Eternatus|Eternatus, L50|100/100
|-ability|p2a: Eternatus|Pressure
|switch|p1b: Gucci Mane|Calyrex-Ice, L50|100/100
|-ability|p1b: Gucci Mane|As One
|-ability|p1b: Gucci Mane|Unnerve
|move|p1a: Elektra|Drain Punch|p2a: Eternatus
|-resisted|p2a: Eternatus
|-damage|p2a: Eternatus|86/100
|-heal|p1a: Elektra|100/100|[from] drain|[of] p2a: Eternatus
|move|p2b: Ho-Oh|Whirlwind|p1a: Elektra
|drag|p1a: Doge|Zamazenta-Crowned, L50|69/100 brn
|
|-damage|p2b: Ho-Oh|64/100 tox|[from] psn
|-damage|p1a: Doge|63/100 brn|[from] brn
|upkeep
|turn|5
|inactive|vinomata has 30 seconds left.
|inactive|plini123456 has 30 seconds left.
|inactive|plini123456 has 20 seconds left.
|
|t:|1750733842
|move|p2a: Eternatus|Protect|p2a: Eternatus
|-singleturn|p2a: Eternatus|Protect
|move|p1b: Gucci Mane|Leech Seed|p2b: Ho-Oh|[miss]
|-miss|p1b: Gucci Mane|p2b: Ho-Oh
|move|p2b: Ho-Oh|Sacred Fire|p1b: Gucci Mane
|-supereffective|p1b: Gucci Mane
|-damage|p1b: Gucci Mane|45/100
|move|p1a: Doge|Iron Defense|p1a: Doge
|-boost|p1a: Doge|def|2
|
|-damage|p2b: Ho-Oh|39/100 tox|[from] psn
|-damage|p1a: Doge|57/100 brn|[from] brn
|-fieldend|move: Trick Room
|upkeep
|turn|6
|inactive|plini123456 has 30 seconds left.
|inactive|vinomata has 30 seconds left.
|
|t:|1750733873
|move|p1a: Doge|Protect|p1a: Doge
|-singleturn|p1a: Doge|Protect
|move|p2a: Eternatus|Cosmic Power|p2a: Eternatus
|-boost|p2a: Eternatus|def|1
|-boost|p2a: Eternatus|spd|1
|move|p2b: Ho-Oh|Sacred Fire|p1b: Gucci Mane
|-supereffective|p1b: Gucci Mane
|-damage|p1b: Gucci Mane|0 fnt
|faint|p1b: Gucci Mane
|
|-damage|p2b: Ho-Oh|9/100 tox|[from] psn
|-damage|p1a: Doge|51/100 brn|[from] brn
|upkeep
|
|t:|1750733882
|switch|p1b: Haunter|Haunter, L50, M|20/100
|turn|7
|inactive|plini123456 has 30 seconds left.
|inactive|plini123456 has 20 seconds left.
|inactive|plini123456 has 15 seconds left.
|
|t:|1750733922
|move|p2a: Eternatus|Fire Spin|p1b: Haunter
|-damage|p1b: Haunter|11/100
|-activate|p1b: Haunter|move: Fire Spin|[of] p2a: Eternatus
|move|p1a: Doge|Body Press|p2a: Eternatus
|-resisted|p2a: Eternatus
|-damage|p2a: Eternatus|77/100
|move|p1b: Haunter|Clear Smog|p2a: Eternatus
|-resisted|p2a: Eternatus
|-damage|p2a: Eternatus|73/100
|-clearboost|p2a: Eternatus
|move|p2b: Ho-Oh|Whirlwind|p1a: Doge
|drag|p1a: Elektra|Eelektross, L50, F|100/100
|
|-damage|p2b: Ho-Oh|0 fnt|[from] psn
|faint|p2b: Ho-Oh
|-damage|p1b: Haunter|0 fnt|[from] move: Fire Spin|[partiallytrapped]
|faint|p1b: Haunter
|upkeep
|
|t:|1750733943
|switch|p2b: Quagsire|Quagsire, L50, M|100/100
|switch|p1b: Doge|Zamazenta-Crowned, L50|51/100 brn
|turn|8
|
|t:|1750733955
|move|p2a: Eternatus|Cosmic Power|p2a: Eternatus
|-boost|p2a: Eternatus|def|1
|-boost|p2a: Eternatus|spd|1
|move|p1b: Doge|Iron Defense|p1b: Doge
|-boost|p1b: Doge|def|2
|move|p1a: Elektra|Coil|p1a: Elektra
|-boost|p1a: Elektra|atk|1
|-boost|p1a: Elektra|def|1
|-boost|p1a: Elektra|accuracy|1
|move|p2b: Quagsire|Toxic|p1a: Elektra
|-status|p1a: Elektra|tox
|
|-damage|p1a: Elektra|94/100 tox|[from] psn
|-damage|p1b: Doge|45/100 brn|[from] brn
|upkeep
|turn|9
|inactive|vinomata has 30 seconds left.
|inactive|plini123456 has 30 seconds left.
|inactive|plini123456 has 20 seconds left.
|inactive|plini123456 has 15 seconds left.
|
|t:|1750733997
|move|p2a: Eternatus|Fire Spin|p1a: Elektra
|-damage|p1a: Elektra|81/100 tox
|-activate|p1a: Elektra|move: Fire Spin|[of] p2a: Eternatus
|move|p1b: Doge|Iron Defense|p1b: Doge
|-boost|p1b: Doge|def|2
|move|p1a: Elektra|Coil|p1a: Elektra
|-boost|p1a: Elektra|atk|1
|-boost|p1a: Elektra|def|1
|-boost|p1a: Elektra|accuracy|1
|move|p2b: Quagsire|Earth Power|p1b: Doge
|-supereffective|p1b: Doge
|-damage|p1b: Doge|23/100 brn
|
|-heal|p1a: Elektra|87/100 tox|[from] item: Leftovers
|-damage|p1a: Elektra|75/100 tox|[from] psn
|-damage|p1b: Doge|17/100 brn|[from] brn
|-damage|p1a: Elektra|62/100 tox|[from] move: Fire Spin|[partiallytrapped]
|upkeep
|turn|10
|
|t:|1750734019
|move|p2a: Eternatus|Protect|p2a: Eternatus
|-singleturn|p2a: Eternatus|Protect
|move|p2b: Quagsire|Protect|p2b: Quagsire
|-singleturn|p2b: Quagsire|Protect
|move|p1b: Doge|Body Press|p2a: Eternatus
|-activate|p2a: Eternatus|move: Protect
|move|p1a: Elektra|Drain Punch|p2a: Eternatus
|-activate|p2a: Eternatus|move: Protect
|
|-heal|p1a: Elektra|69/100 tox|[from] item: Leftovers
|-damage|p1a: Elektra|50/100 tox|[from] psn
|-damage|p1b: Doge|11/100 brn|[from] brn
|-damage|p1a: Elektra|37/100 tox|[from] move: Fire Spin|[partiallytrapped]
|upkeep
|turn|11
|inactive|plini123456 has 30 seconds left.
|
|t:|1750734049
|-terastallize|p2a: Eternatus|Fairy
|move|p2a: Eternatus|Fire Spin|p1b: Doge|[miss]
|-miss|p2a: Eternatus|p1b: Doge
|move|p1b: Doge|Body Press|p2a: Eternatus
|-resisted|p2a: Eternatus
|-damage|p2a: Eternatus|61/100
|move|p1a: Elektra|Drain Punch|p2a: Eternatus
|-resisted|p2a: Eternatus
|-damage|p2a: Eternatus|49/100
|-heal|p1a: Elektra|45/100 tox|[from] drain|[of] p2a: Eternatus
|move|p2b: Quagsire|Recover||[still]
|-fail|p2b: Quagsire|heal
|
|-heal|p1a: Elektra|52/100 tox|[from] item: Leftovers
|-damage|p1a: Elektra|27/100 tox|[from] psn
|-damage|p1b: Doge|5/100 brn|[from] brn
|-damage|p1a: Elektra|14/100 tox|[from] move: Fire Spin|[partiallytrapped]
|upkeep
|turn|12
|inactive|plini123456 has 30 seconds left.
|
|t:|1750734076
|move|p1b: Doge|Protect|p1b: Doge
|-singleturn|p1b: Doge|Protect
|move|p2a: Eternatus|Fire Spin|p1b: Doge
|-activate|p1b: Doge|move: Protect
|move|p1a: Elektra|Drain Punch|p2b: Quagsire
|-damage|p2b: Quagsire|63/100
|-heal|p1a: Elektra|34/100 tox|[from] drain|[of] p2b: Quagsire
|move|p2b: Quagsire|Earth Power|p1b: Doge
|-activate|p1b: Doge|move: Protect
|
|-heal|p1a: Elektra|40/100 tox|[from] item: Leftovers
|-heal|p2b: Quagsire|69/100|[from] item: Leftovers
|-damage|p1a: Elektra|9/100 tox|[from] psn
|-damage|p1b: Doge|0 fnt|[from] brn
|faint|p1b: Doge
|-damage|p1a: Elektra|0 fnt|[from] move: Fire Spin|[partiallytrapped]
|faint|p1a: Elektra
|
|win|plini123456
|raw|vinomata's rating: 1052 &rarr; <strong>1034</strong><br />(-18 for losing)
|raw|plini123456's rating: 1055 &rarr; <strong>1086</strong><br />(+31 for winning)
|l|☆vinomata
|player|p1|
|l|☆plini123456
|player|p2|
