|j|☆Light_Sky.L
|j|☆testostrazone
|t:|1750772025
|gametype|doubles
|player|p1|Light_Sky.L|1|1254
|player|p2|testostrazone|169|1326
|teamsize|p1|6
|teamsize|p2|6
|gen|9
|tier|[Gen 9] VGC 2025 Reg I
|rated|
|rule|Species Clause: Limit one of each Pokémon
|rule|Item Clause: Limit 1 of each item
|clearpoke
|poke|p1|Calyrex-Shadow, L50|
|poke|p1|Miraidon, L50|
|poke|p1|Incineroar, L50, F|
|poke|p1|Ursaluna-Bloodmoon, L50, M|
|poke|p1|Urshifu-*, L50, F|
|poke|p1|Brute Bonnet, L50|
|poke|p2|Drifblim, L50, F|
|poke|p2|Miraidon, L50|
|poke|p2|Calyrex-Ice, L50|
|poke|p2|Annihilape, L50, M|
|poke|p2|Iron Hands, L50|
|poke|p2|Landorus, L50, M|
|teampreview|4
|inactive|Battle timer is ON: inactive players will automatically lose when time's up. (requested by Light_Sky.L)
|
|t:|1750772053
|start
|switch|p1a: Calyrex|Calyrex-Shadow, L50|100/100
|switch|p1b: Incineroar|Incineroar, L50, F|100/100
|switch|p2a: Drifblim|Drifblim, L50, F|100/100
|switch|p2b: Miraidon|Miraidon, L50|100/100
|-ability|p1a: Calyrex|As One
|-ability|p1a: Calyrex|Unnerve
|-fieldstart|move: Electric Terrain|[from] ability: Hadron Engine|[of] p2b: Miraidon
|-enditem|p2a: Drifblim|Electric Seed
|-boost|p2a: Drifblim|def|1|[from] item: Electric Seed
|-ability|p1b: Incineroar|Intimidate|boost
|-unboost|p2a: Drifblim|atk|1
|-unboost|p2b: Miraidon|atk|1
|turn|1
|inactive|testostrazone has 30 seconds left.
|inactive|testostrazone has 20 seconds left.
|inactive|testostrazone has 15 seconds left.
|inactive|testostrazone has 10 seconds left.
|
|t:|1750772099
|-terastallize|p2a: Drifblim|Dark
|move|p1b: Incineroar|Fake Out|p2b: Miraidon
|-damage|p2b: Miraidon|88/100
|move|p2a: Drifblim|Tailwind|p2a: Drifblim
|-sidestart|p2: testostrazone|move: Tailwind
|cant|p2b: Miraidon|flinch
|move|p1a: Calyrex|Astral Barrage|p2a: Drifblim|[spread] p2a,p2b
|-resisted|p2a: Drifblim
|-damage|p2a: Drifblim|72/100
|-damage|p2b: Miraidon|41/100
|
|upkeep
|turn|2
|inactive|testostrazone has 30 seconds left.
|inactive|testostrazone has 20 seconds left.
|
|t:|1750772136
|move|p1a: Calyrex|Protect|p1a: Calyrex
|-singleturn|p1a: Calyrex|Protect
|move|p2a: Drifblim|Strength Sap|p1b: Incineroar
|-unboost|p1b: Incineroar|atk|1
|-heal|p2a: Drifblim|100/100
|move|p2b: Miraidon|Volt Switch|p1b: Incineroar
|-damage|p1b: Incineroar|0 fnt
|faint|p1b: Incineroar
|
|t:|1750772148
|switch|p2b: Landorus|Landorus, L50, M|100/100|[from] Volt Switch
|
|upkeep
|
|t:|1750772156
|switch|p1b: Ursaluna|Ursaluna-Bloodmoon, L50, M|100/100
|turn|3
|
|t:|1750772175
|move|p2b: Landorus|Protect|p2b: Landorus
|-singleturn|p2b: Landorus|Protect
|move|p2a: Drifblim|Shadow Ball|p1a: Calyrex
|-supereffective|p1a: Calyrex
|-crit|p1a: Calyrex
|-enditem|p1a: Calyrex|Focus Sash
|-damage|p1a: Calyrex|1/100
|move|p1a: Calyrex|Astral Barrage|p2a: Drifblim|[spread] p2a
|-activate|p2b: Landorus|move: Protect
|-resisted|p2a: Drifblim
|-damage|p2a: Drifblim|73/100
|move|p1b: Ursaluna|Hyper Voice|p2b: Landorus|[spread] p2a
|-activate|p2b: Landorus|move: Protect
|-damage|p2a: Drifblim|14/100
|-damage|p1b: Ursaluna|90/100|[from] item: Life Orb
|
|upkeep
|turn|4
|inactive|testostrazone has 30 seconds left.
|
|t:|1750772200
|move|p1a: Calyrex|Protect|p1a: Calyrex
|-singleturn|p1a: Calyrex|Protect
|move|p2a: Drifblim|Strength Sap|p1b: Ursaluna
|-unboost|p1b: Ursaluna|atk|1
|-heal|p2a: Drifblim|47/100
|move|p2b: Landorus|Sandsear Storm|p1b: Ursaluna|[spread] p1b
|-activate|p1a: Calyrex|move: Protect
|-damage|p1b: Ursaluna|20/100
|move|p1b: Ursaluna|Hyper Voice|p2a: Drifblim|[spread] p2a,p2b
|-crit|p2a: Drifblim
|-damage|p2a: Drifblim|0 fnt
|-damage|p2b: Landorus|31/100
|faint|p2a: Drifblim
|-damage|p1b: Ursaluna|10/100|[from] item: Life Orb
|
|-sideend|p2: testostrazone|move: Tailwind
|upkeep
|
|t:|1750772220
|switch|p2a: Calyrex|Calyrex-Ice, L50|100/100
|-ability|p2a: Calyrex|As One
|-ability|p2a: Calyrex|Unnerve
|turn|5
|
|t:|1750772232
|move|p1a: Calyrex|Astral Barrage|p2a: Calyrex|[spread] p2a,p2b
|-supereffective|p2a: Calyrex
|-damage|p2a: Calyrex|31/100
|-damage|p2b: Landorus|0 fnt
|faint|p2b: Landorus
|-ability|p1a: Calyrex|Grim Neigh|boost
|-boost|p1a: Calyrex|spa|1
|move|p1b: Ursaluna|Blood Moon|p2a: Calyrex
|-damage|p2a: Calyrex|0 fnt
|faint|p2a: Calyrex
|-damage|p1b: Ursaluna|0 fnt|[from] item: Life Orb
|faint|p1b: Ursaluna
|
|-fieldend|move: Electric Terrain
|upkeep
|-message|testostrazone forfeited.
|
|win|Light_Sky.L
|raw|Light_Sky.L's rating: 1254 &rarr; <strong>1284</strong><br />(+30 for winning)
|raw|testostrazone's rating: 1326 &rarr; <strong>1302</strong><br />(-24 for losing)
|l|☆Light_Sky.L
|player|p1|
|l|☆testostrazone
|player|p2|
