|j|☆SuperDruper
|j|☆raezan
|t:|1750841128
|gametype|doubles
|player|p1|SuperDruper|hooligans|1586
|player|p2|raezan|hugh|1560
|teamsize|p1|6
|teamsize|p2|6
|gen|9
|tier|[Gen 9] VGC 2025 Reg I
|rated|
|rule|Species Clause: Limit one of each Pokémon
|rule|Item Clause: Limit 1 of each item
|clearpoke
|poke|p1|Calyrex-Shadow, L50|
|poke|p1|Koraidon, L50|
|poke|p1|Indeedee-F, L50, F|
|poke|p1|Tornadus, L50, M|
|poke|p1|Flutter Mane, L50|
|poke|p1|Chi-Yu, L50|
|poke|p2|Incineroar, L50, F|
|poke|p2|Indeedee-F, L50, F|
|poke|p2|Calyrex-Shadow, L50|
|poke|p2|Brute Bonnet, L50|
|poke|p2|Koraidon, L50|
|poke|p2|Clefairy, L50, M|
|teampreview|4
SuperDruper has agreed to open team sheets.
|inactive|Battle timer is ON: inactive players will automatically lose when time's up. (requested by SuperDruper)
|inactive|SuperDruper has 60 seconds left.
|
|t:|1750841168
|start
|switch|p1a: Koraidon|Koraidon, L50|100/100
|switch|p1b: Tornadus|Tornadus, L50, M|100/100
|switch|p2a: Calyrex|Calyrex-Shadow, L50|100/100
|switch|p2b: Brute Bonnet|Brute Bonnet, L50|100/100
|-ability|p2a: Calyrex|As One
|-ability|p2a: Calyrex|Unnerve
|-weather|SunnyDay|[from] ability: Orichalcum Pulse|[of] p1a: Koraidon
|-activate|p2b: Brute Bonnet|ability: Protosynthesis
|-start|p2b: Brute Bonnet|protosynthesisdef
|-activate|p1a: Koraidon|Orichalcum Pulse|[source]
|turn|1
|j| Mertoo
|inactive|SuperDruper has 30 seconds left.
|
|t:|1750841199
|-terastallize|p1a: Koraidon|Fire
|-terastallize|p2b: Brute Bonnet|Water
|move|p2a: Calyrex|Nasty Plot|p2a: Calyrex
|-boost|p2a: Calyrex|spa|2
|move|p1a: Koraidon|Flame Charge|p2b: Brute Bonnet
|-resisted|p2b: Brute Bonnet
|-damage|p2b: Brute Bonnet|85/100
|-boost|p1a: Koraidon|spe|1
|move|p1b: Tornadus|Bleakwind Storm|p2a: Calyrex|[spread] p2a,p2b
|-damage|p2a: Calyrex|63/100
|-damage|p2b: Brute Bonnet|59/100
|-unboost|p2a: Calyrex|spe|1
|move|p2b: Brute Bonnet|Spore|p1a: Koraidon
|-status|p1a: Koraidon|slp|[from] move: Spore
|
|-weather|SunnyDay|[upkeep]
|upkeep
|turn|2
|j| Stradafuturo
|inactive|SuperDruper has 30 seconds left.
|
|t:|1750841225
|cant|p1a: Koraidon|slp
|move|p1b: Tornadus|Bleakwind Storm|p2a: Calyrex|[spread] p2a,p2b
|-damage|p2a: Calyrex|26/100
|-damage|p2b: Brute Bonnet|30/100
|-unboost|p2a: Calyrex|spe|1
|move|p2a: Calyrex|Astral Barrage|p1a: Koraidon|[spread] p1a,p1b
|-damage|p1a: Koraidon|0 fnt
|-damage|p1b: Tornadus|0 fnt
|faint|p1a: Koraidon
|faint|p1b: Tornadus
|-ability|p2a: Calyrex|Grim Neigh|boost
|-boost|p2a: Calyrex|spa|2
|-damage|p2a: Calyrex|16/100|[from] item: Life Orb
|move|p2b: Brute Bonnet|Spore|p1: Koraidon|[notarget]
|-fail|p2b: Brute Bonnet
|
|-weather|SunnyDay|[upkeep]
|upkeep
|
|t:|1750841241
|switch|p1a: Flutter Mane|Flutter Mane, L50|100/100
|switch|p1b: Chi-Yu|Chi-Yu, L50|100/100
|-ability|p1b: Chi-Yu|Beads of Ruin
|-activate|p1a: Flutter Mane|ability: Protosynthesis
|-start|p1a: Flutter Mane|protosynthesisspe
|turn|3
|inactive|SuperDruper has 30 seconds left.
|
|t:|1750841271
|move|p2a: Calyrex|Protect|p2a: Calyrex
|-singleturn|p2a: Calyrex|Protect
|move|p2b: Brute Bonnet|Sucker Punch|p1a: Flutter Mane
|-damage|p1a: Flutter Mane|30/100
|move|p1a: Flutter Mane|Moonblast|p2b: Brute Bonnet
|-damage|p2b: Brute Bonnet|0 fnt
|faint|p2b: Brute Bonnet
|-end|p2b: Brute Bonnet|Protosynthesis|[silent]
|move|p1b: Chi-Yu|Flamethrower|p2a: Calyrex
|-activate|p2a: Calyrex|move: Protect
|
|-weather|SunnyDay|[upkeep]
|upkeep
|
|t:|1750841280
|switch|p2b: Clefairy|Clefairy, L50, M|100/100
|turn|4
|
|t:|1750841289
|move|p1a: Flutter Mane|Protect|p1a: Flutter Mane
|-singleturn|p1a: Flutter Mane|Protect
|move|p1b: Chi-Yu|Flamethrower|p2b: Clefairy
|-damage|p2b: Clefairy|11/100
|move|p2a: Calyrex|Astral Barrage|p1b: Chi-Yu|[spread] p1b
|-activate|p1a: Flutter Mane|move: Protect
|-resisted|p1b: Chi-Yu
|-damage|p1b: Chi-Yu|0 fnt
|faint|p1b: Chi-Yu
|-ability|p2a: Calyrex|Grim Neigh|boost
|-boost|p2a: Calyrex|spa|1
|-damage|p2a: Calyrex|6/100|[from] item: Life Orb
|move|p2b: Clefairy|After You||[still]
|-fail|p2b: Clefairy
|
|-weather|SunnyDay|[upkeep]
|upkeep
|turn|5
|
|t:|1750841310
|move|p1a: Flutter Mane|Icy Wind|p2b: Clefairy|[spread] p2a,p2b
|-damage|p2a: Calyrex|0 fnt
|-damage|p2b: Clefairy|0 fnt
|faint|p2a: Calyrex
|faint|p2b: Clefairy
|
|-weather|none
|-end|p1a: Flutter Mane|Protosynthesis
|upkeep
|
|t:|1750841313
|switch|p2b: Koraidon|Koraidon, L50|100/100
|-weather|SunnyDay|[from] ability: Orichalcum Pulse|[of] p2b: Koraidon
|-activate|p1a: Flutter Mane|ability: Protosynthesis
|-start|p1a: Flutter Mane|protosynthesisspe
|-activate|p2b: Koraidon|Orichalcum Pulse|[source]
|turn|6
|-message|raezan forfeited.
|
|win|SuperDruper
|raw|SuperDruper's rating: 1586 &rarr; <strong>1605</strong><br />(+19 for winning)
|raw|raezan's rating: 1560 &rarr; <strong>1541</strong><br />(-19 for losing)
|l|☆raezan
|player|p2|
|l|☆SuperDruper
|player|p1|
|l| Stradafuturo
|l| Mertoo
