|j|☆lonoVGC
|j|☆BigQuavo
|t:|1750826614
|gametype|doubles
|player|p1|lonoVGC|unknownf|1499
|player|p2|BigQuavo|170|1407
|teamsize|p1|6
|teamsize|p2|6
|gen|9
|tier|[Gen 9] VGC 2025 Reg I
|rated|
|rule|Species Clause: Limit one of each Pokémon
|rule|Item Clause: Limit 1 of each item
|clearpoke
|poke|p1|Rillaboom, L50, M|
|poke|p1|Incineroar, L50, M|
|poke|p1|Terapagos, L50, M|
|poke|p1|Calyrex-Shadow, L50|
|poke|p1|Clefairy, L50, M|
|poke|p1|Whimsicott, L50, M|
|poke|p2|Calyrex-Shadow, L50|
|poke|p2|Miraidon, L50|
|poke|p2|Indeedee-F, L50, F|
|poke|p2|Whimsicott, L50, F|
|poke|p2|Ursaluna, L50, F|
|poke|p2|Incineroar, L50, M|
|teampreview|4
|l|☆BigQuavo
|player|p2|
|inactive|Battle timer is ON: inactive players will automatically lose when time's up. (requested by lonoVGC)
|j|☆BigQuavo
|inactive|BigQuavo reconnected and has 85 seconds left.
|player|p2|BigQuavo|170|
|inactive|BigQuavo has 60 seconds left.
|
|t:|1750826691
|start
|switch|p1a: Terapagos|Terapagos, L50, M|100/100
|switch|p1b: Whimsicott|Whimsicott, L50, M|100/100
|switch|p2a: Incineroar|Incineroar, L50, M|100/100
|switch|p2b: Indeedee|Indeedee-F, L50, F|100/100
|-activate|p1a: Terapagos|ability: Tera Shift
|detailschange|p1a: Terapagos|Terapagos-Terastal, L50, M
|-heal|p1a: Terapagos|100/100|[silent]
|-fieldstart|move: Psychic Terrain|[from] ability: Psychic Surge|[of] p2b: Indeedee
|-enditem|p2b: Indeedee|Psychic Seed
|-boost|p2b: Indeedee|spd|1|[from] item: Psychic Seed
|-ability|p2a: Incineroar|Intimidate|boost
|-unboost|p1a: Terapagos|atk|1
|-unboost|p1b: Whimsicott|atk|1
|turn|1
|inactive|lonoVGC has 30 seconds left.
|inactive|BigQuavo has 30 seconds left.
|inactive|lonoVGC has 20 seconds left.
|inactive|BigQuavo has 20 seconds left.
|inactive|lonoVGC has 15 seconds left.
|inactive|BigQuavo has 15 seconds left.
|inactive|lonoVGC has 10 seconds left.
|inactive|BigQuavo has 10 seconds left.
|inactive|lonoVGC has 5 seconds left.
|
|t:|1750826742
|-terastallize|p1a: Terapagos|Stellar
|detailschange|p1a: Terapagos|Terapagos-Stellar, L50, M, tera:Stellar
|-heal|p1a: Terapagos|100/100|[silent]
|-ability|p1a: Terapagos|Teraform Zero
|-fieldend|move: Psychic Terrain
|move|p1b: Whimsicott|Taunt|p2b: Indeedee
|-start|p2b: Indeedee|move: Taunt
|move|p1a: Terapagos|Meteor Beam||[still]
|-prepare|p1a: Terapagos|Meteor Beam
|-boost|p1a: Terapagos|spa|1
|-enditem|p1a: Terapagos|Power Herb
|-anim|p1a: Terapagos|Meteor Beam|p2a: Incineroar
|-supereffective|p2a: Incineroar
|-damage|p2a: Incineroar|13/100
|move|p2a: Incineroar|U-turn|p1a: Terapagos
|-damage|p1a: Terapagos|86/100
|
|t:|1750826761
|switch|p2a: Miraidon|Miraidon, L50|100/100|[from] U-turn
|-fieldstart|move: Electric Terrain|[from] ability: Hadron Engine|[of] p2a: Miraidon
|cant|p2b: Indeedee|move: Taunt|Trick Room
|
|upkeep
|turn|2
|
|t:|1750826775
|move|p1a: Terapagos|Protect|p1a: Terapagos
|-singleturn|p1a: Terapagos|Protect
|move|p1b: Whimsicott|Tailwind|p1b: Whimsicott
|-sidestart|p1: lonoVGC|move: Tailwind
|move|p2a: Miraidon|Calm Mind|p2a: Miraidon
|-boost|p2a: Miraidon|spa|1
|-boost|p2a: Miraidon|spd|1
|move|p2b: Indeedee|Psychic|p1a: Terapagos
|-activate|p1a: Terapagos|move: Protect
|
|upkeep
|turn|3
|
|t:|1750826792
|switch|p1b: Rillaboom|Rillaboom, L50, M, shiny|100/100
|-fieldstart|move: Grassy Terrain|[from] ability: Grassy Surge|[of] p1b: Rillaboom
|-terastallize|p2a: Miraidon|Fairy
|move|p1a: Terapagos|Earth Power|p2a: Miraidon
|-damage|p2a: Miraidon|67/100
|move|p2a: Miraidon|Electro Drift|p1a: Terapagos
|-damage|p1a: Terapagos|22/100
|-damage|p2a: Miraidon|57/100|[from] item: Life Orb
|move|p2b: Indeedee|Psychic|p1a: Terapagos
|-damage|p1a: Terapagos|0 fnt
|faint|p1a: Terapagos
|detailschange|p1: Terapagos|Terapagos, L50, M|[silent]
|
|-heal|p2a: Miraidon|63/100|[from] Grassy Terrain
|-end|p2b: Indeedee|move: Taunt
|upkeep
|
|t:|1750826808
|switch|p1a: Calyrex|Calyrex-Shadow, L50|100/100
|-ability|p1a: Calyrex|As One
|-ability|p1a: Calyrex|Unnerve
|turn|4
|
|t:|1750826829
|switch|p2a: Incineroar|Incineroar, L50, M|13/100
|-ability|p2a: Incineroar|Intimidate|boost
|-unboost|p1a: Calyrex|atk|1
|-unboost|p1b: Rillaboom|atk|1
|move|p1a: Calyrex|Astral Barrage|p2a: Incineroar|[spread] p2a
|-immune|p2b: Indeedee
|-resisted|p2a: Incineroar
|-damage|p2a: Incineroar|0 fnt
|faint|p2a: Incineroar
|-ability|p1a: Calyrex|Grim Neigh|boost
|-boost|p1a: Calyrex|spa|1
|move|p1b: Rillaboom|Wood Hammer|p2b: Indeedee
|-damage|p2b: Indeedee|44/100
|-damage|p1b: Rillaboom|84/100|[from] Recoil
|move|p2b: Indeedee|Trick Room|p2b: Indeedee
|-fieldstart|move: Trick Room|[of] p2b: Indeedee
|
|-heal|p2b: Indeedee|50/100|[from] Grassy Terrain
|-heal|p1b: Rillaboom|90/100|[from] Grassy Terrain
|upkeep
|
|t:|1750826844
|switch|p2a: Ursaluna|Ursaluna, L50, F|100/100
|turn|5
|
|t:|1750826860
|switch|p2b: Miraidon|Miraidon, L50, tera:Fairy|63/100
|-fieldstart|move: Electric Terrain|[from] ability: Hadron Engine|[of] p2b: Miraidon
|switch|p1a: Whimsicott|Whimsicott, L50, M|100/100
|move|p2a: Ursaluna|Protect|p2a: Ursaluna
|-singleturn|p2a: Ursaluna|Protect
|move|p1b: Rillaboom|Wood Hammer|p2a: Ursaluna
|-activate|p2a: Ursaluna|move: Protect
|
|-sideend|p1: lonoVGC|move: Tailwind
|-status|p2a: Ursaluna|brn|[from] item: Flame Orb
|upkeep
|turn|6
|inactive|BigQuavo has 30 seconds left.
|
|t:|1750826891
|move|p1a: Whimsicott|Protect|p1a: Whimsicott
|-singleturn|p1a: Whimsicott|Protect
|move|p2a: Ursaluna|Facade|p1b: Rillaboom
|-damage|p1b: Rillaboom|0 fnt
|faint|p1b: Rillaboom
|move|p2b: Miraidon|Dazzling Gleam|p1a: Whimsicott
|-activate|p1a: Whimsicott|move: Protect
|
|-damage|p2a: Ursaluna|94/100 brn|[from] brn
|upkeep
|
|t:|1750826899
|switch|p1b: Calyrex|Calyrex-Shadow, L50|100/100
|-ability|p1b: Calyrex|As One
|-ability|p1b: Calyrex|Unnerve
|turn|7
|-message|lonoVGC forfeited.
|
|win|BigQuavo
|raw|lonoVGC's rating: 1499 &rarr; <strong>1474</strong><br />(-25 for losing)
|raw|BigQuavo's rating: 1407 &rarr; <strong>1432</strong><br />(+25 for winning)
|l|☆BigQuavo
|player|p2|
|l|☆lonoVGC
|player|p1|
