|j|☆ampersandwich
|j|☆uwuSlime
|t:|1750706899
|gametype|doubles
|player|p1|ampersandwich|rocketgruntf|1154
|player|p2|uwuSlime|mira|1113
|teamsize|p1|6
|teamsize|p2|6
|gen|9
|tier|[Gen 9] VGC 2025 Reg I
|rated|
|rule|Species Clause: Limit one of each Pokémon
|rule|Item Clause: Limit 1 of each item
|clearpoke
|poke|p1|Miraidon, L50|
|poke|p1|Lunala, L50|
|poke|p1|Incineroar, L50, F|
|poke|p1|Grimmsnarl, L50, M|
|poke|p1|Landorus, L50, M|
|poke|p1|Ogerpon-Wellspring, L50, F|
|poke|p2|Kyogre, L50|
|poke|p2|Archaludon, L50, M|
|poke|p2|Maushold-Four, L50|
|poke|p2|Annihilape, L50, F|
|poke|p2|Farigiraf, L50, M|
|poke|p2|Necrozma-Dusk-Mane, L50|
|teampreview|4
uwuSlime has agreed to open team sheets.
|
|t:|1750706933
|start
|switch|p1a: Miraidon|Miraidon, L50|100/100
|switch|p1b: Grimmsnarl|Grimmsnarl, L50, M|100/100
|switch|p2a: Maushold|Maushold-Four, L50|100/100
|switch|p2b: Necrozma|Necrozma-Dusk-Mane, L50|100/100
|-fieldstart|move: Electric Terrain|[from] ability: Hadron Engine|[of] p1a: Miraidon
|turn|1
|inactive|Battle timer is ON: inactive players will automatically lose when time's up. (requested by uwuSlime)
|inactive|ampersandwich has 60 seconds left.
|
|t:|1750706972
|move|p2a: Maushold|Follow Me|p2a: Maushold
|-singleturn|p2a: Maushold|move: Follow Me
|move|p1b: Grimmsnarl|Reflect|p1b: Grimmsnarl
|-sidestart|p1: ampersandwich|Reflect
|move|p1a: Miraidon|Electro Drift|p2a: Maushold
|-enditem|p2a: Maushold|Focus Sash
|-damage|p2a: Maushold|1/100
|move|p2b: Necrozma|Trick Room|p2b: Necrozma
|-fieldstart|move: Trick Room|[of] p2b: Necrozma
|
|upkeep
|turn|2
|
|t:|1750706990
|switch|p1a: Lunala|Lunala, L50|100/100
|-enditem|p1a: Lunala|Electric Seed
|-boost|p1a: Lunala|def|1|[from] item: Electric Seed
|move|p1b: Grimmsnarl|Thunder Wave|p2b: Necrozma
|-status|p2b: Necrozma|par
|move|p2b: Necrozma|Psychic Fangs|p1a: Lunala
|-sideend|p1: ampersandwich|Reflect
|-resisted|p1a: Lunala
|-damage|p1a: Lunala|94/100
|move|p2a: Maushold|Beat Up|p2b: Necrozma
|-supereffective|p2b: Necrozma
|-damage|p2b: Necrozma|98/100 par
|-enditem|p2b: Necrozma|Weakness Policy
|-boost|p2b: Necrozma|atk|2|[from] item: Weakness Policy
|-boost|p2b: Necrozma|spa|2|[from] item: Weakness Policy
|-supereffective|p2b: Necrozma
|-damage|p2b: Necrozma|95/100 par
|-supereffective|p2b: Necrozma
|-damage|p2b: Necrozma|92/100 par
|-hitcount|p2b: Necrozma|3
|
|upkeep
|turn|3
|inactive|ampersandwich has 30 seconds left.
|inactive|uwuSlime has 30 seconds left.
|
|t:|1750707018
|-terastallize|p2b: Necrozma|Dark
|move|p2a: Maushold|Helping Hand|p2b: Necrozma
|-singleturn|p2b: Necrozma|Helping Hand|[of] p2a: Maushold
|move|p2b: Necrozma|Sunsteel Strike|p1b: Grimmsnarl
|-supereffective|p1b: Grimmsnarl
|-damage|p1b: Grimmsnarl|0 fnt
|faint|p1b: Grimmsnarl
|move|p1a: Lunala|Trick Room|p1a: Lunala
|-fieldend|move: Trick Room
|
|upkeep
|
|t:|1750707028
|switch|p1b: Miraidon|Miraidon, L50|100/100
|-activate|p1b: Miraidon|ability: Hadron Engine
|turn|4
|inactive|uwuSlime has 30 seconds left.
|
|t:|1750707054
|move|p2a: Maushold|Follow Me|p2a: Maushold
|-singleturn|p2a: Maushold|move: Follow Me
|move|p1b: Miraidon|Electro Drift|p2a: Maushold
|-damage|p2a: Maushold|0 fnt
|faint|p2a: Maushold
|move|p1a: Lunala|Moonblast|p2b: Necrozma
|-supereffective|p2b: Necrozma
|-damage|p2b: Necrozma|53/100 par
|-unboost|p2b: Necrozma|spa|1
|move|p2b: Necrozma|Psychic Fangs|p1b: Miraidon
|-damage|p1b: Miraidon|0 fnt
|faint|p1b: Miraidon
|
|upkeep
|
|t:|1750707066
|switch|p1b: Ogerpon|Ogerpon-Wellspring, L50, F|100/100
|switch|p2a: Archaludon|Archaludon, L50, M|100/100
|turn|5
|inactive|uwuSlime has 30 seconds left.
|
|t:|1750707093
|-terastallize|p1a: Lunala|Fairy
|move|p1b: Ogerpon|Spiky Shield|p1b: Ogerpon
|-singleturn|p1b: Ogerpon|move: Protect
|move|p1a: Lunala|Moonblast|p2b: Necrozma
|-supereffective|p2b: Necrozma
|-damage|p2b: Necrozma|0 fnt
|faint|p2b: Necrozma
|move|p2a: Archaludon|Snarl|p1a: Lunala|[spread] p1a
|-activate|p1b: Ogerpon|move: Protect
|-resisted|p1a: Lunala
|-damage|p1a: Lunala|89/100
|-unboost|p1a: Lunala|spa|1
|
|-fieldend|move: Electric Terrain
|upkeep
|
|t:|1750707097
|switch|p2b: Kyogre|Kyogre, L50|100/100
|-weather|RainDance|[from] ability: Drizzle|[of] p2b: Kyogre
|turn|6
|
|t:|1750707117
|move|p1b: Ogerpon|Wood Hammer|p2b: Kyogre
|-supereffective|p2b: Kyogre
|-damage|p2b: Kyogre|0 fnt
|faint|p2b: Kyogre
|-damage|p1b: Ogerpon|69/100|[from] Recoil
|move|p1a: Lunala|Calm Mind|p1a: Lunala
|-boost|p1a: Lunala|spa|1
|-boost|p1a: Lunala|spd|1
|move|p2a: Archaludon|Electro Shot||[still]
|-prepare|p2a: Archaludon|Electro Shot
|-boost|p2a: Archaludon|spa|1
|-anim|p2a: Archaludon|Electro Shot|p1b: Ogerpon
|-damage|p1b: Ogerpon|0 fnt
|faint|p1b: Ogerpon
|
|-weather|RainDance|[upkeep]
|upkeep
|turn|7
|
|t:|1750707140
|move|p1a: Lunala|Moonblast|p2a: Archaludon
|-damage|p2a: Archaludon|61/100
|-unboost|p2a: Archaludon|spa|1
|-ability|p2a: Archaludon|Stamina|boost
|-boost|p2a: Archaludon|def|1
|move|p2a: Archaludon|Electro Shot||[still]
|-prepare|p2a: Archaludon|Electro Shot
|-boost|p2a: Archaludon|spa|1
|-anim|p2a: Archaludon|Electro Shot|p1a: Lunala
|-damage|p1a: Lunala|57/100
|
|-weather|RainDance|[upkeep]
|upkeep
|turn|8
|
|t:|1750707154
|move|p1a: Lunala|Moonblast|p2a: Archaludon
|-damage|p2a: Archaludon|21/100
|-unboost|p2a: Archaludon|spa|1
|-ability|p2a: Archaludon|Stamina|boost
|-boost|p2a: Archaludon|def|1
|move|p2a: Archaludon|Electro Shot||[still]
|-prepare|p2a: Archaludon|Electro Shot
|-boost|p2a: Archaludon|spa|1
|-anim|p2a: Archaludon|Electro Shot|p1a: Lunala
|-damage|p1a: Lunala|23/100
|
|-weather|RainDance|[upkeep]
|upkeep
|turn|9
|
|t:|1750707166
|move|p1a: Lunala|Moonblast|p2a: Archaludon
|-damage|p2a: Archaludon|0 fnt
|faint|p2a: Archaludon
|
|win|ampersandwich
|raw|ampersandwich's rating: 1154 &rarr; <strong>1176</strong><br />(+22 for winning)
|raw|uwuSlime's rating: 1113 &rarr; <strong>1091</strong><br />(-22 for losing)
|l|☆uwuSlime
|player|p2|
