|j|☆It'sJustKen VGC
|j|☆A Regu1ar Guy
|t:|1750728993
|gametype|doubles
|player|p1|It'sJustKen VGC|player-go|1528
|player|p2|A Regu1ar Guy|elesa|1642
|teamsize|p1|6
|teamsize|p2|6
|gen|9
|tier|[Gen 9] VGC 2025 Reg I
|rated|
|rule|Species Clause: Limit one of each Pokémon
|rule|Item Clause: Limit 1 of each item
|clearpoke
|poke|p1|Incineroar, L50, F|
|poke|p1|Urshifu-*, L50, M|
|poke|p1|Amoonguss, L50, M|
|poke|p1|Calyrex-Shadow, L50|
|poke|p1|Tornadus, L50, M|
|poke|p1|Terapagos, L50, M|
|poke|p2|Calyrex-Shadow, L50|
|poke|p2|Zamazenta-*, L50|
|poke|p2|Chien-Pao, L50|
|poke|p2|Rillaboom, L50, F|
|poke|p2|Raging Bolt, L50|
|poke|p2|Ogerpon-Hearthflame, L50, F|
|teampreview|4
|inactive|Battle timer is ON: inactive players will automatically lose when time's up. (requested by It'sJustKen VGC)
|
|t:|1750729006
|start
|switch|p1a: @Not Wolfe Glick|Incineroar, L50, F|100/100
|switch|p1b: Steven He|Urshifu-Rapid-Strike, L50, M|100/100
|switch|p2a: Zamazenta|Zamazenta-Crowned, L50|100/100
|switch|p2b: Raging Bolt|Raging Bolt, L50|100/100
|-ability|p2a: Zamazenta|Dauntless Shield|boost
|-boost|p2a: Zamazenta|def|1
|-ability|p1a: @Not Wolfe Glick|Intimidate|boost
|-unboost|p2a: Zamazenta|atk|1
|-unboost|p2b: Raging Bolt|atk|1
|-enditem|p2b: Raging Bolt|Booster Energy
|-activate|p2b: Raging Bolt|ability: Protosynthesis|[fromitem]
|-start|p2b: Raging Bolt|protosynthesisspa
|turn|1
|j| coolio2001
|
|t:|1750729026
|switch|p1b: PTSD Mushroom|Amoonguss, L50, M|100/100
|switch|p1a: Chicken Jockey|Calyrex-Shadow, L50|100/100
|-ability|p1a: Chicken Jockey|As One
|-ability|p1a: Chicken Jockey|Unnerve
|-terastallize|p2a: Zamazenta|Dragon
|move|p2a: Zamazenta|Body Press|p1a: Chicken Jockey
|-immune|p1a: Chicken Jockey
|move|p2b: Raging Bolt|Thunderbolt|p1b: PTSD Mushroom
|-resisted|p1b: PTSD Mushroom
|-damage|p1b: PTSD Mushroom|73/100
|
|upkeep
|turn|2
|
|t:|1750729037
|move|p1b: PTSD Mushroom|Protect|p1b: PTSD Mushroom
|-singleturn|p1b: PTSD Mushroom|Protect
|move|p1a: Chicken Jockey|Astral Barrage|p2a: Zamazenta|[spread] p2a,p2b
|-damage|p2a: Zamazenta|37/100
|-damage|p2b: Raging Bolt|29/100
|-damage|p1a: Chicken Jockey|91/100|[from] item: Life Orb
|move|p2a: Zamazenta|Heavy Slam|p1b: PTSD Mushroom
|-activate|p1b: PTSD Mushroom|move: Protect
|move|p2b: Raging Bolt|Draco Meteor|p1b: PTSD Mushroom
|-activate|p1b: PTSD Mushroom|move: Protect
|
|upkeep
|turn|3
|
|t:|1750729048
|move|p2a: Zamazenta|Wide Guard|p2a: Zamazenta
|-singleturn|p2a: Zamazenta|Wide Guard
|move|p1a: Chicken Jockey|Astral Barrage|p2b: Raging Bolt|[spread] 
|-activate|p2a: Zamazenta|move: Wide Guard
|-activate|p2b: Raging Bolt|move: Wide Guard
|move|p2b: Raging Bolt|Draco Meteor|p1a: Chicken Jockey
|-damage|p1a: Chicken Jockey|0 fnt
|-unboost|p2b: Raging Bolt|spa|2
|faint|p1a: Chicken Jockey
|move|p1b: PTSD Mushroom|Spore|p2b: Raging Bolt
|-status|p2b: Raging Bolt|slp|[from] move: Spore
|
|upkeep
|
|t:|1750729058
|switch|p1a: Steven He|Urshifu-Rapid-Strike, L50, M|100/100
|turn|4
|
|t:|1750729064
|-terastallize|p1a: Steven He|Water
|move|p1a: Steven He|Surging Strikes|p2b: Raging Bolt
|-resisted|p2b: Raging Bolt
|-crit|p2b: Raging Bolt
|-damage|p2b: Raging Bolt|16/100 slp
|-resisted|p2b: Raging Bolt
|-crit|p2b: Raging Bolt
|-damage|p2b: Raging Bolt|4/100 slp
|-resisted|p2b: Raging Bolt
|-crit|p2b: Raging Bolt
|-damage|p2b: Raging Bolt|0 fnt
|faint|p2b: Raging Bolt
|-end|p2b: Raging Bolt|Protosynthesis|[silent]
|-hitcount|p2: Raging Bolt|3
|move|p2a: Zamazenta|Heavy Slam|p1b: PTSD Mushroom
|-damage|p1b: PTSD Mushroom|47/100
|-enditem|p1b: PTSD Mushroom|Sitrus Berry|[eat]
|-heal|p1b: PTSD Mushroom|72/100|[from] item: Sitrus Berry
|move|p1b: PTSD Mushroom|Spore|p2a: Zamazenta
|-status|p2a: Zamazenta|slp|[from] move: Spore
|
|upkeep
|
|t:|1750729069
|switch|p2b: Calyrex|Calyrex-Shadow, L50|100/100
|-ability|p2b: Calyrex|As One
|-ability|p2b: Calyrex|Unnerve
|turn|5
|-message|A Regu1ar Guy forfeited.
|
|win|It'sJustKen VGC
|raw|It&apos;sJustKen VGC's rating: 1528 &rarr; <strong>1554</strong><br />(+26 for winning)
|raw|A Regu1ar Guy's rating: 1642 &rarr; <strong>1616</strong><br />(-26 for losing)
|l|☆A Regu1ar Guy
|player|p2|
