|j|☆ruimiao
|j|☆Ddree
|t:|1750749897
|gametype|doubles
|player|p1|ruimiao|caitlin|1528
|player|p2|Ddree|lucas|1388
|teamsize|p1|6
|teamsize|p2|6
|gen|9
|tier|[Gen 9] VGC 2025 Reg I
|rated|
|rule|Species Clause: Limit one of each Pokémon
|rule|Item Clause: Limit 1 of each item
|clearpoke
|poke|p1|Calyrex-Shadow, L50|
|poke|p1|Koraidon, L50|
|poke|p1|Chi-Yu, L50|
|poke|p1|Indeedee-F, L50, F|
|poke|p1|Brute Bonnet, L50|
|poke|p1|Whimsicott, L50, F|
|poke|p2|Koraidon, L50|
|poke|p2|Amoonguss, L50, M|
|poke|p2|Flutter Mane, L50|
|poke|p2|Incineroar, L50, F|
|poke|p2|Lunala, L50|
|poke|p2|Iron Crown, L50|
|teampreview|4
|inactive|Battle timer is ON: inactive players will automatically lose when time's up. (requested by Ddree)
|inactive|Ddree has 60 seconds left.
|inactive|ruimiao has 60 seconds left.
|
|t:|1750749953
|start
|switch|p1a: Whimsicott|Whimsicott, L50, F|100/100
|switch|p1b: Calyrex|Calyrex-Shadow, L50|100/100
|switch|p2a: Koraidon|Koraidon, L50|100/100
|switch|p2b: Flutter Mane|Flutter Mane, L50|100/100
|-ability|p1b: Calyrex|As One
|-ability|p1b: Calyrex|Unnerve
|-weather|SunnyDay|[from] ability: Orichalcum Pulse|[of] p2a: Koraidon
|-activate|p2b: Flutter Mane|ability: Protosynthesis
|-start|p2b: Flutter Mane|protosynthesisspe
|-activate|p2a: Koraidon|Orichalcum Pulse|[source]
|turn|1
|
|t:|1750749975
|-terastallize|p2b: Flutter Mane|Normal
|move|p1b: Calyrex|Protect|p1b: Calyrex
|-singleturn|p1b: Calyrex|Protect
|move|p1a: Whimsicott|Tailwind|p1a: Whimsicott
|-sidestart|p1: ruimiao|move: Tailwind
|move|p2b: Flutter Mane|Icy Wind|p1a: Whimsicott|[spread] p1a
|-activate|p1b: Calyrex|move: Protect
|-supereffective|p1a: Whimsicott
|-damage|p1a: Whimsicott|48/100
|-unboost|p1a: Whimsicott|spe|1
|move|p2a: Koraidon|Flame Charge|p1a: Whimsicott
|-supereffective|p1a: Whimsicott
|-damage|p1a: Whimsicott|0 fnt
|-boost|p2a: Koraidon|spe|1
|faint|p1a: Whimsicott
|-damage|p2a: Koraidon|91/100|[from] item: Life Orb
|
|-weather|SunnyDay|[upkeep]
|upkeep
|
|t:|1750749995
|switch|p1a: Chi-Yu|Chi-Yu, L50|100/100
|-ability|p1a: Chi-Yu|Beads of Ruin
|turn|2
|
|t:|1750750012
|move|p1a: Chi-Yu|Heat Wave|p2a: Koraidon|[spread] p2a
|-miss|p1a: Chi-Yu|p2b: Flutter Mane
|-resisted|p2a: Koraidon
|-damage|p2a: Koraidon|52/100
|move|p1b: Calyrex|Expanding Force|p2a: Koraidon
|-supereffective|p2a: Koraidon
|-damage|p2a: Koraidon|0 fnt
|faint|p2a: Koraidon
|-ability|p1b: Calyrex|Grim Neigh|boost
|-boost|p1b: Calyrex|spa|1
|-damage|p1b: Calyrex|91/100|[from] item: Life Orb
|move|p2b: Flutter Mane|Icy Wind|p1b: Calyrex|[spread] p1a,p1b
|-resisted|p1a: Chi-Yu
|-crit|p1b: Calyrex
|-damage|p1a: Chi-Yu|91/100
|-damage|p1b: Calyrex|62/100
|-unboost|p1a: Chi-Yu|spe|1
|-unboost|p1b: Calyrex|spe|1
|
|-weather|SunnyDay|[upkeep]
|upkeep
|
|t:|1750750027
|switch|p2a: Iron Crown|Iron Crown, L50|100/100
|-enditem|p2a: Iron Crown|Booster Energy
|-activate|p2a: Iron Crown|ability: Quark Drive|[fromitem]
|-start|p2a: Iron Crown|quarkdrivespe
|turn|3
|inactive|ruimiao has 30 seconds left.
|inactive|ruimiao has 20 seconds left.
|inactive|ruimiao has 15 seconds left.
|
|t:|1750750069
|-end|p2b: Flutter Mane|Protosynthesis|[silent]
|switch|p2b: Incineroar|Incineroar, L50, F|100/100
|-ability|p2b: Incineroar|Intimidate|boost
|-unboost|p1a: Chi-Yu|atk|1
|-unboost|p1b: Calyrex|atk|1
|move|p1a: Chi-Yu|Heat Wave|p2a: Iron Crown|[spread] p2a,p2b
|-supereffective|p2a: Iron Crown
|-resisted|p2b: Incineroar
|-crit|p2b: Incineroar
|-damage|p2a: Iron Crown|0 fnt
|-damage|p2b: Incineroar|62/100
|faint|p2a: Iron Crown
|-end|p2a: Iron Crown|Quark Drive|[silent]
|move|p1b: Calyrex|Astral Barrage|p2b: Incineroar
|-resisted|p2b: Incineroar
|-damage|p2b: Incineroar|5/100
|-damage|p1b: Calyrex|52/100|[from] item: Life Orb
|
|-weather|SunnyDay|[upkeep]
|upkeep
|
|t:|1750750072
|switch|p2a: Flutter Mane|Flutter Mane, L50, tera:Normal|100/100
|-activate|p2a: Flutter Mane|ability: Protosynthesis
|-start|p2a: Flutter Mane|protosynthesisspe
|turn|4
|
|t:|1750750091
|-terastallize|p1b: Calyrex|Dark
|move|p2b: Incineroar|Fake Out|p1a: Chi-Yu
|-damage|p1a: Chi-Yu|73/100
|move|p2a: Flutter Mane|Shadow Ball|p1b: Calyrex
|-resisted|p1b: Calyrex
|-damage|p1b: Calyrex|28/100
|cant|p1a: Chi-Yu|flinch
|move|p1b: Calyrex|Expanding Force|p2a: Flutter Mane
|-enditem|p2a: Flutter Mane|Focus Sash
|-damage|p2a: Flutter Mane|1/100
|-damage|p1b: Calyrex|18/100|[from] item: Life Orb
|
|-weather|SunnyDay|[upkeep]
|-sideend|p1: ruimiao|move: Tailwind
|upkeep
|turn|5
|
|t:|1750750113
|move|p1b: Calyrex|Protect|p1b: Calyrex
|-singleturn|p1b: Calyrex|Protect
|move|p2a: Flutter Mane|Icy Wind|p1a: Chi-Yu|[spread] p1a
|-activate|p1b: Calyrex|move: Protect
|-resisted|p1a: Chi-Yu
|-damage|p1a: Chi-Yu|64/100
|-unboost|p1a: Chi-Yu|spe|1
|move|p1a: Chi-Yu|Heat Wave|p2b: Incineroar|[spread] p2a,p2b
|-resisted|p2b: Incineroar
|-damage|p2a: Flutter Mane|0 fnt
|-damage|p2b: Incineroar|0 fnt
|faint|p2a: Flutter Mane
|-end|p2a: Flutter Mane|Protosynthesis|[silent]
|faint|p2b: Incineroar
|
|win|ruimiao
|raw|ruimiao's rating: 1528 &rarr; <strong>1540</strong><br />(+12 for winning)
|raw|Ddree's rating: 1388 &rarr; <strong>1376</strong><br />(-12 for losing)
|l|☆ruimiao
|player|p1|
|l|☆Ddree
|player|p2|
