|j|☆LostCityofAtlanta
|j|☆munchingamer659
|t:|1750859155
|gametype|doubles
|player|p1|LostCityofAtlanta|169|1147
|player|p2|munchingamer659|lucas|1151
|teamsize|p1|6
|teamsize|p2|6
|gen|9
|tier|[Gen 9] VGC 2025 Reg I
|rated|
|rule|Species Clause: Limit one of each Pokémon
|rule|Item Clause: Limit 1 of each item
|clearpoke
|poke|p1|Mewtwo, L50|
|poke|p1|Smeargle, L50, F|
|poke|p1|Calyrex-Shadow, L50|
|poke|p1|Rillaboom, L50, F|
|poke|p1|Incineroar, L50, M|
|poke|p1|Grimmsnarl, L50, M|
|poke|p2|Incineroar, L50, M|
|poke|p2|Calyrex-Shadow, L50|
|poke|p2|Miraidon, L50|
|poke|p2|Urshifu-*, L50, M|
|poke|p2|Ogerpon-Hearthflame, L50, F|
|poke|p2|Rillaboom, L50, F|
|teampreview|4
|inactive|Battle timer is ON: inactive players will automatically lose when time's up. (requested by munchingamer659)
|
|t:|1750859183
|start
|switch|p1a: Smeargle|Smeargle, L50, F|100/100
|switch|p1b: Rillaboom|Rillaboom, L50, F|100/100
|switch|p2a: Rillaboom|Rillaboom, L50, F|100/100
|switch|p2b: Ogerpon|Ogerpon-Hearthflame, L50, F|100/100
|-ability|p2b: Ogerpon|Mold Breaker
|-fieldstart|move: Grassy Terrain|[from] ability: Grassy Surge|[of] p2a: Rillaboom
|turn|1
|inactive|munchingamer659 has 30 seconds left.
|
|t:|1750859213
|switch|p1b: Mewtwo|Mewtwo, L50|100/100
|-ability|p1b: Mewtwo|Pressure
|-terastallize|p1a: Smeargle|Ghost
|move|p2b: Ogerpon|Horn Leech|p1a: Smeargle
|-enditem|p1a: Smeargle|Focus Sash
|-damage|p1a: Smeargle|1/100
|move|p1a: Smeargle|Entrainment|p1b: Mewtwo
|-endability|p1b: Mewtwo|Pressure|[from] move: Entrainment
|-ability|p1b: Mewtwo|Moody|[from] move: Entrainment
|move|p2a: Rillaboom|Wood Hammer|p1a: Smeargle
|-damage|p1a: Smeargle|0 fnt
|faint|p1a: Smeargle
|-damage|p2a: Rillaboom|99/100|[from] Recoil
|
|-heal|p2a: Rillaboom|100/100|[from] Grassy Terrain
|-ability|p1b: Mewtwo|Moody|boost
|-boost|p1b: Mewtwo|spa|2
|-unboost|p1b: Mewtwo|spe|1
|upkeep
|
|t:|1750859225
|switch|p1a: Incineroar|Incineroar, L50, M|100/100
|-ability|p1a: Incineroar|Intimidate|boost
|-unboost|p2a: Rillaboom|atk|1
|-unboost|p2b: Ogerpon|atk|1
|turn|2
|
|t:|1750859238
|move|p2b: Ogerpon|Spiky Shield|p2b: Ogerpon
|-singleturn|p2b: Ogerpon|move: Protect
|move|p1b: Mewtwo|Protect|p1b: Mewtwo
|-singleturn|p1b: Mewtwo|Protect
|move|p2a: Rillaboom|Drum Beating|p1b: Mewtwo
|-activate|p1b: Mewtwo|move: Protect
|move|p1a: Incineroar|Parting Shot|p2b: Ogerpon
|-activate|p2b: Ogerpon|move: Protect
|
|-ability|p1b: Mewtwo|Moody|boost
|-boost|p1b: Mewtwo|spd|2
|-unboost|p1b: Mewtwo|spe|1
|upkeep
|turn|3
|
|t:|1750859263
|move|p2b: Ogerpon|Horn Leech|p1b: Mewtwo
|-crit|p1b: Mewtwo
|-damage|p1b: Mewtwo|30/100
|move|p2a: Rillaboom|Drum Beating|p1b: Mewtwo
|-damage|p1b: Mewtwo|2/100
|-unboost|p1b: Mewtwo|spe|1
|move|p1a: Incineroar|Parting Shot|p2b: Ogerpon
|-unboost|p2b: Ogerpon|atk|1
|-unboost|p2b: Ogerpon|spa|1
|
|t:|1750859272
|switch|p1a: Rillaboom|Rillaboom, L50, F|100/100|[from] Parting Shot
|move|p1b: Mewtwo|Stored Power|p2b: Ogerpon
|-damage|p2b: Ogerpon|0 fnt
|faint|p2b: Ogerpon
|
|-heal|p1b: Mewtwo|8/100|[from] Grassy Terrain
|-heal|p1b: Mewtwo|14/100|[from] item: Leftovers
|-ability|p1b: Mewtwo|Moody|boost
|-boost|p1b: Mewtwo|atk|2
|-unboost|p1b: Mewtwo|spa|1
|upkeep
|
|t:|1750859277
|switch|p2b: Miraidon|Miraidon, L50|100/100
|-fieldstart|move: Electric Terrain|[from] ability: Hadron Engine|[of] p2b: Miraidon
|turn|4
|inactive|munchingamer659 has 30 seconds left.
|
|t:|1750859307
|move|p1b: Mewtwo|Protect|p1b: Mewtwo
|-singleturn|p1b: Mewtwo|Protect
|move|p2b: Miraidon|Dazzling Gleam|p1b: Mewtwo|[spread] p1a
|-activate|p1b: Mewtwo|move: Protect
|-damage|p1a: Rillaboom|82/100
|move|p2a: Rillaboom|Wood Hammer|p1a: Rillaboom
|-resisted|p1a: Rillaboom
|-damage|p1a: Rillaboom|61/100
|-damage|p2a: Rillaboom|94/100|[from] Recoil
|move|p1a: Rillaboom|U-turn|p2b: Miraidon
|-damage|p2b: Miraidon|77/100
|c|☆LostCityofAtlanta|the crit on the move that doesnt have high crit rate sucks lol
|
|t:|1750859320
|switch|p1a: Incineroar|Incineroar, L50, M|100/100|[from] U-turn
|-ability|p1a: Incineroar|Intimidate|boost
|-unboost|p2a: Rillaboom|atk|1
|-unboost|p2b: Miraidon|atk|1
|
|-heal|p1b: Mewtwo|21/100|[from] item: Leftovers
|-ability|p1b: Mewtwo|Moody|boost
|-boost|p1b: Mewtwo|spd|2
|-unboost|p1b: Mewtwo|def|1
|upkeep
|turn|5
|
|t:|1750859337
|switch|p2a: Calyrex|Calyrex-Shadow, L50|100/100
|-ability|p2a: Calyrex|As One
|-ability|p2a: Calyrex|Unnerve
|-terastallize|p2b: Miraidon|Fairy
|move|p1a: Incineroar|Fake Out|p2a: Calyrex
|-immune|p2a: Calyrex
|move|p2b: Miraidon|Dazzling Gleam|p1b: Mewtwo|[spread] p1a,p1b
|-damage|p1a: Incineroar|72/100
|-damage|p1b: Mewtwo|9/100
|move|p1b: Mewtwo|Stored Power|p2a: Calyrex
|-resisted|p2a: Calyrex
|-damage|p2a: Calyrex|49/100
|
|-heal|p1b: Mewtwo|15/100|[from] item: Leftovers
|-ability|p1b: Mewtwo|Moody|boost
|-boost|p1b: Mewtwo|spe|2
|-unboost|p1b: Mewtwo|def|1
|upkeep
|turn|6
|
|t:|1750859357
|switch|p1a: Rillaboom|Rillaboom, L50, F|61/100
|-fieldstart|move: Grassy Terrain|[from] ability: Grassy Surge|[of] p1a: Rillaboom
|move|p1b: Mewtwo|Protect|p1b: Mewtwo
|-singleturn|p1b: Mewtwo|Protect
|move|p2a: Calyrex|Astral Barrage|p1b: Mewtwo|[spread] p1a
|-activate|p1b: Mewtwo|move: Protect
|-damage|p1a: Rillaboom|23/100
|move|p2b: Miraidon|Electro Drift|p1b: Mewtwo
|-activate|p1b: Mewtwo|move: Protect
|
|-heal|p2a: Calyrex|55/100|[from] Grassy Terrain
|-heal|p2b: Miraidon|83/100|[from] Grassy Terrain
|-heal|p1a: Rillaboom|29/100|[from] Grassy Terrain
|-heal|p1b: Mewtwo|22/100|[from] Grassy Terrain
|-heal|p1b: Mewtwo|28/100|[from] item: Leftovers
|-ability|p1b: Mewtwo|Moody|boost
|-boost|p1b: Mewtwo|spe|2
|-unboost|p1b: Mewtwo|spa|1
|upkeep
|turn|7
|
|t:|1750859371
|switch|p2b: Rillaboom|Rillaboom, L50, F|94/100
|move|p2a: Calyrex|Protect|p2a: Calyrex
|-singleturn|p2a: Calyrex|Protect
|move|p1a: Rillaboom|Fake Out|p2b: Rillaboom
|-damage|p2b: Rillaboom|79/100
|move|p1b: Mewtwo|Stored Power|p2a: Calyrex
|-activate|p2a: Calyrex|move: Protect
|
|-heal|p1b: Mewtwo|34/100|[from] Grassy Terrain
|-heal|p1b: Mewtwo|40/100|[from] item: Leftovers
|-heal|p2a: Calyrex|61/100|[from] Grassy Terrain
|-heal|p2b: Rillaboom|85/100|[from] Grassy Terrain
|-heal|p1a: Rillaboom|35/100|[from] Grassy Terrain
|-ability|p1b: Mewtwo|Moody|boost
|-boost|p1b: Mewtwo|def|2
|-unboost|p1b: Mewtwo|atk|1
|upkeep
|turn|8
|
|t:|1750859390
|switch|p1a: Incineroar|Incineroar, L50, M|72/100
|-ability|p1a: Incineroar|Intimidate|boost
|-unboost|p2a: Calyrex|atk|1
|-unboost|p2b: Rillaboom|atk|1
|move|p1b: Mewtwo|Protect|p1b: Mewtwo
|-singleturn|p1b: Mewtwo|Protect
|move|p2a: Calyrex|Astral Barrage|p1a: Incineroar|[spread] p1a
|-activate|p1b: Mewtwo|move: Protect
|-resisted|p1a: Incineroar
|-damage|p1a: Incineroar|54/100
|move|p2b: Rillaboom|Drum Beating|p1b: Mewtwo
|-activate|p1b: Mewtwo|move: Protect
|
|-heal|p1b: Mewtwo|47/100|[from] Grassy Terrain
|-heal|p1b: Mewtwo|53/100|[from] item: Leftovers
|-heal|p2a: Calyrex|68/100|[from] Grassy Terrain
|-heal|p2b: Rillaboom|91/100|[from] Grassy Terrain
|-heal|p1a: Incineroar|60/100|[from] Grassy Terrain
|-ability|p1b: Mewtwo|Moody|boost
|-boost|p1b: Mewtwo|def|2
|-unboost|p1b: Mewtwo|spa|1
|upkeep
|turn|9
|
|t:|1750859406
|move|p2b: Rillaboom|Grassy Glide|p1b: Mewtwo
|-damage|p1b: Mewtwo|44/100
|move|p1b: Mewtwo|Stored Power|p2b: Rillaboom
|-damage|p2b: Rillaboom|47/100
|move|p2a: Calyrex|Astral Barrage|p1b: Mewtwo|[spread] p1a,p1b
|-resisted|p1a: Incineroar
|-supereffective|p1b: Mewtwo
|-damage|p1a: Incineroar|42/100
|-damage|p1b: Mewtwo|15/100
|move|p1a: Incineroar|Knock Off|p2a: Calyrex
|-supereffective|p2a: Calyrex
|-damage|p2a: Calyrex|0 fnt
|-enditem|p2a: Calyrex|Focus Sash|[from] move: Knock Off|[of] p1a: Incineroar
|faint|p2a: Calyrex
|
|-heal|p1b: Mewtwo|21/100|[from] Grassy Terrain
|-heal|p1b: Mewtwo|27/100|[from] item: Leftovers
|-heal|p2b: Rillaboom|53/100|[from] Grassy Terrain
|-heal|p1a: Incineroar|48/100|[from] Grassy Terrain
|-ability|p1b: Mewtwo|Moody|boost
|-boost|p1b: Mewtwo|spd|2
|-unboost|p1b: Mewtwo|atk|1
|upkeep
|
|t:|1750859416
|switch|p2a: Miraidon|Miraidon, L50, tera:Fairy|83/100
|-fieldstart|move: Electric Terrain|[from] ability: Hadron Engine|[of] p2a: Miraidon
|turn|10
|
|t:|1750859431
|switch|p1a: Rillaboom|Rillaboom, L50, F|35/100
|-fieldstart|move: Grassy Terrain|[from] ability: Grassy Surge|[of] p1a: Rillaboom
|move|p1b: Mewtwo|Protect|p1b: Mewtwo
|-singleturn|p1b: Mewtwo|Protect
|move|p2b: Rillaboom|Grassy Glide|p1b: Mewtwo
|-activate|p1b: Mewtwo|move: Protect
|move|p2a: Miraidon|Dazzling Gleam|p1a: Rillaboom|[spread] p1a
|-activate|p1b: Mewtwo|move: Protect
|-damage|p1a: Rillaboom|14/100
|
|-heal|p1b: Mewtwo|34/100|[from] Grassy Terrain
|-heal|p1b: Mewtwo|40/100|[from] item: Leftovers
|-heal|p2a: Miraidon|89/100|[from] Grassy Terrain
|-heal|p2b: Rillaboom|58/100|[from] Grassy Terrain
|-heal|p1a: Rillaboom|20/100|[from] Grassy Terrain
|-ability|p1b: Mewtwo|Moody|boost
|-boost|p1b: Mewtwo|def|2
|-unboost|p1b: Mewtwo|spa|1
|upkeep
|turn|11
|
|t:|1750859445
|move|p2a: Miraidon|Protect|p2a: Miraidon
|-singleturn|p2a: Miraidon|Protect
|move|p1a: Rillaboom|Fake Out|p2a: Miraidon
|-activate|p2a: Miraidon|move: Protect
|move|p1b: Mewtwo|Stored Power|p2b: Rillaboom
|-damage|p2b: Rillaboom|12/100
|move|p2b: Rillaboom|Drum Beating|p1b: Mewtwo
|-damage|p1b: Mewtwo|30/100
|-unboost|p1b: Mewtwo|spe|1
|
|-heal|p2a: Miraidon|95/100|[from] Grassy Terrain
|-heal|p1b: Mewtwo|36/100|[from] Grassy Terrain
|-heal|p1b: Mewtwo|42/100|[from] item: Leftovers
|-heal|p2b: Rillaboom|17/100|[from] Grassy Terrain
|-heal|p1a: Rillaboom|26/100|[from] Grassy Terrain
|-ability|p1b: Mewtwo|Moody|boost
|-boost|p1b: Mewtwo|atk|2
|-unboost|p1b: Mewtwo|def|1
|upkeep
|turn|12
|inactive|LostCityofAtlanta has 30 seconds left.
|
|t:|1750859476
|move|p1b: Mewtwo|Protect|p1b: Mewtwo
|-singleturn|p1b: Mewtwo|Protect
|move|p2b: Rillaboom|Grassy Glide|p1b: Mewtwo
|-activate|p1b: Mewtwo|move: Protect
|move|p2a: Miraidon|Electro Drift|p1b: Mewtwo
|-activate|p1b: Mewtwo|move: Protect
|move|p1a: Rillaboom|U-turn|p2b: Rillaboom
|-supereffective|p2b: Rillaboom
|-damage|p2b: Rillaboom|0 fnt
|faint|p2b: Rillaboom
|
|t:|1750859484
|switch|p1a: Incineroar|Incineroar, L50, M|48/100|[from] U-turn
|-ability|p1a: Incineroar|Intimidate|boost
|-unboost|p2a: Miraidon|atk|1
|
|-heal|p2a: Miraidon|100/100|[from] Grassy Terrain
|-heal|p1b: Mewtwo|49/100|[from] Grassy Terrain
|-heal|p1b: Mewtwo|55/100|[from] item: Leftovers
|-heal|p1a: Incineroar|53/100|[from] Grassy Terrain
|-ability|p1b: Mewtwo|Moody|boost
|-boost|p1b: Mewtwo|spa|2
|-unboost|p1b: Mewtwo|atk|1
|upkeep
|turn|13
|-message|munchingamer659 forfeited.
|
|win|LostCityofAtlanta
|raw|LostCityofAtlanta's rating: 1147 &rarr; <strong>1172</strong><br />(+25 for winning)
|raw|munchingamer659's rating: 1151 &rarr; <strong>1126</strong><br />(-25 for losing)
|l|☆munchingamer659
|player|p2|
