|j|☆Vatros
|j|☆Diego.LC
|t:|1750852588
|gametype|doubles
|player|p1|Vatros|proton|1023
|player|p2|Diego.LC|rosa|1079
|teamsize|p1|6
|teamsize|p2|6
|gen|9
|tier|[Gen 9] VGC 2025 Reg I
|rated|
|rule|Species Clause: Limit one of each Pokémon
|rule|Item Clause: Limit 1 of each item
|clearpoke
|poke|p1|Zamazenta-*, L50|
|poke|p1|Terapagos, L50, M|
|poke|p1|Grimmsnarl, L50, M|
|poke|p1|Ninetales-Alola, L50, F|
|poke|p1|Iron Hands, L50|
|poke|p1|Ursaluna, L50, M|
|poke|p2|Groudon, L50|
|poke|p2|Miraidon, L50|
|poke|p2|Flutter Mane, L50|
|poke|p2|Iron Hands, L50|
|poke|p2|Farigiraf, L50, M|
|poke|p2|Volcarona, L50, M|
|teampreview|4
|inactive|Battle timer is ON: inactive players will automatically lose when time's up. (requested by Diego.LC)
|inactive|Vatros has 60 seconds left.
|inactive|Diego.LC has 60 seconds left.
|
|t:|1750852633
|start
|switch|p1a: Ninetales|Ninetales-Alola, L50, F|100/100
|switch|p1b: Ursaluna|Ursaluna, L50, M|100/100
|switch|p2a: Volcarona|Volcarona, L50, M|100/100
|switch|p2b: Groudon|Groudon, L50|100/100
|-weather|Snowscape|[from] ability: Snow Warning|[of] p1a: Ninetales
|-weather|SunnyDay|[from] ability: Drought|[of] p2b: Groudon
|turn|1
|inactive|Diego.LC has 30 seconds left.
|
|t:|1750852662
|switch|p1a: Zamazenta|Zamazenta-Crowned, L50|100/100
|-ability|p1a: Zamazenta|Dauntless Shield|boost
|-boost|p1a: Zamazenta|def|1
|move|p1b: Ursaluna|Protect|p1b: Ursaluna
|-singleturn|p1b: Ursaluna|Protect
|move|p2a: Volcarona|Fiery Dance|p1a: Zamazenta
|-supereffective|p1a: Zamazenta
|-damage|p1a: Zamazenta|28/100
|-boost|p2a: Volcarona|spa|1
|move|p2b: Groudon|Precipice Blades|p1a: Zamazenta|[spread] p1a
|-activate|p1b: Ursaluna|move: Protect
|-supereffective|p1a: Zamazenta
|-damage|p1a: Zamazenta|0 fnt
|faint|p1a: Zamazenta
|
|-weather|SunnyDay|[upkeep]
|-status|p1b: Ursaluna|brn|[from] item: Flame Orb
|upkeep
|
|t:|1750852679
|switch|p1a: Ninetales|Ninetales-Alola, L50, F|100/100
|-weather|Snowscape|[from] ability: Snow Warning|[of] p1a: Ninetales
|turn|2
|inactive|Diego.LC has 30 seconds left.
|
|t:|1750852705
|move|p2a: Volcarona|Rage Powder|p2a: Volcarona
|-singleturn|p2a: Volcarona|move: Rage Powder
|move|p1a: Ninetales|Aurora Veil|p1a: Ninetales
|-sidestart|p1: Vatros|move: Aurora Veil
|move|p2b: Groudon|Heat Crash|p1a: Ninetales
|-supereffective|p1a: Ninetales
|-damage|p1a: Ninetales|29/100
|-damage|p2b: Groudon|84/100|[from] item: Rocky Helmet|[of] p1a: Ninetales
|move|p1b: Ursaluna|Swords Dance|p1b: Ursaluna
|-boost|p1b: Ursaluna|atk|2
|
|-weather|Snowscape|[upkeep]
|-damage|p1b: Ursaluna|95/100 brn|[from] brn
|upkeep
|turn|3
|inactive|Diego.LC has 30 seconds left.
|inactive|Diego.LC has 20 seconds left.
|inactive|Diego.LC has 15 seconds left.
|
|t:|1750852748
|switch|p2b: Flutter Mane|Flutter Mane, L50|100/100
|-enditem|p2b: Flutter Mane|Booster Energy
|-activate|p2b: Flutter Mane|ability: Protosynthesis|[fromitem]
|-start|p2b: Flutter Mane|protosynthesisspe
|-terastallize|p2a: Volcarona|Grass
|move|p2a: Volcarona|Rage Powder|p2a: Volcarona
|-singleturn|p2a: Volcarona|move: Rage Powder
|move|p1a: Ninetales|Blizzard|p2b: Flutter Mane|[spread] p2a,p2b
|-supereffective|p2a: Volcarona
|-damage|p2a: Volcarona|41/100
|-damage|p2b: Flutter Mane|74/100
|move|p1b: Ursaluna|Facade|p2a: Volcarona
|-damage|p2a: Volcarona|0 fnt
|faint|p2a: Volcarona
|
|-weather|Snowscape|[upkeep]
|-damage|p1b: Ursaluna|89/100 brn|[from] brn
|upkeep
|
|t:|1750852760
|switch|p2a: Groudon|Groudon, L50|84/100
|-weather|SunnyDay|[from] ability: Drought|[of] p2a: Groudon
|turn|4
|inactive|Vatros has 30 seconds left.
|inactive|Diego.LC has 30 seconds left.
|inactive|Vatros has 20 seconds left.
|inactive|Vatros has 15 seconds left.
|l|☆Vatros
|inactive|Vatros disconnected and has a minute to reconnect!
|player|p1|
|inactive|Vatros has 10 seconds left.
|inactive|Vatros has 5 seconds left.
|j|☆Vatros
|inactive|Vatros reconnected and has 5 seconds left.
|player|p1|Vatros|proton|
|
|t:|1750852815
|move|p2b: Flutter Mane|Moonblast|p1b: Ursaluna
|-damage|p1b: Ursaluna|63/100 brn
|move|p1a: Ninetales|Blizzard|p2a: Groudon|[spread] p2a,p2b
|-supereffective|p2a: Groudon
|-damage|p2a: Groudon|25/100
|-damage|p2b: Flutter Mane|48/100
|move|p2a: Groudon|Precipice Blades|p1a: Ninetales|[spread] p1b
|-miss|p2a: Groudon|p1a: Ninetales
|-damage|p1b: Ursaluna|38/100 brn
|move|p1b: Ursaluna|Facade|p2a: Groudon
|-damage|p2a: Groudon|0 fnt
|faint|p2a: Groudon
|
|-weather|SunnyDay|[upkeep]
|-damage|p1b: Ursaluna|32/100 brn|[from] brn
|upkeep
|
|t:|1750852828
|switch|p2a: Miraidon|Miraidon, L50|100/100
|-fieldstart|move: Electric Terrain|[from] ability: Hadron Engine|[of] p2a: Miraidon
|turn|5
|inactive|Vatros has 30 seconds left.
|inactive|Diego.LC has 30 seconds left.
|inactive|Diego.LC has 20 seconds left.
|
|t:|1750852871
|switch|p1b: Terapagos|Terapagos, L50, M|100/100
|-activate|p1b: Terapagos|ability: Tera Shift
|detailschange|p1b: Terapagos|Terapagos-Terastal, L50, M
|-heal|p1b: Terapagos|100/100|[silent]
|move|p2b: Flutter Mane|Moonblast|p1b: Terapagos
|-activate|p1b: Terapagos|ability: Tera Shell
|-resisted|p1b: Terapagos
|-damage|p1b: Terapagos|89/100
|move|p1a: Ninetales|Blizzard|p2a: Miraidon|[spread] p2a
|-miss|p1a: Ninetales|p2b: Flutter Mane
|-supereffective|p2a: Miraidon
|-damage|p2a: Miraidon|51/100
|move|p2a: Miraidon|Dazzling Gleam|p1a: Ninetales|[spread] p1a,p1b
|-damage|p1a: Ninetales|0 fnt
|-damage|p1b: Terapagos|67/100
|faint|p1a: Ninetales
|
|-weather|SunnyDay|[upkeep]
|upkeep
|
|t:|1750852895
|switch|p1a: Ursaluna|Ursaluna, L50, M|32/100 brn
|turn|6
|
|t:|1750852919
|-terastallize|p1b: Terapagos|Stellar
|detailschange|p1b: Terapagos|Terapagos-Stellar, L50, M, tera:Stellar
|-heal|p1b: Terapagos|75/100|[silent]
|-ability|p1b: Terapagos|Teraform Zero
|-weather|none
|-fieldend|move: Electric Terrain
|move|p2b: Flutter Mane|Moonblast|p1a: Ursaluna
|-damage|p1a: Ursaluna|5/100 brn
|move|p2a: Miraidon|Dazzling Gleam|p1a: Ursaluna|[spread] p1a,p1b
|-damage|p1a: Ursaluna|0 fnt
|-damage|p1b: Terapagos|62/100
|faint|p1a: Ursaluna
|move|p1b: Terapagos|Tera Starstorm|p2b: Flutter Mane|[spread] p2a,p2b
|-damage|p2a: Miraidon|7/100
|-damage|p2b: Flutter Mane|3/100
|-damage|p1b: Terapagos|52/100|[from] item: Life Orb
|
|-sideend|p1: Vatros|move: Aurora Veil
|upkeep
|turn|7
|
|t:|1750852939
|move|p2b: Flutter Mane|Moonblast|p1b: Terapagos
|-damage|p1b: Terapagos|27/100
|-unboost|p1b: Terapagos|spa|1
|move|p2a: Miraidon|Dazzling Gleam|p1b: Terapagos
|-damage|p1b: Terapagos|0 fnt
|faint|p1b: Terapagos
|detailschange|p1: Terapagos|Terapagos, L50, M|[silent]
|
|win|Diego.LC
|raw|Vatros's rating: 1023 &rarr; <strong>1012</strong><br />(-11 for losing)
|raw|Diego.LC's rating: 1079 &rarr; <strong>1103</strong><br />(+24 for winning)
|c|☆Vatros|gg
