|j|☆imstuckat1300
|j|☆HardFreaQ
|t:|1750783415
|gametype|doubles
|player|p1|imstuckat1300|102|
|player|p2|HardFreaQ|lucas|
|teamsize|p1|6
|teamsize|p2|6
|gen|9
|tier|[Gen 9] VGC 2025 Reg I
|rated|Tournament battle
|rule|Species Clause: Limit one of each Pokémon
|rule|Item Clause: Limit 1 of each item
|raw|<div class="infobox"><details class="readmore" open><summary><strong>2 custom rules:</strong></summary> Force Open Team Sheets, !Open Team Sheets</details></div>
|clearpoke
|poke|p1|Calyrex-Ice, L50|
|poke|p1|Miraidon, L50|
|poke|p1|Incineroar, L50, F|
|poke|p1|Landorus, L50, M|
|poke|p1|Urshifu-*, L50, M|
|poke|p1|Whimsicott, L50, F|
|poke|p2|Calyrex-Ice, L50|
|poke|p2|Miraidon, L50|
|poke|p2|Farigiraf, L50, F|
|poke|p2|Volcarona, L50, F|
|poke|p2|Iron Hands, L50|
|poke|p2|Annihilape, L50, F|
|teampreview|4
|showteam|p1|Calyrex-Ice||ClearAmulet|AsOneGlastrier|GlacialLance,HighHorsepower,TrickRoom,Protect||||||50|,,,,,Water]Miraidon||ChoiceSpecs|HadronEngine|ElectroDrift,VoltSwitch,DracoMeteor,DazzlingGleam||||||50|,,,,,Fairy]Incineroar||AssaultVest|Intimidate|FlareBlitz,FakeOut,Uturn,KnockOff|||F|||50|,,,,,Bug]Landorus||LifeOrb|SheerForce|SandsearStorm,EarthPower,SludgeBomb,Protect|||M|||50|,,,,,Poison]Urshifu-Rapid-Strike||MysticWater|UnseenFist|SurgingStrikes,CloseCombat,AquaJet,Detect|||M|||50|,,,,,Water]Whimsicott||CovertCloak|Prankster|Moonblast,Tailwind,LightScreen,Encore|||F|||50|,,,,,Water
|showteam|p2|Calyrex-Ice||ClearAmulet|AsOneGlastrier|GlacialLance,HighHorsepower,TrickRoom,Protect||||||50|,,,,,Fire]Miraidon||ChoiceSpecs|HadronEngine|ElectroDrift,VoltSwitch,DracoMeteor,DazzlingGleam||||||50|,,,,,Fairy]Farigiraf||ElectricSeed|ArmorTail|Psychic,FoulPlay,TrickRoom,HelpingHand|||F|||50|,,,,,Water]Volcarona||RockyHelmet|FlameBody|FieryDance,StruggleBug,RagePowder,Protect|||F|||50|,,,,,Water]Iron Hands||AssaultVest|QuarkDrive|LowKick,DrainPunch,WildCharge,FakeOut||||||50|,,,,,Bug]Annihilape||ChoiceScarf|Defiant|FinalGambit,ShadowClaw,Uturn,Coaching|||F|||50|,,,,,Grass
|inactive|Battle timer is ON: inactive players will automatically lose when time's up. (requested by HardFreaQ)
|j| a2
|
|t:|1750783433
|start
|switch|p1a: Whimsicott|Whimsicott, L50, F|100/100
|switch|p1b: Miraidon|Miraidon, L50|100/100
|switch|p2a: Calyrex|Calyrex-Ice, L50|100/100
|switch|p2b: Annihilape|Annihilape, L50, F|100/100
|-ability|p2a: Calyrex|As One
|-ability|p2a: Calyrex|Unnerve
|-fieldstart|move: Electric Terrain|[from] ability: Hadron Engine|[of] p1b: Miraidon
|turn|1
|inactive|imstuckat1300 has 30 seconds left.
|inactive|HardFreaQ has 30 seconds left.
|
|t:|1750783461
|switch|p1a: Calyrex|Calyrex-Ice, L50|100/100
|-ability|p1a: Calyrex|As One
|-ability|p1a: Calyrex|Unnerve
|move|p2b: Annihilape|U-turn|p1b: Miraidon
|-damage|p1b: Miraidon|83/100
|j|@Therazer456
|
|t:|1750783468
|switch|p2b: Iron Hands|Iron Hands, L50, shiny|100/100|[from] U-turn
|-activate|p2b: Iron Hands|ability: Quark Drive
|-start|p2b: Iron Hands|quarkdriveatk
|move|p1b: Miraidon|Volt Switch|p2b: Iron Hands
|-resisted|p2b: Iron Hands
|-damage|p2b: Iron Hands|68/100
|j| DaddyHong
|j| MasterStef
|
|t:|1750783476
|switch|p1b: Incineroar|Incineroar, L50, F|100/100|[from] Volt Switch
|-ability|p1b: Incineroar|Intimidate|boost
|-fail|p2a: Calyrex|unboost|[from] item: Clear Amulet|[of] p2a: Calyrex
|-unboost|p2b: Iron Hands|atk|1
|move|p2a: Calyrex|Glacial Lance|p1b: Incineroar|[spread] p1a,p1b
|-resisted|p1a: Calyrex
|-resisted|p1b: Incineroar
|-damage|p1a: Calyrex|82/100
|-damage|p1b: Incineroar|78/100
|
|upkeep
|turn|2
|j| dwadsadfasf
|
|t:|1750783493
|-end|p2b: Iron Hands|Quark Drive|[silent]
|switch|p2b: Annihilape|Annihilape, L50, F|100/100
|move|p2a: Calyrex|Protect|p2a: Calyrex
|-singleturn|p2a: Calyrex|Protect
|move|p1b: Incineroar|Fake Out|p2a: Calyrex
|-activate|p2a: Calyrex|move: Protect
|move|p1a: Calyrex|High Horsepower|p2b: Annihilape
|-damage|p2b: Annihilape|61/100
|
|upkeep
|turn|3
|l| dwadsadfasf
|
|t:|1750783513
|-terastallize|p2a: Calyrex|Fire
|move|p1a: Calyrex|Protect|p1a: Calyrex
|-singleturn|p1a: Calyrex|Protect
|move|p2b: Annihilape|Coaching|p2a: Calyrex
|-boost|p2a: Calyrex|atk|1
|-boost|p2a: Calyrex|def|1
|move|p1b: Incineroar|Knock Off|p2a: Calyrex
|-damage|p2a: Calyrex|86/100
|-enditem|p2a: Calyrex|Clear Amulet|[from] move: Knock Off|[of] p1b: Incineroar
|move|p2a: Calyrex|Glacial Lance|p1b: Incineroar|[spread] p1b
|-activate|p1a: Calyrex|move: Protect
|-resisted|p1b: Incineroar
|-damage|p1b: Incineroar|44/100
|
|upkeep
|turn|4
|
|t:|1750783535
|switch|p1b: Whimsicott|Whimsicott, L50, F|100/100
|move|p2b: Annihilape|Coaching|p2a: Calyrex
|-boost|p2a: Calyrex|atk|1
|-boost|p2a: Calyrex|def|1
|move|p1a: Calyrex|High Horsepower|p2a: Calyrex
|-supereffective|p2a: Calyrex
|-damage|p2a: Calyrex|58/100
|move|p2a: Calyrex|Glacial Lance|p1b: Whimsicott|[spread] p1a,p1b
|-resisted|p1a: Calyrex
|-supereffective|p1b: Whimsicott
|-damage|p1a: Calyrex|43/100
|-damage|p1b: Whimsicott|0 fnt
|faint|p1b: Whimsicott
|-ability|p2a: Calyrex|Chilling Neigh|boost
|-boost|p2a: Calyrex|atk|1
|
|upkeep
|
|t:|1750783546
|switch|p1b: Miraidon|Miraidon, L50|83/100
|-activate|p1b: Miraidon|ability: Hadron Engine
|turn|5
|j| Indigo Flask
|inactive|imstuckat1300 has 30 seconds left.
|j| Avi 2007
|
|t:|1750783584
|switch|p2b: Iron Hands|Iron Hands, L50, shiny|68/100
|-activate|p2b: Iron Hands|ability: Quark Drive
|-start|p2b: Iron Hands|quarkdriveatk
|switch|p1a: Incineroar|Incineroar, L50, F|44/100
|-ability|p1a: Incineroar|Intimidate|boost
|-unboost|p2a: Calyrex|atk|1
|-unboost|p2b: Iron Hands|atk|1
|move|p2a: Calyrex|Protect|p2a: Calyrex
|-singleturn|p2a: Calyrex|Protect
|move|p1b: Miraidon|Volt Switch|p2b: Iron Hands
|-resisted|p2b: Iron Hands
|-damage|p2b: Iron Hands|38/100
|
|t:|1750783596
|switch|p1b: Calyrex|Calyrex-Ice, L50|43/100|[from] Volt Switch
|-ability|p1b: Calyrex|As One
|-ability|p1b: Calyrex|Unnerve
|
|-fieldend|move: Electric Terrain
|-end|p2b: Iron Hands|Quark Drive
|upkeep
|turn|6
|
|t:|1750783602
|switch|p1b: Miraidon|Miraidon, L50|83/100
|-fieldstart|move: Electric Terrain|[from] ability: Hadron Engine|[of] p1b: Miraidon
|-activate|p2b: Iron Hands|ability: Quark Drive
|-start|p2b: Iron Hands|quarkdrivedef
|move|p1a: Incineroar|Fake Out|p2a: Calyrex
|-crit|p2a: Calyrex
|-damage|p2a: Calyrex|47/100
|move|p2b: Iron Hands|Fake Out|p1b: Miraidon
|-damage|p1b: Miraidon|72/100
|cant|p2a: Calyrex|flinch
|
|upkeep
|turn|7
|l| Avi 2007
|inactive|imstuckat1300 has 30 seconds left.
|
|t:|1750783629
|-end|p2b: Iron Hands|Quark Drive|[silent]
|switch|p2b: Annihilape|Annihilape, L50, F|61/100
|move|p2a: Calyrex|Protect|p2a: Calyrex
|-singleturn|p2a: Calyrex|Protect
|move|p1b: Miraidon|Electro Drift|p2a: Calyrex
|-activate|p2a: Calyrex|move: Protect
|move|p1a: Incineroar|Knock Off|p2b: Annihilape
|-damage|p2b: Annihilape|20/100
|-enditem|p2b: Annihilape|Choice Scarf|[from] move: Knock Off|[of] p1a: Incineroar
|
|upkeep
|turn|8
|j| ido1234567890
|
|t:|1750783647
|switch|p2a: Iron Hands|Iron Hands, L50, shiny|38/100
|-activate|p2a: Iron Hands|ability: Quark Drive
|-start|p2a: Iron Hands|quarkdriveatk
|move|p1b: Miraidon|Electro Drift|p2a: Iron Hands
|-resisted|p2a: Iron Hands
|-damage|p2a: Iron Hands|0 fnt
|faint|p2a: Iron Hands
|-end|p2a: Iron Hands|Quark Drive|[silent]
|move|p2b: Annihilape|U-turn|p1a: Incineroar
|-crit|p1a: Incineroar
|-damage|p1a: Incineroar|22/100
|
|t:|1750783652
|switch|p2b: Calyrex|Calyrex-Ice, L50, tera:Fire|47/100|[from] U-turn
|-ability|p2b: Calyrex|As One
|-ability|p2b: Calyrex|Unnerve
|move|p1a: Incineroar|Flare Blitz|p2b: Calyrex
|-resisted|p2b: Calyrex
|-damage|p2b: Calyrex|31/100
|-damage|p1a: Incineroar|17/100|[from] Recoil
|
|upkeep
|
|t:|1750783654
|switch|p2a: Miraidon|Miraidon, L50|100/100
|-activate|p2a: Miraidon|ability: Hadron Engine
|turn|9
|
|t:|1750783676
|switch|p1b: Calyrex|Calyrex-Ice, L50|43/100
|-ability|p1b: Calyrex|As One
|-ability|p1b: Calyrex|Unnerve
|move|p2b: Calyrex|Protect|p2b: Calyrex
|-singleturn|p2b: Calyrex|Protect
|move|p2a: Miraidon|Volt Switch|p1a: Incineroar
|-damage|p1a: Incineroar|0 fnt
|faint|p1a: Incineroar
|
|t:|1750783679
|switch|p2a: Annihilape|Annihilape, L50, F|20/100|[from] Volt Switch
|
|upkeep
|
|t:|1750783681
|switch|p1a: Miraidon|Miraidon, L50|72/100
|-activate|p1a: Miraidon|ability: Hadron Engine
|turn|10
|
|t:|1750783685
|-terastallize|p1a: Miraidon|Fairy
|move|p1a: Miraidon|Dazzling Gleam|p2a: Annihilape|[spread] p2a,p2b
|-supereffective|p2a: Annihilape
|-resisted|p2b: Calyrex
|-damage|p2a: Annihilape|0 fnt
|-damage|p2b: Calyrex|7/100
|faint|p2a: Annihilape
|move|p1b: Calyrex|Glacial Lance|p2b: Calyrex
|-resisted|p2b: Calyrex
|-damage|p2b: Calyrex|0 fnt
|faint|p2b: Calyrex
|-ability|p1b: Calyrex|Chilling Neigh|boost
|-boost|p1b: Calyrex|atk|1
|
|-fieldend|move: Electric Terrain
|upkeep
|
|t:|1750783689
|switch|p2b: Miraidon|Miraidon, L50|100/100
|-fieldstart|move: Electric Terrain|[from] ability: Hadron Engine|[of] p2b: Miraidon
|turn|11
|
|t:|1750783693
|move|p2b: Miraidon|Electro Drift|p1b: Calyrex
|-damage|p1b: Calyrex|0 fnt
|faint|p1b: Calyrex
|move|p1a: Miraidon|Dazzling Gleam|p2b: Miraidon
|-supereffective|p2b: Miraidon
|-damage|p2b: Miraidon|0 fnt
|faint|p2b: Miraidon
|
|win|imstuckat1300
|n|☆imstuckat1300|imstuckat1300
|n|☆HardFreaQ|hardfreaq
|n| a2|a2
|n| Therazer456|therazer456
|n| DaddyHong|daddyhong
|n| MasterStef|masterstef
|n| Indigo Flask|indigoflask
|n| ido1234567890|ido1234567890
