|j|☆PaparaEX
|j|☆zbeach
|t:|1750778351
|gametype|doubles
|player|p1|PaparaEX|2|1246
|player|p2|zbeach|101|1326
|teamsize|p1|6
|teamsize|p2|6
|gen|9
|tier|[Gen 9] VGC 2025 Reg I
|rated|
|rule|Species Clause: Limit one of each Pokémon
|rule|Item Clause: Limit 1 of each item
|clearpoke
|poke|p1|Miraidon, L50|
|poke|p1|Zamazenta-*, L50|
|poke|p1|Volcarona, L50, F|
|poke|p1|Chien-Pao, L50|
|poke|p1|Rillaboom, L50, M|
|poke|p1|Ogerpon, L50, F|
|poke|p2|Groudon, L50|
|poke|p2|Sableye, L50, M|
|poke|p2|Calyrex-Shadow, L50|
|poke|p2|Landorus, L50, M|
|poke|p2|Leafeon, L50, F|
|poke|p2|Electabuzz, L50, M|
|teampreview|4
PaparaEX rejected open team sheets.
|inactive|Battle timer is ON: inactive players will automatically lose when time's up. (requested by PaparaEX)
|inactive|PaparaEX has 60 seconds left.
|inactive|PaparaEX has 30 seconds left.
|
|t:|1750778427
|start
|switch|p1a: Miraidon|Miraidon, L50|100/100
|switch|p1b: Zamazenta|Zamazenta-Crowned, L50|100/100
|switch|p2a: Groudon|Groudon, L50|100/100
|switch|p2b: Sableye|Sableye, L50, M|100/100
|-fieldstart|move: Electric Terrain|[from] ability: Hadron Engine|[of] p1a: Miraidon
|-ability|p1b: Zamazenta|Dauntless Shield|boost
|-boost|p1b: Zamazenta|def|1
|-weather|SunnyDay|[from] ability: Drought|[of] p2a: Groudon
|turn|1
|inactive|PaparaEX has 30 seconds left.
|inactive|PaparaEX has 20 seconds left.
|inactive|PaparaEX has 15 seconds left.
|
|t:|1750778469
|-terastallize|p1b: Zamazenta|Water
|move|p1b: Zamazenta|Wide Guard|p1b: Zamazenta
|-singleturn|p1b: Zamazenta|Wide Guard
|move|p2b: Sableye|Gravity|p2b: Sableye
|-fieldstart|move: Gravity
|move|p1a: Miraidon|Draco Meteor|p2a: Groudon
|-damage|p2a: Groudon|41/100
|-unboost|p1a: Miraidon|spa|2
|move|p2a: Groudon|Precipice Blades|p1b: Zamazenta|[spread] 
|-activate|p1a: Miraidon|move: Wide Guard
|-activate|p1b: Zamazenta|move: Wide Guard
|
|-weather|SunnyDay|[upkeep]
|upkeep
|turn|2
|
|t:|1750778491
|switch|p1a: Rillaboom|Rillaboom, L50, M|100/100
|-fieldstart|move: Grassy Terrain|[from] ability: Grassy Surge|[of] p1a: Rillaboom
|move|p2b: Sableye|Will-O-Wisp|p1b: Zamazenta
|-status|p1b: Zamazenta|brn
|move|p1b: Zamazenta|Body Press|p2a: Groudon
|-damage|p2a: Groudon|19/100
|move|p2a: Groudon|Precipice Blades|p1b: Zamazenta|[spread] p1a,p1b
|-resisted|p1a: Rillaboom
|-damage|p1a: Rillaboom|71/100
|-damage|p1b: Zamazenta|77/100 brn
|
|-weather|SunnyDay|[upkeep]
|-heal|p1b: Zamazenta|83/100 brn|[from] Grassy Terrain
|-heal|p1a: Rillaboom|77/100|[from] Grassy Terrain
|-heal|p2a: Groudon|25/100|[from] Grassy Terrain
|-damage|p1b: Zamazenta|77/100 brn|[from] brn
|upkeep
|turn|3
|
|t:|1750778516
|move|p1a: Rillaboom|Grassy Glide|p2a: Groudon
|-supereffective|p2a: Groudon
|-damage|p2a: Groudon|0 fnt
|faint|p2a: Groudon
|move|p2b: Sableye|Will-O-Wisp|p1a: Rillaboom
|-status|p1a: Rillaboom|brn
|move|p1b: Zamazenta|Behemoth Bash|p2b: Sableye
|-damage|p2b: Sableye|71/100
|
|-weather|SunnyDay|[upkeep]
|-heal|p1b: Zamazenta|83/100 brn|[from] Grassy Terrain
|-heal|p1a: Rillaboom|83/100 brn|[from] Grassy Terrain
|-heal|p2b: Sableye|77/100|[from] Grassy Terrain
|-damage|p1b: Zamazenta|77/100 brn|[from] brn
|-damage|p1a: Rillaboom|77/100 brn|[from] brn
|upkeep
|
|t:|1750778539
|switch|p2a: Landorus|Landorus, L50, M|100/100
|turn|4
|
|t:|1750778557
|move|p2b: Sableye|Protect|p2b: Sableye
|-singleturn|p2b: Sableye|Protect
|move|p1b: Zamazenta|Body Press|p2a: Landorus
|-resisted|p2a: Landorus
|-damage|p2a: Landorus|81/100
|move|p2a: Landorus|Sludge Wave|p1a: Rillaboom|[spread] p1a,p1b
|-activate|p2b: Sableye|move: Protect
|-supereffective|p1a: Rillaboom
|-damage|p1a: Rillaboom|29/100 brn
|-damage|p1b: Zamazenta|50/100 brn
|move|p1a: Rillaboom|U-turn|p2b: Sableye
|-activate|p2b: Sableye|move: Protect
|
|-weather|SunnyDay|[upkeep]
|-heal|p1b: Zamazenta|56/100 brn|[from] Grassy Terrain
|-heal|p2a: Landorus|87/100|[from] Grassy Terrain
|-heal|p1a: Rillaboom|35/100 brn|[from] Grassy Terrain
|-heal|p2b: Sableye|83/100|[from] Grassy Terrain
|-damage|p1b: Zamazenta|50/100 brn|[from] brn
|-damage|p1a: Rillaboom|29/100 brn|[from] brn
|upkeep
|turn|5
|inactive|zbeach has 30 seconds left.
|
|t:|1750778583
|move|p1a: Rillaboom|Grassy Glide|p2a: Landorus
|-damage|p2a: Landorus|65/100
|move|p1b: Zamazenta|Body Press|p2a: Landorus
|-resisted|p2a: Landorus
|-damage|p2a: Landorus|44/100
|move|p2a: Landorus|Earth Power|p1b: Zamazenta
|-damage|p1b: Zamazenta|0 fnt
|faint|p1b: Zamazenta
|move|p2b: Sableye|Foul Play|p1a: Rillaboom
|-damage|p1a: Rillaboom|0 fnt
|faint|p1a: Rillaboom
|
|-weather|none
|-heal|p2a: Landorus|50/100|[from] Grassy Terrain
|-heal|p2b: Sableye|88/100|[from] Grassy Terrain
|-fieldend|move: Gravity
|upkeep
|
|t:|1750778592
|switch|p1b: Miraidon|Miraidon, L50|100/100
|switch|p1a: Chien-Pao|Chien-Pao, L50|100/100
|-fieldstart|move: Electric Terrain|[from] ability: Hadron Engine|[of] p1b: Miraidon
|-ability|p1a: Chien-Pao|Sword of Ruin
|turn|6
|inactive|zbeach has 30 seconds left.
|
|t:|1750778621
|move|p1a: Chien-Pao|Sucker Punch|p2a: Landorus
|-damage|p2a: Landorus|0 fnt
|faint|p2a: Landorus
|move|p2b: Sableye|Gravity|p2b: Sableye
|-fieldstart|move: Gravity
|move|p1b: Miraidon|Snarl|p2b: Sableye
|-damage|p2b: Sableye|56/100
|-unboost|p2b: Sableye|spa|1
|
|upkeep
|
|t:|1750778624
|switch|p2a: Calyrex|Calyrex-Shadow, L50|100/100
|-ability|p2a: Calyrex|As One
|-ability|p2a: Calyrex|Unnerve
|turn|7
|
|t:|1750778634
|-terastallize|p2a: Calyrex|Ghost
|move|p1b: Miraidon|Snarl|p2a: Calyrex|[spread] p2a,p2b
|-supereffective|p2a: Calyrex
|-damage|p2a: Calyrex|58/100
|-damage|p2b: Sableye|34/100
|-unboost|p2a: Calyrex|spa|1
|-unboost|p2b: Sableye|spa|1
|-enditem|p2b: Sableye|Sitrus Berry|[eat]
|-heal|p2b: Sableye|58/100|[from] item: Sitrus Berry
|move|p2a: Calyrex|Astral Barrage|p1b: Miraidon|[spread] p1a,p1b
|-resisted|p1a: Chien-Pao
|-damage|p1a: Chien-Pao|38/100
|-damage|p1b: Miraidon|38/100
|move|p1a: Chien-Pao|Crunch|p2a: Calyrex
|-supereffective|p2a: Calyrex
|-damage|p2a: Calyrex|0 fnt
|faint|p2a: Calyrex
|move|p2b: Sableye|Foul Play|p1a: Chien-Pao
|-resisted|p1a: Chien-Pao
|-damage|p1a: Chien-Pao|6/100
|
|upkeep
|turn|8
|
|t:|1750778652
|move|p1b: Miraidon|Snarl|p2b: Sableye
|-damage|p2b: Sableye|29/100
|-unboost|p2b: Sableye|spa|1
|move|p1a: Chien-Pao|Crunch|p2b: Sableye
|-damage|p2b: Sableye|0 fnt
|faint|p2b: Sableye
|
|win|PaparaEX
|raw|PaparaEX's rating: 1246 &rarr; <strong>1277</strong><br />(+31 for winning)
|raw|zbeach's rating: 1326 &rarr; <strong>1301</strong><br />(-25 for losing)
|l|☆zbeach
|player|p2|
