|j|☆ndkgjs
|j|☆sitchi771
|t:|1750750194
|gametype|doubles
|player|p1|ndkgjs|169|1137
|player|p2|sitchi771|roxie|1173
|teamsize|p1|6
|teamsize|p2|6
|gen|9
|tier|[Gen 9] VGC 2025 Reg I
|rated|
|rule|Species Clause: Limit one of each Pokémon
|rule|Item Clause: Limit 1 of each item
|clearpoke
|poke|p1|Garganacl, L50, M|
|poke|p1|Blastoise, L50, F|
|poke|p1|Zamazenta-*, L50|
|poke|p1|Mamoswine, L50, F|
|poke|p1|Calyrex-Shadow, L50|
|poke|p1|Rillaboom, L50, M|
|poke|p2|Calyrex-Shadow, L50|
|poke|p2|Zamazenta-*, L50|
|poke|p2|Tornadus, L50, M|
|poke|p2|Raging Bolt, L50|
|poke|p2|Urshifu-*, L50, F|
|poke|p2|Landorus, L50, M|
|teampreview|4
|inactive|Battle timer is ON: inactive players will automatically lose when time's up. (requested by ndkgjs)
|
|t:|1750750210
|start
|switch|p1a: Mamoswine|Mamoswine, L50, F|100/100
|switch|p1b: Garganacl|Garganacl, L50, M|100/100
|switch|p2a: Tornadus|Tornadus, L50, M, shiny|100/100
|switch|p2b: Urshifu|Urshifu-Rapid-Strike, L50, F|100/100
|turn|1
|
|t:|1750750228
|move|p2a: Tornadus|Rain Dance|p2a: Tornadus
|-weather|RainDance
|move|p2b: Urshifu|Surging Strikes|p1a: Mamoswine
|-supereffective|p1a: Mamoswine
|-crit|p1a: Mamoswine
|-damage|p1a: Mamoswine|16/100
|-supereffective|p1a: Mamoswine
|-crit|p1a: Mamoswine
|-damage|p1a: Mamoswine|0 fnt
|faint|p1a: Mamoswine
|-hitcount|p1: Mamoswine|2
|move|p1b: Garganacl|Salt Cure|p2b: Urshifu
|-resisted|p2b: Urshifu
|-damage|p2b: Urshifu|93/100
|-start|p2b: Urshifu|Salt Cure
|
|-weather|RainDance|[upkeep]
|-damage|p2b: Urshifu|68/100|[from] Salt Cure
|upkeep
|
|t:|1750750231
|switch|p1a: Rillaboom|Rillaboom, L50, M|100/100
|-fieldstart|move: Grassy Terrain|[from] ability: Grassy Surge|[of] p1a: Rillaboom
|turn|2
|
|t:|1750750250
|switch|p2b: Calyrex|Calyrex-Shadow, L50|100/100
|-ability|p2b: Calyrex|As One
|-ability|p2b: Calyrex|Unnerve
|move|p1a: Rillaboom|Grassy Glide|p2b: Calyrex
|-damage|p2b: Calyrex|50/100
|move|p2a: Tornadus|Bleakwind Storm|p1a: Rillaboom|[spread] p1a,p1b
|-supereffective|p1a: Rillaboom
|-crit|p1a: Rillaboom
|-resisted|p1b: Garganacl
|-damage|p1a: Rillaboom|24/100
|-damage|p1b: Garganacl|88/100
|-unboost|p1a: Rillaboom|spe|1
|-unboost|p1b: Garganacl|spe|1
|move|p1b: Garganacl|Salt Cure|p2b: Calyrex
|-damage|p2b: Calyrex|35/100
|-start|p2b: Calyrex|Salt Cure
|
|-weather|RainDance|[upkeep]
|-heal|p2b: Calyrex|41/100|[from] Grassy Terrain
|-heal|p1a: Rillaboom|31/100|[from] Grassy Terrain
|-heal|p1b: Garganacl|94/100|[from] Grassy Terrain
|-heal|p1b: Garganacl|99/100|[from] item: Leftovers
|-damage|p2b: Calyrex|28/100|[from] Salt Cure
|upkeep
|turn|3
|
|t:|1750750273
|switch|p1a: Calyrex|Calyrex-Shadow, L50|100/100
|-ability|p1a: Calyrex|As One
|-ability|p1a: Calyrex|Unnerve
|move|p2b: Calyrex|Protect|p2b: Calyrex
|-singleturn|p2b: Calyrex|Protect
|move|p2a: Tornadus|Bleakwind Storm|p1a: Calyrex|[spread] p1a,p1b
|-resisted|p1b: Garganacl
|-damage|p1a: Calyrex|62/100
|-damage|p1b: Garganacl|87/100
|move|p1b: Garganacl|Salt Cure|p2a: Tornadus
|-supereffective|p2a: Tornadus
|-damage|p2a: Tornadus|62/100
|
|-weather|RainDance|[upkeep]
|-heal|p1a: Calyrex|68/100|[from] Grassy Terrain
|-heal|p2b: Calyrex|35/100|[from] Grassy Terrain
|-heal|p1b: Garganacl|93/100|[from] Grassy Terrain
|-heal|p1b: Garganacl|99/100|[from] item: Leftovers
|-damage|p2b: Calyrex|22/100|[from] Salt Cure
|upkeep
|turn|4
|inactive|sitchi771 has 30 seconds left.
|
|t:|1750750301
|-terastallize|p2b: Calyrex|Normal
|move|p1a: Calyrex|Protect|p1a: Calyrex
|-singleturn|p1a: Calyrex|Protect
|move|p2a: Tornadus|Tailwind|p2a: Tornadus
|-sidestart|p2: sitchi771|move: Tailwind
|move|p2b: Calyrex|Astral Barrage|p1b: Garganacl|[spread] p1b
|-activate|p1a: Calyrex|move: Protect
|-damage|p1b: Garganacl|80/100
|move|p1b: Garganacl|Salt Cure|p2b: Calyrex
|-damage|p2b: Calyrex|6/100
|
|-weather|RainDance|[upkeep]
|-heal|p2b: Calyrex|12/100|[from] Grassy Terrain
|-heal|p1a: Calyrex|74/100|[from] Grassy Terrain
|-heal|p1b: Garganacl|86/100|[from] Grassy Terrain
|-heal|p1b: Garganacl|92/100|[from] item: Leftovers
|-damage|p2b: Calyrex|0 fnt|[from] Salt Cure
|faint|p2b: Calyrex
|upkeep
|
|t:|1750750307
|switch|p2b: Urshifu|Urshifu-Rapid-Strike, L50, F|68/100
|turn|5
|
|t:|1750750320
|-terastallize|p1a: Calyrex|Dragon
|move|p2b: Urshifu|U-turn|p1a: Calyrex
|-damage|p1a: Calyrex|42/100
|
|t:|1750750325
|switch|p2b: Zamazenta|Zamazenta-Crowned, L50, shiny|100/100|[from] U-turn
|-ability|p2b: Zamazenta|Dauntless Shield|boost
|-boost|p2b: Zamazenta|def|1
|move|p2a: Tornadus|Bleakwind Storm|p1b: Garganacl|[spread] p1a,p1b
|-resisted|p1b: Garganacl
|-damage|p1a: Calyrex|2/100
|-damage|p1b: Garganacl|80/100
|move|p1a: Calyrex|Psyshock|p2b: Zamazenta
|-damage|p2b: Zamazenta|77/100
|-damage|p1a: Calyrex|0 fnt|[from] item: Life Orb
|faint|p1a: Calyrex
|move|p1b: Garganacl|Salt Cure|p2a: Tornadus
|-supereffective|p2a: Tornadus
|-damage|p2a: Tornadus|24/100
|
|-weather|none
|-heal|p2b: Zamazenta|83/100|[from] Grassy Terrain
|-heal|p1b: Garganacl|86/100|[from] Grassy Terrain
|-heal|p1b: Garganacl|92/100|[from] item: Leftovers
|upkeep
|
|t:|1750750331
|switch|p1a: Rillaboom|Rillaboom, L50, M|31/100
|turn|6
|-message|ndkgjs forfeited.
|
|win|sitchi771
|raw|ndkgjs's rating: 1137 &rarr; <strong>1115</strong><br />(-22 for losing)
|raw|sitchi771's rating: 1173 &rarr; <strong>1195</strong><br />(+22 for winning)
|l|☆ndkgjs
|player|p1|
|l|☆sitchi771
|player|p2|
