|j|☆aiden yap pak lik
|j|☆randonik
|t:|1750752090
|gametype|doubles
|player|p1|aiden yap pak lik|1|1143
|player|p2|randonik|265|1242
|teamsize|p1|6
|teamsize|p2|6
|gen|9
|tier|[Gen 9] VGC 2025 Reg I
|rated|
|rule|Species Clause: Limit one of each Pokémon
|rule|Item Clause: Limit 1 of each item
|clearpoke
|poke|p1|Calyrex-Shadow, L50|
|poke|p1|Incineroar, L50, M|
|poke|p1|Miraidon, L50|
|poke|p1|Whimsicott, L50, F|
|poke|p1|Sinistcha-Masterpiece, L50|
|poke|p1|Urshifu-*, L50, F|
|poke|p2|Kyurem-White, L50|
|poke|p2|Tornadus, L50, M|
|poke|p2|Calyrex-Shadow, L50|
|poke|p2|Indeedee-F, L50, F|
|poke|p2|Dondozo, L50, M|
|poke|p2|Tatsugiri, L50, M|
|teampreview|4
|inactive|Battle timer is ON: inactive players will automatically lose when time's up. (requested by randonik)
|
|t:|1750752108
|start
|switch|p1a: Whimsicott|Whimsicott, L50, F|100/100
|switch|p1b: Calyrex|Calyrex-Shadow, L50|100/100
|switch|p2a: Calyrex|Calyrex-Shadow, L50|100/100
|switch|p2b: Dondozo|Dondozo, L50, M|100/100
|-ability|p1b: Calyrex|As One
|-ability|p1b: Calyrex|Unnerve
|-ability|p2a: Calyrex|As One
|-ability|p2a: Calyrex|Unnerve
|turn|1
|
|t:|1750752122
|-terastallize|p1b: Calyrex|Dark
|move|p2b: Dondozo|Protect|p2b: Dondozo
|-singleturn|p2b: Dondozo|Protect
|move|p1a: Whimsicott|Tailwind|p1a: Whimsicott
|-sidestart|p1: aiden yap pak lik|move: Tailwind
|move|p1b: Calyrex|Astral Barrage|p2b: Dondozo|[spread] p2a
|-activate|p2b: Dondozo|move: Protect
|-supereffective|p2a: Calyrex
|-enditem|p2a: Calyrex|Focus Sash
|-damage|p2a: Calyrex|1/100
|-damage|p1b: Calyrex|91/100|[from] item: Life Orb
|move|p2a: Calyrex|Astral Barrage|p1b: Calyrex|[spread] p1a,p1b
|-resisted|p1b: Calyrex
|-damage|p1a: Whimsicott|48/100
|-damage|p1b: Calyrex|66/100
|
|upkeep
|turn|2
|inactive|randonik has 30 seconds left.
|inactive|randonik has 20 seconds left.
|inactive|randonik has 15 seconds left.
|inactive|randonik has 10 seconds left.
|
|t:|1750752172
|switch|p2b: Indeedee|Indeedee-F, L50, F|100/100
|-fieldstart|move: Psychic Terrain|[from] ability: Psychic Surge|[of] p2b: Indeedee
|-terastallize|p2a: Calyrex|Normal
|move|p1b: Calyrex|Astral Barrage|p2b: Indeedee|[spread] 
|-immune|p2a: Calyrex
|-immune|p2b: Indeedee
|move|p1a: Whimsicott|Moonblast|p2b: Indeedee
|-damage|p2b: Indeedee|75/100
|move|p2a: Calyrex|Pollen Puff|p1b: Calyrex
|-supereffective|p1b: Calyrex
|-crit|p1b: Calyrex
|-damage|p1b: Calyrex|0 fnt
|faint|p1b: Calyrex
|-ability|p2a: Calyrex|Grim Neigh|boost
|-boost|p2a: Calyrex|spa|1
|
|upkeep
|
|t:|1750752184
|switch|p1b: Miraidon|Miraidon, L50|100/100
|-fieldstart|move: Electric Terrain|[from] ability: Hadron Engine|[of] p1b: Miraidon
|turn|3
|
|t:|1750752205
|move|p2a: Calyrex|Protect|p2a: Calyrex
|-singleturn|p2a: Calyrex|Protect
|move|p1b: Miraidon|Dazzling Gleam|p2b: Indeedee|[spread] p2b
|-activate|p2a: Calyrex|move: Protect
|-damage|p2b: Indeedee|39/100
|move|p1a: Whimsicott|Moonblast|p2b: Indeedee
|-damage|p2b: Indeedee|16/100
|move|p2b: Indeedee|Trick Room|p2b: Indeedee
|-fieldstart|move: Trick Room|[of] p2b: Indeedee
|
|upkeep
|turn|4
|
|t:|1750752219
|move|p2b: Indeedee|Follow Me|p2b: Indeedee
|-singleturn|p2b: Indeedee|move: Follow Me
|move|p1a: Whimsicott|Encore|p2b: Indeedee
|-start|p2b: Indeedee|Encore
|move|p2a: Calyrex|Astral Barrage|p1a: Whimsicott|[spread] p1a,p1b
|-damage|p1a: Whimsicott|0 fnt
|-damage|p1b: Miraidon|28/100
|faint|p1a: Whimsicott
|-ability|p2a: Calyrex|Grim Neigh|boost
|-boost|p2a: Calyrex|spa|1
|move|p1b: Miraidon|Dazzling Gleam|p2a: Calyrex|[spread] p2a,p2b
|-damage|p2a: Calyrex|0 fnt
|-damage|p2b: Indeedee|0 fnt
|faint|p2a: Calyrex
|faint|p2b: Indeedee
|
|-sideend|p1: aiden yap pak lik|move: Tailwind
|upkeep
|
|t:|1750752234
|switch|p2b: Tatsugiri|Tatsugiri, L50, M|100/100
|switch|p1a: Urshifu|Urshifu-Rapid-Strike, L50, F|100/100
|switch|p2a: Dondozo|Dondozo, L50, M|100/100
|-activate|p2b: Tatsugiri|ability: Commander|[of] p2a: Dondozo
|-boost|p2a: Dondozo|atk|2
|-boost|p2a: Dondozo|spa|2
|-boost|p2a: Dondozo|spe|2
|-boost|p2a: Dondozo|def|2
|-boost|p2a: Dondozo|spd|2
|turn|5
|
|t:|1750752244
|move|p1a: Urshifu|Close Combat|p2a: Dondozo
|-damage|p2a: Dondozo|78/100
|-unboost|p1a: Urshifu|def|1
|-unboost|p1a: Urshifu|spd|1
|move|p2a: Dondozo|Earthquake|p1a: Urshifu|[spread] p1a,p1b
|-miss|p2a: Dondozo|p2b: Tatsugiri
|-supereffective|p1b: Miraidon
|-damage|p1a: Urshifu|49/100
|-damage|p1b: Miraidon|0 fnt
|faint|p1b: Miraidon
|
|-heal|p2a: Dondozo|84/100|[from] item: Leftovers
|upkeep
|turn|6
|-message|aiden yap pak lik forfeited.
|
|win|randonik
|raw|aiden yap pak lik's rating: 1143 &rarr; <strong>1125</strong><br />(-18 for losing)
|raw|randonik's rating: 1242 &rarr; <strong>1260</strong><br />(+18 for winning)
|l|☆aiden yap pak lik
|player|p1|
