|j|☆zhz2021
|j|☆InekoAki
|t:|1750833661
|gametype|doubles
|player|p1|zhz2021|marley|1548
|player|p2|InekoAki|lady|1644
|teamsize|p1|6
|teamsize|p2|6
|gen|9
|tier|[Gen 9] VGC 2025 Reg I
|rated|
|rule|Species Clause: Limit one of each Pokémon
|rule|Item Clause: Limit 1 of each item
|clearpoke
|poke|p1|Murkrow, L50, M|
|poke|p1|Scream Tail, L50|
|poke|p1|Miraidon, L50|
|poke|p1|Annihilape, L50, F|
|poke|p1|Calyrex-Ice, L50|
|poke|p1|Araquanid, L50, M|
|poke|p2|Calyrex-Shadow, L50|
|poke|p2|Zamazenta-*, L50|
|poke|p2|Chien-Pao, L50|
|poke|p2|Raging Bolt, L50|
|poke|p2|Rillaboom, L50, M|
|poke|p2|Entei, L50|
|teampreview|4
|inactive|Battle timer is ON: inactive players will automatically lose when time's up. (requested by zhz2021)
|inactive|InekoAki has 60 seconds left.
|
|t:|1750833733
|start
|switch|p1a: Annihilape|Annihilape, L50, F|100/100
|switch|p1b: Calyrex|Calyrex-Ice, L50|100/100
|switch|p2a: Zamazenta|Zamazenta-Crowned, L50|100/100
|switch|p2b: Rillaboom|Rillaboom, L50, M|100/100
|-ability|p1b: Calyrex|As One
|-ability|p1b: Calyrex|Unnerve
|-ability|p2a: Zamazenta|Dauntless Shield|boost
|-boost|p2a: Zamazenta|def|1
|-fieldstart|move: Grassy Terrain|[from] ability: Grassy Surge|[of] p2b: Rillaboom
|turn|1
|inactive|InekoAki has 30 seconds left.
|inactive|InekoAki has 20 seconds left.
|inactive|InekoAki has 15 seconds left.
|inactive|InekoAki has 10 seconds left.
|inactive|InekoAki has 5 seconds left.
|
|t:|1750833784
|move|p2b: Rillaboom|Grassy Glide|p1a: Annihilape
|-damage|p1a: Annihilape|66/100
|move|p1a: Annihilape|Final Gambit|p2a: Zamazenta
|-damage|p2a: Zamazenta|23/100
|faint|p1a: Annihilape
|move|p2a: Zamazenta|Body Press|p1b: Calyrex
|-damage|p1b: Calyrex|57/100
|move|p1b: Calyrex|Glacial Lance|p2a: Zamazenta|[spread] p2a,p2b
|-resisted|p2a: Zamazenta
|-supereffective|p2b: Rillaboom
|-damage|p2a: Zamazenta|11/100
|-damage|p2b: Rillaboom|0 fnt
|faint|p2b: Rillaboom
|-ability|p1b: Calyrex|Chilling Neigh|boost
|-boost|p1b: Calyrex|atk|1
|
|-heal|p2a: Zamazenta|17/100|[from] Grassy Terrain
|-heal|p1b: Calyrex|63/100|[from] Grassy Terrain
|upkeep
|inactive|InekoAki has 30 seconds left.
|inactive|InekoAki has 20 seconds left.
|
|t:|1750833823
|switch|p1a: Miraidon|Miraidon, L50|100/100
|switch|p2b: Calyrex|Calyrex-Shadow, L50|100/100
|-ability|p2b: Calyrex|As One
|-ability|p2b: Calyrex|Unnerve
|-fieldstart|move: Electric Terrain|[from] ability: Hadron Engine|[of] p1a: Miraidon
|turn|2
|inactive|InekoAki has 30 seconds left.
|
|t:|1750833856
|-terastallize|p1b: Calyrex|Ground
|move|p2b: Calyrex|Protect|p2b: Calyrex
|-singleturn|p2b: Calyrex|Protect
|move|p2a: Zamazenta|Protect|p2a: Zamazenta
|-singleturn|p2a: Zamazenta|Protect
|move|p1a: Miraidon|Electro Drift|p2b: Calyrex
|-activate|p2b: Calyrex|move: Protect
|move|p1b: Calyrex|Trick Room|p1b: Calyrex
|-fieldstart|move: Trick Room|[of] p1b: Calyrex
|
|upkeep
|turn|3
|inactive|InekoAki has 30 seconds left.
|
|t:|1750833888
|-terastallize|p2b: Calyrex|Ghost
|move|p2a: Zamazenta|Wide Guard|p2a: Zamazenta
|-singleturn|p2a: Zamazenta|Wide Guard
|move|p1b: Calyrex|High Horsepower|p2a: Zamazenta
|-supereffective|p2a: Zamazenta
|-damage|p2a: Zamazenta|0 fnt
|faint|p2a: Zamazenta
|-ability|p1b: Calyrex|Chilling Neigh|boost
|-boost|p1b: Calyrex|atk|1
|move|p1a: Miraidon|Electro Drift|p2b: Calyrex
|-enditem|p2b: Calyrex|Focus Sash
|-damage|p2b: Calyrex|1/100
|-damage|p1a: Miraidon|91/100|[from] item: Life Orb
|move|p2b: Calyrex|Astral Barrage|p1a: Miraidon|[spread] p1a,p1b
|-crit|p1b: Calyrex
|-damage|p1a: Miraidon|30/100
|-damage|p1b: Calyrex|0 fnt
|faint|p1b: Calyrex
|-ability|p2b: Calyrex|Grim Neigh|boost
|-boost|p2b: Calyrex|spa|1
|
|upkeep
|j| JasperrepsaJ
|
|t:|1750833911
|switch|p1b: Araquanid|Araquanid, L50, M|100/100
|switch|p2a: Entei|Entei, L50|100/100
|-enditem|p1b: Araquanid|Electric Seed
|-boost|p1b: Araquanid|def|1|[from] item: Electric Seed
|turn|4
|inactive|InekoAki has 30 seconds left.
|inactive|InekoAki has 20 seconds left.
|inactive|InekoAki has 15 seconds left.
|inactive|InekoAki has 10 seconds left.
|
|t:|1750833958
|move|p2b: Calyrex|Protect|p2b: Calyrex
|-singleturn|p2b: Calyrex|Protect
|move|p2a: Entei|Extreme Speed|p1b: Araquanid
|-damage|p1b: Araquanid|73/100
|move|p1b: Araquanid|Liquidation|p2b: Calyrex
|-activate|p2b: Calyrex|move: Protect
|move|p1a: Miraidon|Electro Drift|p2a: Entei
|-damage|p2a: Entei|0 fnt
|faint|p2a: Entei
|-damage|p1a: Miraidon|21/100|[from] item: Life Orb
|
|upkeep
|turn|5
|
|t:|1750833975
|move|p2b: Calyrex|Protect|p2b: Calyrex
|-singleturn|p2b: Calyrex|Protect
|move|p1b: Araquanid|Liquidation|p2b: Calyrex
|-activate|p2b: Calyrex|move: Protect
|move|p1a: Miraidon|Electro Drift|p2b: Calyrex
|-activate|p2b: Calyrex|move: Protect
|
|upkeep
|turn|6
|
|t:|1750833986
|move|p2b: Calyrex|Protect||[still]
|-fail|p2b: Calyrex
|move|p1b: Araquanid|Liquidation|p2b: Calyrex
|-damage|p2b: Calyrex|0 fnt
|faint|p2b: Calyrex
|
|win|zhz2021
|raw|zhz2021's rating: 1548 &rarr; <strong>1573</strong><br />(+25 for winning)
|raw|InekoAki's rating: 1644 &rarr; <strong>1619</strong><br />(-25 for losing)
|l| JasperrepsaJ
|l|☆zhz2021
|player|p1|
