|j|☆Scottyboi3
|j|☆JSNJS
|t:|1750814892
|gametype|doubles
|player|p1|Scottyboi3|102|1149
|player|p2|JSNJS|265|1180
|teamsize|p1|6
|teamsize|p2|6
|gen|9
|tier|[Gen 9] VGC 2025 Reg I
|rated|
|rule|Species Clause: Limit one of each Pokémon
|rule|Item Clause: Limit 1 of each item
|clearpoke
|poke|p1|Incineroar, L50, M|
|poke|p1|Kyogre, L50|
|poke|p1|Tornadus, L50, M|
|poke|p1|Amoonguss, L50, M|
|poke|p1|Roaring Moon, L50|
|poke|p1|Ting-Lu, L50|
|poke|p2|Zebstrika, L50, F|
|poke|p2|Mudsdale, L50, M|
|poke|p2|Spectrier, L50|
|poke|p2|Glastrier, L50|
|poke|p2|Calyrex-Shadow, L50|
|poke|p2|Farigiraf, L50, F|
|teampreview|4
|
|t:|1750814916
|start
|switch|p1a: Ting-Lu|Ting-Lu, L50|100/100
|switch|p1b: Incineroar|Incineroar, L50, M|100/100
|switch|p2a: Calyrex|Calyrex-Shadow, L50|100/100
|switch|p2b: Spectrier|Spectrier, L50|100/100
|-ability|p2a: Calyrex|As One
|-ability|p2a: Calyrex|Unnerve
|-ability|p1b: Incineroar|Intimidate|boost
|-unboost|p2a: Calyrex|atk|1
|-unboost|p2b: Spectrier|atk|1
|-ability|p1a: Ting-Lu|Vessel of Ruin
|turn|1
|
|t:|1750814945
|switch|p2a: Glastrier|Glastrier, L50|100/100
|-terastallize|p2b: Spectrier|Fairy
|move|p1b: Incineroar|Fake Out|p2a: Glastrier
|-damage|p2a: Glastrier|94/100
|-damage|p1b: Incineroar|84/100|[from] item: Rocky Helmet|[of] p2a: Glastrier
|move|p2b: Spectrier|Draining Kiss|p1a: Ting-Lu
|-supereffective|p1a: Ting-Lu
|-damage|p1a: Ting-Lu|68/100
|move|p1a: Ting-Lu|Ruination|p2a: Glastrier
|-damage|p2a: Glastrier|47/100
|
|-heal|p1a: Ting-Lu|74/100|[from] item: Leftovers
|upkeep
|turn|2
|
|t:|1750814968
|move|p1a: Ting-Lu|Protect|p1a: Ting-Lu
|-singleturn|p1a: Ting-Lu|Protect
|move|p2b: Spectrier|Draining Kiss|p1a: Ting-Lu
|-activate|p1a: Ting-Lu|move: Protect
|move|p1b: Incineroar|Parting Shot|p2b: Spectrier
|-unboost|p2b: Spectrier|atk|1
|-unboost|p2b: Spectrier|spa|1
|
|t:|1750814979
|switch|p1b: Kyogre|Kyogre, L50|100/100|[from] Parting Shot
|-weather|RainDance|[from] ability: Drizzle|[of] p1b: Kyogre
|move|p2a: Glastrier|Icicle Crash|p1a: Ting-Lu
|-activate|p1a: Ting-Lu|move: Protect
|
|-weather|RainDance|[upkeep]
|-heal|p1a: Ting-Lu|80/100|[from] item: Leftovers
|upkeep
|turn|3
|
|t:|1750814996
|switch|p1a: Incineroar|Incineroar, L50, M|84/100
|-ability|p1a: Incineroar|Intimidate|boost
|-unboost|p2a: Glastrier|atk|1
|-unboost|p2b: Spectrier|atk|1
|move|p2b: Spectrier|Draining Kiss|p1b: Kyogre
|-damage|p1b: Kyogre|87/100
|move|p1b: Kyogre|Water Spout|p2b: Spectrier|[spread] p2a,p2b
|-damage|p2a: Glastrier|0 fnt
|-damage|p2b: Spectrier|0 fnt
|faint|p2a: Glastrier
|faint|p2b: Spectrier
|
|-weather|RainDance|[upkeep]
|upkeep
|
|t:|1750815004
|switch|p2b: Farigiraf|Farigiraf, L50, F|100/100
|switch|p2a: Calyrex|Calyrex-Shadow, L50|100/100
|-ability|p2a: Calyrex|As One
|-ability|p2a: Calyrex|Unnerve
|turn|4
|
|t:|1750815040
|move|p2b: Farigiraf|Helping Hand|p2a: Calyrex
|-singleturn|p2a: Calyrex|Helping Hand|[of] p2b: Farigiraf
|move|p2a: Calyrex|Astral Barrage|p1b: Kyogre|[spread] p1a,p1b
|-resisted|p1a: Incineroar
|-damage|p1a: Incineroar|53/100
|-damage|p1b: Kyogre|38/100
|move|p1b: Kyogre|Water Spout|p2a: Calyrex|[spread] p2a,p2b
|-damage|p2a: Calyrex|63/100
|-damage|p2b: Farigiraf|63/100
|move|p1a: Incineroar|Flare Blitz|p2a: Calyrex
|-damage|p2a: Calyrex|35/100
|-damage|p1a: Incineroar|45/100|[from] Recoil
|
|-weather|RainDance|[upkeep]
|upkeep
|turn|5
|
|t:|1750815068
|switch|p1b: Ting-Lu|Ting-Lu, L50|80/100
|-ability|p1b: Ting-Lu|Vessel of Ruin
|switch|p1a: Amoonguss|Amoonguss, L50, M|100/100
|move|p2b: Farigiraf|Helping Hand|p2a: Calyrex
|-singleturn|p2a: Calyrex|Helping Hand|[of] p2b: Farigiraf
|move|p2a: Calyrex|Astral Barrage|p1a: Amoonguss|[spread] p1a,p1b
|-resisted|p1b: Ting-Lu
|-damage|p1a: Amoonguss|47/100
|-damage|p1b: Ting-Lu|63/100
|
|-weather|RainDance|[upkeep]
|-heal|p1b: Ting-Lu|69/100|[from] item: Leftovers
|upkeep
|turn|6
|
|t:|1750815090
|move|p1a: Amoonguss|Protect|p1a: Amoonguss
|-singleturn|p1a: Amoonguss|Protect
|move|p2a: Calyrex|Psychic|p1a: Amoonguss
|-activate|p1a: Amoonguss|move: Protect
|move|p2b: Farigiraf|Hyper Voice|p1a: Amoonguss|[spread] p1b
|-activate|p1a: Amoonguss|move: Protect
|-damage|p1b: Ting-Lu|57/100
|move|p1b: Ting-Lu|Stomping Tantrum|p2a: Calyrex
|-damage|p2a: Calyrex|0 fnt
|faint|p2a: Calyrex
|
|-weather|none
|-heal|p1b: Ting-Lu|63/100|[from] item: Leftovers
|upkeep
|turn|7
|-message|JSNJS forfeited.
|
|win|Scottyboi3
|raw|Scottyboi3's rating: 1149 &rarr; <strong>1176</strong><br />(+27 for winning)
|raw|JSNJS's rating: 1180 &rarr; <strong>1153</strong><br />(-27 for losing)
