|j|☆Daemon_Illusio
|j|☆eliott.pawsey
|t:|1750875807
|gametype|doubles
|player|p1|Daemon_Illusio|drayden|1057
|player|p2|eliott.pawsey|fisherman-gen4|1053
|teamsize|p1|6
|teamsize|p2|6
|gen|9
|tier|[Gen 9] VGC 2025 Reg I
|rated|
|rule|Species Clause: Limit one of each Pokémon
|rule|Item Clause: Limit 1 of each item
|clearpoke
|poke|p1|Lunala, L50|
|poke|p1|Calyrex-Ice, L50|
|poke|p1|Iron Hands, L50|
|poke|p1|Amoonguss, L50, M|
|poke|p1|Annihilape, L50, F|
|poke|p1|Farigiraf, L50, F|
|poke|p2|Clawitzer, L50, M|
|poke|p2|Baxcalibur, L50, M|
|poke|p2|Lunala, L50|
|poke|p2|Magmar, L50, F|
|poke|p2|Gardevoir, L50, F|
|poke|p2|Zacian-*, L50|
|teampreview|4
|inactive|Battle timer is ON: inactive players will automatically lose when time's up. (requested by eliott.pawsey)
|inactive|Daemon_Illusio also wants the timer to be on.
|inactive|eliott.pawsey has 60 seconds left.
|
|t:|1750875837
|start
|switch|p1a: Annihilape|Annihilape, L50, F|100/100
|switch|p1b: Lunala|Lunala, L50|100/100
|switch|p2a: Lunala|Lunala, L50|100/100
|switch|p2b: Zacian|Zacian-Crowned, L50|100/100
|-ability|p2b: Zacian|Intrepid Sword|boost
|-boost|p2b: Zacian|atk|1
|turn|1
|
|t:|1750875853
|move|p2b: Zacian|Protect|p2b: Zacian
|-singleturn|p2b: Zacian|Protect
|move|p1a: Annihilape|Final Gambit|p2b: Zacian
|-activate|p2b: Zacian|move: Protect
|move|p2a: Lunala|Tailwind|p2a: Lunala
|-sidestart|p2: eliott.pawsey|move: Tailwind
|move|p1b: Lunala|Moongeist Beam|p2a: Lunala
|-supereffective|p2a: Lunala
|-damage|p2a: Lunala|14/100
|
|-heal|p2a: Lunala|20/100|[from] item: Leftovers
|upkeep
|turn|2
|
|t:|1750875873
|-terastallize|p2b: Zacian|Stellar
|-terastallize|p1b: Lunala|Fairy
|move|p2b: Zacian|Play Rough|p1a: Annihilape|[miss]
|-miss|p2b: Zacian|p1a: Annihilape
|move|p2a: Lunala|Moongeist Beam|p1a: Annihilape
|-supereffective|p1a: Annihilape
|-damage|p1a: Annihilape|3/100
|move|p1a: Annihilape|Final Gambit|p2b: Zacian
|-damage|p2b: Zacian|98/100
|faint|p1a: Annihilape
|move|p1b: Lunala|Trick Room|p1b: Lunala
|-fieldstart|move: Trick Room|[of] p1b: Lunala
|
|-heal|p2a: Lunala|26/100|[from] item: Leftovers
|upkeep
|
|t:|1750875885
|switch|p1a: Calyrex|Calyrex-Ice, L50|100/100
|-ability|p1a: Calyrex|As One
|-ability|p1a: Calyrex|Unnerve
|turn|3
|
|t:|1750875901
|move|p2a: Lunala|Wide Guard|p2a: Lunala
|-singleturn|p2a: Lunala|Wide Guard
|move|p1a: Calyrex|Glacial Lance|p2a: Lunala|[spread] 
|-activate|p2a: Lunala|move: Wide Guard
|-activate|p2b: Zacian|move: Wide Guard
|move|p1b: Lunala|Moongeist Beam|p2b: Zacian
|-damage|p2b: Zacian|47/100
|move|p2b: Zacian|Behemoth Blade|p1a: Calyrex
|-supereffective|p1a: Calyrex
|-damage|p1a: Calyrex|0 fnt
|faint|p1a: Calyrex
|
|-heal|p2a: Lunala|32/100|[from] item: Leftovers
|upkeep
|
|t:|1750875913
|switch|p1a: Iron Hands|Iron Hands, L50|100/100
|turn|4
|
|t:|1750875924
|move|p2b: Zacian|Protect|p2b: Zacian
|-singleturn|p2b: Zacian|Protect
|move|p1a: Iron Hands|Fake Out|p2b: Zacian
|-activate|p2b: Zacian|move: Protect
|move|p1b: Lunala|Moongeist Beam|p2a: Lunala
|-supereffective|p2a: Lunala
|-damage|p2a: Lunala|0 fnt
|faint|p2a: Lunala
|
|-sideend|p2: eliott.pawsey|move: Tailwind
|upkeep
|
|t:|1750875932
|switch|p2a: Magmar|Magmar, L50, F|100/100
|turn|5
|
|t:|1750875951
|move|p2a: Magmar|Follow Me|p2a: Magmar
|-singleturn|p2a: Magmar|move: Follow Me
|move|p1a: Iron Hands|Thunder Punch|p2a: Magmar
|-damage|p2a: Magmar|40/100
|-damage|p1a: Iron Hands|91/100|[from] item: Life Orb
|move|p1b: Lunala|Moongeist Beam|p2a: Magmar
|-damage|p2a: Magmar|10/100
|move|p2b: Zacian|Play Rough|p1a: Iron Hands|[miss]
|-miss|p2b: Zacian|p1a: Iron Hands
|
|upkeep
|turn|6
|
|t:|1750875971
|move|p2a: Magmar|Protect|p2a: Magmar
|-singleturn|p2a: Magmar|Protect
|move|p2b: Zacian|Protect|p2b: Zacian
|-singleturn|p2b: Zacian|Protect
|move|p1a: Iron Hands|Thunder Punch|p2b: Zacian
|-activate|p2b: Zacian|move: Protect
|move|p1b: Lunala|Moongeist Beam|p2b: Zacian
|-activate|p2b: Zacian|move: Protect
|
|-fieldend|move: Trick Room
|upkeep
|turn|7
|
|t:|1750875989
|move|p2b: Zacian|Play Rough|p1a: Iron Hands
|-supereffective|p1a: Iron Hands
|-damage|p1a: Iron Hands|0 fnt
|faint|p1a: Iron Hands
|-end|p1a: Iron Hands|Quark Drive|[silent]
|move|p2a: Magmar|Knock Off|p1b: Lunala
|-resisted|p1b: Lunala
|-damage|p1b: Lunala|97/100
|-enditem|p1b: Lunala|Sitrus Berry|[from] move: Knock Off|[of] p2a: Magmar
|move|p1b: Lunala|Trick Room|p1b: Lunala
|-fieldstart|move: Trick Room|[of] p1b: Lunala
|
|upkeep
|turn|8
|
|t:|1750876004
|move|p2b: Zacian|Protect|p2b: Zacian
|-singleturn|p2b: Zacian|Protect
|move|p2a: Magmar|Lava Plume|p1b: Lunala|[spread] p1b
|-activate|p2b: Zacian|move: Protect
|-damage|p1b: Lunala|82/100
|move|p1b: Lunala|Moongeist Beam|p2a: Magmar
|-damage|p2a: Magmar|0 fnt
|faint|p2a: Magmar
|
|upkeep
|
|t:|1750876012
|switch|p2a: Gardevoir|Gardevoir, L50, F, shiny|100/100
|turn|9
|
|t:|1750876021
|move|p1b: Lunala|Moongeist Beam|p2b: Zacian
|-damage|p2b: Zacian|0 fnt
|faint|p2b: Zacian
|move|p2a: Gardevoir|Moonblast|p1b: Lunala
|-damage|p1b: Lunala|46/100
|-unboost|p1b: Lunala|spa|1
|
|upkeep
|turn|10
|
|t:|1750876030
|move|p1b: Lunala|Moongeist Beam|p2a: Gardevoir
|-supereffective|p2a: Gardevoir
|-damage|p2a: Gardevoir|27/100
|move|p2a: Gardevoir|Moonblast|p1b: Lunala
|-crit|p1b: Lunala
|-damage|p1b: Lunala|0 fnt
|faint|p1b: Lunala
|
|win|eliott.pawsey
|raw|Daemon_Illusio's rating: 1057 &rarr; <strong>1038</strong><br />(-19 for losing)
|raw|eliott.pawsey's rating: 1053 &rarr; <strong>1085</strong><br />(+32 for winning)
|l|☆eliott.pawsey
|player|p2|
|l|☆Daemon_Illusio
|player|p1|
