|j|☆Fidgettoysforkids
|j|☆LovelyLilypad
|t:|1750742052
|gametype|doubles
|player|p1|Fidgettoysforkids|pokemonrangerf-gen4|1199
|player|p2|LovelyLilypad|caitlin|1198
|teamsize|p1|6
|teamsize|p2|6
|gen|9
|tier|[Gen 9] VGC 2025 Reg I
|rated|
|rule|Species Clause: Limit one of each Pokémon
|rule|Item Clause: Limit 1 of each item
|clearpoke
|poke|p1|Koraidon, L50|
|poke|p1|Flutter Mane, L50|
|poke|p1|Zamazenta-*, L50|
|poke|p1|Amoonguss, L50, M|
|poke|p1|Incineroar, L50, F|
|poke|p1|Gouging Fire, L50|
|poke|p2|Whimsicott, L50, F|
|poke|p2|Calyrex-Shadow, L50|
|poke|p2|Miraidon, L50|
|poke|p2|Incineroar, L50, M|
|poke|p2|Iron Hands, L50|
|poke|p2|Chi-Yu, L50|
|teampreview|4
LovelyLilypad has agreed to open team sheets.
Fidgettoysforkids has agreed to open team sheets.
|showteam|p1|Koraidon||LifeOrb|OrichalcumPulse|CloseCombat,FlameCharge,FlareBlitz,Protect||||||50|,,,,,Fire]Flutter Mane||FocusSash|Protosynthesis|DazzlingGleam,Protect,ShadowBall,Thunderbolt||||||50|,,,,,Fairy]Zamazenta-Crowned||RustedShield|DauntlessShield|WideGuard,BodyPress,IronDefense,WildCharge||||||50|,,,,,Fire]Amoonguss||RockyHelmet|EffectSpore|SludgeBomb,Spore,RagePowder,Protect|||M|||50|,,,,,Water]Incineroar||AssaultVest|Intimidate|FlareBlitz,KnockOff,FakeOut,Uturn|||F|||50|,,,,,Grass]Gouging Fire||SafetyGoggles|Protosynthesis|FlareBlitz,DragonClaw,Roar,TemperFlare||||||50|,,,,,Fire
|showteam|p2|Whimsicott||CovertCloak|Prankster|FakeTears,Moonblast,Tailwind,Encore|||F|||50|,,,,,Water]Calyrex-Shadow||FocusSash|AsOneSpectrier|AstralBarrage,Psychic,Disable,Protect||||||50|,,,,,Ghost]Miraidon||ChoiceSpecs|HadronEngine|VoltSwitch,ElectroDrift,DracoMeteor,DazzlingGleam||||||50|,,,,,Fairy]Incineroar||RockyHelmet|Intimidate|KnockOff,WillOWisp,PartingShot,FakeOut|||M|||50|,,,,,Water]Iron Hands||AssaultVest|QuarkDrive|DrainPunch,LowKick,WildCharge,FakeOut||||||50|,,,,,Bug]Chi-Yu||ChoiceScarf|BeadsofRuin|HeatWave,Flamethrower,Snarl,Ruination||||||50|,,,,,Ghost
|inactive|Battle timer is ON: inactive players will automatically lose when time's up. (requested by Fidgettoysforkids)
|inactiveoff|Battle timer is now OFF.
|
|t:|1750742174
|start
|switch|p1a: Koraidon|Koraidon, L50|100/100
|switch|p1b: Flutter Mane|Flutter Mane, L50|100/100
|switch|p2a: Chi-Yu|Chi-Yu, L50|100/100
|switch|p2b: Miraidon|Miraidon, L50|100/100
|-ability|p2a: Chi-Yu|Beads of Ruin
|-fieldstart|move: Electric Terrain|[from] ability: Hadron Engine|[of] p2b: Miraidon
|-weather|SunnyDay|[from] ability: Orichalcum Pulse|[of] p1a: Koraidon
|-activate|p1b: Flutter Mane|ability: Protosynthesis
|-start|p1b: Flutter Mane|protosynthesisspe
|-activate|p1a: Koraidon|Orichalcum Pulse|[source]
|turn|1
|
|t:|1750742242
|switch|p2a: Calyrex|Calyrex-Shadow, L50|100/100
|-ability|p2a: Calyrex|As One
|-ability|p2a: Calyrex|Unnerve
|-terastallize|p1b: Flutter Mane|Fairy
|-terastallize|p2b: Miraidon|Fairy
|move|p1b: Flutter Mane|Dazzling Gleam|p2b: Miraidon|[spread] p2a,p2b
|-damage|p2a: Calyrex|60/100
|-damage|p2b: Miraidon|66/100
|move|p2b: Miraidon|Draco Meteor|p1a: Koraidon
|-supereffective|p1a: Koraidon
|-damage|p1a: Koraidon|0 fnt
|-unboost|p2b: Miraidon|spa|2
|faint|p1a: Koraidon
|
|-weather|SunnyDay|[upkeep]
|upkeep
|
|t:|1750742260
|switch|p1a: Zamazenta|Zamazenta-Crowned, L50|100/100
|-ability|p1a: Zamazenta|Dauntless Shield|boost
|-boost|p1a: Zamazenta|def|1
|turn|2
|
|t:|1750742276
|switch|p2b: Incineroar|Incineroar, L50, M|100/100
|-ability|p2b: Incineroar|Intimidate|boost
|-unboost|p1a: Zamazenta|atk|1
|-unboost|p1b: Flutter Mane|atk|1
|move|p2a: Calyrex|Protect|p2a: Calyrex
|-singleturn|p2a: Calyrex|Protect
|move|p1a: Zamazenta|Wide Guard|p1a: Zamazenta
|-singleturn|p1a: Zamazenta|Wide Guard
|move|p1b: Flutter Mane|Shadow Ball|p2a: Calyrex
|-activate|p2a: Calyrex|move: Protect
|
|-weather|SunnyDay|[upkeep]
|upkeep
|turn|3
|
|t:|1750742321
|-end|p1b: Flutter Mane|Protosynthesis|[silent]
|switch|p1b: Incineroar|Incineroar, L50, F|100/100
|-ability|p1b: Incineroar|Intimidate|boost
|-unboost|p2a: Calyrex|atk|1
|-unboost|p2b: Incineroar|atk|1
|move|p2b: Incineroar|Fake Out|p1a: Zamazenta
|-resisted|p1a: Zamazenta
|-damage|p1a: Zamazenta|99/100
|move|p2a: Calyrex|Disable||[still]
|-fail|p2a: Calyrex
|cant|p1a: Zamazenta|flinch
|
|-weather|SunnyDay|[upkeep]
|upkeep
|turn|4
|
|t:|1750742344
|move|p2a: Calyrex|Protect|p2a: Calyrex
|-singleturn|p2a: Calyrex|Protect
|move|p1a: Zamazenta|Body Press|p2b: Incineroar
|-supereffective|p2b: Incineroar
|-damage|p2b: Incineroar|0 fnt
|-damage|p1a: Zamazenta|83/100|[from] item: Rocky Helmet|[of] p2b: Incineroar
|faint|p2b: Incineroar
|move|p1b: Incineroar|Knock Off|p2a: Calyrex
|-activate|p2a: Calyrex|move: Protect
|
|-weather|SunnyDay|[upkeep]
|upkeep
|
|t:|1750742356
|switch|p2b: Miraidon|Miraidon, L50, tera:Fairy|66/100
|-activate|p2b: Miraidon|ability: Hadron Engine
|turn|5
|
|t:|1750742392
|switch|p2a: Chi-Yu|Chi-Yu, L50|100/100
|-ability|p2a: Chi-Yu|Beads of Ruin
|move|p2b: Miraidon|Electro Drift|p1a: Zamazenta
|-damage|p1a: Zamazenta|0 fnt
|faint|p1a: Zamazenta
|move|p1b: Incineroar|U-turn|p2b: Miraidon
|-resisted|p2b: Miraidon
|-damage|p2b: Miraidon|58/100
|
|t:|1750742402
|switch|p1b: Flutter Mane|Flutter Mane, L50, tera:Fairy|100/100|[from] U-turn
|-activate|p1b: Flutter Mane|ability: Protosynthesis
|-start|p1b: Flutter Mane|protosynthesisspe
|
|-weather|none
|-end|p1b: Flutter Mane|Protosynthesis
|-fieldend|move: Electric Terrain
|upkeep
|
|t:|1750742409
|switch|p1a: Incineroar|Incineroar, L50, F|100/100
|-ability|p1a: Incineroar|Intimidate|boost
|-unboost|p2a: Chi-Yu|atk|1
|-unboost|p2b: Miraidon|atk|1
|turn|6
|c|☆Fidgettoysforkids|Hello
|c|☆Fidgettoysforkids|can we friendly battle later
|
|t:|1750742450
|move|p1a: Incineroar|Fake Out|p2a: Chi-Yu
|-damage|p2a: Chi-Yu|83/100
|cant|p2a: Chi-Yu|flinch
|move|p2b: Miraidon|Electro Drift|p1a: Incineroar
|-damage|p1a: Incineroar|47/100
|move|p1b: Flutter Mane|Shadow Ball|p2b: Miraidon
|-damage|p2b: Miraidon|13/100
|
|upkeep
|turn|7
|
|t:|1750742469
|move|p2a: Chi-Yu|Flamethrower|p1b: Flutter Mane
|-damage|p1b: Flutter Mane|22/100
|-status|p1b: Flutter Mane|brn
|move|p1b: Flutter Mane|Dazzling Gleam|p2b: Miraidon|[spread] p2a,p2b
|-damage|p2a: Chi-Yu|34/100
|-damage|p2b: Miraidon|0 fnt
|faint|p2b: Miraidon
|move|p1a: Incineroar|Knock Off|p2a: Chi-Yu
|-resisted|p2a: Chi-Yu
|-damage|p2a: Chi-Yu|1/100
|-enditem|p2a: Chi-Yu|Choice Scarf|[from] move: Knock Off|[of] p1a: Incineroar
|
|-damage|p1b: Flutter Mane|16/100 brn|[from] brn
|upkeep
|
|t:|1750742480
|switch|p2b: Calyrex|Calyrex-Shadow, L50|60/100
|-ability|p2b: Calyrex|As One
|-ability|p2b: Calyrex|Unnerve
|turn|8
|
|t:|1750742497
|move|p2b: Calyrex|Astral Barrage|p1a: Incineroar|[spread] p1a,p1b
|-resisted|p1a: Incineroar
|-crit|p1a: Incineroar
|-damage|p1a: Incineroar|16/100
|-damage|p1b: Flutter Mane|0 fnt
|faint|p1b: Flutter Mane
|-end|p1b: Flutter Mane|Protosynthesis|[silent]
|-ability|p2b: Calyrex|Grim Neigh|boost
|-boost|p2b: Calyrex|spa|1
|move|p2a: Chi-Yu|Flamethrower|p1a: Incineroar
|-resisted|p1a: Incineroar
|-damage|p1a: Incineroar|0 fnt
|faint|p1a: Incineroar
|
|win|LovelyLilypad
|raw|Fidgettoysforkids's rating: 1199 &rarr; <strong>1174</strong><br />(-25 for losing)
|raw|LovelyLilypad's rating: 1198 &rarr; <strong>1223</strong><br />(+25 for winning)
|l|☆Fidgettoysforkids
|player|p1|
|c|☆LovelyLilypad|gg!
|l|☆LovelyLilypad
|player|p2|
