|j|☆hdlshshxvqjw
|j|☆fedebre_
|t:|1750749058
|gametype|doubles
|player|p1|hdlshshxvqjw|102|1436
|player|p2|fedebre_|steven|1450
|teamsize|p1|6
|teamsize|p2|6
|gen|9
|tier|[Gen 9] VGC 2025 Reg I
|rated|
|rule|Species Clause: Limit one of each Pokémon
|rule|Item Clause: Limit 1 of each item
|clearpoke
|poke|p1|Ho-Oh, L50|
|poke|p1|Calyrex-Shadow, L50|
|poke|p1|Walking Wake, L50|
|poke|p1|Incineroar, L50, M|
|poke|p1|Landorus, L50, M|
|poke|p1|Toxapex, L50, F|
|poke|p2|Kyogre, L50|
|poke|p2|Zacian-*, L50|
|poke|p2|Roaring Moon, L50|
|poke|p2|Amoonguss, L50, F|
|poke|p2|Iron Hands, L50|
|poke|p2|Urshifu-*, L50, F|
|teampreview|4
|inactive|Battle timer is ON: inactive players will automatically lose when time's up. (requested by fedebre_)
fedebre_ has agreed to open team sheets.
|
|t:|1750749079
|start
|switch|p1a: Walking Wake|Walking Wake, L50|100/100
|switch|p1b: Toxapex|Toxapex, L50, F|100/100
|switch|p2a: Roaring Moon|Roaring Moon, L50|100/100
|switch|p2b: Zacian|Zacian-Crowned, L50|100/100
|-ability|p2b: Zacian|Intrepid Sword|boost
|-boost|p2b: Zacian|atk|1
|-enditem|p2a: Roaring Moon|Booster Energy
|-activate|p2a: Roaring Moon|ability: Protosynthesis|[fromitem]
|-start|p2a: Roaring Moon|protosynthesisspe
|-enditem|p1a: Walking Wake|Booster Energy
|-activate|p1a: Walking Wake|ability: Protosynthesis|[fromitem]
|-start|p1a: Walking Wake|protosynthesisspe
|turn|1
|
|t:|1750749100
|-terastallize|p1a: Walking Wake|Water
|move|p2a: Roaring Moon|Protect|p2a: Roaring Moon
|-singleturn|p2a: Roaring Moon|Protect
|move|p1a: Walking Wake|Draco Meteor|p2a: Roaring Moon
|-activate|p2a: Roaring Moon|move: Protect
|move|p2b: Zacian|Play Rough|p1a: Walking Wake
|-damage|p1a: Walking Wake|14/100
|move|p1b: Toxapex|Toxic Spikes|p2a: Roaring Moon
|-sidestart|p2: fedebre_|move: Toxic Spikes
|
|upkeep
|turn|2
|inactive|fedebre_ has 30 seconds left.
|
|t:|1750749134
|switch|p1b: Ho-Oh|Ho-Oh, L50|100/100
|move|p1a: Walking Wake|Protect|p1a: Walking Wake
|-singleturn|p1a: Walking Wake|Protect
|move|p2a: Roaring Moon|Knock Off|p1b: Ho-Oh
|-damage|p1b: Ho-Oh|62/100
|-enditem|p1b: Ho-Oh|Covert Cloak|[from] move: Knock Off|[of] p2a: Roaring Moon
|move|p2b: Zacian|Behemoth Blade|p1a: Walking Wake
|-activate|p1a: Walking Wake|move: Protect
|
|upkeep
|turn|3
|
|t:|1750749149
|move|p2a: Roaring Moon|Tailwind|p2a: Roaring Moon
|-sidestart|p2: fedebre_|move: Tailwind
|move|p2b: Zacian|Behemoth Blade|p1a: Walking Wake
|-resisted|p1a: Walking Wake
|-damage|p1a: Walking Wake|0 fnt
|faint|p1a: Walking Wake
|-end|p1a: Walking Wake|Protosynthesis|[silent]
|move|p1b: Ho-Oh|Sacred Fire|p2b: Zacian
|-supereffective|p2b: Zacian
|-damage|p2b: Zacian|28/100
|
|upkeep
|
|t:|1750749156
|switch|p1a: Toxapex|Toxapex, L50, F|100/100
|turn|4
|
|t:|1750749165
|move|p2b: Zacian|Protect|p2b: Zacian
|-singleturn|p2b: Zacian|Protect
|move|p2a: Roaring Moon|Knock Off|p1a: Toxapex
|-damage|p1a: Toxapex|65/100
|-enditem|p1a: Toxapex|Mental Herb|[from] move: Knock Off|[of] p2a: Roaring Moon
|move|p1b: Ho-Oh|Sacred Fire|p2a: Roaring Moon
|-resisted|p2a: Roaring Moon
|-damage|p2a: Roaring Moon|73/100
|-status|p2a: Roaring Moon|brn
|move|p1a: Toxapex|Infestation|p2b: Zacian
|-activate|p2b: Zacian|move: Protect
|
|-damage|p2a: Roaring Moon|67/100 brn|[from] brn
|upkeep
|turn|5
|inactive|fedebre_ has 30 seconds left.
|
|t:|1750749195
|move|p2a: Roaring Moon|Acrobatics|p1b: Ho-Oh
|-damage|p1b: Ho-Oh|47/100
|move|p2b: Zacian|Behemoth Blade|p1b: Ho-Oh
|-resisted|p1b: Ho-Oh
|-damage|p1b: Ho-Oh|16/100
|move|p1b: Ho-Oh|Recover|p1b: Ho-Oh
|-heal|p1b: Ho-Oh|67/100
|move|p1a: Toxapex|Infestation|p2a: Roaring Moon
|-supereffective|p2a: Roaring Moon
|-damage|p2a: Roaring Moon|61/100 brn
|-activate|p2a: Roaring Moon|move: Infestation|[of] p1a: Toxapex
|
|-damage|p2a: Roaring Moon|55/100 brn|[from] brn
|-damage|p2a: Roaring Moon|42/100 brn|[from] move: Infestation|[partiallytrapped]
|upkeep
|turn|6
|
|t:|1750749215
|move|p2a: Roaring Moon|Protect|p2a: Roaring Moon
|-singleturn|p2a: Roaring Moon|Protect
|move|p2b: Zacian|Swords Dance|p2b: Zacian
|-boost|p2b: Zacian|atk|2
|move|p1b: Ho-Oh|Recover|p1b: Ho-Oh
|-heal|p1b: Ho-Oh|100/100
|move|p1a: Toxapex|Infestation|p2b: Zacian
|-resisted|p2b: Zacian
|-damage|p2b: Zacian|27/100
|-activate|p2b: Zacian|move: Infestation|[of] p1a: Toxapex
|
|-damage|p2a: Roaring Moon|36/100 brn|[from] brn
|-damage|p2a: Roaring Moon|24/100 brn|[from] move: Infestation|[partiallytrapped]
|-damage|p2b: Zacian|15/100|[from] move: Infestation|[partiallytrapped]
|-sideend|p2: fedebre_|move: Tailwind
|upkeep
|turn|7
|l|☆hdlshshxvqjw
|inactive|hdlshshxvqjw disconnected and has a minute to reconnect!
|player|p1|
|inactive|hdlshshxvqjw has 30 seconds left.
|inactive|hdlshshxvqjw has 20 seconds left.
|inactive|hdlshshxvqjw has 15 seconds left.
|inactive|hdlshshxvqjw has 10 seconds left.
|inactive|hdlshshxvqjw has 5 seconds left.
|-message|hdlshshxvqjw lost due to inactivity.
|
|win|fedebre_
|raw|hdlshshxvqjw's rating: 1436 &rarr; <strong>1417</strong><br />(-19 for losing)
|raw|fedebre_'s rating: 1450 &rarr; <strong>1469</strong><br />(+19 for winning)
|l|☆fedebre_
|player|p2|
