|j|☆LesbianMawile
|j|☆arkjsmith
|t:|1750719830
|gametype|doubles
|player|p1|LesbianMawile|rika|1275
|player|p2|arkjsmith|roxie|1352
|teamsize|p1|6
|teamsize|p2|6
|gen|9
|tier|[Gen 9] VGC 2025 Reg I
|rated|
|rule|Species Clause: Limit one of each Pokémon
|rule|Item Clause: Limit 1 of each item
|clearpoke
|poke|p1|Reuniclus, L50, M|
|poke|p1|Indeedee-F, L50, F|
|poke|p1|Calyrex-Ice, L50|
|poke|p1|Incineroar, L50, M|
|poke|p1|Miraidon, L50|
|poke|p1|Whimsicott, L50, M|
|poke|p2|Koraidon, L50|
|poke|p2|Incineroar, L50, M|
|poke|p2|Volcarona, L50, F|
|poke|p2|Flutter Mane, L50|
|poke|p2|Lunala, L50|
|poke|p2|Rillaboom, L50, M|
|teampreview|4
|inactive|Battle timer is ON: inactive players will automatically lose when time's up. (requested by arkjsmith)
|
|t:|1750719853
|start
|switch|p1a: Calyrex|Calyrex-Ice, L50|100/100
|switch|p1b: Incineroar|Incineroar, L50, M|100/100
|switch|p2a: Dirk|Koraidon, L50|100/100
|switch|p2b: Amaretto|Rillaboom, L50, M, shiny|100/100
|-ability|p1a: Calyrex|As One
|-ability|p1a: Calyrex|Unnerve
|-weather|SunnyDay|[from] ability: Orichalcum Pulse|[of] p2a: Dirk
|-activate|p2a: Dirk|Orichalcum Pulse|[source]
|-fieldstart|move: Grassy Terrain|[from] ability: Grassy Surge|[of] p2b: Amaretto
|-ability|p1b: Incineroar|Intimidate|boost
|-unboost|p2a: Dirk|atk|1
|-unboost|p2b: Amaretto|atk|1
|turn|1
|
|t:|1750719877
|switch|p1b: Indeedee|Indeedee-F, L50, F|100/100
|-fieldstart|move: Psychic Terrain|[from] ability: Psychic Surge|[of] p1b: Indeedee
|-terastallize|p2a: Dirk|Fire
|move|p1a: Calyrex|Protect|p1a: Calyrex
|-singleturn|p1a: Calyrex|Protect
|move|p2b: Amaretto|Fake Out|p1a: Calyrex
|-activate|p1a: Calyrex|move: Psychic Terrain
|move|p2a: Dirk|Close Combat|p1b: Indeedee
|-damage|p1b: Indeedee|28/100
|-unboost|p2a: Dirk|def|1
|-unboost|p2a: Dirk|spd|1
|-damage|p2a: Dirk|91/100|[from] item: Life Orb
|
|-weather|SunnyDay|[upkeep]
|upkeep
|turn|2
|
|t:|1750719895
|switch|p2a: Stripe|Incineroar, L50, M, shiny|100/100
|-ability|p2a: Stripe|Intimidate|boost
|-fail|p1a: Calyrex|unboost|[from] item: Clear Amulet|[of] p1a: Calyrex
|-unboost|p1b: Indeedee|atk|1
|move|p1b: Indeedee|Follow Me|p1b: Indeedee
|-singleturn|p1b: Indeedee|move: Follow Me
|move|p2b: Amaretto|U-turn|p1b: Indeedee
|-supereffective|p1b: Indeedee
|-damage|p1b: Indeedee|0 fnt
|faint|p1b: Indeedee
|
|t:|1750719906
|switch|p2b: Cuervo|Volcarona, L50, F, shiny|100/100|[from] U-turn
|move|p1a: Calyrex|Trick Room|p1a: Calyrex
|-fieldstart|move: Trick Room|[of] p1a: Calyrex
|
|-weather|SunnyDay|[upkeep]
|upkeep
|
|t:|1750719913
|switch|p1b: Reuniclus|Reuniclus, L50, M, shiny|100/100
|turn|3
|
|t:|1750719930
|switch|p2b: Amaretto|Rillaboom, L50, M, shiny|100/100
|-fieldstart|move: Grassy Terrain|[from] ability: Grassy Surge|[of] p2b: Amaretto
|-terastallize|p1b: Reuniclus|Fighting
|move|p2a: Stripe|Fake Out|p1a: Calyrex
|-damage|p1a: Calyrex|93/100
|move|p1b: Reuniclus|Tera Blast|p2a: Stripe|[anim] Tera Blast Fighting
|-supereffective|p2a: Stripe
|-damage|p2a: Stripe|0 fnt
|faint|p2a: Stripe
|cant|p1a: Calyrex|flinch
|
|-weather|SunnyDay|[upkeep]
|-heal|p1a: Calyrex|99/100|[from] Grassy Terrain
|upkeep
|
|t:|1750719941
|switch|p2a: Cuervo|Volcarona, L50, F, shiny|100/100
|-enditem|p2a: Cuervo|Grassy Seed
|-boost|p2a: Cuervo|def|1|[from] item: Grassy Seed
|turn|4
|
|t:|1750719950
|switch|p1b: Incineroar|Incineroar, L50, M|100/100
|-ability|p1b: Incineroar|Intimidate|boost
|-unboost|p2a: Cuervo|atk|1
|-unboost|p2b: Amaretto|atk|1
|move|p2b: Amaretto|Fake Out|p1a: Calyrex
|-damage|p1a: Calyrex|93/100
|cant|p1a: Calyrex|flinch
|move|p2a: Cuervo|Quiver Dance|p2a: Cuervo
|-boost|p2a: Cuervo|spa|1
|-boost|p2a: Cuervo|spd|1
|-boost|p2a: Cuervo|spe|1
|
|-weather|SunnyDay|[upkeep]
|-heal|p1a: Calyrex|99/100|[from] Grassy Terrain
|upkeep
|turn|5
|
|t:|1750719969
|switch|p2b: Dirk|Koraidon, L50, tera:Fire|91/100
|-activate|p2b: Dirk|ability: Orichalcum Pulse
|move|p1a: Calyrex|Glacial Lance|p2b: Dirk|[spread] p2a,p2b
|-resisted|p2a: Cuervo
|-resisted|p2b: Dirk
|-damage|p2a: Cuervo|74/100
|-damage|p2b: Dirk|62/100
|move|p1b: Incineroar|Knock Off|p2a: Cuervo
|-damage|p2a: Cuervo|53/100
|move|p2a: Cuervo|Fiery Dance|p1a: Calyrex
|-supereffective|p1a: Calyrex
|-damage|p1a: Calyrex|0 fnt
|-boost|p2a: Cuervo|spa|1
|faint|p1a: Calyrex
|
|-weather|none
|-heal|p2b: Dirk|68/100|[from] Grassy Terrain
|-heal|p2a: Cuervo|59/100|[from] Grassy Terrain
|upkeep
|
|t:|1750719981
|switch|p1a: Reuniclus|Reuniclus, L50, M, shiny, tera:Fighting|100/100
|turn|6
|
|t:|1750719995
|move|p2b: Dirk|Protect|p2b: Dirk
|-singleturn|p2b: Dirk|Protect
|move|p2a: Cuervo|Protect|p2a: Cuervo
|-singleturn|p2a: Cuervo|Protect
|move|p1a: Reuniclus|Psyshock|p2b: Dirk
|-activate|p2b: Dirk|move: Protect
|move|p1b: Incineroar|Knock Off|p2b: Dirk
|-activate|p2b: Dirk|move: Protect
|
|-heal|p2b: Dirk|74/100|[from] Grassy Terrain
|-heal|p2a: Cuervo|65/100|[from] Grassy Terrain
|-fieldend|move: Trick Room
|upkeep
|turn|7
|-message|LesbianMawile forfeited.
|
|win|arkjsmith
|raw|LesbianMawile's rating: 1275 &rarr; <strong>1255</strong><br />(-20 for losing)
|raw|arkjsmith's rating: 1352 &rarr; <strong>1368</strong><br />(+16 for winning)
|l|☆LesbianMawile
|player|p1|
|l|☆arkjsmith
|player|p2|
