|j|☆tzfmndf03
|j|☆IncineroarH8ter
|t:|1750778558
|gametype|doubles
|player|p1|tzfmndf03|102|1466
|player|p2|IncineroarH8ter|unknown|1385
|teamsize|p1|6
|teamsize|p2|6
|gen|9
|tier|[Gen 9] VGC 2025 Reg I
|rated|
|rule|Species Clause: Limit one of each Pokémon
|rule|Item Clause: Limit 1 of each item
|clearpoke
|poke|p1|Muk-Alola, L50, F|
|poke|p1|Smeargle, L50, F|
|poke|p1|Ditto, L50|
|poke|p1|Calyrex-Shadow, L50|
|poke|p1|Landorus, L50, M|
|poke|p1|Miraidon, L50|
|poke|p2|Lunala, L50|
|poke|p2|Annihilape, L50, F|
|poke|p2|Calyrex-Ice, L50|
|poke|p2|Grimmsnarl, L50, M|
|poke|p2|Indeedee-F, L50, F|
|poke|p2|Meowscarada, L50, M|
|teampreview|4
|inactive|Battle timer is ON: inactive players will automatically lose when time's up. (requested by tzfmndf03)
|
|t:|1750778579
|start
|switch|p1a: God|Smeargle, L50, F|100/100
|switch|p1b: Miraidon|Miraidon, L50|100/100
|switch|p2a: Meowscarada|Meowscarada, L50, M|100/100
|switch|p2b: Lunala|Lunala, L50|100/100
|-fieldstart|move: Electric Terrain|[from] ability: Hadron Engine|[of] p1b: Miraidon
|-enditem|p1b: Miraidon|Electric Seed
|-boost|p1b: Miraidon|def|1|[from] item: Electric Seed
|turn|1
|
|t:|1750778604
|-terastallize|p1b: Miraidon|Electric
|move|p1b: Miraidon|Calm Mind|p1b: Miraidon
|-boost|p1b: Miraidon|spa|1
|-boost|p1b: Miraidon|spd|1
|move|p2a: Meowscarada|Triple Axel|p1a: God
|-damage|p1a: God|81/100
|-hitcount|p1a: God|1
|move|p1a: God|Nuzzle|p2b: Lunala
|-damage|p2b: Lunala|99/100
|-status|p2b: Lunala|par
|cant|p2b: Lunala|par
|
|-ability|p1a: God|Moody|boost
|-boost|p1a: God|spd|2
|-unboost|p1a: God|atk|1
|upkeep
|turn|2
|inactive|tzfmndf03 has 30 seconds left.
|inactive|IncineroarH8ter has 30 seconds left.
|inactive|IncineroarH8ter has 20 seconds left.
|inactive|IncineroarH8ter has 15 seconds left.
|
|t:|1750778644
|-terastallize|p2a: Meowscarada|Grass
|move|p1b: Miraidon|Electro Drift|p2b: Lunala
|-damage|p2b: Lunala|0 fnt
|faint|p2b: Lunala
|move|p2a: Meowscarada|Flower Trick|p1b: Miraidon
|-crit|p1b: Miraidon
|-damage|p1b: Miraidon|33/100
|move|p1a: God|Nuzzle|p2a: Meowscarada
|-resisted|p2a: Meowscarada
|-damage|p2a: Meowscarada|99/100
|-status|p2a: Meowscarada|par
|
|-ability|p1a: God|Moody|boost
|-boost|p1a: God|spe|2
|-unboost|p1a: God|spd|1
|upkeep
|
|t:|1750778654
|switch|p2b: Calyrex|Calyrex-Ice, L50|100/100
|-ability|p2b: Calyrex|As One
|-ability|p2b: Calyrex|Unnerve
|turn|3
|inactive|tzfmndf03 has 30 seconds left.
|
|t:|1750778685
|move|p1a: God|Follow Me|p1a: God
|-singleturn|p1a: God|move: Follow Me
|move|p1b: Miraidon|Electro Drift|p2b: Calyrex
|-damage|p2b: Calyrex|0 fnt
|faint|p2b: Calyrex
|move|p2a: Meowscarada|Flower Trick|p1a: God
|-crit|p1a: God
|-damage|p1a: God|0 fnt
|faint|p1a: God
|
|upkeep
|
|t:|1750778695
|switch|p1a: Ditto|Ditto, L50|100/100
|switch|p2b: Grimmsnarl|Grimmsnarl, L50, M|100/100
|-transform|p1a: Ditto|p2b: Grimmsnarl|[from] ability: Imposter
|turn|4
|
|t:|1750778708
|move|p2b: Grimmsnarl|Light Screen|p2b: Grimmsnarl
|-sidestart|p2: IncineroarH8ter|move: Light Screen
|move|p1a: Ditto|Reflect|p1a: Ditto
|-sidestart|p1: tzfmndf03|Reflect
|move|p1b: Miraidon|Parabolic Charge|p2b: Grimmsnarl|[spread] p1a,p2a,p2b
|-resisted|p2a: Meowscarada
|-damage|p1a: Ditto|0 fnt
|-heal|p1b: Miraidon|78/100|[from] drain|[of] p1a: Ditto
|-damage|p2a: Meowscarada|53/100 par
|-heal|p1b: Miraidon|97/100|[from] drain|[of] p2a: Meowscarada
|-damage|p2b: Grimmsnarl|29/100
|-heal|p1b: Miraidon|100/100|[from] drain|[of] p2b: Grimmsnarl
|faint|p1a: Ditto
|move|p2a: Meowscarada|Flower Trick|p1b: Miraidon
|-crit|p1b: Miraidon
|-damage|p1b: Miraidon|29/100
|
|upkeep
|
|t:|1750778722
|switch|p1a: NUCLEAR|Calyrex-Shadow, L50|100/100
|-ability|p1a: NUCLEAR|As One
|-ability|p1a: NUCLEAR|Unnerve
|turn|5
|l|☆IncineroarH8ter
|inactive|IncineroarH8ter disconnected and has a minute to reconnect!
|player|p2|
|inactive|IncineroarH8ter has 30 seconds left.
|inactive|IncineroarH8ter has 20 seconds left.
|inactive|IncineroarH8ter has 15 seconds left.
|j|☆IncineroarH8ter
|inactive|IncineroarH8ter reconnected and has 15 seconds left.
|player|p2|IncineroarH8ter|unknown|
|inactive|IncineroarH8ter has 10 seconds left.
|inactive|IncineroarH8ter has 5 seconds left.
|
|t:|1750778777
|move|p2b: Grimmsnarl|Reflect|p2b: Grimmsnarl
|-sidestart|p2: IncineroarH8ter|Reflect
|move|p1a: NUCLEAR|Astral Barrage|p2a: Meowscarada|[spread] p2a,p2b
|-resisted|p2b: Grimmsnarl
|-damage|p2a: Meowscarada|0 fnt
|-damage|p2b: Grimmsnarl|6/100
|faint|p2a: Meowscarada
|-ability|p1a: NUCLEAR|Grim Neigh|boost
|-boost|p1a: NUCLEAR|spa|1
|move|p1b: Miraidon|Dazzling Gleam|p2b: Grimmsnarl
|-supereffective|p2b: Grimmsnarl
|-damage|p2b: Grimmsnarl|0 fnt
|faint|p2b: Grimmsnarl
|
|win|tzfmndf03
|raw|tzfmndf03's rating: 1466 &rarr; <strong>1481</strong><br />(+15 for winning)
|raw|IncineroarH8ter's rating: 1385 &rarr; <strong>1370</strong><br />(-15 for losing)
|l|☆IncineroarH8ter
|player|p2|
|l|☆tzfmndf03
|player|p1|
