|j|☆Icetiger1914
|j|☆Moosewii7
|t:|1750743213
|gametype|doubles
|player|p1|Icetiger1914|1|1264
|player|p2|Moosewii7|265|1305
|teamsize|p1|6
|teamsize|p2|6
|gen|9
|tier|[Gen 9] VGC 2025 Reg I
|rated|
|rule|Species Clause: Limit one of each Pokémon
|rule|Item Clause: Limit 1 of each item
|clearpoke
|poke|p1|Tyranitar, L50, F|
|poke|p1|Lugia, L50|
|poke|p1|Excadrill, L50, F|
|poke|p1|Ho-Oh, L50|
|poke|p1|Incineroar, L50, F|
|poke|p1|Ogerpon-Cornerstone, L50, F|
|poke|p2|Calyrex-Shadow, L50|
|poke|p2|Garganacl, L50, F|
|poke|p2|Indeedee-F, L50, F|
|poke|p2|Iron Hands, L50|
|poke|p2|Kyogre, L50|
|poke|p2|Maushold-Four, L50|
|teampreview|4
|inactive|Battle timer is ON: inactive players will automatically lose when time's up. (requested by Moosewii7)
|
|t:|1750743240
|start
|switch|p1a: Tyranitar|Tyranitar, L50, F|100/100
|switch|p1b: Ogerpon|Ogerpon-Cornerstone, L50, F|100/100
|switch|p2a: Indeedee|Indeedee-F, L50, F|100/100
|switch|p2b: Kyogre|Kyogre, L50|100/100
|-weather|RainDance|[from] ability: Drizzle|[of] p2b: Kyogre
|-fieldstart|move: Psychic Terrain|[from] ability: Psychic Surge|[of] p2a: Indeedee
|-weather|Sandstorm|[from] ability: Sand Stream|[of] p1a: Tyranitar
|turn|1
|inactive|Icetiger1914 has 30 seconds left.
|inactive|Icetiger1914 has 20 seconds left.
|
|t:|1750743278
|-terastallize|p2b: Kyogre|Water
|move|p2a: Indeedee|Follow Me|p2a: Indeedee
|-singleturn|p2a: Indeedee|move: Follow Me
|move|p1b: Ogerpon|Ivy Cudgel|p2a: Indeedee|[anim] Ivy Cudgel Rock
|-damage|p2a: Indeedee|37/100
|-enditem|p2a: Indeedee|Sitrus Berry|[eat]
|-heal|p2a: Indeedee|62/100|[from] item: Sitrus Berry
|move|p2b: Kyogre|Water Spout|p1a: Tyranitar|[spread] p1a,p1b
|-supereffective|p1a: Tyranitar
|-crit|p1b: Ogerpon
|-damage|p1a: Tyranitar|0 fnt
|-ability|p1b: Ogerpon|Sturdy
|-damage|p1b: Ogerpon|1/100
|faint|p1a: Tyranitar
|
|-weather|Sandstorm|[upkeep]
|-damage|p2b: Kyogre|95/100|[from] Sandstorm
|-damage|p2a: Indeedee|56/100|[from] Sandstorm
|upkeep
|
|t:|1750743302
|switch|p1a: Lugia|Lugia, L50|100/100
|turn|2
|
|t:|1750743323
|switch|p2b: Maushold|Maushold-Four, L50|100/100
|move|p1b: Ogerpon|Wood Hammer|p2b: Maushold
|-damage|p2b: Maushold|0 fnt
|faint|p2b: Maushold
|-damage|p1b: Ogerpon|0 fnt|[from] Recoil
|faint|p1b: Ogerpon
|move|p1a: Lugia|Calm Mind|p1a: Lugia
|-boost|p1a: Lugia|spa|1
|-boost|p1a: Lugia|spd|1
|move|p2a: Indeedee|Psychic|p1a: Lugia
|-resisted|p1a: Lugia
|-damage|p1a: Lugia|97/100
|
|-weather|Sandstorm|[upkeep]
|-damage|p1a: Lugia|91/100|[from] Sandstorm
|-damage|p2a: Indeedee|50/100|[from] Sandstorm
|-heal|p1a: Lugia|97/100|[from] item: Leftovers
|upkeep
|
|t:|1750743345
|switch|p2b: Kyogre|Kyogre, L50, tera:Water|95/100
|switch|p1b: Ho-Oh|Ho-Oh, L50|100/100
|-weather|RainDance|[from] ability: Drizzle|[of] p2b: Kyogre
|turn|3
|
|t:|1750743366
|move|p2a: Indeedee|Follow Me|p2a: Indeedee
|-singleturn|p2a: Indeedee|move: Follow Me
|move|p1a: Lugia|Calm Mind|p1a: Lugia
|-boost|p1a: Lugia|spa|1
|-boost|p1a: Lugia|spd|1
|move|p2b: Kyogre|Water Spout|p1a: Lugia|[spread] p1a,p1b
|-supereffective|p1b: Ho-Oh
|-damage|p1a: Lugia|55/100
|-damage|p1b: Ho-Oh|0 fnt
|faint|p1b: Ho-Oh
|
|-weather|RainDance|[upkeep]
|-heal|p1a: Lugia|62/100|[from] item: Leftovers
|upkeep
|turn|4
|
|t:|1750743382
|move|p2a: Indeedee|Follow Me|p2a: Indeedee
|-singleturn|p2a: Indeedee|move: Follow Me
|move|p1a: Lugia|Recover|p1a: Lugia
|-heal|p1a: Lugia|100/100
|move|p2b: Kyogre|Water Spout|p1a: Lugia
|-damage|p1a: Lugia|75/100
|
|-weather|RainDance|[upkeep]
|-heal|p1a: Lugia|81/100|[from] item: Leftovers
|upkeep
|turn|5
|
|t:|1750743397
|move|p2a: Indeedee|Helping Hand|p2b: Kyogre
|-singleturn|p2b: Kyogre|Helping Hand|[of] p2a: Indeedee
|move|p1a: Lugia|Recover|p1a: Lugia
|-heal|p1a: Lugia|100/100
|move|p2b: Kyogre|Water Spout|p1a: Lugia
|-damage|p1a: Lugia|65/100
|
|-weather|RainDance|[upkeep]
|-heal|p1a: Lugia|71/100|[from] item: Leftovers
|-fieldend|move: Psychic Terrain
|upkeep
|turn|6
|
|t:|1750743421
|move|p2a: Indeedee|Follow Me|p2a: Indeedee
|-singleturn|p2a: Indeedee|move: Follow Me
|move|p1a: Lugia|Recover|p1a: Lugia
|-heal|p1a: Lugia|100/100
|move|p2b: Kyogre|Water Spout|p1a: Lugia
|-damage|p1a: Lugia|74/100
|
|-weather|RainDance|[upkeep]
|-heal|p1a: Lugia|80/100|[from] item: Leftovers
|upkeep
|turn|7
|
|t:|1750743436
|move|p2a: Indeedee|Helping Hand|p2b: Kyogre
|-singleturn|p2b: Kyogre|Helping Hand|[of] p2a: Indeedee
|move|p1a: Lugia|Calm Mind|p1a: Lugia
|-boost|p1a: Lugia|spa|1
|-boost|p1a: Lugia|spd|1
|move|p2b: Kyogre|Water Spout|p1a: Lugia
|-damage|p1a: Lugia|16/100
|
|-weather|none
|-heal|p1a: Lugia|22/100|[from] item: Leftovers
|upkeep
|turn|8
|inactive|Icetiger1914 has 30 seconds left.
|inactive|Icetiger1914 has 20 seconds left.
|inactive|Icetiger1914 has 15 seconds left.
|inactive|Icetiger1914 has 10 seconds left.
|inactive|Icetiger1914 has 5 seconds left.
|
|t:|1750743491
|move|p2a: Indeedee|Helping Hand|p2b: Kyogre
|-singleturn|p2b: Kyogre|Helping Hand|[of] p2a: Indeedee
|move|p1a: Lugia|Calm Mind|p1a: Lugia
|-boost|p1a: Lugia|spa|1
|-boost|p1a: Lugia|spd|1
|move|p2b: Kyogre|Water Spout|p1a: Lugia
|-damage|p1a: Lugia|0 fnt
|faint|p1a: Lugia
|
|win|Moosewii7
|raw|Icetiger1914's rating: 1264 &rarr; <strong>1242</strong><br />(-22 for losing)
|raw|Moosewii7's rating: 1305 &rarr; <strong>1323</strong><br />(+18 for winning)
|l|☆Moosewii7
|player|p2|
|l|☆Icetiger1914
|player|p1|
