|j|☆Mojoe93
|j|☆Henry Poor
|t:|1750777258
|gametype|doubles
|player|p1|Mojoe93|266|1486
|player|p2|Henry Poor|1|1509
|teamsize|p1|6
|teamsize|p2|6
|gen|9
|tier|[Gen 9] VGC 2025 Reg I
|rated|
|rule|Species Clause: Limit one of each Pokémon
|rule|Item Clause: Limit 1 of each item
|clearpoke
|poke|p1|Smeargle, L50, F|
|poke|p1|Calyrex-Ice, L50|
|poke|p1|Ursaluna, L50, M|
|poke|p1|Grimmsnarl, L50, M|
|poke|p1|Koraidon, L50|
|poke|p1|Ogerpon-Hearthflame, L50, F|
|poke|p2|Grimmsnarl, L50, M|
|poke|p2|Tyranitar, L50, M|
|poke|p2|Volcarona, L50, F|
|poke|p2|Iron Hands, L50|
|poke|p2|Zamazenta-*, L50|
|poke|p2|Miraidon, L50|
|teampreview|4
Henry Poor rejected open team sheets.
|j| sillyhat123
|inactive|Battle timer is ON: inactive players will automatically lose when time's up. (requested by Mojoe93)
|l| sillyhat123
|
|t:|1750777299
|start
|switch|p1a: Grimmsnarl|Grimmsnarl, L50, M|100/100
|switch|p1b: Koraidon|Koraidon, L50|100/100
|switch|p2a: Tyranitar|Tyranitar, L50, M|100/100
|switch|p2b: Zamazenta|Zamazenta-Crowned, L50|100/100
|-weather|SunnyDay|[from] ability: Orichalcum Pulse|[of] p1b: Koraidon
|-activate|p1b: Koraidon|Orichalcum Pulse|[source]
|-ability|p2b: Zamazenta|Dauntless Shield|boost
|-boost|p2b: Zamazenta|def|1
|-weather|Sandstorm|[from] ability: Sand Stream|[of] p2a: Tyranitar
|turn|1
|inactive|Henry Poor has 30 seconds left.
|
|t:|1750777328
|-terastallize|p2b: Zamazenta|Fighting
|move|p1a: Grimmsnarl|Fake Out|p2b: Zamazenta
|-damage|p2b: Zamazenta|96/100
|move|p1b: Koraidon|Close Combat|p2a: Tyranitar
|-supereffective|p2a: Tyranitar
|-enditem|p2a: Tyranitar|Focus Sash
|-damage|p2a: Tyranitar|1/100
|-unboost|p1b: Koraidon|def|1
|-unboost|p1b: Koraidon|spd|1
|-damage|p1b: Koraidon|91/100|[from] item: Life Orb
|cant|p2b: Zamazenta|flinch
|move|p2a: Tyranitar|Knock Off|p1b: Koraidon
|-resisted|p1b: Koraidon
|-damage|p1b: Koraidon|53/100
|-enditem|p1b: Koraidon|Life Orb|[from] move: Knock Off|[of] p2a: Tyranitar
|
|-weather|Sandstorm|[upkeep]
|-damage|p1b: Koraidon|47/100|[from] Sandstorm
|-damage|p2b: Zamazenta|90/100|[from] Sandstorm
|-damage|p1a: Grimmsnarl|95/100|[from] Sandstorm
|upkeep
|turn|2
|inactive|Mojoe93 has 30 seconds left.
|inactive|Henry Poor has 30 seconds left.
|
|t:|1750777356
|switch|p1b: Calyrex|Calyrex-Ice, L50|100/100
|-ability|p1b: Calyrex|As One
|-ability|p1b: Calyrex|Unnerve
|switch|p2a: Miraidon|Miraidon, L50|100/100
|-fieldstart|move: Electric Terrain|[from] ability: Hadron Engine|[of] p2a: Miraidon
|move|p1a: Grimmsnarl|Reflect|p1a: Grimmsnarl
|-sidestart|p1: Mojoe93|Reflect
|move|p2b: Zamazenta|Heavy Slam|p1a: Grimmsnarl
|-supereffective|p1a: Grimmsnarl
|-damage|p1a: Grimmsnarl|37/100
|
|-weather|Sandstorm|[upkeep]
|-damage|p2a: Miraidon|95/100|[from] Sandstorm
|-damage|p2b: Zamazenta|84/100|[from] Sandstorm
|-damage|p1a: Grimmsnarl|31/100|[from] Sandstorm
|-damage|p1b: Calyrex|94/100|[from] Sandstorm
|upkeep
|turn|3
|inactive|Mojoe93 has 30 seconds left.
|
|t:|1750777385
|move|p1a: Grimmsnarl|Light Screen|p1a: Grimmsnarl
|-sidestart|p1: Mojoe93|move: Light Screen
|move|p2a: Miraidon|Volt Switch|p1b: Calyrex
|-damage|p1b: Calyrex|66/100
|
|t:|1750777389
|switch|p2a: Iron Hands|Iron Hands, L50|100/100|[from] Volt Switch
|-activate|p2a: Iron Hands|ability: Quark Drive
|-start|p2a: Iron Hands|quarkdriveatk
|move|p2b: Zamazenta|Body Press|p1a: Grimmsnarl
|-damage|p1a: Grimmsnarl|0 fnt
|faint|p1a: Grimmsnarl
|move|p1b: Calyrex|Glacial Lance|p2a: Iron Hands|[spread] p2a,p2b
|-damage|p2a: Iron Hands|63/100
|-damage|p2b: Zamazenta|61/100
|
|-weather|Sandstorm|[upkeep]
|-damage|p2b: Zamazenta|54/100|[from] Sandstorm
|-damage|p2a: Iron Hands|56/100|[from] Sandstorm
|-damage|p1b: Calyrex|60/100|[from] Sandstorm
|upkeep
|
|t:|1750777403
|switch|p1a: Koraidon|Koraidon, L50|47/100
|-weather|SunnyDay|[from] ability: Orichalcum Pulse|[of] p1a: Koraidon
|-activate|p1a: Koraidon|Orichalcum Pulse|[source]
|turn|4
|
|t:|1750777409
|-end|p2a: Iron Hands|Quark Drive|[silent]
|switch|p2a: Tyranitar|Tyranitar, L50, M|1/100
|-weather|Sandstorm|[from] ability: Sand Stream|[of] p2a: Tyranitar
|move|p1a: Koraidon|Protect|p1a: Koraidon
|-singleturn|p1a: Koraidon|Protect
|move|p2b: Zamazenta|Protect|p2b: Zamazenta
|-singleturn|p2b: Zamazenta|Protect
|move|p1b: Calyrex|Protect||[still]
|-fail|p1b: Calyrex
|
|-weather|Sandstorm|[upkeep]
|-damage|p1a: Koraidon|41/100|[from] Sandstorm
|-damage|p2b: Zamazenta|48/100|[from] Sandstorm
|-damage|p1b: Calyrex|54/100|[from] Sandstorm
|upkeep
|turn|5
|
|t:|1750777426
|move|p1a: Koraidon|Close Combat|p2b: Zamazenta
|-damage|p2b: Zamazenta|23/100
|-unboost|p1a: Koraidon|def|1
|-unboost|p1a: Koraidon|spd|1
|move|p2b: Zamazenta|Body Press|p1a: Koraidon
|-damage|p1a: Koraidon|0 fnt
|faint|p1a: Koraidon
|move|p2a: Tyranitar|Knock Off|p1b: Calyrex
|-supereffective|p1b: Calyrex
|-damage|p1b: Calyrex|10/100
|-enditem|p1b: Calyrex|Clear Amulet|[from] move: Knock Off|[of] p2a: Tyranitar
|move|p1b: Calyrex|Trick Room|p1b: Calyrex
|-fieldstart|move: Trick Room|[of] p1b: Calyrex
|
|-weather|Sandstorm|[upkeep]
|-damage|p1b: Calyrex|4/100|[from] Sandstorm
|-damage|p2b: Zamazenta|17/100|[from] Sandstorm
|upkeep
|
|t:|1750777441
|switch|p1a: Ursaluna|Ursaluna, L50, M|100/100
|turn|6
|
|t:|1750777455
|move|p1a: Ursaluna|Protect|p1a: Ursaluna
|-singleturn|p1a: Ursaluna|Protect
|move|p2a: Tyranitar|Protect|p2a: Tyranitar
|-singleturn|p2a: Tyranitar|Protect
|move|p2b: Zamazenta|Protect|p2b: Zamazenta
|-singleturn|p2b: Zamazenta|Protect
|move|p1b: Calyrex|Glacial Lance|p2b: Zamazenta|[spread] 
|-activate|p2a: Tyranitar|move: Protect
|-activate|p2b: Zamazenta|move: Protect
|
|-weather|Sandstorm|[upkeep]
|-damage|p1b: Calyrex|0 fnt|[from] Sandstorm
|-damage|p2b: Zamazenta|10/100|[from] Sandstorm
|faint|p1b: Calyrex
|-fieldend|move: Electric Terrain
|-status|p1a: Ursaluna|brn|[from] item: Flame Orb
|upkeep
|turn|7
|
|t:|1750777474
|move|p1a: Ursaluna|Facade|p2b: Zamazenta
|-damage|p2b: Zamazenta|0 fnt
|faint|p2b: Zamazenta
|move|p2a: Tyranitar|Knock Off|p1a: Ursaluna
|-damage|p1a: Ursaluna|74/100 brn
|-enditem|p1a: Ursaluna|Flame Orb|[from] move: Knock Off|[of] p2a: Tyranitar
|
|-weather|Sandstorm|[upkeep]
|-damage|p1a: Ursaluna|68/100 brn|[from] brn
|upkeep
|
|t:|1750777483
|switch|p2b: Iron Hands|Iron Hands, L50|56/100
|turn|8
|
|t:|1750777495
|move|p1a: Ursaluna|Protect|p1a: Ursaluna
|-singleturn|p1a: Ursaluna|Protect
|move|p2b: Iron Hands|Fake Out|p1a: Ursaluna
|-activate|p1a: Ursaluna|move: Protect
|move|p2a: Tyranitar|Knock Off|p1a: Ursaluna
|-activate|p1a: Ursaluna|move: Protect
|
|-weather|none
|-damage|p1a: Ursaluna|63/100 brn|[from] brn
|upkeep
|turn|9
|
|t:|1750777508
|move|p2b: Iron Hands|Drain Punch|p1a: Ursaluna
|-supereffective|p1a: Ursaluna
|-damage|p1a: Ursaluna|19/100 brn
|-heal|p2b: Iron Hands|78/100|[from] drain|[of] p1a: Ursaluna
|move|p1a: Ursaluna|Earthquake|p2b: Iron Hands|[spread] p2a,p2b
|-supereffective|p2a: Tyranitar
|-crit|p2a: Tyranitar
|-supereffective|p2b: Iron Hands
|-damage|p2a: Tyranitar|0 fnt
|-damage|p2b: Iron Hands|0 fnt
|faint|p2a: Tyranitar
|faint|p2b: Iron Hands
|-end|p2b: Iron Hands|Quark Drive|[silent]
|
|-damage|p1a: Ursaluna|13/100 brn|[from] brn
|-sideend|p1: Mojoe93|Reflect
|-fieldend|move: Trick Room
|upkeep
|
|t:|1750777515
|switch|p2b: Miraidon|Miraidon, L50|95/100
|-fieldstart|move: Electric Terrain|[from] ability: Hadron Engine|[of] p2b: Miraidon
|turn|10
|
|t:|1750777525
|move|p2b: Miraidon|Draco Meteor|p1a: Ursaluna
|-damage|p1a: Ursaluna|0 fnt
|-unboost|p2b: Miraidon|spa|2
|faint|p1a: Ursaluna
|
|win|Henry Poor
|raw|Mojoe93's rating: 1486 &rarr; <strong>1467</strong><br />(-19 for losing)
|raw|Henry Poor's rating: 1509 &rarr; <strong>1528</strong><br />(+19 for winning)
|l|☆Henry Poor
|player|p2|
|l|☆Mojoe93
|player|p1|
