|j|☆burials
|j|☆NoShameInShaymin
|t:|1750823398
|gametype|doubles
|player|p1|burials|265|1045
|player|p2|NoShameInShaymin|2|1101
|teamsize|p1|6
|teamsize|p2|6
|gen|9
|tier|[Gen 9] VGC 2025 Reg I
|rated|
|rule|Species Clause: Limit one of each Pokémon
|rule|Item Clause: Limit 1 of each item
|clearpoke
|poke|p1|Sneasler, L50, F|
|poke|p1|Calyrex-Shadow, L50|
|poke|p1|Miraidon, L50|
|poke|p1|Chi-Yu, L50|
|poke|p1|Dondozo, L50, F|
|poke|p1|Tatsugiri, L50, M|
|poke|p2|Miraidon, L50|
|poke|p2|Incineroar, L50, F|
|poke|p2|Iron Hands, L50|
|poke|p2|Farigiraf, L50, M|
|poke|p2|Urshifu-*, L50, M|
|poke|p2|Ursaluna-Bloodmoon, L50, M|
|teampreview|4
|inactive|Battle timer is ON: inactive players will automatically lose when time's up. (requested by burials)
|inactive|burials has 60 seconds left.
|
|t:|1750823444
|start
|switch|p1a: Tatsugiri|Tatsugiri, L50, M|100/100
|switch|p1b: Calyrex|Calyrex-Shadow, L50|100/100
|switch|p2a: Urshifu|Urshifu-Rapid-Strike, L50, M|100/100
|switch|p2b: Miraidon|Miraidon, L50|100/100
|-ability|p1b: Calyrex|As One
|-ability|p1b: Calyrex|Unnerve
|-fieldstart|move: Electric Terrain|[from] ability: Hadron Engine|[of] p2b: Miraidon
|turn|1
|inactive|burials has 30 seconds left.
|inactive|burials has 20 seconds left.
|inactive|burials has 15 seconds left.
|inactive|burials has 10 seconds left.
|inactive|burials has 5 seconds left.
|
|t:|1750823496
|-terastallize|p2b: Miraidon|Electric
|move|p1a: Tatsugiri|Protect|p1a: Tatsugiri
|-singleturn|p1a: Tatsugiri|Protect
|move|p1b: Calyrex|Psychic|p2a: Urshifu
|-supereffective|p2a: Urshifu
|-damage|p2a: Urshifu|0 fnt
|faint|p2a: Urshifu
|-ability|p1b: Calyrex|Grim Neigh|boost
|-boost|p1b: Calyrex|spa|1
|-damage|p1b: Calyrex|91/100|[from] item: Life Orb
|move|p2b: Miraidon|Volt Switch|p1a: Tatsugiri
|-activate|p1a: Tatsugiri|move: Protect
|
|upkeep
|
|t:|1750823517
|switch|p2a: Incineroar|Incineroar, L50, F|100/100
|-ability|p2a: Incineroar|Intimidate|boost
|-unboost|p1a: Tatsugiri|atk|1
|-unboost|p1b: Calyrex|atk|1
|turn|2
|inactive|burials has 30 seconds left.
|
|t:|1750823548
|switch|p1b: Sneasler|Sneasler, L50, F|100/100
|-ability|p1b: Sneasler|Pressure
|-enditem|p1b: Sneasler|Electric Seed
|-boost|p1b: Sneasler|def|1|[from] item: Electric Seed
|move|p2a: Incineroar|Fake Out|p1a: Tatsugiri
|-damage|p1a: Tatsugiri|77/100
|move|p2b: Miraidon|Volt Switch|p1b: Sneasler
|-damage|p1b: Sneasler|0 fnt
|faint|p1b: Sneasler
|
|t:|1750823558
|switch|p2b: Iron Hands|Iron Hands, L50|100/100|[from] Volt Switch
|-activate|p2b: Iron Hands|ability: Quark Drive
|-start|p2b: Iron Hands|quarkdriveatk
|cant|p1a: Tatsugiri|flinch
|
|upkeep
|
|t:|1750823561
|switch|p1b: Dondozo|Dondozo, L50, F|100/100
|-activate|p1a: Tatsugiri|ability: Commander|[of] p1b: Dondozo
|-boost|p1b: Dondozo|atk|2
|-boost|p1b: Dondozo|spa|2
|-boost|p1b: Dondozo|spe|2
|-boost|p1b: Dondozo|def|2
|-boost|p1b: Dondozo|spd|2
|turn|3
|
|t:|1750823576
|move|p2b: Iron Hands|Fake Out|p1b: Dondozo
|-damage|p1b: Dondozo|95/100
|cant|p1b: Dondozo|flinch
|move|p2a: Incineroar|Knock Off|p1b: Dondozo
|-damage|p1b: Dondozo|83/100
|-enditem|p1b: Dondozo|Leftovers|[from] move: Knock Off|[of] p2a: Incineroar
|
|upkeep
|turn|4
|inactive|NoShameInShaymin has 30 seconds left.
|
|t:|1750823608
|move|p1b: Dondozo|Earthquake|p2b: Iron Hands|[spread] p2a,p2b
|-miss|p1b: Dondozo|p1a: Tatsugiri
|-supereffective|p2a: Incineroar
|-supereffective|p2b: Iron Hands
|-damage|p2a: Incineroar|48/100
|-damage|p2b: Iron Hands|54/100
|move|p2a: Incineroar|Parting Shot|p1b: Dondozo
|-unboost|p1b: Dondozo|atk|1
|-unboost|p1b: Dondozo|spa|1
|
|t:|1750823615
|switch|p2a: Miraidon|Miraidon, L50, tera:Electric|100/100|[from] Parting Shot
|-activate|p2a: Miraidon|ability: Hadron Engine
|move|p2b: Iron Hands|Wild Charge|p1b: Dondozo
|-supereffective|p1b: Dondozo
|-damage|p1b: Dondozo|39/100
|-damage|p2b: Iron Hands|43/100|[from] Recoil
|
|upkeep
|turn|5
|
|t:|1750823632
|-terastallize|p1b: Dondozo|Grass
|move|p2a: Miraidon|Volt Switch|p1b: Dondozo
|-resisted|p1b: Dondozo
|-damage|p1b: Dondozo|11/100
|
|t:|1750823636
|switch|p2a: Incineroar|Incineroar, L50, F|48/100|[from] Volt Switch
|-ability|p2a: Incineroar|Intimidate|boost
|-unboost|p1a: Tatsugiri|atk|1
|-unboost|p1b: Dondozo|atk|1
|move|p1b: Dondozo|Order Up|p2a: Incineroar
|-damage|p2a: Incineroar|31/100
|-boost|p1b: Dondozo|atk|1
|move|p2b: Iron Hands|Drain Punch|p1b: Dondozo
|-damage|p1b: Dondozo|0 fnt
|-heal|p2b: Iron Hands|48/100|[from] drain|[of] p1b: Dondozo
|faint|p1b: Dondozo
|
|-fieldend|move: Electric Terrain
|-end|p2b: Iron Hands|Quark Drive
|upkeep
|
|t:|1750823644
|switch|p1b: Calyrex|Calyrex-Shadow, L50|91/100
|-ability|p1b: Calyrex|As One
|-ability|p1b: Calyrex|Unnerve
|turn|6
|inactive|NoShameInShaymin has 30 seconds left.
|
|t:|1750823672
|move|p1b: Calyrex|Astral Barrage|p2b: Iron Hands|[spread] p2a,p2b
|-resisted|p2a: Incineroar
|-damage|p2a: Incineroar|0 fnt
|-damage|p2b: Iron Hands|16/100
|faint|p2a: Incineroar
|-ability|p1b: Calyrex|Grim Neigh|boost
|-boost|p1b: Calyrex|spa|1
|-damage|p1b: Calyrex|81/100|[from] item: Life Orb
|move|p1a: Tatsugiri|Muddy Water|p2b: Iron Hands
|-damage|p2b: Iron Hands|0 fnt
|faint|p2b: Iron Hands
|-end|p2b: Iron Hands|Quark Drive|[silent]
|
|upkeep
|inactive|NoShameInShaymin has 30 seconds left.
|
|t:|1750823698
|switch|p2a: Miraidon|Miraidon, L50, tera:Electric|100/100
|-fieldstart|move: Electric Terrain|[from] ability: Hadron Engine|[of] p2a: Miraidon
|turn|7
|
|t:|1750823712
|move|p1a: Tatsugiri|Helping Hand|p1b: Calyrex
|-singleturn|p1b: Calyrex|Helping Hand|[of] p1a: Tatsugiri
|move|p1b: Calyrex|Psychic|p2a: Miraidon
|-damage|p2a: Miraidon|0 fnt
|faint|p2a: Miraidon
|-damage|p1b: Calyrex|71/100|[from] item: Life Orb
|
|win|burials
|raw|burials's rating: 1045 &rarr; <strong>1084</strong><br />(+39 for winning)
|raw|NoShameInShaymin's rating: 1101 &rarr; <strong>1072</strong><br />(-29 for losing)
|c|☆NoShameInShaymin|gg
