|j|☆MultiZapdos
|j|☆alexeido
|t:|1750798138
|gametype|doubles
|player|p1|MultiZapdos|102|
|player|p2|alexeido|colress|
|teamsize|p1|6
|teamsize|p2|6
|gen|9
|tier|[Gen 9] VGC 2025 Reg I
|rule|Species Clause: Limit one of each Pokémon
|rule|Item Clause: Limit 1 of each item
|clearpoke
|poke|p1|Gholdengo, L50|
|poke|p1|Tinkaton, L50, F|
|poke|p1|Kingambit, L50, M|
|poke|p1|Registeel, L50|
|poke|p1|Corviknight, L50, F|
|poke|p1|Scizor, L50, F|
|poke|p2|Lanturn, L50, M|
|poke|p2|Palafin, L50, M|
|poke|p2|Urshifu-*, L50, M|
|poke|p2|Dondozo, L50, F|
|poke|p2|Tatsugiri, L50, F|
|poke|p2|Toxapex, L50, M|
|teampreview|4
|j| okkito
MultiZapdos has agreed to open team sheets.
alexeido has agreed to open team sheets.
|showteam|p1|Gholdengo||ChoiceScarf|GoodasGold|MakeItRain,ShadowBall,Thunderbolt,Psychic||||||50|,,,,,Normal]Tinkaton||AssaultVest|MoldBreaker|FakeOut,GigatonHammer,KnockOff,PlayRough|||F|||50|,,,,,Dragon]Kingambit||BlackGlasses|Defiant|SuckerPunch,KowtowCleave,IronHead,Protect|||M|||50|,,,,,Dark]Registeel||Leftovers|ClearBody|BodyPress,IronDefense,HeavySlam,Protect||||||50|,,,,,Fairy]Corviknight||SitrusBerry|MirrorArmor|Uturn,Tailwind,IronHead,BraveBird|||F|||50|,,,,,Ghost]Scizor||ChoiceBand|Technician|BulletPunch,Uturn,Trailblaze,KnockOff|||F|||50|,,,,,Dragon
|showteam|p2|Lanturn||Leftovers|VoltAbsorb|VoltSwitch,Scald,IcyWind,Protect|||M|||50|,,,,,Electric]Palafin||ChoiceBand|ZerotoHero|WaveCrash,JetPunch,FlipTurn,IcePunch|||M|||50|,,,,,Ice]Urshifu-Rapid-Strike||LifeOrb|UnseenFist|SurgingStrikes,CloseCombat,AquaJet,Uturn|||M|||50|,,,,,Fighting]Dondozo||AssaultVest|Unaware|WaveCrash,OrderUp,Earthquake,RockSlide|||F|||50|,,,,,Ground]Tatsugiri||ChoiceScarf|Commander|MuddyWater,DracoMeteor,IcyWind,Soak|||F|||50|,,,,,Dragon]Toxapex||BlackSludge|Regenerator|BanefulBunker,Recover,Liquidation,SludgeBomb|||M|||50|,,,,,Poison
|
|t:|1750798214
|start
|switch|p1a: Poppy|Tinkaton, L50, F|100/100
|switch|p1b: VIKTORRRR|Registeel, L50|100/100
|switch|p2a: Dondozo|Dondozo, L50, F|100/100
|switch|p2b: Lanturn|Lanturn, L50, M, shiny|100/100
|-ability|p1a: Poppy|Mold Breaker
|turn|1
|
|t:|1750798254
|switch|p2b: Tatsugiri|Tatsugiri, L50, F|100/100
|-activate|p2b: Tatsugiri|ability: Commander|[of] p2a: Dondozo
|-boost|p2a: Dondozo|atk|2
|-boost|p2a: Dondozo|spa|2
|-boost|p2a: Dondozo|spe|2
|-boost|p2a: Dondozo|def|2
|-boost|p2a: Dondozo|spd|2
|switch|p1b: Risquetos|Gholdengo, L50|100/100
|move|p1a: Poppy|Fake Out|p2a: Dondozo
|-damage|p2a: Dondozo|98/100
|cant|p2a: Dondozo|flinch
|
|upkeep
|turn|2
|j| thander11
|
|t:|1750798314
|-terastallize|p2a: Dondozo|Ground
|move|p1b: Risquetos|Psychic|p2a: Dondozo
|-damage|p2a: Dondozo|88/100
|move|p1a: Poppy|Knock Off|p2a: Dondozo
|-damage|p2a: Dondozo|82/100
|-enditem|p2a: Dondozo|Assault Vest|[from] move: Knock Off|[of] p1a: Poppy
|move|p2a: Dondozo|Earthquake|p1a: Poppy|[spread] p1a,p1b
|-miss|p2a: Dondozo|p2b: Tatsugiri
|-supereffective|p1a: Poppy
|-supereffective|p1b: Risquetos
|-damage|p1a: Poppy|0 fnt
|-damage|p1b: Risquetos|0 fnt
|faint|p1a: Poppy
|faint|p1b: Risquetos
|
|upkeep
|
|t:|1750798332
|switch|p1b: Star Platinum|Scizor, L50, F|100/100
|switch|p1a: VIKTORRRR|Registeel, L50|100/100
|turn|3
|
|t:|1750798360
|-terastallize|p1b: Star Platinum|Dragon
|move|p1a: VIKTORRRR|Protect|p1a: VIKTORRRR
|-singleturn|p1a: VIKTORRRR|Protect
|move|p2a: Dondozo|Earthquake|p1a: VIKTORRRR|[spread] p1b
|-miss|p2a: Dondozo|p2b: Tatsugiri
|-activate|p1a: VIKTORRRR|move: Protect
|-damage|p1b: Star Platinum|36/100
|move|p1b: Star Platinum|Trailblaze|p2a: Dondozo
|-supereffective|p2a: Dondozo
|-damage|p2a: Dondozo|57/100
|-boost|p1b: Star Platinum|spe|1
|
|upkeep
|turn|4
|
|t:|1750798379
|move|p1b: Star Platinum|Trailblaze|p2a: Dondozo
|-supereffective|p2a: Dondozo
|-damage|p2a: Dondozo|28/100
|-boost|p1b: Star Platinum|spe|1
|move|p2a: Dondozo|Earthquake|p1a: VIKTORRRR|[spread] p1a,p1b
|-miss|p2a: Dondozo|p2b: Tatsugiri
|-supereffective|p1a: VIKTORRRR
|-damage|p1a: VIKTORRRR|23/100
|-damage|p1b: Star Platinum|0 fnt
|faint|p1b: Star Platinum
|move|p1a: VIKTORRRR|Body Press|p2a: Dondozo
|-crit|p2a: Dondozo
|-damage|p2a: Dondozo|0 fnt
|faint|p2a: Dondozo
|
|-heal|p1a: VIKTORRRR|29/100|[from] item: Leftovers
|upkeep
|
|t:|1750798394
|switch|p2a: Urshifu|Urshifu-Rapid-Strike, L50, M|100/100
|turn|5
|
|t:|1750798411
|move|p2b: Tatsugiri|Muddy Water|p1a: VIKTORRRR
|-damage|p1a: VIKTORRRR|0 fnt
|faint|p1a: VIKTORRRR
|
|win|alexeido
