|j|☆Gibsteroni
|j|☆sillynator
|t:|1750745781
|gametype|doubles
|player|p1|Gibsteroni|101|1391
|player|p2|sillynator|emmet|1350
|teamsize|p1|6
|teamsize|p2|6
|gen|9
|tier|[Gen 9] VGC 2025 Reg I
|rated|
|rule|Species Clause: Limit one of each Pokémon
|rule|Item Clause: Limit 1 of each item
|clearpoke
|poke|p1|Dialga-Origin, L50|
|poke|p1|Miraidon, L50|
|poke|p1|Incineroar, L50, F|
|poke|p1|Ursaluna, L50, F|
|poke|p1|Pelipper, L50, F|
|poke|p1|Sinistcha, L50|
|poke|p2|Miraidon, L50|
|poke|p2|Basculegion, L50, M|
|poke|p2|Kyogre, L50|
|poke|p2|Incineroar, L50, F|
|poke|p2|Ogerpon-Cornerstone, L50, F|
|poke|p2|Murkrow, L50, F|
|teampreview|4
|inactive|Battle timer is ON: inactive players will automatically lose when time's up. (requested by sillynator)
|
|t:|1750745812
|start
|switch|p1a: Miraidon|Miraidon, L50|100/100
|switch|p1b: Incineroar|Incineroar, L50, F|100/100
|switch|p2a: Kyogre|Kyogre, L50, shiny|100/100
|switch|p2b: Ogerpon|Ogerpon-Cornerstone, L50, F|100/100
|-fieldstart|move: Electric Terrain|[from] ability: Hadron Engine|[of] p1a: Miraidon
|-weather|RainDance|[from] ability: Drizzle|[of] p2a: Kyogre
|-ability|p1b: Incineroar|Intimidate|boost
|-unboost|p2a: Kyogre|atk|1
|-unboost|p2b: Ogerpon|atk|1
|turn|1
|inactive|Gibsteroni has 30 seconds left.
|
|t:|1750745843
|move|p2b: Ogerpon|Spiky Shield|p2b: Ogerpon
|-singleturn|p2b: Ogerpon|move: Protect
|move|p2a: Kyogre|Protect|p2a: Kyogre
|-singleturn|p2a: Kyogre|Protect
|move|p1b: Incineroar|Fake Out|p2a: Kyogre
|-activate|p2a: Kyogre|move: Protect
|move|p1a: Miraidon|Calm Mind|p1a: Miraidon
|-boost|p1a: Miraidon|spa|1
|-boost|p1a: Miraidon|spd|1
|
|-weather|RainDance|[upkeep]
|upkeep
|turn|2
|
|t:|1750745865
|switch|p1b: Dialga|Dialga-Origin, L50|100/100
|-terastallize|p2a: Kyogre|Ice
|move|p2b: Ogerpon|Follow Me|p2b: Ogerpon
|-singleturn|p2b: Ogerpon|move: Follow Me
|move|p1a: Miraidon|Parabolic Charge|p2a: Kyogre|[spread] p2a,p2b
|-activate|p1b: Dialga|ability: Telepathy
|-resisted|p2b: Ogerpon
|-damage|p2a: Kyogre|56/100
|-damage|p2b: Ogerpon|73/100
|move|p2a: Kyogre|Water Spout|p1a: Miraidon|[spread] p1a,p1b
|-resisted|p1a: Miraidon
|-resisted|p1b: Dialga
|-damage|p1a: Miraidon|82/100
|-damage|p1b: Dialga|76/100
|
|-weather|RainDance|[upkeep]
|upkeep
|turn|3
|
|t:|1750745884
|move|p2b: Ogerpon|Taunt|p1b: Dialga
|-start|p1b: Dialga|move: Taunt
|move|p1a: Miraidon|Parabolic Charge|p2a: Kyogre|[spread] p2a,p2b
|-activate|p1b: Dialga|ability: Telepathy
|-resisted|p2b: Ogerpon
|-damage|p2a: Kyogre|15/100
|-heal|p1a: Miraidon|100/100|[from] drain|[of] p2a: Kyogre
|-damage|p2b: Ogerpon|48/100
|move|p2a: Kyogre|Ice Beam|p1a: Miraidon
|-supereffective|p1a: Miraidon
|-damage|p1a: Miraidon|45/100
|-enditem|p1a: Miraidon|Sitrus Berry|[eat]
|-heal|p1a: Miraidon|70/100|[from] item: Sitrus Berry
|move|p1b: Dialga|Flash Cannon|p2a: Kyogre
|-supereffective|p2a: Kyogre
|-damage|p2a: Kyogre|0 fnt
|faint|p2a: Kyogre
|
|-weather|RainDance|[upkeep]
|upkeep
|
|t:|1750745909
|switch|p2a: Basculegion|Basculegion, L50, M|100/100
|turn|4
|
|t:|1750745926
|switch|p1b: Incineroar|Incineroar, L50, F|100/100
|-ability|p1b: Incineroar|Intimidate|boost
|-unboost|p2a: Basculegion|atk|1
|-unboost|p2b: Ogerpon|atk|1
|move|p1a: Miraidon|Protect|p1a: Miraidon
|-singleturn|p1a: Miraidon|Protect
|move|p2b: Ogerpon|Follow Me|p2b: Ogerpon
|-singleturn|p2b: Ogerpon|move: Follow Me
|move|p2a: Basculegion|Last Respects|p1a: Miraidon
|-activate|p1a: Miraidon|move: Protect
|
|-weather|RainDance|[upkeep]
|upkeep
|turn|5
|inactive|Gibsteroni has 30 seconds left.
|inactive|Gibsteroni has 20 seconds left.
|
|t:|1750745965
|move|p2b: Ogerpon|Follow Me|p2b: Ogerpon
|-singleturn|p2b: Ogerpon|move: Follow Me
|move|p2a: Basculegion|Last Respects|p1a: Miraidon
|-damage|p1a: Miraidon|34/100
|-damage|p2a: Basculegion|91/100|[from] item: Life Orb
|move|p1a: Miraidon|Parabolic Charge|p2b: Ogerpon|[spread] p1b,p2a,p2b
|-supereffective|p2a: Basculegion
|-resisted|p2b: Ogerpon
|-damage|p1b: Incineroar|51/100
|-heal|p1a: Miraidon|58/100|[from] drain|[of] p1b: Incineroar
|-damage|p2a: Basculegion|0 fnt
|-heal|p1a: Miraidon|100/100|[from] drain|[of] p2a: Basculegion
|-damage|p2b: Ogerpon|18/100
|faint|p2a: Basculegion
|move|p1b: Incineroar|Parting Shot|p2b: Ogerpon
|-unboost|p2b: Ogerpon|atk|1
|-unboost|p2b: Ogerpon|spa|1
|-message|sillynator forfeited.
|
|win|Gibsteroni
|raw|Gibsteroni's rating: 1391 &rarr; <strong>1409</strong><br />(+18 for winning)
|raw|sillynator's rating: 1350 &rarr; <strong>1332</strong><br />(-18 for losing)
|l|☆sillynator
|player|p2|
|l|☆Gibsteroni
|player|p1|
