|j|☆Dixonkr
|j|☆sycarisdag
|t:|1750825422
|gametype|doubles
|player|p1|Dixonkr|lady|1246
|player|p2|sycarisdag|266|1149
|teamsize|p1|6
|teamsize|p2|6
|gen|9
|tier|[Gen 9] VGC 2025 Reg I
|rated|
|rule|Species Clause: Limit one of each Pokémon
|rule|Item Clause: Limit 1 of each item
|clearpoke
|poke|p1|Calyrex-Shadow, L50|
|poke|p1|Miraidon, L50|
|poke|p1|Incineroar, L50, M|
|poke|p1|Farigiraf, L50, F|
|poke|p1|Whimsicott, L50, M|
|poke|p1|Urshifu-*, L50, F|
|poke|p2|Koraidon, L50|
|poke|p2|Lunala, L50|
|poke|p2|Flutter Mane, L50|
|poke|p2|Whimsicott, L50, F|
|poke|p2|Incineroar, L50, M|
|poke|p2|Regieleki, L50|
|teampreview|4
|inactive|Battle timer is ON: inactive players will automatically lose when time's up. (requested by Dixonkr)
|inactive|Dixonkr has 60 seconds left.
|
|t:|1750825455
|start
|switch|p1a: Whimsicott|Whimsicott, L50, M|100/100
|switch|p1b: Calyrex|Calyrex-Shadow, L50|100/100
|switch|p2a: Regieleki|Regieleki, L50|100/100
|switch|p2b: Koraidon|Koraidon, L50|100/100
|-ability|p1b: Calyrex|As One
|-ability|p1b: Calyrex|Unnerve
|-weather|SunnyDay|[from] ability: Orichalcum Pulse|[of] p2b: Koraidon
|-activate|p2b: Koraidon|Orichalcum Pulse|[source]
|turn|1
|inactive|Dixonkr has 30 seconds left.
|inactive|Dixonkr has 20 seconds left.
|
|t:|1750825494
|move|p1b: Calyrex|Protect|p1b: Calyrex
|-singleturn|p1b: Calyrex|Protect
|move|p1a: Whimsicott|Tailwind|p1a: Whimsicott
|-sidestart|p1: Dixonkr|move: Tailwind
|move|p2a: Regieleki|Electroweb|p1a: Whimsicott|[spread] p1a
|-activate|p1b: Calyrex|move: Protect
|-resisted|p1a: Whimsicott
|-damage|p1a: Whimsicott|85/100
|move|p2b: Koraidon|Flare Blitz|p1a: Whimsicott
|-supereffective|p1a: Whimsicott
|-damage|p1a: Whimsicott|0 fnt
|faint|p1a: Whimsicott
|-damage|p2b: Koraidon|75/100|[from] Recoil
|-damage|p2b: Koraidon|66/100|[from] item: Life Orb
|
|-weather|SunnyDay|[upkeep]
|upkeep
|
|t:|1750825511
|switch|p1a: Incineroar|Incineroar, L50, M|100/100
|-ability|p1a: Incineroar|Intimidate|boost
|-unboost|p2a: Regieleki|atk|1
|-unboost|p2b: Koraidon|atk|1
|turn|2
|
|t:|1750825520
|move|p2a: Regieleki|Protect|p2a: Regieleki
|-singleturn|p2a: Regieleki|Protect
|move|p2b: Koraidon|Protect|p2b: Koraidon
|-singleturn|p2b: Koraidon|Protect
|move|p1a: Incineroar|Fake Out|p2a: Regieleki
|-activate|p2a: Regieleki|move: Protect
|move|p1b: Calyrex|Astral Barrage|p2b: Koraidon|[spread] 
|-activate|p2a: Regieleki|move: Protect
|-activate|p2b: Koraidon|move: Protect
|
|-weather|SunnyDay|[upkeep]
|upkeep
|turn|3
|
|t:|1750825544
|move|p1b: Calyrex|Protect|p1b: Calyrex
|-singleturn|p1b: Calyrex|Protect
|move|p2a: Regieleki|Electroweb|p1b: Calyrex|[spread] p1a
|-activate|p1b: Calyrex|move: Protect
|-damage|p1a: Incineroar|86/100
|-unboost|p1a: Incineroar|spe|1
|move|p2b: Koraidon|Flare Blitz|p1b: Calyrex
|-activate|p1b: Calyrex|move: Protect
|move|p1a: Incineroar|U-turn|p2a: Regieleki
|-damage|p2a: Regieleki|69/100
|
|t:|1750825559
|switch|p1a: Miraidon|Miraidon, L50|100/100|[from] U-turn
|-fieldstart|move: Electric Terrain|[from] ability: Hadron Engine|[of] p1a: Miraidon
|
|-weather|SunnyDay|[upkeep]
|upkeep
|turn|4
|inactive|Dixonkr has 30 seconds left.
|
|t:|1750825585
|move|p2b: Koraidon|Protect|p2b: Koraidon
|-singleturn|p2b: Koraidon|Protect
|move|p1b: Calyrex|Astral Barrage|p2a: Regieleki|[spread] p2a
|-activate|p2b: Koraidon|move: Protect
|-damage|p2a: Regieleki|0 fnt
|faint|p2a: Regieleki
|-ability|p1b: Calyrex|Grim Neigh|boost
|-boost|p1b: Calyrex|spa|1
|move|p1a: Miraidon|Volt Switch|p2b: Koraidon
|-activate|p2b: Koraidon|move: Protect
|
|-weather|SunnyDay|[upkeep]
|-sideend|p1: Dixonkr|move: Tailwind
|upkeep
|
|t:|1750825606
|switch|p2a: Flutter Mane|Flutter Mane, L50|100/100
|-activate|p2a: Flutter Mane|ability: Protosynthesis
|-start|p2a: Flutter Mane|protosynthesisspe
|turn|5
|
|t:|1750825627
|switch|p2b: Lunala|Lunala, L50, shiny|100/100
|-terastallize|p1a: Miraidon|Fairy
|move|p1b: Calyrex|Protect|p1b: Calyrex
|-singleturn|p1b: Calyrex|Protect
|move|p2a: Flutter Mane|Shadow Ball|p1b: Calyrex
|-activate|p1b: Calyrex|move: Protect
|move|p1a: Miraidon|Volt Switch|p2a: Flutter Mane
|-damage|p2a: Flutter Mane|0 fnt
|faint|p2a: Flutter Mane
|-end|p2a: Flutter Mane|Protosynthesis|[silent]
|
|t:|1750825640
|switch|p1a: Incineroar|Incineroar, L50, M|86/100|[from] Volt Switch
|-ability|p1a: Incineroar|Intimidate|boost
|-unboost|p2b: Lunala|atk|1
|
|-weather|none
|upkeep
|
|t:|1750825647
|switch|p2a: Koraidon|Koraidon, L50|66/100
|-weather|SunnyDay|[from] ability: Orichalcum Pulse|[of] p2a: Koraidon
|-activate|p2a: Koraidon|Orichalcum Pulse|[source]
|turn|6
|
|t:|1750825667
|move|p2b: Lunala|Wide Guard|p2b: Lunala
|-singleturn|p2b: Lunala|Wide Guard
|move|p1b: Calyrex|Psychic|p2a: Koraidon
|-supereffective|p2a: Koraidon
|-damage|p2a: Koraidon|0 fnt
|faint|p2a: Koraidon
|-ability|p1b: Calyrex|Grim Neigh|boost
|-boost|p1b: Calyrex|spa|1
|move|p1a: Incineroar|Knock Off|p2b: Lunala
|-supereffective|p2b: Lunala
|-damage|p2b: Lunala|41/100
|-enditem|p2b: Lunala|Leftovers|[from] move: Knock Off|[of] p1a: Incineroar
|
|-weather|SunnyDay|[upkeep]
|upkeep
|turn|7
|
|t:|1750825685
|move|p1b: Calyrex|Shadow Ball|p2b: Lunala
|-supereffective|p2b: Lunala
|-damage|p2b: Lunala|0 fnt
|faint|p2b: Lunala
|
|win|Dixonkr
|raw|Dixonkr's rating: 1246 &rarr; <strong>1264</strong><br />(+18 for winning)
|raw|sycarisdag's rating: 1149 &rarr; <strong>1131</strong><br />(-18 for losing)
|l|☆sycarisdag
|player|p2|
|l|☆Dixonkr
|player|p1|
