|j|☆dinglustan
|j|☆Dakimakura69
|t:|1750867976
|gametype|doubles
|player|p1|dinglustan|169|1582
|player|p2|Dakimakura69|cynthia|1469
|teamsize|p1|6
|teamsize|p2|6
|gen|9
|tier|[Gen 9] VGC 2025 Reg I
|rated|
|rule|Species Clause: Limit one of each Pokémon
|rule|Item Clause: Limit 1 of each item
|clearpoke
|poke|p1|Miraidon, L50|
|poke|p1|Calyrex-Ice, L50|
|poke|p1|Grimmsnarl, L50, M|
|poke|p1|Incineroar, L50, M|
|poke|p1|Urshifu-*, L50, M|
|poke|p1|Sinistcha, L50|
|poke|p2|Lunala, L50|
|poke|p2|Koraidon, L50|
|poke|p2|Flutter Mane, L50|
|poke|p2|Indeedee-F, L50, F|
|poke|p2|Ogerpon-Cornerstone, L50, F|
|poke|p2|Chi-Yu, L50|
|teampreview|4
|inactive|Battle timer is ON: inactive players will automatically lose when time's up. (requested by dinglustan)
Dakimakura69 rejected open team sheets.
|inactive|dinglustan has 60 seconds left.
|inactive|Dakimakura69 has 60 seconds left.
|
|t:|1750868030
|start
|switch|p1a: Miraidon|Miraidon, L50|100/100
|switch|p1b: Grimmsnarl|Grimmsnarl, L50, M|100/100
|switch|p2a: Koraidon|Koraidon, L50|100/100
|switch|p2b: Flutter Mane|Flutter Mane, L50|100/100
|-weather|SunnyDay|[from] ability: Orichalcum Pulse|[of] p2a: Koraidon
|-activate|p2b: Flutter Mane|ability: Protosynthesis
|-start|p2b: Flutter Mane|protosynthesisspe
|-activate|p2a: Koraidon|Orichalcum Pulse|[source]
|-fieldstart|move: Electric Terrain|[from] ability: Hadron Engine|[of] p1a: Miraidon
|turn|1
|inactive|Dakimakura69 has 30 seconds left.
|
|t:|1750868059
|-terastallize|p2a: Koraidon|Fire
|move|p1b: Grimmsnarl|Light Screen|p1b: Grimmsnarl
|-sidestart|p1: dinglustan|move: Light Screen
|move|p2b: Flutter Mane|Icy Wind|p1b: Grimmsnarl|[spread] p1a,p1b
|-supereffective|p1a: Miraidon
|-damage|p1a: Miraidon|85/100
|-damage|p1b: Grimmsnarl|92/100
|-unboost|p1a: Miraidon|spe|1
|-unboost|p1b: Grimmsnarl|spe|1
|move|p2a: Koraidon|Flare Blitz|p1a: Miraidon
|-resisted|p1a: Miraidon
|-damage|p1a: Miraidon|0 fnt
|faint|p1a: Miraidon
|-damage|p2a: Koraidon|70/100|[from] Recoil
|-damage|p2a: Koraidon|60/100|[from] item: Life Orb
|
|-weather|SunnyDay|[upkeep]
|upkeep
|
|t:|1750868080
|switch|p1a: Incineroar|Incineroar, L50, M|100/100
|-ability|p1a: Incineroar|Intimidate|boost
|-unboost|p2a: Koraidon|atk|1
|-unboost|p2b: Flutter Mane|atk|1
|turn|2
|
|t:|1750868101
|-end|p2b: Flutter Mane|Protosynthesis|[silent]
|switch|p2b: Indeedee|Indeedee-F, L50, F|100/100
|-fieldstart|move: Psychic Terrain|[from] ability: Psychic Surge|[of] p2b: Indeedee
|move|p1a: Incineroar|Fake Out|p2a: Koraidon
|-activate|p2a: Koraidon|move: Psychic Terrain
|move|p1b: Grimmsnarl|Reflect|p1b: Grimmsnarl
|-sidestart|p1: dinglustan|Reflect
|move|p2a: Koraidon|Close Combat|p1a: Incineroar
|-supereffective|p1a: Incineroar
|-damage|p1a: Incineroar|28/100
|-unboost|p2a: Koraidon|def|1
|-unboost|p2a: Koraidon|spd|1
|-damage|p2a: Koraidon|51/100|[from] item: Life Orb
|
|-weather|SunnyDay|[upkeep]
|upkeep
|turn|3
|inactive|Dakimakura69 has 30 seconds left.
|
|t:|1750868126
|move|p2b: Indeedee|Follow Me|p2b: Indeedee
|-singleturn|p2b: Indeedee|move: Follow Me
|move|p2a: Koraidon|Close Combat|p1a: Incineroar
|-supereffective|p1a: Incineroar
|-damage|p1a: Incineroar|0 fnt
|-unboost|p2a: Koraidon|def|1
|-unboost|p2a: Koraidon|spd|1
|faint|p1a: Incineroar
|-damage|p2a: Koraidon|41/100|[from] item: Life Orb
|move|p1b: Grimmsnarl|Spirit Break|p2b: Indeedee
|-damage|p2b: Indeedee|72/100
|-unboost|p2b: Indeedee|spa|1
|-damage|p1b: Grimmsnarl|75/100|[from] item: Rocky Helmet|[of] p2b: Indeedee
|
|-weather|SunnyDay|[upkeep]
|upkeep
|
|t:|1750868130
|switch|p1a: Calyrex|Calyrex-Ice, L50|100/100
|-ability|p1a: Calyrex|As One
|-ability|p1a: Calyrex|Unnerve
|turn|4
|inactive|Dakimakura69 has 30 seconds left.
|inactive|Dakimakura69 has 20 seconds left.
|inactive|Dakimakura69 has 15 seconds left.
|
|t:|1750868174
|-terastallize|p1a: Calyrex|Fire
|move|p2b: Indeedee|Helping Hand|p2a: Koraidon
|-singleturn|p2a: Koraidon|Helping Hand|[of] p2b: Indeedee
|move|p2a: Koraidon|Flare Blitz|p1a: Calyrex
|-resisted|p1a: Calyrex
|-damage|p1a: Calyrex|65/100
|-damage|p2a: Koraidon|28/100|[from] Recoil
|-damage|p2a: Koraidon|18/100|[from] item: Life Orb
|move|p1a: Calyrex|Glacial Lance|p2b: Indeedee|[spread] p2a,p2b
|-resisted|p2a: Koraidon
|-damage|p2a: Koraidon|0 fnt
|-damage|p2b: Indeedee|21/100
|faint|p2a: Koraidon
|-ability|p1a: Calyrex|Chilling Neigh|boost
|-boost|p1a: Calyrex|atk|1
|move|p1b: Grimmsnarl|Spirit Break|p2b: Indeedee
|-damage|p2b: Indeedee|0 fnt
|-damage|p1b: Grimmsnarl|59/100|[from] item: Rocky Helmet|[of] p2b: Indeedee
|faint|p2b: Indeedee
|
|-weather|SunnyDay|[upkeep]
|-heal|p1a: Calyrex|70/100|[from] item: Leftovers
|upkeep
|
|t:|1750868194
|switch|p2a: Flutter Mane|Flutter Mane, L50|100/100
|switch|p2b: Lunala|Lunala, L50|100/100
|-activate|p2a: Flutter Mane|ability: Protosynthesis
|-start|p2a: Flutter Mane|protosynthesisspe
|turn|5
|
|t:|1750868211
|move|p2a: Flutter Mane|Moonblast|p1b: Grimmsnarl
|-supereffective|p1b: Grimmsnarl
|-damage|p1b: Grimmsnarl|0 fnt
|faint|p1b: Grimmsnarl
|move|p2b: Lunala|Meteor Beam||[still]
|-prepare|p2b: Lunala|Meteor Beam
|-boost|p2b: Lunala|spa|1
|-enditem|p2b: Lunala|Power Herb
|-anim|p2b: Lunala|Meteor Beam|p1a: Calyrex
|-supereffective|p1a: Calyrex
|-damage|p1a: Calyrex|8/100
|move|p1a: Calyrex|Leech Seed|p2b: Lunala
|-start|p2b: Lunala|move: Leech Seed
|
|-weather|none
|-end|p2a: Flutter Mane|Protosynthesis
|-heal|p1a: Calyrex|14/100|[from] item: Leftovers
|-damage|p2b: Lunala|88/100|[from] Leech Seed|[of] p1a: Calyrex
|-heal|p1a: Calyrex|27/100|[silent]
|upkeep
|turn|6
|inactive|Dakimakura69 has 30 seconds left.
|
|t:|1750868237
|move|p1a: Calyrex|Protect|p1a: Calyrex
|-singleturn|p1a: Calyrex|Protect
|move|p2a: Flutter Mane|Shadow Ball|p1a: Calyrex
|-activate|p1a: Calyrex|move: Protect
|move|p2b: Lunala|Moongeist Beam|p1a: Calyrex
|-activate|p1a: Calyrex|move: Protect
|
|-heal|p1a: Calyrex|33/100|[from] item: Leftovers
|-damage|p2b: Lunala|76/100|[from] Leech Seed|[of] p1a: Calyrex
|-heal|p1a: Calyrex|46/100|[silent]
|-fieldend|move: Psychic Terrain
|upkeep
|turn|7
|
|t:|1750868257
|move|p2a: Flutter Mane|Shadow Ball|p1a: Calyrex
|-damage|p1a: Calyrex|26/100
|move|p2b: Lunala|Moongeist Beam|p1a: Calyrex
|-damage|p1a: Calyrex|0 fnt
|faint|p1a: Calyrex
|
|win|Dakimakura69
|raw|dinglustan's rating: 1582 &rarr; <strong>1556</strong><br />(-26 for losing)
|raw|Dakimakura69's rating: 1469 &rarr; <strong>1495</strong><br />(+26 for winning)
|l|☆dinglustan
|player|p1|
|c|☆Dakimakura69|gg
