|j|☆vguekdk
|j|☆Funti
|t:|1750797638
|gametype|doubles
|player|p1|vguekdk|266|1511
|player|p2|Funti|101|1478
|teamsize|p1|6
|teamsize|p2|6
|gen|9
|tier|[Gen 9] VGC 2025 Reg I
|rated|
|rule|Species Clause: Limit one of each Pokémon
|rule|Item Clause: Limit 1 of each item
|clearpoke
|poke|p1|Eternatus, L50|
|poke|p1|Rillaboom, L50, F|
|poke|p1|Incineroar, L50, M|
|poke|p1|Lugia, L50|
|poke|p1|Farigiraf, L50, M|
|poke|p1|Ogerpon-Cornerstone, L50, F|
|poke|p2|Miraidon, L50|
|poke|p2|Koraidon, L50|
|poke|p2|Iron Bundle, L50|
|poke|p2|Flutter Mane, L50|
|poke|p2|Clefairy, L50, F|
|poke|p2|Incineroar, L50, F|
|teampreview|4
|inactive|Battle timer is ON: inactive players will automatically lose when time's up. (requested by vguekdk)
|inactive|Funti has 60 seconds left.
|
|t:|1750797680
|start
|switch|p1a: Rillaboom|Rillaboom, L50, F|100/100
|switch|p1b: Eternatus|Eternatus, L50|100/100
|switch|p2a: Miraidon|Miraidon, L50|100/100
|switch|p2b: Iron Bundle|Iron Bundle, L50|100/100
|-fieldstart|move: Electric Terrain|[from] ability: Hadron Engine|[of] p2a: Miraidon
|-activate|p2b: Iron Bundle|ability: Quark Drive
|-start|p2b: Iron Bundle|quarkdrivespe
|-ability|p1b: Eternatus|Pressure
|-fieldstart|move: Grassy Terrain|[from] ability: Grassy Surge|[of] p1a: Rillaboom
|-end|p2b: Iron Bundle|Quark Drive
|turn|1
|inactive|vguekdk has 30 seconds left.
|
|t:|1750797707
|move|p2a: Miraidon|Protect|p2a: Miraidon
|-singleturn|p2a: Miraidon|Protect
|move|p1a: Rillaboom|Fake Out|p2a: Miraidon
|-activate|p2a: Miraidon|move: Protect
|move|p2b: Iron Bundle|Freeze-Dry|p1a: Rillaboom
|-supereffective|p1a: Rillaboom
|-damage|p1a: Rillaboom|38/100
|move|p1b: Eternatus|Cosmic Power|p1b: Eternatus
|-boost|p1b: Eternatus|def|1
|-boost|p1b: Eternatus|spd|1
|
|-heal|p1a: Rillaboom|44/100|[from] Grassy Terrain
|upkeep
|turn|2
|inactive|Funti has 30 seconds left.
|inactive|Funti has 20 seconds left.
|
|t:|1750797743
|switch|p1a: Incineroar|Incineroar, L50, M|100/100
|-ability|p1a: Incineroar|Intimidate|boost
|-unboost|p2a: Miraidon|atk|1
|-unboost|p2b: Iron Bundle|atk|1
|-terastallize|p2a: Miraidon|Fairy
|move|p2b: Iron Bundle|Freeze-Dry|p1a: Incineroar
|-resisted|p1a: Incineroar
|-damage|p1a: Incineroar|84/100
|move|p2a: Miraidon|Dazzling Gleam|p1b: Eternatus|[spread] p1a,p1b
|-damage|p1a: Incineroar|49/100
|-damage|p1b: Eternatus|84/100
|-damage|p2a: Miraidon|91/100|[from] item: Life Orb
|move|p1b: Eternatus|Toxic|p2a: Miraidon
|-status|p2a: Miraidon|tox
|
|-heal|p2a: Miraidon|96/100 tox|[from] Grassy Terrain
|-heal|p1b: Eternatus|90/100|[from] Grassy Terrain
|-heal|p1b: Eternatus|96/100|[from] item: Black Sludge
|-heal|p1a: Incineroar|55/100|[from] Grassy Terrain
|-damage|p2a: Miraidon|91/100 tox|[from] psn
|upkeep
|turn|3
|inactive|vguekdk has 30 seconds left.
|inactive|Funti has 30 seconds left.
|
|t:|1750797772
|move|p1a: Incineroar|Fake Out|p2b: Iron Bundle
|-damage|p2b: Iron Bundle|84/100
|move|p2b: Iron Bundle|Freeze-Dry|p1b: Eternatus
|-supereffective|p1b: Eternatus
|-damage|p1b: Eternatus|64/100
|move|p2a: Miraidon|Dazzling Gleam|p1a: Incineroar|[spread] p1a,p1b
|-damage|p1a: Incineroar|22/100
|-damage|p1b: Eternatus|45/100
|-damage|p2a: Miraidon|81/100 tox|[from] item: Life Orb
|move|p1b: Eternatus|Cosmic Power|p1b: Eternatus
|-boost|p1b: Eternatus|def|1
|-boost|p1b: Eternatus|spd|1
|
|-heal|p2b: Iron Bundle|91/100|[from] Grassy Terrain
|-heal|p2a: Miraidon|87/100 tox|[from] Grassy Terrain
|-heal|p1b: Eternatus|52/100|[from] Grassy Terrain
|-heal|p1b: Eternatus|58/100|[from] item: Black Sludge
|-heal|p1a: Incineroar|28/100|[from] Grassy Terrain
|-damage|p2a: Miraidon|75/100 tox|[from] psn
|upkeep
|turn|4
|
|t:|1750797796
|move|p1b: Eternatus|Protect|p1b: Eternatus
|-singleturn|p1b: Eternatus|Protect
|move|p2b: Iron Bundle|Encore|p1b: Eternatus
|-activate|p1b: Eternatus|move: Protect
|move|p2a: Miraidon|Dazzling Gleam|p1b: Eternatus|[spread] p1a
|-activate|p1b: Eternatus|move: Protect
|-damage|p1a: Incineroar|0 fnt
|faint|p1a: Incineroar
|-damage|p2a: Miraidon|66/100 tox|[from] item: Life Orb
|
|-heal|p2b: Iron Bundle|97/100|[from] Grassy Terrain
|-heal|p2a: Miraidon|71/100 tox|[from] Grassy Terrain
|-heal|p1b: Eternatus|64/100|[from] Grassy Terrain
|-heal|p1b: Eternatus|70/100|[from] item: Black Sludge
|-damage|p2a: Miraidon|54/100 tox|[from] psn
|upkeep
|
|t:|1750797818
|switch|p1a: Lugia|Lugia, L50|100/100
|turn|5
|
|t:|1750797829
|switch|p2a: Koraidon|Koraidon, L50|100/100
|-weather|SunnyDay|[from] ability: Orichalcum Pulse|[of] p2a: Koraidon
|-activate|p2a: Koraidon|Orichalcum Pulse|[source]
|move|p2b: Iron Bundle|Encore|p1b: Eternatus
|-start|p1b: Eternatus|Encore
|move|p1b: Eternatus|Protect|p1b: Eternatus
|-singleturn|p1b: Eternatus|Protect
|move|p1a: Lugia|Psych Up|p1b: Eternatus
|-copyboost|p1a: Lugia|p1b: Eternatus|[from] move: Psych Up
|
|-weather|SunnyDay|[upkeep]
|-heal|p2b: Iron Bundle|100/100|[from] Grassy Terrain
|-heal|p1b: Eternatus|77/100|[from] Grassy Terrain
|-heal|p1b: Eternatus|83/100|[from] item: Black Sludge
|-fieldend|move: Grassy Terrain
|upkeep
|turn|6
|
|t:|1750797851
|move|p1b: Eternatus|Protect|p1b: Eternatus
|-singleturn|p1b: Eternatus|Protect
|move|p2b: Iron Bundle|Freeze-Dry|p1a: Lugia
|-supereffective|p1a: Lugia
|-damage|p1a: Lugia|90/100
|move|p2a: Koraidon|U-turn|p1a: Lugia
|-damage|p1a: Lugia|74/100
|
|t:|1750797860
|switch|p2a: Miraidon|Miraidon, L50, tera:Fairy|54/100 tox|[from] U-turn
|-fieldstart|move: Electric Terrain|[from] ability: Hadron Engine|[of] p2a: Miraidon
|-activate|p2b: Iron Bundle|ability: Quark Drive
|-start|p2b: Iron Bundle|quarkdrivespe
|move|p1a: Lugia|Aeroblast|p2a: Miraidon
|-crit|p2a: Miraidon
|-damage|p2a: Miraidon|1/100 tox
|
|-weather|SunnyDay|[upkeep]
|-heal|p1b: Eternatus|89/100|[from] item: Black Sludge
|-heal|p1a: Lugia|80/100|[from] item: Leftovers
|-damage|p2a: Miraidon|0 fnt|[from] psn
|faint|p2a: Miraidon
|upkeep
|
|t:|1750797869
|switch|p2a: Koraidon|Koraidon, L50|100/100
|-activate|p2a: Koraidon|ability: Orichalcum Pulse
|turn|7
|
|t:|1750797885
|move|p1b: Eternatus|Protect||[still]
|-fail|p1b: Eternatus
|move|p2b: Iron Bundle|Freeze-Dry|p1a: Lugia
|-supereffective|p1a: Lugia
|-damage|p1a: Lugia|59/100
|move|p2a: Koraidon|Flare Blitz|p1a: Lugia
|-crit|p1a: Lugia
|-damage|p1a: Lugia|0 fnt
|faint|p1a: Lugia
|-damage|p2a: Koraidon|78/100|[from] Recoil
|
|-weather|SunnyDay|[upkeep]
|-heal|p1b: Eternatus|95/100|[from] item: Black Sludge
|-end|p1b: Eternatus|Encore
|upkeep
|
|t:|1750797899
|switch|p1a: Rillaboom|Rillaboom, L50, F|44/100
|-fieldstart|move: Grassy Terrain|[from] ability: Grassy Surge|[of] p1a: Rillaboom
|-end|p2b: Iron Bundle|Quark Drive
|turn|8
|
|t:|1750797910
|-terastallize|p1a: Rillaboom|Grass
|move|p1a: Rillaboom|Grassy Glide|p2b: Iron Bundle
|-supereffective|p2b: Iron Bundle
|-damage|p2b: Iron Bundle|0 fnt
|faint|p2b: Iron Bundle
|-end|p2b: Iron Bundle|Quark Drive|[silent]
|move|p2a: Koraidon|Flare Blitz|p1a: Rillaboom
|-supereffective|p1a: Rillaboom
|-crit|p1a: Rillaboom
|-damage|p1a: Rillaboom|0 fnt
|faint|p1a: Rillaboom
|-damage|p2a: Koraidon|62/100|[from] Recoil
|move|p1b: Eternatus|Toxic|p2a: Koraidon
|-status|p2a: Koraidon|tox
|
|-weather|SunnyDay|[upkeep]
|-heal|p2a: Koraidon|67/100 tox|[from] Grassy Terrain
|-heal|p1b: Eternatus|100/100|[from] Grassy Terrain
|-damage|p2a: Koraidon|62/100 tox|[from] psn
|upkeep
|
|t:|1750797920
|switch|p2b: Flutter Mane|Flutter Mane, L50|100/100
|-activate|p2b: Flutter Mane|ability: Protosynthesis
|-start|p2b: Flutter Mane|protosynthesisspe
|turn|9
|
|t:|1750797941
|move|p1b: Eternatus|Protect|p1b: Eternatus
|-singleturn|p1b: Eternatus|Protect
|move|p2b: Flutter Mane|Moonblast|p1b: Eternatus
|-activate|p1b: Eternatus|move: Protect
|move|p2a: Koraidon|Flare Blitz|p1b: Eternatus
|-activate|p1b: Eternatus|move: Protect
|
|-weather|none
|-end|p2b: Flutter Mane|Protosynthesis
|-heal|p2a: Koraidon|67/100 tox|[from] Grassy Terrain
|-damage|p2a: Koraidon|56/100 tox|[from] psn
|upkeep
|turn|10
|
|t:|1750797954
|move|p2a: Koraidon|Flare Blitz|p1b: Eternatus
|-resisted|p1b: Eternatus
|-damage|p1b: Eternatus|91/100
|-damage|p2a: Koraidon|52/100 tox|[from] Recoil
|move|p2b: Flutter Mane|Moonblast|p1b: Eternatus
|-damage|p1b: Eternatus|76/100
|move|p1b: Eternatus|Toxic|p2b: Flutter Mane
|-status|p2b: Flutter Mane|tox
|
|-heal|p2a: Koraidon|58/100 tox|[from] Grassy Terrain
|-heal|p1b: Eternatus|82/100|[from] Grassy Terrain
|-heal|p1b: Eternatus|88/100|[from] item: Black Sludge
|-damage|p2b: Flutter Mane|94/100 tox|[from] psn
|-damage|p2a: Koraidon|40/100 tox|[from] psn
|upkeep
|turn|11
|inactive|Funti has 30 seconds left.
|
|t:|1750797980
|move|p1b: Eternatus|Protect|p1b: Eternatus
|-singleturn|p1b: Eternatus|Protect
|move|p2a: Koraidon|Flare Blitz|p1b: Eternatus
|-activate|p1b: Eternatus|move: Protect
|move|p2b: Flutter Mane|Icy Wind|p1b: Eternatus
|-activate|p1b: Eternatus|move: Protect
|
|-heal|p2a: Koraidon|46/100 tox|[from] Grassy Terrain
|-heal|p2b: Flutter Mane|100/100 tox|[from] Grassy Terrain
|-heal|p1b: Eternatus|95/100|[from] Grassy Terrain
|-heal|p1b: Eternatus|100/100|[from] item: Black Sludge
|-damage|p2b: Flutter Mane|88/100 tox|[from] psn
|-damage|p2a: Koraidon|23/100 tox|[from] psn
|upkeep
|turn|12
|
|t:|1750797994
|move|p2a: Koraidon|Flare Blitz|p1b: Eternatus
|-resisted|p1b: Eternatus
|-damage|p1b: Eternatus|90/100
|-damage|p2a: Koraidon|18/100 tox|[from] Recoil
|move|p2b: Flutter Mane|Icy Wind|p1b: Eternatus
|-supereffective|p1b: Eternatus
|-damage|p1b: Eternatus|76/100
|-unboost|p1b: Eternatus|spe|1
|move|p1b: Eternatus|Cosmic Power|p1b: Eternatus
|-boost|p1b: Eternatus|def|1
|-boost|p1b: Eternatus|spd|1
|
|-heal|p2a: Koraidon|24/100 tox|[from] Grassy Terrain
|-heal|p2b: Flutter Mane|94/100 tox|[from] Grassy Terrain
|-heal|p1b: Eternatus|83/100|[from] Grassy Terrain
|-heal|p1b: Eternatus|89/100|[from] item: Black Sludge
|-damage|p2b: Flutter Mane|76/100 tox|[from] psn
|-damage|p2a: Koraidon|0 fnt|[from] psn
|faint|p2a: Koraidon
|-fieldend|move: Grassy Terrain
|upkeep
|turn|13
|
|t:|1750798013
|move|p1b: Eternatus|Protect|p1b: Eternatus
|-singleturn|p1b: Eternatus|Protect
|move|p2b: Flutter Mane|Icy Wind|p1b: Eternatus
|-activate|p1b: Eternatus|move: Protect
|
|-heal|p1b: Eternatus|95/100|[from] item: Black Sludge
|-damage|p2b: Flutter Mane|51/100 tox|[from] psn
|upkeep
|turn|14
|
|t:|1750798024
|move|p2b: Flutter Mane|Icy Wind|p1b: Eternatus
|-supereffective|p1b: Eternatus
|-damage|p1b: Eternatus|85/100
|-unboost|p1b: Eternatus|spe|1
|move|p1b: Eternatus|Cosmic Power|p1b: Eternatus
|-boost|p1b: Eternatus|def|1
|-boost|p1b: Eternatus|spd|1
|
|-heal|p1b: Eternatus|91/100|[from] item: Black Sludge
|-damage|p2b: Flutter Mane|20/100 tox|[from] psn
|upkeep
|turn|15
|
|t:|1750798036
|move|p1b: Eternatus|Protect|p1b: Eternatus
|-singleturn|p1b: Eternatus|Protect
|move|p2b: Flutter Mane|Icy Wind|p1b: Eternatus
|-activate|p1b: Eternatus|move: Protect
|
|-heal|p1b: Eternatus|98/100|[from] item: Black Sludge
|-damage|p2b: Flutter Mane|0 fnt|[from] psn
|faint|p2b: Flutter Mane
|-end|p2b: Flutter Mane|Protosynthesis|[silent]
|
|win|vguekdk
|raw|vguekdk's rating: 1511 &rarr; <strong>1529</strong><br />(+18 for winning)
|raw|Funti's rating: 1478 &rarr; <strong>1460</strong><br />(-18 for losing)
|l|☆Funti
|player|p2|
