|j|☆kikback
|j|☆PalitinhoPJL
|t:|1750846545
|gametype|doubles
|player|p1|kikback|blackbelt|1242
|player|p2|PalitinhoPJL|silver|1207
|teamsize|p1|6
|teamsize|p2|6
|gen|9
|tier|[Gen 9] VGC 2025 Reg I
|rated|
|rule|Species Clause: Limit one of each Pokémon
|rule|Item Clause: Limit 1 of each item
|clearpoke
|poke|p1|Koraidon, L50|
|poke|p1|Scream Tail, L50|
|poke|p1|Gothitelle, L50, F|
|poke|p1|Jumpluff, L50, M|
|poke|p1|Miraidon, L50|
|poke|p1|Iron Bundle, L50|
|poke|p2|Calyrex-Ice, L50|
|poke|p2|Iron Valiant, L50|
|poke|p2|Porygon2, L50|
|poke|p2|Amoonguss, L50, M|
|poke|p2|Thundurus, L50, M|
|poke|p2|Palkia-Origin, L50|
|teampreview|4
|inactive|Battle timer is ON: inactive players will automatically lose when time's up. (requested by kikback)
|inactive|PalitinhoPJL has 60 seconds left.
|
|t:|1750846592
|start
|switch|p1a: Scream Tail|Scream Tail, L50|100/100
|switch|p1b: Gothitelle|Gothitelle, L50, F|100/100
|switch|p2a: Pocoto|Calyrex-Ice, L50|100/100
|switch|p2b: Sus|Amoonguss, L50, M, shiny|100/100
|-ability|p2a: Pocoto|As One
|-ability|p2a: Pocoto|Unnerve
|turn|1
|
|t:|1750846608
|move|p1a: Scream Tail|Perish Song|p1a: Scream Tail
|-start|p1a: Scream Tail|perish3|[silent]
|-start|p1b: Gothitelle|perish3|[silent]
|-start|p2a: Pocoto|perish3|[silent]
|-start|p2b: Sus|perish3|[silent]
|-fieldactivate|move: Perish Song
|move|p1b: Gothitelle|Taunt|p2a: Pocoto
|-start|p2a: Pocoto|move: Taunt
|cant|p2a: Pocoto|move: Taunt|Leech Seed
|move|p2b: Sus|Spore|p1a: Scream Tail
|-status|p1a: Scream Tail|slp|[from] move: Spore
|
|-start|p1a: Scream Tail|perish3
|-start|p1b: Gothitelle|perish3
|-start|p2a: Pocoto|perish3
|-start|p2b: Sus|perish3
|upkeep
|turn|2
|
|t:|1750846632
|cant|p1a: Scream Tail|slp
|move|p1b: Gothitelle|Protect|p1b: Gothitelle
|-singleturn|p1b: Gothitelle|Protect
|move|p2a: Pocoto|Glacial Lance|p1a: Scream Tail|[spread] p1a
|-activate|p1b: Gothitelle|move: Protect
|-damage|p1a: Scream Tail|68/100 slp
|move|p2b: Sus|Sludge Bomb|p1a: Scream Tail
|-supereffective|p1a: Scream Tail
|-damage|p1a: Scream Tail|34/100 slp
|
|-start|p1a: Scream Tail|perish2
|-start|p1b: Gothitelle|perish2
|-start|p2a: Pocoto|perish2
|-start|p2b: Sus|perish2
|upkeep
|turn|3
|inactive|PalitinhoPJL has 30 seconds left.
|
|t:|1750846664
|cant|p1a: Scream Tail|slp
|move|p1b: Gothitelle|Taunt|p2b: Sus
|-start|p2b: Sus|move: Taunt
|move|p2a: Pocoto|Glacial Lance|p1b: Gothitelle|[spread] p1a,p1b
|-damage|p1a: Scream Tail|2/100 slp
|-damage|p1b: Gothitelle|56/100
|move|p2b: Sus|Sludge Bomb|p1a: Scream Tail
|-supereffective|p1a: Scream Tail
|-damage|p1a: Scream Tail|0 fnt
|faint|p1a: Scream Tail
|-end|p1a: Scream Tail|Protosynthesis|[silent]
|
|-heal|p1b: Gothitelle|62/100|[from] item: Leftovers
|-end|p2a: Pocoto|move: Taunt
|-start|p1b: Gothitelle|perish1
|-start|p2a: Pocoto|perish1
|-start|p2b: Sus|perish1
|upkeep
|
|t:|1750846682
|switch|p1a: Koraidon|Koraidon, L50|100/100
|-weather|SunnyDay|[from] ability: Orichalcum Pulse|[of] p1a: Koraidon
|-activate|p1a: Koraidon|Orichalcum Pulse|[source]
|turn|4
|inactive|PalitinhoPJL has 30 seconds left.
|inactive|PalitinhoPJL has 20 seconds left.
|
|t:|1750846719
|move|p1a: Koraidon|Protect|p1a: Koraidon
|-singleturn|p1a: Koraidon|Protect
|move|p1b: Gothitelle|Protect|p1b: Gothitelle
|-singleturn|p1b: Gothitelle|Protect
|move|p2b: Sus|Sludge Bomb|p1a: Koraidon
|-activate|p1a: Koraidon|move: Protect
|move|p2a: Pocoto|Trick Room|p2a: Pocoto
|-fieldstart|move: Trick Room|[of] p2a: Pocoto
|
|-weather|SunnyDay|[upkeep]
|-heal|p1b: Gothitelle|68/100|[from] item: Leftovers
|-start|p2b: Sus|perish0
|-start|p2a: Pocoto|perish0
|-start|p1b: Gothitelle|perish0
|faint|p2b: Sus
|faint|p2a: Pocoto
|faint|p1b: Gothitelle
|upkeep
|
|t:|1750846732
|switch|p2b: Goat|Porygon2, L50|100/100
|switch|p2a: Samurai do futuro|Iron Valiant, L50|100/100
|switch|p1b: Iron Bundle|Iron Bundle, L50|100/100
|-ability|p2b: Goat|Download|boost
|-boost|p2b: Goat|spa|1
|-enditem|p2a: Samurai do futuro|Booster Energy
|-activate|p2a: Samurai do futuro|ability: Quark Drive|[fromitem]
|-start|p2a: Samurai do futuro|quarkdrivespe
|-enditem|p1b: Iron Bundle|Booster Energy
|-activate|p1b: Iron Bundle|ability: Quark Drive|[fromitem]
|-start|p1b: Iron Bundle|quarkdrivespe
|turn|5
|
|t:|1750846751
|-terastallize|p2b: Goat|Ghost
|-terastallize|p1a: Koraidon|Fairy
|move|p2b: Goat|Foul Play|p1a: Koraidon
|-resisted|p1a: Koraidon
|-damage|p1a: Koraidon|86/100
|move|p1a: Koraidon|Close Combat|p2b: Goat
|-immune|p2b: Goat
|move|p2a: Samurai do futuro|Spirit Break|p1a: Koraidon
|-damage|p1a: Koraidon|57/100
|-unboost|p1a: Koraidon|spa|1
|move|p1b: Iron Bundle|Icy Wind|p2a: Samurai do futuro|[spread] p2a,p2b
|-damage|p2a: Samurai do futuro|67/100
|-damage|p2b: Goat|88/100
|-unboost|p2a: Samurai do futuro|spe|1
|-unboost|p2b: Goat|spe|1
|
|-weather|SunnyDay|[upkeep]
|upkeep
|turn|6
|inactive|PalitinhoPJL has 30 seconds left.
|inactive|kikback has 30 seconds left.
|inactive|PalitinhoPJL has 20 seconds left.
|inactive|PalitinhoPJL has 15 seconds left.
|
|t:|1750846792
|move|p2b: Goat|Ice Beam|p1a: Koraidon
|-damage|p1a: Koraidon|16/100
|move|p2a: Samurai do futuro|Spirit Break|p1a: Koraidon
|-damage|p1a: Koraidon|0 fnt
|faint|p1a: Koraidon
|move|p1b: Iron Bundle|Freeze-Dry|p2a: Samurai do futuro
|-damage|p2a: Samurai do futuro|19/100
|
|-weather|SunnyDay|[upkeep]
|upkeep
|turn|7
|inactive|kikback has 30 seconds left.
|
|t:|1750846821
|move|p1b: Iron Bundle|Protect|p1b: Iron Bundle
|-singleturn|p1b: Iron Bundle|Protect
|move|p2b: Goat|Ice Beam|p1b: Iron Bundle
|-activate|p1b: Iron Bundle|move: Protect
|move|p2a: Samurai do futuro|Spirit Break|p1b: Iron Bundle
|-activate|p1b: Iron Bundle|move: Protect
|
|-weather|SunnyDay|[upkeep]
|upkeep
|turn|8
|
|t:|1750846831
|move|p1b: Iron Bundle|Protect||[still]
|-fail|p1b: Iron Bundle
|move|p2b: Goat|Ice Beam|p1b: Iron Bundle
|-resisted|p1b: Iron Bundle
|-damage|p1b: Iron Bundle|82/100
|move|p2a: Samurai do futuro|Spirit Break|p1b: Iron Bundle
|-crit|p1b: Iron Bundle
|-damage|p1b: Iron Bundle|18/100
|-unboost|p1b: Iron Bundle|spa|1
|
|-weather|none
|-fieldend|move: Trick Room
|upkeep
|turn|9
|
|t:|1750846848
|move|p1b: Iron Bundle|Hydro Pump|p2a: Samurai do futuro|[miss]
|-miss|p1b: Iron Bundle|p2a: Samurai do futuro
|move|p2a: Samurai do futuro|Spirit Break|p1b: Iron Bundle
|-damage|p1b: Iron Bundle|0 fnt
|faint|p1b: Iron Bundle
|-end|p1b: Iron Bundle|Quark Drive|[silent]
|
|win|PalitinhoPJL
|raw|kikback's rating: 1242 &rarr; <strong>1214</strong><br />(-28 for losing)
|raw|PalitinhoPJL's rating: 1207 &rarr; <strong>1235</strong><br />(+28 for winning)
|l|☆kikback
|player|p1|
|l|☆PalitinhoPJL
|player|p2|
|j|☆PalitinhoPJL
|player|p2|PalitinhoPJL|silver|
|l|☆PalitinhoPJL
|player|p2|
