|j|☆Alexfind
|j|☆crayons_7110
|t:|1750799076
|gametype|doubles
|player|p1|Alexfind|101|1365
|player|p2|crayons_7110|2|1451
|teamsize|p1|6
|teamsize|p2|6
|gen|9
|tier|[Gen 9] VGC 2025 Reg I
|rated|
|rule|Species Clause: Limit one of each Pokémon
|rule|Item Clause: Limit 1 of each item
|clearpoke
|poke|p1|Stonjourner, L50, M|
|poke|p1|Koraidon, L50|
|poke|p1|Slither Wing, L50|
|poke|p1|Roaring Moon, L50|
|poke|p1|Ursaluna-Bloodmoon, L50, M|
|poke|p1|Calyrex-Shadow, L50|
|poke|p2|Kyogre, L50|
|poke|p2|Zacian-*, L50|
|poke|p2|Amoonguss, L50, F|
|poke|p2|Incineroar, L50, F|
|poke|p2|Urshifu-*, L50, F|
|poke|p2|Farigiraf, L50, F|
|teampreview|4
|inactive|Battle timer is ON: inactive players will automatically lose when time's up. (requested by crayons_7110)
|inactive|crayons_7110 has 60 seconds left.
|
|t:|1750799128
|start
|switch|p1a: Koraidon|Koraidon, L50|100/100
|switch|p1b: Stonjourner|Stonjourner, L50, M|100/100
|switch|p2a: Zacian|Zacian-Crowned, L50|100/100
|switch|p2b: Incineroar|Incineroar, L50, F|100/100
|-weather|SunnyDay|[from] ability: Orichalcum Pulse|[of] p1a: Koraidon
|-activate|p1a: Koraidon|Orichalcum Pulse|[source]
|-ability|p2a: Zacian|Intrepid Sword|boost
|-boost|p2a: Zacian|atk|1
|-ability|p2b: Incineroar|Intimidate|boost
|-unboost|p1a: Koraidon|atk|1
|-unboost|p1b: Stonjourner|atk|1
|turn|1
|inactive|Alexfind has 30 seconds left.
|inactive|crayons_7110 has 30 seconds left.
|inactive|crayons_7110 has 20 seconds left.
|inactive|Alexfind has 20 seconds left.
|inactive|crayons_7110 has 15 seconds left.
|inactive|Alexfind has 15 seconds left.
|inactive|crayons_7110 has 10 seconds left.
|inactive|Alexfind has 10 seconds left.
|inactive|Alexfind has 5 seconds left.
|
|t:|1750799184
|-terastallize|p1a: Koraidon|Fire
|move|p2b: Incineroar|Fake Out|p1a: Koraidon
|-damage|p1a: Koraidon|91/100
|cant|p1a: Koraidon|flinch
|move|p2a: Zacian|Sacred Sword|p1b: Stonjourner
|-supereffective|p1b: Stonjourner
|-damage|p1b: Stonjourner|40/100
|move|p1b: Stonjourner|Bulldoze|p2a: Zacian|[spread] p1a,p2a,p2b
|-supereffective|p1a: Koraidon
|-supereffective|p2a: Zacian
|-supereffective|p2b: Incineroar
|-damage|p1a: Koraidon|75/100
|-damage|p2a: Zacian|86/100
|-damage|p2b: Incineroar|86/100
|-unboost|p1a: Koraidon|spe|1
|-unboost|p2a: Zacian|spe|1
|-unboost|p2b: Incineroar|spe|1
|
|-weather|SunnyDay|[upkeep]
|upkeep
|turn|2
|inactive|Alexfind has 30 seconds left.
|inactive|crayons_7110 has 30 seconds left.
|
|t:|1750799212
|move|p2a: Zacian|Protect|p2a: Zacian
|-singleturn|p2a: Zacian|Protect
|move|p1a: Koraidon|U-turn|p2b: Incineroar
|-damage|p2b: Incineroar|65/100
|
|t:|1750799218
|switch|p1a: Ursaluna|Ursaluna-Bloodmoon, L50, M|100/100|[from] U-turn
|move|p1b: Stonjourner|Body Press|p2b: Incineroar
|-supereffective|p2b: Incineroar
|-damage|p2b: Incineroar|21/100
|move|p2b: Incineroar|Parting Shot|p1a: Ursaluna
|-unboost|p1a: Ursaluna|atk|1
|-unboost|p1a: Ursaluna|spa|1
|
|t:|1750799228
|switch|p2b: Kyogre|Kyogre, L50|100/100|[from] Parting Shot
|-weather|RainDance|[from] ability: Drizzle|[of] p2b: Kyogre
|
|-weather|RainDance|[upkeep]
|upkeep
|turn|3
|
|t:|1750799244
|switch|p2a: Incineroar|Incineroar, L50, F|21/100
|-ability|p2a: Incineroar|Intimidate|boost
|-unboost|p1a: Ursaluna|atk|1
|-unboost|p1b: Stonjourner|atk|1
|move|p1b: Stonjourner|Wide Guard|p1b: Stonjourner
|-singleturn|p1b: Stonjourner|Wide Guard
|move|p2b: Kyogre|Water Spout|p1a: Ursaluna|[spread] 
|-activate|p1a: Ursaluna|move: Wide Guard
|-activate|p1b: Stonjourner|move: Wide Guard
|move|p1a: Ursaluna|Earth Power|p2a: Incineroar
|-supereffective|p2a: Incineroar
|-damage|p2a: Incineroar|0 fnt
|faint|p2a: Incineroar
|-damage|p1a: Ursaluna|90/100|[from] item: Life Orb
|
|-weather|RainDance|[upkeep]
|upkeep
|
|t:|1750799251
|switch|p2a: Urshifu|Urshifu-Rapid-Strike, L50, F|100/100
|turn|4
|
|t:|1750799262
|switch|p1a: Koraidon|Koraidon, L50, tera:Fire|75/100
|-weather|SunnyDay|[from] ability: Orichalcum Pulse|[of] p1a: Koraidon
|-activate|p1a: Koraidon|Orichalcum Pulse|[source]
|move|p1b: Stonjourner|Wide Guard|p1b: Stonjourner
|-singleturn|p1b: Stonjourner|Wide Guard
|move|p2b: Kyogre|Water Spout|p1b: Stonjourner|[spread] 
|-activate|p1a: Koraidon|move: Wide Guard
|-activate|p1b: Stonjourner|move: Wide Guard
|move|p2a: Urshifu|Surging Strikes|p1a: Koraidon
|-supereffective|p1a: Koraidon
|-crit|p1a: Koraidon
|-damage|p1a: Koraidon|56/100
|-supereffective|p1a: Koraidon
|-crit|p1a: Koraidon
|-damage|p1a: Koraidon|39/100
|-supereffective|p1a: Koraidon
|-crit|p1a: Koraidon
|-damage|p1a: Koraidon|19/100
|-hitcount|p1a: Koraidon|3
|
|-weather|SunnyDay|[upkeep]
|upkeep
|turn|5
|inactive|Alexfind has 30 seconds left.
|
|t:|1750799296
|switch|p2b: Zacian|Zacian-Crowned, L50|86/100
|-terastallize|p2a: Urshifu|Water
|move|p1b: Stonjourner|Wide Guard|p1b: Stonjourner
|-singleturn|p1b: Stonjourner|Wide Guard
|move|p2a: Urshifu|Aqua Jet|p1a: Koraidon
|-supereffective|p1a: Koraidon
|-damage|p1a: Koraidon|0 fnt
|faint|p1a: Koraidon
|
|-weather|SunnyDay|[upkeep]
|upkeep
|
|t:|1750799307
|switch|p1a: Calyrex|Calyrex-Shadow, L50|100/100
|-ability|p1a: Calyrex|As One
|-ability|p1a: Calyrex|Unnerve
|turn|6
|
|t:|1750799326
|move|p1a: Calyrex|Astral Barrage|p2b: Zacian|[spread] p2a,p2b
|-enditem|p2a: Urshifu|Focus Sash
|-damage|p2a: Urshifu|1/100
|-damage|p2b: Zacian|0 fnt
|faint|p2b: Zacian
|-ability|p1a: Calyrex|Grim Neigh|boost
|-boost|p1a: Calyrex|spa|1
|move|p2a: Urshifu|Surging Strikes|p1a: Calyrex
|-crit|p1a: Calyrex
|-damage|p1a: Calyrex|83/100
|-crit|p1a: Calyrex
|-damage|p1a: Calyrex|66/100
|-crit|p1a: Calyrex
|-damage|p1a: Calyrex|49/100
|-hitcount|p1a: Calyrex|3
|move|p1b: Stonjourner|Body Press|p2a: Urshifu
|-damage|p2a: Urshifu|0 fnt
|faint|p2a: Urshifu
|
|-weather|SunnyDay|[upkeep]
|upkeep
|
|t:|1750799332
|switch|p2b: Kyogre|Kyogre, L50|100/100
|-weather|RainDance|[from] ability: Drizzle|[of] p2b: Kyogre
|turn|7
|
|t:|1750799342
|move|p1b: Stonjourner|Wide Guard|p1b: Stonjourner
|-singleturn|p1b: Stonjourner|Wide Guard
|move|p2b: Kyogre|Ice Beam|p1a: Calyrex
|-damage|p1a: Calyrex|15/100
|-status|p1a: Calyrex|frz
|cant|p1a: Calyrex|frz
|
|-weather|RainDance|[upkeep]
|upkeep
|turn|8
|
|t:|1750799350
|move|p2b: Kyogre|Ice Beam|p1a: Calyrex
|-damage|p1a: Calyrex|0 fnt
|faint|p1a: Calyrex
|move|p1b: Stonjourner|Bulldoze|p2b: Kyogre
|-damage|p2b: Kyogre|90/100
|-unboost|p2b: Kyogre|spe|1
|
|-weather|RainDance|[upkeep]
|upkeep
|
|t:|1750799353
|switch|p1a: Ursaluna|Ursaluna-Bloodmoon, L50, M|90/100
|turn|9
|
|t:|1750799361
|move|p1a: Ursaluna|Protect|p1a: Ursaluna
|-singleturn|p1a: Ursaluna|Protect
|move|p2b: Kyogre|Ice Beam|p1a: Ursaluna
|-activate|p1a: Ursaluna|move: Protect
|move|p1b: Stonjourner|Bulldoze|p2b: Kyogre|[spread] p2b
|-activate|p1a: Ursaluna|move: Protect
|-damage|p2b: Kyogre|82/100
|-unboost|p2b: Kyogre|spe|1
|
|-weather|RainDance|[upkeep]
|upkeep
|turn|10
|
|t:|1750799374
|move|p1b: Stonjourner|Body Press|p2b: Kyogre
|-damage|p2b: Kyogre|52/100
|move|p2b: Kyogre|Ice Beam|p1a: Ursaluna
|-supereffective|p1a: Ursaluna
|-crit|p1a: Ursaluna
|-damage|p1a: Ursaluna|0 fnt
|faint|p1a: Ursaluna
|
|-weather|RainDance|[upkeep]
|upkeep
|turn|11
|
|t:|1750799381
|move|p1b: Stonjourner|Body Press|p2b: Kyogre
|-damage|p2b: Kyogre|20/100
|move|p2b: Kyogre|Ice Beam|p1b: Stonjourner
|-damage|p1b: Stonjourner|0 fnt
|faint|p1b: Stonjourner
|
|win|crayons_7110
|raw|Alexfind's rating: 1365 &rarr; <strong>1350</strong><br />(-15 for losing)
|raw|crayons_7110's rating: 1451 &rarr; <strong>1466</strong><br />(+15 for winning)
|l|☆Alexfind
|player|p1|
|l|☆crayons_7110
|player|p2|
