|j|☆Drumline2OP
|j|☆tyranitar7979
|t:|1750859694
|gametype|doubles
|player|p1|Drumline2OP|dragontamer|1294
|player|p2|tyranitar7979|red|1299
|teamsize|p1|6
|teamsize|p2|6
|gen|9
|tier|[Gen 9] VGC 2025 Reg I
|rated|
|rule|Species Clause: Limit one of each Pokémon
|rule|Item Clause: Limit 1 of each item
|clearpoke
|poke|p1|Rhyperior, L50, F|
|poke|p1|Chien-Pao, L50|
|poke|p1|Calyrex-Ice, L50|
|poke|p1|Garganacl, L50, F|
|poke|p1|Zacian-*, L50|
|poke|p1|Landorus, L50, M|
|poke|p2|Kyogre, L50|
|poke|p2|Zamazenta-*, L50|
|poke|p2|Rillaboom, L50, F|
|poke|p2|Regieleki, L50|
|poke|p2|Urshifu-*, L50, M|
|poke|p2|Incineroar, L50, F|
|teampreview|4
|inactive|Battle timer is ON: inactive players will automatically lose when time's up. (requested by tyranitar7979)
tyranitar7979 rejected open team sheets.
|
|t:|1750859734
|start
|switch|p1a: Zacian|Zacian, L50|100/100
|switch|p1b: Garganacl|Garganacl, L50, F|100/100
|switch|p2a: Zamazenta|Zamazenta-Crowned, L50|100/100
|switch|p2b: Kyogre|Kyogre, L50|100/100
|-ability|p1a: Zacian|Intrepid Sword|boost
|-boost|p1a: Zacian|atk|1
|-ability|p2a: Zamazenta|Dauntless Shield|boost
|-boost|p2a: Zamazenta|def|1
|-weather|RainDance|[from] ability: Drizzle|[of] p2b: Kyogre
|turn|1
|inactive|tyranitar7979 has 30 seconds left.
|
|t:|1750859759
|-terastallize|p1b: Garganacl|Ghost
|move|p1b: Garganacl|Wide Guard|p1b: Garganacl
|-singleturn|p1b: Garganacl|Wide Guard
|move|p1a: Zacian|Play Rough|p2b: Kyogre
|-damage|p2b: Kyogre|48/100
|move|p2a: Zamazenta|Behemoth Bash|p1a: Zacian
|-supereffective|p1a: Zacian
|-damage|p1a: Zacian|18/100
|move|p2b: Kyogre|Origin Pulse|p1a: Zacian|[spread] 
|-activate|p1a: Zacian|move: Wide Guard
|-activate|p1b: Garganacl|move: Wide Guard
|
|-weather|RainDance|[upkeep]
|upkeep
|turn|2
|
|t:|1750859776
|move|p1a: Zacian|Play Rough|p2b: Kyogre
|-crit|p2b: Kyogre
|-damage|p2b: Kyogre|0 fnt
|faint|p2b: Kyogre
|move|p2a: Zamazenta|Behemoth Bash|p1a: Zacian
|-supereffective|p1a: Zacian
|-damage|p1a: Zacian|0 fnt
|faint|p1a: Zacian
|move|p1b: Garganacl|Iron Defense|p1b: Garganacl
|-boost|p1b: Garganacl|def|2
|
|-weather|RainDance|[upkeep]
|upkeep
|
|t:|1750859788
|switch|p1a: Chien-Pao|Chien-Pao, L50|100/100
|switch|p2b: Urshifu|Urshifu-Rapid-Strike, L50, M|100/100
|-ability|p1a: Chien-Pao|Sword of Ruin
|turn|3
|
|t:|1750859800
|-terastallize|p2b: Urshifu|Water
|move|p1a: Chien-Pao|Sacred Sword|p2b: Urshifu
|-damage|p2b: Urshifu|59/100
|move|p2a: Zamazenta|Body Press|p1a: Chien-Pao
|-supereffective|p1a: Chien-Pao
|-enditem|p1a: Chien-Pao|Focus Sash
|-damage|p1a: Chien-Pao|1/100
|move|p2b: Urshifu|Surging Strikes|p1b: Garganacl
|-crit|p1b: Garganacl
|-damage|p1b: Garganacl|43/100
|-crit|p1b: Garganacl
|-damage|p1b: Garganacl|0 fnt
|faint|p1b: Garganacl
|-hitcount|p1: Garganacl|2
|
|-weather|RainDance|[upkeep]
|upkeep
|
|t:|1750859815
|switch|p1b: Calyrex|Calyrex-Ice, L50|100/100
|-ability|p1b: Calyrex|As One
|-ability|p1b: Calyrex|Unnerve
|turn|4
|
|t:|1750859828
|switch|p2b: Incineroar|Incineroar, L50, F|100/100
|-ability|p2b: Incineroar|Intimidate|boost
|-unboost|p1a: Chien-Pao|atk|1
|-unboost|p1b: Calyrex|atk|1
|move|p2a: Zamazenta|Protect|p2a: Zamazenta
|-singleturn|p2a: Zamazenta|Protect
|move|p1a: Chien-Pao|Sucker Punch||[still]
|-fail|p1a: Chien-Pao
|move|p1b: Calyrex|Trick Room|p1b: Calyrex
|-fieldstart|move: Trick Room|[of] p1b: Calyrex
|
|-weather|RainDance|[upkeep]
|upkeep
|turn|5
|inactive|tyranitar7979 has 30 seconds left.
|
|t:|1750859853
|move|p1a: Chien-Pao|Protect|p1a: Chien-Pao
|-singleturn|p1a: Chien-Pao|Protect
|move|p1b: Calyrex|Glacial Lance|p2b: Incineroar|[spread] p2a,p2b
|-resisted|p2a: Zamazenta
|-resisted|p2b: Incineroar
|-damage|p2a: Zamazenta|91/100
|-damage|p2b: Incineroar|77/100
|move|p2b: Incineroar|Knock Off|p1b: Calyrex
|-supereffective|p1b: Calyrex
|-damage|p1b: Calyrex|30/100
|-damage|p2b: Incineroar|61/100|[from] item: Rocky Helmet|[of] p1b: Calyrex
|-enditem|p1b: Calyrex|Rocky Helmet|[from] move: Knock Off|[of] p2b: Incineroar
|move|p2a: Zamazenta|Body Press|p1b: Calyrex
|-damage|p1b: Calyrex|0 fnt
|faint|p1b: Calyrex
|
|-weather|none
|upkeep
|turn|6
|
|t:|1750859877
|move|p1a: Chien-Pao|Sucker Punch|p2b: Incineroar
|-resisted|p2b: Incineroar
|-damage|p2b: Incineroar|46/100
|-damage|p1a: Chien-Pao|0 fnt|[from] item: Rocky Helmet|[of] p2b: Incineroar
|faint|p1a: Chien-Pao
|
|win|tyranitar7979
|raw|Drumline2OP's rating: 1294 &rarr; <strong>1269</strong><br />(-25 for losing)
|raw|tyranitar7979's rating: 1299 &rarr; <strong>1324</strong><br />(+25 for winning)
|l|☆Drumline2OP
|player|p1|
|l|☆tyranitar7979
|player|p2|
