|j|☆pk30
|j|☆Wishmkroro
|t:|1750734308
|gametype|doubles
|player|p1|pk30|2|1190
|player|p2|Wishmkroro|caitlin|1246
|teamsize|p1|6
|teamsize|p2|6
|gen|9
|tier|[Gen 9] VGC 2025 Reg I
|rated|
|rule|Species Clause: Limit one of each Pokémon
|rule|Item Clause: Limit 1 of each item
|clearpoke
|poke|p1|Calyrex-Shadow, L50|
|poke|p1|Zamazenta-*, L50|
|poke|p1|Smeargle, L50, F|
|poke|p1|Incineroar, L50, F|
|poke|p1|Rillaboom, L50, F|
|poke|p1|Ogerpon-Hearthflame, L50, F|
|poke|p2|Calyrex-Ice, L50|
|poke|p2|Smeargle, L50, M|
|poke|p2|Indeedee, L50, M|
|poke|p2|Gastrodon, L50, M|
|poke|p2|Dialga-Origin, L50|
|poke|p2|Skeledirge, L50, F|
|teampreview|4
|inactive|Battle timer is ON: inactive players will automatically lose when time's up. (requested by Wishmkroro)
Wishmkroro rejected open team sheets.
|
|t:|1750734333
|start
|switch|p1a: Calyrex|Calyrex-Shadow, L50|100/100
|switch|p1b: Smeargle|Smeargle, L50, F|100/100
|switch|p2a: Indeedee|Indeedee, L50, M|100/100
|switch|p2b: Dialga|Dialga-Origin, L50, shiny|100/100
|-ability|p1a: Calyrex|As One
|-ability|p1a: Calyrex|Unnerve
|-fieldstart|move: Psychic Terrain|[from] ability: Psychic Surge|[of] p2a: Indeedee
|-ability|p2b: Dialga|Pressure
|turn|1
|inactive|pk30 has 30 seconds left.
|
|t:|1750734362
|switch|p1b: Rillaboom|Rillaboom, L50, F|100/100
|-fieldstart|move: Grassy Terrain|[from] ability: Grassy Surge|[of] p1b: Rillaboom
|move|p1a: Calyrex|Protect|p1a: Calyrex
|-singleturn|p1a: Calyrex|Protect
|move|p2a: Indeedee|Expanding Force|p1b: Rillaboom
|-damage|p1b: Rillaboom|79/100
|move|p2b: Dialga|Trick Room|p2b: Dialga
|-fieldstart|move: Trick Room|[of] p2b: Dialga
|
|-heal|p1b: Rillaboom|85/100|[from] Grassy Terrain
|upkeep
|turn|2
|inactive|pk30 has 30 seconds left.
|
|t:|1750734394
|switch|p1a: Smeargle|Smeargle, L50, F|100/100
|move|p2b: Dialga|Protect|p2b: Dialga
|-singleturn|p2b: Dialga|Protect
|move|p2a: Indeedee|Protect|p2a: Indeedee
|-singleturn|p2a: Indeedee|Protect
|move|p1b: Rillaboom|Wood Hammer|p2a: Indeedee
|-activate|p2a: Indeedee|move: Protect
|
|-heal|p1b: Rillaboom|90/100|[from] Grassy Terrain
|-ability|p1a: Smeargle|Moody|boost
|-boost|p1a: Smeargle|spe|2
|-unboost|p1a: Smeargle|spd|1
|upkeep
|turn|3
|inactive|pk30 has 30 seconds left.
|
|t:|1750734419
|move|p1a: Smeargle|Fake Out|p2b: Dialga
|-resisted|p2b: Dialga
|-damage|p2b: Dialga|99/100
|cant|p2b: Dialga|flinch
|move|p2a: Indeedee|Expanding Force|p1a: Smeargle
|-enditem|p1a: Smeargle|Focus Sash
|-damage|p1a: Smeargle|1/100
|move|p1b: Rillaboom|Wood Hammer|p2a: Indeedee
|-damage|p2a: Indeedee|17/100
|-damage|p1b: Rillaboom|68/100|[from] Recoil
|
|-heal|p2b: Dialga|100/100|[from] Grassy Terrain
|-heal|p2a: Indeedee|23/100|[from] Grassy Terrain
|-heal|p1b: Rillaboom|74/100|[from] Grassy Terrain
|-heal|p1a: Smeargle|7/100|[from] Grassy Terrain
|-ability|p1a: Smeargle|Moody|boost
|-boost|p1a: Smeargle|spd|2
|-unboost|p1a: Smeargle|spe|1
|upkeep
|turn|4
|inactive|pk30 has 30 seconds left.
|
|t:|1750734448
|move|p1a: Smeargle|Follow Me|p1a: Smeargle
|-singleturn|p1a: Smeargle|move: Follow Me
|move|p2b: Dialga|Dragon Pulse|p1a: Smeargle
|-damage|p1a: Smeargle|0 fnt
|faint|p1a: Smeargle
|move|p2a: Indeedee|Expanding Force|p1b: Rillaboom
|-damage|p1b: Rillaboom|53/100
|move|p1b: Rillaboom|Wood Hammer|p2a: Indeedee
|-damage|p2a: Indeedee|0 fnt
|faint|p2a: Indeedee
|-damage|p1b: Rillaboom|47/100|[from] Recoil
|
|-heal|p1b: Rillaboom|53/100|[from] Grassy Terrain
|upkeep
|
|t:|1750734476
|switch|p2a: Skeledirge|Skeledirge, L50, F, shiny|100/100
|switch|p1a: Ogerpon|Ogerpon-Hearthflame, L50, F|100/100
|-ability|p1a: Ogerpon|Mold Breaker
|turn|5
|
|t:|1750734493
|switch|p1b: Calyrex|Calyrex-Shadow, L50|100/100
|-ability|p1b: Calyrex|As One
|-ability|p1b: Calyrex|Unnerve
|-terastallize|p1a: Ogerpon|Fire
|detailschange|p1a: Ogerpon|Ogerpon-Hearthflame-Tera, L50, F, tera:Fire
|-ability|p1a: Ogerpon|Embody Aspect (Hearthflame)|boost
|-boost|p1a: Ogerpon|atk|1
|move|p2a: Skeledirge|Torch Song|p1b: Calyrex
|-damage|p1b: Calyrex|65/100
|-boost|p2a: Skeledirge|spa|1
|move|p2b: Dialga|Dragon Pulse|p1a: Ogerpon
|-damage|p1a: Ogerpon|33/100
|move|p1a: Ogerpon|Ivy Cudgel|p2a: Skeledirge|[anim] Ivy Cudgel Fire
|-resisted|p2a: Skeledirge
|-damage|p2a: Skeledirge|67/100
|
|-heal|p2a: Skeledirge|73/100|[from] Grassy Terrain
|-heal|p1a: Ogerpon|40/100|[from] Grassy Terrain
|-heal|p1b: Calyrex|71/100|[from] Grassy Terrain
|-fieldend|move: Trick Room
|-fieldend|move: Grassy Terrain
|upkeep
|turn|6
|inactive|pk30 has 30 seconds left.
|inactive|Wishmkroro has 30 seconds left.
|
|t:|1750734522
|move|p2a: Skeledirge|Protect|p2a: Skeledirge
|-singleturn|p2a: Skeledirge|Protect
|move|p1b: Calyrex|Astral Barrage|p2a: Skeledirge|[spread] p2b
|-activate|p2a: Skeledirge|move: Protect
|-damage|p2b: Dialga|50/100
|-damage|p1b: Calyrex|61/100|[from] item: Life Orb
|move|p1a: Ogerpon|Ivy Cudgel|p2b: Dialga|[anim] Ivy Cudgel Fire
|-damage|p2b: Dialga|0 fnt
|faint|p2b: Dialga
|
|upkeep
|
|t:|1750734536
|switch|p2b: Calyrex|Calyrex-Ice, L50|100/100
|-ability|p2b: Calyrex|As One
|-ability|p2b: Calyrex|Unnerve
|turn|7
|
|t:|1750734553
|-terastallize|p2a: Skeledirge|Dark
|move|p2b: Calyrex|Protect|p2b: Calyrex
|-singleturn|p2b: Calyrex|Protect
|move|p1b: Calyrex|Astral Barrage|p2b: Calyrex|[spread] p2a
|-activate|p2b: Calyrex|move: Protect
|-resisted|p2a: Skeledirge
|-damage|p2a: Skeledirge|41/100
|-damage|p1b: Calyrex|52/100|[from] item: Life Orb
|move|p1a: Ogerpon|Ivy Cudgel|p2a: Skeledirge|[anim] Ivy Cudgel Fire
|-damage|p2a: Skeledirge|0 fnt
|faint|p2a: Skeledirge
|
|upkeep
|turn|8
|-message|Wishmkroro forfeited.
|
|win|pk30
|raw|pk30's rating: 1190 &rarr; <strong>1219</strong><br />(+29 for winning)
|raw|Wishmkroro's rating: 1246 &rarr; <strong>1217</strong><br />(-29 for losing)
|l|☆Wishmkroro
|player|p2|
|l|☆pk30
|player|p1|
