|j|☆gui2xx
|j|☆turtmcskirt
|t:|1750800158
|gametype|doubles
|player|p1|gui2xx|preschoolerf|1150
|player|p2|turtmcskirt|101|1088
|teamsize|p1|6
|teamsize|p2|6
|gen|9
|tier|[Gen 9] VGC 2025 Reg I
|rated|
|rule|Species Clause: Limit one of each Pokémon
|rule|Item Clause: Limit 1 of each item
|clearpoke
|poke|p1|Miraidon, L50|
|poke|p1|Iron Crown, L50|
|poke|p1|Meowstic, L50, M|
|poke|p1|Calyrex-Shadow, L50|
|poke|p1|Rhyperior, L50, M|
|poke|p1|Farigiraf, L50, F|
|poke|p2|Zacian-*, L50|
|poke|p2|Lugia, L50|
|poke|p2|Honchkrow, L50, F|
|poke|p2|Haxorus, L50, F|
|poke|p2|Gholdengo, L50|
|poke|p2|Okidogi, L50, M|
|teampreview|4
|inactive|Battle timer is ON: inactive players will automatically lose when time's up. (requested by gui2xx)
|
|t:|1750800187
|start
|switch|p1a: Miraidon|Miraidon, L50|100/100
|switch|p1b: Iron Crown|Iron Crown, L50|100/100
|switch|p2a: Haxorus|Haxorus, L50, F|100/100
|switch|p2b: Lugia|Lugia, L50|100/100
|-fieldstart|move: Electric Terrain|[from] ability: Hadron Engine|[of] p1a: Miraidon
|-activate|p1b: Iron Crown|ability: Quark Drive
|-start|p1b: Iron Crown|quarkdrivespe
|-ability|p2a: Haxorus|Mold Breaker
|turn|1
|
|t:|1750800205
|-terastallize|p2a: Haxorus|Bug
|move|p2b: Lugia|Helping Hand|p2a: Haxorus
|-singleturn|p2a: Haxorus|Helping Hand|[of] p2b: Lugia
|move|p2a: Haxorus|First Impression|p1a: Miraidon
|-damage|p1a: Miraidon|0 fnt
|faint|p1a: Miraidon
|move|p1b: Iron Crown|Volt Switch|p2b: Lugia
|-supereffective|p2b: Lugia
|-damage|p2b: Lugia|77/100
|
|t:|1750800224
|-end|p1b: Iron Crown|Quark Drive|[silent]
|switch|p1b: Rhyperior|Rhyperior, L50, M|100/100|[from] Volt Switch
|
|upkeep
|
|t:|1750800232
|switch|p1a: Iron Crown|Iron Crown, L50|100/100
|-activate|p1a: Iron Crown|ability: Quark Drive
|-start|p1a: Iron Crown|quarkdrivespe
|turn|2
|inactive|gui2xx has 30 seconds left.
|
|t:|1750800266
|switch|p2a: Okidogi|Okidogi, L50, M|100/100
|-terastallize|p1b: Rhyperior|Water
|move|p1a: Iron Crown|Flash Cannon|p2a: Okidogi
|-damage|p2a: Okidogi|29/100
|-unboost|p2a: Okidogi|spd|1
|move|p2b: Lugia|Recover|p2b: Lugia
|-heal|p2b: Lugia|100/100
|move|p1b: Rhyperior|Rock Blast|p2b: Lugia
|-supereffective|p2b: Lugia
|-damage|p2b: Lugia|85/100
|-supereffective|p2b: Lugia
|-damage|p2b: Lugia|57/100
|-supereffective|p2b: Lugia
|-damage|p2b: Lugia|29/100
|-supereffective|p2b: Lugia
|-damage|p2b: Lugia|0 fnt
|faint|p2b: Lugia
|-hitcount|p2: Lugia|4
|
|upkeep
|
|t:|1750800283
|switch|p2b: Haxorus|Haxorus, L50, F, tera:Bug|100/100
|-ability|p2b: Haxorus|Mold Breaker
|turn|3
|
|t:|1750800302
|move|p2b: Haxorus|First Impression|p1a: Iron Crown
|-damage|p1a: Iron Crown|20/100
|move|p1a: Iron Crown|Flash Cannon|p2a: Okidogi
|-damage|p2a: Okidogi|0 fnt
|faint|p2a: Okidogi
|move|p1b: Rhyperior|Rock Blast|p2b: Haxorus
|-supereffective|p2b: Haxorus
|-damage|p2b: Haxorus|45/100
|-supereffective|p2b: Haxorus
|-damage|p2b: Haxorus|0 fnt
|faint|p2b: Haxorus
|-hitcount|p2: Haxorus|2
|
|upkeep
|
|t:|1750800305
|switch|p2b: Zacian|Zacian-Crowned, L50|100/100
|-ability|p2b: Zacian|Intrepid Sword|boost
|-boost|p2b: Zacian|atk|1
|turn|4
|
|t:|1750800329
|switch|p1b: Farigiraf|Farigiraf, L50, F|100/100
|move|p1a: Iron Crown|Flash Cannon|p2b: Zacian
|-damage|p2b: Zacian|57/100
|move|p2b: Zacian|Play Rough|p1b: Farigiraf
|-damage|p1b: Farigiraf|30/100
|
|-heal|p1b: Farigiraf|37/100|[from] item: Leftovers
|upkeep
|turn|5
|-message|turtmcskirt forfeited.
|
|win|gui2xx
|raw|gui2xx's rating: 1150 &rarr; <strong>1171</strong><br />(+21 for winning)
|raw|turtmcskirt's rating: 1088 &rarr; <strong>1069</strong><br />(-19 for losing)
|l|☆turtmcskirt
|player|p2|
|l|☆gui2xx
|player|p1|
