|j|☆Jakobwsmurfing
|j|☆Raju7024716947
|t:|1750772189
|gametype|doubles
|player|p1|Jakobwsmurfing|102|1246
|player|p2|Raju7024716947|iris-gen5bw2|1324
|teamsize|p1|6
|teamsize|p2|6
|gen|9
|tier|[Gen 9] VGC 2025 Reg I
|rated|
|rule|Species Clause: Limit one of each Pokémon
|rule|Item Clause: Limit 1 of each item
|clearpoke
|poke|p1|Giratina, L50|
|poke|p1|Miraidon, L50|
|poke|p1|Rillaboom, L50, M|
|poke|p1|Incineroar, L50, M|
|poke|p1|Pelipper, L50, M|
|poke|p1|Iron Boulder, L50|
|poke|p2|Calyrex-Shadow, L50|
|poke|p2|Koraidon, L50|
|poke|p2|Incineroar, L50, M|
|poke|p2|Ogerpon-Hearthflame, L50, F|
|poke|p2|Rillaboom, L50, M|
|poke|p2|Clefairy, L50, M|
|teampreview|4
|inactive|Battle timer is ON: inactive players will automatically lose when time's up. (requested by Jakobwsmurfing)
|
|t:|1750772234
|start
|switch|p1a: Miraidon|Miraidon, L50|100/100
|switch|p1b: Giratina|Giratina, L50|100/100
|switch|p2a: Calyrex|Calyrex-Shadow, L50|100/100
|switch|p2b: Incineroar|Incineroar, L50, M|100/100
|-ability|p2a: Calyrex|As One
|-ability|p2a: Calyrex|Unnerve
|-fieldstart|move: Electric Terrain|[from] ability: Hadron Engine|[of] p1a: Miraidon
|-enditem|p1b: Giratina|Electric Seed
|-boost|p1b: Giratina|def|1|[from] item: Electric Seed
|-ability|p2b: Incineroar|Intimidate|boost
|-unboost|p1a: Miraidon|atk|1
|-unboost|p1b: Giratina|atk|1
|turn|1
|
|t:|1750772255
|switch|p1a: Incineroar|Incineroar, L50, M|100/100
|-ability|p1a: Incineroar|Intimidate|boost
|-unboost|p2a: Calyrex|atk|1
|-unboost|p2b: Incineroar|atk|1
|-terastallize|p2a: Calyrex|Dark
|move|p1b: Giratina|Protect|p1b: Giratina
|-singleturn|p1b: Giratina|Protect
|move|p2b: Incineroar|Fake Out|p1a: Incineroar
|-damage|p1a: Incineroar|94/100
|move|p2a: Calyrex|Astral Barrage|p1b: Giratina|[spread] p1a
|-activate|p1b: Giratina|move: Protect
|-resisted|p1a: Incineroar
|-damage|p1a: Incineroar|71/100
|
|upkeep
|turn|2
|
|t:|1750772279
|-terastallize|p1b: Giratina|Fairy
|move|p2a: Calyrex|Protect|p2a: Calyrex
|-singleturn|p2a: Calyrex|Protect
|move|p1b: Giratina|Calm Mind|p1b: Giratina
|-boost|p1b: Giratina|spa|1
|-boost|p1b: Giratina|spd|1
|move|p2b: Incineroar|Knock Off|p1b: Giratina
|-resisted|p1b: Giratina
|-damage|p1b: Giratina|97/100
|move|p1a: Incineroar|Taunt|p2b: Incineroar
|-start|p2b: Incineroar|move: Taunt
|
|upkeep
|turn|3
|inactive|Raju7024716947 has 30 seconds left.
|inactive|Raju7024716947 has 20 seconds left.
|
|t:|1750772315
|switch|p2a: Koraidon|Koraidon, L50|100/100
|-weather|SunnyDay|[from] ability: Orichalcum Pulse|[of] p2a: Koraidon
|-activate|p2a: Koraidon|Orichalcum Pulse|[source]
|switch|p2b: Rillaboom|Rillaboom, L50, M|100/100
|-fieldstart|move: Grassy Terrain|[from] ability: Grassy Surge|[of] p2b: Rillaboom
|move|p1b: Giratina|Calm Mind|p1b: Giratina
|-boost|p1b: Giratina|spa|1
|-boost|p1b: Giratina|spd|1
|move|p1a: Incineroar|Parting Shot|p2a: Koraidon
|-unboost|p2a: Koraidon|atk|1
|-unboost|p2a: Koraidon|spa|1
|
|t:|1750772328
|switch|p1a: Pelipper|Pelipper, L50, M|100/100|[from] Parting Shot
|-weather|RainDance|[from] ability: Drizzle|[of] p1a: Pelipper
|
|-weather|RainDance|[upkeep]
|-heal|p1b: Giratina|100/100|[from] Grassy Terrain
|upkeep
|turn|4
|
|t:|1750772352
|switch|p2a: Incineroar|Incineroar, L50, M|100/100
|-ability|p2a: Incineroar|Intimidate|boost
|-unboost|p1a: Pelipper|atk|1
|-unboost|p1b: Giratina|atk|1
|move|p1a: Pelipper|Hurricane|p2a: Incineroar
|-damage|p2a: Incineroar|61/100
|-start|p2a: Incineroar|confusion
|move|p1b: Giratina|Calm Mind|p1b: Giratina
|-boost|p1b: Giratina|spa|1
|-boost|p1b: Giratina|spd|1
|move|p2b: Rillaboom|Wood Hammer|p1b: Giratina
|-damage|p1b: Giratina|74/100
|-damage|p2b: Rillaboom|88/100|[from] Recoil
|
|-weather|RainDance|[upkeep]
|-heal|p1b: Giratina|80/100|[from] Grassy Terrain
|-heal|p2b: Rillaboom|94/100|[from] Grassy Terrain
|-heal|p2a: Incineroar|67/100|[from] Grassy Terrain
|upkeep
|turn|5
|inactive|Raju7024716947 has 30 seconds left.
|inactive|Jakobwsmurfing has 30 seconds left.
|
|t:|1750772382
|switch|p2a: Koraidon|Koraidon, L50|100/100
|-weather|SunnyDay|[from] ability: Orichalcum Pulse|[of] p2a: Koraidon
|-activate|p2a: Koraidon|Orichalcum Pulse|[source]
|move|p1a: Pelipper|Tailwind|p1a: Pelipper
|-sidestart|p1: Jakobwsmurfing|move: Tailwind
|move|p1b: Giratina|Dragon Pulse|p2a: Koraidon
|-supereffective|p2a: Koraidon
|-damage|p2a: Koraidon|0 fnt
|faint|p2a: Koraidon
|move|p2b: Rillaboom|Wood Hammer|p1a: Pelipper
|-damage|p1a: Pelipper|4/100
|-damage|p2b: Rillaboom|71/100|[from] Recoil
|
|-weather|SunnyDay|[upkeep]
|-heal|p1b: Giratina|86/100|[from] Grassy Terrain
|-heal|p2b: Rillaboom|77/100|[from] Grassy Terrain
|upkeep
|
|t:|1750772400
|switch|p2a: Calyrex|Calyrex-Shadow, L50, tera:Dark|100/100
|-ability|p2a: Calyrex|As One
|-ability|p2a: Calyrex|Unnerve
|turn|6
|
|t:|1750772414
|move|p1a: Pelipper|Wide Guard|p1a: Pelipper
|-singleturn|p1a: Pelipper|Wide Guard
|move|p2b: Rillaboom|Grassy Glide|p1a: Pelipper
|-damage|p1a: Pelipper|0 fnt
|faint|p1a: Pelipper
|move|p1b: Giratina|Dragon Pulse|p2b: Rillaboom
|-damage|p2b: Rillaboom|17/100
|move|p2a: Calyrex|Nasty Plot|p2a: Calyrex
|-boost|p2a: Calyrex|spa|2
|
|-weather|SunnyDay|[upkeep]
|-heal|p1b: Giratina|92/100|[from] Grassy Terrain
|-heal|p2b: Rillaboom|23/100|[from] Grassy Terrain
|upkeep
|
|t:|1750772423
|switch|p1a: Incineroar|Incineroar, L50, M|71/100
|-ability|p1a: Incineroar|Intimidate|boost
|-unboost|p2a: Calyrex|atk|1
|-unboost|p2b: Rillaboom|atk|1
|turn|7
|
|t:|1750772436
|move|p2a: Calyrex|Protect|p2a: Calyrex
|-singleturn|p2a: Calyrex|Protect
|move|p2b: Rillaboom|Grassy Glide|p1b: Giratina
|-damage|p1b: Giratina|83/100
|move|p1b: Giratina|Dragon Pulse|p2b: Rillaboom
|-damage|p2b: Rillaboom|0 fnt
|faint|p2b: Rillaboom
|move|p1a: Incineroar|Knock Off|p2a: Calyrex
|-activate|p2a: Calyrex|move: Protect
|
|-weather|SunnyDay|[upkeep]
|-heal|p1b: Giratina|89/100|[from] Grassy Terrain
|-heal|p1a: Incineroar|77/100|[from] Grassy Terrain
|-fieldend|move: Grassy Terrain
|upkeep
|
|t:|1750772452
|switch|p2b: Incineroar|Incineroar, L50, M|67/100
|-ability|p2b: Incineroar|Intimidate|boost
|-unboost|p1a: Incineroar|atk|1
|-unboost|p1b: Giratina|atk|1
|turn|8
|
|t:|1750772475
|move|p2b: Incineroar|Fake Out|p1b: Giratina
|-damage|p1b: Giratina|85/100
|cant|p1b: Giratina|flinch
|move|p2a: Calyrex|Astral Barrage|p1a: Incineroar|[spread] p1a,p1b
|-resisted|p1a: Incineroar
|-damage|p1a: Incineroar|32/100
|-damage|p1b: Giratina|62/100
|move|p1a: Incineroar|Parting Shot|p2a: Calyrex
|-unboost|p2a: Calyrex|atk|1
|-unboost|p2a: Calyrex|spa|1
|
|t:|1750772485
|switch|p1a: Miraidon|Miraidon, L50|100/100|[from] Parting Shot
|-fieldstart|move: Electric Terrain|[from] ability: Hadron Engine|[of] p1a: Miraidon
|
|-weather|SunnyDay|[upkeep]
|-sideend|p1: Jakobwsmurfing|move: Tailwind
|upkeep
|turn|9
|l|☆Raju7024716947
|inactive|Raju7024716947 disconnected and has a minute to reconnect!
|player|p2|
|inactive|Raju7024716947 has 30 seconds left.
|inactive|Raju7024716947 has 20 seconds left.
|inactive|Raju7024716947 has 15 seconds left.
|inactive|Raju7024716947 has 10 seconds left.
|inactive|Raju7024716947 has 5 seconds left.
|-message|Raju7024716947 lost due to inactivity.
|
|win|Jakobwsmurfing
|raw|Jakobwsmurfing's rating: 1246 &rarr; <strong>1277</strong><br />(+31 for winning)
|raw|Raju7024716947's rating: 1324 &rarr; <strong>1300</strong><br />(-24 for losing)
