|j|☆johnkharkiv
|j|☆Tobberoch
|t:|1750748835
|gametype|doubles
|player|p1|johnkharkiv|swimmerf-gen4dp|1370
|player|p2|Tobberoch|101|1401
|teamsize|p1|6
|teamsize|p2|6
|gen|9
|tier|[Gen 9] VGC 2025 Reg I
|rated|
|rule|Species Clause: Limit one of each Pokémon
|rule|Item Clause: Limit 1 of each item
|clearpoke
|poke|p1|Ho-Oh, L50|
|poke|p1|Annihilape, L50, M|
|poke|p1|Electivire, L50, M|
|poke|p1|Whimsicott, L50, F|
|poke|p1|Indeedee-F, L50, F|
|poke|p1|Miraidon, L50|
|poke|p2|Miraidon, L50|
|poke|p2|Zamazenta-*, L50|
|poke|p2|Volcarona, L50, F|
|poke|p2|Grimmsnarl, L50, M|
|poke|p2|Landorus, L50, M|
|poke|p2|Rillaboom, L50, M|
|teampreview|4
|inactive|Battle timer is ON: inactive players will automatically lose when time's up. (requested by johnkharkiv)
|
|t:|1750748883
|start
|switch|p1a: Indeedee|Indeedee-F, L50, F, shiny|100/100
|switch|p1b: Annihilape|Annihilape, L50, M, shiny|100/100
|switch|p2a: Miraidon|Miraidon, L50|100/100
|switch|p2b: Volcarona|Volcarona, L50, F, shiny|100/100
|-fieldstart|move: Electric Terrain|[from] ability: Hadron Engine|[of] p2a: Miraidon
|-enditem|p2b: Volcarona|Electric Seed
|-boost|p2b: Volcarona|def|1|[from] item: Electric Seed
|-fieldstart|move: Psychic Terrain|[from] ability: Psychic Surge|[of] p1a: Indeedee
|turn|1
|inactive|johnkharkiv has 30 seconds left.
|inactive|Tobberoch has 30 seconds left.
|inactive|Tobberoch has 20 seconds left.
|
|t:|1750748920
|-terastallize|p1b: Annihilape|Grass
|move|p2a: Miraidon|Volt Switch|p1b: Annihilape
|-resisted|p1b: Annihilape
|-damage|p1b: Annihilape|81/100
|
|t:|1750748926
|switch|p2a: Landorus|Landorus, L50, M|100/100|[from] Volt Switch
|move|p1b: Annihilape|Final Gambit|p2a: Landorus
|-damage|p2a: Landorus|4/100
|faint|p1b: Annihilape
|move|p2b: Volcarona|Quiver Dance|p2b: Volcarona
|-boost|p2b: Volcarona|spa|1
|-boost|p2b: Volcarona|spd|1
|-boost|p2b: Volcarona|spe|1
|move|p1a: Indeedee|Trick Room|p1a: Indeedee
|-fieldstart|move: Trick Room|[of] p1a: Indeedee
|
|upkeep
|
|t:|1750748940
|switch|p1b: Ho-Oh|Ho-Oh, L50, shiny|100/100
|turn|2
|inactive|Tobberoch has 30 seconds left.
|
|t:|1750748970
|move|p1a: Indeedee|Shadow Ball|p2a: Landorus
|-damage|p2a: Landorus|0 fnt
|faint|p2a: Landorus
|move|p1b: Ho-Oh|Sacred Fire|p2b: Volcarona
|-damage|p2b: Volcarona|56/100
|move|p2b: Volcarona|Flamethrower|p1a: Indeedee
|-damage|p1a: Indeedee|41/100
|
|upkeep
|
|t:|1750748974
|switch|p2a: Zamazenta|Zamazenta-Crowned, L50|100/100
|-ability|p2a: Zamazenta|Dauntless Shield|boost
|-boost|p2a: Zamazenta|def|1
|turn|3
|
|t:|1750748995
|move|p2a: Zamazenta|Protect|p2a: Zamazenta
|-singleturn|p2a: Zamazenta|Protect
|move|p2b: Volcarona|Protect|p2b: Volcarona
|-singleturn|p2b: Volcarona|Protect
|move|p1a: Indeedee|Follow Me|p1a: Indeedee
|-singleturn|p1a: Indeedee|move: Follow Me
|move|p1b: Ho-Oh|Sacred Fire|p2b: Volcarona
|-activate|p2b: Volcarona|move: Protect
|
|upkeep
|turn|4
|
|t:|1750749017
|-terastallize|p2a: Zamazenta|Dragon
|move|p1a: Indeedee|Follow Me|p1a: Indeedee
|-singleturn|p1a: Indeedee|move: Follow Me
|move|p1b: Ho-Oh|Sacred Fire|p2a: Zamazenta
|-resisted|p2a: Zamazenta
|-damage|p2a: Zamazenta|88/100
|move|p2a: Zamazenta|Body Press|p1a: Indeedee
|-damage|p1a: Indeedee|0 fnt
|-damage|p2a: Zamazenta|72/100|[from] item: Rocky Helmet|[of] p1a: Indeedee
|faint|p1a: Indeedee
|move|p2b: Volcarona|Flamethrower|p1b: Ho-Oh
|-resisted|p1b: Ho-Oh
|-damage|p1b: Ho-Oh|86/100
|
|upkeep
|
|t:|1750749021
|switch|p1a: Electivire|Electivire, L50, M, shiny|100/100
|turn|5
|
|t:|1750749036
|move|p2a: Zamazenta|Protect|p2a: Zamazenta
|-singleturn|p2a: Zamazenta|Protect
|move|p2b: Volcarona|Protect|p2b: Volcarona
|-singleturn|p2b: Volcarona|Protect
|move|p1a: Electivire|Electroweb|p2b: Volcarona|[spread] 
|-activate|p2a: Zamazenta|move: Protect
|-activate|p2b: Volcarona|move: Protect
|move|p1b: Ho-Oh|Sacred Fire|p2b: Volcarona
|-activate|p2b: Volcarona|move: Protect
|
|-fieldend|move: Trick Room
|-fieldend|move: Psychic Terrain
|upkeep
|turn|6
|
|t:|1750749046
|move|p2b: Volcarona|Flamethrower|p1a: Electivire
|-damage|p1a: Electivire|27/100
|-enditem|p1a: Electivire|Sitrus Berry|[eat]
|-heal|p1a: Electivire|52/100|[from] item: Sitrus Berry
|move|p2a: Zamazenta|Body Press|p1a: Electivire
|-damage|p1a: Electivire|0 fnt
|faint|p1a: Electivire
|move|p1b: Ho-Oh|Sacred Fire|p2a: Zamazenta
|-resisted|p2a: Zamazenta
|-damage|p2a: Zamazenta|60/100
|-status|p2a: Zamazenta|brn
|
|-damage|p2a: Zamazenta|54/100 brn|[from] brn
|upkeep
|turn|7
|
|t:|1750749066
|move|p2b: Volcarona|Quiver Dance|p2b: Volcarona
|-boost|p2b: Volcarona|spa|1
|-boost|p2b: Volcarona|spd|1
|-boost|p2b: Volcarona|spe|1
|move|p2a: Zamazenta|Body Press|p1b: Ho-Oh
|-resisted|p1b: Ho-Oh
|-damage|p1b: Ho-Oh|67/100
|move|p1b: Ho-Oh|Brave Bird|p2b: Volcarona
|-supereffective|p2b: Volcarona
|-damage|p2b: Volcarona|0 fnt
|faint|p2b: Volcarona
|-damage|p1b: Ho-Oh|47/100|[from] Recoil
|
|-damage|p2a: Zamazenta|48/100 brn|[from] brn
|upkeep
|
|t:|1750749080
|switch|p2b: Miraidon|Miraidon, L50|100/100
|-fieldstart|move: Electric Terrain|[from] ability: Hadron Engine|[of] p2b: Miraidon
|turn|8
|
|t:|1750749099
|move|p2b: Miraidon|Electro Drift|p1b: Ho-Oh
|-supereffective|p1b: Ho-Oh
|-damage|p1b: Ho-Oh|0 fnt
|faint|p1b: Ho-Oh
|
|win|Tobberoch
|raw|johnkharkiv's rating: 1370 &rarr; <strong>1352</strong><br />(-18 for losing)
|raw|Tobberoch's rating: 1401 &rarr; <strong>1419</strong><br />(+18 for winning)
|l|☆Tobberoch
|player|p2|
