|j|☆ivorytesting
|j|☆Baseking0
|t:|1750776712
|gametype|doubles
|player|p1|ivorytesting|102|1318
|player|p2|Baseking0|alec-anime|1310
|teamsize|p1|6
|teamsize|p2|6
|gen|9
|tier|[Gen 9] VGC 2025 Reg I
|rated|
|rule|Species Clause: Limit one of each Pokémon
|rule|Item Clause: Limit 1 of each item
|clearpoke
|poke|p1|Lunala, L50|
|poke|p1|Groudon, L50|
|poke|p1|Indeedee-F, L50, F|
|poke|p1|Charizard, L50, M|
|poke|p1|Torkoal, L50, F|
|poke|p1|Jumpluff, L50, M|
|poke|p2|Calyrex-Ice, L50|
|poke|p2|Scraggy, L50, F|
|poke|p2|Miraidon, L50|
|poke|p2|Farigiraf, L50, M|
|poke|p2|Iron Treads, L50|
|poke|p2|Iron Hands, L50|
|teampreview|4
|inactive|Battle timer is ON: inactive players will automatically lose when time's up. (requested by Baseking0)
|inactive|ivorytesting has 60 seconds left.
|
|t:|1750776763
|start
|switch|p1a: Jumpluff|Jumpluff, L50, M|100/100
|switch|p1b: Groudon|Groudon, L50|100/100
|switch|p2a: Miraidon|Miraidon, L50|100/100
|switch|p2b: Farigiraf|Farigiraf, L50, M|100/100
|-fieldstart|move: Electric Terrain|[from] ability: Hadron Engine|[of] p2a: Miraidon
|-enditem|p2b: Farigiraf|Electric Seed
|-boost|p2b: Farigiraf|def|1|[from] item: Electric Seed
|-weather|SunnyDay|[from] ability: Drought|[of] p1b: Groudon
|turn|1
|
|t:|1750776779
|move|p1a: Jumpluff|Tailwind|p1a: Jumpluff
|-sidestart|p1: ivorytesting|move: Tailwind
|move|p1b: Groudon|Earthquake|p2a: Miraidon|[spread] p2a,p2b
|-immune|p1a: Jumpluff
|-supereffective|p2a: Miraidon
|-damage|p2a: Miraidon|21/100
|-damage|p2b: Farigiraf|75/100
|move|p2a: Miraidon|Volt Switch|p1a: Jumpluff
|-enditem|p1a: Jumpluff|Focus Sash
|-damage|p1a: Jumpluff|1/100
|
|t:|1750776788
|switch|p2a: Calyrex|Calyrex-Ice, L50|100/100|[from] Volt Switch
|-ability|p2a: Calyrex|As One
|-ability|p2a: Calyrex|Unnerve
|move|p2b: Farigiraf|Trick Room|p2b: Farigiraf
|-fieldstart|move: Trick Room|[of] p2b: Farigiraf
|
|-weather|SunnyDay|[upkeep]
|upkeep
|turn|2
|
|t:|1750776811
|switch|p1a: Lunala|Lunala, L50, shiny|100/100
|-terastallize|p1b: Groudon|Water
|move|p2a: Calyrex|Glacial Lance|p1b: Groudon|[spread] p1a,p1b
|-resisted|p1b: Groudon
|-damage|p1a: Lunala|76/100
|-damage|p1b: Groudon|78/100
|move|p2b: Farigiraf|Foul Play|p1b: Groudon
|-damage|p1b: Groudon|50/100
|move|p1b: Groudon|Fire Punch|p2a: Calyrex
|-supereffective|p2a: Calyrex
|-damage|p2a: Calyrex|37/100
|
|-weather|SunnyDay|[upkeep]
|upkeep
|turn|3
|
|t:|1750776834
|move|p1a: Lunala|Wide Guard|p1a: Lunala
|-singleturn|p1a: Lunala|Wide Guard
|move|p2a: Calyrex|High Horsepower|p1b: Groudon
|-crit|p1b: Groudon
|-damage|p1b: Groudon|0 fnt
|faint|p1b: Groudon
|-ability|p2a: Calyrex|Chilling Neigh|boost
|-boost|p2a: Calyrex|atk|1
|move|p2b: Farigiraf|Trick Room|p2b: Farigiraf
|-fieldend|move: Trick Room
|
|-weather|SunnyDay|[upkeep]
|upkeep
|c|☆Baseking0|misclick fuck
|
|t:|1750776852
|switch|p1b: Indeedee|Indeedee-F, L50, F|100/100
|-fieldstart|move: Psychic Terrain|[from] ability: Psychic Surge|[of] p1b: Indeedee
|turn|4
|
|t:|1750776860
|move|p1b: Indeedee|Helping Hand|p1a: Lunala
|-singleturn|p1a: Lunala|Helping Hand|[of] p1b: Indeedee
|move|p2a: Calyrex|Protect|p2a: Calyrex
|-singleturn|p2a: Calyrex|Protect
|move|p1a: Lunala|Expanding Force|p2a: Calyrex|[spread] p2b
|-activate|p2a: Calyrex|move: Protect
|-resisted|p2b: Farigiraf
|-damage|p2b: Farigiraf|28/100
|move|p2b: Farigiraf|Trick Room|p2b: Farigiraf
|-fieldstart|move: Trick Room|[of] p2b: Farigiraf
|
|-weather|SunnyDay|[upkeep]
|-sideend|p1: ivorytesting|move: Tailwind
|upkeep
|turn|5
|
|t:|1750776879
|move|p1b: Indeedee|Follow Me|p1b: Indeedee
|-singleturn|p1b: Indeedee|move: Follow Me
|move|p2a: Calyrex|High Horsepower|p1b: Indeedee
|-damage|p1b: Indeedee|33/100
|-enditem|p1b: Indeedee|Eject Button
|
|t:|1750776885
|switch|p1b: Jumpluff|Jumpluff, L50, M|1/100
|move|p2b: Farigiraf|Foul Play|p1a: Lunala
|-supereffective|p1a: Lunala
|-damage|p1a: Lunala|21/100
|move|p1a: Lunala|Expanding Force|p2a: Calyrex|[spread] p2a,p2b
|-resisted|p2a: Calyrex
|-resisted|p2b: Farigiraf
|-damage|p2a: Calyrex|15/100
|-damage|p2b: Farigiraf|1/100
|
|-weather|none
|upkeep
|turn|6
|-message|ivorytesting forfeited.
|
|win|Baseking0
