|j|☆Carajo666
|j|☆fariinha
|t:|1750843944
|gametype|doubles
|player|p1|Carajo666|roughneck|1564
|player|p2|fariinha|baker|1493
|teamsize|p1|6
|teamsize|p2|6
|gen|9
|tier|[Gen 9] VGC 2025 Reg I
|rated|
|rule|Species Clause: Limit one of each Pokémon
|rule|Item Clause: Limit 1 of each item
|clearpoke
|poke|p1|Lunala, L50|
|poke|p1|Tyranitar, L50, F|
|poke|p1|Amoonguss, L50, M|
|poke|p1|Ho-Oh, L50|
|poke|p1|Excadrill, L50, F|
|poke|p1|Enamorus-Therian, L50, F|
|poke|p2|Lunala, L50|
|poke|p2|Terapagos, L50, M|
|poke|p2|Ogerpon-Cornerstone, L50, F|
|poke|p2|Incineroar, L50, M|
|poke|p2|Rillaboom, L50, M|
|poke|p2|Scream Tail, L50|
|teampreview|4
|
|t:|1750844023
|start
|switch|p1a: Ho-Oh|Ho-Oh, L50|100/100
|switch|p1b: Amoonguss|Amoonguss, L50, M|100/100
|switch|p2a: Ogerpon|Ogerpon-Cornerstone, L50, F|100/100
|switch|p2b: Terapagos|Terapagos, L50, M|100/100
|-activate|p2b: Terapagos|ability: Tera Shift
|detailschange|p2b: Terapagos|Terapagos-Terastal, L50, M
|-heal|p2b: Terapagos|100/100|[silent]
|turn|1
|
|t:|1750844039
|switch|p1a: Tyranitar|Tyranitar, L50, F|100/100
|-weather|Sandstorm|[from] ability: Sand Stream|[of] p1a: Tyranitar
|move|p2b: Terapagos|Protect|p2b: Terapagos
|-singleturn|p2b: Terapagos|Protect
|move|p2a: Ogerpon|Ivy Cudgel|p1a: Tyranitar|[anim] Ivy Cudgel Rock
|-damage|p1a: Tyranitar|54/100
|move|p1b: Amoonguss|Spore|p2b: Terapagos
|-activate|p2b: Terapagos|move: Protect
|
|-weather|Sandstorm|[upkeep]
|-damage|p2b: Terapagos|94/100|[from] Sandstorm
|-damage|p1b: Amoonguss|95/100|[from] Sandstorm
|-heal|p2b: Terapagos|100/100|[from] item: Leftovers
|upkeep
|turn|2
|inactive|Battle timer is ON: inactive players will automatically lose when time's up. (requested by Carajo666)
|
|t:|1750844055
|move|p2a: Ogerpon|Follow Me|p2a: Ogerpon
|-singleturn|p2a: Ogerpon|move: Follow Me
|move|p2b: Terapagos|Calm Mind|p2b: Terapagos
|-boost|p2b: Terapagos|spa|1
|-boost|p2b: Terapagos|spd|1
|move|p1a: Tyranitar|Rock Slide|p2a: Ogerpon|[spread] p2a,p2b
|-activate|p2b: Terapagos|ability: Tera Shell
|-resisted|p2b: Terapagos
|-damage|p2a: Ogerpon|55/100
|-damage|p2b: Terapagos|89/100
|move|p1b: Amoonguss|Pollen Puff|p2a: Ogerpon
|-supereffective|p2a: Ogerpon
|-damage|p2a: Ogerpon|26/100
|
|-weather|Sandstorm|[upkeep]
|-damage|p2b: Terapagos|82/100|[from] Sandstorm
|-damage|p1b: Amoonguss|89/100|[from] Sandstorm
|-heal|p2b: Terapagos|89/100|[from] item: Leftovers
|upkeep
|turn|3
|
|t:|1750844078
|-terastallize|p1a: Tyranitar|Grass
|move|p2a: Ogerpon|Ivy Cudgel|p1b: Amoonguss|[anim] Ivy Cudgel Rock
|-damage|p1b: Amoonguss|38/100
|move|p2b: Terapagos|Tera Starstorm|p1b: Amoonguss
|-damage|p1b: Amoonguss|0 fnt
|faint|p1b: Amoonguss
|move|p1a: Tyranitar|Rock Slide|p2b: Terapagos|[spread] p2a,p2b
|-damage|p2a: Ogerpon|0 fnt
|-damage|p2b: Terapagos|66/100
|faint|p2a: Ogerpon
|
|-weather|Sandstorm|[upkeep]
|-damage|p2b: Terapagos|60/100|[from] Sandstorm
|-damage|p1a: Tyranitar|48/100|[from] Sandstorm
|-heal|p2b: Terapagos|66/100|[from] item: Leftovers
|upkeep
|
|t:|1750844089
|switch|p2a: Incineroar|Incineroar, L50, M|100/100
|switch|p1b: Ho-Oh|Ho-Oh, L50|100/100
|-ability|p2a: Incineroar|Intimidate|boost
|-unboost|p1a: Tyranitar|atk|1
|-fail|p1b: Ho-Oh|unboost|[from] item: Clear Amulet|[of] p1b: Ho-Oh
|turn|4
|inactive|fariinha has 30 seconds left.
|
|t:|1750844119
|move|p1b: Ho-Oh|Protect|p1b: Ho-Oh
|-singleturn|p1b: Ho-Oh|Protect
|move|p2a: Incineroar|Fake Out|p1b: Ho-Oh
|-activate|p1b: Ho-Oh|move: Protect
|move|p2b: Terapagos|Tera Starstorm|p1a: Tyranitar
|-damage|p1a: Tyranitar|4/100
|move|p1a: Tyranitar|Knock Off|p2b: Terapagos
|-damage|p2b: Terapagos|39/100
|-enditem|p2b: Terapagos|Leftovers|[from] move: Knock Off|[of] p1a: Tyranitar
|
|-weather|Sandstorm|[upkeep]
|-damage|p1b: Ho-Oh|95/100|[from] Sandstorm
|-damage|p2b: Terapagos|33/100|[from] Sandstorm
|-damage|p1a: Tyranitar|0 fnt|[from] Sandstorm
|-damage|p2a: Incineroar|95/100|[from] Sandstorm
|faint|p1a: Tyranitar
|upkeep
|
|t:|1750844132
|switch|p1a: Lunala|Lunala, L50|100/100
|turn|5
|
|t:|1750844146
|move|p2b: Terapagos|Protect|p2b: Terapagos
|-singleturn|p2b: Terapagos|Protect
|move|p1b: Ho-Oh|Brave Bird|p2a: Incineroar
|-damage|p2a: Incineroar|47/100
|-damage|p1b: Ho-Oh|78/100|[from] item: Rocky Helmet|[of] p2a: Incineroar
|-damage|p1b: Ho-Oh|63/100|[from] Recoil
|move|p1a: Lunala|Moonblast|p2a: Incineroar
|-damage|p2a: Incineroar|11/100
|move|p2a: Incineroar|Knock Off|p1a: Lunala
|-supereffective|p1a: Lunala
|-damage|p1a: Lunala|46/100
|-enditem|p1a: Lunala|Safety Goggles|[from] move: Knock Off|[of] p2a: Incineroar
|
|-weather|none
|upkeep
|turn|6
|inactive|Carajo666 has 30 seconds left.
|
|t:|1750844174
|-terastallize|p2b: Terapagos|Stellar
|detailschange|p2b: Terapagos|Terapagos-Stellar, L50, M, tera:Stellar
|-heal|p2b: Terapagos|50/100|[silent]
|move|p1a: Lunala|Wide Guard|p1a: Lunala
|-singleturn|p1a: Lunala|Wide Guard
|move|p1b: Ho-Oh|Sacred Fire|p2a: Incineroar
|-resisted|p2a: Incineroar
|-damage|p2a: Incineroar|0 fnt
|faint|p2a: Incineroar
|move|p2b: Terapagos|Tera Starstorm|p1a: Lunala|[spread] 
|-activate|p1a: Lunala|move: Wide Guard
|-activate|p1b: Ho-Oh|move: Wide Guard
|
|upkeep
|
|t:|1750844181
|switch|p2a: Scream Tail|Scream Tail, L50|100/100
|-enditem|p2a: Scream Tail|Booster Energy
|-activate|p2a: Scream Tail|ability: Protosynthesis|[fromitem]
|-start|p2a: Scream Tail|protosynthesisspe
|turn|7
|
|t:|1750844199
|move|p2a: Scream Tail|Disable|p1a: Lunala
|-start|p1a: Lunala|Disable|Wide Guard
|move|p1b: Ho-Oh|Sacred Fire|p2a: Scream Tail
|-damage|p2a: Scream Tail|62/100
|-status|p2a: Scream Tail|brn
|move|p2b: Terapagos|Calm Mind|p2b: Terapagos
|-boost|p2b: Terapagos|spa|1
|-boost|p2b: Terapagos|spd|1
|move|p1a: Lunala|Moongeist Beam|p2a: Scream Tail
|-supereffective|p2a: Scream Tail
|-damage|p2a: Scream Tail|0 fnt
|faint|p2a: Scream Tail
|-end|p2a: Scream Tail|Protosynthesis|[silent]
|
|upkeep
|turn|8
|
|t:|1750844214
|move|p1b: Ho-Oh|Sacred Fire|p2b: Terapagos
|-damage|p2b: Terapagos|19/100
|-status|p2b: Terapagos|brn
|move|p2b: Terapagos|Tera Starstorm|p1a: Lunala|[spread] p1a,p1b
|-damage|p1a: Lunala|0 fnt
|-damage|p1b: Ho-Oh|17/100
|faint|p1a: Lunala
|
|-damage|p2b: Terapagos|13/100 brn|[from] brn
|upkeep
|turn|9
|
|t:|1750844222
|move|p1b: Ho-Oh|Brave Bird|p2b: Terapagos
|-damage|p2b: Terapagos|0 fnt
|faint|p2b: Terapagos
|detailschange|p2: Terapagos|Terapagos, L50, M|[silent]
|-damage|p1b: Ho-Oh|12/100|[from] Recoil
|
|win|Carajo666
|raw|Carajo666's rating: 1564 &rarr; <strong>1580</strong><br />(+16 for winning)
|raw|fariinha's rating: 1493 &rarr; <strong>1477</strong><br />(-16 for losing)
|l|☆fariinha
|player|p2|
|l|☆Carajo666
|player|p1|
