|j|‽hayniu
|j|☆harasuke
|t:|1750773312
|gametype|doubles
|player|p1|hayniu|2|1181
|player|p2|harasuke|pokemonbreeder|1156
|teamsize|p1|6
|teamsize|p2|6
|gen|9
|tier|[Gen 9] VGC 2025 Reg I
|rated|
|rule|Species Clause: Limit one of each Pokémon
|rule|Item Clause: Limit 1 of each item
|clearpoke
|poke|p1|Miraidon, L50|
|poke|p1|Calyrex-Ice, L50|
|poke|p1|Incineroar, L50, F|
|poke|p1|Indeedee-F, L50, F|
|poke|p1|Chesnaught, L50, F|
|poke|p1|Iron Hands, L50|
|poke|p2|Terapagos, L50, M|
|poke|p2|Whimsicott, L50, F|
|poke|p2|Urshifu-*, L50, F|
|poke|p2|Incineroar, L50, M|
|poke|p2|Sinistcha-Masterpiece, L50|
|poke|p2|Lugia, L50|
|teampreview|4
|inactive|Battle timer is ON: inactive players will automatically lose when time's up. (requested by harasuke)
|inactive|hayniu has 60 seconds left.
|inactive|harasuke has 60 seconds left.
|
|t:|1750773356
|start
|switch|p1a: Miraidon|Miraidon, L50|100/100
|switch|p1b: Indeedee|Indeedee-F, L50, F|100/100
|switch|p2a: Terapagos|Terapagos, L50, M|100/100
|switch|p2b: Incineroar|Incineroar, L50, M|100/100
|-activate|p2a: Terapagos|ability: Tera Shift
|detailschange|p2a: Terapagos|Terapagos-Terastal, L50, M
|-heal|p2a: Terapagos|100/100|[silent]
|-fieldstart|move: Electric Terrain|[from] ability: Hadron Engine|[of] p1a: Miraidon
|-fieldstart|move: Psychic Terrain|[from] ability: Psychic Surge|[of] p1b: Indeedee
|-ability|p2b: Incineroar|Intimidate|boost
|-unboost|p1a: Miraidon|atk|1
|-unboost|p1b: Indeedee|atk|1
|turn|1
|inactive|harasuke has 30 seconds left.
|
|t:|1750773385
|move|p1a: Miraidon|Volt Switch|p2a: Terapagos
|-activate|p2a: Terapagos|ability: Tera Shell
|-resisted|p2a: Terapagos
|-damage|p2a: Terapagos|81/100
|-damage|p1a: Miraidon|91/100|[from] item: Life Orb
|
|t:|1750773389
|switch|p1a: Calyrex|Calyrex-Ice, L50|100/100|[from] Volt Switch
|-ability|p1a: Calyrex|As One
|-ability|p1a: Calyrex|Unnerve
|move|p2a: Terapagos|Calm Mind|p2a: Terapagos
|-boost|p2a: Terapagos|spa|1
|-boost|p2a: Terapagos|spd|1
|move|p2b: Incineroar|Knock Off|p1b: Indeedee
|-supereffective|p1b: Indeedee
|-damage|p1b: Indeedee|26/100
|-enditem|p1b: Indeedee|Focus Sash|[from] move: Knock Off|[of] p2b: Incineroar
|move|p1b: Indeedee|Trick Room|p1b: Indeedee
|-fieldstart|move: Trick Room|[of] p1b: Indeedee
|
|-heal|p2a: Terapagos|87/100|[from] item: Leftovers
|upkeep
|turn|2
|inactive|harasuke has 30 seconds left.
|inactive|harasuke has 20 seconds left.
|inactive|harasuke has 15 seconds left.
|inactive|harasuke has 10 seconds left.
|
|t:|1750773434
|move|p1b: Indeedee|Helping Hand|p1a: Calyrex
|-singleturn|p1a: Calyrex|Helping Hand|[of] p1b: Indeedee
|move|p1a: Calyrex|High Horsepower|p2b: Incineroar
|-supereffective|p2b: Incineroar
|-crit|p2b: Incineroar
|-damage|p2b: Incineroar|0 fnt
|faint|p2b: Incineroar
|-ability|p1a: Calyrex|Chilling Neigh|boost
|-boost|p1a: Calyrex|atk|1
|move|p2a: Terapagos|Tera Starstorm|p1a: Calyrex
|-damage|p1a: Calyrex|30/100
|
|-heal|p2a: Terapagos|93/100|[from] item: Leftovers
|upkeep
|inactive|harasuke has 30 seconds left.
|inactive|harasuke has 20 seconds left.
|inactive|harasuke has 15 seconds left.
|
|t:|1750773477
|switch|p2b: Lugia|Lugia, L50|100/100
|turn|3
|
|t:|1750773497
|move|p1b: Indeedee|Helping Hand|p1a: Calyrex
|-singleturn|p1a: Calyrex|Helping Hand|[of] p1b: Indeedee
|move|p1a: Calyrex|Glacial Lance|p2b: Lugia|[spread] p2a,p2b
|-supereffective|p2b: Lugia
|-damage|p2a: Terapagos|0 fnt
|-damage|p2b: Lugia|22/100
|faint|p2a: Terapagos
|-ability|p1a: Calyrex|Chilling Neigh|boost
|-boost|p1a: Calyrex|atk|1
|move|p2b: Lugia|Recover|p2b: Lugia
|-heal|p2b: Lugia|72/100
|
|upkeep
|inactive|harasuke has 30 seconds left.
|
|t:|1750773523
|switch|p2a: Sinistcha|Sinistcha-Masterpiece, L50, shiny|100/100
|-heal|p2b: Lugia|97/100|[from] ability: Hospitality|[of] p2a: Sinistcha
|turn|4
|inactive|harasuke has 30 seconds left.
|
|t:|1750773550
|-terastallize|p2a: Sinistcha|Fire
|move|p1b: Indeedee|Helping Hand|p1a: Calyrex
|-singleturn|p1a: Calyrex|Helping Hand|[of] p1b: Indeedee
|move|p1a: Calyrex|Glacial Lance|p2b: Lugia|[spread] p2a,p2b
|-resisted|p2a: Sinistcha
|-supereffective|p2b: Lugia
|-damage|p2a: Sinistcha|29/100
|-damage|p2b: Lugia|0 fnt
|faint|p2b: Lugia
|-ability|p1a: Calyrex|Chilling Neigh|boost
|-boost|p1a: Calyrex|atk|1
|move|p2a: Sinistcha|Shadow Ball|p1a: Calyrex
|-supereffective|p1a: Calyrex
|-damage|p1a: Calyrex|0 fnt
|faint|p1a: Calyrex
|
|upkeep
|
|t:|1750773558
|switch|p1a: Chesnaught|Chesnaught, L50, F|100/100
|turn|5
|inactive|harasuke has 30 seconds left.
|inactive|harasuke has 20 seconds left.
|inactive|harasuke has 15 seconds left.
|inactive|harasuke has 10 seconds left.
|inactive|harasuke has 5 seconds left.
|c|☆harasuke|there's no way you killed me with glacial lance
|
|t:|1750773613
|move|p1b: Indeedee|Helping Hand|p1a: Chesnaught
|-singleturn|p1a: Chesnaught|Helping Hand|[of] p1b: Indeedee
|move|p1a: Chesnaught|Brick Break|p2a: Sinistcha
|-damage|p2a: Sinistcha|0 fnt
|faint|p2a: Sinistcha
|
|win|hayniu
|raw|hayniu's rating: 1181 &rarr; <strong>1204</strong><br />(+23 for winning)
|raw|harasuke's rating: 1156 &rarr; <strong>1133</strong><br />(-23 for losing)
