|j|☆Capsubaru
|j|☆sandslash666
|t:|1750720354
|gametype|doubles
|player|p1|Capsubaru|colress|1234
|player|p2|sandslash666|ghetsis|1151
|teamsize|p1|6
|teamsize|p2|6
|gen|9
|tier|[Gen 9] VGC 2025 Reg I
|rated|
|rule|Species Clause: Limit one of each Pokémon
|rule|Item Clause: Limit 1 of each item
|clearpoke
|poke|p1|Koraidon, L50|
|poke|p1|Scovillain, L50, F|
|poke|p1|Flutter Mane, L50|
|poke|p1|Miraidon, L50|
|poke|p1|Grimmsnarl, L50, M|
|poke|p1|Clefairy, L50, M|
|poke|p2|Hydreigon, L50, M|
|poke|p2|Calyrex-Ice, L50|
|poke|p2|Urshifu-*, L50, M|
|poke|p2|Chi-Yu, L50|
|poke|p2|Lunala, L50|
|poke|p2|Amoonguss, L50, M|
|teampreview|4
|inactive|Battle timer is ON: inactive players will automatically lose when time's up. (requested by Capsubaru)
|
|t:|1750720380
|start
|switch|p1a: Miraidon|Miraidon, L50|100/100
|switch|p1b: Grimmsnarl|Grimmsnarl, L50, M|100/100
|switch|p2a: Hydreigon|Hydreigon, L50, M, shiny|100/100
|switch|p2b: Chi-Yu|Chi-Yu, L50|100/100
|-ability|p2b: Chi-Yu|Beads of Ruin
|-fieldstart|move: Electric Terrain|[from] ability: Hadron Engine|[of] p1a: Miraidon
|turn|1
|c|☆Capsubaru|Glhf
|
|t:|1750720400
|move|p1b: Grimmsnarl|Light Screen|p1b: Grimmsnarl
|-sidestart|p1: Capsubaru|move: Light Screen
|move|p2b: Chi-Yu|Overheat|p1a: Miraidon
|-resisted|p1a: Miraidon
|-damage|p1a: Miraidon|82/100
|-unboost|p2b: Chi-Yu|spa|2
|move|p1a: Miraidon|Electro Drift|p2b: Chi-Yu
|-damage|p2b: Chi-Yu|0 fnt
|faint|p2b: Chi-Yu
|move|p2a: Hydreigon|Snarl|p1a: Miraidon|[spread] p1a,p1b
|-resisted|p1b: Grimmsnarl
|-damage|p1a: Miraidon|69/100
|-damage|p1b: Grimmsnarl|95/100
|-unboost|p1a: Miraidon|spa|1
|-unboost|p1b: Grimmsnarl|spa|1
|
|upkeep
|
|t:|1750720422
|switch|p2b: Calyrex|Calyrex-Ice, L50|100/100
|-ability|p2b: Calyrex|As One
|-ability|p2b: Calyrex|Unnerve
|turn|2
|
|t:|1750720430
|-terastallize|p2b: Calyrex|Ground
|move|p1a: Miraidon|Volt Switch|p2b: Calyrex
|-immune|p2b: Calyrex
|move|p2a: Hydreigon|Snarl|p1b: Grimmsnarl|[spread] p1a,p1b
|-resisted|p1b: Grimmsnarl
|-damage|p1a: Miraidon|56/100
|-damage|p1b: Grimmsnarl|90/100
|-unboost|p1a: Miraidon|spa|1
|-unboost|p1b: Grimmsnarl|spa|1
|move|p1b: Grimmsnarl|Foul Play|p2b: Calyrex
|-damage|p2b: Calyrex|61/100
|move|p2b: Calyrex|Glacial Lance|p1a: Miraidon|[spread] p1a,p1b
|-supereffective|p1a: Miraidon
|-damage|p1a: Miraidon|0 fnt
|-damage|p1b: Grimmsnarl|39/100
|faint|p1a: Miraidon
|-ability|p2b: Calyrex|Chilling Neigh|boost
|-boost|p2b: Calyrex|atk|1
|
|upkeep
|
|t:|1750720450
|switch|p1a: Koraidon|Koraidon, L50|100/100
|-weather|SunnyDay|[from] ability: Orichalcum Pulse|[of] p1a: Koraidon
|-activate|p1a: Koraidon|Orichalcum Pulse|[source]
|turn|3
|l|☆sandslash666
|inactive|sandslash666 disconnected and has a minute to reconnect!
|player|p2|
|inactive|sandslash666 has 30 seconds left.
|j|☆sandslash666
|inactive|sandslash666 reconnected and has 30 seconds left.
|player|p2|sandslash666|ghetsis|
|inactive|sandslash666 has 20 seconds left.
|
|t:|1750720489
|switch|p2a: Lunala|Lunala, L50, shiny|100/100
|-terastallize|p1a: Koraidon|Fire
|move|p2b: Calyrex|Protect|p2b: Calyrex
|-singleturn|p2b: Calyrex|Protect
|move|p1b: Grimmsnarl|Reflect|p1b: Grimmsnarl
|-sidestart|p1: Capsubaru|Reflect
|move|p1a: Koraidon|Flare Blitz|p2b: Calyrex
|-activate|p2b: Calyrex|move: Protect
|
|-weather|SunnyDay|[upkeep]
|upkeep
|turn|4
|inactive|sandslash666 has 30 seconds left.
|
|t:|1750720523
|move|p1a: Koraidon|U-turn|p2a: Lunala
|-damage|p2a: Lunala|87/100
|
|t:|1750720525
|switch|p1a: Clefairy|Clefairy, L50, M|100/100|[from] U-turn
|move|p2a: Lunala|Moonblast|p1a: Clefairy
|-damage|p1a: Clefairy|83/100
|move|p1b: Grimmsnarl|Foul Play|p2a: Lunala
|-supereffective|p2a: Lunala
|-damage|p2a: Lunala|0 fnt
|faint|p2a: Lunala
|move|p2b: Calyrex|Tera Blast|p1a: Clefairy|[anim] Tera Blast Ground
|-damage|p1a: Clefairy|41/100
|
|-weather|SunnyDay|[upkeep]
|upkeep
|
|t:|1750720530
|switch|p2a: Hydreigon|Hydreigon, L50, M, shiny|100/100
|turn|5
|
|t:|1750720549
|move|p2a: Hydreigon|Heat Wave|p1b: Grimmsnarl|[spread] p1a,p1b
|-damage|p1a: Clefairy|13/100
|-damage|p1b: Grimmsnarl|12/100
|-status|p1b: Grimmsnarl|brn
|move|p1b: Grimmsnarl|Foul Play|p2b: Calyrex
|-damage|p2b: Calyrex|34/100
|move|p1a: Clefairy|Moonblast|p2a: Hydreigon
|-supereffective|p2a: Hydreigon
|-damage|p2a: Hydreigon|11/100
|move|p2b: Calyrex|Trick Room|p2b: Calyrex
|-fieldstart|move: Trick Room|[of] p2b: Calyrex
|
|-weather|SunnyDay|[upkeep]
|-damage|p1b: Grimmsnarl|6/100 brn|[from] brn
|-fieldend|move: Electric Terrain
|upkeep
|turn|6
|inactive|Capsubaru has 30 seconds left.
|inactive|Capsubaru has 20 seconds left.
|inactive|Capsubaru has 15 seconds left.
|
|t:|1750720595
|move|p1a: Clefairy|Life Dew|p1a: Clefairy|[spread] p1a,p1b
|-heal|p1a: Clefairy|38/100
|-heal|p1b: Grimmsnarl|31/100 brn
|move|p2b: Calyrex|Glacial Lance|p1a: Clefairy|[spread] p1a,p1b
|-damage|p1a: Clefairy|0 fnt
|-damage|p1b: Grimmsnarl|0 fnt
|faint|p1a: Clefairy
|faint|p1b: Grimmsnarl
|-ability|p2b: Calyrex|Chilling Neigh|boost
|-boost|p2b: Calyrex|atk|2
|move|p2a: Hydreigon|Heat Wave|p1: Clefairy|[notarget]
|-fail|p2a: Hydreigon
|
|-weather|SunnyDay|[upkeep]
|upkeep
|inactive|Capsubaru has 30 seconds left.
|c|☆Capsubaru|I really managed to click the only option that guaranteed loss
|
|t:|1750720628
|switch|p1b: Koraidon|Koraidon, L50, tera:Fire|100/100
|-activate|p1b: Koraidon|ability: Orichalcum Pulse
|turn|7
|
|t:|1750720637
|move|p2b: Calyrex|Tera Blast|p1b: Koraidon|[anim] Tera Blast Ground
|-supereffective|p1b: Koraidon
|-damage|p1b: Koraidon|0 fnt
|faint|p1b: Koraidon
|
|win|sandslash666
|raw|Capsubaru's rating: 1234 &rarr; <strong>1203</strong><br />(-31 for losing)
|raw|sandslash666's rating: 1151 &rarr; <strong>1182</strong><br />(+31 for winning)
|c|☆Capsubaru|Ggwp
|l|☆Capsubaru
|player|p1|
