|j|☆mauveracor
|j|☆Kakarona
|t:|1750714525
|gametype|doubles
|player|p1|mauveracor|2|1425
|player|p2|Kakarona|1|1397
|teamsize|p1|6
|teamsize|p2|6
|gen|9
|tier|[Gen 9] VGC 2025 Reg I
|rated|
|rule|Species Clause: Limit one of each Pokémon
|rule|Item Clause: Limit 1 of each item
|clearpoke
|poke|p1|Grafaiai, L50, M|
|poke|p1|Zacian-*, L50|
|poke|p1|Regigigas, L50|
|poke|p1|Lunala, L50|
|poke|p1|Amoonguss, L50, M|
|poke|p1|Slaking, L50, M|
|poke|p2|Wo-Chien, L50|
|poke|p2|Miraidon, L50|
|poke|p2|Incineroar, L50, M|
|poke|p2|Kyogre, L50|
|poke|p2|Landorus, L50, M|
|poke|p2|Archaludon, L50, M|
|teampreview|4
|inactive|Battle timer is ON: inactive players will automatically lose when time's up. (requested by Kakarona)
|inactive|mauveracor also wants the timer to be on.
|inactive|mauveracor has 60 seconds left.
|
|t:|1750714569
|start
|switch|p1a: Grafaiai|Grafaiai, L50, M|100/100
|switch|p1b: Regigigas|Regigigas, L50|100/100
|switch|p2a: Incineroar|Incineroar, L50, M|100/100
|switch|p2b: Archaludon|Archaludon, L50, M|100/100
|-start|p1b: Regigigas|ability: Slow Start
|-ability|p2a: Incineroar|Intimidate|boost
|-unboost|p1a: Grafaiai|atk|1
|-fail|p1b: Regigigas|unboost|[from] item: Clear Amulet|[of] p1b: Regigigas
|turn|1
|
|t:|1750714593
|move|p1a: Grafaiai|Doodle|p2b: Archaludon
|-endability|p1a: Grafaiai|Prankster|[from] move: Doodle
|-ability|p1a: Grafaiai|Stamina|[from] move: Doodle
|-end|p1b: Regigigas|Slow Start|[silent]
|-endability|p1b: Regigigas|Slow Start|[from] move: Doodle
|-ability|p1b: Regigigas|Stamina|[from] move: Doodle
|move|p1b: Regigigas|High Horsepower|p2a: Incineroar
|-supereffective|p2a: Incineroar
|-damage|p2a: Incineroar|32/100
|move|p2b: Archaludon|Body Press|p1b: Regigigas
|-supereffective|p1b: Regigigas
|-damage|p1b: Regigigas|62/100
|-ability|p1b: Regigigas|Stamina|boost
|-boost|p1b: Regigigas|def|1
|move|p2a: Incineroar|Will-O-Wisp|p1b: Regigigas
|-status|p1b: Regigigas|brn
|
|-damage|p1b: Regigigas|56/100 brn|[from] brn
|upkeep
|turn|2
|inactive|mauveracor has 30 seconds left.
|inactive|Kakarona has 30 seconds left.
|
|t:|1750714626
|move|p1b: Regigigas|Facade|p2a: Incineroar
|-damage|p2a: Incineroar|0 fnt
|faint|p2a: Incineroar
|move|p1a: Grafaiai|Parting Shot|p2b: Archaludon
|-unboost|p2b: Archaludon|atk|1
|-unboost|p2b: Archaludon|spa|1
|
|t:|1750714633
|switch|p1a: Lunala|Lunala, L50|100/100|[from] Parting Shot
|move|p2b: Archaludon|Dragon Pulse|p1a: Lunala
|-damage|p1a: Lunala|92/100
|
|-damage|p1b: Regigigas|50/100 brn|[from] brn
|upkeep
|
|t:|1750714641
|switch|p2a: Kyogre|Kyogre, L50|100/100
|-weather|RainDance|[from] ability: Drizzle|[of] p2a: Kyogre
|turn|3
|
|t:|1750714650
|move|p1a: Lunala|Protect|p1a: Lunala
|-singleturn|p1a: Lunala|Protect
|move|p2a: Kyogre|Water Spout|p1a: Lunala|[spread] p1b
|-activate|p1a: Lunala|move: Protect
|-damage|p1b: Regigigas|0 fnt
|faint|p1b: Regigigas
|move|p2b: Archaludon|Electro Shot||[still]
|-prepare|p2b: Archaludon|Electro Shot
|-boost|p2b: Archaludon|spa|1
|-anim|p2b: Archaludon|Electro Shot|p1a: Lunala
|-activate|p1a: Lunala|move: Protect
|
|-weather|RainDance|[upkeep]
|upkeep
|
|t:|1750714652
|switch|p1b: Grafaiai|Grafaiai, L50, M|100/100
|turn|4
|
|t:|1750714665
|move|p1b: Grafaiai|Scary Face|p2a: Kyogre
|-unboost|p2a: Kyogre|spe|2
|move|p1a: Lunala|Meteor Beam||[still]
|-prepare|p1a: Lunala|Meteor Beam
|-boost|p1a: Lunala|spa|1
|-enditem|p1a: Lunala|Power Herb
|-anim|p1a: Lunala|Meteor Beam|p2a: Kyogre
|-damage|p2a: Kyogre|43/100
|move|p2a: Kyogre|Water Spout|p1a: Lunala|[spread] p1a,p1b
|-damage|p1a: Lunala|70/100
|-damage|p1b: Grafaiai|67/100
|move|p2b: Archaludon|Electro Shot||[still]
|-prepare|p2b: Archaludon|Electro Shot
|-boost|p2b: Archaludon|spa|1
|-anim|p2b: Archaludon|Electro Shot|p1a: Lunala
|-damage|p1a: Lunala|31/100
|
|-weather|RainDance|[upkeep]
|upkeep
|turn|5
|inactive|mauveracor has 30 seconds left.
|
|t:|1750714693
|switch|p2a: Wo-Chien|Wo-Chien, L50|100/100
|-ability|p2a: Wo-Chien|Tablets of Ruin
|move|p1b: Grafaiai|Parting Shot|p2b: Archaludon
|-unboost|p2b: Archaludon|atk|1
|-unboost|p2b: Archaludon|spa|1
|
|t:|1750714696
|switch|p1b: Zacian|Zacian-Crowned, L50|100/100|[from] Parting Shot
|-ability|p1b: Zacian|Intrepid Sword|boost
|-boost|p1b: Zacian|atk|1
|move|p1a: Lunala|Moongeist Beam|p2a: Wo-Chien
|-resisted|p2a: Wo-Chien
|-damage|p2a: Wo-Chien|74/100
|move|p2b: Archaludon|Electro Shot||[still]
|-prepare|p2b: Archaludon|Electro Shot
|-boost|p2b: Archaludon|spa|1
|-anim|p2b: Archaludon|Electro Shot|p1b: Zacian
|-damage|p1b: Zacian|52/100
|
|-weather|RainDance|[upkeep]
|-heal|p2a: Wo-Chien|81/100|[from] item: Leftovers
|upkeep
|turn|6
|inactive|Kakarona has 30 seconds left.
|
|t:|1750714726
|-terastallize|p2a: Wo-Chien|Poison
|move|p1b: Zacian|Sacred Sword|p2b: Archaludon
|-supereffective|p2b: Archaludon
|-crit|p2b: Archaludon
|-damage|p2b: Archaludon|21/100
|-ability|p2b: Archaludon|Stamina|boost
|-boost|p2b: Archaludon|def|1
|move|p1a: Lunala|Moongeist Beam|p2b: Archaludon
|-damage|p2b: Archaludon|0 fnt
|faint|p2b: Archaludon
|move|p2a: Wo-Chien|Leech Seed|p1b: Zacian
|-start|p1b: Zacian|move: Leech Seed
|
|-weather|RainDance|[upkeep]
|-heal|p2a: Wo-Chien|87/100|[from] item: Leftovers
|-damage|p1b: Zacian|40/100|[from] Leech Seed|[of] p2a: Wo-Chien
|-heal|p2a: Wo-Chien|97/100|[silent]
|upkeep
|
|t:|1750714742
|switch|p2b: Kyogre|Kyogre, L50|43/100
|turn|7
|
|t:|1750714753
|move|p1a: Lunala|Protect|p1a: Lunala
|-singleturn|p1a: Lunala|Protect
|move|p2b: Kyogre|Origin Pulse|p1b: Zacian|[spread] p1b
|-activate|p1a: Lunala|move: Protect
|-damage|p1b: Zacian|0 fnt
|faint|p1b: Zacian
|move|p2a: Wo-Chien|Leech Seed|p1a: Lunala
|-activate|p1a: Lunala|move: Protect
|
|-weather|none
|-heal|p2a: Wo-Chien|100/100|[from] item: Leftovers
|upkeep
|
|t:|1750714755
|switch|p1b: Grafaiai|Grafaiai, L50, M|67/100
|turn|8
|
|t:|1750714765
|move|p1b: Grafaiai|Scary Face|p2b: Kyogre
|-unboost|p2b: Kyogre|spe|2
|move|p2b: Kyogre|Origin Pulse|p1b: Grafaiai|[spread] p1a,p1b
|-damage|p1a: Lunala|5/100
|-damage|p1b: Grafaiai|31/100
|move|p1a: Lunala|Moongeist Beam|p2b: Kyogre
|-damage|p2b: Kyogre|0 fnt
|faint|p2b: Kyogre
|move|p2a: Wo-Chien|Snarl|p1a: Lunala|[spread] p1a,p1b
|-supereffective|p1a: Lunala
|-damage|p1a: Lunala|0 fnt
|-damage|p1b: Grafaiai|18/100
|faint|p1a: Lunala
|
|upkeep
|turn|9
|-message|mauveracor forfeited.
|
|win|Kakarona
|raw|mauveracor's rating: 1425 &rarr; <strong>1403</strong><br />(-22 for losing)
|raw|Kakarona's rating: 1397 &rarr; <strong>1419</strong><br />(+22 for winning)
|l|☆mauveracor
|player|p1|
|l|☆Kakarona
|player|p2|
|j| zagmaer
|l| zagmaer
