|j|☆chingling is life
|j|☆joseangeel
|t:|1750869125
|gametype|doubles
|player|p1|chingling is life|1|1183
|player|p2|joseangeel|steven|1226
|teamsize|p1|6
|teamsize|p2|6
|gen|9
|tier|[Gen 9] VGC 2025 Reg I
|rated|
|rule|Species Clause: Limit one of each Pokémon
|rule|Item Clause: Limit 1 of each item
|clearpoke
|poke|p1|Klefki, L50, F|
|poke|p1|Miraidon, L50|
|poke|p1|Calyrex-Ice, L50|
|poke|p1|Zoroark-Hisui, L50, M|
|poke|p1|Scraggy, L50, M|
|poke|p1|Ogerpon-Cornerstone, L50, F|
|poke|p2|Miraidon, L50|
|poke|p2|Ogerpon-Hearthflame, L50, F|
|poke|p2|Grimmsnarl, L50, M|
|poke|p2|Incineroar, L50, F|
|poke|p2|Calyrex-Ice, L50|
|poke|p2|Urshifu-*, L50, F|
|teampreview|4
|inactive|Battle timer is ON: inactive players will automatically lose when time's up. (requested by chingling is life)
|inactive|joseangeel has 60 seconds left.
|
|t:|1750869212
|start
|switch|p1a: Miraidon|Miraidon, L50|100/100
|switch|p1b: Klefki|Klefki, L50, F|100/100
|switch|p2a: Miraidon|Miraidon, L50|100/100
|switch|p2b: Grimmsnarl|Grimmsnarl, L50, M|100/100
|-fieldstart|move: Electric Terrain|[from] ability: Hadron Engine|[of] p1a: Miraidon
|-activate|p2a: Miraidon|ability: Hadron Engine
|turn|1
|inactive|joseangeel has 30 seconds left.
|
|t:|1750869244
|-terastallize|p1a: Miraidon|Fairy
|-terastallize|p2a: Miraidon|Fairy
|move|p1b: Klefki|Switcheroo|p2a: Miraidon
|-activate|p1b: Klefki|move: Trick|[of] p2a: Miraidon
|-item|p2a: Miraidon|Ring Target|[from] move: Switcheroo
|-item|p1b: Klefki|Choice Specs|[from] move: Switcheroo
|move|p2b: Grimmsnarl|Light Screen|p2b: Grimmsnarl
|-sidestart|p2: joseangeel|move: Light Screen
|move|p1a: Miraidon|Draco Meteor|p2a: Miraidon
|-damage|p2a: Miraidon|20/100
|-unboost|p1a: Miraidon|spa|2
|move|p2a: Miraidon|Draco Meteor|p1a: Miraidon
|-immune|p1a: Miraidon
|
|upkeep
|turn|2
|inactive|chingling is life has 30 seconds left.
|inactive|joseangeel has 30 seconds left.
|inactive|joseangeel has 20 seconds left.
|inactive|joseangeel has 15 seconds left.
|inactive|joseangeel has 10 seconds left.
|inactive|joseangeel has 5 seconds left.
|
|t:|1750869298
|move|p1b: Klefki|Metal Sound|p2a: Miraidon
|-unboost|p2a: Miraidon|spd|2
|move|p2b: Grimmsnarl|Thunder Wave|p1b: Klefki
|-status|p1b: Klefki|par
|move|p1a: Miraidon|Draco Meteor|p2a: Miraidon
|-damage|p2a: Miraidon|0 fnt
|-unboost|p1a: Miraidon|spa|2
|faint|p2a: Miraidon
|
|upkeep
|
|t:|1750869312
|switch|p2a: Calyrex|Calyrex-Ice, L50|100/100
|-ability|p2a: Calyrex|As One
|-ability|p2a: Calyrex|Unnerve
|turn|3
|
|t:|1750869327
|switch|p1a: Calyrex|Calyrex-Ice, L50|100/100
|-ability|p1a: Calyrex|As One
|-ability|p1a: Calyrex|Unnerve
|-enditem|p1a: Calyrex|Electric Seed
|-boost|p1a: Calyrex|def|1|[from] item: Electric Seed
|move|p2b: Grimmsnarl|Reflect|p2b: Grimmsnarl
|-sidestart|p2: joseangeel|Reflect
|move|p1b: Klefki|Metal Sound|p2a: Calyrex
|-unboost|p2a: Calyrex|spd|2
|move|p2a: Calyrex|Glacial Lance|p1b: Klefki|[spread] p1a,p1b
|-resisted|p1a: Calyrex
|-resisted|p1b: Klefki
|-damage|p1a: Calyrex|87/100
|-damage|p1b: Klefki|71/100 par
|
|upkeep
|turn|4
|inactive|chingling is life has 30 seconds left.
|
|t:|1750869357
|switch|p1b: Scraggy|Scraggy, L50, M|100/100
|move|p2b: Grimmsnarl|Thunder Wave|p1a: Calyrex
|-status|p1a: Calyrex|par
|move|p2a: Calyrex|Glacial Lance|p1a: Calyrex|[spread] p1a,p1b
|-resisted|p1a: Calyrex
|-damage|p1a: Calyrex|72/100 par
|-enditem|p1b: Scraggy|Focus Sash
|-damage|p1b: Scraggy|1/100
|move|p1a: Calyrex|Trick Room|p1a: Calyrex
|-fieldstart|move: Trick Room|[of] p1a: Calyrex
|
|upkeep
|turn|5
|inactive|joseangeel has 30 seconds left.
|
|t:|1750869386
|move|p1a: Calyrex|Glacial Lance|p2a: Calyrex|[spread] p2a,p2b
|-resisted|p2a: Calyrex
|-damage|p2a: Calyrex|88/100
|-damage|p2b: Grimmsnarl|63/100
|move|p1b: Scraggy|Endeavor|p2a: Calyrex
|-damage|p2a: Calyrex|1/100
|move|p2a: Calyrex|Glacial Lance|p1b: Scraggy|[spread] p1a,p1b
|-resisted|p1a: Calyrex
|-damage|p1a: Calyrex|58/100 par
|-damage|p1b: Scraggy|0 fnt
|faint|p1b: Scraggy
|-ability|p2a: Calyrex|Chilling Neigh|boost
|-boost|p2a: Calyrex|atk|1
|move|p2b: Grimmsnarl|Foul Play|p1a: Calyrex
|-supereffective|p1a: Calyrex
|-damage|p1a: Calyrex|9/100 par
|
|-fieldend|move: Electric Terrain
|upkeep
|
|t:|1750869410
|switch|p1b: Miraidon|Miraidon, L50, tera:Fairy|100/100
|-fieldstart|move: Electric Terrain|[from] ability: Hadron Engine|[of] p1b: Miraidon
|turn|6
|
|t:|1750869419
|move|p2a: Calyrex|Protect|p2a: Calyrex
|-singleturn|p2a: Calyrex|Protect
|move|p1a: Calyrex|Glacial Lance|p2b: Grimmsnarl|[spread] p2b
|-activate|p2a: Calyrex|move: Protect
|-damage|p2b: Grimmsnarl|26/100
|move|p2b: Grimmsnarl|Foul Play|p1a: Calyrex
|-supereffective|p1a: Calyrex
|-damage|p1a: Calyrex|0 fnt
|faint|p1a: Calyrex
|move|p1b: Miraidon|Volt Switch|p2b: Grimmsnarl
|-damage|p2b: Grimmsnarl|0 fnt
|faint|p2b: Grimmsnarl
|
|t:|1750869434
|switch|p1b: Klefki|Klefki, L50, F|71/100 par|[from] Volt Switch
|
|upkeep
|
|t:|1750869439
|switch|p1a: Miraidon|Miraidon, L50, tera:Fairy|100/100
|switch|p2b: Ogerpon|Ogerpon-Hearthflame, L50, F|100/100
|-ability|p2b: Ogerpon|Mold Breaker
|-activate|p1a: Miraidon|ability: Hadron Engine
|turn|7
|
|t:|1750869458
|move|p1b: Klefki|Metal Sound|p2b: Ogerpon
|-unboost|p2b: Ogerpon|spd|2
|move|p2a: Calyrex|Glacial Lance|p1b: Klefki|[spread] p1a,p1b
|-resisted|p1b: Klefki
|-damage|p1a: Miraidon|0 fnt
|-damage|p1b: Klefki|22/100 par
|faint|p1a: Miraidon
|-ability|p2a: Calyrex|Chilling Neigh|boost
|-boost|p2a: Calyrex|atk|1
|move|p2b: Ogerpon|Ivy Cudgel|p1b: Klefki|[anim] Ivy Cudgel Fire
|-supereffective|p1b: Klefki
|-damage|p1b: Klefki|0 fnt
|faint|p1b: Klefki
|
|win|joseangeel
|raw|chingling is life's rating: 1183 &rarr; <strong>1161</strong><br />(-22 for losing)
|raw|joseangeel's rating: 1226 &rarr; <strong>1248</strong><br />(+22 for winning)
|l|☆joseangeel
|player|p2|
|l|☆chingling is life
|player|p1|
