|j|☆WINNINGTIMEBOYSSSS
|j|☆puppy moon
|t:|1750873705
|gametype|doubles
|player|p1|WINNINGTIMEBOYSSSS|170|1075
|player|p2|puppy moon|101|1185
|teamsize|p1|6
|teamsize|p2|6
|gen|9
|tier|[Gen 9] VGC 2025 Reg I
|rated|
|rule|Species Clause: Limit one of each Pokémon
|rule|Item Clause: Limit 1 of each item
|clearpoke
|poke|p1|Sneasler, L50, F|
|poke|p1|Miraidon, L50|
|poke|p1|Skarmory, L50, F|
|poke|p1|Iron Bundle, L50|
|poke|p1|Kyogre, L50|
|poke|p1|Urshifu-*, L50, F|
|poke|p2|Koraidon, L50|
|poke|p2|Terapagos, L50, M|
|poke|p2|Flutter Mane, L50|
|poke|p2|Rillaboom, L50, M|
|poke|p2|Incineroar, L50, F|
|poke|p2|Volcarona, L50, M|
|teampreview|4
|inactive|Battle timer is ON: inactive players will automatically lose when time's up. (requested by puppy moon)
|inactive|WINNINGTIMEBOYSSSS also wants the timer to be on.
|l|☆puppy moon
|inactive|puppy moon disconnected and has a minute to reconnect!
|player|p2|
|j|☆puppy moon
|inactive|puppy moon reconnected and has 70 seconds left.
|player|p2|puppy moon|101|
|inactive|puppy moon has 60 seconds left.
|
|t:|1750873736
|start
|switch|p1a: Sneasler|Sneasler, L50, F|100/100
|switch|p1b: Miraidon|Miraidon, L50|100/100
|switch|p2a: Koraidon|Koraidon, L50|100/100
|switch|p2b: Rillaboom|Rillaboom, L50, M|100/100
|-fieldstart|move: Electric Terrain|[from] ability: Hadron Engine|[of] p1b: Miraidon
|-enditem|p1a: Sneasler|Electric Seed
|-boost|p1a: Sneasler|def|1|[from] item: Electric Seed
|-weather|SunnyDay|[from] ability: Orichalcum Pulse|[of] p2a: Koraidon
|-activate|p2a: Koraidon|Orichalcum Pulse|[source]
|-fieldstart|move: Grassy Terrain|[from] ability: Grassy Surge|[of] p2b: Rillaboom
|turn|1
|inactive|WINNINGTIMEBOYSSSS has 30 seconds left.
|inactive|puppy moon has 30 seconds left.
|inactive|WINNINGTIMEBOYSSSS has 20 seconds left.
|inactive|WINNINGTIMEBOYSSSS has 15 seconds left.
|
|t:|1750873778
|-terastallize|p1b: Miraidon|Fairy
|-terastallize|p2a: Koraidon|Fire
|move|p1a: Sneasler|Fake Out|p2b: Rillaboom
|-damage|p2b: Rillaboom|86/100
|cant|p2b: Rillaboom|flinch
|move|p1b: Miraidon|Dazzling Gleam|p2a: Koraidon|[spread] p2a,p2b
|-resisted|p2a: Koraidon
|-damage|p2a: Koraidon|83/100
|-damage|p2b: Rillaboom|64/100
|move|p2a: Koraidon|Flare Blitz|p1b: Miraidon
|-damage|p1b: Miraidon|0 fnt
|faint|p1b: Miraidon
|-damage|p2a: Koraidon|50/100|[from] Recoil
|-damage|p2a: Koraidon|40/100|[from] item: Life Orb
|
|-weather|SunnyDay|[upkeep]
|-heal|p2a: Koraidon|46/100|[from] Grassy Terrain
|-heal|p2b: Rillaboom|70/100|[from] Grassy Terrain
|upkeep
|
|t:|1750873795
|switch|p1b: Skarmory|Skarmory, L50, F|100/100
|turn|2
|
|t:|1750873815
|move|p2a: Koraidon|Protect|p2a: Koraidon
|-singleturn|p2a: Koraidon|Protect
|move|p1b: Skarmory|Protect|p1b: Skarmory
|-singleturn|p1b: Skarmory|Protect
|move|p1a: Sneasler|Dire Claw|p2a: Koraidon
|-activate|p2a: Koraidon|move: Protect
|move|p2b: Rillaboom|U-turn|p1a: Sneasler
|-resisted|p1a: Sneasler
|-damage|p1a: Sneasler|94/100
|
|t:|1750873826
|switch|p2b: Incineroar|Incineroar, L50, F|100/100|[from] U-turn
|-ability|p2b: Incineroar|Intimidate|boost
|-unboost|p1a: Sneasler|atk|1
|-unboost|p1b: Skarmory|atk|1
|
|-weather|SunnyDay|[upkeep]
|-heal|p1a: Sneasler|99/100|[from] Grassy Terrain
|-heal|p2a: Koraidon|52/100|[from] Grassy Terrain
|upkeep
|turn|3
|inactive|WINNINGTIMEBOYSSSS has 30 seconds left.
|
|t:|1750873854
|move|p2b: Incineroar|Fake Out|p1a: Sneasler
|-damage|p1a: Sneasler|86/100
|cant|p1a: Sneasler|flinch
|move|p2a: Koraidon|Flare Blitz|p1b: Skarmory
|-supereffective|p1b: Skarmory
|-ability|p1b: Skarmory|Sturdy
|-damage|p1b: Skarmory|1/100
|-status|p1b: Skarmory|brn
|-damage|p2a: Koraidon|20/100|[from] Recoil
|-enditem|p1b: Skarmory|Red Card|[of] p2a: Koraidon
|drag|p2a: Terapagos|Terapagos, L50, M|100/100
|-activate|p2a: Terapagos|ability: Tera Shift
|detailschange|p2a: Terapagos|Terapagos-Terastal, L50, M
|-heal|p2a: Terapagos|100/100|[silent]
|move|p1b: Skarmory|Brave Bird|p2a: Terapagos
|-activate|p2a: Terapagos|ability: Tera Shell
|-resisted|p2a: Terapagos
|-damage|p2a: Terapagos|97/100
|-damage|p1b: Skarmory|0 fnt|[from] Recoil
|faint|p1b: Skarmory
|
|-weather|SunnyDay|[upkeep]
|-heal|p1a: Sneasler|92/100|[from] Grassy Terrain
|-heal|p2a: Terapagos|100/100|[from] Grassy Terrain
|upkeep
|
|t:|1750873863
|switch|p1b: Iron Bundle|Iron Bundle, L50|100/100
|turn|4
|inactive|WINNINGTIMEBOYSSSS has 30 seconds left.
|inactive|puppy moon has 30 seconds left.
|inactive|puppy moon has 20 seconds left.
|inactive|puppy moon has 15 seconds left.
|inactive|puppy moon has 10 seconds left.
|
|t:|1750873909
|move|p2a: Terapagos|Protect|p2a: Terapagos
|-singleturn|p2a: Terapagos|Protect
|move|p1a: Sneasler|Dire Claw|p2a: Terapagos
|-activate|p2a: Terapagos|move: Protect
|move|p1b: Iron Bundle|Icy Wind|p2a: Terapagos|[spread] p2b
|-activate|p2a: Terapagos|move: Protect
|-resisted|p2b: Incineroar
|-damage|p2b: Incineroar|90/100
|-unboost|p2b: Incineroar|spe|1
|move|p2b: Incineroar|Knock Off|p1b: Iron Bundle
|-damage|p1b: Iron Bundle|57/100
|-enditem|p1b: Iron Bundle|Focus Sash|[from] move: Knock Off|[of] p2b: Incineroar
|
|-weather|SunnyDay|[upkeep]
|-heal|p1a: Sneasler|98/100|[from] Grassy Terrain
|-heal|p1b: Iron Bundle|63/100|[from] Grassy Terrain
|-heal|p2b: Incineroar|96/100|[from] Grassy Terrain
|upkeep
|turn|5
|
|t:|1750873933
|switch|p2a: Rillaboom|Rillaboom, L50, M|70/100
|move|p1a: Sneasler|Dire Claw|p2a: Rillaboom
|-supereffective|p2a: Rillaboom
|-crit|p2a: Rillaboom
|-damage|p2a: Rillaboom|0 fnt
|faint|p2a: Rillaboom
|move|p1b: Iron Bundle|Encore|p2b: Incineroar
|-start|p2b: Incineroar|Encore
|move|p2b: Incineroar|Knock Off|p1a: Sneasler
|-resisted|p1a: Sneasler
|-damage|p1a: Sneasler|82/100
|
|-weather|none
|-heal|p1a: Sneasler|88/100|[from] Grassy Terrain
|-heal|p1b: Iron Bundle|69/100|[from] Grassy Terrain
|-heal|p2b: Incineroar|100/100|[from] Grassy Terrain
|-fieldend|move: Grassy Terrain
|upkeep
|
|t:|1750873951
|switch|p2a: Koraidon|Koraidon, L50, tera:Fire|20/100
|-weather|SunnyDay|[from] ability: Orichalcum Pulse|[of] p2a: Koraidon
|-activate|p2a: Koraidon|Orichalcum Pulse|[source]
|turn|6
|inactive|WINNINGTIMEBOYSSSS has 30 seconds left.
|inactive|WINNINGTIMEBOYSSSS has 20 seconds left.
|
|t:|1750873990
|move|p2a: Koraidon|Protect|p2a: Koraidon
|-singleturn|p2a: Koraidon|Protect
|move|p1a: Sneasler|Throat Chop|p2a: Koraidon
|-activate|p2a: Koraidon|move: Protect
|move|p1b: Iron Bundle|Ice Beam|p2b: Incineroar
|-resisted|p2b: Incineroar
|-damage|p2b: Incineroar|78/100
|move|p2b: Incineroar|Knock Off|p1b: Iron Bundle
|-damage|p1b: Iron Bundle|38/100
|
|-weather|SunnyDay|[upkeep]
|upkeep
|turn|7
|
|t:|1750874015
|move|p1b: Iron Bundle|Protect|p1b: Iron Bundle
|-singleturn|p1b: Iron Bundle|Protect
|move|p1a: Sneasler|Throat Chop|p2a: Koraidon
|-damage|p2a: Koraidon|2/100
|-start|p2a: Koraidon|Throat Chop|[silent]
|move|p2a: Koraidon|Flare Blitz|p1a: Sneasler
|-damage|p1a: Sneasler|0 fnt
|faint|p1a: Sneasler
|-damage|p2a: Koraidon|0 fnt|[from] Recoil
|faint|p2a: Koraidon
|move|p2b: Incineroar|Knock Off|p1b: Iron Bundle
|-activate|p1b: Iron Bundle|move: Protect
|
|-weather|SunnyDay|[upkeep]
|-end|p2b: Incineroar|Encore
|upkeep
|
|t:|1750874031
|switch|p2a: Terapagos|Terapagos-Terastal, L50, M|100/100
|turn|8
|-message|WINNINGTIMEBOYSSSS forfeited.
|
|win|puppy moon
|raw|WINNINGTIMEBOYSSSS's rating: 1075 &rarr; <strong>1060</strong><br />(-15 for losing)
|raw|puppy moon's rating: 1185 &rarr; <strong>1202</strong><br />(+17 for winning)
|l|☆WINNINGTIMEBOYSSSS
|player|p1|
|l|☆puppy moon
|player|p2|
