|j|☆Chespin0808
|j|☆nobletyphoon
|t:|1750738665
|gametype|doubles
|player|p1|Chespin0808|preschoolerf|1280
|player|p2|nobletyphoon|cheryl|1207
|teamsize|p1|6
|teamsize|p2|6
|gen|9
|tier|[Gen 9] VGC 2025 Reg I
|rated|
|rule|Species Clause: Limit one of each Pokémon
|rule|Item Clause: Limit 1 of each item
|clearpoke
|poke|p1|Calyrex-Shadow, L50|
|poke|p1|Zamazenta-*, L50|
|poke|p1|Grimmsnarl, L50, M|
|poke|p1|Landorus, L50, M|
|poke|p1|Rillaboom, L50, F|
|poke|p1|Ogerpon-Cornerstone, L50, F|
|poke|p2|Regice, L50|
|poke|p2|Regidrago, L50|
|poke|p2|Regieleki, L50|
|poke|p2|Regigigas, L50|
|poke|p2|Regirock, L50|
|poke|p2|Registeel, L50|
|teampreview|4
|
|t:|1750738698
|start
|switch|p1a: Landorus|Landorus, L50, M|100/100
|switch|p1b: Grimmsnarl|Grimmsnarl, L50, M, shiny|100/100
|switch|p2a: Regigigas|Regigigas, L50|100/100
|switch|p2b: Regieleki|Regieleki, L50|100/100
|-start|p2a: Regigigas|ability: Slow Start
|turn|1
|inactive|Battle timer is ON: inactive players will automatically lose when time's up. (requested by nobletyphoon)
|
|t:|1750738725
|move|p1b: Grimmsnarl|Fake Out|p2b: Regieleki
|-damage|p2b: Regieleki|77/100
|cant|p2b: Regieleki|flinch
|move|p1a: Landorus|Substitute|p1a: Landorus
|-start|p1a: Landorus|Substitute
|-damage|p1a: Landorus|76/100
|move|p2a: Regigigas|Knock Off|p1b: Grimmsnarl
|-resisted|p1b: Grimmsnarl
|-damage|p1b: Grimmsnarl|97/100
|-enditem|p1b: Grimmsnarl|Covert Cloak|[from] move: Knock Off|[of] p2a: Regigigas
|
|upkeep
|turn|2
|
|t:|1750738748
|move|p1b: Grimmsnarl|Thunder Wave|p2a: Regigigas
|-status|p2a: Regigigas|par
|move|p2b: Regieleki|Volt Switch|p1b: Grimmsnarl
|-damage|p1b: Grimmsnarl|26/100
|
|t:|1750738757
|switch|p2b: Regice|Regice, L50|100/100|[from] Volt Switch
|move|p1a: Landorus|Earth Power|p2b: Regice
|-damage|p2b: Regice|63/100
|cant|p2a: Regigigas|par
|
|upkeep
|turn|3
|inactive|nobletyphoon has 30 seconds left.
|
|t:|1750738788
|move|p2b: Regice|Protect|p2b: Regice
|-singleturn|p2b: Regice|Protect
|move|p1b: Grimmsnarl|Fake Tears|p2b: Regice
|-activate|p2b: Regice|move: Protect
|move|p1a: Landorus|Earth Power|p2b: Regice
|-activate|p2b: Regice|move: Protect
|move|p2a: Regigigas|Double-Edge|p1a: Landorus
|-end|p1a: Landorus|Substitute
|-damage|p2a: Regigigas|94/100 par|[from] Recoil|[of] p1a: Landorus
|
|-heal|p2a: Regigigas|99/100 par|[from] item: Leftovers
|upkeep
|turn|4
|inactive|Chespin0808 has 30 seconds left.
|inactive|nobletyphoon has 30 seconds left.
|
|t:|1750738816
|move|p1b: Grimmsnarl|Fake Tears|p2a: Regigigas
|-unboost|p2a: Regigigas|spd|2
|move|p1a: Landorus|Earth Power|p2a: Regigigas
|-damage|p2a: Regigigas|0 fnt
|faint|p2a: Regigigas
|-end|p2a: Regigigas|Slow Start|[silent]
|move|p2b: Regice|Ice Beam|p1a: Landorus
|-supereffective|p1a: Landorus
|-damage|p1a: Landorus|0 fnt
|faint|p1a: Landorus
|
|upkeep
|
|t:|1750738829
|switch|p1a: Zamazenta|Zamazenta-Crowned, L50|100/100
|switch|p2a: Regieleki|Regieleki, L50|77/100
|-ability|p1a: Zamazenta|Dauntless Shield|boost
|-boost|p1a: Zamazenta|def|1
|turn|5
|inactive|nobletyphoon has 30 seconds left.
|inactive|nobletyphoon has 20 seconds left.
|inactive|nobletyphoon has 15 seconds left.
|
|t:|1750738871
|move|p2b: Regice|Protect|p2b: Regice
|-singleturn|p2b: Regice|Protect
|move|p1b: Grimmsnarl|Sucker Punch|p2a: Regieleki
|-damage|p2a: Regieleki|20/100
|move|p2a: Regieleki|Electroweb|p1a: Zamazenta|[spread] p1a,p1b
|-damage|p1a: Zamazenta|74/100
|-damage|p1b: Grimmsnarl|0 fnt
|-unboost|p1a: Zamazenta|spe|1
|faint|p1b: Grimmsnarl
|move|p1a: Zamazenta|Body Press|p2a: Regieleki
|-damage|p2a: Regieleki|0 fnt
|faint|p2a: Regieleki
|
|upkeep
|
|t:|1750738885
|switch|p2a: Registeel|Registeel, L50|100/100
|switch|p1b: Calyrex|Calyrex-Shadow, L50|100/100
|-ability|p1b: Calyrex|As One
|-ability|p1b: Calyrex|Unnerve
|turn|6
|inactive|nobletyphoon has 30 seconds left.
|inactive|nobletyphoon has 20 seconds left.
|
|t:|1750738923
|move|p1b: Calyrex|Astral Barrage|p2a: Registeel|[spread] p2a,p2b
|-damage|p2a: Registeel|71/100
|-damage|p2b: Regice|36/100
|move|p1a: Zamazenta|Body Press|p2b: Regice
|-supereffective|p2b: Regice
|-damage|p2b: Regice|0 fnt
|faint|p2b: Regice
|move|p2a: Registeel|Heavy Slam|p1b: Calyrex
|-damage|p1b: Calyrex|76/100
|
|upkeep
|turn|7
|
|t:|1750738940
|-terastallize|p2a: Registeel|Water
|move|p1b: Calyrex|Astral Barrage|p2a: Registeel
|-damage|p2a: Registeel|29/100
|move|p1a: Zamazenta|Body Press|p2a: Registeel
|-damage|p2a: Registeel|0 fnt
|faint|p2a: Registeel
|
|win|Chespin0808
|raw|Chespin0808's rating: 1280 &rarr; <strong>1300</strong><br />(+20 for winning)
|raw|nobletyphoon's rating: 1207 &rarr; <strong>1187</strong><br />(-20 for losing)
|l|☆Chespin0808
|player|p1|
|l|☆nobletyphoon
|player|p2|
