|j|☆hitherem8
|j|☆blu3cr33p3r
|t:|1750767310
|gametype|doubles
|player|p1|hitherem8|102|1264
|player|p2|blu3cr33p3r|bruno|1205
|teamsize|p1|6
|teamsize|p2|6
|gen|9
|tier|[Gen 9] VGC 2025 Reg I
|rated|
|rule|Species Clause: Limit one of each Pokémon
|rule|Item Clause: Limit 1 of each item
|clearpoke
|poke|p1|Miraidon, L50|
|poke|p1|Kyogre, L50|
|poke|p1|Iron Valiant, L50|
|poke|p1|Incineroar, L50, F|
|poke|p1|Urshifu-*, L50, F|
|poke|p1|Tornadus, L50, M|
|poke|p2|Calyrex-Shadow, L50|
|poke|p2|Terapagos, L50, M|
|poke|p2|Iron Hands, L50|
|poke|p2|Chi-Yu, L50|
|poke|p2|Smeargle, L50, F|
|poke|p2|Whimsicott, L50, M|
|teampreview|4
|
|t:|1750767364
|start
|switch|p1a: Miraidon|Miraidon, L50|100/100
|switch|p1b: Iron Valiant|Iron Valiant, L50|100/100
|switch|p2a: Levitating|Calyrex-Shadow, L50|100/100
|switch|p2b: DontStartNow|Whimsicott, L50, M, shiny|100/100
|-ability|p2a: Levitating|As One
|-ability|p2a: Levitating|Unnerve
|-fieldstart|move: Electric Terrain|[from] ability: Hadron Engine|[of] p1a: Miraidon
|-activate|p1b: Iron Valiant|ability: Quark Drive
|-start|p1b: Iron Valiant|quarkdrivespe
|turn|1
|
|t:|1750767410
|move|p1b: Iron Valiant|Icy Wind|p2b: DontStartNow|[spread] p2a,p2b
|-supereffective|p2b: DontStartNow
|-damage|p2a: Levitating|90/100
|-damage|p2b: DontStartNow|74/100
|-unboost|p2a: Levitating|spe|1
|move|p1a: Miraidon|Electro Drift|p2a: Levitating
|-damage|p2a: Levitating|0 fnt
|faint|p2a: Levitating
|move|p2b: DontStartNow|Moonblast|p1b: Iron Valiant
|-supereffective|p1b: Iron Valiant
|-damage|p1b: Iron Valiant|18/100
|-unboost|p1b: Iron Valiant|spa|1
|
|upkeep
|
|t:|1750767425
|switch|p2a: Hallucinate|Terapagos, L50, M|100/100
|-activate|p2a: Hallucinate|ability: Tera Shift
|detailschange|p2a: Hallucinate|Terapagos-Terastal, L50, M
|-heal|p2a: Hallucinate|100/100|[silent]
|turn|2
|
|t:|1750767456
|-terastallize|p2a: Hallucinate|Stellar
|detailschange|p2a: Hallucinate|Terapagos-Stellar, L50, M, tera:Stellar
|-heal|p2a: Hallucinate|100/100|[silent]
|-ability|p2a: Hallucinate|Teraform Zero
|-fieldend|move: Electric Terrain
|-end|p1b: Iron Valiant|Quark Drive
|-enditem|p1b: Iron Valiant|Booster Energy
|-activate|p1b: Iron Valiant|ability: Quark Drive|[fromitem]
|-start|p1b: Iron Valiant|quarkdrivespe
|move|p2b: DontStartNow|Tailwind|p2b: DontStartNow
|-sidestart|p2: blu3cr33p3r|move: Tailwind
|move|p2a: Hallucinate|Tera Starstorm|p1b: Iron Valiant|[spread] p1a,p1b
|-damage|p1a: Miraidon|48/100
|-damage|p1b: Iron Valiant|0 fnt
|faint|p1b: Iron Valiant
|-end|p1b: Iron Valiant|Quark Drive|[silent]
|move|p1a: Miraidon|Electro Drift|p2a: Hallucinate
|-damage|p2a: Hallucinate|46/100
|
|upkeep
|
|t:|1750767474
|switch|p1b: Incineroar|Incineroar, L50, F|100/100
|-ability|p1b: Incineroar|Intimidate|boost
|-unboost|p2a: Hallucinate|atk|1
|-unboost|p2b: DontStartNow|atk|1
|turn|3
|
|t:|1750767500
|-terastallize|p1a: Miraidon|Fairy
|move|p1b: Incineroar|Fake Out|p2a: Hallucinate
|-damage|p2a: Hallucinate|39/100
|move|p2b: DontStartNow|Moonblast|p1a: Miraidon
|-damage|p1a: Miraidon|22/100
|cant|p2a: Hallucinate|flinch
|move|p1a: Miraidon|Electro Drift|p2a: Hallucinate
|-damage|p2a: Hallucinate|0 fnt
|faint|p2a: Hallucinate
|detailschange|p2: Hallucinate|Terapagos, L50, M|[silent]
|
|upkeep
|
|t:|1750767514
|switch|p2a: Physical|Iron Hands, L50|100/100
|turn|4
|
|t:|1750767541
|switch|p1b: Urshifu|Urshifu-Rapid-Strike, L50, F|100/100
|move|p2b: DontStartNow|Moonblast|p1a: Miraidon
|-damage|p1a: Miraidon|0 fnt
|faint|p1a: Miraidon
|move|p2a: Physical|Drain Punch|p1b: Urshifu
|-damage|p1b: Urshifu|57/100
|
|upkeep
|
|t:|1750767549
|switch|p1a: Incineroar|Incineroar, L50, F|100/100
|-ability|p1a: Incineroar|Intimidate|boost
|-unboost|p2a: Physical|atk|1
|-unboost|p2b: DontStartNow|atk|1
|turn|5
|
|t:|1750767589
|move|p1b: Urshifu|Aqua Jet|p2a: Physical
|-damage|p2a: Physical|78/100
|move|p2b: DontStartNow|Moonblast|p1a: Incineroar
|-damage|p1a: Incineroar|76/100
|move|p2a: Physical|Wild Charge|p1b: Urshifu
|-supereffective|p1b: Urshifu
|-damage|p1b: Urshifu|0 fnt
|faint|p1b: Urshifu
|-damage|p2a: Physical|68/100|[from] Recoil
|move|p1a: Incineroar|Flare Blitz|p2b: DontStartNow
|-supereffective|p2b: DontStartNow
|-damage|p2b: DontStartNow|0 fnt
|faint|p2b: DontStartNow
|-damage|p1a: Incineroar|58/100|[from] Recoil
|
|-sideend|p2: blu3cr33p3r|move: Tailwind
|upkeep
|turn|6
|
|t:|1750767613
|move|p1a: Incineroar|Knock Off|p2a: Physical
|-resisted|p2a: Physical
|-damage|p2a: Physical|54/100
|-enditem|p2a: Physical|Assault Vest|[from] move: Knock Off|[of] p1a: Incineroar
|move|p2a: Physical|Drain Punch|p1a: Incineroar
|-supereffective|p1a: Incineroar
|-damage|p1a: Incineroar|13/100
|-heal|p2a: Physical|74/100|[from] drain|[of] p1a: Incineroar
|
|upkeep
|turn|7
|
|t:|1750767623
|move|p1a: Incineroar|Flare Blitz|p2a: Physical
|-damage|p2a: Physical|45/100
|-damage|p1a: Incineroar|2/100|[from] Recoil
|move|p2a: Physical|Drain Punch|p1a: Incineroar
|-supereffective|p1a: Incineroar
|-damage|p1a: Incineroar|0 fnt
|-heal|p2a: Physical|46/100|[from] drain|[of] p1a: Incineroar
|faint|p1a: Incineroar
|
|win|blu3cr33p3r
|raw|hitherem8's rating: 1264 &rarr; <strong>1235</strong><br />(-29 for losing)
|raw|blu3cr33p3r's rating: 1205 &rarr; <strong>1234</strong><br />(+29 for winning)
|l|☆hitherem8
|player|p1|
