|j|☆Highjack #14
|j|☆Dyloanis16
|t:|1750706371
|gametype|doubles
|player|p1|Highjack #14|170|1398
|player|p2|Dyloanis16|170|1428
|teamsize|p1|6
|teamsize|p2|6
|gen|9
|tier|[Gen 9] VGC 2025 Reg I
|rated|
|rule|Species Clause: Limit one of each Pokémon
|rule|Item Clause: Limit 1 of each item
|clearpoke
|poke|p1|Kleavor, L50, M|
|poke|p1|Calyrex-Shadow, L50|
|poke|p1|Blaziken, L50, F|
|poke|p1|Zamazenta-*, L50|
|poke|p1|Urshifu-*, L50, F|
|poke|p1|Rillaboom, L50, M|
|poke|p2|Ting-Lu, L50|
|poke|p2|Calyrex-Ice, L50|
|poke|p2|Amoonguss, L50, F|
|poke|p2|Rillaboom, L50, M|
|poke|p2|Koraidon, L50|
|poke|p2|Flutter Mane, L50|
|teampreview|4
Highjack #14 has agreed to open team sheets.
|
|t:|1750706395
|start
|switch|p1a: Kleavor|Kleavor, L50, M|100/100
|switch|p1b: Calyrex|Calyrex-Shadow, L50|100/100
|switch|p2a: Koraidon|Koraidon, L50|100/100
|switch|p2b: Flutter Mane|Flutter Mane, L50|100/100
|-ability|p1b: Calyrex|As One
|-ability|p1b: Calyrex|Unnerve
|-weather|SunnyDay|[from] ability: Orichalcum Pulse|[of] p2a: Koraidon
|-activate|p2b: Flutter Mane|ability: Protosynthesis
|-start|p2b: Flutter Mane|protosynthesisspe
|-activate|p2a: Koraidon|Orichalcum Pulse|[source]
|turn|1
|
|t:|1750706416
|-terastallize|p1b: Calyrex|Dark
|move|p2b: Flutter Mane|Icy Wind|p1a: Kleavor|[spread] p1a,p1b
|-damage|p1a: Kleavor|75/100
|-damage|p1b: Calyrex|88/100
|-unboost|p1a: Kleavor|spe|1
|-unboost|p1b: Calyrex|spe|1
|move|p2a: Koraidon|Flare Blitz|p1b: Calyrex
|-damage|p1b: Calyrex|0 fnt
|faint|p1b: Calyrex
|-damage|p2a: Koraidon|70/100|[from] Recoil
|-damage|p2a: Koraidon|61/100|[from] item: Life Orb
|move|p1a: Kleavor|Stone Axe|p2b: Flutter Mane
|-enditem|p2b: Flutter Mane|Focus Sash
|-damage|p2b: Flutter Mane|1/100
|-sidestart|p2: Dyloanis16|move: Stealth Rock
|
|-weather|SunnyDay|[upkeep]
|upkeep
|
|t:|1750706428
|switch|p1b: Blaziken|Blaziken, L50, F|100/100
|turn|2
|
|t:|1750706456
|move|p2b: Flutter Mane|Moonblast|p1b: Blaziken
|-damage|p1b: Blaziken|21/100
|move|p2a: Koraidon|Flare Blitz|p1a: Kleavor
|-damage|p1a: Kleavor|0 fnt
|faint|p1a: Kleavor
|-damage|p2a: Koraidon|41/100|[from] Recoil
|-damage|p2a: Koraidon|31/100|[from] item: Life Orb
|move|p1b: Blaziken|Close Combat|p2a: Koraidon
|-damage|p2a: Koraidon|0 fnt
|-unboost|p1b: Blaziken|def|1
|-unboost|p1b: Blaziken|spd|1
|faint|p2a: Koraidon
|
|-weather|SunnyDay|[upkeep]
|-ability|p1b: Blaziken|Speed Boost|boost
|-boost|p1b: Blaziken|spe|1
|upkeep
|
|t:|1750706474
|switch|p2a: Rillaboom|Rillaboom, L50, M|100/100
|switch|p1a: Zamazenta|Zamazenta-Crowned, L50|100/100
|-ability|p1a: Zamazenta|Dauntless Shield|boost
|-boost|p1a: Zamazenta|def|1
|-damage|p2a: Rillaboom|88/100|[from] Stealth Rock
|-fieldstart|move: Grassy Terrain|[from] ability: Grassy Surge|[of] p2a: Rillaboom
|turn|3
|inactive|Battle timer is ON: inactive players will automatically lose when time's up. (requested by Dyloanis16)
|
|t:|1750706486
|move|p1b: Blaziken|Detect|p1b: Blaziken
|-singleturn|p1b: Blaziken|Protect
|move|p2a: Rillaboom|Fake Out|p1a: Zamazenta
|-resisted|p1a: Zamazenta
|-damage|p1a: Zamazenta|97/100
|move|p2b: Flutter Mane|Moonblast|p1b: Blaziken
|-activate|p1b: Blaziken|move: Protect
|cant|p1a: Zamazenta|flinch
|
|-weather|SunnyDay|[upkeep]
|-heal|p2b: Flutter Mane|7/100|[from] Grassy Terrain
|-heal|p1b: Blaziken|27/100|[from] Grassy Terrain
|-heal|p1a: Zamazenta|100/100|[from] Grassy Terrain
|-heal|p2a: Rillaboom|94/100|[from] Grassy Terrain
|-ability|p1b: Blaziken|Speed Boost|boost
|-boost|p1b: Blaziken|spe|1
|upkeep
|turn|4
|
|t:|1750706503
|move|p2b: Flutter Mane|Moonblast|p1b: Blaziken
|-damage|p1b: Blaziken|0 fnt
|faint|p1b: Blaziken
|move|p1a: Zamazenta|Heavy Slam|p2b: Flutter Mane
|-supereffective|p2b: Flutter Mane
|-damage|p2b: Flutter Mane|0 fnt
|faint|p2b: Flutter Mane
|-end|p2b: Flutter Mane|Protosynthesis|[silent]
|move|p2a: Rillaboom|U-turn|p1a: Zamazenta
|-resisted|p1a: Zamazenta
|-damage|p1a: Zamazenta|98/100
|
|t:|1750706506
|switch|p2a: Calyrex|Calyrex-Ice, L50|100/100|[from] U-turn
|-ability|p2a: Calyrex|As One
|-ability|p2a: Calyrex|Unnerve
|-damage|p2a: Calyrex|76/100|[from] Stealth Rock
|
|-weather|SunnyDay|[upkeep]
|-heal|p1a: Zamazenta|100/100|[from] Grassy Terrain
|-heal|p2a: Calyrex|82/100|[from] Grassy Terrain
|upkeep
|
|t:|1750706508
|switch|p2b: Rillaboom|Rillaboom, L50, M|94/100
|-damage|p2b: Rillaboom|82/100|[from] Stealth Rock
|turn|5
|
|t:|1750706517
|move|p2b: Rillaboom|Fake Out|p1a: Zamazenta
|-resisted|p1a: Zamazenta
|-damage|p1a: Zamazenta|97/100
|cant|p1a: Zamazenta|flinch
|move|p2a: Calyrex|Trick Room|p2a: Calyrex
|-fieldstart|move: Trick Room|[of] p2a: Calyrex
|
|-weather|none
|-heal|p2a: Calyrex|87/100|[from] Grassy Terrain
|-heal|p2b: Rillaboom|88/100|[from] Grassy Terrain
|-heal|p1a: Zamazenta|100/100|[from] Grassy Terrain
|upkeep
|turn|6
|
|t:|1750706527
|-terastallize|p2a: Calyrex|Fire
|move|p2a: Calyrex|High Horsepower|p1a: Zamazenta
|-supereffective|p1a: Zamazenta
|-damage|p1a: Zamazenta|64/100
|move|p2b: Rillaboom|Wood Hammer|p1a: Zamazenta
|-resisted|p1a: Zamazenta
|-damage|p1a: Zamazenta|49/100
|-damage|p2b: Rillaboom|83/100|[from] Recoil
|move|p1a: Zamazenta|Body Press|p2a: Calyrex
|-damage|p2a: Calyrex|49/100
|
|-heal|p2a: Calyrex|55/100|[from] Grassy Terrain
|-heal|p2b: Rillaboom|89/100|[from] Grassy Terrain
|-heal|p1a: Zamazenta|55/100|[from] Grassy Terrain
|upkeep
|turn|7
|
|t:|1750706544
|move|p1a: Zamazenta|Protect|p1a: Zamazenta
|-singleturn|p1a: Zamazenta|Protect
|move|p2a: Calyrex|High Horsepower|p1a: Zamazenta
|-activate|p1a: Zamazenta|move: Protect
|move|p2b: Rillaboom|Wood Hammer|p1a: Zamazenta
|-activate|p1a: Zamazenta|move: Protect
|
|-heal|p2a: Calyrex|61/100|[from] Grassy Terrain
|-heal|p2b: Rillaboom|95/100|[from] Grassy Terrain
|-heal|p1a: Zamazenta|61/100|[from] Grassy Terrain
|-fieldend|move: Grassy Terrain
|upkeep
|turn|8
|
|t:|1750706556
|move|p2a: Calyrex|High Horsepower|p1a: Zamazenta
|-supereffective|p1a: Zamazenta
|-damage|p1a: Zamazenta|24/100
|move|p2b: Rillaboom|Wood Hammer|p1a: Zamazenta
|-resisted|p1a: Zamazenta
|-damage|p1a: Zamazenta|10/100
|-damage|p2b: Rillaboom|91/100|[from] Recoil
|move|p1a: Zamazenta|Body Press|p2b: Rillaboom
|-damage|p2b: Rillaboom|29/100
|
|upkeep
|turn|9
|
|t:|1750706566
|move|p2a: Calyrex|High Horsepower|p1a: Zamazenta
|-supereffective|p1a: Zamazenta
|-damage|p1a: Zamazenta|0 fnt
|faint|p1a: Zamazenta
|
|win|Dyloanis16
|raw|Highjack #14's rating: 1398 &rarr; <strong>1380</strong><br />(-18 for losing)
|raw|Dyloanis16's rating: 1428 &rarr; <strong>1446</strong><br />(+18 for winning)
|l|☆Highjack #14
|player|p1|
|l|☆Dyloanis16
|player|p2|
