|j|☆FrogJay
|j|☆TommyGuapo
|t:|1750875826
|gametype|doubles
|player|p1|FrogJay|n|1378
|player|p2|TommyGuapo|102|1479
|teamsize|p1|6
|teamsize|p2|5
|gen|9
|tier|[Gen 9] VGC 2025 Reg I
|rated|
|rule|Species Clause: Limit one of each Pokémon
|rule|Item Clause: Limit 1 of each item
|clearpoke
|poke|p1|Calyrex-Shadow, L50|
|poke|p1|Koraidon, L50|
|poke|p1|Incineroar, L50, F|
|poke|p1|Rillaboom, L50, M|
|poke|p1|Farigiraf, L50, M|
|poke|p1|Raging Bolt, L50|
|poke|p2|Zacian-*, L50|
|poke|p2|Giratina-Origin, L50|
|poke|p2|Urshifu-*, L50, M|
|poke|p2|Chien-Pao, L50|
|poke|p2|Pelipper, L50, M|
|teampreview|4
|inactive|Battle timer is ON: inactive players will automatically lose when time's up. (requested by TommyGuapo)
TommyGuapo has agreed to open team sheets.
|inactive|TommyGuapo has 60 seconds left.
|
|t:|1750875869
|start
|switch|p1a: Calyrex|Calyrex-Shadow, L50|100/100
|switch|p1b: Incineroar|Incineroar, L50, F|100/100
|switch|p2a: Urshifu|Urshifu-Rapid-Strike, L50, M|100/100
|switch|p2b: Giratina|Giratina-Origin, L50|100/100
|-ability|p1a: Calyrex|As One
|-ability|p1a: Calyrex|Unnerve
|-ability|p1b: Incineroar|Intimidate|boost
|-unboost|p2a: Urshifu|atk|1
|-unboost|p2b: Giratina|atk|1
|turn|1
|
|t:|1750875891
|switch|p2b: Pelipper|Pelipper, L50, M|100/100
|-weather|RainDance|[from] ability: Drizzle|[of] p2b: Pelipper
|-terastallize|p2a: Urshifu|Ghost
|-terastallize|p1a: Calyrex|Ghost
|move|p1b: Incineroar|Fake Out|p2a: Urshifu
|-immune|p2a: Urshifu
|move|p2a: Urshifu|Surging Strikes|p1a: Calyrex
|-crit|p1a: Calyrex
|-damage|p1a: Calyrex|60/100
|-crit|p1a: Calyrex
|-damage|p1a: Calyrex|19/100
|-crit|p1a: Calyrex
|-damage|p1a: Calyrex|0 fnt
|faint|p1a: Calyrex
|-hitcount|p1: Calyrex|3
|
|-weather|RainDance|[upkeep]
|upkeep
|
|t:|1750875900
|switch|p1a: Raging Bolt|Raging Bolt, L50|100/100
|turn|2
|inactive|TommyGuapo has 30 seconds left.
|
|t:|1750875933
|switch|p2b: Zacian|Zacian-Crowned, L50|100/100
|-ability|p2b: Zacian|Intrepid Sword|boost
|-boost|p2b: Zacian|atk|1
|switch|p1b: Koraidon|Koraidon, L50|100/100
|-weather|SunnyDay|[from] ability: Orichalcum Pulse|[of] p1b: Koraidon
|-activate|p1a: Raging Bolt|ability: Protosynthesis
|-start|p1a: Raging Bolt|protosynthesisspa
|-activate|p1b: Koraidon|Orichalcum Pulse|[source]
|move|p2a: Urshifu|Surging Strikes|p1b: Koraidon
|-resisted|p1b: Koraidon
|-crit|p1b: Koraidon
|-damage|p1b: Koraidon|97/100
|-resisted|p1b: Koraidon
|-crit|p1b: Koraidon
|-damage|p1b: Koraidon|93/100
|-resisted|p1b: Koraidon
|-crit|p1b: Koraidon
|-damage|p1b: Koraidon|89/100
|-hitcount|p1b: Koraidon|3
|move|p1a: Raging Bolt|Dragon Pulse|p2a: Urshifu
|-damage|p2a: Urshifu|0 fnt
|faint|p2a: Urshifu
|-damage|p1a: Raging Bolt|91/100|[from] item: Life Orb
|
|-weather|SunnyDay|[upkeep]
|upkeep
|
|t:|1750875956
|switch|p2a: Pelipper|Pelipper, L50, M|100/100
|-weather|RainDance|[from] ability: Drizzle|[of] p2a: Pelipper
|-end|p1a: Raging Bolt|Protosynthesis
|turn|3
|
|t:|1750875974
|switch|p1b: Incineroar|Incineroar, L50, F|100/100
|-ability|p1b: Incineroar|Intimidate|boost
|-unboost|p2a: Pelipper|atk|1
|-unboost|p2b: Zacian|atk|1
|move|p2b: Zacian|Protect|p2b: Zacian
|-singleturn|p2b: Zacian|Protect
|move|p1a: Raging Bolt|Protect|p1a: Raging Bolt
|-singleturn|p1a: Raging Bolt|Protect
|move|p2a: Pelipper|Tailwind|p2a: Pelipper
|-sidestart|p2: TommyGuapo|move: Tailwind
|
|-weather|RainDance|[upkeep]
|upkeep
|turn|4
|
|t:|1750875990
|move|p2a: Pelipper|Helping Hand|p2b: Zacian
|-singleturn|p2b: Zacian|Helping Hand|[of] p2a: Pelipper
|move|p1b: Incineroar|Fake Out|p2b: Zacian
|-resisted|p2b: Zacian
|-damage|p2b: Zacian|96/100
|cant|p2b: Zacian|flinch
|move|p1a: Raging Bolt|Thunderbolt|p2b: Zacian
|-damage|p2b: Zacian|41/100
|-damage|p1a: Raging Bolt|81/100|[from] item: Life Orb
|
|-weather|RainDance|[upkeep]
|upkeep
|turn|5
|
|t:|1750876010
|move|p1a: Raging Bolt|Protect|p1a: Raging Bolt
|-singleturn|p1a: Raging Bolt|Protect
|move|p2b: Zacian|Substitute|p2b: Zacian
|-start|p2b: Zacian|Substitute
|-damage|p2b: Zacian|17/100
|move|p2a: Pelipper|Hurricane|p1b: Incineroar
|-damage|p1b: Incineroar|69/100
|move|p1b: Incineroar|Parting Shot|p2a: Pelipper
|-unboost|p2a: Pelipper|atk|1
|-unboost|p2a: Pelipper|spa|1
|
|t:|1750876016
|switch|p1b: Koraidon|Koraidon, L50|89/100|[from] Parting Shot
|-weather|SunnyDay|[from] ability: Orichalcum Pulse|[of] p1b: Koraidon
|-activate|p1a: Raging Bolt|ability: Protosynthesis
|-start|p1a: Raging Bolt|protosynthesisspa
|-activate|p1b: Koraidon|Orichalcum Pulse|[source]
|
|-weather|SunnyDay|[upkeep]
|upkeep
|turn|6
|
|t:|1750876037
|switch|p2a: Giratina|Giratina-Origin, L50|100/100
|-end|p1a: Raging Bolt|Protosynthesis|[silent]
|switch|p1a: Incineroar|Incineroar, L50, F|69/100
|-ability|p1a: Incineroar|Intimidate|boost
|-unboost|p2a: Giratina|atk|1
|-immune|p2b: Zacian
|move|p2b: Zacian|Play Rough|p1a: Incineroar|[miss]
|-miss|p2b: Zacian|p1a: Incineroar
|move|p1b: Koraidon|Flame Charge|p2a: Giratina
|-resisted|p2a: Giratina
|-damage|p2a: Giratina|88/100
|-boost|p1b: Koraidon|spe|1
|
|-weather|SunnyDay|[upkeep]
|-sideend|p2: TommyGuapo|move: Tailwind
|upkeep
|turn|7
|inactive|FrogJay has 30 seconds left.
|inactive|TommyGuapo has 30 seconds left.
|
|t:|1750876070
|move|p1b: Koraidon|Protect|p1b: Koraidon
|-singleturn|p1b: Koraidon|Protect
|move|p2b: Zacian|Play Rough|p1b: Koraidon
|-activate|p1b: Koraidon|move: Protect
|move|p2a: Giratina|Draco Meteor|p1a: Incineroar
|-damage|p1a: Incineroar|16/100
|-unboost|p2a: Giratina|spa|2
|move|p1a: Incineroar|Knock Off|p2a: Giratina
|-supereffective|p2a: Giratina
|-damage|p2a: Giratina|55/100
|
|-weather|SunnyDay|[upkeep]
|upkeep
|turn|8
|
|t:|1750876092
|switch|p2a: Pelipper|Pelipper, L50, M|100/100
|-weather|RainDance|[from] ability: Drizzle|[of] p2a: Pelipper
|move|p1b: Koraidon|Flame Charge|p2b: Zacian
|-supereffective|p2b: Zacian
|-activate|p2b: Zacian|move: Substitute|[damage]
|-boost|p1b: Koraidon|spe|1
|move|p2b: Zacian|Play Rough|p1b: Koraidon
|-supereffective|p1b: Koraidon
|-damage|p1b: Koraidon|0 fnt
|faint|p1b: Koraidon
|move|p1a: Incineroar|Parting Shot|p2b: Zacian
|-unboost|p2b: Zacian|atk|1
|-unboost|p2b: Zacian|spa|1
|
|t:|1750876094
|switch|p1a: Raging Bolt|Raging Bolt, L50|81/100|[from] Parting Shot
|
|-weather|RainDance|[upkeep]
|upkeep
|
|t:|1750876098
|switch|p1b: Incineroar|Incineroar, L50, F|16/100
|-ability|p1b: Incineroar|Intimidate|boost
|-unboost|p2a: Pelipper|atk|1
|-immune|p2b: Zacian
|turn|9
|inactive|FrogJay has 30 seconds left.
|
|t:|1750876128
|move|p2a: Pelipper|Helping Hand|p2b: Zacian
|-singleturn|p2b: Zacian|Helping Hand|[of] p2a: Pelipper
|move|p1b: Incineroar|Fake Out|p2b: Zacian
|-resisted|p2b: Zacian
|-activate|p2b: Zacian|move: Substitute|[damage]
|move|p1a: Raging Bolt|Thunderclap|p2b: Zacian
|-end|p2b: Zacian|Substitute
|-damage|p1a: Raging Bolt|71/100|[from] item: Life Orb
|move|p2b: Zacian|Play Rough|p1a: Raging Bolt
|-supereffective|p1a: Raging Bolt
|-damage|p1a: Raging Bolt|0 fnt
|faint|p1a: Raging Bolt
|-end|p1a: Raging Bolt|Protosynthesis|[silent]
|
|-weather|RainDance|[upkeep]
|upkeep
|turn|10
|-message|FrogJay forfeited.
|
|win|TommyGuapo
|raw|FrogJay's rating: 1378 &rarr; <strong>1364</strong><br />(-14 for losing)
|raw|TommyGuapo's rating: 1479 &rarr; <strong>1493</strong><br />(+14 for winning)
|l|☆FrogJay
|player|p1|
