|j|☆Dreamer3319
|j|☆nhatchauiutraam
|t:|1750824595
|gametype|doubles
|player|p1|Dreamer3319|266|1255
|player|p2|nhatchauiutraam|101|1257
|teamsize|p1|6
|teamsize|p2|6
|gen|9
|tier|[Gen 9] VGC 2025 Reg I
|rated|
|rule|Species Clause: Limit one of each Pokémon
|rule|Item Clause: Limit 1 of each item
|clearpoke
|poke|p1|Rillaboom, L50, F|
|poke|p1|Ogerpon-Wellspring, L50, F|
|poke|p1|Incineroar, L50, M|
|poke|p1|Miraidon, L50|
|poke|p1|Grimmsnarl, L50, M|
|poke|p1|Lunala, L50|
|poke|p2|Miraidon, L50|
|poke|p2|Calyrex-Shadow, L50|
|poke|p2|Landorus, L50, M|
|poke|p2|Urshifu-*, L50, M|
|poke|p2|Incineroar, L50, M|
|poke|p2|Kingambit, L50, M|
|teampreview|4
Dreamer3319 has agreed to open team sheets.
|inactive|Battle timer is ON: inactive players will automatically lose when time's up. (requested by Dreamer3319)
|
|t:|1750824620
|start
|switch|p1a: Grimmsnarl|Grimmsnarl, L50, M|100/100
|switch|p1b: Lunala|Lunala, L50|100/100
|switch|p2a: Landorus|Landorus, L50, M|100/100
|switch|p2b: Urshifu|Urshifu, L50, M|100/100
|turn|1
|
|t:|1750824644
|-terastallize|p1b: Lunala|Bug
|move|p1a: Grimmsnarl|Reflect|p1a: Grimmsnarl
|-sidestart|p1: Dreamer3319|Reflect
|move|p2a: Landorus|Sandsear Storm|p1b: Lunala|[spread] p1a,p1b
|-resisted|p1b: Lunala
|-damage|p1a: Grimmsnarl|55/100
|-damage|p1b: Lunala|90/100
|move|p2b: Urshifu|U-turn|p1a: Grimmsnarl
|-damage|p1a: Grimmsnarl|25/100
|
|t:|1750824654
|switch|p2b: Calyrex|Calyrex-Shadow, L50|100/100|[from] U-turn
|-ability|p2b: Calyrex|As One
|-ability|p2b: Calyrex|Unnerve
|move|p1b: Lunala|Moonblast|p2b: Calyrex
|-crit|p2b: Calyrex
|-damage|p2b: Calyrex|43/100
|-unboost|p2b: Calyrex|spa|1
|
|-heal|p1b: Lunala|96/100|[from] item: Leftovers
|upkeep
|turn|2
|inactive|nhatchauiutraam has 30 seconds left.
|
|t:|1750824679
|move|p2b: Calyrex|Protect|p2b: Calyrex
|-singleturn|p2b: Calyrex|Protect
|move|p1a: Grimmsnarl|Thunder Wave|p2b: Calyrex
|-activate|p2b: Calyrex|move: Protect
|move|p2a: Landorus|Sandsear Storm|p1b: Lunala|[spread] p1a,p1b
|-resisted|p1b: Lunala
|-damage|p1a: Grimmsnarl|0 fnt
|-damage|p1b: Lunala|77/100
|faint|p1a: Grimmsnarl
|move|p1b: Lunala|Moongeist Beam|p2b: Calyrex
|-activate|p2b: Calyrex|move: Protect
|
|-heal|p1b: Lunala|83/100|[from] item: Leftovers
|upkeep
|
|t:|1750824683
|switch|p1a: Miraidon|Miraidon, L50|100/100
|-fieldstart|move: Electric Terrain|[from] ability: Hadron Engine|[of] p1a: Miraidon
|turn|3
|inactive|nhatchauiutraam has 30 seconds left.
|
|t:|1750824718
|switch|p2b: Urshifu|Urshifu, L50, M|100/100
|move|p1a: Miraidon|Volt Switch|p2b: Urshifu
|-damage|p2b: Urshifu|0 fnt
|faint|p2b: Urshifu
|
|t:|1750824723
|switch|p1a: Incineroar|Incineroar, L50, M|100/100|[from] Volt Switch
|-ability|p1a: Incineroar|Intimidate|boost
|-unboost|p2a: Landorus|atk|1
|move|p2a: Landorus|Sandsear Storm|p1a: Incineroar|[spread] p1a,p1b
|-supereffective|p1a: Incineroar
|-resisted|p1b: Lunala
|-damage|p1a: Incineroar|12/100
|-damage|p1b: Lunala|60/100
|move|p1b: Lunala|Moongeist Beam|p2a: Landorus
|-damage|p2a: Landorus|23/100
|
|-heal|p1b: Lunala|66/100|[from] item: Leftovers
|upkeep
|inactive|nhatchauiutraam has 30 seconds left.
|
|t:|1750824750
|switch|p2b: Miraidon|Miraidon, L50|100/100
|-activate|p2b: Miraidon|ability: Hadron Engine
|turn|4
|
|t:|1750824764
|switch|p2b: Calyrex|Calyrex-Shadow, L50|43/100
|-ability|p2b: Calyrex|As One
|-ability|p2b: Calyrex|Unnerve
|move|p1a: Incineroar|Fake Out|p2b: Calyrex
|-immune|p2b: Calyrex
|move|p2a: Landorus|Sandsear Storm|p1a: Incineroar|[spread] 
|-miss|p2a: Landorus|p1a: Incineroar
|-miss|p2a: Landorus|p1b: Lunala
|move|p1b: Lunala|Moonblast|p2b: Calyrex
|-damage|p2b: Calyrex|6/100
|
|-heal|p1b: Lunala|73/100|[from] item: Leftovers
|upkeep
|turn|5
|
|t:|1750824783
|move|p2b: Calyrex|Astral Barrage|p1a: Incineroar|[spread] p1a,p1b
|-resisted|p1a: Incineroar
|-damage|p1a: Incineroar|0 fnt
|-damage|p1b: Lunala|31/100
|faint|p1a: Incineroar
|-ability|p2b: Calyrex|Grim Neigh|boost
|-boost|p2b: Calyrex|spa|1
|move|p2a: Landorus|Sandsear Storm|p1b: Lunala
|-resisted|p1b: Lunala
|-damage|p1b: Lunala|2/100
|move|p1b: Lunala|Moonblast|p2b: Calyrex
|-damage|p2b: Calyrex|0 fnt
|faint|p2b: Calyrex
|
|-heal|p1b: Lunala|8/100|[from] item: Leftovers
|upkeep
|
|t:|1750824801
|switch|p2b: Miraidon|Miraidon, L50|100/100
|switch|p1a: Miraidon|Miraidon, L50|100/100
|-activate|p1a: Miraidon|ability: Hadron Engine
|-activate|p2b: Miraidon|ability: Hadron Engine
|turn|6
|j| mendako_peace
|
|t:|1750824812
|-terastallize|p2b: Miraidon|Fairy
|move|p1a: Miraidon|Dazzling Gleam|p2a: Landorus|[spread] p2a,p2b
|-damage|p2a: Landorus|0 fnt
|-damage|p2b: Miraidon|72/100
|faint|p2a: Landorus
|move|p2b: Miraidon|Dazzling Gleam|p1b: Lunala|[spread] p1a,p1b
|-supereffective|p1a: Miraidon
|-damage|p1a: Miraidon|0 fnt
|-damage|p1b: Lunala|0 fnt
|faint|p1a: Miraidon
|faint|p1b: Lunala
|
|win|nhatchauiutraam
|raw|Dreamer3319's rating: 1255 &rarr; <strong>1230</strong><br />(-25 for losing)
|raw|nhatchauiutraam's rating: 1257 &rarr; <strong>1282</strong><br />(+25 for winning)
|l|☆nhatchauiutraam
|player|p2|
|l| mendako_peace
