|j|☆Muckzy
|j|☆Baseking0
|t:|1750859621
|gametype|doubles
|player|p1|Muckzy|101|1399
|player|p2|Baseking0|alec-anime|1482
|teamsize|p1|6
|teamsize|p2|6
|gen|9
|tier|[Gen 9] VGC 2025 Reg I
|rated|
|rule|Species Clause: Limit one of each Pokémon
|rule|Item Clause: Limit 1 of each item
|clearpoke
|poke|p1|Calyrex-Ice, L50|
|poke|p1|Ho-Oh, L50|
|poke|p1|Primarina, L50, F|
|poke|p1|Farigiraf, L50, M|
|poke|p1|Incineroar, L50, F|
|poke|p1|Brute Bonnet, L50|
|poke|p2|Calyrex-Ice, L50|
|poke|p2|Scraggy, L50, F|
|poke|p2|Miraidon, L50|
|poke|p2|Farigiraf, L50, F|
|poke|p2|Iron Treads, L50|
|poke|p2|Iron Hands, L50|
|teampreview|4
|inactive|Battle timer is ON: inactive players will automatically lose when time's up. (requested by Baseking0)
|
|t:|1750859658
|start
|switch|p1a: Incineroar|Incineroar, L50, F|100/100
|switch|p1b: Calyrex|Calyrex-Ice, L50|100/100
|switch|p2a: Calyrex|Calyrex-Ice, L50|100/100
|switch|p2b: Scraggy|Scraggy, L50, F|100/100
|-ability|p1b: Calyrex|As One
|-ability|p1b: Calyrex|Unnerve
|-ability|p2a: Calyrex|As One
|-ability|p2a: Calyrex|Unnerve
|-ability|p1a: Incineroar|Intimidate|boost
|-fail|p2a: Calyrex|unboost|[from] item: Clear Amulet|[of] p2a: Calyrex
|-unboost|p2b: Scraggy|atk|1
|-ability|p2b: Scraggy|Intimidate|boost
|-unboost|p1a: Incineroar|atk|1
|-unboost|p1b: Calyrex|atk|1
|turn|1
|inactive|Muckzy has 30 seconds left.
|inactive|Muckzy has 20 seconds left.
|inactive|Muckzy has 15 seconds left.
|inactive|Muckzy has 10 seconds left.
|
|t:|1750859703
|move|p2a: Calyrex|Protect|p2a: Calyrex
|-singleturn|p2a: Calyrex|Protect
|move|p1a: Incineroar|Knock Off|p2a: Calyrex
|-activate|p2a: Calyrex|move: Protect
|move|p1b: Calyrex|Leech Seed|p2a: Calyrex
|-activate|p2a: Calyrex|move: Protect
|move|p2b: Scraggy|Coaching|p2a: Calyrex
|-boost|p2a: Calyrex|atk|1
|-boost|p2a: Calyrex|def|1
|
|upkeep
|turn|2
|inactive|Baseking0 has 30 seconds left.
|
|t:|1750859730
|move|p1a: Incineroar|Knock Off|p2a: Calyrex
|-supereffective|p2a: Calyrex
|-damage|p2a: Calyrex|79/100
|-enditem|p2a: Calyrex|Clear Amulet|[from] move: Knock Off|[of] p1a: Incineroar
|move|p2a: Calyrex|High Horsepower|p1a: Incineroar
|-supereffective|p1a: Incineroar
|-damage|p1a: Incineroar|0 fnt
|faint|p1a: Incineroar
|-ability|p2a: Calyrex|Chilling Neigh|boost
|-boost|p2a: Calyrex|atk|1
|move|p1b: Calyrex|Leech Seed|p2a: Calyrex
|-start|p2a: Calyrex|move: Leech Seed
|move|p2b: Scraggy|Foul Play|p1b: Calyrex
|-supereffective|p1b: Calyrex
|-damage|p1b: Calyrex|54/100
|
|-heal|p1b: Calyrex|60/100|[from] item: Leftovers
|-damage|p2a: Calyrex|67/100|[from] Leech Seed|[of] p1b: Calyrex
|-heal|p1b: Calyrex|72/100|[silent]
|upkeep
|
|t:|1750859748
|switch|p1a: Ho-Oh|Ho-Oh, L50|100/100
|turn|3
|
|t:|1750859759
|move|p2a: Calyrex|Protect|p2a: Calyrex
|-singleturn|p2a: Calyrex|Protect
|move|p1a: Ho-Oh|Sacred Fire|p2a: Calyrex
|-activate|p2a: Calyrex|move: Protect
|move|p1b: Calyrex|Leech Seed|p2b: Scraggy
|-start|p2b: Scraggy|move: Leech Seed
|move|p2b: Scraggy|Coaching|p2a: Calyrex
|-boost|p2a: Calyrex|atk|1
|-boost|p2a: Calyrex|def|1
|
|-heal|p1b: Calyrex|78/100|[from] item: Leftovers
|-damage|p2a: Calyrex|55/100|[from] Leech Seed|[of] p1b: Calyrex
|-heal|p1b: Calyrex|90/100|[silent]
|-damage|p2b: Scraggy|89/100|[from] Leech Seed|[of] p1b: Calyrex
|-heal|p1b: Calyrex|97/100|[silent]
|upkeep
|turn|4
|inactive|Muckzy has 30 seconds left.
|
|t:|1750859784
|switch|p2b: Iron Hands|Iron Hands, L50|100/100
|-terastallize|p2a: Calyrex|Fire
|move|p1a: Ho-Oh|Protect|p1a: Ho-Oh
|-singleturn|p1a: Ho-Oh|Protect
|move|p1b: Calyrex|Glacial Lance|p2a: Calyrex|[spread] p2a,p2b
|-resisted|p2a: Calyrex
|-damage|p2a: Calyrex|49/100
|-damage|p2b: Iron Hands|74/100
|move|p2a: Calyrex|Glacial Lance|p1b: Calyrex|[spread] p1b
|-activate|p1a: Ho-Oh|move: Protect
|-resisted|p1b: Calyrex
|-damage|p1b: Calyrex|49/100
|
|-heal|p1b: Calyrex|55/100|[from] item: Leftovers
|-damage|p2a: Calyrex|37/100|[from] Leech Seed|[of] p1b: Calyrex
|-heal|p1b: Calyrex|67/100|[silent]
|upkeep
|turn|5
|inactive|Muckzy has 30 seconds left.
|
|t:|1750859810
|switch|p1a: Primarina|Primarina, L50, F|100/100
|move|p2b: Iron Hands|Fake Out|p1a: Primarina
|-damage|p1a: Primarina|83/100
|move|p1b: Calyrex|Leech Seed|p2b: Iron Hands
|-start|p2b: Iron Hands|move: Leech Seed
|move|p2a: Calyrex|Glacial Lance|p1b: Calyrex|[spread] p1a,p1b
|-resisted|p1a: Primarina
|-resisted|p1b: Calyrex
|-damage|p1a: Primarina|3/100
|-damage|p1b: Calyrex|22/100
|
|-heal|p1b: Calyrex|28/100|[from] item: Leftovers
|-damage|p2a: Calyrex|25/100|[from] Leech Seed|[of] p1b: Calyrex
|-heal|p1b: Calyrex|40/100|[silent]
|-damage|p2b: Iron Hands|62/100|[from] Leech Seed|[of] p1b: Calyrex
|-heal|p1b: Calyrex|54/100|[silent]
|upkeep
|turn|6
|inactive|Muckzy has 30 seconds left.
|
|t:|1750859841
|move|p1b: Calyrex|Protect|p1b: Calyrex
|-singleturn|p1b: Calyrex|Protect
|move|p2a: Calyrex|Protect|p2a: Calyrex
|-singleturn|p2a: Calyrex|Protect
|move|p1a: Primarina|Moonblast|p2b: Iron Hands
|-supereffective|p2b: Iron Hands
|-damage|p2b: Iron Hands|11/100
|move|p2b: Iron Hands|Low Kick|p1b: Calyrex
|-activate|p1b: Calyrex|move: Protect
|
|-heal|p1b: Calyrex|60/100|[from] item: Leftovers
|-damage|p2b: Iron Hands|0 fnt|[from] Leech Seed|[of] p1b: Calyrex
|-heal|p1b: Calyrex|72/100|[silent]
|faint|p2b: Iron Hands
|-end|p2b: Iron Hands|Quark Drive|[silent]
|-damage|p2a: Calyrex|13/100|[from] Leech Seed|[of] p1b: Calyrex
|-heal|p1b: Calyrex|84/100|[silent]
|upkeep
|
|t:|1750859848
|switch|p2b: Miraidon|Miraidon, L50|100/100
|-fieldstart|move: Electric Terrain|[from] ability: Hadron Engine|[of] p2b: Miraidon
|turn|7
|inactive|Muckzy has 30 seconds left.
|
|t:|1750859880
|move|p2b: Miraidon|Electro Drift|p1b: Calyrex
|-damage|p1b: Calyrex|0 fnt
|faint|p1b: Calyrex
|move|p1a: Primarina|Moonblast|p2b: Miraidon
|-supereffective|p2b: Miraidon
|-damage|p2b: Miraidon|29/100
|move|p2a: Calyrex|Glacial Lance|p1a: Primarina
|-resisted|p1a: Primarina
|-damage|p1a: Primarina|0 fnt
|faint|p1a: Primarina
|-ability|p2a: Calyrex|Chilling Neigh|boost
|-boost|p2a: Calyrex|atk|1
|
|upkeep
|
|t:|1750859899
|switch|p1b: Ho-Oh|Ho-Oh, L50|100/100
|turn|8
|
|t:|1750859909
|switch|p2b: Scraggy|Scraggy, L50, F|89/100
|-ability|p2b: Scraggy|Intimidate|boost
|-unboost|p1b: Ho-Oh|atk|1
|-terastallize|p1b: Ho-Oh|Ground
|move|p1b: Ho-Oh|Earthquake|p2b: Scraggy|[spread] p2a,p2b
|-supereffective|p2a: Calyrex
|-damage|p2a: Calyrex|0 fnt
|-damage|p2b: Scraggy|54/100
|faint|p2a: Calyrex
|-damage|p1b: Ho-Oh|91/100|[from] item: Life Orb
|
|upkeep
|
|t:|1750859916
|switch|p2a: Miraidon|Miraidon, L50|29/100
|-activate|p2a: Miraidon|ability: Hadron Engine
|turn|9
|
|t:|1750859923
|move|p2b: Scraggy|Fake Out|p1b: Ho-Oh
|-damage|p1b: Ho-Oh|84/100
|move|p2a: Miraidon|Draco Meteor|p1b: Ho-Oh|[miss]
|-miss|p2a: Miraidon|p1b: Ho-Oh
|cant|p1b: Ho-Oh|flinch
|
|upkeep
|turn|10
|
|t:|1750859934
|move|p2a: Miraidon|Draco Meteor|p1b: Ho-Oh
|-damage|p1b: Ho-Oh|0 fnt
|-unboost|p2a: Miraidon|spa|2
|faint|p1b: Ho-Oh
|
|win|Baseking0
|raw|Muckzy's rating: 1399 &rarr; <strong>1384</strong><br />(-15 for losing)
|raw|Baseking0's rating: 1482 &rarr; <strong>1497</strong><br />(+15 for winning)
|l|☆Muckzy
|player|p1|
|l|☆Baseking0
|player|p2|
