|j|☆harshachanamolu
|j|☆Duelingcat149
|t:|1750735453
|gametype|doubles
|player|p1|harshachanamolu|265|1332
|player|p2|Duelingcat149|lucas|1282
|teamsize|p1|6
|teamsize|p2|6
|gen|9
|tier|[Gen 9] VGC 2025 Reg I
|rated|
|rule|Species Clause: Limit one of each Pokémon
|rule|Item Clause: Limit 1 of each item
|clearpoke
|poke|p1|Calyrex-Ice, L50|
|poke|p1|Groudon, L50|
|poke|p1|Trevenant, L50, F|
|poke|p1|Indeedee-F, L50, F|
|poke|p1|Incineroar, L50, F|
|poke|p1|Torkoal, L50, F|
|poke|p2|Miraidon, L50|
|poke|p2|Grimmsnarl, L50, M|
|poke|p2|Ogerpon-Hearthflame, L50, F|
|poke|p2|Calyrex-Ice, L50|
|poke|p2|Farigiraf, L50, F|
|poke|p2|Urshifu-*, L50, F|
|teampreview|4
|inactive|Battle timer is ON: inactive players will automatically lose when time's up. (requested by harshachanamolu)
|inactive|harshachanamolu has 60 seconds left.
|
|t:|1750735497
|start
|switch|p1a: Calyrex|Calyrex-Ice, L50|100/100
|switch|p1b: Groudon|Groudon, L50|100/100
|switch|p2a: Miraidon|Miraidon, L50|100/100
|switch|p2b: Ogerpon|Ogerpon-Hearthflame, L50, F|100/100
|-ability|p1a: Calyrex|As One
|-ability|p1a: Calyrex|Unnerve
|-fieldstart|move: Electric Terrain|[from] ability: Hadron Engine|[of] p2a: Miraidon
|-ability|p2b: Ogerpon|Mold Breaker
|-weather|SunnyDay|[from] ability: Drought|[of] p1b: Groudon
|turn|1
|inactive|Duelingcat149 has 30 seconds left.
|inactive|harshachanamolu has 30 seconds left.
|inactive|Duelingcat149 has 20 seconds left.
|inactive|Duelingcat149 has 15 seconds left.
|
|t:|1750735543
|switch|p1b: Indeedee|Indeedee-F, L50, F|100/100
|-fieldstart|move: Psychic Terrain|[from] ability: Psychic Surge|[of] p1b: Indeedee
|-enditem|p1b: Indeedee|Psychic Seed
|-boost|p1b: Indeedee|spd|1|[from] item: Psychic Seed
|-terastallize|p2b: Ogerpon|Fire
|detailschange|p2b: Ogerpon|Ogerpon-Hearthflame-Tera, L50, F, tera:Fire
|-ability|p2b: Ogerpon|Embody Aspect (Hearthflame)|boost
|-boost|p2b: Ogerpon|atk|1
|-terastallize|p1a: Calyrex|Fire
|move|p2a: Miraidon|Draco Meteor|p1b: Indeedee
|-damage|p1b: Indeedee|53/100
|-unboost|p2a: Miraidon|spa|2
|move|p2b: Ogerpon|Ivy Cudgel|p1b: Indeedee|[anim] Ivy Cudgel Fire
|-damage|p1b: Indeedee|0 fnt
|faint|p1b: Indeedee
|move|p1a: Calyrex|Trick Room|p1a: Calyrex
|-fieldstart|move: Trick Room|[of] p1a: Calyrex
|
|-weather|SunnyDay|[upkeep]
|upkeep
|
|t:|1750735563
|switch|p1b: Groudon|Groudon, L50|100/100
|turn|2
|
|t:|1750735570
|switch|p2a: Calyrex|Calyrex-Ice, L50|100/100
|-ability|p2a: Calyrex|As One
|-ability|p2a: Calyrex|Unnerve
|move|p2b: Ogerpon|Spiky Shield|p2b: Ogerpon
|-singleturn|p2b: Ogerpon|move: Protect
|move|p1a: Calyrex|Glacial Lance|p2a: Calyrex|[spread] p2a
|-activate|p2b: Ogerpon|move: Protect
|-resisted|p2a: Calyrex
|-damage|p2a: Calyrex|82/100
|move|p1b: Groudon|Precipice Blades|p2b: Ogerpon|[spread] p2a
|-activate|p2b: Ogerpon|move: Protect
|-damage|p2a: Calyrex|45/100
|
|-weather|SunnyDay|[upkeep]
|upkeep
|turn|3
|
|t:|1750735592
|switch|p2b: Grimmsnarl|Grimmsnarl, L50, M, shiny|100/100
|move|p2a: Calyrex|Protect|p2a: Calyrex
|-singleturn|p2a: Calyrex|Protect
|move|p1a: Calyrex|Tera Blast|p2a: Calyrex|[anim] Tera Blast Fire
|-activate|p2a: Calyrex|move: Protect
|move|p1b: Groudon|Precipice Blades|p2a: Calyrex|[spread] p2b
|-activate|p2a: Calyrex|move: Protect
|-damage|p2b: Grimmsnarl|43/100
|
|-weather|SunnyDay|[upkeep]
|upkeep
|turn|4
|
|t:|1750735608
|move|p2b: Grimmsnarl|Reflect|p2b: Grimmsnarl
|-sidestart|p2: Duelingcat149|Reflect
|move|p1a: Calyrex|Tera Blast|p2a: Calyrex|[anim] Tera Blast Fire
|-supereffective|p2a: Calyrex
|-damage|p2a: Calyrex|0 fnt
|faint|p2a: Calyrex
|-ability|p1a: Calyrex|Chilling Neigh|boost
|-boost|p1a: Calyrex|atk|1
|move|p1b: Groudon|Precipice Blades|p2b: Grimmsnarl
|-damage|p2b: Grimmsnarl|0 fnt
|faint|p2b: Grimmsnarl
|
|-weather|SunnyDay|[upkeep]
|upkeep
|
|t:|1750735619
|switch|p2a: Ogerpon|Ogerpon-Hearthflame-Tera, L50, F, tera:Fire|100/100
|switch|p2b: Miraidon|Miraidon, L50|100/100
|-ability|p2a: Ogerpon|Embody Aspect (Hearthflame)|boost
|-boost|p2a: Ogerpon|atk|1
|-fieldstart|move: Electric Terrain|[from] ability: Hadron Engine|[of] p2b: Miraidon
|turn|5
|
|t:|1750735630
|switch|p1b: Trevenant|Trevenant, L50, F|100/100
|move|p1a: Calyrex|Protect|p1a: Calyrex
|-singleturn|p1a: Calyrex|Protect
|move|p2a: Ogerpon|Spiky Shield|p2a: Ogerpon
|-singleturn|p2a: Ogerpon|move: Protect
|move|p2b: Miraidon|Draco Meteor|p1b: Trevenant
|-damage|p1b: Trevenant|8/100
|-unboost|p2b: Miraidon|spa|2
|-enditem|p1b: Trevenant|Sitrus Berry|[eat]
|-heal|p1b: Trevenant|33/100|[from] item: Sitrus Berry
|
|-weather|none
|-fieldend|move: Trick Room
|-item|p1b: Trevenant|Sitrus Berry|[from] ability: Harvest
|upkeep
|-enditem|p1b: Trevenant|Sitrus Berry|[eat]
|-heal|p1b: Trevenant|57/100|[from] item: Sitrus Berry
|turn|6
|
|t:|1750735649
|move|p1b: Trevenant|Protect|p1b: Trevenant
|-singleturn|p1b: Trevenant|Protect
|move|p2b: Miraidon|Electro Drift|p1a: Calyrex
|-damage|p1a: Calyrex|66/100
|move|p2a: Ogerpon|Ivy Cudgel|p1b: Trevenant|[anim] Ivy Cudgel Fire
|-activate|p1b: Trevenant|move: Protect
|move|p1a: Calyrex|Trick Room|p1a: Calyrex
|-fieldstart|move: Trick Room|[of] p1a: Calyrex
|
|upkeep
|turn|7
|-message|Duelingcat149 forfeited.
|
|win|harshachanamolu
|raw|harshachanamolu's rating: 1332 &rarr; <strong>1349</strong><br />(+17 for winning)
|raw|Duelingcat149's rating: 1282 &rarr; <strong>1261</strong><br />(-21 for losing)
|l|☆Duelingcat149
|player|p2|
|l|☆harshachanamolu
|player|p1|
