|j|☆IncineroarH8ter
|j|☆phoenix of rage
|t:|1750750506
|gametype|doubles
|player|p1|IncineroarH8ter|unknown|1407
|player|p2|phoenix of rage|birdkeeper-gen4dp|1352
|teamsize|p1|6
|teamsize|p2|6
|gen|9
|tier|[Gen 9] VGC 2025 Reg I
|rated|
|rule|Species Clause: Limit one of each Pokémon
|rule|Item Clause: Limit 1 of each item
|clearpoke
|poke|p1|Lunala, L50|
|poke|p1|Annihilape, L50, M|
|poke|p1|Calyrex-Ice, L50|
|poke|p1|Grimmsnarl, L50, M|
|poke|p1|Indeedee-F, L50, F|
|poke|p1|Iron Leaves, L50|
|poke|p2|Pelipper, L50, M|
|poke|p2|Miraidon, L50|
|poke|p2|Archaludon, L50, F|
|poke|p2|Kyogre, L50|
|poke|p2|Basculegion, L50, M|
|poke|p2|Farigiraf, L50, F|
|teampreview|4
|inactive|Battle timer is ON: inactive players will automatically lose when time's up. (requested by phoenix of rage)
|inactive|IncineroarH8ter has 60 seconds left.
|
|t:|1750750545
|start
|switch|p1a: Iron Leaves|Iron Leaves, L50|100/100
|switch|p1b: Calyrex|Calyrex-Ice, L50|100/100
|switch|p2a: Kyogre|Kyogre, L50|100/100
|switch|p2b: Archaludon|Archaludon, L50, F|100/100
|-ability|p1b: Calyrex|As One
|-ability|p1b: Calyrex|Unnerve
|-weather|RainDance|[from] ability: Drizzle|[of] p2a: Kyogre
|turn|1
|
|t:|1750750564
|-terastallize|p2b: Archaludon|Electric
|move|p2b: Archaludon|Electro Shot||[still]
|-prepare|p2b: Archaludon|Electro Shot
|-boost|p2b: Archaludon|spa|1
|-anim|p2b: Archaludon|Electro Shot|p1b: Calyrex
|-damage|p1b: Calyrex|37/100
|move|p1a: Iron Leaves|Psyblade|p2a: Kyogre
|-damage|p2a: Kyogre|61/100
|move|p2a: Kyogre|Water Spout|p1a: Iron Leaves|[spread] p1a,p1b
|-resisted|p1a: Iron Leaves
|-damage|p1a: Iron Leaves|72/100
|-damage|p1b: Calyrex|0 fnt
|faint|p1b: Calyrex
|
|-weather|RainDance|[upkeep]
|upkeep
|
|t:|1750750582
|switch|p1b: Lunala|Lunala, L50|100/100
|turn|2
|
|t:|1750750598
|-end|p1a: Iron Leaves|Quark Drive|[silent]
|switch|p1a: Indeedee|Indeedee-F, L50, F|100/100
|-fieldstart|move: Psychic Terrain|[from] ability: Psychic Surge|[of] p1a: Indeedee
|-enditem|p1a: Indeedee|Psychic Seed
|-boost|p1a: Indeedee|spd|1|[from] item: Psychic Seed
|move|p2b: Archaludon|Electro Shot||[still]
|-prepare|p2b: Archaludon|Electro Shot
|-boost|p2b: Archaludon|spa|1
|-anim|p2b: Archaludon|Electro Shot|p1b: Lunala
|-damage|p1b: Lunala|53/100
|move|p1b: Lunala|Expanding Force|p2a: Kyogre|[spread] p2a,p2b
|-damage|p2a: Kyogre|33/100
|-damage|p2b: Archaludon|5/100
|move|p2a: Kyogre|Water Spout|p1b: Lunala|[spread] p1a,p1b
|-damage|p1a: Indeedee|80/100
|-damage|p1b: Lunala|33/100
|-enditem|p1b: Lunala|Sitrus Berry|[eat]
|-heal|p1b: Lunala|58/100|[from] item: Sitrus Berry
|
|-weather|RainDance|[upkeep]
|upkeep
|turn|3
|inactive|phoenix of rage has 30 seconds left.
|
|t:|1750750625
|move|p1a: Indeedee|Follow Me|p1a: Indeedee
|-singleturn|p1a: Indeedee|move: Follow Me
|move|p2b: Archaludon|Electro Shot||[still]
|-prepare|p2b: Archaludon|Electro Shot
|-boost|p2b: Archaludon|spa|1
|-anim|p2b: Archaludon|Electro Shot|p1a: Indeedee
|-damage|p1a: Indeedee|0 fnt
|faint|p1a: Indeedee
|move|p1b: Lunala|Expanding Force|p2a: Kyogre|[spread] p2a,p2b
|-damage|p2a: Kyogre|2/100
|-damage|p2b: Archaludon|0 fnt
|faint|p2b: Archaludon
|move|p2a: Kyogre|Thunder|p1b: Lunala
|-damage|p1b: Lunala|28/100
|
|-weather|RainDance|[upkeep]
|upkeep
|
|t:|1750750644
|switch|p2b: Basculegion|Basculegion, L50, M|100/100
|switch|p1a: Iron Leaves|Iron Leaves, L50|72/100
|turn|4
|
|t:|1750750657
|-terastallize|p1b: Lunala|Dark
|move|p2b: Basculegion|Last Respects|p1a: Iron Leaves
|-supereffective|p1a: Iron Leaves
|-damage|p1a: Iron Leaves|0 fnt
|faint|p1a: Iron Leaves
|-end|p1a: Iron Leaves|Quark Drive|[silent]
|-damage|p2b: Basculegion|91/100|[from] item: Life Orb
|move|p1b: Lunala|Expanding Force|p2a: Kyogre|[spread] p2a,p2b
|-crit|p2b: Basculegion
|-damage|p2a: Kyogre|0 fnt
|-damage|p2b: Basculegion|0 fnt
|faint|p2a: Kyogre
|faint|p2b: Basculegion
|
|-weather|RainDance|[upkeep]
|upkeep
|
|t:|1750750664
|switch|p2a: Miraidon|Miraidon, L50|100/100
|-fieldstart|move: Electric Terrain|[from] ability: Hadron Engine|[of] p2a: Miraidon
|turn|5
|-message|IncineroarH8ter forfeited.
|
|win|phoenix of rage
|raw|IncineroarH8ter's rating: 1407 &rarr; <strong>1384</strong><br />(-23 for losing)
|raw|phoenix of rage's rating: 1352 &rarr; <strong>1375</strong><br />(+23 for winning)
|l|☆IncineroarH8ter
|player|p1|
