|j|☆Memlonnn
|j|☆vloggers
|t:|1750832663
|gametype|doubles
|player|p1|Memlonnn|shauntal|1098
|player|p2|vloggers|ghetsis|1161
|teamsize|p1|6
|teamsize|p2|6
|gen|9
|tier|[Gen 9] VGC 2025 Reg I
|rated|
|rule|Species Clause: Limit one of each Pokémon
|rule|Item Clause: Limit 1 of each item
|clearpoke
|poke|p1|Clefairy, L50, F|
|poke|p1|Calyrex-Ice, L50|
|poke|p1|Chandelure, L50, F|
|poke|p1|Kyogre, L50|
|poke|p1|Archaludon, L50, M|
|poke|p1|Incineroar, L50, F|
|poke|p2|Calyrex-Shadow, L50|
|poke|p2|Moltres-Galar, L50|
|poke|p2|Zamazenta-*, L50|
|poke|p2|Grimmsnarl, L50, M|
|poke|p2|Landorus-Therian, L50, M|
|poke|p2|Rillaboom, L50, M|
|teampreview|4
|inactive|Battle timer is ON: inactive players will automatically lose when time's up. (requested by Memlonnn)
|inactive|Memlonnn has 60 seconds left.
|inactive|vloggers has 60 seconds left.
|
|t:|1750832695
|start
|switch|p1a: Ballin|Incineroar, L50, F, shiny|100/100
|switch|p1b: Ado|Chandelure, L50, F, shiny|100/100
|switch|p2a: Rillaboom|Rillaboom, L50, M|100/100
|switch|p2b: Moltres|Moltres-Galar, L50, shiny|100/100
|-fieldstart|move: Grassy Terrain|[from] ability: Grassy Surge|[of] p2a: Rillaboom
|-ability|p1a: Ballin|Intimidate|boost
|-unboost|p2a: Rillaboom|atk|1
|-unboost|p2b: Moltres|atk|1
|turn|1
|
|t:|1750832716
|move|p2a: Rillaboom|Fake Out|p1b: Ado
|-immune|p1b: Ado
|move|p1a: Ballin|Fake Out|p2b: Moltres
|-damage|p2b: Moltres|89/100
|move|p2b: Moltres|Fiery Wrath|p1a: Ballin|[spread] p1a,p1b
|-resisted|p1a: Ballin
|-crit|p1a: Ballin
|-supereffective|p1b: Ado
|-crit|p1b: Ado
|-damage|p1a: Ballin|79/100
|-damage|p1b: Ado|15/100
|move|p1b: Ado|Trick Room|p1b: Ado
|-fieldstart|move: Trick Room|[of] p1b: Ado
|-enditem|p1b: Ado|Room Service
|-unboost|p1b: Ado|spe|1|[from] item: Room Service
|
|-heal|p1b: Ado|21/100|[from] Grassy Terrain
|-heal|p1a: Ballin|85/100|[from] Grassy Terrain
|upkeep
|turn|2
|inactive|Memlonnn has 30 seconds left.
|
|t:|1750832743
|move|p1b: Ado|Flamethrower|p2a: Rillaboom
|-supereffective|p2a: Rillaboom
|-damage|p2a: Rillaboom|45/100
|move|p1a: Ballin|Knock Off|p2a: Rillaboom
|-damage|p2a: Rillaboom|10/100
|-enditem|p2a: Rillaboom|Assault Vest|[from] move: Knock Off|[of] p1a: Ballin
|move|p2a: Rillaboom|Wood Hammer|p1a: Ballin
|-resisted|p1a: Ballin
|-damage|p1a: Ballin|68/100
|-damage|p2a: Rillaboom|4/100|[from] Recoil
|move|p2b: Moltres|Fiery Wrath|p1b: Ado|[spread] p1a,p1b
|-resisted|p1a: Ballin
|-supereffective|p1b: Ado
|-damage|p1a: Ballin|55/100
|-damage|p1b: Ado|0 fnt
|faint|p1b: Ado
|
|-heal|p1a: Ballin|61/100|[from] Grassy Terrain
|-heal|p2a: Rillaboom|10/100|[from] Grassy Terrain
|upkeep
|
|t:|1750832764
|switch|p1b: Poke|Calyrex-Ice, L50|100/100
|-ability|p1b: Poke|As One
|-ability|p1b: Poke|Unnerve
|turn|3
|inactive|Memlonnn has 30 seconds left.
|inactive|vloggers has 30 seconds left.
|
|t:|1750832809
|move|p2b: Moltres|Protect|p2b: Moltres
|-singleturn|p2b: Moltres|Protect
|move|p1b: Poke|Glacial Lance|p2a: Rillaboom|[spread] p2a
|-activate|p2b: Moltres|move: Protect
|-supereffective|p2a: Rillaboom
|-damage|p2a: Rillaboom|0 fnt
|faint|p2a: Rillaboom
|-ability|p1b: Poke|Chilling Neigh|boost
|-boost|p1b: Poke|atk|1
|-damage|p1b: Poke|91/100|[from] item: Life Orb
|move|p1a: Ballin|Flare Blitz|p2b: Moltres
|-activate|p2b: Moltres|move: Protect
|
|-heal|p1b: Poke|97/100|[from] Grassy Terrain
|-heal|p1a: Ballin|67/100|[from] Grassy Terrain
|upkeep
|
|t:|1750832816
|switch|p2a: Zamazenta|Zamazenta-Crowned, L50, shiny|100/100
|-ability|p2a: Zamazenta|Dauntless Shield|boost
|-boost|p2a: Zamazenta|def|1
|turn|4
|
|t:|1750832840
|-terastallize|p1b: Poke|Ground
|-terastallize|p2b: Moltres|Fairy
|move|p1b: Poke|High Horsepower|p2a: Zamazenta
|-supereffective|p2a: Zamazenta
|-damage|p2a: Zamazenta|9/100
|-damage|p1b: Poke|87/100|[from] item: Life Orb
|move|p1a: Ballin|Parting Shot|p2b: Moltres
|-unboost|p2b: Moltres|atk|1
|-unboost|p2b: Moltres|spa|1
|
|t:|1750832852
|switch|p1a: Highlighter|Clefairy, L50, F, shiny|100/100|[from] Parting Shot
|move|p2b: Moltres|Fiery Wrath|p1b: Poke|[spread] p1a,p1b
|-resisted|p1a: Highlighter
|-damage|p1a: Highlighter|94/100
|-damage|p1b: Poke|76/100
|move|p2a: Zamazenta|Body Press|p1a: Highlighter
|-resisted|p1a: Highlighter
|-damage|p1a: Highlighter|54/100
|
|-heal|p1b: Poke|82/100|[from] Grassy Terrain
|-heal|p1a: Highlighter|60/100|[from] Grassy Terrain
|-heal|p2b: Moltres|95/100|[from] Grassy Terrain
|-heal|p2a: Zamazenta|15/100|[from] Grassy Terrain
|upkeep
|turn|5
|
|t:|1750832871
|move|p2a: Zamazenta|Protect|p2a: Zamazenta
|-singleturn|p2a: Zamazenta|Protect
|move|p1a: Highlighter|Follow Me|p1a: Highlighter
|-singleturn|p1a: Highlighter|move: Follow Me
|move|p1b: Poke|Glacial Lance|p2b: Moltres|[spread] p2b
|-activate|p2a: Zamazenta|move: Protect
|-damage|p2b: Moltres|0 fnt
|faint|p2b: Moltres
|-ability|p1b: Poke|Chilling Neigh|boost
|-boost|p1b: Poke|atk|1
|-damage|p1b: Poke|72/100|[from] item: Life Orb
|
|-heal|p1b: Poke|78/100|[from] Grassy Terrain
|-heal|p1a: Highlighter|66/100|[from] Grassy Terrain
|-heal|p2a: Zamazenta|22/100|[from] Grassy Terrain
|-fieldend|move: Trick Room
|-fieldend|move: Grassy Terrain
|upkeep
|
|t:|1750832878
|switch|p2b: Calyrex|Calyrex-Shadow, L50|100/100
|-ability|p2b: Calyrex|As One
|-ability|p2b: Calyrex|Unnerve
|turn|6
|
|t:|1750832901
|move|p1a: Highlighter|Follow Me|p1a: Highlighter
|-singleturn|p1a: Highlighter|move: Follow Me
|move|p2b: Calyrex|Astral Barrage|p1a: Highlighter|[spread] p1a,p1b
|-damage|p1a: Highlighter|30/100
|-damage|p1b: Poke|51/100
|move|p2a: Zamazenta|Behemoth Bash|p1a: Highlighter
|-supereffective|p1a: Highlighter
|-damage|p1a: Highlighter|0 fnt
|faint|p1a: Highlighter
|move|p1b: Poke|Glacial Lance|p2b: Calyrex|[spread] p2a,p2b
|-resisted|p2a: Zamazenta
|-damage|p2a: Zamazenta|0 fnt
|-enditem|p2b: Calyrex|Focus Sash
|-damage|p2b: Calyrex|1/100
|faint|p2a: Zamazenta
|-ability|p1b: Poke|Chilling Neigh|boost
|-boost|p1b: Poke|atk|1
|-damage|p1b: Poke|41/100|[from] item: Life Orb
|
|upkeep
|
|t:|1750832921
|switch|p1a: Ballin|Incineroar, L50, F, shiny|67/100
|-ability|p1a: Ballin|Intimidate|boost
|-unboost|p2b: Calyrex|atk|1
|turn|7
|
|t:|1750832933
|move|p2b: Calyrex|Astral Barrage|p1a: Ballin|[spread] p1a,p1b
|-resisted|p1a: Ballin
|-damage|p1a: Ballin|40/100
|-damage|p1b: Poke|6/100
|move|p1a: Ballin|Knock Off|p2b: Calyrex
|-supereffective|p2b: Calyrex
|-damage|p2b: Calyrex|0 fnt
|faint|p2b: Calyrex
|
|win|Memlonnn
|raw|Memlonnn's rating: 1098 &rarr; <strong>1128</strong><br />(+30 for winning)
|raw|vloggers's rating: 1161 &rarr; <strong>1132</strong><br />(-29 for losing)
