|j|☆sturbyy
|j|☆phoenix of rage
|t:|1750833900
|gametype|doubles
|player|p1|sturbyy|265|1549
|player|p2|phoenix of rage|birdkeeper-gen4dp|1462
|teamsize|p1|6
|teamsize|p2|6
|gen|9
|tier|[Gen 9] VGC 2025 Reg I
|rated|
|rule|Species Clause: Limit one of each Pokémon
|rule|Item Clause: Limit 1 of each item
|clearpoke
|poke|p1|Miraidon, L50|
|poke|p1|Calyrex-Ice, L50|
|poke|p1|Incineroar, L50, F|
|poke|p1|Landorus, L50, M|
|poke|p1|Urshifu-*, L50, F|
|poke|p1|Farigiraf, L50, M|
|poke|p2|Kyogre, L50|
|poke|p2|Archaludon, L50, F|
|poke|p2|Miraidon, L50|
|poke|p2|Farigiraf, L50, F|
|poke|p2|Landorus, L50, M|
|poke|p2|Pelipper, L50, F|
|teampreview|4
|inactive|Battle timer is ON: inactive players will automatically lose when time's up. (requested by phoenix of rage)
|
|t:|1750833927
|start
|switch|p1a: Calyrex|Calyrex-Ice, L50|100/100
|switch|p1b: Urshifu|Urshifu-Rapid-Strike, L50, F|100/100
|switch|p2a: Kyogre|Kyogre, L50|100/100
|switch|p2b: Archaludon|Archaludon, L50, F|100/100
|-ability|p1a: Calyrex|As One
|-ability|p1a: Calyrex|Unnerve
|-weather|RainDance|[from] ability: Drizzle|[of] p2a: Kyogre
|turn|1
|
|t:|1750833949
|move|p1a: Calyrex|Protect|p1a: Calyrex
|-singleturn|p1a: Calyrex|Protect
|move|p1b: Urshifu|Close Combat|p2a: Kyogre
|-damage|p2a: Kyogre|48/100
|-unboost|p1b: Urshifu|def|1
|-unboost|p1b: Urshifu|spd|1
|move|p2b: Archaludon|Electro Shot||[still]
|-prepare|p2b: Archaludon|Electro Shot
|-boost|p2b: Archaludon|spa|1
|-anim|p2b: Archaludon|Electro Shot|p1b: Urshifu
|-supereffective|p1b: Urshifu
|-damage|p1b: Urshifu|0 fnt
|faint|p1b: Urshifu
|move|p2a: Kyogre|Origin Pulse|p1a: Calyrex
|-activate|p1a: Calyrex|move: Protect
|
|-weather|RainDance|[upkeep]
|upkeep
|
|t:|1750833962
|switch|p1b: Landorus|Landorus, L50, M|100/100
|turn|2
|
|t:|1750833974
|-terastallize|p2b: Archaludon|Electric
|move|p1b: Landorus|Protect|p1b: Landorus
|-singleturn|p1b: Landorus|Protect
|move|p2b: Archaludon|Electro Shot||[still]
|-prepare|p2b: Archaludon|Electro Shot
|-boost|p2b: Archaludon|spa|1
|-anim|p2b: Archaludon|Electro Shot|p1a: Calyrex
|-damage|p1a: Calyrex|25/100
|move|p2a: Kyogre|Ice Beam|p1b: Landorus
|-activate|p1b: Landorus|move: Protect
|move|p1a: Calyrex|Leech Seed|p2a: Kyogre
|-start|p2a: Kyogre|move: Leech Seed
|
|-weather|RainDance|[upkeep]
|-heal|p1a: Calyrex|31/100|[from] item: Leftovers
|-damage|p2a: Kyogre|36/100|[from] Leech Seed|[of] p1a: Calyrex
|-heal|p1a: Calyrex|43/100|[silent]
|upkeep
|turn|3
|
|t:|1750833995
|move|p1a: Calyrex|Protect|p1a: Calyrex
|-singleturn|p1a: Calyrex|Protect
|move|p2b: Archaludon|Electro Shot||[still]
|-prepare|p2b: Archaludon|Electro Shot
|-boost|p2b: Archaludon|spa|1
|-anim|p2b: Archaludon|Electro Shot|p1a: Calyrex
|-activate|p1a: Calyrex|move: Protect
|move|p1b: Landorus|Sandsear Storm|p2b: Archaludon|[spread] p2a,p2b
|-supereffective|p2b: Archaludon
|-damage|p2a: Kyogre|7/100
|-ability|p2b: Archaludon|Sturdy
|-damage|p2b: Archaludon|1/100
|move|p2a: Kyogre|Ice Beam|p1b: Landorus
|-supereffective|p1b: Landorus
|-damage|p1b: Landorus|0 fnt
|faint|p1b: Landorus
|
|-weather|RainDance|[upkeep]
|-heal|p1a: Calyrex|49/100|[from] item: Leftovers
|-damage|p2a: Kyogre|0 fnt|[from] Leech Seed|[of] p1a: Calyrex
|-heal|p1a: Calyrex|55/100|[silent]
|faint|p2a: Kyogre
|upkeep
|
|t:|1750834018
|switch|p1b: Miraidon|Miraidon, L50|100/100
|switch|p2a: Miraidon|Miraidon, L50|100/100
|-fieldstart|move: Electric Terrain|[from] ability: Hadron Engine|[of] p2a: Miraidon
|-activate|p1b: Miraidon|ability: Hadron Engine
|turn|4
|
|t:|1750834029
|-terastallize|p1b: Miraidon|Fairy
|move|p2b: Archaludon|Electro Shot||[still]
|-prepare|p2b: Archaludon|Electro Shot
|-boost|p2b: Archaludon|spa|1
|-anim|p2b: Archaludon|Electro Shot|p1a: Calyrex
|-damage|p1a: Calyrex|0 fnt
|faint|p1a: Calyrex
|move|p2a: Miraidon|Dazzling Gleam|p1b: Miraidon
|-damage|p1b: Miraidon|53/100
|move|p1b: Miraidon|Dazzling Gleam|p2b: Archaludon|[spread] p2a,p2b
|-supereffective|p2a: Miraidon
|-damage|p2a: Miraidon|0 fnt
|-damage|p2b: Archaludon|0 fnt
|faint|p2a: Miraidon
|faint|p2b: Archaludon
|
|-weather|RainDance|[upkeep]
|upkeep
|
|t:|1750834050
|switch|p2a: Farigiraf|Farigiraf, L50, F|100/100
|-enditem|p2a: Farigiraf|Electric Seed
|-boost|p2a: Farigiraf|def|1|[from] item: Electric Seed
|turn|5
|
|t:|1750834053
|move|p1b: Miraidon|Dazzling Gleam|p2a: Farigiraf
|-damage|p2a: Farigiraf|30/100
|move|p2a: Farigiraf|Psychic Fangs|p1b: Miraidon
|-damage|p1b: Miraidon|26/100
|
|-weather|none
|upkeep
|turn|6
|
|t:|1750834062
|move|p1b: Miraidon|Dazzling Gleam|p2a: Farigiraf
|-crit|p2a: Farigiraf
|-damage|p2a: Farigiraf|0 fnt
|faint|p2a: Farigiraf
|
|win|sturbyy
|raw|sturbyy's rating: 1549 &rarr; <strong>1564</strong><br />(+15 for winning)
|raw|phoenix of rage's rating: 1462 &rarr; <strong>1447</strong><br />(-15 for losing)
|l|☆phoenix of rage
|player|p2|
|l|☆sturbyy
|player|p1|
