|j|☆chalupa dadio
|j|☆peedr
|t:|1750727041
|gametype|doubles
|player|p1|chalupa dadio|hiker-gen4|1292
|player|p2|peedr|1|1387
|teamsize|p1|6
|teamsize|p2|6
|gen|9
|tier|[Gen 9] VGC 2025 Reg I
|rated|
|rule|Species Clause: Limit one of each Pokémon
|rule|Item Clause: Limit 1 of each item
|clearpoke
|poke|p1|Miraidon, L50|
|poke|p1|Whimsicott, L50, M|
|poke|p1|Incineroar, L50, F|
|poke|p1|Calyrex-Ice, L50|
|poke|p1|Urshifu-*, L50, M|
|poke|p1|Landorus, L50, M|
|poke|p2|Kyogre, L50|
|poke|p2|Archaludon, L50, M|
|poke|p2|Amoonguss, L50, F|
|poke|p2|Klefki, L50, F|
|poke|p2|Zacian-*, L50|
|poke|p2|Basculegion, L50, M|
|teampreview|4
|inactive|Battle timer is ON: inactive players will automatically lose when time's up. (requested by chalupa dadio)
|
|t:|1750727068
|start
|switch|p1a: Miraidon|Miraidon, L50|100/100
|switch|p1b: Whimsicott|Whimsicott, L50, M, shiny|100/100
|switch|p2a: Kyogre|Kyogre, L50|100/100
|switch|p2b: Basculegion|Basculegion, L50, M, shiny|100/100
|-fieldstart|move: Electric Terrain|[from] ability: Hadron Engine|[of] p1a: Miraidon
|-weather|RainDance|[from] ability: Drizzle|[of] p2a: Kyogre
|turn|1
|inactive|peedr has 30 seconds left.
|inactive|chalupa dadio has 30 seconds left.
|
|t:|1750727099
|-terastallize|p2b: Basculegion|Ground
|move|p2a: Kyogre|Protect|p2a: Kyogre
|-singleturn|p2a: Kyogre|Protect
|move|p1b: Whimsicott|Tailwind|p1b: Whimsicott
|-sidestart|p1: chalupa dadio|move: Tailwind
|move|p1a: Miraidon|Volt Switch|p2b: Basculegion
|-immune|p2b: Basculegion
|move|p2b: Basculegion|Tera Blast|p1a: Miraidon|[anim] Tera Blast Ground
|-supereffective|p1a: Miraidon
|-damage|p1a: Miraidon|3/100
|
|-weather|RainDance|[upkeep]
|upkeep
|turn|2
|inactive|chalupa dadio has 30 seconds left.
|inactive|peedr has 30 seconds left.
|
|t:|1750727130
|switch|p2a: Klefki|Klefki, L50, F, shiny|100/100
|move|p1b: Whimsicott|Light Screen|p1b: Whimsicott
|-sidestart|p1: chalupa dadio|move: Light Screen
|move|p1a: Miraidon|Volt Switch|p2a: Klefki
|-damage|p2a: Klefki|24/100
|
|t:|1750727138
|switch|p1a: Calyrex|Calyrex-Ice, L50|100/100|[from] Volt Switch
|-ability|p1a: Calyrex|As One
|-ability|p1a: Calyrex|Unnerve
|move|p2b: Basculegion|Tera Blast|p1a: Calyrex|[anim] Tera Blast Ground
|-damage|p1a: Calyrex|68/100
|
|-weather|RainDance|[upkeep]
|upkeep
|turn|3
|inactive|chalupa dadio has 30 seconds left.
|inactive|chalupa dadio has 20 seconds left.
|inactive|chalupa dadio has 15 seconds left.
|inactive|chalupa dadio has 10 seconds left.
|
|t:|1750727184
|switch|p2b: Zacian|Zacian-Crowned, L50, shiny|100/100
|-ability|p2b: Zacian|Intrepid Sword|boost
|-boost|p2b: Zacian|atk|1
|move|p1a: Calyrex|Protect|p1a: Calyrex
|-singleturn|p1a: Calyrex|Protect
|move|p2a: Klefki|Reflect|p2a: Klefki
|-sidestart|p2: peedr|Reflect
|move|p1b: Whimsicott|Moonblast|p2b: Zacian
|-resisted|p2b: Zacian
|-damage|p2b: Zacian|89/100
|
|-weather|RainDance|[upkeep]
|upkeep
|turn|4
|inactive|chalupa dadio has 30 seconds left.
|
|t:|1750727211
|move|p1b: Whimsicott|Tickle|p2b: Zacian
|-unboost|p2b: Zacian|atk|1
|-unboost|p2b: Zacian|def|1
|move|p2a: Klefki|Thunder Wave|p1b: Whimsicott
|-status|p1b: Whimsicott|par
|move|p2b: Zacian|Behemoth Blade|p1b: Whimsicott
|-supereffective|p1b: Whimsicott
|-damage|p1b: Whimsicott|0 fnt
|faint|p1b: Whimsicott
|move|p1a: Calyrex|Trick Room|p1a: Calyrex
|-fieldstart|move: Trick Room|[of] p1a: Calyrex
|
|-weather|RainDance|[upkeep]
|-sideend|p1: chalupa dadio|move: Tailwind
|upkeep
|
|t:|1750727233
|switch|p1b: Landorus|Landorus, L50, M|100/100
|turn|5
|
|t:|1750727246
|switch|p2a: Basculegion|Basculegion, L50, M, shiny, tera:Ground|100/100
|move|p2b: Zacian|Protect|p2b: Zacian
|-singleturn|p2b: Zacian|Protect
|move|p1a: Calyrex|Glacial Lance|p2b: Zacian|[spread] p2a
|-activate|p2b: Zacian|move: Protect
|-supereffective|p2a: Basculegion
|-damage|p2a: Basculegion|0 fnt
|faint|p2a: Basculegion
|-ability|p1a: Calyrex|Chilling Neigh|boost
|-boost|p1a: Calyrex|atk|1
|move|p1b: Landorus|Earth Power|p2b: Zacian
|-activate|p2b: Zacian|move: Protect
|
|-weather|none
|-fieldend|move: Electric Terrain
|upkeep
|-message|peedr forfeited.
|
|win|chalupa dadio
|raw|chalupa dadio's rating: 1292 &rarr; <strong>1324</strong><br />(+32 for winning)
|raw|peedr's rating: 1387 &rarr; <strong>1362</strong><br />(-25 for losing)
|l|☆peedr
|player|p2|
|l|☆chalupa dadio
|player|p1|
|j|☆chalupa dadio
|player|p1|chalupa dadio|hiker-gen4|
