|j|☆zokzz
|j|☆ZEATHS
|t:|1750845614
|gametype|doubles
|player|p1|zokzz|169|1166
|player|p2|ZEATHS|pokemaniac|1092
|teamsize|p1|6
|teamsize|p2|6
|gen|9
|tier|[Gen 9] VGC 2025 Reg I
|rated|
|rule|Species Clause: Limit one of each Pokémon
|rule|Item Clause: Limit 1 of each item
|clearpoke
|poke|p1|Lunala, L50|
|poke|p1|Rillaboom, L50, F|
|poke|p1|Torkoal, L50, M|
|poke|p1|Calyrex-Ice, L50|
|poke|p1|Flutter Mane, L50|
|poke|p1|Amoonguss, L50, F|
|poke|p2|Kyurem-White, L50|
|poke|p2|Zamazenta-*, L50|
|poke|p2|Amoonguss, L50, F|
|poke|p2|Tornadus, L50, M|
|poke|p2|Urshifu-*, L50, M|
|poke|p2|Ditto, L50|
|teampreview|4
|inactive|Battle timer is ON: inactive players will automatically lose when time's up. (requested by zokzz)
ZEATHS has agreed to open team sheets.
|inactive|ZEATHS has 60 seconds left.
|
|t:|1750845666
|start
|switch|p1a: Lunala|Lunala, L50|100/100
|switch|p1b: Rillaboom|Rillaboom, L50, F|100/100
|switch|p2a: Ditto|Ditto, L50|100/100
|switch|p2b: Tornadus|Tornadus, L50, M, shiny|100/100
|-fieldstart|move: Grassy Terrain|[from] ability: Grassy Surge|[of] p1b: Rillaboom
|-enditem|p1a: Lunala|Grassy Seed
|-boost|p1a: Lunala|def|1|[from] item: Grassy Seed
|-transform|p2a: Ditto|p1b: Rillaboom|[from] ability: Imposter
|turn|1
|
|t:|1750845679
|move|p1b: Rillaboom|Fake Out|p2b: Tornadus
|-damage|p2b: Tornadus|81/100
|move|p2b: Tornadus|Snowscape|p2b: Tornadus
|-weather|Snowscape
|move|p2a: Ditto|U-turn|p1a: Lunala
|-damage|p1a: Lunala|94/100
|
|t:|1750845686
|switch|p2a: Zamazenta|Zamazenta-Crowned, L50|100/100|[from] U-turn
|-ability|p2a: Zamazenta|Dauntless Shield|boost
|-boost|p2a: Zamazenta|def|1
|move|p1a: Lunala|Trick Room|p1a: Lunala
|-fieldstart|move: Trick Room|[of] p1a: Lunala
|
|-weather|Snowscape|[upkeep]
|-heal|p1a: Lunala|99/100|[from] Grassy Terrain
|upkeep
|turn|2
|
|t:|1750845706
|switch|p2b: Ditto|Ditto, L50|100/100
|-transform|p2b: Ditto|p1a: Lunala|[from] ability: Imposter
|move|p1b: Rillaboom|U-turn|p2a: Zamazenta
|-resisted|p2a: Zamazenta
|-damage|p2a: Zamazenta|98/100
|
|t:|1750845714
|switch|p1b: Calyrex|Calyrex-Ice, L50|100/100|[from] U-turn
|-ability|p1b: Calyrex|As One
|-ability|p1b: Calyrex|Unnerve
|move|p1a: Lunala|Moonblast|p2a: Zamazenta
|-damage|p2a: Zamazenta|72/100
|move|p2a: Zamazenta|Iron Defense|p2a: Zamazenta
|-boost|p2a: Zamazenta|def|2
|
|-weather|Snowscape|[upkeep]
|-heal|p1a: Lunala|100/100|[from] Grassy Terrain
|-heal|p2a: Zamazenta|78/100|[from] Grassy Terrain
|upkeep
|turn|3
|
|t:|1750845728
|-terastallize|p1a: Lunala|Fairy
|move|p1b: Calyrex|Glacial Lance|p2b: Ditto|[spread] p2a,p2b
|-resisted|p2a: Zamazenta
|-damage|p2a: Zamazenta|71/100
|-damage|p2b: Ditto|77/100
|move|p1a: Lunala|Moongeist Beam|p2b: Ditto
|-supereffective|p2b: Ditto
|-damage|p2b: Ditto|0 fnt
|faint|p2b: Ditto
|move|p2a: Zamazenta|Body Press|p1b: Calyrex
|-damage|p1b: Calyrex|56/100
|
|-weather|Snowscape|[upkeep]
|-heal|p1b: Calyrex|61/100|[from] Grassy Terrain
|-heal|p2a: Zamazenta|78/100|[from] Grassy Terrain
|upkeep
|
|t:|1750845740
|switch|p2b: Kyurem|Kyurem-White, L50, shiny|100/100
|-ability|p2b: Kyurem|Turboblaze
|turn|4
|
|t:|1750845749
|-terastallize|p2b: Kyurem|Ice
|move|p2a: Zamazenta|Wide Guard|p2a: Zamazenta
|-singleturn|p2a: Zamazenta|Wide Guard
|move|p1b: Calyrex|Glacial Lance|p2a: Zamazenta|[spread] 
|-activate|p2a: Zamazenta|move: Wide Guard
|-activate|p2b: Kyurem|move: Wide Guard
|move|p1a: Lunala|Moonblast|p2b: Kyurem
|-damage|p2b: Kyurem|48/100
|-unboost|p2b: Kyurem|spa|1
|move|p2b: Kyurem|Blizzard|p1a: Lunala|[spread] p1a,p1b
|-resisted|p1b: Calyrex
|-damage|p1a: Lunala|74/100
|-damage|p1b: Calyrex|35/100
|
|-weather|Snowscape|[upkeep]
|-heal|p1b: Calyrex|41/100|[from] Grassy Terrain
|-heal|p1a: Lunala|80/100|[from] Grassy Terrain
|-heal|p2b: Kyurem|54/100|[from] Grassy Terrain
|-heal|p2a: Zamazenta|84/100|[from] Grassy Terrain
|upkeep
|turn|5
|
|t:|1750845766
|switch|p2b: Tornadus|Tornadus, L50, M, shiny|81/100
|move|p1b: Calyrex|High Horsepower|p2a: Zamazenta
|-supereffective|p2a: Zamazenta
|-damage|p2a: Zamazenta|64/100
|move|p1a: Lunala|Moonblast|p2b: Tornadus
|-damage|p2b: Tornadus|16/100
|move|p2a: Zamazenta|Body Press|p1b: Calyrex
|-damage|p1b: Calyrex|0 fnt
|faint|p1b: Calyrex
|
|-weather|none
|-heal|p1a: Lunala|87/100|[from] Grassy Terrain
|-heal|p2a: Zamazenta|70/100|[from] Grassy Terrain
|-fieldend|move: Trick Room
|-fieldend|move: Grassy Terrain
|upkeep
|
|t:|1750845778
|switch|p1b: Rillaboom|Rillaboom, L50, F|100/100
|-fieldstart|move: Grassy Terrain|[from] ability: Grassy Surge|[of] p1b: Rillaboom
|turn|6
|
|t:|1750845796
|move|p1b: Rillaboom|Fake Out|p2a: Zamazenta
|-resisted|p2a: Zamazenta
|-damage|p2a: Zamazenta|68/100
|move|p2b: Tornadus|Snowscape|p2b: Tornadus
|-weather|Snowscape
|cant|p2a: Zamazenta|flinch
|move|p1a: Lunala|Trick Room|p1a: Lunala
|-fieldstart|move: Trick Room|[of] p1a: Lunala
|
|-weather|Snowscape|[upkeep]
|-heal|p1a: Lunala|93/100|[from] Grassy Terrain
|-heal|p2a: Zamazenta|74/100|[from] Grassy Terrain
|upkeep
|turn|7
|
|t:|1750845808
|move|p1b: Rillaboom|U-turn|p2a: Zamazenta
|-resisted|p2a: Zamazenta
|-damage|p2a: Zamazenta|73/100
|
|t:|1750845811
|switch|p1b: Torkoal|Torkoal, L50, M|100/100|[from] U-turn
|-weather|SunnyDay|[from] ability: Drought|[of] p1b: Torkoal
|move|p1a: Lunala|Moonblast|p2b: Tornadus
|-damage|p2b: Tornadus|0 fnt
|faint|p2b: Tornadus
|move|p2a: Zamazenta|Heavy Slam|p1a: Lunala
|-supereffective|p1a: Lunala
|-damage|p1a: Lunala|43/100
|
|-weather|SunnyDay|[upkeep]
|-heal|p1a: Lunala|49/100|[from] Grassy Terrain
|-heal|p2a: Zamazenta|79/100|[from] Grassy Terrain
|upkeep
|
|t:|1750845817
|switch|p2b: Kyurem|Kyurem-White, L50, shiny, tera:Ice|54/100
|-ability|p2b: Kyurem|Turboblaze
|turn|8
|
|t:|1750845829
|move|p2a: Zamazenta|Wide Guard|p2a: Zamazenta
|-singleturn|p2a: Zamazenta|Wide Guard
|move|p1b: Torkoal|Earth Power|p2a: Zamazenta
|-supereffective|p2a: Zamazenta
|-damage|p2a: Zamazenta|19/100
|move|p1a: Lunala|Moonblast|p2a: Zamazenta
|-damage|p2a: Zamazenta|0 fnt
|faint|p2a: Zamazenta
|move|p2b: Kyurem|Earth Power|p1b: Torkoal
|-supereffective|p1b: Torkoal
|-damage|p1b: Torkoal|0 fnt
|faint|p1b: Torkoal
|
|-weather|SunnyDay|[upkeep]
|-heal|p1a: Lunala|55/100|[from] Grassy Terrain
|-heal|p2b: Kyurem|60/100|[from] Grassy Terrain
|upkeep
|
|t:|1750845838
|switch|p1b: Rillaboom|Rillaboom, L50, F|100/100
|turn|9
|
|t:|1750845843
|move|p1b: Rillaboom|Fake Out|p2b: Kyurem
|-damage|p2b: Kyurem|46/100
|move|p1a: Lunala|Moonblast|p2b: Kyurem
|-damage|p2b: Kyurem|0 fnt
|faint|p2b: Kyurem
|
|win|zokzz
|raw|zokzz's rating: 1166 &rarr; <strong>1186</strong><br />(+20 for winning)
|raw|ZEATHS's rating: 1092 &rarr; <strong>1073</strong><br />(-19 for losing)
|c|☆ZEATHS|gg
