|j|☆Michaelchad
|j|☆Kaazuma
|t:|1750876823
|gametype|doubles
|player|p1|Michaelchad|266|1506
|player|p2|Kaazuma|red|1494
|teamsize|p1|6
|teamsize|p2|6
|gen|9
|tier|[Gen 9] VGC 2025 Reg I
|rated|
|rule|Species Clause: Limit one of each Pokémon
|rule|Item Clause: Limit 1 of each item
|clearpoke
|poke|p1|Ho-Oh, L50|
|poke|p1|Urshifu-*, L50, M|
|poke|p1|Toxapex, L50, M|
|poke|p1|Landorus, L50, M|
|poke|p1|Miraidon, L50|
|poke|p1|Rhyperior, L50, M|
|poke|p2|Calyrex-Shadow, L50|
|poke|p2|Incineroar, L50, M|
|poke|p2|Zamazenta-*, L50|
|poke|p2|Clefairy, L50, M|
|poke|p2|Raging Bolt, L50|
|poke|p2|Rillaboom, L50, F|
|teampreview|4
|inactive|Battle timer is ON: inactive players will automatically lose when time's up. (requested by Kaazuma)
|inactive|Kaazuma has 60 seconds left.
|
|t:|1750876857
|start
|switch|p1a: Toxapex|Toxapex, L50, M, shiny|100/100
|switch|p1b: Urshifu|Urshifu, L50, M|100/100
|switch|p2a: Calyrex|Calyrex-Shadow, L50|100/100
|switch|p2b: Rillaboom|Rillaboom, L50, F|100/100
|-ability|p2a: Calyrex|As One
|-ability|p2a: Calyrex|Unnerve
|-fieldstart|move: Grassy Terrain|[from] ability: Grassy Surge|[of] p2b: Rillaboom
|turn|1
|inactive|Kaazuma has 30 seconds left.
|inactive|Kaazuma has 20 seconds left.
|inactive|Kaazuma has 15 seconds left.
|inactive|Michaelchad has 30 seconds left.
|
|t:|1750876903
|-terastallize|p1a: Toxapex|Dark
|move|p1b: Urshifu|Detect|p1b: Urshifu
|-singleturn|p1b: Urshifu|Protect
|move|p2b: Rillaboom|Fake Out|p1b: Urshifu
|-activate|p1b: Urshifu|move: Protect
|move|p2a: Calyrex|Psychic|p1a: Toxapex
|-immune|p1a: Toxapex
|move|p1a: Toxapex|Infestation|p2a: Calyrex
|-damage|p2a: Calyrex|97/100
|-activate|p2a: Calyrex|move: Infestation|[of] p1a: Toxapex
|
|-heal|p2a: Calyrex|100/100|[from] Grassy Terrain
|-damage|p2a: Calyrex|88/100|[from] move: Infestation|[partiallytrapped]
|upkeep
|turn|2
|
|t:|1750876919
|-terastallize|p2a: Calyrex|Dark
|move|p1a: Toxapex|Wide Guard|p1a: Toxapex
|-singleturn|p1a: Toxapex|Wide Guard
|move|p2a: Calyrex|Astral Barrage|p1b: Urshifu|[spread] 
|-activate|p1a: Toxapex|move: Wide Guard
|-activate|p1b: Urshifu|move: Wide Guard
|move|p1b: Urshifu|Wicked Blow|p2a: Calyrex
|-resisted|p2a: Calyrex
|-crit|p2a: Calyrex
|-damage|p2a: Calyrex|47/100
|move|p2b: Rillaboom|U-turn|p1b: Urshifu
|-damage|p1b: Urshifu|78/100
|
|t:|1750876924
|switch|p2b: Zamazenta|Zamazenta-Crowned, L50|100/100|[from] U-turn
|-ability|p2b: Zamazenta|Dauntless Shield|boost
|-boost|p2b: Zamazenta|def|1
|
|-heal|p2a: Calyrex|53/100|[from] Grassy Terrain
|-heal|p1b: Urshifu|84/100|[from] Grassy Terrain
|-damage|p2a: Calyrex|41/100|[from] move: Infestation|[partiallytrapped]
|upkeep
|turn|3
|inactive|Michaelchad has 30 seconds left.
|inactive|Michaelchad has 20 seconds left.
|
|t:|1750876961
|move|p1a: Toxapex|Wide Guard|p1a: Toxapex
|-singleturn|p1a: Toxapex|Wide Guard
|move|p1b: Urshifu|Sucker Punch|p2a: Calyrex
|-resisted|p2a: Calyrex
|-damage|p2a: Calyrex|18/100
|move|p2a: Calyrex|Astral Barrage|p1b: Urshifu|[spread] 
|-activate|p1a: Toxapex|move: Wide Guard
|-activate|p1b: Urshifu|move: Wide Guard
|move|p2b: Zamazenta|Body Press|p1b: Urshifu
|-supereffective|p1b: Urshifu
|-damage|p1b: Urshifu|0 fnt
|faint|p1b: Urshifu
|
|-heal|p2a: Calyrex|24/100|[from] Grassy Terrain
|-damage|p2a: Calyrex|12/100|[from] move: Infestation|[partiallytrapped]
|upkeep
|
|t:|1750876982
|switch|p1b: Miraidon|Miraidon, L50|100/100
|-fieldstart|move: Electric Terrain|[from] ability: Hadron Engine|[of] p1b: Miraidon
|turn|4
|
|t:|1750876999
|move|p1b: Miraidon|Volt Switch|p2a: Calyrex
|-damage|p2a: Calyrex|0 fnt
|faint|p2a: Calyrex
|
|t:|1750877003
|switch|p1b: Ho-Oh|Ho-Oh, L50|100/100|[from] Volt Switch
|move|p2b: Zamazenta|Body Press|p1a: Toxapex
|-supereffective|p1a: Toxapex
|-damage|p1a: Toxapex|19/100
|move|p1a: Toxapex|Infestation|p2b: Zamazenta
|-resisted|p2b: Zamazenta
|-damage|p2b: Zamazenta|99/100
|-activate|p2b: Zamazenta|move: Infestation|[of] p1a: Toxapex
|
|-heal|p1a: Toxapex|25/100|[from] item: Leftovers
|-damage|p2b: Zamazenta|87/100|[from] move: Infestation|[partiallytrapped]
|upkeep
|
|t:|1750877011
|switch|p2a: Clefairy|Clefairy, L50, M|100/100
|turn|5
|
|t:|1750877030
|move|p1a: Toxapex|Baneful Bunker|p1a: Toxapex
|-singleturn|p1a: Toxapex|move: Protect
|move|p2a: Clefairy|Follow Me|p2a: Clefairy
|-singleturn|p2a: Clefairy|move: Follow Me
|move|p2b: Zamazenta|Body Press|p1a: Toxapex
|-activate|p1a: Toxapex|move: Protect
|move|p1b: Ho-Oh|Sacred Fire|p2a: Clefairy
|-damage|p2a: Clefairy|58/100
|-status|p2a: Clefairy|brn
|
|-heal|p1a: Toxapex|30/100|[from] item: Leftovers
|-damage|p2a: Clefairy|51/100 brn|[from] brn
|-damage|p2b: Zamazenta|75/100|[from] move: Infestation|[partiallytrapped]
|upkeep
|turn|6
|inactive|Michaelchad has 30 seconds left.
|
|t:|1750877061
|move|p1a: Toxapex|Baneful Bunker||[still]
|-fail|p1a: Toxapex
|move|p2a: Clefairy|Follow Me|p2a: Clefairy
|-singleturn|p2a: Clefairy|move: Follow Me
|move|p2b: Zamazenta|Body Press|p1a: Toxapex
|-supereffective|p1a: Toxapex
|-damage|p1a: Toxapex|0 fnt
|faint|p1a: Toxapex
|move|p1b: Ho-Oh|Brave Bird|p2a: Clefairy
|-damage|p2a: Clefairy|3/100 brn
|-damage|p1b: Ho-Oh|87/100|[from] Recoil
|
|-damage|p2a: Clefairy|0 fnt|[from] brn
|faint|p2a: Clefairy
|-end|p2b: Zamazenta|Infestation|[partiallytrapped]|[silent]
|upkeep
|
|t:|1750877073
|switch|p1a: Miraidon|Miraidon, L50|100/100
|switch|p2a: Rillaboom|Rillaboom, L50, F|100/100
|-activate|p1a: Miraidon|ability: Hadron Engine
|-fieldstart|move: Grassy Terrain|[from] ability: Grassy Surge|[of] p2a: Rillaboom
|turn|7
|
|t:|1750877085
|move|p2a: Rillaboom|Fake Out|p1a: Miraidon
|-damage|p1a: Miraidon|87/100
|cant|p1a: Miraidon|flinch
|move|p2b: Zamazenta|Body Press|p1a: Miraidon
|-damage|p1a: Miraidon|17/100
|move|p1b: Ho-Oh|Sacred Fire|p2b: Zamazenta
|-supereffective|p2b: Zamazenta
|-damage|p2b: Zamazenta|41/100
|-status|p2b: Zamazenta|brn
|
|-heal|p1a: Miraidon|23/100|[from] Grassy Terrain
|-heal|p2b: Zamazenta|47/100 brn|[from] Grassy Terrain
|-damage|p2b: Zamazenta|41/100 brn|[from] brn
|upkeep
|turn|8
|inactive|Michaelchad has 30 seconds left.
|
|t:|1750877118
|move|p2a: Rillaboom|Grassy Glide|p1a: Miraidon
|-resisted|p1a: Miraidon
|-damage|p1a: Miraidon|6/100
|move|p1a: Miraidon|Electro Drift|p2b: Zamazenta
|-damage|p2b: Zamazenta|6/100 brn
|move|p2b: Zamazenta|Body Press|p1b: Ho-Oh
|-resisted|p1b: Ho-Oh
|-damage|p1b: Ho-Oh|74/100
|move|p1b: Ho-Oh|Sacred Fire|p2b: Zamazenta|[miss]
|-miss|p1b: Ho-Oh|p2b: Zamazenta
|
|-heal|p1a: Miraidon|12/100|[from] Grassy Terrain
|-heal|p2b: Zamazenta|12/100 brn|[from] Grassy Terrain
|-damage|p2b: Zamazenta|6/100 brn|[from] brn
|upkeep
|turn|9
|
|t:|1750877136
|move|p2a: Rillaboom|Grassy Glide|p1a: Miraidon
|-resisted|p1a: Miraidon
|-damage|p1a: Miraidon|0 fnt
|faint|p1a: Miraidon
|move|p2b: Zamazenta|Body Press|p1b: Ho-Oh
|-resisted|p1b: Ho-Oh
|-damage|p1b: Ho-Oh|61/100
|move|p1b: Ho-Oh|Sacred Fire|p2b: Zamazenta
|-supereffective|p2b: Zamazenta
|-damage|p2b: Zamazenta|0 fnt
|faint|p2b: Zamazenta
|
|upkeep
|turn|10
|
|t:|1750877149
|move|p1b: Ho-Oh|Sacred Fire|p2a: Rillaboom
|-supereffective|p2a: Rillaboom
|-damage|p2a: Rillaboom|3/100
|-status|p2a: Rillaboom|brn
|move|p2a: Rillaboom|Wood Hammer|p1b: Ho-Oh
|-resisted|p1b: Ho-Oh
|-damage|p1b: Ho-Oh|54/100
|-damage|p2a: Rillaboom|1/100 brn|[from] Recoil
|
|-heal|p2a: Rillaboom|7/100 brn|[from] Grassy Terrain
|-damage|p2a: Rillaboom|1/100 brn|[from] brn
|upkeep
|turn|11
|inactive|Kaazuma has 30 seconds left.
|c|☆Kaazuma|if i had all this burn precision when i used sacred fire entei, i would have won worlds
|
|t:|1750877182
|move|p2a: Rillaboom|Grassy Glide|p1b: Ho-Oh
|-resisted|p1b: Ho-Oh
|-damage|p1b: Ho-Oh|51/100
|move|p1b: Ho-Oh|Brave Bird|p2a: Rillaboom
|-supereffective|p2a: Rillaboom
|-damage|p2a: Rillaboom|0 fnt
|faint|p2a: Rillaboom
|-damage|p1b: Ho-Oh|51/100|[from] Recoil
|
|win|Michaelchad
|raw|Michaelchad's rating: 1506 &rarr; <strong>1525</strong><br />(+19 for winning)
|raw|Kaazuma's rating: 1494 &rarr; <strong>1475</strong><br />(-19 for losing)
|l|☆Kaazuma
|player|p2|
|l|☆Michaelchad
|player|p1|
