|j|☆raezan
|j|☆Typostyty
|t:|1750733861
|gametype|doubles
|player|p1|raezan|hugh|1594
|player|p2|Typostyty|2|1543
|teamsize|p1|6
|teamsize|p2|6
|gen|9
|tier|[Gen 9] VGC 2025 Reg I
|rated|
|rule|Species Clause: Limit one of each Pokémon
|rule|Item Clause: Limit 1 of each item
|clearpoke
|poke|p1|Incineroar, L50, M|
|poke|p1|Indeedee-F, L50, F|
|poke|p1|Calyrex-Shadow, L50|
|poke|p1|Brute Bonnet, L50|
|poke|p1|Koraidon, L50|
|poke|p1|Whimsicott, L50, F|
|poke|p2|Calyrex-Ice, L50|
|poke|p2|Groudon, L50|
|poke|p2|Indeedee-F, L50, F|
|poke|p2|Armarouge, L50, M|
|poke|p2|Lilligant-Hisui, L50, F|
|poke|p2|Garganacl, L50, M|
|teampreview|4
|inactive|Battle timer is ON: inactive players will automatically lose when time's up. (requested by raezan)
|inactive|Typostyty has 60 seconds left.
|inactive|Typostyty has 30 seconds left.
|
|t:|1750734029
|start
|switch|p1a: Calyrex|Calyrex-Shadow, L50|100/100
|switch|p1b: Indeedee|Indeedee-F, L50, F|100/100
|switch|p2a: Calyrex|Calyrex-Ice, L50|100/100
|switch|p2b: Indeedee|Indeedee-F, L50, F|100/100
|-ability|p1a: Calyrex|As One
|-ability|p1a: Calyrex|Unnerve
|-ability|p2a: Calyrex|As One
|-ability|p2a: Calyrex|Unnerve
|-fieldstart|move: Psychic Terrain|[from] ability: Psychic Surge|[of] p1b: Indeedee
|-enditem|p2a: Calyrex|Psychic Seed
|-boost|p2a: Calyrex|spd|1|[from] item: Psychic Seed
|turn|1
|inactive|Typostyty has 30 seconds left.
|inactive|Typostyty has 20 seconds left.
|inactive|Typostyty has 15 seconds left.
|inactive|Typostyty has 10 seconds left.
|
|t:|1750734075
|switch|p2b: Garganacl|Garganacl, L50, M|100/100
|move|p2a: Calyrex|Protect|p2a: Calyrex
|-singleturn|p2a: Calyrex|Protect
|move|p1a: Calyrex|Nasty Plot|p1a: Calyrex
|-boost|p1a: Calyrex|spa|2
|move|p1b: Indeedee|Imprison|p1b: Indeedee
|-start|p1b: Indeedee|move: Imprison
|
|upkeep
|turn|2
|inactive|Typostyty has 30 seconds left.
|inactive|Typostyty has 20 seconds left.
|
|t:|1750734115
|move|p2b: Garganacl|Protect|p2b: Garganacl
|-singleturn|p2b: Garganacl|Protect
|move|p1b: Indeedee|Follow Me|p1b: Indeedee
|-singleturn|p1b: Indeedee|move: Follow Me
|move|p1a: Calyrex|Nasty Plot|p1a: Calyrex
|-boost|p1a: Calyrex|spa|2
|move|p2a: Calyrex|Glacial Lance|p1b: Indeedee|[spread] p1a,p1b
|-damage|p1a: Calyrex|27/100
|-damage|p1b: Indeedee|48/100
|
|upkeep
|turn|3
|
|t:|1750734131
|move|p2b: Garganacl|Wide Guard|p2b: Garganacl
|-singleturn|p2b: Garganacl|Wide Guard
|move|p1b: Indeedee|Follow Me|p1b: Indeedee
|-singleturn|p1b: Indeedee|move: Follow Me
|move|p1a: Calyrex|Psychic|p2a: Calyrex
|-resisted|p2a: Calyrex
|-damage|p2a: Calyrex|37/100
|-damage|p1a: Calyrex|18/100|[from] item: Life Orb
|move|p2a: Calyrex|Glacial Lance|p1a: Calyrex|[spread] p1a,p1b
|-damage|p1a: Calyrex|0 fnt
|-damage|p1b: Indeedee|0 fnt
|faint|p1a: Calyrex
|faint|p1b: Indeedee
|-ability|p2a: Calyrex|Chilling Neigh|boost
|-boost|p2a: Calyrex|atk|2
|
|upkeep
|
|t:|1750734137
|switch|p1a: Koraidon|Koraidon, L50|100/100
|switch|p1b: Brute Bonnet|Brute Bonnet, L50|100/100
|-weather|SunnyDay|[from] ability: Orichalcum Pulse|[of] p1a: Koraidon
|-activate|p1b: Brute Bonnet|ability: Protosynthesis
|-start|p1b: Brute Bonnet|protosynthesisdef
|-activate|p1a: Koraidon|Orichalcum Pulse|[source]
|turn|4
|inactive|Typostyty has 30 seconds left.
|
|t:|1750734171
|switch|p2b: Indeedee|Indeedee-F, L50, F|100/100
|-terastallize|p1a: Koraidon|Fire
|move|p2a: Calyrex|Protect|p2a: Calyrex
|-singleturn|p2a: Calyrex|Protect
|move|p1a: Koraidon|Flare Blitz|p2a: Calyrex
|-activate|p2a: Calyrex|move: Protect
|move|p1b: Brute Bonnet|Spore|p2b: Indeedee
|-activate|p2b: Indeedee|item: Safety Goggles|Spore
|
|-weather|SunnyDay|[upkeep]
|upkeep
|turn|5
|-message|raezan forfeited.
|
|win|Typostyty
|raw|raezan's rating: 1594 &rarr; <strong>1571</strong><br />(-23 for losing)
|raw|Typostyty's rating: 1543 &rarr; <strong>1566</strong><br />(+23 for winning)
|l|☆raezan
|player|p1|
|l|☆Typostyty
|player|p2|
