|j|☆HardFreaQ
|j|☆21Kieran
|html|<table width="100%"><tr><td align="left">HardFreaQ</td><td align="right">21Kieran</tr><tr><td align="left"><i class="fa fa-circle"></i> <i class="fa fa-circle-o"></i> </td><td align="right"><i class="fa fa-circle-o"></i> <i class="fa fa-circle-o"></i> </tr></table>
|uhtml|bestof|<h2><strong>Game 2</strong> of <a href="/game-bestof3-gen9vgc2025regi-2391195829">a best-of-3</a></h2>
|t:|1750815128
|gametype|doubles
|player|p1|HardFreaQ|lucas|
|player|p2|21Kieran|hau-masters|
|teamsize|p1|6
|teamsize|p2|6
|gen|9
|tier|[Gen 9] VGC 2025 Reg I
|rated|Tournament battle
|rule|Species Clause: Limit one of each Pokémon
|rule|Item Clause: Limit 1 of each item
|raw|<div class="infobox"><details class="readmore" open><summary><strong>3 custom rules:</strong></summary> Force Open Team Sheets, !Open Team Sheets, Best of = 3</details></div>
|clearpoke
|poke|p1|Calyrex-Ice, L50|
|poke|p1|Miraidon, L50|
|poke|p1|Farigiraf, L50, F|
|poke|p1|Volcarona, L50, F|
|poke|p1|Iron Hands, L50|
|poke|p1|Grimmsnarl, L50, M|
|poke|p2|Terapagos, L50, M|
|poke|p2|Miraidon, L50|
|poke|p2|Urshifu-*, L50, F|
|poke|p2|Incineroar, L50, M|
|poke|p2|Sinistcha, L50|
|poke|p2|Landorus, L50, M|
|teampreview|4
|showteam|p1|Calyrex-Ice||ClearAmulet|AsOneGlastrier|GlacialLance,HighHorsepower,TrickRoom,Protect||||||50|,,,,,Fire]Miraidon||ChoiceSpecs|HadronEngine|ElectroDrift,VoltSwitch,DracoMeteor,DazzlingGleam||||||50|,,,,,Fairy]Farigiraf||MirrorHerb|ArmorTail|Psychic,ShadowBall,TrickRoom,HelpingHand|||F|||50|,,,,,Water]Volcarona||ElectricSeed|FlameBody|FieryDance,BugBuzz,QuiverDance,Protect|||F|||50|,,,,,Dragon]Iron Hands||AssaultVest|QuarkDrive|LowKick,DrainPunch,WildCharge,FakeOut||||||50|,,,,,Bug]Grimmsnarl||LightClay|Prankster|SpiritBreak,Reflect,LightScreen,PartingShot|||M|||50|,,,,,Steel
|showteam|p2|Terapagos||ElectricSeed|TeraShift|TeraStarstorm,EarthPower,CalmMind,Protect|||M|||50|,,,,,Stellar]Miraidon||AssaultVest|HadronEngine|ElectroDrift,VoltSwitch,DracoMeteor,Snarl||||||50|,,,,,Electric]Urshifu-Rapid-Strike||ChoiceScarf|UnseenFist|RainDance,SurgingStrikes,CloseCombat,Uturn|||F|||50|,,,,,Water]Incineroar||RockyHelmet|Intimidate|PartingShot,KnockOff,FlareBlitz,FakeOut|||M|||50|,,,,,Ghost]Sinistcha||FocusSash|Hospitality|Protect,LifeDew,ShadowBall,RagePowder||||||50|,,,,,Fire]Landorus||LifeOrb|SheerForce|EarthPower,SludgeBomb,Protect,SandsearStorm|||M|||50|,,,,,Poison
|inactive|Battle timer is ON: inactive players will automatically lose when time's up. (requested by HardFreaQ)
|j| Iamsliverfish
|
|t:|1750815143
|start
|switch|p1a: Miraidon|Miraidon, L50|100/100
|switch|p1b: Volcarona|Volcarona, L50, F|100/100
|switch|p2a: Terapagos|Terapagos, L50, M|100/100
|switch|p2b: Miraidon|Miraidon, L50|100/100
|-activate|p2a: Terapagos|ability: Tera Shift
|detailschange|p2a: Terapagos|Terapagos-Terastal, L50, M
|-heal|p2a: Terapagos|100/100|[silent]
|-fieldstart|move: Electric Terrain|[from] ability: Hadron Engine|[of] p2b: Miraidon
|-enditem|p1b: Volcarona|Electric Seed
|-boost|p1b: Volcarona|def|1|[from] item: Electric Seed
|-enditem|p2a: Terapagos|Electric Seed
|-boost|p2a: Terapagos|def|1|[from] item: Electric Seed
|-activate|p1a: Miraidon|ability: Hadron Engine
|turn|1
|c| Iamsliverfish|kieran lost by non-struggle bug volca
|c| Iamsliverfish|MISH
|inactive|21Kieran has 30 seconds left.
|
|t:|1750815178
|move|p2b: Miraidon|Volt Switch|p1b: Volcarona
|-damage|p1b: Volcarona|41/100
|
|t:|1750815182
|switch|p2b: Incineroar|Incineroar, L50, M, shiny|100/100|[from] Volt Switch
|-ability|p2b: Incineroar|Intimidate|boost
|-unboost|p1a: Miraidon|atk|1
|-unboost|p1b: Volcarona|atk|1
|move|p1a: Miraidon|Draco Meteor|p2b: Incineroar
|-damage|p2b: Incineroar|0 fnt
|-unboost|p1a: Miraidon|spa|2
|faint|p2b: Incineroar
|move|p1b: Volcarona|Quiver Dance|p1b: Volcarona
|-boost|p1b: Volcarona|spa|1
|-boost|p1b: Volcarona|spd|1
|-boost|p1b: Volcarona|spe|1
|move|p2a: Terapagos|Calm Mind|p2a: Terapagos
|-boost|p2a: Terapagos|spa|1
|-boost|p2a: Terapagos|spd|1
|
|upkeep
|
|t:|1750815195
|switch|p2b: Miraidon|Miraidon, L50|100/100
|-activate|p2b: Miraidon|ability: Hadron Engine
|turn|2
|
|t:|1750815199
|switch|p1a: Iron Hands|Iron Hands, L50, shiny|100/100
|-activate|p1a: Iron Hands|ability: Quark Drive
|-start|p1a: Iron Hands|quarkdriveatk
|move|p1b: Volcarona|Protect|p1b: Volcarona
|-singleturn|p1b: Volcarona|Protect
|move|p2b: Miraidon|Draco Meteor|p1a: Iron Hands
|-damage|p1a: Iron Hands|45/100
|-unboost|p2b: Miraidon|spa|2
|move|p2a: Terapagos|Tera Starstorm|p1b: Volcarona
|-activate|p1b: Volcarona|move: Protect
|
|upkeep
|turn|3
|
|t:|1750815206
|move|p2a: Terapagos|Protect|p2a: Terapagos
|-singleturn|p2a: Terapagos|Protect
|move|p1a: Iron Hands|Fake Out|p2a: Terapagos
|-activate|p2a: Terapagos|move: Protect
|move|p1b: Volcarona|Quiver Dance|p1b: Volcarona
|-boost|p1b: Volcarona|spa|1
|-boost|p1b: Volcarona|spd|1
|-boost|p1b: Volcarona|spe|1
|move|p2b: Miraidon|Snarl|p1a: Iron Hands|[spread] p1a,p1b
|-resisted|p1a: Iron Hands
|-damage|p1a: Iron Hands|42/100
|-damage|p1b: Volcarona|36/100
|-unboost|p1a: Iron Hands|spa|1
|-unboost|p1b: Volcarona|spa|1
|
|upkeep
|turn|4
|
|t:|1750815216
|move|p1b: Volcarona|Fiery Dance|p2a: Terapagos
|-activate|p2a: Terapagos|ability: Tera Shell
|-resisted|p2a: Terapagos
|-damage|p2a: Terapagos|83/100
|-boost|p1b: Volcarona|spa|1
|move|p2b: Miraidon|Snarl|p1b: Volcarona|[spread] p1a
|-miss|p2b: Miraidon|p1b: Volcarona
|-resisted|p1a: Iron Hands
|-damage|p1a: Iron Hands|39/100
|-unboost|p1a: Iron Hands|spa|1
|move|p2a: Terapagos|Tera Starstorm|p1b: Volcarona
|-damage|p1b: Volcarona|3/100
|move|p1a: Iron Hands|Low Kick|p2a: Terapagos
|-supereffective|p2a: Terapagos
|-damage|p2a: Terapagos|55/100
|
|upkeep
|turn|5
|c| Iamsliverfish|smh
|
|t:|1750815241
|-end|p1a: Iron Hands|Quark Drive|[silent]
|switch|p1a: Farigiraf|Farigiraf, L50, F|100/100
|-terastallize|p2a: Terapagos|Stellar
|detailschange|p2a: Terapagos|Terapagos-Stellar, L50, M, tera:Stellar
|-heal|p2a: Terapagos|67/100|[silent]
|-ability|p2a: Terapagos|Teraform Zero
|-fieldend|move: Electric Terrain
|move|p1b: Volcarona|Protect|p1b: Volcarona
|-singleturn|p1b: Volcarona|Protect
|move|p2b: Miraidon|Volt Switch|p1a: Farigiraf
|-damage|p1a: Farigiraf|80/100
|
|t:|1750815253
|switch|p2b: Sinistcha|Sinistcha, L50|100/100|[from] Volt Switch
|-heal|p2a: Terapagos|92/100|[from] ability: Hospitality|[of] p2b: Sinistcha
|move|p2a: Terapagos|Tera Starstorm|p1b: Volcarona|[spread] p1a
|-activate|p1b: Volcarona|move: Protect
|-damage|p1a: Farigiraf|32/100
|
|upkeep
|turn|6
|
|t:|1750815269
|switch|p2b: Miraidon|Miraidon, L50|100/100
|-fieldstart|move: Electric Terrain|[from] ability: Hadron Engine|[of] p2b: Miraidon
|move|p1b: Volcarona|Fiery Dance|p2a: Terapagos
|-damage|p2a: Terapagos|60/100
|move|p2a: Terapagos|Tera Starstorm|p1a: Farigiraf|[spread] p1a,p1b
|-damage|p1a: Farigiraf|0 fnt
|-damage|p1b: Volcarona|0 fnt
|faint|p1a: Farigiraf
|faint|p1b: Volcarona
|
|upkeep
|
|t:|1750815273
|switch|p1b: Iron Hands|Iron Hands, L50, shiny|39/100
|switch|p1a: Miraidon|Miraidon, L50|100/100
|-activate|p1a: Miraidon|ability: Hadron Engine
|-activate|p1b: Iron Hands|ability: Quark Drive
|-start|p1b: Iron Hands|quarkdriveatk
|turn|7
|
|t:|1750815284
|switch|p2b: Sinistcha|Sinistcha, L50|100/100
|-heal|p2a: Terapagos|85/100|[from] ability: Hospitality|[of] p2b: Sinistcha
|move|p2a: Terapagos|Protect|p2a: Terapagos
|-singleturn|p2a: Terapagos|Protect
|move|p1b: Iron Hands|Fake Out|p2b: Sinistcha
|-immune|p2b: Sinistcha
|move|p1a: Miraidon|Electro Drift|p2a: Terapagos
|-activate|p2a: Terapagos|move: Protect
|
|upkeep
|turn|8
|j| imgoldshark07
|c| Iamsliverfish|ge e ge e
|
|t:|1750815304
|move|p2b: Sinistcha|Rage Powder|p2b: Sinistcha
|-singleturn|p2b: Sinistcha|move: Rage Powder
|move|p1a: Miraidon|Electro Drift|p2b: Sinistcha
|-resisted|p2b: Sinistcha
|-damage|p2b: Sinistcha|34/100
|move|p2a: Terapagos|Tera Starstorm|p1a: Miraidon|[spread] p1a,p1b
|-damage|p1a: Miraidon|60/100
|-damage|p1b: Iron Hands|9/100
|move|p1b: Iron Hands|Wild Charge|p2b: Sinistcha
|-resisted|p2b: Sinistcha
|-damage|p2b: Sinistcha|0 fnt
|faint|p2b: Sinistcha
|-damage|p1b: Iron Hands|3/100|[from] Recoil
|
|upkeep
|-message|HardFreaQ forfeited.
|
|win|21Kieran
