|j|☆naibot2814
|j|☆TheHillMann
|t:|1750797450
|gametype|doubles
|player|p1|naibot2814|ghetsis|1667
|player|p2|TheHillMann|rood|1716
|teamsize|p1|6
|teamsize|p2|6
|gen|9
|tier|[Gen 9] VGC 2025 Reg I
|rated|
|rule|Species Clause: Limit one of each Pokémon
|rule|Item Clause: Limit 1 of each item
|clearpoke
|poke|p1|Zamazenta-*, L50|
|poke|p1|Ogerpon-Hearthflame, L50, F|
|poke|p1|Calyrex-Shadow, L50|
|poke|p1|Incineroar, L50, M|
|poke|p1|Rillaboom, L50, M|
|poke|p1|Raging Bolt, L50|
|poke|p2|Groudon, L50|
|poke|p2|Calyrex-Ice, L50|
|poke|p2|Jumpluff, L50, F|
|poke|p2|Raging Bolt, L50|
|poke|p2|Chi-Yu, L50|
|poke|p2|Raichu, L50, F|
|teampreview|4
|inactive|Battle timer is ON: inactive players will automatically lose when time's up. (requested by TheHillMann)
|
|t:|1750797471
|start
|switch|p1a: Calyrex|Calyrex-Shadow, L50|100/100
|switch|p1b: Ogerpon|Ogerpon-Hearthflame, L50, F|100/100
|switch|p2a: Groudon|Groudon, L50|100/100
|switch|p2b: Jumpluff|Jumpluff, L50, F|100/100
|-ability|p1a: Calyrex|As One
|-ability|p1a: Calyrex|Unnerve
|-ability|p1b: Ogerpon|Mold Breaker
|-weather|SunnyDay|[from] ability: Drought|[of] p2a: Groudon
|turn|1
|
|t:|1750797488
|move|p1a: Calyrex|Protect|p1a: Calyrex
|-singleturn|p1a: Calyrex|Protect
|move|p2b: Jumpluff|Tailwind|p2b: Jumpluff
|-sidestart|p2: TheHillMann|move: Tailwind
|move|p2a: Groudon|Precipice Blades|p1b: Ogerpon|[spread] p1b
|-activate|p1a: Calyrex|move: Protect
|-damage|p1b: Ogerpon|43/100
|move|p1b: Ogerpon|Ivy Cudgel|p2b: Jumpluff|[anim] Ivy Cudgel Fire
|-supereffective|p2b: Jumpluff
|-damage|p2b: Jumpluff|0 fnt
|faint|p2b: Jumpluff
|
|-weather|SunnyDay|[upkeep]
|upkeep
|
|t:|1750797496
|switch|p2b: Chi-Yu|Chi-Yu, L50|100/100
|-ability|p2b: Chi-Yu|Beads of Ruin
|turn|2
|
|t:|1750797517
|switch|p1a: Incineroar|Incineroar, L50, M|100/100
|-ability|p1a: Incineroar|Intimidate|boost
|-unboost|p2a: Groudon|atk|1
|-unboost|p2b: Chi-Yu|atk|1
|move|p1b: Ogerpon|Spiky Shield|p1b: Ogerpon
|-singleturn|p1b: Ogerpon|move: Protect
|move|p2b: Chi-Yu|Overheat|p1a: Incineroar
|-resisted|p1a: Incineroar
|-damage|p1a: Incineroar|37/100
|-unboost|p2b: Chi-Yu|spa|2
|move|p2a: Groudon|Precipice Blades|p1b: Ogerpon|[spread] p1a
|-activate|p1b: Ogerpon|move: Protect
|-supereffective|p1a: Incineroar
|-damage|p1a: Incineroar|0 fnt
|faint|p1a: Incineroar
|
|-weather|SunnyDay|[upkeep]
|upkeep
|
|t:|1750797534
|switch|p1a: Calyrex|Calyrex-Shadow, L50|100/100
|-ability|p1a: Calyrex|As One
|-ability|p1a: Calyrex|Unnerve
|turn|3
|
|t:|1750797544
|move|p2b: Chi-Yu|Overheat|p1b: Ogerpon
|-damage|p1b: Ogerpon|0 fnt
|-unboost|p2b: Chi-Yu|spa|2
|faint|p1b: Ogerpon
|move|p2a: Groudon|Precipice Blades|p1a: Calyrex
|-damage|p1a: Calyrex|41/100
|move|p1a: Calyrex|Astral Barrage|p2a: Groudon|[spread] p2a,p2b
|-resisted|p2b: Chi-Yu
|-crit|p2b: Chi-Yu
|-damage|p2a: Groudon|44/100
|-damage|p2b: Chi-Yu|42/100
|-damage|p1a: Calyrex|31/100|[from] item: Life Orb
|
|-weather|SunnyDay|[upkeep]
|upkeep
|
|t:|1750797558
|switch|p1b: Zamazenta|Zamazenta-Crowned, L50|100/100
|-ability|p1b: Zamazenta|Dauntless Shield|boost
|-boost|p1b: Zamazenta|def|1
|turn|4
|
|t:|1750797564
|switch|p2b: Raging Bolt|Raging Bolt, L50|100/100
|-activate|p2b: Raging Bolt|ability: Protosynthesis
|-start|p2b: Raging Bolt|protosynthesisspa
|move|p1a: Calyrex|Protect|p1a: Calyrex
|-singleturn|p1a: Calyrex|Protect
|move|p1b: Zamazenta|Protect|p1b: Zamazenta
|-singleturn|p1b: Zamazenta|Protect
|move|p2a: Groudon|Heat Crash|p1a: Calyrex
|-activate|p1a: Calyrex|move: Protect
|
|-weather|SunnyDay|[upkeep]
|-sideend|p2: TheHillMann|move: Tailwind
|upkeep
|turn|5
|
|t:|1750797578
|move|p2b: Raging Bolt|Thunderclap||[still]
|-fail|p2b: Raging Bolt
|move|p1a: Calyrex|Nasty Plot|p1a: Calyrex
|-boost|p1a: Calyrex|spa|2
|move|p1b: Zamazenta|Body Press|p2a: Groudon
|-damage|p2a: Groudon|0 fnt
|faint|p2a: Groudon
|
|-weather|none
|-end|p2b: Raging Bolt|Protosynthesis
|upkeep
|
|t:|1750797581
|switch|p2a: Chi-Yu|Chi-Yu, L50|42/100
|-ability|p2a: Chi-Yu|Beads of Ruin
|turn|6
|
|t:|1750797600
|-terastallize|p1b: Zamazenta|Dragon
|move|p1a: Calyrex|Protect|p1a: Calyrex
|-singleturn|p1a: Calyrex|Protect
|move|p2b: Raging Bolt|Thunderclap||[still]
|-fail|p2b: Raging Bolt
|move|p2a: Chi-Yu|Overheat|p1b: Zamazenta|[miss]
|-miss|p2a: Chi-Yu|p1b: Zamazenta
|move|p1b: Zamazenta|Body Press|p2a: Chi-Yu
|-supereffective|p2a: Chi-Yu
|-damage|p2a: Chi-Yu|0 fnt
|faint|p2a: Chi-Yu
|
|upkeep
|turn|7
|
|t:|1750797613
|-terastallize|p2b: Raging Bolt|Electric
|move|p1a: Calyrex|Astral Barrage|p2b: Raging Bolt
|-damage|p2b: Raging Bolt|0 fnt
|faint|p2b: Raging Bolt
|-end|p2b: Raging Bolt|Protosynthesis|[silent]
|-damage|p1a: Calyrex|22/100|[from] item: Life Orb
|
|win|naibot2814
|raw|naibot2814's rating: 1667 &rarr; <strong>1690</strong><br />(+23 for winning)
|raw|TheHillMann's rating: 1716 &rarr; <strong>1693</strong><br />(-23 for losing)
|l|☆TheHillMann
|player|p2|
|l|☆naibot2814
|player|p1|
