|j|☆A Regu1ar Guy
|j|☆It'sJustKen VGC
|t:|1750730759
|gametype|doubles
|player|p1|A Regu1ar Guy|elesa|1545
|player|p2|It'sJustKen VGC|player-go|1586
|teamsize|p1|6
|teamsize|p2|6
|gen|9
|tier|[Gen 9] VGC 2025 Reg I
|rated|
|rule|Species Clause: Limit one of each Pokémon
|rule|Item Clause: Limit 1 of each item
|clearpoke
|poke|p1|Calyrex-Shadow, L50|
|poke|p1|Zamazenta-*, L50|
|poke|p1|Chien-Pao, L50|
|poke|p1|Rillaboom, L50, M|
|poke|p1|Raging Bolt, L50|
|poke|p1|Ogerpon-Hearthflame, L50, F|
|poke|p2|Incineroar, L50, F|
|poke|p2|Urshifu-*, L50, F|
|poke|p2|Amoonguss, L50, F|
|poke|p2|Calyrex-Shadow, L50|
|poke|p2|Tornadus, L50, M|
|poke|p2|Terapagos, L50, M|
|teampreview|4
|inactive|Battle timer is ON: inactive players will automatically lose when time's up. (requested by It'sJustKen VGC)
|
|t:|1750730785
|start
|switch|p1a: Calyrex|Calyrex-Shadow, L50|100/100
|switch|p1b: Ogerpon|Ogerpon-Hearthflame, L50, F|100/100
|switch|p2a: @Not Wolfe Glick|Incineroar, L50, F|100/100
|switch|p2b: Steven He|Urshifu-Rapid-Strike, L50, F|100/100
|-ability|p1a: Calyrex|As One
|-ability|p1a: Calyrex|Unnerve
|-ability|p1b: Ogerpon|Mold Breaker
|-ability|p2a: @Not Wolfe Glick|Intimidate|boost
|-unboost|p1a: Calyrex|atk|1
|-unboost|p1b: Ogerpon|atk|1
|turn|1
|
|t:|1750730797
|-terastallize|p1a: Calyrex|Ghost
|move|p2a: @Not Wolfe Glick|Fake Out|p1b: Ogerpon
|-damage|p1b: Ogerpon|86/100
|cant|p1b: Ogerpon|flinch
|move|p2b: Steven He|U-turn|p1a: Calyrex
|-resisted|p1a: Calyrex
|-damage|p1a: Calyrex|83/100
|
|t:|1750730800
|switch|p2b: PTSD Mushroom|Amoonguss, L50, F|100/100|[from] U-turn
|move|p1a: Calyrex|Astral Barrage|p2b: PTSD Mushroom|[spread] p2a,p2b
|-resisted|p2a: @Not Wolfe Glick
|-damage|p2a: @Not Wolfe Glick|73/100
|-damage|p2b: PTSD Mushroom|35/100
|
|upkeep
|turn|2
|
|t:|1750730810
|move|p1b: Ogerpon|Follow Me|p1b: Ogerpon
|-singleturn|p1b: Ogerpon|move: Follow Me
|move|p1a: Calyrex|Astral Barrage|p2a: @Not Wolfe Glick|[spread] p2a,p2b
|-resisted|p2a: @Not Wolfe Glick
|-damage|p2a: @Not Wolfe Glick|49/100
|-damage|p2b: PTSD Mushroom|0 fnt
|faint|p2b: PTSD Mushroom
|-ability|p1a: Calyrex|Grim Neigh|boost
|-boost|p1a: Calyrex|spa|1
|move|p2a: @Not Wolfe Glick|U-turn|p1b: Ogerpon
|-damage|p1b: Ogerpon|63/100
|
|t:|1750730815
|switch|p2a: Steven He|Urshifu-Rapid-Strike, L50, F|100/100|[from] U-turn
|
|upkeep
|
|t:|1750730819
|switch|p2b: @Not Wolfe Glick|Incineroar, L50, F|49/100
|-ability|p2b: @Not Wolfe Glick|Intimidate|boost
|-unboost|p1a: Calyrex|atk|1
|-unboost|p1b: Ogerpon|atk|1
|turn|3
|inactive|A Regu1ar Guy has 30 seconds left.
|inactive|A Regu1ar Guy has 20 seconds left.
|
|t:|1750730855
|switch|p1a: Raging Bolt|Raging Bolt, L50|100/100
|-enditem|p1a: Raging Bolt|Booster Energy
|-activate|p1a: Raging Bolt|ability: Protosynthesis|[fromitem]
|-start|p1a: Raging Bolt|protosynthesisspa
|-terastallize|p2a: Steven He|Water
|move|p2b: @Not Wolfe Glick|Fake Out|p1b: Ogerpon
|-damage|p1b: Ogerpon|48/100
|move|p2a: Steven He|Surging Strikes|p1a: Raging Bolt
|-resisted|p1a: Raging Bolt
|-crit|p1a: Raging Bolt
|-damage|p1a: Raging Bolt|88/100
|-resisted|p1a: Raging Bolt
|-crit|p1a: Raging Bolt
|-damage|p1a: Raging Bolt|76/100
|-resisted|p1a: Raging Bolt
|-crit|p1a: Raging Bolt
|-damage|p1a: Raging Bolt|65/100
|-hitcount|p1a: Raging Bolt|3
|cant|p1b: Ogerpon|flinch
|
|upkeep
|turn|4
|
|t:|1750730875
|switch|p2a: Chicken Jockey|Calyrex-Shadow, L50|100/100
|-ability|p2a: Chicken Jockey|As One
|-ability|p2a: Chicken Jockey|Unnerve
|move|p1b: Ogerpon|Follow Me|p1b: Ogerpon
|-singleturn|p1b: Ogerpon|move: Follow Me
|move|p2b: @Not Wolfe Glick|U-turn|p1b: Ogerpon
|-damage|p1b: Ogerpon|25/100
|
|t:|1750730877
|switch|p2b: Steven He|Urshifu-Rapid-Strike, L50, F, tera:Water|100/100|[from] U-turn
|move|p1a: Raging Bolt|Draco Meteor|p2a: Chicken Jockey
|-damage|p2a: Chicken Jockey|13/100
|-unboost|p1a: Raging Bolt|spa|2
|
|upkeep
|turn|5
|inactive|A Regu1ar Guy has 30 seconds left.
|
|t:|1750730910
|switch|p2a: @Not Wolfe Glick|Incineroar, L50, F|49/100
|-ability|p2a: @Not Wolfe Glick|Intimidate|boost
|-unboost|p1a: Raging Bolt|atk|1
|-unboost|p1b: Ogerpon|atk|1
|move|p1b: Ogerpon|Follow Me|p1b: Ogerpon
|-singleturn|p1b: Ogerpon|move: Follow Me
|move|p1a: Raging Bolt|Thunderclap||[still]
|-fail|p1a: Raging Bolt
|move|p2b: Steven He|Surging Strikes|p1b: Ogerpon
|-crit|p1b: Ogerpon
|-damage|p1b: Ogerpon|0 fnt
|faint|p1b: Ogerpon
|-hitcount|p1: Ogerpon|1
|
|upkeep
|
|t:|1750730912
|switch|p1b: Zamazenta|Zamazenta-Crowned, L50|100/100
|-ability|p1b: Zamazenta|Dauntless Shield|boost
|-boost|p1b: Zamazenta|def|1
|turn|6
|inactive|It'sJustKen VGC has 30 seconds left.
|inactive|It'sJustKen VGC has 20 seconds left.
|inactive|It'sJustKen VGC has 15 seconds left.
|inactive|It'sJustKen VGC has 10 seconds left.
|inactive|It'sJustKen VGC has 5 seconds left.
|
|t:|1750730967
|move|p2a: @Not Wolfe Glick|Fake Out|p1a: Raging Bolt
|-damage|p1a: Raging Bolt|55/100
|move|p2b: Steven He|Surging Strikes|p1a: Raging Bolt
|-resisted|p1a: Raging Bolt
|-crit|p1a: Raging Bolt
|-damage|p1a: Raging Bolt|43/100
|-resisted|p1a: Raging Bolt
|-crit|p1a: Raging Bolt
|-damage|p1a: Raging Bolt|31/100
|-resisted|p1a: Raging Bolt
|-crit|p1a: Raging Bolt
|-damage|p1a: Raging Bolt|19/100
|-hitcount|p1a: Raging Bolt|3
|move|p1b: Zamazenta|Body Press|p2a: @Not Wolfe Glick
|-supereffective|p2a: @Not Wolfe Glick
|-damage|p2a: @Not Wolfe Glick|0 fnt
|faint|p2a: @Not Wolfe Glick
|cant|p1a: Raging Bolt|flinch
|
|upkeep
|
|t:|1750730969
|switch|p2a: Chicken Jockey|Calyrex-Shadow, L50|13/100
|-ability|p2a: Chicken Jockey|As One
|-ability|p2a: Chicken Jockey|Unnerve
|turn|7
|
|t:|1750730976
|move|p1a: Raging Bolt|Thunderclap|p2b: Steven He
|-supereffective|p2b: Steven He
|-damage|p2b: Steven He|28/100
|move|p2b: Steven He|Surging Strikes|p1a: Raging Bolt
|-resisted|p1a: Raging Bolt
|-crit|p1a: Raging Bolt
|-damage|p1a: Raging Bolt|6/100
|-resisted|p1a: Raging Bolt
|-crit|p1a: Raging Bolt
|-damage|p1a: Raging Bolt|0 fnt
|faint|p1a: Raging Bolt
|-end|p1a: Raging Bolt|Protosynthesis|[silent]
|-hitcount|p1: Raging Bolt|2
|move|p2a: Chicken Jockey|Astral Barrage|p1b: Zamazenta
|-damage|p1b: Zamazenta|23/100
|-damage|p2a: Chicken Jockey|4/100|[from] item: Life Orb
|move|p1b: Zamazenta|Heavy Slam|p2a: Chicken Jockey
|-damage|p2a: Chicken Jockey|0 fnt
|faint|p2a: Chicken Jockey
|
|upkeep
|
|t:|1750730978
|switch|p1a: Calyrex|Calyrex-Shadow, L50, tera:Ghost|83/100
|-ability|p1a: Calyrex|As One
|-ability|p1a: Calyrex|Unnerve
|turn|8
|
|t:|1750730980
|move|p2b: Steven He|Surging Strikes|p1a: Calyrex
|-crit|p1a: Calyrex
|-damage|p1a: Calyrex|45/100
|-crit|p1a: Calyrex
|-damage|p1a: Calyrex|6/100
|-crit|p1a: Calyrex
|-damage|p1a: Calyrex|0 fnt
|faint|p1a: Calyrex
|-hitcount|p1: Calyrex|3
|move|p1b: Zamazenta|Body Press|p2b: Steven He
|-damage|p2b: Steven He|0 fnt
|faint|p2b: Steven He
|
|win|A Regu1ar Guy
|raw|A Regu1ar Guy's rating: 1568 &rarr; <strong>1591</strong><br />(+23 for winning)
|raw|It&apos;sJustKen VGC's rating: 1617 &rarr; <strong>1594</strong><br />(-23 for losing)
