|j|☆thegreatestgalar
|j|☆Crocalors
|t:|1750812547
|gametype|doubles
|player|p1|thegreatestgalar|pokemonrangerf|1439
|player|p2|Crocalors|youngster-gen4|1436
|teamsize|p1|6
|teamsize|p2|6
|gen|9
|tier|[Gen 9] VGC 2025 Reg I
|rated|
|rule|Species Clause: Limit one of each Pokémon
|rule|Item Clause: Limit 1 of each item
|clearpoke
|poke|p1|Calyrex-Shadow, L50|
|poke|p1|Incineroar, L50, M|
|poke|p1|Raichu, L50, F|
|poke|p1|Zacian-*, L50|
|poke|p1|Whimsicott, L50, M|
|poke|p1|Indeedee, L50, M|
|poke|p2|Koraidon, L50|
|poke|p2|Raging Bolt, L50|
|poke|p2|Chien-Pao, L50|
|poke|p2|Zamazenta-*, L50|
|poke|p2|Incineroar, L50, M|
|poke|p2|Scream Tail, L50|
|teampreview|4
Crocalors has agreed to open team sheets.
thegreatestgalar rejected open team sheets.
|inactive|Battle timer is ON: inactive players will automatically lose when time's up. (requested by thegreatestgalar)
|
|t:|1750812583
|start
|switch|p1a: Da Horse|Calyrex-Shadow, L50|100/100
|switch|p1b: Thor|Raichu, L50, F|100/100
|switch|p2a: Koraidon|Koraidon, L50|100/100
|switch|p2b: Raging Bolt|Raging Bolt, L50|100/100
|-ability|p1a: Da Horse|As One
|-ability|p1a: Da Horse|Unnerve
|-weather|SunnyDay|[from] ability: Orichalcum Pulse|[of] p2a: Koraidon
|-activate|p2b: Raging Bolt|ability: Protosynthesis
|-start|p2b: Raging Bolt|protosynthesisspa
|-activate|p2a: Koraidon|Orichalcum Pulse|[source]
|turn|1
|inactive|thegreatestgalar has 30 seconds left.
|
|t:|1750812608
|move|p1b: Thor|Fake Out|p2b: Raging Bolt
|-damage|p2b: Raging Bolt|95/100
|move|p1a: Da Horse|Nasty Plot|p1a: Da Horse
|-boost|p1a: Da Horse|spa|2
|move|p2a: Koraidon|Flame Charge|p1b: Thor
|-damage|p1b: Thor|47/100
|-boost|p2a: Koraidon|spe|1
|-damage|p2a: Koraidon|91/100|[from] item: Life Orb
|cant|p2b: Raging Bolt|flinch
|
|-weather|SunnyDay|[upkeep]
|upkeep
|turn|2
|inactive|thegreatestgalar has 30 seconds left.
|
|t:|1750812634
|move|p2a: Koraidon|Protect|p2a: Koraidon
|-singleturn|p2a: Koraidon|Protect
|move|p1a: Da Horse|Protect|p1a: Da Horse
|-singleturn|p1a: Da Horse|Protect
|move|p1b: Thor|Nuzzle|p2a: Koraidon
|-activate|p2a: Koraidon|move: Protect
|move|p2b: Raging Bolt|Dragon Pulse|p1b: Thor
|-damage|p1b: Thor|0 fnt
|faint|p1b: Thor
|
|-weather|SunnyDay|[upkeep]
|upkeep
|
|t:|1750812643
|switch|p1b: Indeedee|Indeedee, L50, M|100/100
|turn|3
|
|t:|1750812662
|switch|p2a: Incineroar|Incineroar, L50, M|100/100
|-ability|p2a: Incineroar|Intimidate|boost
|-unboost|p1a: Da Horse|atk|1
|-fail|p1b: Indeedee|unboost|Attack|[from] ability: Inner Focus|[of] p1b: Indeedee
|move|p2b: Raging Bolt|Thunderclap|p1a: Da Horse
|-damage|p1a: Da Horse|50/100
|move|p1a: Da Horse|Astral Barrage|p2a: Incineroar|[spread] p2a,p2b
|-resisted|p2a: Incineroar
|-damage|p2a: Incineroar|56/100
|-damage|p2b: Raging Bolt|33/100
|move|p1b: Indeedee|Expanding Force|p2a: Incineroar
|-immune|p2a: Incineroar
|
|-weather|SunnyDay|[upkeep]
|upkeep
|turn|4
|
|t:|1750812687
|move|p1a: Da Horse|Protect|p1a: Da Horse
|-singleturn|p1a: Da Horse|Protect
|move|p1b: Indeedee|Expanding Force|p2b: Raging Bolt
|-damage|p2b: Raging Bolt|0 fnt
|faint|p2b: Raging Bolt
|-end|p2b: Raging Bolt|Protosynthesis|[silent]
|move|p2a: Incineroar|Knock Off|p1b: Indeedee
|-supereffective|p1b: Indeedee
|-damage|p1b: Indeedee|0 fnt
|-enditem|p1b: Indeedee|Choice Specs|[from] move: Knock Off|[of] p2a: Incineroar
|faint|p1b: Indeedee
|
|-weather|SunnyDay|[upkeep]
|upkeep
|
|t:|1750812697
|switch|p1b: Zacian|Zacian-Crowned, L50|100/100
|switch|p2b: Zamazenta|Zamazenta-Crowned, L50|100/100
|-ability|p1b: Zacian|Intrepid Sword|boost
|-boost|p1b: Zacian|atk|1
|-ability|p2b: Zamazenta|Dauntless Shield|boost
|-boost|p2b: Zamazenta|def|1
|turn|5
|
|t:|1750812710
|-terastallize|p1b: Zacian|Fighting
|-terastallize|p2a: Incineroar|Bug
|move|p2b: Zamazenta|Wide Guard|p2b: Zamazenta
|-singleturn|p2b: Zamazenta|Wide Guard
|move|p1a: Da Horse|Psychic|p2b: Zamazenta
|-damage|p2b: Zamazenta|24/100
|-unboost|p2b: Zamazenta|spd|1
|move|p1b: Zacian|Sacred Sword|p2a: Incineroar
|-resisted|p2a: Incineroar
|-damage|p2a: Incineroar|20/100
|move|p2a: Incineroar|Knock Off|p1a: Da Horse
|-supereffective|p1a: Da Horse
|-damage|p1a: Da Horse|0 fnt
|-enditem|p1a: Da Horse|Focus Sash|[from] move: Knock Off|[of] p2a: Incineroar
|faint|p1a: Da Horse
|
|-weather|none
|upkeep
|turn|6
|
|t:|1750812730
|move|p1b: Zacian|Sacred Sword|p2b: Zamazenta
|-supereffective|p2b: Zamazenta
|-damage|p2b: Zamazenta|0 fnt
|faint|p2b: Zamazenta
|move|p2a: Incineroar|Flare Blitz|p1b: Zacian
|-damage|p1b: Zacian|53/100
|-damage|p2a: Incineroar|7/100|[from] Recoil
|
|upkeep
|
|t:|1750812732
|switch|p2b: Koraidon|Koraidon, L50|91/100
|-weather|SunnyDay|[from] ability: Orichalcum Pulse|[of] p2b: Koraidon
|-activate|p2b: Koraidon|Orichalcum Pulse|[source]
|turn|7
|inactive|thegreatestgalar has 30 seconds left.
|
|t:|1750812763
|move|p1b: Zacian|Behemoth Blade|p2a: Incineroar
|-damage|p2a: Incineroar|0 fnt
|faint|p2a: Incineroar
|move|p2b: Koraidon|Flare Blitz|p1b: Zacian
|-damage|p1b: Zacian|0 fnt
|faint|p1b: Zacian
|-damage|p2b: Koraidon|74/100|[from] Recoil
|-damage|p2b: Koraidon|65/100|[from] item: Life Orb
|
|win|Crocalors
|raw|thegreatestgalar's rating: 1439 &rarr; <strong>1418</strong><br />(-21 for losing)
|raw|Crocalors's rating: 1414 &rarr; <strong>1435</strong><br />(+21 for winning)
|l|☆thegreatestgalar
|player|p1|
