|j|☆SabasVGC
|j|☆Cdogp
|t:|1750800237
|gametype|doubles
|player|p1|SabasVGC|bugcatcher-gen4dp|1654
|player|p2|Cdogp|wattson|1591
|teamsize|p1|6
|teamsize|p2|6
|gen|9
|tier|[Gen 9] VGC 2025 Reg I
|rated|
|rule|Species Clause: Limit one of each Pokémon
|rule|Item Clause: Limit 1 of each item
|clearpoke
|poke|p1|Urshifu-*, L50, M|
|poke|p1|Torkoal, L50, F|
|poke|p1|Lunala, L50|
|poke|p1|Iron Hands, L50|
|poke|p1|Miraidon, L50|
|poke|p1|Ursaluna, L50, F|
|poke|p2|Calyrex-Shadow, L50|
|poke|p2|Koraidon, L50|
|poke|p2|Incineroar, L50, F|
|poke|p2|Iron Treads, L50|
|poke|p2|Amoonguss, L50, F|
|poke|p2|Walking Wake, L50|
|teampreview|4
SabasVGC has agreed to open team sheets.
|inactive|Battle timer is ON: inactive players will automatically lose when time's up. (requested by SabasVGC)
|
|t:|1750800278
|start
|switch|p1a: Miraidon|Miraidon, L50|100/100
|switch|p1b: Iron Hands|Iron Hands, L50, shiny|100/100
|switch|p2a: Calyrex|Calyrex-Shadow, L50|100/100
|switch|p2b: Incineroar|Incineroar, L50, F, shiny|100/100
|-ability|p2a: Calyrex|As One
|-ability|p2a: Calyrex|Unnerve
|-fieldstart|move: Electric Terrain|[from] ability: Hadron Engine|[of] p1a: Miraidon
|-activate|p1b: Iron Hands|ability: Quark Drive
|-start|p1b: Iron Hands|quarkdriveatk
|-ability|p2b: Incineroar|Intimidate|boost
|-unboost|p1a: Miraidon|atk|1
|-unboost|p1b: Iron Hands|atk|1
|turn|1
|inactive|SabasVGC has 30 seconds left.
|inactive|SabasVGC has 20 seconds left.
|
|t:|1750800318
|switch|p1a: Urshifu|Urshifu, L50, M|100/100
|-terastallize|p2a: Calyrex|Ghost
|move|p2b: Incineroar|Fake Out|p1a: Urshifu
|-damage|p1a: Urshifu|90/100
|move|p2a: Calyrex|Astral Barrage|p1a: Urshifu|[spread] p1a,p1b
|-resisted|p1a: Urshifu
|-crit|p1b: Iron Hands
|-damage|p1a: Urshifu|34/100
|-damage|p1b: Iron Hands|41/100
|move|p1b: Iron Hands|Close Combat|p2b: Incineroar
|-supereffective|p2b: Incineroar
|-damage|p2b: Incineroar|16/100
|-unboost|p1b: Iron Hands|def|1
|-unboost|p1b: Iron Hands|spd|1
|
|upkeep
|turn|2
|inactive|SabasVGC has 30 seconds left.
|inactive|SabasVGC has 20 seconds left.
|inactive|SabasVGC has 15 seconds left.
|inactive|SabasVGC has 10 seconds left.
|inactive|SabasVGC has 5 seconds left.
|
|t:|1750800373
|switch|p2b: Amoonguss|Amoonguss, L50, F|100/100
|move|p1a: Urshifu|Wicked Blow|p2b: Amoonguss
|-crit|p2b: Amoonguss
|-damage|p2b: Amoonguss|57/100
|move|p2a: Calyrex|Astral Barrage|p1a: Urshifu|[spread] p1a,p1b
|-resisted|p1a: Urshifu
|-damage|p1a: Urshifu|0 fnt
|-damage|p1b: Iron Hands|0 fnt
|faint|p1a: Urshifu
|faint|p1b: Iron Hands
|-end|p1b: Iron Hands|Quark Drive|[silent]
|-ability|p2a: Calyrex|Grim Neigh|boost
|-boost|p2a: Calyrex|spa|2
|
|upkeep
|
|t:|1750800390
|switch|p1a: Miraidon|Miraidon, L50|100/100
|switch|p1b: Lunala|Lunala, L50, shiny|100/100
|-activate|p1a: Miraidon|ability: Hadron Engine
|-enditem|p1b: Lunala|Electric Seed
|-boost|p1b: Lunala|def|1|[from] item: Electric Seed
|turn|3
|
|t:|1750800402
|move|p2a: Calyrex|Protect|p2a: Calyrex
|-singleturn|p2a: Calyrex|Protect
|move|p1b: Lunala|Wide Guard|p1b: Lunala
|-singleturn|p1b: Lunala|Wide Guard
|move|p1a: Miraidon|Dazzling Gleam|p2a: Calyrex|[spread] p2b
|-activate|p2a: Calyrex|move: Protect
|-resisted|p2b: Amoonguss
|-damage|p2b: Amoonguss|37/100
|move|p2b: Amoonguss|Sludge Bomb|p1a: Miraidon
|-damage|p1a: Miraidon|78/100
|
|upkeep
|turn|4
|
|t:|1750800420
|move|p2b: Amoonguss|Rage Powder|p2b: Amoonguss
|-singleturn|p2b: Amoonguss|move: Rage Powder
|move|p2a: Calyrex|Psychic|p1a: Miraidon
|-damage|p1a: Miraidon|0 fnt
|faint|p1a: Miraidon
|-ability|p2a: Calyrex|Grim Neigh|boost
|-boost|p2a: Calyrex|spa|1
|move|p1b: Lunala|Moongeist Beam|p2b: Amoonguss
|-damage|p2b: Amoonguss|0 fnt
|faint|p2b: Amoonguss
|
|upkeep
|
|t:|1750800425
|switch|p2b: Incineroar|Incineroar, L50, F, shiny|16/100
|-ability|p2b: Incineroar|Intimidate|boost
|-unboost|p1b: Lunala|atk|1
|turn|5
|-message|SabasVGC forfeited.
|
|win|Cdogp
|raw|SabasVGC's rating: 1654 &rarr; <strong>1630</strong><br />(-24 for losing)
|raw|Cdogp's rating: 1591 &rarr; <strong>1615</strong><br />(+24 for winning)
|l|☆SabasVGC
|player|p1|
|l|☆Cdogp
|player|p2|
