|j|☆fntzz
|j|☆Ryan2412
|t:|1750860683
|gametype|doubles
|player|p1|fntzz|clown|1225
|player|p2|Ryan2412|brock|1267
|teamsize|p1|6
|teamsize|p2|6
|gen|9
|tier|[Gen 9] VGC 2025 Reg I
|rated|
|rule|Species Clause: Limit one of each Pokémon
|rule|Item Clause: Limit 1 of each item
|clearpoke
|poke|p1|Koraidon, L50|
|poke|p1|Zamazenta-*, L50|
|poke|p1|Chi-Yu, L50|
|poke|p1|Whimsicott, L50, F|
|poke|p1|Raging Bolt, L50|
|poke|p1|Weezing-Galar, L50, M|
|poke|p2|Mewtwo, L50|
|poke|p2|Calyrex-Ice, L50|
|poke|p2|Indeedee-F, L50, F|
|poke|p2|Urshifu-*, L50, F|
|poke|p2|Ursaluna-Bloodmoon, L50, M|
|poke|p2|Whimsicott, L50, F|
|teampreview|4
|inactive|Battle timer is ON: inactive players will automatically lose when time's up. (requested by Ryan2412)
|
|t:|1750860708
|start
|switch|p1a: Koraidon|Koraidon, L50|100/100
|switch|p1b: Whimsicott|Whimsicott, L50, F|100/100
|switch|p2a: Indeedee|Indeedee-F, L50, F|100/100
|switch|p2b: Urshifu|Urshifu, L50, F|100/100
|-weather|SunnyDay|[from] ability: Orichalcum Pulse|[of] p1a: Koraidon
|-activate|p1a: Koraidon|Orichalcum Pulse|[source]
|-fieldstart|move: Psychic Terrain|[from] ability: Psychic Surge|[of] p2a: Indeedee
|turn|1
|inactive|fntzz has 30 seconds left.
|
|t:|1750860734
|-terastallize|p1a: Koraidon|Fire
|move|p2b: Urshifu|Detect|p2b: Urshifu
|-singleturn|p2b: Urshifu|Protect
|move|p1b: Whimsicott|Tailwind|p1b: Whimsicott
|-sidestart|p1: fntzz|move: Tailwind
|move|p1a: Koraidon|Flame Charge|p2b: Urshifu
|-activate|p2b: Urshifu|move: Protect
|move|p2a: Indeedee|Alluring Voice|p1a: Koraidon
|-resisted|p1a: Koraidon
|-damage|p1a: Koraidon|91/100
|
|-weather|SunnyDay|[upkeep]
|upkeep
|turn|2
|inactive|Ryan2412 has 30 seconds left.
|
|t:|1750860762
|move|p1b: Whimsicott|Light Screen|p1b: Whimsicott
|-sidestart|p1: fntzz|move: Light Screen
|move|p2b: Urshifu|Sucker Punch|p1a: Koraidon
|-activate|p1a: Koraidon|move: Psychic Terrain
|move|p1a: Koraidon|Flare Blitz|p2b: Urshifu
|-damage|p2b: Urshifu|0 fnt
|faint|p2b: Urshifu
|-damage|p1a: Koraidon|58/100|[from] Recoil
|move|p2a: Indeedee|Trick Room|p2a: Indeedee
|-fieldstart|move: Trick Room|[of] p2a: Indeedee
|
|-weather|SunnyDay|[upkeep]
|upkeep
|
|t:|1750860780
|switch|p2b: Calyrex|Calyrex-Ice, L50|100/100
|-ability|p2b: Calyrex|As One
|-ability|p2b: Calyrex|Unnerve
|turn|3
|
|t:|1750860791
|switch|p1b: Zamazenta|Zamazenta-Crowned, L50|100/100
|-ability|p1b: Zamazenta|Dauntless Shield|boost
|-boost|p1b: Zamazenta|def|1
|-terastallize|p2b: Calyrex|Ice
|move|p2a: Indeedee|Helping Hand|p2b: Calyrex
|-singleturn|p2b: Calyrex|Helping Hand|[of] p2a: Indeedee
|move|p1a: Koraidon|Protect|p1a: Koraidon
|-singleturn|p1a: Koraidon|Protect
|move|p2b: Calyrex|Glacial Lance|p1b: Zamazenta|[spread] p1b
|-activate|p1a: Koraidon|move: Protect
|-resisted|p1b: Zamazenta
|-damage|p1b: Zamazenta|79/100
|
|-weather|SunnyDay|[upkeep]
|upkeep
|turn|4
|
|t:|1750860812
|move|p2a: Indeedee|Helping Hand|p2b: Calyrex
|-singleturn|p2b: Calyrex|Helping Hand|[of] p2a: Indeedee
|move|p1b: Zamazenta|Wide Guard|p1b: Zamazenta
|-singleturn|p1b: Zamazenta|Wide Guard
|move|p2b: Calyrex|Glacial Lance|p1a: Koraidon|[spread] 
|-activate|p1a: Koraidon|move: Wide Guard
|-activate|p1b: Zamazenta|move: Wide Guard
|move|p1a: Koraidon|Flame Charge|p2b: Calyrex
|-supereffective|p2b: Calyrex
|-damage|p2b: Calyrex|16/100
|-boost|p1a: Koraidon|spe|1
|
|-weather|SunnyDay|[upkeep]
|-sideend|p1: fntzz|move: Tailwind
|upkeep
|turn|5
|inactive|Ryan2412 has 30 seconds left.
|inactive|Ryan2412 has 20 seconds left.
|
|t:|1750860847
|move|p2a: Indeedee|Helping Hand|p2b: Calyrex
|-singleturn|p2b: Calyrex|Helping Hand|[of] p2a: Indeedee
|move|p1b: Zamazenta|Wide Guard|p1b: Zamazenta
|-singleturn|p1b: Zamazenta|Wide Guard
|move|p2b: Calyrex|Close Combat|p1a: Koraidon
|-damage|p1a: Koraidon|0 fnt
|-unboost|p2b: Calyrex|def|1
|-unboost|p2b: Calyrex|spd|1
|faint|p1a: Koraidon
|-ability|p2b: Calyrex|Chilling Neigh|boost
|-boost|p2b: Calyrex|atk|1
|
|-weather|none
|-fieldend|move: Psychic Terrain
|upkeep
|
|t:|1750860859
|switch|p1a: Chi-Yu|Chi-Yu, L50|100/100
|-ability|p1a: Chi-Yu|Beads of Ruin
|turn|6
|
|t:|1750860878
|move|p2a: Indeedee|Helping Hand|p2b: Calyrex
|-singleturn|p2b: Calyrex|Helping Hand|[of] p2a: Indeedee
|move|p1b: Zamazenta|Wide Guard|p1b: Zamazenta
|-singleturn|p1b: Zamazenta|Wide Guard
|move|p2b: Calyrex|Close Combat|p1a: Chi-Yu
|-supereffective|p1a: Chi-Yu
|-damage|p1a: Chi-Yu|0 fnt
|-unboost|p2b: Calyrex|def|1
|-unboost|p2b: Calyrex|spd|1
|faint|p1a: Chi-Yu
|-ability|p2b: Calyrex|Chilling Neigh|boost
|-boost|p2b: Calyrex|atk|1
|
|-sideend|p1: fntzz|move: Light Screen
|-fieldend|move: Trick Room
|upkeep
|
|t:|1750860890
|switch|p1a: Whimsicott|Whimsicott, L50, F|100/100
|turn|7
|
|t:|1750860902
|move|p2a: Indeedee|Follow Me|p2a: Indeedee
|-singleturn|p2a: Indeedee|move: Follow Me
|move|p1a: Whimsicott|Tailwind|p1a: Whimsicott
|-sidestart|p1: fntzz|move: Tailwind
|move|p1b: Zamazenta|Body Press|p2a: Indeedee
|-damage|p2a: Indeedee|5/100
|move|p2b: Calyrex|Trick Room|p2b: Calyrex
|-fieldstart|move: Trick Room|[of] p2b: Calyrex
|
|-heal|p2a: Indeedee|11/100|[from] item: Leftovers
|upkeep
|turn|8
|inactive|fntzz has 30 seconds left.
|
|t:|1750860935
|move|p2a: Indeedee|Helping Hand|p2b: Calyrex
|-singleturn|p2b: Calyrex|Helping Hand|[of] p2a: Indeedee
|move|p1b: Zamazenta|Wide Guard|p1b: Zamazenta
|-singleturn|p1b: Zamazenta|Wide Guard
|move|p2b: Calyrex|Close Combat|p1b: Zamazenta
|-supereffective|p1b: Zamazenta
|-damage|p1b: Zamazenta|0 fnt
|-unboost|p2b: Calyrex|def|1
|-unboost|p2b: Calyrex|spd|1
|faint|p1b: Zamazenta
|-ability|p2b: Calyrex|Chilling Neigh|boost
|-boost|p2b: Calyrex|atk|1
|move|p1a: Whimsicott|Moonblast|p2b: Calyrex
|-damage|p2b: Calyrex|0 fnt
|faint|p2b: Calyrex
|
|-heal|p2a: Indeedee|17/100|[from] item: Leftovers
|upkeep
|
|t:|1750860954
|switch|p2b: Mewtwo|Mewtwo, L50, shiny|100/100
|-ability|p2b: Mewtwo|Pressure
|turn|9
|
|t:|1750860966
|move|p2a: Indeedee|Alluring Voice|p1a: Whimsicott
|-damage|p1a: Whimsicott|70/100
|move|p2b: Mewtwo|Psystrike|p1a: Whimsicott
|-damage|p1a: Whimsicott|0 fnt
|faint|p1a: Whimsicott
|
|win|Ryan2412
|raw|fntzz's rating: 1225 &rarr; <strong>1203</strong><br />(-22 for losing)
|raw|Ryan2412's rating: 1267 &rarr; <strong>1289</strong><br />(+22 for winning)
