|j|☆odin25dlg
|j|☆Azuael
|t:|1750713221
|gametype|doubles
|player|p1|odin25dlg|2|1482
|player|p2|Azuael|266|1439
|teamsize|p1|6
|teamsize|p2|6
|gen|9
|tier|[Gen 9] VGC 2025 Reg I
|rated|
|rule|Species Clause: Limit one of each Pokémon
|rule|Item Clause: Limit 1 of each item
|clearpoke
|poke|p1|Calyrex-Shadow, L50|
|poke|p1|Miraidon, L50|
|poke|p1|Incineroar, L50, F|
|poke|p1|Whimsicott, L50, M|
|poke|p1|Urshifu-*, L50, M|
|poke|p1|Ogerpon-Hearthflame, L50, F|
|poke|p2|Zacian-*, L50|
|poke|p2|Kyogre, L50|
|poke|p2|Pikachu, L50, F|
|poke|p2|Moltres-Galar, L50|
|poke|p2|Amoonguss, L50, M|
|poke|p2|Grimmsnarl, L50, M|
|teampreview|4
|inactive|Battle timer is ON: inactive players will automatically lose when time's up. (requested by odin25dlg)
|
|t:|1750713250
|start
|switch|p1a: Calyrex|Calyrex-Shadow, L50|100/100
|switch|p1b: Miraidon|Miraidon, L50|100/100
|switch|p2a: Pikachu|Pikachu, L50, F|100/100
|switch|p2b: Zacian|Zacian-Crowned, L50|100/100
|-ability|p1a: Calyrex|As One
|-ability|p1a: Calyrex|Unnerve
|-ability|p2b: Zacian|Intrepid Sword|boost
|-boost|p2b: Zacian|atk|1
|-fieldstart|move: Electric Terrain|[from] ability: Hadron Engine|[of] p1b: Miraidon
|turn|1
|
|t:|1750713270
|switch|p1b: Urshifu|Urshifu-Rapid-Strike, L50, M|100/100
|move|p2b: Zacian|Protect|p2b: Zacian
|-singleturn|p2b: Zacian|Protect
|move|p1a: Calyrex|Astral Barrage|p2b: Zacian|[spread] p2a
|-activate|p2b: Zacian|move: Protect
|-enditem|p2a: Pikachu|Focus Sash
|-damage|p2a: Pikachu|2/100
|move|p2a: Pikachu|Nuzzle|p1a: Calyrex
|-damage|p1a: Calyrex|90/100
|-status|p1a: Calyrex|par
|
|upkeep
|turn|2
|inactive|Azuael has 30 seconds left.
|inactive|Azuael has 20 seconds left.
|inactive|Azuael has 15 seconds left.
|inactive|Azuael has 10 seconds left.
|
|t:|1750713318
|switch|p2a: Moltres|Moltres-Galar, L50|100/100
|-terastallize|p2b: Zacian|Fighting
|move|p1b: Urshifu|Aqua Jet|p2a: Moltres
|-damage|p2a: Moltres|77/100
|move|p2b: Zacian|Play Rough|p1a: Calyrex
|-damage|p1a: Calyrex|0 fnt
|faint|p1a: Calyrex
|
|upkeep
|
|t:|1750713331
|switch|p1a: Miraidon|Miraidon, L50|100/100
|-activate|p1a: Miraidon|ability: Hadron Engine
|turn|3
|
|t:|1750713340
|switch|p2a: Pikachu|Pikachu, L50, F|2/100
|-terastallize|p1a: Miraidon|Fairy
|move|p1b: Urshifu|Detect|p1b: Urshifu
|-singleturn|p1b: Urshifu|Protect
|move|p2b: Zacian|Play Rough|p1a: Miraidon
|-damage|p1a: Miraidon|18/100
|move|p1a: Miraidon|Dazzling Gleam|p2a: Pikachu|[spread] p2a,p2b
|-supereffective|p2b: Zacian
|-damage|p2a: Pikachu|0 fnt
|-damage|p2b: Zacian|0 fnt
|faint|p2a: Pikachu
|faint|p2b: Zacian
|
|upkeep
|
|t:|1750713357
|switch|p2b: Kyogre|Kyogre, L50|100/100
|switch|p2a: Moltres|Moltres-Galar, L50|77/100
|-weather|RainDance|[from] ability: Drizzle|[of] p2b: Kyogre
|turn|4
|
|t:|1750713372
|move|p1a: Miraidon|Dazzling Gleam|p2a: Moltres|[spread] p2a,p2b
|-supereffective|p2a: Moltres
|-damage|p2a: Moltres|0 fnt
|-damage|p2b: Kyogre|68/100
|faint|p2a: Moltres
|move|p1b: Urshifu|Surging Strikes|p2b: Kyogre
|-resisted|p2b: Kyogre
|-crit|p2b: Kyogre
|-damage|p2b: Kyogre|49/100
|-resisted|p2b: Kyogre
|-crit|p2b: Kyogre
|-damage|p2b: Kyogre|30/100
|-resisted|p2b: Kyogre
|-crit|p2b: Kyogre
|-damage|p2b: Kyogre|13/100
|-hitcount|p2b: Kyogre|3
|move|p2b: Kyogre|Water Spout|p1b: Urshifu|[spread] p1a,p1b
|-resisted|p1b: Urshifu
|-damage|p1a: Miraidon|6/100
|-damage|p1b: Urshifu|92/100
|
|-weather|RainDance|[upkeep]
|upkeep
|turn|5
|l|☆Azuael
|inactive|Azuael disconnected and has a minute to reconnect!
|player|p2|
|inactive|odin25dlg has 30 seconds left.
|inactive|Azuael has 30 seconds left.
|inactive|odin25dlg has 20 seconds left.
|inactive|Azuael has 20 seconds left.
|inactive|odin25dlg has 15 seconds left.
|inactive|Azuael has 15 seconds left.
|inactive|Azuael has 10 seconds left.
|inactive|Azuael has 5 seconds left.
|-message|Azuael lost due to inactivity.
|
|win|odin25dlg
|raw|odin25dlg's rating: 1482 &rarr; <strong>1500</strong><br />(+18 for winning)
|raw|Azuael's rating: 1439 &rarr; <strong>1421</strong><br />(-18 for losing)
|l|☆odin25dlg
|player|p1|
