|j|☆Cheirapica
|j|☆Paikuro
|t:|1750832703
|gametype|doubles
|player|p1|Cheirapica|169|1190
|player|p2|Paikuro|170|1151
|teamsize|p1|6
|teamsize|p2|6
|gen|9
|tier|[Gen 9] VGC 2025 Reg I
|rated|
|rule|Species Clause: Limit one of each Pokémon
|rule|Item Clause: Limit 1 of each item
|clearpoke
|poke|p1|Calyrex-Shadow, L50|
|poke|p1|Garganacl, L50, M|
|poke|p1|Amoonguss, L50, M|
|poke|p1|Miraidon, L50|
|poke|p1|Rillaboom, L50, F|
|poke|p1|Chien-Pao, L50|
|poke|p2|Incineroar, L50, M|
|poke|p2|Glimmora, L50, M|
|poke|p2|Amoonguss, L50, F|
|poke|p2|Toxapex, L50, F|
|poke|p2|Calyrex-Shadow, L50|
|poke|p2|Koraidon, L50|
|teampreview|4
|
|t:|1750832741
|start
|switch|p1a: Calyrex|Calyrex-Shadow, L50|100/100
|switch|p1b: Amoonguss|Amoonguss, L50, M|100/100
|switch|p2a: Incineroar|Incineroar, L50, M|100/100
|switch|p2b: Glimmora|Glimmora, L50, M|100/100
|-ability|p1a: Calyrex|As One
|-ability|p1a: Calyrex|Unnerve
|-ability|p2a: Incineroar|Intimidate|boost
|-unboost|p1a: Calyrex|atk|1
|-unboost|p1b: Amoonguss|atk|1
|turn|1
|
|t:|1750832768
|-terastallize|p1a: Calyrex|Fairy
|move|p1b: Amoonguss|Protect|p1b: Amoonguss
|-singleturn|p1b: Amoonguss|Protect
|move|p2a: Incineroar|Fake Out|p1b: Amoonguss
|-activate|p1b: Amoonguss|move: Protect
|move|p1a: Calyrex|Astral Barrage|p2b: Glimmora|[spread] p2a,p2b
|-resisted|p2a: Incineroar
|-damage|p2a: Incineroar|82/100
|-damage|p2b: Glimmora|4/100
|-enditem|p2b: Glimmora|Red Card|[of] p1a: Calyrex
|drag|p1a: Miraidon|Miraidon, L50|100/100
|-fieldstart|move: Electric Terrain|[from] ability: Hadron Engine|[of] p1a: Miraidon
|move|p2b: Glimmora|Stealth Rock|p1b: Amoonguss
|-sidestart|p1: Cheirapica|move: Stealth Rock
|
|upkeep
|turn|2
|
|t:|1750832809
|switch|p2b: Toxapex|Toxapex, L50, F|100/100
|move|p1a: Miraidon|Volt Switch|p2b: Toxapex
|-supereffective|p2b: Toxapex
|-damage|p2b: Toxapex|0 fnt
|faint|p2b: Toxapex
|
|t:|1750832820
|switch|p1a: Chien-Pao|Chien-Pao, L50|100/100|[from] Volt Switch
|-damage|p1a: Chien-Pao|76/100|[from] Stealth Rock
|-ability|p1a: Chien-Pao|Sword of Ruin
|move|p2a: Incineroar|U-turn|p1b: Amoonguss
|-damage|p1b: Amoonguss|74/100
|
|t:|1750832830
|switch|p2a: Glimmora|Glimmora, L50, M|4/100|[from] U-turn
|move|p1b: Amoonguss|Spore|p2a: Glimmora
|-activate|p2a: Glimmora|move: Electric Terrain
|
|upkeep
|
|t:|1750832843
|switch|p2b: Koraidon|Koraidon, L50|100/100
|-weather|SunnyDay|[from] ability: Orichalcum Pulse|[of] p2b: Koraidon
|-activate|p2b: Koraidon|Orichalcum Pulse|[source]
|turn|3
|
|t:|1750832901
|-terastallize|p2b: Koraidon|Ghost
|move|p1a: Chien-Pao|Protect|p1a: Chien-Pao
|-singleturn|p1a: Chien-Pao|Protect
|move|p2b: Koraidon|Close Combat|p1a: Chien-Pao
|-activate|p1a: Chien-Pao|move: Protect
|move|p2a: Glimmora|Mortal Spin|p1a: Chien-Pao|[spread] p1b
|-activate|p1a: Chien-Pao|move: Protect
|-damage|p1b: Amoonguss|67/100
|move|p1b: Amoonguss|Pollen Puff|p2a: Glimmora
|-resisted|p2a: Glimmora
|-damage|p2a: Glimmora|0 fnt
|faint|p2a: Glimmora
|
|-weather|SunnyDay|[upkeep]
|upkeep
|
|t:|1750832919
|switch|p2a: Incineroar|Incineroar, L50, M|82/100
|-ability|p2a: Incineroar|Intimidate|boost
|-unboost|p1a: Chien-Pao|atk|1
|-unboost|p1b: Amoonguss|atk|1
|turn|4
|
|t:|1750832944
|switch|p1a: Miraidon|Miraidon, L50|100/100
|-damage|p1a: Miraidon|88/100|[from] Stealth Rock
|-activate|p1a: Miraidon|ability: Hadron Engine
|move|p1b: Amoonguss|Protect|p1b: Amoonguss
|-singleturn|p1b: Amoonguss|Protect
|move|p2a: Incineroar|Fake Out|p1a: Miraidon
|-crit|p1a: Miraidon
|-damage|p1a: Miraidon|70/100
|move|p2b: Koraidon|Flare Blitz|p1b: Amoonguss
|-activate|p1b: Amoonguss|move: Protect
|
|-weather|SunnyDay|[upkeep]
|upkeep
|turn|5
|
|t:|1750832979
|move|p1b: Amoonguss|Rage Powder|p1b: Amoonguss
|-singleturn|p1b: Amoonguss|move: Rage Powder
|move|p1a: Miraidon|Electro Drift|p2a: Incineroar
|-damage|p2a: Incineroar|6/100
|move|p2b: Koraidon|Close Combat|p1b: Amoonguss
|-resisted|p1b: Amoonguss
|-damage|p1b: Amoonguss|4/100
|-unboost|p2b: Koraidon|def|1
|-unboost|p2b: Koraidon|spd|1
|-enditem|p1b: Amoonguss|Aguav Berry|[eat]
|-heal|p1b: Amoonguss|37/100|[from] item: Aguav Berry
|-damage|p2b: Koraidon|91/100|[from] item: Life Orb
|move|p2a: Incineroar|Knock Off|p1b: Amoonguss
|-damage|p1b: Amoonguss|5/100
|
|-weather|SunnyDay|[upkeep]
|-fieldend|move: Electric Terrain
|upkeep
|turn|6
|
|t:|1750833010
|move|p1b: Amoonguss|Rage Powder|p1b: Amoonguss
|-singleturn|p1b: Amoonguss|move: Rage Powder
|move|p1a: Miraidon|Electro Drift|p2a: Incineroar
|-damage|p2a: Incineroar|0 fnt
|faint|p2a: Incineroar
|move|p2b: Koraidon|Flare Blitz|p1b: Amoonguss
|-supereffective|p1b: Amoonguss
|-damage|p1b: Amoonguss|0 fnt
|faint|p1b: Amoonguss
|-damage|p2b: Koraidon|88/100|[from] Recoil
|-damage|p2b: Koraidon|79/100|[from] item: Life Orb
|
|-weather|SunnyDay|[upkeep]
|upkeep
|
|t:|1750833025
|switch|p1b: Calyrex|Calyrex-Shadow, L50, tera:Fairy|100/100
|-ability|p1b: Calyrex|As One
|-ability|p1b: Calyrex|Unnerve
|-damage|p1b: Calyrex|88/100|[from] Stealth Rock
|turn|7
|-message|Paikuro forfeited.
|
|win|Cheirapica
|raw|Cheirapica's rating: 1190 &rarr; <strong>1212</strong><br />(+22 for winning)
|raw|Paikuro's rating: 1151 &rarr; <strong>1129</strong><br />(-22 for losing)
|l|☆Paikuro
|player|p2|
|l|☆Cheirapica
|player|p1|
