|j|☆Miurez
|j|☆eriksp
|t:|1750706213
|gametype|doubles
|player|p1|Miurez|pokemonranger-gen4|1456
|player|p2|eriksp|calem-masters|1594
|teamsize|p1|6
|teamsize|p2|6
|gen|9
|tier|[Gen 9] VGC 2025 Reg I
|rated|
|rule|Species Clause: Limit one of each Pokémon
|rule|Item Clause: Limit 1 of each item
|clearpoke
|poke|p1|Miraidon, L50|
|poke|p1|Raichu-Alola, L50, F|
|poke|p1|Calyrex-Ice, L50|
|poke|p1|Iron Valiant, L50|
|poke|p1|Incineroar, L50, F|
|poke|p1|Ogerpon-Wellspring, L50, F|
|poke|p2|Calyrex-Ice, L50|
|poke|p2|Miraidon, L50|
|poke|p2|Volcarona, L50, M|
|poke|p2|Iron Hands, L50|
|poke|p2|Grimmsnarl, L50, M|
|poke|p2|Incineroar, L50, F|
|teampreview|4
eriksp has agreed to open team sheets.
Miurez has agreed to open team sheets.
|showteam|p1|Miraidon||ChoiceSpecs|HadronEngine|VoltSwitch,DazzlingGleam,DracoMeteor,ElectroDrift||||||50|,,,,,Fairy]Raichu-Alola||FocusSash|SurgeSurfer|FakeOut,Nuzzle,Electroweb,VoltSwitch|||F|||50|,,,,,Dark]Calyrex-Ice||ClearAmulet|AsOneGlastrier|GlacialLance,HighHorsepower,Protect,TrickRoom||||||50|,,,,,Water]Iron Valiant||BoosterEnergy|QuarkDrive|SpiritBreak,Protect,WideGuard,Coaching||||||50|,,,,,Ghost]Incineroar||SafetyGoggles|Intimidate|FakeOut,KnockOff,FlareBlitz,PartingShot|||F|||50|,,,,,Bug]Ogerpon-Wellspring||WellspringMask|WaterAbsorb|IvyCudgel,WoodHammer,FollowMe,SpikyShield|||F|||50|,,,,,Water
|showteam|p2|Calyrex-Ice||ClearAmulet|AsOneGlastrier|GlacialLance,HighHorsepower,TrickRoom,Protect||||||50|,,,,,Water]Miraidon||ChoiceSpecs|HadronEngine|ElectroDrift,VoltSwitch,DracoMeteor,DazzlingGleam||||||50|,,,,,Fairy]Volcarona||Leftovers|FlameBody|FieryDance,StruggleBug,QuiverDance,Protect|||M|||50|,,,,,Dragon]Iron Hands||AssaultVest|QuarkDrive|WildCharge,DrainPunch,LowKick,FakeOut||||||50|,,,,,Water]Grimmsnarl||LightClay|Prankster|Reflect,SpiritBreak,LightScreen,ThunderWave|||M|||50|,,,,,Ghost]Incineroar||CovertCloak|Intimidate|FakeOut,KnockOff,WillOWisp,PartingShot|||F|||50|,,,,,Grass
|
|t:|1750706266
|start
|switch|p1a: Miraidon|Miraidon, L50|100/100
|switch|p1b: Raichu|Raichu-Alola, L50, F|100/100
|switch|p2a: Grimmsnarl|Grimmsnarl, L50, M|100/100
|switch|p2b: Calyrex|Calyrex-Ice, L50|100/100
|-ability|p2b: Calyrex|As One
|-ability|p2b: Calyrex|Unnerve
|-fieldstart|move: Electric Terrain|[from] ability: Hadron Engine|[of] p1a: Miraidon
|turn|1
|inactive|Battle timer is ON: inactive players will automatically lose when time's up. (requested by eriksp)
|
|t:|1750706298
|move|p2b: Calyrex|Protect|p2b: Calyrex
|-singleturn|p2b: Calyrex|Protect
|move|p1b: Raichu|Fake Out|p2b: Calyrex
|-activate|p2b: Calyrex|move: Protect
|move|p2a: Grimmsnarl|Light Screen|p2a: Grimmsnarl
|-sidestart|p2: eriksp|move: Light Screen
|move|p1a: Miraidon|Electro Drift|p2a: Grimmsnarl
|-damage|p2a: Grimmsnarl|21/100
|
|upkeep
|turn|2
|
|t:|1750706318
|switch|p1a: Incineroar|Incineroar, L50, F|100/100
|-ability|p1a: Incineroar|Intimidate|boost
|-unboost|p2a: Grimmsnarl|atk|1
|-fail|p2b: Calyrex|unboost|[from] item: Clear Amulet|[of] p2b: Calyrex
|move|p1b: Raichu|Volt Switch|p2b: Calyrex
|-damage|p2b: Calyrex|87/100
|
|t:|1750706325
|switch|p1b: Calyrex|Calyrex-Ice, L50|100/100|[from] Volt Switch
|-ability|p1b: Calyrex|As One
|-ability|p1b: Calyrex|Unnerve
|move|p2a: Grimmsnarl|Spirit Break|p1a: Incineroar
|-damage|p1a: Incineroar|83/100
|-unboost|p1a: Incineroar|spa|1
|move|p2b: Calyrex|Glacial Lance|p1b: Calyrex|[spread] p1a,p1b
|-resisted|p1a: Incineroar
|-resisted|p1b: Calyrex
|-damage|p1a: Incineroar|61/100
|-damage|p1b: Calyrex|83/100
|
|upkeep
|turn|3
|
|t:|1750706339
|switch|p2a: Incineroar|Incineroar, L50, F|100/100
|-ability|p2a: Incineroar|Intimidate|boost
|-unboost|p1a: Incineroar|atk|1
|-fail|p1b: Calyrex|unboost|[from] item: Clear Amulet|[of] p1b: Calyrex
|move|p2b: Calyrex|Protect|p2b: Calyrex
|-singleturn|p2b: Calyrex|Protect
|move|p1a: Incineroar|Fake Out|p2b: Calyrex
|-activate|p2b: Calyrex|move: Protect
|move|p1b: Calyrex|Glacial Lance|p2a: Incineroar|[spread] p2a
|-activate|p2b: Calyrex|move: Protect
|-resisted|p2a: Incineroar
|-damage|p2a: Incineroar|76/100
|
|upkeep
|turn|4
|inactive|Miurez has 30 seconds left.
|
|t:|1750706371
|move|p1b: Calyrex|Protect|p1b: Calyrex
|-singleturn|p1b: Calyrex|Protect
|move|p2a: Incineroar|Fake Out|p1a: Incineroar
|-damage|p1a: Incineroar|52/100
|cant|p1a: Incineroar|flinch
|move|p2b: Calyrex|High Horsepower|p1a: Incineroar
|-supereffective|p1a: Incineroar
|-damage|p1a: Incineroar|0 fnt
|faint|p1a: Incineroar
|-ability|p2b: Calyrex|Chilling Neigh|boost
|-boost|p2b: Calyrex|atk|1
|
|upkeep
|
|t:|1750706382
|switch|p1a: Raichu|Raichu-Alola, L50, F|100/100
|turn|5
|
|t:|1750706398
|switch|p2a: Iron Hands|Iron Hands, L50|100/100
|-activate|p2a: Iron Hands|ability: Quark Drive
|-start|p2a: Iron Hands|quarkdriveatk
|move|p2b: Calyrex|Protect|p2b: Calyrex
|-singleturn|p2b: Calyrex|Protect
|move|p1a: Raichu|Fake Out|p2b: Calyrex
|-activate|p2b: Calyrex|move: Protect
|move|p1b: Calyrex|High Horsepower|p2a: Iron Hands
|-supereffective|p2a: Iron Hands
|-damage|p2a: Iron Hands|45/100
|
|-fieldend|move: Electric Terrain
|-end|p2a: Iron Hands|Quark Drive
|upkeep
|turn|6
|inactive|Miurez has 30 seconds left.
|inactive|Miurez has 20 seconds left.
|inactive|Miurez has 15 seconds left.
|
|t:|1750706438
|move|p2a: Iron Hands|Fake Out|p1a: Raichu
|-damage|p1a: Raichu|69/100
|cant|p1a: Raichu|flinch
|move|p2b: Calyrex|Glacial Lance|p1b: Calyrex|[spread] p1a,p1b
|-resisted|p1b: Calyrex
|-damage|p1a: Raichu|0 fnt
|-damage|p1b: Calyrex|58/100
|faint|p1a: Raichu
|-ability|p2b: Calyrex|Chilling Neigh|boost
|-boost|p2b: Calyrex|atk|1
|move|p1b: Calyrex|High Horsepower|p2a: Iron Hands
|-supereffective|p2a: Iron Hands
|-damage|p2a: Iron Hands|0 fnt
|faint|p2a: Iron Hands
|-end|p2a: Iron Hands|Quark Drive|[silent]
|-ability|p1b: Calyrex|Chilling Neigh|boost
|-boost|p1b: Calyrex|atk|1
|
|upkeep
|
|t:|1750706456
|switch|p1a: Miraidon|Miraidon, L50|100/100
|switch|p2a: Incineroar|Incineroar, L50, F|76/100
|-fieldstart|move: Electric Terrain|[from] ability: Hadron Engine|[of] p1a: Miraidon
|-ability|p2a: Incineroar|Intimidate|boost
|-unboost|p1a: Miraidon|atk|1
|-fail|p1b: Calyrex|unboost|[from] item: Clear Amulet|[of] p1b: Calyrex
|turn|7
|
|t:|1750706480
|move|p2a: Incineroar|Fake Out|p1a: Miraidon
|-damage|p1a: Miraidon|89/100
|cant|p1a: Miraidon|flinch
|move|p2b: Calyrex|Glacial Lance|p1a: Miraidon|[spread] p1a,p1b
|-supereffective|p1a: Miraidon
|-resisted|p1b: Calyrex
|-damage|p1a: Miraidon|0 fnt
|-damage|p1b: Calyrex|20/100
|faint|p1a: Miraidon
|-ability|p2b: Calyrex|Chilling Neigh|boost
|-boost|p2b: Calyrex|atk|1
|move|p1b: Calyrex|High Horsepower|p2a: Incineroar
|-supereffective|p2a: Incineroar
|-damage|p2a: Incineroar|0 fnt
|faint|p2a: Incineroar
|-ability|p1b: Calyrex|Chilling Neigh|boost
|-boost|p1b: Calyrex|atk|1
|
|upkeep
|
|t:|1750706488
|switch|p2a: Grimmsnarl|Grimmsnarl, L50, M|21/100
|turn|8
|
|t:|1750706493
|move|p2a: Grimmsnarl|Reflect|p2a: Grimmsnarl
|-sidestart|p2: eriksp|Reflect
|move|p2b: Calyrex|Glacial Lance|p1b: Calyrex
|-resisted|p1b: Calyrex
|-damage|p1b: Calyrex|0 fnt
|faint|p1b: Calyrex
|
|win|eriksp
|raw|Miurez's rating: 1456 &rarr; <strong>1444</strong><br />(-12 for losing)
|raw|eriksp's rating: 1594 &rarr; <strong>1606</strong><br />(+12 for winning)
|l|☆Miurez
|player|p1|
|l|☆eriksp
|player|p2|
