|j|☆anlingyuze
|j|☆AquaJetGardevoir
|t:|1750864643
|gametype|doubles
|player|p1|anlingyuze|169|1450
|player|p2|AquaJetGardevoir|miku-water|1536
|teamsize|p1|6
|teamsize|p2|6
|gen|9
|tier|[Gen 9] VGC 2025 Reg I
|rated|
|rule|Species Clause: Limit one of each Pokémon
|rule|Item Clause: Limit 1 of each item
|clearpoke
|poke|p1|Groudon, L50|
|poke|p1|Miraidon, L50|
|poke|p1|Gouging Fire, L50|
|poke|p1|Chesnaught, L50, M|
|poke|p1|Farigiraf, L50, M|
|poke|p1|Ogerpon-Cornerstone, L50, F|
|poke|p2|Miraidon, L50|
|poke|p2|Calyrex-Ice, L50|
|poke|p2|Oranguru, L50, M|
|poke|p2|Iron Hands, L50|
|poke|p2|Torkoal, L50, M|
|poke|p2|Sinistcha-Masterpiece, L50|
|teampreview|4
|inactive|Battle timer is ON: inactive players will automatically lose when time's up. (requested by AquaJetGardevoir)
|inactive|anlingyuze has 60 seconds left.
|
|t:|1750864683
|start
|switch|p1a: Miraidon|Miraidon, L50|100/100
|switch|p1b: Chesnaught|Chesnaught, L50, M|100/100
|switch|p2a: Miraidon|Miraidon, L50|100/100
|switch|p2b: Oranguru|Oranguru, L50, M|100/100
|-fieldstart|move: Electric Terrain|[from] ability: Hadron Engine|[of] p1a: Miraidon
|-enditem|p1b: Chesnaught|Electric Seed
|-boost|p1b: Chesnaught|def|1|[from] item: Electric Seed
|-activate|p2a: Miraidon|ability: Hadron Engine
|turn|1
|inactive|AquaJetGardevoir has 30 seconds left.
|inactive|AquaJetGardevoir has 20 seconds left.
|inactive|AquaJetGardevoir has 15 seconds left.
|
|t:|1750864728
|move|p1a: Miraidon|Snarl|p2b: Oranguru|[spread] p2a,p2b
|-supereffective|p2b: Oranguru
|-damage|p2a: Miraidon|82/100
|-damage|p2b: Oranguru|67/100
|-unboost|p2a: Miraidon|spa|1
|-unboost|p2b: Oranguru|spa|1
|move|p2a: Miraidon|Electro Drift|p1a: Miraidon
|-resisted|p1a: Miraidon
|-damage|p1a: Miraidon|80/100
|move|p1b: Chesnaught|Leech Seed|p2b: Oranguru
|-start|p2b: Oranguru|move: Leech Seed
|move|p2b: Oranguru|Trick Room|p2b: Oranguru
|-fieldstart|move: Trick Room|[of] p2b: Oranguru
|
|-damage|p2b: Oranguru|55/100|[from] Leech Seed|[of] p1b: Chesnaught
|upkeep
|turn|2
|
|t:|1750864752
|switch|p2a: Calyrex|Calyrex-Ice, L50|100/100
|-ability|p2a: Calyrex|As One
|-ability|p2a: Calyrex|Unnerve
|switch|p1a: Groudon|Groudon, L50|100/100
|-weather|SunnyDay|[from] ability: Drought|[of] p1a: Groudon
|move|p2b: Oranguru|Shadow Ball|p1a: Groudon
|-damage|p1a: Groudon|94/100
|move|p1b: Chesnaught|Leech Seed|p2a: Calyrex
|-start|p2a: Calyrex|move: Leech Seed
|
|-weather|SunnyDay|[upkeep]
|-damage|p2a: Calyrex|88/100|[from] Leech Seed|[of] p1b: Chesnaught
|-damage|p2b: Oranguru|43/100|[from] Leech Seed|[of] p1b: Chesnaught
|upkeep
|turn|3
|inactive|AquaJetGardevoir has 30 seconds left.
|inactive|AquaJetGardevoir has 20 seconds left.
|inactive|AquaJetGardevoir has 15 seconds left.
|inactive|AquaJetGardevoir has 10 seconds left.
|inactive|AquaJetGardevoir has 5 seconds left.
|
|t:|1750864805
|move|p2a: Calyrex|Protect|p2a: Calyrex
|-singleturn|p2a: Calyrex|Protect
|move|p1b: Chesnaught|Wide Guard|p1b: Chesnaught
|-singleturn|p1b: Chesnaught|Wide Guard
|move|p2b: Oranguru|Shadow Ball|p1a: Groudon
|-crit|p1a: Groudon
|-damage|p1a: Groudon|78/100
|move|p1a: Groudon|Crunch|p2a: Calyrex
|-activate|p2a: Calyrex|move: Protect
|
|-weather|SunnyDay|[upkeep]
|-damage|p2a: Calyrex|76/100|[from] Leech Seed|[of] p1b: Chesnaught
|-damage|p2b: Oranguru|30/100|[from] Leech Seed|[of] p1b: Chesnaught
|upkeep
|turn|4
|
|t:|1750864824
|switch|p2a: Iron Hands|Iron Hands, L50|100/100
|-activate|p2a: Iron Hands|ability: Quark Drive
|-start|p2a: Iron Hands|quarkdriveatk
|switch|p2b: Miraidon|Miraidon, L50|82/100
|-activate|p2b: Miraidon|ability: Hadron Engine
|move|p1b: Chesnaught|Wide Guard|p1b: Chesnaught
|-singleturn|p1b: Chesnaught|Wide Guard
|move|p1a: Groudon|Crunch|p2a: Iron Hands
|-resisted|p2a: Iron Hands
|-damage|p2a: Iron Hands|90/100
|
|-weather|SunnyDay|[upkeep]
|-heal|p2a: Iron Hands|96/100|[from] item: Leftovers
|upkeep
|turn|5
|
|t:|1750864842
|switch|p1b: Farigiraf|Farigiraf, L50, M|100/100
|switch|p2b: Oranguru|Oranguru, L50, M|30/100
|-terastallize|p2a: Iron Hands|Grass
|move|p2a: Iron Hands|Swords Dance|p2a: Iron Hands
|-boost|p2a: Iron Hands|atk|2
|move|p1a: Groudon|Precipice Blades|p2a: Iron Hands|[spread] p2a,p2b
|-resisted|p2a: Iron Hands
|-damage|p2a: Iron Hands|78/100
|-damage|p2b: Oranguru|0 fnt
|faint|p2b: Oranguru
|
|-weather|SunnyDay|[upkeep]
|-heal|p2a: Iron Hands|84/100|[from] item: Leftovers
|-fieldend|move: Trick Room
|-fieldend|move: Electric Terrain
|-end|p2a: Iron Hands|Quark Drive
|upkeep
|
|t:|1750864848
|switch|p2b: Miraidon|Miraidon, L50|82/100
|-fieldstart|move: Electric Terrain|[from] ability: Hadron Engine|[of] p2b: Miraidon
|-activate|p2a: Iron Hands|ability: Quark Drive
|-start|p2a: Iron Hands|quarkdriveatk
|turn|6
|inactive|anlingyuze has 30 seconds left.
|inactive|AquaJetGardevoir has 30 seconds left.
|
|t:|1750864875
|move|p2b: Miraidon|Dazzling Gleam|p1b: Farigiraf|[spread] p1a,p1b
|-damage|p1a: Groudon|56/100
|-damage|p1b: Farigiraf|60/100
|move|p1a: Groudon|Heat Crash|p2a: Iron Hands
|-supereffective|p2a: Iron Hands
|-damage|p2a: Iron Hands|37/100
|move|p1b: Farigiraf|Foul Play|p2a: Iron Hands
|-damage|p2a: Iron Hands|0 fnt
|faint|p2a: Iron Hands
|-end|p2a: Iron Hands|Quark Drive|[silent]
|
|-weather|none
|upkeep
|
|t:|1750864884
|switch|p2a: Calyrex|Calyrex-Ice, L50|76/100
|-ability|p2a: Calyrex|As One
|-ability|p2a: Calyrex|Unnerve
|turn|7
|
|t:|1750864896
|move|p2b: Miraidon|Dazzling Gleam|p1a: Groudon|[spread] p1a,p1b
|-damage|p1a: Groudon|30/100
|-damage|p1b: Farigiraf|19/100
|move|p1a: Groudon|Crunch|p2a: Calyrex
|-supereffective|p2a: Calyrex
|-damage|p2a: Calyrex|39/100
|move|p1b: Farigiraf|Foul Play|p2a: Calyrex
|-supereffective|p2a: Calyrex
|-damage|p2a: Calyrex|0 fnt
|faint|p2a: Calyrex
|
|upkeep
|turn|8
|-message|AquaJetGardevoir forfeited.
|
|win|anlingyuze
|raw|anlingyuze's rating: 1450 &rarr; <strong>1475</strong><br />(+25 for winning)
|raw|AquaJetGardevoir's rating: 1536 &rarr; <strong>1511</strong><br />(-25 for losing)
|l|☆AquaJetGardevoir
|player|p2|
|l|☆anlingyuze
|player|p1|
