|j|☆omegaredxx3
|j|☆AverageCosmogFan
|t:|1750825443
|gametype|doubles
|player|p1|omegaredxx3|169|1101
|player|p2|AverageCosmogFan|170|1184
|teamsize|p1|6
|teamsize|p2|6
|gen|9
|tier|[Gen 9] VGC 2025 Reg I
|rated|
|rule|Species Clause: Limit one of each Pokémon
|rule|Item Clause: Limit 1 of each item
|clearpoke
|poke|p1|Ludicolo, L50, M|
|poke|p1|Exeggutor, L50, M|
|poke|p1|Miraidon, L50|
|poke|p1|Zacian-*, L50|
|poke|p1|Incineroar, L50, M|
|poke|p1|Whimsicott, L50, M|
|poke|p2|Landorus, L50, M|
|poke|p2|Okidogi, L50, M|
|poke|p2|Ogerpon-Wellspring, L50, F|
|poke|p2|Calyrex-Ice, L50|
|poke|p2|Miraidon, L50|
|poke|p2|Incineroar, L50, F|
|teampreview|4
AverageCosmogFan has agreed to open team sheets.
|
|t:|1750825489
|start
|switch|p1a: Tesla|Miraidon, L50|100/100
|switch|p1b: Dockers|Whimsicott, L50, M|100/100
|switch|p2a: Calyrex|Calyrex-Ice, L50|100/100
|switch|p2b: Landorus|Landorus, L50, M|100/100
|-ability|p2a: Calyrex|As One
|-ability|p2a: Calyrex|Unnerve
|-fieldstart|move: Electric Terrain|[from] ability: Hadron Engine|[of] p1a: Tesla
|turn|1
|
|t:|1750825540
|-terastallize|p1a: Tesla|Electric
|move|p1b: Dockers|Taunt|p2a: Calyrex
|-start|p2a: Calyrex|move: Taunt
|move|p2b: Landorus|Sludge Bomb|p1a: Tesla
|-damage|p1a: Tesla|63/100
|move|p1a: Tesla|Electro Drift|p2a: Calyrex
|-crit|p2a: Calyrex
|-damage|p2a: Calyrex|0 fnt
|faint|p2a: Calyrex
|
|upkeep
|
|t:|1750825554
|switch|p2a: Miraidon|Miraidon, L50|100/100
|-activate|p2a: Miraidon|ability: Hadron Engine
|turn|2
|
|t:|1750825580
|move|p1b: Dockers|Tailwind|p1b: Dockers
|-sidestart|p1: omegaredxx3|move: Tailwind
|move|p1a: Tesla|Draco Meteor|p2a: Miraidon|[miss]
|-miss|p1a: Tesla|p2a: Miraidon
|move|p2b: Landorus|Sludge Bomb|p1b: Dockers
|-supereffective|p1b: Dockers
|-damage|p1b: Dockers|0 fnt
|faint|p1b: Dockers
|move|p2a: Miraidon|Draco Meteor|p1a: Tesla|[miss]
|-miss|p2a: Miraidon|p1a: Tesla
|
|upkeep
|
|t:|1750825593
|switch|p1b: Sento|Zacian-Crowned, L50|100/100
|-ability|p1b: Sento|Intrepid Sword|boost
|-boost|p1b: Sento|atk|1
|turn|3
|
|t:|1750825614
|switch|p2b: Okidogi|Okidogi, L50, M|100/100
|-terastallize|p2a: Miraidon|Fairy
|move|p1b: Sento|Play Rough|p2a: Miraidon
|-damage|p2a: Miraidon|28/100
|move|p1a: Tesla|Draco Meteor|p2b: Okidogi
|-damage|p2b: Okidogi|24/100
|-unboost|p1a: Tesla|spa|2
|move|p2a: Miraidon|Draco Meteor|p1a: Tesla
|-damage|p1a: Tesla|0 fnt
|-unboost|p2a: Miraidon|spa|2
|faint|p1a: Tesla
|
|upkeep
|
|t:|1750825632
|switch|p1a: Flair|Incineroar, L50, M, shiny|100/100
|-ability|p1a: Flair|Intimidate|boost
|-unboost|p2a: Miraidon|atk|1
|-ability|p2b: Okidogi|Guard Dog|boost
|-boost|p2b: Okidogi|atk|1
|turn|4
|
|t:|1750825646
|move|p1a: Flair|Fake Out|p2a: Miraidon
|-damage|p2a: Miraidon|18/100
|move|p1b: Sento|Swords Dance|p1b: Sento
|-boost|p1b: Sento|atk|2
|cant|p2a: Miraidon|flinch
|move|p2b: Okidogi|Drain Punch|p1a: Flair
|-supereffective|p1a: Flair
|-damage|p1a: Flair|0 fnt
|-heal|p2b: Okidogi|81/100|[from] drain|[of] p1a: Flair
|faint|p1a: Flair
|
|upkeep
|turn|5
|
|t:|1750825675
|move|p1b: Sento|Play Rough|p2b: Okidogi
|-damage|p2b: Okidogi|0 fnt
|faint|p2b: Okidogi
|move|p2a: Miraidon|Draco Meteor|p1b: Sento
|-immune|p1b: Sento
|
|-sideend|p1: omegaredxx3|move: Tailwind
|-fieldend|move: Electric Terrain
|upkeep
|
|t:|1750825677
|switch|p2b: Landorus|Landorus, L50, M|100/100
|turn|6
|
|t:|1750825688
|move|p2b: Landorus|Earth Power|p1b: Sento
|-supereffective|p1b: Sento
|-damage|p1b: Sento|0 fnt
|faint|p1b: Sento
|
|win|AverageCosmogFan
|raw|omegaredxx3's rating: 1101 &rarr; <strong>1082</strong><br />(-19 for losing)
|raw|AverageCosmogFan's rating: 1184 &rarr; <strong>1203</strong><br />(+19 for winning)
|l|☆omegaredxx3
|player|p1|
|l|☆AverageCosmogFan
|player|p2|
