|j|☆imgoldshark07
|j|☆bman311
|t:|1750821813
|gametype|doubles
|player|p1|imgoldshark07|170|
|player|p2|bman311|elesa-masters|
|teamsize|p1|6
|teamsize|p2|6
|gen|9
|tier|[Gen 9] VGC 2025 Reg I
|rated|Tournament battle
|rule|Species Clause: Limit one of each Pokémon
|rule|Item Clause: Limit 1 of each item
|raw|<div class="infobox"><details class="readmore" open><summary><strong>2 custom rules:</strong></summary> Force Open Team Sheets, !Open Team Sheets</details></div>
|clearpoke
|poke|p1|Calyrex-Ice, L50|
|poke|p1|Terapagos, L50, M|
|poke|p1|Urshifu-*, L50, F|
|poke|p1|Volcarona, L50, F|
|poke|p1|Raging Bolt, L50|
|poke|p1|Rillaboom, L50, F|
|poke|p2|Miraidon, L50|
|poke|p2|Lunala, L50|
|poke|p2|Incineroar, L50, F|
|poke|p2|Ursaluna, L50, M|
|poke|p2|Urshifu-*, L50, F|
|poke|p2|Whimsicott, L50, M|
|teampreview|4
|showteam|p1|Calyrex-Ice||ClearAmulet|AsOneGlastrier|GlacialLance,HighHorsepower,TrickRoom,Protect||||||50|,,,,,Water]Terapagos||ExpertBelt|TeraShift|TeraStarstorm,DarkPulse,EarthPower,Protect|||M|||50|,,,,,Stellar]Urshifu-Rapid-Strike||MysticWater|UnseenFist|SurgingStrikes,CloseCombat,Taunt,Detect|||F|||50|,,,,,Water]Volcarona||RockyHelmet|FlameBody|FieryDance,WillOWisp,RagePowder,Tailwind|||F|||50|,,,,,Steel]Raging Bolt||BoosterEnergy|Protosynthesis|Thunderbolt,Thunderclap,DragonPulse,Protect||||||50|,,,,,Fairy]Rillaboom||AssaultVest|GrassySurge|WoodHammer,GrassyGlide,Uturn,FakeOut|||F|||50|,,,,,Water
|showteam|p2|Miraidon||ChoiceSpecs|HadronEngine|ElectroDrift,DracoMeteor,DazzlingGleam,VoltSwitch||||||50|,,,,,Fairy]Lunala||ElectricSeed|ShadowShield|MoongeistBeam,Moonblast,WideGuard,TrickRoom||||||50|,,,,,Fairy]Incineroar||AssaultVest|Intimidate|FakeOut,FlareBlitz,KnockOff,Uturn|||F|||50|,,,,,Bug]Ursaluna||FlameOrb|Guts|Facade,HeadlongRush,Earthquake,Protect|||M|||50|,,,,,Ghost]Urshifu-Rapid-Strike||ChoiceBand|UnseenFist|SurgingStrikes,CloseCombat,AquaJet,Uturn|||F|||50|,,,,,Ghost]Whimsicott||CovertCloak|Prankster|Tailwind,Moonblast,LightScreen,Encore|||M|||50|,,,,,Water
|inactive|Battle timer is ON: inactive players will automatically lose when time's up. (requested by bman311)
|j| a2
|j| eriksp9
|j| Iamsliverfish
|inactive|bman311 has 60 seconds left.
|n| Ducktlie|iamsliverfish
|
|t:|1750821849
|start
|switch|p1a: Calyrex|Calyrex-Ice, L50|100/100
|switch|p1b: Rillaboom|Rillaboom, L50, F|100/100
|switch|p2a: Lunala|Lunala, L50|100/100
|switch|p2b: Miraidon|Miraidon, L50|100/100
|-ability|p1a: Calyrex|As One
|-ability|p1a: Calyrex|Unnerve
|-fieldstart|move: Electric Terrain|[from] ability: Hadron Engine|[of] p2b: Miraidon
|-enditem|p2a: Lunala|Electric Seed
|-boost|p2a: Lunala|def|1|[from] item: Electric Seed
|-fieldstart|move: Grassy Terrain|[from] ability: Grassy Surge|[of] p1b: Rillaboom
|turn|1
|inactive|bman311 has 30 seconds left.
|inactive|imgoldshark07 has 30 seconds left.
|j| wizzpoower
|
|t:|1750821883
|switch|p2b: Whimsicott|Whimsicott, L50, M|100/100
|move|p2a: Lunala|Wide Guard|p2a: Lunala
|-singleturn|p2a: Lunala|Wide Guard
|move|p1b: Rillaboom|Fake Out|p2b: Whimsicott
|-damage|p2b: Whimsicott|87/100
|move|p1a: Calyrex|Glacial Lance|p2b: Whimsicott|[spread] 
|-activate|p2a: Lunala|move: Wide Guard
|-activate|p2b: Whimsicott|move: Wide Guard
|
|-heal|p2b: Whimsicott|93/100|[from] Grassy Terrain
|upkeep
|turn|2
|
|t:|1750821895
|switch|p1b: Terapagos|Terapagos, L50, M|100/100
|-activate|p1b: Terapagos|ability: Tera Shift
|detailschange|p1b: Terapagos|Terapagos-Terastal, L50, M
|-heal|p1b: Terapagos|100/100|[silent]
|move|p1a: Calyrex|Protect|p1a: Calyrex
|-singleturn|p1a: Calyrex|Protect
|move|p2b: Whimsicott|Encore||[still]
|-fail|p2b: Whimsicott
|move|p2a: Lunala|Moongeist Beam|p1a: Calyrex
|-activate|p1a: Calyrex|move: Protect
|
|-heal|p2b: Whimsicott|99/100|[from] Grassy Terrain
|upkeep
|turn|3
|j| ShirtlessRayRizzo
|
|t:|1750821908
|switch|p1a: Rillaboom|Rillaboom, L50, F|100/100
|-terastallize|p2b: Whimsicott|Water
|move|p2b: Whimsicott|Light Screen|p2b: Whimsicott
|-sidestart|p2: bman311|move: Light Screen
|move|p2a: Lunala|Moongeist Beam|p1a: Rillaboom
|-damage|p1a: Rillaboom|59/100
|move|p1b: Terapagos|Tera Starstorm|p2b: Whimsicott
|-damage|p2b: Whimsicott|57/100
|
|-heal|p2b: Whimsicott|63/100|[from] Grassy Terrain
|-heal|p1a: Rillaboom|65/100|[from] Grassy Terrain
|upkeep
|turn|4
|
|t:|1750821932
|-terastallize|p1b: Terapagos|Stellar
|detailschange|p1b: Terapagos|Terapagos-Stellar, L50, M, tera:Stellar
|-heal|p1b: Terapagos|100/100|[silent]
|-ability|p1b: Terapagos|Teraform Zero
|-fieldend|move: Grassy Terrain
|move|p2b: Whimsicott|Moonblast|p1a: Rillaboom
|-damage|p1a: Rillaboom|47/100
|move|p2a: Lunala|Moongeist Beam|p1a: Rillaboom
|-damage|p1a: Rillaboom|9/100
|move|p1a: Rillaboom|Grassy Glide|p2a: Lunala
|-damage|p2a: Lunala|93/100
|move|p1b: Terapagos|Dark Pulse|p2a: Lunala
|-supereffective|p2a: Lunala
|-damage|p2a: Lunala|4/100
|
|upkeep
|turn|5
|j| Ducktile
|n| DucktiIe|ducktlie
|l| Ducktile
|
|t:|1750821949
|move|p2a: Lunala|Wide Guard|p2a: Lunala
|-singleturn|p2a: Lunala|Wide Guard
|move|p2b: Whimsicott|Moonblast|p1a: Rillaboom
|-damage|p1a: Rillaboom|0 fnt
|faint|p1a: Rillaboom
|move|p1b: Terapagos|Tera Starstorm|p2b: Whimsicott|[spread] 
|-activate|p2a: Lunala|move: Wide Guard
|-activate|p2b: Whimsicott|move: Wide Guard
|
|upkeep
|
|t:|1750821957
|switch|p1a: Calyrex|Calyrex-Ice, L50|100/100
|-ability|p1a: Calyrex|As One
|-ability|p1a: Calyrex|Unnerve
|turn|6
|inactive|bman311 has 30 seconds left.
|
|t:|1750821986
|move|p2a: Lunala|Wide Guard|p2a: Lunala
|-singleturn|p2a: Lunala|Wide Guard
|move|p2b: Whimsicott|Encore|p1b: Terapagos
|-start|p1b: Terapagos|Encore
|move|p1b: Terapagos|Tera Starstorm|p2b: Whimsicott|[spread] 
|-activate|p2a: Lunala|move: Wide Guard
|-activate|p2b: Whimsicott|move: Wide Guard
|move|p1a: Calyrex|Trick Room|p1a: Calyrex
|-fieldstart|move: Trick Room|[of] p1a: Calyrex
|
|upkeep
|turn|7
|
|t:|1750822002
|switch|p1a: Urshifu|Urshifu-Rapid-Strike, L50, F|100/100
|move|p2a: Lunala|Wide Guard|p2a: Lunala
|-singleturn|p2a: Lunala|Wide Guard
|move|p1b: Terapagos|Tera Starstorm|p2a: Lunala|[spread] 
|-activate|p2a: Lunala|move: Wide Guard
|-activate|p2b: Whimsicott|move: Wide Guard
|move|p2b: Whimsicott|Moonblast|p1a: Urshifu
|-supereffective|p1a: Urshifu
|-damage|p1a: Urshifu|28/100
|
|-sideend|p2: bman311|move: Light Screen
|upkeep
|turn|8
|
|t:|1750822016
|move|p2a: Lunala|Wide Guard|p2a: Lunala
|-singleturn|p2a: Lunala|Wide Guard
|move|p1b: Terapagos|Tera Starstorm|p2a: Lunala|[spread] 
|-activate|p2a: Lunala|move: Wide Guard
|-activate|p2b: Whimsicott|move: Wide Guard
|move|p1a: Urshifu|Close Combat|p2b: Whimsicott
|-damage|p2b: Whimsicott|0 fnt
|-unboost|p1a: Urshifu|def|1
|-unboost|p1a: Urshifu|spd|1
|faint|p2b: Whimsicott
|
|-end|p1b: Terapagos|Encore
|upkeep
|
|t:|1750822025
|switch|p2b: Urshifu|Urshifu-Rapid-Strike, L50, F|100/100
|turn|9
|
|t:|1750822039
|move|p1b: Terapagos|Dark Pulse|p2a: Lunala
|-supereffective|p2a: Lunala
|-damage|p2a: Lunala|0 fnt
|faint|p2a: Lunala
|move|p1a: Urshifu|Close Combat|p2b: Urshifu
|-damage|p2b: Urshifu|33/100
|-unboost|p1a: Urshifu|def|1
|-unboost|p1a: Urshifu|spd|1
|move|p2b: Urshifu|Close Combat|p1b: Terapagos
|-supereffective|p1b: Terapagos
|-damage|p1b: Terapagos|0 fnt
|-unboost|p2b: Urshifu|def|1
|-unboost|p2b: Urshifu|spd|1
|faint|p1b: Terapagos
|detailschange|p1: Terapagos|Terapagos, L50, M|[silent]
|
|upkeep
|
|t:|1750822063
|switch|p1b: Calyrex|Calyrex-Ice, L50|100/100
|switch|p2a: Miraidon|Miraidon, L50|100/100
|-ability|p1b: Calyrex|As One
|-ability|p1b: Calyrex|Unnerve
|-fieldstart|move: Electric Terrain|[from] ability: Hadron Engine|[of] p2a: Miraidon
|turn|10
|
|t:|1750822072
|move|p1b: Calyrex|Glacial Lance|p2b: Urshifu|[spread] p2a,p2b
|-supereffective|p2a: Miraidon
|-resisted|p2b: Urshifu
|-damage|p2a: Miraidon|0 fnt
|-damage|p2b: Urshifu|0 fnt
|faint|p2a: Miraidon
|faint|p2b: Urshifu
|
|win|imgoldshark07
|n|☆imgoldshark07|imgoldshark07
|n|☆bman311|bman311
|n| a2|a2
|n| eriksp9|eriksp9
|n| wizzpoower|wizzpoower
|n| ShirtlessRayRizzo|shirtlessrayrizzo
|n| DucktiIe|ducktiie
