|j|☆PYS_Max
|j|☆Critz Dont Matter
|t:|1750719283
|gametype|doubles
|player|p1|PYS_Max|1|1503
|player|p2|Critz Dont Matter|2|1570
|teamsize|p1|6
|teamsize|p2|6
|gen|9
|tier|[Gen 9] VGC 2025 Reg I
|rated|
|rule|Species Clause: Limit one of each Pokémon
|rule|Item Clause: Limit 1 of each item
|clearpoke
|poke|p1|Kyogre, L50|
|poke|p1|Gothitelle, L50, F|
|poke|p1|Zamazenta-*, L50|
|poke|p1|Chien-Pao, L50|
|poke|p1|Incineroar, L50, M|
|poke|p1|Thundurus-Therian, L50, M|
|poke|p2|Koraidon, L50|
|poke|p2|Calyrex-Shadow, L50|
|poke|p2|Weezing-Galar, L50, M|
|poke|p2|Chi-Yu, L50|
|poke|p2|Dondozo, L50, F|
|poke|p2|Tatsugiri-Droopy, L50, F|
|teampreview|4
|
|t:|1750719332
|start
|switch|p1a: Gothitelle|Gothitelle, L50, F|100/100
|switch|p1b: Zamazenta|Zamazenta-Crowned, L50|100/100
|switch|p2a: Weezing|Weezing-Galar, L50, M|100/100
|switch|p2b: Koraidon|Koraidon, L50|100/100
|-ability|p2a: Weezing|Neutralizing Gas
|-block|p2b: Koraidon|item: Ability Shield
|-weather|SunnyDay|[from] ability: Orichalcum Pulse|[of] p2b: Koraidon
|-activate|p2b: Koraidon|Orichalcum Pulse|[source]
|turn|1
|j| slimyswag
|inactive|Battle timer is ON: inactive players will automatically lose when time's up. (requested by Critz Dont Matter)
|
|t:|1750719345
|move|p2b: Koraidon|Protect|p2b: Koraidon
|-singleturn|p2b: Koraidon|Protect
|move|p2a: Weezing|Protect|p2a: Weezing
|-singleturn|p2a: Weezing|Protect
|move|p1a: Gothitelle|Fake Out|p2b: Koraidon
|-activate|p2b: Koraidon|move: Protect
|move|p1b: Zamazenta|Iron Defense|p1b: Zamazenta
|-boost|p1b: Zamazenta|def|2
|
|-weather|SunnyDay|[upkeep]
|upkeep
|turn|2
|inactive|Critz Dont Matter has 30 seconds left.
|inactive|Critz Dont Matter has 20 seconds left.
|
|t:|1750719384
|-terastallize|p2b: Koraidon|Fire
|move|p1b: Zamazenta|Protect|p1b: Zamazenta
|-singleturn|p1b: Zamazenta|Protect
|move|p2b: Koraidon|Flare Blitz|p1a: Gothitelle
|-damage|p1a: Gothitelle|0 fnt
|faint|p1a: Gothitelle
|-damage|p2b: Koraidon|68/100|[from] Recoil
|move|p2a: Weezing|Toxic Spikes|p1b: Zamazenta
|-sidestart|p1: PYS_Max|move: Toxic Spikes
|
|-weather|SunnyDay|[upkeep]
|upkeep
|
|t:|1750719399
|switch|p1a: Incineroar|Incineroar, L50, M|100/100
|-status|p1a: Incineroar|psn
|turn|3
|inactive|Critz Dont Matter has 30 seconds left.
|
|t:|1750719437
|move|p2b: Koraidon|Protect|p2b: Koraidon
|-singleturn|p2b: Koraidon|Protect
|move|p2a: Weezing|Protect|p2a: Weezing
|-singleturn|p2a: Weezing|Protect
|move|p1a: Incineroar|Fake Out|p2b: Koraidon
|-activate|p2b: Koraidon|move: Protect
|move|p1b: Zamazenta|Body Press|p2b: Koraidon
|-activate|p2b: Koraidon|move: Protect
|
|-weather|SunnyDay|[upkeep]
|-damage|p1a: Incineroar|88/100 psn|[from] psn
|upkeep
|turn|4
|
|t:|1750719462
|-end|p2a: Weezing|ability: Neutralizing Gas
|-ability|p1b: Zamazenta|Dauntless Shield|boost
|-boost|p1b: Zamazenta|def|1
|-ability|p1a: Incineroar|Intimidate|boost
|-unboost|p2a: Weezing|atk|1
|-unboost|p2b: Koraidon|atk|1
|switch|p2a: Dondozo|Dondozo, L50, F|100/100
|move|p2b: Koraidon|Collision Course|p1a: Incineroar
|-supereffective|p1a: Incineroar
|-damage|p1a: Incineroar|5/100 psn
|move|p1b: Zamazenta|Body Press|p2b: Koraidon
|-damage|p2b: Koraidon|0 fnt
|faint|p2b: Koraidon
|move|p1a: Incineroar|Taunt|p2a: Dondozo
|-start|p2a: Dondozo|move: Taunt
|
|-weather|SunnyDay|[upkeep]
|-damage|p1a: Incineroar|0 fnt|[from] psn
|faint|p1a: Incineroar
|upkeep
|
|t:|1750719481
|switch|p2b: Weezing|Weezing-Galar, L50, M|100/100
|switch|p1a: Thundurus|Thundurus-Therian, L50, M, shiny|100/100
|-ability|p2b: Weezing|Neutralizing Gas
|turn|5
|inactive|Critz Dont Matter has 30 seconds left.
|
|t:|1750719510
|-end|p2b: Weezing|ability: Neutralizing Gas
|switch|p2b: Tatsugiri|Tatsugiri-Droopy, L50, F|100/100
|-activate|p2b: Tatsugiri|ability: Commander|[of] p2a: Dondozo
|-boost|p2a: Dondozo|atk|2
|-boost|p2a: Dondozo|spa|2
|-boost|p2a: Dondozo|spe|2
|-boost|p2a: Dondozo|def|2
|-boost|p2a: Dondozo|spd|2
|move|p1b: Zamazenta|Body Press|p2a: Dondozo
|-damage|p2a: Dondozo|88/100
|move|p1a: Thundurus|Wildbolt Storm|p2a: Dondozo|[spread] p2a
|-miss|p1a: Thundurus|p2b: Tatsugiri
|-supereffective|p2a: Dondozo
|-damage|p2a: Dondozo|57/100
|move|p2a: Dondozo|Order Up|p1a: Thundurus
|-damage|p1a: Thundurus|54/100
|-boost|p2a: Dondozo|def|1
|
|-weather|none
|-heal|p2a: Dondozo|63/100|[from] item: Leftovers
|upkeep
|turn|6
|inactive|Critz Dont Matter has 30 seconds left.
|
|t:|1750719540
|-terastallize|p1a: Thundurus|Fairy
|move|p1b: Zamazenta|Body Press|p2a: Dondozo
|-damage|p2a: Dondozo|52/100
|move|p1a: Thundurus|Wildbolt Storm|p2b: Tatsugiri|[spread] p2a
|-miss|p1a: Thundurus|p2b: Tatsugiri
|-supereffective|p2a: Dondozo
|-damage|p2a: Dondozo|23/100
|-status|p2a: Dondozo|par
|move|p2a: Dondozo|Body Press|p1b: Zamazenta
|-supereffective|p1b: Zamazenta
|-damage|p1b: Zamazenta|36/100
|
|-heal|p2a: Dondozo|29/100 par|[from] item: Leftovers
|-end|p2a: Dondozo|move: Taunt
|upkeep
|turn|7
|
|t:|1750719557
|cant|p2a: Dondozo|par
|move|p1b: Zamazenta|Body Press|p2a: Dondozo
|-damage|p2a: Dondozo|18/100 par
|move|p1a: Thundurus|Volt Switch|p2a: Dondozo
|-supereffective|p2a: Dondozo
|-damage|p2a: Dondozo|0 fnt
|faint|p2a: Dondozo
|
|upkeep
|
|t:|1750719565
|switch|p2a: Weezing|Weezing-Galar, L50, M|100/100
|-ability|p2a: Weezing|Neutralizing Gas
|turn|8
|
|t:|1750719580
|move|p2b: Tatsugiri|Protect|p2b: Tatsugiri
|-singleturn|p2b: Tatsugiri|Protect
|move|p1b: Zamazenta|Heavy Slam|p2a: Weezing
|-supereffective|p2a: Weezing
|-damage|p2a: Weezing|18/100
|-damage|p1b: Zamazenta|20/100|[from] item: Rocky Helmet|[of] p2a: Weezing
|move|p1a: Thundurus|Wildbolt Storm|p2a: Weezing|[spread] p2a
|-activate|p2b: Tatsugiri|move: Protect
|-damage|p2a: Weezing|0 fnt
|faint|p2a: Weezing
|-end|p2a: Weezing|ability: Neutralizing Gas
|
|upkeep
|turn|9
|-message|Critz Dont Matter forfeited.
|
|win|PYS_Max
|raw|PYS_Max's rating: 1503 &rarr; <strong>1527</strong><br />(+24 for winning)
|raw|Critz Dont Matter's rating: 1570 &rarr; <strong>1546</strong><br />(-24 for losing)
|l|☆Critz Dont Matter
|player|p2|
|l|☆PYS_Max
|player|p1|
