|j|☆SnorlaxPikachu1
|j|☆dthk1216
|t:|1750878084
|gametype|doubles
|player|p1|SnorlaxPikachu1|palmer|1567
|player|p2|dthk1216|dawn|1643
|teamsize|p1|6
|teamsize|p2|6
|gen|9
|tier|[Gen 9] VGC 2025 Reg I
|rated|
|rule|Species Clause: Limit one of each Pokémon
|rule|Item Clause: Limit 1 of each item
|clearpoke
|poke|p1|Calyrex-Ice, L50|
|poke|p1|Smeargle, L50, M|
|poke|p1|Pelipper, L50, F|
|poke|p1|Miraidon, L50|
|poke|p1|Farigiraf, L50, F|
|poke|p1|Incineroar, L50, F|
|poke|p2|Calyrex-Ice, L50|
|poke|p2|Kyogre, L50|
|poke|p2|Urshifu-*, L50, M|
|poke|p2|Rillaboom, L50, M|
|poke|p2|Grimmsnarl, L50, M|
|poke|p2|Amoonguss, L50, M|
|teampreview|4
|j| oherrodersir
|c|☆SnorlaxPikachu1|glhf
|inactive|Battle timer is ON: inactive players will automatically lose when time's up. (requested by dthk1216)
|j| bandedflutter2
|inactive|dthk1216 has 60 seconds left.
|inactive|dthk1216 has 30 seconds left.
|
|t:|1750878157
|start
|switch|p1a: Smeargle|Smeargle, L50, M|100/100
|switch|p1b: Calyrex|Calyrex-Ice, L50|100/100
|switch|p2a: Grimmsnarl|Grimmsnarl, L50, M|100/100
|switch|p2b: Rillaboom|Rillaboom, L50, M|100/100
|-ability|p1b: Calyrex|As One
|-ability|p1b: Calyrex|Unnerve
|-fieldstart|move: Grassy Terrain|[from] ability: Grassy Surge|[of] p2b: Rillaboom
|turn|1
|
|t:|1750878171
|switch|p2b: Calyrex|Calyrex-Ice, L50|100/100
|-ability|p2b: Calyrex|As One
|-ability|p2b: Calyrex|Unnerve
|move|p1a: Smeargle|Fake Out|p2a: Grimmsnarl
|-damage|p2a: Grimmsnarl|96/100
|cant|p2a: Grimmsnarl|flinch
|move|p1b: Calyrex|Glacial Lance|p2a: Grimmsnarl|[spread] p2a,p2b
|-resisted|p2b: Calyrex
|-damage|p2a: Grimmsnarl|36/100
|-damage|p2b: Calyrex|82/100
|
|-heal|p2a: Grimmsnarl|42/100|[from] Grassy Terrain
|-heal|p2b: Calyrex|88/100|[from] Grassy Terrain
|-heal|p2b: Calyrex|94/100|[from] item: Leftovers
|-ability|p1a: Smeargle|Moody|boost
|-boost|p1a: Smeargle|spa|2
|-unboost|p1a: Smeargle|spd|1
|upkeep
|turn|2
|inactive|dthk1216 has 30 seconds left.
|
|t:|1750878200
|move|p2a: Grimmsnarl|Reflect|p2a: Grimmsnarl
|-sidestart|p2: dthk1216|Reflect
|move|p1a: Smeargle|Spore|p2b: Calyrex
|-status|p2b: Calyrex|slp|[from] move: Spore
|move|p1b: Calyrex|Glacial Lance|p2a: Grimmsnarl|[spread] p2a,p2b
|-resisted|p2b: Calyrex
|-damage|p2a: Grimmsnarl|3/100
|-damage|p2b: Calyrex|83/100 slp
|cant|p2b: Calyrex|slp
|
|-heal|p2a: Grimmsnarl|9/100|[from] Grassy Terrain
|-heal|p2b: Calyrex|88/100 slp|[from] Grassy Terrain
|-heal|p2b: Calyrex|94/100 slp|[from] item: Leftovers
|-ability|p1a: Smeargle|Moody|boost
|-boost|p1a: Smeargle|spa|2
|-unboost|p1a: Smeargle|spd|1
|upkeep
|turn|3
|
|t:|1750878215
|switch|p2a: Kyogre|Kyogre, L50|100/100
|-weather|RainDance|[from] ability: Drizzle|[of] p2a: Kyogre
|move|p1a: Smeargle|Decorate|p1b: Calyrex
|-boost|p1b: Calyrex|atk|2
|-boost|p1b: Calyrex|spa|2
|move|p1b: Calyrex|Glacial Lance|p2b: Calyrex|[spread] p2a,p2b
|-resisted|p2a: Kyogre
|-resisted|p2b: Calyrex
|-damage|p2a: Kyogre|68/100
|-damage|p2b: Calyrex|72/100 slp
|-curestatus|p2b: Calyrex|slp|[msg]
|move|p2b: Calyrex|Leech Seed|p1b: Calyrex
|-start|p1b: Calyrex|move: Leech Seed
|
|-weather|RainDance|[upkeep]
|-heal|p2a: Kyogre|74/100|[from] Grassy Terrain
|-heal|p2b: Calyrex|77/100|[from] Grassy Terrain
|-heal|p2b: Calyrex|83/100|[from] item: Leftovers
|-damage|p1b: Calyrex|88/100|[from] Leech Seed|[of] p2b: Calyrex
|-heal|p2b: Calyrex|95/100|[silent]
|-ability|p1a: Smeargle|Moody|boost
|-boost|p1a: Smeargle|spa|2
|-unboost|p1a: Smeargle|spd|1
|upkeep
|turn|4
|inactive|dthk1216 has 30 seconds left.
|inactive|dthk1216 has 20 seconds left.
|
|t:|1750878255
|-terastallize|p2a: Kyogre|Grass
|move|p1a: Smeargle|Spore|p2a: Kyogre
|-immune|p2a: Kyogre
|move|p2a: Kyogre|Water Spout|p1b: Calyrex|[spread] p1a,p1b
|-enditem|p1a: Smeargle|Focus Sash
|-damage|p1a: Smeargle|1/100
|-damage|p1b: Calyrex|41/100
|move|p1b: Calyrex|Crunch|p2b: Calyrex
|-supereffective|p2b: Calyrex
|-damage|p2b: Calyrex|40/100
|move|p2b: Calyrex|Glacial Lance|p1b: Calyrex|[spread] p1a,p1b
|-resisted|p1b: Calyrex
|-damage|p1a: Smeargle|0 fnt
|-damage|p1b: Calyrex|25/100
|faint|p1a: Smeargle
|-ability|p2b: Calyrex|Chilling Neigh|boost
|-boost|p2b: Calyrex|atk|1
|
|-weather|RainDance|[upkeep]
|-heal|p2a: Kyogre|80/100|[from] Grassy Terrain
|-heal|p1b: Calyrex|30/100|[from] Grassy Terrain
|-heal|p2b: Calyrex|45/100|[from] Grassy Terrain
|-heal|p2b: Calyrex|51/100|[from] item: Leftovers
|-damage|p1b: Calyrex|18/100|[from] Leech Seed|[of] p2b: Calyrex
|-heal|p2b: Calyrex|63/100|[silent]
|upkeep
|
|t:|1750878267
|switch|p1a: Miraidon|Miraidon, L50|100/100
|-fieldstart|move: Electric Terrain|[from] ability: Hadron Engine|[of] p1a: Miraidon
|turn|5
|j| YSE-Mill
|
|t:|1750878288
|switch|p1b: Pelipper|Pelipper, L50, F|100/100
|switch|p2b: Rillaboom|Rillaboom, L50, M|100/100
|-fieldstart|move: Grassy Terrain|[from] ability: Grassy Surge|[of] p2b: Rillaboom
|move|p1a: Miraidon|Draco Meteor|p2b: Rillaboom
|-damage|p2b: Rillaboom|13/100
|-unboost|p1a: Miraidon|spa|2
|move|p2a: Kyogre|Water Spout|p1a: Miraidon|[spread] p1a,p1b
|-resisted|p1a: Miraidon
|-resisted|p1b: Pelipper
|-damage|p1a: Miraidon|45/100
|-damage|p1b: Pelipper|21/100
|
|-weather|RainDance|[upkeep]
|-heal|p1a: Miraidon|52/100|[from] Grassy Terrain
|-heal|p2b: Rillaboom|19/100|[from] Grassy Terrain
|-heal|p2a: Kyogre|86/100|[from] Grassy Terrain
|upkeep
|turn|6
|l| oherrodersir
|inactive|dthk1216 has 30 seconds left.
|
|t:|1750878315
|switch|p2a: Grimmsnarl|Grimmsnarl, L50, M|9/100
|move|p1b: Pelipper|Wide Guard|p1b: Pelipper
|-singleturn|p1b: Pelipper|Wide Guard
|move|p2b: Rillaboom|Grassy Glide|p1b: Pelipper
|-damage|p1b: Pelipper|0 fnt
|faint|p1b: Pelipper
|move|p1a: Miraidon|Draco Meteor|p2b: Rillaboom
|-damage|p2b: Rillaboom|0 fnt
|-unboost|p1a: Miraidon|spa|2
|faint|p2b: Rillaboom
|
|-weather|RainDance|[upkeep]
|-heal|p1a: Miraidon|58/100|[from] Grassy Terrain
|-heal|p2a: Grimmsnarl|15/100|[from] Grassy Terrain
|upkeep
|
|t:|1750878329
|switch|p2b: Kyogre|Kyogre, L50, tera:Grass|86/100
|switch|p1b: Calyrex|Calyrex-Ice, L50|18/100
|-ability|p1b: Calyrex|As One
|-ability|p1b: Calyrex|Unnerve
|turn|7
|
|t:|1750878343
|-terastallize|p1b: Calyrex|Grass
|move|p2a: Grimmsnarl|Light Screen|p2a: Grimmsnarl
|-sidestart|p2: dthk1216|move: Light Screen
|move|p1a: Miraidon|Draco Meteor|p2b: Kyogre
|-damage|p2b: Kyogre|67/100
|-unboost|p1a: Miraidon|spa|2
|move|p2b: Kyogre|Thunder|p1b: Calyrex
|-resisted|p1b: Calyrex
|-damage|p1b: Calyrex|4/100
|move|p1b: Calyrex|Glacial Lance|p2b: Kyogre|[spread] p2a,p2b
|-supereffective|p2b: Kyogre
|-damage|p2a: Grimmsnarl|0 fnt
|-damage|p2b: Kyogre|0 fnt
|faint|p2a: Grimmsnarl
|faint|p2b: Kyogre
|-ability|p1b: Calyrex|Chilling Neigh|boost
|-boost|p1b: Calyrex|atk|2
|
|-weather|none
|-heal|p1a: Miraidon|64/100|[from] Grassy Terrain
|-heal|p1b: Calyrex|10/100|[from] Grassy Terrain
|upkeep
|
|t:|1750878362
|switch|p2b: Calyrex|Calyrex-Ice, L50|63/100
|-ability|p2b: Calyrex|As One
|-ability|p2b: Calyrex|Unnerve
|turn|8
|
|t:|1750878368
|move|p1a: Miraidon|Draco Meteor|p2b: Calyrex
|-damage|p2b: Calyrex|51/100
|move|p1b: Calyrex|Crunch|p2b: Calyrex
|-supereffective|p2b: Calyrex
|-damage|p2b: Calyrex|0 fnt
|faint|p2b: Calyrex
|
|win|SnorlaxPikachu1
|raw|SnorlaxPikachu1's rating: 1567 &rarr; <strong>1591</strong><br />(+24 for winning)
|raw|dthk1216's rating: 1643 &rarr; <strong>1619</strong><br />(-24 for losing)
|l|☆dthk1216
|player|p2|
|l| bandedflutter2
|c|☆SnorlaxPikachu1|ggwp
|l|☆SnorlaxPikachu1
|player|p1|
|l| YSE-Mill
