|j|☆ness#1glazer
|j|☆blu3cr33p3r
|t:|1750803041
|gametype|doubles
|player|p1|ness#1glazer|n|1291
|player|p2|blu3cr33p3r|bruno|1267
|teamsize|p1|6
|teamsize|p2|6
|gen|9
|tier|[Gen 9] VGC 2025 Reg I
|rated|
|rule|Species Clause: Limit one of each Pokémon
|rule|Item Clause: Limit 1 of each item
|clearpoke
|poke|p1|Rillaboom, L50, F|
|poke|p1|Calyrex-Shadow, L50|
|poke|p1|Zamazenta-*, L50|
|poke|p1|Incineroar, L50, M|
|poke|p1|Raging Bolt, L50|
|poke|p1|Indeedee-F, L50, F|
|poke|p2|Lunala, L50|
|poke|p2|Ursaluna, L50, M|
|poke|p2|Urshifu-*, L50, F|
|poke|p2|Miraidon, L50|
|poke|p2|Grimmsnarl, L50, M|
|poke|p2|Incineroar, L50, M|
|teampreview|4
|
|t:|1750803079
|start
|switch|p1a: Calyrex|Calyrex-Shadow, L50|100/100
|switch|p1b: Indeedee|Indeedee-F, L50, F|100/100
|switch|p2a: Miraidon|Miraidon, L50|100/100
|switch|p2b: Grimmsnarl|Grimmsnarl, L50, M|100/100
|-ability|p1a: Calyrex|As One
|-ability|p1a: Calyrex|Unnerve
|-fieldstart|move: Electric Terrain|[from] ability: Hadron Engine|[of] p2a: Miraidon
|-fieldstart|move: Psychic Terrain|[from] ability: Psychic Surge|[of] p1b: Indeedee
|turn|1
|
|t:|1750803143
|-terastallize|p1a: Calyrex|Fairy
|move|p1b: Indeedee|Follow Me|p1b: Indeedee
|-singleturn|p1b: Indeedee|move: Follow Me
|move|p2b: Grimmsnarl|Light Screen|p2b: Grimmsnarl
|-sidestart|p2: blu3cr33p3r|move: Light Screen
|move|p1a: Calyrex|Tera Blast|p2a: Miraidon|[anim] Tera Blast Fairy
|-supereffective|p2a: Miraidon
|-damage|p2a: Miraidon|69/100
|move|p2a: Miraidon|Electro Drift|p1b: Indeedee
|-damage|p1b: Indeedee|54/100
|
|upkeep
|turn|2
|
|t:|1750803177
|move|p1b: Indeedee|Helping Hand|p1a: Calyrex
|-singleturn|p1a: Calyrex|Helping Hand|[of] p1b: Indeedee
|move|p1a: Calyrex|Astral Barrage|p2b: Grimmsnarl|[spread] p2a,p2b
|-resisted|p2b: Grimmsnarl
|-damage|p2a: Miraidon|43/100
|-damage|p2b: Grimmsnarl|75/100
|move|p2a: Miraidon|Electro Drift|p1a: Calyrex
|-damage|p1a: Calyrex|36/100
|move|p2b: Grimmsnarl|Spirit Break|p1a: Calyrex
|-damage|p1a: Calyrex|0 fnt
|faint|p1a: Calyrex
|
|upkeep
|
|t:|1750803200
|switch|p1a: Raging Bolt|Raging Bolt, L50|100/100
|-enditem|p1a: Raging Bolt|Booster Energy
|-activate|p1a: Raging Bolt|ability: Protosynthesis|[fromitem]
|-start|p1a: Raging Bolt|protosynthesisspa
|turn|3
|
|t:|1750803241
|move|p1a: Raging Bolt|Protect|p1a: Raging Bolt
|-singleturn|p1a: Raging Bolt|Protect
|move|p2a: Miraidon|Volt Switch|p1b: Indeedee
|-damage|p1b: Indeedee|22/100
|-enditem|p1b: Indeedee|Sitrus Berry|[eat]
|-heal|p1b: Indeedee|47/100|[from] item: Sitrus Berry
|
|t:|1750803257
|switch|p2a: Lunala|Lunala, L50|100/100|[from] Volt Switch
|move|p2b: Grimmsnarl|Spirit Break|p1a: Raging Bolt
|-activate|p1a: Raging Bolt|move: Protect
|move|p1b: Indeedee|Trick Room|p1b: Indeedee
|-fieldstart|move: Trick Room|[of] p1b: Indeedee
|
|upkeep
|turn|4
|
|t:|1750803295
|-terastallize|p2a: Lunala|Fairy
|move|p1b: Indeedee|Helping Hand|p1a: Raging Bolt
|-singleturn|p1a: Raging Bolt|Helping Hand|[of] p1b: Indeedee
|move|p2b: Grimmsnarl|Spirit Break|p1a: Raging Bolt
|-supereffective|p1a: Raging Bolt
|-damage|p1a: Raging Bolt|49/100
|-unboost|p1a: Raging Bolt|spa|1
|move|p1a: Raging Bolt|Thunderbolt|p2b: Grimmsnarl
|-damage|p2b: Grimmsnarl|31/100
|move|p2a: Lunala|Moonblast|p1a: Raging Bolt
|-supereffective|p1a: Raging Bolt
|-damage|p1a: Raging Bolt|0 fnt
|faint|p1a: Raging Bolt
|-end|p1a: Raging Bolt|Protosynthesis|[silent]
|
|upkeep
|
|t:|1750803306
|switch|p1a: Zamazenta|Zamazenta-Crowned, L50|100/100
|-ability|p1a: Zamazenta|Dauntless Shield|boost
|-boost|p1a: Zamazenta|def|1
|turn|5
|
|t:|1750803329
|move|p1b: Indeedee|Helping Hand|p1a: Zamazenta
|-singleturn|p1a: Zamazenta|Helping Hand|[of] p1b: Indeedee
|move|p2b: Grimmsnarl|Reflect|p2b: Grimmsnarl
|-sidestart|p2: blu3cr33p3r|Reflect
|move|p2a: Lunala|Moonblast|p1a: Zamazenta
|-damage|p1a: Zamazenta|64/100
|move|p1a: Zamazenta|Heavy Slam|p2a: Lunala
|-supereffective|p2a: Lunala
|-damage|p2a: Lunala|64/100
|
|-fieldend|move: Psychic Terrain
|upkeep
|turn|6
|
|t:|1750803361
|move|p2b: Grimmsnarl|Spirit Break|p1a: Zamazenta
|-damage|p1a: Zamazenta|52/100
|-unboost|p1a: Zamazenta|spa|1
|move|p2a: Lunala|Moonblast|p1a: Zamazenta
|-damage|p1a: Zamazenta|18/100
|-unboost|p1a: Zamazenta|spa|1
|move|p1a: Zamazenta|Body Press|p2b: Grimmsnarl
|-damage|p2b: Grimmsnarl|0 fnt
|faint|p2b: Grimmsnarl
|move|p1b: Indeedee|Trick Room|p1b: Indeedee
|-fieldend|move: Trick Room
|
|upkeep
|
|t:|1750803384
|switch|p2b: Miraidon|Miraidon, L50|43/100
|-fieldstart|move: Electric Terrain|[from] ability: Hadron Engine|[of] p2b: Miraidon
|-enditem|p2a: Lunala|Electric Seed
|-boost|p2a: Lunala|def|1|[from] item: Electric Seed
|turn|7
|
|t:|1750803410
|move|p1b: Indeedee|Follow Me|p1b: Indeedee
|-singleturn|p1b: Indeedee|move: Follow Me
|move|p2b: Miraidon|Electro Drift|p1b: Indeedee
|-damage|p1b: Indeedee|0 fnt
|faint|p1b: Indeedee
|move|p1a: Zamazenta|Body Press|p2b: Miraidon
|-damage|p2b: Miraidon|0 fnt
|faint|p2b: Miraidon
|move|p2a: Lunala|Moonblast|p1a: Zamazenta
|-damage|p1a: Zamazenta|0 fnt
|faint|p1a: Zamazenta
|
|win|blu3cr33p3r
|raw|ness#1glazer's rating: 1291 &rarr; <strong>1264</strong><br />(-27 for losing)
|raw|blu3cr33p3r's rating: 1267 &rarr; <strong>1294</strong><br />(+27 for winning)
|l|☆ness#1glazer
|player|p1|
