|j|☆2Timmothy
|j|☆AxeP91
|t:|1750721521
|gametype|doubles
|player|p1|2Timmothy|plasmagruntf|1395
|player|p2|AxeP91|169|1460
|teamsize|p1|6
|teamsize|p2|6
|gen|9
|tier|[Gen 9] VGC 2025 Reg I
|rated|
|rule|Species Clause: Limit one of each Pokémon
|rule|Item Clause: Limit 1 of each item
|clearpoke
|poke|p1|Terapagos, L50, M|
|poke|p1|Urshifu-*, L50, M|
|poke|p1|Rillaboom, L50, M|
|poke|p1|Roaring Moon, L50|
|poke|p1|Lunala, L50|
|poke|p1|Volcarona, L50, F|
|poke|p2|Calyrex-Shadow, L50|
|poke|p2|Zamazenta-*, L50|
|poke|p2|Volcarona, L50, M|
|poke|p2|Whimsicott, L50, F|
|poke|p2|Urshifu-*, L50, M|
|poke|p2|Incineroar, L50, F|
|teampreview|4
|inactive|Battle timer is ON: inactive players will automatically lose when time's up. (requested by AxeP91)
|
|t:|1750721549
|start
|switch|p1a: Rillaboom|Rillaboom, L50, M|100/100
|switch|p1b: Lunala|Lunala, L50|100/100
|switch|p2a: Urshifu|Urshifu-Rapid-Strike, L50, M|100/100
|switch|p2b: Whimsicott|Whimsicott, L50, F|100/100
|-fieldstart|move: Grassy Terrain|[from] ability: Grassy Surge|[of] p1a: Rillaboom
|turn|1
|
|t:|1750721572
|move|p2b: Whimsicott|Tailwind|p2b: Whimsicott
|-sidestart|p2: AxeP91|move: Tailwind
|move|p2a: Urshifu|Surging Strikes|p1b: Lunala
|-crit|p1b: Lunala
|-damage|p1b: Lunala|88/100
|-crit|p1b: Lunala
|-damage|p1b: Lunala|61/100
|-crit|p1b: Lunala
|-damage|p1b: Lunala|32/100
|-hitcount|p1b: Lunala|3
|move|p1a: Rillaboom|Wood Hammer|p2a: Urshifu
|-supereffective|p2a: Urshifu
|-damage|p2a: Urshifu|0 fnt
|faint|p2a: Urshifu
|-damage|p1a: Rillaboom|71/100|[from] Recoil
|move|p1b: Lunala|Trick Room|p1b: Lunala
|-fieldstart|move: Trick Room|[of] p1b: Lunala
|
|-heal|p1a: Rillaboom|77/100|[from] Grassy Terrain
|-heal|p1b: Lunala|39/100|[from] Grassy Terrain
|upkeep
|
|t:|1750721591
|switch|p2a: Calyrex|Calyrex-Shadow, L50|100/100
|-ability|p2a: Calyrex|As One
|-ability|p2a: Calyrex|Unnerve
|turn|2
|
|t:|1750721611
|switch|p1b: Urshifu|Urshifu-Rapid-Strike, L50, M|100/100
|move|p2b: Whimsicott|Encore||[still]
|-fail|p2b: Whimsicott
|move|p1a: Rillaboom|U-turn|p2b: Whimsicott
|-damage|p2b: Whimsicott|64/100
|
|t:|1750721622
|switch|p1a: Volcarona|Volcarona, L50, F|100/100|[from] U-turn
|move|p2a: Calyrex|Psychic|p1a: Volcarona
|-damage|p1a: Volcarona|40/100
|-damage|p2a: Calyrex|91/100|[from] item: Life Orb
|
|-heal|p1a: Volcarona|46/100|[from] Grassy Terrain
|-heal|p2b: Whimsicott|70/100|[from] Grassy Terrain
|-heal|p2a: Calyrex|97/100|[from] Grassy Terrain
|upkeep
|turn|3
|inactive|AxeP91 has 30 seconds left.
|
|t:|1750721649
|switch|p2b: Zamazenta|Zamazenta-Crowned, L50|100/100
|-ability|p2b: Zamazenta|Dauntless Shield|boost
|-boost|p2b: Zamazenta|def|1
|move|p1b: Urshifu|Surging Strikes|p2a: Calyrex
|-crit|p2a: Calyrex
|-damage|p2a: Calyrex|57/100
|-crit|p2a: Calyrex
|-damage|p2a: Calyrex|19/100
|-crit|p2a: Calyrex
|-damage|p2a: Calyrex|0 fnt
|faint|p2a: Calyrex
|-hitcount|p2: Calyrex|3
|move|p1a: Volcarona|Struggle Bug|p2b: Zamazenta
|-resisted|p2b: Zamazenta
|-damage|p2b: Zamazenta|97/100
|-unboost|p2b: Zamazenta|spa|1
|
|-heal|p1a: Volcarona|52/100|[from] Grassy Terrain
|-heal|p2b: Zamazenta|100/100|[from] Grassy Terrain
|upkeep
|
|t:|1750721663
|switch|p2a: Whimsicott|Whimsicott, L50, F|70/100
|turn|4
|
|t:|1750721682
|move|p1a: Volcarona|Rage Powder|p1a: Volcarona
|-singleturn|p1a: Volcarona|move: Rage Powder
|move|p2a: Whimsicott|Encore|p1a: Volcarona
|-start|p1a: Volcarona|Encore
|move|p1b: Urshifu|Surging Strikes|p2b: Zamazenta
|-crit|p2b: Zamazenta
|-damage|p2b: Zamazenta|80/100
|-crit|p2b: Zamazenta
|-damage|p2b: Zamazenta|57/100
|-crit|p2b: Zamazenta
|-damage|p2b: Zamazenta|34/100
|-hitcount|p2b: Zamazenta|3
|move|p2b: Zamazenta|Body Press|p1a: Volcarona
|-resisted|p1a: Volcarona
|-damage|p1a: Volcarona|27/100
|-damage|p2b: Zamazenta|18/100|[from] item: Rocky Helmet|[of] p1a: Volcarona
|
|-heal|p1a: Volcarona|33/100|[from] Grassy Terrain
|-heal|p2a: Whimsicott|75/100|[from] Grassy Terrain
|-heal|p2b: Zamazenta|24/100|[from] Grassy Terrain
|-sideend|p2: AxeP91|move: Tailwind
|upkeep
|turn|5
|
|t:|1750721705
|move|p1a: Volcarona|Rage Powder|p1a: Volcarona
|-singleturn|p1a: Volcarona|move: Rage Powder
|move|p1b: Urshifu|Surging Strikes|p2b: Zamazenta
|-crit|p2b: Zamazenta
|-damage|p2b: Zamazenta|2/100
|-crit|p2b: Zamazenta
|-damage|p2b: Zamazenta|0 fnt
|faint|p2b: Zamazenta
|-hitcount|p2: Zamazenta|2
|move|p2a: Whimsicott|Moonblast|p1b: Urshifu
|-supereffective|p1b: Urshifu
|-crit|p1b: Urshifu
|-damage|p1b: Urshifu|0 fnt
|faint|p1b: Urshifu
|
|-heal|p1a: Volcarona|39/100|[from] Grassy Terrain
|-heal|p2a: Whimsicott|81/100|[from] Grassy Terrain
|-fieldend|move: Trick Room
|-fieldend|move: Grassy Terrain
|upkeep
|-message|AxeP91 forfeited.
|
|win|2Timmothy
|raw|2Timmothy's rating: 1395 &rarr; <strong>1419</strong><br />(+24 for winning)
|raw|AxeP91's rating: 1460 &rarr; <strong>1436</strong><br />(-24 for losing)
|l|☆AxeP91
|player|p2|
