|j|☆Sakuraa2004
|j|☆BraneFX
|t:|1750777113
|gametype|doubles
|player|p1|Sakuraa2004|pokemonbreederf-gen4|1559
|player|p2|BraneFX|blackbelt-gen4dp|1540
|teamsize|p1|6
|teamsize|p2|6
|gen|9
|tier|[Gen 9] VGC 2025 Reg I
|rated|
|rule|Species Clause: Limit one of each Pokémon
|rule|Item Clause: Limit 1 of each item
|clearpoke
|poke|p1|Miraidon, L50|
|poke|p1|Lunala, L50|
|poke|p1|Incineroar, L50, F|
|poke|p1|Iron Treads, L50|
|poke|p1|Chesnaught, L50, F|
|poke|p1|Whimsicott, L50, M|
|poke|p2|Koraidon, L50|
|poke|p2|Calyrex-Shadow, L50|
|poke|p2|Flutter Mane, L50|
|poke|p2|Walking Wake, L50|
|poke|p2|Weezing-Galar, L50, F|
|poke|p2|Brute Bonnet, L50|
|teampreview|4
|inactive|Battle timer is ON: inactive players will automatically lose when time's up. (requested by BraneFX)
|inactive|Sakuraa2004 has 60 seconds left.
|
|t:|1750777146
|start
|switch|p1a: Lunala|Lunala, L50|100/100
|switch|p1b: Miraidon|Miraidon, L50|100/100
|switch|p2a: Koraidon|Koraidon, L50|100/100
|switch|p2b: Weezing|Weezing-Galar, L50, F|100/100
|-ability|p2b: Weezing|Neutralizing Gas
|-block|p2a: Koraidon|item: Ability Shield
|-weather|SunnyDay|[from] ability: Orichalcum Pulse|[of] p2a: Koraidon
|-activate|p2a: Koraidon|Orichalcum Pulse|[source]
|turn|1
|
|t:|1750777159
|-terastallize|p2a: Koraidon|Fire
|-terastallize|p1a: Lunala|Fairy
|move|p2b: Weezing|Protect|p2b: Weezing
|-singleturn|p2b: Weezing|Protect
|move|p2a: Koraidon|Flare Blitz|p1a: Lunala
|-damage|p1a: Lunala|9/100
|-damage|p2a: Koraidon|61/100|[from] Recoil
|move|p1b: Miraidon|Volt Switch|p2b: Weezing
|-activate|p2b: Weezing|move: Protect
|move|p1a: Lunala|Meteor Beam||[still]
|-prepare|p1a: Lunala|Meteor Beam
|-boost|p1a: Lunala|spa|1
|-enditem|p1a: Lunala|Power Herb
|-anim|p1a: Lunala|Meteor Beam|p2a: Koraidon
|-supereffective|p2a: Koraidon
|-damage|p2a: Koraidon|0 fnt
|faint|p2a: Koraidon
|
|-weather|SunnyDay|[upkeep]
|upkeep
|
|t:|1750777172
|switch|p2a: Calyrex|Calyrex-Shadow, L50|100/100
|-ability|p2a: Calyrex|As One
|-ability|p2a: Calyrex|Unnerve
|turn|2
|
|t:|1750777181
|switch|p1a: Incineroar|Incineroar, L50, F|100/100
|move|p2a: Calyrex|Astral Barrage|p1b: Miraidon|[spread] p1a,p1b
|-resisted|p1a: Incineroar
|-crit|p1a: Incineroar
|-damage|p1a: Incineroar|61/100
|-damage|p1b: Miraidon|69/100
|move|p1b: Miraidon|Snarl|p2a: Calyrex|[spread] p2a,p2b
|-supereffective|p2a: Calyrex
|-resisted|p2b: Weezing
|-damage|p2a: Calyrex|32/100
|-damage|p2b: Weezing|91/100
|-unboost|p2a: Calyrex|spa|1
|move|p2b: Weezing|Taunt|p1a: Incineroar
|-start|p1a: Incineroar|move: Taunt
|
|-weather|SunnyDay|[upkeep]
|upkeep
|turn|3
|
|t:|1750777204
|switch|p2a: Walking Wake|Walking Wake, L50|100/100
|move|p1a: Incineroar|Fake Out|p2b: Weezing
|-damage|p2b: Weezing|82/100
|move|p1b: Miraidon|Volt Switch|p2b: Weezing
|-damage|p2b: Weezing|27/100
|
|t:|1750777214
|switch|p1b: Whimsicott|Whimsicott, L50, M|100/100|[from] Volt Switch
|move|p2b: Weezing|Dazzling Gleam|p1a: Incineroar|[spread] p1a,p1b
|-damage|p1a: Incineroar|42/100
|-damage|p1b: Whimsicott|73/100
|
|-weather|SunnyDay|[upkeep]
|upkeep
|turn|4
|
|t:|1750777232
|move|p2a: Walking Wake|Flamethrower|p1b: Whimsicott
|-supereffective|p1b: Whimsicott
|-damage|p1b: Whimsicott|0 fnt
|faint|p1b: Whimsicott
|move|p1a: Incineroar|Knock Off|p2a: Walking Wake
|-damage|p2a: Walking Wake|62/100
|-enditem|p2a: Walking Wake|Assault Vest|[from] move: Knock Off|[of] p1a: Incineroar
|move|p2b: Weezing|Dazzling Gleam|p1a: Incineroar
|-damage|p1a: Incineroar|16/100
|
|-weather|SunnyDay|[upkeep]
|-end|p1a: Incineroar|move: Taunt
|upkeep
|
|t:|1750777241
|switch|p1b: Miraidon|Miraidon, L50|69/100
|turn|5
|
|t:|1750777249
|-end|p2b: Weezing|ability: Neutralizing Gas
|-activate|p2a: Walking Wake|ability: Protosynthesis
|-start|p2a: Walking Wake|protosynthesisspe
|-fieldstart|move: Electric Terrain|[from] ability: Hadron Engine|[of] p1b: Miraidon
|-ability|p1a: Incineroar|Intimidate|boost
|-unboost|p2a: Walking Wake|atk|1
|-unboost|p2b: Weezing|atk|1
|switch|p2b: Calyrex|Calyrex-Shadow, L50|32/100
|-ability|p2b: Calyrex|As One
|-ability|p2b: Calyrex|Unnerve
|move|p1a: Incineroar|Helping Hand|p1b: Miraidon
|-singleturn|p1b: Miraidon|Helping Hand|[of] p1a: Incineroar
|move|p2a: Walking Wake|Draco Meteor|p1b: Miraidon
|-supereffective|p1b: Miraidon
|-damage|p1b: Miraidon|0 fnt
|-unboost|p2a: Walking Wake|spa|2
|faint|p1b: Miraidon
|
|-weather|none
|-end|p2a: Walking Wake|Protosynthesis
|upkeep
|
|t:|1750777265
|switch|p1b: Lunala|Lunala, L50, tera:Fairy|9/100
|turn|6
|-message|Sakuraa2004 forfeited.
|
|win|BraneFX
|raw|Sakuraa2004's rating: 1559 &rarr; <strong>1538</strong><br />(-21 for losing)
|raw|BraneFX's rating: 1540 &rarr; <strong>1561</strong><br />(+21 for winning)
|l|☆Sakuraa2004
|player|p1|
|c|☆BraneFX|gg
|l|☆BraneFX
|player|p2|
