|j|☆Kingsilverwing13
|j|☆dr. shio
|t:|1750824560
|gametype|doubles
|player|p1|Kingsilverwing13|169|1045
|player|p2|dr. shio|dawn|1145
|teamsize|p1|6
|teamsize|p2|6
|gen|9
|tier|[Gen 9] VGC 2025 Reg I
|rated|
|rule|Species Clause: Limit one of each Pokémon
|rule|Item Clause: Limit 1 of each item
|clearpoke
|poke|p1|Incineroar, L50, F|
|poke|p1|Grimmsnarl, L50, M|
|poke|p1|Miraidon, L50|
|poke|p1|Calyrex-Ice, L50|
|poke|p1|Urshifu-*, L50, F|
|poke|p1|Ogerpon-Hearthflame, L50, F|
|poke|p2|Calyrex-Shadow, L50|
|poke|p2|Giratina, L50|
|poke|p2|Magmar, L50, M|
|poke|p2|Grimmsnarl, L50, M|
|poke|p2|Rillaboom, L50, M|
|poke|p2|Urshifu-*, L50, M|
|teampreview|4
|
|t:|1750824588
|start
|switch|p1a: Grimmsnarl|Grimmsnarl, L50, M|100/100
|switch|p1b: Miraidon|Miraidon, L50|100/100
|switch|p2a: Calyrex|Calyrex-Shadow, L50|100/100
|switch|p2b: Grimmsnarl|Grimmsnarl, L50, M, shiny|100/100
|-ability|p2a: Calyrex|As One
|-ability|p2a: Calyrex|Unnerve
|-fieldstart|move: Electric Terrain|[from] ability: Hadron Engine|[of] p1b: Miraidon
|turn|1
|
|t:|1750824636
|move|p2a: Calyrex|Protect|p2a: Calyrex
|-singleturn|p2a: Calyrex|Protect
|move|p2b: Grimmsnarl|Light Screen|p2b: Grimmsnarl
|-sidestart|p2: dr. shio|move: Light Screen
|move|p1a: Grimmsnarl|Thunder Wave|p2a: Calyrex
|-activate|p2a: Calyrex|move: Protect
|move|p1b: Miraidon|Volt Switch|p2a: Calyrex
|-activate|p2a: Calyrex|move: Protect
|
|upkeep
|turn|2
|
|t:|1750824654
|-terastallize|p2a: Calyrex|Ground
|move|p1a: Grimmsnarl|Thunder Wave|p2a: Calyrex
|-immune|p2a: Calyrex
|move|p2a: Calyrex|Tera Blast|p1b: Miraidon|[anim] Tera Blast Ground
|-supereffective|p1b: Miraidon
|-damage|p1b: Miraidon|9/100
|move|p1b: Miraidon|Volt Switch|p2a: Calyrex
|-immune|p2a: Calyrex
|move|p2b: Grimmsnarl|Spirit Break|p1b: Miraidon
|-supereffective|p1b: Miraidon
|-damage|p1b: Miraidon|0 fnt
|faint|p1b: Miraidon
|
|upkeep
|
|t:|1750824660
|switch|p1b: Calyrex|Calyrex-Ice, L50|100/100
|-ability|p1b: Calyrex|As One
|-ability|p1b: Calyrex|Unnerve
|turn|3
|
|t:|1750824676
|move|p2b: Grimmsnarl|Reflect|p2b: Grimmsnarl
|-sidestart|p2: dr. shio|Reflect
|move|p2a: Calyrex|Will-O-Wisp|p1b: Calyrex
|-status|p1b: Calyrex|brn
|move|p1a: Grimmsnarl|Foul Play|p2a: Calyrex
|-damage|p2a: Calyrex|81/100
|move|p1b: Calyrex|Trick Room|p1b: Calyrex
|-fieldstart|move: Trick Room|[of] p1b: Calyrex
|
|-damage|p1b: Calyrex|95/100 brn|[from] brn
|upkeep
|turn|4
|
|t:|1750824698
|move|p2a: Calyrex|Protect|p2a: Calyrex
|-singleturn|p2a: Calyrex|Protect
|move|p2b: Grimmsnarl|Sucker Punch|p1b: Calyrex
|-supereffective|p1b: Calyrex
|-damage|p1b: Calyrex|60/100 brn
|move|p1a: Grimmsnarl|Foul Play|p2a: Calyrex
|-activate|p2a: Calyrex|move: Protect
|move|p1b: Calyrex|Glacial Lance|p2b: Grimmsnarl|[spread] p2b
|-activate|p2a: Calyrex|move: Protect
|-damage|p2b: Grimmsnarl|79/100
|
|-damage|p1b: Calyrex|54/100 brn|[from] brn
|upkeep
|turn|5
|
|t:|1750824725
|switch|p2a: Rillaboom|Rillaboom, L50, M, shiny|100/100
|-fieldstart|move: Grassy Terrain|[from] ability: Grassy Surge|[of] p2a: Rillaboom
|move|p2b: Grimmsnarl|Sucker Punch|p1b: Calyrex
|-supereffective|p1b: Calyrex
|-damage|p1b: Calyrex|19/100 brn
|move|p1a: Grimmsnarl|Foul Play|p2b: Grimmsnarl
|-resisted|p2b: Grimmsnarl
|-damage|p2b: Grimmsnarl|73/100
|move|p1b: Calyrex|Glacial Lance|p2b: Grimmsnarl|[spread] p2a,p2b
|-supereffective|p2a: Rillaboom
|-damage|p2a: Rillaboom|59/100
|-damage|p2b: Grimmsnarl|50/100
|
|-heal|p2b: Grimmsnarl|56/100|[from] Grassy Terrain
|-heal|p1b: Calyrex|25/100 brn|[from] Grassy Terrain
|-heal|p2a: Rillaboom|65/100|[from] Grassy Terrain
|-damage|p1b: Calyrex|19/100 brn|[from] brn
|upkeep
|turn|6
|
|t:|1750824750
|move|p2a: Rillaboom|Fake Out|p1a: Grimmsnarl
|-damage|p1a: Grimmsnarl|86/100
|cant|p1a: Grimmsnarl|flinch
|move|p2b: Grimmsnarl|Sucker Punch|p1b: Calyrex
|-supereffective|p1b: Calyrex
|-damage|p1b: Calyrex|0 fnt
|faint|p1b: Calyrex
|
|-heal|p1a: Grimmsnarl|92/100|[from] Grassy Terrain
|-heal|p2b: Grimmsnarl|62/100|[from] Grassy Terrain
|-heal|p2a: Rillaboom|71/100|[from] Grassy Terrain
|upkeep
|
|t:|1750824753
|switch|p1b: Incineroar|Incineroar, L50, F, shiny|100/100
|-ability|p1b: Incineroar|Intimidate|boost
|-unboost|p2a: Rillaboom|atk|1
|-unboost|p2b: Grimmsnarl|atk|1
|turn|7
|
|t:|1750824770
|move|p1a: Grimmsnarl|Thunder Wave|p2a: Rillaboom
|-status|p2a: Rillaboom|par
|cant|p2a: Rillaboom|par
|move|p1b: Incineroar|Knock Off|p2b: Grimmsnarl
|-resisted|p2b: Grimmsnarl
|-damage|p2b: Grimmsnarl|55/100
|-enditem|p2b: Grimmsnarl|Light Clay|[from] move: Knock Off|[of] p1b: Incineroar
|move|p2b: Grimmsnarl|Spirit Break|p1a: Grimmsnarl
|-supereffective|p1a: Grimmsnarl
|-damage|p1a: Grimmsnarl|44/100
|-unboost|p1a: Grimmsnarl|spa|1
|
|-heal|p2a: Rillaboom|77/100 par|[from] Grassy Terrain
|-heal|p2b: Grimmsnarl|61/100|[from] Grassy Terrain
|-heal|p1a: Grimmsnarl|50/100|[from] Grassy Terrain
|-fieldend|move: Trick Room
|upkeep
|turn|8
|
|t:|1750824792
|-terastallize|p1b: Incineroar|Fairy
|move|p1a: Grimmsnarl|Foul Play|p2b: Grimmsnarl
|-resisted|p2b: Grimmsnarl
|-damage|p2b: Grimmsnarl|57/100
|move|p2b: Grimmsnarl|Spirit Break|p1a: Grimmsnarl
|-supereffective|p1a: Grimmsnarl
|-damage|p1a: Grimmsnarl|5/100
|-unboost|p1a: Grimmsnarl|spa|1
|move|p1b: Incineroar|Knock Off|p2a: Rillaboom
|-damage|p2a: Rillaboom|54/100 par
|-enditem|p2a: Rillaboom|Assault Vest|[from] move: Knock Off|[of] p1b: Incineroar
|move|p2a: Rillaboom|U-turn|p1a: Grimmsnarl
|-damage|p1a: Grimmsnarl|0 fnt
|faint|p1a: Grimmsnarl
|
|t:|1750824810
|switch|p2a: Calyrex|Calyrex-Shadow, L50, tera:Ground|81/100|[from] U-turn
|-ability|p2a: Calyrex|As One
|-ability|p2a: Calyrex|Unnerve
|
|-heal|p2a: Calyrex|87/100|[from] Grassy Terrain
|-heal|p2b: Grimmsnarl|63/100|[from] Grassy Terrain
|-sideend|p2: dr. shio|move: Light Screen
|upkeep
|turn|9
|
|t:|1750824832
|move|p2b: Grimmsnarl|Sucker Punch|p1b: Incineroar
|-resisted|p1b: Incineroar
|-damage|p1b: Incineroar|93/100
|move|p2a: Calyrex|Will-O-Wisp|p1b: Incineroar
|-status|p1b: Incineroar|brn
|move|p1b: Incineroar|Knock Off|p2a: Calyrex
|-damage|p2a: Calyrex|72/100
|-enditem|p2a: Calyrex|Focus Sash|[from] move: Knock Off|[of] p1b: Incineroar
|
|-heal|p2a: Calyrex|78/100|[from] Grassy Terrain
|-heal|p2b: Grimmsnarl|69/100|[from] Grassy Terrain
|-heal|p1b: Incineroar|99/100 brn|[from] Grassy Terrain
|-damage|p1b: Incineroar|93/100 brn|[from] brn
|-fieldend|move: Grassy Terrain
|upkeep
|turn|10
|
|t:|1750824849
|switch|p2a: Rillaboom|Rillaboom, L50, M, shiny|54/100 par
|-fieldstart|move: Grassy Terrain|[from] ability: Grassy Surge|[of] p2a: Rillaboom
|move|p2b: Grimmsnarl|Spirit Break|p1b: Incineroar
|-damage|p1b: Incineroar|77/100 brn
|move|p1b: Incineroar|Knock Off|p2a: Rillaboom
|-damage|p2a: Rillaboom|47/100 par
|
|-heal|p2b: Grimmsnarl|75/100|[from] Grassy Terrain
|-heal|p1b: Incineroar|83/100 brn|[from] Grassy Terrain
|-heal|p2a: Rillaboom|52/100 par|[from] Grassy Terrain
|-damage|p1b: Incineroar|77/100 brn|[from] brn
|-sideend|p2: dr. shio|Reflect
|upkeep
|turn|11
|
|t:|1750824873
|move|p2a: Rillaboom|Fake Out|p1b: Incineroar
|-damage|p1b: Incineroar|67/100 brn
|move|p2b: Grimmsnarl|Reflect|p2b: Grimmsnarl
|-sidestart|p2: dr. shio|Reflect
|move|p1b: Incineroar|Knock Off|p2a: Rillaboom
|-damage|p2a: Rillaboom|44/100 par
|
|-heal|p2b: Grimmsnarl|81/100|[from] Grassy Terrain
|-heal|p1b: Incineroar|73/100 brn|[from] Grassy Terrain
|-heal|p2a: Rillaboom|50/100 par|[from] Grassy Terrain
|-damage|p1b: Incineroar|67/100 brn|[from] brn
|upkeep
|turn|12
|
|t:|1750824890
|move|p2b: Grimmsnarl|Spirit Break|p1b: Incineroar
|-damage|p1b: Incineroar|52/100 brn
|move|p1b: Incineroar|Knock Off|p2a: Rillaboom
|-damage|p2a: Rillaboom|42/100 par
|move|p2a: Rillaboom|U-turn|p1b: Incineroar
|-resisted|p1b: Incineroar
|-damage|p1b: Incineroar|44/100 brn
|
|t:|1750824900
|switch|p2a: Saigo|Giratina, L50, shiny|100/100|[from] U-turn
|-ability|p2a: Saigo|Pressure
|
|-heal|p2b: Grimmsnarl|87/100|[from] Grassy Terrain
|-heal|p1b: Incineroar|50/100 brn|[from] Grassy Terrain
|-damage|p1b: Incineroar|44/100 brn|[from] brn
|upkeep
|turn|13
|
|t:|1750824915
|move|p2a: Saigo|Hex|p1b: Incineroar
|-damage|p1b: Incineroar|0 fnt
|faint|p1b: Incineroar
|
|win|dr. shio
|raw|Kingsilverwing13's rating: 1045 &rarr; <strong>1033</strong><br />(-12 for losing)
|raw|dr. shio's rating: 1145 &rarr; <strong>1163</strong><br />(+18 for winning)
|l|☆Kingsilverwing13
|player|p1|
