|j|☆elftop
|j|☆royastico
|t:|1750777386
|gametype|doubles
|player|p1|elftop|1|1053
|player|p2|royastico|red|1095
|teamsize|p1|6
|teamsize|p2|6
|gen|9
|tier|[Gen 9] VGC 2025 Reg I
|rated|
|rule|Species Clause: Limit one of each Pokémon
|rule|Item Clause: Limit 1 of each item
|clearpoke
|poke|p1|Regidrago, L50|
|poke|p1|Regieleki, L50|
|poke|p1|Eiscue, L50, M|
|poke|p1|Zoroark-Hisui, L50, F|
|poke|p1|Zacian-*, L50|
|poke|p1|Tornadus, L50, M|
|poke|p2|Miraidon, L50|
|poke|p2|Whimsicott, L50, F|
|poke|p2|Incineroar, L50, M|
|poke|p2|Urshifu-*, L50, F|
|poke|p2|Koraidon, L50|
|poke|p2|Flutter Mane, L50|
|teampreview|4
royastico has agreed to open team sheets.
|inactive|Battle timer is ON: inactive players will automatically lose when time's up. (requested by royastico)
|l|☆elftop
|inactive|elftop disconnected and has a minute to reconnect!
|player|p1|
|
|t:|1750777442
|start
|switch|p1a: Regieleki|Regieleki, L50|100/100
|switch|p1b: Eiscue|Eiscue, L50, M, shiny|100/100
|switch|p2a: Whimsicott|Whimsicott, L50, F, shiny|100/100
|switch|p2b: Miraidon|Miraidon, L50|100/100
|-fieldstart|move: Electric Terrain|[from] ability: Hadron Engine|[of] p2b: Miraidon
|turn|1
|j|☆elftop
|inactive|elftop reconnected and has 55 seconds left.
|player|p1|elftop|1|
|
|t:|1750777464
|-terastallize|p1a: Regieleki|Normal
|-terastallize|p2b: Miraidon|Fairy
|move|p2a: Whimsicott|Tailwind|p2a: Whimsicott
|-sidestart|p2: royastico|move: Tailwind
|move|p2b: Miraidon|Draco Meteor|p1a: Regieleki
|-damage|p1a: Regieleki|0 fnt
|-unboost|p2b: Miraidon|spa|2
|faint|p1a: Regieleki
|move|p1b: Eiscue|Belly Drum|p1b: Eiscue
|-damage|p1b: Eiscue|50/100
|-setboost|p1b: Eiscue|atk|6|[from] move: Belly Drum
|-enditem|p1b: Eiscue|Sitrus Berry|[eat]
|-heal|p1b: Eiscue|75/100|[from] item: Sitrus Berry
|
|upkeep
|
|t:|1750777482
|switch|p1a: Zacian|Zacian-Crowned, L50, shiny|100/100
|turn|2
|
|t:|1750777499
|switch|p2b: Koraidon|Koraidon, L50|100/100
|-weather|SunnyDay|[from] ability: Orichalcum Pulse|[of] p2b: Koraidon
|-activate|p2b: Koraidon|Orichalcum Pulse|[source]
|move|p1a: Zacian|Protect|p1a: Zacian
|-singleturn|p1a: Zacian|Protect
|move|p1b: Eiscue|Protect|p1b: Eiscue
|-singleturn|p1b: Eiscue|Protect
|move|p2a: Whimsicott|Encore|p1b: Eiscue
|-activate|p1b: Eiscue|move: Protect
|
|-weather|SunnyDay|[upkeep]
|upkeep
|turn|3
|inactive|elftop has 30 seconds left.
|inactive|elftop has 20 seconds left.
|inactive|elftop has 15 seconds left.
|inactive|elftop has 10 seconds left.
|
|t:|1750777545
|move|p2a: Whimsicott|Encore|p1b: Eiscue
|-start|p1b: Eiscue|Encore
|move|p2b: Koraidon|Flare Blitz|p1a: Zacian
|-enditem|p1a: Zacian|Focus Sash
|-damage|p1a: Zacian|1/100
|replace|p1a: Zoroark|Zoroark-Hisui, L50, F, shiny
|-end|p1a: Zoroark|Illusion
|-damage|p2b: Koraidon|76/100|[from] Recoil
|-damage|p2b: Koraidon|66/100|[from] item: Life Orb
|move|p1a: Zoroark|Bitter Malice|p2b: Koraidon
|-damage|p2b: Koraidon|20/100
|-unboost|p2b: Koraidon|atk|1
|move|p1b: Eiscue|Protect||[still]
|-fail|p1b: Eiscue
|
|-weather|SunnyDay|[upkeep]
|upkeep
|turn|4
|inactive|royastico has 30 seconds left.
|
|t:|1750777574
|move|p1a: Zoroark|Protect|p1a: Zoroark
|-singleturn|p1a: Zoroark|Protect
|move|p1b: Eiscue|Protect|p1b: Eiscue
|-singleturn|p1b: Eiscue|Protect
|move|p2b: Koraidon|Close Combat|p1b: Eiscue
|-activate|p1b: Eiscue|move: Protect
|move|p2a: Whimsicott|Moonblast|p1a: Zoroark
|-activate|p1a: Zoroark|move: Protect
|
|-weather|SunnyDay|[upkeep]
|-sideend|p2: royastico|move: Tailwind
|upkeep
|turn|5
|inactive|elftop has 30 seconds left.
|
|t:|1750777606
|move|p1b: Eiscue|Protect|p1b: Eiscue
|-singleturn|p1b: Eiscue|Protect
|move|p2a: Whimsicott|Tailwind|p2a: Whimsicott
|-sidestart|p2: royastico|move: Tailwind
|move|p2b: Koraidon|Flame Charge|p1a: Zoroark
|-damage|p1a: Zoroark|0 fnt
|-boost|p2b: Koraidon|spe|1
|faint|p1a: Zoroark
|-damage|p2b: Koraidon|11/100|[from] item: Life Orb
|
|-weather|SunnyDay|[upkeep]
|-end|p1b: Eiscue|Encore
|-fieldend|move: Electric Terrain
|upkeep
|
|t:|1750777621
|switch|p1a: Zacian|Zacian-Crowned, L50, shiny|100/100
|-ability|p1a: Zacian|Intrepid Sword|boost
|-boost|p1a: Zacian|atk|1
|turn|6
|
|t:|1750777637
|move|p1a: Zacian|Protect|p1a: Zacian
|-singleturn|p1a: Zacian|Protect
|move|p2a: Whimsicott|Encore|p1b: Eiscue
|-start|p1b: Eiscue|Encore
|move|p2b: Koraidon|Flare Blitz|p1a: Zacian
|-activate|p1a: Zacian|move: Protect
|move|p1b: Eiscue|Protect||[still]
|-fail|p1b: Eiscue
|
|-weather|none
|upkeep
|turn|7
|inactive|royastico has 30 seconds left.
|
|t:|1750777663
|move|p1b: Eiscue|Protect|p1b: Eiscue
|-singleturn|p1b: Eiscue|Protect
|move|p2b: Koraidon|Flare Blitz|p1a: Zacian
|-supereffective|p1a: Zacian
|-damage|p1a: Zacian|38/100
|-damage|p2b: Koraidon|0 fnt|[from] Recoil
|faint|p2b: Koraidon
|move|p2a: Whimsicott|Moonblast|p1a: Zacian
|-resisted|p1a: Zacian
|-damage|p1a: Zacian|27/100
|move|p1a: Zacian|Sacred Sword|p2a: Whimsicott
|-resisted|p2a: Whimsicott
|-damage|p2a: Whimsicott|68/100
|
|upkeep
|
|t:|1750777682
|switch|p2b: Miraidon|Miraidon, L50, tera:Fairy|100/100
|-fieldstart|move: Electric Terrain|[from] ability: Hadron Engine|[of] p2b: Miraidon
|turn|8
|
|t:|1750777696
|move|p1a: Zacian|Protect|p1a: Zacian
|-singleturn|p1a: Zacian|Protect
|move|p1b: Eiscue|Protect|p1b: Eiscue
|-singleturn|p1b: Eiscue|Protect
|move|p2b: Miraidon|Electro Drift|p1a: Zacian
|-activate|p1a: Zacian|move: Protect
|move|p2a: Whimsicott|Moonblast|p1b: Eiscue
|-activate|p1b: Eiscue|move: Protect
|
|-end|p1b: Eiscue|Encore
|-sideend|p2: royastico|move: Tailwind
|upkeep
|turn|9
|
|t:|1750777720
|move|p2a: Whimsicott|Tailwind|p2a: Whimsicott
|-sidestart|p2: royastico|move: Tailwind
|move|p2b: Miraidon|Electro Drift|p1a: Zacian
|-damage|p1a: Zacian|0 fnt
|faint|p1a: Zacian
|move|p1b: Eiscue|Ice Spinner|p2a: Whimsicott
|-supereffective|p2a: Whimsicott
|-damage|p2a: Whimsicott|0 fnt
|-fieldend|move: Electric Terrain
|faint|p2a: Whimsicott
|
|upkeep
|
|t:|1750777729
|switch|p2a: Flutter Mane|Flutter Mane, L50, shiny|100/100
|turn|10
|
|t:|1750777743
|move|p1b: Eiscue|Protect|p1b: Eiscue
|-singleturn|p1b: Eiscue|Protect
|move|p2b: Miraidon|Electro Drift|p1b: Eiscue
|-activate|p1b: Eiscue|move: Protect
|move|p2a: Flutter Mane|Moonblast|p1b: Eiscue
|-activate|p1b: Eiscue|move: Protect
|
|upkeep
|turn|11
|
|t:|1750777757
|move|p2a: Flutter Mane|Moonblast|p1b: Eiscue
|-damage|p1b: Eiscue|12/100
|move|p2b: Miraidon|Electro Drift|p1b: Eiscue
|-damage|p1b: Eiscue|0 fnt
|faint|p1b: Eiscue
|
|win|royastico
|raw|elftop's rating: 1053 &rarr; <strong>1037</strong><br />(-16 for losing)
|raw|royastico's rating: 1095 &rarr; <strong>1118</strong><br />(+23 for winning)
|c|☆royastico|gg
|l|☆elftop
|player|p1|
