|j|☆It'sJustKen VGC
|j|☆naibot2814
|t:|1750729296
|gametype|doubles
|player|p1|It'sJustKen VGC|player-go|1554
|player|p2|naibot2814|ghetsis|1533
|teamsize|p1|6
|teamsize|p2|6
|gen|9
|tier|[Gen 9] VGC 2025 Reg I
|rated|
|rule|Species Clause: Limit one of each Pokémon
|rule|Item Clause: Limit 1 of each item
|clearpoke
|poke|p1|Incineroar, L50, F|
|poke|p1|Urshifu-*, L50, M|
|poke|p1|Amoonguss, L50, F|
|poke|p1|Calyrex-Shadow, L50|
|poke|p1|Tornadus, L50, M|
|poke|p1|Terapagos, L50, M|
|poke|p2|Zamazenta-*, L50|
|poke|p2|Ogerpon-Hearthflame, L50, F|
|poke|p2|Calyrex-Shadow, L50|
|poke|p2|Incineroar, L50, M|
|poke|p2|Rillaboom, L50, M|
|poke|p2|Raging Bolt, L50|
|teampreview|4
|inactive|Battle timer is ON: inactive players will automatically lose when time's up. (requested by It'sJustKen VGC)
|inactive|It'sJustKen VGC has 60 seconds left.
|inactive|naibot2814 has 60 seconds left.
|
|t:|1750729328
|start
|switch|p1a: @Not Wolfe Glick|Incineroar, L50, F|100/100
|switch|p1b: Steven He|Urshifu-Rapid-Strike, L50, M|100/100
|switch|p2a: Calyrex|Calyrex-Shadow, L50|100/100
|switch|p2b: Raging Bolt|Raging Bolt, L50|100/100
|-ability|p2a: Calyrex|As One
|-ability|p2a: Calyrex|Unnerve
|-ability|p1a: @Not Wolfe Glick|Intimidate|boost
|-unboost|p2a: Calyrex|atk|1
|-unboost|p2b: Raging Bolt|atk|1
|-enditem|p2b: Raging Bolt|Booster Energy
|-activate|p2b: Raging Bolt|ability: Protosynthesis|[fromitem]
|-start|p2b: Raging Bolt|protosynthesisspa
|turn|1
|
|t:|1750729352
|switch|p2a: Zamazenta|Zamazenta-Crowned, L50|100/100
|-ability|p2a: Zamazenta|Dauntless Shield|boost
|-boost|p2a: Zamazenta|def|1
|switch|p1a: PTSD Mushroom|Amoonguss, L50, F|100/100
|move|p1b: Steven He|U-turn|p2a: Zamazenta
|-resisted|p2a: Zamazenta
|-crit|p2a: Zamazenta
|-damage|p2a: Zamazenta|95/100
|inactive|It'sJustKen VGC has 30 seconds left.
|inactive|It'sJustKen VGC has 20 seconds left.
|
|t:|1750729390
|switch|p1b: @Not Wolfe Glick|Incineroar, L50, F|100/100|[from] U-turn
|-ability|p1b: @Not Wolfe Glick|Intimidate|boost
|-unboost|p2a: Zamazenta|atk|1
|-unboost|p2b: Raging Bolt|atk|1
|move|p2b: Raging Bolt|Thunderbolt|p1b: @Not Wolfe Glick
|-damage|p1b: @Not Wolfe Glick|55/100
|-status|p1b: @Not Wolfe Glick|par
|
|upkeep
|turn|2
|
|t:|1750729414
|switch|p1b: Chicken Jockey|Calyrex-Shadow, L50|100/100
|-ability|p1b: Chicken Jockey|As One
|-ability|p1b: Chicken Jockey|Unnerve
|move|p2a: Zamazenta|Protect|p2a: Zamazenta
|-singleturn|p2a: Zamazenta|Protect
|move|p2b: Raging Bolt|Protect|p2b: Raging Bolt
|-singleturn|p2b: Raging Bolt|Protect
|move|p1a: PTSD Mushroom|Protect||[still]
|-fail|p1a: PTSD Mushroom
|
|upkeep
|turn|3
|inactive|naibot2814 has 30 seconds left.
|
|t:|1750729442
|move|p1b: Chicken Jockey|Astral Barrage|p2a: Zamazenta|[spread] p2a,p2b
|-damage|p2a: Zamazenta|39/100
|-damage|p2b: Raging Bolt|38/100
|-damage|p1b: Chicken Jockey|91/100|[from] item: Life Orb
|move|p2a: Zamazenta|Heavy Slam|p1a: PTSD Mushroom
|-damage|p1a: PTSD Mushroom|73/100
|move|p2b: Raging Bolt|Draco Meteor|p1a: PTSD Mushroom
|-damage|p1a: PTSD Mushroom|0 fnt
|-unboost|p2b: Raging Bolt|spa|2
|faint|p1a: PTSD Mushroom
|
|upkeep
|
|t:|1750729457
|switch|p1a: Steven He|Urshifu-Rapid-Strike, L50, M|100/100
|turn|4
|
|t:|1750729468
|switch|p1a: @Not Wolfe Glick|Incineroar, L50, F|55/100 par
|-ability|p1a: @Not Wolfe Glick|Intimidate|boost
|-unboost|p2a: Zamazenta|atk|1
|-unboost|p2b: Raging Bolt|atk|1
|-terastallize|p2b: Raging Bolt|Electric
|move|p2a: Zamazenta|Wide Guard|p2a: Zamazenta
|-singleturn|p2a: Zamazenta|Wide Guard
|move|p2b: Raging Bolt|Thunderclap||[still]
|-fail|p2b: Raging Bolt
|move|p1b: Chicken Jockey|Psychic|p2b: Raging Bolt
|-damage|p2b: Raging Bolt|0 fnt
|faint|p2b: Raging Bolt
|-end|p2b: Raging Bolt|Protosynthesis|[silent]
|-ability|p1b: Chicken Jockey|Grim Neigh|boost
|-boost|p1b: Chicken Jockey|spa|1
|-damage|p1b: Chicken Jockey|81/100|[from] item: Life Orb
|
|upkeep
|
|t:|1750729482
|switch|p2b: Calyrex|Calyrex-Shadow, L50|100/100
|-ability|p2b: Calyrex|As One
|-ability|p2b: Calyrex|Unnerve
|turn|5
|inactive|naibot2814 has 30 seconds left.
|
|t:|1750729508
|switch|p2a: Incineroar|Incineroar, L50, M|100/100
|-ability|p2a: Incineroar|Intimidate|boost
|-unboost|p1a: @Not Wolfe Glick|atk|1
|-unboost|p1b: Chicken Jockey|atk|1
|move|p2b: Calyrex|Protect|p2b: Calyrex
|-singleturn|p2b: Calyrex|Protect
|move|p1b: Chicken Jockey|Protect|p1b: Chicken Jockey
|-singleturn|p1b: Chicken Jockey|Protect
|move|p1a: @Not Wolfe Glick|U-turn|p2b: Calyrex
|-activate|p2b: Calyrex|move: Protect
|
|upkeep
|turn|6
|
|t:|1750729526
|move|p1b: Chicken Jockey|Protect||[still]
|-fail|p1b: Chicken Jockey
|move|p2b: Calyrex|Astral Barrage|p1b: Chicken Jockey|[spread] p1a,p1b
|-resisted|p1a: @Not Wolfe Glick
|-supereffective|p1b: Chicken Jockey
|-damage|p1a: @Not Wolfe Glick|32/100 par
|-damage|p1b: Chicken Jockey|0 fnt
|faint|p1b: Chicken Jockey
|-ability|p2b: Calyrex|Grim Neigh|boost
|-boost|p2b: Calyrex|spa|1
|-damage|p2b: Calyrex|91/100|[from] item: Life Orb
|move|p2a: Incineroar|Knock Off|p1a: @Not Wolfe Glick
|-resisted|p1a: @Not Wolfe Glick
|-damage|p1a: @Not Wolfe Glick|14/100 par
|-enditem|p1a: @Not Wolfe Glick|Assault Vest|[from] move: Knock Off|[of] p2a: Incineroar
|cant|p1a: @Not Wolfe Glick|par
|
|upkeep
|
|t:|1750729531
|switch|p1b: Steven He|Urshifu-Rapid-Strike, L50, M|100/100
|turn|7
|
|t:|1750729549
|-terastallize|p1b: Steven He|Water
|move|p1b: Steven He|Surging Strikes|p2a: Incineroar
|-supereffective|p2a: Incineroar
|-crit|p2a: Incineroar
|-damage|p2a: Incineroar|55/100
|-damage|p1b: Steven He|84/100|[from] item: Rocky Helmet|[of] p2a: Incineroar
|-supereffective|p2a: Incineroar
|-crit|p2a: Incineroar
|-damage|p2a: Incineroar|1/100
|-damage|p1b: Steven He|68/100|[from] item: Rocky Helmet|[of] p2a: Incineroar
|-supereffective|p2a: Incineroar
|-crit|p2a: Incineroar
|-damage|p2a: Incineroar|0 fnt
|-damage|p1b: Steven He|51/100|[from] item: Rocky Helmet|[of] p2a: Incineroar
|faint|p2a: Incineroar
|-hitcount|p2: Incineroar|3
|move|p2b: Calyrex|Astral Barrage|p1b: Steven He|[spread] p1a,p1b
|-resisted|p1a: @Not Wolfe Glick
|-damage|p1a: @Not Wolfe Glick|0 fnt
|-damage|p1b: Steven He|0 fnt
|faint|p1a: @Not Wolfe Glick
|faint|p1b: Steven He
|-damage|p2b: Calyrex|81/100|[from] item: Life Orb
|
|win|naibot2814
|raw|It&apos;sJustKen VGC's rating: 1530 &rarr; <strong>1510</strong><br />(-20 for losing)
|raw|naibot2814's rating: 1533 &rarr; <strong>1553</strong><br />(+20 for winning)
|l|☆It'sJustKen VGC
|player|p1|
