|j|☆Malfous
|j|☆comrade5
|t:|1750879514
|gametype|doubles
|player|p1|Malfous|102|1309
|player|p2|comrade5|170|1361
|teamsize|p1|6
|teamsize|p2|6
|gen|9
|tier|[Gen 9] VGC 2025 Reg I
|rated|
|rule|Species Clause: Limit one of each Pokémon
|rule|Item Clause: Limit 1 of each item
|clearpoke
|poke|p1|Ho-Oh, L50|
|poke|p1|Eternatus, L50|
|poke|p1|Quagsire, L50, F|
|poke|p1|Grimmsnarl, L50, M|
|poke|p1|Ting-Lu, L50|
|poke|p1|Rhydon, L50, F|
|poke|p2|Zamazenta-*, L50|
|poke|p2|Incineroar, L50, M|
|poke|p2|Urshifu-*, L50, M|
|poke|p2|Raichu, L50, M|
|poke|p2|Calyrex-Shadow, L50|
|poke|p2|Amoonguss, L50, F|
|teampreview|4
|
|t:|1750879564
|start
|switch|p1a: Ho-Oh|Ho-Oh, L50|100/100
|switch|p1b: Eternatus|Eternatus, L50|100/100
|switch|p2a: Urshifu|Urshifu-Rapid-Strike, L50, M|100/100
|switch|p2b: Raichu|Raichu, L50, M, shiny|100/100
|-ability|p1b: Eternatus|Pressure
|turn|1
|
|t:|1750879590
|switch|p1a: Quagsire|Quagsire, L50, F|100/100
|move|p2a: Urshifu|Surging Strikes|p1a: Quagsire
|-immune|p1a: Quagsire|[from] ability: Water Absorb
|move|p2b: Raichu|Nuzzle|p1b: Eternatus
|-resisted|p1b: Eternatus
|-damage|p1b: Eternatus|99/100
|move|p1b: Eternatus|Fire Spin|p2a: Urshifu
|-resisted|p2a: Urshifu
|-damage|p2a: Urshifu|92/100
|-activate|p2a: Urshifu|move: Fire Spin|[of] p1b: Eternatus
|
|-damage|p2a: Urshifu|80/100|[from] move: Fire Spin|[partiallytrapped]
|upkeep
|turn|2
|
|t:|1750879621
|move|p2a: Urshifu|Surging Strikes|p1b: Eternatus
|-resisted|p1b: Eternatus
|-crit|p1b: Eternatus
|-damage|p1b: Eternatus|88/100
|-resisted|p1b: Eternatus
|-crit|p1b: Eternatus
|-damage|p1b: Eternatus|78/100
|-resisted|p1b: Eternatus
|-crit|p1b: Eternatus
|-damage|p1b: Eternatus|67/100
|-hitcount|p1b: Eternatus|3
|move|p2b: Raichu|Endeavor|p1b: Eternatus
|-damage|p1b: Eternatus|64/100
|move|p1b: Eternatus|Cosmic Power|p1b: Eternatus
|-boost|p1b: Eternatus|def|1
|-boost|p1b: Eternatus|spd|1
|move|p1a: Quagsire|Toxic|p2a: Urshifu
|-status|p2a: Urshifu|tox
|
|-damage|p2a: Urshifu|75/100 tox|[from] psn
|-damage|p2a: Urshifu|63/100 tox|[from] move: Fire Spin|[partiallytrapped]
|upkeep
|turn|3
|
|t:|1750879647
|switch|p2b: Zamazenta|Zamazenta-Crowned, L50, shiny|100/100
|-ability|p2b: Zamazenta|Dauntless Shield|boost
|-boost|p2b: Zamazenta|def|1
|move|p2a: Urshifu|Surging Strikes|p1b: Eternatus
|-resisted|p1b: Eternatus
|-crit|p1b: Eternatus
|-damage|p1b: Eternatus|54/100
|-resisted|p1b: Eternatus
|-crit|p1b: Eternatus
|-damage|p1b: Eternatus|44/100
|-resisted|p1b: Eternatus
|-crit|p1b: Eternatus
|-damage|p1b: Eternatus|34/100
|-hitcount|p1b: Eternatus|3
|move|p1b: Eternatus|Recover|p1b: Eternatus
|-heal|p1b: Eternatus|84/100
|move|p1a: Quagsire|Toxic|p2b: Zamazenta
|-immune|p2b: Zamazenta
|
|-damage|p2a: Urshifu|51/100 tox|[from] psn
|-damage|p2a: Urshifu|39/100 tox|[from] move: Fire Spin|[partiallytrapped]
|upkeep
|turn|4
|
|t:|1750879681
|switch|p1a: Ho-Oh|Ho-Oh, L50|100/100
|move|p2a: Urshifu|Surging Strikes|p1b: Eternatus
|-resisted|p1b: Eternatus
|-crit|p1b: Eternatus
|-damage|p1b: Eternatus|74/100
|-resisted|p1b: Eternatus
|-crit|p1b: Eternatus
|-damage|p1b: Eternatus|64/100
|-resisted|p1b: Eternatus
|-crit|p1b: Eternatus
|-damage|p1b: Eternatus|53/100
|-hitcount|p1b: Eternatus|3
|move|p2b: Zamazenta|Behemoth Bash|p1b: Eternatus
|-damage|p1b: Eternatus|35/100
|move|p1b: Eternatus|Recover|p1b: Eternatus
|-heal|p1b: Eternatus|85/100
|
|-damage|p2a: Urshifu|22/100 tox|[from] psn
|-damage|p2a: Urshifu|10/100 tox|[from] move: Fire Spin|[partiallytrapped]
|upkeep
|turn|5
|
|t:|1750879709
|switch|p2b: Raichu|Raichu, L50, M, shiny|100/100
|switch|p1a: Quagsire|Quagsire, L50, F|100/100
|move|p2a: Urshifu|Surging Strikes|p1a: Quagsire
|-immune|p1a: Quagsire|[from] ability: Water Absorb
|move|p1b: Eternatus|Fire Spin|p2b: Raichu
|-damage|p2b: Raichu|87/100
|-activate|p2b: Raichu|move: Fire Spin|[of] p1b: Eternatus
|
|-damage|p2a: Urshifu|0 fnt|[from] psn
|faint|p2a: Urshifu
|-damage|p2b: Raichu|75/100|[from] move: Fire Spin|[partiallytrapped]
|upkeep
|
|t:|1750879723
|switch|p2a: Calyrex|Calyrex-Shadow, L50|100/100
|-ability|p2a: Calyrex|As One
|-ability|p2a: Calyrex|Unnerve
|turn|6
|
|t:|1750879738
|switch|p1a: Ting-Lu|Ting-Lu, L50|100/100
|-ability|p1a: Ting-Lu|Vessel of Ruin
|move|p2a: Calyrex|Astral Barrage|p1b: Eternatus|[spread] p1a,p1b
|-resisted|p1a: Ting-Lu
|-damage|p1a: Ting-Lu|90/100
|-damage|p1b: Eternatus|64/100
|-damage|p2a: Calyrex|91/100|[from] item: Life Orb
|move|p2b: Raichu|Endeavor|p1b: Eternatus
|-damage|p1b: Eternatus|48/100
|move|p1b: Eternatus|Fire Spin|p2a: Calyrex
|-damage|p2a: Calyrex|83/100
|-activate|p2a: Calyrex|move: Fire Spin|[of] p1b: Eternatus
|
|-damage|p2a: Calyrex|71/100|[from] move: Fire Spin|[partiallytrapped]
|-damage|p2b: Raichu|63/100|[from] move: Fire Spin|[partiallytrapped]
|upkeep
|turn|7
|
|t:|1750879772
|move|p2a: Calyrex|Protect|p2a: Calyrex
|-singleturn|p2a: Calyrex|Protect
|move|p1b: Eternatus|Protect|p1b: Eternatus
|-singleturn|p1b: Eternatus|Protect
|move|p2b: Raichu|Nuzzle|p1a: Ting-Lu
|-immune|p1a: Ting-Lu
|move|p1a: Ting-Lu|Snarl|p2b: Raichu|[spread] p2b
|-activate|p2a: Calyrex|move: Protect
|-damage|p2b: Raichu|53/100
|-unboost|p2b: Raichu|spa|1
|
|-damage|p2a: Calyrex|59/100|[from] move: Fire Spin|[partiallytrapped]
|-damage|p2b: Raichu|40/100|[from] move: Fire Spin|[partiallytrapped]
|upkeep
|turn|8
|
|t:|1750879810
|-terastallize|p2a: Calyrex|Normal
|move|p2a: Calyrex|Psychic|p1b: Eternatus
|-supereffective|p1b: Eternatus
|-damage|p1b: Eternatus|8/100
|-damage|p2a: Calyrex|49/100|[from] item: Life Orb
|move|p2b: Raichu|Endeavor|p1a: Ting-Lu
|-damage|p1a: Ting-Lu|24/100
|move|p1b: Eternatus|Recover|p1b: Eternatus
|-heal|p1b: Eternatus|58/100
|move|p1a: Ting-Lu|Snarl|p2b: Raichu|[spread] p2a,p2b
|-damage|p2a: Calyrex|42/100
|-damage|p2b: Raichu|31/100
|-unboost|p2a: Calyrex|spa|1
|-unboost|p2b: Raichu|spa|1
|
|-damage|p2a: Calyrex|30/100|[from] move: Fire Spin|[partiallytrapped]
|-damage|p2b: Raichu|18/100|[from] move: Fire Spin|[partiallytrapped]
|upkeep
|turn|9
|
|t:|1750879848
|move|p2a: Calyrex|Protect|p2a: Calyrex
|-singleturn|p2a: Calyrex|Protect
|move|p1b: Eternatus|Protect|p1b: Eternatus
|-singleturn|p1b: Eternatus|Protect
|move|p2b: Raichu|Endeavor|p1b: Eternatus
|-activate|p1b: Eternatus|move: Protect
|move|p1a: Ting-Lu|Snarl|p2a: Calyrex|[spread] p2b
|-activate|p2a: Calyrex|move: Protect
|-damage|p2b: Raichu|8/100
|-unboost|p2b: Raichu|spa|1
|
|-damage|p2a: Calyrex|18/100|[from] move: Fire Spin|[partiallytrapped]
|-end|p2b: Raichu|Fire Spin|[partiallytrapped]
|upkeep
|turn|10
|
|t:|1750879893
|-terastallize|p1b: Eternatus|Fairy
|move|p2a: Calyrex|Psychic|p1b: Eternatus
|-damage|p1b: Eternatus|43/100
|-damage|p2a: Calyrex|8/100|[from] item: Life Orb
|move|p2b: Raichu|Endeavor|p1a: Ting-Lu
|-damage|p1a: Ting-Lu|5/100
|move|p1b: Eternatus|Recover|p1b: Eternatus
|-heal|p1b: Eternatus|93/100
|move|p1a: Ting-Lu|Snarl|p2a: Calyrex|[spread] p2a,p2b
|-damage|p2a: Calyrex|0 fnt
|-damage|p2b: Raichu|0 fnt
|faint|p2a: Calyrex
|faint|p2b: Raichu
|
|upkeep
|
|t:|1750879910
|switch|p2a: Zamazenta|Zamazenta-Crowned, L50, shiny|100/100
|turn|11
|
|t:|1750879926
|move|p2a: Zamazenta|Body Press|p1a: Ting-Lu
|-supereffective|p1a: Ting-Lu
|-damage|p1a: Ting-Lu|0 fnt
|faint|p1a: Ting-Lu
|move|p1b: Eternatus|Fire Spin|p2a: Zamazenta|[miss]
|-miss|p1b: Eternatus|p2a: Zamazenta
|
|upkeep
|inactive|Battle timer is ON: inactive players will automatically lose when time's up. (requested by Malfous)
|
|t:|1750879933
|switch|p1a: Ho-Oh|Ho-Oh, L50|100/100
|turn|12
|
|t:|1750879938
|move|p2a: Zamazenta|Body Press|p1a: Ho-Oh
|-resisted|p1a: Ho-Oh
|-damage|p1a: Ho-Oh|83/100
|-damage|p2a: Zamazenta|84/100|[from] item: Rocky Helmet|[of] p1a: Ho-Oh
|move|p1b: Eternatus|Fire Spin|p2a: Zamazenta
|-supereffective|p2a: Zamazenta
|-damage|p2a: Zamazenta|70/100
|-activate|p2a: Zamazenta|move: Fire Spin|[of] p1b: Eternatus
|move|p1a: Ho-Oh|Sacred Fire|p2a: Zamazenta
|-supereffective|p2a: Zamazenta
|-damage|p2a: Zamazenta|19/100
|
|-damage|p2a: Zamazenta|7/100|[from] move: Fire Spin|[partiallytrapped]
|upkeep
|turn|13
|-message|comrade5 forfeited.
|
|win|Malfous
|raw|Malfous's rating: 1309 &rarr; <strong>1332</strong><br />(+23 for winning)
|raw|comrade5's rating: 1361 &rarr; <strong>1338</strong><br />(-23 for losing)
|l|☆comrade5
|player|p2|
|l|☆Malfous
|player|p1|
