|j|☆CallmeMr.R
|j|☆qoqoiqo
|t:|1750871264
|gametype|doubles
|player|p1|CallmeMr.R|alec-anime|1231
|player|p2|qoqoiqo|169|1300
|teamsize|p1|6
|teamsize|p2|6
|gen|9
|tier|[Gen 9] VGC 2025 Reg I
|rated|
|rule|Species Clause: Limit one of each Pokémon
|rule|Item Clause: Limit 1 of each item
|clearpoke
|poke|p1|Kyogre, L50|
|poke|p1|Tornadus, L50, M|
|poke|p1|Rillaboom, L50, M|
|poke|p1|Landorus, L50, M|
|poke|p1|Calyrex-Ice, L50|
|poke|p1|Iron Valiant, L50|
|poke|p2|Incineroar, L50, M|
|poke|p2|Calyrex-Shadow, L50|
|poke|p2|Zamazenta-*, L50|
|poke|p2|Urshifu-*, L50, M|
|poke|p2|Rillaboom, L50, F|
|poke|p2|Raging Bolt, L50|
|teampreview|4
|inactive|Battle timer is ON: inactive players will automatically lose when time's up. (requested by CallmeMr.R)
|inactive|CallmeMr.R has 60 seconds left.
|
|t:|1750871296
|start
|switch|p1a: Tornadus|Tornadus, L50, M|100/100
|switch|p1b: Rillaboom|Rillaboom, L50, M|100/100
|switch|p2a: Raging Bolt|Raging Bolt, L50|100/100
|switch|p2b: Incineroar|Incineroar, L50, M|100/100
|-fieldstart|move: Grassy Terrain|[from] ability: Grassy Surge|[of] p1b: Rillaboom
|-ability|p2b: Incineroar|Intimidate|boost
|-unboost|p1a: Tornadus|atk|1
|-unboost|p1b: Rillaboom|atk|1
|turn|1
|inactive|qoqoiqo has 30 seconds left.
|
|t:|1750871323
|move|p1b: Rillaboom|Fake Out|p2a: Raging Bolt
|-damage|p2a: Raging Bolt|93/100
|move|p1a: Tornadus|Icy Wind|p2b: Incineroar|[spread] p2a,p2b
|-supereffective|p2a: Raging Bolt
|-resisted|p2b: Incineroar
|-damage|p2a: Raging Bolt|70/100
|-damage|p2b: Incineroar|94/100
|-unboost|p2a: Raging Bolt|spe|1
|-unboost|p2b: Incineroar|spe|1
|cant|p2a: Raging Bolt|flinch
|move|p2b: Incineroar|Flare Blitz|p1b: Rillaboom
|-supereffective|p1b: Rillaboom
|-damage|p1b: Rillaboom|0 fnt
|faint|p1b: Rillaboom
|-damage|p2b: Incineroar|56/100|[from] Recoil
|
|-heal|p2a: Raging Bolt|76/100|[from] Grassy Terrain
|-heal|p2b: Incineroar|62/100|[from] Grassy Terrain
|upkeep
|
|t:|1750871344
|switch|p1b: Iron Valiant|Iron Valiant, L50, shiny|100/100
|turn|2
|
|t:|1750871361
|move|p1a: Tornadus|Tailwind|p1a: Tornadus
|-sidestart|p1: CallmeMr.R|move: Tailwind
|move|p2a: Raging Bolt|Thunderclap||[still]
|-fail|p2a: Raging Bolt
|move|p1b: Iron Valiant|Spirit Break|p2a: Raging Bolt
|-supereffective|p2a: Raging Bolt
|-damage|p2a: Raging Bolt|11/100
|-unboost|p2a: Raging Bolt|spa|1
|move|p2b: Incineroar|Parting Shot|p1b: Iron Valiant
|-unboost|p1b: Iron Valiant|atk|1
|-unboost|p1b: Iron Valiant|spa|1
|
|t:|1750871376
|switch|p2b: Calyrex|Calyrex-Shadow, L50|100/100|[from] Parting Shot
|-ability|p2b: Calyrex|As One
|-ability|p2b: Calyrex|Unnerve
|
|-heal|p2a: Raging Bolt|17/100|[from] Grassy Terrain
|upkeep
|turn|3
|
|t:|1750871393
|-terastallize|p1a: Tornadus|Dark
|move|p2b: Calyrex|Protect|p2b: Calyrex
|-singleturn|p2b: Calyrex|Protect
|move|p2a: Raging Bolt|Thunderclap|p1a: Tornadus
|-damage|p1a: Tornadus|47/100
|-damage|p2a: Raging Bolt|7/100|[from] item: Life Orb
|move|p1b: Iron Valiant|Spirit Break|p2b: Calyrex
|-activate|p2b: Calyrex|move: Protect
|move|p1a: Tornadus|Icy Wind|p2a: Raging Bolt|[spread] p2a
|-activate|p2b: Calyrex|move: Protect
|-supereffective|p2a: Raging Bolt
|-damage|p2a: Raging Bolt|0 fnt
|faint|p2a: Raging Bolt
|-end|p2a: Raging Bolt|Protosynthesis|[silent]
|
|-heal|p1a: Tornadus|52/100|[from] Grassy Terrain
|upkeep
|
|t:|1750871409
|switch|p2a: Incineroar|Incineroar, L50, M|62/100
|-ability|p2a: Incineroar|Intimidate|boost
|-unboost|p1a: Tornadus|atk|1
|-unboost|p1b: Iron Valiant|atk|1
|turn|4
|
|t:|1750871432
|move|p2a: Incineroar|Fake Out|p1a: Tornadus
|-damage|p1a: Tornadus|35/100
|move|p1b: Iron Valiant|Aura Sphere|p2a: Incineroar
|-supereffective|p2a: Incineroar
|-damage|p2a: Incineroar|25/100
|move|p1a: Tornadus|Icy Wind|p2b: Calyrex|[spread] p2a,p2b
|-resisted|p2a: Incineroar
|-damage|p2a: Incineroar|20/100
|-damage|p2b: Calyrex|87/100
|-unboost|p2a: Incineroar|spe|1
|-unboost|p2b: Calyrex|spe|1
|move|p2b: Calyrex|Psyshock|p1b: Iron Valiant
|-supereffective|p1b: Iron Valiant
|-enditem|p1b: Iron Valiant|Focus Sash
|-damage|p1b: Iron Valiant|1/100
|
|-heal|p1b: Iron Valiant|7/100|[from] Grassy Terrain
|-heal|p1a: Tornadus|41/100|[from] Grassy Terrain
|-heal|p2b: Calyrex|94/100|[from] Grassy Terrain
|-heal|p2a: Incineroar|26/100|[from] Grassy Terrain
|upkeep
|turn|5
|inactive|CallmeMr.R has 30 seconds left.
|
|t:|1750871461
|move|p2b: Calyrex|Protect|p2b: Calyrex
|-singleturn|p2b: Calyrex|Protect
|move|p1b: Iron Valiant|Icy Wind|p2b: Calyrex|[spread] p2a
|-activate|p2b: Calyrex|move: Protect
|-resisted|p2a: Incineroar
|-damage|p2a: Incineroar|23/100
|-unboost|p2a: Incineroar|spe|1
|move|p1a: Tornadus|Icy Wind|p2a: Incineroar|[spread] p2a
|-activate|p2b: Calyrex|move: Protect
|-resisted|p2a: Incineroar
|-damage|p2a: Incineroar|17/100
|-unboost|p2a: Incineroar|spe|1
|move|p2a: Incineroar|Flare Blitz|p1a: Tornadus
|-damage|p1a: Tornadus|0 fnt
|faint|p1a: Tornadus
|-damage|p2a: Incineroar|6/100|[from] Recoil
|
|-heal|p1b: Iron Valiant|13/100|[from] Grassy Terrain
|-heal|p2b: Calyrex|99/100|[from] Grassy Terrain
|-heal|p2a: Incineroar|12/100|[from] Grassy Terrain
|-sideend|p1: CallmeMr.R|move: Tailwind
|-fieldend|move: Grassy Terrain
|upkeep
|
|t:|1750871464
|switch|p1a: Kyogre|Kyogre, L50|100/100
|-weather|RainDance|[from] ability: Drizzle|[of] p1a: Kyogre
|turn|6
|inactive|qoqoiqo has 30 seconds left.
|inactive|qoqoiqo has 20 seconds left.
|inactive|qoqoiqo has 15 seconds left.
|
|t:|1750871504
|move|p1b: Iron Valiant|Icy Wind|p2a: Incineroar|[spread] p2a,p2b
|-resisted|p2a: Incineroar
|-crit|p2a: Incineroar
|-damage|p2a: Incineroar|5/100
|-damage|p2b: Calyrex|91/100
|-unboost|p2a: Incineroar|spe|1
|-unboost|p2b: Calyrex|spe|1
|move|p1a: Kyogre|Water Spout|p2a: Incineroar|[spread] p2a,p2b
|-supereffective|p2a: Incineroar
|-crit|p2b: Calyrex
|-damage|p2a: Incineroar|0 fnt
|-damage|p2b: Calyrex|0 fnt
|faint|p2a: Incineroar
|faint|p2b: Calyrex
|
|-weather|RainDance|[upkeep]
|upkeep
|
|t:|1750871516
|switch|p2b: Zamazenta|Zamazenta-Crowned, L50|100/100
|-ability|p2b: Zamazenta|Dauntless Shield|boost
|-boost|p2b: Zamazenta|def|1
|turn|7
|
|t:|1750871524
|move|p1b: Iron Valiant|Icy Wind|p2b: Zamazenta
|-resisted|p2b: Zamazenta
|-damage|p2b: Zamazenta|97/100
|-unboost|p2b: Zamazenta|spe|1
|move|p1a: Kyogre|Water Spout|p2b: Zamazenta
|-damage|p2b: Zamazenta|0 fnt
|faint|p2b: Zamazenta
|
|win|CallmeMr.R
|raw|CallmeMr.R's rating: 1231 &rarr; <strong>1261</strong><br />(+30 for winning)
|raw|qoqoiqo's rating: 1300 &rarr; <strong>1270</strong><br />(-30 for losing)
