|j|☆ggttmmhh
|j|☆WeWantBreathOfFire
|t:|1750710036
|gametype|doubles
|player|p1|ggttmmhh|102|1726
|player|p2|WeWantBreathOfFire|pryce|1687
|teamsize|p1|6
|teamsize|p2|6
|gen|9
|tier|[Gen 9] VGC 2025 Reg I
|rated|
|rule|Species Clause: Limit one of each Pokémon
|rule|Item Clause: Limit 1 of each item
|clearpoke
|poke|p1|Kyogre, L50|
|poke|p1|Calyrex-Ice, L50|
|poke|p1|Regieleki, L50|
|poke|p1|Ursaluna, L50, M|
|poke|p1|Amoonguss, L50, F|
|poke|p1|Incineroar, L50, M|
|poke|p2|Rillaboom, L50, M|
|poke|p2|Urshifu-*, L50, M|
|poke|p2|Eternatus, L50|
|poke|p2|Kyogre, L50|
|poke|p2|Incineroar, L50, F|
|poke|p2|Wo-Chien, L50|
|teampreview|4
|inactive|Battle timer is ON: inactive players will automatically lose when time's up. (requested by WeWantBreathOfFire)
|
|t:|1750710111
|start
|switch|p1a: Calyrex|Calyrex-Ice, L50|100/100
|switch|p1b: Regieleki|Regieleki, L50, shiny|100/100
|switch|p2a: Eternatus|Eternatus, L50|100/100
|switch|p2b: Kyogre|Kyogre, L50|100/100
|-ability|p1a: Calyrex|As One
|-ability|p1a: Calyrex|Unnerve
|-weather|RainDance|[from] ability: Drizzle|[of] p2b: Kyogre
|-ability|p2a: Eternatus|Pressure
|turn|1
|
|t:|1750710124
|switch|p2b: Incineroar|Incineroar, L50, F|100/100
|-ability|p2b: Incineroar|Intimidate|boost
|-fail|p1a: Calyrex|unboost|[from] item: Clear Amulet|[of] p1a: Calyrex
|-unboost|p1b: Regieleki|atk|1
|-terastallize|p2a: Eternatus|Fairy
|move|p1b: Regieleki|Electroweb|p2a: Eternatus|[spread] p2b
|-miss|p1b: Regieleki|p2a: Eternatus
|-damage|p2b: Incineroar|78/100
|-unboost|p2b: Incineroar|spe|1
|move|p2a: Eternatus|Cosmic Power|p2a: Eternatus
|-boost|p2a: Eternatus|def|1
|-boost|p2a: Eternatus|spd|1
|move|p1a: Calyrex|Glacial Lance|p2b: Incineroar|[spread] p2a,p2b
|-resisted|p2b: Incineroar
|-damage|p2a: Eternatus|81/100
|-damage|p2b: Incineroar|57/100
|
|-weather|RainDance|[upkeep]
|-heal|p2a: Eternatus|87/100|[from] item: Leftovers
|upkeep
|turn|2
|j| petchrio
|
|t:|1750710141
|move|p2b: Incineroar|Fake Out|p1a: Calyrex
|-damage|p1a: Calyrex|94/100
|move|p1b: Regieleki|Thunder|p2a: Eternatus
|-damage|p2a: Eternatus|55/100
|-status|p2a: Eternatus|par
|cant|p1a: Calyrex|flinch
|move|p2a: Eternatus|Cosmic Power|p2a: Eternatus
|-boost|p2a: Eternatus|def|1
|-boost|p2a: Eternatus|spd|1
|
|-weather|RainDance|[upkeep]
|-heal|p2a: Eternatus|61/100 par|[from] item: Leftovers
|upkeep
|turn|3
|
|t:|1750710154
|move|p1b: Regieleki|Thunder|p2b: Incineroar
|-damage|p2b: Incineroar|0 fnt
|faint|p2b: Incineroar
|move|p1a: Calyrex|Leech Seed|p2a: Eternatus|[miss]
|-miss|p1a: Calyrex|p2a: Eternatus
|move|p2a: Eternatus|Recover|p2a: Eternatus
|-heal|p2a: Eternatus|100/100 par
|
|-weather|RainDance|[upkeep]
|upkeep
|
|t:|1750710159
|switch|p2b: Urshifu|Urshifu, L50, M|100/100
|turn|4
|
|t:|1750710173
|-terastallize|p1a: Calyrex|Fairy
|move|p1b: Regieleki|Electroweb|p2a: Eternatus|[spread] p2a,p2b
|-damage|p2a: Eternatus|90/100 par
|-damage|p2b: Urshifu|60/100
|-unboost|p2a: Eternatus|spe|1
|-unboost|p2b: Urshifu|spe|1
|move|p2b: Urshifu|Wicked Blow|p1a: Calyrex
|-resisted|p1a: Calyrex
|-crit|p1a: Calyrex
|-damage|p1a: Calyrex|74/100
|move|p1a: Calyrex|Glacial Lance|p2a: Eternatus|[spread] p2a,p2b
|-damage|p2a: Eternatus|75/100 par
|-damage|p2b: Urshifu|0 fnt
|faint|p2b: Urshifu
|-ability|p1a: Calyrex|Chilling Neigh|boost
|-boost|p1a: Calyrex|atk|1
|move|p2a: Eternatus|Substitute|p2a: Eternatus
|-start|p2a: Eternatus|Substitute
|-damage|p2a: Eternatus|50/100 par
|
|-weather|RainDance|[upkeep]
|-heal|p2a: Eternatus|56/100 par|[from] item: Leftovers
|upkeep
|
|t:|1750710177
|switch|p2b: Kyogre|Kyogre, L50|100/100
|turn|5
|
|t:|1750710196
|move|p1a: Calyrex|Protect|p1a: Calyrex
|-singleturn|p1a: Calyrex|Protect
|move|p1b: Regieleki|Thunder|p2b: Kyogre
|-supereffective|p2b: Kyogre
|-damage|p2b: Kyogre|3/100
|move|p2b: Kyogre|Water Spout|p1b: Regieleki|[spread] p1b
|-activate|p1a: Calyrex|move: Protect
|-damage|p1b: Regieleki|95/100
|move|p2a: Eternatus|Cosmic Power|p2a: Eternatus
|-boost|p2a: Eternatus|def|1
|-boost|p2a: Eternatus|spd|1
|
|-weather|none
|-heal|p2a: Eternatus|62/100 par|[from] item: Leftovers
|upkeep
|turn|6
|
|t:|1750710207
|move|p1b: Regieleki|Electroweb|p2b: Kyogre|[spread] p2a,p2b
|-activate|p2a: Eternatus|move: Substitute|[damage]
|-supereffective|p2b: Kyogre
|-damage|p2b: Kyogre|0 fnt
|faint|p2b: Kyogre
|move|p1a: Calyrex|Glacial Lance|p2a: Eternatus
|-crit|p2a: Eternatus
|-end|p2a: Eternatus|Substitute
|cant|p2a: Eternatus|par
|
|-heal|p2a: Eternatus|68/100 par|[from] item: Leftovers
|upkeep
|turn|7
|
|t:|1750710217
|move|p1b: Regieleki|Volt Switch|p2a: Eternatus
|-damage|p2a: Eternatus|53/100 par
|
|t:|1750710220
|switch|p1b: Ursaluna|Ursaluna, L50, M|100/100|[from] Volt Switch
|move|p1a: Calyrex|Leech Seed|p2a: Eternatus
|-start|p2a: Eternatus|move: Leech Seed
|move|p2a: Eternatus|Substitute|p2a: Eternatus
|-start|p2a: Eternatus|Substitute
|-damage|p2a: Eternatus|28/100 par
|
|-heal|p2a: Eternatus|35/100 par|[from] item: Leftovers
|-damage|p2a: Eternatus|22/100 par|[from] Leech Seed|[of] p1a: Calyrex
|-heal|p1a: Calyrex|89/100|[silent]
|-status|p1b: Ursaluna|brn|[from] item: Flame Orb
|upkeep
|turn|8
|inactive|ggttmmhh has 30 seconds left.
|
|t:|1750710251
|move|p1a: Calyrex|Glacial Lance|p2a: Eternatus
|-end|p2a: Eternatus|Substitute
|move|p1b: Ursaluna|Substitute|p1b: Ursaluna
|-start|p1b: Ursaluna|Substitute
|-damage|p1b: Ursaluna|76/100 brn
|move|p2a: Eternatus|Recover|p2a: Eternatus
|-heal|p2a: Eternatus|73/100 par
|
|-heal|p2a: Eternatus|79/100 par|[from] item: Leftovers
|-damage|p2a: Eternatus|66/100 par|[from] Leech Seed|[of] p1a: Calyrex
|-heal|p1a: Calyrex|100/100|[silent]
|-damage|p1b: Ursaluna|70/100 brn|[from] brn
|upkeep
|turn|9
|j| Fallastest
|
|t:|1750710274
|switch|p1a: The Drizzler|Kyogre, L50|100/100
|-weather|RainDance|[from] ability: Drizzle|[of] p1a: The Drizzler
|move|p1b: Ursaluna|Facade|p2a: Eternatus
|-crit|p2a: Eternatus
|-damage|p2a: Eternatus|0 fnt
|faint|p2a: Eternatus
|
|win|ggttmmhh
|raw|ggttmmhh's rating: 1726 &rarr; <strong>1744</strong><br />(+18 for winning)
|raw|WeWantBreathOfFire's rating: 1687 &rarr; <strong>1669</strong><br />(-18 for losing)
|l|☆WeWantBreathOfFire
|player|p2|
|l|☆ggttmmhh
|player|p1|
