|j|☆kastroooo
|j|☆MylestotheGallon
|t:|1750773082
|gametype|doubles
|player|p1|kastroooo|2|1064
|player|p2|MylestotheGallon|barry|1161
|teamsize|p1|6
|teamsize|p2|6
|gen|9
|tier|[Gen 9] VGC 2025 Reg I
|rated|
|rule|Species Clause: Limit one of each Pokémon
|rule|Item Clause: Limit 1 of each item
|clearpoke
|poke|p1|Kingambit, L50, M|
|poke|p1|Latios, L50, M|
|poke|p1|Raging Bolt, L50|
|poke|p1|Amoonguss, L50, F|
|poke|p1|Metagross, L50|
|poke|p1|Zamazenta-*, L50|
|poke|p2|Terapagos, L50, M|
|poke|p2|Koraidon, L50|
|poke|p2|Grimmsnarl, L50, M|
|poke|p2|Flutter Mane, L50|
|poke|p2|Whimsicott, L50, M|
|poke|p2|Urshifu-*, L50, F|
|teampreview|4
MylestotheGallon has agreed to open team sheets.
|
|t:|1750773130
|start
|switch|p1a: Amoonguss|Amoonguss, L50, F|100/100
|switch|p1b: Zamazenta|Zamazenta, L50|100/100
|switch|p2a: Kaiju|Koraidon, L50|100/100
|switch|p2b: Chad Bongiovanni|Flutter Mane, L50|100/100
|-weather|SunnyDay|[from] ability: Orichalcum Pulse|[of] p2a: Kaiju
|-activate|p2b: Chad Bongiovanni|ability: Protosynthesis
|-start|p2b: Chad Bongiovanni|protosynthesisspe
|-activate|p2a: Kaiju|Orichalcum Pulse|[source]
|-ability|p1b: Zamazenta|Dauntless Shield|boost
|-boost|p1b: Zamazenta|def|1
|turn|1
|
|t:|1750773177
|switch|p1b: Latios|Latios, L50, M|100/100
|move|p1a: Amoonguss|Rage Powder|p1a: Amoonguss
|-singleturn|p1a: Amoonguss|move: Rage Powder
|move|p2b: Chad Bongiovanni|Moonblast|p1a: Amoonguss
|-resisted|p1a: Amoonguss
|-damage|p1a: Amoonguss|82/100
|move|p2a: Kaiju|Flare Blitz|p1a: Amoonguss
|-supereffective|p1a: Amoonguss
|-damage|p1a: Amoonguss|0 fnt
|-damage|p2a: Kaiju|84/100|[from] item: Rocky Helmet|[of] p1a: Amoonguss
|faint|p1a: Amoonguss
|-damage|p2a: Kaiju|51/100|[from] Recoil
|-damage|p2a: Kaiju|42/100|[from] item: Life Orb
|
|-weather|SunnyDay|[upkeep]
|upkeep
|
|t:|1750773191
|switch|p1a: Kingambit|Kingambit, L50, M, shiny|100/100
|-activate|p1a: Kingambit|ability: Supreme Overlord
|-start|p1a: Kingambit|fallen1|[silent]
|turn|2
|
|t:|1750773212
|-terastallize|p1b: Latios|Steel
|move|p1a: Kingambit|Sucker Punch|p2a: Kaiju
|-resisted|p2a: Kaiju
|-damage|p2a: Kaiju|18/100
|move|p2b: Chad Bongiovanni|Moonblast|p1b: Latios
|-resisted|p1b: Latios
|-damage|p1b: Latios|75/100
|move|p2a: Kaiju|Close Combat|p1a: Kingambit
|-supereffective|p1a: Kingambit
|-damage|p1a: Kingambit|0 fnt
|-unboost|p2a: Kaiju|def|1
|-unboost|p2a: Kaiju|spd|1
|faint|p1a: Kingambit
|-end|p1a: Kingambit|fallen1|[silent]
|-damage|p2a: Kaiju|9/100|[from] item: Life Orb
|move|p1b: Latios|Tailwind|p1b: Latios
|-sidestart|p1: kastroooo|move: Tailwind
|
|-weather|SunnyDay|[upkeep]
|upkeep
|
|t:|1750773228
|switch|p1a: Zamazenta|Zamazenta, L50|100/100
|turn|3
|
|t:|1750773248
|move|p2b: Chad Bongiovanni|Protect|p2b: Chad Bongiovanni
|-singleturn|p2b: Chad Bongiovanni|Protect
|move|p2a: Kaiju|Protect|p2a: Kaiju
|-singleturn|p2a: Kaiju|Protect
|move|p1b: Latios|Draco Meteor|p2a: Kaiju
|-activate|p2a: Kaiju|move: Protect
|move|p1a: Zamazenta|Body Press|p2b: Chad Bongiovanni
|-activate|p2b: Chad Bongiovanni|move: Protect
|
|-weather|SunnyDay|[upkeep]
|upkeep
|turn|4
|
|t:|1750773277
|switch|p2a: Mr Mitts|Grimmsnarl, L50, M|100/100
|move|p1b: Latios|Draco Meteor|p2a: Mr Mitts
|-immune|p2a: Mr Mitts
|move|p1a: Zamazenta|Body Press|p2b: Chad Bongiovanni
|-immune|p2b: Chad Bongiovanni
|move|p2b: Chad Bongiovanni|Moonblast|p1a: Zamazenta
|-supereffective|p1a: Zamazenta
|-damage|p1a: Zamazenta|21/100
|
|-weather|SunnyDay|[upkeep]
|upkeep
|turn|5
|-message|kastroooo forfeited.
|
|win|MylestotheGallon
|raw|kastroooo's rating: 1064 &rarr; <strong>1050</strong><br />(-14 for losing)
|raw|MylestotheGallon's rating: 1161 &rarr; <strong>1179</strong><br />(+18 for winning)
|l|☆kastroooo
|player|p1|
|l|☆MylestotheGallon
|player|p2|
