|j|☆Caozera93
|j|☆Test-on-calls
|t:|1750724956
|gametype|doubles
|player|p1|Caozera93|265|1391
|player|p2|Test-on-calls|169|1432
|teamsize|p1|6
|teamsize|p2|6
|gen|9
|tier|[Gen 9] VGC 2025 Reg I
|rated|
|rule|Species Clause: Limit one of each Pokémon
|rule|Item Clause: Limit 1 of each item
|clearpoke
|poke|p1|Ho-Oh, L50|
|poke|p1|Overqwil, L50, F|
|poke|p1|Ting-Lu, L50|
|poke|p1|Calyrex-Ice, L50|
|poke|p1|Rillaboom, L50, F|
|poke|p1|Ogerpon-Wellspring, L50, F|
|poke|p2|Chien-Pao, L50|
|poke|p2|Grimmsnarl, L50, M|
|poke|p2|Gouging Fire, L50|
|poke|p2|Giratina-Origin, L50|
|poke|p2|Zamazenta-*, L50|
|poke|p2|Milotic, L50, M|
|teampreview|4
|
|t:|1750725009
|start
|switch|p1a: Ho-Oh|Ho-Oh, L50|100/100
|switch|p1b: Overqwil|Overqwil, L50, F|100/100
|switch|p2a: Grimmsnarl|Grimmsnarl, L50, M, shiny|100/100
|switch|p2b: Milotic|Milotic, L50, M|100/100
|-ability|p1b: Overqwil|Intimidate|boost
|-unboost|p2a: Grimmsnarl|atk|1
|-unboost|p2b: Milotic|atk|1
|-ability|p2b: Milotic|Competitive|boost
|-boost|p2b: Milotic|spa|2
|turn|1
|
|t:|1750725038
|move|p1a: Ho-Oh|Protect|p1a: Ho-Oh
|-singleturn|p1a: Ho-Oh|Protect
|move|p2a: Grimmsnarl|Reflect|p2a: Grimmsnarl
|-sidestart|p2: Test-on-calls|Reflect
|move|p1b: Overqwil|Toxic Spikes|p2a: Grimmsnarl
|-sidestart|p2: Test-on-calls|move: Toxic Spikes
|move|p2b: Milotic|Coil|p2b: Milotic
|-boost|p2b: Milotic|atk|1
|-boost|p2b: Milotic|def|1
|-boost|p2b: Milotic|accuracy|1
|
|upkeep
|turn|2
|inactive|Battle timer is ON: inactive players will automatically lose when time's up. (requested by Test-on-calls)
|
|t:|1750725065
|-terastallize|p1a: Ho-Oh|Fairy
|move|p2a: Grimmsnarl|Thunder Wave|p1a: Ho-Oh
|-status|p1a: Ho-Oh|par
|move|p1b: Overqwil|Toxic Spikes|p2b: Milotic
|-sidestart|p2: Test-on-calls|move: Toxic Spikes
|move|p2b: Milotic|Hypnosis||[still]
|-fail|p2b: Milotic
|move|p1a: Ho-Oh|Whirlwind|p2b: Milotic
|drag|p2b: Giratina|Giratina-Origin, L50, shiny|100/100
|
|upkeep
|turn|3
|c|☆Test-on-calls|What a silly dtrat
|inactive|Caozera93 has 30 seconds left.
|
|t:|1750725100
|move|p2b: Giratina|Poltergeist|p1a: Ho-Oh
|-activate|p1a: Ho-Oh|move: Poltergeist|Rocky Helmet
|-damage|p1a: Ho-Oh|57/100 par
|move|p1b: Overqwil|Throat Chop|p2b: Giratina
|-supereffective|p2b: Giratina
|-damage|p2b: Giratina|65/100
|-start|p2b: Giratina|Throat Chop|[silent]
|move|p2a: Grimmsnarl|Spirit Break|p1a: Ho-Oh
|-damage|p1a: Ho-Oh|43/100 par
|-unboost|p1a: Ho-Oh|spa|1
|-damage|p2a: Grimmsnarl|84/100|[from] item: Rocky Helmet|[of] p1a: Ho-Oh
|cant|p1a: Ho-Oh|par
|
|upkeep
|turn|4
|
|t:|1750725124
|-terastallize|p2b: Giratina|Dark
|move|p1b: Overqwil|Protect|p1b: Overqwil
|-singleturn|p1b: Overqwil|Protect
|move|p2b: Giratina|Poltergeist|p1a: Ho-Oh
|-activate|p1a: Ho-Oh|move: Poltergeist|Rocky Helmet
|-damage|p1a: Ho-Oh|0 fnt
|faint|p1a: Ho-Oh
|move|p2a: Grimmsnarl|Spirit Break|p1b: Overqwil
|-activate|p1b: Overqwil|move: Protect
|
|-end|p2b: Giratina|Throat Chop|[silent]
|upkeep
|
|t:|1750725133
|switch|p1a: Calyrex|Calyrex-Ice, L50|100/100
|-ability|p1a: Calyrex|As One
|-ability|p1a: Calyrex|Unnerve
|turn|5
|
|t:|1750725148
|move|p2b: Giratina|Poltergeist|p1a: Calyrex
|-activate|p1a: Calyrex|move: Poltergeist|Leftovers
|-supereffective|p1a: Calyrex
|-damage|p1a: Calyrex|28/100
|move|p1b: Overqwil|Barb Barrage|p2a: Grimmsnarl
|-supereffective|p2a: Grimmsnarl
|-damage|p2a: Grimmsnarl|54/100
|-status|p2a: Grimmsnarl|psn
|move|p2a: Grimmsnarl|Spirit Break|p1a: Calyrex
|-damage|p1a: Calyrex|17/100
|-unboost|p1a: Calyrex|spa|1
|move|p1a: Calyrex|Trick Room|p1a: Calyrex
|-fieldstart|move: Trick Room|[of] p1a: Calyrex
|
|-heal|p1a: Calyrex|23/100|[from] item: Leftovers
|-damage|p2a: Grimmsnarl|42/100 psn|[from] psn
|upkeep
|turn|6
|inactive|Caozera93 has 30 seconds left.
|
|t:|1750725182
|move|p1a: Calyrex|Protect|p1a: Calyrex
|-singleturn|p1a: Calyrex|Protect
|move|p2b: Giratina|Shadow Sneak|p1a: Calyrex
|-activate|p1a: Calyrex|move: Protect
|move|p2a: Grimmsnarl|Spirit Break|p1a: Calyrex
|-activate|p1a: Calyrex|move: Protect
|move|p1b: Overqwil|Barb Barrage|p2b: Giratina
|-damage|p2b: Giratina|54/100
|
|-heal|p1a: Calyrex|29/100|[from] item: Leftovers
|-damage|p2a: Grimmsnarl|30/100 psn|[from] psn
|upkeep
|turn|7
|
|t:|1750725199
|switch|p1a: Ting-Lu|Ting-Lu, L50|100/100
|-ability|p1a: Ting-Lu|Vessel of Ruin
|move|p2a: Grimmsnarl|Spirit Break|p1b: Overqwil
|-damage|p1b: Overqwil|81/100
|-unboost|p1b: Overqwil|spa|1
|move|p1b: Overqwil|Barb Barrage|p2a: Grimmsnarl
|-supereffective|p2a: Grimmsnarl
|-damage|p2a: Grimmsnarl|0 fnt
|faint|p2a: Grimmsnarl
|move|p2b: Giratina|Poltergeist|p1a: Ting-Lu
|-activate|p1a: Ting-Lu|move: Poltergeist|Choice Band
|-resisted|p1a: Ting-Lu
|-damage|p1a: Ting-Lu|82/100
|
|-heal|p1b: Overqwil|87/100|[from] item: Black Sludge
|upkeep
|
|t:|1750725203
|switch|p2a: Zamazenta|Zamazenta-Crowned, L50, shiny|100/100
|-ability|p2a: Zamazenta|Dauntless Shield|boost
|-boost|p2a: Zamazenta|def|1
|turn|8
|inactive|Caozera93 has 30 seconds left.
|
|t:|1750725233
|move|p2b: Giratina|Protect|p2b: Giratina
|-singleturn|p2b: Giratina|Protect
|move|p1a: Ting-Lu|Stomping Tantrum|p2a: Zamazenta
|-supereffective|p2a: Zamazenta
|-damage|p2a: Zamazenta|72/100
|move|p1b: Overqwil|Barb Barrage|p2b: Giratina
|-activate|p2b: Giratina|move: Protect
|move|p2a: Zamazenta|Body Press|p1a: Ting-Lu
|-supereffective|p1a: Ting-Lu
|-damage|p1a: Ting-Lu|0 fnt
|faint|p1a: Ting-Lu
|
|-heal|p1b: Overqwil|94/100|[from] item: Black Sludge
|-sideend|p2: Test-on-calls|Reflect
|upkeep
|
|t:|1750725238
|switch|p1a: Calyrex|Calyrex-Ice, L50|29/100
|-ability|p1a: Calyrex|As One
|-ability|p1a: Calyrex|Unnerve
|turn|9
|inactive|Caozera93 has 30 seconds left.
|
|t:|1750725266
|move|p2a: Zamazenta|Protect|p2a: Zamazenta
|-singleturn|p2a: Zamazenta|Protect
|move|p2b: Giratina|Shadow Sneak|p1a: Calyrex
|-supereffective|p1a: Calyrex
|-damage|p1a: Calyrex|2/100
|move|p1a: Calyrex|Glacial Lance|p2b: Giratina|[spread] p2b
|-activate|p2a: Zamazenta|move: Protect
|-damage|p2b: Giratina|21/100
|move|p1b: Overqwil|Throat Chop|p2b: Giratina
|-resisted|p2b: Giratina
|-damage|p2b: Giratina|9/100
|-start|p2b: Giratina|Throat Chop|[silent]
|
|-heal|p1a: Calyrex|8/100|[from] item: Leftovers
|-heal|p1b: Overqwil|99/100|[from] item: Black Sludge
|-fieldend|move: Trick Room
|upkeep
|turn|10
|
|t:|1750725280
|move|p2b: Giratina|Shadow Sneak|p1a: Calyrex
|-supereffective|p1a: Calyrex
|-damage|p1a: Calyrex|0 fnt
|faint|p1a: Calyrex
|move|p2a: Zamazenta|Body Press|p1b: Overqwil
|-damage|p1b: Overqwil|29/100
|move|p1b: Overqwil|Throat Chop|p2b: Giratina
|-resisted|p2b: Giratina
|-damage|p2b: Giratina|0 fnt
|faint|p2b: Giratina
|
|-heal|p1b: Overqwil|35/100|[from] item: Black Sludge
|upkeep
|
|t:|1750725282
|switch|p2b: Milotic|Milotic, L50, M|100/100
|-status|p2b: Milotic|tox
|turn|11
|l|☆Caozera93
|inactive|Caozera93 disconnected and has a minute to reconnect!
|player|p1|
|inactive|Caozera93 has 30 seconds left.
|inactive|Caozera93 has 20 seconds left.
|inactive|Caozera93 has 15 seconds left.
|inactive|Caozera93 has 10 seconds left.
|inactive|Caozera93 has 5 seconds left.
|-message|Caozera93 lost due to inactivity.
|
|win|Test-on-calls
|raw|Caozera93's rating: 1391 &rarr; <strong>1373</strong><br />(-18 for losing)
|raw|Test-on-calls's rating: 1432 &rarr; <strong>1450</strong><br />(+18 for winning)
|l|☆Test-on-calls
|player|p2|
