|j|☆superpowerpoke
|j|☆Quaza15
|t:|1750731058
|gametype|doubles
|player|p1|superpowerpoke|266|1597
|player|p2|Quaza15|dahlia|1476
|teamsize|p1|6
|teamsize|p2|6
|gen|9
|tier|[Gen 9] VGC 2025 Reg I
|rated|
|rule|Species Clause: Limit one of each Pokémon
|rule|Item Clause: Limit 1 of each item
|clearpoke
|poke|p1|Kyogre, L50|
|poke|p1|Calyrex-Ice, L50|
|poke|p1|Incineroar, L50, M|
|poke|p1|Iron Jugulis, L50|
|poke|p1|Raichu, L50, F|
|poke|p1|Gastrodon, L50, M|
|poke|p2|Zamazenta-*, L50|
|poke|p2|Incineroar, L50, M|
|poke|p2|Calyrex-Shadow, L50|
|poke|p2|Raging Bolt, L50|
|poke|p2|Rillaboom, L50, M|
|poke|p2|Ogerpon-Hearthflame, L50, F|
|teampreview|4
|
|t:|1750731109
|start
|switch|p1a: Calyrex|Calyrex-Ice, L50|100/100
|switch|p1b: Iron Jugulis|Iron Jugulis, L50|100/100
|switch|p2a: Calyrex|Calyrex-Shadow, L50|100/100
|switch|p2b: Ogerpon|Ogerpon-Hearthflame, L50, F|100/100
|-ability|p2a: Calyrex|As One
|-ability|p2a: Calyrex|Unnerve
|-ability|p1a: Calyrex|As One
|-ability|p1a: Calyrex|Unnerve
|-ability|p2b: Ogerpon|Mold Breaker
|-enditem|p1b: Iron Jugulis|Booster Energy
|-activate|p1b: Iron Jugulis|ability: Quark Drive|[fromitem]
|-start|p1b: Iron Jugulis|quarkdrivespe
|turn|1
|
|t:|1750731140
|-terastallize|p2a: Calyrex|Dark
|-terastallize|p1a: Calyrex|Fire
|move|p1b: Iron Jugulis|Snarl|p2b: Ogerpon|[spread] p2a,p2b
|-resisted|p2a: Calyrex
|-damage|p2a: Calyrex|91/100
|-damage|p2b: Ogerpon|84/100
|-unboost|p2a: Calyrex|spa|1
|-unboost|p2b: Ogerpon|spa|1
|move|p2a: Calyrex|Astral Barrage|p1a: Calyrex|[spread] p1a,p1b
|-resisted|p1b: Iron Jugulis
|-damage|p1a: Calyrex|71/100
|-damage|p1b: Iron Jugulis|78/100
|-damage|p2a: Calyrex|82/100|[from] item: Life Orb
|move|p2b: Ogerpon|Grassy Glide|p1a: Calyrex
|-resisted|p1a: Calyrex
|-damage|p1a: Calyrex|61/100
|move|p1a: Calyrex|Glacial Lance|p2a: Calyrex|[spread] p2a,p2b
|-damage|p2a: Calyrex|10/100
|-damage|p2b: Ogerpon|26/100
|
|upkeep
|turn|2
|
|t:|1750731194
|switch|p2b: Zamazenta|Zamazenta-Crowned, L50|100/100
|-ability|p2b: Zamazenta|Dauntless Shield|boost
|-boost|p2b: Zamazenta|def|1
|move|p2a: Calyrex|Protect|p2a: Calyrex
|-singleturn|p2a: Calyrex|Protect
|move|p1b: Iron Jugulis|Snarl|p2a: Calyrex|[spread] p2b
|-activate|p2a: Calyrex|move: Protect
|-resisted|p2b: Zamazenta
|-damage|p2b: Zamazenta|95/100
|-unboost|p2b: Zamazenta|spa|1
|move|p1a: Calyrex|Glacial Lance|p2b: Zamazenta|[spread] p2b
|-activate|p2a: Calyrex|move: Protect
|-resisted|p2b: Zamazenta
|-damage|p2b: Zamazenta|86/100
|
|upkeep
|turn|3
|
|t:|1750731215
|move|p2b: Zamazenta|Wide Guard|p2b: Zamazenta
|-singleturn|p2b: Zamazenta|Wide Guard
|move|p1b: Iron Jugulis|Hurricane|p2a: Calyrex
|-damage|p2a: Calyrex|0 fnt
|faint|p2a: Calyrex
|move|p1a: Calyrex|High Horsepower|p2b: Zamazenta
|-supereffective|p2b: Zamazenta
|-damage|p2b: Zamazenta|56/100
|
|upkeep
|
|t:|1750731225
|switch|p2a: Ogerpon|Ogerpon-Hearthflame, L50, F|26/100
|-ability|p2a: Ogerpon|Mold Breaker
|turn|4
|
|t:|1750731240
|move|p2a: Ogerpon|Spiky Shield|p2a: Ogerpon
|-singleturn|p2a: Ogerpon|move: Protect
|move|p1b: Iron Jugulis|Tailwind|p1b: Iron Jugulis
|-sidestart|p1: superpowerpoke|move: Tailwind
|move|p2b: Zamazenta|Body Press|p1a: Calyrex
|-damage|p1a: Calyrex|17/100
|move|p1a: Calyrex|Glacial Lance|p2a: Ogerpon|[spread] p2b
|-activate|p2a: Ogerpon|move: Protect
|-resisted|p2b: Zamazenta
|-damage|p2b: Zamazenta|45/100
|
|upkeep
|turn|5
|
|t:|1750731260
|move|p2a: Ogerpon|Follow Me|p2a: Ogerpon
|-singleturn|p2a: Ogerpon|move: Follow Me
|move|p1b: Iron Jugulis|Hurricane|p2a: Ogerpon
|-supereffective|p2a: Ogerpon
|-damage|p2a: Ogerpon|0 fnt
|faint|p2a: Ogerpon
|move|p2b: Zamazenta|Body Press|p1b: Iron Jugulis
|-damage|p1b: Iron Jugulis|12/100
|move|p1a: Calyrex|High Horsepower|p2b: Zamazenta
|-supereffective|p2b: Zamazenta
|-damage|p2b: Zamazenta|17/100
|
|upkeep
|
|t:|1750731267
|switch|p2a: Rillaboomer|Rillaboom, L50, M|100/100
|-fieldstart|move: Grassy Terrain|[from] ability: Grassy Surge|[of] p2a: Rillaboomer
|turn|6
|
|t:|1750731309
|-end|p1b: Iron Jugulis|Quark Drive|[silent]
|switch|p1b: Raichu|Raichu, L50, F|100/100
|move|p1a: Calyrex|Protect|p1a: Calyrex
|-singleturn|p1a: Calyrex|Protect
|move|p2a: Rillaboomer|Grassy Glide|p1b: Raichu
|-damage|p1b: Raichu|24/100
|move|p2b: Zamazenta|Body Press|p1a: Calyrex
|-activate|p1a: Calyrex|move: Protect
|
|-heal|p1b: Raichu|30/100|[from] Grassy Terrain
|-heal|p2b: Zamazenta|23/100|[from] Grassy Terrain
|-heal|p1a: Calyrex|23/100|[from] Grassy Terrain
|upkeep
|turn|7
|
|t:|1750731323
|move|p1b: Raichu|Fake Out|p2b: Zamazenta
|-resisted|p2b: Zamazenta
|-damage|p2b: Zamazenta|21/100
|cant|p2b: Zamazenta|flinch
|move|p1a: Calyrex|Glacial Lance|p2b: Zamazenta|[spread] p2a,p2b
|-supereffective|p2a: Rillaboomer
|-resisted|p2b: Zamazenta
|-damage|p2a: Rillaboomer|0 fnt
|-damage|p2b: Zamazenta|11/100
|faint|p2a: Rillaboomer
|-ability|p1a: Calyrex|Chilling Neigh|boost
|-boost|p1a: Calyrex|atk|1
|
|-heal|p1b: Raichu|36/100|[from] Grassy Terrain
|-heal|p2b: Zamazenta|17/100|[from] Grassy Terrain
|-heal|p1a: Calyrex|29/100|[from] Grassy Terrain
|-sideend|p1: superpowerpoke|move: Tailwind
|upkeep
|turn|8
|-message|Quaza15 forfeited.
|
|win|superpowerpoke
|raw|superpowerpoke's rating: 1597 &rarr; <strong>1610</strong><br />(+13 for winning)
|raw|Quaza15's rating: 1476 &rarr; <strong>1463</strong><br />(-13 for losing)
|l|☆Quaza15
|player|p2|
|l|☆superpowerpoke
|player|p1|
