|j|☆superpowerpoke
|j|☆Grade a type b
|t:|1750747109
|gametype|doubles
|player|p1|superpowerpoke|169|1560
|player|p2|Grade a type b|169|1510
|teamsize|p1|6
|teamsize|p2|6
|gen|9
|tier|[Gen 9] VGC 2025 Reg I
|rated|
|rule|Species Clause: Limit one of each Pokémon
|rule|Item Clause: Limit 1 of each item
|clearpoke
|poke|p1|Kyogre, L50|
|poke|p1|Calyrex-Ice, L50|
|poke|p1|Incineroar, L50, F|
|poke|p1|Iron Jugulis, L50|
|poke|p1|Raichu, L50, F|
|poke|p1|Gastrodon, L50, M|
|poke|p2|Koraidon, L50|
|poke|p2|Zacian-*, L50|
|poke|p2|Milotic, L50, F|
|poke|p2|Incineroar, L50, M|
|poke|p2|Ursaluna-Bloodmoon, L50, M|
|poke|p2|Tornadus, L50, M|
|teampreview|4
|inactive|Battle timer is ON: inactive players will automatically lose when time's up. (requested by Grade a type b)
|j| ChickenZX
|inactive|superpowerpoke has 60 seconds left.
|inactive|superpowerpoke has 30 seconds left.
|inactive|superpowerpoke has 20 seconds left.
|inactive|superpowerpoke has 15 seconds left.
|
|t:|1750747185
|start
|switch|p1a: Gastrodon|Gastrodon, L50, M|100/100
|switch|p1b: Calyrex|Calyrex-Ice, L50|100/100
|switch|p2a: Tornadus|Tornadus, L50, M|100/100
|switch|p2b: Zacian|Zacian-Crowned, L50|100/100
|-ability|p1b: Calyrex|As One
|-ability|p1b: Calyrex|Unnerve
|-ability|p2b: Zacian|Intrepid Sword|boost
|-boost|p2b: Zacian|atk|1
|turn|1
|
|t:|1750747197
|switch|p1b: Incineroar|Incineroar, L50, F|100/100
|-ability|p1b: Incineroar|Intimidate|boost
|-unboost|p2a: Tornadus|atk|1
|-unboost|p2b: Zacian|atk|1
|move|p2b: Zacian|Protect|p2b: Zacian
|-singleturn|p2b: Zacian|Protect
|move|p2a: Tornadus|Taunt|p1b: Incineroar
|-hint|Since gen 7, Dark is immune to Prankster moves.
|-immune|p1b: Incineroar
|move|p1a: Gastrodon|Earth Power|p2b: Zacian
|-activate|p2b: Zacian|move: Protect
|
|upkeep
|turn|2
|inactive|superpowerpoke has 30 seconds left.
|inactive|superpowerpoke has 20 seconds left.
|
|t:|1750747236
|switch|p2b: Rápido|Koraidon, L50|100/100
|-weather|SunnyDay|[from] ability: Orichalcum Pulse|[of] p2b: Rápido
|-activate|p2b: Rápido|Orichalcum Pulse|[source]
|move|p1b: Incineroar|Fake Out|p2b: Rápido
|-damage|p2b: Rápido|91/100
|move|p2a: Tornadus|Taunt|p1a: Gastrodon
|-start|p1a: Gastrodon|move: Taunt
|move|p1a: Gastrodon|Earth Power|p2b: Rápido
|-damage|p2b: Rápido|64/100
|
|-weather|SunnyDay|[upkeep]
|upkeep
|turn|3
|inactive|superpowerpoke has 30 seconds left.
|
|t:|1750747269
|switch|p1b: Kyogre|Kyogre, L50|100/100
|-weather|RainDance|[from] ability: Drizzle|[of] p1b: Kyogre
|move|p2b: Rápido|Close Combat|p1b: Kyogre
|-damage|p1b: Kyogre|40/100
|-unboost|p2b: Rápido|def|1
|-unboost|p2b: Rápido|spd|1
|move|p2a: Tornadus|Bleakwind Storm|p1a: Gastrodon|[spread] p1a,p1b
|-damage|p1a: Gastrodon|74/100
|-damage|p1b: Kyogre|25/100
|move|p1a: Gastrodon|Earth Power|p2b: Rápido
|-damage|p2b: Rápido|17/100
|
|-weather|RainDance|[upkeep]
|-heal|p1a: Gastrodon|80/100|[from] item: Leftovers
|upkeep
|turn|4
|inactive|Grade a type b has 30 seconds left.
|
|t:|1750747297
|move|p2b: Rápido|Protect|p2b: Rápido
|-singleturn|p2b: Rápido|Protect
|move|p2a: Tornadus|Sunny Day|p2a: Tornadus
|-weather|SunnyDay
|move|p1b: Kyogre|Thunder|p2a: Tornadus|[miss]
|-miss|p1b: Kyogre|p2a: Tornadus
|move|p1a: Gastrodon|Earth Power|p2b: Rápido
|-activate|p2b: Rápido|move: Protect
|
|-weather|SunnyDay|[upkeep]
|-heal|p1a: Gastrodon|86/100|[from] item: Leftovers
|-end|p1a: Gastrodon|move: Taunt
|upkeep
|turn|5
|
|t:|1750747312
|move|p2a: Tornadus|Tailwind|p2a: Tornadus
|-sidestart|p2: Grade a type b|move: Tailwind
|move|p2b: Rápido|Close Combat|p1a: Gastrodon
|-damage|p1a: Gastrodon|14/100
|-unboost|p2b: Rápido|def|1
|-unboost|p2b: Rápido|spd|1
|move|p1b: Kyogre|Thunder|p2a: Tornadus|[miss]
|-miss|p1b: Kyogre|p2a: Tornadus
|move|p1a: Gastrodon|Earth Power|p2b: Rápido
|-damage|p2b: Rápido|0 fnt
|faint|p2b: Rápido
|
|-weather|SunnyDay|[upkeep]
|-heal|p1a: Gastrodon|20/100|[from] item: Leftovers
|upkeep
|
|t:|1750747317
|switch|p2b: Ursaluna|Ursaluna-Bloodmoon, L50, M|100/100
|turn|6
|inactive|superpowerpoke has 30 seconds left.
|inactive|superpowerpoke has 20 seconds left.
|inactive|superpowerpoke has 15 seconds left.
|inactive|superpowerpoke has 10 seconds left.
|
|t:|1750747363
|move|p2a: Tornadus|Bleakwind Storm|p1b: Kyogre|[spread] p1a
|-miss|p2a: Tornadus|p1b: Kyogre
|-damage|p1a: Gastrodon|0 fnt
|faint|p1a: Gastrodon
|move|p2b: Ursaluna|Hyper Voice|p1b: Kyogre
|-damage|p1b: Kyogre|0 fnt
|faint|p1b: Kyogre
|-damage|p2b: Ursaluna|91/100|[from] item: Life Orb
|
|-weather|SunnyDay|[upkeep]
|upkeep
|
|t:|1750747376
|switch|p1b: Incineroar|Incineroar, L50, F|100/100
|switch|p1a: Calyrex|Calyrex-Ice, L50|100/100
|-ability|p1a: Calyrex|As One
|-ability|p1a: Calyrex|Unnerve
|-ability|p1b: Incineroar|Intimidate|boost
|-unboost|p2a: Tornadus|atk|1
|-unboost|p2b: Ursaluna|atk|1
|turn|7
|
|t:|1750747393
|-terastallize|p2b: Ursaluna|Ghost
|move|p1b: Incineroar|Fake Out|p2b: Ursaluna
|-immune|p2b: Ursaluna
|move|p2a: Tornadus|Taunt|p1a: Calyrex
|-start|p1a: Calyrex|move: Taunt
|move|p2b: Ursaluna|Blood Moon|p1a: Calyrex
|-damage|p1a: Calyrex|40/100
|-damage|p2b: Ursaluna|81/100|[from] item: Life Orb
|move|p1a: Calyrex|Glacial Lance|p2b: Ursaluna|[spread] p2a,p2b
|-supereffective|p2a: Tornadus
|-damage|p2a: Tornadus|0 fnt
|-damage|p2b: Ursaluna|35/100
|faint|p2a: Tornadus
|-ability|p1a: Calyrex|Chilling Neigh|boost
|-boost|p1a: Calyrex|atk|1
|
|-weather|SunnyDay|[upkeep]
|upkeep
|
|t:|1750747399
|switch|p2a: Zacian|Zacian-Crowned, L50|100/100
|turn|8
|
|t:|1750747417
|-terastallize|p1a: Calyrex|Fire
|move|p2a: Zacian|Play Rough|p1a: Calyrex
|-resisted|p1a: Calyrex
|-damage|p1a: Calyrex|23/100
|move|p2b: Ursaluna|Hyper Voice|p1b: Incineroar|[spread] p1a,p1b
|-damage|p1a: Calyrex|0 fnt
|-damage|p1b: Incineroar|65/100
|faint|p1a: Calyrex
|-damage|p2b: Ursaluna|25/100|[from] item: Life Orb
|move|p1b: Incineroar|Knock Off|p2b: Ursaluna
|-supereffective|p2b: Ursaluna
|-damage|p2b: Ursaluna|0 fnt
|-enditem|p2b: Ursaluna|Life Orb|[from] move: Knock Off|[of] p1b: Incineroar
|faint|p2b: Ursaluna
|
|-weather|none
|-sideend|p2: Grade a type b|move: Tailwind
|upkeep
|turn|9
|
|t:|1750747431
|move|p2a: Zacian|Play Rough|p1b: Incineroar
|-damage|p1b: Incineroar|20/100
|-damage|p2a: Zacian|84/100|[from] item: Rocky Helmet|[of] p1b: Incineroar
|move|p1b: Incineroar|Knock Off|p2a: Zacian
|-resisted|p2a: Zacian
|-damage|p2a: Zacian|73/100
|
|upkeep
|turn|10
|
|t:|1750747436
|move|p2a: Zacian|Play Rough|p1b: Incineroar
|-damage|p1b: Incineroar|0 fnt
|-damage|p2a: Zacian|57/100|[from] item: Rocky Helmet|[of] p1b: Incineroar
|faint|p1b: Incineroar
|
|win|Grade a type b
|raw|superpowerpoke's rating: 1560 &rarr; <strong>1537</strong><br />(-23 for losing)
|raw|Grade a type b's rating: 1510 &rarr; <strong>1533</strong><br />(+23 for winning)
|l|☆Grade a type b
|player|p2|
|l|☆superpowerpoke
|player|p1|
|l| ChickenZX
