|j|☆kevinok45
|j|☆Kampfstube
|t:|1750708515
|gametype|doubles
|player|p1|kevinok45|101|1333
|player|p2|Kampfstube|volkner|1383
|teamsize|p1|6
|teamsize|p2|6
|gen|9
|tier|[Gen 9] VGC 2025 Reg I
|rated|
|rule|Species Clause: Limit one of each Pokémon
|rule|Item Clause: Limit 1 of each item
|clearpoke
|poke|p1|Ho-Oh, L50|
|poke|p1|Calyrex-Ice, L50|
|poke|p1|Ting-Lu, L50|
|poke|p1|Rillaboom, L50, M|
|poke|p1|Overqwil, L50, F|
|poke|p1|Ursaluna, L50, F|
|poke|p2|Miraidon, L50|
|poke|p2|Lunala, L50|
|poke|p2|Incineroar, L50, F|
|poke|p2|Grimmsnarl, L50, M|
|poke|p2|Ursaluna, L50, M|
|poke|p2|Ogerpon-Wellspring, L50, F|
|teampreview|4
|inactive|Battle timer is ON: inactive players will automatically lose when time's up. (requested by Kampfstube)
|inactive|Kampfstube has 60 seconds left.
|
|t:|1750708548
|start
|switch|p1a: Rillaboom|Rillaboom, L50, M|100/100
|switch|p1b: Calyrex|Calyrex-Ice, L50|100/100
|switch|p2a: Miraidon|Miraidon, L50|100/100
|switch|p2b: Incineroar|Incineroar, L50, F|100/100
|-ability|p1b: Calyrex|As One
|-ability|p1b: Calyrex|Unnerve
|-fieldstart|move: Electric Terrain|[from] ability: Hadron Engine|[of] p2a: Miraidon
|-fieldstart|move: Grassy Terrain|[from] ability: Grassy Surge|[of] p1a: Rillaboom
|-ability|p2b: Incineroar|Intimidate|boost
|-unboost|p1a: Rillaboom|atk|1
|-unboost|p1b: Calyrex|atk|1
|turn|1
|inactive|kevinok45 has 30 seconds left.
|
|t:|1750708573
|switch|p1b: Ting-Lu|Ting-Lu, L50|100/100
|-ability|p1b: Ting-Lu|Vessel of Ruin
|-enditem|p1b: Ting-Lu|Grassy Seed
|-boost|p1b: Ting-Lu|def|1|[from] item: Grassy Seed
|move|p2a: Miraidon|Protect|p2a: Miraidon
|-singleturn|p2a: Miraidon|Protect
|move|p2b: Incineroar|Fake Out|p1b: Ting-Lu
|-damage|p1b: Ting-Lu|97/100
|move|p1a: Rillaboom|U-turn|p2a: Miraidon
|-activate|p2a: Miraidon|move: Protect
|
|-heal|p1b: Ting-Lu|100/100|[from] Grassy Terrain
|upkeep
|turn|2
|inactive|Kampfstube has 30 seconds left.
|
|t:|1750708602
|switch|p2a: Lunala|Lunala, L50|100/100
|move|p1a: Rillaboom|U-turn|p2a: Lunala
|-damage|p2a: Lunala|94/100
|
|t:|1750708608
|switch|p1a: Calyrex|Calyrex-Ice, L50|100/100|[from] U-turn
|-ability|p1a: Calyrex|As One
|-ability|p1a: Calyrex|Unnerve
|move|p2b: Incineroar|Knock Off|p1a: Calyrex
|-supereffective|p1a: Calyrex
|-damage|p1a: Calyrex|49/100
|-enditem|p1a: Calyrex|Leftovers|[from] move: Knock Off|[of] p2b: Incineroar
|move|p1b: Ting-Lu|Sand Tomb|p2a: Lunala
|-damage|p2a: Lunala|83/100
|-activate|p2a: Lunala|move: Sand Tomb|[of] p1b: Ting-Lu
|
|-heal|p2a: Lunala|89/100|[from] Grassy Terrain
|-heal|p1a: Calyrex|56/100|[from] Grassy Terrain
|-damage|p2a: Lunala|77/100|[from] move: Sand Tomb|[partiallytrapped]
|upkeep
|turn|3
|inactive|kevinok45 has 30 seconds left.
|inactive|Kampfstube has 30 seconds left.
|
|t:|1750708634
|move|p1a: Calyrex|Protect|p1a: Calyrex
|-singleturn|p1a: Calyrex|Protect
|move|p2a: Lunala|Moongeist Beam|p1a: Calyrex
|-activate|p1a: Calyrex|move: Protect
|move|p2b: Incineroar|U-turn|p1b: Ting-Lu
|-supereffective|p1b: Ting-Lu
|-damage|p1b: Ting-Lu|87/100
|
|t:|1750708651
|switch|p2b: Ogerpon|Ogerpon-Wellspring, L50, F|100/100|[from] U-turn
|move|p1b: Ting-Lu|Ruination|p2b: Ogerpon
|-damage|p2b: Ogerpon|51/100
|
|-heal|p2b: Ogerpon|57/100|[from] Grassy Terrain
|-heal|p2a: Lunala|83/100|[from] Grassy Terrain
|-heal|p1a: Calyrex|62/100|[from] Grassy Terrain
|-heal|p1b: Ting-Lu|93/100|[from] Grassy Terrain
|-damage|p2a: Lunala|71/100|[from] move: Sand Tomb|[partiallytrapped]
|upkeep
|turn|4
|
|t:|1750708674
|switch|p1a: Rillaboom|Rillaboom, L50, M|100/100
|move|p2b: Ogerpon|Ivy Cudgel|p1b: Ting-Lu|[anim] Ivy Cudgel Water
|-supereffective|p1b: Ting-Lu
|-damage|p1b: Ting-Lu|58/100
|move|p2a: Lunala|Moongeist Beam|p1a: Rillaboom
|-damage|p1a: Rillaboom|73/100
|move|p1b: Ting-Lu|Ruination|p2a: Lunala
|-damage|p2a: Lunala|36/100
|
|-heal|p2b: Ogerpon|63/100|[from] Grassy Terrain
|-heal|p2a: Lunala|42/100|[from] Grassy Terrain
|-heal|p1a: Rillaboom|79/100|[from] Grassy Terrain
|-heal|p1b: Ting-Lu|64/100|[from] Grassy Terrain
|-damage|p2a: Lunala|29/100|[from] move: Sand Tomb|[partiallytrapped]
|upkeep
|turn|5
|
|t:|1750708699
|move|p2b: Ogerpon|Spiky Shield|p2b: Ogerpon
|-singleturn|p2b: Ogerpon|move: Protect
|move|p2a: Lunala|Moongeist Beam|p1a: Rillaboom
|-damage|p1a: Rillaboom|52/100
|move|p1a: Rillaboom|U-turn|p2a: Lunala
|-damage|p2a: Lunala|10/100
|
|t:|1750708706
|switch|p1a: Calyrex|Calyrex-Ice, L50|62/100|[from] U-turn
|-ability|p1a: Calyrex|As One
|-ability|p1a: Calyrex|Unnerve
|move|p1b: Ting-Lu|Sand Tomb|p2b: Ogerpon
|-activate|p2b: Ogerpon|move: Protect
|
|-heal|p2b: Ogerpon|68/100|[from] Grassy Terrain
|-heal|p2a: Lunala|16/100|[from] Grassy Terrain
|-heal|p1a: Calyrex|68/100|[from] Grassy Terrain
|-heal|p1b: Ting-Lu|70/100|[from] Grassy Terrain
|-damage|p2a: Lunala|4/100|[from] move: Sand Tomb|[partiallytrapped]
|-fieldend|move: Grassy Terrain
|upkeep
|turn|6
|
|t:|1750708730
|switch|p1a: Rillaboom|Rillaboom, L50, M|52/100
|-fieldstart|move: Grassy Terrain|[from] ability: Grassy Surge|[of] p1a: Rillaboom
|move|p2b: Ogerpon|Ivy Cudgel|p1b: Ting-Lu|[anim] Ivy Cudgel Water
|-supereffective|p1b: Ting-Lu
|-damage|p1b: Ting-Lu|33/100
|move|p2a: Lunala|Moonblast|p1b: Ting-Lu
|-supereffective|p1b: Ting-Lu
|-damage|p1b: Ting-Lu|0 fnt
|faint|p1b: Ting-Lu
|
|-heal|p2b: Ogerpon|74/100|[from] Grassy Terrain
|-heal|p2a: Lunala|10/100|[from] Grassy Terrain
|-heal|p1a: Rillaboom|58/100|[from] Grassy Terrain
|-end|p2a: Lunala|Sand Tomb|[partiallytrapped]
|upkeep
|
|t:|1750708742
|switch|p1b: Calyrex|Calyrex-Ice, L50|68/100
|-ability|p1b: Calyrex|As One
|-ability|p1b: Calyrex|Unnerve
|turn|7
|inactive|Kampfstube has 30 seconds left.
|
|t:|1750708772
|switch|p2b: Incineroar|Incineroar, L50, F|100/100
|-ability|p2b: Incineroar|Intimidate|boost
|-unboost|p1a: Rillaboom|atk|1
|-unboost|p1b: Calyrex|atk|1
|move|p1a: Rillaboom|Grassy Glide|p2a: Lunala
|-damage|p2a: Lunala|0 fnt
|faint|p2a: Lunala
|move|p1b: Calyrex|Trick Room|p1b: Calyrex
|-fieldstart|move: Trick Room|[of] p1b: Calyrex
|
|-heal|p1b: Calyrex|74/100|[from] Grassy Terrain
|-heal|p1a: Rillaboom|64/100|[from] Grassy Terrain
|upkeep
|
|t:|1750708785
|switch|p2a: Miraidon|Miraidon, L50|100/100
|-fieldstart|move: Electric Terrain|[from] ability: Hadron Engine|[of] p2a: Miraidon
|turn|8
|
|t:|1750708803
|switch|p1b: Ursaluna|Ursaluna, L50, F|100/100
|-terastallize|p2a: Miraidon|Fairy
|move|p2b: Incineroar|Fake Out|p1b: Ursaluna
|-damage|p1b: Ursaluna|91/100
|move|p1a: Rillaboom|U-turn|p2a: Miraidon
|-resisted|p2a: Miraidon
|-damage|p2a: Miraidon|95/100
|
|t:|1750708810
|switch|p1a: Calyrex|Calyrex-Ice, L50|74/100|[from] U-turn
|-ability|p1a: Calyrex|As One
|-ability|p1a: Calyrex|Unnerve
|move|p2a: Miraidon|Calm Mind|p2a: Miraidon
|-boost|p2a: Miraidon|spa|1
|-boost|p2a: Miraidon|spd|1
|
|-heal|p2a: Miraidon|100/100|[from] item: Leftovers
|-status|p1b: Ursaluna|brn|[from] item: Flame Orb
|upkeep
|turn|9
|
|t:|1750708827
|move|p2a: Miraidon|Protect|p2a: Miraidon
|-singleturn|p2a: Miraidon|Protect
|move|p1b: Ursaluna|Facade|p2a: Miraidon
|-activate|p2a: Miraidon|move: Protect
|move|p1a: Calyrex|Glacial Lance|p2a: Miraidon|[spread] p2b
|-activate|p2a: Miraidon|move: Protect
|-resisted|p2b: Incineroar
|-damage|p2b: Incineroar|76/100
|move|p2b: Incineroar|U-turn|p1a: Calyrex
|-supereffective|p1a: Calyrex
|-damage|p1a: Calyrex|52/100
|
|t:|1750708838
|switch|p2b: Ogerpon|Ogerpon-Wellspring, L50, F|74/100|[from] U-turn
|
|-damage|p1b: Ursaluna|85/100 brn|[from] brn
|upkeep
|turn|10
|
|t:|1750708857
|move|p2b: Ogerpon|Follow Me|p2b: Ogerpon
|-singleturn|p2b: Ogerpon|move: Follow Me
|move|p1b: Ursaluna|Headlong Rush|p2b: Ogerpon
|-resisted|p2b: Ogerpon
|-damage|p2b: Ogerpon|18/100
|-unboost|p1b: Ursaluna|def|1
|-unboost|p1b: Ursaluna|spd|1
|move|p1a: Calyrex|Glacial Lance|p2b: Ogerpon|[spread] p2a,p2b
|-damage|p2a: Miraidon|63/100
|-damage|p2b: Ogerpon|0 fnt
|faint|p2b: Ogerpon
|-ability|p1a: Calyrex|Chilling Neigh|boost
|-boost|p1a: Calyrex|atk|1
|move|p2a: Miraidon|Dazzling Gleam|p1a: Calyrex|[spread] p1a,p1b
|-damage|p1a: Calyrex|10/100
|-damage|p1b: Ursaluna|0 fnt
|faint|p1b: Ursaluna
|
|-heal|p2a: Miraidon|69/100|[from] item: Leftovers
|upkeep
|
|t:|1750708873
|switch|p1b: Rillaboom|Rillaboom, L50, M|64/100
|switch|p2b: Incineroar|Incineroar, L50, F|76/100
|-ability|p2b: Incineroar|Intimidate|boost
|-unboost|p1a: Calyrex|atk|1
|-unboost|p1b: Rillaboom|atk|1
|-fieldstart|move: Grassy Terrain|[from] ability: Grassy Surge|[of] p1b: Rillaboom
|turn|11
|
|t:|1750708898
|move|p2a: Miraidon|Protect|p2a: Miraidon
|-singleturn|p2a: Miraidon|Protect
|move|p2b: Incineroar|Fake Out|p1a: Calyrex
|-damage|p1a: Calyrex|3/100
|cant|p1a: Calyrex|flinch
|move|p1b: Rillaboom|Wood Hammer|p2a: Miraidon
|-activate|p2a: Miraidon|move: Protect
|
|-heal|p1a: Calyrex|9/100|[from] Grassy Terrain
|-heal|p2b: Incineroar|82/100|[from] Grassy Terrain
|-heal|p1b: Rillaboom|70/100|[from] Grassy Terrain
|-heal|p2a: Miraidon|75/100|[from] Grassy Terrain
|-heal|p2a: Miraidon|82/100|[from] item: Leftovers
|-fieldend|move: Trick Room
|upkeep
|turn|12
|-message|kevinok45 forfeited.
|
|win|Kampfstube
|raw|kevinok45's rating: 1333 &rarr; <strong>1316</strong><br />(-17 for losing)
|raw|Kampfstube's rating: 1383 &rarr; <strong>1400</strong><br />(+17 for winning)
