|j|‽Shrekers13
|j|☆nuggs54
|t:|1750742682
|gametype|doubles
|player|p1|Shrekers13|170|1267
|player|p2|nuggs54|266|1206
|teamsize|p1|6
|teamsize|p2|6
|gen|9
|tier|[Gen 9] VGC 2025 Reg I
|rated|
|rule|Species Clause: Limit one of each Pokémon
|rule|Item Clause: Limit 1 of each item
|clearpoke
|poke|p1|Calyrex-Ice, L50|
|poke|p1|Miraidon, L50|
|poke|p1|Iron Hands, L50|
|poke|p1|Iron Bundle, L50|
|poke|p1|Ogerpon-Hearthflame, L50, F|
|poke|p1|Farigiraf, L50, F|
|poke|p2|Zekrom, L50|
|poke|p2|Calyrex-Ice, L50|
|poke|p2|Volcarona, L50, F|
|poke|p2|Porygon2, L50|
|poke|p2|Urshifu-*, L50, M|
|poke|p2|Landorus, L50, M|
|teampreview|4
|inactive|Battle timer is ON: inactive players will automatically lose when time's up. (requested by Shrekers13)
|
|t:|1750742739
|start
|switch|p1a: Miraidon|Miraidon, L50|100/100
|switch|p1b: Farigiraf|Farigiraf, L50, F, shiny|100/100
|switch|p2a: Landorus|Landorus, L50, M|100/100
|switch|p2b: Calyrex|Calyrex-Ice, L50|100/100
|-ability|p2b: Calyrex|As One
|-ability|p2b: Calyrex|Unnerve
|-fieldstart|move: Electric Terrain|[from] ability: Hadron Engine|[of] p1a: Miraidon
|-enditem|p1b: Farigiraf|Electric Seed
|-boost|p1b: Farigiraf|def|1|[from] item: Electric Seed
|turn|1
|inactive|Shrekers13 has 30 seconds left.
|
|t:|1750742769
|-terastallize|p1a: Miraidon|Fairy
|move|p1a: Miraidon|Draco Meteor|p2a: Landorus
|-damage|p2a: Landorus|0 fnt
|-unboost|p1a: Miraidon|spa|2
|faint|p2a: Landorus
|move|p1b: Farigiraf|Foul Play|p2b: Calyrex
|-supereffective|p2b: Calyrex
|-damage|p2b: Calyrex|56/100
|move|p2b: Calyrex|Leech Seed|p1b: Farigiraf
|-start|p1b: Farigiraf|move: Leech Seed
|
|-heal|p2b: Calyrex|62/100|[from] item: Leftovers
|-damage|p1b: Farigiraf|88/100|[from] Leech Seed|[of] p2b: Calyrex
|-heal|p2b: Calyrex|75/100|[silent]
|upkeep
|
|t:|1750742784
|switch|p2a: Porygon2|Porygon2, L50|100/100
|-ability|p2a: Porygon2|Download|boost
|-boost|p2a: Porygon2|spa|1
|turn|2
|
|t:|1750742804
|switch|p1a: Iron Hands|Iron Hands, L50, shiny|100/100
|-activate|p1a: Iron Hands|ability: Quark Drive
|-start|p1a: Iron Hands|quarkdriveatk
|move|p2b: Calyrex|Protect|p2b: Calyrex
|-singleturn|p2b: Calyrex|Protect
|move|p1b: Farigiraf|Foul Play|p2b: Calyrex
|-activate|p2b: Calyrex|move: Protect
|move|p2a: Porygon2|Trick Room|p2a: Porygon2
|-fieldstart|move: Trick Room|[of] p2a: Porygon2
|
|-heal|p2b: Calyrex|81/100|[from] item: Leftovers
|-damage|p1b: Farigiraf|76/100|[from] Leech Seed|[of] p2b: Calyrex
|-heal|p2b: Calyrex|95/100|[silent]
|upkeep
|turn|3
|
|t:|1750742829
|move|p1a: Iron Hands|Fake Out|p2b: Calyrex
|-damage|p2b: Calyrex|82/100
|cant|p2b: Calyrex|flinch
|move|p2a: Porygon2|Shadow Ball|p1a: Iron Hands
|-damage|p1a: Iron Hands|85/100
|-unboost|p1a: Iron Hands|spd|1
|move|p1b: Farigiraf|Trick Room|p1b: Farigiraf
|-fieldend|move: Trick Room
|
|-heal|p2b: Calyrex|88/100|[from] item: Leftovers
|-damage|p1b: Farigiraf|63/100|[from] Leech Seed|[of] p2b: Calyrex
|-heal|p2b: Calyrex|100/100|[silent]
|upkeep
|turn|4
|inactive|nuggs54 has 30 seconds left.
|inactive|nuggs54 has 20 seconds left.
|
|t:|1750742866
|switch|p1b: Ogerpon|Ogerpon-Hearthflame, L50, F|100/100
|-ability|p1b: Ogerpon|Mold Breaker
|move|p2a: Porygon2|Shadow Ball|p1a: Iron Hands
|-crit|p1a: Iron Hands
|-damage|p1a: Iron Hands|47/100
|move|p2b: Calyrex|Glacial Lance|p1b: Ogerpon|[spread] p1a,p1b
|-damage|p1a: Iron Hands|13/100
|-damage|p1b: Ogerpon|27/100
|move|p1a: Iron Hands|Drain Punch|p2a: Porygon2
|-supereffective|p2a: Porygon2
|-damage|p2a: Porygon2|35/100
|-heal|p1a: Iron Hands|39/100|[from] drain|[of] p2a: Porygon2
|
|upkeep
|turn|5
|
|t:|1750742883
|move|p1b: Ogerpon|Ivy Cudgel|p2b: Calyrex|[anim] Ivy Cudgel Fire
|-supereffective|p2b: Calyrex
|-damage|p2b: Calyrex|25/100
|move|p2a: Porygon2|Recover|p2a: Porygon2
|-heal|p2a: Porygon2|85/100
|move|p2b: Calyrex|Glacial Lance|p1a: Iron Hands|[spread] p1a,p1b
|-damage|p1a: Iron Hands|0 fnt
|-damage|p1b: Ogerpon|0 fnt
|faint|p1a: Iron Hands
|-end|p1a: Iron Hands|Quark Drive|[silent]
|faint|p1b: Ogerpon
|-ability|p2b: Calyrex|Chilling Neigh|boost
|-boost|p2b: Calyrex|atk|2
|
|-heal|p2b: Calyrex|31/100|[from] item: Leftovers
|-fieldend|move: Electric Terrain
|upkeep
|
|t:|1750742897
|switch|p1b: Farigiraf|Farigiraf, L50, F, shiny|63/100
|switch|p1a: Miraidon|Miraidon, L50, tera:Fairy|100/100
|-fieldstart|move: Electric Terrain|[from] ability: Hadron Engine|[of] p1a: Miraidon
|turn|6
|inactive|nuggs54 has 30 seconds left.
|inactive|nuggs54 has 20 seconds left.
|inactive|nuggs54 has 15 seconds left.
|
|t:|1750742938
|-terastallize|p2b: Calyrex|Water
|move|p1b: Farigiraf|Helping Hand|p1a: Miraidon
|-singleturn|p1a: Miraidon|Helping Hand|[of] p1b: Farigiraf
|move|p1a: Miraidon|Dazzling Gleam|p2b: Calyrex|[spread] p2a,p2b
|-damage|p2a: Porygon2|25/100
|-damage|p2b: Calyrex|0 fnt
|faint|p2b: Calyrex
|move|p2a: Porygon2|Shadow Ball|p1a: Miraidon
|-damage|p1a: Miraidon|74/100
|
|upkeep
|
|t:|1750742948
|switch|p2b: Zekrom|Zekrom, L50|100/100
|-ability|p2b: Zekrom|Teravolt
|turn|7
|
|t:|1750742955
|move|p1b: Farigiraf|Helping Hand|p1a: Miraidon
|-singleturn|p1a: Miraidon|Helping Hand|[of] p1b: Farigiraf
|move|p2b: Zekrom|Protect|p2b: Zekrom
|-singleturn|p2b: Zekrom|Protect
|move|p1a: Miraidon|Dazzling Gleam|p2a: Porygon2|[spread] p2a
|-activate|p2b: Zekrom|move: Protect
|-damage|p2a: Porygon2|0 fnt
|faint|p2a: Porygon2
|
|upkeep
|turn|8
|-message|nuggs54 forfeited.
|
|win|Shrekers13
|raw|Shrekers13's rating: 1267 &rarr; <strong>1288</strong><br />(+21 for winning)
|raw|nuggs54's rating: 1206 &rarr; <strong>1185</strong><br />(-21 for losing)
|l|☆nuggs54
|player|p2|
|l|‽Shrekers13
|player|p1|
