|j|☆momentaueita
|j|☆PokeMacYT
|t:|1750826770
|gametype|doubles
|player|p1|momentaueita|flint|1351
|player|p2|PokeMacYT|2|1280
|teamsize|p1|6
|teamsize|p2|6
|gen|9
|tier|[Gen 9] VGC 2025 Reg I
|rated|
|rule|Species Clause: Limit one of each Pokémon
|rule|Item Clause: Limit 1 of each item
|clearpoke
|poke|p1|Scraggy, L50, M|
|poke|p1|Calyrex-Ice, L50|
|poke|p1|Miraidon, L50|
|poke|p1|Iron Hands, L50|
|poke|p1|Farigiraf, L50, F|
|poke|p1|Iron Valiant, L50|
|poke|p2|Rillaboom, L50, F|
|poke|p2|Incineroar, L50, M|
|poke|p2|Grimmsnarl, L50, M|
|poke|p2|Terapagos, L50, M|
|poke|p2|Miraidon, L50|
|poke|p2|Urshifu-*, L50, F|
|teampreview|4
|inactive|Battle timer is ON: inactive players will automatically lose when time's up. (requested by PokeMacYT)
|inactive|momentaueita has 60 seconds left.
|inactive|PokeMacYT has 60 seconds left.
|
|t:|1750826823
|start
|switch|p1a: Scraggy|Scraggy, L50, M|100/100
|switch|p1b: Calyrex|Calyrex-Ice, L50|100/100
|switch|p2a: Grimmsnarl|Grimmsnarl, L50, M|100/100
|switch|p2b: Terapagos|Terapagos, L50, M|100/100
|-activate|p2b: Terapagos|ability: Tera Shift
|detailschange|p2b: Terapagos|Terapagos-Terastal, L50, M
|-heal|p2b: Terapagos|100/100|[silent]
|-ability|p1b: Calyrex|As One
|-ability|p1b: Calyrex|Unnerve
|-ability|p1a: Scraggy|Intimidate|boost
|-unboost|p2a: Grimmsnarl|atk|1
|-unboost|p2b: Terapagos|atk|1
|turn|1
|
|t:|1750826833
|move|p1a: Scraggy|Fake Out|p2b: Terapagos
|-activate|p2b: Terapagos|ability: Tera Shell
|-resisted|p2b: Terapagos
|-damage|p2b: Terapagos|98/100
|move|p2a: Grimmsnarl|Thunder Wave|p1b: Calyrex
|-status|p1b: Calyrex|par
|cant|p2b: Terapagos|flinch
|move|p1b: Calyrex|Trick Room|p1b: Calyrex
|-fieldstart|move: Trick Room|[of] p1b: Calyrex
|
|-heal|p2b: Terapagos|100/100|[from] item: Leftovers
|upkeep
|turn|2
|
|t:|1750826843
|move|p2a: Grimmsnarl|Reflect|p2a: Grimmsnarl
|-sidestart|p2: PokeMacYT|Reflect
|move|p1b: Calyrex|Glacial Lance|p2a: Grimmsnarl|[spread] p2a,p2b
|-activate|p2b: Terapagos|ability: Tera Shell
|-resisted|p2b: Terapagos
|-damage|p2a: Grimmsnarl|55/100
|-damage|p2b: Terapagos|85/100
|move|p1a: Scraggy|Coaching|p1b: Calyrex
|-boost|p1b: Calyrex|atk|1
|-boost|p1b: Calyrex|def|1
|move|p2b: Terapagos|Calm Mind|p2b: Terapagos
|-boost|p2b: Terapagos|spa|1
|-boost|p2b: Terapagos|spd|1
|
|-heal|p2b: Terapagos|91/100|[from] item: Leftovers
|upkeep
|turn|3
|inactive|PokeMacYT has 30 seconds left.
|inactive|momentaueita has 30 seconds left.
|inactive|momentaueita has 20 seconds left.
|inactive|PokeMacYT has 20 seconds left.
|inactive|momentaueita has 15 seconds left.
|inactive|PokeMacYT has 15 seconds left.
|inactive|momentaueita has 10 seconds left.
|inactive|PokeMacYT has 10 seconds left.
|inactive|momentaueita has 5 seconds left.
|
|t:|1750826899
|move|p2b: Terapagos|Protect|p2b: Terapagos
|-singleturn|p2b: Terapagos|Protect
|move|p1b: Calyrex|Glacial Lance|p2a: Grimmsnarl|[spread] p2a
|-activate|p2b: Terapagos|move: Protect
|-damage|p2a: Grimmsnarl|0 fnt
|faint|p2a: Grimmsnarl
|-ability|p1b: Calyrex|Chilling Neigh|boost
|-boost|p1b: Calyrex|atk|1
|move|p1a: Scraggy|Encore|p2b: Terapagos
|-activate|p2b: Terapagos|move: Protect
|
|-heal|p2b: Terapagos|97/100|[from] item: Leftovers
|upkeep
|
|t:|1750826906
|switch|p2a: Incineroar|Incineroar, L50, M|100/100
|-ability|p2a: Incineroar|Intimidate|boost
|-unboost|p1a: Scraggy|atk|1
|-fail|p1b: Calyrex|unboost|[from] item: Clear Amulet|[of] p1b: Calyrex
|turn|4
|inactive|PokeMacYT has 30 seconds left.
|
|t:|1750826938
|switch|p1a: Farigiraf|Farigiraf, L50, F|100/100
|-terastallize|p2b: Terapagos|Stellar
|detailschange|p2b: Terapagos|Terapagos-Stellar, L50, M, tera:Stellar
|-heal|p2b: Terapagos|98/100|[silent]
|move|p2a: Incineroar|Fake Out||[still]
|cant|p1a: Farigiraf|ability: Armor Tail|Fake Out|[of] p2a: Incineroar
|cant|p1b: Calyrex|par
|move|p2b: Terapagos|Tera Starstorm|p1a: Farigiraf|[spread] p1a,p1b
|-damage|p1a: Farigiraf|47/100
|-damage|p1b: Calyrex|56/100 par
|-enditem|p1a: Farigiraf|Sitrus Berry|[eat]
|-heal|p1a: Farigiraf|72/100|[from] item: Sitrus Berry
|
|-heal|p2b: Terapagos|100/100|[from] item: Leftovers
|upkeep
|turn|5
|
|t:|1750826954
|move|p2a: Incineroar|Flare Blitz|p1b: Calyrex
|-supereffective|p1b: Calyrex
|-damage|p1b: Calyrex|5/100 par
|-damage|p2a: Incineroar|85/100|[from] Recoil
|move|p2b: Terapagos|Tera Starstorm|p1a: Farigiraf|[spread] p1a,p1b
|-damage|p1a: Farigiraf|18/100
|-damage|p1b: Calyrex|0 fnt
|faint|p1b: Calyrex
|move|p1a: Farigiraf|Trick Room|p1a: Farigiraf
|-fieldend|move: Trick Room
|
|upkeep
|
|t:|1750826963
|switch|p1b: Iron Hands|Iron Hands, L50, shiny|100/100
|turn|6
|
|t:|1750826975
|switch|p1a: Scraggy|Scraggy, L50, M|100/100
|-ability|p1a: Scraggy|Intimidate|boost
|-unboost|p2a: Incineroar|atk|1
|-unboost|p2b: Terapagos|atk|1
|move|p2b: Terapagos|Protect|p2b: Terapagos
|-singleturn|p2b: Terapagos|Protect
|move|p2a: Incineroar|U-turn|p1a: Scraggy
|-damage|p1a: Scraggy|86/100
|
|t:|1750826980
|switch|p2a: Urshifu|Urshifu, L50, F|100/100|[from] U-turn
|move|p1b: Iron Hands|Close Combat|p2b: Terapagos
|-activate|p2b: Terapagos|move: Protect
|
|upkeep
|turn|7
|
|t:|1750827001
|switch|p2a: Incineroar|Incineroar, L50, M|85/100
|-ability|p2a: Incineroar|Intimidate|boost
|-unboost|p1a: Scraggy|atk|1
|-unboost|p1b: Iron Hands|atk|1
|move|p1a: Scraggy|Fake Out|p2b: Terapagos
|-damage|p2b: Terapagos|98/100
|cant|p2b: Terapagos|flinch
|move|p1b: Iron Hands|Drain Punch|p2b: Terapagos
|-supereffective|p2b: Terapagos
|-damage|p2b: Terapagos|75/100
|
|-heal|p2b: Terapagos|81/100|[from] item: Leftovers
|upkeep
|turn|8
|
|t:|1750827024
|-end|p1b: Iron Hands|Quark Drive|[silent]
|switch|p1b: Farigiraf|Farigiraf, L50, F|18/100
|move|p2a: Incineroar|Fake Out||[still]
|cant|p1b: Farigiraf|ability: Armor Tail|Fake Out|[of] p2a: Incineroar
|move|p2b: Terapagos|Tera Starstorm|p1b: Farigiraf|[spread] p1a,p1b
|-damage|p1a: Scraggy|36/100
|-damage|p1b: Farigiraf|0 fnt
|faint|p1b: Farigiraf
|move|p1a: Scraggy|Encore|p2a: Incineroar
|-start|p2a: Incineroar|Encore
|
|-heal|p2b: Terapagos|87/100|[from] item: Leftovers
|upkeep
|
|t:|1750827031
|switch|p1b: Iron Hands|Iron Hands, L50, shiny|100/100
|turn|9
|
|t:|1750827056
|switch|p2a: Urshifu|Urshifu, L50, F|100/100
|move|p1b: Iron Hands|Fake Out|p2b: Terapagos
|-damage|p2b: Terapagos|81/100
|cant|p2b: Terapagos|flinch
|move|p1a: Scraggy|Coaching|p1b: Iron Hands
|-boost|p1b: Iron Hands|atk|1
|-boost|p1b: Iron Hands|def|1
|
|-heal|p2b: Terapagos|87/100|[from] item: Leftovers
|-sideend|p2: PokeMacYT|Reflect
|upkeep
|turn|10
|inactive|PokeMacYT has 30 seconds left.
|
|t:|1750827083
|move|p2a: Urshifu|Close Combat|p1a: Scraggy
|-supereffective|p1a: Scraggy
|-damage|p1a: Scraggy|0 fnt
|-unboost|p2a: Urshifu|def|1
|-unboost|p2a: Urshifu|spd|1
|faint|p1a: Scraggy
|move|p2b: Terapagos|Tera Starstorm|p1b: Iron Hands
|-damage|p1b: Iron Hands|56/100
|move|p1b: Iron Hands|Close Combat|p2b: Terapagos
|-supereffective|p2b: Terapagos
|-damage|p2b: Terapagos|0 fnt
|-unboost|p1b: Iron Hands|def|1
|-unboost|p1b: Iron Hands|spd|1
|faint|p2b: Terapagos
|detailschange|p2: Terapagos|Terapagos, L50, M|[silent]
|
|upkeep
|
|t:|1750827087
|switch|p2b: Incineroar|Incineroar, L50, M|85/100
|-ability|p2b: Incineroar|Intimidate|boost
|-unboost|p1b: Iron Hands|atk|1
|turn|11
|
|t:|1750827095
|move|p2b: Incineroar|Fake Out|p1b: Iron Hands
|-damage|p1b: Iron Hands|47/100
|move|p2a: Urshifu|Close Combat|p1b: Iron Hands
|-damage|p1b: Iron Hands|5/100
|-unboost|p2a: Urshifu|def|1
|-unboost|p2a: Urshifu|spd|1
|cant|p1b: Iron Hands|flinch
|
|upkeep
|turn|12
|
|t:|1750827101
|move|p2a: Urshifu|Sucker Punch|p1b: Iron Hands
|-resisted|p1b: Iron Hands
|-damage|p1b: Iron Hands|0 fnt
|faint|p1b: Iron Hands
|-end|p1b: Iron Hands|Quark Drive|[silent]
|
|win|PokeMacYT
|raw|momentaueita's rating: 1351 &rarr; <strong>1327</strong><br />(-24 for losing)
|raw|PokeMacYT's rating: 1280 &rarr; <strong>1310</strong><br />(+30 for winning)
|l|☆momentaueita
|player|p1|
|l|☆PokeMacYT
|player|p2|
