|j|☆What The Groudon
|j|☆SpyTH
|t:|1750741884
|gametype|doubles
|player|p1|What The Groudon|acerola-masters2|1329
|player|p2|SpyTH|veteran|1250
|teamsize|p1|6
|teamsize|p2|6
|gen|9
|tier|[Gen 9] VGC 2025 Reg I
|rated|
|rule|Species Clause: Limit one of each Pokémon
|rule|Item Clause: Limit 1 of each item
|clearpoke
|poke|p1|Groudon, L50|
|poke|p1|Miraidon, L50|
|poke|p1|Entei, L50|
|poke|p1|Whimsicott, L50, M|
|poke|p1|Urshifu-*, L50, F|
|poke|p1|Volcarona, L50, M|
|poke|p2|Calyrex-Shadow, L50|
|poke|p2|Incineroar, L50, M|
|poke|p2|Chi-Yu, L50|
|poke|p2|Koraidon, L50|
|poke|p2|Venusaur, L50, F|
|poke|p2|Raging Bolt, L50|
|teampreview|4
|inactive|Battle timer is ON: inactive players will automatically lose when time's up. (requested by What The Groudon)
|
|t:|1750741910
|start
|switch|p1a: Miraidon|Miraidon, L50|100/100
|switch|p1b: Whimsicott|Whimsicott, L50, M|100/100
|switch|p2a: Chi-Yu|Chi-Yu, L50|100/100
|switch|p2b: Koraidon|Koraidon, L50|100/100
|-ability|p2a: Chi-Yu|Beads of Ruin
|-weather|SunnyDay|[from] ability: Orichalcum Pulse|[of] p2b: Koraidon
|-activate|p2b: Koraidon|Orichalcum Pulse|[source]
|-fieldstart|move: Electric Terrain|[from] ability: Hadron Engine|[of] p1a: Miraidon
|turn|1
|
|t:|1750741928
|-terastallize|p2b: Koraidon|Fire
|-terastallize|p1a: Miraidon|Fairy
|move|p1b: Whimsicott|Tailwind|p1b: Whimsicott
|-sidestart|p1: What The Groudon|move: Tailwind
|move|p1a: Miraidon|Dazzling Gleam|p2b: Koraidon|[spread] p2a,p2b
|-resisted|p2b: Koraidon
|-damage|p2a: Chi-Yu|33/100
|-damage|p2b: Koraidon|53/100
|move|p2a: Chi-Yu|Heat Wave|p1a: Miraidon|[spread] p1a,p1b
|-supereffective|p1b: Whimsicott
|-damage|p1a: Miraidon|38/100
|-damage|p1b: Whimsicott|0 fnt
|faint|p1b: Whimsicott
|move|p2b: Koraidon|Flame Charge|p1a: Miraidon
|-damage|p1a: Miraidon|0 fnt
|-boost|p2b: Koraidon|spe|1
|faint|p1a: Miraidon
|
|-weather|SunnyDay|[upkeep]
|upkeep
|
|t:|1750741934
|switch|p1b: Entei|Entei, L50|100/100
|switch|p1a: Groudon|Groudon, L50|100/100
|turn|2
|
|t:|1750741956
|move|p1a: Groudon|Helping Hand|p1b: Entei
|-singleturn|p1b: Entei|Helping Hand|[of] p1a: Groudon
|move|p2b: Koraidon|Protect|p2b: Koraidon
|-singleturn|p2b: Koraidon|Protect
|move|p1b: Entei|Eruption|p2b: Koraidon|[spread] p2a
|-activate|p2b: Koraidon|move: Protect
|-resisted|p2a: Chi-Yu
|-damage|p2a: Chi-Yu|0 fnt
|faint|p2a: Chi-Yu
|
|-weather|SunnyDay|[upkeep]
|upkeep
|
|t:|1750741964
|switch|p2a: Raging Bolt|Raging Bolt, L50|100/100
|-activate|p2a: Raging Bolt|ability: Protosynthesis
|-start|p2a: Raging Bolt|protosynthesisspa
|turn|3
|
|t:|1750741976
|move|p1b: Entei|Eruption|p2b: Koraidon|[spread] p2a,p2b
|-resisted|p2a: Raging Bolt
|-resisted|p2b: Koraidon
|-damage|p2a: Raging Bolt|79/100
|-damage|p2b: Koraidon|17/100
|move|p2b: Koraidon|Close Combat|p1b: Entei
|-damage|p1b: Entei|14/100
|-unboost|p2b: Koraidon|def|1
|-unboost|p2b: Koraidon|spd|1
|move|p1a: Groudon|Precipice Blades|p2b: Koraidon|[spread] p2a,p2b
|-supereffective|p2a: Raging Bolt
|-supereffective|p2b: Koraidon
|-damage|p2a: Raging Bolt|1/100
|-damage|p2b: Koraidon|0 fnt
|faint|p2b: Koraidon
|move|p2a: Raging Bolt|Draco Meteor|p1a: Groudon
|-damage|p1a: Groudon|24/100
|-unboost|p2a: Raging Bolt|spa|2
|
|-weather|SunnyDay|[upkeep]
|upkeep
|
|t:|1750741985
|switch|p2b: Venusaur|Venusaur, L50, F|100/100
|turn|4
|
|t:|1750742009
|move|p2a: Raging Bolt|Thunderclap|p1b: Entei
|-crit|p1b: Entei
|-damage|p1b: Entei|0 fnt
|faint|p1b: Entei
|move|p1a: Groudon|Heat Crash|p2b: Venusaur
|-supereffective|p2b: Venusaur
|-damage|p2b: Venusaur|0 fnt
|faint|p2b: Venusaur
|
|-weather|SunnyDay|[upkeep]
|-sideend|p1: What The Groudon|move: Tailwind
|upkeep
|turn|5
|
|t:|1750742015
|move|p1a: Groudon|Heat Crash|p2a: Raging Bolt
|-resisted|p2a: Raging Bolt
|-damage|p2a: Raging Bolt|0 fnt
|faint|p2a: Raging Bolt
|-end|p2a: Raging Bolt|Protosynthesis|[silent]
|
|win|What The Groudon
|raw|What The Groudon's rating: 1329 &rarr; <strong>1345</strong><br />(+16 for winning)
|raw|SpyTH's rating: 1250 &rarr; <strong>1231</strong><br />(-19 for losing)
|l|☆SpyTH
|player|p2|
|l|☆What The Groudon
|player|p1|
