|j|☆sbld
|j|☆knucklee
|t:|1750842915
|gametype|doubles
|player|p1|sbld|169|1582
|player|p2|knucklee|266|1484
|teamsize|p1|6
|teamsize|p2|6
|gen|9
|tier|[Gen 9] VGC 2025 Reg I
|rated|
|rule|Species Clause: Limit one of each Pokémon
|rule|Item Clause: Limit 1 of each item
|clearpoke
|poke|p1|Calyrex-Ice, L50|
|poke|p1|Miraidon, L50|
|poke|p1|Grimmsnarl, L50, M|
|poke|p1|Urshifu-*, L50, M|
|poke|p1|Incineroar, L50, F|
|poke|p1|Landorus, L50, M|
|poke|p2|Koraidon, L50|
|poke|p2|Flutter Mane, L50|
|poke|p2|Gothitelle, L50, M|
|poke|p2|Incineroar, L50, M|
|poke|p2|Amoonguss, L50, M|
|poke|p2|Calyrex-Shadow, L50|
|teampreview|4
|inactive|Battle timer is ON: inactive players will automatically lose when time's up. (requested by sbld)
|
|t:|1750842947
|start
|switch|p1a: Incineroar|Incineroar, L50, F|100/100
|switch|p1b: Calyrex|Calyrex-Ice, L50|100/100
|switch|p2a: Flutter Mane|Flutter Mane, L50|100/100
|switch|p2b: Koraidon|Koraidon, L50|100/100
|-ability|p1b: Calyrex|As One
|-ability|p1b: Calyrex|Unnerve
|-weather|SunnyDay|[from] ability: Orichalcum Pulse|[of] p2b: Koraidon
|-activate|p2a: Flutter Mane|ability: Protosynthesis
|-start|p2a: Flutter Mane|protosynthesisspe
|-activate|p2b: Koraidon|Orichalcum Pulse|[source]
|-ability|p1a: Incineroar|Intimidate|boost
|-unboost|p2a: Flutter Mane|atk|1
|-unboost|p2b: Koraidon|atk|1
|turn|1
|inactive|sbld has 30 seconds left.
|inactive|knucklee has 30 seconds left.
|inactive|sbld has 20 seconds left.
|
|t:|1750842983
|switch|p2b: Gothitelle|Gothitelle, L50, M|100/100
|-terastallize|p1b: Calyrex|Water
|move|p1a: Incineroar|Fake Out|p2b: Gothitelle
|-crit|p2b: Gothitelle
|-damage|p2b: Gothitelle|86/100
|move|p2a: Flutter Mane|Perish Song|p2a: Flutter Mane
|-start|p1a: Incineroar|perish3|[silent]
|-start|p1b: Calyrex|perish3|[silent]
|-start|p2a: Flutter Mane|perish3|[silent]
|-start|p2b: Gothitelle|perish3|[silent]
|-fieldactivate|move: Perish Song
|move|p1b: Calyrex|Glacial Lance|p2b: Gothitelle|[spread] p2a,p2b
|-enditem|p2a: Flutter Mane|Focus Sash
|-damage|p2a: Flutter Mane|1/100
|-damage|p2b: Gothitelle|40/100
|
|-weather|SunnyDay|[upkeep]
|-heal|p2b: Gothitelle|46/100|[from] item: Leftovers
|-start|p2a: Flutter Mane|perish3
|-start|p1a: Incineroar|perish3
|-start|p1b: Calyrex|perish3
|-start|p2b: Gothitelle|perish3
|upkeep
|turn|2
|inactive|sbld has 30 seconds left.
|inactive|knucklee has 30 seconds left.
|
|t:|1750843014
|-end|p2a: Flutter Mane|Protosynthesis|[silent]
|switch|p2a: Incineroar|Incineroar, L50, M|100/100
|-ability|p2a: Incineroar|Intimidate|boost
|-unboost|p1a: Incineroar|atk|1
|-unboost|p1b: Calyrex|atk|1
|-terastallize|p2b: Gothitelle|Water
|move|p2b: Gothitelle|Fake Out|p1a: Incineroar
|-damage|p1a: Incineroar|95/100
|cant|p1a: Incineroar|flinch
|move|p1b: Calyrex|Glacial Lance|p2a: Incineroar|[spread] p2a,p2b
|-resisted|p2a: Incineroar
|-resisted|p2b: Gothitelle
|-damage|p2a: Incineroar|87/100
|-damage|p2b: Gothitelle|32/100
|
|-weather|SunnyDay|[upkeep]
|-heal|p2b: Gothitelle|38/100|[from] item: Leftovers
|-start|p1a: Incineroar|perish2
|-start|p1b: Calyrex|perish2
|-start|p2b: Gothitelle|perish2
|upkeep
|turn|3
|inactive|sbld has 30 seconds left.
|inactive|knucklee has 30 seconds left.
|inactive|sbld has 20 seconds left.
|
|t:|1750843051
|move|p2b: Gothitelle|Protect|p2b: Gothitelle
|-singleturn|p2b: Gothitelle|Protect
|move|p2a: Incineroar|Fake Out|p1a: Incineroar
|-damage|p1a: Incineroar|85/100
|cant|p1a: Incineroar|flinch
|move|p1b: Calyrex|Leech Seed|p2b: Gothitelle
|-activate|p2b: Gothitelle|move: Protect
|
|-weather|SunnyDay|[upkeep]
|-heal|p2b: Gothitelle|45/100|[from] item: Leftovers
|-start|p1a: Incineroar|perish1
|-start|p1b: Calyrex|perish1
|-start|p2b: Gothitelle|perish1
|upkeep
|turn|4
|inactive|knucklee has 30 seconds left.
|
|t:|1750843085
|move|p1a: Incineroar|U-turn|p2b: Gothitelle
|-damage|p2b: Gothitelle|34/100
|
|t:|1750843095
|switch|p1a: Landorus|Landorus, L50, M|100/100|[from] U-turn
|move|p2a: Incineroar|Parting Shot|p1b: Calyrex
|-unboost|p1b: Calyrex|atk|1
|-unboost|p1b: Calyrex|spa|1
|
|t:|1750843106
|switch|p2a: Koraidon|Koraidon, L50|100/100|[from] Parting Shot
|-activate|p2a: Koraidon|ability: Orichalcum Pulse
|move|p2b: Gothitelle|Taunt|p1a: Landorus
|-start|p1a: Landorus|move: Taunt
|move|p1b: Calyrex|Trick Room|p1b: Calyrex
|-fieldstart|move: Trick Room|[of] p1b: Calyrex
|
|-weather|SunnyDay|[upkeep]
|-heal|p2b: Gothitelle|41/100|[from] item: Leftovers
|-start|p2b: Gothitelle|perish0
|-start|p1b: Calyrex|perish0
|faint|p2b: Gothitelle
|faint|p1b: Calyrex
|upkeep
|
|t:|1750843127
|switch|p2b: Incineroar|Incineroar, L50, M|87/100
|switch|p1b: Incineroar|Incineroar, L50, F|85/100
|-ability|p2b: Incineroar|Intimidate|boost
|-unboost|p1a: Landorus|atk|1
|-unboost|p1b: Incineroar|atk|1
|-ability|p1b: Incineroar|Intimidate|boost
|-unboost|p2a: Koraidon|atk|1
|-unboost|p2b: Incineroar|atk|1
|turn|5
|inactive|sbld has 30 seconds left.
|inactive|knucklee has 30 seconds left.
|inactive|sbld has 20 seconds left.
|inactive|knucklee has 20 seconds left.
|inactive|sbld has 15 seconds left.
|inactive|knucklee has 15 seconds left.
|inactive|sbld has 10 seconds left.
|
|t:|1750843176
|move|p2b: Incineroar|Fake Out|p1b: Incineroar
|-damage|p1b: Incineroar|79/100
|move|p1a: Landorus|Earth Power|p2b: Incineroar
|-supereffective|p2b: Incineroar
|-damage|p2b: Incineroar|0 fnt
|faint|p2b: Incineroar
|cant|p1b: Incineroar|flinch
|move|p2a: Koraidon|Close Combat|p1b: Incineroar
|-supereffective|p1b: Incineroar
|-damage|p1b: Incineroar|0 fnt
|-unboost|p2a: Koraidon|def|1
|-unboost|p2a: Koraidon|spd|1
|faint|p1b: Incineroar
|-damage|p2a: Koraidon|91/100|[from] item: Life Orb
|
|-weather|none
|upkeep
|
|t:|1750843190
|switch|p2b: Flutter Mane|Flutter Mane, L50|1/100
|switch|p1b: Miraidon|Miraidon, L50|100/100
|-fieldstart|move: Electric Terrain|[from] ability: Hadron Engine|[of] p1b: Miraidon
|turn|6
|
|t:|1750843204
|move|p1a: Landorus|Earth Power|p2a: Koraidon
|-damage|p2a: Koraidon|0 fnt
|faint|p2a: Koraidon
|move|p1b: Miraidon|Dazzling Gleam|p2b: Flutter Mane
|-damage|p2b: Flutter Mane|0 fnt
|faint|p2b: Flutter Mane
|-end|p2b: Flutter Mane|Protosynthesis|[silent]
|
|win|sbld
|raw|sbld's rating: 1582 &rarr; <strong>1597</strong><br />(+15 for winning)
|raw|knucklee's rating: 1484 &rarr; <strong>1469</strong><br />(-15 for losing)
|l|☆sbld
|player|p1|
|l|☆knucklee
|player|p2|
