|j|☆JarlomenVGC
|j|☆santszsz
|t:|1750831880
|gametype|doubles
|player|p1|JarlomenVGC|hiker-gen4|1177
|player|p2|santszsz|101|1250
|teamsize|p1|6
|teamsize|p2|6
|gen|9
|tier|[Gen 9] VGC 2025 Reg I
|rated|
|rule|Species Clause: Limit one of each Pokémon
|rule|Item Clause: Limit 1 of each item
|clearpoke
|poke|p1|Yanmega, L50, F|
|poke|p1|Politoed, L50, F|
|poke|p1|Kommo-o, L50, M|
|poke|p1|Raichu, L50, F|
|poke|p1|Kyogre, L50|
|poke|p1|Zacian-*, L50|
|poke|p2|Koraidon, L50|
|poke|p2|Lunala, L50|
|poke|p2|Ursaluna, L50, F|
|poke|p2|Flutter Mane, L50|
|poke|p2|Incineroar, L50, M|
|poke|p2|Rillaboom, L50, M|
|teampreview|4
|inactive|Battle timer is ON: inactive players will automatically lose when time's up. (requested by JarlomenVGC)
|inactive|JarlomenVGC has 60 seconds left.
|
|t:|1750831917
|start
|switch|p1a: Yanmega|Yanmega, L50, F|100/100
|switch|p1b: Raichu|Raichu, L50, F|100/100
|switch|p2a: Rillaboom|Rillaboom, L50, M|100/100
|switch|p2b: Lunala|Lunala, L50|100/100
|-fieldstart|move: Grassy Terrain|[from] ability: Grassy Surge|[of] p2a: Rillaboom
|turn|1
|
|t:|1750831937
|switch|p2a: Ursaluna|Ursaluna, L50, F|100/100
|move|p1b: Raichu|Fake Out|p2a: Ursaluna
|-damage|p2a: Ursaluna|96/100
|move|p1a: Yanmega|Shadow Ball|p2b: Lunala
|-supereffective|p2b: Lunala
|-damage|p2b: Lunala|65/100
|move|p2b: Lunala|Trick Room|p2b: Lunala
|-fieldstart|move: Trick Room|[of] p2b: Lunala
|
|-heal|p2a: Ursaluna|100/100|[from] Grassy Terrain
|-heal|p2b: Lunala|71/100|[from] Grassy Terrain
|-heal|p2b: Lunala|77/100|[from] item: Leftovers
|-status|p2a: Ursaluna|brn|[from] item: Flame Orb
|upkeep
|turn|2
|inactive|santszsz has 30 seconds left.
|
|t:|1750831964
|-terastallize|p2b: Lunala|Fairy
|move|p1b: Raichu|Protect|p1b: Raichu
|-singleturn|p1b: Raichu|Protect
|move|p2a: Ursaluna|Swords Dance|p2a: Ursaluna
|-boost|p2a: Ursaluna|atk|2
|move|p2b: Lunala|Moongeist Beam|p1a: Yanmega
|-damage|p1a: Yanmega|0 fnt
|faint|p1a: Yanmega
|
|-heal|p2b: Lunala|83/100|[from] Grassy Terrain
|-heal|p2b: Lunala|89/100|[from] item: Leftovers
|-damage|p2a: Ursaluna|95/100 brn|[from] brn
|upkeep
|
|t:|1750831978
|switch|p1a: Kyogre|Kyogre, L50|100/100
|-weather|RainDance|[from] ability: Drizzle|[of] p1a: Kyogre
|turn|3
|inactive|santszsz has 30 seconds left.
|
|t:|1750832004
|move|p2a: Ursaluna|Facade|p1a: Kyogre
|-damage|p1a: Kyogre|0 fnt
|faint|p1a: Kyogre
|move|p2b: Lunala|Moongeist Beam|p1b: Raichu
|-damage|p1b: Raichu|2/100
|move|p1b: Raichu|Nuzzle|p2b: Lunala
|-damage|p2b: Lunala|85/100
|-status|p2b: Lunala|par
|
|-weather|RainDance|[upkeep]
|-heal|p2a: Ursaluna|100/100 brn|[from] Grassy Terrain
|-heal|p2b: Lunala|91/100 par|[from] Grassy Terrain
|-heal|p2b: Lunala|97/100 par|[from] item: Leftovers
|-heal|p1b: Raichu|8/100|[from] Grassy Terrain
|-damage|p2a: Ursaluna|95/100 brn|[from] brn
|upkeep
|
|t:|1750832019
|switch|p1a: Zacian|Zacian-Crowned, L50|100/100
|-ability|p1a: Zacian|Intrepid Sword|boost
|-boost|p1a: Zacian|atk|1
|turn|4
|
|t:|1750832026
|move|p1b: Raichu|Protect|p1b: Raichu
|-singleturn|p1b: Raichu|Protect
|move|p1a: Zacian|Protect|p1a: Zacian
|-singleturn|p1a: Zacian|Protect
|move|p2a: Ursaluna|Headlong Rush|p1a: Zacian
|-activate|p1a: Zacian|move: Protect
|move|p2b: Lunala|Moongeist Beam|p1b: Raichu
|-activate|p1b: Raichu|move: Protect
|
|-weather|RainDance|[upkeep]
|-heal|p2a: Ursaluna|100/100 brn|[from] Grassy Terrain
|-heal|p2b: Lunala|100/100 par|[from] Grassy Terrain
|-heal|p1b: Raichu|14/100|[from] Grassy Terrain
|-damage|p2a: Ursaluna|95/100 brn|[from] brn
|upkeep
|turn|5
|
|t:|1750832044
|move|p1b: Raichu|Protect|p1b: Raichu
|-singleturn|p1b: Raichu|Protect
|move|p1a: Zacian|Protect||[still]
|-fail|p1a: Zacian
|move|p2a: Ursaluna|Headlong Rush|p1a: Zacian
|-supereffective|p1a: Zacian
|-damage|p1a: Zacian|0 fnt
|-unboost|p2a: Ursaluna|def|1
|-unboost|p2a: Ursaluna|spd|1
|faint|p1a: Zacian
|move|p2b: Lunala|Moongeist Beam|p1b: Raichu
|-activate|p1b: Raichu|move: Protect
|
|-weather|RainDance|[upkeep]
|-heal|p2a: Ursaluna|100/100 brn|[from] Grassy Terrain
|-heal|p1b: Raichu|20/100|[from] Grassy Terrain
|-damage|p2a: Ursaluna|95/100 brn|[from] brn
|-fieldend|move: Trick Room
|-fieldend|move: Grassy Terrain
|upkeep
|turn|6
|
|t:|1750832062
|move|p1b: Raichu|Volt Switch|p2b: Lunala
|-damage|p2b: Lunala|90/100 par
|move|p2a: Ursaluna|Facade|p1b: Raichu
|-damage|p1b: Raichu|0 fnt
|faint|p1b: Raichu
|
|win|santszsz
|raw|JarlomenVGC's rating: 1177 &rarr; <strong>1157</strong><br />(-20 for losing)
|raw|santszsz's rating: 1250 &rarr; <strong>1270</strong><br />(+20 for winning)
|l|☆JarlomenVGC
|player|p1|
|l|☆santszsz
|player|p2|
