|j|☆jhimbo2100
|j|☆bubblechina
|t:|1750825904
|gametype|doubles
|player|p1|jhimbo2100|1|1190
|player|p2|bubblechina|2|1157
|teamsize|p1|6
|teamsize|p2|6
|gen|9
|tier|[Gen 9] VGC 2025 Reg I
|rated|
|rule|Species Clause: Limit one of each Pokémon
|rule|Item Clause: Limit 1 of each item
|clearpoke
|poke|p1|Kyogre, L50|
|poke|p1|Basculegion, L50, M|
|poke|p1|Lugia, L50|
|poke|p1|Whimsicott, L50, M|
|poke|p1|Incineroar, L50, F|
|poke|p1|Urshifu-*, L50, M|
|poke|p2|Miraidon, L50|
|poke|p2|Zacian-*, L50|
|poke|p2|Whimsicott, L50, F|
|poke|p2|Farigiraf, L50, M|
|poke|p2|Iron Hands, L50|
|poke|p2|Flutter Mane, L50|
|teampreview|4
bubblechina has agreed to open team sheets.
jhimbo2100 has agreed to open team sheets.
|showteam|p1|Kyogre||AssaultVest|Drizzle|WaterSpout,IceBeam,Thunder,HydroPump||||||50|,,,,,Grass]Basculegion||LifeOrb|SwiftSwim|LastRespects,WaveCrash,AquaJet,Protect|||M|||50|,,,,,Water]Lugia||MentalHerb|Multiscale|DragonPulse,Hurricane,CalmMind,Recover||||||50|,,,,,Dragon]Whimsicott||CovertCloak|Prankster|Tailwind,Taunt,Moonblast,Protect|||M|||50|,,,,,Grass]Incineroar||SafetyGoggles|Intimidate|FakeOut,PartingShot,KnockOff,WillOWisp|||F|||50|,,,,,Fire]Urshifu||ChoiceBand|UnseenFist|WickedBlow,SuckerPunch,Uturn,PoisonJab|||M|||50|,,,,,Poison
|showteam|p2|Miraidon||ChoiceSpecs|HadronEngine|DracoMeteor,ElectroDrift,VoltSwitch,DazzlingGleam||||||50|,,,,,Fairy]Zacian-Crowned||RustedSword|IntrepidSword|behemothblade,PlayRough,TeraBlast,Protect||||||50|,,,,,Ground]Whimsicott||CovertCloak|Prankster|Tailwind,Moonblast,Encore,LightScreen|||F|||50|,,,,,Dark]Farigiraf||ElectricSeed|ArmorTail|TrickRoom,FoulPlay,Protect,HelpingHand|||M|||50|,,,,,Dragon]Iron Hands||AssaultVest|QuarkDrive|FakeOut,LowKick,BrickBreak,WildCharge||||||50|,,,,,Bug]Flutter Mane||BoosterEnergy|Protosynthesis|Moonblast,ShadowBall,IcyWind,Protect||||||50|,,,,,Normal
|
|t:|1750825933
|start
|switch|p1a: Whimsicott|Whimsicott, L50, M|100/100
|switch|p1b: Basculegion|Basculegion, L50, M|100/100
|switch|p2a: Whimsicott|Whimsicott, L50, F|100/100
|switch|p2b: Iron Hands|Iron Hands, L50|100/100
|turn|1
|
|t:|1750825976
|move|p1b: Basculegion|Protect|p1b: Basculegion
|-singleturn|p1b: Basculegion|Protect
|move|p1a: Whimsicott|Tailwind|p1a: Whimsicott
|-sidestart|p1: jhimbo2100|move: Tailwind
|move|p2a: Whimsicott|Tailwind|p2a: Whimsicott
|-sidestart|p2: bubblechina|move: Tailwind
|move|p2b: Iron Hands|Wild Charge|p1b: Basculegion
|-activate|p1b: Basculegion|move: Protect
|
|upkeep
|turn|2
|
|t:|1750825988
|switch|p1a: Kyogre|Kyogre, L50|100/100
|-weather|RainDance|[from] ability: Drizzle|[of] p1a: Kyogre
|-terastallize|p1b: Basculegion|Water
|move|p2a: Whimsicott|Encore||[still]
|-fail|p2a: Whimsicott
|move|p1b: Basculegion|Wave Crash|p2b: Iron Hands
|-damage|p2b: Iron Hands|0 fnt
|faint|p2b: Iron Hands
|-end|p2b: Iron Hands|Quark Drive|[silent]
|-damage|p1b: Basculegion|60/100|[from] Recoil
|-damage|p1b: Basculegion|51/100|[from] item: Life Orb
|
|-weather|RainDance|[upkeep]
|upkeep
|
|t:|1750826003
|switch|p2b: Miraidon|Miraidon, L50|100/100
|-fieldstart|move: Electric Terrain|[from] ability: Hadron Engine|[of] p2b: Miraidon
|turn|3
|
|t:|1750826020
|move|p2a: Whimsicott|Light Screen|p2a: Whimsicott
|-sidestart|p2: bubblechina|move: Light Screen
|move|p1b: Basculegion|Wave Crash|p2b: Miraidon
|-resisted|p2b: Miraidon
|-damage|p2b: Miraidon|22/100
|-damage|p1b: Basculegion|27/100|[from] Recoil
|-damage|p1b: Basculegion|17/100|[from] item: Life Orb
|move|p2b: Miraidon|Electro Drift|p1a: Kyogre
|-supereffective|p1a: Kyogre
|-damage|p1a: Kyogre|0 fnt
|faint|p1a: Kyogre
|
|-weather|RainDance|[upkeep]
|upkeep
|
|t:|1750826034
|switch|p1a: Incineroar|Incineroar, L50, F|100/100
|-ability|p1a: Incineroar|Intimidate|boost
|-unboost|p2a: Whimsicott|atk|1
|-unboost|p2b: Miraidon|atk|1
|turn|4
|
|t:|1750826044
|switch|p2b: Zacian|Zacian-Crowned, L50|100/100
|-ability|p2b: Zacian|Intrepid Sword|boost
|-boost|p2b: Zacian|atk|1
|move|p1a: Incineroar|Fake Out|p2a: Whimsicott
|-damage|p2a: Whimsicott|89/100
|move|p1b: Basculegion|Last Respects|p2b: Zacian
|-damage|p2b: Zacian|32/100
|-damage|p1b: Basculegion|8/100|[from] item: Life Orb
|move|p2a: Whimsicott|Moonblast|p1b: Basculegion
|-damage|p1b: Basculegion|0 fnt
|faint|p1b: Basculegion
|
|-weather|RainDance|[upkeep]
|-sideend|p1: jhimbo2100|move: Tailwind
|-sideend|p2: bubblechina|move: Tailwind
|upkeep
|
|t:|1750826047
|switch|p1b: Whimsicott|Whimsicott, L50, M|100/100
|turn|5
|
|t:|1750826073
|-terastallize|p2b: Zacian|Ground
|move|p1b: Whimsicott|Tailwind|p1b: Whimsicott
|-sidestart|p1: jhimbo2100|move: Tailwind
|move|p2a: Whimsicott|Tailwind|p2a: Whimsicott
|-sidestart|p2: bubblechina|move: Tailwind
|move|p2b: Zacian|Tera Blast|p1a: Incineroar|[anim] Tera Blast Ground
|-supereffective|p1a: Incineroar
|-damage|p1a: Incineroar|0 fnt
|faint|p1a: Incineroar
|
|-weather|RainDance|[upkeep]
|upkeep
|turn|6
|
|t:|1750826085
|move|p1b: Whimsicott|Taunt|p2a: Whimsicott
|-start|p2a: Whimsicott|move: Taunt
|move|p2b: Zacian|Behemoth Blade|p1b: Whimsicott
|-supereffective|p1b: Whimsicott
|-damage|p1b: Whimsicott|0 fnt
|faint|p1b: Whimsicott
|
|win|bubblechina
|raw|jhimbo2100's rating: 1190 &rarr; <strong>1163</strong><br />(-27 for losing)
|raw|bubblechina's rating: 1157 &rarr; <strong>1184</strong><br />(+27 for winning)
|l|☆jhimbo2100
|player|p1|
|l|☆bubblechina
|player|p2|
