|j|☆lxlxlxlxlx
|j|☆sunnypp
|t:|1750847616
|gametype|doubles
|player|p1|lxlxlxlxlx|170|1427
|player|p2|sunnypp|arven-s|1548
|teamsize|p1|6
|teamsize|p2|6
|gen|9
|tier|[Gen 9] VGC 2025 Reg I
|rated|
|rule|Species Clause: Limit one of each Pokémon
|rule|Item Clause: Limit 1 of each item
|clearpoke
|poke|p1|Miraidon, L50|
|poke|p1|Ogerpon-Wellspring, L50, F|
|poke|p1|Ho-Oh, L50|
|poke|p1|Grimmsnarl, L50, M|
|poke|p1|Iron Treads, L50|
|poke|p1|Tornadus, L50, M|
|poke|p2|Koraidon, L50|
|poke|p2|Groudon, L50|
|poke|p2|Hariyama, L50, M|
|poke|p2|Chien-Pao, L50|
|poke|p2|Flutter Mane, L50|
|poke|p2|Ogerpon-Cornerstone, L50, F|
|teampreview|4
|inactive|Battle timer is ON: inactive players will automatically lose when time's up. (requested by sunnypp)
|inactive|lxlxlxlxlx has 60 seconds left.
|inactive|sunnypp has 60 seconds left.
|
|t:|1750847674
|start
|switch|p1a: Ogerpon|Ogerpon-Wellspring, L50, F|100/100
|switch|p1b: Miraidon|Miraidon, L50|100/100
|switch|p2a: Groudon|Groudon, L50|100/100
|switch|p2b: Flutter Mane|Flutter Mane, L50|100/100
|-fieldstart|move: Electric Terrain|[from] ability: Hadron Engine|[of] p1b: Miraidon
|-weather|SunnyDay|[from] ability: Drought|[of] p2a: Groudon
|-activate|p2b: Flutter Mane|ability: Protosynthesis
|-start|p2b: Flutter Mane|protosynthesisspe
|turn|1
|inactive|lxlxlxlxlx has 30 seconds left.
|inactive|sunnypp has 30 seconds left.
|
|t:|1750847702
|switch|p1b: Ho-Oh|Ho-Oh, L50, shiny|100/100
|-terastallize|p2b: Flutter Mane|Fairy
|move|p2b: Flutter Mane|Dazzling Gleam|p1b: Ho-Oh|[spread] p1a,p1b
|-resisted|p1b: Ho-Oh
|-damage|p1a: Ogerpon|47/100
|-damage|p1b: Ho-Oh|85/100
|move|p1a: Ogerpon|Wood Hammer|p2b: Flutter Mane
|-damage|p2b: Flutter Mane|3/100
|-damage|p1a: Ogerpon|19/100|[from] Recoil
|move|p2a: Groudon|Precipice Blades|p1b: Ho-Oh|[spread] p1a
|-immune|p1b: Ho-Oh
|-resisted|p1a: Ogerpon
|-damage|p1a: Ogerpon|0 fnt
|faint|p1a: Ogerpon
|
|-weather|SunnyDay|[upkeep]
|upkeep
|inactive|lxlxlxlxlx has 30 seconds left.
|
|t:|1750847728
|switch|p1a: Grimmsnarl|Grimmsnarl, L50, M|100/100
|turn|2
|inactive|sunnypp has 30 seconds left.
|
|t:|1750847759
|move|p1a: Grimmsnarl|Light Screen|p1a: Grimmsnarl
|-sidestart|p1: lxlxlxlxlx|move: Light Screen
|move|p2b: Flutter Mane|Dazzling Gleam|p1b: Ho-Oh|[spread] p1a,p1b
|-supereffective|p1a: Grimmsnarl
|-crit|p1a: Grimmsnarl
|-resisted|p1b: Ho-Oh
|-damage|p1a: Grimmsnarl|0 fnt
|-damage|p1b: Ho-Oh|74/100
|faint|p1a: Grimmsnarl
|move|p2a: Groudon|High Horsepower|p1b: Ho-Oh
|-immune|p1b: Ho-Oh
|move|p1b: Ho-Oh|Sacred Fire|p2a: Groudon
|-damage|p2a: Groudon|51/100
|
|-weather|SunnyDay|[upkeep]
|upkeep
|
|t:|1750847773
|switch|p1a: Miraidon|Miraidon, L50|100/100
|-activate|p1a: Miraidon|ability: Hadron Engine
|turn|3
|
|t:|1750847784
|move|p1a: Miraidon|Protect|p1a: Miraidon
|-singleturn|p1a: Miraidon|Protect
|move|p2b: Flutter Mane|Dazzling Gleam|p1b: Ho-Oh|[spread] p1b
|-activate|p1a: Miraidon|move: Protect
|-resisted|p1b: Ho-Oh
|-damage|p1b: Ho-Oh|63/100
|move|p2a: Groudon|High Horsepower|p1a: Miraidon
|-activate|p1a: Miraidon|move: Protect
|move|p1b: Ho-Oh|Sacred Fire|p2b: Flutter Mane
|-damage|p2b: Flutter Mane|0 fnt
|faint|p2b: Flutter Mane
|-end|p2b: Flutter Mane|Protosynthesis|[silent]
|
|-weather|SunnyDay|[upkeep]
|upkeep
|
|t:|1750847800
|switch|p2b: Ogerpon|Ogerpon-Cornerstone, L50, F|100/100
|turn|4
|inactive|lxlxlxlxlx has 30 seconds left.
|inactive|lxlxlxlxlx has 20 seconds left.
|inactive|lxlxlxlxlx has 15 seconds left.
|
|t:|1750847840
|-terastallize|p1b: Ho-Oh|Ground
|move|p1a: Miraidon|Draco Meteor|p2a: Groudon
|-damage|p2a: Groudon|0 fnt
|-unboost|p1a: Miraidon|spa|2
|faint|p2a: Groudon
|move|p2b: Ogerpon|Ivy Cudgel|p1b: Ho-Oh|[anim] Ivy Cudgel Rock
|-resisted|p1b: Ho-Oh
|-damage|p1b: Ho-Oh|36/100
|move|p1b: Ho-Oh|Sacred Fire|p2b: Ogerpon
|-ability|p2b: Ogerpon|Sturdy
|-damage|p2b: Ogerpon|1/100
|-status|p2b: Ogerpon|brn
|
|-weather|SunnyDay|[upkeep]
|-damage|p2b: Ogerpon|0 fnt|[from] brn
|faint|p2b: Ogerpon
|upkeep
|
|t:|1750847859
|switch|p2b: Hariyama|Hariyama, L50, M|100/100
|turn|5
|
|t:|1750847881
|move|p1a: Miraidon|Electro Drift|p2b: Hariyama
|-crit|p2b: Hariyama
|-damage|p2b: Hariyama|0 fnt
|faint|p2b: Hariyama
|
|win|lxlxlxlxlx
|raw|lxlxlxlxlx's rating: 1427 &rarr; <strong>1454</strong><br />(+27 for winning)
|raw|sunnypp's rating: 1548 &rarr; <strong>1521</strong><br />(-27 for losing)
|l|☆sunnypp
|player|p2|
|l|☆lxlxlxlxlx
|player|p1|
