|j|☆AnthonyM1234
|j|☆JordiUnderscore
|t:|1750745881
|gametype|doubles
|player|p1|AnthonyM1234|102|1265
|player|p2|JordiUnderscore|dawn|1252
|teamsize|p1|6
|teamsize|p2|6
|gen|9
|tier|[Gen 9] VGC 2025 Reg I
|rated|
|rule|Species Clause: Limit one of each Pokémon
|rule|Item Clause: Limit 1 of each item
|clearpoke
|poke|p1|Calyrex-Shadow, L50|
|poke|p1|Terapagos, L50, M|
|poke|p1|Rillaboom, L50, M|
|poke|p1|Incineroar, L50, M|
|poke|p1|Ogerpon-Cornerstone, L50, F|
|poke|p1|Urshifu-*, L50, M|
|poke|p2|Urshifu-*, L50, F|
|poke|p2|Tornadus, L50, M|
|poke|p2|Kyogre, L50|
|poke|p2|Miraidon, L50|
|poke|p2|Hitmontop, L50, M|
|poke|p2|Clefairy, L50, M|
|teampreview|4
|inactive|Battle timer is ON: inactive players will automatically lose when time's up. (requested by JordiUnderscore)
|
|t:|1750745910
|start
|switch|p1a: Terapagos|Terapagos, L50, M|100/100
|switch|p1b: Rillaboom|Rillaboom, L50, M|100/100
|switch|p2a: Hitmontop|Hitmontop, L50, M|100/100
|switch|p2b: Urshifu|Urshifu-Rapid-Strike, L50, F|100/100
|-activate|p1a: Terapagos|ability: Tera Shift
|detailschange|p1a: Terapagos|Terapagos-Terastal, L50, M
|-heal|p1a: Terapagos|100/100|[silent]
|-fieldstart|move: Grassy Terrain|[from] ability: Grassy Surge|[of] p1b: Rillaboom
|-ability|p2a: Hitmontop|Intimidate|boost
|-unboost|p1a: Terapagos|atk|1
|-unboost|p1b: Rillaboom|atk|1
|turn|1
|inactive|AnthonyM1234 has 30 seconds left.
|inactive|AnthonyM1234 has 20 seconds left.
|inactive|AnthonyM1234 has 15 seconds left.
|inactive|AnthonyM1234 has 10 seconds left.
|
|t:|1750745955
|switch|p1a: Calyrex|Calyrex-Shadow, L50|100/100
|-ability|p1a: Calyrex|As One
|-ability|p1a: Calyrex|Unnerve
|move|p2a: Hitmontop|Fake Out|p1b: Rillaboom
|-damage|p1b: Rillaboom|87/100
|move|p2b: Urshifu|Surging Strikes|p1a: Calyrex
|-crit|p1a: Calyrex
|-damage|p1a: Calyrex|76/100
|-crit|p1a: Calyrex
|-damage|p1a: Calyrex|48/100
|-crit|p1a: Calyrex
|-damage|p1a: Calyrex|21/100
|-hitcount|p1a: Calyrex|3
|cant|p1b: Rillaboom|flinch
|
|-heal|p1a: Calyrex|27/100|[from] Grassy Terrain
|-heal|p1b: Rillaboom|93/100|[from] Grassy Terrain
|upkeep
|turn|2
|inactive|AnthonyM1234 has 30 seconds left.
|inactive|JordiUnderscore has 30 seconds left.
|
|t:|1750745982
|switch|p2a: Kyogre|Kyogre, L50, shiny|100/100
|-weather|RainDance|[from] ability: Drizzle|[of] p2a: Kyogre
|move|p2b: Urshifu|Aqua Jet|p1a: Calyrex
|-damage|p1a: Calyrex|0 fnt
|faint|p1a: Calyrex
|move|p1b: Rillaboom|Grassy Glide|p2b: Urshifu
|-supereffective|p2b: Urshifu
|-damage|p2b: Urshifu|53/100
|
|-weather|RainDance|[upkeep]
|-heal|p2b: Urshifu|59/100|[from] Grassy Terrain
|-heal|p1b: Rillaboom|99/100|[from] Grassy Terrain
|upkeep
|
|t:|1750745997
|switch|p1a: Urshifu|Urshifu-Rapid-Strike, L50, M|100/100
|turn|3
|
|t:|1750746013
|switch|p2b: Hitmontop|Hitmontop, L50, M|100/100
|-ability|p2b: Hitmontop|Intimidate|boost
|-unboost|p1a: Urshifu|atk|1
|-unboost|p1b: Rillaboom|atk|1
|-terastallize|p2a: Kyogre|Grass
|move|p1a: Urshifu|Close Combat|p2a: Kyogre
|-crit|p2a: Kyogre
|-damage|p2a: Kyogre|11/100
|-unboost|p1a: Urshifu|def|1
|-unboost|p1a: Urshifu|spd|1
|move|p1b: Rillaboom|Drum Beating|p2a: Kyogre
|-resisted|p2a: Kyogre
|-damage|p2a: Kyogre|0 fnt
|faint|p2a: Kyogre
|
|-weather|RainDance|[upkeep]
|-heal|p1b: Rillaboom|100/100|[from] Grassy Terrain
|upkeep
|
|t:|1750746029
|switch|p2a: Miraidon|Miraidon, L50|100/100
|-fieldstart|move: Electric Terrain|[from] ability: Hadron Engine|[of] p2a: Miraidon
|turn|4
|
|t:|1750746052
|switch|p1b: Terapagos|Terapagos-Terastal, L50, M|100/100
|move|p2b: Hitmontop|Feint|p1a: Urshifu
|-damage|p1a: Urshifu|86/100
|move|p1a: Urshifu|Close Combat|p2a: Miraidon
|-damage|p2a: Miraidon|64/100
|-unboost|p1a: Urshifu|def|1
|-unboost|p1a: Urshifu|spd|1
|move|p2a: Miraidon|Volt Switch|p1a: Urshifu
|-supereffective|p1a: Urshifu
|-damage|p1a: Urshifu|0 fnt
|faint|p1a: Urshifu
|
|t:|1750746064
|switch|p2a: Urshifu|Urshifu-Rapid-Strike, L50, F|59/100|[from] Volt Switch
|
|-weather|RainDance|[upkeep]
|upkeep
|
|t:|1750746068
|switch|p1a: Rillaboom|Rillaboom, L50, M|100/100
|-fieldstart|move: Grassy Terrain|[from] ability: Grassy Surge|[of] p1a: Rillaboom
|turn|5
|
|t:|1750746079
|-terastallize|p1b: Terapagos|Stellar
|detailschange|p1b: Terapagos|Terapagos-Stellar, L50, M, tera:Stellar
|-heal|p1b: Terapagos|100/100|[silent]
|-ability|p1b: Terapagos|Teraform Zero
|-weather|none
|-fieldend|move: Grassy Terrain
|move|p2a: Urshifu|Detect|p2a: Urshifu
|-singleturn|p2a: Urshifu|Protect
|move|p1a: Rillaboom|Fake Out|p2a: Urshifu
|-activate|p2a: Urshifu|move: Protect
|move|p2b: Hitmontop|Feint|p1b: Terapagos
|-damage|p1b: Terapagos|95/100
|move|p1b: Terapagos|Tera Starstorm|p2a: Urshifu|[spread] p2b
|-activate|p2a: Urshifu|move: Protect
|-damage|p2b: Hitmontop|57/100
|-enditem|p2b: Hitmontop|Eject Button
|
|t:|1750746095
|switch|p2b: Miraidon|Miraidon, L50|64/100
|-fieldstart|move: Electric Terrain|[from] ability: Hadron Engine|[of] p2b: Miraidon
|
|-heal|p1b: Terapagos|100/100|[from] item: Leftovers
|upkeep
|turn|6
|-message|AnthonyM1234 forfeited.
|
|win|JordiUnderscore
|raw|AnthonyM1234's rating: 1265 &rarr; <strong>1239</strong><br />(-26 for losing)
|raw|JordiUnderscore's rating: 1252 &rarr; <strong>1278</strong><br />(+26 for winning)
|l|☆AnthonyM1234
|player|p1|
