|j|☆Jacorean
|j|☆dr. lach
|t:|1750717426
|gametype|doubles
|player|p1|Jacorean|1|1161
|player|p2|dr. lach|clay|1107
|teamsize|p1|6
|teamsize|p2|6
|gen|9
|tier|[Gen 9] VGC 2025 Reg I
|rated|
|rule|Species Clause: Limit one of each Pokémon
|rule|Item Clause: Limit 1 of each item
|clearpoke
|poke|p1|Altaria, L50, F|
|poke|p1|Mewtwo, L50|
|poke|p1|Indeedee-F, L50, F|
|poke|p1|Zacian-*, L50|
|poke|p1|Amoonguss, L50, F|
|poke|p1|Incineroar, L50, F|
|poke|p2|Kyogre, L50|
|poke|p2|Zamazenta-*, L50|
|poke|p2|Ursaluna-Bloodmoon, L50, M|
|poke|p2|Gholdengo, L50|
|poke|p2|Tauros-Paldea-Blaze, L50, M|
|poke|p2|Cresselia, L50, F|
|teampreview|4
|inactive|Battle timer is ON: inactive players will automatically lose when time's up. (requested by dr. lach)
|inactive|dr. lach has 60 seconds left.
|
|t:|1750717472
|start
|switch|p1a: Indeedee|Indeedee-F, L50, F|100/100
|switch|p1b: Mewtwo|Mewtwo, L50|100/100
|switch|p2a: Liquidity Trap|Kyogre, L50|100/100
|switch|p2b: Animal Spirit|Zamazenta, L50|100/100
|-ability|p1b: Mewtwo|Unnerve
|-ability|p2b: Animal Spirit|Dauntless Shield|boost
|-boost|p2b: Animal Spirit|def|1
|-fieldstart|move: Psychic Terrain|[from] ability: Psychic Surge|[of] p1a: Indeedee
|-weather|RainDance|[from] ability: Drizzle|[of] p2a: Liquidity Trap
|turn|1
|inactive|Jacorean has 30 seconds left.
|inactive|dr. lach has 30 seconds left.
|
|t:|1750717503
|move|p1b: Mewtwo|Protect|p1b: Mewtwo
|-singleturn|p1b: Mewtwo|Protect
|move|p1a: Indeedee|Protect|p1a: Indeedee
|-singleturn|p1a: Indeedee|Protect
|move|p2b: Animal Spirit|Snarl|p1b: Mewtwo|[spread] 
|-activate|p1a: Indeedee|move: Protect
|-activate|p1b: Mewtwo|move: Protect
|move|p2a: Liquidity Trap|Origin Pulse|p1a: Indeedee|[spread] 
|-activate|p1a: Indeedee|move: Protect
|-activate|p1b: Mewtwo|move: Protect
|
|-weather|RainDance|[upkeep]
|upkeep
|turn|2
|inactive|dr. lach has 30 seconds left.
|
|t:|1750717538
|-terastallize|p1b: Mewtwo|Psychic
|move|p1a: Indeedee|Helping Hand|p1b: Mewtwo
|-singleturn|p1b: Mewtwo|Helping Hand|[of] p1a: Indeedee
|move|p1b: Mewtwo|Expanding Force|p2a: Liquidity Trap|[spread] p2a,p2b
|-supereffective|p2b: Animal Spirit
|-damage|p2a: Liquidity Trap|0 fnt
|-damage|p2b: Animal Spirit|0 fnt
|faint|p2a: Liquidity Trap
|faint|p2b: Animal Spirit
|-damage|p1b: Mewtwo|91/100|[from] item: Life Orb
|
|-weather|RainDance|[upkeep]
|upkeep
|
|t:|1750717550
|switch|p2b: Gold Standard|Gholdengo, L50|100/100
|switch|p2a: Bull Flag|Tauros-Paldea-Blaze, L50, M|100/100
|-ability|p2a: Bull Flag|Intimidate|boost
|-unboost|p1a: Indeedee|atk|1
|-unboost|p1b: Mewtwo|atk|1
|turn|3
|inactive|dr. lach has 30 seconds left.
|
|t:|1750717577
|-terastallize|p2b: Gold Standard|Steel
|move|p1a: Indeedee|Helping Hand|p1b: Mewtwo
|-singleturn|p1b: Mewtwo|Helping Hand|[of] p1a: Indeedee
|move|p1b: Mewtwo|Shadow Ball|p2b: Gold Standard
|-damage|p2b: Gold Standard|28/100
|-damage|p1b: Mewtwo|81/100|[from] item: Life Orb
|move|p2a: Bull Flag|Iron Head|p1b: Mewtwo
|-damage|p1b: Mewtwo|55/100
|move|p2b: Gold Standard|Make It Rain|p1a: Indeedee|[spread] p1a,p1b
|-damage|p1a: Indeedee|4/100
|-damage|p1b: Mewtwo|0 fnt
|-unboost|p2b: Gold Standard|spa|1
|faint|p1b: Mewtwo
|
|-weather|RainDance|[upkeep]
|upkeep
|
|t:|1750717587
|switch|p1b: Zacian|Zacian-Crowned, L50|100/100
|-ability|p1b: Zacian|Intrepid Sword|boost
|-boost|p1b: Zacian|atk|1
|turn|4
|
|t:|1750717605
|move|p1a: Indeedee|Follow Me|p1a: Indeedee
|-singleturn|p1a: Indeedee|move: Follow Me
|move|p1b: Zacian|Sacred Sword|p2b: Gold Standard
|-supereffective|p2b: Gold Standard
|-damage|p2b: Gold Standard|0 fnt
|faint|p2b: Gold Standard
|move|p2a: Bull Flag|Flare Blitz|p1a: Indeedee
|-damage|p1a: Indeedee|0 fnt
|faint|p1a: Indeedee
|-damage|p2a: Bull Flag|99/100|[from] Recoil
|
|-weather|RainDance|[upkeep]
|upkeep
|
|t:|1750717618
|switch|p1a: Altaria|Altaria, L50, F|100/100
|-ability|p1a: Altaria|Cloud Nine
|turn|5
|
|t:|1750717643
|move|p1a: Altaria|Helping Hand|p1b: Zacian
|-singleturn|p1b: Zacian|Helping Hand|[of] p1a: Altaria
|move|p1b: Zacian|Play Rough|p2a: Bull Flag
|-damage|p2a: Bull Flag|0 fnt
|faint|p2a: Bull Flag
|
|win|Jacorean
|raw|Jacorean's rating: 1161 &rarr; <strong>1182</strong><br />(+21 for winning)
|raw|dr. lach's rating: 1107 &rarr; <strong>1086</strong><br />(-21 for losing)
|l|☆Jacorean
|player|p1|
|l|☆dr. lach
|player|p2|
