|j|☆dibz10
|j|☆xdt707
|t:|1750837178
|gametype|doubles
|player|p1|dibz10|101|1326
|player|p2|xdt707|swimmerf-gen4|1408
|teamsize|p1|6
|teamsize|p2|6
|gen|9
|tier|[Gen 9] VGC 2025 Reg I
|rated|
|rule|Species Clause: Limit one of each Pokémon
|rule|Item Clause: Limit 1 of each item
|clearpoke
|poke|p1|Miraidon, L50|
|poke|p1|Zamazenta-*, L50|
|poke|p1|Iron Hands, L50|
|poke|p1|Chien-Pao, L50|
|poke|p1|Urshifu-*, L50, F|
|poke|p1|Whimsicott, L50, F|
|poke|p2|Calyrex-Ice, L50|
|poke|p2|Koraidon, L50|
|poke|p2|Chi-Yu, L50|
|poke|p2|Landorus, L50, M|
|poke|p2|Raging Bolt, L50|
|poke|p2|Grimmsnarl, L50, M|
|teampreview|4
|inactive|Battle timer is ON: inactive players will automatically lose when time's up. (requested by xdt707)
|
|t:|1750837211
|start
|switch|p1a: Zamazenta|Zamazenta-Crowned, L50|100/100
|switch|p1b: Miraidon|Miraidon, L50|100/100
|switch|p2a: Grimmsnarl|Grimmsnarl, L50, M, shiny|100/100
|switch|p2b: Calyrex|Calyrex-Ice, L50|100/100
|-ability|p2b: Calyrex|As One
|-ability|p2b: Calyrex|Unnerve
|-fieldstart|move: Electric Terrain|[from] ability: Hadron Engine|[of] p1b: Miraidon
|-ability|p1a: Zamazenta|Dauntless Shield|boost
|-boost|p1a: Zamazenta|def|1
|turn|1
|
|t:|1750837221
|switch|p1b: Iron Hands|Iron Hands, L50|100/100
|-activate|p1b: Iron Hands|ability: Quark Drive
|-start|p1b: Iron Hands|quarkdriveatk
|-terastallize|p2b: Calyrex|Fire
|move|p2a: Grimmsnarl|Fake Out|p1b: Iron Hands
|-damage|p1b: Iron Hands|93/100
|move|p1a: Zamazenta|Body Press|p2b: Calyrex
|-damage|p2b: Calyrex|54/100
|move|p2b: Calyrex|Glacial Lance|p1b: Iron Hands|[spread] p1a,p1b
|-resisted|p1a: Zamazenta
|-damage|p1a: Zamazenta|83/100
|-damage|p1b: Iron Hands|31/100
|
|upkeep
|turn|2
|
|t:|1750837239
|move|p1a: Zamazenta|Wide Guard|p1a: Zamazenta
|-singleturn|p1a: Zamazenta|Wide Guard
|move|p2a: Grimmsnarl|Spirit Break|p1b: Iron Hands
|-supereffective|p1b: Iron Hands
|-damage|p1b: Iron Hands|0 fnt
|faint|p1b: Iron Hands
|-end|p1b: Iron Hands|Quark Drive|[silent]
|move|p2b: Calyrex|Glacial Lance|p1a: Zamazenta
|-activate|p1a: Zamazenta|move: Wide Guard
|
|upkeep
|
|t:|1750837248
|switch|p1b: Miraidon|Miraidon, L50|100/100
|-activate|p1b: Miraidon|ability: Hadron Engine
|turn|3
|inactive|xdt707 has 30 seconds left.
|
|t:|1750837276
|move|p2a: Grimmsnarl|Light Screen|p2a: Grimmsnarl
|-sidestart|p2: xdt707|move: Light Screen
|move|p1b: Miraidon|Electro Drift|p2b: Calyrex
|-damage|p2b: Calyrex|0 fnt
|faint|p2b: Calyrex
|move|p1a: Zamazenta|Body Press|p2a: Grimmsnarl
|-damage|p2a: Grimmsnarl|38/100
|
|upkeep
|inactive|xdt707 has 30 seconds left.
|
|t:|1750837305
|switch|p2b: Koraidon|Koraidon, L50|100/100
|-weather|SunnyDay|[from] ability: Orichalcum Pulse|[of] p2b: Koraidon
|-activate|p2b: Koraidon|Orichalcum Pulse|[source]
|turn|4
|inactive|xdt707 has 30 seconds left.
|inactive|xdt707 has 20 seconds left.
|inactive|xdt707 has 15 seconds left.
|
|t:|1750837348
|-terastallize|p1b: Miraidon|Fairy
|move|p1a: Zamazenta|Protect|p1a: Zamazenta
|-singleturn|p1a: Zamazenta|Protect
|move|p2a: Grimmsnarl|Parting Shot|p1b: Miraidon
|-unboost|p1b: Miraidon|atk|1
|-unboost|p1b: Miraidon|spa|1
|
|t:|1750837352
|switch|p2a: Chi-Yu|Chi-Yu, L50|100/100|[from] Parting Shot
|-ability|p2a: Chi-Yu|Beads of Ruin
|move|p2b: Koraidon|Close Combat|p1a: Zamazenta
|-activate|p1a: Zamazenta|move: Protect
|move|p1b: Miraidon|Electro Drift|p2a: Chi-Yu
|-damage|p2a: Chi-Yu|31/100
|
|-weather|SunnyDay|[upkeep]
|upkeep
|turn|5
|inactive|xdt707 has 30 seconds left.
|
|t:|1750837378
|move|p2a: Chi-Yu|Heat Wave|p1a: Zamazenta|[spread] p1a,p1b
|-supereffective|p1a: Zamazenta
|-damage|p1a: Zamazenta|0 fnt
|-damage|p1b: Miraidon|29/100
|faint|p1a: Zamazenta
|move|p2b: Koraidon|Close Combat|p1b: Miraidon
|-resisted|p1b: Miraidon
|-damage|p1b: Miraidon|0 fnt
|-unboost|p2b: Koraidon|def|1
|-unboost|p2b: Koraidon|spd|1
|faint|p1b: Miraidon
|
|-weather|SunnyDay|[upkeep]
|-fieldend|move: Electric Terrain
|upkeep
|
|t:|1750837384
|switch|p1b: Chien-Pao|Chien-Pao, L50|100/100
|-ability|p1b: Chien-Pao|Sword of Ruin
|turn|6
|
|t:|1750837396
|move|p1b: Chien-Pao|Protect|p1b: Chien-Pao
|-singleturn|p1b: Chien-Pao|Protect
|move|p2a: Chi-Yu|Heat Wave|p1b: Chien-Pao
|-activate|p1b: Chien-Pao|move: Protect
|move|p2b: Koraidon|Flame Charge|p1b: Chien-Pao
|-activate|p1b: Chien-Pao|move: Protect
|
|-weather|SunnyDay|[upkeep]
|upkeep
|turn|7
|
|t:|1750837415
|move|p1b: Chien-Pao|Sucker Punch|p2a: Chi-Yu
|-resisted|p2a: Chi-Yu
|-damage|p2a: Chi-Yu|0 fnt
|faint|p2a: Chi-Yu
|move|p2b: Koraidon|Heat Crash|p1b: Chien-Pao
|-supereffective|p1b: Chien-Pao
|-crit|p1b: Chien-Pao
|-enditem|p1b: Chien-Pao|Focus Sash
|-damage|p1b: Chien-Pao|1/100
|
|-weather|SunnyDay|[upkeep]
|-sideend|p2: xdt707|move: Light Screen
|upkeep
|
|t:|1750837420
|switch|p2a: Grimmsnarl|Grimmsnarl, L50, M, shiny|38/100
|turn|8
|
|t:|1750837430
|move|p1b: Chien-Pao|Protect|p1b: Chien-Pao
|-singleturn|p1b: Chien-Pao|Protect
|move|p2a: Grimmsnarl|Fake Out|p1b: Chien-Pao
|-activate|p1b: Chien-Pao|move: Protect
|move|p2b: Koraidon|Flame Charge|p1b: Chien-Pao
|-activate|p1b: Chien-Pao|move: Protect
|
|-weather|none
|upkeep
|turn|9
|
|t:|1750837437
|move|p2b: Koraidon|Flame Charge|p1b: Chien-Pao
|-supereffective|p1b: Chien-Pao
|-damage|p1b: Chien-Pao|0 fnt
|-boost|p2b: Koraidon|spe|1
|faint|p1b: Chien-Pao
|
|win|xdt707
|raw|dibz10's rating: 1326 &rarr; <strong>1311</strong><br />(-15 for losing)
|raw|xdt707's rating: 1408 &rarr; <strong>1423</strong><br />(+15 for winning)
|l|☆dibz10
|player|p1|
