|j|☆anubisjr
|j|☆imissclaire
|t:|1750798120
|gametype|doubles
|player|p1|anubisjr|265|1628
|player|p2|imissclaire|ghetsis|1604
|teamsize|p1|6
|teamsize|p2|6
|gen|9
|tier|[Gen 9] VGC 2025 Reg I
|rated|
|rule|Species Clause: Limit one of each Pokémon
|rule|Item Clause: Limit 1 of each item
|clearpoke
|poke|p1|Calyrex-Shadow, L50|
|poke|p1|Miraidon, L50|
|poke|p1|Whimsicott, L50, F|
|poke|p1|Iron Treads, L50|
|poke|p1|Urshifu-*, L50, M|
|poke|p1|Iron Hands, L50|
|poke|p2|Calyrex-Shadow, L50|
|poke|p2|Shiftry, L50, F|
|poke|p2|Chi-Yu, L50|
|poke|p2|Koraidon, L50|
|poke|p2|Raging Bolt, L50|
|poke|p2|Indeedee-F, L50, F|
|teampreview|4
|
|t:|1750798144
|start
|switch|p1a: Whimsicott|Whimsicott, L50, F|100/100
|switch|p1b: Miraidon|Miraidon, L50|100/100
|switch|p2a: Shiftry|Shiftry, L50, F|100/100
|switch|p2b: Koraidon|Koraidon, L50|100/100
|-weather|SunnyDay|[from] ability: Orichalcum Pulse|[of] p2b: Koraidon
|-activate|p2b: Koraidon|Orichalcum Pulse|[source]
|-fieldstart|move: Electric Terrain|[from] ability: Hadron Engine|[of] p1b: Miraidon
|turn|1
|
|t:|1750798165
|switch|p1b: Calyrex|Calyrex-Shadow, L50|100/100
|-ability|p1b: Calyrex|As One
|-ability|p1b: Calyrex|Unnerve
|move|p1a: Whimsicott|Tailwind|p1a: Whimsicott
|-sidestart|p1: anubisjr|move: Tailwind
|move|p2a: Shiftry|Tailwind|p2a: Shiftry
|-sidestart|p2: imissclaire|move: Tailwind
|move|p2b: Koraidon|Collision Course|p1b: Calyrex
|-immune|p1b: Calyrex
|
|-weather|SunnyDay|[upkeep]
|upkeep
|turn|2
|
|t:|1750798193
|-terastallize|p2b: Koraidon|Fire
|move|p1a: Whimsicott|Encore|p2b: Koraidon
|-start|p2b: Koraidon|Encore
|move|p2a: Shiftry|Solar Blade||[still]
|-prepare|p2a: Shiftry|Solar Blade
|-anim|p2a: Shiftry|Solar Blade|p1b: Calyrex
|-damage|p1b: Calyrex|42/100
|move|p1b: Calyrex|Astral Barrage|p2a: Shiftry|[spread] p2a,p2b
|-resisted|p2a: Shiftry
|-damage|p2a: Shiftry|50/100
|-damage|p2b: Koraidon|29/100
|-damage|p1b: Calyrex|32/100|[from] item: Life Orb
|move|p2b: Koraidon|Collision Course|p1a: Whimsicott
|-resisted|p1a: Whimsicott
|-damage|p1a: Whimsicott|63/100
|
|-weather|SunnyDay|[upkeep]
|upkeep
|turn|3
|j| AxonAries
|
|t:|1750798214
|switch|p2b: Chi-Yu|Chi-Yu, L50|100/100
|-ability|p2b: Chi-Yu|Beads of Ruin
|move|p1b: Calyrex|Protect|p1b: Calyrex
|-singleturn|p1b: Calyrex|Protect
|move|p2a: Shiftry|Solar Blade||[still]
|-prepare|p2a: Shiftry|Solar Blade
|-anim|p2a: Shiftry|Solar Blade|p1b: Calyrex
|-activate|p1b: Calyrex|move: Protect
|move|p1a: Whimsicott|Moonblast|p2a: Shiftry
|-supereffective|p2a: Shiftry
|-damage|p2a: Shiftry|0 fnt
|faint|p2a: Shiftry
|
|-weather|SunnyDay|[upkeep]
|upkeep
|
|t:|1750798237
|switch|p2a: Calyrex|Calyrex-Shadow, L50|100/100
|-ability|p2a: Calyrex|As One
|-ability|p2a: Calyrex|Unnerve
|turn|4
|
|t:|1750798263
|switch|p1a: Urshifu|Urshifu, L50, M|100/100
|move|p1b: Calyrex|Protect||[still]
|-fail|p1b: Calyrex
|move|p2b: Chi-Yu|Heat Wave|p1b: Calyrex|[spread] p1a,p1b
|-crit|p1a: Urshifu
|-enditem|p1a: Urshifu|Focus Sash
|-damage|p1a: Urshifu|1/100
|-damage|p1b: Calyrex|0 fnt
|faint|p1b: Calyrex
|move|p2a: Calyrex|Astral Barrage|p1a: Urshifu
|-resisted|p1a: Urshifu
|-damage|p1a: Urshifu|0 fnt
|faint|p1a: Urshifu
|-ability|p2a: Calyrex|Grim Neigh|boost
|-boost|p2a: Calyrex|spa|1
|-damage|p2a: Calyrex|91/100|[from] item: Life Orb
|
|-weather|SunnyDay|[upkeep]
|-sideend|p1: anubisjr|move: Tailwind
|-sideend|p2: imissclaire|move: Tailwind
|upkeep
|
|t:|1750798271
|switch|p1b: Miraidon|Miraidon, L50|100/100
|switch|p1a: Whimsicott|Whimsicott, L50, F|63/100
|-activate|p1b: Miraidon|ability: Hadron Engine
|turn|5
|
|t:|1750798288
|-terastallize|p1b: Miraidon|Fairy
|move|p1a: Whimsicott|Tailwind|p1a: Whimsicott
|-sidestart|p1: anubisjr|move: Tailwind
|move|p1b: Miraidon|Dazzling Gleam|p2a: Calyrex|[spread] p2a,p2b
|-damage|p2a: Calyrex|0 fnt
|-damage|p2b: Chi-Yu|29/100
|faint|p2a: Calyrex
|move|p2b: Chi-Yu|Heat Wave|p1a: Whimsicott|[spread] p1a
|-miss|p2b: Chi-Yu|p1b: Miraidon
|-supereffective|p1a: Whimsicott
|-damage|p1a: Whimsicott|0 fnt
|faint|p1a: Whimsicott
|
|-weather|none
|-fieldend|move: Electric Terrain
|upkeep
|
|t:|1750798296
|switch|p2a: Koraidon|Koraidon, L50, tera:Fire|29/100
|-weather|SunnyDay|[from] ability: Orichalcum Pulse|[of] p2a: Koraidon
|-activate|p2a: Koraidon|Orichalcum Pulse|[source]
|turn|6
|
|t:|1750798308
|move|p1b: Miraidon|Dazzling Gleam|p2a: Koraidon|[spread] p2a,p2b
|-resisted|p2a: Koraidon
|-damage|p2a: Koraidon|0 fnt
|-damage|p2b: Chi-Yu|0 fnt
|faint|p2a: Koraidon
|faint|p2b: Chi-Yu
|
|win|anubisjr
|raw|anubisjr's rating: 1628 &rarr; <strong>1647</strong><br />(+19 for winning)
|raw|imissclaire's rating: 1604 &rarr; <strong>1585</strong><br />(-19 for losing)
|l|☆anubisjr
|player|p1|
|l| AxonAries
