|j|☆MalteseShark
|j|☆berg0123
|t:|1750863527
|gametype|doubles
|player|p1|MalteseShark|acetrainer-gen4dp|1454
|player|p2|berg0123|102|1554
|teamsize|p1|6
|teamsize|p2|6
|gen|9
|tier|[Gen 9] VGC 2025 Reg I
|rated|
|rule|Species Clause: Limit one of each Pokémon
|rule|Item Clause: Limit 1 of each item
|clearpoke
|poke|p1|Miraidon, L50|
|poke|p1|Calyrex-Ice, L50|
|poke|p1|Amoonguss, L50, M|
|poke|p1|Flutter Mane, L50|
|poke|p1|Garchomp, L50, M|
|poke|p1|Ogerpon-Wellspring, L50, F|
|poke|p2|Lunala, L50|
|poke|p2|Miraidon, L50|
|poke|p2|Chi-Yu, L50|
|poke|p2|Urshifu-*, L50, F|
|poke|p2|Ursaluna, L50, M|
|poke|p2|Grimmsnarl, L50, M|
|teampreview|4
|inactive|Battle timer is ON: inactive players will automatically lose when time's up. (requested by MalteseShark)
|inactive|MalteseShark has 60 seconds left.
|inactive|MalteseShark has 30 seconds left.
|
|t:|1750863593
|start
|switch|p1a: Calyrex|Calyrex-Ice, L50|100/100
|switch|p1b: Amoonguss|Amoonguss, L50, M|100/100
|switch|p2a: Miraidon|Miraidon, L50|100/100
|switch|p2b: Lunala|Lunala, L50|100/100
|-ability|p1a: Calyrex|As One
|-ability|p1a: Calyrex|Unnerve
|-fieldstart|move: Electric Terrain|[from] ability: Hadron Engine|[of] p2a: Miraidon
|-enditem|p2b: Lunala|Electric Seed
|-boost|p2b: Lunala|def|1|[from] item: Electric Seed
|turn|1
|inactive|MalteseShark has 30 seconds left.
|
|t:|1750863623
|move|p1b: Amoonguss|Rage Powder|p1b: Amoonguss
|-singleturn|p1b: Amoonguss|move: Rage Powder
|move|p2a: Miraidon|Draco Meteor|p1b: Amoonguss
|-damage|p1b: Amoonguss|20/100
|-unboost|p2a: Miraidon|spa|2
|move|p2b: Lunala|Moongeist Beam|p1b: Amoonguss
|-damage|p1b: Amoonguss|0 fnt
|faint|p1b: Amoonguss
|move|p1a: Calyrex|Glacial Lance|p2b: Lunala|[spread] p2a,p2b
|-supereffective|p2a: Miraidon
|-damage|p2a: Miraidon|0 fnt
|-damage|p2b: Lunala|85/100
|faint|p2a: Miraidon
|-ability|p1a: Calyrex|Chilling Neigh|boost
|-boost|p1a: Calyrex|atk|1
|
|upkeep
|
|t:|1750863640
|switch|p2a: Grimmsnarl|Grimmsnarl, L50, M|100/100
|switch|p1b: Ogerpon|Ogerpon-Wellspring, L50, F|100/100
|turn|2
|
|t:|1750863658
|move|p1a: Calyrex|Protect|p1a: Calyrex
|-singleturn|p1a: Calyrex|Protect
|move|p2a: Grimmsnarl|Reflect|p2a: Grimmsnarl
|-sidestart|p2: berg0123|Reflect
|move|p1b: Ogerpon|Leech Seed|p2b: Lunala
|-start|p2b: Lunala|move: Leech Seed
|move|p2b: Lunala|Moongeist Beam|p1a: Calyrex
|-activate|p1a: Calyrex|move: Protect
|
|-damage|p2b: Lunala|73/100|[from] Leech Seed|[of] p1b: Ogerpon
|upkeep
|turn|3
|
|t:|1750863674
|move|p1b: Ogerpon|Follow Me|p1b: Ogerpon
|-singleturn|p1b: Ogerpon|move: Follow Me
|move|p2a: Grimmsnarl|Thunder Wave|p1b: Ogerpon
|-status|p1b: Ogerpon|par
|move|p2b: Lunala|Moongeist Beam|p1b: Ogerpon
|-damage|p1b: Ogerpon|52/100 par
|move|p1a: Calyrex|Glacial Lance|p2b: Lunala|[spread] p2a,p2b
|-damage|p2a: Grimmsnarl|32/100
|-damage|p2b: Lunala|44/100
|
|-damage|p2b: Lunala|32/100|[from] Leech Seed|[of] p1b: Ogerpon
|-heal|p1b: Ogerpon|68/100 par|[silent]
|upkeep
|turn|4
|
|t:|1750863698
|switch|p2a: Ursaluna|Ursaluna, L50, M|100/100
|move|p1b: Ogerpon|Follow Me|p1b: Ogerpon
|-singleturn|p1b: Ogerpon|move: Follow Me
|move|p2b: Lunala|Moongeist Beam|p1b: Ogerpon
|-damage|p1b: Ogerpon|26/100 par
|move|p1a: Calyrex|High Horsepower|p2a: Ursaluna
|-damage|p2a: Ursaluna|74/100
|
|-damage|p2b: Lunala|19/100|[from] Leech Seed|[of] p1b: Ogerpon
|-heal|p1b: Ogerpon|42/100 par|[silent]
|-status|p2a: Ursaluna|brn|[from] item: Flame Orb
|upkeep
|turn|5
|inactive|MalteseShark has 30 seconds left.
|inactive|MalteseShark has 20 seconds left.
|inactive|MalteseShark has 15 seconds left.
|
|t:|1750863739
|switch|p2b: Grimmsnarl|Grimmsnarl, L50, M|32/100
|-terastallize|p2a: Ursaluna|Ghost
|-terastallize|p1a: Calyrex|Fire
|move|p1b: Ogerpon|Ivy Cudgel|p2a: Ursaluna|[anim] Ivy Cudgel Water
|-damage|p2a: Ursaluna|51/100 brn
|move|p2a: Ursaluna|Facade|p1b: Ogerpon
|-damage|p1b: Ogerpon|0 fnt
|faint|p1b: Ogerpon
|move|p1a: Calyrex|Glacial Lance|p2a: Ursaluna|[spread] p2a,p2b
|-damage|p2a: Ursaluna|7/100 brn
|-damage|p2b: Grimmsnarl|0 fnt
|faint|p2b: Grimmsnarl
|-ability|p1a: Calyrex|Chilling Neigh|boost
|-boost|p1a: Calyrex|atk|1
|
|-damage|p2a: Ursaluna|1/100 brn|[from] brn
|-fieldend|move: Electric Terrain
|upkeep
|-message|berg0123 forfeited.
|
|win|MalteseShark
|raw|MalteseShark's rating: 1454 &rarr; <strong>1480</strong><br />(+26 for winning)
|raw|berg0123's rating: 1554 &rarr; <strong>1528</strong><br />(-26 for losing)
|l|☆berg0123
|player|p2|
|l|☆MalteseShark
|player|p1|
