|j|☆sullayee
|j|☆SycrasisEU
|t:|1750712357
|gametype|doubles
|player|p1|sullayee|102|1415
|player|p2|SycrasisEU|pryce|1394
|teamsize|p1|6
|teamsize|p2|6
|gen|9
|tier|[Gen 9] VGC 2025 Reg I
|rated|
|rule|Species Clause: Limit one of each Pokémon
|rule|Item Clause: Limit 1 of each item
|clearpoke
|poke|p1|Koraidon, L50|
|poke|p1|Incineroar, L50, F|
|poke|p1|Calyrex-Shadow, L50|
|poke|p1|Whimsicott, L50, F|
|poke|p1|Volcarona, L50, F|
|poke|p1|Rillaboom, L50, M|
|poke|p2|Calyrex-Ice, L50|
|poke|p2|Kyurem-White, L50|
|poke|p2|Ninetales-Alola, L50, M|
|poke|p2|Dewgong, L50, F|
|poke|p2|Chien-Pao, L50|
|poke|p2|Regice, L50|
|teampreview|4
|inactive|Battle timer is ON: inactive players will automatically lose when time's up. (requested by sullayee)
|c|☆sullayee|yo dawg i heard you like ice
|inactive|sullayee has 60 seconds left.
|inactive|SycrasisEU has 60 seconds left.
|
|t:|1750712414
|start
|switch|p1a: Calyrex|Calyrex-Shadow, L50|100/100
|switch|p1b: Whimsicott|Whimsicott, L50, F|100/100
|switch|p2a: Ninetales|Ninetales-Alola, L50, M|100/100
|switch|p2b: Regice|Regice, L50|100/100
|-ability|p1a: Calyrex|As One
|-ability|p1a: Calyrex|Unnerve
|-weather|Snowscape|[from] ability: Snow Warning|[of] p2a: Ninetales
|turn|1
|inactive|sullayee has 30 seconds left.
|inactive|SycrasisEU has 30 seconds left.
|inactive|sullayee has 20 seconds left.
|inactive|SycrasisEU has 20 seconds left.
|inactive|sullayee has 15 seconds left.
|inactive|SycrasisEU has 15 seconds left.
|inactive|SycrasisEU has 10 seconds left.
|
|t:|1750712463
|move|p1b: Whimsicott|Taunt|p2a: Ninetales
|-start|p2a: Ninetales|move: Taunt
|move|p1a: Calyrex|Astral Barrage|p2b: Regice|[spread] p2a,p2b
|-damage|p2a: Ninetales|13/100
|-damage|p2b: Regice|60/100
|-damage|p1a: Calyrex|90/100|[from] item: Life Orb
|move|p2a: Ninetales|Icy Wind|p1a: Calyrex|[spread] p1a,p1b
|-supereffective|p1b: Whimsicott
|-damage|p1a: Calyrex|78/100
|-damage|p1b: Whimsicott|49/100
|-unboost|p1a: Calyrex|spe|1
|-unboost|p1b: Whimsicott|spe|1
|move|p2b: Regice|Thunder Wave|p1a: Calyrex
|-status|p1a: Calyrex|par
|
|-weather|Snowscape|[upkeep]
|-heal|p2b: Regice|66/100|[from] ability: Ice Body
|-heal|p2b: Regice|72/100|[from] item: Leftovers
|upkeep
|turn|2
|inactive|sullayee has 30 seconds left.
|inactive|SycrasisEU has 30 seconds left.
|inactive|sullayee has 20 seconds left.
|
|t:|1750712500
|move|p2b: Regice|Protect|p2b: Regice
|-singleturn|p2b: Regice|Protect
|move|p1b: Whimsicott|Tailwind|p1b: Whimsicott
|-sidestart|p1: sullayee|move: Tailwind
|move|p2a: Ninetales|Moonblast|p1a: Calyrex
|-damage|p1a: Calyrex|51/100 par
|move|p1a: Calyrex|Astral Barrage|p2a: Ninetales|[spread] p2a
|-activate|p2b: Regice|move: Protect
|-damage|p2a: Ninetales|0 fnt
|faint|p2a: Ninetales
|-ability|p1a: Calyrex|Grim Neigh|boost
|-boost|p1a: Calyrex|spa|1
|-damage|p1a: Calyrex|41/100 par|[from] item: Life Orb
|
|-weather|Snowscape|[upkeep]
|-heal|p2b: Regice|78/100|[from] ability: Ice Body
|-heal|p2b: Regice|84/100|[from] item: Leftovers
|upkeep
|
|t:|1750712521
|switch|p2a: Kyurem|Kyurem-White, L50|100/100
|-ability|p2a: Kyurem|Turboblaze
|turn|3
|
|t:|1750712533
|switch|p1a: Incineroar|Incineroar, L50, F|100/100
|-ability|p1a: Incineroar|Intimidate|boost
|-unboost|p2a: Kyurem|atk|1
|-unboost|p2b: Regice|atk|1
|switch|p2b: Chien-Pao|Chien-Pao, L50|100/100
|-ability|p2b: Chien-Pao|Sword of Ruin
|move|p1b: Whimsicott|Endeavor|p2a: Kyurem
|-damage|p2a: Kyurem|29/100
|move|p2a: Kyurem|Blizzard|p1a: Incineroar|[spread] p1a,p1b
|-resisted|p1a: Incineroar
|-supereffective|p1b: Whimsicott
|-damage|p1a: Incineroar|75/100
|-damage|p1b: Whimsicott|0 fnt
|faint|p1b: Whimsicott
|
|-weather|Snowscape|[upkeep]
|upkeep
|
|t:|1750712553
|switch|p1b: Koraidon|Koraidon, L50|100/100
|-weather|SunnyDay|[from] ability: Orichalcum Pulse|[of] p1b: Koraidon
|-activate|p1b: Koraidon|Orichalcum Pulse|[source]
|turn|4
|
|t:|1750712577
|switch|p2a: Regice|Regice, L50|84/100
|-terastallize|p2b: Chien-Pao|Ghost
|move|p1a: Incineroar|Fake Out|p2b: Chien-Pao
|-immune|p2b: Chien-Pao
|move|p1b: Koraidon|Flare Blitz|p2a: Regice
|-supereffective|p2a: Regice
|-damage|p2a: Regice|0 fnt
|faint|p2a: Regice
|-damage|p1b: Koraidon|72/100|[from] Recoil
|move|p2b: Chien-Pao|Ice Spinner|p1b: Koraidon
|-supereffective|p1b: Koraidon
|-crit|p1b: Koraidon
|-damage|p1b: Koraidon|0 fnt
|faint|p1b: Koraidon
|
|-weather|SunnyDay|[upkeep]
|upkeep
|
|t:|1750712598
|switch|p1b: Calyrex|Calyrex-Shadow, L50|41/100 par
|switch|p2a: Kyurem|Kyurem-White, L50|29/100
|-ability|p1b: Calyrex|As One
|-ability|p1b: Calyrex|Unnerve
|-ability|p2a: Kyurem|Turboblaze
|turn|5
|
|t:|1750712616
|move|p1b: Calyrex|Protect|p1b: Calyrex
|-singleturn|p1b: Calyrex|Protect
|move|p2a: Kyurem|Draco Meteor|p1a: Incineroar
|-damage|p1a: Incineroar|0 fnt
|-unboost|p2a: Kyurem|spa|2
|faint|p1a: Incineroar
|move|p2b: Chien-Pao|Throat Chop|p1b: Calyrex
|-activate|p1b: Calyrex|move: Protect
|
|-weather|SunnyDay|[upkeep]
|-sideend|p1: sullayee|move: Tailwind
|upkeep
|turn|6
|-message|sullayee forfeited.
|
|win|SycrasisEU
|raw|sullayee's rating: 1415 &rarr; <strong>1394</strong><br />(-21 for losing)
|raw|SycrasisEU's rating: 1394 &rarr; <strong>1415</strong><br />(+21 for winning)
|l|☆sullayee
|player|p1|
|l|☆SycrasisEU
|player|p2|
