|j|☆WaryPainter
|j|☆MalteseShark
|t:|1750861220
|gametype|doubles
|player|p1|WaryPainter|beauty|1398
|player|p2|MalteseShark|acetrainer-gen4dp|1428
|teamsize|p1|6
|teamsize|p2|6
|gen|9
|tier|[Gen 9] VGC 2025 Reg I
|rated|
|rule|Species Clause: Limit one of each Pokémon
|rule|Item Clause: Limit 1 of each item
|clearpoke
|poke|p1|Koraidon, L50|
|poke|p1|Calyrex-Shadow, L50|
|poke|p1|Walking Wake, L50|
|poke|p1|Incineroar, L50, M|
|poke|p1|Amoonguss, L50, F|
|poke|p1|Iron Treads, L50|
|poke|p2|Miraidon, L50|
|poke|p2|Calyrex-Ice, L50|
|poke|p2|Amoonguss, L50, F|
|poke|p2|Flutter Mane, L50|
|poke|p2|Garchomp, L50, M|
|poke|p2|Ogerpon-Wellspring, L50, F|
|teampreview|4
|
|t:|1750861282
|start
|switch|p1a: Incineroar|Incineroar, L50, M|100/100
|switch|p1b: Calyrex|Calyrex-Shadow, L50|100/100
|switch|p2a: Garchomp|Garchomp, L50, M|100/100
|switch|p2b: Miraidon|Miraidon, L50|100/100
|-ability|p1b: Calyrex|As One
|-ability|p1b: Calyrex|Unnerve
|-fieldstart|move: Electric Terrain|[from] ability: Hadron Engine|[of] p2b: Miraidon
|-enditem|p2b: Miraidon|Electric Seed
|-boost|p2b: Miraidon|def|1|[from] item: Electric Seed
|-ability|p1a: Incineroar|Intimidate|boost
|-unboost|p2a: Garchomp|atk|1
|-unboost|p2b: Miraidon|atk|1
|turn|1
|inactive|Battle timer is ON: inactive players will automatically lose when time's up. (requested by MalteseShark)
|inactive|WaryPainter has 60 seconds left.
|
|t:|1750861315
|move|p2b: Miraidon|Protect|p2b: Miraidon
|-singleturn|p2b: Miraidon|Protect
|move|p1a: Incineroar|Fake Out|p2b: Miraidon
|-activate|p2b: Miraidon|move: Protect
|move|p2a: Garchomp|Bulldoze|p1b: Calyrex|[spread] p1a,p1b
|-activate|p2b: Miraidon|move: Protect
|-supereffective|p1a: Incineroar
|-damage|p1a: Incineroar|79/100
|-damage|p1b: Calyrex|85/100
|-unboost|p1a: Incineroar|spe|1
|-unboost|p1b: Calyrex|spe|1
|move|p1b: Calyrex|Nasty Plot|p1b: Calyrex
|-boost|p1b: Calyrex|spa|2
|
|upkeep
|turn|2
|inactive|MalteseShark has 30 seconds left.
|
|t:|1750861342
|switch|p2a: Amoonguss|Amoonguss, L50, F|100/100
|-terastallize|p2b: Miraidon|Electric
|move|p1b: Calyrex|Protect|p1b: Calyrex
|-singleturn|p1b: Calyrex|Protect
|move|p2b: Miraidon|Electro Drift|p1b: Calyrex
|-activate|p1b: Calyrex|move: Protect
|move|p1a: Incineroar|Will-O-Wisp|p2a: Amoonguss
|-status|p2a: Amoonguss|brn
|
|-damage|p2a: Amoonguss|95/100 brn|[from] brn
|upkeep
|turn|3
|inactive|WaryPainter has 30 seconds left.
|inactive|MalteseShark has 30 seconds left.
|inactive|WaryPainter has 20 seconds left.
|inactive|WaryPainter has 15 seconds left.
|inactive|WaryPainter has 10 seconds left.
|
|t:|1750861387
|switch|p2a: Garchomp|Garchomp, L50, M|100/100
|move|p2b: Miraidon|Electro Drift|p1b: Calyrex
|-damage|p1b: Calyrex|0 fnt
|faint|p1b: Calyrex
|move|p1a: Incineroar|Parting Shot|p2b: Miraidon
|-unboost|p2b: Miraidon|atk|1
|-unboost|p2b: Miraidon|spa|1
|
|t:|1750861397
|switch|p1a: Koraidon|Koraidon, L50|100/100|[from] Parting Shot
|-weather|SunnyDay|[from] ability: Orichalcum Pulse|[of] p1a: Koraidon
|-activate|p1a: Koraidon|Orichalcum Pulse|[source]
|
|-weather|SunnyDay|[upkeep]
|upkeep
|
|t:|1750861420
|switch|p1b: Incineroar|Incineroar, L50, M|79/100
|-ability|p1b: Incineroar|Intimidate|boost
|-unboost|p2a: Garchomp|atk|1
|-unboost|p2b: Miraidon|atk|1
|turn|4
|
|t:|1750861440
|switch|p2a: Amoonguss|Amoonguss, L50, F|100/100 brn
|move|p2b: Miraidon|Protect|p2b: Miraidon
|-singleturn|p2b: Miraidon|Protect
|move|p1b: Incineroar|Fake Out|p2a: Amoonguss
|-damage|p2a: Amoonguss|92/100 brn
|move|p1a: Koraidon|Flare Blitz|p2b: Miraidon
|-activate|p2b: Miraidon|move: Protect
|
|-weather|SunnyDay|[upkeep]
|-damage|p2a: Amoonguss|86/100 brn|[from] brn
|upkeep
|turn|5
|inactive|WaryPainter has 30 seconds left.
|inactive|MalteseShark has 30 seconds left.
|
|t:|1750861473
|switch|p1b: Iron Treads|Iron Treads, L50|100/100
|-activate|p1b: Iron Treads|ability: Quark Drive
|-start|p1b: Iron Treads|quarkdrivespe
|switch|p2a: Garchomp|Garchomp, L50, M|100/100
|move|p2b: Miraidon|Parabolic Charge|p1a: Koraidon|[spread] p1a
|-immune|p2a: Garchomp
|-immune|p1b: Iron Treads
|-resisted|p1a: Koraidon
|-damage|p1a: Koraidon|83/100
|move|p1a: Koraidon|Flare Blitz|p2b: Miraidon
|-damage|p2b: Miraidon|29/100
|-damage|p1a: Koraidon|57/100|[from] Recoil
|-damage|p1a: Koraidon|48/100|[from] item: Life Orb
|
|-weather|SunnyDay|[upkeep]
|-fieldend|move: Electric Terrain
|-end|p1b: Iron Treads|Quark Drive
|upkeep
|turn|6
|inactive|WaryPainter has 30 seconds left.
|inactive|MalteseShark has 30 seconds left.
|inactive|WaryPainter has 20 seconds left.
|inactive|WaryPainter has 15 seconds left.
|
|t:|1750861516
|switch|p2b: Amoonguss|Amoonguss, L50, F|100/100 brn
|-terastallize|p1b: Iron Treads|Ghost
|move|p1a: Koraidon|Protect|p1a: Koraidon
|-singleturn|p1a: Koraidon|Protect
|move|p2a: Garchomp|Dragon Claw|p1a: Koraidon
|-activate|p1a: Koraidon|move: Protect
|move|p1b: Iron Treads|High Horsepower|p2a: Garchomp
|-damage|p2a: Garchomp|35/100
|-damage|p1b: Iron Treads|88/100|[from] ability: Rough Skin|[of] p2a: Garchomp
|
|-weather|SunnyDay|[upkeep]
|-damage|p2b: Amoonguss|95/100 brn|[from] brn
|upkeep
|turn|7
|inactive|WaryPainter has 30 seconds left.
|
|t:|1750861546
|switch|p1a: Incineroar|Incineroar, L50, M|79/100
|-ability|p1a: Incineroar|Intimidate|boost
|-unboost|p2a: Garchomp|atk|1
|-unboost|p2b: Amoonguss|atk|1
|move|p2b: Amoonguss|Rage Powder|p2b: Amoonguss
|-singleturn|p2b: Amoonguss|move: Rage Powder
|move|p2a: Garchomp|Dragon Claw|p1a: Incineroar
|-damage|p1a: Incineroar|58/100
|move|p1b: Iron Treads|High Horsepower|p2b: Amoonguss
|-damage|p2b: Amoonguss|45/100 brn
|
|-weather|none
|-damage|p2b: Amoonguss|39/100 brn|[from] brn
|upkeep
|turn|8
|
|t:|1750861567
|switch|p2a: Calyrex|Calyrex-Ice, L50|100/100
|-ability|p2a: Calyrex|As One
|-ability|p2a: Calyrex|Unnerve
|move|p1a: Incineroar|Fake Out|p2a: Calyrex
|-damage|p2a: Calyrex|94/100
|move|p1b: Iron Treads|High Horsepower|p2b: Amoonguss
|-damage|p2b: Amoonguss|0 fnt
|faint|p2b: Amoonguss
|
|upkeep
|
|t:|1750861583
|switch|p2b: Garchomp|Garchomp, L50, M|35/100
|turn|9
|
|t:|1750861596
|move|p2b: Garchomp|Crunch|p1b: Iron Treads
|-supereffective|p1b: Iron Treads
|-damage|p1b: Iron Treads|50/100
|-unboost|p1b: Iron Treads|def|1
|move|p1b: Iron Treads|High Horsepower|p2b: Garchomp
|-damage|p2b: Garchomp|0 fnt
|-damage|p1b: Iron Treads|38/100|[from] ability: Rough Skin|[of] p2b: Garchomp
|faint|p2b: Garchomp
|move|p1a: Incineroar|Will-O-Wisp|p2a: Calyrex
|-status|p2a: Calyrex|brn
|move|p2a: Calyrex|High Horsepower|p1a: Incineroar
|-supereffective|p1a: Incineroar
|-damage|p1a: Incineroar|24/100
|
|-damage|p2a: Calyrex|88/100 brn|[from] brn
|upkeep
|
|t:|1750861611
|switch|p2b: Miraidon|Miraidon, L50, tera:Electric|29/100
|-fieldstart|move: Electric Terrain|[from] ability: Hadron Engine|[of] p2b: Miraidon
|-activate|p1b: Iron Treads|ability: Quark Drive
|-start|p1b: Iron Treads|quarkdrivespe
|turn|10
|
|t:|1750861634
|move|p1b: Iron Treads|High Horsepower|p2b: Miraidon
|-supereffective|p2b: Miraidon
|-damage|p2b: Miraidon|0 fnt
|faint|p2b: Miraidon
|move|p1a: Incineroar|Knock Off|p2a: Calyrex
|-supereffective|p2a: Calyrex
|-damage|p2a: Calyrex|41/100 brn
|-enditem|p2a: Calyrex|Clear Amulet|[from] move: Knock Off|[of] p1a: Incineroar
|move|p2a: Calyrex|Glacial Lance|p1a: Incineroar|[spread] p1a,p1b
|-resisted|p1a: Incineroar
|-damage|p1a: Incineroar|10/100
|-damage|p1b: Iron Treads|0 fnt
|faint|p1b: Iron Treads
|-end|p1b: Iron Treads|Quark Drive|[silent]
|-ability|p2a: Calyrex|Chilling Neigh|boost
|-boost|p2a: Calyrex|atk|1
|
|-damage|p2a: Calyrex|35/100 brn|[from] brn
|upkeep
|
|t:|1750861648
|switch|p1b: Koraidon|Koraidon, L50|48/100
|-weather|SunnyDay|[from] ability: Orichalcum Pulse|[of] p1b: Koraidon
|-activate|p1b: Koraidon|Orichalcum Pulse|[source]
|turn|11
|-message|MalteseShark forfeited.
|
|win|WaryPainter
|raw|WaryPainter's rating: 1398 &rarr; <strong>1420</strong><br />(+22 for winning)
|raw|MalteseShark's rating: 1428 &rarr; <strong>1406</strong><br />(-22 for losing)
|l|☆MalteseShark
|player|p2|
|l|☆WaryPainter
|player|p1|
