|j|☆Redhoundoom
|j|☆mlm2017
|t:|1750712991
|gametype|doubles
|player|p1|Redhoundoom|1|1374
|player|p2|mlm2017|170|1387
|teamsize|p1|6
|teamsize|p2|6
|gen|9
|tier|[Gen 9] VGC 2025 Reg I
|rated|
|rule|Species Clause: Limit one of each Pokémon
|rule|Item Clause: Limit 1 of each item
|clearpoke
|poke|p1|Garganacl, L50, M|
|poke|p1|Rillaboom, L50, F|
|poke|p1|Zamazenta-*, L50|
|poke|p1|Calyrex-Shadow, L50|
|poke|p1|Baxcalibur, L50, M|
|poke|p1|Tauros-Paldea-Aqua, L50, M|
|poke|p2|Calyrex-Shadow, L50|
|poke|p2|Koraidon, L50|
|poke|p2|Flutter Mane, L50|
|poke|p2|Chien-Pao, L50|
|poke|p2|Entei, L50|
|poke|p2|Raging Bolt, L50|
|teampreview|4
|inactive|Battle timer is ON: inactive players will automatically lose when time's up. (requested by Redhoundoom)
|inactive|mlm2017 also wants the timer to be on.
|
|t:|1750713018
|start
|switch|p1a: Calyrex|Calyrex-Shadow, L50|100/100
|switch|p1b: Zamazenta|Zamazenta-Crowned, L50|100/100
|switch|p2a: Calyrex|Calyrex-Shadow, L50|100/100
|switch|p2b: Koraidon|Koraidon, L50|100/100
|-ability|p2a: Calyrex|As One
|-ability|p2a: Calyrex|Unnerve
|-ability|p1a: Calyrex|As One
|-ability|p1a: Calyrex|Unnerve
|-weather|SunnyDay|[from] ability: Orichalcum Pulse|[of] p2b: Koraidon
|-activate|p2b: Koraidon|Orichalcum Pulse|[source]
|-ability|p1b: Zamazenta|Dauntless Shield|boost
|-boost|p1b: Zamazenta|def|1
|turn|1
|inactive|Redhoundoom has 30 seconds left.
|
|t:|1750713051
|-terastallize|p2a: Calyrex|Dark
|move|p1a: Calyrex|Protect|p1a: Calyrex
|-singleturn|p1a: Calyrex|Protect
|move|p1b: Zamazenta|Protect|p1b: Zamazenta
|-singleturn|p1b: Zamazenta|Protect
|move|p2b: Koraidon|U-turn|p1a: Calyrex
|-activate|p1a: Calyrex|move: Protect
|move|p2a: Calyrex|Astral Barrage|p1a: Calyrex|[spread] 
|-activate|p1a: Calyrex|move: Protect
|-activate|p1b: Zamazenta|move: Protect
|
|-weather|SunnyDay|[upkeep]
|upkeep
|turn|2
|inactive|Redhoundoom has 30 seconds left.
|inactive|Redhoundoom has 20 seconds left.
|inactive|Redhoundoom has 15 seconds left.
|inactive|Redhoundoom has 10 seconds left.
|inactive|Redhoundoom has 5 seconds left.
|
|t:|1750713102
|move|p2b: Koraidon|U-turn|p1a: Calyrex
|-damage|p1a: Calyrex|58/100
|
|t:|1750713106
|switch|p2b: Flutter Mane|Flutter Mane, L50|100/100|[from] U-turn
|-activate|p2b: Flutter Mane|ability: Protosynthesis
|-start|p2b: Flutter Mane|protosynthesisspe
|move|p2a: Calyrex|Astral Barrage|p1a: Calyrex|[spread] p1a,p1b
|-supereffective|p1a: Calyrex
|-damage|p1a: Calyrex|0 fnt
|-damage|p1b: Zamazenta|43/100
|faint|p1a: Calyrex
|-ability|p2a: Calyrex|Grim Neigh|boost
|-boost|p2a: Calyrex|spa|1
|move|p1b: Zamazenta|Body Press|p2a: Calyrex
|-supereffective|p2a: Calyrex
|-damage|p2a: Calyrex|0 fnt
|faint|p2a: Calyrex
|
|-weather|SunnyDay|[upkeep]
|upkeep
|
|t:|1750713128
|switch|p2a: Koraidon|Koraidon, L50|100/100
|switch|p1a: Rillaboom|Rillaboom, L50, F|100/100
|-activate|p2a: Koraidon|ability: Orichalcum Pulse
|-fieldstart|move: Grassy Terrain|[from] ability: Grassy Surge|[of] p1a: Rillaboom
|turn|3
|inactive|Redhoundoom has 30 seconds left.
|inactive|Redhoundoom has 20 seconds left.
|inactive|Redhoundoom has 15 seconds left.
|
|t:|1750713173
|move|p1b: Zamazenta|Protect|p1b: Zamazenta
|-singleturn|p1b: Zamazenta|Protect
|move|p1a: Rillaboom|Grassy Glide|p2b: Flutter Mane
|-crit|p2b: Flutter Mane
|-enditem|p2b: Flutter Mane|Focus Sash
|-damage|p2b: Flutter Mane|1/100
|move|p2b: Flutter Mane|Moonblast|p1b: Zamazenta
|-activate|p1b: Zamazenta|move: Protect
|move|p2a: Koraidon|Flare Blitz|p1a: Rillaboom
|-supereffective|p1a: Rillaboom
|-damage|p1a: Rillaboom|0 fnt
|faint|p1a: Rillaboom
|-damage|p2a: Koraidon|66/100|[from] Recoil
|
|-weather|SunnyDay|[upkeep]
|-heal|p2b: Flutter Mane|7/100|[from] Grassy Terrain
|-heal|p2a: Koraidon|72/100|[from] Grassy Terrain
|-heal|p1b: Zamazenta|49/100|[from] Grassy Terrain
|upkeep
|
|t:|1750713186
|switch|p1a: Tauros|Tauros-Paldea-Aqua, L50, M|100/100
|-ability|p1a: Tauros|Intimidate|boost
|-unboost|p2a: Koraidon|atk|1
|-unboost|p2b: Flutter Mane|atk|1
|turn|4
|
|t:|1750713201
|move|p2b: Flutter Mane|Protect|p2b: Flutter Mane
|-singleturn|p2b: Flutter Mane|Protect
|move|p1a: Tauros|Aqua Jet|p2b: Flutter Mane
|-activate|p2b: Flutter Mane|move: Protect
|move|p2a: Koraidon|Flare Blitz|p1b: Zamazenta
|-supereffective|p1b: Zamazenta
|-damage|p1b: Zamazenta|4/100
|-damage|p2a: Koraidon|56/100|[from] Recoil
|move|p1b: Zamazenta|Body Press|p2a: Koraidon
|-damage|p2a: Koraidon|0 fnt
|faint|p2a: Koraidon
|
|-weather|SunnyDay|[upkeep]
|-heal|p2b: Flutter Mane|14/100|[from] Grassy Terrain
|-heal|p1b: Zamazenta|10/100|[from] Grassy Terrain
|upkeep
|
|t:|1750713213
|switch|p2a: Chien-Pao|Chien-Pao, L50|100/100
|-ability|p2a: Chien-Pao|Sword of Ruin
|turn|5
|inactive|Redhoundoom has 30 seconds left.
|
|t:|1750713243
|move|p1b: Zamazenta|Protect|p1b: Zamazenta
|-singleturn|p1b: Zamazenta|Protect
|move|p1a: Tauros|Aqua Jet|p2b: Flutter Mane
|-damage|p2b: Flutter Mane|0 fnt
|faint|p2b: Flutter Mane
|-end|p2b: Flutter Mane|Protosynthesis|[silent]
|move|p2a: Chien-Pao|Sacred Sword|p1b: Zamazenta
|-activate|p1b: Zamazenta|move: Protect
|
|-weather|none
|-heal|p1b: Zamazenta|16/100|[from] Grassy Terrain
|upkeep
|turn|6
|c|☆mlm2017|Gg
|
|t:|1750713265
|-terastallize|p1a: Tauros|Water
|move|p1a: Tauros|Aqua Jet|p2a: Chien-Pao
|-damage|p2a: Chien-Pao|70/100
|move|p2a: Chien-Pao|Sacred Sword|p1b: Zamazenta
|-supereffective|p1b: Zamazenta
|-damage|p1b: Zamazenta|0 fnt
|faint|p1b: Zamazenta
|
|-heal|p2a: Chien-Pao|75/100|[from] Grassy Terrain
|upkeep
|turn|7
|
|t:|1750713279
|move|p2a: Chien-Pao|Sacred Sword|p1a: Tauros
|-damage|p1a: Tauros|56/100
|move|p1a: Tauros|Close Combat|p2a: Chien-Pao
|-supereffective|p2a: Chien-Pao
|-damage|p2a: Chien-Pao|0 fnt
|-unboost|p1a: Tauros|def|1
|-unboost|p1a: Tauros|spd|1
|faint|p2a: Chien-Pao
|
|win|Redhoundoom
|raw|Redhoundoom's rating: 1374 &rarr; <strong>1395</strong><br />(+21 for winning)
|raw|mlm2017's rating: 1387 &rarr; <strong>1366</strong><br />(-21 for losing)
|l|☆mlm2017
|player|p2|
|l|☆Redhoundoom
|player|p1|
