|j|☆plsdontspeaktome
|j|☆17Alex9
|t:|1750846204
|gametype|doubles
|player|p1|plsdontspeaktome|265|1143
|player|p2|17Alex9|harlequin|1124
|teamsize|p1|5
|teamsize|p2|6
|gen|9
|tier|[Gen 9] VGC 2025 Reg I
|rated|
|rule|Species Clause: Limit one of each Pokémon
|rule|Item Clause: Limit 1 of each item
|clearpoke
|poke|p1|Regieleki, L50|
|poke|p1|Rillaboom, L50, M|
|poke|p1|Incineroar, L50, M|
|poke|p1|Calyrex-Shadow, L50|
|poke|p1|Zacian-*, L50|
|poke|p2|Dragapult, L50, M|
|poke|p2|Calyrex-Shadow, L50|
|poke|p2|Walking Wake, L50|
|poke|p2|Empoleon, L50, M|
|poke|p2|Terapagos, L50, M|
|poke|p2|Incineroar, L50, M|
|teampreview|4
|inactive|Battle timer is ON: inactive players will automatically lose when time's up. (requested by plsdontspeaktome)
|inactive|17Alex9 has 60 seconds left.
|c|☆17Alex9|Gen 8 meta aaahh team
|inactive|17Alex9 has 30 seconds left.
|
|t:|1750846268
|start
|switch|p1a: Regieleki|Regieleki, L50|100/100
|switch|p1b: Calyrex|Calyrex-Shadow, L50|100/100
|switch|p2a: Empoleon|Empoleon, L50, M, shiny|100/100
|switch|p2b: Incineroar|Incineroar, L50, M, shiny|100/100
|-ability|p1b: Calyrex|As One
|-ability|p1b: Calyrex|Unnerve
|-ability|p2b: Incineroar|Intimidate|boost
|-unboost|p1a: Regieleki|atk|1
|-unboost|p1b: Calyrex|atk|1
|turn|1
|
|t:|1750846287
|-terastallize|p1b: Calyrex|Dark
|-terastallize|p2a: Empoleon|Grass
|move|p1a: Regieleki|Electroweb|p2b: Incineroar|[spread] p2a,p2b
|-resisted|p2a: Empoleon
|-crit|p2a: Empoleon
|-damage|p2a: Empoleon|82/100
|-damage|p2b: Incineroar|81/100
|-unboost|p2b: Incineroar|spe|1
|move|p1b: Calyrex|Astral Barrage|p2a: Empoleon|[spread] p2a,p2b
|-resisted|p2b: Incineroar
|-damage|p2a: Empoleon|14/100
|-damage|p2b: Incineroar|52/100
|-damage|p1b: Calyrex|91/100|[from] item: Life Orb
|move|p2a: Empoleon|Whirlpool|p1b: Calyrex
|-damage|p1b: Calyrex|71/100
|-activate|p1b: Calyrex|move: Whirlpool|[of] p2a: Empoleon
|move|p2b: Incineroar|Parting Shot|p1b: Calyrex
|-unboost|p1b: Calyrex|atk|1
|-unboost|p1b: Calyrex|spa|1
|
|t:|1750846311
|switch|p2b: Terapagos|Terapagos, L50, M|100/100|[from] Parting Shot
|-activate|p2b: Terapagos|ability: Tera Shift
|detailschange|p2b: Terapagos|Terapagos-Terastal, L50, M
|-heal|p2b: Terapagos|100/100|[silent]
|
|-damage|p1b: Calyrex|59/100|[from] move: Whirlpool|[partiallytrapped]
|upkeep
|turn|2
|inactive|plsdontspeaktome has 30 seconds left.
|inactive|plsdontspeaktome has 20 seconds left.
|inactive|plsdontspeaktome has 15 seconds left.
|inactive|plsdontspeaktome has 10 seconds left.
|
|t:|1750846361
|move|p1a: Regieleki|Volt Switch|p2b: Terapagos
|-activate|p2b: Terapagos|ability: Tera Shell
|-resisted|p2b: Terapagos
|-damage|p2b: Terapagos|83/100
|
|t:|1750846368
|switch|p1a: Zacian|Zacian-Crowned, L50|100/100|[from] Volt Switch
|-ability|p1a: Zacian|Intrepid Sword|boost
|-boost|p1a: Zacian|atk|1
|move|p1b: Calyrex|Pollen Puff|p2a: Empoleon
|-supereffective|p2a: Empoleon
|-crit|p2a: Empoleon
|-damage|p2a: Empoleon|0 fnt
|faint|p2a: Empoleon
|-ability|p1b: Calyrex|Grim Neigh|boost
|-boost|p1b: Calyrex|spa|1
|-damage|p1b: Calyrex|50/100|[from] item: Life Orb
|move|p2b: Terapagos|Calm Mind|p2b: Terapagos
|-boost|p2b: Terapagos|spa|1
|-boost|p2b: Terapagos|spd|1
|
|-heal|p2b: Terapagos|89/100|[from] item: Leftovers
|-end|p1b: Calyrex|Whirlpool|[partiallytrapped]|[silent]
|upkeep
|
|t:|1750846382
|switch|p2a: Incineroar|Incineroar, L50, M, shiny|52/100
|-ability|p2a: Incineroar|Intimidate|boost
|-unboost|p1a: Zacian|atk|1
|-unboost|p1b: Calyrex|atk|1
|turn|3
|
|t:|1750846403
|switch|p1a: Incineroar|Incineroar, L50, M|100/100
|-ability|p1a: Incineroar|Intimidate|boost
|-unboost|p2a: Incineroar|atk|1
|-unboost|p2b: Terapagos|atk|1
|move|p1b: Calyrex|Psychic|p2b: Terapagos
|-damage|p2b: Terapagos|50/100
|-damage|p1b: Calyrex|40/100|[from] item: Life Orb
|move|p2b: Terapagos|Tera Starstorm|p1b: Calyrex
|-damage|p1b: Calyrex|0 fnt
|faint|p1b: Calyrex
|move|p2a: Incineroar|Flare Blitz|p1a: Incineroar
|-resisted|p1a: Incineroar
|-damage|p1a: Incineroar|87/100
|-damage|p2a: Incineroar|48/100|[from] Recoil
|
|-heal|p2b: Terapagos|56/100|[from] item: Leftovers
|upkeep
|
|t:|1750846417
|switch|p1b: Zacian|Zacian-Crowned, L50|100/100
|turn|4
|
|t:|1750846433
|switch|p2a: THE HORSE|Calyrex-Shadow, L50|100/100
|-ability|p2a: THE HORSE|As One
|-ability|p2a: THE HORSE|Unnerve
|move|p2b: Terapagos|Protect|p2b: Terapagos
|-singleturn|p2b: Terapagos|Protect
|move|p1a: Incineroar|Fake Out|p2a: THE HORSE
|-immune|p2a: THE HORSE
|move|p1b: Zacian|Behemoth Blade|p2b: Terapagos
|-activate|p2b: Terapagos|move: Protect
|
|-heal|p2b: Terapagos|62/100|[from] item: Leftovers
|upkeep
|turn|5
|inactive|17Alex9 has 30 seconds left.
|
|t:|1750846465
|switch|p2a: Incineroar|Incineroar, L50, M, shiny|48/100
|-ability|p2a: Incineroar|Intimidate|boost
|-unboost|p1a: Incineroar|atk|1
|-unboost|p1b: Zacian|atk|1
|move|p1b: Zacian|Protect|p1b: Zacian
|-singleturn|p1b: Zacian|Protect
|move|p2b: Terapagos|Earth Power|p1a: Incineroar
|-supereffective|p1a: Incineroar
|-crit|p1a: Incineroar
|-damage|p1a: Incineroar|0 fnt
|faint|p1a: Incineroar
|
|-heal|p2b: Terapagos|68/100|[from] item: Leftovers
|upkeep
|
|t:|1750846475
|switch|p1a: Regieleki|Regieleki, L50|100/100
|turn|6
|-message|plsdontspeaktome forfeited.
|
|win|17Alex9
|raw|plsdontspeaktome's rating: 1143 &rarr; <strong>1117</strong><br />(-26 for losing)
|raw|17Alex9's rating: 1124 &rarr; <strong>1150</strong><br />(+26 for winning)
|l|☆plsdontspeaktome
|player|p1|
|l|☆17Alex9
|player|p2|
