|j|☆digederoo
|j|☆mondayvgc
|t:|1750854825
|gametype|doubles
|player|p1|digederoo|pilot|1163
|player|p2|mondayvgc|169|1171
|teamsize|p1|6
|teamsize|p2|6
|gen|9
|tier|[Gen 9] VGC 2025 Reg I
|rated|
|rule|Species Clause: Limit one of each Pokémon
|rule|Item Clause: Limit 1 of each item
|clearpoke
|poke|p1|Terapagos, L50, M|
|poke|p1|Smeargle, L50, M|
|poke|p1|Calyrex-Ice, L50|
|poke|p1|Incineroar, L50, F|
|poke|p1|Pelipper, L50, F|
|poke|p1|Urshifu-*, L50, M|
|poke|p2|Ursaluna-Bloodmoon, L50, M|
|poke|p2|Indeedee-F, L50, F|
|poke|p2|Iron Valiant, L50|
|poke|p2|Lunala, L50|
|poke|p2|Miraidon, L50|
|poke|p2|Goodra-Hisui, L50, F|
|teampreview|4
|
|t:|1750854861
|start
|switch|p1a: Urshifu|Urshifu-Rapid-Strike, L50, M|100/100
|switch|p1b: Terapagos|Terapagos, L50, M|100/100
|switch|p2a: Miraidon|Miraidon, L50|100/100
|switch|p2b: Iron Valiant|Iron Valiant, L50|100/100
|-activate|p1b: Terapagos|ability: Tera Shift
|detailschange|p1b: Terapagos|Terapagos-Terastal, L50, M
|-heal|p1b: Terapagos|100/100|[silent]
|-fieldstart|move: Electric Terrain|[from] ability: Hadron Engine|[of] p2a: Miraidon
|-activate|p2b: Iron Valiant|ability: Quark Drive
|-start|p2b: Iron Valiant|quarkdrivespe
|turn|1
|
|t:|1750854888
|-terastallize|p1b: Terapagos|Stellar
|detailschange|p1b: Terapagos|Terapagos-Stellar, L50, M, tera:Stellar
|-heal|p1b: Terapagos|100/100|[silent]
|-ability|p1b: Terapagos|Teraform Zero
|-fieldend|move: Electric Terrain
|-end|p2b: Iron Valiant|Quark Drive
|-enditem|p2b: Iron Valiant|Booster Energy
|-activate|p2b: Iron Valiant|ability: Quark Drive|[fromitem]
|-start|p2b: Iron Valiant|quarkdrivespe
|move|p2a: Miraidon|Volt Switch|p1b: Terapagos
|-damage|p1b: Terapagos|77/100
|
|t:|1750854899
|switch|p2a: Goodra|Goodra-Hisui, L50, F, shiny|100/100|[from] Volt Switch
|move|p2b: Iron Valiant|Spirit Break|p1a: Urshifu
|-supereffective|p1a: Urshifu
|-damage|p1a: Urshifu|31/100
|-unboost|p1a: Urshifu|spa|1
|move|p1a: Urshifu|Surging Strikes|p2b: Iron Valiant
|-crit|p2b: Iron Valiant
|-damage|p2b: Iron Valiant|80/100
|-crit|p2b: Iron Valiant
|-damage|p2b: Iron Valiant|57/100
|-crit|p2b: Iron Valiant
|-damage|p2b: Iron Valiant|34/100
|-hitcount|p2b: Iron Valiant|3
|move|p1b: Terapagos|Meteor Beam||[still]
|-prepare|p1b: Terapagos|Meteor Beam
|-boost|p1b: Terapagos|spa|1
|-enditem|p1b: Terapagos|Power Herb
|-anim|p1b: Terapagos|Meteor Beam|p2a: Goodra
|-resisted|p2a: Goodra
|-damage|p2a: Goodra|74/100
|
|-heal|p2a: Goodra|80/100|[from] item: Leftovers
|upkeep
|turn|2
|
|t:|1750854935
|move|p1b: Terapagos|Protect|p1b: Terapagos
|-singleturn|p1b: Terapagos|Protect
|move|p2b: Iron Valiant|Feint|p1b: Terapagos
|-activate|p1b: Terapagos|move: Feint
|-damage|p1b: Terapagos|71/100
|move|p1a: Urshifu|Surging Strikes|p2b: Iron Valiant
|-crit|p2b: Iron Valiant
|-damage|p2b: Iron Valiant|14/100
|-crit|p2b: Iron Valiant
|-damage|p2b: Iron Valiant|0 fnt
|faint|p2b: Iron Valiant
|-end|p2b: Iron Valiant|Quark Drive|[silent]
|-hitcount|p2: Iron Valiant|2
|move|p2a: Goodra|Body Press|p1b: Terapagos
|-supereffective|p1b: Terapagos
|-damage|p1b: Terapagos|40/100
|
|-heal|p2a: Goodra|87/100|[from] item: Leftovers
|upkeep
|
|t:|1750854950
|switch|p2b: Miraidon|Miraidon, L50|100/100
|-fieldstart|move: Electric Terrain|[from] ability: Hadron Engine|[of] p2b: Miraidon
|turn|3
|
|t:|1750854980
|switch|p1a: Calyrex|Calyrex-Ice, L50|100/100
|-ability|p1a: Calyrex|As One
|-ability|p1a: Calyrex|Unnerve
|switch|p1b: Pelipper|Pelipper, L50, F|100/100
|-weather|RainDance|[from] ability: Drizzle|[of] p1b: Pelipper
|move|p2b: Miraidon|Volt Switch|p1a: Calyrex
|-damage|p1a: Calyrex|58/100
|
|t:|1750854992
|switch|p2b: Indeedee|Indeedee-F, L50, F|100/100|[from] Volt Switch
|-fieldstart|move: Psychic Terrain|[from] ability: Psychic Surge|[of] p2b: Indeedee
|-enditem|p2b: Indeedee|Psychic Seed
|-boost|p2b: Indeedee|spd|1|[from] item: Psychic Seed
|move|p2a: Goodra|Shelter|p2a: Goodra
|-boost|p2a: Goodra|def|2
|
|-weather|RainDance|[upkeep]
|-heal|p2a: Goodra|93/100|[from] item: Leftovers
|upkeep
|turn|4
|
|t:|1750855012
|move|p1b: Pelipper|Tailwind|p1b: Pelipper
|-sidestart|p1: digederoo|move: Tailwind
|move|p1a: Calyrex|Glacial Lance|p2b: Indeedee|[spread] p2a,p2b
|-damage|p2a: Goodra|73/100
|-damage|p2b: Indeedee|27/100
|move|p2b: Indeedee|Psychic|p1b: Pelipper
|-damage|p1b: Pelipper|43/100
|move|p2a: Goodra|Shelter|p2a: Goodra
|-boost|p2a: Goodra|def|2
|
|-weather|RainDance|[upkeep]
|-heal|p2a: Goodra|79/100|[from] item: Leftovers
|upkeep
|turn|5
|
|t:|1750855026
|move|p2b: Indeedee|Helping Hand|p2a: Goodra
|-singleturn|p2a: Goodra|Helping Hand|[of] p2b: Indeedee
|move|p1b: Pelipper|Weather Ball|p2a: Goodra
|-resisted|p2a: Goodra
|-damage|p2a: Goodra|49/100
|-damage|p1b: Pelipper|33/100|[from] item: Life Orb
|move|p1a: Calyrex|Glacial Lance|p2b: Indeedee|[spread] p2a,p2b
|-damage|p2a: Goodra|34/100
|-damage|p2b: Indeedee|0 fnt
|faint|p2b: Indeedee
|-ability|p1a: Calyrex|Chilling Neigh|boost
|-boost|p1a: Calyrex|atk|1
|move|p2a: Goodra|Body Press|p1a: Calyrex
|-damage|p1a: Calyrex|0 fnt
|faint|p1a: Calyrex
|
|-weather|RainDance|[upkeep]
|-heal|p2a: Goodra|40/100|[from] item: Leftovers
|upkeep
|
|t:|1750855047
|switch|p2b: Miraidon|Miraidon, L50|100/100
|switch|p1a: Terapagos|Terapagos-Stellar, L50, M, tera:Stellar|40/100
|-fieldstart|move: Electric Terrain|[from] ability: Hadron Engine|[of] p2b: Miraidon
|turn|6
|
|t:|1750855070
|move|p2b: Miraidon|Electro Drift|p1a: Terapagos
|-damage|p1a: Terapagos|0 fnt
|faint|p1a: Terapagos
|detailschange|p1: Terapagos|Terapagos, L50, M|[silent]
|move|p1b: Pelipper|Weather Ball|p2b: Miraidon
|-resisted|p2b: Miraidon
|-damage|p2b: Miraidon|57/100
|-damage|p1b: Pelipper|23/100|[from] item: Life Orb
|move|p2a: Goodra|Body Press|p1b: Pelipper
|-resisted|p1b: Pelipper
|-damage|p1b: Pelipper|0 fnt
|faint|p1b: Pelipper
|
|-weather|RainDance|[upkeep]
|-heal|p2a: Goodra|47/100|[from] item: Leftovers
|upkeep
|-message|digederoo forfeited.
|
|win|mondayvgc
|raw|digederoo's rating: 1163 &rarr; <strong>1139</strong><br />(-24 for losing)
|raw|mondayvgc's rating: 1171 &rarr; <strong>1195</strong><br />(+24 for winning)
|l|☆digederoo
|player|p1|
|l|☆mondayvgc
|player|p2|
