|j|☆strikermohamud
|j|☆FalconInAFedora
|t:|1750801453
|gametype|doubles
|player|p1|strikermohamud|unknown|1348
|player|p2|FalconInAFedora|yellow|1308
|teamsize|p1|6
|teamsize|p2|6
|gen|9
|tier|[Gen 9] VGC 2025 Reg I
|rated|
|rule|Species Clause: Limit one of each Pokémon
|rule|Item Clause: Limit 1 of each item
|clearpoke
|poke|p1|Gothitelle, L50, M|
|poke|p1|Scream Tail, L50|
|poke|p1|Amoonguss, L50, F|
|poke|p1|Koraidon, L50|
|poke|p1|Calyrex-Shadow, L50|
|poke|p1|Incineroar, L50, F|
|poke|p2|Giratina-Origin, L50|
|poke|p2|Zamazenta-*, L50|
|poke|p2|Chien-Pao, L50|
|poke|p2|Entei, L50|
|poke|p2|Urshifu-*, L50, M|
|poke|p2|Rillaboom, L50, M|
|teampreview|4
|inactive|Battle timer is ON: inactive players will automatically lose when time's up. (requested by FalconInAFedora)
|inactive|strikermohamud has 60 seconds left.
|
|t:|1750801499
|start
|switch|p1a: Koraidon|Koraidon, L50|100/100
|switch|p1b: Scream Tail|Scream Tail, L50, shiny|100/100
|switch|p2a: Tiny Tina|Giratina-Origin, L50, shiny|100/100
|switch|p2b: Excited Evan|Entei, L50, shiny|100/100
|-weather|SunnyDay|[from] ability: Orichalcum Pulse|[of] p1a: Koraidon
|-activate|p1b: Scream Tail|ability: Protosynthesis
|-start|p1b: Scream Tail|protosynthesisspe
|-activate|p1a: Koraidon|Orichalcum Pulse|[source]
|turn|1
|inactive|FalconInAFedora has 30 seconds left.
|
|t:|1750801526
|move|p1b: Scream Tail|Protect|p1b: Scream Tail
|-singleturn|p1b: Scream Tail|Protect
|move|p2a: Tiny Tina|Shadow Sneak|p1b: Scream Tail
|-activate|p1b: Scream Tail|move: Protect
|move|p1a: Koraidon|Close Combat|p2b: Excited Evan
|-damage|p2b: Excited Evan|1/100
|-unboost|p1a: Koraidon|def|1
|-unboost|p1a: Koraidon|spd|1
|-damage|p1a: Koraidon|91/100|[from] item: Life Orb
|move|p2b: Excited Evan|Stone Edge|p1a: Koraidon
|-resisted|p1a: Koraidon
|-damage|p1a: Koraidon|58/100
|-damage|p2b: Excited Evan|0 fnt|[from] item: Life Orb
|faint|p2b: Excited Evan
|
|-weather|SunnyDay|[upkeep]
|upkeep
|
|t:|1750801537
|switch|p2b: Wide Wade|Zamazenta-Crowned, L50|100/100
|-ability|p2b: Wide Wade|Dauntless Shield|boost
|-boost|p2b: Wide Wade|def|1
|turn|2
|
|t:|1750801549
|switch|p1a: Gothitelle|Gothitelle, L50, M|100/100
|-terastallize|p2b: Wide Wade|Ghost
|move|p2a: Tiny Tina|Protect|p2a: Tiny Tina
|-singleturn|p2a: Tiny Tina|Protect
|move|p1b: Scream Tail|Perish Song|p1b: Scream Tail
|-start|p1a: Gothitelle|perish3|[silent]
|-start|p1b: Scream Tail|perish3|[silent]
|-start|p2a: Tiny Tina|perish3|[silent]
|-start|p2b: Wide Wade|perish3|[silent]
|-fieldactivate|move: Perish Song
|move|p2b: Wide Wade|Body Press|p1a: Gothitelle
|-resisted|p1a: Gothitelle
|-damage|p1a: Gothitelle|69/100
|
|-weather|SunnyDay|[upkeep]
|-heal|p1a: Gothitelle|75/100|[from] item: Leftovers
|-start|p1b: Scream Tail|perish3
|-start|p2b: Wide Wade|perish3
|-start|p2a: Tiny Tina|perish3
|-start|p1a: Gothitelle|perish3
|upkeep
|turn|3
|
|t:|1750801562
|switch|p2a: Cold Charlie|Chien-Pao, L50|100/100
|-ability|p2a: Cold Charlie|Sword of Ruin
|move|p1a: Gothitelle|Protect|p1a: Gothitelle
|-singleturn|p1a: Gothitelle|Protect
|move|p1b: Scream Tail|Encore||[still]
|-fail|p1b: Scream Tail
|move|p2b: Wide Wade|Behemoth Bash|p1b: Scream Tail
|-supereffective|p1b: Scream Tail
|-crit|p1b: Scream Tail
|-damage|p1b: Scream Tail|0 fnt
|faint|p1b: Scream Tail
|-end|p1b: Scream Tail|Protosynthesis|[silent]
|
|-weather|SunnyDay|[upkeep]
|-heal|p1a: Gothitelle|82/100|[from] item: Leftovers
|-start|p2b: Wide Wade|perish2
|-start|p1a: Gothitelle|perish2
|upkeep
|inactive|strikermohamud has 30 seconds left.
|
|t:|1750801589
|switch|p1b: Calyrex|Calyrex-Shadow, L50|100/100
|-ability|p1b: Calyrex|As One
|-ability|p1b: Calyrex|Unnerve
|turn|4
|
|t:|1750801607
|move|p1b: Calyrex|Protect|p1b: Calyrex
|-singleturn|p1b: Calyrex|Protect
|move|p2b: Wide Wade|Wide Guard|p2b: Wide Wade
|-singleturn|p2b: Wide Wade|Wide Guard
|move|p2a: Cold Charlie|Crunch|p1a: Gothitelle
|-supereffective|p1a: Gothitelle
|-damage|p1a: Gothitelle|0 fnt
|faint|p1a: Gothitelle
|
|-weather|SunnyDay|[upkeep]
|-start|p2b: Wide Wade|perish1
|upkeep
|
|t:|1750801615
|switch|p1a: Koraidon|Koraidon, L50|58/100
|-activate|p1a: Koraidon|ability: Orichalcum Pulse
|turn|5
|inactive|FalconInAFedora has 30 seconds left.
|inactive|FalconInAFedora has 20 seconds left.
|
|t:|1750801652
|-terastallize|p1b: Calyrex|Normal
|move|p2a: Cold Charlie|Sucker Punch|p1b: Calyrex
|-damage|p1b: Calyrex|42/100
|move|p1b: Calyrex|Astral Barrage|p2a: Cold Charlie|[spread] p2a,p2b
|-resisted|p2a: Cold Charlie
|-supereffective|p2b: Wide Wade
|-damage|p2a: Cold Charlie|52/100
|-damage|p2b: Wide Wade|12/100
|move|p1a: Koraidon|Flame Charge|p2a: Cold Charlie
|-supereffective|p2a: Cold Charlie
|-damage|p2a: Cold Charlie|0 fnt
|-boost|p1a: Koraidon|spe|1
|faint|p2a: Cold Charlie
|-damage|p1a: Koraidon|48/100|[from] item: Life Orb
|move|p2b: Wide Wade|Body Press|p1a: Koraidon
|-crit|p1a: Koraidon
|-damage|p1a: Koraidon|0 fnt
|faint|p1a: Koraidon
|
|-weather|none
|-start|p2b: Wide Wade|perish0
|upkeep
|faint|p2b: Wide Wade
|
|t:|1750801667
|switch|p2b: Tiny Tina|Giratina-Origin, L50, shiny|100/100
|turn|6
|
|t:|1750801671
|move|p1b: Calyrex|Astral Barrage|p2b: Tiny Tina
|-supereffective|p2b: Tiny Tina
|-damage|p2b: Tiny Tina|0 fnt
|faint|p2b: Tiny Tina
|
|win|strikermohamud
|raw|strikermohamud's rating: 1348 &rarr; <strong>1366</strong><br />(+18 for winning)
|raw|FalconInAFedora's rating: 1308 &rarr; <strong>1290</strong><br />(-18 for losing)
