|j|☆drakkulll
|j|☆Esh009
|t:|1750773750
|gametype|doubles
|player|p1|drakkulll|giovanni|1245
|player|p2|Esh009|bruno|1281
|teamsize|p1|6
|teamsize|p2|6
|gen|9
|tier|[Gen 9] VGC 2025 Reg I
|rated|
|rule|Species Clause: Limit one of each Pokémon
|rule|Item Clause: Limit 1 of each item
|clearpoke
|poke|p1|Mightyena, L50, M|
|poke|p1|Lycanroc-Midnight, L50, M|
|poke|p1|Tyranitar, L50, F|
|poke|p1|Lunala, L50|
|poke|p1|Zamazenta-*, L50|
|poke|p1|Raging Bolt, L50|
|poke|p2|Calyrex-Shadow, L50|
|poke|p2|Terapagos, L50, M|
|poke|p2|Rillaboom, L50, M|
|poke|p2|Incineroar, L50, M|
|poke|p2|Urshifu-*, L50, M|
|poke|p2|Ogerpon-Cornerstone, L50, F|
|teampreview|4
|inactive|Battle timer is ON: inactive players will automatically lose when time's up. (requested by drakkulll)
|
|t:|1750773797
|start
|switch|p1a: Cthulu|Mightyena, L50, M|100/100
|switch|p1b: Roma|Tyranitar, L50, F|100/100
|switch|p2a: Rillaboom|Rillaboom, L50, M|100/100
|switch|p2b: Urshifu|Urshifu-Rapid-Strike, L50, M|100/100
|-fieldstart|move: Grassy Terrain|[from] ability: Grassy Surge|[of] p2a: Rillaboom
|-ability|p1a: Cthulu|Intimidate|boost
|-unboost|p2a: Rillaboom|atk|1
|-unboost|p2b: Urshifu|atk|1
|-weather|Sandstorm|[from] ability: Sand Stream|[of] p1b: Roma
|turn|1
|inactive|Esh009 has 30 seconds left.
|inactive|Esh009 has 20 seconds left.
|
|t:|1750773836
|switch|p1b: Jesus|Lunala, L50|100/100
|move|p2a: Rillaboom|Fake Out|p1b: Jesus
|-immune|p1b: Jesus
|move|p2b: Urshifu|Close Combat|p1b: Jesus
|-immune|p1b: Jesus
|move|p1a: Cthulu|Yawn|p2b: Urshifu
|-start|p2b: Urshifu|move: Yawn|[of] p1a: Cthulu
|
|-weather|Sandstorm|[upkeep]
|-damage|p2b: Urshifu|95/100|[from] Sandstorm
|-damage|p2a: Rillaboom|95/100|[from] Sandstorm
|-damage|p1b: Jesus|94/100|[from] Sandstorm
|-damage|p1a: Cthulu|94/100|[from] Sandstorm
|-heal|p2b: Urshifu|100/100|[from] Grassy Terrain
|-heal|p2a: Rillaboom|100/100|[from] Grassy Terrain
|-heal|p1b: Jesus|100/100|[from] Grassy Terrain
|-heal|p1a: Cthulu|100/100|[from] Grassy Terrain
|upkeep
|turn|2
|inactive|Esh009 has 30 seconds left.
|
|t:|1750773868
|switch|p2b: Incineroar|Incineroar, L50, M|100/100
|-ability|p2b: Incineroar|Intimidate|boost
|-unboost|p1a: Cthulu|atk|1
|-unboost|p1b: Jesus|atk|1
|move|p2a: Rillaboom|Knock Off|p1b: Jesus
|-supereffective|p1b: Jesus
|-damage|p1b: Jesus|71/100
|-enditem|p1b: Jesus|Power Herb|[from] move: Knock Off|[of] p2a: Rillaboom
|move|p1a: Cthulu|Yawn|p2a: Rillaboom
|-start|p2a: Rillaboom|move: Yawn|[of] p1a: Cthulu
|move|p1b: Jesus|Trick Room|p1b: Jesus
|-fieldstart|move: Trick Room|[of] p1b: Jesus
|
|-weather|Sandstorm|[upkeep]
|-damage|p1a: Cthulu|94/100|[from] Sandstorm
|-damage|p1b: Jesus|65/100|[from] Sandstorm
|-damage|p2b: Incineroar|94/100|[from] Sandstorm
|-damage|p2a: Rillaboom|95/100|[from] Sandstorm
|-heal|p1a: Cthulu|100/100|[from] Grassy Terrain
|-heal|p1b: Jesus|71/100|[from] Grassy Terrain
|-heal|p2b: Incineroar|100/100|[from] Grassy Terrain
|-heal|p2a: Rillaboom|100/100|[from] Grassy Terrain
|upkeep
|turn|3
|inactive|drakkulll has 30 seconds left.
|inactive|Esh009 has 30 seconds left.
|inactive|Esh009 has 20 seconds left.
|inactive|Esh009 has 15 seconds left.
|inactive|Esh009 has 10 seconds left.
|
|t:|1750773914
|switch|p1b: katulu|Lycanroc-Midnight, L50, M|100/100
|move|p2b: Incineroar|Fake Out|p1a: Cthulu
|-damage|p1a: Cthulu|89/100
|cant|p1a: Cthulu|flinch
|move|p2a: Rillaboom|Drum Beating|p1b: katulu
|-supereffective|p1b: katulu
|-damage|p1b: katulu|18/100
|-unboost|p1b: katulu|spe|1
|
|-weather|Sandstorm|[upkeep]
|-damage|p1a: Cthulu|83/100|[from] Sandstorm
|-damage|p2b: Incineroar|94/100|[from] Sandstorm
|-damage|p2a: Rillaboom|95/100|[from] Sandstorm
|-heal|p1b: katulu|24/100|[from] Grassy Terrain
|-heal|p1b: katulu|30/100|[from] item: Leftovers
|-heal|p1a: Cthulu|89/100|[from] Grassy Terrain
|-heal|p2b: Incineroar|100/100|[from] Grassy Terrain
|-heal|p2a: Rillaboom|100/100|[from] Grassy Terrain
|-end|p2a: Rillaboom|move: Yawn|[silent]
|-status|p2a: Rillaboom|slp
|upkeep
|turn|4
|inactive|Esh009 has 30 seconds left.
|inactive|Esh009 has 20 seconds left.
|inactive|Esh009 has 15 seconds left.
|inactive|Esh009 has 10 seconds left.
|
|t:|1750773963
|switch|p2b: Urshifu|Urshifu-Rapid-Strike, L50, M|100/100
|move|p1a: Cthulu|Helping Hand|p1b: katulu
|-singleturn|p1b: katulu|Helping Hand|[of] p1a: Cthulu
|cant|p2a: Rillaboom|slp
|move|p1b: katulu|Rock Slide|p2b: Urshifu|[spread] p2a,p2b
|-resisted|p2b: Urshifu
|-damage|p2a: Rillaboom|49/100 slp
|-damage|p2b: Urshifu|78/100
|
|-weather|Sandstorm|[upkeep]
|-damage|p1a: Cthulu|83/100|[from] Sandstorm
|-damage|p2a: Rillaboom|43/100 slp|[from] Sandstorm
|-damage|p2b: Urshifu|72/100|[from] Sandstorm
|-heal|p1b: katulu|37/100|[from] Grassy Terrain
|-heal|p1b: katulu|43/100|[from] item: Leftovers
|-heal|p1a: Cthulu|89/100|[from] Grassy Terrain
|-heal|p2a: Rillaboom|49/100 slp|[from] Grassy Terrain
|-heal|p2b: Urshifu|78/100|[from] Grassy Terrain
|upkeep
|turn|5
|inactive|Esh009 has 30 seconds left.
|inactive|Esh009 has 20 seconds left.
|inactive|Esh009 has 15 seconds left.
|
|t:|1750774006
|-terastallize|p2b: Urshifu|Water
|move|p2b: Urshifu|Aqua Jet|p1b: katulu
|-supereffective|p1b: katulu
|-damage|p1b: katulu|0 fnt
|faint|p1b: katulu
|move|p1a: Cthulu|Foul Play|p2a: Rillaboom
|-damage|p2a: Rillaboom|14/100 slp
|-curestatus|p2a: Rillaboom|slp|[msg]
|move|p2a: Rillaboom|Drum Beating|p1a: Cthulu
|-damage|p1a: Cthulu|50/100
|-unboost|p1a: Cthulu|spe|1
|-enditem|p1a: Cthulu|Sitrus Berry|[eat]
|-heal|p1a: Cthulu|75/100|[from] item: Sitrus Berry
|
|-weather|none
|-heal|p1a: Cthulu|81/100|[from] Grassy Terrain
|-heal|p2a: Rillaboom|20/100|[from] Grassy Terrain
|-heal|p2b: Urshifu|84/100|[from] Grassy Terrain
|-fieldend|move: Grassy Terrain
|upkeep
|
|t:|1750774016
|switch|p1b: Roma|Tyranitar, L50, F|100/100
|-weather|Sandstorm|[from] ability: Sand Stream|[of] p1b: Roma
|turn|6
|inactive|Esh009 has 30 seconds left.
|inactive|drakkulll has 30 seconds left.
|
|t:|1750774048
|switch|p2a: Incineroar|Incineroar, L50, M|100/100
|-ability|p2a: Incineroar|Intimidate|boost
|-unboost|p1a: Cthulu|atk|1
|-unboost|p1b: Roma|atk|1
|move|p2b: Urshifu|Aqua Jet|p1b: Roma
|-supereffective|p1b: Roma
|-damage|p1b: Roma|58/100
|move|p1a: Cthulu|Foul Play|p2a: Incineroar
|-resisted|p2a: Incineroar
|-damage|p2a: Incineroar|82/100
|-damage|p1a: Cthulu|64/100|[from] item: Rocky Helmet|[of] p2a: Incineroar
|move|p1b: Roma|Knock Off|p2b: Urshifu
|-damage|p2b: Urshifu|41/100
|-enditem|p2b: Urshifu|Choice Scarf|[from] move: Knock Off|[of] p1b: Roma
|
|-weather|Sandstorm|[upkeep]
|-damage|p1a: Cthulu|58/100|[from] Sandstorm
|-damage|p2a: Incineroar|76/100|[from] Sandstorm
|-damage|p2b: Urshifu|35/100|[from] Sandstorm
|-fieldend|move: Trick Room
|upkeep
|turn|7
|inactive|Esh009 has 30 seconds left.
|
|t:|1750774073
|-terastallize|p1b: Roma|Flying
|move|p2a: Incineroar|Fake Out|p1a: Cthulu
|-damage|p1a: Cthulu|46/100
|move|p2b: Urshifu|Surging Strikes|p1b: Roma
|-crit|p1b: Roma
|-damage|p1b: Roma|39/100
|-crit|p1b: Roma
|-damage|p1b: Roma|16/100
|-crit|p1b: Roma
|-damage|p1b: Roma|0 fnt
|faint|p1b: Roma
|-hitcount|p1: Roma|3
|cant|p1a: Cthulu|flinch
|
|-weather|Sandstorm|[upkeep]
|-damage|p2b: Urshifu|30/100|[from] Sandstorm
|-damage|p2a: Incineroar|70/100|[from] Sandstorm
|-damage|p1a: Cthulu|40/100|[from] Sandstorm
|upkeep
|
|t:|1750774080
|switch|p1b: Jesus|Lunala, L50|71/100
|turn|8
|inactive|Esh009 has 30 seconds left.
|
|t:|1750774106
|move|p2b: Urshifu|U-turn|p1a: Cthulu
|-supereffective|p1a: Cthulu
|-damage|p1a: Cthulu|0 fnt
|faint|p1a: Cthulu
|-message|drakkulll forfeited.
|
|win|Esh009
|raw|drakkulll's rating: 1245 &rarr; <strong>1223</strong><br />(-22 for losing)
|raw|Esh009's rating: 1281 &rarr; <strong>1303</strong><br />(+22 for winning)
|l|☆drakkulll
|player|p1|
|l|☆Esh009
|player|p2|
