|j|☆m3e
|j|☆Xeno101
|t:|1750806586
|gametype|doubles
|player|p1|m3e|266|1291
|player|p2|Xeno101|swimmer-gen4|1289
|teamsize|p1|6
|teamsize|p2|6
|gen|9
|tier|[Gen 9] VGC 2025 Reg I
|rated|
|rule|Species Clause: Limit one of each Pokémon
|rule|Item Clause: Limit 1 of each item
|clearpoke
|poke|p1|Lunala, L50|
|poke|p1|Ursaluna, L50, M|
|poke|p1|Urshifu-*, L50, M|
|poke|p1|Miraidon, L50|
|poke|p1|Grimmsnarl, L50, M|
|poke|p1|Incineroar, L50, M|
|poke|p2|Incineroar, L50, F|
|poke|p2|Flutter Mane, L50|
|poke|p2|Brute Bonnet, L50|
|poke|p2|Groudon, L50|
|poke|p2|Zapdos-Galar, L50|
|poke|p2|Thundurus, L50, M|
|teampreview|4
|inactive|Battle timer is ON: inactive players will automatically lose when time's up. (requested by m3e)
|
|t:|1750806609
|start
|switch|p1a: Lunala|Lunala, L50|100/100
|switch|p1b: Incineroar|Incineroar, L50, M|100/100
|switch|p2a: Incineroar|Incineroar, L50, F|100/100
|switch|p2b: Zapdos|Zapdos-Galar, L50|100/100
|-ability|p2a: Incineroar|Intimidate|boost
|-unboost|p1a: Lunala|atk|1
|-unboost|p1b: Incineroar|atk|1
|-ability|p1b: Incineroar|Intimidate|boost
|-unboost|p2a: Incineroar|atk|1
|-unboost|p2b: Zapdos|atk|1
|-ability|p2b: Zapdos|Defiant|boost
|-boost|p2b: Zapdos|atk|2
|turn|1
|
|t:|1750806631
|move|p1b: Incineroar|Fake Out|p2b: Zapdos
|-damage|p2b: Zapdos|92/100
|move|p2b: Zapdos|Close Combat|p1b: Incineroar
|-supereffective|p1b: Incineroar
|-damage|p1b: Incineroar|0 fnt
|-unboost|p2b: Zapdos|def|1
|-unboost|p2b: Zapdos|spd|1
|-damage|p2b: Zapdos|76/100|[from] item: Rocky Helmet|[of] p1b: Incineroar
|faint|p1b: Incineroar
|move|p2a: Incineroar|Knock Off|p1a: Lunala
|-supereffective|p1a: Lunala
|-damage|p1a: Lunala|53/100
|-enditem|p1a: Lunala|Electric Seed|[from] move: Knock Off|[of] p2a: Incineroar
|move|p1a: Lunala|Trick Room|p1a: Lunala
|-fieldstart|move: Trick Room|[of] p1a: Lunala
|
|upkeep
|
|t:|1750806647
|switch|p1b: Miraidon|Miraidon, L50|100/100
|-fieldstart|move: Electric Terrain|[from] ability: Hadron Engine|[of] p1b: Miraidon
|turn|2
|
|t:|1750806662
|-terastallize|p1b: Miraidon|Electric
|move|p2a: Incineroar|Parting Shot|p1b: Miraidon
|-unboost|p1b: Miraidon|atk|1
|-unboost|p1b: Miraidon|spa|1
|
|t:|1750806668
|switch|p2a: Brute Bonnet|Brute Bonnet, L50|100/100|[from] Parting Shot
|move|p1a: Lunala|Moonblast|p2a: Brute Bonnet
|-supereffective|p2a: Brute Bonnet
|-damage|p2a: Brute Bonnet|44/100
|move|p1b: Miraidon|Volt Switch|p2b: Zapdos
|-supereffective|p2b: Zapdos
|-damage|p2b: Zapdos|0 fnt
|faint|p2b: Zapdos
|
|t:|1750806677
|switch|p1b: Urshifu|Urshifu-Rapid-Strike, L50, M|100/100|[from] Volt Switch
|
|upkeep
|
|t:|1750806688
|switch|p2b: Incineroar|Incineroar, L50, F|100/100
|-ability|p2b: Incineroar|Intimidate|boost
|-unboost|p1a: Lunala|atk|1
|-unboost|p1b: Urshifu|atk|1
|turn|3
|
|t:|1750806707
|move|p2a: Brute Bonnet|Spore|p1b: Urshifu
|-activate|p1b: Urshifu|move: Electric Terrain
|move|p2b: Incineroar|Parting Shot|p1a: Lunala
|-unboost|p1a: Lunala|atk|1
|-unboost|p1a: Lunala|spa|1
|
|t:|1750806712
|switch|p2b: Groudon|Groudon, L50|100/100|[from] Parting Shot
|-weather|SunnyDay|[from] ability: Drought|[of] p2b: Groudon
|-activate|p2a: Brute Bonnet|ability: Protosynthesis
|-start|p2a: Brute Bonnet|protosynthesisatk
|move|p1a: Lunala|Moonblast|p2a: Brute Bonnet
|-supereffective|p2a: Brute Bonnet
|-damage|p2a: Brute Bonnet|4/100
|move|p1b: Urshifu|Surging Strikes|p2b: Groudon
|-supereffective|p2b: Groudon
|-crit|p2b: Groudon
|-damage|p2b: Groudon|77/100
|-supereffective|p2b: Groudon
|-crit|p2b: Groudon
|-damage|p2b: Groudon|59/100
|-supereffective|p2b: Groudon
|-crit|p2b: Groudon
|-damage|p2b: Groudon|38/100
|-hitcount|p2b: Groudon|3
|
|-weather|SunnyDay|[upkeep]
|upkeep
|turn|4
|
|t:|1750806733
|switch|p2b: Incineroar|Incineroar, L50, F|100/100
|-ability|p2b: Incineroar|Intimidate|boost
|-unboost|p1a: Lunala|atk|1
|-unboost|p1b: Urshifu|atk|1
|move|p2a: Brute Bonnet|Sucker Punch|p1a: Lunala
|-supereffective|p1a: Lunala
|-damage|p1a: Lunala|0 fnt
|faint|p1a: Lunala
|move|p1b: Urshifu|Surging Strikes|p2b: Incineroar
|-supereffective|p2b: Incineroar
|-crit|p2b: Incineroar
|-damage|p2b: Incineroar|73/100
|-supereffective|p2b: Incineroar
|-crit|p2b: Incineroar
|-damage|p2b: Incineroar|43/100
|-supereffective|p2b: Incineroar
|-crit|p2b: Incineroar
|-damage|p2b: Incineroar|15/100
|-hitcount|p2b: Incineroar|3
|-enditem|p2b: Incineroar|Eject Button
|
|t:|1750806741
|switch|p2b: Groudon|Groudon, L50|38/100
|
|-weather|SunnyDay|[upkeep]
|upkeep
|
|t:|1750806744
|switch|p1a: Miraidon|Miraidon, L50, tera:Electric|100/100
|-activate|p1a: Miraidon|ability: Hadron Engine
|turn|5
|inactive|Xeno101 has 30 seconds left.
|
|t:|1750806778
|move|p2a: Brute Bonnet|Close Combat|p1b: Urshifu
|-damage|p1b: Urshifu|43/100
|-unboost|p2a: Brute Bonnet|def|1
|-unboost|p2a: Brute Bonnet|spd|1
|move|p2b: Groudon|Precipice Blades|p1a: Miraidon|[spread] p1a,p1b
|-supereffective|p1a: Miraidon
|-damage|p1a: Miraidon|11/100
|-damage|p1b: Urshifu|0 fnt
|faint|p1b: Urshifu
|move|p1a: Miraidon|Electro Drift|p2a: Brute Bonnet
|-resisted|p2a: Brute Bonnet
|-damage|p2a: Brute Bonnet|0 fnt
|faint|p2a: Brute Bonnet
|-end|p2a: Brute Bonnet|Protosynthesis|[silent]
|
|-weather|SunnyDay|[upkeep]
|-fieldend|move: Trick Room
|upkeep
|
|t:|1750806785
|switch|p2a: Incineroar|Incineroar, L50, F|15/100
|-ability|p2a: Incineroar|Intimidate|boost
|-unboost|p1a: Miraidon|atk|1
|turn|6
|
|t:|1750806794
|move|p2a: Incineroar|Fake Out|p1a: Miraidon
|-damage|p1a: Miraidon|0 fnt
|faint|p1a: Miraidon
|
|win|Xeno101
|raw|m3e's rating: 1291 &rarr; <strong>1266</strong><br />(-25 for losing)
|raw|Xeno101's rating: 1289 &rarr; <strong>1314</strong><br />(+25 for winning)
|l|☆m3e
|player|p1|
|l|☆Xeno101
|player|p2|
