|j|☆yuan123456
|j|☆JonnydiePommes
|t:|1750860251
|gametype|doubles
|player|p1|yuan123456|169|1236
|player|p2|JonnydiePommes|101|1247
|teamsize|p1|6
|teamsize|p2|6
|gen|9
|tier|[Gen 9] VGC 2025 Reg I
|rated|
|rule|Species Clause: Limit one of each Pokémon
|rule|Item Clause: Limit 1 of each item
|clearpoke
|poke|p1|Calyrex-Ice, L50|
|poke|p1|Miraidon, L50|
|poke|p1|Scraggy, L50, F|
|poke|p1|Farigiraf, L50, F|
|poke|p1|Iron Treads, L50|
|poke|p1|Iron Hands, L50|
|poke|p2|Goodra, L50, M|
|poke|p2|Zamazenta-*, L50|
|poke|p2|Lunala, L50|
|poke|p2|Ogerpon-Wellspring, L50, F|
|poke|p2|Incineroar, L50, M|
|poke|p2|Landorus-Therian, L50, M|
|teampreview|4
|inactive|Battle timer is ON: inactive players will automatically lose when time's up. (requested by JonnydiePommes)
|inactive|JonnydiePommes has 60 seconds left.
|
|t:|1750860297
|start
|switch|p1a: Miraidon|Miraidon, L50|100/100
|switch|p1b: Iron Treads|Iron Treads, L50|100/100
|switch|p2a: Lunala|Lunala, L50|100/100
|switch|p2b: Goodra|Goodra, L50, M, shiny|100/100
|-fieldstart|move: Electric Terrain|[from] ability: Hadron Engine|[of] p1a: Miraidon
|-activate|p1b: Iron Treads|ability: Quark Drive
|-start|p1b: Iron Treads|quarkdrivespe
|turn|1
|inactive|yuan123456 has 30 seconds left.
|inactive|JonnydiePommes has 30 seconds left.
|inactive|JonnydiePommes has 20 seconds left.
|inactive|JonnydiePommes has 15 seconds left.
|inactive|JonnydiePommes has 10 seconds left.
|
|t:|1750860353
|-terastallize|p2b: Goodra|Poison
|move|p2a: Lunala|Protect|p2a: Lunala
|-singleturn|p2a: Lunala|Protect
|move|p1b: Iron Treads|Steel Roller|p2a: Lunala
|-activate|p2a: Lunala|move: Protect
|move|p1a: Miraidon|Volt Switch|p2a: Lunala
|-activate|p2a: Lunala|move: Protect
|move|p2b: Goodra|Sludge Bomb|p1a: Miraidon
|-damage|p1a: Miraidon|66/100
|
|upkeep
|turn|2
|inactive|yuan123456 has 30 seconds left.
|
|t:|1750860382
|switch|p2b: Landorus|Landorus-Therian, L50, M|100/100
|-ability|p2b: Landorus|Intimidate|boost
|-unboost|p1a: Miraidon|atk|1
|-unboost|p1b: Iron Treads|atk|1
|move|p1b: Iron Treads|High Horsepower|p2b: Landorus
|-immune|p2b: Landorus
|move|p1a: Miraidon|Volt Switch|p2a: Lunala
|-damage|p2a: Lunala|66/100
|
|t:|1750860398
|switch|p1a: Iron Hands|Iron Hands, L50, shiny|100/100|[from] Volt Switch
|-activate|p1a: Iron Hands|ability: Quark Drive
|-start|p1a: Iron Hands|quarkdriveatk
|move|p2a: Lunala|Moongeist Beam|p1a: Iron Hands
|-damage|p1a: Iron Hands|73/100
|
|-heal|p2a: Lunala|72/100|[from] item: Leftovers
|upkeep
|turn|3
|
|t:|1750860423
|-end|p1b: Iron Treads|Quark Drive|[silent]
|switch|p1b: Calyrex|Calyrex-Ice, L50|100/100
|-ability|p1b: Calyrex|As One
|-ability|p1b: Calyrex|Unnerve
|move|p1a: Iron Hands|Fake Out|p2b: Landorus
|-damage|p2b: Landorus|79/100
|cant|p2b: Landorus|flinch
|move|p2a: Lunala|Tailwind|p2a: Lunala
|-sidestart|p2: JonnydiePommes|move: Tailwind
|
|-heal|p2a: Lunala|78/100|[from] item: Leftovers
|upkeep
|turn|4
|
|t:|1750860445
|move|p2b: Landorus|Stomping Tantrum|p1a: Iron Hands
|-supereffective|p1a: Iron Hands
|-damage|p1a: Iron Hands|0 fnt
|faint|p1a: Iron Hands
|-end|p1a: Iron Hands|Quark Drive|[silent]
|move|p2a: Lunala|Moongeist Beam|p1b: Calyrex
|-supereffective|p1b: Calyrex
|-damage|p1b: Calyrex|36/100
|move|p1b: Calyrex|Trick Room|p1b: Calyrex
|-fieldstart|move: Trick Room|[of] p1b: Calyrex
|
|-heal|p2a: Lunala|85/100|[from] item: Leftovers
|upkeep
|
|t:|1750860461
|switch|p1a: Miraidon|Miraidon, L50|66/100
|-activate|p1a: Miraidon|ability: Hadron Engine
|turn|5
|
|t:|1750860484
|move|p2a: Lunala|Protect|p2a: Lunala
|-singleturn|p2a: Lunala|Protect
|move|p1b: Calyrex|Glacial Lance|p2b: Landorus|[spread] p2b
|-activate|p2a: Lunala|move: Protect
|-supereffective|p2b: Landorus
|-damage|p2b: Landorus|0 fnt
|faint|p2b: Landorus
|-ability|p1b: Calyrex|Chilling Neigh|boost
|-boost|p1b: Calyrex|atk|1
|move|p1a: Miraidon|Electro Drift|p2a: Lunala
|-activate|p2a: Lunala|move: Protect
|
|-heal|p2a: Lunala|91/100|[from] item: Leftovers
|-fieldend|move: Electric Terrain
|upkeep
|
|t:|1750860494
|switch|p2b: Zamazenta|Zamazenta-Crowned, L50|100/100
|-ability|p2b: Zamazenta|Dauntless Shield|boost
|-boost|p2b: Zamazenta|def|1
|turn|6
|
|t:|1750860516
|switch|p2a: Goodra|Goodra, L50, M, shiny, tera:Poison|100/100
|-terastallize|p1b: Calyrex|Water
|move|p1b: Calyrex|High Horsepower|p2b: Zamazenta
|-supereffective|p2b: Zamazenta
|-damage|p2b: Zamazenta|50/100
|move|p1a: Miraidon|Electro Drift|p2b: Zamazenta
|-damage|p2b: Zamazenta|2/100
|move|p2b: Zamazenta|Body Press|p1b: Calyrex
|-damage|p1b: Calyrex|0 fnt
|faint|p1b: Calyrex
|
|-sideend|p2: JonnydiePommes|move: Tailwind
|upkeep
|
|t:|1750860535
|switch|p1b: Iron Treads|Iron Treads, L50|100/100
|turn|7
|
|t:|1750860555
|move|p1b: Iron Treads|Protect|p1b: Iron Treads
|-singleturn|p1b: Iron Treads|Protect
|move|p2a: Goodra|Dragon Pulse|p1a: Miraidon
|-supereffective|p1a: Miraidon
|-damage|p1a: Miraidon|0 fnt
|faint|p1a: Miraidon
|move|p2b: Zamazenta|Body Press|p1b: Iron Treads
|-activate|p1b: Iron Treads|move: Protect
|
|upkeep
|turn|8
|-message|yuan123456 forfeited.
|
|win|JonnydiePommes
|raw|yuan123456's rating: 1236 &rarr; <strong>1212</strong><br />(-24 for losing)
|raw|JonnydiePommes's rating: 1247 &rarr; <strong>1271</strong><br />(+24 for winning)
|l|☆yuan123456
|player|p1|
|l|☆JonnydiePommes
|player|p2|
