|j|☆Torrmentor20
|j|☆turtle5000
|t:|1750828528
|gametype|doubles
|player|p1|Torrmentor20|benga|1097
|player|p2|turtle5000|roxanne|1089
|teamsize|p1|6
|teamsize|p2|6
|gen|9
|tier|[Gen 9] VGC 2025 Reg I
|rated|
|rule|Species Clause: Limit one of each Pokémon
|rule|Item Clause: Limit 1 of each item
|clearpoke
|poke|p1|Corviknight, L50, M|
|poke|p1|Indeedee-F, L50, F|
|poke|p1|Dragonite, L50, M|
|poke|p1|Slowking-Galar, L50, M|
|poke|p1|Calyrex-Ice, L50|
|poke|p1|Giratina, L50|
|poke|p2|Miraidon, L50|
|poke|p2|Lunala, L50|
|poke|p2|Incineroar, L50, F|
|poke|p2|Iron Hands, L50|
|poke|p2|Ursaluna, L50, F|
|poke|p2|Ogerpon-Hearthflame, L50, F|
|teampreview|4
|inactive|Battle timer is ON: inactive players will automatically lose when time's up. (requested by Torrmentor20)
|
|t:|1750828547
|start
|switch|p1a: Indeedee|Indeedee-F, L50, F, shiny|100/100
|switch|p1b: Calyrex|Calyrex-Ice, L50|100/100
|switch|p2a: Miraidon|Miraidon, L50|100/100
|switch|p2b: Iron Hands|Iron Hands, L50|100/100
|-ability|p1b: Calyrex|As One
|-ability|p1b: Calyrex|Unnerve
|-fieldstart|move: Electric Terrain|[from] ability: Hadron Engine|[of] p2a: Miraidon
|-activate|p2b: Iron Hands|ability: Quark Drive
|-start|p2b: Iron Hands|quarkdriveatk
|-fieldstart|move: Psychic Terrain|[from] ability: Psychic Surge|[of] p1a: Indeedee
|-enditem|p1a: Indeedee|Psychic Seed
|-boost|p1a: Indeedee|spd|1|[from] item: Psychic Seed
|-end|p2b: Iron Hands|Quark Drive
|turn|1
|inactive|Torrmentor20 has 30 seconds left.
|inactive|turtle5000 has 30 seconds left.
|inactive|Torrmentor20 has 20 seconds left.
|inactive|turtle5000 has 20 seconds left.
|inactive|Torrmentor20 has 15 seconds left.
|inactive|turtle5000 has 15 seconds left.
|inactive|Torrmentor20 has 10 seconds left.
|inactive|Torrmentor20 has 5 seconds left.
|
|t:|1750828598
|move|p2a: Miraidon|Volt Switch|p1b: Calyrex
|-damage|p1b: Calyrex|68/100
|
|t:|1750828601
|switch|p2a: Incineroar|Incineroar, L50, F|100/100|[from] Volt Switch
|-ability|p2a: Incineroar|Intimidate|boost
|-unboost|p1a: Indeedee|atk|1
|-unboost|p1b: Calyrex|atk|1
|move|p2b: Iron Hands|Low Kick|p1b: Calyrex
|-damage|p1b: Calyrex|27/100
|move|p1b: Calyrex|Glacial Lance|p2b: Iron Hands|[spread] p2a,p2b
|-resisted|p2a: Incineroar
|-damage|p2a: Incineroar|86/100
|-damage|p2b: Iron Hands|70/100
|move|p1a: Indeedee|Trick Room|p1a: Indeedee
|-fieldstart|move: Trick Room|[of] p1a: Indeedee
|
|upkeep
|turn|2
|inactive|turtle5000 has 30 seconds left.
|inactive|turtle5000 has 20 seconds left.
|
|t:|1750828641
|switch|p1b: Giratina|Giratina, L50, shiny|100/100
|-ability|p1b: Giratina|Pressure
|move|p2b: Iron Hands|Low Kick|p1b: Giratina
|-immune|p1b: Giratina
|move|p2a: Incineroar|Knock Off|p1b: Giratina
|-supereffective|p1b: Giratina
|-damage|p1b: Giratina|60/100
|-enditem|p1b: Giratina|Griseous Orb|[from] move: Knock Off|[of] p2a: Incineroar
|move|p1a: Indeedee|Psychic|p2b: Iron Hands
|-supereffective|p2b: Iron Hands
|-damage|p2b: Iron Hands|19/100
|
|upkeep
|turn|3
|inactive|Torrmentor20 has 30 seconds left.
|
|t:|1750828666
|-terastallize|p1b: Giratina|Normal
|move|p2b: Iron Hands|Drain Punch|p1a: Indeedee
|-damage|p1a: Indeedee|36/100
|-heal|p2b: Iron Hands|43/100|[from] drain|[of] p1a: Indeedee
|move|p2a: Incineroar|Knock Off|p1b: Giratina
|-damage|p1b: Giratina|45/100
|move|p1b: Giratina|Breaking Swipe|p2b: Iron Hands|[spread] p2a,p2b
|-damage|p2a: Incineroar|71/100
|-damage|p2b: Iron Hands|29/100
|-unboost|p2a: Incineroar|atk|1
|-unboost|p2b: Iron Hands|atk|1
|-damage|p1b: Giratina|29/100|[from] item: Rocky Helmet|[of] p2a: Incineroar
|move|p1a: Indeedee|Psychic|p2b: Iron Hands
|-supereffective|p2b: Iron Hands
|-damage|p2b: Iron Hands|0 fnt
|faint|p2b: Iron Hands
|-end|p2b: Iron Hands|Quark Drive|[silent]
|
|upkeep
|
|t:|1750828687
|switch|p2b: Ogerpon|Ogerpon-Hearthflame, L50, F|100/100
|-ability|p2b: Ogerpon|Mold Breaker
|turn|4
|
|t:|1750828711
|move|p2b: Ogerpon|Spiky Shield|p2b: Ogerpon
|-singleturn|p2b: Ogerpon|move: Protect
|move|p1a: Indeedee|Follow Me|p1a: Indeedee
|-singleturn|p1a: Indeedee|move: Follow Me
|move|p2a: Incineroar|Parting Shot|p1a: Indeedee
|-unboost|p1a: Indeedee|atk|1
|-unboost|p1a: Indeedee|spa|1
|inactive|turtle5000 has 30 seconds left.
|inactive|turtle5000 has 20 seconds left.
|
|t:|1750828747
|switch|p2a: Miraidon|Miraidon, L50|100/100|[from] Parting Shot
|-fieldstart|move: Electric Terrain|[from] ability: Hadron Engine|[of] p2a: Miraidon
|move|p1b: Giratina|Shadow Force||[still]
|-prepare|p1b: Giratina|Shadow Force
|
|upkeep
|turn|5
|inactive|Torrmentor20 has 30 seconds left.
|inactive|turtle5000 has 30 seconds left.
|inactive|Torrmentor20 has 20 seconds left.
|inactive|turtle5000 has 20 seconds left.
|inactive|Torrmentor20 has 15 seconds left.
|inactive|Torrmentor20 has 10 seconds left.
|inactive|Torrmentor20 has 5 seconds left.
|
|t:|1750828799
|move|p1a: Indeedee|Follow Me|p1a: Indeedee
|-singleturn|p1a: Indeedee|move: Follow Me
|move|p1b: Giratina|Shadow Force|p2b: Ogerpon|[from] lockedmove
|-damage|p2b: Ogerpon|33/100
|move|p2b: Ogerpon|Ivy Cudgel|p1a: Indeedee|[anim] Ivy Cudgel Fire
|-damage|p1a: Indeedee|0 fnt
|faint|p1a: Indeedee
|move|p2a: Miraidon|Volt Switch|p1b: Giratina
|-crit|p1b: Giratina
|-damage|p1b: Giratina|0 fnt
|faint|p1b: Giratina
|
|t:|1750828819
|switch|p2a: Incineroar|Incineroar, L50, F|71/100|[from] Volt Switch
|
|-fieldend|move: Trick Room
|upkeep
|
|t:|1750828825
|switch|p1a: Calyrex|Calyrex-Ice, L50|27/100
|switch|p1b: Corviknight|Corviknight, L50, M|100/100
|-ability|p1a: Calyrex|As One
|-ability|p1a: Calyrex|Unnerve
|turn|6
|inactive|turtle5000 has 30 seconds left.
|
|t:|1750828858
|move|p2a: Incineroar|Fake Out|p1b: Corviknight
|-resisted|p1b: Corviknight
|-damage|p1b: Corviknight|97/100
|move|p2b: Ogerpon|Ivy Cudgel|p1a: Calyrex|[anim] Ivy Cudgel Fire
|-supereffective|p1a: Calyrex
|-damage|p1a: Calyrex|0 fnt
|faint|p1a: Calyrex
|cant|p1b: Corviknight|flinch
|
|-heal|p1b: Corviknight|100/100|[from] item: Leftovers
|upkeep
|turn|7
|-message|Torrmentor20 forfeited.
|
|win|turtle5000
|raw|Torrmentor20's rating: 1097 &rarr; <strong>1072</strong><br />(-25 for losing)
|raw|turtle5000's rating: 1089 &rarr; <strong>1116</strong><br />(+27 for winning)
|l|☆Torrmentor20
|player|p1|
|l|☆turtle5000
|player|p2|
