|j|☆caZISA
|j|☆Angelo Neres
|t:|1750865625
|gametype|doubles
|player|p1|caZISA|red|1593
|player|p2|Angelo Neres|102|1537
|teamsize|p1|6
|teamsize|p2|6
|gen|9
|tier|[Gen 9] VGC 2025 Reg I
|rated|
|rule|Species Clause: Limit one of each Pokémon
|rule|Item Clause: Limit 1 of each item
|clearpoke
|poke|p1|Miraidon, L50|
|poke|p1|Calyrex-Ice, L50|
|poke|p1|Urshifu-*, L50, F|
|poke|p1|Landorus, L50, M|
|poke|p1|Volcarona, L50, M|
|poke|p1|Farigiraf, L50, F|
|poke|p2|Groudon, L50|
|poke|p2|Moltres-Galar, L50|
|poke|p2|Scream Tail, L50|
|poke|p2|Grimmsnarl, L50, M|
|poke|p2|Zamazenta-*, L50|
|poke|p2|Tsareena, L50, F|
|teampreview|4
|inactive|Battle timer is ON: inactive players will automatically lose when time's up. (requested by Angelo Neres)
|
|t:|1750865653
|start
|switch|p1a: ChrisBum|Landorus, L50, M|100/100
|switch|p1b: Seth|Volcarona, L50, M|100/100
|switch|p2a: Zamazenta|Zamazenta-Crowned, L50|100/100
|switch|p2b: Tsareena|Tsareena, L50, F, shiny|100/100
|-ability|p2a: Zamazenta|Dauntless Shield|boost
|-boost|p2a: Zamazenta|def|1
|turn|1
|
|t:|1750865673
|switch|p2a: Moltres|Moltres-Galar, L50, shiny|100/100
|-terastallize|p1a: ChrisBum|Poison
|move|p1a: ChrisBum|Sludge Bomb|p2b: Tsareena
|-supereffective|p2b: Tsareena
|-enditem|p2b: Tsareena|Focus Sash
|-damage|p2b: Tsareena|1/100
|move|p2b: Tsareena|Trailblaze|p1a: ChrisBum
|-resisted|p1a: ChrisBum
|-damage|p1a: ChrisBum|86/100
|-boost|p2b: Tsareena|spe|1
|move|p1b: Seth|Will-O-Wisp|p2a: Moltres
|-status|p2a: Moltres|brn
|
|-damage|p2a: Moltres|94/100 brn|[from] brn
|upkeep
|turn|2
|
|t:|1750865693
|move|p1b: Seth|Protect|p1b: Seth
|-singleturn|p1b: Seth|Protect
|move|p1a: ChrisBum|Sludge Bomb|p2a: Moltres
|-damage|p2a: Moltres|53/100 brn
|move|p2b: Tsareena|Endeavor|p1b: Seth
|-activate|p1b: Seth|move: Protect
|move|p2a: Moltres|Fiery Wrath|p1a: ChrisBum|[spread] p1a
|-activate|p1b: Seth|move: Protect
|-damage|p1a: ChrisBum|49/100
|
|-damage|p2a: Moltres|46/100 brn|[from] brn
|upkeep
|-enditem|p2a: Moltres|Sitrus Berry|[eat]
|-heal|p2a: Moltres|71/100 brn|[from] item: Sitrus Berry
|turn|3
|
|t:|1750865715
|move|p1a: ChrisBum|Sludge Bomb|p2b: Tsareena
|-supereffective|p2b: Tsareena
|-damage|p2b: Tsareena|0 fnt
|faint|p2b: Tsareena
|move|p1b: Seth|Fiery Dance|p2a: Moltres
|-damage|p2a: Moltres|45/100 brn
|-boost|p1b: Seth|spa|1
|-ability|p2a: Moltres|Berserk|boost
|-boost|p2a: Moltres|spa|1
|move|p2a: Moltres|Fiery Wrath|p1b: Seth|[spread] p1a,p1b
|-damage|p1a: ChrisBum|0 fnt
|-damage|p1b: Seth|60/100
|faint|p1a: ChrisBum
|
|-damage|p2a: Moltres|39/100 brn|[from] brn
|upkeep
|
|t:|1750865729
|switch|p1a: Miraidon|Miraidon, L50|100/100
|switch|p2b: Groudon|Groudon, L50, shiny|100/100
|-fieldstart|move: Electric Terrain|[from] ability: Hadron Engine|[of] p1a: Miraidon
|-weather|SunnyDay|[from] ability: Drought|[of] p2b: Groudon
|turn|4
|l|☆caZISA
|inactive|caZISA disconnected and has a minute to reconnect!
|player|p1|
|j|☆caZISA
|inactive|caZISA reconnected and has 50 seconds left.
|player|p1|caZISA|red|
|inactive|Angelo Neres has 30 seconds left.
|inactive|Angelo Neres has 20 seconds left.
|inactive|Angelo Neres has 15 seconds left.
|
|t:|1750865772
|-terastallize|p2b: Groudon|Fire
|move|p1a: Miraidon|Draco Meteor|p2b: Groudon
|-damage|p2b: Groudon|40/100
|-unboost|p1a: Miraidon|spa|2
|move|p1b: Seth|Fiery Dance|p2b: Groudon
|-resisted|p2b: Groudon
|-damage|p2b: Groudon|16/100
|-boost|p1b: Seth|spa|1
|move|p2a: Moltres|Tailwind|p2a: Moltres
|-sidestart|p2: Angelo Neres|move: Tailwind
|move|p2b: Groudon|Precipice Blades|p1b: Seth|[spread] 
|-miss|p2b: Groudon|p1a: Miraidon
|-miss|p2b: Groudon|p1b: Seth
|
|-weather|SunnyDay|[upkeep]
|-damage|p2a: Moltres|33/100 brn|[from] brn
|upkeep
|turn|5
|
|t:|1750865793
|move|p1b: Seth|Protect|p1b: Seth
|-singleturn|p1b: Seth|Protect
|move|p2a: Moltres|Fiery Wrath|p1a: Miraidon|[spread] p1a
|-activate|p1b: Seth|move: Protect
|-damage|p1a: Miraidon|75/100
|move|p2b: Groudon|Precipice Blades|p1b: Seth|[spread] p1a
|-activate|p1b: Seth|move: Protect
|-supereffective|p1a: Miraidon
|-damage|p1a: Miraidon|0 fnt
|faint|p1a: Miraidon
|
|-weather|SunnyDay|[upkeep]
|-damage|p2a: Moltres|27/100 brn|[from] brn
|upkeep
|
|t:|1750865800
|switch|p1a: Chicken Jockey|Calyrex-Ice, L50|100/100
|-ability|p1a: Chicken Jockey|As One
|-ability|p1a: Chicken Jockey|Unnerve
|turn|6
|
|t:|1750865814
|move|p1b: Seth|Protect|p1b: Seth
|-singleturn|p1b: Seth|Protect
|move|p2a: Moltres|Fiery Wrath|p1b: Seth|[spread] p1a
|-activate|p1b: Seth|move: Protect
|-supereffective|p1a: Chicken Jockey
|-damage|p1a: Chicken Jockey|41/100
|move|p2b: Groudon|Precipice Blades|p1b: Seth|[spread] p1a
|-activate|p1b: Seth|move: Protect
|-damage|p1a: Chicken Jockey|10/100
|move|p1a: Chicken Jockey|Glacial Lance|p2a: Moltres|[spread] p2a,p2b
|-supereffective|p2a: Moltres
|-crit|p2a: Moltres
|-resisted|p2b: Groudon
|-damage|p2a: Moltres|0 fnt
|-damage|p2b: Groudon|0 fnt
|faint|p2a: Moltres
|faint|p2b: Groudon
|-ability|p1a: Chicken Jockey|Chilling Neigh|boost
|-boost|p1a: Chicken Jockey|atk|2
|
|-weather|SunnyDay|[upkeep]
|upkeep
|
|t:|1750865836
|switch|p2b: Zamazenta|Zamazenta-Crowned, L50|100/100
|turn|7
|
|t:|1750865847
|move|p2b: Zamazenta|Body Press|p1b: Seth
|-resisted|p1b: Seth
|-damage|p1b: Seth|41/100
|-damage|p2b: Zamazenta|84/100|[from] item: Rocky Helmet|[of] p1b: Seth
|move|p1b: Seth|Fiery Dance|p2b: Zamazenta
|-supereffective|p2b: Zamazenta
|-crit|p2b: Zamazenta
|-damage|p2b: Zamazenta|0 fnt
|faint|p2b: Zamazenta
|
|win|caZISA
|raw|caZISA's rating: 1593 &rarr; <strong>1610</strong><br />(+17 for winning)
|raw|Angelo Neres's rating: 1537 &rarr; <strong>1520</strong><br />(-17 for losing)
|l|☆caZISA
|player|p1|
|l|☆Angelo Neres
|player|p2|
