|j|☆ponylord777
|j|☆nautika04
|t:|1750809532
|gametype|doubles
|player|p1|ponylord777|medium|1188
|player|p2|nautika04|dancer|1200
|teamsize|p1|6
|teamsize|p2|6
|gen|9
|tier|[Gen 9] VGC 2025 Reg I
|rated|
|rule|Species Clause: Limit one of each Pokémon
|rule|Item Clause: Limit 1 of each item
|clearpoke
|poke|p1|Calyrex-Shadow, L50|
|poke|p1|Zamazenta-*, L50|
|poke|p1|Raging Bolt, L50|
|poke|p1|Rillaboom, L50, M|
|poke|p1|Tornadus, L50, M|
|poke|p1|Smeargle, L50, F|
|poke|p2|Terapagos, L50, M|
|poke|p2|Lunala, L50|
|poke|p2|Incineroar, L50, M|
|poke|p2|Rillaboom, L50, F|
|poke|p2|Urshifu-*, L50, M|
|poke|p2|Tornadus, L50, M|
|teampreview|4
|inactive|Battle timer is ON: inactive players will automatically lose when time's up. (requested by ponylord777)
|inactive|nautika04 has 60 seconds left.
|
|t:|1750809579
|start
|switch|p1a: Smeargle|Smeargle, L50, F|100/100
|switch|p1b: Calyrex|Calyrex-Shadow, L50|100/100
|switch|p2a: Incineroar|Incineroar, L50, M|100/100
|switch|p2b: Urshifu|Urshifu-Rapid-Strike, L50, M|100/100
|-ability|p1b: Calyrex|As One
|-ability|p1b: Calyrex|Unnerve
|-ability|p2a: Incineroar|Intimidate|boost
|-unboost|p1a: Smeargle|atk|1
|-unboost|p1b: Calyrex|atk|1
|turn|1
|inactive|nautika04 has 30 seconds left.
|inactive|nautika04 has 20 seconds left.
|inactive|nautika04 has 15 seconds left.
|
|t:|1750809621
|switch|p2b: Terapagos|Terapagos, L50, M|100/100
|-activate|p2b: Terapagos|ability: Tera Shift
|detailschange|p2b: Terapagos|Terapagos-Terastal, L50, M
|-heal|p2b: Terapagos|100/100|[silent]
|move|p1a: Smeargle|Follow Me|p1a: Smeargle
|-singleturn|p1a: Smeargle|move: Follow Me
|move|p1b: Calyrex|Nasty Plot|p1b: Calyrex
|-boost|p1b: Calyrex|spa|2
|move|p2a: Incineroar|Knock Off|p1a: Smeargle
|-damage|p1a: Smeargle|5/100
|-enditem|p1a: Smeargle|Focus Sash|[from] move: Knock Off|[of] p2a: Incineroar
|
|-ability|p1a: Smeargle|Moody|boost
|-boost|p1a: Smeargle|atk|2
|-unboost|p1a: Smeargle|spd|1
|upkeep
|turn|2
|inactive|ponylord777 has 30 seconds left.
|inactive|nautika04 has 30 seconds left.
|inactive|ponylord777 has 20 seconds left.
|
|t:|1750809657
|move|p1b: Calyrex|Psychic|p2b: Terapagos
|-activate|p2b: Terapagos|ability: Tera Shell
|-resisted|p2b: Terapagos
|-damage|p2b: Terapagos|45/100
|-damage|p1b: Calyrex|91/100|[from] item: Life Orb
|move|p1a: Smeargle|Spore|p2b: Terapagos
|-status|p2b: Terapagos|slp|[from] move: Spore
|cant|p2b: Terapagos|slp
|move|p2a: Incineroar|Knock Off|p1b: Calyrex
|-supereffective|p1b: Calyrex
|-damage|p1b: Calyrex|0 fnt
|-enditem|p1b: Calyrex|Life Orb|[from] move: Knock Off|[of] p2a: Incineroar
|faint|p1b: Calyrex
|
|-heal|p2b: Terapagos|50/100 slp|[from] item: Leftovers
|-ability|p1a: Smeargle|Moody|boost
|-boost|p1a: Smeargle|spa|2
|-unboost|p1a: Smeargle|def|1
|upkeep
|
|t:|1750809676
|switch|p1b: Zamazenta|Zamazenta-Crowned, L50|100/100
|-ability|p1b: Zamazenta|Dauntless Shield|boost
|-boost|p1b: Zamazenta|def|1
|turn|3
|inactive|nautika04 has 30 seconds left.
|
|t:|1750809704
|-terastallize|p2a: Incineroar|Grass
|move|p1b: Zamazenta|Body Press|p2b: Terapagos
|-supereffective|p2b: Terapagos
|-damage|p2b: Terapagos|0 fnt
|faint|p2b: Terapagos
|move|p1a: Smeargle|Spore|p2a: Incineroar
|-immune|p2a: Incineroar
|move|p2a: Incineroar|Flare Blitz|p1b: Zamazenta
|-supereffective|p1b: Zamazenta
|-damage|p1b: Zamazenta|65/100
|-status|p1b: Zamazenta|brn
|-damage|p2a: Incineroar|90/100|[from] Recoil
|
|-damage|p1b: Zamazenta|59/100 brn|[from] brn
|-ability|p1a: Smeargle|Moody|boost
|-boost|p1a: Smeargle|atk|2
|-unboost|p1a: Smeargle|spd|1
|upkeep
|inactive|nautika04 has 30 seconds left.
|inactive|nautika04 has 20 seconds left.
|
|t:|1750809741
|switch|p2b: Lunala|Lunala, L50|100/100
|turn|4
|inactive|ponylord777 has 30 seconds left.
|inactive|nautika04 has 30 seconds left.
|inactive|nautika04 has 20 seconds left.
|inactive|nautika04 has 15 seconds left.
|
|t:|1750809785
|move|p1b: Zamazenta|Protect|p1b: Zamazenta
|-singleturn|p1b: Zamazenta|Protect
|move|p1a: Smeargle|Spore|p2b: Lunala
|-status|p2b: Lunala|slp|[from] move: Spore
|cant|p2b: Lunala|slp
|move|p2a: Incineroar|Flare Blitz|p1b: Zamazenta
|-activate|p1b: Zamazenta|move: Protect
|
|-damage|p1b: Zamazenta|53/100 brn|[from] brn
|-ability|p1a: Smeargle|Moody|boost
|-boost|p1a: Smeargle|spe|2
|-unboost|p1a: Smeargle|spd|1
|upkeep
|turn|5
|inactive|ponylord777 has 30 seconds left.
|
|t:|1750809816
|move|p1a: Smeargle|Decorate|p1b: Zamazenta
|-boost|p1b: Zamazenta|atk|2
|-boost|p1b: Zamazenta|spa|2
|move|p1b: Zamazenta|Body Press|p2a: Incineroar
|-damage|p2a: Incineroar|61/100
|-damage|p1b: Zamazenta|36/100 brn|[from] item: Rocky Helmet|[of] p2a: Incineroar
|cant|p2b: Lunala|slp
|move|p2a: Incineroar|Flare Blitz|p1b: Zamazenta
|-supereffective|p1b: Zamazenta
|-damage|p1b: Zamazenta|4/100 brn
|-damage|p2a: Incineroar|51/100|[from] Recoil
|
|-damage|p1b: Zamazenta|0 fnt|[from] brn
|faint|p1b: Zamazenta
|-ability|p1a: Smeargle|Moody|boost
|-boost|p1a: Smeargle|spa|2
|-unboost|p1a: Smeargle|def|1
|upkeep
|
|t:|1750809833
|switch|p1b: Rillaboom|Rillaboom, L50, M|100/100
|-fieldstart|move: Grassy Terrain|[from] ability: Grassy Surge|[of] p1b: Rillaboom
|turn|6
|
|t:|1750809846
|move|p1b: Rillaboom|Fake Out|p2a: Incineroar
|-damage|p2a: Incineroar|41/100
|-damage|p1b: Rillaboom|84/100|[from] item: Rocky Helmet|[of] p2a: Incineroar
|move|p1a: Smeargle|Decorate|p1b: Rillaboom
|-boost|p1b: Rillaboom|atk|2
|-boost|p1b: Rillaboom|spa|2
|-curestatus|p2b: Lunala|slp|[msg]
|move|p2b: Lunala|Meteor Beam||[still]
|-prepare|p2b: Lunala|Meteor Beam
|-boost|p2b: Lunala|spa|1
|-enditem|p2b: Lunala|Power Herb
|-anim|p2b: Lunala|Meteor Beam|p1a: Smeargle
|-damage|p1a: Smeargle|0 fnt
|faint|p1a: Smeargle
|cant|p2a: Incineroar|flinch
|
|-heal|p1b: Rillaboom|90/100|[from] Grassy Terrain
|-heal|p2a: Incineroar|47/100|[from] Grassy Terrain
|upkeep
|turn|7
|inactive|nautika04 has 30 seconds left.
|
|t:|1750809872
|-terastallize|p1b: Rillaboom|Fire
|move|p2b: Lunala|Moongeist Beam|p1b: Rillaboom
|-damage|p1b: Rillaboom|39/100
|move|p1b: Rillaboom|Wood Hammer|p2b: Lunala
|-damage|p2b: Lunala|45/100
|-damage|p1b: Rillaboom|18/100|[from] Recoil
|move|p2a: Incineroar|Knock Off|p1b: Rillaboom
|-damage|p1b: Rillaboom|0 fnt
|-enditem|p1b: Rillaboom|Assault Vest|[from] move: Knock Off|[of] p2a: Incineroar
|faint|p1b: Rillaboom
|
|win|nautika04
|raw|ponylord777's rating: 1188 &rarr; <strong>1164</strong><br />(-24 for losing)
|raw|nautika04's rating: 1200 &rarr; <strong>1224</strong><br />(+24 for winning)
|l|☆ponylord777
|player|p1|
