|j|☆ruimiao
|j|☆BrDilas
|t:|1750739314
|gametype|doubles
|player|p1|ruimiao|caitlin|1516
|player|p2|BrDilas|benga|1482
|teamsize|p1|6
|teamsize|p2|6
|gen|9
|tier|[Gen 9] VGC 2025 Reg I
|rated|
|rule|Species Clause: Limit one of each Pokémon
|rule|Item Clause: Limit 1 of each item
|clearpoke
|poke|p1|Calyrex-Shadow, L50|
|poke|p1|Koraidon, L50|
|poke|p1|Chi-Yu, L50|
|poke|p1|Indeedee-F, L50, F|
|poke|p1|Brute Bonnet, L50|
|poke|p1|Whimsicott, L50, F|
|poke|p2|Calyrex-Shadow, L50|
|poke|p2|Zamazenta-*, L50|
|poke|p2|Urshifu-*, L50, M|
|poke|p2|Whimsicott, L50, M|
|poke|p2|Clefairy, L50, F|
|poke|p2|Rillaboom, L50, M|
|teampreview|4
|inactive|Battle timer is ON: inactive players will automatically lose when time's up. (requested by BrDilas)
|inactive|ruimiao has 60 seconds left.
|inactive|BrDilas has 60 seconds left.
|inactive|BrDilas has 30 seconds left.
|inactive|BrDilas has 20 seconds left.
ruimiao has agreed to open team sheets.
|inactive|BrDilas has 15 seconds left.
|inactive|BrDilas has 10 seconds left.
|
|t:|1750739398
|start
|switch|p1a: Indeedee|Indeedee-F, L50, F|100/100
|switch|p1b: Chi-Yu|Chi-Yu, L50|100/100
|switch|p2a: Calyrex|Calyrex-Shadow, L50|100/100
|switch|p2b: Rillaboom|Rillaboom, L50, M|100/100
|-ability|p2a: Calyrex|As One
|-ability|p2a: Calyrex|Unnerve
|-ability|p1b: Chi-Yu|Beads of Ruin
|-fieldstart|move: Grassy Terrain|[from] ability: Grassy Surge|[of] p2b: Rillaboom
|-fieldstart|move: Psychic Terrain|[from] ability: Psychic Surge|[of] p1a: Indeedee
|-enditem|p1a: Indeedee|Psychic Seed
|-boost|p1a: Indeedee|spd|1|[from] item: Psychic Seed
|turn|1
|inactive|BrDilas has 30 seconds left.
|
|t:|1750739430
|switch|p2a: Urshifu|Urshifu-Rapid-Strike, L50, M|100/100
|-terastallize|p1b: Chi-Yu|Fire
|move|p1a: Indeedee|Helping Hand|p1b: Chi-Yu
|-singleturn|p1b: Chi-Yu|Helping Hand|[of] p1a: Indeedee
|move|p1b: Chi-Yu|Heat Wave|p2a: Urshifu|[spread] p2a,p2b
|-resisted|p2a: Urshifu
|-supereffective|p2b: Rillaboom
|-damage|p2a: Urshifu|21/100
|-damage|p2b: Rillaboom|0 fnt
|faint|p2b: Rillaboom
|
|upkeep
|
|t:|1750739442
|switch|p2b: Zamazenta|Zamazenta-Crowned, L50|100/100
|-ability|p2b: Zamazenta|Dauntless Shield|boost
|-boost|p2b: Zamazenta|def|1
|turn|2
|l|☆ruimiao
|inactive|ruimiao disconnected and has a minute to reconnect!
|player|p1|
|inactive|ruimiao has 30 seconds left.
|j|☆ruimiao
|inactive|ruimiao reconnected and has 30 seconds left.
|player|p1|ruimiao|caitlin|
|inactive|ruimiao has 20 seconds left.
|inactive|ruimiao has 15 seconds left.
|
|t:|1750739483
|move|p2b: Zamazenta|Wide Guard|p2b: Zamazenta
|-singleturn|p2b: Zamazenta|Wide Guard
|move|p1a: Indeedee|Follow Me|p1a: Indeedee
|-singleturn|p1a: Indeedee|move: Follow Me
|move|p2a: Urshifu|Surging Strikes|p1a: Indeedee
|-crit|p1a: Indeedee
|-damage|p1a: Indeedee|82/100
|-crit|p1a: Indeedee
|-damage|p1a: Indeedee|63/100
|-crit|p1a: Indeedee
|-damage|p1a: Indeedee|43/100
|-hitcount|p1a: Indeedee|3
|move|p1b: Chi-Yu|Heat Wave|p2b: Zamazenta|[spread] 
|-activate|p2a: Urshifu|move: Wide Guard
|-activate|p2b: Zamazenta|move: Wide Guard
|
|upkeep
|turn|3
|
|t:|1750739498
|switch|p1b: Koraidon|Koraidon, L50|100/100
|-weather|SunnyDay|[from] ability: Orichalcum Pulse|[of] p1b: Koraidon
|-activate|p1b: Koraidon|Orichalcum Pulse|[source]
|move|p2b: Zamazenta|Wide Guard|p2b: Zamazenta
|-singleturn|p2b: Zamazenta|Wide Guard
|move|p1a: Indeedee|Follow Me|p1a: Indeedee
|-singleturn|p1a: Indeedee|move: Follow Me
|move|p2a: Urshifu|Surging Strikes|p1a: Indeedee
|-crit|p1a: Indeedee
|-damage|p1a: Indeedee|34/100
|-crit|p1a: Indeedee
|-damage|p1a: Indeedee|25/100
|-crit|p1a: Indeedee
|-damage|p1a: Indeedee|17/100
|-hitcount|p1a: Indeedee|3
|
|-weather|SunnyDay|[upkeep]
|upkeep
|turn|4
|inactive|ruimiao has 30 seconds left.
|
|t:|1750739532
|switch|p2a: Calyrex|Calyrex-Shadow, L50|100/100
|-ability|p2a: Calyrex|As One
|-ability|p2a: Calyrex|Unnerve
|move|p1a: Indeedee|Helping Hand|p1b: Koraidon
|-singleturn|p1b: Koraidon|Helping Hand|[of] p1a: Indeedee
|move|p2b: Zamazenta|Body Press|p1b: Koraidon
|-damage|p1b: Koraidon|59/100
|move|p1b: Koraidon|Flame Charge|p2a: Calyrex
|-damage|p2a: Calyrex|35/100
|-boost|p1b: Koraidon|spe|1
|
|-weather|SunnyDay|[upkeep]
|upkeep
|turn|5
|
|t:|1750739556
|move|p2a: Calyrex|Protect|p2a: Calyrex
|-singleturn|p2a: Calyrex|Protect
|move|p1a: Indeedee|Follow Me|p1a: Indeedee
|-singleturn|p1a: Indeedee|move: Follow Me
|move|p1b: Koraidon|Flare Blitz|p2a: Calyrex
|-activate|p2a: Calyrex|move: Protect
|move|p2b: Zamazenta|Body Press|p1a: Indeedee
|-damage|p1a: Indeedee|0 fnt
|faint|p1a: Indeedee
|
|-weather|SunnyDay|[upkeep]
|-fieldend|move: Psychic Terrain
|upkeep
|
|t:|1750739566
|switch|p1a: Chi-Yu|Chi-Yu, L50, tera:Fire|100/100
|-ability|p1a: Chi-Yu|Beads of Ruin
|turn|6
|inactive|BrDilas has 30 seconds left.
|
|t:|1750739592
|move|p2a: Calyrex|Protect||[still]
|-fail|p2a: Calyrex
|move|p2b: Zamazenta|Protect|p2b: Zamazenta
|-singleturn|p2b: Zamazenta|Protect
|move|p1b: Koraidon|Flame Charge|p2a: Calyrex
|-damage|p2a: Calyrex|0 fnt
|-boost|p1b: Koraidon|spe|1
|faint|p2a: Calyrex
|move|p1a: Chi-Yu|Overheat|p2b: Zamazenta
|-activate|p2b: Zamazenta|move: Protect
|
|-weather|SunnyDay|[upkeep]
|upkeep
|
|t:|1750739604
|switch|p2a: Urshifu|Urshifu-Rapid-Strike, L50, M|21/100
|turn|7
|
|t:|1750739613
|move|p2b: Zamazenta|Wide Guard|p2b: Zamazenta
|-singleturn|p2b: Zamazenta|Wide Guard
|move|p1b: Koraidon|Flare Blitz|p2a: Urshifu
|-resisted|p2a: Urshifu
|-damage|p2a: Urshifu|0 fnt
|faint|p2a: Urshifu
|-damage|p1b: Koraidon|53/100|[from] Recoil
|move|p1a: Chi-Yu|Overheat|p2b: Zamazenta
|-supereffective|p2b: Zamazenta
|-damage|p2b: Zamazenta|0 fnt
|-unboost|p1a: Chi-Yu|spa|2
|faint|p2b: Zamazenta
|
|win|ruimiao
|raw|ruimiao's rating: 1516 &rarr; <strong>1534</strong><br />(+18 for winning)
|raw|BrDilas's rating: 1482 &rarr; <strong>1464</strong><br />(-18 for losing)
|l|☆BrDilas
|player|p2|
|l|☆ruimiao
|player|p1|
