|j|☆CrzyShrf
|j|☆whoisamid
|t:|1750861964
|gametype|doubles
|player|p1|CrzyShrf|lucas|1093
|player|p2|whoisamid|morty|1052
|teamsize|p1|6
|teamsize|p2|6
|gen|9
|tier|[Gen 9] VGC 2025 Reg I
|rated|
|rule|Species Clause: Limit one of each Pokémon
|rule|Item Clause: Limit 1 of each item
|clearpoke
|poke|p1|Kyurem-White, L50|
|poke|p1|Ninetales-Alola, L50, M|
|poke|p1|Palkia-Origin, L50|
|poke|p1|Volbeat, L50, M|
|poke|p1|Pelipper, L50, M|
|poke|p1|Conkeldurr, L50, F|
|poke|p2|Typhlosion-Hisui, L50, F|
|poke|p2|Chi-Yu, L50|
|poke|p2|Florges-Orange, L50, F|
|poke|p2|Thundurus-Therian, L50, M|
|poke|p2|Ceruledge, L50, F|
|poke|p2|Baxcalibur, L50, F|
|teampreview|4
|inactive|Battle timer is ON: inactive players will automatically lose when time's up. (requested by whoisamid)
|
|t:|1750861992
|start
|switch|p1a: Lighthouse|Volbeat, L50, M, shiny|100/100
|switch|p1b: AA11|Pelipper, L50, M, shiny|100/100
|switch|p2a: Typhlosion|Typhlosion-Hisui, L50, F, shiny|100/100
|switch|p2b: Chi-Yu|Chi-Yu, L50|100/100
|-item|p1a: Lighthouse|Focus Sash|[from] ability: Frisk|[of] p2a: Typhlosion
|-item|p1b: AA11|Damp Rock|[from] ability: Frisk|[of] p2a: Typhlosion
|-ability|p2b: Chi-Yu|Beads of Ruin
|-weather|RainDance|[from] ability: Drizzle|[of] p1b: AA11
|turn|1
|inactive|whoisamid has 30 seconds left.
|
|t:|1750862017
|move|p1a: Lighthouse|Tailwind|p1a: Lighthouse
|-sidestart|p1: CrzyShrf|move: Tailwind
|move|p1b: AA11|Weather Ball|p2b: Chi-Yu
|-supereffective|p2b: Chi-Yu
|-enditem|p2b: Chi-Yu|Focus Sash
|-damage|p2b: Chi-Yu|1/100
|move|p2a: Typhlosion|Infernal Parade|p1a: Lighthouse
|-damage|p1a: Lighthouse|63/100
|move|p2b: Chi-Yu|Will-O-Wisp|p1a: Lighthouse
|-status|p1a: Lighthouse|brn
|
|-weather|RainDance|[upkeep]
|-damage|p1a: Lighthouse|57/100 brn|[from] brn
|upkeep
|turn|2
|inactive|CrzyShrf has 30 seconds left.
|
|t:|1750862045
|switch|p2a: Florges|Florges-Orange, L50, F, shiny|100/100
|move|p1a: Lighthouse|Tail Glow|p1a: Lighthouse
|-boost|p1a: Lighthouse|spa|3
|move|p1b: AA11|Weather Ball|p2a: Florges
|-damage|p2a: Florges|47/100
|move|p2b: Chi-Yu|Ruination|p1b: AA11
|-damage|p1b: AA11|50/100
|
|-weather|RainDance|[upkeep]
|-heal|p2a: Florges|53/100|[from] item: Leftovers
|-damage|p1a: Lighthouse|51/100 brn|[from] brn
|upkeep
|turn|3
|inactive|CrzyShrf has 30 seconds left.
|
|t:|1750862074
|move|p1a: Lighthouse|Baton Pass|p1a: Lighthouse
|
|t:|1750862076
|switch|p1a: Plak Tuah|Palkia-Origin, L50, shiny|100/100|[from] Baton Pass
|-ability|p1a: Plak Tuah|Pressure
|move|p1b: AA11|Hurricane|p2a: Florges
|-damage|p2a: Florges|14/100
|-start|p2a: Florges|confusion
|move|p2b: Chi-Yu|Heat Wave|p1a: Plak Tuah|[spread] p1a,p1b
|-resisted|p1a: Plak Tuah
|-resisted|p1b: AA11
|-damage|p1a: Plak Tuah|95/100
|-damage|p1b: AA11|28/100
|-activate|p2a: Florges|confusion
|move|p2a: Florges|Dazzling Gleam|p1b: AA11|[spread] p1a,p1b
|-supereffective|p1a: Plak Tuah
|-damage|p1a: Plak Tuah|26/100
|-damage|p1b: AA11|0 fnt
|faint|p1b: AA11
|
|-weather|RainDance|[upkeep]
|-heal|p2a: Florges|20/100|[from] item: Leftovers
|upkeep
|
|t:|1750862096
|switch|p1b: Babushka|Conkeldurr, L50, F, shiny|100/100
|turn|4
|
|t:|1750862109
|-activate|p2a: Florges|confusion
|move|p2a: Florges|Protect|p2a: Florges
|-singleturn|p2a: Florges|Protect
|move|p1b: Babushka|Wide Guard|p1b: Babushka
|-singleturn|p1b: Babushka|Wide Guard
|move|p1a: Plak Tuah|Ice Beam|p2a: Florges
|-activate|p2a: Florges|move: Protect
|move|p2b: Chi-Yu|Ruination|p1b: Babushka
|-damage|p1b: Babushka|50/100
|
|-weather|RainDance|[upkeep]
|-heal|p2a: Florges|26/100|[from] item: Leftovers
|-sideend|p1: CrzyShrf|move: Tailwind
|-status|p1b: Babushka|brn|[from] item: Flame Orb
|upkeep
|turn|5
|inactive|whoisamid has 30 seconds left.
|inactive|whoisamid has 20 seconds left.
|inactive|whoisamid has 15 seconds left.
|inactive|whoisamid has 10 seconds left.
|inactive|whoisamid has 5 seconds left.
|
|t:|1750862162
|switch|p2b: Ceruledge|Ceruledge, L50, F|100/100
|move|p1b: Babushka|Wide Guard|p1b: Babushka
|-singleturn|p1b: Babushka|Wide Guard
|move|p1a: Plak Tuah|Earth Power|p2a: Florges
|-damage|p2a: Florges|0 fnt
|faint|p2a: Florges
|
|-weather|RainDance|[upkeep]
|-damage|p1b: Babushka|44/100 brn|[from] brn
|upkeep
|
|t:|1750862173
|switch|p2a: Typhlosion|Typhlosion-Hisui, L50, F, shiny|100/100
|-item|p1a: Plak Tuah|Lustrous Globe|[from] ability: Frisk|[of] p2a: Typhlosion
|-item|p1b: Babushka|Flame Orb|[from] ability: Frisk|[of] p2a: Typhlosion
|turn|6
|
|t:|1750862189
|-terastallize|p2b: Ceruledge|Grass
|move|p1b: Babushka|Wide Guard|p1b: Babushka
|-singleturn|p1b: Babushka|Wide Guard
|move|p2a: Typhlosion|Infernal Parade|p1b: Babushka
|-damage|p1b: Babushka|0 fnt
|faint|p1b: Babushka
|move|p1a: Plak Tuah|Earth Power|p2a: Typhlosion
|-supereffective|p2a: Typhlosion
|-damage|p2a: Typhlosion|0 fnt
|faint|p2a: Typhlosion
|move|p2b: Ceruledge|Poltergeist|p1a: Plak Tuah
|-activate|p1a: Plak Tuah|move: Poltergeist|Lustrous Globe
|-damage|p1a: Plak Tuah|0 fnt
|faint|p1a: Plak Tuah
|
|-weather|RainDance|[upkeep]
|upkeep
|-message|CrzyShrf forfeited.
|
|win|whoisamid
|raw|CrzyShrf's rating: 1093 &rarr; <strong>1066</strong><br />(-27 for losing)
|raw|whoisamid's rating: 1052 &rarr; <strong>1088</strong><br />(+36 for winning)
|l|☆CrzyShrf
|player|p1|
|l|☆whoisamid
|player|p2|
