|j|☆Alchemicall
|j|☆bestgeoduck
|t:|1750723681
|gametype|doubles
|player|p1|Alchemicall|unknown|1340
|player|p2|bestgeoduck|collector|1308
|teamsize|p1|6
|teamsize|p2|6
|gen|9
|tier|[Gen 9] VGC 2025 Reg I
|rated|
|rule|Species Clause: Limit one of each Pokémon
|rule|Item Clause: Limit 1 of each item
|clearpoke
|poke|p1|Terapagos, L50, M|
|poke|p1|Calyrex-Shadow, L50|
|poke|p1|Incineroar, L50, F|
|poke|p1|Rillaboom, L50, F|
|poke|p1|Amoonguss, L50, F|
|poke|p1|Urshifu-*, L50, M|
|poke|p2|Tornadus, L50, M|
|poke|p2|Iron Valiant, L50|
|poke|p2|Calyrex-Shadow, L50|
|poke|p2|Landorus, L50, M|
|poke|p2|Necrozma-Dusk-Mane, L50|
|poke|p2|Toxapex, L50, M|
|teampreview|4
|inactive|Battle timer is ON: inactive players will automatically lose when time's up. (requested by Alchemicall)
|
|t:|1750723720
|start
|switch|p1a: Amoonguss|Amoonguss, L50, F, shiny|100/100
|switch|p1b: Terapagos|Terapagos, L50, M|100/100
|switch|p2a: Landorus|Landorus, L50, M|100/100
|switch|p2b: Toxapex|Toxapex, L50, M|100/100
|-activate|p1b: Terapagos|ability: Tera Shift
|detailschange|p1b: Terapagos|Terapagos-Terastal, L50, M
|-heal|p1b: Terapagos|100/100|[silent]
|turn|1
|inactive|Alchemicall has 30 seconds left.
|
|t:|1750723753
|move|p1b: Terapagos|Protect|p1b: Terapagos
|-singleturn|p1b: Terapagos|Protect
|move|p2a: Landorus|Sandsear Storm|p1b: Terapagos|[spread] 
|-activate|p1b: Terapagos|move: Protect
|-miss|p2a: Landorus|p1a: Amoonguss
|move|p2b: Toxapex|Toxic|p1b: Terapagos
|-activate|p1b: Terapagos|move: Protect
|move|p1a: Amoonguss|Spore|p2a: Landorus
|-status|p2a: Landorus|slp|[from] move: Spore
|
|upkeep
|turn|2
|inactive|Alchemicall has 30 seconds left.
|
|t:|1750723780
|switch|p2b: Iron Valiant|Iron Valiant, L50|100/100
|-enditem|p2b: Iron Valiant|Booster Energy
|-activate|p2b: Iron Valiant|ability: Quark Drive|[fromitem]
|-start|p2b: Iron Valiant|quarkdrivespe
|move|p1a: Amoonguss|Rage Powder|p1a: Amoonguss
|-singleturn|p1a: Amoonguss|move: Rage Powder
|cant|p2a: Landorus|slp
|move|p1b: Terapagos|Calm Mind|p1b: Terapagos
|-boost|p1b: Terapagos|spa|1
|-boost|p1b: Terapagos|spd|1
|
|upkeep
|turn|3
|inactive|bestgeoduck has 30 seconds left.
|
|t:|1750723805
|move|p2b: Iron Valiant|Moonblast|p1b: Terapagos
|-activate|p1b: Terapagos|ability: Tera Shell
|-resisted|p1b: Terapagos
|-damage|p1b: Terapagos|86/100
|-curestatus|p2a: Landorus|slp|[msg]
|move|p2a: Landorus|Sandsear Storm|p1b: Terapagos|[spread] p1a,p1b
|-crit|p1b: Terapagos
|-damage|p1a: Amoonguss|40/100
|-damage|p1b: Terapagos|7/100
|move|p1b: Terapagos|Calm Mind|p1b: Terapagos
|-boost|p1b: Terapagos|spa|1
|-boost|p1b: Terapagos|spd|1
|move|p1a: Amoonguss|Spore|p2b: Iron Valiant
|-status|p2b: Iron Valiant|slp|[from] move: Spore
|
|-heal|p1b: Terapagos|14/100|[from] item: Leftovers
|upkeep
|turn|4
|inactive|bestgeoduck has 30 seconds left.
|
|t:|1750723838
|move|p1b: Terapagos|Protect|p1b: Terapagos
|-singleturn|p1b: Terapagos|Protect
|cant|p2b: Iron Valiant|slp
|move|p2a: Landorus|Sandsear Storm|p1b: Terapagos|[spread] 
|-activate|p1b: Terapagos|move: Protect
|-miss|p2a: Landorus|p1a: Amoonguss
|move|p1a: Amoonguss|Spore|p2a: Landorus
|-status|p2a: Landorus|slp|[from] move: Spore
|
|-heal|p1b: Terapagos|20/100|[from] item: Leftovers
|upkeep
|turn|5
|c|☆bestgeoduck|Bro that is actually amazing
|
|t:|1750723859
|cant|p2b: Iron Valiant|slp
|cant|p2a: Landorus|slp
|move|p1b: Terapagos|Calm Mind|p1b: Terapagos
|-boost|p1b: Terapagos|spa|1
|-boost|p1b: Terapagos|spd|1
|move|p1a: Amoonguss|Pollen Puff|p1b: Terapagos
|-heal|p1b: Terapagos|70/100
|
|-heal|p1b: Terapagos|76/100|[from] item: Leftovers
|upkeep
|turn|6
|
|t:|1750723876
|-terastallize|p1b: Terapagos|Stellar
|detailschange|p1b: Terapagos|Terapagos-Stellar, L50, M, tera:Stellar
|-heal|p1b: Terapagos|82/100|[silent]
|move|p1a: Amoonguss|Rage Powder|p1a: Amoonguss
|-singleturn|p1a: Amoonguss|move: Rage Powder
|-curestatus|p2b: Iron Valiant|slp|[msg]
|move|p2b: Iron Valiant|Destiny Bond|p2b: Iron Valiant
|-singlemove|p2b: Iron Valiant|Destiny Bond
|cant|p2a: Landorus|slp
|move|p1b: Terapagos|Tera Starstorm|p2a: Landorus|[spread] p2a,p2b
|-damage|p2a: Landorus|0 fnt
|-damage|p2b: Iron Valiant|0 fnt
|faint|p2a: Landorus
|faint|p2b: Iron Valiant
|-activate|p2b: Iron Valiant|move: Destiny Bond
|-end|p2b: Iron Valiant|Quark Drive|[silent]
|faint|p1b: Terapagos
|detailschange|p1: Terapagos|Terapagos, L50, M|[silent]
|
|upkeep
|
|t:|1750723891
|switch|p2b: Necrozma|Necrozma-Dusk-Mane, L50|100/100
|switch|p2a: Toxapex|Toxapex, L50, M|100/100
|switch|p1b: Incineroar|Incineroar, L50, F, shiny|100/100
|-ability|p1b: Incineroar|Intimidate|boost
|-unboost|p2a: Toxapex|atk|1
|-unboost|p2b: Necrozma|atk|1
|turn|7
|
|t:|1750723909
|move|p2b: Necrozma|Protect|p2b: Necrozma
|-singleturn|p2b: Necrozma|Protect
|move|p2a: Toxapex|Baneful Bunker|p2a: Toxapex
|-singleturn|p2a: Toxapex|move: Protect
|move|p1b: Incineroar|Fake Out|p2b: Necrozma
|-activate|p2b: Necrozma|move: Protect
|move|p1a: Amoonguss|Spore|p2a: Toxapex
|-activate|p2a: Toxapex|move: Protect
|
|upkeep
|turn|8
|
|t:|1750723932
|-terastallize|p2b: Necrozma|Ground
|move|p2b: Necrozma|Bulldoze|p1b: Incineroar|[spread] p2a,p1a,p1b
|-supereffective|p2a: Toxapex
|-supereffective|p1b: Incineroar
|-damage|p2a: Toxapex|81/100
|-damage|p1a: Amoonguss|27/100
|-damage|p1b: Incineroar|73/100
|-unboost|p2a: Toxapex|spe|1
|-unboost|p1a: Amoonguss|spe|1
|-unboost|p1b: Incineroar|spe|1
|move|p1b: Incineroar|Will-O-Wisp|p2b: Necrozma|[miss]
|-miss|p1b: Incineroar|p2b: Necrozma
|move|p2a: Toxapex|Toxic|p1b: Incineroar
|-status|p1b: Incineroar|tox
|move|p1a: Amoonguss|Spore|p2a: Toxapex
|-status|p2a: Toxapex|slp|[from] move: Spore
|
|-damage|p1b: Incineroar|67/100 tox|[from] psn
|upkeep
|turn|9
|inactive|Alchemicall has 30 seconds left.
|inactive|bestgeoduck has 30 seconds left.
|inactive|bestgeoduck has 20 seconds left.
|
|t:|1750723968
|switch|p1a: Calyrex|Calyrex-Shadow, L50|100/100
|-ability|p1a: Calyrex|As One
|-ability|p1a: Calyrex|Unnerve
|move|p2b: Necrozma|Photon Geyser|p1a: Calyrex
|-resisted|p1a: Calyrex
|-damage|p1a: Calyrex|80/100
|move|p1b: Incineroar|Will-O-Wisp|p2b: Necrozma
|-status|p2b: Necrozma|brn
|cant|p2a: Toxapex|slp
|
|-damage|p1b: Incineroar|55/100 tox|[from] psn
|-damage|p2b: Necrozma|95/100 brn|[from] brn
|upkeep
|turn|10
|inactive|Alchemicall has 30 seconds left.
|inactive|bestgeoduck has 30 seconds left.
|
|t:|1750723998
|move|p1a: Calyrex|Astral Barrage|p2a: Toxapex|[spread] p2a,p2b
|-damage|p2a: Toxapex|31/100 slp
|-damage|p2b: Necrozma|53/100 brn
|move|p2b: Necrozma|Sunsteel Strike|p1a: Calyrex
|-damage|p1a: Calyrex|61/100
|move|p1b: Incineroar|Knock Off|p2b: Necrozma
|-damage|p2b: Necrozma|31/100 brn
|-damage|p1b: Incineroar|39/100 tox|[from] item: Rocky Helmet|[of] p2b: Necrozma
|-enditem|p2b: Necrozma|Rocky Helmet|[from] move: Knock Off|[of] p1b: Incineroar
|cant|p2a: Toxapex|slp
|
|-damage|p1b: Incineroar|21/100 tox|[from] psn
|-damage|p2b: Necrozma|25/100 brn|[from] brn
|upkeep
|turn|11
|
|t:|1750724017
|switch|p1b: Amoonguss|Amoonguss, L50, F, shiny|61/100
|move|p2b: Necrozma|Protect|p2b: Necrozma
|-singleturn|p2b: Necrozma|Protect
|-curestatus|p2a: Toxapex|slp|[msg]
|move|p2a: Toxapex|Baneful Bunker|p2a: Toxapex
|-singleturn|p2a: Toxapex|move: Protect
|move|p1a: Calyrex|Astral Barrage|p2a: Toxapex|[spread] 
|-activate|p2a: Toxapex|move: Protect
|-activate|p2b: Necrozma|move: Protect
|
|-damage|p2b: Necrozma|20/100 brn|[from] brn
|upkeep
|turn|12
|
|t:|1750724032
|move|p1a: Calyrex|Encore|p2a: Toxapex
|-start|p2a: Toxapex|Encore
|-enditem|p2a: Toxapex|Mental Herb
|-end|p2a: Toxapex|Encore
|move|p2b: Necrozma|Sunsteel Strike|p1a: Calyrex
|-damage|p1a: Calyrex|40/100
|move|p2a: Toxapex|Sludge Bomb|p1a: Calyrex
|-resisted|p1a: Calyrex
|-damage|p1a: Calyrex|30/100
|move|p1b: Amoonguss|Pollen Puff|p1a: Calyrex
|-heal|p1a: Calyrex|80/100
|
|-damage|p2b: Necrozma|14/100 brn|[from] brn
|upkeep
|turn|13
|inactive|bestgeoduck has 30 seconds left.
|inactive|bestgeoduck has 20 seconds left.
|inactive|bestgeoduck has 15 seconds left.
|inactive|bestgeoduck has 10 seconds left.
|inactive|bestgeoduck has 5 seconds left.
|
|t:|1750724086
|move|p2b: Necrozma|Protect|p2b: Necrozma
|-singleturn|p2b: Necrozma|Protect
|move|p2a: Toxapex|Baneful Bunker|p2a: Toxapex
|-singleturn|p2a: Toxapex|move: Protect
|move|p1a: Calyrex|Astral Barrage|p2a: Toxapex|[spread] 
|-activate|p2a: Toxapex|move: Protect
|-activate|p2b: Necrozma|move: Protect
|move|p1b: Amoonguss|Pollen Puff|p1a: Calyrex
|-heal|p1a: Calyrex|100/100
|
|-damage|p2b: Necrozma|8/100 brn|[from] brn
|upkeep
|turn|14
|inactive|Alchemicall has 30 seconds left.
|inactive|bestgeoduck has 30 seconds left.
|inactive|bestgeoduck has 20 seconds left.
|inactive|bestgeoduck has 15 seconds left.
|inactive|bestgeoduck has 10 seconds left.
|inactive|bestgeoduck has 5 seconds left.
|
|t:|1750724140
|move|p2a: Toxapex|Wide Guard|p2a: Toxapex
|-singleturn|p2a: Toxapex|Wide Guard
|move|p1a: Calyrex|Astral Barrage|p2a: Toxapex|[spread] 
|-activate|p2a: Toxapex|move: Wide Guard
|-activate|p2b: Necrozma|move: Wide Guard
|move|p2b: Necrozma|Photon Geyser|p1b: Amoonguss
|-supereffective|p1b: Amoonguss
|-damage|p1b: Amoonguss|0 fnt
|faint|p1b: Amoonguss
|
|-damage|p2b: Necrozma|2/100 brn|[from] brn
|upkeep
|
|t:|1750724154
|switch|p1b: Incineroar|Incineroar, L50, F, shiny|21/100 tox
|-ability|p1b: Incineroar|Intimidate|boost
|-unboost|p2a: Toxapex|atk|1
|-unboost|p2b: Necrozma|atk|1
|turn|15
|inactive|bestgeoduck has 30 seconds left.
|inactive|bestgeoduck has 20 seconds left.
|inactive|bestgeoduck has 15 seconds left.
|c|☆bestgeoduck|You are so lucky
|inactive|bestgeoduck has 10 seconds left.
|c|☆bestgeoduck|Gg
|inactive|bestgeoduck has 5 seconds left.
|
|t:|1750724208
|move|p2b: Necrozma|Protect|p2b: Necrozma
|-singleturn|p2b: Necrozma|Protect
|move|p2a: Toxapex|Baneful Bunker||[still]
|-fail|p2a: Toxapex
|move|p1a: Calyrex|Disable|p2a: Toxapex
|-start|p2a: Toxapex|Disable|Baneful Bunker
|move|p1b: Incineroar|Knock Off|p2a: Toxapex
|-damage|p2a: Toxapex|16/100
|
|-damage|p1b: Incineroar|15/100 tox|[from] psn
|-damage|p2b: Necrozma|0 fnt|[from] brn
|faint|p2b: Necrozma
|upkeep
|turn|16
|inactive|bestgeoduck has 30 seconds left.
|inactive|bestgeoduck has 20 seconds left.
|inactive|bestgeoduck has 15 seconds left.
|inactive|bestgeoduck has 10 seconds left.
|inactive|bestgeoduck has 5 seconds left.
|
|t:|1750724241
|move|p2a: Toxapex|Wide Guard|p2a: Toxapex
|-singleturn|p2a: Toxapex|Wide Guard
|move|p1a: Calyrex|Astral Barrage|p2a: Toxapex
|-activate|p2a: Toxapex|move: Wide Guard
|move|p1b: Incineroar|Will-O-Wisp|p2a: Toxapex
|-status|p2a: Toxapex|brn
|
|-damage|p1b: Incineroar|3/100 tox|[from] psn
|-damage|p2a: Toxapex|10/100 brn|[from] brn
|upkeep
|turn|17
|inactive|bestgeoduck has 5 seconds left this turn.
|-message|bestgeoduck lost due to inactivity.
|
|win|Alchemicall
|raw|Alchemicall's rating: 1340 &rarr; <strong>1358</strong><br />(+18 for winning)
|raw|bestgeoduck's rating: 1308 &rarr; <strong>1290</strong><br />(-18 for losing)
|l|☆Alchemicall
|player|p1|
|l|☆bestgeoduck
|player|p2|
