|j|‽xGSx3ntr0py
|j|☆thatoneguy1337
|t:|1750742659
|gametype|doubles
|player|p1|xGSx3ntr0py|169|1492
|player|p2|thatoneguy1337|caitlin|1596
|teamsize|p1|6
|teamsize|p2|6
|gen|9
|tier|[Gen 9] VGC 2025 Reg I
|rated|
|rule|Species Clause: Limit one of each Pokémon
|rule|Item Clause: Limit 1 of each item
|clearpoke
|poke|p1|Calyrex-Ice, L50|
|poke|p1|Smeargle, L50, F|
|poke|p1|Incineroar, L50, M|
|poke|p1|Rillaboom, L50, F|
|poke|p1|Lunala, L50|
|poke|p1|Muk-Alola, L50, F|
|poke|p2|Koraidon, L50|
|poke|p2|Ho-Oh, L50|
|poke|p2|Flutter Mane, L50|
|poke|p2|Incineroar, L50, M|
|poke|p2|Raging Bolt, L50|
|poke|p2|Iron Treads, L50|
|teampreview|4
|
|t:|1750742677
|start
|switch|p1a: Muk|Muk-Alola, L50, F|100/100
|switch|p1b: Smeargle|Smeargle, L50, F|100/100
|switch|p2a: Koraidon|Koraidon, L50|100/100
|switch|p2b: Ho-Oh|Ho-Oh, L50|100/100
|-weather|SunnyDay|[from] ability: Orichalcum Pulse|[of] p2a: Koraidon
|-activate|p2a: Koraidon|Orichalcum Pulse|[source]
|turn|1
|inactive|Battle timer is ON: inactive players will automatically lose when time's up. (requested by thatoneguy1337)
|
|t:|1750742683
|move|p1b: Smeargle|Follow Me|p1b: Smeargle
|-singleturn|p1b: Smeargle|move: Follow Me
|move|p2a: Koraidon|Scale Shot|p1b: Smeargle
|-damage|p1b: Smeargle|72/100
|-damage|p1b: Smeargle|41/100
|-damage|p1b: Smeargle|12/100
|-damage|p1b: Smeargle|0 fnt
|faint|p1b: Smeargle
|-ability|p1a: Muk|Moody|[from] ability: Power of Alchemy|[of] p1b: Smeargle
|-hitcount|p1: Smeargle|4
|-unboost|p2a: Koraidon|def|1
|-boost|p2a: Koraidon|spe|1
|move|p2b: Ho-Oh|Sacred Fire|p1a: Muk
|-damage|p1a: Muk|36/100
|move|p1a: Muk|Minimize|p1a: Muk
|-boost|p1a: Muk|evasion|2
|
|-weather|SunnyDay|[upkeep]
|-heal|p1a: Muk|42/100|[from] item: Black Sludge
|-ability|p1a: Muk|Moody|boost
|-boost|p1a: Muk|def|2
|-unboost|p1a: Muk|spe|1
|upkeep
|
|t:|1750742697
|switch|p1b: Incineroar|Incineroar, L50, M|100/100
|-ability|p1b: Incineroar|Intimidate|boost
|-unboost|p2a: Koraidon|atk|1
|-fail|p2b: Ho-Oh|unboost|[from] item: Clear Amulet|[of] p2b: Ho-Oh
|turn|2
|
|t:|1750742708
|move|p1b: Incineroar|Fake Out|p2b: Ho-Oh
|-damage|p2b: Ho-Oh|92/100
|move|p2a: Koraidon|Scale Shot|p1a: Muk
|-damage|p1a: Muk|37/100
|-damage|p1a: Muk|32/100
|-damage|p1a: Muk|27/100
|-damage|p1a: Muk|23/100
|-damage|p1a: Muk|18/100
|-hitcount|p1a: Muk|5
|-unboost|p2a: Koraidon|def|1
|-boost|p2a: Koraidon|spe|1
|cant|p2b: Ho-Oh|flinch
|move|p1a: Muk|Minimize|p1a: Muk
|-boost|p1a: Muk|evasion|2
|
|-weather|SunnyDay|[upkeep]
|-heal|p1a: Muk|24/100|[from] item: Black Sludge
|-ability|p1a: Muk|Moody|boost
|-boost|p1a: Muk|spa|2
|-unboost|p1a: Muk|spe|1
|upkeep
|turn|3
|inactive|xGSx3ntr0py has 30 seconds left.
|
|t:|1750742738
|move|p1a: Muk|Protect|p1a: Muk
|-singleturn|p1a: Muk|Protect
|move|p2a: Koraidon|Collision Course|p1b: Incineroar
|-supereffective|p1b: Incineroar
|-damage|p1b: Incineroar|0 fnt
|faint|p1b: Incineroar
|move|p2b: Ho-Oh|Sacred Fire|p1a: Muk
|-activate|p1a: Muk|move: Protect
|
|-weather|SunnyDay|[upkeep]
|-heal|p1a: Muk|30/100|[from] item: Black Sludge
|-ability|p1a: Muk|Moody|boost
|-boost|p1a: Muk|spd|2
|-unboost|p1a: Muk|atk|1
|upkeep
|
|t:|1750742745
|switch|p1b: Lunala|Lunala, L50|100/100
|turn|4
|
|t:|1750742752
|move|p1a: Muk|Protect||[still]
|-fail|p1a: Muk
|move|p2a: Koraidon|Flare Blitz|p1a: Muk|[miss]
|-miss|p2a: Koraidon|p1a: Muk
|move|p2b: Ho-Oh|Sacred Fire|p1a: Muk|[miss]
|-miss|p2b: Ho-Oh|p1a: Muk
|move|p1b: Lunala|Psych Up|p1a: Muk
|-copyboost|p1b: Lunala|p1a: Muk|[from] move: Psych Up
|
|-weather|SunnyDay|[upkeep]
|-heal|p1a: Muk|36/100|[from] item: Black Sludge
|-ability|p1a: Muk|Moody|boost
|-boost|p1a: Muk|spd|2
|-unboost|p1a: Muk|spa|1
|upkeep
|turn|5
|
|t:|1750742772
|move|p1a: Muk|Protect|p1a: Muk
|-singleturn|p1a: Muk|Protect
|move|p2a: Koraidon|Flare Blitz|p1a: Muk
|-activate|p1a: Muk|move: Protect
|move|p2b: Ho-Oh|Sacred Fire|p1a: Muk
|-activate|p1a: Muk|move: Protect
|move|p1b: Lunala|Trick Room|p1b: Lunala
|-fieldstart|move: Trick Room|[of] p1b: Lunala
|
|-weather|none
|-heal|p1a: Muk|42/100|[from] item: Black Sludge
|-ability|p1a: Muk|Moody|boost
|-boost|p1a: Muk|def|2
|-unboost|p1a: Muk|spa|1
|upkeep
|turn|6
|-message|thatoneguy1337 forfeited.
|
|win|xGSx3ntr0py
|raw|xGSx3ntr0py's rating: 1492 &rarr; <strong>1518</strong><br />(+26 for winning)
|raw|thatoneguy1337's rating: 1596 &rarr; <strong>1570</strong><br />(-26 for losing)
|l|☆thatoneguy1337
|player|p2|
|l|‽xGSx3ntr0py
|player|p1|
