|j|☆Pastor/Sinner
|j|☆DevUrsid
|t:|1750793625
|gametype|doubles
|player|p1|Pastor/Sinner|266|1116
|player|p2|DevUrsid|hilbert-wonderlauncher|1052
|teamsize|p1|6
|teamsize|p2|6
|gen|9
|tier|[Gen 9] VGC 2025 Reg I
|rated|
|rule|Species Clause: Limit one of each Pokémon
|rule|Item Clause: Limit 1 of each item
|clearpoke
|poke|p1|Sneasler, L50, F|
|poke|p1|Koraidon, L50|
|poke|p1|Jumpluff, L50, F|
|poke|p1|Incineroar, L50, M|
|poke|p1|Zamazenta-*, L50|
|poke|p1|Hariyama, L50, M|
|poke|p2|Calyrex-Ice, L50|
|poke|p2|Kyogre, L50|
|poke|p2|Lokix, L50, M|
|poke|p2|Incineroar, L50, F|
|poke|p2|Urshifu-*, L50, M|
|poke|p2|Amoonguss, L50, F|
|teampreview|4
|
|t:|1750793649
|start
|switch|p1a: Incineroar|Incineroar, L50, M|100/100
|switch|p1b: Jumpluff|Jumpluff, L50, F, shiny|100/100
|switch|p2a: Kyogre|Kyogre, L50|100/100
|switch|p2b: Amoonguss|Amoonguss, L50, F|100/100
|-weather|RainDance|[from] ability: Drizzle|[of] p2a: Kyogre
|-ability|p1a: Incineroar|Intimidate|boost
|-unboost|p2a: Kyogre|atk|1
|-unboost|p2b: Amoonguss|atk|1
|turn|1
|inactive|Battle timer is ON: inactive players will automatically lose when time's up. (requested by Pastor/Sinner)
|
|t:|1750793669
|move|p1a: Incineroar|Fake Out|p2a: Kyogre
|-damage|p2a: Kyogre|86/100
|-damage|p1a: Incineroar|84/100|[from] item: Rocky Helmet|[of] p2a: Kyogre
|move|p2b: Amoonguss|Rage Powder|p2b: Amoonguss
|-singleturn|p2b: Amoonguss|move: Rage Powder
|move|p1b: Jumpluff|Tailwind|p1b: Jumpluff
|-sidestart|p1: Pastor/Sinner|move: Tailwind
|cant|p2a: Kyogre|flinch
|
|-weather|RainDance|[upkeep]
|upkeep
|turn|2
|inactive|DevUrsid has 30 seconds left.
|
|t:|1750793695
|move|p2a: Kyogre|Protect|p2a: Kyogre
|-singleturn|p2a: Kyogre|Protect
|move|p1b: Jumpluff|Sleep Powder|p2a: Kyogre
|-activate|p2a: Kyogre|move: Protect
|move|p1a: Incineroar|Parting Shot|p2a: Kyogre
|-activate|p2a: Kyogre|move: Protect
|move|p2b: Amoonguss|Spore|p1a: Incineroar
|-activate|p1a: Incineroar|item: Safety Goggles|Spore
|
|-weather|RainDance|[upkeep]
|upkeep
|turn|3
|inactive|DevUrsid has 30 seconds left.
|inactive|DevUrsid has 20 seconds left.
|
|t:|1750793735
|move|p1b: Jumpluff|Encore|p2a: Kyogre
|-start|p2a: Kyogre|Encore
|move|p1a: Incineroar|Knock Off|p2a: Kyogre
|-damage|p2a: Kyogre|40/100
|-damage|p1a: Incineroar|68/100|[from] item: Rocky Helmet|[of] p2a: Kyogre
|-enditem|p2a: Kyogre|Rocky Helmet|[from] move: Knock Off|[of] p1a: Incineroar
|move|p2a: Kyogre|Protect||[still]
|-fail|p2a: Kyogre
|move|p2b: Amoonguss|Spore|p1a: Incineroar
|-activate|p1a: Incineroar|item: Safety Goggles|Spore
|
|-weather|RainDance|[upkeep]
|upkeep
|turn|4
|c|☆DevUrsid|lol
|c|☆DevUrsid|XD
|c|☆DevUrsid|this can go any worse
|inactive|DevUrsid has 30 seconds left.
|inactive|Pastor/Sinner has 30 seconds left.
|
|t:|1750793769
|switch|p2b: Incineroar|Incineroar, L50, F|100/100
|-ability|p2b: Incineroar|Intimidate|boost
|-unboost|p1a: Incineroar|atk|1
|-unboost|p1b: Jumpluff|atk|1
|move|p2a: Kyogre|Protect|p2a: Kyogre
|-singleturn|p2a: Kyogre|Protect
|move|p1b: Jumpluff|Encore||[still]
|-fail|p1b: Jumpluff
|move|p1a: Incineroar|Knock Off|p2b: Incineroar
|-resisted|p2b: Incineroar
|-damage|p2b: Incineroar|84/100
|-enditem|p2b: Incineroar|Safety Goggles|[from] move: Knock Off|[of] p1a: Incineroar
|
|-weather|RainDance|[upkeep]
|-sideend|p1: Pastor/Sinner|move: Tailwind
|upkeep
|turn|5
|
|t:|1750793794
|switch|p2a: Lokix|Lokix, L50, M|100/100
|move|p2b: Incineroar|Fake Out|p1b: Jumpluff
|-damage|p1b: Jumpluff|84/100
|move|p1b: Jumpluff|Sleep Powder|p2a: Lokix
|-status|p2a: Lokix|slp|[from] move: Sleep Powder
|move|p1a: Incineroar|Parting Shot|p2a: Lokix
|-unboost|p2a: Lokix|atk|1
|-unboost|p2a: Lokix|spa|1
|
|t:|1750793807
|switch|p1a: Sif|Zamazenta-Crowned, L50|100/100|[from] Parting Shot
|-ability|p1a: Sif|Dauntless Shield|boost
|-boost|p1a: Sif|def|1
|
|-weather|none
|upkeep
|turn|6
|inactive|DevUrsid has 30 seconds left.
|inactive|DevUrsid has 20 seconds left.
|inactive|DevUrsid has 15 seconds left.
|
|t:|1750793851
|move|p1a: Sif|Body Press|p2b: Incineroar
|-supereffective|p2b: Incineroar
|-damage|p2b: Incineroar|0 fnt
|faint|p2b: Incineroar
|move|p1b: Jumpluff|Tailwind|p1b: Jumpluff
|-sidestart|p1: Pastor/Sinner|move: Tailwind
|cant|p2a: Lokix|slp
|
|upkeep
|c|☆DevUrsid|lol
|
|t:|1750793861
|switch|p2b: Kyogre|Kyogre, L50|40/100
|-weather|RainDance|[from] ability: Drizzle|[of] p2b: Kyogre
|turn|7
|
|t:|1750793874
|move|p1a: Sif|Body Press|p2a: Lokix
|-damage|p2a: Lokix|14/100 slp
|move|p1b: Jumpluff|Sleep Powder|p2b: Kyogre|[miss]
|-miss|p1b: Jumpluff|p2b: Kyogre
|cant|p2a: Lokix|slp
|move|p2b: Kyogre|Origin Pulse|p1a: Sif|[spread] p1a
|-miss|p2b: Kyogre|p1b: Jumpluff
|-damage|p1a: Sif|48/100
|
|-weather|RainDance|[upkeep]
|upkeep
|turn|8
|
|t:|1750793892
|switch|p2a: Amoonguss|Amoonguss, L50, F|100/100
|move|p1a: Sif|Body Press|p2a: Amoonguss
|-resisted|p2a: Amoonguss
|-damage|p2a: Amoonguss|65/100
|-enditem|p2a: Amoonguss|Eject Button
|
|t:|1750793901
|switch|p2a: Lokix|Lokix, L50, M|14/100 slp
|move|p1b: Jumpluff|Sleep Powder|p2b: Kyogre|[miss]
|-miss|p1b: Jumpluff|p2b: Kyogre
|move|p2b: Kyogre|Origin Pulse|p1b: Jumpluff|[spread] p1a,p1b
|-resisted|p1b: Jumpluff
|-damage|p1a: Sif|0 fnt
|-damage|p1b: Jumpluff|43/100
|faint|p1a: Sif
|
|-weather|RainDance|[upkeep]
|upkeep
|
|t:|1750793913
|switch|p1a: Koraidon|Koraidon, L50|100/100
|-weather|SunnyDay|[from] ability: Orichalcum Pulse|[of] p1a: Koraidon
|-activate|p1a: Koraidon|Orichalcum Pulse|[source]
|turn|9
|
|t:|1750793929
|switch|p2a: Amoonguss|Amoonguss, L50, F|98/100
|move|p2b: Kyogre|Protect|p2b: Kyogre
|-singleturn|p2b: Kyogre|Protect
|move|p1b: Jumpluff|Strength Sap|p2a: Amoonguss
|-unboost|p2a: Amoonguss|atk|1
|-heal|p1b: Jumpluff|96/100
|move|p1a: Koraidon|Collision Course|p2b: Kyogre
|-activate|p2b: Kyogre|move: Protect
|
|-weather|SunnyDay|[upkeep]
|-sideend|p1: Pastor/Sinner|move: Tailwind
|upkeep
|turn|10
|inactive|Pastor/Sinner has 30 seconds left.
|
|t:|1750793958
|switch|p1a: Incineroar|Incineroar, L50, M|68/100
|-ability|p1a: Incineroar|Intimidate|boost
|-unboost|p2a: Amoonguss|atk|1
|-unboost|p2b: Kyogre|atk|1
|switch|p2b: Lokix|Lokix, L50, M|14/100 slp
|move|p1b: Jumpluff|Sleep Powder|p2b: Lokix
|-fail|p2b: Lokix|slp
|move|p2a: Amoonguss|Spore|p1a: Incineroar
|-activate|p1a: Incineroar|item: Safety Goggles|Spore
|
|-weather|SunnyDay|[upkeep]
|upkeep
|turn|11
|inactive|DevUrsid has 30 seconds left.
|
|t:|1750793987
|-terastallize|p2b: Lokix|Dark
|move|p1b: Jumpluff|Encore|p2a: Amoonguss
|-start|p2a: Amoonguss|Encore
|-curestatus|p2b: Lokix|slp|[msg]
|move|p2b: Lokix|Knock Off|p1a: Incineroar
|-resisted|p1a: Incineroar
|-crit|p1a: Incineroar
|-damage|p1a: Incineroar|0 fnt
|-enditem|p1a: Incineroar|Safety Goggles|[from] move: Knock Off|[of] p2b: Lokix
|faint|p1a: Incineroar
|move|p2a: Amoonguss|Spore|p1b: Jumpluff
|-immune|p1b: Jumpluff
|
|-weather|SunnyDay|[upkeep]
|upkeep
|
|t:|1750794001
|switch|p1a: Koraidon|Koraidon, L50|100/100
|-activate|p1a: Koraidon|ability: Orichalcum Pulse
|turn|12
|
|t:|1750794020
|switch|p2a: Kyogre|Kyogre, L50|40/100
|-weather|RainDance|[from] ability: Drizzle|[of] p2a: Kyogre
|move|p1a: Koraidon|U-turn|p2b: Lokix
|-supereffective|p2b: Lokix
|-damage|p2b: Lokix|0 fnt
|faint|p2b: Lokix
|move|p1b: Jumpluff|Tailwind|p1b: Jumpluff
|-sidestart|p1: Pastor/Sinner|move: Tailwind
|
|-weather|RainDance|[upkeep]
|upkeep
|
|t:|1750794029
|switch|p2b: Amoonguss|Amoonguss, L50, F|100/100
|turn|13
|
|t:|1750794043
|move|p2a: Kyogre|Protect|p2a: Kyogre
|-singleturn|p2a: Kyogre|Protect
|move|p1a: Koraidon|U-turn|p2b: Amoonguss
|-crit|p2b: Amoonguss
|-damage|p2b: Amoonguss|58/100
|move|p1b: Jumpluff|Sleep Powder|p2a: Kyogre
|-activate|p2a: Kyogre|move: Protect
|move|p2b: Amoonguss|Spore|p1a: Koraidon
|-status|p1a: Koraidon|slp|[from] move: Spore
|
|-weather|RainDance|[upkeep]
|upkeep
|turn|14
|
|t:|1750794062
|cant|p1a: Koraidon|slp
|move|p1b: Jumpluff|Encore|p2b: Amoonguss
|-start|p2b: Amoonguss|Encore
|move|p2a: Kyogre|Origin Pulse|p1b: Jumpluff|[spread] p1a,p1b
|-resisted|p1a: Koraidon
|-resisted|p1b: Jumpluff
|-damage|p1a: Koraidon|63/100 slp
|-damage|p1b: Jumpluff|58/100
|move|p2b: Amoonguss|Spore|p1b: Jumpluff
|-immune|p1b: Jumpluff
|
|-weather|RainDance|[upkeep]
|upkeep
|turn|15
|
|t:|1750794078
|cant|p1a: Koraidon|slp
|move|p1b: Jumpluff|Sleep Powder|p2a: Kyogre
|-status|p2a: Kyogre|slp|[from] move: Sleep Powder
|cant|p2a: Kyogre|slp
|move|p2b: Amoonguss|Spore|p1a: Koraidon
|-fail|p1a: Koraidon|slp
|
|-weather|RainDance|[upkeep]
|-sideend|p1: Pastor/Sinner|move: Tailwind
|upkeep
|turn|16
|c|☆DevUrsid|lol
|
|t:|1750794098
|-curestatus|p2a: Kyogre|slp|[msg]
|move|p2a: Kyogre|Protect|p2a: Kyogre
|-singleturn|p2a: Kyogre|Protect
|-curestatus|p1a: Koraidon|slp|[msg]
|move|p1a: Koraidon|U-turn|p2a: Kyogre
|-activate|p2a: Kyogre|move: Protect
|move|p1b: Jumpluff|Strength Sap|p2a: Kyogre
|-activate|p2a: Kyogre|move: Protect
|move|p2b: Amoonguss|Spore|p1a: Koraidon
|-status|p1a: Koraidon|slp|[from] move: Spore
|
|-weather|none
|-end|p2b: Amoonguss|Encore
|upkeep
|turn|17
|inactive|DevUrsid has 30 seconds left.
|
|t:|1750794123
|cant|p1a: Koraidon|slp
|move|p1b: Jumpluff|Encore|p2a: Kyogre
|-start|p2a: Kyogre|Encore
|move|p2a: Kyogre|Protect|p2a: Kyogre
|-singleturn|p2a: Kyogre|Protect
|move|p2b: Amoonguss|Pollen Puff|p2a: Kyogre
|-activate|p2a: Kyogre|move: Protect
|
|upkeep
|turn|18
|c|☆DevUrsid|lol
|c|☆DevUrsid|bruh
|inactive|DevUrsid has 30 seconds left.
|
|t:|1750794152
|move|p2a: Kyogre|Protect||[still]
|-fail|p2a: Kyogre
|cant|p1a: Koraidon|slp
|move|p1b: Jumpluff|Strength Sap|p2a: Kyogre
|-unboost|p2a: Kyogre|atk|1
|-heal|p1b: Jumpluff|100/100
|move|p2b: Amoonguss|Pollen Puff|p1b: Jumpluff
|-damage|p1b: Jumpluff|81/100
|
|upkeep
|turn|19
|
|t:|1750794167
|move|p2a: Kyogre|Protect|p2a: Kyogre
|-singleturn|p2a: Kyogre|Protect
|cant|p1a: Koraidon|slp
|move|p1b: Jumpluff|Sleep Powder|p2a: Kyogre
|-activate|p2a: Kyogre|move: Protect
|move|p2b: Amoonguss|Spore|p1a: Koraidon
|-fail|p1a: Koraidon|slp
|
|-end|p2a: Kyogre|Encore
|upkeep
|turn|20
|inactive|DevUrsid has 30 seconds left.
|
|t:|1750794182
|-curestatus|p1a: Koraidon|slp|[msg]
|move|p1a: Koraidon|U-turn|p2a: Kyogre
|-damage|p2a: Kyogre|14/100
|move|p1b: Jumpluff|Encore|p2a: Kyogre
|-start|p2a: Kyogre|Encore
|move|p2a: Kyogre|Protect||[still]
|-fail|p2a: Kyogre
|move|p2b: Amoonguss|Pollen Puff|p1b: Jumpluff
|-damage|p1b: Jumpluff|62/100
|
|upkeep
|turn|21
|inactive|DevUrsid has 30 seconds left this turn.
|inactive|DevUrsid has 20 seconds left.
|
|t:|1750794201
|move|p2a: Kyogre|Protect|p2a: Kyogre
|-singleturn|p2a: Kyogre|Protect
|move|p1a: Koraidon|U-turn|p2b: Amoonguss
|-damage|p2b: Amoonguss|27/100
|move|p1b: Jumpluff|Sleep Powder|p2a: Kyogre
|-activate|p2a: Kyogre|move: Protect
|move|p2b: Amoonguss|Spore|p1a: Koraidon
|-status|p1a: Koraidon|slp|[from] move: Spore
|
|upkeep
|turn|22
|inactive|DevUrsid has 20 seconds left this turn.
|inactive|DevUrsid has 15 seconds left.
|inactive|DevUrsid has 10 seconds left.
|
|t:|1750794215
|move|p2a: Kyogre|Protect|p2a: Kyogre
|-singleturn|p2a: Kyogre|Protect
|cant|p1a: Koraidon|slp
|move|p1b: Jumpluff|Sleep Powder|p2a: Kyogre
|-activate|p2a: Kyogre|move: Protect
|move|p2b: Amoonguss|Pollen Puff|p1b: Jumpluff
|-damage|p1b: Jumpluff|42/100
|
|-end|p2a: Kyogre|Encore
|upkeep
|turn|23
|inactive|DevUrsid has 10 seconds left this turn.
|
|t:|1750794231
|-curestatus|p1a: Koraidon|slp|[msg]
|move|p1a: Koraidon|U-turn|p2a: Kyogre
|-damage|p2a: Kyogre|0 fnt
|faint|p2a: Kyogre
|move|p1b: Jumpluff|Encore|p2b: Amoonguss
|-start|p2b: Amoonguss|Encore
|move|p2b: Amoonguss|Pollen Puff|p1b: Jumpluff
|-damage|p1b: Jumpluff|23/100
|
|upkeep
|turn|24
|inactive|DevUrsid has 10 seconds left this turn.
|inactive|DevUrsid has 5 seconds left.
|
|t:|1750794246
|move|p1a: Koraidon|U-turn|p2b: Amoonguss
|-damage|p2b: Amoonguss|0 fnt
|faint|p2b: Amoonguss
|
|win|Pastor/Sinner
|raw|Pastor&#x2f;Sinner's rating: 1116 &rarr; <strong>1136</strong><br />(+20 for winning)
|raw|DevUrsid's rating: 1052 &rarr; <strong>1037</strong><br />(-15 for losing)
|c|☆DevUrsid|gg
|c|☆DevUrsid|what a battle
|c|☆Pastor/Sinner|Gg wp
|c|☆DevUrsid|legandary
|c|☆Pastor/Sinner|that was quite the match
|c|☆DevUrsid|lol
|c|☆Pastor/Sinner|best of luck loved your team though it was a tough match
|c|☆DevUrsid|thanks
|c|☆DevUrsid|same to you
|c|☆DevUrsid|cheers
