|j|‽Barrelfish
|j|☆Sokko666
|t:|1750881209
|gametype|doubles
|player|p1|Barrelfish|li|1437
|player|p2|Sokko666|wattson|1395
|teamsize|p1|6
|teamsize|p2|6
|gen|9
|tier|[Gen 9] VGC 2025 Reg I
|rated|
|rule|Species Clause: Limit one of each Pokémon
|rule|Item Clause: Limit 1 of each item
|clearpoke
|poke|p1|Miraidon, L50|
|poke|p1|Whimsicott, L50, M|
|poke|p1|Incineroar, L50, F|
|poke|p1|Calyrex-Ice, L50|
|poke|p1|Urshifu-*, L50, M|
|poke|p1|Landorus, L50, M|
|poke|p2|Miraidon, L50|
|poke|p2|Iron Hands, L50|
|poke|p2|Iron Treads, L50|
|poke|p2|Terapagos, L50, M|
|poke|p2|Ogerpon-Hearthflame, L50, F|
|poke|p2|Smeargle, L50, M|
|teampreview|4
Barrelfish has agreed to open team sheets.
|
|t:|1750881248
|start
|switch|p1a: Whimsicott|Whimsicott, L50, M, shiny|100/100
|switch|p1b: Landorus|Landorus, L50, M|100/100
|switch|p2a: Smeargle|Smeargle, L50, M|100/100
|switch|p2b: Terapagos|Terapagos, L50, M|100/100
|-activate|p2b: Terapagos|ability: Tera Shift
|detailschange|p2b: Terapagos|Terapagos-Terastal, L50, M
|-heal|p2b: Terapagos|100/100|[silent]
|turn|1
|
|t:|1750881278
|move|p1a: Whimsicott|Moonblast|p2a: Smeargle
|-damage|p2a: Smeargle|48/100
|-unboost|p2a: Smeargle|spa|1
|move|p2a: Smeargle|Decorate|p2b: Terapagos
|-boost|p2b: Terapagos|atk|2
|-boost|p2b: Terapagos|spa|2
|move|p1b: Landorus|Earth Power|p2a: Smeargle
|-damage|p2a: Smeargle|0 fnt
|faint|p2a: Smeargle
|move|p2b: Terapagos|Tera Starstorm|p1b: Landorus
|-damage|p1b: Landorus|0 fnt
|faint|p1b: Landorus
|
|upkeep
|
|t:|1750881296
|switch|p2a: Miraidon|Miraidon, L50|100/100
|switch|p1b: Incineroar|Incineroar, L50, F|100/100
|-fieldstart|move: Electric Terrain|[from] ability: Hadron Engine|[of] p2a: Miraidon
|-enditem|p2b: Terapagos|Electric Seed
|-boost|p2b: Terapagos|def|1|[from] item: Electric Seed
|-ability|p1b: Incineroar|Intimidate|boost
|-unboost|p2a: Miraidon|atk|1
|-unboost|p2b: Terapagos|atk|1
|turn|2
|
|t:|1750881313
|switch|p2a: Iron Hands|Iron Hands, L50|100/100
|-activate|p2a: Iron Hands|ability: Quark Drive
|-start|p2a: Iron Hands|quarkdriveatk
|move|p1a: Whimsicott|Light Screen|p1a: Whimsicott
|-sidestart|p1: Barrelfish|move: Light Screen
|move|p2b: Terapagos|Tera Starstorm|p1a: Whimsicott
|-damage|p1a: Whimsicott|6/100
|move|p1b: Incineroar|Parting Shot|p2b: Terapagos
|-unboost|p2b: Terapagos|atk|1
|-unboost|p2b: Terapagos|spa|1
|
|t:|1750881324
|switch|p1b: Calyrex|Calyrex-Ice, L50|100/100|[from] Parting Shot
|-ability|p1b: Calyrex|As One
|-ability|p1b: Calyrex|Unnerve
|
|upkeep
|turn|3
|
|t:|1750881338
|switch|p1a: Incineroar|Incineroar, L50, F|100/100
|-ability|p1a: Incineroar|Intimidate|boost
|-unboost|p2a: Iron Hands|atk|1
|-unboost|p2b: Terapagos|atk|1
|-terastallize|p2b: Terapagos|Stellar
|detailschange|p2b: Terapagos|Terapagos-Stellar, L50, M, tera:Stellar
|-heal|p2b: Terapagos|100/100|[silent]
|-ability|p2b: Terapagos|Teraform Zero
|-fieldend|move: Electric Terrain
|-end|p2a: Iron Hands|Quark Drive
|move|p2b: Terapagos|Tera Starstorm|p1b: Calyrex|[spread] p1a,p1b
|-damage|p1a: Incineroar|69/100
|-damage|p1b: Calyrex|76/100
|move|p2a: Iron Hands|Low Kick|p1b: Calyrex
|-damage|p1b: Calyrex|50/100
|move|p1b: Calyrex|Leech Seed|p2b: Terapagos
|-start|p2b: Terapagos|move: Leech Seed
|
|-damage|p2b: Terapagos|88/100|[from] Leech Seed|[of] p1b: Calyrex
|-heal|p1b: Calyrex|65/100|[silent]
|upkeep
|turn|4
|
|t:|1750881382
|move|p1a: Incineroar|Fake Out|p2b: Terapagos
|-damage|p2b: Terapagos|84/100
|cant|p2b: Terapagos|flinch
|move|p2a: Iron Hands|Drain Punch|p1a: Incineroar
|-supereffective|p1a: Incineroar
|-damage|p1a: Incineroar|20/100
|-damage|p2a: Iron Hands|84/100|[from] item: Rocky Helmet|[of] p1a: Incineroar
|move|p1b: Calyrex|Leech Seed|p2a: Iron Hands
|-start|p2a: Iron Hands|move: Leech Seed
|
|-damage|p2b: Terapagos|71/100|[from] Leech Seed|[of] p1b: Calyrex
|-heal|p1b: Calyrex|81/100|[silent]
|-damage|p2a: Iron Hands|72/100|[from] Leech Seed|[of] p1b: Calyrex
|-heal|p1b: Calyrex|95/100|[silent]
|upkeep
|turn|5
|l|☆Sokko666
|player|p2|
|j|☆Sokko666
|player|p2|Sokko666|wattson|
|
|t:|1750881457
|move|p2b: Terapagos|Calm Mind|p2b: Terapagos
|-boost|p2b: Terapagos|spa|1
|-boost|p2b: Terapagos|spd|1
|move|p1a: Incineroar|Knock Off|p2a: Iron Hands
|-resisted|p2a: Iron Hands
|-damage|p2a: Iron Hands|58/100
|-enditem|p2a: Iron Hands|Assault Vest|[from] move: Knock Off|[of] p1a: Incineroar
|move|p2a: Iron Hands|Drain Punch|p1a: Incineroar
|-supereffective|p1a: Incineroar
|-damage|p1a: Incineroar|0 fnt
|-heal|p2a: Iron Hands|66/100|[from] drain|[of] p1a: Incineroar
|-damage|p2a: Iron Hands|50/100|[from] item: Rocky Helmet|[of] p1a: Incineroar
|faint|p1a: Incineroar
|move|p1b: Calyrex|Trick Room|p1b: Calyrex
|-fieldstart|move: Trick Room|[of] p1b: Calyrex
|
|-damage|p2a: Iron Hands|38/100|[from] Leech Seed|[of] p1b: Calyrex
|-heal|p1b: Calyrex|100/100|[silent]
|-damage|p2b: Terapagos|59/100|[from] Leech Seed|[of] p1b: Calyrex
|upkeep
|l|☆Sokko666
|player|p2|
|
|t:|1750881472
|switch|p1a: Whimsicott|Whimsicott, L50, M, shiny|6/100
|turn|6
|inactive|Battle timer is ON: inactive players will automatically lose when time's up. (requested by Barrelfish)
|j|☆Sokko666
|inactive|Sokko666 reconnected and has 80 seconds left.
|player|p2|Sokko666|wattson|
|inactive|Sokko666 has 60 seconds left.
|
|t:|1750881521
|-end|p2a: Iron Hands|Quark Drive|[silent]
|switch|p2a: Miraidon|Miraidon, L50|100/100
|-fieldstart|move: Electric Terrain|[from] ability: Hadron Engine|[of] p2a: Miraidon
|move|p1a: Whimsicott|Tickle|p2b: Terapagos
|-unboost|p2b: Terapagos|atk|1
|-unboost|p2b: Terapagos|def|1
|move|p1b: Calyrex|Glacial Lance|p2b: Terapagos|[spread] p2a,p2b
|-supereffective|p2a: Miraidon
|-damage|p2a: Miraidon|0 fnt
|-damage|p2b: Terapagos|21/100
|faint|p2a: Miraidon
|-ability|p1b: Calyrex|Chilling Neigh|boost
|-boost|p1b: Calyrex|atk|1
|move|p2b: Terapagos|Tera Starstorm|p1b: Calyrex|[spread] p1a,p1b
|-damage|p1a: Whimsicott|0 fnt
|-damage|p1b: Calyrex|71/100
|faint|p1a: Whimsicott
|
|-damage|p2b: Terapagos|9/100|[from] Leech Seed|[of] p1b: Calyrex
|-heal|p1b: Calyrex|86/100|[silent]
|-sideend|p1: Barrelfish|move: Light Screen
|upkeep
|
|t:|1750881542
|switch|p2a: Iron Hands|Iron Hands, L50|38/100
|-activate|p2a: Iron Hands|ability: Quark Drive
|-start|p2a: Iron Hands|quarkdriveatk
|turn|7
|
|t:|1750881553
|move|p1b: Calyrex|Protect|p1b: Calyrex
|-singleturn|p1b: Calyrex|Protect
|move|p2a: Iron Hands|Drain Punch|p1b: Calyrex
|-activate|p1b: Calyrex|move: Protect
|move|p2b: Terapagos|Tera Starstorm|p1b: Calyrex
|-activate|p1b: Calyrex|move: Protect
|
|-damage|p2b: Terapagos|0 fnt|[from] Leech Seed|[of] p1b: Calyrex
|-heal|p1b: Calyrex|97/100|[silent]
|faint|p2b: Terapagos
|detailschange|p2: Terapagos|Terapagos, L50, M|[silent]
|upkeep
|turn|8
|
|t:|1750881567
|move|p1b: Calyrex|Glacial Lance|p2a: Iron Hands
|-damage|p2a: Iron Hands|0 fnt
|faint|p2a: Iron Hands
|-end|p2a: Iron Hands|Quark Drive|[silent]
|
|win|Barrelfish
|raw|Barrelfish's rating: 1437 &rarr; <strong>1455</strong><br />(+18 for winning)
|raw|Sokko666's rating: 1395 &rarr; <strong>1377</strong><br />(-18 for losing)
