|j|☆angelito100ega
|j|☆Akezu
|t:|1750730955
|gametype|doubles
|player|p1|angelito100ega|barry|1206
|player|p2|Akezu|169|1167
|teamsize|p1|6
|teamsize|p2|6
|gen|9
|tier|[Gen 9] VGC 2025 Reg I
|rated|
|rule|Species Clause: Limit one of each Pokémon
|rule|Item Clause: Limit 1 of each item
|clearpoke
|poke|p1|Koraidon, L50|
|poke|p1|Flutter Mane, L50|
|poke|p1|Zamazenta-*, L50|
|poke|p1|Incineroar, L50, F|
|poke|p1|Whimsicott, L50, F|
|poke|p1|Chien-Pao, L50|
|poke|p2|Zacian-*, L50|
|poke|p2|Palkia-Origin, L50|
|poke|p2|Alcremie, L50, F|
|poke|p2|Kleavor, L50, M|
|poke|p2|Spiritomb, L50, M|
|poke|p2|Zoroark-Hisui, L50, F|
|teampreview|4
|inactive|Battle timer is ON: inactive players will automatically lose when time's up. (requested by Akezu)
|
|t:|1750730985
|start
|switch|p1a: Hyliano|Zamazenta-Crowned, L50|100/100
|switch|p1b: Motopapu|Koraidon, L50|100/100
|switch|p2a: Alcremie|Alcremie, L50, F|100/100
|switch|p2b: Zacian|Zacian-Crowned, L50|100/100
|-ability|p2b: Zacian|Intrepid Sword|boost
|-boost|p2b: Zacian|atk|1
|-ability|p1a: Hyliano|Dauntless Shield|boost
|-boost|p1a: Hyliano|def|1
|-weather|SunnyDay|[from] ability: Orichalcum Pulse|[of] p1b: Motopapu
|-activate|p1b: Motopapu|Orichalcum Pulse|[source]
|turn|1
|inactive|angelito100ega has 30 seconds left.
|
|t:|1750731013
|-terastallize|p2b: Zacian|Fighting
|move|p2b: Zacian|Sacred Sword|p1a: Hyliano
|-supereffective|p1a: Hyliano
|-damage|p1a: Hyliano|0 fnt
|faint|p1a: Hyliano
|move|p1b: Motopapu|Flame Charge|p2b: Zacian
|-damage|p2b: Zacian|66/100
|-boost|p1b: Motopapu|spe|1
|move|p2a: Alcremie|Dazzling Gleam|p1b: Motopapu
|-supereffective|p1b: Motopapu
|-damage|p1b: Motopapu|31/100
|
|-weather|SunnyDay|[upkeep]
|upkeep
|
|t:|1750731029
|switch|p1a: Dorito|Incineroar, L50, F, shiny|100/100
|-ability|p1a: Dorito|Intimidate|boost
|-unboost|p2a: Alcremie|atk|1
|-unboost|p2b: Zacian|atk|1
|turn|2
|
|t:|1750731040
|move|p2b: Zacian|Protect|p2b: Zacian
|-singleturn|p2b: Zacian|Protect
|move|p1a: Dorito|Fake Out|p2a: Alcremie
|-damage|p2a: Alcremie|84/100
|move|p1b: Motopapu|Collision Course|p2b: Zacian
|-activate|p2b: Zacian|move: Protect
|cant|p2a: Alcremie|flinch
|
|-weather|SunnyDay|[upkeep]
|upkeep
|turn|3
|
|t:|1750731059
|-terastallize|p1b: Motopapu|Fire
|move|p1b: Motopapu|Collision Course|p2b: Zacian
|-damage|p2b: Zacian|0 fnt
|faint|p2b: Zacian
|move|p1a: Dorito|Parting Shot|p2a: Alcremie
|-unboost|p2a: Alcremie|atk|1
|-unboost|p2a: Alcremie|spa|1
|
|t:|1750731068
|switch|p1a: Peluche|Whimsicott, L50, F, shiny|100/100|[from] Parting Shot
|move|p2a: Alcremie|Dazzling Gleam|p1a: Peluche|[spread] p1a,p1b
|-resisted|p1b: Motopapu
|-damage|p1a: Peluche|76/100
|-damage|p1b: Motopapu|27/100
|
|-weather|SunnyDay|[upkeep]
|upkeep
|
|t:|1750731071
|switch|p2b: Spiritomb|Spiritomb, L50, M|100/100
|-ability|p2b: Spiritomb|Pressure
|turn|4
|inactive|angelito100ega has 30 seconds left.
|
|t:|1750731108
|move|p1a: Peluche|Light Screen|p1a: Peluche
|-sidestart|p1: angelito100ega|move: Light Screen
|move|p1b: Motopapu|Flare Blitz|p2a: Alcremie
|-damage|p2a: Alcremie|0 fnt
|faint|p2a: Alcremie
|-damage|p1b: Motopapu|4/100|[from] Recoil
|move|p2b: Spiritomb|Icy Wind|p1a: Peluche|[spread] p1a
|-miss|p2b: Spiritomb|p1b: Motopapu
|-supereffective|p1a: Peluche
|-damage|p1a: Peluche|56/100
|-unboost|p1a: Peluche|spe|1
|
|-weather|SunnyDay|[upkeep]
|upkeep
|
|t:|1750731118
|switch|p2a: Palkia|Palkia-Origin, L50|100/100
|-ability|p2a: Palkia|Pressure
|turn|5
|
|t:|1750731132
|move|p2b: Spiritomb|Ally Switch|p2b: Spiritomb
|swap|p2b: Spiritomb|0|[from] move: Ally Switch
|move|p1a: Peluche|Tailwind|p1a: Peluche
|-sidestart|p1: angelito100ega|move: Tailwind
|move|p1b: Motopapu|Dragon Claw|p2a: Spiritomb
|-damage|p2a: Spiritomb|39/100
|-damage|p1b: Motopapu|0 fnt|[from] item: Rocky Helmet|[of] p2a: Spiritomb
|faint|p1b: Motopapu
|move|p2b: Palkia|Surf|p1a: Peluche|[spread] p2a,p1a
|-resisted|p1a: Peluche
|-crit|p1a: Peluche
|-damage|p2a: Spiritomb|21/100
|-damage|p1a: Peluche|29/100
|
|-weather|none
|upkeep
|
|t:|1750731145
|switch|p1b: Dorito|Incineroar, L50, F, shiny|100/100
|-ability|p1b: Dorito|Intimidate|boost
|-unboost|p2a: Spiritomb|atk|1
|-unboost|p2b: Palkia|atk|1
|turn|6
|
|t:|1750731161
|move|p1b: Dorito|Fake Out|p2a: Spiritomb
|-immune|p2a: Spiritomb
|move|p2a: Spiritomb|Ally Switch||[still]
|-fail|p2a: Spiritomb
|move|p1a: Peluche|Taunt|p2b: Palkia
|-start|p2b: Palkia|move: Taunt
|move|p2b: Palkia|Surf|p1b: Dorito|[spread] p2a,p1a,p1b
|-resisted|p1a: Peluche
|-supereffective|p1b: Dorito
|-damage|p2a: Spiritomb|0 fnt
|-damage|p1a: Peluche|1/100
|-damage|p1b: Dorito|39/100
|faint|p2a: Spiritomb
|
|upkeep
|turn|7
|-message|angelito100ega forfeited.
|
|win|Akezu
|raw|angelito100ega's rating: 1206 &rarr; <strong>1178</strong><br />(-28 for losing)
|raw|Akezu's rating: 1167 &rarr; <strong>1195</strong><br />(+28 for winning)
|l|☆angelito100ega
|player|p1|
|l|☆Akezu
|player|p2|
