|j|☆Il Falco
|j|☆Malgaca
|t:|1750847013
|gametype|doubles
|player|p1|Il Falco|cheren-masters|1408
|player|p2|Malgaca|2|1289
|teamsize|p1|6
|teamsize|p2|6
|gen|9
|tier|[Gen 9] VGC 2025 Reg I
|rated|
|rule|Species Clause: Limit one of each Pokémon
|rule|Item Clause: Limit 1 of each item
|clearpoke
|poke|p1|Calyrex-Shadow, L50|
|poke|p1|Indeedee-F, L50, F|
|poke|p1|Zamazenta-*, L50|
|poke|p1|Ogerpon, L50, F|
|poke|p1|Rhydon, L50, M|
|poke|p1|Moltres-Galar, L50|
|poke|p2|Kyurem-White, L50|
|poke|p2|Calyrex-Ice, L50|
|poke|p2|Incineroar, L50, F|
|poke|p2|Ninetales-Alola, L50, M|
|poke|p2|Tornadus, L50, M|
|poke|p2|Amoonguss, L50, F|
|teampreview|4
|inactive|Battle timer is ON: inactive players will automatically lose when time's up. (requested by Malgaca)
|
|t:|1750847056
|start
|switch|p1a: Zamazenta|Zamazenta-Crowned, L50|100/100
|switch|p1b: Calyrex|Calyrex-Shadow, L50|100/100
|switch|p2a: Ninetales|Ninetales-Alola, L50, M|100/100
|switch|p2b: Calyrex|Calyrex-Ice, L50|100/100
|-ability|p1b: Calyrex|As One
|-ability|p1b: Calyrex|Unnerve
|-ability|p2b: Calyrex|As One
|-ability|p2b: Calyrex|Unnerve
|-weather|Snowscape|[from] ability: Snow Warning|[of] p2a: Ninetales
|-ability|p1a: Zamazenta|Dauntless Shield|boost
|-boost|p1a: Zamazenta|def|1
|turn|1
|
|t:|1750847076
|move|p1b: Calyrex|Astral Barrage|p2a: Ninetales|[spread] p2a,p2b
|-crit|p2a: Ninetales
|-supereffective|p2b: Calyrex
|-damage|p2a: Ninetales|20/100
|-damage|p2b: Calyrex|27/100
|move|p2a: Ninetales|Aurora Veil|p2a: Ninetales
|-sidestart|p2: Malgaca|move: Aurora Veil
|move|p1a: Zamazenta|Body Press|p2b: Calyrex
|-damage|p2b: Calyrex|9/100
|move|p2b: Calyrex|Trick Room|p2b: Calyrex
|-fieldstart|move: Trick Room|[of] p2b: Calyrex
|
|-weather|Snowscape|[upkeep]
|upkeep
|turn|2
|inactive|Il Falco has 30 seconds left.
|
|t:|1750847103
|move|p2a: Ninetales|Helping Hand|p2b: Calyrex
|-singleturn|p2b: Calyrex|Helping Hand|[of] p2a: Ninetales
|move|p1a: Zamazenta|Wide Guard|p1a: Zamazenta
|-singleturn|p1a: Zamazenta|Wide Guard
|move|p2b: Calyrex|High Horsepower|p1a: Zamazenta
|-supereffective|p1a: Zamazenta
|-damage|p1a: Zamazenta|58/100
|move|p1b: Calyrex|Astral Barrage|p2b: Calyrex|[spread] p2a,p2b
|-supereffective|p2b: Calyrex
|-damage|p2a: Ninetales|0 fnt
|-damage|p2b: Calyrex|0 fnt
|faint|p2a: Ninetales
|faint|p2b: Calyrex
|-ability|p1b: Calyrex|Grim Neigh|boost
|-boost|p1b: Calyrex|spa|2
|
|-weather|Snowscape|[upkeep]
|upkeep
|
|t:|1750847122
|switch|p2b: Amoonguss|Amoonguss, L50, F|100/100
|switch|p2a: Kyurem|Kyurem-White, L50|100/100
|-ability|p2a: Kyurem|Turboblaze
|turn|3
|
|t:|1750847137
|-terastallize|p2a: Kyurem|Ice
|move|p2b: Amoonguss|Spore|p1a: Zamazenta
|-status|p1a: Zamazenta|slp|[from] move: Spore
|cant|p1a: Zamazenta|slp
|move|p2a: Kyurem|Blizzard|p1a: Zamazenta|[spread] p1a,p1b
|-resisted|p1a: Zamazenta
|-damage|p1a: Zamazenta|22/100 slp
|-enditem|p1b: Calyrex|Focus Sash
|-damage|p1b: Calyrex|1/100
|move|p1b: Calyrex|Psychic|p2b: Amoonguss
|-supereffective|p2b: Amoonguss
|-damage|p2b: Amoonguss|0 fnt
|faint|p2b: Amoonguss
|-ability|p1b: Calyrex|Grim Neigh|boost
|-boost|p1b: Calyrex|spa|1
|
|-weather|Snowscape|[upkeep]
|upkeep
|turn|4
|
|t:|1750847160
|cant|p1a: Zamazenta|slp
|move|p1b: Calyrex|Protect|p1b: Calyrex
|-singleturn|p1b: Calyrex|Protect
|move|p2a: Kyurem|Blizzard|p1b: Calyrex|[spread] p1a
|-activate|p1b: Calyrex|move: Protect
|-resisted|p1a: Zamazenta
|-damage|p1a: Zamazenta|0 fnt
|faint|p1a: Zamazenta
|
|-weather|Snowscape|[upkeep]
|upkeep
|
|t:|1750847177
|switch|p1a: Indeedee|Indeedee-F, L50, F|100/100
|-fieldstart|move: Psychic Terrain|[from] ability: Psychic Surge|[of] p1a: Indeedee
|turn|5
|
|t:|1750847181
|move|p1b: Calyrex|Protect||[still]
|-fail|p1b: Calyrex
|move|p1a: Indeedee|Dazzling Gleam|p2a: Kyurem
|-damage|p2a: Kyurem|90/100
|move|p2a: Kyurem|Blizzard|p1b: Calyrex|[spread] p1a,p1b
|-damage|p1a: Indeedee|1/100
|-damage|p1b: Calyrex|0 fnt
|faint|p1b: Calyrex
|
|-weather|none
|-fieldend|move: Trick Room
|upkeep
|
|t:|1750847187
|switch|p1b: Moltres-Kanto|Moltres-Galar, L50, shiny|100/100
|turn|6
|
|t:|1750847195
|-terastallize|p1b: Moltres-Kanto|Steel
|move|p1a: Indeedee|Helping Hand|p1b: Moltres-Kanto
|-singleturn|p1b: Moltres-Kanto|Helping Hand|[of] p1a: Indeedee
|move|p2a: Kyurem|Blizzard|p1a: Indeedee|[spread] p1a
|-miss|p2a: Kyurem|p1b: Moltres-Kanto
|-damage|p1a: Indeedee|0 fnt
|faint|p1a: Indeedee
|move|p1b: Moltres-Kanto|Fiery Wrath|p2a: Kyurem
|-damage|p2a: Kyurem|57/100
|
|upkeep
|turn|7
|
|t:|1750847210
|move|p1b: Moltres-Kanto|Protect|p1b: Moltres-Kanto
|-singleturn|p1b: Moltres-Kanto|Protect
|move|p2a: Kyurem|Blizzard|p1b: Moltres-Kanto
|-activate|p1b: Moltres-Kanto|move: Protect
|
|upkeep
|turn|8
|
|t:|1750847218
|move|p2a: Kyurem|Blizzard|p1b: Moltres-Kanto|[miss]
|-miss|p2a: Kyurem|p1b: Moltres-Kanto
|move|p1b: Moltres-Kanto|Fiery Wrath|p2a: Kyurem
|-crit|p2a: Kyurem
|-damage|p2a: Kyurem|4/100
|
|-sideend|p2: Malgaca|move: Aurora Veil
|upkeep
|turn|9
|
|t:|1750847226
|move|p1b: Moltres-Kanto|Protect|p1b: Moltres-Kanto
|-singleturn|p1b: Moltres-Kanto|Protect
|move|p2a: Kyurem|Blizzard|p1b: Moltres-Kanto
|-activate|p1b: Moltres-Kanto|move: Protect
|
|-fieldend|move: Psychic Terrain
|upkeep
|turn|10
|
|t:|1750847234
|move|p1b: Moltres-Kanto|Protect|p1b: Moltres-Kanto
|-singleturn|p1b: Moltres-Kanto|Protect
|move|p2a: Kyurem|Blizzard|p1b: Moltres-Kanto
|-activate|p1b: Moltres-Kanto|move: Protect
|
|upkeep
|turn|11
|c|☆Malgaca|Oh come on
|c|☆Il Falco|GG
|c|☆Malgaca|I was corious to see how much blizzard did
|inactive|Malgaca has 30 seconds left.
|c|☆Malgaca|GG
|c|☆Il Falco|Yeah It was
|inactive|Malgaca has 20 seconds left.
|
|t:|1750847273
|-activate|p2a: Kyurem|move: Struggle
|move|p2a: Kyurem|Struggle|p1b: Moltres-Kanto
|-damage|p1b: Moltres-Kanto|90/100
|-damage|p2a: Kyurem|0 fnt|[from] recoil
|faint|p2a: Kyurem
|
|win|Il Falco
|raw|Il Falco's rating: 1408 &rarr; <strong>1421</strong><br />(+13 for winning)
|raw|Malgaca's rating: 1289 &rarr; <strong>1272</strong><br />(-17 for losing)
|l|☆Il Falco
|player|p1|
|l|☆Malgaca
|player|p2|
