|j|☆gm0ney23
|j|☆sunnypp
|t:|1750776045
|gametype|doubles
|player|p1|gm0ney23|morty|1421
|player|p2|sunnypp|arven-s|1536
|teamsize|p1|6
|teamsize|p2|6
|gen|9
|tier|[Gen 9] VGC 2025 Reg I
|rated|
|rule|Species Clause: Limit one of each Pokémon
|rule|Item Clause: Limit 1 of each item
|clearpoke
|poke|p1|Miraidon, L50|
|poke|p1|Porygon2, L50|
|poke|p1|Entei, L50|
|poke|p1|Sableye, L50, M|
|poke|p1|Kyogre, L50|
|poke|p1|Flutter Mane, L50|
|poke|p2|Koraidon, L50|
|poke|p2|Groudon, L50|
|poke|p2|Hariyama, L50, M|
|poke|p2|Chien-Pao, L50|
|poke|p2|Flutter Mane, L50|
|poke|p2|Ogerpon-Cornerstone, L50, F|
|teampreview|4
|inactive|Battle timer is ON: inactive players will automatically lose when time's up. (requested by sunnypp)
|
|t:|1750776067
|start
|switch|p1a: Kyogre|Kyogre, L50|100/100
|switch|p1b: Sableye|Sableye, L50, M, shiny|100/100
|switch|p2a: Groudon|Groudon, L50|100/100
|switch|p2b: Ogerpon|Ogerpon-Cornerstone, L50, F|100/100
|-weather|SunnyDay|[from] ability: Drought|[of] p2a: Groudon
|-weather|RainDance|[from] ability: Drizzle|[of] p1a: Kyogre
|turn|1
|
|t:|1750776090
|switch|p2b: Koraidon|Koraidon, L50|100/100
|-weather|SunnyDay|[from] ability: Orichalcum Pulse|[of] p2b: Koraidon
|-activate|p2b: Koraidon|Orichalcum Pulse|[source]
|move|p1a: Kyogre|Protect|p1a: Kyogre
|-singleturn|p1a: Kyogre|Protect
|move|p1b: Sableye|Will-O-Wisp|p2a: Groudon
|-status|p2a: Groudon|brn
|move|p2a: Groudon|Precipice Blades|p1a: Kyogre|[spread] p1b
|-activate|p1a: Kyogre|move: Protect
|-damage|p1b: Sableye|67/100
|
|-weather|SunnyDay|[upkeep]
|-damage|p2a: Groudon|95/100 brn|[from] brn
|upkeep
|turn|2
|
|t:|1750776114
|-terastallize|p2b: Koraidon|Fire
|move|p1b: Sableye|Quash|p2b: Koraidon
|-activate|p2b: Koraidon|move: Quash
|move|p2a: Groudon|Precipice Blades|p1b: Sableye|[spread] p1b
|-miss|p2a: Groudon|p1a: Kyogre
|-damage|p1b: Sableye|33/100
|move|p1a: Kyogre|Origin Pulse|p2a: Groudon|[spread] p2b
|-miss|p1a: Kyogre|p2a: Groudon
|-supereffective|p2b: Koraidon
|-damage|p2b: Koraidon|62/100
|move|p2b: Koraidon|Flame Charge|p1b: Sableye
|-damage|p1b: Sableye|0 fnt
|-boost|p2b: Koraidon|spe|1
|faint|p1b: Sableye
|
|-weather|SunnyDay|[upkeep]
|-damage|p2a: Groudon|89/100 brn|[from] brn
|upkeep
|
|t:|1750776129
|switch|p1b: Flutter Mane|Flutter Mane, L50|100/100
|-activate|p1b: Flutter Mane|ability: Protosynthesis
|-start|p1b: Flutter Mane|protosynthesisspe
|turn|3
|
|t:|1750776148
|move|p1b: Flutter Mane|Protect|p1b: Flutter Mane
|-singleturn|p1b: Flutter Mane|Protect
|move|p2b: Koraidon|Collision Course|p1a: Kyogre
|-damage|p1a: Kyogre|28/100
|move|p2a: Groudon|Precipice Blades|p1a: Kyogre|[spread] p1a
|-activate|p1b: Flutter Mane|move: Protect
|-damage|p1a: Kyogre|7/100
|move|p1a: Kyogre|Origin Pulse|p2a: Groudon|[spread] p2a,p2b
|-supereffective|p2a: Groudon
|-supereffective|p2b: Koraidon
|-damage|p2a: Groudon|60/100 brn
|-damage|p2b: Koraidon|24/100
|
|-weather|SunnyDay|[upkeep]
|-heal|p1a: Kyogre|13/100|[from] item: Leftovers
|-damage|p2a: Groudon|54/100 brn|[from] brn
|upkeep
|turn|4
|inactive|gm0ney23 has 30 seconds left.
|
|t:|1750776175
|move|p2b: Koraidon|Protect|p2b: Koraidon
|-singleturn|p2b: Koraidon|Protect
|move|p1a: Kyogre|Protect|p1a: Kyogre
|-singleturn|p1a: Kyogre|Protect
|move|p1b: Flutter Mane|Shadow Ball|p2b: Koraidon
|-activate|p2b: Koraidon|move: Protect
|move|p2a: Groudon|Precipice Blades|p1a: Kyogre|[spread] 
|-activate|p1a: Kyogre|move: Protect
|-miss|p2a: Groudon|p1b: Flutter Mane
|
|-weather|SunnyDay|[upkeep]
|-heal|p1a: Kyogre|18/100|[from] item: Leftovers
|-damage|p2a: Groudon|48/100 brn|[from] brn
|upkeep
|turn|5
|
|t:|1750776196
|switch|p1a: Miraidon|Miraidon, L50|100/100
|-fieldstart|move: Electric Terrain|[from] ability: Hadron Engine|[of] p1a: Miraidon
|move|p1b: Flutter Mane|Shadow Ball|p2a: Groudon
|-damage|p2a: Groudon|24/100 brn
|move|p2b: Koraidon|Flare Blitz|p1b: Flutter Mane
|-damage|p1b: Flutter Mane|0 fnt
|faint|p1b: Flutter Mane
|-end|p1b: Flutter Mane|Protosynthesis|[silent]
|-damage|p2b: Koraidon|0 fnt|[from] Recoil
|faint|p2b: Koraidon
|move|p2a: Groudon|Precipice Blades|p1a: Miraidon
|-supereffective|p1a: Miraidon
|-damage|p1a: Miraidon|42/100
|
|-weather|none
|-damage|p2a: Groudon|19/100 brn|[from] brn
|upkeep
|
|t:|1750776218
|switch|p1b: Kyogre|Kyogre, L50|18/100
|switch|p2b: Ogerpon|Ogerpon-Cornerstone, L50, F|100/100
|-weather|RainDance|[from] ability: Drizzle|[of] p1b: Kyogre
|turn|6
|inactive|gm0ney23 has 30 seconds left.
|inactive|gm0ney23 has 20 seconds left.
|
|t:|1750776253
|-terastallize|p1b: Kyogre|Grass
|move|p2b: Ogerpon|Ivy Cudgel|p1a: Miraidon|[anim] Ivy Cudgel Rock
|-damage|p1a: Miraidon|0 fnt
|faint|p1a: Miraidon
|move|p1b: Kyogre|Origin Pulse|p2a: Groudon|[spread] p2a
|-miss|p1b: Kyogre|p2b: Ogerpon
|-supereffective|p2a: Groudon
|-damage|p2a: Groudon|0 fnt
|faint|p2a: Groudon
|
|-weather|RainDance|[upkeep]
|-heal|p1b: Kyogre|24/100|[from] item: Leftovers
|upkeep
|
|t:|1750776266
|switch|p2a: Hariyama|Hariyama, L50, M|100/100
|turn|7
|
|t:|1750776275
|move|p1b: Kyogre|Protect|p1b: Kyogre
|-singleturn|p1b: Kyogre|Protect
|move|p2b: Ogerpon|Ivy Cudgel|p1b: Kyogre|[anim] Ivy Cudgel Rock
|-activate|p1b: Kyogre|move: Protect
|move|p2a: Hariyama|Low Kick|p1b: Kyogre
|-activate|p1b: Kyogre|move: Protect
|
|-weather|RainDance|[upkeep]
|-heal|p1b: Kyogre|30/100|[from] item: Leftovers
|upkeep
|turn|8
|
|t:|1750776289
|move|p2a: Hariyama|Wide Guard|p2a: Hariyama
|-singleturn|p2a: Hariyama|Wide Guard
|move|p2b: Ogerpon|Ivy Cudgel|p1b: Kyogre|[anim] Ivy Cudgel Rock
|-crit|p1b: Kyogre
|-damage|p1b: Kyogre|0 fnt
|faint|p1b: Kyogre
|
|win|sunnypp
|raw|gm0ney23's rating: 1421 &rarr; <strong>1407</strong><br />(-14 for losing)
|raw|sunnypp's rating: 1536 &rarr; <strong>1550</strong><br />(+14 for winning)
|l|☆gm0ney23
|player|p1|
|l|☆sunnypp
|player|p2|
