|j|☆ZiranRen
|j|☆Dialga0nmywrist
|t:|1750863651
|gametype|doubles
|player|p1|ZiranRen|sage|1142
|player|p2|Dialga0nmywrist|red|1221
|teamsize|p1|6
|teamsize|p2|6
|gen|9
|tier|[Gen 9] VGC 2025 Reg I
|rated|
|rule|Species Clause: Limit one of each Pokémon
|rule|Item Clause: Limit 1 of each item
|clearpoke
|poke|p1|Rayquaza, L50|
|poke|p1|Charizard, L50, M|
|poke|p1|Arcanine, L50, M|
|poke|p1|Chien-Pao, L50|
|poke|p1|Calyrex-Ice, L50|
|poke|p1|Cresselia, L50, F|
|poke|p2|Koraidon, L50|
|poke|p2|Lunala, L50|
|poke|p2|Ursaluna, L50, M|
|poke|p2|Chi-Yu, L50|
|poke|p2|Flutter Mane, L50|
|poke|p2|Brute Bonnet, L50|
|teampreview|4
ZiranRen has agreed to open team sheets.
Dialga0nmywrist has agreed to open team sheets.
|showteam|p1|Rayquaza||LifeOrb|AirLock|DragonAscent,SwordsDance,ExtremeSpeed,Protect||||||50|,,,,,Normal]Charizard||ChoiceSpecs|SolarPower|WeatherBall,SolarBeam,HeatWave,AirSlash|||M|||50|,,,,,Fire]Arcanine||MirrorHerb|Intimidate|Protect,HeatWave,Snarl,ExtremeSpeed|||M|||50|,,,,,Dark]Chien-Pao||FocusSash|SwordofRuin|SuckerPunch,IceSpinner,Crunch,Protect||||||50|,,,,,Ghost]Calyrex-Ice||AssaultVest|AsOneGlastrier|GlacialLance,CloseCombat,SolarBlade,HighHorsepower||||||50|,,,,,Dragon]Cresselia||SitrusBerry|Levitate|TrickRoom,LunarBlessing,Moonblast,ThunderWave|||F|||50|,,,,,Fairy
|showteam|p2|Koraidon||LifeOrb|OrichalcumPulse|CloseCombat,FlareBlitz,FlameCharge,Protect||||||50|,,,,,Fire]Lunala||PowerHerb|ShadowShield|MoongeistBeam,MeteorBeam,WideGuard,TrickRoom||||||50|,,,,,Water]Ursaluna||FlameOrb|Guts|Facade,HeadlongRush,Earthquake,Protect|||M|||50|,,,,,Water]Chi-Yu||ChoiceScarf|BeadsofRuin|Overheat,HeatWave,DarkPulse,Snarl||||||50|,,,,,Ghost]Flutter Mane||FocusSash|Protosynthesis|Moonblast,ShadowBall,IcyWind,Protect||||||50|,,,,,Normal]Brute Bonnet||CovertCloak|Protosynthesis|SeedBomb,SuckerPunch,Spore,RagePowder||||||50|,,,,,Water
|inactive|Battle timer is ON: inactive players will automatically lose when time's up. (requested by Dialga0nmywrist)
|
|t:|1750863743
|start
|switch|p1a: Al - Khadir|Rayquaza, L50|100/100
|switch|p1b: Chien-Pao|Chien-Pao, L50|100/100
|switch|p2a: Koraidon|Koraidon, L50|100/100
|switch|p2b: Chi-Yu|Chi-Yu, L50|100/100
|-ability|p2b: Chi-Yu|Beads of Ruin
|-weather|SunnyDay|[from] ability: Orichalcum Pulse|[of] p2a: Koraidon
|-activate|p2a: Koraidon|Orichalcum Pulse|[source]
|-ability|p1b: Chien-Pao|Sword of Ruin
|-ability|p1a: Al - Khadir|Air Lock
|turn|1
|inactive|ZiranRen has 30 seconds left.
|inactive|Dialga0nmywrist has 30 seconds left.
|inactive|ZiranRen has 20 seconds left.
|inactive|Dialga0nmywrist has 20 seconds left.
|inactive|ZiranRen has 15 seconds left.
|inactive|Dialga0nmywrist has 15 seconds left.
|
|t:|1750863786
|switch|p2a: Flutter Mane|Flutter Mane, L50|100/100
|-terastallize|p1a: Al - Khadir|Normal
|move|p1a: Al - Khadir|Extreme Speed|p2a: Flutter Mane
|-immune|p2a: Flutter Mane
|move|p1b: Chien-Pao|Sucker Punch||[still]
|-fail|p1b: Chien-Pao
|move|p2b: Chi-Yu|Heat Wave|p1b: Chien-Pao|[spread] p1a,p1b
|-supereffective|p1b: Chien-Pao
|-damage|p1a: Al - Khadir|52/100
|-enditem|p1b: Chien-Pao|Focus Sash
|-damage|p1b: Chien-Pao|1/100
|
|-weather|SunnyDay|[upkeep]
|upkeep
|turn|2
|inactive|Dialga0nmywrist has 30 seconds left.
|inactive|Dialga0nmywrist has 20 seconds left.
|
|t:|1750863822
|move|p1a: Al - Khadir|Extreme Speed|p2b: Chi-Yu
|-damage|p2b: Chi-Yu|0 fnt
|faint|p2b: Chi-Yu
|-damage|p1a: Al - Khadir|42/100|[from] item: Life Orb
|move|p1b: Chien-Pao|Sucker Punch|p2a: Flutter Mane
|-enditem|p2a: Flutter Mane|Focus Sash
|-damage|p2a: Flutter Mane|1/100
|move|p2a: Flutter Mane|Moonblast|p1a: Al - Khadir
|-damage|p1a: Al - Khadir|0 fnt
|faint|p1a: Al - Khadir
|-activate|p2a: Flutter Mane|ability: Protosynthesis
|-start|p2a: Flutter Mane|protosynthesisspe
|
|-weather|SunnyDay|[upkeep]
|upkeep
|
|t:|1750863838
|switch|p2b: Koraidon|Koraidon, L50|100/100
|switch|p1a: Cresselia|Cresselia, L50, F|100/100
|-activate|p2b: Koraidon|ability: Orichalcum Pulse
|turn|3
|
|t:|1750863863
|-terastallize|p2b: Koraidon|Fire
|move|p2a: Flutter Mane|Protect|p2a: Flutter Mane
|-singleturn|p2a: Flutter Mane|Protect
|move|p1b: Chien-Pao|Sucker Punch|p2b: Koraidon
|-damage|p2b: Koraidon|50/100
|move|p2b: Koraidon|Flame Charge|p1b: Chien-Pao
|-supereffective|p1b: Chien-Pao
|-damage|p1b: Chien-Pao|0 fnt
|-boost|p2b: Koraidon|spe|1
|faint|p1b: Chien-Pao
|-damage|p2b: Koraidon|41/100|[from] item: Life Orb
|move|p1a: Cresselia|Trick Room|p1a: Cresselia
|-fieldstart|move: Trick Room|[of] p1a: Cresselia
|
|-weather|SunnyDay|[upkeep]
|upkeep
|
|t:|1750863877
|switch|p1b: Calyrex|Calyrex-Ice, L50|100/100
|-ability|p1b: Calyrex|As One
|-ability|p1b: Calyrex|Unnerve
|turn|4
|inactive|ZiranRen has 30 seconds left.
|
|t:|1750863902
|move|p2b: Koraidon|Protect|p2b: Koraidon
|-singleturn|p2b: Koraidon|Protect
|move|p1b: Calyrex|High Horsepower|p2b: Koraidon
|-activate|p2b: Koraidon|move: Protect
|move|p1a: Cresselia|Moonblast|p2a: Flutter Mane
|-damage|p2a: Flutter Mane|0 fnt
|faint|p2a: Flutter Mane
|-end|p2a: Flutter Mane|Protosynthesis|[silent]
|
|-weather|SunnyDay|[upkeep]
|upkeep
|
|t:|1750863911
|switch|p2a: Lunala|Lunala, L50|100/100
|turn|5
|inactive|ZiranRen has 30 seconds left.
|inactive|ZiranRen has 20 seconds left.
|
|t:|1750863948
|move|p1b: Calyrex|High Horsepower|p2b: Koraidon
|-supereffective|p2b: Koraidon
|-damage|p2b: Koraidon|0 fnt
|faint|p2b: Koraidon
|-ability|p1b: Calyrex|Chilling Neigh|boost
|-boost|p1b: Calyrex|atk|1
|move|p1a: Cresselia|Moonblast|p2a: Lunala
|-damage|p2a: Lunala|95/100
|-unboost|p2a: Lunala|spa|1
|move|p2a: Lunala|Meteor Beam||[still]
|-prepare|p2a: Lunala|Meteor Beam
|-boost|p2a: Lunala|spa|1
|-enditem|p2a: Lunala|Power Herb
|-anim|p2a: Lunala|Meteor Beam|p1b: Calyrex
|-supereffective|p1b: Calyrex
|-damage|p1b: Calyrex|59/100
|
|-weather|none
|upkeep
|turn|6
|inactive|Dialga0nmywrist has 30 seconds left.
|
|t:|1750863974
|move|p1b: Calyrex|Glacial Lance|p2a: Lunala
|-damage|p2a: Lunala|0 fnt
|faint|p2a: Lunala
|
|win|ZiranRen
|raw|ZiranRen's rating: 1142 &rarr; <strong>1173</strong><br />(+31 for winning)
|raw|Dialga0nmywrist's rating: 1221 &rarr; <strong>1190</strong><br />(-31 for losing)
|c|☆ZiranRen|GG
|l|☆Dialga0nmywrist
|player|p2|
|l|☆ZiranRen
|player|p1|
