|j|☆Kunnyman
|j|☆FriedMudkip
|t:|1750726581
|gametype|doubles
|player|p1|Kunnyman|1|1277
|player|p2|FriedMudkip|lucas-gen4pt|1197
|teamsize|p1|6
|teamsize|p2|6
|gen|9
|tier|[Gen 9] VGC 2025 Reg I
|rated|
|rule|Species Clause: Limit one of each Pokémon
|rule|Item Clause: Limit 1 of each item
|clearpoke
|poke|p1|Meganium, L50, M|
|poke|p1|Gholdengo, L50|
|poke|p1|Iron Moth, L50|
|poke|p1|Tyranitar, L50, F|
|poke|p1|Miraidon, L50|
|poke|p1|Dialga-Origin, L50|
|poke|p2|Miraidon, L50|
|poke|p2|Incineroar, L50, M|
|poke|p2|Farigiraf, L50, M|
|poke|p2|Urshifu-*, L50, F|
|poke|p2|Calyrex-Ice, L50|
|poke|p2|Amoonguss, L50, F|
|teampreview|4
|inactive|Battle timer is ON: inactive players will automatically lose when time's up. (requested by FriedMudkip)
|inactive|Kunnyman has 60 seconds left.
|inactive|FriedMudkip has 60 seconds left.
|
|t:|1750726617
|start
|switch|p1a: Iron Moth|Iron Moth, L50|100/100
|switch|p1b: Miraidon|Miraidon, L50|100/100
|switch|p2a: Calyrex|Calyrex-Ice, L50|100/100
|switch|p2b: Farigiraf|Farigiraf, L50, M|100/100
|-ability|p2a: Calyrex|As One
|-ability|p2a: Calyrex|Unnerve
|-fieldstart|move: Electric Terrain|[from] ability: Hadron Engine|[of] p1b: Miraidon
|-activate|p1a: Iron Moth|ability: Quark Drive
|-start|p1a: Iron Moth|quarkdrivespe
|turn|1
|
|t:|1750726640
|move|p2a: Calyrex|Protect|p2a: Calyrex
|-singleturn|p2a: Calyrex|Protect
|move|p1a: Iron Moth|Heat Wave|p2a: Calyrex|[spread] p2b
|-activate|p2a: Calyrex|move: Protect
|-damage|p2b: Farigiraf|47/100
|-damage|p1a: Iron Moth|90/100|[from] item: Life Orb
|move|p1b: Miraidon|Electro Drift|p2b: Farigiraf
|-damage|p2b: Farigiraf|0 fnt
|faint|p2b: Farigiraf
|
|upkeep
|
|t:|1750726656
|switch|p2b: Incineroar|Incineroar, L50, M|100/100
|-ability|p2b: Incineroar|Intimidate|boost
|-unboost|p1a: Iron Moth|atk|1
|-unboost|p1b: Miraidon|atk|1
|turn|2
|
|t:|1750726671
|-terastallize|p2a: Calyrex|Ghost
|move|p2b: Incineroar|Fake Out|p1b: Miraidon
|-damage|p1b: Miraidon|88/100
|move|p1a: Iron Moth|Heat Wave|p2a: Calyrex|[spread] p2a
|-miss|p1a: Iron Moth|p2b: Incineroar
|-damage|p2a: Calyrex|70/100
|-status|p2a: Calyrex|brn
|-damage|p1a: Iron Moth|80/100|[from] item: Life Orb
|cant|p1b: Miraidon|flinch
|move|p2a: Calyrex|Glacial Lance|p1a: Iron Moth|[spread] p1a,p1b
|-resisted|p1a: Iron Moth
|-supereffective|p1b: Miraidon
|-damage|p1a: Iron Moth|48/100
|-damage|p1b: Miraidon|10/100
|-damage|p2a: Calyrex|60/100 brn|[from] item: Life Orb
|
|-damage|p2a: Calyrex|54/100 brn|[from] brn
|upkeep
|turn|3
|inactive|Kunnyman has 30 seconds left.
|inactive|FriedMudkip has 30 seconds left.
|inactive|Kunnyman has 20 seconds left.
|
|t:|1750726710
|switch|p1b: Tyranitar|Tyranitar, L50, F|100/100
|-weather|Sandstorm|[from] ability: Sand Stream|[of] p1b: Tyranitar
|move|p1a: Iron Moth|Heat Wave|p2b: Incineroar|[spread] p2a,p2b
|-resisted|p2b: Incineroar
|-damage|p2a: Calyrex|22/100 brn
|-damage|p2b: Incineroar|84/100
|-damage|p1a: Iron Moth|38/100|[from] item: Life Orb
|move|p2b: Incineroar|Knock Off|p1a: Iron Moth
|-damage|p1a: Iron Moth|0 fnt
|-enditem|p1a: Iron Moth|Life Orb|[from] move: Knock Off|[of] p2b: Incineroar
|faint|p1a: Iron Moth
|-end|p1a: Iron Moth|Quark Drive|[silent]
|move|p2a: Calyrex|Glacial Lance|p1b: Tyranitar
|-damage|p1b: Tyranitar|60/100
|-damage|p2a: Calyrex|13/100 brn|[from] item: Life Orb
|
|-weather|Sandstorm|[upkeep]
|-damage|p2b: Incineroar|78/100|[from] Sandstorm
|-damage|p2a: Calyrex|7/100 brn|[from] Sandstorm
|-damage|p2a: Calyrex|1/100 brn|[from] brn
|upkeep
|inactive|Kunnyman has 30 seconds left.
|inactive|Kunnyman has 20 seconds left.
|inactive|Kunnyman has 15 seconds left.
|
|t:|1750726754
|switch|p1a: Meganium|Meganium, L50, M|100/100
|turn|4
|inactive|Kunnyman has 30 seconds left.
|
|t:|1750726785
|move|p1b: Tyranitar|Crunch|p2a: Calyrex
|-supereffective|p2a: Calyrex
|-damage|p2a: Calyrex|0 fnt
|faint|p2a: Calyrex
|move|p2b: Incineroar|Knock Off|p1b: Tyranitar
|-resisted|p1b: Tyranitar
|-damage|p1b: Tyranitar|44/100
|-enditem|p1b: Tyranitar|Assault Vest|[from] move: Knock Off|[of] p2b: Incineroar
|move|p1a: Meganium|Counter||[still]
|-fail|p1a: Meganium
|
|-weather|Sandstorm|[upkeep]
|-damage|p1a: Meganium|95/100|[from] Sandstorm
|-damage|p2b: Incineroar|72/100|[from] Sandstorm
|upkeep
|
|t:|1750726796
|switch|p2a: Urshifu|Urshifu, L50, F|100/100
|turn|5
|
|t:|1750726820
|-terastallize|p1a: Meganium|Dragon
|move|p2a: Urshifu|Close Combat|p1b: Tyranitar
|-supereffective|p1b: Tyranitar
|-damage|p1b: Tyranitar|0 fnt
|-unboost|p2a: Urshifu|def|1
|-unboost|p2a: Urshifu|spd|1
|faint|p1b: Tyranitar
|move|p2b: Incineroar|Flare Blitz|p1a: Meganium
|-resisted|p1a: Meganium
|-damage|p1a: Meganium|78/100
|-damage|p2b: Incineroar|67/100|[from] Recoil
|move|p1a: Meganium|Counter|p2b: Incineroar
|-damage|p2b: Incineroar|34/100
|
|-weather|Sandstorm|[upkeep]
|-damage|p2a: Urshifu|95/100|[from] Sandstorm
|-damage|p1a: Meganium|72/100|[from] Sandstorm
|-damage|p2b: Incineroar|28/100|[from] Sandstorm
|-fieldend|move: Electric Terrain
|upkeep
|
|t:|1750726835
|switch|p1b: Miraidon|Miraidon, L50|10/100
|-fieldstart|move: Electric Terrain|[from] ability: Hadron Engine|[of] p1b: Miraidon
|turn|6
|
|t:|1750726854
|move|p1b: Miraidon|Electro Drift|p2a: Urshifu
|-damage|p2a: Urshifu|0 fnt
|faint|p2a: Urshifu
|move|p1a: Meganium|Body Press|p2b: Incineroar
|-supereffective|p2b: Incineroar
|-damage|p2b: Incineroar|0 fnt
|faint|p2b: Incineroar
|
|win|Kunnyman
|raw|Kunnyman's rating: 1277 &rarr; <strong>1296</strong><br />(+19 for winning)
|raw|FriedMudkip's rating: 1197 &rarr; <strong>1178</strong><br />(-19 for losing)
|c|☆FriedMudkip|gg to burn
|c|☆Kunnyman|gg to u to
|l|☆FriedMudkip
|player|p2|
|l|☆Kunnyman
|player|p1|
