|j|☆TommyGuapo
|j|☆goOnUseTera
|t:|1750854681
|gametype|doubles
|player|p1|TommyGuapo|102|1361
|player|p2|goOnUseTera|101|1434
|teamsize|p1|5
|teamsize|p2|6
|gen|9
|tier|[Gen 9] VGC 2025 Reg I
|rated|
|rule|Species Clause: Limit one of each Pokémon
|rule|Item Clause: Limit 1 of each item
|clearpoke
|poke|p1|Zacian-*, L50|
|poke|p1|Giratina-Origin, L50|
|poke|p1|Urshifu-*, L50, M|
|poke|p1|Chien-Pao, L50|
|poke|p1|Tornadus, L50, M|
|poke|p2|Amoonguss, L50, F|
|poke|p2|Calyrex-Ice, L50|
|poke|p2|Kyogre, L50|
|poke|p2|Iron Jugulis, L50|
|poke|p2|Flutter Mane, L50|
|poke|p2|Basculegion, L50, M|
|teampreview|4
|inactive|Battle timer is ON: inactive players will automatically lose when time's up. (requested by TommyGuapo)
TommyGuapo has agreed to open team sheets.
|inactive|TommyGuapo has 60 seconds left.
|
|t:|1750854734
|start
|switch|p1a: Zacian|Zacian-Crowned, L50|100/100
|switch|p1b: Chien-Pao|Chien-Pao, L50|100/100
|switch|p2a: Amoonguss|Amoonguss, L50, F|100/100
|switch|p2b: Calyrex|Calyrex-Ice, L50|100/100
|-ability|p2b: Calyrex|As One
|-ability|p2b: Calyrex|Unnerve
|-ability|p1a: Zacian|Intrepid Sword|boost
|-boost|p1a: Zacian|atk|1
|-ability|p1b: Chien-Pao|Sword of Ruin
|turn|1
|inactive|goOnUseTera has 30 seconds left.
|inactive|goOnUseTera has 20 seconds left.
|
|t:|1750854773
|-terastallize|p2b: Calyrex|Fairy
|move|p1a: Zacian|Substitute|p1a: Zacian
|-start|p1a: Zacian|Substitute
|-damage|p1a: Zacian|76/100
|move|p1b: Chien-Pao|Taunt|p2a: Amoonguss
|-start|p2a: Amoonguss|move: Taunt
|cant|p2a: Amoonguss|move: Taunt|Spore
|move|p2b: Calyrex|Trick Room|p2b: Calyrex
|-fieldstart|move: Trick Room|[of] p2b: Calyrex
|
|upkeep
|turn|2
|inactive|TommyGuapo has 30 seconds left.
|inactive|goOnUseTera has 30 seconds left.
|
|t:|1750854808
|move|p2a: Amoonguss|Pollen Puff|p1b: Chien-Pao
|-supereffective|p1b: Chien-Pao
|-damage|p1b: Chien-Pao|43/100
|move|p2b: Calyrex|Glacial Lance|p1a: Zacian|[spread] p1a,p1b
|-resisted|p1a: Zacian
|-end|p1a: Zacian|Substitute
|-resisted|p1b: Chien-Pao
|-damage|p1b: Chien-Pao|12/100
|move|p1b: Chien-Pao|Ice Spinner|p2a: Amoonguss
|-supereffective|p2a: Amoonguss
|-damage|p2a: Amoonguss|5/100
|-damage|p1b: Chien-Pao|0 fnt|[from] item: Rocky Helmet|[of] p2a: Amoonguss
|faint|p1b: Chien-Pao
|move|p1a: Zacian|Behemoth Blade|p2b: Calyrex
|-supereffective|p2b: Calyrex
|-crit|p2b: Calyrex
|-damage|p2b: Calyrex|0 fnt
|faint|p2b: Calyrex
|
|upkeep
|
|t:|1750854828
|switch|p2b: Kyogre|Kyogre, L50|100/100
|switch|p1b: Giratina|Giratina-Origin, L50|100/100
|-weather|RainDance|[from] ability: Drizzle|[of] p2b: Kyogre
|turn|3
|
|t:|1750854855
|move|p1a: Zacian|Protect|p1a: Zacian
|-singleturn|p1a: Zacian|Protect
|move|p2a: Amoonguss|Pollen Puff|p1b: Giratina
|-resisted|p1b: Giratina
|-damage|p1b: Giratina|94/100
|move|p1b: Giratina|Draco Meteor|p2b: Kyogre|[miss]
|-miss|p1b: Giratina|p2b: Kyogre
|move|p2b: Kyogre|Origin Pulse|p1a: Zacian|[spread] p1b
|-activate|p1a: Zacian|move: Protect
|-resisted|p1b: Giratina
|-damage|p1b: Giratina|65/100
|
|-weather|RainDance|[upkeep]
|-end|p2a: Amoonguss|move: Taunt
|upkeep
|turn|4
|
|t:|1750854875
|move|p2b: Kyogre|Protect|p2b: Kyogre
|-singleturn|p2b: Kyogre|Protect
|move|p1b: Giratina|Shadow Sneak|p2a: Amoonguss
|-damage|p2a: Amoonguss|0 fnt
|-damage|p1b: Giratina|49/100|[from] item: Rocky Helmet|[of] p2a: Amoonguss
|faint|p2a: Amoonguss
|move|p1a: Zacian|Play Rough|p2b: Kyogre
|-activate|p2b: Kyogre|move: Protect
|
|-weather|RainDance|[upkeep]
|upkeep
|
|t:|1750854882
|switch|p2a: Basculegion|Basculegion, L50, M|100/100
|turn|5
|inactive|TommyGuapo has 30 seconds left.
|inactive|TommyGuapo has 20 seconds left.
|inactive|TommyGuapo has 15 seconds left.
|
|t:|1750854926
|move|p1a: Zacian|Protect|p1a: Zacian
|-singleturn|p1a: Zacian|Protect
|move|p2a: Basculegion|Protect|p2a: Basculegion
|-singleturn|p2a: Basculegion|Protect
|move|p1b: Giratina|Shadow Force||[still]
|-prepare|p1b: Giratina|Shadow Force
|move|p2b: Kyogre|Origin Pulse|p1b: Giratina|[spread] 
|-miss|p2b: Kyogre|p1b: Giratina
|-activate|p1a: Zacian|move: Protect
|
|-weather|RainDance|[upkeep]
|-fieldend|move: Trick Room
|upkeep
|turn|6
|inactive|goOnUseTera has 30 seconds left.
|
|t:|1750854959
|move|p2b: Kyogre|Protect|p2b: Kyogre
|-singleturn|p2b: Kyogre|Protect
|move|p2a: Basculegion|Wave Crash|p1a: Zacian
|-damage|p1a: Zacian|0 fnt
|faint|p1a: Zacian
|-damage|p2a: Basculegion|78/100|[from] Recoil
|-damage|p2a: Basculegion|68/100|[from] item: Life Orb
|move|p1b: Giratina|Shadow Force|p2a: Basculegion|[from] lockedmove
|-supereffective|p2a: Basculegion
|-damage|p2a: Basculegion|0 fnt
|faint|p2a: Basculegion
|
|-weather|RainDance|[upkeep]
|upkeep
|
|t:|1750854973
|switch|p1a: Urshifu|Urshifu-Rapid-Strike, L50, M|100/100
|turn|7
|
|t:|1750854983
|move|p1a: Urshifu|Close Combat|p2b: Kyogre
|-damage|p2b: Kyogre|26/100
|-unboost|p1a: Urshifu|def|1
|-unboost|p1a: Urshifu|spd|1
|move|p2b: Kyogre|Water Spout|p1a: Urshifu|[spread] p1a,p1b
|-resisted|p1a: Urshifu
|-resisted|p1b: Giratina
|-damage|p1a: Urshifu|63/100
|-damage|p1b: Giratina|38/100
|move|p1b: Giratina|Shadow Force||[still]
|-prepare|p1b: Giratina|Shadow Force
|
|-weather|none
|upkeep
|turn|8
|
|t:|1750854997
|move|p1a: Urshifu|Close Combat|p2b: Kyogre
|-damage|p2b: Kyogre|0 fnt
|-unboost|p1a: Urshifu|def|1
|-unboost|p1a: Urshifu|spd|1
|faint|p2b: Kyogre
|
|win|TommyGuapo
|raw|TommyGuapo's rating: 1361 &rarr; <strong>1385</strong><br />(+24 for winning)
|raw|goOnUseTera's rating: 1434 &rarr; <strong>1410</strong><br />(-24 for losing)
|l|☆goOnUseTera
|player|p2|
|l|☆TommyGuapo
|player|p1|
