|j|☆leguilleretsmogogo
|j|☆danswer
|t:|1750875413
|gametype|doubles
|player|p1|leguilleretsmogogo|brendan-gen3|1120
|player|p2|danswer|265|1213
|teamsize|p1|6
|teamsize|p2|6
|gen|9
|tier|[Gen 9] VGC 2025 Reg I
|rated|
|rule|Species Clause: Limit one of each Pokémon
|rule|Item Clause: Limit 1 of each item
|clearpoke
|poke|p1|Charizard, L50, M|
|poke|p1|Krookodile, L50, M|
|poke|p1|Weezing, L50, F|
|poke|p1|Koraidon, L50|
|poke|p1|Whimsicott, L50, F|
|poke|p1|Walking Wake, L50|
|poke|p2|Amoonguss, L50, F|
|poke|p2|Incineroar, L50, M|
|poke|p2|Malamar, L50, F|
|poke|p2|Annihilape, L50, F|
|poke|p2|Tornadus, L50, M|
|poke|p2|Archaludon, L50, F|
|teampreview|4
|inactive|Battle timer is ON: inactive players will automatically lose when time's up. (requested by leguilleretsmogogo)
|
|t:|1750875436
|start
|switch|p1a: Fluffy|Whimsicott, L50, F|100/100
|switch|p1b: Harley|Koraidon, L50|100/100
|switch|p2a: Incineroar|Incineroar, L50, M|100/100
|switch|p2b: Malamar|Malamar, L50, F|100/100
|-weather|SunnyDay|[from] ability: Orichalcum Pulse|[of] p1b: Harley
|-activate|p1b: Harley|Orichalcum Pulse|[source]
|-ability|p2a: Incineroar|Intimidate|boost
|-unboost|p1a: Fluffy|atk|1
|-unboost|p1b: Harley|atk|1
|turn|1
|
|t:|1750875455
|move|p2a: Incineroar|Fake Out|p1b: Harley
|-damage|p1b: Harley|91/100
|move|p1a: Fluffy|Tailwind|p1a: Fluffy
|-sidestart|p1: leguilleretsmogogo|move: Tailwind
|cant|p1b: Harley|flinch
|move|p2b: Malamar|Skill Swap|p2a: Incineroar
|-activate|p2b: Malamar|move: Skill Swap|||[of] p2a: Incineroar
|-ability|p2b: Malamar|Intimidate|boost
|-unboost|p1a: Fluffy|atk|1
|-unboost|p1b: Harley|atk|1
|
|-weather|SunnyDay|[upkeep]
|upkeep
|turn|2
|
|t:|1750875479
|-terastallize|p2a: Incineroar|Water
|move|p1b: Harley|Collision Course|p2b: Malamar
|-damage|p2b: Malamar|70/100
|move|p1a: Fluffy|Moonblast|p2b: Malamar
|-supereffective|p2b: Malamar
|-damage|p2b: Malamar|17/100
|move|p2a: Incineroar|Close Combat|p1b: Harley
|-damage|p1b: Harley|61/100
|-boost|p2a: Incineroar|def|1
|-boost|p2a: Incineroar|spd|1
|move|p2b: Malamar|Trick Room|p2b: Malamar
|-fieldstart|move: Trick Room|[of] p2b: Malamar
|
|-weather|SunnyDay|[upkeep]
|upkeep
|turn|3
|inactive|leguilleretsmogogo has 30 seconds left.
|
|t:|1750875512
|move|p1a: Fluffy|Encore|p2b: Malamar
|-hint|Since gen 7, Dark is immune to Prankster moves.
|-immune|p2b: Malamar
|move|p2a: Incineroar|Close Combat|p1b: Harley
|-damage|p1b: Harley|30/100
|-boost|p2a: Incineroar|def|1
|-boost|p2a: Incineroar|spd|1
|move|p2b: Malamar|Skill Swap|p1a: Fluffy
|-activate|p2b: Malamar|move: Skill Swap|Prankster|Intimidate|[of] p1a: Fluffy
|-ability|p1a: Fluffy|Intimidate|boost
|-boost|p2a: Incineroar|atk|1
|-unboost|p2b: Malamar|atk|1
|move|p1b: Harley|Wild Charge|p2a: Incineroar
|-supereffective|p2a: Incineroar
|-damage|p2a: Incineroar|85/100
|-damage|p1b: Harley|26/100|[from] Recoil
|
|-weather|SunnyDay|[upkeep]
|upkeep
|turn|4
|inactive|leguilleretsmogogo has 30 seconds left.
|inactive|danswer has 30 seconds left.
|c|☆leguilleretsmogogo|Mdrrrrr thats sooooo weird 🤣🤣🤣🤣
|inactive|leguilleretsmogogo has 20 seconds left.
|inactive|leguilleretsmogogo has 15 seconds left.
|inactive|leguilleretsmogogo has 10 seconds left.
|
|t:|1750875559
|move|p1b: Harley|Protect|p1b: Harley
|-singleturn|p1b: Harley|Protect
|move|p2b: Malamar|Skill Swap|p1b: Harley
|-activate|p1b: Harley|move: Protect
|move|p2a: Incineroar|Overheat|p1a: Fluffy
|-supereffective|p1a: Fluffy
|-enditem|p1a: Fluffy|Focus Sash
|-damage|p1a: Fluffy|1/100
|-boost|p2a: Incineroar|spa|2
|move|p1a: Fluffy|Encore|p2b: Malamar
|-start|p2b: Malamar|Encore
|-enditem|p2b: Malamar|Mental Herb
|-end|p2b: Malamar|Encore
|
|-weather|SunnyDay|[upkeep]
|-sideend|p1: leguilleretsmogogo|move: Tailwind
|upkeep
|turn|5
|inactive|leguilleretsmogogo has 30 seconds left.
|inactive|danswer has 30 seconds left.
|
|t:|1750875592
|move|p2b: Malamar|Protect|p2b: Malamar
|-singleturn|p2b: Malamar|Protect
|move|p2a: Incineroar|Close Combat|p1b: Harley
|-damage|p1b: Harley|0 fnt
|-boost|p2a: Incineroar|def|1
|-boost|p2a: Incineroar|spd|1
|faint|p1b: Harley
|move|p1a: Fluffy|Encore|p2b: Malamar
|-activate|p2b: Malamar|move: Protect
|
|-weather|none
|upkeep
|
|t:|1750875607
|switch|p1b: Mushu|Charizard, L50, M|100/100
|turn|6
|inactive|danswer has 30 seconds left.
|
|t:|1750875641
|move|p2b: Malamar|Skill Swap|p1a: Fluffy
|-activate|p2b: Malamar|move: Skill Swap|Intimidate|Prankster|[of] p1a: Fluffy
|-ability|p2b: Malamar|Intimidate|boost
|-unboost|p1a: Fluffy|atk|1
|-unboost|p1b: Mushu|atk|1
|move|p1a: Fluffy|Sunny Day|p1a: Fluffy
|-weather|SunnyDay
|move|p2a: Incineroar|Overheat|p1a: Fluffy
|-supereffective|p1a: Fluffy
|-damage|p1a: Fluffy|0 fnt
|-boost|p2a: Incineroar|spa|2
|faint|p1a: Fluffy
|move|p1b: Mushu|Solar Beam||[still]
|-prepare|p1b: Mushu|Solar Beam
|-anim|p1b: Mushu|Solar Beam|p2a: Incineroar
|-supereffective|p2a: Incineroar
|-damage|p2a: Incineroar|44/100
|
|-weather|SunnyDay|[upkeep]
|-damage|p1b: Mushu|88/100|[from] ability: Solar Power|[of] p1b: Mushu
|-fieldend|move: Trick Room
|upkeep
|
|t:|1750875660
|switch|p1a: Neptune|Walking Wake, L50|100/100
|-activate|p1a: Neptune|ability: Protosynthesis
|-start|p1a: Neptune|protosynthesisspe
|turn|7
|
|t:|1750875680
|-terastallize|p1a: Neptune|Water
|move|p1a: Neptune|Hydro Steam|p2b: Malamar
|-damage|p2b: Malamar|0 fnt
|faint|p2b: Malamar
|move|p1b: Mushu|Solar Beam||[still]
|-prepare|p1b: Mushu|Solar Beam
|-anim|p1b: Mushu|Solar Beam|p2a: Incineroar
|-supereffective|p2a: Incineroar
|-crit|p2a: Incineroar
|-damage|p2a: Incineroar|0 fnt
|faint|p2a: Incineroar
|
|-weather|SunnyDay|[upkeep]
|-damage|p1b: Mushu|76/100|[from] ability: Solar Power|[of] p1b: Mushu
|upkeep
|
|t:|1750875696
|switch|p2b: Archaludon|Archaludon, L50, F|100/100
|switch|p2a: Tornadus|Tornadus, L50, M|100/100
|turn|8
|inactive|danswer has 30 seconds left.
|
|t:|1750875722
|move|p2a: Tornadus|Tailwind|p2a: Tornadus
|-sidestart|p2: danswer|move: Tailwind
|move|p1a: Neptune|Draco Meteor|p2b: Archaludon
|-damage|p2b: Archaludon|18/100
|-unboost|p1a: Neptune|spa|2
|move|p2b: Archaludon|Electro Shot||[still]
|-prepare|p2b: Archaludon|Electro Shot
|-boost|p2b: Archaludon|spa|1
|-enditem|p2b: Archaludon|Power Herb
|-anim|p2b: Archaludon|Electro Shot|p1b: Mushu
|-supereffective|p1b: Mushu
|-damage|p1b: Mushu|0 fnt
|faint|p1b: Mushu
|
|-weather|SunnyDay|[upkeep]
|upkeep
|turn|9
|
|t:|1750875744
|move|p2a: Tornadus|Rain Dance|p2a: Tornadus
|-weather|RainDance
|-end|p1a: Neptune|Protosynthesis
|-enditem|p1a: Neptune|Booster Energy
|-activate|p1a: Neptune|ability: Protosynthesis|[fromitem]
|-start|p1a: Neptune|protosynthesisspe
|move|p1a: Neptune|Snarl|p2b: Archaludon|[spread] p2a,p2b
|-damage|p2a: Tornadus|90/100
|-damage|p2b: Archaludon|8/100
|-unboost|p2b: Archaludon|spa|1
|move|p2b: Archaludon|Electro Shot||[still]
|-prepare|p2b: Archaludon|Electro Shot
|-boost|p2b: Archaludon|spa|1
|-anim|p2b: Archaludon|Electro Shot|p1a: Neptune
|-supereffective|p1a: Neptune
|-damage|p1a: Neptune|0 fnt
|faint|p1a: Neptune
|-end|p1a: Neptune|Protosynthesis|[silent]
|
|win|danswer
|raw|leguilleretsmogogo's rating: 1120 &rarr; <strong>1102</strong><br />(-18 for losing)
|raw|danswer's rating: 1213 &rarr; <strong>1231</strong><br />(+18 for winning)
|c|☆leguilleretsmogogo|Wow
|l|☆danswer
|player|p2|
