|j|☆Saren49
|j|☆Barrelfish
|t:|1750853069
|gametype|doubles
|player|p1|Saren49|169|1485
|player|p2|Barrelfish|170|1442
|teamsize|p1|6
|teamsize|p2|6
|gen|9
|tier|[Gen 9] VGC 2025 Reg I
|rated|
|rule|Species Clause: Limit one of each Pokémon
|rule|Item Clause: Limit 1 of each item
|clearpoke
|poke|p1|Miraidon, L50|
|poke|p1|Farigiraf, L50, M|
|poke|p1|Kyogre, L50|
|poke|p1|Ogerpon-Cornerstone, L50, F|
|poke|p1|Landorus-Therian, L50, M|
|poke|p1|Iron Hands, L50|
|poke|p2|Zamazenta-*, L50|
|poke|p2|Calyrex-Shadow, L50|
|poke|p2|Tornadus, L50, M|
|poke|p2|Rillaboom, L50, M|
|poke|p2|Smeargle, L50, F|
|poke|p2|Raging Bolt, L50|
|teampreview|4
|
|t:|1750853104
|start
|switch|p1a: Miraidon|Miraidon, L50|100/100
|switch|p1b: Landorus|Landorus-Therian, L50, M|100/100
|switch|p2a: Raging Bolt|Raging Bolt, L50|100/100
|switch|p2b: Zamazenta|Zamazenta-Crowned, L50|100/100
|-ability|p1b: Landorus|Intimidate|boost
|-unboost|p2a: Raging Bolt|atk|1
|-unboost|p2b: Zamazenta|atk|1
|-fieldstart|move: Electric Terrain|[from] ability: Hadron Engine|[of] p1a: Miraidon
|-ability|p2b: Zamazenta|Dauntless Shield|boost
|-boost|p2b: Zamazenta|def|1
|-enditem|p2a: Raging Bolt|Booster Energy
|-activate|p2a: Raging Bolt|ability: Protosynthesis|[fromitem]
|-start|p2a: Raging Bolt|protosynthesisspa
|turn|1
|
|t:|1750853135
|-end|p2a: Raging Bolt|Protosynthesis|[silent]
|switch|p2a: Rillaboom|Rillaboom, L50, M|100/100
|-fieldstart|move: Grassy Terrain|[from] ability: Grassy Surge|[of] p2a: Rillaboom
|-terastallize|p1a: Miraidon|Fairy
|-terastallize|p2b: Zamazenta|Grass
|move|p1b: Landorus|Stomping Tantrum|p2a: Rillaboom
|-resisted|p2a: Rillaboom
|-damage|p2a: Rillaboom|84/100
|move|p1a: Miraidon|Dazzling Gleam|p2b: Zamazenta|[spread] p2a,p2b
|-damage|p2a: Rillaboom|52/100
|-damage|p2b: Zamazenta|69/100
|move|p2b: Zamazenta|Body Press|p1a: Miraidon
|-resisted|p1a: Miraidon
|-damage|p1a: Miraidon|68/100
|
|-heal|p1a: Miraidon|74/100|[from] Grassy Terrain
|-heal|p2b: Zamazenta|76/100|[from] Grassy Terrain
|-heal|p2a: Rillaboom|58/100|[from] Grassy Terrain
|upkeep
|turn|2
|
|t:|1750853199
|switch|p1b: Kyogre|Kyogre, L50|100/100
|-weather|RainDance|[from] ability: Drizzle|[of] p1b: Kyogre
|switch|p1a: Farigiraf|Farigiraf, L50, M|100/100
|move|p2b: Zamazenta|Body Press|p1b: Kyogre
|-damage|p1b: Kyogre|41/100
|move|p2a: Rillaboom|Wood Hammer|p1a: Farigiraf
|-damage|p1a: Farigiraf|30/100
|-damage|p2a: Rillaboom|41/100|[from] item: Rocky Helmet|[of] p1a: Farigiraf
|-damage|p2a: Rillaboom|15/100|[from] Recoil
|
|-weather|RainDance|[upkeep]
|-heal|p2b: Zamazenta|82/100|[from] Grassy Terrain
|-heal|p1b: Kyogre|46/100|[from] Grassy Terrain
|-heal|p2a: Rillaboom|21/100|[from] Grassy Terrain
|-heal|p1a: Farigiraf|36/100|[from] Grassy Terrain
|upkeep
|turn|3
|
|t:|1750853227
|switch|p2a: Raging Bolt|Raging Bolt, L50|100/100
|switch|p1a: Landorus|Landorus-Therian, L50, M|100/100
|-ability|p1a: Landorus|Intimidate|boost
|-unboost|p2a: Raging Bolt|atk|1
|-unboost|p2b: Zamazenta|atk|1
|move|p1b: Kyogre|Protect|p1b: Kyogre
|-singleturn|p1b: Kyogre|Protect
|move|p2b: Zamazenta|Body Press|p1a: Landorus
|-resisted|p1a: Landorus
|-damage|p1a: Landorus|60/100
|
|-weather|RainDance|[upkeep]
|-heal|p2b: Zamazenta|88/100|[from] Grassy Terrain
|-heal|p1b: Kyogre|52/100|[from] Grassy Terrain
|upkeep
|turn|4
|
|t:|1750853281
|move|p1a: Landorus|U-turn|p2b: Zamazenta
|-supereffective|p2b: Zamazenta
|-damage|p2b: Zamazenta|68/100
|
|t:|1750853285
|switch|p1a: Farigiraf|Farigiraf, L50, M|36/100|[from] U-turn
|move|p2b: Zamazenta|Body Press|p1a: Farigiraf
|-damage|p1a: Farigiraf|0 fnt
|-damage|p2b: Zamazenta|52/100|[from] item: Rocky Helmet|[of] p1a: Farigiraf
|faint|p1a: Farigiraf
|move|p1b: Kyogre|Ice Beam|p2b: Zamazenta
|-supereffective|p2b: Zamazenta
|-damage|p2b: Zamazenta|3/100
|move|p2a: Raging Bolt|Thunderbolt|p1b: Kyogre
|-supereffective|p1b: Kyogre
|-damage|p1b: Kyogre|0 fnt
|faint|p1b: Kyogre
|
|-weather|RainDance|[upkeep]
|-heal|p2b: Zamazenta|9/100|[from] Grassy Terrain
|upkeep
|
|t:|1750853299
|switch|p1b: Miraidon|Miraidon, L50, tera:Fairy|74/100
|switch|p1a: Landorus|Landorus-Therian, L50, M|60/100
|-ability|p1a: Landorus|Intimidate|boost
|-unboost|p2a: Raging Bolt|atk|1
|-unboost|p2b: Zamazenta|atk|1
|-fieldstart|move: Electric Terrain|[from] ability: Hadron Engine|[of] p1b: Miraidon
|turn|5
|
|t:|1750853330
|move|p2a: Raging Bolt|Thunderclap|p1b: Miraidon
|-damage|p1b: Miraidon|25/100
|move|p1a: Landorus|Crunch|p2a: Raging Bolt
|-damage|p2a: Raging Bolt|75/100
|move|p1b: Miraidon|Dazzling Gleam|p2a: Raging Bolt|[spread] p2a,p2b
|-supereffective|p2a: Raging Bolt
|-damage|p2a: Raging Bolt|0 fnt
|-damage|p2b: Zamazenta|0 fnt
|faint|p2a: Raging Bolt
|-end|p2a: Raging Bolt|Protosynthesis|[silent]
|faint|p2b: Zamazenta
|
|-weather|RainDance|[upkeep]
|upkeep
|
|t:|1750853344
|switch|p2b: Calyrex|Calyrex-Shadow, L50|100/100
|switch|p2a: Rillaboom|Rillaboom, L50, M|21/100
|-ability|p2b: Calyrex|As One
|-ability|p2b: Calyrex|Unnerve
|-fieldstart|move: Grassy Terrain|[from] ability: Grassy Surge|[of] p2a: Rillaboom
|turn|6
|
|t:|1750853361
|move|p2a: Rillaboom|Fake Out|p1b: Miraidon
|-damage|p1b: Miraidon|12/100
|move|p1a: Landorus|Crunch|p2b: Calyrex
|-supereffective|p2b: Calyrex
|-damage|p2b: Calyrex|0 fnt
|faint|p2b: Calyrex
|cant|p1b: Miraidon|flinch
|
|-weather|none
|-heal|p1b: Miraidon|18/100|[from] Grassy Terrain
|-heal|p2a: Rillaboom|27/100|[from] Grassy Terrain
|upkeep
|turn|7
|
|t:|1750853378
|move|p2a: Rillaboom|Grassy Glide|p1b: Miraidon
|-damage|p1b: Miraidon|0 fnt
|faint|p1b: Miraidon
|move|p1a: Landorus|Crunch|p2a: Rillaboom
|-damage|p2a: Rillaboom|1/100
|
|-heal|p2a: Rillaboom|7/100|[from] Grassy Terrain
|upkeep
|turn|8
|
|t:|1750853394
|move|p2a: Rillaboom|Grassy Glide|p1a: Landorus
|-damage|p1a: Landorus|22/100
|move|p1a: Landorus|Crunch|p2a: Rillaboom
|-damage|p2a: Rillaboom|0 fnt
|faint|p2a: Rillaboom
|
|win|Saren49
|raw|Saren49's rating: 1485 &rarr; <strong>1503</strong><br />(+18 for winning)
|raw|Barrelfish's rating: 1442 &rarr; <strong>1424</strong><br />(-18 for losing)
|l|☆Barrelfish
|player|p2|
|l|☆Saren49
|player|p1|
