|j|☆Thode
|j|☆pkeyko
|t:|1750764848
|gametype|doubles
|player|p1|Thode|102|1055
|player|p2|pkeyko|rosa|1086
|teamsize|p1|6
|teamsize|p2|6
|gen|9
|tier|[Gen 9] VGC 2025 Reg I
|rated|
|rule|Species Clause: Limit one of each Pokémon
|rule|Item Clause: Limit 1 of each item
|clearpoke
|poke|p1|Rayquaza, L50|
|poke|p1|Chien-Pao, L50|
|poke|p1|Zamazenta-*, L50|
|poke|p1|Urshifu-*, L50, M|
|poke|p1|Incineroar, L50, F|
|poke|p1|Amoonguss, L50, M|
|poke|p2|Miraidon, L50|
|poke|p2|Whimsicott, L50, M|
|poke|p2|Koraidon, L50|
|poke|p2|Dragonite, L50, F|
|poke|p2|Chien-Pao, L50|
|poke|p2|Grimmsnarl, L50, M|
|teampreview|4
|inactive|Battle timer is ON: inactive players will automatically lose when time's up. (requested by Thode)
|
|t:|1750764876
|start
|switch|p1a: Rayquaza|Rayquaza, L50|100/100
|switch|p1b: Amoonguss|Amoonguss, L50, M|100/100
|switch|p2a: Miraidon|Miraidon, L50|100/100
|switch|p2b: Whimsicott|Whimsicott, L50, M|100/100
|-fieldstart|move: Electric Terrain|[from] ability: Hadron Engine|[of] p2a: Miraidon
|-ability|p1a: Rayquaza|Air Lock
|turn|1
|inactive|pkeyko has 30 seconds left.
|
|t:|1750764907
|move|p2b: Whimsicott|Tailwind|p2b: Whimsicott
|-sidestart|p2: pkeyko|move: Tailwind
|move|p2a: Miraidon|Volt Switch|p1a: Rayquaza
|-damage|p1a: Rayquaza|11/100
|-damage|p2a: Miraidon|91/100|[from] item: Life Orb
|
|t:|1750764913
|switch|p2a: Grimmsnarl|Grimmsnarl, L50, M|100/100|[from] Volt Switch
|move|p1a: Rayquaza|Tailwind|p1a: Rayquaza
|-sidestart|p1: Thode|move: Tailwind
|move|p1b: Amoonguss|Spore|p2a: Grimmsnarl
|-activate|p2a: Grimmsnarl|move: Electric Terrain
|
|upkeep
|turn|2
|
|t:|1750764929
|move|p1b: Amoonguss|Rage Powder|p1b: Amoonguss
|-singleturn|p1b: Amoonguss|move: Rage Powder
|move|p2b: Whimsicott|Encore|p1b: Amoonguss
|-start|p1b: Amoonguss|Encore
|move|p1a: Rayquaza|Dragon Ascent|p2b: Whimsicott
|-supereffective|p2b: Whimsicott
|-damage|p2b: Whimsicott|0 fnt
|-unboost|p1a: Rayquaza|def|1
|-unboost|p1a: Rayquaza|spd|1
|faint|p2b: Whimsicott
|-damage|p1a: Rayquaza|2/100|[from] item: Life Orb
|move|p2a: Grimmsnarl|Crunch|p1b: Amoonguss
|-damage|p1b: Amoonguss|71/100
|-damage|p2a: Grimmsnarl|84/100|[from] item: Rocky Helmet|[of] p1b: Amoonguss
|
|upkeep
|
|t:|1750764942
|switch|p2b: Miraidon|Miraidon, L50|91/100
|-activate|p2b: Miraidon|ability: Hadron Engine
|turn|3
|
|t:|1750764949
|move|p1b: Amoonguss|Rage Powder|p1b: Amoonguss
|-singleturn|p1b: Amoonguss|move: Rage Powder
|move|p2a: Grimmsnarl|Reflect|p2a: Grimmsnarl
|-sidestart|p2: pkeyko|Reflect
|move|p2b: Miraidon|Dazzling Gleam|p1b: Amoonguss|[spread] p1a,p1b
|-supereffective|p1a: Rayquaza
|-resisted|p1b: Amoonguss
|-damage|p1a: Rayquaza|0 fnt
|-damage|p1b: Amoonguss|55/100
|faint|p1a: Rayquaza
|-damage|p2b: Miraidon|81/100|[from] item: Life Orb
|
|upkeep
|
|t:|1750764958
|switch|p1a: Urshifu|Urshifu-Rapid-Strike, L50, M|100/100
|turn|4
|
|t:|1750764967
|-terastallize|p2b: Miraidon|Fairy
|move|p1b: Amoonguss|Rage Powder|p1b: Amoonguss
|-singleturn|p1b: Amoonguss|move: Rage Powder
|move|p2a: Grimmsnarl|Thunder Wave|p1b: Amoonguss
|-status|p1b: Amoonguss|par
|move|p2b: Miraidon|Dazzling Gleam|p1a: Urshifu|[spread] p1a,p1b
|-supereffective|p1a: Urshifu
|-resisted|p1b: Amoonguss
|-damage|p1a: Urshifu|0 fnt
|-damage|p1b: Amoonguss|35/100 par
|faint|p1a: Urshifu
|-damage|p2b: Miraidon|71/100|[from] item: Life Orb
|
|-sideend|p2: pkeyko|move: Tailwind
|-sideend|p1: Thode|move: Tailwind
|upkeep
|
|t:|1750764978
|switch|p1a: Chien-Pao|Chien-Pao, L50|100/100
|-ability|p1a: Chien-Pao|Sword of Ruin
|turn|5
|
|t:|1750764986
|switch|p2a: Koraidon|Koraidon, L50|100/100
|-weather|SunnyDay|[from] ability: Orichalcum Pulse|[of] p2a: Koraidon
|-activate|p2a: Koraidon|Orichalcum Pulse|[source]
|move|p1b: Amoonguss|Rage Powder|p1b: Amoonguss
|-singleturn|p1b: Amoonguss|move: Rage Powder
|move|p2b: Miraidon|Dazzling Gleam|p1a: Chien-Pao|[spread] p1a,p1b
|-supereffective|p1a: Chien-Pao
|-resisted|p1b: Amoonguss
|-damage|p1a: Chien-Pao|0 fnt
|-damage|p1b: Amoonguss|13/100 par
|faint|p1a: Chien-Pao
|-damage|p2b: Miraidon|62/100|[from] item: Life Orb
|
|-weather|SunnyDay|[upkeep]
|-end|p1b: Amoonguss|Encore
|-fieldend|move: Electric Terrain
|upkeep
|turn|6
|-message|Thode forfeited.
|
|win|pkeyko
|raw|Thode's rating: 1055 &rarr; <strong>1038</strong><br />(-17 for losing)
|raw|pkeyko's rating: 1086 &rarr; <strong>1111</strong><br />(+25 for winning)
|l|☆Thode
|player|p1|
