|j|☆Lucaerio
|j|☆bikram118
|t:|1750802517
|gametype|doubles
|player|p1|Lucaerio|1|1231
|player|p2|bikram118|li|1293
|teamsize|p1|6
|teamsize|p2|6
|gen|9
|tier|[Gen 9] VGC 2025 Reg I
|rated|
|rule|Species Clause: Limit one of each Pokémon
|rule|Item Clause: Limit 1 of each item
|clearpoke
|poke|p1|Primarina, L50, F|
|poke|p1|Araquanid, L50, F|
|poke|p1|Kyogre, L50|
|poke|p1|Rillaboom, L50, M|
|poke|p1|Zacian-*, L50|
|poke|p1|Dugtrio, L50, M|
|poke|p2|Kyogre, L50|
|poke|p2|Urshifu-*, L50, F|
|poke|p2|Tornadus, L50, M|
|poke|p2|Lunala, L50|
|poke|p2|Rillaboom, L50, M|
|poke|p2|Incineroar, L50, M|
|teampreview|4
|inactive|Battle timer is ON: inactive players will automatically lose when time's up. (requested by bikram118)
|
|t:|1750802576
|start
|switch|p1a: Primarina|Primarina, L50, F|100/100
|switch|p1b: Zacian|Zacian-Crowned, L50|100/100
|switch|p2a: Kyogre|Kyogre, L50, shiny|100/100
|switch|p2b: Rillaboom|Rillaboom, L50, M|100/100
|-ability|p1b: Zacian|Intrepid Sword|boost
|-boost|p1b: Zacian|atk|1
|-weather|RainDance|[from] ability: Drizzle|[of] p2a: Kyogre
|-fieldstart|move: Grassy Terrain|[from] ability: Grassy Surge|[of] p2b: Rillaboom
|turn|1
|inactive|Lucaerio has 30 seconds left.
|
|t:|1750802606
|move|p2b: Rillaboom|Fake Out|p1b: Zacian
|-resisted|p1b: Zacian
|-damage|p1b: Zacian|93/100
|cant|p1b: Zacian|flinch
|move|p2a: Kyogre|Water Spout|p1a: Primarina|[spread] p1a,p1b
|-resisted|p1a: Primarina
|-damage|p1a: Primarina|14/100
|-damage|p1b: Zacian|0 fnt
|faint|p1b: Zacian
|move|p1a: Primarina|Perish Song|p1a: Primarina
|-start|p1a: Primarina|perish3|[silent]
|-start|p2a: Kyogre|perish3|[silent]
|-start|p2b: Rillaboom|perish3|[silent]
|-fieldactivate|move: Perish Song
|
|-weather|RainDance|[upkeep]
|-heal|p1a: Primarina|20/100|[from] Grassy Terrain
|-start|p2a: Kyogre|perish3
|-start|p1a: Primarina|perish3
|-start|p2b: Rillaboom|perish3
|upkeep
|
|t:|1750802622
|switch|p1b: Dugtrio|Dugtrio, L50, M, shiny|100/100
|turn|2
|
|t:|1750802638
|-terastallize|p1b: Dugtrio|Water
|move|p1a: Primarina|Protect|p1a: Primarina
|-singleturn|p1a: Primarina|Protect
|move|p2b: Rillaboom|Grassy Glide|p1a: Primarina
|-activate|p1a: Primarina|move: Protect
|move|p1b: Dugtrio|Rock Slide|p2b: Rillaboom|[spread] p2a,p2b
|-damage|p2a: Kyogre|85/100
|-damage|p2b: Rillaboom|85/100
|move|p2a: Kyogre|Water Spout|p1a: Primarina|[spread] p1b
|-activate|p1a: Primarina|move: Protect
|-resisted|p1b: Dugtrio
|-enditem|p1b: Dugtrio|Focus Sash
|-damage|p1b: Dugtrio|1/100
|
|-weather|RainDance|[upkeep]
|-heal|p1b: Dugtrio|7/100|[from] Grassy Terrain
|-heal|p2a: Kyogre|91/100|[from] Grassy Terrain
|-heal|p1a: Primarina|26/100|[from] Grassy Terrain
|-heal|p2b: Rillaboom|91/100|[from] Grassy Terrain
|-start|p2a: Kyogre|perish2
|-start|p1a: Primarina|perish2
|-start|p2b: Rillaboom|perish2
|upkeep
|turn|3
|inactive|Lucaerio has 30 seconds left.
|inactive|bikram118 has 30 seconds left.
|
|t:|1750802668
|switch|p1a: Kyogre|Kyogre, L50|100/100
|move|p1b: Dugtrio|Protect|p1b: Dugtrio
|-singleturn|p1b: Dugtrio|Protect
|move|p2b: Rillaboom|Grassy Glide|p1b: Dugtrio
|-activate|p1b: Dugtrio|move: Protect
|move|p2a: Kyogre|Water Spout|p1a: Kyogre|[spread] p1a
|-activate|p1b: Dugtrio|move: Protect
|-resisted|p1a: Kyogre
|-damage|p1a: Kyogre|40/100
|-enditem|p1a: Kyogre|Sitrus Berry|[eat]
|-heal|p1a: Kyogre|65/100|[from] item: Sitrus Berry
|
|-weather|RainDance|[upkeep]
|-heal|p1b: Dugtrio|12/100|[from] Grassy Terrain
|-heal|p1a: Kyogre|71/100|[from] Grassy Terrain
|-heal|p2a: Kyogre|97/100|[from] Grassy Terrain
|-heal|p2b: Rillaboom|96/100|[from] Grassy Terrain
|-start|p2a: Kyogre|perish1
|-start|p2b: Rillaboom|perish1
|upkeep
|turn|4
|inactive|Lucaerio has 30 seconds left.
|inactive|Lucaerio has 20 seconds left.
|
|t:|1750802705
|move|p1b: Dugtrio|Rock Slide|p2a: Kyogre|[spread] p2a,p2b
|-damage|p2a: Kyogre|81/100
|-damage|p2b: Rillaboom|82/100
|move|p1a: Kyogre|Water Spout|p2b: Rillaboom|[spread] p2a,p2b
|-resisted|p2a: Kyogre
|-resisted|p2b: Rillaboom
|-damage|p2a: Kyogre|57/100
|-damage|p2b: Rillaboom|51/100
|move|p2a: Kyogre|Water Spout|p1b: Dugtrio|[spread] p1a,p1b
|-resisted|p1a: Kyogre
|-resisted|p1b: Dugtrio
|-damage|p1a: Kyogre|38/100
|-damage|p1b: Dugtrio|0 fnt
|faint|p1b: Dugtrio
|cant|p2b: Rillaboom|flinch
|
|-weather|RainDance|[upkeep]
|-heal|p1a: Kyogre|44/100|[from] Grassy Terrain
|-heal|p2a: Kyogre|63/100|[from] Grassy Terrain
|-heal|p2b: Rillaboom|57/100|[from] Grassy Terrain
|-start|p2a: Kyogre|perish0
|-start|p2b: Rillaboom|perish0
|faint|p2a: Kyogre
|faint|p2b: Rillaboom
|upkeep
|
|t:|1750802728
|switch|p1b: Primarina|Primarina, L50, F|26/100
|switch|p2a: Lunala|Lunala, L50|100/100
|switch|p2b: Tornadus|Tornadus, L50, M|100/100
|turn|5
|
|t:|1750802742
|move|p1a: Kyogre|Water Spout|p2b: Tornadus|[spread] p2a,p2b
|-damage|p2a: Lunala|88/100
|-damage|p2b: Tornadus|54/100
|move|p2b: Tornadus|Bleakwind Storm|p1a: Kyogre|[spread] p1a,p1b
|-damage|p1a: Kyogre|9/100
|-damage|p1b: Primarina|0 fnt
|-unboost|p1a: Kyogre|spe|1
|faint|p1b: Primarina
|move|p2a: Lunala|Moonblast|p1a: Kyogre
|-damage|p1a: Kyogre|0 fnt
|faint|p1a: Kyogre
|
|win|bikram118
|raw|Lucaerio's rating: 1231 &rarr; <strong>1210</strong><br />(-21 for losing)
|raw|bikram118's rating: 1293 &rarr; <strong>1314</strong><br />(+21 for winning)
|l|☆Lucaerio
|player|p1|
|l|☆bikram118
|player|p2|
