|j|☆KogaAF1219
|j|☆Blu3falcon
|t:|1750854203
|gametype|doubles
|player|p1|KogaAF1219|koga|1369
|player|p2|Blu3falcon|170|1442
|teamsize|p1|6
|teamsize|p2|6
|gen|9
|tier|[Gen 9] VGC 2025 Reg I
|rated|
|rule|Species Clause: Limit one of each Pokémon
|rule|Item Clause: Limit 1 of each item
|clearpoke
|poke|p1|Indeedee, L50, M|
|poke|p1|Illumise, L50, F|
|poke|p1|Kyogre, L50|
|poke|p1|Gastrodon, L50, F|
|poke|p1|Urshifu-*, L50, M|
|poke|p1|Calyrex-Shadow, L50|
|poke|p2|Volcarona, L50, M|
|poke|p2|Terapagos, L50, M|
|poke|p2|Miraidon, L50|
|poke|p2|Incineroar, L50, F|
|poke|p2|Sinistcha-Masterpiece, L50|
|poke|p2|Urshifu-*, L50, M|
|teampreview|4
|inactive|Battle timer is ON: inactive players will automatically lose when time's up. (requested by Blu3falcon)
|
|t:|1750854226
|start
|switch|p1a: Calyrex|Calyrex-Shadow, L50|100/100
|switch|p1b: Kyogre|Kyogre, L50|100/100
|switch|p2a: Terapagos|Terapagos, L50, M|100/100
|switch|p2b: Miraidon|Miraidon, L50|100/100
|-activate|p2a: Terapagos|ability: Tera Shift
|detailschange|p2a: Terapagos|Terapagos-Terastal, L50, M
|-heal|p2a: Terapagos|100/100|[silent]
|-ability|p1a: Calyrex|As One
|-ability|p1a: Calyrex|Unnerve
|-weather|RainDance|[from] ability: Drizzle|[of] p1b: Kyogre
|-fieldstart|move: Electric Terrain|[from] ability: Hadron Engine|[of] p2b: Miraidon
|turn|1
|
|t:|1750854250
|-terastallize|p2a: Terapagos|Stellar
|detailschange|p2a: Terapagos|Terapagos-Stellar, L50, M, tera:Stellar
|-heal|p2a: Terapagos|100/100|[silent]
|-ability|p2a: Terapagos|Teraform Zero
|-weather|none
|-fieldend|move: Electric Terrain
|move|p1b: Kyogre|Water Spout|p2a: Terapagos|[spread] p2a,p2b
|-resisted|p2b: Miraidon
|-damage|p2a: Terapagos|62/100
|-damage|p2b: Miraidon|74/100
|move|p1a: Calyrex|Astral Barrage|p2a: Terapagos|[spread] p2b
|-immune|p2a: Terapagos
|-damage|p2b: Miraidon|17/100
|-damage|p1a: Calyrex|91/100|[from] item: Life Orb
|move|p2b: Miraidon|Volt Switch|p1a: Calyrex
|-damage|p1a: Calyrex|35/100
|
|t:|1750854272
|switch|p2b: Sinistcha|Sinistcha-Masterpiece, L50|100/100|[from] Volt Switch
|-heal|p2a: Terapagos|87/100|[from] ability: Hospitality|[of] p2b: Sinistcha
|move|p2a: Terapagos|Tera Starstorm|p1a: Calyrex|[spread] p1a,p1b
|-damage|p1a: Calyrex|0 fnt
|-damage|p1b: Kyogre|78/100
|faint|p1a: Calyrex
|
|-heal|p2a: Terapagos|93/100|[from] item: Leftovers
|upkeep
|
|t:|1750854275
|switch|p1a: Urshifu|Urshifu, L50, M|100/100
|turn|2
|
|t:|1750854290
|move|p2b: Sinistcha|Rage Powder|p2b: Sinistcha
|-singleturn|p2b: Sinistcha|move: Rage Powder
|move|p1b: Kyogre|Water Spout|p2b: Sinistcha|[spread] p2a,p2b
|-resisted|p2b: Sinistcha
|-damage|p2a: Terapagos|64/100
|-damage|p2b: Sinistcha|73/100
|move|p1a: Urshifu|Drain Punch|p2b: Sinistcha
|-immune|p2b: Sinistcha
|move|p2a: Terapagos|Tera Starstorm|p1b: Kyogre|[spread] p1a,p1b
|-crit|p1a: Urshifu
|-damage|p1a: Urshifu|61/100
|-damage|p1b: Kyogre|54/100
|
|-heal|p2a: Terapagos|70/100|[from] item: Leftovers
|upkeep
|turn|3
|
|t:|1750854312
|switch|p1b: Gastrodon|Gastrodon, L50, F|100/100
|move|p2b: Sinistcha|Rage Powder|p2b: Sinistcha
|-singleturn|p2b: Sinistcha|move: Rage Powder
|move|p1a: Urshifu|Wicked Blow|p2b: Sinistcha
|-supereffective|p2b: Sinistcha
|-crit|p2b: Sinistcha
|-damage|p2b: Sinistcha|0 fnt
|faint|p2b: Sinistcha
|move|p2a: Terapagos|Tera Starstorm|p1b: Gastrodon|[spread] p1a,p1b
|-damage|p1a: Urshifu|32/100
|-damage|p1b: Gastrodon|71/100
|
|-heal|p2a: Terapagos|76/100|[from] item: Leftovers
|-heal|p1b: Gastrodon|77/100|[from] item: Leftovers
|upkeep
|
|t:|1750854325
|switch|p2b: Urshifu|Urshifu-Rapid-Strike, L50, M|100/100
|turn|4
|
|t:|1750854340
|move|p2b: Urshifu|Close Combat|p1a: Urshifu
|-supereffective|p1a: Urshifu
|-damage|p1a: Urshifu|0 fnt
|-unboost|p2b: Urshifu|def|1
|-unboost|p2b: Urshifu|spd|1
|faint|p1a: Urshifu
|move|p2a: Terapagos|Calm Mind|p2a: Terapagos
|-boost|p2a: Terapagos|spa|1
|-boost|p2a: Terapagos|spd|1
|move|p1b: Gastrodon|Earth Power|p2b: Urshifu
|-damage|p2b: Urshifu|36/100
|-unboost|p2b: Urshifu|spd|1
|
|-heal|p2a: Terapagos|82/100|[from] item: Leftovers
|-heal|p1b: Gastrodon|83/100|[from] item: Leftovers
|upkeep
|
|t:|1750854343
|switch|p1a: Kyogre|Kyogre, L50|54/100
|-weather|RainDance|[from] ability: Drizzle|[of] p1a: Kyogre
|turn|5
|
|t:|1750854355
|move|p2b: Urshifu|Close Combat|p1a: Kyogre
|-damage|p1a: Kyogre|0 fnt
|-unboost|p2b: Urshifu|def|1
|-unboost|p2b: Urshifu|spd|1
|faint|p1a: Kyogre
|move|p2a: Terapagos|Tera Starstorm|p1b: Gastrodon
|-damage|p1b: Gastrodon|25/100
|move|p1b: Gastrodon|Ice Beam|p2a: Terapagos
|-damage|p2a: Terapagos|74/100
|
|-weather|RainDance|[upkeep]
|-heal|p2a: Terapagos|81/100|[from] item: Leftovers
|-heal|p1b: Gastrodon|31/100|[from] item: Leftovers
|upkeep
|turn|6
|-message|KogaAF1219 forfeited.
|
|win|Blu3falcon
|raw|KogaAF1219's rating: 1369 &rarr; <strong>1353</strong><br />(-16 for losing)
|raw|Blu3falcon's rating: 1442 &rarr; <strong>1458</strong><br />(+16 for winning)
|l|☆KogaAF1219
|player|p1|
|l|☆Blu3falcon
|player|p2|
