|j|☆szoob busziness
|j|☆GabyBaby22
|t:|1750743468
|gametype|doubles
|player|p1|szoob busziness|miku-ground|1150
|player|p2|GabyBaby22|170|1189
|teamsize|p1|6
|teamsize|p2|6
|gen|9
|tier|[Gen 9] VGC 2025 Reg I
|rated|
|rule|Species Clause: Limit one of each Pokémon
|rule|Item Clause: Limit 1 of each item
|clearpoke
|poke|p1|Regidrago, L50|
|poke|p1|Zacian-*, L50|
|poke|p1|Walking Wake, L50|
|poke|p1|Flutter Mane, L50|
|poke|p1|Indeedee-F, L50, F|
|poke|p1|Koraidon, L50|
|poke|p2|Kyogre, L50|
|poke|p2|Calyrex-Ice, L50|
|poke|p2|Dondozo, L50, M|
|poke|p2|Tatsugiri, L50, M|
|poke|p2|Ursaluna, L50, M|
|poke|p2|Basculegion, L50, M|
|teampreview|4
|
|t:|1750743481
|start
|switch|p1a: Regidrago|Regidrago, L50|100/100
|switch|p1b: Indeedee|Indeedee-F, L50, F|100/100
|switch|p2a: Kyogre|Kyogre, L50|100/100
|switch|p2b: Calyrex|Calyrex-Ice, L50|100/100
|-ability|p2b: Calyrex|As One
|-ability|p2b: Calyrex|Unnerve
|-fieldstart|move: Psychic Terrain|[from] ability: Psychic Surge|[of] p1b: Indeedee
|-weather|RainDance|[from] ability: Drizzle|[of] p2a: Kyogre
|turn|1
|inactive|Battle timer is ON: inactive players will automatically lose when time's up. (requested by szoob busziness)
|
|t:|1750743497
|-terastallize|p1a: Regidrago|Dragon
|move|p1b: Indeedee|Helping Hand|p1a: Regidrago
|-singleturn|p1a: Regidrago|Helping Hand|[of] p1b: Indeedee
|move|p1a: Regidrago|Dragon Energy|p2b: Calyrex|[spread] p2a,p2b
|-damage|p2a: Kyogre|3/100
|-damage|p2b: Calyrex|5/100
|move|p2a: Kyogre|Water Spout|p1a: Regidrago|[spread] p1a,p1b
|-resisted|p1a: Regidrago
|-damage|p1a: Regidrago|99/100
|-damage|p1b: Indeedee|98/100
|move|p2b: Calyrex|Trick Room|p2b: Calyrex
|-fieldstart|move: Trick Room|[of] p2b: Calyrex
|
|-weather|RainDance|[upkeep]
|upkeep
|turn|2
|
|t:|1750743518
|switch|p2a: Ursaluna|Ursaluna, L50, M|100/100
|switch|p1a: Flutter Mane|Flutter Mane, L50|100/100
|move|p2b: Calyrex|Glacial Lance|p1a: Flutter Mane|[spread] p1a,p1b
|-enditem|p1a: Flutter Mane|Focus Sash
|-damage|p1a: Flutter Mane|1/100
|-damage|p1b: Indeedee|20/100
|move|p1b: Indeedee|Trick Room|p1b: Indeedee
|-fieldend|move: Trick Room
|
|-weather|RainDance|[upkeep]
|-status|p2a: Ursaluna|brn|[from] item: Flame Orb
|upkeep
|turn|3
|
|t:|1750743539
|move|p2b: Calyrex|Protect|p2b: Calyrex
|-singleturn|p2b: Calyrex|Protect
|move|p1a: Flutter Mane|Shadow Ball|p2b: Calyrex
|-activate|p2b: Calyrex|move: Protect
|move|p1b: Indeedee|Imprison|p1b: Indeedee
|-start|p1b: Indeedee|move: Imprison
|move|p2a: Ursaluna|Earthquake|p1a: Flutter Mane|[spread] p1a,p1b
|-activate|p2b: Calyrex|move: Protect
|-damage|p1a: Flutter Mane|0 fnt
|-damage|p1b: Indeedee|0 fnt
|faint|p1a: Flutter Mane
|-end|p1a: Flutter Mane|Protosynthesis|[silent]
|faint|p1b: Indeedee
|
|-weather|RainDance|[upkeep]
|-damage|p2a: Ursaluna|95/100 brn|[from] brn
|upkeep
|
|t:|1750743555
|switch|p1a: Koraidon|Koraidon, L50|100/100
|switch|p1b: Regidrago|Regidrago, L50, tera:Dragon|99/100
|-weather|SunnyDay|[from] ability: Orichalcum Pulse|[of] p1a: Koraidon
|-activate|p1a: Koraidon|Orichalcum Pulse|[source]
|turn|4
|
|t:|1750743571
|switch|p2a: Kyogre|Kyogre, L50|3/100
|-weather|RainDance|[from] ability: Drizzle|[of] p2a: Kyogre
|move|p1b: Regidrago|Dragon Energy|p2b: Calyrex|[spread] p2a,p2b
|-damage|p2a: Kyogre|0 fnt
|-damage|p2b: Calyrex|0 fnt
|faint|p2a: Kyogre
|faint|p2b: Calyrex
|move|p1a: Koraidon|Close Combat|p2: Kyogre|[notarget]
|-fail|p1a: Koraidon
|
|-weather|RainDance|[upkeep]
|upkeep
|
|t:|1750743583
|switch|p2a: Ursaluna|Ursaluna, L50, M|95/100 brn
|switch|p2b: Basculegion|Basculegion, L50, M|100/100
|turn|5
|
|t:|1750743594
|-terastallize|p2a: Ursaluna|Ghost
|move|p2b: Basculegion|Protect|p2b: Basculegion
|-singleturn|p2b: Basculegion|Protect
|move|p1b: Regidrago|Dragon Energy|p2a: Ursaluna|[spread] p2a
|-activate|p2b: Basculegion|move: Protect
|-damage|p2a: Ursaluna|0 fnt
|faint|p2a: Ursaluna
|move|p1a: Koraidon|Flare Blitz|p2b: Basculegion
|-activate|p2b: Basculegion|move: Protect
|
|-weather|RainDance|[upkeep]
|-fieldend|move: Psychic Terrain
|upkeep
|turn|6
|
|t:|1750743609
|move|p1b: Regidrago|Dragon Energy|p2b: Basculegion
|-damage|p2b: Basculegion|0 fnt
|faint|p2b: Basculegion
|
|win|szoob busziness
|raw|szoob busziness's rating: 1150 &rarr; <strong>1178</strong><br />(+28 for winning)
|raw|GabyBaby22's rating: 1189 &rarr; <strong>1161</strong><br />(-28 for losing)
|l|☆szoob busziness
|player|p1|
|l|☆GabyBaby22
|player|p2|
