|j|☆eleffele
|j|☆pabloam2006
|t:|1750849277
|gametype|doubles
|player|p1|eleffele|102|1720
|player|p2|pabloam2006|skyla|1693
|teamsize|p1|6
|teamsize|p2|6
|gen|9
|tier|[Gen 9] VGC 2025 Reg I
|rated|
|rule|Species Clause: Limit one of each Pokémon
|rule|Item Clause: Limit 1 of each item
|clearpoke
|poke|p1|Incineroar, L50, M|
|poke|p1|Lunala, L50|
|poke|p1|Zamazenta-*, L50|
|poke|p1|Amoonguss, L50, F|
|poke|p1|Indeedee-F, L50, F|
|poke|p1|Tornadus, L50, M|
|poke|p2|Tornadus, L50, M|
|poke|p2|Smeargle, L50, F|
|poke|p2|Calyrex-Shadow, L50|
|poke|p2|Raging Bolt, L50|
|poke|p2|Zamazenta-*, L50|
|poke|p2|Rillaboom, L50, M|
|teampreview|4
|inactive|Battle timer is ON: inactive players will automatically lose when time's up. (requested by eleffele)
|inactive|eleffele has 60 seconds left.
|inactive|eleffele has 30 seconds left.
|inactive|eleffele has 20 seconds left.
|inactive|eleffele has 15 seconds left.
|inactive|eleffele has 10 seconds left.
|
|t:|1750849361
|start
|switch|p1a: Incineroar|Incineroar, L50, M|100/100
|switch|p1b: Lunala|Lunala, L50|100/100
|switch|p2a: Raging Bolt|Raging Bolt, L50|100/100
|switch|p2b: Zamazenta|Zamazenta-Crowned, L50|100/100
|-ability|p2b: Zamazenta|Dauntless Shield|boost
|-boost|p2b: Zamazenta|def|1
|-ability|p1a: Incineroar|Intimidate|boost
|-unboost|p2a: Raging Bolt|atk|1
|-unboost|p2b: Zamazenta|atk|1
|-enditem|p2a: Raging Bolt|Booster Energy
|-activate|p2a: Raging Bolt|ability: Protosynthesis|[fromitem]
|-start|p2a: Raging Bolt|protosynthesisspa
|turn|1
|inactive|eleffele has 30 seconds left.
|inactive|pabloam2006 has 30 seconds left.
|inactive|eleffele has 20 seconds left.
|inactive|pabloam2006 has 20 seconds left.
|inactive|eleffele has 15 seconds left.
|
|t:|1750849402
|-terastallize|p1b: Lunala|Fairy
|move|p1a: Incineroar|Fake Out|p2b: Zamazenta
|-resisted|p2b: Zamazenta
|-damage|p2b: Zamazenta|99/100
|cant|p2b: Zamazenta|flinch
|move|p2a: Raging Bolt|Thunderbolt|p1b: Lunala
|-damage|p1b: Lunala|77/100
|move|p1b: Lunala|Trick Room|p1b: Lunala
|-fieldstart|move: Trick Room|[of] p1b: Lunala
|
|upkeep
|turn|2
|
|t:|1750849416
|move|p1a: Incineroar|Will-O-Wisp|p2b: Zamazenta
|-status|p2b: Zamazenta|brn
|move|p2a: Raging Bolt|Thunderbolt|p1b: Lunala
|-damage|p1b: Lunala|28/100
|move|p1b: Lunala|Meteor Beam||[still]
|-prepare|p1b: Lunala|Meteor Beam
|-boost|p1b: Lunala|spa|1
|-enditem|p1b: Lunala|Power Herb
|-anim|p1b: Lunala|Meteor Beam|p2a: Raging Bolt
|-damage|p2a: Raging Bolt|41/100
|move|p2b: Zamazenta|Body Press|p1a: Incineroar
|-supereffective|p1a: Incineroar
|-damage|p1a: Incineroar|41/100
|
|-damage|p2b: Zamazenta|93/100 brn|[from] brn
|upkeep
|turn|3
|inactive|eleffele has 30 seconds left.
|inactive|eleffele has 20 seconds left.
|
|t:|1750849455
|switch|p1b: Amoonguss|Amoonguss, L50, F|100/100
|move|p1a: Incineroar|U-turn|p2a: Raging Bolt
|-damage|p2a: Raging Bolt|26/100
|
|t:|1750849460
|switch|p1a: Lunala|Lunala, L50, tera:Fairy|28/100|[from] U-turn
|move|p2a: Raging Bolt|Thunderbolt|p1b: Amoonguss
|-resisted|p1b: Amoonguss
|-damage|p1b: Amoonguss|72/100
|move|p2b: Zamazenta|Body Press|p1a: Lunala
|-resisted|p1a: Lunala
|-damage|p1a: Lunala|14/100
|
|-damage|p2b: Zamazenta|86/100 brn|[from] brn
|upkeep
|turn|4
|
|t:|1750849481
|-end|p2a: Raging Bolt|Protosynthesis|[silent]
|switch|p2a: Rillaboom|Rillaboom, L50, M|100/100
|-fieldstart|move: Grassy Terrain|[from] ability: Grassy Surge|[of] p2a: Rillaboom
|switch|p1a: Zamazenta|Zamazenta-Crowned, L50|100/100
|-ability|p1a: Zamazenta|Dauntless Shield|boost
|-boost|p1a: Zamazenta|def|1
|-terastallize|p2b: Zamazenta|Grass
|move|p1b: Amoonguss|Spore|p2a: Rillaboom
|-immune|p2a: Rillaboom
|move|p2b: Zamazenta|Heavy Slam|p1a: Zamazenta
|-resisted|p1a: Zamazenta
|-damage|p1a: Zamazenta|99/100
|
|-heal|p1b: Amoonguss|78/100|[from] Grassy Terrain
|-heal|p2b: Zamazenta|93/100 brn|[from] Grassy Terrain
|-heal|p1a: Zamazenta|100/100|[from] Grassy Terrain
|-damage|p2b: Zamazenta|86/100 brn|[from] brn
|upkeep
|turn|5
|
|t:|1750849503
|move|p1b: Amoonguss|Spore|p2b: Zamazenta
|-immune|p2b: Zamazenta
|move|p2a: Rillaboom|U-turn|p1b: Amoonguss
|-damage|p1b: Amoonguss|57/100
|-damage|p2a: Rillaboom|84/100|[from] item: Rocky Helmet|[of] p1b: Amoonguss
|
|t:|1750849509
|switch|p2a: Calyrex|Calyrex-Shadow, L50|100/100|[from] U-turn
|-ability|p2a: Calyrex|As One
|-ability|p2a: Calyrex|Unnerve
|move|p2b: Zamazenta|Body Press|p1a: Zamazenta
|-supereffective|p1a: Zamazenta
|-damage|p1a: Zamazenta|71/100
|move|p1a: Zamazenta|Iron Defense|p1a: Zamazenta
|-boost|p1a: Zamazenta|def|2
|
|-heal|p1b: Amoonguss|63/100|[from] Grassy Terrain
|-heal|p2b: Zamazenta|93/100 brn|[from] Grassy Terrain
|-heal|p1a: Zamazenta|76/100|[from] Grassy Terrain
|-damage|p2b: Zamazenta|86/100 brn|[from] brn
|-fieldend|move: Trick Room
|upkeep
|turn|6
|inactive|eleffele has 30 seconds left.
|
|t:|1750849539
|switch|p1b: Incineroar|Incineroar, L50, M|41/100
|-ability|p1b: Incineroar|Intimidate|boost
|-unboost|p2a: Calyrex|atk|1
|-unboost|p2b: Zamazenta|atk|1
|move|p2a: Calyrex|Psychic|p1b: Incineroar
|-immune|p1b: Incineroar
|move|p1a: Zamazenta|Heavy Slam|p2a: Calyrex
|-damage|p2a: Calyrex|44/100
|move|p2b: Zamazenta|Body Press|p1a: Zamazenta
|-supereffective|p1a: Zamazenta
|-damage|p1a: Zamazenta|59/100
|
|-heal|p2a: Calyrex|50/100|[from] Grassy Terrain
|-heal|p1a: Zamazenta|64/100|[from] Grassy Terrain
|-heal|p2b: Zamazenta|93/100 brn|[from] Grassy Terrain
|-heal|p1b: Incineroar|47/100|[from] Grassy Terrain
|-damage|p2b: Zamazenta|86/100 brn|[from] brn
|upkeep
|turn|7
|inactive|eleffele has 30 seconds left.
|inactive|eleffele has 20 seconds left.
|inactive|eleffele has 15 seconds left.
|
|t:|1750849581
|move|p2a: Calyrex|Astral Barrage|p1a: Zamazenta|[spread] p1a,p1b
|-resisted|p1b: Incineroar
|-damage|p1a: Zamazenta|11/100
|-damage|p1b: Incineroar|21/100
|-damage|p2a: Calyrex|40/100|[from] item: Life Orb
|move|p1a: Zamazenta|Body Press|p2b: Zamazenta
|-damage|p2b: Zamazenta|48/100 brn
|move|p2b: Zamazenta|Body Press|p1b: Incineroar
|-supereffective|p1b: Incineroar
|-damage|p1b: Incineroar|0 fnt
|faint|p1b: Incineroar
|
|-heal|p2a: Calyrex|46/100|[from] Grassy Terrain
|-heal|p1a: Zamazenta|17/100|[from] Grassy Terrain
|-heal|p2b: Zamazenta|55/100 brn|[from] Grassy Terrain
|-damage|p2b: Zamazenta|48/100 brn|[from] brn
|upkeep
|inactive|eleffele has 30 seconds left.
|
|t:|1750849607
|switch|p1b: Lunala|Lunala, L50, tera:Fairy|14/100
|turn|8
|inactive|eleffele has 30 seconds left.
|
|t:|1750849642
|move|p2a: Calyrex|Psychic|p1a: Zamazenta
|-damage|p1a: Zamazenta|0 fnt
|faint|p1a: Zamazenta
|-ability|p2a: Calyrex|Grim Neigh|boost
|-boost|p2a: Calyrex|spa|1
|-damage|p2a: Calyrex|36/100|[from] item: Life Orb
|move|p2b: Zamazenta|Heavy Slam|p1b: Lunala
|-supereffective|p1b: Lunala
|-damage|p1b: Lunala|0 fnt
|faint|p1b: Lunala
|
|-heal|p2a: Calyrex|42/100|[from] Grassy Terrain
|-heal|p2b: Zamazenta|55/100 brn|[from] Grassy Terrain
|-damage|p2b: Zamazenta|48/100 brn|[from] brn
|-fieldend|move: Grassy Terrain
|upkeep
|
|t:|1750849651
|switch|p1b: Amoonguss|Amoonguss, L50, F|96/100
|turn|9
|inactive|pabloam2006 has 30 seconds left.
|
|t:|1750849678
|move|p1b: Amoonguss|Protect|p1b: Amoonguss
|-singleturn|p1b: Amoonguss|Protect
|move|p2a: Calyrex|Psychic|p1b: Amoonguss
|-activate|p1b: Amoonguss|move: Protect
|move|p2b: Zamazenta|Body Press|p1b: Amoonguss
|-activate|p1b: Amoonguss|move: Protect
|
|-damage|p2b: Zamazenta|42/100 brn|[from] brn
|upkeep
|turn|10
|
|t:|1750849683
|move|p2a: Calyrex|Psychic|p1b: Amoonguss
|-supereffective|p1b: Amoonguss
|-crit|p1b: Amoonguss
|-damage|p1b: Amoonguss|0 fnt
|faint|p1b: Amoonguss
|-damage|p2a: Calyrex|32/100|[from] item: Life Orb
|
|win|pabloam2006
|raw|eleffele's rating: 1720 &rarr; <strong>1698</strong><br />(-22 for losing)
|raw|pabloam2006's rating: 1693 &rarr; <strong>1715</strong><br />(+22 for winning)
|l|☆pabloam2006
|player|p2|
