|j|☆drake412
|j|☆Ijnk
|t:|1750843156
|gametype|doubles
|player|p1|drake412|265|1394
|player|p2|Ijnk|1|1320
|teamsize|p1|6
|teamsize|p2|6
|gen|9
|tier|[Gen 9] VGC 2025 Reg I
|rated|
|rule|Species Clause: Limit one of each Pokémon
|rule|Item Clause: Limit 1 of each item
|clearpoke
|poke|p1|Koraidon, L50|
|poke|p1|Flutter Mane, L50|
|poke|p1|Ogerpon-Wellspring, L50, F|
|poke|p1|Calyrex-Shadow, L50|
|poke|p1|Indeedee-F, L50, F|
|poke|p1|Incineroar, L50, F|
|poke|p2|Eternatus, L50|
|poke|p2|Calyrex-Ice, L50|
|poke|p2|Grimmsnarl, L50, M|
|poke|p2|Thundurus-Therian, L50, M|
|poke|p2|Enamorus-Therian, L50, F|
|poke|p2|Incineroar, L50, M|
|teampreview|4
|
|t:|1750843191
|start
|switch|p1a: Koraidon|Koraidon, L50|100/100
|switch|p1b: Flutter Mane|Flutter Mane, L50|100/100
|switch|p2a: Grimmsnarl|Grimmsnarl, L50, M|100/100
|switch|p2b: Thundurus|Thundurus-Therian, L50, M|100/100
|-weather|SunnyDay|[from] ability: Orichalcum Pulse|[of] p1a: Koraidon
|-activate|p1b: Flutter Mane|ability: Protosynthesis
|-start|p1b: Flutter Mane|protosynthesisspe
|-activate|p1a: Koraidon|Orichalcum Pulse|[source]
|turn|1
|
|t:|1750843227
|move|p2a: Grimmsnarl|Reflect|p2a: Grimmsnarl
|-sidestart|p2: Ijnk|Reflect
|move|p1b: Flutter Mane|Moonblast|p2a: Grimmsnarl
|-supereffective|p2a: Grimmsnarl
|-damage|p2a: Grimmsnarl|5/100
|move|p2b: Thundurus|Volt Switch|p1b: Flutter Mane
|-damage|p1b: Flutter Mane|58/100
|
|t:|1750843240
|switch|p2b: Eternatus|Eternatus, L50|100/100|[from] Volt Switch
|-ability|p2b: Eternatus|Pressure
|move|p1a: Koraidon|Flare Blitz|p2a: Grimmsnarl
|-damage|p2a: Grimmsnarl|0 fnt
|faint|p2a: Grimmsnarl
|-damage|p1a: Koraidon|99/100|[from] Recoil
|-damage|p1a: Koraidon|89/100|[from] item: Life Orb
|
|-weather|SunnyDay|[upkeep]
|upkeep
|
|t:|1750843249
|switch|p2a: Calyrex|Calyrex-Ice, L50|100/100
|-ability|p2a: Calyrex|As One
|-ability|p2a: Calyrex|Unnerve
|turn|2
|
|t:|1750843260
|move|p1b: Flutter Mane|Protect|p1b: Flutter Mane
|-singleturn|p1b: Flutter Mane|Protect
|move|p1a: Koraidon|Protect|p1a: Koraidon
|-singleturn|p1a: Koraidon|Protect
|move|p2a: Calyrex|Protect|p2a: Calyrex
|-singleturn|p2a: Calyrex|Protect
|move|p2b: Eternatus|Cosmic Power|p2b: Eternatus
|-boost|p2b: Eternatus|def|1
|-boost|p2b: Eternatus|spd|1
|
|-weather|SunnyDay|[upkeep]
|upkeep
|turn|3
|
|t:|1750843305
|switch|p2a: Thundurus|Thundurus-Therian, L50, M|100/100
|move|p1b: Flutter Mane|Shadow Ball|p2a: Thundurus
|-damage|p2a: Thundurus|40/100
|move|p1a: Koraidon|Flare Blitz|p2a: Thundurus
|-damage|p2a: Thundurus|0 fnt
|faint|p2a: Thundurus
|-damage|p1a: Koraidon|78/100|[from] Recoil
|-damage|p1a: Koraidon|68/100|[from] item: Life Orb
|move|p2b: Eternatus|Cosmic Power|p2b: Eternatus
|-boost|p2b: Eternatus|def|1
|-boost|p2b: Eternatus|spd|1
|
|-weather|SunnyDay|[upkeep]
|upkeep
|
|t:|1750843320
|switch|p2a: Calyrex|Calyrex-Ice, L50|100/100
|-ability|p2a: Calyrex|As One
|-ability|p2a: Calyrex|Unnerve
|turn|4
|inactive|Battle timer is ON: inactive players will automatically lose when time's up. (requested by Ijnk)
|
|t:|1750843351
|switch|p1a: Incineroar|Incineroar, L50, F|100/100
|-ability|p1a: Incineroar|Intimidate|boost
|-unboost|p2a: Calyrex|atk|1
|-unboost|p2b: Eternatus|atk|1
|move|p1b: Flutter Mane|Shadow Ball|p2a: Calyrex
|-supereffective|p2a: Calyrex
|-damage|p2a: Calyrex|56/100
|move|p2b: Eternatus|Cosmic Power|p2b: Eternatus
|-boost|p2b: Eternatus|def|1
|-boost|p2b: Eternatus|spd|1
|move|p2a: Calyrex|Iron Defense|p2a: Calyrex
|-boost|p2a: Calyrex|def|2
|
|-weather|SunnyDay|[upkeep]
|upkeep
|turn|5
|inactive|drake412 has 30 seconds left.
|
|t:|1750843377
|move|p2a: Calyrex|Protect|p2a: Calyrex
|-singleturn|p2a: Calyrex|Protect
|move|p1a: Incineroar|Fake Out|p2b: Eternatus
|-damage|p2b: Eternatus|99/100
|move|p1b: Flutter Mane|Shadow Ball|p2a: Calyrex
|-activate|p2a: Calyrex|move: Protect
|cant|p2b: Eternatus|flinch
|
|-weather|none
|-end|p1b: Flutter Mane|Protosynthesis
|-heal|p2b: Eternatus|100/100|[from] item: Leftovers
|upkeep
|turn|6
|inactive|Ijnk has 30 seconds left.
|
|t:|1750843403
|-terastallize|p2a: Calyrex|Grass
|move|p1b: Flutter Mane|Shadow Ball|p2a: Calyrex
|-damage|p2a: Calyrex|33/100
|-enditem|p2a: Calyrex|Sitrus Berry|[eat]
|-heal|p2a: Calyrex|58/100|[from] item: Sitrus Berry
|move|p2b: Eternatus|Toxic|p1a: Incineroar
|-status|p1a: Incineroar|tox
|move|p1a: Incineroar|Knock Off|p2a: Calyrex
|-damage|p2a: Calyrex|52/100
|move|p2a: Calyrex|Leech Seed|p1b: Flutter Mane
|-start|p1b: Flutter Mane|move: Leech Seed
|
|-damage|p1b: Flutter Mane|46/100|[from] Leech Seed|[of] p2a: Calyrex
|-heal|p2a: Calyrex|59/100|[silent]
|-damage|p1a: Incineroar|95/100 tox|[from] psn
|upkeep
|turn|7
|
|t:|1750843423
|-end|p1b: Flutter Mane|Protosynthesis|[silent]
|switch|p1b: Koraidon|Koraidon, L50|68/100
|-weather|SunnyDay|[from] ability: Orichalcum Pulse|[of] p1b: Koraidon
|-activate|p1b: Koraidon|Orichalcum Pulse|[source]
|move|p2b: Eternatus|Cosmic Power|p2b: Eternatus
|-boost|p2b: Eternatus|def|1
|-boost|p2b: Eternatus|spd|1
|move|p1a: Incineroar|U-turn|p2a: Calyrex
|-supereffective|p2a: Calyrex
|-damage|p2a: Calyrex|52/100
|
|t:|1750843438
|switch|p1a: Calyrex|Calyrex-Shadow, L50|100/100|[from] U-turn
|-ability|p1a: Calyrex|As One
|-ability|p1a: Calyrex|Unnerve
|move|p2a: Calyrex|Iron Defense|p2a: Calyrex
|-boost|p2a: Calyrex|def|2
|
|-weather|SunnyDay|[upkeep]
|upkeep
|turn|8
|inactive|drake412 has 30 seconds left.
|
|t:|1750843466
|move|p2a: Calyrex|Protect|p2a: Calyrex
|-singleturn|p2a: Calyrex|Protect
|move|p1a: Calyrex|Astral Barrage|p2a: Calyrex|[spread] p2b
|-activate|p2a: Calyrex|move: Protect
|-damage|p2b: Eternatus|86/100
|move|p1b: Koraidon|Flare Blitz|p2a: Calyrex
|-activate|p2a: Calyrex|move: Protect
|move|p2b: Eternatus|Toxic|p1a: Calyrex
|-status|p1a: Calyrex|tox
|
|-weather|SunnyDay|[upkeep]
|-heal|p2b: Eternatus|92/100|[from] item: Leftovers
|-damage|p1a: Calyrex|94/100 tox|[from] psn
|-sideend|p2: Ijnk|Reflect
|upkeep
|turn|9
|
|t:|1750843490
|move|p1a: Calyrex|Astral Barrage|p2b: Eternatus|[spread] p2a,p2b
|-damage|p2a: Calyrex|18/100
|-damage|p2b: Eternatus|78/100
|move|p1b: Koraidon|Flare Blitz|p2a: Calyrex
|-supereffective|p2a: Calyrex
|-crit|p2a: Calyrex
|-damage|p2a: Calyrex|0 fnt
|faint|p2a: Calyrex
|-damage|p1b: Koraidon|61/100|[from] Recoil
|-damage|p1b: Koraidon|52/100|[from] item: Life Orb
|move|p2b: Eternatus|Cosmic Power|p2b: Eternatus
|-boost|p2b: Eternatus|def|1
|-boost|p2b: Eternatus|spd|1
|
|-weather|SunnyDay|[upkeep]
|-heal|p2b: Eternatus|84/100|[from] item: Leftovers
|-damage|p1a: Calyrex|82/100 tox|[from] psn
|upkeep
|turn|10
|
|t:|1750843511
|switch|p1b: Incineroar|Incineroar, L50, F|95/100 tox
|-ability|p1b: Incineroar|Intimidate|boost
|-unboost|p2b: Eternatus|atk|1
|move|p1a: Calyrex|Expanding Force|p2b: Eternatus
|-supereffective|p2b: Eternatus
|-damage|p2b: Eternatus|64/100
|move|p2b: Eternatus|Toxic|p1b: Incineroar
|-fail|p1b: Incineroar|tox
|
|-weather|SunnyDay|[upkeep]
|-heal|p2b: Eternatus|70/100|[from] item: Leftovers
|-damage|p1a: Calyrex|63/100 tox|[from] psn
|-damage|p1b: Incineroar|89/100 tox|[from] psn
|upkeep
|turn|11
|
|t:|1750843525
|switch|p1a: Flutter Mane|Flutter Mane, L50|46/100
|-activate|p1a: Flutter Mane|ability: Protosynthesis
|-start|p1a: Flutter Mane|protosynthesisspe
|move|p2b: Eternatus|Protect|p2b: Eternatus
|-singleturn|p2b: Eternatus|Protect
|move|p1b: Incineroar|Knock Off|p2b: Eternatus
|-activate|p2b: Eternatus|move: Protect
|
|-weather|none
|-end|p1a: Flutter Mane|Protosynthesis
|-heal|p2b: Eternatus|76/100|[from] item: Leftovers
|-damage|p1b: Incineroar|77/100 tox|[from] psn
|upkeep
|turn|12
|
|t:|1750843539
|move|p1a: Flutter Mane|Icy Wind|p2b: Eternatus
|-supereffective|p2b: Eternatus
|-damage|p2b: Eternatus|68/100
|-unboost|p2b: Eternatus|spe|1
|move|p2b: Eternatus|Toxic|p1a: Flutter Mane
|-status|p1a: Flutter Mane|tox
|move|p1b: Incineroar|Knock Off|p2b: Eternatus
|-damage|p2b: Eternatus|61/100
|-enditem|p2b: Eternatus|Leftovers|[from] move: Knock Off|[of] p1b: Incineroar
|
|-damage|p1a: Flutter Mane|40/100 tox|[from] psn
|-damage|p1b: Incineroar|59/100 tox|[from] psn
|upkeep
|turn|13
|
|t:|1750843563
|switch|p1b: Koraidon|Koraidon, L50|52/100
|-weather|SunnyDay|[from] ability: Orichalcum Pulse|[of] p1b: Koraidon
|-activate|p1a: Flutter Mane|ability: Protosynthesis
|-start|p1a: Flutter Mane|protosynthesisspe
|-activate|p1b: Koraidon|Orichalcum Pulse|[source]
|move|p1a: Flutter Mane|Icy Wind|p2b: Eternatus
|-supereffective|p2b: Eternatus
|-damage|p2b: Eternatus|52/100
|-unboost|p2b: Eternatus|spe|1
|move|p2b: Eternatus|Recover|p2b: Eternatus
|-heal|p2b: Eternatus|100/100
|
|-weather|SunnyDay|[upkeep]
|-damage|p1a: Flutter Mane|27/100 tox|[from] psn
|upkeep
|turn|14
|inactive|drake412 has 30 seconds left.
|
|t:|1750843596
|move|p1b: Koraidon|Protect|p1b: Koraidon
|-singleturn|p1b: Koraidon|Protect
|move|p1a: Flutter Mane|Icy Wind|p2b: Eternatus
|-supereffective|p2b: Eternatus
|-damage|p2b: Eternatus|92/100
|-unboost|p2b: Eternatus|spe|1
|move|p2b: Eternatus|Cosmic Power|p2b: Eternatus
|-boost|p2b: Eternatus|def|1
|-boost|p2b: Eternatus|spd|1
|
|-weather|SunnyDay|[upkeep]
|-damage|p1a: Flutter Mane|9/100 tox|[from] psn
|upkeep
|turn|15
|
|t:|1750843614
|switch|p1b: Incineroar|Incineroar, L50, F|59/100 tox
|-ability|p1b: Incineroar|Intimidate|boost
|-unboost|p2b: Eternatus|atk|1
|move|p1a: Flutter Mane|Moonblast|p2b: Eternatus
|-damage|p2b: Eternatus|83/100
|-unboost|p2b: Eternatus|spa|1
|move|p2b: Eternatus|Toxic|p1b: Incineroar
|-fail|p1b: Incineroar|tox
|
|-weather|SunnyDay|[upkeep]
|-damage|p1a: Flutter Mane|0 fnt|[from] psn
|faint|p1a: Flutter Mane
|-end|p1a: Flutter Mane|Protosynthesis|[silent]
|-damage|p1b: Incineroar|53/100 tox|[from] psn
|upkeep
|
|t:|1750843632
|switch|p1a: Koraidon|Koraidon, L50|52/100
|-activate|p1a: Koraidon|ability: Orichalcum Pulse
|turn|16
|
|t:|1750843654
|-terastallize|p1a: Koraidon|Fire
|move|p2b: Eternatus|Protect|p2b: Eternatus
|-singleturn|p2b: Eternatus|Protect
|move|p1b: Incineroar|Fake Out|p2b: Eternatus
|-activate|p2b: Eternatus|move: Protect
|move|p1a: Koraidon|Flare Blitz|p2b: Eternatus
|-activate|p2b: Eternatus|move: Protect
|
|-weather|SunnyDay|[upkeep]
|-damage|p1b: Incineroar|41/100 tox|[from] psn
|upkeep
|turn|17
|
|t:|1750843667
|move|p1a: Koraidon|Flare Blitz|p2b: Eternatus
|-resisted|p2b: Eternatus
|-damage|p2b: Eternatus|69/100
|-damage|p1a: Koraidon|45/100|[from] Recoil
|-damage|p1a: Koraidon|36/100|[from] item: Life Orb
|move|p1b: Incineroar|Flare Blitz|p2b: Eternatus
|-resisted|p2b: Eternatus
|-damage|p2b: Eternatus|62/100
|-damage|p1b: Incineroar|39/100 tox|[from] Recoil
|move|p2b: Eternatus|Recover|p2b: Eternatus
|-heal|p2b: Eternatus|100/100
|
|-weather|none
|-damage|p1b: Incineroar|21/100 tox|[from] psn
|upkeep
|turn|18
|inactive|drake412 has 30 seconds left.
|
|t:|1750843695
|switch|p1a: Calyrex|Calyrex-Shadow, L50|63/100 tox
|-ability|p1a: Calyrex|As One
|-ability|p1a: Calyrex|Unnerve
|move|p1b: Incineroar|U-turn|p2b: Eternatus
|-resisted|p2b: Eternatus
|-damage|p2b: Eternatus|99/100
|
|t:|1750843702
|switch|p1b: Koraidon|Koraidon, L50, tera:Fire|36/100|[from] U-turn
|-weather|SunnyDay|[from] ability: Orichalcum Pulse|[of] p1b: Koraidon
|-activate|p1b: Koraidon|Orichalcum Pulse|[source]
|move|p2b: Eternatus|Toxic|p1a: Calyrex
|-fail|p1a: Calyrex|tox
|
|-weather|SunnyDay|[upkeep]
|-damage|p1a: Calyrex|57/100 tox|[from] psn
|upkeep
|turn|19
|
|t:|1750843717
|move|p1a: Calyrex|Expanding Force|p2b: Eternatus
|-supereffective|p2b: Eternatus
|-damage|p2b: Eternatus|82/100
|move|p1b: Koraidon|Flare Blitz|p2b: Eternatus
|-resisted|p2b: Eternatus
|-damage|p2b: Eternatus|66/100
|-damage|p1b: Koraidon|29/100|[from] Recoil
|-damage|p1b: Koraidon|20/100|[from] item: Life Orb
|move|p2b: Eternatus|Toxic|p1b: Koraidon
|-status|p1b: Koraidon|tox
|
|-weather|SunnyDay|[upkeep]
|-damage|p1a: Calyrex|44/100 tox|[from] psn
|-damage|p1b: Koraidon|14/100 tox|[from] psn
|upkeep
|turn|20
|-message|drake412 forfeited.
|
|win|Ijnk
|raw|drake412's rating: 1394 &rarr; <strong>1370</strong><br />(-24 for losing)
|raw|Ijnk's rating: 1320 &rarr; <strong>1344</strong><br />(+24 for winning)
|l|☆drake412
|player|p1|
|l|☆Ijnk
|player|p2|
